<alto xmlns="http://www.loc.gov/standards/alto/ns-v3#" xmlns:xsi="http://www.w3.org/2001/XMLSchema-instance" xsi:schemaLocation="http://www.loc.gov/standards/alto/ns-v3# http://www.loc.gov/alto/v3/alto-3-0.xsd"><Description>
<MeasurementUnit>pixel</MeasurementUnit>
<sourceImageInformation>
<fileName>1935_v32_Part1.pdf</fileName>
</sourceImageInformation>
<OCRProcessing ID="IdOcr">
<ocrProcessingStep>
<processingDateTime>2019-01-15</processingDateTime>
<processingSoftware>
<softwareCreator>ABBYY</softwareCreator>
<softwareName>ABBYY Recognition Server</softwareName>
<softwareVersion>4.0</softwareVersion>
</processingSoftware>
</ocrProcessingStep>
</OCRProcessing>
</Description>
<Styles>
<ParagraphStyle ALIGN="Left" FIRSTLINE="0." ID="StyleId-FFFFFFFF-FFFF-FFFF-FFFF-FFFFFFFFFFFF-" LEFT="0." RIGHT="0." />
<ParagraphStyle ALIGN="Left" FIRSTLINE="0." ID="StyleId-09A13A44-4F77-4ABE-84F3-84CC8B3C72CE-" LEFT="0." LINESPACE="7.699999809" RIGHT="0." />
<ParagraphStyle ALIGN="Left" FIRSTLINE="-10." ID="StyleId-1F945060-F8CD-4435-B69A-5FF49DB0C586-" LEFT="0." LINESPACE="12.19999981" RIGHT="0." />
<ParagraphStyle ALIGN="Block" FIRSTLINE="-14." ID="StyleId-C6CAE747-F5A4-4D0D-8D74-D452DA7E2C1C-" LEFT="0." LINESPACE="8.350000381" RIGHT="0." />
<ParagraphStyle ALIGN="Left" FIRSTLINE="0." ID="StyleId-FC0F3374-189A-459E-BE29-2DC14180F022-" LEFT="0." RIGHT="0." />
<ParagraphStyle ALIGN="Left" FIRSTLINE="-12." ID="StyleId-49397C49-A894-4B3E-BA5E-1126226BA375-" LEFT="0." LINESPACE="11.09000015" RIGHT="0." />
<ParagraphStyle ALIGN="Block" FIRSTLINE="-14." ID="StyleId-9E34DD3A-E661-48BD-A3A1-6A3D48346F00-" LEFT="0." LINESPACE="11.09000015" RIGHT="0." />
<ParagraphStyle ALIGN="Left" FIRSTLINE="0." ID="StyleId-56CE54AA-A08B-4BAA-8605-F26020A0E36E-" LEFT="0." LINESPACE="9.399999619" RIGHT="0." />
<ParagraphStyle ALIGN="Left" FIRSTLINE="-11." ID="StyleId-77814FFC-C42F-4AA9-9880-EF33B947DEC8-" LEFT="0." LINESPACE="11.06999969" RIGHT="0." />
<ParagraphStyle ALIGN="Center" FIRSTLINE="0." ID="StyleId-FDE92EC0-67DC-4C7B-8A24-094B12C38B6C-" LEFT="0." LINESPACE="11.30000019" RIGHT="0." />
<ParagraphStyle ALIGN="Left" FIRSTLINE="0." ID="StyleId-65180E3B-4C93-4FB8-81EE-E026DD63DBF3-" LEFT="0." LINESPACE="11.10000038" RIGHT="0." />
<ParagraphStyle ALIGN="Left" FIRSTLINE="0." ID="StyleId-10E885C2-5813-4620-B0AA-0FBA30CF7A32-" LEFT="0." LINESPACE="9.5" RIGHT="0." />
<ParagraphStyle ALIGN="Left" FIRSTLINE="0." ID="StyleId-913C2DB5-9F02-4067-BAF7-0AED37B60BBE-" LEFT="0." LINESPACE="6.099999905" RIGHT="0." />
<ParagraphStyle ALIGN="Left" FIRSTLINE="0." ID="StyleId-9C79A9D2-8F08-4A8F-985D-B00E253ED1E5-" LEFT="0." LINESPACE="4.400000095" RIGHT="0." />
<ParagraphStyle ALIGN="Left" FIRSTLINE="0." ID="StyleId-A41F0407-FEFE-4738-9EC5-E05AFFF62781-" LEFT="0." LINESPACE="7.300000191" RIGHT="0." />
<ParagraphStyle ALIGN="Left" FIRSTLINE="0." ID="StyleId-61D37176-94E8-408D-9B87-01C406CE8AB2-" LEFT="0." LINESPACE="8.050000191" RIGHT="0." />
</Styles>
<Layout>
<Page HEIGHT="4375" ID="Page623" PHYSICAL_IMG_NR="623" WIDTH="2424">
<TopMargin HEIGHT="424" HPOS="0" VPOS="0" WIDTH="2424">
</TopMargin>
<LeftMargin HEIGHT="3693" HPOS="0" VPOS="424" WIDTH="57">
</LeftMargin>
<RightMargin HEIGHT="3693" HPOS="2091" VPOS="424" WIDTH="333">
</RightMargin>
<BottomMargin HEIGHT="258" HPOS="0" VPOS="4117" WIDTH="2424">
</BottomMargin>
<PrintSpace HEIGHT="3693" HPOS="57" VPOS="424" WIDTH="2034">
<TextBlock HEIGHT="70" HPOS="1027" ID="Page623_Block1" LANG="en-US" STYLEREFS="StyleId-46E23488-CA2F-464F-A01E-755AE7E5E421-" VPOS="4047" WIDTH="120">
<TextLine HEIGHT="48" HPOS="1038" VPOS="4058" WIDTH="99">
<String CONTENT="623" HEIGHT="48" HPOS="1038" VPOS="4058" WIDTH="99" />
</TextLine>
</TextBlock>
<TextBlock CS="1" HEIGHT="3628" HPOS="57" ID="Page623_Block2" LANG="en-US" STYLEREFS="StyleId-0F63B451-F325-4193-ADF6-452BF5E0804B-" VPOS="424" WIDTH="2034">
<Shape>
<Polygon POINTS="1947,424 2081,424 2081,529 2082,529 2082,897 2083,897 2083,1266 2084,1266 2084,1634 2085,1634 2085,2002 2086,2002 2086,2370 2087,2370 2087,2738 2088,2738 2088,3107 2089,3107 2089,3475 2090,3475 2090,3843 2091,3843 2091,4046 1950,4046 1950,4047 1582,4047 1582,4048 1213,4048 1213,4049 845,4049 845,4050 477,4050 477,4051 109,4051 109,4052 67,4052 67,3846 66,3846 66,3478 65,3478 65,3109 64,3109 64,2741 63,2741 63,2373 62,2373 62,2005 61,2005 61,1637 60,1637 60,1268 59,1268 59,900 58,900 58,532 57,532 57,430 106,430 106,429 474,429 474,428 842,428 842,427 1211,427 1211,426 1579,426 1579,425 1947,425 1947,424" />
</Shape>
<TextLine HEIGHT="76" HPOS="75" STYLEREFS="StyleId-B01D4279-EF8F-4D42-B984-A46B5D564C4E-" VPOS="514" WIDTH="1979">
<String CONTENT="1934," HEIGHT="63" HPOS="75" VPOS="526" WIDTH="148" />
<SP HEIGHT="46" HPOS="224" VPOS="542" WIDTH="21" />
<String CONTENT="regular" HEIGHT="66" HPOS="245" VPOS="523" WIDTH="229" />
<SP HEIGHT="33" HPOS="475" VPOS="540" WIDTH="19" />
<String CONTENT="session," HEIGHT="65" HPOS="494" VPOS="521" WIDTH="228" />
<SP HEIGHT="61" HPOS="722" VPOS="525" WIDTH="26" />
<String CONTENT="1935," HEIGHT="64" HPOS="748" VPOS="522" WIDTH="149" />
<SP HEIGHT="59" HPOS="897" VPOS="526" WIDTH="23" />
<String CONTENT="to" HEIGHT="47" HPOS="920" VPOS="526" WIDTH="56" />
<SP HEIGHT="53" HPOS="976" VPOS="520" WIDTH="24" />
<String CONTENT="March" HEIGHT="51" HPOS="1000" VPOS="519" WIDTH="202" />
<SP HEIGHT="51" HPOS="1202" VPOS="518" WIDTH="23" />
<String CONTENT="21," HEIGHT="61" HPOS="1225" VPOS="520" WIDTH="84" />
<SP HEIGHT="59" HPOS="1309" VPOS="522" WIDTH="26" />
<String CONTENT="1935," HEIGHT="61" HPOS="1335" VPOS="520" WIDTH="152" />
<SP HEIGHT="45" HPOS="1488" VPOS="536" WIDTH="21" />
<String CONTENT="with" HEIGHT="52" HPOS="1509" VPOS="516" WIDTH="139" />
<SP HEIGHT="50" HPOS="1648" VPOS="517" WIDTH="26" />
<String CONTENT="annotations," HEIGHT="68" HPOS="1674" VPOS="514" WIDTH="380" />
</TextLine>
<TextLine CS="1" HEIGHT="72" HPOS="70" STYLEREFS="StyleId-B01D4279-EF8F-4D42-B984-A46B5D564C4E-" VPOS="592" WIDTH="1982">
<String CONTENT="cumulative" HEIGHT="54" HPOS="70" VPOS="598" WIDTH="342" />
<SP HEIGHT="48" HPOS="413" VPOS="603" WIDTH="23" />
<String CONTENT="table" HEIGHT="53" HPOS="437" VPOS="598" WIDTH="149" />
<SP HEIGHT="34" HPOS="587" VPOS="616" WIDTH="28" />
<String CONTENT="and" HEIGHT="51" HPOS="616" VPOS="598" WIDTH="111" />
<SP HEIGHT="53" HPOS="728" VPOS="598" WIDTH="24" />
<String CONTENT="index" HEIGHT="55" HPOS="753" VPOS="596" WIDTH="171" />
<SP HEIGHT="33" HPOS="925" VPOS="614" WIDTH="29" />
<String CONTENT="&#8230;" CS="1" />
<SP HEIGHT="51" HPOS="1010" VPOS="597" WIDTH="66" />
<String CONTENT="Newark," HEIGHT="67" HPOS="1077" VPOS="594" WIDTH="262" />
<SP HEIGHT="65" HPOS="1340" VPOS="595" WIDTH="28" />
<String CONTENT="Soney" HEIGHT="65" HPOS="1369" VPOS="595" WIDTH="186" />
<SP HEIGHT="64" HPOS="1556" VPOS="596" WIDTH="24" />
<String CONTENT="&amp;" HEIGHT="50" HPOS="1581" VPOS="596" WIDTH="46" />
<SP HEIGHT="54" HPOS="1628" VPOS="594" WIDTH="25" />
<String CONTENT="Sage" HEIGHT="65" HPOS="1654" VPOS="594" WIDTH="150" />
<SP HEIGHT="35" HPOS="1805" VPOS="610" WIDTH="23" />
<String CONTENT="co.;" HEIGHT="49" HPOS="1829" VPOS="610" WIDTH="107" />
<SP HEIGHT="66" HPOS="1937" VPOS="593" WIDTH="32" />
<String CONTENT="St." HEIGHT="54" HPOS="1970" VPOS="593" WIDTH="82" />
</TextLine>
<TextLine CS="1" HEIGHT="70" HPOS="69" STYLEREFS="StyleId-B01D4279-EF8F-4D42-B984-A46B5D564C4E-" VPOS="675" WIDTH="803">
<String CONTENT="Paul," HEIGHT="67" HPOS="69" VPOS="678" WIDTH="162" />
<SP HEIGHT="65" HPOS="232" VPOS="679" WIDTH="21" />
<String CONTENT="West" HEIGHT="53" HPOS="254" VPOS="679" WIDTH="156" />
<SP HEIGHT="59" HPOS="411" VPOS="684" WIDTH="24" />
<String CONTENT="publishing" HEIGHT="67" HPOS="436" VPOS="676" WIDTH="334" />
<SP HEIGHT="48" HPOS="771" VPOS="693" WIDTH="22" />
<String CONTENT="co." HEIGHT="36" HPOS="794" VPOS="692" WIDTH="78" />
<SP />
<String CONTENT="[c1935]" CS="1" />
</TextLine>
<TextLine HEIGHT="49" HPOS="137" VPOS="749" WIDTH="325">
<String CONTENT="274" HEIGHT="41" HPOS="137" VPOS="750" WIDTH="85" />
<SP HEIGHT="48" HPOS="223" VPOS="750" WIDTH="24" />
<String CONTENT="p." HEIGHT="37" HPOS="248" VPOS="761" WIDTH="42" />
<SP HEIGHT="40" HPOS="291" VPOS="749" WIDTH="55" />
<String CONTENT="24" HEIGHT="40" HPOS="347" VPOS="749" WIDTH="57" />
<String CONTENT="cm" HEIGHT="21" HPOS="406" STYLE="superscript" VPOS="752" WIDTH="43" />
<String CONTENT="." HEIGHT="7" HPOS="455" VPOS="782" WIDTH="7" />
</TextLine>
<TextLine HEIGHT="60" HPOS="72" VPOS="798" WIDTH="1986">
<String CONTENT="&#169;" HEIGHT="55" HPOS="72" VPOS="803" WIDTH="51" />
<SP HEIGHT="54" HPOS="124" VPOS="803" WIDTH="29" />
<String CONTENT="Apr." HEIGHT="47" HPOS="154" VPOS="808" WIDTH="112" />
<SP HEIGHT="39" HPOS="267" VPOS="807" WIDTH="34" />
<String CONTENT="5," HEIGHT="46" HPOS="302" VPOS="807" WIDTH="38" />
<SP HEIGHT="45" HPOS="341" VPOS="808" WIDTH="33" />
<String CONTENT="1935;" HEIGHT="49" HPOS="375" VPOS="804" WIDTH="139" />
<SP HEIGHT="46" HPOS="515" VPOS="806" WIDTH="34" />
<String CONTENT="2c." HEIGHT="39" HPOS="550" VPOS="806" WIDTH="66" />
<SP HEIGHT="29" HPOS="617" VPOS="815" WIDTH="32" />
<String CONTENT="and" HEIGHT="39" HPOS="650" VPOS="805" WIDTH="96" />
<SP HEIGHT="39" HPOS="747" VPOS="805" WIDTH="31" />
<String CONTENT="aff." HEIGHT="42" HPOS="779" VPOS="802" WIDTH="81" />
<SP HEIGHT="39" HPOS="861" VPOS="804" WIDTH="32" />
<String CONTENT="May" HEIGHT="46" HPOS="894" VPOS="804" WIDTH="114" />
<SP HEIGHT="46" HPOS="1009" VPOS="804" WIDTH="30" />
<String CONTENT="13;" HEIGHT="46" HPOS="1040" VPOS="802" WIDTH="81" />
<SP HEIGHT="46" HPOS="1122" VPOS="802" WIDTH="35" />
<String CONTENT="A" HEIGHT="38" HPOS="1158" VPOS="802" WIDTH="40" />
<SP HEIGHT="41" HPOS="1199" VPOS="801" WIDTH="32" />
<String CONTENT="81801;" HEIGHT="47" HPOS="1232" VPOS="800" WIDTH="168" />
<SP HEIGHT="46" HPOS="1401" VPOS="801" WIDTH="40" />
<String CONTENT="Soney" HEIGHT="48" HPOS="1442" VPOS="800" WIDTH="157" />
<SP HEIGHT="47" HPOS="1600" VPOS="800" WIDTH="30" />
<String CONTENT="&amp;" HEIGHT="40" HPOS="1631" VPOS="800" WIDTH="35" />
<SP HEIGHT="40" HPOS="1667" VPOS="800" WIDTH="34" />
<String CONTENT="Sage" HEIGHT="47" HPOS="1702" VPOS="800" WIDTH="123" />
<SP HEIGHT="30" HPOS="1826" VPOS="810" WIDTH="31" />
<String CONTENT="co." HEIGHT="30" HPOS="1858" VPOS="810" WIDTH="65" />
<SP HEIGHT="29" HPOS="1924" VPOS="811" WIDTH="37" />
<String CONTENT="and" HEIGHT="41" HPOS="1962" VPOS="798" WIDTH="96" />
</TextLine>
<TextLine HEIGHT="48" HPOS="139" VPOS="863" WIDTH="360">
<String CONTENT="West" HEIGHT="41" HPOS="139" VPOS="864" WIDTH="135" />
<SP HEIGHT="45" HPOS="274" VPOS="866" WIDTH="23" />
<String CONTENT="pub." HEIGHT="47" HPOS="297" VPOS="864" WIDTH="110" />
<SP HEIGHT="30" HPOS="407" VPOS="874" WIDTH="23" />
<String CONTENT="co." HEIGHT="31" HPOS="430" VPOS="873" WIDTH="69" />
</TextLine>
<TextLine HEIGHT="69" HPOS="70" STYLEREFS="StyleId-C84B1C63-7AC2-46C1-BBF0-AA68F606AF1C-" VPOS="951" WIDTH="998">
<String CONTENT="Newcomb," HEIGHT="64" HPOS="70" VPOS="956" WIDTH="329" />
<SP HEIGHT="62" HPOS="400" VPOS="957" WIDTH="27" />
<String CONTENT="Charles" HEIGHT="54" HPOS="428" VPOS="954" WIDTH="242" />
<SP HEIGHT="53" HPOS="671" VPOS="954" WIDTH="25" />
<String CONTENT="Shelton," HEIGHT="65" HPOS="697" VPOS="951" WIDTH="259" />
<SP HEIGHT="46" HPOS="957" VPOS="969" WIDTH="27" />
<String CONTENT="ed." HEIGHT="52" HPOS="985" VPOS="951" WIDTH="83" />
</TextLine>
<TextLine HEIGHT="73" HPOS="146" STYLEREFS="StyleId-B01D4279-EF8F-4D42-B984-A46B5D564C4E-" VPOS="1024" WIDTH="1909">
<String CONTENT="Census" HEIGHT="53" HPOS="146" VPOS="1034" WIDTH="211" />
<SP HEIGHT="52" HPOS="358" VPOS="1033" WIDTH="30" />
<String CONTENT="data" HEIGHT="53" HPOS="389" VPOS="1032" WIDTH="134" />
<SP HEIGHT="34" HPOS="524" VPOS="1050" WIDTH="29" />
<String CONTENT="of" HEIGHT="53" HPOS="554" VPOS="1030" WIDTH="63" />
<SP HEIGHT="52" HPOS="618" VPOS="1030" WIDTH="27" />
<String CONTENT="the" HEIGHT="51" HPOS="646" VPOS="1031" WIDTH="94" />
<SP HEIGHT="36" HPOS="741" VPOS="1046" WIDTH="30" />
<String CONTENT="city" HEIGHT="67" HPOS="772" VPOS="1029" WIDTH="114" />
<SP HEIGHT="48" HPOS="887" VPOS="1047" WIDTH="29" />
<String CONTENT="of" HEIGHT="52" HPOS="917" VPOS="1028" WIDTH="63" />
<SP HEIGHT="55" HPOS="981" VPOS="1028" WIDTH="31" />
<String CONTENT="Chicago," HEIGHT="69" HPOS="1013" VPOS="1026" WIDTH="268" />
<SP HEIGHT="63" HPOS="1282" VPOS="1030" WIDTH="33" />
<String CONTENT="1934," HEIGHT="62" HPOS="1316" VPOS="1030" WIDTH="149" />
<SP HEIGHT="47" HPOS="1466" VPOS="1045" WIDTH="29" />
<String CONTENT="edited" HEIGHT="55" HPOS="1496" VPOS="1025" WIDTH="189" />
<SP HEIGHT="52" HPOS="1686" VPOS="1027" WIDTH="27" />
<String CONTENT="by" HEIGHT="66" HPOS="1714" VPOS="1027" WIDTH="76" />
<SP HEIGHT="66" HPOS="1791" VPOS="1027" WIDTH="29" />
<String CONTENT="Charles" HEIGHT="55" HPOS="1821" VPOS="1026" WIDTH="234" />
</TextLine>
<TextLine CS="1" HEIGHT="154" HPOS="71" STYLEREFS="StyleId-B01D4279-EF8F-4D42-B984-A46B5D564C4E-" VPOS="1103" WIDTH="1960">
<String CONTENT="S." HEIGHT="56" HPOS="77" VPOS="1110" WIDTH="55" />
<SP HEIGHT="52" HPOS="133" VPOS="1113" WIDTH="35" />
<String CONTENT="Newcomb" HEIGHT="54" HPOS="169" VPOS="1110" WIDTH="299" />
<SP HEIGHT="53" HPOS="469" VPOS="1109" WIDTH="37" />
<String CONTENT="and" HEIGHT="52" HPOS="507" VPOS="1109" WIDTH="111" />
<SP HEIGHT="52" HPOS="619" VPOS="1109" WIDTH="34" />
<String CONTENT="Richard" HEIGHT="54" HPOS="654" VPOS="1107" WIDTH="253" />
<SP HEIGHT="55" HPOS="908" VPOS="1106" WIDTH="35" />
<String CONTENT="O." HEIGHT="55" HPOS="944" VPOS="1106" WIDTH="67" />
<SP HEIGHT="52" HPOS="1012" VPOS="1107" WIDTH="35" />
<String CONTENT="Lang." HEIGHT="65" HPOS="1048" VPOS="1106" WIDTH="180" />
<SP HEIGHT="54" HPOS="1229" VPOS="1105" WIDTH="72" />
<String CONTENT="Chicago," HEIGHT="63" HPOS="1302" VPOS="1105" WIDTH="270" />
<SP HEIGHT="62" HPOS="1573" VPOS="1106" WIDTH="34" />
<String CONTENT="Ill.," HEIGHT="65" HPOS="1608" VPOS="1106" WIDTH="112" />
<SP HEIGHT="65" HPOS="1721" VPOS="1106" WIDTH="35" />
<String CONTENT="The" HEIGHT="53" HPOS="1757" VPOS="1104" WIDTH="120" />
<SP HEIGHT="53" HPOS="1878" VPOS="1107" WIDTH="36" />
<String CONTENT="University" HEIGHT="151" HPOS="71" VPOS="1106" WIDTH="1960" />
</TextLine>
<TextLine CS="1" HEIGHT="70" HPOS="309" STYLEREFS="StyleId-B01D4279-EF8F-4D42-B984-A46B5D564C4E-" VPOS="1184" WIDTH="750">
<String CONTENT="of" HEIGHT="53" HPOS="309" VPOS="1189" WIDTH="61" />
<SP HEIGHT="55" HPOS="371" VPOS="1189" WIDTH="27" />
<String CONTENT="Chicago" HEIGHT="69" HPOS="399" VPOS="1185" WIDTH="251" />
<SP HEIGHT="47" HPOS="651" VPOS="1205" WIDTH="26" />
<String CONTENT="press" HEIGHT="48" HPOS="678" VPOS="1204" WIDTH="156" />
<SP HEIGHT="51" HPOS="835" VPOS="1189" WIDTH="45" />
<String CONTENT="[c1934]" CS="1" HEIGHT="34" HPOS="1045" VPOS="1216" WIDTH="14" />
</TextLine>
<TextLine CS="1" HEIGHT="55" HPOS="140" VPOS="1254" WIDTH="1159">
<String CONTENT="xiv," HEIGHT="47" HPOS="140" VPOS="1262" WIDTH="98" />
<SP HEIGHT="46" HPOS="238" VPOS="1263" WIDTH="24" />
<String CONTENT="729" HEIGHT="40" HPOS="262" VPOS="1262" WIDTH="86" />
<SP HEIGHT="47" HPOS="348" VPOS="1262" WIDTH="22" />
<String CONTENT="p." HEIGHT="37" HPOS="371" VPOS="1272" WIDTH="43" />
<SP HEIGHT="39" HPOS="414" VPOS="1261" WIDTH="26" />
<String CONTENT="incl." HEIGHT="41" HPOS="440" VPOS="1260" WIDTH="111" />
<SP HEIGHT="28" HPOS="552" VPOS="1271" WIDTH="24" />
<String CONTENT="maps," HEIGHT="37" HPOS="577" VPOS="1270" WIDTH="150" />
<SP HEIGHT="43" HPOS="727" VPOS="1262" WIDTH="26" />
<String CONTENT="tables," HEIGHT="48" HPOS="753" VPOS="1257" WIDTH="168" />
<SP HEIGHT="46" HPOS="921" VPOS="1258" WIDTH="24" />
<String CONTENT="diagr." HEIGHT="47" HPOS="945" VPOS="1257" WIDTH="153" />
<SP HEIGHT="40" HPOS="1098" VPOS="1256" WIDTH="54" />
<String CONTENT="30&#189;cm." CS="1" HEIGHT="42" HPOS="1152" VPOS="1254" WIDTH="147" />
</TextLine>
<TextLine HEIGHT="49" HPOS="141" VPOS="1317" WIDTH="379">
<String CONTENT="Planographed." HEIGHT="49" HPOS="141" VPOS="1317" WIDTH="379" />
</TextLine>
<TextLine HEIGHT="57" HPOS="145" VPOS="1365" WIDTH="1919">
<String CONTENT="The" HEIGHT="38" HPOS="145" VPOS="1378" WIDTH="102" />
<SP HEIGHT="40" HPOS="248" VPOS="1376" WIDTH="32" />
<String CONTENT="Chicago" HEIGHT="50" HPOS="281" VPOS="1372" WIDTH="208" />
<SP HEIGHT="41" HPOS="490" VPOS="1373" WIDTH="36" />
<String CONTENT="Census" HEIGHT="40" HPOS="527" VPOS="1373" WIDTH="183" />
<SP HEIGHT="29" HPOS="711" VPOS="1382" WIDTH="33" />
<String CONTENT="commission" HEIGHT="43" HPOS="745" VPOS="1368" WIDTH="306" />
<SP HEIGHT="38" HPOS="1052" VPOS="1370" WIDTH="33" />
<String CONTENT="laid" HEIGHT="41" HPOS="1086" VPOS="1368" WIDTH="100" />
<SP HEIGHT="42" HPOS="1187" VPOS="1367" WIDTH="34" />
<String CONTENT="out" HEIGHT="38" HPOS="1222" VPOS="1371" WIDTH="87" />
<SP HEIGHT="39" HPOS="1310" VPOS="1370" WIDTH="32" />
<String CONTENT="the" HEIGHT="40" HPOS="1343" VPOS="1369" WIDTH="85" />
<SP HEIGHT="37" HPOS="1429" VPOS="1379" WIDTH="30" />
<String CONTENT="general" HEIGHT="45" HPOS="1460" VPOS="1371" WIDTH="194" />
<SP HEIGHT="46" HPOS="1655" VPOS="1371" WIDTH="35" />
<String CONTENT="plans" HEIGHT="47" HPOS="1691" VPOS="1370" WIDTH="141" />
<SP HEIGHT="39" HPOS="1833" VPOS="1370" WIDTH="31" />
<String CONTENT="for" HEIGHT="40" HPOS="1865" VPOS="1370" WIDTH="80" />
<SP HEIGHT="39" HPOS="1946" VPOS="1371" WIDTH="36" />
<String CONTENT="the" HEIGHT="40" HPOS="1983" VPOS="1371" WIDTH="81" />
</TextLine>
<TextLine HEIGHT="56" HPOS="76" VPOS="1424" WIDTH="1365">
<String CONTENT="census" HEIGHT="31" HPOS="76" VPOS="1444" WIDTH="169" />
<SP HEIGHT="30" HPOS="246" VPOS="1443" WIDTH="23" />
<String CONTENT="and" HEIGHT="40" HPOS="270" VPOS="1432" WIDTH="97" />
<SP HEIGHT="39" HPOS="368" VPOS="1432" WIDTH="22" />
<String CONTENT="supervised" HEIGHT="50" HPOS="391" VPOS="1429" WIDTH="280" />
<SP HEIGHT="40" HPOS="672" VPOS="1429" WIDTH="24" />
<String CONTENT="its" HEIGHT="39" HPOS="697" VPOS="1429" WIDTH="65" />
<SP HEIGHT="36" HPOS="763" VPOS="1439" WIDTH="25" />
<String CONTENT="progress," HEIGHT="39" HPOS="789" VPOS="1437" WIDTH="235" />
<SP HEIGHT="29" HPOS="1025" VPOS="1437" WIDTH="53" />
<String CONTENT="cf." HEIGHT="47" HPOS="1079" VPOS="1426" WIDTH="59" />
<SP HEIGHT="41" HPOS="1139" VPOS="1425" WIDTH="29" />
<String CONTENT="Foreword." HEIGHT="43" HPOS="1169" VPOS="1424" WIDTH="272" />
</TextLine>
<TextLine HEIGHT="64" HPOS="77" VPOS="1478" WIDTH="1987">
<String CONTENT="&#169;" HEIGHT="55" HPOS="77" VPOS="1487" WIDTH="52" />
<SP HEIGHT="54" HPOS="130" VPOS="1487" WIDTH="27" />
<String CONTENT="Dec." HEIGHT="39" HPOS="158" VPOS="1492" WIDTH="111" />
<SP HEIGHT="39" HPOS="270" VPOS="1490" WIDTH="28" />
<String CONTENT="13," HEIGHT="47" HPOS="299" VPOS="1489" WIDTH="69" />
<SP HEIGHT="46" HPOS="369" VPOS="1490" WIDTH="28" />
<String CONTENT="1934;" HEIGHT="50" HPOS="398" VPOS="1485" WIDTH="139" />
<SP HEIGHT="48" HPOS="538" VPOS="1486" WIDTH="30" />
<String CONTENT="2c." HEIGHT="40" HPOS="569" VPOS="1486" WIDTH="67" />
<SP HEIGHT="39" HPOS="637" VPOS="1486" WIDTH="30" />
<String CONTENT="Dec." HEIGHT="39" HPOS="668" VPOS="1486" WIDTH="111" />
<SP HEIGHT="40" HPOS="780" VPOS="1485" WIDTH="29" />
<String CONTENT="31;" HEIGHT="46" HPOS="810" VPOS="1484" WIDTH="81" />
<SP HEIGHT="35" HPOS="892" VPOS="1494" WIDTH="32" />
<String CONTENT="aff." HEIGHT="40" HPOS="925" VPOS="1483" WIDTH="81" />
<SP HEIGHT="40" HPOS="1007" VPOS="1483" WIDTH="30" />
<String CONTENT="Feb." HEIGHT="40" HPOS="1038" VPOS="1483" WIDTH="110" />
<SP HEIGHT="40" HPOS="1149" VPOS="1482" WIDTH="28" />
<String CONTENT="2," HEIGHT="50" HPOS="1178" VPOS="1481" WIDTH="41" />
<SP HEIGHT="47" HPOS="1220" VPOS="1483" WIDTH="29" />
<String CONTENT="1935;" HEIGHT="47" HPOS="1250" VPOS="1482" WIDTH="140" />
<SP HEIGHT="47" HPOS="1391" VPOS="1482" WIDTH="30" />
<String CONTENT="A" HEIGHT="39" HPOS="1422" VPOS="1482" WIDTH="41" />
<SP HEIGHT="40" HPOS="1464" VPOS="1482" WIDTH="29" />
<String CONTENT="77948;" HEIGHT="51" HPOS="1494" VPOS="1479" WIDTH="170" />
<SP HEIGHT="46" HPOS="1665" VPOS="1483" WIDTH="33" />
<String CONTENT="University" HEIGHT="52" HPOS="1699" VPOS="1480" WIDTH="282" />
<SP HEIGHT="37" HPOS="1982" VPOS="1494" WIDTH="27" />
<String CONTENT="of" HEIGHT="39" HPOS="2010" VPOS="1484" WIDTH="54" />
</TextLine>
<TextLine HEIGHT="53" HPOS="146" VPOS="1541" WIDTH="758">
<String CONTENT="Chicago," HEIGHT="47" HPOS="146" VPOS="1547" WIDTH="221" />
<SP HEIGHT="49" HPOS="368" VPOS="1545" WIDTH="24" />
<String CONTENT="Chicago." HEIGHT="50" HPOS="393" VPOS="1542" WIDTH="222" />
<SP HEIGHT="47" HPOS="616" VPOS="1543" WIDTH="69" />
<String CONTENT="(35-337)" HEIGHT="49" HPOS="686" VPOS="1541" WIDTH="218" />
</TextLine>
<TextLine HEIGHT="71" HPOS="76" STYLEREFS="StyleId-B01D4279-EF8F-4D42-B984-A46B5D564C4E-" VPOS="1629" WIDTH="1115">
<String CONTENT="Ogden," HEIGHT="63" HPOS="76" VPOS="1637" WIDTH="219" />
<SP HEIGHT="64" HPOS="295" VPOS="1635" WIDTH="31" />
<String CONTENT="George" HEIGHT="62" HPOS="326" VPOS="1634" WIDTH="225" />
<SP HEIGHT="52" HPOS="551" VPOS="1632" WIDTH="27" />
<String CONTENT="Washington," HEIGHT="64" HPOS="578" VPOS="1629" WIDTH="410" />
<SP HEIGHT="56" HPOS="989" VPOS="1636" WIDTH="31" />
<String CONTENT="1871-" HEIGHT="52" HPOS="1020" VPOS="1630" WIDTH="171" />
</TextLine>
<TextLine HEIGHT="79" HPOS="146" STYLEREFS="StyleId-B01D4279-EF8F-4D42-B984-A46B5D564C4E-" VPOS="1701" WIDTH="1917">
<String CONTENT="Deputy" HEIGHT="67" HPOS="146" VPOS="1713" WIDTH="233" />
<SP HEIGHT="49" HPOS="380" VPOS="1729" WIDTH="34" />
<String CONTENT="sheriff" HEIGHT="58" HPOS="415" VPOS="1705" WIDTH="197" />
<SP HEIGHT="70" HPOS="613" VPOS="1705" WIDTH="41" />
<String CONTENT="c" HEIGHT="34" HPOS="655" STYLE="subscript" VPOS="1741" WIDTH="12" />
<String CONTENT="by]" HEIGHT="66" HPOS="672" VPOS="1708" WIDTH="92" />
<SP HEIGHT="67" HPOS="765" VPOS="1707" WIDTH="40" />
<String CONTENT="George" HEIGHT="67" HPOS="806" VPOS="1706" WIDTH="219" />
<SP HEIGHT="52" HPOS="1026" VPOS="1708" WIDTH="32" />
<String CONTENT="W." HEIGHT="52" HPOS="1059" VPOS="1708" WIDTH="89" />
<SP HEIGHT="56" HPOS="1149" VPOS="1704" WIDTH="38" />
<String CONTENT="Ogden." HEIGHT="69" HPOS="1188" VPOS="1703" WIDTH="218" />
<SP HEIGHT="52" HPOS="1407" VPOS="1706" WIDTH="74" />
<String CONTENT="New" HEIGHT="53" HPOS="1482" VPOS="1705" WIDTH="137" />
<SP HEIGHT="51" HPOS="1620" VPOS="1707" WIDTH="37" />
<String CONTENT="York," HEIGHT="67" HPOS="1658" VPOS="1705" WIDTH="178" />
<SP HEIGHT="64" HPOS="1837" VPOS="1708" WIDTH="35" />
<String CONTENT="Dodd," HEIGHT="61" HPOS="1873" VPOS="1706" WIDTH="190" />
</TextLine>
<TextLine HEIGHT="66" HPOS="76" STYLEREFS="StyleId-B01D4279-EF8F-4D42-B984-A46B5D564C4E-" VPOS="1789" WIDTH="737">
<String CONTENT="Mead" HEIGHT="54" HPOS="76" VPOS="1791" WIDTH="169" />
<SP HEIGHT="52" HPOS="246" VPOS="1791" WIDTH="23" />
<String CONTENT="&amp;" HEIGHT="50" HPOS="270" VPOS="1793" WIDTH="46" />
<SP HEIGHT="50" HPOS="317" VPOS="1793" WIDTH="23" />
<String CONTENT="company," HEIGHT="49" HPOS="341" VPOS="1805" WIDTH="295" />
<SP HEIGHT="63" HPOS="637" VPOS="1789" WIDTH="27" />
<String CONTENT="1935." HEIGHT="49" HPOS="665" VPOS="1789" WIDTH="148" />
</TextLine>
<TextLine CS="1" HEIGHT="54" HPOS="144" VPOS="1858" WIDTH="464">
<String CONTENT="3" HEIGHT="40" HPOS="144" VPOS="1865" WIDTH="30" />
<SP />
<String CONTENT="p." HEIGHT="37" HPOS="198" VPOS="1875" WIDTH="41" />
<SP HEIGHT="39" HPOS="240" VPOS="1863" WIDTH="25" />
<String CONTENT="l.," CS="1" />
<SP HEIGHT="48" HPOS="312" VPOS="1862" WIDTH="25" />
<String CONTENT="302" HEIGHT="41" HPOS="338" VPOS="1861" WIDTH="88" />
<SP HEIGHT="49" HPOS="427" VPOS="1861" WIDTH="22" />
<String CONTENT="p." HEIGHT="39" HPOS="450" VPOS="1871" WIDTH="43" />
<SP HEIGHT="39" HPOS="494" VPOS="1861" WIDTH="54" />
<String CONTENT="19&#189;cm." CS="1" HEIGHT="41" HPOS="549" VPOS="1858" WIDTH="59" />
</TextLine>
<TextLine HEIGHT="63" HPOS="80" VPOS="1909" WIDTH="1984">
<String CONTENT="&#169;" HEIGHT="55" HPOS="80" VPOS="1917" WIDTH="52" />
<SP HEIGHT="54" HPOS="133" VPOS="1917" WIDTH="21" />
<String CONTENT="Feb." HEIGHT="39" HPOS="155" VPOS="1921" WIDTH="110" />
<SP HEIGHT="40" HPOS="266" VPOS="1919" WIDTH="21" />
<String CONTENT="6," HEIGHT="48" HPOS="288" VPOS="1919" WIDTH="40" />
<SP HEIGHT="49" HPOS="329" VPOS="1918" WIDTH="21" />
<String CONTENT="1935;" HEIGHT="48" HPOS="351" VPOS="1916" WIDTH="140" />
<SP HEIGHT="47" HPOS="492" VPOS="1916" WIDTH="22" />
<String CONTENT="2c." HEIGHT="40" HPOS="515" VPOS="1916" WIDTH="68" />
<SP HEIGHT="40" HPOS="584" VPOS="1916" WIDTH="24" />
<String CONTENT="Feb." HEIGHT="39" HPOS="609" VPOS="1915" WIDTH="110" />
<SP HEIGHT="39" HPOS="720" VPOS="1915" WIDTH="24" />
<String CONTENT="7;" HEIGHT="46" HPOS="745" VPOS="1915" WIDTH="50" />
<SP HEIGHT="37" HPOS="796" VPOS="1924" WIDTH="26" />
<String CONTENT="aff." HEIGHT="42" HPOS="823" VPOS="1913" WIDTH="80" />
<SP HEIGHT="38" HPOS="904" VPOS="1913" WIDTH="24" />
<String CONTENT="Feb." HEIGHT="40" HPOS="929" VPOS="1913" WIDTH="111" />
<SP HEIGHT="39" HPOS="1041" VPOS="1913" WIDTH="23" />
<String CONTENT="8;" HEIGHT="47" HPOS="1065" VPOS="1913" WIDTH="52" />
<SP HEIGHT="48" HPOS="1118" VPOS="1912" WIDTH="26" />
<String CONTENT="A" HEIGHT="40" HPOS="1145" VPOS="1912" WIDTH="40" />
<SP HEIGHT="41" HPOS="1186" VPOS="1912" WIDTH="23" />
<String CONTENT="79579;" HEIGHT="49" HPOS="1210" VPOS="1911" WIDTH="169" />
<SP HEIGHT="48" HPOS="1380" VPOS="1911" WIDTH="26" />
<String CONTENT="G." HEIGHT="41" HPOS="1407" VPOS="1911" WIDTH="50" />
<SP HEIGHT="39" HPOS="1458" VPOS="1913" WIDTH="25" />
<String CONTENT="W." HEIGHT="39" HPOS="1484" VPOS="1913" WIDTH="68" />
<SP HEIGHT="42" HPOS="1553" VPOS="1911" WIDTH="28" />
<String CONTENT="Ogden," HEIGHT="50" HPOS="1582" VPOS="1911" WIDTH="176" />
<SP HEIGHT="48" HPOS="1759" VPOS="1913" WIDTH="25" />
<String CONTENT="Van" HEIGHT="39" HPOS="1785" VPOS="1913" WIDTH="105" />
<SP HEIGHT="39" HPOS="1891" VPOS="1914" WIDTH="24" />
<String CONTENT="Nuys," HEIGHT="50" HPOS="1916" VPOS="1913" WIDTH="148" />
</TextLine>
<TextLine HEIGHT="52" HPOS="147" VPOS="1971" WIDTH="464">
<String CONTENT="Calif." HEIGHT="43" HPOS="147" VPOS="1976" WIDTH="145" />
<SP HEIGHT="48" HPOS="292" VPOS="1975" WIDTH="68" />
<String CONTENT="(35-1978)" HEIGHT="52" HPOS="360" VPOS="1971" WIDTH="251" />
</TextLine>
<TextLine HEIGHT="71" HPOS="81" STYLEREFS="StyleId-B01D4279-EF8F-4D42-B984-A46B5D564C4E-" VPOS="2060" WIDTH="995">
<String CONTENT="Oliver," HEIGHT="65" HPOS="81" VPOS="2066" WIDTH="212" />
<SP HEIGHT="64" HPOS="294" VPOS="2066" WIDTH="24" />
<String CONTENT="Thomas" HEIGHT="56" HPOS="319" VPOS="2062" WIDTH="260" />
<SP HEIGHT="52" HPOS="580" VPOS="2064" WIDTH="24" />
<String CONTENT="Edward," HEIGHT="65" HPOS="605" VPOS="2060" WIDTH="269" />
<SP HEIGHT="59" HPOS="875" VPOS="2065" WIDTH="29" />
<String CONTENT="1871-" HEIGHT="55" HPOS="905" VPOS="2060" WIDTH="171" />
</TextLine>
<TextLine CS="1" HEIGHT="77" HPOS="208" STYLEREFS="StyleId-B01D4279-EF8F-4D42-B984-A46B5D564C4E-" VPOS="2131" WIDTH="1857">
<String CONTENT="&#8230;" CS="1" />
<SP HEIGHT="53" HPOS="208" VPOS="2142" WIDTH="46" />
<String CONTENT="The" HEIGHT="53" HPOS="255" VPOS="2141" WIDTH="121" />
<SP HEIGHT="34" HPOS="377" VPOS="2158" WIDTH="39" />
<String CONTENT="modern" HEIGHT="52" HPOS="417" VPOS="2140" WIDTH="234" />
<SP HEIGHT="52" HPOS="652" VPOS="2138" WIDTH="40" />
<String CONTENT="language" HEIGHT="68" HPOS="693" VPOS="2137" WIDTH="284" />
<SP HEIGHT="48" HPOS="978" VPOS="2140" WIDTH="39" />
<String CONTENT="teacher&#8217;s" HEIGHT="56" HPOS="1018" VPOS="2133" WIDTH="270" />
<SP HEIGHT="54" HPOS="1289" VPOS="2134" WIDTH="42" />
<String CONTENT="handbook," HEIGHT="71" HPOS="1332" VPOS="2133" WIDTH="321" />
<SP HEIGHT="68" HPOS="1654" VPOS="2135" WIDTH="41" />
<String CONTENT="by" HEIGHT="69" HPOS="1696" VPOS="2135" WIDTH="75" />
<SP HEIGHT="68" HPOS="1772" VPOS="2136" WIDTH="44" />
<String CONTENT="Thomas" HEIGHT="54" HPOS="1817" VPOS="2135" WIDTH="248" />
</TextLine>
<TextLine CS="1" HEIGHT="76" HPOS="80" STYLEREFS="StyleId-B01D4279-EF8F-4D42-B984-A46B5D564C4E-" VPOS="2209" WIDTH="1986">
<String CONTENT="Edward" HEIGHT="54" HPOS="80" VPOS="2219" WIDTH="252" />
<SP HEIGHT="55" HPOS="333" VPOS="2216" WIDTH="28" />
<String CONTENT="Oliver" HEIGHT="56" HPOS="362" VPOS="2215" WIDTH="197" />
<SP HEIGHT="32" HPOS="560" VPOS="2235" WIDTH="35" />
<String CONTENT="&#8230;" CS="1" />
<SP HEIGHT="51" HPOS="652" VPOS="2216" WIDTH="69" />
<String CONTENT="Boston," HEIGHT="68" HPOS="722" VPOS="2215" WIDTH="235" />
<SP HEIGHT="70" HPOS="958" VPOS="2212" WIDTH="27" />
<String CONTENT="New" HEIGHT="54" HPOS="986" VPOS="2212" WIDTH="139" />
<SP HEIGHT="53" HPOS="1126" VPOS="2213" WIDTH="27" />
<String CONTENT="York" HEIGHT="54" HPOS="1154" VPOS="2211" WIDTH="165" />
<SP HEIGHT="69" HPOS="1320" VPOS="2211" WIDTH="31" />
<String CONTENT="[etc.]" CS="1" HEIGHT="64" HPOS="1371" VPOS="2216" WIDTH="119" />
<SP HEIGHT="67" HPOS="1491" VPOS="2213" WIDTH="32" />
<String CONTENT="D." HEIGHT="55" HPOS="1524" VPOS="2212" WIDTH="73" />
<SP HEIGHT="56" HPOS="1598" VPOS="2212" WIDTH="34" />
<String CONTENT="C." HEIGHT="56" HPOS="1633" VPOS="2212" WIDTH="62" />
<SP HEIGHT="53" HPOS="1696" VPOS="2213" WIDTH="27" />
<String CONTENT="Heath" HEIGHT="54" HPOS="1724" VPOS="2213" WIDTH="197" />
<SP HEIGHT="55" HPOS="1922" VPOS="2213" WIDTH="29" />
<String CONTENT="and" HEIGHT="53" HPOS="1952" VPOS="2214" WIDTH="114" />
</TextLine>
<TextLine CS="1" HEIGHT="51" HPOS="77" STYLEREFS="StyleId-B01D4279-EF8F-4D42-B984-A46B5D564C4E-" VPOS="2315" WIDTH="276">
<String CONTENT="company" HEIGHT="51" HPOS="77" VPOS="2315" WIDTH="276" />
<SP />
<String CONTENT="[c1935]" CS="1" />
</TextLine>
<TextLine HEIGHT="56" HPOS="148" VPOS="2362" WIDTH="1420">
<String CONTENT="vii," HEIGHT="50" HPOS="148" VPOS="2368" WIDTH="81" />
<SP HEIGHT="49" HPOS="229" VPOS="2369" WIDTH="25" />
<String CONTENT="706" HEIGHT="41" HPOS="254" VPOS="2368" WIDTH="87" />
<SP HEIGHT="48" HPOS="341" VPOS="2368" WIDTH="21" />
<String CONTENT="p." HEIGHT="38" HPOS="363" VPOS="2378" WIDTH="43" />
<SP HEIGHT="40" HPOS="406" VPOS="2367" WIDTH="60" />
<String CONTENT="23" HEIGHT="42" HPOS="466" VPOS="2364" WIDTH="56" />
<String CONTENT="cm" HEIGHT="21" HPOS="525" STYLE="superscript" VPOS="2368" WIDTH="45" />
<String CONTENT="." HEIGHT="9" HPOS="574" VPOS="2397" WIDTH="8" />
<SP HEIGHT="47" HPOS="582" VPOS="2365" WIDTH="71" />
<String CONTENT="(Heath&#8217;s" HEIGHT="49" HPOS="653" VPOS="2363" WIDTH="227" />
<SP HEIGHT="31" HPOS="881" VPOS="2373" WIDTH="24" />
<String CONTENT="modern" HEIGHT="39" HPOS="905" VPOS="2364" WIDTH="198" />
<SP HEIGHT="39" HPOS="1103" VPOS="2363" WIDTH="28" />
<String CONTENT="language" HEIGHT="49" HPOS="1131" VPOS="2362" WIDTH="239" />
<SP HEIGHT="32" HPOS="1371" VPOS="2373" WIDTH="21" />
<String CONTENT="series)" HEIGHT="50" HPOS="1392" VPOS="2362" WIDTH="176" />
</TextLine>
<TextLine HEIGHT="55" HPOS="149" VPOS="2418" WIDTH="1230">
<String CONTENT="Arranged" HEIGHT="48" HPOS="149" VPOS="2425" WIDTH="251" />
<SP HEIGHT="38" HPOS="401" VPOS="2427" WIDTH="27" />
<String CONTENT="alphabetically" HEIGHT="50" HPOS="429" VPOS="2422" WIDTH="375" />
<SP HEIGHT="48" HPOS="805" VPOS="2421" WIDTH="25" />
<String CONTENT="by" HEIGHT="49" HPOS="831" VPOS="2420" WIDTH="60" />
<SP HEIGHT="45" HPOS="892" VPOS="2423" WIDTH="26" />
<String CONTENT="topics" HEIGHT="48" HPOS="919" VPOS="2420" WIDTH="153" />
<SP HEIGHT="30" HPOS="1073" VPOS="2430" WIDTH="24" />
<String CONTENT="or" HEIGHT="29" HPOS="1098" VPOS="2430" WIDTH="55" />
<SP HEIGHT="28" HPOS="1154" VPOS="2430" WIDTH="25" />
<String CONTENT="rubrics." HEIGHT="43" HPOS="1180" VPOS="2418" WIDTH="199" />
</TextLine>
<TextLine HEIGHT="56" HPOS="148" VPOS="2474" WIDTH="1923">
<String CONTENT="A" HEIGHT="38" HPOS="148" VPOS="2484" WIDTH="43" />
<SP HEIGHT="38" HPOS="192" VPOS="2484" WIDTH="32" />
<String CONTENT="revised" HEIGHT="41" HPOS="225" VPOS="2482" WIDTH="185" />
<SP HEIGHT="38" HPOS="411" VPOS="2483" WIDTH="35" />
<String CONTENT="and" HEIGHT="40" HPOS="447" VPOS="2481" WIDTH="95" />
<SP HEIGHT="46" HPOS="543" VPOS="2481" WIDTH="31" />
<String CONTENT="greatly" HEIGHT="48" HPOS="575" VPOS="2479" WIDTH="187" />
<SP HEIGHT="36" HPOS="763" VPOS="2489" WIDTH="30" />
<String CONTENT="enlarged" HEIGHT="47" HPOS="794" VPOS="2478" WIDTH="227" />
<SP HEIGHT="39" HPOS="1022" VPOS="2478" WIDTH="31" />
<String CONTENT="edition" HEIGHT="41" HPOS="1054" VPOS="2476" WIDTH="184" />
<SP HEIGHT="29" HPOS="1239" VPOS="2488" WIDTH="32" />
<String CONTENT="of" HEIGHT="40" HPOS="1272" VPOS="2477" WIDTH="52" />
<SP HEIGHT="40" HPOS="1325" VPOS="2477" WIDTH="30" />
<String CONTENT="the" HEIGHT="40" HPOS="1356" VPOS="2478" WIDTH="83" />
<SP HEIGHT="30" HPOS="1440" VPOS="2488" WIDTH="32" />
<String CONTENT="author&#8217;s" HEIGHT="43" HPOS="1473" VPOS="2477" WIDTH="218" />
<SP HEIGHT="41" HPOS="1692" VPOS="2478" WIDTH="35" />
<String CONTENT="&#8220;Suggestions" HEIGHT="51" HPOS="1728" VPOS="2475" WIDTH="343" />
</TextLine>
<TextLine CS="1" HEIGHT="53" HPOS="82" VPOS="2532" WIDTH="1622">
<String CONTENT="and" HEIGHT="41" HPOS="82" VPOS="2540" WIDTH="94" />
<SP HEIGHT="40" HPOS="177" VPOS="2540" WIDTH="26" />
<String CONTENT="references" HEIGHT="41" HPOS="204" VPOS="2539" WIDTH="272" />
<SP HEIGHT="39" HPOS="477" VPOS="2537" WIDTH="25" />
<String CONTENT="for" HEIGHT="39" HPOS="503" VPOS="2537" WIDTH="77" />
<SP HEIGHT="28" HPOS="581" VPOS="2546" WIDTH="24" />
<String CONTENT="modern" HEIGHT="38" HPOS="606" VPOS="2538" WIDTH="194" />
<SP HEIGHT="38" HPOS="801" VPOS="2536" WIDTH="29" />
<String CONTENT="langur,ge" HEIGHT="47" HPOS="831" VPOS="2535" WIDTH="235" />
<SP HEIGHT="37" HPOS="1067" VPOS="2537" WIDTH="25" />
<String CONTENT="teachers&#8221;" HEIGHT="42" HPOS="1093" VPOS="2533" WIDTH="249" />
<SP HEIGHT="48" HPOS="1343" VPOS="2533" WIDTH="25" />
<String CONTENT="published" HEIGHT="49" HPOS="1369" VPOS="2532" WIDTH="255" />
<SP HEIGHT="40" HPOS="1625" VPOS="2535" WIDTH="29" />
<String CONTENT="in" HEIGHT="39" HPOS="1655" VPOS="2535" WIDTH="49" />
</TextLine>
<TextLine CS="1" HEIGHT="110" HPOS="85" VPOS="2535" WIDTH="1983">
<String CONTENT="1914" HEIGHT="40" HPOS="1733" VPOS="2536" WIDTH="114" />
<SP HEIGHT="40" HPOS="1848" VPOS="2536" WIDTH="27" />
<String CONTENT="as" HEIGHT="29" HPOS="1876" VPOS="2548" WIDTH="55" />
<SP HEIGHT="41" HPOS="1932" VPOS="2536" WIDTH="26" />
<String CONTENT="Bulletin" HEIGHT="102" HPOS="85" VPOS="2536" WIDTH="1968" />
<SP HEIGHT="30" HPOS="204" VPOS="2607" WIDTH="21" />
<String CONTENT="no." HEIGHT="29" HPOS="226" VPOS="2607" WIDTH="75" />
<SP HEIGHT="38" HPOS="302" VPOS="2598" WIDTH="24" />
<String CONTENT="12" HEIGHT="39" HPOS="327" VPOS="2596" WIDTH="55" />
<SP HEIGHT="38" HPOS="383" VPOS="2596" WIDTH="23" />
<String CONTENT="of" HEIGHT="39" HPOS="407" VPOS="2595" WIDTH="51" />
<SP HEIGHT="42" HPOS="459" VPOS="2594" WIDTH="24" />
<String CONTENT="the" HEIGHT="40" HPOS="484" VPOS="2595" WIDTH="80" />
<SP HEIGHT="41" HPOS="565" VPOS="2593" WIDTH="27" />
<String CONTENT="University" HEIGHT="49" HPOS="593" VPOS="2591" WIDTH="281" />
<SP HEIGHT="37" HPOS="875" VPOS="2602" WIDTH="25" />
<String CONTENT="of" HEIGHT="40" HPOS="901" VPOS="2591" WIDTH="51" />
<SP HEIGHT="39" HPOS="953" VPOS="2591" WIDTH="25" />
<String CONTENT="Illinois," HEIGHT="46" HPOS="979" VPOS="2590" WIDTH="202" />
<SP HEIGHT="46" HPOS="1182" VPOS="2590" WIDTH="29" />
<String CONTENT="School" HEIGHT="43" HPOS="1212" VPOS="2589" WIDTH="167" />
<SP HEIGHT="40" HPOS="1380" VPOS="2591" WIDTH="28" />
<String CONTENT="of" HEIGHT="40" HPOS="1409" VPOS="2591" WIDTH="53" />
<SP HEIGHT="40" HPOS="1463" VPOS="2591" WIDTH="23" />
<String CONTENT="education," HEIGHT="49" HPOS="1487" VPOS="2592" WIDTH="270" />
<SP HEIGHT="37" HPOS="1758" VPOS="2603" WIDTH="26" />
<String CONTENT="and" HEIGHT="38" HPOS="1785" VPOS="2595" WIDTH="96" />
<SP HEIGHT="40" HPOS="1882" VPOS="2593" WIDTH="24" />
<String CONTENT="issued" HEIGHT="42" HPOS="1907" VPOS="2592" WIDTH="161" />
</TextLine>
<TextLine HEIGHT="52" HPOS="85" VPOS="2645" WIDTH="1627">
<String CONTENT="in" HEIGHT="42" HPOS="85" VPOS="2651" WIDTH="48" />
<SP HEIGHT="29" HPOS="134" VPOS="2664" WIDTH="20" />
<String CONTENT="a" HEIGHT="29" HPOS="155" VPOS="2664" WIDTH="26" />
<SP HEIGHT="29" HPOS="182" VPOS="2664" WIDTH="28" />
<String CONTENT="revised" HEIGHT="40" HPOS="211" VPOS="2653" WIDTH="187" />
<SP HEIGHT="38" HPOS="399" VPOS="2653" WIDTH="24" />
<String CONTENT="and" HEIGHT="40" HPOS="424" VPOS="2651" WIDTH="95" />
<SP HEIGHT="39" HPOS="520" VPOS="2651" WIDTH="25" />
<String CONTENT="enlarged" HEIGHT="45" HPOS="546" VPOS="2650" WIDTH="228" />
<SP HEIGHT="40" HPOS="775" VPOS="2650" WIDTH="22" />
<String CONTENT="edition" HEIGHT="42" HPOS="798" VPOS="2648" WIDTH="183" />
<SP HEIGHT="40" HPOS="982" VPOS="2648" WIDTH="24" />
<String CONTENT="in" HEIGHT="40" HPOS="1007" VPOS="2648" WIDTH="49" />
<SP HEIGHT="40" HPOS="1057" VPOS="2648" WIDTH="26" />
<String CONTENT="1917" HEIGHT="40" HPOS="1084" VPOS="2647" WIDTH="112" />
<SP HEIGHT="42" HPOS="1197" VPOS="2646" WIDTH="26" />
<String CONTENT="as" HEIGHT="31" HPOS="1224" VPOS="2657" WIDTH="53" />
<SP HEIGHT="41" HPOS="1278" VPOS="2647" WIDTH="22" />
<String CONTENT="Bulletin" HEIGHT="41" HPOS="1301" VPOS="2647" WIDTH="218" />
<SP HEIGHT="30" HPOS="1520" VPOS="2659" WIDTH="23" />
<String CONTENT="no." HEIGHT="32" HPOS="1544" VPOS="2658" WIDTH="75" />
<SP HEIGHT="39" HPOS="1620" VPOS="2650" WIDTH="23" />
<String CONTENT="18." HEIGHT="41" HPOS="1644" VPOS="2649" WIDTH="68" />
</TextLine>
<TextLine HEIGHT="59" HPOS="87" VPOS="2702" WIDTH="1906">
<String CONTENT="&#169;" HEIGHT="54" HPOS="87" VPOS="2707" WIDTH="53" />
<SP HEIGHT="53" HPOS="140" VPOS="2707" WIDTH="22" />
<String CONTENT="Apr." HEIGHT="47" HPOS="162" VPOS="2712" WIDTH="116" />
<SP HEIGHT="40" HPOS="278" VPOS="2710" WIDTH="24" />
<String CONTENT="23," HEIGHT="46" HPOS="302" VPOS="2710" WIDTH="71" />
<SP HEIGHT="44" HPOS="373" VPOS="2712" WIDTH="23" />
<String CONTENT="1935;" HEIGHT="49" HPOS="396" VPOS="2707" WIDTH="142" />
<SP HEIGHT="46" HPOS="538" VPOS="2709" WIDTH="26" />
<String CONTENT="2c." HEIGHT="38" HPOS="564" VPOS="2709" WIDTH="69" />
<SP HEIGHT="37" HPOS="633" VPOS="2710" WIDTH="26" />
<String CONTENT="May" HEIGHT="44" HPOS="659" VPOS="2710" WIDTH="113" />
<SP HEIGHT="45" HPOS="772" VPOS="2709" WIDTH="24" />
<String CONTENT="4;" HEIGHT="46" HPOS="796" VPOS="2708" WIDTH="54" />
<SP HEIGHT="36" HPOS="850" VPOS="2717" WIDTH="29" />
<String CONTENT="aff." HEIGHT="39" HPOS="879" VPOS="2707" WIDTH="83" />
<SP HEIGHT="38" HPOS="962" VPOS="2708" WIDTH="27" />
<String CONTENT="May" HEIGHT="45" HPOS="989" VPOS="2708" WIDTH="115" />
<SP HEIGHT="46" HPOS="1104" VPOS="2707" WIDTH="24" />
<String CONTENT="21;" HEIGHT="46" HPOS="1128" VPOS="2707" WIDTH="84" />
<SP HEIGHT="47" HPOS="1212" VPOS="2706" WIDTH="27" />
<String CONTENT="A" HEIGHT="38" HPOS="1239" VPOS="2706" WIDTH="43" />
<SP HEIGHT="40" HPOS="1282" VPOS="2706" WIDTH="26" />
<String CONTENT="82962;" HEIGHT="46" HPOS="1308" VPOS="2706" WIDTH="169" />
<SP HEIGHT="43" HPOS="1477" VPOS="2709" WIDTH="32" />
<String CONTENT="D." HEIGHT="39" HPOS="1509" VPOS="2709" WIDTH="57" />
<SP HEIGHT="42" HPOS="1566" VPOS="2707" WIDTH="28" />
<String CONTENT="C." HEIGHT="41" HPOS="1594" VPOS="2707" WIDTH="50" />
<SP HEIGHT="38" HPOS="1644" VPOS="2709" WIDTH="26" />
<String CONTENT="Heath" HEIGHT="39" HPOS="1670" VPOS="2709" WIDTH="166" />
<SP HEIGHT="38" HPOS="1836" VPOS="2710" WIDTH="26" />
<String CONTENT="&amp;" HEIGHT="38" HPOS="1862" VPOS="2710" WIDTH="37" />
<SP HEIGHT="40" HPOS="1899" VPOS="2710" WIDTH="25" />
<String CONTENT="co." HEIGHT="30" HPOS="1924" VPOS="2720" WIDTH="69" />
</TextLine>
<TextLine HEIGHT="49" HPOS="165" VPOS="2766" WIDTH="249">
<String CONTENT="(35-6990)" HEIGHT="49" HPOS="165" VPOS="2766" WIDTH="249" />
</TextLine>
<TextLine HEIGHT="70" HPOS="86" STYLEREFS="StyleId-C84B1C63-7AC2-46C1-BBF0-AA68F606AF1C-" VPOS="2835" WIDTH="1059">
<String CONTENT="Partipilo," HEIGHT="67" HPOS="86" VPOS="2838" WIDTH="298" />
<SP HEIGHT="64" HPOS="385" VPOS="2840" WIDTH="27" />
<String CONTENT="Anthony" HEIGHT="64" HPOS="413" VPOS="2838" WIDTH="286" />
<SP HEIGHT="63" HPOS="700" VPOS="2838" WIDTH="24" />
<String CONTENT="Victor," HEIGHT="68" HPOS="725" VPOS="2835" WIDTH="219" />
<SP HEIGHT="60" HPOS="945" VPOS="2842" WIDTH="30" />
<String CONTENT="1900-" HEIGHT="49" HPOS="976" VPOS="2842" WIDTH="169" />
</TextLine>
<TextLine CS="1" HEIGHT="154" HPOS="92" STYLEREFS="StyleId-B01D4279-EF8F-4D42-B984-A46B5D564C4E-" VPOS="2910" WIDTH="1955">
<String CONTENT="Principles" HEIGHT="69" HPOS="157" VPOS="2915" WIDTH="319" />
<SP HEIGHT="36" HPOS="477" VPOS="2934" WIDTH="25" />
<String CONTENT="of" HEIGHT="53" HPOS="503" VPOS="2916" WIDTH="62" />
<SP HEIGHT="51" HPOS="566" VPOS="2916" WIDTH="27" />
<String CONTENT="operative" HEIGHT="69" HPOS="594" VPOS="2913" WIDTH="290" />
<SP HEIGHT="33" HPOS="885" VPOS="2934" WIDTH="22" />
<String CONTENT="surgery," HEIGHT="48" HPOS="908" VPOS="2933" WIDTH="254" />
<SP HEIGHT="63" HPOS="1163" VPOS="2917" WIDTH="24" />
<String CONTENT="by" HEIGHT="66" HPOS="1188" VPOS="2916" WIDTH="75" />
<SP HEIGHT="65" HPOS="1264" VPOS="2916" WIDTH="24" />
<String CONTENT="A." HEIGHT="51" HPOS="1289" VPOS="2916" WIDTH="71" />
<SP HEIGHT="53" HPOS="1361" VPOS="2916" WIDTH="28" />
<String CONTENT="V." HEIGHT="53" HPOS="1390" VPOS="2916" WIDTH="68" />
<SP HEIGHT="52" HPOS="1459" VPOS="2917" WIDTH="28" />
<String CONTENT="Partipilo" HEIGHT="69" HPOS="1488" VPOS="2916" WIDTH="288" />
<SP HEIGHT="34" HPOS="1777" VPOS="2936" WIDTH="33" />
<String CONTENT="&#8230;" CS="1" />
<SP HEIGHT="55" HPOS="1867" VPOS="2917" WIDTH="69" />
<String CONTENT="Surgery" HEIGHT="148" HPOS="92" VPOS="2916" WIDTH="1955" />
</TextLine>
<TextLine CS="1" HEIGHT="79" HPOS="265" STYLEREFS="StyleId-B01D4279-EF8F-4D42-B984-A46B5D564C4E-" VPOS="2989" WIDTH="1807">
<String CONTENT="of" HEIGHT="53" HPOS="265" VPOS="2994" WIDTH="62" />
<SP HEIGHT="52" HPOS="328" VPOS="2994" WIDTH="35" />
<String CONTENT="the" HEIGHT="51" HPOS="364" VPOS="2995" WIDTH="94" />
<SP HEIGHT="48" HPOS="459" VPOS="2999" WIDTH="35" />
<String CONTENT="thyroid" HEIGHT="66" HPOS="495" VPOS="2993" WIDTH="233" />
<SP HEIGHT="66" HPOS="729" VPOS="2994" WIDTH="36" />
<String CONTENT="gland," HEIGHT="68" HPOS="766" VPOS="2992" WIDTH="192" />
<SP HEIGHT="66" HPOS="959" VPOS="2993" WIDTH="35" />
<String CONTENT="by" HEIGHT="66" HPOS="995" VPOS="2993" WIDTH="75" />
<SP HEIGHT="64" HPOS="1071" VPOS="2995" WIDTH="33" />
<String CONTENT="L." HEIGHT="50" HPOS="1105" VPOS="2995" WIDTH="63" />
<SP HEIGHT="51" HPOS="1169" VPOS="2995" WIDTH="37" />
<String CONTENT="D." HEIGHT="52" HPOS="1207" VPOS="2994" WIDTH="71" />
<SP HEIGHT="51" HPOS="1279" VPOS="2995" WIDTH="37" />
<String CONTENT="Moorhead" HEIGHT="54" HPOS="1317" VPOS="2993" WIDTH="312" />
<SP HEIGHT="53" HPOS="1630" VPOS="2993" WIDTH="42" />
<String CONTENT="&#8230;" CS="1" />
<SP HEIGHT="54" HPOS="1729" VPOS="2996" WIDTH="79" />
<String CONTENT="Surgical" HEIGHT="70" HPOS="1809" VPOS="2994" WIDTH="263" />
</TextLine>
<TextLine HEIGHT="78" HPOS="91" STYLEREFS="StyleId-B01D4279-EF8F-4D42-B984-A46B5D564C4E-" VPOS="3066" WIDTH="1981">
<String CONTENT="anatomy" HEIGHT="62" HPOS="91" VPOS="3078" WIDTH="264" />
<SP HEIGHT="49" HPOS="355" VPOS="3090" WIDTH="25" />
<String CONTENT="of" HEIGHT="53" HPOS="380" VPOS="3071" WIDTH="65" />
<SP HEIGHT="53" HPOS="445" VPOS="3071" WIDTH="22" />
<String CONTENT="the" HEIGHT="53" HPOS="467" VPOS="3071" WIDTH="95" />
<SP HEIGHT="45" HPOS="562" VPOS="3078" WIDTH="23" />
<String CONTENT="thorax," HEIGHT="65" HPOS="585" VPOS="3071" WIDTH="222" />
<SP HEIGHT="46" HPOS="807" VPOS="3090" WIDTH="25" />
<String CONTENT="extremities" HEIGHT="54" HPOS="832" VPOS="3070" WIDTH="346" />
<SP HEIGHT="34" HPOS="1178" VPOS="3089" WIDTH="26" />
<String CONTENT="and" HEIGHT="52" HPOS="1204" VPOS="3071" WIDTH="113" />
<SP HEIGHT="66" HPOS="1317" VPOS="3071" WIDTH="24" />
<String CONTENT="perineum," HEIGHT="68" HPOS="1341" VPOS="3071" WIDTH="311" />
<SP HEIGHT="65" HPOS="1652" VPOS="3073" WIDTH="25" />
<String CONTENT="by" HEIGHT="66" HPOS="1677" VPOS="3073" WIDTH="74" />
<SP HEIGHT="66" HPOS="1751" VPOS="3073" WIDTH="28" />
<String CONTENT="Simon" HEIGHT="55" HPOS="1779" VPOS="3072" WIDTH="198" />
<SP HEIGHT="50" HPOS="1977" VPOS="3077" WIDTH="28" />
<String CONTENT="B." HEIGHT="50" HPOS="2005" VPOS="3077" WIDTH="67" />
</TextLine>
<TextLine CS="1" HEIGHT="78" HPOS="92" STYLEREFS="StyleId-B01D4279-EF8F-4D42-B984-A46B5D564C4E-" VPOS="3144" WIDTH="1648">
<String CONTENT="Chandler" HEIGHT="55" HPOS="92" VPOS="3148" WIDTH="284" />
<SP HEIGHT="32" HPOS="377" VPOS="3169" WIDTH="32" />
<String CONTENT="&#8230;" CS="1" />
<SP HEIGHT="34" HPOS="465" VPOS="3168" WIDTH="31" />
<String CONTENT="with" HEIGHT="53" HPOS="497" VPOS="3148" WIDTH="139" />
<SP HEIGHT="51" HPOS="637" VPOS="3148" WIDTH="25" />
<String CONTENT="209" HEIGHT="48" HPOS="663" VPOS="3152" WIDTH="99" />
<SP HEIGHT="52" HPOS="763" VPOS="3148" WIDTH="25" />
<String CONTENT="illustrations." HEIGHT="56" HPOS="789" VPOS="3147" WIDTH="393" />
<SP HEIGHT="35" HPOS="1183" VPOS="3181" WIDTH="68" />
<String CONTENT="[Chicago," HEIGHT="68" HPOS="1252" VPOS="3148" WIDTH="288" />
<SP HEIGHT="59" HPOS="1541" VPOS="3157" WIDTH="27" />
<String CONTENT="c" HEIGHT="23" HPOS="1569" STYLE="superscript" VPOS="3156" WIDTH="17" />
<String CONTENT="1934]" HEIGHT="63" HPOS="1591" VPOS="3154" WIDTH="149" />
</TextLine>
<TextLine HEIGHT="55" HPOS="160" STYLEREFS="StyleId-B01D4279-EF8F-4D42-B984-A46B5D564C4E-" VPOS="3218" WIDTH="837">
<String CONTENT="vii," HEIGHT="47" HPOS="160" VPOS="3222" WIDTH="79" />
<SP HEIGHT="46" HPOS="240" VPOS="3223" WIDTH="25" />
<String CONTENT="362" HEIGHT="41" HPOS="266" VPOS="3221" WIDTH="85" />
<SP HEIGHT="47" HPOS="352" VPOS="3222" WIDTH="25" />
<String CONTENT="p." HEIGHT="37" HPOS="378" VPOS="3232" WIDTH="42" />
<SP HEIGHT="41" HPOS="421" VPOS="3220" WIDTH="55" />
<String CONTENT="illus.," HEIGHT="49" HPOS="477" VPOS="3219" WIDTH="141" />
<SP HEIGHT="45" HPOS="619" VPOS="3222" WIDTH="28" />
<String CONTENT="diagrs." HEIGHT="48" HPOS="648" VPOS="3220" WIDTH="177" />
<SP HEIGHT="21" HPOS="826" VPOS="3251" WIDTH="27" />
<String CONTENT="26" HEIGHT="40" HPOS="880" VPOS="3220" WIDTH="58" />
<String CONTENT="cm" HEIGHT="22" HPOS="937" STYLE="superscript" VPOS="3221" WIDTH="47" />
<String CONTENT="." HEIGHT="10" HPOS="988" VPOS="3251" WIDTH="9" />
</TextLine>
<TextLine HEIGHT="51" HPOS="157" VPOS="3276" WIDTH="484">
<String CONTENT="Photolithoprinted." HEIGHT="51" HPOS="157" VPOS="3276" WIDTH="484" />
</TextLine>
<TextLine HEIGHT="43" HPOS="161" VPOS="3333" WIDTH="466">
<String CONTENT="&#8220;Second" HEIGHT="40" HPOS="161" VPOS="3336" WIDTH="211" />
<SP HEIGHT="39" HPOS="373" VPOS="3336" WIDTH="29" />
<String CONTENT="edition.&#8221;" HEIGHT="42" HPOS="403" VPOS="3333" WIDTH="224" />
</TextLine>
<TextLine HEIGHT="51" HPOS="165" VPOS="3387" WIDTH="1213">
<String CONTENT="&#8220;References&#8221;" HEIGHT="42" HPOS="165" VPOS="3389" WIDTH="344" />
<SP HEIGHT="40" HPOS="510" VPOS="3389" WIDTH="25" />
<String CONTENT="at" HEIGHT="37" HPOS="536" VPOS="3392" WIDTH="50" />
<SP HEIGHT="37" HPOS="587" VPOS="3392" WIDTH="23" />
<String CONTENT="end" HEIGHT="39" HPOS="611" VPOS="3390" WIDTH="91" />
<SP HEIGHT="39" HPOS="703" VPOS="3390" WIDTH="25" />
<String CONTENT="of" HEIGHT="40" HPOS="729" VPOS="3389" WIDTH="51" />
<SP HEIGHT="40" HPOS="781" VPOS="3389" WIDTH="22" />
<String CONTENT="some" HEIGHT="30" HPOS="804" VPOS="3399" WIDTH="130" />
<SP HEIGHT="29" HPOS="935" VPOS="3399" WIDTH="22" />
<String CONTENT="of" HEIGHT="39" HPOS="958" VPOS="3389" WIDTH="50" />
<SP HEIGHT="40" HPOS="1009" VPOS="3389" WIDTH="25" />
<String CONTENT="the" HEIGHT="39" HPOS="1035" VPOS="3390" WIDTH="83" />
<SP HEIGHT="30" HPOS="1119" VPOS="3400" WIDTH="20" />
<String CONTENT="chapters." HEIGHT="48" HPOS="1140" VPOS="3388" WIDTH="238" />
</TextLine>
<TextLine CS="1" HEIGHT="63" HPOS="96" VPOS="3437" WIDTH="1980">
<String CONTENT="&#169;" HEIGHT="54" HPOS="96" VPOS="3442" WIDTH="53" />
<SP HEIGHT="53" HPOS="149" VPOS="3442" WIDTH="26" />
<String CONTENT="Sept." HEIGHT="47" HPOS="175" VPOS="3448" WIDTH="127" />
<SP HEIGHT="39" HPOS="302" VPOS="3448" WIDTH="25" />
<String CONTENT="19," HEIGHT="48" HPOS="327" VPOS="3446" WIDTH="70" />
<SP HEIGHT="46" HPOS="397" VPOS="3448" WIDTH="25" />
<String CONTENT="1934;" CS="1" HEIGHT="41" HPOS="422" VPOS="3446" WIDTH="116" />
<SP HEIGHT="46" HPOS="563" VPOS="3446" WIDTH="30" />
<String CONTENT="2c." HEIGHT="39" HPOS="593" VPOS="3446" WIDTH="66" />
<SP HEIGHT="29" HPOS="659" VPOS="3456" WIDTH="27" />
<String CONTENT="and" HEIGHT="38" HPOS="686" VPOS="3447" WIDTH="98" />
<SP HEIGHT="39" HPOS="784" VPOS="3447" WIDTH="24" />
<String CONTENT="aff." HEIGHT="41" HPOS="808" VPOS="3445" WIDTH="81" />
<SP HEIGHT="39" HPOS="889" VPOS="3446" WIDTH="28" />
<String CONTENT="Oct." HEIGHT="39" HPOS="917" VPOS="3446" WIDTH="103" />
<SP HEIGHT="39" HPOS="1020" VPOS="3446" WIDTH="25" />
<String CONTENT="3;" HEIGHT="43" HPOS="1045" VPOS="3446" WIDTH="53" />
<SP HEIGHT="42" HPOS="1098" VPOS="3447" WIDTH="29" />
<String CONTENT="A" HEIGHT="38" HPOS="1127" VPOS="3447" WIDTH="41" />
<SP HEIGHT="39" HPOS="1168" VPOS="3447" WIDTH="26" />
<String CONTENT="76294;" HEIGHT="49" HPOS="1194" VPOS="3444" WIDTH="170" />
<SP HEIGHT="45" HPOS="1364" VPOS="3447" WIDTH="32" />
<String CONTENT="A." HEIGHT="38" HPOS="1396" VPOS="3447" WIDTH="53" />
<SP HEIGHT="38" HPOS="1449" VPOS="3447" WIDTH="27" />
<String CONTENT="V." HEIGHT="40" HPOS="1476" VPOS="3447" WIDTH="54" />
<SP HEIGHT="40" HPOS="1530" VPOS="3447" WIDTH="28" />
<String CONTENT="Partipilo" HEIGHT="50" HPOS="1558" VPOS="3446" WIDTH="238" />
<SP HEIGHT="29" HPOS="1796" VPOS="3460" WIDTH="28" />
<String CONTENT="and" HEIGHT="41" HPOS="1824" VPOS="3448" WIDTH="96" />
<SP HEIGHT="41" HPOS="1920" VPOS="3448" WIDTH="29" />
<String CONTENT="S." HEIGHT="40" HPOS="1949" VPOS="3449" WIDTH="45" />
<SP HEIGHT="38" HPOS="1994" VPOS="3450" WIDTH="28" />
<String CONTENT="B." HEIGHT="38" HPOS="2022" VPOS="3450" WIDTH="54" />
</TextLine>
<TextLine CS="1" HEIGHT="54" HPOS="161" VPOS="3500" WIDTH="1126">
<String CONTENT="Chandler," HEIGHT="46" HPOS="161" VPOS="3505" WIDTH="253" />
<SP HEIGHT="47" HPOS="415" VPOS="3504" WIDTH="28" />
<String CONTENT="Chicago," HEIGHT="49" HPOS="444" VPOS="3502" WIDTH="222" />
<SP HEIGHT="49" HPOS="667" VPOS="3502" WIDTH="68" />
<String CONTENT="(CA" CS="1" HEIGHT="49" HPOS="736" VPOS="3502" WIDTH="15" />
<SP HEIGHT="40" HPOS="819" VPOS="3502" WIDTH="14" />
<String CONTENT="34-1736" HEIGHT="42" HPOS="834" VPOS="3501" WIDTH="201" />
<SP HEIGHT="40" HPOS="1036" VPOS="3502" WIDTH="17" />
<String CONTENT="Unrev&#8217;d)" HEIGHT="51" HPOS="1054" VPOS="3501" WIDTH="233" />
</TextLine>
<TextLine HEIGHT="72" HPOS="96" STYLEREFS="StyleId-C84B1C63-7AC2-46C1-BBF0-AA68F606AF1C-" VPOS="3573" WIDTH="1021">
<String CONTENT="Petersham," HEIGHT="66" HPOS="96" VPOS="3575" WIDTH="361" />
<SP HEIGHT="61" HPOS="458" VPOS="3579" WIDTH="28" />
<String CONTENT="Mrs." HEIGHT="52" HPOS="487" VPOS="3579" WIDTH="136" />
<SP HEIGHT="52" HPOS="624" VPOS="3578" WIDTH="30" />
<String CONTENT="Maud" HEIGHT="53" HPOS="655" VPOS="3578" WIDTH="177" />
<SP HEIGHT="66" HPOS="833" VPOS="3577" WIDTH="30" />
<String CONTENT="(Fuller)" HEIGHT="64" HPOS="864" VPOS="3578" WIDTH="253" />
</TextLine>
<TextLine CS="1" HEIGHT="75" HPOS="165" STYLEREFS="StyleId-B01D4279-EF8F-4D42-B984-A46B5D564C4E-" VPOS="3648" WIDTH="1850">
<String CONTENT="The" HEIGHT="52" HPOS="165" VPOS="3653" WIDTH="122" />
<SP HEIGHT="36" HPOS="288" VPOS="3671" WIDTH="28" />
<String CONTENT="story" HEIGHT="64" HPOS="317" VPOS="3657" WIDTH="157" />
<SP HEIGHT="68" HPOS="475" VPOS="3653" WIDTH="31" />
<String CONTENT="book" HEIGHT="53" HPOS="507" VPOS="3652" WIDTH="147" />
<SP HEIGHT="52" HPOS="655" VPOS="3652" WIDTH="30" />
<String CONTENT="of" HEIGHT="52" HPOS="686" VPOS="3652" WIDTH="64" />
<SP HEIGHT="54" HPOS="751" VPOS="3652" WIDTH="31" />
<String CONTENT="coal," HEIGHT="69" HPOS="783" VPOS="3653" WIDTH="138" />
<SP HEIGHT="68" HPOS="922" VPOS="3653" WIDTH="30" />
<String CONTENT="by" HEIGHT="68" HPOS="953" VPOS="3653" WIDTH="75" />
<SP HEIGHT="68" HPOS="1029" VPOS="3653" WIDTH="31" />
<String CONTENT="Maud" HEIGHT="54" HPOS="1061" VPOS="3652" WIDTH="180" />
<SP HEIGHT="52" HPOS="1242" VPOS="3655" WIDTH="34" />
<String CONTENT="and" HEIGHT="52" HPOS="1277" VPOS="3655" WIDTH="113" />
<SP HEIGHT="53" HPOS="1391" VPOS="3653" WIDTH="30" />
<String CONTENT="Miska" HEIGHT="55" HPOS="1422" VPOS="3651" WIDTH="189" />
<SP HEIGHT="52" HPOS="1612" VPOS="3655" WIDTH="32" />
<String CONTENT="Petersham" HEIGHT="54" HPOS="1645" VPOS="3653" WIDTH="332" />
<SP HEIGHT="35" HPOS="1978" VPOS="3672" WIDTH="37" />
<String CONTENT="&#8230;" CS="1" />
</TextLine>
<TextLine CS="1" HEIGHT="83" HPOS="99" STYLEREFS="StyleId-B01D4279-EF8F-4D42-B984-A46B5D564C4E-" VPOS="3723" WIDTH="1980">
<String CONTENT="Philadelphia," HEIGHT="72" HPOS="99" VPOS="3727" WIDTH="419" />
<SP HEIGHT="68" HPOS="519" VPOS="3729" WIDTH="38" />
<String CONTENT="Chicago" HEIGHT="70" HPOS="558" VPOS="3729" WIDTH="249" />
<SP />
<String CONTENT="[etc.]" CS="1" HEIGHT="34" HPOS="958" VPOS="3763" WIDTH="29" />
<SP HEIGHT="67" HPOS="988" VPOS="3730" WIDTH="42" />
<String CONTENT="The" HEIGHT="53" HPOS="1031" VPOS="3730" WIDTH="123" />
<SP HEIGHT="56" HPOS="1155" VPOS="3730" WIDTH="32" />
<String CONTENT="John" HEIGHT="57" HPOS="1188" VPOS="3729" WIDTH="156" />
<SP HEIGHT="55" HPOS="1345" VPOS="3729" WIDTH="35" />
<String CONTENT="C." HEIGHT="55" HPOS="1381" VPOS="3729" WIDTH="62" />
<SP HEIGHT="54" HPOS="1444" VPOS="3731" WIDTH="35" />
<String CONTENT="Winston" HEIGHT="57" HPOS="1480" VPOS="3728" WIDTH="266" />
<SP HEIGHT="34" HPOS="1747" VPOS="3750" WIDTH="35" />
<String CONTENT="company," HEIGHT="52" HPOS="1783" VPOS="3749" WIDTH="296" />
</TextLine>
<TextLine HEIGHT="51" HPOS="99" STYLEREFS="StyleId-B01D4279-EF8F-4D42-B984-A46B5D564C4E-" VPOS="3809" WIDTH="169">
<String CONTENT="c" HEIGHT="22" HPOS="99" STYLE="superscript" VPOS="3811" WIDTH="18" />
<String CONTENT="1935." HEIGHT="50" HPOS="122" VPOS="3809" WIDTH="146" />
</TextLine>
<TextLine HEIGHT="52" HPOS="174" VPOS="3876" WIDTH="957">
<String CONTENT="[32]" HEIGHT="49" HPOS="174" VPOS="3878" WIDTH="82" />
<SP HEIGHT="38" HPOS="257" VPOS="3889" WIDTH="28" />
<String CONTENT="p." HEIGHT="38" HPOS="286" VPOS="3889" WIDTH="42" />
<SP HEIGHT="40" HPOS="329" VPOS="3879" WIDTH="59" />
<String CONTENT="illus." HEIGHT="42" HPOS="389" VPOS="3878" WIDTH="126" />
<SP HEIGHT="47" HPOS="516" VPOS="3879" WIDTH="37" />
<String CONTENT="(part" HEIGHT="48" HPOS="554" VPOS="3879" WIDTH="134" />
<SP HEIGHT="38" HPOS="689" VPOS="3882" WIDTH="25" />
<String CONTENT="col.)" HEIGHT="47" HPOS="715" VPOS="3878" WIDTH="111" />
<SP HEIGHT="48" HPOS="827" VPOS="3877" WIDTH="64" />
<String CONTENT="21x21" HEIGHT="40" HPOS="892" VPOS="3879" WIDTH="176" />
<String CONTENT="cm" HEIGHT="22" HPOS="1072" STYLE="superscript" VPOS="3881" WIDTH="45" />
<String CONTENT="." HEIGHT="10" HPOS="1121" VPOS="3911" WIDTH="10" />
</TextLine>
<TextLine CS="1" HEIGHT="66" HPOS="102" VPOS="3922" WIDTH="1977">
<String CONTENT="&#169;" HEIGHT="55" HPOS="102" VPOS="3927" WIDTH="53" />
<SP HEIGHT="54" HPOS="156" VPOS="3927" WIDTH="19" />
<String CONTENT="Apr." HEIGHT="48" HPOS="176" VPOS="3934" WIDTH="111" />
<SP HEIGHT="39" HPOS="288" VPOS="3936" WIDTH="24" />
<String CONTENT="15," HEIGHT="46" HPOS="313" VPOS="3936" WIDTH="69" />
<SP HEIGHT="45" HPOS="383" VPOS="3937" WIDTH="22" />
<String CONTENT="1935;" CS="1" HEIGHT="43" HPOS="406" VPOS="3934" WIDTH="117" />
<SP HEIGHT="47" HPOS="547" VPOS="3936" WIDTH="25" />
<String CONTENT="2c." HEIGHT="40" HPOS="573" VPOS="3936" WIDTH="65" />
<SP HEIGHT="39" HPOS="639" VPOS="3937" WIDTH="25" />
<String CONTENT="May" HEIGHT="47" HPOS="665" VPOS="3937" WIDTH="113" />
<SP HEIGHT="48" HPOS="779" VPOS="3936" WIDTH="21" />
<String CONTENT="21;" HEIGHT="49" HPOS="801" VPOS="3935" WIDTH="82" />
<SP HEIGHT="37" HPOS="884" VPOS="3946" WIDTH="27" />
<String CONTENT="aff." HEIGHT="40" HPOS="912" VPOS="3936" WIDTH="82" />
<SP HEIGHT="39" HPOS="995" VPOS="3937" WIDTH="24" />
<String CONTENT="May" HEIGHT="47" HPOS="1020" VPOS="3937" WIDTH="113" />
<SP HEIGHT="48" HPOS="1134" VPOS="3936" WIDTH="22" />
<String CONTENT="22;" HEIGHT="49" HPOS="1157" VPOS="3935" WIDTH="82" />
<SP HEIGHT="46" HPOS="1240" VPOS="3937" WIDTH="27" />
<String CONTENT="A" HEIGHT="39" HPOS="1268" VPOS="3937" WIDTH="41" />
<SP HEIGHT="41" HPOS="1310" VPOS="3937" WIDTH="24" />
<String CONTENT="83265;" HEIGHT="47" HPOS="1335" VPOS="3937" WIDTH="168" />
<SP HEIGHT="46" HPOS="1504" VPOS="3938" WIDTH="28" />
<String CONTENT="John" HEIGHT="41" HPOS="1533" VPOS="3937" WIDTH="127" />
<SP HEIGHT="40" HPOS="1661" VPOS="3938" WIDTH="25" />
<String CONTENT="C," HEIGHT="40" HPOS="1687" VPOS="3938" WIDTH="49" />
<SP HEIGHT="39" HPOS="1737" VPOS="3939" WIDTH="25" />
<String CONTENT="Winston" HEIGHT="41" HPOS="1763" VPOS="3937" WIDTH="225" />
<SP HEIGHT="30" HPOS="1989" VPOS="3948" WIDTH="21" />
<String CONTENT="co." HEIGHT="30" HPOS="2011" VPOS="3948" WIDTH="68" />
</TextLine>
<TextLine HEIGHT="50" HPOS="178" VPOS="3989" WIDTH="275">
<String CONTENT="(35-27198)" HEIGHT="50" HPOS="178" VPOS="3989" WIDTH="275" />
</TextLine>
</TextBlock>
</PrintSpace>
</Page>
</Layout>
</alto>