2424 4375
1038 4038 100 51 803

89 399 161 55 Ohio.
323 401 183 59 Laws,
531 403 255 61 statutes,
902 440 9 9 etc.

154 476 197 68 Page’s
397 476 149 55 Ohio
590 474 343 53 cumulative
976 474 134 52 code
1152 472 229 67 service,
1423 472 333 68 containing
1798 473 97 51 the
1934 473 137 51 laws

88 554 195 69 passed
311 560 61 46 at
396 554 94 51 the
516 554 229 65 regular
771 551 210 54 session
1008 551 62 52 of
1097 551 96 53 the
1220 548 350 70 ninety-first
1597 549 245 55 General

90 568 1959 131 assembly,
232 632 152 51 from
413 633 261 64 January
706 630 49 67 7,
787 633 150 63 1935,
969 635 58 49 to
1056 631 139 65 May
1227 632 84 63 23,
1344 632 154 63 1935,
1526 628 140 54 with
1693 633 159 48 notes

1885 628 62 52 of
88 628 1961 136 decisions
315 708 63 54 of
406 710 96 51 the
529 713 188 49 courts
748 708 111 52 and
888 709 262 66 opinions
1180 707 62 52 of
1271 707 97 52 the
1396 711 263 62 attorney
1688 708 228 65 general

87 724 1964 195 construing the statutes. Edited by George C. Trautwein … Annotations
397 863 1678 69 by Carl Louis Meier … no. 15: 1935 … Cincinnati,
90 945 114 52 The
231 945 85 54 W.
345 945 74 50 H.
448 943 301 52 Anderson
777 960 279 49 company
1088 945 192 64 [c1935]

153 996 508 69 2 p. l., 283 p. 26cm.
89 1084 1987 52 © June 21, 1935; 2c. June 22; aff. June 24; A 84387; W. H. Anderson co.
91 1206 365 66 Pemberton,
484 1206 209 64 Ralph,
723 1206 168 54 1877-

156 1284 282 52 Arthritis
463 1284 111 51 and
599 1283 358 52 rheumatoid
984 1282 320 53 conditions;
1362 1281 149 54 their
1537 1287 202 48 nature
1767 1284 112 51 and
93 1290 1960 139 treatment,
287 1363 74 66 by

95 1361 1958 132 Ralph Pemberton … 2d ed., thoroughly rev.; illustrated with 69
576 1439 343 68 engravings
952 1440 112 52 and
1098 1459 30 32 a
1157 1440 224 53 colored
1413 1441 172 66 plate.
1652 1439 425 69 Philadelphia,

94 1521 105 50 Lea
228 1523 45 49 &
299 1518 260 67 Febiger,
588 1521 151 50 1935.

155 1593 84 39 455
265 1603 41 37 p.
363 1592 141 45 illus.,
532 1591 85 39 col.
644 1601 76 38 pl.,
748 1590 177 48 diagrs.
982 1591 114 38 24cm.

157 1645 408 50 Bibliographical
594 1647 278 39 foot-notes.

93 1714 49 52 ©
167 1717 127 39 June
317 1717 68 46 11,
412 1715 114 41 1935;
581 1715 68 41 2c.
681 1717 125 39 June
834 1715 54 39 12;
947 1714 82 41 aff.
1058 1716 127 39 June
1213 1716 57 38 14;
1325 1716 41 39 A
1392 1716 144 40 84234;
1595 1717 95 40 Lea
1719 1717 37 40 &
1782 1716 214 48 Febiger.

166 1773 247 49 (35-8695)

94 1875 251 66 Pfiffner,
372 1877 154 53 John
554 1875 340 66 McDonald,
926 1881 169 49 1893-

0 1953 2078 70 . Public administration, by John M. Pfiffner … New York,
95 2033 115 51 The
239 2033 223 52 Ronald
496 2050 155 49 press
682 2050 278 49 company
1017 2036 155 49 [c1935]

160 2104 80 49 xii,
272 2105 84 39 525
386 2115 42 37 p.
488 2104 177 48 diagrs.
726 2103 118 42 22cm.
911 2104 252 49 (Political
1193 2104 185 41 science
1408 2104 175 48 series)

163 2162 241 40 “Selected
435 2162 252 47 readings”
715 2164 53 38 at
794 2162 91 39 end
913 2162 51 39 of
992 2162 118 39 each
1136 2163 214 47 chapter.

96 2216 49 52 ©
168 2221 111 47 May
304 2220 69 46 31,
401 2219 140 48 1935;
569 2219 67 40 2c.
664 2220 129 40 June
818 2219 52 47 6;
900 2220 82 39 aff.
1013 2220 128 39 June
1168 2219 52 47 5;
1253 2221 43 39 A
1322 2219 169 47 83494;
1523 2220 191 40 Ronald
1741 2230 135 39 press
1904 2232 67 30 co.

170 2277 247 48 (35-8663)

99 2378 214 55 Punch.
386 2399 50 34 V.
467 2383 115 63 188,
608 2399 88 34 no.
724 2383 153 62 4901,
902 2381 140 66 May
1070 2384 82 61 15,
1181 2383 149 50 1935.

97 2448 1985 55 © 1c. July 11, 1935; A ad int. 20385; pubd. May 15; Herbert Heather,
162 2510 207 40 London.

99 2611 226 67 Riding,
355 2614 213 64 Laura,
598 2619 171 49 1901-

164 2690 347 67 Americans,
554 2691 73 66 by
676 2692 192 50 Laura
913 2692 234 66 Riding.
1255 2693 110 50 [Los
1410 2693 266 65 Angeles]
1729 2693 352 65 Primavera,

102 2770 142 51 1934.

166 2840 56 41 28
247 2851 40 38 p.
344 2841 56 39 24½cm.

163 2898 126 39 Title
315 2898 227 48 vignette.

164 2954 111 41 Two
303 2956 219 39 hundred
551 2953 158 49 copies
735 2953 207 48 printed.

163 3011 153 40 Poem.

100 3063 49 52 ©
173 3068 107 39 Dec.
306 3068 68 46 10,
400 3066 140 48 1934;
567 3067 68 40 2c.
660 3068 120 39 Mar.
807 3066 67 49 19,
901 3067 139 46 1935;
1070 3066 81 41 aff.
1178 3068 130 39 June
1331 3067 83 47 29;
1445 3068 43 39 A
1514 3068 169 46 81063;
1715 3070 162 39 Laura
1905 3067 180 51 Riding

167 3124 294 50 Gottschalk,
494 3126 149 46 Deya,
675 3125 246 46 Mallorca,
959 3124 161 48 Spain.
1193 3124 251 48 (35-4433)

102 3222 369 69 Riesenberg,
499 3225 182 67 Felix,
713 3230 167 51 1879-

103 3304 1952 142 … The left-handed passenger. Garden City, N. Y., Doubleday,
250 3382 195 52 Doran
473 3385 45 50 &
543 3399 296 50 company,
866 3381 124 68 inc.,
1021 3386 148 49 1935.

171 3452 526 49 5 p. l., 309 p. 20cm.
171 3508 158 42 “First
359 3509 225 41 edition.”

104 3560 49 52 ©
184 3566 123 41 June
336 3569 39 46 7,
407 3567 113 40 1935;
581 3568 68 39 2c.
681 3569 95 38 and
809 3567 79 40 aff.
924 3568 124 39 June
1083 3567 54 39 22;
1200 3569 41 38 A
1272 3568 143 40 84376;
1478 3569 51 40 F.
1561 3569 308 48 Riesenberg,
170 3571 1896 99 Bronxville,
319 3624 55 39 N.
400 3625 53 38 Y.
524 3624 250 48 (35-8670)

108 3720 338 71 Robertson,
477 3727 224 63 George
730 3728 82 62 F.,
842 3733 169 49 1853-

226 3800 1856 70 … A small boy’s recollections of the war between the states,
104 3870 1979 78 by George F. Robertson … Clover, S. C., G. F. Robertson,
105 3951 126 52 1932
267 3953 48 68 (i.
357 3973 42 36 e.
429 3955 162 70 1935)
