2424 4375
1227 4084 134 48 1224

395 520 1092 50 2 p. l. , 312 p. illus. (incl. maps) 19½cm.
325 574 1984 60 © 1c. Aug. 29, 1935; A ad int. 20529; pubd. July 1; R. Waughburton,
393 636 211 41 London.
675 637 279 47 (35-15474)

322 710 290 65 Webster,
641 712 190 64 Noah,
864 713 323 55 1758-1843.

393 789 306 54 Webster’s
752 791 344 66 elementary
1147 791 350 67 dictionary;
1554 812 31 33 a
1636 791 559 57 Merriam-Webster;
2279 814 25 32 a

324 866 321 69 dictionary
687 867 95 53 for
823 869 135 66 boys
1001 869 111 52 and
1153 870 156 66 girls.
1387 870 138 53 New
1568 870 179 67 York,
1791 871 327 55 Cincinnati
2168 877 117 61 [etc.]

322 945 997 69 American book company [ c 1935]
392 1018 85 48 xii,
504 1017 83 41 739
615 1029 42 37 p.
711 1018 143 47 illus.,
877 1021 86 37 col,
991 1020 169 47 plates.
1215 1019 55 40 23½
1273 1022 44 20 cm
1323 1051 9 8 .

390 1074 232 41 Previous
655 1074 210 41 editions
893 1076 127 39 have
1050 1076 135 40 title:
1221 1075 260 41 Webster’s
1514 1077 479 47 elementary-school
2025 1076 284 49 dictionary.

324 1127 53 53 ©
408 1132 119 47 Aug.
561 1132 69 46 14,
665 1132 116 40 1935;
839 1131 66 41 2c.
940 1132 95 39 and
1071 1132 81 40 aff.
1186 1133 120 47 Aug.
1342 1133 54 39 15;
1460 1134 43 38 A
1532 1133 169 46 84944;
1741 1133 52 40 G.
1825 1134 39 39 &
1894 1134 47 40 C.
1979 1132 228 41 Merriam
2242 1146 65 29 co.

396 1188 284 49 [Copyright
705 1188 41 41 is
776 1188 203 41 claimed
1008 1199 64 30 on
1099 1189 249 41 additions
1374 1190 97 39 and
1502 1188 251 51 revisions]

400 1246 280 49 (35-13944)

324 1306 221 67 Wight,
575 1307 332 65 Frederick,
939 1312 170 51 1902-

454 1381 1851 72 … South; with paintings by the author. New York, Farrar
318 1460 731 69 & Rinehart, inc. [ c 1935]
387 1532 958 52 4 p. l. , 3-634 p. col. plates. 23½ cm .
322 1588 53 53 ©
402 1593 126 48 Sept.
554 1592 40 48 9,
618 1592 117 40 1935;
785 1591 66 41 2c.
877 1593 128 48 Sept.
1030 1593 55 38 11;
1139 1592 81 39 aff.
1248 1593 126 47 Sept.
1397 1591 55 40 10;
1506 1593 41 38 A
1572 1591 145 42 85872;
1770 1591 51 41 F.
1849 1591 179 48 Wight,
2053 1593 253 48 Chatham,

389 1649 146 40 Mass.
605 1647 279 48 (35-15314)

318 1710 240 65 Wilcox,
589 1711 248 52 Francis
863 1709 315 58 McLellan.

389 1787 122 54 The
544 1788 195 67 gospel
773 1786 64 53 of
871 1786 222 68 health;
1131 1806 31 33 a
1198 1785 311 55 discussion
1545 1786 63 53 of
1641 1788 96 51 the
1769 1786 345 69 underlying
319 1786 1960 146 principles
527 1864 64 54 of
624 1864 289 55 healthful
945 1863 201 69 living,
1179 1865 173 55 based
1383 1882 71 35 on
1488 1865 97 52 the
1616 1864 264 68 teaching
1913 1864 63 53 of
2011 1866 95 51 the
2141 1865 163 53 Bible

318 1943 112 53 and
464 1943 96 53 the
590 1940 262 70 writings
884 1942 64 53 of
979 1943 138 52 Mrs.
1154 1944 66 53 E.
1256 1944 69 54 G.
1358 1940 211 68 White,
1602 1941 139 55 with
1774 1943 96 51 the
1902 1943 398 66 confirmatory

317 2018 1923 69 evidence of scientific research, by Francis M. Wilcox …
315 2096 400 70 Washington,
747 2100 71 52 D.
855 2097 81 69 C.,
966 2097 305 69 Peekskill,
1304 2099 69 54 N.
1409 2099 69 53 Y.
1522 2103 136 63 [etc.]
1698 2098 228 53 Review
1960 2100 112 52 and
2104 2098 191 53 herald

316 2176 335 68 publishing
681 2196 144 34 assn.
863 2181 189 63 [c1935]

389 2248 886 49 130 p. incl. front. (port.) 19½ cm .
319 2302 53 53 ©
399 2307 127 39 June
549 2307 40 48 6,
615 2305 140 47 1935;
784 2306 68 40 2c.
878 2307 129 39 June
1030 2307 52 46 8;
1112 2305 81 40 aff.
1218 2306 130 39 June
1369 2307 24 38 7;
1450 2306 41 38 A
1517 2304 169 47 83519;
1716 2304 194 42 Review
1937 2305 37 40 &
1999 2306 170 39 herald
2196 2304 103 48 pub.

388 2373 127 30 assn.
585 2363 280 47 (35-15143)

317 2422 240 67 Wilson,
585 2423 193 65 Philip
806 2423 162 55 Whit
972 2423 145 64 well,
1149 2425 171 54 1875-

385 2497 1910 71 General Evangeline Booth, by P. Whitwell Wilson … New
315 2575 164 54 York
529 2582 118 61 [etc.]
682 2577 265 69 Fleming
973 2577 76 52 H.
1079 2577 82 52 Re
1166 2577 111 51 veil
1307 2593 280 52 company
1621 2609 14 34 [
1638 2582 19 22 c
1662 2578 151 65 1935]

385 2649 775 49 127 p. front. (port.) 19½ cm .
388 2705 198 40 London
612 2705 183 40 edition
833 2705 221 47 (Hodder
1080 2707 96 38 and
1208 2704 293 48 Stoughton)
1538 2705 90 40 has
1657 2704 134 40 title:
1823 2704 100 40 The
1954 2703 232 49 General;
2217 2704 79 40 the

316 2762 135 46 story
478 2762 53 39 of
555 2761 296 47 Evangeline
880 2762 171 40 Booth.

316 2814 53 53 ©
395 2819 120 48 Aug.
542 2818 42 48 9,
611 2820 113 39 1935;
781 2820 65 39 2c.
874 2820 95 39 and
997 2817 83 42 aff.
1112 2819 127 48 Sept.
1266 2819 25 40 6;
1346 2820 42 38 A
1416 2819 142 40 86167;
1617 2818 221 49 Fleming
1864 2820 60 39 H.
1956 2820 166 39 Revell
2150 2829 67 30 co.

395 2876 279 49 (35-15286)

315 2936 386 66 Winkelman,
730 2936 214 54 Barnie
972 2938 82 63 F.,
1087 2943 170 49 1894-

384 3013 242 53 Modern
657 3013 153 53 chess;
872 3032 73 33 an
973 3013 388 54 introduction
1390 3018 59 49 to
1479 3013 95 53 the
1604 3018 91 48 art
1723 3012 63 53 of
1818 3012 152 54 chess
2001 3032 58 33 as
2089 3011 203 70 played

316 3089 1916 70 by the modern chess master, by Barnie F. Winkelman …
315 3170 70 51 3d
411 3185 113 36 rev.
553 3169 83 52 ed.
697 3169 424 66 Philadelphia,
1148 3168 192 53 David
1366 3168 229 67 McKay
1622 3188 79 34 co.
1756 3172 150 63 [1935]

381 3240 86 41 233
501 3252 43 37 p.
604 3241 128 40 illus.
792 3240 55 41 20
851 3243 42 21 cm
897 3272 10 9 .

315 3293 53 53 ©
399 3300 121 37 Mar.
551 3298 69 47 26,
652 3298 117 39 1935;
824 3298 66 40 2c.
922 3299 94 38 and
1048 3297 81 40 aff.
1161 3298 119 47 Aug.
1311 3297 59 40 15;
1428 3297 42 39 A
1497 3296 146 42 84942;
1704 3297 159 40 David
1896 3297 187 48 McKay
2116 3308 66 29 co.

392 3354 278 47 (35-27155)

313 3414 353 65 Woodburn,
696 3416 199 53 James
925 3414 226 65 Albert,
1184 3421 167 48 1856-

383 3491 123 54 Our
531 3491 215 55 United
776 3493 213 66 States;
1020 3511 31 33 a
1076 3492 221 66 history
1323 3491 64 53 of
1412 3493 96 51 the
1531 3491 213 66 nation,
1770 3492 76 67 by
1870 3493 192 53 James
2089 3492 198 52 Albert

311 3567 1975 68 Woodburn … Thomas Francis Moran … Howard Copeland
312 3645 1972 69 Hill … 1935 ed. New York, Chicago [etc.] Longmans, Green
312 3724 448 65 and co. [ c 1935]
382 3790 1896 51 8 p. l. , 796, xxxiv p. col. front., illus., col. plates, ports, (part col.)
312 3858 135 38 maps
475 3851 136 47 (part
631 3850 196 47 double)
893 3850 145 42 21½cm.

383 3905 69 39 “A
477 3907 126 39 class
629 3905 213 48 library”:
898 3907 171 47 prelim.
1110 3906 102 40 leaf
1239 3906 39 41 5.

312 3959 53 53 ©
392 3964 116 46 Aug.
536 3963 68 45 21,
630 3962 140 48 1935;
799 3962 66 41 2c.
893 3964 95 39 and
1017 3963 80 40 aff.
1126 3964 119 46 Aug.
1274 3962 82 47 24;
1387 3964 40 38 A
1456 3962 168 47 86068;
1655 3963 285 48 Longmans,
1971 3962 154 40 Green
2155 3961 36 39 &
2219 3967 63 33 co.

391 4019 278 49 (35-15773)
