2526 4384
1308 4011 101 50 240

455 472 946 53 2 p. l., [Vii]-x p., 2 l., 201 p. 18½ cm .
734 532 133 48 CONTENTS.—pt.
906 537 33 36 I.
979 532 318 50 Tithes.—pt.
1334 540 57 34 II.
1429 533 194 43 Church
1664 536 366 49 temporalities.
2099 539 78 40 All
2219 539 165 48 things

385 586 646 52 common.—Bibliography
1068 589 64 50 (p.
1163 589 229 49 198-201)

387 639 1995 62 © Oct 19, 1934; 2c. Dec. 28; aff. Dec. 27; A 79168; S. Wood, Fresno,
456 702 144 41 Calif.
670 702 252 50 (35-3599)

384 791 364 67 Woodward,
778 795 246 65 George,
1059 801 171 50 1863-

452 871 123 54 The
622 872 425 68 Pennsylvania
1096 874 308 66 legislator,
1541 918 10 9 II.
1601 874 270 55 Political
1919 894 185 45 essays
2153 878 228 53 written

385 949 96 52 for
502 951 275 52 members
802 951 63 52 of
888 951 97 54 the
1008 952 246 55 General
1278 952 295 70 assembly,
1599 954 302 66 published
1924 972 168 51 every
2115 974 61 35 so
2200 956 179 69 often,

383 1026 1995 78 by George Woodward … Philadelphia, Harris & Partridge,
382 1106 125 67 inc.,
537 1110 150 53 1934.

450 1180 612 51 3 p. l., 3-187 p. 18½ cm .
382 1234 53 53 ©
459 1238 111 40 Dec.
596 1236 71 49 26,
693 1237 114 41 1934;
863 1239 67 39 2c.
958 1239 112 40 Dec.
1096 1238 82 48 28;
1206 1238 82 41 aff.
1317 1239 111 40 Jan.
1455 1239 69 48 15,
1552 1238 141 49 1935;
1724 1240 42 39 A
1792 1240 169 48 79206;
1993 1241 53 40 G.
2073 1242 304 50 Woodward,

451 1293 356 50 Philadelphia.

381 1384 255 68 Wright,
666 1387 248 55 Charles
939 1388 64 55 F.

453 1462 126 56 One
613 1464 285 54 thousand
935 1466 114 52 and
1086 1483 105 35 one
1226 1484 106 36 one
1368 1465 218 54 minute
1622 1465 349 67 black-outs;
2013 1490 31 33 a
2081 1466 297 55 collection

382 1540 65 54 of
470 1560 123 35 new
619 1543 113 52 and
756 1541 249 70 original
1031 1560 139 50 gags
1198 1542 229 54 worked
1453 1548 100 48 out
1580 1563 62 35 as
1666 1544 161 54 short
1851 1543 338 56 black-outs.

382 1541 1970 135 Excellent
609 1620 263 55 material
903 1619 121 54 for:
1051 1620 237 54 musical
1317 1622 251 67 comedy,
1596 1621 278 67 minstrel,
1902 1621 240 69 variety,
381 1620 1974 133 vaudeville

561 1695 1817 73 or stunt programs. By Charles F. Wright … San
379 1774 324 68 Francisco,
746 1774 195 68 Calif.,
987 1774 347 68 Cincinnati,
1380 1774 88 68 O.,
1513 1776 231 53 Banner
1790 1777 137 66 play
1969 1775 232 69 bureau,
2246 1777 127 60 inc.,

373 1859 20 23 c
398 1856 150 50 1934.

448 1922 610 51 2 p. l., 3-181 p. 20½ cm .
376 1979 53 54 ©
452 1985 113 39 Dec.
587 1981 233 49 28,1934;
845 1982 68 40 2c.
938 1982 96 41 and
1057 1982 81 40 aff.
1162 1982 109 40 Jan.
1296 1981 70 48 26,
1390 1981 140 48 1935;
1557 1983 40 39 A
1621 1983 170 47 79379;
1818 1984 195 39 Banner
2038 1984 113 49 play
2173 1984 199 49 bureau,

444 2041 89 39 inc.
605 2039 251 49 (35-1724)

373 2130 257 65 Wright,
659 2131 204 53 James
890 2130 186 55 Abell.

448 2207 122 53 The
601 2208 215 67 parade
846 2206 64 54 of
941 2208 96 52 the
1069 2208 268 66 animals;
1373 2225 79 49 or,
1484 2206 216 68 Capers
1734 2206 65 54 of
1830 2207 216 56 Cattail
2079 2225 182 51 camp,
2290 2208 77 67 by

370 2281 1972 155 James Abell Wright. Racine, Wis., Whitman publishing company [ c 1934 ]
445 2439 84 51 [42]
559 2450 44 37 p.
658 2439 87 41 col.
773 2438 129 41 illus.
955 2436 57 42 32½
1045 2440 45 21 cm
1094 2467 8 9 .

441 2496 126 40 Text
593 2496 96 39 and
715 2495 191 40 colored
931 2492 328 42 illustrations
1287 2504 61 29 on
1376 2492 364 50 lining-papers.

372 2548 53 53 ©
450 2552 101 41 Oct.
577 2552 68 47 10,
670 2551 141 48 1934;
838 2552 66 40 2c.
933 2552 109 40 Dec.
1069 2552 82 46 24;
1180 2551 83 40 aff.
1288 2552 112 38 Dec.
1428 2550 82 47 21;
1538 2550 42 41 A
1604 2550 171 48 79005;
1805 2549 250 43 Whitman
2082 2550 109 50 pub.
2217 2561 68 30 co.

452 2609 222 49 (35-433)

370 2697 254 68 Wright,
653 2697 245 67 Quincy,
929 2703 171 51 1890-

441 2776 210 54 Where
700 2777 96 54 the
847 2778 227 66 League
1124 2774 65 54 of
1239 2773 226 56 nations
1513 2774 197 55 stands
1761 2775 192 67 today,
2001 2774 78 69 by
2128 2774 226 69 Quincy

371 2850 251 71 Wright.
703 2851 419 71 [Minneapolis]
1174 2854 122 53 The
1342 2850 336 71 University
1724 2852 64 55 of
1832 2852 323 54 Minnesota
2203 2871 156 50 press

377 2934 171 65 [1934]

439 3004 58 40 25
529 3012 44 37 p.
631 3002 55 41 23
690 3004 44 21 cm
739 3034 9 9 .
816 3002 301 51 (Half-title:
1147 3003 101 39 The
1281 3003 96 47 day
1408 3002 96 40 and
1536 3002 122 41 hour
1694 3000 149 42 series
1876 3000 54 41 of
1961 3001 82 40 the
2076 3000 280 51 University

371 3058 649 49 of Minnesota … no. 9)
442 3111 1913 54 “This was the … last of a series of lectures given at the University
367 3171 54 43 of
442 3173 272 40 Minnesota
737 3173 178 47 during
934 3171 356 43 International
1314 3171 172 42 affairs
1508 3171 133 41 week
1661 3171 50 40 in
1732 3172 83 40 the
1836 3182 209 30 summer
2068 3171 53 41 of
2140 3171 214 42 1934.”—

413 3231 87 49 p. [4]
367 3283 54 55 ©
450 3289 112 40 Dec.
593 3289 40 45 4,
667 3287 142 48 1934;
842 3289 68 39 2c.
941 3289 109 40 Jan.
1085 3289 41 46 7,
1157 3288 140 46 1935;
1334 3287 80 40 aff.
1449 3287 110 41 Jan.
1592 3286 83 47 24;
1709 3288 42 38 A
1782 3286 170 47 79366;
1990 3284 283 51 University
2304 3287 51 40 of

433 3344 288 47 Minnesota,
757 3343 337 51 Minneapolis.
1164 3343 280 49 (35-27549)

364 3420 236 64 Wrong,
634 3421 225 63 George
890 3419 347 64 McKinnon,
1273 3425 169 49 1860-

438 3495 232 55 Canada
703 3497 112 52 and
845 3497 95 53 the
970 3496 299 54 American
1303 3495 346 65 revolution;
1684 3496 95 51 the
1812 3492 322 69 disruption
2164 3492 64 54 of
2257 3492 97 53 the

371 3571 123 56 first
527 3572 220 54 British
787 3573 229 68 empire,
1053 3572 73 69 by
1162 3571 219 68 George
1416 3572 79 51 M.
1534 3570 233 68 Wrong.
1842 3570 138 52 New
2020 3569 177 68 York,
2232 3570 122 51 The

362 3649 334 53 Macmillan
726 3667 297 51 company,
1055 3652 148 50 1935.

433 3720 664 50 xii p., 1 l., 497 p. 22½ cm .
433 3777 278 41 Half-title:
740 3777 42 39 A
808 3778 188 47 history
1023 3778 54 40 of
1102 3777 214 41 Canada.

434 3832 387 41 “Authorities”:
854 3843 42 37 p.
930 3832 216 43 479-489.

364 3887 52 52 ©
442 3891 107 39 Jan.
576 3890 70 47 22,
675 3891 139 47 1935;
846 3891 67 40 2c.
941 3891 95 40 and
1065 3891 80 40 aff.
1174 3891 110 39 Jan.
1312 3891 82 45 23;
1425 3891 41 38 A
1494 3888 170 49 79336;
1695 3890 280 40 Macmillan
2003 3901 68 29 co.

441 3946 251 50 (35-1792)
