2424 4375
0 0 0 0 693
118 398 246 66 Palmer,
392 401 223 62 Wayne
646 399 259 63 Francis,
934 402 169 50 1895-

187 477 131 53 Men
350 481 44 49 &
423 476 156 68 ships
612 476 62 52 of
704 476 154 66 steel,
887 475 74 67 by
990 475 221 65 Wayne
1240 472 238 54 Francis
1509 473 229 53 Palmer
1770 470 139 54 with
119 472 1962 136 Hanson

245 556 87 52 W.
369 552 290 65 Baldwin;
691 551 269 68 designed
989 552 76 65 by
1094 551 236 55 Gordon
1362 552 61 54 C.
1454 552 236 65 Aymar.
1755 549 140 53 New
1925 547 180 68 York,

118 634 84 52 W.
230 634 247 51 Morrow
507 631 110 52 and
644 648 295 49 company,
969 633 151 50 1935.

187 719 85 41 160
296 730 43 37 p.
369 718 75 41 incl.
502 718 165 45 front.,
695 717 128 40 illus.
985 747 9 9 30cm.

185 791 100 40 The
309 794 133 43 story
470 790 51 40 of
549 791 80 38 the
654 799 127 37 navy
808 788 50 41 in
883 787 227 49 pictures.

119 859 52 53 ©
198 864 112 46 May
338 861 38 46 8,
408 861 140 46 1935;
579 859 67 40 2c.
676 860 95 39 and
801 859 81 40 aff.
913 860 114 47 May
1054 859 81 46 11;
1166 858 41 39 A
1234 856 169 47 81762;
1435 858 70 39 W.
1537 857 50 38 F.
1620 856 206 46 Palmer,
187 854 1904 105 Washington.
353 916 223 50 (35-7409)

119 1018 229 67 Pareto,
378 1018 284 64 Vilfredo,
693 1023 324 51 1848-1923.

190 1095 121 53 The
346 1093 154 54 mind
541 1094 111 53 and
688 1097 209 65 society
931 1094 299 68 <(Trattato
1269 1092 59 53 di
1365 1092 301 67 sociologia
1704 1089 295 70 generale)>
2034 1090 71 68 by

125 1172 259 55 Vilfredo
421 1174 235 65 Pareto;
691 1172 188 54 edited
914 1173 74 66 by
1020 1171 225 55 Arthur
1279 1169 369 69 Livingston;
1685 1167 314 56 translated
2036 1168 68 68 by

123 1251 248 53 Andrew
411 1252 327 66 Bongiorno
783 1252 109 52 and
934 1250 222 54 Arthur
1196 1248 358 68 Livingston,
1594 1246 140 53 with
1775 1248 95 53 the
1914 1246 194 53 advice

124 1323 1982 74 and active cooperation of James Harvey Rogers … New
125 1405 175 70 York,
328 1405 307 70 Harcourt,
664 1406 177 53 Brace
869 1405 111 54 and
1010 1424 278 50 company
1320 1438 14 35 [
1339 1411 18 22 c
1362 1406 133 50 1935
1500 1437 15 35 ]

189 1492 27 39 4
279 1523 9 9 v.
346 1491 135 40 front.
524 1491 172 49 (port.)
736 1492 178 47 diagrs.
973 1491 56 39 24½
1061 1493 44 22 cm
1111 1523 8 8 .

190 1561 160 48 Paged
387 1563 353 46 continuously.

192 1619 161 39 “First
384 1619 225 39 edition.”

194 1674 258 42 “Works”:
486 1685 43 32 v.
566 1677 40 47 1,
642 1686 44 38 p.
717 1675 137 42 xviii.
915 1675 182 41 “Index
1133 1675 95 41 and
1265 1674 393 51 bibliography”:
1696 1686 43 30 v.
1773 1676 43 49 4,
1852 1686 42 38 p.
121 1675 1988 98 [1931]-2033.

455 1804 1653 48 CONTENTS.— v. l. Non-logical conduct.—v. 2. Theory of residues.—
125 1874 44 30 v.
197 1862 46 42 3.
274 1860 188 49 Theory
497 1862 53 39 of
581 1862 421 41 derivations.—v.
1034 1861 41 41 4.
1109 1862 102 39 The
1243 1863 195 46 general
1473 1861 127 41 form
1635 1862 51 40 of
1717 1863 197 45 society.

122 1933 51 53 ©
202 1937 115 47 May
345 1936 69 49 23,
445 1935 113 41 1935
575 1947 9 35 ;
620 1936 66 40 2c.
718 1936 119 39 each
867 1936 95 39 and
992 1935 106 40 affs.
1132 1936 112 46 May
1275 1935 83 46 27;
1392 1936 40 38 A
1493 1935 290 40 83310-83313
1803 1946 8 35 ;
1849 1936 259 46 Harcourt,

190 1994 156 40 Brace
376 1993 37 40 &
447 2004 82 37 co.,
561 1993 91 39 inc.
722 1992 249 48 (35-7463)

120 2096 222 64 Poulet,
372 2096 261 64 Charles,
665 2097 171 53 1887-

189 2173 1859 67 Histoire du Christianisme, par dom Charles Poulet …
121 2252 354 67 Moyen-age.
566 2252 137 53 [fasc.
734 2257 47 61 8]
851 2253 184 66 Paris,
1062 2251 234 56 Gabriel
1326 2252 377 66 Beauchesne,
1734 2254 148 51 1935.

241 2325 958 49 1 p. l., 163-320 p. illus., map. 28½ cm .
188 2396 295 41 Cover-title.

192 2452 232 42 Contains
452 2452 389 48 bibliographies.

123 2519 1987 53 © Mar. 20, 1935; 1c. May 6; A-Foreign 27890; Gabriel Beauchesne et
192 2591 79 29 ses
295 2580 91 40 fils.

122 2681 227 65 Powell,
378 2685 136 50 Mrs.
545 2682 186 53 Marie
763 2683 193 63 (Cole)
996 2689 171 48 1882-

190 2758 258 68 Guiding
480 2760 94 53 the
607 2760 326 66 experience
964 2760 63 53 of
1057 2759 248 67 worship
1345 2759 109 67 [by]
1491 2759 184 54 Marie
1709 2759 137 55 Cole
1877 2760 231 52 Powell.

122 2834 137 55 New
289 2837 176 56 York,
496 2837 327 55 Cincinnati
876 2843 121 56 [etc.]
1032 2837 240 53 Printed
1303 2837 93 53 for
1426 2837 96 52 the
1550 2836 352 68 Leadership
124 2839 1962 141 training

271 2914 335 67 publishing
657 2915 335 52 association
1042 2915 76 65 by
1168 2914 96 53 the
1313 2914 316 53 Methodist
1678 2912 148 55 book
1876 2932 231 36 concern

127 3023 13 34 [
144 2997 18 21 c
167 2994 151 63 1935]

190 3076 84 41 263
304 3088 44 37 p.
406 3088 76 37 pl.,
515 3078 153 48 diagr.
729 3078 55 39 17½
816 3080 44 21 cm
864 3109 12 9 .

195 3145 237 42 “Editor’s
461 3146 358 42 introduction”
849 3148 194 49 signed;
1072 3148 164 39 Erwin
1268 3149 49 39 L.
1347 3148 198 46 Shaver,
1574 3147 266 47 chairman,
1869 3148 240 41 Editorial

124 3204 93 39 and
247 3204 305 41 educational
587 3205 284 40 committee.

195 3259 307 42 “Additional
533 3261 200 48 reading
759 3260 221 41 sources”
1009 3262 52 39 at
1088 3262 87 38 end
1206 3261 51 39 of
1285 3263 123 38 most
1434 3261 52 40 of
1513 3262 83 40 the
1622 3261 240 49 chapters.

129 3325 51 53 ©
210 3331 111 48 Apr.
353 3332 67 47 15,
453 3331 139 48 1935;
627 3332 65 39 2c.
725 3333 95 39 and
851 3331 80 41 aff.
965 3333 113 46 Apr.
1114 3333 80 45 17;
1229 3333 40 38 A
1301 3332 169 47 81484;
1504 3334 63 38 M.
1602 3332 48 41 C.
1682 3333 193 47 Powell,
1908 3333 204 40 Newton

194 3388 186 47 Center,
410 3390 143 38 Mass.
625 3388 248 49 (35-7501)

124 3489 199 55 Public
363 3491 240 53 utilities
646 3498 219 61 reports
898 3494 164 64 (New
1104 3493 195 66 series)
1353 3492 334 68 containing
1727 3494 274 52 decisions
2045 3493 62 53 of

195 3569 95 52 the
321 3571 327 65 regulatory
680 3570 382 54 commissions
1096 3572 111 51 and
1239 3571 62 52 of
1333 3575 144 49 state
1507 3572 112 51 and
1652 3571 219 53 federal
1904 3577 202 46 courts.

193 3646 1913 70 Henry C. Spurr … editor, volume 6. 1935. Washington,
194 3724 1908 70 D. C., Rochester, N. Y., Public utilities reports, inc. [ c 1935]
192 3812 131 45 xxxi,
352 3812 86 39 630
461 3823 43 36 p.
559 3812 55 39 25
618 3815 44 20 cm
667 3843 9 8 .

127 3875 51 53 ©
205 3881 113 48 May
345 3880 69 49 29,
443 3881 141 47 1935;
618 3882 65 40 2c.
716 3884 95 38 and
840 3882 80 40 aff.
951 3883 127 40 June
1106 3883 53 47 1;
1193 3883 41 39 A
1263 3882 169 47 84063;
1466 3882 167 40 Public
1665 3881 205 41 utilities
1902 3882 202 48 reports,

193 3935 91 43 inc.
