2424 4375
1232 4085 100 49 920

341 552 1719 49 xi p., 1 l., 541 p. illus. (incl. maps) 2 pl. on 1 l., diagr. 22cm.
343 610 23 16 “
387 609 164 41 ‘Chats
588 620 59 29 on
685 608 193 42 feature
917 610 210 47 writing’
1169 609 73 50 [by
1282 611 60 39 H.
1385 611 50 39 F.
1474 610 318 50 Harrington]
1834 611 253 48 published
2126 621 129 30 some

272 676 141 38 years
457 677 90 37 ago
591 666 144 51 [1925]
781 677 205 38 appears
1027 667 238 40 herewith
1309 668 152 39 under
1505 678 27 29 a
1575 678 106 29 new
1722 678 141 29 name
1906 678 129 29 more
2079 668 177 49 closely

274 722 227 47 adjusted
532 726 47 36 to
609 723 80 40 the
716 724 233 46 practical
978 726 144 39 needs
1151 724 52 39 of
1229 725 80 39 the
1337 734 159 38 young
1523 724 315 49 writer.”—p.
1867 724 63 40 ix.

344 778 160 42 “First
533 779 225 42 edition.”

345 836 169 41 Forms
546 836 79 39 for
658 837 256 41 “Reader’s
947 841 162 44 report
1140 848 58 29 on
1232 838 328 47 manuscript”:
1621 848 43 38 p.
1701 837 246 50 [525]-535.

345 894 202 39 “Where
577 897 46 38 to
654 896 118 38 send
801 894 223 41 articles”:
1082 906 44 37 p.
1153 894 217 41 496-499.

343 950 375 49 Bibliography:
749 962 42 37 p.
822 951 215 42 504-508.

272 1004 53 51 ©
350 1008 117 47 July
492 1009 40 41 5.
560 1007 112 42 1935;
729 1008 67 41 2c.
825 1009 115 47 July
966 1010 26 39 5;
1049 1009 81 40 aff.
1158 1010 115 46 July
1302 1009 26 40 8;
1386 1010 41 38 A
1458 1008 141 41 83937;
1659 1009 193 48 Harper
1881 1010 37 39 &
1945 1010 125 39 bros.

348 1064 250 48 (35-9443)

271 1153 219 60 Hedde,
519 1153 374 54 Wilhelmina
919 1154 68 57 G.

343 1228 215 67 Speech;
618 1250 32 33 a
675 1230 142 67 high
842 1231 188 54 school
1058 1232 271 53 textbook
1351 1234 61 52 in
1439 1232 201 66 speech
1665 1232 271 65 thinking
1961 1231 112 53 and

272 1249 1965 185 practice, by Wilhelmina G. Hedde … in collaboration with William
274 1384 1963 145 Norwood Brigance … Chicago, Philadelphia, J. B. Lippincott company [c1935]
343 1531 133 48 xviii,
510 1533 85 40 540
628 1545 43 37 p.
731 1534 141 46 illus.,
907 1536 178 47 diagrs.
1147 1534 114 41 20cm.

346 1590 221 40 Includes
605 1590 387 50 bibliographies.

276 1641 52 53 ©
357 1647 125 39 June
511 1647 39 42 3,
581 1646 139 47 1935;
754 1647 67 39 2c.
852 1647 95 39 and
977 1646 81 40 aff.
1087 1647 126 39 June
1242 1647 53 39 27;
1354 1648 40 37 A
1423 1646 169 46 84559;
1626 1647 42 39 J.
1699 1646 53 40 B.
1783 1644 279 50 Lippincott
2087 1656 67 30 co.

353 1702 250 48 (35-9524)

275 1792 221 63 Henry,
526 1792 286 64 Reginald
842 1793 340 64 Buchanan,
1214 1799 169 49 1881-

345 1868 368 69 Genealogies
751 1868 65 53 of
851 1869 95 53 the
982 1869 248 55 families
1267 1869 65 53 of
1368 1870 94 52 the
1501 1867 334 69 presidents,
1871 1866 281 69 compiled
2188 1867 77 69 by

278 1946 283 69 Reginald
602 1947 313 53 Buchanan
954 1948 221 68 Henry,
1214 1966 67 34 m.
1321 1967 47 33 d.
1444 1947 276 67 Rutland,
1756 1947 116 67 Vt.,
1910 1947 122 52 The
2071 1947 195 51 Tuttle

276 2043 296 49 company,
603 2027 149 49 1935.

349 2098 87 40 340
465 2109 29 37 p.
566 2098 145 41 26½cm.

350 2154 375 48 Bibliography:
756 2165 43 37 p.
844 2153 143 41 [9]-10.

280 2207 52 52 ©
355 2211 128 40 June
501 2212 40 46 4,
567 2209 113 42 1935;
731 2211 67 39 2c.
824 2212 94 38 and
941 2211 82 40 aff.
1049 2211 114 47 July
1188 2211 54 38 12;
1295 2212 44 38 A
1361 2210 142 40 85021;
1561 2211 55 39 R.
1645 2212 53 38 B.
1726 2211 180 47 Henry,
1933 2209 219 47 Norfolk,
2180 2210 85 40 Va.

356 2267 249 47 (35-9405)

278 2355 288 62 Hertzler,
597 2356 233 52 Arthur
859 2357 302 62 Emanuel,
1196 2359 167 51 1870-

355 2429 1848 70 Diseases of the thyroid gland, by Arthur E. Hertzler …
288 2508 136 52 with
455 2527 30 33 a
517 2507 232 68 chapter
780 2526 71 34 on
883 2507 248 69 hospital
1162 2514 397 61 management
1590 2507 64 53 of
1684 2508 183 67 goiter
1898 2507 264 67 patients,
2194 2506 71 68 by

286 2582 1981 72 Victor E. Chesky … 3d ed., entirely rewritten. St. Louis,
283 2661 121 54 The
436 2661 60 56 C.
529 2661 68 54 V.
630 2661 202 69 Mosby
861 2680 293 52 company,
1189 2664 148 50 1935.

352 2732 86 39 348
465 2742 43 37 p.
569 2733 125 39 illus.
755 2733 116 40 25cm.

283 2788 52 52 ©
362 2792 125 39 June
514 2792 69 45 10,
609 2790 113 42 1935;
780 2791 66 40 2c.
875 2792 125 41 June
1026 2793 58 39 17;
1136 2792 80 39 aff.
1245 2792 125 39 June
1394 2791 55 40 20;
1504 2793 42 38 A
1572 2791 144 41 83724;
1771 2793 48 40 C.
1847 2792 53 39 V.
1927 2792 168 47 Mosby
2121 2801 67 30 co.

360 2847 250 49 (35-9499)

282 2937 187 64 Hirst,
500 2937 253 54 William
785 2939 220 62 Henry,
1040 2943 170 50 1876-

350 3012 445 53 Constitutional
851 3019 368 62 government
1276 3014 58 51 in
1392 3014 94 51 the
1545 3011 307 70 spotlight;
1911 3013 94 52 the
2062 3009 205 70 origin,

287 3089 369 67 vicissitudes,
689 3090 282 67 problems
1009 3090 111 52 and
1156 3091 164 51 trend
1358 3090 63 53 of
1457 3090 94 53 the
1590 3090 301 52 American
1931 3094 224 63 system,
2191 3088 76 68 by

284 3166 1981 69 William H. Hirst … New York [etc.] Fleming H. Revell
281 3260 309 50 company [c1935]
353 3314 69 46 40.
447 3302 220 53 40A-40B.
693 3316 158 46 41-53,
879 3315 219 46 53A-53B,
1125 3314 175 41 54-200
1323 3325 45 38 p.
1426 3315 116 40 21cm.

287 3370 52 51 ©
366 3374 126 39 June
519 3374 69 42 15.
618 3373 139 41 1935;
788 3373 66 40 2c.
884 3376 94 37 and
1007 3372 80 41 aff.
1119 3374 128 39 June
1272 3374 81 42 29;
1386 3375 40 37 A
1458 3374 168 42 84489:
1664 3373 217 40 Flemina
1912 3374 59 38 H.
2005 3374 163 38 Revell
2201 3383 66 30 co.

366 3429 247 47 (35-9424)

287 3518 338 63 Hotchkiss,
656 3519 225 63 George
910 3520 246 62 Burton,
1189 3524 169 49 1884-

352 3593 91 51 Ad
453 3611 60 32 va
523 3594 137 51 nced
729 3594 251 52 business
1048 3594 491 67 correspondence,
1609 3594 75 67 by
1755 3593 219 68 George
2045 3592 221 51 Burton

289 3668 1977 69 Hotchkiss … and Edward Jones Kilduff … 3d ed., completely
287 3762 106 35 rev.
431 3745 136 52 with
601 3747 95 52 the
730 3747 298 52 assistance
1064 3747 63 52 of
1160 3748 94 51 the
1290 3745 300 70 following
1623 3747 272 52 members

1932 3745 63 53 of
2029 3747 93 52 the
288 3745 1953 140 Department
603 3822 65 52 of
698 3824 251 51 business
985 3824 261 67 English,
1282 3824 225 51 Harold
1544 3823 70 52 A.
1650 3822 207 66 Baker,
1893 3823 272 66 Rudolph
2199 3822 66 51 F.

295 3898 1971 67 Brosius … A. Earl Manville, chairman … [and others] New
290 3973 156 53 York
471 3975 111 52 and
609 3975 255 67 London,
888 3975 233 68 Harper
1144 3978 45 49 &
1214 3975 274 68 brothers,
1551 3979 114 50 1935.
