2424 4375
1058 4079 132 48 1339

139 451 256 66 Bunker,
427 453 197 52 Frank
654 454 226 64 Forest,
914 452 171 54 1873-

208 530 119 51 The
354 530 194 65 junior
573 530 140 65 high
741 530 188 53 school
957 535 390 47 movement—
1347 531 73 51 its
1445 528 358 68 beginnings,
1828 530 75 66 by
1931 531 197 52 Frank

138 604 1964 147 Forest Bunker … Washington, D. C., W. F. Roberts company, 1935.
208 756 104 48 xiii,
338 757 87 40 427
451 768 43 37 p.
550 757 55 38 21
608 759 44 21 cm
656 788 8 8 .

208 819 1921 49 Chapters II -IX, the appendix and the bibliography w ere published
139 876 51 40 in
213 874 116 42 1916
351 887 54 30 as
430 877 82 39 the
535 876 221 41 author’s
779 875 150 41 thesis
966 877 106 48 (PH.
1131 876 33 47 D.)
1200 877 118 39 New
1341 876 131 39 York
1497 875 285 48 university,
1811 878 155 38 under
1992 878 107 39 title:

139 933 99 39 The
262 931 273 42 functional
561 932 387 49 reorganization
974 934 53 39 of
1051 935 83 39 the
1157 932 259 41 American
1438 931 164 50 public
1624 934 162 39 school
1811 936 194 45 system,
2034 935 96 38 and

140 991 105 38 also
269 1000 53 29 as
353 990 54 41 U.
440 990 43 40 S.
515 990 195 39 Bureau
741 990 51 38 of
821 988 257 42 education
1107 989 218 48 bulletin,
1356 989 127 47 1916,
1513 999 74 30 no.
1619 990 39 48 8,
1689 991 156 38 under
1873 990 108 40 title:
2042 991 69 38 Re
139 1045 334 49 organization
500 1047 54 39 of
582 1047 84 39 the
692 1046 163 48 public
881 1047 162 39 school
1072 1049 193 44 system.

208 1104 101 38 The
339 1102 189 49 history
561 1104 94 38 and
688 1103 310 47 background
1032 1103 51 39 of
1117 1104 84 39 the
1231 1102 391 49 reorganization
1656 1104 52 39 of
1740 1104 82 39 the
1856 1103 187 40 schools
2076 1104 53 38 of

140 1160 248 48 Berkeley,
418 1159 158 49 Calif.,
607 1170 60 29 on
699 1160 82 40 the
807 1158 167 49 junior
1000 1158 115 48 high
1145 1161 161 38 school
1337 1159 131 40 basis
1496 1169 83 30 are
1608 1161 186 38 related
1825 1160 50 38 in
1904 1161 228 46 chapters

140 1218 256 39 I and VII .
140 1282 1970 109 © Sept. 7, 1935; 2c. and aff. Sept. 11; A 86259; F. F. Bunker, Washington. (35-17529) 8572
136 1448 180 62 Camp
346 1447 104 53 fire
477 1446 165 65 girls.

202 1521 327 53 Handbook
552 1520 94 54 for
667 1521 312 69 guardians
1002 1520 65 54 of
1090 1520 181 69 Camp
1298 1520 100 54 fire
1424 1520 156 70 girls.
1638 1520 140 53 New
1804 1520 161 53 York
1992 1521 133 68 city,

136 1598 181 69 Camp
343 1599 100 51 fire
470 1598 159 69 girls,
657 1598 127 67 ine.,
815 1602 148 49 1935.

205 1669 1127 52 3 p. l., [5]-189 p. inch front., illus. 17½ cm .
206 1733 167 42 “Fifth
397 1734 229 49 printing,
656 1733 157 41 1935.”

203 1789 223 42 Includes
461 1789 389 50 bibliographies.

140 1858 51 54 ©
217 1863 126 47 Sept.
368 1863 68 48 18,
461 1862 112 41 1935;
627 1863 67 40 2c.
723 1863 127 47 Sept.
874 1862 82 47 14;
984 1862 80 40 aff.
1092 1863 101 40 Oct.
1219 1862 80 47 18;
1325 1863 42 39 A
1391 1862 169 47 85964;
1589 1863 150 49 Camp
1764 1863 87 39 fire
1876 1862 132 50 girls,
2036 1865 88 38 inc.

211 1919 279 49 [Copyright
521 1920 43 40 is
593 1919 203 41 claimed
827 1929 60 30 on
917 1930 105 30 new
1053 1922 193 46 matter]
1319 1919 279 49 (35-17324)

140 2022 290 65 Charney,
458 2023 200 53 Aaron
685 2024 68 54 R.

1921 2121 138 60 ספר
1673 2121 216 60 חזיונות
1429 2121 212 58 הסבא.
895 2095 458 94 אילוסטרירטע
649 2119 212 62 דרשות
523 2121 96 78 און
135 2095 356 104 לעקטשורס

135 2193 1996 106 וועגען רעליגיעזע, מ אׇ ראלע און ס אׇ צי אַ לע ענינים … מאת
311 2307 1820 88 אהרן ראובן־המכונה סבא־טשארני… ניו־י אׇ רק, תרצ״ה.
212 2414 28 38 4
265 2425 41 37 p.
369 2444 8 16 l.,
409 2414 188 49 [7]-269,
629 2416 53 47 [1]
713 2425 42 37 p.
810 2415 57 38 24
869 2417 43 20 cm
917 2446 8 8 .

209 2471 128 40 Title
363 2471 367 40 transliterated:
788 2470 293 41 Chezionoth
1108 2472 198 39 hasava.

144 2536 51 52 ©
230 2540 118 48 Aug.
387 2542 40 46 1,
465 2540 140 47 1935;
644 2541 66 40 2c.
753 2541 126 47 Sept.
916 2542 53 45 3;
1010 2540 81 40 aff.
1130 2541 120 48 Aug.
1288 2541 83 46 31;
1412 2542 41 38 A
1489 2541 169 47 86143;
1699 2542 52 38 A.
1793 2542 55 39 R.
1890 2542 237 46 Charney,

214 2597 241 48 Bayonne,
486 2598 55 39 N.
573 2598 43 39 J.

143 2696 248 67 Clymer,
418 2700 241 52 Reuben
687 2700 366 63 Swinburne,
1083 2704 168 51 1878-

209 2776 119 53 The
361 2776 370 54 Rosicrucian
762 2776 310 69 fraternity
1106 2778 60 52 in
1199 2777 295 68 America;
1529 2777 291 54 authentic
1855 2778 111 53 and
142 2795 1962 111 spurious
330 2854 424 67 organizations
787 2874 59 34 as
884 2856 327 53 considered
1253 2857 111 52 and
1405 2856 156 53 dealt
1596 2855 141 53 with
1778 2856 57 52 in
1873 2856 257 52 treatises

142 2928 306 72 originally
481 2931 304 68 published
817 2934 110 52 and
964 2933 185 54 issued
1186 2931 61 55 in
1282 2933 357 68 monograph
1677 2932 170 67 form,
1883 2952 126 33 now

2048 2950 57 36 re
142 3008 316 69 published,
482 3009 140 54 with
647 3010 317 69 important
988 3010 309 68 additions,
1321 3011 60 53 in
1407 3011 115 54 this
1551 3015 332 64 permanent
1908 3012 222 52 volume

143 3087 1985 70 as separate books to retain their original form … by Dr. R.
147 3161 335 58 Swinburne
505 3165 245 70 Clymer.
824 3166 246 68 Library
1091 3168 84 52 ed.
1250 3166 405 67 Quakertown,
1680 3168 120 66 Pa.,
1823 3167 118 52 The

1971 3165 130 54 Rosi
143 3240 223 55 crucian
393 3242 345 55 foundation
807 3247 150 65 [c1935]

205 3313 1921 53 9 p. l., 7-463, [1] p. inch front., illus. (1 col.; inch facsims.) col. plates,
142 3373 144 44 ports.
344 3372 59 41 26½
432 3374 43 22 cm
479 3403 9 9 .

212 3427 130 41 Each
368 3428 122 41 book
515 3429 89 41 has
626 3430 179 48 special
832 3432 94 47 t.-p.

148 3490 51 52 ©
238 3496 125 49 Sept.
399 3499 68 48 11,
505 3498 114 41 1935;
683 3500 66 40 2c.
792 3500 126 48 Sept.
957 3501 81 46 12;
1080 3500 81 40 aff.
1204 3502 126 46 Sept.
1370 3500 81 46 16;
1491 3500 40 39 A
1569 3499 169 47 87019;
1780 3500 205 46 Beverly
2025 3500 100 38 hall

211 3555 316 49 corporation,
563 3556 339 48 Quakertown,
936 3558 81 38 Pa.
1089 3557 279 48 (35-17380)

144 3649 193 69 Coffin,
365 3657 219 54 Robert
609 3659 177 52 Peter
813 3658 312 66 Tristram,
1155 3665 170 50 1892-

211 3728 121 55 Red
357 3731 104 70 sky
485 3734 60 52 in
567 3734 97 53 the
687 3735 283 68 morning,
993 3736 76 68 by
1091 3736 216 53 Robert
1332 3737 66 51 P.
1423 3735 284 53 Tristram
1732 3734 194 55 Coffin.
1987 3734 138 52 New

147 3803 174 71 York,
348 3808 119 53 The
494 3810 332 53 Macmillan
856 3830 295 50 company,
1182 3817 150 48 1935.

211 3878 28 39 4
265 3890 43 38 p.
372 3911 9 17 l.,
410 3881 85 40 288
523 3893 42 37 p.
625 3882 55 42 20½
713 3886 43 21 cm
761 3916 8 8 .

149 3942 51 52 ©
226 3948 99 42 Oct.
352 3952 38 45 1,
419 3952 111 40 1935;
587 3952 66 42 2c.
682 3955 96 39 and
806 3954 78 40 aff.
916 3955 100 40 Oct.
1045 3955 25 38 2;
1127 3956 43 38 A
1196 3955 142 40 87402;
1398 3954 280 42 Macmillan
1705 3966 69 30 co.

225 4005 273 53 (35-17494)
