2424 4375
1207 4037 135 53 1074

437 529 9 17 xv,
479 497 84 40 504
594 508 42 38 p.
696 497 56 41 23½c
801 500 27 21 m
833 529 8 9 .

305 566 52 53 ©
386 571 116 48 July
534 572 67 44 15,
636 570 139 47 1935;
809 572 64 39 2c.
907 572 94 38 and
1035 582 80 28 aff.
1147 572 115 47 July
1293 572 82 46 26;
1407 573 40 38 A
1480 571 168 47 85191;
1686 573 262 40 Concordia
1986 575 107 46 pub.
2127 574 161 40 house.

386 627 279 47 (35-12468)

326 748 390 64 [Manganella,
744 748 245 67 Renato]

432 838 1851 69 … Anime in sottordine, romanzo. Milano, A. Mondadori
303 920 172 64 [1935]

366 1002 1711 51 4 p. l., [11]-391 p., 3 l. 19½c m . [His Trilogia del patriarcato. III]
366 1076 63 39 At
461 1075 124 39 head
617 1075 52 40 of
701 1074 107 40 title:
867 1074 146 39 Lucio
1044 1073 225 41 d’Ambra
1308 1076 177 47 [psevd.]
1567 1076 20 37 I
1621 1075 214 40 romanzi
1869 1076 72 39 del
1978 1074 310 50 patriarcato.

301 1142 52 52 ©
377 1146 109 39 Jan.
511 1145 69 48 10,
606 1144 112 41 1935;
773 1147 64 38 1c.
866 1146 111 47 May
998 1144 82 48 25;
1108 1144 308 49 A-Foreign
1439 1144 170 48 27945;
1639 1145 124 41 Casa
1787 1145 202 41 éditrice
2013 1146 54 40 A.
369 1147 1903 95 Mondadori.
563 1202 279 48 (35-12534)

299 1307 363 64 Martenson,
692 1306 216 56 Bertel.

370 1397 83 52 La
489 1396 196 53 loterie
720 1397 267 67 gratuite,
1022 1398 165 51 étude
1223 1397 135 53 d’un
1392 1415 201 50 moyen
1628 1398 66 51 de
1730 1398 405 53 redressement
300 1398 1962 143 économique

596 1493 141 49 [par]
773 1476 192 51 Bertel
991 1476 347 53 Martenson.
1410 1476 202 67 [Paris,
1642 1477 148 65 Imp.
1821 1476 218 67 Bishop
2069 1479 46 50 &
300 1474 1961 145 Garrett,
453 1560 17 21 c
477 1556 151 64 1934]

367 1638 730 50 51, [1] p. incl. forms. 22 cm .
299 1705 1986 52 © Jan. 12, 1935; 1c. Feb. 12; A- Foreign 27345; Columbia trust limited,
367 1767 209 38 London.
647 1765 279 48 (35-12473)

298 1869 339 65 Maugham,
666 1868 252 55 William
949 1870 317 62 Somerset,
1301 1875 169 50 1874-

424 1957 1855 69 … Don Fernando; or, Variations on some Spanish themes.
295 2038 230 51 Garden
556 2035 152 69 City,
737 2036 69 53 N.
839 2036 89 67 Y.,
957 2036 356 69 Doubleday,
1344 2037 197 52 Doran
1572 2037 45 50 &
1646 2054 297 50 company,
1974 2037 125 68 inc.,
2132 2039 147 50 1935.

366 2123 26 40 3
418 2135 27 37 p
490 2125 40 47 l.,
553 2123 85 41 307
663 2134 44 38 p.
766 2122 58 41 20½
855 2125 42 22 cm
902 2155 8 8 .

365 2194 60 38 At
453 2193 123 40 head
603 2192 53 40 of
683 2193 135 40 title:
848 2194 70 39 W.
950 2193 239 39 Somerset
1222 2193 272 46 Maugham.

368 2251 161 41 “First
554 2250 227 41 edition.”

297 2318 52 52 ©
384 2323 113 47 July
530 2321 68 47 19,
630 2322 113 40 1935;
802 2322 67 40 2c.
900 2323 95 38 and
1027 2322 80 39 aff.
1140 2322 119 47 Aug.
1293 2322 54 39 15;
1409 2323 40 38 A
1483 2322 169 47 85515;
1688 2323 71 40 W.
1797 2323 42 40 S.
1872 2322 276 48 Maugham,
2182 2322 102 49 Cap

366 2380 186 46 Ferrat,
579 2380 53 39 A.
664 2380 77 46 M.,
772 2379 196 40 France.
1040 2379 280 48 (35-27257)

292 2484 154 62 May,
475 2483 152 52 John
659 2484 272 52 Bichard.

361 2572 120 51 The
514 2570 194 54 hawks
739 2571 64 52 of
836 2570 180 55 North
1052 2571 290 66 America;
1378 2570 148 54 their
1561 2569 126 53 field
1726 2569 409 55 identification
2170 2572 105 51 and

297 2646 228 70 feeding
566 2647 203 67 habits,
812 2648 70 67 by
924 2648 153 54 John
1125 2648 249 53 Bichard
1417 2648 164 68 May;
1627 2646 321 55 illustrated
1993 2648 70 68 by
2106 2647 170 53 Allan

294 2724 216 53 Brooks
548 2725 110 51 and
698 2725 185 66 Roger
918 2726 151 66 Tory
1108 2725 284 52 Peterson.
1469 2725 135 52 New
1647 2724 158 51 York
1842 2725 133 67 city,
2010 2725 121 52 The
291 2724 1962 131 National
500 2800 332 54 association
866 2801 61 53 of
964 2800 295 54 Audubon,
1282 2798 266 67 societies,
1585 2804 147 48 1935.

359 2871 1916 50 xxxii, [2], 140 p. incl. col. front., illus. (part col.: incl. maps) 25 cm .
361 2929 293 39 “Reference
690 2928 390 48 bibliography”:
1119 2940 41 37 p.
1198 2929 214 40 133-140.

295 2999 52 52 ©
371 3003 111 46 Apr.
505 3001 70 48 22,
598 3001 114 41 1935;
761 3002 66 39 2c.
852 3003 117 45 Aug.
995 3001 51 47 8;
1074 3000 80 40 aff.
1179 3002 119 46 Aug.
1323 3001 25 40 7;
1401 3002 40 38 A
1465 3001 83 40 85403;
1661 3002 96 39 Natl.
1814 3011 113 30 assn.
1968 3002 52 39 of
2042 3002 236 39 Audubon

362 3058 235 41 societies.
661 3058 277 49 (35-27256)

294 3161 317 64 Michigan.
687 3163 180 63 Laws,
896 3168 255 57 statutes,
1181 3169 99 45 etc.

361 3252 246 53 Mason’s
651 3256 132 50 1935
825 3254 358 65 supplement
1221 3257 58 46 to
1318 3252 94 52 the
1454 3252 298 66 Compiled
1793 3253 135 51 laws
1968 3250 64 53 of
294 3251 1954 144 Michigan,

459 3333 148 49 1929.
674 3331 187 65 Being
887 3348 31 33 a
950 3330 368 66 compilation
1349 3329 63 52 of
1442 3329 94 52 the
1568 3332 135 49 laws
1736 3330 62 51 of
1829 3331 95 50 the
1957 3332 150 62 1931,
2141 3331 130 50 1933

294 3408 111 50 and
434 3410 131 48 1935
593 3407 228 66 regular
847 3407 253 64 sessions,
1126 3407 95 52 the
1248 3404 121 54 first
1397 3407 111 51 and
1534 3407 202 52 second
1763 3412 158 47 extra
1948 3406 235 53 sessions
2210 3404 61 53 of

297 3487 131 49 1932
462 3484 110 51 and
605 3485 95 52 the
731 3489 159 46 extra
922 3484 236 53 sessions
1191 3484 61 52 of
1287 3486 132 49 1933
1453 3484 110 51 and
1600 3486 149 63 1934,
1782 3482 274 53 classified
2088 3487 58 48 to
2177 3483 93 52 the

293 3560 1975 67 scheme of the Compiled laws of Michigan, 1929 … William H.
292 3639 218 56 Mason,
537 3638 466 65 editor-in-chief,
1028 3638 155 55 John
1212 3639 54 54 S.
1295 3638 265 64 O’Brien,
1587 3638 264 53 assistant
1876 3637 201 64 editor,
292 3637 1953 130 Richard

423 3716 184 65 Olney
634 3717 219 63 Mason,
880 3714 266 55 assistant
1174 3716 201 64 editor,
1398 3718 90 52 W.
1517 3717 78 51 H.
1622 3716 218 64 Mason,
1867 3715 89 67 jr.,
1984 3714 283 68 compiler.

291 3792 80 53 St.
402 3794 163 62 Paul,
591 3794 167 50 Minn.,
819 3794 199 50 Mason
1046 3792 333 66 publishing
1405 3811 279 48 company
1716 3826 12 32 [
1734 3800 18 20 c
1756 3796 151 62 1935]

357 3864 950 48 4 p. l., 1589 p. front. (port.) 26 cm .
292 3931 52 52 ©
369 3936 117 44 Aug.
512 3935 68 46 16,
606 3934 117 40 1935;
772 3935 64 39 2c.
861 3935 94 39 and
981 3935 81 39 aff.
1088 3936 117 46 Aug.
1233 3934 55 38 22;
1344 3934 39 38 A
1409 3934 141 40 86013;
1606 3935 169 39 Mason
1802 3933 107 48 pub.
1934 3942 67 31 co.
