<alto xmlns="http://www.loc.gov/standards/alto/ns-v3#" xmlns:xsi="http://www.w3.org/2001/XMLSchema-instance" xsi:schemaLocation="http://www.loc.gov/standards/alto/ns-v3# http://www.loc.gov/alto/v3/alto-3-0.xsd"><Description>
<MeasurementUnit>pixel</MeasurementUnit>
<sourceImageInformation>
<fileName>1935_v32_Part1.pdf</fileName>
</sourceImageInformation>
<OCRProcessing ID="IdOcr">
<ocrProcessingStep>
<processingDateTime>2019-01-15</processingDateTime>
<processingSoftware>
<softwareCreator>ABBYY</softwareCreator>
<softwareName>ABBYY Recognition Server</softwareName>
<softwareVersion>4.0</softwareVersion>
</processingSoftware>
</ocrProcessingStep>
</OCRProcessing>
</Description>
<Styles>
<ParagraphStyle ALIGN="Left" FIRSTLINE="0." ID="StyleId-FFFFFFFF-FFFF-FFFF-FFFF-FFFFFFFFFFFF-" LEFT="0." RIGHT="0." />
<ParagraphStyle ALIGN="Left" FIRSTLINE="0." ID="StyleId-09A13A44-4F77-4ABE-84F3-84CC8B3C72CE-" LEFT="0." LINESPACE="7.699999809" RIGHT="0." />
<ParagraphStyle ALIGN="Left" FIRSTLINE="-10." ID="StyleId-1F945060-F8CD-4435-B69A-5FF49DB0C586-" LEFT="0." LINESPACE="12.19999981" RIGHT="0." />
<ParagraphStyle ALIGN="Block" FIRSTLINE="-14." ID="StyleId-C6CAE747-F5A4-4D0D-8D74-D452DA7E2C1C-" LEFT="0." LINESPACE="8.350000381" RIGHT="0." />
<ParagraphStyle ALIGN="Left" FIRSTLINE="0." ID="StyleId-FC0F3374-189A-459E-BE29-2DC14180F022-" LEFT="0." RIGHT="0." />
<ParagraphStyle ALIGN="Left" FIRSTLINE="-12." ID="StyleId-49397C49-A894-4B3E-BA5E-1126226BA375-" LEFT="0." LINESPACE="11.09000015" RIGHT="0." />
<ParagraphStyle ALIGN="Block" FIRSTLINE="-14." ID="StyleId-9E34DD3A-E661-48BD-A3A1-6A3D48346F00-" LEFT="0." LINESPACE="11.09000015" RIGHT="0." />
<ParagraphStyle ALIGN="Left" FIRSTLINE="0." ID="StyleId-56CE54AA-A08B-4BAA-8605-F26020A0E36E-" LEFT="0." LINESPACE="9.399999619" RIGHT="0." />
<ParagraphStyle ALIGN="Left" FIRSTLINE="-11." ID="StyleId-77814FFC-C42F-4AA9-9880-EF33B947DEC8-" LEFT="0." LINESPACE="11.06999969" RIGHT="0." />
<ParagraphStyle ALIGN="Center" FIRSTLINE="0." ID="StyleId-FDE92EC0-67DC-4C7B-8A24-094B12C38B6C-" LEFT="0." LINESPACE="11.30000019" RIGHT="0." />
<ParagraphStyle ALIGN="Left" FIRSTLINE="0." ID="StyleId-65180E3B-4C93-4FB8-81EE-E026DD63DBF3-" LEFT="0." LINESPACE="11.10000038" RIGHT="0." />
<ParagraphStyle ALIGN="Left" FIRSTLINE="0." ID="StyleId-10E885C2-5813-4620-B0AA-0FBA30CF7A32-" LEFT="0." LINESPACE="9.5" RIGHT="0." />
<ParagraphStyle ALIGN="Left" FIRSTLINE="0." ID="StyleId-913C2DB5-9F02-4067-BAF7-0AED37B60BBE-" LEFT="0." LINESPACE="6.099999905" RIGHT="0." />
<ParagraphStyle ALIGN="Left" FIRSTLINE="0." ID="StyleId-9C79A9D2-8F08-4A8F-985D-B00E253ED1E5-" LEFT="0." LINESPACE="4.400000095" RIGHT="0." />
<ParagraphStyle ALIGN="Left" FIRSTLINE="0." ID="StyleId-A41F0407-FEFE-4738-9EC5-E05AFFF62781-" LEFT="0." LINESPACE="7.300000191" RIGHT="0." />
<ParagraphStyle ALIGN="Left" FIRSTLINE="0." ID="StyleId-61D37176-94E8-408D-9B87-01C406CE8AB2-" LEFT="0." LINESPACE="8.050000191" RIGHT="0." />
</Styles>
<Layout>
<Page HEIGHT="4375" ID="Page2041" PHYSICAL_IMG_NR="2041" WIDTH="2424">
<TopMargin HEIGHT="420" HPOS="0" VPOS="0" WIDTH="2424">
</TopMargin>
<LeftMargin HEIGHT="3813" HPOS="0" VPOS="420" WIDTH="110">
</LeftMargin>
<RightMargin HEIGHT="3813" HPOS="2124" VPOS="420" WIDTH="300">
</RightMargin>
<BottomMargin HEIGHT="142" HPOS="0" VPOS="4233" WIDTH="2424">
</BottomMargin>
<PrintSpace HEIGHT="3813" HPOS="110" VPOS="420" WIDTH="2014">
<TextBlock CS="1" HEIGHT="155" HPOS="959" ID="Page2041_Block1" LANG="en-US" STYLEREFS="StyleId-CE3A8BB7-3B81-4499-934F-C9BA1EAC289C-" VPOS="4078" WIDTH="465">
<TextLine CS="1" HEIGHT="39" HPOS="1046" VPOS="4078" WIDTH="133">
<String CONTENT="2041" CS="1" HEIGHT="39" HPOS="1046" VPOS="4078" WIDTH="133" />
</TextLine>
</TextBlock>
<TextBlock CS="1" HEIGHT="3636" HPOS="110" ID="Page2041_Block2" LANG="en-US" STYLEREFS="StyleId-DDF9BCA5-7A64-468A-B69C-EBB114F56812-" VPOS="420" WIDTH="2014">
<TextLine HEIGHT="68" HPOS="125" STYLEREFS="StyleId-5B7CD968-EFB3-470C-A0F1-0C7B61565401-" VPOS="431" WIDTH="1983">
<String CONTENT="Atlas" HEIGHT="54" HPOS="125" VPOS="434" WIDTH="173" />
<SP HEIGHT="37" HPOS="299" VPOS="451" WIDTH="47" />
<String CONTENT="of" HEIGHT="52" HPOS="347" VPOS="434" WIDTH="62" />
<SP HEIGHT="52" HPOS="410" VPOS="434" WIDTH="43" />
<String CONTENT="human" HEIGHT="52" HPOS="454" VPOS="434" WIDTH="212" />
<SP HEIGHT="35" HPOS="667" VPOS="451" WIDTH="46" />
<String CONTENT="anatomy;" HEIGHT="63" HPOS="714" VPOS="436" WIDTH="293" />
<SP HEIGHT="48" HPOS="1008" VPOS="451" WIDTH="49" />
<String CONTENT="with" HEIGHT="54" HPOS="1058" VPOS="431" WIDTH="138" />
<SP HEIGHT="52" HPOS="1197" VPOS="433" WIDTH="46" />
<String CONTENT="explanatory" HEIGHT="68" HPOS="1244" VPOS="431" WIDTH="375" />
<SP HEIGHT="63" HPOS="1620" VPOS="435" WIDTH="43" />
<String CONTENT="text" HEIGHT="49" HPOS="1664" VPOS="435" WIDTH="123" />
<SP HEIGHT="52" HPOS="1788" VPOS="432" WIDTH="41" />
<String CONTENT="by" HEIGHT="65" HPOS="1830" VPOS="432" WIDTH="75" />
<SP HEIGHT="64" HPOS="1906" VPOS="433" WIDTH="44" />
<String CONTENT="Jesse" HEIGHT="54" HPOS="1951" VPOS="433" WIDTH="157" />
</TextLine>
<TextLine CS="1" HEIGHT="70" HPOS="193" STYLEREFS="StyleId-5B7CD968-EFB3-470C-A0F1-0C7B61565401-" VPOS="507" WIDTH="1914">
<String CONTENT="Feiring" HEIGHT="67" HPOS="193" VPOS="510" WIDTH="236" />
<SP HEIGHT="67" HPOS="430" VPOS="510" WIDTH="31" />
<String CONTENT="Williams" HEIGHT="53" HPOS="462" VPOS="509" WIDTH="287" />
<SP HEIGHT="33" HPOS="750" VPOS="529" WIDTH="39" />
<String CONTENT="&#8230;" CS="1" />
<SP HEIGHT="34" HPOS="846" VPOS="527" WIDTH="40" />
<String CONTENT="colored" HEIGHT="53" HPOS="887" VPOS="508" WIDTH="223" />
<SP HEIGHT="53" HPOS="1111" VPOS="507" WIDTH="35" />
<String CONTENT="illustrations" HEIGHT="53" HPOS="1147" VPOS="507" WIDTH="377" />
<SP HEIGHT="53" HPOS="1525" VPOS="507" WIDTH="32" />
<String CONTENT="by" HEIGHT="68" HPOS="1558" VPOS="507" WIDTH="75" />
<SP HEIGHT="68" HPOS="1634" VPOS="507" WIDTH="34" />
<String CONTENT="Franz" HEIGHT="51" HPOS="1669" VPOS="507" WIDTH="188" />
<SP HEIGHT="51" HPOS="1858" VPOS="507" WIDTH="35" />
<String CONTENT="Frohse" HEIGHT="52" HPOS="1894" VPOS="507" WIDTH="213" />
</TextLine>
<TextLine CS="1" HEIGHT="69" HPOS="255" STYLEREFS="StyleId-5B7CD968-EFB3-470C-A0F1-0C7B61565401-" VPOS="584" WIDTH="1854">
<String CONTENT="&#8230;" CS="1" />
<SP HEIGHT="54" HPOS="255" VPOS="586" WIDTH="39" />
<String CONTENT="Max" HEIGHT="53" HPOS="295" VPOS="586" WIDTH="140" />
<SP />
<String CONTENT="Br&#246;del" CS="1" HEIGHT="53" HPOS="472" VPOS="586" WIDTH="211" />
<SP HEIGHT="52" HPOS="684" VPOS="586" WIDTH="42" />
<String CONTENT="&#8230;" CS="1" />
<SP HEIGHT="35" HPOS="784" VPOS="618" WIDTH="44" />
<String CONTENT="[and]" CS="1" HEIGHT="66" HPOS="848" VPOS="586" WIDTH="130" />
<SP HEIGHT="67" HPOS="979" VPOS="585" WIDTH="38" />
<String CONTENT="Leon" HEIGHT="54" HPOS="1018" VPOS="585" WIDTH="155" />
<SP HEIGHT="56" HPOS="1174" VPOS="584" WIDTH="35" />
<String CONTENT="Schlossberg" HEIGHT="69" HPOS="1210" VPOS="584" WIDTH="366" />
<SP HEIGHT="51" HPOS="1577" VPOS="602" WIDTH="41" />
<String CONTENT="&#8230;" CS="1" />
<SP HEIGHT="53" HPOS="1676" VPOS="584" WIDTH="75" />
<String CONTENT="New" HEIGHT="52" HPOS="1752" VPOS="584" WIDTH="139" />
<SP HEIGHT="52" HPOS="1892" VPOS="584" WIDTH="37" />
<String CONTENT="York," HEIGHT="65" HPOS="1930" VPOS="584" WIDTH="179" />
</TextLine>
<TextLine CS="1" HEIGHT="68" HPOS="193" STYLEREFS="StyleId-5B7CD968-EFB3-470C-A0F1-0C7B61565401-" VPOS="664" WIDTH="877">
<String CONTENT="Barnes" HEIGHT="52" HPOS="193" VPOS="666" WIDTH="216" />
<SP HEIGHT="51" HPOS="410" VPOS="667" WIDTH="26" />
<String CONTENT="&amp;" HEIGHT="51" HPOS="437" VPOS="667" WIDTH="47" />
<SP HEIGHT="54" HPOS="485" VPOS="664" WIDTH="23" />
<String CONTENT="Noble," HEIGHT="68" HPOS="509" VPOS="664" WIDTH="199" />
<SP HEIGHT="68" HPOS="709" VPOS="664" WIDTH="23" />
<String CONTENT="inc." HEIGHT="53" HPOS="733" VPOS="664" WIDTH="110" />
<SP HEIGHT="35" HPOS="844" VPOS="696" WIDTH="32" />
<String CONTENT="[" CS="1" />
<String CONTENT="c" HEIGHT="22" HPOS="895" STYLE="superscript" VPOS="670" WIDTH="19" />
<String CONTENT="1935]" HEIGHT="65" HPOS="918" VPOS="666" WIDTH="152" />
</TextLine>
<TextLine CS="1" HEIGHT="51" HPOS="193" VPOS="736" WIDTH="834">
<String CONTENT="64" HEIGHT="40" HPOS="193" VPOS="739" WIDTH="58" />
<SP HEIGHT="48" HPOS="252" VPOS="739" WIDTH="26" />
<String CONTENT="p." HEIGHT="38" HPOS="279" VPOS="749" WIDTH="43" />
<SP HEIGHT="42" HPOS="323" VPOS="737" WIDTH="59" />
<String CONTENT="illus." HEIGHT="42" HPOS="383" VPOS="737" WIDTH="127" />
<SP HEIGHT="47" HPOS="511" VPOS="739" WIDTH="27" />
<String CONTENT="(part" HEIGHT="48" HPOS="539" VPOS="739" WIDTH="135" />
<SP HEIGHT="38" HPOS="675" VPOS="740" WIDTH="27" />
<String CONTENT="col.)" HEIGHT="49" HPOS="703" VPOS="738" WIDTH="111" />
<SP HEIGHT="51" HPOS="815" VPOS="736" WIDTH="64" />
<String CONTENT="21&#189;" CS="1" HEIGHT="41" HPOS="880" VPOS="736" WIDTH="57" />
<String CONTENT="cm" HEIGHT="22" HPOS="968" STYLE="superscript" VPOS="739" WIDTH="45" />
<String CONTENT="." HEIGHT="11" HPOS="1016" VPOS="767" WIDTH="11" />
</TextLine>
<TextLine HEIGHT="49" HPOS="181" VPOS="792" WIDTH="1924">
<String CONTENT="The" HEIGHT="40" HPOS="181" VPOS="794" WIDTH="101" />
<SP HEIGHT="29" HPOS="283" VPOS="805" WIDTH="27" />
<String CONTENT="anatomical" HEIGHT="41" HPOS="311" VPOS="793" WIDTH="293" />
<SP HEIGHT="39" HPOS="605" VPOS="795" WIDTH="28" />
<String CONTENT="charts" HEIGHT="40" HPOS="634" VPOS="794" WIDTH="166" />
<SP HEIGHT="39" HPOS="801" VPOS="794" WIDTH="28" />
<String CONTENT="by" HEIGHT="47" HPOS="830" VPOS="794" WIDTH="60" />
<SP HEIGHT="48" HPOS="891" VPOS="793" WIDTH="29" />
<String CONTENT="Franz" HEIGHT="40" HPOS="921" VPOS="793" WIDTH="158" />
<SP HEIGHT="39" HPOS="1080" VPOS="793" WIDTH="29" />
<String CONTENT="Frohse," HEIGHT="48" HPOS="1110" VPOS="793" WIDTH="196" />
<SP HEIGHT="38" HPOS="1307" VPOS="803" WIDTH="30" />
<String CONTENT="published" HEIGHT="49" HPOS="1338" VPOS="792" WIDTH="254" />
<SP HEIGHT="41" HPOS="1593" VPOS="792" WIDTH="32" />
<String CONTENT="by" HEIGHT="49" HPOS="1626" VPOS="792" WIDTH="61" />
<SP HEIGHT="48" HPOS="1688" VPOS="793" WIDTH="29" />
<String CONTENT="A." HEIGHT="41" HPOS="1718" VPOS="793" WIDTH="55" />
<SP HEIGHT="41" HPOS="1774" VPOS="793" WIDTH="30" />
<String CONTENT="J." HEIGHT="40" HPOS="1805" VPOS="793" WIDTH="44" />
<SP HEIGHT="39" HPOS="1850" VPOS="793" WIDTH="30" />
<String CONTENT="Nystroin" HEIGHT="48" HPOS="1881" VPOS="793" WIDTH="224" />
</TextLine>
<TextLine CS="1" HEIGHT="108" HPOS="123" VPOS="849" WIDTH="1972">
<String CONTENT="&amp;" HEIGHT="42" HPOS="125" VPOS="851" WIDTH="37" />
<SP HEIGHT="42" HPOS="163" VPOS="851" WIDTH="27" />
<String CONTENT="co." HEIGHT="31" HPOS="191" VPOS="862" WIDTH="67" />
<SP HEIGHT="30" HPOS="259" VPOS="863" WIDTH="30" />
<String CONTENT="of" HEIGHT="42" HPOS="290" VPOS="851" WIDTH="52" />
<SP HEIGHT="42" HPOS="343" VPOS="850" WIDTH="27" />
<String CONTENT="Chicago" HEIGHT="51" HPOS="371" VPOS="850" WIDTH="210" />
<SP HEIGHT="41" HPOS="582" VPOS="852" WIDTH="27" />
<String CONTENT="before" HEIGHT="42" HPOS="610" VPOS="851" WIDTH="166" />
<SP HEIGHT="40" HPOS="777" VPOS="853" WIDTH="26" />
<String CONTENT="the" HEIGHT="42" HPOS="804" VPOS="851" WIDTH="82" />
<SP HEIGHT="31" HPOS="887" VPOS="862" WIDTH="28" />
<String CONTENT="world" HEIGHT="43" HPOS="916" VPOS="850" WIDTH="153" />
<SP HEIGHT="39" HPOS="1070" VPOS="852" WIDTH="27" />
<String CONTENT="war," HEIGHT="38" HPOS="1098" VPOS="860" WIDTH="118" />
<SP HEIGHT="46" HPOS="1217" VPOS="852" WIDTH="28" />
<String CONTENT="have" HEIGHT="40" HPOS="1246" VPOS="852" WIDTH="124" />
<SP HEIGHT="43" HPOS="1371" VPOS="849" WIDTH="28" />
<String CONTENT="been" HEIGHT="42" HPOS="1400" VPOS="849" WIDTH="119" />
<SP HEIGHT="29" HPOS="1520" VPOS="861" WIDTH="29" />
<String CONTENT="reproduced" HEIGHT="49" HPOS="1550" VPOS="850" WIDTH="294" />
<SP HEIGHT="41" HPOS="1845" VPOS="850" WIDTH="30" />
<String CONTENT="and" HEIGHT="39" HPOS="1876" VPOS="852" WIDTH="95" />
<SP HEIGHT="39" HPOS="1972" VPOS="852" WIDTH="30" />
<String CONTENT="supplementary" HEIGHT="95" HPOS="123" VPOS="862" WIDTH="1972" />
<SP HEIGHT="37" HPOS="426" VPOS="919" WIDTH="20" />
<String CONTENT="charts" HEIGHT="40" HPOS="447" VPOS="909" WIDTH="166" />
<SP HEIGHT="40" HPOS="614" VPOS="909" WIDTH="19" />
<String CONTENT="have" HEIGHT="40" HPOS="634" VPOS="909" WIDTH="124" />
<SP HEIGHT="40" HPOS="759" VPOS="909" WIDTH="22" />
<String CONTENT="been" HEIGHT="40" HPOS="782" VPOS="909" WIDTH="115" />
<SP HEIGHT="31" HPOS="898" VPOS="918" WIDTH="21" />
<String CONTENT="added" HEIGHT="40" HPOS="920" VPOS="909" WIDTH="157" />
<SP HEIGHT="41" HPOS="1078" VPOS="908" WIDTH="23" />
<String CONTENT="by" HEIGHT="48" HPOS="1102" VPOS="908" WIDTH="60" />
<SP HEIGHT="48" HPOS="1163" VPOS="908" WIDTH="21" />
<String CONTENT="Professor" HEIGHT="42" HPOS="1185" VPOS="907" WIDTH="254" />
<SP HEIGHT="40" HPOS="1440" VPOS="907" WIDTH="21" />
<String CONTENT="Brodel" HEIGHT="42" HPOS="1462" VPOS="907" WIDTH="178" />
<SP HEIGHT="40" HPOS="1641" VPOS="908" WIDTH="20" />
<String CONTENT="and" HEIGHT="40" HPOS="1662" VPOS="908" WIDTH="96" />
<SP HEIGHT="41" HPOS="1759" VPOS="907" WIDTH="23" />
<String CONTENT="Mr." HEIGHT="42" HPOS="1783" VPOS="907" WIDTH="90" />
</TextLine>
<TextLine CS="1" HEIGHT="108" HPOS="124" VPOS="907" WIDTH="1969">
<String CONTENT="Schlossberg." HEIGHT="108" HPOS="124" VPOS="907" WIDTH="1969" />
<SP HEIGHT="41" HPOS="251" VPOS="965" WIDTH="59" />
<String CONTENT="Publisher&#8217;s" HEIGHT="42" HPOS="311" VPOS="965" WIDTH="295" />
<SP HEIGHT="30" HPOS="607" VPOS="976" WIDTH="29" />
<String CONTENT="note." HEIGHT="40" HPOS="637" VPOS="967" WIDTH="125" />
</TextLine>
<TextLine HEIGHT="51" HPOS="196" VPOS="1020" WIDTH="846">
<String CONTENT="&#8220;Selected" HEIGHT="43" HPOS="196" VPOS="1021" WIDTH="245" />
<SP HEIGHT="41" HPOS="442" VPOS="1022" WIDTH="28" />
<String CONTENT="bibliography&#8221;:" HEIGHT="50" HPOS="471" VPOS="1021" WIDTH="392" />
<SP HEIGHT="40" HPOS="864" VPOS="1031" WIDTH="30" />
<String CONTENT="p." HEIGHT="38" HPOS="895" VPOS="1033" WIDTH="44" />
<SP HEIGHT="41" HPOS="940" VPOS="1022" WIDTH="31" />
<String CONTENT="62." HEIGHT="43" HPOS="972" VPOS="1020" WIDTH="70" />
</TextLine>
<TextLine CS="1" HEIGHT="53" HPOS="127" VPOS="1076" WIDTH="1869">
<String CONTENT="&#169;" HEIGHT="53" HPOS="127" VPOS="1076" WIDTH="54" />
<SP HEIGHT="53" HPOS="182" VPOS="1076" WIDTH="24" />
<String CONTENT="Dec." HEIGHT="39" HPOS="207" VPOS="1081" WIDTH="109" />
<SP HEIGHT="40" HPOS="317" VPOS="1079" WIDTH="24" />
<String CONTENT="9," HEIGHT="48" HPOS="342" VPOS="1079" WIDTH="40" />
<SP HEIGHT="46" HPOS="383" VPOS="1081" WIDTH="27" />
<String CONTENT="1935;" CS="1" HEIGHT="41" HPOS="411" VPOS="1079" WIDTH="112" />
<SP HEIGHT="47" HPOS="551" VPOS="1079" WIDTH="29" />
<String CONTENT="2c." HEIGHT="41" HPOS="581" VPOS="1079" WIDTH="67" />
<SP HEIGHT="30" HPOS="649" VPOS="1090" WIDTH="26" />
<String CONTENT="and" HEIGHT="40" HPOS="676" VPOS="1080" WIDTH="95" />
<SP HEIGHT="39" HPOS="772" VPOS="1080" WIDTH="26" />
<String CONTENT="aff." HEIGHT="39" HPOS="799" VPOS="1080" WIDTH="81" />
<SP HEIGHT="39" HPOS="881" VPOS="1080" WIDTH="27" />
<String CONTENT="Dec." HEIGHT="39" HPOS="909" VPOS="1080" WIDTH="112" />
<SP HEIGHT="39" HPOS="1022" VPOS="1080" WIDTH="27" />
<String CONTENT="11;" CS="1" HEIGHT="38" HPOS="1050" VPOS="1080" WIDTH="54" />
<SP HEIGHT="40" HPOS="1132" VPOS="1079" WIDTH="29" />
<String CONTENT="A" HEIGHT="40" HPOS="1162" VPOS="1079" WIDTH="40" />
<SP HEIGHT="41" HPOS="1203" VPOS="1079" WIDTH="28" />
<String CONTENT="88611;" CS="1" HEIGHT="42" HPOS="1232" VPOS="1078" WIDTH="141" />
<SP HEIGHT="44" HPOS="1401" VPOS="1080" WIDTH="31" />
<String CONTENT="Barnes&#183;" HEIGHT="39" HPOS="1433" VPOS="1080" WIDTH="190" />
<SP HEIGHT="41" HPOS="1624" VPOS="1078" WIDTH="23" />
<String CONTENT="&amp;" HEIGHT="41" HPOS="1648" VPOS="1078" WIDTH="37" />
<SP HEIGHT="41" HPOS="1686" VPOS="1078" WIDTH="26" />
<String CONTENT="Noble," HEIGHT="42" HPOS="1713" VPOS="1079" WIDTH="163" />
<SP HEIGHT="41" HPOS="1877" VPOS="1080" WIDTH="29" />
<String CONTENT="inc." HEIGHT="39" HPOS="1907" VPOS="1080" WIDTH="89" />
</TextLine>
<TextLine HEIGHT="49" HPOS="204" VPOS="1136" WIDTH="249">
<String CONTENT="(36-3288)" HEIGHT="49" HPOS="204" VPOS="1136" WIDTH="249" />
</TextLine>
<TextLine HEIGHT="66" HPOS="123" STYLEREFS="StyleId-594AF3FF-D42C-4F34-BEB0-A0466338205D-" VPOS="1239" WIDTH="715">
<String CONTENT="Bartky," HEIGHT="66" HPOS="123" VPOS="1239" WIDTH="247" />
<SP HEIGHT="65" HPOS="371" VPOS="1240" WIDTH="25" />
<String CONTENT="Walter," HEIGHT="64" HPOS="397" VPOS="1239" WIDTH="241" />
<SP HEIGHT="57" HPOS="639" VPOS="1246" WIDTH="28" />
<String CONTENT="1901-" HEIGHT="49" HPOS="668" VPOS="1245" WIDTH="170" />
</TextLine>
<TextLine CS="1" HEIGHT="71" HPOS="190" STYLEREFS="StyleId-5B7CD968-EFB3-470C-A0F1-0C7B61565401-" VPOS="1314" WIDTH="1923">
<String CONTENT="Highligbts" HEIGHT="69" HPOS="190" VPOS="1316" WIDTH="346" />
<SP HEIGHT="35" HPOS="537" VPOS="1334" WIDTH="25" />
<String CONTENT="of" HEIGHT="54" HPOS="563" VPOS="1315" WIDTH="64" />
<SP HEIGHT="54" HPOS="628" VPOS="1315" WIDTH="24" />
<String CONTENT="astronomy," HEIGHT="62" HPOS="653" VPOS="1322" WIDTH="345" />
<SP HEIGHT="67" HPOS="999" VPOS="1315" WIDTH="24" />
<String CONTENT="by" HEIGHT="68" HPOS="1024" VPOS="1315" WIDTH="74" />
<SP HEIGHT="68" HPOS="1099" VPOS="1315" WIDTH="24" />
<String CONTENT="Walter" HEIGHT="54" HPOS="1124" VPOS="1315" WIDTH="222" />
<SP HEIGHT="51" HPOS="1347" VPOS="1316" WIDTH="26" />
<String CONTENT="Bartky" HEIGHT="69" HPOS="1374" VPOS="1314" WIDTH="225" />
<SP HEIGHT="50" HPOS="1600" VPOS="1333" WIDTH="28" />
<String CONTENT="&#8230;" CS="1" />
<SP HEIGHT="50" HPOS="1686" VPOS="1333" WIDTH="32" />
<String CONTENT="photographs" HEIGHT="69" HPOS="1719" VPOS="1314" WIDTH="394" />
</TextLine>
<TextLine HEIGHT="70" HPOS="122" STYLEREFS="StyleId-5B7CD968-EFB3-470C-A0F1-0C7B61565401-" VPOS="1392" WIDTH="1991">
<String CONTENT="by" HEIGHT="68" HPOS="122" VPOS="1394" WIDTH="73" />
<SP HEIGHT="67" HPOS="196" VPOS="1395" WIDTH="28" />
<String CONTENT="Yerkes" HEIGHT="53" HPOS="225" VPOS="1394" WIDTH="215" />
<SP HEIGHT="35" HPOS="441" VPOS="1412" WIDTH="28" />
<String CONTENT="observatory;" HEIGHT="69" HPOS="470" VPOS="1393" WIDTH="393" />
<SP HEIGHT="66" HPOS="864" VPOS="1394" WIDTH="30" />
<String CONTENT="drawings" HEIGHT="70" HPOS="895" VPOS="1392" WIDTH="290" />
<SP HEIGHT="53" HPOS="1186" VPOS="1393" WIDTH="27" />
<String CONTENT="by" HEIGHT="69" HPOS="1214" VPOS="1393" WIDTH="75" />
<SP HEIGHT="69" HPOS="1290" VPOS="1393" WIDTH="29" />
<String CONTENT="Chichi" HEIGHT="55" HPOS="1320" VPOS="1393" WIDTH="203" />
<SP HEIGHT="52" HPOS="1524" VPOS="1394" WIDTH="27" />
<String CONTENT="Lasley." HEIGHT="68" HPOS="1552" VPOS="1393" WIDTH="221" />
<SP HEIGHT="55" HPOS="1774" VPOS="1392" WIDTH="69" />
<String CONTENT="Chicago," HEIGHT="69" HPOS="1844" VPOS="1392" WIDTH="269" />
</TextLine>
<TextLine HEIGHT="69" HPOS="123" STYLEREFS="StyleId-5B7CD968-EFB3-470C-A0F1-0C7B61565401-" VPOS="1470" WIDTH="1375">
<String CONTENT="Ill.," HEIGHT="67" HPOS="123" VPOS="1471" WIDTH="111" />
<SP HEIGHT="66" HPOS="235" VPOS="1472" WIDTH="24" />
<String CONTENT="The" HEIGHT="55" HPOS="260" VPOS="1471" WIDTH="120" />
<SP HEIGHT="55" HPOS="381" VPOS="1471" WIDTH="27" />
<String CONTENT="University" HEIGHT="68" HPOS="409" VPOS="1471" WIDTH="331" />
<SP HEIGHT="48" HPOS="741" VPOS="1491" WIDTH="28" />
<String CONTENT="of" HEIGHT="56" HPOS="770" VPOS="1471" WIDTH="64" />
<SP HEIGHT="55" HPOS="835" VPOS="1470" WIDTH="27" />
<String CONTENT="Chicago" HEIGHT="69" HPOS="863" VPOS="1470" WIDTH="248" />
<SP HEIGHT="51" HPOS="1112" VPOS="1488" WIDTH="26" />
<String CONTENT="press" HEIGHT="51" HPOS="1139" VPOS="1488" WIDTH="154" />
<SP HEIGHT="50" HPOS="1294" VPOS="1489" WIDTH="31" />
<String CONTENT="[1935]" HEIGHT="65" HPOS="1326" VPOS="1474" WIDTH="172" />
</TextLine>
<TextLine CS="1" HEIGHT="49" HPOS="191" VPOS="1545" WIDTH="670">
<String CONTENT="xiii." HEIGHT="43" HPOS="191" VPOS="1545" WIDTH="101" />
<SP />
<String CONTENT="280" HEIGHT="41" HPOS="321" VPOS="1545" WIDTH="89" />
<SP HEIGHT="49" HPOS="411" VPOS="1545" WIDTH="24" />
<String CONTENT="p." HEIGHT="38" HPOS="436" VPOS="1556" WIDTH="41" />
<SP HEIGHT="41" HPOS="478" VPOS="1545" WIDTH="53" />
<String CONTENT="illus." HEIGHT="41" HPOS="532" VPOS="1545" WIDTH="127" />
<SP HEIGHT="41" HPOS="660" VPOS="1545" WIDTH="54" />
<String CONTENT="23&#189;" CS="1" HEIGHT="41" HPOS="715" VPOS="1545" WIDTH="55" />
<String CONTENT="cm" HEIGHT="21" HPOS="803" STYLE="superscript" VPOS="1548" WIDTH="45" />
<String CONTENT="." HEIGHT="8" HPOS="852" VPOS="1578" WIDTH="9" />
</TextLine>
<TextLine CS="1" HEIGHT="50" HPOS="191" VPOS="1602" WIDTH="732">
<String CONTENT="Bibliography:" CS="1" HEIGHT="47" HPOS="191" VPOS="1602" WIDTH="345" />
<SP HEIGHT="37" HPOS="565" VPOS="1613" WIDTH="34" />
<String CONTENT="p." HEIGHT="37" HPOS="600" VPOS="1613" WIDTH="41" />
<SP HEIGHT="29" HPOS="642" VPOS="1623" WIDTH="36" />
<String CONTENT="[262]-263." CS="1" HEIGHT="50" HPOS="679" VPOS="1602" WIDTH="244" />
</TextLine>
<TextLine CS="1" HEIGHT="54" HPOS="127" VPOS="1653" WIDTH="1985">
<String CONTENT="&#169;" HEIGHT="54" HPOS="127" VPOS="1653" WIDTH="53" />
<SP HEIGHT="54" HPOS="181" VPOS="1653" WIDTH="28" />
<String CONTENT="Nov." HEIGHT="40" HPOS="210" VPOS="1659" WIDTH="118" />
<SP HEIGHT="41" HPOS="329" VPOS="1658" WIDTH="31" />
<String CONTENT="8," CS="1" HEIGHT="41" HPOS="361" VPOS="1658" WIDTH="26" />
<SP HEIGHT="40" HPOS="401" VPOS="1660" WIDTH="31" />
<String CONTENT="1935;" CS="1" HEIGHT="42" HPOS="433" VPOS="1657" WIDTH="113" />
<SP HEIGHT="41" HPOS="574" VPOS="1658" WIDTH="32" />
<String CONTENT="2c." HEIGHT="40" HPOS="607" VPOS="1658" WIDTH="67" />
<SP HEIGHT="29" HPOS="675" VPOS="1670" WIDTH="31" />
<String CONTENT="and" HEIGHT="39" HPOS="707" VPOS="1660" WIDTH="98" />
<SP HEIGHT="38" HPOS="806" VPOS="1660" WIDTH="28" />
<String CONTENT="aff." HEIGHT="40" HPOS="835" VPOS="1658" WIDTH="81" />
<SP HEIGHT="39" HPOS="917" VPOS="1659" WIDTH="32" />
<String CONTENT="Dec." HEIGHT="40" HPOS="950" VPOS="1659" WIDTH="111" />
<SP HEIGHT="40" HPOS="1062" VPOS="1659" WIDTH="31" />
<String CONTENT="16;" CS="1" HEIGHT="40" HPOS="1094" VPOS="1658" WIDTH="59" />
<SP HEIGHT="46" HPOS="1177" VPOS="1659" WIDTH="34" />
<String CONTENT="A" HEIGHT="38" HPOS="1212" VPOS="1659" WIDTH="39" />
<SP HEIGHT="41" HPOS="1252" VPOS="1658" WIDTH="31" />
<String CONTENT="89891;" CS="1" HEIGHT="42" HPOS="1284" VPOS="1657" WIDTH="142" />
<SP HEIGHT="46" HPOS="1455" VPOS="1659" WIDTH="35" />
<String CONTENT="University" HEIGHT="50" HPOS="1491" VPOS="1657" WIDTH="280" />
<SP HEIGHT="38" HPOS="1772" VPOS="1669" WIDTH="33" />
<String CONTENT="of" HEIGHT="39" HPOS="1806" VPOS="1659" WIDTH="51" />
<SP HEIGHT="42" HPOS="1858" VPOS="1657" WIDTH="30" />
<String CONTENT="Chicago," HEIGHT="50" HPOS="1889" VPOS="1657" WIDTH="223" />
</TextLine>
<TextLine CS="1" HEIGHT="48" HPOS="197" VPOS="1715" WIDTH="544">
<String CONTENT="Chicago." HEIGHT="48" HPOS="197" VPOS="1715" WIDTH="221" />
<SP HEIGHT="47" HPOS="419" VPOS="1716" WIDTH="73" />
<String CONTENT="(36-3287)" HEIGHT="48" HPOS="493" VPOS="1715" WIDTH="248" />
<SP />
</TextLine>
<TextLine HEIGHT="66" HPOS="121" STYLEREFS="StyleId-594AF3FF-D42C-4F34-BEB0-A0466338205D-" VPOS="1818" WIDTH="797">
<String CONTENT="Berndt," HEIGHT="64" HPOS="121" VPOS="1819" WIDTH="242" />
<SP HEIGHT="64" HPOS="364" VPOS="1819" WIDTH="24" />
<String CONTENT="Alfred" HEIGHT="54" HPOS="389" VPOS="1818" WIDTH="210" />
<SP HEIGHT="51" HPOS="600" VPOS="1821" WIDTH="26" />
<String CONTENT="Ingemar." HEIGHT="63" HPOS="627" VPOS="1821" WIDTH="291" />
</TextLine>
<TextLine CS="1" HEIGHT="69" HPOS="189" STYLEREFS="StyleId-5B7CD968-EFB3-470C-A0F1-0C7B61565401-" VPOS="1895" WIDTH="1922">
<String CONTENT="Wir" HEIGHT="54" HPOS="189" VPOS="1896" WIDTH="128" />
<SP HEIGHT="33" HPOS="318" VPOS="1915" WIDTH="24" />
<String CONTENT="erleben" HEIGHT="52" HPOS="343" VPOS="1896" WIDTH="219" />
<SP HEIGHT="52" HPOS="563" VPOS="1897" WIDTH="26" />
<String CONTENT="die" HEIGHT="52" HPOS="590" VPOS="1897" WIDTH="90" />
<SP HEIGHT="51" HPOS="681" VPOS="1898" WIDTH="25" />
<String CONTENT="befreiung" HEIGHT="68" HPOS="707" VPOS="1896" WIDTH="300" />
<SP HEIGHT="67" HPOS="1008" VPOS="1897" WIDTH="25" />
<String CONTENT="der" HEIGHT="52" HPOS="1034" VPOS="1897" WIDTH="99" />
<SP HEIGHT="55" HPOS="1134" VPOS="1895" WIDTH="27" />
<String CONTENT="Saar;" CS="1" HEIGHT="55" HPOS="1162" VPOS="1895" WIDTH="142" />
<SP HEIGHT="45" HPOS="1332" VPOS="1915" WIDTH="27" />
<String CONTENT="sechs" HEIGHT="52" HPOS="1360" VPOS="1897" WIDTH="155" />
<SP HEIGHT="51" HPOS="1516" VPOS="1897" WIDTH="25" />
<String CONTENT="berichte" HEIGHT="53" HPOS="1542" VPOS="1896" WIDTH="248" />
<SP HEIGHT="53" HPOS="1791" VPOS="1896" WIDTH="24" />
<String CONTENT="deutscher" HEIGHT="54" HPOS="1816" VPOS="1896" WIDTH="295" />
</TextLine>
<TextLine HEIGHT="69" HPOS="123" STYLEREFS="StyleId-5B7CD968-EFB3-470C-A0F1-0C7B61565401-" VPOS="1973" WIDTH="1989">
<String CONTENT="schriftleiter," HEIGHT="66" HPOS="123" VPOS="1973" WIDTH="390" />
<SP HEIGHT="64" HPOS="514" VPOS="1975" WIDTH="34" />
<String CONTENT="herausgegeben" HEIGHT="67" HPOS="549" VPOS="1975" WIDTH="453" />
<SP HEIGHT="33" HPOS="1003" VPOS="1993" WIDTH="36" />
<String CONTENT="von" HEIGHT="34" HPOS="1040" VPOS="1993" WIDTH="110" />
<SP HEIGHT="52" HPOS="1151" VPOS="1975" WIDTH="36" />
<String CONTENT="Alfred-Ingemar" HEIGHT="67" HPOS="1188" VPOS="1974" WIDTH="509" />
<SP HEIGHT="51" HPOS="1698" VPOS="1977" WIDTH="37" />
<String CONTENT="Berndt" HEIGHT="54" HPOS="1736" VPOS="1974" WIDTH="218" />
<SP HEIGHT="49" HPOS="1955" VPOS="1977" WIDTH="38" />
<String CONTENT="und" HEIGHT="52" HPOS="1994" VPOS="1975" WIDTH="118" />
</TextLine>
<TextLine HEIGHT="68" HPOS="122" STYLEREFS="StyleId-5B7CD968-EFB3-470C-A0F1-0C7B61565401-" VPOS="2051" WIDTH="1989">
<String CONTENT="dr." HEIGHT="53" HPOS="122" VPOS="2051" WIDTH="84" />
<SP HEIGHT="54" HPOS="207" VPOS="2051" WIDTH="69" />
<String CONTENT="Otto" HEIGHT="54" HPOS="277" VPOS="2051" WIDTH="139" />
<SP HEIGHT="51" HPOS="417" VPOS="2053" WIDTH="66" />
<String CONTENT="Kriegk." HEIGHT="67" HPOS="484" VPOS="2051" WIDTH="237" />
<SP HEIGHT="51" HPOS="722" VPOS="2053" WIDTH="91" />
<String CONTENT="Mit" HEIGHT="51" HPOS="814" LANG="fr" VPOS="2053" WIDTH="111" />
<SP HEIGHT="46" HPOS="926" VPOS="2058" WIDTH="67" />
<String CONTENT="abbildungen" HEIGHT="68" HPOS="994" VPOS="2051" WIDTH="383" />
<SP HEIGHT="34" HPOS="1378" VPOS="2071" WIDTH="69" />
<String CONTENT="und" HEIGHT="53" HPOS="1448" VPOS="2052" WIDTH="115" />
<SP HEIGHT="67" HPOS="1564" VPOS="2052" WIDTH="69" />
<String CONTENT="photographien," HEIGHT="67" HPOS="1634" VPOS="2052" WIDTH="477" />
</TextLine>
<TextLine HEIGHT="68" HPOS="124" STYLEREFS="StyleId-5B7CD968-EFB3-470C-A0F1-0C7B61565401-" VPOS="2129" WIDTH="1777">
<String CONTENT="zeichnungen" HEIGHT="67" HPOS="124" VPOS="2129" WIDTH="383" />
<SP HEIGHT="34" HPOS="508" VPOS="2147" WIDTH="33" />
<String CONTENT="und" HEIGHT="52" HPOS="542" VPOS="2130" WIDTH="116" />
<SP HEIGHT="52" HPOS="659" VPOS="2130" WIDTH="34" />
<String CONTENT="einer" HEIGHT="53" HPOS="694" VPOS="2129" WIDTH="152" />
<SP HEIGHT="52" HPOS="847" VPOS="2129" WIDTH="31" />
<String CONTENT="karte." HEIGHT="54" HPOS="879" VPOS="2129" WIDTH="177" />
<SP HEIGHT="51" HPOS="1057" VPOS="2131" WIDTH="75" />
<String CONTENT="Berlin," HEIGHT="65" HPOS="1133" VPOS="2130" WIDTH="215" />
<SP HEIGHT="65" HPOS="1349" VPOS="2130" WIDTH="32" />
<String CONTENT="A." HEIGHT="52" HPOS="1382" VPOS="2130" WIDTH="69" />
<SP HEIGHT="55" HPOS="1452" VPOS="2129" WIDTH="40" />
<String CONTENT="Scherl" HEIGHT="55" HPOS="1493" VPOS="2129" WIDTH="195" />
<SP HEIGHT="65" HPOS="1689" VPOS="2132" WIDTH="39" />
<String CONTENT="[1935]" HEIGHT="64" HPOS="1729" VPOS="2133" WIDTH="172" />
</TextLine>
<TextLine CS="1" HEIGHT="39" HPOS="220" STYLEREFS="StyleId-5B7CD968-EFB3-470C-A0F1-0C7B61565401-" VPOS="2203" WIDTH="71">
<String CONTENT="1" CS="1" />
<SP HEIGHT="38" HPOS="220" VPOS="2203" WIDTH="28" />
<String CONTENT="v." HEIGHT="29" HPOS="249" VPOS="2213" WIDTH="42" />
</TextLine>
<TextLine CS="1" HEIGHT="53" HPOS="128" VPOS="2254" WIDTH="1984">
<String CONTENT="&#169;" HEIGHT="53" HPOS="128" VPOS="2254" WIDTH="53" />
<SP HEIGHT="53" HPOS="182" VPOS="2254" WIDTH="48" />
<String CONTENT="Feb." HEIGHT="39" HPOS="231" VPOS="2259" WIDTH="110" />
<SP HEIGHT="41" HPOS="342" VPOS="2257" WIDTH="47" />
<String CONTENT="21," HEIGHT="50" HPOS="390" VPOS="2257" WIDTH="69" />
<SP HEIGHT="47" HPOS="460" VPOS="2260" WIDTH="50" />
<String CONTENT="1935;" CS="1" HEIGHT="41" HPOS="511" VPOS="2257" WIDTH="116" />
<SP />
<String CONTENT="1c." CS="1" />
<SP HEIGHT="40" HPOS="769" VPOS="2258" WIDTH="51" />
<String CONTENT="June" HEIGHT="40" HPOS="821" VPOS="2258" WIDTH="127" />
<SP HEIGHT="39" HPOS="949" VPOS="2259" WIDTH="46" />
<String CONTENT="5;" HEIGHT="46" HPOS="996" VPOS="2259" WIDTH="53" />
<SP HEIGHT="46" HPOS="1050" VPOS="2259" WIDTH="52" />
<String CONTENT="A-Foreign" HEIGHT="48" HPOS="1103" VPOS="2258" WIDTH="309" />
<SP HEIGHT="41" HPOS="1413" VPOS="2257" WIDTH="50" />
<String CONTENT="28065;" HEIGHT="47" HPOS="1464" VPOS="2257" WIDTH="170" />
<SP HEIGHT="45" HPOS="1635" VPOS="2259" WIDTH="53" />
<String CONTENT="August" HEIGHT="47" HPOS="1689" VPOS="2259" WIDTH="188" />
<SP HEIGHT="41" HPOS="1878" VPOS="2258" WIDTH="54" />
<String CONTENT="Scherl," HEIGHT="48" HPOS="1933" VPOS="2258" WIDTH="179" />
</TextLine>
<TextLine HEIGHT="49" HPOS="196" VPOS="2315" WIDTH="281">
<String CONTENT="g." HEIGHT="39" HPOS="196" VPOS="2325" WIDTH="42" />
<SP HEIGHT="30" HPOS="239" VPOS="2326" WIDTH="29" />
<String CONTENT="m." HEIGHT="29" HPOS="269" VPOS="2326" WIDTH="60" />
<SP HEIGHT="40" HPOS="330" VPOS="2315" WIDTH="28" />
<String CONTENT="b." HEIGHT="40" HPOS="359" VPOS="2315" WIDTH="39" />
<SP HEIGHT="38" HPOS="399" VPOS="2316" WIDTH="32" />
<String CONTENT="h." HEIGHT="39" HPOS="432" VPOS="2316" WIDTH="45" />
</TextLine>
<TextLine HEIGHT="65" HPOS="121" STYLEREFS="StyleId-594AF3FF-D42C-4F34-BEB0-A0466338205D-" VPOS="2418" WIDTH="672">
<String CONTENT="Bieberbach," HEIGHT="64" HPOS="121" VPOS="2418" WIDTH="381" />
<SP HEIGHT="62" HPOS="503" VPOS="2420" WIDTH="25" />
<String CONTENT="Ludwig." HEIGHT="63" HPOS="529" VPOS="2420" WIDTH="264" />
</TextLine>
<TextLine CS="1" HEIGHT="54" HPOS="193" STYLEREFS="StyleId-5B7CD968-EFB3-470C-A0F1-0C7B61565401-" VPOS="2496" WIDTH="1919">
<String CONTENT="Lehrbuch" HEIGHT="52" HPOS="193" VPOS="2496" WIDTH="297" />
<SP HEIGHT="52" HPOS="491" VPOS="2496" WIDTH="61" />
<String CONTENT="der" HEIGHT="53" HPOS="553" VPOS="2496" WIDTH="99" />
<SP HEIGHT="53" HPOS="653" VPOS="2496" WIDTH="60" />
<String CONTENT="funktionentheorie." CS="1" HEIGHT="53" HPOS="714" VPOS="2496" WIDTH="575" />
<SP HEIGHT="52" HPOS="1290" VPOS="2497" WIDTH="98" />
<String CONTENT="bd." HEIGHT="52" HPOS="1389" LANG="fr" VPOS="2496" WIDTH="90" />
<SP HEIGHT="48" HPOS="1480" VPOS="2500" WIDTH="67" />
<String CONTENT="1." HEIGHT="49" HPOS="1548" VPOS="2500" WIDTH="43" />
<SP HEIGHT="52" HPOS="1592" VPOS="2497" WIDTH="64" />
<String CONTENT="Elemente" HEIGHT="53" HPOS="1657" VPOS="2497" WIDTH="293" />
<SP HEIGHT="52" HPOS="1951" VPOS="2497" WIDTH="61" />
<String CONTENT="der" HEIGHT="51" HPOS="2013" VPOS="2497" WIDTH="99" />
</TextLine>
<TextLine HEIGHT="69" HPOS="123" STYLEREFS="StyleId-5B7CD968-EFB3-470C-A0F1-0C7B61565401-" VPOS="2571" WIDTH="1989">
<String CONTENT="funktionentheorie." HEIGHT="56" HPOS="123" VPOS="2571" WIDTH="575" />
<SP HEIGHT="48" HPOS="699" VPOS="2578" WIDTH="78" />
<String CONTENT="4." HEIGHT="48" HPOS="778" VPOS="2578" WIDTH="46" />
<SP HEIGHT="34" HPOS="825" VPOS="2592" WIDTH="43" />
<String CONTENT="neubearbeitete" HEIGHT="53" HPOS="869" VPOS="2574" WIDTH="447" />
<SP HEIGHT="33" HPOS="1317" VPOS="2593" WIDTH="45" />
<String CONTENT="aufl." HEIGHT="54" HPOS="1363" VPOS="2572" WIDTH="127" />
<SP HEIGHT="53" HPOS="1491" VPOS="2575" WIDTH="74" />
<String CONTENT="Yon" HEIGHT="53" HPOS="1566" VPOS="2575" WIDTH="129" />
<SP HEIGHT="53" HPOS="1696" VPOS="2573" WIDTH="40" />
<String CONTENT="dr." HEIGHT="53" HPOS="1737" VPOS="2573" WIDTH="83" />
<SP HEIGHT="52" HPOS="1821" VPOS="2574" WIDTH="44" />
<String CONTENT="Ludwig" HEIGHT="67" HPOS="1866" VPOS="2573" WIDTH="246" />
</TextLine>
<TextLine HEIGHT="69" HPOS="123" STYLEREFS="StyleId-5B7CD968-EFB3-470C-A0F1-0C7B61565401-" VPOS="2649" WIDTH="1987">
<String CONTENT="Bieberbach." HEIGHT="55" HPOS="123" VPOS="2649" WIDTH="364" />
<SP HEIGHT="52" HPOS="488" VPOS="2652" WIDTH="74" />
<String CONTENT="Mit" HEIGHT="53" HPOS="563" LANG="fr" VPOS="2652" WIDTH="110" />
<SP HEIGHT="56" HPOS="674" VPOS="2649" WIDTH="46" />
<String CONTENT="figuren" HEIGHT="68" HPOS="721" VPOS="2649" WIDTH="217" />
<SP HEIGHT="52" HPOS="939" VPOS="2651" WIDTH="44" />
<String CONTENT="im" HEIGHT="53" HPOS="984" VPOS="2651" WIDTH="78" />
<SP HEIGHT="48" HPOS="1063" VPOS="2656" WIDTH="44" />
<String CONTENT="text." HEIGHT="49" HPOS="1108" VPOS="2656" WIDTH="137" />
<SP HEIGHT="52" HPOS="1246" VPOS="2653" WIDTH="72" />
<String CONTENT="Leipzig," HEIGHT="67" HPOS="1319" VPOS="2651" WIDTH="255" />
<SP HEIGHT="65" HPOS="1575" VPOS="2652" WIDTH="45" />
<String CONTENT="B." HEIGHT="52" HPOS="1621" LANG="fr" VPOS="2652" WIDTH="66" />
<SP HEIGHT="55" HPOS="1688" VPOS="2651" WIDTH="46" />
<String CONTENT="G." HEIGHT="55" HPOS="1735" VPOS="2651" WIDTH="69" />
<SP HEIGHT="51" HPOS="1805" VPOS="2653" WIDTH="45" />
<String CONTENT="Teubner" HEIGHT="52" HPOS="1851" VPOS="2652" WIDTH="259" />
</TextLine>
<TextLine HEIGHT="62" HPOS="129" STYLEREFS="StyleId-5B7CD968-EFB3-470C-A0F1-0C7B61565401-" VPOS="2731" WIDTH="171">
<String CONTENT="[1935]" HEIGHT="62" HPOS="129" VPOS="2731" WIDTH="171" />
</TextLine>
<TextLine CS="1" HEIGHT="49" HPOS="196" VPOS="2799" WIDTH="682">
<String CONTENT="xiv," HEIGHT="48" HPOS="196" VPOS="2799" WIDTH="96" />
<SP />
<String CONTENT="322" HEIGHT="40" HPOS="320" VPOS="2799" WIDTH="87" />
<SP HEIGHT="48" HPOS="408" VPOS="2799" WIDTH="24" />
<String CONTENT="p." HEIGHT="37" HPOS="433" VPOS="2810" WIDTH="41" />
<SP HEIGHT="39" HPOS="475" VPOS="2800" WIDTH="54" />
<String CONTENT="diagrs." HEIGHT="49" HPOS="530" VPOS="2799" WIDTH="178" />
<SP HEIGHT="41" HPOS="709" VPOS="2799" WIDTH="54" />
<String CONTENT="24" HEIGHT="40" HPOS="764" VPOS="2799" WIDTH="55" />
<String CONTENT="cm" HEIGHT="21" HPOS="822" STYLE="superscript" VPOS="2802" WIDTH="44" />
<String CONTENT="." HEIGHT="8" HPOS="871" VPOS="2831" WIDTH="7" />
</TextLine>
<TextLine CS="1" HEIGHT="54" HPOS="120" VPOS="2851" WIDTH="1700">
<String CONTENT="&#169;" HEIGHT="54" HPOS="120" VPOS="2851" WIDTH="53" />
<SP HEIGHT="54" HPOS="174" VPOS="2851" WIDTH="20" />
<String CONTENT="May" HEIGHT="48" HPOS="195" VPOS="2856" WIDTH="113" />
<SP HEIGHT="47" HPOS="309" VPOS="2857" WIDTH="20" />
<String CONTENT="18," HEIGHT="47" HPOS="330" VPOS="2856" WIDTH="68" />
<SP HEIGHT="46" HPOS="399" VPOS="2857" WIDTH="22" />
<String CONTENT="1935;" CS="1" HEIGHT="40" HPOS="422" VPOS="2856" WIDTH="115" />
<SP />
<String CONTENT="1c." CS="1" />
<SP HEIGHT="40" HPOS="651" VPOS="2857" WIDTH="27" />
<String CONTENT="Sept." HEIGHT="47" HPOS="679" VPOS="2857" WIDTH="127" />
<SP HEIGHT="41" HPOS="807" VPOS="2856" WIDTH="19" />
<String CONTENT="3;" CS="1" HEIGHT="41" HPOS="827" VPOS="2856" WIDTH="26" />
<SP HEIGHT="45" HPOS="880" VPOS="2857" WIDTH="24" />
<String CONTENT="A-Foreign" HEIGHT="49" HPOS="905" VPOS="2855" WIDTH="311" />
<SP HEIGHT="39" HPOS="1217" VPOS="2856" WIDTH="17" />
<String CONTENT="29170;" CS="1" HEIGHT="41" HPOS="1235" VPOS="2856" WIDTH="148" />
<SP HEIGHT="39" HPOS="1406" VPOS="2858" WIDTH="26" />
<String CONTENT="B." HEIGHT="39" HPOS="1433" LANG="fr" VPOS="2858" WIDTH="53" />
<SP HEIGHT="41" HPOS="1487" VPOS="2856" WIDTH="24" />
<String CONTENT="G." HEIGHT="41" HPOS="1512" VPOS="2856" WIDTH="52" />
<SP HEIGHT="40" HPOS="1565" VPOS="2857" WIDTH="22" />
<String CONTENT="Teubner." HEIGHT="41" HPOS="1588" VPOS="2857" WIDTH="232" />
</TextLine>
<TextLine HEIGHT="65" HPOS="124" VPOS="2945" WIDTH="755">
<String CONTENT="Brady," HEIGHT="65" HPOS="124" VPOS="2945" WIDTH="216" />
<SP HEIGHT="64" HPOS="341" VPOS="2946" WIDTH="25" />
<String CONTENT="John" HEIGHT="54" HPOS="367" VPOS="2946" WIDTH="154" />
<SP HEIGHT="52" HPOS="522" VPOS="2947" WIDTH="27" />
<String CONTENT="Edson," HEIGHT="63" HPOS="550" VPOS="2947" WIDTH="216" />
<SP HEIGHT="45" HPOS="767" VPOS="2965" WIDTH="28" />
<String CONTENT="ed." HEIGHT="52" HPOS="796" VPOS="2947" WIDTH="83" />
</TextLine>
<TextLine HEIGHT="70" HPOS="194" STYLEREFS="StyleId-5B7CD968-EFB3-470C-A0F1-0C7B61565401-" VPOS="3021" WIDTH="1912">
<String CONTENT="National" HEIGHT="54" HPOS="194" VPOS="3021" WIDTH="273" />
<SP HEIGHT="53" HPOS="468" VPOS="3022" WIDTH="35" />
<String CONTENT="housing" HEIGHT="69" HPOS="504" VPOS="3022" WIDTH="243" />
<SP HEIGHT="52" HPOS="748" VPOS="3039" WIDTH="37" />
<String CONTENT="act" HEIGHT="47" HPOS="786" VPOS="3028" WIDTH="90" />
<SP HEIGHT="48" HPOS="877" VPOS="3028" WIDTH="34" />
<String CONTENT="of" HEIGHT="54" HPOS="912" VPOS="3022" WIDTH="63" />
<SP HEIGHT="53" HPOS="976" VPOS="3022" WIDTH="37" />
<String CONTENT="1934;" HEIGHT="63" HPOS="1014" VPOS="3026" WIDTH="163" />
<SP HEIGHT="48" HPOS="1178" VPOS="3041" WIDTH="40" />
<String CONTENT="amendments" HEIGHT="54" HPOS="1219" VPOS="3023" WIDTH="386" />
<SP HEIGHT="48" HPOS="1606" VPOS="3029" WIDTH="35" />
<String CONTENT="to" HEIGHT="48" HPOS="1642" VPOS="3029" WIDTH="59" />
<SP HEIGHT="48" HPOS="1702" VPOS="3029" WIDTH="36" />
<String CONTENT="the" HEIGHT="53" HPOS="1739" VPOS="3023" WIDTH="96" />
<SP HEIGHT="51" HPOS="1836" VPOS="3024" WIDTH="33" />
<String CONTENT="Federal" HEIGHT="53" HPOS="1870" VPOS="3022" WIDTH="236" />
</TextLine>
<TextLine HEIGHT="56" HPOS="125" STYLEREFS="StyleId-5B7CD968-EFB3-470C-A0F1-0C7B61565401-" VPOS="3098" WIDTH="1985">
<String CONTENT="home" HEIGHT="54" HPOS="125" VPOS="3098" WIDTH="161" />
<SP HEIGHT="52" HPOS="287" VPOS="3100" WIDTH="28" />
<String CONTENT="loan" HEIGHT="53" HPOS="316" VPOS="3100" WIDTH="131" />
<SP HEIGHT="53" HPOS="448" VPOS="3100" WIDTH="25" />
<String CONTENT="bank" HEIGHT="53" HPOS="474" VPOS="3099" WIDTH="153" />
<SP HEIGHT="54" HPOS="628" VPOS="3099" WIDTH="28" />
<String CONTENT="act" HEIGHT="48" HPOS="657" VPOS="3105" WIDTH="90" />
<SP HEIGHT="48" HPOS="748" VPOS="3105" WIDTH="24" />
<String CONTENT="of" HEIGHT="53" HPOS="773" VPOS="3100" WIDTH="64" />
<SP HEIGHT="52" HPOS="838" VPOS="3100" WIDTH="28" />
<String CONTENT="1932" HEIGHT="49" HPOS="867" VPOS="3104" WIDTH="133" />
<SP HEIGHT="49" HPOS="1001" VPOS="3104" WIDTH="29" />
<String CONTENT="and" HEIGHT="53" HPOS="1031" VPOS="3100" WIDTH="111" />
<SP HEIGHT="53" HPOS="1143" VPOS="3100" WIDTH="27" />
<String CONTENT="the" HEIGHT="53" HPOS="1171" VPOS="3101" WIDTH="95" />
<SP HEIGHT="54" HPOS="1267" VPOS="3100" WIDTH="28" />
<String CONTENT="Home" HEIGHT="53" HPOS="1296" VPOS="3100" WIDTH="184" />
<SP HEIGHT="36" HPOS="1481" VPOS="3118" WIDTH="28" />
<String CONTENT="owners&#8217;" HEIGHT="54" HPOS="1510" VPOS="3100" WIDTH="232" />
<SP HEIGHT="53" HPOS="1743" VPOS="3100" WIDTH="26" />
<String CONTENT="loan" HEIGHT="52" HPOS="1770" VPOS="3102" WIDTH="127" />
<SP HEIGHT="36" HPOS="1898" VPOS="3116" WIDTH="30" />
<String CONTENT="act" HEIGHT="47" HPOS="1929" VPOS="3106" WIDTH="87" />
<SP HEIGHT="47" HPOS="2017" VPOS="3106" WIDTH="31" />
<String CONTENT="of" HEIGHT="52" HPOS="2049" VPOS="3100" WIDTH="61" />
</TextLine>
<TextLine HEIGHT="71" HPOS="129" STYLEREFS="StyleId-5B7CD968-EFB3-470C-A0F1-0C7B61565401-" VPOS="3177" WIDTH="1981">
<String CONTENT="1933," HEIGHT="58" HPOS="129" VPOS="3179" WIDTH="150" />
<SP HEIGHT="40" HPOS="280" VPOS="3197" WIDTH="34" />
<String CONTENT="edited" HEIGHT="53" HPOS="315" VPOS="3177" WIDTH="186" />
<SP HEIGHT="52" HPOS="502" VPOS="3178" WIDTH="36" />
<String CONTENT="by" HEIGHT="68" HPOS="539" VPOS="3178" WIDTH="74" />
<SP HEIGHT="68" HPOS="614" VPOS="3178" WIDTH="35" />
<String CONTENT="John" HEIGHT="54" HPOS="650" VPOS="3178" WIDTH="156" />
<SP HEIGHT="52" HPOS="807" VPOS="3179" WIDTH="34" />
<String CONTENT="Edson" HEIGHT="53" HPOS="842" VPOS="3178" WIDTH="195" />
<SP HEIGHT="51" HPOS="1038" VPOS="3180" WIDTH="37" />
<String CONTENT="Brady." HEIGHT="69" HPOS="1076" VPOS="3178" WIDTH="213" />
<SP HEIGHT="57" HPOS="1290" VPOS="3178" WIDTH="74" />
<String CONTENT="Cambridge," HEIGHT="71" HPOS="1365" VPOS="3177" WIDTH="362" />
<SP HEIGHT="67" HPOS="1728" VPOS="3179" WIDTH="36" />
<String CONTENT="Mass.," HEIGHT="63" HPOS="1765" VPOS="3179" WIDTH="188" />
<SP HEIGHT="61" HPOS="1954" VPOS="3181" WIDTH="35" />
<String CONTENT="The" HEIGHT="53" HPOS="1990" VPOS="3180" WIDTH="120" />
</TextLine>
<TextLine HEIGHT="64" HPOS="126" STYLEREFS="StyleId-5B7CD968-EFB3-470C-A0F1-0C7B61565401-" VPOS="3254" WIDTH="868">
<String CONTENT="Banking" HEIGHT="64" HPOS="126" VPOS="3254" WIDTH="271" />
<SP HEIGHT="63" HPOS="398" VPOS="3255" WIDTH="26" />
<String CONTENT="law" HEIGHT="53" HPOS="425" VPOS="3255" WIDTH="110" />
<SP HEIGHT="34" HPOS="536" VPOS="3274" WIDTH="28" />
<String CONTENT="journal," HEIGHT="64" HPOS="574" VPOS="3254" WIDTH="237" />
<SP HEIGHT="59" HPOS="812" VPOS="3259" WIDTH="30" />
<String CONTENT="1934." HEIGHT="51" HPOS="843" VPOS="3259" WIDTH="151" />
</TextLine>
<TextLine CS="1" HEIGHT="50" HPOS="194" VPOS="3327" WIDTH="334">
<String CONTENT="71" HEIGHT="40" HPOS="194" VPOS="3328" WIDTH="56" />
<SP HEIGHT="49" HPOS="251" VPOS="3328" WIDTH="27" />
<String CONTENT="p." HEIGHT="38" HPOS="279" VPOS="3339" WIDTH="45" />
<SP HEIGHT="42" HPOS="325" VPOS="3327" WIDTH="57" />
<String CONTENT="23&#189;cm." CS="1" HEIGHT="42" HPOS="383" VPOS="3327" WIDTH="145" />
</TextLine>
<TextLine CS="1" HEIGHT="57" HPOS="131" VPOS="3380" WIDTH="1981">
<String CONTENT="&#169;" HEIGHT="53" HPOS="131" VPOS="3380" WIDTH="52" />
<SP HEIGHT="53" HPOS="184" VPOS="3380" WIDTH="31" />
<String CONTENT="Sept." HEIGHT="47" HPOS="216" VPOS="3386" WIDTH="126" />
<SP HEIGHT="39" HPOS="343" VPOS="3387" WIDTH="29" />
<String CONTENT="10," HEIGHT="47" HPOS="373" VPOS="3385" WIDTH="68" />
<SP HEIGHT="46" HPOS="442" VPOS="3386" WIDTH="30" />
<String CONTENT="1934;" CS="1" HEIGHT="42" HPOS="473" VPOS="3384" WIDTH="112" />
<SP HEIGHT="40" HPOS="614" VPOS="3387" WIDTH="31" />
<String CONTENT="2c." HEIGHT="40" HPOS="646" VPOS="3387" WIDTH="66" />
<SP HEIGHT="39" HPOS="713" VPOS="3388" WIDTH="31" />
<String CONTENT="Mar." HEIGHT="39" HPOS="745" VPOS="3388" WIDTH="121" />
<SP HEIGHT="39" HPOS="867" VPOS="3388" WIDTH="29" />
<String CONTENT="7." HEIGHT="40" HPOS="897" VPOS="3388" WIDTH="40" />
<SP HEIGHT="40" HPOS="938" VPOS="3388" WIDTH="30" />
<String CONTENT="1935;" HEIGHT="46" HPOS="969" VPOS="3387" WIDTH="139" />
<SP HEIGHT="36" HPOS="1109" VPOS="3397" WIDTH="33" />
<String CONTENT="aff." HEIGHT="40" HPOS="1143" VPOS="3387" WIDTH="80" />
<SP HEIGHT="38" HPOS="1224" VPOS="3389" WIDTH="33" />
<String CONTENT="Mar." HEIGHT="39" HPOS="1258" VPOS="3389" WIDTH="120" />
<SP HEIGHT="40" HPOS="1379" VPOS="3388" WIDTH="32" />
<String CONTENT="6;" CS="1" HEIGHT="39" HPOS="1412" VPOS="3388" WIDTH="26" />
<SP HEIGHT="39" HPOS="1464" VPOS="3388" WIDTH="35" />
<String CONTENT="A" HEIGHT="39" HPOS="1500" VPOS="3388" WIDTH="38" />
<SP HEIGHT="41" HPOS="1539" VPOS="3388" WIDTH="30" />
<String CONTENT="80818;" HEIGHT="47" HPOS="1570" VPOS="3387" WIDTH="169" />
<SP HEIGHT="46" HPOS="1740" VPOS="3388" WIDTH="31" />
<String CONTENT="J." HEIGHT="40" HPOS="1772" LANG="fr" VPOS="3388" WIDTH="41" />
<SP HEIGHT="37" HPOS="1814" VPOS="3390" WIDTH="34" />
<String CONTENT="E." HEIGHT="37" HPOS="1849" VPOS="3390" WIDTH="50" />
<SP HEIGHT="37" HPOS="1900" VPOS="3390" WIDTH="33" />
<String CONTENT="Brady." HEIGHT="47" HPOS="1934" VPOS="3390" WIDTH="178" />
</TextLine>
<TextLine HEIGHT="50" HPOS="194" VPOS="3441" WIDTH="779">
<String CONTENT="Cambridge," HEIGHT="50" HPOS="194" VPOS="3441" WIDTH="300" />
<SP HEIGHT="47" HPOS="495" VPOS="3444" WIDTH="22" />
<String CONTENT="Mass." HEIGHT="39" HPOS="518" VPOS="3444" WIDTH="145" />
<SP HEIGHT="47" HPOS="664" VPOS="3444" WIDTH="60" />
<String CONTENT="(36-3071)" HEIGHT="48" HPOS="725" VPOS="3443" WIDTH="248" />
</TextLine>
<TextLine HEIGHT="65" HPOS="126" STYLEREFS="StyleId-594AF3FF-D42C-4F34-BEB0-A0466338205D-" VPOS="3530" WIDTH="485">
<String CONTENT="Carlot," HEIGHT="65" HPOS="126" VPOS="3530" WIDTH="215" />
<SP HEIGHT="63" HPOS="342" VPOS="3532" WIDTH="27" />
<String CONTENT="Jeanne." HEIGHT="57" HPOS="370" VPOS="3532" WIDTH="241" />
</TextLine>
<TextLine CS="1" HEIGHT="71" HPOS="255" STYLEREFS="StyleId-5B7CD968-EFB3-470C-A0F1-0C7B61565401-" VPOS="3607" WIDTH="1854">
<String CONTENT="&#8230;" CS="1" LANG="en-US" />
<SP HEIGHT="52" HPOS="255" VPOS="3607" WIDTH="26" />
<String CONTENT="Le" HEIGHT="53" HPOS="282" LANG="fr" VPOS="3607" WIDTH="79" />
<SP HEIGHT="34" HPOS="362" VPOS="3626" WIDTH="20" />
<String CONTENT="regime" HEIGHT="67" HPOS="383" LANG="en-US" VPOS="3608" WIDTH="210" />
<SP HEIGHT="53" HPOS="594" VPOS="3607" WIDTH="21" />
<String CONTENT="fiscal" HEIGHT="54" HPOS="616" LANG="en-US" VPOS="3607" WIDTH="154" />
<SP HEIGHT="52" HPOS="771" VPOS="3610" WIDTH="21" />
<String CONTENT="des" HEIGHT="53" HPOS="793" LANG="fr" VPOS="3610" WIDTH="94" />
<SP HEIGHT="34" HPOS="888" VPOS="3629" WIDTH="20" />
<String CONTENT="soci&#233;t&#233;s" HEIGHT="53" HPOS="909" LANG="fr" VPOS="3612" WIDTH="228" />
<SP HEIGHT="53" HPOS="1138" VPOS="3612" WIDTH="23" />
<String CONTENT="&#224;" HEIGHT="50" HPOS="1162" LANG="fr" VPOS="3612" WIDTH="29" />
<SP HEIGHT="51" HPOS="1192" VPOS="3612" WIDTH="21" />
<String CONTENT="responsabilit&#233;" HEIGHT="67" HPOS="1214" LANG="fr" VPOS="3611" WIDTH="429" />
<SP HEIGHT="55" HPOS="1644" VPOS="3610" WIDTH="22" />
<String CONTENT="limit&#233;e." HEIGHT="54" HPOS="1667" LANG="fr" VPOS="3610" WIDTH="226" />
<SP HEIGHT="49" HPOS="1894" VPOS="3615" WIDTH="58" />
<String CONTENT="4." HEIGHT="48" HPOS="1953" LANG="fr" VPOS="3615" WIDTH="48" />
<SP HEIGHT="52" HPOS="2002" VPOS="3613" WIDTH="23" />
<String CONTENT="&#233;d." HEIGHT="53" HPOS="2026" LANG="fr" VPOS="3612" WIDTH="83" />
</TextLine>
<TextLine CS="1" HEIGHT="70" HPOS="127" LANG="fr" STYLEREFS="StyleId-5B7CD968-EFB3-470C-A0F1-0C7B61565401-" VPOS="3686" WIDTH="1984">
<String CONTENT="rev." HEIGHT="36" HPOS="127" VPOS="3700" WIDTH="111" />
<SP HEIGHT="34" HPOS="239" VPOS="3703" WIDTH="33" />
<String CONTENT="et" HEIGHT="47" HPOS="273" VPOS="3691" WIDTH="54" />
<SP HEIGHT="47" HPOS="328" VPOS="3691" WIDTH="31" />
<String CONTENT="mise" HEIGHT="52" HPOS="360" VPOS="3686" WIDTH="137" />
<SP HEIGHT="52" HPOS="498" VPOS="3686" WIDTH="34" />
<String CONTENT="&#224;" HEIGHT="51" HPOS="533" VPOS="3686" WIDTH="30" />
<SP HEIGHT="66" HPOS="564" VPOS="3686" WIDTH="32" />
<String CONTENT="jour" HEIGHT="66" HPOS="597" VPOS="3686" WIDTH="130" />
<SP HEIGHT="33" HPOS="728" VPOS="3706" WIDTH="32" />
<String CONTENT="avec" HEIGHT="34" HPOS="761" VPOS="3705" WIDTH="129" />
<SP HEIGHT="50" HPOS="891" VPOS="3690" WIDTH="34" />
<String CONTENT="les" HEIGHT="50" HPOS="926" VPOS="3690" WIDTH="76" />
<SP HEIGHT="51" HPOS="1003" VPOS="3689" WIDTH="33" />
<String CONTENT="derni&#232;res" HEIGHT="54" HPOS="1037" VPOS="3689" WIDTH="284" />
<SP HEIGHT="55" HPOS="1322" VPOS="3688" WIDTH="32" />
<String CONTENT="lois" HEIGHT="53" HPOS="1355" VPOS="3688" WIDTH="104" />
<SP HEIGHT="51" HPOS="1460" VPOS="3690" WIDTH="34" />
<String CONTENT="de" HEIGHT="51" HPOS="1495" VPOS="3690" WIDTH="66" />
<SP HEIGHT="48" HPOS="1562" VPOS="3693" WIDTH="37" />
<String CONTENT="1934" HEIGHT="49" HPOS="1600" VPOS="3692" WIDTH="134" />
<SP HEIGHT="49" HPOS="1735" VPOS="3692" WIDTH="32" />
<String CONTENT="et" HEIGHT="49" HPOS="1768" VPOS="3692" WIDTH="51" />
<SP HEIGHT="51" HPOS="1820" VPOS="3690" WIDTH="36" />
<String CONTENT="de" HEIGHT="51" HPOS="1857" VPOS="3690" WIDTH="67" />
<SP HEIGHT="47" HPOS="1925" VPOS="3694" WIDTH="35" />
<String CONTENT="1935," HEIGHT="63" HPOS="1961" VPOS="3693" WIDTH="150" />
</TextLine>
<TextLine HEIGHT="71" HPOS="125" LANG="fr" STYLEREFS="StyleId-5B7CD968-EFB3-470C-A0F1-0C7B61565401-" VPOS="3753" WIDTH="1784">
<String CONTENT="suivie" HEIGHT="52" HPOS="125" VPOS="3761" WIDTH="178" />
<SP HEIGHT="52" HPOS="304" VPOS="3762" WIDTH="33" />
<String CONTENT="de" HEIGHT="53" HPOS="338" VPOS="3762" WIDTH="66" />
<SP HEIGHT="53" HPOS="405" VPOS="3762" WIDTH="34" />
<String CONTENT="formules." HEIGHT="54" HPOS="440" VPOS="3762" WIDTH="288" />
<SP HEIGHT="50" HPOS="729" VPOS="3766" WIDTH="69" />
<String CONTENT="Paris," HEIGHT="56" HPOS="799" VPOS="3765" WIDTH="183" />
<SP HEIGHT="68" HPOS="983" VPOS="3753" WIDTH="33" />
<String CONTENT="&#201;ditions" HEIGHT="64" HPOS="1017" VPOS="3753" WIDTH="265" />
<SP HEIGHT="51" HPOS="1283" VPOS="3766" WIDTH="34" />
<String CONTENT="de" HEIGHT="51" HPOS="1318" VPOS="3766" WIDTH="67" />
<SP HEIGHT="50" HPOS="1386" VPOS="3767" WIDTH="32" />
<String CONTENT="&#8220;l&#8217;Usine&#8221;," HEIGHT="58" HPOS="1419" VPOS="3766" WIDTH="305" />
<SP HEIGHT="53" HPOS="1725" VPOS="3771" WIDTH="35" />
<String CONTENT="1935." HEIGHT="49" HPOS="1761" VPOS="3770" WIDTH="148" />
</TextLine>
<TextLine CS="1" HEIGHT="49" HPOS="199" LANG="fr" VPOS="3833" WIDTH="458">
<String CONTENT="151," HEIGHT="46" HPOS="199" VPOS="3833" WIDTH="98" />
<SP HEIGHT="30" HPOS="298" VPOS="3852" WIDTH="32" />
<String CONTENT="[1]" HEIGHT="49" HPOS="331" VPOS="3833" WIDTH="53" />
<SP HEIGHT="36" HPOS="385" VPOS="3845" WIDTH="29" />
<String CONTENT="p." HEIGHT="36" HPOS="415" VPOS="3845" WIDTH="42" />
<SP HEIGHT="39" HPOS="458" VPOS="3834" WIDTH="56" />
<String CONTENT="23" HEIGHT="39" HPOS="515" VPOS="3834" WIDTH="54" />
<String CONTENT="&#189;" CS="1" LANG="en-US" />
<String CONTENT="cm" HEIGHT="21" HPOS="602" STYLE="superscript" VPOS="3836" WIDTH="43" />
<String CONTENT="." HEIGHT="8" HPOS="649" VPOS="3865" WIDTH="8" />
</TextLine>
<TextLine CS="1" HEIGHT="46" HPOS="197" VPOS="3888" WIDTH="1414">
<String CONTENT="At" HEIGHT="40" HPOS="197" VPOS="3888" WIDTH="65" />
<SP HEIGHT="38" HPOS="263" VPOS="3890" WIDTH="23" />
<String CONTENT="head" HEIGHT="38" HPOS="287" VPOS="3890" WIDTH="122" />
<SP HEIGHT="37" HPOS="410" VPOS="3891" WIDTH="26" />
<String CONTENT="of" HEIGHT="39" HPOS="437" VPOS="3889" WIDTH="51" />
<SP HEIGHT="40" HPOS="489" VPOS="3889" WIDTH="26" />
<String CONTENT="title:" HEIGHT="41" HPOS="516" VPOS="3889" WIDTH="134" />
<SP HEIGHT="39" HPOS="651" VPOS="3891" WIDTH="29" />
<String CONTENT="Jeanne" HEIGHT="39" HPOS="681" VPOS="3891" WIDTH="182" />
<SP HEIGHT="39" HPOS="864" VPOS="3892" WIDTH="27" />
<String CONTENT="Carlot" HEIGHT="39" HPOS="892" VPOS="3892" WIDTH="170" />
<SP HEIGHT="37" HPOS="1063" VPOS="3894" WIDTH="27" />
<String CONTENT="&#8230;" CS="1" />
<SP HEIGHT="29" HPOS="1137" VPOS="3903" WIDTH="30" />
<String CONTENT="et" HEIGHT="37" HPOS="1168" LANG="fr" VPOS="3895" WIDTH="46" />
<SP HEIGHT="39" HPOS="1215" VPOS="3893" WIDTH="26" />
<String CONTENT="Alfred" HEIGHT="40" HPOS="1242" VPOS="3892" WIDTH="170" />
<SP HEIGHT="40" HPOS="1413" VPOS="3893" WIDTH="27" />
<String CONTENT="Goxes." HEIGHT="41" HPOS="1441" VPOS="3893" WIDTH="170" />
</TextLine>
<TextLine CS="1" HEIGHT="56" HPOS="130" VPOS="3939" WIDTH="1615">
<String CONTENT="&#169;" HEIGHT="53" HPOS="130" VPOS="3939" WIDTH="52" />
<SP HEIGHT="53" HPOS="183" VPOS="3939" WIDTH="29" />
<String CONTENT="Oct." HEIGHT="41" HPOS="213" VPOS="3945" WIDTH="101" />
<SP HEIGHT="40" HPOS="315" VPOS="3946" WIDTH="30" />
<String CONTENT="17," HEIGHT="45" HPOS="346" VPOS="3946" WIDTH="68" />
<SP HEIGHT="45" HPOS="415" VPOS="3946" WIDTH="29" />
<String CONTENT="1935;" HEIGHT="47" HPOS="445" VPOS="3944" WIDTH="139" />
<SP />
<String CONTENT="1c." CS="1" />
<SP HEIGHT="38" HPOS="685" VPOS="3947" WIDTH="31" />
<String CONTENT="Nov." HEIGHT="40" HPOS="717" VPOS="3947" WIDTH="116" />
<SP HEIGHT="40" HPOS="834" VPOS="3947" WIDTH="31" />
<String CONTENT="20;" CS="1" HEIGHT="40" HPOS="866" VPOS="3947" WIDTH="59" />
<SP HEIGHT="40" HPOS="948" VPOS="3948" WIDTH="31" />
<String CONTENT="A-Foreign" HEIGHT="48" HPOS="980" VPOS="3947" WIDTH="309" />
<SP HEIGHT="40" HPOS="1290" VPOS="3949" WIDTH="31" />
<String CONTENT="29704;" HEIGHT="45" HPOS="1322" VPOS="3949" WIDTH="170" />
<SP HEIGHT="43" HPOS="1493" VPOS="3951" WIDTH="34" />
<String CONTENT="D&#8217;Usine." HEIGHT="43" HPOS="1528" LANG="fr" VPOS="3949" WIDTH="217" />
</TextLine>
<TextLine HEIGHT="49" HPOS="209" VPOS="4001" WIDTH="248">
<String CONTENT="(36-3072)" HEIGHT="49" HPOS="209" VPOS="4001" WIDTH="248" />
</TextLine>
</TextBlock>
</PrintSpace>
</Page>
</Layout>
</alto>