2424 4375
1252 4080 131 49 1428

315 452 330 65 Channing,
673 452 191 56 Mark.

383 527 1924 70 The poisoned mountain, by Mark Channing … London,
312 603 364 55 Hutchinson
704 607 45 50 &
773 623 98 50 co.,
896 604 103 54 ltd.
1054 607 151 65 [1935]

382 677 87 40 304
496 688 43 38 p.
599 677 57 41 19
659 680 44 21 cm
707 710 9 8 .

315 745 1994 55 © 1c. Sept. 24, 1935; A ad int. 20598 : pubd. July 25; M. Channing,
385 808 211 39 London.
671 806 279 49 (35-19573)

317 908 346 66 Châteillon,
695 909 329 64 Sébastien,
1058 913 326 52 1515-1563.

388 985 361 68 Concerning
778 986 265 69 heretics;
1080 988 252 53 whether
1362 988 135 67 they
1529 1007 94 34 are
1652 994 59 47 to
1740 988 67 53 be
1839 989 325 66 persecuted
2197 989 111 53 and

317 1064 128 53 how
485 1065 136 68 they
660 1083 96 34 are
796 1070 58 48 to
894 1065 67 53 be
1000 1067 248 65 treated;
1291 1084 31 34 a
1364 1064 293 55 collection
1700 1065 65 54 of
1803 1068 96 51 the
1939 1065 263 69 opinions
2244 1066 63 53 of

318 1143 229 53 learned
584 1160 145 51 men,
766 1143 137 53 both
942 1142 224 54 ancient
1204 1146 111 51 and
1352 1144 263 67 modern;
1657 1162 72 36 an
1767 1163 348 48 anonymous
2152 1143 157 54 work

318 1220 314 53 attributed
665 1227 57 46 to
756 1219 295 58 Sebastian
1085 1221 289 66 Castellio,
1406 1240 126 34 now
1564 1222 125 53 first
1719 1223 143 52 done
1894 1220 121 55 into
2049 1220 261 69 English,

318 1299 259 68 together
602 1296 138 56 with
769 1305 255 61 excerpts
1050 1300 151 52 from
1228 1300 162 52 other
1414 1299 184 53 works
1624 1297 64 54 of
1715 1299 297 56 Sebastian
2040 1298 271 56 Castellio

319 1377 111 52 and
465 1375 192 54 David
693 1376 157 56 Joris
884 1397 70 34 on
990 1375 271 69 religious
1296 1376 224 67 liberty,
1553 1377 76 66 by
1664 1377 227 53 Roland
1927 1378 76 52 H.
2042 1377 266 54 Bainton.

317 1455 138 53 New
489 1455 179 62 York,
702 1453 298 57 Columbia
1031 1453 319 68 university
1381 1473 172 49 press,
1589 1459 148 50 1935.

391 1526 96 48 xiv,
526 1525 87 42 342
652 1536 42 38 p.
754 1526 163 48 front.,
958 1529 162 46 ports.,
1161 1526 216 41 facsims.
1446 1525 54 42 23½
1534 1529 15 21 cm
1583 1558 9 9 .
1670 1526 300 49 (Half-title:
2009 1526 213 41 Records
2262 1527 50 39 of

319 1583 298 41 civilization
637 1594 9 29 :
678 1593 194 31 sources
903 1584 91 39 and
1026 1584 201 48 studies,
1256 1585 71 39 ed.
1358 1584 154 40 under
1541 1584 82 40 the
1651 1582 222 49 auspices
1902 1582 52 41 of
1981 1584 82 39 the
2093 1584 140 47 Dept.
2262 1582 51 41 of

320 1640 1188 48 history, Columbia university … vol. XXII)
392 1696 70 40 “A
488 1695 186 48 finding
698 1696 85 40 list
812 1696 52 40 of
890 1697 81 40 the
1000 1697 160 41 works
1188 1696 52 41 of
1270 1695 255 43 Sebastian
1556 1696 192 40 Franck
1775 1695 49 40 in
1853 1705 131 32 some
2009 1695 226 41 libraries
2262 1695 50 40 of

321 1755 83 39 the
433 1754 178 41 United
646 1753 192 42 States”
856 1764 10 30 :
896 1764 44 38 p.
973 1753 249 51 [313]-316.

391 1810 377 48 Bibliography:
797 1821 42 38 p.
872 1810 250 50 [317]-325.

319 1877 53 53 ©
404 1882 101 40 Oct.
537 1882 40 46 3,
609 1881 117 40 1935
741 1892 9 36 ;
783 1881 66 41 2c.
882 1881 103 41 Oct.
1015 1880 53 48 9;
1104 1881 80 40 aff.
1217 1881 100 41 Oct.
1352 1883 51 45 7;
1438 1882 41 38 A
1512 1881 169 46 87544;
1716 1879 251 42 Columbia
2000 1877 131 43 univ.
2165 1888 146 38 press.

396 1937 281 49 (35-20696)

322 2041 274 64 Clappen,
626 2041 175 56 John.

389 2115 160 70 They
584 2115 267 54 followed
883 2117 276 68 dancing;
1197 2135 70 34 an
1300 2115 293 54 historical
1627 2114 184 68 novel,
1840 2115 77 69 by
1948 2113 155 55 John
321 2112 1964 148 Clappen.

520 2194 257 53 London.
811 2195 270 66 Toronto,
1112 2195 88 52 W.
1237 2194 380 67 Heinemann,
1650 2193 101 53 ltd.
1794 2196 171 64 [1935]

389 2265 551 50 3 p. l. , 316 p. 19½ cm .
322 2333 1990 53 © 1c. Oct. 3, 1935; A ad int. 20600; pubd. Aug. 6; J. Clappen, West-
392 2394 129 41 cliffe
548 2405 59 29 on
638 2396 103 46 Sea,
772 2395 192 49 Sussex,
993 2396 235 46 England.
1299 2394 280 48 (35-19575)

323 2496 193 66 Clark,
550 2497 203 55 Calvin
785 2498 340 65 Montague,
1161 2502 171 49 1862-

323 2573 1963 304 History of the Congregational churches in Maine, volume 2. History of the individual churches, 1600-1826, by Calvin Montague Clark … Portland, The Congregational Christian conference of Maine [ c 1935]
393 2883 122 40 xviii
542 2893 56 37 p.,
626 2882 30 38 2
717 2913 8 16 l.,
751 2882 85 40 433
864 2894 41 36 p.
961 2882 164 47 front.,
1153 2883 169 47 plates.
1381 2882 54 38 21
1440 2884 43 21 cm
1487 2913 8 8 .

325 2940 53 53 ©
404 2945 100 40 Oct.
532 2945 70 46 15,
629 2943 113 41 1985
760 2955 9 36 ;
796 2944 65 40 2c.
889 2946 96 38 and
1012 2944 81 40 aff.
1123 2944 101 40 Oct.
1252 2943 55 40 19
1325 2954 9 37 ;
1364 2944 40 39 A
1431 2944 143 40 87795
1592 2954 9 36 ;
1631 2944 49 40 C.
1710 2945 61 38 M.
1800 2944 161 47 Clark,
1988 2944 207 46 Bangor,
2223 2943 86 38 Me.

329 3045 235 66 Colony,
592 3046 266 65 Horatio,
888 3052 169 49 1900-

396 3125 142 52 Free
585 3125 267 65 forester;
904 3142 30 34 a
982 3126 164 51 novel
1192 3124 62 53 of
1302 3124 229 67 pioneer
1577 3123 323 68 Kentucky,
1948 3124 73 66 by
2068 3119 239 56 Horatio

328 3202 234 66 Colony.
629 3204 234 64 Boston,
891 3202 194 65 Little,
1116 3205 227 61 Brown,
1374 3202 112 51 and
1517 3219 295 50 company,
1845 3204 145 51 1935.

397 3273 625 50 3 p. l. , [3]-302 p. 22 cm .
399 3330 288 40 Illustrated
715 3330 360 47 lining-papers.

327 3383 53 53 ©
409 3387 101 40 Oct.
540 3387 67 47 18,
637 3386 113 41 1935
768 3398 8 35 ;
806 3386 66 40 2c.
900 3387 96 39 and
1024 3385 79 40 aff.
1135 3386 100 40 Oct.
1266 3385 58 40 19
1338 3397 9 36 ;
1378 3386 41 39 A
1447 3386 144 41 86867
1608 3396 9 36 ;
1649 3386 60 39 H.
1740 3386 195 48 Colony,
1965 3386 175 45 Keene,
2169 3384 55 39 N.
2251 3382 56 39 H.

407 3442 279 49 (35-19420)

333 3545 265 66 [Conger,
626 3545 213 66 Beach]

397 3618 1909 71 World letters, incorporated … San Salvador, El Salvador,
333 3699 329 67 September
694 3702 84 64 28,
813 3702 147 50 1935.
1036 3734 11 32 [
1057 3700 114 54 San
1209 3699 297 65 Salvador,
1540 3699 73 52 El
1650 3698 297 66 Salvador,
1978 3697 200 56 World
330 3696 1953 146 letters,
485 3778 127 64 inc.]
645 3785 17 20 c
667 3780 149 49 1935.

397 3858 42 37 p.
469 3847 156 41 17-20.
684 3847 127 40 illus.
870 3848 55 40 28
944 3850 27 20 cm
976 3879 8 8 .

397 3903 406 48 Mimeographed.

330 3954 1974 53 © 1c. Oct. 30, 1935; A ad int. 20675; pubd. Sept. 28; World letters, inc.,
399 4015 119 29 East
551 4016 177 28 Aurora
773 4015 43 29 N.
854 4015 40 29 Y.
