2424 4375
1312 4007 100 51 836

422 489 55 40 23
506 501 44 37 p.
606 490 169 46 plates.
829 488 58 41 23cm.

352 550 53 52 ©
430 555 113 46 May
565 553 70 48 28,
662 554 140 47 1934;
830 554 65 40 2c.
922 554 95 39 and
1043 553 81 41 aff.
1152 554 126 39 June
1302 553 70 48 21,
1397 552 139 49 1935;
1565 554 41 39 A
1635 553 146 42 84358;
1833 554 118 40 New
1974 554 130 39 York
2132 552 127 42 univ.

350 671 251 65 Joeckel,
632 672 273 54 Carleton
933 672 215 64 Bruns,
1180 677 171 50 1886-

417 748 122 53 The
569 753 370 64 government
972 747 65 54 of
1068 748 95 53 the
1196 748 309 53 American
1539 747 192 70 public

347 746 1969 225 library, by Carleton Bruns Joeckel … Chicago, Ill., The University of Chicago press [1935]
420 987 1920 51 xix, 303 p. illus. (maps) 23 ½ cm. ( Half-title : The University of
349 1045 208 49 Chicago
584 1046 185 41 studies
797 1046 49 40 in
870 1046 185 48 library
1082 1047 209 48 science)

423 1117 99 41 The
561 1118 107 40 first
706 1118 53 40 of
795 1117 136 42 three
969 1118 186 41 studies
1192 1128 60 30 on
1291 1118 82 41 the
1413 1118 206 41 relation
1661 1118 54 41 of
1752 1118 81 41 the
1872 1117 184 48 library
2097 1120 48 38 to
2182 1116 157 49 public

351 1174 412 42 administration,
802 1176 261 47 sponsored
1101 1175 61 47 by
1196 1176 83 40 the
1316 1174 250 42 Graduate
1605 1174 183 51 library
1826 1174 161 41 school
2025 1175 53 40 of
2113 1175 80 41 the
355 1173 1970 106 University
565 1234 50 36 of
641 1230 209 49 Chicago
879 1233 153 40 under
1060 1242 28 30 a
1115 1234 144 45 grant
1286 1232 125 41 from
1440 1232 82 41 the
1552 1231 233 49 Carnegie
1816 1230 308 49 corporation
2151 1232 53 41 of
2229 1232 112 40 New

356 1287 122 41 York
504 1289 92 39 and
621 1288 214 41 directed
859 1288 60 48 by
943 1288 146 42 Louis
1114 1289 55 41 R.
1196 1289 183 40 Wilson.
1452 1290 62 47 cf.
1540 1289 273 41 Foreword.

422 1344 245 42 “Selected
696 1344 364 50 bibliography”
1078 1356 9 30 :
1119 1356 42 39 p.
1191 1345 218 45 356-366.

358 1412 53 53 ©
437 1417 126 41 June
590 1417 68 47 25,
689 1418 140 47 1935;
860 1419 63 39 2c.
956 1420 97 38 and
1082 1418 82 40 aff.
1192 1419 130 41 June
1345 1418 82 47 28;
1462 1419 40 38 A
1532 1418 169 47 84441;
1734 1418 282 49 University
2044 1419 52 40 of
2125 1417 217 50 Chicago,

429 1474 222 48 Chicago.
722 1474 279 51 (35-27194)

359 1577 333 65 Kentucky.
767 1580 181 65 Laws,
978 1586 256 60 statutes,
1264 1586 98 47 etc.

431 1655 304 67 Kentucky
781 1657 296 51 insurance
1122 1657 154 66 laws,
1324 1656 325 67 annotated,
1698 1659 150 63 1935,
1893 1655 331 67 containing
2270 1654 73 52 all

360 1732 1960 224 insurance laws in force to June 1, 1935, edited by William Edward Baldwin … Cleveland, O., Banks-Baldwin law publishing company [c1935]
432 1962 86 39 119
542 1973 42 36 p.
639 1960 144 41 25½cm.

361 2029 53 53 ©
441 2034 114 46 July
584 2033 40 46 5,
649 2032 139 48 1935;
816 2033 64 39 2c.
910 2034 94 38 and
1033 2032 82 41 aff.
1144 2033 115 47 July
1288 2033 51 47 8;
1367 2034 41 38 A
1434 2032 169 47 83940;
1633 2032 215 41 William
1877 2032 210 40 Edward
2114 2029 230 49 Baldwin,

433 2090 273 40 Cleveland.

360 2191 208 64 Kluge,
595 2192 174 64 Kurt,
801 2197 168 49 1886-

357 2266 1965 132 … Die silberne Windfahne; roman. Stuttgart, J. Engelhorns
557 2344 192 54 nachf.
809 2348 150 64 [1934]

428 2417 98 49 218,
559 2420 54 48 [1]
642 2428 43 38 p.
745 2417 116 42 20cm.

432 2475 139 39 “1.-5.
601 2476 218 39 tausend.
848 2473 211 42 Oktober
1081 2473 158 42 1934.”

365 2541 1981 53 © Oct. 19, 1934; 1c. Apr. 26, 1935; A-Foreign 27724; J. Engelhorns
437 2603 159 40 nachf.
668 2602 249 49 (35-8876)

363 2703 268 64 Kutzleb,
664 2704 291 65 Hjalmar,
989 2711 169 48 1885-

430 2779 118 52 Der
590 2784 142 48 erste
773 2780 300 67 Deutsche,
1113 2799 198 34 roman
1353 2780 299 52 Hermann
1695 2779 95 54 des
1835 2777 363 68 Cheruskers,
2239 2794 107 36 von

361 2854 271 68 Hjalmar
662 2857 261 53 Kutzleb.
991 2857 446 69 Braunschweig
1490 2862 99 48 [etc.]
1645 2856 68 56 G.
1745 2858 394 53 Westermann
2194 2855 132 52 [1934]

433 2928 84 41 578
541 2940 43 37 p.
645 2929 145 42 19½cm.

368 2997 1963 109 © Oct. 31, 1934; 1c. Apr. 26, 1935; A-Foreign 27781; Georg Westermann. (35-8881)
370 3160 230 65 Lexow,
631 3161 181 53 Einar
840 3161 197 55 Jacob.

439 3239 254 52 Verdens
723 3238 424 53 kunsthistorie.
1237 3238 90 53 [bd.]
1385 3242 44 48 5.
1463 3237 421 53 Romantikken
1913 3238 108 51 den
2051 3254 168 50 nyere
2248 3234 96 53 tid.

372 3316 153 62 Oslo,
550 3317 75 51 H.
654 3316 340 67 Aschehoug
1019 3320 45 49 &
1090 3333 78 35 co.
1208 3317 114 65 (W.
1352 3316 303 67 Nygaard)
1695 3318 149 50 1935.

439 3387 903 49 5 p. l., 217 p. illus., plates. 26cm.
441 3446 162 39 Plates
631 3444 193 48 printed
851 3455 59 30 on
936 3445 114 40 both
1078 3442 141 42 sides.

372 3511 1973 52 © Feb. 22, 1935; 1c. May 29; A-Foreign 28352; H. Aschehoug & co.
450 3571 94 48 (W.
572 3570 254 48 Nygaard)

373 3674 252 62 Marrou,
656 3673 276 54 Maurice.

496 3745 1583 69 … Jean-Pierre, l’Oiseleur. Paris, Gallimard [1935]
434 3818 616 50 2 p. l., [7]-228 p. 19cm.
373 3885 1918 52 © Feb. 5. 1935; 1c. Apr. 16; A-Foreign 27565; Librairie Gallimard.
451 3945 249 48 (35-8866)
