2568 4342
1173 4058 64 49 53

214 439 220 65 Dodge,
462 438 256 55 Richard
749 438 255 66 Elwood,
1035 445 171 49 1868-

290 516 181 55 Other
505 517 284 53 countries
818 517 60 53 in
910 516 286 68 America,
1227 517 99 55 the
1355 523 241 48 western
1627 517 361 69 hemisphere
2017 523 201 64 except

219 593 1997 69 the United States [by] Richard Elwood Dodge … Earl Emmet
219 671 1994 71 Lackey … and William E. Grady … New York, Chicago
223 749 1032 69 [etc.] Rand, McNally & company [c1934]
284 820 80 47 vii,
395 821 70 49 [1],
489 819 87 41 206
597 831 42 37 p.
665 821 110 40 incl.
800 820 164 49 front.,
992 821 141 48 illus.,
1159 831 151 37 maps.
1371 821 56 39 25½cm.
1581 822 100 47 (On
1705 832 161 32 cover:
1894 824 110 47 City
2022 822 54 40 of
2092 823 117 41 New

215 877 129 39 York
376 876 330 48 geographies.
767 876 28 40 6
853 877 13 47 A)

215 933 1996 52 © Dec. 21, 1934; 2c. Jan. 5, 1935; aff. Jan. 4; A 79043; Rand, McNally &
281 1005 80 36 co.,
391 994 221 47 Chicago.
678 992 284 50 [Copyright
985 994 43 39 is
1057 993 205 40 claimed
1291 1005 62 29 on
1379 1005 107 29 new
1512 1004 153 39 maps]

289 1050 251 50 (35-1544)

210 1152 1976 134 United States … [by] Richard Elwood Dodge … Earl Emmet
350 1230 1859 72 Lackey … and William E. Grady … New York, Chicago
214 1315 137 62 [etc.]
383 1310 186 66 Rand,
593 1311 273 66 McNally
890 1314 46 50 &
960 1328 280 49 company
1271 1344 12 33 [
1289 1317 19 21 c
1311 1313 152 64 1934]

279 1383 27 38 2
362 1414 8 7 v.
428 1383 126 40 illus.
585 1384 133 47 (incl.
747 1384 162 47 maps)
947 1383 178 48 diagrs.
1181 1383 55 40 25½cm.
1395 1384 101 49 (On
1521 1393 163 30 cover:
1712 1384 115 48 City
1851 1384 55 40 of
1931 1382 117 41 New
2079 1385 132 40 York

209 1440 340 49 geographies)

555 1494 219 52 CONTENTS.—grade
807 1495 83 41 5A.
923 1497 117 39 New
1072 1498 133 39 York
1239 1499 141 45 state,
1419 1498 139 39 other
1593 1498 159 39 North
1785 1496 222 41 Atlantic
2040 1499 169 45 states,

213 1555 151 40 South
400 1554 221 41 Atlantic
659 1551 387 51 states.—grade
1084 1552 76 42 5B.
1203 1554 151 40 South
1394 1556 187 38 central
1616 1557 171 44 states,
1826 1555 158 38 North
2023 1556 187 38 central

210 1613 166 46 states,
407 1612 224 39 Western
661 1613 167 45 states,
860 1611 313 40 Possessions
1198 1611 53 39 of
1280 1612 84 39 the
1394 1611 179 40 United
1608 1611 176 47 States,
1818 1611 196 40 Review
2045 1611 55 39 of
2128 1612 85 40 the

210 1667 177 41 United
419 1669 175 40 States.

213 1721 51 52 ©
301 1727 109 38 Dec.
445 1724 69 48 21,
548 1724 142 47 1934;
727 1724 66 41 2c.
829 1726 120 39 each
981 1725 109 39 Jan.
1127 1725 39 47 5,
1203 1724 112 40 1935;
1381 1724 108 40 affs.
1527 1725 108 39 Jan.
1670 1725 54 46 4;
1763 1725 43 38 A
1839 1723 158 48 79044,
2035 1722 170 49 79045;

277 1782 155 39 Rand.
466 1782 225 47 McNally
721 1782 35 39 &
788 1792 81 37 co.,
904 1781 221 48 Chicago.
1191 1780 284 50 [Copyright
1505 1781 41 40 is
1581 1782 206 39 claimed
1821 1791 60 30 on
1913 1791 107 30 new
2055 1790 152 39 maps]

287 1839 250 49 (35-1543)

206 1941 384 65 Drummond,
620 1943 223 63 Henry,
875 1942 326 55 1851-1897.

278 2017 1867 70 The greatest thing in the world, by Henry Drummond …
211 2095 1997 69 with an introduction by Augustus Taber Murray … Menlo
209 2175 172 67 Park,
418 2172 193 70 Calif.,
642 2174 196 53 Allied
871 2179 117 49 arts
1022 2172 162 71 guild
1218 2174 64 52 of
1317 2172 342 69 California,
1691 2174 123 66 ltd.,
1849 2175 151 50 1934.

278 2248 555 49 xix, 47 p., 1 l. 19cm.
281 2301 1797 52 “This edition … has been printed in Caslon old-face by Stanford
210 2303 1979 106 university
419 2372 138 38 press
582 2362 153 39 under
761 2363 82 39 the
871 2361 236 40 direction
1135 2361 51 40 of
1213 2360 208 49 Hartley
1449 2362 201 39 Everett
1675 2358 258 44 Jackson.”

213 2414 1994 52 © Dec. 6, 1934; 2c. Dec. 17; aff. Jan. 14, 1935; A 79180; Allied arts
276 2476 134 48 guild
449 2476 52 40 of
538 2476 287 46 California,
866 2477 85 38 ltd.
1015 2475 285 49 [Copyright
1335 2474 46 41 is
1415 2474 206 40 claimed
1661 2486 59 28 on
1759 2475 258 46 foreword,

276 2474 1916 99 introduction
503 2535 96 38 and
630 2535 190 38 textual
850 2532 253 49 revisions]
1176 2531 250 49 (35-1419)

206 2624 264 66 Duffield,
501 2625 189 55 Anne.

277 2700 185 54 Silver
492 2702 188 67 peaks.
763 2701 388 66 [Instalments
1182 2703 153 63 6-11]

287 2776 83 47 (In
394 2772 251 43 Woman’s
674 2771 204 51 weekly,
907 2771 116 42 Dec.
1053 2772 70 49 15,
1153 2772 72 48 22,
1255 2771 71 49 29,
1358 2770 132 50 1934,
1521 2768 116 45 Jan.
1661 2771 42 48 5,
1735 2770 70 48 12,
1838 2769 70 50 19,
1940 2767 144 51 1935)

213 2826 1992 53 © 1c. each Feb. 2, 1935; A ad int. 19926; pubd. Dec. 11, 18, 25, 1934,
278 2889 106 40 Jan.
413 2890 39 47 1,
478 2890 39 46 8,
547 2890 67 46 15,
641 2888 141 47 1935;
811 2889 220 46 Dorothy
1058 2889 133 38 Duer
1218 2887 221 46 Duffield,
1467 2887 292 46 Aldbourne,
1787 2884 268 47 Wiltshire,
276 2885 1916 101 England.

209 3036 208 65 Eaton,
445 3036 226 55 Walter
697 3035 305 66 Prichard,
1034 3036 171 54 1878-

279 3114 122 53 The
431 3133 117 34 cow
581 3115 129 52 that
741 3114 153 53 lived
929 3113 61 53 in
1023 3132 29 33 a
1085 3111 190 67 house,
1308 3111 77 66 by
1413 3111 223 54 Walter
1668 3109 285 53 Prichard
1987 3108 219 66 Eaton;

211 3186 1997 74 with pictures by Carl Rose. Boston, W. A. Wilde company [c1934]
278 3340 56 39 41
359 3352 44 37 p.
431 3341 110 41 incl.
568 3341 165 48 front.,
761 3341 129 40 illus.
948 3339 58 41 20
1009 3342 43 22 cm
1057 3372 10 9 .

277 3395 284 43 Illustrated
595 3397 363 48 lining-papers.

215 3450 51 52 ©
297 3456 126 47 Sept.
451 3457 40 45 4,
519 3455 142 48 1934;
693 3456 65 40 2c.
790 3456 109 39 Jan.
929 3455 69 46 23,
1029 3454 141 45 1935;
1203 3453 81 40 aff.
1317 3454 107 39 Jan.
1455 3450 83 49 22;
1571 3452 40 38 A
1643 3450 169 47 80134;
1845 3451 70 39 W.
1948 3450 49 38 P.
2030 3450 173 46 Eaton,

283 3512 219 40 Sheffield,
540 3515 145 38 Mass.
757 3511 250 49 (35-1324)

212 3601 399 67 Engineering
638 3604 411 54 news-record.

286 3677 397 56 Construction
717 3679 154 53 ideas
907 3679 126 55 that
1070 3696 127 34 save
1233 3694 228 50 money;
1500 3694 29 33 a
1568 3673 294 54 collection
1897 3671 63 53 of
217 3672 1959 134 practical

329 3758 352 66 suggestions
712 3756 93 56 for
837 3754 200 69 saving
1068 3756 135 53 time
1234 3755 111 52 and
1375 3754 161 54 labor
1569 3771 73 33 on
1673 3752 132 52 civil
1837 3748 366 69 engineering

217 3832 110 52 and
366 3834 380 53 construction
782 3833 172 52 work.
1032 3831 296 68 Compiled
1370 3831 150 53 from
1563 3827 425 69 “Engineering
217 3844 1984 118 news-record”.
533 3910 136 53 New
694 3909 179 67 York,
891 3910 68 51 N.
988 3909 90 68 Y.,
1099 3908 316 68 Reprinted
1441 3907 151 53 from
1617 3903 392 70 Engineering
218 3921 1984 117 news-record
624 4022 12 33 [c1933]
