2424 4375
1042 4037 99 54 715

101 431 171 65 Cobb,
301 431 365 66 Humphrey,
698 437 169 50 1899-

170 509 177 52 Paths
399 509 63 51 of
513 512 164 64 glory
734 509 108 67 [by]
898 510 342 65 Humphrey
1292 509 173 54 Cobb.
1540 510 137 51 New
1732 510 177 63 York,
1962 510 119 52 The

106 586 212 68 Viking
345 605 171 49 press,
550 591 148 50 1935.

168 674 25 40 3
222 684 41 38 p.
325 703 9 17 l.,
359 672 144 40 3-265
531 683 43 37 p.
633 672 57 41 19½c
738 675 25 21 m
769 705 8 8 .

101 741 51 53 ©
180 745 126 40 June
331 745 41 44 3,
403 742 138 48 1935;
574 743 67 40 2c.
670 744 126 40 June
823 743 51 47 6;
906 743 82 39 aff.
1016 743 125 39 June
1172 744 52 45 5;
1256 743 40 39 A
1329 742 169 48 84098;
1531 743 58 39 H.
1621 742 140 48 Cobb,
1792 743 117 39 New
1939 742 144 41 York.

177 800 248 49 (35-7808)

101 902 286 63 Coleman,
416 904 231 52 Arthur
673 903 290 63 Prudden,
994 904 159 54 1897-

167 982 117 53 The
321 980 196 54 Polish
554 979 373 54 insurrection
965 980 63 54 of
1066 984 131 50 1863
1234 980 56 52 in
1329 980 97 53 the
1460 980 151 68 light
1646 980 63 52 of
1745 982 137 52 New
1921 982 160 51 York

99 1058 1979 68 editorial opinion, by Arthur Prudden Coleman … and Marion
100 1135 1981 69 Moore Coleman … Williamsport, Penna., The Bayard press
108 1250 10 33 [
125 1223 16 21 c
148 1220 145 63 1934]

169 1304 26 39 5
219 1314 40 37 p.
322 1334 8 16 l.,
358 1302 81 40 131
467 1312 42 38 p.
564 1301 152 49 diagr.
771 1301 56 40 24
829 1303 16 22 cm
878 1332 9 9 .
953 1299 250 51 (Slavonic
1230 1301 175 48 series)

170 1373 153 40 “Data
364 1371 287 48 concerning
688 1372 80 40 the
806 1371 117 40 New
959 1371 132 39 York
1128 1368 173 43 dailies
1339 1371 79 40 for
1457 1369 114 43 1863
1610 1372 249 40 consulted
1898 1370 49 40 in
1988 1371 97 42 this

101 1429 167 49 study”:
327 1441 40 37 p.
397 1429 97 40 124.

168 1487 64 39 “A
261 1486 250 40 check-list
541 1487 51 38 of
622 1484 251 41 editorials
904 1495 60 30 on
995 1485 80 40 the
1105 1483 165 42 Polish
1301 1484 221 48 question
1554 1484 48 39 in
1635 1485 80 40 the
1748 1484 193 49 leading
1971 1486 115 39 New

110 1544 118 40 York
254 1542 171 41 dailies
452 1542 78 41 for
558 1541 139 42 1863”:
757 1553 42 38 p.
827 1541 215 41 125-131.

105 1610 49 52 ©
179 1614 98 39 Oct.
307 1614 37 45 1,
371 1614 139 45 1934;
539 1614 64 37 2c.
630 1614 94 37 and
751 1612 80 39 aff.
857 1612 112 47 Apr.
995 1612 68 45 27,
1092 1611 140 46 1935;
1262 1611 40 39 A
1330 1611 168 46 81608;
1530 1613 196 46 Bayard
1753 1623 149 37 press.

179 1669 246 49 (35-7934)

105 1771 230 65 Corliss,
364 1775 138 55 Mrs.
529 1771 222 57 Allene.

169 1850 295 67 Daughter
496 1854 58 48 to
587 1849 207 68 Diana,
828 1848 74 68 by
937 1848 202 53 Allene
1174 1847 229 57 Corliss.
1479 1849 138 54 New
1653 1849 178 67 York,
1868 1851 214 54 Farrar

105 1928 732 67 & Rinehart, inc. [ c 1935]
175 2015 25 40 3
229 2026 41 37 p.
334 2046 8 15 l.,
372 2013 145 41 3-265
545 2024 42 38 p.
647 2013 56 41 20
705 2015 44 22 cm
754 2045 9 10 .

103 2082 51 53 ©
179 2087 122 39 June
327 2087 39 46 6,
394 2085 140 48 1935;
563 2086 68 39 2c.
656 2086 94 39 and
777 2085 81 40 aff.
884 2085 126 40 June
1034 2086 52 45 7;
1116 2085 40 39 A
1182 2084 169 47 84116;
1384 2085 52 39 A.
1465 2084 198 49 Corliss,
1692 2085 65 41 St.
1785 2085 197 48 Albans,
2009 2086 77 40 Yt.

182 2144 245 48 (35-7807)

106 2247 227 64 Cronin,
361 2247 318 53 Archibald
707 2247 237 63 Joseph.

171 2325 117 53 The
314 2329 145 49 stars
484 2325 130 52 look
640 2324 182 53 down.
902 2324 361 67 [Instalment
1291 2327 47 63 6]

181 2413 79 47 (In
292 2408 315 43 Nash’s-Pall
638 2408 116 43 mall
787 2407 274 53 magazine,
1090 2407 133 53 May,
1257 2408 142 50 1935)

106 2478 1961 102 © 1c. June 15, 1935; A ad int. 20317; pubd. Apr. 18; International magazine
305 2551 80 36 co.,
418 2540 104 47 inc.,
554 2540 116 39 New
700 2539 145 40 York.

108 2639 311 69 Cummins,
452 2642 151 54 Alva
629 2642 251 64 Marvin,
914 2647 169 50 1869-
1295 2643 83 52 ed.

232 2719 1856 68 … Annotated Michigan Judicature and other practice acts.
109 2796 63 52 3d
212 2797 100 65 ed.,
351 2800 148 49 1935.
591 2797 310 67 Including
933 2796 295 68 Michigan
1268 2797 164 52 rules.
1526 2796 212 54 Edited
1775 2798 180 52 under
1996 2798 93 52 the

107 2873 1982 70 supervision of Robert M. Brownson … assisted by publisher’s
109 2949 254 56 editorial
392 2952 149 54 staff.
615 2952 247 67 Detroit,
885 2952 64 54 F.
980 2951 58 56 S.
1064 2952 212 67 Drake,
1305 2955 150 50 1935.

174 3037 149 48 xlviii,
353 3038 126 47 1382,
509 3038 86 40 110
622 3049 43 37 p.
724 3038 55 40 26
782 3040 43 21 cm
829 3069 9 8 .

176 3110 59 38 At
261 3110 120 39 head
407 3110 51 38 of
485 3110 133 40 title:
646 3108 250 43 Cummins
919 3108 37 41 &
981 3108 222 41 Beecher.

178 3165 68 40 On
271 3176 164 30 cover:
462 3166 267 40 Brief-case
755 3165 213 49 practice
990 3165 122 40 book
1138 3165 79 40 for
1244 3164 113 41 trial
1385 3167 237 46 attorney.

177 3221 255 48 Appended
463 3221 207 42 sections
700 3223 233 48 preceded
963 3223 60 47 by
1054 3221 261 41 half-titles
1350 3224 80 39 not
1463 3222 222 40 included
1718 3222 49 39 in
1802 3226 78 38 the
1915 3222 175 49 paging

120 3277 47 48 (2
195 3279 182 48 leaves)

177 3336 173 40 Pocket
373 3337 160 40 device
557 3347 59 28 on
640 3335 155 41 inside
820 3336 53 40 of
894 3336 121 39 back
1040 3345 139 30 cover
1204 3334 79 41 for
1307 3336 65 39 all
1400 3336 80 39 the
1507 3338 277 45 temporary
1806 3346 282 39 emergency

111 3393 113 44 acts,
259 3392 154 40 which
448 3393 99 39 will
581 3403 138 30 cease
752 3392 140 46 being
928 3403 25 29 a
990 3394 112 46 part
1134 3392 51 40 of
1222 3393 79 39 the
1339 3391 213 49 practice
1585 3394 104 38 acts
1724 3394 59 46 by
1820 3392 125 41 their
1982 3404 105 29 own

112 3447 252 42 limitation
391 3450 160 40 unless
577 3450 235 40 extended
839 3449 60 47 by
927 3449 80 40 the
1033 3448 113 41 1935
1175 3448 303 47 Legislature.
1549 3449 60 47 cf.
1638 3448 296 42 Publisher’s
1961 3452 125 38 note.

177 3504 148 42 Court
346 3507 141 47 rules,
514 3507 172 40 second
714 3506 194 46 edition,
936 3506 125 41 have
1085 3505 179 48 special
1292 3507 96 46 t.-p.
1416 3506 93 39 and
1539 3507 224 46 separate
1790 3504 295 50 pagination.

111 3569 51 52 ©
187 3575 117 40 Mar.
331 3576 67 47 20,
426 3576 139 48 1935;
594 3577 66 40 2c.
688 3578 111 47 May
825 3579 53 45 4;
909 3577 82 40 aff.
1021 3578 113 47 May
1162 3576 82 49 25;
1276 3577 38 39 A
1343 3576 169 47 81986;
1541 3578 125 40 Fred
1698 3578 43 41 S.
1774 3579 177 39 Drake.

189 3630 244 52 (35-7790)

114 3731 198 66 Curth,
341 3738 319 60 Hermann,
691 3743 170 49 1889-

232 3811 1853 71 … Volk und wirtschaft in lehre und geschichte. Hamburg,
109 3880 397 61 Hanseatische
536 3889 436 68 verlagsanstalt
1007 3923 12 33 [
1025 3895 16 22 c
1048 3892 149 64 1934]

178 3968 83 43 190
285 3981 43 39 p.
387 3974 52 38 21½
475 3976 42 22 cm
522 4006 9 8 .
