2424 4375
1046 4087 131 49 1509

195 547 83 46 xii,
306 547 86 40 336
419 558 41 37 p.
517 547 163 41 front.,
776 579 8 15 pl.,
811 549 148 45 ports.
1015 547 116 39 25cm.

199 603 347 48 Bibliography:
602 614 41 37 p.
674 602 215 41 335-336.

127 669 52 53 ©
211 674 125 47 Sept.
366 674 68 41 30.
465 673 113 40 1935;
635 674 67 39 2c.
732 673 100 40 Oct.
863 674 24 39 3;
948 673 79 40 aff.
1062 673 101 40 Oct.
1193 674 27 38 4;
1280 674 39 38 A
1351 673 142 40 86607;
1554 673 241 40 Harrison
1830 673 157 41 Smith
2017 676 96 38 and

195 731 180 40 Robert
399 732 150 45 Haas,
575 730 89 40 inc.
735 729 278 49 (35-21544)

125 834 269 64 Sheldon,
424 835 263 52 Addison
718 833 217 64 Erwin,
967 837 169 50 1861-

194 909 1855 70 Nebraska civil government, by Addison Erwin Sheldon …
123 988 256 69 Lincoln,
407 990 138 52 New
575 989 162 52 York
770 993 135 63 [etc.]
940 990 119 51 The
1089 988 336 69 University
1453 988 334 69 publishing
1815 1008 296 50 company,

126 1071 148 50 1935.

195 1138 103 49 xiii,
326 1138 87 41 386
440 1148 44 37 p.
511 1137 107 42 incl.
648 1139 162 46 front.,
840 1139 141 47 illus.,
1010 1138 229 49 facsims.,
1269 1139 179 48 diagrs.
1506 1138 117 42 20cm.

197 1195 325 49 “Interesting
548 1194 254 49 readings”
831 1199 50 36 at
909 1196 91 39 end
1028 1195 51 40 of
1106 1197 124 39 most
1259 1195 52 40 of
1337 1196 82 40 the
1447 1196 239 47 chapters.

124 1264 52 53 ©
201 1269 100 40 Oct.
325 1269 39 46 7,
391 1267 112 41 1935;
557 1268 66 39 2c.
651 1269 94 38 and
771 1267 81 40 aff.
878 1267 101 41 Oct.
1006 1266 55 40 10;
1116 1268 39 37 A
1181 1267 143 40 86674;
1378 1266 283 48 University
1685 1268 107 47 pub.

1820 1277 65 30 co.
194 1268 1904 106 [Copyright
354 1326 40 39 is
424 1325 203 40 claimed
659 1336 58 28 on
749 1323 235 41 revisions
1015 1325 97 38 and
1141 1323 260 49 additions]
1474 1323 280 51 (35-21509)

125 1426 351 65 Sholokhov,
510 1427 246 52 Mikhaïl
789 1427 525 64 Aleksandrovich,
1352 1430 171 49 1905-

256 1501 1858 67 … Seeds of tomorrow; translated from the Russian for the
125 1579 122 54 first
277 1581 135 52 time
443 1580 74 61 by
551 1578 249 67 Stephen
836 1577 203 55 Garry.
1114 1578 136 53 New
1286 1578 177 59 York,
1496 1579 70 52 A.
1601 1579 69 52 A.
1703 1579 224 67 Knopf,
1962 1582 150 51 1935.

191 1649 742 49 4 p. l. , 3-404 p., 1 l. 20½cm.
192 1707 66 41 At
285 1708 123 40 head
436 1708 54 40 of
518 1708 107 41 title:
685 1707 207 39 Mikhail
925 1707 286 41 Sholokhov.

195 1764 289 40 “Published
517 1764 49 39 in
601 1763 222 48 England
856 1764 152 39 under
1043 1764 82 39 the
1160 1764 108 40 title
1304 1764 182 47 ‘Virgin
1521 1764 91 39 soil
1646 1765 299 47 upturned'.”

195 1821 161 40 “First
382 1820 255 40 American
668 1818 225 42 edition.”

125 1892 52 53 ©
203 1896 101 40 Oct.
329 1895 70 47 28,
425 1895 113 40 1935;
593 1895 66 39 2c.
686 1894 101 40 Oct.
813 1893 55 40 29;
921 1893 82 40 aff.
1032 1894 100 39 Oct.
1159 1893 58 41 30;
1270 1894 41 38 A
1337 1892 146 42 89026;
1536 1894 172 40 Alfred
1734 1895 52 38 A.
1816 1894 178 48 Knopf,
2024 1896 89 39 inc.

204 1952 278 49 (35-21574)

126 2055 270 65 Shuster,
428 2056 227 63 George
682 2056 293 62 Nauman,
1009 2058 171 50 1894-

196 2133 142 52 Like
386 2151 31 34 a
465 2132 226 68 mighty
739 2149 188 51 army;
978 2131 195 52 Hitler
1224 2149 193 35 versus
1465 2131 342 53 established
1856 2132 261 68 religion,

125 2208 1988 148 by George N. Shuster … New York, London, D. Appleton-Century
414 2305 295 50 company,
744 2287 416 68 incorporated,
1196 2290 151 50 1935.

200 2362 68 41 vii
293 2374 57 37 p.,
377 2362 26 40 1
466 2393 9 16 l.,
501 2362 88 40 286
613 2373 43 37 p.
713 2361 114 40 20cm.

127 2429 52 53 ©
206 2433 102 40 Oct.
337 2433 67 48 11,
433 2432 140 47 1935;
603 2433 65 39 2c.
700 2434 94 38 and
823 2433 80 39 aff.
934 2432 99 40 Oct.
1061 2432 81 45 16;
1173 2432 41 39 A
1241 2431 170 48 87708;
1443 2434 55 38 D.
1529 2432 475 49 Appleton-Century
2034 2444 81 38 co.,

193 2490 90 40 inc.
354 2489 255 49 (35-21554
619 2491 14 47 )

127 2593 228 65 Singer,
386 2594 271 63 Edward,
688 2597 170 50 1901-

195 2667 233 55 Fasciae
455 2668 63 53 of
545 2669 92 52 the
665 2669 211 51 human
903 2668 150 68 body
1080 2668 113 52 and
1219 2667 150 53 their
1398 2667 270 55 relations
1695 2673 59 49 to
1781 2670 96 52 the
1906 2687 208 51 organs

125 2744 1960 148 they envelop, by Edward Singer … with 24 original illustrations by
428 2822 299 52 Elizabeth
768 2824 66 50 B.
875 2821 259 55 Cuzzort.
1211 2821 332 70 Baltimore,
1582 2823 124 53 The
1739 2824 290 54 Williams
2069 2826 45 50 &

125 2898 250 55 Wilkins
405 2918 296 49 company,
738 2903 148 49 1935.

196 2972 64 46 ix,
289 2972 83 41 105
401 2983 43 37 p.
505 2973 126 39 illus.
691 2971 117 42 27cm.

198 3028 332 41 “Literature”:
592 3039 43 37 p.
673 3028 112 51 [101]

131 3096 51 53 ©
208 3101 100 40 Oct.
333 3102 41 46 4,
401 3100 139 42 1935;
570 3101 66 40 2c.
665 3102 95 39 and
786 3100 81 40 aff.
896 3101 98 40 Oct.
1022 3101 25 39 8;
1104 3102 40 38 A
1171 3101 142 40 86616;
1371 3101 245 42 Williams
1639 3103 37 40 &
1704 3102 208 42 Wilkins
1940 3113 67 30 co.

209 3158 277 48 (35-21527)

132 3258 263 67 Sokolov,
425 3261 173 53 Borīs
626 3261 378 64 Fedorovīch,
1037 3265 170 50 1893-

136 3337 1978 131 The achievement of happiness, by Boris Sokoloff … New York
321 3417 133 65 city,
483 3415 197 54 Simon
710 3417 113 52 and
853 3416 285 67 Schuster,
1168 3420 150 50 1935.

198 3484 589 49 3 p. l. , 3-271 p. 21cm.
134 3540 51 52 ©
221 3545 126 48 Sept.
384 3545 38 45 6,
459 3545 139 46 1935;
636 3545 66 40 2c.
742 3546 126 47 Sept.
903 3546 82 46 12;
1020 3545 82 40 aff.
1141 3546 127 48 Sept.
1305 3546 81 47 11;
1424 3547 42 38 A
1502 3546 168 48 87241;
1710 3547 141 41 Boris
1890 3548 226 48 Sokoloff,

199 3602 114 38 New
340 3602 142 39 York.
554 3601 277 48 (35-20889)

141 3701 214 66 [Spero,
384 3703 270 66 Leopold]
694 3705 170 53 1887-

264 3778 1624 69 … Panorama. New York, Hillman-Curl, inc. [ c 1935]
203 3846 82 40 301
312 3858 44 36 p.
414 3847 145 41 19½cm.

203 3903 62 39 At
291 3904 125 40 head
441 3905 51 39 of
519 3906 107 39 title:
684 3906 72 45 By
782 3915 61 29 an
870 3906 241 39 unknown
1138 3907 220 39 novelist.

137 3956 51 52 ©
219 3962 97 40 Oct.
352 3963 67 47 15,
452 3963 112 40 1935;
627 3965 65 39 2c.
729 3964 99 40 Oct.
863 3963 80 48 19;
978 3964 81 40 aff.
1094 3965 101 39 Oct.
1225 3965 82 46 23;
1344 3965 40 39 A
1416 3964 170 48 87936;
1623 3965 370 47 Hillman-Curl,
2027 3966 90 39 inc.

214 4018 276 48 (35-21575)
