2424 4375
1008 4084 131 48 1193

87 463 242 66 Acland,
357 465 250 53 Eleanor
635 465 303 63 Margaret
969 463 319 65 (Cropper)
1323 464 153 66 lady,
1504 464 53 53 d.
1588 467 152 51 1933.

155 539 295 68 Good-bye
497 539 93 52 for
639 540 96 51 the
783 545 253 62 present;
1089 540 95 51 the
1232 544 155 63 story
1436 538 65 53 of
1547 544 112 47 two
1712 538 351 65 childhoods,

85 616 199 69 Milly:
319 616 237 53 1878-88
591 618 45 51 &
670 616 197 53 Ellen:
902 618 256 51 1913-24.
1227 617 91 68 By
1352 615 248 53 Eleanor
1633 615 254 68 Acland;
1924 614 141 53 with

85 692 1980 70 an introduction by Professor George Trevelyan … New York,
85 770 119 54 The
230 770 334 53 Macmillan
593 788 294 51 company,
919 773 150 51 1935.

155 841 85 43 318
264 853 43 38 p.
366 842 27 39 2
420 843 84 41 col.
531 844 123 47 port.
685 843 132 48 (incl.
844 842 172 49 front.)
1084 841 58 42 20½
1173 844 44 23 cm
1220 874 10 10 .

156 899 99 40 The
288 901 134 45 story
455 900 53 40 of
540 900 83 41 the
656 899 217 41 author’s
905 898 256 43 childhood
1195 901 94 39 and
1324 898 53 41 of
1409 900 88 39 her
1531 899 278 48 daughter’s
1844 899 98 42 life.
2032 901 31 45 cf.

87 954 183 43 Introd.

88 1022 52 53 ©
162 1025 117 49 Aug.
306 1026 69 49 27,
402 1026 140 48 1935;
570 1025 68 42 2c.
663 1028 96 39 and
786 1027 82 40 aff.
894 1027 120 48 Aug.
1041 1027 83 47 28;
1153 1027 41 40 A
1221 1027 170 48 85650;
1422 1028 282 39 Macmillan
1731 1039 66 30 co.

165 1083 279 49 (35-15296)

86 1183 240 66 Adams,
356 1185 230 56 Arthur
616 1186 271 65 Garfield,
919 1191 170 50 1880-

155 1263 150 61 1885,
355 1260 134 68 fifty
536 1279 162 50 years
748 1262 63 53 of
858 1279 261 51 progress
1168 1262 63 52 of
1278 1261 96 54 the
1421 1259 329 56 Patriarchs
1798 1261 268 68 militant,

85 1336 1979 71 I. O. O. F., by Major General Arthur G. Adams … 1935.
90 1414 233 70 [Ithaca,
351 1415 69 52 N.
453 1415 88 66 Y.,
571 1422 19 22 c
595 1418 151 65 1935]

152 1490 59 39 40
236 1501 43 37 p.
335 1489 127 41 illus.
491 1488 130 48 (incl.
651 1488 174 50 ports.)
887 1490 55 40 23
946 1492 45 21 cm
995 1521 9 8 .

88 1555 50 53 ©
167 1560 127 40 June
321 1559 69 44 21,
421 1560 140 46 1935;
594 1560 67 40 2c.
694 1561 96 39 and
818 1558 80 42 aff.
932 1560 125 40 June
1087 1560 82 47 26;
1202 1560 42 39 A
1275 1560 169 48 84427;
1478 1561 54 40 A.
1568 1561 52 40 G.
1652 1561 195 43 Adams.
1883 1562 184 46 Ithaca,

154 1616 55 39 N.
238 1617 53 38 Y.
362 1617 278 47 (35-15007)

88 1719 184 64 Allen,
301 1720 187 53 Nellie
514 1720 324 64 Burnham,
867 1726 169 50 1864-

153 1795 417 69 Geographical
603 1801 112 52 and
745 1797 305 54 industrial
1081 1795 239 70 studies;
1354 1797 223 68 Africa,
1608 1799 313 66 Australia,
1954 1800 109 52 and

87 1874 91 53 the
214 1873 215 55 islands
465 1875 64 52 of
564 1876 96 52 the
695 1874 226 69 Pacific,
958 1876 75 67 by
1069 1875 184 53 Nellie
1290 1878 67 51 B.
1396 1876 187 52 Allen.
1658 1879 233 64 Boston,
1929 1877 136 53 New

89 1953 158 53 York
295 1959 117 62 [etc.]
447 1952 155 56 Ginn
630 1956 112 51 and
770 1972 277 49 company
1154 1958 117 62 [1935]

155 2025 83 48 xii,
271 2026 87 40 448
390 2035 43 38 p.
493 2026 86 40 col.
613 2026 162 48 front.,
807 2026 142 47 illus.,
983 2035 138 38 maps
1148 2025 137 48 (part
1316 2025 196 47 double)
1580 2024 57 41 19
1639 2027 44 22 cm
1687 2057 9 9 .

89 2092 52 53 ©
170 2097 118 47 Aug.
319 2096 68 48 19,
419 2095 139 48 1935;
592 2097 67 39 2c.
691 2097 128 47 Sept.
850 2097 52 46 3;
936 2096 82 40 aff.
1054 2096 126 48 Sept.
1212 2096 52 47 5;
1298 2097 42 38 A
1371 2096 168 46 86168;
1575 2097 56 39 N.
1664 2097 54 39 B.
1752 2096 153 48 Allen,
1938 2097 132 39 Lake

153 2154 185 39 Worth.
369 2154 102 39 Fla.
535 2154 281 49 [Copyright
845 2154 39 40 is
917 2153 204 41 claimed
1151 2164 62 29 on
1246 2151 307 51 corrections]

169 2210 276 48 (35-15287)

86 2313 309 54 American
424 2314 546 63 wood-preservers’
1003 2312 374 55 association.

82 2389 1985 147 Proceedings of the thirty-first annual meeting of the American wood-preservers’ association … Hotel Pennsylvania, New
90 2547 158 52 York
288 2547 132 67 city,
460 2549 264 64 January
760 2549 188 63 22-24,
991 2549 150 50 1935.
1224 2547 299 66 [Madison,
1564 2547 159 66 Wis.,
1763 2548 304 53 Democrat

88 2624 258 68 printing
372 2642 294 50 company,
691 2631 17 21 c
714 2627 151 63 1935]

156 2697 97 47 390,
281 2709 100 26 xxx
407 2707 43 36 p.
507 2697 142 45 illus.,
677 2699 137 44 port.,
845 2696 153 39 tables
1028 2695 136 47 (part
1186 2696 144 47 fold.)
1369 2697 178 46 diagrs.
1605 2697 53 38 23
1664 2699 14 20 cm
1713 2729 8 6 .

93 2762 49 52 ©
175 2768 125 45 Sept.
333 2767 39 47 5,
403 2764 140 48 1935;
578 2765 65 39 2c.
680 2765 126 47 Sept.
838 2764 80 47 20;
953 2764 81 40 aff.
1071 2764 127 48 Sept.
1230 2764 81 47 21;
1347 2766 41 38 A
1418 2764 168 48 86398;
1620 2765 158 40 Amer.
157 2767 1894 96 wood-preservers’
387 2832 143 37 assn.,
561 2821 332 48 Washington.

90 2924 199 66 Appel,
318 2926 263 52 Herman
608 2924 227 63 Milton,
869 2930 168 49 1892-

154 3000 1910 69 Flesh and blood, by H. M. Appel … [New York] Godwin
93 3112 14 33 [
110 3085 17 22 c
132 3083 147 62 1935]

155 3152 83 41 291
270 3164 42 37 p.
372 3152 57 41 19½
458 3154 46 21 cm
507 3184 9 9 .

94 3216 50 53 ©
178 3222 116 47 Aug.
330 3222 68 47 27,
436 3221 139 46 1935;
612 3220 66 41 2c.
719 3221 126 48 Sept.
882 3220 81 47 10;
1003 3220 83 40 aff.
1127 3220 126 48 Sept.
1291 3222 81 45 11;
1412 3222 40 38 A
1490 3221 168 47 85854;
1702 3222 201 40 Godwin.
157 3224 1893 95 publishers.
417 3278 278 48 (35-15156)

94 3380 173 65 Asch,
295 3380 256 66 Shalom,
580 3386 171 50 1880-

158 3455 71 54 In
268 3457 94 52 the
400 3456 315 68 beginning
777 3456 92 68 [by]
918 3454 229 56 Sholem
1188 3455 183 66 Asch;
1416 3456 314 54 translated
1773 3456 151 54 from
1968 3458 97 53 the

92 3529 244 57 German
389 3534 75 67 by
521 3532 264 55 Caroline
843 3532 431 69 Cunningham;
1336 3532 287 69 drawings
1680 3533 76 70 by
1817 3535 246 53 Eleanor

92 3606 238 57 Klemm.
392 3610 139 52 New
557 3610 179 67 York,
760 3609 68 55 G.
853 3610 65 53 P.
944 3609 294 54 Putnam’s
1264 3628 145 49 sons,
1440 3612 132 51 1935.

160 3682 521 48 3 p. l., 120 p. 24 cm .
160 3735 324 51 Head-pieces.

167 3792 295 48 “Originally
489 3793 254 47 published
772 3804 54 28 as
859 3792 184 41 ‘Kleine
1074 3794 303 46 geschichten
1412 3805 88 28 aus
1529 3796 84 40 der
1642 3796 178 45 Bibel’;
1857 3800 207 46 adapted

96 3844 122 42 from
252 3850 80 39 the
365 3849 202 39 Yiddish
604 3849 95 39 and
736 3849 270 40 translated
1044 3849 101 39 into
1181 3847 207 42 German
1423 3849 59 48 by
1520 3850 184 42 Helene
97 3850 1969 93 Solrolow.”—Verso
267 3905 53 39 of
344 3906 59 38 2d
427 3904 170 47 prelim.
640 3904 113 40 leaf.

98 3954 49 52 ©
172 3962 113 45 Aug.
315 3962 68 47 22,
409 3961 138 44 1935;
576 3963 66 39 2c.
674 3963 127 46 Sept.
828 3963 50 45 3;
909 3961 81 41 aff.
1021 3964 127 46 Sept.
1176 3963 81 47 17;
1286 3963 41 39 A
1354 3964 169 48 86133;
1555 3967 189 40 Sholem
1769 3968 142 47 Asch,
1939 3970 129 48 Nice,

162 4016 193 42 France.
427 4018 276 49 (35-15291)
