2424 4375
1176 4071 101 49 466

228 446 260 65 Moberg,
517 449 155 52 Ivar.

298 523 178 51 Loom
501 522 197 69 fixing,
721 525 75 66 by
820 526 137 50 Ivar
980 525 255 67 Moberg.
1296 526 261 66 Atlanta,
1582 527 124 65 Ga.,
1806 568 10 11 W.
1843 529 67 50 R.
1939 527 60 54 C.
2027 526 188 55 Smith

228 601 332 67 publishing
589 620 97 48 co.,
714 605 174 49 1934.

297 674 282 48 cover-title,
607 674 54 41 32
690 685 41 37 p.
789 675 55 39 17
847 677 42 21 cm
895 707 7 7 .

300 732 126 38 “The
463 731 224 40 material
727 731 48 39 in
813 731 98 40 this
950 732 121 39 book
1109 734 273 45 represents
1422 742 27 30 a
1488 732 190 49 reprint
1712 733 52 40 of
1800 743 28 30 a
1866 732 153 41 series
2053 734 53 40 of
2142 732 76 43 six

227 788 199 40 articles
452 789 60 47 by
540 790 90 38 Mr.
657 789 210 47 Moberg·,
894 789 254 47 published
1176 789 48 39 in
1256 790 84 39 the
1366 790 139 46 June,
1534 790 130 47 July,
1694 790 202 47 August,
1929 790 289 48 September,

229 844 203 41 October
458 846 96 39 and
579 846 267 39 November
874 845 110 40 1934
1012 846 154 39 issues
1193 846 52 39 of
1271 846 217 40 Cotton.”

228 898 53 53 ©
307 903 112 39 Dec.
447 903 69 47 15,
545 902 140 47 1934;
713 902 68 40 2c.
809 904 95 38 and
931 902 81 41 aff.
1040 903 110 40 Dec.
1179 902 82 48 24;
1292 904 39 38 A
1359 903 170 47 77855;
1624 936 7 7 W.
1662 904 54 39 R.
1746 904 50 41 O.

1827 903 156 42 Smith
2013 904 107 47 pub.
2149 914 69 31 co.

228 1020 202 65 Moffit,
461 1021 129 53 Ella
617 1022 68 55 B.

300 1097 120 51 The
448 1095 196 56 cocker
671 1095 235 69 spaniel,
937 1098 351 68 companion,
1317 1096 266 71 shooting
1613 1097 111 68 dog
1752 1096 110 53 and
1893 1097 151 54 show
2077 1098 140 68 dog;

232 1176 272 67 complete
534 1173 372 55 information
941 1193 70 34 on
1046 1175 236 68 history,
1317 1174 409 69 development,
1759 1175 460 70 characteristics,

231 1251 303 55 standards
565 1251 92 53 for
689 1250 130 53 field
851 1250 134 55 trial
1017 1253 111 53 and
1160 1251 174 54 bench
1368 1252 140 54 with
1540 1270 147 35 some
1721 1252 270 69 practical
2024 1252 195 55 advice

231 1327 1985 72 on training, raising and handling. By Ella B. Moffit … New
234 1405 177 70 York,
450 1403 228 71 Orange
715 1406 158 54 Judd
910 1405 333 70 publishing
1280 1425 294 50 company,
1613 1408 413 69 incorporated,
2068 1411 149 52 1935.

301 1487 66 30 xx
400 1488 56 37 p.,
491 1478 27 39 2
586 1510 8 16 l.,
627 1477 175 41 25-232
834 1488 42 37 p.
935 1479 163 43 front.,
1132 1479 141 47 illus.,
1309 1480 170 47 plates,
1513 1481 118 41 fold.
1665 1482 96 41 tab.
1821 1481 59 40 20½
1909 1484 44 21 cm
1959 1513 8 9 .

301 1535 156 39 Blank
493 1544 145 39 pages
668 1535 81 39 for
782 1535 393 40 “Memorandum
1208 1536 53 40 of
1292 1537 309 46 champions”
1647 1537 251 48 (226-229)

229 1590 53 52 ©
313 1595 108 39 Feb.
451 1594 69 47 20,
552 1594 139 47 1935;
724 1594 68 40 2c.
822 1596 112 45 Apr.
965 1595 81 46 15;
1079 1594 82 40 aff.
1192 1596 112 46 Apr.
1337 1595 82 47 13;
1452 1597 40 37 A
1522 1596 170 45 81411;
1728 1596 189 48 Orange
1948 1598 130 39 Judd
2110 1597 107 47 pub.

298 1662 81 37 co.,
418 1651 91 39 inc.
579 1650 280 49 (35-27112)

227 1754 226 64 Monck,
482 1754 270 55 Solomon
780 1754 238 64 Joseph,
1050 1759 171 50 1869-

301 1831 139 53 This
473 1833 95 53 old
603 1831 125 70 clay
759 1834 170 51 house
964 1833 108 52 and
1107 1831 161 53 other
1303 1851 206 49 poems,
1541 1833 76 67 by
1651 1833 56 56 S.
1742 1835 215 66 Joseph
1991 1834 224 54 Monck.

233 1909 325 67 Cleveland,
586 1909 86 67 O.,
701 1910 56 56 S.
786 1911 56 54 J.
870 1911 209 53 Monck
1112 1914 191 64 [1935]

302 1984 26 38 3
356 1992 40 37 p.
427 1985 43 44 l„
502 1983 171 39 11-112
702 1992 43 38 p.
805 1985 122 45 port.
987 1983 55 41 18
1044 1985 43 21 cm
1093 2015 9 7 .

230 2037 53 53 ©
311 2042 113 46 Apr.
455 2040 38 47 2,
525 2040 141 47 1935;
696 2040 68 40 2c.
795 2042 95 38 and
921 2040 82 40 aff.
1034 2041 114 47 Apr.
1178 2041 25 39 3;
1267 2040 38 39 A
1337 2040 169 47 82350';
1544 2040 43 41 S.
1621 2041 42 39 J.
1696 2041 186 39 Monck.

309 2096 250 50 (35-5593)

229 2186 266 66 Morgan,
525 2189 271 51 Edmund
825 2188 232 64 Morris,
1088 2188 170 55 1878-

302 2266 55 51 A
400 2264 265 54 selection
709 2265 62 52 of
816 2283 149 35 cases
1009 2284 71 34 on
1126 2265 261 53 evidence
1433 2270 60 47 at
1534 2265 96 53 the
1673 2283 256 36 common
1972 2266 128 67 law,
2142 2266 77 68 by

234 2342 1921 68 Edmund M. Morgan … and John Mac Arthur Maguire …
232 2419 266 68 Chicago,
527 2421 121 51 The
677 2421 364 52 Foundation
1071 2439 174 49 press,
1268 2423 126 64 inc.,
1426 2423 148 52 1933.

304 2493 111 49 [420]
445 2505 42 37 p.
546 2492 57 41 25
604 2496 44 21 cm
651 2525 7 7 .

296 2550 210 40 Various
535 2550 213 48 pagings.

300 2607 324 47 “Temporary
652 2606 225 40 edition.”

300 2664 102 41 The
431 2665 173 37 second
635 2664 94 38 and
762 2664 99 40 last
890 2661 258 49 preceding
1177 2660 181 42 edition
1392 2663 51 38 of
1472 2662 233 47 Thayer’s
1737 2671 138 31 cases
1903 2673 61 29 on
1996 2661 225 41 evidence

231 2729 103 30 was
370 2719 255 48 published
664 2719 295 46 twenty-five
995 2729 145 36 years
1176 2729 102 36 ago.
1348 2719 189 47 During
1575 2717 98 40 this
1712 2719 114 38 time
1866 2720 219 38 teachers
2124 2720 94 37 and

231 2777 222 38 students
489 2776 52 39 of
575 2775 225 40 evidence
833 2776 124 38 have
989 2776 230 39 collected
1255 2776 140 39 much
1431 2774 225 40 material
1690 2775 83 39 for
1804 2775 85 39 the
1921 2773 210 40 revision
2167 2774 53 40 of

231 2832 100 40 this
353 2843 105 30 new
483 2831 196 40 edition,
737 2832 60 47 cf.
826 2832 129 39 Pref.

303 2887 176 41 “Table
505 2888 51 40 of
582 2888 163 40 cases”:
802 2899 42 37 p.
872 2888 177 40 xi-xvi.

301 2945 375 48 Bibliography:
705 2954 42 38 p.
775 2944 161 40 vi-vii.

233 2996 53 53 ©
323 3002 101 40 Oct.
465 3001 40 48 2,
542 3000 141 49 1933;
722 3001 67 40 2c.
826 3002 111 38 Dec.
973 2999 83 48 26;
1097 3000 82 40 aff.
1218 3000 107 39 Jan.
1364 3001 40 46 4,
1446 3000 139 46 1934;
1624 3000 39 38 A
1701 2999 168 47 68750;
1912 2999 305 40 Foundation

301 3068 148 37 press,
493 3058 91 40 inc.
654 3056 14 49 (CA
753 3056 206 41 34-1290
974 3057 235 48 Unrev’d)

228 3147 278 53 National
538 3147 313 54 industrial
882 3148 344 53 conference
1260 3148 198 54 board.

300 3223 1855 68 Effect of the depression on industrial relations programs …
234 3300 138 52 New
422 3300 162 53 York
632 3301 132 65 city,
813 3301 272 52 National
1134 3301 304 52 industrial
1489 3299 328 54 conference
1865 3299 195 63 board,
2109 3300 107 50 inc.

236 3380 191 63 [1934]

302 3449 80 46 vii,
418 3450 54 39 17
503 3460 44 37 p.
606 3448 55 40 23
665 3452 43 20 cm
713 3482 7 7 .

303 3503 145 41 “This
480 3515 176 37 survey
686 3514 100 32 was
819 3506 263 40 conducted
1115 3506 60 46 by
1208 3506 81 39 the
1321 3506 224 39 research
1576 3504 118 41 staff
1725 3503 52 41 of
1806 3505 82 39 the
1922 3502 292 42 Conference

233 3561 146 40 board
413 3562 48 39 in
493 3561 345 41 collaboration
872 3562 115 38 with
1020 3562 83 39 Dr.
1134 3560 43 41 J.
1212 3561 49 39 E.
1293 3560 586 41 Walters.”—Foreword.

235 3614 53 53 ©
326 3620 110 38 Dec.
475 3617 69 48 20,
583 3618 140 46 1934;
762 3618 64 39 2c.
868 3619 92 38 and
1000 3616 82 41 aff.
1120 3618 108 38 Dec.
1268 3617 82 46 31;
1393 3618 40 37 A
1471 3616 170 47 78929;
1684 3617 230 40 National
1955 3616 261 39 industrial

304 3674 282 41 conference
622 3675 163 45 board,
822 3674 90 39 inc.
981 3672 249 49 (35-5474)

233 3762 143 52 New
404 3763 178 52 York.
656 3764 268 51 Museum
952 3763 64 52 of
1042 3763 239 51 modem
1308 3766 114 49 art.

303 3838 240 51 Modern
577 3837 184 51 works
793 3836 64 52 of
889 3842 115 59 art;
1040 3835 132 53 fifth
1209 3835 368 67 anniversary
1611 3834 331 65 exhibition,
234 3834 1956 131 November

367 3917 83 62 20,
491 3914 431 66 1934-January
959 3916 83 57 20,
1082 3916 149 49 1935.
1305 3913 137 51 New
1481 3913 178 55 York,
1698 3912 121 52 The
1855 3910 258 53 Museum
2150 3909 64 53 of

235 3992 231 50 modern
497 3997 90 47 art
620 3994 170 62 [1934]
