2568 4342
1173 4078 64 51 59

183 519 40 43 it
264 530 101 32 was
406 523 176 47 agreed
624 521 112 40 that
775 530 28 30 a
845 519 237 49 virtually
1123 530 106 30 new
1268 519 123 41 book
1431 518 174 41 should
1646 518 56 42 be
1743 519 253 48 prepared.
2067 517 118 41 This

183 577 122 42 book
337 578 42 40 is
410 587 63 31 an
505 578 210 48 attempt
746 578 53 39 to
830 576 169 42 sketch
1032 576 51 39 in
1114 576 151 41 broad
1301 575 184 41 outline
1519 576 135 39 what
1686 585 28 30 a
1750 574 253 42 Christian
2033 575 153 41 social

183 636 143 40 order
350 635 155 49 might
531 635 70 41 be.
685 634 34 48 cf.
748 633 130 42 Pref.

252 691 376 50 Bibliography:
663 702 45 38 p.
744 688 217 43 188-186.

185 746 52 52 ©
267 751 111 39 Dec.
409 749 70 49 20,
510 748 141 48 1934;
685 748 66 40 2c.
784 748 110 39 Jan.
926 745 41 50 9,
1131 756 9 37 1935;
1175 745 82 40 aff.
1289 746 109 40 Jan.
1429 747 54 46 4;
1517 746 42 39 A
1589 744 172 49 79103;
1794 746 209 40 General
2034 747 152 39 board

254 806 52 40 of
331 808 52 39 Y.
413 807 62 39 M.
504 806 48 41 C.
580 806 70 48 A.,
677 806 120 39 New
821 805 144 39 York.
1037 803 251 49 (35-1228)

182 897 197 65 Jones,
410 896 251 56 General
692 897 62 54 C.

253 974 122 53 The
402 972 173 70 guide
602 977 60 48 to
691 989 232 50 success,
951 972 75 68 by
1055 970 247 54 General
1331 968 64 58 C.
1425 970 175 54 Jones
1637 1013 8 9 .…
1778 968 237 70 [Dallas,
183 970 1981 152 Etheridge

408 1049 264 71 printing
703 1067 298 52 company,
1033 1056 18 21 c
1057 1051 152 66 1934]

253 1128 101 46 viii,
381 1128 90 40 272
494 1137 44 39 p.
595 1126 58 41 19
654 1128 45 22 cm
702 1157 9 9 .

187 1180 2002 53 © Jan. 12, 1935; 2c. and aff. Jan. 16; A 79204; G. C. Jones, Haynesville,
253 1243 82 40 La.
408 1241 250 49 (35-1268)

182 1333 267 65 Jonesco,
475 1333 220 55 Barbu.

256 1411 185 67 Pomp
477 1411 112 52 and
623 1410 199 68 glitter
857 1409 219 53 around
1111 1429 33 33 a
1175 1408 288 69 marriage
1494 1409 128 53 that
1652 1409 200 68 failed,
1883 1410 78 67 by
1993 1410 199 53 Barbu

184 1490 239 54 Jonesco
452 1508 58 33 as
536 1489 123 52 told
685 1494 57 47 to
770 1487 257 54 Maurice
1051 1488 201 53 Lewis.

266 1563 82 48 (In
375 1559 202 43 London
604 1558 197 52 People,
830 1558 114 44 Dec.
976 1560 72 49 23,
1080 1558 144 50 1934)

191 1616 2001 52 © 1c. Feb. 18, 1935; A ad int. 19957; pubd. Dec. 23, 1934; Maurice
258 1676 170 48 Lewis,
459 1676 160 49 Kings,
644 1676 229 48 Langley,
903 1677 166 47 Herts,
1101 1675 236 48 England.

193 1767 258 68 [Jordan,
479 1769 138 52 Mrs.
645 1767 188 55 Helen
860 1766 297 68 Rosaline]
1192 1772 173 51 1891-

257 1844 272 54 Hornets’
566 1850 142 63 nest,
746 1845 76 68 by
860 1844 189 53 Helen
1086 1843 228 54 Ashton
1420 1844 153 53 [pseud.]
1673 1843 140 54 New
1852 1844 180 67 York,
2072 1842 122 53 The

187 1922 336 54 Macmillan
554 1941 297 50 company,
885 1925 150 50 1935.

259 1997 525 49 5 p. l., 302 p, 20c m .
192 2050 52 52 ©
271 2056 109 39 Jan.
407 2054 69 49 22,
503 2055 141 47 1935;
672 2055 66 40 2c.
769 2056 95 39 and
891 2054 81 41 aff.
1003 2054 109 40 Jan.
1140 2053 55 41 28;
1251 2054 42 39 A
1319 2053 170 47 79333;
1521 2054 60 39 H.
1610 2054 54 38 R.
1695 2054 201 47 Jordan,
1926 2054 212 39 London.

269 2112 252 49 (35-1210)

191 2203 214 65 Keene,
436 2203 272 64 Carolyn.

191 2278 1987 147 … A three-cornered mystery, by Carolyn Keene … illustrated by
512 2358 335 53 Ferdinand
879 2358 68 53 E.
976 2358 262 55 Warren.
1314 2357 140 54 New
1485 2357 181 67 York,
1698 2356 233 56 Grosset
1964 2359 46 51 &
187 2358 1993 146 Dunlap
322 2469 14 34 [
339 2442 19 22 c
363 2439 153 65 1935]

259 2517 42 39 v,
326 2508 87 39 217
435 2518 46 37 p.
535 2507 164 48 front.,
724 2507 173 48 plates.
952 2507 58 41 19½
1042 2509 45 22 cm
1090 2539 9 9 .
1166 2506 129 50 (Her
1319 2506 143 41 Dana
1489 2507 119 48 girls
1632 2508 217 47 mystery
1877 2506 201 49 stories)

259 2563 287 42 Illustrated
577 2563 363 51 lining-papers.

197 2619 50 52 ©
279 2624 108 40 Jan.
419 2622 69 49 22,
518 2622 140 48 1935;
692 2624 65 39 2c.
791 2625 96 38 and
916 2623 81 40 aff.
1029 2623 109 40 Jan.
1171 2623 83 47 25;
1288 2623 41 40 A
1359 2622 172 48 79370;
1566 2624 200 40 Grosset
1798 2623 36 40 &
1865 2624 210 47 Dunlap,
2108 2624 89 39 inc.

274 2680 250 49 (35-1327)

195 2769 188 63 Klein,
410 2771 287 55 Norman.

265 2848 209 52 Terror
507 2848 77 67 by
617 2847 187 69 night,
838 2848 78 67 by
952 2847 257 53 Norman
1244 2847 193 53 Klein.
1512 2847 140 54 New
1689 2846 180 68 York,
1906 2848 217 52 Farrar
2159 2849 46 51 &

195 2924 298 68 Rinehart,
520 2926 403 67 incorporated
957 2958 14 35 [
973 2932 21 22 c
998 2928 153 65 1935]

262 2996 673 49 5 p. l., 272 p. pl. 20½c m .
201 3051 1999 53 © Jan. 24, 1935; 2c. Jan. 26; aff. Jan. 25; A 80209; N. Klein, New York.
275 3113 250 48 (35-1314)

199 3200 246 68 Knight,
478 3202 246 56 Charles
750 3203 242 63 Robert,
1026 3203 172 55 1874-

274 3279 210 54 Before
522 3279 96 53 the
658 3279 168 53 dawn
864 3279 63 53 of
963 3279 241 68 history,
1240 3278 76 68 by
1356 3277 238 56 Charles
1631 3277 68 52 R.
1742 3276 259 68 Knight;
205 3276 1973 134 illustrated

436 3356 75 69 by
558 3357 95 54 the
701 3357 221 53 author.
1005 3356 138 54 New
1191 3355 162 52 York
1398 3355 112 54 and
1556 3355 256 68 London,
1859 3354 342 68 Whittlesey

205 3432 186 70 house,
415 3433 429 54 McGraw-Hill
868 3433 147 54 book
1042 3451 296 51 company,
1364 3432 107 54 inc.
1688 3466 12 34 [c1935]

271 3504 103 48 xiii,
403 3504 87 41 119
514 3516 42 37 p.
617 3505 129 40 illus.
806 3505 55 41 23½
910 3516 32 28 x
959 3504 56 41 31½cm.

274 3561 150 40 Table
449 3563 95 39 and
572 3562 329 40 illustrations
929 3573 60 28 on
1015 3562 364 48 lining-papers.

274 3620 162 42 “First
459 3621 226 41 edition.”

208 3673 1997 54 © Jan. 14, 1935; 2c. Jan. 18; aff. Jan. 19; A 80002; McGraw-Hill book
274 3745 80 37 co.,
384 3736 90 40 inc.
545 3736 252 50 (35-1358)

211 3821 334 70 [Lamburn,
574 3826 269 53 Richmal
874 3826 340 65 Crompton]
1250 3831 171 49 1890-

281 3901 120 55 The
447 3903 95 53 old
587 3903 180 53 man’s
813 3903 292 67 birthday,
1149 3904 76 66 by
1273 3903 267 53 Richmal
1589 3901 319 69 Crompton
1979 3903 197 67 [pseud.]

212 3978 230 68 Boston,
470 3980 196 66 Little,
695 3982 213 52 Brown
938 3981 113 53 and
1080 3999 299 49 company,
1412 3983 152 51 1935.
