2424 4375
1210 4057 132 49 1918

303 406 231 66 Singer,
563 408 185 54 Israel
777 408 244 66 Joshua,
1053 413 172 52 1893-

466 486 1838 72 … Blood harvest; translated by Morris Kreitman. London,
306 565 56 56 S.
389 564 156 66 Low,
569 565 261 55 Marston
857 568 45 50 &
926 583 99 49 co.,
1050 564 104 56 ltd.
1207 568 152 65 [1935]

372 635 102 48 viii,
501 632 88 43 344
614 644 44 39 p.
717 633 57 42 19cm.

370 692 65 41 At
462 692 125 41 head
615 691 54 42 of
694 692 110 41 title
821 701 10 30 :
861 692 38 40 I.
926 692 45 41 J.
1002 692 186 49 Singer.

372 749 163 40 “First
561 748 256 49 published
843 758 55 31 as
926 748 145 42 ‘Sztol
1100 759 64 31 un
1191 748 128 49 ajzn’
1347 749 47 42 in
1421 750 159 51 Vilna,
1606 751 158 43 1927.”

304 819 1999 54 © 1c. Dec. 11, 1935; A ad int. 20921: pubd. Oct. 35: I. J. Singer. New
377 881 145 48 York,
548 882 95 38 and
672 879 182 40 Morris
878 879 271 49 Kreitman,
1177 880 209 40 London.
1455 881 221 50 (36-562)

300 986 191 64 Snow,
520 986 254 53 Edward
804 986 194 53 Rowe.

368 1061 122 53 The
530 1060 217 54 islands
787 1059 65 54 of
889 1061 215 53 Boston
1146 1060 228 69 harbor,
1417 1061 149 53 their
1607 1060 221 72 history
1868 1063 113 54 and
2024 1081 277 50 romance,

302 1141 328 66 1626-1935,
674 1138 77 70 by
798 1139 256 54 Edward
1102 1139 176 53 Rowe
1325 1138 188 56 Snow.
1597 1140 293 70 Andover,
1938 1142 192 69 Mass.,
2179 1143 121 53 The

300 1218 271 54 Andover
599 1236 156 51 press
805 1221 176 65 [c19353

366 1290 100 50 367,
494 1294 55 49 [1]
570 1302 44 39 p.
665 1292 163 48 front.,
851 1292 170 47 plates,
1044 1294 165 46 ports.,
1231 1302 137 38 maps
1396 1292 48 48 (1
1468 1292 117 44 fold,
1611 1292 48 41 in
1685 1294 193 48 pocket)
1912 1293 188 43 facsim.
2153 1296 143 41 23½cm.

369 1348 140 50 Maps
540 1360 60 30 on
631 1349 361 48 lining-papers.

369 1404 1929 53 “This is copy number 411 of five hundred copies … signed by the
297 1463 221 41 author.”

368 1520 164 42 “First
561 1518 228 44 edition.”

298 1588 53 53 ©
384 1595 111 38 Dec.
528 1594 67 40 18,
629 1592 113 41 1935;
800 1593 67 39 2c.
900 1593 111 39 Dec.
1043 1593 71 46 30,
1146 1591 81 40 aff.
1262 1593 112 40 Dec.
1406 1592 57 41 26
1479 1603 8 30 :
1524 1594 40 38 A
1596 1593 144 42 90079;
1803 1596 50 39 E.
1889 1596 54 40 R.
1982 1597 154 47 Snow,
370 1597 1912 101 Winthrop,
566 1650 148 39 Mass.
791 1648 221 48 (36-520)

294 1754 285 65 Stafford,
611 1754 229 64 George
869 1753 276 56 Thomas.

295 1827 1993 152 Individual exercises; selected exercises for individual conditions, by George T. Stafford … Harry B. De Cook … [and]
292 1985 2002 75 Joseph L. Picard … New York, A. S. Barnes and company,
291 2065 421 69 incorporated,
744 2067 149 51 1935.

362 2140 65 47 ix,
460 2139 83 40 111
577 2150 43 37 p.
681 2138 129 40 illus.
870 2138 117 42 23cm.

294 2205 53 54 ©
380 2210 128 48 Sept.
540 2210 70 43 16,
643 2209 140 46 1935;
816 2207 67 41 2c.
918 2209 128 47 Sept.
1078 2208 82 40 16:
1196 2208 82 40 aff.
1314 2209 127 48 Sept.
1474 2208 81 47 24;
1591 2209 41 39 A
1663 2209 171 47 86442;
1868 2210 55 41 A.
1960 2211 44 40 S.
2038 2212 191 41 Barnes
2257 2215 37 39 &

364 2279 82 35 co.,
473 2267 87 40 inc.
630 2266 222 49 (36-654)

290 2369 284 65 Starrett,
607 2368 272 65 Vincent,
914 2371 171 52 1886-

362 2446 171 56 Snow
573 2443 94 54 for
704 2443 319 56 Christmas
1068 2443 109 70 [by]
1221 2443 247 54 Vincent
1507 2443 265 56 Starrett.
1853 2444 281 70 [Glencoe,
2172 2446 113 68 Ill.]

289 2525 201 53 Eileen
521 2521 374 68 Baskerville,
931 2524 150 51 1935.

358 2598 27 41 3
412 2609 42 37 p.
512 2627 10 18 l.,
546 2596 128 48 5-31,
704 2596 56 50 [1]
789 2607 42 37 p.
890 2595 147 41 20½cm.

362 2651 1925 49 “This first edition consists of one hundred twenty-five copies … The
290 2710 121 39 book
440 2709 42 40 is
510 2709 228 47 designed
768 2709 95 38 and
890 2708 192 47 printed
1111 2712 51 35 at
1192 2707 205 40 Glencoe
1425 2708 60 47 by
1513 2708 169 47 Henry
1711 2708 205 40 Dierkes
1945 2709 96 39 and
2071 2710 215 39 released

288 2766 50 39 in
370 2766 82 40 the
480 2765 168 40 month
673 2764 52 39 of
756 2763 276 46 December,
1063 2762 130 42 1935.
1252 2762 119 41 This
1398 2762 42 41 is
1469 2773 119 38 copy
1618 2764 202 39 number
1850 2763 127 41 124.”

289 2819 53 53 ©
368 2824 111 38 Dec.
508 2822 68 47 16,
605 2820 140 47 1935;
775 2821 65 39 2c.
869 2821 97 39 and
990 2819 82 41 aff.
1101 2820 110 39 Dec.
1240 2819 82 46 26;
1352 2819 40 39 A
1419 2819 169 47 88918;
1620 2820 54 40 V.
1705 2821 227 47 Starrett,
1963 2820 217 49 Glencoe,
2210 2823 74 39 Ill.

373 2878 221 49 (36-620)

286 2980 172 65 Stoff,
485 2981 238 55 Rudolf.

466 3055 1814 70 … Polish up your English; ein Toussaint-Langenscheidt-
283 3134 1975 132 aufbaukursus fur l ernlustige mit vorkenntnissen, Langenscheidtsche
662 3212 1259 67 Verlagsbuchhandlung, g. m. b. h. [ c1935]
358 3286 60 39 10
445 3288 66 46 pt.
570 3287 127 38 illus.
757 3284 115 41 20cm.

355 3343 67 39 At
451 3343 125 39 head
608 3343 51 38 of
692 3342 135 40 title:
864 3342 227 39 Methode
1120 3339 685 49 Toussaint-Langenscheidt.

355 3400 160 44 Paged
547 3398 353 47 continuously.

275 3450 2006 54 © Sept. 30, 1934; 1c. July 10, 1935; A-Foreign 28488; Langenscheidtsche
355 3512 573 48 Verlagsbuchhandlung
960 3511 155 46 (Prof.
1143 3511 53 40 G.
1223 3509 411 49 Langenscheidt)
1667 3520 40 37 g.
1736 3521 59 28 m.
1822 3511 41 39 b.
1889 3510 46 39 h.

287 3613 235 66 LStreet,
552 3614 152 54 Cecil
733 3614 152 52 John
917 3613 262 66 Charles]
1216 3616 170 50 1884-

353 3689 258 69 Mystery
637 3695 58 48 at
721 3689 292 69 Olympia,
1036 3690 74 67 by
1136 3689 157 54 John
1318 3687 201 55 Rhode
1569 3687 194 69 [pseud.]
1848 3685 257 70 London,
2132 3688 140 52 Pub.

282 3766 94 54 for
402 3768 96 53 the
526 3767 190 55 Crime
744 3767 126 52 club
896 3767 76 67 by
998 3765 219 57 Collins
1271 3769 152 62 [1935]

350 3839 85 41 252
463 3850 43 38 p.
567 3839 116 41 19cm.

285 3890 1968 110 © 1c. Dec. 4, 1935; A ad int. 20925; pubd. Oct. 7 : C. J. C. Street, Maidstone, Kent, England. (36-357)
