2424 4375
991 4084 134 50 1419

87 540 52 52 ©
173 545 100 39 Oct.
307 546 40 45 4,
381 545 117 40 1935;
557 545 65 40 2c.
657 547 94 38 and
786 546 82 39 aff.
903 547 101 39 Oct.
1040 547 54 39 17:
1158 548 43 38 A
1233 547 143 40 87754;
1441 548 241 39 Kathleen
1716 547 184 46 Norris,
158 548 1901 101 Saratoga,
311 601 144 40 Calif.
525 602 279 47 (35-19152)

90 689 246 66 Norton,
365 691 145 65 Roy,
541 696 169 50 1869-

158 765 1917 72 The canyon of gold, by Roy Norton … New York, The
87 844 304 68 Macaulay
422 862 280 51 company
919 880 11 33 [c1935]

160 916 526 50 3 p. l., 9-255 p. 19½cm.
88 970 52 53 ©
167 974 100 40 Oct.
295 976 69 45 14,
390 974 113 41 1935;
558 974 67 41 2c.
652 977 94 38 and
773 975 81 40 aff.
883 976 100 40 Oct.
1012 976 81 46 16;
1123 977 40 38 A
1190 976 170 46 86822;
1388 978 258 46 Macaulay
1673 987 68 29 co.

167 1031 279 48 (35-19148)

88 1120 277 65 Nutting,
392 1120 270 65 Wallace,
693 1127 169 49 1861-

157 1198 121 53 The
308 1198 156 54 clock
491 1198 164 68 book,
683 1199 76 68 by
787 1199 250 54 Wallace
1067 1198 276 69 Nutting;
1375 1199 171 68 being
1574 1218 31 34 a
1636 1200 348 67 description
2013 1200 63 53 of

90 1273 224 71 foreign
345 1277 113 52 and
489 1275 304 56 American
826 1276 228 68 antique
1084 1278 201 65 clocks,
1316 1278 111 52 and
1458 1296 31 34 a
1520 1277 98 54 list
1648 1277 64 53 of
1741 1278 147 52 their
88 1280 1963 128 makers.

279 1352 309 70 Profusely
638 1353 341 55 illustrated.
1071 1354 231 56 Garden
1356 1354 153 69 City,
1560 1356 69 53 N.
1682 1356 90 65 Y.,
1822 1356 142 53 Pub.
2017 1355 57 54 in

90 1430 359 68 cooperation
485 1431 140 54 with
664 1431 115 56 Old
815 1430 264 55 America
1116 1449 280 51 company
1429 1433 76 67 by
1540 1434 97 52 the
1672 1433 231 55 Garden
1942 1433 135 69 City

86 1507 331 70 publishing
444 1528 96 49 co.,
570 1509 105 55 inc.
890 1543 12 34 [c1935]

156 1581 87 41 312
268 1592 43 38 p.
340 1581 109 42 incl.
478 1581 142 48 illus.,
648 1582 170 49 plates,
847 1583 137 47 port.,
1011 1581 216 42 facsims.
1286 1582 57 41 26
1345 1584 44 23 cm
1416 1620 5 5 .

152 1640 167 38 Plates
345 1639 195 47 printed
569 1649 60 29 on
659 1640 115 39 both
806 1638 138 40 sides.

153 1695 132 40 “List
311 1695 52 40 of
387 1693 257 42 American
670 1693 357 42 clockmakers”:
1084 1706 42 36 p.
1155 1694 214 40 201-239.

153 1752 131 40 “List
313 1752 52 40 of
390 1752 185 39 former
598 1751 189 48 foreign
816 1750 356 41 clockmakers”:
1232 1763 43 36 p.
1306 1751 215 40 240-307.

87 1805 52 52 ©
169 1810 127 47 Sept.
325 1809 69 46 16,
423 1808 113 40 1935;
591 1809 66 39 2c.
688 1809 96 39 and
813 1808 82 40 aff.
929 1810 125 46 Sept.
1085 1807 59 41 30;
1200 1809 41 38 A
1270 1808 143 40 87451;
1473 1809 73 39 W.
1575 1807 220 48 Nutting,
152 1807 1908 105 Framingham,
308 1867 145 38 Mass.

521 1865 278 50 [Copyright
829 1865 42 40 is
900 1865 205 40 claimed
1135 1875 60 30 on
1223 1876 106 28 new
1357 1863 242 50 material]

168 1921 277 48 (35-27346)

88 2012 273 64 Pearson,
390 2012 287 63 Hesketh,
707 2017 168 50 1889-

151 2086 225 56 Gilbert
421 2087 112 53 and
581 2086 292 68 Sullivan;
920 2105 31 34 a
995 2085 342 71 biography,
1381 2086 75 69 by
1500 2085 257 54 Hesketh
1804 2085 268 53 Pearson.

83 2164 134 52 New
243 2164 179 68 York,
447 2164 257 68 London,
727 2164 234 68 Harper
986 2164 45 51 &
1056 2163 277 69 brothers,
1362 2166 150 51 1935.

152 2235 1034 51 7 p. l., 17-317 p. front., ports. 22½ cm .
149 2293 161 42 “First
339 2293 228 42 edition.”

149 2349 385 42 “Authorities”:
564 2359 43 39 p.
638 2349 218 42 309-312.

87 2404 50 52 ©
163 2409 124 47 Sept.
312 2409 69 46 26,
407 2408 139 43 1935;
571 2409 66 39 2c.
665 2409 126 47 Sept.
816 2408 56 39 25;
925 2407 82 41 aff.
1036 2409 127 47 Sept.
1187 2407 57 41 30;
1296 2409 40 38 A
1362 2408 145 40 86520;
1561 2409 196 46 Harper
1780 2409 36 39 &
1842 2410 124 39 bros.

162 2464 276 49 (35-19132)

86 2553 259 65 Phillips,
375 2554 176 53 Ethel
581 2553 255 56 Calvert.

154 2629 195 70 Marty
395 2650 179 34 comes
624 2637 58 46 to
730 2640 149 43 town
934 2629 109 70 [by]
1098 2631 172 54 Ethel
1319 2629 233 55 Calvert
1599 2631 279 67 Phillips;
1931 2631 139 54 with

86 2706 370 56 illustrations
498 2709 75 67 by
614 2709 249 66 Georges
906 2707 313 56 Schreiber.
1294 2709 215 51 Boston
1553 2709 112 52 and
1708 2709 138 52 New
1890 2709 179 65 York,

85 2783 312 70 Houghton
425 2785 202 52 Mifflin
658 2803 294 49 company,
986 2789 147 49 1935.

153 2856 1081 51 3 p. l., 95, [1] p. col. front., illus. 21 cm .
87 2910 50 52 ©
168 2916 125 47 Sept.
325 2915 68 48 24,
425 2915 115 40 1935;
597 2915 67 39 2c.
695 2916 97 38 and
821 2914 80 40 aff.
934 2913 102 41 Oct.
1069 2914 55 38 14;
1185 2914 40 38 A
1255 2913 142 41 87687;
1457 2915 52 38 E.
1543 2914 47 40 C.
1625 2911 221 50 Phillips,
1877 2912 193 48 Nutley,

151 2972 53 39 N.
235 2973 43 39 J.
347 2970 279 50 (35-19146)

86 3048 337 68 Preussner,
452 3052 326 57 Eberhard.

146 3124 107 55 Die
305 3126 355 69 bürgerliche
713 3127 415 68 musikkultur;
1184 3127 90 53 ein
1326 3126 225 69 beitrag
1605 3144 101 35 zur
1762 3125 304 53 deutschen

81 3202 500 69 musikgeschichte
619 3205 96 52 des
756 3208 79 50 18.
876 3204 427 69 Jahrhunderts,
1343 3222 111 35 von
1494 3203 300 53 Eberhard

81 3204 1961 127 Preussner.
249 3280 321 70 Hamburg,
596 3280 411 55 Hanseatische
1069 3281 399 69 verlagsanstalt
1500 3283 172 65 [1935]

150 3352 961 49 5 p. l., 5-210 p. 8 pl. on 4 l. 21½ cm .
148 3405 404 52 Bibliographical
584 3410 275 45 foot-notes.

82 3458 1964 114 © June 29, 1935; 1c. Sept. 3; A- Foreign 29148; Hanseatische verlagsanstalt, a.-g. (35-19136)
86 3600 258 70 Proface,
372 3606 167 65 Dorn,
567 3608 193 65 pseud.

153 3676 222 72 College
405 3697 127 37 men;
592 3680 150 54 their
769 3679 234 70 making
1034 3682 111 53 and
1175 3681 331 68 unmaking,
1536 3680 75 69 by
1642 3680 148 53 Dorn
1824 3679 240 54 Proface

95 3753 58 65 (a
179 3771 107 50 pen
312 3774 160 36 name
501 3757 138 54 with
667 3756 383 69 significance)
1089 3758 139 53 with
1259 3776 29 33 a
1320 3757 281 54 foreword
1628 3758 73 67 by
1732 3758 160 53 Dean
86 3758 1954 124 Theodore

281 3831 1757 70 A. Distler … New York, P. J. Kenedy & sons [ c 1935]
146 3909 44 36 x,
215 3900 84 40 314
322 3912 43 38 p.
424 3903 55 39 22½
511 3906 44 21 cm
560 3936 8 8 .

82 3952 49 52 ©
163 3959 124 47 Sept.
317 3961 68 46 23,
418 3962 112 40 1935;
589 3961 68 42 2c.
693 3965 126 46 Sept.
851 3963 57 40 28:
965 3964 78 39 aff.
1082 3964 128 47 Sept.
1241 3964 54 39 27;
1357 3964 40 38 A
1428 3964 144 40 87285;
1630 3965 50 39 P.
1715 3965 43 39 J.
1790 3965 204 46 Kenedy
2022 3963 39 41 &

147 4025 121 30 sons.
339 4017 252 47 (35-19103)
