2424 4375
1089 4067 135 55 1567

170 440 250 64 Huxley,
504 440 169 52 Aldous
696 440 284 53 Leonard.

241 517 556 64 Emperor-worship
826 535 77 47 up
933 520 57 50 to
1020 517 144 51 date.

249 590 80 48 (In
359 585 202 43 London
586 585 132 50 Star,
746 585 108 43 Oct.
884 586 70 50 11,
985 585 144 50 1935)

173 654 1985 53 © 1c. Dec. 6, 1935 ; A ad int. 20847 ; pubd. Oct. 11 ; Aidons Huxley,
242 715 188 47 Sanary
468 715 168 48 (Var),
666 715 197 39 France.

169 816 236 55 Illinois.
480 820 184 54 Laws,
692 822 254 60 statutes,
979 824 98 46 etc.

241 894 388 55 Smith-Hurd
685 894 225 53 Illinois
967 895 307 52 annotated
1329 899 252 48 statutes.
1674 898 343 50 Permanent
2074 897 83 52 ed.

171 976 132 50 1935
333 974 341 52 cumulative
707 972 207 53 annual
947 973 201 66 pocket
1177 978 159 61 parts
1368 972 95 52 for
1493 973 262 66 chapters
1789 973 150 63 1-37,
1972 978 187 55 39-62,

172 1050 1983 69 74-109, 123-132 … Chicago, Ill., Burdette Smith company;
173 1128 1362 67 St. Paul, Minn., West publishing co. [ c 1935]
240 1202 59 39 20
361 1234 8 8 v.
427 1201 54 40 23½
515 1203 43 21 cm
563 1233 8 8 .

241 1267 155 39 These
424 1266 273 47 pamphlets
728 1275 85 29 are
842 1267 47 38 to
920 1265 57 42 be
1006 1264 140 40 fitted
1177 1265 101 39 into
1311 1266 82 39 the
1422 1266 196 47 pockets
1651 1269 49 36 at
1731 1267 82 39 the
1842 1267 123 38 back
1995 1267 54 39 of
2080 1269 81 38 the

168 1325 214 38 volumes
408 1323 54 40 of
487 1324 81 38 the
595 1325 72 37 set
695 1325 49 37 to
770 1322 157 39 which
957 1322 114 47 they
1098 1322 183 47 belong.

171 1390 53 53 ©
251 1394 101 40 Oct.
376 1394 42 45 4,
443 1391 114 41 1935
575 1403 9 36 ;
612 1392 67 40 2c.
707 1392 118 39 each
850 1392 115 38 Nov.
993 1391 57 39 16
1066 1402 9 36 ;
1133 1391 51 40 aff.
1211 1392 118 39 Nov.
1356 1390 48 40 21
1429 1402 9 36 ;
1468 1393 40 37 A
1535 1390 142 42 89533
1696 1403 9 35 ;
1736 1393 239 41 Burdette
2003 1394 157 40 Smith

239 1461 66 29 co.
335 1451 94 38 and
457 1450 134 40 West
618 1449 109 48 pub.
757 1459 67 30 co.

168 1553 657 64 Inter-parliamentary
853 1552 196 53 union.

301 1630 1853 68 … Cómo ser í a una nueva guerra. Ed. española, con los
169 1707 229 54 ùltimos
429 1707 267 52 acuerdos
726 1706 69 52 de
821 1705 53 53 la
904 1705 196 55 Union
1129 1704 596 68 interparlamentaria
1755 1708 160 52 sobre
169 1709 1962 129 seguridad

304 1781 1853 72 y desarme, y un prefacio de Juan Estelrich … Barcelona,
168 1864 302 52 Montaner
499 1881 37 49 y
568 1861 216 68 Simon,
813 1881 41 33 s.
886 1880 47 34 a.
972 1864 170 64 [1934]

240 1937 28 39 2
292 1946 43 38 p.
398 1966 8 15 l.,
438 1933 267 51 [Vii]-xxiii,
733 1933 88 40 410
845 1944 41 37 p.
942 1935 148 46 ports.
1146 1932 55 40 25
1205 1935 43 21 cm
1254 1964 8 8 .

238 1993 61 39 At
329 1993 123 38 head
483 1991 50 40 of
561 1990 109 41 title
687 2001 9 30 :
727 1989 156 42 Union
912 1989 529 47 interparlamentaria.

241 2049 223 40 Includes
494 2047 127 40 brief
650 2046 496 47 bio-bibliographical
1176 2045 221 41 sketches
1428 2045 51 41 of
1509 2046 82 39 the
1619 2047 215 40 authors.

241 2103 379 48 “Bibliografia”
652 2107 50 37 at
734 2104 91 39 end
856 2102 50 41 of
936 2103 183 39 section
1224 2134 8 7 VII.

173 2156 1970 108 CONTENTS.—Prefacio a la ediciôn espanola, por J. Estelrich.—Intro ducci ó n,
418 2227 85 37 por
537 2217 49 39 P.
621 2214 598 42 Munch.—Conclusions
1253 2215 58 39 de
1344 2216 46 38 la
1425 2218 227 36 encuesta
1688 2216 139 40 sobre
1861 2217 42 38 el
1938 2222 220 35 caránter

172 2273 58 39 de
263 2283 94 30 una
392 2282 155 30 nueva
583 2281 189 38 guerra,
807 2271 288 40 redactadas
1132 2282 86 36 por
1252 2272 45 38 la
1336 2270 240 41 Comisión
1613 2273 153 38 mixta
1804 2273 58 39 de
1897 2273 256 45 seguridad

173 2330 58 39 de
261 2329 49 40 la
341 2328 158 42 Union
532 2327 512 49 interparlamentaria
1079 2327 202 47 después
1317 2328 76 39 del
1428 2328 189 39 estudio
1652 2329 58 38 de
1744 2329 45 39 la
1827 2329 300 47 publicaciôn
2147 2342 8 27 :

174 2383 1981 49 “C ó mo ser í a una nueva guerra.— El carâcter militar de una guerra
172 2441 197 41 futura:
412 2442 281 39 Desarrollo
734 2443 161 38 actual
936 2442 58 39 de
1033 2443 70 38 los
1145 2440 216 40 métodos
1402 2442 57 38 de
1499 2451 190 37 guerra.
1732 2452 85 36 por
1859 2443 52 38 E.
1954 2443 202 47 Réquin.

173 2496 297 42 Tendencias
510 2498 75 39 del
626 2498 267 40 desarrollo
934 2498 58 39 de
1029 2498 48 38 la
1117 2507 189 37 guerra,
1349 2508 86 36 por
1474 2498 42 38 el
1558 2499 194 45 general
1795 2509 90 28 von
1927 2499 227 40 Metzscli.

173 2553 1983 49 Mecanizaci ó n de la guerra, por J. F. C. Fuller. El ejército aéreo y las
172 2620 198 38 guerras
395 2611 212 47 futuras,
634 2621 86 38 por
744 2610 59 40 K.
829 2611 53 38 A.
908 2611 147 40 Bratt
1077 2622 29 36 y
1135 2610 52 41 G.
1212 2611 53 40 B.
1292 2611 55 38 R.
1377 2610 176 47 Sergei.
1556 2611 118 38 —El
1701 2611 136 39 valor
1864 2611 210 41 decisivo
2100 2613 57 38 de

173 2667 69 39 los
269 2677 179 31 nuevos
475 2666 182 41 medios
684 2667 58 39 de
768 2677 188 38 guerra,
986 2668 145 39 desde
1158 2667 42 39 el
1229 2669 150 45 punto
1407 2667 58 39 de
1491 2666 128 40 vista
1646 2668 58 38 de
1732 2668 46 38 la
1807 2668 236 47 agresiôn,
2072 2679 86 36 por

173 2722 162 40 Victor
377 2722 561 40 Lefebure.—Potencial
980 2724 58 38 de
1078 2732 188 37 guerra,
1309 2733 86 36 por
1435 2722 214 39 William
1693 2723 188 40 Oualid.
1925 2725 41 36 el
2010 2726 148 37 coudé

174 2779 114 39 Max
327 2780 58 39 de
425 2779 284 47 Montgelas,
752 2778 53 41 G.
847 2778 671 40 Hosono.—Ramificaciones
1560 2777 407 41 internacionales
2009 2780 57 39 de
2110 2780 43 39 la

173 2834 239 41 industria
437 2837 58 39 de
519 2844 189 38 guerra,
733 2844 86 38 por
845 2834 202 41 Francis
1071 2834 610 40 Delaisi.—Preservaciôn
1707 2846 30 36 y
1763 2834 199 41 defensa
1989 2838 164 37 contra

173 2892 69 38 los
264 2900 179 31 nuevos
465 2890 182 41 medios
671 2892 57 38 de
752 2901 188 37 guerra,
965 2900 85 39 por
1073 2892 43 38 el
1140 2892 194 46 general
1357 2901 93 29 von
1474 2890 229 47 Haeften,
1728 2890 164 40 André
1915 2891 242 47 Mayer.—

175 2946 191 42 Efectos
393 2948 58 39 de
474 2958 95 29 una
597 2958 156 29 nueva
780 2958 172 37 guerra
981 2947 138 40 sobre
1144 2948 47 39 la
1217 2947 301 40 mentalidad
1545 2958 28 36 y
1602 2949 42 37 el
1671 2949 169 38 estado
1867 2948 57 38 de
1951 2948 204 46 espiritu

177 3003 56 39 de
277 3005 74 39 las
395 3003 304 48 poblaciones
747 3003 165 41 civiles
960 3014 29 37 y
1035 3004 57 39 de
1138 3005 74 38 las
1259 3006 166 44 tropas
1471 3003 359 47 combatientes,
1880 3014 85 37 por
2011 3005 146 47 Joerg

175 3058 562 49 Joergensen.—Efectos
798 3058 342 49 demogrâficos
1199 3060 58 39 de
1313 3061 48 38 la
1422 3069 174 37 guerra
1657 3061 243 43 moderna,
1960 3070 85 37 por
2105 3060 51 41 L.

174 3114 589 48 Hersch.—Importancia
794 3126 119 37 para
944 3118 49 38 la
1024 3126 175 39 guerra
1232 3118 56 38 de
1318 3118 72 38 los
1422 3126 220 30 recursos
1673 3116 296 41 econômicos
2002 3117 58 38 de
2091 3127 64 28 un

175 3170 103 47 pais
296 3182 10 36 ;
343 3170 290 49 posibilidad
671 3174 58 39 de
765 3172 197 40 obtener
997 3172 211 41 créditos
1248 3174 76 38 del
1363 3172 296 47 extranjero.
1695 3183 89 36 por
1821 3173 52 38 E.
1913 3171 50 40 F.
2003 3173 152 39 Heck-

175 3227 592 42 scher.—Oonsecuencias
801 3228 289 41 financeras
1125 3231 57 38 de
1217 3239 95 29 una
1348 3239 174 37 guerra
1558 3240 29 36 y
1623 3229 56 39 de
1713 3229 72 39 los
1820 3231 335 45 preparativos

176 3282 55 40 de
274 3294 186 37 guerra,
506 3294 86 37 por
635 3284 150 40 Pablo
829 3285 671 48 Haensel.—Repercusiones
1546 3286 58 38 de
1647 3294 95 29 una
1789 3295 173 36 guerra
2009 3295 57 29 en
2113 3287 41 37 el

175 3338 1983 51 sistema econ ó mico y financiero internacional, por Sir Norman Angell.—
176 3393 1976 53 La guerra qu í mica y bacteriolôgica, por Gertrudis Woker.—Porvenir del
176 3450 198 43 derecho
401 3454 340 40 convencional
770 3455 58 40 de
854 3464 188 38 guerra,
1070 3466 85 37 por
1183 3455 194 40 Nicolas
1407 3452 530 48 Politis.—Apéndices.

176 3518 1979 54 © Jan. 1, 1934; 1c. Feb. 1 ; A- Foreign 23661 ; Montaner y Simon, s. a.
253 3579 276 50 (35-23271)

174 3679 312 68 Johansen,
516 3684 160 64 Jens,
708 3684 169 53 1873-

241 3756 539 71 Danmark-Norges
842 3761 303 67 deltagelse
1207 3760 18 51 i
1289 3761 103 51 den
1458 3765 146 48 store
1665 3759 265 53 nordiske
1991 3758 160 67 krig:

177 3829 1976 74 S ø nderjyllands befrielse. udgivet af Generalstaben, udarbejdet
176 3907 1977 73 af oberstl ø jtnant Jens Johansen. K ø benhavn, Gyldendal.
177 3990 143 51 1935.
