2424 4375
1169 4018 98 50 912

259 395 182 66 Veau,
469 397 223 68 Victor,
723 400 170 56 1871-

391 476 1857 78 … Pratique courante et chirurgie d’urgence, par V. Veau et
258 550 66 53 F.
354 550 331 56 d’Allaines.
754 557 46 50 9.
830 554 84 53 éd.
945 556 365 56 entièrement
1337 576 132 49 rev.,
1500 579 134 35 avec
1659 565 102 50 320
1788 562 207 69 figures
2024 566 141 54 dans
2195 571 52 51 le

256 630 167 50 texte.
487 630 184 65 Paris,
698 629 230 55 Masson
956 637 56 49 et
1040 631 80 66 cie,
1152 637 150 51 1935.

255 698 1972 113 viii, 314 p. illus., 20cm. (Précis de technique opératoire … (Nouvelle série))
257 821 1719 64 © Jan. 29, 1935; 1c. May 6; A- Foreign 27861; Masson et cie.
333 883 251 51 (35-9537)

253 973 279 67 Waddell,
563 976 247 55 Charles
835 977 234 66 Wilkin,
1102 981 171 54 1875-
1483 982 83 52 ed.

322 1053 58 53 A
406 1052 303 55 handbook
741 1055 96 53 for
863 1057 231 53 student
1121 1058 269 68 teachers,
1421 1062 280 66 prepared
1732 1064 180 51 under
1943 1064 94 54 the

257 1059 1983 155 direction of Charles W. Waddell … Berkeley, Calif., University
251 1209 63 51 of
337 1207 336 64 .California,
699 1228 173 51 press,
901 1215 149 50 1935.

353 1313 8 16 v,
383 1282 57 41 63
460 1293 44 38 p.
526 1282 109 41 incl.
657 1282 128 43 illus.
814 1284 162 47 (plan)
1007 1283 195 49 diagrs.,
1226 1286 168 41 forms.
1446 1288 56 40 23½cm.
1654 1291 14 46 (On
1772 1299 164 31 cover:
1960 1291 280 54 University

252 1338 1792 57 of California at Los Angeles. Syllabus series … Syllabus no. 1)
323 1396 84 38 “In
444 1397 84 40 the
560 1396 313 49 preparation
908 1398 54 40 of
995 1397 98 42 this
1128 1399 258 41 handbook
1418 1401 85 40 the
1536 1401 227 42 Director
1799 1403 53 40 of
1889 1405 84 40 the
2006 1406 236 48 Training

250 1452 306 48 department
596 1453 54 40 of
688 1454 83 39 the
807 1453 244 41 Teachers
1087 1456 181 47 college
1308 1457 89 41 has
1437 1459 117 38 been
1598 1457 208 42 assisted
1849 1462 127 39 most
2015 1463 60 46 by
2118 1462 122 41 Miss

251 1507 1986 57 Corinne A. Seeds … who has written a considerable part of the material
245 1565 460 42 included.”—Pref.

317 1624 228 39 Includes
576 1622 317 41 information
927 1634 61 28 on
1022 1624 243 40 Teachers
1296 1626 180 47 college
1510 1626 52 40 of
1594 1628 83 39 the
1709 1627 281 49 University
2026 1631 54 38 of
245 1622 1973 102 California
438 1680 54 39 at
515 1679 97 39 Los
633 1680 220 47 Angeles.

247 1730 54 53 ©
335 1735 109 40 Feb.
482 1734 69 49 12,
585 1735 117 40 1935;
762 1736 68 39 2c.
867 1737 119 38 Mar.
1023 1736 81 47 18;
1142 1736 82 40 aff.
1261 1738 119 40 Mar.
1417 1738 82 46 25;
1537 1739 41 38 A
1613 1736 170 50 81932;
1822 1740 214 49 Regents
2066 1741 53 41 of
2153 1743 81 40 the

317 1791 138 40 Univ.
485 1792 55 41 of
564 1790 285 50 California,
878 1793 250 47 Berkeley,
1159 1792 143 42 Calif.
1375 1794 280 51 (35-27889)

243 1880 309 65 Walgreen
584 1897 304 49 company,
920 1881 266 68 Chicago.

317 1957 101 55 Set
448 1974 144 53 your
626 1961 144 53 sales
806 1958 94 54 for
931 1959 200 69 bigger
1167 1960 252 68 earning.
1493 1959 268 71 Chicago,
1793 1964 305 67 Walgreen
2133 1983 97 50 co.,

247 2039 150 51 1934.

310 2107 789 54 31 p. l., 118, [4] p. illus. 20cm.
245 2161 53 54 ©
321 2167 116 47 July
460 2166 71 48 23,
554 2165 115 41 1934;
722 2166 66 41 2c.
816 2169 96 38 and
934 2166 83 40 aff.
1044 2166 120 48 Aug.
1188 2167 55 39 13;
1298 2168 43 38 A
1366 2167 172 47 73856;
1565 2167 257 48 Walgreen
1847 2179 67 30 co.

241 2253 313 65 Wandrey,
584 2255 248 64 Conrad,
864 2255 169 54 1887-

369 2328 1856 76 … Kolbenheyer, der dichter und der philosoph … München,
238 2410 70 53 A.
337 2411 252 66 Langen,
617 2410 68 54 G.
716 2410 226 67 Müller,
973 2413 147 53 1934.

306 2483 99 47 372,
434 2482 56 51 [5]
520 2494 43 38 p.
617 2483 149 39 front.
794 2481 171 49 (port.)
1029 2482 55 40 21½cm.

308 2537 326 44 “Werktafel”:
690 2551 41 37 p.
762 2538 112 52 [376]

239 2590 1985 61 © Nov. 30, 1933; 1c. Mar. 13, 1934; A -Foreign 24040; Albert Langen-
309 2652 156 48 Georg
490 2652 175 39 Müller
690 2653 179 47 vertag,
896 2662 41 38 g.
966 2663 59 28 m.
1053 2652 41 41 b.
1122 2653 43 37 h.
1236 2652 64 47 (A
1318 2651 35 41 C
1371 2651 197 48 34-963)

234 2727 330 64 Weinberg,
592 2727 210 54 Albert
828 2728 172 53 Katz.

366 2795 1855 79 … Manifest destiny; a study of nationalist expansionism in
234 2874 1985 78 American history [by] Albert K. Weinberg … Baltimore,
234 2958 120 52 The
385 2958 184 55 Johns
601 2954 269 72 Hopkins
901 2976 173 50 press,
1108 2959 148 50 1935.

303 3030 103 49 xiii,
441 3030 87 42 559
559 3042 43 37 p.
660 3031 57 40 23½cm.

304 3087 66 41 At
393 3087 125 41 head
544 3087 52 41 of
621 3086 107 41 title:
784 3087 100 40 The
910 3088 187 41 Walter
1123 3086 152 41 Hines
1301 3086 129 48 Page
1456 3086 162 41 school
1645 3085 52 42 of
1721 3084 349 43 international

235 3084 1963 112 relations,
406 3144 82 40 the
518 3143 153 40 Johns
701 3141 219 49 Hopkins
950 3140 282 50 university.

305 3197 233 43 “Notes”:
574 3210 43 38 p.
650 3198 217 42 487-542.

233 3251 52 52 ©
310 3256 129 40 June
462 3255 69 44 27,
558 3255 112 41 1935;
725 3255 67 40 2c.
820 3256 93 39 and
943 3254 80 40 aff.
1052 3254 115 48 July
1193 3254 52 47 2;
1278 3256 39 38 A
1346 3254 168 47 83858;
1546 3256 157 40 Johns:
1730 3255 221 49 Hopkins
1980 3266 149 39 press.

309 3311 250 49 (35-9403)

229 3385 458 65 Witherington,
713 3385 243 64 Aubrey
982 3385 227 64 Milton,
1242 3391 169 50 1888-

362 3455 1637 79 … Legal trends of in-service training of public school
229 3453 1978 158 teachers, by Aubrey Milton Witherington … Nashville, Tenn.,
230 3612 219 71 George
477 3614 268 68 Peabody
774 3615 211 68 college
1011 3614 94 53 for
1132 3614 270 69 teachers,
1430 3617 150 52 1934.

298 3681 1906 61 1 p. l., 9 p. 23½cm. ([George Peabody college for teachers, Nashville]
226 3744 230 41 Abstract
481 3745 52 40 of
556 3743 338 43 Contribution
920 3748 49 37 to
996 3742 269 49 education,
1290 3754 74 30 no.
1390 3744 110 48 138)

296 3801 231 40 Abstract
548 3801 51 38 of
621 3800 150 41 thesis
805 3803 104 46 (PH.
964 3799 290 48 D.)—George
1276 3800 223 47 Peabody
1522 3802 180 45 college
1721 3800 80 40 for
1821 3799 234 47 teachers,
2078 3798 126 41 1934.

227 3852 52 52 ©
315 3857 109 39 Feb.
458 3855 67 48 12,
559 3856 139 47 1935;
735 3854 66 43 2c.
839 3857 109 39 Feb.
982 3856 83 46 25;
1102 3857 82 39 aff.
1220 3856 109 39 Feb.
1364 3856 82 47 21;
1485 3856 40 39 A
1559 3855 168 48 79815;
1768 3856 182 48 George
1982 3855 223 48 Peabody

295 3915 179 47 college
500 3913 81 40 for
608 3913 233 41 teachers.
909 3912 251 50 (35-9473)
