2424 4375
1028 4082 131 51 1755

121 455 207 63 Large,
358 457 138 52 Mrs.
527 456 195 52 Laura
751 455 349 52 Antoinette
1132 454 301 64 (Stevers)
1473 457 171 51 1887-

118 528 1967 149 Little stories of well-known Americans, by Laura Antoinette Large …
137 607 1970 133 New York, The Platt & Munk co., inc. [ c 1935]
187 760 84 41 192
299 772 43 37 p.
401 761 164 48 front.,
592 771 77 38 pl.,
699 764 148 45 ports.
906 759 146 42 20½cm.

183 818 318 49 Biographies
528 818 52 40 of
605 818 202 40 Charles
833 818 54 39 A.
914 816 289 49 Lindbergh,
1230 818 127 39 John
1384 818 342 47 Wanamaker,
1751 817 187 40 Walter

117 820 1971 103 Damrosch,
305 875 142 40 Mark
481 874 186 47 Twain,
701 875 123 40 Jane
859 875 229 46 Addams,
1126 874 183 40 Luther
1347 874 246 50 Burbank,
1633 874 166 41 James
1836 872 272 43 Whitcomb

119 933 151 48 Riley,
307 932 188 40 Wilbur
532 932 97 39 and
665 931 183 41 Orville
883 930 206 49 Wright,
1128 932 187 39 Booker
1350 931 51 39 T.
1440 930 335 49 Washington,
1814 932 50 40 P.
1900 932 51 39 T.

113 932 1977 97 Barnum
258 991 93 38 and
386 989 211 40 Herbert
629 989 208 40 Hoover.

119 1057 53 53 ©
200 1062 116 46 July
343 1060 68 49 19,
443 1061 16 38 1
470 1060 54 39 935;
614 1060 64 39 2c.
712 1061 93 37 and
838 1059 80 40 aff.
951 1059 117 40 Nov.
1099 1060 53 37 21;
1215 1060 39 37 A
1286 1059 145 39 88485;
1490 1059 136 39 Platt
1654 1059 35 39 &
1722 1059 151 39 Munk
1904 1068 82 36 co.,
2019 1058 88 42 inc.

186 1117 279 50 [Copyright
495 1117 41 39 is
567 1117 203 39 claimed
801 1127 60 28 on
891 1115 250 49 revisions]
1214 1116 280 47 (35-34883)

115 1219 79 52 Le
226 1218 315 65 Chatelier,
570 1221 186 52 Henri
786 1221 194 63 Louis,
1016 1224 169 49 1850-

184 1294 1921 71 L’industrie, la science et l’organisation au xxe siècle; trois
116 1374 354 53 conférences
521 1374 241 53 données
813 1374 32 51 à
891 1363 212 63 l’École
1151 1373 203 54 sociale
1405 1372 246 54 d’action
1700 1372 282 54 familiale
2029 1374 78 52 du

114 1450 1992 70 Moulin-Vert, par Henry Le Chatelier … Paris, Dunod, 1935.
184 1525 699 50 2 p. l., 82 p. diagr. 21 cm .
111 1593 55 51 ©
195 1598 112 46 Apr.
339 1598 39 44 2,
410 1596 140 46 1935;
639 1627 9 8 1c.
681 1596 129 39 June
836 1596 81 45 12;
951 1596 101 38 A-
1055 1594 206 47 Foreign
1292 1594 171 47 28230;
1498 1597 187 39 Dunod.
183 1652 278 49 (35-36730)

120 1756 226 66 [Leslie,
380 1758 137 52 Mrs.
554 1754 192 55 Annie
781 1753 211 55 Louise
1024 1755 299 67 (Brown)]
1367 1759 170 51 1870-
1748 1757 85 53 ed.

187 1833 278 67 “Nancy’s
512 1831 270 69 family”;
831 1831 104 54 life
981 1833 113 54 and
1141 1834 93 51 the
1280 1831 186 69 living
1510 1833 65 52 of
1617 1834 48 52 it
1713 1832 285 56 discussed
2045 1835 55 53 in

115 1911 208 67 letters,
348 1910 187 54 edited
562 1909 76 69 by
664 1912 199 66 Nancy
889 1912 212 52 Brown
1150 1910 179 67 [pseud
1333 1953 10 10 .]
1435 1912 262 66 [Detroit]
1730 1913 120 51 The
1876 1912 220 53 Detroit

115 2008 167 48 news,
314 1993 149 49 1935.

187 2061 64 46 ix,
284 2060 86 41 278
401 2071 43 37 p.
504 2060 146 43 21½cm.

189 2115 1591 48 “First published in … the Detroit news in 1933 and 1934.”
189 2173 227 40 “Volume
445 2171 201 41 number
674 2172 114 40 four
818 2173 52 40 of
898 2171 295 48 Experience
1224 2173 188 39 column
1442 2173 170 39 letters
1646 2173 125 39 from
1804 2175 79 38 the
1916 2174 183 40 Detroit

118 2240 142 38 news,
291 2229 254 49 published
575 2230 49 40 in
653 2230 123 39 book
803 2228 419 43 form.”—Introd.

114 2296 52 53 ©
188 2301 111 39 Dec·.
322 2300 40 47 2,
385 2299 113 41 1935;
550 2299 66 41 2c.
640 2301 94 38 and
758 2300 82 40 aff.
865 2300 110 40 Dec.
998 2301 25 38 5;
1076 2301 40 37 A
1140 2298 140 42 89711;
1337 2299 218 49 Evening
1577 2310 130 30 news
1733 2310 141 37 assn.,
1901 2300 207 40 Detroit.

192 2357 279 47 (35-34451)

114 2460 207 63 Leslie,
350 2460 179 54 Ruth.

183 2535 1921 69 The world would be well, by Ruth Leslie … illustrated by
115 2612 168 53 Viola
335 2613 236 53 French.
664 2612 311 67 Nashville,
1025 2613 195 67 Tenn.,
1271 2612 68 51 R.
1390 2612 67 56 R.
1510 2612 324 53 Alexander
1884 2614 45 50 &
1978 2629 128 35 sons

120 2723 12 32 [
137 2696 19 21 c
160 2691 151 65 1935]

183 2758 1129 50 1 p. l., vii-x, 273 p. front., illus. 19½ cm .
183 2816 1835 50 Bibliography at end of each chapter except chapters XIV and XV.
116 2876 52 53 ©
195 2882 115 39 Nov.
340 2883 40 45 4,
412 2882 112 39 1935;
584 2882 66 40 2c.
683 2883 96 38 and
809 2882 79 40 aff.
921 2882 117 41 Nov.
1070 2882 51 41 9;
1156 2883 39 38 A
1226 2881 170 48 89268;
1431 2883 54 40 R.
1519 2884 52 38 R.
1604 2884 276 39 Alexander
1913 2885 35 39 &
1980 2895 124 30 sons.

192 2938 278 48 (35-34006)

114 3038 198 67 Little,
342 3041 320 54 Archibald
691 3042 353 64 Alexander,
1076 3046 171 49 1860-

111 3117 1967 130 The highway to happiness; sermons … by Archibald Alexander Little
590 3194 1508 71 … Grand Rapids, Mich., Zondervan publishing
111 3269 187 70 house,
327 3274 149 51 1935.

185 3341 85 40 204
296 3354 30 37 p
369 3344 108 39 incl.
509 3347 122 44 port.
692 3344 55 40 19½
779 3347 15 21 cm
827 3377 9 9 .

114 3396 52 53 ©
195 3402 113 39 Nov.
340 3402 69 43 12,
439 3400 140 44 1935;
610 3401 67 41 2c.
709 3404 94 38 and
835 3403 80 40 aff.
947 3404 116 39 Nov.
1094 3403 81 42 27;
1210 3404 40 39 A
1281 3404 146 41 89618;
1484 3405 53 40 A.
1569 3406 52 38 A.
1654 3404 161 48 Little,
1849 3404 254 48 Meridian,

182 3458 130 40 Miss.
384 3459 279 48 (35-34020)

115 3561 340 64 McCarthy,
488 3563 271 64 Edward,
787 3565 72 64 jr.

115 3637 1963 146 Florida Chancery act, annotated. 2d ed. By Edward McCarthy, jr. …
587 3716 164 54 With
773 3716 199 53 official
997 3716 179 54 forms
1198 3718 400 67 promulgated
1614 3718 75 68 by
1712 3718 92 53 the
1830 3716 273 70 Supreme

114 3797 158 46 court
299 3794 63 51 of
390 3792 254 53 Florida.
717 3793 259 68 Atlanta,
1001 3795 121 53 The
1147 3795 284 52 Harrison
1461 3812 296 51 company,
1789 3797 149 51 1935.

184 3863 115 49 xliv,
331 3864 87 40 214
449 3876 44 37 p.
551 3864 55 41 23½
639 3867 45 22 cm
687 3897 10 9 .

185 3919 101 40 The
314 3920 274 41 committee
614 3924 151 44 notes,
792 3922 250 48 following
1070 3923 118 40 each
1218 3923 182 39 section
1429 3923 52 40 of
1511 3923 80 39 the
1620 3925 199 45 statute,
1850 3934 84 30 are
1966 3926 135 40 those

116 3975 158 40 which
302 3986 127 30 were
460 3975 257 49 published
750 3978 61 47 by
846 3978 83 40 the
962 3978 180 48 special
1175 3979 272 40 committee
1483 3979 50 41 of
1566 3979 81 41 the
1683 3980 88 40 bar
1806 3980 293 41 association
