2568 4342
1169 4055 65 53 79

182 440 279 67 Weigert,
492 443 201 61 Oscar,
726 446 171 50 1886-

253 519 486 53 Administration
777 519 63 53 of
877 519 316 67 placement
1231 518 113 53 and
1379 518 468 66 unemployment
1881 517 301 52 insurance

183 594 1997 69 in Germany, by Oscar Weigert, LL . D. New York, Industrial
185 673 268 53 relations
486 673 336 65 counselors,
855 672 419 67 incorporated,
1309 675 152 50 1934.

252 744 98 48 xiv,
380 744 83 40 241
493 756 44 37 p.
565 745 111 39 incl.
707 744 149 41 front.
887 744 157 49 (map)
1114 743 55 41 23½
1203 746 45 22 cm
1251 777 9 7 .

255 800 146 42 “This
431 803 189 39 volume
651 802 41 39 is
724 802 82 40 the
836 801 174 40 second
1041 801 51 39 in
1123 812 28 29 a
1184 801 148 41 series
1365 801 52 40 of
1447 801 185 41 studies
1665 811 59 29 on
1756 802 82 40 the
185 801 1978 99 administrative
313 860 166 46 aspect

509 858 52 41 of
589 856 161 51 public
779 858 323 48 employment
1133 857 209 41 services
1373 859 96 39 and
1500 857 391 49 unemployment
1920 857 261 43 insurance

185 914 1979 99 in several countries … The manuscript, which was written in German … was
564 972 273 40 translated
875 971 96 40 and
1009 971 161 41 edited
1208 971 61 47 by
1307 970 274 41 Industrial
1618 971 233 41 relations
1890 974 291 46 counselors,

185 1030 104 47 inc.,
319 1030 118 40 with
465 1030 81 40 the
573 1028 219 41 author’s
819 1026 595 50 co-operation.”—Series
1442 1027 258 42 foreword.

255 1087 348 49 Bibliography;
665 1098 43 37 p.
759 1082 235 52 [223]-226.

191 1142 51 52 ©
267 1147 109 38 Dec.
402 1146 69 45 31,
496 1143 114 42 1934;
662 1143 65 40 2c.
755 1143 107 40 Jan.
887 1141 67 48 12,
980 1139 113 42 1935;
1149 1140 81 41 aff.
1256 1142 110 39 Jan.
1391 1141 55 40 22;
1501 1142 41 39 A
1567 1142 170 48 80219;
1767 1144 272 40 Industrial
257 1143 1909 100 relations

413 1202 290 45 counselors,
733 1200 90 39 inc.
895 1197 250 50 (35-1763)

187 1290 272 65 Weirick,
486 1289 164 56 Paul.

259 1368 196 53 Dance
490 1366 343 68 arranging;
871 1384 30 34 a
939 1364 174 69 guide
1145 1369 59 49 to
1241 1364 230 68 scoring
1504 1362 180 57 music
1720 1364 98 55 for
1852 1366 98 54 the
194 1366 1971 133 American
349 1446 177 53 dance

553 1444 305 66 orchestra,
888 1443 77 67 by
993 1443 148 52 Paul
1171 1442 270 55 Weirick.
1516 1443 139 53 New
1688 1443 181 67 York,
1898 1444 293 54 Witmark

192 1523 358 54 educational
577 1521 400 68 publications,
1006 1521 364 66 department
1397 1520 66 54 of
1488 1521 81 53 M.
1598 1521 293 55 Witmark
1919 1523 114 53 and
2061 1541 129 36 sons

193 1634 13 34 [
210 1607 19 22 c
234 1604 135 50 1934
372 1634 13 34 ]

258 1686 32 28 X
317 1686 58 36 p.,
400 1673 26 40 1
489 1704 9 17 l.,
525 1672 89 41 142
638 1684 44 37 p.
739 1672 130 40 illus.
896 1670 201 50 (music)
1163 1670 55 42 26½
1251 1674 45 21 cm
1299 1702 9 9 .

192 1727 51 52 ©
271 1732 112 39 Dec.
408 1731 69 45 27,
505 1729 114 41 1934;
675 1729 65 40 2c.
770 1730 96 39 and
893 1728 80 41 aff.
1003 1730 110 39 Dec.
1142 1728 56 41 28;
1255 1729 40 39 A
1323 1727 142 42 77951;
1522 1730 62 39 M.
1614 1730 244 39 Witmark
1886 1730 36 40 &
1950 1740 125 31 sons.

269 1786 250 50 (35-1512)

189 1878 195 65 Wells,
413 1877 272 64 Carolyn.

261 1952 1927 71 The wooden Indian [b y] Carolyn Wells; a Fleming Stone
191 2031 275 54 detective
495 2032 180 53 novel.
742 2030 428 69 Philadelphia,
1198 2031 259 67 London,
1487 2034 55 54 J.
1574 2034 67 51 B.
1672 2031 342 68 Lippincott
191 2052 1970 126 company
417 2113 151 64 [c1935]

258 2183 86 41 318
377 2195 44 37 p.
482 2182 56 41 19½
568 2184 45 22 cm
617 2214 10 10 .

195 2236 50 53 ©
274 2242 108 39 Jan.
409 2240 40 47 3,
478 2238 141 48 1935;
647 2239 65 40 2c.
741 2240 94 38 and
863 2237 81 41 aff.
974 2238 108 39 Jan.
1111 2239 83 46 11;
1223 2238 43 39 A
1291 2237 171 49 78974;
1494 2238 210 49 Carolyn
1733 2240 149 40 Wells
1911 2241 279 49 Houghton,

264 2298 115 39 New
403 2297 143 40 York.
618 2294 221 50 (35-750)

196 2386 190 66 Wells,
413 2386 291 59 Webster,
735 2389 325 51 1851-1916.

261 2461 1930 70 Progressive plane geometry, by Webster Wells … and Walter
196 2538 1971 149 W. Hart … Boston, New York [etc.] D. C. Heath and company [ c 1935]
266 2693 64 47 ix,
361 2694 71 49 [1],
457 2692 88 41 390
567 2703 42 37 p.
637 2692 76 40 incl.
773 2691 163 47 front.,
965 2691 144 48 illus.,
1137 2690 179 49 diagrs.
1377 2690 55 41 19½
1464 2693 44 22 cm
1513 2724 9 7 .

268 2750 72 41 On
369 2760 167 30 cover:
569 2749 299 40 Wells-Hart
898 2747 355 41 mathematics.

267 2807 284 40 Protractor
575 2806 50 39 in
652 2805 173 48 pocket
850 2816 61 29 on
938 2805 92 39 end
1056 2804 338 48 lining-paper.

200 2860 50 51 ©
277 2865 107 39 Jan.
412 2862 40 47 2,
478 2862 113 41 1935;
646 2862 66 40 2c.
740 2862 109 39 Jan.
877 2861 25 40 5;
960 2859 81 42 aff.
1069 2861 109 40 Jan.
1207 2862 28 39 7;
1288 2862 43 38 A
1356 2860 143 41 79055;
1554 2863 188 40 Walter
1769 2864 71 40 W.
1869 2865 143 48 Hart,
265 2865 1912 102 Madison,
392 2920 116 40 Wis.
579 2918 250 50 (35-1120)

196 3009 387 65 Wentworth,
612 3006 279 67 Patricia,
919 3008 197 66 pseud.

266 3087 122 52 Red
436 3084 224 69 Stefan,
702 3084 78 68 by
822 3083 255 54 Patricia
1121 3083 379 55 Wentworth.
1573 3085 430 69 Philadelphia,
198 3088 1974 142 London,
354 3162 54 54 J.
438 3163 66 51 B.

530 3161 337 68 Lippincott
897 3178 298 51 company,
1224 3163 151 50 1935.

268 3233 85 42 312
385 3246 44 38 p.
488 3233 57 42 19½
577 3236 45 22 cm
625 3266 10 10 .

204 3289 50 53 ©
285 3295 107 39 Jan.
422 3294 68 46 17,
520 3293 141 47 1935;
689 3292 67 40 2c.
787 3293 95 39 and
911 3291 81 41 aff.
1023 3292 109 40 Jan.
1162 3291 83 48 25;
1277 3292 41 39 A
1347 3291 171 49 79357;
1551 3293 43 40 J.
1625 3294 54 40 B.
1709 3293 279 49 Lippincott
2017 3306 68 31 co.

278 3349 249 50 (35-1318)

202 3435 161 55 West
405 3434 272 65 Virginia
721 3435 115 52 and
879 3433 183 55 South
1106 3439 220 48 eastern
1368 3433 203 69 digest,
1614 3438 267 68 covering
1925 3441 76 51 all
2043 3459 152 33 cases

271 3512 262 68 reported
570 3511 60 52 in
665 3511 161 54 West
861 3510 272 69 Virginia
1173 3515 239 63 reports,
1454 3510 183 56 South
1676 3516 219 50 eastern
1935 3521 258 61 reporter

271 3591 111 51 and
427 3589 229 52 various
697 3592 224 64 reports
965 3586 65 54 of
1073 3588 167 52 south
1285 3593 219 47 eastern
1549 3594 172 49 states
1768 3589 153 55 from
1968 3594 225 52 earliest

271 3666 179 68 times,
487 3666 141 52 with
667 3669 230 49 current
934 3664 347 53 cumulative
1318 3665 203 67 pocket
1561 3667 212 53 service
1811 3668 247 72 keeping
2097 3672 99 52 the

273 3741 1856 71 digest always to date, by the publisher’s editorial staff …
272 3841 50 33 v.
353 3826 113 48 1-4.
531 3821 82 56 St.
642 3821 164 66 Paul,
831 3822 159 52 West
1017 3819 334 69 publishing
1377 3841 78 34 co.
1490 3855 12 33 [
1509 3829 16 21 c
1531 3825 152 64 1935]

273 3897 28 37 4
328 3908 41 28 v.
426 3895 54 40 26
484 3896 43 23 cm
532 3926 9 8 .

275 3949 72 40 On
371 3959 165 31 cover:
562 3947 115 43 1863
703 3950 49 38 to
779 3949 127 39 date.

275 4005 133 49 “Key
434 4004 203 41 number
662 4001 224 49 system.”
