2424 4375
1186 4028 100 49 410

322 497 705 49 5 p. l., 9-154 p., 1 l. 21 cm .
251 552 53 53 ©
331 558 120 38 Mar.
481 556 70 47 21,
581 554 139 48 1935;
751 555 67 40 2c.
847 555 96 40 and
969 554 82 40 aff.
1082 555 120 39 Mar.
1231 553 82 48 25;
1346 554 40 39 A
1414 553 169 48 82152;
1617 554 46 41 C.
1694 554 44 40 J.
1769 554 196 48 Arnold,
1997 555 246 45 Mankato,

320 612 147 41 Minn.
539 611 251 50 (35-5049)

248 713 368 67 Balderston,
647 717 60 54 C.
738 714 220 65 Canby,
989 717 170 52 1897-

320 791 309 53 Executive
668 790 280 69 guidance
987 789 64 54 of
1088 789 307 53 industrial
1434 787 299 70 relations;
1777 807 74 35 an
1891 789 249 70 analysis
2178 790 64 53 of

250 870 94 52 the
385 868 327 69 experience
755 868 65 53 of
861 866 352 70 twenty-five
1252 866 340 69 companies,
1634 868 76 68 by
1756 866 61 55 C.
1864 867 200 70 Canby

248 867 1994 147 Balderston … Philadelphia, University of Pennsylvania press,
250 1027 150 51 1935.

319 1107 31 28 x
379 1107 56 38 p.,
469 1098 25 39 1
530 1097 41 48 I.,
603 1095 85 40 435
719 1105 44 38 p.
824 1096 176 47 diagrs.
1061 1094 53 41 23½cm.
1277 1092 298 51 (Half-title:
1606 1094 269 41 Industrial
1912 1097 223 39 research
249 1095 1979 107 department,

532 1153 238 40 Wharton
796 1152 162 41 school
985 1152 51 40 of
1061 1152 185 40 finance
1276 1152 95 39 and
1399 1160 275 39 commerce,
1704 1151 282 50 University
2015 1153 50 41 of
247 1153 1978 105 Pennsylvania,

513 1209 353 48 Philadelphia.
921 1208 244 41 Research
1195 1208 201 41 studies,
1452 1209 123 48 xxv)

319 1266 373 49 Bibliography:
724 1276 42 38 p.
797 1266 214 41 426-429.

251 1336 53 54 ©
335 1342 121 38 Mar.
487 1341 38 45 8,
558 1338 113 42 1935;
732 1338 67 41 2c.
831 1340 95 38 and
956 1338 82 40 aff.
1072 1340 121 38 Mar.
1225 1337 54 40 22;
1341 1338 42 39 A
1414 1338 169 48 82086;
1619 1338 282 50 University
1933 1340 52 40 of
317 1340 1909 97 Pennsylvania
494 1407 148 38 press.
714 1395 250 49 (35-4924)

246 1499 201 66 Bittle,
479 1497 293 58 Celestine
801 1496 281 56 Nicholas
1111 1498 263 66 Charles,
1406 1503 171 50 1884-

323 1580 122 51 The
487 1575 214 56 science
747 1577 66 53 of
861 1581 215 49 correct
1123 1576 301 67 thinking:
1472 1575 150 68 logic
1774 1608 14 34 [by]
1845 1576 280 55 Celestine
2173 1577 70 53 N.

254 1657 196 66 Bittle,
510 1698 10 10 O.
603 1697 10 10 M.
750 1697 11 10 CAP.
835 1653 138 54 New
997 1653 180 67 York,
1202 1652 343 54 Milwaukee
1682 1685 31 35 [etc.]
1745 1653 122 53 The
1894 1655 183 52 Bruce

248 1654 1971 148 publishing
492 1749 279 52 company
808 1765 14 35 [
826 1737 18 24 c
849 1735 151 62 1935]

319 1818 43 38 x,
393 1807 87 41 364
510 1817 44 39 p.
615 1806 179 48 diagrs.
853 1805 55 39 22
912 1807 44 22 cm
959 1837 10 9 .

250 1875 53 53 ©
333 1880 120 38 Mar.
483 1877 70 48 21,
582 1875 116 42 1935;
754 1876 66 40 2c.
851 1876 121 39 Mar.
1000 1875 82 47 28;
1115 1874 81 41 aff.
1228 1875 121 39 Mar.
1378 1873 83 48 29;
1492 1875 42 39 A
1562 1874 171 48 82221;
1765 1876 156 42 Bruce
1951 1876 108 48 pub.
2090 1886 66 30 co.

329 1935 250 49 (35-5084)

251 2038 170 65 Boas,
448 2041 140 52 Mrs.
615 2036 215 56 Louise
859 2036 278 68 (Schütz)

323 2113 287 55 Woman’s
638 2112 298 54 education
965 2111 224 68 begins;
1221 2112 95 53 the
1345 2110 108 55 rise
1485 2111 63 52 of
1577 2111 94 54 the
1699 2110 259 54 women’s
1989 2111 252 70 colleges,

256 2192 71 69 by
348 2190 206 55 Louise
579 2189 209 55 Schütz
816 2190 163 52 Boas.
1054 2188 237 68 Norton,
1315 2188 189 69 Mass.,
1528 2189 281 55 Wheaton
1833 2189 210 67 college
2069 2207 173 51 press,

255 2271 148 51 1935.

322 2340 63 48 xi,
416 2338 88 41 295
532 2349 42 38 p.
636 2338 55 41 19½c
740 2340 27 21 m
771 2370 8 8 .

323 2397 210 39 Written
569 2406 60 29 on
665 2395 81 41 the
783 2394 221 41 occasion
1037 2394 52 40 of
1123 2395 83 40 the
1240 2394 278 41 hundredth
1554 2395 320 49 anniversary
1911 2396 52 40 of
2000 2397 237 41 Wheaton

250 2453 191 47 college,
478 2453 198 46 Norton,
713 2452 145 38 Mass.
918 2453 62 47 cf.
1018 2450 183 41 Introd.

321 2509 374 48 Bibliography:
726 2519 44 38 p.
815 2506 225 51 [275]-292.

249 2579 53 53 ©
329 2584 121 38 Mar.
478 2581 69 49 28,
575 2580 139 48 1935;
744 2580 67 40 2c.
839 2581 110 47 Apr.
979 2580 53 47 1;
1063 2579 79 41 aff.
1174 2581 121 39 Mar.
1323 2579 82 47 29;
1436 2580 42 39 A
1506 2579 169 48 82306;
1707 2581 50 39 L.
1790 2581 44 40 S.
1866 2581 141 47 Boas,
2036 2581 200 47 Norton,

319 2641 144 39 Mass.
534 2637 250 50 (35-5066)

244 2738 184 66 Bond,
456 2739 146 54 Paul
627 2739 260 64 Stanley,
918 2739 172 55 1879-

316 2816 121 51 The
482 2813 196 69 junior
722 2814 68 53 R.
841 2812 67 56 O.
957 2815 65 52 T.
1073 2812 63 55 C.
1184 2814 232 52 manual
1465 2811 96 55 for
1606 2812 323 71 essentially
1975 2812 257 70 military

243 2892 219 53 schools
505 2890 163 69 (MS);
742 2891 266 69 covering
1038 2892 94 51 the
1166 2908 271 51 program
1471 2891 93 52 for
1597 2892 94 52 the
1724 2890 125 55 first
1883 2892 112 52 and
2030 2890 203 54 second

240 2987 191 51 years;
464 2968 151 69 fully
641 2969 339 68 illustrated,
1008 2968 140 53 with
1176 2968 283 68 questions
1488 2967 93 54 for
1608 2967 245 55 self-test

1879 2968 112 54 and
243 2967 1962 131 examination.
543 3045 293 69 (Includes
875 3046 99 52 all
992 3045 280 53 technical
1316 3046 242 69 changes
1599 3050 59 49 to
1699 3046 314 68 February,
2058 3044 161 70 1935)

244 3122 1986 70 By Colonel P. S. Bond … Harrisburg, Pa., The Military
241 3200 210 53 service
479 3199 335 70 publishing
842 3218 78 35 co.
952 3202 172 65 [1935]

316 3273 26 39 2
366 3283 42 36 p.
439 3274 10 36 1.,
510 3272 84 40 184
621 3282 42 37 p.
723 3272 142 48 illus.,
890 3272 177 48 diagrs.
1126 3270 55 41 23½
1215 3274 15 21 cm
1261 3302 10 9 .

317 3328 163 41 “First
508 3326 225 42 edition.”

247 3382 53 53 ©
324 3386 111 40 Feb.
458 3386 70 47 16,
553 3384 140 47 1935;
719 3384 67 42 2c.
812 3386 109 40 Feb.
945 3385 82 48 20;
1055 3385 81 41 aff.
1162 3385 109 42 Feb.
1299 3385 79 47 19;
1406 3386 41 39 A
1472 3386 169 47 80509;
1670 3386 220 48 Military
1916 3385 181 42 service
2121 3387 107 48 pub.

315 3453 65 30 co.
451 3441 249 50 (35-5057)

311 3541 123 54 The
459 3541 195 69 junior
681 3541 69 53 R.
784 3540 67 56 O.
882 3543 64 51 T.
980 3542 63 55 C.
1074 3543 246 53 manual.
1386 3543 73 52 2d
1492 3543 83 52 ed.
1642 3542 57 53 A
1730 3543 274 68 complete
2035 3559 192 36 course

245 3617 94 52 for
363 3618 142 69 high
532 3619 189 52 school
749 3620 269 52 students.
1083 3620 174 68 Fully
1284 3620 340 68 illustrated,
1652 3620 140 53 with
1820 3619 284 69 questions
2133 3619 93 52 for

241 3694 245 55 self-test
517 3696 112 52 and
663 3696 398 53 examination.
1141 3695 292 69 (Includes
1466 3697 77 52 all
1577 3696 277 54 technical
1891 3698 242 68 changes
2166 3700 59 48 to

241 3770 1983 72 February, 1935) By Colonel P. S. Bond … Harrisburg, Pa.,
242 3847 120 52 The
386 3848 265 66 Military
677 3847 208 54 service
913 3849 334 68 publishing
1274 3866 79 36 co.
1408 3851 152 65 [1935]

312 3919 875 50 2 p. l., 168 p. illus., diagrs. 23½cm.
