2424 4375
1098 4067 98 48 915

156 529 202 53 strikes
397 530 65 53 of
501 531 95 50 the
635 547 152 35 same
825 547 162 51 year;
1033 531 94 50 the
1169 529 471 69 eight-hour-day
1682 529 177 53 strike
1900 530 63 52 of
2010 528 131 53 1917

157 607 111 52 and
301 607 95 52 the
427 624 272 51 runaway
732 605 373 54 switchmen’s
1137 606 175 53 strike
1348 605 63 54 of
1446 609 150 65 1920,
1629 606 75 69 by
1738 606 67 55 O.
1841 608 72 51 D.
1948 606 195 69 Boyle.

155 683 397 69 Washington,
577 684 71 51 D.
677 683 80 67 C.,
786 684 396 52 Brotherhood
1209 683 336 70 publishing
1571 701 297 51 company,
1897 688 149 49 1935.

222 769 86 41 110
333 781 41 37 p.
434 768 56 41 23½cm.

160 838 52 52 ©
237 843 119 38 Mar.
383 841 68 46 23,
479 841 113 41 1935;
648 842 67 39 2c.
743 843 95 38 and
864 840 81 42 aff.
972 842 113 47 Apr.
1110 843 24 39 3;
1190 843 40 38 A
1256 842 143 40 82326;
1457 842 50 41 O.
1535 844 58 38 D.
1619 844 163 47 Boyle,
1810 841 334 49 Washington.

241 898 247 48 (35-9123)

157 999 180 65 Buell,
365 1001 128 64 Ely,
522 1020 177 46 comp.

226 1077 154 54 Love
406 1096 191 49 poems
625 1079 64 52 of
715 1080 172 66 today
917 1082 112 51 and
1058 1081 317 67 yesterday,
1402 1080 281 67 compiled
1711 1080 75 67 by
1816 1081 112 66 Ely
1958 1082 183 51 Buell.

165 1156 360 68 [Hammond,
553 1157 146 66 Ind.,
727 1158 89 53 W.
846 1160 64 51 B.
943 1157 232 68 Conkey
1201 1176 295 49 company,
1529 1162 149 63 1935]

227 1240 96 50 xvi,
352 1242 84 40 147
464 1254 43 36 p.
567 1242 115 40 21cm.

160 1311 52 52 ©
233 1314 128 39 June
380 1312 69 48 28,
475 1312 113 42 1935;
641 1312 66 41 2c.
731 1315 95 39 and
850 1313 81 40 aff.
957 1314 116 47 July
1097 1314 19 39 1;
1177 1314 41 39 A
1244 1312 169 49 84496;
1444 1316 49 38 E.
1522 1315 154 47 Buell,
1703 1315 277 47 Rochester,
2006 1316 55 39 N.
2091 1317 53 39 Y.

234 1369 249 49 (35-9441)

156 1472 255 65 Bynner,
437 1472 235 65 Witter,
704 1478 169 50 1881-

232 1548 179 55 Guest
438 1550 146 53 book
620 1550 93 68 [by]
763 1548 213 57 Witter
1006 1552 250 67 Bynner.
1329 1550 140 55 New
1502 1550 181 70 York,
1711 1551 72 54 A.
1815 1551 72 54 A.
1921 1552 225 68 Knopf,

164 1631 147 48 1935.

227 1699 619 49 6 p. l., 3-82 p., 1 l. 19½cm.
227 1770 183 40 Poems.

228 1825 160 42 “First
420 1826 224 41 edition.”

157 1893 52 52 ©
236 1897 127 40 June
389 1896 67 47 10,
487 1896 113 41 1935;
659 1897 66 40 2c.
757 1896 125 41 June
912 1896 81 47 12;
1026 1897 80 39 aff.
1139 1897 129 39 June
1292 1896 83 48 21;
1405 1897 41 39 A
1475 1897 169 47 83877;
1678 1897 171 40 Alfred
1879 1898 53 39 A.
1962 1896 180 50 Knopf,

223 1952 90 41 inc.
384 1954 249 47 (35-9577)

156 2057 311 64 Campbell,
495 2057 253 55 William
778 2057 174 55 Giles.

223 2132 56 52 A
303 2132 385 68 comparative
715 2132 405 70 investigation
1149 2132 65 54 of
1240 2133 96 52 the
1363 2132 272 54 behavior
1663 2133 63 53 of
1752 2133 257 54 students

156 2151 1956 110 under
280 2228 72 34 an
379 2210 179 52 honor
586 2215 207 63 system
823 2212 110 51 and
962 2229 34 34 a
1026 2215 230 63 proctor
1282 2214 209 65 system
1517 2210 61 52 in
1608 2211 95 52 the
1733 2230 151 36 same

154 2211 1983 146 university, by William Giles Campbell … Los Angeles, Calif., The
159 2363 1335 70 University of Southern California press [c1935]
223 2438 103 49 xiii,
348 2439 57 40 95
425 2450 44 37 p.
519 2438 54 41 23½cm.
726 2439 266 48 (Southern
1015 2437 272 43 California
1312 2438 258 42 education
1594 2442 338 46 monographs,
1983 2452 72 29 no.
2084 2443 50 47 6)

223 2510 101 40 The
350 2509 300 50 experiment
677 2520 103 30 was
805 2509 264 41 conducted
1096 2509 52 39 in
1175 2509 180 41 classes
1384 2509 52 40 of
1466 2510 82 40 the
1577 2509 281 50 University
1888 2511 53 41 of
1968 2512 171 41 Texas.

155 2567 60 48 of.
239 2578 44 37 p.
306 2567 42 40 2.

223 2623 347 49 Bibliography:
624 2635 42 37 p.
713 2622 171 51 [75]-79.

156 2690 52 51 ©
237 2696 113 45 May
378 2695 67 45 13,
475 2693 140 42 1935;
644 2695 68 39 2c.
741 2695 94 38 and
867 2693 80 40 aff.
977 2695 114 45 May
1118 2692 59 41 29;
1231 2693 42 39 A
1301 2693 146 41 83350;
1505 2693 282 48 University
1817 2694 52 40 of
1901 2696 239 39 Southern

223 2750 285 47 California,
534 2751 92 38 Los
654 2750 218 48 Angeles.
941 2748 248 48 (35-9472)

155 2853 360 63 Carnochan,
544 2852 274 54 Frederic
846 2852 348 63 Grosvenor,
1226 2857 170 50 1890-

224 2930 121 51 The
381 2929 213 67 empire
632 2928 64 53 of
733 2929 95 54 the
865 2927 216 69 snakes,
1118 2928 75 69 by
1232 2929 67 52 F.
1338 2927 69 55 G.
1448 2926 335 55 Carnochan
1822 2930 112 51 and
1974 2928 165 55 Hans

156 3005 292 56 Christian
475 3006 293 52 Adamson;
829 3004 138 54 with
995 3003 328 70 twenty-six
1350 3003 380 56 illustrations
1760 3005 150 54 from

154 3005 1960 146 photographs
394 3084 76 67 by
499 3084 63 51 F.
594 3082 67 55 G.
694 3082 349 54 Carnochan.
1118 3083 138 52 New
1288 3081 178 68 York,
1496 3082 309 53 Frederick
1832 3083 69 52 A.
1938 3083 199 54 Stokes

155 3179 293 50 company,
485 3164 148 49 1935.

225 3233 1256 50 xii p., 1 l., 290 p. front., plates, ports. 21½cm.
225 3307 139 47 Maps
397 3317 62 28 on
491 3304 361 48 lining-papers.

225 3363 75 38 An
325 3364 203 38 account
554 3362 51 40 of
630 3362 81 38 the
737 3360 284 47 Wakaioka,
1049 3361 81 39 the
1158 3361 336 46 snake-people
1521 3359 52 40 of
1601 3361 83 39 the
1709 3360 275 48 Nyamwezi
2014 3362 125 41 tribe

156 3419 52 39 of
233 3418 317 48 Tanganyika
579 3417 245 48 territory.

227 3474 288 41 “Published
545 3474 137 47 April
711 3474 69 47 18,
811 3472 126 41 1935.
1000 3472 180 41 Second
1210 3472 215 48 printing
1455 3472 125 40 June
1608 3473 39 38 4.
1679 3472 156 41 1935.”

158 3541 52 52 ©
243 3546 127 39 June
403 3545 68 47 28,
507 3543 139 47 1935;
682 3543 66 40 2c.
784 3544 93 39 and
912 3542 82 40 aff.
1030 3543 115 47 July
1177 3543 54 45 3;
1267 3543 41 38 A
1340 3541 169 47 84523;
1547 3542 50 39 F.
1636 3542 51 41 G.
1724 3544 284 41 Carnochan
2043 3545 95 41 and

225 3602 137 39 Hans
387 3600 247 41 Christian
660 3601 256 45 Adamson,
942 3600 115 38 New
1081 3599 143 38 York.
1291 3598 282 49 [Copyright
1595 3600 42 39 is
1664 3600 204 41 claimed
1894 3613 61 28 on
224 3612 1897 86 reproduction
449 3658 51 39 of
527 3657 343 48 photographs]
944 3654 249 49 (35-9567)

156 3761 159 61 Cate,
343 3760 152 53 Wirt
520 3759 359 53 Armistead.

223 3833 209 53 Lucius
464 3834 68 62 Q.
567 3833 61 54 C.
662 3833 225 67 Lamar,
920 3832 272 53 secession
1225 3833 111 51 and
1371 3829 253 70 reunion,
1653 3831 76 69 by
1758 3831 155 55 Wirt
155 3833 1955 131 Armistead

350 3910 154 54 Cate.
580 3911 217 66 Chapel
833 3909 146 68 Hill,
1016 3910 121 53 The
1174 3907 334 70 University
1545 3908 64 52 of
1644 3909 186 53 North
1868 3910 268 55 Carolina

159 4007 152 49 press
354 3992 190 63 [c1935]
