2424 4375
1023 4046 135 55 1057

116 437 270 66 Almond,
414 439 174 55 Nina.

244 514 1701 71 … An introduction to a bibliography of the Paris peace
113 534 1955 125 conference;
389 592 321 54 collections
737 592 65 54 of
826 610 236 50 sources,
1090 594 225 52 archive
1342 593 396 69 publications,
1766 594 112 52 and
1904 611 192 36 source

111 666 171 55 books
319 668 110 68 [by]
466 668 152 54 Nina
649 669 251 53 Almond
934 671 114 53 and
1078 671 192 66 Ralph
1303 670 253 54 Haswell
1588 670 163 52 Lutz.
1816 670 274 55 Stanford

111 742 352 70 University,
490 744 195 69 Calif.,
713 746 279 56 Stanford
1019 747 318 66 university
1364 763 183 51 press;
1575 747 259 63 London,
1861 748 76 50 H.

111 744 1956 145 Milford,
294 819 228 57 Oxford
550 823 316 67 university
891 841 173 50 press,
1130 827 116 50 1935.

180 891 58 40 32
265 903 43 38 p.
363 894 146 40 22½cm.
577 894 223 49 ([Leland
831 893 233 43 Stanford
1092 895 164 48 junior
1284 894 284 49 university.
1626 895 204 47 Library]
1908 897 188 40 Hoover

111 958 103 30 war
242 949 197 48 library.
500 949 410 50 Bibliographical
937 951 163 42 series,
1207 953 13 46 II)

182 1003 265 49 Classified,
477 1007 117 40 with
622 1008 177 39 author
827 1008 157 41 index.

182 1060 268 51 “Designed
483 1065 49 39 to
563 1073 292 39 accompany
887 1063 192 41 Hoover
1112 1074 103 30 war
1248 1063 183 48 library
1467 1063 295 50 publication
1799 1076 72 27 no.
1907 1065 39 39 5.
1983 1064 110 40 ‘The

111 1117 160 48 treaty
295 1118 51 41 of
372 1118 66 42 St.
465 1119 228 41 Germain
775 1120 9 16 …’
811 1119 205 43 selected
1040 1120 95 39 and
1162 1120 159 41 edited
1347 1120 59 47 by
1437 1119 120 42 Nina
1585 1121 202 40 Almond
1816 1122 92 38 and
1941 1121 150 48 Ralph

110 1172 1442 54 Haswell Lutz … published … in 1935.”—Foreword.
115 1228 53 53 ©
196 1234 114 47 May
337 1231 70 49 28,
437 1232 113 42 1935;
607 1233 67 39 2c.
704 1234 115 45 July
852 1232 81 47 15;
965 1232 82 41 aff.
1077 1233 121 47 July
1221 1233 82 44 16;
1337 1234 40 37 A
1406 1232 144 42 84667;
1610 1234 162 39 Board
1802 1234 57 39 of
1888 1235 208 39 trustees

177 1290 55 39 of
255 1290 82 39 the
362 1291 181 39 Leland
573 1290 235 40 Stanford
834 1288 164 49 junior
1024 1289 145 47 univ.,
1201 1288 234 42 Stanford
1463 1288 297 49 University,
1788 1289 144 41 Calif.

188 1346 278 48 (35-12693)

112 1445 289 68 Apponyi,
430 1447 227 66 Albert,
686 1447 135 68 grôf
825 1491 12 23 ,
869 1451 322 53 1846-1933.

180 1524 121 53 The
331 1524 262 55 memoirs
625 1524 63 53 of
723 1523 184 55 Count
939 1523 288 70 Apponyi.
1303 1524 138 54 New
1476 1523 175 68 York,
1686 1524 119 51 The

109 1520 1961 137 Macmillan
234 1618 294 50 company,
558 1604 149 50 1935.

178 1671 104 46 xiii,
312 1670 85 42 312
427 1682 42 37 p.
529 1671 163 49 front.,
721 1672 26 38 2
778 1682 77 38 pl.,
886 1672 146 49 ports.
1092 1672 116 40 22cm.

179 1727 202 42 Preface
411 1728 193 47 signed:
638 1728 233 41 Countess
900 1728 168 41 Albert
1099 1728 234 48 Apponyi.

110 1782 53 53 ©
189 1789 115 46 July
330 1787 68 46 30,
426 1786 139 48 1935;
594 1788 67 39 2c.
691 1788 95 38 and
813 1786 81 41 aff.
923 1787 114 48 July
1064 1788 83 46 31;
1178 1788 42 38 A
1249 1787 170 47 85260;
1450 1787 279 42 Macmillan
1758 1800 68 28 co.

185 1843 278 50 (35-12602)

112 1946 261 64 Belcher,
405 1947 220 54 Gilmer
651 1947 132 61 Lee,
817 1951 168 51 1898-

242 2019 1850 74 … The public school debt of Kentucky, by Gilmer Lee
109 2096 1982 75 Belcher … Nashville, Tenn., George Peabody college for
107 2177 267 67 teachers,
405 2181 148 49 1934.

178 2247 1914 54 1 p. l., 12 p. diagrs. 23½cm. ([George Peabody college for teachers,
106 2304 264 53 Nashville]
433 2307 223 39 Abstract
687 2306 53 40 of
766 2306 339 42 Contribution
1132 2309 48 38 to
1212 2306 271 48 education,
1513 2317 74 31 no.
1618 2308 108 48 141)

176 2362 229 42 Abstract
446 2363 52 39 of
537 2364 152 39 thesis
741 2364 108 48 (PH.
922 2362 286 50 D.)—George
1250 2363 223 49 Peabody
1516 2365 177 47 college
1737 2365 79 39 for
1858 2365 233 48 teachers,

106 2417 125 41 1934.

106 2473 52 53 ©
193 2478 109 40 Feb.
337 2476 66 51 12,
439 2477 113 40 1935;
615 2477 68 40 2c.
718 2479 110 39 Feb.
865 2477 82 48 25;
983 2478 83 41 aff.
1102 2478 111 40 Feb.
1248 2479 83 46 21;
1368 2480 40 38 A
1443 2479 170 47 79816;
1651 2481 184 48 George
1869 2481 224 50 Peabody

176 2535 181 48 college
378 2535 78 40 for
481 2536 232 39 teachers.
787 2534 277 49 (35-12513)

107 2633 273 66 Bennett,
411 2637 204 62 Henry
646 2635 273 64 Garland,
952 2642 170 49 1886-
1334 2654 176 51 comp.

241 2711 1849 72 … English literature, by Henry Garland Bennett … New
108 2789 177 56 York,
315 2789 324 57 Cincinnati
675 2796 137 60 [etc.]
846 2788 303 56 American
1176 2791 147 52 book
1349 2809 277 51 company
1678 2796 153 49 [c1935]

214 2894 8 12 x,
250 2861 83 41 603
360 2874 42 36 p.
456 2863 143 39 23½cm.
664 2862 299 50 (Literature
989 2862 78 40 for
1094 2863 80 39 the
1200 2862 115 48 high
1344 2862 186 50 school)

178 2919 293 49 “Suggested
499 2918 227 48 reading”
755 2922 50 37 at
831 2920 91 41 end
947 2918 50 41 of
1021 2920 117 39 each
1164 2918 108 41 unit
1295 2922 171 45 except
1489 2919 107 42 unit
1620 2932 43 29 v.

110 2972 52 52 ©
188 2976 117 48 July
329 2975 70 48 30,
427 2976 140 45 1935;
596 2975 68 40 2c.
692 2977 96 38 and
815 2974 81 41 aff.
926 2976 118 47 Aug.
1073 2976 52 46 1;
1157 2977 41 38 A
1227 2975 170 47 84814;
1428 2976 157 41 Amer.
1618 2978 77 39 bk.
1724 2989 67 30 co.

184 3031 279 49 (35-12529)

134 3137 208 64 [Booth,
368 3137 224 53 Walter
616 3137 306 65 Sherman]

182 3214 119 53 The
335 3213 209 68 village
576 3215 230 51 manual
840 3214 92 53 for
965 3214 97 52 the
1092 3220 146 46 state
1269 3215 63 51 of
1365 3214 350 69 Minnesota;
1751 3236 31 33 a
1817 3220 273 68 complete

111 3291 168 66 guide
309 3290 92 53 for
429 3292 209 66 village
666 3288 205 55 officers
898 3294 60 52 in
985 3293 149 52 their
1161 3292 226 54 various
1415 3293 184 53 duties
1626 3295 180 51 under
1830 3297 95 52 the
1953 3298 137 54 laws

113 3368 1974 74 of Minnesota. By James D. Shearer … 15th ed. June, 1935.
112 3446 398 68 Minneapolis,
541 3446 200 67 Minn.,
771 3448 221 54 Walter
1025 3447 55 54 S.
1114 3448 189 51 Booth
1334 3451 48 49 &
1410 3466 118 49 son,
1553 3451 107 52 inc.
1698 3454 191 65 [c1935]

177 3519 83 40 651
286 3529 44 38 p.
386 3518 144 40 19½cm.

177 3576 71 39 On
275 3584 140 32 cover:
470 3574 197 40 Booth’s
696 3575 179 47 village
898 3575 210 40 manual.
1167 3575 287 41 Minnesota.

109 3627 52 52 ©
186 3632 118 47 Aug.
334 3632 38 47 7,
403 3631 112 40 1935;
572 3631 67 39 2c.
669 3632 96 39 and
791 3631 81 39 aff.
904 3632 119 48 Aug.
1052 3631 56 38 12;
1167 3632 40 38 A
1235 3632 144 40 85451;
1437 3633 187 41 Walter
1656 3636 45 40 S.
1733 3637 157 39 Booth
1920 3639 37 39 &
1989 3649 99 31 son.

180 3688 89 40 inc.

112 3776 300 62 Cameron,
443 3777 275 51 Florence
748 3776 192 54 Ethel.

176 3850 240 53 Hebrew
452 3854 290 62 contrasts,
776 3849 295 69 yesterday
1108 3850 111 52 and
1255 3851 189 68 today,
1479 3852 74 68 by
1588 3853 63 52 F.
1689 3854 67 56 E.
1796 3854 290 58 Cameron.

111 3925 286 68 Glendale,
428 3925 189 69 Calif.,
647 3925 272 55 Glendale
947 3926 249 68 printers
1247 3930 174 67 [c1934]
