<alto xmlns="http://www.loc.gov/standards/alto/ns-v3#" xmlns:xlink="http://www.w3.org/1999/xlink" xmlns:xsi="http://www.w3.org/2001/XMLSchema-instance" xsi:schemaLocation="http://www.loc.gov/standards/alto/ns-v3# http://www.loc.gov/alto/v3/alto-3-0.xsd"><Description>
<MeasurementUnit>pixel</MeasurementUnit>
<sourceImageInformation>
<fileName>1935_v32_Part1.pdf</fileName>
</sourceImageInformation>
<OCRProcessing ID="IdOcr">
<ocrProcessingStep>
<processingDateTime>2019-01-15</processingDateTime>
<processingSoftware>
<softwareCreator>ABBYY</softwareCreator>
<softwareName>ABBYY Recognition Server</softwareName>
<softwareVersion>4.0</softwareVersion>
</processingSoftware>
</ocrProcessingStep>
</OCRProcessing>
</Description>
<Styles>
<ParagraphStyle ID="StyleId-FFFFFFFF-FFFF-FFFF-FFFF-FFFFFFFFFFFF-" ALIGN="Left" LEFT="0." RIGHT="0." FIRSTLINE="0."/>
<ParagraphStyle ID="StyleId-09A13A44-4F77-4ABE-84F3-84CC8B3C72CE-" ALIGN="Left" LEFT="0." RIGHT="0." FIRSTLINE="0." LINESPACE="7.699999809"/>
<ParagraphStyle ID="StyleId-1F945060-F8CD-4435-B69A-5FF49DB0C586-" ALIGN="Left" LEFT="0." RIGHT="0." FIRSTLINE="-10." LINESPACE="12.19999981"/>
<ParagraphStyle ID="StyleId-C6CAE747-F5A4-4D0D-8D74-D452DA7E2C1C-" ALIGN="Block" LEFT="0." RIGHT="0." FIRSTLINE="-14." LINESPACE="8.350000381"/>
<ParagraphStyle ID="StyleId-FC0F3374-189A-459E-BE29-2DC14180F022-" ALIGN="Left" LEFT="0." RIGHT="0." FIRSTLINE="0."/>
<ParagraphStyle ID="StyleId-49397C49-A894-4B3E-BA5E-1126226BA375-" ALIGN="Left" LEFT="0." RIGHT="0." FIRSTLINE="-12." LINESPACE="11.09000015"/>
<ParagraphStyle ID="StyleId-9E34DD3A-E661-48BD-A3A1-6A3D48346F00-" ALIGN="Block" LEFT="0." RIGHT="0." FIRSTLINE="-14." LINESPACE="11.09000015"/>
<ParagraphStyle ID="StyleId-56CE54AA-A08B-4BAA-8605-F26020A0E36E-" ALIGN="Left" LEFT="0." RIGHT="0." FIRSTLINE="0." LINESPACE="9.399999619"/>
<ParagraphStyle ID="StyleId-77814FFC-C42F-4AA9-9880-EF33B947DEC8-" ALIGN="Left" LEFT="0." RIGHT="0." FIRSTLINE="-11." LINESPACE="11.06999969"/>
<ParagraphStyle ID="StyleId-FDE92EC0-67DC-4C7B-8A24-094B12C38B6C-" ALIGN="Center" LEFT="0." RIGHT="0." FIRSTLINE="0." LINESPACE="11.30000019"/>
<ParagraphStyle ID="StyleId-65180E3B-4C93-4FB8-81EE-E026DD63DBF3-" ALIGN="Left" LEFT="0." RIGHT="0." FIRSTLINE="0." LINESPACE="11.10000038"/>
<ParagraphStyle ID="StyleId-10E885C2-5813-4620-B0AA-0FBA30CF7A32-" ALIGN="Left" LEFT="0." RIGHT="0." FIRSTLINE="0." LINESPACE="9.5"/>
<ParagraphStyle ID="StyleId-913C2DB5-9F02-4067-BAF7-0AED37B60BBE-" ALIGN="Left" LEFT="0." RIGHT="0." FIRSTLINE="0." LINESPACE="6.099999905"/>
<ParagraphStyle ID="StyleId-9C79A9D2-8F08-4A8F-985D-B00E253ED1E5-" ALIGN="Left" LEFT="0." RIGHT="0." FIRSTLINE="0." LINESPACE="4.400000095"/>
<ParagraphStyle ID="StyleId-A41F0407-FEFE-4738-9EC5-E05AFFF62781-" ALIGN="Left" LEFT="0." RIGHT="0." FIRSTLINE="0." LINESPACE="7.300000191"/>
<ParagraphStyle ID="StyleId-61D37176-94E8-408D-9B87-01C406CE8AB2-" ALIGN="Left" LEFT="0." RIGHT="0." FIRSTLINE="0." LINESPACE="8.050000191"/>
</Styles>
<Layout>
<Page ID="Page1443" PHYSICAL_IMG_NR="1443" HEIGHT="4375" WIDTH="2424">
<TopMargin HEIGHT="464" WIDTH="2424" VPOS="0" HPOS="0">
</TopMargin>
<LeftMargin HEIGHT="3742" WIDTH="91" VPOS="464" HPOS="0">
</LeftMargin>
<RightMargin HEIGHT="3742" WIDTH="250" VPOS="464" HPOS="2174">
</RightMargin>
<BottomMargin HEIGHT="169" WIDTH="2424" VPOS="4206" HPOS="0">
</BottomMargin>
<PrintSpace HEIGHT="3742" WIDTH="2083" VPOS="464" HPOS="91">
<TextBlock ID="Page1443_Block1" HEIGHT="143" WIDTH="403" VPOS="4063" HPOS="1003" LANG="en-US" STYLEREFS="StyleId-7B5234E5-C34A-4531-AB67-3ED3DD6D338E-">
<TextLine HEIGHT="49" WIDTH="132" VPOS="4097" HPOS="1048">
<String CONTENT="1443" HEIGHT="49" WIDTH="132" VPOS="4097" HPOS="1048"/>
</TextLine>
</TextBlock>
<TextBlock ID="Page1443_Block2" HEIGHT="3618" WIDTH="2083" VPOS="464" HPOS="91" LANG="en-US" CS="1" STYLEREFS="StyleId-D7B39C5D-5A91-4410-A42E-08ACC0650DD1-">
<Shape>
<Polygon POINTS="91,464 2174,464 2174,4082 1898,4082 1898,4034 91,4034 91,3656 122,3656 122,3654 91,3654 91,464"/>
</Shape>
<TextLine HEIGHT="67" WIDTH="1092" VPOS="475" HPOS="146" STYLEREFS="StyleId-4892B3DF-64B0-4165-A40B-B340A8556D0A-">
<String CONTENT="Bradford," HEIGHT="65" WIDTH="312" VPOS="475" HPOS="146"/>
<SP HEIGHT="63" WIDTH="30" VPOS="477" HPOS="459"/>
<String CONTENT="Frederick" HEIGHT="54" WIDTH="314" VPOS="476" HPOS="490"/>
<SP HEIGHT="53" WIDTH="24" VPOS="477" HPOS="805"/>
<String CONTENT="Alden," HEIGHT="65" WIDTH="206" VPOS="477" HPOS="830"/>
<SP HEIGHT="58" WIDTH="29" VPOS="484" HPOS="1037"/>
<String CONTENT="1897-" HEIGHT="56" WIDTH="171" VPOS="480" HPOS="1067"/>
</TextLine>
<TextLine HEIGHT="72" WIDTH="1919" VPOS="550" HPOS="211" STYLEREFS="StyleId-4892B3DF-64B0-4165-A40B-B340A8556D0A-" CS="1">
<String CONTENT="Money" HEIGHT="70" WIDTH="207" VPOS="550" HPOS="211"/>
<SP HEIGHT="51" WIDTH="33" VPOS="569" HPOS="419"/>
<String CONTENT="and" HEIGHT="51" WIDTH="111" VPOS="554" HPOS="453"/>
<SP HEIGHT="54" WIDTH="35" VPOS="551" HPOS="565"/>
<String CONTENT="banking," HEIGHT="72" WIDTH="269" VPOS="550" HPOS="601"/>
<SP HEIGHT="70" WIDTH="32" VPOS="552" HPOS="871"/>
<String CONTENT="by" HEIGHT="69" WIDTH="75" VPOS="552" HPOS="904"/>
<SP HEIGHT="68" WIDTH="35" VPOS="553" HPOS="980"/>
<String CONTENT="Frederick" HEIGHT="54" WIDTH="305" VPOS="553" HPOS="1016"/>
<SP HEIGHT="52" WIDTH="33" VPOS="553" HPOS="1322"/>
<String CONTENT="A." HEIGHT="51" WIDTH="70" VPOS="554" HPOS="1356"/>
<SP HEIGHT="50" WIDTH="37" VPOS="555" HPOS="1427"/>
<String CONTENT="Bradford" HEIGHT="55" WIDTH="295" VPOS="554" HPOS="1465"/>
<SP HEIGHT="54" WIDTH="41" VPOS="555" HPOS="1761"/>
<String CS="1" CONTENT="&#8230;"/>
<SP HEIGHT="50" WIDTH="76" VPOS="559" HPOS="1860"/>
<String CONTENT="2d" HEIGHT="53" WIDTH="71" VPOS="556" HPOS="1937"/>
<SP HEIGHT="55" WIDTH="37" VPOS="556" HPOS="2009"/>
<String CONTENT="ed." HEIGHT="54" WIDTH="83" VPOS="557" HPOS="2047"/>
</TextLine>
<TextLine HEIGHT="73" WIDTH="1820" VPOS="627" HPOS="144" STYLEREFS="StyleId-4892B3DF-64B0-4165-A40B-B340A8556D0A-" CS="1">
<String CONTENT="New" HEIGHT="55" WIDTH="134" VPOS="627" HPOS="144"/>
<SP HEIGHT="52" WIDTH="28" VPOS="628" HPOS="279"/>
<String CONTENT="York," HEIGHT="68" WIDTH="177" VPOS="628" HPOS="308"/>
<SP HEIGHT="67" WIDTH="26" VPOS="629" HPOS="486"/>
<String CONTENT="London" HEIGHT="54" WIDTH="239" VPOS="629" HPOS="513"/>
<SP HEIGHT="50" WIDTH="33" VPOS="648" HPOS="753"/>
<String CS="1" CONTENT="[etc.]" HEIGHT="64" WIDTH="119" VPOS="634" HPOS="804"/>
<SP HEIGHT="68" WIDTH="32" VPOS="630" HPOS="924"/>
<String CONTENT="Longmans," HEIGHT="69" WIDTH="343" VPOS="630" HPOS="957"/>
<SP HEIGHT="69" WIDTH="28" VPOS="630" HPOS="1301"/>
<String CONTENT="Green" HEIGHT="55" WIDTH="184" VPOS="630" HPOS="1330"/>
<SP HEIGHT="34" WIDTH="30" VPOS="650" HPOS="1515"/>
<String CONTENT="and" HEIGHT="51" WIDTH="109" VPOS="635" HPOS="1546"/>
<SP HEIGHT="51" WIDTH="31" VPOS="635" HPOS="1656"/>
<String CONTENT="co.," HEIGHT="48" WIDTH="96" VPOS="652" HPOS="1688"/>
<SP HEIGHT="63" WIDTH="29" VPOS="637" HPOS="1785"/>
<String CONTENT="1935." HEIGHT="49" WIDTH="149" VPOS="637" HPOS="1815"/>
</TextLine>
<TextLine HEIGHT="104" WIDTH="1971" VPOS="718" HPOS="144" CS="1">
<String CONTENT="3" HEIGHT="40" WIDTH="29" VPOS="718" HPOS="215"/>
<SP HEIGHT="48" WIDTH="31" VPOS="718" HPOS="245"/>
<String LANG="fr" CONTENT="p." HEIGHT="37" WIDTH="43" VPOS="729" HPOS="277"/>
<SP/>
<String LANG="fr" CS="1" CONTENT="l."/>
<String CONTENT="," HEIGHT="16" WIDTH="9" VPOS="749" HPOS="392"/>
<SP HEIGHT="36" WIDTH="34" VPOS="729" HPOS="402"/>
<String CONTENT="v-xii" HEIGHT="40" WIDTH="131" VPOS="718" HPOS="437"/>
<SP HEIGHT="48" WIDTH="34" VPOS="719" HPOS="569"/>
<String LANG="fr" CONTENT="p.," HEIGHT="37" WIDTH="59" VPOS="730" HPOS="604"/>
<SP HEIGHT="47" WIDTH="33" VPOS="719" HPOS="664"/>
<String CONTENT="1" HEIGHT="39" WIDTH="26" VPOS="719" HPOS="698"/>
<SP/>
<String CS="1" CONTENT="l.," HEIGHT="16" WIDTH="9" VPOS="750" HPOS="796"/>
<SP HEIGHT="47" WIDTH="33" VPOS="719" HPOS="806"/>
<String CONTENT="814" HEIGHT="40" WIDTH="84" VPOS="719" HPOS="840"/>
<SP HEIGHT="47" WIDTH="33" VPOS="720" HPOS="925"/>
<String CONTENT="p." HEIGHT="37" WIDTH="44" VPOS="730" HPOS="959"/>
<SP HEIGHT="40" WIDTH="63" VPOS="720" HPOS="1004"/>
<String CONTENT="illus.," HEIGHT="49" WIDTH="142" VPOS="720" HPOS="1068"/>
<SP HEIGHT="47" WIDTH="37" VPOS="722" HPOS="1211"/>
<String CONTENT="diagrs." HEIGHT="48" WIDTH="178" VPOS="720" HPOS="1249"/>
<SP HEIGHT="40" WIDTH="63" VPOS="721" HPOS="1428"/>
<String CONTENT="22" HEIGHT="40" WIDTH="55" VPOS="720" HPOS="1492"/>
<String STYLE="superscript" CONTENT="cm" HEIGHT="21" WIDTH="44" VPOS="724" HPOS="1550"/>
<String CONTENT="." HEIGHT="8" WIDTH="8" VPOS="754" HPOS="1599"/>
<SP HEIGHT="48" WIDTH="75" VPOS="722" HPOS="1608"/>
<String CONTENT="(Longmans&#8217;" HEIGHT="48" WIDTH="310" VPOS="722" HPOS="1684"/>
<SP HEIGHT="40" WIDTH="38" VPOS="723" HPOS="1995"/>
<String CONTENT="economic" HEIGHT="81" WIDTH="1971" VPOS="734" HPOS="144"/>
<SP HEIGHT="30" WIDTH="26" VPOS="785" HPOS="302"/>
<String CONTENT="series)" HEIGHT="48" WIDTH="174" VPOS="774" HPOS="329"/>
</TextLine>
<TextLine HEIGHT="52" WIDTH="1597" VPOS="845" HPOS="216" CS="1">
<String CONTENT="&#8220;A" HEIGHT="40" WIDTH="68" VPOS="845" HPOS="216"/>
<SP HEIGHT="39" WIDTH="29" VPOS="846" HPOS="285"/>
<String CONTENT="revision" HEIGHT="41" WIDTH="212" VPOS="845" HPOS="315"/>
<SP HEIGHT="29" WIDTH="29" VPOS="857" HPOS="528"/>
<String CONTENT="of" HEIGHT="40" WIDTH="53" VPOS="846" HPOS="558"/>
<SP HEIGHT="40" WIDTH="30" VPOS="846" HPOS="612"/>
<String CONTENT="the" HEIGHT="40" WIDTH="84" VPOS="846" HPOS="643"/>
<SP HEIGHT="31" WIDTH="28" VPOS="855" HPOS="728"/>
<String CONTENT="author&#8217;s" HEIGHT="41" WIDTH="218" VPOS="845" HPOS="757"/>
<SP HEIGHT="39" WIDTH="32" VPOS="847" HPOS="976"/>
<String CONTENT="Money" HEIGHT="48" WIDTH="174" VPOS="847" HPOS="1009"/>
<SP HEIGHT="37" WIDTH="31" VPOS="858" HPOS="1184"/>
<String CONTENT="and" HEIGHT="39" WIDTH="95" VPOS="848" HPOS="1216"/>
<SP HEIGHT="39" WIDTH="32" VPOS="848" HPOS="1312"/>
<String CONTENT="his" HEIGHT="41" WIDTH="76" VPOS="847" HPOS="1345"/>
<SP HEIGHT="40" WIDTH="34" VPOS="848" HPOS="1422"/>
<String CONTENT="Banking" HEIGHT="49" WIDTH="227" VPOS="848" HPOS="1457"/>
<SP HEIGHT="38" WIDTH="31" VPOS="859" HPOS="1685"/>
<String CONTENT="and" HEIGHT="39" WIDTH="96" VPOS="850" HPOS="1717"/>
</TextLine>
<TextLine HEIGHT="101" WIDTH="1968" VPOS="850" HPOS="144" CS="1">
<String CONTENT="their" HEIGHT="39" WIDTH="128" VPOS="850" HPOS="1849"/>
<SP HEIGHT="28" WIDTH="33" VPOS="862" HPOS="1978"/>
<String CONTENT="combination" HEIGHT="82" WIDTH="1968" VPOS="860" HPOS="144"/>
<SP HEIGHT="39" WIDTH="26" VPOS="902" HPOS="363"/>
<String CONTENT="into" HEIGHT="41" WIDTH="102" VPOS="902" HPOS="390"/>
<SP HEIGHT="30" WIDTH="27" VPOS="912" HPOS="493"/>
<String CONTENT="a" HEIGHT="29" WIDTH="29" VPOS="912" HPOS="521"/>
<SP HEIGHT="31" WIDTH="24" VPOS="912" HPOS="551"/>
<String CONTENT="single" HEIGHT="50" WIDTH="154" VPOS="901" HPOS="576"/>
<SP HEIGHT="29" WIDTH="25" VPOS="914" HPOS="731"/>
<String CONTENT="volume.&#8221;" HEIGHT="41" WIDTH="232" VPOS="902" HPOS="757"/>
</TextLine>
<TextLine HEIGHT="53" WIDTH="1484" VPOS="958" HPOS="217">
<String CONTENT="&#8220;Bibliographical" HEIGHT="49" WIDTH="439" VPOS="958" HPOS="217"/>
<SP HEIGHT="38" WIDTH="26" VPOS="960" HPOS="657"/>
<String CONTENT="note&#8221;" HEIGHT="41" WIDTH="139" VPOS="958" HPOS="684"/>
<SP HEIGHT="41" WIDTH="28" VPOS="958" HPOS="824"/>
<String CONTENT="at" HEIGHT="37" WIDTH="50" VPOS="963" HPOS="853"/>
<SP HEIGHT="37" WIDTH="25" VPOS="963" HPOS="904"/>
<String CONTENT="end" HEIGHT="39" WIDTH="91" VPOS="961" HPOS="930"/>
<SP HEIGHT="39" WIDTH="24" VPOS="961" HPOS="1022"/>
<String CONTENT="of" HEIGHT="40" WIDTH="52" VPOS="960" HPOS="1047"/>
<SP HEIGHT="39" WIDTH="23" VPOS="960" HPOS="1100"/>
<String CONTENT="most" HEIGHT="39" WIDTH="128" VPOS="962" HPOS="1124"/>
<SP HEIGHT="39" WIDTH="21" VPOS="962" HPOS="1253"/>
<String CONTENT="of" HEIGHT="40" WIDTH="53" VPOS="961" HPOS="1275"/>
<SP HEIGHT="40" WIDTH="22" VPOS="961" HPOS="1329"/>
<String CONTENT="the" HEIGHT="39" WIDTH="85" VPOS="962" HPOS="1352"/>
<SP HEIGHT="30" WIDTH="22" VPOS="971" HPOS="1438"/>
<String CONTENT="chapters." HEIGHT="49" WIDTH="240" VPOS="962" HPOS="1461"/>
</TextLine>
<TextLine HEIGHT="54" WIDTH="1904" VPOS="1025" HPOS="142" CS="1">
<String CONTENT="&#169;" HEIGHT="53" WIDTH="51" VPOS="1025" HPOS="142"/>
<SP HEIGHT="53" WIDTH="25" VPOS="1025" HPOS="194"/>
<String CONTENT="Oct." HEIGHT="41" WIDTH="101" VPOS="1029" HPOS="220"/>
<SP HEIGHT="41" WIDTH="24" VPOS="1028" HPOS="322"/>
<String CONTENT="9," HEIGHT="48" WIDTH="39" VPOS="1028" HPOS="347"/>
<SP HEIGHT="46" WIDTH="26" VPOS="1030" HPOS="387"/>
<String CS="1" CONTENT="1935;" HEIGHT="40" WIDTH="115" VPOS="1029" HPOS="414"/>
<SP HEIGHT="48" WIDTH="24" VPOS="1029" HPOS="555"/>
<String CONTENT="2c." HEIGHT="40" WIDTH="67" VPOS="1029" HPOS="580"/>
<SP HEIGHT="29" WIDTH="25" VPOS="1040" HPOS="648"/>
<String CONTENT="and" HEIGHT="39" WIDTH="96" VPOS="1031" HPOS="674"/>
<SP HEIGHT="39" WIDTH="25" VPOS="1031" HPOS="771"/>
<String CONTENT="aff." HEIGHT="40" WIDTH="80" VPOS="1029" HPOS="797"/>
<SP HEIGHT="41" WIDTH="27" VPOS="1029" HPOS="878"/>
<String CONTENT="Oct." HEIGHT="41" WIDTH="99" VPOS="1029" HPOS="906"/>
<SP HEIGHT="40" WIDTH="28" VPOS="1029" HPOS="1006"/>
<String CS="1" CONTENT="11;" HEIGHT="40" WIDTH="53" VPOS="1029" HPOS="1035"/>
<SP HEIGHT="46" WIDTH="28" VPOS="1031" HPOS="1117"/>
<!-- cceid 94E5A16C-6D82-1014-B070-FDFD250A9EDA --><String CONTENT="A" HEIGHT="38" WIDTH="42" VPOS="1031" HPOS="1146"/>
<SP HEIGHT="41" WIDTH="23" VPOS="1030" HPOS="1189"/>
<String CS="1" CONTENT="87617;" HEIGHT="41" WIDTH="146" VPOS="1030" HPOS="1213"/>
<SP HEIGHT="46" WIDTH="30" VPOS="1031" HPOS="1382"/>
<String CONTENT="Longmans," HEIGHT="48" WIDTH="286" VPOS="1031" HPOS="1413"/>
<SP HEIGHT="47" WIDTH="30" VPOS="1032" HPOS="1700"/>
<String CONTENT="Green" HEIGHT="40" WIDTH="155" VPOS="1032" HPOS="1731"/>
<SP HEIGHT="39" WIDTH="28" VPOS="1032" HPOS="1887"/>
<String CONTENT="&amp;" HEIGHT="39" WIDTH="35" VPOS="1032" HPOS="1916"/>
<SP HEIGHT="40" WIDTH="27" VPOS="1032" HPOS="1952"/>
<String CONTENT="co." HEIGHT="31" WIDTH="66" VPOS="1042" HPOS="1980"/>
</TextLine>
<TextLine HEIGHT="47" WIDTH="279" VPOS="1086" HPOS="219">
<String CONTENT="(35-20075)" HEIGHT="47" WIDTH="279" VPOS="1086" HPOS="219"/>
</TextLine>
<TextLine HEIGHT="65" WIDTH="1036" VPOS="1190" HPOS="141" STYLEREFS="StyleId-4892B3DF-64B0-4165-A40B-B340A8556D0A-">
<String CONTENT="Brengle," HEIGHT="65" WIDTH="269" VPOS="1190" HPOS="141"/>
<SP HEIGHT="64" WIDTH="25" VPOS="1191" HPOS="411"/>
<String CONTENT="Deane" HEIGHT="52" WIDTH="199" VPOS="1191" HPOS="437"/>
<SP HEIGHT="52" WIDTH="25" VPOS="1192" HPOS="637"/>
<String CONTENT="Rockhold," HEIGHT="64" WIDTH="315" VPOS="1191" HPOS="663"/>
<SP HEIGHT="58" WIDTH="27" VPOS="1197" HPOS="979"/>
<String CONTENT="1888-" HEIGHT="51" WIDTH="170" VPOS="1196" HPOS="1007"/>
</TextLine>
<TextLine HEIGHT="69" WIDTH="1923" VPOS="1266" HPOS="207" STYLEREFS="StyleId-4892B3DF-64B0-4165-A40B-B340A8556D0A-" CS="1">
<String CONTENT="Modern" HEIGHT="52" WIDTH="241" VPOS="1268" HPOS="207"/>
<SP HEIGHT="33" WIDTH="29" VPOS="1286" HPOS="449"/>
<String CONTENT="office" HEIGHT="54" WIDTH="149" VPOS="1266" HPOS="479"/>
<SP HEIGHT="34" WIDTH="28" VPOS="1286" HPOS="629"/>
<String CONTENT="and" HEIGHT="51" WIDTH="111" VPOS="1269" HPOS="658"/>
<SP HEIGHT="66" WIDTH="29" VPOS="1269" HPOS="770"/>
<String CONTENT="general" HEIGHT="67" WIDTH="229" VPOS="1268" HPOS="800"/>
<SP HEIGHT="67" WIDTH="26" VPOS="1268" HPOS="1030"/>
<String CS="1" CONTENT="practice;" HEIGHT="69" WIDTH="247" VPOS="1266" HPOS="1057"/>
<SP HEIGHT="48" WIDTH="33" VPOS="1286" HPOS="1333"/>
<String CONTENT="a" HEIGHT="33" WIDTH="31" VPOS="1287" HPOS="1367"/>
<SP HEIGHT="52" WIDTH="27" VPOS="1268" HPOS="1399"/>
<String CONTENT="handbook" HEIGHT="53" WIDTH="304" VPOS="1267" HPOS="1427"/>
<SP HEIGHT="52" WIDTH="29" VPOS="1267" HPOS="1732"/>
<String CONTENT="of" HEIGHT="52" WIDTH="63" VPOS="1268" HPOS="1762"/>
<SP HEIGHT="67" WIDTH="29" VPOS="1268" HPOS="1826"/>
<String CONTENT="practical" HEIGHT="67" WIDTH="274" VPOS="1268" HPOS="1856"/>
</TextLine>
<TextLine HEIGHT="71" WIDTH="1992" VPOS="1343" HPOS="137" STYLEREFS="StyleId-4892B3DF-64B0-4165-A40B-B340A8556D0A-">
<String CONTENT="medicine," HEIGHT="68" WIDTH="291" VPOS="1344" HPOS="137"/>
<SP HEIGHT="68" WIDTH="51" VPOS="1344" HPOS="429"/>
<String CONTENT="by" HEIGHT="69" WIDTH="75" VPOS="1344" HPOS="481"/>
<SP HEIGHT="68" WIDTH="52" VPOS="1345" HPOS="557"/>
<String CONTENT="Deane" HEIGHT="52" WIDTH="194" VPOS="1345" HPOS="610"/>
<SP HEIGHT="52" WIDTH="50" VPOS="1345" HPOS="805"/>
<String CONTENT="R." HEIGHT="52" WIDTH="67" VPOS="1345" HPOS="856"/>
<SP HEIGHT="51" WIDTH="53" VPOS="1346" HPOS="924"/>
<String CONTENT="Brengle," HEIGHT="68" WIDTH="265" VPOS="1346" HPOS="978"/>
<SP HEIGHT="49" WIDTH="50" VPOS="1364" HPOS="1244"/>
<String CONTENT="m." HEIGHT="34" WIDTH="68" VPOS="1364" HPOS="1295"/>
<SP HEIGHT="33" WIDTH="50" VPOS="1365" HPOS="1364"/>
<String CONTENT="d." HEIGHT="33" WIDTH="48" VPOS="1365" HPOS="1415"/>
<SP HEIGHT="52" WIDTH="74" VPOS="1345" HPOS="1464"/>
<String CONTENT="Kingsport," HEIGHT="71" WIDTH="341" VPOS="1343" HPOS="1539"/>
<SP HEIGHT="64" WIDTH="52" VPOS="1348" HPOS="1881"/>
<String CONTENT="Tenn.," HEIGHT="64" WIDTH="195" VPOS="1348" HPOS="1934"/>
</TextLine>
<TextLine HEIGHT="70" WIDTH="1019" VPOS="1421" HPOS="140" STYLEREFS="StyleId-4892B3DF-64B0-4165-A40B-B340A8556D0A-" CS="1">
<String CONTENT="Southern" HEIGHT="55" WIDTH="283" VPOS="1422" HPOS="140"/>
<SP HEIGHT="49" WIDTH="30" VPOS="1441" HPOS="424"/>
<String CONTENT="publishers," HEIGHT="70" WIDTH="337" VPOS="1421" HPOS="455"/>
<SP HEIGHT="66" WIDTH="27" VPOS="1425" HPOS="793"/>
<String CONTENT="inc." HEIGHT="51" WIDTH="107" VPOS="1425" HPOS="821"/>
<SP HEIGHT="34" WIDTH="36" VPOS="1456" HPOS="929"/>
<String CS="1" CONTENT="["/>
<String STYLE="superscript" CONTENT="c" HEIGHT="21" WIDTH="18" VPOS="1430" HPOS="983"/>
<String CONTENT="1935]" HEIGHT="65" WIDTH="152" VPOS="1425" HPOS="1007"/>
</TextLine>
<TextLine HEIGHT="49" WIDTH="476" VPOS="1496" HPOS="206" CS="1">
<String CONTENT="vii," HEIGHT="49" WIDTH="82" VPOS="1496" HPOS="206"/>
<SP/>
<String CONTENT="320" HEIGHT="41" WIDTH="88" VPOS="1496" HPOS="318"/>
<SP HEIGHT="49" WIDTH="25" VPOS="1496" HPOS="407"/>
<String CONTENT="p." HEIGHT="38" WIDTH="43" VPOS="1507" HPOS="433"/>
<SP HEIGHT="38" WIDTH="59" VPOS="1497" HPOS="477"/>
<String CS="1" CONTENT="19&#189;" HEIGHT="41" WIDTH="56" VPOS="1496" HPOS="537"/>
<String STYLE="superscript" CONTENT="cm" HEIGHT="21" WIDTH="43" VPOS="1499" HPOS="625"/>
<String CONTENT="." HEIGHT="9" WIDTH="9" VPOS="1528" HPOS="673"/>
</TextLine>
<TextLine HEIGHT="54" WIDTH="1988" VPOS="1564" HPOS="139">
<String CONTENT="&#169;" HEIGHT="53" WIDTH="51" VPOS="1564" HPOS="139"/>
<SP HEIGHT="53" WIDTH="28" VPOS="1564" HPOS="191"/>
<String CONTENT="Oct." HEIGHT="41" WIDTH="101" VPOS="1568" HPOS="220"/>
<SP HEIGHT="40" WIDTH="28" VPOS="1569" HPOS="322"/>
<String CONTENT="5," HEIGHT="46" WIDTH="38" VPOS="1569" HPOS="351"/>
<SP HEIGHT="45" WIDTH="29" VPOS="1570" HPOS="390"/>
<String CONTENT="1935;" HEIGHT="43" WIDTH="139" VPOS="1568" HPOS="420"/>
<SP HEIGHT="43" WIDTH="30" VPOS="1568" HPOS="560"/>
<String CONTENT="2c." HEIGHT="41" WIDTH="66" VPOS="1568" HPOS="591"/>
<SP HEIGHT="29" WIDTH="27" VPOS="1580" HPOS="658"/>
<String CONTENT="and" HEIGHT="40" WIDTH="96" VPOS="1569" HPOS="686"/>
<SP HEIGHT="40" WIDTH="27" VPOS="1569" HPOS="783"/>
<String CONTENT="aff." HEIGHT="40" WIDTH="79" VPOS="1568" HPOS="811"/>
<SP HEIGHT="41" WIDTH="31" VPOS="1568" HPOS="891"/>
<String CONTENT="Oct." HEIGHT="41" WIDTH="101" VPOS="1568" HPOS="923"/>
<SP HEIGHT="40" WIDTH="27" VPOS="1568" HPOS="1025"/>
<String CONTENT="10;" HEIGHT="47" WIDTH="82" VPOS="1568" HPOS="1053"/>
<SP HEIGHT="46" WIDTH="30" VPOS="1569" HPOS="1136"/>
<!-- cceid 94E5E7AC-6D82-1014-B070-FDFD250A9EDA --><String CONTENT="A" HEIGHT="38" WIDTH="40" VPOS="1569" HPOS="1167"/>
<SP HEIGHT="40" WIDTH="27" VPOS="1569" HPOS="1208"/>
<String CONTENT="86676;" HEIGHT="46" WIDTH="170" VPOS="1568" HPOS="1236"/>
<SP HEIGHT="45" WIDTH="28" VPOS="1569" HPOS="1407"/>
<String CONTENT="D." HEIGHT="40" WIDTH="57" VPOS="1569" HPOS="1436"/>
<SP HEIGHT="39" WIDTH="29" VPOS="1570" HPOS="1494"/>
<String CONTENT="R." HEIGHT="39" WIDTH="54" VPOS="1570" HPOS="1524"/>
<SP HEIGHT="40" WIDTH="30" VPOS="1569" HPOS="1579"/>
<String CONTENT="Brengle," HEIGHT="49" WIDTH="219" VPOS="1569" HPOS="1610"/>
<SP HEIGHT="47" WIDTH="30" VPOS="1570" HPOS="1830"/>
<String CONTENT="Dearborn," HEIGHT="47" WIDTH="266" VPOS="1570" HPOS="1861"/>
</TextLine>
<TextLine HEIGHT="47" WIDTH="491" VPOS="1625" HPOS="206">
<String CONTENT="Mich." HEIGHT="39" WIDTH="141" VPOS="1625" HPOS="206"/>
<SP HEIGHT="46" WIDTH="70" VPOS="1626" HPOS="348"/>
<String CONTENT="(35-20127)" HEIGHT="47" WIDTH="278" VPOS="1625" HPOS="419"/>
</TextLine>
<TextLine HEIGHT="65" WIDTH="654" VPOS="1729" HPOS="138" STYLEREFS="StyleId-CD5AEF92-6B93-447D-826A-6B20260D4C7B-">
<String CONTENT="Brown," HEIGHT="63" WIDTH="230" VPOS="1730" HPOS="138"/>
<SP HEIGHT="64" WIDTH="25" VPOS="1729" HPOS="369"/>
<String CONTENT="Leonard," HEIGHT="65" WIDTH="286" VPOS="1729" HPOS="395"/>
<SP HEIGHT="46" WIDTH="26" VPOS="1748" HPOS="682"/>
<String CONTENT="ed." HEIGHT="52" WIDTH="83" VPOS="1730" HPOS="709"/>
</TextLine>
<TextLine HEIGHT="69" WIDTH="1862" VPOS="1805" HPOS="203" STYLEREFS="StyleId-4892B3DF-64B0-4165-A40B-B340A8556D0A-" CS="1">
<String CONTENT="A" HEIGHT="52" WIDTH="56" VPOS="1806" HPOS="203"/>
<SP HEIGHT="68" WIDTH="25" VPOS="1806" HPOS="260"/>
<String CONTENT="quarto" HEIGHT="62" WIDTH="203" VPOS="1812" HPOS="286"/>
<SP HEIGHT="34" WIDTH="26" VPOS="1824" HPOS="490"/>
<String CONTENT="of" HEIGHT="53" WIDTH="64" VPOS="1805" HPOS="517"/>
<SP HEIGHT="53" WIDTH="24" VPOS="1805" HPOS="582"/>
<String CONTENT="modern" HEIGHT="51" WIDTH="237" VPOS="1807" HPOS="607"/>
<SP HEIGHT="52" WIDTH="24" VPOS="1805" HPOS="845"/>
<String CONTENT="literature," HEIGHT="68" WIDTH="311" VPOS="1805" HPOS="870"/>
<SP HEIGHT="50" WIDTH="29" VPOS="1823" HPOS="1182"/>
<String CONTENT="edited" HEIGHT="53" WIDTH="187" VPOS="1805" HPOS="1212"/>
<SP HEIGHT="53" WIDTH="25" VPOS="1805" HPOS="1400"/>
<String CONTENT="by" HEIGHT="68" WIDTH="75" VPOS="1805" HPOS="1426"/>
<SP HEIGHT="68" WIDTH="27" VPOS="1805" HPOS="1502"/>
<String CONTENT="Leonard" HEIGHT="53" WIDTH="261" VPOS="1805" HPOS="1530"/>
<SP HEIGHT="51" WIDTH="27" VPOS="1807" HPOS="1792"/>
<String CONTENT="Brown" HEIGHT="52" WIDTH="212" VPOS="1807" HPOS="1820"/>
<SP HEIGHT="32" WIDTH="32" VPOS="1827" HPOS="2033"/>
<String CS="1" CONTENT="&#8230;"/>
</TextLine>
<TextLine HEIGHT="70" WIDTH="1666" VPOS="1882" HPOS="137" STYLEREFS="StyleId-4892B3DF-64B0-4165-A40B-B340A8556D0A-" CS="1">
<String CONTENT="and" HEIGHT="53" WIDTH="111" VPOS="1884" HPOS="137"/>
<SP HEIGHT="53" WIDTH="30" VPOS="1884" HPOS="249"/>
<String CONTENT="Porter" HEIGHT="53" WIDTH="206" VPOS="1885" HPOS="280"/>
<SP HEIGHT="55" WIDTH="30" VPOS="1883" HPOS="487"/>
<String CONTENT="G." HEIGHT="54" WIDTH="69" VPOS="1883" HPOS="518"/>
<SP HEIGHT="53" WIDTH="31" VPOS="1883" HPOS="588"/>
<String CONTENT="Perrin" HEIGHT="53" WIDTH="206" VPOS="1883" HPOS="620"/>
<SP HEIGHT="34" WIDTH="36" VPOS="1902" HPOS="827"/>
<String CS="1" CONTENT="&#8230;"/>
<SP HEIGHT="52" WIDTH="70" VPOS="1884" HPOS="920"/>
<String CONTENT="New" HEIGHT="52" WIDTH="138" VPOS="1884" HPOS="991"/>
<SP HEIGHT="53" WIDTH="32" VPOS="1884" HPOS="1130"/>
<String CONTENT="York," HEIGHT="69" WIDTH="179" VPOS="1883" HPOS="1163"/>
<SP HEIGHT="70" WIDTH="32" VPOS="1882" HPOS="1343"/>
<String CONTENT="Chicago" HEIGHT="70" WIDTH="251" VPOS="1882" HPOS="1376"/>
<SP HEIGHT="46" WIDTH="37" VPOS="1904" HPOS="1628"/>
<String CONTENT="[etc.]" HEIGHT="62" WIDTH="137" VPOS="1888" HPOS="1666"/>
</TextLine>
<TextLine HEIGHT="145" WIDTH="1966" VPOS="1883" HPOS="134" STYLEREFS="StyleId-4892B3DF-64B0-4165-A40B-B340A8556D0A-" CS="1">
<String CONTENT="C." HEIGHT="55" WIDTH="61" VPOS="1883" HPOS="1841"/>
<SP HEIGHT="55" WIDTH="34" VPOS="1884" HPOS="1903"/>
<String CONTENT="Scribner&#8217;s" HEIGHT="132" WIDTH="1966" VPOS="1884" HPOS="134"/>
<SP HEIGHT="35" WIDTH="32" VPOS="1981" HPOS="277"/>
<String CONTENT="sons" HEIGHT="35" WIDTH="129" VPOS="1980" HPOS="310"/>
<SP HEIGHT="47" WIDTH="36" VPOS="1981" HPOS="440"/>
<String CONTENT="[" HEIGHT="33" WIDTH="13" VPOS="1995" HPOS="477"/>
<String STYLE="superscript" CONTENT="c" HEIGHT="21" WIDTH="18" VPOS="1968" HPOS="494"/>
<String CONTENT="1935]" HEIGHT="64" WIDTH="151" VPOS="1964" HPOS="517"/>
</TextLine>
<TextLine HEIGHT="50" WIDTH="587" VPOS="2034" HPOS="206" CS="1">
<String CONTENT="viii," HEIGHT="48" WIDTH="99" VPOS="2036" HPOS="206"/>
<SP HEIGHT="47" WIDTH="26" VPOS="2037" HPOS="306"/>
<String CONTENT="436" HEIGHT="41" WIDTH="88" VPOS="2035" HPOS="333"/>
<SP HEIGHT="49" WIDTH="25" VPOS="2035" HPOS="422"/>
<String LANG="fr" CONTENT="p.," HEIGHT="37" WIDTH="57" VPOS="2047" HPOS="448"/>
<SP HEIGHT="47" WIDTH="26" VPOS="2036" HPOS="506"/>
<String CONTENT="1" HEIGHT="39" WIDTH="26" VPOS="2036" HPOS="533"/>
<SP/>
<String CS="1" CONTENT="l."/>
<SP HEIGHT="41" WIDTH="57" VPOS="2035" HPOS="619"/>
<String CONTENT="28" HEIGHT="41" WIDTH="58" VPOS="2034" HPOS="677"/>
<String STYLE="superscript" CONTENT="cm" HEIGHT="22" WIDTH="45" VPOS="2037" HPOS="736"/>
<String CONTENT="." HEIGHT="9" WIDTH="8" VPOS="2067" HPOS="785"/>
</TextLine>
<TextLine HEIGHT="48" WIDTH="1413" VPOS="2104" HPOS="206">
<String CONTENT="Includes" HEIGHT="40" WIDTH="224" VPOS="2106" HPOS="206"/>
<SP HEIGHT="39" WIDTH="26" VPOS="2106" HPOS="431"/>
<String CONTENT="brief" HEIGHT="41" WIDTH="128" VPOS="2104" HPOS="458"/>
<SP HEIGHT="40" WIDTH="23" VPOS="2105" HPOS="587"/>
<String CONTENT="biographical" HEIGHT="48" WIDTH="330" VPOS="2104" HPOS="611"/>
<SP HEIGHT="38" WIDTH="27" VPOS="2107" HPOS="942"/>
<String CONTENT="sketches" HEIGHT="41" WIDTH="222" VPOS="2104" HPOS="970"/>
<SP HEIGHT="30" WIDTH="24" VPOS="2115" HPOS="1193"/>
<String CONTENT="of" HEIGHT="39" WIDTH="52" VPOS="2105" HPOS="1218"/>
<SP HEIGHT="39" WIDTH="23" VPOS="2105" HPOS="1271"/>
<String CONTENT="the" HEIGHT="40" WIDTH="81" VPOS="2105" HPOS="1295"/>
<SP HEIGHT="31" WIDTH="25" VPOS="2114" HPOS="1377"/>
<String CONTENT="authors." HEIGHT="40" WIDTH="216" VPOS="2106" HPOS="1403"/>
</TextLine>
<TextLine HEIGHT="53" WIDTH="1988" VPOS="2172" HPOS="137">
<String CONTENT="&#169;" HEIGHT="53" WIDTH="51" VPOS="2172" HPOS="137"/>
<SP HEIGHT="53" WIDTH="30" VPOS="2172" HPOS="189"/>
<String CONTENT="Sept." HEIGHT="48" WIDTH="127" VPOS="2177" HPOS="220"/>
<SP HEIGHT="40" WIDTH="26" VPOS="2176" HPOS="348"/>
<String CONTENT="24," HEIGHT="48" WIDTH="70" VPOS="2176" HPOS="375"/>
<SP HEIGHT="47" WIDTH="28" VPOS="2177" HPOS="446"/>
<String CONTENT="1935;" HEIGHT="46" WIDTH="139" VPOS="2176" HPOS="475"/>
<SP HEIGHT="46" WIDTH="30" VPOS="2176" HPOS="615"/>
<String CONTENT="2c." HEIGHT="39" WIDTH="68" VPOS="2176" HPOS="646"/>
<SP HEIGHT="40" WIDTH="30" VPOS="2176" HPOS="715"/>
<String CONTENT="Oct." HEIGHT="40" WIDTH="101" VPOS="2176" HPOS="746"/>
<SP HEIGHT="39" WIDTH="25" VPOS="2176" HPOS="848"/>
<String CONTENT="11;" HEIGHT="46" WIDTH="82" VPOS="2176" HPOS="874"/>
<SP HEIGHT="37" WIDTH="31" VPOS="2185" HPOS="957"/>
<String CONTENT="aff." HEIGHT="40" WIDTH="81" VPOS="2175" HPOS="989"/>
<SP HEIGHT="40" WIDTH="31" VPOS="2175" HPOS="1071"/>
<String CONTENT="Oct." HEIGHT="40" WIDTH="101" VPOS="2175" HPOS="1103"/>
<SP HEIGHT="39" WIDTH="30" VPOS="2176" HPOS="1205"/>
<String CONTENT="10;" HEIGHT="47" WIDTH="81" VPOS="2175" HPOS="1236"/>
<SP HEIGHT="46" WIDTH="31" VPOS="2176" HPOS="1318"/>
<!-- cceid 94E62B03-6D82-1014-B070-FDFD250A9EDA --><String CONTENT="A" HEIGHT="39" WIDTH="45" VPOS="2176" HPOS="1350"/>
<SP HEIGHT="39" WIDTH="25" VPOS="2176" HPOS="1396"/>
<String CONTENT="86826;" HEIGHT="47" WIDTH="170" VPOS="2176" HPOS="1422"/>
<SP HEIGHT="47" WIDTH="31" VPOS="2176" HPOS="1593"/>
<String CONTENT="Charles" HEIGHT="41" WIDTH="201" VPOS="2176" HPOS="1625"/>
<SP HEIGHT="40" WIDTH="33" VPOS="2177" HPOS="1827"/>
<String CONTENT="Scribner&#8217;s" HEIGHT="41" WIDTH="264" VPOS="2176" HPOS="1861"/>
</TextLine>
<TextLine HEIGHT="49" WIDTH="477" VPOS="2232" HPOS="198">
<String CONTENT="sons." HEIGHT="29" WIDTH="126" VPOS="2244" HPOS="198"/>
<SP HEIGHT="47" WIDTH="70" VPOS="2234" HPOS="325"/>
<String CONTENT="(35-20116)" HEIGHT="49" WIDTH="279" VPOS="2232" HPOS="396"/>
</TextLine>
<TextLine HEIGHT="64" WIDTH="624" VPOS="2336" HPOS="136" STYLEREFS="StyleId-CD5AEF92-6B93-447D-826A-6B20260D4C7B-">
<String CONTENT="Brown," HEIGHT="63" WIDTH="229" VPOS="2337" HPOS="136"/>
<SP HEIGHT="63" WIDTH="27" VPOS="2337" HPOS="366"/>
<String CONTENT="Paul," HEIGHT="63" WIDTH="164" VPOS="2336" HPOS="394"/>
<SP HEIGHT="57" WIDTH="31" VPOS="2342" HPOS="559"/>
<String CONTENT="1893-" HEIGHT="50" WIDTH="169" VPOS="2339" HPOS="591"/>
</TextLine>
<TextLine HEIGHT="70" WIDTH="1919" VPOS="2411" HPOS="203" STYLEREFS="StyleId-4892B3DF-64B0-4165-A40B-B340A8556D0A-">
<String CONTENT="Piper&#8217;s" HEIGHT="69" WIDTH="221" VPOS="2412" HPOS="203"/>
<SP HEIGHT="49" WIDTH="46" VPOS="2431" HPOS="425"/>
<String CONTENT="pony;" HEIGHT="49" WIDTH="180" VPOS="2431" HPOS="472"/>
<SP HEIGHT="56" WIDTH="48" VPOS="2417" HPOS="653"/>
<String CONTENT="the" HEIGHT="54" WIDTH="97" VPOS="2412" HPOS="702"/>
<SP HEIGHT="35" WIDTH="46" VPOS="2431" HPOS="800"/>
<String CONTENT="story" HEIGHT="58" WIDTH="158" VPOS="2418" HPOS="847"/>
<SP HEIGHT="46" WIDTH="44" VPOS="2430" HPOS="1006"/>
<String CONTENT="of" HEIGHT="52" WIDTH="64" VPOS="2413" HPOS="1051"/>
<SP HEIGHT="53" WIDTH="46" VPOS="2412" HPOS="1116"/>
<String CONTENT="Patchwork," HEIGHT="59" WIDTH="363" VPOS="2411" HPOS="1163"/>
<SP HEIGHT="58" WIDTH="44" VPOS="2412" HPOS="1527"/>
<String CONTENT="by" HEIGHT="67" WIDTH="76" VPOS="2412" HPOS="1572"/>
<SP HEIGHT="66" WIDTH="46" VPOS="2413" HPOS="1649"/>
<String CONTENT="Paul" HEIGHT="52" WIDTH="148" VPOS="2413" HPOS="1696"/>
<SP HEIGHT="52" WIDTH="48" VPOS="2413" HPOS="1845"/>
<String CONTENT="Brown." HEIGHT="51" WIDTH="228" VPOS="2415" HPOS="1894"/>
</TextLine>
<TextLine HEIGHT="68" WIDTH="1430" VPOS="2489" HPOS="133" STYLEREFS="StyleId-4892B3DF-64B0-4165-A40B-B340A8556D0A-">
<String CONTENT="New" HEIGHT="53" WIDTH="137" VPOS="2491" HPOS="133"/>
<SP HEIGHT="54" WIDTH="29" VPOS="2490" HPOS="271"/>
<String CONTENT="York," HEIGHT="62" WIDTH="180" VPOS="2490" HPOS="301"/>
<SP HEIGHT="61" WIDTH="25" VPOS="2491" HPOS="482"/>
<String CONTENT="London," HEIGHT="61" WIDTH="257" VPOS="2491" HPOS="508"/>
<SP HEIGHT="63" WIDTH="32" VPOS="2489" HPOS="766"/>
<String CONTENT="C." HEIGHT="55" WIDTH="62" VPOS="2489" HPOS="799"/>
<SP HEIGHT="55" WIDTH="31" VPOS="2489" HPOS="862"/>
<String CONTENT="Scribner&#8217;s" HEIGHT="55" WIDTH="310" VPOS="2489" HPOS="894"/>
<SP HEIGHT="34" WIDTH="30" VPOS="2509" HPOS="1205"/>
<String CONTENT="sons," HEIGHT="50" WIDTH="145" VPOS="2507" HPOS="1236"/>
<SP HEIGHT="63" WIDTH="30" VPOS="2494" HPOS="1382"/>
<String CONTENT="1935." HEIGHT="52" WIDTH="150" VPOS="2492" HPOS="1413"/>
</TextLine>
<TextLine HEIGHT="52" WIDTH="672" VPOS="2563" HPOS="207" CS="1">
<String CONTENT="[120]" HEIGHT="50" WIDTH="112" VPOS="2565" HPOS="207"/>
<SP HEIGHT="39" WIDTH="30" VPOS="2576" HPOS="320"/>
<String CONTENT="p." HEIGHT="37" WIDTH="42" VPOS="2576" HPOS="351"/>
<SP HEIGHT="40" WIDTH="59" VPOS="2565" HPOS="394"/>
<String CONTENT="illus." HEIGHT="40" WIDTH="127" VPOS="2565" HPOS="454"/>
<SP HEIGHT="41" WIDTH="59" VPOS="2564" HPOS="582"/>
<String CONTENT="22" HEIGHT="39" WIDTH="56" VPOS="2564" HPOS="642"/>
<SP HEIGHT="39" WIDTH="15" VPOS="2564" HPOS="699"/>
<String CS="1" CONTENT="&#215;"/>
<SP HEIGHT="40" WIDTH="14" VPOS="2563" HPOS="748"/>
<String CONTENT="29" HEIGHT="41" WIDTH="58" VPOS="2563" HPOS="763"/>
<String STYLE="superscript" CONTENT="cm" HEIGHT="21" WIDTH="43" VPOS="2566" HPOS="823"/>
<String CONTENT="." HEIGHT="9" WIDTH="8" VPOS="2595" HPOS="871"/>
</TextLine>
<TextLine HEIGHT="49" WIDTH="930" VPOS="2632" HPOS="204">
<String CONTENT="Illustrated" HEIGHT="40" WIDTH="286" VPOS="2635" HPOS="204"/>
<SP HEIGHT="39" WIDTH="27" VPOS="2635" HPOS="491"/>
<String CONTENT="t.-p." HEIGHT="46" WIDTH="98" VPOS="2635" HPOS="519"/>
<SP HEIGHT="30" WIDTH="30" VPOS="2644" HPOS="618"/>
<String CONTENT="and" HEIGHT="39" WIDTH="94" VPOS="2634" HPOS="649"/>
<SP HEIGHT="39" WIDTH="28" VPOS="2634" HPOS="744"/>
<String CONTENT="lining-papers." HEIGHT="49" WIDTH="361" VPOS="2632" HPOS="773"/>
</TextLine>
<TextLine HEIGHT="52" WIDTH="1984" VPOS="2701" HPOS="136" CS="1">
<String CONTENT="&#169;" HEIGHT="52" WIDTH="51" VPOS="2701" HPOS="136"/>
<SP HEIGHT="52" WIDTH="28" VPOS="2701" HPOS="188"/>
<String CONTENT="Oct." HEIGHT="39" WIDTH="100" VPOS="2707" HPOS="217"/>
<SP HEIGHT="38" WIDTH="30" VPOS="2707" HPOS="318"/>
<String CONTENT="11," HEIGHT="45" WIDTH="68" VPOS="2707" HPOS="349"/>
<SP HEIGHT="46" WIDTH="31" VPOS="2706" HPOS="418"/>
<String CS="1" CONTENT="1935;" HEIGHT="40" WIDTH="116" VPOS="2705" HPOS="450"/>
<SP HEIGHT="46" WIDTH="31" VPOS="2705" HPOS="591"/>
<String CONTENT="2c." HEIGHT="39" WIDTH="67" VPOS="2705" HPOS="623"/>
<SP HEIGHT="39" WIDTH="32" VPOS="2705" HPOS="691"/>
<String CONTENT="Oct." HEIGHT="39" WIDTH="101" VPOS="2705" HPOS="724"/>
<SP HEIGHT="38" WIDTH="32" VPOS="2705" HPOS="826"/>
<String CS="1" CONTENT="19;" HEIGHT="39" WIDTH="57" VPOS="2704" HPOS="859"/>
<SP HEIGHT="34" WIDTH="34" VPOS="2715" HPOS="940"/>
<String CONTENT="aff." HEIGHT="39" WIDTH="82" VPOS="2704" HPOS="975"/>
<SP HEIGHT="39" WIDTH="32" VPOS="2704" HPOS="1058"/>
<String CONTENT="Oct." HEIGHT="39" WIDTH="101" VPOS="2704" HPOS="1091"/>
<SP HEIGHT="39" WIDTH="31" VPOS="2704" HPOS="1193"/>
<String CS="1" CONTENT="25;" HEIGHT="38" WIDTH="59" VPOS="2704" HPOS="1225"/>
<SP HEIGHT="45" WIDTH="32" VPOS="2704" HPOS="1309"/>
<!-- cceid 94E66B89-6D82-1014-B070-FDFD250A9EDA --><String CONTENT="A" HEIGHT="38" WIDTH="40" VPOS="2704" HPOS="1342"/>
<SP HEIGHT="39" WIDTH="30" VPOS="2704" HPOS="1383"/>
<String CS="1" CONTENT="89043;" HEIGHT="41" WIDTH="142" VPOS="2703" HPOS="1414"/>
<SP HEIGHT="46" WIDTH="35" VPOS="2704" HPOS="1584"/>
<String CONTENT="Charles" HEIGHT="40" WIDTH="201" VPOS="2704" HPOS="1620"/>
<SP HEIGHT="39" WIDTH="34" VPOS="2705" HPOS="1822"/>
<String CONTENT="Scribner&#8217;s" HEIGHT="42" WIDTH="263" VPOS="2703" HPOS="1857"/>
</TextLine>
<TextLine HEIGHT="49" WIDTH="473" VPOS="2761" HPOS="201">
<String CONTENT="sons." HEIGHT="29" WIDTH="124" VPOS="2773" HPOS="201"/>
<SP HEIGHT="48" WIDTH="68" VPOS="2762" HPOS="326"/>
<String CONTENT="(35-20671)" HEIGHT="49" WIDTH="279" VPOS="2761" HPOS="395"/>
</TextLine>
<TextLine HEIGHT="64" WIDTH="598" VPOS="2865" HPOS="136" STYLEREFS="StyleId-CD5AEF92-6B93-447D-826A-6B20260D4C7B-">
<String LANG="en-US" CONTENT="Brunhoff," HEIGHT="64" WIDTH="306" VPOS="2865" HPOS="136"/>
<SP HEIGHT="64" WIDTH="28" VPOS="2865" HPOS="443"/>
<String LANG="fr" CONTENT="Jean" HEIGHT="53" WIDTH="146" VPOS="2865" HPOS="472"/>
<SP HEIGHT="52" WIDTH="26" VPOS="2865" HPOS="619"/>
<String LANG="fr" CONTENT="de." HEIGHT="55" WIDTH="88" VPOS="2865" HPOS="646"/>
</TextLine>
<TextLine HEIGHT="75" WIDTH="1859" VPOS="2933" HPOS="261" STYLEREFS="StyleId-4892B3DF-64B0-4165-A40B-B340A8556D0A-" CS="1">
<String CS="1" CONTENT="&#8230;"/>
<SP HEIGHT="51" WIDTH="44" VPOS="2942" HPOS="261"/>
<String CONTENT="Babar" HEIGHT="54" WIDTH="193" VPOS="2940" HPOS="306"/>
<SP HEIGHT="50" WIDTH="36" VPOS="2944" HPOS="500"/>
<String CONTENT="the" HEIGHT="54" WIDTH="94" VPOS="2940" HPOS="537"/>
<SP HEIGHT="55" WIDTH="37" VPOS="2939" HPOS="632"/>
<String CONTENT="king;" HEIGHT="69" WIDTH="169" VPOS="2939" HPOS="670"/>
<SP HEIGHT="63" WIDTH="38" VPOS="2943" HPOS="840"/>
<String CONTENT="translated" HEIGHT="53" WIDTH="316" VPOS="2939" HPOS="879"/>
<SP HEIGHT="53" WIDTH="41" VPOS="2938" HPOS="1196"/>
<String CONTENT="from" HEIGHT="53" WIDTH="153" VPOS="2938" HPOS="1238"/>
<SP HEIGHT="47" WIDTH="37" VPOS="2944" HPOS="1392"/>
<String CONTENT="the" HEIGHT="51" WIDTH="95" VPOS="2940" HPOS="1430"/>
<SP HEIGHT="52" WIDTH="38" VPOS="2939" HPOS="1526"/>
<String CONTENT="French" HEIGHT="52" WIDTH="222" VPOS="2939" HPOS="1565"/>
<SP HEIGHT="52" WIDTH="38" VPOS="2939" HPOS="1788"/>
<String CONTENT="by" HEIGHT="68" WIDTH="76" VPOS="2939" HPOS="1827"/>
<SP HEIGHT="68" WIDTH="36" VPOS="2939" HPOS="1904"/>
<String CONTENT="Merle" HEIGHT="59" WIDTH="179" VPOS="2933" HPOS="1941"/>
</TextLine>
<TextLine HEIGHT="68" WIDTH="1578" VPOS="3016" HPOS="133" STYLEREFS="StyleId-4892B3DF-64B0-4165-A40B-B340A8556D0A-">
<String CONTENT="Haas." HEIGHT="54" WIDTH="172" VPOS="3018" HPOS="133"/>
<SP HEIGHT="53" WIDTH="74" VPOS="3019" HPOS="306"/>
<String CONTENT="New" HEIGHT="52" WIDTH="137" VPOS="3019" HPOS="381"/>
<SP HEIGHT="52" WIDTH="33" VPOS="3017" HPOS="519"/>
<String CONTENT="York," HEIGHT="67" WIDTH="179" VPOS="3017" HPOS="553"/>
<SP HEIGHT="66" WIDTH="29" VPOS="3018" HPOS="733"/>
<String CONTENT="H." HEIGHT="51" WIDTH="75" VPOS="3018" HPOS="763"/>
<SP HEIGHT="55" WIDTH="35" VPOS="3016" HPOS="839"/>
<String CONTENT="Smith" HEIGHT="55" WIDTH="189" VPOS="3016" HPOS="875"/>
<SP HEIGHT="51" WIDTH="33" VPOS="3017" HPOS="1065"/>
<String CONTENT="and" HEIGHT="51" WIDTH="110" VPOS="3018" HPOS="1099"/>
<SP HEIGHT="52" WIDTH="32" VPOS="3017" HPOS="1210"/>
<String CONTENT="R." HEIGHT="52" WIDTH="67" VPOS="3017" HPOS="1243"/>
<SP HEIGHT="53" WIDTH="33" VPOS="3016" HPOS="1311"/>
<String CONTENT="Haas," HEIGHT="68" WIDTH="179" VPOS="3016" HPOS="1345"/>
<SP HEIGHT="64" WIDTH="34" VPOS="3020" HPOS="1525"/>
<String CONTENT="1935." HEIGHT="49" WIDTH="151" VPOS="3018" HPOS="1560"/>
</TextLine>
<TextLine HEIGHT="51" WIDTH="709" VPOS="3092" HPOS="202">
<String CONTENT="47," HEIGHT="46" WIDTH="68" VPOS="3095" HPOS="202"/>
<SP HEIGHT="31" WIDTH="33" VPOS="3112" HPOS="271"/>
<String CONTENT="[1]" HEIGHT="49" WIDTH="53" VPOS="3094" HPOS="305"/>
<SP HEIGHT="38" WIDTH="31" VPOS="3104" HPOS="359"/>
<String CONTENT="p." HEIGHT="37" WIDTH="42" VPOS="3104" HPOS="391"/>
<SP HEIGHT="28" WIDTH="59" VPOS="3104" HPOS="434"/>
<String CONTENT="col." HEIGHT="38" WIDTH="86" VPOS="3094" HPOS="494"/>
<SP HEIGHT="40" WIDTH="26" VPOS="3092" HPOS="581"/>
<String CONTENT="illus." HEIGHT="39" WIDTH="128" VPOS="3092" HPOS="608"/>
<SP HEIGHT="39" WIDTH="58" VPOS="3092" HPOS="737"/>
<String CONTENT="37" HEIGHT="39" WIDTH="56" VPOS="3092" HPOS="796"/>
<String STYLE="superscript" CONTENT="cm" HEIGHT="22" WIDTH="42" VPOS="3092" HPOS="855"/>
<String CONTENT="." HEIGHT="9" WIDTH="9" VPOS="3122" HPOS="902"/>
</TextLine>
<TextLine HEIGHT="50" WIDTH="1180" VPOS="3159" HPOS="204">
<String CONTENT="Illustrated" HEIGHT="41" WIDTH="286" VPOS="3162" HPOS="204"/>
<SP HEIGHT="40" WIDTH="24" VPOS="3161" HPOS="491"/>
<String CONTENT="t,-p." HEIGHT="48" WIDTH="97" VPOS="3161" HPOS="516"/>
<SP HEIGHT="30" WIDTH="28" VPOS="3171" HPOS="614"/>
<String CONTENT="and" HEIGHT="39" WIDTH="96" VPOS="3161" HPOS="643"/>
<SP HEIGHT="39" WIDTH="25" VPOS="3161" HPOS="740"/>
<String CONTENT="lining-papers" HEIGHT="48" WIDTH="346" VPOS="3159" HPOS="766"/>
<SP HEIGHT="40" WIDTH="26" VPOS="3159" HPOS="1113"/>
<String CONTENT="in" HEIGHT="39" WIDTH="50" VPOS="3159" HPOS="1140"/>
<SP HEIGHT="30" WIDTH="25" VPOS="3169" HPOS="1191"/>
<String CONTENT="colors." HEIGHT="39" WIDTH="167" VPOS="3160" HPOS="1217"/>
</TextLine>
<TextLine HEIGHT="48" WIDTH="349" VPOS="3217" HPOS="203">
<String CONTENT="Music:" HEIGHT="41" WIDTH="181" VPOS="3217" HPOS="203"/>
<SP HEIGHT="37" WIDTH="26" VPOS="3228" HPOS="385"/>
<String CONTENT="p." HEIGHT="37" WIDTH="43" VPOS="3228" HPOS="412"/>
<SP HEIGHT="41" WIDTH="27" VPOS="3217" HPOS="456"/>
<String CONTENT="17." HEIGHT="40" WIDTH="68" VPOS="3217" HPOS="484"/>
</TextLine>
<TextLine HEIGHT="53" WIDTH="1983" VPOS="3284" HPOS="136" CS="1">
<String CONTENT="&#169;" HEIGHT="53" WIDTH="50" VPOS="3284" HPOS="136"/>
<SP HEIGHT="53" WIDTH="30" VPOS="3284" HPOS="187"/>
<String CONTENT="Oct." HEIGHT="40" WIDTH="99" VPOS="3290" HPOS="218"/>
<SP HEIGHT="39" WIDTH="31" VPOS="3289" HPOS="318"/>
<String CONTENT="14," HEIGHT="46" WIDTH="68" VPOS="3289" HPOS="350"/>
<SP HEIGHT="46" WIDTH="31" VPOS="3289" HPOS="419"/>
<String CS="1" CONTENT="1935;" HEIGHT="41" WIDTH="116" VPOS="3287" HPOS="451"/>
<SP HEIGHT="46" WIDTH="31" VPOS="3288" HPOS="592"/>
<String CONTENT="2c." HEIGHT="39" WIDTH="67" VPOS="3288" HPOS="624"/>
<SP HEIGHT="40" WIDTH="32" VPOS="3287" HPOS="692"/>
<String CONTENT="Oct." HEIGHT="40" WIDTH="101" VPOS="3287" HPOS="725"/>
<SP HEIGHT="40" WIDTH="27" VPOS="3286" HPOS="827"/>
<String CS="1" CONTENT="25;" HEIGHT="40" WIDTH="55" VPOS="3286" HPOS="855"/>
<SP HEIGHT="35" WIDTH="33" VPOS="3297" HPOS="937"/>
<String CONTENT="aff." HEIGHT="41" WIDTH="82" VPOS="3285" HPOS="971"/>
<SP HEIGHT="40" WIDTH="33" VPOS="3286" HPOS="1054"/>
<String CONTENT="Oct." HEIGHT="40" WIDTH="101" VPOS="3286" HPOS="1088"/>
<SP HEIGHT="40" WIDTH="31" VPOS="3285" HPOS="1190"/>
<String CS="1" CONTENT="23;" HEIGHT="40" WIDTH="52" VPOS="3285" HPOS="1222"/>
<SP HEIGHT="46" WIDTH="33" VPOS="3286" HPOS="1304"/>
<!-- cceid 94E6B506-6D82-1014-B070-FDFD250A9EDA --><String CONTENT="A" HEIGHT="39" WIDTH="44" VPOS="3286" HPOS="1338"/>
<SP HEIGHT="40" WIDTH="28" VPOS="3286" HPOS="1383"/>
<String CS="1" CONTENT="88018;" HEIGHT="42" WIDTH="146" VPOS="3284" HPOS="1412"/>
<SP HEIGHT="46" WIDTH="34" VPOS="3286" HPOS="1581"/>
<String CONTENT="Harrison" HEIGHT="41" WIDTH="241" VPOS="3284" HPOS="1616"/>
<SP HEIGHT="40" WIDTH="34" VPOS="3286" HPOS="1858"/>
<String CONTENT="Smith" HEIGHT="41" WIDTH="157" VPOS="3286" HPOS="1893"/>
<SP HEIGHT="40" WIDTH="31" VPOS="3288" HPOS="2051"/>
<String CONTENT="&amp;" HEIGHT="39" WIDTH="36" VPOS="3289" HPOS="2083"/>
</TextLine>
<TextLine HEIGHT="49" WIDTH="818" VPOS="3342" HPOS="199" CS="1">
<String CONTENT="Robert" HEIGHT="39" WIDTH="180" VPOS="3346" HPOS="199"/>
<SP HEIGHT="39" WIDTH="21" VPOS="3346" HPOS="380"/>
<String CONTENT="Haas," HEIGHT="45" WIDTH="151" VPOS="3346" HPOS="402"/>
<SP HEIGHT="47" WIDTH="24" VPOS="3344" HPOS="554"/>
<String CONTENT="inc." HEIGHT="39" WIDTH="90" VPOS="3344" HPOS="579"/>
<SP/>
<String CONTENT="(35-20680)" HEIGHT="49" WIDTH="278" VPOS="3342" HPOS="739"/>
</TextLine>
<TextLine HEIGHT="68" WIDTH="1220" VPOS="3444" HPOS="136" STYLEREFS="StyleId-744135A8-AF37-404A-863E-E2607B86EA2B-">
<String CONTENT="California." HEIGHT="54" WIDTH="336" VPOS="3445" HPOS="136"/>
<SP HEIGHT="50" WIDTH="73" VPOS="3449" HPOS="473"/>
<String CONTENT="District" HEIGHT="52" WIDTH="242" VPOS="3448" HPOS="547"/>
<SP HEIGHT="45" WIDTH="33" VPOS="3455" HPOS="790"/>
<String CONTENT="courts" HEIGHT="47" WIDTH="183" VPOS="3452" HPOS="824"/>
<SP HEIGHT="35" WIDTH="32" VPOS="3464" HPOS="1008"/>
<String CONTENT="of" HEIGHT="66" WIDTH="63" VPOS="3446" HPOS="1041"/>
<SP HEIGHT="66" WIDTH="30" VPOS="3446" HPOS="1105"/>
<String CONTENT="appeal." HEIGHT="67" WIDTH="220" VPOS="3444" HPOS="1136"/>
</TextLine>
<TextLine HEIGHT="69" WIDTH="1913" VPOS="3521" HPOS="203" STYLEREFS="StyleId-4892B3DF-64B0-4165-A40B-B340A8556D0A-" CS="1">
<String CONTENT="Reports" HEIGHT="67" WIDTH="239" VPOS="3523" HPOS="203"/>
<SP HEIGHT="34" WIDTH="37" VPOS="3543" HPOS="443"/>
<String CONTENT="of" HEIGHT="52" WIDTH="62" VPOS="3524" HPOS="481"/>
<SP HEIGHT="51" WIDTH="35" VPOS="3524" HPOS="544"/>
<String CONTENT="cases" HEIGHT="35" WIDTH="148" VPOS="3542" HPOS="580"/>
<SP HEIGHT="53" WIDTH="35" VPOS="3524" HPOS="729"/>
<String CONTENT="determined" HEIGHT="52" WIDTH="349" VPOS="3523" HPOS="765"/>
<SP HEIGHT="52" WIDTH="41" VPOS="3523" HPOS="1115"/>
<String CS="1" CONTENT="&#8230;"/>
<SP HEIGHT="52" WIDTH="42" VPOS="3521" HPOS="1213"/>
<String CONTENT="from" HEIGHT="53" WIDTH="155" VPOS="3521" HPOS="1256"/>
<SP HEIGHT="54" WIDTH="35" VPOS="3523" HPOS="1412"/>
<String CONTENT="January" HEIGHT="65" WIDTH="261" VPOS="3523" HPOS="1448"/>
<SP HEIGHT="64" WIDTH="37" VPOS="3524" HPOS="1710"/>
<String CONTENT="19," HEIGHT="63" WIDTH="82" VPOS="3524" HPOS="1748"/>
<SP HEIGHT="62" WIDTH="39" VPOS="3525" HPOS="1831"/>
<String CONTENT="1935," HEIGHT="62" WIDTH="150" VPOS="3525" HPOS="1871"/>
<SP HEIGHT="60" WIDTH="35" VPOS="3527" HPOS="2022"/>
<String CONTENT="to" HEIGHT="46" WIDTH="58" VPOS="3527" HPOS="2058"/>
</TextLine>
<TextLine HEIGHT="70" WIDTH="1982" VPOS="3598" HPOS="135" STYLEREFS="StyleId-4892B3DF-64B0-4165-A40B-B340A8556D0A-">
<String CONTENT="February" HEIGHT="68" WIDTH="290" VPOS="3599" HPOS="135"/>
<SP HEIGHT="62" WIDTH="35" VPOS="3605" HPOS="426"/>
<String CONTENT="26," HEIGHT="61" WIDTH="84" VPOS="3605" HPOS="462"/>
<SP HEIGHT="60" WIDTH="38" VPOS="3606" HPOS="547"/>
<String CONTENT="1935." HEIGHT="49" WIDTH="148" VPOS="3605" HPOS="586"/>
<SP HEIGHT="51" WIDTH="74" VPOS="3603" HPOS="735"/>
<String CONTENT="Randolph" HEIGHT="67" WIDTH="308" VPOS="3601" HPOS="810"/>
<SP HEIGHT="51" WIDTH="37" VPOS="3602" HPOS="1119"/>
<String CONTENT="Y." HEIGHT="51" WIDTH="70" VPOS="3602" HPOS="1157"/>
<SP HEIGHT="52" WIDTH="36" VPOS="3602" HPOS="1228"/>
<String CONTENT="Whiting," HEIGHT="68" WIDTH="285" VPOS="3598" HPOS="1265"/>
<SP HEIGHT="46" WIDTH="37" VPOS="3618" HPOS="1551"/>
<String CONTENT="reporter;" HEIGHT="64" WIDTH="283" VPOS="3602" HPOS="1589"/>
<SP HEIGHT="64" WIDTH="39" VPOS="3600" HPOS="1873"/>
<String CONTENT="Henry" HEIGHT="66" WIDTH="204" VPOS="3600" HPOS="1913"/>
</TextLine>
<TextLine HEIGHT="69" WIDTH="1982" VPOS="3677" HPOS="135" STYLEREFS="StyleId-4892B3DF-64B0-4165-A40B-B340A8556D0A-">
<String CONTENT="F." HEIGHT="52" WIDTH="61" VPOS="3677" HPOS="135"/>
<SP HEIGHT="53" WIDTH="21" VPOS="3680" HPOS="197"/>
<String CONTENT="Wrigley," HEIGHT="67" WIDTH="275" VPOS="3679" HPOS="219"/>
<SP HEIGHT="64" WIDTH="18" VPOS="3681" HPOS="495"/>
<String CONTENT="William" HEIGHT="53" WIDTH="260" VPOS="3679" HPOS="514"/>
<SP HEIGHT="50" WIDTH="21" VPOS="3681" HPOS="775"/>
<String CONTENT="F." HEIGHT="50" WIDTH="63" VPOS="3681" HPOS="797"/>
<SP HEIGHT="49" WIDTH="23" VPOS="3682" HPOS="861"/>
<String CONTENT="Traverso," HEIGHT="61" WIDTH="296" VPOS="3682" HPOS="885"/>
<SP HEIGHT="63" WIDTH="18" VPOS="3680" HPOS="1182"/>
<String CONTENT="Wm." HEIGHT="52" WIDTH="148" VPOS="3680" HPOS="1201"/>
<SP HEIGHT="51" WIDTH="24" VPOS="3679" HPOS="1350"/>
<String CONTENT="Nankervis," HEIGHT="66" WIDTH="337" VPOS="3677" HPOS="1375"/>
<SP HEIGHT="67" WIDTH="21" VPOS="3677" HPOS="1713"/>
<String CONTENT="jr.," HEIGHT="67" WIDTH="89" VPOS="3677" HPOS="1735"/>
<SP HEIGHT="48" WIDTH="24" VPOS="3695" HPOS="1825"/>
<String CONTENT="assistant" HEIGHT="53" WIDTH="267" VPOS="3677" HPOS="1850"/>
</TextLine>
<TextLine HEIGHT="71" WIDTH="1982" VPOS="3753" HPOS="135" STYLEREFS="StyleId-4892B3DF-64B0-4165-A40B-B340A8556D0A-">
<String CONTENT="reporters," HEIGHT="62" WIDTH="293" VPOS="3760" HPOS="135"/>
<SP HEIGHT="33" WIDTH="69" VPOS="3777" HPOS="429"/>
<String CONTENT="volume" HEIGHT="53" WIDTH="221" VPOS="3756" HPOS="499"/>
<SP HEIGHT="48" WIDTH="33" VPOS="3760" HPOS="721"/>
<String CONTENT="4" HEIGHT="48" WIDTH="32" VPOS="3760" HPOS="755"/>
<SP HEIGHT="67" WIDTH="30" VPOS="3757" HPOS="788"/>
<String CONTENT="(2d)" HEIGHT="67" WIDTH="125" VPOS="3757" HPOS="819"/>
<SP HEIGHT="67" WIDTH="82" VPOS="3756" HPOS="945"/>
<String CONTENT="San" HEIGHT="55" WIDTH="116" VPOS="3756" HPOS="1028"/>
<SP HEIGHT="50" WIDTH="33" VPOS="3758" HPOS="1145"/>
<String CONTENT="Francisco," HEIGHT="67" WIDTH="320" VPOS="3754" HPOS="1179"/>
<SP HEIGHT="64" WIDTH="33" VPOS="3757" HPOS="1500"/>
<String CONTENT="Bancroft-Whitney" HEIGHT="69" WIDTH="583" VPOS="3753" HPOS="1534"/>
</TextLine>
<TextLine HEIGHT="63" WIDTH="467" VPOS="3837" HPOS="136" STYLEREFS="StyleId-4892B3DF-64B0-4165-A40B-B340A8556D0A-">
<String CONTENT="company," HEIGHT="51" WIDTH="290" VPOS="3849" HPOS="136"/>
<SP HEIGHT="56" WIDTH="28" VPOS="3838" HPOS="427"/>
<String CONTENT="1935." HEIGHT="49" WIDTH="147" VPOS="3837" HPOS="456"/>
</TextLine>
<TextLine HEIGHT="49" WIDTH="546" VPOS="3905" HPOS="199" STYLEREFS="StyleId-4892B3DF-64B0-4165-A40B-B340A8556D0A-" CS="1">
<String CONTENT="xxxvi." HEIGHT="40" WIDTH="161" VPOS="3905" HPOS="199"/>
<SP HEIGHT="40" WIDTH="26" VPOS="3905" HPOS="361"/>
<String CONTENT="918" HEIGHT="41" WIDTH="88" VPOS="3905" HPOS="388"/>
<SP HEIGHT="48" WIDTH="23" VPOS="3906" HPOS="477"/>
<String CONTENT="p." HEIGHT="37" WIDTH="42" VPOS="3917" HPOS="501"/>
<SP HEIGHT="40" WIDTH="55" VPOS="3906" HPOS="544"/>
<String CS="1" CONTENT="22&#189;" HEIGHT="39" WIDTH="54" VPOS="3905" HPOS="600"/>
<String STYLE="superscript" CONTENT="cm" HEIGHT="20" WIDTH="44" VPOS="3909" HPOS="687"/>
<String CONTENT="." HEIGHT="7" WIDTH="8" VPOS="3938" HPOS="737"/>
</TextLine>
<TextLine HEIGHT="55" WIDTH="1169" VPOS="3969" HPOS="136" CS="1">
<String CONTENT="&#169;" HEIGHT="53" WIDTH="50" VPOS="3969" HPOS="136"/>
<SP HEIGHT="53" WIDTH="25" VPOS="3969" HPOS="187"/>
<String CONTENT="Oct." HEIGHT="41" WIDTH="99" VPOS="3975" HPOS="213"/>
<SP HEIGHT="39" WIDTH="25" VPOS="3977" HPOS="313"/>
<String CONTENT="4," HEIGHT="47" WIDTH="40" VPOS="3977" HPOS="339"/>
<SP HEIGHT="46" WIDTH="26" VPOS="3978" HPOS="380"/>
<String CS="1" CONTENT="1935;" HEIGHT="41" WIDTH="116" VPOS="3976" HPOS="407"/>
<SP HEIGHT="47" WIDTH="28" VPOS="3977" HPOS="546"/>
<String CONTENT="2c." HEIGHT="40" WIDTH="65" VPOS="3977" HPOS="575"/>
<SP HEIGHT="40" WIDTH="28" VPOS="3977" HPOS="641"/>
<String CONTENT="Oct." HEIGHT="41" WIDTH="101" VPOS="3977" HPOS="670"/>
<SP HEIGHT="39" WIDTH="26" VPOS="3977" HPOS="772"/>
<String CS="1" CONTENT="14;" HEIGHT="38" WIDTH="56" VPOS="3977" HPOS="799"/>
<SP HEIGHT="36" WIDTH="30" VPOS="3987" HPOS="880"/>
<String CONTENT="aff." HEIGHT="40" WIDTH="81" VPOS="3976" HPOS="911"/>
<SP HEIGHT="41" WIDTH="28" VPOS="3976" HPOS="993"/>
<String CONTENT="Oct." HEIGHT="41" WIDTH="101" VPOS="3976" HPOS="1022"/>
<SP HEIGHT="41" WIDTH="27" VPOS="3975" HPOS="1124"/>
<String CS="1" CONTENT="26;" HEIGHT="40" WIDTH="58" VPOS="3975" HPOS="1152"/>
<SP HEIGHT="41" WIDTH="29" VPOS="3976" HPOS="1234"/>
<!-- cceid 94E6FE73-6D82-1014-B070-FDFD250A9EDA --><String CONTENT="A" HEIGHT="38" WIDTH="41" VPOS="3976" HPOS="1264"/>
</TextLine>
<TextLine HEIGHT="50" WIDTH="781" VPOS="3972" HPOS="1332" CS="1">
<String CS="1" CONTENT="87987;" HEIGHT="42" WIDTH="145" VPOS="3974" HPOS="1332"/>
<SP HEIGHT="46" WIDTH="30" VPOS="3976" HPOS="1501"/>
<String CONTENT="Bancroft-Whitney" HEIGHT="49" WIDTH="487" VPOS="3972" HPOS="1532"/>
<SP HEIGHT="36" WIDTH="25" VPOS="3985" HPOS="2020"/>
<String CONTENT="co." HEIGHT="31" WIDTH="67" VPOS="3983" HPOS="2046"/>
</TextLine>
</TextBlock>
</PrintSpace>
</Page>
</Layout>
</alto>