2424 4375
1043 3953 133 50 1633

110 379 262 63 Heffner,
400 378 232 52 Hubert
661 377 61 54 C.

175 454 241 52 Modern
448 452 218 52 theatre
699 450 263 69 practice,
997 469 31 33 a
1063 448 306 54 handbook
1403 447 94 53 for
1528 445 567 70 non-professionals,

110 524 1984 73 by Hubert C. Heffner … Samuel Seiden … and Hunton D.
112 601 1522 70 Sellman … New York, F. S. Crofts & co., 1935.
180 679 134 46 xviii,
339 679 87 40 378
447 689 43 37 p.
551 678 128 40 illus.
708 677 131 48 (incl.
867 677 163 47 plans)
1064 677 170 46 plates,
1262 676 179 46 diagrs.
1500 674 147 41 23½cm.

184 734 246 42 “Selected
471 733 378 48 bibliographies
890 734 95 39 and
1030 732 109 41 lists
1179 732 52 40 of
1274 731 190 41 dealers
1506 733 94 38 and
1644 728 423 43 manufacturers”;

112 802 42 37 p.
181 790 215 42 358-372.

112 860 53 51 ©
194 864 117 39 Nov.
339 863 39 46 8,
409 862 139 46 1935;
580 861 66 41 2c.
678 863 117 39 Nov.
826 862 80 45 15;
940 861 80 40 aff.
1051 861 117 39 Nov.
1200 861 81 45 13;
1315 861 41 38 A
1386 860 142 41 89386;
1591 861 50 40 F.
1676 861 44 40 S.
1753 860 167 41 Crofts
1951 860 36 40 &
2017 871 82 36 co.,

177 920 87 40 inc.
340 919 280 49 (35-28760)

110 1036 401 65 Hungerford,
544 1036 271 64 Edward,
849 1038 170 51 1875-

111 1111 1992 148 Pathway of empire, by Edward Hungerford; with an introduction by Dixon Ryan Fox … New York, R. M. McBride &
108 1287 280 50 company
423 1273 191 63 [c1935]

247 1374 9 17 xv,
287 1343 84 40 325
401 1354 42 37 p.
505 1344 164 47 front.,
700 1344 172 47 plates.
928 1341 147 42 22½cm.

183 1401 68 39 “A
275 1401 188 48 picture
490 1400 51 39 of
566 1401 118 40 New
709 1400 131 40 York
866 1403 127 38 state
1021 1400 50 39 of
1096 1401 161 47 today,
1285 1399 121 42 with
1433 1410 55 30 as
1515 1400 141 40 much
1682 1399 253 41 historical
112 1401 1972 104 background
325 1468 54 29 as
404 1458 42 39 is
471 1457 232 40 essential
730 1460 48 38 to
806 1468 27 29 a
860 1456 221 49 painting
1108 1457 52 40 of
1185 1457 83 40 the
1291 1455 230 49 picture.”

184 1514 160 41 “First
372 1513 225 41 edition.”

185 1571 235 41 “Errata”
447 1570 93 49 slip
564 1571 229 40 mounted
819 1580 59 31 on
903 1582 44 37 p.
974 1569 80 41 vii.

115 1639 52 51 ©
199 1642 101 40 Oct.
330 1642 69 46 31,
429 1641 116 40 1935;
601 1641 67 39 2c.
699 1642 110 38 Dec.
841 1640 26 39 9;
927 1640 80 39 aff.
1039 1641 112 38 Dec.
1183 1641 25 38 7;
1267 1641 41 37 A
1340 1640 141 39 88573;
1544 1641 53 38 E.
1629 1641 329 47 Hungerford,
1989 1642 116 38 New

182 1699 143 40 York.
396 1697 280 49 (35-27410)

114 1818 174 62 Kent,
321 1816 307 62 Rockwell,
663 1819 170 50 1882-

184 1893 310 66 Salamina,
516 1893 75 68 by
612 1891 288 55 Rockwell
921 1892 153 52 Kent;
1129 1891 324 54 illustrated
1475 1891 76 68 by
1573 1893 93 52 the
1689 1893 222 52 author.
1968 1894 135 52 New

114 1971 177 67 York,
318 1972 309 65 Harcourt,
655 1972 179 51 Brace
863 1971 113 52 and
1001 1987 296 50 company,
1326 1973 150 50 1935.

184 2049 1919 50 3 p. l., ix-xix, 336 p., 1 l. front., illus., plates, ports., double map.
114 2108 115 40 22cm.

185 2172 41 37 A
251 2171 166 39 record
443 2169 53 41 of
520 2170 81 39 the
628 2168 218 41 author’s
872 2169 271 41 Greenland
1168 2169 101 41 life.

186 2233 162 40 “First
375 2231 224 42 edition.”

119 2301 52 52 ©
200 2304 101 40 Oct.
330 2305 69 45 24,
425 2303 113 41 1935;
596 2303 66 41 2c.
693 2305 95 38 and
817 2303 81 40 aff.
927 2303 100 40 Oct.
1057 2303 58 40 30;
1169 2304 42 38 A
1239 2302 142 41 89018;
1442 2304 53 39 R.
1526 2304 144 49 Kent,
1699 2306 210 38 Ausable
1940 2306 166 47 Forks,

185 2362 55 39 N.
270 2362 50 38 Y.
393 2360 279 49 (35-27449)

117 2478 168 65 Kirk,
309 2479 155 53 John
491 2479 243 63 George.

188 2556 407 67 Bookkeeping
624 2555 94 52 for
747 2555 323 53 immediate
1098 2574 111 34 use.
1284 2557 237 52 Manual
1553 2556 110 52 and
1693 2556 125 68 key,
1847 2557 75 67 by
1952 2557 155 54 John

120 2636 66 54 G.
213 2634 169 66 Kirk,
405 2636 193 53 James
621 2635 63 51 L.
713 2634 185 55 Street
923 2634 112 51 and
1059 2633 260 54 William
1342 2636 67 50 R.
1437 2634 184 55 Odell.
1683 2634 424 68 Philadelphia,

119 2715 119 51 The
263 2714 157 52 John
447 2714 59 52 C.
533 2712 266 53 Winston
825 2730 276 47 company
1133 2715 192 62 [c1934]

190 2792 61 46 iv,
282 2791 86 40 289
398 2801 41 37 p.
500 2790 175 47 diagrs.
737 2789 116 40 22cm.

123 2858 52 52 ©
199 2862 117 39 Nov.
345 2859 69 48 28,
443 2860 113 40 1934;
614 2859 67 40 2c.
710 2859 96 40 and
835 2858 80 41 aff.
942 2859 112 39 Dec.
1084 2860 54 39 17;
1197 2859 40 38 A
1267 2858 141 41 78601;
1469 2860 128 38 John
1627 2860 50 40 C.
1707 2860 223 39 Winston
1961 2870 66 29 co.

121 2978 372 63 Kugelmass,
523 2980 168 52 Isaac
717 2977 268 61 Newton,
1017 2980 170 50 1896-

189 3053 1917 71 Growing superior children, by I. Newton Kugelmass … New
123 3132 177 69 York,
339 3134 256 66 London,
633 3133 71 54 D.
742 3131 577 68 Appleton-Century
1357 3148 295 50 company,
1691 3131 417 68 incorporated,

123 3216 148 50 1935.

193 3289 95 48 xvi,
320 3289 85 41 568
434 3299 40 37 p.
534 3288 162 47 front.,
724 3288 130 40 illus.
881 3286 132 48 (incl.
1042 3287 136 47 map)
1213 3286 169 48 plates,
1413 3286 179 47 diagrs.
1652 3284 116 41 21cm.

125 3357 52 52 ©
210 3361 102 40 Oct.
344 3361 67 38 11.
444 3358 139 46 1935;
618 3359 66 39 2c.
717 3360 96 37 and
847 3358 81 39 aff.
963 3357 101 40 Oct.
1098 3357 81 46 16;
1215 3357 41 38 A
1289 3356 168 46 87705;
1497 3357 36 38 I.
1567 3355 55 39 N.
1654 3355 304 47 Kugelmass,
1992 3355 118 39 New

191 3418 142 39 York.
403 3415 279 48 (35-27445)

122 3534 261 63 Landau,
409 3535 166 54 Rom.

192 3610 379 66 Paderewski,
615 3609 73 68 by
731 3611 145 51 Rom
919 3609 255 51 Landau.
1249 3607 257 54 London,
1549 3607 48 51 I.
1642 3606 309 52 Nicholson
1996 3604 113 52 and

123 3691 254 62 Watson,
403 3689 121 52 ltd.,
554 3691 146 49 1934.

248 3780 41 27 1 v.
127 3828 1981 57 © 1c. Feb. 3, 1934; A ad int. 18647; pubd. Jan. 26; Thomas Y. Crowell
196 3904 80 36 co.,
304 3893 112 38 New
445 3891 143 39 York.
