2424 4375
1016 3883 99 48 825

84 382 303 55 American
418 401 213 36 women;
692 384 96 53 the
815 381 199 57 official
1041 383 172 54 who’s
1242 383 126 54 who
1395 401 208 50 among
1628 384 97 53 the
1751 400 216 37 women
1996 382 62 52 of

150 463 93 52 the
275 462 215 54 nation.
586 479 51 37 [v.
675 467 47 62 1]
801 465 254 63 1935/36.
1126 464 111 51 Los
1273 463 266 66 Angeles,
1575 461 194 67 Calif.,
1805 460 254 54 Richard

146 540 187 53 Blank
364 539 334 68 publishing
727 558 276 49 company
1063 543 150 62 [1935]

145 611 149 47 lxviii,
322 612 83 39 665
430 622 42 37 p.
531 610 54 42 23c
606 614 26 20 m
636 643 7 8 .
702 611 225 41 biennial.

77 670 190 40 Editor:
301 668 215 48 1935/36,
549 670 242 39 Durward
824 669 189 40 Howes.

80 723 49 53 ©
157 727 126 39 June
303 726 69 46 20,
400 724 139 48 1935;
568 725 66 40 2c.
664 727 95 38 and
787 725 82 40 aff.
896 726 128 39 June
1047 725 83 47 24;
1159 725 41 39 A
1226 724 169 46 84407;
1428 723 214 41 Richard
1670 724 161 39 Blank
1858 723 108 48 pub.
1993 733 67 30 co·.

154 782 246 49 (35-9037)

82 872 890 65 Barr è s, Maurice, 1862-1923.
207 950 1852 66 … Mes cahiers, t. 8. Novembre 1909-février 1911. Paris,
82 1029 141 53 Plon
254 1031 171 64 [1934]

143 1100 726 50 3 p. l., vii, 336 p., 2 l. 19 cm .
77 1154 1968 54 © Sept. 21, 1934; 1c. June 12, 1935; A- Foreign 28207; Librairie Plon.
81 1278 254 64 Barrett,
362 1278 151 53 Fred
537 1279 87 54 W.

147 1355 172 52 From
359 1373 31 33 a
426 1355 186 67 diary,
650 1355 75 68 by
763 1356 63 51 F.
866 1356 88 53 W.
997 1357 247 50 Barrett.
1324 1352 371 70 Springfield,
1736 1353 87 68 O.,
1861 1356 64 50 F.
1967 1356 89 52 W.

82 1436 226 51 Barrett
339 1467 13 33 [
357 1440 18 21 c
381 1436 150 63 1934]

143 1505 1359 50 1 p. l., 5-103 p. 1 illus, ports. (incl. front) 20cm.
79 1559 49 53 ©
154 1564 124 47 Sept.
303 1564 39 40 4,
370 1562 111 40 1934;
535 1563 66 39 2c.
631 1563 126 48 Sept.
787 1563 55 38 12;
895 1562 82 41 aff.
1007 1562 125 48 Sept.
1160 1563 29 40 8;
1241 1563 41 38 A
1309 1562 146 41 74888;
1508 1562 49 39 F.
1586 1562 71 39 W.
1684 1562 211 40 Barrett

155 1619 276 48 (34-30861)

78 1691 268 65 Bennett,
373 1694 259 54 Wendell
661 1692 192 68 Clark,
145 1699 869 124 1905-The
302 1769 408 69 Tarahumara,
749 1789 72 35 an
857 1768 211 54 Indian
1106 1768 147 54 tribe
1293 1767 65 54 of
1395 1768 273 54 northern
1706 1767 241 69 Mexico,
1986 1768 72 68 by

79 1846 254 55 Wendell
364 1846 61 56 C.
458 1847 245 54 Bennett
734 1847 112 52 and
873 1846 213 53 Robert
1112 1846 80 53 M.
1225 1844 198 70 Zingg.
1499 1844 268 70 Chicago,
1796 1844 112 70 Ill.,
1938 1845 121 53 The

81 1923 326 70 University
437 1924 65 54 of
531 1925 249 67 Chicago
808 1942 155 51 press
1018 1926 152 66 [1935]

145 1995 97 47 xix,
275 1994 86 40 412
392 2006 41 37 p.
495 1996 141 48 illus.,
669 1996 118 41 fold,
823 1993 110 51 tab.,
969 1996 178 48 diagrs.
1207 1995 54 40 21
1264 1997 45 22 cm
1314 2027 8 8 .
1393 1995 299 50 (Half-title:
1724 1997 103 41 The
80 1996 1960 103 University

198 2052 54 40 of
280 2052 207 48 Chicago
515 2053 322 47 publications
866 2054 49 38 in
945 2052 363 50 anthropology.
1369 2053 337 49 Ethnological
1736 2055 174 46 series)

148 2109 115 39 Part
293 2108 51 40 of
371 2109 83 40 the
481 2110 325 39 illustrations
835 2109 257 41 numbered
1127 2120 53 29 as
1208 2110 170 48 plates.

147 2165 370 48 Bibliography:
555 2176 44 38 p.
637 2164 245 51 [395]-401.

79 2220 1980 54 © June 25, 1935; 2c. and aff. .June 28; A 84440; University of Chicago,
142 2282 218 49 Chicago.
435 2281 249 49 (35-9033)

80 2355 255 67 Blachly,
368 2357 312 54 Frederick
713 2358 215 64 Frank,
142 2363 953 127 1880-Administrative
642 2436 324 68 legislation
990 2435 111 53 and
1129 2434 410 69 adjudication,
1559 2436 76 67 by
1659 2436 308 53 Frederick
1991 2438 65 52 F.

82 2514 235 67 Blachly
362 2514 111 52 and
517 2513 235 53 Miriam
797 2515 65 51 E.
909 2513 264 55 Oatman.
1250 2513 402 68 Washington,
1696 2516 68 51 D.
1813 2515 82 65 C.,
1938 2516 119 50 The

83 2592 313 67 Brookings
426 2591 344 66 institution,
803 2595 146 49 1934.

142 2675 74 36 xv,
243 2664 87 41 296
356 2676 41 36 p.
454 2665 55 38 21½cm.
667 2663 296 49 (Half-title:
991 2665 100 38 The
1122 2663 236 41 Institute
1384 2664 82 40 for
1495 2667 310 45 government
1836 2668 224 38 research

80 2721 48 38 of
152 2723 78 38 the
253 2721 269 47 Brookings
546 2721 294 42 institution.
897 2719 193 41 Studies
1115 2721 48 37 in
1190 2720 396 40 administration
1610 2730 73 29 no.
1709 2720 81 47 29)

78 2772 49 53 ©
152 2777 99 41 Oct.
276 2777 69 47 26,
372 2776 139 47 1934;
540 2777 67 40 2c.
633 2778 96 39 and
755 2776 80 41 aff.
865 2777 117 39 Nov.
1010 2776 81 47 12;
1120 2776 42 40 A
1186 2776 170 47 78053;
1386 2776 271 49 Brookings
1683 2776 294 42 institution.

158 2834 276 47 (34-41983)

78 2906 192 67 Black,
295 2909 233 53 Russell
553 2909 127 53 Van
706 2909 170 64 Nest,
147 2913 891 139 1893-Building
471 2984 142 53 lines
664 2985 110 53 and
824 2981 371 56 reservations
1244 2983 92 52 for
1388 2983 194 54 future
1632 2990 224 61 streets;
1912 2985 147 54 their

82 3061 413 55 establishment
549 3060 110 53 and
710 3059 332 69 protection,
1090 3060 74 69 by
1214 3060 224 54 Russell
1489 3060 127 54 Van
1669 3061 137 54 Nest
1862 3061 197 70 Black,

84 3138 224 53 assisted
350 3138 74 69 by
466 3139 169 66 Mary
676 3138 229 72 Hedges
946 3137 195 53 Black.
1218 3137 359 69 Cambridge,
1619 3139 272 53 Harvard
82 3141 1949 143 university
316 3234 172 49 press,
520 3217 151 51 1935.

151 3285 1905 52 ix, [1] p., 2 l., 3-243 p. front., illus. (maps) plates, diagrs. 25 cm .
92 3340 293 51 (Half-title:
414 3344 228 39 Harvard
674 3344 98 46 city
805 3343 231 48 planning
1066 3344 199 39 studies,
1424 3345 14 43 VIII)

148 3398 342 49 Bibliography;
553 3410 42 36 p.
629 3398 215 42 170-176.

81 3452 51 53 ©
155 3459 110 48 May
290 3460 68 45 15,
382 3458 113 41 1935;
551 3459 66 40 2c.
643 3460 94 38 and
763 3458 80 39 aff.
872 3460 114 45 May
1012 3458 55 39 20;
1121 3459 41 38 A
1187 3458 168 45 83198;
1386 3459 167 47 Henry
1579 3460 203 40 Vincent
1810 3462 248 42 Hubbard,

148 3514 259 48 chairman,
444 3516 228 39 Harvard
709 3513 128 41 univ.
872 3516 164 39 school
1074 3515 54 39 of
1160 3514 99 48 city
1296 3514 244 49 planning,
1576 3517 300 47 Cambridge,
1914 3520 144 39 Mass.

156 3572 245 47 (35-9029)

85 3647 307 66 Campbell,
420 3648 304 64 Reginald.

150 3725 210 68 Jungle
390 3727 335 52 adventures
755 3724 62 53 of
848 3744 30 33 a
909 3723 381 55 teak-wallah.
1357 3724 120 53 The
1505 3725 179 54 battle
1713 3728 62 51 of
1803 3730 95 51 the
85 3730 1948 126 buffaloes.
