<alto xmlns="http://www.loc.gov/standards/alto/ns-v3#" xmlns:xlink="http://www.w3.org/1999/xlink" xmlns:xsi="http://www.w3.org/2001/XMLSchema-instance" xsi:schemaLocation="http://www.loc.gov/standards/alto/ns-v3# http://www.loc.gov/alto/v3/alto-3-0.xsd"><Description>
<MeasurementUnit>pixel</MeasurementUnit>
<sourceImageInformation>
<fileName>1935_v32_Part1.pdf</fileName>
</sourceImageInformation>
<OCRProcessing ID="IdOcr">
<ocrProcessingStep>
<processingDateTime>2019-01-15</processingDateTime>
<processingSoftware>
<softwareCreator>ABBYY</softwareCreator>
<softwareName>ABBYY Recognition Server</softwareName>
<softwareVersion>4.0</softwareVersion>
</processingSoftware>
</ocrProcessingStep>
</OCRProcessing>
</Description>
<Styles>
<ParagraphStyle ID="StyleId-FFFFFFFF-FFFF-FFFF-FFFF-FFFFFFFFFFFF-" ALIGN="Left" LEFT="0." RIGHT="0." FIRSTLINE="0."/>
<ParagraphStyle ID="StyleId-09A13A44-4F77-4ABE-84F3-84CC8B3C72CE-" ALIGN="Left" LEFT="0." RIGHT="0." FIRSTLINE="0." LINESPACE="7.699999809"/>
<ParagraphStyle ID="StyleId-1F945060-F8CD-4435-B69A-5FF49DB0C586-" ALIGN="Left" LEFT="0." RIGHT="0." FIRSTLINE="-10." LINESPACE="12.19999981"/>
<ParagraphStyle ID="StyleId-C6CAE747-F5A4-4D0D-8D74-D452DA7E2C1C-" ALIGN="Block" LEFT="0." RIGHT="0." FIRSTLINE="-14." LINESPACE="8.350000381"/>
<ParagraphStyle ID="StyleId-FC0F3374-189A-459E-BE29-2DC14180F022-" ALIGN="Left" LEFT="0." RIGHT="0." FIRSTLINE="0."/>
<ParagraphStyle ID="StyleId-49397C49-A894-4B3E-BA5E-1126226BA375-" ALIGN="Left" LEFT="0." RIGHT="0." FIRSTLINE="-12." LINESPACE="11.09000015"/>
<ParagraphStyle ID="StyleId-9E34DD3A-E661-48BD-A3A1-6A3D48346F00-" ALIGN="Block" LEFT="0." RIGHT="0." FIRSTLINE="-14." LINESPACE="11.09000015"/>
<ParagraphStyle ID="StyleId-56CE54AA-A08B-4BAA-8605-F26020A0E36E-" ALIGN="Left" LEFT="0." RIGHT="0." FIRSTLINE="0." LINESPACE="9.399999619"/>
<ParagraphStyle ID="StyleId-77814FFC-C42F-4AA9-9880-EF33B947DEC8-" ALIGN="Left" LEFT="0." RIGHT="0." FIRSTLINE="-11." LINESPACE="11.06999969"/>
<ParagraphStyle ID="StyleId-FDE92EC0-67DC-4C7B-8A24-094B12C38B6C-" ALIGN="Center" LEFT="0." RIGHT="0." FIRSTLINE="0." LINESPACE="11.30000019"/>
<ParagraphStyle ID="StyleId-65180E3B-4C93-4FB8-81EE-E026DD63DBF3-" ALIGN="Left" LEFT="0." RIGHT="0." FIRSTLINE="0." LINESPACE="11.10000038"/>
<ParagraphStyle ID="StyleId-10E885C2-5813-4620-B0AA-0FBA30CF7A32-" ALIGN="Left" LEFT="0." RIGHT="0." FIRSTLINE="0." LINESPACE="9.5"/>
<ParagraphStyle ID="StyleId-913C2DB5-9F02-4067-BAF7-0AED37B60BBE-" ALIGN="Left" LEFT="0." RIGHT="0." FIRSTLINE="0." LINESPACE="6.099999905"/>
<ParagraphStyle ID="StyleId-9C79A9D2-8F08-4A8F-985D-B00E253ED1E5-" ALIGN="Left" LEFT="0." RIGHT="0." FIRSTLINE="0." LINESPACE="4.400000095"/>
<ParagraphStyle ID="StyleId-A41F0407-FEFE-4738-9EC5-E05AFFF62781-" ALIGN="Left" LEFT="0." RIGHT="0." FIRSTLINE="0." LINESPACE="7.300000191"/>
<ParagraphStyle ID="StyleId-61D37176-94E8-408D-9B87-01C406CE8AB2-" ALIGN="Left" LEFT="0." RIGHT="0." FIRSTLINE="0." LINESPACE="8.050000191"/>
</Styles>
<Layout>
<Page ID="Page410" PHYSICAL_IMG_NR="410" HEIGHT="4375" WIDTH="2424">
<TopMargin HEIGHT="414" WIDTH="2424" VPOS="0" HPOS="0">
</TopMargin>
<LeftMargin HEIGHT="3566" WIDTH="75" VPOS="414" HPOS="0">
</LeftMargin>
<RightMargin HEIGHT="3566" WIDTH="142" VPOS="414" HPOS="2282">
</RightMargin>
<BottomMargin HEIGHT="395" WIDTH="2424" VPOS="3980" HPOS="0">
<TextBlock ID="Page410_Block1" HEIGHT="70" WIDTH="120" VPOS="4018" HPOS="1176" LANG="en-US" STYLEREFS="StyleId-57D93307-B73C-4909-BDC3-AD9DD3272876-">
<TextLine HEIGHT="49" WIDTH="100" VPOS="4028" HPOS="1186">
<String CONTENT="410" HEIGHT="49" WIDTH="100" VPOS="4028" HPOS="1186"/>
</TextLine>
</TextBlock>
<GraphicalElement ID="Page410_Block2" HEIGHT="306" WIDTH="16" VPOS="3980" HPOS="2408"/>
</BottomMargin>
<PrintSpace HEIGHT="3566" WIDTH="2207" VPOS="414" HPOS="75">
<TextBlock ID="Page410_Block3" HEIGHT="3566" WIDTH="2026" VPOS="414" HPOS="230" LANG="en-US" CS="1" STYLEREFS="StyleId-AE675C6E-A0BF-4E50-BE55-E904879D94F2-">
<TextLine HEIGHT="49" WIDTH="705" VPOS="497" HPOS="322" CS="1">
<String CONTENT="5" HEIGHT="40" WIDTH="26" VPOS="498" HPOS="322"/>
<SP HEIGHT="48" WIDTH="24" VPOS="498" HPOS="349"/>
<String CONTENT="p." HEIGHT="38" WIDTH="43" VPOS="508" HPOS="374"/>
<SP HEIGHT="41" WIDTH="28" VPOS="499" HPOS="418"/>
<String CS="1" CONTENT="l.," HEIGHT="16" WIDTH="22" VPOS="529" HPOS="464"/>
<SP HEIGHT="46" WIDTH="25" VPOS="499" HPOS="487"/>
<String CONTENT="9-154" HEIGHT="41" WIDTH="145" VPOS="498" HPOS="513"/>
<SP HEIGHT="48" WIDTH="24" VPOS="498" HPOS="659"/>
<String CS="1" CONTENT="p.,"/>
<SP/>
<String CS="1" CONTENT="1"/>
<SP/>
<String CS="1" CONTENT="l."/>
<SP HEIGHT="39" WIDTH="56" VPOS="497" HPOS="854"/>
<String CONTENT="21" HEIGHT="39" WIDTH="51" VPOS="497" HPOS="911"/>
<String STYLE="superscript" CONTENT="cm" HEIGHT="22" WIDTH="43" VPOS="499" HPOS="971"/>
<String CONTENT="." HEIGHT="8" WIDTH="8" VPOS="530" HPOS="1019"/>
</TextLine>
<TextLine HEIGHT="53" WIDTH="1992" VPOS="552" HPOS="251">
<String CONTENT="&#169;" HEIGHT="53" WIDTH="53" VPOS="552" HPOS="251"/>
<SP HEIGHT="53" WIDTH="25" VPOS="552" HPOS="305"/>
<String CONTENT="Mar." HEIGHT="38" WIDTH="120" VPOS="558" HPOS="331"/>
<SP HEIGHT="40" WIDTH="28" VPOS="556" HPOS="452"/>
<String CONTENT="21," HEIGHT="47" WIDTH="70" VPOS="556" HPOS="481"/>
<SP HEIGHT="46" WIDTH="28" VPOS="557" HPOS="552"/>
<String CONTENT="1935;" HEIGHT="48" WIDTH="139" VPOS="554" HPOS="581"/>
<SP HEIGHT="47" WIDTH="29" VPOS="555" HPOS="721"/>
<String CONTENT="2c." HEIGHT="40" WIDTH="67" VPOS="555" HPOS="751"/>
<SP HEIGHT="29" WIDTH="27" VPOS="566" HPOS="819"/>
<String CONTENT="and" HEIGHT="40" WIDTH="96" VPOS="555" HPOS="847"/>
<SP HEIGHT="40" WIDTH="24" VPOS="555" HPOS="944"/>
<String CONTENT="aff." HEIGHT="40" WIDTH="82" VPOS="554" HPOS="969"/>
<SP HEIGHT="39" WIDTH="29" VPOS="555" HPOS="1052"/>
<String CONTENT="Mar." HEIGHT="39" WIDTH="120" VPOS="555" HPOS="1082"/>
<SP HEIGHT="40" WIDTH="27" VPOS="553" HPOS="1203"/>
<String CONTENT="25;" HEIGHT="48" WIDTH="82" VPOS="553" HPOS="1231"/>
<SP HEIGHT="47" WIDTH="31" VPOS="554" HPOS="1314"/>
<!-- cceid 8954381A-6D82-1014-B070-FDFD250A9EDA --><String CONTENT="A" HEIGHT="39" WIDTH="40" VPOS="554" HPOS="1346"/>
<SP HEIGHT="40" WIDTH="26" VPOS="554" HPOS="1387"/>
<String CONTENT="82152;" HEIGHT="48" WIDTH="169" VPOS="553" HPOS="1414"/>
<SP HEIGHT="47" WIDTH="32" VPOS="554" HPOS="1584"/>
<String CONTENT="C." HEIGHT="41" WIDTH="46" VPOS="554" HPOS="1617"/>
<SP HEIGHT="40" WIDTH="29" VPOS="554" HPOS="1664"/>
<String CONTENT="J." HEIGHT="40" WIDTH="44" VPOS="554" HPOS="1694"/>
<SP HEIGHT="39" WIDTH="29" VPOS="554" HPOS="1739"/>
<String CONTENT="Arnold," HEIGHT="48" WIDTH="196" VPOS="554" HPOS="1769"/>
<SP HEIGHT="46" WIDTH="30" VPOS="556" HPOS="1966"/>
<String CONTENT="Mankato," HEIGHT="45" WIDTH="246" VPOS="555" HPOS="1997"/>
</TextLine>
<TextLine HEIGHT="50" WIDTH="470" VPOS="611" HPOS="320">
<String CONTENT="Minn." HEIGHT="41" WIDTH="147" VPOS="612" HPOS="320"/>
<SP HEIGHT="48" WIDTH="70" VPOS="613" HPOS="468"/>
<String CONTENT="(35-5049)" HEIGHT="50" WIDTH="251" VPOS="611" HPOS="539"/>
</TextLine>
<TextLine HEIGHT="67" WIDTH="911" VPOS="713" HPOS="248" STYLEREFS="StyleId-3B121DFB-6DD4-4B9C-A160-224F49E00A15-">
<String CONTENT="Balderston," HEIGHT="67" WIDTH="368" VPOS="713" HPOS="248"/>
<SP HEIGHT="63" WIDTH="29" VPOS="717" HPOS="617"/>
<String CONTENT="C." HEIGHT="54" WIDTH="60" VPOS="717" HPOS="647"/>
<SP HEIGHT="55" WIDTH="29" VPOS="716" HPOS="708"/>
<String CONTENT="Canby," HEIGHT="65" WIDTH="220" VPOS="714" HPOS="738"/>
<SP HEIGHT="58" WIDTH="29" VPOS="721" HPOS="959"/>
<String CONTENT="1897-" HEIGHT="52" WIDTH="170" VPOS="717" HPOS="989"/>
</TextLine>
<TextLine HEIGHT="72" WIDTH="1922" VPOS="787" HPOS="320" STYLEREFS="StyleId-013D2F4E-2FC6-426D-B10F-23882D6A41DF-">
<String CONTENT="Executive" HEIGHT="53" WIDTH="309" VPOS="791" HPOS="320"/>
<SP HEIGHT="50" WIDTH="37" VPOS="809" HPOS="630"/>
<String CONTENT="guidance" HEIGHT="69" WIDTH="280" VPOS="790" HPOS="668"/>
<SP HEIGHT="35" WIDTH="37" VPOS="808" HPOS="949"/>
<String CONTENT="of" HEIGHT="54" WIDTH="64" VPOS="789" HPOS="987"/>
<SP HEIGHT="52" WIDTH="35" VPOS="789" HPOS="1052"/>
<String CONTENT="industrial" HEIGHT="53" WIDTH="307" VPOS="789" HPOS="1088"/>
<SP HEIGHT="52" WIDTH="37" VPOS="790" HPOS="1396"/>
<String CONTENT="relations;" HEIGHT="70" WIDTH="299" VPOS="787" HPOS="1434"/>
<SP HEIGHT="50" WIDTH="42" VPOS="807" HPOS="1734"/>
<String CONTENT="an" HEIGHT="35" WIDTH="74" VPOS="807" HPOS="1777"/>
<SP HEIGHT="35" WIDTH="38" VPOS="807" HPOS="1852"/>
<String CONTENT="analysis" HEIGHT="70" WIDTH="249" VPOS="789" HPOS="1891"/>
<SP HEIGHT="35" WIDTH="36" VPOS="808" HPOS="2141"/>
<String CONTENT="of" HEIGHT="53" WIDTH="64" VPOS="790" HPOS="2178"/>
</TextLine>
<TextLine HEIGHT="71" WIDTH="1814" VPOS="866" HPOS="250" STYLEREFS="StyleId-013D2F4E-2FC6-426D-B10F-23882D6A41DF-" CS="1">
<String CONTENT="the" HEIGHT="52" WIDTH="94" VPOS="870" HPOS="250"/>
<SP HEIGHT="34" WIDTH="39" VPOS="888" HPOS="345"/>
<String CONTENT="experience" HEIGHT="69" WIDTH="327" VPOS="868" HPOS="385"/>
<SP HEIGHT="35" WIDTH="41" VPOS="886" HPOS="713"/>
<String CONTENT="of" HEIGHT="53" WIDTH="65" VPOS="868" HPOS="755"/>
<SP HEIGHT="52" WIDTH="39" VPOS="868" HPOS="821"/>
<String CONTENT="twenty-five" HEIGHT="70" WIDTH="352" VPOS="866" HPOS="861"/>
<SP HEIGHT="35" WIDTH="37" VPOS="885" HPOS="1214"/>
<String CONTENT="companies," HEIGHT="69" WIDTH="340" VPOS="866" HPOS="1252"/>
<SP HEIGHT="67" WIDTH="40" VPOS="868" HPOS="1593"/>
<String CONTENT="by" HEIGHT="68" WIDTH="76" VPOS="868" HPOS="1634"/>
<SP HEIGHT="70" WIDTH="44" VPOS="866" HPOS="1711"/>
<String CONTENT="C." HEIGHT="55" WIDTH="61" VPOS="866" HPOS="1756"/>
<SP HEIGHT="55" WIDTH="45" VPOS="867" HPOS="1818"/>
<String CONTENT="Canby" HEIGHT="70" WIDTH="200" VPOS="867" HPOS="1864"/>
</TextLine>
<TextLine HEIGHT="147" WIDTH="1994" VPOS="867" HPOS="248" STYLEREFS="StyleId-013D2F4E-2FC6-426D-B10F-23882D6A41DF-" CS="1">
<String CONTENT="Balderston" HEIGHT="133" WIDTH="1970" VPOS="867" HPOS="248"/>
<SP HEIGHT="33" WIDTH="42" VPOS="966" HPOS="477"/>
<String CS="1" CONTENT="&#8230;"/>
<SP HEIGHT="53" WIDTH="79" VPOS="946" HPOS="578"/>
<String CONTENT="Philadelphia," HEIGHT="69" WIDTH="426" VPOS="945" HPOS="658"/>
<SP HEIGHT="67" WIDTH="38" VPOS="946" HPOS="1085"/>
<String CONTENT="University" HEIGHT="70" WIDTH="336" VPOS="944" HPOS="1124"/>
<SP HEIGHT="52" WIDTH="37" VPOS="962" HPOS="1461"/>
<String CONTENT="of" HEIGHT="54" WIDTH="66" VPOS="943" HPOS="1499"/>
<SP HEIGHT="54" WIDTH="36" VPOS="943" HPOS="1566"/>
<String CONTENT="Pennsylvania" HEIGHT="69" WIDTH="424" VPOS="945" HPOS="1603"/>
<SP HEIGHT="50" WIDTH="39" VPOS="964" HPOS="2028"/>
<String CONTENT="press," HEIGHT="51" WIDTH="174" VPOS="963" HPOS="2068"/>
</TextLine>
<TextLine HEIGHT="51" WIDTH="150" VPOS="1027" HPOS="250" STYLEREFS="StyleId-013D2F4E-2FC6-426D-B10F-23882D6A41DF-">
<String CONTENT="1935." HEIGHT="51" WIDTH="150" VPOS="1027" HPOS="250"/>
</TextLine>
<TextLine HEIGHT="110" WIDTH="1979" VPOS="1092" HPOS="249" CS="1">
<String CONTENT="x" HEIGHT="28" WIDTH="31" VPOS="1107" HPOS="319"/>
<SP HEIGHT="38" WIDTH="27" VPOS="1107" HPOS="351"/>
<String CONTENT="p.," HEIGHT="38" WIDTH="56" VPOS="1107" HPOS="379"/>
<SP HEIGHT="47" WIDTH="32" VPOS="1098" HPOS="436"/>
<String CONTENT="1" HEIGHT="39" WIDTH="25" VPOS="1098" HPOS="469"/>
<SP HEIGHT="40" WIDTH="34" VPOS="1097" HPOS="495"/>
<String CONTENT="I.," HEIGHT="48" WIDTH="41" VPOS="1097" HPOS="530"/>
<SP HEIGHT="50" WIDTH="30" VPOS="1095" HPOS="572"/>
<String CONTENT="435" HEIGHT="40" WIDTH="85" VPOS="1095" HPOS="603"/>
<SP HEIGHT="48" WIDTH="29" VPOS="1095" HPOS="689"/>
<String CONTENT="p." HEIGHT="38" WIDTH="44" VPOS="1105" HPOS="719"/>
<SP HEIGHT="40" WIDTH="59" VPOS="1096" HPOS="764"/>
<String CONTENT="diagrs." HEIGHT="47" WIDTH="176" VPOS="1096" HPOS="824"/>
<SP HEIGHT="39" WIDTH="59" VPOS="1094" HPOS="1001"/>
<String CS="1" CONTENT="23&#189;cm." HEIGHT="41" WIDTH="53" VPOS="1094" HPOS="1061"/>
<SP HEIGHT="49" WIDTH="69" VPOS="1094" HPOS="1207"/>
<String CONTENT="(Half-title:" HEIGHT="51" WIDTH="298" VPOS="1092" HPOS="1277"/>
<SP HEIGHT="42" WIDTH="29" VPOS="1094" HPOS="1576"/>
<String CONTENT="Industrial" HEIGHT="41" WIDTH="269" VPOS="1094" HPOS="1606"/>
<SP HEIGHT="39" WIDTH="35" VPOS="1095" HPOS="1876"/>
<String CONTENT="research" HEIGHT="39" WIDTH="223" VPOS="1097" HPOS="1912"/>
<SP HEIGHT="41" WIDTH="32" VPOS="1095" HPOS="2136"/>
<String CONTENT="department," HEIGHT="107" WIDTH="1979" VPOS="1095" HPOS="249"/>
</TextLine>
<TextLine HEIGHT="107" WIDTH="1978" VPOS="1151" HPOS="247" CS="1">
<String CONTENT="Wharton" HEIGHT="40" WIDTH="238" VPOS="1153" HPOS="532"/>
<SP HEIGHT="30" WIDTH="24" VPOS="1162" HPOS="771"/>
<String CONTENT="school" HEIGHT="41" WIDTH="162" VPOS="1152" HPOS="796"/>
<SP HEIGHT="40" WIDTH="25" VPOS="1152" HPOS="959"/>
<String CONTENT="of" HEIGHT="40" WIDTH="51" VPOS="1152" HPOS="985"/>
<SP HEIGHT="39" WIDTH="23" VPOS="1152" HPOS="1037"/>
<String CONTENT="finance" HEIGHT="40" WIDTH="185" VPOS="1152" HPOS="1061"/>
<SP HEIGHT="30" WIDTH="28" VPOS="1162" HPOS="1247"/>
<String CONTENT="and" HEIGHT="39" WIDTH="95" VPOS="1152" HPOS="1276"/>
<SP HEIGHT="39" WIDTH="26" VPOS="1152" HPOS="1372"/>
<String CONTENT="commerce," HEIGHT="39" WIDTH="275" VPOS="1160" HPOS="1399"/>
<SP HEIGHT="47" WIDTH="28" VPOS="1152" HPOS="1675"/>
<String CONTENT="University" HEIGHT="50" WIDTH="282" VPOS="1151" HPOS="1704"/>
<SP HEIGHT="37" WIDTH="27" VPOS="1164" HPOS="1987"/>
<String CONTENT="of" HEIGHT="41" WIDTH="50" VPOS="1153" HPOS="2015"/>
<SP HEIGHT="39" WIDTH="27" VPOS="1153" HPOS="2066"/>
<String CONTENT="Pennsylvania," HEIGHT="105" WIDTH="1978" VPOS="1153" HPOS="247"/>
</TextLine>
<TextLine HEIGHT="49" WIDTH="1062" VPOS="1208" HPOS="513">
<String CONTENT="Philadelphia." HEIGHT="48" WIDTH="353" VPOS="1209" HPOS="513"/>
<SP HEIGHT="42" WIDTH="53" VPOS="1208" HPOS="867"/>
<String CONTENT="Research" HEIGHT="41" WIDTH="244" VPOS="1208" HPOS="921"/>
<SP HEIGHT="39" WIDTH="28" VPOS="1210" HPOS="1166"/>
<String CONTENT="studies," HEIGHT="41" WIDTH="201" VPOS="1208" HPOS="1195"/>
<SP HEIGHT="30" WIDTH="54" VPOS="1219" HPOS="1397"/>
<String CONTENT="xxv)" HEIGHT="48" WIDTH="123" VPOS="1209" HPOS="1452"/>
</TextLine>
<TextLine HEIGHT="49" WIDTH="692" VPOS="1266" HPOS="319">
<String CONTENT="Bibliography:" HEIGHT="49" WIDTH="373" VPOS="1266" HPOS="319"/>
<SP HEIGHT="38" WIDTH="30" VPOS="1276" HPOS="693"/>
<String CONTENT="p." HEIGHT="38" WIDTH="42" VPOS="1276" HPOS="724"/>
<SP HEIGHT="39" WIDTH="29" VPOS="1266" HPOS="767"/>
<String CONTENT="426-429." HEIGHT="41" WIDTH="214" VPOS="1266" HPOS="797"/>
</TextLine>
<TextLine HEIGHT="109" WIDTH="1975" VPOS="1336" HPOS="251" CS="1">
<String CONTENT="&#169;" HEIGHT="54" WIDTH="53" VPOS="1336" HPOS="251"/>
<SP HEIGHT="54" WIDTH="29" VPOS="1336" HPOS="305"/>
<String CONTENT="Mar." HEIGHT="38" WIDTH="121" VPOS="1342" HPOS="335"/>
<SP HEIGHT="40" WIDTH="29" VPOS="1341" HPOS="457"/>
<String CONTENT="8," HEIGHT="45" WIDTH="38" VPOS="1341" HPOS="487"/>
<SP HEIGHT="45" WIDTH="31" VPOS="1341" HPOS="526"/>
<String CS="1" CONTENT="1935;" HEIGHT="42" WIDTH="113" VPOS="1338" HPOS="558"/>
<SP HEIGHT="48" WIDTH="32" VPOS="1338" HPOS="699"/>
<String CONTENT="2c." HEIGHT="41" WIDTH="67" VPOS="1338" HPOS="732"/>
<SP HEIGHT="29" WIDTH="30" VPOS="1349" HPOS="800"/>
<String CONTENT="and" HEIGHT="38" WIDTH="95" VPOS="1340" HPOS="831"/>
<SP HEIGHT="38" WIDTH="28" VPOS="1340" HPOS="927"/>
<String CONTENT="aff." HEIGHT="40" WIDTH="82" VPOS="1338" HPOS="956"/>
<SP HEIGHT="38" WIDTH="32" VPOS="1340" HPOS="1039"/>
<String CONTENT="Mar." HEIGHT="38" WIDTH="121" VPOS="1340" HPOS="1072"/>
<SP HEIGHT="41" WIDTH="30" VPOS="1337" HPOS="1194"/>
<String CS="1" CONTENT="22;" HEIGHT="40" WIDTH="54" VPOS="1337" HPOS="1225"/>
<SP HEIGHT="47" WIDTH="32" VPOS="1338" HPOS="1308"/>
<!-- cceid 8954DF0D-6D82-1014-B070-FDFD250A9EDA --><String CONTENT="A" HEIGHT="39" WIDTH="42" VPOS="1338" HPOS="1341"/>
<SP HEIGHT="41" WIDTH="29" VPOS="1338" HPOS="1384"/>
<String CONTENT="82086;" HEIGHT="48" WIDTH="169" VPOS="1338" HPOS="1414"/>
<SP HEIGHT="47" WIDTH="34" VPOS="1339" HPOS="1584"/>
<String CONTENT="University" HEIGHT="50" WIDTH="282" VPOS="1338" HPOS="1619"/>
<SP HEIGHT="37" WIDTH="30" VPOS="1351" HPOS="1902"/>
<String CONTENT="of" HEIGHT="40" WIDTH="52" VPOS="1340" HPOS="1933"/>
<SP HEIGHT="39" WIDTH="31" VPOS="1340" HPOS="1986"/>
<String CONTENT="Pennsylvania" HEIGHT="97" WIDTH="1909" VPOS="1340" HPOS="317"/>
<SP HEIGHT="38" WIDTH="30" VPOS="1407" HPOS="463"/>
<String CONTENT="press." HEIGHT="38" WIDTH="148" VPOS="1407" HPOS="494"/>
<SP HEIGHT="48" WIDTH="70" VPOS="1396" HPOS="643"/>
<String CONTENT="(35-4924)" HEIGHT="49" WIDTH="250" VPOS="1395" HPOS="714"/>
</TextLine>
<TextLine HEIGHT="69" WIDTH="1331" VPOS="1496" HPOS="246" STYLEREFS="StyleId-3B121DFB-6DD4-4B9C-A160-224F49E00A15-">
<String CONTENT="Bittle," HEIGHT="66" WIDTH="201" VPOS="1499" HPOS="246"/>
<SP HEIGHT="64" WIDTH="30" VPOS="1501" HPOS="448"/>
<String CONTENT="Celestine" HEIGHT="58" WIDTH="293" VPOS="1497" HPOS="479"/>
<SP HEIGHT="52" WIDTH="27" VPOS="1500" HPOS="773"/>
<String CONTENT="Nicholas" HEIGHT="56" WIDTH="281" VPOS="1496" HPOS="801"/>
<SP HEIGHT="54" WIDTH="27" VPOS="1499" HPOS="1083"/>
<String CONTENT="Charles," HEIGHT="66" WIDTH="263" VPOS="1498" HPOS="1111"/>
<SP HEIGHT="59" WIDTH="30" VPOS="1505" HPOS="1375"/>
<String CONTENT="1884-" HEIGHT="50" WIDTH="171" VPOS="1503" HPOS="1406"/>
</TextLine>
<TextLine HEIGHT="68" WIDTH="1920" VPOS="1575" HPOS="323" STYLEREFS="StyleId-013D2F4E-2FC6-426D-B10F-23882D6A41DF-" CS="1">
<String CONTENT="The" HEIGHT="51" WIDTH="122" VPOS="1580" HPOS="323"/>
<SP HEIGHT="35" WIDTH="40" VPOS="1596" HPOS="446"/>
<String CONTENT="science" HEIGHT="56" WIDTH="214" VPOS="1575" HPOS="487"/>
<SP HEIGHT="35" WIDTH="44" VPOS="1595" HPOS="702"/>
<String CONTENT="of" HEIGHT="53" WIDTH="66" VPOS="1577" HPOS="747"/>
<SP HEIGHT="53" WIDTH="46" VPOS="1577" HPOS="814"/>
<String CONTENT="correct" HEIGHT="49" WIDTH="215" VPOS="1581" HPOS="861"/>
<SP HEIGHT="48" WIDTH="45" VPOS="1581" HPOS="1077"/>
<String CONTENT="thinking:" HEIGHT="67" WIDTH="301" VPOS="1576" HPOS="1123"/>
<SP HEIGHT="52" WIDTH="46" VPOS="1576" HPOS="1425"/>
<String CONTENT="logic" HEIGHT="68" WIDTH="150" VPOS="1575" HPOS="1472"/>
<SP/>
<String CS="1" CONTENT="[by]" HEIGHT="34" WIDTH="14" VPOS="1608" HPOS="1774"/>
<SP HEIGHT="66" WIDTH="55" VPOS="1576" HPOS="1789"/>
<String CONTENT="Celestine" HEIGHT="55" WIDTH="280" VPOS="1576" HPOS="1845"/>
<SP HEIGHT="53" WIDTH="46" VPOS="1577" HPOS="2126"/>
<String CONTENT="N." HEIGHT="53" WIDTH="70" VPOS="1577" HPOS="2173"/>
</TextLine>
<TextLine HEIGHT="71" WIDTH="1823" VPOS="1652" HPOS="254" STYLEREFS="StyleId-013D2F4E-2FC6-426D-B10F-23882D6A41DF-" CS="1">
<String CONTENT="Bittle," HEIGHT="66" WIDTH="196" VPOS="1657" HPOS="254"/>
<SP HEIGHT="51" WIDTH="21" VPOS="1672" HPOS="451"/>
<String CS="1" CONTENT="O." HEIGHT="10" WIDTH="10" VPOS="1698" HPOS="510"/>
<SP HEIGHT="36" WIDTH="24" VPOS="1672" HPOS="521"/>
<String CS="1" CONTENT="M." HEIGHT="10" WIDTH="10" VPOS="1697" HPOS="603"/>
<SP HEIGHT="37" WIDTH="26" VPOS="1671" HPOS="614"/>
<String CS="1" CONTENT="CAP." HEIGHT="10" WIDTH="11" VPOS="1697" HPOS="750"/>
<SP HEIGHT="54" WIDTH="72" VPOS="1653" HPOS="762"/>
<String CONTENT="New" HEIGHT="54" WIDTH="138" VPOS="1653" HPOS="835"/>
<SP HEIGHT="53" WIDTH="22" VPOS="1653" HPOS="974"/>
<String CONTENT="York," HEIGHT="67" WIDTH="180" VPOS="1653" HPOS="997"/>
<SP HEIGHT="67" WIDTH="23" VPOS="1653" HPOS="1178"/>
<String CONTENT="Milwaukee" HEIGHT="54" WIDTH="343" VPOS="1652" HPOS="1202"/>
<SP/>
<String CS="1" CONTENT="[etc.]" HEIGHT="35" WIDTH="31" VPOS="1685" HPOS="1682"/>
<SP HEIGHT="67" WIDTH="30" VPOS="1653" HPOS="1714"/>
<String CONTENT="The" HEIGHT="53" WIDTH="122" VPOS="1653" HPOS="1745"/>
<SP HEIGHT="51" WIDTH="25" VPOS="1655" HPOS="1868"/>
<String CONTENT="Bruce" HEIGHT="52" WIDTH="183" VPOS="1655" HPOS="1894"/>
</TextLine>
<TextLine HEIGHT="148" WIDTH="1971" VPOS="1654" HPOS="248" STYLEREFS="StyleId-013D2F4E-2FC6-426D-B10F-23882D6A41DF-" CS="1">
<String CONTENT="publishing" HEIGHT="148" WIDTH="1971" VPOS="1654" HPOS="248"/>
<SP HEIGHT="51" WIDTH="27" VPOS="1751" HPOS="464"/>
<String CONTENT="company" HEIGHT="52" WIDTH="279" VPOS="1749" HPOS="492"/>
<SP HEIGHT="51" WIDTH="35" VPOS="1749" HPOS="772"/>
<String CONTENT="[" HEIGHT="35" WIDTH="14" VPOS="1765" HPOS="808"/>
<String STYLE="superscript" CONTENT="c" HEIGHT="24" WIDTH="18" VPOS="1737" HPOS="826"/>
<String CONTENT="1935]" HEIGHT="62" WIDTH="151" VPOS="1735" HPOS="849"/>
</TextLine>
<TextLine HEIGHT="51" WIDTH="650" VPOS="1805" HPOS="319" CS="1">
<String CONTENT="x," HEIGHT="38" WIDTH="43" VPOS="1818" HPOS="319"/>
<SP/>
<String CONTENT="364" HEIGHT="41" WIDTH="87" VPOS="1807" HPOS="393"/>
<SP HEIGHT="49" WIDTH="28" VPOS="1807" HPOS="481"/>
<String CONTENT="p." HEIGHT="39" WIDTH="44" VPOS="1817" HPOS="510"/>
<SP HEIGHT="40" WIDTH="59" VPOS="1806" HPOS="555"/>
<String CONTENT="diagrs." HEIGHT="48" WIDTH="179" VPOS="1806" HPOS="615"/>
<SP HEIGHT="41" WIDTH="57" VPOS="1805" HPOS="795"/>
<String CONTENT="22" HEIGHT="39" WIDTH="55" VPOS="1805" HPOS="853"/>
<String STYLE="superscript" CONTENT="cm" HEIGHT="22" WIDTH="44" VPOS="1807" HPOS="912"/>
<String CONTENT="." HEIGHT="9" WIDTH="10" VPOS="1837" HPOS="959"/>
</TextLine>
<TextLine HEIGHT="55" WIDTH="1906" VPOS="1873" HPOS="250" CS="1">
<String CONTENT="&#169;" HEIGHT="53" WIDTH="53" VPOS="1875" HPOS="250"/>
<SP HEIGHT="53" WIDTH="28" VPOS="1875" HPOS="304"/>
<String CONTENT="Mar." HEIGHT="38" WIDTH="120" VPOS="1880" HPOS="333"/>
<SP HEIGHT="41" WIDTH="28" VPOS="1877" HPOS="454"/>
<String CONTENT="21," HEIGHT="48" WIDTH="70" VPOS="1877" HPOS="483"/>
<SP HEIGHT="48" WIDTH="27" VPOS="1877" HPOS="554"/>
<String CS="1" CONTENT="1935;" HEIGHT="42" WIDTH="116" VPOS="1875" HPOS="582"/>
<SP HEIGHT="48" WIDTH="30" VPOS="1876" HPOS="723"/>
<String CONTENT="2c." HEIGHT="40" WIDTH="66" VPOS="1876" HPOS="754"/>
<SP HEIGHT="39" WIDTH="29" VPOS="1876" HPOS="821"/>
<String CONTENT="Mar." HEIGHT="39" WIDTH="121" VPOS="1876" HPOS="851"/>
<SP HEIGHT="40" WIDTH="26" VPOS="1875" HPOS="973"/>
<String CONTENT="28;" HEIGHT="47" WIDTH="82" VPOS="1875" HPOS="1000"/>
<SP HEIGHT="37" WIDTH="31" VPOS="1885" HPOS="1083"/>
<String CONTENT="aff." HEIGHT="41" WIDTH="81" VPOS="1874" HPOS="1115"/>
<SP HEIGHT="39" WIDTH="30" VPOS="1875" HPOS="1197"/>
<String CONTENT="Mar." HEIGHT="39" WIDTH="121" VPOS="1875" HPOS="1228"/>
<SP HEIGHT="40" WIDTH="27" VPOS="1874" HPOS="1350"/>
<String CONTENT="29;" HEIGHT="48" WIDTH="83" VPOS="1873" HPOS="1378"/>
<SP HEIGHT="46" WIDTH="29" VPOS="1875" HPOS="1462"/>
<!-- cceid 895587F9-6D82-1014-B070-FDFD250A9EDA --><String CONTENT="A" HEIGHT="39" WIDTH="42" VPOS="1875" HPOS="1492"/>
<SP HEIGHT="41" WIDTH="26" VPOS="1875" HPOS="1535"/>
<String CONTENT="82221;" HEIGHT="48" WIDTH="171" VPOS="1874" HPOS="1562"/>
<SP HEIGHT="46" WIDTH="30" VPOS="1876" HPOS="1734"/>
<String CONTENT="Bruce" HEIGHT="42" WIDTH="156" VPOS="1876" HPOS="1765"/>
<SP HEIGHT="37" WIDTH="28" VPOS="1887" HPOS="1922"/>
<String CONTENT="pub." HEIGHT="48" WIDTH="108" VPOS="1876" HPOS="1951"/>
<SP HEIGHT="29" WIDTH="29" VPOS="1887" HPOS="2060"/>
<String CONTENT="co." HEIGHT="30" WIDTH="66" VPOS="1886" HPOS="2090"/>
</TextLine>
<TextLine HEIGHT="49" WIDTH="250" VPOS="1935" HPOS="329">
<String CONTENT="(35-5084)" HEIGHT="49" WIDTH="250" VPOS="1935" HPOS="329"/>
</TextLine>
<TextLine HEIGHT="68" WIDTH="886" VPOS="2036" HPOS="251" STYLEREFS="StyleId-3B121DFB-6DD4-4B9C-A160-224F49E00A15-">
<String CONTENT="Boas," HEIGHT="65" WIDTH="170" VPOS="2038" HPOS="251"/>
<SP HEIGHT="62" WIDTH="25" VPOS="2041" HPOS="422"/>
<String CONTENT="Mrs." HEIGHT="52" WIDTH="140" VPOS="2041" HPOS="448"/>
<SP HEIGHT="54" WIDTH="25" VPOS="2038" HPOS="589"/>
<String CONTENT="Louise" HEIGHT="56" WIDTH="215" VPOS="2036" HPOS="615"/>
<SP HEIGHT="67" WIDTH="27" VPOS="2037" HPOS="831"/>
<String CONTENT="(Sch&#252;tz)" HEIGHT="68" WIDTH="278" VPOS="2036" HPOS="859"/>
</TextLine>
<TextLine HEIGHT="71" WIDTH="1918" VPOS="2110" HPOS="323" STYLEREFS="StyleId-013D2F4E-2FC6-426D-B10F-23882D6A41DF-">
<String CONTENT="Woman&#8217;s" HEIGHT="55" WIDTH="287" VPOS="2113" HPOS="323"/>
<SP HEIGHT="36" WIDTH="26" VPOS="2131" HPOS="611"/>
<String CONTENT="education" HEIGHT="54" WIDTH="298" VPOS="2112" HPOS="638"/>
<SP HEIGHT="53" WIDTH="27" VPOS="2111" HPOS="937"/>
<String CONTENT="begins;" HEIGHT="68" WIDTH="224" VPOS="2111" HPOS="965"/>
<SP HEIGHT="60" WIDTH="30" VPOS="2118" HPOS="1190"/>
<String CONTENT="the" HEIGHT="53" WIDTH="95" VPOS="2112" HPOS="1221"/>
<SP HEIGHT="33" WIDTH="27" VPOS="2129" HPOS="1317"/>
<String CONTENT="rise" HEIGHT="55" WIDTH="108" VPOS="2110" HPOS="1345"/>
<SP HEIGHT="36" WIDTH="30" VPOS="2129" HPOS="1454"/>
<String CONTENT="of" HEIGHT="52" WIDTH="63" VPOS="2111" HPOS="1485"/>
<SP HEIGHT="52" WIDTH="27" VPOS="2111" HPOS="1549"/>
<String CONTENT="the" HEIGHT="54" WIDTH="94" VPOS="2111" HPOS="1577"/>
<SP HEIGHT="35" WIDTH="26" VPOS="2130" HPOS="1672"/>
<String CONTENT="women&#8217;s" HEIGHT="54" WIDTH="259" VPOS="2110" HPOS="1699"/>
<SP HEIGHT="35" WIDTH="29" VPOS="2129" HPOS="1959"/>
<String CONTENT="colleges," HEIGHT="70" WIDTH="252" VPOS="2111" HPOS="1989"/>
</TextLine>
<TextLine HEIGHT="73" WIDTH="1986" VPOS="2188" HPOS="256" STYLEREFS="StyleId-013D2F4E-2FC6-426D-B10F-23882D6A41DF-">
<String CONTENT="by" HEIGHT="69" WIDTH="71" VPOS="2192" HPOS="256"/>
<SP HEIGHT="70" WIDTH="19" VPOS="2191" HPOS="328"/>
<String CONTENT="Louise" HEIGHT="55" WIDTH="206" VPOS="2190" HPOS="348"/>
<SP HEIGHT="56" WIDTH="23" VPOS="2189" HPOS="555"/>
<String CONTENT="Sch&#252;tz" HEIGHT="55" WIDTH="209" VPOS="2189" HPOS="579"/>
<SP HEIGHT="52" WIDTH="26" VPOS="2190" HPOS="789"/>
<String CONTENT="Boas." HEIGHT="52" WIDTH="163" VPOS="2190" HPOS="816"/>
<SP HEIGHT="54" WIDTH="73" VPOS="2188" HPOS="980"/>
<String CONTENT="Norton," HEIGHT="68" WIDTH="237" VPOS="2188" HPOS="1054"/>
<SP HEIGHT="68" WIDTH="22" VPOS="2188" HPOS="1292"/>
<String CONTENT="Mass.," HEIGHT="69" WIDTH="189" VPOS="2188" HPOS="1315"/>
<SP HEIGHT="68" WIDTH="22" VPOS="2189" HPOS="1505"/>
<String CONTENT="Wheaton" HEIGHT="55" WIDTH="281" VPOS="2189" HPOS="1528"/>
<SP HEIGHT="34" WIDTH="22" VPOS="2207" HPOS="1810"/>
<String CONTENT="college" HEIGHT="67" WIDTH="210" VPOS="2189" HPOS="1833"/>
<SP HEIGHT="50" WIDTH="24" VPOS="2207" HPOS="2044"/>
<String CONTENT="press," HEIGHT="51" WIDTH="173" VPOS="2207" HPOS="2069"/>
</TextLine>
<TextLine HEIGHT="51" WIDTH="148" VPOS="2271" HPOS="255" STYLEREFS="StyleId-013D2F4E-2FC6-426D-B10F-23882D6A41DF-">
<String CONTENT="1935." HEIGHT="51" WIDTH="148" VPOS="2271" HPOS="255"/>
</TextLine>
<TextLine HEIGHT="50" WIDTH="457" VPOS="2338" HPOS="322" CS="1">
<String CONTENT="xi," HEIGHT="48" WIDTH="63" VPOS="2340" HPOS="322"/>
<SP/>
<String CONTENT="295" HEIGHT="41" WIDTH="88" VPOS="2338" HPOS="416"/>
<SP HEIGHT="49" WIDTH="26" VPOS="2338" HPOS="505"/>
<String CONTENT="p." HEIGHT="38" WIDTH="42" VPOS="2349" HPOS="532"/>
<SP HEIGHT="41" WIDTH="60" VPOS="2339" HPOS="575"/>
<String CS="1" CONTENT="19&#189;c" HEIGHT="41" WIDTH="55" VPOS="2338" HPOS="636"/>
<String STYLE="superscript" CONTENT="m" HEIGHT="21" WIDTH="27" VPOS="2340" HPOS="740"/>
<String CONTENT="." HEIGHT="8" WIDTH="8" VPOS="2370" HPOS="771"/>
</TextLine>
<TextLine HEIGHT="50" WIDTH="1914" VPOS="2394" HPOS="323">
<String CONTENT="Written" HEIGHT="39" WIDTH="210" VPOS="2397" HPOS="323"/>
<SP HEIGHT="29" WIDTH="34" VPOS="2406" HPOS="534"/>
<String CONTENT="on" HEIGHT="29" WIDTH="60" VPOS="2406" HPOS="569"/>
<SP HEIGHT="39" WIDTH="34" VPOS="2397" HPOS="630"/>
<String CONTENT="the" HEIGHT="41" WIDTH="81" VPOS="2395" HPOS="665"/>
<SP HEIGHT="29" WIDTH="35" VPOS="2406" HPOS="747"/>
<String CONTENT="occasion" HEIGHT="41" WIDTH="221" VPOS="2394" HPOS="783"/>
<SP HEIGHT="29" WIDTH="31" VPOS="2405" HPOS="1005"/>
<String CONTENT="of" HEIGHT="40" WIDTH="52" VPOS="2394" HPOS="1037"/>
<SP HEIGHT="41" WIDTH="32" VPOS="2394" HPOS="1090"/>
<String CONTENT="the" HEIGHT="40" WIDTH="83" VPOS="2395" HPOS="1123"/>
<SP HEIGHT="39" WIDTH="32" VPOS="2395" HPOS="1207"/>
<String CONTENT="hundredth" HEIGHT="41" WIDTH="278" VPOS="2394" HPOS="1240"/>
<SP HEIGHT="39" WIDTH="34" VPOS="2396" HPOS="1519"/>
<String CONTENT="anniversary" HEIGHT="49" WIDTH="320" VPOS="2395" HPOS="1554"/>
<SP HEIGHT="37" WIDTH="35" VPOS="2407" HPOS="1875"/>
<String CONTENT="of" HEIGHT="40" WIDTH="52" VPOS="2396" HPOS="1911"/>
<SP HEIGHT="42" WIDTH="35" VPOS="2396" HPOS="1964"/>
<String CONTENT="Wheaton" HEIGHT="41" WIDTH="237" VPOS="2397" HPOS="2000"/>
</TextLine>
<TextLine HEIGHT="50" WIDTH="951" VPOS="2450" HPOS="250">
<String CONTENT="college," HEIGHT="47" WIDTH="191" VPOS="2453" HPOS="250"/>
<SP HEIGHT="47" WIDTH="35" VPOS="2453" HPOS="442"/>
<String CONTENT="Norton," HEIGHT="46" WIDTH="198" VPOS="2453" HPOS="478"/>
<SP HEIGHT="47" WIDTH="35" VPOS="2452" HPOS="677"/>
<String CONTENT="Mass." HEIGHT="38" WIDTH="145" VPOS="2452" HPOS="713"/>
<SP HEIGHT="30" WIDTH="58" VPOS="2461" HPOS="859"/>
<String CONTENT="cf." HEIGHT="47" WIDTH="62" VPOS="2453" HPOS="918"/>
<SP HEIGHT="42" WIDTH="36" VPOS="2451" HPOS="981"/>
<String CONTENT="Introd." HEIGHT="41" WIDTH="183" VPOS="2450" HPOS="1018"/>
</TextLine>
<TextLine HEIGHT="52" WIDTH="719" VPOS="2506" HPOS="321" CS="1">
<String CONTENT="Bibliography:" HEIGHT="48" WIDTH="374" VPOS="2509" HPOS="321"/>
<SP HEIGHT="39" WIDTH="29" VPOS="2518" HPOS="696"/>
<String CONTENT="p." HEIGHT="38" WIDTH="44" VPOS="2519" HPOS="726"/>
<SP HEIGHT="32" WIDTH="29" VPOS="2526" HPOS="771"/>
<String CS="1" CONTENT="[275]-292." HEIGHT="51" WIDTH="225" VPOS="2506" HPOS="815"/>
</TextLine>
<TextLine HEIGHT="53" WIDTH="1987" VPOS="2579" HPOS="249">
<String CONTENT="&#169;" HEIGHT="53" WIDTH="53" VPOS="2579" HPOS="249"/>
<SP HEIGHT="53" WIDTH="25" VPOS="2579" HPOS="303"/>
<String CONTENT="Mar." HEIGHT="38" WIDTH="121" VPOS="2584" HPOS="329"/>
<SP HEIGHT="41" WIDTH="26" VPOS="2581" HPOS="451"/>
<String CONTENT="28," HEIGHT="49" WIDTH="69" VPOS="2581" HPOS="478"/>
<SP HEIGHT="48" WIDTH="26" VPOS="2582" HPOS="548"/>
<String CONTENT="1935;" HEIGHT="48" WIDTH="139" VPOS="2580" HPOS="575"/>
<SP HEIGHT="48" WIDTH="28" VPOS="2580" HPOS="715"/>
<String CONTENT="2c." HEIGHT="40" WIDTH="67" VPOS="2580" HPOS="744"/>
<SP HEIGHT="39" WIDTH="26" VPOS="2581" HPOS="812"/>
<String CONTENT="Apr." HEIGHT="47" WIDTH="110" VPOS="2581" HPOS="839"/>
<SP HEIGHT="39" WIDTH="28" VPOS="2580" HPOS="950"/>
<String CONTENT="1;" HEIGHT="47" WIDTH="53" VPOS="2580" HPOS="979"/>
<SP HEIGHT="37" WIDTH="29" VPOS="2590" HPOS="1033"/>
<String CONTENT="aff." HEIGHT="41" WIDTH="79" VPOS="2579" HPOS="1063"/>
<SP HEIGHT="38" WIDTH="30" VPOS="2581" HPOS="1143"/>
<String CONTENT="Mar." HEIGHT="39" WIDTH="121" VPOS="2581" HPOS="1174"/>
<SP HEIGHT="40" WIDTH="26" VPOS="2579" HPOS="1296"/>
<String CONTENT="29;" HEIGHT="47" WIDTH="82" VPOS="2579" HPOS="1323"/>
<SP HEIGHT="46" WIDTH="29" VPOS="2580" HPOS="1406"/>
<!-- cceid 89562B1D-6D82-1014-B070-FDFD250A9EDA --><String CONTENT="A" HEIGHT="39" WIDTH="42" VPOS="2580" HPOS="1436"/>
<SP HEIGHT="40" WIDTH="26" VPOS="2579" HPOS="1479"/>
<String CONTENT="82306;" HEIGHT="48" WIDTH="169" VPOS="2579" HPOS="1506"/>
<SP HEIGHT="46" WIDTH="30" VPOS="2581" HPOS="1676"/>
<String CONTENT="L." HEIGHT="39" WIDTH="50" VPOS="2581" HPOS="1707"/>
<SP HEIGHT="40" WIDTH="31" VPOS="2581" HPOS="1758"/>
<String CONTENT="S." HEIGHT="40" WIDTH="44" VPOS="2581" HPOS="1790"/>
<SP HEIGHT="39" WIDTH="30" VPOS="2581" HPOS="1835"/>
<String CONTENT="Boas," HEIGHT="47" WIDTH="141" VPOS="2581" HPOS="1866"/>
<SP HEIGHT="47" WIDTH="27" VPOS="2581" HPOS="2008"/>
<String CONTENT="Norton," HEIGHT="47" WIDTH="200" VPOS="2581" HPOS="2036"/>
</TextLine>
<TextLine HEIGHT="50" WIDTH="465" VPOS="2637" HPOS="319">
<String CONTENT="Mass." HEIGHT="39" WIDTH="144" VPOS="2641" HPOS="319"/>
<SP HEIGHT="49" WIDTH="69" VPOS="2638" HPOS="464"/>
<String CONTENT="(35-5066)" HEIGHT="50" WIDTH="250" VPOS="2637" HPOS="534"/>
</TextLine>
<TextLine HEIGHT="66" WIDTH="846" VPOS="2738" HPOS="244" STYLEREFS="StyleId-3B121DFB-6DD4-4B9C-A160-224F49E00A15-">
<String CONTENT="Bond," HEIGHT="66" WIDTH="184" VPOS="2738" HPOS="244"/>
<SP HEIGHT="64" WIDTH="26" VPOS="2740" HPOS="429"/>
<String CONTENT="Paul" HEIGHT="54" WIDTH="146" VPOS="2739" HPOS="456"/>
<SP HEIGHT="55" WIDTH="23" VPOS="2739" HPOS="603"/>
<String CONTENT="Stanley," HEIGHT="64" WIDTH="260" VPOS="2739" HPOS="627"/>
<SP HEIGHT="58" WIDTH="29" VPOS="2745" HPOS="888"/>
<String CONTENT="1879-" HEIGHT="55" WIDTH="172" VPOS="2739" HPOS="918"/>
</TextLine>
<TextLine HEIGHT="72" WIDTH="1916" VPOS="2811" HPOS="316" STYLEREFS="StyleId-013D2F4E-2FC6-426D-B10F-23882D6A41DF-">
<String CONTENT="The" HEIGHT="51" WIDTH="121" VPOS="2816" HPOS="316"/>
<SP HEIGHT="69" WIDTH="43" VPOS="2813" HPOS="438"/>
<String CONTENT="junior" HEIGHT="69" WIDTH="196" VPOS="2813" HPOS="482"/>
<SP HEIGHT="53" WIDTH="42" VPOS="2814" HPOS="679"/>
<String CONTENT="R." HEIGHT="53" WIDTH="68" VPOS="2814" HPOS="722"/>
<SP HEIGHT="56" WIDTH="49" VPOS="2812" HPOS="791"/>
<String CONTENT="O." HEIGHT="56" WIDTH="67" VPOS="2812" HPOS="841"/>
<SP HEIGHT="52" WIDTH="47" VPOS="2815" HPOS="909"/>
<String CONTENT="T." HEIGHT="52" WIDTH="65" VPOS="2815" HPOS="957"/>
<SP HEIGHT="55" WIDTH="49" VPOS="2812" HPOS="1023"/>
<String CONTENT="C." HEIGHT="55" WIDTH="63" VPOS="2812" HPOS="1073"/>
<SP HEIGHT="34" WIDTH="46" VPOS="2832" HPOS="1137"/>
<String CONTENT="manual" HEIGHT="52" WIDTH="232" VPOS="2814" HPOS="1184"/>
<SP HEIGHT="55" WIDTH="47" VPOS="2811" HPOS="1417"/>
<String CONTENT="for" HEIGHT="55" WIDTH="96" VPOS="2811" HPOS="1465"/>
<SP HEIGHT="34" WIDTH="43" VPOS="2832" HPOS="1562"/>
<String CONTENT="essentially" HEIGHT="71" WIDTH="323" VPOS="2812" HPOS="1606"/>
<SP HEIGHT="51" WIDTH="44" VPOS="2832" HPOS="1930"/>
<String CONTENT="military" HEIGHT="70" WIDTH="257" VPOS="2812" HPOS="1975"/>
</TextLine>
<TextLine HEIGHT="70" WIDTH="1990" VPOS="2890" HPOS="243" STYLEREFS="StyleId-013D2F4E-2FC6-426D-B10F-23882D6A41DF-" CS="1">
<String CONTENT="schools" HEIGHT="53" WIDTH="219" VPOS="2892" HPOS="243"/>
<SP HEIGHT="69" WIDTH="41" VPOS="2890" HPOS="463"/>
<String CS="1" CONTENT="(MS);" HEIGHT="69" WIDTH="163" VPOS="2890" HPOS="505"/>
<SP HEIGHT="49" WIDTH="32" VPOS="2910" HPOS="709"/>
<String CONTENT="covering" HEIGHT="69" WIDTH="266" VPOS="2891" HPOS="742"/>
<SP HEIGHT="64" WIDTH="28" VPOS="2896" HPOS="1009"/>
<String CONTENT="the" HEIGHT="51" WIDTH="94" VPOS="2892" HPOS="1038"/>
<SP HEIGHT="50" WIDTH="32" VPOS="2909" HPOS="1133"/>
<String CONTENT="program" HEIGHT="51" WIDTH="271" VPOS="2908" HPOS="1166"/>
<SP HEIGHT="52" WIDTH="32" VPOS="2891" HPOS="1438"/>
<String CONTENT="for" HEIGHT="52" WIDTH="93" VPOS="2891" HPOS="1471"/>
<SP HEIGHT="47" WIDTH="31" VPOS="2897" HPOS="1565"/>
<String CONTENT="the" HEIGHT="52" WIDTH="94" VPOS="2892" HPOS="1597"/>
<SP HEIGHT="53" WIDTH="31" VPOS="2890" HPOS="1692"/>
<String CONTENT="first" HEIGHT="55" WIDTH="125" VPOS="2890" HPOS="1724"/>
<SP HEIGHT="47" WIDTH="32" VPOS="2897" HPOS="1850"/>
<String CONTENT="and" HEIGHT="52" WIDTH="112" VPOS="2892" HPOS="1883"/>
<SP HEIGHT="52" WIDTH="33" VPOS="2892" HPOS="1996"/>
<String CONTENT="second" HEIGHT="54" WIDTH="203" VPOS="2890" HPOS="2030"/>
</TextLine>
<TextLine HEIGHT="71" WIDTH="1613" VPOS="2967" HPOS="240" STYLEREFS="StyleId-013D2F4E-2FC6-426D-B10F-23882D6A41DF-" CS="1">
<String CONTENT="years;" HEIGHT="51" WIDTH="191" VPOS="2987" HPOS="240"/>
<SP HEIGHT="68" WIDTH="31" VPOS="2968" HPOS="432"/>
<String CONTENT="fully" HEIGHT="69" WIDTH="151" VPOS="2968" HPOS="464"/>
<SP HEIGHT="68" WIDTH="24" VPOS="2969" HPOS="616"/>
<String CONTENT="illustrated," HEIGHT="68" WIDTH="339" VPOS="2969" HPOS="641"/>
<SP HEIGHT="50" WIDTH="26" VPOS="2987" HPOS="981"/>
<String CONTENT="with" HEIGHT="53" WIDTH="140" VPOS="2968" HPOS="1008"/>
<SP HEIGHT="67" WIDTH="26" VPOS="2969" HPOS="1149"/>
<String CONTENT="questions" HEIGHT="68" WIDTH="283" VPOS="2968" HPOS="1176"/>
<SP HEIGHT="54" WIDTH="27" VPOS="2967" HPOS="1460"/>
<String CONTENT="for" HEIGHT="54" WIDTH="93" VPOS="2967" HPOS="1488"/>
<SP HEIGHT="34" WIDTH="25" VPOS="2988" HPOS="1582"/>
<String CONTENT="self-test" HEIGHT="55" WIDTH="245" VPOS="2967" HPOS="1608"/>
</TextLine>
<TextLine HEIGHT="148" WIDTH="1976" VPOS="2967" HPOS="243" STYLEREFS="StyleId-013D2F4E-2FC6-426D-B10F-23882D6A41DF-" CS="1">
<String CONTENT="and" HEIGHT="54" WIDTH="112" VPOS="2968" HPOS="1879"/>
<SP HEIGHT="54" WIDTH="29" VPOS="2968" HPOS="1992"/>
<String CONTENT="examination." HEIGHT="131" WIDTH="1962" VPOS="2967" HPOS="243"/>
<SP HEIGHT="69" WIDTH="86" VPOS="3045" HPOS="456"/>
<String CONTENT="(Includes" HEIGHT="69" WIDTH="293" VPOS="3045" HPOS="543"/>
<SP HEIGHT="34" WIDTH="37" VPOS="3065" HPOS="837"/>
<String CONTENT="all" HEIGHT="52" WIDTH="99" VPOS="3046" HPOS="875"/>
<SP HEIGHT="52" WIDTH="16" VPOS="3046" HPOS="975"/>
<String CONTENT="technical" HEIGHT="53" WIDTH="280" VPOS="3045" HPOS="992"/>
<SP HEIGHT="52" WIDTH="42" VPOS="3046" HPOS="1273"/>
<String CONTENT="changes" HEIGHT="69" WIDTH="242" VPOS="3046" HPOS="1316"/>
<SP HEIGHT="49" WIDTH="39" VPOS="3050" HPOS="1559"/>
<String CONTENT="to" HEIGHT="49" WIDTH="59" VPOS="3050" HPOS="1599"/>
<SP HEIGHT="53" WIDTH="39" VPOS="3046" HPOS="1659"/>
<String CONTENT="February," HEIGHT="68" WIDTH="314" VPOS="3046" HPOS="1699"/>
<SP HEIGHT="63" WIDTH="43" VPOS="3051" HPOS="2014"/>
<String CONTENT="1935)" HEIGHT="70" WIDTH="161" VPOS="3044" HPOS="2058"/>
</TextLine>
<TextLine HEIGHT="70" WIDTH="1986" VPOS="3122" HPOS="244" STYLEREFS="StyleId-013D2F4E-2FC6-426D-B10F-23882D6A41DF-" CS="1">
<String CONTENT="By" HEIGHT="67" WIDTH="91" VPOS="3123" HPOS="244"/>
<SP HEIGHT="68" WIDTH="41" VPOS="3122" HPOS="336"/>
<String CONTENT="Colonel" HEIGHT="55" WIDTH="233" VPOS="3122" HPOS="378"/>
<SP HEIGHT="53" WIDTH="40" VPOS="3122" HPOS="612"/>
<String CONTENT="P." HEIGHT="51" WIDTH="65" VPOS="3124" HPOS="653"/>
<SP HEIGHT="55" WIDTH="43" VPOS="3122" HPOS="719"/>
<String CONTENT="S." HEIGHT="55" WIDTH="56" VPOS="3122" HPOS="763"/>
<SP HEIGHT="51" WIDTH="44" VPOS="3124" HPOS="820"/>
<String CONTENT="Bond" HEIGHT="52" WIDTH="166" VPOS="3123" HPOS="865"/>
<SP HEIGHT="52" WIDTH="45" VPOS="3123" HPOS="1032"/>
<String CS="1" CONTENT="&#8230;"/>
<SP HEIGHT="52" WIDTH="82" VPOS="3122" HPOS="1135"/>
<String CONTENT="Harrisburg," HEIGHT="69" WIDTH="375" VPOS="3122" HPOS="1218"/>
<SP HEIGHT="67" WIDTH="42" VPOS="3124" HPOS="1594"/>
<String CONTENT="Pa.," HEIGHT="67" WIDTH="121" VPOS="3124" HPOS="1637"/>
<SP HEIGHT="67" WIDTH="43" VPOS="3124" HPOS="1759"/>
<String CONTENT="The" HEIGHT="52" WIDTH="120" VPOS="3124" HPOS="1803"/>
<SP HEIGHT="52" WIDTH="42" VPOS="3124" HPOS="1924"/>
<String CONTENT="Military" HEIGHT="69" WIDTH="263" VPOS="3123" HPOS="1967"/>
</TextLine>
<TextLine HEIGHT="70" WIDTH="883" VPOS="3199" HPOS="241" STYLEREFS="StyleId-013D2F4E-2FC6-426D-B10F-23882D6A41DF-">
<String CONTENT="service" HEIGHT="53" WIDTH="210" VPOS="3200" HPOS="241"/>
<SP HEIGHT="50" WIDTH="26" VPOS="3218" HPOS="452"/>
<String CONTENT="publishing" HEIGHT="70" WIDTH="335" VPOS="3199" HPOS="479"/>
<SP HEIGHT="51" WIDTH="26" VPOS="3218" HPOS="815"/>
<String CONTENT="co." HEIGHT="35" WIDTH="78" VPOS="3218" HPOS="842"/>
<SP HEIGHT="35" WIDTH="30" VPOS="3232" HPOS="921"/>
<String CONTENT="[1935]" HEIGHT="65" WIDTH="172" VPOS="3202" HPOS="952"/>
</TextLine>
<TextLine HEIGHT="50" WIDTH="955" VPOS="3270" HPOS="316" CS="1">
<String CONTENT="2" HEIGHT="39" WIDTH="26" VPOS="3273" HPOS="316"/>
<SP HEIGHT="46" WIDTH="22" VPOS="3273" HPOS="343"/>
<String CONTENT="p." HEIGHT="36" WIDTH="42" VPOS="3283" HPOS="366"/>
<SP HEIGHT="39" WIDTH="29" VPOS="3274" HPOS="409"/>
<String CS="1" CONTENT="1.," HEIGHT="36" WIDTH="10" VPOS="3274" HPOS="439"/>
<SP HEIGHT="40" WIDTH="28" VPOS="3273" HPOS="481"/>
<String CONTENT="184" HEIGHT="40" WIDTH="84" VPOS="3272" HPOS="510"/>
<SP HEIGHT="47" WIDTH="25" VPOS="3272" HPOS="595"/>
<String CONTENT="p." HEIGHT="37" WIDTH="42" VPOS="3282" HPOS="621"/>
<SP HEIGHT="38" WIDTH="58" VPOS="3273" HPOS="664"/>
<String CONTENT="illus.," HEIGHT="48" WIDTH="142" VPOS="3272" HPOS="723"/>
<SP HEIGHT="47" WIDTH="23" VPOS="3273" HPOS="866"/>
<String CONTENT="diagrs." HEIGHT="48" WIDTH="177" VPOS="3272" HPOS="890"/>
<SP HEIGHT="41" WIDTH="57" VPOS="3272" HPOS="1068"/>
<String CS="1" CONTENT="23&#189;" HEIGHT="41" WIDTH="55" VPOS="3270" HPOS="1126"/>
<String STYLE="superscript" CS="1" CONTENT="cm" HEIGHT="21" WIDTH="15" VPOS="3274" HPOS="1215"/>
<String CONTENT="." HEIGHT="9" WIDTH="10" VPOS="3302" HPOS="1261"/>
</TextLine>
<TextLine HEIGHT="43" WIDTH="416" VPOS="3326" HPOS="317">
<String CONTENT="&#8220;First" HEIGHT="41" WIDTH="163" VPOS="3328" HPOS="317"/>
<SP HEIGHT="38" WIDTH="26" VPOS="3331" HPOS="481"/>
<String CONTENT="edition.&#8221;" HEIGHT="42" WIDTH="225" VPOS="3326" HPOS="508"/>
</TextLine>
<TextLine HEIGHT="53" WIDTH="1981" VPOS="3382" HPOS="247">
<String CONTENT="&#169;" HEIGHT="53" WIDTH="53" VPOS="3382" HPOS="247"/>
<SP HEIGHT="53" WIDTH="22" VPOS="3382" HPOS="301"/>
<String CONTENT="Feb." HEIGHT="40" WIDTH="111" VPOS="3386" HPOS="324"/>
<SP HEIGHT="39" WIDTH="21" VPOS="3387" HPOS="436"/>
<String CONTENT="16," HEIGHT="47" WIDTH="70" VPOS="3386" HPOS="458"/>
<SP HEIGHT="47" WIDTH="23" VPOS="3386" HPOS="529"/>
<String CONTENT="1935;" HEIGHT="47" WIDTH="140" VPOS="3384" HPOS="553"/>
<SP HEIGHT="47" WIDTH="24" VPOS="3384" HPOS="694"/>
<String CONTENT="2c." HEIGHT="42" WIDTH="67" VPOS="3384" HPOS="719"/>
<SP HEIGHT="39" WIDTH="24" VPOS="3386" HPOS="787"/>
<String CONTENT="Feb." HEIGHT="40" WIDTH="109" VPOS="3386" HPOS="812"/>
<SP HEIGHT="40" WIDTH="22" VPOS="3386" HPOS="922"/>
<String CONTENT="20;" HEIGHT="48" WIDTH="82" VPOS="3385" HPOS="945"/>
<SP HEIGHT="37" WIDTH="26" VPOS="3396" HPOS="1028"/>
<String CONTENT="aff." HEIGHT="41" WIDTH="81" VPOS="3385" HPOS="1055"/>
<SP HEIGHT="40" WIDTH="24" VPOS="3385" HPOS="1137"/>
<String CONTENT="Feb." HEIGHT="42" WIDTH="109" VPOS="3385" HPOS="1162"/>
<SP HEIGHT="38" WIDTH="26" VPOS="3387" HPOS="1272"/>
<String CONTENT="19;" HEIGHT="47" WIDTH="79" VPOS="3385" HPOS="1299"/>
<SP HEIGHT="46" WIDTH="26" VPOS="3386" HPOS="1379"/>
<!-- cceid 8956ECFB-6D82-1014-B070-FDFD250A9EDA --><String CONTENT="A" HEIGHT="39" WIDTH="41" VPOS="3386" HPOS="1406"/>
<SP HEIGHT="41" WIDTH="23" VPOS="3386" HPOS="1448"/>
<String CONTENT="80509;" HEIGHT="47" WIDTH="169" VPOS="3386" HPOS="1472"/>
<SP HEIGHT="45" WIDTH="27" VPOS="3388" HPOS="1642"/>
<String CONTENT="Military" HEIGHT="48" WIDTH="220" VPOS="3386" HPOS="1670"/>
<SP HEIGHT="36" WIDTH="24" VPOS="3398" HPOS="1891"/>
<String CONTENT="service" HEIGHT="42" WIDTH="181" VPOS="3385" HPOS="1916"/>
<SP HEIGHT="39" WIDTH="22" VPOS="3396" HPOS="2098"/>
<String CONTENT="pub." HEIGHT="48" WIDTH="107" VPOS="3387" HPOS="2121"/>
</TextLine>
<TextLine HEIGHT="50" WIDTH="385" VPOS="3441" HPOS="315">
<String CONTENT="co." HEIGHT="30" WIDTH="65" VPOS="3453" HPOS="315"/>
<SP HEIGHT="48" WIDTH="69" VPOS="3443" HPOS="381"/>
<String CONTENT="(35-5057)" HEIGHT="50" WIDTH="249" VPOS="3441" HPOS="451"/>
</TextLine>
<TextLine HEIGHT="71" WIDTH="1916" VPOS="3540" HPOS="311" STYLEREFS="StyleId-013D2F4E-2FC6-426D-B10F-23882D6A41DF-">
<String CONTENT="The" HEIGHT="54" WIDTH="123" VPOS="3541" HPOS="311"/>
<SP HEIGHT="68" WIDTH="23" VPOS="3542" HPOS="435"/>
<String CONTENT="junior" HEIGHT="69" WIDTH="195" VPOS="3541" HPOS="459"/>
<SP HEIGHT="53" WIDTH="25" VPOS="3541" HPOS="655"/>
<String CONTENT="R." HEIGHT="53" WIDTH="69" VPOS="3541" HPOS="681"/>
<SP HEIGHT="56" WIDTH="32" VPOS="3540" HPOS="751"/>
<String CONTENT="O." HEIGHT="56" WIDTH="67" VPOS="3540" HPOS="784"/>
<SP HEIGHT="51" WIDTH="29" VPOS="3543" HPOS="852"/>
<String CONTENT="T." HEIGHT="51" WIDTH="64" VPOS="3543" HPOS="882"/>
<SP HEIGHT="55" WIDTH="32" VPOS="3542" HPOS="947"/>
<String CONTENT="C." HEIGHT="55" WIDTH="63" VPOS="3542" HPOS="980"/>
<SP HEIGHT="34" WIDTH="29" VPOS="3561" HPOS="1044"/>
<String CONTENT="manual." HEIGHT="53" WIDTH="246" VPOS="3543" HPOS="1074"/>
<SP HEIGHT="51" WIDTH="64" VPOS="3545" HPOS="1321"/>
<String CONTENT="2d" HEIGHT="52" WIDTH="73" VPOS="3543" HPOS="1386"/>
<SP HEIGHT="52" WIDTH="31" VPOS="3543" HPOS="1460"/>
<String CONTENT="ed." HEIGHT="52" WIDTH="83" VPOS="3543" HPOS="1492"/>
<SP HEIGHT="53" WIDTH="65" VPOS="3542" HPOS="1576"/>
<String CONTENT="A" HEIGHT="53" WIDTH="57" VPOS="3542" HPOS="1642"/>
<SP HEIGHT="54" WIDTH="29" VPOS="3542" HPOS="1700"/>
<String CONTENT="complete" HEIGHT="68" WIDTH="274" VPOS="3543" HPOS="1730"/>
<SP HEIGHT="35" WIDTH="29" VPOS="3561" HPOS="2005"/>
<String CONTENT="course" HEIGHT="36" WIDTH="192" VPOS="3559" HPOS="2035"/>
</TextLine>
<TextLine HEIGHT="71" WIDTH="1981" VPOS="3617" HPOS="245" STYLEREFS="StyleId-013D2F4E-2FC6-426D-B10F-23882D6A41DF-">
<String CONTENT="for" HEIGHT="52" WIDTH="94" VPOS="3617" HPOS="245"/>
<SP HEIGHT="52" WIDTH="22" VPOS="3619" HPOS="340"/>
<String CONTENT="high" HEIGHT="69" WIDTH="142" VPOS="3618" HPOS="363"/>
<SP HEIGHT="51" WIDTH="25" VPOS="3620" HPOS="506"/>
<String CONTENT="school" HEIGHT="52" WIDTH="189" VPOS="3619" HPOS="532"/>
<SP HEIGHT="52" WIDTH="26" VPOS="3619" HPOS="722"/>
<String CONTENT="students." HEIGHT="52" WIDTH="269" VPOS="3620" HPOS="749"/>
<SP HEIGHT="52" WIDTH="63" VPOS="3620" HPOS="1019"/>
<String CONTENT="Fully" HEIGHT="68" WIDTH="174" VPOS="3620" HPOS="1083"/>
<SP HEIGHT="67" WIDTH="25" VPOS="3621" HPOS="1258"/>
<String CONTENT="illustrated," HEIGHT="68" WIDTH="340" VPOS="3620" HPOS="1284"/>
<SP HEIGHT="49" WIDTH="26" VPOS="3639" HPOS="1625"/>
<String CONTENT="with" HEIGHT="53" WIDTH="140" VPOS="3620" HPOS="1652"/>
<SP HEIGHT="67" WIDTH="26" VPOS="3621" HPOS="1793"/>
<String CONTENT="questions" HEIGHT="69" WIDTH="284" VPOS="3619" HPOS="1820"/>
<SP HEIGHT="54" WIDTH="27" VPOS="3619" HPOS="2105"/>
<String CONTENT="for" HEIGHT="52" WIDTH="93" VPOS="3619" HPOS="2133"/>
</TextLine>
<TextLine HEIGHT="72" WIDTH="1984" VPOS="3694" HPOS="241" STYLEREFS="StyleId-013D2F4E-2FC6-426D-B10F-23882D6A41DF-">
<String CONTENT="self-test" HEIGHT="55" WIDTH="245" VPOS="3694" HPOS="241"/>
<SP HEIGHT="47" WIDTH="29" VPOS="3701" HPOS="487"/>
<String CONTENT="and" HEIGHT="52" WIDTH="112" VPOS="3696" HPOS="517"/>
<SP HEIGHT="52" WIDTH="32" VPOS="3696" HPOS="630"/>
<String CONTENT="examination." HEIGHT="53" WIDTH="398" VPOS="3696" HPOS="663"/>
<SP HEIGHT="69" WIDTH="78" VPOS="3695" HPOS="1062"/>
<String CONTENT="(Includes" HEIGHT="69" WIDTH="292" VPOS="3695" HPOS="1141"/>
<SP HEIGHT="34" WIDTH="31" VPOS="3716" HPOS="1434"/>
<String CONTENT="all" HEIGHT="52" WIDTH="77" VPOS="3697" HPOS="1466"/>
<SP HEIGHT="52" WIDTH="32" VPOS="3697" HPOS="1544"/>
<String CONTENT="technical" HEIGHT="54" WIDTH="277" VPOS="3696" HPOS="1577"/>
<SP HEIGHT="51" WIDTH="35" VPOS="3698" HPOS="1855"/>
<String CONTENT="changes" HEIGHT="68" WIDTH="242" VPOS="3698" HPOS="1891"/>
<SP HEIGHT="50" WIDTH="31" VPOS="3700" HPOS="2134"/>
<String CONTENT="to" HEIGHT="48" WIDTH="59" VPOS="3700" HPOS="2166"/>
</TextLine>
<TextLine HEIGHT="72" WIDTH="1983" VPOS="3770" HPOS="241" STYLEREFS="StyleId-013D2F4E-2FC6-426D-B10F-23882D6A41DF-" CS="1">
<String CONTENT="February," HEIGHT="70" WIDTH="312" VPOS="3770" HPOS="241"/>
<SP HEIGHT="63" WIDTH="28" VPOS="3776" HPOS="554"/>
<String CONTENT="1935)" HEIGHT="69" WIDTH="161" VPOS="3770" HPOS="583"/>
<SP HEIGHT="69" WIDTH="71" VPOS="3770" HPOS="745"/>
<String CONTENT="By" HEIGHT="67" WIDTH="89" VPOS="3773" HPOS="817"/>
<SP HEIGHT="68" WIDTH="26" VPOS="3772" HPOS="907"/>
<String CONTENT="Colonel" HEIGHT="55" WIDTH="233" VPOS="3772" HPOS="934"/>
<SP HEIGHT="52" WIDTH="24" VPOS="3774" HPOS="1168"/>
<String CONTENT="P." HEIGHT="52" WIDTH="66" VPOS="3774" HPOS="1193"/>
<SP HEIGHT="56" WIDTH="28" VPOS="3772" HPOS="1260"/>
<String CONTENT="S." HEIGHT="56" WIDTH="57" VPOS="3772" HPOS="1289"/>
<SP HEIGHT="51" WIDTH="28" VPOS="3775" HPOS="1347"/>
<String CONTENT="Bond" HEIGHT="52" WIDTH="167" VPOS="3775" HPOS="1376"/>
<SP HEIGHT="52" WIDTH="31" VPOS="3775" HPOS="1544"/>
<String CS="1" CONTENT="&#8230;"/>
<SP HEIGHT="53" WIDTH="63" VPOS="3774" HPOS="1634"/>
<String CONTENT="Harrisburg," HEIGHT="70" WIDTH="377" VPOS="3772" HPOS="1698"/>
<SP HEIGHT="67" WIDTH="25" VPOS="3774" HPOS="2076"/>
<String CONTENT="Pa.," HEIGHT="66" WIDTH="122" VPOS="3774" HPOS="2102"/>
</TextLine>
<TextLine HEIGHT="70" WIDTH="1318" VPOS="3847" HPOS="242" STYLEREFS="StyleId-013D2F4E-2FC6-426D-B10F-23882D6A41DF-" CS="1">
<String CONTENT="The" HEIGHT="52" WIDTH="120" VPOS="3847" HPOS="242"/>
<SP HEIGHT="52" WIDTH="22" VPOS="3848" HPOS="363"/>
<String CONTENT="Military" HEIGHT="66" WIDTH="265" VPOS="3848" HPOS="386"/>
<SP HEIGHT="47" WIDTH="24" VPOS="3867" HPOS="652"/>
<String CONTENT="service" HEIGHT="54" WIDTH="208" VPOS="3847" HPOS="677"/>
<SP HEIGHT="48" WIDTH="26" VPOS="3867" HPOS="886"/>
<String CONTENT="publishing" HEIGHT="68" WIDTH="334" VPOS="3849" HPOS="913"/>
<SP HEIGHT="50" WIDTH="25" VPOS="3867" HPOS="1248"/>
<String CONTENT="co." HEIGHT="36" WIDTH="79" VPOS="3866" HPOS="1274"/>
<SP HEIGHT="34" WIDTH="33" VPOS="3882" HPOS="1354"/>
<String CS="1" CONTENT="[1935]" HEIGHT="65" WIDTH="152" VPOS="3851" HPOS="1408"/>
</TextLine>
<TextLine HEIGHT="50" WIDTH="875" VPOS="3919" HPOS="312" CS="1">
<String CONTENT="2" HEIGHT="38" WIDTH="26" VPOS="3919" HPOS="312"/>
<SP HEIGHT="48" WIDTH="25" VPOS="3919" HPOS="339"/>
<String CONTENT="p." HEIGHT="37" WIDTH="42" VPOS="3930" HPOS="365"/>
<SP HEIGHT="42" WIDTH="28" VPOS="3921" HPOS="408"/>
<String CS="1" CONTENT="l.,"/>
<SP HEIGHT="47" WIDTH="28" VPOS="3921" HPOS="481"/>
<String CONTENT="168" HEIGHT="41" WIDTH="83" VPOS="3919" HPOS="510"/>
<SP HEIGHT="48" WIDTH="28" VPOS="3919" HPOS="594"/>
<String CONTENT="p." HEIGHT="37" WIDTH="42" VPOS="3930" HPOS="623"/>
<SP HEIGHT="40" WIDTH="59" VPOS="3920" HPOS="666"/>
<String CONTENT="illus.," HEIGHT="49" WIDTH="140" VPOS="3920" HPOS="726"/>
<SP HEIGHT="47" WIDTH="28" VPOS="3922" HPOS="867"/>
<String CONTENT="diagrs." HEIGHT="46" WIDTH="176" VPOS="3922" HPOS="896"/>
<SP HEIGHT="40" WIDTH="59" VPOS="3920" HPOS="1073"/>
<String CS="1" CONTENT="23&#189;cm." HEIGHT="42" WIDTH="54" VPOS="3920" HPOS="1133"/>
</TextLine>
</TextBlock>
</PrintSpace>
</Page>
</Layout>
</alto>