2424 4375
1033 4075 131 52 1749

176 453 289 65 Duvernois,
501 454 203 61 Henri,
743 457 167 48 1875-

286 527 1449 66 … La maison Camille. Paris, B. Grasset [1935]
187 600 84 40 261
297 612 57 37 p.,
384 601 24 38 1
457 630 9 10 l.
527 600 115 41 19cm.

188 658 62 39 At
277 658 124 39 head
430 657 50 40 of
507 656 108 41 title
632 668 9 28 :
674 656 168 48 Henry
871 657 284 41 Duvernois.

188 711 1920 50 Contents.— La maison Camille.— Péripétie. —Tzz … — Mimétisme. —
119 771 33 36 A
198 769 190 41 l’instar
429 770 58 41 de
529 781 59 29 m.
632 769 378 42 Descomettant.
1052 772 58 39 de
1152 769 268 47 Casanova,
1464 772 58 39 de
1563 771 197 46 Raehel,
1803 772 57 39 de
1902 771 103 46 Job,
2048 773 57 38 de

121 826 253 46 Brummel,
405 828 57 39 de
491 826 928 41 Flaubert.—Ammena.—Rencontres.

117 888 52 53 ©
194 893 118 45 Aug.
337 892 70 47 20,
431 892 112 40 1935;
657 924 8 7 1c.
693 891 101 41 Oct.
821 892 79 46 15;
932 892 97 38 A-
1035 891 204 47 Foreign
1266 891 143 40 29481
1428 903 8 30 :
1468 882 227 50 Éditions:
1718 894 220 38 Bernard
188 893 1904 95 Grasset.
344 949 279 46 (35-37300)

117 1049 323 64 Dwiggins,
473 1050 253 55 William
759 1051 282 64 Addison,
1076 1055 170 49 1880-

185 1128 57 51 A
267 1126 218 54 bakers’
518 1127 172 52 dozen
724 1126 62 52 of
816 1126 261 55 emblems;
1142 1126 287 68 drawings
1461 1126 70 68 by
1564 1126 88 53 W.
1687 1127 68 50 A.
1789 1123 320 70 Dwiggins,

117 1203 1992 69 and verses by William Rose Ben é t, collected from various
117 1282 259 53 numbers
414 1281 62 52 of
514 1283 94 51 the
645 1280 289 69 Saturday
971 1282 204 51 review
1216 1280 60 53 of
1314 1282 295 52 literature
1648 1281 183 54 issued
1873 1282 58 51 in
1973 1281 134 51 1927

119 1360 111 51 and
266 1361 151 64 1928,
450 1364 112 51 and
598 1358 246 67 Electra,
878 1378 32 34 a
942 1376 121 36 new
1100 1358 254 67 linotype
1391 1358 122 52 face
1548 1358 150 51 from
1733 1360 92 51 the
1863 1358 147 51 hand
2050 1359 61 50 of

117 1436 93 51 the
247 1435 121 53 said
406 1435 88 53 W.
531 1436 71 53 A.
641 1435 69 51 D.
803 1434 312 69 Brooklyn,
1153 1434 69 55 N.
1264 1434 89 67 Y.,
1390 1435 424 68 Mergenthaler
1853 1437 255 67 linotype

118 1530 292 51 company,
439 1515 148 49 1935.

189 1583 83 49 [40]
304 1594 43 37 p.
407 1584 127 39 illus.
595 1583 116 41 20cm.

185 1640 71 40 On
283 1649 139 30 cover
440 1650 9 29 :
481 1640 242 39 Emblems
751 1641 95 39 and
873 1640 208 40 Electra.

184 1695 101 41 The
313 1705 162 31 verses
506 1706 125 30 were
663 1696 197 40 written
892 1699 48 37 to
971 1697 237 47 interpret
1241 1697 70 39 W.
1345 1698 52 39 A.
1430 1697 262 49 Dwiggins’
1725 1699 245 45 drawings.
2045 1699 62 48 cf.

116 1762 40 37 p.
191 1752 55 49 [3]

186 1807 251 42 “Electra”
471 1819 100 29 was
605 1809 229 47 designed
865 1809 79 39 for
979 1809 80 40 the
1095 1809 359 46 Mergenthaler
1488 1810 215 48 linotype
1739 1819 246 40 company,
2046 1812 61 48 cf.

116 1875 41 38 p.
191 1865 84 49 [33]

117 1921 51 53 ©
192 1926 118 46 Aug.
337 1925 67 41 23,
432 1924 112 40 1935;
598 1923 66 41 2c.
692 1925 95 39 and
813 1924 79 39 aff.
920 1925 117 39 Nov.
1064 1924 25 38 2;
1145 1924 41 38 A
1239 1923 114 41 89174;
1412 1925 363 46 Mergenthaler
1798 1926 215 48 linotype
2040 1937 67 29 co.

192 1982 278 50 [Copyright
502 1982 42 38 is
577 1982 206 39 claimed
815 1992 59 29 on
906 1980 278 41 “Comment
1220 1981 58 47 by
1313 1981 69 39 W.
1417 1983 53 38 A.
1507 1983 55 37 D.
1598 1993 60 29 on
1694 1993 25 27 a
1756 1992 105 30 new
1894 1981 217 49 linotype

186 2041 152 46 face”]
411 2038 279 48 (35-34010)

118 2134 245 65 Edman,
391 2135 195 63 Irwin,
617 2138 169 49 1896-

185 2213 121 52 The
341 2212 158 52 mind
533 2211 63 53 of
630 2211 166 67 Paul,
829 2211 74 68 by
935 2211 179 52 Irwin
1151 2211 243 52 Edman.
1465 2211 137 52 New
1640 2211 178 66 York,
1853 2211 73 53 H.
1965 2211 141 52 Holt

117 2290 110 52 and
257 2307 279 50 company
587 2291 175 65 [c1935]

185 2361 1856 50 5 p. l., 3-187 p. 21cm. (Half-title: Studies in religion and culture)
189 2420 373 40 Schermerhorn
594 2419 181 41 lecture
869 2451 8 8 III.

189 2477 346 47 Bibliography
553 2487 8 27 :
592 2487 42 37 p.
666 2474 214 41 183-184.

121 2529 51 53 ©
199 2535 117 38 Nov.
347 2535 66 39 21.
447 2534 138 38 1935;
617 2537 66 35 2c.
715 2533 96 38 and
841 2531 80 40 aff.
953 2532 118 39 Nov.
1102 2530 81 47 22;
1217 2532 40 38 A
1288 2532 141 39 88427;
1491 2533 167 47 Henry
1692 2533 117 39 Holt
1838 2532 35 40 &
1904 2541 80 34 co.,
2017 2533 90 40 inc.

197 2590 278 48 (35-33561)

118 2678 1966 143 Das Ehrenbuch der deutschen schweren artillerie. 2. bd. Berlin, Vaterländischer verlag C. A. Weller [ c1934]
186 2827 1923 50 9 p. l., 3-548 p. col. front., illus. (inch ports.) plates (part col.) maps,
117 2884 699 48 fold. table, diagrs. 32 ½cm .
121 2937 1638 53 © Jan. 1, 1934; 1c . July 3: A-Foreign 26837: C. A. Weller.
120 3029 159 65 Ellis,
309 3030 291 65 Carleton,
630 3033 170 50 1876-

183 3104 1922 71 The chemistry of synthetic resins, by Carleton Ellis … New
117 3182 176 69 York,
321 3184 285 52 Reinhold
634 3183 332 69 publishing
993 3183 381 68 corporation,
1406 3186 148 49 1935.

187 3256 26 39 2
275 3288 9 8 v.
345 3257 128 39 illus.,
518 3257 178 46 diagrs.
756 3255 144 41 23½cm.

186 3312 159 48 Paged
374 3313 352 46 continuously.

186 3368 158 41 Blank
366 3379 147 38 pages
537 3369 79 40 for
640 3369 369 41 “Memoranda”
1035 3372 50 37 at
1108 3371 89 38 end
1227 3370 52 39 of
1302 3370 115 41 each
1446 3369 200 39 volume.

190 3423 1918 51 “The first edition … appeared in 1923 as Synthetic resins and their
117 3481 432 45 plastics.”—Pref.

189 3536 405 50 Bibliographical
629 3539 272 44 foot-notes.

125 3590 51 53 ©
201 3598 115 38 Nov.
345 3598 69 42 29,
445 3597 139 46 1935;
613 3599 66 38 2c.
707 3598 119 39 each
856 3599 109 38 Dec.
994 3598 53 40 3:
1080 3597 79 39 aff.
1193 3598 116 39 Nov.
1340 3597 57 40 30;
1454 3597 40 38 A
1525 3597 142 39 88487;
1729 3596 237 39 Reinhold
1998 3598 107 45 pub.

188 3654 318 40 corporation.
571 3654 276 49 [Copyright
884 3655 41 38 is
961 3654 204 40 claimed
1202 3665 60 28 on
1298 3654 246 39 additions
1580 3654 95 39 and
1713 3653 249 48 revisions]

201 3710 277 47 (35-34458)

125 3798 233 64 Ellison,
389 3802 137 50 Earl
555 3802 250 51 Jerome.

193 3876 118 52 The
344 3895 103 34 run
487 3877 92 51 for
610 3896 144 47 your
788 3896 216 48 money,
1037 3879 73 64 by
1146 3879 64 50 E.
1246 3879 225 53 Jerome
1514 3877 211 51 Ellison
1763 3876 105 51 and
1909 3875 192 52 Frank

127 3952 1864 69 W. Brock; with an introduction by Edward L. Greene …
