2424 4375
1181 4047 133 49 1544

277 423 273 65 Virginia
579 426 110 52 and
725 424 180 55 South
935 430 219 48 eastern
1186 425 202 67 digest,
1418 427 267 65 covering
1715 429 76 51 all
1822 445 148 35 cases
2003 428 264 66 reported

346 503 59 51 in
439 502 269 67 Virginia
742 506 237 63 reports,
1016 503 183 54 South
1233 508 218 46 eastern
1487 507 254 62 reporter
1777 505 109 50 and
1922 505 227 53 various
346 525 1896 123 reports

528 580 63 54 of
613 581 167 52 south
805 585 217 47 eastern
1048 584 171 50 states
1244 579 152 54 from
1421 580 228 53 earliest
1670 580 181 66 times,
1878 583 138 52 with
2041 586 227 49 current

346 657 343 54 cumulative
720 658 201 67 pocket
950 658 210 52 service
1190 657 245 68 keeping
1465 659 96 52 the
1591 658 185 68 digest
1807 661 209 66 always
2047 666 59 47 to
2136 661 131 52 date

351 778 55 10 …
487 737 89 65 By
602 736 94 53 the
723 734 336 69 publisher’s
1085 735 267 54 editorial
1377 733 149 57 staff.
1589 737 242 54 Volume
1857 741 81 49 35.
2002 739 175 52 Table
2204 739 63 52 of

345 833 149 34 cases
522 814 274 65 digested.
861 814 80 55 St.
969 814 165 64 Paul,
1161 817 158 51 West
1345 814 334 67 publishing
1706 834 77 35 co.
1818 849 11 34 [
1836 823 16 22 c
1859 819 130 49 1935
1997 850 11 33 ]

340 900 61 48 vi,
430 899 113 41 1282
570 911 41 38 p.
673 899 58 40 26
731 902 43 21 cm
781 931 8 8 .

342 971 72 40 On
441 980 139 30 cover;
636 968 117 41 1729
776 972 50 38 to
851 970 126 40 date.

341 1027 134 48 “Key
500 1027 202 39 number
731 1025 222 49 system.”

273 1094 52 53 ©
355 1097 102 41 Oct.
486 1097 69 46 25,
586 1097 116 40 1935;
757 1096 66 40 2c.
851 1096 115 39 Nov.
999 1096 57 41 16;
1113 1095 80 40 aff.
1223 1096 117 40 Nov.
1371 1096 53 38 21;
1487 1097 39 38 A
1556 1094 144 43 89499;
1759 1098 133 39 West
1922 1098 107 48 pub.
2059 1108 67 30 co.

274 1200 195 65 Wells,
501 1200 257 52 Herbert
793 1199 245 64 George,
1074 1201 169 51 1866-

340 1277 220 68 Things
595 1281 57 49 to
687 1293 180 50 come;
904 1295 33 34 a
968 1274 137 69 film,
1134 1275 77 69 by
1240 1275 77 52 H.
1349 1274 68 55 G.
1449 1275 207 63 Wells;
1693 1294 31 34 a
1755 1293 122 35 new
1908 1282 157 61 story
2096 1277 165 52 based

269 1373 73 36 on
384 1355 96 53 the
516 1354 265 53 material
821 1352 300 55 contained
1162 1352 59 53 in
1262 1353 89 55 his
1390 1353 164 68 book,
1596 1353 119 54 The
1756 1354 174 67 shape
1969 1355 64 52 of
2071 1354 194 70 things

271 1437 58 50 to
362 1451 169 36 come.
607 1434 139 52 New
780 1431 178 69 York,
991 1431 121 54 The
1144 1430 334 54 Macmillan
1511 1449 296 52 company,
1844 1434 150 50 1935.

410 1551 9 17 xv,
450 1519 87 41 155
566 1529 42 39 p.
668 1519 147 40 21½cm.

271 1587 52 53 ©
351 1591 101 41 Oct.
479 1590 69 47 29,
578 1589 112 42 1935;
747 1589 66 41 2c.
841 1590 95 39 and
964 1588 80 41 aff.
1074 1588 102 41 Oct.
1203 1589 59 39 30;
1316 1589 40 39 A
1384 1588 140 41 89051;
1585 1590 60 39 H.
1674 1589 52 41 G.
1757 1590 162 47 Wells,
1949 1590 208 40 London.

349 1645 280 49 (35-22628)

272 1748 165 53 West
465 1747 274 65 Virginia
767 1748 111 52 and
910 1748 181 55 South
1120 1753 219 47 eastern
1369 1746 202 68 digest,
1600 1747 266 68 covering
1896 1749 76 52 all
2002 1767 148 35 cases

342 1767 1897 127 reported
571 1826 60 52 in
658 1828 158 53 West
844 1825 268 68 Virginia
1141 1831 238 61 reports,
1408 1824 181 55 South
1618 1831 220 47 eastern
1868 1832 253 61 reporter
2150 1827 112 54 and

343 1905 226 52 various
608 1909 221 63 reports
864 1903 62 53 of
962 1904 166 51 south
1166 1910 219 46 eastern
1423 1908 173 49 states
1632 1903 152 53 from
1821 1904 225 53 earliest
2083 1905 180 67 times,

342 1983 140 53 with
507 1988 229 46 current
758 1981 342 53 cumulative
1125 1981 203 67 pocket
1352 1981 209 55 service
1586 1981 245 68 keeping
1854 1983 95 52 the
1974 1982 185 68 digest
342 1982 1896 145 always

536 2066 57 49 to
635 2060 130 52 date
811 2103 55 9 …
949 2061 87 65 By
1079 2060 95 51 the
1215 2058 337 68 publisher’s
1594 2059 265 53 editorial
1900 2058 148 55 staff.
341 2061 1895 129 Volume
494 2141 82 49 35.
639 2138 176 52 Table
841 2138 62 52 of

931 2156 149 34 cases
1106 2137 271 67 digested.
1444 2136 81 55 St.
1554 2138 164 66 Paul,
1744 2139 161 54 West
1929 2139 333 68 publishing

340 2236 78 35 co.
456 2219 192 64 [c1935]

336 2304 61 47 vi,
422 2302 113 41 1282
563 2314 42 37 p.
664 2302 58 40 26
721 2305 45 21 cm
772 2334 9 8 .

338 2374 73 40 On
438 2383 142 30 cover;
634 2372 113 40 1863
776 2374 50 38 to
853 2372 124 40 date.

338 2429 131 48 “Key
498 2429 200 40 number
727 2427 222 49 system.”

271 2503 52 53 ©
352 2507 101 40 Oct.
483 2506 71 46 25,
582 2505 116 41 1935;
754 2506 65 39 2c.
850 2505 116 40 Nov.
998 2505 54 40 16;
1110 2504 81 41 aff.
1223 2506 116 39 Nov.
1370 2505 54 39 21;
1481 2505 41 39 A
1551 2504 143 42 89498;
1754 2506 133 40 West
1917 2506 106 48 pub.
2057 2516 66 29 co.

271 2609 270 66 Wigand,
569 2609 156 58 Rolf.

339 2684 221 52 Prüfen
594 2683 118 51 und
746 2700 210 35 messen
990 2701 109 33 von
1133 2683 205 52 röhren
1373 2683 116 52 und
1526 2681 349 53 einzeiteilen;
1938 2682 107 53 mit
2080 2683 178 51 einem

269 2760 230 68 anhang;
573 2758 261 69 Sonstige
878 2758 329 54 hilfsmittel
1253 2758 98 53 für
1397 2758 407 53 laboratorium
1847 2758 116 52 und
2008 2757 248 54 kunden-

270 2838 200 53 dienst.
562 2838 128 52 Von
733 2837 140 52 Rolf
913 2835 267 69 Wigand.
1255 2836 114 52 Mit
1413 2838 96 49 148
1554 2834 397 69 abbildungen.
2045 2834 213 68 Berlin,

269 2912 193 57 Union
491 2915 264 54 deutsche
783 2912 586 69 Verlagsgesellschaft
1405 2947 11 34 [
1421 2920 19 21 c
1446 2915 149 64 1934]

338 2998 57 40 90
422 3009 43 37 p.
495 2999 107 41 incl.
634 2999 142 48 illus.,
807 2998 167 48 tables,
1003 3000 178 46 diagrs.
1242 2999 54 40 23
1299 3000 44 21 cm
1348 3030 9 8 .

267 3068 1990 53 © Aug. 24, 1934; 1c. Apr. 5, 1935; A -Foreign 27516; Union deutsche
340 3129 521 49 Verlagsgesellschaft.
931 3128 279 48 (35-22614)

269 3231 234 65 Wyeth,
532 3233 218 51 Newell
781 3233 276 60 Convers,
1090 3234 168 51 1882-
1470 3231 81 52 ed.

340 3308 335 53 Marauders
714 3308 65 53 of
815 3308 94 52 the
947 3326 108 48 sea,
1093 3307 170 69 being
1302 3326 31 33 a
1373 3307 369 67 compilation
1782 3306 64 53 of
1882 3306 198 53 stories
2119 3302 129 56 both

269 3385 294 53 historical
599 3386 112 52 and
750 3385 250 53 fictional
1035 3385 65 53 of
1137 3386 227 52 various
1402 3385 243 67 exploits
1683 3384 64 53 of
1783 3385 95 52 the
1915 3389 147 49 most
269 3390 1960 127 notorious

459 3464 256 66 corsairs,
753 3464 350 66 buccaneers,
1143 3464 228 67 pirates,
1410 3464 323 65 mutineers,
1772 3463 329 68 privateers,
265 3478 1962 131 marooners,
539 3544 90 50 &c.

700 3542 211 53 Edited
945 3544 45 49 &
1021 3542 138 51 with
1194 3560 71 33 an
1299 3541 387 53 introduction
1720 3542 73 67 by
1827 3542 69 52 N.
1932 3541 61 54 C.
2029 3539 221 70 Wyeth,

269 3618 323 54 illustrated
627 3619 73 68 by
737 3620 167 52 Peter
939 3620 186 52 Hurd.
1199 3621 136 52 New
1375 3620 179 66 York,
1590 3618 68 55 G.
1693 3620 65 52 P.
1796 3620 294 52 Putnam’s
2125 3635 124 36 sons

273 3700 191 63 [c1935]

334 3784 65 46 xi,
432 3784 71 48 [3],
531 3783 98 47 319,
661 3785 55 48 [1]
744 3796 42 36 p.
844 3784 126 42 illus.
1026 3785 55 40 24½
1114 3788 43 21 cm
1162 3817 9 8 .

331 3854 287 40 Illustrated
650 3854 358 50 lining-papers.

263 3919 52 53 ©
346 3923 126 47 Sept.
499 3923 69 47 26,
595 3923 113 41 1935;
764 3925 66 39 2c.
860 3925 99 40 Oct.
989 3924 80 47 10;
1100 3925 81 40 aff.
1212 3925 101 41 Oct.
1338 3925 52 47 9;
1421 3926 40 39 A
1489 3925 146 41 87572;
1689 3926 143 40 Peter
1859 3926 154 45 Hurd,
2041 3921 204 44 Chadd's

333 3979 140 48 Ford,
506 3981 82 39 Pa.
658 3979 277 49 (35-23904)
