2424 4375
1009 4103 132 53 1739

105 464 228 64 Muller,
361 464 238 64 Joseph.

175 541 121 50 The
326 540 135 54 Star
489 540 277 66 spangled
793 540 240 65 banner;
1068 541 185 52 words
1283 541 112 52 and
1423 541 178 53 music
1631 541 187 54 issued
1846 543 249 54 between

109 620 334 64 1814-1864;
485 635 73 34 an
597 617 306 52 annotated
942 615 479 69 bibliographical
1461 617 98 54 list
1599 617 140 55 with
1780 621 212 53 notices
2032 622 63 51 of

106 694 93 52 the
243 693 266 54 different
547 693 269 68 versions,
857 700 164 61 texts,
1061 692 273 70 variants,
1372 694 237 55 musical
1651 702 443 63 arrangements,

105 773 112 53 and
239 777 159 48 notes
419 788 72 35 on
511 771 177 54 music
712 769 319 70 publishers
1052 772 60 52 in
1135 773 96 52 the
1252 771 218 56 United
1493 773 204 55 States.
1756 774 338 55 Illustrated

107 848 137 55 with
267 853 98 50 108
386 848 292 68 portraits,
700 848 324 67 facsimiles,
1047 854 100 50 etc.
1207 848 301 69 Compiled
1529 849 76 68 by
1627 851 216 67 Joseph
1867 852 226 55 Muller.

106 928 136 52 New
270 926 178 67 York,
476 926 69 55 G.
574 928 71 52 A.
674 926 190 53 Baker
889 930 45 50 &
961 946 98 36 co.,
1087 927 124 65 inc.,
1244 931 149 50 1935.

176 998 1919 49 5 p. l., 3-223 p. incl. front., 1 illus., ports., facsims. (incl. music) 31cm.
178 1055 145 41 “Five
357 1055 220 40 hundred
609 1054 159 48 copies
801 1057 121 38 have
956 1055 117 40 been
1108 1055 192 48 printed
1335 1056 59 47 by
1427 1055 81 40 the
1540 1056 151 40 Reehl
1727 1055 218 50 printing
106 1067 1971 94 company,
272 1112 107 47 inc.,
406 1113 119 39 New
550 1112 174 41 York.”

176 1169 159 40 Based
359 1168 173 47 chiefly
557 1179 60 30 on
640 1167 251 42 materials
914 1169 231 40 collected
1171 1168 60 48 by
1254 1169 180 47 Joseph
1461 1169 176 40 Muller
1662 1169 95 40 and
1782 1170 230 48 acquired
2035 1170 60 49 by

106 1227 80 38 the
213 1225 206 48 Library
445 1225 52 40 of
525 1224 236 50 Congress
788 1225 50 40 in
863 1224 128 43 1935.

178 1282 224 39 Includes
445 1292 27 29 a
515 1282 136 40 short
696 1282 187 47 history
926 1281 52 41 of
1019 1282 81 40 the
1144 1282 279 48 publishing
1465 1280 245 43 activities
1753 1282 53 41 of
1849 1284 80 39 the
1975 1284 122 41 Carr

104 1338 173 49 family
304 1339 66 49 (p.
401 1338 170 50 39-46)

105 1398 52 53 ©
188 1402 116 40 Nov.
337 1404 40 46 7,
409 1401 114 41 1935;
585 1402 65 40 2c.
685 1402 116 39 Nov.
836 1402 51 41 8;
923 1401 82 41 aff.
1040 1402 117 40 Nov.
1191 1402 55 38 22;
1309 1403 41 38 A
1384 1401 170 48 89564;
1589 1403 43 40 J.
1668 1404 190 46 Muller,
1894 1403 203 47 Closter,

171 1461 54 38 N.
253 1460 43 39 J.
371 1458 278 48 (35-35354)

103 1564 289 64 Mustard,
420 1564 201 63 Harry
649 1562 164 66 Stoll,
844 1566 169 50 1889-

172 1639 1859 68 An introduction to public health, by Harry S. Mustard …
103 1718 136 52 New
271 1716 178 68 York,
480 1717 123 53 The
630 1717 333 53 Macmillan
997 1734 296 50 company,
1326 1721 150 50 1935.

173 1790 50 40 xi
250 1801 58 37 p.,
332 1791 24 38 1
404 1821 23 17 l.,
456 1789 88 41 250
566 1800 44 38 p.
664 1789 57 40 24
723 1791 44 23 cm
773 1821 9 9 .

174 1846 348 49 Bibliography
552 1847 54 40 at
633 1846 92 40 end
752 1845 53 41 of
832 1846 117 40 each
979 1846 215 47 chapter.

100 1907 52 53 ©
181 1911 100 40 Oct.
309 1910 69 47 29,
406 1909 139 47 1935;
576 1909 67 41 2c.
672 1910 96 39 and
795 1908 80 41 aff.
907 1909 102 40 Oct.
1036 1909 83 46 30;
1150 1910 40 38 A
1219 1909 170 47 89055;
1421 1909 282 40 Macmillan
1730 1918 68 32 co.

182 1967 279 49 (35-33158)

100 2071 185 63 Nash,
312 2072 115 63 Jay
451 2071 220 65 Bryan,
699 2074 171 50 1886-
1080 2071 83 52 ed.

170 2149 479 68 Interpretations
693 2149 63 52 of
798 2148 258 69 physical
1099 2148 315 53 education.
1514 2168 52 34 [v.
1610 2155 46 60 5]
1703 2149 392 53 Professional

99 2226 1992 69 preparation … Edited by Jay B. Nash … New York, A. S.
101 2308 214 51 Barnes
344 2307 111 51 and
484 2324 296 48 company,
806 2305 418 68 incorporated,
1255 2309 148 49 1935.

172 2391 43 34 x,
255 2379 85 39 423
379 2389 40 37 p.
489 2379 156 39 tables
673 2377 136 49 (part
845 2378 144 48 fold.)
1037 2376 177 49 diagrs.
1285 2377 54 40 19½
1372 2381 44 21 cm
1422 2410 8 9 .
1509 2378 196 48 (School
1746 2378 51 40 of
1837 2379 258 41 education

97 2436 163 42 series.
291 2436 117 38 New
435 2435 131 39 York
595 2434 295 48 university)

213 2491 1880 49 Vol. I published 1930· under title: Symposium on physical education
96 2551 96 38 and
222 2550 179 40 health.

168 2607 222 39 Includes
423 2605 389 47 bibliographies.

100 2659 52 53 ©
179 2664 116 39 Nov.
324 2663 70 47 14,
419 2662 140 47 1935;
588 2661 67 41 2c.
682 2662 117 39 Nov.
827 2661 82 47 18;
940 2661 81 40 aff.
1050 2661 117 40 Nov.
1195 2661 83 47 22;
1308 2661 42 39 A
1375 2660 170 48 89560;
1576 2662 51 39 A.
1661 2661 45 41 S.
1732 2662 187 40 Barnes
1947 2662 38 40 &
2010 2671 83 39 co.,

167 2720 90 39 inc.

98 2821 280 53 National
408 2820 357 54 association
795 2820 63 52 of
888 2818 265 65 building
1184 2835 232 37 owners
1442 2820 115 52 and
1589 2837 334 47 managers.

168 2897 1862 69 The proceedings of the twenty-eighth annual convention …
100 2977 350 52 Xetherland
490 2976 183 67 plaza,
716 2975 343 67 Cincinnati,
1100 2976 169 66 Ohio,
1309 2978 150 53 June
1502 2979 185 64 10-13,
1729 2980 148 48 1935.
99 2975 1965 147 Chicago,
281 3056 120 51 The
426 3053 378 68 Association,
831 3060 17 21 c
855 3058 147 49 1935.

167 3128 130 46 xxiv,
325 3127 89 39 280
436 3138 43 37 p.
536 3128 128 39 illus.
693 3127 130 48 (incl.
854 3126 174 48 ports.)
1094 3126 55 39 23½
1183 3128 42 21 cm
1230 3157 8 8 .

166 3184 313 47 Advertising
507 3187 205 36 matter;
744 3195 42 36 p.
818 3182 215 41 241-274.

97 3236 1995 53 © Oct. 18, 1935; 2c. and aff. Nov. 18; A 89398; Natl. assn. of building
167 3307 188 30 owners
381 3298 35 39 &
443 3306 271 38 managers,
744 3296 220 48 Chicago.

97 3400 328 53 Nebraska.
499 3401 276 65 Supreme
806 3406 172 45 court.

167 3472 1921 72 Reports of cases … volumes 127-128. Henry P. Stoddart,
97 3551 196 56 official
348 3559 269 62 reporter.
693 3553 256 56 Lincoln,
1002 3554 157 55 Neb.,
1213 3551 209 56 Claflin
1477 3552 261 69 printing
1792 3570 296 50 company,

100 3636 147 49 1935.

163 3706 25 37 2
220 3716 28 28 v
321 3705 56 37 22
379 3706 42 21 cm

441 3770 106 29 CONTENTS.—v.
596 3758 101 43 127.
747 3761 220 46 January
1015 3759 94 40 and
1161 3759 275 48 September
1486 3762 164 43 terms,
1699 3757 233 41 1934.—v.
1985 3757 102 41 128.

96 3818 274 45 September
399 3820 137 43 term,
566 3816 126 45 1934,
723 3818 94 37 and
847 3816 221 46 January
1098 3819 136 43 term,
1265 3815 127 40 1935.

97 3883 41 29 v.
167 3873 98 43 127,
293 3869 52 52 ©
374 3873 109 39 Feb.
514 3873 69 46 11,
610 3871 139 46 1935;
781 3872 67 39 2c.
878 3873 118 37 Mar.
1029 3871 53 47 9;
1114 3871 79 40 aff.
1225 3872 118 38 Nov.
1373 3871 82 45 25;
1488 3882 42 28 v.
1561 3870 98 46 128,
1689 3865 52 53 ©
1774 3871 127 46 Sept.
1931 3870 54 46 3;
2016 3869 68 40 2c.

166 3929 125 47 Sept.
321 3929 29 39 6;
405 3928 80 40 aff.
515 3930 114 38 Nov.
660 3928 83 47 25;
774 3930 40 37 A
843 3928 156 48 89612,
1029 3927 141 42 89613;
1231 3928 167 46 Henry
1429 3927 49 40 P.
1513 3926 245 49 Stoddart,
1786 3928 220 46 reporter
2034 3926 51 39 of

171 3987 79 39 the
283 3987 230 46 Supreme
540 3990 150 42 court,
721 3986 77 38 for
829 3986 81 39 the
938 3984 179 41 benefit
1143 3984 51 40 of
1224 3985 80 39 the
1334 3986 127 38 state
1491 3983 54 40 of
1573 3983 265 47 Nebraska,
1869 3981 214 49 Lincoln,

166 4043 114 39 Neb.
