2424 4375
1239 4135 135 54 1736

325 455 162 54 Joint
541 456 334 64 expedition
930 457 64 53 of
1046 458 104 52 the
1202 459 288 63 Baghdad
1543 461 214 65 school,
1813 463 102 53 the
1969 465 342 66 University

393 548 289 49 museum,
707 535 115 51 and
848 535 250 62 Dropsie
1122 536 233 63 college,
1382 540 64 49 to
1470 539 445 62 Mesopotamia.

455 612 1858 76 … Excavations at Tepe Gawra … volume I. Levels I-VIII,
324 689 74 66 by
430 690 65 52 E.
527 690 69 52 A.
634 688 252 69 Speiser;
919 691 139 51 with
1092 709 31 33 a
1153 692 234 65 chapter
1418 692 74 67 by
1523 694 263 67 Dorothy
1820 696 167 55 Cross
2018 699 112 51 and
325 716 1965 105 occasional
545 772 158 48 notes
740 766 75 67 by
856 769 146 51 Paul
1044 768 230 52 Beidler
1315 770 111 51 and
1469 770 234 54 Charles
1745 774 202 53 Bache.
326 775 1964 136 Philadelphia,
519 845 142 53 Pub.
702 845 97 52 for
835 845 94 52 the
965 846 307 52 American
1310 847 218 54 schools
1567 847 63 54 of
1668 852 239 51 oriental
1949 855 255 51 research
2242 856 73 66 by

324 923 96 52 the
457 923 336 66 University
831 922 62 52 of
930 924 424 66 Pennsylvania
1392 944 175 48 press,
1608 931 147 49 1935.

397 994 96 48 xvi,
523 994 89 41 220
638 1005 42 37 p.
739 995 163 46 front.,
934 995 169 48 plates,
1136 1006 123 38 map,
1293 998 143 45 plans
1462 996 135 49 (part
1626 999 144 47 fold.)
1837 1000 56 39 30
1895 1004 44 19 cm
1946 1033 7 8 .
2024 1003 293 48 (Half-title:

324 1052 333 40 Publications
680 1051 54 40 of
755 1052 84 39 the
862 1052 259 40 American
1145 1053 187 40 schools
1360 1053 53 39 of
1436 1054 210 41 oriental
1676 1058 236 39 research.
1973 1058 343 50 [Publications

323 1110 52 38 of
402 1110 81 39 the
512 1109 236 47 Baghdad
776 1109 175 39 school.
1011 1108 328 41 Excavations.
1412 1112 90 39 vol.
1556 1131 9 30 I]

392 1165 373 40 Abbreviations
808 1166 64 48 (p.
901 1164 111 49 211)

327 1233 53 53 ©
405 1238 101 39 Oct.
531 1238 40 46 4,
597 1235 140 49 1935;
764 1236 68 41 2c.
859 1236 100 41 Oct.
986 1237 81 47 14;
1095 1235 80 42 aff.
1204 1236 101 41 Oct.
1332 1238 47 38 11;
1441 1238 40 38 A
1507 1238 169 47 87671;
1706 1240 280 49 University
2010 1242 55 39 of
397 1243 1900 91 Pennsylvania
569 1304 135 38 press.
789 1292 279 49 (35-36156)

324 1411 195 65 Jones,
551 1411 221 54 Harold
803 1412 272 65 Spencer,
1108 1416 170 49 1890-

395 1487 1922 74 Worlds without end, by H. Spencer Jones … New York,
325 1566 122 54 The
473 1565 332 53 Macmillan
835 1582 294 51 company,
1160 1567 151 51 1935.

394 1645 63 31 xv
482 1646 58 38 p.,
567 1637 26 37 1
641 1665 24 17 l.,
691 1635 87 41 329
804 1645 43 38 p.
905 1636 164 47 front.,
1097 1636 142 46 illus.,
1268 1638 170 47 plates,
1468 1638 177 46 diagrs.
1705 1638 57 40 20
1763 1641 45 21 cm
1813 1672 8 9 .

325 1707 53 52 ©
410 1711 116 38 Nov.
559 1709 70 48 26,
662 1708 140 47 1935;
838 1708 66 40 2c.
938 1710 96 38 and
1066 1708 83 40 aff.
1183 1709 115 39 Nov.
1334 1709 82 46 27;
1453 1710 39 38 A
1526 1708 169 44 89640;
1734 1711 280 41 Macmillan
2048 1723 66 30 co.

407 1767 279 48 (35-33574)

323 1885 308 63 Killinger,
660 1883 197 55 Erich.

396 1962 212 51 Flucht
643 1980 97 34 um
779 1961 92 51 die
908 1960 158 65 erde;
1110 1960 302 52 abenteuer
1449 1961 96 53 des
1584 1961 421 67 Ostseefliegers
2045 1964 78 52 im

323 1966 1968 141 weltkrieg,
539 2057 111 34 von
687 2037 177 53 Erich
898 2036 307 69 Killinger.
1297 2037 111 55 Mit
1447 2038 399 69 abbildungen.
1940 2042 215 67 Berlin,

325 2045 1966 139 Ullstein,
517 2135 128 49 a.-g.
682 2118 170 66 [1934]

394 2192 25 38 1
450 2202 43 29 v.

329 2257 1809 52 © Apr. 26, 1934; 1c. June 14; A-Foreign 24851; Ullstein a.-g.
324 2361 259 65 Kipling,
611 2361 301 63 Rudyard,
944 2364 324 49 1865-1936.

395 2442 57 49 A
490 2436 251 69 Kipling
778 2442 246 62 pageant
1071 2436 108 68 [by]
1226 2437 278 66 Rudyard
1545 2435 263 69 Kipling.
1886 2439 231 55 Garden
2161 2440 149 68 City,

327 2517 68 54 N.
426 2517 91 67 Y.,
543 2514 355 67 Doubleday,
924 2514 198 53 Doran
1149 2517 46 49 &
1223 2530 295 50 company,
1544 2513 125 67 inc.,
1700 2519 147 50 1935.

397 2588 103 41 xvii
528 2599 56 38 p.,
611 2588 26 39 1
699 2618 8 16 l.,
735 2585 87 41 936
849 2596 43 38 p.
951 2586 129 41 illus.
1134 2585 57 39 22
1193 2587 44 21 cm
1240 2616 10 9 .

400 2645 162 40 “First
589 2642 226 42 edition.”

328 2712 54 51 ©
413 2716 117 38 Nov.
563 2713 70 48 29,
666 2713 140 46 1935;
841 2713 65 38 2c.
941 2713 96 38 and
1071 2711 81 40 aff.
1187 2713 111 38 Dec.
1332 2711 25 38 2;
1422 2713 41 37 A
1496 2711 169 47 89678;
1747 2744 8 8 R.
1789 2713 213 48 Kipling,
2038 2715 275 46 Batemans,

394 2772 254 45 Burwash,
679 2770 192 47 Sussex,
901 2769 233 47 England.
1210 2767 279 48 (35-34450)

326 2869 334 69 Kittredge,
694 2873 225 64 George
949 2872 265 61 Watson,
1248 2876 169 49 1856-

393 2949 121 52 The
551 2966 123 35 new
711 2949 171 51 metal
920 2947 222 54 worker
1177 2952 229 63 pattern
1442 2946 174 68 book;
1660 2966 31 33 a
1729 2948 276 67 complete
2044 2948 111 53 and
324 2966 1963 113 systematic
582 3043 192 36 course
802 3024 65 54 of
896 3024 339 54 instruction
1264 3023 60 53 in
1355 3025 95 51 the
1479 3025 235 51 modern
1745 3024 258 54 methods
2034 3024 65 54 of
324 3025 1962 146 developing
528 3102 112 53 and
669 3102 224 69 cutting
921 3103 93 51 the
1044 3106 257 63 patterns
1334 3100 93 54 for
1457 3102 152 52 sheet
1638 3103 172 51 metal
1842 3101 175 69 work,
2048 3101 262 68 covering

326 3180 90 53 the
452 3179 310 68 principles
797 3179 347 69 underlying
1176 3178 338 69 practically
1548 3195 168 51 every
1752 3177 254 69 problem
2043 3178 175 70 likely
2255 3184 55 46 to

324 3274 151 34 come
515 3275 76 49 up
628 3257 60 51 in
726 3255 245 69 practice
1008 3257 113 51 and
1161 3254 335 70 explaining
1529 3256 94 52 the
1663 3254 264 54 selection
1963 3256 113 53 and
2115 3274 95 36 use
2248 3253 62 54 of

325 3333 263 69 drawing
621 3333 144 53 tools
800 3334 112 51 and
946 3333 180 52 linear
1164 3332 112 53 and
1312 3331 362 70 geometrical
1711 3332 264 70 drawing
2006 3352 59 35 so
2104 3333 207 68 clearly

326 3410 122 51 that
483 3428 218 51 anyone
735 3411 127 52 who
896 3410 101 52 has
1030 3410 114 52 had
1177 3428 73 34 no
1286 3408 263 69 previous
1583 3409 333 69 knowledge
1950 3409 65 54 of
2051 3408 258 68 drawing

327 3504 127 49 may
485 3487 349 53 understand
868 3486 152 53 these
1052 3486 290 53 essentials
1377 3486 112 53 and
1523 3487 178 67 apply
1735 3486 154 53 them
1923 3486 60 53 in
2017 3486 168 70 using
2216 3486 91 52 the

326 3580 167 51 many
530 3563 283 68 problems
850 3564 295 67 presented
1182 3563 60 52 in
1280 3563 93 52 the
1412 3563 394 68 development
1840 3562 65 54 of
1943 3569 254 62 patterns
2233 3563 73 67 by

326 3640 91 51 the
449 3641 239 66 parallel
716 3641 131 67 line,
877 3640 215 53 conical
1121 3658 64 34 or
1213 3640 226 67 flaring,
1470 3641 112 51 and
1612 3639 415 69 triangulation
2059 3645 249 64 systems,

327 3716 70 67 by
419 3716 133 53 Geo.
579 3717 86 53 W.
692 3716 303 69 Kittredge
1023 3718 112 51 and
1159 3716 312 53 associates.
1532 3717 138 52 Rev.
1694 3718 113 51 and
1833 3717 107 53 enl.
1964 3717 103 68 ed.,
329 3715 1954 143 including
452 3811 148 33 some
627 3810 122 34 new
778 3793 300 67 problems,
1105 3793 75 67 by
1209 3793 196 51 Frank
1435 3793 76 51 X.
1541 3793 202 52 Morio.
1811 3794 138 51 New
1980 3792 178 68 York,
324 3791 1957 129 Scientific
539 3868 147 52 book
710 3869 379 68 corporation,
1119 3871 150 50 1935.

395 3944 1414 53 2 p. l., [iii]-iv p., 1 l., 526, [1] p. illus., diagrs. 28 cm .
326 4013 53 52 ©
407 4018 110 38 Dec.
549 4018 39 45 4,
620 4016 139 48 1935;
792 4017 67 41 2c.
890 4020 96 38 and
1016 4019 82 40 aff.
1129 4021 112 39 Dec.
1273 4019 83 47 10;
1389 4020 41 39 A
1460 4019 168 47 89780;
1667 4019 241 40 Scientific
1940 4019 120 39 book
398 4027 1891 86 corporation.
585 4073 279 48 (35-36168)
