<alto xmlns="http://www.loc.gov/standards/alto/ns-v3#" xmlns:xlink="http://www.w3.org/1999/xlink" xmlns:xsi="http://www.w3.org/2001/XMLSchema-instance" xsi:schemaLocation="http://www.loc.gov/standards/alto/ns-v3# http://www.loc.gov/alto/v3/alto-3-0.xsd"><Description>
<MeasurementUnit>pixel</MeasurementUnit>
<sourceImageInformation>
<fileName>1935_v32_Part1.pdf</fileName>
</sourceImageInformation>
<OCRProcessing ID="IdOcr">
<ocrProcessingStep>
<processingDateTime>2019-01-15</processingDateTime>
<processingSoftware>
<softwareCreator>ABBYY</softwareCreator>
<softwareName>ABBYY Recognition Server</softwareName>
<softwareVersion>4.0</softwareVersion>
</processingSoftware>
</ocrProcessingStep>
</OCRProcessing>
</Description>
<Styles>
<ParagraphStyle ID="StyleId-FFFFFFFF-FFFF-FFFF-FFFF-FFFFFFFFFFFF-" ALIGN="Left" LEFT="0." RIGHT="0." FIRSTLINE="0."/>
<ParagraphStyle ID="StyleId-09A13A44-4F77-4ABE-84F3-84CC8B3C72CE-" ALIGN="Left" LEFT="0." RIGHT="0." FIRSTLINE="0." LINESPACE="7.699999809"/>
<ParagraphStyle ID="StyleId-1F945060-F8CD-4435-B69A-5FF49DB0C586-" ALIGN="Left" LEFT="0." RIGHT="0." FIRSTLINE="-10." LINESPACE="12.19999981"/>
<ParagraphStyle ID="StyleId-C6CAE747-F5A4-4D0D-8D74-D452DA7E2C1C-" ALIGN="Block" LEFT="0." RIGHT="0." FIRSTLINE="-14." LINESPACE="8.350000381"/>
<ParagraphStyle ID="StyleId-FC0F3374-189A-459E-BE29-2DC14180F022-" ALIGN="Left" LEFT="0." RIGHT="0." FIRSTLINE="0."/>
<ParagraphStyle ID="StyleId-49397C49-A894-4B3E-BA5E-1126226BA375-" ALIGN="Left" LEFT="0." RIGHT="0." FIRSTLINE="-12." LINESPACE="11.09000015"/>
<ParagraphStyle ID="StyleId-9E34DD3A-E661-48BD-A3A1-6A3D48346F00-" ALIGN="Block" LEFT="0." RIGHT="0." FIRSTLINE="-14." LINESPACE="11.09000015"/>
<ParagraphStyle ID="StyleId-56CE54AA-A08B-4BAA-8605-F26020A0E36E-" ALIGN="Left" LEFT="0." RIGHT="0." FIRSTLINE="0." LINESPACE="9.399999619"/>
<ParagraphStyle ID="StyleId-77814FFC-C42F-4AA9-9880-EF33B947DEC8-" ALIGN="Left" LEFT="0." RIGHT="0." FIRSTLINE="-11." LINESPACE="11.06999969"/>
<ParagraphStyle ID="StyleId-FDE92EC0-67DC-4C7B-8A24-094B12C38B6C-" ALIGN="Center" LEFT="0." RIGHT="0." FIRSTLINE="0." LINESPACE="11.30000019"/>
<ParagraphStyle ID="StyleId-65180E3B-4C93-4FB8-81EE-E026DD63DBF3-" ALIGN="Left" LEFT="0." RIGHT="0." FIRSTLINE="0." LINESPACE="11.10000038"/>
<ParagraphStyle ID="StyleId-10E885C2-5813-4620-B0AA-0FBA30CF7A32-" ALIGN="Left" LEFT="0." RIGHT="0." FIRSTLINE="0." LINESPACE="9.5"/>
<ParagraphStyle ID="StyleId-913C2DB5-9F02-4067-BAF7-0AED37B60BBE-" ALIGN="Left" LEFT="0." RIGHT="0." FIRSTLINE="0." LINESPACE="6.099999905"/>
<ParagraphStyle ID="StyleId-9C79A9D2-8F08-4A8F-985D-B00E253ED1E5-" ALIGN="Left" LEFT="0." RIGHT="0." FIRSTLINE="0." LINESPACE="4.400000095"/>
<ParagraphStyle ID="StyleId-A41F0407-FEFE-4738-9EC5-E05AFFF62781-" ALIGN="Left" LEFT="0." RIGHT="0." FIRSTLINE="0." LINESPACE="7.300000191"/>
<ParagraphStyle ID="StyleId-61D37176-94E8-408D-9B87-01C406CE8AB2-" ALIGN="Left" LEFT="0." RIGHT="0." FIRSTLINE="0." LINESPACE="8.050000191"/>
</Styles>
<Layout>
<Page ID="Page595" PHYSICAL_IMG_NR="595" HEIGHT="4375" WIDTH="2424">
<TopMargin HEIGHT="408" WIDTH="2424" VPOS="0" HPOS="0">
</TopMargin>
<LeftMargin HEIGHT="3581" WIDTH="118" VPOS="408" HPOS="0">
</LeftMargin>
<RightMargin HEIGHT="3581" WIDTH="288" VPOS="408" HPOS="2136">
</RightMargin>
<BottomMargin HEIGHT="386" WIDTH="2424" VPOS="3989" HPOS="0">
<TextBlock ID="Page595_Block1" HEIGHT="70" WIDTH="118" VPOS="3996" HPOS="1076" LANG="en-US" STYLEREFS="StyleId-BBB5A546-0ECE-491F-9B73-B9AFC14E23A4-">
<TextLine HEIGHT="49" WIDTH="97" VPOS="4006" HPOS="1086">
<String CONTENT="595" HEIGHT="49" WIDTH="97" VPOS="4006" HPOS="1086"/>
</TextLine>
</TextBlock>
</BottomMargin>
<PrintSpace HEIGHT="3581" WIDTH="2018" VPOS="408" HPOS="118">
<TextBlock ID="Page595_Block2" HEIGHT="3581" WIDTH="2018" VPOS="408" HPOS="118" LANG="en-US" CS="1" STYLEREFS="StyleId-4DBB716B-4303-4C68-A9B8-9A5E065B142D-">
<TextLine HEIGHT="65" WIDTH="966" VPOS="419" HPOS="130" STYLEREFS="StyleId-B2B2F916-7D6A-443B-B743-26D8ED7648AB-">
<String CONTENT="Odell," HEIGHT="65" WIDTH="178" VPOS="419" HPOS="130"/>
<SP HEIGHT="63" WIDTH="31" VPOS="421" HPOS="309"/>
<String CONTENT="Charles" HEIGHT="55" WIDTH="245" VPOS="419" HPOS="341"/>
<SP HEIGHT="52" WIDTH="24" VPOS="421" HPOS="587"/>
<String CONTENT="Watters," HEIGHT="62" WIDTH="281" VPOS="420" HPOS="612"/>
<SP HEIGHT="59" WIDTH="31" VPOS="423" HPOS="894"/>
<String CONTENT="1891-" HEIGHT="49" WIDTH="170" VPOS="423" HPOS="926"/>
</TextLine>
<TextLine HEIGHT="66" WIDTH="1796" VPOS="507" HPOS="264" STYLEREFS="StyleId-A025151B-9456-4334-AE46-B110A3FBD02E-" CS="1">
<String CS="1" CONTENT="&#8230;"/>
<SP HEIGHT="53" WIDTH="38" VPOS="510" HPOS="264"/>
<String CONTENT="Statistical" HEIGHT="54" WIDTH="318" VPOS="509" HPOS="303"/>
<SP HEIGHT="50" WIDTH="31" VPOS="510" HPOS="622"/>
<String CONTENT="method" HEIGHT="52" WIDTH="228" VPOS="509" HPOS="654"/>
<SP HEIGHT="50" WIDTH="29" VPOS="509" HPOS="883"/>
<String CONTENT="in" HEIGHT="50" WIDTH="62" VPOS="509" HPOS="913"/>
<SP HEIGHT="34" WIDTH="27" VPOS="526" HPOS="976"/>
<String CONTENT="education," HEIGHT="64" WIDTH="318" VPOS="509" HPOS="1004"/>
<SP HEIGHT="64" WIDTH="29" VPOS="509" HPOS="1323"/>
<String CONTENT="by" HEIGHT="64" WIDTH="75" VPOS="509" HPOS="1353"/>
<SP HEIGHT="66" WIDTH="32" VPOS="507" HPOS="1429"/>
<String CONTENT="Charles" HEIGHT="54" WIDTH="236" VPOS="507" HPOS="1462"/>
<SP HEIGHT="52" WIDTH="29" VPOS="508" HPOS="1699"/>
<String CONTENT="W." HEIGHT="52" WIDTH="90" VPOS="508" HPOS="1729"/>
<SP HEIGHT="53" WIDTH="34" VPOS="507" HPOS="1820"/>
<String CONTENT="Odell" HEIGHT="53" WIDTH="167" VPOS="507" HPOS="1855"/>
<SP HEIGHT="50" WIDTH="37" VPOS="508" HPOS="2023"/>
<String CS="1" CONTENT="&#8230;"/>
</TextLine>
<TextLine HEIGHT="147" WIDTH="1966" VPOS="584" HPOS="129" STYLEREFS="StyleId-A025151B-9456-4334-AE46-B110A3FBD02E-" CS="1">
<String CONTENT="New" HEIGHT="52" WIDTH="137" VPOS="586" HPOS="130"/>
<SP HEIGHT="51" WIDTH="48" VPOS="587" HPOS="268"/>
<String CONTENT="York," HEIGHT="66" WIDTH="179" VPOS="586" HPOS="317"/>
<SP HEIGHT="66" WIDTH="44" VPOS="586" HPOS="497"/>
<String CONTENT="London," HEIGHT="66" WIDTH="258" VPOS="585" HPOS="542"/>
<SP HEIGHT="65" WIDTH="45" VPOS="586" HPOS="801"/>
<String CONTENT="D." HEIGHT="51" WIDTH="70" VPOS="586" HPOS="847"/>
<SP HEIGHT="52" WIDTH="46" VPOS="585" HPOS="918"/>
<String CONTENT="Appleton-Century" HEIGHT="66" WIDTH="579" VPOS="585" HPOS="965"/>
<SP HEIGHT="48" WIDTH="48" VPOS="603" HPOS="1545"/>
<String CONTENT="company," HEIGHT="49" WIDTH="295" VPOS="602" HPOS="1594"/>
<SP HEIGHT="67" WIDTH="47" VPOS="584" HPOS="1890"/>
<String CONTENT="incorporated" HEIGHT="147" WIDTH="1966" VPOS="584" HPOS="129"/>
<SP HEIGHT="66" WIDTH="41" VPOS="664" HPOS="366"/>
<String CS="1" CONTENT="[c1935]" HEIGHT="64" WIDTH="172" VPOS="666" HPOS="408"/>
</TextLine>
<TextLine HEIGHT="49" WIDTH="1910" VPOS="747" HPOS="201" CS="1">
<String CONTENT="XX," HEIGHT="35" WIDTH="79" VPOS="761" HPOS="201"/>
<SP HEIGHT="46" WIDTH="15" VPOS="750" HPOS="281"/>
<String CONTENT="457" HEIGHT="39" WIDTH="87" VPOS="750" HPOS="297"/>
<SP HEIGHT="46" WIDTH="15" VPOS="750" HPOS="385"/>
<String CONTENT="p." HEIGHT="36" WIDTH="42" VPOS="760" HPOS="401"/>
<SP/>
<String CS="1" CONTENT="incl."/>
<SP/>
<String CONTENT="illus.," HEIGHT="47" WIDTH="143" VPOS="748" HPOS="590"/>
<SP HEIGHT="44" WIDTH="17" VPOS="751" HPOS="734"/>
<String CONTENT="tables," HEIGHT="46" WIDTH="167" VPOS="749" HPOS="752"/>
<SP HEIGHT="46" WIDTH="17" VPOS="749" HPOS="920"/>
<String CONTENT="diagrs." HEIGHT="48" WIDTH="179" VPOS="747" HPOS="938"/>
<SP HEIGHT="40" WIDTH="65" VPOS="748" HPOS="1118"/>
<String CS="1" CONTENT="20&#189;cm." HEIGHT="42" WIDTH="146" VPOS="747" HPOS="1184"/>
<SP HEIGHT="48" WIDTH="75" VPOS="748" HPOS="1331"/>
<String CONTENT="(Century" HEIGHT="48" WIDTH="237" VPOS="748" HPOS="1407"/>
<SP HEIGHT="37" WIDTH="16" VPOS="758" HPOS="1645"/>
<String CONTENT="education" HEIGHT="40" WIDTH="255" VPOS="747" HPOS="1662"/>
<SP HEIGHT="28" WIDTH="18" VPOS="758" HPOS="1918"/>
<String CONTENT="series)" HEIGHT="46" WIDTH="174" VPOS="748" HPOS="1937"/>
</TextLine>
<TextLine HEIGHT="42" WIDTH="1915" VPOS="816" HPOS="202">
<String CONTENT="A" HEIGHT="37" WIDTH="38" VPOS="820" HPOS="202"/>
<SP HEIGHT="37" WIDTH="26" VPOS="820" HPOS="241"/>
<String CONTENT="revision" HEIGHT="40" WIDTH="208" VPOS="818" HPOS="268"/>
<SP HEIGHT="29" WIDTH="24" VPOS="829" HPOS="477"/>
<String CONTENT="of" HEIGHT="39" WIDTH="51" VPOS="819" HPOS="502"/>
<SP HEIGHT="39" WIDTH="23" VPOS="819" HPOS="554"/>
<String CONTENT="the" HEIGHT="39" WIDTH="80" VPOS="819" HPOS="578"/>
<SP HEIGHT="29" WIDTH="25" VPOS="828" HPOS="659"/>
<String CONTENT="author&#8217;s" HEIGHT="40" WIDTH="216" VPOS="818" HPOS="685"/>
<SP HEIGHT="31" WIDTH="20" VPOS="827" HPOS="902"/>
<String CONTENT="earlier" HEIGHT="41" WIDTH="177" VPOS="816" HPOS="923"/>
<SP HEIGHT="29" WIDTH="24" VPOS="828" HPOS="1101"/>
<String CONTENT="work" HEIGHT="40" WIDTH="134" VPOS="817" HPOS="1126"/>
<SP HEIGHT="41" WIDTH="25" VPOS="817" HPOS="1261"/>
<String CONTENT="entitled" HEIGHT="41" WIDTH="201" VPOS="817" HPOS="1287"/>
<SP HEIGHT="39" WIDTH="26" VPOS="818" HPOS="1489"/>
<String CONTENT="Educational" HEIGHT="40" WIDTH="318" VPOS="817" HPOS="1516"/>
<SP HEIGHT="36" WIDTH="30" VPOS="818" HPOS="1835"/>
<String CONTENT="statistics." HEIGHT="39" WIDTH="251" VPOS="817" HPOS="1866"/>
</TextLine>
<TextLine HEIGHT="50" WIDTH="1723" VPOS="872" HPOS="204" CS="1">
<String CONTENT="&#8220;General" HEIGHT="40" WIDTH="232" VPOS="874" HPOS="204"/>
<SP HEIGHT="39" WIDTH="29" VPOS="874" HPOS="437"/>
<String CONTENT="bibliography&#8221;:" HEIGHT="50" WIDTH="394" VPOS="872" HPOS="467"/>
<SP HEIGHT="38" WIDTH="28" VPOS="884" HPOS="862"/>
<String LANG="fr" CONTENT="p." HEIGHT="38" WIDTH="41" VPOS="884" HPOS="891"/>
<SP HEIGHT="38" WIDTH="28" VPOS="874" HPOS="933"/>
<String CS="1" CONTENT="435-438;" HEIGHT="45" WIDTH="230" VPOS="874" HPOS="962"/>
<SP HEIGHT="45" WIDTH="27" VPOS="874" HPOS="1193"/>
<String CONTENT="bibliographical" HEIGHT="48" WIDTH="397" VPOS="872" HPOS="1221"/>
<SP HEIGHT="39" WIDTH="33" VPOS="872" HPOS="1619"/>
<String CONTENT="foot-notes." HEIGHT="40" WIDTH="274" VPOS="872" HPOS="1653"/>
</TextLine>
<TextLine HEIGHT="53" WIDTH="1989" VPOS="940" HPOS="132">
<String CONTENT="&#169;" HEIGHT="52" WIDTH="52" VPOS="941" HPOS="132"/>
<SP HEIGHT="52" WIDTH="26" VPOS="941" HPOS="185"/>
<String CONTENT="Mar." HEIGHT="38" WIDTH="122" VPOS="946" HPOS="212"/>
<SP HEIGHT="37" WIDTH="11" VPOS="947" HPOS="335"/>
<String CONTENT="27," HEIGHT="47" WIDTH="69" VPOS="944" HPOS="361"/>
<SP HEIGHT="45" WIDTH="27" VPOS="946" HPOS="431"/>
<String CONTENT="1935;" HEIGHT="47" WIDTH="139" VPOS="943" HPOS="459"/>
<SP HEIGHT="48" WIDTH="28" VPOS="942" HPOS="599"/>
<String CONTENT="2c." HEIGHT="41" WIDTH="67" VPOS="942" HPOS="628"/>
<SP HEIGHT="38" WIDTH="28" VPOS="945" HPOS="696"/>
<String CONTENT="Apr." HEIGHT="46" WIDTH="112" VPOS="945" HPOS="725"/>
<SP HEIGHT="37" WIDTH="28" VPOS="946" HPOS="838"/>
<String CONTENT="1;" HEIGHT="40" WIDTH="50" VPOS="946" HPOS="867"/>
<SP HEIGHT="32" WIDTH="32" VPOS="954" HPOS="918"/>
<String CONTENT="aff." HEIGHT="40" WIDTH="82" VPOS="943" HPOS="951"/>
<SP HEIGHT="38" WIDTH="26" VPOS="945" HPOS="1034"/>
<String CONTENT="Apr." HEIGHT="45" WIDTH="113" VPOS="945" HPOS="1061"/>
<SP HEIGHT="40" WIDTH="29" VPOS="943" HPOS="1175"/>
<String CONTENT="5;" HEIGHT="43" WIDTH="53" VPOS="943" HPOS="1205"/>
<SP HEIGHT="42" WIDTH="28" VPOS="944" HPOS="1259"/>
<!-- cceid 8C2838D9-6D82-1014-B070-FDFD250A9EDA --><String CONTENT="A" HEIGHT="37" WIDTH="41" VPOS="944" HPOS="1288"/>
<SP HEIGHT="40" WIDTH="27" VPOS="942" HPOS="1330"/>
<String CONTENT="82361;" HEIGHT="47" WIDTH="170" VPOS="942" HPOS="1358"/>
<SP HEIGHT="46" WIDTH="29" VPOS="943" HPOS="1529"/>
<String CONTENT="D." HEIGHT="38" WIDTH="55" VPOS="943" HPOS="1559"/>
<SP HEIGHT="39" WIDTH="29" VPOS="942" HPOS="1615"/>
<String CONTENT="Appleton-Century" HEIGHT="49" WIDTH="476" VPOS="940" HPOS="1645"/>
</TextLine>
<TextLine HEIGHT="49" WIDTH="521" VPOS="1000" HPOS="199">
<String CONTENT="co.," HEIGHT="36" WIDTH="82" VPOS="1012" HPOS="199"/>
<SP HEIGHT="46" WIDTH="28" VPOS="1002" HPOS="282"/>
<String CONTENT="inc." HEIGHT="39" WIDTH="88" VPOS="1002" HPOS="311"/>
<SP HEIGHT="48" WIDTH="70" VPOS="1001" HPOS="400"/>
<String CONTENT="(35-6632)" HEIGHT="49" WIDTH="249" VPOS="1000" HPOS="471"/>
</TextLine>
<TextLine HEIGHT="63" WIDTH="645" VPOS="1105" HPOS="134" STYLEREFS="StyleId-B2B2F916-7D6A-443B-B743-26D8ED7648AB-">
<String CONTENT="Patterson," HEIGHT="63" WIDTH="333" VPOS="1105" HPOS="134"/>
<SP HEIGHT="62" WIDTH="31" VPOS="1106" HPOS="468"/>
<String CONTENT="Sterling." HEIGHT="63" WIDTH="279" VPOS="1105" HPOS="500"/>
</TextLine>
<TextLine HEIGHT="131" WIDTH="1964" VPOS="1180" HPOS="133" STYLEREFS="StyleId-A025151B-9456-4334-AE46-B110A3FBD02E-" CS="1">
<String CONTENT="Week" HEIGHT="52" WIDTH="172" VPOS="1182" HPOS="202"/>
<SP HEIGHT="51" WIDTH="30" VPOS="1182" HPOS="375"/>
<String CONTENT="end" HEIGHT="51" WIDTH="108" VPOS="1182" HPOS="406"/>
<SP HEIGHT="65" WIDTH="30" VPOS="1182" HPOS="515"/>
<String CONTENT="gardening;" HEIGHT="67" WIDTH="347" VPOS="1181" HPOS="546"/>
<SP HEIGHT="45" WIDTH="33" VPOS="1200" HPOS="894"/>
<String CONTENT="a" HEIGHT="33" WIDTH="27" VPOS="1201" HPOS="928"/>
<SP HEIGHT="52" WIDTH="37" VPOS="1182" HPOS="956"/>
<String CONTENT="book" HEIGHT="53" WIDTH="143" VPOS="1181" HPOS="994"/>
<SP HEIGHT="52" WIDTH="31" VPOS="1181" HPOS="1138"/>
<String CONTENT="designed" HEIGHT="66" WIDTH="269" VPOS="1181" HPOS="1170"/>
<SP HEIGHT="52" WIDTH="31" VPOS="1181" HPOS="1440"/>
<String CONTENT="to" HEIGHT="46" WIDTH="58" VPOS="1187" HPOS="1472"/>
<SP HEIGHT="52" WIDTH="35" VPOS="1181" HPOS="1531"/>
<String CONTENT="be" HEIGHT="52" WIDTH="61" VPOS="1181" HPOS="1567"/>
<SP HEIGHT="35" WIDTH="31" VPOS="1198" HPOS="1629"/>
<String CONTENT="useful" HEIGHT="52" WIDTH="188" VPOS="1180" HPOS="1661"/>
<SP HEIGHT="50" WIDTH="30" VPOS="1182" HPOS="1850"/>
<String CONTENT="to" HEIGHT="45" WIDTH="57" VPOS="1187" HPOS="1881"/>
<SP HEIGHT="33" WIDTH="31" VPOS="1198" HPOS="1939"/>
<String CONTENT="amateur" HEIGHT="113" WIDTH="1964" VPOS="1198" HPOS="133"/>
</TextLine>
<TextLine HEIGHT="66" WIDTH="1808" VPOS="1258" HPOS="311" STYLEREFS="StyleId-A025151B-9456-4334-AE46-B110A3FBD02E-">
<String CONTENT="flower" HEIGHT="52" WIDTH="188" VPOS="1258" HPOS="311"/>
<SP HEIGHT="47" WIDTH="52" VPOS="1277" HPOS="500"/>
<String CONTENT="growers" HEIGHT="48" WIDTH="247" VPOS="1276" HPOS="553"/>
<SP HEIGHT="33" WIDTH="53" VPOS="1277" HPOS="801"/>
<String CONTENT="whose" HEIGHT="51" WIDTH="182" VPOS="1259" HPOS="855"/>
<SP HEIGHT="46" WIDTH="53" VPOS="1278" HPOS="1038"/>
<String CONTENT="gardening" HEIGHT="66" WIDTH="319" VPOS="1258" HPOS="1092"/>
<SP HEIGHT="59" WIDTH="52" VPOS="1265" HPOS="1412"/>
<String CONTENT="time" HEIGHT="51" WIDTH="135" VPOS="1260" HPOS="1465"/>
<SP HEIGHT="51" WIDTH="50" VPOS="1260" HPOS="1601"/>
<String CONTENT="is" HEIGHT="51" WIDTH="48" VPOS="1260" HPOS="1652"/>
<SP HEIGHT="52" WIDTH="52" VPOS="1259" HPOS="1701"/>
<String CONTENT="limited," HEIGHT="64" WIDTH="241" VPOS="1258" HPOS="1754"/>
<SP HEIGHT="64" WIDTH="49" VPOS="1258" HPOS="1996"/>
<String CONTENT="by" HEIGHT="65" WIDTH="73" VPOS="1258" HPOS="2046"/>
</TextLine>
<TextLine HEIGHT="68" WIDTH="1987" VPOS="1334" HPOS="134" STYLEREFS="StyleId-A025151B-9456-4334-AE46-B110A3FBD02E-">
<String CONTENT="Sterling" HEIGHT="67" WIDTH="254" VPOS="1334" HPOS="134"/>
<SP HEIGHT="65" WIDTH="44" VPOS="1336" HPOS="389"/>
<String CONTENT="Patterson;" HEIGHT="63" WIDTH="331" VPOS="1336" HPOS="434"/>
<SP HEIGHT="48" WIDTH="46" VPOS="1353" HPOS="766"/>
<String CONTENT="photographs" HEIGHT="66" WIDTH="393" VPOS="1335" HPOS="813"/>
<SP HEIGHT="35" WIDTH="45" VPOS="1354" HPOS="1207"/>
<String CONTENT="and" HEIGHT="53" WIDTH="111" VPOS="1335" HPOS="1253"/>
<SP HEIGHT="53" WIDTH="46" VPOS="1335" HPOS="1365"/>
<String CONTENT="line" HEIGHT="53" WIDTH="114" VPOS="1336" HPOS="1412"/>
<SP HEIGHT="54" WIDTH="44" VPOS="1335" HPOS="1527"/>
<String CONTENT="drawings" HEIGHT="66" WIDTH="288" VPOS="1335" HPOS="1572"/>
<SP HEIGHT="52" WIDTH="44" VPOS="1335" HPOS="1861"/>
<String CONTENT="by" HEIGHT="67" WIDTH="76" VPOS="1335" HPOS="1906"/>
<SP HEIGHT="61" WIDTH="42" VPOS="1341" HPOS="1983"/>
<String CONTENT="the" HEIGHT="51" WIDTH="95" VPOS="1336" HPOS="2026"/>
</TextLine>
<TextLine HEIGHT="66" WIDTH="1681" VPOS="1412" HPOS="132" STYLEREFS="StyleId-A025151B-9456-4334-AE46-B110A3FBD02E-">
<String CONTENT="author." HEIGHT="52" WIDTH="220" VPOS="1412" HPOS="132"/>
<SP HEIGHT="51" WIDTH="68" VPOS="1413" HPOS="353"/>
<String CONTENT="New" HEIGHT="52" WIDTH="138" VPOS="1413" HPOS="422"/>
<SP HEIGHT="51" WIDTH="33" VPOS="1413" HPOS="561"/>
<String CONTENT="York," HEIGHT="65" WIDTH="179" VPOS="1412" HPOS="595"/>
<SP HEIGHT="63" WIDTH="31" VPOS="1414" HPOS="775"/>
<String CONTENT="The" HEIGHT="52" WIDTH="120" VPOS="1413" HPOS="807"/>
<SP HEIGHT="53" WIDTH="34" VPOS="1412" HPOS="928"/>
<String CONTENT="Macmillan" HEIGHT="52" WIDTH="333" VPOS="1412" HPOS="963"/>
<SP HEIGHT="35" WIDTH="33" VPOS="1430" HPOS="1297"/>
<String CONTENT="company," HEIGHT="48" WIDTH="296" VPOS="1430" HPOS="1331"/>
<SP HEIGHT="59" WIDTH="34" VPOS="1417" HPOS="1628"/>
<String CONTENT="1935." HEIGHT="48" WIDTH="150" VPOS="1416" HPOS="1663"/>
</TextLine>
<TextLine HEIGHT="49" WIDTH="1179" VPOS="1498" HPOS="236" CS="1">
<String CS="1" CONTENT="x"/>
<SP HEIGHT="37" WIDTH="27" VPOS="1510" HPOS="236"/>
<String LANG="fr" CONTENT="p.," HEIGHT="37" WIDTH="56" VPOS="1510" HPOS="264"/>
<SP HEIGHT="46" WIDTH="24" VPOS="1500" HPOS="321"/>
<String CONTENT="1" HEIGHT="37" WIDTH="23" VPOS="1500" HPOS="346"/>
<SP HEIGHT="39" WIDTH="28" VPOS="1498" HPOS="370"/>
<String CS="1" CONTENT="l.," HEIGHT="7" WIDTH="7" VPOS="1531" HPOS="420"/>
<SP HEIGHT="43" WIDTH="25" VPOS="1498" HPOS="443"/>
<String CONTENT="255" HEIGHT="40" WIDTH="85" VPOS="1498" HPOS="469"/>
<SP HEIGHT="47" WIDTH="24" VPOS="1499" HPOS="555"/>
<String CONTENT="p." HEIGHT="37" WIDTH="41" VPOS="1509" HPOS="580"/>
<SP HEIGHT="41" WIDTH="58" VPOS="1498" HPOS="622"/>
<String CONTENT="front.," HEIGHT="46" WIDTH="163" VPOS="1498" HPOS="681"/>
<SP HEIGHT="46" WIDTH="26" VPOS="1498" HPOS="845"/>
<String CONTENT="illus.," HEIGHT="47" WIDTH="142" VPOS="1498" HPOS="872"/>
<SP HEIGHT="38" WIDTH="24" VPOS="1508" HPOS="1015"/>
<String CONTENT="plates." HEIGHT="48" WIDTH="170" VPOS="1498" HPOS="1040"/>
<SP HEIGHT="40" WIDTH="58" VPOS="1499" HPOS="1211"/>
<String CS="1" CONTENT="20&#189;cm." HEIGHT="40" WIDTH="145" VPOS="1499" HPOS="1270"/>
</TextLine>
<TextLine HEIGHT="52" WIDTH="1719" VPOS="1565" HPOS="133">
<String CONTENT="&#169;" HEIGHT="52" WIDTH="52" VPOS="1565" HPOS="133"/>
<SP HEIGHT="52" WIDTH="24" VPOS="1565" HPOS="186"/>
<String CONTENT="Apr." HEIGHT="47" WIDTH="112" VPOS="1570" HPOS="211"/>
<SP HEIGHT="39" WIDTH="27" VPOS="1569" HPOS="324"/>
<String CONTENT="23," HEIGHT="45" WIDTH="69" VPOS="1569" HPOS="352"/>
<SP HEIGHT="44" WIDTH="26" VPOS="1570" HPOS="422"/>
<String CONTENT="1935;" HEIGHT="43" WIDTH="140" VPOS="1567" HPOS="449"/>
<SP HEIGHT="42" WIDTH="27" VPOS="1568" HPOS="590"/>
<String CONTENT="2c." HEIGHT="40" WIDTH="68" VPOS="1568" HPOS="618"/>
<SP HEIGHT="29" WIDTH="25" VPOS="1579" HPOS="687"/>
<String CONTENT="and" HEIGHT="39" WIDTH="96" VPOS="1569" HPOS="713"/>
<SP HEIGHT="38" WIDTH="28" VPOS="1569" HPOS="810"/>
<String CONTENT="aff." HEIGHT="40" WIDTH="81" VPOS="1567" HPOS="839"/>
<SP HEIGHT="38" WIDTH="26" VPOS="1569" HPOS="921"/>
<String CONTENT="Apr." HEIGHT="46" WIDTH="113" VPOS="1569" HPOS="948"/>
<SP HEIGHT="40" WIDTH="27" VPOS="1567" HPOS="1062"/>
<String CONTENT="24;" HEIGHT="48" WIDTH="83" VPOS="1567" HPOS="1090"/>
<SP HEIGHT="47" WIDTH="29" VPOS="1568" HPOS="1174"/>
<!-- cceid 8C28D4F8-6D82-1014-B070-FDFD250A9EDA --><String CONTENT="A" HEIGHT="38" WIDTH="40" VPOS="1568" HPOS="1204"/>
<SP HEIGHT="38" WIDTH="28" VPOS="1568" HPOS="1245"/>
<String CONTENT="82656;" HEIGHT="46" WIDTH="169" VPOS="1568" HPOS="1274"/>
<SP HEIGHT="45" WIDTH="31" VPOS="1569" HPOS="1444"/>
<String CONTENT="Macmillan" HEIGHT="40" WIDTH="281" VPOS="1567" HPOS="1476"/>
<SP HEIGHT="29" WIDTH="26" VPOS="1578" HPOS="1758"/>
<String CONTENT="co." HEIGHT="29" WIDTH="67" VPOS="1578" HPOS="1785"/>
</TextLine>
<TextLine HEIGHT="48" WIDTH="248" VPOS="1625" HPOS="212">
<String CONTENT="(35-6643)" HEIGHT="48" WIDTH="248" VPOS="1625" HPOS="212"/>
</TextLine>
<TextLine HEIGHT="66" WIDTH="772" VPOS="1727" HPOS="133" STYLEREFS="StyleId-B2B2F916-7D6A-443B-B743-26D8ED7648AB-">
<String CONTENT="Ripley," HEIGHT="63" WIDTH="224" VPOS="1727" HPOS="133"/>
<SP HEIGHT="59" WIDTH="31" VPOS="1730" HPOS="358"/>
<String CONTENT="Clements," HEIGHT="64" WIDTH="314" VPOS="1729" HPOS="390"/>
<SP HEIGHT="58" WIDTH="31" VPOS="1735" HPOS="705"/>
<String CONTENT="1892-" HEIGHT="50" WIDTH="168" VPOS="1733" HPOS="737"/>
</TextLine>
<TextLine HEIGHT="68" WIDTH="1918" VPOS="1805" HPOS="203" STYLEREFS="StyleId-A025151B-9456-4334-AE46-B110A3FBD02E-">
<String CONTENT="Murder" HEIGHT="52" WIDTH="236" VPOS="1806" HPOS="203"/>
<SP HEIGHT="32" WIDTH="57" VPOS="1825" HPOS="440"/>
<String CONTENT="walks" HEIGHT="54" WIDTH="175" VPOS="1806" HPOS="498"/>
<SP HEIGHT="35" WIDTH="57" VPOS="1825" HPOS="674"/>
<String CONTENT="alone," HEIGHT="62" WIDTH="176" VPOS="1807" HPOS="732"/>
<SP HEIGHT="62" WIDTH="59" VPOS="1807" HPOS="909"/>
<String CONTENT="by" HEIGHT="66" WIDTH="72" VPOS="1807" HPOS="969"/>
<SP HEIGHT="66" WIDTH="59" VPOS="1807" HPOS="1042"/>
<String CONTENT="Clements" HEIGHT="55" WIDTH="285" VPOS="1806" HPOS="1102"/>
<SP HEIGHT="50" WIDTH="57" VPOS="1808" HPOS="1388"/>
<String CONTENT="Ripley." HEIGHT="68" WIDTH="224" VPOS="1805" HPOS="1446"/>
<SP HEIGHT="52" WIDTH="74" VPOS="1808" HPOS="1671"/>
<String CONTENT="New" HEIGHT="52" WIDTH="136" VPOS="1808" HPOS="1746"/>
<SP HEIGHT="50" WIDTH="67" VPOS="1809" HPOS="1883"/>
<String CONTENT="York." HEIGHT="54" WIDTH="170" VPOS="1808" HPOS="1951"/>
</TextLine>
<TextLine HEIGHT="68" WIDTH="704" VPOS="1884" HPOS="134" STYLEREFS="StyleId-A025151B-9456-4334-AE46-B110A3FBD02E-" CS="1">
<String LANG="en-US" CONTENT="J." HEIGHT="53" WIDTH="54" VPOS="1886" HPOS="134"/>
<SP HEIGHT="50" WIDTH="33" VPOS="1886" HPOS="189"/>
<String LANG="de" CONTENT="Messner," HEIGHT="64" WIDTH="267" VPOS="1886" HPOS="223"/>
<SP HEIGHT="66" WIDTH="30" VPOS="1884" HPOS="491"/>
<String LANG="en-US" CONTENT="inc." HEIGHT="54" WIDTH="106" VPOS="1884" HPOS="522"/>
<SP HEIGHT="33" WIDTH="37" VPOS="1919" HPOS="629"/>
<String LANG="en-US" CS="1" CONTENT="[c1935]" HEIGHT="48" WIDTH="154" VPOS="1889" HPOS="684"/>
</TextLine>
<TextLine HEIGHT="49" WIDTH="616" VPOS="1971" HPOS="207" STYLEREFS="StyleId-A025151B-9456-4334-AE46-B110A3FBD02E-" CS="1">
<String CONTENT="4" HEIGHT="38" WIDTH="26" VPOS="1974" HPOS="207"/>
<SP HEIGHT="46" WIDTH="28" VPOS="1974" HPOS="234"/>
<String CONTENT="p." HEIGHT="36" WIDTH="41" VPOS="1984" HPOS="263"/>
<SP/>
<String CS="1" CONTENT="l.,"/>
<SP/>
<String CONTENT="7-284" HEIGHT="40" WIDTH="143" VPOS="1972" HPOS="406"/>
<SP HEIGHT="46" WIDTH="26" VPOS="1974" HPOS="550"/>
<String CONTENT="p." HEIGHT="36" WIDTH="42" VPOS="1984" HPOS="577"/>
<SP HEIGHT="38" WIDTH="58" VPOS="1973" HPOS="620"/>
<String CS="1" CONTENT="19&#189;cm." HEIGHT="41" WIDTH="144" VPOS="1971" HPOS="679"/>
</TextLine>
<TextLine HEIGHT="52" WIDTH="1989" VPOS="2040" HPOS="135" CS="1">
<String CONTENT="&#169;" HEIGHT="52" WIDTH="52" VPOS="2040" HPOS="135"/>
<SP HEIGHT="52" WIDTH="22" VPOS="2040" HPOS="188"/>
<String CONTENT="Apr." HEIGHT="45" WIDTH="111" VPOS="2045" HPOS="211"/>
<SP HEIGHT="40" WIDTH="25" VPOS="2042" HPOS="323"/>
<String CONTENT="29," HEIGHT="49" WIDTH="69" VPOS="2041" HPOS="349"/>
<SP HEIGHT="46" WIDTH="23" VPOS="2044" HPOS="419"/>
<String CS="1" CONTENT="1935;" HEIGHT="46" WIDTH="112" VPOS="2043" HPOS="472"/>
<SP HEIGHT="47" WIDTH="24" VPOS="2042" HPOS="585"/>
<String CONTENT="2c." HEIGHT="40" WIDTH="67" VPOS="2042" HPOS="610"/>
<SP HEIGHT="38" WIDTH="26" VPOS="2044" HPOS="678"/>
<String CONTENT="May" HEIGHT="46" WIDTH="115" VPOS="2044" HPOS="705"/>
<SP HEIGHT="48" WIDTH="21" VPOS="2042" HPOS="821"/>
<String CONTENT="13;" HEIGHT="46" WIDTH="80" VPOS="2042" HPOS="843"/>
<SP HEIGHT="35" WIDTH="28" VPOS="2053" HPOS="924"/>
<String CONTENT="aff." HEIGHT="41" WIDTH="81" VPOS="2041" HPOS="953"/>
<SP HEIGHT="38" WIDTH="26" VPOS="2043" HPOS="1035"/>
<String CONTENT="May" HEIGHT="46" WIDTH="116" VPOS="2043" HPOS="1062"/>
<SP HEIGHT="47" WIDTH="22" VPOS="2042" HPOS="1179"/>
<String CS="1" CONTENT="10;" HEIGHT="40" WIDTH="56" VPOS="2041" HPOS="1202"/>
<SP HEIGHT="45" WIDTH="26" VPOS="2043" HPOS="1285"/>
<!-- cceid 8C297022-6D82-1014-B070-FDFD250A9EDA --><String CONTENT="A" HEIGHT="37" WIDTH="40" VPOS="2043" HPOS="1312"/>
<SP HEIGHT="40" WIDTH="25" VPOS="2042" HPOS="1353"/>
<String CONTENT="81764;" HEIGHT="47" WIDTH="170" VPOS="2041" HPOS="1379"/>
<SP HEIGHT="46" WIDTH="27" VPOS="2042" HPOS="1550"/>
<String CONTENT="Julian" HEIGHT="40" WIDTH="172" VPOS="2042" HPOS="1578"/>
<SP HEIGHT="38" WIDTH="22" VPOS="2043" HPOS="1751"/>
<String LANG="de" CONTENT="Messner," HEIGHT="45" WIDTH="231" VPOS="2043" HPOS="1774"/>
<SP HEIGHT="44" WIDTH="26" VPOS="2044" HPOS="2006"/>
<String CONTENT="inc." HEIGHT="39" WIDTH="91" VPOS="2044" HPOS="2033"/>
</TextLine>
<TextLine HEIGHT="49" WIDTH="249" VPOS="2099" HPOS="216">
<String CONTENT="(35-6649)" HEIGHT="49" WIDTH="249" VPOS="2099" HPOS="216"/>
</TextLine>
<TextLine HEIGHT="66" WIDTH="1222" VPOS="2202" HPOS="137" STYLEREFS="StyleId-B2B2F916-7D6A-443B-B743-26D8ED7648AB-">
<String CONTENT="Robinson," HEIGHT="66" WIDTH="313" VPOS="2202" HPOS="137"/>
<SP HEIGHT="63" WIDTH="26" VPOS="2205" HPOS="451"/>
<String CONTENT="Rowland" HEIGHT="54" WIDTH="279" VPOS="2203" HPOS="478"/>
<SP HEIGHT="52" WIDTH="28" VPOS="2205" HPOS="758"/>
<String CONTENT="Evans," HEIGHT="63" WIDTH="216" VPOS="2205" HPOS="787"/>
<SP HEIGHT="56" WIDTH="30" VPOS="2212" HPOS="1004"/>
<String CONTENT="1833-1900." HEIGHT="49" WIDTH="324" VPOS="2209" HPOS="1035"/>
</TextLine>
<TextLine HEIGHT="70" WIDTH="1855" VPOS="2277" HPOS="269" STYLEREFS="StyleId-A025151B-9456-4334-AE46-B110A3FBD02E-" CS="1">
<String CS="1" CONTENT="&#8230;"/>
<SP HEIGHT="53" WIDTH="39" VPOS="2279" HPOS="269"/>
<String CONTENT="Dan" HEIGHT="51" WIDTH="131" VPOS="2279" HPOS="309"/>
<SP HEIGHT="33" WIDTH="1" VPOS="2298" HPOS="441"/>
<String CONTENT="vis" HEIGHT="53" WIDTH="84" VPOS="2279" HPOS="443"/>
<SP HEIGHT="53" WIDTH="34" VPOS="2279" HPOS="528"/>
<String CONTENT="folks," HEIGHT="69" WIDTH="168" VPOS="2278" HPOS="563"/>
<SP HEIGHT="49" WIDTH="34" VPOS="2298" HPOS="732"/>
<String CONTENT="and" HEIGHT="51" WIDTH="111" VPOS="2280" HPOS="767"/>
<SP HEIGHT="51" WIDTH="33" VPOS="2280" HPOS="879"/>
<String CONTENT="A" HEIGHT="50" WIDTH="56" VPOS="2280" HPOS="913"/>
<SP HEIGHT="50" WIDTH="31" VPOS="2280" HPOS="970"/>
<String CONTENT="hero" HEIGHT="52" WIDTH="133" VPOS="2280" HPOS="1002"/>
<SP HEIGHT="35" WIDTH="34" VPOS="2297" HPOS="1136"/>
<String CONTENT="of" HEIGHT="54" WIDTH="64" VPOS="2277" HPOS="1171"/>
<SP HEIGHT="52" WIDTH="34" VPOS="2277" HPOS="1236"/>
<String CONTENT="Ticonderoga;" HEIGHT="68" WIDTH="420" VPOS="2278" HPOS="1271"/>
<SP HEIGHT="66" WIDTH="38" VPOS="2278" HPOS="1692"/>
<String CONTENT="foreword" HEIGHT="53" WIDTH="281" VPOS="2278" HPOS="1731"/>
<SP HEIGHT="53" WIDTH="36" VPOS="2278" HPOS="2013"/>
<String CONTENT="by" HEIGHT="69" WIDTH="74" VPOS="2278" HPOS="2050"/>
</TextLine>
<TextLine HEIGHT="68" WIDTH="1768" VPOS="2356" HPOS="138" STYLEREFS="StyleId-A025151B-9456-4334-AE46-B110A3FBD02E-" CS="1">
<String CONTENT="Walter" HEIGHT="52" WIDTH="217" VPOS="2356" HPOS="138"/>
<SP HEIGHT="52" WIDTH="34" VPOS="2356" HPOS="356"/>
<String CONTENT="Prichard" HEIGHT="54" WIDTH="279" VPOS="2356" HPOS="391"/>
<SP HEIGHT="53" WIDTH="35" VPOS="2356" HPOS="671"/>
<String CONTENT="Eaton;" HEIGHT="67" WIDTH="215" VPOS="2356" HPOS="707"/>
<SP HEIGHT="67" WIDTH="33" VPOS="2356" HPOS="923"/>
<String CONTENT="introduction" HEIGHT="53" WIDTH="386" VPOS="2356" HPOS="957"/>
<SP HEIGHT="51" WIDTH="33" VPOS="2356" HPOS="1344"/>
<String CONTENT="by" HEIGHT="68" WIDTH="73" VPOS="2356" HPOS="1378"/>
<SP HEIGHT="68" WIDTH="35" VPOS="2356" HPOS="1452"/>
<String CONTENT="John" HEIGHT="54" WIDTH="152" VPOS="2356" HPOS="1488"/>
<SP HEIGHT="51" WIDTH="38" VPOS="2356" HPOS="1641"/>
<String CONTENT="Farrar." HEIGHT="52" WIDTH="226" VPOS="2356" HPOS="1680"/>
</TextLine>
<TextLine HEIGHT="146" WIDTH="1964" VPOS="2356" HPOS="137" STYLEREFS="StyleId-A025151B-9456-4334-AE46-B110A3FBD02E-" CS="1">
<String CONTENT="Rutland," HEIGHT="145" WIDTH="1964" VPOS="2356" HPOS="137"/>
<SP HEIGHT="68" WIDTH="24" VPOS="2433" HPOS="290"/>
<String CONTENT="Vt.," HEIGHT="67" WIDTH="114" VPOS="2433" HPOS="315"/>
<SP HEIGHT="66" WIDTH="25" VPOS="2434" HPOS="430"/>
<String CONTENT="The" HEIGHT="53" WIDTH="122" VPOS="2434" HPOS="456"/>
<SP HEIGHT="53" WIDTH="21" VPOS="2434" HPOS="579"/>
<String CONTENT="Tuttle" HEIGHT="53" WIDTH="196" VPOS="2433" HPOS="601"/>
<SP HEIGHT="34" WIDTH="24" VPOS="2452" HPOS="798"/>
<String CONTENT="company" HEIGHT="51" WIDTH="277" VPOS="2451" HPOS="823"/>
<SP HEIGHT="50" WIDTH="30" VPOS="2452" HPOS="1101"/>
<String CONTENT="[c1934]" HEIGHT="66" WIDTH="193" VPOS="2435" HPOS="1132"/>
</TextLine>
<TextLine HEIGHT="49" WIDTH="869" VPOS="2517" HPOS="206">
<String CONTENT="287" HEIGHT="41" WIDTH="86" VPOS="2517" HPOS="206"/>
<SP HEIGHT="47" WIDTH="24" VPOS="2519" HPOS="293"/>
<String CONTENT="p." HEIGHT="38" WIDTH="43" VPOS="2528" HPOS="318"/>
<SP HEIGHT="39" WIDTH="26" VPOS="2519" HPOS="362"/>
<String CONTENT="incl." HEIGHT="39" WIDTH="108" VPOS="2519" HPOS="389"/>
<SP HEIGHT="37" WIDTH="23" VPOS="2529" HPOS="498"/>
<String CONTENT="plates," HEIGHT="46" WIDTH="171" VPOS="2520" HPOS="522"/>
<SP HEIGHT="41" WIDTH="57" VPOS="2518" HPOS="694"/>
<String CONTENT="front." HEIGHT="42" WIDTH="148" VPOS="2518" HPOS="752"/>
<SP HEIGHT="41" WIDTH="58" VPOS="2518" HPOS="901"/>
<String CONTENT="24cm." HEIGHT="42" WIDTH="115" VPOS="2518" HPOS="960"/>
</TextLine>
<TextLine HEIGHT="49" WIDTH="1916" VPOS="2588" HPOS="206">
<String CONTENT="At" HEIGHT="39" WIDTH="64" VPOS="2589" HPOS="206"/>
<SP HEIGHT="39" WIDTH="30" VPOS="2589" HPOS="271"/>
<String CONTENT="head" HEIGHT="39" WIDTH="124" VPOS="2589" HPOS="302"/>
<SP HEIGHT="39" WIDTH="32" VPOS="2589" HPOS="427"/>
<String CONTENT="of" HEIGHT="40" WIDTH="52" VPOS="2588" HPOS="460"/>
<SP HEIGHT="41" WIDTH="32" VPOS="2588" HPOS="513"/>
<String CONTENT="title:" HEIGHT="40" WIDTH="135" VPOS="2589" HPOS="546"/>
<SP HEIGHT="40" WIDTH="38" VPOS="2589" HPOS="682"/>
<String CONTENT="Centennial" HEIGHT="40" WIDTH="283" VPOS="2589" HPOS="721"/>
<SP HEIGHT="38" WIDTH="35" VPOS="2591" HPOS="1005"/>
<String CONTENT="edition;" HEIGHT="47" WIDTH="210" VPOS="2590" HPOS="1041"/>
<SP HEIGHT="47" WIDTH="36" VPOS="2590" HPOS="1252"/>
<String CONTENT="Rowland" HEIGHT="41" WIDTH="234" VPOS="2590" HPOS="1289"/>
<SP HEIGHT="40" WIDTH="37" VPOS="2591" HPOS="1524"/>
<String CONTENT="E." HEIGHT="41" WIDTH="52" VPOS="2591" HPOS="1562"/>
<SP HEIGHT="40" WIDTH="37" VPOS="2592" HPOS="1615"/>
<String CONTENT="Robinson;" HEIGHT="45" WIDTH="272" VPOS="2591" HPOS="1653"/>
<SP HEIGHT="35" WIDTH="36" VPOS="2601" HPOS="1926"/>
<String CONTENT="edited" HEIGHT="41" WIDTH="159" VPOS="2591" HPOS="1963"/>
</TextLine>
<TextLine HEIGHT="47" WIDTH="676" VPOS="2645" HPOS="138">
<String CONTENT="by" HEIGHT="47" WIDTH="60" VPOS="2645" HPOS="138"/>
<SP HEIGHT="47" WIDTH="25" VPOS="2645" HPOS="199"/>
<String CONTENT="Llewellyn" HEIGHT="47" WIDTH="260" VPOS="2645" HPOS="225"/>
<SP HEIGHT="38" WIDTH="27" VPOS="2646" HPOS="486"/>
<String CONTENT="R." HEIGHT="39" WIDTH="55" VPOS="2646" HPOS="514"/>
<SP HEIGHT="39" WIDTH="26" VPOS="2646" HPOS="570"/>
<String CONTENT="Perkins." HEIGHT="39" WIDTH="217" VPOS="2646" HPOS="597"/>
</TextLine>
<TextLine HEIGHT="51" WIDTH="1989" VPOS="2716" HPOS="137" CS="1">
<String CONTENT="&#169;" HEIGHT="51" WIDTH="52" VPOS="2716" HPOS="137"/>
<SP HEIGHT="51" WIDTH="26" VPOS="2716" HPOS="190"/>
<String CONTENT="Oct." HEIGHT="39" WIDTH="98" VPOS="2720" HPOS="217"/>
<SP HEIGHT="36" WIDTH="25" VPOS="2721" HPOS="316"/>
<String CONTENT="1," HEIGHT="44" WIDTH="40" VPOS="2721" HPOS="342"/>
<SP HEIGHT="45" WIDTH="23" VPOS="2720" HPOS="383"/>
<String CS="1" CONTENT="1934;" HEIGHT="40" WIDTH="113" VPOS="2718" HPOS="407"/>
<SP HEIGHT="46" WIDTH="26" VPOS="2719" HPOS="548"/>
<String CONTENT="2c." HEIGHT="40" WIDTH="67" VPOS="2719" HPOS="575"/>
<SP HEIGHT="38" WIDTH="25" VPOS="2721" HPOS="643"/>
<String CONTENT="May" HEIGHT="46" WIDTH="114" VPOS="2721" HPOS="669"/>
<SP HEIGHT="45" WIDTH="24" VPOS="2722" HPOS="784"/>
<String CONTENT="13," HEIGHT="44" WIDTH="68" VPOS="2720" HPOS="809"/>
<SP HEIGHT="43" WIDTH="23" VPOS="2721" HPOS="878"/>
<String CS="1" CONTENT="1935;" HEIGHT="39" WIDTH="118" VPOS="2719" HPOS="902"/>
<SP HEIGHT="35" WIDTH="28" VPOS="2730" HPOS="1044"/>
<String CONTENT="aff." HEIGHT="40" WIDTH="83" VPOS="2719" HPOS="1073"/>
<SP HEIGHT="38" WIDTH="26" VPOS="2721" HPOS="1157"/>
<String CONTENT="May" HEIGHT="46" WIDTH="113" VPOS="2721" HPOS="1184"/>
<SP HEIGHT="45" WIDTH="25" VPOS="2722" HPOS="1298"/>
<String CS="1" CONTENT="10;" HEIGHT="39" WIDTH="58" VPOS="2719" HPOS="1324"/>
<SP HEIGHT="45" WIDTH="26" VPOS="2721" HPOS="1406"/>
<!-- cceid 8C2A1084-6D82-1014-B070-FDFD250A9EDA --><String CONTENT="A" HEIGHT="37" WIDTH="42" VPOS="2721" HPOS="1433"/>
<SP HEIGHT="38" WIDTH="23" VPOS="2721" HPOS="1476"/>
<String CS="1" CONTENT="81770;" HEIGHT="39" WIDTH="147" VPOS="2720" HPOS="1500"/>
<SP HEIGHT="45" WIDTH="28" VPOS="2721" HPOS="1672"/>
<String CONTENT="Llewellyn" HEIGHT="46" WIDTH="262" VPOS="2721" HPOS="1701"/>
<SP HEIGHT="37" WIDTH="27" VPOS="2721" HPOS="1964"/>
<String CONTENT="Rood" HEIGHT="39" WIDTH="134" VPOS="2721" HPOS="1992"/>
</TextLine>
<TextLine HEIGHT="48" WIDTH="1920" VPOS="2775" HPOS="206">
<String CONTENT="Perkins," HEIGHT="46" WIDTH="217" VPOS="2776" HPOS="206"/>
<SP HEIGHT="45" WIDTH="44" VPOS="2777" HPOS="424"/>
<String CONTENT="Middlebury," HEIGHT="47" WIDTH="320" VPOS="2776" HPOS="469"/>
<SP HEIGHT="45" WIDTH="43" VPOS="2776" HPOS="790"/>
<String CONTENT="Vt." HEIGHT="39" WIDTH="75" VPOS="2776" HPOS="834"/>
<SP HEIGHT="28" WIDTH="62" VPOS="2795" HPOS="910"/>
<String CONTENT="[Copyright" HEIGHT="48" WIDTH="279" VPOS="2775" HPOS="973"/>
<SP HEIGHT="39" WIDTH="44" VPOS="2777" HPOS="1253"/>
<String CONTENT="is" HEIGHT="39" WIDTH="41" VPOS="2777" HPOS="1298"/>
<SP HEIGHT="29" WIDTH="45" VPOS="2787" HPOS="1340"/>
<String CONTENT="claimed" HEIGHT="40" WIDTH="203" VPOS="2776" HPOS="1386"/>
<SP HEIGHT="38" WIDTH="46" VPOS="2778" HPOS="1590"/>
<String CONTENT="on" HEIGHT="30" WIDTH="60" VPOS="2786" HPOS="1637"/>
<SP HEIGHT="38" WIDTH="43" VPOS="2777" HPOS="1698"/>
<String CONTENT="foreword" HEIGHT="39" WIDTH="244" VPOS="2777" HPOS="1742"/>
<SP HEIGHT="39" WIDTH="43" VPOS="2778" HPOS="1987"/>
<String CONTENT="and" HEIGHT="40" WIDTH="95" VPOS="2777" HPOS="2031"/>
</TextLine>
<TextLine HEIGHT="50" WIDTH="666" VPOS="2831" HPOS="203">
<String CONTENT="introduction]" HEIGHT="49" WIDTH="344" VPOS="2832" HPOS="203"/>
<SP HEIGHT="50" WIDTH="70" VPOS="2831" HPOS="548"/>
<String CONTENT="(35-6768)" HEIGHT="49" WIDTH="250" VPOS="2831" HPOS="619"/>
</TextLine>
<TextLine HEIGHT="68" WIDTH="1852" VPOS="2935" HPOS="271" STYLEREFS="StyleId-A025151B-9456-4334-AE46-B110A3FBD02E-" CS="1">
<String CS="1" CONTENT="&#8230;"/>
<SP HEIGHT="52" WIDTH="37" VPOS="2935" HPOS="271"/>
<String CONTENT="Uncle" HEIGHT="52" WIDTH="179" VPOS="2935" HPOS="309"/>
<SP HEIGHT="50" WIDTH="29" VPOS="2935" HPOS="489"/>
<String CONTENT="Lisha&#8217;s" HEIGHT="52" WIDTH="219" VPOS="2935" HPOS="519"/>
<SP HEIGHT="33" WIDTH="31" VPOS="2953" HPOS="739"/>
<String CONTENT="outing," HEIGHT="67" WIDTH="216" VPOS="2936" HPOS="771"/>
<SP HEIGHT="68" WIDTH="33" VPOS="2935" HPOS="988"/>
<String CONTENT="The" HEIGHT="53" WIDTH="120" VPOS="2935" HPOS="1022"/>
<SP HEIGHT="53" WIDTH="34" VPOS="2935" HPOS="1143"/>
<String CONTENT="Buttles" HEIGHT="52" WIDTH="227" VPOS="2935" HPOS="1178"/>
<SP HEIGHT="51" WIDTH="30" VPOS="2952" HPOS="1406"/>
<String CONTENT="gals" HEIGHT="66" WIDTH="124" VPOS="2937" HPOS="1437"/>
<SP HEIGHT="35" WIDTH="33" VPOS="2954" HPOS="1562"/>
<String CONTENT="and" HEIGHT="51" WIDTH="112" VPOS="2937" HPOS="1596"/>
<SP HEIGHT="51" WIDTH="33" VPOS="2937" HPOS="1709"/>
<String CONTENT="Along" HEIGHT="66" WIDTH="194" VPOS="2936" HPOS="1743"/>
<SP HEIGHT="61" WIDTH="29" VPOS="2941" HPOS="1938"/>
<String CONTENT="three" HEIGHT="53" WIDTH="155" VPOS="2935" HPOS="1968"/>
</TextLine>
<TextLine HEIGHT="72" WIDTH="1985" VPOS="3009" HPOS="140" STYLEREFS="StyleId-A025151B-9456-4334-AE46-B110A3FBD02E-" CS="1">
<String CS="1" CONTENT="rivers;" HEIGHT="55" WIDTH="178" VPOS="3009" HPOS="140"/>
<SP HEIGHT="66" WIDTH="26" VPOS="3010" HPOS="346"/>
<String CONTENT="foreword" HEIGHT="55" WIDTH="282" VPOS="3010" HPOS="373"/>
<SP HEIGHT="52" WIDTH="21" VPOS="3011" HPOS="656"/>
<String CONTENT="by" HEIGHT="68" WIDTH="74" VPOS="3011" HPOS="678"/>
<SP HEIGHT="67" WIDTH="25" VPOS="3012" HPOS="753"/>
<String CONTENT="Edward" HEIGHT="53" WIDTH="252" VPOS="3011" HPOS="779"/>
<SP HEIGHT="52" WIDTH="23" VPOS="3011" HPOS="1032"/>
<String CONTENT="D." HEIGHT="52" WIDTH="69" VPOS="3011" HPOS="1056"/>
<SP HEIGHT="55" WIDTH="20" VPOS="3010" HPOS="1126"/>
<String CS="1" CONTENT="Collins;" HEIGHT="55" WIDTH="217" VPOS="3010" HPOS="1147"/>
<SP HEIGHT="64" WIDTH="25" VPOS="3014" HPOS="1393"/>
<String CONTENT="introduction" HEIGHT="54" WIDTH="388" VPOS="3012" HPOS="1419"/>
<SP HEIGHT="52" WIDTH="23" VPOS="3012" HPOS="1808"/>
<String CONTENT="by" HEIGHT="67" WIDTH="74" VPOS="3012" HPOS="1832"/>
<SP HEIGHT="67" WIDTH="15" VPOS="3012" HPOS="1907"/>
<String CONTENT="Henry" HEIGHT="69" WIDTH="202" VPOS="3012" HPOS="1923"/>
</TextLine>
<TextLine HEIGHT="69" WIDTH="1910" VPOS="3088" HPOS="140" STYLEREFS="StyleId-A025151B-9456-4334-AE46-B110A3FBD02E-" CS="1">
<String CONTENT="Wysham" HEIGHT="68" WIDTH="270" VPOS="3088" HPOS="140"/>
<SP HEIGHT="51" WIDTH="28" VPOS="3088" HPOS="411"/>
<String CONTENT="Lanier." HEIGHT="53" WIDTH="221" VPOS="3088" HPOS="440"/>
<SP HEIGHT="52" WIDTH="74" VPOS="3089" HPOS="662"/>
<String CONTENT="Rutland," HEIGHT="67" WIDTH="273" VPOS="3089" HPOS="737"/>
<SP HEIGHT="67" WIDTH="26" VPOS="3089" HPOS="1011"/>
<String CONTENT="Vt.," HEIGHT="67" WIDTH="113" VPOS="3089" HPOS="1038"/>
<SP HEIGHT="66" WIDTH="26" VPOS="3090" HPOS="1152"/>
<String CONTENT="The" HEIGHT="52" WIDTH="121" VPOS="3089" HPOS="1179"/>
<SP HEIGHT="51" WIDTH="25" VPOS="3090" HPOS="1301"/>
<String CONTENT="Tuttle" HEIGHT="52" WIDTH="196" VPOS="3090" HPOS="1327"/>
<SP HEIGHT="34" WIDTH="23" VPOS="3107" HPOS="1524"/>
<String CONTENT="company" HEIGHT="50" WIDTH="275" VPOS="3107" HPOS="1548"/>
<SP HEIGHT="61" WIDTH="32" VPOS="3096" HPOS="1824"/>
<String CS="1" CONTENT="[c1934]" HEIGHT="65" WIDTH="151" VPOS="3092" HPOS="1899"/>
</TextLine>
<TextLine HEIGHT="50" WIDTH="1052" VPOS="3171" HPOS="210" STYLEREFS="StyleId-A025151B-9456-4334-AE46-B110A3FBD02E-" CS="1">
<String CONTENT="258" HEIGHT="41" WIDTH="87" VPOS="3171" HPOS="210"/>
<SP HEIGHT="49" WIDTH="24" VPOS="3172" HPOS="298"/>
<String CONTENT="p." HEIGHT="36" WIDTH="43" VPOS="3185" HPOS="323"/>
<SP HEIGHT="37" WIDTH="30" VPOS="3174" HPOS="367"/>
<String CONTENT="incl." HEIGHT="40" WIDTH="108" VPOS="3173" HPOS="398"/>
<SP HEIGHT="39" WIDTH="29" VPOS="3174" HPOS="507"/>
<String CONTENT="illus.," HEIGHT="47" WIDTH="142" VPOS="3174" HPOS="537"/>
<SP HEIGHT="36" WIDTH="28" VPOS="3185" HPOS="680"/>
<String CONTENT="plates," HEIGHT="47" WIDTH="168" VPOS="3174" HPOS="709"/>
<SP HEIGHT="40" WIDTH="58" VPOS="3174" HPOS="878"/>
<String CONTENT="front." HEIGHT="40" WIDTH="150" VPOS="3174" HPOS="937"/>
<SP HEIGHT="39" WIDTH="57" VPOS="3175" HPOS="1088"/>
<String CS="1" CONTENT="24cm." HEIGHT="40" WIDTH="116" VPOS="3175" HPOS="1146"/>
</TextLine>
<TextLine HEIGHT="51" WIDTH="1911" VPOS="3243" HPOS="210">
<String CONTENT="At" HEIGHT="38" WIDTH="64" VPOS="3243" HPOS="210"/>
<SP HEIGHT="39" WIDTH="32" VPOS="3243" HPOS="275"/>
<String CONTENT="head" HEIGHT="40" WIDTH="124" VPOS="3243" HPOS="308"/>
<SP HEIGHT="39" WIDTH="32" VPOS="3244" HPOS="433"/>
<String CONTENT="of" HEIGHT="39" WIDTH="52" VPOS="3244" HPOS="466"/>
<SP HEIGHT="39" WIDTH="32" VPOS="3244" HPOS="519"/>
<String CONTENT="title:" HEIGHT="39" WIDTH="135" VPOS="3245" HPOS="552"/>
<SP HEIGHT="40" WIDTH="37" VPOS="3245" HPOS="688"/>
<String CONTENT="Centennial" HEIGHT="40" WIDTH="283" VPOS="3245" HPOS="726"/>
<SP HEIGHT="39" WIDTH="32" VPOS="3246" HPOS="1010"/>
<String CONTENT="edition:" HEIGHT="43" WIDTH="210" VPOS="3246" HPOS="1043"/>
<SP HEIGHT="42" WIDTH="36" VPOS="3247" HPOS="1254"/>
<String CONTENT="Rowland" HEIGHT="40" WIDTH="235" VPOS="3247" HPOS="1291"/>
<SP HEIGHT="39" WIDTH="35" VPOS="3248" HPOS="1527"/>
<String CONTENT="E." HEIGHT="39" WIDTH="52" VPOS="3248" HPOS="1563"/>
<SP HEIGHT="39" WIDTH="36" VPOS="3248" HPOS="1616"/>
<String CONTENT="Robinson;" HEIGHT="47" WIDTH="270" VPOS="3247" HPOS="1653"/>
<SP HEIGHT="35" WIDTH="36" VPOS="3259" HPOS="1924"/>
<String CONTENT="edited" HEIGHT="40" WIDTH="160" VPOS="3248" HPOS="1961"/>
</TextLine>
<TextLine HEIGHT="47" WIDTH="683" VPOS="3299" HPOS="141">
<String CONTENT="by" HEIGHT="46" WIDTH="62" VPOS="3299" HPOS="141"/>
<SP HEIGHT="46" WIDTH="25" VPOS="3299" HPOS="204"/>
<String CONTENT="Llewellyn" HEIGHT="47" WIDTH="261" VPOS="3299" HPOS="230"/>
<SP HEIGHT="38" WIDTH="29" VPOS="3300" HPOS="492"/>
<String CONTENT="R." HEIGHT="40" WIDTH="54" VPOS="3300" HPOS="522"/>
<SP HEIGHT="39" WIDTH="29" VPOS="3301" HPOS="577"/>
<String CONTENT="Perkins." HEIGHT="40" WIDTH="217" VPOS="3301" HPOS="607"/>
</TextLine>
<TextLine HEIGHT="55" WIDTH="1986" VPOS="3354" HPOS="140" CS="1">
<String CONTENT="&#169;" HEIGHT="52" WIDTH="52" VPOS="3354" HPOS="140"/>
<SP HEIGHT="52" WIDTH="21" VPOS="3354" HPOS="193"/>
<String CONTENT="Dec." HEIGHT="38" WIDTH="110" VPOS="3360" HPOS="215"/>
<SP HEIGHT="39" WIDTH="22" VPOS="3359" HPOS="326"/>
<String CONTENT="27," HEIGHT="47" WIDTH="68" VPOS="3359" HPOS="349"/>
<SP HEIGHT="46" WIDTH="23" VPOS="3360" HPOS="418"/>
<String CONTENT="1934;" HEIGHT="41" WIDTH="139" VPOS="3358" HPOS="442"/>
<SP HEIGHT="41" WIDTH="24" VPOS="3358" HPOS="582"/>
<String CONTENT="2c." HEIGHT="41" WIDTH="67" VPOS="3358" HPOS="607"/>
<SP HEIGHT="38" WIDTH="24" VPOS="3361" HPOS="675"/>
<String CONTENT="May" HEIGHT="46" WIDTH="112" VPOS="3361" HPOS="700"/>
<SP HEIGHT="46" WIDTH="20" VPOS="3361" HPOS="813"/>
<String CONTENT="13." HEIGHT="40" WIDTH="67" VPOS="3361" HPOS="834"/>
<SP HEIGHT="39" WIDTH="22" VPOS="3362" HPOS="902"/>
<String CONTENT="1935;" HEIGHT="47" WIDTH="140" VPOS="3359" HPOS="925"/>
<SP HEIGHT="35" WIDTH="24" VPOS="3371" HPOS="1066"/>
<String CONTENT="aff." HEIGHT="40" WIDTH="82" VPOS="3360" HPOS="1091"/>
<SP HEIGHT="38" WIDTH="24" VPOS="3362" HPOS="1174"/>
<String CONTENT="May" HEIGHT="47" WIDTH="112" VPOS="3362" HPOS="1199"/>
<SP HEIGHT="46" WIDTH="22" VPOS="3363" HPOS="1312"/>
<String CS="1" CONTENT="10;" HEIGHT="40" WIDTH="55" VPOS="3361" HPOS="1335"/>
<SP HEIGHT="46" WIDTH="23" VPOS="3362" HPOS="1418"/>
<!-- cceid 8C2AAD95-6D82-1014-B070-FDFD250A9EDA --><String CONTENT="A" HEIGHT="38" WIDTH="40" VPOS="3362" HPOS="1442"/>
<SP HEIGHT="39" WIDTH="23" VPOS="3362" HPOS="1483"/>
<String CONTENT="81769" HEIGHT="39" WIDTH="46" VPOS="3362" HPOS="1507"/>
<SP HEIGHT="38" WIDTH="12" VPOS="3363" HPOS="1554"/>
<String CONTENT=";" HEIGHT="47" WIDTH="108" VPOS="3360" HPOS="1567"/>
<SP HEIGHT="45" WIDTH="27" VPOS="3362" HPOS="1676"/>
<String CONTENT="Llewellyn" HEIGHT="46" WIDTH="262" VPOS="3362" HPOS="1704"/>
<SP HEIGHT="37" WIDTH="25" VPOS="3363" HPOS="1967"/>
<String CONTENT="Rood" HEIGHT="39" WIDTH="133" VPOS="3363" HPOS="1993"/>
</TextLine>
<TextLine HEIGHT="50" WIDTH="1916" VPOS="3416" HPOS="209">
<String CONTENT="Perkins," HEIGHT="46" WIDTH="216" VPOS="3416" HPOS="209"/>
<SP HEIGHT="45" WIDTH="31" VPOS="3417" HPOS="426"/>
<String CONTENT="Middlebury." HEIGHT="47" WIDTH="317" VPOS="3416" HPOS="458"/>
<SP HEIGHT="42" WIDTH="30" VPOS="3417" HPOS="776"/>
<String CONTENT="Vt." HEIGHT="39" WIDTH="73" VPOS="3417" HPOS="807"/>
<SP HEIGHT="28" WIDTH="64" VPOS="3437" HPOS="881"/>
<String CONTENT="[Copyright" HEIGHT="48" WIDTH="280" VPOS="3417" HPOS="946"/>
<SP HEIGHT="38" WIDTH="26" VPOS="3419" HPOS="1227"/>
<String CONTENT="is" HEIGHT="38" WIDTH="44" VPOS="3419" HPOS="1254"/>
<SP HEIGHT="29" WIDTH="26" VPOS="3428" HPOS="1299"/>
<String CONTENT="claimed" HEIGHT="39" WIDTH="203" VPOS="3418" HPOS="1326"/>
<SP HEIGHT="38" WIDTH="30" VPOS="3419" HPOS="1530"/>
<String CONTENT="on" HEIGHT="28" WIDTH="59" VPOS="3429" HPOS="1561"/>
<SP HEIGHT="38" WIDTH="30" VPOS="3418" HPOS="1621"/>
<String CONTENT="The" HEIGHT="40" WIDTH="104" VPOS="3418" HPOS="1652"/>
<SP HEIGHT="39" WIDTH="27" VPOS="3419" HPOS="1757"/>
<String CONTENT="Buttles" HEIGHT="40" WIDTH="191" VPOS="3419" HPOS="1785"/>
<SP HEIGHT="37" WIDTH="28" VPOS="3429" HPOS="1977"/>
<String CONTENT="gals," HEIGHT="47" WIDTH="119" VPOS="3419" HPOS="2006"/>
</TextLine>
<TextLine HEIGHT="51" WIDTH="1594" VPOS="3472" HPOS="209" CS="1">
<String CONTENT="Along" HEIGHT="45" WIDTH="155" VPOS="3474" HPOS="209"/>
<SP HEIGHT="43" WIDTH="21" VPOS="3476" HPOS="365"/>
<String CONTENT="three" HEIGHT="37" WIDTH="135" VPOS="3474" HPOS="387"/>
<SP HEIGHT="29" WIDTH="22" VPOS="3482" HPOS="523"/>
<String CS="1" CONTENT="rivers;" HEIGHT="40" WIDTH="154" VPOS="3472" HPOS="546"/>
<SP HEIGHT="45" WIDTH="23" VPOS="3474" HPOS="727"/>
<String CONTENT="foreword" HEIGHT="39" WIDTH="241" VPOS="3474" HPOS="751"/>
<SP HEIGHT="38" WIDTH="24" VPOS="3475" HPOS="993"/>
<String CONTENT="and" HEIGHT="39" WIDTH="94" VPOS="3474" HPOS="1018"/>
<SP HEIGHT="39" WIDTH="23" VPOS="3474" HPOS="1113"/>
<String CONTENT="introduction]" HEIGHT="49" WIDTH="345" VPOS="3474" HPOS="1137"/>
<SP HEIGHT="48" WIDTH="70" VPOS="3475" HPOS="1483"/>
<String CONTENT="(35-6767)" HEIGHT="47" WIDTH="249" VPOS="3474" HPOS="1554"/>
</TextLine>
<TextLine HEIGHT="69" WIDTH="1216" VPOS="3571" HPOS="139" STYLEREFS="StyleId-B2B2F916-7D6A-443B-B743-26D8ED7648AB-">
<String CONTENT="Rutledge," HEIGHT="67" WIDTH="306" VPOS="3571" HPOS="139"/>
<SP HEIGHT="62" WIDTH="32" VPOS="3576" HPOS="446"/>
<String CONTENT="Archibald" HEIGHT="54" WIDTH="317" VPOS="3574" HPOS="479"/>
<SP HEIGHT="51" WIDTH="32" VPOS="3577" HPOS="797"/>
<String CONTENT="Hamilton," HEIGHT="65" WIDTH="319" VPOS="3575" HPOS="830"/>
<SP HEIGHT="57" WIDTH="34" VPOS="3583" HPOS="1150"/>
<String CONTENT="1883-" HEIGHT="48" WIDTH="170" VPOS="3583" HPOS="1185"/>
</TextLine>
<TextLine HEIGHT="71" WIDTH="1912" VPOS="3651" HPOS="210" STYLEREFS="StyleId-A025151B-9456-4334-AE46-B110A3FBD02E-" CS="1">
<String CONTENT="When" HEIGHT="53" WIDTH="182" VPOS="3651" HPOS="210"/>
<SP HEIGHT="51" WIDTH="24" VPOS="3652" HPOS="393"/>
<String CONTENT="boys" HEIGHT="66" WIDTH="136" VPOS="3652" HPOS="418"/>
<SP HEIGHT="48" WIDTH="24" VPOS="3670" HPOS="555"/>
<String CONTENT="go" HEIGHT="47" WIDTH="72" VPOS="3671" HPOS="580"/>
<SP HEIGHT="32" WIDTH="24" VPOS="3672" HPOS="653"/>
<String CONTENT="off" HEIGHT="52" WIDTH="79" VPOS="3652" HPOS="678"/>
<SP HEIGHT="53" WIDTH="23" VPOS="3652" HPOS="758"/>
<String CONTENT="to" HEIGHT="46" WIDTH="58" VPOS="3659" HPOS="782"/>
<SP HEIGHT="33" WIDTH="25" VPOS="3672" HPOS="841"/>
<String CONTENT="school," HEIGHT="67" WIDTH="206" VPOS="3653" HPOS="867"/>
<SP HEIGHT="65" WIDTH="25" VPOS="3655" HPOS="1074"/>
<String CONTENT="by" HEIGHT="65" WIDTH="75" VPOS="3655" HPOS="1100"/>
<SP HEIGHT="66" WIDTH="24" VPOS="3654" HPOS="1176"/>
<String CONTENT="Archibald" HEIGHT="52" WIDTH="316" VPOS="3654" HPOS="1201"/>
<SP HEIGHT="52" WIDTH="25" VPOS="3654" HPOS="1518"/>
<String CONTENT="Rutledge" HEIGHT="67" WIDTH="284" VPOS="3655" HPOS="1544"/>
<SP HEIGHT="33" WIDTH="32" VPOS="3674" HPOS="1829"/>
<String CS="1" CONTENT="&#8230;"/>
<SP HEIGHT="51" WIDTH="66" VPOS="3656" HPOS="1918"/>
<String CONTENT="New" HEIGHT="52" WIDTH="137" VPOS="3656" HPOS="1985"/>
</TextLine>
<TextLine HEIGHT="69" WIDTH="1281" VPOS="3728" HPOS="145" STYLEREFS="StyleId-A025151B-9456-4334-AE46-B110A3FBD02E-" CS="1">
<String CONTENT="York" HEIGHT="51" WIDTH="156" VPOS="3728" HPOS="145"/>
<SP HEIGHT="66" WIDTH="30" VPOS="3728" HPOS="302"/>
<String CONTENT="[etc.]" HEIGHT="61" WIDTH="137" VPOS="3733" HPOS="333"/>
<SP HEIGHT="65" WIDTH="30" VPOS="3729" HPOS="471"/>
<String CONTENT="Fleming" HEIGHT="67" WIDTH="264" VPOS="3728" HPOS="502"/>
<SP HEIGHT="65" WIDTH="24" VPOS="3730" HPOS="767"/>
<String CONTENT="H." HEIGHT="52" WIDTH="76" VPOS="3730" HPOS="792"/>
<SP HEIGHT="52" WIDTH="22" VPOS="3730" HPOS="869"/>
<String CONTENT="Revell" HEIGHT="53" WIDTH="198" VPOS="3730" HPOS="892"/>
<SP HEIGHT="49" WIDTH="25" VPOS="3734" HPOS="1091"/>
<String CONTENT="company" HEIGHT="48" WIDTH="278" VPOS="3749" HPOS="1117"/>
<SP HEIGHT="47" WIDTH="30" VPOS="3750" HPOS="1396"/>
<String CS="1" CONTENT="[c1935]"/>
</TextLine>
<TextLine HEIGHT="47" WIDTH="270" VPOS="3813" HPOS="213" CS="1">
<String CONTENT="124" HEIGHT="38" WIDTH="85" VPOS="3813" HPOS="213"/>
<SP HEIGHT="46" WIDTH="24" VPOS="3814" HPOS="299"/>
<String CONTENT="p." HEIGHT="35" WIDTH="43" VPOS="3825" HPOS="324"/>
<SP HEIGHT="37" WIDTH="57" VPOS="3815" HPOS="368"/>
<String CS="1" CONTENT="19&#189;cm." HEIGHT="39" WIDTH="57" VPOS="3813" HPOS="426"/>
</TextLine>
<TextLine HEIGHT="56" WIDTH="1873" VPOS="3878" HPOS="143" CS="1">
<String CONTENT="&#169;" HEIGHT="52" WIDTH="52" VPOS="3878" HPOS="143"/>
<SP HEIGHT="52" WIDTH="24" VPOS="3878" HPOS="196"/>
<String CONTENT="Apr." HEIGHT="46" WIDTH="113" VPOS="3883" HPOS="221"/>
<SP HEIGHT="39" WIDTH="25" VPOS="3883" HPOS="335"/>
<String CONTENT="6," HEIGHT="46" WIDTH="38" VPOS="3883" HPOS="361"/>
<SP HEIGHT="44" WIDTH="26" VPOS="3885" HPOS="400"/>
<String CS="1" CONTENT="1935;" HEIGHT="42" WIDTH="112" VPOS="3881" HPOS="427"/>
<SP HEIGHT="41" WIDTH="28" VPOS="3883" HPOS="567"/>
<String CONTENT="2c." HEIGHT="39" WIDTH="65" VPOS="3883" HPOS="596"/>
<SP HEIGHT="28" WIDTH="27" VPOS="3894" HPOS="662"/>
<String CONTENT="and" HEIGHT="38" WIDTH="94" VPOS="3884" HPOS="690"/>
<SP HEIGHT="39" WIDTH="27" VPOS="3884" HPOS="785"/>
<String CONTENT="aff." HEIGHT="40" WIDTH="80" VPOS="3883" HPOS="813"/>
<SP HEIGHT="37" WIDTH="29" VPOS="3886" HPOS="894"/>
<String CONTENT="May" HEIGHT="46" WIDTH="113" VPOS="3886" HPOS="924"/>
<SP HEIGHT="48" WIDTH="25" VPOS="3884" HPOS="1038"/>
<String CONTENT="2;" HEIGHT="47" WIDTH="53" VPOS="3884" HPOS="1064"/>
<SP HEIGHT="46" WIDTH="28" VPOS="3885" HPOS="1118"/>
<!-- cceid 8C2B465F-6D82-1014-B070-FDFD250A9EDA --><String CONTENT="A" HEIGHT="38" WIDTH="40" VPOS="3885" HPOS="1147"/>
<SP HEIGHT="40" WIDTH="27" VPOS="3885" HPOS="1188"/>
<String CONTENT="81650;" HEIGHT="46" WIDTH="169" VPOS="3885" HPOS="1216"/>
<SP HEIGHT="45" WIDTH="30" VPOS="3886" HPOS="1386"/>
<String CONTENT="Fleming" HEIGHT="49" WIDTH="220" VPOS="3885" HPOS="1417"/>
<SP HEIGHT="46" WIDTH="25" VPOS="3888" HPOS="1638"/>
<String CONTENT="H." HEIGHT="38" WIDTH="57" VPOS="3888" HPOS="1664"/>
<SP HEIGHT="39" WIDTH="30" VPOS="3887" HPOS="1722"/>
<String CONTENT="Revell" HEIGHT="40" WIDTH="167" VPOS="3887" HPOS="1753"/>
<SP HEIGHT="38" WIDTH="26" VPOS="3889" HPOS="1921"/>
<String CONTENT="co." HEIGHT="29" WIDTH="68" VPOS="3898" HPOS="1948"/>
</TextLine>
<TextLine HEIGHT="48" WIDTH="247" VPOS="3938" HPOS="222">
<String CONTENT="(35-6638)" HEIGHT="48" WIDTH="247" VPOS="3938" HPOS="222"/>
</TextLine>
</TextBlock>
</PrintSpace>
</Page>
</Layout>
</alto>