2424 4375
1049 4067 131 53 1757

118 533 1926 67 peals, Dec. 17. 1928 to Juty 2, 1934. by James P. Ayhvard …
117 612 112 51 and
264 611 93 52 for
390 612 94 50 the
520 608 351 69 Spring-field
905 610 178 54 Court
1117 611 62 51 of
1215 613 250 63 appeals,
1498 612 228 64 August
1762 613 81 63 19,
1880 614 131 48 1933
2047 615 57 47 to

118 685 1987 70 January 2, 1935, by Argus Cox … v. 228. Columbia. Mo.,
121 754 1131 86 E. W] Stephens publishing co. [ c 1935]
189 838 901 48 1 p. l., v-xli. 1353, xxii p. 23½cm.
117 890 52 53 ©
191 896 115 47 July
330 897 68 40 26,
425 896 109 38 1935;
590 896 66 38 2c.
681 896 94 38 and
801 894 77 40 aff.
905 895 116 47 July
1044 893 55 39 29;
1153 895 39 37 A
1217 893 142 41 89287;
1415 896 133 46 Eppa
1576 894 49 39 F.
1654 894 184 48 Elliott,
1866 894 240 40 Jefferson

185 951 123 48 City.
334 953 46 38 Μ
417 983 6 7 .

117 1057 299 52 Montana.
491 1062 277 60 Supreme
798 1061 171 47 court.

188 1132 1919 68 Reports of cases argued and determined … from January
118 1216 82 54 24,
237 1215 149 48 1985.
418 1219 58 46 to
510 1213 136 64 May
752 1252 10 16 16,
799 1215 145 48 1935.
1022 1209 218 55 Official
1273 1217 207 60 report.
1557 1211 240 53 Volume
1834 1215 79 49 99.
1993 1211 114 54 San

120 1288 318 65 Francisco,
470 1288 580 66 Bancroft-Whitney
1082 1307 294 48 company,
1411 1292 148 49 1935.

186 1362 171 47 xxxiii,
391 1363 81 38 733
508 1373 42 36 p.
610 1361 55 38 22½
698 1364 43 19 cm
748 1393 6 8 .

120 1415 52 53 ©
206 1420 115 38 Nov.
359 1419 70 46 27,
465 1418 112 40 1935;
642 1418 66 39 2c.
746 1418 96 39 and
876 1417 81 40 aff.
996 1419 110 38 Dec.
1143 1419 29 38 3;
1236 1418 39 38 A
1312 1417 141 40 89696;
1522 1416 487 49 Bancroft-Whitney
2043 1429 67 29 co.

118 1522 260 63 Morano,
411 1520 262 66 Clotilde,
704 1539 181 36 suora.

252 1595 1860 69 … Esercizi di ginnastica … Torino [etc.] G. B. Paravia
121 1675 45 50 &
196 1694 42 33 c.
295 1676 151 64 [1935]

188 1745 85 40 310
298 1755 43 37 p.
368 1745 108 39 incl.
504 1745 143 46 illus.,
674 1745 170 47 plates.
902 1743 146 41 23½cm.

188 1801 1045 41 At head of title; Sr. Clotilde Morano …
120 1858 1854 53 © May 1, 1935; 1c. May 24; A-Foreign 27942; G . B. Paravia & c.
198 1918 277 48 (35-37272)

120 2022 178 63 Moss,
326 2022 203 52 James
555 2020 229 64 Alfred,
815 2024 169 51 1872-

190 2098 119 53 The
345 2097 385 55 Constitution
768 2097 64 53 of
864 2098 93 52 the
986 2098 217 54 United
1238 2097 203 55 States.
1518 2098 256 68 People’s
1806 2099 83 52 ed.
120 2099 1969 131 Constitution
408 2176 319 68 explained,

756 2176 1357 68 by James A. Moss … [Washington, D. C.,
121 2254 123 52 The
274 2254 214 54 United
521 2253 188 55 States
738 2254 114 68 flag
880 2253 355 68 association,
1261 2261 18 21 c
1284 2256 151 64 1935]

193 2327 282 47 cover-title,
505 2327 57 39 40
590 2338 40 37 p.
692 2327 127 40 illus.
862 2328 132 46 (incl.
1026 2327 134 47 map)
1228 2327 55 40 23
1287 2329 44 21 cm
1335 2359 8 8 .

125 2379 52 53 ©
199 2385 117 39 Nov.
340 2385 70 46 16,
433 2383 138 42 1935;
598 2384 66 39 2c.
688 2385 94 39 and
808 2384 80 39 aff.
913 2384 116 39 Nov.
1053 2383 56 39 29;
1162 2384 40 38 A
1226 2383 146 41 88448;
1422 2385 168 39 James
1612 2385 53 39 A.
1692 2386 144 46 Moss,
196 2385 1903 96 Washington.
362 2441 278 47 (35-33982)

123 2544 303 63 Mussatti,
453 2544 219 54 James.

194 2619 495 55 Constitutionism;
746 2621 94 52 the
862 2619 187 69 origin
1071 2619 64 54 of
1157 2619 208 68 liberty
1386 2619 181 53 under
1588 2619 97 53 the
1706 2619 408 66 Constitution,

125 2696 1988 69 by James Mussatti … Los Angeles, Calif., Richard Blank
124 2762 865 80 publishing company [ c 1935]
194 2848 524 48 3 p. l., 58 p. 30½ cm .
198 2904 286 47 “Summary
516 2904 51 40 of
603 2906 80 38 the
718 2904 236 41 decisions
989 2903 51 40 of
1074 2905 79 38 the
1191 2903 175 40 United
1405 2903 164 41 States
1605 2903 230 48 Supreme
1870 2910 134 33 court
126 2906 1973 101 declaring
335 2962 104 38 acts
465 2960 51 39 of
541 2960 236 47 Congress
805 2959 449 48 unconstitutional,
1277 2958 289 42 1803-1835”;
1621 2971 44 37 p.
1690 2960 159 42 46-49.

197 3016 347 48 Bibliography;
603 3027 42 37 p.
677 3016 69 40 58.

127 3068 52 53 ©
207 3073 100 40 Oct.
337 3073 68 45 15,
434 3073 138 40 1935;
604 3074 66 38 2c.
700 3073 99 40 Oct.
829 3072 79 45 19;
941 3073 81 39 aff.
1052 3074 117 38 Nov.
1197 3073 82 45 20;
1311 3074 40 37 A
1379 3073 168 46 86887;
1577 3073 216 40 Richard
1822 3074 159 39 Blank
2009 3075 108 45 pub.

197 3140 66 29 co.
334 3130 278 47 (35-33981)

128 3233 123 52 The
278 3234 144 53 New
451 3235 245 53 Yorker.

199 3311 119 51 The
346 3312 230 51 seventh
606 3313 136 50 New
773 3311 221 52 Yorker
1022 3312 207 64 album,
1257 3312 139 52 with
1426 3330 30 33 a
1486 3312 317 66 dissenting
1832 3312 279 53 foreword

132 3387 71 65 by
241 3390 181 51 Lewis
459 3388 299 53 Mumford
795 3390 110 51 and
942 3408 30 33 a
1009 3388 212 67 partial
1258 3390 230 53 defence
1523 3389 75 66 by
1634 3408 101 33 one
1773 3389 63 52 of
1872 3391 93 52 the
131 3390 1961 127 editors.
338 3466 136 52 New

506 3466 177 56 York,
712 3467 261 51 Random
1001 3467 189 54 house,
1224 3470 146 49 1935.

198 3538 438 49 [152] p. illus. 31cm.
131 3595 51 52 ©
206 3600 114 39 Nov.
348 3602 65 37 12.
440 3601 110 39 1935;
606 3601 65 39 2c.
697 3602 115 37 Nov.
837 3601 52 40 13;
944 3601 82 40 aff.
1051 3601 118 40 Nov.
1193 3601 83 46 22;
1302 3602 40 38 A
1368 3600 141 41 89362;
1564 3601 200 40 Modern
1789 3601 199 47 library,
2015 3602 105 46 inc.,

202 3657 114 39 New
344 3658 141 37 York.

133 3755 245 65 Norton,
409 3761 137 51 Mrs.
578 3759 181 53 Edith
791 3759 181 65 (Fox)
1013 3764 169 49 1881-

201 3832 190 68 Ralph
425 3833 219 52 Norton
677 3835 113 51 and
820 3834 93 53 the
946 3834 247 69 Belgian
1221 3835 197 68 gospel
1448 3832 251 70 mission,
1729 3834 75 69 by
1838 3834 181 53 Edith
2051 3833 67 53 F.

133 3906 1987 73 Norton … New York [etc.] Fleming H. Revell company
138 4014 12 34 [
155 3988 18 21 c
178 3987 149 66 1935]
