2424 4375
1230 4082 132 52 1758

409 531 1199 49 2 p. l., 3-253 p. front., plates, ports. 19 ½ cm.
342 585 53 53 ©
420 590 116 39 Nov.
562 590 39 47 2,
630 591 140 42 1935;
800 591 66 40 2c.
895 591 94 40 and
1017 591 81 40 aff.
1126 592 119 40 Nov.
1272 593 52 45 3;
1355 593 39 38 A
1449 593 116 40 88207;
1624 594 219 49 Fleming
1869 596 60 40 H.
2004 598 121 39 Revell
2154 609 66 28 co.

420 646 279 49 (35-34019)

342 750 166 54 Ohio.
585 753 221 52 Courts.

413 828 149 55 Ohio
596 828 276 67 opinions.
943 830 244 67 Reports
1219 830 62 52 of
1315 849 149 36 cases
1498 832 212 66 argued
1745 833 111 52 and
1891 834 348 54 determined
2272 838 58 53 in

342 907 93 52 the
479 906 274 67 Supreme
793 915 158 46 court
992 907 63 53 of
1096 907 167 58 Ohio,
1303 909 95 52 the
1438 909 206 54 Courts
1684 910 62 52 of
1789 913 231 64 appeals
2061 912 61 52 of
2164 914 168 54 Ohio,

341 985 94 53 the
477 985 106 53 nisi
628 984 160 67 prius
830 990 186 47 courts
1059 986 61 51 of
1165 986 150 55 Ohio
1358 987 111 51 and
1511 988 237 52 selected
1792 1007 149 34 cases
1983 990 235 67 bearing
2260 1011 69 33 on

342 1062 150 55 Ohio
535 1065 136 62 law;
720 1063 138 52 with
901 1064 362 51 annotations
1306 1071 56 46 to
1407 1064 70 52 all
1527 1067 203 51 earlier
1772 1084 149 35 cases
1964 1068 59 52 in
2068 1068 159 66 point
2272 1072 57 51 in

342 1140 198 67 Page’s
576 1140 151 55 Ohio
763 1140 202 68 digest,
999 1141 272 54 Lifetime
1309 1142 230 53 edition,
1613 1146 221 51 volume
1871 1148 47 48 3.
1990 1147 169 65 June,
2199 1150 130 49 1935

339 1225 57 46 to
442 1219 262 65 October,
751 1223 147 48 1935.
982 1218 346 60 Cincinnati,
1372 1221 119 52 The
1539 1220 150 55 Ohio
1733 1223 109 51 law
1886 1228 257 61 reporter
341 1245 1963 119 company;
557 1296 344 63 Cincinnati,

935 1298 120 51 The
1086 1299 87 52 W.
1209 1298 76 52 H.
1317 1299 300 51 Anderson
1649 1317 278 50 company
1964 1335 12 33 [
1981 1307 18 21 c
2006 1305 131 49 1935]

401 1369 83 48 xii,
526 1370 88 40 600
652 1381 43 37 p.
755 1370 147 40 front.
931 1369 172 49 (port.)
1173 1369 146 41 24½cm.

403 1427 240 40 “Parallel
676 1426 257 41 citations”
969 1428 227 39 mounted
1230 1438 60 28 on
1321 1427 136 40 front
1490 1427 335 49 lining-paper.

333 1480 53 53 ©
411 1485 118 39 Nov.
556 1484 69 49 18,
653 1482 139 47 1935;
821 1484 65 40 2c.
916 1485 94 38 and
1037 1483 81 40 aff.
1147 1484 116 39 Nov.
1292 1484 83 46 20;
1405 1485 40 38 A
1472 1484 170 46 89469;
1673 1486 69 39 W.
1774 1486 59 40 H.
1860 1487 248 39 Anderson
2138 1501 67 27 eo.
2234 1490 93 39 and

407 1541 123 40 Ohio
555 1543 96 38 law
677 1543 216 45 reporter
920 1552 66 29 co.

335 1638 219 62 O’Neil,
583 1638 204 52 James
813 1638 246 52 Bradas.

405 1714 160 67 They
609 1712 91 54 die
742 1713 102 52 but
887 1730 162 48 once;
1095 1713 96 52 the
1234 1719 159 61 story
1436 1712 63 54 of
1544 1731 31 34 a
1619 1712 237 69 Tejano,
1901 1714 73 68 by
2017 1715 193 53 James
2258 1717 66 51 B.

336 1791 219 54 O’Neil.
618 1791 139 52 New
788 1789 178 69 York,
994 1789 231 69 Knight
1250 1789 400 69 publications,
1677 1790 127 67 inc.,
1836 1793 149 51 1935.

402 1862 681 52 viii p., 2 l., 228 p. 23½cm.
402 1922 40 38 A
468 1921 266 49 biography
760 1920 52 42 of
835 1920 99 42 Jeff
958 1921 116 47 Ake,
1100 1920 197 49 pioneer
1324 1919 51 41 of
1400 1922 81 40 the
1511 1921 288 41 Southwest.

330 1975 53 53 ©
405 1980 118 39 Nov.
547 1979 71 46 25,
642 1979 113 40 1935;
810 1978 66 40 2c.
900 1978 118 40 Nov.
1043 1978 54 39 15;
1153 1977 79 39 aff.
1260 1977 117 40 Nov.
1402 1978 59 39 26;
1513 1978 39 38 A
1634 1977 86 41 88483;
1777 1977 186 49 Knight
1986 1980 336 48 publications,

399 2036 90 40 inc.
563 2034 280 49 (35-34047)

328 2123 219 64 Peirce,
579 2124 247 55 Charles
854 2122 286 66 Santiago
1167 2125 275 63 Sanders,
1477 2127 323 51 1839-1914.

401 2203 284 54 Collected
744 2221 206 49 papers
1008 2202 61 53 of
1130 2201 235 55 Charles
1426 2201 246 54 Sanders
1730 2204 213 65 Peirce,
2001 2203 188 54 edited
2248 2205 71 66 by

330 2282 234 55 Charles
612 2281 359 51 Hartshorne
1023 2279 111 53 and
1186 2280 145 52 Paul
1381 2280 198 53 Weiss,
1665 2279 221 54 volume
1936 2285 46 49 6.
2035 2281 285 55 Scientific

327 2358 395 68 metaphysics.
802 2357 362 67 Cambridge,
1205 2358 273 52 Harvard
1522 2356 315 69 university
1881 2377 172 48 press,
2099 2363 148 49 1935.

428 2464 8 15 x,
469 2431 90 40 462
594 2442 42 36 p.
697 2431 148 39 front.
874 2429 171 49 (port.)
1092 2430 178 47 diagrs.
1334 2430 142 40 23½cm.

327 2484 53 53 ©
408 2490 112 38 Dec.
548 2487 40 49 2,
618 2487 112 40 1935;
789 2485 65 42 2c.
886 2488 109 38 Dec.
1026 2487 25 39 5;
1111 2486 79 40 aff.
1223 2487 111 39 Dec.
1365 2486 25 39 6;
1449 2488 40 37 A
1519 2487 142 40 88511;
1722 2486 254 42 President
2007 2489 93 38 and
2129 2488 191 41 fellows

395 2545 53 40 of
470 2545 229 39 Harvard
723 2545 190 46 college,
938 2542 301 48 Cambridge,
1266 2545 144 37 Mass.

325 2632 262 66 Phillips,
617 2635 207 63 Henry
850 2632 226 65 Albert,
1109 2636 170 51 1880-

392 2707 1858 70 Germany today and tomorrow, by Henry Albert Phillips …
322 2787 137 51 New
486 2786 179 67 York,
689 2785 190 68 Dodd,
903 2785 171 54 Mead
1103 2787 46 51 &
1175 2802 296 51 company,
1502 2788 150 50 1935.

393 2856 1232 51 xix p., 1 l., 339 p. front., plates, ports. 21 cm .
325 2913 53 53 ©
411 2918 116 39 Nov.
559 2918 39 46 6,
631 2916 113 41 1935;
807 2916 66 40 2c.
907 2918 96 38 and
1036 2916 80 39 aff.
1152 2917 117 39 Nov.
1304 2917 52 44 9;
1393 2917 41 38 A
1466 2916 169 45 88170;
1674 2916 152 46 Dodd,
1862 2917 141 39 Mead
2037 2916 36 40 &
2107 2927 81 34 co.,
2224 2917 88 39 inc.

389 2974 279 47 (36-34026)

321 3063 316 65 Plummer,
663 3064 64 54 T.
752 3063 250 53 Arthur.

392 3138 451 67 Frampton—of
870 3138 128 54 “the
1032 3136 225 54 Yard”!
1337 3136 88 68 By
1453 3136 66 53 T.
1549 3136 223 51 Arthur
1800 3135 305 54 Plummer.
2175 3135 132 52 New

331 3214 170 69 York,
529 3215 119 51 The
679 3214 300 67 Macaulay
1007 3231 275 50 company
1317 3247 12 34 [
1336 3220 18 21 c
1359 3216 132 49 1935
1497 3246 13 34 ]

388 3284 88 41 318
505 3296 43 37 p.
608 3283 55 41 19½
695 3288 15 21 cm
744 3316 10 10 .

319 3341 52 52 ©
403 3346 116 38 Nov.
552 3346 39 45 1,
624 3345 111 39 1935;
797 3345 68 39 2c.
896 3345 111 39 Dec.
1041 3345 25 39 7;
1127 3343 81 40 aff.
1242 3344 110 40 Dec.
1387 3343 25 40 6;
1474 3344 40 38 A
1547 3343 142 40 88564;
1753 3344 257 47 Macaulay
2044 3353 66 30 co.

390 3402 279 46 (35-33588)

319 3489 224 65 Politis,
572 3489 239 55 Nicolas
839 3491 257 64 Socrate,
1129 3493 172 51 1872-

386 3564 1916 71 Neutrality and peace, by Nicolas Politis … translated by
318 3641 1985 70 Francis Crane Macken … Washington, Carnegie endowment
320 3719 90 52 for
441 3721 403 52 international
877 3738 182 50 peace,
1094 3722 150 51 1935.

385 3791 103 48 xiii,
515 3792 57 40 99
599 3803 42 36 p.
698 3792 117 40 25cm.
878 3792 275 46 (Half-title;
1204 3791 255 47 Pamphlet
1488 3791 148 40 series
1666 3791 52 39 of
1747 3793 81 38 the
1855 3788 235 49 Carnegie
319 3791 1964 95 endowment
473 3848 78 38 for
576 3848 345 40 international
948 3859 156 36 peace,
1133 3847 222 40 Division
1383 3848 51 39 of
1460 3845 348 42 international
1836 3846 107 48 law,
1973 3857 76 30 no.
2075 3845 80 49 55)

387 3902 347 50 Bibliography
762 3908 51 36 at
841 3905 88 42 end
959 3904 55 40 of
1037 3905 118 40 each
1184 3905 210 46 chapter.

315 3957 53 53 ©
393 3963 115 39 Nov.
535 3963 67 40 11.
626 3961 112 41 1935;
795 3964 65 38 2c.
887 3964 94 38 and
1009 3963 80 39 aff.
1117 3963 114 38 Nov.
1261 3962 80 46 19;
1370 3964 41 37 A
1437 3962 168 46 88301;
1636 3961 233 48 Carnegie
1896 3963 299 39 endowment
2223 3961 76 38 for

388 4018 188 41 interna
586 4020 49 38 tl.
665 4029 157 37 peace.
892 4019 252 41 (35-30992)
