2424 4375
1231 4054 134 48 1212

371 518 414 48 Bibliographical
813 519 275 40 foot-notes.

302 586 1985 53 © Nov. 7, 1934; 1c. July 10, 1935; A-Foreign 28410; Ferdinand Enke.
381 646 280 48 (35-15271)

303 748 518 65 Eimannsberger,
847 748 264 66 Ludwig,
1138 750 103 52 ritt
1246 769 60 34 er
1330 766 132 48 von,
1493 752 170 53 1878-

301 827 1988 148 Der kampfwagenkrieg, von Ludwig ritter von Eimannsberger … mit 9 textfiguren und 2 kartenbeilagen. München,
301 986 56 53 J.
389 985 63 51 F.
481 985 313 65 Lehmann,
824 987 147 50 1934.

370 1055 1433 50 vii, [1], 216 p. fold, maps (in pocket) diagrs. 21 ½ cm.
374 1127 256 47 “Quellen”:
692 1138 42 37 p.
767 1126 113 51 [viii]

304 1193 1985 53 © June 15, 1934; 1c. July 17; A -Foreign 25239; J. F. Lehmanns verlag.
384 1253 279 50 (34-30827)

306 1357 296 65 Eldridge,
631 1357 177 53 Ethel
833 1357 51 54 J.

375 1435 275 65 Yen-foh,
680 1454 30 33 a
742 1435 237 54 Chinese
1006 1435 127 63 boy,
1163 1433 247 68 adapted
1441 1434 153 52 from
1622 1435 94 52 the
1748 1434 240 55 Chinese
2014 1436 74 66 by
2121 1436 169 53 Ethel

304 1510 1964 134 J. Eldridge; illustrated by Kurt Wiese … Chicago, A. Whitman
464 1595 45 48 &
537 1610 96 45 co.,
664 1594 150 49 1935.

377 1663 70 48 29,
476 1664 54 48 [3]
562 1673 41 37 p.
631 1662 109 40 incl.
767 1663 83 39 col.
878 1661 164 47 front.,
1070 1661 85 40 col.
1184 1661 127 40 illus.
1365 1660 114 40 24cm.

373 1719 368 48 Lining-papers
773 1718 278 41 illustrated
1084 1718 50 38 in
1166 1719 167 39 colors.

372 1775 430 49 “Lithographed.”

379 1831 203 43 “Junior
612 1843 135 38 press
778 1830 190 41 books.”

309 1899 1985 53 © Aug. 1, 1935; 2c. Sept. 16; aff. Sept. 13; A 87003; Albert Whitman &
376 1971 67 29 co.
514 1958 279 49 (35-27290)

310 2063 225 65 Elkins,
567 2063 224 56 Felton.

379 2138 237 55 Stained
669 2138 209 69 angels,
926 2137 76 69 by
1053 2138 203 52 Felton
1311 2136 221 55 Elkins.
1619 2136 259 69 London,
1928 2137 155 54 John
2137 2136 152 53 Lane

312 2219 173 65 [1935]

380 2287 625 52 5 p. l., 289, [1] p. 19cm.
382 2356 146 43 Short
553 2358 187 42 stories.

311 2425 1979 53 © 1c. Aug. 14, 1935; A ad int. 20498; pubd. June 14; F. Elkins, Santa
379 2488 234 46 Barbara,
641 2487 144 41 Calif.
855 2486 279 48 (35-15476)

310 2588 187 65 Fiero,
527 2590 202 52 James
755 2590 269 63 Newton,
1054 2591 170 53 1847-

382 2666 362 54 Cumulative
779 2667 374 66 supplement,
1192 2670 148 48 1935.
1415 2665 168 55 Fiero
1618 2684 71 33 on
1727 2666 314 66 particular
2080 2667 209 51 actions

311 2744 112 51 and
453 2744 384 66 proceedings.
901 2743 98 52 4th
1028 2744 84 51 ed.
1181 2742 310 67 Including
1518 2742 96 53 the
1643 2742 384 55 amendments
2059 2744 111 51 and
311 2743 1956 131 decisions
550 2820 153 53 from
736 2821 95 52 the
865 2820 351 67 publication
1253 2820 62 52 of
1350 2820 96 52 the
1481 2820 200 51 fourth
1716 2818 216 54 edition
1969 2823 321 62 1921-1922,

309 2897 1957 145 to the close of the regular 1935 session of the New York Legislature, by William Π. Pearse … assisted by Normington
312 2974 1978 145 Schofield … Albany, N. Y., and New York, N. Y., M. Bender &
312 3149 295 49 company,
633 3130 415 67 incorporated,
1076 3131 147 52 1935.

381 3217 83 47 xii,
495 3216 84 40 814
607 3226 42 37 p.
706 3215 114 39 26cm.

314 3282 52 53 ©
393 3286 125 47 Sept.
543 3286 68 47 17,
635 3285 140 46 1935;
800 3284 67 41 2c.
895 3285 127 47 Sept.
1045 3284 82 46 20;
1155 3284 82 40 aff.
1265 3283 125 48 Sept.
1490 3295 8 36 18;
1525 3284 41 39 A
1590 3283 168 47 87096;
1785 3285 236 39 Matthew
2045 3285 189 40 Bender
2257 3283 35 40 &

387 3353 82 36 co.,
495 3342 93 40 inc.

317 3443 148 65 Fite,
495 3445 286 52 Emerson
811 3442 207 65 David,
1049 3445 170 54 1874-

383 3519 242 68 History
654 3518 65 53 of
746 3519 96 52 the
870 3519 216 54 United
1120 3518 202 55 States.
1392 3519 95 52 6th
1520 3518 83 53 ed.
1670 3519 91 68 By
1793 3519 273 52 Emerson
2097 3513 187 56 David

315 3591 1969 72 Fite … with maps and illustrations. New York, H. Holt and
312 3688 280 53 company
645 3675 174 64 [c1935]

422 3776 7 12 x,
456 3744 97 45 623,
579 3744 67 40 xli
672 3754 43 38 p.
743 3744 109 42 incl.
877 3744 162 47 front.,
1065 3744 128 41 illus.
1252 3750 136 41 maps
1415 3744 49 49 (1
1492 3744 195 47 double)
1754 3742 57 41 20½cm.

386 3804 138 48 Maps
559 3816 59 28 on
652 3806 356 47 lining-papers.

390 3859 233 41 “General
649 3861 296 41 references”
974 3864 51 38 at
1051 3863 90 39 end
1167 3862 52 40 of
1245 3862 116 40 each
1386 3862 210 46 chapter.

316 3927 52 53 ©
396 3932 117 47 Aug.
544 3932 68 47 13,
642 3931 113 41 1935;
813 3932 65 41 2c.
908 3935 98 38 and
1032 3933 79 39 aff.
1144 3935 119 46 Aug.
1293 3934 56 39 27;
1409 3935 41 37 A
1477 3934 168 46 86078;
1678 3935 167 47 Henry
1876 3935 118 39 Holt
2024 3935 37 39 &
2089 3943 79 31 co.,
2200 3933 85 38 inc.

396 3987 278 52 (35-15266)
