2424 4375
1041 4023 98 51 985

106 440 313 54 American
450 440 211 64 digest.

175 517 359 53 Cumulative
564 516 149 51 table
744 516 62 51 of
834 516 108 65 key
970 516 263 51 numbers
1264 515 59 52 in
1353 517 93 49 the
1479 516 246 52 Current
1756 515 182 65 digest
104 515 1959 132 volumes
286 597 135 48 1-14

506 592 1439 67 … St. Paul, Minn., West publishing co., c 1935.
169 666 283 46 cover-title,
480 666 89 39 166
592 676 42 37 p.
692 665 55 40 25½
780 668 44 21 cm
829 697 9 8 .

95 732 53 56 ©
169 736 118 47 July
306 736 68 47 20,
398 736 112 40 1935;
559 735 67 40 2c.
649 735 119 48 Aug.
788 735 25 40 6;
866 734 80 40 aff.
970 735 118 47 Aug.
1112 735 25 39 5;
1188 735 40 38 A
1251 734 145 40 85356;
1446 735 135 40 West
1602 735 107 48 pub.
1734 745 66 29 co.

105 839 266 64 Bazzoni,
402 838 243 55 Charles
675 837 250 64 Blizard,
956 844 169 49 1886-

174 916 232 68 Energy
455 917 112 52 and
614 920 223 62 matter,
884 912 265 71 building
1194 915 193 53 blocks
1436 914 64 53 of
1546 915 94 52 the
1687 914 277 59 universe,
2012 916 70 65 by

104 991 1979 69 Charles B. Bazzoni … New York, The University society,
101 1072 396 67 incorporated
535 1105 12 33 [
552 1078 18 21 c
574 1075 136 49 1934
713 1105 13 34 ]

174 1141 1913 52 viii, [2], 137 p. illus. (incl. ports.) II pl. on 1 l., diagrs. 23 cm . (The
105 1200 280 48 University
422 1198 162 42 series.
645 1199 283 48 Highlights
966 1199 52 40 of
1055 1200 198 39 modern
1289 1199 293 48 knowledge.
1642 1199 227 48 Physics)

176 1258 160 40 “First
364 1258 139 40 trade
529 1257 183 40 edition
739 1256 155 41 1934.”

175 1311 341 51 “Suggestions
543 1314 79 40 for
648 1314 195 40 further
870 1312 227 48 reading”;
1155 1324 43 37 p.
1226 1313 216 41 123-124.

103 1382 52 53 ©
184 1388 109 38 Jan.
319 1387 40 45 4,
390 1386 139 46 1935;
560 1386 67 39 2c.
660 1387 125 38 June
812 1385 53 46 4;
897 1384 81 40 aff.
1009 1386 130 41 June
1163 1384 81 47 19;
1275 1385 40 38 A
1344 1383 169 47 84398;
1546 1384 283 48 University
1858 1395 107 35 see.,
1996 1384 90 41 inc.

171 1443 279 49 [Copyright
480 1442 44 41 is
550 1442 204 40 claimed
784 1452 60 29 on
874 1444 193 46 general
1098 1440 225 49 revision]
1396 1441 279 47 (35-10742)

103 1544 240 65 Becker,
370 1546 134 53 Carl
529 1546 203 63 Lotus,
763 1546 169 54 1873-

230 1618 1849 70 … Modern history; the rise of a democratic, scientific, and
100 1695 1987 71 industrialized civilization, by Carl L. Becker … New York,
99 1773 1581 70 Newark [etc.] Silver, Burdett and company [ c 1935]
169 1846 103 49 xiii,
309 1847 68 50 [1],
410 1846 97 48 826,
537 1846 118 39 xxiv
682 1856 43 38 p.
786 1847 126 40 illus.
940 1845 132 50 (incl.
1105 1847 161 48 maps)
1306 1846 179 48 diagrs.
1542 1844 58 42 20
1602 1847 45 22 cm
1651 1877 9 9 .
1730 1846 124 46 (The
100 1845 1985 106 Becker-Duncalf-Magoffin

589 1903 188 48 history
811 1903 173 48 series)

168 1963 245 40 “Selected
443 1961 254 48 readings”
728 1965 50 37 at
807 1964 89 38 end
925 1961 53 41 of
1004 1963 118 38 each
1151 1962 200 47 chapter
1381 1965 172 45 except
1580 1964 81 38 the
1689 1962 120 40 first.

102 2015 51 52 ©
176 2020 115 47 July
314 2020 38 47 5,
377 2019 139 46 1935;
542 2019 65 39 2c.
633 2019 95 39 and
751 2018 81 40 aff.
857 2019 115 47 July
994 2019 82 45 16;
1102 2019 42 38 A
1165 2019 169 46 84655;
1364 2018 49 41 C.
1438 2019 50 39 L.
1517 2020 196 46 Becker,
1741 2020 184 45 Ithaca,
1953 2020 54 38 N.
2031 2021 54 39 Y.

171 2076 278 48 [Copyright
481 2076 41 39 is
551 2075 203 40 claimed
785 2086 59 28 on
872 2086 104 29 new
1006 2077 193 47 matter]
1275 2074 279 50 (35-10861)

98 2177 273 65 Bennett,
401 2179 206 63 Henry
636 2178 274 64 Garland,
944 2183 170 49 1886-
1325 2195 179 49 comp.

233 2255 1851 67 … American literature, by Henry Garland Bennett … New
104 2332 1767 69 York, Cincinnati [etc.] American book company [ c 1935]
172 2405 62 45 ix,
259 2403 83 41 612
367 2414 42 37 p.
464 2403 144 40 23½cm.
670 2404 299 47 (Literature
993 2403 79 40 for
1096 2405 81 39 the
1203 2403 113 49 high
1342 2404 186 48 school)

171 2459 224 41 Includes
425 2459 389 49 bibliographies.

102 2515 51 52 ©
176 2519 114 47 July
310 2520 67 45 17,
402 2517 113 42 1935;
566 2519 67 39 2c.
659 2520 116 46 July
796 2517 55 40 22;
904 2518 80 40 aff.
1010 2519 116 47 July
1146 2518 82 47 20;
1252 2519 41 39 A
1315 2519 142 39 84693;
1509 2519 158 40 Amer,
1692 2520 122 39 book
1836 2531 67 29 co.

179 2575 279 48 (35-10601)

235 2678 1847 66 … On the high road, by Henry Garland Bennett … New
105 2753 1702 70 York, Cincinnati [etc.] American book company [c 1935]
169 2824 82 46 vii,
274 2824 86 41 600
381 2836 43 37 p.
474 2824 55 40 23½
563 2826 44 23 cm
610 2857 9 8 .
681 2824 299 48 (Literature
1004 2825 80 40 for
1106 2825 81 41 the
1214 2826 115 47 high
1357 2825 185 48 school)

172 2880 222 42 Includes
423 2881 387 48 bibliographies.

171 2937 366 48 “Biographical
565 2938 146 39 index
737 2937 52 40 of
815 2937 229 40 authors”;
1100 2947 44 38 p.
1169 2936 214 41 583-593.

103 2991 51 52 ©
175 2997 117 46 July
312 2997 67 44 17,
403 2994 138 47 1935;
565 2995 67 40 2c.
654 2996 114 47 July
791 2995 56 39 22;
899 2996 82 39 aff.
1004 2996 115 47 July
1144 2995 83 47 20;
1252 2997 40 38 A
1317 2996 142 41 84694;
1510 2997 157 39 Amer,
1691 2999 122 38 book
1836 3010 68 28 co.

179 3052 277 47 (35-10600)

100 3156 169 63 Bent,
296 3155 208 56 Adam.

165 3231 161 53 Eden
354 3250 281 49 sequence,
662 3232 73 67 by
761 3231 189 54 Adam
978 3235 163 50 Bent.
1204 3233 257 66 London,
1492 3233 264 68 Simpkin
1785 3236 296 67 Marshall,

99 3309 100 54 ltd.
236 3313 170 63 [1935]

167 3381 83 41 303
279 3394 42 36 p.
381 3380 53 41 19
438 3384 44 20 cm
486 3413 8 8 .

104 3434 1923 53 © 1c. June 25, 1935; A ad int. 20328; pubd. Apr. 30; A. Bent, London.
181 3494 247 46 (35-9554)

104 3595 312 65 Bingham,
444 3595 244 54 Francis
718 3595 236 64 Joseph.

172 3672 119 52 The
326 3672 168 66 flight
527 3672 64 53 of
625 3673 94 52 the
755 3673 126 52 blue
917 3673 172 63 eagle,
1125 3672 73 68 by
1236 3672 237 52 Francis
1510 3676 211 64 Joseph
1763 3674 284 64 Bingham;

104 3767 29 34 a
168 3748 270 56 fantastic
471 3757 156 60 story
660 3749 338 68 portraying
1029 3751 95 51 the
1157 3750 169 53 social
1362 3752 107 52 and
1508 3750 255 65 political
1796 3752 281 53 evolution

105 3826 62 51 of
204 3845 30 33 a
270 3845 122 34 new
429 3827 280 51 economic
746 3832 204 61 system
990 3827 55 51 in
1088 3828 94 51 the
1221 3826 212 54 United
1478 3828 186 54 States
1699 3828 244 54 between
1986 3831 93 51 the

103 3903 1902 71 years of 1934 and 1945. Los Angeles, DeVorss & co. [ c 1935]
