2424 4375
1014 4032 133 54 1597

102 426 294 68 [Edgerly,
426 428 291 66 Webster]
754 430 323 51 1852-1926.

165 505 72 51 In
271 504 95 52 the
398 507 210 63 temple
641 505 64 51 of
739 511 161 60 great
934 503 439 66 achievements;
1413 523 30 33 a
1479 505 378 53 constructive
1892 523 192 34 course

94 579 60 52 in
197 579 216 52 human
453 596 281 51 progress,
777 579 293 69 revealing
1110 580 98 52 the
1249 579 132 69 goal
1425 578 65 54 of
1533 579 270 68 creation,
1845 579 77 69 by
94 579 1967 132 Edmund

306 657 382 68 Shaftesbury
746 658 209 67 [pseud.]
1033 658 280 67 Meriden,
1347 659 197 66 Conn.,
1576 659 122 54 The
1728 659 242 53 Ralston
94 678 1966 124 society,
285 737 148 52 1936.

163 805 87 40 409
273 816 44 37 p.
375 804 57 41 25
433 807 47 22 cm
483 837 8 8 .

169 859 72 43 On
268 872 165 30 cover:
465 861 119 41 Goal
612 861 54 41 of
688 861 229 42 creation.

96 916 1988 53 © Oct. 8, 1935; 2c. and aff. Oct. 21; A 86921; Ralston co., Trenton, N. J.
169 978 279 47 [Copyright
478 978 41 38 is
550 977 203 40 claimed
785 987 59 29 on
872 988 106 28 new
1008 980 193 47 matter]
1275 977 279 49 (35-24875)

96 1079 195 63 Elson,
320 1080 180 52 Louis
529 1078 261 65 Charles,
824 1082 322 51 1848-1920.

163 1155 121 53 The
312 1155 200 68 theory
543 1154 65 54 of
632 1155 195 54 music.
892 1156 83 51 As
1002 1154 234 69 applied
1264 1160 59 48 to
1354 1155 98 53 the
1479 1155 268 70 teaching
1778 1156 112 53 and
94 1174 1966 109 practice
236 1232 64 52 of
334 1233 156 52 voice
526 1233 113 52 and
675 1232 384 53 instruments.
1134 1233 90 68 By
1260 1232 175 54 Louis
1472 1231 62 55 C.
1572 1233 193 53 Elson.
1839 1232 242 54 Revised

92 1308 1966 148 by Frederick S. Converse … Boston, New England conservatory of music [ c 1935]
163 1459 1030 50 211 p. illus. (incl. music) diagrs. 20 cm.
168 1517 144 41 “This
345 1528 170 32 course
546 1517 42 41 is
619 1518 210 47 adopted
861 1518 95 40 and
989 1518 118 39 used
1138 1517 50 40 in
1220 1518 83 40 the
1334 1518 117 40 New
1483 1517 224 48 England
1740 1520 344 45 conservatory

93 1574 53 39 of
169 1574 195 41 music.”

95 1629 51 51 ©
176 1632 101 40 Oct.
306 1634 69 46 14,
405 1632 140 47 1935;
576 1633 67 39 2c.
674 1634 96 38 and
801 1632 80 40 aff.
914 1633 101 39 Oct.
1045 1633 81 45 16;
1160 1634 40 36 A
1231 1633 169 46 87726;
1434 1633 115 39 New
1583 1634 222 47 England
164 1643 1903 93 conservatory

309 1689 51 40 of
394 1688 167 41 music.
625 1688 278 50 [Copyright
940 1690 41 38 is
1019 1688 205 40 claimed
1262 1700 59 28 on
1358 1688 244 49 appendix
1640 1691 61 39 by
1739 1690 261 40 Frederick
2042 1691 43 40 S.

162 1746 252 48 Converse]
490 1745 278 48 (35-25360)

94 1848 216 65 Evans,
340 1850 206 62 Henry
572 1848 268 66 Ridgely,
872 1851 171 50 1861-

163 1926 295 54 Founders
495 1925 64 53 of
592 1927 97 52 the
725 1925 242 53 colonial
1003 1924 250 53 families
1292 1922 65 54 of
1392 1923 268 69 Ridgely,
1697 1927 238 65 Dorsey,
1970 1926 112 52 and

93 2002 1967 145 Greenberry, of Maryland, by Henry Ridgely Evans … Washington,
346 2083 70 50 D.
456 2080 81 66 C.,
575 2080 138 56 Sold
748 2080 73 67 by
855 2081 88 53 W.
979 2081 76 52 H.
1092 2078 386 54 Lowdermilk
1513 2083 46 50 &
1590 2099 99 47 co.,
1726 2084 150 50 1935.

162 2151 1162 50 45 p. front. (port.) plates, facsim. 24 cm .
93 2206 51 53 ©
170 2211 117 39 Nov.
316 2210 38 47 8,
381 2209 139 50 1935;
549 2210 66 40 2c.
644 2210 96 39 and
766 2209 81 40 aff.
875 2210 116 39 Nov.
1018 2208 53 42 9:
1102 2210 40 38 A
1170 2207 169 48 89269;
1370 2210 61 38 H.
1459 2209 55 39 R.
1544 2209 177 48 Evans,
1749 2206 334 48 Washington.

170 2267 278 49 (35-24882)

94 2368 225 67 Fisher,
349 2371 257 52 Herbert
635 2369 208 53 Albert
872 2369 283 62 Laurens,
1188 2372 171 48 1865-

163 2450 55 51 A
257 2449 220 66 history
519 2448 61 52 of
622 2450 247 64 Europe,
907 2448 76 66 by
1022 2447 95 51 the
1157 2446 179 66 Right
1376 2445 370 52 Honourable
1786 2446 77 51 H.
1904 2446 70 51 A.
2016 2446 65 51 L.

94 2523 1989 67 Fisher … volume 3. The liberal experiment. London, Eyre
95 2607 110 51 and
233 2604 435 68 Spottiswoode,
698 2607 149 50 1935.

163 2673 1459 54 x p., 1 l., 791-1237 p., 1 l., xiii-xxxvi p. maps. 23½ cm .
96 2727 1986 56 © 1c. Dec. 9, 1935; A ad int. 20863; pubd. Nov. 25; H. A. L. Fisher,
162 2791 199 47 Oxford,
391 2790 234 48 England.

96 2894 295 63 Floherty,
420 2893 154 54 John
601 2892 54 54 J.

162 2969 413 54 Moviemakers
621 2969 109 67 [by]
777 2968 155 56 John
972 2970 55 53 J.
1069 2966 292 67 Floherty.
1436 2964 139 53 New
1616 2963 180 65 York,
96 2962 1961 152 Doubleday,

246 3050 200 52 Doran
471 3051 45 50 &
543 3064 296 49 company,
865 3047 126 55 inc.,
1021 3048 149 49 1935.

163 3118 28 39 4
213 3129 43 37 p.
316 3150 8 16 l.,
349 3117 87 41 100
460 3128 43 38 p.
563 3117 164 48 front.,
755 3117 129 40 illus.
941 3114 58 41 25½
1031 3117 45 21 cm
1079 3146 9 9 .

163 3174 285 42 Illustrated
488 3174 361 47 lining-papers.

165 3231 162 41 “First
357 3229 224 42 edition.”

98 3285 51 53 ©
186 3290 101 41 Oct.
323 3290 69 47 25,
429 3289 114 40 1935;
607 3288 67 40 2c.
713 3289 95 38 and
846 3287 81 40 aff.
967 3286 100 40 Oct.
1106 3286 81 45 31;
1229 3286 41 37 A
1306 3283 169 42 89285;
1517 3284 43 39 J.
1598 3283 43 39 J.
1681 3282 244 46 Floherty,
1965 3282 119 39 Port

162 3347 333 47 Washington,
525 3346 51 39 L.
606 3346 51 46 I.,
686 3345 57 39 N.
772 3345 54 38 Y.
896 3342 278 47 (35-24921)

97 3450 268 60 Forman,
391 3449 308 53 Harrison.

163 3524 273 68 Through
474 3522 303 54 forbidden
812 3521 194 65 Tibet;
1044 3538 72 36 an
1152 3519 310 54 adventure
1494 3516 120 52 into
1649 3515 95 54 the
1780 3512 303 67 unknown,

97 3599 70 70 by
192 3601 282 54 Harrison
500 3601 265 67 Forman,
847 3642 9 9 M.
920 3642 10 11 E.
993 3639 10 10 C.
1077 3597 137 51 New
1243 3594 179 68 York,
1447 3594 268 64 Toronto,
1741 3591 342 66 Longmans,

98 3676 179 54 Green
310 3678 111 53 and
454 3696 96 47 co.,
584 3679 150 50 1935.

163 3749 83 47 xii,
275 3748 85 40 275
389 3760 43 37 p.
491 3748 164 47 front.,
686 3749 169 46 plates,
884 3748 164 47 ports.,
1078 3745 216 40 facsims.
1354 3742 116 41 22°”.

166 3805 137 47 Maps
330 3816 60 28 on
415 3805 361 46 lining-papers.

166 3860 160 40 “First
359 3859 224 41 edition.”

99 3915 51 52 ©
181 3921 116 38 Nov.
330 3921 38 44 6,
402 3919 139 42 1935;
576 3919 67 39 2c.
677 3919 94 38 and
804 3917 78 40 aff.
917 3917 118 39 Nov.
1069 3915 52 47 9;
1156 3916 42 38 A
1230 3913 169 42 88163:
1436 3913 59 39 H.
1530 3913 222 45 Forman,
1786 3911 117 39 New
1936 3908 145 40 York.

174 3976 277 46 (35-25394)
