2424 4375
1272 4051 99 48 684

335 533 217 37 surance,
580 524 59 45 by
671 522 43 40 S.
748 523 44 39 S.
823 523 241 38 Huebner.
1126 523 119 39 Real
1274 525 170 44 estate,
1474 524 59 45 by
1563 524 69 38 W.
1663 523 49 40 C.
1740 523 189 39 Harris.
1991 523 166 40 Public
337 524 1957 102 utilities,

473 579 61 48 by
567 579 51 40 T.
653 579 55 39 R.
742 578 329 47 Suavely.—v.
1104 578 105 42 8-9.
1244 578 313 40 Commercial
1591 580 108 47 law,
1734 580 60 46 by
1830 579 54 41 U.
1921 579 52 41 E.
2008 579 168 41 Crane.

333 650 53 53 ©
411 655 121 38 Mar.
561 654 39 46 1,
629 653 112 40 1935;
795 652 65 41 2c.
886 654 121 39 each
1034 654 112 46 May
1173 652 55 41 23;
1286 652 106 40 affs.
1421 653 113 47 May
1560 652 54 38 22;
1672 653 40 38 A
1739 652 318 41 83269-83277;
2115 652 126 40 John
2309 684 7 8 C.

403 710 221 41 Winston
661 722 67 28 co.
792 710 281 49 [Copyright
1110 710 41 39 is
1190 709 203 40 claimed
1432 720 59 29 on
1531 709 239 39 revisions
1806 710 96 39 and
1938 707 259 50 additions]

412 767 249 47 (35-7469)

335 870 369 66 Daugherty,
731 874 224 62 Mason,
984 878 168 49 1893-

408 948 111 55 Sex
548 949 248 68 worship
828 950 109 52 and
968 946 212 57 disease
1222 948 241 69 (phallic
1492 948 276 67 worship)
1812 965 30 33 a
1875 945 268 55 scientific

338 952 1955 128 treatise
477 1046 73 35 on
583 1045 94 36 sex
712 1027 247 67 worship
994 1026 111 51 and
1139 1025 73 54 its
1246 1024 274 55 influence
1553 1043 70 34 on
1659 1024 240 69 religion
1933 1023 110 54 and

339 1023 1956 149 symbolism,
489 1104 141 54 with
659 1101 208 70 special
898 1103 283 54 reference
1212 1109 59 47 to
1303 1102 211 55 disease
1547 1102 62 54 of
1641 1103 95 52 the
1767 1105 190 50 sexual
1993 1120 219 51 organs,
2244 1102 74 68 by

339 1178 1816 71 Mason Daugherty … Cleveland, O., The author [c1935]
406 1252 87 41 240
520 1262 43 38 p.
623 1252 128 41 illus.
811 1253 55 40 18½cm.

408 1323 346 48 Bibliography:
814 1334 42 37 p.
887 1322 216 43 232-233.

335 1393 53 53 ©
418 1399 114 47 May
558 1399 40 46 1,
626 1398 140 47 1935;
797 1398 64 40 2c.
893 1399 95 39 and
1016 1398 82 40 aff.
1129 1399 113 46 May
1269 1398 52 46 3;
1354 1398 40 39 A
1423 1397 169 47 83196;
1626 1399 61 38 M.
1717 1399 299 47 Daugherty,
2048 1397 270 40 Cleveland.

415 1455 249 48 (35-7468)

336 1559 263 66 Derleth,
627 1560 239 64 August
888 1561 88 54 W.

406 1636 168 52 Place
614 1636 62 52 of
718 1636 192 52 hawks
956 1637 109 66 [by]
1112 1637 226 65 August
1378 1637 90 53 W.
1509 1636 266 63 Derleth;
1816 1636 322 52 illustrated
2182 1636 134 51 with

338 1712 530 68 wood-engravings
907 1714 73 66 by
1018 1713 221 66 George
1278 1713 273 53 Barford.
1625 1713 137 52 New
1804 1712 178 65 York,
2020 1713 216 65 Loring
2275 1715 44 50 &

337 1788 263 68 Mussey [c1935]
405 1873 85 42 250
517 1887 43 37 p.
588 1875 108 41 incl.
725 1874 162 48 front.,
916 1874 169 50 plates.
1145 1875 55 39 21½cm.

336 1941 53 53 ©
414 1947 112 46 May
552 1946 69 46 23,
648 1945 113 41 1935;
816 1946 66 40 2c.
910 1946 112 47 May
1048 1945 55 39 29;
1158 1945 79 40 aff.
1267 1947 112 46 May
1405 1945 54 39 24;
1517 1946 40 38 A
1585 1945 146 41 84019;
1782 1947 52 38 A.
1862 1947 71 39 W.
1964 1946 213 47 Derleth,
2205 1947 115 38 New

403 2003 144 39 York.
618 2002 249 50 (35-7575)

338 2105 224 65 Devlin,
591 2104 238 66 Joseph,
857 2106 84 53 ed.

405 2181 1911 68 Webster’s New World dictionary … editor in chief, Joseph
341 2258 1973 68 Devlin … assisted by a corps of recognized authorities in
342 2335 292 67 philology
663 2336 110 53 and
802 2335 423 68 lexicography.
1290 2336 326 66 Cleveland,
1644 2336 87 65 O.,
1757 2337 138 52 New
1925 2336 178 64 York,
2129 2337 70 53 N.
2231 2337 87 65 Y.,

336 2413 120 53 The
485 2413 201 54 World
716 2413 292 66 syndicate
1035 2413 334 66 publishing
1398 2431 294 49 company,
1724 2415 150 52 1935.

406 2484 927 51 5 p. l., 9-1146 p. col. front. 21cm.
406 2554 259 42 Published
695 2557 48 39 in
777 2555 111 41 1928
919 2557 153 39 under
1103 2556 107 41 title:
1275 2556 111 41 New
1420 2557 161 40 World
1612 2557 286 53 dictionary.

407 2612 72 41 On
511 2624 140 30 cover:
713 2612 102 42 Self
844 2611 341 50 pronouncing.

336 2679 53 53 ©
413 2685 120 39 Mar.
559 2684 67 46 19,
655 2683 112 41 1935;
819 2682 66 41 2c.
910 2684 94 38 and
1030 2682 82 40 aff.
1140 2684 113 46 May
1277 2683 54 38 21;
1387 2683 39 39 A
1451 2682 169 48 81904;
1648 2684 167 39 World
1840 2683 253 49 syndicate
2117 2686 107 45 pub.
2250 2694 66 30 co.

410 2740 280 49 [Copyright
713 2740 42 40 is
779 2740 203 39 claimed
1008 2749 59 29 on
1093 2739 207 47 changes
1328 2740 94 39 and
1452 2738 249 50 revisions]
1772 2740 249 47 (35-7513)

336 2840 402 54 Dictionnaire
770 2841 69 52 de
868 2840 363 68 spiritualité,
1264 2840 276 69 ascétique
1570 2847 56 48 et
1654 2842 295 68 mystique,
1980 2842 253 54 doctrine
2263 2848 54 46 et

407 2920 250 53 histoire.
723 2919 202 53 Publié
948 2938 128 33 sous
1106 2922 54 49 la
1191 2918 276 54 direction
1498 2920 68 52 de
1594 2921 214 52 Marcel
1836 2918 201 68 Viller,
2097 2963 9 9 S.
2174 2962 29 25 J.,
408 2938 1884 112 assisté

569 2998 69 52 de
667 2999 63 50 F.
765 2997 294 55 Cavallera
1090 3002 54 47 et
1172 3000 54 53 J.
1259 2998 69 51 de
1356 2996 260 67 Guibert,
1674 3040 9 9 S.
1752 3040 30 24 J.,
1811 3016 131 34 avec
1969 3001 52 50 le
2051 3016 262 34 concours

408 3074 134 52 d’un
574 3076 183 65 grand
789 3075 230 52 nombre
1050 3074 67 53 de
1149 3076 453 52 collaborateurs,
1671 3075 136 53 fasc.
1840 3078 48 50 4.
1921 3076 219 66 Ascèse,

407 3077 1885 128 ascétisme
602 3151 438 68 (suite)-Basile
1073 3152 201 67 (saint)
1371 3154 184 65 Paris,
1605 3154 67 54 G.
1726 3153 358 52 Beauchesne
2129 3159 57 47 et
2232 3172 81 33 ses

406 3228 104 67 fils,
543 3233 147 50 1935.

406 3315 281 49 cover-title,
716 3316 229 40 961-1280
974 3316 159 39 numb.
1161 3317 84 38 col.
1302 3315 60 41 30½cm.

337 3380 1979 53 © Feb. 25, 1935; 1c. May 31; A- Foreign 28028; Gabriel Beauchesne &
407 3451 75 30 ses
504 3441 90 40 fils.

338 3500 208 65 Dixon,
578 3503 278 53 Franklin
882 3504 88 57 W.

467 3577 1784 69 … The hidden harbor mystery, by Franklin W. Dixon …
338 3654 319 54 illustrated
685 3656 73 65 by
783 3656 57 53 J.
868 3657 255 54 Clemens
1152 3657 243 54 Gretter.
1456 3656 138 53 New
1622 3656 177 62 York,
1827 3656 230 55 Grosset
2082 3659 45 49 &
332 3656 1949 140 Dunlap
470 3734 191 63 [c1935]

404 3801 1339 50 iii, 219 p. front. 19½cm. (His The Hardy boys)
404 3857 285 42 Illustrated
725 3859 358 49 lining-papers.

336 3922 53 53 ©
419 3929 115 46 May
562 3928 68 48 28,
659 3928 140 51 1935;
829 3930 66 42 2c.
926 3931 95 40 and
1052 3930 80 40 aff.
1164 3931 112 46 May
1305 3929 82 47 31;
1418 3930 40 38 A
1490 3929 167 47 84007;
1692 3930 197 40 Grosset
1918 3930 37 39 &
1985 3930 206 45 Dunlap,
2222 3929 86 38 inc.,

414 3983 248 53 (35-7573)
