2424 4375
1194 4055 99 48 512

237 442 275 66 Helfritz,
543 444 185 65 Hans,
762 447 170 51 1902-

236 519 1965 146 … Land ohne schatten; die letzten wunder der wüste. Leipzig, P. List [c1934]
310 668 97 48 234,
453 668 56 49 [4]
553 677 55 38 p.,
670 666 164 50 front.,
875 668 128 39 illus.
1032 666 134 49 (incl.
1209 667 127 49 plan,
1379 668 179 49 music)
1609 669 171 48 plates,
1821 677 138 39 maps
1985 667 50 49 (1
2074 668 145 50 fold.)

241 725 152 47 diagr.
453 724 146 41 20½cm.

313 782 120 41 “Mit
462 780 58 42 38
550 780 435 41 tiefdruckbildern
1017 781 124 40 nach
1172 781 512 48 Originalaufnahmen
1715 782 83 40 des
1830 781 313 41 Verfassers.”

239 838 1992 53 © Oct. 25, 1934; 1c. Mar. 11, 1935; A -Foreign 27249; Paul List verlag.
319 898 249 49 (35-6135)

243 999 405 67 [Hollobough,
679 998 282 56 Camillus
984 1000 73 65 J.,
1083 1001 196 66 father]
1330 997 170 55 1879-

307 1080 123 54 The
478 1080 231 53 saddest
756 1078 114 54 and
921 1078 266 68 gladdest
1232 1077 64 54 of
1348 1079 158 66 days,
1554 1077 76 69 by
1681 1079 100 52 the
1828 1079 137 52 Rev.
2020 1077 216 54 Father

239 1154 1888 70 Camillus, C . P. Union City, N. J., The Sign press [c1935]
313 1232 141 47 81 p. 19½cm.
241 1284 53 53 ©
323 1288 122 39 Mar.
476 1287 40 47 6,
546 1285 113 42 1935;
718 1286 67 40 2c.
818 1287 119 39 Mar.
970 1285 53 48 8;
1056 1285 82 40 aff.
1172 1286 120 39 Mar.
1323 1287 54 46 7;
1410 1287 40 38 A
1482 1285 169 48 79955;
1688 1283 274 43 Passionist
1991 1285 242 49 missions,

310 1344 105 48 inc.,
445 1344 157 41 Union
629 1343 123 48 City,
781 1343 55 40 N.
865 1343 43 40 J.
973 1341 251 51 (35-5925)

240 1433 228 64 Horler,
496 1434 256 63 Sydney.

310 1511 121 52 The
455 1511 125 53 lord
606 1509 63 54 of
694 1516 199 47 terror.
960 1510 387 66 [Instalments
1376 1513 81 64 11,
1488 1513 63 48 12]

321 1584 84 47 (In
430 1580 471 53 Nottinghamshire
929 1580 260 51 guardian,
1217 1580 127 42 Mar.
1375 1581 70 49 16,
1473 1580 71 50 23,
1577 1580 142 50 1935)

242 1638 1991 51 © 1c. each Mar. 14, 1935; A ad int. 20212; pubd. Mar. 16, 23; S. Horler,
312 1698 164 47 Ewell,
509 1697 191 47 Surrey,
732 1696 235 48 England.

242 1785 246 68 Horton,
518 1785 281 67 Douglas,
829 1790 170 51 1891-

314 1865 120 52 The
461 1869 89 48 art
579 1863 64 53 of
670 1862 187 70 living
881 1864 193 67 today,
1102 1863 76 68 by
1206 1863 257 68 Douglas
1493 1863 245 53 Horton.
1815 1862 269 70 Chicago,
2114 1864 122 53 The

248 1944 213 53 United
489 1943 210 52 church
727 1941 66 54 of
817 1941 174 69 Hyde
1015 1941 175 67 Park,
1218 1943 150 51 1935.

313 2016 84 40 112
426 2027 42 38 p.
526 2015 117 41 24cm.

314 2073 127 40 “The
467 2074 81 39 ten
574 2073 256 39 addresses
856 2070 160 42 which
1040 2081 181 38 appear
1248 2070 49 40 in
1325 2069 98 42 this
1451 2071 189 40 volume
1666 2080 126 31 were
1821 2071 260 42 broadcast
2107 2072 126 40 from

239 2130 182 41 station
450 2129 183 42 WCFL
657 2129 53 39 in
736 2126 446 50 Chicago.”—Pref.

314 2187 163 40 “First
503 2185 225 43 edition.”

245 2254 53 52 ©
326 2258 120 41 Mar.
478 2257 69 47 16,
578 2257 115 39 1935;
750 2256 67 40 2c.
848 2256 96 40 and
974 2255 81 40 aff.
1087 2256 112 47 Apr.
1232 2256 25 38 1;
1317 2256 40 38 A
1387 2253 143 43 82507;
1591 2255 179 40 United
1800 2256 181 39 church
2011 2255 53 40 of
2094 2255 141 48 Hyde

313 2315 137 47 park.
519 2313 251 49 (35-6027)

243 2405 184 64 Hunt,
460 2402 256 67 Frazier,
747 2408 169 49 1885-

315 2480 122 53 The
475 2480 262 55 bachelor
776 2479 211 68 prince,
1026 2481 75 66 by
1140 2477 233 55 Frazier
1412 2480 194 66 Hunt;
1651 2497 72 34 an
1761 2479 275 53 informal
247 2479 1963 148 biography
471 2559 63 51 of
572 2560 75 52 H.
688 2561 67 51 R.
797 2560 75 51 H.
912 2559 94 51 the
1046 2556 205 54 Prince
1291 2556 62 52 of
1389 2558 191 54 Wales
1620 2557 73 67 by
1731 2557 88 53 his
1857 2557 275 69 neighbor
2171 2560 60 51 in

248 2636 248 54 Canada.
565 2637 137 53 New
736 2635 177 66 York,
943 2635 257 66 London,
1235 2634 232 68 Harper
1497 2638 47 50 &
1573 2635 277 68 brothers,
1884 2638 148 52 1935.

315 2706 963 51 5 p. l., 245 p. front. (port.) 22½cm.
317 2766 163 40 “First
507 2763 226 42 edition.”

247 2831 53 53 ©
331 2836 112 46 Apr.
477 2835 69 46 17,
579 2834 140 47 1935;
752 2833 66 40 2c.
852 2834 112 46 Apr.
997 2832 82 47 16;
1114 2831 81 41 aff.
1230 2832 114 48 May
1376 2833 53 45 7;
1464 2832 41 39 A
1537 2831 170 48 82580;
1744 2832 54 41 F.
1829 2833 150 47 Hunt,
2014 2832 219 49 Pekisko,

317 2892 130 48 High
472 2891 161 48 River,
657 2891 214 47 Alberta,
897 2890 214 40 Canada.
1180 2887 251 49 (35-5997)

246 2980 251 65 Huxley,
524 2980 224 53 Aldous
771 2980 284 54 Leonard.

313 3057 442 66 Anthropology
785 3057 110 51 and
924 3056 172 52 social
1124 3055 230 54 reform.

326 3131 79 47 (In
434 3126 297 52 Everyman,
760 3126 125 43 Mar.
913 3127 72 49 22,
1013 3125 142 50 1935)

249 3182 1985 53 © 1c. May 17, 1935; A ad int. 20228; pubd. Mar. 22; Aldous Huxley,
321 3244 201 46 Sanary,
562 3242 170 48 (Var),
763 3242 195 39 France.

246 3344 428 52 International
709 3344 314 53 industrial
1058 3342 282 55 relations
1378 3342 295 55 institute.
1747 3344 282 67 Regional
2062 3344 171 67 study

318 3421 344 66 conference,
689 3423 138 52 New
861 3421 177 65 York,
1070 3424 148 49 1934.

320 3496 91 54 On
454 3496 281 54 economic
779 3498 307 66 planning;
1133 3516 204 49 papers
1384 3498 283 52 delivered
1715 3503 59 48 at
1816 3500 95 51 the
1953 3498 278 68 Regional

249 3575 170 65 study
455 3574 327 53 conference
818 3574 63 53 of
915 3575 95 52 the
1046 3575 419 52 International
1499 3576 308 52 industrial
1844 3575 267 54 relations
251 3576 1957 127 institute
499 3653 58 64 (I
598 3653 52 51 R
689 3652 59 66 I)
797 3652 137 53 New
975 3652 177 65 York,
1192 3653 317 52 November
1546 3654 190 62 23-27,
1779 3656 147 50 1934.
2003 3653 229 67 Edited,

251 3729 1978 69 with an introduction, by Mary Van Kleeck … and Mary L.
251 3805 1533 68 Fleddérus … New York, Covici, Friede [c 1935]
320 3877 724 47 xiv p., 1 l., 17-275 p. 21cm.
251 3928 53 52 ©
332 3933 111 47 Apr.
474 3933 40 46 2,
545 3932 115 40 1935;
716 3933 67 39 2c.
814 3933 111 47 Apr.
957 3933 58 41 18;
1072 3933 81 40 aff.
1183 3934 113 47 Apr.
1327 3934 57 40 16;
1441 3935 40 38 A
1512 3935 141 40 81473;
1715 3932 176 48 Covici,
1924 3931 184 51 Friede,
2141 3934 90 40 inc.

330 3989 249 43 (35-6058)
