2424 4375
1208 4064 136 54 1874

307 432 328 65 Anderson,
665 435 216 54 Claude
909 436 72 55 H.

375 510 120 53 The
520 510 207 66 origin,
751 512 238 55 history,
1015 514 112 52 and
1152 514 276 66 practices
1453 517 63 51 of
1541 518 95 52 the
1661 520 183 53 Junto
1868 522 63 50 of
307 517 1975 134 Indianapolis,
428 586 73 67 by
539 586 217 56 Claude
790 590 77 51 H.
901 589 320 56 Anderson.
1298 591 438 71 [Indianapolis,
1769 597 149 67 Ind.,
1955 600 241 53 Printed
2234 601 72 68 by

306 664 92 54 the
427 665 355 53 Hollenbeck
810 685 174 47 press,
1012 673 19 21 c
1035 672 148 50 1935.

376 738 70 47 59,
484 738 55 48 [1]
575 748 42 39 p.
678 737 128 41 illus.
869 738 60 40 20½
957 741 44 21 cm
1006 773 8 7 .

378 795 71 40 On
479 805 169 31 cover:
682 795 100 41 The
812 796 149 40 Junto
994 796 51 40 of
1078 797 349 50 Indianapolis.

306 861 1982 113 © Sept. 9, 1935; 2c. and aff. Sept. 16; A 87021; C, H. Anderson, Indianapolis.
305 1024 329 64 Anderson,
661 1025 256 55 Thomas
945 1028 143 64 Joel,
1113 1029 74 64 jr.

307 1102 1997 155 The powers of Congress over currency, banking and security distribution, by Thomas J. Anderson, jr. … Boston, New
308 1257 174 65 York,
514 1257 256 54 Bankers
801 1259 334 67 publishing
1165 1280 298 49 company,
1496 1267 147 49 1935.

374 1329 59 40 59
459 1342 40 36 p.
561 1331 55 40 23
620 1333 43 21 cm
670 1363 7 7 .

304 1394 1999 62 © Aug. 1. 1935; 2c. Aug. 17; aff. Aug. 15; A 84966; Bankers pub. co.
302 1519 242 64 Arnold,
573 1519 143 54 Levi
745 1522 277 55 McKeen.

374 1598 105 50 Let
511 1615 63 33 us
608 1604 93 59 get
733 1598 142 52 back
908 1605 57 47 to
998 1599 158 54 God;
1194 1601 93 50 the
1323 1606 231 47 content
1583 1602 62 51 of
1680 1602 113 52 this
1828 1602 150 53 little
2009 1604 146 52 book
2189 1623 113 38 was

299 1674 240 53 selected
569 1673 154 54 from
751 1676 121 52 The
900 1674 221 69 history
1149 1677 64 52 of
1241 1677 95 52 the
1365 1676 190 67 origin
1583 1678 64 54 of
1676 1679 77 52 all
1782 1680 194 67 things
2005 1681 75 66 by
2109 1681 193 54 divine

303 1750 290 67 influence,
633 1751 285 55 delivered
958 1760 57 47 to
1053 1756 64 51 L.
1157 1756 79 51 M.
1275 1754 244 67 Arnold,
1559 1755 62 53 of
1660 1757 449 68 Poughkeepsie,
2149 1761 150 53 1852.

302 1831 280 64 Baraboo,
608 1830 160 57 Wis.,
797 1832 67 52 V.
952 1874 10 10 V.
992 1833 215 64 Moore,
1238 1835 150 51 1935.

372 1902 59 40 90
461 1914 43 36 p.
565 1903 125 39 illus.
722 1902 133 48 (incl.
889 1904 147 48 port.)
1106 1903 57 41 20
1183 1907 26 19 ½cm
1217 1937 6 7 .

300 1969 1804 57 © July 1, 1935; 2c. July 9; aff. July 17; A 84673; V. V. Moore.
298 2091 268 65 Atwood,
599 2094 254 53 Wallace
885 2094 243 64 Walter,
1165 2096 172 53 1872-

370 2170 120 52 The
533 2169 162 54 earth
739 2171 112 52 and
892 2171 74 53 its
1011 2173 215 66 people.
1303 2173 199 52 Lower
1545 2172 163 53 book.
1784 2174 90 66 By
1914 2173 254 56 Wallace
2209 2176 87 54 W.

299 2249 246 53 Atwood
587 2249 112 52 and
740 2249 187 53 Helen
968 2248 144 55 Goss
1153 2249 264 52 Thomas.
1494 2251 233 65 Boston,
1768 2251 137 54 New
1948 2252 162 52 York
2172 2258 119 61 [etc.]

299 2326 156 55 Ginn
484 2327 112 53 and
625 2345 279 47 company
981 2329 151 64 [c1935]

373 2399 63 46 ix,
530 2430 9 11 [1].
567 2397 91 41 480
681 2410 42 37 p.
781 2400 85 38 col.
895 2399 165 47 front.,
1086 2399 115 39 illus.,
1258 2410 137 37 maps.
1437 2399 181 48 diagrs.
1674 2399 62 40 26½
1763 2402 44 20 cm
1812 2431 9 9 .

299 2465 53 53 ©
392 2470 127 46 Sept.
557 2470 39 42 3,
634 2468 141 47 1935;
814 2468 67 41 2c.
920 2469 101 40 Oct.
1061 2470 82 44 11;
1184 2469 82 40 aff.
1306 2469 99 40 Oct.
1446 2469 81 47 10;
1568 2470 44 38 A
1646 2469 172 47 86694;
1858 2471 71 39 W.
1968 2471 70 39 W.
2077 2469 217 48 Atwood,

370 2527 287 46 Worcester,
685 2527 160 46 Mass.,
871 2527 96 38 and
993 2526 155 40 Helen
1176 2526 122 40 Goss
1322 2526 223 47 Thomas,
1570 2527 202 46 Waban,
1800 2526 147 41 Mass.

295 2629 244 63 Barber,
567 2629 204 64 Harry
798 2630 193 54 Clark.

365 2707 212 53 Junior
629 2706 393 54 mathematics
1078 2706 94 51 for
1226 2706 94 51 the
1375 2705 512 68 seventh-[eighth]
1946 2707 220 66 grades,
2221 2707 71 65 by

295 2779 1995 150 Harry C. Barber … assisted by Helen M. Connelly … and Elsie V. Karlson … Boston, New York [etc.] Houghton Mifflin
295 2939 518 67 company [ c 1935]
365 3011 25 39 2
421 3022 42 29 v.
523 3009 142 47 illus.,
698 3010 176 47 diagrs.
963 3008 25 40 19c
1010 3014 27 19 m
1043 3042 6 7 .

297 3076 53 53 ©
389 3081 119 47 Aug.
546 3079 70 48 28,
656 3080 139 45 1935;
837 3080 64 39 2c.
939 3080 121 40 each
1100 3080 95 39 and
1233 3079 108 40 affs.
1381 3079 111 41 Dec.
1532 3079 82 46 16;
1655 3080 41 37 A
1734 3077 157 48 88720,
1930 3078 169 47 88721;
2141 3079 59 39 H.
2239 3077 49 42 C.

366 3137 199 41 Barber.
599 3138 193 38 Boston.
863 3135 278 51 [Copyright
1178 3136 43 39 is
1255 3136 205 41 claimed
1496 3147 61 29 on
1592 3137 196 46 general
1824 3135 213 49 problem
2075 3134 211 49 reviews]

293 3257 209 62 Beard,
532 3254 246 57 Charles
805 3254 236 56 Austin.

361 3332 236 54 Annual
631 3331 173 68 guide
838 3339 60 46 to
930 3330 307 55 American
1272 3338 369 60 government
1679 3331 112 52 and
1827 3330 227 66 politics
2086 3330 188 67 (1935)

292 3411 74 65 by
405 3408 236 58 Charles
677 3410 70 52 A.
788 3409 204 53 Beard.
1068 3408 138 53 New
1247 3406 178 68 York,
1462 3407 122 53 The
1620 3407 334 55 Macmillan
1992 3423 292 50 company,

294 3490 152 51 1935.

363 3555 1009 56 1 p. l., 1 numb. 1., 13 p. map. 21½ cm .
293 3624 54 49 ©
371 3628 102 41 Oct.
498 3627 69 46 15,
593 3627 114 41 1935;
759 3626 67 41 2c.
853 3626 96 41 and
972 3625 80 42 aff.
1080 3626 102 40 Oct.
1207 3626 82 46 16;
1319 3627 39 38 A
1383 3625 170 46 87731;
1583 3624 280 42 Macmillan
1891 3635 81 37 co.,
1999 3624 117 39 New
2141 3620 141 42 York.

289 3745 236 66 Blythe,
553 3745 155 54 John
735 3746 75 54 H.

359 3820 93 54 Oh
473 3825 59 48 to
553 3819 115 54 hell
692 3821 141 52 with
853 3823 64 64 it,
939 3821 75 66 by
1036 3822 156 53 John
1213 3822 76 50 H.
1316 3820 227 67 Blythe.
1619 3816 249 69 Buffalo,
1890 3819 69 52 N.
1985 3820 70 50 Y.
2086 3850 12 33 [
2103 3823 18 20 c
2127 3818 146 61 1935]

361 3892 55 39 65
447 3903 43 37 p.
551 3892 54 40 25½
638 3894 45 21 cm
687 3924 8 8 .

291 3937 1985 65 © Nov. 5, 1935; 2c. Dec. 5; aff. Dec. 3; A 89712; J. H. Blythe. Buffalo.
