2424 4375
1269 4095 133 48 1364

321 469 287 65 Cullinan,
637 470 240 55 Howell.

396 546 1917 69 Of all places! By Howell Cullinan … Norwood, Mass.,
325 624 121 54 The
476 624 298 68 Plimpton
806 644 155 49 press
1038 629 151 64 [c1935]

398 697 683 50 5 p. l., 258 p., 1 l. 19½ cm .
398 754 387 42 Reminiscences
814 755 52 40 of
891 756 81 40 the
1002 756 192 40 author.

325 809 53 53 ©
412 814 127 47 Sept.
573 814 69 46 14,
672 812 114 41 1935
804 824 9 36 ;
847 812 63 41 2c.
946 814 96 39 and
1076 813 82 40 aff.
1194 814 128 47 Sept.
1355 813 56 40 20
1429 824 9 36 ;
1474 813 40 40 A
1545 812 170 48 87092;
1751 814 60 39 H.
1847 812 241 49 Cullinan,
2121 814 195 40 Boston.

402 870 281 48 (35-17052)

325 972 179 65 Dern,
531 973 223 64 Peggy.

399 1048 240 68 Cottage
668 1048 215 68 colony,
913 1047 71 55 by
1015 1047 198 69 Peggy
1242 1047 171 52 Dern.
1489 1046 136 54 New
1658 1046 180 70 York,
1869 1045 249 58 Arcadia
2149 1047 169 55 house

349 1128 158 49 [ c 1935]
396 1196 86 40 282
510 1207 42 37 p.
613 1195 57 41 19½
701 1197 43 22 cm
749 1226 10 10 .

325 1252 53 53 ©
405 1255 101 42 Oct.
534 1257 40 47 7,
601 1256 113 40 1935
731 1266 10 37 ;
769 1256 67 40 2c.
865 1256 99 41 Oct.
993 1255 82 48 10;
1106 1254 81 42 aff.
1218 1255 102 42 Oct.
1347 1254 53 49 9;
1430 1257 41 38 A
1496 1256 170 47 87564;
1696 1256 210 41 Arcadia
1935 1258 148 39 house
397 1254 1904 100 publications.
609 1312 278 49 (35-18237)

331 1416 284 65 Deutsch,
642 1417 271 65 Babette,
945 1422 168 49 1895-

398 1493 140 54 This
563 1493 236 53 modern
822 1498 219 63 poetry,
1064 1495 75 67 by
1164 1493 239 53 Babette
1427 1492 269 55 Deutsch.
1755 1493 138 53 New
1919 1492 179 68 York,
2120 1494 89 54 W.
2231 1494 87 55 W.

328 1572 223 53 Norton
578 1573 46 51 &
650 1589 99 47 co.,
773 1571 126 67 inc.,
929 1574 150 49 1935.

400 1644 87 41 284
516 1655 41 38 p.
617 1645 56 39 21½
706 1646 44 22 cm
755 1676 8 9 .

404 1701 163 40 “First
593 1700 227 41 edition.”

402 1756 375 49 Bibliography:
806 1768 43 37 p.
876 1756 217 41 275-280.

333 1810 53 53 ©
412 1815 126 47 Sept.
562 1814 71 47 25,
657 1814 140 47 1935;
822 1813 66 41 2c.
911 1814 97 39 and
1032 1812 80 41 aff.
1141 1814 125 47 Sept.
1293 1813 83 47 28;
1402 1814 41 38 A
1468 1813 169 47 87315;
1665 1814 70 40 W.
1760 1814 72 40 W.
1856 1814 185 42 Norton
2066 1815 37 40 &
2126 1826 81 36 co.,
2233 1815 88 40 inc.

409 1870 280 49 (35-18099)

336 1975 85 52 De
449 1975 356 61 Watteville,
833 1975 305 54 Vivienne.

404 2050 192 70 Speak
649 2056 59 48 to
764 2050 96 54 the
915 2051 191 68 earth;
1163 2049 360 71 wanderings
1581 2052 113 52 and
1746 2050 315 54 reflections
2119 2068 202 51 among

332 2128 295 70 elephants
658 2130 113 52 and
799 2129 326 53 mountains
1176 2129 92 68 [by]
1302 2127 282 55 Vivienne
1614 2130 88 52 De
1728 2128 358 68 Watteville;
2121 2128 139 54 with
2291 2149 30 34 a

334 2204 1986 72 preface by Edith Wharton … New York, H. Smith and
334 2286 66 52 R.
434 2285 179 67 Haas,
646 2287 151 51 1935.

406 2358 1647 49 8 p. l. , 3-335 p. col. front., illus. (incl. map) plates. 22½ cm .
407 2416 139 47 Maps
576 2425 61 30 on
667 2412 360 50 lining-papers.

406 2471 104 39 The
544 2469 217 41 author’s
797 2468 307 50 experiences
1140 2482 60 28 on
1236 2481 62 29 an
1331 2469 279 48 expedition
1644 2470 102 41 into
1782 2471 82 40 the
1899 2471 232 39 southern
2169 2469 151 42 Masai

335 2537 138 39 game
509 2536 205 38 reserve,
753 2526 169 48 Kenya
960 2527 169 47 colony
1165 2526 96 40 and
1300 2528 338 47 protectorate,
1677 2531 50 36 to
1762 2527 303 49 photograph
2104 2526 216 50 animals,

338 2583 95 39 and
461 2593 26 29 a
517 2583 125 39 later
669 2580 276 50 expedition
974 2585 49 37 to
1051 2585 167 37 mount
1246 2583 185 46 Kenya.

340 2636 53 53 ©
425 2641 124 48 Sept.
581 2639 69 48 23,
682 2639 116 41 1935
813 2651 8 34 ;
855 2640 66 40 2c.
956 2640 127 47 Sept.
1114 2640 56 39 25
1189 2651 8 35 ;
1231 2639 82 41 aff.
1349 2640 125 47 Sept.
1503 2639 82 48 26;
1620 2640 40 39 A
1691 2640 169 48 86467;
1896 2641 240 40 Harrison
2171 2639 151 43 Smith

405 2697 95 38 and
533 2697 183 39 Robert
745 2697 149 44 Haas,
928 2697 91 38 inc.
1089 2695 280 49 (35-18085)

340 2790 201 65 Doyle,
567 2792 208 63 Henry
802 2791 273 64 Grattan,
1105 2797 170 49 1889-

411 2868 55 52 A
515 2865 406 71 bibliography
971 2867 63 52 of
1082 2868 200 53 Ruben
1333 2870 183 51 Dario
1576 2869 363 67 (1867-1916)
1998 2869 76 68 by
2124 2870 198 65 Henry

341 2945 1979 69 Grattan Doyle … Cambridge, Mass., Harvard university
341 3040 173 51 press,
547 3028 148 49 1935.

343 3093 1964 108 6 p. l. , 27, [1] p. 23 J cra . (Half-title: Bibliographies of Spanish-American literature)
413 3209 42 40 A
491 3209 284 48 companion
812 3210 190 39 volume
1041 3211 49 38 to
1128 3210 197 38 “Ruben
1364 3208 179 40 Dario”
1582 3209 62 48 by
1680 3209 183 40 Arturo
1898 3209 176 40 Torres
2114 3207 208 45 Ríoseco,

345 3266 255 48 published
640 3267 61 47 by
742 3267 81 39 the
863 3266 229 40 Harvard
1133 3265 185 40 council
1360 3276 59 29 on
1461 3265 495 48 Hispano-American
1998 3263 199 42 studies,
2265 3262 56 48 cf.
2387 3251 3 77 j

344 3322 128 41 Pref.
503 3323 51 40 of
582 3324 82 39 the
693 3323 220 40 director.

678 3410 8 8 CONTENTS.
703 3402 60 5 —
779 3378 206 41 General
1021 3379 173 39 works.
1226 3401 44 4 —
1287 3379 174 39 Works
1498 3378 62 48 by
1597 3376 167 41 Rub§n
1804 3377 165 40 Dario.
1985 3400 59 5 —
2061 3376 170 41 Works
2267 3384 56 28 on
2410 3362 14 50 I

342 3434 169 41 Rubén
544 3435 164 40 Dario.

342 3487 54 53 ©
433 3492 127 48 Sept.
593 3492 71 47 23,
699 3491 141 47 1935;
874 3491 67 40 2c.
980 3491 127 48 Sept.
1141 3490 82 46 26;
1261 3490 81 41 aff.
1381 3491 128 47 Sept.
1543 3489 82 47 28;
1663 3490 42 39 A
1740 3489 169 46 86507;
1947 3488 253 41 President
2233 3484 88 41 and

412 3548 190 40 fellows
627 3547 53 41 of
705 3548 230 39 Harvard
961 3548 192 47 college,
1181 3546 300 49 Cambridge,
1510 3547 147 39 Mass.
1726 3544 280 50 (35-18371)

415 3637 56 50 A
492 3638 275 51 tentative
792 3636 405 67 bibliography
1220 3636 63 52 of
1308 3636 94 51 the
1427 3636 388 52 belles-lettres
1841 3635 63 52 of
1928 3636 94 51 the
2048 3631 272 70 republics
2374 3648 2 23 1
2396 3620 28 60 1

346 3708 1975 73 of Central America, by Henry Grattan Doyle … Cambridge,
347 3791 190 63 Mass.,
565 3791 273 50 Harvard
865 3791 316 65 university
1208 3808 174 48 press,
1415 3793 148 48 1935.

419 3860 121 40 xviii
576 3872 57 36 p.,
670 3863 18 36 1
765 3892 9 16 l.,
811 3862 85 39 136
929 3872 43 37 p.
1036 3861 55 40 23½
1124 3864 43 20 cm
1173 3893 8 8 .
1258 3861 296 47 (Half-title:
1591 3858 387 49 Bibliographies
2015 3859 52 39 of
345 3853 1978 103 Spanish-American

629 3917 280 47 literature)

417 3973 289 39 “Published
739 3973 59 46 by
832 3973 81 40 the
945 3973 227 39 Harvard
1205 3973 185 39 council
1424 3983 60 28 on
1517 3969 494 50 Hispano-American
2045 3965 278 44 studies."—

350 4029 119 41 Pref.
508 4029 53 43 of
588 4029 85 42 the
698 4029 223 42 director.
