2424 4375
1284 4043 133 51 1880

332 495 104 64 ing
470 494 63 52 of
568 494 97 52 the
699 491 125 55 first
857 492 76 54 oil
969 494 144 64 well,
1147 491 323 66 Titusville,
1506 492 442 67 Pennsylvania,
1983 494 229 66 August
2247 494 85 66 27,

338 573 149 50 1859.
564 569 140 53 Fair
733 571 271 66 grounds,
1032 571 231 65 August
1293 571 133 50 24th
1458 570 113 52 and
1601 572 152 64 25th,
1787 573 149 58 1934,
1967 571 157 66 eight
2155 573 64 52 P.
2252 573 79 53 M.

341 648 341 66 [Titusville,
715 650 121 64 Pa.,
869 648 119 52 The
1023 647 303 53 Titusville
1359 646 217 56 herald,
1611 653 18 22 c
1635 651 151 62 1935]

408 718 1115 51 2 p. l., 3-93 p., 1 l. plates, ports. 23½ cm .
409 778 316 39 “Canadohta
760 778 212 47 chapter,
1008 777 283 47 Daughters
1323 776 53 40 of
1409 778 84 39 the
1524 776 261 40 American
1817 776 272 41 revolution
2122 778 97 39 and
2255 779 83 38 the

337 836 195 45 general
565 834 289 46 committee,
884 833 229 40 diamond
1145 833 184 47 jubilee
1357 834 53 40 of
1441 833 78 47 oil,
1552 844 232 38 sponsors
1812 834 79 39 for
1924 835 80 40 the
2036 834 218 49 printing
2286 835 52 40 of

340 893 80 40 the
449 894 103 38 text
583 892 53 39 of
664 892 84 39 the
772 890 253 49 pageant.”

339 944 53 53 ©
418 950 118 46 Aug.
564 949 69 48 27,
661 946 141 49 1935;
831 947 67 42 2c.
926 948 96 39 and
1050 947 83 40 aff.
1163 948 128 47 Sept.
1319 947 25 39 6;
1402 948 40 38 A
1470 946 169 47 86274;
1672 948 52 40 E.
1752 948 71 40 W.
1853 947 256 48 Hickman,
2137 947 199 49 Arnold,

409 1006 81 40 Pa.

336 1081 203 66 Hicks,
567 1084 174 62 Mary
768 1083 64 55 F.

407 1157 205 68 Digest
637 1160 63 51 of
726 1177 148 35 cases
900 1159 182 52 under
1108 1160 95 50 the
1229 1158 356 54 Workmen’s
1612 1158 422 67 compensation
2063 1163 106 62 act,
2197 1159 141 53 with

338 1236 2001 145 indices and amendments, prepared by Mary F. Hicks … Published … by the Commonwealth of Massachusetts, Department
339 1392 63 54 of
431 1391 308 54 industrial
772 1392 300 66 accidents,
1103 1393 217 65 Joseph
1351 1393 70 51 A.
1455 1392 202 66 Parks,
1688 1392 310 53 chairman.
2079 1394 253 65 [Boston]

341 1474 150 50 1935.

410 1544 25 38 2
466 1554 42 30 v.
565 1542 116 41 29cm.

415 1600 407 48 Mimeographed.

342 1652 53 53 ©
418 1657 115 47 Apr.
558 1656 69 48 12,
653 1654 140 48 1935;
820 1655 66 41 2c.
911 1656 120 38 each
1057 1656 108 38 Dec.
1193 1654 81 46 10;
1303 1653 82 41 aff.
1413 1655 110 39 Dec.
1552 1655 80 45 14;
1662 1655 40 38 A
1728 1654 170 47 88718;
1927 1654 415 41 Commonwealth

414 1713 51 39 of
497 1713 399 46 Massachusetts,
931 1713 128 47 Dept.
1107 1712 52 39 of
1192 1712 263 38 industrial
1490 1711 259 47 accidents,
1786 1712 195 39 Boston.

340 1788 289 65 Hocking,
659 1787 253 55 William
946 1789 235 53 Ernest.

413 1867 387 65 Evangelism,
823 1885 70 34 an
920 1864 232 53 address
1176 1884 71 33 on
1273 1882 370 48 permanence
1668 1865 112 51 and
1806 1866 215 65 change
2045 1864 59 52 in
2129 1864 212 53 church

342 1944 112 52 and
486 1944 252 65 mission,
768 1944 74 66 by
873 1942 262 55 William
1167 1944 209 50 Ernest
1407 1942 286 66 Hocking.
1775 1943 156 65 [New
1965 1942 180 66 York]
2181 1941 157 55 Priv.

343 2021 194 67 print.,
569 2025 150 51 1935.

415 2093 284 47 cover-title,
729 2093 59 39 44
816 2104 43 37 p.
916 2092 55 39 21
975 2094 43 21 cm
1024 2125 8 7 .

345 2147 53 53 ©
422 2151 101 41 Oct,
546 2151 69 47 31,
640 2149 140 48 1935;
805 2149 67 40 2c.
895 2150 95 39 and
1015 2148 81 41 aff.
1120 2149 116 39 Nov.
1263 2149 50 46 1;
1341 2149 39 38 A
1434 2147 140 47 89105;
1602 2149 70 39 W.
1699 2149 52 39 E.
1777 2147 235 50 Hocking,
2039 2147 301 50 Cambridge,

414 2208 146 40 Mass.

342 2282 158 63 Hull,
526 2283 155 52 John
709 2282 221 55 Tilden.

417 2359 121 52 The
565 2359 204 53 citizen
799 2359 112 52 and
938 2358 88 52 his
1055 2376 240 49 groups:
1330 2377 30 32 a
1389 2358 269 52 textbook
1688 2357 94 51 for
1810 2359 218 52 schools
2058 2356 63 53 of
2151 2357 190 52 adults

347 2434 1992 70 and youths, by John Tilden Hull … Weston, W. Va., J. T.
345 2515 373 66 Hull [ c 1935]
417 2584 685 52 vii, [1], 104 p. diagr. 19 ½cm.
347 2639 53 53 ©
424 2645 119 46 Aug.
570 2643 70 48 20,
665 2642 140 48 1935;
833 2643 66 40 2c.
926 2643 96 39 and
1048 2641 81 40 aff.
1160 2642 127 48 Sept.
1314 2642 81 46 11;
1424 2642 40 38 A
1491 2640 169 47 85902;
1690 2641 43 40 J.
1761 2641 52 40 T.
1840 2640 132 41 Hull.

347 2717 225 64 Israeli,
600 2719 262 53 Nathan.

348 2792 1971 146 Outlook upon the future of British unemployed, mental patients, and others … by Nathan Israeli … New York, 1935.
419 2945 59 39 30
502 2955 42 37 p.
602 2945 177 47 diagrs.
833 2944 59 39 25½
921 2945 44 21 cm
970 2976 8 8 .

421 3001 149 40 “This
597 3002 135 39 work
760 3010 105 31 was
891 3000 192 40 carried
1110 3002 87 38 out
1226 3001 152 38 under
1409 3011 27 28 a
1466 2999 276 48 fellowship
1773 2999 54 40 of
1857 3000 83 40 the
1972 2997 157 42 Social
2161 2998 188 41 science

349 3059 226 39 research
603 3058 200 46 council,
834 3057 245 40 1932-33.”

352 3111 1976 108 © Aug. 29, 1935; 2c. Sept. 18; aff. Sept. 10; A 87065; N. Israeli, Brooklyn.
350 3248 172 63 Katz,
551 3247 163 54 Olive
743 3247 339 64 Pangburn.

419 3326 379 64 Home-spun,
858 3324 74 66 by
996 3323 167 55 Olive
1225 3323 313 65 Pangburn
1601 3322 167 52 Katz.
1844 3321 200 54 Grand
2108 3320 237 66 Rapids,

352 3403 193 64 Mich.,
575 3403 150 53 Wm.
756 3403 66 50 B.
857 3401 315 51 Eerdmans
1204 3399 334 66 publishing
1569 3416 297 48 company,
1899 3400 149 50 1935.

424 3474 54 39 63
508 3484 43 37 p.
609 3474 128 38 illus.
767 3473 170 48 (port.)
1005 3473 55 39 18½
1092 3474 43 20 cm
1142 3504 8 8 .

355 3527 51 52 ©
433 3532 118 46 Aug.
581 3531 68 46 15,
677 3529 140 48 1935;
843 3529 66 40 2c.
938 3528 94 40 and
1060 3527 81 41 aff.
1173 3529 126 45 Sept.
1329 3527 80 42 16;
1440 3528 40 38 A
1508 3526 169 46 87020;
1709 3527 119 39 Wm.
1859 3527 53 38 B.
1942 3525 267 40 Eerdmans
2237 3525 108 48 pub.

426 3599 67 28 co.

354 3661 305 64 Kingsley,
688 3660 307 53 Elizabeth
1023 3661 76 63 S.,
1128 3677 179 47 comp.

425 3737 494 53 Double-crostics.
987 3736 184 54 Series
1199 3742 127 47 two.
1390 3737 94 50 An
1514 3734 312 65 anthology
1852 3733 63 51 of
1942 3731 135 67 fifty
2103 3750 123 34 new
357 3731 1964 147 literary
549 3813 242 65 puzzles,
818 3814 302 64 published
1147 3814 131 50 here
1306 3811 343 64 exclusively
1677 3810 93 51 for
1798 3812 96 51 the
1920 3808 123 52 first
2069 3809 136 51 time
2233 3808 111 50 and

358 3887 279 68 compiled
673 3889 75 66 by
784 3889 301 52 Elizabeth
1123 3888 56 54 S.
1217 3887 296 67 Kingsley.
1605 3888 138 51 New
1782 3885 178 64 York,
1999 3884 196 54 Simon
2233 3883 112 52 and

360 3966 285 65 Schuster,
671 3967 127 60 inc.,
829 3970 149 48 1935.
