2526 4384
1063 4004 97 49 193

121 399 313 56 American
463 403 109 52 law
600 405 221 66 reports
850 401 324 53 annotated.
1238 401 236 52 Editors
1502 399 61 53 in
1592 401 171 68 chief,
1791 401 221 67 George
2039 398 79 55 H.

189 480 262 53 Parmele
475 481 112 52 and
610 482 79 51 M.
717 480 164 52 Blair
905 479 240 66 Wailes;
1175 478 325 68 consulting
1524 480 202 66 editor,
1751 478 261 56 William
2036 479 82 52 M.

186 556 358 69 McKinney;
587 556 315 69 managing
946 557 229 66 editors,
1222 557 236 55 Charles
1503 554 359 68 Porterfield,
1907 555 209 54 Edwin

191 634 202 68 Stacey
425 634 204 68 Oakes,
660 634 235 53 assisted
925 634 74 68 by
1030 634 94 53 the
1154 634 418 68 exceptionally
1602 634 369 68 experienced
190 634 1903 131 editorial

406 711 421 70 organizations
872 713 63 53 of
978 712 96 53 the
1117 712 336 69 publishers,
1533 731 52 34 v.
1630 716 83 51 94.
1792 712 325 67 Rochester,

189 789 69 53 N.
319 791 90 67 Y.,
468 791 121 52 The
645 792 268 51 Lawyers
972 790 381 69 co-operative
1411 790 336 69 publishing
1805 807 308 51 company;

190 868 340 68 Northport,
564 870 64 51 L.
664 869 68 67 I.,
766 870 71 52 N.
873 870 92 65 Y.,
998 868 255 53 Edward
1287 869 331 68 Thompson
1652 887 308 50 company;
1998 868 116 55 San

188 945 322 68 Francisco,
538 945 193 69 Calif.,
758 946 582 69 Bancroft-Whitney
1365 966 298 49 company,
1689 949 151 50 1935.

190 1032 100 48 viii,
320 1030 116 42 1614
463 1041 43 38 p.
562 1031 62 40 25½
652 1033 46 21 cm
701 1062 8 9 .

122 1099 52 54 ©
205 1103 111 40 Feb.
347 1101 69 50 22,
450 1100 117 42 1935;
625 1102 68 39 2c.
727 1101 111 40 Feb.
870 1101 60 40 25;
989 1099 82 42 aff.
1106 1101 108 40 Feb.
1248 1100 60 41 27;
1368 1102 41 38 A
1441 1100 141 42 79831;
1645 1101 231 48 Lawyers
188 1112 1911 88 co-operative
351 1159 108 48 pub.
494 1169 83 37 co.,

612 1159 214 39 Edward
859 1158 275 47 Thompson
1169 1167 68 31 co.
1273 1159 98 39 and
1404 1157 490 50 Bancroft-Whitney
1930 1168 67 30 co.

121 1277 327 66 Anderson,
475 1278 239 53 Hobson
742 1278 236 64 Dewey.

191 1368 217 55 Alaska
449 1368 247 68 natives;
743 1388 30 34 a
817 1388 205 49 survey
1064 1369 63 52 of
1168 1368 150 54 their
1360 1367 359 70 sociological
1761 1370 113 53 and
122 1370 1966 130 educational
331 1454 198 61 status,

557 1447 1557 69 by H. Dewey Anderson … [and] Walter Crosby
124 1524 1989 68 Eells … made under the auspices of the School of education
123 1602 64 53 of
228 1602 281 56 Stanford
549 1601 335 71 university,
926 1608 59 47 at
1025 1604 96 52 the
1161 1609 223 61 request
1423 1602 64 54 of
1527 1604 96 51 the
1663 1602 217 56 United
1924 1604 188 55 States

123 1679 166 55 Office
324 1681 64 53 of
421 1682 326 67 education;
785 1682 313 66 supported
1132 1681 77 68 by
1242 1701 30 33 a
1308 1686 172 62 grant
1515 1680 152 54 from
1700 1683 97 51 the
1834 1681 277 68 Carnegie

121 1758 1991 69 corporation of New York … Stanford University, Calif.,
122 1835 280 58 Stanford
437 1835 318 70 university
790 1855 183 50 press;
1011 1838 258 66 London,
1304 1837 77 54 H.
1417 1837 267 66 Milford,
1722 1837 228 55 Oxford
122 1838 1961 146 university

362 1935 175 49 press,
569 1919 149 50 1935.

185 2002 96 48 xvi,
309 2001 88 42 472
423 2012 43 38 p.
496 2000 108 42 incl.
636 2001 142 48 illus.,
809 2001 171 49 plates,
1011 2002 164 46 ports.,
1207 2010 151 38 maps,
1390 2002 154 47 plans,
1576 2000 178 48 diagrs.
1813 1999 118 41 fold,
1962 2001 150 42 front.

115 2059 55 42 28
170 2062 46 22 cm
218 2090 10 10 .

187 2129 155 42 Music;
399 2141 43 37 p.
471 2129 99 41 181.

461 2200 133 48 CONTENTS.—pt.
619 2206 36 33 I.
679 2199 43 41 A
747 2197 308 50 sociological
1082 2200 146 47 study
1256 2198 52 41 of
1335 2199 84 41 the
1445 2199 183 40 Alaska
1659 2198 373 50 Eskimos.—pt.
2059 2206 53 35 II.

118 2258 71 40 An
223 2257 307 41 educational
564 2258 147 46 study
743 2257 53 41 of
829 2257 82 40 the
944 2256 182 40 Alaska
1161 2255 949 49 natives.—Appendix.—Bibliography

127 2316 62 48 (p.
217 2315 229 49 465-466)

121 2381 50 53 ©
196 2386 108 40 Feb.
330 2386 68 47 14,
425 2384 113 42 1935;
592 2384 67 41 2c.
686 2385 111 39 Feb.
822 2384 56 40 25;
933 2383 82 40 aff.
1043 2384 109 39 Feb.
1177 2383 56 40 23;
1288 2385 41 38 A
1356 2383 146 41 80567;
1556 2384 165 40 Board
1746 2385 53 39 of
1823 2388 212 37 trustees
2061 2385 53 40 of

187 2443 81 39 the
295 2443 183 40 Leland
509 2442 234 41 Stanford
770 2440 144 48 univ.,
947 2438 235 43 Stanford
1209 2440 296 49 University,
1533 2441 145 40 Calif.

196 2499 248 48 (35-3157)

119 2601 218 56 Arnold
385 2601 352 56 foundation
788 2602 345 54 conference
1181 2618 74 37 on
1303 2600 193 66 public
1543 2601 228 65 affairs,
1820 2603 287 53 Southern

183 2678 314 56 Methodist
523 2678 334 69 university.
930 2681 106 65 1st.
1065 2683 150 50 1934.

188 2756 119 55 The
336 2763 369 63 government
733 2758 64 53 of
827 2760 182 51 Texas;
1072 2777 30 33 a
1132 2774 221 51 survey,
1384 2757 188 53 edited
1599 2758 77 67 by
1709 2758 56 55 S.
1796 2759 71 52 D.
1898 2758 211 67 Myres,

120 2832 69 68 jr.
261 2836 216 66 Papers
500 2837 298 66 presented
821 2841 59 47 at
901 2836 95 53 the
1017 2835 124 54 first
1162 2836 225 52 Arnold
1412 2836 343 53 foundation
1779 2836 329 52 conference

121 2928 69 37 on
226 2912 191 68 public
454 2913 213 67 affairs,
705 2914 286 55 Southern
1026 2913 314 53 Methodist
1377 2912 336 69 university,
1750 2915 201 51 March
1989 2918 118 50 2-3.

122 2993 146 51 1934.
347 2990 234 69 [Dallas,
609 2993 120 52 The
757 2992 221 67 George
1005 2993 65 52 F.
1102 2993 111 51 and
1242 2990 118 55 Ora
1389 2989 193 55 Nixon
1609 2992 225 53 Arnold
122 2990 1954 147 foundation,

287 3069 283 56 Southern
599 3070 316 53 Methodist
942 3068 333 69 university,
1304 3075 18 21 c
1327 3073 136 49 1934
1466 3104 13 33 ]

220 3186 9 17 x,
256 3156 86 41 148
367 3166 41 37 p.
465 3155 58 40 24
523 3158 45 21 cm
572 3186 9 9 .

185 3218 46 43 C.
263 3219 49 43 C.
345 3221 260 46 Selecman,
636 3218 265 42 chairman.

120 3285 50 53 ©
196 3290 117 48 Aug.
343 3291 41 48 1,
412 3290 118 41 1934;
584 3289 66 41 2c.
682 3291 111 39 Dec.
824 3289 57 39 24;
941 3288 82 41 aff.
1054 3288 108 40 Feb.
1193 3289 38 47 8,
1262 3288 113 41 1935;
1436 3289 41 38 A
1506 3287 142 41 79621;
1711 3288 183 48 George
1927 3290 51 38 F.
2012 3291 95 39 and

185 3347 96 40 Ora
309 3347 159 40 Nixon
496 3347 184 39 Arnold
709 3345 307 48 foundation,
1047 3347 185 38 Dallas.
1303 3345 249 47 (35-3150)

118 3446 260 69 Atwood,
403 3449 256 57 Wallace
683 3450 243 65 Walter,
955 3451 171 55 1872-

185 3526 441 70 Neighborhood
657 3527 217 67 stories,
907 3545 30 34 a
969 3526 160 54 third
1160 3527 176 68 grade
1367 3525 350 69 geography,
1747 3525 75 67 by
1853 3527 255 53 Wallace

119 3602 1988 68 W. Atwood and Helen Goss Thomas … Boston, New York
126 3681 987 68 [etc.] Ginn and company [ c 1935]
187 3769 60 46 vi,
275 3769 86 41 218
389 3781 41 37 p.
460 3769 109 40 incl.
598 3769 164 46 front.,
793 3769 127 39 illus.
979 3768 55 40 23½
1067 3769 45 21 cm
1115 3797 7 8 .
1194 3767 225 49 (Atwood
1450 3768 278 49 geography
1756 3767 176 49 series)

121 3833 50 53 ©
206 3839 108 40 Jan.
350 3839 40 48 2,
429 3838 141 48 1935;
610 3839 67 39 2c.
717 3837 111 41 Feb.
865 3837 82 48 11;
988 3835 82 42 aff.
1109 3836 110 41 Feb.
1256 3837 82 47 13;
1376 3838 41 38 A
1456 3837 170 48 79619;
1668 3839 69 40 W.
1777 3840 70 39 W.
1886 3840 218 48 Atwood,

180 3895 283 48 Worcester,
492 3897 161 46 Mass.,
683 3896 96 39 and
809 3895 160 39 Helen,
995 3894 124 40 Goss
1145 3894 224 49 Thomas,
1402 3895 201 48 Waban,
1637 3896 144 40 Mass.
197 3951 246 41 (35-3266)
