2424 4375
1233 3976 97 50 888

253 356 266 64 Jacquin,
550 357 132 55 Lee.

329 433 150 53 Love
515 451 87 35 me
636 453 144 48 now,
815 434 75 68 by
924 435 109 51 Lee
1068 435 261 67 Jacquin.
1405 436 137 52 New
1579 435 177 57 York,
1792 435 258 55 Phoenix
2088 455 154 49 press

302 515 131 48 [c1935]

329 583 83 40 255
442 594 42 37 p.
541 583 54 40 19½
628 585 45 22 cm
677 615 8 8 .

258 649 52 52 ©
339 654 115 46 July
481 654 38 46 1,
548 653 138 47 1935;
717 653 65 40 2c.
811 654 114 47 July
954 654 24 39 5;
1036 652 79 41 aff.
1146 654 114 47 July
1288 653 81 48 10;
1398 655 40 38 A
1464 654 169 48 84589;
1665 654 217 40 Plioenix
1908 665 148 38 press.

340 710 250 49 (35-9293)

260 813 217 64 James,
507 814 148 55 Dan.

331 889 132 54 Gun
495 891 246 52 thunder
774 910 71 35 on
877 892 94 52 the
1001 890 127 69 Rio,
1159 892 74 68 by
1265 893 132 53 Dan
1427 894 208 53 James.

259 892 1964 144 New York, Godwin [ c 1935]
330 1041 84 41 295
441 1053 43 37 p.
538 1040 54 42 19½
625 1043 44 22 cm
673 1072 8 8 .

267 1108 52 52 ©
342 1112 116 47 July
479 1112 41 45 3,
543 1110 113 41 1935;
707 1110 66 41 2c.
799 1112 113 48 July
938 1111 25 40 6;
1016 1111 80 40 aff.
1125 1112 115 48 July
1263 1110 52 49 9;
1343 1111 41 40 A
1409 1112 169 47 84574;
1607 1112 217 47 Godwin,
1851 1112 288 48 publishers,
2163 1112 89 41 inc.

345 1167 249 49 (35-9292)

264 1272 217 63 James,
514 1272 291 53 Frederic.

333 1348 122 52 The
497 1350 305 49 treatment
845 1349 110 52 and
998 1349 219 52 control
1260 1349 63 52 of
1367 1350 121 51 oral
1532 1347 294 68 infection,
1868 1348 75 68 by
1986 1347 266 54 Frederic

263 1423 1565 71 James … Cincinnati, O., The Ruter press, 1935.
339 1498 60 41 vi.
431 1498 85 40 118
545 1509 41 37 p.
646 1498 142 48 illus.,
820 1501 84 38 col.
935 1500 170 47 plates.
1167 1499 54 40 19
1224 1502 44 21 cm
1272 1531 8 8 .

341 1556 84 38 “In
459 1555 310 47 conjunction
800 1554 117 41 with
952 1557 81 38 the
1065 1556 134 39 work
1232 1556 50 39 of
1314 1556 141 40 other
1482 1566 122 37 men,
1637 1566 28 30 a
1698 1557 232 46 complete
1964 1554 209 41 revision
2206 1556 50 40 of

271 1612 78 38 the
381 1610 376 41 Detoxification
787 1611 166 40 clinics
984 1621 100 30 was
1115 1612 317 44 undertaken,
1465 1612 180 47 setting
1674 1612 136 38 forth
1840 1610 271 41 additional
2141 1613 114 38 data

271 1668 47 38 in
354 1667 193 40 clinical
582 1668 225 39 research
841 1667 152 39 under
1028 1667 80 41 the
1144 1667 108 41 title
1287 1668 100 40 The
1423 1669 262 39 treatment
1721 1669 95 39 and
1851 1669 186 39 control
2070 1666 51 41 of
2155 1665 102 44 oral

272 1723 469 41 infection.”—Pref.

341 1780 347 48 Bibliography:
747 1791 42 38 p.
819 1779 216 42 115-118.

275 1848 53 53 ©
357 1854 113 45 May
500 1852 39 48 2,
569 1851 139 48 1935;
739 1852 65 39 2c.
836 1853 95 39 and
959 1849 82 43 aff.
1073 1852 116 47 May
1213 1853 53 45 4;
1299 1852 43 38 A
1367 1852 170 48 81715;
1569 1852 51 39 F.
1650 1852 178 48 James,
1858 1852 243 48 Linwood,
2131 1853 56 40 N.
2217 1853 43 40 J.

347 1908 250 50 (35-9251)

268 2010 233 66 Jelliffe,
529 2011 195 55 Smith
751 2011 128 66 Ely,
909 2017 170 50 1866-

346 2089 256 52 Diseases
643 2088 62 54 of
746 2089 97 53 the
880 2105 240 38 nervous
1161 2092 235 64 system;
1442 2107 31 35 a
1515 2088 293 54 text-book
1849 2088 63 52 of
1952 2089 310 68 neurology

276 2164 1984 70 and psychiatry, by Smith Ely Jelliffe … and William A.
275 2243 1716 69 White … 6th ed., thoroughly rev., illustrated with
2032 2244 101 54 497
276 2263 1963 127 engravings
589 2321 113 53 and
742 2324 64 49 13
845 2321 196 68 plates.
1117 2320 425 68 Philadelphia,
1580 2322 115 53 Lea
1734 2323 45 51 &
1817 2321 258 69 Febiger,
2115 2325 148 50 1935.

347 2393 1663 50 1175 p. illus., xiii pl. (part col., part fold.) diagrs. 25½ cm .
349 2450 412 49 Bibliographical
792 2451 275 41 foot-notes.

277 2520 52 52 ©
353 2522 129 41 June
504 2523 67 47 11,
597 2522 139 47 1935;
762 2522 67 40 2c.
856 2523 128 39 June
1006 2522 55 39 12;
1118 2521 79 40 aff.
1227 2522 126 40 June
1378 2523 81 46 14;
1489 2522 43 39 A
1555 2522 170 48 84235;
1755 2523 94 40 Lea
1880 2523 37 40 &
1942 2520 215 51 Febiger.

356 2579 249 48 (35-9250)

279 2680 281 63 Johnson,
589 2680 240 53 Pamela
852 2680 322 54 Hansford.

352 2755 139 53 This
522 2754 105 54 bed
661 2754 104 69 thy
795 2761 202 62 centre,
1030 2774 31 33 a
1093 2759 164 50 novel
1287 2756 75 68 by
1392 2756 233 53 Pamela
1659 2755 302 54 Hansford
1992 2757 269 54 Johnson.

289 2834 247 66 London,
565 2834 297 67 Chapman
887 2837 46 49 &
958 2834 159 65 Hall,
1145 2834 102 52 ltd.
1281 2837 169 63 [1935]

353 2906 86 40 320
469 2917 41 37 p.
572 2906 54 40 19½
658 2907 44 22 cm
707 2938 8 9 .

286 2974 1140 52 © 1c. June 5, 1935; A ad int. 20277; pubd.
1450 2975 114 48 Apr.
1588 2975 53 46 8;
1666 2975 259 45 Harcourt,
1951 2974 156 40 Brace
2129 2974 37 40 &
2186 2982 82 39 co.,

355 3034 105 46 inc.,
485 3034 116 39 New
622 3033 144 39 York.
837 3031 248 49 (35-9497)

284 3134 196 62 Jones,
508 3133 189 53 Leslie
723 3133 186 65 Allen,
937 3138 170 49 1903-

353 3212 276 65 Painting
655 3228 228 49 scenery;
944 3229 30 33 a
1004 3208 408 68 “handybook”
1442 3209 93 52 for
1562 3214 254 47 amateur
1844 3208 323 67 producers,
2193 3206 71 65 by

287 3287 180 53 Leslie
499 3288 168 52 Allen
695 3287 202 65 Jones;
927 3286 323 53 illustrated
1280 3286 75 66 by
1382 3286 95 52 the
1506 3285 228 53 author..
1793 3286 232 62 Boston,
2052 3284 218 54 Walter

288 3363 822 68 H. Baker company [ c 1935]
355 3436 83 40 107
468 3447 42 37 p.
570 3435 127 41 illus.
757 3435 143 41 19½cm.

357 3491 70 40 On
455 3502 165 30 cover:
652 3492 71 47 By
752 3491 154 42 Leslie
934 3491 143 39 Allan
1105 3489 160 42 Jones.

293 3545 52 52 ©
368 3550 113 40 May
505 3548 67 44 29,
599 3547 139 48 1935;
765 3548 66 39 2c.
857 3548 94 39 and
977 3546 80 40 aff.
1084 3547 125 39 June
1234 3546 82 47 28;
1344 3547 40 38 A
1412 3545 169 48 84466;
1609 3546 186 40 Walter
1822 3545 59 40 H.
1911 3546 164 37 Baker
2096 3554 67 30 co.

372 3604 248 49 (35-9260)

289 3704 176 62 Jung,
494 3703 280 54 Heinrich
801 3702 270 55 Wilhelm
1100 3702 219 63 Ewald,
1348 3702 172 54 1876-

366 3778 376 66 Einführung
771 3777 59 52 in
861 3777 88 54 die
980 3775 433 68 zahlentheorie,
1443 3794 108 34 von
1586 3774 276 53 Heinrich
1894 3773 88 54 W.
2016 3773 67 51 E.
2117 3772 158 65 Jung

355 3852 1042 70 … Leipzig, Dr. M. J ä necke, 1935.
