<alto xmlns="http://www.loc.gov/standards/alto/ns-v3#" xmlns:xlink="http://www.w3.org/1999/xlink" xmlns:xsi="http://www.w3.org/2001/XMLSchema-instance" xsi:schemaLocation="http://www.loc.gov/standards/alto/ns-v3# http://www.loc.gov/alto/v3/alto-3-0.xsd"><Description>
<MeasurementUnit>pixel</MeasurementUnit>
<sourceImageInformation>
<fileName>1935_v32_Part1.pdf</fileName>
</sourceImageInformation>
<OCRProcessing ID="IdOcr">
<ocrProcessingStep>
<processingDateTime>2019-01-15</processingDateTime>
<processingSoftware>
<softwareCreator>ABBYY</softwareCreator>
<softwareName>ABBYY Recognition Server</softwareName>
<softwareVersion>4.0</softwareVersion>
</processingSoftware>
</ocrProcessingStep>
</OCRProcessing>
</Description>
<Styles>
<ParagraphStyle ID="StyleId-FFFFFFFF-FFFF-FFFF-FFFF-FFFFFFFFFFFF-" ALIGN="Left" LEFT="0." RIGHT="0." FIRSTLINE="0."/>
<ParagraphStyle ID="StyleId-09A13A44-4F77-4ABE-84F3-84CC8B3C72CE-" ALIGN="Left" LEFT="0." RIGHT="0." FIRSTLINE="0." LINESPACE="7.699999809"/>
<ParagraphStyle ID="StyleId-1F945060-F8CD-4435-B69A-5FF49DB0C586-" ALIGN="Left" LEFT="0." RIGHT="0." FIRSTLINE="-10." LINESPACE="12.19999981"/>
<ParagraphStyle ID="StyleId-C6CAE747-F5A4-4D0D-8D74-D452DA7E2C1C-" ALIGN="Block" LEFT="0." RIGHT="0." FIRSTLINE="-14." LINESPACE="8.350000381"/>
<ParagraphStyle ID="StyleId-FC0F3374-189A-459E-BE29-2DC14180F022-" ALIGN="Left" LEFT="0." RIGHT="0." FIRSTLINE="0."/>
<ParagraphStyle ID="StyleId-49397C49-A894-4B3E-BA5E-1126226BA375-" ALIGN="Left" LEFT="0." RIGHT="0." FIRSTLINE="-12." LINESPACE="11.09000015"/>
<ParagraphStyle ID="StyleId-9E34DD3A-E661-48BD-A3A1-6A3D48346F00-" ALIGN="Block" LEFT="0." RIGHT="0." FIRSTLINE="-14." LINESPACE="11.09000015"/>
<ParagraphStyle ID="StyleId-56CE54AA-A08B-4BAA-8605-F26020A0E36E-" ALIGN="Left" LEFT="0." RIGHT="0." FIRSTLINE="0." LINESPACE="9.399999619"/>
<ParagraphStyle ID="StyleId-77814FFC-C42F-4AA9-9880-EF33B947DEC8-" ALIGN="Left" LEFT="0." RIGHT="0." FIRSTLINE="-11." LINESPACE="11.06999969"/>
<ParagraphStyle ID="StyleId-FDE92EC0-67DC-4C7B-8A24-094B12C38B6C-" ALIGN="Center" LEFT="0." RIGHT="0." FIRSTLINE="0." LINESPACE="11.30000019"/>
<ParagraphStyle ID="StyleId-65180E3B-4C93-4FB8-81EE-E026DD63DBF3-" ALIGN="Left" LEFT="0." RIGHT="0." FIRSTLINE="0." LINESPACE="11.10000038"/>
<ParagraphStyle ID="StyleId-10E885C2-5813-4620-B0AA-0FBA30CF7A32-" ALIGN="Left" LEFT="0." RIGHT="0." FIRSTLINE="0." LINESPACE="9.5"/>
<ParagraphStyle ID="StyleId-913C2DB5-9F02-4067-BAF7-0AED37B60BBE-" ALIGN="Left" LEFT="0." RIGHT="0." FIRSTLINE="0." LINESPACE="6.099999905"/>
<ParagraphStyle ID="StyleId-9C79A9D2-8F08-4A8F-985D-B00E253ED1E5-" ALIGN="Left" LEFT="0." RIGHT="0." FIRSTLINE="0." LINESPACE="4.400000095"/>
<ParagraphStyle ID="StyleId-A41F0407-FEFE-4738-9EC5-E05AFFF62781-" ALIGN="Left" LEFT="0." RIGHT="0." FIRSTLINE="0." LINESPACE="7.300000191"/>
<ParagraphStyle ID="StyleId-61D37176-94E8-408D-9B87-01C406CE8AB2-" ALIGN="Left" LEFT="0." RIGHT="0." FIRSTLINE="0." LINESPACE="8.050000191"/>
</Styles>
<Layout>
<Page ID="Page182" PHYSICAL_IMG_NR="182" HEIGHT="4384" WIDTH="2526">
<TopMargin HEIGHT="474" WIDTH="2526" VPOS="0" HPOS="0">
</TopMargin>
<LeftMargin HEIGHT="3694" WIDTH="313" VPOS="474" HPOS="0">
</LeftMargin>
<RightMargin HEIGHT="3694" WIDTH="119" VPOS="474" HPOS="2407">
</RightMargin>
<BottomMargin HEIGHT="216" WIDTH="2526" VPOS="4168" HPOS="0">
</BottomMargin>
<PrintSpace HEIGHT="3694" WIDTH="2094" VPOS="474" HPOS="313">
<TextBlock ID="Page182_Block1" HEIGHT="72" WIDTH="120" VPOS="4096" HPOS="1290" LANG="en-US" STYLEREFS="StyleId-EBAEF847-CF19-479E-9A92-5944CCF20EE0-">
<TextLine HEIGHT="50" WIDTH="99" VPOS="4107" HPOS="1301">
<String CONTENT="182" HEIGHT="50" WIDTH="99" VPOS="4107" HPOS="1301"/>
</TextLine>
</TextBlock>
<TextBlock ID="Page182_Block2" HEIGHT="3662" WIDTH="2094" VPOS="474" HPOS="313" LANG="en-US" CS="1" STYLEREFS="StyleId-49F17CBD-BC06-4213-8CE7-934F7C3EEBA4-">
<Shape>
<Polygon POINTS="313,474 2407,474 2407,4136 2088,4136 2088,4104 313,4104 313,474"/>
</Shape>
<TextLine HEIGHT="64" WIDTH="442" VPOS="485" HPOS="355" STYLEREFS="StyleId-98ABF195-5E97-4089-9A26-430888E41215-">
<String CONTENT="Garnett," HEIGHT="64" WIDTH="271" VPOS="485" HPOS="355"/>
<SP HEIGHT="64" WIDTH="26" VPOS="485" HPOS="627"/>
<String CONTENT="Tay." HEIGHT="64" WIDTH="143" VPOS="485" HPOS="654"/>
</TextLine>
<TextLine HEIGHT="147" WIDTH="1971" VPOS="560" HPOS="356" STYLEREFS="StyleId-1297C391-B3C5-4DEF-879D-33FE932ADD70-" CS="1">
<String CONTENT="Man" HEIGHT="52" WIDTH="141" VPOS="561" HPOS="425"/>
<SP HEIGHT="51" WIDTH="37" VPOS="562" HPOS="567"/>
<String CONTENT="laughs" HEIGHT="68" WIDTH="205" VPOS="561" HPOS="605"/>
<SP HEIGHT="54" WIDTH="38" VPOS="561" HPOS="811"/>
<String CONTENT="back," HEIGHT="68" WIDTH="161" VPOS="561" HPOS="850"/>
<SP HEIGHT="68" WIDTH="36" VPOS="561" HPOS="1012"/>
<String CONTENT="by" HEIGHT="69" WIDTH="74" VPOS="561" HPOS="1049"/>
<SP HEIGHT="68" WIDTH="39" VPOS="562" HPOS="1124"/>
<String CONTENT="Tay" HEIGHT="67" WIDTH="124" VPOS="562" HPOS="1164"/>
<SP HEIGHT="69" WIDTH="38" VPOS="560" HPOS="1289"/>
<String CONTENT="Garnett." HEIGHT="54" WIDTH="260" VPOS="560" HPOS="1328"/>
<SP HEIGHT="52" WIDTH="76" VPOS="562" HPOS="1589"/>
<String CONTENT="New" HEIGHT="53" WIDTH="140" VPOS="562" HPOS="1666"/>
<SP HEIGHT="55" WIDTH="39" VPOS="560" HPOS="1807"/>
<String CONTENT="York," HEIGHT="69" WIDTH="180" VPOS="560" HPOS="1847"/>
<SP HEIGHT="67" WIDTH="38" VPOS="562" HPOS="2028"/>
<String CONTENT="The" HEIGHT="53" WIDTH="122" VPOS="562" HPOS="2067"/>
<SP HEIGHT="53" WIDTH="36" VPOS="562" HPOS="2190"/>
<String CONTENT="Macaulay" HEIGHT="145" WIDTH="1971" VPOS="562" HPOS="356"/>
<SP HEIGHT="50" WIDTH="27" VPOS="657" HPOS="558"/>
<String CONTENT="company" HEIGHT="51" WIDTH="281" VPOS="656" HPOS="586"/>
<SP HEIGHT="49" WIDTH="31" VPOS="658" HPOS="868"/>
<String STYLE="subscript" CONTENT="[" HEIGHT="34" WIDTH="13" VPOS="672" HPOS="900"/>
<String STYLE="superscript" CONTENT="c" HEIGHT="22" WIDTH="19" VPOS="645" HPOS="917"/>
<String CONTENT="1935" HEIGHT="49" WIDTH="133" VPOS="642" HPOS="941"/>
<String STYLE="subscript" CONTENT="]" HEIGHT="33" WIDTH="12" VPOS="673" HPOS="1080"/>
</TextLine>
<TextLine HEIGHT="48" WIDTH="350" VPOS="713" HPOS="429" CS="1">
<String CONTENT="253" HEIGHT="39" WIDTH="84" VPOS="713" HPOS="429"/>
<SP HEIGHT="48" WIDTH="29" VPOS="713" HPOS="514"/>
<String CONTENT="p" HEIGHT="37" WIDTH="30" VPOS="724" HPOS="544"/>
<SP HEIGHT="48" WIDTH="72" VPOS="713" HPOS="575"/>
<String CS="1" CONTENT="19&#189;cm" HEIGHT="40" WIDTH="131" VPOS="713" HPOS="648"/>
</TextLine>
<TextLine HEIGHT="53" WIDTH="1668" VPOS="765" HPOS="357" CS="1">
<String CONTENT="&#169;" HEIGHT="51" WIDTH="51" VPOS="765" HPOS="357"/>
<SP HEIGHT="51" WIDTH="26" VPOS="765" HPOS="409"/>
<String CONTENT="Feb." HEIGHT="40" WIDTH="109" VPOS="769" HPOS="436"/>
<SP HEIGHT="38" WIDTH="24" VPOS="770" HPOS="546"/>
<String CONTENT="21," HEIGHT="47" WIDTH="69" VPOS="770" HPOS="571"/>
<SP HEIGHT="45" WIDTH="25" VPOS="772" HPOS="641"/>
<String CONTENT="1935;" HEIGHT="49" WIDTH="141" VPOS="768" HPOS="667"/>
<SP HEIGHT="48" WIDTH="24" VPOS="769" HPOS="809"/>
<String CONTENT="2c." HEIGHT="41" WIDTH="67" VPOS="769" HPOS="834"/>
<SP HEIGHT="29" WIDTH="24" VPOS="780" HPOS="902"/>
<String CONTENT="and" HEIGHT="38" WIDTH="96" VPOS="771" HPOS="927"/>
<SP HEIGHT="38" WIDTH="25" VPOS="771" HPOS="1024"/>
<String CS="1" CONTENT="aff." HEIGHT="40" WIDTH="79" VPOS="769" HPOS="1050"/>
<SP HEIGHT="38" WIDTH="26" VPOS="770" HPOS="1130"/>
<String CONTENT="Feb." HEIGHT="38" WIDTH="110" VPOS="770" HPOS="1157"/>
<SP HEIGHT="40" WIDTH="26" VPOS="768" HPOS="1268"/>
<String CONTENT="26;" HEIGHT="48" WIDTH="82" VPOS="768" HPOS="1295"/>
<SP HEIGHT="46" WIDTH="27" VPOS="770" HPOS="1378"/>
<!-- cceid 8568BD82-6D82-1014-B070-FDFD250A9EDA --><String CONTENT="A" HEIGHT="38" WIDTH="41" VPOS="770" HPOS="1406"/>
<SP HEIGHT="40" WIDTH="24" VPOS="769" HPOS="1448"/>
<String CONTENT="80596;" HEIGHT="48" WIDTH="170" VPOS="768" HPOS="1473"/>
<SP HEIGHT="45" WIDTH="28" VPOS="771" HPOS="1644"/>
<String CONTENT="Macaulay" HEIGHT="47" WIDTH="259" VPOS="771" HPOS="1673"/>
<SP HEIGHT="38" WIDTH="25" VPOS="780" HPOS="1933"/>
<String CONTENT="co." HEIGHT="29" WIDTH="66" VPOS="780" HPOS="1959"/>
</TextLine>
<TextLine HEIGHT="50" WIDTH="251" VPOS="825" HPOS="434">
<String CONTENT="(35-2972)" HEIGHT="50" WIDTH="251" VPOS="825" HPOS="434"/>
</TextLine>
<TextLine HEIGHT="67" WIDTH="796" VPOS="915" HPOS="357" STYLEREFS="StyleId-98ABF195-5E97-4089-9A26-430888E41215-">
<String CONTENT="Goetz," HEIGHT="65" WIDTH="198" VPOS="915" HPOS="357"/>
<SP HEIGHT="63" WIDTH="27" VPOS="917" HPOS="556"/>
<String CONTENT="Mary" HEIGHT="64" WIDTH="175" VPOS="917" HPOS="584"/>
<SP HEIGHT="63" WIDTH="22" VPOS="918" HPOS="760"/>
<String CONTENT="Paul," HEIGHT="64" WIDTH="164" VPOS="918" HPOS="783"/>
<SP HEIGHT="44" WIDTH="26" VPOS="938" HPOS="948"/>
<String CONTENT="sister." HEIGHT="56" WIDTH="178" VPOS="917" HPOS="975"/>
</TextLine>
<TextLine HEIGHT="72" WIDTH="1871" VPOS="991" HPOS="486" STYLEREFS="StyleId-1297C391-B3C5-4DEF-879D-33FE932ADD70-" CS="1">
<String CS="1" CONTENT="&#8230;"/>
<SP HEIGHT="51" WIDTH="48" VPOS="994" HPOS="486"/>
<String CONTENT="The" HEIGHT="53" WIDTH="122" VPOS="994" HPOS="535"/>
<SP HEIGHT="35" WIDTH="39" VPOS="1012" HPOS="658"/>
<String CONTENT="concept" HEIGHT="63" WIDTH="236" VPOS="1000" HPOS="698"/>
<SP HEIGHT="47" WIDTH="40" VPOS="1000" HPOS="935"/>
<String CONTENT="of" HEIGHT="54" WIDTH="65" VPOS="993" HPOS="976"/>
<SP HEIGHT="55" WIDTH="38" VPOS="993" HPOS="1042"/>
<String CONTENT="nobility" HEIGHT="69" WIDTH="247" VPOS="994" HPOS="1081"/>
<SP HEIGHT="69" WIDTH="39" VPOS="994" HPOS="1329"/>
<String CONTENT="in" HEIGHT="53" WIDTH="60" VPOS="994" HPOS="1369"/>
<SP HEIGHT="56" WIDTH="43" VPOS="993" HPOS="1430"/>
<String CONTENT="German" HEIGHT="56" WIDTH="252" VPOS="993" HPOS="1474"/>
<SP HEIGHT="52" WIDTH="41" VPOS="995" HPOS="1727"/>
<String CONTENT="didactic" HEIGHT="53" WIDTH="251" VPOS="994" HPOS="1769"/>
<SP HEIGHT="53" WIDTH="38" VPOS="994" HPOS="2021"/>
<String CONTENT="literature" HEIGHT="56" WIDTH="297" VPOS="991" HPOS="2060"/>
</TextLine>
<TextLine HEIGHT="71" WIDTH="1939" VPOS="1070" HPOS="356" STYLEREFS="StyleId-1297C391-B3C5-4DEF-879D-33FE932ADD70-" CS="1">
<String CONTENT="of" HEIGHT="53" WIDTH="65" VPOS="1070" HPOS="356"/>
<SP HEIGHT="54" WIDTH="35" VPOS="1070" HPOS="422"/>
<String CONTENT="the" HEIGHT="53" WIDTH="97" VPOS="1072" HPOS="458"/>
<SP HEIGHT="48" WIDTH="36" VPOS="1077" HPOS="556"/>
<String CONTENT="thirteenth" HEIGHT="53" WIDTH="314" VPOS="1072" HPOS="593"/>
<SP HEIGHT="51" WIDTH="39" VPOS="1074" HPOS="908"/>
<String CONTENT="century" HEIGHT="64" WIDTH="236" VPOS="1077" HPOS="948"/>
<SP HEIGHT="49" WIDTH="43" VPOS="1092" HPOS="1185"/>
<String CS="1" CONTENT="&#8230;"/>
<SP HEIGHT="53" WIDTH="42" VPOS="1072" HPOS="1287"/>
<String CONTENT="by" HEIGHT="68" WIDTH="78" VPOS="1072" HPOS="1330"/>
<SP HEIGHT="69" WIDTH="37" VPOS="1071" HPOS="1409"/>
<String CONTENT="Sister" HEIGHT="57" WIDTH="183" VPOS="1071" HPOS="1447"/>
<SP HEIGHT="53" WIDTH="37" VPOS="1072" HPOS="1631"/>
<String CONTENT="Mary" HEIGHT="68" WIDTH="172" VPOS="1072" HPOS="1669"/>
<SP HEIGHT="67" WIDTH="37" VPOS="1073" HPOS="1842"/>
<String CONTENT="Paul" HEIGHT="52" WIDTH="149" VPOS="1073" HPOS="1880"/>
<SP HEIGHT="56" WIDTH="39" VPOS="1071" HPOS="2030"/>
<String CONTENT="Goetz" HEIGHT="56" WIDTH="177" VPOS="1071" HPOS="2070"/>
<SP HEIGHT="34" WIDTH="47" VPOS="1090" HPOS="2248"/>
<String CS="1" CONTENT="&#8230;"/>
</TextLine>
<TextLine HEIGHT="71" WIDTH="2005" VPOS="1148" HPOS="351" STYLEREFS="StyleId-1297C391-B3C5-4DEF-879D-33FE932ADD70-">
<String CONTENT="Washington," HEIGHT="68" WIDTH="403" VPOS="1150" HPOS="351"/>
<SP HEIGHT="68" WIDTH="27" VPOS="1150" HPOS="755"/>
<String CONTENT="D." HEIGHT="53" WIDTH="72" VPOS="1150" HPOS="783"/>
<SP HEIGHT="56" WIDTH="30" VPOS="1150" HPOS="856"/>
<String CONTENT="C.," HEIGHT="69" WIDTH="82" VPOS="1150" HPOS="887"/>
<SP HEIGHT="67" WIDTH="29" VPOS="1152" HPOS="970"/>
<String CONTENT="The" HEIGHT="52" WIDTH="122" VPOS="1152" HPOS="1000"/>
<SP HEIGHT="56" WIDTH="31" VPOS="1150" HPOS="1123"/>
<String CONTENT="Catholic" HEIGHT="56" WIDTH="264" VPOS="1150" HPOS="1155"/>
<SP HEIGHT="35" WIDTH="22" VPOS="1169" HPOS="1420"/>
<String CONTENT="university" HEIGHT="69" WIDTH="320" VPOS="1149" HPOS="1443"/>
<SP HEIGHT="51" WIDTH="28" VPOS="1167" HPOS="1764"/>
<String CONTENT="of" HEIGHT="55" WIDTH="65" VPOS="1149" HPOS="1793"/>
<SP HEIGHT="53" WIDTH="28" VPOS="1149" HPOS="1859"/>
<String CONTENT="America," HEIGHT="70" WIDTH="285" VPOS="1148" HPOS="1888"/>
<SP HEIGHT="65" WIDTH="30" VPOS="1153" HPOS="2174"/>
<String CONTENT="1935." HEIGHT="51" WIDTH="151" VPOS="1152" HPOS="2205"/>
</TextLine>
<TextLine HEIGHT="51" WIDTH="1926" VPOS="1222" HPOS="426" CS="1">
<String CONTENT="viii," HEIGHT="49" WIDTH="102" VPOS="1222" HPOS="426"/>
<SP HEIGHT="47" WIDTH="31" VPOS="1224" HPOS="529"/>
<String CONTENT="138" HEIGHT="42" WIDTH="84" VPOS="1222" HPOS="561"/>
<SP HEIGHT="50" WIDTH="27" VPOS="1223" HPOS="646"/>
<String CONTENT="p." HEIGHT="38" WIDTH="43" VPOS="1235" HPOS="674"/>
<SP HEIGHT="41" WIDTH="59" VPOS="1222" HPOS="718"/>
<String CS="1" CONTENT="23&#189;" HEIGHT="41" WIDTH="54" VPOS="1222" HPOS="778"/>
<String STYLE="superscript" CONTENT="cm" HEIGHT="21" WIDTH="44" VPOS="1226" HPOS="867"/>
<String CONTENT="." HEIGHT="9" WIDTH="9" VPOS="1256" HPOS="915"/>
<SP HEIGHT="48" WIDTH="69" VPOS="1224" HPOS="925"/>
<String CONTENT="(The" HEIGHT="48" WIDTH="124" VPOS="1224" HPOS="995"/>
<SP HEIGHT="43" WIDTH="28" VPOS="1223" HPOS="1120"/>
<String CONTENT="Catholic" HEIGHT="42" WIDTH="221" VPOS="1223" HPOS="1149"/>
<SP HEIGHT="30" WIDTH="27" VPOS="1235" HPOS="1371"/>
<String CONTENT="university" HEIGHT="48" WIDTH="273" VPOS="1224" HPOS="1399"/>
<SP HEIGHT="37" WIDTH="27" VPOS="1235" HPOS="1673"/>
<String CONTENT="of" HEIGHT="41" WIDTH="51" VPOS="1224" HPOS="1701"/>
<SP HEIGHT="39" WIDTH="27" VPOS="1224" HPOS="1753"/>
<String CONTENT="America." HEIGHT="42" WIDTH="236" VPOS="1222" HPOS="1781"/>
<SP HEIGHT="41" WIDTH="59" VPOS="1222" HPOS="2018"/>
<String CONTENT="Studies" HEIGHT="42" WIDTH="196" VPOS="1222" HPOS="2078"/>
<SP HEIGHT="40" WIDTH="26" VPOS="1223" HPOS="2275"/>
<String CONTENT="in" HEIGHT="40" WIDTH="50" VPOS="1223" HPOS="2302"/>
</TextLine>
<TextLine HEIGHT="51" WIDTH="457" VPOS="1278" HPOS="358">
<String CONTENT="German," HEIGHT="43" WIDTH="223" VPOS="1278" HPOS="358"/>
<SP HEIGHT="29" WIDTH="58" VPOS="1292" HPOS="582"/>
<String CONTENT="vol." HEIGHT="41" WIDTH="91" VPOS="1281" HPOS="641"/>
<SP HEIGHT="30" WIDTH="29" VPOS="1292" HPOS="733"/>
<String CONTENT="v)" HEIGHT="47" WIDTH="52" VPOS="1282" HPOS="763"/>
</TextLine>
<TextLine HEIGHT="52" WIDTH="1358" VPOS="1335" HPOS="427" CS="1">
<String CONTENT="Thesis" HEIGHT="42" WIDTH="172" VPOS="1336" HPOS="427"/>
<SP HEIGHT="49" WIDTH="39" VPOS="1338" HPOS="600"/>
<String CS="1" CONTENT="(PH." HEIGHT="49" WIDTH="108" VPOS="1338" HPOS="640"/>
<SP HEIGHT="31" WIDTH="28" VPOS="1348" HPOS="749"/>
<String CS="1" CONTENT="D.)&#8212;Catholic" HEIGHT="50" WIDTH="327" VPOS="1335" HPOS="810"/>
<SP HEIGHT="30" WIDTH="27" VPOS="1348" HPOS="1138"/>
<String CONTENT="university" HEIGHT="49" WIDTH="273" VPOS="1337" HPOS="1166"/>
<SP HEIGHT="38" WIDTH="28" VPOS="1348" HPOS="1440"/>
<String CONTENT="of" HEIGHT="41" WIDTH="50" VPOS="1337" HPOS="1469"/>
<SP HEIGHT="39" WIDTH="27" VPOS="1337" HPOS="1520"/>
<String CONTENT="America." HEIGHT="41" WIDTH="237" VPOS="1337" HPOS="1548"/>
</TextLine>
<TextLine HEIGHT="50" WIDTH="699" VPOS="1394" HPOS="428">
<String CONTENT="Bibliography:" HEIGHT="49" WIDTH="374" VPOS="1395" HPOS="428"/>
<SP HEIGHT="38" WIDTH="31" VPOS="1406" HPOS="803"/>
<String CONTENT="p." HEIGHT="37" WIDTH="44" VPOS="1407" HPOS="835"/>
<SP HEIGHT="40" WIDTH="30" VPOS="1396" HPOS="880"/>
<String CONTENT="121-138." HEIGHT="43" WIDTH="216" VPOS="1394" HPOS="911"/>
</TextLine>
<TextLine HEIGHT="51" WIDTH="1992" VPOS="1449" HPOS="360">
<String CONTENT="&#169;" HEIGHT="51" WIDTH="51" VPOS="1449" HPOS="360"/>
<SP HEIGHT="51" WIDTH="27" VPOS="1449" HPOS="412"/>
<String CONTENT="Feb." HEIGHT="40" WIDTH="109" VPOS="1453" HPOS="440"/>
<SP HEIGHT="37" WIDTH="26" VPOS="1455" HPOS="550"/>
<String CONTENT="1," HEIGHT="44" WIDTH="39" VPOS="1455" HPOS="577"/>
<SP HEIGHT="44" WIDTH="26" VPOS="1455" HPOS="617"/>
<String CONTENT="1935;" HEIGHT="46" WIDTH="140" VPOS="1452" HPOS="644"/>
<SP HEIGHT="48" WIDTH="28" VPOS="1450" HPOS="785"/>
<String CONTENT="2c." HEIGHT="42" WIDTH="66" VPOS="1450" HPOS="814"/>
<SP HEIGHT="29" WIDTH="27" VPOS="1463" HPOS="881"/>
<String CONTENT="and" HEIGHT="39" WIDTH="95" VPOS="1453" HPOS="909"/>
<SP HEIGHT="39" WIDTH="25" VPOS="1453" HPOS="1005"/>
<String CONTENT="aff." HEIGHT="41" WIDTH="83" VPOS="1451" HPOS="1031"/>
<SP HEIGHT="40" WIDTH="25" VPOS="1451" HPOS="1115"/>
<String CONTENT="Feb." HEIGHT="40" WIDTH="110" VPOS="1451" HPOS="1141"/>
<SP HEIGHT="37" WIDTH="27" VPOS="1453" HPOS="1252"/>
<String CONTENT="4;" HEIGHT="45" WIDTH="53" VPOS="1453" HPOS="1280"/>
<SP HEIGHT="46" WIDTH="27" VPOS="1452" HPOS="1334"/>
<!-- cceid 85697740-6D82-1014-B070-FDFD250A9EDA --><String CONTENT="A" HEIGHT="38" WIDTH="41" VPOS="1452" HPOS="1362"/>
<SP HEIGHT="39" WIDTH="26" VPOS="1452" HPOS="1404"/>
<String CONTENT="79521;" HEIGHT="47" WIDTH="170" VPOS="1451" HPOS="1431"/>
<SP HEIGHT="46" WIDTH="29" VPOS="1452" HPOS="1602"/>
<String CONTENT="Catholic" HEIGHT="41" WIDTH="222" VPOS="1451" HPOS="1632"/>
<SP HEIGHT="30" WIDTH="25" VPOS="1462" HPOS="1855"/>
<String CONTENT="univ." HEIGHT="41" WIDTH="129" VPOS="1451" HPOS="1881"/>
<SP HEIGHT="29" WIDTH="26" VPOS="1463" HPOS="2011"/>
<String CONTENT="of" HEIGHT="41" WIDTH="54" VPOS="1451" HPOS="2038"/>
<SP HEIGHT="39" WIDTH="22" VPOS="1451" HPOS="2093"/>
<String CONTENT="America." HEIGHT="42" WIDTH="236" VPOS="1449" HPOS="2116"/>
</TextLine>
<TextLine HEIGHT="49" WIDTH="250" VPOS="1509" HPOS="436">
<String CONTENT="(35-2961)" HEIGHT="49" WIDTH="250" VPOS="1509" HPOS="436"/>
</TextLine>
<TextLine HEIGHT="65" WIDTH="624" VPOS="1600" HPOS="356" STYLEREFS="StyleId-98ABF195-5E97-4089-9A26-430888E41215-">
<String CONTENT="Goldwasser," HEIGHT="65" WIDTH="387" VPOS="1600" HPOS="356"/>
<SP HEIGHT="63" WIDTH="25" VPOS="1602" HPOS="744"/>
<String CONTENT="David." HEIGHT="56" WIDTH="210" VPOS="1600" HPOS="770"/>
</TextLine>
<TextLine HEIGHT="68" WIDTH="1864" VPOS="1677" HPOS="426" STYLEREFS="StyleId-1297C391-B3C5-4DEF-879D-33FE932ADD70-" CS="1">
<String CONTENT="Nelson&#8217;s" HEIGHT="53" WIDTH="256" VPOS="1677" HPOS="426"/>
<SP HEIGHT="67" WIDTH="28" VPOS="1678" HPOS="683"/>
<String CONTENT="junior" HEIGHT="67" WIDTH="194" VPOS="1678" HPOS="712"/>
<SP HEIGHT="50" WIDTH="27" VPOS="1679" HPOS="907"/>
<String CONTENT="literature." HEIGHT="53" WIDTH="312" VPOS="1677" HPOS="935"/>
<SP HEIGHT="48" WIDTH="64" VPOS="1682" HPOS="1248"/>
<String CONTENT="8th" HEIGHT="52" WIDTH="97" VPOS="1678" HPOS="1313"/>
<SP HEIGHT="66" WIDTH="27" VPOS="1678" HPOS="1411"/>
<String CONTENT="yr.," HEIGHT="48" WIDTH="103" VPOS="1696" HPOS="1439"/>
<SP HEIGHT="67" WIDTH="27" VPOS="1677" HPOS="1543"/>
<String CONTENT="by" HEIGHT="67" WIDTH="75" VPOS="1677" HPOS="1571"/>
<SP HEIGHT="65" WIDTH="27" VPOS="1679" HPOS="1647"/>
<String CONTENT="David" HEIGHT="53" WIDTH="193" VPOS="1677" HPOS="1675"/>
<SP HEIGHT="55" WIDTH="27" VPOS="1677" HPOS="1869"/>
<String CONTENT="Goldwasser" HEIGHT="55" WIDTH="360" VPOS="1677" HPOS="1897"/>
<SP HEIGHT="35" WIDTH="32" VPOS="1695" HPOS="2258"/>
<String CS="1" CONTENT="&#8230;"/>
</TextLine>
<TextLine HEIGHT="67" WIDTH="1089" VPOS="1755" HPOS="356" STYLEREFS="StyleId-1297C391-B3C5-4DEF-879D-33FE932ADD70-">
<String CONTENT="New" HEIGHT="52" WIDTH="137" VPOS="1756" HPOS="356"/>
<SP HEIGHT="51" WIDTH="27" VPOS="1758" HPOS="494"/>
<String CONTENT="York," HEIGHT="67" WIDTH="178" VPOS="1755" HPOS="522"/>
<SP HEIGHT="63" WIDTH="24" VPOS="1759" HPOS="701"/>
<String CONTENT="T." HEIGHT="50" WIDTH="63" VPOS="1759" HPOS="726"/>
<SP HEIGHT="53" WIDTH="26" VPOS="1756" HPOS="790"/>
<String CONTENT="Nelson" HEIGHT="53" WIDTH="212" VPOS="1756" HPOS="817"/>
<SP HEIGHT="50" WIDTH="22" VPOS="1759" HPOS="1030"/>
<String CONTENT="&amp;" HEIGHT="50" WIDTH="45" VPOS="1759" HPOS="1053"/>
<SP HEIGHT="50" WIDTH="22" VPOS="1759" HPOS="1099"/>
<String CONTENT="sons," HEIGHT="49" WIDTH="145" VPOS="1773" HPOS="1122"/>
<SP HEIGHT="63" WIDTH="26" VPOS="1759" HPOS="1268"/>
<String CONTENT="1935." HEIGHT="51" WIDTH="150" VPOS="1757" HPOS="1295"/>
</TextLine>
<TextLine HEIGHT="51" WIDTH="1226" VPOS="1826" HPOS="428" CS="1">
<String CONTENT="xxi" HEIGHT="38" WIDTH="85" VPOS="1831" HPOS="428"/>
<SP HEIGHT="46" WIDTH="23" VPOS="1831" HPOS="514"/>
<String CONTENT="p.," HEIGHT="37" WIDTH="57" VPOS="1840" HPOS="538"/>
<SP HEIGHT="47" WIDTH="26" VPOS="1829" HPOS="596"/>
<String CONTENT="1" HEIGHT="39" WIDTH="26" VPOS="1829" HPOS="623"/>
<SP/>
<String CS="1" CONTENT="l.," HEIGHT="16" WIDTH="9" VPOS="1860" HPOS="709"/>
<SP HEIGHT="46" WIDTH="25" VPOS="1830" HPOS="719"/>
<String CONTENT="390" HEIGHT="42" WIDTH="89" VPOS="1827" HPOS="745"/>
<SP HEIGHT="48" WIDTH="19" VPOS="1828" HPOS="835"/>
<String CONTENT="p." HEIGHT="38" WIDTH="42" VPOS="1838" HPOS="855"/>
<SP HEIGHT="39" WIDTH="55" VPOS="1828" HPOS="898"/>
<String CONTENT="illus." HEIGHT="40" WIDTH="128" VPOS="1828" HPOS="954"/>
<SP HEIGHT="48" WIDTH="28" VPOS="1827" HPOS="1083"/>
<String CONTENT="(incl." HEIGHT="48" WIDTH="132" VPOS="1827" HPOS="1112"/>
<SP HEIGHT="38" WIDTH="24" VPOS="1838" HPOS="1245"/>
<String CONTENT="ports.)" HEIGHT="50" WIDTH="176" VPOS="1826" HPOS="1270"/>
<SP HEIGHT="48" WIDTH="63" VPOS="1826" HPOS="1447"/>
<String CS="1" CONTENT="19&#189;" HEIGHT="40" WIDTH="54" VPOS="1826" HPOS="1511"/>
<String STYLE="superscript" CONTENT="cm" HEIGHT="21" WIDTH="45" VPOS="1830" HPOS="1598"/>
<String CONTENT="." HEIGHT="8" WIDTH="8" VPOS="1858" HPOS="1646"/>
</TextLine>
<TextLine HEIGHT="51" WIDTH="1993" VPOS="1883" HPOS="361" CS="1">
<String CONTENT="&#169;" HEIGHT="51" WIDTH="51" VPOS="1883" HPOS="361"/>
<SP HEIGHT="51" WIDTH="30" VPOS="1883" HPOS="413"/>
<String CONTENT="Feb." HEIGHT="39" WIDTH="110" VPOS="1887" HPOS="444"/>
<SP HEIGHT="38" WIDTH="31" VPOS="1888" HPOS="555"/>
<String CONTENT="18," HEIGHT="47" WIDTH="68" VPOS="1886" HPOS="587"/>
<SP HEIGHT="46" WIDTH="29" VPOS="1887" HPOS="656"/>
<String CONTENT="1935;" HEIGHT="48" WIDTH="141" VPOS="1884" HPOS="686"/>
<SP HEIGHT="47" WIDTH="30" VPOS="1885" HPOS="828"/>
<String CONTENT="2c." HEIGHT="40" WIDTH="66" VPOS="1885" HPOS="859"/>
<SP HEIGHT="38" WIDTH="32" VPOS="1885" HPOS="926"/>
<String CONTENT="Feb." HEIGHT="40" WIDTH="109" VPOS="1885" HPOS="959"/>
<SP HEIGHT="39" WIDTH="30" VPOS="1885" HPOS="1069"/>
<String CONTENT="21;" HEIGHT="46" WIDTH="81" VPOS="1885" HPOS="1100"/>
<SP HEIGHT="36" WIDTH="33" VPOS="1895" HPOS="1182"/>
<String CS="1" CONTENT="aff." HEIGHT="40" WIDTH="80" VPOS="1884" HPOS="1216"/>
<SP HEIGHT="38" WIDTH="33" VPOS="1885" HPOS="1297"/>
<String CONTENT="Feb." HEIGHT="39" WIDTH="109" VPOS="1885" HPOS="1331"/>
<SP HEIGHT="38" WIDTH="30" VPOS="1885" HPOS="1441"/>
<String CONTENT="23;" HEIGHT="46" WIDTH="83" VPOS="1885" HPOS="1472"/>
<SP HEIGHT="46" WIDTH="33" VPOS="1885" HPOS="1556"/>
<!-- cceid 856A39F5-6D82-1014-B070-FDFD250A9EDA --><String CONTENT="A" HEIGHT="39" WIDTH="40" VPOS="1885" HPOS="1590"/>
<SP HEIGHT="40" WIDTH="30" VPOS="1885" HPOS="1631"/>
<String CONTENT="79791;" HEIGHT="48" WIDTH="169" VPOS="1883" HPOS="1662"/>
<SP HEIGHT="46" WIDTH="34" VPOS="1885" HPOS="1832"/>
<String CONTENT="Thomas" HEIGHT="39" WIDTH="210" VPOS="1885" HPOS="1867"/>
<SP HEIGHT="40" WIDTH="28" VPOS="1884" HPOS="2078"/>
<String CONTENT="Nelson" HEIGHT="40" WIDTH="178" VPOS="1884" HPOS="2107"/>
<SP HEIGHT="40" WIDTH="30" VPOS="1885" HPOS="2286"/>
<String CONTENT="&amp;" HEIGHT="40" WIDTH="37" VPOS="1885" HPOS="2317"/>
</TextLine>
<TextLine HEIGHT="30" WIDTH="124" VPOS="1953" HPOS="427">
<String CONTENT="sons." HEIGHT="30" WIDTH="124" VPOS="1953" HPOS="427"/>
</TextLine>
<TextLine HEIGHT="66" WIDTH="757" VPOS="2032" HPOS="357" STYLEREFS="StyleId-98ABF195-5E97-4089-9A26-430888E41215-">
<String CONTENT="Hall," HEIGHT="65" WIDTH="151" VPOS="2032" HPOS="357"/>
<SP HEIGHT="63" WIDTH="24" VPOS="2034" HPOS="509"/>
<String CONTENT="Egerton" HEIGHT="62" WIDTH="263" VPOS="2034" HPOS="534"/>
<SP HEIGHT="51" WIDTH="28" VPOS="2035" HPOS="798"/>
<String CONTENT="E.," HEIGHT="63" WIDTH="86" VPOS="2035" HPOS="827"/>
<SP HEIGHT="59" WIDTH="28" VPOS="2039" HPOS="914"/>
<String CONTENT="1886-" HEIGHT="50" WIDTH="171" VPOS="2037" HPOS="943"/>
</TextLine>
<TextLine HEIGHT="131" WIDTH="1968" VPOS="2109" HPOS="359" STYLEREFS="StyleId-1297C391-B3C5-4DEF-879D-33FE932ADD70-" CS="1">
<String CONTENT="The" HEIGHT="53" WIDTH="120" VPOS="2110" HPOS="427"/>
<SP HEIGHT="52" WIDTH="30" VPOS="2111" HPOS="548"/>
<String CONTENT="Negro" HEIGHT="65" WIDTH="192" VPOS="2111" HPOS="579"/>
<SP HEIGHT="34" WIDTH="31" VPOS="2129" HPOS="772"/>
<String CONTENT="wage" HEIGHT="48" WIDTH="158" VPOS="2128" HPOS="804"/>
<SP HEIGHT="34" WIDTH="28" VPOS="2128" HPOS="963"/>
<String CONTENT="earner" HEIGHT="35" WIDTH="198" VPOS="2127" HPOS="992"/>
<SP HEIGHT="35" WIDTH="31" VPOS="2127" HPOS="1191"/>
<String CONTENT="of" HEIGHT="51" WIDTH="62" VPOS="2110" HPOS="1223"/>
<SP HEIGHT="52" WIDTH="30" VPOS="2110" HPOS="1286"/>
<String CONTENT="New" HEIGHT="52" WIDTH="140" VPOS="2110" HPOS="1317"/>
<SP HEIGHT="54" WIDTH="30" VPOS="2109" HPOS="1458"/>
<String CONTENT="Jersey;" HEIGHT="66" WIDTH="230" VPOS="2109" HPOS="1489"/>
<SP HEIGHT="48" WIDTH="35" VPOS="2127" HPOS="1720"/>
<String CONTENT="a" HEIGHT="34" WIDTH="31" VPOS="2128" HPOS="1756"/>
<SP HEIGHT="34" WIDTH="28" VPOS="2128" HPOS="1788"/>
<String CONTENT="study" HEIGHT="66" WIDTH="173" VPOS="2109" HPOS="1817"/>
<SP HEIGHT="48" WIDTH="28" VPOS="2127" HPOS="1991"/>
<String CONTENT="of" HEIGHT="53" WIDTH="63" VPOS="2109" HPOS="2020"/>
<SP HEIGHT="53" WIDTH="31" VPOS="2109" HPOS="2084"/>
<String CONTENT="occupational" HEIGHT="113" WIDTH="1968" VPOS="2127" HPOS="359"/>
</TextLine>
<TextLine HEIGHT="69" WIDTH="1772" VPOS="2185" HPOS="579" STYLEREFS="StyleId-1297C391-B3C5-4DEF-879D-33FE932ADD70-">
<String CONTENT="trends" HEIGHT="53" WIDTH="195" VPOS="2187" HPOS="579"/>
<SP HEIGHT="52" WIDTH="36" VPOS="2187" HPOS="775"/>
<String CONTENT="in" HEIGHT="51" WIDTH="62" VPOS="2187" HPOS="812"/>
<SP HEIGHT="52" WIDTH="36" VPOS="2187" HPOS="875"/>
<String CONTENT="New" HEIGHT="52" WIDTH="141" VPOS="2187" HPOS="912"/>
<SP HEIGHT="53" WIDTH="36" VPOS="2187" HPOS="1054"/>
<String CONTENT="Jersey," HEIGHT="67" WIDTH="217" VPOS="2187" HPOS="1091"/>
<SP HEIGHT="47" WIDTH="38" VPOS="2205" HPOS="1309"/>
<String CONTENT="of" HEIGHT="52" WIDTH="64" VPOS="2187" HPOS="1348"/>
<SP HEIGHT="52" WIDTH="38" VPOS="2187" HPOS="1413"/>
<String CONTENT="the" HEIGHT="52" WIDTH="95" VPOS="2187" HPOS="1452"/>
<SP HEIGHT="33" WIDTH="38" VPOS="2206" HPOS="1548"/>
<String CONTENT="effect" HEIGHT="54" WIDTH="164" VPOS="2185" HPOS="1587"/>
<SP HEIGHT="47" WIDTH="36" VPOS="2192" HPOS="1752"/>
<String CONTENT="of" HEIGHT="51" WIDTH="62" VPOS="2187" HPOS="1789"/>
<SP HEIGHT="51" WIDTH="38" VPOS="2187" HPOS="1852"/>
<String CONTENT="unequal" HEIGHT="65" WIDTH="244" VPOS="2188" HPOS="1891"/>
<SP HEIGHT="51" WIDTH="38" VPOS="2188" HPOS="2136"/>
<String CONTENT="racial" HEIGHT="54" WIDTH="176" VPOS="2185" HPOS="2175"/>
</TextLine>
<TextLine HEIGHT="69" WIDTH="1994" VPOS="2262" HPOS="360" STYLEREFS="StyleId-1297C391-B3C5-4DEF-879D-33FE932ADD70-">
<String CONTENT="distribution" HEIGHT="55" WIDTH="372" VPOS="2263" HPOS="360"/>
<SP HEIGHT="53" WIDTH="39" VPOS="2264" HPOS="733"/>
<String CONTENT="in" HEIGHT="53" WIDTH="63" VPOS="2264" HPOS="773"/>
<SP HEIGHT="47" WIDTH="40" VPOS="2270" HPOS="837"/>
<String CONTENT="the" HEIGHT="55" WIDTH="97" VPOS="2263" HPOS="878"/>
<SP HEIGHT="36" WIDTH="42" VPOS="2282" HPOS="976"/>
<String CONTENT="occupations" HEIGHT="67" WIDTH="364" VPOS="2264" HPOS="1019"/>
<SP HEIGHT="36" WIDTH="43" VPOS="2282" HPOS="1384"/>
<String CONTENT="and" HEIGHT="53" WIDTH="113" VPOS="2264" HPOS="1428"/>
<SP HEIGHT="53" WIDTH="42" VPOS="2264" HPOS="1542"/>
<String CONTENT="of" HEIGHT="53" WIDTH="63" VPOS="2264" HPOS="1585"/>
<SP HEIGHT="53" WIDTH="42" VPOS="2264" HPOS="1649"/>
<String CONTENT="the" HEIGHT="53" WIDTH="96" VPOS="2264" HPOS="1692"/>
<SP HEIGHT="52" WIDTH="38" VPOS="2264" HPOS="1789"/>
<String CONTENT="implications" HEIGHT="67" WIDTH="387" VPOS="2263" HPOS="1828"/>
<SP HEIGHT="55" WIDTH="42" VPOS="2262" HPOS="2216"/>
<String CONTENT="for" HEIGHT="55" WIDTH="95" VPOS="2262" HPOS="2259"/>
</TextLine>
<TextLine HEIGHT="68" WIDTH="1994" VPOS="2341" HPOS="358" STYLEREFS="StyleId-1297C391-B3C5-4DEF-879D-33FE932ADD70-" CS="1">
<String CONTENT="education" HEIGHT="52" WIDTH="300" VPOS="2342" HPOS="358"/>
<SP HEIGHT="35" WIDTH="42" VPOS="2359" HPOS="659"/>
<String CONTENT="and" HEIGHT="52" WIDTH="112" VPOS="2342" HPOS="702"/>
<SP HEIGHT="67" WIDTH="38" VPOS="2342" HPOS="815"/>
<String CONTENT="guidance." HEIGHT="68" WIDTH="296" VPOS="2341" HPOS="854"/>
<SP HEIGHT="51" WIDTH="74" VPOS="2342" HPOS="1151"/>
<String CONTENT="By" HEIGHT="66" WIDTH="93" VPOS="2342" HPOS="1226"/>
<SP HEIGHT="66" WIDTH="36" VPOS="2342" HPOS="1320"/>
<String CONTENT="Egerton" HEIGHT="66" WIDTH="258" VPOS="2342" HPOS="1357"/>
<SP HEIGHT="51" WIDTH="37" VPOS="2342" HPOS="1616"/>
<String CONTENT="E." HEIGHT="52" WIDTH="69" VPOS="2342" HPOS="1654"/>
<SP HEIGHT="53" WIDTH="41" VPOS="2341" HPOS="1724"/>
<String CONTENT="Hall," HEIGHT="65" WIDTH="159" VPOS="2341" HPOS="1766"/>
<SP HEIGHT="46" WIDTH="35" VPOS="2360" HPOS="1926"/>
<String CS="1" CONTENT="ED." HEIGHT="11" WIDTH="11" VPOS="2383" HPOS="2036"/>
<SP HEIGHT="35" WIDTH="37" VPOS="2359" HPOS="2048"/>
<String CS="1" CONTENT="D." HEIGHT="10" WIDTH="10" VPOS="2384" HPOS="2126"/>
<SP HEIGHT="52" WIDTH="73" VPOS="2342" HPOS="2137"/>
<String CONTENT="New" HEIGHT="52" WIDTH="141" VPOS="2342" HPOS="2211"/>
</TextLine>
<TextLine HEIGHT="67" WIDTH="1986" VPOS="2418" HPOS="362" STYLEREFS="StyleId-1297C391-B3C5-4DEF-879D-33FE932ADD70-">
<String CONTENT="Brunswick," HEIGHT="67" WIDTH="354" VPOS="2418" HPOS="362"/>
<SP HEIGHT="66" WIDTH="43" VPOS="2419" HPOS="717"/>
<String CONTENT="Rutgers" HEIGHT="66" WIDTH="251" VPOS="2419" HPOS="761"/>
<SP HEIGHT="34" WIDTH="44" VPOS="2437" HPOS="1013"/>
<String CONTENT="university," HEIGHT="66" WIDTH="334" VPOS="2419" HPOS="1058"/>
<SP HEIGHT="66" WIDTH="47" VPOS="2418" HPOS="1393"/>
<String CONTENT="School" HEIGHT="55" WIDTH="207" VPOS="2418" HPOS="1441"/>
<SP HEIGHT="50" WIDTH="45" VPOS="2421" HPOS="1649"/>
<String CONTENT="of" HEIGHT="52" WIDTH="62" VPOS="2419" HPOS="1695"/>
<SP HEIGHT="51" WIDTH="45" VPOS="2419" HPOS="1758"/>
<String CONTENT="education" HEIGHT="53" WIDTH="300" VPOS="2418" HPOS="1804"/>
<SP HEIGHT="48" WIDTH="49" VPOS="2437" HPOS="2105"/>
<String STYLE="subscript" CONTENT="[" HEIGHT="33" WIDTH="13" VPOS="2452" HPOS="2155"/>
<String STYLE="superscript" CONTENT="c" HEIGHT="22" WIDTH="19" VPOS="2425" HPOS="2172"/>
<String CONTENT="1935" HEIGHT="49" WIDTH="133" VPOS="2422" HPOS="2195"/>
<String STYLE="subscript" CONTENT="]" HEIGHT="34" WIDTH="13" VPOS="2451" HPOS="2335"/>
</TextLine>
<TextLine HEIGHT="50" WIDTH="1189" VPOS="2489" HPOS="428" STYLEREFS="StyleId-1297C391-B3C5-4DEF-879D-33FE932ADD70-" CS="1">
<String CONTENT="115" HEIGHT="38" WIDTH="83" VPOS="2492" HPOS="428"/>
<SP HEIGHT="47" WIDTH="26" VPOS="2492" HPOS="512"/>
<String CONTENT="p." HEIGHT="37" WIDTH="42" VPOS="2502" HPOS="539"/>
<SP HEIGHT="40" WIDTH="56" VPOS="2490" HPOS="582"/>
<String CONTENT="2" HEIGHT="38" WIDTH="27" VPOS="2490" HPOS="639"/>
<SP HEIGHT="39" WIDTH="24" VPOS="2490" HPOS="667"/>
<String CONTENT="maps" HEIGHT="38" WIDTH="137" VPOS="2500" HPOS="692"/>
<SP HEIGHT="48" WIDTH="27" VPOS="2491" HPOS="830"/>
<String CONTENT="(incl." HEIGHT="50" WIDTH="133" VPOS="2489" HPOS="858"/>
<SP HEIGHT="41" WIDTH="26" VPOS="2490" HPOS="992"/>
<String CONTENT="front.)" HEIGHT="49" WIDTH="174" VPOS="2490" HPOS="1019"/>
<SP HEIGHT="48" WIDTH="38" VPOS="2491" HPOS="1194"/>
<String CONTENT="diagrs." HEIGHT="49" WIDTH="179" VPOS="2490" HPOS="1233"/>
<SP HEIGHT="41" WIDTH="58" VPOS="2489" HPOS="1413"/>
<String CS="1" CONTENT="23&#189;" HEIGHT="40" WIDTH="56" VPOS="2489" HPOS="1472"/>
<String STYLE="superscript" CONTENT="cm" HEIGHT="21" WIDTH="44" VPOS="2492" HPOS="1562"/>
<String CONTENT="." HEIGHT="8" WIDTH="8" VPOS="2523" HPOS="1609"/>
</TextLine>
<TextLine HEIGHT="49" WIDTH="699" VPOS="2546" HPOS="428">
<String CONTENT="Bibliography:" HEIGHT="49" WIDTH="375" VPOS="2546" HPOS="428"/>
<SP HEIGHT="38" WIDTH="32" VPOS="2557" HPOS="804"/>
<String CONTENT="p." HEIGHT="37" WIDTH="43" VPOS="2558" HPOS="837"/>
<SP HEIGHT="39" WIDTH="31" VPOS="2549" HPOS="881"/>
<String CONTENT="114-115." HEIGHT="41" WIDTH="214" VPOS="2547" HPOS="913"/>
</TextLine>
<TextLine HEIGHT="52" WIDTH="1990" VPOS="2600" HPOS="361">
<String CONTENT="&#169;" HEIGHT="52" WIDTH="55" VPOS="2600" HPOS="361"/>
<SP HEIGHT="52" WIDTH="26" VPOS="2600" HPOS="417"/>
<String CONTENT="Feb." HEIGHT="40" WIDTH="109" VPOS="2604" HPOS="444"/>
<SP HEIGHT="37" WIDTH="33" VPOS="2606" HPOS="554"/>
<String CONTENT="12," HEIGHT="47" WIDTH="67" VPOS="2604" HPOS="588"/>
<SP HEIGHT="46" WIDTH="31" VPOS="2605" HPOS="656"/>
<String CONTENT="1935;" HEIGHT="48" WIDTH="140" VPOS="2602" HPOS="688"/>
<SP HEIGHT="46" WIDTH="33" VPOS="2604" HPOS="829"/>
<String CONTENT="2c." HEIGHT="39" WIDTH="67" VPOS="2604" HPOS="863"/>
<SP HEIGHT="30" WIDTH="30" VPOS="2613" HPOS="931"/>
<String CONTENT="and" HEIGHT="40" WIDTH="97" VPOS="2603" HPOS="962"/>
<SP HEIGHT="40" WIDTH="30" VPOS="2603" HPOS="1060"/>
<String CONTENT="aff." HEIGHT="41" WIDTH="79" VPOS="2602" HPOS="1091"/>
<SP HEIGHT="39" WIDTH="33" VPOS="2602" HPOS="1171"/>
<String CONTENT="Feb." HEIGHT="41" WIDTH="111" VPOS="2602" HPOS="1205"/>
<SP HEIGHT="38" WIDTH="30" VPOS="2604" HPOS="1317"/>
<String CONTENT="15;" HEIGHT="47" WIDTH="81" VPOS="2602" HPOS="1348"/>
<SP HEIGHT="45" WIDTH="34" VPOS="2604" HPOS="1430"/>
<!-- cceid 856AF0A9-6D82-1014-B070-FDFD250A9EDA --><String CONTENT="A" HEIGHT="37" WIDTH="40" VPOS="2604" HPOS="1465"/>
<SP HEIGHT="39" WIDTH="30" VPOS="2604" HPOS="1506"/>
<String CONTENT="79660:" HEIGHT="42" WIDTH="169" VPOS="2603" HPOS="1537"/>
<SP HEIGHT="40" WIDTH="36" VPOS="2605" HPOS="1707"/>
<String CONTENT="E." HEIGHT="37" WIDTH="50" VPOS="2605" HPOS="1744"/>
<SP HEIGHT="38" WIDTH="34" VPOS="2605" HPOS="1795"/>
<String CONTENT="E." HEIGHT="38" WIDTH="52" VPOS="2605" HPOS="1830"/>
<SP HEIGHT="38" WIDTH="32" VPOS="2604" HPOS="1883"/>
<String CONTENT="Hall," HEIGHT="47" WIDTH="130" VPOS="2604" HPOS="1916"/>
<SP HEIGHT="46" WIDTH="34" VPOS="2605" HPOS="2047"/>
<String CONTENT="Plainfield," HEIGHT="49" WIDTH="269" VPOS="2603" HPOS="2082"/>
</TextLine>
<TextLine HEIGHT="49" WIDTH="446" VPOS="2659" HPOS="424">
<String CONTENT="N." HEIGHT="38" WIDTH="55" VPOS="2662" HPOS="424"/>
<SP HEIGHT="39" WIDTH="26" VPOS="2662" HPOS="480"/>
<String CONTENT="J." HEIGHT="39" WIDTH="44" VPOS="2662" HPOS="507"/>
<SP HEIGHT="47" WIDTH="68" VPOS="2661" HPOS="552"/>
<String CONTENT="(35-2951)" HEIGHT="49" WIDTH="249" VPOS="2659" HPOS="621"/>
</TextLine>
<TextLine HEIGHT="66" WIDTH="1112" VPOS="2747" HPOS="357" STYLEREFS="StyleId-98ABF195-5E97-4089-9A26-430888E41215-">
<String CONTENT="Hawley," HEIGHT="66" WIDTH="262" VPOS="2747" HPOS="357"/>
<SP HEIGHT="63" WIDTH="26" VPOS="2750" HPOS="620"/>
<String CONTENT="Hattie" HEIGHT="53" WIDTH="208" VPOS="2749" HPOS="647"/>
<SP HEIGHT="52" WIDTH="26" VPOS="2750" HPOS="856"/>
<String CONTENT="Louise," HEIGHT="65" WIDTH="231" VPOS="2748" HPOS="883"/>
<SP HEIGHT="57" WIDTH="29" VPOS="2756" HPOS="1115"/>
<String CONTENT="1890-1934." HEIGHT="50" WIDTH="324" VPOS="2754" HPOS="1145"/>
</TextLine>
<TextLine HEIGHT="68" WIDTH="1862" VPOS="2826" HPOS="427" STYLEREFS="StyleId-1297C391-B3C5-4DEF-879D-33FE932ADD70-" CS="1">
<String CONTENT="Adventures" HEIGHT="53" WIDTH="363" VPOS="2826" HPOS="427"/>
<SP HEIGHT="53" WIDTH="35" VPOS="2826" HPOS="791"/>
<String CONTENT="in" HEIGHT="52" WIDTH="60" VPOS="2826" HPOS="827"/>
<SP HEIGHT="34" WIDTH="35" VPOS="2844" HPOS="888"/>
<String CONTENT="old" HEIGHT="53" WIDTH="95" VPOS="2826" HPOS="924"/>
<SP HEIGHT="53" WIDTH="35" VPOS="2826" HPOS="1020"/>
<String CONTENT="world" HEIGHT="52" WIDTH="181" VPOS="2826" HPOS="1056"/>
<SP HEIGHT="52" WIDTH="35" VPOS="2826" HPOS="1238"/>
<String CONTENT="history," HEIGHT="68" WIDTH="239" VPOS="2826" HPOS="1274"/>
<SP HEIGHT="67" WIDTH="34" VPOS="2826" HPOS="1514"/>
<String CONTENT="by" HEIGHT="68" WIDTH="75" VPOS="2826" HPOS="1549"/>
<SP HEIGHT="68" WIDTH="34" VPOS="2826" HPOS="1625"/>
<String CONTENT="Hattie" HEIGHT="53" WIDTH="204" VPOS="2826" HPOS="1660"/>
<SP HEIGHT="53" WIDTH="35" VPOS="2826" HPOS="1865"/>
<String CONTENT="L." HEIGHT="53" WIDTH="64" VPOS="2826" HPOS="1901"/>
<SP HEIGHT="52" WIDTH="36" VPOS="2827" HPOS="1966"/>
<String CONTENT="Hawley" HEIGHT="67" WIDTH="244" VPOS="2827" HPOS="2003"/>
<SP HEIGHT="49" WIDTH="41" VPOS="2845" HPOS="2248"/>
<String CS="1" CONTENT="&#8230;"/>
</TextLine>
<TextLine HEIGHT="69" WIDTH="1653" VPOS="2903" HPOS="358" STYLEREFS="StyleId-1297C391-B3C5-4DEF-879D-33FE932ADD70-" CS="1">
<String CONTENT="Boston," HEIGHT="65" WIDTH="234" VPOS="2905" HPOS="358"/>
<SP HEIGHT="66" WIDTH="29" VPOS="2904" HPOS="593"/>
<String CONTENT="New" HEIGHT="53" WIDTH="139" VPOS="2904" HPOS="623"/>
<SP HEIGHT="52" WIDTH="29" VPOS="2904" HPOS="763"/>
<String CONTENT="York" HEIGHT="53" WIDTH="164" VPOS="2903" HPOS="793"/>
<SP HEIGHT="68" WIDTH="32" VPOS="2903" HPOS="958"/>
<String CS="1" CONTENT="[etc.]" HEIGHT="63" WIDTH="119" VPOS="2908" HPOS="1010"/>
<SP HEIGHT="68" WIDTH="36" VPOS="2903" HPOS="1130"/>
<String CONTENT="Ginn" HEIGHT="56" WIDTH="158" VPOS="2903" HPOS="1167"/>
<SP HEIGHT="35" WIDTH="29" VPOS="2922" HPOS="1326"/>
<String CONTENT="and" HEIGHT="52" WIDTH="114" VPOS="2905" HPOS="1356"/>
<SP HEIGHT="52" WIDTH="29" VPOS="2905" HPOS="1471"/>
<String CONTENT="company" HEIGHT="51" WIDTH="280" VPOS="2921" HPOS="1501"/>
<SP HEIGHT="49" WIDTH="36" VPOS="2922" HPOS="1782"/>
<String CS="1" CONTENT="["/>
<String STYLE="superscript" CONTENT="c" HEIGHT="22" WIDTH="19" VPOS="2910" HPOS="1836"/>
<String CONTENT="1935]" HEIGHT="66" WIDTH="152" VPOS="2906" HPOS="1859"/>
</TextLine>
<TextLine HEIGHT="49" WIDTH="1510" VPOS="2976" HPOS="430" STYLEREFS="StyleId-1297C391-B3C5-4DEF-879D-33FE932ADD70-" CS="1">
<String CONTENT="xvii," HEIGHT="47" WIDTH="115" VPOS="2978" HPOS="430"/>
<SP HEIGHT="47" WIDTH="27" VPOS="2978" HPOS="546"/>
<String CONTENT="452" HEIGHT="39" WIDTH="89" VPOS="2977" HPOS="574"/>
<SP HEIGHT="47" WIDTH="25" VPOS="2977" HPOS="664"/>
<String CONTENT="p." HEIGHT="37" WIDTH="43" VPOS="2987" HPOS="690"/>
<SP HEIGHT="30" WIDTH="58" VPOS="2987" HPOS="734"/>
<String CONTENT="col." HEIGHT="39" WIDTH="86" VPOS="2978" HPOS="793"/>
<SP HEIGHT="40" WIDTH="27" VPOS="2977" HPOS="880"/>
<String CONTENT="front.," HEIGHT="47" WIDTH="164" VPOS="2977" HPOS="908"/>
<SP HEIGHT="46" WIDTH="28" VPOS="2978" HPOS="1073"/>
<String CONTENT="illus.," HEIGHT="46" WIDTH="141" VPOS="2978" HPOS="1102"/>
<SP HEIGHT="36" WIDTH="28" VPOS="2988" HPOS="1244"/>
<String CONTENT="maps" HEIGHT="36" WIDTH="136" VPOS="2987" HPOS="1273"/>
<SP HEIGHT="48" WIDTH="39" VPOS="2977" HPOS="1410"/>
<String CONTENT="(2" HEIGHT="48" WIDTH="53" VPOS="2977" HPOS="1450"/>
<SP HEIGHT="40" WIDTH="24" VPOS="2977" HPOS="1504"/>
<String CONTENT="double)" HEIGHT="48" WIDTH="197" VPOS="2976" HPOS="1529"/>
<SP HEIGHT="48" WIDTH="67" VPOS="2976" HPOS="1727"/>
<String CS="1" CONTENT="20&#189;" HEIGHT="40" WIDTH="56" VPOS="2977" HPOS="1795"/>
<String STYLE="superscript" CONTENT="cm" HEIGHT="21" WIDTH="44" VPOS="2979" HPOS="1883"/>
<String CONTENT="." HEIGHT="9" WIDTH="8" VPOS="3008" HPOS="1932"/>
</TextLine>
<TextLine HEIGHT="49" WIDTH="679" VPOS="3032" HPOS="431">
<String CONTENT="Illustrated" HEIGHT="39" WIDTH="286" VPOS="3034" HPOS="431"/>
<SP HEIGHT="38" WIDTH="28" VPOS="3034" HPOS="718"/>
<String CONTENT="lining-papers." HEIGHT="49" WIDTH="363" VPOS="3032" HPOS="747"/>
</TextLine>
<TextLine HEIGHT="51" WIDTH="1718" VPOS="3086" HPOS="362">
<String CONTENT="&#169;" HEIGHT="51" WIDTH="51" VPOS="3086" HPOS="362"/>
<SP HEIGHT="51" WIDTH="26" VPOS="3086" HPOS="414"/>
<String CONTENT="Jan." HEIGHT="40" WIDTH="108" VPOS="3090" HPOS="441"/>
<SP HEIGHT="40" WIDTH="28" VPOS="3089" HPOS="550"/>
<String CONTENT="4," HEIGHT="47" WIDTH="41" VPOS="3089" HPOS="579"/>
<SP HEIGHT="46" WIDTH="26" VPOS="3090" HPOS="621"/>
<String CONTENT="1935;" HEIGHT="48" WIDTH="139" VPOS="3088" HPOS="648"/>
<SP HEIGHT="48" WIDTH="28" VPOS="3088" HPOS="788"/>
<String CONTENT="2c." HEIGHT="41" WIDTH="66" VPOS="3088" HPOS="817"/>
<SP HEIGHT="37" WIDTH="28" VPOS="3090" HPOS="884"/>
<String CONTENT="Feb." HEIGHT="39" WIDTH="109" VPOS="3090" HPOS="913"/>
<SP HEIGHT="37" WIDTH="27" VPOS="3092" HPOS="1023"/>
<String CONTENT="11;" HEIGHT="45" WIDTH="81" VPOS="3091" HPOS="1051"/>
<SP HEIGHT="36" WIDTH="29" VPOS="3100" HPOS="1133"/>
<String CONTENT="aff." HEIGHT="41" WIDTH="81" VPOS="3089" HPOS="1163"/>
<SP HEIGHT="37" WIDTH="29" VPOS="3090" HPOS="1245"/>
<String CONTENT="Feb." HEIGHT="40" WIDTH="109" VPOS="3090" HPOS="1275"/>
<SP HEIGHT="39" WIDTH="26" VPOS="3091" HPOS="1385"/>
<String CONTENT="13;" HEIGHT="46" WIDTH="82" VPOS="3090" HPOS="1412"/>
<SP HEIGHT="46" WIDTH="28" VPOS="3090" HPOS="1495"/>
<!-- cceid 856BB3CF-6D82-1014-B070-FDFD250A9EDA --><String CONTENT="A" HEIGHT="39" WIDTH="41" VPOS="3090" HPOS="1524"/>
<SP HEIGHT="40" WIDTH="25" VPOS="3090" HPOS="1566"/>
<String CONTENT="79617;" HEIGHT="47" WIDTH="170" VPOS="3089" HPOS="1592"/>
<SP HEIGHT="46" WIDTH="32" VPOS="3090" HPOS="1763"/>
<String CONTENT="Ginn" HEIGHT="40" WIDTH="125" VPOS="3090" HPOS="1796"/>
<SP HEIGHT="40" WIDTH="28" VPOS="3091" HPOS="1922"/>
<String CONTENT="&amp;" HEIGHT="40" WIDTH="35" VPOS="3091" HPOS="1951"/>
<SP HEIGHT="40" WIDTH="26" VPOS="3091" HPOS="1987"/>
<String CONTENT="co." HEIGHT="30" WIDTH="66" VPOS="3101" HPOS="2014"/>
</TextLine>
<TextLine HEIGHT="49" WIDTH="249" VPOS="3146" HPOS="439">
<String CONTENT="(35-2859)" HEIGHT="49" WIDTH="249" VPOS="3146" HPOS="439"/>
</TextLine>
<TextLine HEIGHT="65" WIDTH="852" VPOS="3221" HPOS="356" STYLEREFS="StyleId-98ABF195-5E97-4089-9A26-430888E41215-">
<String CONTENT="Henderson," HEIGHT="63" WIDTH="363" VPOS="3223" HPOS="356"/>
<SP HEIGHT="64" WIDTH="28" VPOS="3222" HPOS="720"/>
<String CONTENT="George" HEIGHT="64" WIDTH="226" VPOS="3222" HPOS="749"/>
<SP HEIGHT="54" WIDTH="26" VPOS="3223" HPOS="976"/>
<String CONTENT="Wylie." HEIGHT="65" WIDTH="205" VPOS="3221" HPOS="1003"/>
</TextLine>
<TextLine HEIGHT="70" WIDTH="1917" VPOS="3297" HPOS="429" STYLEREFS="StyleId-1297C391-B3C5-4DEF-879D-33FE932ADD70-">
<String CONTENT="Ollie" HEIGHT="54" WIDTH="152" VPOS="3298" HPOS="429"/>
<SP HEIGHT="52" WIDTH="30" VPOS="3298" HPOS="582"/>
<String CONTENT="Miss," HEIGHT="66" WIDTH="159" VPOS="3297" HPOS="613"/>
<SP HEIGHT="48" WIDTH="31" VPOS="3315" HPOS="773"/>
<String CONTENT="a" HEIGHT="34" WIDTH="32" VPOS="3315" HPOS="805"/>
<SP HEIGHT="34" WIDTH="30" VPOS="3315" HPOS="838"/>
<String CONTENT="novel" HEIGHT="50" WIDTH="166" VPOS="3300" HPOS="869"/>
<SP HEIGHT="51" WIDTH="29" VPOS="3299" HPOS="1036"/>
<String CONTENT="by" HEIGHT="67" WIDTH="75" VPOS="3299" HPOS="1066"/>
<SP HEIGHT="68" WIDTH="30" VPOS="3298" HPOS="1142"/>
<String CONTENT="George" HEIGHT="69" WIDTH="221" VPOS="3298" HPOS="1173"/>
<SP HEIGHT="53" WIDTH="30" VPOS="3300" HPOS="1395"/>
<String CONTENT="Wylie" HEIGHT="67" WIDTH="190" VPOS="3300" HPOS="1426"/>
<SP HEIGHT="52" WIDTH="28" VPOS="3300" HPOS="1617"/>
<String CONTENT="Henderson;" HEIGHT="66" WIDTH="366" VPOS="3300" HPOS="1646"/>
<SP HEIGHT="67" WIDTH="35" VPOS="3299" HPOS="2013"/>
<String CONTENT="blocks" HEIGHT="53" WIDTH="192" VPOS="3299" HPOS="2049"/>
<SP HEIGHT="52" WIDTH="30" VPOS="3300" HPOS="2242"/>
<String CONTENT="by" HEIGHT="67" WIDTH="73" VPOS="3300" HPOS="2273"/>
</TextLine>
<TextLine HEIGHT="144" WIDTH="1961" VPOS="3375" HPOS="361" STYLEREFS="StyleId-1297C391-B3C5-4DEF-879D-33FE932ADD70-" CS="1">
<String CONTENT="Lowell" HEIGHT="52" WIDTH="209" VPOS="3376" HPOS="362"/>
<SP HEIGHT="50" WIDTH="26" VPOS="3376" HPOS="572"/>
<String CONTENT="Leroy" HEIGHT="66" WIDTH="185" VPOS="3376" HPOS="599"/>
<SP HEIGHT="67" WIDTH="27" VPOS="3375" HPOS="785"/>
<String CONTENT="Balcolm." HEIGHT="52" WIDTH="272" VPOS="3375" HPOS="813"/>
<SP HEIGHT="51" WIDTH="73" VPOS="3376" HPOS="1086"/>
<String CONTENT="New" HEIGHT="51" WIDTH="138" VPOS="3376" HPOS="1160"/>
<SP HEIGHT="51" WIDTH="28" VPOS="3377" HPOS="1299"/>
<String CONTENT="York," HEIGHT="67" WIDTH="179" VPOS="3376" HPOS="1328"/>
<SP HEIGHT="65" WIDTH="26" VPOS="3378" HPOS="1508"/>
<String CONTENT="Frederick" HEIGHT="53" WIDTH="308" VPOS="3376" HPOS="1535"/>
<SP HEIGHT="51" WIDTH="24" VPOS="3377" HPOS="1844"/>
<String CONTENT="A." HEIGHT="54" WIDTH="71" VPOS="3377" HPOS="1869"/>
<SP HEIGHT="55" WIDTH="32" VPOS="3376" HPOS="1941"/>
<String CONTENT="Stokes" HEIGHT="55" WIDTH="200" VPOS="3376" HPOS="1974"/>
<SP HEIGHT="36" WIDTH="25" VPOS="3396" HPOS="2175"/>
<String CONTENT="company," HEIGHT="125" WIDTH="1961" VPOS="3394" HPOS="361"/>
<SP HEIGHT="62" WIDTH="33" VPOS="3457" HPOS="530"/>
<String CONTENT="1935." HEIGHT="49" WIDTH="148" VPOS="3455" HPOS="564"/>
</TextLine>
<TextLine HEIGHT="50" WIDTH="1264" VPOS="3524" HPOS="428" CS="1">
<String CONTENT="4" HEIGHT="37" WIDTH="27" VPOS="3527" HPOS="428"/>
<SP HEIGHT="46" WIDTH="25" VPOS="3527" HPOS="456"/>
<String CONTENT="p." HEIGHT="37" WIDTH="41" VPOS="3536" HPOS="482"/>
<SP/>
<String CS="1" CONTENT="l.," HEIGHT="12" WIDTH="8" VPOS="3557" HPOS="586"/>
<SP HEIGHT="43" WIDTH="25" VPOS="3526" HPOS="595"/>
<String CONTENT="276" HEIGHT="41" WIDTH="87" VPOS="3525" HPOS="621"/>
<SP HEIGHT="47" WIDTH="23" VPOS="3525" HPOS="709"/>
<String CONTENT="p." HEIGHT="37" WIDTH="43" VPOS="3535" HPOS="733"/>
<SP HEIGHT="39" WIDTH="25" VPOS="3525" HPOS="777"/>
<String CONTENT="incl." HEIGHT="41" WIDTH="108" VPOS="3525" HPOS="803"/>
<SP HEIGHT="40" WIDTH="26" VPOS="3526" HPOS="912"/>
<String CONTENT="illus.," HEIGHT="48" WIDTH="143" VPOS="3526" HPOS="939"/>
<SP HEIGHT="37" WIDTH="26" VPOS="3537" HPOS="1083"/>
<String CONTENT="plates," HEIGHT="47" WIDTH="168" VPOS="3526" HPOS="1110"/>
<SP HEIGHT="41" WIDTH="58" VPOS="3524" HPOS="1279"/>
<String CONTENT="front." HEIGHT="42" WIDTH="149" VPOS="3524" HPOS="1338"/>
<SP HEIGHT="41" WIDTH="58" VPOS="3525" HPOS="1488"/>
<String CS="1" CONTENT="21&#189;" HEIGHT="40" WIDTH="53" VPOS="3525" HPOS="1547"/>
<String STYLE="superscript" CONTENT="cm" HEIGHT="21" WIDTH="44" VPOS="3528" HPOS="1635"/>
<String CONTENT="." HEIGHT="9" WIDTH="8" VPOS="3557" HPOS="1684"/>
</TextLine>
<TextLine HEIGHT="51" WIDTH="1984" VPOS="3577" HPOS="359">
<String CONTENT="&#169;" HEIGHT="51" WIDTH="51" VPOS="3577" HPOS="359"/>
<SP HEIGHT="51" WIDTH="29" VPOS="3577" HPOS="411"/>
<String CONTENT="Feb." HEIGHT="39" WIDTH="109" VPOS="3582" HPOS="441"/>
<SP HEIGHT="38" WIDTH="27" VPOS="3582" HPOS="551"/>
<String CONTENT="21," HEIGHT="46" WIDTH="70" VPOS="3582" HPOS="579"/>
<SP HEIGHT="45" WIDTH="26" VPOS="3583" HPOS="650"/>
<String CONTENT="1935;" HEIGHT="47" WIDTH="140" VPOS="3581" HPOS="677"/>
<SP HEIGHT="47" WIDTH="28" VPOS="3581" HPOS="818"/>
<String CONTENT="2c." HEIGHT="39" WIDTH="66" VPOS="3581" HPOS="847"/>
<SP HEIGHT="28" WIDTH="28" VPOS="3592" HPOS="914"/>
<String CONTENT="and" HEIGHT="38" WIDTH="95" VPOS="3583" HPOS="943"/>
<SP HEIGHT="39" WIDTH="27" VPOS="3583" HPOS="1039"/>
<String CONTENT="aff." HEIGHT="40" WIDTH="79" VPOS="3582" HPOS="1067"/>
<SP HEIGHT="37" WIDTH="29" VPOS="3583" HPOS="1147"/>
<String CONTENT="Feb." HEIGHT="39" WIDTH="110" VPOS="3583" HPOS="1177"/>
<SP HEIGHT="40" WIDTH="27" VPOS="3582" HPOS="1288"/>
<String CONTENT="27;" HEIGHT="46" WIDTH="82" VPOS="3582" HPOS="1316"/>
<SP HEIGHT="44" WIDTH="30" VPOS="3584" HPOS="1399"/>
<!-- cceid 856C7229-6D82-1014-B070-FDFD250A9EDA --><String CONTENT="A" HEIGHT="37" WIDTH="40" VPOS="3584" HPOS="1430"/>
<SP HEIGHT="39" WIDTH="27" VPOS="3583" HPOS="1471"/>
<String CONTENT="80620:" HEIGHT="42" WIDTH="169" VPOS="3583" HPOS="1499"/>
<SP HEIGHT="42" WIDTH="33" VPOS="3583" HPOS="1669"/>
<String CONTENT="Frederick" HEIGHT="40" WIDTH="260" VPOS="3583" HPOS="1703"/>
<SP HEIGHT="38" WIDTH="26" VPOS="3584" HPOS="1964"/>
<String CONTENT="A." HEIGHT="38" WIDTH="52" VPOS="3584" HPOS="1991"/>
<SP HEIGHT="40" WIDTH="33" VPOS="3583" HPOS="2044"/>
<String CONTENT="Stokes" HEIGHT="40" WIDTH="170" VPOS="3583" HPOS="2078"/>
<SP HEIGHT="28" WIDTH="29" VPOS="3595" HPOS="2249"/>
<String CONTENT="co." HEIGHT="30" WIDTH="64" VPOS="3593" HPOS="2279"/>
</TextLine>
<TextLine HEIGHT="48" WIDTH="250" VPOS="3637" HPOS="436">
<String CONTENT="(35-2970)" HEIGHT="48" WIDTH="250" VPOS="3637" HPOS="436"/>
</TextLine>
<TextLine HEIGHT="65" WIDTH="794" VPOS="3713" HPOS="379" STYLEREFS="StyleId-98ABF195-5E97-4089-9A26-430888E41215-" CS="1">
<String CS="1" CONTENT="[Herrmann," HEIGHT="63" WIDTH="353" VPOS="3714" HPOS="379"/>
<SP HEIGHT="64" WIDTH="28" VPOS="3713" HPOS="733"/>
<String CS="1" CONTENT="Lazar]" HEIGHT="51" WIDTH="189" VPOS="3713" HPOS="762"/>
<SP HEIGHT="60" WIDTH="35" VPOS="3718" HPOS="969"/>
<String CONTENT="1896-" HEIGHT="49" WIDTH="168" VPOS="3718" HPOS="1005"/>
</TextLine>
<TextLine HEIGHT="72" WIDTH="1915" VPOS="3787" HPOS="427" STYLEREFS="StyleId-1297C391-B3C5-4DEF-879D-33FE932ADD70-" CS="1">
<String CONTENT="Land" HEIGHT="51" WIDTH="163" VPOS="3789" HPOS="427"/>
<SP HEIGHT="51" WIDTH="40" VPOS="3789" HPOS="591"/>
<String CONTENT="of" HEIGHT="51" WIDTH="64" VPOS="3788" HPOS="632"/>
<SP HEIGHT="67" WIDTH="36" VPOS="3788" HPOS="697"/>
<String CONTENT="promise," HEIGHT="68" WIDTH="263" VPOS="3787" HPOS="734"/>
<SP HEIGHT="67" WIDTH="37" VPOS="3788" HPOS="998"/>
<String CONTENT="by" HEIGHT="68" WIDTH="75" VPOS="3788" HPOS="1036"/>
<SP HEIGHT="65" WIDTH="37" VPOS="3791" HPOS="1112"/>
<String CONTENT="Leo" HEIGHT="52" WIDTH="112" VPOS="3791" HPOS="1150"/>
<SP HEIGHT="52" WIDTH="40" VPOS="3791" HPOS="1263"/>
<String CONTENT="Lania" HEIGHT="52" WIDTH="181" VPOS="3791" HPOS="1304"/>
<SP HEIGHT="46" WIDTH="46" VPOS="3810" HPOS="1486"/>
<String CS="1" CONTENT="[pseud.]" HEIGHT="66" WIDTH="213" VPOS="3792" HPOS="1550"/>
<SP HEIGHT="62" WIDTH="44" VPOS="3795" HPOS="1764"/>
<String CONTENT="translated" HEIGHT="52" WIDTH="314" VPOS="3791" HPOS="1809"/>
<SP HEIGHT="52" WIDTH="35" VPOS="3791" HPOS="2124"/>
<String CONTENT="by" HEIGHT="68" WIDTH="75" VPOS="3791" HPOS="2160"/>
<SP HEIGHT="68" WIDTH="37" VPOS="3791" HPOS="2236"/>
<String CONTENT="R." HEIGHT="52" WIDTH="68" VPOS="3791" HPOS="2274"/>
</TextLine>
<TextLine HEIGHT="71" WIDTH="1682" VPOS="3865" HPOS="357" STYLEREFS="StyleId-1297C391-B3C5-4DEF-879D-33FE932ADD70-">
<String CONTENT="Henry." HEIGHT="66" WIDTH="215" VPOS="3866" HPOS="357"/>
<SP HEIGHT="53" WIDTH="76" VPOS="3865" HPOS="573"/>
<String CONTENT="New" HEIGHT="53" WIDTH="137" VPOS="3865" HPOS="650"/>
<SP HEIGHT="51" WIDTH="36" VPOS="3865" HPOS="788"/>
<String CONTENT="York," HEIGHT="66" WIDTH="179" VPOS="3865" HPOS="825"/>
<SP HEIGHT="64" WIDTH="32" VPOS="3867" HPOS="1005"/>
<String CONTENT="The" HEIGHT="53" WIDTH="121" VPOS="3866" HPOS="1038"/>
<SP HEIGHT="51" WIDTH="31" VPOS="3868" HPOS="1160"/>
<String CONTENT="Macmillan" HEIGHT="53" WIDTH="332" VPOS="3867" HPOS="1192"/>
<SP HEIGHT="34" WIDTH="33" VPOS="3887" HPOS="1525"/>
<String CONTENT="company," HEIGHT="50" WIDTH="296" VPOS="3886" HPOS="1559"/>
<SP HEIGHT="64" WIDTH="35" VPOS="3871" HPOS="1856"/>
<String CONTENT="1935." HEIGHT="49" WIDTH="147" VPOS="3870" HPOS="1892"/>
</TextLine>
<TextLine HEIGHT="48" WIDTH="650" VPOS="3938" HPOS="428" CS="1">
<String CONTENT="5" HEIGHT="38" WIDTH="27" VPOS="3939" HPOS="428"/>
<SP HEIGHT="46" WIDTH="27" VPOS="3939" HPOS="456"/>
<String CONTENT="p." HEIGHT="36" WIDTH="42" VPOS="3949" HPOS="484"/>
<SP/>
<String CS="1" CONTENT="l.," HEIGHT="14" WIDTH="9" VPOS="3969" HPOS="591"/>
<SP HEIGHT="44" WIDTH="27" VPOS="3939" HPOS="601"/>
<String CONTENT="13-399" HEIGHT="40" WIDTH="174" VPOS="3938" HPOS="629"/>
<SP HEIGHT="48" WIDTH="25" VPOS="3938" HPOS="804"/>
<String CONTENT="p." HEIGHT="37" WIDTH="42" VPOS="3949" HPOS="830"/>
<SP HEIGHT="40" WIDTH="57" VPOS="3938" HPOS="873"/>
<String CS="1" CONTENT="20&#189;" HEIGHT="40" WIDTH="57" VPOS="3938" HPOS="931"/>
<String STYLE="superscript" CONTENT="cm" HEIGHT="21" WIDTH="43" VPOS="3940" HPOS="1020"/>
<String CONTENT="." HEIGHT="9" WIDTH="9" VPOS="3969" HPOS="1069"/>
</TextLine>
<TextLine HEIGHT="54" WIDTH="1709" VPOS="3989" HPOS="360">
<String CONTENT="&#169;" HEIGHT="51" WIDTH="51" VPOS="3989" HPOS="360"/>
<SP HEIGHT="51" WIDTH="28" VPOS="3989" HPOS="412"/>
<String CONTENT="Jan." HEIGHT="39" WIDTH="106" VPOS="3994" HPOS="441"/>
<SP HEIGHT="37" WIDTH="29" VPOS="3995" HPOS="548"/>
<String CONTENT="15," HEIGHT="44" WIDTH="68" VPOS="3995" HPOS="578"/>
<SP HEIGHT="44" WIDTH="27" VPOS="3995" HPOS="647"/>
<String CONTENT="1935;" HEIGHT="49" WIDTH="141" VPOS="3992" HPOS="675"/>
<SP HEIGHT="46" WIDTH="26" VPOS="3995" HPOS="817"/>
<String CONTENT="2c." HEIGHT="38" WIDTH="67" VPOS="3995" HPOS="844"/>
<SP HEIGHT="29" WIDTH="28" VPOS="4005" HPOS="912"/>
<String CONTENT="and" HEIGHT="38" WIDTH="95" VPOS="3996" HPOS="941"/>
<SP HEIGHT="38" WIDTH="26" VPOS="3996" HPOS="1037"/>
<String CONTENT="aff." HEIGHT="39" WIDTH="80" VPOS="3995" HPOS="1064"/>
<SP HEIGHT="38" WIDTH="29" VPOS="3996" HPOS="1145"/>
<String CONTENT="Jan." HEIGHT="39" WIDTH="109" VPOS="3996" HPOS="1175"/>
<SP HEIGHT="38" WIDTH="27" VPOS="3997" HPOS="1285"/>
<String CONTENT="16;" HEIGHT="46" WIDTH="81" VPOS="3996" HPOS="1313"/>
<SP HEIGHT="45" WIDTH="29" VPOS="3997" HPOS="1395"/>
<!-- cceid 856D3390-6D82-1014-B070-FDFD250A9EDA --><String CONTENT="A" HEIGHT="38" WIDTH="42" VPOS="3997" HPOS="1425"/>
<SP HEIGHT="39" WIDTH="25" VPOS="3997" HPOS="1468"/>
<String CONTENT="79205;" HEIGHT="48" WIDTH="169" VPOS="3995" HPOS="1494"/>
<SP HEIGHT="45" WIDTH="30" VPOS="3998" HPOS="1664"/>
<String CONTENT="Macmillan" HEIGHT="40" WIDTH="280" VPOS="3997" HPOS="1695"/>
<SP HEIGHT="29" WIDTH="26" VPOS="4007" HPOS="1976"/>
<String CONTENT="co." HEIGHT="29" WIDTH="66" VPOS="4007" HPOS="2003"/>
</TextLine>
<TextLine HEIGHT="49" WIDTH="248" VPOS="4049" HPOS="435">
<String CONTENT="(35-2973)" HEIGHT="49" WIDTH="248" VPOS="4049" HPOS="435"/>
</TextLine>
</TextBlock>
</PrintSpace>
</Page>
</Layout>
</alto>