2424 4375
1000 4051 133 49 1313

82 444 263 67 Adamic,
370 445 197 64 Louis,
597 450 171 50 1899-

152 523 198 65 Lucas,
376 521 141 68 king
543 521 63 54 of
631 522 95 51 the
753 524 259 64 Balucas,
1035 521 76 66 by
1134 519 173 54 Louis
1333 521 259 53 Adamic.
1666 522 112 50 Los
1804 522 264 65 Angeles.

86 598 191 68 Calif.,
304 600 70 52 A.
404 599 290 68 Whipple,
726 603 147 49 1935.

153 670 748 51 22, [1] p., 1 l. illus. 18½cm.
156 726 1856 49 “Three hundred and fifty copies made … Woodcuts by Eizzil …”
85 795 52 53 ©
165 800 120 39 Mar.
314 799 68 46 30,
413 798 139 47 1935;
583 799 66 40 2c.
680 800 96 39 and
804 798 80 40 aff.
916 799 124 47 Sept.
1069 798 82 47 17;
1183 798 43 39 A
1254 796 169 48 86326;
1455 797 50 40 L.
1535 795 216 50 Adamic,
1780 798 117 39 New
1927 798 144 38 York.

161 854 278 50 (35-17944)

78 957 306 64 Andrews,
413 959 198 52 Frank
640 959 304 63 Emerson,
978 963 170 50 1902-

152 1034 139 53 New
326 1035 292 66 numbers;
660 1036 128 52 how
826 1039 328 63 acceptance
1194 1034 62 53 of
1295 1053 31 33 a
1364 1033 354 53 duodecimal
1770 1033 121 67 (12)
1940 1034 130 52 base

86 1113 186 51 would
305 1111 266 70 simplify
604 1112 408 68 mathematics,
1045 1112 76 68 by
1152 1112 68 52 F.
1255 1112 274 52 Emerson
1565 1110 296 54 Andrews.
1932 1112 161 56 New,

85 1190 1395 68 York, Harcourt, Brace and company [ c 1935]
152 1269 84 41 168
265 1281 43 37 p.
368 1268 127 41 illus.
555 1267 55 41 2l
615 1271 43 21 cm
661 1301 9 8 .

156 1324 271 51 “Complete
467 1326 378 48 multiplication
884 1326 143 47 table,
1069 1326 114 41 base
1225 1326 52 41 of
1317 1325 81 40 12”
1440 1326 50 39 in
1530 1326 171 49 pocket
1740 1328 229 41 mounted
2010 1338 57 30 on

82 1383 334 50 lining-paper.

154 1441 159 41 “First
344 1440 227 42 edition.”

154 1497 67 40 “A
249 1498 82 40 list
360 1498 52 41 of
441 1496 327 42 references”:
799 1509 42 37 p.
872 1494 215 43 143-146.

86 1565 51 53 ©
166 1569 126 47 Sept.
320 1567 67 48 19,
416 1568 139 42 1935;
585 1567 66 40 2c.
681 1568 95 39 and
805 1566 80 41 aff.
915 1566 126 48 Sept.
1069 1566 82 47 23;
1181 1566 40 39 A
1250 1566 169 47 87146;
1451 1567 259 47 Harcourt,
1742 1568 153 39 Brace
1925 1568 36 39 &
1988 1578 82 35 co.,

154 1626 90 39 inc.
314 1624 278 48 (35-18068)

81 1726 256 65 Bertelli,
366 1726 191 65 Luigi,
588 1731 323 50 1858-1920.

153 1804 120 52 The
307 1820 254 51 emperor
595 1802 63 54 of
691 1803 96 52 the
822 1807 141 62 ants,
997 1802 76 68 by
1104 1801 223 55 Yamba
1372 1800 199 70 (Luigi
1605 1801 266 69 Bertelli)
86 1803 1960 131 Authorized
388 1880 341 54 translation

775 1880 76 68 by
896 1879 201 53 Nicola
1147 1880 58 52 di
1253 1879 224 67 Pietro;
1531 1883 99 49 120
1675 1881 395 53 illustrations.

84 1958 136 54 New
248 1958 178 68 York,
454 1958 247 53 Thomas
730 1957 71 53 Y.
831 1957 242 56 Crowell
1102 1975 279 51 company
1454 1961 152 64 [c1935]

152 2038 80 48 vii,
260 2036 98 49 239,
391 2037 53 52 [1]
473 2049 44 37 p.
574 2037 85 41 col.
686 2037 164 47 front.,
879 2036 128 40 illus.
1066 2035 57 41 21½
1156 2038 44 21 cm
1203 2068 9 8 .

87 2105 51 53 ©
164 2109 125 48 Sept.
315 2109 39 47 6,
381 2108 139 46 1935;
548 2107 66 40 2c.
645 2107 126 48 Sept.
799 2107 80 46 11;
908 2106 80 40 aff.
1021 2107 124 48 Sept.
1173 2107 82 47 10;
1280 2107 42 39 A
1348 2107 169 47 86256;
1548 2108 211 41 Thomas
1784 2109 53 39 Y.
1865 2109 204 41 Crowell

154 2176 66 30 co.
290 2164 278 50 (35-18069)

83 2266 347 65 Blanchard,
460 2265 333 56 Ferdinand
823 2265 244 65 Quincy,
1098 2268 171 53 1876-

152 2345 149 53 How
330 2364 103 34 one
459 2362 133 35 man
621 2345 255 67 changed
903 2344 95 52 the
1027 2345 207 67 world;
1267 2363 31 33 a
1328 2349 157 63 story
1513 2346 123 52 told
1667 2345 96 53 for
1788 2345 138 69 boys
1957 2347 110 52 and

87 2421 154 70 girls,
275 2421 140 54 with
450 2423 286 67 questions
772 2423 111 53 and
919 2421 181 68 topics
1137 2422 93 52 for
1265 2424 172 66 study
1494 2423 93 68 [by]
1629 2423 334 54 Ferdinand
2000 2425 66 63 Q.

87 2501 338 53 Blanchard.
501 2503 232 61 Boston,
768 2501 267 68 Chicago,
1068 2502 121 52 The
1220 2501 248 69 Pilgrim
1500 2520 155 49 press
1695 2507 170 64 [1935]

154 2581 63 47 xi,
250 2580 84 41 119
366 2590 44 37 p.
467 2579 149 41 front.
677 2579 57 40 20½
764 2582 44 21 cm
813 2610 8 8 .

158 2637 143 40 “New
331 2638 94 39 and
455 2638 226 46 enlarged
711 2636 194 47 edition,
936 2636 157 40 1935.”

157 2694 185 40 “Books
369 2694 78 40 for
473 2694 195 40 further
695 2693 226 48 reading”:
978 2704 42 36 p.
1051 2693 97 41 119.

88 2759 52 53 ©
174 2764 125 48 Sept.
332 2765 69 46 13,
434 2763 139 47 1935;
610 2764 67 40 2c.
716 2764 127 47 Sept.
873 2763 54 40 23;
991 2764 82 39 aff.
1112 2764 126 47 Sept.
1273 2763 81 47 21;
1392 2764 40 39 A
1468 2764 140 41 87142;
1676 2765 178 48 Sidney
1889 2766 180 39 Adams

154 2821 208 47 Weston,
393 2822 195 39 Boston.
659 2820 277 48 (35-17927)

86 2920 303 68 Blanding,
420 2925 146 62 Don,
601 2927 168 50 1894-

155 2998 255 70 Memory
449 3016 173 51 room,
661 2998 75 68 by
777 2998 128 53 Don
945 2995 321 70 Blanding;
1309 2997 377 54 illustrations
1727 2997 74 68 by
1840 3000 93 52 the

87 3017 1956 112 author.
301 3076 136 52 New
472 3075 176 66 York,
682 3074 187 66 Dodd,
901 3074 168 53 Mead
1103 3076 45 49 &
1181 3092 293 51 company,
1512 3078 149 49 1935.

155 3153 85 40 126
264 3164 43 37 p.
334 3154 109 41 incl.
469 3154 162 48 front.,
662 3153 127 41 illus.
849 3153 54 41 19½
935 3155 44 22 cm
984 3185 9 9 .

157 3210 281 41 Illustrated
469 3211 363 47 lining-papers.

155 3266 181 41 Poems.

92 3334 51 53 ©
166 3340 124 48 Sept.
312 3340 228 48 18,1935;
566 3340 65 40 2c.
659 3341 124 47 Sept.
808 3339 52 40 23;
916 3338 80 41 aff.
1026 3339 126 48 Sept.
1176 3338 82 48 21;
1284 3339 40 39 A
1348 3339 169 48 87174;
1543 3340 57 40 D.
1621 3341 256 49 Blanding,

157 3342 1894 103 Hollywood,
334 3397 143 41 Calif.
547 3397 278 48 (35-17813)

91 3493 387 70 Blumenthal,
509 3498 226 63 Albert,
765 3500 170 49 1902-

160 3574 118 53 The
313 3577 158 66 place
510 3575 62 53 of
608 3575 95 52 the
741 3580 145 47 term
924 3573 287 54 “culture”
1248 3573 60 53 in
1351 3575 97 52 the
1486 3576 172 54 social
1696 3578 256 68 sciences,
1993 3580 74 68 by

93 3650 197 53 Albert
339 3653 385 64 Blumenthal,
862 3693 9 10 PH.
964 3695 9 9 D.
1060 3653 290 64 Hanover,
1400 3654 68 51 N.
1520 3655 95 66 H.,
1667 3655 401 70 Minneapolis.,

94 3728 174 53 Minn.
319 3735 118 61 [etc.]
470 3731 120 52 The
619 3729 372 67 Sociological
1019 3748 173 49 press,
1222 3733 149 50 1935.

162 3807 24 38 3
211 3818 43 35 p.
316 3839 7 13 l.,
352 3806 116 40 9-65
489 3818 42 36 p.
585 3807 54 39 23
644 3809 43 20 cm
692 3837 8 8 .

161 3862 404 48 Bibliographical
597 3862 274 40 foot-notes.

98 3926 49 52 ©
174 3931 120 40 June
321 3933 38 46 5,
387 3931 139 47 1935;
557 3931 67 39 2c.
652 3931 95 39 and
775 3929 81 41 aff.
884 3930 130 41 June
1037 3929 84 48 21;
1150 3931 44 39 A
1221 3931 170 48 84366;
1422 3933 53 40 A.
1506 3934 325 50 Blumenthal,
160 3939 1895 96 Philipsburg,

319 3989 147 39 Mont.
535 3986 277 49 (35-18060)
