2424 4375
1189 4091 98 49 998

331 533 1922 53 109, [7] p. diagrs. 22 ½cm . (Schriften des Osteuropa-institutes· in
330 591 219 46 Breslau,
579 590 92 40 hft.
737 592 13 46 1)

261 656 53 53 ©
345 662 127 39 June
503 660 69 48 30,
606 660 116 41 1934;
841 692 7 8 1c.
881 662 119 47 Aug.
1030 660 56 41 24;
1147 663 102 38 A-
1251 662 204 49 Foreign
1492 662 144 42 25584;
1699 665 277 40 Ferdinand
2010 664 129 42 Hirt.

262 778 305 66 Scoggins,
598 779 246 54 Charles
869 779 221 64 Elbert,
1124 786 168 50 1888-

259 855 1965 147 The house of dawn, by C. E. Scoggins … New York, London,
424 934 71 53 D.
531 933 578 70 Appleton-Century
1144 952 297 52 company,
1474 937 418 68 incorporated,
1929 940 149 52 1935.

330 1008 26 41 3
385 1018 41 39 p.
457 1008 44 47 l.,
529 1007 84 41 281
644 1017 42 39 p.
746 1007 116 41 20cm.

261 1061 53 53 ©
340 1066 116 47 July
479 1064 70 48 26,
577 1064 140 47 1935;
746 1064 66 41 2c.
841 1066 93 39 and
961 1065 82 39 aff.
1072 1066 116 47 July
1213 1065 55 40 27;
1326 1066 40 39 A
1393 1066 168 47 84749;
1595 1067 49 41 C.
1674 1069 49 38 E.
1754 1068 242 48 Scoggins,
2025 1069 225 48 Boulder,

326 1122 98 41 Col.
495 1121 279 48 (35-10850)

255 1223 242 55 Seattle.
571 1225 197 52 Board
800 1226 64 65 of
890 1225 315 53 education.

329 1300 322 56 Successful
697 1300 200 70 living.
981 1302 232 68 Seattle,
1257 1304 212 67 Wash.,
1518 1302 215 56 Seattle
1778 1303 193 69 public
2013 1303 235 66 schools,

257 1382 148 51 1935.

329 1452 970 50 6 p. l., 239 p. plates, diagrs. 23cm.
329 1510 41 39 A
407 1510 162 47 report
607 1509 51 40 of
695 1509 254 40 character
985 1508 218 50 building
1240 1508 259 51 activities,
1536 1511 235 47 prepared
1812 1510 59 48 by
1908 1520 25 30 a
1975 1510 271 41 committee

257 1567 51 40 of
341 1567 223 40 teachers
591 1565 52 40 of
675 1566 83 39 the
790 1567 183 40 Seattle
1005 1566 202 48 schools,
1241 1566 51 41 L.
1326 1567 60 40 M.
1418 1566 221 49 Higgins,
1671 1566 266 42 chairman.

328 1622 376 48 Bibliography:
740 1634 43 36 p.
821 1622 248 49 [202]-236.

257 1675 53 53 ©
333 1680 113 46 May
465 1677 70 48 22,
559 1679 139 46 1935;
721 1678 65 40 2c.
811 1679 125 39 June
960 1680 25 39 3;
1038 1678 81 40 aff.
1146 1680 114 46 May
1282 1679 82 47 29;
1391 1680 41 38 A
1454 1679 169 47 84050;
1654 1680 183 40 Seattle
1860 1679 159 49 public
2044 1681 201 39 schools.

336 1734 279 50 (35-10576)

258 1837 316 65 Slesinger,
605 1838 162 65 Tess,
798 1843 168 50 1905-

386 1913 1858 69 … Time: the present; a book of short stories. New York,
256 1992 197 56 Simon
487 1992 112 53 and
633 1990 269 57 Schuster
956 1995 174 64 [c1935]

326 2065 738 50 7 p. l., 3-376 p., 1 l. 21½cm.
327 2121 371 49 “Biographical
730 2121 167 43 note”:
930 2122 102 40 leaf
1063 2125 52 38 at
1147 2123 105 40 end.

328 2178 179 41 “Third
535 2177 260 50 printing.”

254 2231 54 54 ©
338 2237 113 47 May
479 2235 70 47 20,
579 2236 113 40 1935;
750 2235 66 41 2c.
850 2236 114 47 July
993 2234 55 40 29;
1109 2235 82 40 aff.
1223 2237 113 46 May
1369 2235 55 39 22;
1483 2236 41 38 A
1552 2236 142 40 84774;
1755 2238 52 38 T.
1840 2237 254 48 Slesinger,
2126 2237 115 39 New

321 2293 143 39 York.
535 2291 279 49 (35-10856)

251 2394 197 66 Small,
477 2396 209 54 Albert
712 2397 378 64 Armstrong,
1120 2398 169 54 1857-

322 2474 156 65 Man,
515 2472 269 67 whither;
824 2473 47 54 is
906 2472 45 54 it
985 2474 96 53 the
1117 2473 141 53 end?
1298 2492 63 34 or
1398 2493 31 33 a
1464 2473 278 53 dictator?
1784 2493 62 33 or
1883 2474 186 52 what?
2149 2477 87 65 By

253 2550 1986 70 Albert A. Small … [Indianapolis, The Meigs publishing co.,
251 2633 174 64 c1935]

324 2700 558 49 3 p. l., 9-64 p. 23cm.
253 2754 53 53 ©
331 2759 111 47 Apr.
467 2758 68 48 12,
562 2757 138 42 1935;
728 2758 67 39 2c.
820 2758 112 48 Apr.
957 2757 81 47 19;
1065 2757 82 40 aff.
1176 2759 114 46 Apr.
1316 2759 81 45 18;
1426 2759 41 38 A
1492 2756 169 47 81498;
1691 2758 54 39 A.
1770 2758 54 39 A.
1856 2758 162 46 Small,
320 2757 1901 106 Indianapolis.
557 2814 279 48 (35-10615)

251 2918 122 53 The
423 2919 218 54 Source
691 2918 172 66 book;
916 2937 69 33 an
1039 2916 406 56 international
1498 2917 391 68 encyclopedic
1945 2917 291 67 authority

321 2996 223 52 written
590 2995 151 52 from
780 2995 95 54 the
916 3014 121 34 new
1082 2996 179 52 world
1303 2994 325 67 viewpoint,
1668 2994 280 67 prepared
1989 2994 75 67 by
2104 3013 131 34 over

317 3077 113 48 two
463 3072 261 53 hundred
758 3072 334 54 authorities
1125 3073 57 52 in
1217 3072 97 53 the
1346 3072 160 53 fields
1541 3072 63 53 of
1636 3072 312 63 literature,
1982 3075 106 56 art,
2122 3071 108 52 and

317 3146 1814 70 science … Chicago, Source research council, inc., 1935.
318 3220 57 40 10
438 3252 8 8 v.
508 3220 125 41 illus.
663 3220 133 45 (incl.
826 3220 176 47 music)
1042 3221 156 48 plates
1227 3221 135 48 (part
1392 3221 100 47 col.,
1526 3224 111 45 part
1667 3220 196 46 double)
1904 3223 161 46 ports.,
2098 3231 135 38 maps

257 3277 135 48 (part
421 3278 195 42 double)
657 3278 167 41 tables,
857 3277 177 48 diagrs.
1093 3276 144 40 24½cm.

320 3334 156 48 Paged
510 3333 351 47 continuously.

251 3387 53 52 ©
339 3392 115 47 July
488 3392 39 45 1,
563 3390 139 46 1935;
739 3390 66 39 2c.
842 3391 116 39 each
994 3390 95 39 and
1125 3388 81 40 aff.
1242 3389 116 46 July
1396 3388 81 46 20;
1515 3389 41 38 A
1588 3388 169 46 84690;
1800 3388 176 41 Source
2011 3389 222 39 research

310 3448 199 45 council,
533 3447 89 40 inc.
690 3447 278 48 [Copyright
990 3446 41 40 is
1057 3446 202 39 claimed
1284 3455 60 28 on
1370 3444 251 48 revisions]
1679 3443 277 48 (35-10891)

253 3550 445 53 Southwestern
724 3553 268 60 reporter
1021 3551 101 63 (2d
1153 3550 144 62 ser.)

315 3628 351 65 Temporary
709 3626 180 54 South
930 3631 236 47 western
1207 3625 186 68 digest
1430 3626 62 52 of
1532 3626 248 53 volumes
1820 3625 186 65 76-80,
2049 3625 180 55 South

246 3702 1921 69 western reporter, Second series, with table of cases digested …
246 3781 90 63 By
370 3781 93 50 the
497 3780 335 60 publisher’s
867 3780 263 53 editorial
1166 3777 148 55 staff.
1388 3780 82 53 St.
1507 3782 164 62 Paul,
1704 3782 159 51 West
1897 3778 333 67 publishing

250 3875 78 35 co.
364 3890 190 33 [c1935]

317 3930 87 39 510
429 3941 42 36 p.
528 3930 115 38 24cm.

249 3981 53 53 ©
325 3987 113 47 July
460 3985 39 47 2,
523 3986 115 40 1935;
685 3985 64 40 2c.
773 3986 117 47 Aug.
918 3986 24 39 6;
996 3985 82 41 aff.
1102 3986 119 47 Aug.
1245 3985 25 39 5;
1324 3985 41 38 A
1387 3985 143 40 85354;
1582 3986 137 38 West
1738 3985 107 47 pub.
1871 3995 67 29 co.
