2424 4375
1058 4056 97 49 633

104 429 240 66 Adams,
374 430 204 54 James
603 429 279 65 Truslow,
916 430 170 54 1878-

175 507 1916 66 The record of America, by James Truslow Adams … and
108 583 1983 68 Charles Garrett Vannest … New York, Chicago [etc.] C.
107 662 308 56 Scribner’s
443 683 127 34 sons
603 697 12 33 [
621 670 17 21 c
645 665 131 50 1935
783 696 12 33 ]

174 733 1752 52 xxiv, 941 p. col. front., illus., col. plates, maps, cliagrs. 21 ½ cm .
177 806 188 41 “Books
390 809 50 38 to
464 806 144 40 read”
633 809 51 38 at
708 808 91 38 end
823 806 54 39 of
898 806 118 40 each
1043 805 140 48 topic.

105 874 52 53 ©
184 879 114 46 May
326 878 68 47 10,
421 876 116 42 1935
552 889 9 35 ;
589 876 67 42 2c.
683 878 95 39 and
806 876 81 40 aff.
916 877 113 47 May
1060 877 59 39 16
1133 887 9 36 ;
1174 877 41 38 A
1240 875 144 42 81839
1400 887 9 36 ;
1441 877 202 40 Charles
1673 874 264 42 Scribner's
1968 886 124 30 sons.

184 934 249 50 (35-7061)

106 1037 313 55 American
443 1038 111 53 law
581 1037 294 57 institute.

177 1116 385 52 Restatement
596 1116 64 52 of
694 1116 96 51 the
821 1116 107 52 law
961 1114 64 53 of
1059 1113 225 54 conflict
1318 1113 63 54 of
1416 1115 152 67 laws,
1604 1134 60 34 as
1699 1114 243 67 adopted
1981 1115 110 52 and

106 1190 1985 149 promulgated by the American law institute, containing Minnesota annotations, prepared by H. L. McClintock … under the
107 1348 253 68 auspices
407 1348 64 53 of
517 1349 93 52 the
657 1348 321 54 Minnesota
1027 1353 142 48 state
1217 1348 104 53 bar
1367 1346 352 55 association.
1798 1348 82 55 St.
1929 1350 163 64 Paul,

108 1426 303 54 American
440 1428 110 51 law
579 1425 259 55 institute
869 1426 335 68 publishers,
1235 1431 149 49 1935.

178 1512 61 50 vi,
271 1513 84 41 133
387 1524 43 37 p.
489 1512 55 41 23½
577 1515 44 21 cm
625 1544 10 9 .

108 1582 52 53 ©
183 1585 112 48 Apr.
320 1583 177 48 8,1935
513 1594 9 36 ;
547 1584 64 40 2c.
638 1586 94 38 and
755 1583 82 41 aff.
863 1585 112 47 May
1001 1584 54 40 13
1075 1594 9 36 ;
1110 1585 40 38 A
1174 1582 142 42 81792
1335 1594 9 36 ;
1370 1584 159 39 Amer.
1552 1585 94 38 law
1670 1582 241 47 institute,
176 1580 1901 110 Philadelphia.
454 1640 250 48 (35-7000)

178 1743 386 53 Restatement
591 1743 64 52 of
678 1745 96 52 the
798 1744 109 50 law
934 1742 63 53 of
1023 1748 298 61 contracts,
1349 1761 58 35 as
1435 1743 246 67 adopted
1708 1745 112 52 and
107 1742 1965 147 promulgated
303 1821 75 67 by
405 1821 93 52 the
524 1820 305 54 American
856 1822 108 51 law
991 1818 277 70 institute,
1295 1819 332 69 containing
1654 1821 441 53 Massachusetts

110 1898 1983 69 annotations, prepared by George K. Gardner … Morton C.
108 1975 1987 70 Jaquith … f and others] under the auspices of the Massachusetts
111 2053 1923 68 bar association and the Bar association of the city of Boston …
112 2132 82 55 St.
225 2134 164 62 Paul,
418 2132 305 54 American
753 2136 108 50 law
891 2132 259 54 institute
1181 2132 337 68 publishers,
1549 2137 150 49 1935.

181 2205 447 42 2 v. in l. 23½ cm .
182 2276 161 48 Paged
372 2275 339 48 continuously
728 2286 9 36 ;
768 2287 42 30 v.
839 2276 25 39 2
891 2277 89 39 has
1007 2274 269 41 cover-title
1304 2276 125 47 only.

111 2343 52 53 ©
185 2348 113 47 Apr.
321 2348 40 45 8,
385 2347 117 40 1935
516 2358 9 35 ;
549 2346 66 40 2c.
639 2348 96 38 and
758 2345 81 41 aff.
865 2347 112 47 May
1001 2346 54 40 13
1074 2357 9 36 ;
1112 2346 41 39 A
1178 2345 145 41 81790
1338 2356 9 36 ;
1372 2346 159 40 Amer.
1554 2347 95 38 law
1674 2345 241 46 institute,
181 2344 1899 108 Philadelphia.
459 2403 249 49 (35-7001)

115 2505 310 55 American
453 2506 326 64 petroleum
807 2505 296 59 institute.

181 2581 257 68 Drilling
475 2582 113 54 and
625 2582 340 67 production
1003 2582 266 68 practice,
1305 2584 152 50 1934.
1533 2581 322 67 Sponsored
1895 2582 70 66 by
2005 2582 94 52 the

113 2659 232 55 Central
381 2660 318 52 committèe
732 2678 72 35 on
837 2659 240 67 drilling
1112 2659 113 53 and
1259 2659 342 66 production
1635 2660 265 66 practice,
111 2660 1960 129 Division
262 2737 62 52 of
353 2735 358 68 production,
736 2736 305 53 American
1068 2737 315 64 petroleum
1409 2736 279 53 institute.
1751 2736 139 54 New
1920 2736 178 65 York,

114 2812 65 55 N.
212 2813 90 66 Y.,
329 2812 305 54 American
662 2813 315 66 petroleum
1001 2812 280 64 institute,
1310 2815 151 51 1935.

181 2884 88 41 200
298 2896 44 38 p.
403 2885 140 47 illus.,
578 2884 180 50 diagrs.
817 2885 55 40 27
875 2887 44 21 cm
923 2916 9 9 .

184 2940 145 40 “This
368 2940 189 42 volume
596 2941 222 41 contains
856 2950 177 40 papers
1070 2952 60 30 on
1169 2940 200 50 drilling
1408 2942 96 40 and
1543 2941 286 50 production
1871 2943 225 48 practice,

115 2997 206 41 selected
358 2997 60 48 by
456 2998 85 41 the
576 2997 232 49 Program
847 2996 271 43 committee
1158 2997 52 41 of
1245 2998 82 41 the
1366 2997 255 42 American
1659 2998 262 49 petroleum
115 3000 1962 94 institute’s
291 3052 197 43 Central
521 3054 273 41 committee
825 3064 59 31 on
917 3053 200 49 drilling
1148 3054 96 39 and
1275 3052 287 50 production
1595 3055 225 48 practice,
1855 3056 125 39 from
2018 3058 80 39 the

115 3120 171 38 papers
315 3109 242 42 delivered
587 3112 51 38 at
665 3109 219 41 national
914 3120 53 30 or
994 3109 195 41 district
1215 3110 234 49 meetings
1478 3109 53 42 of
1558 3112 80 40 the
1664 3112 219 39 Division
1918 3113 50 38 of

114 3126 1966 82 production
338 3166 177 49 during
541 3167 82 40 the
650 3176 117 39 year
795 3164 492 43 1934.”—Foreword.

187 3223 342 48 Bibliography
549 3233 9 28 :
610 3233 43 38 p.
708 3220 231 52 [183]-200
957 3232 9 31 :
1018 3232 129 30 some
1197 3222 50 39 of
1295 3224 81 39 the
1425 3234 174 38 papers
1648 3224 190 41 include
1887 3238 22 27 a
1964 3228 133 40 short

117 3279 345 50 bibliography.

118 3346 51 53 ©
205 3352 113 46 Apr.
355 3350 69 49 27,
464 3348 115 41 1935
594 3359 9 36 ;
643 3349 66 40 2c.
748 3348 95 40 and
881 3346 82 41 aff.
1006 3348 111 46 May
1156 3348 53 46 9;
1250 3349 40 38 A
1328 3348 169 47 81746;
1538 3350 256 41 American
1832 3353 267 47 petroleum

185 3407 236 41 institute.
491 3405 249 49 (35-7044)

119 3507 248 65 Babson,
393 3509 196 62 Roger
611 3506 196 64 Ward,
837 3507 169 54 1875-

249 3581 1846 74 … What about God? A business man’s philosophy, by
121 3662 183 68 Roger
334 3662 88 53 W.
458 3659 243 54 Babson.
775 3660 137 52 New
946 3660 162 52 York
1145 3665 136 62 [etc.]
1318 3658 265 71 Fleming
1613 3661 78 54 H.
1724 3664 196 51 Revell

122 3684 1949 123 company
305 3772 12 33 [
322 3746 18 21 c
345 3741 150 64 1935]

191 3813 56 38 54
295 3823 43 37 p.
397 3812 152 46 diagr.
609 3809 57 39 19½
696 3812 44 20 cm
744 3839 8 9 .
823 3808 139 47 (Earl
1012 3810 290 39 foundation
1351 3812 222 46 lectures,
1624 3811 243 42 delivered
1917 3816 53 37 at
2021 3817 80 40 the

123 3866 173 42 Pacific
322 3867 161 41 school
509 3866 54 40 of
587 3864 215 48 religion,
829 3865 246 47 Berkeley,
1106 3865 125 46 Cal.)

122 3932 51 53 ©
204 3939 118 38 Mar.
355 3937 39 47 2,
425 3936 140 48 1935;
599 3936 65 40 2c.
700 3935 95 40 and
827 3934 80 40 aff.
939 3936 120 38 Mar.
1092 3935 81 47 19;
1208 3936 41 38 A
1282 3935 141 42 81073
1441 3947 9 37 ;
1489 3937 219 51 Fleming
1741 3941 58 38 H.
1834 3941 166 39 Revell
2033 3953 67 29 co.

222 3993 200 37 (35-7079)
