2424 4375
1159 4097 132 49 1346

242 490 267 63 Manolis,
540 490 297 54 Nicholas.

313 577 1923 64 Στοιχειώδης ναυτική επιστήμη, ὑ πό Νικολαου Μα ν ωλ η … New
249 653 178 69 York,
465 655 63 51 Ό
569 655 228 64 Κόσμος,
833 657 147 50 1932.

310 728 97 48 150,
439 729 83 49 [10]
555 741 42 36 ρ.
656 728 178 49 diagrs.
891 729 55 40 23½cm.

317 785 127 43 Title
471 785 396 41 transliterated:
901 785 238 41 Stihiodis.
1163 785 182 41 naftiki
1375 784 227 50 epistimi.

247 837 53 54 ©
332 843 117 39 Nov.
515 874 8 15 6,
559 842 138 47 1933;
734 843 64 39 2c.
835 844 92 38 and
996 844 49 39 aff.
1079 844 115 39 Nov.
1232 844 80 44 15;
1350 844 37 38 A
1451 843 142 47 68295;
1631 844 54 39 N.
1722 842 220 47 Manolis,
1980 842 258 47 Brooklyn.

242 931 323 65 Mansfield,
594 933 78 54 M.
700 932 344 54 Katherine.

313 1006 1710 70 Beauty culture, its theory and practice … [by] Dr. M.
244 1004 1968 135 Katherine
426 1085 321 67 Mansfield,
778 1105 95 34 cii.
943 1089 232 65 Boston,
1209 1089 188 65 Mass.,
1430 1085 299 55 Mansfield
1765 1088 286 66 academy,
2086 1090 147 49 1935.

315 1155 476 50 ix, 104 p., 1 l. 21 cm.
315 1213 159 40 Blank
498 1212 102 41 leaf
623 1213 79 40 for
729 1213 203 41 “Notes”
959 1217 53 38 at
1038 1213 105 42 end.

247 1269 52 53 ©
331 1274 124 47 Sept.
487 1274 67 46 13,
585 1274 140 46 1935;
757 1274 66 39 2c.
855 1275 126 46 Sept.
1014 1274 79 46 18;
1123 1273 81 40 aff.
1239 1274 127 48 Sept.
1399 1275 78 43 17;
1512 1274 37 39 A
1581 1273 142 40 86370;
1785 1274 60 39 Μ.
1879 1273 57 40 K.
1969 1272 267 49 Mansfield,

313 1331 195 39 Boston.
579 1329 280 50 (35-17341)

237 1419 325 65 Mansfield,
589 1421 138 52 Mrs.
759 1420 224 52 Norma
1012 1419 279 56 Bicknell.

312 1496 141 52 Boss
483 1495 63 54 of
576 1496 96 53 the
702 1496 235 68 Ragged
973 1495 69 68 O,
1071 1496 74 69 by
1175 1497 216 52 Norma
1422 1495 259 54 Bicknell
1712 1494 329 67 Mansfield;
240 1495 1967 131 illustrated

465 1573 74 68 by
574 1574 161 53 Ruth
772 1571 176 70 King.
1014 1575 138 52 New
1194 1573 177 68 York,
1408 1574 215 53 Farrar
1661 1574 112 52 and
1812 1573 297 67 Rinehart,
242 1572 1963 147 incorporated
616 1682 193 36 [1935]

313 1724 60 46 vi,
403 1723 85 41 270
514 1735 43 38 p.
618 1722 164 50 front.,
813 1723 125 41 illus.
1000 1723 55 41 19½cm.

312 1781 285 41 Illustrated
630 1781 362 48 lining-papers.

243 1835 52 53 ©
337 1841 125 45 Sept.
501 1840 70 47 30,
611 1838 138 46 1935;
789 1838 67 40 2c.
896 1839 102 39 Oct.
1037 1838 52 46 2;
1131 1837 81 41 aff.
1253 1838 102 40 Oct.
1395 1838 51 47 1;
1488 1839 39 38 A
1564 1837 168 47 87383;
1776 1838 55 39 N.
1871 1839 51 38 B.
1964 1837 267 48 Mansfield,

316 1897 197 39 Seattle.
584 1894 280 49 (35-17491)

239 1978 402 64 Mantegazza,
672 1977 193 64 Paolo,
896 1982 324 52 1831-1910.

309 2055 121 53 The
476 2055 193 52 sexual
717 2052 269 55 relations
1032 2053 65 53 of
1142 2052 294 69 mankind,
1481 2053 76 69 by
1603 2052 178 55 Paolo
1828 2052 400 69 Mantegazza;

239 2132 314 54 translated
585 2132 152 52 from
769 2131 96 53 the
897 2133 167 52 latest
1097 2130 215 54 Italian
1345 2131 234 69 edition,
1611 2149 59 36 as
1706 2131 290 68 approved
2030 2130 75 70 by
2135 2130 96 56 the

239 2210 223 67 author,
498 2209 74 69 by
609 2207 228 57 Samuel
873 2210 277 67 Putnam;
1190 2209 208 68 edited,
1431 2208 138 53 with
1608 2227 70 35 an
1717 2207 406 70 introduction,
2158 2209 73 66 by

240 2286 1991 70 Victor Robinson … New York, Eugenics publishing company,
241 2369 149 50 1935.

309 2438 131 49 xxiv,
469 2438 88 42 335
583 2449 44 37 p.
686 2437 56 40 24½cm.

311 2494 146 41 “This
490 2495 146 47 work,
670 2494 119 40 with
824 2495 79 39 the
936 2498 93 36 two
1061 2494 199 47 already
1292 2493 268 50 published,
1594 2494 80 41 the
1708 2492 302 49 ‘Physiology
2040 2494 53 40 of
2124 2493 105 42 love

249 2550 286 49 (Fisiologia
568 2549 337 48 dell’amore)’
934 2551 95 39 and
1061 2551 80 39 the
1175 2549 231 49 ‘Hygiene
1435 2550 53 40 of
1514 2549 105 42 love
1659 2548 187 50 (Igiene
1876 2547 352 52 dell’amore)’,

239 2609 258 47 completes
531 2608 82 40 the
648 2607 140 41 ‘Love
822 2607 177 48 trilogy
1042 2605 239 50 (Trilogia
1315 2605 576 50 dell’amore)’.”—Pref.
1926 2609 48 39 to
2009 2608 82 40 the
2123 2607 107 41 first

239 2663 197 42 edition.

243 2716 1985 52 © Sept. 4, 1935; 2c. Sept. 5; aff. Sept. 9; A 85881; Eugenics pub. co.,
313 2776 88 40 inc.
472 2775 279 48 (35-17470)

238 2864 239 64 Martin,
507 2865 225 54 Walter
760 2866 251 63 Simeon,
1042 2870 168 50 1898-

310 2940 1917 70 To-day’s to-morrow, by Walter S. Martin … Boston, The
241 3018 376 68 Christopher
646 3016 332 70 publishing
1005 3018 171 55 house
1389 3052 12 35 [c1935]

310 3090 668 50 vii p., 1 l., 11-251 p. 19½cm.
243 3144 54 53 ©
324 3150 119 47 Aug.
473 3148 68 47 20,
572 3147 139 47 1935;
743 3149 66 39 2c.
843 3148 126 47 Sept.
1000 3148 82 47 21;
1115 3147 82 41 aff.
1231 3149 126 47 Sept.
1388 3148 81 46 20;
1503 3149 39 38 A
1570 3147 169 48 87122;
1774 3147 315 49 Christopher
2118 3149 107 47 pub.

314 3206 161 39 house.
547 3204 278 48 (35-17496)

236 3287 222 64 Meade,
485 3286 196 54 Julian
710 3286 387 55 Rutherford.

306 3360 31 51 I
379 3360 112 53 live
530 3361 58 52 in
631 3360 287 70 Virginia,
956 3361 75 69 by
1071 3361 200 54 Julian
1311 3362 69 52 R.
1421 3362 218 52 Meade.
1716 3361 137 53 New
1896 3360 179 67 York,
236 3360 1961 139 Toronto,
443 3438 342 68 Longmans,
813 3437 183 55 Green
1026 3438 111 53 and
1165 3456 98 50 co.,
1292 3441 148 50 1935.

305 3519 44 36 x.
378 3509 88 42 310
488 3520 44 38 p.
591 3510 51 39 21
651 3511 43 23 cm
699 3542 9 9 .

306 3565 284 42 Illustrated
622 3566 359 49 lining-papers.

308 3621 161 42 “First
493 3621 226 43 edition.”

243 3675 54 53 ©
322 3680 127 48 Sept.
475 3680 68 46 26,
570 3679 139 47 1935;
736 3680 65 41 2c.
832 3681 100 40 Oct.
954 3682 52 46 3;
1036 3681 82 40 aff.
1146 3681 100 41 Oct.
1274 3681 52 42 2;
1356 3682 38 38 A
1421 3681 168 46 87422;
1620 3682 42 40 J.
1691 3682 53 39 R.
1774 3682 180 45 Meade,
1984 3679 235 47 Danville,

312 3737 83 38 Va.
466 3737 278 46 (35-18562)

238 3817 226 64 Milton,
496 3819 172 64 John,
704 3822 321 54 1608-1674.

371 3893 1846 71 … Paradise lost, edited by Merritt Y. Hughes … Garden
241 3968 152 69 City,
427 3971 70 51 N.
533 3971 90 66 Y.,
655 3971 354 68 Doubleday,
1042 3973 195 52 Doran
1270 3976 46 49 &
1349 3990 294 51 company,
1676 3974 107 51 inc.
1822 3974 190 65 [c1935]
