2424 4375
1229 4074 99 50 550

284 446 306 66 Vioménil,
615 448 257 53 Antoine
900 448 247 54 Charles
1170 449 77 52 du
1274 448 192 63 Houx,
1495 448 178 52 baron
1697 448 88 63 de,
1814 449 324 53 1728-1792.

351 525 122 51 The
504 524 225 67 private
759 525 192 52 letters
983 524 65 52 of
1078 526 194 49 Baron
1303 524 68 52 de
1403 520 288 56 Vioménil
1724 541 72 34 on
1827 520 198 54 Polish
2059 521 214 67 affairs,

284 601 139 53 with
456 622 31 32 a
518 602 166 53 letter
715 620 72 34 on
818 601 96 52 the
944 601 150 68 siege
1125 600 64 53 of
1220 599 345 68 Yorktown;
1600 596 341 55 translation
1973 600 111 52 and
2116 605 157 48 notes

283 679 74 68 by
398 679 157 54 John
598 677 237 55 Francis
877 678 223 69 Gough.
1175 677 200 70 Jersey
1418 676 154 70 City,
1614 678 69 52 N.
1728 677 75 67 J.,
1848 675 218 55 Collins
2107 678 166 51 Doan

283 776 298 49 company,
613 760 149 49 1935.

422 827 1307 52 xv, 275 p. front., fold. pl. (ports.) facsim. 23½ cm .
356 889 140 46 Maps
532 898 61 30 on
626 886 361 49 lining-papers.

356 944 134 41 With
525 944 155 40 added
715 944 32 39 t.
753 954 75 37 -p.,
862 954 27 29 a
924 942 294 41 translation
1253 942 52 41 of
1338 943 83 39 the
1453 941 113 41 1808
1601 941 187 40 French
1821 939 195 42 edition.

357 996 1917 51 “Lettres particulières … sur les affaires de Pologne en 1771 et 1772’’,
286 1057 154 48 Paris,
469 1056 129 47 1808,
626 1066 100 30 was
754 1056 160 40 edited
941 1057 62 46 by
1031 1054 221 48 Philippe
1280 1054 154 41 Henri
1462 1056 155 39 comte
1644 1056 58 39 de
1730 1053 271 42 Grimoard,

358 1113 69 40 “A
465 1112 250 42 collection
755 1113 79 39 for
873 1122 85 30 use
996 1123 54 30 as
1091 1123 27 30 a
1157 1111 189 48 history
1386 1112 51 39 of
1477 1112 83 39 the
1599 1110 154 47 times,
1793 1112 94 39 and
1929 1120 54 31 as
2022 1122 28 28 a
286 1112 1971 98 supplement
443 1171 49 38 to
521 1170 114 39 ‘The
661 1169 214 47 anarchy
902 1169 51 40 of
979 1167 214 47 Poland’,
1220 1169 61 46 by
1306 1170 63 38 M.
1398 1170 56 39 de
1482 1166 274 41 Rulhière.”
1759 1190 60 5 —
1820 1177 43 37 p.
1894 1186 57 30 [v]

634 1225 101 39 CONTENTS.—A
763 1226 135 39 short
925 1226 205 39 account
1157 1225 51 41 of
1236 1226 80 39 the
1347 1225 137 39 three
1510 1224 129 40 chief
1668 1226 170 46 agents
1866 1225 110 39 sent
2001 1223 61 48 by
2090 1224 184 40 France

287 1285 48 39 to
358 1284 83 39 the
462 1281 365 42 confederation
849 1282 51 40 of
922 1281 466 40 Poland.—Memoir
1409 1281 52 41 of
1485 1280 256 42 Chevalier
1761 1280 191 48 Thesby
1975 1282 59 39 de
2056 1279 219 49 Belcour,

284 1339 184 40 colonel
495 1338 50 39 in
574 1339 81 40 the
683 1337 185 41 service
894 1338 51 41 of
974 1339 81 39 the
1084 1337 336 41 confederates
1448 1337 51 42 of
1529 1337 198 47 Poland,
1756 1346 125 39 upon
1913 1338 84 39 the
2022 1336 252 48 campaign

285 1396 62 40 he
376 1396 141 39 made
546 1394 120 40 with
697 1395 130 39 them
859 1394 48 40 in
939 1393 577 41 1769.—Reminiscences
1548 1394 51 41 of
1631 1394 157 41 Count
1820 1395 21 24 *
1878 1395 21 24 *
1934 1394 22 25 *
1989 1394 287 48 concerning

287 1453 81 39 the
393 1451 109 41 first
528 1450 236 49 partition
791 1450 52 41 of
869 1451 198 46 Poland,
1095 1452 49 38 in
1172 1451 410 40 1772.—Treaties
1610 1452 215 39 between
1854 1449 192 49 Russia,
2076 1451 195 40 Austria

285 1509 96 39 and
410 1508 201 40 Prussia
643 1506 202 41 relative
874 1511 49 37 to
954 1509 80 38 the
1065 1507 236 48 partition
1331 1507 51 39 of
1411 1508 199 47 Poland,
1642 1507 166 48 signed
1838 1509 52 38 at
1923 1506 140 41 Saint
287 1508 1971 104 Petersburg,
448 1564 116 48 July

591 1563 277 48 25-August
895 1564 39 48 5,
963 1564 290 40 1772.—The
1281 1564 191 48 private
1499 1565 170 40 letters
1696 1564 51 39 of
1776 1564 161 39 Baron
1965 1562 251 41 Vioménil.
2219 1587 54 4 —

286 1622 205 38 Journal
528 1620 52 40 of
615 1621 81 39 the
733 1620 129 47 siege
896 1620 51 39 of
984 1621 83 39 the
1100 1621 178 39 citadel
1316 1620 52 39 of
1403 1620 212 46 Cracow,
1653 1621 61 46 by
1752 1620 231 47 Galibert,
2021 1632 26 27 a
2088 1620 185 40 French

286 1677 159 40 officer
485 1676 50 38 in
576 1677 82 38 the
698 1675 183 41 service
920 1675 51 41 of
1013 1677 81 39 the
1135 1675 164 40 Polish
1340 1675 319 48 confederacy
1699 1677 127 39 from
1868 1675 249 48 February
2158 1678 25 36 2
2226 1680 48 36 to

285 1733 139 47 April
459 1733 70 46 22,
567 1731 518 41 1772.—Translator’s
1123 1732 227 40 note.—A
1387 1733 146 40 letter
1569 1733 52 38 of
1658 1732 162 40 Baron
1857 1732 252 46 Vioménil,
2148 1733 124 39 from

286 1788 277 48 Versailles,
599 1789 168 40 March
803 1789 40 45 5,
877 1789 128 47 1782,
1042 1791 49 39 to
1125 1788 219 48 Marquis
1380 1788 249 48 Rostaing,
1666 1800 59 30 on
1762 1790 81 39 the
1878 1787 127 51 siege
2043 1790 50 39 of
286 1790 1971 95 Yorktown.

490 1845 291 41 References
825 1845 65 49 (p.
922 1845 230 48 245-258)

285 1912 53 53 ©
359 1916 114 48 Apr.
497 1916 69 48 17,
589 1916 141 47 1935;
753 1916 68 40 2c.
845 1917 112 47 Apr.
981 1916 83 46 20;
1091 1916 80 40 aff.
1198 1917 114 47 Apr.
1337 1916 56 40 19;
1445 1917 43 39 A
1513 1916 142 42 82608;
1710 1917 129 40 John
1862 1915 203 43 Francis
2092 1917 182 49 Gough,

356 1973 171 48 Jersey
554 1973 126 48 City,
705 1974 57 39 N.
790 1973 43 40 J.
902 1972 250 49 (35-6208)

281 2074 272 68 Wallace,
583 2077 189 55 David
803 2079 264 64 Duncan,
1100 2081 171 53 1874-

359 2153 122 53 The
515 2153 221 69 history
770 2153 64 53 of
870 2153 181 55 South
1088 2153 287 69 Carolina,
1410 2154 74 68 by
1521 2153 192 54 David
1750 2155 240 51 Duncan
2025 2152 250 56 Wallace

352 2230 1835 70 … New York, The American historical society, inc., 1934.
353 2301 30 40 4
411 2313 42 30 v.
511 2301 191 49 fronts.,
730 2303 142 47 illus.,
900 2303 170 48 plates,
1099 2304 162 48 ports.,
1293 2314 149 36 maps.
1502 2303 144 41 27½cm.

356 2359 103 40 Vol.
540 2393 9 17 IV,
581 2359 368 48 Biographical;
984 2361 235 47 prepared
1251 2361 154 39 under
1434 2362 83 39 the
1547 2362 235 40 direction
1814 2361 52 39 of
1897 2360 82 42 the
2010 2361 260 48 publisher.

285 2417 62 48 cf.
379 2414 131 42 Pref.

283 2486 54 53 ©
363 2490 114 48 Apr.
504 2490 40 47 1,
571 2490 116 40 1935;
738 2489 65 41 2c.
833 2491 120 39 each
977 2490 112 47 Apr.
1118 2490 24 38 1;
1200 2489 82 41 aff,
1310 2490 114 48 Apr.
1452 2489 59 40 19;
1565 2490 40 39 A
1633 2490 146 41 82550;
1834 2491 157 39 Amer,
2021 2489 251 41 historical

354 2557 106 37 soc,,
493 2546 88 41 inc.
653 2547 248 49 (35-5854)

282 2649 201 65 Webb,
511 2651 203 52 Hanor
742 2650 89 65 A.,
863 2655 168 50 1888-

357 2726 228 54 Science
615 2727 75 66 by
721 2727 357 53 observation
1111 2728 107 51 and
1254 2727 367 66 experiment,
1651 2727 75 65 by
1757 2727 202 52 Hanor
1989 2727 72 51 A.
2093 2726 179 54 Webb

284 2802 1962 129 … and Robert O. Beauchamp … drawings by Clarence Hankins.
513 2879 139 52 New
700 2878 179 68 York,
926 2880 72 53 D.
1045 2879 578 68 Appleton-Century
1671 2898 295 50 company,
286 2880 1959 129 incorporated
487 2989 13 34 [
505 2962 18 22 c
527 2959 152 63 1935]

354 3027 118 47 xxii,
503 3028 84 40 697
618 3039 43 37 p,
719 3028 143 47 illus.,
890 3028 178 49 diagrs.
1129 3028 55 39 20½
1217 3031 43 20 cm
1265 3061 9 8 .

358 3083 187 42 “Books
589 3084 51 41 of
680 3085 195 47 general
917 3084 232 41 interest”;
1222 3096 42 36 p.
1308 3084 182 40 xix-xx;
1564 3084 159 42 “Good
1766 3086 148 40 books
1956 3085 78 41 for
2075 3086 194 43 further

287 3140 228 49 reading”
543 3143 52 37 at
621 3140 91 41 end
739 3140 52 41 of
816 3151 128 30 some
969 3140 51 41 of
1047 3141 80 40 the
1154 3141 238 48 chapters,

286 3206 53 53 ©
363 3211 114 47 Apr.
503 3209 41 48 9,
569 3210 113 40 1935;
738 3211 68 39 2c.
831 3210 112 48 Apr.
972 3210 53 39 11;
1083 3209 80 40 aff.
1193 3211 112 46 Apr.
1334 3210 55 39 12;
1446 3210 41 39 A
1514 3209 144 41 82469;
1713 3212 57 38 D.
1797 3211 477 48 Appleton-Century

357 3279 81 36 co.,
467 3267 90 40 inc.
627 3266 248 48 (35-6268)

285 3367 192 64 Weed,
511 3367 273 55 Clarence
816 3370 247 60 Moores,
1099 3374 168 49 1864-

359 3444 171 53 Birds
558 3445 59 52 in
647 3445 149 52 their
825 3447 267 51 relations
1119 3451 60 47 to
1207 3464 131 33 man;
1400 3467 28 32 a
1460 3447 229 51 manual
1719 3445 62 52 of
1810 3447 280 52 economic
287 3446 1956 141 ornithology

563 3520 94 53 for
696 3521 94 52 the
831 3521 216 54 United
1089 3521 187 54 States
1317 3522 111 52 and
1472 3522 253 65 Canada,
1763 3523 75 65 by
1879 3523 269 54 Clarence
2189 3524 78 51 M.

288 3597 1981 70 Weed … and Ned Dearborn … 4th ed. rev. Philadelphia
288 3674 108 51 and
425 3673 256 65 London,
707 3674 56 53 J.
789 3675 68 52 B.
884 3674 337 67 Lippincott
1248 3693 294 46 company,
1569 3679 149 48 1935.

357 3743 97 44 xiv,
483 3744 84 40 420
596 3756 43 37 p.
699 3744 127 41 illus,
855 3744 131 46 (incl.
1014 3747 160 47 maps)
1212 3746 171 48 plates,
1412 3747 177 48 diagrs.
1650 3747 54 39 21
1708 3750 43 21 cm
1756 3779 9 8 .

359 3800 68 37 “A
455 3801 182 47 partial
666 3800 333 48 bibliography
1030 3802 50 39 of
1110 3803 81 38 the
1220 3802 239 39 economic
1479 3803 241 40 -relations
1750 3803 51 39 of
1830 3803 154 40 North
2013 3805 252 40 American

287 3854 162 41 birds”;
513 3866 43 38 p.
589 3855 216 41 355-407.

290 3907 1976 53 © Mar. 20, 1935; 2c. and aff. Apr. 1; A; 82282; C . M. Weed and Ned
360 3969 263 40 Dearborn.
660 3969 192 40 Lowell.
887 3969 147 39 Mass,
1103 3968 248 42 (35-6262)
