2424 4375
1257 4060 135 51 1200

394 513 347 49 Bibliography
770 518 53 37 at
850 517 90 38 end
970 515 52 40 of
1049 517 119 38 each
1195 516 213 47 chapter.

323 566 53 54 ©
408 571 128 49 Sept.
566 572 41 46 3,
640 570 140 49 1935;
814 571 66 41 2c.
915 574 95 38 and
1043 572 82 41 aff.
1162 573 126 48 Sept.
1323 573 52 47 5;
1410 573 41 39 A
1484 573 168 46 85781;
1689 573 280 48 University
2002 574 51 40 of
2086 574 222 49 Chicago,

393 628 222 48 Chicago.
686 628 277 49 (35-15130)

319 728 297 67 Grierson,
645 730 245 55 Francis
916 731 287 65 Durham,
1233 737 170 50 1888-

390 806 238 54 Murder
656 806 60 53 in
746 806 180 69 black,
954 807 74 68 by
1060 806 236 55 Francis
1326 807 70 53 D.
1432 805 286 56 Grierson.
1785 807 137 54 New
1957 806 177 71 York,
323 807 1964 143 London,
483 883 69 52 D.
588 883 574 69 Appleton-Century
1196 902 278 51 company
1504 885 415 68 incorporated,
1955 887 150 50 1935.

391 954 1918 53 3 p. l., 279 p. 19½ cm . [Tired business man’s library of adventure,
321 1011 251 48 detective,
600 1013 95 39 and
718 1012 216 48 mystery
957 1013 181 49 novels]

326 1068 52 52 ©
407 1072 124 49 Sept.
559 1072 39 47 6,
623 1072 141 46 1935;
791 1072 67 41 2c.
884 1072 128 48 Sept.
1036 1071 53 48 9;
1117 1072 81 41 aff.
1228 1073 128 47 Sept.
1382 1072 80 47 10;
1491 1072 43 39 A
1558 1072 168 47 86238;
1757 1074 55 39 D.
1840 1074 473 48 Appleton-Century

393 1139 83 37 co.,
506 1128 91 40 inc.
668 1128 278 50 (35-15039)

324 1229 253 66 Griffith,
608 1231 291 64 Llewelyn
929 1233 170 63 Wyn,
1132 1237 170 50 1884-

397 1306 217 71 Spring
647 1308 63 53 of
742 1310 195 67 youth,
969 1311 76 66 by
1077 1311 86 52 Ll.
1198 1311 153 66 Wyn
1386 1309 255 67 Griffith;
1679 1308 139 55 with
1853 1329 31 34 a
1919 1310 283 54 foreword
2237 1311 73 67 by

325 1386 94 53 the
457 1388 94 53 Rt.
589 1388 153 52 Hon.
782 1386 191 55 David
1012 1389 184 66 Lloyd
1237 1388 236 67 George,
1569 1432 8 9 M.
1655 1431 10 9 P.
1740 1390 138 51 New
1919 1389 178 65 York,
2138 1391 65 50 E.
2244 1391 64 52 P.

322 1466 223 52 Dutton
573 1469 45 50 &
647 1484 96 38 co.,
773 1464 104 55 inc.
914 1500 12 33 [
931 1472 17 21 c
954 1470 133 49 1935
1093 1500 12 33 ]

396 1538 88 39 viii
510 1548 57 37 p.,
595 1539 25 38 1
670 1569 22 17 l.,
720 1538 86 41 134
831 1549 43 37 p.
933 1538 56 40 19½
1020 1541 16 21 cm
1070 1571 8 8 .

399 1594 1560 50 “Study of … [the author’s] village boyhood.”—Foreword.
398 1649 162 42 “First
589 1650 228 41 edition.”

328 1704 54 53 ©
407 1709 120 47 Aug.
555 1707 68 48 12,
651 1707 139 48 1935;
820 1708 66 41 2c.
914 1710 95 38 and
1036 1708 82 40 aff.
1147 1709 119 47 Aug.
1294 1708 82 48 13;
1408 1709 41 38 A
1476 1707 170 49 84949;
1676 1709 52 39 E.
1757 1709 50 39 P.
1834 1710 187 38 Dutton
2050 1709 38 40 &
2113 1718 81 38 co.,
2223 1708 90 41 inc.

409 1764 279 50 (35-15132)

322 1867 274 65 Higgins,
625 1869 257 52 Frances
909 1869 230 62 Lowry.

395 1943 153 56 Once
581 1950 57 46 at
668 1944 324 67 Woodhall,
1021 1944 74 69 by
1128 1945 246 53 Frances
1405 1944 205 69 Lowry
1644 1942 281 69 Higgins;
1963 1944 139 52 with
326 1945 1965 145 drawings
500 2022 77 68 by
624 2021 175 54 Allen
849 2022 199 54 Lewis.
1124 2023 137 51 New
1318 2023 156 52 York
1526 2023 105 53 and
1688 2023 256 67 London,
1992 2022 231 68 Harper
2270 2024 44 50 &

325 2101 275 65 brothers,
638 2103 149 49 1935.

397 2174 70 40 vii
492 2184 58 38 p.,
579 2174 26 40 1
657 2205 23 17 l.,
711 2173 99 49 187,
844 2175 54 48 [1]
932 2185 41 37 p.
1005 2173 109 42 incl.
1146 2173 143 45 illus.,
1320 2175 155 47 plates.
1551 2174 146 40 front.
1758 2173 56 41 19½
1845 2176 15 21 cm
1894 2204 9 9 .

398 2230 289 40 Illustrated
717 2229 361 49 lining-papers.

400 2286 162 41 “First
593 2285 226 42 edition.”

331 2338 52 54 ©
413 2343 127 48 Sept.
567 2343 39 48 5,
633 2342 119 41 1935;
801 2343 67 40 2c.
899 2343 127 47 Sept.
1055 2343 54 47 4;
1142 2343 81 40 aff.
1256 2343 126 47 Sept.
1413 2341 81 48 19;
1525 2344 40 38 A
1593 2342 168 43 86202;
1793 2343 192 49 Harper
2015 2343 38 41 &
2078 2344 125 39 bros.

409 2399 279 49 (35-15151)

334 2499 268 66 Hilliard,
632 2501 154 54 John
814 2501 322 62 Northern,
1169 2504 169 53 1872-

401 2577 1853 69 Leaves from my notebook, by John Northern Hilliard …
330 2656 110 53 Los
466 2657 264 67 Angeles,
757 2659 65 52 F.
852 2657 67 54 G.
948 2657 226 67 Thayer
1207 2691 13 33 [
1225 2663 18 21 c
1248 2661 132 49 1935
1386 2691 12 33 ]

402 2728 744 47 3 p. l., 9-47 p. illus. 24 cm .
333 2781 55 53 ©
415 2786 116 46 July
560 2785 69 47 16,
660 2784 140 48 1935;
832 2786 66 39 2c.
928 2786 119 47 Aug.
1077 2786 82 46 21;
1192 2784 82 41 aff.
1305 2785 119 48 Aug.
1456 2784 81 47 19;
1572 2785 43 39 A
1644 2784 168 47 85571;
1844 2784 152 48 Floyd
2030 2784 51 40 G.
2110 2784 205 47 Thayer.

412 2841 278 50 (35-15268)

328 2945 239 53 Illinois.
641 2947 183 65 Laws,
852 2952 254 58 statutes,
1134 2951 99 47 etc.

411 3022 388 54 Smith-Hurd
851 3023 226 52 Illinois
1130 3023 307 52 annotated
1490 3025 252 48 statutes.
1832 3022 346 51 Permanent
2226 3020 82 51 ed.

339 3100 367 67 Comprising
743 3100 97 53 the
874 3103 137 49 laws
1052 3100 62 52 of
1155 3118 30 33 a
1226 3100 226 67 general
1493 3099 112 52 and
1642 3103 334 63 permanent
2016 3102 203 47 nature
2254 3099 59 51 in

338 3177 156 53 force
529 3185 58 46 at
618 3179 96 52 the
749 3178 107 51 end
889 3178 63 52 of
986 3178 96 52 the
1116 3175 358 69 fifty-eighth
1511 3177 244 54 General
1790 3176 292 67 assembly,
2115 3175 199 52 fourth

335 3254 209 67 special
575 3256 226 65 session,
834 3255 315 52 November
1182 3258 84 61 23,
1302 3258 148 49 1934.
1520 3255 158 66 Kept
1711 3260 58 47 to
1802 3254 129 52 date
1963 3254 74 66 by
334 3254 1955 130 cumulative
478 3336 209 49 annual
715 3333 203 66 pocket
944 3337 177 62 parts,
1150 3333 139 52 with
1322 3332 360 52 annotations
1710 3330 152 53 from
1889 3332 96 52 the
2012 3348 148 36 cases
337 3348 1954 129 construing
587 3429 62 34 or
675 3409 280 68 applying
976 3410 96 52 the
1096 3411 135 51 laws
1257 3410 112 51 and
1393 3410 139 51 with
1557 3409 179 52 tables
1765 3409 110 52 and
1900 3408 185 53 index,
335 3408 1953 131 chapters
477 3490 252 50 123-132.
762 3486 132 56 Seat
919 3487 63 52 of
1008 3487 671 66 government-Sureties.
1745 3488 89 64 By
1860 3486 96 53 the
1979 3485 333 67 publishers’

340 3564 265 53 editorial
643 3562 148 55 staff.
870 3564 267 66 Chicago,
1177 3565 112 58 Ill.,
1333 3564 278 51 Burdette
1651 3563 188 56 Smith
1881 3582 303 48 company;
2231 3564 80 54 St.

339 3643 164 64 Paul,
535 3644 201 63 Minn.,
767 3644 160 52 West
958 3642 334 66 publishing
1328 3659 107 46 co.;
1472 3642 224 51 Kansas
1734 3641 149 66 City,
1918 3643 132 63 Mo.,
2141 3658 170 35 Vernon

335 3720 110 50 law
472 3719 146 52 book
644 3737 276 49 company
953 3752 12 34 [
971 3726 17 21 c
994 3722 131 49 1935
1131 3752 12 33 ]

407 3803 46 34 x,
483 3791 83 39 536
594 3802 43 36 p.
693 3791 56 38 24
753 3794 14 20 cm
802 3823 8 6 .

408 3846 236 40 Contains
671 3847 165 39 music.

340 3899 52 52 ©
425 3903 119 46 Aug.
578 3903 69 45 15,
681 3901 113 40 1935;
857 3901 65 40 2c.
959 3903 94 38 and
1090 3901 81 39 aff.
1210 3901 124 47 Sept.
1370 3900 81 46 12;
1488 3901 41 37 A
1564 3899 167 46 85922;
1771 3899 235 39 Burdette
2044 3897 154 41 Smith
2233 3907 79 37 co.,

412 3960 193 38 Vernon
629 3959 94 38 law
747 3959 124 38 book
896 3968 67 29 co.
994 3958 95 38 and
1116 3958 138 39 West
1278 3957 107 47 pub.
1417 3967 66 29 co.
