2526 4384
1104 4027 97 47 155

173 425 255 66 [Daukes,
457 423 219 67 Sidney
704 425 276 67 Herbert]
1016 426 169 54 1879-

221 501 305 55 Reluctant
556 500 233 68 sinners,
822 500 75 69 by
930 499 214 70 Sidney
1179 500 264 69 Fairway
1504 501 210 68 [pseud.]
1793 499 136 54 New
1966 499 178 69 York,

153 579 74 53 H.
254 578 61 55 C.
342 578 217 69 Kinsey
582 580 46 50 &
654 596 294 50 company,
974 577 125 68 inc.,
1128 580 149 50 1935.

219 662 645 50 4 p. l., 15-318 p. 19½ cm .
153 734 52 52 ©
232 738 94 39 Feb
367 737 69 47 20,
464 736 139 48 1935;
632 737 67 41 2c.
727 738 109 39 Feb.
863 737 82 42 25;
975 737 79 40 aff.
1087 738 108 39 Feb.
1225 737 82 47 23;
1337 739 40 38 A
1404 737 169 43 79799;
1609 738 42 40 S.
1681 740 58 38 H.
1770 739 210 46 Daukes,
2011 740 136 40 West

214 795 268 47 Worthing,
520 795 192 46 Sussex,
748 796 234 47 England.
1054 793 249 49 (35-2775)

149 898 145 64 Day,
326 899 193 62 Cyrus
547 899 333 64 Lawrence,
915 904 170 49 1900-

219 972 234 55 Sailors’
484 975 184 63 knots,
699 976 74 67 by
806 976 184 67 Cyrus
1023 977 300 52 Lawrence
1356 977 146 66 Day.
1571 977 137 52 New
1743 975 178 59 York,
1954 977 189 58 Dodd,

147 1053 169 52 Mead
344 1057 44 49 &
414 1071 296 49 company,
739 1056 150 49 1935.

215 1138 76 35 xv,
321 1126 86 40 163.
433 1136 42 38 p.
532 1125 126 40 illus.
718 1126 57 39 24
777 1128 43 21 cm
824 1157 8 8 .

216 1196 374 48 Bibliography:
624 1207 40 37 p.
699 1196 215 40 152-155.

153 1263 58 52 ©
236 1268 109 39 Feb.
373 1268 70 47 20,
474 1267 117 40 1935;
645 1266 65 42 2c.
743 1269 95 38 and
869 1266 81 41 aff.
983 1267 109 40 Feb.
1123 1267 82 46 23;
1238 1268 40 38 A
1311 1266 169 47 79797;
1516 1267 152 48 Dodd,
1702 1268 140 38 Mead
1875 1268 36 39 &
1942 1278 81 35 co.,
2054 1268 90 39 inc.

227 1324 279 48 (35-27065)

149 1426 331 56 Deutscher
514 1429 147 67 geist
695 1431 151 65 1935,
878 1428 542 52 kulturdokumente
1454 1429 100 52 der
1587 1433 343 63 gegenwart.

219 1429 1901 145 Herausgeber:
553 1507 136 54 Carl
721 1508 194 66 Lange
947 1507 118 51 und
1099 1508 178 51 Ernst
1305 1507 186 53 Adolf
1523 1508 236 66 Dreyer.
1850 1509 46 49 [2.
216 1507 1903 129 jahresband
398 1587 132 51 1935;
589 1585 345 67 Gestaltung
961 1585 96 52 des
1084 1584 210 52 reiches]
1381 1584 258 68 Leipzig,
1666 1586 68 51 R.
1763 1583 382 68 Voigtländer

222 1665 171 64 [1934]

219 1749 83 40 280
333 1759 41 37 p.
434 1747 164 47 front.,
629 1749 169 47 plates.
857 1747 55 41 23
915 1749 45 22 cm
965 1778 7 8 .

151 1815 1968 52 © Nov. 5, 1934; 1c. Feb. 19, 1935; A-Foreign 26970; R. Voigtländers
218 1878 178 46 verlag.

152 1977 269 67 Erskine,
449 1979 214 54 Laurie
692 1979 180 65 York,
904 1983 171 51 1894-

219 2055 271 53 Renfrew
531 2055 150 53 rides
721 2055 95 53 the
858 2073 192 51 range,
1093 2056 74 68 by
1210 2054 209 54 Laurie
1462 2054 162 53 York
1666 2053 273 56 Erskine:
154 2054 1967 131 illustrated
375 2133 71 68 by
485 2133 129 52 Neil
655 2131 287 56 O’Keeffe.
1018 2133 137 52 New
1195 2131 179 69 York,
1414 2132 258 71 London,
1712 2134 71 52 D.

151 2133 1992 146 Appleton-Century
431 2229 296 50 company,
757 2210 416 68 incorporated,
1205 2213 150 51 1935.

219 2297 925 51 5 p. l., 267 p. front., illus. 19½ cm .
153 2367 50 52 ©
229 2372 108 40 Feb.
365 2372 68 48 15,
460 2372 140 46 1935;
627 2370 65 41 2c.
722 2372 110 39 Feb.
859 2370 80 48 18;
968 2370 83 41 aff.
1076 2371 108 39 Feb.
1211 2370 82 46 21;
1322 2371 38 38 A
1389 2370 169 42 80517;
1589 2372 53 38 D.
1671 2371 443 48 Appleton-Century

219 2439 81 37 co.,
329 2428 89 42 inc.
491 2427 249 50 (35-2721)

152 2532 287 66 Fougner,
468 2533 242 55 Selmer.

220 2609 1865 68 Along the wine trail, by G. Selmer Fougner. Volume III …
154 2685 240 69 History
429 2688 64 51 of
527 2688 96 51 the
659 2686 269 67 cocktail;
968 2687 95 51 the
1099 2689 155 64 story
1288 2686 63 52 of
1388 2687 217 66 punch;
1644 2687 96 52 the
1774 2686 149 54 mint
1956 2688 186 67 julep;

153 2763 1992 69 the sherry cobbler … with over two hundred selected cocktail
155 2845 226 65 recipes,
417 2862 31 33 a
483 2843 147 68 good
665 2843 297 52 collection
996 2842 63 53 of
1091 2841 248 68 punches
1375 2842 112 53 and
1522 2860 136 49 cups
1694 2843 111 52 and
1842 2862 31 33 a
1907 2844 238 52 selected

155 2918 1991 70 list of famous dishes cooked with wine … [New York, The
156 2997 118 54 Sun
299 2999 265 68 printing
589 2999 112 52 and
729 2996 334 69 publishing
1091 2996 159 53 ass’n.
1278 3004 18 21 c
1302 3000 134 49 1934]

222 3072 84 41 127
333 3083 40 37 p.
432 3071 54 40 21
490 3074 44 21 cm
540 3103 7 8 .

225 3142 292 49 “Reprinted
545 3142 128 39 from
720 3140 80 41 [the
832 3139 217 40 author's
1080 3139 131 47 daily
1243 3140 189 39 column
1465 3140 48 38 in]
1565 3141 80 38 the
1681 3141 113 44 Sun,
1826 3140 115 38 New
1975 3140 172 40 York.”

161 3210 49 53 ©
239 3215 108 41 Jan.
373 3213 69 49 29,
469 3213 113 42 1935;
637 3212 66 42 2c.
732 3213 94 40 and
854 3210 81 42 aff.
965 3210 107 41 Feb.
1102 3210 24 39 2;
1183 3210 42 39 A
1250 3209 170 47 80321;
1452 3209 98 41 Sun
1579 3209 218 50 printing
1822 3211 36 39 &
1885 3211 106 48 pub.
2022 3221 127 32 assn.

160 3373 462 54 Fundamentals
672 3372 63 54 of
787 3371 165 68 dairy
1005 3371 229 66 science,
1285 3370 75 66 by
1414 3369 297 54 associates
1763 3371 63 51 of
1879 3372 145 51 Lore
2076 3372 69 51 A.

231 3450 214 69 Rogers
478 3449 59 54 in
571 3449 95 54 the
699 3447 256 53 research
990 3444 368 56 laboratories
1394 3445 64 54 of
1493 3445 93 52 the
1622 3445 228 53 Bureau
1886 3445 62 52 of
1984 3446 164 69 dairy

231 3528 278 68 industry,
540 3525 217 56 United
793 3523 188 56 States
1015 3523 375 68 Department
1424 3521 63 53 of
1521 3523 363 69 agriculture.
1959 3524 72 51 2d
2065 3525 82 52 ed.

293 3599 1721 71 … New York, Reinhold publishing corporation, 1935.
230 3676 54 38 14
309 3687 57 37 p.,
394 3676 25 39 1
469 3707 22 17 l.,
519 3674 186 49 15-616,
748 3675 71 48 [14]
849 3685 42 37 p.
952 3673 133 39 front.
1128 3673 173 48 (port.)
1335 3672 141 47 illus.,
1507 3674 178 46 diagrs.
1745 3673 56 40 23½
1834 3676 43 21 cm
1883 3706 8 8 .
163 3675 1966 96 (American
293 3733 231 39 chemical
551 3733 194 46 society.
807 3730 299 47 Monograph
1131 3730 151 39 series
1310 3739 87 39 [no.
1424 3729 99 49 41])

232 3787 343 41 “References”
602 3790 52 38 at
678 3788 92 39 end
797 3787 51 40 of
872 3787 119 39 each
1016 3786 213 47 chapter.

231 3845 157 39 Blank
414 3855 147 38 pages
588 3845 80 39 for
696 3843 309 40 memoranda
1047 3843 111 49 ([14]
1190 3844 53 38 at
1269 3842 117 47 end)

165 3914 49 52 ©
243 3919 106 40 Jan.
380 3920 68 47 30,
477 3918 139 47 1935;
647 3918 66 39 2c.
744 3918 108 39 Jan.
883 3915 81 48 30;
998 3914 82 40 aff.
1112 3916 105 38 Jan.
1249 3915 82 46 31;
1365 3915 38 38 A
1435 3913 169 48 80300;
1640 3913 238 43 Reinhold
1911 3918 107 47 pub.
226 3929 1906 94 corporation.
532 3974 249 50 (35-2707)
