2424 4375
1235 4073 98 50 608

377 521 70 38 “A
486 522 222 46 synopsis
746 521 56 39 of
840 522 81 38 the
961 522 185 39 themes
1186 522 118 38 used
1346 521 51 38 in
1439 521 82 39 the
1560 520 107 39 free
1708 522 210 41 lectures
1958 530 59 30 on
2058 520 230 41 lifeboats

305 578 141 47 given
476 577 62 48 by
569 577 207 48 Captain
809 577 180 40 Robert
1021 577 307 47 Huntington
1360 586 144 37 every
1536 578 93 47 day
1661 577 130 40 since
1825 575 113 42 1925
1970 577 49 39 in

2053 577 82 40 the
304 578 1967 95 Merchant
487 635 188 38 marine
709 634 175 47 school,
925 633 242 41 Seamen’s
1203 634 180 39 church
1419 634 226 40 institute
1680 633 53 40 of
1769 634 116 39 New
1922 633 366 43 York.”—Pref.

305 704 52 53 ©
386 708 121 39 Mar.
535 708 70 46 21,
636 706 115 41 1935;
806 706 66 41 2c.
901 707 112 48 Apr.
1043 707 81 46 11;
1156 706 81 40 aff.
1269 706 112 48 Apr.
1413 706 82 47 18;
1528 706 42 39 A
1598 705 169 48 82560;
1800 706 54 39 R.
1886 705 322 47 Huntington.

383 765 250 49 (35—6937)

301 867 238 54 Illinois.
613 869 182 65 Laios,
822 872 255 62 statutes,
1106 874 99 47 etc.

373 944 388 55 Smith-Hurd
818 946 225 52 Illinois
1100 945 307 52 annotated
1462 949 254 48 statutes.
1806 947 344 50 Permanent
2204 943 83 53 ed.

303 1021 189 69 April,
531 1027 150 58 1935,
717 1022 323 55 cuuulative
1075 1023 312 68 pamphlet.
1457 1024 165 51 Laws
1658 1023 62 52 of
1758 1022 131 53 58th
1925 1022 243 55 General
302 1040 1962 128 assembly,
558 1099 140 69 first,

721 1102 219 66 second,
964 1101 176 67 third,
1166 1101 110 52 and
1301 1100 200 52 fourth
1525 1102 209 66 special
1759 1102 237 51 sessions
2023 1100 111 52 and
2158 1100 132 52 59th

303 1177 244 55 General
585 1179 292 67 assembly,
913 1182 229 65 regular
1176 1178 227 66 session,
1440 1179 246 54 October
1720 1182 49 63 3,
1808 1181 151 63 1933,
1994 1182 58 48 to
2088 1178 201 53 March

303 1254 1962 148 20, 1935, with annotations, cumulative table and index … Chicago, Ill., Burdette
975 1335 189 54 Smith
1205 1352 306 49 company;
1559 1336 82 55 St.
1685 1336 164 65 Paul,
1890 1335 202 67 Minn.,
2132 1335 158 53 West

303 1410 333 70 publishing
670 1430 107 48 co.;
815 1414 223 51 Kansas
1075 1413 152 67 City,
1260 1414 134 65 Mo.,
1426 1414 232 53 Vernon
1691 1414 110 51 law
1833 1413 146 52 book
2012 1431 276 50 company

307 1524 11 33 [
325 1496 16 21 c
348 1494 131 48 1935
485 1524 12 33 ]

372 1578 83 40 624
482 1589 42 37 p.
582 1578 53 40 23½
669 1580 44 21 cm
719 1610 8 8 .

305 1643 52 53 ©
393 1648 113 47 Apr.
544 1647 69 47 10,
649 1646 139 48 1935;
826 1647 67 40 2c.
930 1648 95 38 and
1063 1646 80 40 aff.
1183 1647 113 47 May
1334 1646 80 47 13;
1455 1648 39 37 A
1531 1645 168 47 81799;
1740 1647 236 40 Burdette
2016 1646 157 40 Smith
2208 1657 82 38 co.,

373 1705 190 39 Vernon
592 1706 95 38 law
714 1704 123 40 book
866 1715 65 29 co.
962 1705 95 38 and
1085 1704 135 40 West
1246 1704 108 47 pub.
1385 1713 66 30 co.

303 1806 352 66 Isherwood,
686 1806 404 65 Christopher,
1121 1812 170 50 1904-

371 1884 110 52 Mr.
503 1884 202 52 Norris
730 1883 241 68 changes
994 1884 181 53 trains
1221 1884 93 66 [by]
1344 1883 375 67 Christopher
1742 1883 343 55 Isherwood.
301 1885 1965 143 London,
460 1962 65 52 L.
555 1961 113 53 and
699 1961 268 67 Virginia
994 1962 198 55 Woolf
1224 1967 58 47 at
1310 1961 97 53 the
1436 1961 268 67 Hogarth
1736 1978 171 49 press,
1938 1964 150 51 1935.

371 2047 86 40 280
488 2058 44 38 p.
592 2046 57 41 19
651 2049 43 21 cm
698 2079 9 9 .

372 2117 255 39 American
663 2116 182 41 edition
890 2115 140 49 (New
1065 2116 143 47 York,
1244 2117 71 40 W.
1351 2115 211 42 Morrow
1595 2117 96 39 and
1725 2118 257 47 company)
2027 2119 89 39 has
2151 2119 134 41 title:

301 2175 101 40 The
427 2175 99 39 last
554 2173 51 41 of
633 2173 88 40 Mr.
752 2173 184 40 Norris.

303 2241 1986 53 © 1c. Apr. 17, 1935; A ad int. 20156; pubd. Feb. 21; Christopher William
371 2302 271 39 Bradshaw
670 2300 290 47 Isherwood,
991 2300 211 39 London.
1273 2299 250 49 (35-6886)

300 2404 218 63 Justin,
546 2406 304 61 Margaret
877 2405 97 62 M.,
1005 2408 170 49 1889-

431 2478 1857 70 … Home living, by Margaret M. Justin … and Lucile
298 2555 1963 148 Osborn Rust … Chicago, Philadelphia, J. B. Lippincott company [ c 1935 ]
369 2707 134 45 xviii,
541 2705 85 40 605
661 2716 43 37 p.
770 2705 125 40 illus.
926 2706 132 47 (incl.
1097 2708 162 44 ports.,
1298 2705 162 48 plans)
1508 2706 177 47 diagrs.
1754 2705 57 40 20
1813 2709 44 21 cm
1861 2737 8 9 .
1948 2705 338 48 (Lippincott’s

298 2762 136 41 home
457 2762 266 41 economics
748 2763 144 44 texts,
918 2763 72 40 ed.
1014 2762 62 47 by
1103 2761 52 41 B.
1182 2762 56 41 R.
1264 2761 259 48 Andrews)

369 2832 146 40 “This
548 2834 104 38 text
683 2833 42 38 is
755 2842 29 29 a
817 2831 282 48 completely
1131 2831 250 41 rewritten
1414 2834 95 38 and
1545 2834 126 38 reset
1707 2832 188 42 volume
1928 2832 148 42 based
2111 2844 59 30 on
2205 2834 82 40 the

299 2888 216 40 author’s
546 2887 176 42 earlier
750 2888 146 47 work,
933 2888 260 41 ‘Problems
1225 2887 50 40 in
1305 2889 138 40 home
1478 2888 178 48 living’,
1690 2889 264 49 copyright,
1989 2889 158 43 1929.”

369 2944 223 41 Includes
620 2943 390 49 bibliographies.

708 3001 101 40 CONTENTS.—The
843 3002 138 39 home
1015 3002 97 39 and
1145 3002 81 39 the
1258 3000 404 47 family.—Home
1698 3002 591 47 management.—Health

297 3058 94 38 and
416 3058 137 40 home
577 3068 109 29 care
708 3057 53 40 of
785 3058 80 39 the
888 3056 320 41 sick.—Child
1234 3068 110 30 care
1370 3058 94 40 and
1492 3058 341 48 development.

304 3126 52 52 ©
393 3130 112 47 Apr.
545 3129 70 47 29,
653 3130 140 46 1935;
834 3130 65 39 2c.
939 3130 96 38 and
1072 3128 81 40 aff.
1196 3130 113 46 May
1346 3129 53 46 8;
1439 3131 39 37 A
1517 3129 168 48 82970;
1727 3132 43 39 J.
1811 3133 53 38 B.
1905 3132 275 49 Lippincott
2218 3144 65 29 co.

373 3187 281 48 [Copyright
678 3187 43 39 is
747 3185 202 40 claimed
976 3194 59 29 on
1062 3185 250 48 revisions]
1384 3185 249 49 (35-6838)

302 3287 1956 148 Kansas digest, April, 1935, pamphlet … with table of statutes construed. St. Paul, West publishing co. [ c 1935]
367 3439 57 39 34
450 3450 43 37 p.
547 3438 55 39 24
605 3441 45 20 cm
653 3469 7 8 .

372 3509 71 39 On
471 3518 166 30 cover:
667 3508 116 40 1858
809 3511 52 37 to
886 3508 126 39 date.
1070 3508 296 47 Temporary
1396 3507 319 42 semi-annual
1746 3511 258 46 pamphlet.

302 3574 52 52 ©
379 3579 113 46 Apr.
519 3578 70 46 23,
617 3577 139 47 1935;
785 3579 65 39 2c.
877 3580 95 38 and
999 3578 80 39 aff.
1109 3579 113 46 May
1248 3578 53 39 13;
1358 3579 40 37 A
1428 3578 167 47 81776;
1627 3580 133 39 West
1787 3580 108 47 pub.
1924 3591 66 29 co.

298 3677 1953 131 Kentucky digest. April, 1935, pamphlet … with table of statutes
517 3756 1530 69 construed. St. Paul, West publishing co. [ c 1935]
370 3828 85 39 320
481 3839 43 36 p.
579 3828 56 38 24
638 3830 43 21 cm
687 3860 8 7 .

369 3897 70 40 On
470 3908 165 29 cover:
666 3898 116 40 1785
809 3900 51 37 to
884 3899 126 39 date.
1068 3899 293 46 Temporary
1392 3897 320 41 semi-annual
1741 3899 259 47 pamphlet.

301 3962 52 52 ©
377 3969 112 45 Apr.
513 3968 68 46 24,
607 3968 140 46 1935;
773 3969 67 39 2c.
864 3968 95 39 and
984 3966 80 41 aff.
1092 3969 113 46 May
1231 3968 53 39 13;
1340 3969 40 37 A
1405 3968 169 45 81774;
1602 3968 134 40 West
1761 3969 107 47 pub.
1897 3979 65 29 co.
