2424 4375
1197 4085 133 49 1526

294 466 145 52 New
469 468 160 51 York
661 476 124 58 post
819 468 178 52 world
1028 467 144 53 wide
1203 468 322 53 illustrated
1558 470 415 67 encyclopedia,
2004 472 280 66 prepared

365 546 179 50 under
581 546 93 51 the
713 546 315 66 editorship
1066 545 63 52 of
1168 545 61 54 C.
1270 547 192 66 Ralph
1498 547 241 66 Taylor;
1780 547 267 68 advisory
2084 548 200 68 editor,

365 622 136 53 Carl
531 624 130 52 Van
691 624 191 52 Doren;
944 623 140 51 with
1114 623 209 66 special
1354 625 223 52 articles
1609 625 111 52 and
1751 626 416 66 departmental
364 645 1896 122 supervision

691 701 73 66 by
804 704 101 49 462
946 701 230 66 leading
1213 701 230 64 editors,
1482 702 295 54 educators
1819 705 111 51 and
1972 705 312 66 specialists

363 779 1921 67 in the United States and Europe … volumes 1-6. New
367 857 177 64 York,
573 858 137 52 New
742 857 158 52 York
929 863 129 60 post
1272 890 10 33 [c1935]

388 929 1612 50 6 v. fronts, (incl. ports.) illus. (incl. music) diagrs. 22 cm .
361 1001 160 44 Paged
553 1000 353 47 continuously.

362 1056 268 48 Title-page
659 1056 52 40 of
738 1068 41 28 v.
808 1056 29 39 6
861 1056 192 47 printed:
1112 1057 165 38 World
1306 1056 125 43 wide
1459 1058 279 39 illustrated
1769 1058 349 49 encyclopedia.

362 1113 348 48 Bibliography
737 1116 52 37 at
815 1115 90 38 end
934 1112 54 41 of
1012 1123 132 30 some
1169 1113 55 40 of
1250 1114 82 39 the
1357 1113 210 40 articles,

294 1196 39 27 v.
371 1185 39 45 1,
445 1180 53 52 ©
532 1184 109 39 Jan.
674 1182 70 49 29,
780 1183 112 39 1935;
955 1182 68 40 2c.
1059 1183 110 40 Feb.
1205 1183 52 45 5;
1296 1194 41 28 v.
1372 1182 39 47 2,
1444 1178 53 53 ©
1532 1183 110 40 Feb.
1679 1184 53 40 13;
1797 1185 65 39 2c.
1902 1185 109 40 Feb.
2048 1186 54 39 15;
2167 1198 41 28 v.
2243 1188 42 46 3,

362 1237 53 52 ©
441 1242 120 38 Mar.
589 1240 52 46 5;
671 1240 67 40 2c.
766 1241 120 38 Mar.
915 1239 51 47 9;
996 1238 108 41 affs.
1132 1240 120 38 Mar.
1282 1239 51 46 8;
1364 1251 40 27 v.
1433 1241 40 46 4,
1502 1236 53 52 ©
1583 1241 120 39 Mar.
1732 1239 81 42 25:
1844 1253 39 27 v.
1911 1242 39 45 5,
1978 1238 53 52 ©
2059 1243 112 47 Apr.
2200 1242 80 46 10;

360 1299 66 38 2c.
450 1298 118 39 each
591 1297 117 47 July
731 1296 25 40 5;
810 1296 107 39 affs.
941 1295 116 48 July
1080 1296 25 39 9;
1160 1307 42 28 v.
1226 1296 39 47 6,
1292 1292 53 52 ©
1367 1296 112 47 Apr.
1502 1297 55 38 24;
1609 1297 67 40 2c.
1702 1298 115 47 July
1842 1296 82 42 20:
1952 1298 81 40 aff.
2060 1299 114 48 July
2201 1298 80 48 16;

358 1355 41 38 A
430 1353 345 47 81222-81224;
810 1352 155 46 84608,
998 1352 158 47 84609,
1191 1352 168 46 85118;
1397 1354 173 46 Books,
1604 1354 104 48 inc.,
1742 1354 196 39 Boston.
2005 1353 280 50 [Copyright

361 1412 41 38 is
443 1411 205 40 claimed
689 1420 59 29 on
790 1409 248 45 deletions,
1083 1408 236 41 revisions
1360 1409 94 39 and
1497 1409 259 50 additions]

292 1513 249 65 Palmer,
573 1511 332 66 Frederick,
938 1513 169 52 1873-

361 1592 120 51 The
509 1610 132 32 man
670 1590 140 52 with
841 1609 30 32 a
899 1597 258 59 country,
1184 1589 75 67 by
1288 1590 309 52 Frederick
1624 1593 244 50 Palmer.
292 1591 1965 143 Indianapolis,
412 1667 135 52 New
585 1665 176 68 York,

797 1665 118 52 The
950 1664 439 56 Bobbs-Merrill
1425 1683 275 50 company
1920 1698 12 34 [c1935]

359 1739 83 39 334
471 1749 43 37 p.
574 1738 25 38 21½c
678 1739 27 21 m
711 1770 9 9 .

361 1809 161 39 “First
551 1806 225 41 edition.”

291 1879 1990 106 © Oct. 23, 1935; 1c. Nov. 11; 1c. Oct. 26: aff. Oct. 28; A 87995; Bobbs-Merrill co. (35-22338)
291 2044 181 62 Piatz,
500 2043 210 55 Mabel.

360 2121 120 51 The
525 2120 221 66 history
795 2119 63 52 of
906 2117 192 69 public
1144 2119 293 67 speaking,
1487 2138 29 33 a
1564 2120 385 66 comparative
1996 2120 170 66 study
2214 2120 63 53 of

290 2195 1987 69 world oratory, by Mabel Piatz … New York, Noble and Noble,
288 2275 104 53 inc.
427 2309 11 32 [
444 2282 17 21 c
467 2277 151 63 1935]

357 2349 84 40 301
474 2359 42 37 p.
575 2347 56 39 24
634 2349 43 21 cm
683 2378 9 8 .

358 2417 348 47 Bibliography
731 2419 51 37 at
807 2417 90 39 end
924 2416 53 40 of
1001 2417 118 38 each
1144 2416 199 47 chapter
1367 2419 170 44 except
1562 2416 200 47 chapter
1787 2427 45 29 x.

288 2483 52 53 ©
377 2488 126 46 Sept.
538 2488 68 46 27,
641 2486 141 46 1935;
819 2487 65 39 2c.
921 2488 95 38 and
1051 2486 82 40 aff.
1170 2486 100 40 Oct.
1307 2486 80 41 15:
1426 2486 39 38 A
1501 2486 168 47 86761;
1709 2487 149 40 Noble
1894 2487 35 39 &
1966 2486 164 48 Noble,
353 2488 1906 103 publishers,
571 2544 90 40 inc.
732 2542 253 49 (35-21937)

286 2646 222 52 Punch,
583 2666 50 33 v.
666 2650 115 62 189,
809 2665 85 34 no.
924 2649 154 62 4922,
1108 2646 124 54 Oct.
1261 2649 49 63 2,
1341 2648 148 51 1935.

287 2730 1987 51 © 1c. Nov. 30, 1935; A ad int. 20818; pubd. Oct. 2; Herbert Heather,
353 2790 210 38 London.

286 2891 259 63 Rheude,
574 2891 174 62 Mary
777 2891 66 52 B.

354 2968 89 52 No
472 2985 154 33 more
654 2984 185 49 songs,
869 2965 74 68 by
971 2966 170 67 Mary
1171 2966 66 52 B.
1269 2965 262 66 Rheude;
1567 2964 287 67 drawings
1885 2964 74 67 by
1987 2964 283 52 Mercedes

284 3044 188 52 Diana
505 3043 184 66 Glass,
720 3042 270 68 designed
1019 3043 74 67 by
1124 3043 184 65 Daryl
1342 3041 289 54 Chandler
1663 3043 212 50 Doran.
1941 3042 138 51 New
2112 3041 157 51 York

284 3122 133 67 city,
443 3121 68 52 R.
538 3120 221 54 Wilder
787 3120 112 53 and
926 3138 278 50 company
1238 3153 11 33 [
1255 3127 17 20 c
1279 3122 132 48 1932
1417 3153 12 33 ]

354 3196 71 45 47,
457 3195 55 47 [1]
543 3204 43 37 p.
646 3193 129 40 illus.
834 3193 55 40 19½
921 3196 43 21 cm
969 3224 9 9 .

357 3262 273 40 “Nazareth
659 3261 196 48 edition,
884 3261 188 40 limited
1100 3265 49 38 to
1179 3272 87 29 one
1294 3262 219 39 hundred
1542 3260 261 41 numbered
1831 3260 159 47 copies
2016 3260 167 47 signed
2209 3262 57 46 by

287 3319 80 39 the
390 3318 191 48 author,
608 3318 53 39 of
683 3317 158 40 which
866 3317 97 40 this
986 3317 42 40 is
1052 3328 118 37 copy
1194 3318 201 39 number
1420 3317 97 40 75.”

285 3382 52 53 ©
369 3388 113 46 May
512 3387 39 46 3,
583 3386 113 41 1935;
757 3387 66 40 2c.
856 3388 94 38 and
981 3386 81 40 aff.
1095 3387 100 39 Oct.
1228 3388 81 45 14;
1344 3388 41 37 A
1416 3387 169 46 87695;
1621 3388 60 38 M.
1716 3388 53 38 B.
1804 3388 211 47 Rheude,
2048 3386 218 47 Chicago.

362 3443 279 49 (35-21934)

285 3546 238 60 Roscoe,
553 3546 318 53 Theodore.

353 3620 237 53 Murder
635 3640 70 33 on
751 3620 97 53 the
890 3620 154 68 way!
1130 3622 89 67 By
1264 3621 294 52 Theodore
1601 3622 227 51 Roscoe.
1909 3621 136 51 New
2091 3618 173 63 York,

286 3697 200 57 Dodge
514 3696 334 69 publishing
876 3714 278 51 company
1370 3730 11 33 [c1935]

353 3754 611 65 5 p. l., 3-279 p. 19½c m .
355 3837 67 38 “A
449 3837 108 41 blue
586 3839 166 39 streak
778 3839 256 47 mystery.”

355 3894 160 40 “First
545 3894 226 41 edition.”

282 3959 54 53 ©
365 3964 126 47 Sept.
518 3964 40 46 9,
584 3963 113 41 1935;
751 3964 67 41 2c.
845 3966 116 39 Nov.
987 3965 26 38 2;
1070 3965 82 40 aff.
1181 3965 99 41 Oct.
1307 3965 55 39 31;
1418 3966 41 38 A
1486 3965 142 40 89155;
1685 3965 51 39 T.
1766 3965 194 45 Roscoe,
1990 3963 270 44 Rochester,

352 4021 53 37 N.
434 4021 53 38 Y.
557 4020 278 44 (35-21951)
