2424 4375
1069 4044 97 48 655

126 422 118 52 The
271 421 381 65 Progressive
682 423 283 53 reference
990 423 235 66 library.
1287 425 56 51 A
1369 440 122 35 new
1518 423 214 53 edition
1759 424 140 52 with
193 430 1897 122 extensive

351 499 289 60 revisions,
682 499 287 53 additions
1011 501 111 51 and
1164 501 412 66 enlargements
1614 502 171 51 based
1826 519 154 50 upon
2021 502 96 51 the

195 583 206 46 newest
428 595 193 35 census
647 584 221 60 reports
894 578 110 51 and
1033 578 94 51 the
1152 584 147 47 most
1325 586 186 46 recent
1538 577 439 68 epoch-making
194 579 1897 135 discoveries,

482 654 321 55 inventions
832 656 110 51 and
972 656 426 51 achievements.
1460 658 55 51 A
1542 656 218 67 library
1789 655 62 53 of
1878 657 237 67 history,

193 732 347 67 geography,
570 734 340 65 biography,
943 732 247 68 biology,
1224 733 312 69 literature,,
1569 734 326 66 economics,
1929 734 187 66 civics,

190 817 134 57 arts,
346 810 255 65 sciences,
626 812 353 65 discoveries,
1002 811 404 67 explorations,
1430 812 340 66 inventions,
1795 829 321 49 commerce,

194 886 1861 69 etc. Cyclopaedia of general and recent information …
195 968 210 64 Boone,
482 986 65 42 Ia.,
590 967 268 67 Chicago,
899 968 92 51 Ill.
1057 973 120 60 [etc.]
1222 968 121 52 The
1383 968 174 52 Holst
1596 966 335 68 publishing
194 985 1899 126 company,
394 1048 148 49 1935.

246 1117 1871 50 11 v . superimposed front. (v. 8) illus. (ind. music) plates (part col.,
127 1177 24 37 1
183 1176 186 46 double,
402 1177 24 37 1
459 1174 385 49 superimposed)
886 1177 162 46 ports.,
1081 1185 139 37 maps
1246 1175 47 48 (1
1325 1175 198 48 double)
1564 1174 178 48 diagrs.
1804 1175 55 39 25½
1893 1178 44 20 cm
1942 1207 9 8 .

195 1233 127 39 Vols.
350 1232 88 40 1-8
462 1233 94 39 and
583 1232 80 39 9-10
724 1233 153 46 paged
903 1232 354 47 continuously.

195 1290 128 39 Vols.
354 1289 116 40 9-10
499 1290 125 39 have
654 1289 109 40 title;
825 1288 241 41 Practical
1101 1290 141 38 home
1272 1290 94 38 and
1399 1289 163 39 school
1597 1289 235 40 methods.

197 1347 99 39 Vol.
323 1347 55 38 11
403 1347 88 39 has
518 1346 107 40 title;
682 1346 154 40 Loose
859 1346 101 39 leaf
986 1345 253 41 extension
1266 1345 195 40 service.

196 1403 73 40 On
292 1413 140 30 cover;
486 1403 133 40 With
645 1404 127 39 loose
798 1402 102 41 leaf
925 1402 210 41 revision
1163 1402 196 41 service.

197 1459 169 42 Editor
392 1461 51 38 in
470 1459 131 41 chief;
655 1461 53 38 B.
735 1460 49 39 P.
814 1461 154 39 Holst

128 1514 52 52 ©
209 1517 109 40 Jan.
346 1517 40 42 2,
418 1516 139 48 1935;
589 1516 66 41 2c.
688 1518 118 40 each
836 1518 107 39 Jan.
977 1516 81 47 19;
1091 1516 81 41 aff.
1204 1517 109 39 Jan.
1344 1516 82 47 14;
1459 1517 43 38 A
1531 1516 169 46 80064;
1735 1517 147 39 Holst
1910 1516 107 48 pub.
2050 1526 67 30 co.

199 1574 281 49 [Copyright
505 1574 41 40 is
574 1574 205 39 claimed
806 1585 60 28 on
893 1573 212 41 revision
1135 1574 96 39 and
1260 1584 109 29 new
1394 1576 131 37 loose
1553 1574 104 40 leaf
1687 1574 318 47 supplement]

205 1631 249 48 (35-1285)

126 1732 308 65 Ransome,
466 1733 249 63 Arthur,
750 1737 170 51 1884-

196 1810 143 54 Coot
381 1810 145 65 club,
565 1810 75 66 by
680 1809 223 53 Arthur
942 1811 311 63 Ransome;
1296 1809 322 53 illustrated
1661 1808 74 65 by
1774 1808 95 54 the
1911 1808 206 53 author

128 1888 111 52 and
278 1888 214 52 Helene
532 1887 218 55 Carter.
822 1886 425 67 Philadelphia,
1283 1887 258 63 London,
1579 1887 56 52 J.
1675 1888 67 50 B.
1781 1885 337 67 Lippincott

126 1983 277 48 company
441 1998 12 33 [
459 1971 17 21 c
481 1967 133 51 1935]

194 2035 100 49 342,
328 2037 54 49 [1]
411 2048 43 37 p.
484 2036 110 40 incl.
621 2037 164 41 front.,
816 2037 125 39 illus.
998 2036 173 41 double
1197 2046 151 39 maps.
1408 2035 55 40 21
1467 2038 43 21 cm
1514 2067 8 9 .

195 2093 286 41 Illustrated
518 2096 96 46 t.-p.

128 2147 51 53 ©
209 2153 112 45 May
348 2153 68 40 17,
445 2150 112 40 1935;
617 2151 65 39 2c.
717 2151 94 38 and
841 2149 78 40 aff.
950 2150 113 46 May
1093 2149 82 46 18;
1208 2149 41 39 A
1276 2148 142 41 83178;
1477 2149 43 40 J.
1550 2150 54 38 B.
1633 2148 276 50 Lippincott
1939 2161 66 29 co.

206 2208 249 48 (35-7174)

128 2308 314 66 Robinson,
469 2310 279 54 Rowland
778 2311 217 63 Evans,
1025 2313 325 50 1833-1900.

259 2386 1857 68 … Sam Lovel’s camps and other stories including In the
126 2484 167 49 green
319 2465 159 52 wood;
533 2465 287 52 (foreword
846 2465 72 66 by
944 2467 200 50 Duane
1171 2467 183 63 Leroy
1379 2465 291 52 Robinson;
1726 2466 390 52 introduction

129 2544 72 67 by
228 2544 224 53 Arthur
478 2544 248 54 Wallace
756 2543 200 53 Peach.
1022 2543 275 65 Rutland,
1323 2544 115 64 Vt.,
1465 2543 124 53 The
1614 2544 198 52 Tuttle
1837 2560 279 51 company

133 2656 11 32 [
150 2629 18 20 c
173 2625 134 50 1934
311 2655 12 33 ]

196 2690 905 48 264 p. front. (port.) illus. 24 cm .
201 2748 63 40 At
295 2748 123 39 head
451 2748 52 38 of
537 2748 108 39 title;
706 2746 281 41 Centennial
1023 2746 182 39 edition;
1270 2746 250 47 Rowland,
1557 2747 53 40 E.
1645 2746 246 41 Robinson;
1956 2749 159 40 edited

131 2805 59 47 by
221 2805 259 46 Llewellyn
517 2804 53 39 R.
606 2803 216 40 Perkins.

131 2861 51 53 ©
216 2865 112 48 Apr.
362 2865 69 46 25,
466 2863 112 40 1934;
641 2863 66 39 2c.
745 2864 113 45 May
893 2862 68 47 13,
999 2861 140 41 1935;
1178 2861 80 40 aff.
1297 2862 112 47 May
1449 2862 81 46 10;
1570 2863 41 38 A
1646 2862 170 47 81768;
1854 2864 262 48 Llewellyn

198 2922 135 40 Rood
374 2922 216 44 Perkins,
635 2918 319 48 Middlebury,
997 2919 76 38 Vt.
1136 2918 280 49 [Copyright
1459 2918 39 40 is
1542 2918 203 41 claimed
1788 2931 61 29 on
1892 2922 223 39 Muskrat

202 2979 239 47 trapping,
483 2977 201 39 Bow-fin
724 2975 176 48 fishing
939 2974 49 39 in
1032 2976 79 39 the
1154 2976 143 39 south
1337 2976 164 47 slang;
1545 2975 242 40 foreword
1831 2979 92 38 and
198 2976 1902 107 introduction]
480 3032 249 49 (35-6769)

131 3126 180 53 Scott.
339 3127 135 50 Mrs.
502 3125 157 51 Lena
687 3122 239 53 Becker.

194 3200 184 52 Dawn
408 3201 124 65 Boy
560 3198 62 53 of
651 3199 93 51 the
774 3197 230 68 pueblos
1037 3196 90 69 [by]
1177 3197 154 53 Lena
1362 3196 217 53 Becker
1609 3196 187 70 Scott;
131 3198 1959 131 introduction
295 3278 72 67 by

419 3277 165 66 Mary
635 3274 228 68 Austin,
912 3273 377 54 illustrations
1338 3274 75 69 by
1461 3275 90 53 W.
1602 3275 280 69 Langdon
1936 3277 175 53 Kihn.

136 3355 419 68 Philadelphia,
597 3352 249 69 Chicago
909 3359 118 61 [etc.]
1074 3354 119 53 The
1233 3354 155 54 John
1430 3354 62 54 C.
1532 3354 261 55 Winston
1838 3376 274 48 company

210 3438 116 63 [c1935]

203 3505 62 46 ix,
295 3505 83 41 198
406 3516 41 37 p.
509 3505 84 37 col.
622 3504 161 41 front.,
813 3502 139 41 illus,.
983 3503 84 39 col.
1100 3504 165 45 plates.
1327 3502 55 39 22
1385 3506 42 20 cm
1433 3534 6 6 .

135 3557 51 53 ©
209 3563 110 48 Apr.
349 3564 39 45 1,
415 3561 139 46 1935;
582 3561 67 39 2c.
676 3561 114 46 Apr.
817 3560 81 46 25;
931 3559 80 40 aff.
1042 3559 111 48 Apr.
1183 3558 82 48 23;
1295 3560 41 38 A
1362 3560 169 47 81583;
1562 3561 127 40 John
1721 3563 47 40 C.
1798 3562 223 41 Winston
2047 3577 66 29 co.

210 3619 276 48 (35-27181)

139 3707 191 65 [Sizer,
361 3710 298 50 Laurence]
717 3711 166 48 1890-

202 3781 1884 71 The two men from northern rivers, by Don Laurier [ pseud.]
193 3857 1920 68 … an enthralling real Australian life story … [Adelaide,
137 3935 691 69 Sharples-printers-ltd.,
862 3937 133 49 1934]
