2424 4375
1099 4053 99 49 449

226 526 717 48 2 p. L, 137 numb. 1. 27 ½ cm.
156 590 53 53 ©
236 596 110 39 Dec.
374 595 70 47 18,
471 594 115 40 1934;
639 593 66 42 2c.
735 595 110 39 Dec.
872 594 83 47 24;
986 593 81 40 aff.
1095 595 112 38 Dec.
1235 592 83 48 26;
1348 594 42 38 A
1418 592 169 47 78701;
1620 592 51 40 F.
1702 593 57 38 D.
1790 590 224 47 Murphy,
225 589 1906 102 Milwaukee.

157 752 280 53 National
466 753 222 54 council
717 753 63 53 of
810 753 272 52 teachers
1108 753 64 52 of
1201 751 438 55 mathematics.

289 827 1857 70 … The tenth yearbook. The teaching of arithmetic. New
157 907 161 52 York
347 909 132 66 city,
508 910 229 51 Bureau
764 909 63 51 of
855 907 398 69 publications,
1282 908 278 51 Teachers
1588 906 228 67 college,
1847 906 300 54 Columbia

159 987 330 66 university,
520 989 149 53 1935.

226 1070 861 50 vi p., 2 l., 289 p. diagrs. 23½cm.
156 1138 53 53 ©
238 1143 109 39 Feb.
374 1142 69 46 25,
472 1140 140 48 1935;
642 1141 67 40 2c.
739 1143 95 38 and
863 1140 80 41 aff.
972 1141 110 47 Apr.
1115 1141 52 46 8;
1199 1141 41 38 A
1268 1140 170 48 82436;
1469 1140 129 39 Natl.
1630 1139 187 41 council
1847 1139 51 40 of
1927 1139 222 40 teachers

225 1199 52 40 of
302 1198 352 48 mathematics,
682 1198 117 40 New
824 1198 143 39 York.

156 1299 144 54 New
329 1299 160 52 York
524 1300 216 67 (State)
824 1300 182 67 Laws,
1030 1304 257 63 statutes,
1314 1305 99 48 etc.

288 1377 1859 68 … McKinney’s consolidated laws of New York, annotated.
165 1454 1984 69 [Quarterly supplement] April, 1935 … Northport, N. Y.,
157 1532 253 53 Edward
437 1534 330 66 Thompson
795 1550 295 49 company,
1115 1535 174 50 c1935.

227 1606 283 45 cover-title,
539 1605 87 39 227
653 1616 42 36 p.
752 1606 144 38 23½cm.

157 1669 53 53 ©
240 1675 113 46 Apr.
385 1673 69 47 15,
485 1672 139 48 1935;
657 1674 67 40 2c.
756 1675 95 38 and
880 1673 80 40 aff.
993 1674 112 47 Apr.
1138 1671 81 49 19;
1253 1674 41 38 A
1326 1672 169 48 82575;
1532 1674 212 39 Edward
1775 1674 274 45 Thompson
2080 1683 67 30 co.

157 1792 234 64 Newell,
422 1794 137 53 Mrs.
589 1791 249 65 Georgie
869 1791 301 64 (Willson)

227 1869 249 53 Natchez
505 1871 112 51 and
643 1870 95 51 the
763 1868 359 69 pilgrimage,
1148 1869 75 68 by
1250 1866 243 70 Georgie
1518 1867 247 57 Willson
1791 1869 214 53 Newell
2035 1871 112 52 and

160 1946 234 54 Charles
446 1947 318 55 Cromartie
817 1948 298 65 Compton.
1196 1946 358 68 [Kingsport,
1606 1949 196 65 Tenn.]
1862 1947 284 55 Southern

159 2024 336 68 publishers,
524 2024 124 67 inc.,
679 2029 149 50 1935.

223 2097 58 42 39
305 2109 41 38 p.
402 2098 164 46 front.,
594 2099 171 47 plates,
791 2099 150 47 ports.
994 2097 146 41 31½cm.

225 2156 138 47 Maps
393 2165 59 29 on
482 2154 360 48 lining-papers.

225 2211 331 48 Frontispiece
584 2211 341 48 accompanied
952 2211 62 48 by
1039 2211 157 47 guard
1222 2211 137 40 sheet
1386 2210 119 41 with
1533 2209 293 50 descriptive
1852 2211 297 47 letterpress.

159 2277 53 53 ©
241 2283 120 38 Mar.
390 2282 69 48 25,
489 2280 140 48 1935;
660 2281 68 41 2c.
757 2283 96 39 and
882 2281 83 40 aff.
996 2283 121 39 Mar.
1148 2281 82 47 30;
1264 2283 42 38 A
1335 2282 169 47 81227;
1539 2281 51 41 G.
1622 2282 70 39 W.
1725 2282 196 47 Newell,
227 2282 1904 104 Chattanooga.
465 2338 250 50 (35-5311)

155 2438 201 66 Noble,
388 2441 226 64 George
642 2440 284 65 Bernard,
956 2444 170 51 1892-

219 2517 245 54 Policies
497 2518 114 53 and
640 2517 265 68 opinions
938 2522 61 48 at
1027 2517 186 67 Paris,
1250 2519 132 51 1919;
1449 2516 325 55 Wilsonian
1808 2514 343 71 diplomacy,

150 2596 96 52 the
287 2592 308 57 Versailles
634 2613 185 50 peace,
861 2595 111 53 and
1013 2594 224 54 French
1277 2594 194 69 public
1513 2594 256 69 opinion,
1807 2594 76 68 by
1926 2593 220 69 George

150 2672 1997 67 Bernard Noble … New York, The Macmillan company, 1935.
222 2744 616 50 X p., 1 l., 465 p. 22½cm.
222 2802 376 48 Bibliography:
628 2812 42 38 p.
699 2800 216 43 429-139.

158 2867 53 53 ©
235 2873 110 46 Apr.
371 2871 41 48 2,
436 2870 116 42 1935;
602 2871 67 40 2c.
695 2873 95 38 and
815 2871 80 40 aff.
920 2872 114 44 Apr.
1060 2871 30 40 3;
1143 2872 41 38 A
1209 2871 147 40 82345;
1407 2870 282 41 Macmillan
1715 2881 67 30 co.

237 2928 250 49 (35-5141)

158 3028 261 66 Ogburn,
446 3032 138 51 Mrs.
613 3030 287 64 Dorothy.

165 3101 1960 148 … The will and the deed. New York, Dodd, Mead & company, 1935.
230 3252 81 47 vii,
348 3270 70 31 [1],
449 3251 86 40 264
565 3262 43 37 p.
668 3252 128 40 illus.
823 3251 162 49 (plan)
1053 3252 145 42 19½cm.

232 3308 64 40 At
326 3309 123 39 head
480 3308 52 40 of
564 3309 133 39 title:
732 3310 74 47 By
834 3310 220 47 Dorothy
1087 3309 209 48 Ogburn.

158 3375 53 53 ©
239 3381 111 47 Apr.
381 3380 69 46 10,
482 3381 115 40 1935;
654 3382 66 39 2c.
751 3383 95 38 and
876 3382 82 39 aff.
991 3383 112 47 Apr.
1135 3382 56 39 12;
1250 3384 40 37 A
1321 3381 139 42 81391;
1525 3383 54 38 D.
1613 3382 210 47 Ogburn,
1855 3382 116 38 New
2001 3382 145 39 York.

237 3437 249 47 (35-5305)

158 3536 380 67 Oppenheim,
568 3540 138 53 Saul
735 3540 401 55 Chesterfield.

229 3613 166 54 Cases
426 3634 72 33 on
526 3616 161 52 trade
717 3616 338 68 regulation,
1083 3617 188 52 edited
1302 3618 112 51 and
1445 3618 307 51 annotated
1780 3618 74 66 by
1887 3617 54 54 S.

155 3616 1965 145 Chesterfield Oppenheim … [Washington, D. C.] The George
155 3694 1963 140 Washington
401 3767 315 69 university
759 3771 360 67 duplicating
1160 3772 231 55 bureau.
1434 3773 120 51 The
1598 3772 335 66 University
1976 3778 167 58 store,

159 3847 148 51 1934.

225 3917 1427 48 7 p. l., 621-879 numb. l., 7 l., 880-957 numb. 1. 27½cm.
226 3985 72 40 On
325 3996 140 30 cover:
521 3987 121 40 Part
729 4017 8 9 III.
