2424 4375
1197 4064 98 47 932

309 515 75 38 An
412 516 203 37 account
641 514 52 39 of
721 515 81 38 the
828 513 127 40 farm
984 516 337 44 management
1351 513 182 40 service
1564 514 51 39 of
1644 515 80 38 the
1754 514 226 39 Farmers
2009 515 214 37 national

239 579 247 39 company,
519 570 200 40 Omaha.

241 637 53 52 ©
334 642 108 39 Dec.
485 643 39 44 7,
561 641 114 40 1934;
741 640 66 41 2c.
848 641 93 39 and
981 640 81 40 aff.
1106 642 107 38 Jan.
1257 641 39 45 8,
1335 640 139 46 1935;
1517 642 39 37 A
1597 641 142 39 78927;
1807 642 49 40 C.
1898 642 43 39 J.
1982 641 245 46 Claassen,

309 698 200 40 Omaha.
574 697 279 50 [Copyright
879 698 43 38 is
949 697 203 40 claimed
1180 708 60 29 on
1269 708 104 29 new
1401 697 107 41 title
1535 699 97 38 and
1660 697 264 50 rewriting]

319 754 249 48 (35-9843)

240 858 304 63 Condliffe,
570 859 153 52 John
754 859 140 61 Bell,
927 864 167 49 1891-

311 932 1913 69 War and depression, by J. B. Condliffe … Boston, New
243 1011 176 54 York.
447 1011 200 53 World
677 1029 165 49 peace
874 1011 359 66 foundation,
1266 1013 149 50 1935.

310 1082 27 40 3
363 1094 42 37 p.
456 1116 8 8 l.,
509 1083 114 40 5-30
651 1094 42 37 p.
751 1084 125 40 illus.
905 1085 157 46 (map)
1099 1083 152 48 diagr.
1306 1082 57 41 20½
1396 1085 14 21 cm
1444 1115 9 9 .
1521 1084 188 47 (World
1742 1082 172 41 affairs
1945 1084 284 47 pamphlets,

242 1149 59 30 no
343 1140 78 47 10)

242 1209 53 52 ©
321 1213 127 39 June
470 1212 68 46 22,
563 1213 112 40 1935;
728 1212 66 41 2c.
819 1214 93 39 and
938 1212 81 41 aff.
1047 1214 128 39 June
1197 1213 56 40 25;
1306 1213 39 38 A
1370 1214 144 39 83777;
1566 1214 166 39 World
1758 1224 146 37 peace
1926 1210 303 43 foundation.

327 1268 249 49 (35-9978)

244 1375 238 62 Cooper,
512 1374 245 54 Charles
784 1376 63 53 P.

317 1451 118 52 The
480 1468 186 49 power
708 1449 62 53 of
809 1450 93 52 the
943 1449 273 69 Supreme
1258 1457 159 46 court
1457 1450 62 52 of
1559 1450 96 54 the
1693 1448 214 55 United
1949 1448 187 55 States
2175 1455 57 47 to

247 1528 217 53 declare
491 1533 117 48 acts
634 1527 65 54 of
727 1526 276 69 Congress
1030 1527 148 52 void.
1255 1527 116 52 Did
1402 1527 93 53 the
1526 1526 241 53 framers
1795 1526 62 52 of
1888 1527 91 53 the
246 1525 1961 132 Constitution
465 1606 111 51 and
607 1605 93 53 the
734 1604 301 52 American
1069 1605 197 66 people
1301 1604 195 52 intend
1528 1611 56 48 to
1616 1603 194 52 confer
1841 1604 133 51 such
2008 1604 220 66 power?

246 1679 1961 224 Discussions of the judicial power, by the delegates to the constitutional conventions. By Charles P. Cooper … Jacksonville, Fla., The Cooper press [ c 1935 ]
315 1906 55 40 31
402 1916 43 38 p.
505 1905 55 41 23
563 1908 14 20 cm
611 1937 9 8 .

318 1963 412 48 Bibliographical
762 1964 110 38 note:
933 1973 43 38 p.
1009 1964 70 40 31.

247 2033 1986 53 © June 5, 1935; 2c. and aff. June 8; A 83530; C. P. Cooper, Jacksonville,
317 2095 100 39 Fla.
489 2093 249 48 (35-9828)

246 2197 195 65 Craig,
470 2198 253 54 William
750 2199 264 63 Warren,
1045 2204 169 49 1883-

317 2273 298 53 Financial
668 2273 244 69 security…
1092 2273 318 68 self-made,
1465 2274 76 68 by
1595 2274 89 53 W.
1737 2274 90 52 W.
1888 2273 175 69 Craig
2120 2272 110 52 and

247 2350 1532 69 Challiss Gore … Baltimore, Mutual press, 1935.
317 2422 734 48 3 p. l. 50 p. diagrs. 19 cm .
249 2479 53 52 ©
330 2483 127 39 June
482 2483 68 46 15,
580 2481 139 47 1935;
752 2482 67 39 2c.
847 2483 93 38 and
968 2481 79 39 aff.
1078 2481 124 41 June
1229 2482 59 38 20;
1342 2482 41 38 A
1412 2481 168 46 83722;
1614 2483 189 39 Mutual
1832 2491 148 39 press,
2010 2482 90 40 inc.

329 2538 249 48 (35-9088)

248 2643 180 62 Danz,
459 2643 196 52 Louis.

322 2717 387 65 Zarathustra,
738 2715 90 67 jr.,
860 2716 198 68 speaks
1088 2716 63 52 of
1183 2722 105 59 art,
1320 2717 69 63 by
1422 2716 175 53 Louis
1627 2716 191 62 Danz;
1851 2715 278 52 foreword
2164 2717 67 64 by

252 2793 177 55 Merle
460 2793 314 67 Armitage.
850 2792 135 53 New
1022 2791 175 68 York,
1233 2792 348 65 Brentano’s,
1615 2794 149 50 1934.

321 2863 1911 50 4 p. l. , v, 155 p., 2 l. inch front., illus. (inch music) diagr. plates.
252 2920 55 41 23½
339 2923 44 21 cm
388 2951 9 10 .

253 2978 53 52 ©
328 2983 111 38 Dec.
463 2980 68 42 15,
556 2979 113 41 1934;
722 2980 66 39 2c.
814 2981 124 38 June
962 2980 40 45 8,
1029 2978 139 47 1935;
1197 2979 81 40 aff.
1304 2980 125 39 June
1454 2981 26 37 7;
1533 2980 39 38 A
1598 2980 141 39 84547;
1799 2981 147 38 Merle
1974 2980 261 47 Armitage,

325 3038 93 39 Los
439 3038 217 46 Angeles.
729 3035 248 48 (35-9742)

251 3137 302 64 Dearmer,
584 3138 293 63 Geoffrey,
908 3143 170 50 1893-

321 3216 119 51 They
527 3216 160 52 chose
736 3221 57 46 to
840 3215 64 52 be
952 3212 174 69 birds,
1173 3215 74 66 by
1293 3212 266 70 Geoffrey
1607 3218 287 50 Dearmer.
1982 3216 252 65 London,

251 3294 269 58 Toronto,
547 3293 87 53 W.
665 3293 376 64 Heinemann,
1069 3293 101 51 ltd.
1206 3296 171 63 [1935]

323 3366 25 39 3
377 3375 44 37 p.
484 3395 9 16 l.,
521 3364 85 40 280
635 3375 43 37 p.
736 3364 58 40 20
794 3367 45 21 cm
843 3396 9 9 .

254 3419 1965 106 © 1c. June 20, 1935; A ad int. 20332; pubd. Apr. 29; G. Dearmer, London. (35-10045)
252 3578 198 64 Denis,
478 3579 179 53 Noële
684 3579 277 54 Maurice.

389 3652 1845 69 … Romée; ou, Le pèlerin moderne à Rome; épilogue de
259 3729 1977 69 Georges Goyau … avec 23 plans schématiques, dont 2 hors
253 3812 168 58 texte,
458 3814 53 44 et
548 3810 65 46 25
651 3806 389 52 illustrations.
1116 3807 181 66 Paris,
1334 3806 245 67 Desclée,
1618 3808 68 51 de
1725 3807 269 51 Brouwer
2032 3811 55 47 et
2121 3807 113 65 cie.,

260 3884 150 51 1935.

324 3955 1802 51 3 p. h, [ix]-xxii, 952 p. illus. (inch plans) 2 double maps. 16 ½ cm .
