2526 4384
1271 3997 100 49 248

313 396 365 66 Henderson,
707 398 138 51 Mrs.
876 394 292 56 Gertrude
1200 392 249 67 (Mevis)
1487 398 171 50 1888-

389 474 122 52 The
540 472 194 69 public
760 470 218 70 library
1009 490 60 35 as
1099 491 30 35 a
1160 475 370 64 government
1555 467 229 70 service,
1813 467 75 70 by
1918 464 284 57 Gertrude
2232 465 79 52 M.

322 551 350 54 Henderson.
763 549 399 69 Washington,
1220 547 70 54 D.
1352 546 81 70 C.,
1490 546 121 53 The
1667 543 273 56 National
1995 545 199 68 league
2252 541 62 54 of

325 646 211 35 women
565 633 187 48 voters
785 629 173 67 [1935]

389 698 283 48 cover-title,
706 699 28 40 8
765 709 43 38 p.
867 697 56 42 23
926 700 45 22 cm
975 728 10 10 .

391 755 72 40 “A
490 755 299 50 publication
819 756 186 39 related
1037 756 49 39 to
1119 755 81 40 the
1229 764 229 39 program
1488 754 52 40 of
1570 754 83 40 the
1682 754 321 47 Department
2036 754 52 39 of
321 760 1976 93 government
481 813 95 39 and
607 810 407 49 education.”—p.
1049 812 39 49 [2]
1136 812 53 39 of
1217 821 153 30 cover.

392 868 349 48 Bibliography;
803 879 43 38 p.
883 868 40 41 8.

319 925 53 53 ©
404 930 110 39 Feb.
547 929 39 48 5,
620 927 113 42 1935;
794 929 67 39 2c.
896 928 96 40 and
1023 926 81 41 aff.
1138 926 109 41 Feb.
1280 927 55 39 13;
1399 927 40 38 A
1472 925 142 41 79613;
1678 926 116 39 Natl.
1841 926 175 47 league
2046 925 54 40 of
2130 933 185 31 women

388 988 176 45 voters,
593 986 91 40 inc.
754 984 251 49 (35-3888)

317 1087 279 67 Heurich,
630 1086 324 68 Christian,
987 1092 171 51 1842-

387 1165 124 55 Aus
554 1166 241 53 meinem
837 1166 178 67 leben,
1062 1168 337 63 1842-1934;
1447 1184 110 34 von
1602 1164 196 53 Haina
1841 1164 60 52 in
1947 1163 367 67 Thueringen

319 1244 145 52 nach
501 1243 383 68 Washington
923 1245 61 52 in
1024 1244 107 52 den
1170 1243 372 66 Vereinigten
1583 1242 237 55 Staaten
1860 1260 111 35 von
2009 1240 305 65 Amerika;

319 1320 318 54 lebenslauf
671 1322 118 52 und
823 1321 433 67 erinnerungen,
1291 1339 110 34 von
1438 1318 296 57 Christian
1769 1318 275 54 Heurich.
318 1318 1974 148 Washington,
577 1402 153 50 1934.

391 1470 1310 50 141 p. front., plates, ports., geneal. tab. 21 ½ cm .
322 1525 53 53 ©
403 1530 126 47 Sept.
557 1529 39 46 8,
625 1528 140 47 1834;
795 1529 67 39 2c.
891 1528 102 41 Oct.
1022 1527 52 48 1;
1105 1527 81 41 aff.
1217 1527 101 41 Oct.
1345 1526 82 48 10;
1457 1527 42 39 A
1524 1526 173 49 76426;
1729 1527 50 41 C.
1807 1525 231 50 Heurich,
392 1524 1911 102 Washington.
559 1585 250 49 (35-3708)

321 1692 290 64 Hoepner,
639 1692 187 54 Hans.

392 1768 230 53 Braune
647 1768 274 67 kolonne;
950 1767 91 54 ein
1068 1768 147 52 buch
1242 1768 101 52 der
1371 1766 134 66 SA.,
1532 1785 110 35 von
1670 1767 164 53 Hans
1860 1768 300 67 Hoepner;
323 1766 1972 147 mitgeteilt
575 1863 111 35 von
738 1845 257 53 Richard
1050 1846 288 66 Hoepner.
1428 1844 218 66 Berlin,
1700 1844 617 68 Buchmeister-verlag

326 1926 193 63 [c1934]

391 1994 368 50 266 p. 19 ½ cm .
324 2048 1995 54 © May 1, 1934; 1c. Nov. 10; A -Foreign 26104; Buchmeister-verlag,
392 2119 42 38 g.
464 2121 60 28 m.
553 2110 41 39 b,
626 2110 45 39 h.
742 2107 251 51 (35-3709)

324 2213 251 65 Huxley,
607 2213 227 54 Aldous
860 2214 287 56 Leonard.

392 2290 121 54 The
541 2291 442 68 interpretation
1012 2291 64 52 of
1103 2290 239 68 history.

403 2365 81 44 (In
511 2361 298 51 Everyman,
838 2375 81 29 no.
945 2363 70 49 18,
1045 2361 116 43 Feb.
1190 2364 40 47 8,
1263 2361 143 50 1935)

325 2417 1998 54 © 1c. Apr. 5, 1935; A ad int. 20092; pubd. Feb. 8; Aldous Huxley, Sanary
403 2478 169 50 (Var),
602 2478 199 40 France.

322 2581 240 55 Illinois.
635 2584 185 66 Laws,
849 2589 257 60 statutes,
1136 2588 100 48 etc.

396 2659 389 55 Smith-Hurd
841 2660 228 53 Illinois
1124 2661 308 51 annotated
1488 2663 254 50 statutes.
1834 2663 346 51 Permanent
2232 2662 84 51 ed.

329 2736 368 69 Comprising
735 2738 97 53 the
871 2740 137 50 laws
1049 2738 65 52 of
1150 2758 32 33 a
1220 2740 229 65 general
1492 2739 112 51 and
1643 2745 337 60 permanent
2016 2742 204 49 nature
2255 2741 61 52 in

327 2815 157 52 force
518 2821 60 47 at
609 2818 95 50 the
737 2817 109 51 end
882 2816 62 52 of
978 2817 96 51 the
1109 2813 361 70 fifty-eighth
1505 2816 244 54 General
1787 2817 294 67 assembly,
2116 2817 201 52 fourth

324 2892 209 68 special
566 2892 228 68 session,
826 2894 321 52 November
1177 2896 84 63 23,
1297 2896 148 49 1934.
1517 2894 159 67 Kept
1705 2898 60 47 to
1799 2895 131 51 date
1961 2895 76 67 by
323 2896 1970 127 cumulative
469 2971 209 52 annual
708 2971 206 66 pocket
938 2975 179 63 parts,
1142 2971 141 52 with
1312 2971 362 52 annotations
1704 2971 155 52 from
1887 2974 95 51 the
2010 2991 151 35 cases
325 2991 1968 124 construing
575 3066 64 33 or
664 3048 282 67 applying
969 3048 97 52 the
1089 3050 137 50 laws
1252 3048 111 53 and
1390 3049 139 50 with
1555 3049 178 53 tables
1760 3050 113 51 and
1897 3050 188 52 index,
326 3051 1965 128 chapters
485 3128 185 49 39-42.
719 3125 588 67 Descent-Drainage.
1391 3126 90 67 By
1526 3126 96 52 the
1667 3127 339 66 publishers’
2051 3127 265 54 editorial

324 3200 151 59 staff.
537 3201 268 68 Chicago,
829 3202 113 67 Ill.,
967 3202 279 54 Burdette
1272 3202 188 57 Smith
1485 3221 306 50 company;
1820 3206 82 55 St.
1927 3206 164 67 Paul,
2116 3207 201 67 Minn.,

323 3280 1968 145 West publishing co.; Kansas City, Mo., Vernon law book company [ c 1935]
431 3463 8 16 x,
467 3431 89 40 965
579 3442 43 37 p.
677 3430 55 38 24½
765 3431 43 21 cm
814 3461 8 8 .

326 3483 53 53 ©
403 3488 111 39 Feb.
539 3487 69 46 25,
634 3485 140 47 1935;
802 3485 68 40 2c.
896 3486 122 39 Mar.
1044 3487 80 44 18;
1155 3485 80 40 aff.
1262 3487 120 38 Mar.
1408 3486 55 38 21;
1520 3488 42 37 A
1586 3486 170 47 82043;
1785 3488 237 40 Burdette
2052 3488 155 41 Smith
2235 3500 80 38 co.,

585 3542 883 48 Vernon law book co. and West pub. co.
400 3643 388 55 Smith-Hurd
843 3644 228 53 Illinois
1127 3646 307 52 annotated
1490 3650 253 48 statutes.
1834 3650 345 50 Permanent
2228 3647 86 51 ed.

326 3721 311 67 February,
672 3725 151 63 1935,
855 3722 343 53 cumulative
1230 3723 311 66 pamphlet.
1611 3724 164 51 Laws
1809 3724 63 53 of
1906 3724 131 51 58th
2070 3725 243 54 General

328 3799 293 66 assembly,
656 3797 140 68 first,
832 3799 220 65 second,
1087 3799 175 66 third,
1299 3800 110 51 and
1447 3799 200 52 fourth
1684 3801 208 66 special
1926 3802 237 51 sessions
2200 3801 112 51 and

329 3876 130 49 59th
505 3875 243 54 General
797 3875 293 63 assembly,
1135 3877 228 61 regular
1406 3876 227 58 session,
1679 3877 244 54 October
1964 3882 49 49 3.
2059 3881 150 50 1933.
2253 3883 58 47 to
