2424 4375
1221 4064 99 47 590

267 444 267 67 Guthrie,
566 445 253 56 William
848 447 181 66 Buck,
1062 452 170 50 1869-

270 521 1963 130 American government, by William B. Guthrie … and Willard
437 598 1819 71 F. Barber … New York, N. Y., Globe book company
275 712 13 34 [
293 683 18 22 c
317 680 131 49 1935
455 710 13 35 ]

336 763 45 35 X,
406 752 98 47 285,
531 751 69 49 27,
625 753 27 38 4
678 763 42 37 p.
775 751 142 48 illus.,
943 751 179 48 diagrs.
1178 750 55 41 39
1235 754 44 21 cm
1283 782 8 9 .

336 824 222 39 Includes
586 823 387 48 bibliographies.

269 889 53 52 ©
347 894 111 48 Apr.
488 893 67 47 32,
613 892 87 41 1935;
754 892 66 42 2c.
847 894 112 48 Apr.
987 894 82 47 33;
1100 893 79 39 aff.
1210 894 113 47 Apr.
1351 894 82 47 23;
1465 895 41 38 A
1533 894 142 40 81675;
1734 894 150 40 Globe
1909 895 123 38 book
2060 902 81 38 co.,
2169 892 90 40 inc.

347 950 250 48 (35-6612)

270 1050 367 69 Gwathmey,
668 1054 154 53 John
854 1052 308 66 Hastings,
1197 1059 169 49 1886-

337 1128 119 53 The
479 1129 125 52 love
630 1127 197 55 affairs
851 1128 63 54 of
940 1128 250 69 Captain
1217 1129 157 53 John
1401 1128 208 71 Smith,
1634 1129 75 69 by
1736 1129 156 54 John
1919 1129 78 53 H.
266 1128 1969 146 Gwathmey

481 1206 1776 71 … Richmond, Va., Press of the Dietz printing co., 1935.
343 1280 730 49 2 p. l , iii-ix, 238 p. 20½ cm .
345 1350 328 47 Head-pieces.

270 1416 53 52 ©
351 1420 113 47 Apr.
494 1420 39 47 1,
562 1419 113 41 1935;
733 1419 67 41 2c.
831 1421 94 38 and
954 1419 82 41 aff.
1068 1421 114 46 May
1210 1419 83 48 10;
1324 1420 41 38 A
1394 1418 169 49 83017;
1596 1420 43 40 J.
1672 1421 60 39 H.
1764 1420 298 48 Gwathmey,
337 1421 1907 104 Washington.

589 1476 250 49 (35-6717)

269 1577 234 64 Hamm,
534 1578 253 55 William
819 1579 226 63 Albert,
1080 1584 170 50 1892-

340 1656 1859 68 A unit history of the United States, by William A. Hamm …
271 1733 1990 70 Henry Eldridge Bourne and Elbert Jay Benton … Boston,
269 1811 138 52 New
435 1812 161 53 York
645 1817 120 61 [etc.]
794 1815 71 51 D.
893 1813 60 54 C.
982 1814 195 52 Heath
1204 1813 112 52 and
1343 1831 278 50 company
1653 1846 13 34 [
1671 1819 18 22 c
1694 1815 132 50 1935
1832 1846 13 34 ]

339 1897 44 37 X,
414 1886 97 46 878,
539 1885 102 40 xliv
667 1897 41 36 p.
765 1886 162 47 front.,
956 1886 142 48 illus.,
1129 1896 136 37 maps
1294 1887 138 47 (part
1456 1888 197 48 double)
1691 1886 178 48 diagrs.
1926 1886 59 40 20½
2014 1889 43 20 cm
2062 1919 9 8 .

369 1957 157 39 “Based
554 1967 126 37 upon
708 1957 196 39 Bourne
930 1957 95 38 and
1054 1956 199 40 Bento’s
1277 1955 256 41 American
1564 1956 425 48 history.”—Pref.

338 2014 117 46 Map
479 2024 61 29 on
567 2013 335 49 lining-paper.

343 2070 345 48 “Suggestions
713 2070 79 40 for
819 2071 195 38 further
1043 2069 227 48 reading”
1301 2072 51 38 at
1380 2071 91 39 end
1499 2070 52 40 of
1579 2071 116 38 each
1725 2071 215 46 chapter.

273 2136 53 52 ©
352 2141 114 47 Apr.
494 2140 68 47 15,
591 2140 114 40 1935;
761 2140 65 40 2c.
858 2141 113 47 May
998 2141 28 38 4;
1081 2140 83 40 aff.
1195 2141 113 47 May
1337 2141 25 39 8;
1420 2140 41 39 A
1491 2138 146 42 82959;
1693 2141 70 39 W.
1793 2141 54 39 A.
1877 2141 192 46 Hamm,

343 2141 1902 102 Paterson,
483 2199 167 45 Henry
690 2197 231 48 Eldridge
958 2198 208 46 Bourne,
1206 2197 334 47 Washington,
1582 2199 95 38 and
1719 2198 166 40 Elbert
1926 2198 95 47 Jay
2060 2199 203 45 Benton,

343 2253 272 41 Cleveland.
680 2253 279 49 [Copyright
985 2253 46 41 is
1057 2254 204 40 claimed
1290 2264 61 28 on
1378 2263 106 31 new
1512 2256 178 38 matter
1722 2255 94 39 and
1846 2256 223 46 changes]

352 2311 250 48 (35-6776)

274 2412 226 54 Hobart
530 2413 279 54 brothers
835 2429 100 47 co.,
967 2411 170 68 Troy,
1222 2456 10 10 O.

345 2484 1854 72 Electric arc welding manual, by W. J. Chaffee … 2d ed. …
275 2566 172 67 Troy,
474 2563 85 70 O.,
583 2565 120 52 The
729 2565 225 53 Hobart
977 2565 258 53 brothers
1260 2581 77 36 co.,
1382 2570 18 22 c
1405 2566 149 51 1935.

339 2638 56 41 94
424 2650 42 37 p.
521 2640 163 47 front.,
713 2639 142 49 illus.,
884 2639 178 47 diagrs.
1119 2639 55 39 21
1178 2641 44 21 cm
1227 2670 9 8 .

344 2696 73 40 On
459 2707 140 28 cover;
669 2696 101 39 The
811 2707 104 28 new
958 2706 81 28 arc
1081 2694 233 47 welding;
1360 2696 197 38 manual
1601 2697 95 37 and
1738 2694 267 49 operator’s
2049 2694 215 48 training

270 2762 181 30 course.

337 2808 132 40 First
496 2808 186 40 edition
706 2809 89 38 has
823 2806 107 41 title;
989 2806 210 42 Electric
1224 2817 83 30 arc
1335 2805 219 49 welding.

275 2876 53 52 ©
355 2879 109 39 Feb.
492 2879 69 47 26,
590 2878 141 47 1935;
760 2878 65 39 2c.
856 2879 94 38 and
980 2877 81 40 aff.
1091 2878 110 39 Feb.
1231 2877 82 47 28;
1344 2878 41 38 A
1412 2877 170 47 81247;
1616 2878 190 39 Hobart
1834 2879 226 39 brothers
2084 2888 66 30 co.

353 2935 249 49 (35-6626)

274 3035 351 66 Isherwood,
660 3036 404 65 Christopher,
1100 3042 169 49 1904-

342 3113 119 52 The
502 3113 112 51 last
652 3110 64 54 of
752 3112 111 52 Mr.
903 3112 219 67 Norris,
1162 3112 76 67 by
1280 3110 376 69 Christopher
1697 3111 344 53 Isherwood.
2118 3111 139 52 New

277 3189 175 66 York,
478 3190 89 53 W.
597 3189 250 51 Morrow
873 3189 112 52 and
1014 3205 295 51 company,
1340 3190 149 51 1935.

346 3261 616 50 4 p. l., 3-279 p. 19½ cm .
350 3319 194 39 London
579 3318 183 39 edition
808 3318 73 48 (L.
918 3318 95 39 and
1049 3315 219 50 Virginia
1303 3316 162 43 Woolf
1500 3319 53 38 at
1589 3316 81 41 the
1708 3318 222 46 Hogarth
1965 3318 159 47 press)
2174 3319 85 38 has

280 3374 105 39 title;
446 3374 87 39 Mr.
562 3373 170 40 Norris
760 3372 207 48 changes
995 3371 171 42 trains.

277 3438 53 51 ©
367 3442 114 46 May
517 3442 39 46 8,
596 3441 140 46 1935;
773 3439 67 41 2c.
877 3440 95 39 and
1011 3439 81 40 aff.
1132 3440 112 46 May
1283 3439 81 46 11;
1404 3440 40 37 A
1482 3438 169 47 81758;
1692 3439 314 47 Christopher
2045 3438 214 41 William

343 3497 580 46 Bradshaw-Isherwood,
957 3496 208 39 London.
1237 3494 250 48 (35-6721)

275 3594 280 67 Johnson,
587 3596 269 54 Maxwell
886 3598 199 63 Oscar,
1120 3602 168 49 1892-

278 3671 1955 144 The pineapple, by Maxwell O. Johnson … 1st ed. Honolulu,
447 3748 247 67 Hawaii,
724 3751 272 51 Paradise
1025 3750 63 52 of
1118 3750 95 52 the
1243 3748 212 53 Pacific
1484 3767 172 47 press,
1687 3752 149 49 1935.

351 3819 1660 49 X p., 1 l., 306 p. illus., II col. pl. (incl. front.) diagr. 23 ½cm .
351 3877 303 39 “Literature
684 3875 153 41 cited”;
897 3886 41 37 p.
970 3875 215 41 289-300.

279 3939 1975 52 © Mar. 11, 1935; 2c. Apr. 2; aff. Apr. 29; A 81636; M. O. Johnson,
346 4000 266 47 Wahiawa,
637 4000 50 40 T.
713 4001 57 37 H.
843 3999 247 49 (35-6642)
