2424 4375
1236 4078 132 53 1750

326 534 45 38 in
416 534 82 38 the
542 533 197 40 Florida
782 536 127 37 state
951 534 86 39 bar
1078 534 294 39 association
1415 536 94 37 law
1551 535 192 46 journal
1788 535 51 39 of
1881 536 262 48 February,
2185 538 125 40 1931.

351 589 32 47 cf.
414 590 184 39 Introd.
629 591 48 38 to
704 589 59 40 2d
792 590 70 39 ed.

325 656 52 52 ©
403 661 111 39 Dec.
543 661 40 45 4,
614 659 140 47 1935;
785 660 66 40 2c.
881 661 95 38 and
1007 660 80 39 aff.
1120 661 110 39 Dec.
1261 661 24 39 G;
1345 661 40 38 A
1416 661 142 40 88523;
1620 663 209 39 Edward
1861 663 264 48 McCarthy
2156 665 74 47 jr.,
2262 676 56 30 as

395 720 185 36 trustee
606 718 78 38 for
713 718 83 39 the
822 718 192 38 Florida
1047 720 126 37 state
1201 719 86 38 bar
1316 728 126 29 assn.
1514 718 278 48 (35-33990)

324 822 331 62 MacOrlan,
683 820 218 55 Pierre.

394 900 148 52 Rues
577 901 233 51 secrètes
855 900 244 64 (Récits)
1145 918 106 49 par
1285 900 193 52 Pierre
1515 900 329 54 MacOrlan.
1917 903 182 54 Paris,
326 902 1964 127 Gallimard
521 981 171 63 [1934]

392 1053 15 36 1
484 1083 7 7 v.
562 1050 288 48 (Collection
883 1050 178 40 succès.
1123 1051 77 48 14)

323 1104 52 52 ©
410 1108 126 40 June
570 1108 40 46 1,
646 1106 140 44 1934;
882 1141 7 6 1c.
926 1109 117 46 Aug.
1082 1108 53 38 14;
1201 1108 312 47 A-Foreign
1546 1109 143 39 25404;
1756 1109 236 40 Librairie
2032 1109 281 41 Callimard.

323 1211 379 65 Mandonnet,
732 1211 201 53 Pierre
965 1210 182 65 Félix,
1182 1216 169 49 1858-

455 1287 1854 70 … Dante le théologien; introduction à l’intelligence de la
328 1365 102 61 vie,
460 1367 95 51 des
585 1384 214 35 œuvres
830 1372 53 46 et
913 1366 66 53 de
1009 1365 132 54 Part
1170 1366 68 53 de
1266 1366 187 52 Dante
1484 1366 303 69 Alighieri.
1856 1368 182 62 Paris,
2069 1367 243 65 Deselée,

323 1444 799 67 de Brouwer & cie. [ c 1935]
390 1517 1917 57 331 p. incl. front. (port.) 20 ½cm . (Bibliothèque d’histoire. Études)
395 1580 1076 44 At head of title; … P. Mandonnet, O . P .
323 1636 52 51 ©
409 1640 127 45 Sept.
568 1641 68 40 14.
668 1637 116 39 1935;
898 1669 7 8 1c.
938 1639 115 38 Nov.
1086 1638 54 37 20;
1202 1639 101 37 A-
1306 1638 206 47 Foreign
1543 1637 143 40 29661;
1750 1638 210 43 Deselée,
1994 1640 57 38 de
2085 1640 230 38 Brouwer

391 1700 42 35 et
463 1695 83 40 cie.
618 1693 276 49 (35-37299)

324 1798 282 65 Marquis,
639 1799 259 52 Thomas
928 1797 223 64 Bailey,
1188 1801 321 50 1869-1935.

395 1874 1918 68 Two days after the Custer battle. Copyright … by Thomas
333 1957 59 49 B.
429 1952 272 68 Marquis.
773 1952 248 67 Hardin,
1053 1953 200 65 Mont.,
1289 1952 203 55 Custer
1524 1952 178 53 battle
1736 1971 270 48 museum,
2039 1959 17 21 c
2064 1956 145 50 1935.

393 2027 282 46 cover-title,
718 2025 39 51 [8]
811 2037 43 37 p.
913 2028 122 45 port.
1095 2025 55 39 21
1154 2027 43 21 cm
1203 2058 7 7 .

395 2081 1914 48 “The scene … as viewed by William H. White, a soldier with Gibbon
326 2138 1789 52 in 1876. His story assembled … by Thomas B. Marquis.”—p. [1]
322 2194 1990 52 © Mar. 15, 1935; 2c. and aff. Mar. 18; A 80998; T. B. Marquis, Hardin,
392 2257 147 38 Mont.
611 2253 277 49 (35-34051)

325 2356 267 65 Melville,
628 2358 279 62 Herman,
945 2359 322 50 1819-1891.

453 2431 1853 69 … Journal up the straits, October 11, 1856-May 5, 1857;
319 2509 186 54 edited
535 2510 139 52 with
701 2528 71 35 an
799 2509 385 53 introduction
1212 2508 75 69 by
1314 2509 303 68 Raymond
1641 2509 258 53 Weaver.
1963 2510 137 52 New
2131 2508 177 67 York,

320 2589 120 52 The
469 2587 316 68 Colophon,
817 2589 148 50 1935.

515 2657 1308 50 xxx p., 1 l., 182 p., 1 l. front. (port.) facsim. 23½cm.
324 2715 52 51 ©
445 2729 95 28 June
571 2720 68 43 24,
675 2717 140 44 1935;
852 2718 65 38 2c.
953 2718 95 38 and
1084 2717 81 38 aff.
1203 2717 101 39 Oct.
1340 2718 27 36 4;
1432 2717 39 37 A
1508 2717 168 46 88050;
1716 2718 192 45 Pynson
1944 2717 225 48 printers,
2207 2719 75 37 inc.,

388 2776 115 37 New
525 2775 141 39 York.
738 2772 277 49 (35-34029)

323 2876 268 54 Michie’s
624 2877 184 68 digest
843 2878 61 50 of
940 2880 306 49 Tennessee
1283 2882 218 61 reports;
1568 2876 169 67 being
1774 2895 27 33 a
1841 2877 272 67 complete
394 2894 1889 128 encyclopedia

688 2956 111 51 and
835 2956 184 65 digest
1056 2956 62 52 of
1156 2956 75 52 all
1265 2955 94 51 the
1395 2956 310 50 Tennessee
1738 2973 120 33 case
1895 2957 107 50 law
2040 2954 110 52 and
394 2953 1884 132 federal
546 3034 274 52 decisions
855 3033 247 67 relating

1133 3035 58 51 to
1225 3034 93 50 the
1354 3036 137 50 laws
1525 3032 63 52 of
1622 3034 94 50 the
1751 3038 159 47 state.
1983 3033 198 53 Under
2214 3032 89 51 the

394 3111 264 52 editorial
701 3110 353 67 supervision
1096 3111 62 51 of
1201 3112 68 51 A.
1313 3112 245 50 Hewson
1603 3110 210 52 Michie
1856 3111 110 51 and
2011 3110 165 53 Chas.
2219 3110 82 53 W.

396 3188 195 53 Sublett
648 3189 110 52 and
790 3188 203 52 Beirne
1025 3187 290 59 Stedman,
1346 3188 138 52 with
1515 3189 93 51 the
1639 3187 406 54 collaboration
2076 3188 62 52 of
394 3188 1888 132 William
563 3268 76 50 H.

674 3266 1629 67 Wicker … volume 3. [Bankruptcy and insolvency
392 3350 58 45 to
491 3345 273 64 Carriers]
841 3344 161 53 With
1043 3343 340 52 cumulative
1423 3344 200 65 pocket
1662 3347 128 63 part
1830 3343 223 52 service.
392 3343 1891 143 Charlottesville,
738 3422 124 54 Va.,
888 3422 119 51 The
1036 3421 209 52 Michie
1273 3439 294 48 company.
1599 3424 146 49 1935.

391 3493 531 48 3 p. l., 614 p. 26 cm .
323 3545 52 52 ©
400 3551 116 38 Nov.
542 3550 69 47 30,
638 3549 112 40 1.935;
807 3550 65 39 2c.
900 3551 94 38 and
1020 3549 79 40 aff.
1128 3550 111 38 Dec.
1265 3550 52 44 3;
1346 3550 39 37 A
1412 3548 142 40 89697;
1612 3548 178 40 Michie
1813 3559 67 29 co.

323 3652 296 54 Missouri.
697 3655 203 51 Courts
934 3654 64 63 of
1027 3653 247 66 appeals.

396 3728 167 53 Cases
590 3730 347 53 determined
964 3730 74 67 by
1063 3730 96 51 the
1186 3729 82 54 St.
1296 3728 190 60 Louis,
1513 3730 222 50 Kansas
1766 3728 131 65 City
1926 3728 109 51 and
326 3727 1953 129 Springheld
486 3806 204 52 Courts

720 3806 63 50 of
811 3809 230 63 appeals
1071 3807 61 51 of
1161 3807 93 50 the
1284 3811 140 48 state
1455 3806 62 51 of
1546 3806 283 50 Missouri.
1896 3808 245 49 Renorted
2212 3803 88 50 for

325 3882 94 51 the
449 3881 80 53 St.
557 3883 171 51 Louis
756 3883 174 53 Court
957 3882 63 51 of
1044 3885 249 64 appeals,
1320 3886 149 51 June
1495 3885 83 52 28,
1607 3886 131 48 1932
1763 3892 58 44 to
1848 3881 165 57 April
2049 3885 77 49 18.
2155 3882 145 49 1934,

324 3958 1953 69 by Maurice P. Phillips … for the Kansas City Court of ap-
