2424 4375
1042 4045 97 45 649

100 421 373 54 Association
512 423 96 52 for
646 421 304 54 childhood
990 420 329 55 education.
1390 421 324 54 Literature
1753 421 333 55 committee.

174 497 161 69 Sung
367 499 179 52 under
579 499 94 52 the
707 498 171 53 silver
908 498 293 66 umbrella,
1234 517 192 48 poems
1462 498 92 52 for
1588 516 191 49 young
1814 498 273 66 children,

105 576 238 53 selected
383 575 75 68 by
498 576 94 52 the
631 574 324 54 Literature
993 572 320 56 committee
1352 574 65 53 of
1458 574 96 53 the
1592 574 359 54 Association
1997 574 93 52 for

101 651 306 55 childhood
449 652 325 68 education;
818 651 321 54 illustrated
1179 652 75 68 by
1294 653 265 67 Dorothy
1599 653 274 66 Lathrop.
1950 654 136 52 New

104 731 176 65 York,
308 732 122 51 The
456 729 332 54 Macmillan
817 747 294 50 company,
1142 734 149 51 1935.

173 802 1007 49 xxiii, 211 p. incl. front., illus. 23 ½ cm .
101 870 53 53 ©
181 876 115 45 May
323 874 69 46 14,
417 873 113 40 1935;
587 873 67 40 2c.
681 872 97 41 and
805 873 81 40 aff.
917 874 113 46 May
1059 873 54 39 15;
1172 873 41 38 A
1242 872 143 41 83117;
1443 872 281 40 Macmillan
1752 883 67 30 co.

180 930 250 50 (35-7155)

101 1033 134 65 Bac,
301 1032 332 55 Ferdinand
696 1030 341 66 Sigismund
1099 1032 180 64 Bach,
1342 1032 209 53 known
1611 1052 60 34 as
1734 1032 352 65 Ferdinand,

169 1117 171 49 1859-

94 1185 1966 148 … Munich; choses vues de Louis II à Hitler. [Paris] Hachette [1934]
163 1335 1923 50 3 p. l. , ii, 385 p., 1 l. 19 cm . (His Promenades dans la vieille Europe.
98 1393 81 51 [2])

161 1453 63 38 At
250 1452 124 40 head
399 1451 52 40 of
475 1452 107 39 title:
635 1450 277 41 Ferdinand
939 1449 114 41 Bac.

100 1520 1987 53 © Nov. 7, 1934; 1c. Mar. 5, 1935; A-Foreign 27195; Ferdinand Bac,
169 1582 154 38 Paris.
394 1580 249 48 (35-7544)

99 1681 221 66 Bailey,
351 1681 260 57 Harriet.

98 1757 1990 149 Nursing mental diseases, by Harriet Bailey … 3d ed., completely rev. and reset. New York, The Macmillan company,
99 1919 150 50 1935.

165 1990 87 39 xiv
277 2001 57 37 p.,
360 1989 25 39 1
429 2019 25 16 l.,
480 1988 88 40 258
591 1999 42 37 p.
661 1988 108 39 incl.
795 1987 141 40 form.
990 1986 54 40 22
1048 1989 45 21 cm
1095 2017 9 9 .

172 2044 346 42 “References”
555 2047 52 38 at
641 2045 93 40 end
768 2044 55 40 of
856 2055 128 29 some
1023 2043 55 41 of
1111 2044 84 40 the
1230 2044 226 47 chapters;
1524 2044 151 40 “Text
1713 2045 96 40 and
1845 2046 246 42 reference

98 2103 177 40 books”:
332 2114 40 37 p.
400 2102 215 40 237-239.

101 2171 53 53 ©
178 2176 112 46 May
314 2175 38 45 7,
379 2173 113 40 1935;
546 2174 65 39 2c.
639 2173 96 39 and
758 2171 82 41 aff.
866 2173 113 47 May
1004 2173 25 39 8;
1087 2172 40 39 A
1151 2170 147 42 82997;
1350 2171 281 41 Macmillan
1656 2184 65 29 co.

180 2231 249 49 (35-7127)

98 2333 243 64 Barnes,
370 2334 200 63 Harry
597 2332 216 62 Elmer,
844 2336 167 50 1889-

163 2410 123 52 The
312 2409 220 67 history
560 2407 65 53 of
651 2412 236 48 western
916 2405 369 68 civilization,
1311 2406 77 69 by
1415 2407 200 68 Harry
1642 2406 196 54 Elmer
1869 2409 217 52 Barnes

161 2485 1925 71 … with the collaboration of Henry David. v. 1. New York,
99 2565 1174 65 Harcourt, Brace and company [ c 1935]
169 2636 1920 53 3 p. l. , v-xxiv p., 2 l., 3-911 p. front., plates (1 double) ports., maps
111 2698 133 47 (part
269 2695 197 45 double)
502 2696 128 46 plan,
658 2694 178 46 diagrs.
887 2693 56 40 23½
976 2695 43 21 cm
1023 2723 9 9 .

167 2750 347 47 Bibliography
539 2751 52 37 at
617 2748 91 40 end
734 2748 51 39 of
811 2748 116 39 each
952 2747 213 47 chapter.

101 2819 53 53 ©
180 2825 114 45 May
318 2823 39 45 1,
383 2821 113 41 1935;
550 2820 66 40 2c.
644 2820 95 39 and
764 2819 80 39 aff.
870 2820 114 46 May
1008 2820 54 45 4;
1090 2819 44 38 A
1157 2817 141 41 81703
1301 2824 3 20 1
1318 2828 9 37 ;
1355 2819 261 48 Harcourt,
1643 2821 153 40 Brace
1824 2821 36 39 &
1889 2831 80 38 co.,
1996 2822 89 40 inc.

181 2878 247 51 (35-6740)

101 2982 171 64 Berg,
301 2982 193 62 Bengt
521 2981 255 61 Magnus
803 2976 339 66 Kristoffer,
1173 2983 170 50 1885-

171 3059 174 67 Tiger
387 3057 114 51 und
543 3054 246 60 mensch,
829 3072 110 33 von
981 3055 189 66 Bengt
1211 3055 167 65 Berg.
1454 3052 112 53 Mit
1610 3058 64 49 63
1717 3054 184 55 tafeln
1944 3059 138 51 nach

105 3132 600 72 Originalaufnahmen
755 3132 95 51 des
900 3129 324 55 Verfassers.
1314 3130 215 63 Berlin,
1581 3133 70 51 D.
1705 3133 225 52 Reimer
1992 3134 92 70 (E.

103 3211 253 67 Vohsen)
400 3213 149 50 1934.

173 3287 86 40 192
284 3296 42 38 p.
353 3285 109 40 incl.
489 3283 164 46 front.,
679 3283 170 48 plates.
906 3282 57 39 24
966 3283 43 22 cm
1015 3312 9 10 .

175 3340 334 48 “Berechtigte
592 3339 284 47 übersetzung
924 3348 88 29 aus
1060 3338 106 38 dem
1216 3337 357 41 schwedischen
1622 3348 93 29 von
1762 3340 96 39 Ilse
106 3343 1981 97 Meyer-Lüne.”

176 3453 198 42 “11.-20.
407 3448 249 46 tausend.”

174 3508 312 48 Advertising
511 3509 178 38 matter:
746 3517 42 37 p.
821 3504 244 50 [188]-192.

105 3573 1924 111 © Dec. 1, 1934; 1c. Mar. 11, 1935; A -Foreign 27227; Bengt Berg, Halltorp, Sweden. (35-6809)
102 3734 319 67 Bierstadt,
453 3734 252 54 Edward
736 3734 164 62 Hale,
933 3736 169 50 1891-

175 3814 177 52 Satan
377 3829 113 34 was
518 3829 31 33 a
572 3827 132 34 man;
763 3828 32 33 a
819 3810 163 50 novel
1008 3808 63 52 of
1097 3809 248 65 murder,
1370 3809 75 65 by
1470 3810 255 54 Edward
1750 3813 151 53 Hale
105 3812 1956 128 Bierstadt.
352 3887 231 54 Garden
626 3885 152 66 City,
820 3884 70 52 N.
934 3884 91 66 Y.,
1067 3884 355 68 Doubleday,
1463 3886 199 57 Doran
1702 3890 47 52 &
1791 3907 294 51 company,

107 3966 121 65 inc.,
263 3970 149 47 1935.
