2424 4375
1164 4073 102 47 418

225 457 205 65 Knott,
461 460 201 53 James
691 459 271 63 Edward,
996 460 170 53 1897-

299 534 1916 69 Vegetable growing, by James Edward, Knott … 2d ed.,
231 610 346 70 thoroughly
623 632 112 35 rev.
811 612 334 55 Illustrated
1194 611 136 54 with
1382 616 66 49 70
1494 611 359 68 engravings.
233 611 1958 145 Philadelphia,
412 692 114 52 Lea
554 694 46 50 &
628 689 259 69 Febiger,
917 694 150 51 1935.

302 764 82 40 361
419 774 42 38 p.
522 763 129 41 illus.
710 762 146 42 20½cm.

303 832 294 49 “Suggested
626 833 229 48 reading”
882 835 51 39 at
960 834 91 39 end
1079 834 52 39 of
1155 834 124 39 most
1307 833 51 40 of
1384 833 82 39 the
1492 833 239 48 chapters.

227 901 53 54 ©
306 907 119 39 Mar.
451 906 71 47 26,
549 906 141 47 1935;
719 904 68 42 2c.
814 906 94 39 and
936 904 82 41 aff.
1045 906 120 39 Mar.
1193 905 83 47 27;
1305 905 41 39 A
1372 903 170 48 82216;
1574 904 96 40 Lea
1697 904 36 39 &
1761 902 216 49 Febiger.

308 962 250 49 (35-4959)

225 1065 219 65 Kobbe,
474 1066 282 62 Gustave,
786 1066 323 55 1857-1918.

296 1143 120 54 The
446 1143 274 66 complete
749 1160 171 49 opera
946 1142 176 67 book;
1152 1142 95 54 the
1274 1142 200 53 stories
1502 1141 63 54 of
1593 1141 95 53 the
1716 1159 218 48 operas,
1959 1140 258 66 together

229 1220 135 53 with
398 1222 103 51 400
532 1219 63 54 of
624 1219 97 54 the
753 1220 232 65 leading
1017 1220 114 53 airs
1164 1220 112 52 and
1309 1218 236 54 motives
1579 1220 60 51 in
1670 1218 237 53 musical
1941 1216 276 67 notation,

226 1296 1991 145 by Gustave Kobbe … illustrated with many portraits in costume and scenes from opera. New York, G. P. Putnam’s sons
250 1456 133 49 [1935]

298 1522 102 39 xxii
431 1535 59 37 p.,
523 1524 25 39 1
614 1554 9 17 l.,
656 1522 86 42 993
771 1532 43 39 p.
874 1522 163 49 front.,
1069 1522 128 42 illus.
1226 1522 200 49 (music)
1466 1523 173 49 plates,
1671 1523 148 48 ports.
1878 1520 57 41 21
1938 1523 43 22 cm
1986 1553 9 8 .

301 1592 117 41 “Mr.
465 1592 166 41 Kobbe
674 1593 110 41 died
830 1591 163 43 before
1038 1592 231 49 finishing
1313 1594 98 40 this
1455 1593 137 46 book,
1638 1593 97 40 and
1781 1591 118 42 Miss
1944 1591 275 43 Katharine

232 1648 185 49 Wright
445 1648 219 49 supplied
693 1649 228 41 material
948 1658 256 38 necessary
1235 1652 49 37 to
1312 1648 233 49 complete
1574 1649 76 39 his
1679 1649 128 48 plan.
1864 1647 151 43 Other
2044 1659 171 39 operas

229 1706 118 40 have
381 1705 117 40 been
531 1706 156 40 added
719 1707 49 39 to
803 1706 80 40 the
916 1707 193 47 present
1142 1705 183 41 edition
1359 1706 59 47 by
1451 1705 89 40 Mr.
1576 1705 256 41 Ferruccio
1912 1705 172 41 Bonavia
2119 1707 91 39 and

230 1761 115 41 Miss
380 1762 141 42 Ethel
552 1760 419 50 Peyser.”—Note.

296 1819 234 41 “Revised
568 1819 225 41 edition.”

229 1878 52 53 ©
312 1882 112 40 Feb.
453 1883 71 48 21,
554 1881 141 48 1935;
728 1882 68 40 2c.
829 1882 122 39 Mar.
982 1883 53 45 7;
1069 1881 82 40 aff.
1184 1882 121 39 Mar.
1339 1881 52 47 6;
1425 1881 41 39 A
1499 1881 170 47 80827;
1706 1882 198 41 Carolin
1935 1884 70 39 W.
2038 1883 179 47 Kobbe,

293 1940 119 40 New
441 1939 145 40 York.
655 1937 251 50 (35-4903)

224 2043 205 64 Lefler,
461 2044 180 64 Hugh
672 2043 296 64 Talmage.

356 2117 1861 70 … Hinton Rowan Helper, advocate of a “white America”,
226 2195 1965 147 by Hugh Talmage Lefler … Charlottesville, Va., The Historical publishing co., inc., 1935.
297 2350 56 38 45
388 2359 42 37 p.
489 2349 57 39 24½
578 2350 44 21 cm
626 2379 8 9 .
705 2347 266 47 (Southern
1006 2348 235 40 sketches,
1301 2358 75 30 no.
1412 2348 50 47 1)

299 2417 232 42 “Notes”:
565 2429 43 38 p.
644 2418 189 50 [43]-45.

224 2484 53 54 ©
304 2489 110 40 Feb.
441 2490 40 46 7,
507 2488 142 48 1935;
676 2489 68 41 2c.
773 2489 97 41 and
897 2488 82 41 aff.
1008 2488 109 41 Feb.
1146 2489 53 47 8;
1228 2489 41 39 A
1297 2488 169 48 79592;
1496 2488 269 42 Historical
1793 2490 110 48 pub.
1932 2500 83 37 co.,
2042 2489 91 40 inc.

301 2545 251 50 (35-4983)

222 2650 163 64 Lion,
414 2650 313 56 Hortense.

293 2726 119 51 The
435 2743 161 49 grass
617 2744 185 48 grows
825 2744 169 49 green
1040 2727 92 66 [by]
1163 2727 281 53 Hortense
1466 2728 161 51 Lion.
1712 2728 232 64 [Boston]
224 2726 1964 128 Houghton
350 2802 204 53 Mifflin
585 2821 294 49 company,
912 2807 150 49 1935.

292 2887 623 50 5 p. l. , [3]-304 p. 21 cm .
225 2954 53 54 ©
303 2960 114 47 Apr.
443 2958 40 47 2,
512 2958 140 48 1935;
680 2958 68 41 2c.
775 2959 112 48 Apr.
917 2960 52 47 8;
998 2958 82 41 aff.
1109 2959 112 48 Apr.
1251 2960 52 46 5;
1334 2960 41 39 A
1404 2959 141 41 82413
1565 2970 8 36 ;
1604 2960 242 40 Hortense
1873 2958 120 41 Lion
2022 2960 188 45 Jacobs,

294 3016 118 40 New
437 3016 143 40 York.
651 3014 249 49 (35-4912)

222 3117 361 64 Macdonald,
611 3120 137 54 Mrs.
779 3118 197 55 Sheila
1002 3119 222 54 Scobie.

292 3192 1915 69 Mr. Crusoe’s young woman, by Sheila Macdonald … New
226 3269 176 66 York,
434 3270 533 55 Coward-McCann
1044 3273 151 63 [c1935]

289 3355 101 48 319,
471 3375 10 30 [1]
515 3367 44 37 p.
648 3356 28 40 19½
707 3358 43 21 cm
755 3388 9 9 .

225 3421 52 53 ©
303 3427 120 38 Mar.
450 3426 40 46 6,
517 3426 139 46 1935;
684 3426 67 40 2c.
776 3426 111 48 Apr.
917 3426 52 47 6;
1000 3426 82 41 aff.
1110 3428 122 38 Mar.
1258 3426 82 48 22;
1368 3426 43 39 A
1436 3427 169 47 82411;
1636 3426 452 47 Coward-McCann,
2118 3428 90 39 inc.

303 3481 250 49 (35-4910)

220 3581 268 68 McLeod,
518 3583 269 54 Malcolm
817 3586 217 62 James,
1068 3588 170 52 1867-

298 3658 1847 71 Seen from my pulpit, by Malcolm James MacLeod …
225 3737 139 53 New
399 3737 163 53 York
619 3742 119 62 [etc.]
777 3738 266 67 Fleming
1070 3739 77 52 H.
1184 3739 198 53 Revell
1417 3756 278 50 company
1737 3772 12 33 [
1754 3745 19 21 c
1778 3741 131 49 1935
1914 3771 14 34 ]

292 3810 83 39 191
412 3822 43 36 p.
514 3810 149 40 front.
693 3810 169 48 (port.)
930 3812 55 38 21
988 3814 44 20 cm
1035 3843 10 9 .

291 3879 279 41 Addresses.

224 3944 52 53 ©
301 3950 111 39 Feb.
436 3949 40 47 9,
501 3949 140 48 1935;
668 3950 66 41 2c.
761 3951 118 38 Mar.
907 3949 81 48 19;
1017 3950 82 40 aff.
1126 3951 112 47 Apr.
1265 3951 54 47 4;
1346 3951 41 39 A
1412 3949 169 49 81070;
1611 3949 218 49 Fleming
1855 3951 60 38 H.
1942 3951 166 39 Revell
2135 3959 68 29 co.

325 4006 203 36 (35-5086)
