2526 4384
1316 4053 102 49 292

365 430 216 67 Pitzer,
609 431 195 58 Sloan.

438 522 123 53 The
585 527 101 64 pot
716 522 64 53 of
806 523 137 68 gold
973 528 61 47 at
1060 523 94 52 the
1183 524 109 52 end
1321 523 64 52 of
1413 523 96 54 the
1537 522 273 70 rainbow,
1838 523 78 70 by
1948 522 175 57 Sloan
2153 523 208 54 Pitzer.

371 599 1322 70 Los Angeles, Calif., DeVorss & co. [ c 1934]
437 686 28 39 4
488 696 45 38 p.
593 718 9 17 l.,
634 686 205 51 [13]-117
862 696 46 39 p.
965 685 60 43 20
1026 689 45 22 cm
1073 718 9 10 .

709 757 620 43 CONTENTS.—Life.—Health.—The
1359 770 113 30 man
1503 758 337 42 inside.—You
1870 769 85 31 are
1985 760 81 40 the
2099 758 271 48 captain.—

371 812 555 50 Wealth.—Happiness.

370 881 53 53 ©
445 886 116 40 Nov.
587 886 39 46 5,
651 885 113 42 1934
782 897 9 36 ;
815 885 65 42 2c.
906 888 95 39 and
1026 886 82 41 aff.
1132 888 111 39 Jan.
1266 888 39 45 5,
1331 886 113 41 1935
1462 898 9 36 ;
1498 889 41 38 A
1560 887 171 48 78880;
1761 889 44 40 S.
1830 888 175 49 Pitzer,
2031 888 93 40 Los
2146 889 218 47 Angeles.

448 943 250 49 (35-2685)

369 1032 120 54 The
526 1034 423 64 practitioners
983 1035 217 68 library
1238 1036 63 53 of
1334 1035 277 54 medicine
1649 1037 113 52 and
1797 1055 252 49 surgery.
2123 1034 245 57 Volume

435 1112 1905 144 VIII . Therapeutics. New York, London, D. Appleton-Century
600 1208 297 51 company,
927 1191 400 68 incorporated
1405 1195 151 64 [c1935]

437 1277 116 47 xliv,
580 1276 113 41 1031
722 1288 41 37 p.
818 1276 144 49 illus.,
990 1278 178 49 diagrs.
1224 1278 58 40 25
1282 1280 15 21 cm
1331 1308 8 9 .

440 1347 316 50 Supervising
787 1348 170 48 editor,
994 1348 184 50 George
1208 1349 226 48 Blumer;
1468 1351 240 39 associate
1742 1348 171 48 editor,
1946 1348 168 41 Albert
2148 1348 43 41 J.
366 1347 1982 98 Sullivan.

370 1471 53 53 ©
453 1477 121 39 Mar.
603 1476 69 47 23,
704 1475 117 42 1935
835 1487 10 37 ;
877 1475 66 42 2c.
975 1478 121 39 Mar.
1125 1476 56 41 26
1198 1487 10 37 ;
1242 1476 82 42 aff.
1357 1477 122 40 Mar.
1510 1477 83 47 27;
1626 1477 42 40 A
1698 1475 170 49 82169;
1902 1478 58 39 D.
441 1476 1909 105 Appleton-Century

580 1544 82 37 co.,
691 1535 91 39 inc.

367 1623 200 55 Public
598 1623 398 65 employment
1028 1623 470 56 demonstration
1530 1627 202 52 center
1760 1625 65 53 of
1853 1623 345 57 Rochester.

441 1715 120 53 The
612 1732 324 50 emergence
987 1716 62 53 of
1101 1734 32 35 a
1185 1734 123 35 new
1359 1715 195 67 public
1604 1716 386 66 employment
2039 1713 240 67 service;
2333 1732 31 35 a

369 1791 1991 222 statement of the new conception of the purpose, scope, methods and potential social value of the public employment service. By Jess T. Hopkins … with the collaboration of Mabel
374 2024 66 52 E.
496 2023 218 67 Crafts,
766 2023 239 55 Charles
1056 2023 77 54 H.
1186 2023 258 54 Howard
1519 2024 132 66 [and]
1706 2023 251 55 Willard
2009 2023 70 53 E.
2129 2023 235 54 Parker.

372 2098 321 69 Rochester,
735 2100 206 54 Public
981 2103 386 65 employment
1406 2105 188 49 center
1633 2100 64 54 of
1736 2100 326 66 Rochester,
2105 2103 150 51 1935.

438 2186 85 40 345
551 2197 40 37 p.
622 2185 108 41 incl.
759 2186 194 48 diagrs.,
981 2187 167 40 forms.
1205 2185 56 42 23
1264 2187 45 22 cm
1312 2215 9 10 .

440 2255 1925 53 Publicity printed material sample ([4] p. 22 ½× 10cm) mounted on
371 2327 39 36 p.
443 2314 97 41 239.

443 2372 188 40 “Books
661 2371 52 41 of
741 2370 209 50 testing”
969 2382 9 30 :
1009 2382 41 37 p.
1082 2371 97 41 150.
1240 2371 294 41 “Reference
1562 2371 202 49 reading
1792 2370 113 41 list”
1924 2382 10 29 :
1966 2383 41 37 p.
2038 2370 216 42 329-336.

372 2438 1993 53 © Jan. 28, 1935 ; 2c. Feb. 1; aff. Jan. 30; A 79431; New York state
440 2502 325 47 employment
784 2499 200 48 service,
1007 2499 116 40 New
1146 2499 143 39 York.
1361 2498 252 48 (35-3614)

368 2586 203 57 Public
602 2588 240 55 utilities
875 2595 222 62 reports
1128 2590 166 67 (New
1328 2589 196 68 series)
1605 2588 352 69 Containing
1990 2588 276 54 decisions
2299 2587 63 52 of

439 2667 97 52 the
566 2669 329 66 regulatory
928 2666 384 55 commissions
1345 2667 113 53 and
1490 2667 63 52 of
1581 2672 148 47 state
1759 2667 114 52 and
1905 2667 219 52 federal
2156 2670 206 48 courts.

442 2744 1920 68 Henry C. Spurr … editor … v. 5. 1934. Washington,
440 2822 1846 68 D. C., Rochester, N. Y., Public utilities reports, inc. [ c 1935]
438 2909 153 48 xxxii,
620 2910 88 40 617
733 2921 42 36 p.
832 2910 55 40 25c
908 2912 27 21 m
939 2940 9 9 .

372 2973 53 53 ©
459 2978 121 39 Mar.
615 2978 69 47 14,
717 2978 141 48 1935;
893 2978 68 41 2c.
999 2980 119 38 Mar.
1152 2978 83 48 26;
1273 2978 82 41 aff.
1391 2979 120 39 Mar.
1548 2977 82 47 23;
1668 2979 41 38 A
1743 2976 170 47 82194;
1950 2975 169 41 Public
2155 2974 210 42 utilities

440 3036 203 46 reports,
673 3034 90 41 inc.

370 3108 207 65 Pupin,
604 3110 251 53 Michael
882 3111 306 64 Idvorsky,
1219 3115 324 51 1858-1935.

504 3185 1855 71 … From immigrant to inventor; an example for young
373 3262 1980 70 Americans, by Michael Pupin … New York, Chicago [etc.]
372 3339 64 55 C.
468 3339 310 56 Scribner’s
805 3359 129 35 sons
968 3375 12 33 [
984 3347 20 22 c
1008 3345 134 49 1934]

371 3425 1968 106 5 p. l. , 193 p. front., plates, ports. 19½ cm . (Modern standard authors)
441 3553 119 41 This
588 3554 137 40 short
753 3554 183 40 edition
965 3554 51 40 of
1043 3555 82 40 the
1153 3554 218 41 author’s
1399 3554 385 48 autobiography
1824 3552 276 49 (published
2131 3553 47 38 in
2211 3552 136 46 1923)

372 3620 164 31 covers
564 3612 83 39 the
673 3610 165 48 period
868 3610 50 41 of
945 3611 76 40 his
1049 3612 164 46 youth.

374 3675 53 53 ©
467 3681 111 39 Dec.
618 3680 69 48 19,
728 3679 142 48 1934;
912 3679 66 41 2c.
1021 3681 107 39 Jan.
1171 3680 69 47 19,
1280 3678 140 48 1935;
1463 3679 81 40 aff.
1587 3680 109 39 Jan.
1737 3678 83 47 24;
1862 3680 41 38 A
1943 3678 169 47 80211;
2156 3677 201 41 Charles

444 3736 266 41 Scribner’s·
736 3747 124 30 sons.
924 3735 282 50 [Copyright
1233 3737 44 39 is
1303 3736 205 40 claimed
1537 3746 60 28 on
1627 3734 197 49 preface
1850 3736 95 39 and
1974 3733 226 42 editorial
2230 3735 125 47 note]

453 3793 249 47 (35-3646)

373 3864 1982 67 Quarterly cumulative index medicus … v. 16, July-December,
445 3943 1687 58 1934. Chicago. American medical association [ c 1935]
