2424 4375
1048 4066 134 54 1477

138 449 211 66 Smith,
379 451 187 54 Grace
593 451 65 55 L.

203 526 185 51 Home
420 525 238 70 nursing
692 526 155 53 hints
886 526 90 68 [by]
1037 525 181 54 Grace
1249 526 64 51 L.
1352 525 190 54 Smith
1583 568 56 11 …
1717 526 112 53 Los
1863 524 262 69 Angeles,

137 601 1271 70 Calif., Wetzel publishing co., inc. [ c 1935]
203 673 86 41 147
316 684 42 38 p.
418 673 56 40 20
477 676 43 21 cm
525 705 8 9 .

136 737 52 53 ©
213 741 109 40 Jan.
349 741 70 48 23,
447 740 139 48 1935;
615 741 67 40 2c.
711 742 125 47 Sept.
865 741 58 40 30;
978 741 80 40 aff.
1091 741 99 41 Oct.
1220 741 52 46 1;
1303 742 40 38 A
1372 740 169 47 86553;
1573 742 182 39 Wetzel
1783 741 107 48 pub.
1921 751 83 37 co.,
2032 741 92 41 inc.

216 797 278 50 (35-19825)

136 893 310 65 Steindler,
473 894 250 63 Arthur,
757 896 168 53 1878-

204 969 323 54 Mechanics
563 970 63 53 of
664 973 218 50 normal
923 970 111 53 and
1074 969 387 70 pathological
1500 969 338 54 locomotion
1878 968 58 53 in
1976 987 150 48 man,

135 1048 75 68 by
231 1048 225 53 Arthur
481 1046 287 57 Steindler
795 1090 56 10 …
916 1047 371 70 Springfield,
1312 1048 113 69 Ill.,
1449 1048 333 67 Baltimore,
1806 1047 139 67 Md.,
1970 1047 63 56 C.
2059 1047 64 56 C.

135 1127 476 66 Thomas [ c 1935]
204 1198 1213 51 xviii p., 1 l., 424 p.. 1 l. illus., diagrs. 26 cm .
206 1255 346 50 Bibliography
579 1259 52 37 at
655 1257 91 40 end
774 1256 51 40 of
850 1259 123 37 most
1000 1255 52 41 of
1076 1256 82 40 the
1184 1256 241 49 chapters.

136 1316 52 53 ©
221 1321 127 47 Sept.
380 1320 68 46 13,
480 1319 114 41 1935;
653 1319 66 40 2c.
753 1320 102 39 Oct.
886 1321 24 38 7;
972 1319 82 40 aff.
1088 1318 102 41 Oct.
1222 1318 29 40 9;
1309 1320 40 38 A
1378 1318 146 42 87550;
1583 1320 202 39 Charles
1818 1319 49 41 C.
1900 1320 224 39 Thomas.

213 1376 280 50 (35-19667)

135 1472 387 65 Stephenson,
553 1472 350 64 Humphrey
929 1470 218 66 Meigh,
1181 1477 170 50 1882-

202 1546 55 53 A
279 1548 170 52 killer
472 1548 113 52 and
607 1547 89 53 his
718 1553 136 62 star,
877 1547 74 69 by
973 1548 77 52 H.
1077 1548 78 51 M.
1184 1545 370 69 Stephenson.
1617 1548 257 68 London,
132 1547 1965 145 Hutchinson,

339 1629 45 48 &
411 1642 98 50 co.,
538 1625 102 52 ltd.
675 1628 171 63 [1935]

200 1696 580 49 2 p. l., 9-286 p. 19 cm .
135 1752 1987 53 © 1c. Oct. 3, 1935; A ad int. 20601; pubd. Aug. 8; H. M. Stephenson,
207 1813 344 48 Chippenham,
580 1812 159 48 Wilts,
770 1812 235 48 England.
1075 1811 279 48 (35-19991)

134 1911 279 63 Svensen,
444 1910 133 55 Carl
605 1911 166 65 Lars,
807 1915 170 50 1884-

200 1986 284 69 Drafting
516 1986 95 54 for
643 1985 318 70 engineers;
999 2004 29 35 a
1064 1985 269 55 textbook
1364 1986 65 54 of
1463 1985 367 70 engineering
1863 1986 263 70 drawing

133 2064 93 54 for
266 2065 238 68 colleges
545 2065 112 53 and
696 2064 277 54 technical
1014 2064 236 68 schools,
1288 2065 76 67 by
1405 2063 137 55 Carl
1582 2066 144 51 Lars
1767 2064 248 56 Svensen
2063 2109 56 10 …

130 2144 72 53 2d
233 2143 84 52 ed.
391 2143 140 52 New
563 2142 178 67 York,
772 2143 72 52 D.
873 2143 132 53 Van
1035 2143 291 53 Nostrand
1356 2161 297 50 company,
1680 2143 108 53 inc.
1827 2175 12 34 [
1844 2149 19 22 c
1868 2147 132 49 1935]

202 2216 96 48 xiv,
327 2216 86 41 554
439 2227 43 38 p.
542 2216 142 49 illus.,
714 2216 176 48 diagrs.
950 2215 56 41 23½
1038 2218 44 22 cm
1087 2247 10 10 .

204 2273 162 41 “First
397 2273 270 48 published,
702 2274 128 47 May,
865 2271 113 43 1927
1016 2303 49 10 …
1133 2272 183 41 Second
1349 2271 197 49 edition,
1584 2271 291 50 September,
1908 2272 157 41 1935.”

135 2326 52 53 ©
213 2331 127 47 Sept.
364 2331 39 46 7,
428 2329 138 47 1935;
591 2330 67 40 2c.
687 2330 127 48 Sept.
839 2329 79 47 12;
948 2330 81 39 aff.
1057 2329 101 41 Oct.
1184 2329 81 47 10;
1292 2330 40 38 A
1358 2329 169 47 86690;
1556 2331 57 39 D.
1639 2331 106 39 Van
1768 2331 248 39 Nostrand
2041 2340 81 38 co.,

201 2385 91 42 inc.
363 2386 279 49 (35-19844)

134 2488 272 66 Thomas,
434 2491 252 52 Edward
714 2491 247 63 Harper,
992 2495 170 50 1868-

204 2564 286 67 Chinook;
534 2585 30 32 a
605 2566 217 68 history
863 2565 111 52 and
1012 2565 320 68 dictionary
1371 2565 63 52 of
1472 2567 96 52 the
1606 2564 328 54 Northwest
1970 2571 153 49 coast

133 2642 159 54 trade
325 2641 232 69 jargon;
594 2643 93 51 the
722 2641 396 55 centuries-old
1151 2642 161 53 trade
1346 2643 281 67 language
1660 2641 64 53 of
1756 2642 95 54 the
1884 2642 239 54 Indians

133 2720 64 52 of
230 2719 95 52 the
360 2719 224 53 Pacific.
660 2719 54 50 A
750 2719 217 68 history
1004 2719 63 52 of
1101 2721 76 52 its
1212 2718 188 68 origin
1438 2719 112 51 and
1589 2720 74 51 its
1700 2718 271 69 adoption
2009 2720 111 52 and

133 2813 95 36 use
271 2795 75 68 by
389 2797 94 52 the
528 2796 235 67 traders,
808 2801 278 62 trappers,
1132 2796 257 67 pioneers
1434 2795 112 54 and
1592 2799 156 64 early
1793 2798 220 51 settlers
2060 2796 61 53 of

132 2873 95 54 the
277 2871 324 56 Northwest
651 2878 166 48 coast.
892 2873 91 68 By
1033 2872 252 54 Edward
1337 2872 232 68 Harper
1618 2872 263 53 Thomas.
132 2873 1965 144 Portland,

315 2948 117 68 Or.,
460 2948 410 71 Metropolitan
897 2967 172 51 press,
1104 2952 149 49 1935.

202 3020 697 49 5 p. l., 179 p., 1 l. 20½ cm .
203 3077 216 40 Portrait
447 3087 60 29 on
532 3077 134 41 front
695 3078 95 40 and
817 3078 119 40 back
961 3078 362 47 lining-papers.

204 3133 187 40 “Books
419 3143 60 30 on
508 3134 82 39 the
616 3132 201 49 jargon”;
875 3144 43 37 p.
951 3132 187 50 [48]-59.

135 3188 52 53 ©
209 3194 116 46 Aug.
350 3194 39 46 5,
414 3193 113 40 1935;
581 3193 65 40 2c.
674 3194 96 38 and
793 3192 79 40 aff.
899 3194 118 46 Aug.
1044 3191 56 40 10;
1153 3193 40 38 A
1218 3192 145 41 84908;
1417 3192 346 49 Metropolitan
1787 3204 149 37 press.

213 3249 277 47 (35-19837)

133 3350 277 66 Trenker,
442 3353 160 64 Luis,
638 3356 170 49 1893-

203 3430 183 66 Berge
411 3432 79 51 im
516 3432 215 62 schnee,
757 3431 100 52 das
882 3429 369 67 winterbuch,
1277 3449 109 33 von
1413 3430 139 53 Luis
1576 3430 255 53 Trenker;
1885 3430 109 52 mit
2020 3433 98 49 195

133 3505 220 54 bildern
385 3509 59 50 in
476 3508 324 67 kupfertief
804 3508 193 53 druck.
1069 3509 215 66 Berlin,
1316 3511 65 50 T.
1416 3509 205 50 Knaur
1651 3508 211 67 nachf.,
1897 3511 148 49 1935.

201 3580 86 39 136
309 3591 43 36 p.
405 3580 162 47 front.,
595 3582 169 46 plates.
817 3580 55 40 25
874 3583 45 20 cm
924 3612 7 8 .

134 3630 1870 54 © Feb. 15, 1935; 1c. July 10; A-Foreign 28440; Th. Knaur nachf.
213 3692 277 48 (35-19377)

133 3788 169 54 Vidal
328 3794 69 51 de
424 3794 85 51 La
534 3793 233 65 Blache,
795 3796 142 50 Paul
964 3794 185 52 Marie
1177 3795 237 63 Joseph,
1445 3798 324 62 1845-1918,
1796 3814 83 33 ed.

202 3869 358 68 Géographie
596 3871 359 66 universelle;
992 3872 224 65 publiée
1250 3889 127 35 sous
1412 3871 57 52 la
1500 3869 275 55 direction
1811 3871 68 52 de
1912 3871 66 52 P.
135 3871 1952 128 Vidal

254 3947 67 53 de
347 3950 82 50 La
458 3949 210 52 Blache
696 3954 54 47 et
776 3951 62 50 L.
868 3949 233 55 Gallois,
1166 3954 37 47 t.
1234 3949 45 52 7.
1309 3949 441 60 Méditerranée;
1783 3948 332 54 Péninsules
