2526 4384
1114 4052 98 49 295

155 437 273 66 Thomas,
455 438 138 53 Mrs.
622 438 173 62 Mary
825 434 297 68 (Hedger)
1160 439 171 51 1889-

226 516 169 67 Mary
443 513 293 55 Thomas’s
787 512 325 68 dictionary
1159 512 63 54 of
1272 511 358 66 embroidery
1676 510 250 55 stitches.
2009 509 139 54 New

162 593 172 65 York,
360 593 90 54 W.
475 591 251 53 Morrow
751 593 47 51 &
823 609 98 46 co.,
949 592 152 51 1935.

226 677 64 49 ix,
318 677 86 40 234
433 688 43 38 p.
535 675 164 44 front.,
727 676 143 46 illus.,
899 677 171 48 plates.
1128 674 58 41 20½
1219 676 44 22 cm
1266 707 10 10 .

160 744 52 54 ©
244 749 110 39 Feb.
387 747 69 47 25,
490 747 115 40 1935
622 758 9 35 ;
667 746 68 40 2c.
770 746 96 39 and
899 745 80 40 aff.
1017 745 111 40 Feb.
1162 744 82 47 27;
1280 745 41 39 A
1355 744 170 47 80617;
1563 745 143 47 Mary
1738 744 224 46 Thomas,
2000 745 153 40 Brent

227 806 193 40 Garden
447 804 201 48 Village,
681 803 245 48 Finchley,
957 802 235 48 England.
1262 801 252 49 (35-3641)

155 910 199 63 Trent,
380 907 198 64 Lucia,
607 910 171 52 1897-

228 984 160 53 More
412 1003 189 50 power
624 990 58 47 to
707 990 159 61 poets
885 982 11 53 !
974 984 92 67 By
1089 982 175 54 Lucia
1290 984 179 52 Trent
1493 984 114 52 and
1632 983 194 67 Ralph
1852 983 267 67 Cheyney
2136 1002 11 46 ;

163 1082 31 35 a
238 1063 126 68 plea
412 1062 93 55 for
548 1081 156 35 more
747 1066 203 65 poetry
994 1060 55 53 in
1098 1059 123 70 life,
1265 1080 154 35 more
1462 1060 107 52 life
1613 1060 60 54 in
1719 1066 217 62 poetry.
2012 1062 137 52 New

162 1141 821 69 York, H. Harrison [ c 1934]
229 1226 616 50 4 p. l. , 7-124 p. 22½ cm .
233 1295 1918 50 “These essays on the present status and function of poetry … have
161 1357 240 49 appeared
431 1355 50 41 in
511 1356 176 48 Poetry
719 1354 530 42 world.”—Foreword.

160 1424 52 54 ©
241 1429 116 39 Nov.
387 1428 69 47 15,
486 1426 115 42 1934
617 1438 9 36 ;
658 1427 67 41 2c.
758 1428 122 39 Mar.
911 1427 41 47 2,
982 1425 116 42 1935
1114 1437 8 36 ;
1155 1426 82 40 aff.
1269 1427 121 39 Mar.
1420 1425 27 40 1
1464 1436 9 37 ;
1507 1426 41 39 A
1579 1426 144 41 80687
1741 1437 8 36 ;
1783 1427 171 47 Henry
228 1425 1908 101 Harrison.
397 1484 251 49 (35-3670)

159 1587 163 65 Yega
349 1586 229 68 Carpio,
605 1588 156 64 Lope
789 1585 165 56 Félix
981 1587 88 64 de,
1099 1591 325 53 1562-1635.

291 1664 1858 69 … Cancionero teatral; prólogo y notas de J. Robles Pazos.
162 1740 329 71 Baltimore,
517 1745 122 52 The
665 1745 185 55 Johns
877 1743 269 68 Hopkins
1174 1760 174 50 press,
1379 1747 150 49 1935.

231 1828 556 50 2 p. l., 114 p. 23 ½ cm .
232 1900 65 41 At
321 1900 127 41 head
472 1900 53 40 of
550 1900 108 40 title
675 1911 10 29 :
713 1901 127 48 Lope
866 1901 57 40 de
948 1901 146 47 Vega.

163 1968 52 54 ©
239 1973 109 39 Jan.
371 1973 40 45 4,
437 1971 141 47 1935;
604 1971 66 41 2c.
698 1972 110 40 Feb.
834 1972 56 39 15
908 1982 8 36 ;
944 1971 80 41 aff.
1052 1972 119 38 Mar.
1197 1971 56 40 23
1272 1981 8 37 ;
1308 1971 41 39 A
1375 1969 144 42 79657
1536 1981 9 35 ;
1575 1971 158 39 Johns
1756 1969 226 49 Hopkins
2005 1980 150 38 press.

234 2029 280 50 [Copyright
538 2029 45 39 is
609 2028 207 41 claimed
841 2038 62 29 on
929 2029 194 47 prologo
1152 2040 30 36 y
1208 2030 157 46 notas]
1438 2027 251 48 (35-3342)

162 2130 229 67 Vivian,
421 2132 224 64 Evelyn
676 2132 246 55 Charles
945 2133 56 52 H.

235 2207 306 55 Seventeen
579 2209 179 67 cards,
792 2208 76 67 by
903 2207 68 53 E.
1012 2208 234 55 Charles
1282 2207 230 54 Vivian.
1586 2206 240 55 London
1862 2205 114 56 and
167 2205 1962 149 Melbourne,
422 2285 197 68 Ward,
647 2285 154 53 Lock
826 2287 45 51 &
900 2303 97 52 co.,
1026 2283 223 57 limited
1283 2287 173 68 [1935]

233 2356 87 41 320
354 2368 43 37 p.
457 2357 57 40 19½
544 2360 44 21 cm
593 2390 9 7 .

163 2425 1990 54 © 1c. Mar. 1, 1935; A ad int. 19973; pubd. Jan. 4; E. C. Vivian, London.
241 2487 250 48 (35-4008)

162 2586 1983 71 Vsesoi͡uznai͡a kommim ī st ī cheska i͡a part īi͡a (bol'shev ī kov)
325 2667 595 66 T͡S entral'ny ĭ kom ī tet.
232 2745 121 53 The
385 2749 144 49 state
564 2745 62 52 of
662 2745 96 54 the
792 2746 179 53 soviet
1004 2746 193 65 union,
1231 2747 76 66 by
1340 2747 218 66 Joseph
1595 2746 219 67 Stalin;
1851 2751 196 63 report
2080 2765 72 35 on

164 2819 93 56 the
294 2822 157 53 work
487 2822 64 52 of
589 2822 95 53 the
724 2822 234 55 Central
996 2824 317 54 committee
1350 2823 63 53 of
1450 2824 96 53 the
1585 2824 359 55 Communist
1981 2830 171 60 party

167 2897 61 53 of
277 2899 96 52 the
423 2900 181 53 soviet
654 2900 194 53 union.
934 2900 140 53 New
1127 2900 180 65 York,
1358 2901 421 53 International
1832 2901 320 66 publishers

168 3006 12 33 [
184 2980 19 21 c
208 2978 149 63 1934]

233 3045 56 42 96
320 3057 44 39 p.
422 3045 58 43 20½
512 3049 44 22 cm
559 3079 10 10 .

235 3114 180 49 Report
447 3117 141 41 made
620 3120 52 38 at
705 3118 81 41 the
819 3118 113 40 17th
964 3117 282 43 conference
1279 3118 52 42 of
1361 3120 83 40 the
1477 3118 302 43 Communist
1810 3123 145 46 party
1988 3120 53 42 of
2071 3122 81 41 the

166 3172 153 42 soviet
345 3173 162 41 union,
564 3174 62 48 cf.
656 3185 43 38 p.
727 3174 69 41 96.

167 3238 52 53 ©
241 3244 113 48 May
375 3245 69 48 15,
467 3244 140 48 1934;
633 3246 67 39 2c.
724 3245 130 40 June
871 3245 83 48 20;
980 3245 81 41 aff.
1087 3246 115 48 July
1225 3247 54 40 13
1299 3257 8 36 ;
1334 3247 41 39 A
1400 3247 169 47 76515;
1597 3248 256 40 Internatl.
1879 3249 277 47 publishers

235 3311 80 39 co.,
343 3301 90 41 inc.
503 3302 250 48 (35-3018)

165 3399 385 69 Washburne,
580 3404 273 54 Carleton
880 3405 252 64 Wolsey,
1160 3410 171 50 1889-

232 3475 121 54 The
381 3483 156 63 story
569 3478 64 53 of
664 3481 160 51 earth
857 3481 114 52 and
1002 3479 121 70 sky,
1152 3480 77 69 by
1263 3480 270 55 Carleton
1566 3481 113 53 and
1707 3481 212 53 Heluiz
164 3481 1964 125 Washburne
379 3554 60 52 in
482 3555 408 53 collaboration
935 3557 138 52 with
1120 3557 308 54 Frederick
1472 3559 171 52 Reed.
1730 3557 290 56 Student’s
2066 3560 84 52 ed.

165 3625 331 59 Illustrated
525 3632 140 53 with
693 3634 115 52 line
836 3634 290 69 drawings
1151 3634 76 69 by
1256 3635 272 69 Margery
1560 3634 277 71 Stocking
1867 3637 109 53 and
165 3638 1960 136 photographs.
524 3709 139 52 New
697 3710 180 67 York,
912 3711 72 52 D.
1022 3711 578 70 Appleton-Century
1635 3730 297 53 company,
167 3715 1961 132 incorporated
433 3818 13 34 [
450 3791 18 22 c
473 3788 151 64 1935]

236 3855 49 39 vi
305 3866 57 37 p.,
387 3856 29 39 4
475 3888 9 17 l.,
508 3857 144 41 3-382
677 3868 43 38 p.
746 3859 108 41 incl.
879 3860 163 48 front.,
1069 3860 125 40 illus.
1254 3861 172 47 plates.
1483 3859 58 42 20½
1574 3863 43 22 cm
1621 3893 10 10 .

171 3918 52 53 ©
250 3926 119 40 Mar.
399 3927 39 48 2,
468 3929 116 40 1935
599 3940 9 36 ;
637 3930 68 40 2c.
734 3931 120 38 Mar.
887 3931 28 39 6
930 3941 9 37 ;
972 3931 80 39 aff.
1084 3932 121 39 Mar.
1234 3933 27 39 7
1278 3942 9 37 ;
1318 3933 43 38 A
1386 3931 146 42 79940
1548 3943 9 37 ;
1590 3934 57 39 D.
1678 3934 474 49 Appleton-Century

240 3990 81 40 co.,
350 3982 89 42 inc.
511 3985 249 51 (35-3657)
