2424 4375
1011 4071 130 49 1209

91 451 313 52 American
434 450 324 65 petroleum
788 451 295 54 institute.

163 527 341 65 Petroleum,
548 527 95 53 the
689 533 158 59 story
892 527 64 54 of
1001 547 73 33 an
1119 526 304 53 American
1471 527 281 66 industry,
1799 527 279 65 prepared

94 603 110 53 and
241 602 299 68 published
578 604 74 66 by
686 602 304 54 American
1028 606 314 64 petroleum
1378 602 276 55 institute.
1723 603 139 54 New
1901 604 178 65 York,

92 680 70 53 N.
194 681 72 52 Y.
305 713 12 33 [
322 686 18 22 c
344 683 133 50 1935
483 714 13 32 ]

161 751 55 42 95
244 763 44 38 p.
343 752 141 47 illus.,
513 750 177 51 diagrs.
747 751 55 41 23
806 753 44 22 cm
854 784 8 9 .

163 806 127 43 “The
322 809 172 40 second
527 809 184 41 edition
744 809 51 41 of
826 810 80 40 the
938 809 191 41 booklet
1162 808 102 41 ‘Oil’
1299 809 159 40 which
1488 818 101 31 was
1619 807 254 50 published
1905 810 61 47 by
1996 811 83 39 the

94 864 250 41 American
373 865 266 49 petroleum
667 865 224 41 institute
920 865 48 40 in
998 864 493 43 1930.”—Foreword.

93 918 51 54 ©
168 923 116 48 July
306 923 68 47 15,
399 922 114 41 1935;
566 923 67 40 2c.
659 923 96 39 and
776 922 81 39 aff.
880 922 120 47 Aug.
1024 922 26 40 3;
1102 922 41 39 A
1169 921 140 41 85333;
1365 922 158 39 Amer,
1549 923 266 47 petroleum
1839 920 240 42 institute.

169 979 277 48 (35-14682)

89 1080 305 67 Andrews,
422 1080 316 65 Benjamin
766 1080 275 66 Richard,
1069 1083 170 53 1877-

162 1160 332 54 Economics
521 1160 63 52 of
612 1160 95 51 the
736 1160 310 52 household;
1105 1162 74 51 its
1211 1158 462 53 administration
1703 1158 112 53 and
1846 1157 233 69 finance,

90 1233 1964 149 by Benjamin R. Andrews … Rev. ed. New York, The Macmillan company, 1935.
157 1388 64 47 ix,
248 1387 87 41 626
358 1398 42 38 p.
455 1387 55 40 22
514 1390 43 21 cm
561 1418 8 9 .

163 1443 309 42 “Additional
500 1442 300 42 references”
829 1446 51 38 at
910 1444 90 39 end
1030 1443 52 40 of
1106 1445 129 38 most
1259 1443 53 40 of
1341 1443 83 40 the
1450 1443 240 48 chapters.

90 1498 54 53 ©
170 1503 125 46 Sept.
319 1502 40 47 3,
386 1501 139 46 1935;
553 1500 66 41 2c.
646 1501 95 39 and
765 1500 81 40 aff.
874 1500 128 47 Sept.
1026 1501 54 46 4;
1106 1500 41 39 A
1172 1500 169 46 86150;
1373 1500 280 40 Macmillan
1680 1510 67 30 co.

170 1558 278 49 (35-14994)

92 1659 177 64 Back,
301 1659 284 56 Barbara.

160 1736 158 53 Back
345 1736 146 68 chat,
520 1737 75 66 by
625 1734 258 54 Barbara
914 1734 172 54 Back.
1161 1735 258 67 London,
1448 1737 269 64 Toronto,
1745 1736 91 54 W.
90 1735 1961 144 Heinemann,
306 1815 103 52 ltd.
448 1818 170 63 [1935]

160 1885 558 50 4 p. l., 245 p. 19½ cm .
165 1943 144 41 Short
338 1941 189 43 stories.

93 1996 1985 53 © 1c. Aug. 14, 1935; A ad int. 20483; pubd. June 17; B. Back, London.
169 2057 278 48 (35-15628)

94 2160 212 64 Bacon,
334 2162 137 52 Mrs.
502 2161 259 52 Frances
786 2159 347 55 Atchinson.

159 2235 231 68 Turkey
428 2235 130 67 tale,
597 2235 75 68 by
713 2235 247 53 Frances
1001 2232 319 54 Atchinson
1364 2235 223 66 Bacon;
1630 2232 324 56 illustrated
1996 2233 77 70 by

92 2310 180 56 Grace
318 2312 186 53 Pauli.
585 2312 257 67 London,
886 2312 139 52 New
1073 2311 164 53 York
1396 2344 30 34 [etc.]
1479 2309 230 57 Oxford
1756 2311 317 69 university

91 2407 155 49 press
278 2423 13 34 [
294 2397 20 21 c
319 2393 151 63 1935]

157 2460 56 42 48
239 2472 43 38 p.
310 2462 109 41 incl.
448 2462 161 48 front.,
640 2461 126 41 illus.
827 2461 55 41 18½
928 2471 32 29 x
976 2461 56 41 18½
1064 2463 44 22 cm
1112 2493 10 10 .

161 2518 284 41 Illustrated
477 2519 360 47 lining-papers.

165 2574 228 42 “Printed
418 2575 52 39 in
492 2576 81 40 the
599 2575 178 40 United
807 2574 160 41 States
993 2575 51 40 of
1070 2573 264 42 America.”

92 2629 51 53 ©
171 2634 126 47 Sept.
322 2635 39 46 5,
387 2633 113 41 1935;
555 2634 66 40 2c.
653 2634 126 47 Sept.
804 2633 54 39 12;
914 2633 81 40 aff.
1026 2634 126 47 Sept.
1177 2632 54 41 26;
1288 2634 42 38 A
1356 2633 141 41 86261;
1556 2634 187 41 Oxford
1771 2633 129 42 univ.
1928 2645 149 38 press,

159 2691 116 39 New
304 2691 143 46 York,
477 2691 90 39 inc.
638 2689 276 47 (35-27263)

91 2790 274 65 Barford,
392 2792 177 65 Dora,
599 2796 170 50 1904-

160 2866 184 55 Greek
373 2865 99 55 fire;
529 2884 30 34 a
587 2866 113 53 tale
729 2866 64 54 of
818 2866 95 55 the
942 2866 235 67 Levant,
1205 2865 74 70 by
1308 2866 157 53 Dora
1495 2865 272 56 Barford.
1840 2868 234 53 London

97 2949 135 63 [etc.]
263 2943 67 56 G.
357 2943 67 56 G.
448 2944 235 68 Harrap
708 2944 46 51 &
778 2961 95 48 co.,
896 2943 102 53 ltd.
1050 2945 151 66 [1935]

157 3015 86 41 352
267 3025 43 38 p.
369 3014 116 41 19cm.

95 3071 1980 56 © 1c. Sept. 7, 1935; A ad int. 20549; pubd. July 12; D. Barford,
162 3132 254 48 Coventry,
451 3132 233 47 England.
756 3130 277 48 (35-15737)

95 3220 265 65 Bernent,
387 3222 250 52 Newton
666 3221 169 54 Silas.

163 3294 1907 69 Cours de revision, par Newton S. Bernent … New York
93 3374 110 52 and
228 3374 257 65 London,
509 3373 232 67 Harper
767 3375 45 50 &
836 3373 275 68 brothers,
1137 3375 152 51 1935.

164 3444 548 51 xi p., 1 l., 402 p. 19½ cm.
165 3501 193 42 “Under
377 3503 82 40 the
484 3501 266 48 editorship
773 3502 52 39 of
847 3502 52 40 F.
923 3500 53 45 G.
1000 3500 275 41 Hoffherr.”

164 3557 160 43 “First
352 3557 225 42 edition.”

96 3611 51 53 ©
171 3618 119 47 Aug.
316 3618 67 46 13,
412 3617 113 40 1935;
579 3616 67 40 2c.
674 3616 119 47 Aug.
820 3615 57 40 10;
932 3613 81 42 aff.
1039 3615 118 47 Aug.
1185 3616 55 39 15;
1296 3616 41 39 A
1361 3616 142 41 84958;
1561 3618 191 49 Harper
1780 3621 36 39 &
1844 3622 124 39 bros.

172 3673 276 48 (35-15304)

97 3761 309 67 Bertrand,
434 3762 177 64 Léon,
642 3766 170 49 1869-

223 3835 1851 70 … Les grandes regions géologiques du sol français. Avec
97 3916 27 48 8
152 3915 266 66 planches
449 3920 54 47 et
531 3917 65 48 25
626 3912 207 69 figures
863 3913 140 52 dans
1030 3915 51 51 le
1110 3918 167 48 texte.
1349 3914 202 69 [Paris]
1586 3917 67 51 E.
1683 3917 387 57 Flammarion

101 4023 12 34 [
118 3999 17 20 c
140 3995 149 63 1935]
