2424 4375
1002 4031 98 49 823

64 411 241 63 Walker,
333 412 243 53 Watson
608 410 217 56 Frank.

124 483 1919 70 Recording of local health work, by W. F. Walker, DR. P. H.,
58 565 105 52 and
209 562 268 55 Carolina
522 563 66 51 R.
636 562 327 68 Randolph,
1008 560 266 54 Division
1321 560 63 54 of
1429 560 195 53 health
1670 559 231 69 studies,
1946 560 97 52 the

58 640 475 56 Commonwealth
571 639 164 66 fund,
775 640 59 51 in
872 638 363 69 cooperation
1273 637 141 54 with
1451 639 99 52 the
1589 636 341 56 Committee
1967 656 73 35 on

56 717 445 53 administrative
532 716 246 69 practice
807 716 63 54 of
895 717 97 52 the
1019 716 307 53 American
1356 715 195 69 public
1576 715 196 54 health
59 714 1956 135 association.

250 796 135 52 New
417 794 179 68 York,
626 794 121 53 The
778 793 484 55 Commonwealth
1294 792 177 69 fund;
1504 793 260 69 London,
1795 794 77 53 H.
60 792 1956 147 Milford,

231 871 226 56 Oxford
485 871 316 70 university
829 890 173 50 press,
1034 874 150 51 1935.

121 946 111 40 xvii,
257 945 84 40 275
368 955 42 37 p.
470 944 142 47 illus.,
641 945 192 47 diagrs.,
862 945 151 39 forms
1041 944 136 48 (part
1204 943 141 48 fold.)
1413 943 57 41 31½
1503 946 43 21 cm
1550 975 10 10 .

63 1016 49 52 ©
136 1021 109 45 May
269 1018 68 46 20,
364 1016 139 48 1935;
532 1018 66 39 2c.
625 1018 125 40 June
776 1018 24 39 3;
857 1016 79 41 aff.
966 1017 125 40 June
1116 1018 52 46 1;
1200 1017 41 39 A
1268 1017 170 46 83438;
1469 1016 411 41 Commonwealth
1907 1016 136 40 fund.

139 1075 245 49 (35-8582)

60 1177 254 64 Watson,
345 1177 215 61 Frank,
593 1178 168 54 1907-

121 1252 263 69 Housing
413 1252 283 69 problems
726 1253 111 52 and
869 1252 363 68 possibilities
1263 1252 60 53 in
1355 1254 95 51 the
1477 1251 219 56 United
1729 1250 208 69 States,
1965 1251 77 70 by

58 1330 186 53 Frank
279 1330 254 54 Watson.
603 1331 139 51 New
777 1330 162 52 York
973 1330 112 53 and
1122 1330 259 68 London,
1414 1330 235 68 Harper
1683 1332 47 51 &
1764 1329 277 68 brothers,

61 1411 140 50 1935.

127 1481 777 50 3 p. l., 100 p. diagrs. 18½ cm .
65 1536 48 53 ©
138 1541 124 39 June
288 1540 67 47 17,
383 1539 112 40 1935;
551 1539 68 40 2c.
650 1540 125 39 June
803 1540 53 39 15;
912 1539 82 40 aff.
1023 1540 127 39 June
1176 1538 54 40 19;
1286 1540 42 38 A
1354 1539 169 47 84331;
1555 1540 192 47 Harper
1775 1540 36 39 &
1838 1540 123 39 bros.

139 1596 245 48 (35-8837)

64 1698 182 66 Wells,
272 1699 256 53 Herbert
558 1700 244 63 George,
833 1704 169 49 1866-

125 1775 117 52 The
277 1793 122 33 new
437 1774 284 68 America,
759 1775 95 53 the
890 1792 122 35 new
1051 1774 199 68 world,
1286 1775 75 69 by
1400 1775 77 52 H.
1521 1773 69 56 G.
1630 1775 195 54 Wells.
1903 1775 139 53 New

66 1852 164 55 York.
257 1853 121 52 The
401 1852 334 53 Macmillan
764 1870 296 51 company,
1090 1854 149 51 1935.

122 1925 26 39 4
168 1909 109 65 p.T.,
302 1925 57 40 78
382 1935 42 37 p.
485 1924 55 41 19
544 1927 43 21 cm
592 1955 8 8 .

66 1979 48 53 ©
139 1984 123 40 June
286 1985 69 46 18,
383 1983 139 47 1935;
552 1984 67 39 2c.
650 1983 94 40 and
771 1981 82 42 aff.
881 1984 130 39 June
1034 1982 82 49 19;
1145 1984 41 38 A
1213 1984 169 47 84341;
1415 1985 59 38 H.
1504 1984 51 40 G.
1585 1985 163 47 Wells,
1778 1985 211 39 London.

140 2040 245 49 (35-8548)

63 2142 247 65 Weston,
340 2143 219 66 Sidney
588 2146 242 63 Adams,
133 2146 863 128 1877-Social
347 2222 111 52 and
490 2221 270 67 religious

790 2219 279 69 problems
1101 2220 63 53 of
1195 2238 191 51 young
1416 2219 228 69 people;
1681 2240 31 34 a
1742 2220 304 54 handbook

71 2296 85 54 for
197 2315 179 51 group
421 2297 110 52 and
574 2297 319 53 individual
937 2315 94 36 use
1097 2297 73 68 [by]
1236 2296 214 70 Sidney
1494 2298 71 54 A.
1608 2297 236 54 Weston
1892 2333 11 34 [
1910 2298 112 54 and
2027 2333 13 33 3

71 2373 52 54 S.
147 2374 188 68 Ralph
361 2375 251 53 Harlow.
688 2374 136 54 New
855 2375 176 68 York,
1060 2374 321 58 Cincinnati
1436 2380 120 63 [etc.]
1589 2376 121 53 The
1737 2375 304 69 Abingdon

71 2468 145 50 press
248 2486 12 34 [
266 2459 18 21 c
289 2455 130 49 1935
426 2486 13 34 ]

132 2521 81 41 304
246 2534 42 37 p.
347 2523 116 41 fold.
499 2525 95 39 tab.
654 2523 56 40 20
712 2526 15 21 cm
761 2555 9 8 .

134 2578 156 42 “First
319 2580 180 40 edition
533 2581 191 47 printed
757 2581 272 43 December,
1060 2581 127 42 1934.
1251 2582 181 40 Second
1465 2584 230 47 printing,
1728 2585 126 47 May,
1888 2584 155 42 1935.”

135 2635 338 49 Bibliography
502 2640 50 36 at
579 2638 91 38 end
697 2637 52 39 of
774 2647 129 31 some
931 2637 51 40 of
1008 2639 81 38 the
1115 2638 237 47 chapters.

68 2690 48 52 ©
142 2697 108 45 May
275 2695 69 47 28,
371 2696 139 46 1935;
541 2697 65 38 2c.
636 2698 95 40 and
760 2696 81 38 aff.
871 2697 125 38 June
1025 2697 81 45 12;
1136 2698 40 37 A
1208 2697 169 42 84215;
1412 2697 252 48 Abingdon
1693 2709 150 38 press,
1873 2700 89 38 inc.

137 2751 273 50 [Copyright
436 2753 40 39 is
500 2753 205 39 claimed
728 2763 59 29 on
815 2762 102 29 new
942 2753 240 48 material]
1258 2752 250 50 (35-8534)

68 2852 203 67 White,
300 2857 200 52 James
530 2857 227 63 Clarke,
791 2862 167 49 1895-

127 2930 115 53 The
282 2932 318 53 autonomic,
640 2951 239 35 nervous
920 2939 236 62 system;
1202 2939 286 63 anatomy,
1529 2934 361 69 physiology,
1930 2934 109 52 and

66 3008 1978 73 surgical treatment, by James C. White … New York, The
69 3082 314 56 Macmillan
411 3105 295 51 company,
738 3091 149 50 1935.

130 3159 1913 50 xv, [1] p., 1 l., 380 p. illus., diagrs. 24 cm . (Half-title: Macmillan
68 3212 1194 52 surgical monographs. E. C. Cutler … editor)
132 3267 337 51 Bibliography
498 3276 50 36 at
574 3275 90 38 end
690 3274 53 38 of
767 3275 116 39 each
910 3275 213 46 chapter.

72 3320 48 53 ©
145 3327 120 43 June
289 3330 66 42 11,
384 3330 138 48 1935;
550 3331 65 40 2c.
642 3333 95 39 and
765 3332 79 40 aff.
876 3333 125 39 June
1028 3332 81 47 12;
1139 3334 39 38 A
1205 3333 142 40 84225;
1405 3334 280 40 Macmillan
1712 3346 65 29 co.

146 3383 242 52 (35-8780)

71 3483 236 69 Wiener,
338 3489 331 55 Alexander
697 3491 286 65 Solomon,
138 3494 1011 123 1907-Blood
372 3585 210 51 groups
640 3570 110 52 and
809 3570 164 52 blood

1034 3570 372 66 transfusion,
1464 3571 75 66 by
1598 3573 327 53 Alexander
1986 3574 56 55 S.

74 3636 1969 79 Wiener … Springfield, Ill., Baltimore, Md., C. C. Thomas
148 3720 111 67 [1935]

140 3788 1628 57 xiv p., 1 l., 220 p., 1 l. illus.. tables (1 fold.) diagrs. 26 cm .
142 3843 224 45 “General
399 3849 388 49 bibliography”:
821 3863 43 37 p.
900 3853 247 49 [209]-210.

77 3895 49 51 ©
153 3901 103 42 Feb.
282 3904 67 48 28,
378 3906 138 48 1935;
548 3909 67 39 2c.
644 3910 127 39 June
797 3910 24 39 3;
881 3910 80 40 aff.
995 3911 125 39 June
1150 3912 53 45 4;
1235 3911 42 38 A
1304 3910 169 47 83469;
1508 3912 201 40 Charles
1740 3913 48 40 C.
1821 3913 223 40 Thomas.

150 3957 240 51 (35-8851)
