2424 4375
1247 4097 132 49 1188

316 466 278 53 National
629 466 308 54 education
971 466 355 54 association
1360 467 63 53 of
1456 467 105 55 the
1589 468 220 55 United
1842 470 221 54 States.
2136 471 168 67 Dept.

386 544 64 66 of
477 562 353 49 supervisors
859 546 113 52 and
1001 545 274 53 directors
1307 546 63 65 of
1397 547 359 54 instruction.

388 620 296 55 Materials
729 621 65 54 of
834 621 369 67 instruction;
1249 622 96 53 the
1388 623 198 66 eighth
1628 623 284 66 yearbook
1953 624 64 54 of
2058 625 96 53 the
320 625 1963 140 Department

650 698 63 53 of
755 699 350 67 supervisors
1150 698 112 53 and
1304 698 273 55 directors
1620 699 63 54 of
1723 700 342 54 instruction
2108 700 63 54 of
2212 700 93 55 the

322 775 271 54 National
642 776 299 53 education
990 775 354 68 association,
1391 777 75 66 by
1516 798 30 33 a
1597 780 316 52 committee
1961 778 64 53 of
2072 778 96 54 the
323 779 1962 141 department,

654 853 219 53 Fannie
901 854 92 54 W.
1020 854 193 67 Dunn,
1242 854 310 53 chairman.
1614 855 139 53 New
1782 855 178 66 York,
1990 856 228 53 Bureau
2245 856 61 53 of

323 930 395 67 publications,
756 930 276 54 Teachers
1073 931 227 67 college,
1339 930 300 56 Columbia
1678 931 335 67 university,
2053 936 152 50 1935.

389 1001 65 50 xi,
482 1002 85 40 242
594 1013 45 38 p.
695 1002 154 50 diagr.
905 1002 56 40 23½
994 1005 43 21 cm
1042 1035 9 8 .

390 1059 226 41 Includes
648 1059 389 49 bibliographies.

323 1112 53 53 ©
414 1118 129 39 June
577 1117 68 46 11,
684 1114 140 48 1935;
863 1116 67 39 2c.
970 1115 116 48 July
1123 1115 81 47 18;
1246 1115 81 40 aff.
1364 1116 120 49 Aug.
1522 1116 53 47 6;
1614 1118 43 37 A
1692 1117 169 46 84863;
1903 1118 316 47 Department
2259 1119 49 39 of

389 1173 307 49 supervisors
727 1174 96 39 and
859 1173 234 40 directors
1128 1173 54 40 of
1211 1171 308 49 instruction,
1554 1174 114 39 Natl.
1720 1175 258 40 education
2015 1184 141 37 assn.,
2194 1176 116 39 New

392 1231 144 40 York.
607 1230 279 48 (35-14857)

323 1320 448 65 Oppenheimer,
801 1321 230 52 Benton
1063 1321 77 66 S.,
1172 1322 170 54 1878-

390 1398 54 53 A
478 1398 232 54 treatise
744 1416 72 35 on
850 1397 239 54 medical
1125 1398 450 67 jurisprudence,
1609 1399 77 66 by
1720 1400 225 51 Benton
1983 1398 57 55 S.
320 1399 1964 129 Oppenheimer
565 1518 56 10 …
688 1474 332 67 Baltimore,
1047 1476 91 54 W.
1162 1475 185 54 Wood
1372 1478 46 51 &
1443 1494 296 48 company,
1769 1478 149 51 1935.

390 1548 64 47 xi,
483 1547 86 41 290
597 1558 43 38 p.
700 1546 59 43 20
759 1550 45 21 cm
807 1578 9 10 .

392 1603 182 41 “Index
601 1604 51 40 of
675 1614 135 30 cases
834 1603 154 41 cited”;
1044 1615 43 37 p.
1113 1602 215 41 265-282.

323 1657 53 53 ©
404 1662 115 46 July
546 1660 69 47 26,
645 1659 117 41 1935;
815 1659 66 41 2c.
910 1660 121 47 Aug.
1061 1661 26 38 7;
1146 1659 81 40 aff.
1254 1659 119 48 Aug.
1404 1659 30 40 G;
1490 1660 42 39 A
1561 1659 144 41 84884;
1765 1659 242 42 Williams
2037 1660 37 40 &
2102 1660 208 41 Wilkins

388 1728 80 37 co.,
499 1718 282 40 Baltimore.
854 1715 278 50 (35-14691)

319 1807 452 64 Pennsylvania.
848 1807 403 53 Constitution.

393 1881 387 56 Constitution
829 1881 64 55 of
940 1882 442 69 Pennsylvania,
1433 1881 135 54 1874
1616 1901 59 35 as
1723 1882 273 54 amended
2045 1888 60 49 to
2154 1885 147 50 1934.

324 1962 290 67 Prepared
653 1961 76 68 by
766 1960 177 54 Jacob
984 1961 228 68 Tanger
1254 2002 56 11 …
1395 1959 394 69 [Harrisburg,
1828 1961 120 67 Pa.,
1989 1961 124 53 The

322 1960 1957 146 Telegraph
536 2057 174 50 press,
759 2041 150 64 c1934]

392 2111 86 41 106
505 2121 43 38 p.
607 2111 56 41 23½
697 2113 44 21 cm
745 2143 9 9 .

324 2165 53 53 ©
405 2171 119 39 Nov.
552 2170 69 48 21,
649 2168 140 47 1934;
818 2169 64 40 2c.
912 2169 116 47 July
1057 2167 68 48 29,
1157 2167 112 41 1935;
1330 2168 81 40 aff.
1444 2168 118 48 Aug.
1594 2169 52 46 6;
1678 2169 44 39 A
1749 2167 168 48 85397;
1952 2168 353 48 Pennsylvania

390 2226 123 40 book
546 2226 195 48 service,
776 2226 314 47 Harrisburg,
1125 2226 82 38 Pa.
1270 2225 283 48 [Copyright
1583 2225 43 40 is
1658 2225 203 41 claimed
1895 2237 61 29 on
1990 2238 43 36 p.
2065 2224 130 51 3-12]

405 2283 279 48 (35-14512)

321 2370 424 67 Pontoppidan,
777 2371 161 66 Erik,
971 2373 109 65 bp.,
1112 2371 322 54 1698-1764.

391 2449 269 68 Epitome
697 2448 64 53 of
796 2448 138 52 Rev.
971 2449 101 52 Dr.
1112 2447 179 53 Erick
1326 2446 410 70 Pontoppidan
1742 2448 38 53 ’s
1817 2449 392 67 Explanation
2245 2447 60 54 of

323 2526 220 53 Martin
582 2524 261 56 Luther’s
886 2526 180 55 Small
1108 2525 330 65 catechism;
1481 2526 316 53 translated
1838 2525 153 55 from
2030 2527 96 53 the
324 2527 1958 144 Norwegian

591 2605 76 65 by
711 2604 141 52 Rev.
898 2603 274 52 Edmund
1221 2602 243 53 Belfour
1516 2646 56 10 …
1660 2602 401 67 Minneapolis,
2107 2603 196 65 Minn.,

324 2681 162 52 Book
512 2679 317 55 committee
855 2680 62 52 of
941 2680 97 53 the
1064 2680 371 64 Evangelical
1462 2680 294 52 Lutheran
1782 2680 208 53 church
2019 2680 64 54 of
321 2679 1960 144 America,
457 2761 150 50 1935.

391 2829 84 40 102
503 2841 42 37 p.
601 2829 55 40 15½
689 2832 45 21 cm
737 2860 9 9 .

325 2883 52 52 ©
401 2887 113 47 May
536 2886 69 48 21,
629 2886 112 39 1935;
793 2886 67 39 2c.
885 2885 113 46 May
1024 2884 55 39 24;
1135 2883 81 40 aff.
1242 2883 115 48 July
1381 2884 25 38 1;
1462 2884 42 38 A
1528 2882 169 48 84120;
1726 2883 311 48 Evangelical
2062 2884 242 39 Lutheran

394 2935 1913 54 church of America, ℅ Rev. S. M. Stenby, Clear Lake, Ia. [Copyright
393 3000 43 40 is
459 3000 204 40 claimed
690 3010 60 28 on
774 2997 210 40 revision
1011 2998 95 39 and
1133 2997 261 48 additions]
1466 2996 279 48 (35-14560)

324 3074 228 64 Powell,
580 3073 181 54 Louis
785 3074 258 63 Harvey,
1075 3078 170 49 1904-

393 3149 56 53 A
477 3150 170 67 study
681 3148 64 53 of
775 3150 96 51 the
904 3148 292 55 Ozarkian
1230 3147 206 54 faunas
1468 3147 64 53 of
1562 3147 391 54 southeastern
1982 3145 316 53 Minnesota

331 3226 109 69 [by]
472 3227 174 52 Louis
673 3227 76 52 H.
779 3226 214 53 Powell
1028 3268 56 10 …
1157 3225 167 55 Saint
1352 3225 165 66 Paul,
1544 3224 203 69 Minn.,
1774 3224 122 53 The
1928 3222 228 57 Science
324 3239 1952 117 museum

503 3304 64 53 of
590 3305 96 52 the
715 3303 166 55 Saint
907 3303 147 52 Paul
1082 3302 275 67 institute,
1389 3304 150 51 1935.

398 3370 1902 54 5 p. l., 80 p. illus., 17 pl. 23 cm . ([St. Paul institute, St. Paul, Minn.
330 3430 192 43 Science
545 3442 234 40 museum]
838 3431 191 41 Science
1054 3430 204 43 bulletin
1285 3441 74 33 no.
1386 3430 51 47 1)

398 3486 119 43 Part
552 3488 54 41 of
635 3489 84 40 the
749 3488 156 47 plates
940 3487 340 48 accompanied
1316 3487 62 48 by
1412 3486 101 41 leaf
1546 3486 118 41 with
1702 3485 287 48 descriptive
2025 3486 275 46 letterpress

329 3545 95 38 and
451 3547 115 44 part
590 3546 124 39 have
739 3544 289 48 descriptive
1055 3543 281 48 letterpress
1364 3553 59 30 on
1451 3553 137 31 verso
1620 3542 163 48 facing
1810 3543 81 40 the
1916 3542 143 48 plate.

399 3598 246 43 “Selected
675 3600 334 48 bibliography
1040 3600 52 40 of
1124 3599 269 41 references
1424 3600 116 39 used
1571 3598 47 40 in
1653 3598 97 41 this
1782 3597 173 48 study”;
2016 3608 43 37 p.
2092 3595 153 43 79-80.

327 3654 53 52 ©
413 3659 116 46 May
559 3659 68 47 11,
662 3658 113 41 1935;
836 3658 65 40 2c.
938 3658 95 39 and
1067 3657 82 40 aff.
1186 3659 112 46 May
1333 3658 53 40 31;
1452 3658 41 39 A
1528 3657 144 40 84016;
1738 3657 142 40 Saint
1911 3658 122 38 Paul
2068 3654 233 44 institute,

399 3715 65 40 St.
495 3716 136 39 Paul.
701 3715 277 48 (35-14518)

327 3788 208 64 Relier,
564 3791 301 51 Theodore
891 3791 134 53 Lee.

396 3865 122 52 The
552 3866 391 66 development
979 3866 62 53 of
1075 3866 95 53 the
1206 3864 116 67 city
1356 3864 510 67 superintendency
1899 3863 63 53 of
1996 3862 214 54 schools
2243 3859 53 52 in

328 3941 93 52 the
455 3942 216 53 United
707 3941 204 67 States,
944 3943 75 65 by
1052 3941 294 54 Theodore
1379 3942 110 52 Lee
1523 3942 190 51 Relier
1753 3983 56 9 …
1882 3938 416 64 Philadelphia,

327 4018 120 54 The
479 4018 221 58 author,
734 4022 151 48 1935.
