2424 4375
1165 4038 101 49 422

243 425 453 65 Pennsylvania.
769 430 280 65 Superior
1077 435 175 48 court.

315 504 423 67 Pennsylvania
778 505 272 67 Superior
1090 512 160 47 court
1289 512 222 62 reports.
1600 528 50 33 v.
1694 512 115 49 114.
1884 510 352 69 Containing

243 579 1988 155 cases decided … Reported by C. Brewster Rhoads, state reporter, and Spencer Gilbert Nauman, assistant state reporter.
242 735 375 70 Harrisburg,
644 738 121 52 The
791 738 322 67 Telegraph
1140 757 172 50 press,
1342 743 150 52 1935.

310 834 115 39 xxx,
454 824 88 41 673
565 834 42 39 p.
663 823 59 42 23
721 826 46 21 cm
769 855 10 10 .

243 890 1974 111 © Apr. 11, 1935; 2c. and aff. May 8; A 82991; Commonwealth of Pennsylvania, Harrisburg, Pa.
237 1053 219 68 Pierce,
484 1056 146 53 Paul
654 1057 244 64 Revere,
928 1061 171 51 1890-

313 1133 123 54 The
465 1132 192 69 origin
688 1133 113 54 and
833 1133 398 69 development
1259 1133 65 56 of
1350 1134 98 55 the
1478 1132 194 71 public
1702 1135 193 54 school
1922 1137 309 69 principal-

241 1209 1991 72 ship [by] Paul Revere Pierce … Chicago, Ill., The University
239 1288 66 55 of
335 1288 251 69 Chicago
610 1306 160 51 press
822 1292 152 66 [1935]

313 1360 64 48 ix,
402 1359 87 41 223
514 1371 43 37 p.
616 1360 57 39 24
675 1362 45 22 cm
724 1391 9 9 .

309 1430 512 49 Photolithographed.

310 1487 376 48 Bibliography:
722 1499 43 37 p.
799 1487 216 43 222-223.

237 1556 53 54 ©
318 1561 108 40 Feb.
456 1560 70 48 25,
554 1559 140 49 1935;
723 1561 68 40 2c.
819 1561 122 39 Mar.
969 1561 83 47 21;
1084 1559 82 42 aff.
1195 1561 123 40 Mar.
1346 1560 83 48 18;
1459 1561 40 39 A
1527 1560 171 49 81103;
1731 1562 280 49 University
2042 1564 51 39 of
306 1562 1905 104 Chicago,
471 1617 223 48 Chicago.
764 1616 250 50 (35-4942)

232 1718 249 67 Pieters,
509 1720 303 56 Albertus.

307 1795 121 54 The
458 1802 94 48 ten
582 1796 173 54 tribes
784 1796 60 53 in
872 1796 221 70 history
1123 1797 112 53 and
1266 1797 305 68 prophecy,
1601 1797 75 68 by
1704 1798 271 53 Albertus
2005 1798 219 54 Pieters

237 1872 1963 150 … Grand Rapids, Mich., Wm. B. Eerdmans publishing company, 1934.
306 2038 87 42 109
420 2048 44 39 p.
523 2038 56 41 17
581 2040 44 22 cm
631 2070 8 8 .

233 2106 1991 54 © Jan. 25, 1934; 2c. and aff. Mar. 11, 1935; A 80979; Wm. B. Eerdmans
302 2168 110 47 pub.
441 2176 65 32 co.
577 2166 251 50 (35-5007)

229 2266 162 68 Pike,
418 2269 205 54 James
647 2269 323 66 Shepherd,
1001 2274 324 51 1811-1882.

233 2345 1988 147 … The prostrate state; South Carolina under Negro government; introduction by Henry Steele Commager. New York,
230 2501 773 69 Loring & Mussey [ c 1935]
299 2575 132 49 xxiv,
465 2575 71 50 [6],
569 2574 177 50 [9]-279
772 2586 43 37 p.
844 2575 107 41 incl.
981 2575 150 41 front.
1190 2572 55 42 21½
1279 2576 43 22 cm
1327 2607 8 8 .

299 2645 64 41 At
388 2645 125 41 head
541 2644 52 41 of
618 2644 135 41 title:
782 2644 164 42 James
974 2644 44 41 S.
1045 2644 131 41 Pike.

299 2701 101 41 The
425 2703 105 38 text
552 2699 44 42 is
621 2711 28 29 a
679 2701 187 47 reprint
889 2700 51 41 of
965 2702 83 39 the
1073 2700 183 41 edition
1282 2700 52 40 of
1360 2700 127 40 1874.

300 2756 373 50 Bibliography:
704 2768 44 37 p.
776 2756 247 41 xxi-xxiv.

232 2824 53 53 ©
312 2828 121 39 Mar.
462 2827 69 47 15,
559 2827 141 46 1935;
729 2827 67 40 2c.
825 2827 121 39 Mar.
976 2826 81 47 16;
1090 2825 81 40 aff.
1201 2827 122 38 Mar.
1352 2825 82 47 30;
1464 2826 41 38 A
1533 2825 170 48 81248;
1736 2825 179 49 Loring
1941 2826 38 40 &
2008 2826 208 49 Mussey,

297 2884 90 41 inc.
451 2884 280 50 [Copyright
762 2882 43 41 is
837 2882 204 41 claimed
1075 2893 60 29 on
1167 2882 332 41 introduction
1532 2884 95 39 and
1660 2882 351 51 bibliography]

309 2939 249 51 (35-5094)

226 3039 236 68 Preysz,
491 3041 230 66 Louise,
753 3047 169 50 1912-

298 3118 171 53 Moon
507 3119 237 68 dreams,
777 3119 75 68 by
882 3118 203 55 Louise
1120 3122 225 64 Preysz.
1421 3120 232 65 Boston,
1687 3119 237 53 Meador
229 3118 1958 145 publishing
357 3214 295 50 company,
684 3201 150 50 1935.

300 3269 57 40 37
386 3279 43 37 p.
489 3268 56 41 20
546 3271 44 21 cm
596 3300 8 8 .

301 3338 183 40 Poems.

229 3405 53 53 ©
315 3410 121 39 Mar.
468 3409 70 46 22,
571 3408 139 48 1935;
744 3409 67 40 2c.
846 3411 121 38 Mar.
999 3409 82 48 27;
1119 3408 81 41 aff.
1235 3409 112 48 Apr.
1382 3408 52 47 1;
1471 3408 41 39 A
1544 3408 169 46 82317;
1750 3408 49 38 L.
1834 3408 192 46 Preysz,
297 3408 1895 106 Evenwood,
474 3466 70 40 W.
570 3467 86 38 Va.
725 3465 248 49 (35-5021)

227 3567 216 65 Queen,
472 3567 215 66 Ellery,
714 3569 193 65 pseud.

289 3645 121 52 The
444 3644 252 68 Spanish
729 3662 136 50 cape
895 3650 269 62 mystery,
1198 3662 31 35 a
1263 3643 255 67 problem
1553 3642 60 52 in
1646 3641 321 67 deduction,
2000 3640 74 68 by
220 3640 1963 149 Ellery
376 3721 210 63 Queen.
659 3721 139 53 New
830 3721 178 67 York,
1040 3720 308 54 Frederick
1380 3720 72 52 A.
1490 3717 201 57 Stokes
1723 3736 296 49 company,
2057 3721 147 49 1935.

296 3792 97 45 xiv,
425 3792 85 38 354
543 3802 41 36 p.
645 3791 55 39 19½
732 3793 42 21 cm
781 3822 8 7 .

297 3846 287 41 Illustrated
621 3847 357 46 lining-papers.

225 3915 1867 53 © Apr. 5, 1935; 2c. and aff. Apr. 11; A 81387; E. Queen, Brooklyn.
305 3975 249 49 (35-5190)
