2424 4375
1084 4082 133 48 1555

223 553 235 41 “Limited
491 553 183 41 edition
706 553 52 40 of
790 552 84 41 750
905 552 202 49 copies.”

224 608 168 41 “Brief
419 610 193 39 records
641 609 52 40 of
718 617 130 32 some
875 609 53 39 of
955 609 80 40 the
1064 609 134 47 early
1226 608 271 41 families”:
1528 620 44 37 p.
1598 608 216 42 109-138.

224 666 224 40 Includes
485 669 224 45 excerpts
744 666 128 39 from
912 665 228 48 speeches
1177 665 140 49 given
1357 676 59 29 on
1457 666 82 40 the
1578 665 222 41 occasion
1839 666 53 40 of
1929 666 82 40 the
2051 676 88 30 one

153 723 219 40 hundred
409 723 96 39 and
540 722 185 40 fiftieth
761 722 319 48 anniversary
1116 721 50 40 in
1201 721 127 49 1929,
1367 722 52 41 of
1453 722 82 40 the
1571 721 360 49 incorporation
1968 722 53 40 of
2057 723 81 40 the

153 782 127 37 town
308 778 54 41 of
391 778 277 50 Colebrook,
699 778 326 43 Connecticut,
1085 780 61 47 cf.
1178 779 271 40 Foreword.

221 836 375 49 Bibliography:
626 847 44 38 p.
699 836 97 40 141.

149 891 52 52 ©
228 895 120 47 Aug.
376 894 69 48 26,
475 893 140 47 1935;
645 894 67 39 2c.
742 894 95 39 and
866 893 81 40 aff.
980 893 127 48 Sept.
1137 892 82 47 26;
1251 892 41 39 A
1322 892 169 43 86468;
1527 891 464 49 Sesqui-centennial

215 902 1907 89 committee
414 951 52 39 of
495 951 278 46 Colebrook,
806 950 326 46 Connecticut,
1164 950 278 46 Colebrook,
1477 950 145 40 Conn.

228 1007 280 49 (35-22997)

151 1111 338 63 Matthews,
516 1110 259 56 Weldon.

226 1188 179 52 Hitch
458 1186 148 62 hike,
659 1187 76 61 by
784 1186 242 54 Weldon
1078 1186 322 53 Matthews.
1475 1185 137 53 New
1666 1185 179 63 York,
1898 1184 245 55 Godwin

156 1268 193 65 [c1935]

219 1336 603 51 4 p. l. , 7-268 p 19½cm.
152 1392 53 54 ©
232 1397 118 39 Nov.
382 1397 39 45 1,
450 1394 115 41 1935;
621 1394 68 41 2c.
720 1395 118 39 Nov.
867 1394 81 47 11;
982 1393 82 41 aff.
1095 1394 116 39 Nov.
1244 1393 53 47 9;
1330 1394 41 39 A
1402 1394 169 46 88182;
1607 1394 216 48 Godwin,
1856 1395 288 47 publishers,

218 1454 91 39 inc.
379 1451 278 49 (35-22962)

152 1556 223 64 Meade,
405 1556 204 63 Agnes
637 1554 226 54 Barrie.

222 1632 238 51 Manual
483 1631 63 52 of
570 1629 225 54 clinical
820 1630 263 67 charting
1105 1629 271 69 designed
1400 1630 94 52 for
1515 1631 96 51 the
1633 1647 96 35 use
1752 1631 64 52 of
1838 1631 306 67 graduates

155 1706 1989 70 and students of nursing, by Agnes Barrie Meade … with a
154 1784 1967 148 foreword by Malcolm T. MacEachern … Philadelphia, London [etc.] J. B. Lippincott company |; C 1935]
223 1938 71 41 xii
327 1949 58 38 p.,
419 1939 27 37 2
517 1968 9 17 l.,
561 1936 58 41 99
651 1947 45 38 p.
730 1936 111 41 incl.
873 1936 143 40 form.
1075 1934 55 40 21
1135 1938 43 20 cm
1182 1966 10 10 .
1262 1935 101 49 (On
1393 1945 165 32 cover:
1590 1937 317 49 Lippincott’s
1943 1941 198 49 nursing
153 1995 248 48 manuals)

225 2051 374 50 Bibliography:
629 2062 45 38 p.
703 2049 159 42 89-90.

155 2107 52 52 ©
235 2111 126 47 Sept.
390 2111 68 45 11,
485 2108 140 46 1935;
653 2107 67 40 2c.
748 2107 96 39 and
869 2106 81 40 aff.
981 2106 128 48 Sept.
1135 2106 83 47 28;
1248 2107 40 38 A
1316 2106 169 48 87311;
1517 2108 42 39 J.
1585 2109 52 38 B.
1668 2107 277 51 Lippincott
1972 2121 66 29 co.

234 2165 279 50 (35-22970)

159 2271 260 63 Medary,
449 2268 301 65 Marjorie.

223 2345 367 68 Topgallant,
622 2362 32 34 a
687 2342 235 69 herring
954 2342 141 69 gull,
1127 2341 75 71 by
1235 2342 279 69 Marjorie
1546 2343 272 70 Medary;
1856 2345 289 71 drawings

161 2422 69 54 by
258 2421 166 57 Lynd
450 2420 198 55 Ward.
711 2420 139 53 New
879 2419 180 68 York,
1086 2419 77 53 H.
1196 2418 190 56 Smith
1415 2421 113 53 and
1559 2422 67 52 R.
1654 2422 162 54 Haas
1851 2455 14 34 [
1870 2429 18 22 c
1893 2426 151 65 1935]

342 2505 43 38 p.
447 2494 127 40 illus.
633 2493 57 41 23
693 2495 44 21 cm
740 2524 8 8 .

228 2551 285 41 Illustrated
540 2553 99 45 t.-p.
669 2550 96 40 and
793 2548 360 49 lining-papers.

230 2608 161 41 “First
415 2605 259 50 printing.”

158 2664 52 52 ©
237 2667 100 41 Oct.
364 2666 70 48 28,
461 2664 117 42 1935;
628 2665 68 44 2c..
725 2664 102 40 Oct.
854 2663 81 47 30;
967 2663 81 40 aff.
1077 2664 118 40 Nov.
1223 2663 53 48 2;
1305 2664 45 39 A
1373 2663 170 49 89163;
1575 2667 249 47 Margaret
1852 2669 49 39 P.
1933 2670 215 49 Medary,

225 2725 115 37 New
370 2723 144 38 York.
585 2720 279 48 (35-22401)

161 2826 218 64 Mistal,
404 2826 143 53 Otto
571 2827 79 52 M.

292 2899 1857 71 … Endoscopie et pleurolyse (méthodes duplications et
161 2980 349 68 techniques)
593 2977 242 54 Préface
865 2978 77 52 du
973 2976 324 69 professeur

1329 2977 309 55 Jacobaeus.
1705 2980 184 67 Paris,
1918 2981 230 55 Masson

160 3065 53 47 et
243 3077 29 35 ci
289 3064 19 22 e
313 3101 11 24 ,
358 3061 153 50 1935.

232 3126 1914 55 x, 436 p., 1 l. illus. 25 cm . (Bibliotheque de phtisiologie, sous la
163 3189 233 40 direction
424 3188 59 41 de
510 3187 127 40 Leon
666 3185 219 41 Bernard
977 3184 15 48 …)

231 3240 854 46 At head of title: O. M. Mistal …
234 3299 416 51 “Bibliographie”:
711 3310 43 37 p.
787 3296 246 51 [407]-426.

164 3354 1737 54 © May 4, 1935; 1c. Aug. 21; A-Foreign 28704; Masson et cie.
246 3415 277 49 (35-22973)

167 3518 215 64 Myers,
414 3517 320 61 Gustavus,
767 3514 169 53 1872-

237 3591 261 55 America
539 3590 203 54 strikes
779 3589 170 66 back;
995 3607 32 34 a
1068 3590 196 52 record
1304 3589 65 53 of
1408 3596 296 63 contrasts,
1747 3594 72 67 by
1860 3596 287 57 Gustavus

169 3666 1492 72 Myers … New York, I. Washburn, inc. [ c 1935]
238 3755 45 34 x,
312 3742 86 41 408
428 3753 44 37 p.
531 3741 55 40 23
588 3742 45 22 cm
638 3772 10 10 .

244 3792 1905 51 “The historical record set forth … [Shows] the true contrast of
174 3853 251 40 American
464 3849 270 43 conditions
773 3849 119 40 with
934 3848 81 40 the
1057 3848 237 48 practices
1335 3852 94 40 and
1470 3851 303 45 pretensions
1814 3854 52 38 of
1906 3857 244 42 countries

172 3909 125 40 from
323 3908 156 41 which
508 3917 52 30 so
588 3916 145 37 many
759 3903 258 43 criticisms
1044 3904 53 40 of
1124 3902 222 42 America
1375 3904 123 41 have
1526 3906 280 50 come.”—p.
1834 3910 97 40 368.

169 3963 52 52 ©
248 3968 116 39 Nov.
393 3968 40 44 1,
461 3966 112 39 1935;
631 3964 67 39 2c.
727 3963 117 39 Nov.
870 3962 54 46 4;
954 3961 82 40 aff.
1066 3961 116 39 Nov.
1212 3960 55 47 2;
1298 3963 40 37 A
1367 3961 170 48 88102;
1571 3963 53 41 G.
1655 3965 175 48 Myers,
1861 3967 118 40 New
2008 3969 141 41 York.

249 4022 277 50 (35-22995)
