<alto xmlns="http://www.loc.gov/standards/alto/ns-v3#" xmlns:xlink="http://www.w3.org/1999/xlink" xmlns:xsi="http://www.w3.org/2001/XMLSchema-instance" xsi:schemaLocation="http://www.loc.gov/standards/alto/ns-v3# http://www.loc.gov/alto/v3/alto-3-0.xsd"><Description>
<MeasurementUnit>pixel</MeasurementUnit>
<sourceImageInformation>
<fileName>1935_v32_Part1.pdf</fileName>
</sourceImageInformation>
<OCRProcessing ID="IdOcr">
<ocrProcessingStep>
<processingDateTime>2019-01-15</processingDateTime>
<processingSoftware>
<softwareCreator>ABBYY</softwareCreator>
<softwareName>ABBYY Recognition Server</softwareName>
<softwareVersion>4.0</softwareVersion>
</processingSoftware>
</ocrProcessingStep>
</OCRProcessing>
</Description>
<Styles>
<ParagraphStyle ID="StyleId-FFFFFFFF-FFFF-FFFF-FFFF-FFFFFFFFFFFF-" ALIGN="Left" LEFT="0." RIGHT="0." FIRSTLINE="0."/>
<ParagraphStyle ID="StyleId-09A13A44-4F77-4ABE-84F3-84CC8B3C72CE-" ALIGN="Left" LEFT="0." RIGHT="0." FIRSTLINE="0." LINESPACE="7.699999809"/>
<ParagraphStyle ID="StyleId-1F945060-F8CD-4435-B69A-5FF49DB0C586-" ALIGN="Left" LEFT="0." RIGHT="0." FIRSTLINE="-10." LINESPACE="12.19999981"/>
<ParagraphStyle ID="StyleId-C6CAE747-F5A4-4D0D-8D74-D452DA7E2C1C-" ALIGN="Block" LEFT="0." RIGHT="0." FIRSTLINE="-14." LINESPACE="8.350000381"/>
<ParagraphStyle ID="StyleId-FC0F3374-189A-459E-BE29-2DC14180F022-" ALIGN="Left" LEFT="0." RIGHT="0." FIRSTLINE="0."/>
<ParagraphStyle ID="StyleId-49397C49-A894-4B3E-BA5E-1126226BA375-" ALIGN="Left" LEFT="0." RIGHT="0." FIRSTLINE="-12." LINESPACE="11.09000015"/>
<ParagraphStyle ID="StyleId-9E34DD3A-E661-48BD-A3A1-6A3D48346F00-" ALIGN="Block" LEFT="0." RIGHT="0." FIRSTLINE="-14." LINESPACE="11.09000015"/>
<ParagraphStyle ID="StyleId-56CE54AA-A08B-4BAA-8605-F26020A0E36E-" ALIGN="Left" LEFT="0." RIGHT="0." FIRSTLINE="0." LINESPACE="9.399999619"/>
<ParagraphStyle ID="StyleId-77814FFC-C42F-4AA9-9880-EF33B947DEC8-" ALIGN="Left" LEFT="0." RIGHT="0." FIRSTLINE="-11." LINESPACE="11.06999969"/>
<ParagraphStyle ID="StyleId-FDE92EC0-67DC-4C7B-8A24-094B12C38B6C-" ALIGN="Center" LEFT="0." RIGHT="0." FIRSTLINE="0." LINESPACE="11.30000019"/>
<ParagraphStyle ID="StyleId-65180E3B-4C93-4FB8-81EE-E026DD63DBF3-" ALIGN="Left" LEFT="0." RIGHT="0." FIRSTLINE="0." LINESPACE="11.10000038"/>
<ParagraphStyle ID="StyleId-10E885C2-5813-4620-B0AA-0FBA30CF7A32-" ALIGN="Left" LEFT="0." RIGHT="0." FIRSTLINE="0." LINESPACE="9.5"/>
<ParagraphStyle ID="StyleId-913C2DB5-9F02-4067-BAF7-0AED37B60BBE-" ALIGN="Left" LEFT="0." RIGHT="0." FIRSTLINE="0." LINESPACE="6.099999905"/>
<ParagraphStyle ID="StyleId-9C79A9D2-8F08-4A8F-985D-B00E253ED1E5-" ALIGN="Left" LEFT="0." RIGHT="0." FIRSTLINE="0." LINESPACE="4.400000095"/>
<ParagraphStyle ID="StyleId-A41F0407-FEFE-4738-9EC5-E05AFFF62781-" ALIGN="Left" LEFT="0." RIGHT="0." FIRSTLINE="0." LINESPACE="7.300000191"/>
<ParagraphStyle ID="StyleId-61D37176-94E8-408D-9B87-01C406CE8AB2-" ALIGN="Left" LEFT="0." RIGHT="0." FIRSTLINE="0." LINESPACE="8.050000191"/>
</Styles>
<Layout>
<Page ID="Page414" PHYSICAL_IMG_NR="414" HEIGHT="4375" WIDTH="2424">
<TopMargin HEIGHT="458" WIDTH="2424" VPOS="0" HPOS="0">
</TopMargin>
<LeftMargin HEIGHT="3584" WIDTH="252" VPOS="458" HPOS="0">
</LeftMargin>
<RightMargin HEIGHT="3584" WIDTH="150" VPOS="458" HPOS="2274">
</RightMargin>
<BottomMargin HEIGHT="333" WIDTH="2424" VPOS="4042" HPOS="0">
<TextBlock ID="Page414_Block1" HEIGHT="70" WIDTH="124" VPOS="4074" HPOS="1202" LANG="en-US" STYLEREFS="StyleId-7586EB7F-416D-475D-B588-1BD3AFB9F76B-">
<TextLine HEIGHT="49" WIDTH="103" VPOS="4085" HPOS="1213">
<String CONTENT="414" HEIGHT="49" WIDTH="103" VPOS="4085" HPOS="1213"/>
</TextLine>
</TextBlock>
</BottomMargin>
<PrintSpace HEIGHT="3584" WIDTH="2022" VPOS="458" HPOS="252">
<TextBlock ID="Page414_Block2" HEIGHT="3584" WIDTH="2022" VPOS="458" HPOS="252" LANG="en-US" CS="1" STYLEREFS="StyleId-F85B7333-C0CA-402A-864D-3A00FC46F601-">
<TextLine HEIGHT="49" WIDTH="975" VPOS="544" HPOS="331" STYLEREFS="StyleId-45030251-8CAF-49B8-B113-0EA66D6E11B0-" CS="1">
<String CONTENT="175" HEIGHT="40" WIDTH="87" VPOS="544" HPOS="331"/>
<SP HEIGHT="48" WIDTH="24" VPOS="544" HPOS="419"/>
<String CONTENT="p." HEIGHT="39" WIDTH="45" VPOS="553" HPOS="444"/>
<SP HEIGHT="40" WIDTH="56" VPOS="544" HPOS="490"/>
<String CONTENT="2" HEIGHT="39" WIDTH="27" VPOS="544" HPOS="547"/>
<SP HEIGHT="48" WIDTH="25" VPOS="544" HPOS="575"/>
<String CONTENT="port," HEIGHT="46" WIDTH="125" VPOS="546" HPOS="601"/>
<SP HEIGHT="48" WIDTH="26" VPOS="545" HPOS="727"/>
<String CONTENT="(incl." HEIGHT="49" WIDTH="132" VPOS="544" HPOS="754"/>
<SP HEIGHT="39" WIDTH="28" VPOS="545" HPOS="887"/>
<String CONTENT="front.)" HEIGHT="48" WIDTH="175" VPOS="545" HPOS="916"/>
<SP HEIGHT="48" WIDTH="66" VPOS="545" HPOS="1092"/>
<String CS="1" CONTENT="20&#189;" HEIGHT="40" WIDTH="57" VPOS="544" HPOS="1159"/>
<String STYLE="superscript" CONTENT="cm" HEIGHT="21" WIDTH="45" VPOS="546" HPOS="1248"/>
<String CONTENT="." HEIGHT="10" WIDTH="9" VPOS="576" HPOS="1297"/>
</TextLine>
<TextLine HEIGHT="55" WIDTH="1995" VPOS="597" HPOS="265" STYLEREFS="StyleId-45030251-8CAF-49B8-B113-0EA66D6E11B0-" CS="1">
<String CONTENT="&#169;" HEIGHT="54" WIDTH="53" VPOS="597" HPOS="265"/>
<SP/>
<String CS="1" CONTENT="1c."/>
<SP HEIGHT="39" WIDTH="35" VPOS="603" HPOS="424"/>
<String CONTENT="Mar." HEIGHT="39" WIDTH="122" VPOS="603" HPOS="460"/>
<SP HEIGHT="40" WIDTH="35" VPOS="602" HPOS="583"/>
<String CONTENT="2," HEIGHT="48" WIDTH="42" VPOS="602" HPOS="619"/>
<SP HEIGHT="47" WIDTH="35" VPOS="603" HPOS="662"/>
<String CONTENT="1935;" HEIGHT="47" WIDTH="141" VPOS="602" HPOS="698"/>
<SP HEIGHT="46" WIDTH="36" VPOS="603" HPOS="840"/>
<!-- cceid 8962DE9D-6D82-1014-B070-FDFD250A9EDA --><String CONTENT="A" HEIGHT="39" WIDTH="40" VPOS="603" HPOS="877"/>
<SP HEIGHT="40" WIDTH="34" VPOS="603" HPOS="918"/>
<String CONTENT="ad" HEIGHT="39" WIDTH="63" VPOS="604" HPOS="953"/>
<SP HEIGHT="40" WIDTH="34" VPOS="603" HPOS="1017"/>
<String CONTENT="int." HEIGHT="40" WIDTH="86" VPOS="603" HPOS="1052"/>
<SP HEIGHT="40" WIDTH="35" VPOS="602" HPOS="1139"/>
<String CONTENT="20003" HEIGHT="41" WIDTH="143" VPOS="602" HPOS="1175"/>
<SP HEIGHT="47" WIDTH="17" VPOS="603" HPOS="1319"/>
<String CONTENT=";" HEIGHT="36" WIDTH="9" VPOS="614" HPOS="1337"/>
<SP HEIGHT="38" WIDTH="37" VPOS="614" HPOS="1347"/>
<String CONTENT="pubd." HEIGHT="48" WIDTH="144" VPOS="604" HPOS="1385"/>
<SP HEIGHT="40" WIDTH="36" VPOS="604" HPOS="1530"/>
<String CONTENT="Jan." HEIGHT="40" WIDTH="110" VPOS="604" HPOS="1567"/>
<SP HEIGHT="39" WIDTH="35" VPOS="606" HPOS="1678"/>
<String CONTENT="7;" HEIGHT="45" WIDTH="52" VPOS="606" HPOS="1714"/>
<SP HEIGHT="47" WIDTH="39" VPOS="604" HPOS="1767"/>
<String CONTENT="J." HEIGHT="40" WIDTH="42" VPOS="604" HPOS="1807"/>
<SP HEIGHT="40" WIDTH="37" VPOS="605" HPOS="1850"/>
<String CONTENT="W." HEIGHT="40" WIDTH="71" VPOS="605" HPOS="1888"/>
<SP HEIGHT="39" WIDTH="37" VPOS="605" HPOS="1960"/>
<String CONTENT="Drawbell," HEIGHT="48" WIDTH="262" VPOS="604" HPOS="1998"/>
</TextLine>
<TextLine HEIGHT="50" WIDTH="1248" VPOS="659" HPOS="330" STYLEREFS="StyleId-45030251-8CAF-49B8-B113-0EA66D6E11B0-">
<String CONTENT="Dormans" HEIGHT="41" WIDTH="243" VPOS="659" HPOS="330"/>
<SP HEIGHT="40" WIDTH="31" VPOS="660" HPOS="574"/>
<String CONTENT="Park," HEIGHT="47" WIDTH="145" VPOS="660" HPOS="606"/>
<SP HEIGHT="47" WIDTH="37" VPOS="660" HPOS="752"/>
<String CONTENT="Surrey," HEIGHT="49" WIDTH="193" VPOS="660" HPOS="790"/>
<SP HEIGHT="49" WIDTH="33" VPOS="660" HPOS="984"/>
<String CONTENT="England." HEIGHT="48" WIDTH="236" VPOS="660" HPOS="1018"/>
<SP HEIGHT="48" WIDTH="70" VPOS="660" HPOS="1255"/>
<String CONTENT="(35-5047)" HEIGHT="49" WIDTH="252" VPOS="660" HPOS="1326"/>
</TextLine>
<TextLine HEIGHT="69" WIDTH="1022" VPOS="761" HPOS="268" CS="1">
<String CONTENT="[Eager," HEIGHT="67" WIDTH="232" VPOS="761" HPOS="268"/>
<SP HEIGHT="64" WIDTH="27" VPOS="763" HPOS="501"/>
<String CONTENT="Samuel" HEIGHT="54" WIDTH="236" VPOS="763" HPOS="529"/>
<SP HEIGHT="54" WIDTH="24" VPOS="763" HPOS="766"/>
<String CS="1" CONTENT="Watkins]" HEIGHT="54" WIDTH="274" VPOS="763" HPOS="791"/>
<SP HEIGHT="61" WIDTH="33" VPOS="769" HPOS="1084"/>
<String CONTENT="1900-" HEIGHT="50" WIDTH="172" VPOS="768" HPOS="1118"/>
</TextLine>
<TextLine HEIGHT="57" WIDTH="1922" VPOS="839" HPOS="337">
<String CONTENT="Bender&#8217;s" HEIGHT="54" WIDTH="271" VPOS="839" HPOS="337"/>
<SP HEIGHT="53" WIDTH="41" VPOS="840" HPOS="609"/>
<String CONTENT="forms" HEIGHT="53" WIDTH="181" VPOS="840" HPOS="651"/>
<SP HEIGHT="53" WIDTH="39" VPOS="840" HPOS="833"/>
<String CONTENT="for" HEIGHT="54" WIDTH="94" VPOS="840" HPOS="873"/>
<SP HEIGHT="47" WIDTH="37" VPOS="847" HPOS="968"/>
<String CONTENT="the" HEIGHT="53" WIDTH="97" VPOS="841" HPOS="1006"/>
<SP HEIGHT="55" WIDTH="39" VPOS="841" HPOS="1104"/>
<String CONTENT="Consolidated" HEIGHT="56" WIDTH="408" VPOS="840" HPOS="1144"/>
<SP HEIGHT="53" WIDTH="37" VPOS="841" HPOS="1553"/>
<String CONTENT="laws" HEIGHT="51" WIDTH="138" VPOS="843" HPOS="1591"/>
<SP HEIGHT="35" WIDTH="40" VPOS="860" HPOS="1730"/>
<String CONTENT="of" HEIGHT="53" WIDTH="63" VPOS="842" HPOS="1771"/>
<SP HEIGHT="52" WIDTH="38" VPOS="842" HPOS="1835"/>
<String CONTENT="the" HEIGHT="53" WIDTH="96" VPOS="842" HPOS="1874"/>
<SP HEIGHT="35" WIDTH="36" VPOS="860" HPOS="1971"/>
<String CONTENT="state" HEIGHT="50" WIDTH="147" VPOS="845" HPOS="2008"/>
<SP HEIGHT="36" WIDTH="37" VPOS="859" HPOS="2156"/>
<String CONTENT="of" HEIGHT="54" WIDTH="65" VPOS="841" HPOS="2194"/>
</TextLine>
<TextLine HEIGHT="71" WIDTH="1992" VPOS="916" HPOS="267">
<String CONTENT="New" HEIGHT="54" WIDTH="138" VPOS="916" HPOS="267"/>
<SP HEIGHT="52" WIDTH="42" VPOS="920" HPOS="406"/>
<String CONTENT="York," HEIGHT="67" WIDTH="180" VPOS="918" HPOS="449"/>
<SP HEIGHT="47" WIDTH="42" VPOS="938" HPOS="630"/>
<String CONTENT="with" HEIGHT="53" WIDTH="140" VPOS="918" HPOS="673"/>
<SP HEIGHT="54" WIDTH="42" VPOS="919" HPOS="814"/>
<String CONTENT="explanatory" HEIGHT="67" WIDTH="376" VPOS="920" HPOS="857"/>
<SP HEIGHT="48" WIDTH="40" VPOS="938" HPOS="1234"/>
<String CONTENT="notes" HEIGHT="49" WIDTH="160" VPOS="925" HPOS="1275"/>
<SP HEIGHT="35" WIDTH="41" VPOS="939" HPOS="1436"/>
<String CONTENT="and" HEIGHT="53" WIDTH="113" VPOS="920" HPOS="1478"/>
<SP HEIGHT="53" WIDTH="41" VPOS="920" HPOS="1592"/>
<String CONTENT="cross" HEIGHT="35" WIDTH="150" VPOS="938" HPOS="1634"/>
<SP HEIGHT="34" WIDTH="42" VPOS="939" HPOS="1785"/>
<String CONTENT="references" HEIGHT="55" WIDTH="313" VPOS="919" HPOS="1828"/>
<SP HEIGHT="53" WIDTH="41" VPOS="921" HPOS="2142"/>
<String CONTENT="by" HEIGHT="66" WIDTH="75" VPOS="921" HPOS="2184"/>
</TextLine>
<TextLine HEIGHT="61" WIDTH="1989" VPOS="992" HPOS="269" CS="1">
<String CONTENT="Samuel" HEIGHT="56" WIDTH="230" VPOS="992" HPOS="269"/>
<SP HEIGHT="51" WIDTH="37" VPOS="996" HPOS="500"/>
<String CONTENT="M." HEIGHT="53" WIDTH="78" VPOS="996" HPOS="538"/>
<SP HEIGHT="52" WIDTH="40" VPOS="998" HPOS="617"/>
<String CONTENT="Hesson" HEIGHT="52" WIDTH="224" VPOS="998" HPOS="658"/>
<SP HEIGHT="34" WIDTH="44" VPOS="1015" HPOS="883"/>
<String CS="1" CONTENT="&#8230;"/>
<SP HEIGHT="35" WIDTH="43" VPOS="1014" HPOS="985"/>
<String CONTENT="and" HEIGHT="52" WIDTH="114" VPOS="998" HPOS="1029"/>
<SP HEIGHT="53" WIDTH="36" VPOS="998" HPOS="1144"/>
<String CONTENT="B." HEIGHT="51" WIDTH="67" VPOS="1000" HPOS="1181"/>
<SP HEIGHT="55" WIDTH="37" VPOS="998" HPOS="1249"/>
<String CONTENT="G." HEIGHT="55" WIDTH="70" VPOS="998" HPOS="1287"/>
<SP HEIGHT="51" WIDTH="42" VPOS="1000" HPOS="1358"/>
<String CONTENT="Bonomi" HEIGHT="52" WIDTH="243" VPOS="1000" HPOS="1401"/>
<SP HEIGHT="52" WIDTH="46" VPOS="1000" HPOS="1645"/>
<String CS="1" CONTENT="&#8230;"/>
<SP HEIGHT="52" WIDTH="78" VPOS="999" HPOS="1748"/>
<String CONTENT="For" HEIGHT="52" WIDTH="117" VPOS="999" HPOS="1827"/>
<SP HEIGHT="34" WIDTH="35" VPOS="1017" HPOS="1945"/>
<String CONTENT="use" HEIGHT="35" WIDTH="97" VPOS="1017" HPOS="1981"/>
<SP HEIGHT="35" WIDTH="38" VPOS="1018" HPOS="2079"/>
<String CONTENT="with" HEIGHT="56" WIDTH="140" VPOS="997" HPOS="2118"/>
</TextLine>
<TextLine HEIGHT="134" WIDTH="1972" VPOS="1072" HPOS="264" CS="1">
<String CONTENT="McKinney&#8217;s" HEIGHT="70" WIDTH="374" VPOS="1072" HPOS="264"/>
<SP HEIGHT="55" WIDTH="33" VPOS="1075" HPOS="639"/>
<String CONTENT="Consolidated" HEIGHT="55" WIDTH="405" VPOS="1075" HPOS="673"/>
<SP HEIGHT="52" WIDTH="28" VPOS="1076" HPOS="1079"/>
<String CONTENT="laws" HEIGHT="52" WIDTH="138" VPOS="1077" HPOS="1108"/>
<SP HEIGHT="34" WIDTH="27" VPOS="1095" HPOS="1247"/>
<String CONTENT="of" HEIGHT="53" WIDTH="64" VPOS="1076" HPOS="1275"/>
<SP HEIGHT="54" WIDTH="28" VPOS="1076" HPOS="1340"/>
<String CONTENT="New" HEIGHT="52" WIDTH="139" VPOS="1078" HPOS="1369"/>
<SP HEIGHT="52" WIDTH="29" VPOS="1079" HPOS="1509"/>
<String CONTENT="York," HEIGHT="69" WIDTH="179" VPOS="1076" HPOS="1539"/>
<SP HEIGHT="49" WIDTH="30" VPOS="1096" HPOS="1719"/>
<String CONTENT="annotated," HEIGHT="53" WIDTH="325" VPOS="1078" HPOS="1750"/>
<SP HEIGHT="35" WIDTH="64" VPOS="1096" HPOS="2076"/>
<String CONTENT="volume" HEIGHT="128" WIDTH="1970" VPOS="1078" HPOS="266"/>
</TextLine>
<TextLine HEIGHT="73" WIDTH="1830" VPOS="1152" HPOS="431">
<String CONTENT="7." HEIGHT="54" WIDTH="48" VPOS="1152" HPOS="431"/>
<SP HEIGHT="52" WIDTH="74" VPOS="1154" HPOS="480"/>
<String CONTENT="Railroad" HEIGHT="54" WIDTH="278" VPOS="1152" HPOS="555"/>
<SP HEIGHT="54" WIDTH="36" VPOS="1154" HPOS="834"/>
<String CONTENT="to" HEIGHT="48" WIDTH="57" VPOS="1161" HPOS="871"/>
<SP HEIGHT="36" WIDTH="38" VPOS="1173" HPOS="929"/>
<String CONTENT="and" HEIGHT="53" WIDTH="113" VPOS="1154" HPOS="968"/>
<SP HEIGHT="53" WIDTH="35" VPOS="1154" HPOS="1082"/>
<String CONTENT="including" HEIGHT="68" WIDTH="301" VPOS="1154" HPOS="1118"/>
<SP HEIGHT="68" WIDTH="39" VPOS="1154" HPOS="1420"/>
<String CONTENT="Stock" HEIGHT="56" WIDTH="174" VPOS="1154" HPOS="1460"/>
<SP HEIGHT="54" WIDTH="37" VPOS="1155" HPOS="1635"/>
<String CONTENT="corporations" HEIGHT="67" WIDTH="391" VPOS="1156" HPOS="1673"/>
<SP HEIGHT="69" WIDTH="49" VPOS="1156" HPOS="2065"/>
<String CONTENT="(real" HEIGHT="69" WIDTH="146" VPOS="1156" HPOS="2115"/>
</TextLine>
<TextLine HEIGHT="131" WIDTH="1973" VPOS="1231" HPOS="264" CS="1">
<String CONTENT="property," HEIGHT="64" WIDTH="291" VPOS="1235" HPOS="269"/>
<SP HEIGHT="48" WIDTH="31" VPOS="1251" HPOS="561"/>
<String CONTENT="volume" HEIGHT="52" WIDTH="224" VPOS="1232" HPOS="593"/>
<SP HEIGHT="50" WIDTH="32" VPOS="1235" HPOS="818"/>
<String CONTENT="6)" HEIGHT="67" WIDTH="56" VPOS="1232" HPOS="851"/>
<SP HEIGHT="67" WIDTH="78" VPOS="1232" HPOS="908"/>
<String CONTENT="Albany," HEIGHT="69" WIDTH="250" VPOS="1231" HPOS="987"/>
<SP HEIGHT="66" WIDTH="31" VPOS="1234" HPOS="1238"/>
<String CONTENT="N." HEIGHT="52" WIDTH="69" VPOS="1234" HPOS="1270"/>
<SP HEIGHT="52" WIDTH="34" VPOS="1235" HPOS="1340"/>
<String CONTENT="Y.," HEIGHT="66" WIDTH="91" VPOS="1235" HPOS="1375"/>
<SP HEIGHT="66" WIDTH="28" VPOS="1235" HPOS="1467"/>
<String CONTENT="New" HEIGHT="52" WIDTH="138" VPOS="1235" HPOS="1496"/>
<SP HEIGHT="51" WIDTH="33" VPOS="1236" HPOS="1635"/>
<String CONTENT="York," HEIGHT="67" WIDTH="179" VPOS="1234" HPOS="1669"/>
<SP HEIGHT="66" WIDTH="31" VPOS="1235" HPOS="1849"/>
<String CONTENT="N." HEIGHT="53" WIDTH="70" VPOS="1235" HPOS="1881"/>
<SP HEIGHT="52" WIDTH="34" VPOS="1237" HPOS="1952"/>
<String CONTENT="Y.," HEIGHT="66" WIDTH="91" VPOS="1237" HPOS="1987"/>
<SP HEIGHT="68" WIDTH="28" VPOS="1235" HPOS="2079"/>
<String CONTENT="Matthew" HEIGHT="127" WIDTH="1973" VPOS="1235" HPOS="264"/>
</TextLine>
<TextLine HEIGHT="69" WIDTH="1247" VPOS="1310" HPOS="441">
<String CONTENT="Bender" HEIGHT="53" WIDTH="226" VPOS="1310" HPOS="441"/>
<SP HEIGHT="50" WIDTH="26" VPOS="1314" HPOS="668"/>
<String CONTENT="&amp;" HEIGHT="50" WIDTH="46" VPOS="1314" HPOS="695"/>
<SP HEIGHT="50" WIDTH="25" VPOS="1314" HPOS="742"/>
<String CONTENT="company," HEIGHT="50" WIDTH="295" VPOS="1328" HPOS="768"/>
<SP HEIGHT="68" WIDTH="25" VPOS="1310" HPOS="1064"/>
<String CONTENT="incorporated," HEIGHT="69" WIDTH="418" VPOS="1310" HPOS="1090"/>
<SP HEIGHT="61" WIDTH="29" VPOS="1318" HPOS="1509"/>
<String CONTENT="1935." HEIGHT="52" WIDTH="149" VPOS="1315" HPOS="1539"/>
</TextLine>
<TextLine HEIGHT="51" WIDTH="518" VPOS="1381" HPOS="334">
<String CONTENT="xxix," HEIGHT="51" WIDTH="134" VPOS="1381" HPOS="334"/>
<SP HEIGHT="49" WIDTH="25" VPOS="1383" HPOS="469"/>
<String CONTENT="1079" HEIGHT="41" WIDTH="116" VPOS="1382" HPOS="495"/>
<SP HEIGHT="50" WIDTH="24" VPOS="1382" HPOS="612"/>
<String CONTENT="p." HEIGHT="37" WIDTH="44" VPOS="1395" HPOS="637"/>
<SP HEIGHT="41" WIDTH="51" VPOS="1382" HPOS="682"/>
<String CONTENT="24" HEIGHT="41" WIDTH="58" VPOS="1382" HPOS="734"/>
<String STYLE="superscript" CONTENT="cm" HEIGHT="21" WIDTH="45" VPOS="1385" HPOS="794"/>
<String CONTENT="." HEIGHT="10" WIDTH="9" VPOS="1414" HPOS="843"/>
</TextLine>
<TextLine HEIGHT="54" WIDTH="1996" VPOS="1449" HPOS="267" STYLEREFS="StyleId-45030251-8CAF-49B8-B113-0EA66D6E11B0-">
<String CONTENT="&#169;" HEIGHT="54" WIDTH="53" VPOS="1449" HPOS="267"/>
<SP HEIGHT="54" WIDTH="24" VPOS="1449" HPOS="321"/>
<String CONTENT="Mar." HEIGHT="39" WIDTH="122" VPOS="1455" HPOS="346"/>
<SP HEIGHT="40" WIDTH="26" VPOS="1454" HPOS="469"/>
<String CONTENT="29," HEIGHT="50" WIDTH="70" VPOS="1452" HPOS="496"/>
<SP HEIGHT="48" WIDTH="26" VPOS="1454" HPOS="567"/>
<String CONTENT="1935" HEIGHT="42" WIDTH="114" VPOS="1452" HPOS="594"/>
<SP HEIGHT="46" WIDTH="16" VPOS="1455" HPOS="709"/>
<String CONTENT=";" HEIGHT="37" WIDTH="9" VPOS="1464" HPOS="726"/>
<SP HEIGHT="47" WIDTH="28" VPOS="1454" HPOS="736"/>
<String CONTENT="2c." HEIGHT="40" WIDTH="67" VPOS="1454" HPOS="765"/>
<SP HEIGHT="39" WIDTH="27" VPOS="1454" HPOS="833"/>
<String CONTENT="Apr." HEIGHT="49" WIDTH="114" VPOS="1454" HPOS="861"/>
<SP HEIGHT="39" WIDTH="26" VPOS="1455" HPOS="976"/>
<String CONTENT="1;" HEIGHT="46" WIDTH="53" VPOS="1455" HPOS="1003"/>
<SP HEIGHT="37" WIDTH="28" VPOS="1464" HPOS="1057"/>
<String CONTENT="aff." HEIGHT="41" WIDTH="82" VPOS="1453" HPOS="1086"/>
<SP HEIGHT="39" WIDTH="29" VPOS="1454" HPOS="1169"/>
<String CONTENT="Mar." HEIGHT="40" WIDTH="120" VPOS="1454" HPOS="1199"/>
<SP HEIGHT="41" WIDTH="29" VPOS="1454" HPOS="1320"/>
<String CONTENT="30;" HEIGHT="48" WIDTH="84" VPOS="1453" HPOS="1350"/>
<SP HEIGHT="47" WIDTH="29" VPOS="1454" HPOS="1435"/>
<!-- cceid 8963932B-6D82-1014-B070-FDFD250A9EDA --><String CONTENT="A" HEIGHT="40" WIDTH="40" VPOS="1454" HPOS="1465"/>
<SP HEIGHT="41" WIDTH="29" VPOS="1454" HPOS="1506"/>
<String CONTENT="81234;" HEIGHT="48" WIDTH="170" VPOS="1454" HPOS="1536"/>
<SP HEIGHT="46" WIDTH="32" VPOS="1456" HPOS="1707"/>
<String CONTENT="Matthew" HEIGHT="41" WIDTH="237" VPOS="1455" HPOS="1740"/>
<SP HEIGHT="40" WIDTH="28" VPOS="1456" HPOS="1978"/>
<String CONTENT="Bendert" HEIGHT="41" WIDTH="196" VPOS="1456" HPOS="2007"/>
<SP HEIGHT="40" WIDTH="21" VPOS="1457" HPOS="2204"/>
<String CONTENT="&amp;" HEIGHT="40" WIDTH="37" VPOS="1457" HPOS="2226"/>
</TextLine>
<TextLine HEIGHT="48" WIDTH="198" VPOS="1511" HPOS="336" STYLEREFS="StyleId-45030251-8CAF-49B8-B113-0EA66D6E11B0-">
<String CONTENT="co.," HEIGHT="38" WIDTH="82" VPOS="1521" HPOS="336"/>
<SP HEIGHT="48" WIDTH="23" VPOS="1511" HPOS="419"/>
<String CONTENT="inc." HEIGHT="41" WIDTH="91" VPOS="1511" HPOS="443"/>
</TextLine>
<TextLine HEIGHT="66" WIDTH="1006" VPOS="1613" HPOS="264" STYLEREFS="StyleId-EFD69B10-4496-4935-8598-006F0E2C6D4C-">
<String CONTENT="Elliott," HEIGHT="66" WIDTH="224" VPOS="1613" HPOS="264"/>
<SP HEIGHT="64" WIDTH="29" VPOS="1615" HPOS="489"/>
<String CONTENT="Edward" HEIGHT="53" WIDTH="253" VPOS="1615" HPOS="519"/>
<SP HEIGHT="53" WIDTH="30" VPOS="1616" HPOS="773"/>
<String CONTENT="Charles," HEIGHT="65" WIDTH="261" VPOS="1614" HPOS="804"/>
<SP HEIGHT="58" WIDTH="31" VPOS="1621" HPOS="1066"/>
<String CONTENT="1874-" HEIGHT="53" WIDTH="172" VPOS="1616" HPOS="1098"/>
</TextLine>
<TextLine HEIGHT="71" WIDTH="1922" VPOS="1689" HPOS="339">
<String CONTENT="The" HEIGHT="53" WIDTH="124" VPOS="1692" HPOS="339"/>
<SP HEIGHT="51" WIDTH="29" VPOS="1709" HPOS="464"/>
<String CONTENT="government" HEIGHT="64" WIDTH="374" VPOS="1696" HPOS="494"/>
<SP HEIGHT="49" WIDTH="28" VPOS="1696" HPOS="869"/>
<String CONTENT="of" HEIGHT="56" WIDTH="66" VPOS="1689" HPOS="898"/>
<SP HEIGHT="55" WIDTH="29" VPOS="1689" HPOS="965"/>
<String CONTENT="higher" HEIGHT="70" WIDTH="206" VPOS="1690" HPOS="995"/>
<SP HEIGHT="35" WIDTH="31" VPOS="1710" HPOS="1202"/>
<String CONTENT="education;" HEIGHT="68" WIDTH="328" VPOS="1691" HPOS="1234"/>
<SP HEIGHT="67" WIDTH="34" VPOS="1692" HPOS="1563"/>
<String CONTENT="designed" HEIGHT="69" WIDTH="271" VPOS="1691" HPOS="1598"/>
<SP HEIGHT="54" WIDTH="36" VPOS="1691" HPOS="1870"/>
<String CONTENT="for" HEIGHT="55" WIDTH="95" VPOS="1691" HPOS="1907"/>
<SP HEIGHT="49" WIDTH="31" VPOS="1696" HPOS="2003"/>
<String CONTENT="the" HEIGHT="53" WIDTH="99" VPOS="1693" HPOS="2035"/>
<SP HEIGHT="36" WIDTH="30" VPOS="1710" HPOS="2135"/>
<String CONTENT="use" HEIGHT="36" WIDTH="95" VPOS="1710" HPOS="2166"/>
</TextLine>
<TextLine HEIGHT="70" WIDTH="1928" VPOS="1768" HPOS="269" CS="1">
<String CONTENT="of" HEIGHT="53" WIDTH="65" VPOS="1769" HPOS="269"/>
<SP HEIGHT="53" WIDTH="36" VPOS="1769" HPOS="335"/>
<String CONTENT="university" HEIGHT="68" WIDTH="319" VPOS="1769" HPOS="372"/>
<SP HEIGHT="51" WIDTH="37" VPOS="1786" HPOS="692"/>
<String CONTENT="and" HEIGHT="55" WIDTH="114" VPOS="1769" HPOS="730"/>
<SP HEIGHT="55" WIDTH="37" VPOS="1769" HPOS="845"/>
<String CONTENT="college" HEIGHT="69" WIDTH="213" VPOS="1769" HPOS="883"/>
<SP HEIGHT="49" WIDTH="36" VPOS="1774" HPOS="1097"/>
<String CONTENT="trustees," HEIGHT="63" WIDTH="258" VPOS="1774" HPOS="1134"/>
<SP HEIGHT="69" WIDTH="33" VPOS="1768" HPOS="1393"/>
<String CONTENT="by" HEIGHT="69" WIDTH="77" VPOS="1768" HPOS="1427"/>
<SP HEIGHT="68" WIDTH="39" VPOS="1769" HPOS="1505"/>
<String CONTENT="Edward" HEIGHT="54" WIDTH="254" VPOS="1769" HPOS="1545"/>
<SP HEIGHT="56" WIDTH="40" VPOS="1768" HPOS="1800"/>
<String CONTENT="C." HEIGHT="56" WIDTH="63" VPOS="1768" HPOS="1841"/>
<SP HEIGHT="53" WIDTH="39" VPOS="1770" HPOS="1905"/>
<String CONTENT="Elliott" HEIGHT="56" WIDTH="211" VPOS="1768" HPOS="1945"/>
<SP HEIGHT="49" WIDTH="40" VPOS="1775" HPOS="2157"/>
<String CS="1" CONTENT="&#8230;"/>
</TextLine>
<TextLine HEIGHT="70" WIDTH="1995" VPOS="1845" HPOS="269" CS="1">
<String CONTENT="M." HEIGHT="54" WIDTH="80" VPOS="1848" HPOS="269"/>
<SP HEIGHT="54" WIDTH="23" VPOS="1848" HPOS="350"/>
<String CONTENT="M." HEIGHT="53" WIDTH="82" VPOS="1848" HPOS="374"/>
<SP HEIGHT="56" WIDTH="30" VPOS="1847" HPOS="457"/>
<String CONTENT="Chambers" HEIGHT="56" WIDTH="312" VPOS="1847" HPOS="488"/>
<SP HEIGHT="36" WIDTH="28" VPOS="1866" HPOS="801"/>
<String CS="1" CONTENT="&#8230;"/>
<SP HEIGHT="34" WIDTH="31" VPOS="1867" HPOS="888"/>
<String CONTENT="and" HEIGHT="53" WIDTH="114" VPOS="1848" HPOS="920"/>
<SP HEIGHT="55" WIDTH="21" VPOS="1847" HPOS="1035"/>
<String CONTENT="William" HEIGHT="57" WIDTH="262" VPOS="1845" HPOS="1057"/>
<SP HEIGHT="53" WIDTH="23" VPOS="1847" HPOS="1320"/>
<String CONTENT="A." HEIGHT="54" WIDTH="71" VPOS="1847" HPOS="1344"/>
<SP HEIGHT="54" WIDTH="26" VPOS="1847" HPOS="1416"/>
<String CONTENT="Ashbrook" HEIGHT="55" WIDTH="306" VPOS="1846" HPOS="1443"/>
<SP HEIGHT="54" WIDTH="30" VPOS="1846" HPOS="1750"/>
<String CS="1" CONTENT="&#8230;"/>
<SP HEIGHT="53" WIDTH="77" VPOS="1848" HPOS="1839"/>
<String CONTENT="New" HEIGHT="54" WIDTH="137" VPOS="1848" HPOS="1917"/>
<SP HEIGHT="54" WIDTH="28" VPOS="1848" HPOS="2055"/>
<String CONTENT="York," HEIGHT="68" WIDTH="180" VPOS="1847" HPOS="2084"/>
</TextLine>
<TextLine HEIGHT="70" WIDTH="1543" VPOS="1924" HPOS="270" CS="1">
<String CONTENT="Cincinnati" HEIGHT="56" WIDTH="330" VPOS="1925" HPOS="270"/>
<SP HEIGHT="68" WIDTH="31" VPOS="1925" HPOS="601"/>
<String CS="1" CONTENT="[etc.]" HEIGHT="62" WIDTH="120" VPOS="1931" HPOS="652"/>
<SP HEIGHT="68" WIDTH="31" VPOS="1925" HPOS="773"/>
<String CONTENT="American" HEIGHT="55" WIDTH="307" VPOS="1924" HPOS="805"/>
<SP HEIGHT="54" WIDTH="20" VPOS="1925" HPOS="1113"/>
<String CONTENT="book" HEIGHT="55" WIDTH="148" VPOS="1924" HPOS="1134"/>
<SP HEIGHT="55" WIDTH="24" VPOS="1924" HPOS="1283"/>
<String CONTENT="company" HEIGHT="51" WIDTH="282" VPOS="1943" HPOS="1308"/>
<SP HEIGHT="49" WIDTH="29" VPOS="1944" HPOS="1591"/>
<String CS="1" CONTENT="["/>
<String STYLE="superscript" CONTENT="c" HEIGHT="22" WIDTH="20" VPOS="1932" HPOS="1637"/>
<String CONTENT="1935]" HEIGHT="66" WIDTH="151" VPOS="1927" HPOS="1662"/>
</TextLine>
<TextLine HEIGHT="49" WIDTH="489" VPOS="1996" HPOS="337" CS="1">
<String CONTENT="xiv," HEIGHT="48" WIDTH="97" VPOS="1997" HPOS="337"/>
<SP HEIGHT="49" WIDTH="27" VPOS="1996" HPOS="435"/>
<String CONTENT="289" HEIGHT="41" WIDTH="85" VPOS="1996" HPOS="463"/>
<SP HEIGHT="49" WIDTH="28" VPOS="1996" HPOS="549"/>
<String CONTENT="p." HEIGHT="37" WIDTH="43" VPOS="2008" HPOS="578"/>
<SP HEIGHT="42" WIDTH="57" VPOS="1996" HPOS="622"/>
<String CS="1" CONTENT="20&#189;" HEIGHT="41" WIDTH="59" VPOS="1996" HPOS="680"/>
<String STYLE="superscript" CS="1" CONTENT="cm" HEIGHT="22" WIDTH="28" VPOS="1998" HPOS="785"/>
<String CONTENT="." HEIGHT="10" WIDTH="9" VPOS="2027" HPOS="817"/>
</TextLine>
<TextLine HEIGHT="50" WIDTH="989" VPOS="2052" HPOS="340" STYLEREFS="StyleId-45030251-8CAF-49B8-B113-0EA66D6E11B0-">
<String CONTENT="&#8220;Documentary" HEIGHT="47" WIDTH="389" VPOS="2054" HPOS="340"/>
<SP HEIGHT="37" WIDTH="26" VPOS="2064" HPOS="730"/>
<String CONTENT="sources&#8221;:" HEIGHT="42" WIDTH="250" VPOS="2052" HPOS="757"/>
<SP HEIGHT="38" WIDTH="28" VPOS="2064" HPOS="1008"/>
<String CONTENT="p." HEIGHT="37" WIDTH="44" VPOS="2065" HPOS="1037"/>
<SP HEIGHT="41" WIDTH="29" VPOS="2053" HPOS="1082"/>
<String CONTENT="247-255." HEIGHT="40" WIDTH="217" VPOS="2053" HPOS="1112"/>
</TextLine>
<TextLine HEIGHT="54" WIDTH="1802" VPOS="2110" HPOS="267" STYLEREFS="StyleId-45030251-8CAF-49B8-B113-0EA66D6E11B0-">
<String CONTENT="&#169;" HEIGHT="54" WIDTH="53" VPOS="2110" HPOS="267"/>
<SP HEIGHT="54" WIDTH="28" VPOS="2110" HPOS="321"/>
<String CONTENT="Mar." HEIGHT="40" WIDTH="122" VPOS="2114" HPOS="350"/>
<SP HEIGHT="41" WIDTH="27" VPOS="2113" HPOS="473"/>
<String CONTENT="23," HEIGHT="49" WIDTH="70" VPOS="2113" HPOS="501"/>
<SP HEIGHT="48" WIDTH="29" VPOS="2114" HPOS="572"/>
<String CONTENT="1935;" HEIGHT="48" WIDTH="141" VPOS="2113" HPOS="602"/>
<SP HEIGHT="49" WIDTH="30" VPOS="2112" HPOS="744"/>
<String CONTENT="2c." HEIGHT="42" WIDTH="69" VPOS="2112" HPOS="775"/>
<SP HEIGHT="30" WIDTH="28" VPOS="2124" HPOS="845"/>
<String CONTENT="and" HEIGHT="40" WIDTH="96" VPOS="2113" HPOS="874"/>
<SP HEIGHT="40" WIDTH="30" VPOS="2113" HPOS="971"/>
<String CONTENT="aff." HEIGHT="39" WIDTH="83" VPOS="2113" HPOS="1002"/>
<SP HEIGHT="39" WIDTH="30" VPOS="2113" HPOS="1086"/>
<String CONTENT="Mar." HEIGHT="39" WIDTH="121" VPOS="2113" HPOS="1117"/>
<SP HEIGHT="41" WIDTH="28" VPOS="2111" HPOS="1239"/>
<String CONTENT="29;" HEIGHT="48" WIDTH="83" VPOS="2111" HPOS="1268"/>
<SP HEIGHT="47" WIDTH="31" VPOS="2112" HPOS="1352"/>
<!-- cceid 896437B0-6D82-1014-B070-FDFD250A9EDA --><String CONTENT="A" HEIGHT="40" WIDTH="40" VPOS="2112" HPOS="1384"/>
<SP HEIGHT="41" WIDTH="29" VPOS="2112" HPOS="1425"/>
<String CONTENT="82260;" HEIGHT="49" WIDTH="170" VPOS="2111" HPOS="1455"/>
<SP HEIGHT="48" WIDTH="31" VPOS="2112" HPOS="1626"/>
<String CONTENT="Amer." HEIGHT="40" WIDTH="158" VPOS="2112" HPOS="1658"/>
<SP HEIGHT="39" WIDTH="30" VPOS="2113" HPOS="1817"/>
<String CONTENT="book" HEIGHT="39" WIDTH="122" VPOS="2113" HPOS="1848"/>
<SP HEIGHT="40" WIDTH="28" VPOS="2113" HPOS="1971"/>
<String CONTENT="co." HEIGHT="31" WIDTH="69" VPOS="2122" HPOS="2000"/>
</TextLine>
<TextLine HEIGHT="51" WIDTH="251" VPOS="2169" HPOS="343" STYLEREFS="StyleId-45030251-8CAF-49B8-B113-0EA66D6E11B0-">
<String CONTENT="(35-4940)" HEIGHT="51" WIDTH="251" VPOS="2169" HPOS="343"/>
</TextLine>
<TextLine HEIGHT="67" WIDTH="1075" VPOS="2272" HPOS="266">
<String CONTENT="Emerson," HEIGHT="64" WIDTH="305" VPOS="2275" HPOS="266"/>
<SP HEIGHT="64" WIDTH="29" VPOS="2275" HPOS="572"/>
<String CONTENT="Charles" HEIGHT="56" WIDTH="247" VPOS="2273" HPOS="602"/>
<SP HEIGHT="54" WIDTH="22" VPOS="2274" HPOS="850"/>
<String CONTENT="Phillips," HEIGHT="66" WIDTH="265" VPOS="2272" HPOS="873"/>
<SP HEIGHT="60" WIDTH="30" VPOS="2278" HPOS="1139"/>
<String CONTENT="1872-" HEIGHT="54" WIDTH="171" VPOS="2275" HPOS="1170"/>
</TextLine>
<TextLine HEIGHT="72" WIDTH="1926" VPOS="2347" HPOS="335">
<String CONTENT="The" HEIGHT="53" WIDTH="123" VPOS="2350" HPOS="335"/>
<SP HEIGHT="36" WIDTH="38" VPOS="2367" HPOS="459"/>
<String CONTENT="nervous" HEIGHT="37" WIDTH="243" VPOS="2366" HPOS="498"/>
<SP HEIGHT="50" WIDTH="38" VPOS="2368" HPOS="742"/>
<String CONTENT="patient;" HEIGHT="69" WIDTH="250" VPOS="2349" HPOS="781"/>
<SP HEIGHT="50" WIDTH="44" VPOS="2368" HPOS="1032"/>
<String CONTENT="a" HEIGHT="34" WIDTH="31" VPOS="2368" HPOS="1077"/>
<SP HEIGHT="55" WIDTH="45" VPOS="2347" HPOS="1109"/>
<String CONTENT="frontier" HEIGHT="54" WIDTH="247" VPOS="2347" HPOS="1155"/>
<SP HEIGHT="36" WIDTH="40" VPOS="2366" HPOS="1403"/>
<String CONTENT="of" HEIGHT="55" WIDTH="66" VPOS="2347" HPOS="1444"/>
<SP HEIGHT="54" WIDTH="41" VPOS="2347" HPOS="1511"/>
<String CONTENT="internal" HEIGHT="54" WIDTH="248" VPOS="2347" HPOS="1553"/>
<SP HEIGHT="52" WIDTH="41" VPOS="2349" HPOS="1802"/>
<String CONTENT="medicine," HEIGHT="71" WIDTH="296" VPOS="2347" HPOS="1844"/>
<SP HEIGHT="70" WIDTH="41" VPOS="2348" HPOS="2141"/>
<String CONTENT="by" HEIGHT="71" WIDTH="78" VPOS="2348" HPOS="2183"/>
</TextLine>
<TextLine HEIGHT="71" WIDTH="1988" VPOS="2425" HPOS="265" CS="1">
<String CONTENT="Charles" HEIGHT="56" WIDTH="236" VPOS="2425" HPOS="265"/>
<SP HEIGHT="53" WIDTH="47" VPOS="2427" HPOS="502"/>
<String CONTENT="Phillips" HEIGHT="69" WIDTH="251" VPOS="2427" HPOS="550"/>
<SP HEIGHT="53" WIDTH="52" VPOS="2427" HPOS="802"/>
<String CONTENT="Emerson" HEIGHT="53" WIDTH="275" VPOS="2427" HPOS="855"/>
<SP HEIGHT="34" WIDTH="56" VPOS="2445" HPOS="1131"/>
<String CS="1" CONTENT="&#8230;"/>
<SP HEIGHT="52" WIDTH="90" VPOS="2427" HPOS="1245"/>
<String CONTENT="Philadelphia," HEIGHT="70" WIDTH="428" VPOS="2425" HPOS="1336"/>
<SP HEIGHT="70" WIDTH="50" VPOS="2425" HPOS="1765"/>
<String CONTENT="London" HEIGHT="54" WIDTH="241" VPOS="2425" HPOS="1816"/>
<SP HEIGHT="50" WIDTH="56" VPOS="2444" HPOS="2058"/>
<String CS="1" CONTENT="[etc.]" HEIGHT="64" WIDTH="120" VPOS="2430" HPOS="2133"/>
</TextLine>
<TextLine HEIGHT="70" WIDTH="1061" VPOS="2504" HPOS="264" CS="1">
<String CONTENT="J." HEIGHT="54" WIDTH="56" VPOS="2505" HPOS="264"/>
<SP HEIGHT="52" WIDTH="30" VPOS="2506" HPOS="321"/>
<String CONTENT="B." HEIGHT="52" WIDTH="68" VPOS="2506" HPOS="352"/>
<SP HEIGHT="53" WIDTH="28" VPOS="2505" HPOS="421"/>
<String CONTENT="Lippincott" HEIGHT="69" WIDTH="339" VPOS="2504" HPOS="450"/>
<SP HEIGHT="47" WIDTH="25" VPOS="2511" HPOS="790"/>
<String CONTENT="company" HEIGHT="53" WIDTH="281" VPOS="2521" HPOS="816"/>
<SP HEIGHT="52" WIDTH="33" VPOS="2521" HPOS="1098"/>
<String CS="1" CONTENT="["/>
<String STYLE="superscript" CONTENT="c" HEIGHT="23" WIDTH="20" VPOS="2509" HPOS="1149"/>
<String CONTENT="1935]" HEIGHT="66" WIDTH="152" VPOS="2505" HPOS="1173"/>
</TextLine>
<TextLine HEIGHT="50" WIDTH="463" VPOS="2577" HPOS="336">
<String CONTENT="xiii," HEIGHT="50" WIDTH="104" VPOS="2577" HPOS="336"/>
<SP HEIGHT="50" WIDTH="25" VPOS="2577" HPOS="441"/>
<String CONTENT="453" HEIGHT="41" WIDTH="86" VPOS="2577" HPOS="467"/>
<SP HEIGHT="49" WIDTH="25" VPOS="2577" HPOS="554"/>
<String CONTENT="p." HEIGHT="39" WIDTH="43" VPOS="2587" HPOS="580"/>
<SP HEIGHT="41" WIDTH="57" VPOS="2577" HPOS="624"/>
<String CONTENT="21" HEIGHT="40" WIDTH="56" VPOS="2577" HPOS="682"/>
<String STYLE="superscript" CONTENT="cm" HEIGHT="22" WIDTH="45" VPOS="2579" HPOS="742"/>
<String CONTENT="." HEIGHT="9" WIDTH="9" VPOS="2609" HPOS="790"/>
</TextLine>
<TextLine HEIGHT="50" WIDTH="1834" VPOS="2632" HPOS="339" STYLEREFS="StyleId-45030251-8CAF-49B8-B113-0EA66D6E11B0-" CS="1">
<String CONTENT="&#8220;Limited" HEIGHT="43" WIDTH="238" VPOS="2632" HPOS="339"/>
<SP HEIGHT="41" WIDTH="28" VPOS="2633" HPOS="578"/>
<String CONTENT="bibliography&#8221;" HEIGHT="50" WIDTH="364" VPOS="2632" HPOS="607"/>
<SP HEIGHT="41" WIDTH="29" VPOS="2632" HPOS="972"/>
<String CONTENT="at" HEIGHT="40" WIDTH="55" VPOS="2634" HPOS="1002"/>
<SP HEIGHT="40" WIDTH="26" VPOS="2634" HPOS="1058"/>
<String CONTENT="end" HEIGHT="40" WIDTH="91" VPOS="2634" HPOS="1085"/>
<SP HEIGHT="39" WIDTH="32" VPOS="2634" HPOS="1177"/>
<String CONTENT="of" HEIGHT="41" WIDTH="53" VPOS="2632" HPOS="1210"/>
<SP HEIGHT="41" WIDTH="25" VPOS="2632" HPOS="1264"/>
<String CONTENT="each" HEIGHT="40" WIDTH="119" VPOS="2633" HPOS="1290"/>
<SP HEIGHT="40" WIDTH="29" VPOS="2633" HPOS="1410"/>
<String CONTENT="chapter" HEIGHT="48" WIDTH="202" VPOS="2632" HPOS="1440"/>
<SP HEIGHT="31" WIDTH="25" VPOS="2643" HPOS="1643"/>
<String CONTENT="except" HEIGHT="47" WIDTH="170" VPOS="2634" HPOS="1669"/>
<SP HEIGHT="39" WIDTH="28" VPOS="2634" HPOS="1840"/>
<String CONTENT="chapter" HEIGHT="48" WIDTH="201" VPOS="2633" HPOS="1869"/>
<SP HEIGHT="40" WIDTH="29" VPOS="2632" HPOS="2071"/>
<String CONTENT="28." HEIGHT="44" WIDTH="72" VPOS="2632" HPOS="2101"/>
</TextLine>
<TextLine HEIGHT="53" WIDTH="1910" VPOS="2687" HPOS="268" STYLEREFS="StyleId-45030251-8CAF-49B8-B113-0EA66D6E11B0-">
<String CONTENT="&#169;" HEIGHT="53" WIDTH="53" VPOS="2687" HPOS="268"/>
<SP HEIGHT="53" WIDTH="27" VPOS="2687" HPOS="322"/>
<String CONTENT="Feb." HEIGHT="41" WIDTH="112" VPOS="2691" HPOS="350"/>
<SP HEIGHT="41" WIDTH="25" VPOS="2691" HPOS="463"/>
<String CONTENT="27," HEIGHT="47" WIDTH="71" VPOS="2691" HPOS="489"/>
<SP HEIGHT="45" WIDTH="26" VPOS="2693" HPOS="561"/>
<String CONTENT="1935" HEIGHT="42" WIDTH="115" VPOS="2691" HPOS="588"/>
<SP HEIGHT="45" WIDTH="14" VPOS="2693" HPOS="704"/>
<String CONTENT=";" HEIGHT="36" WIDTH="10" VPOS="2702" HPOS="719"/>
<SP HEIGHT="46" WIDTH="29" VPOS="2692" HPOS="730"/>
<String CONTENT="2c." HEIGHT="40" WIDTH="68" VPOS="2692" HPOS="760"/>
<SP HEIGHT="30" WIDTH="28" VPOS="2702" HPOS="829"/>
<String CONTENT="and" HEIGHT="40" WIDTH="96" VPOS="2692" HPOS="858"/>
<SP HEIGHT="40" WIDTH="26" VPOS="2692" HPOS="955"/>
<String CONTENT="aff." HEIGHT="41" WIDTH="84" VPOS="2691" HPOS="982"/>
<SP HEIGHT="40" WIDTH="28" VPOS="2692" HPOS="1067"/>
<String CONTENT="Mar." HEIGHT="39" WIDTH="122" VPOS="2692" HPOS="1096"/>
<SP HEIGHT="39" WIDTH="27" VPOS="2692" HPOS="1219"/>
<String CONTENT="16;" HEIGHT="46" WIDTH="83" VPOS="2691" HPOS="1247"/>
<SP HEIGHT="46" WIDTH="30" VPOS="2691" HPOS="1331"/>
<!-- cceid 8964E5B8-6D82-1014-B070-FDFD250A9EDA --><String CONTENT="A" HEIGHT="40" WIDTH="40" VPOS="2691" HPOS="1362"/>
<SP HEIGHT="41" WIDTH="31" VPOS="2691" HPOS="1403"/>
<String CONTENT="80969;" HEIGHT="48" WIDTH="170" VPOS="2690" HPOS="1435"/>
<SP HEIGHT="46" WIDTH="32" VPOS="2692" HPOS="1606"/>
<String CONTENT="J." HEIGHT="40" WIDTH="43" VPOS="2692" HPOS="1639"/>
<SP HEIGHT="40" WIDTH="32" VPOS="2692" HPOS="1683"/>
<String CONTENT="B." HEIGHT="40" WIDTH="55" VPOS="2692" HPOS="1716"/>
<SP HEIGHT="40" WIDTH="29" VPOS="2692" HPOS="1772"/>
<String CONTENT="Lippincott" HEIGHT="49" WIDTH="282" VPOS="2690" HPOS="1802"/>
<SP HEIGHT="38" WIDTH="23" VPOS="2694" HPOS="2085"/>
<String CONTENT="co." HEIGHT="31" WIDTH="69" VPOS="2701" HPOS="2109"/>
</TextLine>
<TextLine HEIGHT="50" WIDTH="250" VPOS="2747" HPOS="347" STYLEREFS="StyleId-45030251-8CAF-49B8-B113-0EA66D6E11B0-">
<String CONTENT="(35-5062)" HEIGHT="50" WIDTH="250" VPOS="2747" HPOS="347"/>
</TextLine>
<TextLine HEIGHT="64" WIDTH="399" VPOS="2852" HPOS="267" STYLEREFS="StyleId-EFD69B10-4496-4935-8598-006F0E2C6D4C-">
<String CONTENT="Ertz," HEIGHT="64" WIDTH="161" VPOS="2852" HPOS="267"/>
<SP HEIGHT="64" WIDTH="27" VPOS="2852" HPOS="429"/>
<String CONTENT="Susan." HEIGHT="56" WIDTH="209" VPOS="2852" HPOS="457"/>
</TextLine>
<TextLine HEIGHT="69" WIDTH="1773" VPOS="2927" HPOS="339" CS="1">
<String CONTENT="Now" HEIGHT="54" WIDTH="142" VPOS="2927" HPOS="339"/>
<SP HEIGHT="33" WIDTH="23" VPOS="2947" HPOS="482"/>
<String CONTENT="we" HEIGHT="35" WIDTH="81" VPOS="2946" HPOS="506"/>
<SP HEIGHT="35" WIDTH="22" VPOS="2946" HPOS="588"/>
<String CONTENT="set" HEIGHT="48" WIDTH="85" VPOS="2933" HPOS="611"/>
<SP HEIGHT="48" WIDTH="22" VPOS="2933" HPOS="697"/>
<String CONTENT="out," HEIGHT="63" WIDTH="115" VPOS="2932" HPOS="720"/>
<SP HEIGHT="67" WIDTH="21" VPOS="2928" HPOS="836"/>
<String CONTENT="by" HEIGHT="68" WIDTH="76" VPOS="2928" HPOS="858"/>
<SP HEIGHT="69" WIDTH="24" VPOS="2927" HPOS="935"/>
<String CONTENT="Susan" HEIGHT="56" WIDTH="185" VPOS="2927" HPOS="960"/>
<SP HEIGHT="53" WIDTH="23" VPOS="2927" HPOS="1146"/>
<String CONTENT="Ertz." HEIGHT="53" WIDTH="157" VPOS="2927" HPOS="1170"/>
<SP HEIGHT="53" WIDTH="60" VPOS="2927" HPOS="1328"/>
<String CONTENT="New" HEIGHT="54" WIDTH="138" VPOS="2927" HPOS="1389"/>
<SP HEIGHT="53" WIDTH="25" VPOS="2927" HPOS="1528"/>
<String CONTENT="York," HEIGHT="66" WIDTH="179" VPOS="2927" HPOS="1554"/>
<SP HEIGHT="66" WIDTH="21" VPOS="2927" HPOS="1734"/>
<String CONTENT="London," HEIGHT="68" WIDTH="258" VPOS="2927" HPOS="1756"/>
<SP HEIGHT="68" WIDTH="23" VPOS="2927" HPOS="2015"/>
<String CONTENT="D." HEIGHT="53" WIDTH="73" VPOS="2927" HPOS="2039"/>
</TextLine>
<TextLine HEIGHT="146" WIDTH="1964" VPOS="2926" HPOS="270" CS="1">
<String CONTENT="Appleton-Century" HEIGHT="146" WIDTH="1964" VPOS="2926" HPOS="270"/>
<SP HEIGHT="49" WIDTH="31" VPOS="3023" HPOS="748"/>
<String CONTENT="company," HEIGHT="49" WIDTH="295" VPOS="3023" HPOS="780"/>
<SP HEIGHT="64" WIDTH="32" VPOS="3007" HPOS="1076"/>
<String CONTENT="incorporated," HEIGHT="67" WIDTH="417" VPOS="3004" HPOS="1109"/>
<SP HEIGHT="60" WIDTH="32" VPOS="3008" HPOS="1527"/>
<String CONTENT="1935." HEIGHT="49" WIDTH="151" VPOS="3008" HPOS="1560"/>
</TextLine>
<TextLine HEIGHT="64" WIDTH="537" VPOS="3062" HPOS="337" STYLEREFS="StyleId-45030251-8CAF-49B8-B113-0EA66D6E11B0-" CS="1">
<String LANG="en-US" CONTENT="3" HEIGHT="40" WIDTH="28" VPOS="3076" HPOS="337"/>
<SP HEIGHT="50" WIDTH="26" VPOS="3076" HPOS="366"/>
<String LANG="la" CONTENT="p." HEIGHT="37" WIDTH="44" VPOS="3089" HPOS="393"/>
<SP/>
<String LANG="la" CS="1" CONTENT="l."/>
<String LANG="en-US" CONTENT="," HEIGHT="15" WIDTH="9" VPOS="3107" HPOS="502"/>
<SP HEIGHT="46" WIDTH="28" VPOS="3076" HPOS="512"/>
<String LANG="en-US" CONTENT="337" HEIGHT="40" WIDTH="87" VPOS="3076" HPOS="541"/>
<SP HEIGHT="48" WIDTH="25" VPOS="3077" HPOS="629"/>
<String LANG="en-US" CONTENT="p." HEIGHT="37" WIDTH="44" VPOS="3088" HPOS="655"/>
<SP HEIGHT="53" WIDTH="39" VPOS="3062" HPOS="719"/>
<String LANG="en-US" CONTENT="20" HEIGHT="41" WIDTH="56" VPOS="3076" HPOS="759"/>
<String STYLE="superscript" LANG="en-US" CONTENT="cm" HEIGHT="22" WIDTH="45" VPOS="3078" HPOS="817"/>
<String LANG="en-US" CONTENT="." HEIGHT="10" WIDTH="8" VPOS="3108" HPOS="866"/>
</TextLine>
<TextLine HEIGHT="54" WIDTH="1992" VPOS="3128" HPOS="269" STYLEREFS="StyleId-45030251-8CAF-49B8-B113-0EA66D6E11B0-">
<String CONTENT="&#169;" HEIGHT="54" WIDTH="53" VPOS="3128" HPOS="269"/>
<SP HEIGHT="54" WIDTH="27" VPOS="3128" HPOS="323"/>
<String CONTENT="Apr." HEIGHT="47" WIDTH="113" VPOS="3134" HPOS="351"/>
<SP HEIGHT="39" WIDTH="31" VPOS="3134" HPOS="465"/>
<String CONTENT="5," HEIGHT="47" WIDTH="39" VPOS="3134" HPOS="497"/>
<SP HEIGHT="47" WIDTH="29" VPOS="3134" HPOS="537"/>
<String CONTENT="1936" HEIGHT="41" WIDTH="113" VPOS="3132" HPOS="567"/>
<SP HEIGHT="47" WIDTH="17" VPOS="3133" HPOS="681"/>
<String CONTENT=";" HEIGHT="36" WIDTH="9" VPOS="3144" HPOS="699"/>
<SP HEIGHT="47" WIDTH="31" VPOS="3133" HPOS="709"/>
<String CONTENT="2c." HEIGHT="40" WIDTH="68" VPOS="3133" HPOS="741"/>
<SP HEIGHT="40" WIDTH="30" VPOS="3133" HPOS="810"/>
<String CONTENT="Apr." HEIGHT="49" WIDTH="113" VPOS="3133" HPOS="841"/>
<SP HEIGHT="40" WIDTH="30" VPOS="3134" HPOS="955"/>
<String CONTENT="8;" HEIGHT="47" WIDTH="53" VPOS="3134" HPOS="986"/>
<SP HEIGHT="38" WIDTH="31" VPOS="3143" HPOS="1040"/>
<String CONTENT="aff." HEIGHT="41" WIDTH="82" VPOS="3132" HPOS="1072"/>
<SP HEIGHT="39" WIDTH="30" VPOS="3133" HPOS="1155"/>
<String CONTENT="Apr." HEIGHT="48" WIDTH="114" VPOS="3133" HPOS="1186"/>
<SP HEIGHT="41" WIDTH="30" VPOS="3132" HPOS="1301"/>
<String CONTENT="9;" HEIGHT="48" WIDTH="53" VPOS="3132" HPOS="1332"/>
<SP HEIGHT="47" WIDTH="31" VPOS="3133" HPOS="1386"/>
<!-- cceid 896590A5-6D82-1014-B070-FDFD250A9EDA --><String CONTENT="A" HEIGHT="39" WIDTH="42" VPOS="3133" HPOS="1418"/>
<SP HEIGHT="41" WIDTH="29" VPOS="3132" HPOS="1461"/>
<String CONTENT="81342;" HEIGHT="49" WIDTH="170" VPOS="3132" HPOS="1491"/>
<SP HEIGHT="47" WIDTH="33" VPOS="3134" HPOS="1662"/>
<String CONTENT="D." HEIGHT="39" WIDTH="57" VPOS="3134" HPOS="1696"/>
<SP HEIGHT="40" WIDTH="29" VPOS="3133" HPOS="1754"/>
<String CONTENT="Appleton-Century" HEIGHT="50" WIDTH="477" VPOS="3132" HPOS="1784"/>
</TextLine>
<TextLine HEIGHT="49" WIDTH="522" VPOS="3189" HPOS="339" STYLEREFS="StyleId-45030251-8CAF-49B8-B113-0EA66D6E11B0-">
<String CONTENT="co.," HEIGHT="37" WIDTH="81" VPOS="3201" HPOS="339"/>
<SP HEIGHT="48" WIDTH="29" VPOS="3190" HPOS="421"/>
<String CONTENT="inc." HEIGHT="40" WIDTH="89" VPOS="3190" HPOS="451"/>
<SP HEIGHT="48" WIDTH="69" VPOS="3190" HPOS="541"/>
<String CONTENT="(35-5086)" HEIGHT="49" WIDTH="250" VPOS="3189" HPOS="611"/>
</TextLine>
<TextLine HEIGHT="67" WIDTH="1194" VPOS="3291" HPOS="267" STYLEREFS="StyleId-EFD69B10-4496-4935-8598-006F0E2C6D4C-">
<String CONTENT="Evans," HEIGHT="66" WIDTH="217" VPOS="3291" HPOS="267"/>
<SP HEIGHT="64" WIDTH="29" VPOS="3293" HPOS="485"/>
<String CONTENT="Mrs." HEIGHT="52" WIDTH="136" VPOS="3293" HPOS="515"/>
<SP HEIGHT="52" WIDTH="32" VPOS="3293" HPOS="652"/>
<String CONTENT="Florence" HEIGHT="55" WIDTH="278" VPOS="3292" HPOS="685"/>
<SP HEIGHT="64" WIDTH="27" VPOS="3294" HPOS="964"/>
<String CONTENT="(Watts)" HEIGHT="65" WIDTH="258" VPOS="3293" HPOS="992"/>
<SP HEIGHT="62" WIDTH="38" VPOS="3293" HPOS="1251"/>
<String CONTENT="1871-" HEIGHT="54" WIDTH="171" VPOS="3294" HPOS="1290"/>
</TextLine>
<TextLine HEIGHT="71" WIDTH="1915" VPOS="3364" HPOS="345" CS="1">
<String CONTENT="Our" HEIGHT="55" WIDTH="122" VPOS="3365" HPOS="345"/>
<SP HEIGHT="52" WIDTH="31" VPOS="3367" HPOS="468"/>
<String CONTENT="invisible" HEIGHT="53" WIDTH="262" VPOS="3367" HPOS="500"/>
<SP HEIGHT="34" WIDTH="31" VPOS="3386" HPOS="763"/>
<String CONTENT="selves;" HEIGHT="66" WIDTH="201" VPOS="3367" HPOS="795"/>
<SP HEIGHT="61" WIDTH="34" VPOS="3372" HPOS="997"/>
<String CONTENT="the" HEIGHT="52" WIDTH="95" VPOS="3367" HPOS="1032"/>
<SP HEIGHT="35" WIDTH="31" VPOS="3386" HPOS="1128"/>
<String CONTENT="educational" HEIGHT="57" WIDTH="356" VPOS="3364" HPOS="1160"/>
<SP HEIGHT="69" WIDTH="32" VPOS="3366" HPOS="1517"/>
<String CONTENT="problem" HEIGHT="69" WIDTH="254" VPOS="3366" HPOS="1550"/>
<SP HEIGHT="50" WIDTH="36" VPOS="3384" HPOS="1805"/>
<String CS="1" CONTENT="[by]" HEIGHT="68" WIDTH="93" VPOS="3366" HPOS="1858"/>
<SP HEIGHT="68" WIDTH="38" VPOS="3366" HPOS="1952"/>
<String CONTENT="Florence" HEIGHT="54" WIDTH="269" VPOS="3365" HPOS="1991"/>
</TextLine>
<TextLine HEIGHT="69" WIDTH="1267" VPOS="3443" HPOS="275" CS="1">
<String CONTENT="Evans" HEIGHT="53" WIDTH="194" VPOS="3444" HPOS="275"/>
<SP HEIGHT="34" WIDTH="30" VPOS="3463" HPOS="470"/>
<String CS="1" CONTENT="&#8230;"/>
<SP HEIGHT="55" WIDTH="77" VPOS="3443" HPOS="557"/>
<String CONTENT="Boston," HEIGHT="69" WIDTH="230" VPOS="3443" HPOS="635"/>
<SP HEIGHT="69" WIDTH="25" VPOS="3443" HPOS="866"/>
<String CONTENT="R." HEIGHT="55" WIDTH="70" VPOS="3443" HPOS="892"/>
<SP HEIGHT="55" WIDTH="28" VPOS="3443" HPOS="963"/>
<String CONTENT="G." HEIGHT="56" WIDTH="65" VPOS="3443" HPOS="992"/>
<SP HEIGHT="55" WIDTH="30" VPOS="3444" HPOS="1058"/>
<String CONTENT="Badger" HEIGHT="68" WIDTH="229" VPOS="3443" HPOS="1089"/>
<SP HEIGHT="47" WIDTH="29" VPOS="3465" HPOS="1319"/>
<String STYLE="subscript" CONTENT="[" HEIGHT="34" WIDTH="14" VPOS="3478" HPOS="1349"/>
<String STYLE="superscript" CONTENT="c" HEIGHT="22" WIDTH="19" VPOS="3450" HPOS="1367"/>
<String CONTENT="1935" HEIGHT="49" WIDTH="133" VPOS="3446" HPOS="1390"/>
<String STYLE="subscript" CONTENT="]" HEIGHT="34" WIDTH="13" VPOS="3477" HPOS="1529"/>
</TextLine>
<TextLine HEIGHT="49" WIDTH="718" VPOS="3514" HPOS="343" STYLEREFS="StyleId-45030251-8CAF-49B8-B113-0EA66D6E11B0-" CS="1">
<String CONTENT="8" HEIGHT="40" WIDTH="27" VPOS="3515" HPOS="343"/>
<SP HEIGHT="47" WIDTH="25" VPOS="3515" HPOS="371"/>
<String CONTENT="p.," HEIGHT="37" WIDTH="58" VPOS="3525" HPOS="397"/>
<SP HEIGHT="48" WIDTH="27" VPOS="3514" HPOS="456"/>
<String CONTENT="2" HEIGHT="39" WIDTH="28" VPOS="3514" HPOS="484"/>
<SP/>
<String CS="1" CONTENT="l.," HEIGHT="15" WIDTH="9" VPOS="3546" HPOS="575"/>
<SP HEIGHT="46" WIDTH="28" VPOS="3515" HPOS="585"/>
<String CONTENT="15-113" HEIGHT="40" WIDTH="171" VPOS="3514" HPOS="614"/>
<SP HEIGHT="49" WIDTH="27" VPOS="3514" HPOS="786"/>
<String CONTENT="p." HEIGHT="37" WIDTH="43" VPOS="3526" HPOS="814"/>
<SP HEIGHT="42" WIDTH="57" VPOS="3515" HPOS="858"/>
<String LANG="la" CONTENT="20" HEIGHT="40" WIDTH="55" VPOS="3514" HPOS="916"/>
<String CS="1" CONTENT="&#189;cm"/>
<String LANG="la" CONTENT="." HEIGHT="9" WIDTH="9" VPOS="3546" HPOS="1052"/>
</TextLine>
<TextLine HEIGHT="53" WIDTH="1988" VPOS="3570" HPOS="270" STYLEREFS="StyleId-45030251-8CAF-49B8-B113-0EA66D6E11B0-">
<String CONTENT="&#169;" HEIGHT="53" WIDTH="52" VPOS="3570" HPOS="270"/>
<SP HEIGHT="53" WIDTH="27" VPOS="3570" HPOS="323"/>
<String CONTENT="Feb." HEIGHT="40" WIDTH="109" VPOS="3574" HPOS="351"/>
<SP HEIGHT="38" WIDTH="29" VPOS="3575" HPOS="461"/>
<String CONTENT="1," HEIGHT="47" WIDTH="39" VPOS="3575" HPOS="491"/>
<SP HEIGHT="48" WIDTH="27" VPOS="3574" HPOS="531"/>
<String CONTENT="1936;" HEIGHT="48" WIDTH="140" VPOS="3573" HPOS="559"/>
<SP HEIGHT="49" WIDTH="28" VPOS="3572" HPOS="700"/>
<String CONTENT="2c." HEIGHT="42" WIDTH="67" VPOS="3572" HPOS="729"/>
<SP HEIGHT="31" WIDTH="29" VPOS="3583" HPOS="797"/>
<String CONTENT="and" HEIGHT="39" WIDTH="95" VPOS="3575" HPOS="827"/>
<SP HEIGHT="39" WIDTH="26" VPOS="3575" HPOS="923"/>
<String CONTENT="aff." HEIGHT="40" WIDTH="83" VPOS="3574" HPOS="950"/>
<SP HEIGHT="40" WIDTH="28" VPOS="3574" HPOS="1034"/>
<String CONTENT="Feb." HEIGHT="40" WIDTH="111" VPOS="3574" HPOS="1063"/>
<SP HEIGHT="39" WIDTH="27" VPOS="3575" HPOS="1175"/>
<String CONTENT="18;" HEIGHT="47" WIDTH="82" VPOS="3574" HPOS="1203"/>
<SP HEIGHT="47" WIDTH="29" VPOS="3574" HPOS="1286"/>
<!-- cceid 89664410-6D82-1014-B070-FDFD250A9EDA --><String CONTENT="A" HEIGHT="39" WIDTH="42" VPOS="3574" HPOS="1316"/>
<SP HEIGHT="41" WIDTH="28" VPOS="3574" HPOS="1359"/>
<String CONTENT="79690;" HEIGHT="48" WIDTH="169" VPOS="3573" HPOS="1388"/>
<SP HEIGHT="47" WIDTH="33" VPOS="3574" HPOS="1558"/>
<String CONTENT="Florence" HEIGHT="40" WIDTH="229" VPOS="3574" HPOS="1592"/>
<SP HEIGHT="38" WIDTH="31" VPOS="3576" HPOS="1822"/>
<String CONTENT="Evans," HEIGHT="45" WIDTH="176" VPOS="3576" HPOS="1854"/>
<SP HEIGHT="47" WIDTH="29" VPOS="3574" HPOS="2031"/>
<String CONTENT="Boston." HEIGHT="41" WIDTH="197" VPOS="3574" HPOS="2061"/>
</TextLine>
<TextLine HEIGHT="48" WIDTH="250" VPOS="3631" HPOS="348" STYLEREFS="StyleId-45030251-8CAF-49B8-B113-0EA66D6E11B0-">
<String CONTENT="(35-5067)" HEIGHT="48" WIDTH="250" VPOS="3631" HPOS="348"/>
</TextLine>
<TextLine HEIGHT="66" WIDTH="973" VPOS="3732" HPOS="271" STYLEREFS="StyleId-EFD69B10-4496-4935-8598-006F0E2C6D4C-">
<String CONTENT="Finlay," HEIGHT="66" WIDTH="225" VPOS="3732" HPOS="271"/>
<SP HEIGHT="62" WIDTH="22" VPOS="3736" HPOS="497"/>
<String CONTENT="Mrs." HEIGHT="51" WIDTH="137" VPOS="3736" HPOS="520"/>
<SP HEIGHT="52" WIDTH="26" VPOS="3734" HPOS="658"/>
<String CONTENT="Margaret" HEIGHT="62" WIDTH="304" VPOS="3734" HPOS="685"/>
<SP HEIGHT="54" WIDTH="25" VPOS="3734" HPOS="990"/>
<String CONTENT="Curtin." HEIGHT="55" WIDTH="228" VPOS="3734" HPOS="1016"/>
</TextLine>
<TextLine HEIGHT="69" WIDTH="1921" VPOS="3807" HPOS="335">
<String CONTENT="Our" HEIGHT="54" WIDTH="122" VPOS="3809" HPOS="335"/>
<SP HEIGHT="51" WIDTH="35" VPOS="3809" HPOS="458"/>
<String CONTENT="American" HEIGHT="53" WIDTH="305" VPOS="3809" HPOS="494"/>
<SP HEIGHT="35" WIDTH="35" VPOS="3827" HPOS="800"/>
<String CONTENT="maples" HEIGHT="65" WIDTH="216" VPOS="3811" HPOS="836"/>
<SP HEIGHT="50" WIDTH="36" VPOS="3812" HPOS="1053"/>
<String CONTENT="&amp;" HEIGHT="49" WIDTH="47" VPOS="3812" HPOS="1090"/>
<SP HEIGHT="50" WIDTH="33" VPOS="3812" HPOS="1138"/>
<String CONTENT="some" HEIGHT="35" WIDTH="151" VPOS="3828" HPOS="1172"/>
<SP HEIGHT="33" WIDTH="34" VPOS="3828" HPOS="1324"/>
<String CONTENT="others," HEIGHT="66" WIDTH="206" VPOS="3809" HPOS="1359"/>
<SP HEIGHT="66" WIDTH="35" VPOS="3809" HPOS="1566"/>
<String CONTENT="by" HEIGHT="67" WIDTH="76" VPOS="3809" HPOS="1602"/>
<SP HEIGHT="67" WIDTH="36" VPOS="3809" HPOS="1679"/>
<String CONTENT="Margaret" HEIGHT="66" WIDTH="297" VPOS="3809" HPOS="1716"/>
<SP HEIGHT="53" WIDTH="36" VPOS="3808" HPOS="2014"/>
<String CONTENT="Curtin" HEIGHT="54" WIDTH="205" VPOS="3807" HPOS="2051"/>
</TextLine>
<TextLine HEIGHT="71" WIDTH="1990" VPOS="3883" HPOS="263">
<String CONTENT="Finlay;" HEIGHT="68" WIDTH="237" VPOS="3886" HPOS="263"/>
<SP HEIGHT="71" WIDTH="42" VPOS="3883" HPOS="501"/>
<String CONTENT="illustrations" HEIGHT="57" WIDTH="381" VPOS="3883" HPOS="544"/>
<SP HEIGHT="55" WIDTH="39" VPOS="3885" HPOS="926"/>
<String CONTENT="from" HEIGHT="54" WIDTH="151" VPOS="3885" HPOS="966"/>
<SP HEIGHT="50" WIDTH="40" VPOS="3904" HPOS="1118"/>
<String CONTENT="photographs" HEIGHT="68" WIDTH="394" VPOS="3886" HPOS="1159"/>
<SP HEIGHT="54" WIDTH="39" VPOS="3885" HPOS="1554"/>
<String CONTENT="by" HEIGHT="68" WIDTH="76" VPOS="3885" HPOS="1594"/>
<SP HEIGHT="68" WIDTH="34" VPOS="3885" HPOS="1671"/>
<String CONTENT="L." HEIGHT="52" WIDTH="65" VPOS="3885" HPOS="1706"/>
<SP HEIGHT="54" WIDTH="42" VPOS="3885" HPOS="1772"/>
<String CONTENT="W." HEIGHT="54" WIDTH="89" VPOS="3885" HPOS="1815"/>
<SP HEIGHT="50" WIDTH="43" VPOS="3887" HPOS="1905"/>
<String CONTENT="Brownell." HEIGHT="55" WIDTH="304" VPOS="3883" HPOS="1949"/>
</TextLine>
<TextLine HEIGHT="69" WIDTH="1213" VPOS="3963" HPOS="262" CS="1">
<String CONTENT="New" HEIGHT="53" WIDTH="138" VPOS="3963" HPOS="262"/>
<SP HEIGHT="52" WIDTH="25" VPOS="3964" HPOS="401"/>
<String CONTENT="York," HEIGHT="68" WIDTH="179" VPOS="3963" HPOS="427"/>
<SP HEIGHT="67" WIDTH="22" VPOS="3964" HPOS="607"/>
<String CONTENT="The" HEIGHT="52" WIDTH="121" VPOS="3964" HPOS="630"/>
<SP HEIGHT="55" WIDTH="26" VPOS="3963" HPOS="752"/>
<String CONTENT="Georgian" HEIGHT="69" WIDTH="288" VPOS="3963" HPOS="779"/>
<SP HEIGHT="50" WIDTH="26" VPOS="3982" HPOS="1068"/>
<String CONTENT="press" HEIGHT="50" WIDTH="159" VPOS="3982" HPOS="1095"/>
<SP HEIGHT="48" WIDTH="28" VPOS="3983" HPOS="1255"/>
<String CS="1" CONTENT="["/>
<String STYLE="superscript" CONTENT="c" HEIGHT="22" WIDTH="19" VPOS="3970" HPOS="1301"/>
<String CONTENT="1934]" HEIGHT="63" WIDTH="150" VPOS="3967" HPOS="1325"/>
</TextLine>
</TextBlock>
</PrintSpace>
</Page>
</Layout>
</alto>