<alto xmlns="http://www.loc.gov/standards/alto/ns-v3#" xmlns:xlink="http://www.w3.org/1999/xlink" xmlns:xsi="http://www.w3.org/2001/XMLSchema-instance" xsi:schemaLocation="http://www.loc.gov/standards/alto/ns-v3# http://www.loc.gov/alto/v3/alto-3-0.xsd"><Description>
<MeasurementUnit>pixel</MeasurementUnit>
<sourceImageInformation>
<fileName>1935_v32_Part1.pdf</fileName>
</sourceImageInformation>
<OCRProcessing ID="IdOcr">
<ocrProcessingStep>
<processingDateTime>2019-01-15</processingDateTime>
<processingSoftware>
<softwareCreator>ABBYY</softwareCreator>
<softwareName>ABBYY Recognition Server</softwareName>
<softwareVersion>4.0</softwareVersion>
</processingSoftware>
</ocrProcessingStep>
</OCRProcessing>
</Description>
<Styles>
<ParagraphStyle ID="StyleId-FFFFFFFF-FFFF-FFFF-FFFF-FFFFFFFFFFFF-" ALIGN="Left" LEFT="0." RIGHT="0." FIRSTLINE="0."/>
<ParagraphStyle ID="StyleId-09A13A44-4F77-4ABE-84F3-84CC8B3C72CE-" ALIGN="Left" LEFT="0." RIGHT="0." FIRSTLINE="0." LINESPACE="7.699999809"/>
<ParagraphStyle ID="StyleId-1F945060-F8CD-4435-B69A-5FF49DB0C586-" ALIGN="Left" LEFT="0." RIGHT="0." FIRSTLINE="-10." LINESPACE="12.19999981"/>
<ParagraphStyle ID="StyleId-C6CAE747-F5A4-4D0D-8D74-D452DA7E2C1C-" ALIGN="Block" LEFT="0." RIGHT="0." FIRSTLINE="-14." LINESPACE="8.350000381"/>
<ParagraphStyle ID="StyleId-FC0F3374-189A-459E-BE29-2DC14180F022-" ALIGN="Left" LEFT="0." RIGHT="0." FIRSTLINE="0."/>
<ParagraphStyle ID="StyleId-49397C49-A894-4B3E-BA5E-1126226BA375-" ALIGN="Left" LEFT="0." RIGHT="0." FIRSTLINE="-12." LINESPACE="11.09000015"/>
<ParagraphStyle ID="StyleId-9E34DD3A-E661-48BD-A3A1-6A3D48346F00-" ALIGN="Block" LEFT="0." RIGHT="0." FIRSTLINE="-14." LINESPACE="11.09000015"/>
<ParagraphStyle ID="StyleId-56CE54AA-A08B-4BAA-8605-F26020A0E36E-" ALIGN="Left" LEFT="0." RIGHT="0." FIRSTLINE="0." LINESPACE="9.399999619"/>
<ParagraphStyle ID="StyleId-77814FFC-C42F-4AA9-9880-EF33B947DEC8-" ALIGN="Left" LEFT="0." RIGHT="0." FIRSTLINE="-11." LINESPACE="11.06999969"/>
<ParagraphStyle ID="StyleId-FDE92EC0-67DC-4C7B-8A24-094B12C38B6C-" ALIGN="Center" LEFT="0." RIGHT="0." FIRSTLINE="0." LINESPACE="11.30000019"/>
<ParagraphStyle ID="StyleId-65180E3B-4C93-4FB8-81EE-E026DD63DBF3-" ALIGN="Left" LEFT="0." RIGHT="0." FIRSTLINE="0." LINESPACE="11.10000038"/>
<ParagraphStyle ID="StyleId-10E885C2-5813-4620-B0AA-0FBA30CF7A32-" ALIGN="Left" LEFT="0." RIGHT="0." FIRSTLINE="0." LINESPACE="9.5"/>
<ParagraphStyle ID="StyleId-913C2DB5-9F02-4067-BAF7-0AED37B60BBE-" ALIGN="Left" LEFT="0." RIGHT="0." FIRSTLINE="0." LINESPACE="6.099999905"/>
<ParagraphStyle ID="StyleId-9C79A9D2-8F08-4A8F-985D-B00E253ED1E5-" ALIGN="Left" LEFT="0." RIGHT="0." FIRSTLINE="0." LINESPACE="4.400000095"/>
<ParagraphStyle ID="StyleId-A41F0407-FEFE-4738-9EC5-E05AFFF62781-" ALIGN="Left" LEFT="0." RIGHT="0." FIRSTLINE="0." LINESPACE="7.300000191"/>
<ParagraphStyle ID="StyleId-61D37176-94E8-408D-9B87-01C406CE8AB2-" ALIGN="Left" LEFT="0." RIGHT="0." FIRSTLINE="0." LINESPACE="8.050000191"/>
</Styles>
<Layout>
<Page ID="Page320" PHYSICAL_IMG_NR="320" HEIGHT="4384" WIDTH="2526">
<TopMargin HEIGHT="397" WIDTH="2526" VPOS="0" HPOS="0">
</TopMargin>
<LeftMargin HEIGHT="3717" WIDTH="340" VPOS="397" HPOS="0">
</LeftMargin>
<RightMargin HEIGHT="3717" WIDTH="160" VPOS="397" HPOS="2366">
</RightMargin>
<BottomMargin HEIGHT="270" WIDTH="2526" VPOS="4114" HPOS="0">
</BottomMargin>
<PrintSpace HEIGHT="3717" WIDTH="2026" VPOS="397" HPOS="340">
<TextBlock ID="Page320_Block1" HEIGHT="70" WIDTH="124" VPOS="4044" HPOS="1304" LANG="en-US" STYLEREFS="StyleId-D53B4EDF-7391-4DEC-8B57-808A9EF68857-">
<TextLine HEIGHT="50" WIDTH="103" VPOS="4054" HPOS="1314">
<String CONTENT="320" HEIGHT="50" WIDTH="103" VPOS="4054" HPOS="1314"/>
</TextLine>
</TextBlock>
<TextBlock ID="Page320_Block2" HEIGHT="3655" WIDTH="2026" VPOS="397" HPOS="340" LANG="en-US" CS="1" STYLEREFS="StyleId-4058A41F-0A14-4FC6-B9DF-FF4DF31733D6-">
<TextLine HEIGHT="69" WIDTH="859" VPOS="441" HPOS="351" STYLEREFS="StyleId-B14006FD-CAA1-467C-A5B6-B2E70222A168-">
<String LANG="de" CONTENT="Illinois." HEIGHT="55" WIDTH="240" VPOS="441" HPOS="351"/>
<SP HEIGHT="53" WIDTH="72" VPOS="443" HPOS="592"/>
<String LANG="en-US" CONTENT="Appellate" HEIGHT="69" WIDTH="310" VPOS="441" HPOS="665"/>
<SP HEIGHT="35" WIDTH="31" VPOS="462" HPOS="976"/>
<String LANG="en-US" CONTENT="courts." HEIGHT="50" WIDTH="202" VPOS="447" HPOS="1008"/>
</TextLine>
<TextLine HEIGHT="148" WIDTH="1966" VPOS="517" HPOS="355" STYLEREFS="StyleId-EA8C6F5B-572A-47FB-A461-CBEA9CC629A7-" CS="1">
<String CONTENT="Reports" HEIGHT="67" WIDTH="247" VPOS="520" HPOS="423"/>
<SP HEIGHT="35" WIDTH="22" VPOS="538" HPOS="671"/>
<String CONTENT="of" HEIGHT="53" WIDTH="63" VPOS="520" HPOS="694"/>
<SP HEIGHT="53" WIDTH="27" VPOS="520" HPOS="758"/>
<String CONTENT="cases" HEIGHT="36" WIDTH="153" VPOS="538" HPOS="786"/>
<SP HEIGHT="53" WIDTH="24" VPOS="521" HPOS="940"/>
<String CONTENT="determined" HEIGHT="52" WIDTH="351" VPOS="520" HPOS="965"/>
<SP HEIGHT="51" WIDTH="33" VPOS="520" HPOS="1317"/>
<String CS="1" CONTENT="&#8230;"/>
<SP HEIGHT="33" WIDTH="31" VPOS="538" HPOS="1407"/>
<String CONTENT="with" HEIGHT="53" WIDTH="140" VPOS="518" HPOS="1439"/>
<SP HEIGHT="52" WIDTH="28" VPOS="520" HPOS="1580"/>
<String CONTENT="a" HEIGHT="33" WIDTH="31" VPOS="539" HPOS="1609"/>
<SP HEIGHT="52" WIDTH="26" VPOS="520" HPOS="1641"/>
<String CONTENT="directory" HEIGHT="68" WIDTH="287" VPOS="519" HPOS="1668"/>
<SP HEIGHT="50" WIDTH="25" VPOS="537" HPOS="1956"/>
<String CONTENT="of" HEIGHT="55" WIDTH="64" VPOS="517" HPOS="1982"/>
<SP HEIGHT="55" WIDTH="25" VPOS="517" HPOS="2047"/>
<String CONTENT="the" HEIGHT="53" WIDTH="96" VPOS="519" HPOS="2073"/>
<SP HEIGHT="68" WIDTH="25" VPOS="518" HPOS="2170"/>
<String CONTENT="judiciary" HEIGHT="147" WIDTH="1966" VPOS="518" HPOS="355"/>
</TextLine>
<TextLine HEIGHT="69" WIDTH="1796" VPOS="595" HPOS="555" STYLEREFS="StyleId-EA8C6F5B-572A-47FB-A461-CBEA9CC629A7-">
<String CONTENT="of" HEIGHT="53" WIDTH="63" VPOS="597" HPOS="555"/>
<SP HEIGHT="53" WIDTH="40" VPOS="597" HPOS="619"/>
<String CONTENT="the" HEIGHT="53" WIDTH="95" VPOS="598" HPOS="660"/>
<SP HEIGHT="35" WIDTH="40" VPOS="616" HPOS="756"/>
<String CONTENT="state" HEIGHT="49" WIDTH="145" VPOS="602" HPOS="797"/>
<SP HEIGHT="33" WIDTH="43" VPOS="617" HPOS="943"/>
<String CONTENT="and" HEIGHT="51" WIDTH="112" VPOS="599" HPOS="987"/>
<SP HEIGHT="52" WIDTH="41" VPOS="599" HPOS="1100"/>
<String CONTENT="abstracts" HEIGHT="54" WIDTH="277" VPOS="597" HPOS="1142"/>
<SP HEIGHT="34" WIDTH="40" VPOS="616" HPOS="1420"/>
<String CONTENT="of" HEIGHT="52" WIDTH="63" VPOS="597" HPOS="1461"/>
<SP HEIGHT="54" WIDTH="41" VPOS="597" HPOS="1525"/>
<String CONTENT="cases" HEIGHT="35" WIDTH="150" VPOS="616" HPOS="1567"/>
<SP HEIGHT="51" WIDTH="41" VPOS="598" HPOS="1718"/>
<String CONTENT="designated" HEIGHT="68" WIDTH="334" VPOS="596" HPOS="1760"/>
<SP HEIGHT="53" WIDTH="39" VPOS="596" HPOS="2095"/>
<String CONTENT="by" HEIGHT="68" WIDTH="76" VPOS="596" HPOS="2135"/>
<SP HEIGHT="63" WIDTH="39" VPOS="601" HPOS="2212"/>
<String CONTENT="the" HEIGHT="54" WIDTH="99" VPOS="595" HPOS="2252"/>
</TextLine>
<TextLine HEIGHT="147" WIDTH="1971" VPOS="674" HPOS="355" STYLEREFS="StyleId-EA8C6F5B-572A-47FB-A461-CBEA9CC629A7-" CS="1">
<String CONTENT="courts" HEIGHT="47" WIDTH="189" VPOS="682" HPOS="356"/>
<SP HEIGHT="34" WIDTH="25" VPOS="695" HPOS="546"/>
<String CONTENT="as" HEIGHT="33" WIDTH="60" VPOS="695" HPOS="572"/>
<SP HEIGHT="34" WIDTH="23" VPOS="695" HPOS="633"/>
<String CONTENT="not" HEIGHT="48" WIDTH="100" VPOS="681" HPOS="657"/>
<SP HEIGHT="48" WIDTH="23" VPOS="681" HPOS="758"/>
<String CONTENT="to" HEIGHT="47" WIDTH="58" VPOS="682" HPOS="782"/>
<SP HEIGHT="52" WIDTH="25" VPOS="676" HPOS="841"/>
<String CONTENT="be" HEIGHT="52" WIDTH="69" VPOS="676" HPOS="867"/>
<SP HEIGHT="34" WIDTH="23" VPOS="694" HPOS="937"/>
<String CONTENT="reported" HEIGHT="68" WIDTH="265" VPOS="675" HPOS="961"/>
<SP HEIGHT="53" WIDTH="23" VPOS="675" HPOS="1227"/>
<String CONTENT="in" HEIGHT="52" WIDTH="63" VPOS="676" HPOS="1251"/>
<SP HEIGHT="52" WIDTH="25" VPOS="675" HPOS="1315"/>
<String CONTENT="full." HEIGHT="52" WIDTH="128" VPOS="675" HPOS="1341"/>
<SP HEIGHT="33" WIDTH="62" VPOS="694" HPOS="1470"/>
<String CONTENT="v." HEIGHT="33" WIDTH="51" VPOS="694" HPOS="1533"/>
<SP HEIGHT="50" WIDTH="26" VPOS="677" HPOS="1585"/>
<String CONTENT="276." HEIGHT="54" WIDTH="119" VPOS="674" HPOS="1612"/>
<SP HEIGHT="35" WIDTH="59" VPOS="693" HPOS="1732"/>
<String CS="1" CONTENT="A." HEIGHT="11" WIDTH="10" VPOS="717" HPOS="1834"/>
<SP HEIGHT="33" WIDTH="26" VPOS="695" HPOS="1845"/>
<String CS="1" CONTENT="D." HEIGHT="10" WIDTH="10" VPOS="717" HPOS="1910"/>
<SP HEIGHT="49" WIDTH="29" VPOS="678" HPOS="1921"/>
<String CONTENT="1935" HEIGHT="49" WIDTH="134" VPOS="678" HPOS="1951"/>
<SP HEIGHT="48" WIDTH="31" VPOS="679" HPOS="2086"/>
<String CS="1" CONTENT="&#8230;"/>
<SP HEIGHT="52" WIDTH="64" VPOS="675" HPOS="2176"/>
<String CONTENT="Reported" HEIGHT="146" WIDTH="1971" VPOS="675" HPOS="355"/>
</TextLine>
<TextLine HEIGHT="68" WIDTH="1759" VPOS="752" HPOS="589" STYLEREFS="StyleId-EA8C6F5B-572A-47FB-A461-CBEA9CC629A7-">
<String CONTENT="by" HEIGHT="67" WIDTH="75" VPOS="753" HPOS="589"/>
<SP HEIGHT="64" WIDTH="29" VPOS="756" HPOS="665"/>
<String CONTENT="Basil" HEIGHT="53" WIDTH="161" VPOS="754" HPOS="695"/>
<SP HEIGHT="53" WIDTH="26" VPOS="756" HPOS="857"/>
<String CONTENT="Jones." HEIGHT="53" WIDTH="191" VPOS="756" HPOS="884"/>
<SP HEIGHT="55" WIDTH="66" VPOS="752" HPOS="1076"/>
<String CONTENT="Chicago," HEIGHT="68" WIDTH="269" VPOS="752" HPOS="1143"/>
<SP HEIGHT="67" WIDTH="31" VPOS="753" HPOS="1413"/>
<String CONTENT="Callaghan" HEIGHT="67" WIDTH="324" VPOS="753" HPOS="1445"/>
<SP HEIGHT="50" WIDTH="25" VPOS="756" HPOS="1770"/>
<String CONTENT="&amp;" HEIGHT="50" WIDTH="45" VPOS="756" HPOS="1796"/>
<SP HEIGHT="51" WIDTH="28" VPOS="756" HPOS="1842"/>
<String CONTENT="company," HEIGHT="49" WIDTH="297" VPOS="771" HPOS="1871"/>
<SP HEIGHT="64" WIDTH="30" VPOS="756" HPOS="2169"/>
<String CONTENT="1935." HEIGHT="50" WIDTH="148" VPOS="755" HPOS="2200"/>
</TextLine>
<TextLine HEIGHT="49" WIDTH="525" VPOS="825" HPOS="421" STYLEREFS="StyleId-EA8C6F5B-572A-47FB-A461-CBEA9CC629A7-" CS="1">
<String CONTENT="xxxix," HEIGHT="49" WIDTH="168" VPOS="825" HPOS="421"/>
<SP HEIGHT="47" WIDTH="27" VPOS="827" HPOS="590"/>
<String CS="1" CONTENT="626" HEIGHT="42" WIDTH="59" VPOS="825" HPOS="648"/>
<SP HEIGHT="48" WIDTH="21" VPOS="826" HPOS="708"/>
<String CONTENT="p." HEIGHT="37" WIDTH="42" VPOS="837" HPOS="730"/>
<SP HEIGHT="38" WIDTH="55" VPOS="827" HPOS="773"/>
<String CONTENT="23" HEIGHT="40" WIDTH="56" VPOS="826" HPOS="829"/>
<String STYLE="superscript" CONTENT="cm" HEIGHT="21" WIDTH="44" VPOS="828" HPOS="888"/>
<String CONTENT="." HEIGHT="9" WIDTH="8" VPOS="857" HPOS="938"/>
</TextLine>
<TextLine HEIGHT="53" WIDTH="1730" VPOS="880" HPOS="351" CS="1">
<String CONTENT="&#169;" HEIGHT="53" WIDTH="53" VPOS="880" HPOS="351"/>
<SP HEIGHT="53" WIDTH="23" VPOS="880" HPOS="405"/>
<String CONTENT="Mar." HEIGHT="39" WIDTH="122" VPOS="885" HPOS="429"/>
<SP HEIGHT="41" WIDTH="23" VPOS="883" HPOS="552"/>
<String CONTENT="27," HEIGHT="48" WIDTH="69" VPOS="883" HPOS="576"/>
<SP HEIGHT="47" WIDTH="25" VPOS="884" HPOS="646"/>
<String CS="1" CONTENT="1936;" HEIGHT="40" WIDTH="113" VPOS="883" HPOS="672"/>
<SP HEIGHT="48" WIDTH="24" VPOS="882" HPOS="814"/>
<String CONTENT="2c." HEIGHT="41" WIDTH="68" VPOS="882" HPOS="839"/>
<SP HEIGHT="29" WIDTH="26" VPOS="894" HPOS="908"/>
<String CONTENT="and" HEIGHT="39" WIDTH="96" VPOS="884" HPOS="935"/>
<SP HEIGHT="39" WIDTH="23" VPOS="884" HPOS="1032"/>
<String CONTENT="aff." HEIGHT="41" WIDTH="81" VPOS="882" HPOS="1056"/>
<SP HEIGHT="40" WIDTH="26" VPOS="883" HPOS="1138"/>
<String CONTENT="Apr." HEIGHT="47" WIDTH="114" VPOS="883" HPOS="1165"/>
<SP HEIGHT="40" WIDTH="26" VPOS="882" HPOS="1280"/>
<String CS="1" CONTENT="1;" HEIGHT="39" WIDTH="25" VPOS="882" HPOS="1307"/>
<SP HEIGHT="47" WIDTH="28" VPOS="882" HPOS="1359"/>
<!-- cceid 87CE2B95-6D82-1014-B070-FDFD250A9EDA --><String CONTENT="A" HEIGHT="39" WIDTH="43" VPOS="882" HPOS="1388"/>
<SP HEIGHT="40" WIDTH="22" VPOS="882" HPOS="1432"/>
<String CS="1" CONTENT="82291;" HEIGHT="41" WIDTH="141" VPOS="881" HPOS="1455"/>
<SP HEIGHT="47" WIDTH="29" VPOS="882" HPOS="1625"/>
<String CONTENT="Callaghan" HEIGHT="47" WIDTH="270" VPOS="882" HPOS="1655"/>
<SP HEIGHT="40" WIDTH="26" VPOS="881" HPOS="1926"/>
<String CONTENT="&amp;" HEIGHT="40" WIDTH="36" VPOS="881" HPOS="1953"/>
<SP HEIGHT="40" WIDTH="25" VPOS="881" HPOS="1990"/>
<String LANG="ru" CONTENT="co." HEIGHT="30" WIDTH="65" VPOS="891" HPOS="2016"/>
</TextLine>
<TextLine HEIGHT="70" WIDTH="855" VPOS="971" HPOS="354">
<String CONTENT="Indiana." HEIGHT="55" WIDTH="264" VPOS="971" HPOS="354"/>
<SP HEIGHT="51" WIDTH="72" VPOS="975" HPOS="619"/>
<String CONTENT="Appellate" HEIGHT="67" WIDTH="310" VPOS="974" HPOS="692"/>
<SP HEIGHT="36" WIDTH="30" VPOS="991" HPOS="1003"/>
<String CONTENT="court." HEIGHT="46" WIDTH="175" VPOS="981" HPOS="1034"/>
</TextLine>
<TextLine HEIGHT="68" WIDTH="1926" VPOS="1049" HPOS="426" STYLEREFS="StyleId-EA8C6F5B-572A-47FB-A461-CBEA9CC629A7-" CS="1">
<String CONTENT="Reports" HEIGHT="67" WIDTH="246" VPOS="1050" HPOS="426"/>
<SP HEIGHT="35" WIDTH="24" VPOS="1069" HPOS="673"/>
<String CONTENT="of" HEIGHT="53" WIDTH="63" VPOS="1051" HPOS="698"/>
<SP HEIGHT="54" WIDTH="24" VPOS="1051" HPOS="762"/>
<String CONTENT="cases" HEIGHT="36" WIDTH="149" VPOS="1069" HPOS="787"/>
<SP HEIGHT="51" WIDTH="24" VPOS="1052" HPOS="937"/>
<String CONTENT="decided" HEIGHT="52" WIDTH="234" VPOS="1052" HPOS="962"/>
<SP HEIGHT="51" WIDTH="27" VPOS="1052" HPOS="1197"/>
<String CS="1" CONTENT="&#8230;"/>
<SP HEIGHT="34" WIDTH="29" VPOS="1069" HPOS="1282"/>
<String CONTENT="with" HEIGHT="54" WIDTH="139" VPOS="1049" HPOS="1312"/>
<SP HEIGHT="52" WIDTH="25" VPOS="1051" HPOS="1452"/>
<String CONTENT="tables" HEIGHT="54" WIDTH="182" VPOS="1050" HPOS="1478"/>
<SP HEIGHT="35" WIDTH="20" VPOS="1069" HPOS="1661"/>
<String CONTENT="of" HEIGHT="53" WIDTH="63" VPOS="1049" HPOS="1682"/>
<SP HEIGHT="54" WIDTH="24" VPOS="1049" HPOS="1746"/>
<String CONTENT="cases" HEIGHT="36" WIDTH="150" VPOS="1068" HPOS="1771"/>
<SP HEIGHT="35" WIDTH="23" VPOS="1069" HPOS="1922"/>
<String CONTENT="reported" HEIGHT="68" WIDTH="267" VPOS="1049" HPOS="1946"/>
<SP HEIGHT="54" WIDTH="24" VPOS="1049" HPOS="2214"/>
<String CONTENT="and" HEIGHT="52" WIDTH="113" VPOS="1051" HPOS="2239"/>
</TextLine>
<TextLine HEIGHT="69" WIDTH="1992" VPOS="1126" HPOS="359" STYLEREFS="StyleId-EA8C6F5B-572A-47FB-A461-CBEA9CC629A7-">
<String CONTENT="cited," HEIGHT="69" WIDTH="165" VPOS="1126" HPOS="359"/>
<SP HEIGHT="46" WIDTH="33" VPOS="1149" HPOS="525"/>
<String CONTENT="statutes" HEIGHT="49" WIDTH="239" VPOS="1133" HPOS="559"/>
<SP HEIGHT="35" WIDTH="30" VPOS="1146" HPOS="799"/>
<String CONTENT="cited" HEIGHT="53" WIDTH="149" VPOS="1128" HPOS="830"/>
<SP HEIGHT="52" WIDTH="35" VPOS="1129" HPOS="980"/>
<String CONTENT="and" HEIGHT="51" WIDTH="111" VPOS="1130" HPOS="1016"/>
<SP HEIGHT="51" WIDTH="33" VPOS="1130" HPOS="1128"/>
<String CONTENT="construed," HEIGHT="66" WIDTH="319" VPOS="1129" HPOS="1162"/>
<SP HEIGHT="48" WIDTH="35" VPOS="1147" HPOS="1482"/>
<String CONTENT="and" HEIGHT="51" WIDTH="112" VPOS="1129" HPOS="1518"/>
<SP HEIGHT="52" WIDTH="33" VPOS="1129" HPOS="1631"/>
<String CONTENT="an" HEIGHT="35" WIDTH="75" VPOS="1146" HPOS="1665"/>
<SP HEIGHT="52" WIDTH="30" VPOS="1128" HPOS="1741"/>
<String CONTENT="index." HEIGHT="53" WIDTH="188" VPOS="1128" HPOS="1772"/>
<SP HEIGHT="52" WIDTH="70" VPOS="1129" HPOS="1961"/>
<String CONTENT="Emma" HEIGHT="52" WIDTH="205" VPOS="1129" HPOS="2032"/>
<SP HEIGHT="52" WIDTH="30" VPOS="1129" HPOS="2238"/>
<String CONTENT="M." HEIGHT="53" WIDTH="82" VPOS="1129" HPOS="2269"/>
</TextLine>
<TextLine HEIGHT="73" WIDTH="1996" VPOS="1202" HPOS="356" STYLEREFS="StyleId-EA8C6F5B-572A-47FB-A461-CBEA9CC629A7-" CS="1">
<String CONTENT="May," HEIGHT="69" WIDTH="157" VPOS="1204" HPOS="356"/>
<SP HEIGHT="46" WIDTH="28" VPOS="1226" HPOS="514"/>
<String CONTENT="official" HEIGHT="57" WIDTH="199" VPOS="1202" HPOS="543"/>
<SP HEIGHT="50" WIDTH="29" VPOS="1209" HPOS="743"/>
<String CS="1" CONTENT="reporter;" HEIGHT="64" WIDTH="256" VPOS="1210" HPOS="773"/>
<SP HEIGHT="65" WIDTH="32" VPOS="1208" HPOS="1058"/>
<String CONTENT="Paul" HEIGHT="52" WIDTH="148" VPOS="1208" HPOS="1091"/>
<SP HEIGHT="53" WIDTH="27" VPOS="1207" HPOS="1240"/>
<String CONTENT="V." HEIGHT="53" WIDTH="69" VPOS="1207" HPOS="1268"/>
<SP HEIGHT="53" WIDTH="28" VPOS="1208" HPOS="1338"/>
<String CONTENT="Wycoff," HEIGHT="70" WIDTH="245" VPOS="1203" HPOS="1367"/>
<SP HEIGHT="64" WIDTH="26" VPOS="1208" HPOS="1613"/>
<String CONTENT="Mary" HEIGHT="67" WIDTH="170" VPOS="1208" HPOS="1640"/>
<SP HEIGHT="69" WIDTH="32" VPOS="1206" HPOS="1811"/>
<String CONTENT="Spain," HEIGHT="69" WIDTH="198" VPOS="1205" HPOS="1844"/>
<SP HEIGHT="67" WIDTH="29" VPOS="1207" HPOS="2043"/>
<String CONTENT="Manford" HEIGHT="53" WIDTH="279" VPOS="1206" HPOS="2073"/>
</TextLine>
<TextLine HEIGHT="68" WIDTH="1995" VPOS="1283" HPOS="358" STYLEREFS="StyleId-EA8C6F5B-572A-47FB-A461-CBEA9CC629A7-" CS="1">
<String CONTENT="Nelson," HEIGHT="66" WIDTH="230" VPOS="1283" HPOS="358"/>
<SP HEIGHT="46" WIDTH="23" VPOS="1303" HPOS="589"/>
<String CONTENT="assistants," HEIGHT="54" WIDTH="312" VPOS="1283" HPOS="613"/>
<SP HEIGHT="34" WIDTH="57" VPOS="1302" HPOS="926"/>
<String CONTENT="v." HEIGHT="35" WIDTH="51" VPOS="1302" HPOS="984"/>
<SP HEIGHT="51" WIDTH="26" VPOS="1286" HPOS="1036"/>
<String CONTENT="97." HEIGHT="54" WIDTH="80" VPOS="1283" HPOS="1063"/>
<SP HEIGHT="51" WIDTH="60" VPOS="1285" HPOS="1144"/>
<String CONTENT="From" HEIGHT="51" WIDTH="176" VPOS="1285" HPOS="1205"/>
<SP HEIGHT="51" WIDTH="19" VPOS="1284" HPOS="1382"/>
<String CONTENT="May" HEIGHT="67" WIDTH="140" VPOS="1284" HPOS="1402"/>
<SP HEIGHT="64" WIDTH="24" VPOS="1287" HPOS="1543"/>
<String CONTENT="18," HEIGHT="64" WIDTH="82" VPOS="1287" HPOS="1568"/>
<SP HEIGHT="61" WIDTH="26" VPOS="1290" HPOS="1651"/>
<String CONTENT="1933," HEIGHT="64" WIDTH="151" VPOS="1287" HPOS="1678"/>
<SP HEIGHT="62" WIDTH="21" VPOS="1289" HPOS="1830"/>
<String CONTENT="to" HEIGHT="48" WIDTH="59" VPOS="1289" HPOS="1852"/>
<SP HEIGHT="52" WIDTH="23" VPOS="1285" HPOS="1912"/>
<String CONTENT="December" HEIGHT="53" WIDTH="310" VPOS="1284" HPOS="1936"/>
<SP HEIGHT="49" WIDTH="21" VPOS="1287" HPOS="2247"/>
<String CONTENT="20," HEIGHT="64" WIDTH="84" VPOS="1287" HPOS="2269"/>
</TextLine>
<TextLine HEIGHT="71" WIDTH="1997" VPOS="1360" HPOS="357" STYLEREFS="StyleId-EA8C6F5B-572A-47FB-A461-CBEA9CC629A7-" CS="1">
<String CONTENT="1933." HEIGHT="52" WIDTH="149" VPOS="1364" HPOS="357"/>
<SP HEIGHT="54" WIDTH="66" VPOS="1361" HPOS="507"/>
<String CONTENT="Indianapolis," HEIGHT="70" WIDTH="418" VPOS="1360" HPOS="574"/>
<SP HEIGHT="66" WIDTH="31" VPOS="1364" HPOS="993"/>
<String CONTENT="Bookwalter-Ball-Greathouse" HEIGHT="57" WIDTH="906" VPOS="1361" HPOS="1025"/>
<SP HEIGHT="50" WIDTH="28" VPOS="1380" HPOS="1932"/>
<String CONTENT="printing" HEIGHT="69" WIDTH="265" VPOS="1362" HPOS="1961"/>
<SP HEIGHT="50" WIDTH="27" VPOS="1381" HPOS="2227"/>
<String LANG="ru" CONTENT="co.," HEIGHT="51" WIDTH="99" VPOS="1380" HPOS="2255"/>
</TextLine>
<TextLine HEIGHT="49" WIDTH="150" VPOS="1444" HPOS="358" STYLEREFS="StyleId-EA8C6F5B-572A-47FB-A461-CBEA9CC629A7-">
<String CONTENT="1934." HEIGHT="49" WIDTH="150" VPOS="1444" HPOS="358"/>
</TextLine>
<TextLine HEIGHT="50" WIDTH="396" VPOS="1512" HPOS="527" CS="1">
<String CS="1" CONTENT="xxv," HEIGHT="18" WIDTH="10" VPOS="1543" HPOS="527"/>
<SP HEIGHT="47" WIDTH="24" VPOS="1514" HPOS="538"/>
<String CONTENT="729" HEIGHT="42" WIDTH="90" VPOS="1512" HPOS="563"/>
<SP HEIGHT="50" WIDTH="21" VPOS="1512" HPOS="654"/>
<String CONTENT="p." HEIGHT="39" WIDTH="43" VPOS="1523" HPOS="676"/>
<SP HEIGHT="39" WIDTH="55" VPOS="1514" HPOS="720"/>
<String CS="1" CONTENT="22&#189;" HEIGHT="40" WIDTH="58" VPOS="1512" HPOS="776"/>
<String STYLE="superscript" CONTENT="cm" HEIGHT="21" WIDTH="46" VPOS="1515" HPOS="865"/>
<String CONTENT="." HEIGHT="9" WIDTH="9" VPOS="1544" HPOS="914"/>
</TextLine>
<TextLine HEIGHT="109" WIDTH="1981" VPOS="1566" HPOS="357" CS="1">
<String CONTENT="&#169;" HEIGHT="53" WIDTH="53" VPOS="1566" HPOS="357"/>
<SP HEIGHT="53" WIDTH="25" VPOS="1566" HPOS="411"/>
<String CONTENT="Dec." HEIGHT="39" WIDTH="112" VPOS="1571" HPOS="437"/>
<SP HEIGHT="39" WIDTH="27" VPOS="1571" HPOS="550"/>
<String CONTENT="2," HEIGHT="46" WIDTH="40" VPOS="1571" HPOS="578"/>
<SP HEIGHT="46" WIDTH="27" VPOS="1571" HPOS="619"/>
<String CS="1" CONTENT="1934;" HEIGHT="41" WIDTH="115" VPOS="1569" HPOS="647"/>
<SP HEIGHT="47" WIDTH="27" VPOS="1570" HPOS="790"/>
<String CONTENT="2c." HEIGHT="40" WIDTH="68" VPOS="1570" HPOS="818"/>
<SP HEIGHT="41" WIDTH="27" VPOS="1569" HPOS="887"/>
<String CONTENT="Feb." HEIGHT="41" WIDTH="112" VPOS="1569" HPOS="915"/>
<SP HEIGHT="41" WIDTH="26" VPOS="1569" HPOS="1028"/>
<String CONTENT="18," HEIGHT="48" WIDTH="69" VPOS="1569" HPOS="1055"/>
<SP HEIGHT="46" WIDTH="27" VPOS="1571" HPOS="1125"/>
<String CONTENT="1935;" HEIGHT="48" WIDTH="141" VPOS="1568" HPOS="1153"/>
<SP HEIGHT="36" WIDTH="31" VPOS="1580" HPOS="1295"/>
<String CONTENT="aff." HEIGHT="41" WIDTH="81" VPOS="1568" HPOS="1327"/>
<SP HEIGHT="39" WIDTH="28" VPOS="1570" HPOS="1409"/>
<String CONTENT="Mar." HEIGHT="40" WIDTH="122" VPOS="1570" HPOS="1438"/>
<SP HEIGHT="41" WIDTH="28" VPOS="1569" HPOS="1561"/>
<String CONTENT="21;" HEIGHT="48" WIDTH="82" VPOS="1569" HPOS="1590"/>
<SP HEIGHT="47" WIDTH="30" VPOS="1570" HPOS="1673"/>
<!-- cceid 87CEDAD1-6D82-1014-B070-FDFD250A9EDA --><String CONTENT="A" HEIGHT="42" WIDTH="45" VPOS="1570" HPOS="1704"/>
<SP HEIGHT="43" WIDTH="23" VPOS="1569" HPOS="1750"/>
<String CONTENT="81186;" HEIGHT="48" WIDTH="170" VPOS="1569" HPOS="1774"/>
<SP HEIGHT="48" WIDTH="34" VPOS="1569" HPOS="1945"/>
<String CONTENT="State" HEIGHT="41" WIDTH="140" VPOS="1569" HPOS="1980"/>
<SP HEIGHT="31" WIDTH="21" VPOS="1580" HPOS="2121"/>
<String CONTENT="of" HEIGHT="41" WIDTH="57" VPOS="1570" HPOS="2143"/>
<SP HEIGHT="39" WIDTH="25" VPOS="1570" HPOS="2201"/>
<String CONTENT="Indiana," HEIGHT="105" WIDTH="1911" VPOS="1570" HPOS="427"/>
<SP HEIGHT="46" WIDTH="24" VPOS="1629" HPOS="535"/>
<String CONTENT="Indianapolis." HEIGHT="48" WIDTH="350" VPOS="1626" HPOS="560"/>
</TextLine>
<TextLine HEIGHT="66" WIDTH="622" VPOS="1716" HPOS="354" STYLEREFS="StyleId-D8607128-0CD0-43CE-9537-290262C01212-">
<String CONTENT="James," HEIGHT="65" WIDTH="220" VPOS="1716" HPOS="354"/>
<SP HEIGHT="63" WIDTH="26" VPOS="1718" HPOS="575"/>
<String CONTENT="Rian," HEIGHT="66" WIDTH="171" VPOS="1716" HPOS="602"/>
<SP HEIGHT="59" WIDTH="30" VPOS="1723" HPOS="774"/>
<String CONTENT="1899-" HEIGHT="51" WIDTH="171" VPOS="1721" HPOS="805"/>
</TextLine>
<TextLine HEIGHT="70" WIDTH="1927" VPOS="1792" HPOS="425" STYLEREFS="StyleId-EA8C6F5B-572A-47FB-A461-CBEA9CC629A7-">
<String CONTENT="Dining" HEIGHT="70" WIDTH="226" VPOS="1792" HPOS="425"/>
<SP HEIGHT="69" WIDTH="36" VPOS="1793" HPOS="652"/>
<String CONTENT="in" HEIGHT="53" WIDTH="61" VPOS="1793" HPOS="689"/>
<SP HEIGHT="55" WIDTH="37" VPOS="1793" HPOS="751"/>
<String CONTENT="New" HEIGHT="55" WIDTH="141" VPOS="1793" HPOS="789"/>
<SP HEIGHT="53" WIDTH="40" VPOS="1794" HPOS="931"/>
<String CONTENT="York," HEIGHT="70" WIDTH="180" VPOS="1792" HPOS="972"/>
<SP HEIGHT="51" WIDTH="38" VPOS="1811" HPOS="1153"/>
<String CONTENT="an" HEIGHT="36" WIDTH="73" VPOS="1811" HPOS="1192"/>
<SP HEIGHT="54" WIDTH="34" VPOS="1793" HPOS="1266"/>
<String CONTENT="intimate" HEIGHT="54" WIDTH="264" VPOS="1793" HPOS="1301"/>
<SP HEIGHT="51" WIDTH="38" VPOS="1811" HPOS="1566"/>
<String CONTENT="guide," HEIGHT="70" WIDTH="191" VPOS="1792" HPOS="1605"/>
<SP HEIGHT="69" WIDTH="35" VPOS="1793" HPOS="1797"/>
<String CONTENT="by" HEIGHT="69" WIDTH="77" VPOS="1793" HPOS="1833"/>
<SP HEIGHT="68" WIDTH="38" VPOS="1794" HPOS="1911"/>
<String CONTENT="Rian" HEIGHT="54" WIDTH="153" VPOS="1793" HPOS="1950"/>
<SP HEIGHT="54" WIDTH="36" VPOS="1795" HPOS="2104"/>
<String CONTENT="James." HEIGHT="54" WIDTH="211" VPOS="1795" HPOS="2141"/>
</TextLine>
<TextLine HEIGHT="149" WIDTH="1978" VPOS="1869" HPOS="353" STYLEREFS="StyleId-EA8C6F5B-572A-47FB-A461-CBEA9CC629A7-" CS="1">
<String CONTENT="Repeal" HEIGHT="67" WIDTH="215" VPOS="1871" HPOS="353"/>
<SP HEIGHT="52" WIDTH="32" VPOS="1871" HPOS="569"/>
<String CONTENT="ed.," HEIGHT="67" WIDTH="104" VPOS="1870" HPOS="602"/>
<SP HEIGHT="50" WIDTH="33" VPOS="1887" HPOS="707"/>
<String CONTENT="completely" HEIGHT="70" WIDTH="338" VPOS="1870" HPOS="741"/>
<SP HEIGHT="52" WIDTH="34" VPOS="1888" HPOS="1080"/>
<String CONTENT="rev." HEIGHT="36" WIDTH="114" VPOS="1888" HPOS="1115"/>
<SP HEIGHT="54" WIDTH="67" VPOS="1870" HPOS="1230"/>
<String CONTENT="New" HEIGHT="53" WIDTH="140" VPOS="1870" HPOS="1298"/>
<SP HEIGHT="53" WIDTH="35" VPOS="1870" HPOS="1439"/>
<String CONTENT="York," HEIGHT="70" WIDTH="181" VPOS="1869" HPOS="1475"/>
<SP HEIGHT="69" WIDTH="32" VPOS="1870" HPOS="1657"/>
<String CONTENT="The" HEIGHT="53" WIDTH="123" VPOS="1870" HPOS="1690"/>
<SP HEIGHT="54" WIDTH="32" VPOS="1871" HPOS="1814"/>
<String CONTENT="John" HEIGHT="55" WIDTH="159" VPOS="1870" HPOS="1847"/>
<SP HEIGHT="53" WIDTH="33" VPOS="1870" HPOS="2007"/>
<String CONTENT="Day" HEIGHT="70" WIDTH="132" VPOS="1870" HPOS="2041"/>
<SP HEIGHT="54" WIDTH="32" VPOS="1886" HPOS="2174"/>
<String CONTENT="company" HEIGHT="131" WIDTH="1976" VPOS="1886" HPOS="355"/>
<SP HEIGHT="51" WIDTH="38" VPOS="1967" HPOS="509"/>
<String CS="1" CONTENT="[c1934]" HEIGHT="66" WIDTH="193" VPOS="1952" HPOS="548"/>
</TextLine>
<TextLine HEIGHT="51" WIDTH="435" VPOS="2018" HPOS="430">
<String CONTENT="271," HEIGHT="46" WIDTH="98" VPOS="2020" HPOS="430"/>
<SP HEIGHT="31" WIDTH="31" VPOS="2038" HPOS="529"/>
<String CONTENT="[1]" HEIGHT="48" WIDTH="55" VPOS="2021" HPOS="561"/>
<SP HEIGHT="39" WIDTH="27" VPOS="2029" HPOS="617"/>
<String CONTENT="p." HEIGHT="38" WIDTH="43" VPOS="2029" HPOS="645"/>
<SP HEIGHT="41" WIDTH="59" VPOS="2019" HPOS="689"/>
<String CONTENT="20" HEIGHT="41" WIDTH="56" VPOS="2018" HPOS="749"/>
<String STYLE="superscript" CONTENT="cm" HEIGHT="21" WIDTH="45" VPOS="2021" HPOS="806"/>
<String CONTENT="." HEIGHT="9" WIDTH="10" VPOS="2051" HPOS="855"/>
</TextLine>
<TextLine HEIGHT="49" WIDTH="876" VPOS="2075" HPOS="430">
<String CONTENT="&#8220;Fourth" HEIGHT="40" WIDTH="216" VPOS="2076" HPOS="430"/>
<SP HEIGHT="39" WIDTH="33" VPOS="2077" HPOS="647"/>
<String CONTENT="edition," HEIGHT="48" WIDTH="196" VPOS="2076" HPOS="681"/>
<SP HEIGHT="38" WIDTH="34" VPOS="2086" HPOS="878"/>
<String CONTENT="revised," HEIGHT="44" WIDTH="203" VPOS="2076" HPOS="913"/>
<SP HEIGHT="45" WIDTH="31" VPOS="2075" HPOS="1117"/>
<String CONTENT="1934.&#8221;" HEIGHT="42" WIDTH="157" VPOS="2075" HPOS="1149"/>
</TextLine>
<TextLine HEIGHT="54" WIDTH="1993" VPOS="2132" HPOS="361" CS="1">
<String CONTENT="&#169;" HEIGHT="54" WIDTH="52" VPOS="2132" HPOS="361"/>
<SP HEIGHT="54" WIDTH="34" VPOS="2132" HPOS="414"/>
<String CONTENT="Nov." HEIGHT="39" WIDTH="116" VPOS="2137" HPOS="449"/>
<SP HEIGHT="37" WIDTH="35" VPOS="2138" HPOS="566"/>
<String CONTENT="1," HEIGHT="45" WIDTH="39" VPOS="2138" HPOS="602"/>
<SP HEIGHT="47" WIDTH="35" VPOS="2136" HPOS="642"/>
<String CS="1" CONTENT="1934;" HEIGHT="42" WIDTH="116" VPOS="2134" HPOS="678"/>
<SP HEIGHT="46" WIDTH="37" VPOS="2136" HPOS="821"/>
<String CONTENT="2c." HEIGHT="40" WIDTH="67" VPOS="2136" HPOS="859"/>
<SP HEIGHT="42" WIDTH="35" VPOS="2134" HPOS="927"/>
<String CONTENT="Feb." HEIGHT="41" WIDTH="110" VPOS="2134" HPOS="963"/>
<SP HEIGHT="39" WIDTH="35" VPOS="2135" HPOS="1074"/>
<String CONTENT="29," HEIGHT="47" WIDTH="67" VPOS="2135" HPOS="1110"/>
<SP HEIGHT="47" WIDTH="36" VPOS="2135" HPOS="1178"/>
<String CONTENT="1935;" HEIGHT="48" WIDTH="140" VPOS="2134" HPOS="1215"/>
<SP HEIGHT="37" WIDTH="39" VPOS="2145" HPOS="1356"/>
<String CONTENT="aff." HEIGHT="40" WIDTH="83" VPOS="2135" HPOS="1396"/>
<SP HEIGHT="39" WIDTH="36" VPOS="2136" HPOS="1480"/>
<String CONTENT="Mar." HEIGHT="40" WIDTH="121" VPOS="2136" HPOS="1517"/>
<SP HEIGHT="41" WIDTH="34" VPOS="2135" HPOS="1639"/>
<String CONTENT="28;" HEIGHT="47" WIDTH="83" VPOS="2135" HPOS="1674"/>
<SP HEIGHT="45" WIDTH="35" VPOS="2137" HPOS="1758"/>
<!-- cceid 87CF8B84-6D82-1014-B070-FDFD250A9EDA --><String CONTENT="A" HEIGHT="38" WIDTH="40" VPOS="2137" HPOS="1794"/>
<SP HEIGHT="39" WIDTH="36" VPOS="2136" HPOS="1835"/>
<String CONTENT="82300;" HEIGHT="47" WIDTH="169" VPOS="2135" HPOS="1872"/>
<SP HEIGHT="46" WIDTH="39" VPOS="2136" HPOS="2042"/>
<String CONTENT="R." HEIGHT="40" WIDTH="55" VPOS="2136" HPOS="2082"/>
<SP HEIGHT="40" WIDTH="36" VPOS="2136" HPOS="2138"/>
<String CONTENT="James," HEIGHT="46" WIDTH="179" VPOS="2136" HPOS="2175"/>
</TextLine>
<TextLine HEIGHT="52" WIDTH="827" VPOS="2190" HPOS="428">
<String CONTENT="Hollywood," HEIGHT="52" WIDTH="300" VPOS="2190" HPOS="428"/>
<SP HEIGHT="47" WIDTH="29" VPOS="2193" HPOS="729"/>
<String CONTENT="Calif." HEIGHT="42" WIDTH="144" VPOS="2192" HPOS="759"/>
<SP HEIGHT="48" WIDTH="69" VPOS="2192" HPOS="904"/>
<String CONTENT="(34-28491)" HEIGHT="49" WIDTH="281" VPOS="2191" HPOS="974"/>
</TextLine>
<TextLine HEIGHT="66" WIDTH="598" VPOS="2283" HPOS="358" STYLEREFS="StyleId-D8607128-0CD0-43CE-9537-290262C01212-">
<String CONTENT="James," HEIGHT="65" WIDTH="220" VPOS="2283" HPOS="358"/>
<SP HEIGHT="64" WIDTH="25" VPOS="2284" HPOS="579"/>
<String CONTENT="Will," HEIGHT="66" WIDTH="151" VPOS="2283" HPOS="605"/>
<SP HEIGHT="60" WIDTH="27" VPOS="2289" HPOS="757"/>
<String CONTENT="1892-" HEIGHT="51" WIDTH="171" VPOS="2288" HPOS="785"/>
</TextLine>
<TextLine HEIGHT="67" WIDTH="1922" VPOS="2360" HPOS="431" STYLEREFS="StyleId-EA8C6F5B-572A-47FB-A461-CBEA9CC629A7-">
<String CONTENT="In" HEIGHT="51" WIDTH="72" VPOS="2362" HPOS="431"/>
<SP HEIGHT="47" WIDTH="35" VPOS="2366" HPOS="504"/>
<String CONTENT="the" HEIGHT="52" WIDTH="94" VPOS="2363" HPOS="540"/>
<SP HEIGHT="35" WIDTH="34" VPOS="2380" HPOS="635"/>
<String CONTENT="saddle" HEIGHT="54" WIDTH="198" VPOS="2361" HPOS="670"/>
<SP HEIGHT="35" WIDTH="36" VPOS="2380" HPOS="869"/>
<String CONTENT="with" HEIGHT="53" WIDTH="142" VPOS="2362" HPOS="906"/>
<SP HEIGHT="54" WIDTH="35" VPOS="2362" HPOS="1049"/>
<String CONTENT="Uncle" HEIGHT="54" WIDTH="181" VPOS="2362" HPOS="1085"/>
<SP HEIGHT="52" WIDTH="34" VPOS="2363" HPOS="1267"/>
<String CONTENT="Bill," HEIGHT="67" WIDTH="138" VPOS="2360" HPOS="1302"/>
<SP HEIGHT="65" WIDTH="35" VPOS="2362" HPOS="1441"/>
<String CONTENT="by" HEIGHT="65" WIDTH="76" VPOS="2362" HPOS="1477"/>
<SP HEIGHT="66" WIDTH="33" VPOS="2361" HPOS="1554"/>
<String CONTENT="Will" HEIGHT="55" WIDTH="143" VPOS="2361" HPOS="1588"/>
<SP HEIGHT="54" WIDTH="34" VPOS="2361" HPOS="1732"/>
<String CONTENT="James;" HEIGHT="64" WIDTH="225" VPOS="2361" HPOS="1767"/>
<SP HEIGHT="63" WIDTH="37" VPOS="2362" HPOS="1993"/>
<String CONTENT="illustrated" HEIGHT="55" WIDTH="322" VPOS="2360" HPOS="2031"/>
</TextLine>
<TextLine HEIGHT="68" WIDTH="1992" VPOS="2437" HPOS="362" STYLEREFS="StyleId-EA8C6F5B-572A-47FB-A461-CBEA9CC629A7-">
<String CONTENT="by" HEIGHT="66" WIDTH="72" VPOS="2439" HPOS="362"/>
<SP HEIGHT="61" WIDTH="32" VPOS="2444" HPOS="435"/>
<String CONTENT="the" HEIGHT="54" WIDTH="96" VPOS="2438" HPOS="468"/>
<SP HEIGHT="34" WIDTH="33" VPOS="2458" HPOS="565"/>
<String CONTENT="author." HEIGHT="52" WIDTH="224" VPOS="2439" HPOS="599"/>
<SP HEIGHT="53" WIDTH="66" VPOS="2438" HPOS="824"/>
<String CONTENT="New" HEIGHT="54" WIDTH="141" VPOS="2438" HPOS="891"/>
<SP HEIGHT="54" WIDTH="33" VPOS="2438" HPOS="1033"/>
<String CONTENT="York," HEIGHT="67" WIDTH="179" VPOS="2437" HPOS="1067"/>
<SP HEIGHT="66" WIDTH="32" VPOS="2438" HPOS="1247"/>
<String CONTENT="London," HEIGHT="65" WIDTH="258" VPOS="2438" HPOS="1280"/>
<SP HEIGHT="65" WIDTH="35" VPOS="2438" HPOS="1539"/>
<String CONTENT="C." HEIGHT="56" WIDTH="65" VPOS="2438" HPOS="1575"/>
<SP HEIGHT="56" WIDTH="34" VPOS="2437" HPOS="1641"/>
<String CONTENT="Scribner&#8217;s" HEIGHT="56" WIDTH="312" VPOS="2437" HPOS="1676"/>
<SP HEIGHT="35" WIDTH="33" VPOS="2456" HPOS="1989"/>
<String CONTENT="sons," HEIGHT="47" WIDTH="146" VPOS="2456" HPOS="2023"/>
<SP HEIGHT="63" WIDTH="33" VPOS="2440" HPOS="2170"/>
<String CONTENT="1935." HEIGHT="51" WIDTH="150" VPOS="2439" HPOS="2204"/>
</TextLine>
<TextLine HEIGHT="50" WIDTH="1293" VPOS="2509" HPOS="429" CS="1">
<String CONTENT="xiii," HEIGHT="45" WIDTH="104" VPOS="2509" HPOS="429"/>
<SP HEIGHT="44" WIDTH="24" VPOS="2510" HPOS="534"/>
<String CONTENT="289," HEIGHT="47" WIDTH="100" VPOS="2510" HPOS="559"/>
<SP HEIGHT="28" WIDTH="30" VPOS="2530" HPOS="660"/>
<String CS="1" CONTENT="[1]" HEIGHT="29" WIDTH="11" VPOS="2530" HPOS="735"/>
<SP HEIGHT="37" WIDTH="27" VPOS="2522" HPOS="747"/>
<String CONTENT="p." HEIGHT="37" WIDTH="43" VPOS="2522" HPOS="775"/>
<SP HEIGHT="41" WIDTH="26" VPOS="2510" HPOS="819"/>
<String CONTENT="incl." HEIGHT="42" WIDTH="111" VPOS="2510" HPOS="846"/>
<SP HEIGHT="42" WIDTH="24" VPOS="2510" HPOS="958"/>
<String CONTENT="front.," HEIGHT="44" WIDTH="165" VPOS="2510" HPOS="983"/>
<SP HEIGHT="44" WIDTH="27" VPOS="2510" HPOS="1149"/>
<String CONTENT="illus.," HEIGHT="47" WIDTH="143" VPOS="2510" HPOS="1177"/>
<SP HEIGHT="37" WIDTH="24" VPOS="2521" HPOS="1321"/>
<String CONTENT="plates." HEIGHT="48" WIDTH="171" VPOS="2510" HPOS="1346"/>
<SP HEIGHT="40" WIDTH="58" VPOS="2509" HPOS="1518"/>
<String CS="1" CONTENT="21&#189;" HEIGHT="40" WIDTH="56" VPOS="2509" HPOS="1577"/>
<String STYLE="superscript" CONTENT="cm" HEIGHT="21" WIDTH="43" VPOS="2512" HPOS="1666"/>
<String CONTENT="." HEIGHT="8" WIDTH="8" VPOS="2541" HPOS="1714"/>
</TextLine>
<TextLine HEIGHT="53" WIDTH="1995" VPOS="2564" HPOS="361" CS="1">
<String CONTENT="&#169;" HEIGHT="53" WIDTH="53" VPOS="2564" HPOS="361"/>
<SP HEIGHT="53" WIDTH="23" VPOS="2564" HPOS="415"/>
<String CONTENT="Mar." HEIGHT="38" WIDTH="119" VPOS="2569" HPOS="439"/>
<SP HEIGHT="38" WIDTH="27" VPOS="2569" HPOS="559"/>
<String CONTENT="15," HEIGHT="46" WIDTH="68" VPOS="2568" HPOS="587"/>
<SP HEIGHT="45" WIDTH="26" VPOS="2569" HPOS="656"/>
<String CS="1" CONTENT="1935;" HEIGHT="41" WIDTH="112" VPOS="2566" HPOS="683"/>
<SP HEIGHT="46" WIDTH="24" VPOS="2568" HPOS="824"/>
<String CONTENT="2c." HEIGHT="39" WIDTH="68" VPOS="2568" HPOS="849"/>
<SP HEIGHT="29" WIDTH="27" VPOS="2578" HPOS="918"/>
<String CONTENT="and" HEIGHT="39" WIDTH="95" VPOS="2568" HPOS="946"/>
<SP HEIGHT="39" WIDTH="25" VPOS="2568" HPOS="1042"/>
<String CONTENT="aff." HEIGHT="41" WIDTH="81" VPOS="2566" HPOS="1068"/>
<SP HEIGHT="39" WIDTH="27" VPOS="2568" HPOS="1150"/>
<String CONTENT="Mar." HEIGHT="38" WIDTH="122" VPOS="2568" HPOS="1178"/>
<SP HEIGHT="40" WIDTH="24" VPOS="2566" HPOS="1301"/>
<String CS="1" CONTENT="25;" HEIGHT="39" WIDTH="59" VPOS="2566" HPOS="1326"/>
<SP HEIGHT="46" WIDTH="27" VPOS="2567" HPOS="1409"/>
<!-- cceid 87D0442E-6D82-1014-B070-FDFD250A9EDA --><String CONTENT="A" HEIGHT="38" WIDTH="40" VPOS="2567" HPOS="1437"/>
<SP HEIGHT="40" WIDTH="26" VPOS="2566" HPOS="1478"/>
<String CS="1" CONTENT="82130;" HEIGHT="41" WIDTH="147" VPOS="2565" HPOS="1505"/>
<SP HEIGHT="48" WIDTH="30" VPOS="2566" HPOS="1676"/>
<String CONTENT="Charles" HEIGHT="41" WIDTH="202" VPOS="2566" HPOS="1707"/>
<SP HEIGHT="41" WIDTH="24" VPOS="2566" HPOS="1914"/>
<String CONTENT="Scribner&#8217;s" HEIGHT="42" WIDTH="268" VPOS="2565" HPOS="1939"/>
<SP HEIGHT="30" WIDTH="21" VPOS="2576" HPOS="2208"/>
<String CONTENT="sons." HEIGHT="31" WIDTH="126" VPOS="2575" HPOS="2230"/>
</TextLine>
<TextLine HEIGHT="50" WIDTH="251" VPOS="2623" HPOS="441">
<String CONTENT="(35-4219)" HEIGHT="50" WIDTH="251" VPOS="2623" HPOS="441"/>
</TextLine>
<TextLine HEIGHT="67" WIDTH="684" VPOS="2710" HPOS="359" STYLEREFS="StyleId-D8607128-0CD0-43CE-9537-290262C01212-">
<String CONTENT="Jensen," HEIGHT="65" WIDTH="237" VPOS="2710" HPOS="359"/>
<SP HEIGHT="62" WIDTH="22" VPOS="2713" HPOS="597"/>
<String CONTENT="Anker," HEIGHT="65" WIDTH="222" VPOS="2712" HPOS="620"/>
<SP HEIGHT="60" WIDTH="27" VPOS="2717" HPOS="843"/>
<String CONTENT="1883-" HEIGHT="50" WIDTH="172" VPOS="2717" HPOS="871"/>
</TextLine>
<TextLine HEIGHT="70" WIDTH="1923" VPOS="2787" HPOS="432" STYLEREFS="StyleId-EA8C6F5B-572A-47FB-A461-CBEA9CC629A7-">
<String CONTENT="Anchor" HEIGHT="54" WIDTH="234" VPOS="2787" HPOS="432"/>
<SP HEIGHT="35" WIDTH="28" VPOS="2806" HPOS="667"/>
<String CONTENT="contract" HEIGHT="48" WIDTH="256" VPOS="2794" HPOS="696"/>
<SP HEIGHT="53" WIDTH="24" VPOS="2789" HPOS="953"/>
<String CONTENT="bidding," HEIGHT="69" WIDTH="260" VPOS="2788" HPOS="978"/>
<SP HEIGHT="67" WIDTH="26" VPOS="2790" HPOS="1239"/>
<String CONTENT="by" HEIGHT="67" WIDTH="75" VPOS="2790" HPOS="1266"/>
<SP HEIGHT="67" WIDTH="28" VPOS="2790" HPOS="1342"/>
<String CONTENT="Anker" HEIGHT="53" WIDTH="198" VPOS="2790" HPOS="1371"/>
<SP HEIGHT="54" WIDTH="28" VPOS="2790" HPOS="1570"/>
<String CONTENT="Jensen," HEIGHT="65" WIDTH="228" VPOS="2790" HPOS="1599"/>
<SP HEIGHT="68" WIDTH="29" VPOS="2787" HPOS="1828"/>
<String CONTENT="in" HEIGHT="54" WIDTH="60" VPOS="2787" HPOS="1858"/>
<SP HEIGHT="33" WIDTH="28" VPOS="2808" HPOS="1919"/>
<String CONTENT="collaboration" HEIGHT="54" WIDTH="407" VPOS="2788" HPOS="1948"/>
</TextLine>
<TextLine HEIGHT="71" WIDTH="1990" VPOS="2863" HPOS="364" STYLEREFS="StyleId-EA8C6F5B-572A-47FB-A461-CBEA9CC629A7-">
<String CONTENT="with" HEIGHT="55" WIDTH="140" VPOS="2863" HPOS="364"/>
<SP HEIGHT="52" WIDTH="48" VPOS="2867" HPOS="505"/>
<String CONTENT="Richard" HEIGHT="53" WIDTH="254" VPOS="2866" HPOS="554"/>
<SP HEIGHT="52" WIDTH="46" VPOS="2868" HPOS="809"/>
<String CONTENT="A." HEIGHT="52" WIDTH="71" VPOS="2868" HPOS="856"/>
<SP HEIGHT="52" WIDTH="50" VPOS="2868" HPOS="928"/>
<String CONTENT="MacHale" HEIGHT="53" WIDTH="283" VPOS="2867" HPOS="979"/>
<SP HEIGHT="34" WIDTH="48" VPOS="2885" HPOS="1263"/>
<String CONTENT="and" HEIGHT="51" WIDTH="115" VPOS="2868" HPOS="1312"/>
<SP HEIGHT="52" WIDTH="48" VPOS="2868" HPOS="1428"/>
<String CONTENT="Edward" HEIGHT="54" WIDTH="254" VPOS="2866" HPOS="1477"/>
<SP HEIGHT="52" WIDTH="47" VPOS="2868" HPOS="1732"/>
<String CONTENT="D." HEIGHT="52" WIDTH="73" VPOS="2868" HPOS="1780"/>
<SP HEIGHT="52" WIDTH="49" VPOS="2868" HPOS="1854"/>
<String CONTENT="Lyman." HEIGHT="66" WIDTH="240" VPOS="2868" HPOS="1904"/>
<SP HEIGHT="53" WIDTH="71" VPOS="2866" HPOS="2145"/>
<String CONTENT="New" HEIGHT="53" WIDTH="137" VPOS="2866" HPOS="2217"/>
</TextLine>
<TextLine HEIGHT="70" WIDTH="1174" VPOS="2942" HPOS="365" STYLEREFS="StyleId-EA8C6F5B-572A-47FB-A461-CBEA9CC629A7-">
<String CONTENT="York," HEIGHT="67" WIDTH="178" VPOS="2945" HPOS="365"/>
<SP HEIGHT="68" WIDTH="29" VPOS="2944" HPOS="544"/>
<String CONTENT="Oxford" HEIGHT="57" WIDTH="231" VPOS="2942" HPOS="574"/>
<SP HEIGHT="51" WIDTH="27" VPOS="2946" HPOS="806"/>
<String CONTENT="university" HEIGHT="68" WIDTH="317" VPOS="2944" HPOS="834"/>
<SP HEIGHT="49" WIDTH="29" VPOS="2963" HPOS="1152"/>
<String CONTENT="press," HEIGHT="49" WIDTH="175" VPOS="2963" HPOS="1182"/>
<SP HEIGHT="62" WIDTH="31" VPOS="2950" HPOS="1358"/>
<String CONTENT="1934." HEIGHT="50" WIDTH="149" VPOS="2949" HPOS="1390"/>
</TextLine>
<TextLine HEIGHT="47" WIDTH="335" VPOS="3016" HPOS="437" CS="1">
<String CONTENT="60" HEIGHT="41" WIDTH="57" VPOS="3016" HPOS="437"/>
<SP HEIGHT="47" WIDTH="28" VPOS="3016" HPOS="495"/>
<String CONTENT="p." HEIGHT="38" WIDTH="43" VPOS="3025" HPOS="524"/>
<SP HEIGHT="41" WIDTH="57" VPOS="3016" HPOS="568"/>
<String CS="1" CONTENT="19&#189;" HEIGHT="40" WIDTH="58" VPOS="3016" HPOS="626"/>
<String STYLE="superscript" CONTENT="cm" HEIGHT="22" WIDTH="45" VPOS="3018" HPOS="713"/>
<String CONTENT="." HEIGHT="9" WIDTH="9" VPOS="3049" HPOS="763"/>
</TextLine>
<TextLine HEIGHT="49" WIDTH="658" VPOS="3072" HPOS="436">
<String CONTENT="Tables" HEIGHT="40" WIDTH="174" VPOS="3073" HPOS="436"/>
<SP HEIGHT="30" WIDTH="31" VPOS="3083" HPOS="611"/>
<String CONTENT="on" HEIGHT="29" WIDTH="60" VPOS="3083" HPOS="643"/>
<SP HEIGHT="37" WIDTH="28" VPOS="3075" HPOS="704"/>
<String CONTENT="lining-papers." HEIGHT="49" WIDTH="361" VPOS="3072" HPOS="733"/>
</TextLine>
<TextLine HEIGHT="42" WIDTH="420" VPOS="3129" HPOS="437">
<String CONTENT="&#8220;First" HEIGHT="41" WIDTH="163" VPOS="3129" HPOS="437"/>
<SP HEIGHT="38" WIDTH="29" VPOS="3132" HPOS="601"/>
<String CONTENT="edition.&#8221;" HEIGHT="42" WIDTH="226" VPOS="3129" HPOS="631"/>
</TextLine>
<TextLine HEIGHT="54" WIDTH="1991" VPOS="3183" HPOS="365" CS="1">
<String CONTENT="&#169;" HEIGHT="54" WIDTH="53" VPOS="3183" HPOS="365"/>
<SP HEIGHT="54" WIDTH="26" VPOS="3183" HPOS="419"/>
<String CONTENT="Nov." HEIGHT="39" WIDTH="118" VPOS="3188" HPOS="446"/>
<SP HEIGHT="41" WIDTH="27" VPOS="3186" HPOS="565"/>
<String CONTENT="26," HEIGHT="49" WIDTH="70" VPOS="3186" HPOS="593"/>
<SP HEIGHT="47" WIDTH="30" VPOS="3188" HPOS="664"/>
<String CS="1" CONTENT="1934;" HEIGHT="40" WIDTH="116" VPOS="3186" HPOS="695"/>
<SP HEIGHT="47" WIDTH="30" VPOS="3187" HPOS="836"/>
<String CONTENT="2c." HEIGHT="40" WIDTH="68" VPOS="3187" HPOS="867"/>
<SP HEIGHT="29" WIDTH="29" VPOS="3198" HPOS="936"/>
<String CONTENT="and" HEIGHT="39" WIDTH="95" VPOS="3188" HPOS="966"/>
<SP HEIGHT="38" WIDTH="29" VPOS="3188" HPOS="1062"/>
<String CONTENT="aff." HEIGHT="40" WIDTH="81" VPOS="3186" HPOS="1092"/>
<SP HEIGHT="40" WIDTH="30" VPOS="3186" HPOS="1174"/>
<String CONTENT="Nov." HEIGHT="39" WIDTH="116" VPOS="3186" HPOS="1205"/>
<SP HEIGHT="39" WIDTH="29" VPOS="3187" HPOS="1322"/>
<String CONTENT="30;" HEIGHT="49" WIDTH="83" VPOS="3185" HPOS="1352"/>
<SP HEIGHT="47" WIDTH="33" VPOS="3187" HPOS="1436"/>
<!-- cceid 87D0F7C0-6D82-1014-B070-FDFD250A9EDA --><String CONTENT="A" HEIGHT="38" WIDTH="40" VPOS="3187" HPOS="1470"/>
<SP HEIGHT="39" WIDTH="29" VPOS="3187" HPOS="1511"/>
<String CONTENT="79207;" HEIGHT="49" WIDTH="170" VPOS="3185" HPOS="1541"/>
<SP HEIGHT="48" WIDTH="32" VPOS="3186" HPOS="1712"/>
<String CONTENT="A." HEIGHT="39" WIDTH="54" VPOS="3186" HPOS="1745"/>
<SP HEIGHT="39" WIDTH="31" VPOS="3186" HPOS="1800"/>
<String CONTENT="Jensen," HEIGHT="47" WIDTH="191" VPOS="3186" HPOS="1832"/>
<SP HEIGHT="48" WIDTH="31" VPOS="3185" HPOS="2024"/>
<String CONTENT="Richard" HEIGHT="41" WIDTH="214" VPOS="3184" HPOS="2056"/>
<SP HEIGHT="39" WIDTH="30" VPOS="3186" HPOS="2271"/>
<String CONTENT="A." HEIGHT="38" WIDTH="54" VPOS="3187" HPOS="2302"/>
</TextLine>
<TextLine HEIGHT="50" WIDTH="1619" VPOS="3242" HPOS="433">
<String CONTENT="MacHale" HEIGHT="41" WIDTH="240" VPOS="3245" HPOS="433"/>
<SP HEIGHT="31" WIDTH="26" VPOS="3255" HPOS="674"/>
<String CONTENT="and" HEIGHT="38" WIDTH="98" VPOS="3246" HPOS="701"/>
<SP HEIGHT="39" WIDTH="26" VPOS="3245" HPOS="800"/>
<String CONTENT="Edward" HEIGHT="39" WIDTH="212" VPOS="3245" HPOS="827"/>
<SP HEIGHT="39" WIDTH="29" VPOS="3245" HPOS="1040"/>
<String CONTENT="D." HEIGHT="39" WIDTH="55" VPOS="3245" HPOS="1070"/>
<SP HEIGHT="39" WIDTH="31" VPOS="3245" HPOS="1126"/>
<String CONTENT="Lyman," HEIGHT="47" WIDTH="200" VPOS="3245" HPOS="1158"/>
<SP HEIGHT="48" WIDTH="29" VPOS="3244" HPOS="1359"/>
<String CONTENT="Los" HEIGHT="40" WIDTH="92" VPOS="3244" HPOS="1389"/>
<SP HEIGHT="39" WIDTH="30" VPOS="3244" HPOS="1482"/>
<String CONTENT="Angeles." HEIGHT="46" WIDTH="219" VPOS="3244" HPOS="1513"/>
<SP HEIGHT="48" WIDTH="68" VPOS="3243" HPOS="1733"/>
<String CONTENT="(35-4173)" HEIGHT="49" WIDTH="250" VPOS="3242" HPOS="1802"/>
</TextLine>
<TextLine HEIGHT="63" WIDTH="512" VPOS="3333" HPOS="364" STYLEREFS="StyleId-D8607128-0CD0-43CE-9537-290262C01212-">
<String CONTENT="Jonesco," HEIGHT="63" WIDTH="264" VPOS="3333" HPOS="364"/>
<SP HEIGHT="62" WIDTH="28" VPOS="3334" HPOS="629"/>
<String CONTENT="Barbu." HEIGHT="55" WIDTH="218" VPOS="3334" HPOS="658"/>
</TextLine>
<TextLine HEIGHT="70" WIDTH="1915" VPOS="3406" HPOS="437" STYLEREFS="StyleId-EA8C6F5B-572A-47FB-A461-CBEA9CC629A7-">
<String CONTENT="Air" HEIGHT="52" WIDTH="109" VPOS="3409" HPOS="437"/>
<SP HEIGHT="51" WIDTH="27" VPOS="3410" HPOS="547"/>
<String CONTENT="dash" HEIGHT="51" WIDTH="140" VPOS="3410" HPOS="575"/>
<SP HEIGHT="52" WIDTH="29" VPOS="3409" HPOS="716"/>
<String CONTENT="for" HEIGHT="52" WIDTH="93" VPOS="3409" HPOS="746"/>
<SP HEIGHT="34" WIDTH="29" VPOS="3428" HPOS="840"/>
<String CONTENT="a" HEIGHT="33" WIDTH="31" VPOS="3429" HPOS="870"/>
<SP HEIGHT="47" WIDTH="27" VPOS="3415" HPOS="902"/>
<String CONTENT="throne," HEIGHT="66" WIDTH="218" VPOS="3410" HPOS="930"/>
<SP HEIGHT="66" WIDTH="25" VPOS="3410" HPOS="1149"/>
<String CONTENT="by" HEIGHT="66" WIDTH="75" VPOS="3410" HPOS="1175"/>
<SP HEIGHT="64" WIDTH="26" VPOS="3412" HPOS="1251"/>
<String CONTENT="Barbu" HEIGHT="53" WIDTH="196" VPOS="3409" HPOS="1278"/>
<SP HEIGHT="53" WIDTH="27" VPOS="3411" HPOS="1475"/>
<String CONTENT="Jonesco" HEIGHT="53" WIDTH="239" VPOS="3411" HPOS="1503"/>
<SP HEIGHT="34" WIDTH="28" VPOS="3428" HPOS="1743"/>
<String CONTENT="as" HEIGHT="35" WIDTH="61" VPOS="3428" HPOS="1772"/>
<SP HEIGHT="49" WIDTH="25" VPOS="3414" HPOS="1834"/>
<String CONTENT="told" HEIGHT="52" WIDTH="122" VPOS="3409" HPOS="1860"/>
<SP HEIGHT="52" WIDTH="26" VPOS="3409" HPOS="1983"/>
<String CONTENT="to" HEIGHT="47" WIDTH="59" VPOS="3414" HPOS="2010"/>
<SP HEIGHT="51" WIDTH="28" VPOS="3410" HPOS="2070"/>
<String CONTENT="Maurice" HEIGHT="55" WIDTH="253" VPOS="3406" HPOS="2099"/>
</TextLine>
<TextLine HEIGHT="53" WIDTH="200" VPOS="3486" HPOS="364" STYLEREFS="StyleId-EA8C6F5B-572A-47FB-A461-CBEA9CC629A7-">
<String CONTENT="Lewis." HEIGHT="53" WIDTH="200" VPOS="3486" HPOS="364"/>
</TextLine>
<TextLine HEIGHT="51" WIDTH="930" VPOS="3555" HPOS="465" CS="1">
<String CS="1" CONTENT="(In" HEIGHT="38" WIDTH="62" VPOS="3560" HPOS="465"/>
<SP HEIGHT="42" WIDTH="25" VPOS="3555" HPOS="528"/>
<String CONTENT="London" HEIGHT="42" WIDTH="200" VPOS="3555" HPOS="554"/>
<SP HEIGHT="41" WIDTH="26" VPOS="3555" HPOS="755"/>
<String CONTENT="People," HEIGHT="51" WIDTH="195" VPOS="3555" HPOS="782"/>
<SP HEIGHT="51" WIDTH="26" VPOS="3555" HPOS="978"/>
<String CONTENT="Feb." HEIGHT="43" WIDTH="115" VPOS="3555" HPOS="1005"/>
<SP HEIGHT="42" WIDTH="29" VPOS="3556" HPOS="1121"/>
<String CONTENT="17," HEIGHT="50" WIDTH="70" VPOS="3556" HPOS="1151"/>
<SP HEIGHT="49" WIDTH="29" VPOS="3557" HPOS="1222"/>
<String CONTENT="1935)" HEIGHT="50" WIDTH="143" VPOS="3555" HPOS="1252"/>
</TextLine>
<TextLine HEIGHT="54" WIDTH="1988" VPOS="3610" HPOS="367" CS="1">
<String CONTENT="&#169;" HEIGHT="54" WIDTH="52" VPOS="3610" HPOS="367"/>
<SP/>
<String CS="1" CONTENT="1c."/>
<SP/>
<String CONTENT="Apr." HEIGHT="46" WIDTH="114" VPOS="3616" HPOS="551"/>
<SP HEIGHT="39" WIDTH="34" VPOS="3615" HPOS="666"/>
<String CONTENT="15;" HEIGHT="46" WIDTH="69" VPOS="3614" HPOS="701"/>
<SP HEIGHT="46" WIDTH="34" VPOS="3614" HPOS="771"/>
<String CS="1" CONTENT="1935;" HEIGHT="41" WIDTH="112" VPOS="3613" HPOS="806"/>
<SP HEIGHT="45" WIDTH="36" VPOS="3615" HPOS="947"/>
<!-- cceid 87D1D553-6D82-1014-B070-FDFD250A9EDA --><String CONTENT="A" HEIGHT="39" WIDTH="42" VPOS="3615" HPOS="984"/>
<SP HEIGHT="39" WIDTH="31" VPOS="3615" HPOS="1027"/>
<String CONTENT="ad" HEIGHT="38" WIDTH="62" VPOS="3616" HPOS="1059"/>
<SP HEIGHT="39" WIDTH="31" VPOS="3615" HPOS="1122"/>
<String CONTENT="int." HEIGHT="39" WIDTH="87" VPOS="3615" HPOS="1154"/>
<SP HEIGHT="40" WIDTH="33" VPOS="3614" HPOS="1242"/>
<String CS="1" CONTENT="20137;" HEIGHT="41" WIDTH="144" VPOS="3613" HPOS="1276"/>
<SP HEIGHT="37" WIDTH="39" VPOS="3625" HPOS="1447"/>
<String CONTENT="pubd." HEIGHT="48" WIDTH="141" VPOS="3614" HPOS="1487"/>
<SP HEIGHT="39" WIDTH="36" VPOS="3614" HPOS="1629"/>
<String CONTENT="Feb." HEIGHT="39" WIDTH="110" VPOS="3614" HPOS="1666"/>
<SP HEIGHT="40" WIDTH="34" VPOS="3613" HPOS="1777"/>
<String CS="1" CONTENT="17;" HEIGHT="40" WIDTH="55" VPOS="3613" HPOS="1812"/>
<SP HEIGHT="47" WIDTH="37" VPOS="3613" HPOS="1895"/>
<String CONTENT="Maurice" HEIGHT="41" WIDTH="219" VPOS="3612" HPOS="1933"/>
<SP HEIGHT="41" WIDTH="31" VPOS="3612" HPOS="2153"/>
<String CONTENT="Lewis," HEIGHT="50" WIDTH="170" VPOS="3611" HPOS="2185"/>
</TextLine>
<TextLine HEIGHT="48" WIDTH="871" VPOS="3671" HPOS="436">
<String CONTENT="Kings" HEIGHT="47" WIDTH="154" VPOS="3672" HPOS="436"/>
<SP HEIGHT="40" WIDTH="28" VPOS="3671" HPOS="591"/>
<String CONTENT="Langley," HEIGHT="47" WIDTH="226" VPOS="3671" HPOS="620"/>
<SP HEIGHT="45" WIDTH="31" VPOS="3671" HPOS="847"/>
<String CONTENT="Herts," HEIGHT="46" WIDTH="163" VPOS="3671" HPOS="879"/>
<SP HEIGHT="45" WIDTH="31" VPOS="3672" HPOS="1043"/>
<String CONTENT="England." HEIGHT="47" WIDTH="232" VPOS="3671" HPOS="1075"/>
</TextLine>
<TextLine HEIGHT="66" WIDTH="1033" VPOS="3744" HPOS="364" STYLEREFS="StyleId-D8607128-0CD0-43CE-9537-290262C01212-">
<String CONTENT="Kains," HEIGHT="66" WIDTH="203" VPOS="3744" HPOS="364"/>
<SP HEIGHT="64" WIDTH="26" VPOS="3746" HPOS="568"/>
<String CONTENT="Maurice" HEIGHT="54" WIDTH="259" VPOS="3744" HPOS="595"/>
<SP HEIGHT="53" WIDTH="28" VPOS="3745" HPOS="855"/>
<String CONTENT="Grenville," HEIGHT="65" WIDTH="311" VPOS="3744" HPOS="884"/>
<SP HEIGHT="57" WIDTH="29" VPOS="3752" HPOS="1196"/>
<String CONTENT="1868-" HEIGHT="49" WIDTH="171" VPOS="3750" HPOS="1226"/>
</TextLine>
<TextLine HEIGHT="146" WIDTH="1978" VPOS="3819" HPOS="373" STYLEREFS="StyleId-EA8C6F5B-572A-47FB-A461-CBEA9CC629A7-" CS="1">
<String CONTENT="Five" HEIGHT="54" WIDTH="140" VPOS="3820" HPOS="439"/>
<SP HEIGHT="33" WIDTH="35" VPOS="3841" HPOS="580"/>
<String CONTENT="acres;" HEIGHT="48" WIDTH="179" VPOS="3840" HPOS="616"/>
<SP HEIGHT="48" WIDTH="38" VPOS="3840" HPOS="796"/>
<String CONTENT="a" HEIGHT="33" WIDTH="31" VPOS="3840" HPOS="835"/>
<SP HEIGHT="49" WIDTH="34" VPOS="3839" HPOS="867"/>
<String CONTENT="practical" HEIGHT="69" WIDTH="273" VPOS="3819" HPOS="902"/>
<SP HEIGHT="66" WIDTH="34" VPOS="3822" HPOS="1176"/>
<String CONTENT="guide" HEIGHT="67" WIDTH="171" VPOS="3821" HPOS="1211"/>
<SP HEIGHT="44" WIDTH="32" VPOS="3829" HPOS="1383"/>
<String CONTENT="to" HEIGHT="45" WIDTH="58" VPOS="3829" HPOS="1416"/>
<SP HEIGHT="48" WIDTH="33" VPOS="3826" HPOS="1475"/>
<String CONTENT="the" HEIGHT="52" WIDTH="95" VPOS="3821" HPOS="1509"/>
<SP HEIGHT="33" WIDTH="33" VPOS="3839" HPOS="1605"/>
<String CONTENT="selection" HEIGHT="52" WIDTH="263" VPOS="3820" HPOS="1639"/>
<SP HEIGHT="35" WIDTH="36" VPOS="3837" HPOS="1903"/>
<String CONTENT="and" HEIGHT="51" WIDTH="113" VPOS="3821" HPOS="1940"/>
<SP HEIGHT="51" WIDTH="34" VPOS="3821" HPOS="2054"/>
<String CONTENT="management" HEIGHT="115" WIDTH="1955" VPOS="3835" HPOS="373"/>
<SP HEIGHT="46" WIDTH="43" VPOS="3904" HPOS="525"/>
<String CONTENT="of" HEIGHT="52" WIDTH="64" VPOS="3898" HPOS="569"/>
<SP HEIGHT="52" WIDTH="44" VPOS="3898" HPOS="634"/>
<String CONTENT="the" HEIGHT="52" WIDTH="95" VPOS="3898" HPOS="679"/>
<SP HEIGHT="36" WIDTH="43" VPOS="3915" HPOS="775"/>
<String CONTENT="small" HEIGHT="53" WIDTH="168" VPOS="3898" HPOS="819"/>
<SP HEIGHT="52" WIDTH="45" VPOS="3897" HPOS="988"/>
<String CONTENT="farm," HEIGHT="68" WIDTH="168" VPOS="3897" HPOS="1034"/>
<SP HEIGHT="67" WIDTH="44" VPOS="3898" HPOS="1203"/>
<String CONTENT="by" HEIGHT="67" WIDTH="75" VPOS="3898" HPOS="1248"/>
<SP HEIGHT="66" WIDTH="43" VPOS="3899" HPOS="1324"/>
<String CONTENT="M." HEIGHT="51" WIDTH="79" VPOS="3899" HPOS="1368"/>
<SP HEIGHT="56" WIDTH="48" VPOS="3897" HPOS="1448"/>
<String CONTENT="G." HEIGHT="56" WIDTH="69" VPOS="3897" HPOS="1497"/>
<SP HEIGHT="54" WIDTH="46" VPOS="3897" HPOS="1567"/>
<String CONTENT="Kains" HEIGHT="54" WIDTH="185" VPOS="3896" HPOS="1614"/>
<SP HEIGHT="33" WIDTH="51" VPOS="3917" HPOS="1800"/>
<String CS="1" CONTENT="&#8230;"/>
<SP HEIGHT="53" WIDTH="76" VPOS="3897" HPOS="1909"/>
<String CONTENT="New" HEIGHT="53" WIDTH="139" VPOS="3897" HPOS="1986"/>
<SP HEIGHT="53" WIDTH="46" VPOS="3896" HPOS="2126"/>
<String CONTENT="York," HEIGHT="66" WIDTH="178" VPOS="3895" HPOS="2173"/>
</TextLine>
<TextLine HEIGHT="68" WIDTH="549" VPOS="3974" HPOS="369" STYLEREFS="StyleId-EA8C6F5B-572A-47FB-A461-CBEA9CC629A7-" CS="1">
<String CONTENT="Greenberg" HEIGHT="68" WIDTH="325" VPOS="3974" HPOS="369"/>
<SP HEIGHT="49" WIDTH="32" VPOS="3993" HPOS="695"/>
<String CS="1" CONTENT="[c1935]" HEIGHT="63" WIDTH="190" VPOS="3979" HPOS="728"/>
</TextLine>
</TextBlock>
</PrintSpace>
</Page>
</Layout>
</alto>