2424 4375
1054 4063 132 48 1683

163 433 267 67 [Bryson,
460 431 242 56 Charles]
757 433 168 54 1877-

228 508 186 52 Death
448 509 63 51 of
547 528 30 32 a
614 506 124 55 first
769 515 165 60 mate,
970 508 75 67 by
1083 507 234 54 Charles
1356 508 187 67 Barry
1605 510 212 66 [pseud.]
1896 509 253 54 London.

158 586 184 53 Hnrst
370 587 44 50 &
443 584 280 68 Blackett,
750 584 103 54 ltd.
889 586 172 67 [1935]

225 656 85 41 287
340 667 44 38 p.
442 656 58 40 19½
530 658 44 22 cm
579 687 9 9 .

155 727 1993 52 © 1c. Oct. 39, 1935 : A ad int. 20647; pubd. Aug. 23; Charles Bryson.
224 788 209 39 London.
505 787 278 47 (35-35687)

156 896 342 55 California.
572 899 183 63 Laws,
783 903 255 57 statutes,
1066 903 99 46 etc.

224 975 121 52 The
379 974 152 54 Civil
568 974 132 54 code
737 973 64 54 of
837 974 92 51 the
963 978 145 48 state
1142 973 65 53 of
1240 971 342 68 California,
1618 975 292 65 approved
1946 972 200 55 March

153 1055 83 64 21,
266 1051 151 66 1872,
443 1052 140 52 with
611 1051 386 54 amendments
1024 1070 76 48 up
1128 1057 58 47 to
1214 1051 94 52 the
1336 1051 107 52 end
1471 1050 64 52 of
1562 1050 94 53 the
1682 1050 229 69 regular
1936 1052 210 53 session

153 1130 63 52 of
239 1130 95 52 the
360 1128 286 68 fifty-first
667 1126 374 71 Legislature,
1070 1132 133 49 1935
1220 1147 11 48 ;
1261 1128 298 69 including
1585 1127 318 70 legislative
1928 1127 219 68 history

151 1208 64 51 of
237 1208 134 53 code
394 1208 256 65 sections,
676 1206 379 68 annotations,
1079 1207 266 66 reported
1369 1225 168 47 cases,
1562 1206 283 68 citations,
1872 1206 274 69 Supreme

153 1287 111 51 and
298 1285 308 67 Appellate
642 1290 160 47 court
837 1283 293 68 decisions,
1165 1284 307 68 appendix,
1509 1284 314 68 Corporate
1859 1286 287 53 securities

152 1370 89 47 act
286 1382 59 35 as
390 1362 273 55 amended
707 1368 58 46 to
809 1363 145 51 date.
1032 1360 116 56 San
1191 1362 322 67 Francisco,
1555 1363 71 54 A.
1731 1405 10 10 V.
1786 1362 154 54 Lake
1979 1366 46 49 &
2066 1382 79 34 co.

155 1475 12 33 [
173 1449 18 21 c
196 1445 152 63 1935]

220 1512 925 51 2 p. l., vii-xii p., 1 l., 874 p. 19 cm .
222 1572 72 41 On
319 1581 166 30 cover:
515 1569 273 41 California
817 1569 122 41 Civil
966 1569 129 48 code,
1122 1568 127 41 1935.

149 1638 1995 51 © Aug. 27, 1935; 1c. Nov. 6: 1c. Nov. 23; aff. N ov. 4: A 88344 : A. Y.
217 1698 130 39 Lake
374 1698 36 39 &
438 1707 66 30 co.
569 1695 279 50 [Copyright
877 1695 40 40 is
946 1695 205 40 claimed
1179 1706 59 28 on
1268 1706 103 28 new
1401 1697 241 48 material]

227 1754 280 48 (35-31933)

219 1870 122 52 The
376 1870 152 54 Code
564 1869 64 53 of
661 1869 134 53 civil
828 1869 311 67 procedure
1170 1868 65 52 of
1261 1869 96 53 the
1392 1872 146 50 state
1571 1868 64 53 of
1671 1866 342 72 California,
148 1889 1969 127 approved
401 1947 201 53 March
649 1952 82 61 11,
775 1946 151 68 1872,
966 1946 140 52 with
1149 1947 387 53 amendments
1578 1965 78 49 up
1696 1951 58 49 to
1796 1948 96 54 the
1933 1951 108 52 end
2079 1948 64 53 of

148 2027 93 53 the
263 2027 229 67 regular
513 2025 209 53 session
745 2024 65 53 of
828 2025 94 52 the
943 2023 288 69 fifty-first
1254 2022 375 71 Legislature,
1656 2027 131 50 1935
1805 2043 12 49 ;
1845 2024 298 68 including

147 2104 317 68 legislative
488 2103 220 67 history
736 2102 63 53 of
825 2103 133 53 code
986 2101 257 69 sections,
1273 2101 379 69 annotations,
1680 2105 266 66 reported
1975 2120 167 37 cases,

147 2182 282 65 citations,
474 2179 273 69 Supreme
792 2182 111 51 and
946 2179 309 68 Appellate
1294 2188 159 46 court
1496 2179 293 69 decisions,
1833 2183 308 66 appendix,

146 2257 1852 70 moratory laws. San Francisco. A Y. Lake & co. [ c 1935]
215 2331 891 52 2 p. l. , vii-x p., 1 l., 716 p. 19 cm .
217 2390 71 41 On
315 2399 140 30 cover
473 2399 9 29 :
511 2387 272 41 California
810 2387 125 41 Code
960 2387 53 41 of
1038 2386 112 41 civil
1175 2387 278 49 procedure,
1478 2387 128 41 1935.

217 2443 1872 43 With this is bound: The Probate code of the state of California …
149 2503 96 40 San
275 2501 258 40 Francisco
568 2500 142 50 [1935]

145 2567 1994 52 © Sept. 5, 1935 ; 1c. Nov. 6 : 1c. Nov. 23 ; aff. Nov. 4 : A 88343 ; A. V. Lake
212 2628 36 40 &
271 2639 66 29 co.
401 2627 279 49 [Copyright
703 2629 41 38 is
770 2627 202 40 claimed
998 2638 60 29 on
1083 2638 105 28 new
1214 2628 241 48 material]
1528 2627 280 49 (35-31935)

215 2744 119 52 The
374 2744 179 52 Penal
592 2744 136 53 code
765 2743 64 52 of
866 2744 93 52 the
996 2749 144 49 state
1180 2743 63 51 of
1282 2742 343 69 California,
1665 2746 290 65 approved
145 2745 1968 143 February
352 2825 80 63 14,
464 2821 151 67 1872,
647 2820 139 53 with
815 2821 386 54 amendments
1233 2840 77 48 up
1342 2826 57 48 to
1429 2822 95 52 the
1553 2822 107 53 end
1692 2820 64 53 of
1784 2821 95 52 the
1910 2821 227 69 regular

142 2900 207 51 session
377 2899 64 52 of
467 2899 97 52 the
590 2897 286 70 fifty-first
898 2897 375 70 Legislature,
1303 2902 161 64 1935;
1493 2898 299 69 including
1817 2898 319 71 legislative

143 2975 219 69 history
392 2976 63 53 of
488 2978 133 51 code
654 2976 257 68 sections,
945 2978 379 66 annotations,
1356 2978 265 67 reported
1653 2996 168 48 cases,
1854 2976 281 68 citations,

145 3051 271 70 Supreme
441 3056 112 51 and
578 3054 308 67 Appellate
912 3060 159 47 court
1096 3052 275 56 decisions
1398 3056 111 52 and
1536 3075 71 32 an
1633 3052 288 70 appendix
143 3071 1968 128 covering
267 3133 213 51 certain
509 3133 167 65 penal
703 3136 237 49 statutes
965 3139 100 46 not
1088 3133 398 67 incorporated
1513 3132 58 53 in
1600 3134 178 52 Penal
1804 3134 150 53 code.
2018 3134 115 54 San

143 3208 319 68 Francisco,
486 3209 71 52 A.
584 3210 70 52 Y.
680 3210 154 53 Lake
858 3212 45 50 &
926 3228 80 35 co.
1039 3242 12 35 [
1056 3217 19 21 c
1080 3213 151 64 1935]

211 3282 29 39 2
263 3293 43 37 p.
367 3314 8 16 l.,
400 3282 164 47 vii-xi,
594 3283 70 48 [3],
693 3284 85 39 715
806 3294 41 37 p.
908 3283 56 40 19
966 3286 42 21 cm
1014 3315 7 7 .

214 3337 71 40 On
311 3348 140 30 cover
469 3350 8 28 :
509 3338 271 41 California
809 3340 147 39 Penal
984 3340 127 47 code,
1139 3339 126 41 1935.

143 3401 1989 56 © Aug. 30, 1935; 1c. Nov. 6 : 3c. Nov. 23: aff. Nov. 4; A 88342; A. V.
210 3464 131 41 Lake
366 3466 36 39 &
430 3475 66 30 co.
561 3466 281 48 [Copyright
869 3466 43 39 is
938 3466 203 40 claimed
1171 3478 62 30 on
1259 3478 105 28 new
1395 3467 240 49 material]

218 3520 277 50 (35-31934)

144 3634 310 68 Carranza,
486 3640 267 53 Gustavo
782 3641 292 65 Eduardo,
1108 3643 172 54 1897-

211 3715 1919 75 Literary works [by] Gustavo Carranza … [v.] 1. A house
143 3791 1912 75 of prophets. Los Angeles, Cram, Nicklejohn & co. [ c 1935]
210 3864 866 51 4 p. l. , xi-xxxviii, 437 p. 21½ cm .
141 3926 51 53 ©
223 3933 115 48 July
365 3935 70 46 23,
467 3936 140 48 1935;
640 3937 65 40 2c.
739 3938 96 40 and
867 3939 81 39 aff.
982 3939 101 40 Oct.
1118 3941 50 39 7:
1205 3942 37 36 A
1277 3941 170 41 89045:
1483 3942 159 48 Cram,
1675 3942 292 47 Nicklejohn
1998 3941 36 40 &
2066 3952 66 29 co.

216 3989 277 51 (35-33959)
