2424 4375
1263 4054 134 53 1070

330 507 1987 67 Stanley … and autographed letters from Sir Herbert Austin
392 584 1764 67 … the Rt. Hon. the Earl of Cottenham, Lt.-Col. Charles
333 588 1961 143 Jarrott … [and others] London, G. T. Foulis & co., ltd. [1935]
398 735 102 49 xiii,
532 735 70 50 [1],
628 734 88 41 436
739 745 44 38 p.
842 734 162 49 front.,
1033 736 170 47 plates,
1230 737 162 46 ports.,
1420 735 215 43 facsims.
1694 736 57 41 25½
1783 739 43 21 cm
1832 768 8 9 .

400 794 287 39 Illustrated
716 792 361 49 lining-papers.

331 860 1988 53 © 1c. June 3, 1935; A ad int. 20375; pubd. May 8; M. Grahame-White,
402 922 211 39 London.
683 920 278 49 (35-12037)

330 1024 176 64 Gray,
535 1024 254 55 William
817 1026 184 61 Scott,
1032 1030 169 50 1885-

398 1101 173 53 What
623 1100 189 54 makes
863 1119 30 34 a
943 1100 148 54 book
1139 1100 282 69 readable,
1473 1101 140 53 with
1664 1100 209 69 special
1925 1100 286 53 reference
2261 1105 59 48 to

327 1178 187 53 adults
542 1178 63 53 of
634 1178 222 53 limited
883 1178 242 70 reading
1154 1178 233 69 ability;
1419 1197 71 34 an
1520 1178 190 53 initial
1742 1179 187 68 study,
1957 1179 75 69 by
2059 1177 259 54 William

328 1254 1964 148 S. Gray … and Bernice E. Leary … Chicago, Ill., The University of Chicago press [1935]
400 1407 134 43 xviii,
573 1407 55 40 358
694 1416 43 38 p.
775 1407 107 40 inch
921 1407 194 48 diagrs.,
1152 1406 166 43 forms.
1388 1407 155 41 tables
1572 1407 45 48 (1
1661 1407 196 46 double)
1935 1406 55 41 23½
2022 1409 16 21 cm
2071 1440 7 7 .
332 1407 1990 96 (Half-title:
488 1464 100 40 The
617 1464 280 47 University
926 1464 52 39 of
1004 1462 210 49 Chicago
1242 1463 186 41 studies
1458 1465 47 38 in
1537 1463 183 48 library
1751 1463 207 48 science)

403 1519 117 40 This
551 1520 186 40 volume
767 1521 187 47 reports
984 1521 48 38 in
1060 1522 111 46 part
1200 1521 81 40 the
1310 1520 177 41 results
1517 1520 51 40 of
1596 1531 62 29 an
1688 1520 193 49 inquiry
1910 1520 101 41 into
2040 1522 81 39 the
2148 1522 173 39 nature

330 1577 51 37 of
408 1578 137 39 adult
577 1576 200 48 reading
803 1577 251 40 materials
1083 1578 139 41 made
1251 1577 60 48 by
1343 1578 81 39 the
1453 1576 135 41 Joint
1620 1578 273 40 committee
1921 1588 59 29 on
2011 1578 80 40 the
2126 1576 197 48 reading

333 1632 226 40 interests
583 1634 94 38 and
704 1632 163 41 habits
889 1634 52 38 of
965 1634 163 39 adults.
1203 1634 61 44 cf.
1289 1633 128 40 Pref.

401 1688 280 41 “Predicted
708 1689 230 46 difficulty
962 1690 51 39 of
1036 1688 87 41 350
1146 1689 176 40 books”:
1380 1699 40 37 p.
1448 1688 215 41 339-350.
1721 1689 302 41 “Textbooks
2050 1690 48 39 in
2124 1690 200 47 reading

331 1745 115 39 used
475 1745 44 39 in
552 1745 80 40 the
658 1745 373 47 interpretation
1059 1745 53 41 of
1138 1756 141 30 areas
1306 1746 52 38 of
1382 1745 233 49 difficulty
1648 1748 304 46 represented
1981 1746 60 48 by
2070 1745 86 42 350
2184 1746 138 41 adult

331 1799 173 43 hooks”:
562 1812 41 38 p.
632 1801 217 43 351-352.

335 1869 52 52 ©
417 1875 112 45 May
558 1873 68 47 20,
656 1873 140 47 1935;
827 1873 66 41 2c.
924 1875 95 38 and
1049 1872 81 42 aff.
1163 1875 125 39 June
1319 1875 80 45 14;
1432 1875 40 38 A
1503 1874 169 47 84256;
1705 1875 282 48 University
2018 1876 53 40 of
2100 1875 222 46 Chicago,

404 1930 222 47 Chicago.
701 1930 278 48 (35-27192)

337 2032 286 64 Griffiths,
654 2034 171 54 Alan.

410 2109 245 66 Strange
691 2129 150 35 news
881 2111 148 53 from
1071 2111 230 62 heaven,
1338 2112 74 65 by
1452 2113 145 51 Alan
1640 2111 283 55 Griffiths:
1968 2111 132 52 with
338 2113 1960 141 drawings
515 2188 72 68 by
641 2188 249 54 Herbert
943 2190 192 52 Roese.
1211 2189 227 55 Garden
1497 2189 151 67 City,
1705 2191 65 51 N.
1888 2233 8 9 Y.,
1974 2190 347 66 Doubleday,

337 2268 189 50 Doran
561 2271 43 49 &
635 2285 294 49 company,
961 2269 124 55 inc.,
1120 2272 145 48 1935.

406 2340 25 37 3
459 2349 40 36 p.
526 2339 43 43 h,
596 2339 106 39 v-vi
729 2347 56 38 p.,
813 2339 25 39 2
884 2368 22 18 l.,
931 2339 87 41 306
1043 2351 42 37 p.
1112 2339 107 41 inch
1250 2339 159 43 front.,
1436 2339 126 40 illus.
1624 2340 115 40 20cm.

409 2397 159 39 “First
602 2395 224 41 edition.”

341 2462 52 53 ©
416 2467 115 47 July
554 2465 68 48 19,
649 2465 140 48 1935;
819 2467 64 39 2c.
911 2468 94 38 and
1032 2467 80 39 aff.
1140 2467 119 47 Aug.
1287 2467 82 47 15;
1398 2468 40 37 A
1465 2467 170 47 85514;
1666 2467 297 47 Doubleday,
1991 2467 164 38 Doran
2184 2465 36 40 &
2244 2474 82 38 co.,

409 2523 87 40 inc.
569 2523 278 48 (35-12783)

340 2627 255 65 Guyton,
623 2628 169 52 Pearl
819 2628 232 55 Vivian.

405 2703 122 52 The
550 2702 219 67 history
798 2701 63 54 of
884 2701 376 70 Mississippi;
1289 2702 150 51 from
1468 2700 209 55 Indian
1703 2702 164 53 times
1894 2710 58 45 to
1980 2701 94 52 the
2101 2707 226 60 present

337 2776 1988 71 day, by Pearl Vivian Guyton … Syracuse, N. Y., New York
342 2864 137 60 [etc.]
514 2856 259 67 Iroquois
800 2855 333 69 publishing
1159 2874 293 49 company,
1480 2856 104 52 inc.
1620 2888 14 34 [
1638 2862 19 22 c
1662 2857 132 50 1935]

407 2928 103 44 xiii,
542 2928 70 48 [1],
641 2927 85 40 362
751 2939 43 37 p.
823 2928 107 39 inch
957 2927 163 48 front.,
1151 2928 139 46 illus.,
1321 2937 148 37 maps.
1531 2927 56 40 19½
1618 2930 15 21 cm
1667 2959 8 9 .

409 2985 346 46 Bibliography
787 2986 52 39 at
871 2985 91 39 end
994 2984 51 39 of
1077 2985 118 39 each
1228 2985 200 47 chapter
1460 2986 169 45 except
1661 2985 201 46 chapter
1895 2984 66 40 18.

410 3042 138 47 Maps
581 3051 59 29 on
672 3040 361 48 lining-papers.

342 3110 52 53 ©
416 3115 115 40 July
553 3115 67 41 17,
645 3113 112 41 1935;
809 3114 64 39 2c.
898 3113 115 48 July
1036 3112 55 41 27;
1144 3112 79 41 aff.
1251 3113 114 46 July
1388 3111 55 40 25;
1496 3113 40 38 A
1559 3111 142 41 85230;
1755 3112 220 47 Iroquois
2000 3112 107 48 pub.
2132 3121 80 33 co.,
2235 3112 89 38 inc.

424 3170 278 48 (35-12178)

342 3274 166 63 Hale,
535 3274 202 63 Agnes
762 3274 215 54 Burke.

418 3350 76 54 So
523 3351 148 65 wise,
700 3369 59 36 so
787 3368 208 49 young,
1022 3350 75 66 by
1126 3351 192 65 Agnes
1349 3350 191 52 Burke
1571 3350 164 51 Hale.
1799 3350 137 52 New
1967 3348 178 64 York,
343 3349 1955 131 Minton.
490 3428 179 53 Balch
700 3430 44 49 &
773 3445 276 48 company
1086 3461 11 32 [
1104 3434 16 21 c
1127 3430 149 62 1935]

411 3501 25 40 3
464 3512 41 36 p.
571 3532 7 10 l.,
605 3499 147 41 3-279
774 3511 42 36 p.
872 3499 53 40 19½
959 3502 43 21 cm
1008 3532 7 7 .

346 3566 52 53 ©
425 3571 119 47 Aug.
569 3571 38 45 3,
638 3568 139 48 1935;
807 3570 67 39 2c.
899 3570 120 47 Aug.
1048 3570 51 45 7;
1132 3568 82 41 aff.
1244 3569 118 46 Aug.
1391 3568 52 46 6;
1474 3569 42 38 A
1541 3568 168 46 85418;
1742 3568 52 38 A.
1825 3569 54 38 B.
1909 3567 137 47 Hale,
2077 3566 247 48 Portland,

415 3628 87 39 Me.

346 3728 170 63 Hart,
546 3727 252 54 William
828 3728 238 63 Surrey,
1098 3729 170 53 1874-

412 3806 119 49 The
556 3806 108 50 law
692 3824 71 32 on
788 3805 307 51 horseback
1120 3807 111 49 and
1259 3804 160 51 other
1444 3801 214 58 stories,
1684 3804 73 64 by
1784 3802 255 52 William
2070 3802 54 52 S.
2151 3802 168 50 Hart.

345 3882 108 52 Los
484 3882 263 66 Angeles,
779 3880 192 62 Calif.,
1003 3882 119 51 The
1155 3879 422 54 Times-mirror
1610 3897 154 48 press
1800 3912 12 33 [
1817 3885 17 20 c
1841 3883 149 61 1935]

414 3952 149 48 iii-xi,
593 3953 83 39 223
703 3963 43 37 p.
806 3953 83 39 col.
919 3953 162 47 front.,
1111 3953 168 47 plates,
1309 3954 120 44 port.
1489 3951 56 39 20½
1576 3953 44 21 cm
1626 3983 8 9 .
