1558 2641
729 2460 79 30 1353

173 283 113 41 Allen,
303 283 151 35 Winnie.

216 329 209 43 Pioneering
448 329 39 33 in
515 329 128 40 Texas;
672 331 76 30 true
776 328 120 33 stories
924 327 38 33 of
991 328 55 32 the
1076 328 94 42 early
1198 328 95 42 days,
1321 325 47 44 by

174 374 1194 43 Winnie Allen … and Corrie Walker Allen … illustrated by
175 420 1193 41 Pauline Batchelder Adams … Dallas, Tex., The Southern
174 468 524 46 publishing company [ c 1935]
215 512 398 30 3 p. l., 286 p. illus. 19½cm.
215 555 173 24 Illustrated
410 555 216 29 lining-papers.

217 588 94 26 Music
321 595 5 18 :
343 595 27 23 p.
386 589 41 25 47.

220 621 1148 31 “Stories adapted from original sources by Catherine Wharton … and
175 657 84 30 Mary
276 658 92 24 Grace
384 656 83 25 Muse
483 656 137 25 Adkins.”

178 698 32 32 ©
228 701 76 29 Sept.
322 701 42 29 13,
381 701 85 28 1935;
484 701 42 24 2c.
543 701 58 24 and
618 700 49 25 aff.
687 701 76 29 Sept.
782 700 49 29 23;
852 701 26 24 A
892 700 101 29 87140;
1014 701 146 24 Southern
1177 702 66 28 puh.
1261 709 41 17 co.

224 733 169 30 (35-17644)

176 795 109 41 Asch,
302 795 154 41 Shalom,
474 797 103 31 1880-

219 844 143 40 Mottke,
377 844 59 32 the
451 844 100 40 thief,
566 845 44 39 by
629 844 136 33 Sliolem
783 843 91 32 Asch;
910 844 188 32 translated
1116 845 44 39 by
1177 843 106 34 Willa
1302 844 67 31 and

177 890 125 32 Edwin
321 890 107 33 Muir.
472 892 82 31 New
576 892 106 32 York.
702 891 42 34 G.
767 892 38 31 P.
829 891 176 32 Putnam’s
1027 902 86 29 sons,
1136 894 88 29 1935.

219 935 282 30 4 p. l., 314 p. 21cm.
217 979 158 25 Published
391 979 30 24 in
437 979 70 25 1917
523 980 93 24 under
632 979 64 24 title
707 985 5 18 :
731 979 114 24 Mottke
861 980 51 23 the
926 979 161 29 vagabond.

175 1017 35 32 ©
229 1020 60 24 Oct.
309 1020 25 29 4,
355 1021 66 23 1935;
458 1020 41 24 2c.
519 1020 61 24 Oct.
601 1020 32 24 16;
671 1020 47 24 aff.
739 1020 61 24 Oct.
820 1020 33 24 21;
893 1020 24 24 A
937 1020 85 25 87879;
1061 1020 114 25 Sholem
1196 1020 86 29 Asch,
1299 1020 71 25 Nice

219 1053 117 24 France.
378 1052 168 30 (35-19670)

175 1114 107 40 Bays,
298 1114 126 34 Alfred
441 1114 164 40 William,
623 1114 101 33 1876-

277 1160 1091 43 … Bailment, shipment and sale of personal property, with
175 1209 171 41 questions
362 1208 68 32 and
449 1208 179 41 problems.
669 1208 86 32 Text
774 1208 39 32 of
830 1208 167 33 Uniform
1016 1208 85 32 sales
1120 1210 65 40 act,
1204 1207 165 34 Uniform

175 1254 210 32 conditional
414 1254 85 32 sales
528 1257 54 30 act
611 1254 68 32 and
708 1253 168 33 Uniform
905 1253 78 33 bills
1012 1254 39 32 of
1080 1254 121 42 lading
1231 1257 64 39 act,
1324 1252 46 44 by

174 1300 1180 89 Alfred W. Bays … 3d ed. … Chicago, Callaghan and company, 1935.
216 1392 40 29 xi,
275 1392 52 25 225
343 1398 27 23 p.
406 1391 34 25 19cm.
517 1391 70 31 (His
606 1391 154 25 American
778 1392 183 24 commercial
980 1391 58 25 law
1057 1391 98 30 series,
1174 1391 76 25 book
1305 1392 9 28 IV)

218 1425 155 26 “National
388 1426 138 24 textbook
541 1426 117 24 series.”

218 1457 45 26 On
275 1465 85 18 cover
370 1465 5 18 :
391 1458 190 25 Commercial
596 1460 65 25 law.
692 1459 90 24 Third
798 1459 110 24 edition.
948 1460 55 23 vol.
1018 1459 24 24 2.

219 1493 1100 30 With this is bound the author’s … Law of negotiable instruments …
175 1526 402 31 3d ed. … Chicago, 1935.
177 1567 32 32 ©
225 1570 77 29 Sept.
317 1570 43 29 30,
375 1569 70 25 1935;
477 1570 40 24 2c.
533 1570 61 24 Oct.
611 1570 16 24 3;
661 1570 49 24 aff.
727 1570 61 24 Oct.
804 1571 16 23 4;
856 1570 24 24 A
895 1570 86 25 87434;
1014 1570 162 29 Callaghan
1192 1570 22 25 &
1230 1578 40 17 co.

225 1604 169 28 (35-17782)

178 1664 1190 92 … The general law of contracts, with questions and problems, by Alfred W. Bays … 3d ed. … Chicago, Callaghan
174 1760 68 32 and
257 1771 180 30 company,
454 1761 90 31 1935.

221 1803 58 29 xvi,
295 1803 51 24 241
362 1809 26 23 p.
421 1802 34 25 19cm.
530 1803 69 30 (His
614 1803 154 24 American
785 1803 181 25 commercial
984 1803 57 25 law
1058 1803 90 24 series.
1189 1803 73 24 book
1310 1804 8 24 II)

219 1837 156 24 “National
393 1837 137 24 textbook
547 1837 118 25 series.”

219 1870 44 24 On
277 1877 84 17 cover
371 1877 6 18 :
392 1870 193 25 Commercial
599 1870 64 24 law.
696 1871 90 23 Third
804 1871 109 23 edition.
956 1879 53 16 vol.
1028 1874 21 21 1.

222 1902 924 30 With his … General survey … 3d ed. … Chicago, 1935.
177 1942 32 31 ©
227 1945 76 29 Sept.
319 1945 42 29 21,
378 1945 83 28 1935;
478 1946 40 23 2c.
535 1945 58 24 and
609 1945 50 24 aff.
677 1946 77 28 Sept.
771 1945 49 28 27;
838 1946 23 23 A
878 1945 101 28 86493;
999 1945 162 29 Callaghan
1177 1946 22 24 &
1216 1954 40 16 co.

223 1978 168 30 (35-17623)

276 2040 1091 42 … General survey, with questions and problems, by Alfred
175 2087 1194 42 W. Bays … 3d ed. … Chicago, Callaghan and company,
176 2138 89 31 1935.

240 2195 7 11 x,
260 2176 35 25 73
307 2182 26 23 p.
365 2176 93 28 diagr.
490 2175 35 24 19cm.
597 2174 69 31 (His
681 2175 153 25 American
849 2176 183 24 commercial
1048 2177 57 23 law
1118 2175 91 25 series.
1251 2176 73 24 book
1359 2180 7 25 I)

217 2211 154 24 “National
391 2211 137 25 textbook
545 2211 99 24 series.”

219 2245 45 24 On
277 2251 85 18 cover
373 2252 6 17 :
395 2243 187 25 Commercial
598 2244 65 23 law.
695 2242 92 25 Third
801 2243 111 24 edition.
953 2247 54 22 voi.
1023 2246 24 23 1.

220 2277 1102 30 With this are bound the author’s … The general law of contracts …
176 2312 1195 34 3d ed. … Chicago, 1935 and … The law of agency … 3d ed. … Chicago,
176 2349 77 25 1935.

176 2390 33 32 ©
226 2391 75 29 Sept.
318 2391 43 26 21,
378 2388 82 28 1935;
478 2389 41 23 2c.
535 2388 58 24 and
608 2388 49 24 aff.
676 2388 76 29 Sept.
769 2388 34 24 27;
837 2389 25 23 A
879 2387 102 30 86493;
999 2388 165 31 Callaghan
1178 2388 24 26 &
1217 2395 40 19 co.

221 2424 169 30 (35-17622)
