2568 4342
1171 4067 67 55 75

262 527 1430 52 xii p., 1 l., [2], 588 p. illus., col. plates, diagrs. 26 cm .
262 585 234 42 Contains
523 585 402 49 bibliographical
951 585 278 40 foot-notes.

195 639 1909 52 © July 29, 1934; 1c. Feb. 1, 1935; A-Foreign 26800; Masson & cie.
190 760 331 66 Rosbloom,
549 759 211 64 Julius,
790 761 173 55 1877-

266 838 191 53 Diesel
490 837 156 52 hand
677 836 163 66 book,
876 855 31 34 a
943 836 275 66 practical
1253 835 148 54 book
1437 835 62 53 of
1532 834 342 55 instruction
1908 834 93 52 for
196 834 1971 134 engineers

379 913 113 53 and
517 914 254 54 students
796 932 73 36 on
892 914 235 54 modern
1150 912 189 54 Diesel
1366 913 384 67 engineering,
1775 911 156 69 land,
1955 913 237 68 marine,

194 989 1997 69 locomotive, aero automotive and portable installations … 2d
194 1067 1976 149 ed. … By Julius Rosbloom … Jersey City, N. J., Diesel engineering
522 1147 262 55 institute
825 1181 13 34 [
843 1154 18 21 c
865 1150 133 49 1935
1005 1181 13 34 ]

267 1218 83 41 543
380 1230 43 37 p.
484 1220 87 39 col.
600 1219 163 48 front.,
795 1220 143 48 illus.,
967 1220 86 40 col.
1082 1230 77 37 pl.,
1191 1220 179 48 diagrs.
1430 1220 56 40 17½
1518 1222 44 22 cm
1568 1253 8 7 .

196 1276 53 51 ©
275 1281 108 38 Jan.
411 1279 69 48 23,
508 1278 113 41 1935;
676 1279 67 40 2c.
770 1280 109 39 Jan.
907 1279 83 47 25;
1020 1278 80 41 aff.
1130 1280 108 39 Jan.
1266 1278 84 48 24;
1381 1279 42 39 A
1446 1278 145 42 80217;
1648 1280 43 40 J.
1719 1280 272 48 Rosbloom,
2021 1281 173 47 Jersey

264 1337 124 48 City,
415 1337 56 39 N.
501 1337 43 40 J.
616 1335 250 50 (35-1883)

194 1425 320 65 Rustgard,
543 1425 173 64 John,
748 1430 172 50 1890-

262 1503 123 53 The
421 1503 258 67 problem
715 1503 62 53 of
815 1507 273 63 poverty;
1129 1522 72 34 an
1240 1502 250 67 analysis
1527 1502 63 53 of
1628 1504 248 66 popular
1915 1502 113 53 and
197 1520 1971 127 prevailing

443 1579 549 68 politico-economic
1017 1580 253 67 policies,
1298 1581 77 65 by
1404 1580 157 54 John
1590 1579 314 67 Rustgard.
195 1579 1973 145 Minneapolis,
426 1656 204 68 Minn.,

665 1657 269 53 Midwest
965 1657 149 53 book
1148 1675 79 35 co.
1269 1690 13 34 [
1286 1664 18 21 c
1308 1660 154 63 1935]

263 1731 26 40 5
315 1740 45 39 p.
386 1730 44 47 l.,
456 1730 88 40 166
568 1740 45 39 p.
671 1728 57 42 20½
761 1731 44 22 cm
809 1760 10 11 .

198 1782 53 53 ©
281 1787 109 40 Jan.
421 1788 69 47 14,
519 1786 142 48 1935;
694 1786 66 40 2c.
792 1787 109 40 Jan.
933 1786 83 47 18;
1052 1785 81 41 aff.
1165 1786 109 40 Jan.
1306 1787 83 47 17;
1423 1787 42 39 A
1495 1785 170 48 79258;
1700 1787 42 39 J.
1776 1786 264 48 Rustgard,
264 1787 1913 105 Minneapolis.
566 1843 252 50 (35-1761)

193 1934 324 65 Scarsdale,
546 1934 75 55 N.
649 1934 70 53 Y.
795 1935 123 51 Fox
946 1934 265 53 Meadow
1240 1933 216 57 school.

266 2010 310 67 Willingly
624 2016 60 48 to
735 2011 220 66 school;
1011 2010 408 68 photography
1469 2012 77 65 by
1594 2011 265 54 Wendell
1909 2011 284 65 MacRae;

195 2090 262 51 material
489 2088 112 53 and
631 2092 387 62 commentary
1045 2089 77 65 by
1150 2090 95 51 the
1275 2088 191 54 school
1496 2087 136 54 staff;
1692 2089 291 65 produced
2012 2089 182 52 under

197 2165 95 54 the
324 2165 279 53 direction
635 2165 63 53 of
733 2165 193 55 Claire
955 2165 66 53 T.
1053 2166 180 65 Zyve;
1268 2164 142 54 with
1442 2184 35 34 a
1506 2164 288 55 foreword
1825 2165 77 67 by
1931 2165 265 55 William

195 2240 200 55 Heard
419 2241 352 68 Kilpatrick.
832 2242 142 53 New
1000 2242 181 67 York,
1204 2242 212 53 Round
1441 2242 154 53 table
1621 2260 154 49 press
1808 2275 14 35 [
1825 2248 20 21 c
1849 2245 153 64 1934]

265 2314 99 48 108,
405 2313 55 53 [2]
497 2326 44 37 p.
601 2314 128 41 illus.
788 2312 182 43 26×20½
1001 2315 44 22 cm
1049 2347 9 9 .

267 2370 288 42 Illustrated
589 2370 349 50 lining-papers
972 2371 121 40 with
1129 2370 158 41 “Staff
1319 2371 53 41 of
1403 2371 84 41 the
1520 2372 102 40 Fox
1653 2370 221 42 Meadow
1907 2373 192 40 school”
2135 2385 60 29 on

196 2439 138 30 verso
364 2428 51 42 of
443 2428 138 41 front
609 2428 337 49 lining-paper.

266 2485 41 38 A
338 2484 295 49 description
665 2484 51 41 of
746 2486 82 39 the
858 2484 246 41 activities
1134 2484 51 41 of
1215 2485 83 40 the
1328 2485 102 40 Fox
1462 2483 220 43 Meadow
1712 2486 177 47 school,
1923 2486 271 49 Scarsdale,

198 2541 55 42 N.
289 2542 67 48 Y.,
392 2540 252 51 including
676 2541 209 48 samples
919 2541 51 41 of
1002 2550 145 39 prose
1178 2541 97 40 and
1309 2543 172 47 poetry
1515 2542 199 41 written
1749 2543 61 47 by
1845 2544 83 40 the
1961 2544 234 48 children,

198 2601 95 38 and
324 2599 280 41 illustrated
634 2599 122 39 with
786 2608 146 37 many
961 2598 345 49 photographs.

266 2656 158 42 Music;
483 2668 44 37 p.
561 2655 98 40 106.

203 2710 55 52 ©
284 2715 108 39 Jan.
422 2714 68 47 15,
522 2711 140 48 1935;
693 2711 67 40 2c.
790 2711 97 40 and
915 2710 81 40 aff.
1028 2711 109 39 Jan.
1168 2711 82 47 18;
1281 2710 45 40 A
1354 2710 170 48 80268;
1559 2712 175 40 Round
1762 2714 133 41 table
1924 2724 151 37 press,
2106 2714 91 40 inc.

279 2770 251 49 (35-1774)

201 2860 164 54 Scott
393 2863 197 60 stamp
619 2860 115 52 and
762 2858 130 54 coin
918 2874 102 49 co.,
1088 2858 73 67 l'd.,
1187 2860 140 51 New
1358 2858 177 56 York.

268 2936 124 52 The
422 2935 276 69 specialty
730 2935 195 52 album
958 2933 95 53 for
1085 2933 226 52 French
1343 2934 245 53 colonies
1621 2934 62 52 in
1716 2933 213 54 Africa
1960 2939 238 64 postage

205 3020 244 63 stamps;
484 3015 257 52 contains
774 3032 195 49 spaces
1002 3012 94 53 for
1129 3017 236 63 postage
1395 3017 219 63 stamps
1645 3013 189 54 issued
1865 3013 78 68 by
1975 3014 226 53 French

206 3092 345 67 possessions
589 3092 63 52 in
690 3091 208 53 Africa
938 3088 173 56 listed
1151 3088 62 55 in
1253 3090 97 54 the
1395 3088 295 57 Standard
1731 3098 239 61 postage
2009 3097 189 62 stamp

207 3173 310 64 catalogue,
550 3171 136 50 1934
715 3168 232 53 edition.
1022 3169 140 52 New
1194 3168 181 67 York,
1408 3167 163 57 Scott
1600 3173 187 62 stamp
1818 3171 46 51 &
1895 3170 127 53 coin
203 3188 1975 128 company,
399 3248 123 66 ltd.,
549 3252 19 24 c
572 3249 150 51 1934.

273 3319 24 37 1
327 3329 43 29 V.
429 3319 129 39 illus.
616 3317 55 41 31
675 3320 45 21 cm
725 3349 8 8 .
804 3318 97 48 (On
931 3327 161 32 cover:
1122 3316 245 49 Specialty
1395 3317 175 49 series)

271 3374 72 41 On
368 3385 141 31 cover;
565 3375 189 39 French
781 3375 184 41 Africa.

270 3430 285 42 Loose-leaf.

207 3485 51 51 ©
292 3490 120 40 Mar.
447 3488 70 49 20,
549 3488 141 48 1934;
727 3489 66 40 2c.
831 3489 110 40 Jan.
975 3489 39 46 2,
1050 3487 141 48 1935;
1229 3488 80 41 aff.
1346 3490 112 39 Dec.
1492 3490 71 47 31,
1599 3489 141 48 1934;
1778 3491 42 39 A
1853 3491 171 46 78837;
2066 3490 135 41 Scott

274 3549 161 46 stamp
464 3547 36 40 &
529 3547 107 39 coin
667 3556 81 37 co.,
780 3547 84 39 ltd.
936 3545 252 48 (35-1527)

205 3633 262 67 Sinclair,
497 3637 199 62 Upton
723 3636 180 64 Beall,
931 3637 172 53 1878-

273 3710 51 68 I,
353 3711 302 53 candidate
685 3710 96 53 for
809 3729 281 51 governor;
1153 3712 113 52 and
1296 3712 129 52 how
1456 3712 34 52 I
1523 3718 100 63 got
1651 3711 207 69 licked,
1888 3714 78 68 by
1996 3713 202 67 Upton

209 3785 1983 73 Sinclair. New York, Farrar & Rinehart, incorporated [ c 1935]
277 3859 896 48 3 p. l., 3-215, ix p. illus. 20½ cm .
212 3912 1989 56 © Jan. 24, 1935; 2c. Jan. 26; aff. Jan. 25; A 80242; Upton Sinclair.
277 3974 204 48 Beverly
514 3975 144 47 Hills,
696 3975 144 40 Calif.
911 3975 251 50 (35-1798)
