2424 4375
1121 4067 131 49 1901

253 510 133 47 “Key
415 512 47 37 to
493 510 110 46 fifty
634 519 215 30 common
879 511 195 46 aquatic
1102 511 162 46 plants
1294 509 53 40 of
1375 509 273 48 Michigan”:
1710 520 43 37 p.
1785 508 216 41 293-314.

250 566 374 47 “Bibliography
656 566 94 39 and
783 564 268 41 references
1083 575 59 30 on
1177 565 265 40 waterfowl
1477 564 336 41 conservation
1845 566 94 39 and
1973 566 193 39 natural

181 622 213 48 history”:
453 633 43 38 p.
540 622 234 50 [315]-321.

183 692 52 53 ©
264 697 101 40 Oct.
394 695 68 45 29,
492 695 112 41 1935;
663 697 65 38 2c.
759 697 94 38 and
882 707 81 28 aff.
993 696 116 38 Nov.
1136 697 53 38 2:
1222 696 40 37 A
1290 694 170 47 88090·;
1495 695 148 39 Game
1672 694 222 48 division,
1925 692 244 50 Michigan

254 754 318 46 Department
600 752 51 40 of
681 752 348 47 conservation,
1060 751 225 48 Lansing,
1319 751 140 40 Mich.
1530 751 279 49 (35-28333)

184 854 264 56 Prévost,
496 854 257 52 Antoine
804 854 295 67 François,
1149 853 180 55 called
1375 853 248 53 Prévost
1673 852 277 66 d’Exiles,
2002 856 131 51 1697

254 932 148 53 1763.

250 1010 121 51 The
402 1013 119 48 story
596 1009 63 54 of
694 1009 213 52 Manon
938 1009 239 53 Lescaut
1211 1010 113 52 and
1358 1009 96 52 the
1490 1007 283 54 chevalier
1806 1008 97 52 des
1938 1008 235 66 Grieux,

182 1087 74 67 by
296 1087 95 54 the
432 1086 163 53 Abbé
635 1087 241 53 Prévost
917 1086 281 55 d’Exiles;
1243 1086 313 54 translated
1599 1085 152 53 from
1791 1086 95 53 the
1926 1085 247 69 original

182 1170 119 47 text
325 1166 64 51 of
418 1167 131 50 1731
573 1164 75 68 by
673 1164 183 52 Helen
882 1164 295 67 Waddell;
1207 1164 323 53 illustrated
1556 1164 74 67 by
1654 1162 198 55 Pierre
1879 1163 292 54 Brissaud.

182 1242 138 53 New
349 1242 178 67 York,
556 1242 121 53 The
702 1241 278 69 Heritage
1005 1260 171 50 press,
1209 1245 148 49 1935.

253 1315 1266 49 2 p. l. , ix-xi p., 1 l., 155 p. col. plates. 25½ cm .
185 1369 52 52 ©
265 1373 111 39 Dec.
407 1374 38 46 1,
475 1371 112 41 1935;
647 1372 65 40 2c.
743 1374 110 39 Dec.
882 1372 55 40 20;
998 1372 82 40 aft'.
1112 1374 107 38 Dec.
1252 1373 55 38 24;
1366 1373 41 38 A
1435 1371 143 41 90014;
1640 1371 235 49 Heritage
1903 1383 150 37 press,
2083 1372 91 41 inc.

257 1429 279 50 [Copyright
563 1429 43 40 is
639 1429 204 40 claimed
876 1440 60 30 on
969 1429 179 48 special
1181 1432 221 37 contents
1435 1429 250 48 including
1717 1429 332 40 illustrations
2079 1430 96 40 and

257 1486 319 49 decorations]
642 1486 190 48 (36-70)

188 1589 118 52 The
329 1589 255 53 Probate
611 1590 134 52 code
771 1589 61 52 of
859 1590 93 51 the
974 1593 147 48 state
1146 1589 62 52 of
1237 1589 342 66 California,
1608 1589 290 67 approved
1926 1591 140 63 May
2093 1594 82 55 11,

257 1664 1917 70 1931, in effect August 14, 1931 … with amendments up to
255 1743 95 52 the
385 1743 108 52 end
528 1742 63 54 of
625 1743 95 53 the
753 1745 227 66 regular
1013 1743 209 54 session
1257 1743 62 53 of
1353 1744 94 52 the
1480 1742 290 69 fifty-first
1802 1742 373 69 Legislature,

258 1823 151 64 1935,
444 1820 298 69 including
777 1839 148 35 cross
961 1820 284 54 reference
1280 1821 179 53 tables
1493 1828 57 46 to
1588 1820 213 54 former
1837 1820 239 54 sections
2113 1820 62 52 of

254 1898 96 52 the
384 1897 154 56 Civil
573 1898 134 52 code
740 1899 113 52 and
885 1897 155 56 Code
1071 1898 63 54 of
1169 1898 134 54 civil
1335 1898 309 69 procedure
1676 1898 248 69 relating
1956 1904 57 48 to
255 1917 1897 111 probate
411 1975 379 69 annotations,

815 1977 264 67 reported
1107 1994 166 49 cases,
1302 1976 281 68 citations,
1612 1976 274 69 Supreme
1916 1978 113 52 and
257 1978 1894 143 Appellate
503 2058 160 48 court
701 2053 291 69 decisions,
1029 2053 320 70 legislative

1386 2055 221 67 history
1647 2054 63 53 of
1748 2055 134 53 code
1920 2055 255 54 sections.

258 2129 118 56 San
402 2131 321 68 Francisco,
751 2132 71 52 A.
851 2132 66 52 Y.
946 2131 155 53 Lake
1128 2134 46 50 &
1200 2151 76 33 co.
1310 2135 171 64 [1935]

257 2202 1918 53 3 p. l. , v-vii, [1], 239 p. 19 cm . [With California. Laws, statutes, etc.
187 2258 1444 52 The Code of civil procedure … San Francisco, c 1935]
258 2315 71 42 On
357 2329 167 30 cover:
557 2315 271 44 California
858 2318 208 41 Probate
1094 2320 128 40 code.

193 2370 1986 54 © Sept. 5, 1935; 1c. Nov. 6; 1c. Nov. 23; aff. Nov. 4; A 88343; A. V.
261 2432 131 40 Lake
423 2432 36 39 &
490 2444 66 28 co.
622 2432 276 50 [Copyright
931 2433 41 40 is
1006 2432 204 41 claimed
1244 2444 58 29 on
1335 2444 106 29 new
1473 2436 194 46 matter]

271 2488 278 50 (35-35699)

190 2590 274 68 Proença,
493 2594 167 54 Raul.

321 2670 1857 66 … Portugal, Madère — îles Açores … Paris, Hachette, 1935.
262 2740 125 48 xeix,
428 2741 97 45 325,
569 2741 53 49 [1]
666 2752 40 37 p.
777 2752 134 37 maps
940 2741 136 49 (part
1114 2742 142 45 fold.)
1334 2743 54 39 16
1392 2745 42 20 cm
1441 2774 7 8 .
1529 2742 114 47 (Les
1684 2742 172 47 guides
1894 2743 133 39 bleus
2070 2753 111 31 sous

194 2797 45 40 la
267 2798 236 39 direction
531 2799 58 39 de
618 2799 174 38 Marcel
828 2798 332 46 Monmarché)

266 2854 93 40 “Ce
390 2855 142 46 guide
566 2866 25 29 a
627 2854 76 40 été
735 2854 403 49 principalement
1171 2854 163 48 rédigé
1367 2867 87 36 par

1490 2856 130 39 Raul
1651 2856 214 46 Proença
1958 2854 24 17 …”

195 2905 1875 54 © May 15, 1935; 1c. Sept. 7; A-Foreign 29248; Librairie Hachette.
193 3026 231 66 Proust,
453 3031 235 63 Marcel,
721 3031 321 52 1871-1922.

197 3107 1986 130 … Lettres a Walter Berry— comte et comtesse de Maugny—comte Y.
525 3184 273 54 d’Oneien
841 3185 66 52 de
950 3185 53 52 la
1047 3184 310 53 Bâtie—m.
1399 3184 196 53 Pierre
1637 3184 68 52 de
1749 3184 432 67 Chevilly—Sir

195 3260 195 67 Philip
456 3260 239 55 Sassoon
699 3263 351 66 —princesse
1113 3262 307 53 Bibesco—
1421 3262 147 53 mile.
1631 3263 210 51 Louisa
1901 3263 68 52 de
2029 3264 152 52 Mor-

195 3338 385 54 nand—mme.
610 3340 183 52 Laure
820 3341 503 65 Hayman—mme.
1354 3338 410 56 Scheikévitch.
1826 3340 183 56 Paris,
2037 3342 145 51 Plon

203 3446 12 33 [c
243 3417 129 50 1935
380 3449 11 33 ]

267 3487 1915 49 3 p. l., vi, 269 p., 1 l. 19c m . (Correspondance général de Marcel
201 3542 186 50 Proust,
415 3544 190 47 publiée
629 3556 87 37 par
746 3546 176 39 Robert
950 3546 178 39 Proust
1153 3549 46 36 et
1229 3546 121 39 Paul
1378 3546 175 39 Brach.
1609 3545 49 45 5)

201 3595 1786 54 © Jan 11, 3985: 1c. June 12; A- Foreign 28209; Librairie Plon.
199 3713 278 70 Rehfuss,
509 3719 221 52 Martin
765 3720 169 63 Emil,
970 3721 170 53 1887-

269 3794 118 50 The
418 3796 232 51 medical
687 3802 304 46 treatment
1021 3796 61 50 of
1113 3796 360 65 gallbladder
1501 3796 231 66 disease,
1761 3798 73 65 by
1864 3798 219 51 Martin
2114 3800 68 50 E.

202 3868 1981 73 Rehfuss … and Guy M. Nelson … Philadelphia, and London,
202 3944 86 54 W.
320 3950 64 49 B.
417 3947 285 55 Saunders
733 3966 292 48 company,
1056 3952 148 49 1935.
