2568 4342
1418 4074 29 44 66

399 470 314 66 Campbell,
742 471 100 53 Sir
869 469 287 65 Malcolm,
1188 474 171 49 1885-

527 543 1858 70 … Salute to the gods. New York, G. P. Putnam’s sons
401 626 192 64 [c1935]

471 695 153 49 255 p. 19½cm.
467 753 64 39 At
555 753 124 39 head
704 751 52 40 of
781 751 108 40 title
906 761 9 29 :
943 750 73 49 By
1037 749 225 41 Malcolm
1289 749 259 48 Campbell.

401 819 52 52 ©
486 825 108 39 Jan.
626 822 69 47 25,
728 821 139 48 1935;
903 821 67 41 2c.
1003 823 96 39 and
1133 821 80 39 aff.
1248 821 109 40 Feb.
1393 822 51 46 1;
1479 822 42 39 A
1553 821 169 47 79473;
1760 823 60 39 M.
1856 823 262 49 Campbell,
2153 824 236 47 Glasgow.

478 880 250 48 (35-1696)

400 983 266 65 Carfrae,
697 982 326 56 Elizabeth.

467 1059 165 69 Lady
658 1060 74 69 by
758 1059 298 70 marriage.
1129 1061 361 67 [Instalment
1519 1065 81 64 10]

503 1135 58 38 (In
587 1132 158 42 Home
771 1131 130 51 chat,
930 1131 114 44 Dec.
1072 1133 72 49 22,
1173 1131 143 50 1934)

403 1187 54 52 ©
485 1192 65 40 1c.
582 1192 108 39 Feb.
721 1192 69 47 11,
819 1190 113 41 1935;
992 1192 40 38 A
1061 1193 62 38 ad
1153 1191 86 40 int.
1268 1190 143 41 19944;
1468 1191 142 48 pubd.
1644 1192 110 40 Dec.
1787 1192 55 40 17;
1903 1192 254 41 Elizabeth
2187 1192 206 41 Carfrae

471 1248 231 48 Cradock,
733 1249 191 47 Hadley
951 1249 165 46 Wood,
1148 1248 193 47 Sussex,
1373 1249 235 47 England.

405 1348 394 68 Churchman,
828 1350 193 65 Philip
1050 1352 264 63 Hudson,
1345 1352 171 55 1874-

475 1425 1919 70 A first book in French [by] Philip H. Churchman … Leland
407 1503 1988 70 L. Atwood … [and] Arthur R. Racine … with illustrations by
406 1580 68 52 A.
514 1580 216 68 Gladys
767 1580 165 54 Peck.
1008 1581 136 53 New
1182 1580 177 70 York,
1392 1582 124 53 The
1547 1582 332 52 Macmillan
1915 1599 293 51 company,
2244 1584 149 53 1935.

473 1655 1394 49 xvi p., 2 l., 3-561 p. incl. front., illus., maps. 20½cm.
475 1712 155 40 Music
648 1723 8 29 :
687 1723 43 37 p.
759 1712 100 41 247.

409 1764 52 52 ©
491 1769 108 39 Jan.
628 1768 38 46 2,
696 1768 139 48 1935;
865 1768 53 41 2c
962 1770 95 39 and
1087 1768 81 41 aff.
1199 1770 108 39 Jan.
1334 1770 53 40 3:
1420 1769 42 39 A
1489 1769 169 47 78843;
1692 1770 280 39 Macmillan
2003 1780 67 30 co.

486 1825 249 49 (35-1612)

406 1927 234 65 Cronin,
668 1928 320 54 Archibald
1016 1928 239 65 Joseph.

475 2004 123 54 The
620 2011 145 47 stars
793 2006 131 53 look
949 2006 183 53 down.
1200 2007 361 66 [Instalment
1587 2010 31 47 2]

486 2079 82 47 (In
595 2075 317 43 Nash’s-Pall
941 2076 118 42 mall
1088 2076 276 52 magazine,
1393 2076 241 52 January,
1664 2077 143 49 1935)

409 2130 52 52 ©
496 2136 65 39 1c.
599 2135 108 40 Feb.
744 2136 69 47 14,
848 2136 139 47 1935;
1025 2137 41 38 A
1100 2138 61 39 ad
1197 2137 85 40 int.
1320 2136 169 47 19949;
1529 2137 140 48 pubd.
1707 2139 110 37 Dec.
1854 2136 68 48 18,
1960 2134 143 49 1934;
2142 2137 224 38 Internatl.

477 2192 252 48 magazine
752 2203 81 37 co.,
861 2193 105 47 inc.,
993 2194 116 39 New
1135 2194 142 39 York.

409 2292 302 67 Cumings,
742 2296 252 54 Edward
1021 2297 78 56 M.

484 2371 111 66 Fly
630 2371 228 69 fishing,
892 2373 75 67 by
1003 2373 255 54 Edward
1294 2373 80 53 M.
1415 2373 304 67 Cumings;
1759 2373 141 52 with
1936 2372 370 54 instructions
2343 2368 60 55 in

405 2447 77 68 fly
513 2448 168 69 tying
709 2450 75 66 by
817 2450 238 54 Francis
1091 2451 62 54 C.
1187 2451 201 54 Wood.
1469 2450 197 68 [Flint,
1699 2450 193 68 Mich.,
1925 2450 184 67 Perry
2143 2446 264 71 printing

413 2544 295 50 company,
739 2530 176 65 c1934]

483 2595 1181 52 5 p. l., 15-78 p. front., illus., plates. 20cm.
487 2653 145 40 Short
656 2654 335 48 bibliography
1017 2656 224 40 included
1265 2656 50 39 in
1340 2657 83 39 the
1446 2656 208 47 preface.

415 2708 52 52 ©
499 2713 110 40 Dec.
643 2714 69 46 24,
746 2712 115 42 1934;
919 2713 66 41 2c.
1022 2716 96 38 and
1151 2714 81 41 aff.
1269 2716 109 39 Jan.
1411 2714 69 41 16.
1514 2714 139 47 1935;
1690 2714 42 39 A
1764 2712 169 48 79203;
1973 2715 51 37 E.
2061 2714 60 38 M.
2158 2712 244 49 Cumings,

482 2769 146 48 Flint,
657 2769 141 41 Mich.
870 2771 250 48 (35-1546)

412 2868 188 67 Deitz,
628 2871 319 56 Archibald
977 2872 225 67 Edwin,
1233 2879 171 50 1869-

488 2948 326 68 Exploring
845 2950 97 53 the
976 2951 198 67 deeps:
1208 2950 216 54 studies
1457 2950 60 54 in
1550 2950 286 67 theology,
1870 2950 77 66 by
1979 2948 321 54 Archibald
2336 2948 66 52 E.

419 3025 1982 70 Deitz … New York [etc.] Fleming H. Revell company [c1935]
487 3094 84 38 121
602 3104 43 37 p.
704 3095 144 40 19½cm.

419 3149 52 52 ©
497 3154 107 39 Jan.
632 3154 38 47 5,
697 3154 112 41 1935;
865 3154 64 41 2c.
959 3157 95 38 and
1080 3156 80 40 aff.
1188 3157 108 39 Jan.
1323 3155 81 48 19;
1435 3157 43 38 A
1503 3156 168 47 80056;
1703 3154 221 49 Fleming
1947 3156 59 38 H.
2035 3155 167 39 Revell
2229 3164 66 30 co.

495 3210 248 49 (35-1735)

419 3313 273 63 Dormon,
724 3315 284 55 Caroline.

486 3387 158 53 Wild
682 3387 217 55 flowers
937 3390 64 52 of
1033 3391 325 53 Louisiana.
1432 3390 313 68 Including
1781 3395 147 47 most
1967 3389 64 53 of
2070 3389 98 52 the
418 3386 1959 131 herbaceous
616 3465 136 51 wild
791 3464 216 55 flowers
1047 3467 64 53 of
1147 3469 97 51 the
1280 3467 147 55 Gulf
1465 3473 188 63 states,
1691 3468 140 52 with
1868 3468 96 52 the
2004 3465 297 68 exception
2339 3463 64 54 of

420 3540 393 54 mountainous
842 3543 241 68 regions,
1112 3545 112 52 and
1255 3545 98 52 the
1378 3544 373 69 sub-tropical
1782 3543 256 69 portions
2071 3543 64 53 of
2165 3541 238 53 Florida

421 3618 111 51 and
573 3618 199 53 Texas.
851 3619 90 67 By
984 3619 268 54 Caroline
1289 3622 259 52 Dormon
1588 3622 141 52 with
1769 3620 379 53 illustrations
2190 3620 75 69 by
2308 3620 95 52 the

420 3694 219 51 author.
711 3693 232 55 Garden
979 3695 151 68 City,
1166 3697 67 52 N.
1272 3698 90 67 Y.,
1398 3697 355 71 Doubleday,
1790 3698 196 52 Doran
2024 3700 45 49 &
2108 3713 294 51 company,

422 3770 122 67 inc.,
574 3772 149 50 1934.

490 3841 1611 54 xviii p., 1 l., 172 p. illus., XXIV col. pl. (incl. front.) 24cm.
490 3897 161 41 “First
677 3898 226 40 edition.”

425 3950 52 52 ©
503 3957 109 38 Dec.
639 3956 39 45 1,
705 3955 112 41 1934;
872 3956 66 42 2c.
966 3958 94 39 and
1089 3955 79 42 aff.
1195 3959 110 39 Dec.
1333 3960 57 39 17;
1444 3960 40 38 A
1511 3960 145 40 78802;
1712 3962 47 39 G.
1789 3963 226 45 Dormon,
2044 3961 251 44 Chestnut,
2324 3960 81 38 La.

502 4012 248 49 (35-1782)
