2424 4375
1088 4107 134 49 2039

157 469 283 67 Scholtze,
475 470 318 55 Johannes.

289 543 1858 70 … Opernführer: oper, operette, ballett, schauspielmusik.
157 623 114 52 Mit
294 622 64 53 17
382 622 580 53 kunstdruck-tafeln.
1025 625 79 50 10.
1132 622 128 53 aufl.
1296 622 111 67 (44.
1430 622 86 53 bis
1541 624 81 51 50.
1648 620 266 69 tausend)

156 619 1966 150 Jubiläumsausgabe,
645 701 350 68 vollständig
1034 720 108 35 neu
1185 700 247 54 verfasst
1470 717 112 36 von
1623 698 321 70 Wolfgang
156 700 1967 148 Retslag.
330 778 256 69 Leipzig,
614 779 57 54 J.
699 779 242 67 Dörner,
970 782 148 50 1935.

226 852 70 49 48,
330 852 113 50 [495]
475 863 44 38 p.
577 852 165 48 front.,
772 856 149 45 ports.
979 853 115 40 21cm.

229 908 100 42 The
366 909 84 40 5th
486 908 197 50 edition,
723 909 127 48 1921,
889 910 96 40 and
1024 908 225 49 previous
1288 909 210 41 editions
1536 919 126 31 were
1700 908 255 49 published
1994 908 154 42 under

160 966 108 41 title:
340 966 360 49 Vollständiger
744 966 321 49 Opernführer
1108 967 153 40 durch
1302 966 79 42 die
1422 966 430 49 repertoireopern.
1924 966 101 41 The
2065 967 83 40 7th

159 1022 182 42 edition
369 1023 224 41 included
623 1026 219 46 operetta
870 1026 95 39 and
994 1024 150 41 ballet
1172 1024 78 41 for
1279 1024 82 41 the
1388 1023 108 42 first
1524 1023 142 48 time;
1700 1034 28 29 a
1759 1022 390 51 “Vollständiger

158 1080 450 47 operettenführer”
640 1081 96 39 had
766 1080 276 49 previously
1072 1081 116 41 been
1218 1080 254 49 published
1502 1079 289 50 separately.

231 1136 402 50 “Vergleichende
663 1138 209 41 tabeilen
902 1149 85 30 zur
1015 1139 275 51 geschichte
1319 1138 86 41 der
1435 1137 140 50 oper”:
1635 1148 45 39 p.
1708 1136 161 41 34-43.

164 1192 1806 52 © Aug. 29, 1935; 1c. Nov. 26; A-Foreign 29885; Justus Dörner verlag.
245 1252 249 48 (36-2621)

158 1341 188 54 South
383 1343 236 51 eastern
658 1342 200 67 digest.
933 1346 131 47 1935
1105 1343 224 51 annual.
1406 1342 285 67 Covering
1727 1344 250 50 volumes
2016 1340 135 53 176-

230 1422 98 49 180
357 1419 182 55 South
568 1425 219 47 eastern
814 1423 270 63 reporter,
1113 1419 139 53 with
1280 1418 313 54 references
1620 1424 56 48 to
1705 1418 446 68 corresponding

229 1496 1920 69 volumes of state reports as far as available … with tables
227 1573 1898 132 of statutes construed and cases digested … By the publisher’s
513 1650 264 53 editorial
841 1648 148 56 staff.
1068 1650 81 55 St.
1218 1651 164 66 Paul,
1446 1653 159 53 West
1670 1651 335 67 publishing
2071 1670 78 35 co.

274 1733 150 63 [c1935]

235 1802 87 40 550
346 1812 41 38 p.
444 1801 145 40 26½cm.

164 1856 52 52 ©
238 1860 118 39 Nov.
378 1857 70 49 25,
469 1857 118 41 1935;
635 1858 65 40 2c.
726 1859 111 39 Dec.
862 1857 57 40 16;
968 1857 81 40 aff.
1075 1858 110 39 Dec.
1210 1857 54 40 19;
1316 1858 41 38 A
1380 1855 143 43 89933;
1576 1858 134 39 West
1734 1858 109 47 pub.
1869 1868 67 30 co.

160 2004 294 54 Standard
490 2004 421 66 Pennsylvania
945 2005 275 66 practice;
1257 2021 31 34 a
1322 2004 276 66 complete
1628 2010 304 47 statement
1962 2005 63 51 of
2057 2004 95 52 the

230 2081 246 68 practice
499 2082 60 52 in
582 2081 134 54 civil
739 2100 148 36 cases
911 2081 59 51 in
992 2082 96 52 the
1114 2081 205 54 Courts
1343 2081 63 53 of
1430 2099 255 34 common
1710 2081 173 68 pleas,

230 2082 1896 144 Municipal
357 2166 159 46 court
546 2159 62 53 of
637 2159 423 67 Philadelphia,
1091 2158 228 68 County
1348 2164 163 46 court
1539 2159 63 53 of

1631 2160 324 67 Allegheny
230 2176 1897 128 county,
344 2237 111 52 and
489 2237 59 52 in
582 2237 93 52 the
713 2235 272 69 Superior
1020 2237 112 51 and
1169 2235 274 68 Supreme
1479 2242 204 47 courts.
1755 2238 162 54 With
1953 2237 196 55 forms.

231 2317 89 65 By
358 2315 93 52 the
487 2313 320 69 publishers
843 2315 262 51 editorial
1142 2311 161 70 staff;
1343 2315 151 51 Hon.
1534 2315 211 52 Robert
1783 2331 111 36 von
231 2316 1895 143 Moschzisker,
475 2391 322 68 consulting
843 2392 198 52 editor,
1118 2410 49 34 v.
1215 2395 116 49 4-5.
1406 2393 325 66 Rochester,
1776 2394 69 52 N.
1894 2395 91 65 Y.,
2031 2395 120 52 The

230 2472 267 65 Lawyers
538 2469 378 67 co-operative
960 2468 334 68 publishing
1336 2487 296 50 company,
1676 2473 148 51 1935.

237 2542 755 48 2 v . fronts, (ports.) 23½cm.
513 2610 105 28 CONTENTS.—v.
647 2597 41 41 4.
716 2597 246 48 Pleading.
1018 2597 254 41 Affidavits
1302 2598 53 40 of
1384 2599 212 39 defense.
1654 2598 323 49 Depositions,

167 2600 1971 97 Continuances.—
496 2668 43 28 v.
585 2654 42 41 5.
670 2655 147 39 Trial.
891 2654 272 40 Dismissal.
1237 2654 414 42 Discontinuance
1692 2657 97 39 and
1831 2656 211 40 nonsuit.

169 2710 52 51 ©
251 2715 112 38 Dec.
396 2713 68 46 11,
497 2712 83 39 1935;
671 2712 66 39 2c.
771 2713 119 38 each
922 2713 96 37 and
1050 2711 108 40 affs.
1192 2712 110 38 Dec.
1336 2712 80 45 13;
1453 2712 41 38 A
1527 2712 156 47 88676,
1718 2712 170 47 88677;
1925 2714 231 47 Lawyers

241 2769 323 49 co-operative
590 2769 107 47 pub.
729 2779 65 29 co.

163 2857 149 65 Still,
342 2858 257 53 Andrew
626 2856 231 65 Taylor,
888 2859 324 53 1828-1917.

236 2934 148 69 Sage
408 2933 230 69 sayings
663 2934 64 52 of
751 2933 151 67 Still,
926 2933 237 54 selected
1189 2934 152 53 from
1366 2934 96 52 the
1485 2932 261 70 writings
1772 2934 64 53 of
1859 2936 101 52 Dr.
1989 2937 70 52 A.
2086 2938 63 51 T.

169 3010 1982 69 Still … by George V. Webster … with a historical sketch of
166 3090 335 67 osteopathy
543 3090 112 51 and
701 3108 71 33 an
817 3087 389 69 appreciation
1249 3087 65 55 of
1356 3091 101 52 Dr.
1504 3089 153 55 Still.
1734 3092 111 52 Los
1888 3092 264 67 Angeles,

168 3166 192 69 Calif.,
388 3169 216 53 Wetzel
634 3165 333 69 publishing
994 3184 96 49 co.,
1117 3164 106 55 inc.
1301 3171 151 64 [c1935]

234 3237 86 40 106
344 3248 42 37 p.
415 3238 108 39 incl.
550 3237 148 39 front.
726 3237 248 46 (mounted
1005 3235 147 49 port.)
1223 3237 116 39 16cm.

172 3294 52 52 ©
253 3299 110 38 Dec.
394 3298 39 41 7.
463 3296 111 41 1935;
634 3296 64 40 2c.
731 3297 94 38 and
855 3295 79 40 aff.
967 3297 111 39 Dec.
1108 3296 55 39 27;
1224 3296 40 39 A
1293 3295 170 48 90025;
1498 3296 184 48 George
1711 3297 54 40 V.
1795 3298 234 48 Webster,
2062 3301 93 39 Los

241 3355 217 46 Angeles.
530 3352 249 48 (36-2612)

165 3443 222 64 Streza,
413 3443 271 63 Jacques.

297 3518 1150 67 … Envoûtée. Paris, Gallimard [1935]
242 3591 724 50 2 p. l., [7]-189 p., 1 l. 19cm.
171 3644 1927 53 © July 1, 1935; 1c. Sept. 7; A-Foreign 29256; Librairie Gallimard.
252 3705 278 47 (35-24752)

169 3778 228 61 Suisse;
441 3797 204 48 aperçu
685 3778 420 66 géographique
1144 3785 53 45 et
1236 3778 309 66 historique
1584 3798 108 48 par
1728 3783 50 49 le
1816 3783 83 51 dr.
1941 3785 212 53 Junod.

237 3855 106 53 Les
391 3861 115 46 arts
553 3875 66 32 en
669 3856 204 64 Suisse,
921 3873 105 48 par
1073 3856 70 50 D.
1192 3855 372 67 Baud-Bovy.
1641 3858 183 68 Paris,
1872 3861 281 53 Hachette

241 3934 149 64 1935]

245 4003 126 48 xcix,
394 4003 85 40 672
500 4014 43 37 p.
592 4003 164 47 front.,
780 4013 136 37 maps
943 4002 136 48 (part
1099 4001 143 49 fold.)
1272 4005 153 46 plans.
1477 4005 114 40 16cm.
1656 4006 112 47 (Les
1794 4008 172 47 guides
1988 4011 158 48 bleus)
