2424 4375
1043 3971 98 51 553

102 371 213 67 Abbot,
346 374 246 55 Charles
618 372 260 66 Greeley,
910 375 170 55 1872-

171 447 1912 71 Great inventions, by Charles Greeley Abbot … [New York,
106 526 387 52 Smithsonian
521 526 323 54 institution
871 526 184 65 series,
1082 525 124 66 inc.,
1232 528 174 63 c1934]

174 595 1901 51 8 p. l., 383 p. col. fold. front., illus. (incl. map) 123 pl. (incl. ports.)
104 652 1715 49 on 67 l., diagrs. 24 cm . (Smithsonian scientific series, v. 12)
176 708 1906 49 “Primitive inventions … have already been covered in volume 7
104 764 1977 49 of this series … My purpose was rather to select and explain the
104 822 246 48 operation
385 822 47 39 in
466 822 128 39 their
622 822 196 47 simpler
849 822 150 39 forms
1030 821 53 40 of
1112 832 28 30 a
1171 822 95 39 few
1298 820 287 47 inventions,
1618 820 250 41 conceived
1902 822 178 46 mainly

103 878 49 40 in
179 878 81 40 the
285 878 279 40 nineteenth
593 879 94 39 and
715 877 251 42 twentieth
994 875 476 43 centuries.”—Pref.

103 944 1980 52 © Nov. 26, 1934; 2c. Jan. 28, 1935; aff. Mar. 16; A 81566: Smithsonian
172 1004 277 40 institution
488 1004 162 41 series,
688 1003 90 40 inc.
841 1002 278 50 [Copyright
1155 1004 42 39 is
1234 1003 205 41 claimed
1474 1014 59 30 on
1571 1002 247 42 additions
1854 1004 94 40 and
171 1013 1899 96 corrections]
465 1060 249 47 (35-6426)

169 1159 120 54 The
318 1178 105 35 sun
456 1161 106 52 and
596 1161 93 53 the
720 1160 230 55 welfare
980 1162 63 52 of
1073 1179 150 48 man,
1253 1161 74 66 by
1357 1161 233 55 Charles
1623 1160 236 67 Greeley
1891 1161 192 52 Abbot

161 1237 1771 67 … [New York, Smithsonian institution series, inc., c1934]
170 1308 1901 51 6 p. 1., 322 p. col. front., illus. (incl. maps) 81 pl. (incl. ports., facsim.)
100 1365 1602 50 on 51 l., diagrs. 24cm. (Smithsonian scientific series, v. 2)
173 1420 327 49 Frontispiece
526 1423 96 39 and
647 1424 111 47 part
784 1422 50 41 of
860 1422 79 40 the
965 1422 156 49 plates
1146 1422 339 49 accompanied
1513 1423 58 46 by
1597 1423 152 48 guard
1776 1424 302 39 sheets-with

99 1478 290 48 descriptive
425 1478 293 49 letterpress.

103 1531 1979 52 © Nov. 26, 1934; 2c. Jan. 28, 1935; aff. Mar. 16; A 81566; Smithsonian
168 1590 279 41 institution
485 1590 165 41 series,
685 1591 88 39 inc.
843 1590 277 49 [Copyright
1157 1590 40 41 is
1234 1590 203 41 claimed
1474 1602 59 29 on
1571 1590 245 42 additions
1853 1592 94 39 and
170 1602 1895 94 corrections]
464 1645 248 51 (35-6389)

102 1748 238 63 Baxter,
373 1748 260 56 Garrett,

165 1822 282 53 Practical
477 1821 241 69 politics.
788 1824 88 67 By
908 1821 234 56 Garrett
1173 1823 231 53 Baxter.
1477 1820 285 70 [Norfolk,
1796 1823 105 53 Va.]
1958 1821 119 53 The

97 1899 303 53 Economic
425 1917 172 49 press,
629 1902 149 51 1934,

164 1971 517 48 3 p. l., 100 p. 16 cm .
101 2026 52 52 ©
178 2029 117 46 Aug.
322 2030 69 46 13,
419 2029 113 40 1934;
586 2029 67 40 2c.
681 2030 96 39 and
806 2029 79 40 aff.
914 2030 118 46 Aug.
1061 2029 82 47 17;
1172 2030 41 39 A
1240 2030 169 46 73913;
1441 2030 53 40 G.
1521 2031 198 45 Baxter,
1746 2029 219 43 Norfolk,
1994 2030 84 40 Va.

180 2085 248 49 (35-6401)

102 2186 247 65 Benson,
381 2189 172 62 Mary
583 2188 269 61 Sumner,
886 2191 168 51 1903-

170 2264 237 53 Women
440 2262 58 53 in
532 2261 585 70 eighteenth-century
1151 2261 293 67 America;
1481 2281 31 33 a
1546 2262 168 67 study
1750 2261 64 53 of
1846 2262 232 68 opinion

103 2338 1978 70 and social usage, by Mary Sumner Benson, PH. D. New York,
104 2417 296 55 Columbia
441 2415 313 69 university
795 2434 182 50 press;
1020 2417 256 65 London,
1315 2417 65 52 P.
1424 2415 57 55 S.
1522 2414 160 71 King
1721 2418 45 50 &
1803 2433 118 50 son,
1960 2417 121 66 ltd.,

105 2499 147 50 1935.

172 2568 85 40 343
296 2578 40 37 p.
402 2567 54 40 23
460 2568 43 22 cm
508 2597 9 8 .
617 2566 273 48 (Half-title:
929 2565 194 43 Studies
1160 2567 48 39 in
1247 2565 200 49 history,
1485 2565 265 42 economics
1787 2569 96 37 and
1922 2566 171 49 public,

104 2625 107 45 law,
253 2624 70 39 ed.
367 2623 60 47 by
468 2623 83 39 the
593 2622 205 48 Faculty
839 2623 49 41 of
929 2620 213 50 political
1186 2621 184 41 science
1411 2623 53 39 of
1506 2621 248 42 Columbia
1797 2622 282 50 university,

104 2691 74 29 no.
209 2678 110 47 405)

174 2735 166 40 Issued
372 2734 102 40 also
505 2744 54 29 as
590 2734 151 40 thesis
780 2734 15 42 (PH.
969 2734 14 46 D.)
1022 2733 249 41 Columbia
1304 2733 283 48 university.

175 2789 437 49 “Bibliographical
644 2788 197 49 essay”:
873 2800 43 38 p.
947 2790 214 40 317-333.

102 2843 52 52 ©
179 2848 113 47 Apr.
319 2846 67 46 10,
413 2847 139 46 1935;
579 2846 67 41 2c.
673 2846 94 40 and
795 2846 79 40 aff.
903 2847 112 47 Apr.
1044 2846 80 47 15;
1153 2847 42 39 A
1248 2846 140 47 82503;
1419 2846 250 41 Columbia
1697 2846 126 41 univ.
1852 2858 148 38 press.

179 2903 247 49 (35-6356)

101 2990 331 67 Bernstein,
463 2994 280 63 Herman,
776 2993 168 54 1876-
1153 2992 85 53 ed.

170 3067 1906 69 Can we abolish war? By Herman Bernstein … New York,
100 3146 338 51 Broadview
649 3176 13 35 [c1935]

167 3216 517 49 vi p., 1 l., 72 p. 20½cm.
167 3273 42 38 A
241 3273 292 47 symposium
568 3283 56 29 on
663 3274 79 39 the
775 3272 209 48 problem
1020 3272 52 38 of
1103 3270 280 50 preserving
1419 3273 79 40 the
1532 3282 159 38 peace,
1725 3272 265 49 consisting
2025 3272 51 40 of

102 3328 266 47 thirty-two
405 3329 264 39 “formulas
702 3328 80 40 for
816 3330 78 39 the
931 3328 366 41 establishment
1335 3329 51 38 of
1421 3328 169 48 pence”
1628 3330 92 39 and
1758 3329 110 41 nine
101 3330 1958 103 “statements”,

320 3385 119 40 with
463 3396 62 29 an
550 3385 331 45 introductory
908 3385 168 40 article
1102 3385 61 46 by
1186 3384 82 41 the
1294 3384 167 41 editor.

104 3441 52 52 ©
181 3445 110 46 Apr.
316 3444 68 42 15,
409 3442 139 47 1935;
575 3443 66 40 2c.
671 3443 93 39 and
791 3442 80 41 aff.
897 3443 112 47 Apr.
1034 3442 81 47 19;
1143 3443 40 39 A
1210 3442 141 41 82549;
1408 3444 59 39 H.
1495 3443 269 46 Bernstein,
1792 3445 116 38 New
1935 3444 142 40 York.

184 3500 248 48 (35-6395)

104 3589 237 64 Bishop,
376 3590 132 54 Carl
537 3587 285 64 Whiting,
858 3593 167 50 1881-

173 3663 1842 71 Man from the farthest past, by Carl Whiting Bishop …
107 3740 1944 66 with the collaboration of Charles Greeley Abbot … and Aleš
105 3816 1973 69 Hrdlička … [New York, Smithsonian institution series, inc.,
104 3898 172 62 1934,
