2424 4375
1185 4042 133 49 1696

349 500 1814 49 4 p. l., 307 p. illus. (incl. map, facsim.) 2 port. (incl. front.) 21cm.
349 557 287 39 Illustrated
667 559 96 46 t.-p.
794 557 96 39 and
920 556 359 49 lining-papers.

349 612 161 41 “First
539 612 225 41 edition.”

279 665 52 53 ©
355 670 118 39 Nov.
498 670 69 46 14,
590 669 113 40 1935;
757 669 65 40 2c.
849 669 115 40 Nov.
990 669 82 41 20:
1100 670 81 40 aff.
1207 670 117 40 Nov.
1349 670 81 46 19;
1457 671 41 38 A
1524 670 169 47 88306;
1721 669 249 42 Hendrick
1994 671 105 39 Van
2126 672 142 46 Loon,

346 726 266 48 Riverside,
648 726 146 40 Conn.
865 727 278 47 (35-30552)

355 812 193 61 Vivenot,
584 808 281 53 Hermine
897 808 569 65 (Hallam-Hipwell)
1510 809 276 53 baroness.

347 883 121 53 The
500 882 178 56 Niñas
713 884 63 53 of
808 883 285 68 Balcarce,
1127 884 69 67 by
1233 882 274 55 Hermine
1539 883 514 68 Hallam-Hipwell
275 883 1970 132 (Baroness
517 961 217 69 Vivenot)

817 961 254 66 London,
1100 962 70 52 D.
1200 962 215 53 Archer
1446 964 172 66 [1935]

343 1032 787 49 3 p. l., 9-252 p. illus. 19cm.
281 1087 1989 53 © 1c. July 12, 1935; A ad int. 20393; pubd. May 23; Hermine do Vivenot,
350 1149 260 47 Saavedra,
638 1150 51 39 F.
717 1150 49 40 C,
794 1150 48 40 C.
870 1150 66 45 A.,
964 1148 281 49 Argentina.
1311 1149 278 48 (35-35681)

275 1231 122 53 The
426 1233 258 64 Walpole
713 1232 242 64 society.

349 1309 120 52 The
535 1308 377 70 twenty-fifth
978 1309 370 69 anniversary
1410 1308 248 68 meeting
1723 1307 62 53 of
1850 1308 94 52 the
2006 1307 261 68 Walpole

274 1385 227 70 society.
573 1387 251 67 [Boston]
860 1385 241 55 Printed
1130 1387 75 68 by
1235 1388 94 51 the
1358 1386 245 68 Society,
1635 1389 149 50 1935.

345 1460 1007 50 2 p. l., 55, [1] p. illus., plates. 24cm.
346 1517 129 40 Title
501 1518 227 48 vignette.

347 1572 93 41 “Of
463 1574 100 39 this
589 1575 188 40 volume
803 1575 135 40 there
966 1584 125 31 were
1116 1574 194 48 printed
1336 1575 61 47 by
1425 1574 56 41 D.
1512 1574 52 41 B.
1638 1574 158 48 Updike,
1826 1574 80 40 the
1933 1573 330 49 Merrymount

276 1639 148 39 press,
453 1630 195 47 Boston,
679 1631 50 37 in
759 1629 217 48 October,
1007 1630 128 47 1935,
1165 1631 78 39 for
1273 1632 80 38 the
1382 1632 236 38 members
1648 1630 52 40 of
1726 1630 82 40 the
1839 1631 216 47 Walpole
2085 1631 179 46 society

277 1685 110 48 fifty
421 1686 159 47 copies
615 1697 59 30 on
711 1687 204 47 Worthy
949 1690 286 45 permanent
1269 1687 136 46 book,
1444 1687 156 40 bound
1640 1687 46 39 in
1723 1697 147 38 paper
1906 1687 226 49 designed
2170 1689 92 38 and

274 1744 234 39 executed
542 1743 61 47 by
638 1743 274 40 Rosamond
948 1743 52 40 B.
1039 1743 190 49 Loring,
1267 1744 96 39 and
1398 1743 111 48 fifty
1545 1743 159 49 copies
1740 1755 59 29 on
1835 1745 231 39 Aurelian
2102 1755 162 38 paper,

275 1799 159 41 bound
461 1799 50 40 in
538 1801 218 40 marbled
785 1799 192 50 paper.”

345 1855 225 42 “Officers
597 1857 96 40 and
720 1856 264 42 members”:
1040 1868 43 37 p.
1116 1856 187 50 [51]-55.

273 1909 1990 53 © Oct. 11, 1935; 2c. and aff. Oct. 24: A 86958; Walpole soc., ℅ Philip L.
345 1971 244 48 Spalding,
621 1971 196 39 Boston.
887 1969 279 48 (35-30959)

275 2052 718 66 Washington-Metcalfe,
1026 2053 274 65 Thomas,
1339 2058 170 50 1884-

345 2129 252 69 Captain
697 2129 136 54 Viaud
878 2131 113 52 and
1035 2130 267 52 Madame
1348 2131 82 51 La
1478 2129 267 68 Couture,
1789 2130 148 54 their
1983 2136 125 48 true
2153 2132 107 51 and

272 2207 324 69 surprising
638 2208 327 66 adventure,
1009 2208 318 67 shipwreck
1376 2209 111 51 and
1532 2208 319 67 distresses;
1902 2227 31 33 a
1976 2210 290 51 narrative

271 2286 218 61 mainly
537 2286 353 52 transcribed
940 2285 152 53 from
1138 2286 96 52 the
1283 2286 193 52 letters
1522 2285 65 53 of
1636 2284 246 66 Captain
1989 2285 153 66 Viaud,
2188 2285 75 65 by

270 2364 249 54 Thomas
549 2363 383 68 Washington
962 2363 288 52 Metcalfe.
1326 2363 257 67 London,
1611 2364 48 51 I.
1691 2362 308 55 Nicholson
2031 2366 45 50 &

270 2365 1970 143 Watson,
423 2442 240 62 limited,
699 2444 149 50 1935.

343 2513 753 52 205, [1 ] p., 1 l. illus. 19cm.
342 2571 101 39 The
473 2570 271 48 shipwreck
775 2570 41 40 is
848 2571 236 47 supposed
1117 2572 48 38 to
1192 2571 122 39 have
1344 2570 228 39 occurred
1605 2580 59 29 on
1697 2571 80 38 the
1808 2572 134 38 coast
1972 2569 51 40 of
2051 2570 210 47 Florida,

273 2627 264 47 February,
570 2627 128 40 1766.

277 2679 1989 53 © 1c. Nov. 16, 1935; A ad int. 20749; pubd. Sept. 26; T. Washington
340 2740 243 41 Metcalfe.
617 2740 186 39 Norton
838 2738 313 46 Fitzwarren,
1185 2748 71 29 nr.
1291 2738 238 47 Taunton,
1568 2738 254 47 Somerset,
1858 2739 235 47 England.

355 2795 279 48 (35-33996)

272 2884 262 66 Werner,
563 2886 204 63 Heinz,
798 2889 170 50 1890-

347 2964 379 66 Einfiihrung
782 2962 60 53 in
900 2964 89 51 die
1049 2963 796 67 entwicklungspsychologie,
1906 2981 109 33 von
2076 2965 185 50 Heinz

268 3040 1986 68 Werner … 2., umgearb. aufl., mit 55 Abbildungen im text und
301 3119 1395 67 1 farbigen tafel. Leipzig, J. A. Barth. 1933.
339 3191 1197 50 vii, [1], 432 p. illus., col. pl., diagrs. 24 ½ cm.
371 3247 577 41 "Literaturverzeichnis”:
1008 3259 43 36 p.
1086 3247 245 49 [405]-424.

273 3301 1987 52 © June 27, 1933: 1c. Oct. 2, 1934; A -Foreign 25833: Johann Ambrosius
342 3363 168 39 Barth.
581 3361 13 46 (
605 3362 39 38 A
663 3361 34 40 C
715 3361 226 46 34-3552)

268 3449 239 66 Wilcox,
535 3451 154 52 John
717 3453 80 62 C.,
825 3453 170 50 1870-

341 3525 123 52 The
503 3525 185 67 living
726 3526 181 66 voice;
950 3544 30 34 a
1024 3526 127 52 study
1236 3525 170 68 guide
1451 3524 92 52 for
1586 3541 141 51 song
1769 3524 113 52 and
1925 3523 216 67 speech,
2181 3523 73 66 by

269 3597 1987 71 John C. Wilcox … New York, Boston,Mass. [etc.] C. Fischer,
270 3675 106 54 inc.
428 3682 174 63 [c1935]

337 3749 99 48 viii,
471 3750 56 40 67
560 3761 41 36 p.
663 3751 125 40 illus.
820 3752 196 46 (music)
1086 3752 144 39 23½cm.

339 3805 67 37 “A
444 3807 331 45 presentation
815 3808 53 38 of
905 3808 133 38 vocal
1078 3810 122 36 laws
1240 3808 96 38 and
1377 3807 223 45 theories,
1644 3807 218 45 together
1902 3806 120 38 with
2063 3802 187 49 specific

270 3859 315 42 instructions
612 3862 78 38 for
718 3863 216 46 training
960 3862 201 41 voices.”

274 3914 52 52 ©
355 3919 99 39 Oct.
484 3919 68 41 28.
581 3918 139 42 1935;
751 3921 65 38 2c.
847 3922 90 37 and
970 3920 79 40 aff.
1081 3921 100 39 Oct.
1212 3920 53 39 29;
1325 3921 39 38 A
1390 3920 168 46 88056;
1592 3921 113 39 Carl
1734 3919 211 42 Fischer,
1975 3919 89 38 inc.

353 3975 277 47 (35-31009)
