2424 4375
1097 4029 132 49 1905

172 420 190 65 Allan,
391 421 135 55 Dot.

173 495 1992 146 … Virgin fire; the story of Marion Bradfute … London, Hutchinson & co., ltd. [1935]
239 646 69 40 vii
332 657 58 37 p.,
415 645 26 40 1
504 675 10 18 l.,
539 645 175 41 11-287
739 656 44 37 p.
842 644 55 41 19
899 647 43 21 cm
947 676 10 9 .

239 703 66 41 At
327 703 125 40 head
478 702 53 40 of
554 702 136 41 title:
718 703 71 46 By
814 702 96 41 Dot
935 701 159 41 Allan.

174 774 1992 53 © 1c. Dec. 26, 1935; A ad int. 20946; pubd. Oct. 31; D. Allan, Glasgow.
251 834 221 48 (36-564)

172 940 313 53 American
509 939 111 53 law
648 938 295 54 institute.

242 1017 386 53 Restatement
662 1015 64 52 of
762 1015 95 54 the
889 1015 110 53 law
1033 1013 64 55 of
1129 1013 225 54 conflict
1388 1014 64 53 of
1485 1014 154 66 laws,
1674 1032 59 35 as
1767 1014 246 67 adopted
2051 1014 110 52 and

174 1095 395 69 promulgated
606 1095 75 66 by
717 1094 95 52 the
847 1090 304 56 American
1188 1092 108 53 law
1332 1090 277 67 institute,
1646 1090 333 70 containing
173 1093 1966 134 Massachusetts
524 1171 378 65 annotations,

945 1172 280 66 prepared
1265 1170 76 67 by
1380 1170 237 53 Francis
1661 1171 67 52 E.
1769 1171 240 53 Drohan
2051 1171 109 52 and

172 1247 1991 69 W. Barton Leach … under the auspices of the Bar association
174 1329 63 54 of
273 1330 94 53 the
402 1326 118 71 city
555 1328 64 55 of
655 1330 216 51 Boston
909 1328 112 53 and
1056 1327 97 52 the
1189 1327 442 52 Massachusetts
1668 1327 104 52 bar
1809 1326 351 55 association.

175 1406 81 57 St.
285 1406 165 68 Paul,
481 1405 305 55 American
813 1406 108 52 law
953 1403 260 55 institute
1244 1404 398 68 publications,
1674 1409 149 50 1935.

241 1491 44 39 v,
311 1480 87 42 126
423 1490 44 39 p.
526 1479 55 42 23½c
630 1481 28 22 m
662 1510 9 9 .

171 1550 52 53 ©
254 1554 117 39 Nov.
404 1552 70 47 22,
508 1551 139 46 1935;
683 1550 66 40 2c.
785 1552 108 38 Dec·.
931 1551 79 44 17;
1046 1548 83 41 aff.
1164 1550 109 39 Dec.
1311 1548 80 42 19:
1428 1550 41 38 A
1502 1549 170 47 90036;

1709 1550 157 39 Amer.
1902 1551 96 38 law
243 1549 1903 108 institute,
392 1608 353 47 Philadelphia.
816 1606 220 48 (36-504)

242 1711 386 54 Restatement
662 1709 64 53 of
759 1710 95 52 the
886 1709 110 53 law
1030 1708 63 54 of
1127 1707 225 54 conflict
1385 1707 63 55 of
1481 1711 155 64 laws,
1672 1729 59 35 as
1765 1710 247 67 adopted
2050 1710 112 52 and

174 1789 398 69 promulgated
607 1789 77 68 by
718 1789 96 51 the
849 1788 305 52 American
1191 1790 109 51 law
1338 1785 277 69 institute,
1651 1787 332 68 containing
172 1790 1963 131 Tennessee

393 1864 1768 70 annotations, prepared by H. B. Schermerhorn … St.
172 1946 163 66 Paul,
366 1944 306 55 American
701 1945 110 52 law
842 1943 260 55 institute
1133 1943 338 67 publishers,
1503 1947 150 50 1935.

243 2030 43 38 v,
313 2017 86 43 102
425 2030 44 37 p.
524 2017 56 42 23
583 2020 45 22 cm
631 2050 11 10 .

174 2073 52 53 ©
254 2078 116 39 Nov.
403 2077 71 46 22,
507 2075 140 41 1935;
681 2075 67 40 2c.
783 2075 110 39 Dec.
928 2075 80 40 17:
1045 2073 83 40 aff.
1163 2074 111 39 Dec.
1308 2072 82 49 19;
1426 2074 40 38 A
1500 2073 171 47 90038;
1707 2074 159 40 Amer.
1902 2076 93 37 law

243 2075 1903 106 institute,
395 2132 353 48 Philadelphia.
823 2131 220 48 (36-505)

243 2238 386 53 Restatement
669 2234 63 55 of
770 2235 96 52 the
904 2234 108 52 law
1052 2233 64 54 of
1155 2239 298 60 contracts,
1494 2253 59 34 as
1592 2234 247 68 adopted
1881 2236 110 52 and
173 2253 1964 130 promulgated
490 2314 76 68 by
594 2313 96 53 the
719 2310 304 55 American

166 2310 1993 148 law institute, containing Washington annotations, prepared by Dean Harold Shepherd … assisted
175 2469 71 69 by
275 2472 242 53 Warren
546 2471 65 52 L.
644 2469 279 56 Shattuck
951 2469 111 52 and
1091 2467 211 53 Muriel
1330 2469 216 53 Mawer
1573 2469 181 54 under
1784 2470 96 52 the
1909 2469 253 68 auspices

175 2545 1982 71 of the Washington state bar association … St. Paul, American
174 2625 107 55 law
310 2625 259 55 institute
597 2624 336 69 publishers,
963 2629 149 49 1935.

244 2698 445 42 2 v. in l. 23½cm.
244 2756 160 48 Paged
433 2754 353 47 continuously.

175 2808 51 53 ©
257 2814 114 39 Nov.
405 2813 69 46 22,
508 2811 140 48 1935;
683 2811 66 40 2c.
785 2812 109 38 Dec.
930 2811 80 39 17:
1048 2810 81 39 aff.
1164 2811 108 38 Dec.
1310 2809 80 47 19;
1428 2811 41 38 A
1502 2809 169 48 90037;
1708 2811 159 41 Amer.

1902 2812 94 39 law
244 2812 1903 106 institute,
390 2868 352 49 Philadelphia.
811 2866 220 49 (36-506)

175 2975 241 62 Aronin,
446 2975 142 54 Ben.

242 3052 120 54 The
400 3050 210 55 Moor’s
649 3050 153 67 gold,
839 3049 74 67 by
953 3051 122 50 Ben
1115 3048 239 53 Aronin.
1431 3047 270 68 Chicago,
1739 3050 194 67 Argus
1971 3051 190 54 books.

178 3133 146 51 1935.

242 3200 28 40 6
295 3210 43 39 p.
400 3231 9 16 l.,
436 3197 157 48 7-270,
624 3197 54 50 [1]
707 3209 43 37 p.
810 3196 56 39 22
869 3198 42 22 cm
917 3227 10 8 .

177 3256 52 53 ©
257 3262 115 38 Nov.
404 3260 68 46 12,
502 3258 118 40 1935;
675 3256 67 40 2c.
774 3257 97 38 and
900 3255 81 40 aff.
1015 3256 110 38 Dec.
1155 3255 82 45 30;
1272 3255 42 38 A
1343 3253 169 47 90065;
1548 3255 157 48 Argus
1738 3256 123 40 book
1893 3258 131 48 shop,
2057 3260 105 49 inc.,

246 3317 221 47 Chicago.
536 3313 221 49 (36-559)

176 3421 237 63 Berger,
441 3419 253 55 William
727 3416 261 55 Francis.

246 3497 120 53 The
406 3513 258 50 supreme
709 3492 248 55 sacrifice
1001 3492 64 52 of
1108 3490 222 68 Christ;
1377 3510 30 33 a
1450 3509 123 36 new
1615 3491 440 70 interpretation
2098 3497 63 53 of

177 3573 109 55 His
330 3592 203 50 person
577 3572 111 54 and
734 3568 344 70 philosophy
1125 3568 93 54 for
1263 3570 191 67 today,
1497 3569 74 68 by
1616 3571 259 56 William
1923 3575 236 54 Francis

180 3652 227 68 Berger,
452 3671 46 33 d.
546 3669 47 34 d.
678 3649 198 54 Grand
925 3648 239 66 Rapids,
1210 3646 192 67 Mich.,
1448 3649 331 53 Zondervan
1831 3652 330 68 publishing

178 3730 167 54 house
382 3764 13 34 [
399 3736 19 22 c
422 3733 132 50 1935]

246 3801 85 41 265
362 3812 44 38 p.
469 3800 56 40 20
525 3804 44 21 cm
574 3831 9 9 .

250 3857 214 41 “Partial
491 3856 84 41 list
603 3855 52 40 of
679 3853 202 41 authors
908 3850 307 42 consulted”:
1242 3862 42 37 p.
1313 3850 217 43 261-265.

178 3910 52 53 ©
264 3915 109 40 Feb.
406 3914 69 43 20,
510 3914 113 39 1935;
688 3912 64 39 2c.
791 3912 110 38 Dec.
938 3910 81 39 23:
1059 3909 81 39 aff.
1178 3910 110 38 Dec.
1325 3909 82 47 21;
1448 3910 36 39 A
1524 3911 170 50 88852;
1735 3914 281 42 Zondervan
2054 3919 108 47 pub.

246 3973 161 39 house.
468 3970 219 48 (36-631)
