2568 4342
1142 4080 66 54 73

249 530 42 38 A
317 532 135 44 story
477 530 53 40 of
554 530 82 40 the
663 528 228 40 Mohawk
916 527 160 47 valley
1103 527 54 40 of
1180 528 82 39 the
1291 527 134 48 early
1453 525 283 41 nineteenth
1764 526 216 47 century.

183 597 1994 53 © Dec. 15, 1934; 2c. and aff. Jan. 18, 1935; A 80081; Lou D. MacWethy,
253 659 65 41 St.
345 658 286 48 Johnsville,
657 658 56 39 N.
742 658 52 38 Y.
866 655 250 51 (35-1793)

181 750 701 76 N ī kolaevsk īĭ , Borīs Ī .
246 835 1931 71 Aseff, the spy, Russian terrorist and police stool [ by] Boris
180 914 427 70 Nikolajewsky;
664 915 141 53 with
831 913 262 54 halftone
1118 914 409 68 illustrations;
1555 913 316 54 translated
1899 913 156 53 from
2079 912 98 54 the

180 993 245 53 Russian
453 993 78 69 by
562 991 224 71 George
812 991 245 69 Reavey.
1133 990 233 56 Garden
1402 991 153 70 City,
1587 992 71 53 N.
1693 991 91 68 Y.,
1816 989 362 70 Doubleday,

181 1071 195 53 Doran
403 1073 46 51 &
476 1088 298 52 company,
801 1070 127 70 inc.,
959 1072 151 52 1934.

247 1143 1044 50 xii p., 2 l., 307 p. plates, ports. 21 cm .
247 1213 130 42 Title
403 1225 60 30 on
489 1213 27 39 2
545 1214 175 41 leaves.

249 1270 162 42 “First
439 1269 228 42 edition.”

249 1326 197 41 London
474 1326 182 41 edition
693 1326 181 49 (Hurst
901 1326 38 40 &
964 1326 240 49 Blackett,
1232 1326 111 49 ltd.)
1381 1327 91 40 has
1498 1325 136 42 title:
1661 1326 163 41 Aseff:
1853 1326 82 42 the
1961 1326 216 41 Russian

177 1381 167 42 Judas.

184 1450 1995 53 © Oct. 24, 1934; 2c. Dec. 17; aff. Jan. 23, 1935; A 80208; Doubleday,
250 1513 166 39 Doran
448 1513 37 40 &
512 1523 83 37 co.,
624 1513 89 39 inc.
786 1512 250 48 (35-1571)

179 1614 164 54 Ohio.
418 1617 184 66 Laws,
627 1622 258 62 statutes,
911 1622 101 48 etc.

181 1693 1974 132 … Baldwin’s Ohio code service, supplementing Throckmorton’s
365 1773 309 52 annotated
713 1772 152 55 code.
943 1776 136 48 1934
1117 1770 253 55 certified
1410 1772 232 55 edition.
1722 1774 282 67 [January
2044 1776 134 50 1935

181 1849 1998 70 number] “Keyed” to Bates’ compact Ohio digest … Edited
182 1927 1998 70 by William Edward Baldwin … Jay S. Hudson [and] Glenn
178 2005 2003 72 Kitson … Cleveland, Banks-Baldwin law publishing company
185 2118 12 34 [
203 2089 16 22 c
225 2088 150 64 1935]

251 2158 551 49 3 p. l., 100 p. 25½ cm .
185 2225 1995 53 © Jan. 15, 1935; 2c. and aff. Jan. 19; A 80087; William Edward Baldwin,
252 2286 272 42 Cleveland.

181 2391 334 66 Patterson,
544 2390 207 55 Edwin
776 2390 261 66 Wilhite,
1067 2396 171 50 1889-

255 2467 319 56 Essentials
610 2468 64 54 of
711 2469 300 53 insurance
1048 2469 139 66 law;
1232 2488 74 36 an
1344 2468 217 54 outline
1599 2468 67 54 of
1704 2470 151 66 legal
1897 2469 287 54 doctrines

179 2546 2002 145 in their relations to insurance practices, by Edwin W. Patterson … 1st ed. New York and London, McGraw-Hill book
184 2720 295 51 company,
507 2703 127 66 inc.,
663 2705 152 51 1935.

318 2805 9 18 xv,
366 2774 84 40 501
490 2784 44 38 p.
593 2774 56 39 21
653 2775 45 22 cm
701 2804 8 9 .
781 2772 300 50 (Half-title:
1119 2772 353 41 McGraw-Hill
1510 2773 259 41 insurance
1811 2773 165 49 series,
2017 2773 57 42 R.
2116 2772 61 41 H.

182 2828 289 49 Blanchard,
499 2830 182 49 editor)

252 2898 219 51 “Notes”,
501 2900 249 48 including
779 2899 231 42 citations
1038 2900 53 41 of
1120 2899 240 42 decisions
1390 2901 96 39 and
1517 2901 226 46 statutes,
1775 2903 53 39 at
1856 2902 92 39 end
1979 2900 53 41 of
2060 2901 117 39 each

183 2955 211 48 chapter.

254 3011 245 43 “Selected
526 3012 365 49 bibliography”;
947 3023 45 38 p.
1022 3023 77 31 xv.

187 3080 50 52 ©
267 3086 108 39 Jan.
403 3085 40 48 2,
471 3084 117 42 1935;
642 3086 66 40 2c.
740 3086 108 40 Jan.
877 3087 26 38 4;
963 3085 80 40 aff.
1075 3086 109 40 Jan.
1214 3086 26 41 8;
1297 3087 42 38 A
1367 3084 148 43 78918;
1572 3088 51 38 E.
1653 3088 71 40 W.
1757 3088 273 47 Patterson,
2062 3088 117 40 New

251 3142 142 40 York.
465 3143 250 48 (35-1525)

182 3240 287 71 Pendray,
500 3245 272 68 Edward,
803 3251 172 51 1901-

254 3321 1923 71 Men, mirrors, and stars, by G. Edward Pendray … New
192 3397 156 55 York
376 3399 112 52 and
517 3400 255 66 London,
801 3399 170 53 Funk
999 3401 45 50 &
1071 3399 299 69 Wagnalls
1397 3418 296 50 company,
1724 3403 151 49 1935.

290 3500 9 16 x,
328 3469 86 41 339
440 3481 43 37 p.
543 3471 144 48 illus.,
717 3473 55 39 31
801 3472 62 47 pi.
896 3482 60 29 on
986 3472 58 40 16
1094 3504 9 8 l.
1130 3471 134 49 (incl.
1294 3473 164 48 front.,
1492 3474 174 48 ports.)
1706 3475 178 46 diagrs.
1944 3473 59 41 20½
2033 3475 46 23 cm
2082 3506 9 9 .

187 3536 50 52 ©
266 3543 106 39 Jan.
401 3543 68 47 10,
495 3543 114 41 1935;
666 3543 66 41 2c.
762 3545 96 39 and
884 3542 82 42 aff.
995 3545 109 40 Jan.
1132 3544 56 40 21;
1245 3546 42 38 A
1314 3544 144 41 80107;
1516 3544 141 41 Funk
1685 3545 39 41 &
1748 3546 255 48 Wagnalls
2026 3556 69 29 co.

262 3598 246 49 (35-1666)

182 3699 259 69 Phillips,
467 3706 138 51 Mrs.
633 3704 187 53 Marie
850 3704 217 66 (Tello)

253 3777 161 55 More
462 3781 162 53 truth
673 3781 142 53 than
865 3786 230 62 poetry;
1149 3800 188 48 essays
1389 3782 114 53 and
1554 3779 221 56 critical
1829 3781 229 53 articles
2106 3797 73 36 on

188 3861 198 62 poetry
435 3858 113 52 and
598 3876 165 49 prose
812 3859 266 67 practice,
1129 3858 254 54 sketches
1434 3860 113 53 and
1597 3858 151 54 book
1795 3857 255 68 reviews,
2097 3856 78 69 by

187 3928 180 55 Marie
402 3932 159 54 Tello
601 3933 264 69 Phillips.
946 3933 376 70 [Pittsburgh,
1360 3934 124 53 The
1521 3931 280 55 Observer
1841 3931 336 71 publishing

188 4025 289 53 company,
509 4012 152 66 1934]
