2424 4375
1214 4053 135 49 2106

281 418 213 65 Borak,
522 419 251 66 Arthur,
804 425 170 50 1900-

415 497 1861 59 … Fees and other non-tax revenues of Minnesota local units,
282 574 1969 129 by Arthur M. Borak … and Gladys C. Blakev, under the direction
443 652 1832 71 of Rov G. Blakey … Minneapolis. The University of
281 730 323 53 Minnesota
630 748 156 49 press
820 763 12 34 [
835 736 19 21 c
860 734 151 63 1935]

356 804 86 38 144
473 813 42 37 p.
550 802 108 41 incl.
693 803 169 41 tables.
923 802 55 41 23½
1012 805 46 21 cm
1059 833 9 9 .
1142 802 307 50 (University
1483 804 51 41 of
1569 805 272 40 Minnesota
1875 803 188 43 studies
2094 805 49 40 in
285 816 1975 84 economics
497 860 94 39 and
622 859 235 40 business,
914 870 76 30 no.
1021 860 80 48 13)

359 916 379 47 “Bibliography
763 926 60 29 on
851 917 122 40 local
1000 920 316 44 government
1340 916 213 41 finance”:
1613 929 43 37 p.
1685 918 216 40 143-144.

289 982 1989 55 © Oct. 31, 1935; 2c. and aff. Nov. 18; A 89431; University of Minnesota,
359 1042 336 49 Minneapolis.
759 1043 67 48 (A
840 1042 227 48 35-1808)

282 1145 306 66 Brigham,
617 1146 209 55 Albert
851 1148 203 64 Perry,
1086 1151 325 51 1855-1932.

417 1224 1861 70 … Our home state and the new world [by] Albert Perry
285 1301 1991 68 Brigham … and Charles T. McFarlane … Nebraska ed.
284 1380 1972 132 [By] Vera E. Rigdon … New York, Cincinnati [etc.] American book
608 1476 279 50 company
918 1492 12 34 [
935 1465 18 21 c
958 1462 151 64 1935]
360 1543 45 34 x,
439 1530 85 41 406
559 1542 42 37 p.
638 1531 109 40 incl.
783 1531 146 41 front.
996 1532 141 47 illus.,
1175 1532 85 39 col.
1297 1533 169 47 plates,
1503 1543 151 38 maps,
1690 1531 180 49 diagrs.
1934 1532 58 40 25½cm.
2156 1532 124 49 (Our

291 1589 150 40 world
471 1589 96 39 and
598 1589 246 39 ourselves
873 1589 90 48 [bk.
1049 1589 13 45 1])

290 1652 53 53 ©
377 1657 127 47 Sept.
535 1657 70 47 30,
637 1656 140 47 1935;
811 1657 65 40 2c.
911 1658 99 39 and
1037 1657 82 40 aff.
1154 1658 100 40 Oct.
1288 1659 53 45 4;
1377 1658 40 38 A
1450 1657 170 47 87674;
1656 1657 206 41 Charles
1889 1658 53 40 T.
1977 1658 302 47 McFarlane,

360 1714 166 40 Dobbs
553 1714 165 48 Ferry,
748 1714 56 40 N.
834 1714 67 47 Y.,
933 1715 96 39 and
1059 1714 144 40 Flora
1235 1714 71 41 W.
1338 1713 247 49 Brigham,
1617 1713 268 50 Hamilton,
1916 1715 53 41 N.
1999 1715 55 41 Y.
362 1715 1902 103 [Copyright
518 1771 41 40 is
585 1769 205 42 claimed
815 1781 60 30 on
901 1771 224 49 changes]

285 1874 346 66 Buchholtz,
659 1876 370 63 Hansgeorg.

356 1953 117 51 Der
513 1952 189 54 markt
745 1970 68 34 zu
854 1952 441 56 Heckenbruch:
1341 1952 319 68 geschichte
1701 1953 153 52 einer
1895 1952 232 68 jugend,
2170 1970 111 34 von

286 2031 344 67 Hansgeorg
656 2030 335 54 Buchholtz.
1066 2031 256 67 Leipzig.
1349 2031 65 52 P.
1443 2031 127 54 List
1602 2033 171 64 [1934]

366 2105 24 37 l
422 2115 42 29 v.

293 2169 1988 53 © Mar. 22, 1984: 1c. Mar. 11, 1935; A-Foreign 27244; Paul List verlag.
289 2291 325 53 California
663 2292 448 66 jurisprudence.
1199 2293 281 65 Ten-year
1530 2291 375 68 supplement,
1958 2295 322 49 1926-1936.

357 2368 1900 145 William M. McKinney, editor, volumes 2-4 … San Francisco, Bancroft-Whitney company, 1936.
363 2521 28 39 3
420 2531 41 29 v.
521 2520 60 40 25
578 2522 46 21 cm
630 2552 8 7 .

640 2586 104 30 CONTENTS.—v.
784 2574 42 42 2.
862 2575 343 48 Automobiles,
1243 2576 60 47 by
1341 2576 238 48 Berkeley
1616 2576 247 47 Reynolds
1897 2574 304 43 Davids.—v.
2242 2575 42 42 3.

293 2633 110 39 Bail
427 2634 96 39 and
546 2633 342 48 recognizance
909 2635 48 38 to
981 2631 382 42 Constitutional
1387 2633 216 39 law.—v.
1627 2629 42 43 4.
1694 2632 259 47 Contempt
1975 2634 47 38 to
2049 2631 234 42 Criminal

294 2692 106 38 law.

294 2739 1986 55 v. 2, © Nov. 22, 1935; 2c. and aff. Dec. 2; v. 3, © Dec. 5: 2c. and aff.
366 2803 111 40 Dec.
502 2802 81 46 10;
614 2813 43 30 v.
683 2803 42 46 4,
753 2798 53 53 ©
833 2803 109 39 Dec.
973 2802 82 46 12;
1084 2801 67 40 2c.
1180 2802 95 39 and
1304 2801 81 40 aff.
1416 2802 111 40 Dec.
1556 2802 81 39 17:
1668 2801 43 38 A
1737 2799 156 47 89941,
1924 2800 157 47 89784,
2110 2798 170 49 89909;

365 2858 487 49 Bancroft-Whitney
880 2869 67 30 co.

292 2962 317 62 Campbell,
634 2961 304 64 Reginald.

367 3037 378 68 [Adventures
779 3038 63 53 of
876 3057 30 32 a
942 3038 365 51 teak-wallah
1345 3038 56 51 in
1437 3037 94 51 the
1567 3036 206 53 forests
1808 3036 62 51 of
1906 3034 175 68 Siam]

291 3037 1964 132 Humours
506 3116 64 52 of
595 3137 30 32 a
650 3116 197 67 jungle
872 3115 211 53 “shoot.

376 3187 85 47 (In.
486 3185 278 50 Pearson’s,
794 3184 130 52 July,
957 3185 143 49 1935)

296 3240 1793 54 © 1c. Aug. 27, 1935; A ad int. 20524: pubd. July 1; R. Campbell,
366 3241 1900 109 Folkestone,
548 3302 143 47 Kent,
723 3301 234 48 England.

294 3403 283 63 Cassady,
606 3403 208 64 Ralph,
847 3405 169 50 1900-

425 3474 1855 67 … The retail distribution structure of the small city. Based
293 3576 72 33 on
404 3575 31 34 a
471 3557 171 66 study
679 3557 62 52 of
778 3557 94 52 the
906 3559 252 63 Waseca,
1194 3555 339 65 Minnesota,
1570 3554 165 52 retail
1771 3553 166 66 plant
1971 3552 111 53 and
2120 3552 160 52 trade

293 3630 1963 148 area, by Ralph Cassady, jr. … and Harry J. Ostlund … Minneapolis,
600 3711 122 52 The
756 3710 335 66 University
1127 3711 62 51 of
1225 3709 323 53 Minnesota
1583 3726 156 49 press
1780 3740 13 33 [
1797 3713 17 20 c
1821 3711 150 60 1935]

369 3783 85 40 107
478 3794 41 36 p.
548 3784 109 39 incl.
685 3783 142 45 illus.,
857 3783 169 45 tables,
1052 3782 177 46 diagrs.
1285 3781 150 39 front.
1465 3779 158 49 (map)
1687 3779 60 40 23½
1776 3780 43 22 cm
1825 3812 8 7 .
1899 3776 307 50 (University
2233 3777 49 39 of

303 3839 269 39 Minnesota
601 3837 190 41 studies
817 3837 51 39 in
896 3837 270 40 economics
1194 3837 93 38 and
1320 3836 233 39 business,
1613 3845 75 30 no.
1720 3834 80 47 12)

299 3890 53 52 ©
388 3895 117 46 Aug.
543 3894 69 48 19,
648 3893 141 47 1935;
827 3894 67 40 2c.
934 3894 126 47 Sept.
1099 3893 80 46 12;
1219 3892 80 40 aff.
1341 3892 127 48 Sept.
1506 3892 81 40 11:
1627 3892 41 38 A
1703 3889 169 46 85905;
1913 3887 282 49 University
2232 3887 50 41 of

372 3950 289 49 Minnesota,
698 3950 334 48 Minneapolis.
1109 3949 65 47 (A
1189 3948 227 47 35-1510)
