2424 4375
0 0 0 0 1957
136 415 291 67 Mehring,
460 417 206 63 Franz,
701 420 320 50 1846-1919.

206 492 147 54 Karl
386 493 198 65 Marx;
621 495 94 51 the
749 498 155 62 story
939 493 63 54 of
1034 492 89 54 his
1159 492 122 67 life,
1313 493 75 67 by
1422 494 189 52 Franz
1646 493 298 68 Mehring;
1982 491 138 56 with

138 568 376 55 illustrations
546 570 111 52 and
691 568 280 55 facsimile
1003 570 448 68 reproductions,
1483 576 157 47 notes
1669 570 74 69 by
1773 571 95 51 the
1900 570 223 68 author,

137 664 73 36 an
246 645 290 71 appendix
575 647 279 68 prepared
892 646 181 53 under
1108 647 97 53 the
1239 646 277 55 direction
1554 647 64 54 of
1653 647 241 54 Eduard
1934 650 189 52 Fuchs

138 724 167 53 based
345 743 72 35 on
457 725 314 54 researches
810 724 62 53 of
910 725 96 52 the
1044 723 412 70 Marx-Engels
1492 723 278 70 institute,
1810 744 31 35 a
139 726 1960 144 bibliography
345 801 111 53 and
481 820 69 34 an
577 801 185 53 index.
819 801 337 52 Translated
1179 802 76 68 by
1278 802 254 52 Edward
1558 802 350 69 Fitzgerald,
1932 804 186 53 edited

138 877 1909 72 by Ruth & Heinz Norden. New York, Covici, Friede [ c 1935]
202 964 95 28 xxv
323 964 59 37 p.,
408 953 24 38 1
479 983 23 15 l.,
527 951 172 41 29-608
726 962 40 37 p.
827 952 135 40 front.
1003 951 172 49 (port.)
1211 952 125 41 illus.
1367 951 264 51 (facsims.)
1666 963 62 38 pl.
1786 952 117 42 24cm.

206 1008 175 41 “Notes
407 1018 54 30 as
486 1010 49 39 to
561 1007 221 41 sources”:
839 1019 43 37 p.
909 1007 216 42 557-563.
1188 1007 344 51 Bibliography:
1588 1020 43 38 p.
1657 1009 217 42 585-599.

136 1074 53 53 ©
215 1079 117 40 Nov.
358 1078 70 48 26,
454 1078 114 41 1935;
624 1078 65 41 2c.
718 1079 117 39 Nov.
864 1078 80 45 29;
972 1078 81 41 aff.
1082 1079 116 39 Nov.
1226 1079 56 40 27;
1340 1080 41 39 A
1409 1079 170 48 89652;
1610 1079 176 49 Covici,
1817 1079 185 49 Friede,
2032 1082 90 40 inc.

213 1135 220 47 (36-904)

134 1238 301 65 Nabonne,
462 1239 284 53 Bernard.

267 1314 1754 68 … A la gasconne. Paris, Les Éditions de France, c 1935.
202 1386 669 50 3 p. l. , 241 p., 1 l. 19cm.
203 1444 71 41 On
307 1454 167 31 cover;
509 1444 200 41 Roman.

133 1497 1873 61 © Feb. 2, 1935; 1c. ‘May 6; A-Foreign 27844; Éditions de France.
211 1564 279 49 (35-13223)

131 1666 330 66 Noltenius,
488 1667 322 55 Friedrich.

201 1744 204 67 Raum,
445 1745 318 67 Strahlung,
807 1745 261 65 materie;
1115 1742 634 69 naturphilosophische
131 1745 1965 144 Untersuchungen,
368 1839 110 36 von
507 1821 299 53 Friedrich
838 1822 313 54 Noltenius.
1217 1823 115 53 Mit
1361 1825 64 49 49
1458 1821 386 67 abbildungen
1874 1821 78 52 im
1982 1827 135 49 text.

131 1900 255 67 Leipzig,
412 1901 55 53 J.
494 1901 70 51 A.
594 1900 202 67 Barth,
824 1902 148 51 1935.

200 1971 878 49 vi, 164 p. illus., diagrs. 23 ½cm .
134 2025 1987 53 © Mar. 19, 1935; 1c. July 10; A -Foreign 28401; Johann Ambrosius
203 2086 169 40 Barth.
441 2085 278 49 (35-19282)

130 2188 195 54 North
359 2189 289 55 Carolina.
720 2191 183 64 Laws,
933 2195 238 49 statutes
1177 2235 12 19 ,
1220 2195 87 47 etc
1310 2231 11 12 .

200 2265 187 55 North
413 2266 270 55 Carolina
710 2265 330 54 workmen’s
1065 2264 423 69 compensation
1513 2268 91 50 act
1629 2264 326 68 annotated,
1980 2265 136 52 with

132 2344 384 52 amendments
549 2343 113 52 and
697 2341 275 55 decisions
1004 2348 58 48 to
1094 2343 142 68 July
1273 2345 47 65 1,
1354 2346 153 63 1935,
1538 2342 300 69 including
1870 2343 150 53 rules
2054 2343 62 52 of

128 2420 1965 300 the commission, opinions of the attorney general and a compensation citator. Edited by E. C. Willis … under the direction of M. S. Breckenridge … Raleigh, North Carolina industrial commission, 1935.
199 2725 611 47 1 p. l. , iv, 173 p. 23 cm .
131 2779 53 53 ©
214 2782 101 41 Oct.
345 2783 40 46 4,
416 2782 139 46 1935;
588 2782 64 39 2c.
687 2781 102 40 Oct.
816 2782 52 44 5;
901 2781 82 41 aff.
1015 2781 102 40 Oct.
1149 2782 24 40 7;
1234 2782 41 39 A
1305 2782 169 46 86663;
1508 2782 156 41 North
1696 2782 228 41 Carolina
199 2783 1898 96 industrial
341 2838 318 41 commission.
727 2837 219 48 (36-995)

127 2938 241 66 Parker,
397 2939 232 54 Arthur
659 2939 261 65 Caswell,
951 2943 171 50 1881-

195 3013 1854 70 A manual for history museums, by Arthur C. Parker …
126 3090 138 55 New
289 3092 179 68 York,
496 3091 298 55 Columbia
822 3090 314 71 university
1162 3109 174 52 press,
1363 3093 151 52 1935.

128 3164 1985 105 XV p., 3 l., [3]-204 p. front., illus. (incl. map) plates. 23½ cm . (Half-title: New York state historical association series … no. III)
197 3276 344 49 Bibliography:
618 3288 42 38 p.
752 3278 204 49 [195]-196.
1031 3277 346 42 “References”
1427 3280 51 38 at
1524 3278 92 41 end
1664 3277 51 40 of
1762 3279 241 46 appendix
2052 3287 58 31 in

135 3333 65 46 (p.
229 3333 107 49 183)

129 3387 53 53 ©
215 3393 116 38 Nov.
366 3393 69 47 25,
471 3392 116 40 1935;
648 3392 65 41 2c.
750 3393 117 40 Nov.
902 3392 54 40 29;
1021 3393 81 40 aff.
1138 3394 118 39 Nov.
1291 3392 59 41 27;
1411 3394 40 39 A
1486 3392 169 48 89662;
1695 3393 250 41 Columbia
1984 3394 128 40 univ.

196 3459 149 38 press.
414 3450 220 47 (36-985)

125 3550 320 65 Parshalle,
474 3553 139 53 Eve.

193 3626 159 69 Dogs
384 3625 62 54 of
478 3627 96 53 the
607 3625 207 69 world;
849 3628 96 53 the
978 3626 206 70 origin,
1216 3628 168 53 traits
1419 3627 111 53 and
1565 3626 448 55 characteristics
2045 3627 63 53 of

126 3702 356 54 well-known
517 3704 157 68 dogs,
706 3704 72 69 by
810 3705 121 52 Eve
964 3705 312 53 Parshalle.
1346 3704 117 55 San
1494 3704 323 68 Francisco,
1846 3705 112 53 Los
122 3704 1963 143 Angeles,
319 3779 399 67 Suttonhouse,
748 3784 148 50 1935.

193 3851 714 49 2 p. l. , 7-187 p. illus. 24cm.
123 3904 53 53 ©
210 3909 112 46 May
357 3908 39 46 8,
431 3906 140 48 1935;
608 3909 66 40 2c.
708 3910 109 39 Dec.
853 3908 82 48 27;
972 3908 82 42 aff.
1089 3909 110 41 Dec.
1237 3908 82 48 26;
1356 3909 41 39 A
1430 3907 171 50 90094;
1643 3909 340 48 Suttonhouse,
2019 3910 86 41 ltd.

202 3962 220 50 (36-857)
