<alto xmlns="http://www.loc.gov/standards/alto/ns-v3#" xmlns:xlink="http://www.w3.org/1999/xlink" xmlns:xsi="http://www.w3.org/2001/XMLSchema-instance" xsi:schemaLocation="http://www.loc.gov/standards/alto/ns-v3# http://www.loc.gov/alto/v3/alto-3-0.xsd"><Description>
<MeasurementUnit>pixel</MeasurementUnit>
<sourceImageInformation>
<fileName>1935_v32_Part1.pdf</fileName>
</sourceImageInformation>
<OCRProcessing ID="IdOcr">
<ocrProcessingStep>
<processingDateTime>2019-01-15</processingDateTime>
<processingSoftware>
<softwareCreator>ABBYY</softwareCreator>
<softwareName>ABBYY Recognition Server</softwareName>
<softwareVersion>4.0</softwareVersion>
</processingSoftware>
</ocrProcessingStep>
</OCRProcessing>
</Description>
<Styles>
<ParagraphStyle ID="StyleId-FFFFFFFF-FFFF-FFFF-FFFF-FFFFFFFFFFFF-" ALIGN="Left" LEFT="0." RIGHT="0." FIRSTLINE="0."/>
<ParagraphStyle ID="StyleId-09A13A44-4F77-4ABE-84F3-84CC8B3C72CE-" ALIGN="Left" LEFT="0." RIGHT="0." FIRSTLINE="0." LINESPACE="7.699999809"/>
<ParagraphStyle ID="StyleId-1F945060-F8CD-4435-B69A-5FF49DB0C586-" ALIGN="Left" LEFT="0." RIGHT="0." FIRSTLINE="-10." LINESPACE="12.19999981"/>
<ParagraphStyle ID="StyleId-C6CAE747-F5A4-4D0D-8D74-D452DA7E2C1C-" ALIGN="Block" LEFT="0." RIGHT="0." FIRSTLINE="-14." LINESPACE="8.350000381"/>
<ParagraphStyle ID="StyleId-FC0F3374-189A-459E-BE29-2DC14180F022-" ALIGN="Left" LEFT="0." RIGHT="0." FIRSTLINE="0."/>
<ParagraphStyle ID="StyleId-49397C49-A894-4B3E-BA5E-1126226BA375-" ALIGN="Left" LEFT="0." RIGHT="0." FIRSTLINE="-12." LINESPACE="11.09000015"/>
<ParagraphStyle ID="StyleId-9E34DD3A-E661-48BD-A3A1-6A3D48346F00-" ALIGN="Block" LEFT="0." RIGHT="0." FIRSTLINE="-14." LINESPACE="11.09000015"/>
<ParagraphStyle ID="StyleId-56CE54AA-A08B-4BAA-8605-F26020A0E36E-" ALIGN="Left" LEFT="0." RIGHT="0." FIRSTLINE="0." LINESPACE="9.399999619"/>
<ParagraphStyle ID="StyleId-77814FFC-C42F-4AA9-9880-EF33B947DEC8-" ALIGN="Left" LEFT="0." RIGHT="0." FIRSTLINE="-11." LINESPACE="11.06999969"/>
<ParagraphStyle ID="StyleId-FDE92EC0-67DC-4C7B-8A24-094B12C38B6C-" ALIGN="Center" LEFT="0." RIGHT="0." FIRSTLINE="0." LINESPACE="11.30000019"/>
<ParagraphStyle ID="StyleId-65180E3B-4C93-4FB8-81EE-E026DD63DBF3-" ALIGN="Left" LEFT="0." RIGHT="0." FIRSTLINE="0." LINESPACE="11.10000038"/>
<ParagraphStyle ID="StyleId-10E885C2-5813-4620-B0AA-0FBA30CF7A32-" ALIGN="Left" LEFT="0." RIGHT="0." FIRSTLINE="0." LINESPACE="9.5"/>
<ParagraphStyle ID="StyleId-913C2DB5-9F02-4067-BAF7-0AED37B60BBE-" ALIGN="Left" LEFT="0." RIGHT="0." FIRSTLINE="0." LINESPACE="6.099999905"/>
<ParagraphStyle ID="StyleId-9C79A9D2-8F08-4A8F-985D-B00E253ED1E5-" ALIGN="Left" LEFT="0." RIGHT="0." FIRSTLINE="0." LINESPACE="4.400000095"/>
<ParagraphStyle ID="StyleId-A41F0407-FEFE-4738-9EC5-E05AFFF62781-" ALIGN="Left" LEFT="0." RIGHT="0." FIRSTLINE="0." LINESPACE="7.300000191"/>
<ParagraphStyle ID="StyleId-61D37176-94E8-408D-9B87-01C406CE8AB2-" ALIGN="Left" LEFT="0." RIGHT="0." FIRSTLINE="0." LINESPACE="8.050000191"/>
</Styles>
<Layout>
<Page ID="Page1612" PHYSICAL_IMG_NR="1612" HEIGHT="4375" WIDTH="2424">
<TopMargin HEIGHT="373" WIDTH="2424" VPOS="0" HPOS="0">
</TopMargin>
<LeftMargin HEIGHT="3729" WIDTH="306" VPOS="373" HPOS="0">
</LeftMargin>
<RightMargin HEIGHT="3729" WIDTH="96" VPOS="373" HPOS="2328">
</RightMargin>
<BottomMargin HEIGHT="273" WIDTH="2424" VPOS="4102" HPOS="0">
</BottomMargin>
<PrintSpace HEIGHT="3729" WIDTH="2022" VPOS="373" HPOS="306">
<TextBlock ID="Page1612_Block1" HEIGHT="70" WIDTH="154" VPOS="4032" HPOS="1236" LANG="en-US" STYLEREFS="StyleId-AE2800AC-7C60-4B6F-B9B6-22907FA8DD9D-">
<TextLine HEIGHT="50" WIDTH="134" VPOS="4043" HPOS="1246">
<String CONTENT="1612" HEIGHT="50" WIDTH="134" VPOS="4043" HPOS="1246"/>
</TextLine>
</TextBlock>
<TextBlock ID="Page1612_Block2" HEIGHT="3625" WIDTH="2022" VPOS="373" HPOS="306" LANG="en-US" CS="1" STYLEREFS="StyleId-3B0AC4AD-095A-496B-A583-5D73D5F479B9-">
<TextLine HEIGHT="67" WIDTH="1558" VPOS="391" HPOS="319" STYLEREFS="StyleId-812FE406-FBCE-4503-AD82-841AFF56A22C-">
<String CONTENT="Deland," HEIGHT="65" WIDTH="243" VPOS="391" HPOS="319"/>
<SP HEIGHT="62" WIDTH="28" VPOS="394" HPOS="563"/>
<String CONTENT="Mrs." HEIGHT="52" WIDTH="136" VPOS="394" HPOS="592"/>
<SP HEIGHT="53" WIDTH="30" VPOS="393" HPOS="729"/>
<String CONTENT="Margaret" HEIGHT="62" WIDTH="305" VPOS="393" HPOS="760"/>
<SP HEIGHT="53" WIDTH="29" VPOS="394" HPOS="1066"/>
<String CONTENT="Wade" HEIGHT="52" WIDTH="180" VPOS="394" HPOS="1096"/>
<SP HEIGHT="63" WIDTH="30" VPOS="395" HPOS="1277"/>
<String CONTENT="(Campbell)" HEIGHT="66" WIDTH="360" VPOS="392" HPOS="1308"/>
<SP HEIGHT="63" WIDTH="37" VPOS="395" HPOS="1669"/>
<String CONTENT="1857-" HEIGHT="52" WIDTH="170" VPOS="396" HPOS="1707"/>
</TextLine>
<TextLine HEIGHT="146" WIDTH="1970" VPOS="467" HPOS="320" STYLEREFS="StyleId-812FE406-FBCE-4503-AD82-841AFF56A22C-" CS="1">
<String CONTENT="If" HEIGHT="53" WIDTH="66" VPOS="467" HPOS="386"/>
<SP HEIGHT="54" WIDTH="27" VPOS="467" HPOS="453"/>
<String CONTENT="this" HEIGHT="53" WIDTH="116" VPOS="469" HPOS="481"/>
<SP HEIGHT="54" WIDTH="29" VPOS="468" HPOS="598"/>
<String CONTENT="be" HEIGHT="53" WIDTH="66" VPOS="468" HPOS="628"/>
<SP HEIGHT="52" WIDTH="29" VPOS="469" HPOS="695"/>
<String CONTENT="I," HEIGHT="67" WIDTH="49" VPOS="469" HPOS="725"/>
<SP HEIGHT="49" WIDTH="31" VPOS="487" HPOS="775"/>
<String CONTENT="as" HEIGHT="35" WIDTH="59" VPOS="487" HPOS="807"/>
<SP HEIGHT="53" WIDTH="28" VPOS="469" HPOS="867"/>
<String CONTENT="I" HEIGHT="51" WIDTH="31" VPOS="469" HPOS="896"/>
<SP HEIGHT="53" WIDTH="29" VPOS="469" HPOS="928"/>
<String CONTENT="suppose" HEIGHT="50" WIDTH="243" VPOS="487" HPOS="958"/>
<SP HEIGHT="52" WIDTH="29" VPOS="469" HPOS="1202"/>
<String CONTENT="it" HEIGHT="52" WIDTH="46" VPOS="469" HPOS="1232"/>
<SP HEIGHT="53" WIDTH="32" VPOS="469" HPOS="1279"/>
<String CONTENT="be," HEIGHT="68" WIDTH="82" VPOS="469" HPOS="1312"/>
<SP HEIGHT="68" WIDTH="31" VPOS="469" HPOS="1395"/>
<String CONTENT="by" HEIGHT="69" WIDTH="75" VPOS="469" HPOS="1427"/>
<SP HEIGHT="68" WIDTH="30" VPOS="470" HPOS="1503"/>
<String CONTENT="Margaret" HEIGHT="68" WIDTH="298" VPOS="470" HPOS="1534"/>
<SP HEIGHT="52" WIDTH="31" VPOS="471" HPOS="1833"/>
<String CONTENT="Deland;" HEIGHT="69" WIDTH="255" VPOS="469" HPOS="1865"/>
<SP HEIGHT="69" WIDTH="35" VPOS="469" HPOS="2121"/>
<String CONTENT="illustrations" HEIGHT="132" WIDTH="1970" VPOS="469" HPOS="320"/>
<SP HEIGHT="52" WIDTH="30" VPOS="548" HPOS="564"/>
<String CONTENT="by" HEIGHT="65" WIDTH="73" VPOS="548" HPOS="595"/>
</TextLine>
<TextLine HEIGHT="143" WIDTH="1972" VPOS="548" HPOS="319" STYLEREFS="StyleId-812FE406-FBCE-4503-AD82-841AFF56A22C-" CS="1">
<String CONTENT="Dorothy" HEIGHT="66" WIDTH="263" VPOS="548" HPOS="702"/>
<SP HEIGHT="64" WIDTH="34" VPOS="550" HPOS="966"/>
<String LANG="fr" CONTENT="Bayley." HEIGHT="66" WIDTH="234" VPOS="548" HPOS="1001"/>
<SP HEIGHT="53" WIDTH="75" VPOS="548" HPOS="1236"/>
<String CONTENT="New" HEIGHT="52" WIDTH="138" VPOS="548" HPOS="1312"/>
<SP HEIGHT="51" WIDTH="34" VPOS="550" HPOS="1451"/>
<String CONTENT="York," HEIGHT="67" WIDTH="179" VPOS="548" HPOS="1486"/>
<SP HEIGHT="65" WIDTH="33" VPOS="550" HPOS="1666"/>
<String CONTENT="London," HEIGHT="67" WIDTH="258" VPOS="548" HPOS="1700"/>
<SP HEIGHT="65" WIDTH="31" VPOS="550" HPOS="1959"/>
<String CONTENT="D." HEIGHT="51" WIDTH="70" VPOS="550" HPOS="1991"/>
<SP HEIGHT="52" WIDTH="36" VPOS="549" HPOS="2062"/>
<String CONTENT="Appleton-Century" HEIGHT="142" WIDTH="1972" VPOS="549" HPOS="319"/>
<SP HEIGHT="48" WIDTH="30" VPOS="643" HPOS="704"/>
<String CONTENT="company," HEIGHT="49" WIDTH="297" VPOS="642" HPOS="735"/>
<SP HEIGHT="64" WIDTH="29" VPOS="627" HPOS="1033"/>
<String CONTENT="incorporated," HEIGHT="65" WIDTH="419" VPOS="626" HPOS="1063"/>
<SP HEIGHT="59" WIDTH="33" VPOS="631" HPOS="1483"/>
<String CONTENT="1935." HEIGHT="50" WIDTH="149" VPOS="630" HPOS="1517"/>
</TextLine>
<TextLine HEIGHT="49" WIDTH="1182" VPOS="695" HPOS="389" CS="1">
<String CONTENT="6" HEIGHT="39" WIDTH="27" VPOS="696" HPOS="389"/>
<SP HEIGHT="48" WIDTH="23" VPOS="696" HPOS="417"/>
<String CONTENT="p." HEIGHT="38" WIDTH="42" VPOS="706" HPOS="441"/>
<SP/>
<String CS="1" CONTENT="l.,"/>
<SP/>
<String CONTENT="3-227" HEIGHT="41" WIDTH="145" VPOS="695" HPOS="577"/>
<SP HEIGHT="48" WIDTH="23" VPOS="696" HPOS="723"/>
<String CONTENT="p." HEIGHT="38" WIDTH="42" VPOS="706" HPOS="747"/>
<SP HEIGHT="40" WIDTH="60" VPOS="696" HPOS="790"/>
<String CONTENT="front." HEIGHT="41" WIDTH="148" VPOS="696" HPOS="851"/>
<SP HEIGHT="47" WIDTH="28" VPOS="697" HPOS="1000"/>
<String CONTENT="(port.)" HEIGHT="47" WIDTH="170" VPOS="697" HPOS="1029"/>
<SP HEIGHT="47" WIDTH="36" VPOS="696" HPOS="1200"/>
<String LANG="fr" CONTENT="illus." HEIGHT="41" WIDTH="128" VPOS="696" HPOS="1237"/>
<SP HEIGHT="40" WIDTH="59" VPOS="697" HPOS="1366"/>
<String CS="1" CONTENT="19&#189;" HEIGHT="41" WIDTH="55" VPOS="695" HPOS="1426"/>
<String STYLE="superscript" CONTENT="cm" HEIGHT="22" WIDTH="45" VPOS="698" HPOS="1514"/>
<String CONTENT="." HEIGHT="10" WIDTH="9" VPOS="729" HPOS="1562"/>
</TextLine>
<TextLine HEIGHT="42" WIDTH="1093" VPOS="752" HPOS="392">
<String CONTENT="Recollections" HEIGHT="41" WIDTH="350" VPOS="752" HPOS="392"/>
<SP HEIGHT="30" WIDTH="27" VPOS="763" HPOS="743"/>
<String CONTENT="of" HEIGHT="39" WIDTH="54" VPOS="753" HPOS="771"/>
<SP HEIGHT="40" WIDTH="26" VPOS="753" HPOS="826"/>
<String CONTENT="the" HEIGHT="40" WIDTH="83" VPOS="754" HPOS="853"/>
<SP HEIGHT="30" WIDTH="28" VPOS="764" HPOS="937"/>
<String CONTENT="author&#8217;s" HEIGHT="41" WIDTH="218" VPOS="753" HPOS="966"/>
<SP HEIGHT="30" WIDTH="28" VPOS="764" HPOS="1185"/>
<String CONTENT="childhood." HEIGHT="40" WIDTH="271" VPOS="754" HPOS="1214"/>
</TextLine>
<TextLine HEIGHT="54" WIDTH="1999" VPOS="808" HPOS="316" CS="1">
<String CONTENT="&#169;" HEIGHT="53" WIDTH="53" VPOS="808" HPOS="316"/>
<SP HEIGHT="53" WIDTH="34" VPOS="808" HPOS="370"/>
<String CONTENT="Oct." HEIGHT="40" WIDTH="100" VPOS="812" HPOS="405"/>
<SP HEIGHT="40" WIDTH="31" VPOS="811" HPOS="506"/>
<String CONTENT="28," HEIGHT="47" WIDTH="70" VPOS="811" HPOS="538"/>
<SP HEIGHT="44" WIDTH="33" VPOS="814" HPOS="609"/>
<String CS="1" CONTENT="1035;" HEIGHT="40" WIDTH="113" VPOS="812" HPOS="643"/>
<SP HEIGHT="45" WIDTH="37" VPOS="813" HPOS="783"/>
<String CONTENT="2c." HEIGHT="40" WIDTH="65" VPOS="813" HPOS="821"/>
<SP HEIGHT="41" WIDTH="36" VPOS="812" HPOS="887"/>
<String CONTENT="Oct." HEIGHT="41" WIDTH="101" VPOS="812" HPOS="924"/>
<SP HEIGHT="38" WIDTH="35" VPOS="814" HPOS="1026"/>
<String CS="1" CONTENT="80;" HEIGHT="40" WIDTH="55" VPOS="812" HPOS="1062"/>
<SP HEIGHT="34" WIDTH="37" VPOS="824" HPOS="1144"/>
<String CS="1" CONTENT="aff." HEIGHT="40" WIDTH="82" VPOS="813" HPOS="1182"/>
<SP HEIGHT="38" WIDTH="35" VPOS="814" HPOS="1265"/>
<String CONTENT="Nov." HEIGHT="39" WIDTH="116" VPOS="814" HPOS="1301"/>
<SP HEIGHT="40" WIDTH="36" VPOS="814" HPOS="1418"/>
<String CONTENT="8;" HEIGHT="46" WIDTH="51" VPOS="814" HPOS="1455"/>
<SP HEIGHT="46" WIDTH="37" VPOS="814" HPOS="1507"/>
<!-- cceid 95E0D3BF-6D82-1014-B070-FDFD250A9EDA --><String CONTENT="A" HEIGHT="38" WIDTH="40" VPOS="814" HPOS="1545"/>
<SP HEIGHT="40" WIDTH="33" VPOS="814" HPOS="1586"/>
<String CONTENT="89299;" HEIGHT="47" WIDTH="170" VPOS="812" HPOS="1620"/>
<SP HEIGHT="44" WIDTH="38" VPOS="815" HPOS="1791"/>
<String CONTENT="Margaret" HEIGHT="47" WIDTH="246" VPOS="815" HPOS="1830"/>
<SP HEIGHT="40" WIDTH="36" VPOS="814" HPOS="2077"/>
<String CONTENT="Deland," HEIGHT="46" WIDTH="201" VPOS="814" HPOS="2114"/>
</TextLine>
<TextLine HEIGHT="49" WIDTH="847" VPOS="868" HPOS="438" CS="1">
<String CS="1" CONTENT="Kennebunkport," HEIGHT="47" WIDTH="381" VPOS="870" HPOS="438"/>
<SP HEIGHT="46" WIDTH="25" VPOS="870" HPOS="820"/>
<String CONTENT="Me." HEIGHT="38" WIDTH="88" VPOS="870" HPOS="846"/>
<SP HEIGHT="46" WIDTH="70" VPOS="868" HPOS="935"/>
<String CONTENT="(35-27401)" HEIGHT="48" WIDTH="279" VPOS="868" HPOS="1006"/>
</TextLine>
<TextLine HEIGHT="67" WIDTH="991" VPOS="942" HPOS="319" STYLEREFS="StyleId-812FE406-FBCE-4503-AD82-841AFF56A22C-">
<String CONTENT="Ditmars," HEIGHT="66" WIDTH="288" VPOS="942" HPOS="319"/>
<SP HEIGHT="62" WIDTH="27" VPOS="946" HPOS="608"/>
<String CONTENT="Raymond" HEIGHT="62" WIDTH="307" VPOS="946" HPOS="636"/>
<SP HEIGHT="54" WIDTH="29" VPOS="945" HPOS="944"/>
<String CONTENT="Lee," HEIGHT="64" WIDTH="133" VPOS="945" HPOS="974"/>
<SP HEIGHT="58" WIDTH="31" VPOS="951" HPOS="1108"/>
<String CONTENT="1876-" HEIGHT="52" WIDTH="170" VPOS="948" HPOS="1140"/>
</TextLine>
<TextLine HEIGHT="69" WIDTH="1930" VPOS="1023" HPOS="385" STYLEREFS="StyleId-812FE406-FBCE-4503-AD82-841AFF56A22C-">
<String CONTENT="The" HEIGHT="51" WIDTH="119" VPOS="1024" HPOS="385"/>
<SP HEIGHT="52" WIDTH="33" VPOS="1023" HPOS="505"/>
<String CONTENT="book" HEIGHT="53" WIDTH="146" VPOS="1023" HPOS="539"/>
<SP HEIGHT="51" WIDTH="33" VPOS="1024" HPOS="686"/>
<String CONTENT="of" HEIGHT="52" WIDTH="63" VPOS="1023" HPOS="720"/>
<SP HEIGHT="68" WIDTH="33" VPOS="1023" HPOS="784"/>
<String CONTENT="prehistoric" HEIGHT="68" WIDTH="338" VPOS="1023" HPOS="818"/>
<SP HEIGHT="34" WIDTH="33" VPOS="1042" HPOS="1157"/>
<String CONTENT="animals," HEIGHT="66" WIDTH="259" VPOS="1024" HPOS="1191"/>
<SP HEIGHT="66" WIDTH="31" VPOS="1024" HPOS="1451"/>
<String CONTENT="by" HEIGHT="67" WIDTH="75" VPOS="1024" HPOS="1483"/>
<SP HEIGHT="67" WIDTH="32" VPOS="1024" HPOS="1559"/>
<String CONTENT="Raymond" HEIGHT="68" WIDTH="299" VPOS="1024" HPOS="1592"/>
<SP HEIGHT="53" WIDTH="37" VPOS="1024" HPOS="1892"/>
<String CONTENT="L." HEIGHT="51" WIDTH="64" VPOS="1024" HPOS="1930"/>
<SP HEIGHT="51" WIDTH="33" VPOS="1025" HPOS="1995"/>
<String CONTENT="Ditmars;" HEIGHT="64" WIDTH="286" VPOS="1023" HPOS="2029"/>
</TextLine>
<TextLine HEIGHT="69" WIDTH="1800" VPOS="1102" HPOS="320" STYLEREFS="StyleId-812FE406-FBCE-4503-AD82-841AFF56A22C-" CS="1">
<String CONTENT="illustrated" HEIGHT="52" WIDTH="322" VPOS="1103" HPOS="320"/>
<SP HEIGHT="53" WIDTH="21" VPOS="1102" HPOS="643"/>
<String CONTENT="by" HEIGHT="69" WIDTH="74" VPOS="1102" HPOS="665"/>
<SP HEIGHT="68" WIDTH="22" VPOS="1103" HPOS="740"/>
<String CONTENT="Helene" HEIGHT="52" WIDTH="215" VPOS="1103" HPOS="763"/>
<SP HEIGHT="55" WIDTH="25" VPOS="1102" HPOS="979"/>
<String CONTENT="Carter." HEIGHT="55" WIDTH="218" VPOS="1102" HPOS="1005"/>
<SP HEIGHT="53" WIDTH="58" VPOS="1103" HPOS="1224"/>
<String CONTENT="Where" HEIGHT="54" WIDTH="207" VPOS="1103" HPOS="1283"/>
<SP HEIGHT="48" WIDTH="21" VPOS="1109" HPOS="1491"/>
<String CONTENT="the" HEIGHT="52" WIDTH="96" VPOS="1104" HPOS="1513"/>
<SP HEIGHT="33" WIDTH="21" VPOS="1123" HPOS="1610"/>
<String CONTENT="extinct" HEIGHT="52" WIDTH="214" VPOS="1104" HPOS="1632"/>
<SP HEIGHT="47" WIDTH="23" VPOS="1109" HPOS="1847"/>
<String CONTENT="reptiles," HEIGHT="68" WIDTH="249" VPOS="1103" HPOS="1871"/>
</TextLine>
<TextLine HEIGHT="131" WIDTH="1975" VPOS="1120" HPOS="319" STYLEREFS="StyleId-812FE406-FBCE-4503-AD82-841AFF56A22C-" CS="1">
<String CONTENT="mammal-like" HEIGHT="115" WIDTH="1975" VPOS="1120" HPOS="319"/>
<SP HEIGHT="34" WIDTH="39" VPOS="1200" HPOS="575"/>
<String CONTENT="reptiles," HEIGHT="69" WIDTH="250" VPOS="1182" HPOS="615"/>
<SP HEIGHT="67" WIDTH="35" VPOS="1182" HPOS="866"/>
<String CONTENT="birds" HEIGHT="53" WIDTH="159" VPOS="1182" HPOS="902"/>
<SP HEIGHT="34" WIDTH="37" VPOS="1202" HPOS="1062"/>
<String CONTENT="and" HEIGHT="53" WIDTH="112" VPOS="1183" HPOS="1100"/>
<SP HEIGHT="52" WIDTH="39" VPOS="1183" HPOS="1213"/>
<String CONTENT="mammals" HEIGHT="51" WIDTH="297" VPOS="1184" HPOS="1253"/>
<SP HEIGHT="34" WIDTH="38" VPOS="1202" HPOS="1551"/>
<String CONTENT="came" HEIGHT="34" WIDTH="154" VPOS="1202" HPOS="1590"/>
<SP HEIGHT="54" WIDTH="39" VPOS="1182" HPOS="1745"/>
<String CONTENT="from." HEIGHT="53" WIDTH="168" VPOS="1182" HPOS="1785"/>
</TextLine>
<TextLine HEIGHT="148" WIDTH="1973" VPOS="1183" HPOS="321" STYLEREFS="StyleId-812FE406-FBCE-4503-AD82-841AFF56A22C-" CS="1">
<String LANG="en-US" CONTENT="Philadelphia" HEIGHT="145" WIDTH="1973" VPOS="1183" HPOS="321"/>
<SP HEIGHT="34" WIDTH="28" VPOS="1280" HPOS="457"/>
<String LANG="en-US" CONTENT="and" HEIGHT="52" WIDTH="112" VPOS="1262" HPOS="486"/>
<SP HEIGHT="53" WIDTH="29" VPOS="1261" HPOS="599"/>
<String LANG="en-US" CONTENT="London," HEIGHT="67" WIDTH="257" VPOS="1261" HPOS="629"/>
<SP HEIGHT="66" WIDTH="29" VPOS="1262" HPOS="887"/>
<String LANG="fr" CONTENT="J." HEIGHT="53" WIDTH="54" VPOS="1262" HPOS="917"/>
<SP HEIGHT="51" WIDTH="32" VPOS="1263" HPOS="972"/>
<String LANG="fr" CONTENT="B." HEIGHT="51" WIDTH="66" VPOS="1263" HPOS="1005"/>
<SP HEIGHT="52" WIDTH="29" VPOS="1262" HPOS="1072"/>
<String LANG="fr" CONTENT="Lippincott" HEIGHT="68" WIDTH="337" VPOS="1262" HPOS="1102"/>
<SP HEIGHT="48" WIDTH="29" VPOS="1268" HPOS="1440"/>
<String LANG="en-US" CONTENT="company" HEIGHT="51" WIDTH="279" VPOS="1280" HPOS="1470"/>
<SP HEIGHT="50" WIDTH="36" VPOS="1280" HPOS="1750"/>
<String LANG="en-US" CONTENT="[" HEIGHT="34" WIDTH="12" VPOS="1296" HPOS="1787"/>
<String STYLE="superscript" LANG="en-US" CONTENT="c" HEIGHT="22" WIDTH="17" VPOS="1268" HPOS="1804"/>
<String LANG="en-US" CONTENT="1935]" HEIGHT="65" WIDTH="150" VPOS="1265" HPOS="1829"/>
</TextLine>
<TextLine HEIGHT="50" WIDTH="1358" VPOS="1336" HPOS="389" CS="1">
<String CONTENT="64" HEIGHT="38" WIDTH="55" VPOS="1337" HPOS="389"/>
<SP HEIGHT="47" WIDTH="30" VPOS="1338" HPOS="445"/>
<String CONTENT="p." HEIGHT="37" WIDTH="42" VPOS="1348" HPOS="476"/>
<SP HEIGHT="41" WIDTH="31" VPOS="1336" HPOS="519"/>
<String CONTENT="incl." HEIGHT="41" WIDTH="110" VPOS="1336" HPOS="551"/>
<SP HEIGHT="29" WIDTH="31" VPOS="1348" HPOS="662"/>
<String CONTENT="col." HEIGHT="39" WIDTH="85" VPOS="1338" HPOS="694"/>
<SP HEIGHT="40" WIDTH="29" VPOS="1337" HPOS="780"/>
<String CONTENT="front.," HEIGHT="45" WIDTH="164" VPOS="1337" HPOS="810"/>
<SP HEIGHT="45" WIDTH="31" VPOS="1337" HPOS="975"/>
<String CONTENT="illus." HEIGHT="40" WIDTH="128" VPOS="1337" HPOS="1007"/>
<SP HEIGHT="46" WIDTH="27" VPOS="1338" HPOS="1136"/>
<String CONTENT="(part" HEIGHT="48" WIDTH="136" VPOS="1338" HPOS="1164"/>
<SP HEIGHT="37" WIDTH="29" VPOS="1340" HPOS="1301"/>
<String CONTENT="col.)" HEIGHT="46" WIDTH="113" VPOS="1338" HPOS="1331"/>
<SP HEIGHT="47" WIDTH="65" VPOS="1337" HPOS="1445"/>
<String CONTENT="26" HEIGHT="40" WIDTH="54" VPOS="1337" HPOS="1511"/>
<SP HEIGHT="39" WIDTH="18" VPOS="1338" HPOS="1566"/>
<String CS="1" CONTENT="&#215;"/>
<SP HEIGHT="40" WIDTH="16" VPOS="1337" HPOS="1616"/>
<String CONTENT="20" HEIGHT="42" WIDTH="56" VPOS="1337" HPOS="1633"/>
<String STYLE="superscript" CONTENT="cm" HEIGHT="21" WIDTH="45" VPOS="1340" HPOS="1691"/>
<String CONTENT="." HEIGHT="8" WIDTH="9" VPOS="1369" HPOS="1738"/>
</TextLine>
<TextLine HEIGHT="49" WIDTH="1360" VPOS="1393" HPOS="387">
<String CONTENT="Title-page" HEIGHT="49" WIDTH="271" VPOS="1393" HPOS="387"/>
<SP HEIGHT="30" WIDTH="27" VPOS="1404" HPOS="659"/>
<String CONTENT="and" HEIGHT="40" WIDTH="95" VPOS="1394" HPOS="687"/>
<SP HEIGHT="39" WIDTH="27" VPOS="1394" HPOS="783"/>
<String CONTENT="lining-papers" HEIGHT="48" WIDTH="348" VPOS="1394" HPOS="811"/>
<SP HEIGHT="39" WIDTH="29" VPOS="1394" HPOS="1160"/>
<String CONTENT="illustrated" HEIGHT="41" WIDTH="280" VPOS="1394" HPOS="1190"/>
<SP HEIGHT="40" WIDTH="29" VPOS="1394" HPOS="1471"/>
<String CONTENT="in" HEIGHT="40" WIDTH="46" VPOS="1394" HPOS="1501"/>
<SP HEIGHT="29" WIDTH="31" VPOS="1406" HPOS="1548"/>
<String CONTENT="colors." HEIGHT="39" WIDTH="167" VPOS="1396" HPOS="1580"/>
</TextLine>
<TextLine HEIGHT="49" WIDTH="547" VPOS="1450" HPOS="389" CS="1">
<String CS="1" CONTENT="Bibliography;" HEIGHT="49" WIDTH="350" VPOS="1450" HPOS="389"/>
<SP HEIGHT="37" WIDTH="30" VPOS="1462" HPOS="766"/>
<String CONTENT="p." HEIGHT="37" WIDTH="41" VPOS="1462" HPOS="797"/>
<SP HEIGHT="41" WIDTH="29" VPOS="1450" HPOS="839"/>
<String CONTENT="64." HEIGHT="41" WIDTH="67" VPOS="1450" HPOS="869"/>
</TextLine>
<TextLine HEIGHT="53" WIDTH="1994" VPOS="1503" HPOS="322" CS="1">
<String CONTENT="&#169;" HEIGHT="53" WIDTH="53" VPOS="1503" HPOS="322"/>
<SP HEIGHT="53" WIDTH="22" VPOS="1503" HPOS="376"/>
<String CONTENT="Oct." HEIGHT="40" WIDTH="101" VPOS="1508" HPOS="399"/>
<SP HEIGHT="39" WIDTH="24" VPOS="1508" HPOS="501"/>
<String CONTENT="14," HEIGHT="46" WIDTH="69" VPOS="1508" HPOS="526"/>
<SP HEIGHT="45" WIDTH="22" VPOS="1509" HPOS="596"/>
<String CS="1" CONTENT="1935;" HEIGHT="40" WIDTH="113" VPOS="1508" HPOS="619"/>
<SP HEIGHT="41" WIDTH="25" VPOS="1508" HPOS="761"/>
<String CONTENT="2c." HEIGHT="40" WIDTH="66" VPOS="1508" HPOS="787"/>
<SP HEIGHT="30" WIDTH="23" VPOS="1518" HPOS="854"/>
<String CONTENT="and" HEIGHT="39" WIDTH="95" VPOS="1508" HPOS="878"/>
<SP HEIGHT="39" WIDTH="24" VPOS="1508" HPOS="974"/>
<String CONTENT="aff." HEIGHT="40" WIDTH="80" VPOS="1507" HPOS="999"/>
<SP HEIGHT="40" WIDTH="27" VPOS="1508" HPOS="1080"/>
<String CONTENT="Oct." HEIGHT="40" WIDTH="101" VPOS="1508" HPOS="1108"/>
<SP HEIGHT="38" WIDTH="25" VPOS="1509" HPOS="1210"/>
<String CS="1" CONTENT="19;" HEIGHT="39" WIDTH="54" VPOS="1508" HPOS="1236"/>
<SP HEIGHT="41" WIDTH="27" VPOS="1509" HPOS="1317"/>
<!-- cceid 95E106D0-6D82-1014-B070-FDFD250A9EDA --><String LANG="el" CONTENT="A" HEIGHT="38" WIDTH="40" VPOS="1509" HPOS="1345"/>
<SP HEIGHT="40" WIDTH="24" VPOS="1509" HPOS="1386"/>
<String CONTENT="86968;" HEIGHT="46" WIDTH="169" VPOS="1508" HPOS="1411"/>
<SP HEIGHT="45" WIDTH="28" VPOS="1509" HPOS="1581"/>
<String LANG="fr" CONTENT="R." HEIGHT="39" WIDTH="54" VPOS="1509" HPOS="1610"/>
<SP HEIGHT="39" WIDTH="26" VPOS="1509" HPOS="1665"/>
<String CONTENT="L." HEIGHT="40" WIDTH="49" VPOS="1509" HPOS="1692"/>
<SP HEIGHT="39" WIDTH="27" VPOS="1510" HPOS="1742"/>
<String CONTENT="Ditmars" HEIGHT="41" WIDTH="218" VPOS="1508" HPOS="1770"/>
<SP HEIGHT="30" WIDTH="26" VPOS="1519" HPOS="1989"/>
<String CONTENT="and" HEIGHT="39" WIDTH="94" VPOS="1510" HPOS="2016"/>
<SP HEIGHT="40" WIDTH="25" VPOS="1509" HPOS="2111"/>
<String CONTENT="Helene" HEIGHT="40" WIDTH="179" VPOS="1509" HPOS="2137"/>
</TextLine>
<TextLine HEIGHT="50" WIDTH="844" VPOS="1564" HPOS="391">
<String CONTENT="Carter," HEIGHT="48" WIDTH="185" VPOS="1565" HPOS="391"/>
<SP HEIGHT="48" WIDTH="22" VPOS="1565" HPOS="577"/>
<String CONTENT="New" HEIGHT="39" WIDTH="117" VPOS="1565" HPOS="600"/>
<SP HEIGHT="38" WIDTH="23" VPOS="1566" HPOS="718"/>
<String CONTENT="Yoik." HEIGHT="38" WIDTH="140" VPOS="1566" HPOS="742"/>
<SP HEIGHT="48" WIDTH="72" VPOS="1564" HPOS="883"/>
<String CONTENT="(35-27455)" HEIGHT="50" WIDTH="279" VPOS="1564" HPOS="956"/>
</TextLine>
<TextLine HEIGHT="63" WIDTH="498" VPOS="1641" HPOS="322" STYLEREFS="StyleId-C2AEFC21-15A1-4312-B1CA-B7CA021584A9-">
<String CONTENT="Ely," HEIGHT="63" WIDTH="128" VPOS="1641" HPOS="322"/>
<SP HEIGHT="62" WIDTH="25" VPOS="1642" HPOS="451"/>
<String CONTENT="John" HEIGHT="53" WIDTH="154" VPOS="1641" HPOS="477"/>
<SP HEIGHT="51" WIDTH="25" VPOS="1642" HPOS="632"/>
<String CONTENT="T." HEIGHT="54" WIDTH="63" VPOS="1642" HPOS="658"/>
<SP HEIGHT="54" WIDTH="26" VPOS="1642" HPOS="722"/>
<String CONTENT="A." HEIGHT="54" WIDTH="71" VPOS="1642" HPOS="749"/>
</TextLine>
<TextLine HEIGHT="70" WIDTH="1923" VPOS="1714" HPOS="392" STYLEREFS="StyleId-812FE406-FBCE-4503-AD82-841AFF56A22C-">
<String CONTENT="Office" HEIGHT="56" WIDTH="167" VPOS="1714" HPOS="392"/>
<SP HEIGHT="33" WIDTH="39" VPOS="1735" HPOS="560"/>
<String CONTENT="appliance" HEIGHT="68" WIDTH="299" VPOS="1716" HPOS="600"/>
<SP HEIGHT="34" WIDTH="38" VPOS="1737" HPOS="900"/>
<String CONTENT="exercises;" HEIGHT="68" WIDTH="297" VPOS="1715" HPOS="939"/>
<SP HEIGHT="48" WIDTH="42" VPOS="1735" HPOS="1237"/>
<String CONTENT="an" HEIGHT="33" WIDTH="70" VPOS="1735" HPOS="1280"/>
<SP HEIGHT="34" WIDTH="39" VPOS="1735" HPOS="1351"/>
<String CONTENT="overview" HEIGHT="52" WIDTH="275" VPOS="1719" HPOS="1391"/>
<SP HEIGHT="35" WIDTH="41" VPOS="1735" HPOS="1667"/>
<String CONTENT="of" HEIGHT="54" WIDTH="64" VPOS="1716" HPOS="1709"/>
<SP HEIGHT="53" WIDTH="38" VPOS="1716" HPOS="1774"/>
<String CONTENT="office" HEIGHT="55" WIDTH="147" VPOS="1714" HPOS="1813"/>
<SP HEIGHT="35" WIDTH="37" VPOS="1734" HPOS="1961"/>
<String CONTENT="work." HEIGHT="54" WIDTH="172" VPOS="1715" HPOS="1999"/>
<SP HEIGHT="49" WIDTH="73" VPOS="1719" HPOS="2172"/>
<String CONTENT="2d" HEIGHT="53" WIDTH="69" VPOS="1716" HPOS="2246"/>
</TextLine>
<TextLine HEIGHT="70" WIDTH="1994" VPOS="1793" HPOS="321" STYLEREFS="StyleId-812FE406-FBCE-4503-AD82-841AFF56A22C-" CS="1">
<String CONTENT="ed." HEIGHT="54" WIDTH="82" VPOS="1793" HPOS="321"/>
<SP HEIGHT="53" WIDTH="75" VPOS="1794" HPOS="404"/>
<String CONTENT="By" HEIGHT="69" WIDTH="91" VPOS="1794" HPOS="480"/>
<SP HEIGHT="69" WIDTH="38" VPOS="1794" HPOS="572"/>
<String CONTENT="John" HEIGHT="54" WIDTH="157" VPOS="1794" HPOS="611"/>
<SP HEIGHT="51" WIDTH="41" VPOS="1795" HPOS="769"/>
<String CONTENT="T." HEIGHT="53" WIDTH="63" VPOS="1795" HPOS="811"/>
<SP HEIGHT="53" WIDTH="39" VPOS="1795" HPOS="875"/>
<String CONTENT="A." HEIGHT="51" WIDTH="69" VPOS="1795" HPOS="915"/>
<SP HEIGHT="51" WIDTH="42" VPOS="1794" HPOS="985"/>
<String CONTENT="Ely" HEIGHT="69" WIDTH="113" VPOS="1794" HPOS="1028"/>
<SP HEIGHT="50" WIDTH="44" VPOS="1813" HPOS="1142"/>
<String CONTENT="and" HEIGHT="51" WIDTH="111" VPOS="1795" HPOS="1187"/>
<SP HEIGHT="52" WIDTH="42" VPOS="1794" HPOS="1299"/>
<String CONTENT="A." HEIGHT="52" WIDTH="67" VPOS="1794" HPOS="1342"/>
<SP HEIGHT="56" WIDTH="45" VPOS="1793" HPOS="1410"/>
<String CONTENT="C." HEIGHT="56" WIDTH="60" VPOS="1793" HPOS="1456"/>
<SP HEIGHT="51" WIDTH="43" VPOS="1795" HPOS="1517"/>
<String CONTENT="Beaver" HEIGHT="53" WIDTH="217" VPOS="1795" HPOS="1561"/>
<SP HEIGHT="34" WIDTH="44" VPOS="1815" HPOS="1779"/>
<String CS="1" CONTENT="&#8230;"/>
<SP HEIGHT="54" WIDTH="78" VPOS="1794" HPOS="1880"/>
<String CONTENT="New" HEIGHT="54" WIDTH="137" VPOS="1794" HPOS="1959"/>
<SP HEIGHT="53" WIDTH="43" VPOS="1794" HPOS="2097"/>
<String CONTENT="York," HEIGHT="69" WIDTH="174" VPOS="1793" HPOS="2141"/>
</TextLine>
<TextLine HEIGHT="72" WIDTH="1746" VPOS="1870" HPOS="323" STYLEREFS="StyleId-812FE406-FBCE-4503-AD82-841AFF56A22C-" CS="1">
<String CONTENT="Chicago" HEIGHT="70" WIDTH="249" VPOS="1870" HPOS="323"/>
<SP HEIGHT="48" WIDTH="42" VPOS="1892" HPOS="573"/>
<String CS="1" CONTENT="[etc.]" HEIGHT="64" WIDTH="120" VPOS="1876" HPOS="633"/>
<SP HEIGHT="67" WIDTH="42" VPOS="1873" HPOS="754"/>
<String CONTENT="The" HEIGHT="55" WIDTH="120" VPOS="1872" HPOS="797"/>
<SP HEIGHT="56" WIDTH="35" VPOS="1871" HPOS="918"/>
<String CONTENT="Gregg" HEIGHT="69" WIDTH="194" VPOS="1871" HPOS="954"/>
<SP HEIGHT="51" WIDTH="34" VPOS="1891" HPOS="1149"/>
<String CONTENT="publishing" HEIGHT="70" WIDTH="335" VPOS="1872" HPOS="1184"/>
<SP HEIGHT="50" WIDTH="34" VPOS="1890" HPOS="1520"/>
<String CONTENT="company" HEIGHT="52" WIDTH="278" VPOS="1890" HPOS="1555"/>
<SP HEIGHT="62" WIDTH="42" VPOS="1880" HPOS="1834"/>
<String CS="1" CONTENT="[1935]" HEIGHT="65" WIDTH="151" VPOS="1875" HPOS="1918"/>
</TextLine>
<TextLine HEIGHT="48" WIDTH="1147" VPOS="1944" HPOS="391" STYLEREFS="StyleId-812FE406-FBCE-4503-AD82-841AFF56A22C-" CS="1">
<String CONTENT="viii," HEIGHT="47" WIDTH="100" VPOS="1944" HPOS="391"/>
<SP HEIGHT="47" WIDTH="28" VPOS="1944" HPOS="492"/>
<String CONTENT="142" HEIGHT="39" WIDTH="84" VPOS="1944" HPOS="521"/>
<SP HEIGHT="48" WIDTH="26" VPOS="1944" HPOS="606"/>
<String CONTENT="p." HEIGHT="37" WIDTH="43" VPOS="1955" HPOS="633"/>
<SP HEIGHT="40" WIDTH="27" VPOS="1945" HPOS="677"/>
<String CONTENT="incl." HEIGHT="40" WIDTH="109" VPOS="1944" HPOS="705"/>
<SP HEIGHT="39" WIDTH="28" VPOS="1945" HPOS="815"/>
<String CONTENT="illus.," HEIGHT="46" WIDTH="141" VPOS="1945" HPOS="844"/>
<SP HEIGHT="46" WIDTH="26" VPOS="1945" HPOS="986"/>
<String CONTENT="forms." HEIGHT="40" WIDTH="166" VPOS="1945" HPOS="1013"/>
<SP HEIGHT="40" WIDTH="60" VPOS="1945" HPOS="1180"/>
<String CS="1" CONTENT="21&#189;" HEIGHT="39" WIDTH="55" VPOS="1945" HPOS="1241"/>
<SP HEIGHT="41" WIDTH="15" VPOS="1944" HPOS="1327"/>
<String CS="1" CONTENT="&#215;"/>
<SP HEIGHT="39" WIDTH="15" VPOS="1945" HPOS="1376"/>
<String CS="1" CONTENT="29&#189;" HEIGHT="40" WIDTH="56" VPOS="1945" HPOS="1392"/>
<String STYLE="superscript" CONTENT="cm" HEIGHT="21" WIDTH="43" VPOS="1948" HPOS="1481"/>
<String CONTENT="." HEIGHT="8" WIDTH="9" VPOS="1977" HPOS="1529"/>
</TextLine>
<TextLine HEIGHT="47" WIDTH="1066" VPOS="2001" HPOS="391">
<String CONTENT="Text" HEIGHT="39" WIDTH="124" VPOS="2001" HPOS="391"/>
<SP HEIGHT="37" WIDTH="27" VPOS="2003" HPOS="516"/>
<String CONTENT="runs" HEIGHT="30" WIDTH="117" VPOS="2011" HPOS="544"/>
<SP HEIGHT="38" WIDTH="26" VPOS="2010" HPOS="662"/>
<String CONTENT="parallel" HEIGHT="46" WIDTH="203" VPOS="2002" HPOS="689"/>
<SP HEIGHT="39" WIDTH="29" VPOS="2002" HPOS="893"/>
<String CONTENT="with" HEIGHT="40" WIDTH="119" VPOS="2002" HPOS="923"/>
<SP HEIGHT="40" WIDTH="30" VPOS="2002" HPOS="1043"/>
<String CONTENT="back" HEIGHT="40" WIDTH="120" VPOS="2002" HPOS="1074"/>
<SP HEIGHT="40" WIDTH="27" VPOS="2002" HPOS="1195"/>
<String CONTENT="of" HEIGHT="40" WIDTH="52" VPOS="2002" HPOS="1223"/>
<SP HEIGHT="40" WIDTH="26" VPOS="2002" HPOS="1276"/>
<String CONTENT="cover." HEIGHT="32" WIDTH="154" VPOS="2011" HPOS="1303"/>
</TextLine>
<TextLine HEIGHT="50" WIDTH="1923" VPOS="2058" HPOS="391">
<String CONTENT="Includes" HEIGHT="40" WIDTH="225" VPOS="2058" HPOS="391"/>
<SP HEIGHT="39" WIDTH="43" VPOS="2058" HPOS="617"/>
<String CONTENT="blank" HEIGHT="39" WIDTH="147" VPOS="2058" HPOS="661"/>
<SP HEIGHT="48" WIDTH="43" VPOS="2058" HPOS="809"/>
<String CONTENT="pages" HEIGHT="38" WIDTH="144" VPOS="2068" HPOS="853"/>
<SP HEIGHT="40" WIDTH="41" VPOS="2058" HPOS="998"/>
<String CONTENT="for" HEIGHT="40" WIDTH="81" VPOS="2058" HPOS="1040"/>
<SP HEIGHT="38" WIDTH="44" VPOS="2059" HPOS="1122"/>
<String CONTENT="&#8220;Special" HEIGHT="47" WIDTH="220" VPOS="2058" HPOS="1167"/>
<SP HEIGHT="39" WIDTH="44" VPOS="2059" HPOS="1388"/>
<String CONTENT="instructions" HEIGHT="41" WIDTH="317" VPOS="2059" HPOS="1433"/>
<SP HEIGHT="49" WIDTH="53" VPOS="2059" HPOS="1751"/>
<String CONTENT="(for" HEIGHT="49" WIDTH="102" VPOS="2059" HPOS="1805"/>
<SP HEIGHT="37" WIDTH="44" VPOS="2063" HPOS="1908"/>
<String CONTENT="teacher's" HEIGHT="41" WIDTH="235" VPOS="2059" HPOS="1953"/>
<SP HEIGHT="31" WIDTH="44" VPOS="2069" HPOS="2189"/>
<String CONTENT="use" HEIGHT="31" WIDTH="80" VPOS="2068" HPOS="2234"/>
</TextLine>
<TextLine HEIGHT="48" WIDTH="174" VPOS="2113" HPOS="320">
<String CONTENT="only)&#8221;" HEIGHT="48" WIDTH="174" VPOS="2113" HPOS="320"/>
</TextLine>
<TextLine HEIGHT="109" WIDTH="1658" VPOS="2170" HPOS="323" CS="1">
<String CONTENT="&#169;" HEIGHT="53" WIDTH="53" VPOS="2170" HPOS="323"/>
<SP HEIGHT="53" WIDTH="21" VPOS="2170" HPOS="377"/>
<String CONTENT="Nov." HEIGHT="39" WIDTH="117" VPOS="2175" HPOS="399"/>
<SP HEIGHT="39" WIDTH="25" VPOS="2175" HPOS="517"/>
<String CONTENT="6," HEIGHT="42" WIDTH="38" VPOS="2175" HPOS="543"/>
<SP HEIGHT="41" WIDTH="26" VPOS="2176" HPOS="582"/>
<String CS="1" CONTENT="1935;" HEIGHT="42" WIDTH="113" VPOS="2173" HPOS="609"/>
<SP HEIGHT="47" WIDTH="26" VPOS="2174" HPOS="750"/>
<String CONTENT="2c." HEIGHT="40" WIDTH="68" VPOS="2174" HPOS="777"/>
<SP HEIGHT="29" WIDTH="25" VPOS="2185" HPOS="846"/>
<String CONTENT="and" HEIGHT="38" WIDTH="94" VPOS="2176" HPOS="872"/>
<SP HEIGHT="38" WIDTH="25" VPOS="2176" HPOS="967"/>
<String CS="1" CONTENT="aff." HEIGHT="40" WIDTH="80" VPOS="2174" HPOS="993"/>
<SP HEIGHT="38" WIDTH="26" VPOS="2175" HPOS="1074"/>
<String CONTENT="Nov." HEIGHT="39" WIDTH="117" VPOS="2175" HPOS="1101"/>
<SP HEIGHT="40" WIDTH="27" VPOS="2174" HPOS="1219"/>
<String CS="1" CONTENT="8;" HEIGHT="40" WIDTH="28" VPOS="2174" HPOS="1247"/>
<SP HEIGHT="39" WIDTH="27" VPOS="2175" HPOS="1300"/>
<!-- cceid 95E13ECB-6D82-1014-B070-FDFD250A9EDA --><String CONTENT="A" HEIGHT="38" WIDTH="40" VPOS="2175" HPOS="1328"/>
<SP HEIGHT="40" WIDTH="26" VPOS="2174" HPOS="1369"/>
<String CONTENT="89235;" HEIGHT="48" WIDTH="169" VPOS="2173" HPOS="1396"/>
<SP HEIGHT="47" WIDTH="29" VPOS="2174" HPOS="1566"/>
<String CONTENT="Gregg" HEIGHT="48" WIDTH="158" VPOS="2174" HPOS="1596"/>
<SP HEIGHT="38" WIDTH="22" VPOS="2185" HPOS="1755"/>
<String CONTENT="pub." HEIGHT="48" WIDTH="108" VPOS="2175" HPOS="1778"/>
<SP HEIGHT="30" WIDTH="27" VPOS="2185" HPOS="1887"/>
<String LANG="ru" CONTENT="co." HEIGHT="30" WIDTH="66" VPOS="2185" HPOS="1915"/>
<SP/>
<String CONTENT="(35-28702)" HEIGHT="48" WIDTH="280" VPOS="2231" HPOS="401"/>
</TextLine>
<TextLine HEIGHT="66" WIDTH="987" VPOS="2306" HPOS="327" STYLEREFS="StyleId-C2AEFC21-15A1-4312-B1CA-B7CA021584A9-" CS="1">
<String LANG="en-US" CONTENT="[The" HEIGHT="66" WIDTH="140" VPOS="2306" HPOS="327"/>
<SP HEIGHT="52" WIDTH="34" VPOS="2307" HPOS="468"/>
<String LANG="en-US" CONTENT="Encyclopaedia" HEIGHT="64" WIDTH="445" VPOS="2306" HPOS="503"/>
<SP HEIGHT="53" WIDTH="30" VPOS="2307" HPOS="949"/>
<String LANG="fr" CS="1" CONTENT="britannica]" HEIGHT="53" WIDTH="334" VPOS="2307" HPOS="980"/>
</TextLine>
<TextLine HEIGHT="149" WIDTH="1969" VPOS="2381" HPOS="321" STYLEREFS="StyleId-812FE406-FBCE-4503-AD82-841AFF56A22C-" CS="1">
<String CS="1" CONTENT="&#8230;"/>
<SP HEIGHT="51" WIDTH="33" VPOS="2387" HPOS="455"/>
<String CONTENT="Painting;" HEIGHT="67" WIDTH="307" VPOS="2384" HPOS="489"/>
<SP HEIGHT="48" WIDTH="31" VPOS="2403" HPOS="797"/>
<String CONTENT="an" HEIGHT="33" WIDTH="70" VPOS="2403" HPOS="829"/>
<SP HEIGHT="33" WIDTH="30" VPOS="2403" HPOS="900"/>
<String CONTENT="aid" HEIGHT="53" WIDTH="93" VPOS="2385" HPOS="931"/>
<SP HEIGHT="52" WIDTH="30" VPOS="2385" HPOS="1025"/>
<String CONTENT="to" HEIGHT="50" WIDTH="58" VPOS="2388" HPOS="1056"/>
<SP HEIGHT="47" WIDTH="28" VPOS="2391" HPOS="1115"/>
<String CONTENT="the" HEIGHT="53" WIDTH="95" VPOS="2385" HPOS="1144"/>
<SP HEIGHT="51" WIDTH="28" VPOS="2385" HPOS="1240"/>
<String CONTENT="fuller" HEIGHT="55" WIDTH="175" VPOS="2383" HPOS="1269"/>
<SP HEIGHT="35" WIDTH="29" VPOS="2403" HPOS="1445"/>
<String CONTENT="appreciation" HEIGHT="68" WIDTH="392" VPOS="2384" HPOS="1475"/>
<SP HEIGHT="35" WIDTH="28" VPOS="2402" HPOS="1868"/>
<String CONTENT="of" HEIGHT="54" WIDTH="63" VPOS="2383" HPOS="1897"/>
<SP HEIGHT="55" WIDTH="29" VPOS="2381" HPOS="1961"/>
<String CONTENT="fine" HEIGHT="56" WIDTH="109" VPOS="2381" HPOS="1991"/>
<SP HEIGHT="48" WIDTH="26" VPOS="2403" HPOS="2101"/>
<String CONTENT="paintings" HEIGHT="147" WIDTH="1969" VPOS="2383" HPOS="321"/>
<SP HEIGHT="34" WIDTH="33" VPOS="2481" HPOS="452"/>
<String CONTENT="and" HEIGHT="52" WIDTH="113" VPOS="2463" HPOS="486"/>
<SP HEIGHT="54" WIDTH="33" VPOS="2463" HPOS="600"/>
<String CONTENT="a" HEIGHT="33" WIDTH="30" VPOS="2484" HPOS="634"/>
</TextLine>
<TextLine HEIGHT="145" WIDTH="1970" VPOS="2462" HPOS="319" STYLEREFS="StyleId-812FE406-FBCE-4503-AD82-841AFF56A22C-" CS="1">
<String CONTENT="description" HEIGHT="68" WIDTH="348" VPOS="2462" HPOS="701"/>
<SP HEIGHT="34" WIDTH="34" VPOS="2482" HPOS="1050"/>
<String CONTENT="of" HEIGHT="53" WIDTH="62" VPOS="2462" HPOS="1085"/>
<SP HEIGHT="54" WIDTH="33" VPOS="2462" HPOS="1148"/>
<String CONTENT="the" HEIGHT="53" WIDTH="95" VPOS="2463" HPOS="1182"/>
<SP HEIGHT="35" WIDTH="34" VPOS="2480" HPOS="1278"/>
<String CONTENT="various" HEIGHT="52" WIDTH="229" VPOS="2464" HPOS="1313"/>
<SP HEIGHT="48" WIDTH="33" VPOS="2468" HPOS="1543"/>
<String CONTENT="techniques" HEIGHT="67" WIDTH="326" VPOS="2463" HPOS="1577"/>
<SP HEIGHT="55" WIDTH="33" VPOS="2462" HPOS="1904"/>
<String CONTENT="for" HEIGHT="53" WIDTH="94" VPOS="2462" HPOS="1938"/>
<SP HEIGHT="47" WIDTH="34" VPOS="2467" HPOS="2033"/>
<String CONTENT="the" HEIGHT="53" WIDTH="94" VPOS="2462" HPOS="2068"/>
<SP HEIGHT="51" WIDTH="32" VPOS="2464" HPOS="2163"/>
<String CONTENT="layman," HEIGHT="143" WIDTH="1970" VPOS="2464" HPOS="319"/>
<SP HEIGHT="45" WIDTH="20" VPOS="2562" HPOS="472"/>
<String CONTENT="student" HEIGHT="54" WIDTH="231" VPOS="2541" HPOS="493"/>
<SP HEIGHT="47" WIDTH="21" VPOS="2546" HPOS="725"/>
<String CONTENT="and" HEIGHT="52" WIDTH="112" VPOS="2541" HPOS="747"/>
</TextLine>
<TextLine HEIGHT="146" WIDTH="1968" VPOS="2540" HPOS="322" STYLEREFS="StyleId-812FE406-FBCE-4503-AD82-841AFF56A22C-" CS="1">
<String CONTENT="artist." HEIGHT="53" WIDTH="181" VPOS="2541" HPOS="883"/>
<SP HEIGHT="55" WIDTH="58" VPOS="2541" HPOS="1065"/>
<String CONTENT="Garden" HEIGHT="55" WIDTH="233" VPOS="2541" HPOS="1124"/>
<SP HEIGHT="55" WIDTH="23" VPOS="2541" HPOS="1358"/>
<String CONTENT="City," HEIGHT="67" WIDTH="152" VPOS="2541" HPOS="1382"/>
<SP HEIGHT="66" WIDTH="20" VPOS="2542" HPOS="1535"/>
<String CONTENT="N." HEIGHT="52" WIDTH="68" VPOS="2542" HPOS="1556"/>
<SP HEIGHT="52" WIDTH="25" VPOS="2542" HPOS="1625"/>
<String CONTENT="Y.," HEIGHT="65" WIDTH="90" VPOS="2542" HPOS="1651"/>
<SP HEIGHT="66" WIDTH="21" VPOS="2541" HPOS="1742"/>
<String CONTENT="Garden" HEIGHT="55" WIDTH="231" VPOS="2541" HPOS="1764"/>
<SP HEIGHT="54" WIDTH="23" VPOS="2541" HPOS="1996"/>
<String CONTENT="City" HEIGHT="67" WIDTH="135" VPOS="2541" HPOS="2020"/>
<SP HEIGHT="50" WIDTH="20" VPOS="2558" HPOS="2156"/>
<String CONTENT="publishing" HEIGHT="146" WIDTH="1968" VPOS="2540" HPOS="322"/>
<SP HEIGHT="48" WIDTH="23" VPOS="2638" HPOS="539"/>
<String CONTENT="company," HEIGHT="49" WIDTH="297" VPOS="2637" HPOS="563"/>
<SP HEIGHT="66" WIDTH="24" VPOS="2619" HPOS="861"/>
<String CONTENT="inc." HEIGHT="53" WIDTH="106" VPOS="2619" HPOS="886"/>
<SP HEIGHT="33" WIDTH="33" VPOS="2653" HPOS="993"/>
<String CS="1" CONTENT="["/>
<String STYLE="superscript" CONTENT="c" HEIGHT="22" WIDTH="18" VPOS="2626" HPOS="1045"/>
<String CONTENT="1935]" HEIGHT="64" WIDTH="150" VPOS="2622" HPOS="1069"/>
</TextLine>
<TextLine HEIGHT="49" WIDTH="1509" VPOS="2688" HPOS="396" CS="1">
<String CONTENT="xiii" HEIGHT="40" WIDTH="88" VPOS="2690" HPOS="396"/>
<SP HEIGHT="46" WIDTH="25" VPOS="2691" HPOS="485"/>
<String LANG="fr" CONTENT="p.," HEIGHT="36" WIDTH="57" VPOS="2701" HPOS="511"/>
<SP HEIGHT="42" WIDTH="26" VPOS="2692" HPOS="569"/>
<String CONTENT="1" HEIGHT="38" WIDTH="24" VPOS="2692" HPOS="596"/>
<SP/>
<String CS="1" CONTENT="l.,"/>
<SP/>
<String CONTENT="284" HEIGHT="41" WIDTH="86" VPOS="2689" HPOS="716"/>
<SP/>
<String CONTENT="p." HEIGHT="36" WIDTH="42" VPOS="2700" HPOS="830"/>
<SP HEIGHT="30" WIDTH="59" VPOS="2700" HPOS="873"/>
<String CONTENT="col." HEIGHT="40" WIDTH="85" VPOS="2690" HPOS="933"/>
<SP HEIGHT="40" WIDTH="26" VPOS="2690" HPOS="1019"/>
<String CONTENT="front.," HEIGHT="46" WIDTH="162" VPOS="2690" HPOS="1046"/>
<SP HEIGHT="37" WIDTH="25" VPOS="2700" HPOS="1209"/>
<String CONTENT="plates" HEIGHT="47" WIDTH="157" VPOS="2690" HPOS="1235"/>
<SP HEIGHT="45" WIDTH="27" VPOS="2690" HPOS="1393"/>
<String CONTENT="(part" HEIGHT="46" WIDTH="133" VPOS="2690" HPOS="1421"/>
<SP HEIGHT="37" WIDTH="24" VPOS="2694" HPOS="1555"/>
<String CONTENT="col.)" HEIGHT="47" WIDTH="111" VPOS="2688" HPOS="1580"/>
<SP HEIGHT="47" WIDTH="67" VPOS="2688" HPOS="1692"/>
<String CS="1" CONTENT="28&#189;" HEIGHT="41" WIDTH="58" VPOS="2688" HPOS="1760"/>
<String STYLE="superscript" CONTENT="cm" HEIGHT="22" WIDTH="45" VPOS="2690" HPOS="1848"/>
<String CONTENT="." HEIGHT="7" WIDTH="7" VPOS="2721" HPOS="1898"/>
</TextLine>
<TextLine HEIGHT="49" WIDTH="1913" VPOS="2744" HPOS="395" CS="1">
<String CONTENT="At" HEIGHT="40" WIDTH="63" VPOS="2746" HPOS="395"/>
<SP HEIGHT="38" WIDTH="37" VPOS="2748" HPOS="459"/>
<String CONTENT="head" HEIGHT="38" WIDTH="125" VPOS="2748" HPOS="497"/>
<SP HEIGHT="38" WIDTH="40" VPOS="2748" HPOS="623"/>
<String CONTENT="of" HEIGHT="41" WIDTH="52" VPOS="2745" HPOS="664"/>
<SP HEIGHT="42" WIDTH="38" VPOS="2745" HPOS="717"/>
<String CS="1" CONTENT="title;" HEIGHT="41" WIDTH="108" VPOS="2746" HPOS="756"/>
<SP HEIGHT="40" WIDTH="44" VPOS="2746" HPOS="890"/>
<String CONTENT="By" HEIGHT="46" WIDTH="73" VPOS="2746" HPOS="935"/>
<SP HEIGHT="43" WIDTH="41" VPOS="2749" HPOS="1009"/>
<String CONTENT="the" HEIGHT="40" WIDTH="80" VPOS="2746" HPOS="1051"/>
<SP HEIGHT="40" WIDTH="42" VPOS="2746" HPOS="1132"/>
<String CONTENT="following" HEIGHT="48" WIDTH="252" VPOS="2745" HPOS="1175"/>
<SP HEIGHT="37" WIDTH="38" VPOS="2756" HPOS="1428"/>
<String CS="1" CONTENT="authorities;" HEIGHT="42" WIDTH="292" VPOS="2744" HPOS="1467"/>
<SP HEIGHT="41" WIDTH="44" VPOS="2744" HPOS="1788"/>
<String CONTENT="Paul" HEIGHT="40" WIDTH="122" VPOS="2744" HPOS="1833"/>
<SP HEIGHT="41" WIDTH="41" VPOS="2744" HPOS="1956"/>
<String CONTENT="G." HEIGHT="41" WIDTH="52" VPOS="2744" HPOS="1998"/>
<SP HEIGHT="41" WIDTH="45" VPOS="2744" HPOS="2051"/>
<String CONTENT="Konody," HEIGHT="47" WIDTH="211" VPOS="2744" HPOS="2097"/>
</TextLine>
<TextLine HEIGHT="51" WIDTH="1293" VPOS="2801" HPOS="324" CS="1">
<String CONTENT="Arthur" HEIGHT="42" WIDTH="187" VPOS="2801" HPOS="324"/>
<SP HEIGHT="39" WIDTH="22" VPOS="2802" HPOS="512"/>
<String CONTENT="Dewing," HEIGHT="47" WIDTH="217" VPOS="2802" HPOS="535"/>
<SP HEIGHT="43" WIDTH="24" VPOS="2802" HPOS="753"/>
<String CONTENT="Warren" HEIGHT="41" WIDTH="205" VPOS="2802" HPOS="778"/>
<SP HEIGHT="39" WIDTH="25" VPOS="2802" HPOS="984"/>
<String CONTENT="E." HEIGHT="40" WIDTH="52" VPOS="2802" HPOS="1010"/>
<SP HEIGHT="41" WIDTH="27" VPOS="2802" HPOS="1063"/>
<String CONTENT="Cox" HEIGHT="41" WIDTH="101" VPOS="2802" HPOS="1091"/>
<SP HEIGHT="30" WIDTH="27" VPOS="2813" HPOS="1193"/>
<String CS="1" CONTENT="&#8230;"/>
<SP HEIGHT="29" WIDTH="31" VPOS="2823" HPOS="1268"/>
<String CS="1" CONTENT="[and" HEIGHT="39" WIDTH="95" VPOS="2803" HPOS="1314"/>
<SP HEIGHT="39" WIDTH="25" VPOS="2803" HPOS="1410"/>
<String CONTENT="others]" HEIGHT="48" WIDTH="181" VPOS="2803" HPOS="1436"/>
</TextLine>
<TextLine HEIGHT="49" WIDTH="1912" VPOS="2857" HPOS="396">
<String CONTENT="&#8220;The" HEIGHT="41" WIDTH="131" VPOS="2859" HPOS="396"/>
<SP HEIGHT="30" WIDTH="26" VPOS="2870" HPOS="528"/>
<String CONTENT="material" HEIGHT="40" WIDTH="227" VPOS="2859" HPOS="555"/>
<SP HEIGHT="39" WIDTH="29" VPOS="2859" HPOS="783"/>
<String CONTENT="in" HEIGHT="40" WIDTH="50" VPOS="2859" HPOS="813"/>
<SP HEIGHT="38" WIDTH="31" VPOS="2861" HPOS="864"/>
<String CONTENT="this" HEIGHT="40" WIDTH="99" VPOS="2859" HPOS="896"/>
<SP HEIGHT="40" WIDTH="27" VPOS="2859" HPOS="996"/>
<String CONTENT="book" HEIGHT="39" WIDTH="124" VPOS="2859" HPOS="1024"/>
<SP HEIGHT="38" WIDTH="30" VPOS="2859" HPOS="1149"/>
<String CONTENT="is" HEIGHT="40" WIDTH="41" VPOS="2859" HPOS="1180"/>
<SP HEIGHT="37" WIDTH="28" VPOS="2869" HPOS="1222"/>
<String CONTENT="presented" HEIGHT="46" WIDTH="255" VPOS="2860" HPOS="1251"/>
<SP HEIGHT="39" WIDTH="32" VPOS="2860" HPOS="1507"/>
<String CONTENT="through" HEIGHT="47" WIDTH="210" VPOS="2859" HPOS="1540"/>
<SP HEIGHT="39" WIDTH="30" VPOS="2859" HPOS="1751"/>
<String CONTENT="the" HEIGHT="40" WIDTH="81" VPOS="2859" HPOS="1782"/>
<SP HEIGHT="31" WIDTH="30" VPOS="2868" HPOS="1864"/>
<String CONTENT="courtesy" HEIGHT="45" WIDTH="223" VPOS="2860" HPOS="1895"/>
<SP HEIGHT="37" WIDTH="30" VPOS="2868" HPOS="2119"/>
<String CONTENT="of" HEIGHT="41" WIDTH="51" VPOS="2857" HPOS="2150"/>
<SP HEIGHT="41" WIDTH="28" VPOS="2857" HPOS="2202"/>
<String CONTENT="the" HEIGHT="41" WIDTH="77" VPOS="2857" HPOS="2231"/>
</TextLine>
<TextLine HEIGHT="50" WIDTH="1981" VPOS="2913" HPOS="327">
<String CONTENT="publishers" HEIGHT="47" WIDTH="273" VPOS="2914" HPOS="327"/>
<SP HEIGHT="30" WIDTH="29" VPOS="2926" HPOS="601"/>
<String CONTENT="of" HEIGHT="40" WIDTH="53" VPOS="2915" HPOS="631"/>
<SP HEIGHT="41" WIDTH="27" VPOS="2915" HPOS="685"/>
<String CONTENT="the" HEIGHT="39" WIDTH="82" VPOS="2917" HPOS="713"/>
<SP HEIGHT="40" WIDTH="28" VPOS="2916" HPOS="796"/>
<String CONTENT="Encyclopaedia" HEIGHT="47" WIDTH="381" VPOS="2916" HPOS="825"/>
<SP HEIGHT="39" WIDTH="32" VPOS="2916" HPOS="1207"/>
<String LANG="fr" CONTENT="britannica." HEIGHT="43" WIDTH="289" VPOS="2915" HPOS="1240"/>
<SP HEIGHT="43" WIDTH="57" VPOS="2915" HPOS="1530"/>
<String CONTENT="The" HEIGHT="41" WIDTH="101" VPOS="2915" HPOS="1588"/>
<SP HEIGHT="38" WIDTH="27" VPOS="2918" HPOS="1690"/>
<String CONTENT="text" HEIGHT="38" WIDTH="107" VPOS="2917" HPOS="1718"/>
<SP HEIGHT="39" WIDTH="25" VPOS="2916" HPOS="1826"/>
<String CONTENT="is" HEIGHT="39" WIDTH="41" VPOS="2916" HPOS="1852"/>
<SP HEIGHT="29" WIDTH="30" VPOS="2926" HPOS="1894"/>
<String CONTENT="composed" HEIGHT="47" WIDTH="251" VPOS="2916" HPOS="1925"/>
<SP HEIGHT="39" WIDTH="27" VPOS="2916" HPOS="2177"/>
<String CONTENT="of" HEIGHT="41" WIDTH="52" VPOS="2913" HPOS="2205"/>
<SP HEIGHT="40" WIDTH="25" VPOS="2913" HPOS="2258"/>
<String CONTENT="a" HEIGHT="30" WIDTH="24" VPOS="2923" HPOS="2284"/>
</TextLine>
<TextLine HEIGHT="48" WIDTH="1629" VPOS="2972" HPOS="324">
<String CONTENT="selection" HEIGHT="40" WIDTH="229" VPOS="2972" HPOS="324"/>
<SP HEIGHT="29" WIDTH="24" VPOS="2983" HPOS="554"/>
<String CONTENT="of" HEIGHT="40" WIDTH="53" VPOS="2972" HPOS="579"/>
<SP HEIGHT="39" WIDTH="24" VPOS="2972" HPOS="633"/>
<String CONTENT="articles" HEIGHT="40" WIDTH="196" VPOS="2973" HPOS="658"/>
<SP HEIGHT="40" WIDTH="21" VPOS="2973" HPOS="855"/>
<String CONTENT="from" HEIGHT="39" WIDTH="125" VPOS="2973" HPOS="877"/>
<SP HEIGHT="39" WIDTH="27" VPOS="2972" HPOS="1003"/>
<String CONTENT="its" HEIGHT="41" WIDTH="64" VPOS="2972" HPOS="1031"/>
<SP HEIGHT="37" WIDTH="25" VPOS="2983" HPOS="1096"/>
<String CONTENT="pages.&#8221;&#8212;Publisher&#8217;s" HEIGHT="48" WIDTH="549" VPOS="2972" HPOS="1122"/>
<SP HEIGHT="40" WIDTH="24" VPOS="2972" HPOS="1672"/>
<String CONTENT="foreword." HEIGHT="40" WIDTH="256" VPOS="2972" HPOS="1697"/>
</TextLine>
<TextLine HEIGHT="50" WIDTH="809" VPOS="3027" HPOS="393" CS="1">
<String CS="1" CONTENT="&#8220;Bibliographies&#8221;;" HEIGHT="49" WIDTH="445" VPOS="3027" HPOS="393"/>
<SP HEIGHT="39" WIDTH="39" VPOS="3038" HPOS="867"/>
<String CONTENT="p." HEIGHT="39" WIDTH="40" VPOS="3038" HPOS="907"/>
<SP HEIGHT="40" WIDTH="37" VPOS="3029" HPOS="948"/>
<String CONTENT="279-284." HEIGHT="40" WIDTH="216" VPOS="3029" HPOS="986"/>
</TextLine>
<TextLine HEIGHT="54" WIDTH="1988" VPOS="3082" HPOS="321" CS="1">
<String LANG="en-US" CONTENT="&#169;" HEIGHT="53" WIDTH="53" VPOS="3082" HPOS="321"/>
<SP HEIGHT="53" WIDTH="26" VPOS="3082" HPOS="375"/>
<String LANG="en-US" CONTENT="Oct." HEIGHT="40" WIDTH="101" VPOS="3087" HPOS="402"/>
<SP HEIGHT="38" WIDTH="26" VPOS="3089" HPOS="504"/>
<String LANG="en-US" CONTENT="14," HEIGHT="47" WIDTH="68" VPOS="3089" HPOS="531"/>
<SP HEIGHT="48" WIDTH="27" VPOS="3088" HPOS="600"/>
<String LANG="en-US" CS="1" CONTENT="1935;" HEIGHT="40" WIDTH="116" VPOS="3088" HPOS="628"/>
<SP HEIGHT="47" WIDTH="27" VPOS="3087" HPOS="769"/>
<String LANG="en-US" CONTENT="2c." HEIGHT="41" WIDTH="67" VPOS="3087" HPOS="797"/>
<SP HEIGHT="29" WIDTH="26" VPOS="3099" HPOS="865"/>
<String LANG="en-US" CONTENT="and" HEIGHT="39" WIDTH="95" VPOS="3089" HPOS="892"/>
<SP HEIGHT="38" WIDTH="26" VPOS="3089" HPOS="988"/>
<String LANG="en-US" CONTENT="aff." HEIGHT="39" WIDTH="78" VPOS="3088" HPOS="1015"/>
<SP HEIGHT="39" WIDTH="31" VPOS="3088" HPOS="1094"/>
<String LANG="en-US" CONTENT="Oct." HEIGHT="39" WIDTH="100" VPOS="3088" HPOS="1126"/>
<SP HEIGHT="39" WIDTH="26" VPOS="3088" HPOS="1227"/>
<String LANG="en-US" CONTENT="19;" HEIGHT="41" WIDTH="81" VPOS="3088" HPOS="1254"/>
<SP HEIGHT="41" WIDTH="29" VPOS="3088" HPOS="1336"/>
<!-- cceid 95E1721A-6D82-1014-B070-FDFD250A9EDA --><String LANG="en-US" CONTENT="A" HEIGHT="38" WIDTH="39" VPOS="3088" HPOS="1366"/>
<SP HEIGHT="39" WIDTH="26" VPOS="3088" HPOS="1406"/>
<String LANG="en-US" CS="1" CONTENT="89286;" HEIGHT="42" WIDTH="142" VPOS="3085" HPOS="1433"/>
<SP HEIGHT="46" WIDTH="29" VPOS="3088" HPOS="1603"/>
<String LANG="fr" CONTENT="Encyclop&#230;dia" HEIGHT="48" WIDTH="364" VPOS="3087" HPOS="1633"/>
<SP HEIGHT="39" WIDTH="29" VPOS="3088" HPOS="1998"/>
<String LANG="fr" CONTENT="britannica," HEIGHT="46" WIDTH="281" VPOS="3084" HPOS="2028"/>
</TextLine>
<TextLine HEIGHT="105" WIDTH="1900" VPOS="3144" HPOS="393" CS="1">
<String CONTENT="inc.," HEIGHT="46" WIDTH="104" VPOS="3145" HPOS="393"/>
<SP HEIGHT="47" WIDTH="39" VPOS="3144" HPOS="498"/>
<String CONTENT="Chicago." HEIGHT="48" WIDTH="222" VPOS="3144" HPOS="538"/>
<SP HEIGHT="29" WIDTH="64" VPOS="3164" HPOS="761"/>
<String CONTENT="[Copyright" HEIGHT="49" WIDTH="281" VPOS="3144" HPOS="826"/>
<SP HEIGHT="39" WIDTH="34" VPOS="3145" HPOS="1108"/>
<String CONTENT="is" HEIGHT="39" WIDTH="41" VPOS="3145" HPOS="1143"/>
<SP HEIGHT="29" WIDTH="39" VPOS="3155" HPOS="1185"/>
<String CONTENT="claimed" HEIGHT="39" WIDTH="204" VPOS="3144" HPOS="1225"/>
<SP HEIGHT="38" WIDTH="37" VPOS="3145" HPOS="1430"/>
<String CONTENT="on" HEIGHT="28" WIDTH="59" VPOS="3154" HPOS="1468"/>
<SP HEIGHT="27" WIDTH="38" VPOS="3155" HPOS="1528"/>
<String CONTENT="rearrangement" HEIGHT="44" WIDTH="395" VPOS="3147" HPOS="1567"/>
<SP HEIGHT="37" WIDTH="39" VPOS="3147" HPOS="1963"/>
<String CONTENT="of" HEIGHT="39" WIDTH="53" VPOS="3145" HPOS="2003"/>
<SP HEIGHT="39" WIDTH="34" VPOS="3145" HPOS="2057"/>
<String CONTENT="the" HEIGHT="39" WIDTH="81" VPOS="3145" HPOS="2092"/>
<SP HEIGHT="30" WIDTH="36" VPOS="3154" HPOS="2174"/>
<String CONTENT="contents," HEIGHT="96" WIDTH="1900" VPOS="3153" HPOS="393"/>
<SP HEIGHT="48" WIDTH="24" VPOS="3201" HPOS="536"/>
<String CONTENT="by" HEIGHT="48" WIDTH="61" VPOS="3201" HPOS="561"/>
</TextLine>
<TextLine HEIGHT="49" WIDTH="1094" VPOS="3200" HPOS="649">
<String CONTENT="Garden" HEIGHT="40" WIDTH="193" VPOS="3201" HPOS="649"/>
<SP HEIGHT="40" WIDTH="26" VPOS="3201" HPOS="843"/>
<String CONTENT="City" HEIGHT="48" WIDTH="109" VPOS="3201" HPOS="870"/>
<SP HEIGHT="37" WIDTH="24" VPOS="3212" HPOS="980"/>
<String CONTENT="publishing" HEIGHT="49" WIDTH="281" VPOS="3200" HPOS="1005"/>
<SP HEIGHT="37" WIDTH="22" VPOS="3211" HPOS="1287"/>
<String LANG="ru" CONTENT="co.]" HEIGHT="38" WIDTH="82" VPOS="3211" HPOS="1310"/>
<SP HEIGHT="49" WIDTH="71" VPOS="3200" HPOS="1393"/>
<String CONTENT="(35-25786)" HEIGHT="48" WIDTH="278" VPOS="3200" HPOS="1465"/>
</TextLine>
<TextLine HEIGHT="69" WIDTH="1776" VPOS="3274" HPOS="324" STYLEREFS="StyleId-812FE406-FBCE-4503-AD82-841AFF56A22C-" CS="1">
<String LANG="de" CONTENT="Ergebnisse" HEIGHT="64" WIDTH="360" VPOS="3274" HPOS="324"/>
<SP HEIGHT="52" WIDTH="34" VPOS="3277" HPOS="685"/>
<String LANG="de" CONTENT="der" HEIGHT="51" WIDTH="99" VPOS="3277" HPOS="720"/>
<SP HEIGHT="52" WIDTH="32" VPOS="3277" HPOS="820"/>
<String LANG="fr" CONTENT="biologie;" HEIGHT="68" WIDTH="272" VPOS="3275" HPOS="853"/>
<SP HEIGHT="65" WIDTH="36" VPOS="3277" HPOS="1126"/>
<String LANG="de" CONTENT="hrsg," HEIGHT="66" WIDTH="153" VPOS="3277" HPOS="1163"/>
<SP HEIGHT="34" WIDTH="35" VPOS="3294" HPOS="1317"/>
<String LANG="de" CONTENT="von" HEIGHT="34" WIDTH="110" VPOS="3294" HPOS="1353"/>
<SP HEIGHT="50" WIDTH="33" VPOS="3277" HPOS="1464"/>
<String LANG="ru" CONTENT="&#1050;." HEIGHT="51" WIDTH="72" VPOS="3277" HPOS="1498"/>
<SP HEIGHT="35" WIDTH="36" VPOS="3293" HPOS="1571"/>
<String LANG="de" CONTENT="v." HEIGHT="35" WIDTH="50" VPOS="3293" HPOS="1608"/>
<SP HEIGHT="50" WIDTH="35" VPOS="3278" HPOS="1659"/>
<String LANG="de" CONTENT="Frisch" HEIGHT="52" WIDTH="201" VPOS="3276" HPOS="1695"/>
<SP HEIGHT="50" WIDTH="40" VPOS="3277" HPOS="1897"/>
<String LANG="de" CS="1" CONTENT="&#8230;"/>
<SP HEIGHT="50" WIDTH="39" VPOS="3278" HPOS="1994"/>
<String LANG="de" CONTENT="R." HEIGHT="50" WIDTH="66" VPOS="3278" HPOS="2034"/>
</TextLine>
<TextLine HEIGHT="146" WIDTH="1916" VPOS="3273" HPOS="391" STYLEREFS="StyleId-812FE406-FBCE-4503-AD82-841AFF56A22C-" LANG="de" CS="1">
<String CONTENT="Goldschmidt" HEIGHT="134" WIDTH="1892" VPOS="3273" HPOS="391"/>
<SP HEIGHT="49" WIDTH="45" VPOS="3357" HPOS="639"/>
<String CS="1" CONTENT="&#8230;"/>
<SP HEIGHT="52" WIDTH="46" VPOS="3356" HPOS="740"/>
<String CONTENT="W." HEIGHT="52" WIDTH="86" VPOS="3356" HPOS="787"/>
<SP HEIGHT="50" WIDTH="44" VPOS="3356" HPOS="874"/>
<String CONTENT="Ruhland" HEIGHT="52" WIDTH="271" VPOS="3354" HPOS="919"/>
<SP HEIGHT="52" WIDTH="46" VPOS="3354" HPOS="1191"/>
<String CS="1" CONTENT="&#8230;"/>
<SP HEIGHT="51" WIDTH="48" VPOS="3355" HPOS="1294"/>
<String CONTENT="H." HEIGHT="51" WIDTH="76" VPOS="3355" HPOS="1343"/>
<SP HEIGHT="52" WIDTH="41" VPOS="3356" HPOS="1420"/>
<String CONTENT="Winterstein" HEIGHT="56" WIDTH="373" VPOS="3352" HPOS="1462"/>
<SP HEIGHT="33" WIDTH="47" VPOS="3372" HPOS="1836"/>
<String CS="1" CONTENT="&#8230;"/>
<SP HEIGHT="50" WIDTH="78" VPOS="3355" HPOS="1939"/>
<String CONTENT="Redigiert" HEIGHT="67" WIDTH="289" VPOS="3352" HPOS="2018"/>
</TextLine>
<TextLine HEIGHT="146" WIDTH="1894" VPOS="3431" HPOS="391" STYLEREFS="StyleId-812FE406-FBCE-4503-AD82-841AFF56A22C-" LANG="de" CS="1">
<String CONTENT="von" HEIGHT="33" WIDTH="113" VPOS="3450" HPOS="391"/>
<SP HEIGHT="52" WIDTH="33" VPOS="3434" HPOS="505"/>
<String CONTENT="W." HEIGHT="52" WIDTH="89" VPOS="3434" HPOS="539"/>
<SP HEIGHT="51" WIDTH="39" VPOS="3434" HPOS="629"/>
<String CONTENT="Ruhland" HEIGHT="53" WIDTH="270" VPOS="3432" HPOS="669"/>
<SP HEIGHT="52" WIDTH="43" VPOS="3432" HPOS="940"/>
<String CS="1" CONTENT="&#8230;"/>
<SP HEIGHT="49" WIDTH="81" VPOS="3434" HPOS="1039"/>
<String CONTENT="12." HEIGHT="50" WIDTH="78" VPOS="3434" HPOS="1121"/>
<SP HEIGHT="51" WIDTH="40" VPOS="3433" HPOS="1200"/>
<String CONTENT="bd." HEIGHT="51" WIDTH="90" VPOS="3433" HPOS="1241"/>
<SP HEIGHT="50" WIDTH="75" VPOS="3434" HPOS="1332"/>
<String CONTENT="Mit" HEIGHT="52" WIDTH="111" VPOS="3433" HPOS="1408"/>
<SP HEIGHT="49" WIDTH="41" VPOS="3436" HPOS="1520"/>
<String CONTENT="135" HEIGHT="49" WIDTH="97" VPOS="3435" HPOS="1562"/>
<SP HEIGHT="48" WIDTH="39" VPOS="3436" HPOS="1660"/>
<String CONTENT="abbildungen." HEIGHT="67" WIDTH="400" VPOS="3431" HPOS="1700"/>
<SP HEIGHT="50" WIDTH="74" VPOS="3432" HPOS="2101"/>
<String CONTENT="Berlin," HEIGHT="143" WIDTH="1894" VPOS="3432" HPOS="391"/>
<SP HEIGHT="64" WIDTH="26" VPOS="3511" HPOS="492"/>
<String CONTENT="J." HEIGHT="53" WIDTH="54" VPOS="3511" HPOS="519"/>
<SP HEIGHT="54" WIDTH="31" VPOS="3509" HPOS="574"/>
<String CONTENT="Springer," HEIGHT="68" WIDTH="295" VPOS="3509" HPOS="606"/>
<SP HEIGHT="62" WIDTH="30" VPOS="3514" HPOS="902"/>
<String CONTENT="1935." HEIGHT="50" WIDTH="148" VPOS="3513" HPOS="933"/>
</TextLine>
<TextLine HEIGHT="50" WIDTH="1255" VPOS="3582" HPOS="390" CS="1">
<String LANG="de" CONTENT="2" HEIGHT="37" WIDTH="26" VPOS="3584" HPOS="390"/>
<SP HEIGHT="46" WIDTH="25" VPOS="3584" HPOS="417"/>
<String LANG="de" CONTENT="p." HEIGHT="36" WIDTH="42" VPOS="3594" HPOS="443"/>
<SP/>
<String LANG="de" CS="1" CONTENT="l.,"/>
<SP/>
<String LANG="de" CONTENT="573," HEIGHT="48" WIDTH="97" VPOS="3582" HPOS="584"/>
<SP HEIGHT="30" WIDTH="30" VPOS="3602" HPOS="682"/>
<String LANG="de" CONTENT="[1]" HEIGHT="48" WIDTH="54" VPOS="3584" HPOS="713"/>
<SP HEIGHT="37" WIDTH="29" VPOS="3594" HPOS="768"/>
<String LANG="fr" CONTENT="p." HEIGHT="36" WIDTH="42" VPOS="3594" HPOS="798"/>
<SP HEIGHT="38" WIDTH="54" VPOS="3584" HPOS="841"/>
<String LANG="de" CONTENT="illus.," HEIGHT="45" WIDTH="144" VPOS="3584" HPOS="896"/>
<SP HEIGHT="45" WIDTH="26" VPOS="3584" HPOS="1041"/>
<String LANG="fr" CONTENT="tables," HEIGHT="46" WIDTH="168" VPOS="3583" HPOS="1068"/>
<SP HEIGHT="45" WIDTH="27" VPOS="3584" HPOS="1237"/>
<String LANG="de" CONTENT="diagrs." HEIGHT="48" WIDTH="178" VPOS="3582" HPOS="1265"/>
<SP HEIGHT="40" WIDTH="54" VPOS="3582" HPOS="1444"/>
<String LANG="de" CONTENT="24" HEIGHT="39" WIDTH="57" VPOS="3582" HPOS="1499"/>
<String LANG="en-US" CS="1" CONTENT="&#189;"/>
<String STYLE="superscript" LANG="de" CONTENT="cm" HEIGHT="21" WIDTH="44" VPOS="3584" HPOS="1588"/>
<String LANG="de" CONTENT="." HEIGHT="8" WIDTH="8" VPOS="3614" HPOS="1637"/>
</TextLine>
<TextLine HEIGHT="49" WIDTH="650" VPOS="3638" HPOS="391">
<String CONTENT="Contains" HEIGHT="41" WIDTH="232" VPOS="3638" HPOS="391"/>
<SP HEIGHT="39" WIDTH="27" VPOS="3640" HPOS="624"/>
<String CONTENT="bibliographies." HEIGHT="49" WIDTH="389" VPOS="3638" HPOS="652"/>
</TextLine>
<TextLine HEIGHT="53" WIDTH="1827" VPOS="3690" HPOS="318" CS="1">
<String LANG="de" CONTENT="&#169;" HEIGHT="53" WIDTH="53" VPOS="3690" HPOS="318"/>
<SP HEIGHT="53" WIDTH="26" VPOS="3690" HPOS="372"/>
<String LANG="en-US" CONTENT="July" HEIGHT="47" WIDTH="115" VPOS="3696" HPOS="399"/>
<SP HEIGHT="47" WIDTH="25" VPOS="3696" HPOS="515"/>
<String LANG="de" CONTENT="30," HEIGHT="48" WIDTH="69" VPOS="3695" HPOS="541"/>
<SP HEIGHT="46" WIDTH="29" VPOS="3697" HPOS="611"/>
<String LANG="de" CONTENT="1935;" HEIGHT="47" WIDTH="139" VPOS="3695" HPOS="641"/>
<SP/>
<String LANG="de" CS="1" CONTENT="1c."/>
<SP/>
<String LANG="en-US" CONTENT="Nov." HEIGHT="39" WIDTH="116" VPOS="3696" HPOS="907"/>
<SP HEIGHT="39" WIDTH="29" VPOS="3696" HPOS="1024"/>
<String LANG="fr" CONTENT="26;" HEIGHT="46" WIDTH="83" VPOS="3695" HPOS="1054"/>
<SP HEIGHT="45" WIDTH="29" VPOS="3696" HPOS="1138"/>
<!-- cceid 95E1AFD4-6D82-1014-B070-FDFD250A9EDA --><String LANG="fr" CONTENT="A-" HEIGHT="37" WIDTH="103" VPOS="3696" HPOS="1168"/>
<String LANG="en-US" CONTENT="Foreign" HEIGHT="48" WIDTH="206" VPOS="3694" HPOS="1272"/>
<SP HEIGHT="37" WIDTH="27" VPOS="3696" HPOS="1479"/>
<String LANG="fr" CONTENT="29859;" HEIGHT="49" WIDTH="170" VPOS="3693" HPOS="1507"/>
<SP HEIGHT="48" WIDTH="32" VPOS="3694" HPOS="1678"/>
<String LANG="fr" CONTENT="Julius" HEIGHT="41" WIDTH="162" VPOS="3692" HPOS="1711"/>
<SP HEIGHT="40" WIDTH="31" VPOS="3693" HPOS="1874"/>
<String LANG="fr" CONTENT="Springer." HEIGHT="51" WIDTH="239" VPOS="3691" HPOS="1906"/>
</TextLine>
<TextLine HEIGHT="65" WIDTH="781" VPOS="3769" HPOS="326" STYLEREFS="StyleId-C2AEFC21-15A1-4312-B1CA-B7CA021584A9-">
<String LANG="en-US" CONTENT="Farrell," HEIGHT="63" WIDTH="241" VPOS="3769" HPOS="326"/>
<SP HEIGHT="62" WIDTH="27" VPOS="3770" HPOS="568"/>
<String LANG="fr" CONTENT="James" HEIGHT="53" WIDTH="204" VPOS="3770" HPOS="596"/>
<SP HEIGHT="50" WIDTH="20" VPOS="3773" HPOS="801"/>
<String LANG="fr" CONTENT="T.," HEIGHT="61" WIDTH="82" VPOS="3773" HPOS="822"/>
<SP HEIGHT="57" WIDTH="30" VPOS="3777" HPOS="905"/>
<String LANG="fr" CONTENT="1904-" HEIGHT="50" WIDTH="171" VPOS="3774" HPOS="936"/>
</TextLine>
<TextLine HEIGHT="77" WIDTH="1910" VPOS="3835" HPOS="393" STYLEREFS="StyleId-812FE406-FBCE-4503-AD82-841AFF56A22C-">
<String LANG="fr" CONTENT="Guillotine" HEIGHT="56" WIDTH="315" VPOS="3841" HPOS="393"/>
<SP HEIGHT="49" WIDTH="46" VPOS="3863" HPOS="709"/>
<String LANG="en-US" CONTENT="party" HEIGHT="63" WIDTH="168" VPOS="3849" HPOS="756"/>
<SP HEIGHT="49" WIDTH="46" VPOS="3863" HPOS="925"/>
<String LANG="en-US" CONTENT="and" HEIGHT="53" WIDTH="111" VPOS="3844" HPOS="972"/>
<SP HEIGHT="52" WIDTH="47" VPOS="3844" HPOS="1084"/>
<String LANG="en-US" CONTENT="other" HEIGHT="52" WIDTH="159" VPOS="3844" HPOS="1132"/>
<SP HEIGHT="33" WIDTH="45" VPOS="3862" HPOS="1292"/>
<String LANG="en-US" CONTENT="stories," HEIGHT="58" WIDTH="213" VPOS="3841" HPOS="1338"/>
<SP HEIGHT="57" WIDTH="45" VPOS="3842" HPOS="1552"/>
<String LANG="en-US" CONTENT="by" HEIGHT="68" WIDTH="74" VPOS="3842" HPOS="1598"/>
<SP HEIGHT="69" WIDTH="44" VPOS="3841" HPOS="1673"/>
<String LANG="fr" CONTENT="James" HEIGHT="54" WIDTH="193" VPOS="3841" HPOS="1718"/>
<SP HEIGHT="54" WIDTH="45" VPOS="3841" HPOS="1912"/>
<String LANG="fr" CONTENT="T." HEIGHT="53" WIDTH="66" VPOS="3841" HPOS="1958"/>
<SP HEIGHT="54" WIDTH="47" VPOS="3840" HPOS="2025"/>
<String LANG="en-US" CONTENT="Farrell." HEIGHT="57" WIDTH="230" VPOS="3835" HPOS="2073"/>
</TextLine>
<TextLine HEIGHT="69" WIDTH="1236" VPOS="3919" HPOS="319" STYLEREFS="StyleId-812FE406-FBCE-4503-AD82-841AFF56A22C-">
<String LANG="fr" CONTENT="New" HEIGHT="55" WIDTH="140" VPOS="3919" HPOS="319"/>
<SP HEIGHT="54" WIDTH="25" VPOS="3920" HPOS="460"/>
<String LANG="fr" CONTENT="York," HEIGHT="68" WIDTH="178" VPOS="3920" HPOS="486"/>
<SP HEIGHT="67" WIDTH="23" VPOS="3921" HPOS="665"/>
<String LANG="en-US" CONTENT="The" HEIGHT="54" WIDTH="122" VPOS="3921" HPOS="689"/>
<SP HEIGHT="54" WIDTH="23" VPOS="3921" HPOS="812"/>
<String LANG="en-US" CONTENT="Vanguard" HEIGHT="68" WIDTH="313" VPOS="3920" HPOS="836"/>
<SP HEIGHT="68" WIDTH="25" VPOS="3920" HPOS="1150"/>
<String LANG="fr" CONTENT="press" HEIGHT="50" WIDTH="156" VPOS="3938" HPOS="1176"/>
<SP HEIGHT="50" WIDTH="28" VPOS="3938" HPOS="1333"/>
<String LANG="fr" CONTENT="[" HEIGHT="34" WIDTH="13" VPOS="3954" HPOS="1362"/>
<String STYLE="superscript" LANG="fr" CONTENT="c" HEIGHT="21" WIDTH="17" VPOS="3927" HPOS="1380"/>
<String LANG="fr" CONTENT="1935]" HEIGHT="63" WIDTH="151" VPOS="3923" HPOS="1404"/>
</TextLine>
</TextBlock>
</PrintSpace>
</Page>
</Layout>
</alto>