2424 4375
1033 4085 133 48 1363

127 462 246 67 [Clarke,
401 463 53 55 J.
483 461 239 68 Calvitt]
759 465 168 51 1888-

121 535 1964 148 Eurasian girl, by Richard Grant [pseud.] New York, Godwin [ c 1935]
189 685 87 41 282
303 696 43 38 p.
405 685 57 40 19½
493 687 45 22 cm
541 717 10 10 .

117 742 52 53 ©
195 745 101 41 Oct.
321 747 39 45 7,
386 746 138 46 1935;
553 745 65 40 2c.
646 744 102 41 Oct.
773 744 81 41 10:
882 743 82 41 aff.
992 744 101 40 Oct.
1119 742 52 49 9;
1199 744 40 39 A
1265 743 169 47 87560;
1464 742 215 48 Godwin,
1705 742 287 50 publishers,
2020 745 90 39 inc.

197 802 279 49 (35-18233)

122 907 293 64 Cockoris,
443 908 238 53 Thanos
709 907 67 54 G.

256 986 1768 57 … Хараѵуϵ̀ς καὶ σούρουπα. Διηγήματα καὶ πϵζοτραγον͂δα τον͂
298 1064 1458 64 βουνον͂ καὶ τον͂ κάμπου, μϵτά ρολπóγου ὑπὁ. Δημ. Γ. Χριστοφοριδου.
419 1141 402 64 Νϵα ϒορκη, 1932.
189 1214 459 49 98 p., 1 l. 19½ cm .
187 1266 907 45 At head of title: Θανου Γ. Κοκορη.
183 1326 127 41 Title
341 1328 298 39 translated:
671 1328 181 39 Dawns
883 1328 96 39 and
1010 1327 161 39 dusks.

114 1379 52 53 ©
202 1384 110 39 Feb.
348 1385 68 45 11,
452 1383 112 41 1932
583 1394 9 37 ;
629 1384 68 40 2c.
734 1385 95 38 and
865 1384 79 39 aff.
982 1384 111 39 Feb.
1129 1384 82 46 17;
1248 1383 42 39 A
1322 1383 172 46 47672;
1533 1383 52 40 T.
1623 1383 52 40 G.
1714 1381 241 48 Cockoris,
1993 1382 116 39 New

186 1441 143 39 York.

116 1543 233 66 Collins,
378 1545 197 52 Frank
604 1545 245 64 Dudley,
881 1550 170 50 1899-

189 1622 257 67 Popular
474 1628 216 61 sports:
720 1622 150 52 their
899 1620 187 69 origin
1119 1622 112 51 and
1262 1622 412 67 development,
1704 1620 75 68 by
1809 1621 197 51 Frank
2036 1622 71 50 D.

121 1697 234 55 Collins.
420 1699 270 61 Chicago,
717 1700 186 60 Rand,
931 1699 274 61 McNally
1230 1701 47 51 &
1302 1716 296 44 company,
1629 1702 150 49 1935.

188 1771 27 40 2
239 1784 45 37 p.
346 1804 9 17 l.,
381 1771 113 41 7-63
519 1783 44 38 p.
622 1772 128 41 illus.
810 1774 56 39 17½
897 1774 44 22 cm
945 1803 9 9 .

190 1828 72 41 On
289 1839 167 32 cover:
484 1829 263 42 Hundreds
775 1830 51 42 of
853 1829 141 40 facts.

191 1885 260 42 Published
477 1888 50 38 in
555 1886 111 40 1933
696 1887 155 41 under
875 1887 137 40 title:
1044 1885 168 50 Sports
1240 1886 49 39 in
1317 1896 28 30 a
1370 1886 246 41 nut-shell.

113 1941 52 53 ©
195 1945 121 47 Aug.
348 1944 70 48 20,
448 1943 140 48 1935;
624 1944 68 40 2c.
726 1945 96 39 and
855 1943 80 41 aff.
974 1944 127 47 Sept.
1134 1943 84 47 23;
1254 1943 41 39 A
1329 1943 170 47 86431;
1537 1944 143 39 Rand
1713 1944 225 47 McNally
1972 1944 36 39 &
2041 1954 68 30 co.

197 2000 278 50 (35-17788)

143 2106 245 64 [Conger,
418 2106 213 66 Beach]

186 2181 1919 69 World letters, incorporated … Santa Engracia, United
119 2259 1986 69 Mexican States, September 14, 1935 … [Santa Engracia,
119 2339 70 54 U.
216 2339 79 52 M.
325 2339 75 56 S.,
422 2340 204 53 World
651 2342 212 63 letters,
888 2339 127 66 inc.]
1043 2346 22 21 c
1069 2342 150 49 1935.

185 2423 43 36 p.
259 2412 95 39 5-8.
413 2411 129 41 illus.
600 2411 60 40 28
659 2414 44 21 cm
708 2443 9 9 .

181 2469 406 47 Mimeographed.

119 2521 1988 52 © 1c. Oct. 9, 1935; A ad int. 20617; pubd. Sept. 14; World letters, inc.,
186 2583 122 39 East
333 2583 204 46 Aurora,
567 2582 56 39 N.
653 2582 53 38 Y.

121 2677 252 64 Coulter,
404 2678 181 52 Edith
611 2679 324 62 Margaret.

186 2754 315 53 Historical
530 2754 475 69 bibliographies;
1039 2774 29 33 a
1099 2757 321 65 systematic
1454 2756 111 51 and
1598 2754 306 53 annotated
1935 2754 170 67 guide

125 2832 1979 68 [by] Edith M. Coulter … [ and] Melanie Gerstenfeld … with
120 2909 1985 69 a foreword by Herbert Eugene Bolton … Berkeley, Calif..
119 2985 334 69 University
478 2988 63 52 of
570 2987 320 56 California
921 3008 173 48 press,
1127 2992 148 50 1935.

181 3058 83 49 xii,
292 3059 87 41 206
404 3070 41 38 p.
500 3059 56 41 24
560 3062 44 21 em
608 3092 9 9 .

183 3116 236 40 “General
447 3116 431 49 bibliographies”:
912 3129 43 37 p.
986 3119 99 39 1-7.

118 3168 51 52 ©
193 3173 119 47 Aug.
338 3172 69 47 26,
433 3172 116 41 1935
563 3184 9 36 ;
600 3174 64 39 2c.
695 3174 127 47 Sept.
845 3174 80 47 26;
954 3174 82 40 aff.
1065 3174 101 40 Oct.
1192 3175 53 45 4;
1274 3175 42 38 A
1341 3174 169 47 87488;
1541 3174 211 47 Regents
1777 3174 52 39 of
1854 3175 82 39 the
1964 3172 139 42 Univ.

184 3230 52 39 of
261 3228 284 48 California,
575 3230 247 48 Berkeley,
851 3231 143 40 Calif.
1065 3230 278 49 (35-18372)

124 3316 333 67 Crenshaw,
486 3319 231 65 Bolling
742 3321 150 64 Hall,
924 3323 169 53 1867-

189 3392 367 56 Commercial
586 3395 245 68 algebra,
860 3396 204 69 college
1092 3415 207 50 course,
1327 3396 75 69 by
1430 3394 235 69 Bolling
1690 3395 78 55 H.
1800 3394 303 55 Crenshaw

180 3470 1923 71 … Thomas Marshall Simpson … Zareh M. Pirenian … New
121 3545 173 69 York,
326 3548 444 70 Prentice-Hall,
801 3552 126 66 inc.,
960 3553 150 49 1935.

184 3627 44 37 x,
257 3618 97 48 174,
382 3619 68 47 19,
478 3620 88 39 viii
593 3631 43 38 p.
665 3621 108 41 incl.
803 3621 167 45 tables,
1000 3623 178 47 diagrs.
1237 3623 54 40 23½
1325 3625 44 21 cm
1374 3654 9 8 .

188 3674 147 42 “Part
360 3685 20 29 1
404 3676 53 39 of
479 3676 83 41 the
589 3678 188 40 revised
803 3679 182 39 edition
1010 3679 52 39 of
1088 3680 82 39 the
1197 3679 214 40 authors’
1442 3678 355 41 ‘Mathematics
1825 3680 52 39 of
1902 3678 186 41 finance'

171 3730 1914 55 … The general plan of the original edition has been retained [but]
119 3794 140 38 many
293 3789 217 45 portions
543 3790 53 38 of
625 3791 82 38 the
741 3793 103 37 text
880 3792 120 38 have
1035 3792 119 38 been
1187 3790 489 41 rewritten.”—Pref.

188 3842 166 41 “Brief
380 3843 84 40 list
493 3844 52 40 of
573 3844 326 42 references”:
931 3856 43 37 p.
1003 3846 215 42 160-161.

189 3898 308 42 “Answers”:
524 3910 43 38 p.
596 3901 134 39 i-viii
756 3904 53 38 at
836 3902 105 40 end.

118 3951 50 53 ©
196 3957 124 49 Sept.
349 3960 38 45 5,
416 3959 138 46 1935;
583 3960 66 40 2c.
677 3962 95 38 and
800 3961 79 39 aff.
912 3961 127 48 Sept.
1068 3961 81 46 19;
1180 3962 40 38 A
1248 3961 169 49 86366;
1446 3962 373 52 Prentice-Hall,
1848 3961 91 40 inc.

193 4014 277 49 (35-18355)
