<alto xmlns="http://www.loc.gov/standards/alto/ns-v3#" xmlns:xsi="http://www.w3.org/2001/XMLSchema-instance" xsi:schemaLocation="http://www.loc.gov/standards/alto/ns-v3# http://www.loc.gov/alto/v3/alto-3-0.xsd"><Description>
<MeasurementUnit>pixel</MeasurementUnit>
<sourceImageInformation>
<fileName>1935_v32_Part1.pdf</fileName>
</sourceImageInformation>
<OCRProcessing ID="IdOcr">
<ocrProcessingStep>
<processingDateTime>2019-01-15</processingDateTime>
<processingSoftware>
<softwareCreator>ABBYY</softwareCreator>
<softwareName>ABBYY Recognition Server</softwareName>
<softwareVersion>4.0</softwareVersion>
</processingSoftware>
</ocrProcessingStep>
</OCRProcessing>
</Description>
<Styles>
<ParagraphStyle ALIGN="Left" FIRSTLINE="0." ID="StyleId-FFFFFFFF-FFFF-FFFF-FFFF-FFFFFFFFFFFF-" LEFT="0." RIGHT="0." />
<ParagraphStyle ALIGN="Left" FIRSTLINE="0." ID="StyleId-09A13A44-4F77-4ABE-84F3-84CC8B3C72CE-" LEFT="0." LINESPACE="7.699999809" RIGHT="0." />
<ParagraphStyle ALIGN="Left" FIRSTLINE="-10." ID="StyleId-1F945060-F8CD-4435-B69A-5FF49DB0C586-" LEFT="0." LINESPACE="12.19999981" RIGHT="0." />
<ParagraphStyle ALIGN="Block" FIRSTLINE="-14." ID="StyleId-C6CAE747-F5A4-4D0D-8D74-D452DA7E2C1C-" LEFT="0." LINESPACE="8.350000381" RIGHT="0." />
<ParagraphStyle ALIGN="Left" FIRSTLINE="0." ID="StyleId-FC0F3374-189A-459E-BE29-2DC14180F022-" LEFT="0." RIGHT="0." />
<ParagraphStyle ALIGN="Left" FIRSTLINE="-12." ID="StyleId-49397C49-A894-4B3E-BA5E-1126226BA375-" LEFT="0." LINESPACE="11.09000015" RIGHT="0." />
<ParagraphStyle ALIGN="Block" FIRSTLINE="-14." ID="StyleId-9E34DD3A-E661-48BD-A3A1-6A3D48346F00-" LEFT="0." LINESPACE="11.09000015" RIGHT="0." />
<ParagraphStyle ALIGN="Left" FIRSTLINE="0." ID="StyleId-56CE54AA-A08B-4BAA-8605-F26020A0E36E-" LEFT="0." LINESPACE="9.399999619" RIGHT="0." />
<ParagraphStyle ALIGN="Left" FIRSTLINE="-11." ID="StyleId-77814FFC-C42F-4AA9-9880-EF33B947DEC8-" LEFT="0." LINESPACE="11.06999969" RIGHT="0." />
<ParagraphStyle ALIGN="Center" FIRSTLINE="0." ID="StyleId-FDE92EC0-67DC-4C7B-8A24-094B12C38B6C-" LEFT="0." LINESPACE="11.30000019" RIGHT="0." />
<ParagraphStyle ALIGN="Left" FIRSTLINE="0." ID="StyleId-65180E3B-4C93-4FB8-81EE-E026DD63DBF3-" LEFT="0." LINESPACE="11.10000038" RIGHT="0." />
<ParagraphStyle ALIGN="Left" FIRSTLINE="0." ID="StyleId-10E885C2-5813-4620-B0AA-0FBA30CF7A32-" LEFT="0." LINESPACE="9.5" RIGHT="0." />
<ParagraphStyle ALIGN="Left" FIRSTLINE="0." ID="StyleId-913C2DB5-9F02-4067-BAF7-0AED37B60BBE-" LEFT="0." LINESPACE="6.099999905" RIGHT="0." />
<ParagraphStyle ALIGN="Left" FIRSTLINE="0." ID="StyleId-9C79A9D2-8F08-4A8F-985D-B00E253ED1E5-" LEFT="0." LINESPACE="4.400000095" RIGHT="0." />
<ParagraphStyle ALIGN="Left" FIRSTLINE="0." ID="StyleId-A41F0407-FEFE-4738-9EC5-E05AFFF62781-" LEFT="0." LINESPACE="7.300000191" RIGHT="0." />
<ParagraphStyle ALIGN="Left" FIRSTLINE="0." ID="StyleId-61D37176-94E8-408D-9B87-01C406CE8AB2-" LEFT="0." LINESPACE="8.050000191" RIGHT="0." />
</Styles>
<Layout>
<Page HEIGHT="4375" ID="Page1707" PHYSICAL_IMG_NR="1707" WIDTH="2424">
<TopMargin HEIGHT="390" HPOS="0" VPOS="0" WIDTH="2424">
</TopMargin>
<LeftMargin HEIGHT="3766" HPOS="0" VPOS="390" WIDTH="86">
</LeftMargin>
<RightMargin HEIGHT="3766" HPOS="2110" VPOS="390" WIDTH="314">
</RightMargin>
<BottomMargin HEIGHT="219" HPOS="0" VPOS="4156" WIDTH="2424">
</BottomMargin>
<PrintSpace HEIGHT="3766" HPOS="86" VPOS="390" WIDTH="2024">
<TextBlock HEIGHT="133" HPOS="942" ID="Page1707_Block1" LANG="en-US" STYLEREFS="StyleId-769CFC4A-C094-42BE-856D-7F7DCB050D95-" VPOS="4023" WIDTH="388">
<TextLine HEIGHT="53" HPOS="1014" VPOS="4023" WIDTH="129">
<String CONTENT="1707" HEIGHT="53" HPOS="1014" VPOS="4023" WIDTH="129" />
</TextLine>
</TextBlock>
<TextBlock CS="1" HEIGHT="3599" HPOS="86" ID="Page1707_Block2" LANG="en-US" STYLEREFS="StyleId-403EEACE-0E49-471C-9CDA-B3D5513DA430-" VPOS="390" WIDTH="2024">
<TextLine CS="1" HEIGHT="50" HPOS="177" VPOS="484" WIDTH="1251">
<String CONTENT="xx" HEIGHT="27" HPOS="177" VPOS="498" WIDTH="64" />
<SP HEIGHT="37" HPOS="242" VPOS="497" WIDTH="26" />
<String CONTENT="p.," HEIGHT="37" HPOS="269" VPOS="497" WIDTH="56" />
<SP HEIGHT="46" HPOS="326" VPOS="487" WIDTH="27" />
<String CONTENT="1" HEIGHT="37" HPOS="354" VPOS="487" WIDTH="25" />
<SP HEIGHT="37" HPOS="380" VPOS="487" WIDTH="23" />
<String CONTENT="l.," CS="1" HEIGHT="14" HPOS="426" VPOS="518" WIDTH="22" />
<SP HEIGHT="46" HPOS="449" VPOS="486" WIDTH="25" />
<String CONTENT="398" HEIGHT="41" HPOS="475" VPOS="484" WIDTH="86" />
<SP HEIGHT="48" HPOS="562" VPOS="485" WIDTH="23" />
<String CONTENT="p." HEIGHT="36" HPOS="586" VPOS="497" WIDTH="41" />
<SP HEIGHT="40" HPOS="628" VPOS="485" WIDTH="60" />
<String CONTENT="front.," HEIGHT="45" HPOS="689" VPOS="485" WIDTH="163" />
<SP HEIGHT="37" HPOS="853" VPOS="497" WIDTH="23" />
<String CONTENT="plates," HEIGHT="46" HPOS="877" VPOS="488" WIDTH="169" />
<SP HEIGHT="36" HPOS="1047" VPOS="497" WIDTH="27" />
<String CONTENT="ports." HEIGHT="44" HPOS="1075" VPOS="489" WIDTH="147" />
<SP HEIGHT="41" HPOS="1223" VPOS="485" WIDTH="58" />
<String CONTENT="20&#189;" CS="1" HEIGHT="41" HPOS="1282" VPOS="485" WIDTH="56" />
<String CONTENT="cm" HEIGHT="20" HPOS="1370" STYLE="superscript" VPOS="490" WIDTH="43" />
<String CONTENT="." HEIGHT="8" HPOS="1419" VPOS="519" WIDTH="9" />
</TextLine>
<TextLine CS="1" HEIGHT="51" HPOS="107" VPOS="539" WIDTH="1721">
<String CONTENT="&#169;" HEIGHT="51" HPOS="107" VPOS="539" WIDTH="53" />
<SP HEIGHT="51" HPOS="161" VPOS="539" WIDTH="25" />
<String CONTENT="Nov." CS="1" HEIGHT="7" HPOS="295" VPOS="574" WIDTH="8" />
<SP HEIGHT="38" HPOS="304" VPOS="543" WIDTH="26" />
<String CONTENT="26," HEIGHT="45" HPOS="331" VPOS="543" WIDTH="69" />
<SP HEIGHT="45" HPOS="401" VPOS="543" WIDTH="28" />
<String CONTENT="1935;" CS="1" HEIGHT="39" HPOS="430" VPOS="542" WIDTH="112" />
<SP HEIGHT="40" HPOS="570" VPOS="541" WIDTH="27" />
<String CONTENT="2c." HEIGHT="40" HPOS="598" VPOS="541" WIDTH="66" />
<SP HEIGHT="28" HPOS="665" VPOS="553" WIDTH="29" />
<String CONTENT="and" HEIGHT="37" HPOS="695" VPOS="544" WIDTH="93" />
<SP HEIGHT="37" HPOS="789" VPOS="544" WIDTH="25" />
<String CONTENT="aff." HEIGHT="39" HPOS="815" VPOS="542" WIDTH="78" />
<SP HEIGHT="37" HPOS="894" VPOS="543" WIDTH="29" />
<String CONTENT="Nov." CS="1" HEIGHT="30" HPOS="969" VPOS="551" WIDTH="71" />
<SP HEIGHT="37" HPOS="1041" VPOS="544" WIDTH="27" />
<String CONTENT="27;" HEIGHT="44" HPOS="1069" VPOS="544" WIDTH="82" />
<SP HEIGHT="44" HPOS="1152" VPOS="544" WIDTH="28" />
<String CONTENT="A" HEIGHT="37" HPOS="1181" VPOS="544" WIDTH="40" />
<SP HEIGHT="38" HPOS="1222" VPOS="544" WIDTH="27" />
<String CONTENT="89638;" HEIGHT="46" HPOS="1250" VPOS="543" WIDTH="170" />
<SP HEIGHT="44" HPOS="1421" VPOS="545" WIDTH="30" />
<String CONTENT="Macmillan" HEIGHT="38" HPOS="1452" VPOS="544" WIDTH="283" />
<SP HEIGHT="29" HPOS="1736" VPOS="554" WIDTH="24" />
<String CONTENT="co." HEIGHT="30" HPOS="1761" VPOS="553" WIDTH="67" />
</TextLine>
<TextLine HEIGHT="50" HPOS="171" VPOS="597" WIDTH="279">
<String CONTENT="(35-31920)" HEIGHT="50" HPOS="171" VPOS="597" WIDTH="279" />
</TextLine>
<TextLine CS="1" HEIGHT="67" HPOS="111" STYLEREFS="StyleId-C89560BE-3A66-4439-90C2-5F9D84AB9D77-" VPOS="674" WIDTH="1006">
<String CONTENT="[Morris," HEIGHT="66" HPOS="111" VPOS="674" WIDTH="251" />
<SP HEIGHT="65" HPOS="363" VPOS="674" WIDTH="31" />
<String CONTENT="Charles" HEIGHT="54" HPOS="395" VPOS="674" WIDTH="246" />
<SP HEIGHT="53" HPOS="642" VPOS="674" WIDTH="26" />
<String CONTENT="Dexter]" CS="1" HEIGHT="53" HPOS="669" VPOS="674" WIDTH="223" />
<SP HEIGHT="60" HPOS="912" VPOS="681" WIDTH="35" />
<String CONTENT="1883-" HEIGHT="50" HPOS="948" VPOS="678" WIDTH="169" />
</TextLine>
<TextLine CS="1" HEIGHT="70" HPOS="176" STYLEREFS="StyleId-C89560BE-3A66-4439-90C2-5F9D84AB9D77-" VPOS="750" WIDTH="1923">
<String CONTENT="Land" HEIGHT="52" HPOS="176" VPOS="752" WIDTH="164" />
<SP HEIGHT="52" HPOS="341" VPOS="752" WIDTH="32" />
<String CONTENT="of" HEIGHT="53" HPOS="374" VPOS="750" WIDTH="65" />
<SP HEIGHT="53" HPOS="440" VPOS="750" WIDTH="31" />
<String CONTENT="the" HEIGHT="53" HPOS="472" VPOS="750" WIDTH="94" />
<SP HEIGHT="54" HPOS="567" VPOS="751" WIDTH="31" />
<String CONTENT="Whatsit" HEIGHT="54" HPOS="599" VPOS="751" WIDTH="254" />
<SP HEIGHT="44" HPOS="854" VPOS="759" WIDTH="37" />
<String CONTENT="&#8230;" CS="1" />
<SP HEIGHT="34" HPOS="949" VPOS="769" WIDTH="38" />
<String CONTENT="adventures" HEIGHT="52" HPOS="988" VPOS="752" WIDTH="339" />
<SP HEIGHT="34" HPOS="1328" VPOS="770" WIDTH="32" />
<String CONTENT="of" HEIGHT="51" HPOS="1361" VPOS="752" WIDTH="64" />
<SP HEIGHT="51" HPOS="1426" VPOS="752" WIDTH="33" />
<String CONTENT="Billy" HEIGHT="67" HPOS="1460" VPOS="751" WIDTH="158" />
<SP HEIGHT="49" HPOS="1619" VPOS="769" WIDTH="34" />
<String CONTENT="and" HEIGHT="53" HPOS="1654" VPOS="751" WIDTH="112" />
<SP HEIGHT="52" HPOS="1767" VPOS="751" WIDTH="33" />
<String CONTENT="Betty," HEIGHT="65" HPOS="1801" VPOS="754" WIDTH="191" />
<SP HEIGHT="66" HPOS="1993" VPOS="753" WIDTH="34" />
<String CONTENT="by" HEIGHT="67" HPOS="2028" VPOS="753" WIDTH="71" />
</TextLine>
<TextLine CS="1" HEIGHT="68" HPOS="111" STYLEREFS="StyleId-C89560BE-3A66-4439-90C2-5F9D84AB9D77-" VPOS="829" WIDTH="1989">
<String CONTENT="Billy" HEIGHT="66" HPOS="111" VPOS="830" WIDTH="154" />
<SP HEIGHT="49" HPOS="266" VPOS="847" WIDTH="36" />
<String CONTENT="and" HEIGHT="53" HPOS="303" VPOS="829" WIDTH="112" />
<SP HEIGHT="52" HPOS="416" VPOS="829" WIDTH="38" />
<String CONTENT="Betty" HEIGHT="66" HPOS="455" VPOS="830" WIDTH="172" />
<SP HEIGHT="67" HPOS="628" VPOS="829" WIDTH="34" />
<String CONTENT="White" HEIGHT="53" HPOS="663" VPOS="829" WIDTH="196" />
<SP HEIGHT="47" HPOS="860" VPOS="848" WIDTH="37" />
<String CONTENT="[pseud.]" CS="1" HEIGHT="65" HPOS="916" VPOS="830" WIDTH="193" />
<SP HEIGHT="67" HPOS="1130" VPOS="830" WIDTH="75" />
<String CONTENT="Illustrations" HEIGHT="52" HPOS="1206" VPOS="829" WIDTH="392" />
<SP HEIGHT="53" HPOS="1599" VPOS="829" WIDTH="33" />
<String CONTENT="by" HEIGHT="68" HPOS="1633" VPOS="829" WIDTH="74" />
<SP HEIGHT="68" HPOS="1708" VPOS="829" WIDTH="34" />
<String CONTENT="Joe" HEIGHT="53" HPOS="1743" VPOS="829" WIDTH="106" />
<SP HEIGHT="50" HPOS="1850" VPOS="832" WIDTH="37" />
<String CONTENT="Banks," HEIGHT="65" HPOS="1888" VPOS="831" WIDTH="212" />
</TextLine>
<TextLine HEIGHT="68" HPOS="107" STYLEREFS="StyleId-C89560BE-3A66-4439-90C2-5F9D84AB9D77-" VPOS="906" WIDTH="1992">
<String CONTENT="cartoonist" HEIGHT="52" HPOS="107" VPOS="908" WIDTH="308" />
<SP HEIGHT="47" HPOS="416" VPOS="912" WIDTH="42" />
<String CONTENT="of" HEIGHT="52" HPOS="459" VPOS="907" WIDTH="64" />
<SP HEIGHT="52" HPOS="524" VPOS="907" WIDTH="41" />
<String CONTENT="the" HEIGHT="52" HPOS="566" VPOS="907" WIDTH="94" />
<SP HEIGHT="53" HPOS="661" VPOS="908" WIDTH="43" />
<String CONTENT="Whatsit." HEIGHT="55" HPOS="705" VPOS="906" WIDTH="267" />
<SP HEIGHT="52" HPOS="973" VPOS="908" WIDTH="76" />
<String CONTENT="Verse" HEIGHT="54" HPOS="1050" VPOS="908" WIDTH="174" />
<SP HEIGHT="54" HPOS="1225" VPOS="908" WIDTH="38" />
<String CONTENT="by" HEIGHT="66" HPOS="1264" VPOS="908" WIDTH="74" />
<SP HEIGHT="60" HPOS="1339" VPOS="914" WIDTH="42" />
<String CONTENT="the" HEIGHT="54" HPOS="1382" VPOS="908" WIDTH="94" />
<SP HEIGHT="53" HPOS="1477" VPOS="909" WIDTH="40" />
<String CONTENT="Whatsit" HEIGHT="55" HPOS="1518" VPOS="907" WIDTH="255" />
<SP HEIGHT="48" HPOS="1774" VPOS="913" WIDTH="36" />
<String CONTENT="staff" HEIGHT="54" HPOS="1811" VPOS="907" WIDTH="134" />
<SP HEIGHT="54" HPOS="1946" VPOS="907" WIDTH="41" />
<String CONTENT="and" HEIGHT="52" HPOS="1988" VPOS="910" WIDTH="111" />
</TextLine>
<TextLine CS="1" HEIGHT="71" HPOS="107" STYLEREFS="StyleId-C89560BE-3A66-4439-90C2-5F9D84AB9D77-" VPOS="983" WIDTH="1857">
<String CONTENT="their" HEIGHT="51" HPOS="107" VPOS="986" WIDTH="147" />
<SP HEIGHT="52" HPOS="255" VPOS="985" WIDTH="28" />
<String CONTENT="friends." HEIGHT="55" HPOS="284" VPOS="983" WIDTH="234" />
<SP HEIGHT="52" HPOS="519" VPOS="985" WIDTH="76" />
<String CONTENT="New" HEIGHT="52" HPOS="596" VPOS="985" WIDTH="138" />
<SP HEIGHT="51" HPOS="735" VPOS="986" WIDTH="28" />
<String CONTENT="York," HEIGHT="62" HPOS="764" VPOS="986" WIDTH="178" />
<SP HEIGHT="61" HPOS="943" VPOS="987" WIDTH="29" />
<String CONTENT="The" HEIGHT="51" HPOS="973" VPOS="986" WIDTH="120" />
<SP HEIGHT="51" HPOS="1094" VPOS="986" WIDTH="28" />
<String CONTENT="Macaulay" CS="1" HEIGHT="53" HPOS="1123" VPOS="985" WIDTH="263" />
<SP HEIGHT="35" HPOS="1427" VPOS="1005" WIDTH="28" />
<String CONTENT="company" HEIGHT="52" HPOS="1456" VPOS="1002" WIDTH="279" />
<SP HEIGHT="51" HPOS="1736" VPOS="1003" WIDTH="34" />
<String CONTENT="[" CS="1" />
<String CONTENT="c" HEIGHT="21" HPOS="1788" STYLE="superscript" VPOS="993" WIDTH="18" />
<String CONTENT="1935]" HEIGHT="64" HPOS="1812" VPOS="989" WIDTH="152" />
</TextLine>
<TextLine CS="1" HEIGHT="49" HPOS="174" VPOS="1058" WIDTH="522">
<String CONTENT="333" HEIGHT="40" HPOS="174" VPOS="1059" WIDTH="83" />
<SP HEIGHT="47" HPOS="258" VPOS="1060" WIDTH="31" />
<String CONTENT="p." HEIGHT="37" HPOS="290" VPOS="1070" WIDTH="42" />
<SP HEIGHT="40" HPOS="333" VPOS="1059" WIDTH="59" />
<String CONTENT="illus." HEIGHT="40" HPOS="393" VPOS="1059" WIDTH="126" />
<SP HEIGHT="41" HPOS="520" VPOS="1058" WIDTH="59" />
<String CONTENT="20" HEIGHT="40" HPOS="580" VPOS="1058" WIDTH="56" />
<String CONTENT="cm" CS="1" HEIGHT="20" HPOS="639" STYLE="superscript" VPOS="1062" WIDTH="15" />
<String CONTENT="." HEIGHT="7" HPOS="688" VPOS="1092" WIDTH="8" />
</TextLine>
<TextLine CS="1" HEIGHT="54" HPOS="107" VPOS="1111" WIDTH="1992">
<String CONTENT="&#169;" HEIGHT="52" HPOS="107" VPOS="1111" WIDTH="53" />
<SP HEIGHT="52" HPOS="161" VPOS="1111" WIDTH="34" />
<String CONTENT="Nov." HEIGHT="39" HPOS="196" VPOS="1116" WIDTH="116" />
<SP HEIGHT="39" HPOS="313" VPOS="1116" WIDTH="38" />
<String CONTENT="12," HEIGHT="47" HPOS="352" VPOS="1116" WIDTH="68" />
<SP HEIGHT="46" HPOS="421" VPOS="1117" WIDTH="37" />
<String CONTENT="1935;" CS="1" HEIGHT="41" HPOS="459" VPOS="1114" WIDTH="116" />
<SP HEIGHT="41" HPOS="600" VPOS="1116" WIDTH="38" />
<String CONTENT="2c." HEIGHT="39" HPOS="639" VPOS="1116" WIDTH="66" />
<SP HEIGHT="29" HPOS="706" VPOS="1126" WIDTH="38" />
<String CONTENT="and" HEIGHT="38" HPOS="745" VPOS="1117" WIDTH="94" />
<SP HEIGHT="38" HPOS="840" VPOS="1117" WIDTH="36" />
<String CONTENT="aff." HEIGHT="40" HPOS="877" VPOS="1115" WIDTH="82" />
<SP HEIGHT="38" HPOS="960" VPOS="1116" WIDTH="37" />
<String CONTENT="Nov." HEIGHT="39" HPOS="998" VPOS="1116" WIDTH="117" />
<SP HEIGHT="39" HPOS="1116" VPOS="1116" WIDTH="37" />
<String CONTENT="22;" HEIGHT="47" HPOS="1154" VPOS="1115" WIDTH="82" />
<SP HEIGHT="45" HPOS="1237" VPOS="1117" WIDTH="40" />
<String CONTENT="A" HEIGHT="37" HPOS="1278" VPOS="1117" WIDTH="39" />
<SP HEIGHT="38" HPOS="1318" VPOS="1117" WIDTH="33" />
<String CONTENT="89591;" HEIGHT="48" HPOS="1352" VPOS="1115" WIDTH="170" />
<SP HEIGHT="47" HPOS="1523" VPOS="1116" WIDTH="41" />
<String CONTENT="C." HEIGHT="41" HPOS="1565" VPOS="1116" WIDTH="49" />
<SP HEIGHT="39" HPOS="1615" VPOS="1118" WIDTH="37" />
<String CONTENT="D." HEIGHT="39" HPOS="1653" VPOS="1118" WIDTH="58" />
<SP HEIGHT="39" HPOS="1712" VPOS="1118" WIDTH="37" />
<String CONTENT="Morris," HEIGHT="50" HPOS="1750" VPOS="1115" WIDTH="192" />
<SP HEIGHT="47" HPOS="1943" VPOS="1118" WIDTH="36" />
<String CONTENT="New" HEIGHT="40" HPOS="1980" VPOS="1118" WIDTH="119" />
</TextLine>
<TextLine HEIGHT="47" HPOS="174" VPOS="1172" WIDTH="493">
<String CONTENT="York." HEIGHT="40" HPOS="174" VPOS="1172" WIDTH="143" />
<SP HEIGHT="47" HPOS="318" VPOS="1172" WIDTH="69" />
<String CONTENT="(35-32774)" HEIGHT="47" HPOS="388" VPOS="1172" WIDTH="279" />
</TextLine>
<TextLine HEIGHT="64" HPOS="104" VPOS="1247" WIDTH="544">
<String CONTENT="Morrow," HEIGHT="63" HPOS="104" VPOS="1248" WIDTH="268" />
<SP HEIGHT="63" HPOS="373" VPOS="1248" WIDTH="28" />
<String CONTENT="Donald." HEIGHT="54" HPOS="402" VPOS="1247" WIDTH="246" />
</TextLine>
<TextLine HEIGHT="69" HPOS="173" STYLEREFS="StyleId-C89560BE-3A66-4439-90C2-5F9D84AB9D77-" VPOS="1324" WIDTH="1924">
<String CONTENT="Where" HEIGHT="53" HPOS="173" VPOS="1325" WIDTH="205" />
<SP HEIGHT="55" HPOS="379" VPOS="1324" WIDTH="35" />
<String CONTENT="Shakespeare" HEIGHT="67" HPOS="415" VPOS="1324" WIDTH="387" />
<SP HEIGHT="34" HPOS="803" VPOS="1343" WIDTH="31" />
<String CONTENT="stood;" HEIGHT="65" HPOS="835" VPOS="1324" WIDTH="189" />
<SP HEIGHT="64" HPOS="1025" VPOS="1325" WIDTH="34" />
<String CONTENT="his" HEIGHT="54" HPOS="1060" VPOS="1325" WIDTH="90" />
<SP HEIGHT="48" HPOS="1151" VPOS="1344" WIDTH="31" />
<String CONTENT="part" HEIGHT="61" HPOS="1183" VPOS="1331" WIDTH="133" />
<SP HEIGHT="54" HPOS="1317" VPOS="1324" WIDTH="29" />
<String CONTENT="in" HEIGHT="55" HPOS="1347" VPOS="1324" WIDTH="61" />
<SP HEIGHT="48" HPOS="1409" VPOS="1331" WIDTH="29" />
<String CONTENT="the" HEIGHT="53" HPOS="1439" VPOS="1326" WIDTH="96" />
<SP HEIGHT="35" HPOS="1536" VPOS="1344" WIDTH="33" />
<String CONTENT="crucial" HEIGHT="54" HPOS="1570" VPOS="1324" WIDTH="211" />
<SP HEIGHT="54" HPOS="1782" VPOS="1324" WIDTH="30" />
<String CONTENT="struggles" HEIGHT="67" HPOS="1813" VPOS="1326" WIDTH="284" />
</TextLine>
<TextLine CS="1" HEIGHT="147" HPOS="104" STYLEREFS="StyleId-C89560BE-3A66-4439-90C2-5F9D84AB9D77-" VPOS="1402" WIDTH="1969">
<String CONTENT="of" HEIGHT="52" HPOS="104" VPOS="1404" WIDTH="62" />
<SP HEIGHT="51" HPOS="167" VPOS="1403" WIDTH="25" />
<String CONTENT="his" HEIGHT="54" HPOS="193" VPOS="1403" WIDTH="88" />
<SP HEIGHT="54" HPOS="282" VPOS="1403" WIDTH="25" />
<String CONTENT="day," HEIGHT="65" HPOS="308" VPOS="1403" WIDTH="128" />
<SP HEIGHT="65" HPOS="437" VPOS="1403" WIDTH="24" />
<String CONTENT="by" HEIGHT="66" HPOS="462" VPOS="1403" WIDTH="73" />
<SP HEIGHT="65" HPOS="536" VPOS="1404" WIDTH="24" />
<String CONTENT="Donald" HEIGHT="53" HPOS="561" VPOS="1402" WIDTH="229" />
<SP HEIGHT="52" HPOS="791" VPOS="1403" WIDTH="26" />
<String CONTENT="Morrow;" HEIGHT="65" HPOS="818" VPOS="1404" WIDTH="278" />
<SP HEIGHT="47" HPOS="1097" VPOS="1422" WIDTH="28" />
<String CONTENT="with" HEIGHT="52" HPOS="1126" VPOS="1402" WIDTH="140" />
<SP HEIGHT="52" HPOS="1267" VPOS="1403" WIDTH="25" />
<String CONTENT="an" HEIGHT="34" HPOS="1293" VPOS="1421" WIDTH="73" />
<SP HEIGHT="51" HPOS="1367" VPOS="1405" WIDTH="25" />
<String CONTENT="introduction" HEIGHT="55" HPOS="1393" VPOS="1403" WIDTH="390" />
<SP HEIGHT="55" HPOS="1784" VPOS="1403" WIDTH="24" />
<String CONTENT="by" HEIGHT="68" HPOS="1809" VPOS="1403" WIDTH="76" />
<SP HEIGHT="69" HPOS="1886" VPOS="1402" WIDTH="26" />
<String CONTENT="Granville" HEIGHT="132" HPOS="105" VPOS="1402" WIDTH="1968" />
<SP HEIGHT="52" HPOS="238" VPOS="1482" WIDTH="34" />
<String CONTENT="Hicks." HEIGHT="54" HPOS="273" VPOS="1480" WIDTH="197" />
<SP HEIGHT="52" HPOS="471" VPOS="1481" WIDTH="74" />
<String CONTENT="Milwaukee," HEIGHT="68" HPOS="546" VPOS="1479" WIDTH="358" />
<SP HEIGHT="65" HPOS="905" VPOS="1482" WIDTH="33" />
<String CONTENT="The" HEIGHT="52" HPOS="939" VPOS="1481" WIDTH="120" />
<SP HEIGHT="54" HPOS="1060" VPOS="1481" WIDTH="36" />
<String CONTENT="Casanova" HEIGHT="54" HPOS="1097" VPOS="1481" WIDTH="295" />
<SP HEIGHT="49" HPOS="1393" VPOS="1500" WIDTH="32" />
<String CONTENT="press," HEIGHT="49" HPOS="1426" VPOS="1500" WIDTH="175" />
<SP HEIGHT="63" HPOS="1602" VPOS="1485" WIDTH="35" />
<String CONTENT="1935." HEIGHT="51" HPOS="1638" VPOS="1484" WIDTH="151" />
</TextLine>
<TextLine CS="1" HEIGHT="48" HPOS="171" VPOS="1551" WIDTH="333">
<String CONTENT="89" HEIGHT="41" HPOS="171" VPOS="1552" WIDTH="56" />
<SP HEIGHT="47" HPOS="228" VPOS="1552" WIDTH="27" />
<String CONTENT="p." HEIGHT="37" HPOS="256" VPOS="1562" WIDTH="41" />
<SP HEIGHT="38" HPOS="298" VPOS="1554" WIDTH="60" />
<String CONTENT="19&#189;" CS="1" HEIGHT="40" HPOS="359" VPOS="1551" WIDTH="55" />
<String CONTENT="cm" CS="1" HEIGHT="20" HPOS="448" STYLE="superscript" VPOS="1555" WIDTH="14" />
<String CONTENT="." HEIGHT="9" HPOS="496" VPOS="1584" WIDTH="8" />
</TextLine>
<TextLine HEIGHT="47" HPOS="170" VPOS="1608" WIDTH="168">
<String CONTENT="Essay." HEIGHT="47" HPOS="170" VPOS="1608" WIDTH="168" />
</TextLine>
<TextLine HEIGHT="54" HPOS="103" VPOS="1662" WIDTH="1884">
<String CONTENT="&#169;" HEIGHT="53" HPOS="103" VPOS="1662" WIDTH="51" />
<SP HEIGHT="53" HPOS="155" VPOS="1662" WIDTH="27" />
<String CONTENT="Oct." HEIGHT="40" HPOS="183" VPOS="1667" WIDTH="99" />
<SP HEIGHT="41" HPOS="283" VPOS="1665" WIDTH="27" />
<String CONTENT="28," HEIGHT="48" HPOS="311" VPOS="1665" WIDTH="69" />
<SP HEIGHT="46" HPOS="381" VPOS="1667" WIDTH="27" />
<String CONTENT="1935;" HEIGHT="42" HPOS="409" VPOS="1665" WIDTH="140" />
<SP HEIGHT="41" HPOS="550" VPOS="1666" WIDTH="27" />
<String CONTENT="2c." HEIGHT="40" HPOS="578" VPOS="1666" WIDTH="68" />
<SP HEIGHT="40" HPOS="647" VPOS="1666" WIDTH="24" />
<String CONTENT="Oct." HEIGHT="40" HPOS="672" VPOS="1666" WIDTH="100" />
<SP HEIGHT="39" HPOS="773" VPOS="1667" WIDTH="26" />
<String CONTENT="31;" HEIGHT="44" HPOS="800" VPOS="1667" WIDTH="82" />
<SP HEIGHT="34" HPOS="883" VPOS="1677" WIDTH="28" />
<String CONTENT="aff." HEIGHT="42" HPOS="912" VPOS="1664" WIDTH="82" />
<SP HEIGHT="39" HPOS="995" VPOS="1667" WIDTH="27" />
<String CONTENT="Nov." HEIGHT="39" HPOS="1023" VPOS="1667" WIDTH="117" />
<SP HEIGHT="38" HPOS="1141" VPOS="1668" WIDTH="27" />
<String CONTENT="15;" HEIGHT="45" HPOS="1169" VPOS="1667" WIDTH="83" />
<SP HEIGHT="45" HPOS="1253" VPOS="1667" WIDTH="28" />
<String CONTENT="A" HEIGHT="38" HPOS="1282" VPOS="1667" WIDTH="42" />
<SP HEIGHT="40" HPOS="1325" VPOS="1667" WIDTH="24" />
<String CONTENT="88242;" HEIGHT="48" HPOS="1350" VPOS="1666" WIDTH="170" />
<SP HEIGHT="47" HPOS="1521" VPOS="1667" WIDTH="31" />
<String CONTENT="Casanova" HEIGHT="41" HPOS="1553" VPOS="1667" WIDTH="253" />
<SP HEIGHT="38" HPOS="1807" VPOS="1678" WIDTH="28" />
<String CONTENT="press." HEIGHT="38" HPOS="1836" VPOS="1678" WIDTH="151" />
</TextLine>
<TextLine HEIGHT="49" HPOS="170" VPOS="1723" WIDTH="278">
<String CONTENT="(35-32227)" HEIGHT="49" HPOS="170" VPOS="1723" WIDTH="278" />
</TextLine>
<TextLine HEIGHT="65" HPOS="102" STYLEREFS="StyleId-FB3F48F8-AF70-461E-9815-83F81C0EAAE5-" VPOS="1798" WIDTH="782">
<String CONTENT="Munn," HEIGHT="62" HPOS="102" VPOS="1801" WIDTH="200" />
<SP HEIGHT="63" HPOS="303" VPOS="1800" WIDTH="29" />
<String CONTENT="Glenn" HEIGHT="53" HPOS="333" VPOS="1799" WIDTH="184" />
<SP HEIGHT="53" HPOS="518" VPOS="1799" WIDTH="29" />
<String CONTENT="Gaywaine." HEIGHT="65" HPOS="548" VPOS="1798" WIDTH="336" />
</TextLine>
<TextLine CS="1" HEIGHT="72" HPOS="173" STYLEREFS="StyleId-C89560BE-3A66-4439-90C2-5F9D84AB9D77-" VPOS="1873" WIDTH="1860">
<String CONTENT="Encyclopedia" HEIGHT="69" HPOS="173" VPOS="1874" WIDTH="421" />
<SP HEIGHT="34" HPOS="595" VPOS="1893" WIDTH="27" />
<String CONTENT="of" HEIGHT="53" HPOS="623" VPOS="1874" WIDTH="64" />
<SP HEIGHT="53" HPOS="688" VPOS="1874" WIDTH="23" />
<String CONTENT="banking" HEIGHT="69" HPOS="712" VPOS="1874" WIDTH="257" />
<SP HEIGHT="51" HPOS="970" VPOS="1892" WIDTH="23" />
<String CONTENT="and" HEIGHT="52" HPOS="994" VPOS="1875" WIDTH="112" />
<SP HEIGHT="53" HPOS="1107" VPOS="1874" WIDTH="26" />
<String CONTENT="finance," HEIGHT="69" HPOS="1134" VPOS="1874" WIDTH="236" />
<SP HEIGHT="68" HPOS="1371" VPOS="1875" WIDTH="25" />
<String CONTENT="by" HEIGHT="70" HPOS="1397" VPOS="1875" WIDTH="76" />
<SP HEIGHT="72" HPOS="1474" VPOS="1873" WIDTH="25" />
<String CONTENT="Glenn" HEIGHT="57" HPOS="1500" VPOS="1873" WIDTH="188" />
<SP HEIGHT="56" HPOS="1689" VPOS="1874" WIDTH="27" />
<String CONTENT="G." HEIGHT="56" HPOS="1717" VPOS="1874" WIDTH="69" />
<SP HEIGHT="54" HPOS="1787" VPOS="1875" WIDTH="26" />
<String CONTENT="Munn" HEIGHT="53" HPOS="1814" VPOS="1875" WIDTH="184" />
<SP HEIGHT="32" HPOS="1999" VPOS="1895" WIDTH="34" />
<String CONTENT="&#8230;" CS="1" />
</TextLine>
<TextLine HEIGHT="69" HPOS="104" STYLEREFS="StyleId-C89560BE-3A66-4439-90C2-5F9D84AB9D77-" VPOS="1954" WIDTH="1989">
<String CONTENT="volume" HEIGHT="50" HPOS="104" VPOS="1957" WIDTH="218" />
<SP HEIGHT="47" HPOS="323" VPOS="1960" WIDTH="29" />
<String CONTENT="1." HEIGHT="47" HPOS="353" VPOS="1960" WIDTH="43" />
<SP HEIGHT="51" HPOS="397" VPOS="1956" WIDTH="60" />
<String CONTENT="New" HEIGHT="51" HPOS="458" VPOS="1956" WIDTH="139" />
<SP HEIGHT="52" HPOS="598" VPOS="1956" WIDTH="26" />
<String CONTENT="York," HEIGHT="67" HPOS="625" VPOS="1954" WIDTH="179" />
<SP HEIGHT="64" HPOS="805" VPOS="1957" WIDTH="23" />
<String CONTENT="The" HEIGHT="54" HPOS="829" VPOS="1954" WIDTH="118" />
<SP HEIGHT="50" HPOS="948" VPOS="1957" WIDTH="26" />
<String CONTENT="Bankers" HEIGHT="54" HPOS="975" VPOS="1954" WIDTH="257" />
<SP HEIGHT="49" HPOS="1233" VPOS="1973" WIDTH="23" />
<String CONTENT="publishing" HEIGHT="68" HPOS="1257" VPOS="1954" WIDTH="335" />
<SP HEIGHT="50" HPOS="1593" VPOS="1972" WIDTH="24" />
<String CONTENT="company," HEIGHT="51" HPOS="1618" VPOS="1972" WIDTH="297" />
<SP HEIGHT="62" HPOS="1916" VPOS="1961" WIDTH="28" />
<String CONTENT="1935." HEIGHT="50" HPOS="1945" VPOS="1959" WIDTH="148" />
</TextLine>
<TextLine CS="1" HEIGHT="48" HPOS="174" VPOS="2027" WIDTH="905">
<String CONTENT="viii," HEIGHT="46" HPOS="174" VPOS="2028" WIDTH="98" />
<SP HEIGHT="45" HPOS="273" VPOS="2029" WIDTH="30" />
<String CONTENT="784" HEIGHT="39" HPOS="304" VPOS="2029" WIDTH="84" />
<SP HEIGHT="46" HPOS="389" VPOS="2029" WIDTH="28" />
<String CONTENT="p." HEIGHT="37" HPOS="418" VPOS="2038" WIDTH="44" />
<SP HEIGHT="39" HPOS="463" VPOS="2028" WIDTH="57" />
<String CONTENT="illus.," HEIGHT="46" HPOS="521" VPOS="2028" WIDTH="142" />
<SP HEIGHT="47" HPOS="664" VPOS="2027" WIDTH="30" />
<String CONTENT="diagrs." HEIGHT="48" HPOS="695" VPOS="2027" WIDTH="178" />
<SP HEIGHT="40" HPOS="874" VPOS="2027" WIDTH="58" />
<String CONTENT="25&#189;" CS="1" HEIGHT="38" HPOS="933" VPOS="2027" WIDTH="55" />
<String CONTENT="cm" HEIGHT="20" HPOS="1021" STYLE="superscript" VPOS="2029" WIDTH="43" />
<String CONTENT="." HEIGHT="8" HPOS="1070" VPOS="2059" WIDTH="9" />
</TextLine>
<TextLine CS="1" HEIGHT="50" HPOS="173" VPOS="2080" WIDTH="1844">
<String CONTENT="&#8220;First" HEIGHT="40" HPOS="173" VPOS="2083" WIDTH="161" />
<SP HEIGHT="38" HPOS="335" VPOS="2085" WIDTH="21" />
<String CONTENT="edition," HEIGHT="48" HPOS="357" VPOS="2082" WIDTH="199" />
<SP HEIGHT="38" HPOS="557" VPOS="2092" WIDTH="25" />
<String CONTENT="published" HEIGHT="49" HPOS="583" VPOS="2081" WIDTH="256" />
<SP HEIGHT="39" HPOS="840" VPOS="2083" WIDTH="26" />
<String CONTENT="1924" HEIGHT="41" HPOS="867" VPOS="2080" WIDTH="113" />
<SP HEIGHT="40" HPOS="981" VPOS="2082" WIDTH="29" />
<String CONTENT="&#8230;" CS="1" />
<SP HEIGHT="40" HPOS="1059" VPOS="2081" WIDTH="56" />
<String CONTENT="Fourth" HEIGHT="41" HPOS="1116" VPOS="2081" WIDTH="187" />
<SP HEIGHT="40" HPOS="1304" VPOS="2083" WIDTH="26" />
<String CONTENT="edition," HEIGHT="47" HPOS="1331" VPOS="2082" WIDTH="199" />
<SP HEIGHT="37" HPOS="1531" VPOS="2092" WIDTH="28" />
<String CONTENT="revised" HEIGHT="41" HPOS="1560" VPOS="2082" WIDTH="190" />
<SP HEIGHT="40" HPOS="1751" VPOS="2083" WIDTH="29" />
<String CONTENT="&#8230;" CS="1" />
<SP HEIGHT="39" HPOS="1828" VPOS="2083" WIDTH="32" />
<String CONTENT="1935.&#8221;" HEIGHT="41" HPOS="1861" VPOS="2081" WIDTH="156" />
</TextLine>
<TextLine HEIGHT="48" HPOS="172" VPOS="2138" WIDTH="642">
<String CONTENT="Includes" HEIGHT="41" HPOS="172" VPOS="2138" WIDTH="223" />
<SP HEIGHT="41" HPOS="396" VPOS="2138" WIDTH="25" />
<String CONTENT="bibliographies." HEIGHT="48" HPOS="422" VPOS="2138" WIDTH="392" />
</TextLine>
<TextLine CS="1" HEIGHT="53" HPOS="101" VPOS="2194" WIDTH="1881">
<String CONTENT="&#169;" HEIGHT="53" HPOS="101" VPOS="2194" WIDTH="51" />
<SP HEIGHT="53" HPOS="153" VPOS="2194" WIDTH="24" />
<String CONTENT="Oct." HEIGHT="40" HPOS="178" VPOS="2198" WIDTH="99" />
<SP HEIGHT="39" HPOS="278" VPOS="2198" WIDTH="25" />
<String CONTENT="18," HEIGHT="43" HPOS="304" VPOS="2198" WIDTH="67" />
<SP HEIGHT="42" HPOS="372" VPOS="2199" WIDTH="25" />
<String CONTENT="1935;" HEIGHT="43" HPOS="398" VPOS="2197" WIDTH="140" />
<SP HEIGHT="43" HPOS="539" VPOS="2197" WIDTH="23" />
<String CONTENT="2c." HEIGHT="41" HPOS="563" VPOS="2197" WIDTH="67" />
<SP HEIGHT="40" HPOS="631" VPOS="2198" WIDTH="23" />
<String CONTENT="Nov." HEIGHT="40" HPOS="655" VPOS="2198" WIDTH="118" />
<SP HEIGHT="40" HPOS="774" VPOS="2198" WIDTH="24" />
<String CONTENT="25:" HEIGHT="40" HPOS="799" VPOS="2198" WIDTH="80" />
<SP HEIGHT="31" HPOS="880" VPOS="2207" WIDTH="27" />
<String CONTENT="aff." HEIGHT="40" HPOS="908" VPOS="2197" WIDTH="81" />
<SP HEIGHT="39" HPOS="990" VPOS="2198" WIDTH="25" />
<String CONTENT="Nov." HEIGHT="39" HPOS="1016" VPOS="2198" WIDTH="118" />
<SP HEIGHT="40" HPOS="1135" VPOS="2197" WIDTH="20" />
<String CONTENT="22:" CS="1" HEIGHT="39" HPOS="1156" VPOS="2197" WIDTH="54" />
<SP HEIGHT="40" HPOS="1240" VPOS="2199" WIDTH="25" />
<String CONTENT="A" HEIGHT="37" HPOS="1266" VPOS="2199" WIDTH="41" />
<SP HEIGHT="40" HPOS="1308" VPOS="2197" WIDTH="23" />
<String CONTENT="89601;" HEIGHT="48" HPOS="1332" VPOS="2196" WIDTH="169" />
<SP HEIGHT="45" HPOS="1502" VPOS="2199" WIDTH="28" />
<String CONTENT="Bankers" HEIGHT="40" HPOS="1531" VPOS="2198" WIDTH="221" />
<SP HEIGHT="37" HPOS="1753" VPOS="2209" WIDTH="25" />
<String CONTENT="pub." HEIGHT="48" HPOS="1779" VPOS="2198" WIDTH="107" />
<SP HEIGHT="29" HPOS="1887" VPOS="2209" WIDTH="26" />
<String CONTENT="co." HEIGHT="30" HPOS="1914" VPOS="2208" WIDTH="68" />
</TextLine>
<TextLine HEIGHT="47" HPOS="168" VPOS="2255" WIDTH="278">
<String CONTENT="(35-32746)" HEIGHT="47" HPOS="168" VPOS="2255" WIDTH="278" />
</TextLine>
<TextLine HEIGHT="65" HPOS="102" STYLEREFS="StyleId-FB3F48F8-AF70-461E-9815-83F81C0EAAE5-" VPOS="2328" WIDTH="817">
<String CONTENT="Newlin," HEIGHT="65" HPOS="102" VPOS="2328" WIDTH="244" />
<SP HEIGHT="63" HPOS="347" VPOS="2330" WIDTH="30" />
<String CONTENT="Ora" HEIGHT="53" HPOS="378" VPOS="2330" WIDTH="119" />
<SP HEIGHT="53" HPOS="498" VPOS="2330" WIDTH="26" />
<String CONTENT="Allen," HEIGHT="63" HPOS="525" VPOS="2328" WIDTH="189" />
<SP HEIGHT="57" HPOS="715" VPOS="2334" WIDTH="33" />
<String CONTENT="1875-" HEIGHT="53" HPOS="749" VPOS="2330" WIDTH="170" />
</TextLine>
<TextLine HEIGHT="70" HPOS="168" STYLEREFS="StyleId-C89560BE-3A66-4439-90C2-5F9D84AB9D77-" VPOS="2405" WIDTH="1927">
<String CONTENT="The" HEIGHT="52" HPOS="168" VPOS="2408" WIDTH="118" />
<SP HEIGHT="52" HPOS="287" VPOS="2408" WIDTH="30" />
<String CONTENT="Hoosier" HEIGHT="53" HPOS="318" VPOS="2407" WIDTH="246" />
<SP HEIGHT="49" HPOS="565" VPOS="2426" WIDTH="26" />
<String CONTENT="pen," HEIGHT="50" HPOS="592" VPOS="2425" WIDTH="127" />
<SP HEIGHT="68" HPOS="720" VPOS="2407" WIDTH="25" />
<String CONTENT="by" HEIGHT="68" HPOS="746" VPOS="2407" WIDTH="76" />
<SP HEIGHT="70" HPOS="823" VPOS="2405" WIDTH="25" />
<String CONTENT="O." HEIGHT="56" HPOS="849" VPOS="2405" WIDTH="72" />
<SP HEIGHT="52" HPOS="922" VPOS="2406" WIDTH="28" />
<String CONTENT="Allen" HEIGHT="54" HPOS="951" VPOS="2406" WIDTH="173" />
<SP HEIGHT="53" HPOS="1125" VPOS="2407" WIDTH="30" />
<String CONTENT="Newlin." HEIGHT="54" HPOS="1156" VPOS="2406" WIDTH="241" />
<SP HEIGHT="53" HPOS="1398" VPOS="2407" WIDTH="67" />
<String CONTENT="Winona" HEIGHT="55" HPOS="1466" VPOS="2405" WIDTH="246" />
<SP HEIGHT="52" HPOS="1713" VPOS="2407" WIDTH="31" />
<String CONTENT="Lake," HEIGHT="67" HPOS="1745" VPOS="2407" WIDTH="170" />
<SP HEIGHT="67" HPOS="1916" VPOS="2407" WIDTH="31" />
<String CONTENT="Ind.," HEIGHT="66" HPOS="1948" VPOS="2407" WIDTH="147" />
</TextLine>
<TextLine HEIGHT="69" HPOS="99" STYLEREFS="StyleId-C89560BE-3A66-4439-90C2-5F9D84AB9D77-" VPOS="2484" WIDTH="1054">
<String CONTENT="Park" HEIGHT="53" HPOS="99" VPOS="2485" WIDTH="153" />
<SP HEIGHT="67" HPOS="253" VPOS="2485" WIDTH="30" />
<String CONTENT="publishing" HEIGHT="69" HPOS="284" VPOS="2484" WIDTH="333" />
<SP HEIGHT="51" HPOS="618" VPOS="2502" WIDTH="28" />
<String CONTENT="company" HEIGHT="51" HPOS="647" VPOS="2501" WIDTH="279" />
<SP HEIGHT="51" HPOS="927" VPOS="2501" WIDTH="32" />
<String CONTENT="[" HEIGHT="35" HPOS="960" VPOS="2517" WIDTH="14" />
<String CONTENT="c" HEIGHT="22" HPOS="976" STYLE="superscript" VPOS="2490" WIDTH="20" />
<String CONTENT="1935]" HEIGHT="65" HPOS="1001" VPOS="2486" WIDTH="152" />
</TextLine>
<TextLine CS="1" HEIGHT="49" HPOS="164" STYLEREFS="StyleId-C89560BE-3A66-4439-90C2-5F9D84AB9D77-" VPOS="2557" WIDTH="434">
<String CONTENT="x," HEIGHT="36" HPOS="164" VPOS="2570" WIDTH="45" />
<SP HEIGHT="46" HPOS="210" VPOS="2560" WIDTH="29" />
<String CONTENT="190" HEIGHT="41" HPOS="240" VPOS="2558" WIDTH="86" />
<SP HEIGHT="48" HPOS="327" VPOS="2558" WIDTH="21" />
<String CONTENT="p." HEIGHT="38" HPOS="349" VPOS="2568" WIDTH="45" />
<SP HEIGHT="40" HPOS="395" VPOS="2559" WIDTH="57" />
<String CONTENT="18&#189;cm." CS="1" HEIGHT="43" HPOS="453" VPOS="2557" WIDTH="145" />
</TextLine>
<TextLine HEIGHT="40" HPOS="163" VPOS="2616" WIDTH="181">
<String CONTENT="Poems." HEIGHT="40" HPOS="163" VPOS="2616" WIDTH="181" />
</TextLine>
<TextLine HEIGHT="53" HPOS="100" VPOS="2668" WIDTH="1990">
<String CONTENT="&#169;" HEIGHT="53" HPOS="100" VPOS="2668" WIDTH="51" />
<SP HEIGHT="53" HPOS="152" VPOS="2668" WIDTH="27" />
<String CONTENT="Nov." HEIGHT="39" HPOS="180" VPOS="2673" WIDTH="117" />
<SP HEIGHT="40" HPOS="298" VPOS="2672" WIDTH="28" />
<String CONTENT="22," HEIGHT="48" HPOS="327" VPOS="2672" WIDTH="70" />
<SP HEIGHT="48" HPOS="398" VPOS="2672" WIDTH="30" />
<String CONTENT="1935;" HEIGHT="47" HPOS="429" VPOS="2671" WIDTH="139" />
<SP HEIGHT="47" HPOS="569" VPOS="2671" WIDTH="27" />
<String CONTENT="2c." HEIGHT="40" HPOS="597" VPOS="2671" WIDTH="68" />
<SP HEIGHT="29" HPOS="666" VPOS="2682" WIDTH="30" />
<String CONTENT="and" HEIGHT="39" HPOS="697" VPOS="2672" WIDTH="96" />
<SP HEIGHT="39" HPOS="794" VPOS="2672" WIDTH="28" />
<String CONTENT="aff." HEIGHT="41" HPOS="823" VPOS="2669" WIDTH="81" />
<SP HEIGHT="39" HPOS="905" VPOS="2671" WIDTH="30" />
<String CONTENT="Nov." HEIGHT="40" HPOS="936" VPOS="2671" WIDTH="118" />
<SP HEIGHT="41" HPOS="1055" VPOS="2670" WIDTH="28" />
<String CONTENT="25;" HEIGHT="47" HPOS="1084" VPOS="2670" WIDTH="83" />
<SP HEIGHT="45" HPOS="1168" VPOS="2672" WIDTH="32" />
<String CONTENT="A" HEIGHT="37" HPOS="1201" VPOS="2672" WIDTH="40" />
<SP HEIGHT="40" HPOS="1242" VPOS="2671" WIDTH="30" />
<String CONTENT="89576;" HEIGHT="47" HPOS="1273" VPOS="2670" WIDTH="170" />
<SP HEIGHT="47" HPOS="1444" VPOS="2670" WIDTH="33" />
<String CONTENT="O." HEIGHT="41" HPOS="1478" VPOS="2670" WIDTH="52" />
<SP HEIGHT="39" HPOS="1531" VPOS="2671" WIDTH="31" />
<String CONTENT="A." HEIGHT="39" HPOS="1563" VPOS="2671" WIDTH="54" />
<SP HEIGHT="39" HPOS="1618" VPOS="2671" WIDTH="31" />
<String CONTENT="Newlin," HEIGHT="48" HPOS="1650" VPOS="2669" WIDTH="202" />
<SP HEIGHT="46" HPOS="1853" VPOS="2671" WIDTH="32" />
<String CONTENT="Winona" HEIGHT="41" HPOS="1886" VPOS="2669" WIDTH="204" />
</TextLine>
<TextLine CS="1" HEIGHT="47" HPOS="171" VPOS="2728" WIDTH="624">
<String CONTENT="Lake," HEIGHT="41" HPOS="171" VPOS="2730" WIDTH="144" />
<SP HEIGHT="41" HPOS="316" VPOS="2730" WIDTH="24" />
<String CONTENT="Ind." HEIGHT="37" HPOS="341" VPOS="2730" WIDTH="103" />
<SP HEIGHT="46" HPOS="445" VPOS="2729" WIDTH="69" />
<String CONTENT="(35-32798)" CS="1" HEIGHT="47" HPOS="515" VPOS="2728" WIDTH="280" />
</TextLine>
<TextLine HEIGHT="65" HPOS="102" STYLEREFS="StyleId-FB3F48F8-AF70-461E-9815-83F81C0EAAE5-" VPOS="2802" WIDTH="748">
<String CONTENT="O&#8217;Brien," HEIGHT="65" HPOS="102" VPOS="2802" WIDTH="263" />
<SP HEIGHT="63" HPOS="366" VPOS="2804" WIDTH="25" />
<String CONTENT="John" HEIGHT="54" HPOS="392" VPOS="2803" WIDTH="154" />
<SP HEIGHT="54" HPOS="547" VPOS="2804" WIDTH="26" />
<String CONTENT="S.," HEIGHT="63" HPOS="574" VPOS="2804" WIDTH="75" />
<SP HEIGHT="58" HPOS="650" VPOS="2809" WIDTH="29" />
<String CONTENT="1898-" HEIGHT="50" HPOS="680" VPOS="2807" WIDTH="170" />
</TextLine>
<TextLine CS="1" HEIGHT="150" HPOS="102" STYLEREFS="StyleId-C89560BE-3A66-4439-90C2-5F9D84AB9D77-" VPOS="2877" WIDTH="1989">
<String CONTENT="Valiant," HEIGHT="65" HPOS="168" VPOS="2881" WIDTH="251" />
<SP HEIGHT="66" HPOS="420" VPOS="2880" WIDTH="29" />
<String CONTENT="dog" HEIGHT="68" HPOS="450" VPOS="2880" WIDTH="112" />
<SP HEIGHT="50" HPOS="563" VPOS="2898" WIDTH="27" />
<String CONTENT="of" HEIGHT="53" HPOS="591" VPOS="2878" WIDTH="65" />
<SP HEIGHT="53" HPOS="657" VPOS="2878" WIDTH="27" />
<String CONTENT="the" HEIGHT="52" HPOS="685" VPOS="2879" WIDTH="93" />
<SP HEIGHT="46" HPOS="779" VPOS="2885" WIDTH="30" />
<String CONTENT="timberline," HEIGHT="67" HPOS="810" VPOS="2878" WIDTH="339" />
<SP HEIGHT="67" HPOS="1150" VPOS="2878" WIDTH="28" />
<String CONTENT="by" HEIGHT="68" HPOS="1179" VPOS="2878" WIDTH="74" />
<SP HEIGHT="68" HPOS="1254" VPOS="2878" WIDTH="30" />
<String CONTENT="Jack" HEIGHT="55" HPOS="1285" VPOS="2877" WIDTH="148" />
<SP HEIGHT="55" HPOS="1434" VPOS="2877" WIDTH="28" />
<String CONTENT="O&#8217;Brien" HEIGHT="55" HPOS="1463" VPOS="2877" WIDTH="248" />
<SP HEIGHT="33" HPOS="1712" VPOS="2897" WIDTH="38" />
<String CONTENT="&#8230;" CS="1" />
<SP HEIGHT="52" HPOS="1807" VPOS="2878" WIDTH="35" />
<String CONTENT="illustrations" HEIGHT="133" HPOS="102" VPOS="2878" WIDTH="1965" />
<SP HEIGHT="51" HPOS="246" VPOS="2960" WIDTH="21" />
<String CONTENT="by" HEIGHT="67" HPOS="268" VPOS="2960" WIDTH="71" />
<SP HEIGHT="68" HPOS="340" VPOS="2959" WIDTH="23" />
<String CONTENT="Kurt" HEIGHT="51" HPOS="364" VPOS="2959" WIDTH="154" />
<SP HEIGHT="53" HPOS="519" VPOS="2958" WIDTH="20" />
<String CONTENT="Wiese." HEIGHT="53" HPOS="540" VPOS="2958" WIDTH="202" />
<SP HEIGHT="51" HPOS="743" VPOS="2958" WIDTH="59" />
<String CONTENT="Philadelphia," HEIGHT="67" HPOS="803" VPOS="2957" WIDTH="426" />
<SP HEIGHT="69" HPOS="1230" VPOS="2955" WIDTH="22" />
<String CONTENT="Chicago" HEIGHT="70" HPOS="1253" VPOS="2955" WIDTH="250" />
<SP HEIGHT="48" HPOS="1504" VPOS="2975" WIDTH="29" />
<String CONTENT="[etc.]" CS="1" HEIGHT="60" HPOS="1552" VPOS="2963" WIDTH="120" />
<SP HEIGHT="66" HPOS="1673" VPOS="2957" WIDTH="28" />
<String CONTENT="The" HEIGHT="52" HPOS="1702" VPOS="2957" WIDTH="119" />
<SP HEIGHT="54" HPOS="1822" VPOS="2956" WIDTH="24" />
<String CONTENT="John" HEIGHT="54" HPOS="1847" VPOS="2956" WIDTH="157" />
<SP HEIGHT="54" HPOS="2005" VPOS="2956" WIDTH="23" />
<String CONTENT="C." HEIGHT="54" HPOS="2029" VPOS="2956" WIDTH="62" />
</TextLine>
<TextLine CS="1" HEIGHT="69" HPOS="100" STYLEREFS="StyleId-C89560BE-3A66-4439-90C2-5F9D84AB9D77-" VPOS="3036" WIDTH="797">
<String CONTENT="Winston" HEIGHT="54" HPOS="100" VPOS="3036" WIDTH="261" />
<SP HEIGHT="33" HPOS="362" VPOS="3056" WIDTH="28" />
<String CONTENT="company" HEIGHT="51" HPOS="391" VPOS="3054" WIDTH="279" />
<SP HEIGHT="50" HPOS="671" VPOS="3054" WIDTH="33" />
<String CONTENT="[" CS="1" />
<String CONTENT="c" HEIGHT="21" HPOS="722" STYLE="superscript" VPOS="3042" WIDTH="19" />
<String CONTENT="1935]" HEIGHT="64" HPOS="746" VPOS="3039" WIDTH="151" />
</TextLine>
<TextLine CS="1" HEIGHT="51" HPOS="169" VPOS="3108" WIDTH="1536">
<String CONTENT="x," HEIGHT="32" HPOS="169" VPOS="3123" WIDTH="45" />
<SP HEIGHT="44" HPOS="215" VPOS="3111" WIDTH="22" />
<String CONTENT="218" HEIGHT="41" HPOS="238" VPOS="3111" WIDTH="88" />
<SP HEIGHT="47" HPOS="327" VPOS="3112" WIDTH="21" />
<String CONTENT="p." HEIGHT="37" HPOS="349" VPOS="3122" WIDTH="43" />
<SP HEIGHT="40" HPOS="393" VPOS="3111" WIDTH="22" />
<String CONTENT="incl." HEIGHT="40" HPOS="416" VPOS="3111" WIDTH="110" />
<SP HEIGHT="41" HPOS="527" VPOS="3110" WIDTH="23" />
<String CONTENT="illus.," HEIGHT="47" HPOS="551" VPOS="3110" WIDTH="144" />
<SP HEIGHT="38" HPOS="696" VPOS="3121" WIDTH="23" />
<String CONTENT="plates." CS="1" HEIGHT="47" HPOS="720" VPOS="3112" WIDTH="156" />
<SP HEIGHT="30" HPOS="892" VPOS="3120" WIDTH="52" />
<String CONTENT="col." HEIGHT="39" HPOS="945" VPOS="3111" WIDTH="85" />
<SP HEIGHT="40" HPOS="1031" VPOS="3109" WIDTH="25" />
<String CONTENT="front.," HEIGHT="48" HPOS="1057" VPOS="3109" WIDTH="165" />
<SP HEIGHT="37" HPOS="1223" VPOS="3120" WIDTH="24" />
<String CONTENT="col." HEIGHT="37" HPOS="1248" VPOS="3112" WIDTH="85" />
<SP HEIGHT="38" HPOS="1334" VPOS="3121" WIDTH="26" />
<String CONTENT="plates." HEIGHT="49" HPOS="1361" VPOS="3110" WIDTH="172" />
<SP HEIGHT="41" HPOS="1534" VPOS="3109" WIDTH="54" />
<String CONTENT="22" HEIGHT="40" HPOS="1589" VPOS="3108" WIDTH="55" />
<String CONTENT="cm" HEIGHT="21" HPOS="1647" STYLE="superscript" VPOS="3111" WIDTH="44" />
<String CONTENT="." HEIGHT="9" HPOS="1696" VPOS="3140" WIDTH="9" />
</TextLine>
<TextLine HEIGHT="49" HPOS="171" VPOS="3166" WIDTH="677">
<String CONTENT="Illustrated" HEIGHT="40" HPOS="171" VPOS="3168" WIDTH="285" />
<SP HEIGHT="39" HPOS="457" VPOS="3168" WIDTH="28" />
<String CONTENT="lining-papers." HEIGHT="49" HPOS="486" VPOS="3166" WIDTH="362" />
</TextLine>
<TextLine CS="1" HEIGHT="52" HPOS="97" VPOS="3220" WIDTH="1991">
<String CONTENT="&#169;" HEIGHT="52" HPOS="97" VPOS="3220" WIDTH="51" />
<SP HEIGHT="52" HPOS="149" VPOS="3220" WIDTH="26" />
<String CONTENT="Nov." HEIGHT="39" HPOS="176" VPOS="3225" WIDTH="116" />
<SP HEIGHT="39" HPOS="293" VPOS="3225" WIDTH="28" />
<String CONTENT="1," HEIGHT="46" HPOS="322" VPOS="3225" WIDTH="40" />
<SP HEIGHT="45" HPOS="363" VPOS="3226" WIDTH="27" />
<String CONTENT="1935;" HEIGHT="41" HPOS="391" VPOS="3224" WIDTH="139" />
<SP HEIGHT="41" HPOS="531" VPOS="3224" WIDTH="30" />
<String CONTENT="2c." HEIGHT="39" HPOS="562" VPOS="3224" WIDTH="67" />
<SP HEIGHT="39" HPOS="630" VPOS="3224" WIDTH="28" />
<String CONTENT="Nov." HEIGHT="39" HPOS="659" VPOS="3224" WIDTH="119" />
<SP HEIGHT="38" HPOS="779" VPOS="3225" WIDTH="26" />
<String CONTENT="14;" HEIGHT="44" HPOS="806" VPOS="3225" WIDTH="80" />
<SP HEIGHT="36" HPOS="887" VPOS="3233" WIDTH="30" />
<String CONTENT="aff." HEIGHT="40" HPOS="918" VPOS="3223" WIDTH="83" />
<SP HEIGHT="39" HPOS="1002" VPOS="3224" WIDTH="28" />
<String CONTENT="Dec." HEIGHT="39" HPOS="1031" VPOS="3224" WIDTH="112" />
<SP HEIGHT="39" HPOS="1144" VPOS="3224" WIDTH="27" />
<String CONTENT="3:" CS="1" HEIGHT="38" HPOS="1172" VPOS="3224" WIDTH="25" />
<SP HEIGHT="40" HPOS="1226" VPOS="3224" WIDTH="30" />
<String CONTENT="A" HEIGHT="37" HPOS="1257" VPOS="3224" WIDTH="40" />
<SP HEIGHT="40" HPOS="1298" VPOS="3223" WIDTH="25" />
<String CONTENT="88488:" CS="1" HEIGHT="40" HPOS="1324" VPOS="3223" WIDTH="143" />
<SP HEIGHT="41" HPOS="1495" VPOS="3223" WIDTH="31" />
<String CONTENT="John" HEIGHT="39" HPOS="1527" VPOS="3223" WIDTH="127" />
<SP HEIGHT="41" HPOS="1655" VPOS="3222" WIDTH="31" />
<String CONTENT="C." HEIGHT="41" HPOS="1687" VPOS="3222" WIDTH="50" />
<SP HEIGHT="40" HPOS="1738" VPOS="3222" WIDTH="28" />
<String CONTENT="Winston" HEIGHT="39" HPOS="1767" VPOS="3222" WIDTH="222" />
<SP HEIGHT="29" HPOS="1990" VPOS="3233" WIDTH="29" />
<String CONTENT="co." HEIGHT="30" HPOS="2020" VPOS="3233" WIDTH="68" />
</TextLine>
<TextLine HEIGHT="48" HPOS="171" VPOS="3281" WIDTH="278">
<String CONTENT="(35-32204)" HEIGHT="48" HPOS="171" VPOS="3281" WIDTH="278" />
</TextLine>
<TextLine HEIGHT="64" HPOS="101" STYLEREFS="StyleId-FB3F48F8-AF70-461E-9815-83F81C0EAAE5-" VPOS="3355" WIDTH="491">
<String CONTENT="Patton," HEIGHT="64" HPOS="101" VPOS="3355" WIDTH="232" />
<SP HEIGHT="62" HPOS="334" VPOS="3357" WIDTH="27" />
<String CONTENT="Harris." HEIGHT="55" HPOS="362" VPOS="3356" WIDTH="230" />
</TextLine>
<TextLine CS="1" HEIGHT="149" HPOS="97" STYLEREFS="StyleId-C89560BE-3A66-4439-90C2-5F9D84AB9D77-" VPOS="3429" WIDTH="1967">
<String CONTENT="Young" HEIGHT="68" HPOS="168" VPOS="3433" WIDTH="208" />
<SP HEIGHT="50" HPOS="377" VPOS="3451" WIDTH="41" />
<String CONTENT="eagles," HEIGHT="68" HPOS="419" VPOS="3432" WIDTH="201" />
<SP HEIGHT="65" HPOS="621" VPOS="3432" WIDTH="41" />
<String CONTENT="by" HEIGHT="68" HPOS="663" VPOS="3432" WIDTH="75" />
<SP HEIGHT="69" HPOS="739" VPOS="3431" WIDTH="40" />
<String CONTENT="Harris" HEIGHT="53" HPOS="780" VPOS="3431" WIDTH="209" />
<SP HEIGHT="52" HPOS="990" VPOS="3432" WIDTH="42" />
<String CONTENT="Patton" HEIGHT="51" HPOS="1033" VPOS="3432" WIDTH="214" />
<SP HEIGHT="33" HPOS="1248" VPOS="3450" WIDTH="46" />
<String CONTENT="&#8230;" CS="1" />
<SP HEIGHT="54" HPOS="1352" VPOS="3429" WIDTH="84" />
<String CONTENT="Chicago," HEIGHT="69" HPOS="1437" VPOS="3429" WIDTH="269" />
<SP HEIGHT="67" HPOS="1707" VPOS="3430" WIDTH="42" />
<String CONTENT="The" HEIGHT="51" HPOS="1750" VPOS="3430" WIDTH="120" />
<SP HEIGHT="54" HPOS="1871" VPOS="3429" WIDTH="42" />
<String CONTENT="Goldsmith" HEIGHT="133" HPOS="97" VPOS="3429" WIDTH="1967" />
<SP HEIGHT="66" HPOS="265" VPOS="3511" WIDTH="33" />
<String CONTENT="publishing" HEIGHT="67" HPOS="299" VPOS="3511" WIDTH="334" />
<SP HEIGHT="49" HPOS="634" VPOS="3529" WIDTH="29" />
<String CONTENT="company" HEIGHT="51" HPOS="664" VPOS="3527" WIDTH="278" />
<SP HEIGHT="50" HPOS="943" VPOS="3528" WIDTH="36" />
<String CONTENT="[" HEIGHT="33" HPOS="980" VPOS="3543" WIDTH="11" />
<String CONTENT="c" HEIGHT="21" HPOS="997" STYLE="superscript" VPOS="3516" WIDTH="18" />
<String CONTENT="1932]" HEIGHT="63" HPOS="1021" VPOS="3512" WIDTH="150" />
</TextLine>
<TextLine CS="1" HEIGHT="50" HPOS="168" VPOS="3582" WIDTH="1391">
<String CONTENT="3" HEIGHT="39" HPOS="168" VPOS="3585" WIDTH="24" />
<SP HEIGHT="47" HPOS="193" VPOS="3585" WIDTH="24" />
<String CONTENT="p." HEIGHT="37" HPOS="218" VPOS="3595" WIDTH="41" />
<SP HEIGHT="38" HPOS="260" VPOS="3586" WIDTH="26" />
<String CONTENT="l.," CS="1" HEIGHT="11" HPOS="307" VPOS="3616" WIDTH="22" />
<SP HEIGHT="40" HPOS="330" VPOS="3587" WIDTH="24" />
<String CONTENT="11-123" HEIGHT="40" HPOS="355" VPOS="3584" WIDTH="169" />
<SP HEIGHT="47" HPOS="525" VPOS="3585" WIDTH="25" />
<String CONTENT="p." HEIGHT="37" HPOS="551" VPOS="3595" WIDTH="44" />
<SP HEIGHT="40" HPOS="596" VPOS="3584" WIDTH="52" />
<String CONTENT="19&#189;" CS="1" HEIGHT="40" HPOS="649" VPOS="3583" WIDTH="55" />
<String CONTENT="cm" HEIGHT="21" HPOS="736" STYLE="superscript" VPOS="3586" WIDTH="43" />
<String CONTENT="." HEIGHT="8" HPOS="785" VPOS="3616" WIDTH="9" />
<SP />
<String CONTENT="(His" HEIGHT="50" HPOS="860" VPOS="3582" WIDTH="114" />
<SP HEIGHT="39" HPOS="975" VPOS="3584" WIDTH="25" />
<String CONTENT="Young" HEIGHT="46" HPOS="1001" VPOS="3584" WIDTH="170" />
<SP HEIGHT="36" HPOS="1172" VPOS="3594" WIDTH="24" />
<String CONTENT="eagles" HEIGHT="47" HPOS="1197" VPOS="3584" WIDTH="160" />
<SP HEIGHT="29" HPOS="1358" VPOS="3594" WIDTH="22" />
<String CONTENT="series)" HEIGHT="46" HPOS="1381" VPOS="3582" WIDTH="178" />
</TextLine>
<TextLine HEIGHT="52" HPOS="99" VPOS="3636" WIDTH="1985">
<String CONTENT="&#169;" HEIGHT="52" HPOS="99" VPOS="3636" WIDTH="51" />
<SP HEIGHT="52" HPOS="151" VPOS="3636" WIDTH="27" />
<String CONTENT="Oct." HEIGHT="40" HPOS="179" VPOS="3641" WIDTH="100" />
<SP HEIGHT="37" HPOS="280" VPOS="3643" WIDTH="26" />
<String CONTENT="1." HEIGHT="40" HPOS="307" VPOS="3643" WIDTH="38" />
<SP HEIGHT="40" HPOS="346" VPOS="3643" WIDTH="28" />
<String CONTENT="1932;" HEIGHT="47" HPOS="375" VPOS="3640" WIDTH="140" />
<SP HEIGHT="47" HPOS="516" VPOS="3640" WIDTH="29" />
<String CONTENT="2c." HEIGHT="41" HPOS="546" VPOS="3640" WIDTH="64" />
<SP HEIGHT="28" HPOS="611" VPOS="3652" WIDTH="31" />
<String CONTENT="and" HEIGHT="38" HPOS="643" VPOS="3642" WIDTH="93" />
<SP HEIGHT="38" HPOS="737" VPOS="3642" WIDTH="29" />
<String CONTENT="aff." HEIGHT="40" HPOS="767" VPOS="3641" WIDTH="82" />
<SP HEIGHT="39" HPOS="850" VPOS="3642" WIDTH="29" />
<String CONTENT="May" HEIGHT="46" HPOS="880" VPOS="3642" WIDTH="112" />
<SP HEIGHT="46" HPOS="993" VPOS="3642" WIDTH="28" />
<String CONTENT="11." HEIGHT="39" HPOS="1022" VPOS="3642" WIDTH="69" />
<SP HEIGHT="39" HPOS="1092" VPOS="3642" WIDTH="29" />
<String CONTENT="1935;" HEIGHT="41" HPOS="1122" VPOS="3640" WIDTH="141" />
<SP HEIGHT="40" HPOS="1264" VPOS="3641" WIDTH="32" />
<String CONTENT="A" HEIGHT="38" HPOS="1297" VPOS="3641" WIDTH="40" />
<SP HEIGHT="39" HPOS="1338" VPOS="3640" WIDTH="27" />
<String CONTENT="81749;" HEIGHT="48" HPOS="1366" VPOS="3638" WIDTH="171" />
<SP HEIGHT="48" HPOS="1538" VPOS="3638" WIDTH="33" />
<String CONTENT="Goldsmith" HEIGHT="40" HPOS="1572" VPOS="3638" WIDTH="272" />
<SP HEIGHT="46" HPOS="1845" VPOS="3640" WIDTH="29" />
<String CONTENT="pub." HEIGHT="46" HPOS="1875" VPOS="3640" WIDTH="108" />
<SP HEIGHT="29" HPOS="1984" VPOS="3651" WIDTH="31" />
<String CONTENT="co." HEIGHT="32" HPOS="2016" VPOS="3648" WIDTH="68" />
</TextLine>
<TextLine HEIGHT="48" HPOS="165" VPOS="3697" WIDTH="276">
<String CONTENT="(35-32200)" HEIGHT="48" HPOS="165" VPOS="3697" WIDTH="276" />
</TextLine>
<TextLine HEIGHT="66" HPOS="102" STYLEREFS="StyleId-C89560BE-3A66-4439-90C2-5F9D84AB9D77-" VPOS="3769" WIDTH="1104">
<String CONTENT="Quindry," HEIGHT="65" HPOS="102" VPOS="3769" WIDTH="279" />
<SP HEIGHT="60" HPOS="382" VPOS="3774" WIDTH="29" />
<String CONTENT="Sylvester" HEIGHT="63" HPOS="412" VPOS="3772" WIDTH="302" />
<SP HEIGHT="51" HPOS="715" VPOS="3773" WIDTH="29" />
<String CONTENT="Eugene," HEIGHT="62" HPOS="745" VPOS="3773" WIDTH="257" />
<SP HEIGHT="56" HPOS="1003" VPOS="3779" WIDTH="32" />
<String CONTENT="1880-" HEIGHT="48" HPOS="1036" VPOS="3778" WIDTH="170" />
</TextLine>
<TextLine CS="1" HEIGHT="144" HPOS="97" STYLEREFS="StyleId-C89560BE-3A66-4439-90C2-5F9D84AB9D77-" VPOS="3844" WIDTH="1985">
<String CONTENT="Bonds" HEIGHT="52" HPOS="166" VPOS="3848" WIDTH="189" />
<SP HEIGHT="48" HPOS="356" VPOS="3853" WIDTH="26" />
<String CONTENT="&amp;" HEIGHT="48" HPOS="383" VPOS="3853" WIDTH="43" />
<SP HEIGHT="51" HPOS="427" VPOS="3850" WIDTH="25" />
<String CONTENT="bondholders," HEIGHT="56" HPOS="453" VPOS="3849" WIDTH="399" />
<SP HEIGHT="37" HPOS="853" VPOS="3868" WIDTH="24" />
<String CONTENT="rights" HEIGHT="66" HPOS="878" VPOS="3850" WIDTH="184" />
<SP HEIGHT="48" HPOS="1063" VPOS="3852" WIDTH="26" />
<String CONTENT="&amp;" HEIGHT="48" HPOS="1090" VPOS="3852" WIDTH="44" />
<SP HEIGHT="48" HPOS="1135" VPOS="3852" WIDTH="25" />
<String CONTENT="remedies," HEIGHT="57" HPOS="1161" VPOS="3847" WIDTH="288" />
<SP HEIGHT="39" HPOS="1450" VPOS="3865" WIDTH="25" />
<String CONTENT="with" HEIGHT="51" HPOS="1476" VPOS="3847" WIDTH="138" />
<SP HEIGHT="50" HPOS="1615" VPOS="3847" WIDTH="28" />
<String CONTENT="forms," HEIGHT="54" HPOS="1644" VPOS="3847" WIDTH="197" />
<SP HEIGHT="54" HPOS="1842" VPOS="3847" WIDTH="25" />
<String CONTENT="by" HEIGHT="66" HPOS="1868" VPOS="3847" WIDTH="74" />
<SP HEIGHT="68" HPOS="1943" VPOS="3845" WIDTH="28" />
<String CONTENT="Silvester" HEIGHT="133" HPOS="97" VPOS="3844" WIDTH="1959" />
<SP HEIGHT="50" HPOS="275" VPOS="3928" WIDTH="25" />
<String CONTENT="E." HEIGHT="50" HPOS="301" VPOS="3928" WIDTH="66" />
<SP HEIGHT="61" HPOS="368" VPOS="3927" WIDTH="28" />
<String CONTENT="Quindry" HEIGHT="61" HPOS="397" VPOS="3927" WIDTH="264" />
<SP HEIGHT="36" HPOS="662" VPOS="3946" WIDTH="33" />
<String CONTENT="&#8230;" CS="1" />
<SP HEIGHT="53" HPOS="751" VPOS="3925" WIDTH="32" />
<String CONTENT="including" HEIGHT="63" HPOS="784" VPOS="3925" WIDTH="297" />
<SP HEIGHT="45" HPOS="1082" VPOS="3943" WIDTH="23" />
<String CONTENT="rights" HEIGHT="63" HPOS="1106" VPOS="3925" WIDTH="186" />
<SP HEIGHT="36" HPOS="1293" VPOS="3943" WIDTH="29" />
<String CONTENT="and" HEIGHT="51" HPOS="1323" VPOS="3925" WIDTH="109" />
<SP HEIGHT="51" HPOS="1433" VPOS="3925" WIDTH="29" />
<String CONTENT="remedies" HEIGHT="52" HPOS="1463" VPOS="3925" WIDTH="269" />
<SP HEIGHT="33" HPOS="1733" VPOS="3943" WIDTH="28" />
<String CONTENT="of" HEIGHT="53" HPOS="1762" VPOS="3923" WIDTH="62" />
<SP HEIGHT="52" HPOS="1825" VPOS="3923" WIDTH="28" />
<String CONTENT="foreign" HEIGHT="64" HPOS="1854" VPOS="3924" WIDTH="228" />
</TextLine>
</TextBlock>
</PrintSpace>
</Page>
</Layout>
</alto>