2424 4375
1234 4067 99 49 990

281 452 252 65 Grange,
561 453 254 54 William
842 454 218 54 James.

353 528 381 68 Corporation
759 533 109 49 law
894 530 94 52 for
1013 531 207 52 officers
1247 533 113 51 and
1387 532 272 53 directors;
1717 551 31 34 a
1774 533 171 68 guide
1970 542 57 45 to
2054 541 213 47 correct

282 607 1982 70 procedure, by William J. Grange … New York, The Ronald
283 690 689 64 press company [ c 1935]
354 768 113 35 XXX,
499 757 83 40 904
613 768 41 37 p.
715 757 56 39 22
774 759 45 22 cm
822 790 9 9 .

282 812 53 52 ©
362 816 126 39 June
514 815 38 46 6,
584 814 140 48 1935;
757 814 66 41 2c.
853 816 128 40 June
1006 817 79 45 13;
1120 815 81 41 aff.
1231 816 125 40 June
1385 817 51 46 8;
1469 817 42 39 A
1538 817 170 46 83562;
1739 818 188 39 Ronald
1957 828 137 38 press
2119 828 68 31 co.

359 872 279 47 (35-10567)

286 962 315 64 Hagboldt,
630 964 177 52 Peter
835 964 280 56 Herman.

350 1040 310 66 Language
706 1041 288 62 learning;
1043 1059 150 34 some
1238 1042 313 52 reflections
1600 1041 152 53 from
1796 1040 264 69 teaching
282 1060 1963 121 experience,

521 1116 1745 71 by Peter Hagboldt … Chicago, Ill., The University
281 1193 62 52 of
376 1194 252 66 Chicago
661 1212 156 48 press
854 1227 12 34 [
870 1200 18 21 c
893 1197 152 63 1935]

354 1267 62 44 ix,
451 1266 83 40 165
566 1276 42 38 p.
671 1265 56 41 19½
758 1268 45 22 cm
805 1297 10 10 .

280 1319 53 52 ©
362 1324 113 46 May
501 1321 70 49 21,
600 1321 140 48 1935;
770 1323 67 39 2c.
868 1323 94 39 and
992 1322 80 40 aff.
1106 1323 124 40 June
1261 1323 80 46 14;
1375 1324 41 38 A
1445 1323 170 47 84254;
1649 1323 280 49 University
1963 1324 54 41 of
2046 1324 222 49 Chicago,

350 1380 222 47 Chicago.
643 1378 278 49 (35-10890)

284 1470 216 63 Hanes,
529 1471 202 52 James
758 1470 200 64 Oscar,
988 1470 169 56 1873-

353 1546 344 69 Aggressive
742 1547 370 68 evangelism;
1161 1546 296 68 incidents,
1502 1546 369 69 experiences,
1917 1546 352 70 suggestions

285 1626 111 50 and
435 1642 265 43 sermons,
737 1625 76 67 by
849 1627 192 52 James
1079 1625 68 53 O.
1187 1626 222 65 Hanes;
1452 1623 140 54 with
1629 1624 387 54 introduction
2053 1626 75 66 by
2165 1627 102 52 Dr.

285 1700 1879 70 M. E. Lazenby. Nashville, Tenn., Cokesbury press [ c 1935]
357 1775 56 39 90
441 1785 41 37 p.
545 1776 53 38 17
601 1777 43 21 cm
650 1807 8 7 .

281 1829 53 52 ©
360 1834 112 47 Apr.
499 1833 67 44 18,
595 1831 113 41 1935;
765 1832 66 39 2c.
861 1833 113 46 May
1002 1832 54 40 31;
1114 1831 82 41 aff.
1224 1833 113 46 May
1364 1831 56 40 29;
1476 1832 41 39 A
1544 1831 141 41 84032;
1742 1829 267 42 Whitmore
2035 1832 39 40 &
2101 1830 169 50 Smith,

348 1889 263 40 Nashville.
683 1888 278 49 (35-10620)

289 1980 219 62 Haupt,
538 1979 226 64 George
790 1979 289 54 Webster.

358 2058 90 49 An
500 2055 405 66 experimental
958 2055 349 67 application
1360 2055 63 51 of
1473 2074 32 33 a
1555 2054 343 68 philosophy
1949 2055 63 51 of
2061 2055 210 55 science

290 2132 1918 70 teaching in an elementary school, by George W. Haupt …
289 2211 136 52 New
465 2210 161 54 York
663 2210 132 69 city,
833 2212 276 52 Teachers
1146 2211 227 67 college,
1412 2210 298 56 Columbia
1750 2210 331 68 university,
2122 2215 148 49 1935.

359 2282 59 47 vi,
450 2284 82 39 109
561 2295 41 36 p.
664 2283 141 48 illus.,
835 2283 177 48 diagrs.
1072 2281 55 41 23½
1160 2285 42 21 cm
1209 2314 8 8 .
1287 2283 264 46 (Teachers
1580 2283 191 46 college,
1803 2283 249 40 Columbia
288 2283 1965 104 university.
459 2340 364 41 Contributions
854 2341 46 39 to
929 2340 269 47 education,
1228 2350 74 30 no.
1331 2339 110 49 633)

362 2397 344 47 Bibliography;
765 2407 43 38 p.
838 2395 213 43 106-109.

283 2451 54 52 ©
359 2456 118 38 Mar.
502 2455 203 46 26,1935;
756 2453 68 41 2c.
847 2455 94 38 and
962 2454 83 40 aff.
1067 2455 113 47 Apr.
1205 2454 51 46 8;
1284 2455 40 37 A
1346 2453 167 47 82442;
1540 2454 239 39 Teachers
1806 2453 189 47 college,
2023 2453 247 41 Columbia

354 2511 127 40 univ.
552 2511 278 48 (35-10743)

291 2599 392 65 Hendriksen,
712 2599 271 56 William.

356 2674 1912 67 The Sermon on the Mount, by Wm. Hendriksen … Grand
287 2751 238 67 Rapids,
567 2750 192 67 Mich.,
800 2752 148 54 Wm.
992 2753 67 51 B.
1103 2752 316 52 Eerdmans
1461 2751 334 66 publishing
1836 2770 98 43 co.,
1978 2753 149 50 1934.

358 2823 85 42 256
474 2835 44 38 p.
577 2823 56 40 20
636 2826 43 21 cm
683 2855 8 9 .

361 2879 345 49 Bibliography
734 2882 53 38 at
812 2879 89 41 end
930 2880 51 40 of
1007 2880 118 41 each
1153 2880 215 48 chapter.

287 2934 53 52 ©
367 2939 111 39 Dec.
507 2937 68 46 20,
605 2937 139 47 1933;
775 2935 65 41 2c.
873 2936 128 39 June
1024 2935 69 48 28,
1123 2935 139 47 1935;
1295 2935 81 40 aff.
1406 2935 115 48 July
1549 2935 51 46 8;
1631 2936 40 37 A
1699 2933 167 48 83978;
1898 2935 119 39 Wm.
2047 2935 53 38 B.
357 2933 1897 101 Eerdms.ins
519 2995 108 47 pub.
656 3004 66 29 co.
793 2992 278 48 (35-10728)

290 3083 303 64 Huffman,
624 3083 161 63 Bert,
818 3083 167 54 1870-

353 3158 214 54 Echoes
590 3158 63 51 of
675 3158 96 53 the
795 3155 227 55 Grande
1046 3156 216 68 Ronde,
1287 3156 73 68 by
1388 3156 140 53 Bert
1549 3152 298 69 Huffman,
1871 3152 263 54 collected
2162 3151 111 54 and

284 3227 1987 75 published by Eldridge Huffman … La Grande, Or., La Grande
284 3310 260 69 printing
574 3329 97 50 co.,
700 3317 18 22 c
723 3313 149 50 1934.

347 3381 55 40 87
436 3392 43 37 p.
541 3382 126 39 illus.
696 3380 171 49 (port.)
935 3381 55 40 23½
1022 3382 42 21 cm
1070 3411 8 8 .

349 3438 145 39 Prose
526 3439 94 38 and
650 3448 150 29 verse.

290 3494 53 52 ©
370 3499 110 38 Dec.
507 3499 66 45 15,
603 3496 138 47 1934;
770 3497 67 39 2c.
865 3497 109 39 Dec.
1002 3495 52 39 21;
1116 3495 81 39 aff.
1228 3494 107 39 Feb.
1366 3495 39 47 5,
1434 3493 138 48 1935;
1607 3495 40 38 A
1677 3494 168 46 77803;
1878 3492 227 47 Eldridge
357 3490 1900 110 Huffman,

510 3555 66 38 La
608 3554 205 46 Grande,
843 3552 77 40 Or.
991 3551 277 48 (35-10448)

291 3641 305 63 Jakeman,
625 3642 280 52 Adelbert
934 3643 77 53 M.

363 3716 114 55 Old
501 3717 233 52 covered
757 3716 225 69 bridges;
1039 3717 94 52 the
1156 3720 157 63 story
1337 3714 64 54 of
1423 3716 230 52 covered
1681 3712 227 68 bridges
1932 3712 56 52 in
2015 3710 252 71 general;

295 3794 134 50 with
465 3812 30 32 a
531 3792 344 67 description
910 3793 63 52 of
1003 3795 96 50 the
1132 3791 317 68 remaining
1482 3791 227 67 bridges
1742 3792 58 51 in
1833 3790 437 52 Massachusetts

294 3865 1976 72 and Connecticut, by Adelbert M. Jakeman … Brattleboro,
295 3947 111 67 Vt.,
436 3945 251 69 Stephen
716 3946 161 68 Daye
905 3964 155 49 press
1096 3980 12 34 [
1113 3952 18 22 c
1136 3947 133 50 1935
1274 3978 13 34 ]
