2568 4342
1336 4118 66 50 90

379 484 145 54 New
552 486 160 51 York
748 486 217 67 (State)
1049 488 183 66 Laws,
1259 492 257 62 statutes,
1543 495 100 46 etc.

515 576 1861 73 … McKinney’s consolidated laws of New York, annotated.
386 653 1992 76 [Quarterly supplement] January, 1935 … [Northport, N. Y.,
381 732 250 54 Edward
663 734 330 67 Thompson
1021 753 296 49 company]
1352 743 18 21 c
1375 738 149 52 1935.

453 807 282 47 cover-title,
764 807 59 41 79
847 819 41 37 p.
947 808 54 40 23
1006 810 43 21 cm
1053 839 8 7 .

385 873 54 53 ©
466 878 108 40 Jan.
606 878 68 47 16,
701 878 140 48 1935;
872 878 66 40 2c.
970 878 107 40 Jan.
1181 889 9 36 18;
1222 877 80 41 aff.
1335 878 107 40 Jan.
1474 879 82 46 17;
1587 878 41 40 A
1687 877 142 49 80049;
1862 880 212 40 Edward
2104 880 275 48 Thompson

451 946 66 29 co.

382 1037 147 55 New
564 1039 160 52 York
763 1038 360 68 supplement;
1194 1055 150 37 cases
1385 1038 213 68 argued
1640 1038 112 54 and
1791 1037 350 56 determined
2183 1039 60 54 in
2280 1040 95 54 the

454 1115 178 56 Court
672 1117 64 52 of
776 1118 251 66 appeals,
1069 1115 275 68 Supreme
1386 1118 112 51 and
1537 1120 172 50 lower
1747 1122 187 49 courts
1975 1118 65 53 of
2078 1119 195 52 record
2314 1118 63 54 of

450 1195 139 53 New
639 1195 163 52 York
848 1199 163 51 state,
1061 1195 139 52 with
1249 1196 109 66 key
1405 1196 239 53 number
1692 1196 379 54 annotations,
2155 1215 52 34 v.
2257 1195 118 55 273.

455 1271 630 69 September-October,
1133 1276 147 49 1934.
1364 1272 83 55 St.
1491 1276 165 64 Paul,
1698 1275 161 54 West
1901 1274 335 69 publishing
2278 1294 99 49 co.,

450 1354 150 53 1934.

449 1424 98 46 xix,
577 1423 125 48 1023,
733 1424 99 50 [46],
862 1424 54 40 71
944 1435 43 38 p.
1042 1424 55 41 23½
1130 1427 45 22 cm
1179 1456 9 8 .

383 1490 55 52 ©
464 1496 110 39 Dec.
603 1494 68 48 26,
698 1494 140 47 1934;
869 1494 66 41 2c.
965 1495 107 39 Jan.
1100 1494 69 48 21,
1198 1493 141 48 1935;
1373 1493 80 41 aff.
1483 1494 109 40 Jan.
1621 1493 83 42 24;
1734 1495 41 39 A
1862 1494 111 48 80174;
2004 1495 139 41 West

2168 1494 108 49 pub.
2306 1505 68 30 co.

377 1612 229 66 Norris,
636 1616 137 51 Mrs.
803 1612 294 54 Kathleen
1129 1613 396 65 (Thompson)
1564 1618 171 50 1880-

513 1704 1857 68 … Woman in love. Garden City, N. Y., Doubleday, Doran
380 1787 45 49 &
450 1800 294 50 company,
772 1783 125 61 inc.,
925 1788 149 48 1935.

452 1855 518 50 3 p. l. , 346 p. 20 cm .
450 1914 63 39 At
539 1913 124 39 head
690 1912 52 40 of
769 1912 107 41 title:
932 1912 243 40 Kathleen
1201 1912 185 40 Norris.

453 1969 164 41 “First
643 1968 225 42 edition.”

381 2036 52 52 ©
469 2041 106 39 Jan.
610 2039 68 42 25,
714 2039 139 42 1935;
891 2040 65 40 2c.
992 2041 95 38 and
1122 2039 79 41 aff.
1240 2040 109 39 Feb.
1385 2040 24 39 5;
1474 2039 42 40 A
1548 2038 144 41 79537;
1757 2040 243 39 Kathleen
2035 2037 184 49 Norris,
2255 2039 118 39 Palo

448 2098 125 47 Alto,
608 2096 142 42 Calif.
822 2095 250 50 (35-1940)

377 2199 343 54 Oklahoma.
798 2199 281 54 Criminal
1108 2206 158 49 court
1294 2200 64 66 of
1385 2199 248 67 appeals.

377 2276 1970 131 Oklahoma criminal reports. Volume LII, LIII . Cases determined …
695 2355 246 68 August,
976 2355 331 68 1931-July,
1340 2358 150 50 1932.
1557 2353 257 54 Howard
1846 2354 236 67 Parker,
2112 2358 144 49 state
379 2372 1965 128 reporter.

679 2432 261 69 Guthrie,
1000 2432 184 68 Okla.,
1242 2432 398 69 Co-operative
1700 2431 334 69 publishing
2093 2447 278 52 company

398 2513 174 66 [ c 1934]
446 2584 27 39 2
502 2596 42 28 v.
603 2583 55 40 22½
691 2586 44 22 cm
739 2616 8 7 .

379 2667 41 28 v.
453 2654 68 48 52,
560 2649 54 53 ©
647 2655 101 40 Oct.
783 2654 68 48 12,
886 2653 141 48 1934;
1063 2665 42 30 v.
1141 2654 68 47 53,
1247 2650 56 52 ©
1335 2654 117 41 Nov.
1490 2655 51 45 7;
1578 2652 66 41 2c.
1680 2654 119 39 each
1832 2653 108 39 Jan.
1976 2652 69 47 12,
2083 2650 140 48 1935;
2261 2650 106 41 affs.

447 2713 109 39 Dec.
591 2712 37 41 8,
661 2711 112 41 1934;
833 2712 41 39 A
902 2711 156 42 78968,
1090 2711 147 41 78969;
1297 2712 138 40 State
1465 2711 51 40 of
1546 2710 282 46 Oklahoma,
1862 2710 268 40 Oklahoma
2164 2708 123 47 City.

377 2829 213 65 Oliver,
620 2830 225 63 Egbert
872 2831 76 63 S.,
977 2832 83 52 ed.

447 2905 290 69 Readings
768 2905 94 54 for
892 2907 154 52 ideas
1077 2907 111 52 and
1219 2906 170 67 form,
1419 2906 237 53 selected
1687 2905 110 52 and
1828 2902 188 55 edited
2046 2902 78 69 by
2151 2901 217 70 Egbert

378 2981 1965 149 S. Oliver … Garden City, N. Y., Doubleday, Doran & company, inc. [ c 1935]
449 3134 99 47 viii,
577 3134 86 41 535
689 3145 43 37 p.
790 3133 56 41 21
849 3137 45 21 cm
897 3167 10 10 .

450 3190 162 41 “First
644 3189 224 41 edition.”

451 3246 294 49 “Suggested
774 3246 269 41 additional
1076 3245 226 50 reading”
1335 3249 50 38 at
1414 3245 91 41 end
1534 3244 53 42 of
1614 3244 125 41 most
1768 3243 52 42 of
1849 3243 84 42 the
1959 3242 240 49 chapters.

379 3314 52 52 ©
459 3318 107 40 Jan.
593 3317 69 43 24,
690 3317 115 40 1935;
859 3318 66 39 2c.
953 3317 95 40 and
1075 3317 80 40 aff.
1184 3318 108 39 Jan.
1319 3316 82 42 29:
1431 3317 43 39 A
1499 3314 169 48 80240;
1698 3315 298 47 Doubleday,
2025 3315 167 39 Doran
2221 3313 36 40 &
2283 3323 81 37 co.,

447 3374 87 40 inc.
606 3373 250 50 (35-1924)

437 3470 1926 73 … Onchocerciasis, with special reference to the Central
445 3547 1919 73 American form of the disease; part I by Richard P. Strong
508 3624 1852 75 … part II by Jack H. Sandground … part III by Joseph C.
446 3699 1915 76 Bequaert… part IV by Miguel Munoz Ochoa … Cambridge,
443 3781 274 54 Harvard
742 3782 317 68 university
1087 3800 173 50 press,
1290 3786 150 50 1934.

446 3854 96 46 xiv,
588 3853 86 41 234
718 3864 44 37 p.
821 3854 141 46 illus.,
1010 3854 156 47 plates
1194 3854 136 48 (part
1373 3855 111 48 col.)
1539 3853 30 40 2
1612 3864 137 37 maps
1776 3852 133 48 (incl.
1958 3850 173 41 double
2178 3848 173 48 front.)

377 3908 56 40 27
435 3912 45 21 cm
484 3942 8 8 .
563 3909 390 49 (Contributions
976 3909 126 41 from
1131 3911 84 40 the
1239 3911 320 47 Department
1584 3911 54 40 of
1662 3909 204 47 tropical
1894 3906 235 42 medicine
2158 3907 93 39 and
2280 3905 81 41 the

379 3965 232 41 Institute
631 3965 80 40 for
732 3965 204 48 tropical
960 3965 189 48 biology
1173 3968 95 39 and
1292 3966 248 41 medicine,
1591 3977 74 29 no.
1751 3966 14 48 VI)

447 4021 287 41 “Addenda”
761 4021 92 48 slip
879 4023 228 39 mounted
1135 4033 60 29 on
1220 4032 44 38 p.
1290 4023 40 40 5.
