2526 4384
1334 4062 99 48 142

470 519 802 48 1 p. l., 5-231 p. illus. 20 ½ cm .
473 587 216 42 “Fourth
714 590 137 47 large
878 590 226 41 edition.”

470 644 315 50 Advertising
813 648 180 38 matter;
1052 658 43 37 p.
1123 647 217 41 225-231.

398 712 51 53 ©
474 717 107 39 Jan.
607 716 40 48 2,
670 716 113 41 1935;
836 717 66 40 2c.
928 718 109 39 Jan.
1062 717 55 40 26;
1169 717 81 41 aff.
1275 719 108 39 Jan.
1406 718 56 39 24;
1515 719 40 38 A
1578 717 169 48 80210';
1774 719 156 39 Amer,
1956 720 160 39 school
2142 719 52 39 of
464 718 1908 103 practipedics.
711 773 250 50 (35-2590)

394 874 188 66 Segel,
611 874 304 65 Binjamin
944 875 175 66 Wolf,
1151 878 325 55 1867-1931.

469 952 121 55 The
610 954 295 53 Protocols
924 954 64 53 of
1011 955 95 52 the
1127 956 181 54 elders
1331 955 63 52 of
1415 954 156 68 Zion,
1593 956 94 51 the
1710 960 245 63 greatest
1978 956 72 52 lie
2073 954 56 53 in
2152 956 237 66 history,

397 1030 74 69 by
505 1030 308 69 Benjamin
843 1034 90 53 W.
970 1032 191 68 Segel;
1197 1031 331 55 authorized
1561 1032 341 54 translation
1937 1031 150 55 from
2121 1034 96 51 the

395 1034 1968 143 German by Sascha Czazckes [!]-Charles … with ten letters of
395 1128 1988 116 endorsement from eminent German non-Jewish scholars … New
396 1264 178 69 York,
602 1267 179 53 Bloch
807 1266 334 69 publishing
1164 1286 98 45 co.,
1292 1270 148 50 1934.

502 1352 783 49 x p., 1 l., 97 p. facsim. 21 cm .
396 1421 51 53 ©
474 1427 109 39 Dec.
610 1424 69 47 26,
705 1424 141 48 1934;
873 1425 66 40 2c.
967 1426 108 40 Jan.
1103 1425 68 48 21,
1198 1424 140 47 1935;
1367 1423 80 41 aff.
1476 1425 108 39 Jan.
1613 1424 80 42 19;
1725 1426 40 38 A
1792 1425 169 46 79396;
1993 1425 149 39 Blocli
2168 1425 107 47 pub.
2304 1436 82 35 co.,

462 1481 90 41 inc.
623 1482 250 48 (35-2423)

393 1585 132 63 Sell,
551 1586 191 52 Lewis
768 1586 279 65 Lazarus,
1077 1590 170 50 1890-

460 1660 460 53 Pan-American
957 1661 323 69 dictionary
1314 1663 45 50 &
1392 1662 183 51 travel
1610 1659 172 70 guide
1820 1659 92 53 for
1949 1659 252 67 tourists,
388 1675 1972 116 commercial

653 1740 290 66 travelers,
976 1739 316 67 motorists;
1329 1737 1057 68 automobile—airplane—steamer—

388 1816 264 68 sporting
668 1848 72 6 —
759 1815 367 70 vacationing
1142 1848 71 6 —
1232 1816 180 53 radio.
1507 1814 544 70 English-Spanish,
2109 1813 274 70 Spanish-

392 1892 262 69 English.
725 1894 90 68 By
847 1893 184 54 Lewis
1063 1894 64 52 L.
1164 1892 135 69 Sell,
1419 1937 10 9 PH.
1502 1934 10 10 D.
1584 1893 138 52 New
1753 1893 180 69 York,
1968 1893 122 52 The
390 1893 1967 130 International
606 1971 323 69 dictionary
961 1989 79 35 co.
1081 2004 13 34 [
1099 1977 18 22 c
1122 1975 150 63 1935]

459 2056 80 48 vii,
564 2057 98 46 187,
687 2055 99 49 210,
813 2055 84 41 232
924 2067 44 37 p.
1028 2055 56 41 15
1087 2059 43 21 cm
1134 2088 8 8 .

458 2127 168 40 Added
653 2133 98 41 t.-p.
780 2127 49 39 in
861 2125 222 49 Spanish.

460 2182 223 41 Includes
713 2183 303 47 advertising
1042 2185 192 39 matter.

396 2250 55 52 ©
477 2255 110 39 Feb.
616 2254 39 48 9,
684 2253 140 49 1935;
853 2255 68 41 2c.
950 2257 96 38 and
1074 2254 79 40 aff.
1185 2255 110 40 Feb.
1326 2255 53 39 12;
1438 2255 40 39 A
1509 2253 167 48 79652;
1710 2255 49 39 L·.
1792 2256 48 37 L.
1873 2255 110 46 Sell,
2015 2256 114 38 New
2160 2255 130 38 York

470 2311 249 49 (35-2688)

389 2414 270 66 Skinner,
693 2417 226 64 George
949 2417 271 54 Wallace.

460 2490 123 53 The
617 2491 376 53 axe-thrower
1032 2491 64 54 of
1132 2492 94 52 the
1263 2491 459 67 Tittabawassee,
1760 2490 75 69 by
1875 2490 222 69 George
2132 2490 252 53 Wallace

392 2568 1993 69 Skinner … Wejdman, Mich., Printed by the Roe printing
385 2665 98 49 co.,
511 2653 18 22 c
534 2650 151 50 1935.

459 2734 85 41 176
574 2745 43 38 p.
649 2734 109 39 incl.
788 2736 122 46 port.
971 2734 55 40 20
1030 2736 43 21 cm
1078 2767 7 7 .

392 2800 1987 53 © Feb. 14, 1935; 2c. Feb. 19; aff. Feb. 18; A 79720; G. W . Skinner, Flint,
459 2860 142 41 Mich.
673 2861 248 48 (35-2616)

388 2961 213 66 Smith,
631 2963 252 54 William
911 2964 241 64 Martin,
1183 2968 170 50 1872-

458 3035 1907 72 Bible doctrines, by William M. Smith … 2d ed. (rev.)
388 3114 310 68 Westfield,
723 3117 148 66 Ind.,
896 3117 195 53 Union
1118 3116 164 52 Bible
1308 3116 301 67 seminarr,
1638 3118 150 49 1934.

458 3203 84 43 223
574 3214 42 38 p.
677 3204 57 40 20½
764 3206 43 21 cm
812 3236 8 8 .

391 3270 55 52 ©
469 3275 107 39 Jan.
605 3275 68 46 12,
701 3275 113 40 1935;
870 3276 64 39 2c.
963 3276 107 39 Jan.
1100 3276 79 45 14;
1210 3274 80 40 aff.
1320 3274 109 38 Feb.
1457 3273 81 47 18;
1568 3274 41 38 A
1635 3272 169 47 79181;
1835 3274 71 39 W.
1935 3274 60 38 M.
2030 3271 170 48 Smith,
457 3272 1903 106 Westfield,

612 3332 101 39 Ind.
780 3332 277 48 [Copyright
1084 3332 44 40 is
1152 3331 204 40 claimed
1385 3341 59 29 on
1474 3331 212 46 changes
1712 3331 95 38 and
1837 3339 104 30 new
1968 3328 241 49 material]

468 3387 249 49 (35-2623)

387 3490 323 63 Stratford,
740 3491 190 52 Jessie
959 3492 203 62 Perry.

457 3564 201 52 Butler
705 3566 252 66 county’s
1004 3566 196 68 eighty
1242 3582 179 50 years,
1470 3565 325 66 1855-1935,
1840 3562 76 68 by
1964 3561 178 53 Jessie
2191 3561 181 67 Perry

389 3637 325 70 Stratford;
757 3660 31 33 a
823 3642 223 67 history
1083 3641 63 52 of
1184 3642 201 51 Butler
1425 3645 225 63 county,
1687 3638 394 69 biographical
2121 3638 250 53 sketches

388 3718 111 52 and
545 3717 302 68 portraits;
896 3718 134 51 with
1081 3737 29 33 a
1158 3718 285 52 foreword
1488 3717 77 69 by
1609 3716 169 53 Rolla
1824 3715 71 55 A.
1946 3714 246 70 Clymer.
2297 3715 74 51 [El

386 3793 252 67 Dorado,
665 3795 168 64 Kan.,
861 3795 239 52 Printed
1129 3796 74 67 by
1233 3795 94 52 the
1357 3795 201 51 Butler
1588 3797 209 64 county
1820 3811 167 48 news,
2018 3798 18 22 c
2041 3795 150 63 1934]

454 3880 86 41 408
565 3891 42 37 p.
668 3881 127 39 illus.
825 3880 131 48 (incl.
984 3882 162 46 ports.,
1175 3881 134 47 map)
1373 3879 59 41 26½
1463 3881 43 22 cm
1510 3912 9 9 .

389 3948 52 51 ©
468 3953 108 39 Feb.
603 3952 39 46 9,
668 3952 116 40 1935;
835 3952 66 40 2c.
929 3953 93 39 and
1051 3951 79 41 aff.
1158 3953 111 39 Feb.
1296 3953 53 39 13;
1406 3952 43 38 A
1474 3950 141 41 79635;
1673 3951 42 39 J.
1743 3951 48 37 P.
1822 3949 263 47 Stratford,
2115 3947 256 49 Eldorado,

454 4009 122 39 Kan.
648 4007 251 48 (35-2694)
