<alto xmlns="http://www.loc.gov/standards/alto/ns-v3#" xmlns:xsi="http://www.w3.org/2001/XMLSchema-instance" xsi:schemaLocation="http://www.loc.gov/standards/alto/ns-v3# http://www.loc.gov/alto/v3/alto-3-0.xsd"><Description>
<MeasurementUnit>pixel</MeasurementUnit>
<sourceImageInformation>
<fileName>1935_v32_Part1.pdf</fileName>
</sourceImageInformation>
<OCRProcessing ID="IdOcr">
<ocrProcessingStep>
<processingDateTime>2019-01-15</processingDateTime>
<processingSoftware>
<softwareCreator>ABBYY</softwareCreator>
<softwareName>ABBYY Recognition Server</softwareName>
<softwareVersion>4.0</softwareVersion>
</processingSoftware>
</ocrProcessingStep>
</OCRProcessing>
</Description>
<Styles>
<ParagraphStyle ALIGN="Left" FIRSTLINE="0." ID="StyleId-FFFFFFFF-FFFF-FFFF-FFFF-FFFFFFFFFFFF-" LEFT="0." RIGHT="0." />
<ParagraphStyle ALIGN="Left" FIRSTLINE="0." ID="StyleId-09A13A44-4F77-4ABE-84F3-84CC8B3C72CE-" LEFT="0." LINESPACE="7.699999809" RIGHT="0." />
<ParagraphStyle ALIGN="Left" FIRSTLINE="-10." ID="StyleId-1F945060-F8CD-4435-B69A-5FF49DB0C586-" LEFT="0." LINESPACE="12.19999981" RIGHT="0." />
<ParagraphStyle ALIGN="Block" FIRSTLINE="-14." ID="StyleId-C6CAE747-F5A4-4D0D-8D74-D452DA7E2C1C-" LEFT="0." LINESPACE="8.350000381" RIGHT="0." />
<ParagraphStyle ALIGN="Left" FIRSTLINE="0." ID="StyleId-FC0F3374-189A-459E-BE29-2DC14180F022-" LEFT="0." RIGHT="0." />
<ParagraphStyle ALIGN="Left" FIRSTLINE="-12." ID="StyleId-49397C49-A894-4B3E-BA5E-1126226BA375-" LEFT="0." LINESPACE="11.09000015" RIGHT="0." />
<ParagraphStyle ALIGN="Block" FIRSTLINE="-14." ID="StyleId-9E34DD3A-E661-48BD-A3A1-6A3D48346F00-" LEFT="0." LINESPACE="11.09000015" RIGHT="0." />
<ParagraphStyle ALIGN="Left" FIRSTLINE="0." ID="StyleId-56CE54AA-A08B-4BAA-8605-F26020A0E36E-" LEFT="0." LINESPACE="9.399999619" RIGHT="0." />
<ParagraphStyle ALIGN="Left" FIRSTLINE="-11." ID="StyleId-77814FFC-C42F-4AA9-9880-EF33B947DEC8-" LEFT="0." LINESPACE="11.06999969" RIGHT="0." />
<ParagraphStyle ALIGN="Center" FIRSTLINE="0." ID="StyleId-FDE92EC0-67DC-4C7B-8A24-094B12C38B6C-" LEFT="0." LINESPACE="11.30000019" RIGHT="0." />
<ParagraphStyle ALIGN="Left" FIRSTLINE="0." ID="StyleId-65180E3B-4C93-4FB8-81EE-E026DD63DBF3-" LEFT="0." LINESPACE="11.10000038" RIGHT="0." />
<ParagraphStyle ALIGN="Left" FIRSTLINE="0." ID="StyleId-10E885C2-5813-4620-B0AA-0FBA30CF7A32-" LEFT="0." LINESPACE="9.5" RIGHT="0." />
<ParagraphStyle ALIGN="Left" FIRSTLINE="0." ID="StyleId-913C2DB5-9F02-4067-BAF7-0AED37B60BBE-" LEFT="0." LINESPACE="6.099999905" RIGHT="0." />
<ParagraphStyle ALIGN="Left" FIRSTLINE="0." ID="StyleId-9C79A9D2-8F08-4A8F-985D-B00E253ED1E5-" LEFT="0." LINESPACE="4.400000095" RIGHT="0." />
<ParagraphStyle ALIGN="Left" FIRSTLINE="0." ID="StyleId-A41F0407-FEFE-4738-9EC5-E05AFFF62781-" LEFT="0." LINESPACE="7.300000191" RIGHT="0." />
<ParagraphStyle ALIGN="Left" FIRSTLINE="0." ID="StyleId-61D37176-94E8-408D-9B87-01C406CE8AB2-" LEFT="0." LINESPACE="8.050000191" RIGHT="0." />
</Styles>
<Layout>
<Page HEIGHT="4375" ID="Page888" PHYSICAL_IMG_NR="888" WIDTH="2424">
<TopMargin HEIGHT="346" HPOS="0" VPOS="0" WIDTH="2424">
</TopMargin>
<LeftMargin HEIGHT="3586" HPOS="0" VPOS="346" WIDTH="170">
</LeftMargin>
<RightMargin HEIGHT="3586" HPOS="2318" VPOS="346" WIDTH="106">
</RightMargin>
<BottomMargin HEIGHT="443" HPOS="0" VPOS="3932" WIDTH="2424">
<TextBlock HEIGHT="70" HPOS="1222" ID="Page888_Block1" LANG="en-US" STYLEREFS="StyleId-B2F7A9A4-6E2D-4C26-B8BB-F9A57C7DABDB-" VPOS="3966" WIDTH="118">
<TextLine HEIGHT="50" HPOS="1233" VPOS="3976" WIDTH="97">
<String CONTENT="888" HEIGHT="50" HPOS="1233" VPOS="3976" WIDTH="97" />
</TextLine>
</TextBlock>
</BottomMargin>
<PrintSpace HEIGHT="3586" HPOS="170" VPOS="346" WIDTH="2148">
<TextBlock CS="1" HEIGHT="3586" HPOS="242" ID="Page888_Block2" LANG="en-US" STYLEREFS="StyleId-2FC2808A-A165-46B1-80A9-34C53E18A2F4-" VPOS="346" WIDTH="2076">
<TextLine HEIGHT="64" HPOS="253" LANG="fr" STYLEREFS="StyleId-07376884-8D2D-472E-BED1-C3D9EEA4962D-" VPOS="356" WIDTH="429">
<String CONTENT="Jacquin," HEIGHT="64" HPOS="253" VPOS="356" WIDTH="266" />
<SP HEIGHT="61" HPOS="520" VPOS="357" WIDTH="29" />
<String CONTENT="Lee." HEIGHT="55" HPOS="550" VPOS="357" WIDTH="132" />
</TextLine>
<TextLine HEIGHT="71" HPOS="329" STYLEREFS="StyleId-7743937C-7713-45C1-8DEB-F714E25FFE42-" VPOS="433" WIDTH="1913">
<String CONTENT="Love" HEIGHT="53" HPOS="329" VPOS="433" WIDTH="150" />
<SP HEIGHT="33" HPOS="480" VPOS="453" WIDTH="34" />
<String CONTENT="me" HEIGHT="35" HPOS="515" VPOS="451" WIDTH="87" />
<SP HEIGHT="35" HPOS="603" VPOS="451" WIDTH="32" />
<String CONTENT="now," HEIGHT="48" HPOS="636" VPOS="453" WIDTH="144" />
<SP HEIGHT="67" HPOS="781" VPOS="434" WIDTH="33" />
<String CONTENT="by" HEIGHT="68" HPOS="815" VPOS="434" WIDTH="75" />
<SP HEIGHT="67" HPOS="891" VPOS="435" WIDTH="32" />
<String CONTENT="Lee" HEIGHT="51" HPOS="924" VPOS="435" WIDTH="109" />
<SP HEIGHT="54" HPOS="1034" VPOS="436" WIDTH="33" />
<String CONTENT="Jacquin." HEIGHT="67" HPOS="1068" VPOS="435" WIDTH="261" />
<SP HEIGHT="53" HPOS="1330" VPOS="436" WIDTH="74" />
<String CONTENT="New" HEIGHT="52" HPOS="1405" VPOS="436" WIDTH="137" />
<SP HEIGHT="51" HPOS="1543" VPOS="437" WIDTH="35" />
<String CONTENT="York," HEIGHT="57" HPOS="1579" VPOS="435" WIDTH="177" />
<SP HEIGHT="54" HPOS="1757" VPOS="438" WIDTH="34" />
<String CONTENT="Phoenix" HEIGHT="55" HPOS="1792" VPOS="435" WIDTH="258" />
<SP HEIGHT="49" HPOS="2051" VPOS="455" WIDTH="36" />
<String CONTENT="press" HEIGHT="49" HPOS="2088" VPOS="455" WIDTH="154" />
</TextLine>
<TextLine CS="1" HEIGHT="48" HPOS="302" STYLEREFS="StyleId-7743937C-7713-45C1-8DEB-F714E25FFE42-" VPOS="515" WIDTH="131">
<String CONTENT="[c1935]" CS="1" HEIGHT="48" HPOS="302" VPOS="515" WIDTH="131" />
</TextLine>
<TextLine CS="1" HEIGHT="48" HPOS="329" VPOS="583" WIDTH="356">
<String CONTENT="255" HEIGHT="40" HPOS="329" VPOS="583" WIDTH="83" />
<SP HEIGHT="47" HPOS="413" VPOS="584" WIDTH="28" />
<String CONTENT="p." HEIGHT="37" HPOS="442" VPOS="594" WIDTH="42" />
<SP HEIGHT="39" HPOS="485" VPOS="584" WIDTH="55" />
<String CONTENT="19&#189;" CS="1" HEIGHT="40" HPOS="541" VPOS="583" WIDTH="54" />
<String CONTENT="cm" HEIGHT="22" HPOS="628" STYLE="superscript" VPOS="585" WIDTH="45" />
<String CONTENT="." HEIGHT="8" HPOS="677" VPOS="615" WIDTH="8" />
</TextLine>
<TextLine CS="1" HEIGHT="54" HPOS="258" VPOS="649" WIDTH="1798">
<String CONTENT="&#169;" HEIGHT="52" HPOS="258" VPOS="649" WIDTH="52" />
<SP HEIGHT="52" HPOS="311" VPOS="649" WIDTH="27" />
<String CONTENT="July" HEIGHT="46" HPOS="339" VPOS="654" WIDTH="115" />
<SP HEIGHT="46" HPOS="455" VPOS="654" WIDTH="25" />
<String CONTENT="1," HEIGHT="46" HPOS="481" VPOS="654" WIDTH="38" />
<SP HEIGHT="46" HPOS="520" VPOS="654" WIDTH="27" />
<String CONTENT="1935;" HEIGHT="47" HPOS="548" VPOS="653" WIDTH="138" />
<SP HEIGHT="47" HPOS="687" VPOS="653" WIDTH="29" />
<String CONTENT="2c." HEIGHT="40" HPOS="717" VPOS="653" WIDTH="65" />
<SP HEIGHT="39" HPOS="783" VPOS="654" WIDTH="27" />
<String CONTENT="July" HEIGHT="47" HPOS="811" VPOS="654" WIDTH="114" />
<SP HEIGHT="47" HPOS="926" VPOS="654" WIDTH="27" />
<String CONTENT="5;" CS="1" HEIGHT="39" HPOS="954" VPOS="654" WIDTH="24" />
<SP HEIGHT="36" HPOS="1007" VPOS="664" WIDTH="28" />
<String CONTENT="aff." HEIGHT="41" HPOS="1036" VPOS="652" WIDTH="79" />
<SP HEIGHT="39" HPOS="1116" VPOS="654" WIDTH="29" />
<String CONTENT="July" HEIGHT="47" HPOS="1146" VPOS="654" WIDTH="114" />
<SP HEIGHT="46" HPOS="1261" VPOS="655" WIDTH="26" />
<String CONTENT="10;" HEIGHT="48" HPOS="1288" VPOS="653" WIDTH="81" />
<SP HEIGHT="46" HPOS="1370" VPOS="655" WIDTH="27" />
<String CONTENT="A" HEIGHT="38" HPOS="1398" VPOS="655" WIDTH="40" />
<SP HEIGHT="41" HPOS="1439" VPOS="654" WIDTH="24" />
<String CONTENT="84589;" HEIGHT="48" HPOS="1464" VPOS="654" WIDTH="169" />
<SP HEIGHT="47" HPOS="1634" VPOS="655" WIDTH="30" />
<String CONTENT="Plioenix" HEIGHT="40" HPOS="1665" VPOS="654" WIDTH="217" />
<SP HEIGHT="37" HPOS="1883" VPOS="666" WIDTH="24" />
<String CONTENT="press." HEIGHT="38" HPOS="1908" VPOS="665" WIDTH="148" />
</TextLine>
<TextLine CS="1" HEIGHT="49" HPOS="340" VPOS="710" WIDTH="250">
<String CONTENT="(35-9293)" CS="1" HEIGHT="49" HPOS="340" VPOS="710" WIDTH="250" />
</TextLine>
<TextLine HEIGHT="64" HPOS="260" STYLEREFS="StyleId-07376884-8D2D-472E-BED1-C3D9EEA4962D-" VPOS="813" WIDTH="395">
<String CONTENT="James," HEIGHT="64" HPOS="260" VPOS="813" WIDTH="217" />
<SP HEIGHT="63" HPOS="478" VPOS="814" WIDTH="28" />
<String CONTENT="Dan." HEIGHT="55" HPOS="507" VPOS="814" WIDTH="148" />
</TextLine>
<TextLine CS="1" HEIGHT="71" HPOS="331" STYLEREFS="StyleId-7743937C-7713-45C1-8DEB-F714E25FFE42-" VPOS="889" WIDTH="1304">
<String CONTENT="Gun" HEIGHT="54" HPOS="331" VPOS="889" WIDTH="132" />
<SP HEIGHT="46" HPOS="464" VPOS="897" WIDTH="30" />
<String CONTENT="thunder" HEIGHT="52" HPOS="495" VPOS="891" WIDTH="246" />
<SP HEIGHT="36" HPOS="742" VPOS="909" WIDTH="31" />
<String CONTENT="on" HEIGHT="35" HPOS="774" VPOS="910" WIDTH="71" />
<SP HEIGHT="45" HPOS="846" VPOS="898" WIDTH="30" />
<String CONTENT="the" HEIGHT="52" HPOS="877" VPOS="892" WIDTH="94" />
<SP HEIGHT="51" HPOS="972" VPOS="893" WIDTH="28" />
<String CONTENT="Rio," HEIGHT="69" HPOS="1001" VPOS="890" WIDTH="127" />
<SP HEIGHT="67" HPOS="1129" VPOS="892" WIDTH="29" />
<String CONTENT="by" HEIGHT="68" HPOS="1159" VPOS="892" WIDTH="74" />
<SP HEIGHT="67" HPOS="1234" VPOS="893" WIDTH="30" />
<String CONTENT="Dan" HEIGHT="53" HPOS="1265" VPOS="893" WIDTH="132" />
<SP HEIGHT="53" HPOS="1398" VPOS="894" WIDTH="28" />
<String CONTENT="James." HEIGHT="53" HPOS="1427" VPOS="894" WIDTH="208" />
</TextLine>
<TextLine CS="1" HEIGHT="144" HPOS="259" STYLEREFS="StyleId-7743937C-7713-45C1-8DEB-F714E25FFE42-" VPOS="892" WIDTH="1964">
<String CONTENT="New" HEIGHT="52" HPOS="1712" VPOS="894" WIDTH="137" />
<SP HEIGHT="52" HPOS="1850" VPOS="894" WIDTH="32" />
<String CONTENT="York," HEIGHT="68" HPOS="1883" VPOS="893" WIDTH="178" />
<SP HEIGHT="69" HPOS="2062" VPOS="892" WIDTH="32" />
<String CONTENT="Godwin" HEIGHT="129" HPOS="259" VPOS="892" WIDTH="1964" />
<SP HEIGHT="48" HPOS="370" VPOS="987" WIDTH="37" />
<String CONTENT="[" CS="1" />
<String CONTENT="c" HEIGHT="21" HPOS="425" STYLE="superscript" VPOS="975" WIDTH="17" />
<String CONTENT="1935]" HEIGHT="64" HPOS="449" VPOS="972" WIDTH="149" />
</TextLine>
<TextLine CS="1" HEIGHT="50" HPOS="330" VPOS="1040" WIDTH="351">
<String CONTENT="295" HEIGHT="41" HPOS="330" VPOS="1041" WIDTH="84" />
<SP HEIGHT="47" HPOS="415" VPOS="1043" WIDTH="25" />
<String CONTENT="p." HEIGHT="37" HPOS="441" VPOS="1053" WIDTH="43" />
<SP HEIGHT="39" HPOS="485" VPOS="1042" WIDTH="52" />
<String CONTENT="19&#189;" CS="1" HEIGHT="42" HPOS="538" VPOS="1040" WIDTH="54" />
<String CONTENT="cm" HEIGHT="22" HPOS="625" STYLE="superscript" VPOS="1043" WIDTH="44" />
<String CONTENT="." HEIGHT="8" HPOS="673" VPOS="1072" WIDTH="8" />
</TextLine>
<TextLine CS="1" HEIGHT="52" HPOS="267" VPOS="1108" WIDTH="1985">
<String CONTENT="&#169;" HEIGHT="52" HPOS="267" VPOS="1108" WIDTH="52" />
<SP HEIGHT="52" HPOS="320" VPOS="1108" WIDTH="21" />
<String CONTENT="July" HEIGHT="47" HPOS="342" VPOS="1112" WIDTH="116" />
<SP HEIGHT="47" HPOS="459" VPOS="1112" WIDTH="19" />
<String CONTENT="3," HEIGHT="45" HPOS="479" VPOS="1112" WIDTH="41" />
<SP HEIGHT="45" HPOS="521" VPOS="1112" WIDTH="21" />
<String CONTENT="1935;" CS="1" HEIGHT="41" HPOS="543" VPOS="1110" WIDTH="113" />
<SP HEIGHT="48" HPOS="683" VPOS="1110" WIDTH="23" />
<String CONTENT="2c." HEIGHT="41" HPOS="707" VPOS="1110" WIDTH="66" />
<SP HEIGHT="39" HPOS="774" VPOS="1112" WIDTH="24" />
<String CONTENT="July" HEIGHT="48" HPOS="799" VPOS="1112" WIDTH="113" />
<SP HEIGHT="49" HPOS="913" VPOS="1111" WIDTH="24" />
<String CONTENT="6;" CS="1" HEIGHT="40" HPOS="938" VPOS="1111" WIDTH="25" />
<SP HEIGHT="37" HPOS="990" VPOS="1122" WIDTH="25" />
<String CONTENT="aff." HEIGHT="40" HPOS="1016" VPOS="1111" WIDTH="80" />
<SP HEIGHT="39" HPOS="1097" VPOS="1112" WIDTH="27" />
<String CONTENT="July" HEIGHT="48" HPOS="1125" VPOS="1112" WIDTH="115" />
<SP HEIGHT="50" HPOS="1241" VPOS="1110" WIDTH="21" />
<String CONTENT="9;" HEIGHT="49" HPOS="1263" VPOS="1110" WIDTH="52" />
<SP HEIGHT="48" HPOS="1316" VPOS="1111" WIDTH="26" />
<String CONTENT="A" HEIGHT="40" HPOS="1343" VPOS="1111" WIDTH="41" />
<SP HEIGHT="42" HPOS="1385" VPOS="1111" WIDTH="23" />
<String CONTENT="84574;" HEIGHT="47" HPOS="1409" VPOS="1112" WIDTH="169" />
<SP HEIGHT="47" HPOS="1579" VPOS="1112" WIDTH="27" />
<String CONTENT="Godwin," HEIGHT="47" HPOS="1607" VPOS="1112" WIDTH="217" />
<SP HEIGHT="37" HPOS="1825" VPOS="1122" WIDTH="25" />
<String CONTENT="publishers," HEIGHT="48" HPOS="1851" VPOS="1112" WIDTH="288" />
<SP HEIGHT="48" HPOS="2140" VPOS="1112" WIDTH="22" />
<String CONTENT="inc." HEIGHT="41" HPOS="2163" VPOS="1112" WIDTH="89" />
</TextLine>
<TextLine HEIGHT="49" HPOS="345" VPOS="1167" WIDTH="249">
<String CONTENT="(35-9292)" HEIGHT="49" HPOS="345" VPOS="1167" WIDTH="249" />
</TextLine>
<TextLine HEIGHT="63" HPOS="264" STYLEREFS="StyleId-07376884-8D2D-472E-BED1-C3D9EEA4962D-" VPOS="1272" WIDTH="541">
<String CONTENT="James," HEIGHT="63" HPOS="264" VPOS="1272" WIDTH="217" />
<SP HEIGHT="63" HPOS="482" VPOS="1272" WIDTH="31" />
<String CONTENT="Frederic." HEIGHT="53" HPOS="514" VPOS="1272" WIDTH="291" />
</TextLine>
<TextLine HEIGHT="69" HPOS="333" STYLEREFS="StyleId-7743937C-7713-45C1-8DEB-F714E25FFE42-" VPOS="1347" WIDTH="1919">
<String CONTENT="The" HEIGHT="52" HPOS="333" VPOS="1348" WIDTH="122" />
<SP HEIGHT="49" HPOS="456" VPOS="1351" WIDTH="40" />
<String CONTENT="treatment" HEIGHT="49" HPOS="497" VPOS="1350" WIDTH="305" />
<SP HEIGHT="47" HPOS="803" VPOS="1352" WIDTH="41" />
<String CONTENT="and" HEIGHT="52" HPOS="845" VPOS="1349" WIDTH="110" />
<SP HEIGHT="52" HPOS="956" VPOS="1349" WIDTH="41" />
<String CONTENT="control" HEIGHT="52" HPOS="998" VPOS="1349" WIDTH="219" />
<SP HEIGHT="52" HPOS="1218" VPOS="1349" WIDTH="41" />
<String CONTENT="of" HEIGHT="52" HPOS="1260" VPOS="1349" WIDTH="63" />
<SP HEIGHT="52" HPOS="1324" VPOS="1349" WIDTH="42" />
<String CONTENT="oral" HEIGHT="51" HPOS="1367" VPOS="1350" WIDTH="121" />
<SP HEIGHT="53" HPOS="1489" VPOS="1348" WIDTH="42" />
<String CONTENT="infection," HEIGHT="68" HPOS="1532" VPOS="1347" WIDTH="294" />
<SP HEIGHT="67" HPOS="1827" VPOS="1348" WIDTH="40" />
<String CONTENT="by" HEIGHT="68" HPOS="1868" VPOS="1348" WIDTH="75" />
<SP HEIGHT="67" HPOS="1944" VPOS="1349" WIDTH="41" />
<String CONTENT="Frederic" HEIGHT="54" HPOS="1986" VPOS="1347" WIDTH="266" />
</TextLine>
<TextLine CS="1" HEIGHT="71" HPOS="263" STYLEREFS="StyleId-7743937C-7713-45C1-8DEB-F714E25FFE42-" VPOS="1423" WIDTH="1565">
<String CONTENT="James" HEIGHT="55" HPOS="263" VPOS="1424" WIDTH="192" />
<SP HEIGHT="33" HPOS="456" VPOS="1445" WIDTH="33" />
<String CONTENT="&#8230;" CS="1" />
<SP HEIGHT="55" HPOS="546" VPOS="1424" WIDTH="80" />
<String CONTENT="Cincinnati," HEIGHT="70" HPOS="627" VPOS="1423" WIDTH="345" />
<SP HEIGHT="68" HPOS="973" VPOS="1425" WIDTH="27" />
<String CONTENT="O.," HEIGHT="68" HPOS="1001" VPOS="1425" WIDTH="87" />
<SP HEIGHT="66" HPOS="1089" VPOS="1427" WIDTH="24" />
<String CONTENT="The" HEIGHT="53" HPOS="1114" VPOS="1426" WIDTH="122" />
<SP HEIGHT="53" HPOS="1237" VPOS="1426" WIDTH="26" />
<String CONTENT="Ruter" HEIGHT="52" HPOS="1264" VPOS="1426" WIDTH="181" />
<SP HEIGHT="49" HPOS="1446" VPOS="1444" WIDTH="27" />
<String CONTENT="press," HEIGHT="50" HPOS="1474" VPOS="1444" WIDTH="173" />
<SP HEIGHT="64" HPOS="1648" VPOS="1430" WIDTH="29" />
<String CONTENT="1935." HEIGHT="50" HPOS="1678" VPOS="1429" WIDTH="150" />
</TextLine>
<TextLine HEIGHT="49" HPOS="339" STYLEREFS="StyleId-7743937C-7713-45C1-8DEB-F714E25FFE42-" VPOS="1498" WIDTH="941">
<String CONTENT="vi." HEIGHT="41" HPOS="339" VPOS="1498" WIDTH="60" />
<SP HEIGHT="40" HPOS="400" VPOS="1499" WIDTH="30" />
<String CONTENT="118" HEIGHT="40" HPOS="431" VPOS="1498" WIDTH="85" />
<SP HEIGHT="48" HPOS="517" VPOS="1498" WIDTH="27" />
<String CONTENT="p." HEIGHT="37" HPOS="545" VPOS="1509" WIDTH="41" />
<SP HEIGHT="40" HPOS="587" VPOS="1498" WIDTH="58" />
<String CONTENT="illus.," HEIGHT="48" HPOS="646" VPOS="1498" WIDTH="142" />
<SP HEIGHT="36" HPOS="789" VPOS="1510" WIDTH="30" />
<String CONTENT="col." HEIGHT="38" HPOS="820" VPOS="1501" WIDTH="84" />
<SP HEIGHT="37" HPOS="905" VPOS="1510" WIDTH="29" />
<String CONTENT="plates." HEIGHT="47" HPOS="935" VPOS="1500" WIDTH="170" />
<SP HEIGHT="39" HPOS="1106" VPOS="1500" WIDTH="60" />
<String CONTENT="19" HEIGHT="40" HPOS="1167" VPOS="1499" WIDTH="54" />
<String CONTENT="cm" HEIGHT="21" HPOS="1224" STYLE="superscript" VPOS="1502" WIDTH="44" />
<String CONTENT="." HEIGHT="8" HPOS="1272" VPOS="1531" WIDTH="8" />
</TextLine>
<TextLine HEIGHT="49" HPOS="341" VPOS="1554" WIDTH="1915">
<String CONTENT="&#8220;In" HEIGHT="38" HPOS="341" VPOS="1556" WIDTH="84" />
<SP HEIGHT="29" HPOS="426" VPOS="1566" WIDTH="32" />
<String CONTENT="conjunction" HEIGHT="47" HPOS="459" VPOS="1555" WIDTH="310" />
<SP HEIGHT="28" HPOS="770" VPOS="1566" WIDTH="29" />
<String CONTENT="with" HEIGHT="41" HPOS="800" VPOS="1554" WIDTH="117" />
<SP HEIGHT="38" HPOS="918" VPOS="1557" WIDTH="33" />
<String CONTENT="the" HEIGHT="38" HPOS="952" VPOS="1557" WIDTH="81" />
<SP HEIGHT="29" HPOS="1034" VPOS="1566" WIDTH="30" />
<String CONTENT="work" HEIGHT="39" HPOS="1065" VPOS="1556" WIDTH="134" />
<SP HEIGHT="39" HPOS="1200" VPOS="1556" WIDTH="31" />
<String CONTENT="of" HEIGHT="39" HPOS="1232" VPOS="1556" WIDTH="50" />
<SP HEIGHT="40" HPOS="1283" VPOS="1556" WIDTH="30" />
<String CONTENT="other" HEIGHT="40" HPOS="1314" VPOS="1556" WIDTH="141" />
<SP HEIGHT="28" HPOS="1456" VPOS="1566" WIDTH="25" />
<String CONTENT="men," HEIGHT="37" HPOS="1482" VPOS="1566" WIDTH="122" />
<SP HEIGHT="37" HPOS="1605" VPOS="1566" WIDTH="31" />
<String CONTENT="a" HEIGHT="30" HPOS="1637" VPOS="1566" WIDTH="28" />
<SP HEIGHT="30" HPOS="1666" VPOS="1566" WIDTH="31" />
<String CONTENT="complete" HEIGHT="46" HPOS="1698" VPOS="1557" WIDTH="232" />
<SP HEIGHT="29" HPOS="1931" VPOS="1566" WIDTH="32" />
<String CONTENT="revision" HEIGHT="41" HPOS="1964" VPOS="1554" WIDTH="209" />
<SP HEIGHT="29" HPOS="2174" VPOS="1567" WIDTH="31" />
<String CONTENT="of" HEIGHT="40" HPOS="2206" VPOS="1556" WIDTH="50" />
</TextLine>
<TextLine HEIGHT="49" HPOS="271" VPOS="1610" WIDTH="1984">
<String CONTENT="the" HEIGHT="38" HPOS="271" VPOS="1612" WIDTH="78" />
<SP HEIGHT="39" HPOS="350" VPOS="1611" WIDTH="30" />
<String CONTENT="Detoxification" HEIGHT="41" HPOS="381" VPOS="1610" WIDTH="376" />
<SP HEIGHT="29" HPOS="758" VPOS="1622" WIDTH="28" />
<String CONTENT="clinics" HEIGHT="40" HPOS="787" VPOS="1611" WIDTH="166" />
<SP HEIGHT="29" HPOS="954" VPOS="1622" WIDTH="29" />
<String CONTENT="was" HEIGHT="30" HPOS="984" VPOS="1621" WIDTH="100" />
<SP HEIGHT="28" HPOS="1085" VPOS="1623" WIDTH="29" />
<String CONTENT="undertaken," HEIGHT="44" HPOS="1115" VPOS="1612" WIDTH="317" />
<SP HEIGHT="33" HPOS="1433" VPOS="1623" WIDTH="31" />
<String CONTENT="setting" HEIGHT="47" HPOS="1465" VPOS="1612" WIDTH="180" />
<SP HEIGHT="47" HPOS="1646" VPOS="1612" WIDTH="27" />
<String CONTENT="forth" HEIGHT="38" HPOS="1674" VPOS="1612" WIDTH="136" />
<SP HEIGHT="38" HPOS="1811" VPOS="1613" WIDTH="28" />
<String CONTENT="additional" HEIGHT="41" HPOS="1840" VPOS="1610" WIDTH="271" />
<SP HEIGHT="38" HPOS="2112" VPOS="1613" WIDTH="28" />
<String CONTENT="data" HEIGHT="38" HPOS="2141" VPOS="1613" WIDTH="114" />
</TextLine>
<TextLine HEIGHT="44" HPOS="271" VPOS="1665" WIDTH="1986">
<String CONTENT="in" HEIGHT="38" HPOS="271" VPOS="1668" WIDTH="47" />
<SP HEIGHT="29" HPOS="319" VPOS="1678" WIDTH="34" />
<String CONTENT="clinical" HEIGHT="40" HPOS="354" VPOS="1667" WIDTH="193" />
<SP HEIGHT="37" HPOS="548" VPOS="1669" WIDTH="33" />
<String CONTENT="research" HEIGHT="39" HPOS="582" VPOS="1668" WIDTH="225" />
<SP HEIGHT="38" HPOS="808" VPOS="1668" WIDTH="32" />
<String CONTENT="under" HEIGHT="39" HPOS="841" VPOS="1667" WIDTH="152" />
<SP HEIGHT="38" HPOS="994" VPOS="1670" WIDTH="33" />
<String CONTENT="the" HEIGHT="41" HPOS="1028" VPOS="1667" WIDTH="80" />
<SP HEIGHT="38" HPOS="1109" VPOS="1670" WIDTH="34" />
<String CONTENT="title" HEIGHT="41" HPOS="1144" VPOS="1667" WIDTH="108" />
<SP HEIGHT="39" HPOS="1253" VPOS="1668" WIDTH="33" />
<String CONTENT="The" HEIGHT="40" HPOS="1287" VPOS="1668" WIDTH="100" />
<SP HEIGHT="37" HPOS="1388" VPOS="1671" WIDTH="34" />
<String CONTENT="treatment" HEIGHT="39" HPOS="1423" VPOS="1669" WIDTH="262" />
<SP HEIGHT="37" HPOS="1686" VPOS="1671" WIDTH="34" />
<String CONTENT="and" HEIGHT="39" HPOS="1721" VPOS="1669" WIDTH="95" />
<SP HEIGHT="39" HPOS="1817" VPOS="1669" WIDTH="33" />
<String CONTENT="control" HEIGHT="39" HPOS="1851" VPOS="1669" WIDTH="186" />
<SP HEIGHT="38" HPOS="2038" VPOS="1669" WIDTH="31" />
<String CONTENT="of" HEIGHT="41" HPOS="2070" VPOS="1666" WIDTH="51" />
<SP HEIGHT="43" HPOS="2122" VPOS="1666" WIDTH="32" />
<String CONTENT="oral" HEIGHT="44" HPOS="2155" VPOS="1665" WIDTH="102" />
</TextLine>
<TextLine HEIGHT="41" HPOS="272" VPOS="1723" WIDTH="469">
<String CONTENT="infection.&#8221;&#8212;Pref." HEIGHT="41" HPOS="272" VPOS="1723" WIDTH="469" />
</TextLine>
<TextLine CS="1" HEIGHT="50" HPOS="341" VPOS="1779" WIDTH="694">
<String CONTENT="Bibliography:" CS="1" HEIGHT="48" HPOS="341" VPOS="1780" WIDTH="347" />
<SP HEIGHT="38" HPOS="716" VPOS="1791" WIDTH="30" />
<String CONTENT="p." HEIGHT="38" HPOS="747" VPOS="1791" WIDTH="42" />
<SP HEIGHT="39" HPOS="790" VPOS="1781" WIDTH="28" />
<String CONTENT="115-118." HEIGHT="42" HPOS="819" VPOS="1779" WIDTH="216" />
</TextLine>
<TextLine HEIGHT="53" HPOS="275" VPOS="1848" WIDTH="1985">
<String CONTENT="&#169;" HEIGHT="53" HPOS="275" VPOS="1848" WIDTH="53" />
<SP HEIGHT="53" HPOS="329" VPOS="1848" WIDTH="27" />
<String CONTENT="May" HEIGHT="45" HPOS="357" VPOS="1854" WIDTH="113" />
<SP HEIGHT="47" HPOS="471" VPOS="1852" WIDTH="28" />
<String CONTENT="2," HEIGHT="48" HPOS="500" VPOS="1852" WIDTH="39" />
<SP HEIGHT="48" HPOS="540" VPOS="1852" WIDTH="28" />
<String CONTENT="1935;" HEIGHT="48" HPOS="569" VPOS="1851" WIDTH="139" />
<SP HEIGHT="47" HPOS="709" VPOS="1852" WIDTH="29" />
<String CONTENT="2c." HEIGHT="39" HPOS="739" VPOS="1852" WIDTH="65" />
<SP HEIGHT="30" HPOS="805" VPOS="1862" WIDTH="30" />
<String CONTENT="and" HEIGHT="39" HPOS="836" VPOS="1853" WIDTH="95" />
<SP HEIGHT="39" HPOS="932" VPOS="1853" WIDTH="26" />
<String CONTENT="aff." HEIGHT="43" HPOS="959" VPOS="1849" WIDTH="82" />
<SP HEIGHT="39" HPOS="1042" VPOS="1852" WIDTH="30" />
<String CONTENT="May" HEIGHT="47" HPOS="1073" VPOS="1852" WIDTH="116" />
<SP HEIGHT="46" HPOS="1190" VPOS="1853" WIDTH="22" />
<String CONTENT="4;" HEIGHT="45" HPOS="1213" VPOS="1853" WIDTH="53" />
<SP HEIGHT="46" HPOS="1267" VPOS="1852" WIDTH="31" />
<String CONTENT="A" HEIGHT="38" HPOS="1299" VPOS="1852" WIDTH="43" />
<SP HEIGHT="40" HPOS="1343" VPOS="1852" WIDTH="23" />
<String CONTENT="81715;" HEIGHT="48" HPOS="1367" VPOS="1852" WIDTH="170" />
<SP HEIGHT="48" HPOS="1538" VPOS="1852" WIDTH="30" />
<String CONTENT="F." HEIGHT="39" HPOS="1569" VPOS="1852" WIDTH="51" />
<SP HEIGHT="40" HPOS="1621" VPOS="1852" WIDTH="28" />
<String CONTENT="James," HEIGHT="48" HPOS="1650" VPOS="1852" WIDTH="178" />
<SP HEIGHT="47" HPOS="1829" VPOS="1853" WIDTH="28" />
<String CONTENT="Linwood," HEIGHT="48" HPOS="1858" VPOS="1852" WIDTH="243" />
<SP HEIGHT="47" HPOS="2102" VPOS="1853" WIDTH="28" />
<String CONTENT="N." HEIGHT="40" HPOS="2131" LANG="fr" VPOS="1853" WIDTH="56" />
<SP HEIGHT="40" HPOS="2188" VPOS="1853" WIDTH="28" />
<String CONTENT="J." HEIGHT="40" HPOS="2217" VPOS="1853" WIDTH="43" />
</TextLine>
<TextLine HEIGHT="50" HPOS="347" VPOS="1908" WIDTH="250">
<String CONTENT="(35-9251)" HEIGHT="50" HPOS="347" VPOS="1908" WIDTH="250" />
</TextLine>
<TextLine HEIGHT="67" HPOS="268" STYLEREFS="StyleId-07376884-8D2D-472E-BED1-C3D9EEA4962D-" VPOS="2010" WIDTH="811">
<String CONTENT="Jelliffe," HEIGHT="66" HPOS="268" LANG="fr" VPOS="2010" WIDTH="233" />
<SP HEIGHT="63" HPOS="502" VPOS="2013" WIDTH="26" />
<String CONTENT="Smith" HEIGHT="55" HPOS="529" LANG="en-US" VPOS="2011" WIDTH="195" />
<SP HEIGHT="53" HPOS="725" VPOS="2012" WIDTH="25" />
<String CONTENT="Ely," HEIGHT="66" HPOS="751" LANG="en-US" VPOS="2011" WIDTH="128" />
<SP HEIGHT="59" HPOS="880" VPOS="2018" WIDTH="28" />
<String CONTENT="1866-" HEIGHT="50" HPOS="909" LANG="en-US" VPOS="2017" WIDTH="170" />
</TextLine>
<TextLine HEIGHT="69" HPOS="346" STYLEREFS="StyleId-7743937C-7713-45C1-8DEB-F714E25FFE42-" VPOS="2088" WIDTH="1916">
<String CONTENT="Diseases" HEIGHT="52" HPOS="346" VPOS="2089" WIDTH="256" />
<SP HEIGHT="35" HPOS="603" VPOS="2107" WIDTH="39" />
<String CONTENT="of" HEIGHT="54" HPOS="643" VPOS="2088" WIDTH="62" />
<SP HEIGHT="52" HPOS="706" VPOS="2088" WIDTH="39" />
<String CONTENT="the" HEIGHT="53" HPOS="746" VPOS="2089" WIDTH="97" />
<SP HEIGHT="34" HPOS="844" VPOS="2108" WIDTH="35" />
<String CONTENT="nervous" HEIGHT="38" HPOS="880" VPOS="2105" WIDTH="240" />
<SP HEIGHT="36" HPOS="1121" VPOS="2107" WIDTH="39" />
<String CONTENT="system;" HEIGHT="64" HPOS="1161" VPOS="2092" WIDTH="235" />
<SP HEIGHT="47" HPOS="1397" VPOS="2107" WIDTH="44" />
<String CONTENT="a" HEIGHT="35" HPOS="1442" VPOS="2107" WIDTH="31" />
<SP HEIGHT="51" HPOS="1474" VPOS="2091" WIDTH="40" />
<String CONTENT="text-book" HEIGHT="54" HPOS="1515" VPOS="2088" WIDTH="293" />
<SP HEIGHT="52" HPOS="1809" VPOS="2088" WIDTH="39" />
<String CONTENT="of" HEIGHT="52" HPOS="1849" VPOS="2088" WIDTH="63" />
<SP HEIGHT="53" HPOS="1913" VPOS="2088" WIDTH="38" />
<String CONTENT="neurology" HEIGHT="68" HPOS="1952" VPOS="2089" WIDTH="310" />
</TextLine>
<TextLine CS="1" HEIGHT="70" HPOS="276" STYLEREFS="StyleId-7743937C-7713-45C1-8DEB-F714E25FFE42-" VPOS="2164" WIDTH="1984">
<String CONTENT="and" HEIGHT="52" HPOS="276" VPOS="2167" WIDTH="110" />
<SP HEIGHT="65" HPOS="387" VPOS="2167" WIDTH="48" />
<String CONTENT="psychiatry," HEIGHT="69" HPOS="436" VPOS="2165" WIDTH="350" />
<SP HEIGHT="69" HPOS="787" VPOS="2165" WIDTH="42" />
<String CONTENT="by" HEIGHT="69" HPOS="830" VPOS="2165" WIDTH="75" />
<SP HEIGHT="69" HPOS="906" VPOS="2165" WIDTH="46" />
<String CONTENT="Smith" HEIGHT="55" HPOS="953" VPOS="2165" WIDTH="187" />
<SP HEIGHT="53" HPOS="1141" VPOS="2166" WIDTH="51" />
<String CONTENT="Ely" HEIGHT="67" HPOS="1193" VPOS="2167" WIDTH="114" />
<SP HEIGHT="68" HPOS="1308" VPOS="2166" WIDTH="42" />
<String CONTENT="Jelliffe" HEIGHT="55" HPOS="1351" LANG="fr" VPOS="2165" WIDTH="217" />
<SP HEIGHT="33" HPOS="1569" VPOS="2185" WIDTH="49" />
<String CONTENT="&#8230;" CS="1" />
<SP HEIGHT="38" HPOS="1675" VPOS="2184" WIDTH="52" />
<String CONTENT="and" HEIGHT="55" HPOS="1728" VPOS="2167" WIDTH="110" />
<SP HEIGHT="52" HPOS="1839" VPOS="2167" WIDTH="47" />
<String CONTENT="William" HEIGHT="55" HPOS="1887" VPOS="2164" WIDTH="258" />
<SP HEIGHT="47" HPOS="2146" VPOS="2172" WIDTH="43" />
<String CONTENT="A." HEIGHT="47" HPOS="2190" VPOS="2172" WIDTH="70" />
</TextLine>
<TextLine CS="1" HEIGHT="69" HPOS="275" STYLEREFS="StyleId-7743937C-7713-45C1-8DEB-F714E25FFE42-" VPOS="2243" WIDTH="1716">
<String CONTENT="White" HEIGHT="55" HPOS="275" VPOS="2243" WIDTH="193" />
<SP HEIGHT="34" HPOS="469" VPOS="2264" WIDTH="43" />
<String CONTENT="&#8230;" CS="1" />
<SP HEIGHT="49" HPOS="568" VPOS="2246" WIDTH="81" />
<String CONTENT="6th" HEIGHT="51" HPOS="650" VPOS="2244" WIDTH="97" />
<SP HEIGHT="52" HPOS="748" VPOS="2244" WIDTH="38" />
<String CONTENT="ed.," HEIGHT="67" HPOS="787" VPOS="2243" WIDTH="102" />
<SP HEIGHT="60" HPOS="890" VPOS="2250" WIDTH="38" />
<String CONTENT="thoroughly" HEIGHT="68" HPOS="929" VPOS="2244" WIDTH="349" />
<SP HEIGHT="50" HPOS="1279" VPOS="2261" WIDTH="39" />
<String CONTENT="rev.," HEIGHT="49" HPOS="1319" VPOS="2261" WIDTH="130" />
<SP HEIGHT="66" HPOS="1450" VPOS="2244" WIDTH="41" />
<String CONTENT="illustrated" HEIGHT="54" HPOS="1492" VPOS="2243" WIDTH="321" />
<SP HEIGHT="52" HPOS="1814" VPOS="2245" WIDTH="37" />
<String CONTENT="with" HEIGHT="51" HPOS="1852" VPOS="2245" WIDTH="139" />
</TextLine>
<TextLine CS="1" HEIGHT="146" HPOS="276" STYLEREFS="StyleId-7743937C-7713-45C1-8DEB-F714E25FFE42-" VPOS="2244" WIDTH="1987">
<String CONTENT="497" HEIGHT="54" HPOS="2032" VPOS="2244" WIDTH="101" />
<SP HEIGHT="54" HPOS="2134" VPOS="2244" WIDTH="37" />
<String CONTENT="engravings" HEIGHT="127" HPOS="276" VPOS="2263" WIDTH="1963" />
<SP HEIGHT="35" HPOS="550" VPOS="2341" WIDTH="38" />
<String CONTENT="and" HEIGHT="53" HPOS="589" VPOS="2321" WIDTH="113" />
<SP HEIGHT="53" HPOS="703" VPOS="2321" WIDTH="38" />
<String CONTENT="13" HEIGHT="49" HPOS="742" VPOS="2324" WIDTH="64" />
<SP HEIGHT="65" HPOS="807" VPOS="2324" WIDTH="37" />
<String CONTENT="plates." HEIGHT="68" HPOS="845" VPOS="2321" WIDTH="196" />
<SP HEIGHT="53" HPOS="1042" VPOS="2320" WIDTH="74" />
<String CONTENT="Philadelphia," HEIGHT="68" HPOS="1117" VPOS="2320" WIDTH="425" />
<SP HEIGHT="66" HPOS="1543" VPOS="2322" WIDTH="36" />
<String CONTENT="Lea" HEIGHT="53" HPOS="1580" VPOS="2322" WIDTH="115" />
<SP HEIGHT="52" HPOS="1696" VPOS="2323" WIDTH="37" />
<String CONTENT="&amp;" HEIGHT="51" HPOS="1734" VPOS="2323" WIDTH="45" />
<SP HEIGHT="52" HPOS="1780" VPOS="2322" WIDTH="36" />
<String CONTENT="Febiger," HEIGHT="69" HPOS="1817" VPOS="2321" WIDTH="258" />
<SP HEIGHT="64" HPOS="2076" VPOS="2326" WIDTH="38" />
<String CONTENT="1935." HEIGHT="50" HPOS="2115" VPOS="2325" WIDTH="148" />
</TextLine>
<TextLine CS="1" HEIGHT="50" HPOS="347" STYLEREFS="StyleId-7743937C-7713-45C1-8DEB-F714E25FFE42-" VPOS="2393" WIDTH="1663">
<String CONTENT="1175" HEIGHT="39" HPOS="347" VPOS="2395" WIDTH="114" />
<SP HEIGHT="48" HPOS="462" VPOS="2395" WIDTH="29" />
<String CONTENT="p." HEIGHT="37" HPOS="492" VPOS="2406" WIDTH="41" />
<SP HEIGHT="40" HPOS="534" VPOS="2394" WIDTH="61" />
<String CONTENT="illus.," HEIGHT="47" HPOS="596" VPOS="2394" WIDTH="142" />
<SP HEIGHT="35" HPOS="739" VPOS="2406" WIDTH="31" />
<String CONTENT="xiii" HEIGHT="29" HPOS="771" VPOS="2405" WIDTH="97" />
<SP />
<String CONTENT="pl." CS="1" />
<SP HEIGHT="47" HPOS="959" VPOS="2395" WIDTH="41" />
<String CONTENT="(part" HEIGHT="48" HPOS="1001" VPOS="2395" WIDTH="135" />
<SP HEIGHT="37" HPOS="1137" VPOS="2398" WIDTH="30" />
<String CONTENT="col.," HEIGHT="46" HPOS="1168" VPOS="2396" WIDTH="100" />
<SP HEIGHT="37" HPOS="1269" VPOS="2405" WIDTH="32" />
<String CONTENT="part" HEIGHT="46" HPOS="1302" VPOS="2396" WIDTH="112" />
<SP HEIGHT="39" HPOS="1415" VPOS="2395" WIDTH="26" />
<String CONTENT="fold.)" HEIGHT="49" HPOS="1442" VPOS="2393" WIDTH="144" />
<SP HEIGHT="49" HPOS="1587" VPOS="2393" WIDTH="39" />
<String CONTENT="diagrs." HEIGHT="47" HPOS="1627" VPOS="2395" WIDTH="177" />
<SP HEIGHT="39" HPOS="1805" VPOS="2395" WIDTH="59" />
<String CONTENT="25&#189;" CS="1" HEIGHT="41" HPOS="1865" VPOS="2393" WIDTH="55" />
<String CONTENT="cm" HEIGHT="21" HPOS="1952" STYLE="superscript" VPOS="2397" WIDTH="45" />
<String CONTENT="." HEIGHT="9" HPOS="2002" VPOS="2426" WIDTH="8" />
</TextLine>
<TextLine HEIGHT="49" HPOS="349" STYLEREFS="StyleId-7743937C-7713-45C1-8DEB-F714E25FFE42-" VPOS="2450" WIDTH="718">
<String CONTENT="Bibliographical" HEIGHT="49" HPOS="349" VPOS="2450" WIDTH="412" />
<SP HEIGHT="39" HPOS="762" VPOS="2451" WIDTH="29" />
<String CONTENT="foot-notes." HEIGHT="41" HPOS="792" VPOS="2451" WIDTH="275" />
</TextLine>
<TextLine CS="1" HEIGHT="52" HPOS="277" VPOS="2520" WIDTH="1880">
<String CONTENT="&#169;" HEIGHT="52" HPOS="277" VPOS="2520" WIDTH="52" />
<SP HEIGHT="52" HPOS="330" VPOS="2520" WIDTH="22" />
<String CONTENT="June" HEIGHT="41" HPOS="353" VPOS="2522" WIDTH="129" />
<SP HEIGHT="39" HPOS="483" VPOS="2524" WIDTH="20" />
<String CONTENT="11," HEIGHT="47" HPOS="504" VPOS="2523" WIDTH="67" />
<SP HEIGHT="47" HPOS="572" VPOS="2523" WIDTH="24" />
<String CONTENT="1935;" HEIGHT="47" HPOS="597" VPOS="2522" WIDTH="139" />
<SP HEIGHT="47" HPOS="737" VPOS="2522" WIDTH="24" />
<String CONTENT="2c." HEIGHT="40" HPOS="762" VPOS="2522" WIDTH="67" />
<SP HEIGHT="39" HPOS="830" VPOS="2523" WIDTH="25" />
<String CONTENT="June" HEIGHT="39" HPOS="856" VPOS="2523" WIDTH="128" />
<SP HEIGHT="38" HPOS="985" VPOS="2524" WIDTH="20" />
<String CONTENT="12;" CS="1" HEIGHT="39" HPOS="1006" VPOS="2522" WIDTH="55" />
<SP HEIGHT="37" HPOS="1090" VPOS="2532" WIDTH="27" />
<String CONTENT="aff." HEIGHT="40" HPOS="1118" VPOS="2521" WIDTH="79" />
<SP HEIGHT="40" HPOS="1198" VPOS="2522" WIDTH="28" />
<String CONTENT="June" HEIGHT="40" HPOS="1227" VPOS="2522" WIDTH="126" />
<SP HEIGHT="38" HPOS="1354" VPOS="2523" WIDTH="23" />
<String CONTENT="14;" HEIGHT="46" HPOS="1378" VPOS="2523" WIDTH="81" />
<SP HEIGHT="47" HPOS="1460" VPOS="2522" WIDTH="28" />
<String CONTENT="A" HEIGHT="39" HPOS="1489" VPOS="2522" WIDTH="43" />
<SP HEIGHT="41" HPOS="1533" VPOS="2522" WIDTH="21" />
<String CONTENT="84235;" HEIGHT="48" HPOS="1555" VPOS="2522" WIDTH="170" />
<SP HEIGHT="47" HPOS="1726" VPOS="2523" WIDTH="28" />
<String CONTENT="Lea" HEIGHT="40" HPOS="1755" VPOS="2523" WIDTH="94" />
<SP HEIGHT="40" HPOS="1850" VPOS="2523" WIDTH="29" />
<String CONTENT="&amp;" HEIGHT="40" HPOS="1880" VPOS="2523" WIDTH="37" />
<SP HEIGHT="40" HPOS="1918" VPOS="2523" WIDTH="23" />
<String CONTENT="Febiger." HEIGHT="51" HPOS="1942" VPOS="2520" WIDTH="215" />
</TextLine>
<TextLine HEIGHT="48" HPOS="356" VPOS="2579" WIDTH="249">
<String CONTENT="(35-9250)" HEIGHT="48" HPOS="356" VPOS="2579" WIDTH="249" />
</TextLine>
<TextLine HEIGHT="63" HPOS="279" STYLEREFS="StyleId-07376884-8D2D-472E-BED1-C3D9EEA4962D-" VPOS="2680" WIDTH="895">
<String CONTENT="Johnson," HEIGHT="63" HPOS="279" VPOS="2680" WIDTH="281" />
<SP HEIGHT="62" HPOS="561" VPOS="2681" WIDTH="27" />
<String CONTENT="Pamela" HEIGHT="53" HPOS="589" VPOS="2680" WIDTH="240" />
<SP HEIGHT="52" HPOS="830" VPOS="2681" WIDTH="21" />
<String CONTENT="Hansford." HEIGHT="54" HPOS="852" VPOS="2680" WIDTH="322" />
</TextLine>
<TextLine HEIGHT="70" HPOS="352" STYLEREFS="StyleId-7743937C-7713-45C1-8DEB-F714E25FFE42-" VPOS="2754" WIDTH="1909">
<String CONTENT="This" HEIGHT="53" HPOS="352" VPOS="2755" WIDTH="139" />
<SP HEIGHT="54" HPOS="492" VPOS="2754" WIDTH="29" />
<String CONTENT="bed" HEIGHT="54" HPOS="522" VPOS="2754" WIDTH="105" />
<SP HEIGHT="52" HPOS="628" VPOS="2756" WIDTH="32" />
<String CONTENT="thy" HEIGHT="69" HPOS="661" VPOS="2754" WIDTH="104" />
<SP HEIGHT="51" HPOS="766" VPOS="2772" WIDTH="28" />
<String CONTENT="centre," HEIGHT="62" HPOS="795" VPOS="2761" WIDTH="202" />
<SP HEIGHT="49" HPOS="998" VPOS="2774" WIDTH="31" />
<String CONTENT="a" HEIGHT="33" HPOS="1030" VPOS="2774" WIDTH="31" />
<SP HEIGHT="33" HPOS="1062" VPOS="2774" WIDTH="30" />
<String CONTENT="novel" HEIGHT="50" HPOS="1093" VPOS="2759" WIDTH="164" />
<SP HEIGHT="53" HPOS="1258" VPOS="2756" WIDTH="28" />
<String CONTENT="by" HEIGHT="68" HPOS="1287" VPOS="2756" WIDTH="75" />
<SP HEIGHT="67" HPOS="1363" VPOS="2757" WIDTH="28" />
<String CONTENT="Pamela" HEIGHT="53" HPOS="1392" VPOS="2756" WIDTH="233" />
<SP HEIGHT="51" HPOS="1626" VPOS="2757" WIDTH="32" />
<String CONTENT="Hansford" HEIGHT="54" HPOS="1659" VPOS="2755" WIDTH="302" />
<SP HEIGHT="54" HPOS="1962" VPOS="2757" WIDTH="29" />
<String CONTENT="Johnson." HEIGHT="54" HPOS="1992" VPOS="2757" WIDTH="269" />
</TextLine>
<TextLine HEIGHT="67" HPOS="289" STYLEREFS="StyleId-7743937C-7713-45C1-8DEB-F714E25FFE42-" VPOS="2834" WIDTH="1161">
<String CONTENT="London," HEIGHT="66" HPOS="289" VPOS="2834" WIDTH="247" />
<SP HEIGHT="65" HPOS="537" VPOS="2835" WIDTH="27" />
<String CONTENT="Chapman" HEIGHT="67" HPOS="565" VPOS="2834" WIDTH="297" />
<SP HEIGHT="49" HPOS="863" VPOS="2837" WIDTH="23" />
<String CONTENT="&amp;" HEIGHT="49" HPOS="887" VPOS="2837" WIDTH="46" />
<SP HEIGHT="52" HPOS="934" VPOS="2834" WIDTH="23" />
<String CONTENT="Hall," HEIGHT="65" HPOS="958" VPOS="2834" WIDTH="159" />
<SP HEIGHT="64" HPOS="1118" VPOS="2835" WIDTH="26" />
<String CONTENT="ltd." HEIGHT="52" HPOS="1145" VPOS="2834" WIDTH="102" />
<SP HEIGHT="33" HPOS="1248" VPOS="2867" WIDTH="32" />
<String CONTENT="[1935]" HEIGHT="63" HPOS="1281" VPOS="2837" WIDTH="169" />
</TextLine>
<TextLine CS="1" HEIGHT="48" HPOS="353" VPOS="2906" WIDTH="362">
<String CONTENT="320" HEIGHT="40" HPOS="353" VPOS="2906" WIDTH="86" />
<SP HEIGHT="48" HPOS="440" VPOS="2906" WIDTH="28" />
<String CONTENT="p." HEIGHT="37" HPOS="469" VPOS="2917" WIDTH="41" />
<SP HEIGHT="39" HPOS="511" VPOS="2907" WIDTH="60" />
<String CONTENT="19&#189;" CS="1" HEIGHT="40" HPOS="572" VPOS="2906" WIDTH="54" />
<String CONTENT="cm" HEIGHT="22" HPOS="658" STYLE="superscript" VPOS="2907" WIDTH="44" />
<String CONTENT="." HEIGHT="9" HPOS="707" VPOS="2938" WIDTH="8" />
</TextLine>
<TextLine CS="1" HEIGHT="52" HPOS="286" VPOS="2974" WIDTH="1140">
<String CONTENT="&#169;" HEIGHT="52" HPOS="286" VPOS="2974" WIDTH="52" />
<SP />
<String CONTENT="1c." CS="1" />
<SP HEIGHT="38" HPOS="426" VPOS="2978" WIDTH="27" />
<String CONTENT="June" HEIGHT="38" HPOS="454" VPOS="2978" WIDTH="125" />
<SP HEIGHT="39" HPOS="580" VPOS="2977" WIDTH="20" />
<String CONTENT="5," HEIGHT="46" HPOS="601" VPOS="2977" WIDTH="39" />
<SP HEIGHT="46" HPOS="641" VPOS="2977" WIDTH="23" />
<String CONTENT="1935;" CS="1" HEIGHT="41" HPOS="665" VPOS="2975" WIDTH="113" />
<SP HEIGHT="45" HPOS="805" VPOS="2977" WIDTH="25" />
<String CONTENT="A" HEIGHT="38" HPOS="831" VPOS="2977" WIDTH="41" />
<SP HEIGHT="38" HPOS="873" VPOS="2977" WIDTH="19" />
<String CONTENT="ad" HEIGHT="38" HPOS="893" VPOS="2977" WIDTH="61" />
<SP HEIGHT="41" HPOS="955" VPOS="2974" WIDTH="24" />
<String CONTENT="int." HEIGHT="41" HPOS="980" VPOS="2974" WIDTH="85" />
<SP HEIGHT="40" HPOS="1066" VPOS="2975" WIDTH="22" />
<String CONTENT="20277;" CS="1" HEIGHT="41" HPOS="1089" VPOS="2974" WIDTH="142" />
<SP HEIGHT="37" HPOS="1259" VPOS="2985" WIDTH="25" />
<String CONTENT="pubd." HEIGHT="47" HPOS="1285" VPOS="2975" WIDTH="141" />
</TextLine>
<TextLine HEIGHT="49" HPOS="1450" VPOS="2974" WIDTH="818">
<String CONTENT="Apr." HEIGHT="48" HPOS="1450" LANG="en-US" VPOS="2975" WIDTH="114" />
<SP HEIGHT="40" HPOS="1565" VPOS="2975" WIDTH="22" />
<String CONTENT="8;" HEIGHT="46" HPOS="1588" LANG="en-US" VPOS="2975" WIDTH="53" />
<SP HEIGHT="46" HPOS="1642" VPOS="2975" WIDTH="23" />
<String CONTENT="Harcourt," HEIGHT="45" HPOS="1666" LANG="fr" VPOS="2975" WIDTH="259" />
<SP HEIGHT="46" HPOS="1926" VPOS="2974" WIDTH="24" />
<String CONTENT="Brace" HEIGHT="40" HPOS="1951" LANG="en-US" VPOS="2974" WIDTH="156" />
<SP HEIGHT="40" HPOS="2108" VPOS="2974" WIDTH="20" />
<String CONTENT="&amp;" HEIGHT="40" HPOS="2129" LANG="en-US" VPOS="2974" WIDTH="37" />
<SP HEIGHT="40" HPOS="2167" VPOS="2974" WIDTH="18" />
<String CONTENT="co.," HEIGHT="39" HPOS="2186" LANG="en-US" VPOS="2982" WIDTH="82" />
</TextLine>
<TextLine HEIGHT="49" HPOS="355" VPOS="3031" WIDTH="730">
<String CONTENT="inc.," HEIGHT="46" HPOS="355" VPOS="3034" WIDTH="105" />
<SP HEIGHT="46" HPOS="461" VPOS="3034" WIDTH="23" />
<String CONTENT="New" HEIGHT="39" HPOS="485" VPOS="3034" WIDTH="116" />
<SP HEIGHT="39" HPOS="602" VPOS="3034" WIDTH="19" />
<String CONTENT="York." HEIGHT="39" HPOS="622" VPOS="3033" WIDTH="144" />
<SP HEIGHT="47" HPOS="767" VPOS="3033" WIDTH="69" />
<String CONTENT="(35-9497)" HEIGHT="49" HPOS="837" VPOS="3031" WIDTH="248" />
</TextLine>
<TextLine HEIGHT="65" HPOS="284" STYLEREFS="StyleId-07376884-8D2D-472E-BED1-C3D9EEA4962D-" VPOS="3133" WIDTH="823">
<String CONTENT="Jones," HEIGHT="62" HPOS="284" VPOS="3134" WIDTH="196" />
<SP HEIGHT="61" HPOS="481" VPOS="3135" WIDTH="26" />
<String CONTENT="Leslie" HEIGHT="53" HPOS="508" VPOS="3133" WIDTH="189" />
<SP HEIGHT="53" HPOS="698" VPOS="3133" WIDTH="24" />
<String CONTENT="Allen," HEIGHT="65" HPOS="723" VPOS="3133" WIDTH="186" />
<SP HEIGHT="59" HPOS="910" VPOS="3139" WIDTH="26" />
<String CONTENT="1903-" HEIGHT="49" HPOS="937" VPOS="3138" WIDTH="170" />
</TextLine>
<TextLine CS="1" HEIGHT="71" HPOS="353" STYLEREFS="StyleId-7743937C-7713-45C1-8DEB-F714E25FFE42-" VPOS="3206" WIDTH="1911">
<String CONTENT="Painting" HEIGHT="65" HPOS="353" VPOS="3212" WIDTH="276" />
<SP HEIGHT="48" HPOS="630" VPOS="3229" WIDTH="24" />
<String CONTENT="scenery;" CS="1" HEIGHT="49" HPOS="655" VPOS="3228" WIDTH="228" />
<SP HEIGHT="48" HPOS="912" VPOS="3228" WIDTH="31" />
<String CONTENT="a" HEIGHT="33" HPOS="944" VPOS="3229" WIDTH="30" />
<SP HEIGHT="54" HPOS="975" VPOS="3208" WIDTH="28" />
<String CONTENT="&#8220;handybook&#8221;" HEIGHT="68" HPOS="1004" VPOS="3208" WIDTH="408" />
<SP HEIGHT="52" HPOS="1413" VPOS="3209" WIDTH="28" />
<String CONTENT="for" HEIGHT="52" HPOS="1442" VPOS="3209" WIDTH="93" />
<SP HEIGHT="33" HPOS="1536" VPOS="3228" WIDTH="25" />
<String CONTENT="amateur" HEIGHT="47" HPOS="1562" VPOS="3214" WIDTH="254" />
<SP HEIGHT="49" HPOS="1817" VPOS="3226" WIDTH="26" />
<String CONTENT="producers," HEIGHT="67" HPOS="1844" VPOS="3208" WIDTH="323" />
<SP HEIGHT="67" HPOS="2168" VPOS="3206" WIDTH="24" />
<String CONTENT="by" HEIGHT="65" HPOS="2193" VPOS="3206" WIDTH="71" />
</TextLine>
<TextLine HEIGHT="68" HPOS="287" STYLEREFS="StyleId-7743937C-7713-45C1-8DEB-F714E25FFE42-" VPOS="3284" WIDTH="1983">
<String CONTENT="Leslie" HEIGHT="53" HPOS="287" VPOS="3287" WIDTH="180" />
<SP HEIGHT="52" HPOS="468" VPOS="3288" WIDTH="30" />
<String CONTENT="Allen" HEIGHT="52" HPOS="499" VPOS="3288" WIDTH="168" />
<SP HEIGHT="54" HPOS="668" VPOS="3287" WIDTH="26" />
<String CONTENT="Jones;" HEIGHT="65" HPOS="695" VPOS="3287" WIDTH="202" />
<SP HEIGHT="65" HPOS="898" VPOS="3287" WIDTH="28" />
<String CONTENT="illustrated" HEIGHT="53" HPOS="927" VPOS="3286" WIDTH="323" />
<SP HEIGHT="52" HPOS="1251" VPOS="3286" WIDTH="28" />
<String CONTENT="by" HEIGHT="66" HPOS="1280" VPOS="3286" WIDTH="75" />
<SP HEIGHT="61" HPOS="1356" VPOS="3291" WIDTH="25" />
<String CONTENT="the" HEIGHT="52" HPOS="1382" VPOS="3286" WIDTH="95" />
<SP HEIGHT="34" HPOS="1478" VPOS="3304" WIDTH="27" />
<String CONTENT="author.." HEIGHT="53" HPOS="1506" VPOS="3285" WIDTH="228" />
<SP HEIGHT="50" HPOS="1735" VPOS="3286" WIDTH="57" />
<String CONTENT="Boston," HEIGHT="62" HPOS="1793" VPOS="3286" WIDTH="232" />
<SP HEIGHT="64" HPOS="2026" VPOS="3284" WIDTH="25" />
<String CONTENT="Walter" HEIGHT="54" HPOS="2052" VPOS="3284" WIDTH="218" />
</TextLine>
<TextLine CS="1" HEIGHT="68" HPOS="288" STYLEREFS="StyleId-7743937C-7713-45C1-8DEB-F714E25FFE42-" VPOS="3363" WIDTH="822">
<String CONTENT="H." HEIGHT="53" HPOS="288" VPOS="3363" WIDTH="74" />
<SP HEIGHT="51" HPOS="363" VPOS="3365" WIDTH="29" />
<String CONTENT="Baker" HEIGHT="52" HPOS="393" VPOS="3364" WIDTH="189" />
<SP HEIGHT="33" HPOS="583" VPOS="3382" WIDTH="25" />
<String CONTENT="company" HEIGHT="50" HPOS="609" VPOS="3381" WIDTH="278" />
<SP HEIGHT="48" HPOS="888" VPOS="3382" WIDTH="31" />
<String CONTENT="[" CS="1" />
<String CONTENT="c" HEIGHT="21" HPOS="938" STYLE="superscript" VPOS="3369" WIDTH="17" />
<String CONTENT="1935]" HEIGHT="62" HPOS="961" VPOS="3366" WIDTH="149" />
</TextLine>
<TextLine CS="1" HEIGHT="49" HPOS="355" VPOS="3435" WIDTH="545">
<String CONTENT="107" HEIGHT="40" HPOS="355" VPOS="3436" WIDTH="83" />
<SP HEIGHT="47" HPOS="439" VPOS="3437" WIDTH="28" />
<String CONTENT="p." HEIGHT="37" HPOS="468" VPOS="3447" WIDTH="42" />
<SP HEIGHT="40" HPOS="511" VPOS="3436" WIDTH="58" />
<String CONTENT="illus." HEIGHT="41" HPOS="570" VPOS="3435" WIDTH="127" />
<SP HEIGHT="40" HPOS="698" VPOS="3436" WIDTH="58" />
<String CONTENT="19&#189;cm." CS="1" HEIGHT="41" HPOS="757" VPOS="3435" WIDTH="143" />
</TextLine>
<TextLine HEIGHT="50" HPOS="357" VPOS="3489" WIDTH="908">
<String CONTENT="On" HEIGHT="40" HPOS="357" VPOS="3491" WIDTH="70" />
<SP HEIGHT="29" HPOS="428" VPOS="3502" WIDTH="26" />
<String CONTENT="cover:" HEIGHT="30" HPOS="455" VPOS="3502" WIDTH="165" />
<SP HEIGHT="39" HPOS="621" VPOS="3492" WIDTH="30" />
<String CONTENT="By" HEIGHT="47" HPOS="652" VPOS="3492" WIDTH="71" />
<SP HEIGHT="48" HPOS="724" VPOS="3491" WIDTH="27" />
<String CONTENT="Leslie" HEIGHT="42" HPOS="752" VPOS="3491" WIDTH="154" />
<SP HEIGHT="42" HPOS="907" VPOS="3491" WIDTH="26" />
<String CONTENT="Allan" HEIGHT="39" HPOS="934" VPOS="3491" WIDTH="143" />
<SP HEIGHT="40" HPOS="1078" VPOS="3489" WIDTH="26" />
<String CONTENT="Jones." HEIGHT="42" HPOS="1105" VPOS="3489" WIDTH="160" />
</TextLine>
<TextLine HEIGHT="52" HPOS="293" VPOS="3545" WIDTH="1870">
<String CONTENT="&#169;" HEIGHT="52" HPOS="293" VPOS="3545" WIDTH="52" />
<SP HEIGHT="52" HPOS="346" VPOS="3545" WIDTH="21" />
<String CONTENT="May" HEIGHT="40" HPOS="368" VPOS="3550" WIDTH="113" />
<SP HEIGHT="42" HPOS="482" VPOS="3548" WIDTH="22" />
<String CONTENT="29," HEIGHT="44" HPOS="505" VPOS="3548" WIDTH="67" />
<SP HEIGHT="42" HPOS="573" VPOS="3550" WIDTH="25" />
<String CONTENT="1935;" HEIGHT="48" HPOS="599" VPOS="3547" WIDTH="139" />
<SP HEIGHT="47" HPOS="739" VPOS="3548" WIDTH="25" />
<String CONTENT="2c." HEIGHT="39" HPOS="765" VPOS="3548" WIDTH="66" />
<SP HEIGHT="29" HPOS="832" VPOS="3558" WIDTH="24" />
<String CONTENT="and" HEIGHT="39" HPOS="857" VPOS="3548" WIDTH="94" />
<SP HEIGHT="39" HPOS="952" VPOS="3548" WIDTH="24" />
<String CONTENT="aff." HEIGHT="40" HPOS="977" VPOS="3546" WIDTH="80" />
<SP HEIGHT="39" HPOS="1058" VPOS="3547" WIDTH="25" />
<String CONTENT="June" HEIGHT="39" HPOS="1084" VPOS="3547" WIDTH="125" />
<SP HEIGHT="39" HPOS="1210" VPOS="3546" WIDTH="23" />
<String CONTENT="28;" HEIGHT="47" HPOS="1234" VPOS="3546" WIDTH="82" />
<SP HEIGHT="46" HPOS="1317" VPOS="3547" WIDTH="26" />
<String CONTENT="A" HEIGHT="38" HPOS="1344" VPOS="3547" WIDTH="40" />
<SP HEIGHT="40" HPOS="1385" VPOS="3546" WIDTH="26" />
<String CONTENT="84466;" HEIGHT="48" HPOS="1412" VPOS="3545" WIDTH="169" />
<SP HEIGHT="47" HPOS="1582" VPOS="3546" WIDTH="26" />
<String CONTENT="Walter" HEIGHT="40" HPOS="1609" VPOS="3546" WIDTH="186" />
<SP HEIGHT="39" HPOS="1796" VPOS="3545" WIDTH="25" />
<String CONTENT="H." HEIGHT="40" HPOS="1822" VPOS="3545" WIDTH="59" />
<SP HEIGHT="39" HPOS="1882" VPOS="3546" WIDTH="28" />
<String CONTENT="Baker" HEIGHT="37" HPOS="1911" VPOS="3546" WIDTH="164" />
<SP HEIGHT="30" HPOS="2076" VPOS="3554" WIDTH="19" />
<String CONTENT="co." HEIGHT="30" HPOS="2096" VPOS="3554" WIDTH="67" />
</TextLine>
<TextLine CS="1" HEIGHT="49" HPOS="372" VPOS="3604" WIDTH="248">
<String CONTENT="(35-9260)" CS="1" HEIGHT="49" HPOS="372" VPOS="3604" WIDTH="248" />
</TextLine>
<TextLine HEIGHT="64" HPOS="289" STYLEREFS="StyleId-07376884-8D2D-472E-BED1-C3D9EEA4962D-" VPOS="3702" WIDTH="1231">
<String CONTENT="Jung," HEIGHT="62" HPOS="289" VPOS="3704" WIDTH="176" />
<SP HEIGHT="61" HPOS="466" VPOS="3705" WIDTH="27" />
<String CONTENT="Heinrich" HEIGHT="54" HPOS="494" VPOS="3703" WIDTH="280" />
<SP HEIGHT="54" HPOS="775" VPOS="3703" WIDTH="25" />
<String CONTENT="Wilhelm" HEIGHT="55" HPOS="801" VPOS="3702" WIDTH="270" />
<SP HEIGHT="53" HPOS="1072" VPOS="3702" WIDTH="27" />
<String CONTENT="Ewald," HEIGHT="63" HPOS="1100" VPOS="3702" WIDTH="219" />
<SP HEIGHT="57" HPOS="1320" VPOS="3708" WIDTH="27" />
<String CONTENT="1876-" HEIGHT="54" HPOS="1348" VPOS="3702" WIDTH="172" />
</TextLine>
<TextLine HEIGHT="72" HPOS="366" STYLEREFS="StyleId-7743937C-7713-45C1-8DEB-F714E25FFE42-" VPOS="3772" WIDTH="1909">
<String CONTENT="Einf&#252;hrung" HEIGHT="66" HPOS="366" LANG="fr" VPOS="3778" WIDTH="376" />
<SP HEIGHT="67" HPOS="743" VPOS="3777" WIDTH="27" />
<String CONTENT="in" HEIGHT="52" HPOS="771" LANG="en-US" VPOS="3777" WIDTH="59" />
<SP HEIGHT="51" HPOS="831" VPOS="3777" WIDTH="29" />
<String CONTENT="die" HEIGHT="54" HPOS="861" LANG="en-US" VPOS="3777" WIDTH="88" />
<SP HEIGHT="35" HPOS="950" VPOS="3796" WIDTH="29" />
<String CONTENT="zahlentheorie," HEIGHT="68" HPOS="980" LANG="en-US" VPOS="3775" WIDTH="433" />
<SP HEIGHT="49" HPOS="1414" VPOS="3794" WIDTH="28" />
<String CONTENT="von" HEIGHT="34" HPOS="1443" LANG="en-US" VPOS="3794" WIDTH="108" />
<SP HEIGHT="52" HPOS="1552" VPOS="3776" WIDTH="33" />
<String CONTENT="Heinrich" HEIGHT="53" HPOS="1586" LANG="en-US" VPOS="3774" WIDTH="276" />
<SP HEIGHT="54" HPOS="1863" VPOS="3773" WIDTH="30" />
<String CONTENT="W." HEIGHT="54" HPOS="1894" LANG="en-US" VPOS="3773" WIDTH="88" />
<SP HEIGHT="52" HPOS="1983" VPOS="3773" WIDTH="32" />
<String CONTENT="E." HEIGHT="51" HPOS="2016" LANG="en-US" VPOS="3773" WIDTH="67" />
<SP HEIGHT="53" HPOS="2084" VPOS="3772" WIDTH="32" />
<String CONTENT="Jung" HEIGHT="65" HPOS="2117" LANG="en-US" VPOS="3772" WIDTH="158" />
</TextLine>
<TextLine CS="1" HEIGHT="70" HPOS="355" STYLEREFS="StyleId-7743937C-7713-45C1-8DEB-F714E25FFE42-" VPOS="3852" WIDTH="1042">
<String CONTENT="&#8230;" CS="1" LANG="en-US" />
<SP HEIGHT="53" HPOS="355" VPOS="3855" WIDTH="75" />
<String CONTENT="Leipzig," HEIGHT="69" HPOS="431" LANG="en-US" VPOS="3853" WIDTH="254" />
<SP HEIGHT="68" HPOS="686" VPOS="3854" WIDTH="26" />
<String CONTENT="Dr." HEIGHT="54" HPOS="713" LANG="fr" VPOS="3854" WIDTH="101" />
<SP HEIGHT="55" HPOS="815" VPOS="3853" WIDTH="28" />
<String CONTENT="M." HEIGHT="52" HPOS="844" LANG="en-US" VPOS="3853" WIDTH="77" />
<SP HEIGHT="54" HPOS="922" VPOS="3852" WIDTH="30" />
<String CONTENT="J" HEIGHT="54" HPOS="953" LANG="fr" VPOS="3852" WIDTH="39" />
<String CONTENT="&#228;" CS="1" LANG="en-US" />
<String CONTENT="necke," HEIGHT="67" HPOS="1031" LANG="fr" VPOS="3852" WIDTH="187" />
<SP HEIGHT="64" HPOS="1219" VPOS="3855" WIDTH="29" />
<String CONTENT="1935." HEIGHT="51" HPOS="1249" LANG="en-US" VPOS="3853" WIDTH="148" />
</TextLine>
</TextBlock>
</PrintSpace>
</Page>
</Layout>
</alto>