2424 4375
1229 4080 132 49 1902

380 514 26 38 2
433 525 43 36 p.
540 545 9 15 l.,
577 514 173 39 13-465
778 525 43 36 p.
877 513 165 46 front.,
1070 512 143 48 illus.,
1243 513 85 39 col.
1359 524 76 36 pl.,
1466 513 178 47 diagrs.
1701 513 57 39 24
1760 516 44 21 cm
1810 546 8 7 .

383 570 237 41 “General
649 568 365 49 bibliography”:
1075 579 42 38 p.
1145 570 218 39 447-457.

311 636 53 54 ©
390 642 116 38 Nov.
533 640 68 47 25,
629 640 140 42 1935;
799 640 67 43 2c.
891 641 118 39 Nov.
1036 641 54 39 27;
1149 639 81 41 aff.
1259 640 118 40 Nov.
1404 638 82 48 29;
1517 641 38 38 A
1584 640 170 47 88412;
1784 641 70 39 W.
1882 642 54 39 B.
1967 640 247 42 Saunders
2240 651 67 32 co.

389 697 222 49 (36-392)

307 801 254 65 Rhodes,
588 800 255 55 William
872 801 331 64 Armitage.

380 879 320 52 Invitation
728 885 59 46 to
815 879 282 66 industry,
1126 878 74 67 by
1227 878 256 54 William
1517 880 68 51 A.
1616 879 243 53 Rhodes.
1928 882 231 54 Boston,
2187 881 118 52 The

310 957 377 68 Christopher
718 956 335 69 publishing
1084 957 172 52 house
1295 990 11 34 [
1312 963 17 20 c
1336 960 132 48 1935
1476 991 11 33 ]

379 1031 89 40 280
492 1042 43 37 p.
591 1030 24 39 1
641 1029 147 48 illus.,
815 1029 176 48 diagrs.
1050 1028 59 41 19½
1138 1032 15 21 cm
1188 1062 8 8 .

382 1102 39 38 A
459 1101 151 40 series
649 1101 54 40 of
738 1102 184 44 letters,
961 1099 121 41 with
1120 1100 290 47 enclosures,
1451 1100 262 40 addressed
1755 1102 48 38 to
1843 1101 80 39 the
1965 1099 253 43 President
2257 1102 51 39 of

310 1159 81 39 the
427 1157 176 41 United
641 1158 176 49 States,
852 1159 93 38 and
980 1158 81 39 the
1097 1157 174 47 replies
1306 1157 127 39 from
1469 1158 80 40 the
1584 1157 161 40 White
1780 1157 166 41 House
1981 1159 96 39 and
2112 1158 196 40 various

307 1217 316 48 government
649 1216 345 47 departments.
1025 1215 130 47 July,
1185 1213 128 48 1933,
1342 1217 48 37 to
1424 1214 292 49 September,
1746 1214 128 40 1934.

309 1280 53 54 ©
399 1286 118 40 Nov.
555 1286 69 47 15,
662 1285 140 40 1935;
841 1284 66 41 2c.
947 1286 110 39 Dec.
1095 1285 52 46 2;
1188 1284 83 41 aff.
1311 1285 111 40 Dec.
1461 1285 51 45 8;
1552 1285 39 38 A
1630 1284 171 47 88475;
1843 1285 320 49 Christopher
2200 1287 106 47 pub.

379 1343 163 40 house.
615 1342 222 50 (36-419)

309 1444 243 66 Rogers,
580 1446 140 53 Mrs.
751 1445 221 64 Gladys
1002 1443 225 67 (Gage)
1265 1449 170 50 1888-

376 1522 141 53 New
550 1522 301 69 pathways
883 1522 95 54 for
1012 1520 257 55 children
1305 1521 140 53 with
1479 1521 247 54 cerebral
1760 1521 184 70 palsy,
1977 1521 75 70 by
2086 1521 219 71 Gladys

308 1598 1995 71 Gage Rogers .·.. and Leah C. Thomas … with photographs by
307 1676 1996 70 Newell Green … New York, The Macmillan company, 1935.
377 1752 99 46 xix,
506 1750 84 41 167
617 1761 44 38 p.
717 1749 164 50 front.,
909 1749 143 50 illus.,
1079 1750 172 50 plates.
1305 1748 58 42 20½
1395 1751 44 23 cm
1443 1781 9 10 .

378 1820 224 42 Methods
633 1821 117 41 used
782 1822 51 39 at
867 1820 185 41 “Robin
1083 1819 182 43 Hood’s
1298 1819 164 49 barn”,
1497 1820 257 48 Ascutney,
1787 1821 92 47 Vt.,
1911 1831 28 31 a
1973 1831 138 40 camp
2142 1824 160 40 school

305 1877 79 42 for
411 1878 217 41 children
656 1877 120 41 with
802 1877 215 41 cerebral
1045 1877 152 50 palsy,
1254 1877 61 48 cf.
1344 1877 128 42 Pref.

379 1934 226 42 Includes
642 1934 110 42 lists
791 1934 52 42 of
880 1935 148 41 books
1066 1933 80 43 for
1186 1935 80 41 the
1305 1933 260 43 children's
1607 1935 202 49 reading
1847 1935 92 40 and
1982 1935 51 41 of
2072 1937 229 48 specially

304 1993 213 49 adapted
545 1994 124 46 toys.

377 2049 376 49 Bibliography:
783 2059 43 39 p.
856 2047 216 42 165-167.

307 2115 53 54 ©
386 2121 119 39 Nov.
534 2119 70 48 26,
634 2119 140 48 1935;
806 2119 66 41 2c.
903 2119 95 39 and
1029 2118 80 40 aff.
1140 2119 117 39 Nov.
1287 2117 82 42 27:
1402 2119 39 38 A
1472 2117 170 48 89637;
1676 2119 279 41 Macmillan
1986 2131 67 30 co.

387 2177 221 48 (36-394)

303 2281 171 64 Rose,
506 2282 240 52 Marcus
777 2281 90 65 A.,
903 2283 170 51 1888-

375 2357 227 70 Money,
635 2357 73 69 by
742 2357 162 52 Marc
936 2357 147 53 Rose
1118 2356 111 53 and
1261 2357 225 52 Roman
1517 2356 65 54 L.
1616 2357 226 66 Horne;
1880 2357 139 53 with
304 2357 1973 132 illustrations

494 2436 75 68 by
610 2435 152 53 Fred
805 2434 69 56 G.
918 2434 237 68 Cooper.
1234 2433 271 70 Chicago,
1546 2434 113 68 Ill.,
1698 2435 122 52 The
1860 2435 337 70 University
2238 2436 62 54 of

305 2513 253 69 Chicago
590 2531 156 50 press
782 2515 193 66 [c1935]

374 2587 28 41 3
431 2597 44 39 p.
540 2618 10 16 l.,
581 2584 69 49 50,
688 2586 55 50 [1]
778 2597 43 37 p.
880 2585 129 40 illus.
1069 2585 55 40 23
1127 2587 16 21 cm
1176 2615 8 8 .
1248 2583 273 50 [American
1551 2585 220 49 primers]
1889 2584 131 50 $0.25

375 2656 241 42 “Further
643 2656 257 49 reading”:
929 2667 44 38 p.
1019 2657 57 39 [51]

305 2725 1994 53 © Oct. 1, 1935; 2c. Oct. 4; aff. Oct. 7; A 87499; University of Chicago,
375 2785 223 48 Chicago.
676 2784 220 48 (36-385)

302 2888 161 64 Sass,
495 2889 257 53 Herbert
783 2888 275 55 Ravenel.

373 2966 363 53 Adventures
767 2965 59 52 in
857 2984 168 48 green
1058 2966 204 66 places,
1293 2966 74 65 by
1397 2966 250 53 Herbert
1677 2967 251 54 Ravenel
1963 2968 159 54 Sass;
2158 2968 134 52 with

303 3044 433 67 reproductions
794 3042 63 54 of
914 3047 293 50 seventeen
1267 3042 295 68 paintings
1618 3044 73 66 by
1750 3044 163 53 Alice
1969 3046 68 51 R.
2096 3046 200 67 Huger

307 3120 1602 69 Smith … New York, G. P. Putnam’s sons [ c 1935]
374 3194 103 41 xiii,
507 3192 85 41 287
622 3204 42 37 p.
724 3193 84 39 col.
838 3193 162 47 front.,
1031 3194 172 47 plates.
1262 3192 59 39 22
1321 3195 43 20 cm
1370 3224 7 8 .

374 3265 68 38 “A
474 3263 186 40 Minton
692 3264 153 39 Balch
874 3262 166 41 book.”

379 3321 1914 48 “The region where these adventures took place … is … the beautiful
304 3377 229 41 Carolina
562 3379 94 38 low
685 3376 441 49 country.”—Pref.

305 3442 52 53 ©
401 3447 126 48 Sept.
569 3447 70 47 26,
682 3447 141 45 1935;
867 3447 66 40 2c.
976 3448 111 39 Dec.
1130 3448 81 39 11:
1256 3447 81 40 aff.
1382 3448 111 39 Dec.
1537 3447 81 46 10;
1663 3449 40 38 A
1746 3447 169 47 89815;
1962 3448 59 39 H.
2066 3448 54 41 R.
2168 3449 127 45 Sass,

373 3504 303 47 Charleston,
710 3505 43 40 S.
784 3505 49 39 C.
895 3503 281 49 [Copyright
1206 3504 41 38 is
1278 3503 203 41 claimed
1513 3515 59 28 on
1602 3515 105 28 new
1738 3505 177 39 matter]

383 3560 280 47 (35-27380)

301 3663 357 65 Schieldrop,
692 3665 198 63 Edgar
921 3665 66 53 B.

433 3739 1856 67 … Teknikkens vidundere i fartens, tidsalder. 2. bd. Oslo,
302 3817 325 64 Gyldendal
660 3818 187 52 Norsk
878 3818 209 65 forlag,
1121 3822 149 48 1935.

372 3889 26 39 3
426 3900 43 36 p.
533 3920 8 15 l.,
572 3889 84 40 668
684 3900 43 36 p.
785 3889 141 46 illus.,
956 3890 171 47 plates,
1158 3889 168 47 tables,
1357 3889 177 47 diagrs.
1592 3888 58 40 29
1648 3891 45 21 cm
1699 3921 8 7 .

303 3953 1969 108 © Nov. 30, 1935; 1c. Dec. 23: A-Foreign 30002; Gyldendal Norsk forlag.
