2424 4375
1119 4064 98 48 939

254 535 1185 47 xiii, 288 p. incl. front., illus., diagrs. 23 ½ cm .
183 604 51 52 ©
265 608 115 45 July
406 607 39 46 3,
480 605 112 40 1935;
652 606 66 39 2c.
749 606 115 47 July
894 606 25 39 6;
978 605 79 40 aff.
1092 606 115 47 July
1238 605 26 40 9;
1322 606 40 38 A
1392 606 143 40 84567;
1596 604 351 41 McGraw-Hill
1977 606 75 39 bk.
2086 616 81 35 co.,

251 664 90 39 inc.
411 662 249 48 (35-9691)

180 766 192 62 Milne,
404 767 224 63 George
657 766 241 63 Parker,
931 768 169 54 1878-

250 844 118 51 The
391 845 127 51 lone
542 851 118 44 star
684 842 169 68 rider,
876 844 73 66 by
975 844 67 54 G.
1069 845 63 52 P.
1160 845 193 50 Milne.
1430 844 135 52 New
1594 845 177 62 York,
1798 845 62 50 K.
1889 847 55 49 J.
1972 847 191 51 Clode.

182 921 102 55 inc.
363 925 149 64 [c1935]

252 1006 360 49 248 p. 19 ½ cm .
182 1075 51 52 ©
258 1080 124 38 June
404 1078 70 46 25,
499 1076 139 48 1935;
665 1077 67 40 2c.
758 1079 96 38 and
877 1077 80 40 aff.
985 1077 114 48 July
1125 1077 52 39 16;
1234 1078 39 38 A
1300 1077 168 46 84653;
1496 1078 211 39 Edward
1734 1078 43 39 J.
1804 1078 159 46 Clode,
1991 1077 89 39 inc.

259 1134 249 49 (35-9702)

179 1238 333 65 Mitchison,
545 1240 138 52 Mrs.
717 1238 213 52 Naomi
960 1238 326 66 (Haldane)
1331 1242 169 51 1897-

247 1314 1858 69 We have been warned; a novel, by Naomi Mitchison …
179 1395 254 65 London,
465 1392 302 54 Constable
797 1394 46 51 &
871 1412 96 49 co.,
997 1392 103 53 ltd.
1137 1395 172 64 [1935]

249 1481 98 48 xiv,
380 1481 84 40 553
495 1491 43 38 p.
597 1479 60 41 20½
686 1481 45 22 cm
735 1512 8 8 .

181 1549 1988 52 © 1c. June 21, 1935; A ad int. 20319; pubd. Apr. 25; Naomi Mitchison,
250 1609 208 38 London.
530 1607 249 46 (35-9858)

177 1709 214 62 Moore,
421 1707 152 55 Cecil
598 1708 228 65 Albert,
856 1710 169 54 1879-
1237 1709 84 53 ed.

248 1784 243 68 English
521 1788 202 65 poetry
749 1784 64 53 of
838 1786 94 51 the
960 1784 326 68 eighteenth
1316 1788 251 65 century,
1595 1785 187 55 edited
1810 1786 74 67 by
1914 1786 152 53 Cecil
2096 1786 69 51 A.

178 1862 1690 68 Moore … New York, H. Holt and company [ c 1935]
247 1935 134 49 xviii,
408 1935 84 40 942
519 1947 45 38 p.
623 1935 55 41 24½
710 1938 45 22 cm
757 1967 9 9 .

250 2008 67 38 “A
356 2007 284 48 companion
679 2009 190 38 volume
905 2010 49 37 to
996 2006 202 49 English
1237 2018 143 37 prose
1418 2007 53 41 of
1511 2008 83 40 the
1633 2008 277 48 eighteenth
1951 2012 215 45 century,

180 2063 155 40 which
365 2065 240 47 appeared
633 2065 51 37 in
711 2063 347 41 1933.”—Pref.

248 2120 346 48 Bibliography:
647 2131 43 38 p.
716 2119 216 42 913-933.

181 2186 51 52 ©
254 2191 115 47 July
392 2192 39 44 1,
455 2190 112 40 1935;
620 2190 65 40 2c.
712 2192 94 38 and
831 2190 79 40 aff.
935 2191 115 47 July
1075 2191 26 39 9;
1153 2191 41 38 A
1219 2190 143 41 84571;
1415 2192 167 47 Henry
1608 2192 117 40 Holt
1749 2192 35 39 &
1808 2202 81 35 co.,
1917 2191 89 40 inc.

259 2247 249 47 (35-9721)

183 2352 241 64 [Mount,
453 2352 257 52 Thomas
739 2353 235 63 Ernest]
1011 2357 168 49 1895-

248 2429 201 52 Desert
480 2427 187 67 silver,
695 2429 76 67 by
803 2428 172 55 Stone
1007 2429 160 67 Cody
1220 2428 192 67 [pseud.]
1514 2430 135 51 New
1685 2431 176 63 York,
1894 2433 85 52 W.
180 2431 1959 126 Morrow
326 2507 111 52 and
468 2524 295 50 company,
798 2510 147 50 1935.

250 2590 615 51 3 p. l. , 3-284 p. 19½ cm .
181 2659 51 52 ©
261 2663 114 47 July
405 2663 68 45 17,
503 2662 139 45 1935;
672 2660 66 41 2c.
767 2663 96 38 and
891 2661 81 40 aff.
1002 2662 116 47 July
1149 2660 81 48 19;
1262 2663 40 37 A
1332 2662 169 47 85104;
1533 2662 215 41 William
1779 2664 209 39 Morrow
2018 2664 36 40 &
2085 2674 82 38 co.,

251 2719 87 39 inc.
411 2718 248 47 (35-9703)

178 2821 120 52 The
332 2837 257 38 nervous
620 2820 360 65 breakdown,
1017 2821 184 53 which
1239 2822 277 52 coincides
1552 2824 246 66 roughly
1834 2823 139 51 with
2011 2823 153 52 what

246 2897 94 54 the
387 2897 240 53 medical
674 2897 320 68 profession
1039 2898 194 53 knows
1281 2917 59 34 as
1386 2899 271 66 neurosis,
1704 2917 70 33 an
1825 2899 232 52 ailment
2106 2919 59 33 as

247 2976 351 66 widespread
637 2994 58 33 as
731 2976 95 51 the
863 2994 254 34 common
1155 2975 126 53 cold
1318 2978 112 51 and
1466 2976 96 52 the
1597 2976 238 53 chiefest
1872 2995 192 34 source
2101 2977 63 52 of

246 3054 207 66 misery
483 3054 58 51 in
572 3053 94 54 the
695 3053 234 53 modern
960 3053 196 51 world.
1233 3052 197 69 Cause,
1461 3059 330 62 symptoms,
1823 3056 110 51 and
1966 3074 199 32 cure—

247 3132 112 51 and
398 3131 154 51 what
591 3130 171 52 about
800 3130 497 68 psychoanalysis?
1377 3132 90 67 By
1503 3132 96 51 the
1639 3131 211 53 editors
1888 3132 63 51 of
247 3132 1892 128 “Fortune”.
506 3207 230 54 Garden
782 3207 150 69 City,
976 3209 68 52 N.
1091 3209 89 65 Y.,
1224 3209 354 67 Doubleda}^,
1621 3209 196 52 Doran
1862 3211 108 51 and
248 3228 1892 125 company,
453 3286 127 66 inc.,
617 3288 149 50 1935.

249 3358 89 41 viii
363 3370 59 37 p.,
450 3360 25 38 1
523 3389 24 17 l.,
575 3358 56 41 85
657 3370 43 37 p.
759 3358 59 41 19½
846 3361 44 22 cm
894 3392 9 8 .

252 3415 160 40 “First
443 3414 227 42 edition.”

180 3479 51 52 ©
255 3484 127 40 June
403 3484 68 47 21,
497 3485 112 39 1935;
663 3485 67 39 2c.
756 3486 95 38 and
875 3484 80 41 aff.
981 3486 128 38 June
1131 3485 56 40 27;
1241 3487 39 37 A
1307 3484 142 41 84449;
1504 3487 298 47 Doubleday,
1830 3489 165 38 Doran
2020 3488 37 40 &
2081 3498 81 38 co.,

248 3540 89 40 inc.
407 3542 248 47 (35-9347)

182 3641 209 64 Nevill,
422 3645 65 52 E.
517 3645 265 64 Mildred,
815 3651 168 48 1899-

251 3719 87 51 Ah
374 3721 105 52 Fu.
511 3741 31 32 a
576 3721 238 55 Chinese
846 3721 148 54 river
1024 3724 128 66 boy,
1182 3723 75 67 by
1290 3725 65 51 E.
1388 3721 251 55 Mildred
1673 3724 207 65 Nevill,
1913 3724 246 69 pictures

183 3796 1972 72 by Elsie Anna Wood … New York, Friendship press, c 1932.
251 3866 69 49 60,
350 3868 54 50 [1]
434 3880 43 36 p.
537 3869 86 40 col.
649 3868 127 41 illus.
837 3872 54 38 14
894 3873 42 21 cm
943 3903 8 8 .
1021 3871 124 46 (The
1173 3872 215 46 Nursery
1418 3871 175 48 series)

182 3935 51 52 ©
256 3939 127 40 June
403 3941 67 46 15,
493 3940 111 41 1932;
655 3941 67 40 2c.
744 3943 95 38 and
864 3943 80 39 aff.
967 3943 128 39 June
1115 3944 69 46 15,
1209 3942 112 40 1935;
1373 3944 40 38 A
1437 3943 141 41 83607;
1633 3945 52 40 G.
1709 3945 51 46 Q.
1785 3944 237 48 LeSourd,
2047 3946 117 38 New

247 3996 143 39 York.
463 3997 248 47 (35-9699)
