2424 4375
1236 4057 98 49 598

370 526 86 39 155
485 537 43 36 p.
587 525 116 40 20cm.

298 592 53 52 ©
377 596 121 39 Mar.
523 593 70 48 29,
620 594 140 47 1935;
789 595 66 40 2c.
882 595 112 47 Apr.
1023 594 53 47 1;
1105 594 83 40 aff.
1214 595 113 47 Apr.
1355 595 81 46 19;
1466 595 41 39 A
1533 594 169 48 82584;
1733 596 51 39 P.
1811 564 301 72 Blnkistonl
2138 609 86 28 son
2251 599 37 39 &

366 662 82 37 co.,
474 652 89 40 inc.
635 651 249 49 (35-6647)

296 767 354 67 Thompson,
683 769 164 53 Ruth
875 767 249 66 Plumly,
1161 774 171 49 1893-

364 845 123 51 The
535 843 247 70 wishing
829 845 162 52 horse
1039 843 63 53 of
1154 843 102 68 Oz,
1305 844 76 69 by
1430 844 157 53 Ruth
1640 843 232 70 Plumly
1925 845 355 68 Thompson;

295 921 254 54 founded
575 940 71 34 on
676 922 111 52 and
816 921 336 70 continuing
1182 922 90 52 the
1301 920 225 55 famous
1554 920 83 56 Oz
1666 922 199 53 stories
1891 923 74 69 by
1993 924 64 51 L.
2089 924 194 51 Frank

298 998 1990 73 Baum … illustrated by John R. Neill. Chicago, The Reilly &
294 1076 253 68 Lee co. [c1935]
367 1164 1455 50 6 p. l., 17-298 p. col. front., illus., col. plates. 23½cm.
297 1231 53 52 ©
377 1237 114 45 May
518 1236 39 45 3,
586 1234 112 41 1935;
756 1235 66 39 2c.
852 1235 112 46 May
993 1234 28 40 7;
1075 1232 81 41 aff.
1186 1234 113 47 May
1327 1233 28 40 6;
1410 1233 40 39 A
1480 1232 142 42 82975;
1681 1233 159 49 Reilly
1869 1235 37 40 &
1932 1235 96 40 Lee
2052 1246 66 29 co.

377 1291 250 49 (35-6723)

297 1408 324 66 Underhill,
649 1411 198 63 Harry
875 1409 160 64 Clay,
1065 1414 169 50 1858-

364 1486 56 52 A
459 1486 229 53 treatise
728 1504 71 34 on
842 1487 92 51 the
972 1486 108 52 law
1121 1484 64 53 of
1226 1484 264 54 criminal
1531 1484 282 68 evidence,
1852 1485 298 70 including
2190 1486 94 53 the

298 1565 147 52 rules
485 1562 326 70 regulating
847 1563 93 53 the
979 1580 210 51 proper
1228 1562 384 68 presentation
1654 1561 64 53 of
1757 1561 263 55 evidence
2060 1565 108 52 and
2215 1564 70 53 its

292 1641 314 68 relevancy,
630 1641 93 51 the
744 1641 165 51 mode
931 1639 64 53 of
1019 1639 172 68 proof
1212 1640 59 51 in
1294 1639 315 67 particular
1632 1640 200 52 classes
1858 1639 64 53 of
1945 1640 198 55 crimes
2170 1643 107 51 and

292 1719 94 52 the
415 1721 363 64 competency
809 1716 110 53 and
949 1716 384 53 examination
1364 1715 63 53 of
1457 1715 301 69 witnesses,
1790 1716 141 53 with
1963 1717 110 53 full

291 1718 1989 145 reference to decisions, by H. C. Underhill … 4th ed. rev. and edited
291 1871 74 70 by
401 1873 154 54 John
594 1872 183 53 Lewis
818 1871 260 68 Niblack,
1114 1871 235 53 assisted
1389 1872 75 67 by
1502 1872 96 52 the
1637 1871 337 69 publisher’s
2016 1873 261 53 editorial

293 1949 148 54 staff.
516 1949 417 69 Indianapolis,
971 1950 121 52 The
1129 1948 442 53 Bobbs-Merrill
1609 1967 279 52 company
1933 1953 171 66 [1935]

366 2037 170 49 xxviii,
566 2037 112 41 1691
705 2049 42 37 p.,
806 2037 116 41 26cm.

298 2107 53 52 ©
381 2111 113 47 May
522 2108 39 47 2,
592 2107 117 42 1935;
764 2107 68 41 2c.
863 2108 112 47 May
1005 2107 28 40 7;
1090 2105 82 42 aff.
1205 2108 113 46 May
1348 2106 28 40 6;
1434 2107 40 39 A
1504 2106 144 41 82977;
1707 2107 367 41 Bobbs-Merrill
2105 2120 66 28 co.

373 2164 249 51 (35-6716)

292 2282 270 66 Wallace,
591 2285 267 53 Susanne
885 2282 241 64 Bagley.

367 2359 249 53 Harvest
642 2358 111 54 and
779 2358 160 53 other
964 2375 206 50 poems,
1195 2357 72 67 by
1293 2355 253 55 Susanne
1574 2356 217 67 Bagley
1819 2355 248 53 Wallace;

295 2357 1962 133 illustrated
504 2436 73 67 by
603 2435 298 53 Elizabeth
926 2434 270 52 Holland.
1273 2433 136 52 New
1438 2432 176 68 York,
1639 2433 121 51 The
1784 2433 217 54 Paebar

296 2435 1958 147 publishing
423 2531 276 50 company
749 2514 173 65 [c1932]

368 2598 84 50 [29]
484 2609 43 36 p.
558 2598 107 40 incl.
698 2598 169 48 plates.
927 2596 54 41 23cm

293 2670 53 52 ©
374 2675 122 38 Mar.
523 2673 67 43 15,
618 2671 140 48 1932;
786 2671 67 41 2c.
880 2673 113 46 May
1018 2671 41 47 4,
1088 2669 139 48 1935;
1258 2670 81 40 aff.
1368 2672 112 46 May
1508 2671 54 46 3;
1592 2671 40 39 A
1660 2670 169 47 82887;
1860 2671 186 40 Paebar
2074 2671 107 48 pub.
2209 2682 68 30 co.

371 2728 250 49 (35-6706)

295 2832 195 64 Ward,
521 2832 243 53 Charles
793 2830 315 65 Henshaw,
1141 2832 171 53 1872-

365 2906 1766 69 Better sentences, by C. H. Ward. Chicago, Atlanta [etc.]
294 2984 175 68 Scott,
499 2988 307 51 Foresman
837 2985 109 52 and
975 3003 279 47 company
1288 2987 191 64 [c1935]

362 3070 89 39 xiil
480 3080 57 37 p.,
566 3068 22 38 1
640 3098 23 18 l.,
689 3067 86 40 304
800 3078 43 37 p.
902 3066 115 41 28cm.

366 3140 323 47 “Companion
726 3138 201 48 volume,
966 3138 167 39 Better
1169 3138 134 39 work
1340 3137 163 40 habits
1539 3139 49 38 in
1626 3138 328 48 composition,
1993 3139 60 47 by
2092 3140 178 40 Rachel

297 3195 293 49 Salisbury.”

296 3266 53 52 ©
377 3270 112 47 Apr.
522 3269 67 44 13,
622 3268 139 46 1935;
794 3269 65 38 2c.
893 3267 93 39 and
1019 3265 81 40 aff.
1132 3266 113 47 Apr.
1277 3266 53 38 17;
1392 3265 40 39 A
1463 3265 142 44 82536;
1670 3266 147 46 Scott,
1850 3265 263 41 Foresman
2144 3266 36 39 &
2211 3277 65 29 co.

373 3325 249 48 (35-6146)

295 3430 187 62 Ware,
515 3427 267 55 Caroline
813 3428 234 52 Farrar.

425 3499 1844 70 … Greenwich Village, 1920-1930; a comment on American
294 3581 347 54 civilization
678 3582 56 51 in
770 3580 95 52 the
900 3582 270 64 post-war
1202 3596 177 48 years.
1454 3578 232 66 Boston,
1722 3576 315 67 Houghton
2072 3576 198 53 Mifflin

294 3676 294 49 company,
620 3660 148 49 1935.

366 3739 1364 54 xii p., 2 l., [3]-496 p. maps (1 fold.) diagrs. 22½cm.
367 3814 270 46 “Prepared
669 3813 152 38 under
851 3813 80 38 the
963 3811 219 47 auspices
1213 3811 51 39 of
1296 3809 248 41 Columbia
1578 3808 268 45 university
1877 3807 187 41 council
2094 3807 78 39 for

294 3816 1960 92 research
495 3869 49 39 in
577 3869 81 39 the
687 3868 146 40 social
865 3867 208 40 sciences
1105 3867 49 39 in
1184 3865 346 41 collaboration
1561 3864 118 40 with
1714 3862 279 43 Greenwich
2024 3861 190 42 house.”

295 3934 53 52 ©
371 3938 111 48 Apr.
509 3938 69 43 23.
603 3937 140 47 1935;
770 3939 66 39 2c.
862 3938 95 39 and
982 3937 81 40 aff.
1089 3937 112 48 Apr.
1229 3935 54 40 29;
1338 3935 39 39 A
1404 3934 168 47 82819;
1602 3935 48 41 C.
1678 3935 51 39 F.
1757 3935 156 47 Ware,
1939 3933 330 46 Washington.

373 3994 248 48 (35-6370)
