<alto xmlns="http://www.loc.gov/standards/alto/ns-v3#" xmlns:xsi="http://www.w3.org/2001/XMLSchema-instance" xsi:schemaLocation="http://www.loc.gov/standards/alto/ns-v3# http://www.loc.gov/alto/v3/alto-3-0.xsd"><Description>
<MeasurementUnit>pixel</MeasurementUnit>
<sourceImageInformation>
<fileName>1935_v32_Part1.pdf</fileName>
</sourceImageInformation>
<OCRProcessing ID="IdOcr">
<ocrProcessingStep>
<processingDateTime>2019-01-15</processingDateTime>
<processingSoftware>
<softwareCreator>ABBYY</softwareCreator>
<softwareName>ABBYY Recognition Server</softwareName>
<softwareVersion>4.0</softwareVersion>
</processingSoftware>
</ocrProcessingStep>
</OCRProcessing>
</Description>
<Styles>
<ParagraphStyle ALIGN="Left" FIRSTLINE="0." ID="StyleId-FFFFFFFF-FFFF-FFFF-FFFF-FFFFFFFFFFFF-" LEFT="0." RIGHT="0." />
<ParagraphStyle ALIGN="Left" FIRSTLINE="0." ID="StyleId-09A13A44-4F77-4ABE-84F3-84CC8B3C72CE-" LEFT="0." LINESPACE="7.699999809" RIGHT="0." />
<ParagraphStyle ALIGN="Left" FIRSTLINE="-10." ID="StyleId-1F945060-F8CD-4435-B69A-5FF49DB0C586-" LEFT="0." LINESPACE="12.19999981" RIGHT="0." />
<ParagraphStyle ALIGN="Block" FIRSTLINE="-14." ID="StyleId-C6CAE747-F5A4-4D0D-8D74-D452DA7E2C1C-" LEFT="0." LINESPACE="8.350000381" RIGHT="0." />
<ParagraphStyle ALIGN="Left" FIRSTLINE="0." ID="StyleId-FC0F3374-189A-459E-BE29-2DC14180F022-" LEFT="0." RIGHT="0." />
<ParagraphStyle ALIGN="Left" FIRSTLINE="-12." ID="StyleId-49397C49-A894-4B3E-BA5E-1126226BA375-" LEFT="0." LINESPACE="11.09000015" RIGHT="0." />
<ParagraphStyle ALIGN="Block" FIRSTLINE="-14." ID="StyleId-9E34DD3A-E661-48BD-A3A1-6A3D48346F00-" LEFT="0." LINESPACE="11.09000015" RIGHT="0." />
<ParagraphStyle ALIGN="Left" FIRSTLINE="0." ID="StyleId-56CE54AA-A08B-4BAA-8605-F26020A0E36E-" LEFT="0." LINESPACE="9.399999619" RIGHT="0." />
<ParagraphStyle ALIGN="Left" FIRSTLINE="-11." ID="StyleId-77814FFC-C42F-4AA9-9880-EF33B947DEC8-" LEFT="0." LINESPACE="11.06999969" RIGHT="0." />
<ParagraphStyle ALIGN="Center" FIRSTLINE="0." ID="StyleId-FDE92EC0-67DC-4C7B-8A24-094B12C38B6C-" LEFT="0." LINESPACE="11.30000019" RIGHT="0." />
<ParagraphStyle ALIGN="Left" FIRSTLINE="0." ID="StyleId-65180E3B-4C93-4FB8-81EE-E026DD63DBF3-" LEFT="0." LINESPACE="11.10000038" RIGHT="0." />
<ParagraphStyle ALIGN="Left" FIRSTLINE="0." ID="StyleId-10E885C2-5813-4620-B0AA-0FBA30CF7A32-" LEFT="0." LINESPACE="9.5" RIGHT="0." />
<ParagraphStyle ALIGN="Left" FIRSTLINE="0." ID="StyleId-913C2DB5-9F02-4067-BAF7-0AED37B60BBE-" LEFT="0." LINESPACE="6.099999905" RIGHT="0." />
<ParagraphStyle ALIGN="Left" FIRSTLINE="0." ID="StyleId-9C79A9D2-8F08-4A8F-985D-B00E253ED1E5-" LEFT="0." LINESPACE="4.400000095" RIGHT="0." />
<ParagraphStyle ALIGN="Left" FIRSTLINE="0." ID="StyleId-A41F0407-FEFE-4738-9EC5-E05AFFF62781-" LEFT="0." LINESPACE="7.300000191" RIGHT="0." />
<ParagraphStyle ALIGN="Left" FIRSTLINE="0." ID="StyleId-61D37176-94E8-408D-9B87-01C406CE8AB2-" LEFT="0." LINESPACE="8.050000191" RIGHT="0." />
</Styles>
<Layout>
<Page HEIGHT="4375" ID="Page937" PHYSICAL_IMG_NR="937" WIDTH="2424">
<TopMargin HEIGHT="426" HPOS="0" VPOS="0" WIDTH="2424">
</TopMargin>
<LeftMargin HEIGHT="3602" HPOS="0" VPOS="426" WIDTH="169">
</LeftMargin>
<RightMargin HEIGHT="3602" HPOS="2192" VPOS="426" WIDTH="232">
</RightMargin>
<BottomMargin HEIGHT="347" HPOS="0" VPOS="4028" WIDTH="2424">
<TextBlock HEIGHT="105" HPOS="1085" ID="Page937_Block1" LANG="en-US" STYLEREFS="StyleId-9C142843-A865-4AF8-97AD-6B442758C468-" VPOS="4043" WIDTH="304">
<TextLine HEIGHT="53" HPOS="1133" VPOS="4050" WIDTH="100">
<String CONTENT="937" HEIGHT="53" HPOS="1133" VPOS="4050" WIDTH="100" />
</TextLine>
</TextBlock>
<GraphicalElement HEIGHT="347" HPOS="0" ID="Page937_Block2" VPOS="4028" WIDTH="18" />
<GraphicalElement HEIGHT="302" HPOS="23" ID="Page937_Block3" VPOS="4042" WIDTH="12" />
</BottomMargin>
<PrintSpace HEIGHT="3602" HPOS="169" VPOS="426" WIDTH="2023">
<TextBlock CS="1" HEIGHT="3602" HPOS="169" ID="Page937_Block4" STYLEREFS="StyleId-759303DC-04C0-447F-A28B-AB49461C3E9F-" VPOS="426" WIDTH="2023">
<Shape>
<Polygon POINTS="176,426 337,426 337,427 922,427 922,428 1507,428 1507,429 2092,429 2092,430 2192,430 2192,434 2191,434 2191,1019 2190,1019 2190,1605 2189,1605 2189,2190 2188,2190 2188,2775 2187,2775 2187,3360 2186,3360 2186,3945 2185,3945 2185,4028 2087,4028 2087,4027 1502,4027 1502,4026 917,4026 917,4025 332,4025 332,4024 169,4024 169,3941 170,3941 170,3356 171,3356 171,2770 172,2770 172,2185 173,2185 173,1600 174,1600 174,1015 175,1015 175,430 176,430 176,426" />
</Shape>
<TextLine HEIGHT="64" HPOS="190" STYLEREFS="StyleId-1E2B307C-85DF-4038-A53A-76B82483E43D-" VPOS="436" WIDTH="691">
<String CONTENT="Kappert," HEIGHT="64" HPOS="190" LANG="de" VPOS="436" WIDTH="280" />
<SP HEIGHT="63" HPOS="471" VPOS="437" WIDTH="26" />
<String CONTENT="Hans," HEIGHT="63" HPOS="498" LANG="de" VPOS="437" WIDTH="183" />
<SP HEIGHT="58" HPOS="682" VPOS="442" WIDTH="29" />
<String CONTENT="1890-" HEIGHT="49" HPOS="712" LANG="en-US" VPOS="441" WIDTH="169" />
</TextLine>
<TextLine CS="1" HEIGHT="151" HPOS="191" LANG="de" STYLEREFS="StyleId-77DC4389-AC59-4033-AFE9-4FC8A2F5E4D4-" VPOS="511" WIDTH="1955">
<String CONTENT="Grundriss" HEIGHT="54" HPOS="251" LANG="en-US" VPOS="512" WIDTH="313" />
<SP HEIGHT="50" HPOS="565" VPOS="514" WIDTH="28" />
<String CONTENT="der" HEIGHT="50" HPOS="594" VPOS="514" WIDTH="99" />
<SP HEIGHT="47" HPOS="694" VPOS="532" WIDTH="26" />
<String CONTENT="g&#228;rtnerischen" HEIGHT="67" HPOS="721" VPOS="513" WIDTH="423" />
<SP HEIGHT="48" HPOS="1145" VPOS="533" WIDTH="26" />
<String CONTENT="pflanzenz&#252;chtung," HEIGHT="69" HPOS="1172" VPOS="513" WIDTH="569" />
<SP HEIGHT="45" HPOS="1742" VPOS="535" WIDTH="25" />
<String CONTENT="von" HEIGHT="32" HPOS="1768" VPOS="535" WIDTH="111" />
<SP HEIGHT="49" HPOS="1880" VPOS="518" WIDTH="26" />
<String CONTENT="H." HEIGHT="50" HPOS="1907" VPOS="518" WIDTH="76" />
<SP HEIGHT="51" HPOS="1984" VPOS="517" WIDTH="28" />
<String CONTENT="Kappert" HEIGHT="148" HPOS="191" VPOS="514" WIDTH="1955" />
<SP HEIGHT="47" HPOS="319" VPOS="596" WIDTH="30" />
<String CONTENT="&#8230;" CS="1" />
<SP HEIGHT="50" HPOS="405" VPOS="592" WIDTH="63" />
<String CONTENT="Mit" HEIGHT="53" HPOS="469" VPOS="590" WIDTH="113" />
<SP HEIGHT="50" HPOS="583" VPOS="593" WIDTH="24" />
<String CONTENT="29" HEIGHT="48" HPOS="608" VPOS="593" WIDTH="66" />
<SP HEIGHT="51" HPOS="675" VPOS="593" WIDTH="24" />
<String CONTENT="textabbildungen." HEIGHT="68" HPOS="700" VPOS="590" WIDTH="524" />
<SP HEIGHT="50" HPOS="1225" VPOS="594" WIDTH="64" />
<String CONTENT="Berlin," HEIGHT="67" HPOS="1290" VPOS="592" WIDTH="216" />
<SP HEIGHT="66" HPOS="1507" VPOS="594" WIDTH="25" />
<String CONTENT="P." HEIGHT="51" HPOS="1533" VPOS="595" WIDTH="65" />
<SP HEIGHT="49" HPOS="1599" VPOS="596" WIDTH="24" />
<String CONTENT="Parey," HEIGHT="64" HPOS="1624" VPOS="596" WIDTH="203" />
<SP HEIGHT="60" HPOS="1828" VPOS="598" WIDTH="30" />
<String CONTENT="1934." HEIGHT="50" HPOS="1859" VPOS="597" WIDTH="146" />
</TextLine>
<TextLine CS="1" HEIGHT="51" HPOS="253" VPOS="661" WIDTH="1155">
<String CONTENT="2" HEIGHT="38" HPOS="253" LANG="de" VPOS="664" WIDTH="27" />
<SP />
<String CONTENT="p." CS="1" LANG="de" />
<SP />
<String CONTENT="l.," CS="1" HEIGHT="16" HPOS="410" LANG="de" VPOS="694" WIDTH="8" />
<SP HEIGHT="46" HPOS="419" VPOS="664" WIDTH="26" />
<String CONTENT="148" HEIGHT="39" HPOS="446" LANG="de" VPOS="664" WIDTH="84" />
<SP HEIGHT="47" HPOS="531" VPOS="664" WIDTH="25" />
<String CONTENT="p." HEIGHT="37" HPOS="557" LANG="de" VPOS="674" WIDTH="41" />
<SP HEIGHT="40" HPOS="599" VPOS="663" WIDTH="58" />
<String CONTENT="illus.," HEIGHT="47" HPOS="658" LANG="de" VPOS="663" WIDTH="141" />
<SP HEIGHT="44" HPOS="800" VPOS="666" WIDTH="28" />
<String CONTENT="tables," HEIGHT="47" HPOS="829" LANG="en-US" VPOS="664" WIDTH="167" />
<SP HEIGHT="46" HPOS="997" VPOS="665" WIDTH="28" />
<String CONTENT="diagrs." HEIGHT="47" HPOS="1026" LANG="de" VPOS="664" WIDTH="176" />
<SP HEIGHT="40" HPOS="1203" VPOS="663" WIDTH="59" />
<String CONTENT="23" HEIGHT="41" HPOS="1263" LANG="de" VPOS="663" WIDTH="55" />
<String CONTENT="&#189;" CS="1" LANG="en-US" />
<String CONTENT="cm" HEIGHT="20" HPOS="1351" LANG="de" STYLE="superscript" VPOS="667" WIDTH="43" />
<String CONTENT="." HEIGHT="8" HPOS="1400" LANG="de" VPOS="696" WIDTH="8" />
</TextLine>
<TextLine CS="1" HEIGHT="56" HPOS="186" LANG="de" VPOS="730" WIDTH="1819">
<String CONTENT="&#169;" HEIGHT="52" HPOS="186" VPOS="731" WIDTH="51" />
<SP HEIGHT="52" HPOS="238" VPOS="731" WIDTH="23" />
<String CONTENT="July" HEIGHT="49" HPOS="262" LANG="en-US" VPOS="733" WIDTH="115" />
<SP HEIGHT="49" HPOS="378" VPOS="733" WIDTH="19" />
<String CONTENT="20," HEIGHT="47" HPOS="398" VPOS="733" WIDTH="70" />
<SP HEIGHT="46" HPOS="469" VPOS="734" WIDTH="24" />
<String CONTENT="1934;" HEIGHT="46" HPOS="494" VPOS="733" WIDTH="140" />
<SP />
<String CONTENT="1c." CS="1" />
<SP HEIGHT="39" HPOS="728" VPOS="734" WIDTH="25" />
<String CONTENT="Feb." HEIGHT="39" HPOS="754" VPOS="734" WIDTH="110" />
<SP HEIGHT="40" HPOS="865" VPOS="733" WIDTH="20" />
<String CONTENT="19," HEIGHT="49" HPOS="886" VPOS="733" WIDTH="70" />
<SP HEIGHT="48" HPOS="957" VPOS="734" WIDTH="26" />
<String CONTENT="1935;" HEIGHT="48" HPOS="984" VPOS="732" WIDTH="139" />
<SP HEIGHT="45" HPOS="1124" VPOS="735" WIDTH="26" />
<String CONTENT="A" HEIGHT="37" HPOS="1151" LANG="en-US" VPOS="735" WIDTH="41" />
<String CONTENT="-Foreign" HEIGHT="48" HPOS="1193" VPOS="734" WIDTH="268" />
<SP HEIGHT="39" HPOS="1462" VPOS="734" WIDTH="25" />
<String CONTENT="26984;" HEIGHT="47" HPOS="1488" VPOS="734" WIDTH="170" />
<SP HEIGHT="45" HPOS="1659" VPOS="736" WIDTH="28" />
<String CONTENT="Paul" HEIGHT="39" HPOS="1688" VPOS="736" WIDTH="121" />
<SP HEIGHT="37" HPOS="1810" VPOS="737" WIDTH="24" />
<String CONTENT="Parey." HEIGHT="46" HPOS="1835" VPOS="737" WIDTH="170" />
</TextLine>
<TextLine CS="1" HEIGHT="50" HPOS="265" LANG="de" VPOS="789" WIDTH="331">
<String CONTENT="(AC" HEIGHT="49" HPOS="265" VPOS="790" WIDTH="118" />
<SP HEIGHT="41" HPOS="384" VPOS="791" WIDTH="13" />
<String CONTENT="35-329)" HEIGHT="46" HPOS="398" VPOS="790" WIDTH="198" />
<SP />
</TextLine>
<TextLine HEIGHT="65" HPOS="191" LANG="de" STYLEREFS="StyleId-1E2B307C-85DF-4038-A53A-76B82483E43D-" VPOS="893" WIDTH="672">
<String CONTENT="Kolb," HEIGHT="65" HPOS="191" VPOS="893" WIDTH="164" />
<SP HEIGHT="62" HPOS="356" VPOS="896" WIDTH="26" />
<String CONTENT="Annette," HEIGHT="62" HPOS="383" VPOS="896" WIDTH="278" />
<SP HEIGHT="58" HPOS="662" VPOS="900" WIDTH="29" />
<String CONTENT="1875-" HEIGHT="53" HPOS="692" VPOS="895" WIDTH="171" />
</TextLine>
<TextLine CS="1" HEIGHT="71" HPOS="319" LANG="de" STYLEREFS="StyleId-77DC4389-AC59-4033-AFE9-4FC8A2F5E4D4-" VPOS="970" WIDTH="1560">
<String CONTENT="&#8230;" CS="1" />
<SP HEIGHT="53" HPOS="319" VPOS="972" WIDTH="34" />
<String CONTENT="Die" HEIGHT="53" HPOS="353" VPOS="972" WIDTH="109" />
<SP HEIGHT="32" HPOS="462" VPOS="991" WIDTH="28" />
<String CONTENT="schaukel," HEIGHT="65" HPOS="490" VPOS="971" WIDTH="283" />
<SP HEIGHT="45" HPOS="773" VPOS="991" WIDTH="30" />
<String CONTENT="roman." HEIGHT="35" HPOS="803" LANG="en-US" VPOS="989" WIDTH="212" />
<SP HEIGHT="50" HPOS="1015" VPOS="974" WIDTH="67" />
<String CONTENT="Berlin," HEIGHT="64" HPOS="1082" VPOS="974" WIDTH="218" />
<SP HEIGHT="65" HPOS="1300" VPOS="973" WIDTH="29" />
<String CONTENT="S." HEIGHT="55" HPOS="1329" VPOS="973" WIDTH="57" />
<SP HEIGHT="51" HPOS="1386" VPOS="974" WIDTH="32" />
<String CONTENT="Fischer" HEIGHT="54" HPOS="1418" VPOS="973" WIDTH="234" />
<SP HEIGHT="59" HPOS="1652" VPOS="982" WIDTH="34" />
<String CONTENT="[1934]" CS="1" HEIGHT="63" HPOS="1727" VPOS="978" WIDTH="152" />
</TextLine>
<TextLine CS="1" HEIGHT="53" HPOS="252" LANG="de" VPOS="1041" WIDTH="676">
<String CONTENT="3" HEIGHT="40" HPOS="252" VPOS="1045" WIDTH="29" />
<SP />
<String CONTENT="p." CS="1" />
<SP />
<String CONTENT="l.," CS="1" HEIGHT="13" HPOS="410" VPOS="1076" WIDTH="7" />
<SP HEIGHT="46" HPOS="418" VPOS="1043" WIDTH="25" />
<String CONTENT="9-213," HEIGHT="44" HPOS="444" VPOS="1043" WIDTH="157" />
<SP HEIGHT="29" HPOS="602" VPOS="1064" WIDTH="26" />
<String CONTENT="[2]" CS="1" HEIGHT="49" HPOS="643" VPOS="1044" WIDTH="41" />
<SP HEIGHT="38" HPOS="685" VPOS="1055" WIDTH="27" />
<String CONTENT="p." HEIGHT="37" HPOS="713" VPOS="1055" WIDTH="40" />
<SP HEIGHT="38" HPOS="754" VPOS="1045" WIDTH="60" />
<String CONTENT="19" HEIGHT="41" HPOS="815" VPOS="1042" WIDTH="55" />
<String CONTENT="cm" HEIGHT="21" HPOS="871" STYLE="superscript" VPOS="1046" WIDTH="44" />
<String CONTENT="." HEIGHT="9" HPOS="919" VPOS="1075" WIDTH="9" />
</TextLine>
<TextLine HEIGHT="52" HPOS="256" LANG="de" VPOS="1097" WIDTH="840">
<String CONTENT="&#8220;Erste" HEIGHT="40" HPOS="256" VPOS="1102" WIDTH="170" />
<SP HEIGHT="38" HPOS="427" VPOS="1102" WIDTH="19" />
<String CONTENT="bis" HEIGHT="40" HPOS="447" VPOS="1100" WIDTH="74" />
<SP HEIGHT="38" HPOS="522" VPOS="1102" WIDTH="25" />
<String CONTENT="dritte" HEIGHT="41" HPOS="548" VPOS="1100" WIDTH="152" />
<SP HEIGHT="30" HPOS="701" VPOS="1110" WIDTH="23" />
<String CONTENT="auflage" HEIGHT="47" HPOS="725" VPOS="1101" WIDTH="190" />
<SP HEIGHT="42" HPOS="916" VPOS="1100" WIDTH="23" />
<String CONTENT="1934.&#8221;" HEIGHT="42" HPOS="940" VPOS="1099" WIDTH="156" />
</TextLine>
<TextLine CS="1" HEIGHT="112" HPOS="185" LANG="de" VPOS="1168" WIDTH="1976">
<String CONTENT="&#169;" HEIGHT="52" HPOS="185" VPOS="1168" WIDTH="51" />
<SP HEIGHT="52" HPOS="237" VPOS="1168" WIDTH="27" />
<String CONTENT="Aug." HEIGHT="48" HPOS="265" LANG="en-US" VPOS="1172" WIDTH="119" />
<SP HEIGHT="39" HPOS="385" VPOS="1172" WIDTH="30" />
<String CONTENT="30," HEIGHT="48" HPOS="416" VPOS="1171" WIDTH="68" />
<SP HEIGHT="47" HPOS="485" VPOS="1172" WIDTH="31" />
<String CONTENT="1934;" HEIGHT="46" HPOS="517" VPOS="1171" WIDTH="139" />
<SP />
<String CONTENT="1c." CS="1" />
<SP HEIGHT="38" HPOS="758" VPOS="1172" WIDTH="29" />
<String CONTENT="Mar." HEIGHT="38" HPOS="788" VPOS="1172" WIDTH="119" />
<SP HEIGHT="40" HPOS="908" VPOS="1171" WIDTH="30" />
<String CONTENT="11," HEIGHT="46" HPOS="939" VPOS="1172" WIDTH="68" />
<SP HEIGHT="45" HPOS="1008" VPOS="1173" WIDTH="32" />
<String CONTENT="1935;" CS="1" HEIGHT="40" HPOS="1041" VPOS="1171" WIDTH="111" />
<SP HEIGHT="46" HPOS="1181" VPOS="1172" WIDTH="35" />
<String CONTENT="A" HEIGHT="38" HPOS="1217" LANG="en-US" VPOS="1172" WIDTH="40" />
<String CONTENT="-Foreign" HEIGHT="50" HPOS="1259" VPOS="1171" WIDTH="268" />
<SP HEIGHT="39" HPOS="1528" VPOS="1173" WIDTH="27" />
<String CONTENT="27290;" HEIGHT="49" HPOS="1556" VPOS="1172" WIDTH="171" />
<SP HEIGHT="47" HPOS="1728" VPOS="1174" WIDTH="37" />
<String CONTENT="S." HEIGHT="40" HPOS="1766" VPOS="1174" WIDTH="42" />
<SP HEIGHT="39" HPOS="1809" VPOS="1174" WIDTH="33" />
<String CONTENT="Fischer" HEIGHT="42" HPOS="1843" VPOS="1172" WIDTH="198" />
<SP HEIGHT="28" HPOS="2042" VPOS="1185" WIDTH="31" />
<String CONTENT="Verlag," HEIGHT="99" HPOS="252" VPOS="1181" WIDTH="1909" />
<SP HEIGHT="37" HPOS="348" VPOS="1239" WIDTH="35" />
<String CONTENT="a.-g." HEIGHT="36" HPOS="384" VPOS="1239" WIDTH="104" />
<SP HEIGHT="46" HPOS="489" VPOS="1229" WIDTH="69" />
<String CONTENT="(AC" CS="1" HEIGHT="48" HPOS="559" VPOS="1227" WIDTH="63" />
<SP HEIGHT="41" HPOS="680" VPOS="1227" WIDTH="12" />
<String CONTENT="35-2)" HEIGHT="48" HPOS="693" VPOS="1227" WIDTH="140" />
</TextLine>
<TextLine HEIGHT="65" HPOS="190" VPOS="1329" WIDTH="1007">
<String CONTENT="Ladue," HEIGHT="62" HPOS="190" LANG="en-US" VPOS="1330" WIDTH="214" />
<SP HEIGHT="60" HPOS="405" VPOS="1332" WIDTH="27" />
<String CONTENT="William" HEIGHT="54" HPOS="433" LANG="de" VPOS="1330" WIDTH="253" />
<SP HEIGHT="50" HPOS="687" VPOS="1332" WIDTH="29" />
<String CONTENT="Herman," HEIGHT="62" HPOS="717" LANG="en-US" VPOS="1332" WIDTH="279" />
<SP HEIGHT="57" HPOS="997" VPOS="1337" WIDTH="28" />
<String CONTENT="1884-" HEIGHT="48" HPOS="1026" LANG="de" VPOS="1337" WIDTH="171" />
</TextLine>
<TextLine HEIGHT="73" HPOS="254" LANG="en-US" VPOS="1406" WIDTH="1917">
<String CONTENT="A" HEIGHT="51" HPOS="254" LANG="de" VPOS="1409" WIDTH="56" />
<SP HEIGHT="52" HPOS="311" VPOS="1409" WIDTH="25" />
<String CONTENT="square" HEIGHT="51" HPOS="337" VPOS="1425" WIDTH="200" />
<SP HEIGHT="52" HPOS="538" VPOS="1408" WIDTH="25" />
<String CONTENT="deal" HEIGHT="52" HPOS="564" VPOS="1408" WIDTH="126" />
<SP HEIGHT="51" HPOS="691" VPOS="1407" WIDTH="29" />
<String CONTENT="for" HEIGHT="52" HPOS="721" VPOS="1407" WIDTH="93" />
<SP HEIGHT="46" HPOS="815" VPOS="1414" WIDTH="24" />
<String CONTENT="the" HEIGHT="54" HPOS="840" VPOS="1407" WIDTH="95" />
<SP HEIGHT="34" HPOS="936" VPOS="1426" WIDTH="25" />
<String CONTENT="narcotic" HEIGHT="52" HPOS="962" VPOS="1410" WIDTH="251" />
<SP HEIGHT="34" HPOS="1214" VPOS="1428" WIDTH="28" />
<String CONTENT="addict," HEIGHT="65" HPOS="1243" VPOS="1410" WIDTH="210" />
<SP HEIGHT="64" HPOS="1454" VPOS="1411" WIDTH="26" />
<String CONTENT="by" HEIGHT="66" HPOS="1481" VPOS="1411" WIDTH="75" />
<SP HEIGHT="64" HPOS="1557" VPOS="1413" WIDTH="26" />
<String CONTENT="William" HEIGHT="54" HPOS="1584" VPOS="1411" WIDTH="259" />
<SP HEIGHT="51" HPOS="1844" VPOS="1414" WIDTH="26" />
<String CONTENT="H." HEIGHT="51" HPOS="1871" VPOS="1414" WIDTH="75" />
<SP HEIGHT="51" HPOS="1947" VPOS="1414" WIDTH="30" />
<String CONTENT="Ladue" HEIGHT="53" HPOS="1978" VPOS="1413" WIDTH="193" />
</TextLine>
<TextLine CS="1" HEIGHT="69" HPOS="251" LANG="en-US" VPOS="1485" WIDTH="1249">
<String CONTENT="&#8230;" CS="1" />
<SP HEIGHT="50" HPOS="251" VPOS="1487" WIDTH="64" />
<String CONTENT="Plattsburgh," HEIGHT="68" HPOS="316" VPOS="1485" WIDTH="394" />
<SP HEIGHT="65" HPOS="711" VPOS="1488" WIDTH="25" />
<String CONTENT="N." HEIGHT="51" HPOS="737" VPOS="1488" WIDTH="68" />
<SP HEIGHT="52" HPOS="806" VPOS="1487" WIDTH="29" />
<String CONTENT="Y.," HEIGHT="65" HPOS="836" VPOS="1487" WIDTH="89" />
<SP HEIGHT="63" HPOS="926" VPOS="1489" WIDTH="25" />
<String CONTENT="The" HEIGHT="52" HPOS="952" VPOS="1487" WIDTH="120" />
<SP HEIGHT="34" HPOS="1073" VPOS="1504" WIDTH="24" />
<String CONTENT="author," HEIGHT="66" HPOS="1098" VPOS="1487" WIDTH="223" />
<SP HEIGHT="59" HPOS="1322" VPOS="1494" WIDTH="27" />
<String CONTENT="1935." HEIGHT="51" HPOS="1350" VPOS="1490" WIDTH="150" />
</TextLine>
<TextLine CS="1" HEIGHT="48" HPOS="252" LANG="en-US" VPOS="1558" WIDTH="418">
<String CONTENT="ix," HEIGHT="43" HPOS="252" VPOS="1559" WIDTH="65" />
<SP />
<String CONTENT="131" HEIGHT="39" HPOS="343" VPOS="1560" WIDTH="83" />
<SP HEIGHT="46" HPOS="426" VPOS="1560" WIDTH="26" />
<String CONTENT="p." HEIGHT="36" HPOS="452" VPOS="1570" WIDTH="42" />
<SP HEIGHT="38" HPOS="495" VPOS="1559" WIDTH="58" />
<String CONTENT="21" HEIGHT="38" HPOS="554" VPOS="1559" WIDTH="55" />
<String CONTENT="cm" HEIGHT="20" HPOS="612" STYLE="superscript" VPOS="1561" WIDTH="45" />
<String CONTENT="." HEIGHT="7" HPOS="661" VPOS="1591" WIDTH="9" />
</TextLine>
<TextLine HEIGHT="51" HPOS="255" LANG="en-US" VPOS="1613" WIDTH="1450">
<String CONTENT="&#8220;References&#8221;" HEIGHT="41" HPOS="255" VPOS="1614" WIDTH="346" />
<SP HEIGHT="38" HPOS="602" VPOS="1615" WIDTH="26" />
<String CONTENT="at" HEIGHT="36" HPOS="629" VPOS="1618" WIDTH="52" />
<SP HEIGHT="36" HPOS="682" VPOS="1618" WIDTH="25" />
<String CONTENT="end" HEIGHT="37" HPOS="708" VPOS="1616" WIDTH="92" />
<SP HEIGHT="38" HPOS="801" VPOS="1616" WIDTH="24" />
<String CONTENT="of" HEIGHT="40" HPOS="826" VPOS="1614" WIDTH="51" />
<SP HEIGHT="40" HPOS="878" VPOS="1614" WIDTH="24" />
<String CONTENT="each" HEIGHT="40" HPOS="903" VPOS="1615" WIDTH="120" />
<SP HEIGHT="38" HPOS="1024" VPOS="1616" WIDTH="26" />
<String CONTENT="chapter" HEIGHT="46" HPOS="1051" VPOS="1616" WIDTH="203" />
<SP HEIGHT="27" HPOS="1255" VPOS="1627" WIDTH="23" />
<String CONTENT="except" HEIGHT="45" HPOS="1279" VPOS="1618" WIDTH="169" />
<SP HEIGHT="38" HPOS="1449" VPOS="1618" WIDTH="25" />
<String CONTENT="the" HEIGHT="40" HPOS="1475" VPOS="1617" WIDTH="83" />
<SP HEIGHT="39" HPOS="1559" VPOS="1617" WIDTH="25" />
<String CONTENT="first." HEIGHT="39" HPOS="1585" VPOS="1617" WIDTH="120" />
</TextLine>
<TextLine CS="1" HEIGHT="112" HPOS="187" LANG="en-US" VPOS="1681" WIDTH="1970">
<String CONTENT="&#169;" HEIGHT="52" HPOS="187" VPOS="1681" WIDTH="51" />
<SP HEIGHT="52" HPOS="239" VPOS="1681" WIDTH="21" />
<String CONTENT="June" HEIGHT="42" HPOS="261" VPOS="1684" WIDTH="127" />
<SP HEIGHT="41" HPOS="389" VPOS="1685" WIDTH="19" />
<String CONTENT="6," HEIGHT="48" HPOS="409" VPOS="1685" WIDTH="39" />
<SP HEIGHT="46" HPOS="449" VPOS="1687" WIDTH="23" />
<String CONTENT="1935;" HEIGHT="48" HPOS="473" VPOS="1683" WIDTH="139" />
<SP HEIGHT="47" HPOS="613" VPOS="1684" WIDTH="24" />
<String CONTENT="2c." HEIGHT="40" HPOS="638" VPOS="1684" WIDTH="66" />
<SP HEIGHT="39" HPOS="705" VPOS="1684" WIDTH="25" />
<String CONTENT="June" HEIGHT="39" HPOS="731" VPOS="1684" WIDTH="129" />
<SP HEIGHT="39" HPOS="861" VPOS="1684" WIDTH="18" />
<String CONTENT="15;" HEIGHT="47" HPOS="880" VPOS="1683" WIDTH="81" />
<SP HEIGHT="35" HPOS="962" VPOS="1695" WIDTH="23" />
<String CONTENT="aff." CS="1" HEIGHT="41" HPOS="986" VPOS="1684" WIDTH="82" />
<SP HEIGHT="40" HPOS="1069" VPOS="1685" WIDTH="24" />
<String CONTENT="June" HEIGHT="39" HPOS="1094" VPOS="1685" WIDTH="126" />
<SP HEIGHT="38" HPOS="1221" VPOS="1685" WIDTH="22" />
<String CONTENT="13;" HEIGHT="47" HPOS="1244" VPOS="1684" WIDTH="81" />
<SP HEIGHT="46" HPOS="1326" VPOS="1685" WIDTH="23" />
<String CONTENT="A" HEIGHT="39" HPOS="1350" VPOS="1685" WIDTH="40" />
<SP HEIGHT="40" HPOS="1391" VPOS="1685" WIDTH="22" />
<String CONTENT="84284;" HEIGHT="47" HPOS="1414" VPOS="1685" WIDTH="170" />
<SP HEIGHT="45" HPOS="1585" VPOS="1687" WIDTH="26" />
<String CONTENT="W." HEIGHT="39" HPOS="1612" VPOS="1687" WIDTH="70" />
<SP HEIGHT="38" HPOS="1683" VPOS="1688" WIDTH="24" />
<String CONTENT="H." HEIGHT="38" HPOS="1708" VPOS="1688" WIDTH="60" />
<SP HEIGHT="38" HPOS="1769" VPOS="1688" WIDTH="24" />
<String CONTENT="Ladue," HEIGHT="47" HPOS="1794" VPOS="1688" WIDTH="178" />
<SP HEIGHT="47" HPOS="1973" VPOS="1688" WIDTH="24" />
<String CONTENT="Plattsburgh," HEIGHT="108" HPOS="254" VPOS="1685" WIDTH="1903" />
<SP HEIGHT="46" HPOS="423" VPOS="1742" WIDTH="31" />
<String CONTENT="N." HEIGHT="39" HPOS="455" VPOS="1742" WIDTH="56" />
<SP HEIGHT="39" HPOS="512" VPOS="1742" WIDTH="31" />
<String CONTENT="Y." HEIGHT="38" HPOS="544" VPOS="1742" WIDTH="51" />
<SP HEIGHT="48" HPOS="596" VPOS="1741" WIDTH="69" />
<String CONTENT="(35-9825)" HEIGHT="51" HPOS="666" VPOS="1738" WIDTH="250" />
</TextLine>
<TextLine HEIGHT="65" HPOS="186" LANG="en-US" STYLEREFS="StyleId-1E2B307C-85DF-4038-A53A-76B82483E43D-" VPOS="1842" WIDTH="878">
<String CONTENT="Le" HEIGHT="52" HPOS="186" VPOS="1845" WIDTH="79" />
<SP HEIGHT="53" HPOS="266" VPOS="1846" WIDTH="26" />
<String CONTENT="Clair," HEIGHT="63" HPOS="293" VPOS="1843" WIDTH="173" />
<SP HEIGHT="59" HPOS="467" VPOS="1847" WIDTH="26" />
<String CONTENT="Mme." HEIGHT="51" HPOS="494" VPOS="1847" WIDTH="167" />
<SP HEIGHT="52" HPOS="662" VPOS="1845" WIDTH="27" />
<String CONTENT="Florence" HEIGHT="55" HPOS="690" VPOS="1843" WIDTH="275" />
<SP HEIGHT="53" HPOS="966" VPOS="1844" WIDTH="26" />
<String CONTENT="A." HEIGHT="56" HPOS="993" VPOS="1844" WIDTH="71" />
</TextLine>
<TextLine CS="1" HEIGHT="154" HPOS="186" LANG="en-US" STYLEREFS="StyleId-77DC4389-AC59-4033-AFE9-4FC8A2F5E4D4-" VPOS="1917" WIDTH="1989">
<String CONTENT="Le" HEIGHT="53" HPOS="254" VPOS="1923" WIDTH="78" />
<SP HEIGHT="57" HPOS="333" VPOS="1920" WIDTH="30" />
<String CONTENT="Clair" HEIGHT="55" HPOS="364" VPOS="1920" WIDTH="159" />
<SP HEIGHT="33" HPOS="524" VPOS="1940" WIDTH="29" />
<String CONTENT="on" HEIGHT="34" HPOS="554" VPOS="1938" WIDTH="72" />
<SP HEIGHT="51" HPOS="627" VPOS="1921" WIDTH="26" />
<String CONTENT="beauty" HEIGHT="67" HPOS="654" VPOS="1921" WIDTH="209" />
<SP HEIGHT="50" HPOS="864" VPOS="1938" WIDTH="27" />
<String CONTENT="culture;" HEIGHT="70" HPOS="892" VPOS="1918" WIDTH="246" />
<SP HEIGHT="49" HPOS="1139" VPOS="1939" WIDTH="34" />
<String CONTENT="a" HEIGHT="33" HPOS="1174" VPOS="1940" WIDTH="31" />
<SP HEIGHT="49" HPOS="1206" VPOS="1939" WIDTH="29" />
<String CONTENT="practical" HEIGHT="68" HPOS="1236" VPOS="1921" WIDTH="276" />
<SP HEIGHT="52" HPOS="1513" VPOS="1922" WIDTH="29" />
<String CONTENT="study" HEIGHT="68" HPOS="1543" VPOS="1923" WIDTH="171" />
<SP HEIGHT="50" HPOS="1715" VPOS="1941" WIDTH="27" />
<String CONTENT="of" HEIGHT="51" HPOS="1743" VPOS="1924" WIDTH="63" />
<SP HEIGHT="52" HPOS="1807" VPOS="1924" WIDTH="30" />
<String CONTENT="the" HEIGHT="52" HPOS="1838" VPOS="1924" WIDTH="96" />
<SP HEIGHT="53" HPOS="1935" VPOS="1923" WIDTH="32" />
<String CONTENT="fundamental" HEIGHT="136" HPOS="186" VPOS="1920" WIDTH="1963" />
<SP HEIGHT="65" HPOS="395" VPOS="2001" WIDTH="25" />
<String CONTENT="principles" HEIGHT="69" HPOS="421" VPOS="1997" WIDTH="309" />
<SP HEIGHT="34" HPOS="731" VPOS="2017" WIDTH="24" />
<String CONTENT="of" HEIGHT="53" HPOS="756" VPOS="1998" WIDTH="64" />
<SP HEIGHT="52" HPOS="821" VPOS="1998" WIDTH="20" />
<String CONTENT="beauty" HEIGHT="68" HPOS="842" VPOS="1999" WIDTH="207" />
<SP HEIGHT="50" HPOS="1050" VPOS="2017" WIDTH="22" />
<String CONTENT="culture" HEIGHT="51" HPOS="1073" VPOS="2000" WIDTH="218" />
<SP HEIGHT="52" HPOS="1292" VPOS="1999" WIDTH="26" />
<String CONTENT="for" HEIGHT="52" HPOS="1319" VPOS="1999" WIDTH="93" />
<SP HEIGHT="35" HPOS="1413" VPOS="2018" WIDTH="22" />
<String CONTENT="students" HEIGHT="54" HPOS="1436" VPOS="2000" WIDTH="258" />
<SP HEIGHT="33" HPOS="1695" VPOS="2021" WIDTH="23" />
<String CONTENT="and" HEIGHT="51" HPOS="1719" VPOS="2003" WIDTH="112" />
<SP HEIGHT="67" HPOS="1832" VPOS="2003" WIDTH="25" />
<String CONTENT="practising" HEIGHT="69" HPOS="1858" VPOS="2002" WIDTH="317" />
</TextLine>
<TextLine HEIGHT="75" HPOS="184" LANG="en-US" STYLEREFS="StyleId-77DC4389-AC59-4033-AFE9-4FC8A2F5E4D4-" VPOS="2073" WIDTH="1991">
<String CONTENT="cosmeticians." HEIGHT="56" HPOS="184" VPOS="2075" WIDTH="403" />
<SP HEIGHT="51" HPOS="588" VPOS="2077" WIDTH="73" />
<String CONTENT="By" HEIGHT="66" HPOS="662" VPOS="2077" WIDTH="91" />
<SP HEIGHT="67" HPOS="754" VPOS="2076" WIDTH="54" />
<String CONTENT="Mme." HEIGHT="53" HPOS="809" VPOS="2076" WIDTH="168" />
<SP HEIGHT="52" HPOS="978" VPOS="2077" WIDTH="57" />
<String CONTENT="Le" HEIGHT="51" HPOS="1036" VPOS="2077" WIDTH="79" />
<SP HEIGHT="55" HPOS="1116" VPOS="2075" WIDTH="58" />
<String CONTENT="Clair." HEIGHT="55" HPOS="1175" VPOS="2075" WIDTH="174" />
<SP HEIGHT="53" HPOS="1350" VPOS="2077" WIDTH="73" />
<String CONTENT="Milwaukee," HEIGHT="71" HPOS="1424" VPOS="2075" WIDTH="358" />
<SP HEIGHT="66" HPOS="1783" VPOS="2080" WIDTH="53" />
<String CONTENT="Wis.," HEIGHT="68" HPOS="1837" VPOS="2079" WIDTH="161" />
<SP HEIGHT="65" HPOS="1999" VPOS="2082" WIDTH="54" />
<String CONTENT="The" HEIGHT="54" HPOS="2054" VPOS="2081" WIDTH="121" />
</TextLine>
<TextLine HEIGHT="67" HPOS="185" LANG="en-US" STYLEREFS="StyleId-77DC4389-AC59-4033-AFE9-4FC8A2F5E4D4-" VPOS="2155" WIDTH="435">
<String CONTENT="author" HEIGHT="54" HPOS="185" VPOS="2155" WIDTH="206" />
<SP HEIGHT="47" HPOS="391" VPOS="2175" WIDTH="36" />
<String CONTENT="[" HEIGHT="35" HPOS="427" VPOS="2187" WIDTH="13" />
<String CONTENT="c" HEIGHT="20" HPOS="445" STYLE="superscript" VPOS="2161" WIDTH="19" />
<String CONTENT="1935]" HEIGHT="63" HPOS="468" VPOS="2157" WIDTH="152" />
</TextLine>
<TextLine CS="1" HEIGHT="53" HPOS="256" LANG="en-US" VPOS="2225" WIDTH="727">
<String CONTENT="x," HEIGHT="36" HPOS="256" VPOS="2239" WIDTH="46" />
<SP />
<String CONTENT="229," HEIGHT="50" HPOS="333" VPOS="2226" WIDTH="98" />
<SP HEIGHT="30" HPOS="432" VPOS="2247" WIDTH="31" />
<String CONTENT="[1]" HEIGHT="49" HPOS="464" VPOS="2228" WIDTH="54" />
<SP HEIGHT="38" HPOS="519" VPOS="2238" WIDTH="30" />
<String CONTENT="p." HEIGHT="38" HPOS="550" VPOS="2238" WIDTH="42" />
<SP HEIGHT="40" HPOS="593" VPOS="2227" WIDTH="59" />
<String CONTENT="illus." HEIGHT="41" HPOS="653" VPOS="2227" WIDTH="128" />
<SP HEIGHT="41" HPOS="782" VPOS="2227" WIDTH="57" />
<String CONTENT="19&#189;" CS="1" HEIGHT="40" HPOS="840" VPOS="2226" WIDTH="59" />
<String CONTENT="cm" HEIGHT="21" HPOS="927" STYLE="superscript" VPOS="2230" WIDTH="44" />
<String CONTENT="." HEIGHT="8" HPOS="975" VPOS="2260" WIDTH="8" />
</TextLine>
<TextLine HEIGHT="54" HPOS="259" LANG="en-US" VPOS="2280" WIDTH="1436">
<String CONTENT="&#8220;First" HEIGHT="42" HPOS="259" VPOS="2283" WIDTH="162" />
<SP HEIGHT="45" HPOS="422" VPOS="2287" WIDTH="29" />
<String CONTENT="printing," HEIGHT="49" HPOS="452" VPOS="2283" WIDTH="229" />
<SP HEIGHT="48" HPOS="682" VPOS="2284" WIDTH="30" />
<String CONTENT="1929," HEIGHT="48" HPOS="713" VPOS="2283" WIDTH="128" />
<SP HEIGHT="46" HPOS="842" VPOS="2285" WIDTH="30" />
<String CONTENT="third" HEIGHT="42" HPOS="873" VPOS="2284" WIDTH="133" />
<SP HEIGHT="47" HPOS="1007" VPOS="2285" WIDTH="30" />
<String CONTENT="printing," HEIGHT="50" HPOS="1038" VPOS="2282" WIDTH="230" />
<SP HEIGHT="48" HPOS="1269" VPOS="2284" WIDTH="31" />
<String CONTENT="1935," HEIGHT="48" HPOS="1301" VPOS="2284" WIDTH="128" />
<SP HEIGHT="36" HPOS="1430" VPOS="2296" WIDTH="32" />
<String CONTENT="revised.&#8221;" HEIGHT="42" HPOS="1463" VPOS="2284" WIDTH="232" />
</TextLine>
<TextLine CS="1" HEIGHT="115" HPOS="187" LANG="en-US" VPOS="2350" WIDTH="1971">
<String CONTENT="&#169;" HEIGHT="52" HPOS="187" VPOS="2350" WIDTH="51" />
<SP HEIGHT="52" HPOS="239" VPOS="2350" WIDTH="29" />
<String CONTENT="May" HEIGHT="49" HPOS="269" VPOS="2354" WIDTH="112" />
<SP HEIGHT="48" HPOS="382" VPOS="2355" WIDTH="27" />
<String CONTENT="1," HEIGHT="44" HPOS="410" VPOS="2355" WIDTH="38" />
<SP HEIGHT="44" HPOS="449" VPOS="2355" WIDTH="29" />
<String CONTENT="1935;" HEIGHT="47" HPOS="479" VPOS="2353" WIDTH="139" />
<SP HEIGHT="46" HPOS="619" VPOS="2354" WIDTH="31" />
<String CONTENT="2c." HEIGHT="39" HPOS="651" VPOS="2354" WIDTH="65" />
<SP HEIGHT="38" HPOS="717" VPOS="2355" WIDTH="31" />
<String CONTENT="May" HEIGHT="46" HPOS="749" VPOS="2355" WIDTH="113" />
<SP HEIGHT="48" HPOS="863" VPOS="2353" WIDTH="26" />
<String CONTENT="6;" HEIGHT="47" HPOS="890" VPOS="2353" WIDTH="51" />
<SP HEIGHT="36" HPOS="942" VPOS="2364" WIDTH="32" />
<String CONTENT="aff." HEIGHT="40" HPOS="975" VPOS="2354" WIDTH="83" />
<SP HEIGHT="38" HPOS="1059" VPOS="2355" WIDTH="30" />
<String CONTENT="May" HEIGHT="46" HPOS="1090" VPOS="2355" WIDTH="114" />
<SP HEIGHT="46" HPOS="1205" VPOS="2355" WIDTH="26" />
<String CONTENT="31;" HEIGHT="46" HPOS="1232" VPOS="2355" WIDTH="82" />
<SP HEIGHT="45" HPOS="1315" VPOS="2356" WIDTH="32" />
<String CONTENT="A" HEIGHT="38" HPOS="1348" VPOS="2356" WIDTH="42" />
<SP HEIGHT="41" HPOS="1391" VPOS="2354" WIDTH="30" />
<String CONTENT="84089;" HEIGHT="48" HPOS="1422" VPOS="2353" WIDTH="168" />
<SP HEIGHT="44" HPOS="1591" VPOS="2357" WIDTH="35" />
<String CONTENT="F." HEIGHT="39" HPOS="1627" VPOS="2357" WIDTH="51" />
<SP HEIGHT="38" HPOS="1679" VPOS="2358" WIDTH="30" />
<String CONTENT="A." HEIGHT="39" HPOS="1710" VPOS="2358" WIDTH="53" />
<SP HEIGHT="38" HPOS="1764" VPOS="2359" WIDTH="32" />
<String CONTENT="Le" HEIGHT="37" HPOS="1797" VPOS="2359" WIDTH="63" />
<SP HEIGHT="41" HPOS="1861" VPOS="2358" WIDTH="30" />
<String CONTENT="Clair," HEIGHT="46" HPOS="1892" VPOS="2358" WIDTH="146" />
<SP HEIGHT="43" HPOS="2039" VPOS="2361" WIDTH="33" />
<String CONTENT="Milwaukee." HEIGHT="98" HPOS="254" VPOS="2356" WIDTH="1904" />
<SP HEIGHT="28" HPOS="466" VPOS="2431" WIDTH="62" />
<String CONTENT="[Copyright" HEIGHT="49" HPOS="529" VPOS="2410" WIDTH="279" />
<SP HEIGHT="40" HPOS="809" VPOS="2410" WIDTH="27" />
<String CONTENT="is" HEIGHT="40" HPOS="837" VPOS="2410" WIDTH="39" />
<SP HEIGHT="30" HPOS="877" VPOS="2420" WIDTH="25" />
<String CONTENT="claimed" HEIGHT="41" HPOS="903" VPOS="2409" WIDTH="204" />
<SP HEIGHT="39" HPOS="1108" VPOS="2411" WIDTH="27" />
<String CONTENT="on" HEIGHT="29" HPOS="1136" VPOS="2420" WIDTH="60" />
<SP HEIGHT="29" HPOS="1197" VPOS="2421" WIDTH="26" />
<String CONTENT="revisions" HEIGHT="40" HPOS="1224" VPOS="2411" WIDTH="236" />
<SP HEIGHT="29" HPOS="1461" VPOS="2422" WIDTH="26" />
<String CONTENT="and" HEIGHT="41" HPOS="1488" VPOS="2412" WIDTH="94" />
<SP HEIGHT="40" HPOS="1583" VPOS="2413" WIDTH="26" />
<String CONTENT="additions]" HEIGHT="51" HPOS="1610" VPOS="2413" WIDTH="259" />
</TextLine>
<TextLine HEIGHT="52" HPOS="264" LANG="en-US" VPOS="2464" WIDTH="250">
<String CONTENT="(35-9849)" HEIGHT="52" HPOS="264" VPOS="2464" WIDTH="250" />
</TextLine>
<TextLine HEIGHT="64" HPOS="188" LANG="en-US" STYLEREFS="StyleId-1E2B307C-85DF-4038-A53A-76B82483E43D-" VPOS="2569" WIDTH="595">
<String CONTENT="Ley," HEIGHT="63" HPOS="188" VPOS="2569" WIDTH="138" />
<SP HEIGHT="62" HPOS="327" VPOS="2570" WIDTH="25" />
<String CONTENT="Henry" HEIGHT="62" HPOS="353" VPOS="2571" WIDTH="206" />
<SP HEIGHT="63" HPOS="560" VPOS="2570" WIDTH="22" />
<String CONTENT="A.," HEIGHT="63" HPOS="583" VPOS="2570" WIDTH="89" />
<SP HEIGHT="44" HPOS="673" VPOS="2589" WIDTH="27" />
<String CONTENT="ed." HEIGHT="51" HPOS="701" VPOS="2571" WIDTH="82" />
</TextLine>
<TextLine HEIGHT="76" HPOS="254" LANG="en-US" STYLEREFS="StyleId-77DC4389-AC59-4033-AFE9-4FC8A2F5E4D4-" VPOS="2644" WIDTH="1917">
<String CONTENT="Geology" HEIGHT="69" HPOS="254" VPOS="2645" WIDTH="257" />
<SP HEIGHT="50" HPOS="512" VPOS="2664" WIDTH="36" />
<String CONTENT="of" HEIGHT="53" HPOS="549" VPOS="2645" WIDTH="65" />
<SP HEIGHT="53" HPOS="615" VPOS="2645" WIDTH="34" />
<String CONTENT="natural" HEIGHT="51" HPOS="650" VPOS="2647" WIDTH="228" />
<SP HEIGHT="67" HPOS="879" VPOS="2647" WIDTH="37" />
<String CONTENT="gas;" HEIGHT="51" HPOS="917" VPOS="2664" WIDTH="128" />
<SP HEIGHT="61" HPOS="1046" VPOS="2653" WIDTH="42" />
<String CONTENT="this" HEIGHT="54" HPOS="1089" VPOS="2646" WIDTH="113" />
<SP HEIGHT="52" HPOS="1203" VPOS="2648" WIDTH="37" />
<String CONTENT="book" HEIGHT="52" HPOS="1241" VPOS="2648" WIDTH="146" />
<SP HEIGHT="52" HPOS="1388" VPOS="2648" WIDTH="35" />
<String CONTENT="consists" HEIGHT="55" HPOS="1424" VPOS="2647" WIDTH="237" />
<SP HEIGHT="34" HPOS="1662" VPOS="2668" WIDTH="37" />
<String CONTENT="of" HEIGHT="52" HPOS="1700" VPOS="2650" WIDTH="63" />
<SP HEIGHT="53" HPOS="1764" VPOS="2650" WIDTH="37" />
<String CONTENT="thirty-eight" HEIGHT="69" HPOS="1802" VPOS="2651" WIDTH="369" />
</TextLine>
<TextLine HEIGHT="74" HPOS="189" LANG="en-US" STYLEREFS="StyleId-77DC4389-AC59-4033-AFE9-4FC8A2F5E4D4-" VPOS="2720" WIDTH="1981">
<String CONTENT="papers" HEIGHT="50" HPOS="189" VPOS="2741" WIDTH="204" />
<SP HEIGHT="49" HPOS="393" VPOS="2742" WIDTH="28" />
<String CONTENT="prepared" HEIGHT="66" HPOS="421" VPOS="2725" WIDTH="281" />
<SP HEIGHT="51" HPOS="702" VPOS="2725" WIDTH="26" />
<String CONTENT="by" HEIGHT="66" HPOS="728" VPOS="2725" WIDTH="79" />
<SP HEIGHT="70" HPOS="807" VPOS="2721" WIDTH="28" />
<String CONTENT="forty-seven" HEIGHT="70" HPOS="835" VPOS="2721" WIDTH="350" />
<SP HEIGHT="34" HPOS="1185" VPOS="2742" WIDTH="29" />
<String CONTENT="authors." HEIGHT="52" HPOS="1214" VPOS="2726" WIDTH="249" />
<SP HEIGHT="54" HPOS="1463" VPOS="2726" WIDTH="76" />
<String CONTENT="Only" HEIGHT="66" HPOS="1539" VPOS="2727" WIDTH="155" />
<SP HEIGHT="60" HPOS="1694" VPOS="2733" WIDTH="29" />
<String CONTENT="two" HEIGHT="46" HPOS="1723" VPOS="2733" WIDTH="113" />
<SP HEIGHT="50" HPOS="1836" VPOS="2731" WIDTH="27" />
<String CONTENT="have" HEIGHT="50" HPOS="1863" VPOS="2731" WIDTH="143" />
<SP HEIGHT="51" HPOS="2006" VPOS="2730" WIDTH="29" />
<String CONTENT="been" HEIGHT="54" HPOS="2035" VPOS="2730" WIDTH="135" />
</TextLine>
<TextLine CS="1" HEIGHT="151" HPOS="188" LANG="en-US" STYLEREFS="StyleId-77DC4389-AC59-4033-AFE9-4FC8A2F5E4D4-" VPOS="2798" WIDTH="1985">
<String CONTENT="previously" HEIGHT="68" HPOS="189" VPOS="2801" WIDTH="324" />
<SP HEIGHT="50" HPOS="514" VPOS="2819" WIDTH="27" />
<String CONTENT="published." HEIGHT="68" HPOS="542" VPOS="2800" WIDTH="314" />
<SP HEIGHT="53" HPOS="857" VPOS="2802" WIDTH="73" />
<String CONTENT="Here" HEIGHT="52" HPOS="931" VPOS="2803" WIDTH="155" />
<SP HEIGHT="55" HPOS="1087" VPOS="2800" WIDTH="27" />
<String CONTENT="for" HEIGHT="52" HPOS="1115" VPOS="2800" WIDTH="93" />
<SP HEIGHT="46" HPOS="1209" VPOS="2807" WIDTH="26" />
<String CONTENT="the" HEIGHT="52" HPOS="1236" VPOS="2802" WIDTH="96" />
<SP HEIGHT="52" HPOS="1333" VPOS="2802" WIDTH="25" />
<String CONTENT="first" HEIGHT="54" HPOS="1359" VPOS="2801" WIDTH="125" />
<SP HEIGHT="49" HPOS="1485" VPOS="2807" WIDTH="25" />
<String CONTENT="time" HEIGHT="55" HPOS="1511" VPOS="2802" WIDTH="136" />
<SP HEIGHT="50" HPOS="1648" VPOS="2806" WIDTH="25" />
<String CONTENT="has" HEIGHT="51" HPOS="1674" VPOS="2806" WIDTH="103" />
<SP HEIGHT="51" HPOS="1778" VPOS="2806" WIDTH="25" />
<String CONTENT="been" HEIGHT="51" HPOS="1804" VPOS="2806" WIDTH="135" />
<SP HEIGHT="35" HPOS="1940" VPOS="2824" WIDTH="29" />
<String CONTENT="assembled" HEIGHT="114" HPOS="188" VPOS="2821" WIDTH="1958" />
<SP HEIGHT="52" HPOS="315" VPOS="2880" WIDTH="43" />
<String CONTENT="a" HEIGHT="33" HPOS="359" VPOS="2898" WIDTH="31" />
<SP HEIGHT="33" HPOS="391" VPOS="2898" WIDTH="40" />
<String CONTENT="comprehensive" HEIGHT="67" HPOS="432" VPOS="2878" WIDTH="456" />
<SP HEIGHT="50" HPOS="889" VPOS="2897" WIDTH="41" />
<String CONTENT="geologic" HEIGHT="69" HPOS="931" VPOS="2878" WIDTH="253" />
<SP HEIGHT="47" HPOS="1185" VPOS="2884" WIDTH="41" />
<String CONTENT="treatise" HEIGHT="53" HPOS="1227" VPOS="2880" WIDTH="230" />
<SP HEIGHT="34" HPOS="1458" VPOS="2899" WIDTH="38" />
<String CONTENT="of" HEIGHT="54" HPOS="1497" VPOS="2880" WIDTH="64" />
<SP HEIGHT="53" HPOS="1562" VPOS="2881" WIDTH="39" />
<String CONTENT="the" HEIGHT="51" HPOS="1602" VPOS="2883" WIDTH="95" />
<SP HEIGHT="33" HPOS="1698" VPOS="2901" WIDTH="41" />
<String CONTENT="occurrence" HEIGHT="38" HPOS="1740" VPOS="2901" WIDTH="326" />
<SP HEIGHT="37" HPOS="2067" VPOS="2903" WIDTH="42" />
<String CONTENT="of" HEIGHT="52" HPOS="2110" VPOS="2886" WIDTH="63" />
</TextLine>
<TextLine HEIGHT="77" HPOS="191" LANG="en-US" STYLEREFS="StyleId-77DC4389-AC59-4033-AFE9-4FC8A2F5E4D4-" VPOS="2954" WIDTH="1980">
<String CONTENT="natural" HEIGHT="52" HPOS="191" VPOS="2957" WIDTH="224" />
<SP HEIGHT="66" HPOS="416" VPOS="2958" WIDTH="46" />
<String CONTENT="gas" HEIGHT="49" HPOS="463" VPOS="2975" WIDTH="100" />
<SP HEIGHT="32" HPOS="564" VPOS="2976" WIDTH="46" />
<String CONTENT="on" HEIGHT="32" HPOS="611" VPOS="2976" WIDTH="69" />
<SP HEIGHT="46" HPOS="681" VPOS="2962" WIDTH="47" />
<String CONTENT="the" HEIGHT="51" HPOS="729" VPOS="2957" WIDTH="96" />
<SP HEIGHT="52" HPOS="826" VPOS="2956" WIDTH="44" />
<String CONTENT="North" HEIGHT="53" HPOS="871" VPOS="2956" WIDTH="184" />
<SP HEIGHT="51" HPOS="1056" VPOS="2958" WIDTH="47" />
<String CONTENT="American" HEIGHT="53" HPOS="1104" VPOS="2956" WIDTH="306" />
<SP HEIGHT="34" HPOS="1411" VPOS="2976" WIDTH="45" />
<String CONTENT="continent." HEIGHT="55" HPOS="1457" VPOS="2958" WIDTH="304" />
<SP HEIGHT="50" HPOS="1762" VPOS="2963" WIDTH="77" />
<String CONTENT="Edited" HEIGHT="54" HPOS="1840" VPOS="2961" WIDTH="204" />
<SP HEIGHT="53" HPOS="2045" VPOS="2963" WIDTH="52" />
<String CONTENT="by" HEIGHT="67" HPOS="2098" VPOS="2964" WIDTH="73" />
</TextLine>
<TextLine HEIGHT="74" HPOS="189" LANG="en-US" STYLEREFS="StyleId-77DC4389-AC59-4033-AFE9-4FC8A2F5E4D4-" VPOS="3032" WIDTH="1984">
<String CONTENT="Henry" HEIGHT="68" HPOS="189" VPOS="3035" WIDTH="199" />
<SP HEIGHT="68" HPOS="389" VPOS="3035" WIDTH="41" />
<String CONTENT="A." HEIGHT="51" HPOS="431" VPOS="3035" WIDTH="69" />
<SP HEIGHT="50" HPOS="501" VPOS="3036" WIDTH="43" />
<String CONTENT="Ley." HEIGHT="65" HPOS="545" VPOS="3036" WIDTH="133" />
<SP HEIGHT="51" HPOS="679" VPOS="3034" WIDTH="74" />
<String CONTENT="Tulsa," HEIGHT="69" HPOS="754" VPOS="3033" WIDTH="190" />
<SP HEIGHT="68" HPOS="945" VPOS="3034" WIDTH="43" />
<String CONTENT="Okla.," HEIGHT="67" HPOS="989" VPOS="3034" WIDTH="185" />
<SP HEIGHT="63" HPOS="1175" VPOS="3038" WIDTH="41" />
<String CONTENT="The" HEIGHT="52" HPOS="1217" VPOS="3036" WIDTH="121" />
<SP HEIGHT="52" HPOS="1339" VPOS="3036" WIDTH="38" />
<String CONTENT="American" HEIGHT="54" HPOS="1378" VPOS="3035" WIDTH="304" />
<SP HEIGHT="34" HPOS="1683" VPOS="3056" WIDTH="46" />
<String CONTENT="association" HEIGHT="57" HPOS="1730" VPOS="3038" WIDTH="334" />
<SP HEIGHT="36" HPOS="2065" VPOS="3060" WIDTH="44" />
<String CONTENT="of" HEIGHT="51" HPOS="2110" VPOS="3043" WIDTH="63" />
</TextLine>
<TextLine HEIGHT="73" HPOS="191" LANG="en-US" STYLEREFS="StyleId-77DC4389-AC59-4033-AFE9-4FC8A2F5E4D4-" VPOS="3109" WIDTH="1679">
<String CONTENT="petroleum" HEIGHT="67" HPOS="191" VPOS="3112" WIDTH="309" />
<SP HEIGHT="56" HPOS="513" VPOS="3123" WIDTH="17" />
<String CONTENT="geologists;" HEIGHT="69" HPOS="531" VPOS="3110" WIDTH="332" />
<SP HEIGHT="64" HPOS="864" VPOS="3114" WIDTH="31" />
<String CONTENT="London," HEIGHT="69" HPOS="896" VPOS="3110" WIDTH="256" />
<SP HEIGHT="65" HPOS="1153" VPOS="3114" WIDTH="29" />
<String CONTENT="T." HEIGHT="51" HPOS="1183" VPOS="3114" WIDTH="64" />
<SP HEIGHT="51" HPOS="1248" VPOS="3114" WIDTH="28" />
<String CONTENT="Murby" HEIGHT="67" HPOS="1277" VPOS="3114" WIDTH="213" />
<SP HEIGHT="65" HPOS="1491" VPOS="3117" WIDTH="27" />
<String CONTENT="&amp;" HEIGHT="49" HPOS="1519" VPOS="3118" WIDTH="46" />
<SP HEIGHT="49" HPOS="1566" VPOS="3118" WIDTH="27" />
<String CONTENT="co.," HEIGHT="46" HPOS="1594" VPOS="3133" WIDTH="96" />
<SP HEIGHT="59" HPOS="1691" VPOS="3120" WIDTH="31" />
<String CONTENT="1935." HEIGHT="49" HPOS="1723" VPOS="3120" WIDTH="147" />
</TextLine>
<TextLine CS="1" HEIGHT="51" HPOS="259" LANG="en-US" STYLEREFS="StyleId-77DC4389-AC59-4033-AFE9-4FC8A2F5E4D4-" VPOS="3182" WIDTH="1122">
<String CONTENT="xii," HEIGHT="48" HPOS="259" VPOS="3184" WIDTH="83" />
<SP HEIGHT="47" HPOS="343" VPOS="3185" WIDTH="29" />
<String CONTENT="1227" HEIGHT="40" HPOS="373" VPOS="3184" WIDTH="113" />
<SP HEIGHT="44" HPOS="487" VPOS="3186" WIDTH="28" />
<String CONTENT="p." HEIGHT="36" HPOS="516" VPOS="3194" WIDTH="42" />
<SP HEIGHT="37" HPOS="559" VPOS="3194" WIDTH="59" />
<String CONTENT="plates," HEIGHT="48" HPOS="619" VPOS="3183" WIDTH="169" />
<SP HEIGHT="36" HPOS="789" VPOS="3195" WIDTH="29" />
<String CONTENT="maps," HEIGHT="40" HPOS="819" VPOS="3192" WIDTH="148" />
<SP HEIGHT="45" HPOS="968" VPOS="3186" WIDTH="30" />
<String CONTENT="diagrs." HEIGHT="47" HPOS="999" VPOS="3184" WIDTH="176" />
<SP HEIGHT="40" HPOS="1176" VPOS="3184" WIDTH="59" />
<String CONTENT="23&#189;cm." CS="1" HEIGHT="41" HPOS="1236" VPOS="3184" WIDTH="145" />
</TextLine>
<TextLine CS="1" HEIGHT="102" HPOS="191" LANG="en-US" VPOS="3239" WIDTH="1964">
<String CONTENT="Bibliography" HEIGHT="49" HPOS="261" VPOS="3239" WIDTH="346" />
<SP HEIGHT="36" HPOS="608" VPOS="3251" WIDTH="36" />
<String CONTENT="at" HEIGHT="37" HPOS="645" VPOS="3243" WIDTH="52" />
<SP HEIGHT="37" HPOS="698" VPOS="3243" WIDTH="35" />
<String CONTENT="end" HEIGHT="38" HPOS="734" VPOS="3241" WIDTH="91" />
<SP HEIGHT="39" HPOS="826" VPOS="3241" WIDTH="36" />
<String CONTENT="of" HEIGHT="39" HPOS="863" VPOS="3241" WIDTH="49" />
<SP HEIGHT="40" HPOS="913" VPOS="3241" WIDTH="35" />
<String CONTENT="some" HEIGHT="30" HPOS="949" VPOS="3251" WIDTH="128" />
<SP HEIGHT="29" HPOS="1078" VPOS="3251" WIDTH="36" />
<String CONTENT="of" HEIGHT="38" HPOS="1115" VPOS="3241" WIDTH="50" />
<SP HEIGHT="39" HPOS="1166" VPOS="3241" WIDTH="37" />
<String CONTENT="the" HEIGHT="39" HPOS="1204" VPOS="3242" WIDTH="80" />
<SP HEIGHT="29" HPOS="1285" VPOS="3252" WIDTH="37" />
<String CONTENT="chapters;" HEIGHT="48" HPOS="1323" VPOS="3242" WIDTH="252" />
<SP HEIGHT="47" HPOS="1576" VPOS="3242" WIDTH="38" />
<String CONTENT="bibliographical" HEIGHT="50" HPOS="1615" VPOS="3242" WIDTH="397" />
<SP HEIGHT="39" HPOS="2013" VPOS="3247" WIDTH="40" />
<String CONTENT="footnotes." HEIGHT="97" HPOS="191" VPOS="3244" WIDTH="1964" />
</TextLine>
<TextLine CS="1" HEIGHT="58" HPOS="190" LANG="en-US" VPOS="3363" WIDTH="1986">
<String CONTENT="&#169;" HEIGHT="53" HPOS="190" VPOS="3363" WIDTH="52" />
<SP HEIGHT="53" HPOS="243" VPOS="3363" WIDTH="24" />
<String CONTENT="June" HEIGHT="41" HPOS="268" VPOS="3368" WIDTH="127" />
<SP HEIGHT="40" HPOS="396" VPOS="3368" WIDTH="18" />
<String CONTENT="29." HEIGHT="43" HPOS="415" VPOS="3367" WIDTH="69" />
<SP HEIGHT="41" HPOS="485" VPOS="3369" WIDTH="24" />
<String CONTENT="1935;" CS="1" HEIGHT="41" HPOS="510" VPOS="3367" WIDTH="114" />
<SP HEIGHT="46" HPOS="651" VPOS="3367" WIDTH="26" />
<String CONTENT="2c." HEIGHT="39" HPOS="678" VPOS="3367" WIDTH="67" />
<SP HEIGHT="29" HPOS="746" VPOS="3377" WIDTH="25" />
<String CONTENT="and" HEIGHT="39" HPOS="772" VPOS="3367" WIDTH="94" />
<SP HEIGHT="39" HPOS="867" VPOS="3367" WIDTH="23" />
<String CONTENT="aff." HEIGHT="42" HPOS="891" VPOS="3365" WIDTH="82" />
<SP HEIGHT="39" HPOS="974" VPOS="3367" WIDTH="26" />
<String CONTENT="July" HEIGHT="47" HPOS="1001" VPOS="3367" WIDTH="115" />
<SP HEIGHT="48" HPOS="1117" VPOS="3366" WIDTH="23" />
<String CONTENT="9;" HEIGHT="43" HPOS="1141" VPOS="3366" WIDTH="53" />
<SP HEIGHT="40" HPOS="1195" VPOS="3369" WIDTH="28" />
<String CONTENT="A" HEIGHT="37" HPOS="1224" VPOS="3369" WIDTH="41" />
<SP HEIGHT="39" HPOS="1266" VPOS="3368" WIDTH="22" />
<String CONTENT="84568;" HEIGHT="47" HPOS="1289" VPOS="3367" WIDTH="169" />
<SP HEIGHT="45" HPOS="1459" VPOS="3369" WIDTH="28" />
<String CONTENT="Amer." HEIGHT="40" HPOS="1488" VPOS="3369" WIDTH="158" />
<SP HEIGHT="29" HPOS="1647" VPOS="3380" WIDTH="26" />
<String CONTENT="assn." HEIGHT="31" HPOS="1674" VPOS="3380" WIDTH="128" />
<SP HEIGHT="28" HPOS="1803" VPOS="3384" WIDTH="29" />
<String CONTENT="of" HEIGHT="39" HPOS="1833" VPOS="3373" WIDTH="53" />
<SP HEIGHT="47" HPOS="1887" VPOS="3373" WIDTH="21" />
<String CONTENT="petroleum" HEIGHT="48" HPOS="1909" VPOS="3373" WIDTH="267" />
</TextLine>
<TextLine HEIGHT="51" HPOS="257" LANG="en-US" VPOS="3422" WIDTH="592">
<String CONTENT="geologists." HEIGHT="50" HPOS="257" VPOS="3423" WIDTH="271" />
<SP HEIGHT="46" HPOS="529" VPOS="3425" WIDTH="69" />
<String CONTENT="(35-9693)" HEIGHT="48" HPOS="599" VPOS="3423" WIDTH="250" />
</TextLine>
<TextLine HEIGHT="63" HPOS="189" LANG="en-US" STYLEREFS="StyleId-1E2B307C-85DF-4038-A53A-76B82483E43D-" VPOS="3527" WIDTH="678">
<String CONTENT="Lindsay." HEIGHT="63" HPOS="189" VPOS="3527" WIDTH="276" />
<SP HEIGHT="55" HPOS="466" VPOS="3528" WIDTH="32" />
<String CONTENT="Jack," HEIGHT="62" HPOS="499" VPOS="3528" WIDTH="163" />
<SP HEIGHT="57" HPOS="663" VPOS="3533" WIDTH="34" />
<String CONTENT="1900-" HEIGHT="49" HPOS="698" VPOS="3532" WIDTH="169" />
</TextLine>
<TextLine HEIGHT="77" HPOS="265" LANG="en-US" STYLEREFS="StyleId-77DC4389-AC59-4033-AFE9-4FC8A2F5E4D4-" VPOS="3601" WIDTH="1909">
<String CONTENT="Last" HEIGHT="53" HPOS="265" VPOS="3604" WIDTH="134" />
<SP HEIGHT="52" HPOS="400" VPOS="3605" WIDTH="41" />
<String CONTENT="days" HEIGHT="66" HPOS="442" VPOS="3605" WIDTH="139" />
<SP HEIGHT="34" HPOS="582" VPOS="3622" WIDTH="37" />
<String CONTENT="with" HEIGHT="53" HPOS="620" VPOS="3603" WIDTH="141" />
<SP HEIGHT="55" HPOS="762" VPOS="3602" WIDTH="39" />
<String CONTENT="Cleopatra," HEIGHT="69" HPOS="802" VPOS="3602" WIDTH="323" />
<SP HEIGHT="68" HPOS="1126" VPOS="3603" WIDTH="37" />
<String CONTENT="by" HEIGHT="67" HPOS="1164" VPOS="3603" WIDTH="76" />
<SP HEIGHT="66" HPOS="1241" VPOS="3604" WIDTH="39" />
<String CONTENT="Jack" HEIGHT="53" HPOS="1281" VPOS="3604" WIDTH="147" />
<SP HEIGHT="52" HPOS="1429" VPOS="3604" WIDTH="37" />
<String CONTENT="Lindsay." HEIGHT="71" HPOS="1467" VPOS="3604" WIDTH="271" />
<SP HEIGHT="51" HPOS="1739" VPOS="3609" WIDTH="90" />
<String CONTENT="London," HEIGHT="69" HPOS="1830" VPOS="3609" WIDTH="258" />
<SP HEIGHT="66" HPOS="2089" VPOS="3612" WIDTH="36" />
<String CONTENT="I." HEIGHT="52" HPOS="2126" VPOS="3612" WIDTH="48" />
</TextLine>
<TextLine HEIGHT="70" HPOS="198" LANG="en-US" STYLEREFS="StyleId-77DC4389-AC59-4033-AFE9-4FC8A2F5E4D4-" VPOS="3678" WIDTH="1109">
<String CONTENT="Nicholson" HEIGHT="54" HPOS="198" VPOS="3681" WIDTH="304" />
<SP HEIGHT="50" HPOS="503" VPOS="3684" WIDTH="29" />
<String CONTENT="&amp;" HEIGHT="49" HPOS="533" VPOS="3684" WIDTH="45" />
<SP HEIGHT="54" HPOS="579" VPOS="3681" WIDTH="21" />
<String CONTENT="Watson," HEIGHT="66" HPOS="601" VPOS="3681" WIDTH="258" />
<SP HEIGHT="66" HPOS="860" VPOS="3681" WIDTH="25" />
<String CONTENT="limited," HEIGHT="68" HPOS="886" VPOS="3679" WIDTH="240" />
<SP HEIGHT="62" HPOS="1127" VPOS="3685" WIDTH="30" />
<String CONTENT="1935." HEIGHT="49" HPOS="1158" VPOS="3684" WIDTH="149" />
</TextLine>
<TextLine HEIGHT="51" HPOS="266" LANG="en-US" VPOS="3752" WIDTH="427">
<String CONTENT="347." HEIGHT="41" HPOS="266" VPOS="3754" WIDTH="98" />
<SP HEIGHT="29" HPOS="365" VPOS="3774" WIDTH="27" />
<String CONTENT="[1]" HEIGHT="49" HPOS="393" VPOS="3754" WIDTH="53" />
<SP HEIGHT="38" HPOS="447" VPOS="3764" WIDTH="27" />
<String CONTENT="p." HEIGHT="37" HPOS="475" VPOS="3764" WIDTH="43" />
<SP HEIGHT="39" HPOS="519" VPOS="3754" WIDTH="58" />
<String CONTENT="22" HEIGHT="39" HPOS="578" VPOS="3753" WIDTH="56" />
<String CONTENT="cm" HEIGHT="21" HPOS="634" STYLE="superscript" VPOS="3755" WIDTH="45" />
<String CONTENT="." HEIGHT="9" HPOS="684" VPOS="3783" WIDTH="9" />
</TextLine>
<TextLine HEIGHT="59" HPOS="267" LANG="en-US" VPOS="3806" WIDTH="1908">
<String CONTENT="Third" HEIGHT="39" HPOS="267" VPOS="3810" WIDTH="148" />
<SP HEIGHT="37" HPOS="416" VPOS="3812" WIDTH="28" />
<String CONTENT="volume" HEIGHT="39" HPOS="445" VPOS="3810" WIDTH="190" />
<SP HEIGHT="30" HPOS="636" VPOS="3819" WIDTH="24" />
<String CONTENT="of" HEIGHT="38" HPOS="661" VPOS="3809" WIDTH="53" />
<SP HEIGHT="39" HPOS="715" VPOS="3809" WIDTH="24" />
<String CONTENT="a" HEIGHT="29" HPOS="740" VPOS="3819" WIDTH="28" />
<SP HEIGHT="36" HPOS="769" VPOS="3812" WIDTH="25" />
<String CONTENT="trilogy," HEIGHT="50" HPOS="795" VPOS="3807" WIDTH="189" />
<SP HEIGHT="43" HPOS="985" VPOS="3812" WIDTH="27" />
<String CONTENT="the" HEIGHT="39" HPOS="1013" VPOS="3809" WIDTH="83" />
<SP HEIGHT="39" HPOS="1097" VPOS="3808" WIDTH="24" />
<String CONTENT="first" HEIGHT="40" HPOS="1122" VPOS="3808" WIDTH="107" />
<SP HEIGHT="37" HPOS="1230" VPOS="3811" WIDTH="27" />
<String CONTENT="and" HEIGHT="38" HPOS="1258" VPOS="3811" WIDTH="95" />
<SP HEIGHT="38" HPOS="1354" VPOS="3811" WIDTH="29" />
<String CONTENT="second" HEIGHT="38" HPOS="1384" VPOS="3813" WIDTH="170" />
<SP HEIGHT="38" HPOS="1555" VPOS="3814" WIDTH="31" />
<String CONTENT="volumes" HEIGHT="40" HPOS="1587" VPOS="3814" WIDTH="215" />
<SP HEIGHT="38" HPOS="1803" VPOS="3816" WIDTH="25" />
<String CONTENT="being" HEIGHT="50" HPOS="1829" VPOS="3814" WIDTH="141" />
<SP HEIGHT="46" HPOS="1971" VPOS="3818" WIDTH="28" />
<String CONTENT="&#8220;Rome" HEIGHT="40" HPOS="2000" VPOS="3818" WIDTH="175" />
</TextLine>
<TextLine HEIGHT="45" HPOS="197" LANG="en-US" VPOS="3862" WIDTH="852">
<String CONTENT="for" HEIGHT="37" HPOS="197" VPOS="3867" WIDTH="77" />
<SP HEIGHT="28" HPOS="275" VPOS="3876" WIDTH="26" />
<String CONTENT="sale&#8221;" HEIGHT="42" HPOS="302" VPOS="3864" WIDTH="127" />
<SP HEIGHT="39" HPOS="430" VPOS="3865" WIDTH="27" />
<String CONTENT="and" HEIGHT="38" HPOS="458" VPOS="3866" WIDTH="95" />
<SP HEIGHT="39" HPOS="554" VPOS="3865" WIDTH="27" />
<String CONTENT="&#8220;Caesar" HEIGHT="41" HPOS="582" VPOS="3864" WIDTH="209" />
<SP HEIGHT="40" HPOS="792" VPOS="3864" WIDTH="24" />
<String CONTENT="is" HEIGHT="42" HPOS="817" VPOS="3864" WIDTH="43" />
<SP HEIGHT="41" HPOS="861" VPOS="3865" WIDTH="23" />
<String CONTENT="dead&#8221;." HEIGHT="42" HPOS="885" VPOS="3863" WIDTH="164" />
</TextLine>
<TextLine CS="1" HEIGHT="62" HPOS="193" LANG="en-US" VPOS="3930" WIDTH="1981">
<String CONTENT="&#169;" HEIGHT="53" HPOS="193" VPOS="3930" WIDTH="54" />
<SP />
<String CONTENT="1c." CS="1" />
<SP HEIGHT="39" HPOS="336" VPOS="3936" WIDTH="24" />
<String CONTENT="June" HEIGHT="39" HPOS="360" VPOS="3936" WIDTH="127" />
<SP HEIGHT="40" HPOS="487" VPOS="3934" WIDTH="20" />
<String CONTENT="27," HEIGHT="46" HPOS="507" VPOS="3934" WIDTH="71" />
<SP HEIGHT="46" HPOS="578" VPOS="3934" WIDTH="25" />
<String CONTENT="1935;" HEIGHT="46" HPOS="603" VPOS="3934" WIDTH="141" />
<SP HEIGHT="46" HPOS="744" VPOS="3934" WIDTH="26" />
<String CONTENT="A" HEIGHT="38" HPOS="770" VPOS="3934" WIDTH="43" />
<SP HEIGHT="38" HPOS="813" VPOS="3934" WIDTH="21" />
<String CONTENT="ad" HEIGHT="38" HPOS="834" VPOS="3935" WIDTH="61" />
<SP HEIGHT="42" HPOS="895" VPOS="3932" WIDTH="24" />
<String CONTENT="int." HEIGHT="40" HPOS="919" VPOS="3933" WIDTH="85" />
<SP HEIGHT="40" HPOS="1004" VPOS="3932" WIDTH="25" />
<String CONTENT="20348;" CS="1" HEIGHT="41" HPOS="1029" VPOS="3932" WIDTH="145" />
<SP HEIGHT="37" HPOS="1200" VPOS="3943" WIDTH="24" />
<String CONTENT="pubd." HEIGHT="46" HPOS="1225" VPOS="3934" WIDTH="145" />
<SP HEIGHT="38" HPOS="1370" VPOS="3935" WIDTH="26" />
<String CONTENT="May" HEIGHT="48" HPOS="1396" VPOS="3935" WIDTH="113" />
<SP HEIGHT="47" HPOS="1509" VPOS="3936" WIDTH="23" />
<String CONTENT="2;" HEIGHT="47" HPOS="1532" VPOS="3936" WIDTH="53" />
<SP HEIGHT="45" HPOS="1585" VPOS="3938" WIDTH="28" />
<String CONTENT="J." HEIGHT="39" HPOS="1613" VPOS="3938" WIDTH="44" />
<SP HEIGHT="38" HPOS="1657" VPOS="3939" WIDTH="26" />
<String CONTENT="Lindsay," HEIGHT="49" HPOS="1683" VPOS="3938" WIDTH="227" />
<SP HEIGHT="45" HPOS="1910" VPOS="3942" WIDTH="25" />
<String CONTENT="Torquay," HEIGHT="50" HPOS="1935" VPOS="3942" WIDTH="239" />
</TextLine>
<TextLine CS="1" HEIGHT="38" HPOS="262" LANG="en-US" VPOS="3987" WIDTH="579">
<String CONTENT="England." CS="1" HEIGHT="34" HPOS="262" VPOS="3991" WIDTH="215" />
<SP HEIGHT="34" HPOS="478" VPOS="3991" WIDTH="85" />
<String CONTENT="(35-10322)" HEIGHT="37" HPOS="564" VPOS="3988" WIDTH="277" />
</TextLine>
</TextBlock>
</PrintSpace>
</Page>
</Layout>
</alto>