2424 4375
1231 4099 133 49 1430

313 474 202 66 Dobie,
542 474 344 54 Armistead
914 476 226 63 Mason,
1171 480 170 50 1881-

384 549 169 56 Cases
588 568 74 37 on
699 549 217 54 federal
954 548 365 69 jurisdiction
1356 548 112 56 and
1506 550 326 67 procedure,
1868 549 74 68 by
1980 547 327 57 Armistead

311 625 1620 70 M. Dobie … St. Paul, West publishing co., 1935.
382 699 169 47 xxxix,
583 698 85 41 803
698 709 44 37 p.
802 698 127 40 illus.
957 697 159 50 (map)
1183 698 57 41 26
1242 700 44 22 cm
1290 732 9 9 .
1371 699 280 48 (American
1682 699 235 42 casebook
1948 700 164 50 series,
2145 700 71 43 W.
2251 699 56 43 R.

311 756 174 47 Vance,
512 756 196 47 general
734 753 183 50 editor)

384 819 182 41 “Index
599 818 52 41 of
679 820 98 39 law
807 819 177 40 review
1016 819 198 40 articles
1246 819 156 41 cited”
1421 830 9 29 :
1466 831 43 37 p.
1538 820 321 40 xxxi-xxxix.

313 890 53 53 ©
399 894 128 47 Sept.
557 894 69 47 13,
657 893 118 40 1935
789 904 10 36 ;
831 893 67 40 2c.
931 892 100 41 Oct.
1061 892 55 40 12
1134 902 10 38 ;
1177 892 82 41 aff.
1293 893 102 40 Oct.
1427 893 56 38 14
1499 903 9 36 ;
1543 893 41 38 A
1615 892 143 42 80786
1776 904 9 36 ;
1819 894 134 39 West
1986 894 107 48 pub.
2127 904 67 29 co.

395 950 281 49 (35-19522)

315 1051 180 66 Elliff,
522 1053 190 64 Mary,
742 1053 171 55 1897-

387 1129 167 56 Some
589 1129 403 68 relationships
1028 1131 250 52 between
1312 1130 212 67 supply
1561 1133 112 51 and
1711 1132 243 53 demand
1993 1131 94 52 for
2121 1132 185 67 newly

315 1205 225 57 trained
571 1207 280 67 teachers;
884 1226 31 34 a
946 1225 206 51 survey
1180 1207 64 54 of
1272 1207 95 54 the
1397 1205 275 56 situation
1701 1208 61 53 in
1791 1226 31 34 a
1852 1209 236 53 selected
314 1227 1968 112 representative

626 1283 1679 72 state, Missouri, by Mary Elliff … New York city,
314 1363 277 54 Teachers
620 1362 228 69 college,
878 1362 300 57 Columbia
1206 1361 336 69 university,
1571 1367 151 50 1935.

315 1434 1975 107 4 p. l. , 69 p. 23½ cm . (Teachers college, Columbia university. Contributions to education, no. 654)
386 1549 171 42 Issued
586 1550 103 40 also
715 1560 56 31 as
797 1549 152 41 thesis
984 1549 109 50 (PH.
1153 1549 34 48 D.)
1224 1548 250 42 Columbia
1503 1547 284 50 university.

313 1617 53 52 ©
390 1622 116 46 July
531 1620 68 48 10,
624 1619 116 41 1935
756 1631 9 35 ;
791 1620 67 40 2c.
882 1621 119 45 Aug.
1026 1620 55 38 21
1099 1630 9 36 ;
1136 1619 81 40 aff.
1243 1621 119 45 Aug.
1386 1621 54 38 17
1458 1630 9 36 ;
1494 1621 42 37 A
1560 1618 145 40 86020
1720 1630 8 36 ;
1758 1620 62 38 M.
1846 1618 149 48 Elliff,
2021 1620 117 39 New
2163 1620 143 39 York.

390 1675 281 51 (35-19366)

315 1781 120 52 The
482 1779 380 54 Executive’s
906 1779 136 53 desk
1088 1778 173 68 book;
1310 1797 33 35 a
1386 1777 276 69 practical
1707 1782 231 51 manual
1985 1778 63 55 of
2094 1784 212 48 correct

381 1873 173 51 usage
580 1856 61 52 in
665 1855 270 69 business,
962 1855 218 68 official,
1211 1855 113 53 and
1352 1854 172 54 social
1555 1854 299 69 activities,
1883 1853 299 71 including
2209 1853 95 54 the

379 1932 268 54 Winston
693 1932 306 69 simplified
1049 1932 340 69 dictionary,
1437 1932 188 54 edited
1673 1933 76 69 by
1794 1931 262 55 William
2103 1932 201 68 Dodge

381 2009 1921 69 Lewis … Henry Seidel Canby … [and] Thomas Kite Brown,
381 2085 1922 72 jr. … special chapters on business problems by Frank
382 2163 1858 57 Parker … James Parsons Gifford … Gustave Simons …
406 2244 112 53 [and
543 2244 205 66 others]
780 2243 188 53 edited
992 2244 76 67 by
1094 2243 260 54 William
1380 2243 216 67 Joseph
1622 2243 156 68 Pelo,
1845 2286 9 10 A.
1938 2287 10 9 M.
381 2242 1897 147 Philadelphia,

567 2319 1677 71 CHicago [etc.] The John C. Winston company [ c 1935]
386 2393 64 48 xi,
480 2393 86 41 482
594 2403 59 39 p.,
685 2393 26 39 2
778 2424 9 16 l.,
817 2393 166 48 iii-xx,
1017 2393 114 40 1352
1160 2404 42 37 p.
1237 2393 108 41 incl.
1380 2392 143 54 illus.,
1554 2403 136 37 maps
1718 2393 137 49 (part
1886 2394 196 49 double)
2126 2394 174 48 diagrs.

315 2449 85 41 col.
427 2451 162 46 front.,
617 2449 84 41 col.
727 2449 171 49 plates.
957 2448 57 40 22½
1046 2451 45 22 cm
1094 2482 9 9 .

385 2506 99 42 One
507 2505 236 42 half-title
769 2506 258 48 preceding
1049 2505 258 42 Gazetteer
1331 2507 96 39 and
1455 2507 128 40 atlas
1608 2506 52 40 of
1684 2507 82 41 the
1792 2507 152 40 world
1969 2509 87 40 not
2081 2507 220 41 included

313 2561 50 41 in
387 2563 83 41 the
492 2563 181 48 paging
688 2572 9 38 ;
727 2562 290 48 descriptive
1043 2562 283 48 letterpress
1354 2573 60 30 on
1443 2573 138 31 verso
1609 2562 52 41 of
1686 2565 118 39 each
1832 2564 144 48 plate.

383 2619 101 43 The
529 2619 223 41 Winston
801 2619 255 49 simplified
1105 2620 275 47 dictionary
1425 2619 89 41 has
1562 2619 179 49 special
1789 2623 97 46 t.-p.
1936 2623 96 40 and
2080 2622 219 47 separate

313 2675 190 49 paging.

314 2742 53 53 ©
403 2747 126 48 Sept.
565 2747 69 46 19,
669 2746 139 48 1935;
845 2747 66 40 2c.
946 2748 95 39 and
1076 2747 81 40 aff.
1192 2747 102 40 Oct.
1329 2747 82 48 12;
1447 2747 42 40 A
1522 2748 170 47 86755;
1730 2749 127 40 John
1894 2749 48 41 C.
1979 2751 222 39 Winston
2235 2757 64 32 co.

383 2803 281 49 [Copyright
694 2804 41 39 is
766 2803 204 41 claimed
1000 2814 60 29 on
1089 2803 240 41 revisions
1359 2805 94 39 and
1485 2804 261 50 additions]

392 2859 280 51 (35-20233)

317 2961 251 64 Foreign
597 2963 191 63 policy
811 2961 374 65 association,
1212 2964 140 52 New
1383 2963 176 53 York.

315 3039 1959 144 War tomorrow; will·we keep out? … New York, The Foreign policy association, 1935.
384 3187 1909 50 1 p. l. , 38 p. illus. (incl. map) diagrs. 23½×18 cm . (Headline books,
313 3243 868 49 no. l. Ryllis A. Goslin, editor)
315 3310 53 53 ©
407 3315 127 48 Sept.
570 3315 70 47 23,
678 3313 118 41 1935
809 3324 9 37 ;
858 3314 65 40 2c.
967 3315 127 46 Sept.
1132 3314 82 47 11;
1254 3314 83 41 aff.
1377 3315 101 40 Oct.
1518 3315 53 48 1;
1611 3317 42 38 A
1689 3316 170 47 87394;
1900 3316 207 49 Foreign
2143 3316 151 49 policy

381 3381 143 37 assn.,
549 3371 90 40 inc.
712 3369 278 50 (35-19383)

314 3473 405 54 Freemasons.
793 3475 454 52 Massachusetts.
1326 3476 200 52 Grand
1558 3476 180 66 lodge.

384 3550 378 67 Proceedings
790 3551 62 54 of
878 3553 95 51 the
999 3557 148 47 most
1171 3552 343 67 worshipful
1542 3553 200 54 Grand
1770 3554 167 67 lodge
1963 3554 64 52 of
2052 3553 237 53 Ancient

315 3627 122 52 free
465 3628 112 51 and
609 3629 262 66 accepted
898 3646 222 36 masons
1149 3630 63 51 of
1240 3630 96 51 the
1365 3630 485 53 Commonwealth
1879 3632 63 52 of
309 3630 1957 128 Massachusetts

488 3705 1798 70 for the year 1934 … [Cambridge, Mass., The Cosmos
314 3800 173 48 press,
517 3782 126 65 inc.,
695 3785 151 63 c1935]

381 3853 99 47 viii,
510 3854 88 38 552
624 3865 42 36 p.
723 3854 164 47 front.,
915 3855 170 47 plates,
1112 3857 149 45 ports.
1318 3854 56 41 23
1377 3858 44 20 cm
1426 3887 8 7 .

311 3917 53 52 ©
392 3922 114 46 May
532 3919 40 51 9,
598 3921 117 40 1935
729 3932 9 37 ;
767 3921 67 41 2c.
863 3922 101 40 Oct.
991 3922 55 41 25
1063 3933 10 37 ;
1100 3922 82 41 aff.
1212 3924 101 40 Oct.
1341 3924 57 39 24
1414 3935 9 35 ;
1454 3925 42 38 A
1523 3924 140 40 88001
1682 3935 9 36 ;
1724 3926 197 46 Master,
1949 3924 219 40 wardens
2196 3921 89 40 and

380 3977 237 40 members
642 3978 53 38 of
720 3978 82 40 the
829 3978 164 40 Grand
1020 3979 141 48 lodge
1186 3979 53 39 of
1264 3990 195 30 masons
1484 3981 49 37 in
1561 3981 398 47 Massachusetts,
1988 3982 190 38 Boston.
