2424 4375
1156 4035 102 49 421

199 416 240 68 [Ogden,
467 418 176 53 Peter
670 416 208 67 Skene]
913 418 325 55 1794-1854.

268 494 193 53 Traits
490 493 63 53 of
578 492 304 54 American
909 493 213 53 Indian
1149 492 104 55 life
1282 495 45 50 &
1354 492 307 67 character,
1687 493 75 66 by
1792 510 31 34 a
1853 491 99 54 fur
1978 493 209 53 trader.

201 569 116 56 San
348 569 321 68 Francisco,
699 570 121 53 The
849 568 306 55 Grabhorn
1185 588 174 49 press,
1392 572 150 50 1933.

200 642 1973 103 6 p. l., 107 p. VI pl. (incl. front.) 29½ cm . (On cover: Rare Americana series. no. 9)
270 757 103 39 The
415 757 177 40 author
636 767 100 29 was
779 766 27 30 a
850 756 131 40 chief
1020 756 161 39 factor
1223 756 54 39 of
1318 756 83 39 the
1442 753 245 43 Hudson’s
1730 754 94 49 bay
1865 765 233 38 company
2141 755 51 40 in

201 812 188 41 British
418 812 249 41 Columbia
696 814 95 38 and
818 812 333 49 Washington,
1180 811 274 41 1835-1854.

272 869 129 40 “The
435 868 205 49 original
675 868 181 41 edition
889 868 255 49 published
1178 868 49 39 in
1260 868 199 39 London
1492 868 51 39 in
1576 867 114 41 1853
1723 878 101 30 was
1857 868 164 40 issued
199 868 1975 97 without
313 924 407 49 plates.”—Pref.,
750 925 192 48 signed:
975 925 217 46 Douglas
1220 924 45 41 S.
1294 925 216 47 Watson,
1541 924 171 41 editor.

274 981 364 40 “Illustrations
677 991 112 40 [are]
827 981 128 39 from
992 981 183 39 Father
1210 980 73 41 De
1319 980 171 41 Smet’s
1528 980 229 42 Missions
1792 981 59 40 de
1885 980 221 49 l’Oregon
2144 985 45 36 et

200 1047 210 38 voyages
438 1048 98 30 aux
565 1039 282 46 montagnes
878 1038 287 46 Rocheuses,
1201 1036 151 48 Gand,
1384 1036 281 41 1848.”—3d
1693 1037 170 49 prelim.
1909 1038 113 40 leaf.

202 1090 1974 110 © July 25, 1933; 2c. Nov. 21, 1934; aff. Mar. 23, 1935; A 81173; Grabhorn press. (35-4989)
197 1238 367 67 Parmenter,
596 1243 137 51 Mrs.
771 1239 301 57 Christine
1101 1239 329 67 (Whiting)
1471 1243 171 54 1877-

264 1318 122 53 The
414 1317 189 69 Kings
634 1317 64 54 of
727 1319 224 52 Beacon
981 1318 126 68 hill,
1134 1318 76 68 by
1242 1317 289 56 Christine
1560 1316 271 71 Whiting
1858 1320 336 53 Parmenter

256 1395 1628 70 … New York, Thomas Y. Crowell company [ c 1935]
275 1465 597 50 5 p. l., 3-380 p. 20 cm .
203 1522 53 54 ©
286 1526 113 49 Apr.
431 1526 41 47 2,
504 1526 141 47 1935;
678 1526 67 40 2c.
778 1526 111 48 Apr.
925 1525 82 47 12;
1041 1525 82 41 aff.
1156 1526 115 48 Apr.
1305 1527 81 46 11;
1422 1527 42 39 A
1496 1527 171 48 81388;
1744 1559 9 8 C.
1788 1528 71 40 W.
1894 1528 299 49 Parmenter,

271 1584 238 41 Colorado
540 1582 214 49 Springs.
825 1582 249 50 (35-5191)

199 1670 251 66 Peattie,
478 1671 226 54 Donald
735 1670 256 66 Culross,
1022 1677 170 49 1898-

274 1747 95 52 An
405 1748 256 54 almanac
695 1746 93 53 for
819 1747 276 66 moderns,
1128 1747 75 68 by
1236 1746 229 54 Donald
1501 1746 230 56 Culross
1766 1748 249 67 Peattie;
2054 1750 139 53 with

206 1824 289 69 drawings
531 1824 75 70 by
644 1824 168 69 Lynd
850 1823 195 55 Ward.
1120 1823 137 54 New
1298 1823 178 70 York,
1517 1823 67 55 G.
1626 1825 65 56 P.
1732 1826 295 56 Putnam’s
2068 1846 126 35 sons

211 1935 14 35 [
228 1909 19 22 c
253 1904 131 50 1935
391 1936 13 34 ]

275 1972 779 49 3 p. l., 3-396 p. illus. 21 cm .
205 2029 53 54 ©
283 2034 123 40 Mar.
430 2033 71 48 21,
527 2032 118 42 1935;
697 2033 67 40 2c.
793 2034 113 47 Apr.
934 2034 52 46 1;
1017 2032 81 41 aff.
1128 2034 119 39 Mar.
1278 2033 84 48 30;
1392 2033 41 40 A
1460 2033 169 49 81252;
1660 2036 57 39 D.
1748 2036 47 41 C.
1826 2036 203 49 Peattie,
270 2039 1909 100 Glenview,
438 2091 76 40 Ill.
584 2089 249 49 (35-5074)

202 2181 299 65 Peloubet,
527 2181 246 54 Francis
797 2180 262 57 Nathan.

339 2257 1856 76 … Select notes on the International Sunday school lessons,
204 2334 1988 72 improved uniform series: course for 1935 … By Wilbur M.
211 2413 205 68 Smith,
442 2434 48 34 d.
517 2434 47 34 d.
630 2417 119 49 61st
777 2417 209 50 annual
1011 2415 239 51 volume.
1314 2416 233 67 Boston,
1574 2418 190 67 Mass.,
1788 2419 91 53 W.
1906 2419 70 53 A.
2005 2421 190 54 Wilde

205 2510 279 50 company
517 2526 12 33 [
532 2499 20 21 c
557 2495 151 63 1934]

275 2567 85 38 411
385 2576 43 38 p.
482 2565 189 48 fronts.,
698 2565 142 46 illus.,
868 2565 84 40 col.
979 2565 171 47 plates,
1179 2575 149 38 maps.
1385 2564 56 40 22½
1474 2569 45 20 cm
1523 2598 8 8 .

208 2607 1991 65 © Sept. 10, 1934; 2c. Jan. 23, 1935; aff. Jan. 22; A 80143; W. A. Wilde
276 2690 66 30 co.

209 2771 176 63 Peña,
411 2769 154 53 Juan
590 2767 261 53 Antonio
873 2767 69 53 de
967 2767 75 53 la.

340 2844 1857 78 … Pena’s diary of the Aguayo expedition, translated by
209 2922 1988 75 Rev. Peter P. Forrestal … [Worcester, Mass., Printed by The
207 3000 317 55 Heffernan
550 3019 174 49 press,
751 3008 17 20 c
774 3002 149 63 1934]

277 3072 1922 59 2 p. l., 3-68 p. 23 cm . (Texas Catholic historical society. Preliminary
211 3133 187 41 studies.
497 3162 7 8 V.
576 3162 8 16 II,
609 3140 73 29 no.
710 3130 38 45 7,
777 3130 122 46 Jan.,
926 3128 117 40 1935
1128 3128 15 47 …)

282 3188 235 48 “Reprint
540 3187 128 39 from
698 3186 81 39 the
807 3185 214 40 Records
1048 3185 96 39 and
1172 3184 189 41 studies
1387 3186 54 39 of
1465 3187 86 40 the
1576 3187 178 41 United
1786 3190 165 43 States
1979 3194 221 44 Catholic

210 3245 252 42 historical
492 3243 195 47 society,
714 3241 89 41 vol.
956 3272 8 16 XXIV,
994 3241 116 47 Oct.,
1140 3240 157 41 1934.”

212 3298 1985 60 © Jan. 10, 1935; 2c. and aff. Jan. 14; A 79321; Paul J. Foik, Austin,
280 3361 114 39 Tex.

207 3453 206 61 Pence,
441 3450 148 53 Sara
615 3446 230 62 Bundy.

283 3525 231 64 Quaker
552 3524 252 54 bonnets,
844 3520 75 68 by
962 3520 143 56 Sara
1146 3520 210 67 Bundy
1397 3523 209 66 Pence;
1650 3522 268 59 linoleum
1960 3538 120 48 cuts
2121 3535 76 65 by

218 3604 177 55 Stella
449 3601 229 68 Knight
731 3601 192 51 Ruess.
1023 3596 276 69 [Ontario,
1356 3597 193 68 Calif.,
1602 3601 595 65 Herald-Silhouettes

214 3700 172 52 press.
415 3688 18 21 c
438 3684 135 50 1934]

284 3747 929 54 4 p. l., 11-43 p., 2 l. illus. 17½ cm .
286 3812 184 39 Poems.

289 3862 365 44 “Presentation
681 3860 181 40 edition
889 3860 52 39 of
964 3859 158 39 which
1149 3858 97 40 this
1274 3859 42 39 is
1340 3869 74 29 no.
1442 3858 129 43 287.”

216 3923 53 53 ©
300 3927 111 38 Dec.
443 3923 39 47 6,
514 3921 141 45 1934;
688 3919 65 39 2c.
786 3918 97 39 and
912 3917 82 40 aff.
1027 3916 120 40 Mar.
1181 3915 70 48 11,
1282 3914 142 49 1935;
1458 3917 42 39 A
1531 3917 171 51 80910;
1740 3923 43 41 S.
1818 3925 52 40 B.
1905 3927 166 48 Pence,
2105 3933 92 42 Los

281 3982 217 48 Angeles.
569 3974 249 52 (35-5024)
