2424 4375
1012 4029 131 49 1601

108 421 194 64 Laird,
329 422 219 53 Robert
573 422 237 63 Joseph.

106 497 1971 146 … Maybe Barnum was right, written by R. J. Laird. Illustrated by Minainnick. [Auckland, N. Z., A. Cleave & co.,
110 657 150 64 1935]

176 727 1088 47 cover-title, 35 numb. l., 1 l. illus. 20cm.
179 785 257 40 Corrected
461 784 227 39 material
712 784 228 39 mounted
965 793 111 30 over
1102 786 104 37 text
1231 784 51 40 of
1307 785 262 40 numbered
1594 786 161 40 leaves
1781 785 157 42 26-33.

109 838 1935 55 © 1c. Sept. 16, 1935; A ad int. 20790; pubd. Aug. 5; R. J. Laird, ℅
174 898 148 40 Laird
351 899 138 46 bros.,
519 898 268 47 Auckland,
817 898 115 39 New
963 898 225 39 Zealand.

105 1016 207 63 Leslie,
343 1015 180 53 Louis
551 1015 72 55 A.

175 1090 122 53 The
321 1090 265 69 teaching
612 1089 64 54 of
704 1089 195 69 Gregg
926 1090 314 53 shorthand
1271 1091 74 68 by
1371 1091 97 52 the
1496 1089 322 55 functional
1845 1091 250 69 method,

106 1170 306 67 developed
443 1169 180 52 under
652 1170 96 52 the
777 1168 262 69 personal
1070 1167 277 55 direction
1378 1170 62 52 of
1470 1172 156 54 John
1658 1172 212 52 Robert
1901 1171 196 70 Gregg

168 1246 1928 73 … by Louis A. Leslie … New York, Chicago [etc.] The Gregg
105 1326 331 68 publishing
463 1344 280 49 company
794 1328 174 64 [c1935]

209 1428 9 17 x,
247 1397 87 41 229
359 1406 43 39 p.
461 1397 116 40 21cm.

177 1454 130 39 “The
345 1454 107 40 first
491 1453 388 48 mimeographed
919 1454 184 40 edition
1141 1453 242 41 consisted
1424 1454 51 41 of
1516 1453 85 41 500
1640 1456 160 46 copies
1838 1455 164 42 issued
2042 1455 48 40 in

104 1508 1989 52 April, 1935 … This first printed edition, revised and enlarged, consists
105 1568 51 40 of
178 1567 131 52 3,000
337 1568 159 47 copies
525 1568 163 40 issued
716 1569 50 38 in
795 1566 216 49 October,
1042 1567 155 40 1935.”

174 1624 197 40 Edition
417 1624 253 47 published
715 1624 50 39 in
810 1625 151 46 April,
1008 1624 129 52 1935,
1182 1624 92 40 has
1322 1625 132 40 title:
1505 1625 124 40 How
1677 1626 22 38 I
1749 1629 140 38 teach
1939 1626 156 48 Gregg

105 1680 282 40 shorthand.

177 1735 309 42 “Shorthand
512 1737 159 48 plates
695 1737 196 40 written
923 1737 58 46 by
1010 1737 202 40 Charles
1242 1737 234 42 Zoubek.”

106 1793 50 52 ©
190 1797 118 39 Nov.
342 1796 39 47 6,
415 1795 140 48 1935;
591 1795 66 41 2c.
693 1798 95 37 and
823 1796 81 40 aff.
938 1797 117 39 Nov.
1092 1796 52 46 8;
1181 1797 41 38 A
1256 1796 170 48 89234;
1465 1797 157 49 Gregg
1655 1800 109 46 pub.
1799 1810 68 29 co.
171 1800 1906 100 [Copyright
327 1854 41 38 is
395 1853 204 40 claimed
625 1863 57 29 on
711 1863 105 29 new
842 1855 193 47 matter]
1108 1852 279 50 (35-25411)

102 1969 217 65 Lubbe,
347 1971 270 53 Marinus
642 1988 114 36 van
785 1972 120 63 der,
933 1975 326 63 1909-1934,
1286 1973 330 66 defendant.

103 2048 1963 146 The burning of the Reichstag, by Douglas Reed … London, Y. Gollancz, ltd., 1934.
169 2201 84 40 352
282 2211 43 37 p.
381 2202 169 46 plates,
580 2201 127 47 plan.
764 2200 145 39 22½cm.

174 2258 101 39 The
311 2257 262 47 Reichstag
607 2256 88 40 fire
731 2257 129 47 trial,
900 2256 277 48 September
1213 2255 69 49 21,
1320 2256 112 41 1933
1471 2260 47 38 to
1558 2258 261 39 December
1855 2258 69 47 23,
1963 2260 127 47 1933,

102 2326 98 28 was
229 2315 111 39 held
365 2315 166 39 before
559 2315 80 39 the
669 2314 186 39 Fourth
883 2315 141 46 penal
1054 2313 225 40 chamber
1308 2314 50 38 of
1389 2315 81 38 the
1504 2314 229 48 Supreme
1761 2318 142 37 court
1929 2315 52 40 of
2011 2317 80 38 the

102 2371 208 40 German
334 2371 130 39 reich;
520 2371 81 39 the
627 2371 203 39 accused
856 2370 140 47 being
1022 2369 220 40 Marinus
1268 2380 93 29 van
1387 2371 84 39 der
1499 2371 173 47 Lubbe,
1702 2372 148 39 Ernst
1876 2372 213 48 Torgler,

103 2428 173 47 Georgi
310 2427 262 47 Dimitroff,
609 2427 171 47 Blagoi
816 2426 172 48 Popoff
1020 2428 95 38 and
1150 2427 180 39 Wassil
1365 2427 185 39 Taneff.
1617 2427 71 40 On
1724 2428 261 40 December
2021 2428 70 48 23,

100 2483 126 49 1933,
257 2484 249 48 presiding
535 2483 186 41 Justice
752 2483 229 40 Wilhelm
1009 2484 194 46 Bünger
1236 2485 306 46 pronounced
1575 2495 28 29 a
1635 2483 190 41 verdict
1854 2485 52 39 of
1936 2483 155 50 guilty

101 2541 191 48 against
319 2552 93 29 van
442 2543 82 38 der
553 2541 164 40 Lubbe
741 2540 81 39 for
847 2541 117 47 high
990 2543 194 37 treason
1213 2541 48 38 in
1291 2540 83 41 the
1398 2543 137 37 overt
1564 2543 77 37 act
1668 2541 56 40 of
103 2540 1970 105 insurrectionary
226 2608 144 30 arson
408 2599 96 39 and
541 2608 59 28 on
638 2598 221 46 January
896 2597 68 48 19,
1003 2596 113 41 1934
1155 2599 85 37 the
1276 2597 293 40 condemned
1606 2606 100 31 was
1745 2599 256 39 sentenced
2041 2601 48 37 to

100 2656 158 39 death.
315 2655 104 39 The
445 2656 137 38 other
613 2654 293 40 defendants
934 2664 128 30 were
1091 2653 260 48 acquitted.

103 2701 1877 58 © 1c. May 3, 1934; A ad int. 18914 : pubd. Mar. 5; D. Reed, Berlin.
178 2767 278 49 (34-13441)

103 2882 295 67 Luengen,
425 2886 138 51 Mrs.
591 2886 78 52 M.
696 2883 265 53 Buzzelle
992 2883 366 65 (Barreaux)
1397 2886 170 49 1895-

168 2962 388 53 Professional
584 2963 405 64 cosmetology;
1022 2958 270 56 scientific
1322 2960 173 66 study
1523 2960 63 52 of
1613 2961 96 52 the
1738 2960 145 65 hair,
1914 2958 172 68 scalp,

101 3038 178 53 hands
316 3039 111 52 and
463 3038 152 66 face;
657 3041 132 50 1001
823 3043 140 60 true,
1000 3038 145 51 false
1181 3038 112 51 and
1330 3036 342 67 completion
1706 3038 284 65 questions
2026 3038 55 51 in

102 3115 257 53 addition
404 3122 59 46 to
508 3116 95 52 the
646 3121 139 60 text,
830 3116 72 65 by
951 3116 77 52 M.
1076 3113 263 55 Buzzelle
1384 3116 286 65 Luengen.
1777 3114 308 66 [Whittier.

101 3192 192 67 Calif.,
319 3194 260 52 Western
607 3191 263 68 printing
895 3192 379 67 corporation,
1302 3195 173 63 c1935]

167 3262 342 49 704 p. illus. 23½cm.
169 3318 371 50 Bibliography:
578 3329 43 39 p.
654 3319 99 40 704.

102 3373 50 52 ©
181 3378 123 49 Sept.
331 3378 69 46 20,
428 3377 139 47 1935;
597 3378 68 40 2c.
693 3378 100 40 Oct.
821 3379 80 45 15;
931 3377 82 40 aff.
1042 3377 102 40 Oct.
1172 3378 80 46 14;
1284 3378 40 38 A
1352 3376 146 41 87697;
1552 3378 61 37 M.
1643 3377 54 39 B.
1725 3376 239 49 Luengen,
1993 3378 92 39 Los

165 3435 216 48 Angeles.
452 3435 279 47 (35-24877)

100 3549 366 67 Macfadden,
496 3552 260 53 Bernarr
785 3551 322 64 Adolphus,
1142 3554 169 49 1868-

167 3628 240 67 Fasting
449 3629 95 51 for
585 3626 223 68 health;
856 3649 29 32 a
929 3628 273 66 complete
1245 3625 171 68 guide
1459 3645 71 33 on
1574 3627 145 65 how,
1760 3627 161 50 when
1968 3626 111 52 and

99 3703 1979 69 why to use the fasting cure, by Bernarr Macfadden … New
99 3781 173 57 York,
299 3782 348 51 Macfadden
675 3782 145 51 book
848 3800 294 47 company,
1175 3782 121 58 inc.,
1327 3784 148 48 1935.

165 3848 1351 50 2 p. l ., ix-xix p., 1 l., 202 p. front. (port.) 19½cm.
99 3903 50 52 ©
177 3909 97 39 Oct.
304 3909 70 46 25,
402 3909 112 40 1935;
571 3910 67 38 2c.
669 3910 95 38 and
793 3909 81 39 aff.
903 3909 117 40 Nov.
1049 3909 30 38 2.;
1132 3909 44 38 A
1200 3907 143 41 88091;
1402 3907 293 40 Macfadden
1724 3907 122 39 book
1876 3916 81 37 co.,
1988 3905 89 41 inc.

172 3964 275 42 (35-24872)
