2424 4375
1014 4013 98 54 877

155 489 55 39 42
257 500 39 36 p.
369 487 53 40 23
426 490 44 21 cm
475 520 7 6 .
566 489 195 47 ([North
808 487 241 41 Carolina.
1127 488 291 50 University]
1494 488 283 49 University
1819 488 254 42 extension

91 545 216 40 division.
375 543 280 48 University
692 546 53 37 of
783 545 156 38 North
979 545 227 39 Carolina
1245 545 185 47 library
1469 546 251 38 extension
1760 546 298 46 publication.

90 602 86 39 vol.
203 603 36 44 1,
266 611 74 28 no.
367 601 39 46 5,
435 601 137 46 June,
601 600 138 48 1935)

92 668 50 53 ©
163 672 123 39 June
307 670 68 47 25,
399 669 112 41 1935;
564 670 66 39 2c.
654 670 125 39 June
801 669 80 47 28;
909 670 82 40 aff.
1016 670 128 39 June
1163 669 57 41 27;
1274 671 41 38 A
1338 670 144 41 84484;
1534 670 282 49 University
1840 672 51 38 of
1915 672 156 39 North

156 727 224 42 Carolina
409 737 148 38 press.

88 830 276 63 Lucquin,
394 829 226 55 Albert.

216 904 1792 68 … La composition française et l’éducation de la pensée …
89 982 1982 66 Avec une préface de m. ab der Halden … Paris, Hachette
92 1064 167 64 [1934]

154 1144 32 29 x
213 1143 58 38 p.,
299 1132 25 39 1
373 1164 23 16 l.,
425 1131 88 40 216
539 1142 45 38 p.
644 1130 54 41 19
702 1133 43 21 cm
749 1163 9 9 .

81 1185 1989 53 © Nov. 28, 1934; 1c. Apr. 16, 1935; A- Foreign 27586; Librairie Hachette.
165 1245 247 49 (35-9268)

88 1347 430 53 Mademoiselle
549 1348 153 51 from
734 1347 399 54 Armentières.
1202 1366 50 33 v.
1287 1350 48 49 2.
1404 1348 335 53 Illustrated
1773 1350 75 66 by
1880 1350 191 52 Alban

157 1428 63 51 B.
253 1428 218 52 Butler,
501 1426 68 66 jr.
646 1426 137 52 New
814 1425 177 67 York,
1020 1424 156 54 Priv.
1208 1426 194 66 print.,
1431 1428 167 50 Press
1627 1426 63 52 of
1719 1427 93 52 the
1843 1429 228 66 Woolly

155 1505 195 65 whale,
379 1506 148 50 1935.

155 1579 94 46 xlv,
280 1578 69 49 [8],
375 1578 99 45 111,
503 1578 53 47 [1]
586 1587 43 37 p.
682 1576 141 46 illus.,
851 1576 85 39 col.
963 1574 190 40 facsim.
1207 1575 59 40 20
1266 1577 45 21 cm
1315 1607 8 8 .

158 1635 282 38 Illustrated
474 1633 360 45 lining-papers.

156 1692 169 37 Verses
351 1689 51 40 of
426 1699 25 28 a
478 1689 258 46 European
761 1697 100 29 war
886 1697 129 37 song,
1043 1686 160 40 edited
1228 1687 62 47 by
1316 1688 62 38 M.
1404 1688 54 38 B.
1484 1687 141 47 Cary,
1649 1687 59 47 jr.

153 1748 131 39 With
312 1745 163 40 music.

89 1800 49 52 ©
168 1804 113 46 July
311 1804 39 42 1,
380 1801 139 43 1935;
551 1800 65 40 2c.
648 1800 117 47 July
792 1800 51 46 5;
876 1799 82 40 aff.
994 1800 115 47 July
1138 1799 52 47 6;
1222 1800 44 38 A
1293 1799 169 47 84550;
1496 1800 204 40 Melbert
1734 1801 53 39 B.
1821 1801 139 48 Cary,
1994 1802 74 47 jr.,

153 1861 115 39 New
295 1860 143 38 York.

85 1958 296 65 Manning,
411 1957 253 55 William
694 1959 146 62 Ray,
873 1958 170 53 1871-
1254 1957 82 51 ed.

157 2037 352 67 Diplomatic
561 2035 472 67 correspondence
1086 2034 63 53 of
1200 2035 98 52 the
1347 2035 218 53 United
1619 2034 215 67 States;
1890 2037 173 52 inter-
83 2114 299 53 American
410 2111 212 68 affairs,
650 2115 323 64 1831-1860,
998 2111 239 53 selected
1264 2113 113 52 and
1404 2114 282 66 arranged
1711 2114 74 67 by
1809 2114 261 55 William

85 2188 1983 72 R. Manning … Volume 6. Dominican republic, Ecuador,
85 2273 228 63 France,
348 2271 325 51 documents
707 2266 326 54 2191-2671.
1099 2267 401 68 Washington,
1536 2269 279 67 Carnegie
86 2272 1959 129 endowment
263 2349 94 51 for
383 2348 408 52 international
820 2363 184 49 peace,
1034 2349 149 50 1935.

153 2421 136 40 xxxii
314 2432 58 37 p.,
399 2420 26 38 2
472 2451 22 16 l.,
519 2419 145 40 3-735
685 2428 44 38 p.
784 2418 55 39 25
843 2420 42 20 cm
890 2448 8 8 .
967 2416 298 50 (Half-title:
1290 2417 332 41 Publications
1646 2419 55 39 of
1727 2419 81 40 the
1835 2420 237 49 Carnegie

82 2479 298 39 endowment
398 2477 79 38 for
498 2474 350 41 international
870 2482 153 40 peace.
1078 2473 224 41 Division
1320 2474 53 40 of
1396 2474 350 41 international
1770 2477 107 47 law,
83 2478 1968 106 Washington)

87 2587 49 53 ©
163 2592 114 47 July
303 2592 40 45 1,
370 2589 139 46 1935;
537 2588 67 40 2c.
633 2589 98 38 and
759 2586 81 41 aff.
870 2587 115 48 July
1011 2586 82 48 23;
1122 2588 43 38 A
1191 2587 170 47 84712;
1395 2587 238 48 Carnegie
1659 2588 304 42 endowment
1990 2590 77 40 for

151 2647 244 41 internatl.
428 2656 156 38 peace.

84 2747 224 65 Michel,
335 2747 190 64 Virgil
553 2748 242 62 George,
823 2746 209 64 father,
1060 2748 169 50 1890-

151 2821 1918 70 The redeeming sacrifice, by Dom Virgil Michel … Dom Basil
89 2899 1980 72 Stegmann … and the Sisters of the Order of St. Dominic,
85 2980 163 68 Mary
253 2980 179 67 wood,
457 2978 200 55 Grand
683 2978 239 68 Rapids,
950 2975 326 70 Michigan;
1310 2978 324 55 illustrated
1666 2979 76 68 by
1771 2978 295 55 Gottfried

88 3057 252 55 Schiller.
414 3057 138 52 New
579 3055 179 62 York,
787 3056 120 53 The
933 3055 333 53 Macmillan
1296 3073 297 50 company,
1621 3059 149 49 1935.

152 3131 64 47 ix,
233 3131 56 39 228
335 3140 42 38 p.
396 3128 108 41 incl.
522 3129 164 47 front.,
702 3128 129 40 illus.
861 3128 131 47 (incl.
1011 3126 178 49 music)
1262 3126 56 41 19
1320 3131 45 22 cm
1369 3159 10 10 .
1455 3128 298 49 (Half-title:
1768 3128 100 41 The
87 3129 1964 97 Christlife
193 3187 147 40 series
366 3186 48 39 in
443 3185 201 46 religion.
716 3184 124 41 book
865 3186 50 43 5)

418 3240 1647 49 CONTENTS. — The holy sacrifice of the mass. — The incarnation. — The
86 3298 301 49 redemption.

86 3348 49 53 ©
158 3356 111 47 May
293 3357 68 44 14,
387 3354 112 41 1935;
555 3355 65 40 2c.
646 3355 95 39 and
766 3354 81 39 aff.
873 3356 116 45 May
1011 3354 54 40 15;
1123 3355 37 37 A
1190 3353 144 41 83113;
1386 3352 280 41 Macmillan
1691 3363 68 30 co.

159 3411 246 48 (35-9192)

81 3506 139 56 New
250 3511 159 52 York
453 3512 215 66 (State)
755 3512 218 52 Courts.

207 3587 1853 69 … The miscellaneous reports; cases decided in the Courts of
84 3666 190 51 record
317 3666 62 52 of
421 3666 97 52 the
557 3671 143 47 state
743 3666 63 52 of
847 3668 138 51 New
1028 3666 179 66 York,
1250 3666 161 51 other
1453 3667 141 51 than
1635 3666 94 52 the
1776 3667 181 53 Court
1996 3665 63 52 of

86 3744 223 64 appeals
359 3744 110 51 and
517 3744 94 51 the
657 3744 309 67 Appellate
1012 3744 247 52 division
1305 3742 64 53 of
1415 3744 94 51 the
1560 3743 272 67 Supreme
1882 3748 173 47 court.

82 3816 204 54 Austin
321 3822 65 49 B.
424 3817 217 57 Griffin,
676 3827 268 59 reporter.
1014 3821 242 52 Volume
1294 3823 116 63 154,
1448 3824 148 48 1935.
1676 3817 236 68 [Official
1948 3820 103 65 ed.]

89 3894 234 68 Albany,
349 3899 54 53 J.
431 3899 65 50 B.
522 3899 164 63 Lyon
711 3915 293 49 company,
1031 3900 149 50 1935.
