<alto xmlns="http://www.loc.gov/standards/alto/ns-v3#" xmlns:xsi="http://www.w3.org/2001/XMLSchema-instance" xsi:schemaLocation="http://www.loc.gov/standards/alto/ns-v3# http://www.loc.gov/alto/v3/alto-3-0.xsd"><Description>
<MeasurementUnit>pixel</MeasurementUnit>
<sourceImageInformation>
<fileName>1935_v32_Part1.pdf</fileName>
</sourceImageInformation>
<OCRProcessing ID="IdOcr">
<ocrProcessingStep>
<processingDateTime>2019-01-15</processingDateTime>
<processingSoftware>
<softwareCreator>ABBYY</softwareCreator>
<softwareName>ABBYY Recognition Server</softwareName>
<softwareVersion>4.0</softwareVersion>
</processingSoftware>
</ocrProcessingStep>
</OCRProcessing>
</Description>
<Styles>
<ParagraphStyle ALIGN="Left" FIRSTLINE="0." ID="StyleId-FFFFFFFF-FFFF-FFFF-FFFF-FFFFFFFFFFFF-" LEFT="0." RIGHT="0." />
<ParagraphStyle ALIGN="Left" FIRSTLINE="0." ID="StyleId-09A13A44-4F77-4ABE-84F3-84CC8B3C72CE-" LEFT="0." LINESPACE="7.699999809" RIGHT="0." />
<ParagraphStyle ALIGN="Left" FIRSTLINE="-10." ID="StyleId-1F945060-F8CD-4435-B69A-5FF49DB0C586-" LEFT="0." LINESPACE="12.19999981" RIGHT="0." />
<ParagraphStyle ALIGN="Block" FIRSTLINE="-14." ID="StyleId-C6CAE747-F5A4-4D0D-8D74-D452DA7E2C1C-" LEFT="0." LINESPACE="8.350000381" RIGHT="0." />
<ParagraphStyle ALIGN="Left" FIRSTLINE="0." ID="StyleId-FC0F3374-189A-459E-BE29-2DC14180F022-" LEFT="0." RIGHT="0." />
<ParagraphStyle ALIGN="Left" FIRSTLINE="-12." ID="StyleId-49397C49-A894-4B3E-BA5E-1126226BA375-" LEFT="0." LINESPACE="11.09000015" RIGHT="0." />
<ParagraphStyle ALIGN="Block" FIRSTLINE="-14." ID="StyleId-9E34DD3A-E661-48BD-A3A1-6A3D48346F00-" LEFT="0." LINESPACE="11.09000015" RIGHT="0." />
<ParagraphStyle ALIGN="Left" FIRSTLINE="0." ID="StyleId-56CE54AA-A08B-4BAA-8605-F26020A0E36E-" LEFT="0." LINESPACE="9.399999619" RIGHT="0." />
<ParagraphStyle ALIGN="Left" FIRSTLINE="-11." ID="StyleId-77814FFC-C42F-4AA9-9880-EF33B947DEC8-" LEFT="0." LINESPACE="11.06999969" RIGHT="0." />
<ParagraphStyle ALIGN="Center" FIRSTLINE="0." ID="StyleId-FDE92EC0-67DC-4C7B-8A24-094B12C38B6C-" LEFT="0." LINESPACE="11.30000019" RIGHT="0." />
<ParagraphStyle ALIGN="Left" FIRSTLINE="0." ID="StyleId-65180E3B-4C93-4FB8-81EE-E026DD63DBF3-" LEFT="0." LINESPACE="11.10000038" RIGHT="0." />
<ParagraphStyle ALIGN="Left" FIRSTLINE="0." ID="StyleId-10E885C2-5813-4620-B0AA-0FBA30CF7A32-" LEFT="0." LINESPACE="9.5" RIGHT="0." />
<ParagraphStyle ALIGN="Left" FIRSTLINE="0." ID="StyleId-913C2DB5-9F02-4067-BAF7-0AED37B60BBE-" LEFT="0." LINESPACE="6.099999905" RIGHT="0." />
<ParagraphStyle ALIGN="Left" FIRSTLINE="0." ID="StyleId-9C79A9D2-8F08-4A8F-985D-B00E253ED1E5-" LEFT="0." LINESPACE="4.400000095" RIGHT="0." />
<ParagraphStyle ALIGN="Left" FIRSTLINE="0." ID="StyleId-A41F0407-FEFE-4738-9EC5-E05AFFF62781-" LEFT="0." LINESPACE="7.300000191" RIGHT="0." />
<ParagraphStyle ALIGN="Left" FIRSTLINE="0." ID="StyleId-61D37176-94E8-408D-9B87-01C406CE8AB2-" LEFT="0." LINESPACE="8.050000191" RIGHT="0." />
</Styles>
<Layout>
<Page HEIGHT="4384" ID="Page191" PHYSICAL_IMG_NR="191" WIDTH="2526">
<TopMargin HEIGHT="364" HPOS="0" VPOS="0" WIDTH="2526">
</TopMargin>
<LeftMargin HEIGHT="3712" HPOS="0" VPOS="364" WIDTH="128">
</LeftMargin>
<RightMargin HEIGHT="3712" HPOS="2160" VPOS="364" WIDTH="366">
</RightMargin>
<BottomMargin HEIGHT="308" HPOS="0" VPOS="4076" WIDTH="2526">
</BottomMargin>
<PrintSpace HEIGHT="3712" HPOS="128" VPOS="364" WIDTH="2032">
<TextBlock HEIGHT="70" HPOS="1094" ID="Page191_Block1" LANG="en-US" STYLEREFS="StyleId-F081EDFD-9A04-45E0-BA74-74491346D747-" VPOS="4006" WIDTH="114">
<TextLine HEIGHT="48" HPOS="1105" VPOS="4017" WIDTH="94">
<String CONTENT="191" HEIGHT="48" HPOS="1105" VPOS="4017" WIDTH="94" />
</TextLine>
</TextBlock>
<TextBlock CS="1" HEIGHT="3650" HPOS="128" ID="Page191_Block2" LANG="en-US" STYLEREFS="StyleId-54453F77-72E7-4B0C-8506-5CAAF7925F1E-" VPOS="364" WIDTH="2032">
<TextLine HEIGHT="69" HPOS="139" STYLEREFS="StyleId-881DD7D3-1455-465A-9020-B655F89D1B0A-" VPOS="400" WIDTH="705">
<String CONTENT="Walker," HEIGHT="66" HPOS="139" LANG="de" VPOS="403" WIDTH="253" />
<SP HEIGHT="65" HPOS="393" VPOS="404" WIDTH="27" />
<String CONTENT="Hattie" HEIGHT="55" HPOS="421" LANG="en-US" VPOS="401" WIDTH="208" />
<SP HEIGHT="54" HPOS="630" VPOS="402" WIDTH="26" />
<String CONTENT="Adell." HEIGHT="56" HPOS="657" LANG="de" VPOS="400" WIDTH="187" />
</TextLine>
<TextLine CS="1" HEIGHT="72" HPOS="240" STYLEREFS="StyleId-3C67E3D5-AFBB-49AA-A0DE-4063F45EAF88-" VPOS="475" WIDTH="1894">
<String CONTENT="Read" HEIGHT="52" HPOS="240" VPOS="482" WIDTH="162" />
<SP HEIGHT="52" HPOS="403" VPOS="482" WIDTH="37" />
<String CONTENT="a" HEIGHT="33" HPOS="441" VPOS="501" WIDTH="29" />
<SP HEIGHT="35" HPOS="471" VPOS="499" WIDTH="38" />
<String CONTENT="new" HEIGHT="35" HPOS="510" VPOS="497" WIDTH="123" />
<SP HEIGHT="33" HPOS="634" VPOS="499" WIDTH="36" />
<String CONTENT="story" HEIGHT="61" HPOS="671" VPOS="486" WIDTH="160" />
<SP HEIGHT="49" HPOS="832" VPOS="498" WIDTH="34" />
<String CONTENT="now," HEIGHT="49" HPOS="867" VPOS="496" WIDTH="146" />
<SP HEIGHT="66" HPOS="1014" VPOS="479" WIDTH="35" />
<String CONTENT="by" HEIGHT="66" HPOS="1050" VPOS="479" WIDTH="76" />
<SP HEIGHT="68" HPOS="1127" VPOS="477" WIDTH="37" />
<String CONTENT="Hattie" HEIGHT="54" HPOS="1165" VPOS="477" WIDTH="202" />
<SP HEIGHT="54" HPOS="1368" VPOS="477" WIDTH="36" />
<String CONTENT="Adell" HEIGHT="52" HPOS="1405" VPOS="477" WIDTH="173" />
<SP HEIGHT="54" HPOS="1579" VPOS="476" WIDTH="35" />
<String CONTENT="Walker" HEIGHT="55" HPOS="1615" VPOS="475" WIDTH="238" />
<SP HEIGHT="34" HPOS="1854" VPOS="494" WIDTH="40" />
<String CONTENT="&#8230;" CS="1" />
<SP HEIGHT="34" HPOS="1951" VPOS="494" WIDTH="42" />
<String CONTENT="with" HEIGHT="52" HPOS="1994" VPOS="476" WIDTH="140" />
</TextLine>
<TextLine CS="1" HEIGHT="151" HPOS="138" STYLEREFS="StyleId-3C67E3D5-AFBB-49AA-A0DE-4063F45EAF88-" VPOS="553" WIDTH="1972">
<String CONTENT="illustrations" HEIGHT="53" HPOS="139" VPOS="559" WIDTH="377" />
<SP HEIGHT="53" HPOS="517" VPOS="558" WIDTH="38" />
<String CONTENT="by" HEIGHT="66" HPOS="556" VPOS="558" WIDTH="75" />
<SP HEIGHT="67" HPOS="632" VPOS="557" WIDTH="37" />
<String CONTENT="Keith" HEIGHT="53" HPOS="670" VPOS="556" WIDTH="179" />
<SP HEIGHT="54" HPOS="850" VPOS="556" WIDTH="37" />
<String CONTENT="Ward." HEIGHT="54" HPOS="888" VPOS="556" WIDTH="199" />
<SP HEIGHT="55" HPOS="1088" VPOS="555" WIDTH="76" />
<String CONTENT="Chicago," HEIGHT="66" HPOS="1165" VPOS="555" WIDTH="272" />
<SP HEIGHT="64" HPOS="1438" VPOS="556" WIDTH="38" />
<String CONTENT="Beckley-Cardy" HEIGHT="67" HPOS="1477" VPOS="553" WIDTH="473" />
<SP HEIGHT="48" HPOS="1951" VPOS="571" WIDTH="37" />
<String CONTENT="company" HEIGHT="134" HPOS="138" VPOS="570" WIDTH="1972" />
<SP HEIGHT="48" HPOS="294" VPOS="655" WIDTH="35" />
<String CONTENT="[c1935]" CS="1" HEIGHT="64" HPOS="330" VPOS="639" WIDTH="193" />
</TextLine>
<TextLine CS="1" HEIGHT="53" HPOS="208" VPOS="704" WIDTH="876">
<String CONTENT="152" HEIGHT="41" HPOS="208" VPOS="708" WIDTH="84" />
<SP HEIGHT="49" HPOS="293" VPOS="708" WIDTH="32" />
<String CONTENT="p." HEIGHT="37" HPOS="326" VPOS="720" WIDTH="44" />
<SP HEIGHT="39" HPOS="371" VPOS="708" WIDTH="58" />
<String CONTENT="illus." HEIGHT="40" HPOS="430" VPOS="707" WIDTH="128" />
<SP HEIGHT="48" HPOS="559" VPOS="707" WIDTH="28" />
<String CONTENT="(part" HEIGHT="48" HPOS="588" VPOS="707" WIDTH="134" />
<SP HEIGHT="38" HPOS="723" VPOS="709" WIDTH="34" />
<String CONTENT="col.)" HEIGHT="47" HPOS="758" VPOS="705" WIDTH="111" />
<SP HEIGHT="47" HPOS="870" VPOS="705" WIDTH="68" />
<String CONTENT="19&#189;" CS="1" HEIGHT="41" HPOS="939" VPOS="704" WIDTH="57" />
<String CONTENT="cm" HEIGHT="21" HPOS="1027" STYLE="superscript" VPOS="707" WIDTH="44" />
<String CONTENT="." HEIGHT="9" HPOS="1075" VPOS="738" WIDTH="9" />
</TextLine>
<TextLine HEIGHT="49" HPOS="210" VPOS="777" WIDTH="690">
<String CONTENT="Illustrated" HEIGHT="41" HPOS="210" VPOS="778" WIDTH="286" />
<SP HEIGHT="40" HPOS="497" VPOS="779" WIDTH="29" />
<String CONTENT="t.-p." HEIGHT="45" HPOS="527" VPOS="781" WIDTH="97" />
<SP HEIGHT="40" HPOS="625" VPOS="778" WIDTH="28" />
<String CONTENT="in" HEIGHT="39" HPOS="654" VPOS="778" WIDTH="48" />
<SP HEIGHT="29" HPOS="703" VPOS="788" WIDTH="27" />
<String CONTENT="colors." HEIGHT="41" HPOS="731" VPOS="777" WIDTH="169" />
</TextLine>
<TextLine CS="1" HEIGHT="53" HPOS="143" VPOS="844" WIDTH="1915">
<String CONTENT="&#169;" HEIGHT="52" HPOS="143" VPOS="845" WIDTH="53" />
<SP HEIGHT="52" HPOS="197" VPOS="845" WIDTH="24" />
<String CONTENT="Feb." CS="1" HEIGHT="39" HPOS="222" VPOS="850" WIDTH="96" />
<SP HEIGHT="41" HPOS="332" VPOS="846" WIDTH="24" />
<String CONTENT="2," HEIGHT="47" HPOS="357" VPOS="849" WIDTH="40" />
<SP HEIGHT="46" HPOS="398" VPOS="850" WIDTH="26" />
<String CONTENT="1935;" CS="1" HEIGHT="40" HPOS="425" VPOS="849" WIDTH="113" />
<SP HEIGHT="46" HPOS="567" VPOS="849" WIDTH="27" />
<String CONTENT="2c." HEIGHT="39" HPOS="595" VPOS="849" WIDTH="67" />
<SP HEIGHT="40" HPOS="663" VPOS="848" WIDTH="28" />
<String CONTENT="Feb." HEIGHT="39" HPOS="692" VPOS="848" WIDTH="109" />
<SP HEIGHT="39" HPOS="802" VPOS="847" WIDTH="25" />
<String CONTENT="21;" CS="1" HEIGHT="39" HPOS="828" VPOS="847" WIDTH="56" />
<SP HEIGHT="36" HPOS="912" VPOS="858" WIDTH="27" />
<String CONTENT="aff." CS="1" HEIGHT="40" HPOS="940" VPOS="847" WIDTH="80" />
<SP HEIGHT="39" HPOS="1021" VPOS="847" WIDTH="29" />
<String CONTENT="Feb." HEIGHT="39" HPOS="1051" VPOS="847" WIDTH="108" />
<SP HEIGHT="38" HPOS="1160" VPOS="848" WIDTH="27" />
<String CONTENT="15;" CS="1" HEIGHT="39" HPOS="1188" VPOS="847" WIDTH="55" />
<SP HEIGHT="45" HPOS="1271" VPOS="847" WIDTH="28" />
<String CONTENT="A" HEIGHT="38" HPOS="1300" VPOS="847" WIDTH="42" />
<SP HEIGHT="39" HPOS="1343" VPOS="847" WIDTH="25" />
<String CONTENT="79767;" CS="1" HEIGHT="41" HPOS="1369" VPOS="845" WIDTH="143" />
<SP HEIGHT="45" HPOS="1540" VPOS="847" WIDTH="29" />
<String CONTENT="Beckley-Cardy" HEIGHT="49" HPOS="1570" VPOS="844" WIDTH="392" />
<SP HEIGHT="36" HPOS="1963" VPOS="856" WIDTH="26" />
<String CONTENT="co." HEIGHT="30" HPOS="1990" LANG="ru" VPOS="855" WIDTH="68" />
</TextLine>
<TextLine HEIGHT="48" HPOS="220" VPOS="905" WIDTH="249">
<String CONTENT="(35-3089)" HEIGHT="48" HPOS="220" VPOS="905" WIDTH="249" />
</TextLine>
<TextLine HEIGHT="66" HPOS="141" STYLEREFS="StyleId-3C67E3D5-AFBB-49AA-A0DE-4063F45EAF88-" VPOS="1008" WIDTH="1048">
<String CONTENT="Waugh," HEIGHT="65" HPOS="141" VPOS="1009" WIDTH="248" />
<SP HEIGHT="63" HPOS="390" VPOS="1011" WIDTH="25" />
<String CONTENT="Mrs." HEIGHT="51" HPOS="416" VPOS="1011" WIDTH="139" />
<SP HEIGHT="53" HPOS="556" VPOS="1009" WIDTH="28" />
<String CONTENT="Julia" HEIGHT="54" HPOS="585" VPOS="1008" WIDTH="157" />
<SP HEIGHT="63" HPOS="743" VPOS="1010" WIDTH="29" />
<String CONTENT="(Nott)" HEIGHT="65" HPOS="773" VPOS="1008" WIDTH="210" />
<SP HEIGHT="64" HPOS="984" VPOS="1008" WIDTH="34" />
<String CONTENT="1888-" HEIGHT="51" HPOS="1019" VPOS="1012" WIDTH="170" />
</TextLine>
<TextLine HEIGHT="68" HPOS="211" STYLEREFS="StyleId-3C67E3D5-AFBB-49AA-A0DE-4063F45EAF88-" VPOS="1084" WIDTH="1928">
<String CONTENT="Castro-" HEIGHT="55" HPOS="211" VPOS="1086" WIDTH="227" />
<String CONTENT="ville" HEIGHT="53" HPOS="443" LANG="fr" VPOS="1086" WIDTH="135" />
<SP HEIGHT="33" HPOS="579" VPOS="1106" WIDTH="39" />
<String CONTENT="and" HEIGHT="53" HPOS="619" VPOS="1086" WIDTH="113" />
<SP HEIGHT="53" HPOS="733" VPOS="1086" WIDTH="39" />
<String CONTENT="Henry" HEIGHT="66" HPOS="773" VPOS="1086" WIDTH="203" />
<SP HEIGHT="67" HPOS="977" VPOS="1085" WIDTH="38" />
<String CONTENT="Castro," HEIGHT="66" HPOS="1016" VPOS="1085" WIDTH="220" />
<SP HEIGHT="47" HPOS="1237" VPOS="1104" WIDTH="38" />
<String CONTENT="empresario," HEIGHT="67" HPOS="1276" VPOS="1084" WIDTH="363" />
<SP HEIGHT="66" HPOS="1640" VPOS="1084" WIDTH="36" />
<String CONTENT="by" HEIGHT="66" HPOS="1677" VPOS="1084" WIDTH="76" />
<SP HEIGHT="66" HPOS="1754" VPOS="1084" WIDTH="37" />
<String CONTENT="Julia" HEIGHT="54" HPOS="1792" VPOS="1084" WIDTH="161" />
<SP HEIGHT="52" HPOS="1954" VPOS="1084" WIDTH="39" />
<String CONTENT="Nott" HEIGHT="52" HPOS="1994" VPOS="1084" WIDTH="145" />
</TextLine>
<TextLine HEIGHT="69" HPOS="145" STYLEREFS="StyleId-3C67E3D5-AFBB-49AA-A0DE-4063F45EAF88-" VPOS="1161" WIDTH="1995">
<String CONTENT="Waugh." HEIGHT="67" HPOS="145" VPOS="1163" WIDTH="245" />
<SP HEIGHT="56" HPOS="391" VPOS="1163" WIDTH="87" />
<String CONTENT="San" HEIGHT="56" HPOS="479" VPOS="1163" WIDTH="119" />
<SP HEIGHT="52" HPOS="599" VPOS="1163" WIDTH="47" />
<String CONTENT="Antonio," HEIGHT="66" HPOS="647" VPOS="1163" WIDTH="275" />
<SP HEIGHT="65" HPOS="923" VPOS="1164" WIDTH="51" />
<String CONTENT="Tex.," HEIGHT="65" HPOS="975" VPOS="1164" WIDTH="154" />
<SP HEIGHT="68" HPOS="1130" VPOS="1161" WIDTH="51" />
<String CONTENT="Standard" HEIGHT="56" HPOS="1182" VPOS="1161" WIDTH="294" />
<SP HEIGHT="65" HPOS="1477" VPOS="1162" WIDTH="48" />
<String CONTENT="printing" HEIGHT="66" HPOS="1526" VPOS="1162" WIDTH="264" />
<SP HEIGHT="48" HPOS="1791" VPOS="1180" WIDTH="50" />
<String CONTENT="company," HEIGHT="49" HPOS="1842" VPOS="1179" WIDTH="298" />
</TextLine>
<TextLine HEIGHT="51" HPOS="144" STYLEREFS="StyleId-3C67E3D5-AFBB-49AA-A0DE-4063F45EAF88-" VPOS="1244" WIDTH="147">
<String CONTENT="1934." HEIGHT="51" HPOS="144" VPOS="1244" WIDTH="147" />
</TextLine>
<TextLine CS="1" HEIGHT="52" HPOS="209" VPOS="1310" WIDTH="1111">
<String CONTENT="4" HEIGHT="39" HPOS="209" VPOS="1313" WIDTH="28" />
<SP HEIGHT="48" HPOS="238" VPOS="1313" WIDTH="23" />
<String CONTENT="p." HEIGHT="37" HPOS="262" VPOS="1324" WIDTH="44" />
<SP />
<String CONTENT="l.," CS="1" />
<SP />
<String CONTENT="97," HEIGHT="47" HPOS="407" VPOS="1312" WIDTH="69" />
<SP HEIGHT="29" HPOS="477" VPOS="1332" WIDTH="31" />
<String CONTENT="[4]" HEIGHT="49" HPOS="509" VPOS="1313" WIDTH="54" />
<SP HEIGHT="38" HPOS="564" VPOS="1324" WIDTH="27" />
<String CONTENT="p." HEIGHT="37" HPOS="592" VPOS="1324" WIDTH="44" />
<SP HEIGHT="42" HPOS="637" VPOS="1311" WIDTH="57" />
<String CONTENT="front." CS="1" HEIGHT="41" HPOS="695" VPOS="1311" WIDTH="137" />
<SP HEIGHT="48" HPOS="846" VPOS="1311" WIDTH="28" />
<String CONTENT="(port.)" HEIGHT="49" HPOS="875" VPOS="1311" WIDTH="171" />
<SP HEIGHT="48" HPOS="1047" VPOS="1312" WIDTH="35" />
<String CONTENT="pl." CS="1" HEIGHT="37" HPOS="1083" VPOS="1323" WIDTH="61" />
<SP HEIGHT="41" HPOS="1145" VPOS="1310" WIDTH="57" />
<String CONTENT="23" HEIGHT="40" HPOS="1203" VPOS="1310" WIDTH="56" />
<String CONTENT="cm" HEIGHT="21" HPOS="1263" STYLE="superscript" VPOS="1313" WIDTH="43" />
<String CONTENT="." HEIGHT="9" HPOS="1311" VPOS="1342" WIDTH="9" />
</TextLine>
<TextLine CS="1" HEIGHT="110" HPOS="142" VPOS="1366" WIDTH="1979">
<String CONTENT="&#8220;Adventures" HEIGHT="42" HPOS="212" VPOS="1368" WIDTH="333" />
<SP HEIGHT="30" HPOS="546" VPOS="1380" WIDTH="35" />
<String CONTENT="of" HEIGHT="42" HPOS="582" VPOS="1368" WIDTH="51" />
<SP HEIGHT="42" HPOS="634" VPOS="1368" WIDTH="33" />
<String CONTENT="a" HEIGHT="30" HPOS="668" VPOS="1380" WIDTH="28" />
<SP HEIGHT="43" HPOS="697" VPOS="1367" WIDTH="37" />
<String CONTENT="Castrovillian," HEIGHT="49" HPOS="735" VPOS="1367" WIDTH="362" />
<SP HEIGHT="46" HPOS="1098" VPOS="1370" WIDTH="35" />
<String CONTENT="translated" HEIGHT="41" HPOS="1134" VPOS="1368" WIDTH="275" />
<SP HEIGHT="40" HPOS="1410" VPOS="1368" WIDTH="34" />
<String CONTENT="from" HEIGHT="41" HPOS="1445" VPOS="1368" WIDTH="129" />
<SP HEIGHT="39" HPOS="1575" VPOS="1369" WIDTH="34" />
<String CONTENT="the" HEIGHT="40" HPOS="1610" VPOS="1369" WIDTH="82" />
<SP HEIGHT="29" HPOS="1693" VPOS="1380" WIDTH="36" />
<String CONTENT="original" HEIGHT="52" HPOS="1730" VPOS="1366" WIDTH="210" />
<SP HEIGHT="40" HPOS="1941" VPOS="1369" WIDTH="30" />
<String CONTENT="manuscript" HEIGHT="97" HPOS="142" VPOS="1379" WIDTH="1979" />
</TextLine>
<TextLine CS="1" HEIGHT="52" HPOS="318" VPOS="1424" WIDTH="1212">
<String CONTENT="penciled" HEIGHT="48" HPOS="318" LANG="en-US" VPOS="1427" WIDTH="218" />
<SP HEIGHT="39" HPOS="537" VPOS="1427" WIDTH="26" />
<String CONTENT="by" HEIGHT="47" HPOS="564" LANG="en-US" VPOS="1427" WIDTH="61" />
<SP HEIGHT="47" HPOS="626" VPOS="1427" WIDTH="24" />
<String CONTENT="Auguste" HEIGHT="47" HPOS="651" LANG="en-US" VPOS="1427" WIDTH="217" />
<SP HEIGHT="42" HPOS="869" VPOS="1426" WIDTH="27" />
<String CONTENT="Fr&#233;telli&#232;re&#8221;;" CS="1" HEIGHT="42" HPOS="897" LANG="fr" VPOS="1424" WIDTH="310" />
<SP HEIGHT="39" HPOS="1237" VPOS="1435" WIDTH="27" />
<String CONTENT="p." HEIGHT="37" HPOS="1265" LANG="en-US" VPOS="1437" WIDTH="44" />
<SP HEIGHT="30" HPOS="1310" VPOS="1446" WIDTH="29" />
<String CONTENT="[79]-96." HEIGHT="51" HPOS="1340" LANG="en-US" VPOS="1425" WIDTH="190" />
</TextLine>
<TextLine CS="1" HEIGHT="51" HPOS="212" VPOS="1482" WIDTH="641">
<String CONTENT="Bibliography;" CS="1" HEIGHT="50" HPOS="212" VPOS="1483" WIDTH="348" />
<SP HEIGHT="38" HPOS="587" VPOS="1494" WIDTH="32" />
<String CONTENT="p." HEIGHT="37" HPOS="620" VPOS="1495" WIDTH="44" />
<SP HEIGHT="41" HPOS="665" VPOS="1483" WIDTH="29" />
<String CONTENT="96-97." HEIGHT="42" HPOS="695" VPOS="1482" WIDTH="158" />
</TextLine>
<TextLine CS="1" HEIGHT="53" HPOS="147" VPOS="1551" WIDTH="1995">
<String CONTENT="&#169;" HEIGHT="53" HPOS="147" VPOS="1551" WIDTH="51" />
<SP HEIGHT="53" HPOS="199" VPOS="1551" WIDTH="25" />
<String CONTENT="Aug." HEIGHT="48" HPOS="225" VPOS="1556" WIDTH="119" />
<SP HEIGHT="40" HPOS="345" VPOS="1555" WIDTH="25" />
<String CONTENT="25," HEIGHT="47" HPOS="371" VPOS="1555" WIDTH="70" />
<SP HEIGHT="47" HPOS="442" VPOS="1555" WIDTH="26" />
<String CONTENT="1934;" CS="1" HEIGHT="42" HPOS="469" VPOS="1553" WIDTH="114" />
<SP HEIGHT="47" HPOS="610" VPOS="1554" WIDTH="30" />
<String CONTENT="2c." HEIGHT="40" HPOS="641" VPOS="1554" WIDTH="64" />
<SP HEIGHT="28" HPOS="706" VPOS="1565" WIDTH="29" />
<String CONTENT="and" HEIGHT="38" HPOS="736" VPOS="1555" WIDTH="95" />
<SP HEIGHT="38" HPOS="832" VPOS="1555" WIDTH="27" />
<String CONTENT="aff." HEIGHT="40" HPOS="860" LANG="de" VPOS="1552" WIDTH="80" />
<SP HEIGHT="38" HPOS="941" VPOS="1553" WIDTH="28" />
<String CONTENT="Feb." HEIGHT="39" HPOS="970" VPOS="1553" WIDTH="109" />
<SP HEIGHT="37" HPOS="1080" VPOS="1554" WIDTH="28" />
<String CONTENT="12." HEIGHT="41" HPOS="1109" VPOS="1552" WIDTH="66" />
<SP HEIGHT="40" HPOS="1176" VPOS="1553" WIDTH="29" />
<String CONTENT="1935;" CS="1" HEIGHT="41" HPOS="1206" VPOS="1551" WIDTH="113" />
<SP HEIGHT="46" HPOS="1347" VPOS="1553" WIDTH="30" />
<String CONTENT="A" HEIGHT="38" HPOS="1378" VPOS="1553" WIDTH="42" />
<SP HEIGHT="40" HPOS="1421" VPOS="1553" WIDTH="25" />
<String CONTENT="80400;" CS="1" HEIGHT="41" HPOS="1447" VPOS="1552" WIDTH="148" />
<SP HEIGHT="46" HPOS="1618" VPOS="1553" WIDTH="31" />
<String CONTENT="J." HEIGHT="40" HPOS="1650" VPOS="1553" WIDTH="42" />
<SP HEIGHT="39" HPOS="1693" VPOS="1553" WIDTH="27" />
<String CONTENT="N." HEIGHT="39" HPOS="1721" VPOS="1553" WIDTH="55" />
<SP HEIGHT="39" HPOS="1777" VPOS="1554" WIDTH="29" />
<String CONTENT="Waugh," HEIGHT="48" HPOS="1807" VPOS="1553" WIDTH="205" />
<SP HEIGHT="46" HPOS="2013" VPOS="1554" WIDTH="31" />
<String CONTENT="San" HEIGHT="40" HPOS="2045" VPOS="1554" WIDTH="97" />
</TextLine>
<TextLine HEIGHT="50" HPOS="211" VPOS="1610" WIDTH="545">
<String CONTENT="Antonio." HEIGHT="41" HPOS="211" VPOS="1612" WIDTH="224" />
<SP HEIGHT="48" HPOS="436" VPOS="1612" WIDTH="69" />
<String CONTENT="(35-2948)" HEIGHT="50" HPOS="506" VPOS="1610" WIDTH="250" />
</TextLine>
<TextLine HEIGHT="66" HPOS="143" STYLEREFS="StyleId-881DD7D3-1455-465A-9020-B655F89D1B0A-" VPOS="1716" WIDTH="602">
<String CONTENT="Webster," HEIGHT="65" HPOS="143" VPOS="1717" WIDTH="288" />
<SP HEIGHT="66" HPOS="432" VPOS="1716" WIDTH="30" />
<String CONTENT="Glenn" HEIGHT="55" HPOS="463" VPOS="1716" WIDTH="185" />
<SP HEIGHT="53" HPOS="649" VPOS="1716" WIDTH="25" />
<String CONTENT="R." HEIGHT="55" HPOS="675" VPOS="1716" WIDTH="70" />
</TextLine>
<TextLine HEIGHT="72" HPOS="215" STYLEREFS="StyleId-3C67E3D5-AFBB-49AA-A0DE-4063F45EAF88-" VPOS="1790" WIDTH="1931">
<String CONTENT="Scenery" HEIGHT="69" HPOS="215" VPOS="1793" WIDTH="246" />
<SP HEIGHT="50" HPOS="462" VPOS="1812" WIDTH="30" />
<String CONTENT="simplified;" HEIGHT="71" HPOS="493" VPOS="1790" WIDTH="337" />
<SP HEIGHT="49" HPOS="831" VPOS="1811" WIDTH="36" />
<String CONTENT="a" HEIGHT="33" HPOS="868" VPOS="1812" WIDTH="29" />
<SP HEIGHT="52" HPOS="898" VPOS="1793" WIDTH="35" />
<String CONTENT="director&#8217;s" HEIGHT="55" HPOS="934" VPOS="1790" WIDTH="295" />
<SP HEIGHT="53" HPOS="1230" VPOS="1792" WIDTH="27" />
<String CONTENT="digest" HEIGHT="69" HPOS="1258" VPOS="1791" WIDTH="189" />
<SP HEIGHT="48" HPOS="1448" VPOS="1797" WIDTH="29" />
<String CONTENT="of" HEIGHT="54" HPOS="1478" VPOS="1791" WIDTH="66" />
<SP HEIGHT="54" HPOS="1545" VPOS="1791" WIDTH="30" />
<String CONTENT="scenery" HEIGHT="50" HPOS="1576" VPOS="1809" WIDTH="230" />
<SP HEIGHT="50" HPOS="1807" VPOS="1809" WIDTH="32" />
<String CONTENT="and" HEIGHT="53" HPOS="1840" VPOS="1793" WIDTH="114" />
<SP HEIGHT="53" HPOS="1955" VPOS="1793" WIDTH="33" />
<String CONTENT="stage" HEIGHT="64" HPOS="1989" VPOS="1797" WIDTH="157" />
</TextLine>
<TextLine CS="1" HEIGHT="71" HPOS="143" STYLEREFS="StyleId-3C67E3D5-AFBB-49AA-A0DE-4063F45EAF88-" VPOS="1870" WIDTH="1939">
<String CONTENT="management," HEIGHT="64" HPOS="143" VPOS="1877" WIDTH="413" />
<SP HEIGHT="67" HPOS="557" VPOS="1871" WIDTH="37" />
<String CONTENT="by" HEIGHT="68" HPOS="595" VPOS="1871" WIDTH="76" />
<SP HEIGHT="69" HPOS="672" VPOS="1870" WIDTH="41" />
<String CONTENT="Glenn" HEIGHT="56" HPOS="714" VPOS="1870" WIDTH="190" />
<SP HEIGHT="52" HPOS="905" VPOS="1871" WIDTH="37" />
<String CONTENT="R." HEIGHT="52" HPOS="943" VPOS="1871" WIDTH="70" />
<SP HEIGHT="54" HPOS="1014" VPOS="1870" WIDTH="40" />
<String CONTENT="Webster" HEIGHT="54" HPOS="1055" VPOS="1870" WIDTH="260" />
<SP HEIGHT="34" HPOS="1316" VPOS="1889" WIDTH="40" />
<String CONTENT="and" HEIGHT="53" HPOS="1357" VPOS="1870" WIDTH="115" />
<SP HEIGHT="54" HPOS="1473" VPOS="1870" WIDTH="39" />
<String CONTENT="William" HEIGHT="54" HPOS="1513" VPOS="1870" WIDTH="262" />
<SP HEIGHT="55" HPOS="1776" VPOS="1870" WIDTH="40" />
<String CONTENT="Wetzel" HEIGHT="55" HPOS="1817" VPOS="1870" WIDTH="219" />
<SP HEIGHT="51" HPOS="2037" VPOS="1872" WIDTH="45" />
<String CONTENT="&#8230;" CS="1" />
</TextLine>
<TextLine HEIGHT="71" HPOS="145" STYLEREFS="StyleId-3C67E3D5-AFBB-49AA-A0DE-4063F45EAF88-" VPOS="1947" WIDTH="2004">
<String CONTENT="Franklin," HEIGHT="68" HPOS="145" VPOS="1950" WIDTH="299" />
<SP HEIGHT="69" HPOS="445" VPOS="1949" WIDTH="45" />
<String CONTENT="O.," HEIGHT="68" HPOS="491" VPOS="1949" WIDTH="87" />
<SP HEIGHT="68" HPOS="579" VPOS="1949" WIDTH="44" />
<String CONTENT="Denver," HEIGHT="68" HPOS="624" VPOS="1949" WIDTH="247" />
<SP HEIGHT="70" HPOS="872" VPOS="1947" WIDTH="45" />
<String CONTENT="Colo.," HEIGHT="69" HPOS="918" VPOS="1947" WIDTH="176" />
<SP HEIGHT="69" HPOS="1095" VPOS="1947" WIDTH="44" />
<String CONTENT="Eldridge" HEIGHT="69" HPOS="1140" VPOS="1947" WIDTH="284" />
<SP HEIGHT="35" HPOS="1425" VPOS="1967" WIDTH="44" />
<String CONTENT="entertainment" HEIGHT="53" HPOS="1470" VPOS="1948" WIDTH="444" />
<SP HEIGHT="51" HPOS="1915" VPOS="1950" WIDTH="42" />
<String CONTENT="house," HEIGHT="64" HPOS="1958" VPOS="1950" WIDTH="191" />
</TextLine>
<TextLine CS="1" HEIGHT="71" HPOS="142" STYLEREFS="StyleId-3C67E3D5-AFBB-49AA-A0DE-4063F45EAF88-" VPOS="2026" WIDTH="631">
<String CONTENT="incorporated" HEIGHT="71" HPOS="142" VPOS="2026" WIDTH="398" />
<SP HEIGHT="66" HPOS="541" VPOS="2029" WIDTH="38" />
<String CONTENT="[" CS="1" />
<String CONTENT="c" HEIGHT="23" HPOS="597" STYLE="superscript" VPOS="2033" WIDTH="18" />
<String CONTENT="1934]" HEIGHT="64" HPOS="620" VPOS="2031" WIDTH="153" />
</TextLine>
<TextLine CS="1" HEIGHT="51" HPOS="214" VPOS="2099" WIDTH="1044">
<String CONTENT="viii," HEIGHT="49" HPOS="214" VPOS="2101" WIDTH="101" />
<SP HEIGHT="48" HPOS="316" VPOS="2102" WIDTH="28" />
<String CONTENT="167" HEIGHT="40" HPOS="345" VPOS="2102" WIDTH="85" />
<SP HEIGHT="46" HPOS="431" VPOS="2104" WIDTH="25" />
<String CONTENT="p." HEIGHT="38" HPOS="457" VPOS="2112" WIDTH="44" />
<SP HEIGHT="41" HPOS="502" VPOS="2101" WIDTH="58" />
<String CONTENT="illus." HEIGHT="41" HPOS="561" VPOS="2101" WIDTH="127" />
<SP HEIGHT="47" HPOS="689" VPOS="2100" WIDTH="29" />
<String CONTENT="(incl." HEIGHT="47" HPOS="719" VPOS="2100" WIDTH="133" />
<SP HEIGHT="37" HPOS="853" VPOS="2113" WIDTH="27" />
<String CONTENT="plans)" HEIGHT="50" HPOS="881" VPOS="2100" WIDTH="164" />
<SP HEIGHT="47" HPOS="1046" VPOS="2100" WIDTH="66" />
<String CONTENT="19&#189;" CS="1" HEIGHT="41" HPOS="1113" VPOS="2099" WIDTH="54" />
<String CONTENT="cm" HEIGHT="22" HPOS="1200" STYLE="superscript" VPOS="2101" WIDTH="43" />
<String CONTENT="." HEIGHT="10" HPOS="1248" VPOS="2132" WIDTH="10" />
</TextLine>
<TextLine HEIGHT="50" HPOS="217" VPOS="2156" WIDTH="1925">
<String CONTENT="&#8220;A" HEIGHT="40" HPOS="217" VPOS="2158" WIDTH="68" />
<SP HEIGHT="39" HPOS="286" VPOS="2160" WIDTH="31" />
<String CONTENT="selected" HEIGHT="41" HPOS="318" VPOS="2159" WIDTH="208" />
<SP HEIGHT="41" HPOS="527" VPOS="2157" WIDTH="33" />
<String CONTENT="bibliography" HEIGHT="49" HPOS="561" VPOS="2157" WIDTH="337" />
<SP HEIGHT="37" HPOS="899" VPOS="2168" WIDTH="33" />
<String CONTENT="of" HEIGHT="41" HPOS="933" VPOS="2157" WIDTH="52" />
<SP HEIGHT="40" HPOS="986" VPOS="2157" WIDTH="31" />
<String CONTENT="books" HEIGHT="41" HPOS="1018" VPOS="2157" WIDTH="148" />
<SP HEIGHT="30" HPOS="1167" VPOS="2167" WIDTH="31" />
<String CONTENT="useful" HEIGHT="41" HPOS="1199" VPOS="2156" WIDTH="164" />
<SP HEIGHT="40" HPOS="1364" VPOS="2156" WIDTH="31" />
<String CONTENT="for" HEIGHT="41" HPOS="1396" VPOS="2156" WIDTH="79" />
<SP HEIGHT="38" HPOS="1476" VPOS="2159" WIDTH="32" />
<String CONTENT="the" HEIGHT="40" HPOS="1509" VPOS="2158" WIDTH="83" />
<SP HEIGHT="41" HPOS="1593" VPOS="2157" WIDTH="31" />
<String CONTENT="director" HEIGHT="41" HPOS="1625" VPOS="2156" WIDTH="212" />
<SP HEIGHT="29" HPOS="1838" VPOS="2168" WIDTH="33" />
<String CONTENT="and" HEIGHT="39" HPOS="1872" VPOS="2159" WIDTH="96" />
<SP HEIGHT="39" HPOS="1969" VPOS="2159" WIDTH="32" />
<String CONTENT="scene" HEIGHT="31" HPOS="2002" VPOS="2168" WIDTH="140" />
</TextLine>
<TextLine CS="1" HEIGHT="51" HPOS="146" VPOS="2215" WIDTH="480">
<String CONTENT="designer&#8221;;" CS="1" HEIGHT="51" HPOS="146" VPOS="2215" WIDTH="248" />
<SP HEIGHT="37" HPOS="424" VPOS="2227" WIDTH="28" />
<String CONTENT="p." HEIGHT="37" HPOS="453" VPOS="2227" WIDTH="43" />
<SP HEIGHT="41" HPOS="497" VPOS="2216" WIDTH="29" />
<String CONTENT="167." HEIGHT="40" HPOS="527" VPOS="2215" WIDTH="99" />
</TextLine>
<TextLine CS="1" HEIGHT="103" HPOS="151" VPOS="2283" WIDTH="1977">
<String CONTENT="&#169;" HEIGHT="54" HPOS="151" VPOS="2283" WIDTH="51" />
<SP HEIGHT="54" HPOS="203" VPOS="2283" WIDTH="21" />
<String CONTENT="May" HEIGHT="47" HPOS="225" VPOS="2289" WIDTH="114" />
<SP HEIGHT="48" HPOS="340" VPOS="2288" WIDTH="21" />
<String CONTENT="17," HEIGHT="46" HPOS="362" VPOS="2288" WIDTH="69" />
<SP HEIGHT="46" HPOS="432" VPOS="2288" WIDTH="22" />
<String CONTENT="1934;" CS="1" HEIGHT="41" HPOS="455" VPOS="2286" WIDTH="115" />
<SP HEIGHT="47" HPOS="597" VPOS="2286" WIDTH="25" />
<String CONTENT="2c." HEIGHT="41" HPOS="623" VPOS="2286" WIDTH="66" />
<SP HEIGHT="40" HPOS="690" VPOS="2286" WIDTH="25" />
<String CONTENT="Jan." HEIGHT="40" HPOS="716" VPOS="2286" WIDTH="109" />
<SP HEIGHT="40" HPOS="826" VPOS="2285" WIDTH="24" />
<String CONTENT="22," HEIGHT="48" HPOS="851" VPOS="2285" WIDTH="69" />
<SP HEIGHT="48" HPOS="921" VPOS="2285" WIDTH="25" />
<String CONTENT="1935;" CS="1" HEIGHT="43" HPOS="947" VPOS="2283" WIDTH="113" />
<SP HEIGHT="38" HPOS="1088" VPOS="2295" WIDTH="28" />
<String CONTENT="aff." HEIGHT="43" HPOS="1117" LANG="de" VPOS="2283" WIDTH="81" />
<SP HEIGHT="41" HPOS="1199" VPOS="2285" WIDTH="26" />
<String CONTENT="Jan." HEIGHT="40" HPOS="1226" VPOS="2285" WIDTH="108" />
<SP HEIGHT="39" HPOS="1335" VPOS="2285" WIDTH="24" />
<String CONTENT="19;" HEIGHT="49" HPOS="1360" VPOS="2283" WIDTH="83" />
<SP HEIGHT="46" HPOS="1444" VPOS="2286" WIDTH="25" />
<String CONTENT="A" HEIGHT="39" HPOS="1470" VPOS="2286" WIDTH="42" />
<SP HEIGHT="39" HPOS="1513" VPOS="2286" WIDTH="23" />
<String CONTENT="79311;" CS="1" HEIGHT="42" HPOS="1537" VPOS="2284" WIDTH="142" />
<SP HEIGHT="46" HPOS="1708" VPOS="2286" WIDTH="27" />
<String CONTENT="Eldridge" HEIGHT="50" HPOS="1736" VPOS="2284" WIDTH="229" />
<SP HEIGHT="31" HPOS="1966" VPOS="2294" WIDTH="25" />
<String CONTENT="entertainment" HEIGHT="100" HPOS="214" VPOS="2286" WIDTH="1914" />
</TextLine>
<TextLine HEIGHT="50" HPOS="481" VPOS="2341" WIDTH="606">
<String CONTENT="house," HEIGHT="45" HPOS="481" VPOS="2346" WIDTH="164" />
<SP HEIGHT="48" HPOS="646" VPOS="2343" WIDTH="29" />
<String CONTENT="inc." HEIGHT="40" HPOS="676" VPOS="2343" WIDTH="89" />
<SP HEIGHT="47" HPOS="766" VPOS="2344" WIDTH="70" />
<String CONTENT="(35-2902)" HEIGHT="50" HPOS="837" VPOS="2341" WIDTH="250" />
</TextLine>
<TextLine HEIGHT="65" HPOS="147" STYLEREFS="StyleId-881DD7D3-1455-465A-9020-B655F89D1B0A-" VPOS="2447" WIDTH="529">
<String CONTENT="Windham," HEIGHT="65" HPOS="147" VPOS="2447" WIDTH="332" />
<SP HEIGHT="63" HPOS="480" VPOS="2449" WIDTH="27" />
<String CONTENT="Joan." HEIGHT="53" HPOS="508" VPOS="2449" WIDTH="168" />
</TextLine>
<TextLine CS="1" HEIGHT="70" HPOS="222" STYLEREFS="StyleId-3C67E3D5-AFBB-49AA-A0DE-4063F45EAF88-" VPOS="2521" WIDTH="1920">
<String CONTENT="Six" HEIGHT="55" HPOS="222" VPOS="2522" WIDTH="104" />
<SP HEIGHT="34" HPOS="327" VPOS="2542" WIDTH="31" />
<String CONTENT="o&#8217;clock" HEIGHT="53" HPOS="359" VPOS="2523" WIDTH="207" />
<SP HEIGHT="53" HPOS="567" VPOS="2523" WIDTH="27" />
<String CONTENT="saints," HEIGHT="67" HPOS="595" VPOS="2524" WIDTH="196" />
<SP HEIGHT="69" HPOS="792" VPOS="2522" WIDTH="32" />
<String CONTENT="by" HEIGHT="69" HPOS="825" VPOS="2522" WIDTH="73" />
<SP HEIGHT="69" HPOS="899" VPOS="2522" WIDTH="30" />
<String CONTENT="Joan" HEIGHT="54" HPOS="930" VPOS="2522" WIDTH="150" />
<SP HEIGHT="52" HPOS="1081" VPOS="2521" WIDTH="29" />
<String CONTENT="Windham;" CS="1" HEIGHT="54" HPOS="1111" VPOS="2521" WIDTH="307" />
<SP HEIGHT="47" HPOS="1451" VPOS="2540" WIDTH="32" />
<String CONTENT="with" HEIGHT="53" HPOS="1484" VPOS="2522" WIDTH="139" />
<SP HEIGHT="53" HPOS="1624" VPOS="2522" WIDTH="32" />
<String CONTENT="illustrations" HEIGHT="54" HPOS="1657" VPOS="2521" WIDTH="379" />
<SP HEIGHT="52" HPOS="2037" VPOS="2522" WIDTH="31" />
<String CONTENT="by" HEIGHT="69" HPOS="2069" VPOS="2522" WIDTH="73" />
</TextLine>
<TextLine HEIGHT="71" HPOS="150" STYLEREFS="StyleId-3C67E3D5-AFBB-49AA-A0DE-4063F45EAF88-" VPOS="2598" WIDTH="1534">
<String CONTENT="Marigold" HEIGHT="69" HPOS="150" VPOS="2600" WIDTH="288" />
<SP HEIGHT="54" HPOS="439" VPOS="2601" WIDTH="29" />
<String CONTENT="Hunt." HEIGHT="53" HPOS="469" VPOS="2601" WIDTH="181" />
<SP HEIGHT="51" HPOS="651" VPOS="2600" WIDTH="74" />
<String CONTENT="London," HEIGHT="68" HPOS="726" VPOS="2599" WIDTH="257" />
<SP HEIGHT="69" HPOS="984" VPOS="2598" WIDTH="30" />
<String CONTENT="Sheed" HEIGHT="55" HPOS="1015" VPOS="2598" WIDTH="182" />
<SP HEIGHT="52" HPOS="1198" VPOS="2599" WIDTH="29" />
<String CONTENT="&amp;" HEIGHT="50" HPOS="1228" VPOS="2601" WIDTH="45" />
<SP HEIGHT="53" HPOS="1274" VPOS="2598" WIDTH="28" />
<String CONTENT="Ward," HEIGHT="69" HPOS="1303" VPOS="2598" WIDTH="199" />
<SP HEIGHT="64" HPOS="1503" VPOS="2603" WIDTH="29" />
<String CONTENT="1934." HEIGHT="51" HPOS="1533" VPOS="2602" WIDTH="151" />
</TextLine>
<TextLine CS="1" HEIGHT="48" HPOS="218" STYLEREFS="StyleId-3C67E3D5-AFBB-49AA-A0DE-4063F45EAF88-" VPOS="2671" WIDTH="574">
<String CONTENT="vii," HEIGHT="47" HPOS="218" VPOS="2672" WIDTH="80" />
<SP HEIGHT="47" HPOS="299" VPOS="2672" WIDTH="29" />
<String CONTENT="107" HEIGHT="41" HPOS="329" VPOS="2671" WIDTH="87" />
<SP HEIGHT="46" HPOS="417" VPOS="2673" WIDTH="28" />
<String CONTENT="p." HEIGHT="37" HPOS="446" VPOS="2682" WIDTH="42" />
<SP HEIGHT="39" HPOS="489" VPOS="2672" WIDTH="60" />
<String CONTENT="illus." HEIGHT="39" HPOS="550" VPOS="2672" WIDTH="127" />
<SP HEIGHT="40" HPOS="678" VPOS="2671" WIDTH="57" />
<String CONTENT="22&#189;cm." CS="1" HEIGHT="38" HPOS="736" VPOS="2671" WIDTH="56" />
</TextLine>
<TextLine CS="1" HEIGHT="53" HPOS="152" VPOS="2740" WIDTH="1990">
<String CONTENT="&#169;" HEIGHT="53" HPOS="152" VPOS="2740" WIDTH="51" />
<SP />
<String CONTENT="1c." CS="1" />
<SP />
<String CONTENT="Jan." HEIGHT="40" HPOS="314" VPOS="2746" WIDTH="110" />
<SP HEIGHT="41" HPOS="425" VPOS="2745" WIDTH="20" />
<String CONTENT="23," HEIGHT="48" HPOS="446" VPOS="2745" WIDTH="69" />
<SP HEIGHT="46" HPOS="516" VPOS="2747" WIDTH="23" />
<String CONTENT="1935;" HEIGHT="46" HPOS="540" VPOS="2746" WIDTH="140" />
<SP HEIGHT="45" HPOS="681" VPOS="2747" WIDTH="24" />
<String CONTENT="A" HEIGHT="38" HPOS="706" VPOS="2747" WIDTH="42" />
<SP HEIGHT="38" HPOS="749" VPOS="2747" WIDTH="21" />
<String CONTENT="ad" HEIGHT="38" HPOS="771" VPOS="2747" WIDTH="61" />
<SP HEIGHT="40" HPOS="833" VPOS="2745" WIDTH="21" />
<String CONTENT="int." HEIGHT="40" HPOS="855" VPOS="2745" WIDTH="86" />
<SP HEIGHT="39" HPOS="942" VPOS="2746" WIDTH="22" />
<String CONTENT="19904;" CS="1" HEIGHT="41" HPOS="965" VPOS="2744" WIDTH="144" />
<SP HEIGHT="37" HPOS="1135" VPOS="2756" WIDTH="26" />
<String CONTENT="pubd." HEIGHT="47" HPOS="1162" VPOS="2746" WIDTH="141" />
<SP HEIGHT="39" HPOS="1304" VPOS="2745" WIDTH="25" />
<String CONTENT="Nov." HEIGHT="39" HPOS="1330" VPOS="2745" WIDTH="116" />
<SP HEIGHT="38" HPOS="1447" VPOS="2746" WIDTH="26" />
<String CONTENT="25," HEIGHT="47" HPOS="1474" VPOS="2746" WIDTH="69" />
<SP HEIGHT="47" HPOS="1544" VPOS="2746" WIDTH="23" />
<String CONTENT="1934;" CS="1" HEIGHT="41" HPOS="1568" VPOS="2745" WIDTH="115" />
<SP HEIGHT="46" HPOS="1710" VPOS="2747" WIDTH="29" />
<String CONTENT="Sheed" HEIGHT="40" HPOS="1740" VPOS="2747" WIDTH="154" />
<SP HEIGHT="40" HPOS="1895" VPOS="2747" WIDTH="23" />
<String CONTENT="&amp;" HEIGHT="40" HPOS="1919" VPOS="2747" WIDTH="39" />
<SP HEIGHT="40" HPOS="1959" VPOS="2747" WIDTH="19" />
<String CONTENT="Ward," HEIGHT="40" HPOS="1979" VPOS="2748" WIDTH="163" />
</TextLine>
<TextLine HEIGHT="49" HPOS="215" VPOS="2802" WIDTH="409">
<String CONTENT="inc." HEIGHT="41" HPOS="215" VPOS="2802" WIDTH="89" />
<SP HEIGHT="48" HPOS="305" VPOS="2803" WIDTH="69" />
<String CONTENT="(35-3186)" HEIGHT="48" HPOS="375" VPOS="2803" WIDTH="249" />
</TextLine>
<TextLine HEIGHT="71" HPOS="148" STYLEREFS="StyleId-3C67E3D5-AFBB-49AA-A0DE-4063F45EAF88-" VPOS="2903" WIDTH="1995">
<String CONTENT="The" HEIGHT="54" HPOS="148" VPOS="2903" WIDTH="119" />
<SP HEIGHT="53" HPOS="268" VPOS="2906" WIDTH="24" />
<String CONTENT="Winston" HEIGHT="55" HPOS="293" VPOS="2904" WIDTH="274" />
<SP HEIGHT="35" HPOS="568" VPOS="2923" WIDTH="26" />
<String CONTENT="simplified" HEIGHT="70" HPOS="595" VPOS="2903" WIDTH="308" />
<SP HEIGHT="52" HPOS="904" VPOS="2905" WIDTH="28" />
<String CONTENT="dictionary." HEIGHT="68" HPOS="933" VPOS="2905" WIDTH="338" />
<SP HEIGHT="51" HPOS="1272" VPOS="2906" WIDTH="62" />
<String CONTENT="Advanced" HEIGHT="53" HPOS="1335" VPOS="2906" WIDTH="315" />
<SP HEIGHT="53" HPOS="1651" VPOS="2906" WIDTH="27" />
<String CONTENT="ed." HEIGHT="56" HPOS="1679" VPOS="2906" WIDTH="84" />
<SP HEIGHT="55" HPOS="1764" VPOS="2907" WIDTH="65" />
<String CONTENT="Edited" HEIGHT="53" HPOS="1830" VPOS="2906" WIDTH="213" />
<SP HEIGHT="53" HPOS="2044" VPOS="2906" WIDTH="22" />
<String CONTENT="by" HEIGHT="67" HPOS="2067" VPOS="2907" WIDTH="76" />
</TextLine>
<TextLine CS="1" HEIGHT="71" HPOS="215" STYLEREFS="StyleId-3C67E3D5-AFBB-49AA-A0DE-4063F45EAF88-" VPOS="2980" WIDTH="1929">
<String CONTENT="William" HEIGHT="55" HPOS="215" VPOS="2980" WIDTH="260" />
<SP HEIGHT="51" HPOS="476" VPOS="2984" WIDTH="46" />
<String CONTENT="Dodge" HEIGHT="67" HPOS="523" VPOS="2984" WIDTH="204" />
<SP HEIGHT="51" HPOS="728" VPOS="2984" WIDTH="47" />
<String CONTENT="Lewis" HEIGHT="54" HPOS="776" VPOS="2982" WIDTH="184" />
<SP HEIGHT="33" HPOS="961" VPOS="3003" WIDTH="51" />
<String CONTENT="&#8230;" CS="1" />
<SP HEIGHT="52" HPOS="1071" VPOS="2983" WIDTH="51" />
<String CONTENT="Henry" HEIGHT="67" HPOS="1123" VPOS="2983" WIDTH="204" />
<SP HEIGHT="68" HPOS="1328" VPOS="2982" WIDTH="50" />
<String CONTENT="Seidel" HEIGHT="56" HPOS="1379" VPOS="2982" WIDTH="190" />
<SP HEIGHT="56" HPOS="1570" VPOS="2982" WIDTH="50" />
<String CONTENT="Canby" HEIGHT="69" HPOS="1621" VPOS="2982" WIDTH="201" />
<SP HEIGHT="48" HPOS="1823" VPOS="3003" WIDTH="54" />
<String CONTENT="&#8230;" CS="1" />
<SP HEIGHT="34" HPOS="1936" VPOS="3017" WIDTH="58" />
<String CONTENT="[and]" HEIGHT="61" HPOS="1995" VPOS="2990" WIDTH="149" />
</TextLine>
<TextLine CS="1" HEIGHT="69" HPOS="218" STYLEREFS="StyleId-3C67E3D5-AFBB-49AA-A0DE-4063F45EAF88-" VPOS="3060" WIDTH="1931">
<String CONTENT="Thomas" HEIGHT="54" HPOS="218" VPOS="3060" WIDTH="247" />
<SP HEIGHT="53" HPOS="466" VPOS="3061" WIDTH="28" />
<String CONTENT="Kite" HEIGHT="53" HPOS="495" VPOS="3061" WIDTH="139" />
<SP HEIGHT="52" HPOS="635" VPOS="3062" WIDTH="29" />
<String CONTENT="Brown," HEIGHT="67" HPOS="665" VPOS="3062" WIDTH="230" />
<SP HEIGHT="69" HPOS="896" VPOS="3060" WIDTH="29" />
<String CONTENT="jr." HEIGHT="69" HPOS="926" VPOS="3060" WIDTH="71" />
<SP HEIGHT="11" HPOS="998" VPOS="3102" WIDTH="36" />
<String CONTENT="&#8230;" CS="1" />
<SP HEIGHT="49" HPOS="1092" VPOS="3065" WIDTH="76" />
<String CONTENT="3000" HEIGHT="50" HPOS="1169" VPOS="3064" WIDTH="137" />
<SP HEIGHT="52" HPOS="1307" VPOS="3062" WIDTH="30" />
<String CONTENT="illustrations" HEIGHT="54" HPOS="1338" VPOS="3061" WIDTH="384" />
<SP HEIGHT="34" HPOS="1723" VPOS="3081" WIDTH="28" />
<String CONTENT="and" HEIGHT="52" HPOS="1752" VPOS="3063" WIDTH="114" />
<SP HEIGHT="52" HPOS="1867" VPOS="3063" WIDTH="32" />
<String CONTENT="an" HEIGHT="33" HPOS="1900" VPOS="3082" WIDTH="74" />
<SP HEIGHT="34" HPOS="1975" VPOS="3081" WIDTH="29" />
<String CONTENT="atlas" HEIGHT="52" HPOS="2005" VPOS="3063" WIDTH="144" />
</TextLine>
<TextLine HEIGHT="70" HPOS="220" STYLEREFS="StyleId-3C67E3D5-AFBB-49AA-A0DE-4063F45EAF88-" VPOS="3137" WIDTH="1927">
<String CONTENT="of" HEIGHT="52" HPOS="220" VPOS="3138" WIDTH="63" />
<SP HEIGHT="54" HPOS="284" VPOS="3138" WIDTH="38" />
<String CONTENT="the" HEIGHT="52" HPOS="323" VPOS="3140" WIDTH="97" />
<SP HEIGHT="35" HPOS="421" VPOS="3157" WIDTH="40" />
<String CONTENT="world." HEIGHT="52" HPOS="462" VPOS="3139" WIDTH="197" />
<SP HEIGHT="51" HPOS="660" VPOS="3140" WIDTH="92" />
<String CONTENT="Philadelphia," HEIGHT="70" HPOS="753" VPOS="3137" WIDTH="426" />
<SP HEIGHT="69" HPOS="1180" VPOS="3138" WIDTH="41" />
<String CONTENT="Chicago" HEIGHT="69" HPOS="1222" VPOS="3138" WIDTH="255" />
<SP HEIGHT="50" HPOS="1478" VPOS="3157" WIDTH="47" />
<String CONTENT="[etc.]" HEIGHT="63" HPOS="1526" VPOS="3144" WIDTH="138" />
<SP HEIGHT="66" HPOS="1665" VPOS="3140" WIDTH="48" />
<String CONTENT="The" HEIGHT="52" HPOS="1714" VPOS="3140" WIDTH="124" />
<SP HEIGHT="54" HPOS="1839" VPOS="3139" WIDTH="40" />
<String CONTENT="John" HEIGHT="54" HPOS="1880" VPOS="3139" WIDTH="158" />
<SP HEIGHT="55" HPOS="2039" VPOS="3139" WIDTH="45" />
<String CONTENT="C." HEIGHT="55" HPOS="2085" VPOS="3139" WIDTH="62" />
</TextLine>
<TextLine CS="1" HEIGHT="71" HPOS="215" STYLEREFS="StyleId-3C67E3D5-AFBB-49AA-A0DE-4063F45EAF88-" VPOS="3215" WIDTH="811">
<String CONTENT="Winston" HEIGHT="56" HPOS="215" VPOS="3215" WIDTH="267" />
<SP HEIGHT="34" HPOS="483" VPOS="3236" WIDTH="30" />
<String CONTENT="company" HEIGHT="49" HPOS="514" VPOS="3236" WIDTH="280" />
<SP HEIGHT="49" HPOS="795" VPOS="3236" WIDTH="37" />
<String CONTENT="[" CS="1" />
<String CONTENT="c" HEIGHT="23" HPOS="850" STYLE="superscript" VPOS="3223" WIDTH="20" />
<String CONTENT="1935]" HEIGHT="66" HPOS="874" VPOS="3220" WIDTH="152" />
</TextLine>
<TextLine CS="1" HEIGHT="98" HPOS="151" VPOS="3289" WIDTH="1992">
<String CONTENT="xx," CS="1" HEIGHT="16" HPOS="292" VPOS="3321" WIDTH="8" />
<SP HEIGHT="47" HPOS="301" VPOS="3290" WIDTH="38" />
<String CONTENT="1260" HEIGHT="41" HPOS="340" VPOS="3289" WIDTH="115" />
<SP HEIGHT="48" HPOS="456" VPOS="3290" WIDTH="33" />
<String CONTENT="p." HEIGHT="37" HPOS="490" VPOS="3301" WIDTH="44" />
<SP HEIGHT="39" HPOS="535" VPOS="3291" WIDTH="36" />
<String CONTENT="incl." HEIGHT="41" HPOS="572" VPOS="3291" WIDTH="110" />
<SP HEIGHT="40" HPOS="683" VPOS="3292" WIDTH="36" />
<String CONTENT="illus.," HEIGHT="46" HPOS="720" VPOS="3292" WIDTH="143" />
<SP HEIGHT="36" HPOS="864" VPOS="3302" WIDTH="37" />
<String CONTENT="maps," HEIGHT="37" HPOS="902" VPOS="3302" WIDTH="149" />
<SP HEIGHT="47" HPOS="1052" VPOS="3291" WIDTH="28" />
<String CONTENT="(part" HEIGHT="49" HPOS="1081" VPOS="3291" WIDTH="134" />
<SP HEIGHT="41" HPOS="1216" VPOS="3291" WIDTH="36" />
<String CONTENT="double)" HEIGHT="48" HPOS="1253" VPOS="3291" WIDTH="195" />
<SP HEIGHT="47" HPOS="1449" VPOS="3292" WIDTH="69" />
<String CONTENT="col." HEIGHT="40" HPOS="1519" VPOS="3292" WIDTH="86" />
<SP HEIGHT="41" HPOS="1606" VPOS="3291" WIDTH="37" />
<String CONTENT="front.," HEIGHT="47" HPOS="1644" VPOS="3291" WIDTH="164" />
<SP HEIGHT="36" HPOS="1809" VPOS="3302" WIDTH="37" />
<String CONTENT="col." HEIGHT="41" HPOS="1847" VPOS="3290" WIDTH="85" />
<SP HEIGHT="37" HPOS="1933" VPOS="3303" WIDTH="38" />
<String CONTENT="plates." HEIGHT="48" HPOS="1972" VPOS="3292" WIDTH="171" />
<SP />
<String CONTENT="22&#189;" CS="1" HEIGHT="41" HPOS="151" VPOS="3343" WIDTH="55" />
<String CONTENT="cm" HEIGHT="22" HPOS="237" STYLE="superscript" VPOS="3348" WIDTH="43" />
<String CONTENT="." HEIGHT="9" HPOS="285" VPOS="3378" WIDTH="9" />
</TextLine>
<TextLine HEIGHT="52" HPOS="221" VPOS="3401" WIDTH="1258">
<String CONTENT="Descriptive" HEIGHT="50" HPOS="221" VPOS="3401" WIDTH="303" />
<SP HEIGHT="40" HPOS="525" VPOS="3405" WIDTH="24" />
<String CONTENT="letterpress" HEIGHT="47" HPOS="550" VPOS="3405" WIDTH="283" />
<SP HEIGHT="29" HPOS="834" VPOS="3415" WIDTH="26" />
<String CONTENT="on" HEIGHT="28" HPOS="861" VPOS="3416" WIDTH="59" />
<SP HEIGHT="28" HPOS="921" VPOS="3415" WIDTH="24" />
<String CONTENT="verso" HEIGHT="29" HPOS="946" VPOS="3415" WIDTH="141" />
<SP HEIGHT="28" HPOS="1088" VPOS="3416" WIDTH="24" />
<String CONTENT="of" HEIGHT="41" HPOS="1113" VPOS="3403" WIDTH="50" />
<SP HEIGHT="41" HPOS="1164" VPOS="3403" WIDTH="23" />
<String CONTENT="each" HEIGHT="39" HPOS="1188" VPOS="3405" WIDTH="119" />
<SP HEIGHT="48" HPOS="1308" VPOS="3405" WIDTH="25" />
<String CONTENT="plate." HEIGHT="48" HPOS="1334" VPOS="3405" WIDTH="145" />
</TextLine>
<TextLine CS="1" HEIGHT="57" HPOS="157" VPOS="3467" WIDTH="1984">
<String CONTENT="&#169;" HEIGHT="53" HPOS="157" VPOS="3467" WIDTH="53" />
<SP HEIGHT="53" HPOS="211" VPOS="3467" WIDTH="32" />
<String CONTENT="Feb." HEIGHT="42" HPOS="244" VPOS="3473" WIDTH="110" />
<SP HEIGHT="38" HPOS="355" VPOS="3476" WIDTH="33" />
<String CONTENT="4," HEIGHT="48" HPOS="389" VPOS="3476" WIDTH="41" />
<SP HEIGHT="48" HPOS="431" VPOS="3476" WIDTH="35" />
<String CONTENT="1935;" HEIGHT="47" HPOS="467" VPOS="3476" WIDTH="141" />
<SP HEIGHT="48" HPOS="609" VPOS="3475" WIDTH="36" />
<String CONTENT="2c." HEIGHT="41" HPOS="646" VPOS="3475" WIDTH="67" />
<SP HEIGHT="28" HPOS="714" VPOS="3486" WIDTH="37" />
<String CONTENT="and" HEIGHT="39" HPOS="752" VPOS="3477" WIDTH="96" />
<SP HEIGHT="39" HPOS="849" VPOS="3477" WIDTH="36" />
<String CONTENT="aff." HEIGHT="41" HPOS="886" VPOS="3475" WIDTH="81" />
<SP HEIGHT="38" HPOS="968" VPOS="3476" WIDTH="38" />
<String CONTENT="Feb." HEIGHT="39" HPOS="1007" VPOS="3476" WIDTH="110" />
<SP HEIGHT="37" HPOS="1118" VPOS="3477" WIDTH="35" />
<String CONTENT="18;" HEIGHT="45" HPOS="1154" VPOS="3477" WIDTH="81" />
<SP HEIGHT="45" HPOS="1236" VPOS="3477" WIDTH="37" />
<String CONTENT="A" HEIGHT="38" HPOS="1274" VPOS="3477" WIDTH="42" />
<SP HEIGHT="39" HPOS="1317" VPOS="3477" WIDTH="34" />
<String CONTENT="79712;" HEIGHT="47" HPOS="1352" VPOS="3475" WIDTH="170" />
<SP HEIGHT="45" HPOS="1523" VPOS="3477" WIDTH="39" />
<String CONTENT="John" HEIGHT="39" HPOS="1563" VPOS="3477" WIDTH="129" />
<SP HEIGHT="40" HPOS="1693" VPOS="3477" WIDTH="36" />
<String CONTENT="C." CS="1" HEIGHT="8" HPOS="1770" VPOS="3507" WIDTH="9" />
<SP HEIGHT="39" HPOS="1780" VPOS="3476" WIDTH="35" />
<String CONTENT="Winston" HEIGHT="41" HPOS="1816" VPOS="3476" WIDTH="225" />
<SP HEIGHT="28" HPOS="2042" VPOS="3488" WIDTH="34" />
<String CONTENT="co." HEIGHT="30" HPOS="2077" LANG="ru" VPOS="3487" WIDTH="64" />
</TextLine>
<TextLine HEIGHT="50" HPOS="225" VPOS="3531" WIDTH="1649">
<String CONTENT="[Copyright" HEIGHT="49" HPOS="225" VPOS="3531" WIDTH="277" />
<SP HEIGHT="39" HPOS="503" VPOS="3533" WIDTH="22" />
<String CONTENT="is" HEIGHT="39" HPOS="526" VPOS="3533" WIDTH="45" />
<SP HEIGHT="28" HPOS="572" VPOS="3544" WIDTH="20" />
<String CONTENT="claimed" HEIGHT="39" HPOS="593" VPOS="3533" WIDTH="204" />
<SP HEIGHT="38" HPOS="798" VPOS="3535" WIDTH="25" />
<String CONTENT="on" HEIGHT="30" HPOS="824" VPOS="3543" WIDTH="60" />
<SP HEIGHT="28" HPOS="885" VPOS="3543" WIDTH="23" />
<String CONTENT="revisions" HEIGHT="39" HPOS="909" VPOS="3533" WIDTH="236" />
<SP HEIGHT="28" HPOS="1146" VPOS="3544" WIDTH="23" />
<String CONTENT="and" HEIGHT="38" HPOS="1170" VPOS="3534" WIDTH="96" />
<SP HEIGHT="38" HPOS="1267" VPOS="3534" WIDTH="26" />
<String CONTENT="additions]" HEIGHT="49" HPOS="1294" VPOS="3532" WIDTH="261" />
<SP HEIGHT="46" HPOS="1556" VPOS="3535" WIDTH="65" />
<String CONTENT="(35-2904)" HEIGHT="49" HPOS="1622" VPOS="3532" WIDTH="252" />
</TextLine>
<TextLine HEIGHT="75" HPOS="152" STYLEREFS="StyleId-3C67E3D5-AFBB-49AA-A0DE-4063F45EAF88-" VPOS="3628" WIDTH="1992">
<String CONTENT="The" HEIGHT="56" HPOS="152" VPOS="3628" WIDTH="121" />
<SP HEIGHT="55" HPOS="274" VPOS="3633" WIDTH="21" />
<String CONTENT="Winston" HEIGHT="55" HPOS="296" VPOS="3633" WIDTH="272" />
<SP HEIGHT="36" HPOS="569" VPOS="3652" WIDTH="26" />
<String CONTENT="simplified" HEIGHT="69" HPOS="596" VPOS="3633" WIDTH="308" />
<SP HEIGHT="52" HPOS="905" VPOS="3636" WIDTH="27" />
<String CONTENT="dictionary." HEIGHT="67" HPOS="933" VPOS="3635" WIDTH="336" />
<SP HEIGHT="51" HPOS="1270" VPOS="3637" WIDTH="64" />
<String CONTENT="Encyclopedic" HEIGHT="68" HPOS="1335" VPOS="3635" WIDTH="420" />
<SP HEIGHT="35" HPOS="1756" VPOS="3655" WIDTH="25" />
<String CONTENT="ed." HEIGHT="54" HPOS="1782" VPOS="3636" WIDTH="85" />
<SP HEIGHT="50" HPOS="1868" VPOS="3638" WIDTH="63" />
<String CONTENT="Edited" HEIGHT="52" HPOS="1932" VPOS="3637" WIDTH="212" />
</TextLine>
<TextLine CS="1" HEIGHT="73" HPOS="222" STYLEREFS="StyleId-3C67E3D5-AFBB-49AA-A0DE-4063F45EAF88-" VPOS="3708" WIDTH="1923">
<String CONTENT="by" HEIGHT="68" HPOS="222" VPOS="3708" WIDTH="74" />
<SP HEIGHT="66" HPOS="297" VPOS="3710" WIDTH="30" />
<String CONTENT="William" HEIGHT="54" HPOS="328" VPOS="3710" WIDTH="260" />
<SP HEIGHT="51" HPOS="589" VPOS="3713" WIDTH="32" />
<String CONTENT="Dodge" HEIGHT="67" HPOS="622" VPOS="3713" WIDTH="202" />
<SP HEIGHT="52" HPOS="825" VPOS="3713" WIDTH="34" />
<String CONTENT="Lewis" HEIGHT="52" HPOS="860" VPOS="3713" WIDTH="185" />
<SP HEIGHT="33" HPOS="1046" VPOS="3732" WIDTH="36" />
<String CONTENT="&#8230;" CS="1" />
<SP HEIGHT="53" HPOS="1139" VPOS="3713" WIDTH="40" />
<String CONTENT="Henry" HEIGHT="67" HPOS="1180" VPOS="3713" WIDTH="204" />
<SP HEIGHT="68" HPOS="1385" VPOS="3712" WIDTH="36" />
<String CONTENT="Seidel" HEIGHT="56" HPOS="1422" VPOS="3712" WIDTH="190" />
<SP HEIGHT="55" HPOS="1613" VPOS="3712" WIDTH="37" />
<String CONTENT="Canby" HEIGHT="69" HPOS="1651" VPOS="3712" WIDTH="200" />
<SP HEIGHT="50" HPOS="1852" VPOS="3731" WIDTH="37" />
<String CONTENT="&#8230;" CS="1" />
<SP HEIGHT="32" HPOS="1948" VPOS="3748" WIDTH="47" />
<String CONTENT="[and]" CS="1" HEIGHT="66" HPOS="2014" VPOS="3715" WIDTH="131" />
</TextLine>
<TextLine CS="1" HEIGHT="72" HPOS="223" STYLEREFS="StyleId-3C67E3D5-AFBB-49AA-A0DE-4063F45EAF88-" VPOS="3786" WIDTH="1927">
<String CONTENT="Thomas" HEIGHT="55" HPOS="223" VPOS="3786" WIDTH="245" />
<SP HEIGHT="52" HPOS="469" VPOS="3789" WIDTH="28" />
<String CONTENT="Kite" HEIGHT="53" HPOS="498" VPOS="3789" WIDTH="140" />
<SP HEIGHT="51" HPOS="639" VPOS="3791" WIDTH="28" />
<String CONTENT="Brown," HEIGHT="66" HPOS="668" VPOS="3791" WIDTH="230" />
<SP HEIGHT="67" HPOS="899" VPOS="3791" WIDTH="29" />
<String CONTENT="jr." HEIGHT="67" HPOS="929" VPOS="3791" WIDTH="71" />
<SP HEIGHT="10" HPOS="1001" VPOS="3833" WIDTH="37" />
<String CONTENT="&#8230;" CS="1" />
<SP HEIGHT="49" HPOS="1096" VPOS="3794" WIDTH="76" />
<String CONTENT="3000" HEIGHT="51" HPOS="1173" VPOS="3793" WIDTH="136" />
<SP HEIGHT="52" HPOS="1310" VPOS="3791" WIDTH="29" />
<String CONTENT="illustrations" HEIGHT="54" HPOS="1340" VPOS="3790" WIDTH="381" />
<SP HEIGHT="33" HPOS="1722" VPOS="3810" WIDTH="30" />
<String CONTENT="and" HEIGHT="52" HPOS="1753" VPOS="3792" WIDTH="112" />
<SP HEIGHT="52" HPOS="1866" VPOS="3792" WIDTH="32" />
<String CONTENT="an" HEIGHT="33" HPOS="1899" VPOS="3811" WIDTH="72" />
<SP HEIGHT="33" HPOS="1972" VPOS="3811" WIDTH="33" />
<String CONTENT="atlas" HEIGHT="52" HPOS="2006" VPOS="3793" WIDTH="144" />
</TextLine>
<TextLine HEIGHT="73" HPOS="223" STYLEREFS="StyleId-3C67E3D5-AFBB-49AA-A0DE-4063F45EAF88-" VPOS="3863" WIDTH="1922">
<String CONTENT="of" HEIGHT="53" HPOS="223" VPOS="3863" WIDTH="63" />
<SP HEIGHT="54" HPOS="287" VPOS="3863" WIDTH="38" />
<String CONTENT="the" HEIGHT="52" HPOS="326" VPOS="3866" WIDTH="95" />
<SP HEIGHT="34" HPOS="422" VPOS="3884" WIDTH="39" />
<String CONTENT="world." HEIGHT="52" HPOS="462" VPOS="3868" WIDTH="197" />
<SP HEIGHT="51" HPOS="660" VPOS="3869" WIDTH="89" />
<String CONTENT="Philadelphia," HEIGHT="68" HPOS="750" VPOS="3868" WIDTH="428" />
<SP HEIGHT="69" HPOS="1179" VPOS="3867" WIDTH="44" />
<String CONTENT="Chicago" HEIGHT="69" HPOS="1224" VPOS="3867" WIDTH="252" />
<SP HEIGHT="48" HPOS="1477" VPOS="3887" WIDTH="49" />
<String CONTENT="[etc.]" HEIGHT="63" HPOS="1527" VPOS="3873" WIDTH="138" />
<SP HEIGHT="66" HPOS="1666" VPOS="3870" WIDTH="47" />
<String CONTENT="The" HEIGHT="53" HPOS="1714" VPOS="3869" WIDTH="121" />
<SP HEIGHT="54" HPOS="1836" VPOS="3869" WIDTH="43" />
<String CONTENT="John" HEIGHT="54" HPOS="1880" VPOS="3869" WIDTH="157" />
<SP HEIGHT="55" HPOS="2038" VPOS="3869" WIDTH="45" />
<String CONTENT="C." HEIGHT="55" HPOS="2084" VPOS="3869" WIDTH="61" />
</TextLine>
<TextLine HEIGHT="73" HPOS="219" STYLEREFS="StyleId-3C67E3D5-AFBB-49AA-A0DE-4063F45EAF88-" VPOS="3940" WIDTH="775">
<String CONTENT="Winston" HEIGHT="56" HPOS="219" VPOS="3940" WIDTH="266" />
<SP HEIGHT="35" HPOS="486" VPOS="3962" WIDTH="27" />
<String CONTENT="company," HEIGHT="51" HPOS="514" VPOS="3962" WIDTH="296" />
<SP HEIGHT="63" HPOS="811" VPOS="3950" WIDTH="32" />
<String CONTENT="1935." HEIGHT="51" HPOS="844" VPOS="3948" WIDTH="150" />
</TextLine>
</TextBlock>
</PrintSpace>
</Page>
</Layout>
</alto>