2424 4375
1204 4057 133 49 1218

312 446 182 63 Long,
523 447 218 53 Ernest
768 447 232 55 Laurie.

379 521 146 54 Foul
554 521 262 67 hawsers,
845 520 74 69 by
950 521 67 53 E.
1050 522 207 52 Laurie
1287 524 178 68 Long.
1538 524 236 53 London
1808 525 111 52 and
1951 525 346 70 Melbourne,

307 597 197 69 Ward,
528 597 154 54 Lock
706 599 45 51 &
778 617 96 49 co.,
897 595 222 58 limited
1151 602 173 67 [1935]

374 682 88 41 318
486 693 43 38 p.
589 682 116 44 19cm.

311 752 1983 56 © 1c. Sept. 3. 1935; A ad int. 20538; pubd. July 12; E. L. Long, Gidea
378 814 142 47 Park,
555 815 165 44 Essex,
754 814 234 47 England.
1059 814 279 49 (35-15748)

307 931 197 63 Mann,
532 931 197 63 Jacob,
758 936 169 50 1888-

377 1009 173 53 Texts
577 1009 112 52 and
716 1009 212 54 studies
956 1009 61 52 in
1044 1008 217 57 Jewish
1287 1010 221 68 history
1535 1010 111 53 and
1673 1012 313 66 literature,
2013 1013 75 66 by
2115 1013 179 54 Jacob

305 1088 196 52 Mann,
560 1087 224 52 volume
805 1090 48 50 2.
875 1086 314 54 Karaitica.
1248 1088 162 54 With
1433 1092 33 48 4
1489 1088 321 55 facsimiles.
1871 1091 423 66 Philadelphia,

306 1165 142 52 Pub.
478 1165 95 52 for
599 1165 93 52 the
724 1165 205 53 author
956 1166 75 66 by
1059 1166 122 52 The
1208 1167 247 52 Hebrew
1483 1185 156 48 press
1667 1167 62 53 of
1759 1167 119 53 The
1909 1168 212 54 Jewish

305 1169 1963 128 publication
563 1245 212 65 society
800 1243 61 53 of
886 1243 283 67 America,
1202 1247 148 50 1935.

373 1330 137 47 xxiii,
540 1329 117 40 1600
679 1340 44 37 p.
780 1329 213 40 facsims.
1051 1329 144 40 23½cm.

377 1402 178 38 Errata
583 1399 95 48 slip
700 1400 211 39 inserted
938 1401 213 38 between
1177 1409 145 41 pages
1352 1400 76 49 [iv]
1459 1402 94 38 and
1581 1412 28 28 v
1638 1401 49 39 of
1714 1412 40 28 v.
1782 1400 41 40 2.

378 1456 1912 50 “Volume I was published in 1931 by the Hebrew union college press”
303 1516 51 38 at
386 1514 291 46 Cincinnati,
706 1513 136 40 Ohio.
902 1514 60 47 cf.
993 1525 43 37 p.
1067 1525 41 28 v.

305 1581 52 53 ©
391 1586 125 47 Sept.
551 1585 68 48 18,
652 1584 140 42 1935;
824 1583 65 41 2c.
925 1584 126 47 Sept.
1084 1582 53 41 19;
1198 1582 81 41 aff.
1316 1584 126 47 Sept.
1475 1583 57 40 20;
1592 1584 40 39 A
1664 1584 142 41 87105;
1868 1583 182 41 Jewish
378 1583 1894 98 publication
508 1651 92 29 soc.
632 1641 53 40 of
711 1640 235 39 America.

304 1758 303 65 Marshall,
638 1758 178 65 Gary.

369 1835 242 53 Raiders
648 1834 63 54 of
747 1834 94 53 the
876 1834 186 53 Tonto
1098 1833 127 67 rim,
1261 1834 76 68 by
1372 1834 159 68 Gary
1566 1834 295 54 Marshall.
1933 1835 139 52 New
2112 1835 174 66 York,

302 1915 119 52 The
453 1913 262 68 Hartney
746 1931 171 50 press,
948 1915 149 51 1935.

369 1997 623 52 4 p. l., 7-283 p. 19½cm.
303 2067 51 52 ©
382 2071 127 47 Sept.
533 2069 67 47 10,
625 2068 113 41 1935;
790 2068 68 41 2c.
885 2070 127 46 Sept.
1037 2069 50 38 11;
1146 2068 82 40 aff.
1255 2068 123 47 Sept.
1405 2067 54 39 12;
1513 2068 41 38 A
1578 2067 142 41 86267;
1776 2069 223 47 Hartney
2023 2077 147 39 press,
2197 2067 89 43 inc.

381 2126 279 49 (35-15320)

299 2230 330 64 Maryland.
706 2231 176 52 Court
909 2230 63 65 of
998 2229 247 65 appeals.

300 2305 1959 147 Reports of cases argued and adjudged … Herbert T. Tiffany,
491 2390 143 48 state
667 2390 269 61 reporter,
1005 2386 224 50 volume
1264 2383 113 54 167.
1450 2382 349 68 Containing
1835 2402 149 34 cases
2016 2384 63 51 of
2111 2385 172 66 April

300 2461 1983 68 and October terms, 1934 … Baltimore, 20th century printing
298 2559 98 48 co.,
422 2544 150 50 1935.

367 2627 104 47 xlii,
499 2626 84 40 764
611 2637 42 36 p.
710 2625 114 40 23cm.

298 2693 52 52 ©
385 2698 128 37 June
544 2695 70 46 26,
649 2695 139 44 1934;
825 2693 66 41 2c.
926 2695 97 39 and
1056 2693 80 40 aff.
1177 2694 127 46 Sept.
1338 2693 82 45 23;
1459 2694 42 38 A
1534 2693 170 46 86425;
1742 2694 210 39 Herbert
1984 2694 51 40 T.
2071 2693 208 47 Tiffany,

366 2754 81 38 for
474 2753 85 39 the
585 2754 130 39 state
742 2751 52 38 of
823 2750 270 47 Maryland,
1125 2749 280 40 Baltimore.

296 2855 406 63 Mauermann,
729 2853 225 53 Bertha
981 2854 258 54 Merena.

363 2929 234 68 Mosaic,
637 2929 76 68 by
757 2929 213 51 Bertha
1012 2928 232 52 Merena
1286 2927 393 53 Mauermann.
1761 2928 232 67 Boston,
2037 2926 237 53 Meador

295 3006 335 69 publishing
659 3023 295 51 company,
987 3007 149 50 1935.

361 3092 86 40 112
471 3103 43 38 p.
577 3092 146 49 22½cm.

364 3163 183 41 Poems.

296 3230 52 53 ©
371 3235 118 46 Aug.
515 3234 68 46 10,
606 3233 115 40 1935;
773 3234 66 39 2c.
864 3234 117 46 Aug.
1009 3233 54 39 16;
1118 3232 81 40 aff.
1226 3233 117 47 Aug.
1369 3232 57 39 24:
1478 3233 41 38 A
1544 3232 146 40 86050;
1742 3233 210 39 Edward
1978 3233 57 39 K.
2064 3232 211 47 Meador,

364 3292 194 39 Boston.
629 3290 277 48 (35-15303)

292 3390 229 65 Mellon,
549 3393 203 52 James
776 3394 167 62 Ross,
972 3396 323 50 1846-1934.

423 3467 1850 68 … Letters. [Pittsburgh, Printed by Stevenson and Foster
293 3564 96 48 co.,
414 3549 173 64 c1935]

359 3630 811 51 3 p. l., 5-211 p. ports. 19½cm.
363 3702 127 39 Title
515 3701 128 39 from
672 3712 153 29 cover.

363 3758 189 39 Letters
583 3757 195 40 written
809 3761 51 36 to
885 3758 83 39 the
994 3758 176 38 author
1199 3757 61 47 by
1290 3755 79 40 his
1394 3756 179 40 father.
1605 3756 213 38 Thomas
1846 3755 191 42 Mellon,
2068 3755 95 39 and
2194 3751 75 42 his

291 3815 199 44 mother,
525 3814 154 38 Sarah
709 3814 124 39 Jane
861 3814 178 45 Negley
1070 3811 190 47 Mellon,
1292 3813 95 37 and
1417 3812 80 38 hisi
1523 3822 213 28 answers
1769 3815 52 35 to·
1848 3812 142 37 them.
2048 3810 60 46 cf.
2141 3808 128 41 Pref.

291 3878 54 52 ©
383 3883 127 42 June
545 3882 69 46 15,
653 3883 139 45 1935;
831 3882 66 40 2c.
936 3883 94 38 and
1070 3880 78 40 aff.
1191 3881 126 40 June
1352 3880 81 46 24;
1474 3881 41 38 A
1551 3881 168 44 85147;
1760 3880 70 39 W.
1868 3880 49 38 L.
1958 3880 177 38 Mellon
2174 3879 94 38 and

359 3939 209 39 Thomas
593 3939 190 46 Mellon,
848 3969 8 15 II,
880 3941 251 36 executors
1156 3938 54 39 of
1231 3940 157 37 estate
1411 3936 50 39 of
1486 3937 163 39 James
1674 3937 55 38 R.
1756 3936 188 46 Mellon,
1971 3933 295 48 Pittsburgh.

368 3995 278 48 (35-13048)
