2424 4375
1048 4097 132 49 1443

146 475 312 65 Bradford,
490 476 314 54 Frederick
830 477 206 65 Alden,
1067 480 171 56 1897-

211 550 1919 72 Money and banking, by Frederick A. Bradford … 2d ed.
144 627 134 55 New
308 628 177 68 York,
513 629 239 54 London
804 634 119 64 [etc.]
957 630 343 69 Longmans,
1330 630 184 55 Green
1546 635 109 51 and
1688 652 96 48 co.,
1815 637 149 49 1935.

144 718 1971 104 3 p. l. , v-xii p., 1 l., 814 p. illus., diagrs. 22 cm . (Longmans’ economic series)
216 845 68 40 “A
315 845 212 41 revision
558 846 53 40 of
643 846 84 40 the
757 845 218 41 author’s
1009 847 174 48 Money
1216 848 95 39 and
1345 847 76 41 his
1457 848 227 49 Banking
1717 850 96 39 and

1849 850 128 39 their
144 860 1968 82 combination
390 902 102 41 into
521 912 29 29 a
576 901 154 50 single
757 902 232 41 volume.”

217 958 439 49 “Bibliographical
684 958 139 41 note”
853 963 50 37 at
930 961 91 39 end
1047 960 52 40 of
1124 962 128 39 most
1275 961 53 40 of
1352 962 85 39 the
1461 962 240 49 chapters.

142 1025 51 53 ©
220 1029 101 41 Oct.
347 1028 39 48 9,
414 1029 115 40 1935;
580 1029 67 40 2c.
674 1031 96 39 and
797 1029 80 40 aff.
906 1029 99 41 Oct.
1035 1029 53 40 11;
1146 1031 42 38 A
1213 1030 146 41 87617;
1413 1031 286 48 Longmans,
1731 1032 155 40 Green
1916 1032 35 39 &
1980 1042 66 31 co.

219 1086 279 47 (35-20075)

141 1190 269 65 Brengle,
437 1191 199 52 Deane
663 1191 315 64 Rockhold,
1007 1196 170 51 1888-

207 1268 241 52 Modern
479 1266 149 54 office
658 1269 111 51 and
800 1268 229 67 general
1057 1266 247 69 practice;
1367 1287 31 33 a
1427 1267 304 53 handbook
1762 1268 63 52 of
1856 1268 274 67 practical

137 1344 291 68 medicine,
481 1344 75 69 by
610 1345 194 52 Deane
856 1345 67 52 R.
978 1346 265 68 Brengle,
1295 1364 68 34 m.
1415 1365 48 33 d.
1539 1343 341 71 Kingsport,
1934 1348 195 64 Tenn.,

140 1421 1019 70 Southern publishers, inc. [ c 1935]
206 1496 82 49 vii,
318 1496 88 41 320
433 1507 43 38 p.
537 1496 56 41 19½
625 1499 43 21 cm
673 1528 9 9 .

139 1564 51 53 ©
220 1568 101 41 Oct.
351 1569 38 46 5,
420 1568 139 43 1935;
591 1568 66 41 2c.
686 1569 96 40 and
811 1568 79 40 aff.
923 1568 101 41 Oct.
1053 1568 82 47 10;
1167 1569 40 38 A
1236 1568 170 46 86676;
1436 1569 57 40 D.
1524 1570 54 39 R.
1610 1569 219 49 Brengle,
1861 1570 266 47 Dearborn,

206 1625 141 39 Mich.
419 1625 278 47 (35-20127)

138 1730 230 63 Brown,
395 1729 286 65 Leonard,
709 1730 83 52 ed.

203 1805 1862 69 A quarto of modern literature, edited by Leonard Brown …
137 1882 1666 70 and Porter G. Perrin … New York, Chicago [etc.]
1841 1883 61 55 C.
134 1884 1966 132 Scribner’s
310 1980 129 35 sons
477 1995 13 33 [
494 1968 18 21 c
517 1964 151 64 1935]

206 2034 587 50 viii, 436 p., 1 l. 28 cm .
206 2106 224 40 Includes
458 2104 128 41 brief
611 2104 330 48 biographical
970 2104 222 41 sketches
1218 2105 52 39 of
1295 2105 81 40 the
1403 2106 216 40 authors.

137 2172 51 53 ©
220 2177 127 48 Sept.
375 2176 70 48 24,
475 2176 139 46 1935;
646 2176 68 39 2c.
746 2176 101 40 Oct.
874 2176 82 46 11;
989 2175 81 40 aff.
1103 2175 101 40 Oct.
1236 2175 81 47 10;
1350 2176 45 39 A
1422 2176 170 47 86826;
1625 2176 201 41 Charles
1861 2176 264 41 Scribner’s

198 2244 126 29 sons.
396 2232 279 49 (35-20116)

136 2337 229 63 Brown,
394 2336 164 63 Paul,
591 2339 169 50 1893-

203 2412 221 69 Piper’s
472 2431 180 49 pony;
702 2412 97 54 the
847 2418 158 58 story
1051 2413 64 52 of
1163 2411 363 59 Patchwork,
1572 2412 76 67 by
1696 2413 148 52 Paul
1894 2415 228 51 Brown.

133 2491 137 53 New
301 2490 180 62 York,
508 2491 257 61 London,
799 2489 62 55 C.
894 2489 310 55 Scribner’s
1236 2507 145 50 sons,
1413 2492 150 52 1935.

207 2563 672 52 [120] p. illus. 22 × 29 cm .
204 2635 286 40 Illustrated
519 2635 98 46 t.-p.
649 2634 94 39 and
773 2632 361 49 lining-papers.

136 2701 51 52 ©
217 2707 100 39 Oct.
349 2707 68 45 11,
450 2705 116 40 1935;
623 2705 67 39 2c.
724 2705 101 39 Oct.
859 2704 57 39 19;
975 2704 82 39 aff.
1091 2704 101 39 Oct.
1225 2704 59 38 25;
1342 2704 40 38 A
1414 2703 142 41 89043;
1620 2704 201 40 Charles
1857 2703 263 42 Scribner’s

201 2773 124 29 sons.
395 2761 279 49 (35-20671)

136 2865 306 64 Brunhoff,
472 2865 146 53 Jean
646 2865 88 55 de.

261 2933 1859 75 … Babar the king; translated from the French by Merle
133 3018 172 54 Haas.
381 3019 137 52 New
553 3017 179 67 York,
763 3018 75 51 H.
875 3016 189 55 Smith
1099 3018 110 51 and
1243 3017 67 52 R.
1345 3016 179 68 Haas,
1560 3018 151 49 1935.

202 3095 68 46 47,
305 3094 53 49 [1]
391 3104 42 37 p.
494 3094 86 38 col.
608 3092 128 39 illus.
796 3092 56 39 37
855 3092 42 22 cm
902 3122 9 9 .

204 3162 286 41 Illustrated
516 3161 97 48 t,-p.
643 3161 96 39 and
766 3159 346 48 lining-papers
1140 3159 50 39 in
1217 3160 167 39 colors.

203 3217 181 41 Music:
412 3228 43 37 p.
484 3217 68 40 17.

136 3284 50 53 ©
218 3290 99 40 Oct.
350 3289 68 46 14,
451 3287 116 41 1935;
624 3288 67 39 2c.
725 3287 101 40 Oct.
855 3286 55 40 25;
971 3285 82 41 aff.
1088 3286 101 40 Oct.
1222 3285 52 40 23;
1338 3286 44 39 A
1412 3284 146 42 88018;
1616 3284 241 41 Harrison
1893 3286 157 41 Smith
2083 3289 36 39 &

199 3346 180 39 Robert
402 3346 151 45 Haas,
579 3344 90 39 inc.
739 3342 278 49 (35-20680)

136 3445 336 54 California.
547 3448 242 52 District
824 3452 183 47 courts
1041 3446 63 66 of
1136 3444 220 67 appeal.

203 3521 1913 69 Reports of cases determined … from January 19, 1935, to
135 3599 290 68 February
462 3605 84 61 26,
586 3605 148 49 1935.
810 3601 308 67 Randolph
1157 3602 70 51 Y.
1265 3598 285 68 Whiting,
1589 3602 283 64 reporter;
1913 3600 204 66 Henry

135 3677 61 52 F.
219 3679 275 67 Wrigley,
514 3679 260 53 William
797 3681 63 50 F.
885 3682 296 61 Traverso,
1201 3680 148 52 Wm.
1375 3677 337 66 Nankervis,
1735 3677 89 67 jr.,
1850 3677 267 53 assistant

135 3760 293 62 reporters,
499 3756 221 53 volume
755 3760 32 48 4
819 3757 125 67 (2d)
1028 3756 116 55 San
1179 3754 320 67 Francisco,
1534 3753 583 69 Bancroft-Whitney

136 3849 290 51 company,
456 3837 147 49 1935.

199 3905 161 40 xxxvi.
388 3905 88 41 918
501 3917 42 37 p.
600 3905 54 39 22½
687 3909 44 20 cm
737 3938 8 7 .

136 3969 50 53 ©
213 3975 99 41 Oct.
339 3977 40 47 4,
407 3976 116 41 1935;
575 3977 65 40 2c.
670 3977 101 41 Oct.
799 3977 56 38 14;
911 3976 81 40 aff.
1022 3976 101 41 Oct.
1152 3975 58 40 26;
1264 3976 41 38 A

1332 3974 145 42 87987;
1532 3972 487 49 Bancroft-Whitney
2046 3983 67 31 co.
