2526 4384
1342 4038 98 49 180

374 426 248 67 Cronau,
654 428 236 65 Rudolf,
925 433 171 50 1855-

446 505 376 55 Denkschrift
861 525 127 33 zum
1030 510 112 50 150.
1181 507 293 68 jahrestag
1511 507 99 52 der
1646 508 325 53 Deutschen
2006 507 364 68 gesellschaft

376 583 99 52 der
513 584 156 52 stadt
709 586 139 51 New
890 583 177 67 York,
1110 585 323 66 1784-1934,
1473 604 110 33 von
1624 585 221 53 Rudolf
1888 586 243 54 Cronau.
2233 586 137 53 [New

374 661 180 66 York,
586 663 150 65 1934]

449 736 56 39 54
529 746 57 37 p,
610 735 31 38 2
681 765 23 16 l.,
731 734 143 41 57-97
899 747 41 36 p.
968 735 108 40 incl.
1103 736 135 38 front.
1306 736 170 47 plates,
1504 738 146 45 ports.
1705 736 55 40 23½
1793 737 45 22 cm
1842 767 7 8 .

448 792 210 40 German
686 795 107 37 text
816 792 228 40 followed
1073 793 60 46 by
1162 803 62 28 an
1254 791 201 48 English
1486 792 297 41 translation
1822 793 48 48 (2
1921 823 23 15 l.,
1974 792 143 41 57-97
2148 794 68 47 p.)
2256 792 118 40 with

377 849 180 48 special
581 852 125 44 t.-p.:
734 848 270 41 Historical
1030 849 193 46 sketch;
1256 848 208 41 German
1490 850 181 47 society
1698 850 54 40 of
1775 850 81 40 the
1884 849 97 48 city
2008 851 53 38 of
2086 850 116 39 New
2230 850 144 48 York,

374 905 141 40 150th
547 907 333 46 anniversary,
913 905 272 41 1784-1934.

381 958 52 52 ©
471 963 126 48 Sept.
631 963 69 40 28.
735 962 115 41 1934;
912 962 66 41 2c.
1013 963 117 40 Nov.
1165 963 57 39 15;
1282 962 80 40 aff.
1398 963 117 40 Nov.
1551 964 55 38 14;
1669 963 41 39 A
1743 963 143 40 78090;
1953 963 209 40 German
2197 973 91 30 soc.
2324 965 52 38 of

450 1020 81 39 the
552 1020 98 47 city
672 1020 55 40 of
748 1020 116 39 New
886 1020 132 39 York
1052 1019 279 48 (34-39237)

376 1108 1997 225 The cyclopedia of medicine; George Morris Piersol … editor-in-chief and Edward L. Bortz … assistant editor … illustrated with numerous half-tone and line engravings and
450 1361 170 50 many
667 1344 307 52 handsome
1023 1342 110 55 full
1180 1361 144 51 page
1372 1345 153 52 color
1569 1344 200 68 plates.
1853 1345 267 53 Volumes
2166 1362 103 37 one
2315 1349 58 49 to

448 1424 199 51 twelve
680 1423 201 51 Index.
950 1421 425 68 Philadelphia,
1408 1425 64 50 F.
1506 1424 72 52 A.
1611 1422 180 54 Davis
1824 1441 297 49 company,
2153 1426 150 50 1934.

449 1495 551 49 1 p. l., 415 p. 26½ cm .
384 1549 53 52 ©
463 1554 108 39 Jan.
599 1552 69 48 30,
696 1551 113 41 1935;
866 1551 65 40 2c.
961 1553 120 38 Mar.
1110 1552 57 39 16;
1220 1551 81 40 aff.
1332 1553 121 38 Mar.
1480 1552 80 45 27;
1593 1552 41 38 A
1662 1551 168 47 81202;
1863 1551 49 39 F.
1940 1553 51 38 A.
2021 1551 152 40 Davis
2201 1563 66 29 co.

380 1669 184 67 Dopp,
592 1669 331 54 Katharine
952 1669 325 66 Elizabeth,
1308 1676 170 49 1863-

453 1750 157 66 Busy
643 1749 139 67 days
816 1749 140 52 with
990 1748 151 54 little
1175 1747 240 69 friends,
1447 1748 75 68 by
1555 1748 322 52 Katharine
1914 1749 66 51 E.
2015 1748 192 68 Dopp,
2243 1748 137 67 May

381 1827 152 52 Pitts
577 1827 113 52 and
738 1825 58 56 S.
842 1824 63 56 C.
953 1825 305 68 Garrison;
1307 1823 325 56 illustrated
1676 1827 75 66 by
1797 1826 298 68 Margaret
2138 1826 236 52 Holton.

383 1905 137 53 New
556 1904 180 69 York,
772 1903 252 70 Chicago
1085 1910 119 61 [etc.]
1247 1904 187 68 Rand,
1469 1904 274 67 McNally
1779 1906 46 50 &
1860 1921 279 50 company
2183 1936 12 34 [
2200 1910 19 21 c
2224 1907 150 62 1935]

452 1977 63 49 vi,
546 1978 85 40 154
658 1988 43 38 p.
762 1976 85 42 col.
879 1977 128 41 illus.
1068 1977 54 40 19½
1155 1980 15 20 cm
1203 2009 8 8 .

453 2035 287 41 Illustrated
779 2034 361 49 lining-papers.

454 2091 73 41 On
554 2102 166 30 cover:
752 2090 176 49 Happy
956 2091 118 40 road
1103 2093 47 38 to
1179 2090 214 49 reading.

387 2146 52 52 ©
468 2149 109 41 Feb.
606 2150 38 45 8,
674 2148 114 41 1935;
845 2148 65 40 2c.
941 2148 95 39 and
1063 2146 78 41 aff.
1173 2147 111 39 Feb.
1314 2147 81 46 14;
1428 2147 41 38 A
1496 2145 168 46 80425;
1698 2147 153 44 Rand,
1884 2147 223 46 McNally
2137 2147 35 39 &
2201 2158 64 29 co.

464 2205 249 49 (35-2899)

383 2296 92 54 Du
503 2295 142 65 Rell,
674 2296 137 53 Mrs.
841 2294 161 53 Leah
1032 2294 189 55 Sarah
1252 2293 261 66 (Simon)
1553 2299 323 50 1881-1934.

455 2374 122 52 The
618 2373 154 52 force
816 2374 214 51 eternal
1074 2373 111 52 and
1226 2373 161 52 other
1430 2389 208 48 poems,
1679 2372 76 65 by
1796 2372 156 52 Leah
1995 2371 57 55 S.
2096 2372 95 51 Du
2229 2372 147 52 Rell.

387 2450 396 65 Washington,
813 2450 70 51 D.
916 2449 82 64 C.,
1030 2452 151 49 1934.

453 2519 1805 51 31, [1] p. col. front., plates, ports, (1 col.) col. facsim. 19½ cm .
388 2575 52 52 ©
465 2580 110 39 Dec.
600 2578 70 48 21,
695 2577 140 48 1934;
862 2578 66 39 2c.
955 2579 96 38 and
1077 2577 78 39 aff.
1185 2578 108 38 Jan.
1320 2576 39 48 2,
1384 2577 139 46 1935;
1552 2577 40 38 A
1618 2576 169 47 77977;
1817 2576 211 41 District
2050 2577 52 39 of
2128 2576 249 41 Columbia

454 2635 196 45 section,
684 2634 248 41 Woman's
960 2634 247 47 auxiliary
1238 2637 49 37 to
1320 2635 85 38 the
1434 2633 257 40 American
1724 2632 230 42 institute
1984 2635 51 38 of
2069 2632 185 48 mining
2284 2633 95 39 and

451 2692 357 48 metallurgical
835 2691 265 48 engineers,
1127 2690 333 47 Washington.
1532 2689 249 48 (35-3004)

387 2779 317 67 Edginton,
731 2780 186 54 Helen
944 2780 248 64 Marion,
1223 2785 171 50 1883-

460 2856 1915 69 The sun will shine, by May Edginton … New York, The
389 2936 838 62 Macaulay company [ c 1934]
460 3008 87 41 320
574 3017 42 38 p.
678 3007 54 40 19½
764 3010 45 21 cm
814 3040 8 9 .

392 3061 52 52 ©
473 3066 116 39 Nov.
619 3065 67 42 15,
714 3064 140 46 1934;
885 3064 65 41 2c.
982 3066 96 39 and
1108 3064 79 41 aff.
1217 3065 116 38 Nov.
1364 3064 54 38 22;
1478 3064 41 38 A
1548 3063 168 47 80702;
1750 3064 258 46 Macaulay
2037 3073 67 30 co.

468 3121 249 49 (35-3122)

389 3208 409 65 Enciclopedia
843 3211 240 53 italiana
1131 3212 59 53 di
1238 3210 230 68 scienze,
1514 3213 198 50 lettere
1757 3210 69 52 ed
1873 3210 129 67 arti,
2048 3209 332 69 pubblicata

457 3294 148 48 sotto
643 3289 157 52 l’alto
839 3294 303 62 patronato
1181 3289 59 52 di
1282 3290 55 54 S.
1375 3290 79 50 M.
1493 3290 42 51 il
1573 3291 85 50 Re
1694 3287 248 53 d’ltalia.
2190 3332 9 10 [XXIV.

458 3288 1884 144 Mu-Nove]
712 3368 198 57 Roma,
947 3366 235 55 Istituto
1222 3367 149 51 della
1411 3365 407 68 Enciclopedia
1857 3365 240 54 italiana
2135 3364 241 54 fondata

457 3444 72 51 da
559 3443 287 55 Giovanni
873 3445 287 64 Treccani,
1191 3447 149 51 1934.

458 3517 27 39 4
517 3527 44 37 p.
600 3518 43 45 1,
682 3515 209 49 [ix]-xvi,
929 3516 112 39 1002
1078 3527 41 37 p.
1184 3517 126 38 illus.
1340 3515 131 47 (incl.
1510 3518 174 46 ports.)
1728 3516 157 46 plates
1912 3513 135 49 (part
2085 3514 110 47 col.)
2243 3524 135 37 maps

398 3575 135 47 (part
560 3573 143 46 fold.)
766 3573 51 39 31½
855 3574 44 21 cm
903 3602 7 8 .

392 3625 1969 109 © Jan. 20, 1935; 1c. Mar. 1; A-Foreign 27059; Istituto dell’Enciclopedia italiana fondato da Giovanni Treccani. 1182
390 3771 1960 133 Essays on the law and practice of governmental administration; a volume in honor of Frank Johnson Goodnow …
462 3927 358 54 contributed
854 3927 75 65 by
962 3927 88 52 his
1085 3927 256 52 students
1375 3928 61 52 in
1471 3926 254 66 grateful
1759 3924 518 67 acknowledgment
2316 3923 61 52 of
