2424 4375
1072 4051 97 49 104

156 438 245 62 Palmer,
428 437 210 53 Bissell
664 437 284 63 Barbour,
979 442 169 50 1889-

224 510 1909 71 Paying through the teeth, by Bissell B. Palmer … New
155 590 1082 68 York, The Vanguard press [ c 1935]
286 662 1036 50 xv p., 2 l., 3-297 p. illus., plates. 19½ cm .
155 729 52 52 ©
237 734 114 46 July
382 734 39 46 1,
452 730 112 43 1935;
622 732 68 40 2c.
721 733 115 47 July
867 733 24 39 5;
950 732 83 40 aff.
1063 732 119 48 July
1209 732 53 46 6;
1298 733 39 37 A
1369 731 168 47 84548;
1571 732 264 47 Vanguard
1865 741 149 39 press,
2047 732 89 40 inc.

233 789 277 49 (35-11870)

156 890 330 65 Pennanen,
515 892 107 51 Ina
649 890 323 65 Elizabeth,
1006 896 321 49 1906-1934.

222 966 208 54 Leaves
483 965 151 55 from
685 966 94 52 the
831 965 301 55 notebooks
1186 965 64 54 of
1302 965 105 52 Ina
1460 965 299 54 Elizabeth
1814 965 320 54 Pennanen.

158 1041 340 71 [Cleveland]
539 1043 156 53 Priv.
733 1045 174 67 print.
950 1042 273 70 [Graphic
1260 1060 171 51 press,
1469 1042 125 67 inc.]
1638 1045 149 48 1935.

221 1114 56 39 44
306 1124 42 38 p.
408 1113 58 40 19
466 1116 44 21 cm
515 1146 9 8 .

155 1183 51 53 ©
240 1188 116 47 July
389 1188 39 46 8,
461 1187 140 47 1935;
636 1188 67 39 2c.
737 1188 96 40 and
870 1187 80 40 aff.
986 1188 116 47 July
1134 1188 82 46 18;
1251 1188 40 38 A
1326 1187 169 47 84679;
1534 1188 87 39 Ida
1658 1188 272 48 Pennanen,
221 1188 1899 103 Ashtabula,
384 1244 51 41 O.
505 1244 278 49 (35-11907)

154 1347 131 62 Poe,
316 1348 200 63 Edgar
541 1348 192 62 Allan,
765 1353 322 50 1809-1849.

155 1421 1960 148 … Representative selections, with introduction, bibliography, and
454 1500 1679 71 notes; begun by Margaret Alterton … and completed
153 1575 1982 71 by Hardin Craig … New York, Cincinnati [etc.] American
154 1653 143 56 book
329 1672 277 51 company
642 1689 14 35 [
660 1661 20 22 c
683 1657 152 65 1935]

223 1726 190 46 cxxxvi,
453 1726 83 41 563
576 1737 43 37 p.
692 1726 148 40 front.
869 1727 170 47 (port.)
1088 1727 154 47 diagr.
1315 1727 144 41 18½cm.
1544 1728 299 48 (Half-title:
1884 1730 251 39 American

155 1782 190 40 writers
374 1781 174 47 series)

225 1838 246 42 “Selected
505 1838 364 50 bibliography”
887 1848 11 32 :
935 1849 44 39 p.
1015 1839 343 41 cxix-cxxxiii.

156 1909 52 53 ©
235 1914 77 39 July
374 1914 69 46 23,
470 1913 139 47 1935;
637 1913 66 41 2c.
734 1914 96 39 and
856 1913 79 40 aff.
966 1914 116 47 July
1107 1912 83 48 26;
1219 1914 41 38 A
1288 1912 169 47 85219;
1490 1915 158 38 Amer,
1677 1915 122 39 book
1827 1923 66 31 co.

234 1970 278 47 (35-11900)

163 2072 242 64 [Porter,
433 2071 254 55 William
715 2072 254 66 Sydney]
1003 2077 323 51 1862-1910.

223 2147 119 52 The
370 2149 154 51 voice
552 2147 62 52 of
642 2147 96 53 the
766 2144 114 72 city
909 2146 110 54 and
1051 2147 160 54 other
1240 2148 196 53 stories
1466 2147 73 68 by
1569 2145 68 54 O.
1667 2147 201 67 Henry
1921 2148 213 68 [psend.]

156 2225 52 51 A
242 2224 279 68 selection,
557 2224 140 53 with
735 2242 71 34 an
839 2225 403 66 introduction,
1278 2224 73 69 by
1389 2223 223 56 Clifton
1649 2223 310 67 Fadiman;
1998 2224 138 54 with

157 2300 373 54 illustrations
565 2301 73 68 by
675 2300 218 69 George
928 2301 191 54 Grosz.
1194 2301 137 54 New
1372 2301 177 68 York,
1585 2301 122 55 The
1740 2301 248 53 Limited

156 2300 1957 132 editions
334 2377 143 69 club,
512 2381 149 51 1935.

224 2448 1411 51 xi p., 1 l., 220, [1] p., 1 l. illus., col. plates. 27½cm.
225 2505 286 41 Illustrated
545 2507 97 46 t.-p.
678 2506 50 39 in
762 2508 166 38 colors.

226 2561 222 40 “Fifteen
483 2563 217 39 hundred
739 2563 156 47 copies
931 2563 123 40 have
1088 2564 117 40 been
1240 2564 193 48 printed
1468 2564 79 40 for
1583 2565 82 40 the
1701 2564 235 41 members
1970 2565 51 41 of
2058 2565 81 40 the

155 2618 207 40 Limited
396 2618 208 40 editions
638 2620 107 39 club
777 2620 61 46 by
872 2619 182 41 Robert
1086 2619 226 49 Josephy,
1348 2620 120 40 with
1502 2621 326 40 illustrations
1860 2623 60 46 by
1957 2621 183 48 George

155 2673 1966 105 Grosz, who here signs: George Grosz. This copy … is number Copyright copy.”
157 2798 51 53 ©
237 2804 125 39 June
392 2802 69 48 19,
490 2801 140 49 1935;
666 2803 65 40 2c.
765 2804 95 39 and
890 2802 81 40 aff.
1002 2804 115 46 July
1150 2801 81 47 19;
1264 2803 41 38 A
1336 2802 142 41 85087;
1540 2801 207 42 Limited
1778 2804 208 40 editions
2017 2803 122 47 club,

226 2859 88 40 inc.
381 2860 276 49 [Copyright
691 2860 41 40 is
768 2858 203 41 claimed
1006 2870 61 29 on
1100 2860 231 39 selection
1364 2860 52 39 of
1445 2861 175 39 stories
1654 2861 96 39 and
1782 2859 328 41 introduction;

222 2917 341 48 illustrations]
635 2916 277 49 (35-11910)

159 3017 431 67 Régismanset,
623 3019 260 63 Charles,
917 3022 170 53 1877-

227 3097 298 66 Préceptes
554 3096 70 52 de
651 3096 358 67 philosophie
1038 3096 474 68 contemporaine,
1541 3115 105 49 par
1679 3097 233 53 Charles
159 3096 1955 131 Régismanset.

451 3175 183 66 Paris,
659 3174 68 54 G.
753 3175 153 52 Doin
930 3176 45 49 &
1000 3192 27 34 c
1045 3180 19 21 ie
1069 3221 11 15 ,
1108 3176 149 51 1934.

227 3246 621 49 2 p. l., [7]-752 p. 25 cm .
228 3303 171 47 Topics
428 3302 376 49 alphabetically
831 3303 252 47 arranged.

158 3354 1981 53 © Sept. 28, 1934; 1c. Apr. 16, 1935; A-Foreign 27629; C. Régismanset,
228 3415 150 40 Paris.
450 3415 278 49 (35-12359)

160 3515 343 66 Reinhardt,
531 3520 139 51 Mrs.
701 3518 241 52 Aurelia
971 3518 263 65 (Henry)
1273 3517 169 54 1877-

226 3591 120 52 The
382 3592 226 53 Garden
646 3593 127 52 club
811 3593 61 52 of
909 3593 306 53 America’s
1253 3591 265 54 redwood
1556 3609 199 50 grove;
1798 3609 71 34 an
1910 3589 228 54 address

158 3666 71 69 by
274 3668 233 54 Aurelia
553 3669 199 69 Henry
797 3667 334 56 Reinhardt.
1221 3668 160 53 Mills
1428 3666 241 70 College,
1718 3664 191 70 Calif.,
157 3667 1956 144 Eucalyptus

377 3764 170 49 press,
579 3748 148 52 1935.

225 3815 653 48 2 p. l., 10 p., 1 l. 18½cm.
228 3870 68 40 “A
324 3872 188 40 limited
538 3873 183 39 edition
750 3873 51 39 of
829 3872 85 40 200
941 3872 201 48 copies.”

158 3924 52 52 ©
233 3930 125 39 June
383 3930 69 46 10,
477 3931 112 39 1935;
644 3931 67 40 2c.
739 3932 115 46 July
876 3932 25 39 3;
957 3931 81 40 aff.
1065 3931 115 47 July
1206 3931 24 38 1;
1288 3931 39 38 A
1357 3929 169 48 84519;
1556 3932 297 46 Eucalyptus
1881 3941 148 37 press.

240 3985 275 48 (35-11601)
