2568 4342
1171 4078 62 51 51

199 451 232 66 Center,
459 452 181 55 Stella
667 453 276 65 Stewart,
974 452 172 55 1878-

265 529 291 52 Elements
595 529 63 53 of
697 529 248 67 English
984 530 392 66 composition.
1447 529 141 52 New
1624 529 86 52 ed.
1783 531 93 64 By
1914 528 182 55 Stella
2137 528 58 56 S.

199 606 1991 67 Center … and Ethel E. Holmes … Boston, New York [etc.]
197 684 179 65 Allyn
406 685 111 51 and
547 685 194 51 Bacon
955 715 13 34 [c1935]

267 767 1672 50 x p., 1 l., 541, 108 p., 1 l., 8 p. col. front., illus., diagrs. 19½cm.
267 838 139 50 Maps
435 851 58 29 on
525 839 362 49 lining-papers.

267 895 181 42 Music:
483 908 44 37 p.
559 896 217 41 501-506.

202 965 52 52 ©
290 971 111 38 Dec.
437 969 69 46 26,
543 968 113 40 1934;
720 968 67 40 2c.
824 969 95 38 ancl
957 966 81 40 aff.
1075 968 108 39 Jan.
1221 969 39 45 7,
1297 967 141 47 1935;
1477 967 42 39 A
1553 967 171 48 78894;
1764 968 145 47 Allyn
1947 968 36 40 &
2018 970 177 39 Bacon.

267 1026 283 48 Copyright
578 1026 41 39 is
647 1025 205 40 claimed
878 1036 60 29 on
967 1025 209 47 changes
1205 1026 95 38 and
1330 1035 107 29 new
1465 1026 194 47 matter]

277 1082 250 50 (35-1282)

199 1186 379 65 Chappelear,
612 1187 226 63 George
869 1187 267 61 Warren,
1171 1190 171 50 1889-

333 1262 1870 69 … Chappelear [by] George Warren Chappelear … Dayton,
203 1343 122 66 Va.,
353 1342 120 53 The
506 1340 383 56 Shenandoah
918 1360 175 48 press,
1126 1344 150 50 1932.

268 1424 1698 51 3 p. l., 124 p. ports. 23½ cm . (Families of Virginia, vol. II)
272 1497 71 40 On
367 1508 166 31 cover;
561 1496 301 48 Chappelear
885 1496 175 47 family
1085 1497 95 40 and
1206 1496 287 48 connecting
1514 1497 137 42 lines.

202 1567 52 52 ©
281 1572 117 38 Nov.
426 1567 69 50 15,
523 1568 139 48 1932;
693 1570 66 39 2c.
788 1570 96 39 and
913 1569 80 40 aff.
1024 1570 108 39 Jan.
1161 1568 69 49 26:,
1259 1568 141 48 1935;
1431 1570 41 38 A
1496 1570 171 47 80215;
1700 1570 52 40 G.
1782 1572 69 38 W.
1882 1571 316 47 Chappelear,

269 1627 379 48 Harrisonburg,
674 1628 85 39 Va.
831 1626 251 48 (35-1537)

200 1730 325 67 Charteris,
556 1730 208 65 Leslie,
798 1731 172 55 1907-

269 1805 1931 69 The Saint in New York [by] Leslie Charteris … Garden
200 1885 154 68 City,
398 1885 71 53 N.
515 1885 92 68 Y.,
650 1885 142 52 Pub.
841 1884 94 54 for
979 1885 96 54 the
1121 1883 191 55 Crime
1358 1884 145 70 club,
1548 1883 128 71 inc.,
1720 1884 75 70 by
1841 1885 359 71 Doubleday,

198 1964 199 52 Doran
425 1966 45 50 &
498 1982 297 50 company,
822 1965 129 66 inc.,
980 1966 151 50 1935.

269 2050 894 51 5 p. l., ix-x p., 1 l., 302 p. 19½ cm .
271 2124 161 40 “First
462 2123 227 41 edition.”

203 2191 52 52 ©
281 2196 108 39 Jan.
415 2196 69 46 18,
511 2194 141 43 1935;
679 2195 65 39 2c.
774 2196 95 39 and
895 2194 81 41 aff.
1003 2195 108 39 Jan.
1139 2194 82 48 24;
1251 2196 40 38 A
1319 2194 169 48 80192;
1519 2196 49 38 L.
1600 2194 267 48 Charteris,
1896 2194 303 50 Weybridge,

269 2253 233 47 England.
575 2252 250 49 (35-1203)

200 2357 208 64 Chase,
436 2357 251 55 Borden.

270 2433 142 53 East
467 2433 169 66 river,
691 2433 76 68 by
825 2433 226 52 Borden
1114 2431 199 55 Chase.
1388 2433 139 52 New
1584 2431 182 67 York,
1820 2432 251 55 Thomas
2127 2434 72 52 Y.

202 2510 242 54 Crowell
471 2529 281 50 company
787 2544 13 34 [
802 2517 20 22 c
827 2513 131 50 1935]

270 2598 607 49 3 p. l., 9-289 p. 19½ cm .
205 2666 49 52 ©
285 2671 108 40 Jan.
421 2670 69 46 21,
518 2669 140 47 1935;
688 2671 66 39 2c.
785 2671 108 39 Jan.
923 2670 83 47 24;
1039 2669 82 40 aff.
1150 2671 109 39 Jan.
1289 2670 83 40 23;
1400 2671 43 38 A
1469 2669 170 48 79352;
1671 2671 210 39 Thomas
1911 2670 51 39 Y.
1994 2669 206 41 Crowell

271 2739 66 29 co.
408 2727 249 48 (35-1202)

203 2829 280 67 Chaucer,
517 2831 295 66 Geoffrey,
841 2832 54 53 d.
928 2834 150 50 1400.

272 2909 118 52 The
431 2909 359 68 Canterbury
827 2911 159 65 tales,
1020 2910 74 66 by
1133 2907 270 69 Geoffrey
1439 2910 285 66 Chaucer;
1764 2908 276 53 rendered
2074 2908 125 53 into

200 2987 234 52 modern
458 2988 244 67 English
729 3005 156 35 verse
909 2988 76 67 by
1010 2988 198 53 Frank
1232 2990 210 50 Ernest
1466 2988 145 54 Hill.
1672 2987 260 66 London,
1957 2985 244 55 Printed

202 3063 92 53 for
319 3066 95 52 the
440 3064 251 54 Limited
718 3066 246 53 editions
989 3067 146 66 club,
1164 3070 150 53 1934.

270 3153 26 39 2
359 3185 8 8 v.
426 3154 148 39 front.
604 3154 171 48 (port.)
841 3154 55 40 32
898 3156 45 20 cm
948 3185 9 9 .

274 3224 160 48 Paged
463 3224 352 48 continuously.

275 3282 132 39 Each
445 3283 191 38 volume
672 3283 89 38 has
800 3283 156 38 added
995 3284 96 45 t.-p.
1132 3282 50 38 in
1220 3282 191 39 colored
1450 3281 305 40 ornamental
1794 3281 171 39 letters
2005 3290 61 29 on
2106 3283 93 37 two

203 3338 187 47 leaves;
423 3340 191 38 colored
645 3338 202 40 initials.

277 3395 91 39 “Of
396 3394 98 41 this
523 3395 123 40 book
674 3395 168 39 fifteen
872 3396 221 38 hundred
1124 3393 158 49 copies
1314 3396 121 37 have
1468 3395 118 38 been
1616 3393 193 47 printed

1839 3393 83 39 for
1948 3394 81 39 the
205 3401 1979 90 members
339 3452 50 39 of
416 3453 80 38 the
523 3452 209 40 Limited
757 3450 210 41 editions
995 3452 109 39 club
1131 3452 61 47 by
1221 3451 185 47 George
1493 3481 8 8 W.
1531 3451 147 39 Jones
1707 3453 50 36 at
1785 3451 81 38 the
1897 3449 115 48 Sign
2040 3450 52 40 of
2120 3450 81 39 the

206 3504 1995 52 dolphin in Gough square, London … This is … copyright copy signed
205 3563 80 40 for
307 3565 65 39 its
400 3576 162 29 owner
587 3566 61 47 by
674 3567 83 39 the
782 3564 229 49 printer.”

211 3629 1973 111 © 1c. each Jan. 10, 1935; A ad int. 19884; pubd. Dec. 10, 1934; Longmans,
460 3693 156 40 Green
645 3693 36 40 &
711 3704 82 36 co.,
825 3693 117 39 New
976 3693 141 39 York.
1190 3691 250 49 (35-1489)

209 3793 215 66 Childs,
452 3796 209 55 Leslie.

282 3870 169 54 “Law
481 3871 94 54 for
601 3873 97 54 the
726 3873 265 67 dentist”,
1016 3874 76 66 by
1118 3870 184 56 Leslie
1332 3872 219 55 Childs.
1626 3871 429 68 Philadelphia,
2084 3868 124 54 The

211 3946 209 56 Dental
449 3968 213 36 cosmos
696 3983 13 35 [
713 3957 19 21 c
736 3954 152 63 1934]

280 4018 595 51 xiii p., 1 l., 332 p. 17½cm.
