2568 4342
2513 4309 23 33 56

1323 4059 64 49 56

371 441 338 64 Graustein,
737 439 253 56 William
1021 441 241 63 Caspar,
1293 444 171 50 1888-

440 516 1928 70 Differential geometry, by William C. Graustein … New
378 595 173 67 York,
577 596 120 53 The
721 595 334 55 Macmillan
1083 611 298 51 company,
1409 597 150 51 1935.

440 669 64 47 xi,
533 668 84 41 230
644 680 44 36 p.
745 669 178 47 diagrs.
981 668 56 39 22½
1069 670 45 22 cm
1119 700 9 8 .

374 721 50 52 ©
455 727 107 38 Jan.
594 726 68 46 15,
692 724 139 48 1935;
861 725 65 40 2c.
957 727 95 38 and
1081 723 80 41 aff.
1192 725 108 39 Jan.
1330 724 82 46 16;
1443 725 42 38 A
1511 723 171 49 79195;
1716 723 280 42 Macmillan
2024 737 67 29 co.

449 782 250 48 (35-1305)

371 855 253 68 Griffith,
656 859 274 53 Coleman
957 858 272 63 Roberts,
1261 862 172 49 1893-

443 933 94 51 An
571 932 388 55 introduction
993 939 59 48 to
1085 932 356 55 educational
1479 933 366 68 psychology,
1878 932 76 68 by
1992 931 269 55 Coleman
2296 932 68 52 R.

375 1008 1762 69 Griffith … New York, Farrar and Rinehart, inc., 1935.
442 1082 96 47 xiv,
565 1081 84 41 754
675 1093 42 37 p.
778 1081 54 41 23½
866 1083 45 22 cm
915 1114 9 8 .

443 1139 142 39 From
616 1139 80 40 the
724 1139 186 47 genetic
938 1138 136 49 point
1102 1139 53 40 of
1182 1138 137 42 view.

445 1195 301 48 “Readings”
773 1198 52 38 at
851 1196 91 39 end
969 1195 52 40 of
1045 1196 119 39 each
1191 1195 215 48 chapter.

373 1252 1976 109 © Jan. 10, 1935; 2c. Jan. 12; aff. Jan. 11; A 79160; C. R. Griffith, Urbana, Ill. (35-1369)
369 1387 289 64 Harding,
687 1388 227 63 George
941 1388 221 63 Laban,
1194 1392 170 50 1893-

438 1465 131 53 Don
610 1463 253 68 Agustin
905 1465 70 53 Y.
1018 1465 334 66 Zamorano,
1392 1469 327 61 statesman,
1761 1464 227 67 soldier,
2031 1464 334 67 craftsman,

370 1544 112 51 and
528 1542 372 54 California’s
943 1541 124 54 first
1111 1543 241 66 printer,
1394 1543 75 65 by
1513 1541 223 67 George
1777 1542 65 52 L.
1886 1541 290 67 Harding.
2253 1543 111 52 Los

368 1619 264 66 Angeles,
659 1620 121 52 The
809 1619 316 54 Zamorano
1154 1620 146 64 club,
1332 1622 152 50 1934.

439 1690 1923 50 ix p., 3 l., 308 p., 1 l. incl. front. (port.) plates, fold. map, facsims.
366 1746 57 43 26½
456 1750 44 21 cm
503 1781 9 9 .

440 1804 259 41 “Sources”:
763 1816 43 37 p.
845 1803 249 51 [273]-281.

372 1857 50 52 ©
450 1864 110 38 Dec.
588 1863 68 46 15,
684 1861 140 47 1934;
851 1860 65 41 2c.
944 1862 107 39 Jan.
1080 1860 69 48 12,
1177 1860 139 47 1935;
1346 1860 80 40 aff.
1454 1861 108 39 Jan.
1590 1862 82 46 11;
1700 1861 41 39 A
1769 1860 169 48 79165;
1968 1861 50 40 G.
2048 1862 49 38 L.
2127 1861 236 49 Harding,

438 1920 117 38 Palo
584 1920 125 46 Alto,
741 1918 142 41 Calif.
955 1917 251 49 (35-1289)

368 1994 348 63 Heartman,
746 1993 244 54 Charles
1020 1991 334 63 Frederick,
1385 1997 173 51 1883-

437 2071 122 52 The
602 2070 440 68 New-England
1084 2070 216 67 primer
1342 2069 187 53 issued
1573 2068 160 69 prior
1774 2074 58 47 to
1879 2071 162 65 1830;
2088 2088 32 33 a
366 2067 1973 149 bibliographical

689 2147 295 54 check-list
1008 2147 93 53 for
1124 2147 95 52 the
1241 2163 154 36 more
1417 2165 131 49 easy
1573 2147 288 68 attaining
1883 2149 96 50 the
2001 2152 128 49 true
368 2147 1971 146 knowledge

546 2227 64 52 of
649 2226 115 52 this
803 2225 163 53 book.
1042 2224 389 53 Embellished
1472 2225 140 52 with
1653 2223 377 69 thirty-seven
2072 2228 139 65 cuts,
2250 2224 113 53 and

368 2322 125 33 now
537 2305 167 50 much
750 2303 238 68 revised,
1032 2302 225 69 greatly
1300 2300 316 71 improved,
1660 2304 113 52 and
1818 2303 283 68 arranged
2145 2300 60 55 in
2250 2309 113 46 two

367 2381 312 67 alphabets.
755 2380 243 54 Printed
1039 2381 140 52 with
1222 2379 249 70 preface,
1510 2379 408 69 introduction,
1960 2381 114 52 and
2114 2380 250 67 indexes,

369 2456 1991 70 compiled by Charles F. Heartman … New York, R. R.
370 2536 238 52 Bowker
643 2555 297 49 company,
974 2539 152 51 1934.

437 2609 1495 50 xxviii, 148 p., 1 l. incl. mounted front., facsims. 25½ cm .
439 2667 182 39 “Three
658 2667 220 40 hundred
918 2667 159 48 copies
1114 2667 78 40 for
1232 2668 102 39 sale
1371 2668 125 39 have
1535 2667 118 40 been
1691 2666 193 49 printed
1922 2667 62 47 by
2022 2667 82 41 the
2143 2664 217 50 Walpole

370 2722 214 49 printing
612 2724 143 47 office,
784 2724 118 39 New
930 2724 241 45 Rochelle,
1201 2724 57 41 N.
1287 2722 83 40 Y.”
1429 2723 117 40 This
1576 2733 118 38 copy
1723 2725 85 38 not
1835 2723 279 40 numbered.

438 2779 178 40 “Third
647 2779 225 41 edition.”

372 2831 52 51 ©
461 2837 110 39 Dec.
609 2836 69 47 21,
716 2836 140 46 1934;
897 2837 65 39 2c.
1003 2837 107 39 Jan.
1150 2838 40 45 4,
1230 2835 140 48 1935;
1411 2835 82 40 aff.
1533 2837 108 39 Feb.
1680 2837 54 46 4;
1774 2836 41 39 A
1854 2835 169 47 80637;
2068 2834 202 41 Charles
2309 2835 50 39 F.

436 2893 284 46 Heartman,
755 2894 270 45 Metuchen,
1060 2894 54 38 N.
1151 2894 41 39 J.
1263 2892 251 49 (35-1211)

365 2967 251 64 Heffter,
644 2968 249 64 Arthur,
921 2969 83 52 ed.

431 3044 325 51 Handbuch
809 3045 100 51 der
961 3043 497 69 experimentellen
1511 3044 486 67 pharmakologie,
2048 3042 313 54 bearbeitet

364 3117 1966 72 von B. Behrens … W. Blume … [u. a.] hrsg. von A. Heffter †
427 3197 1925 69 … fortgeführt von W. Heubner … 3. bd. 3. t. Chrom;
362 3275 1995 69 metalle der erdsäuren (vanadium, niobium, tantal) … Berlin,
363 3355 55 52 J.
449 3353 294 68 Springer,
769 3358 149 53 1934.

433 3437 44 35 x,
507 3426 295 48 [1503]-2188
826 3439 40 36 p.
926 3429 125 39 illus.
1081 3427 138 49 (part
1244 3429 111 47 col.)
1395 3429 168 47 tables,
1596 3428 176 48 diagrs.
1832 3427 59 40 25½cm.

435 3483 231 39 Contains
697 3483 399 49 bibliographical
1126 3486 275 40 foot-notes.

367 3534 1983 54 © Sept. 28, 1934; 1c. Jan. 21. 1935; A-Foreign 26704; Julius Springer.
363 3654 134 66 Hill,
526 3657 264 51 Norman
820 3654 331 67 Llewellyn,
1184 3664 170 49 1895-
1565 3659 84 53 ed.

431 3733 120 51 The
594 3730 368 68 background
1003 3733 64 53 of
1109 3733 308 68 European
1457 3738 427 63 governments;
1928 3733 266 65 readings
2238 3731 112 53 and

363 3808 287 52 materials
698 3827 71 33 on
818 3809 95 52 the
961 3810 395 65 organization
1405 3811 113 52 and
1566 3811 296 66 operation
1911 3809 62 53 of
2021 3810 96 52 the
2165 3808 185 65 major

362 3884 1985 67 governments of Europe, by Norman L. Hill … and Harold W.
364 3959 1710 69 Stoke … New York, Farrar & Rinehart, inc., 1935.
