2424 4375
1057 4056 132 50 1103

206 528 61 38 At
293 527 122 38 head
442 526 53 39 of
517 527 134 39 title:
682 526 227 40 Valerian
934 527 220 38 Tornius.

140 577 1980 60 © Sept. 30. 1931; 1c. July 10, 1935 : A-Foreign 28485; Max Möhring.
217 637 277 49 (35-13080)

137 714 311 64 Vigneron,
479 714 290 55 Marcelle.

313 788 1806 75 … Pimprenelle et Mafouinette; illustration de Jacqueline
139 867 205 53 Duché.
412 866 184 68 Paris,
626 867 325 55 Bourrelier
981 874 54 47 et
1064 868 64 53 cie
1163 871 171 65 [1934]

204 938 1725 57 140. [2] p., 1 l. illus. 19 ½ cm. ( On cover: Collection marjolaine)
206 997 286 41 Illustrated
517 996 358 51 lining-papers.

139 1048 1966 130 © Nov. 16, 1934; 1c. May 31, 1935; A-Foreign 27987; Éditions Bourrelier et cie. (35-13082)
140 1197 343 66 Volkmann,
513 1200 177 52 Erich
717 1201 157 63 Otto,
903 1202 170 53 1879-

206 1279 108 51 Die
356 1278 379 53 unsterbliche
780 1277 356 56 landschaft;
1184 1278 91 54 die
1320 1278 232 53 fronten
1597 1280 94 52 des
1736 1279 382 70 Weltkrieges;

140 1353 1877 74 ein bilderwerk, herausgegeben von Erich Otto Volkmann …
140 1434 250 66 Leipzig,
419 1432 559 70 Bibliographisches
1005 1433 247 69 institut,
1281 1455 47 34 a.
1355 1454 52 48 g.
1437 1439 150 50 1935.

205 1516 28 39 3
294 1546 7 7 v.
356 1516 169 47 plates,
552 1514 118 40 fold.
701 1524 150 38 maps.
907 1513 114 40 29cm.

207 1578 271 40 Contents.
494 1601 60 6 —
574 1598 57 29 [v.
673 1577 28 40 4]
758 1576 366 49 Vogesenkrieg.
1143 1600 59 5 —
1233 1590 47 30 [v.
1322 1579 41 50 5]
1407 1579 90 39 Die
1540 1579 584 44 serbischmazedonische

137 1640 272 50 front.—[v.
434 1641 42 49 6]
504 1641 100 39 Der
628 1641 171 40 orient.

173 1697 1918 60 v. 4, © Feb. 21, 1935; v. 5, © Mar. 28; v. 6, © May 29; 1c. each Sept. 3;
206 1767 307 49 A-Foreign
545 1767 319 41 29073-29075;
928 1767 475 50 Bibliographisches
1439 1769 212 48 institut,
1687 1781 42 29 a.
1764 1782 41 36 g.

137 1882 388 67 Washington
587 1885 189 66 (State)
860 1885 182 64 Laws,
1072 1890 256 62 statutes,
1358 1891 99 47 etc.

139 1958 1959 230 … Remington’s revised statutes of Washington. 1935 annual pocket parts for volumes 1-12 … San Francisco, Bancroft-Whitney company, 1935.
206 2198 57 39 12
286 2209 41 29 v.
383 2198 113 40 23cm.

211 2262 153 39 These
393 2261 272 48 pamphlets
695 2271 85 30 are
809 2264 49 38 to
886 2261 59 39 be
973 2261 136 40 fitted
1137 2261 102 42 into
1272 2263 83 40 the
1384 2265 195 48 pockets
1612 2267 53 38 at
1694 2267 81 39 the
1806 2267 123 41 back
1960 2269 53 40 of
2043 2271 79 38 the

144 2325 207 40 volumes
375 2325 54 39 of
452 2325 84 41 the
561 2327 76 37 set
659 2327 50 37 to
735 2324 158 41 which
916 2325 118 47 they
1056 2325 185 49 belong.

144 2383 51 54 ©
222 2389 117 48 Aug.
366 2388 68 48 19,
460 2387 116 42 1935;
629 2387 67 41 2c.
727 2389 116 39 each
872 2389 95 39 and
994 2388 80 40 aff.
1104 2388 120 49 Aug.
1253 2389 56 39 26;
1367 2391 41 38 A
1434 2390 145 42 85637;
1635 2392 487 51 Bancroft-Whitney

211 2463 65 29 co.

139 2524 208 66 White,
378 2525 216 56 Frank.

302 2600 1817 73 … White on corporations … Bender ed. Sixth cumulative
142 2678 1978 76 supplement. 1930-1935, to General index … Albany, N. Y.
149 2757 107 52 and
297 2758 136 52 New
475 2755 178 68 York,
693 2758 68 51 N.
806 2758 88 65 Y.,
934 2757 277 53 Matthew
1253 2759 224 52 Bender
1518 2764 43 49 &
1603 2780 296 51 company,
143 2762 1952 143 incorporated,
419 2838 147 50 1935.

210 2916 57 39 45
291 2927 42 36 p.
387 2914 145 42 23½cm.

211 2979 62 39 At
295 2980 124 39 head
444 2978 51 40 of
520 2978 109 40 title
646 2989 8 28 :
683 2977 126 40 1935.

214 3042 115 39 This
352 3041 246 49 pamphlet
621 3041 41 40 is
687 3044 48 37 to
757 3042 58 38 he
837 3040 136 41 fitted
997 3041 104 40 into
1124 3043 81 40 the
1229 3043 173 47 pocket
1423 3046 52 38 at
1501 3046 81 40 the
1605 3046 124 39 back
1750 3048 54 39 of
1828 3050 81 39 the
1932 3052 191 41 volume

147 3096 49 38 of
223 3098 77 37 the
325 3099 72 37 set
420 3104 51 32 to
495 3097 158 39 which
679 3096 40 41 it
745 3097 208 46 belongs.

147 3148 51 54 ©
222 3154 122 47 Aug.·
364 3155 68 46 15,
459 3151 111 43 1935;
625 3153 67 40 2c.
719 3153 120 46 Aug.
865 3152 52 39 19;
975 3152 80 41 aff.
1082 3153 120 48 Aug.
1229 3154 57 40 16;
1340 3155 41 38 A
1407 3155 147 40 85547;
1608 3158 236 41 Matthew
1871 3161 189 41 Bender
2087 3166 37 39 &

214 3220 80 35 co.,
321 3211 87 39 inc.

147 3284 203 65 Woolf,
379 3286 265 52 Leonard
674 3285 233 64 Sidney,
942 3290 169 49 1880-

213 3358 213 68 Quack,
452 3359 209 69 quack!
755 3361 107 67 [By]
893 3360 261 53 Leonard
1183 3360 213 54 Woolf.
1462 3362 257 63 London,
1748 3367 61 52 L.
1843 3370 111 54 and
145 3368 1950 139 Virginia
323 3437 196 53 Woolf
547 3445 55 44 at
627 3438 93 51 the
745 3437 265 67 Hogarth
1039 3455 174 50 press,
1241 3441 148 48 1935.

213 3507 82 40 201
323 3519 44 37 p.
425 3508 154 49 plates.
621 3511 147 45 ports.
858 3510 84 39 19cm.

489 3563 226 49 CONTENTS.—Quack.
773 3565 155 48 quack
970 3564 50 41 in
1062 3564 574 51 politics.—Intellectual
1682 3575 165 44 quack,
149 3574 1914 98 quack.—Appendix.
462 3621 34 38 A
523 3624 111 37 note
659 3631 57 28 on
743 3619 382 43 anti-Semitism.

149 3674 1974 66 © 1c. July 25, 1935 : A ad int. 26427; pubd. May 30; Harcourt, Brace &
214 3745 80 35 co.,
323 3734 103 48 inc.,
454 3735 117 41 New
597 3736 143 37 York.
810 3734 277 48 (35-13643)

143 3795 249 63 Wright,
422 3798 237 61 Sydney
687 3796 238 64 Fowler,
959 3799 170 51 1874-

214 3872 177 53 Three
438 3872 301 57 witnesses,
781 3872 75 67 by
903 3871 230 68 Sydney
1175 3874 223 53 Fowler
1446 3876 85 66 (S.
1580 3881 223 54 Fowler
1848 3886 260 71 Wright)

148 3949 250 65 London,
426 3950 62 52 T.
518 3949 406 63 Butterworth,
952 3950 100 53 ltd.
1089 3954 169 64 [1935]
