2424 4375
1184 4066 103 50 454

227 533 31 34 a
297 515 145 51 rank
479 514 112 52 and
627 513 93 53 file
757 513 209 54 soldier
1002 514 59 51 in
1098 513 97 53 the
1231 513 196 54 Union
1464 532 190 49 army;
1695 517 113 52 and
1846 513 143 54 later
2027 512 59 55 in
2126 516 92 51 the

225 590 246 54 nation’s
506 590 231 68 capital,
771 590 75 69 by
881 590 197 54 Lester
1114 591 199 68 Ward,
1349 590 126 53 who
1510 590 223 55 became
1769 592 95 53 the
1899 590 126 56 first
2060 600 157 61 great

226 667 326 70 sociologist
598 668 118 54 this
762 672 240 65 country
1050 667 303 70 produced.
1429 667 213 56 Edited
1690 669 75 69 by
1813 668 300 54 Bernhard
2163 671 54 53 J.

229 745 1528 70 Stern. New York, G. P. Putnam’s sons [ c 1935]
331 820 647 49 x p., 2 l., 3-321 p. 23½ cm .
227 887 53 54 ©
308 892 121 39 Mar.
458 892 39 47 7,
525 891 118 40 1935;
695 890 66 41 2c.
791 892 96 39 and
913 890 81 41 aff.
1024 892 122 39 Mar.
1177 890 54 41 15;
1289 891 43 39 A
1358 890 143 41 81274;
1559 892 256 40 Bernhard
1844 893 43 39 J.
1920 893 156 47 Stern,
2104 893 118 40 New

297 949 143 39 York.
511 947 250 50 (35-5397)

227 1047 1425 70 Washington, George, pres. U. S ., 1732-1799.
299 1127 123 52 The
463 1127 458 69 autobiography
961 1129 64 53 of
1065 1130 222 65 George
1326 1129 401 67 Washington,
1768 1127 324 68 1753-1799,
230 1148 1967 125 arranged

494 1206 1726 69 and edited by Edward C. Boykin … New York,
229 1282 219 68 Reynal
473 1288 45 49 &
542 1284 320 53 Hitchcock
932 1286 152 65 [c1935]

299 1356 88 41 119
409 1368 45 37 p.
480 1357 111 40 incl.
618 1356 163 48 front.,
811 1357 128 40 illus.
994 1356 60 41 26½
1083 1359 47 21 cm
1132 1388 9 9 .

302 1414 266 41 Selections
608 1414 131 40 from
780 1413 365 48 Washington’s
1186 1414 194 48 diaries,
1425 1416 185 45 letters,
1654 1414 255 40 addresses
1954 1415 96 39 and
2095 1416 129 40 state

229 1481 177 38 papers
430 1472 242 46 arranged
699 1481 57 30 as
779 1482 62 29 an
871 1470 451 49 autobiographical
1349 1470 266 41 narrative.

299 1528 349 48 Bibliography;
706 1538 43 38 p.
778 1528 97 40 119.

230 1593 53 52 ©
309 1598 109 39 Feb.
447 1597 69 46 22,
545 1596 117 42 1935;
715 1597 65 41 2c.
809 1597 107 40 Feb.
946 1597 59 40 20;
1058 1596 83 41 aff.
1170 1598 122 39 Mar.
1320 1597 55 40 11;
1432 1598 39 39 A
1499 1596 147 42 81096;
1702 1598 211 40 Edward
1941 1598 48 41 C.
2020 1597 201 48 Boykin,

303 1653 153 41 South
483 1654 204 47 Orange,
716 1654 55 39 N.
800 1653 44 40 J.
914 1652 250 50 (35-4990)

230 1756 199 64 Webb,
455 1757 221 54 Robert
702 1757 75 56 N.

304 1830 151 56 Let’s
481 1832 136 68 play
644 1836 60 50 at
726 1833 143 68 love,
895 1830 73 70 by
995 1831 215 54 Robert
1235 1831 69 53 N.
1333 1830 193 56 Webb.
1602 1831 137 55 New
1770 1829 178 70 York,
1972 1829 251 56 Arcadia

235 1909 188 68 house,
454 1911 149 51 1935.

303 1980 86 40 272
419 1990 44 38 p.
521 1979 58 41 19½
609 1982 44 21 cm
658 2012 8 8 .

231 2037 53 53 ©
311 2041 116 48 Apr.
453 2040 69 47 10,
551 2039 113 42 1935;
721 2040 68 41 2c.
817 2040 111 48 Apr.
958 2040 54 40 15;
1073 2039 80 41 aff.
1184 2039 113 50 Apr.
1327 2041 54 40 13;
1440 2041 41 39 A
1509 2040 143 42 81418;
1710 2037 210 44 Arcadia
1950 2042 163 39 house.

310 2097 251 49 (35-5308)

229 2197 247 66 Welton,
502 2198 302 55 Thurston
829 2200 185 65 Scott,
1043 2203 173 53 1885-

306 2275 119 54 The
469 2279 235 51 modern
747 2277 229 53 method
1022 2278 63 51 of
1128 2277 153 52 birth
1329 2278 234 66 control,
1608 2276 76 68 by
1727 2278 289 52 Thurston
2063 2277 158 55 Scott

233 2352 1507 71 Welton … New York, W. J. Black, inc. [ c 1935]
308 2427 855 48 5 p. l., 3-168 p. diagrs. 19½ cm .
310 2484 127 40 “The
472 2484 400 40 calendar-wheel
906 2484 80 39 for
1018 2484 184 48 finding
1235 2483 164 41 fertile
1435 2485 95 39 and
1566 2483 167 41 sterile
1767 2483 166 40 dates”
1969 2483 49 39 in
2053 2484 170 47 pocket

237 2552 59 29 on
326 2539 155 42 inside
510 2541 51 39 of
588 2541 136 39 front
752 2551 152 31 cover.

307 2597 159 39 Blank
495 2607 145 38 pages
667 2597 78 40 for
774 2598 256 39 “Personal
1062 2596 167 48 diary”
1269 2597 251 48 (159-168)

235 2650 53 54 ©
313 2656 120 38 Mar.
460 2655 38 46 8,
526 2654 113 41 1935;
694 2655 66 40 2c.
789 2657 94 39 and
909 2656 81 39 aff.
1019 2657 121 38 Mar.
1168 2655 56 40 26;
1279 2655 41 39 A
1346 2655 143 41 81188;
1547 2656 189 39 Walter
1759 2655 43 40 J.
1832 2655 164 47 Black,
2026 2652 89 42 inc.

314 2711 251 47 (35-5344)

231 2812 351 65 Whitcomb,
610 2815 241 56 Robert.

303 2889 1919 69 Talk United States! [ By] Robert Whitcomb. New York,
236 2964 77 56 H.
342 2965 189 56 Smith
561 2967 112 53 and
699 2967 69 54 R.
797 2967 176 64 Haas,
999 2968 127 63 inc.,
1156 2971 150 49 1935.

304 3038 729 50 vi p., 2 l., [13]-303 p. 21cm.
237 3091 53 53 ©
321 3095 112 49 Apr.
465 3096 40 47 8,
536 3095 113 40 1935;
711 3096 66 39 2c.
809 3096 111 47 Apr.
954 3096 53 39 13;
1072 3095 80 39 aff.
1186 3095 113 47 Apr.
1331 3095 55 38 11;
1447 3096 40 38 A
1519 3094 141 41 81395;
1724 3095 244 40 Harrison
2000 3094 159 41 Smith
2188 3096 37 40 &

306 3152 181 40 Robert
513 3153 150 46 Haas,
692 3151 89 40 inc.
851 3151 249 49 (35-5376)

240 3252 211 65 White,
478 3254 53 54 J.
560 3254 85 63 G.,
673 3253 384 65 engineering
1079 3253 388 65 corporation,
1494 3255 139 52 New
1661 3254 176 53 York.

313 3331 129 50 1935
478 3336 194 58 report
704 3348 72 33 on
810 3330 124 52 lake
968 3330 188 51 Tsana
1191 3330 177 52 outlet
1403 3329 217 53 control
1654 3328 184 53 works
1874 3330 111 52 and
240 3328 1958 145 Ethiopian

424 3405 311 69 highways.
821 3406 135 52 New
1006 3406 178 66 York,
1232 3407 120 52 The
1398 3406 55 54 J.
1503 3405 68 54 G.
1619 3405 193 54 White
1858 3405 365 69 engineering

238 3483 572 65 corporation [ c 1935]
241 3556 1967 105 xii p., 1 l., 142 p., 1 l., [143]-174 p. plates, tables, diagrs. and portfolio of XXXII (i. e. 34) fold. pl. (incl. maps, diagrs.) 34 cm .
312 3668 183 48 Report
534 3668 264 40 submitted
840 3671 47 38 to
928 3669 145 40 Haile
1118 3668 207 41 Selassie
1367 3678 31 38 i,
1440 3678 217 37 emperor
1699 3668 50 39 of
1791 3665 240 50 Ethiopia,
2075 3668 144 40 based

241 3734 127 37 upon
403 3722 371 49 investigations
809 3725 94 39 and
938 3735 200 37 surveys
1174 3726 139 39 made
1347 3725 48 38 in
1431 3723 112 41 1933
1579 3724 95 39 and
1710 3722 126 48 1934,
1870 3724 97 39 and
2001 3717 220 46 contains

242 3789 130 31 more
412 3780 212 39 detailed
661 3779 316 40 information
1016 3781 117 39 than
1173 3781 49 39 in
1260 3781 81 39 the
1381 3783 161 44 report
1581 3778 262 41 submitted
1882 3779 261 40 December
2181 3780 39 46 1,

242 3833 110 41 1931
391 3833 278 48 (published
696 3834 48 39 in
771 3834 137 48 1932)
977 3835 60 47 cf.
1065 3846 43 37 p.
1152 3835 68 51 [iii]

314 3889 304 41 “Literature
646 3888 154 42 cited”;
858 3901 41 37 p.
928 3891 98 40 157.

243 3940 53 53 ©
322 3946 119 39 Mar.
470 3945 69 47 29,
567 3946 140 46 1935;
739 3946 66 40 2c.
835 3947 95 39 and
958 3947 82 39 aff.
1068 3948 112 46 Apr.
1211 3947 52 47 1;
1294 3947 43 39 A
1365 3947 169 47 82316;
1565 3947 44 39 J.
1640 3947 52 40 G.
1724 3945 163 43 White
1914 3944 310 50 engineering

309 4002 320 48 corporation.
699 4001 248 49 (35-4976)
