2568 4342
1189 4073 65 49 91

541 534 71 16 CONTENTS.—
614 510 70 49 pt.
708 517 33 34 I.
767 508 409 48 Onchocerciasis,
1201 507 120 41 with
1346 507 181 48 special
1551 506 247 42 reference
1822 507 48 40 to
1895 505 84 42 the
2002 504 198 43 Central

205 565 257 43 American
486 567 128 40 form
645 566 53 41 of
722 567 82 40 the
832 566 203 47 disease,
1063 566 63 48 by
1152 566 57 40 R.
1237 565 50 40 P.
1320 563 190 49 Strong.
1570 563 349 48 Bibliography
1959 563 67 49 (p.
207 561 1999 110 [128]-132)

341 625 133 47 —pt.
500 631 55 33 II.
582 621 74 42 On
682 625 82 39 the
792 623 207 48 validity
1027 623 52 40 of
1104 623 84 42 the
1214 622 200 40 various
1442 621 183 49 species
1652 621 54 41 of
1732 621 84 41 the
1843 631 151 38 genus
208 619 1979 103 Onchocerca

385 681 216 47 Diesing,
644 680 63 47 by
745 680 44 41 J.
832 680 61 40 H.
940 679 334 48 Sandground.
1345 678 351 48 Bibliography
1749 678 66 49 (p.
1876 676 331 51 [170]-172).—

208 738 68 46 pt.
370 768 10 10 III.
410 738 149 40 Notes
588 748 62 30 on
679 738 82 40 the
791 736 268 41 black-flies
1091 747 54 29 or
1175 735 303 50 Simuliidae,
1509 735 126 41 with
1665 735 180 48 special
1876 735 249 41 reference
2156 736 49 38 to

207 793 138 41 those
371 794 54 40 of
450 795 81 40 the
563 792 302 42 Onchocerca
894 793 166 48 region
1087 793 53 40 of
1166 792 306 49 Guatemala,
1498 793 62 49 by
1588 793 45 40 J.
1662 790 50 44 C.
1742 791 259 49 Bequaert.
209 791 1982 107 Bibliography
469 851 65 48 (p.
579 849 486 51 [218]-224).—Some
1105 849 414 48 epidemiological
1557 849 131 41 facts
1727 849 150 41 about
1915 851 83 39 the
209 849 1981 99 onchocerciasis
461 907 53 41 of
538 906 303 47 Guatemala,
867 907 62 48 by
954 907 181 47 Miguel
1159 906 176 40 Munoz
1361 905 177 43 Ochoa.

208 961 53 53 ©
288 967 117 39 Nov.
435 967 40 46 1,
503 965 141 48 1934;
674 965 66 41 2c.
770 966 108 39 Jan.
910 967 39 47 7,
978 964 141 48 1935;
1151 965 82 40 aff.
1265 966 110 40 Dec.
1405 965 71 48 24,
1506 964 142 49 1934;
1678 966 44 39 A
1749 965 170 48 79110;
1950 965 257 41 President

275 1023 96 39 and
394 1023 193 40 fellows
610 1023 52 41 of
686 1023 232 40 Harvard
943 1023 192 47 college,
1162 1021 301 49 Cambridge,
1490 1023 146 40 Mass.
1709 1020 250 51 (35-2003)

207 1111 283 65 Orchard,
518 1112 255 55 William
802 1113 226 65 Edwin,
1059 1113 172 55 1877-

281 1188 122 55 The
431 1206 127 51 way
587 1188 63 54 of
679 1186 342 71 simplicity;
1054 1207 31 33 a
1115 1187 172 69 guide
1317 1187 94 53 for
1437 1188 96 53 the
1561 1186 323 70 perplexed,
1914 1187 73 69 by
2017 1186 90 54 W.
2140 1186 68 52 E.

215 1264 278 71 Orchard,
518 1284 49 34 d.
594 1284 49 33 d.
718 1266 138 53 New
885 1266 163 53 York
1074 1265 133 70 city,
1232 1265 68 54 E.
1329 1265 65 52 P.
1425 1266 223 53 Dutton
1673 1268 46 49 &
1747 1284 96 50 co.,
1870 1267 108 51 inc.
2011 1299 14 34 [
2028 1272 19 21 c
2051 1267 135 50 1935
2192 1298 14 35 ]

282 1338 81 47 vii,
399 1337 85 41 321
518 1348 44 38 p.
622 1337 57 41 19½
710 1340 44 21 cm
759 1370 9 9 .

282 1394 163 41 “First
473 1394 227 41 edition.”

211 1450 53 53 ©
291 1456 110 39 Jan.
429 1455 69 47 16,
526 1454 142 47 1935;
698 1454 66 41 2c.
793 1456 110 39 Jan.
931 1454 82 48 18;
1045 1454 81 40 aff.
1156 1456 109 39 Jan.
1294 1453 83 49 19;
1407 1455 43 39 A
1476 1454 171 48 80106;
1678 1456 52 38 E.
1761 1456 50 38 P.
1842 1455 189 40 Dutton
2061 1454 37 41 &
2125 1464 84 39 co.,

278 1511 90 41 inc.
438 1511 251 49 (35-1822)

208 1602 259 65 Oursler,
495 1604 140 52 Mrs.
666 1603 186 54 Grace
883 1601 311 67 (Perkins)

278 1677 243 56 Modern
544 1681 154 67 lady,
721 1680 74 68 by
820 1680 183 55 Grace
1027 1679 259 54 Perkins.
1361 1681 140 52 New
1525 1681 181 66 York,
1729 1682 215 51 Farrar
1968 1684 46 50 &
209 1681 1975 130 Rinehart
366 1759 400 68 incorporated
799 1793 13 34 [
815 1765 19 21 c
839 1763 152 63 1935]

282 1830 100 49 viii,
407 1830 88 41 370
520 1841 42 38 p.
622 1830 57 41 20½
711 1833 44 22 cm
761 1863 9 8 .

214 1884 53 53 ©
298 1890 110 40 Feb.
438 1890 42 46 4,
511 1888 141 48 1935;
684 1889 66 40 2c.
784 1889 108 40 Feb.
926 1888 53 47 6;
1013 1888 81 40 aff.
1127 1888 109 40 Feb.
1271 1888 53 47 5;
1358 1888 43 39 A
1430 1886 170 50 79539;
1637 1888 155 40 Grace
1823 1887 219 49 Perkins,
2078 1889 135 40 West

280 1946 274 47 Falmouth,
584 1946 145 40 Mass.
801 1944 252 50 (35-1943)

206 2034 213 57 Pacific
444 2041 272 63 reporter.
783 2036 218 55 Second
1029 2035 186 56 series.
1278 2036 169 55 Cases
1475 2038 214 66 argued
1717 2038 112 52 and
1858 2036 352 54 determined

278 2114 62 52 in
370 2115 96 54 the
497 2120 188 48 courts
716 2114 63 54 of
806 2115 272 66 Arizona,
1110 2114 343 68 California,
1485 2115 302 67 Colorado,
1817 2115 204 67 Idaho,
282 2116 1906 135 Kansas,
437 2194 297 66 Montana,
785 2192 254 68 Nevada,
1090 2195 139 51 New
1278 2192 243 68 Mexico,
1573 2193 341 66 Oklahoma,
1964 2192 250 69 Oregon,

280 2270 176 67 Utah,
482 2271 400 67 Washington,
907 2271 329 68 Wyoming,
1264 2272 141 53 with
1430 2271 108 67 key
1564 2271 241 53 number
1830 2270 383 54 annotations,

322 2391 10 10 v.
367 2353 66 49 35
466 2348 127 69 (2d)
676 2348 632 68 September-October,
1343 2352 151 52 1931.
1565 2350 82 55 St.
1681 2351 167 65 Paul,
1877 2351 163 54 West
278 2350 1909 144 publishing
520 2446 97 49 co.,
646 2430 150 50 1934.

281 2500 97 48 xvi,
406 2500 117 41 1228
548 2511 41 38 p.
645 2499 61 41 26½
734 2502 44 21 cm
783 2531 8 8 .

217 2552 51 53 ©
296 2558 111 40 Dec.
437 2558 69 46 18,
533 2556 142 48 1934;
703 2557 67 40 2c.
800 2558 108 40 Jan.
937 2558 70 47 21,
1034 2556 142 49 1935;
1208 2556 80 41 aff.
1319 2558 109 39 Jan.
1457 2556 84 48 24;
1573 2557 41 39 A
1640 2556 170 48 80172;
1843 2558 137 39 West
2006 2558 109 47 pub.
2146 2566 67 32 co.

210 2645 310 66 Pancoast,
550 2646 309 55 Chalmers
883 2646 234 65 Lowell,
1147 2650 172 51 1880-

282 2723 273 68 Templar
578 2725 170 66 tales;
779 2722 199 56 “Your
1003 2729 104 63 pot
1131 2722 64 54 of
1221 2723 190 69 gold”,
1434 2722 76 68 by
1541 2723 96 56 Sir
1659 2724 232 67 Knight
1917 2723 295 55 Chalmers

214 2801 2002 68 Lowell Pancoast … Dedicated to freemasonry “the maker
216 2880 1858 68 of men” … New York, N. Y., The Gettinger press, 1935.
282 2950 66 50 ix,
378 2950 83 43 182
488 2962 44 38 p.
592 2952 55 39 21
651 2954 44 21 cm
700 2984 9 8 .

286 3007 257 42 “Author’s
568 3008 110 41 first
701 3008 198 42 edition.
953 3008 119 40 This
1096 3007 121 42 ‘first
1241 3006 199 43 edition’
1466 3009 91 40 has
1584 3008 119 41 been
1730 3007 196 48 printed
1952 3006 259 49 especially

215 3062 79 41 for
327 3066 218 39 advance
575 3065 312 41 subscribers.
950 3065 136 40 Each
1119 3075 119 38 copy
1270 3064 145 49 being
1446 3064 264 42 numbered
1745 3066 97 39 and
1878 3064 333 48 autographed

215 3119 62 48 by
303 3122 81 39 the
412 3123 181 39 author
674 3121 24 17 …”
753 3122 118 40 This
898 3131 119 38 copy
1040 3122 194 41 neither
1258 3122 263 40 numbered
1553 3132 90 29 nor
1667 3122 350 47 autographed.

221 3176 51 51 ©
299 3180 108 40 Jan.
433 3180 70 48 23,
527 3180 115 40 1935
659 3191 9 36 ;
697 3180 67 40 2c.
788 3181 108 39 Jan.
922 3180 83 48 25;
1035 3180 81 40 aff.
1143 3180 109 41 Jan.
1280 3180 83 47 24;
1391 3181 44 39 A
1460 3180 170 48 80203;
1660 3181 48 41 C.
1737 3182 50 38 L.
1817 3182 256 39 Pancoast.
2100 3182 117 38 New

287 3237 144 41 York.
502 3236 250 50 (35-1987)

218 3311 335 67 Patterson,
583 3313 221 53 Austin
833 3313 334 63 McDowell,
1201 3314 172 54 1876-

288 3390 56 52 A
385 3389 524 69 German-English
949 3388 322 70 dictionary
1311 3389 94 53 for
1445 3389 281 69 chemists,
1768 3390 72 68 by
1882 3389 212 54 Austin
2135 3390 81 52 M.

218 3466 1995 69 Patterson … 2d ed. New York, J. Wiley & sons, inc.;
221 3545 255 67 London,
507 3544 300 68 Chapman
836 3547 46 51 &
911 3545 159 68 Hall,
1101 3544 240 68 limited,
1375 3548 151 51 1935.

292 3629 80 37 xx,
407 3620 84 38 411
527 3630 42 36 p.
631 3618 56 41 18½
718 3621 44 21 cm
767 3650 9 9 .
893 3617 131 49 $3.00

225 3671 53 51 ©
309 3676 109 40 Feb.
450 3677 40 46 1,
520 3675 141 48 1935;
694 3675 65 41 2c.
794 3677 96 39 and
921 3675 81 41 aff.
1037 3676 110 39 Feb.
1180 3676 54 46 4;
1265 3675 43 39 A
1339 3674 170 49 79517;
1543 3676 52 38 A.
1631 3676 62 39 M.
1727 3676 274 47 Patterson,
2034 3675 184 40 Yellow

291 3732 216 48 Springs,
543 3733 51 41 O.
666 3732 250 49 (35-2055)

221 3807 151 65 Peel,
400 3809 194 55 Doris.

297 3882 161 54 Aunt
486 3883 233 67 Margot
750 3884 111 51 and
894 3884 161 52 other
1085 3883 213 67 stories,
1329 3883 73 67 by
1433 3883 173 53 Doris
1633 3882 152 53 Peel.
1858 3882 218 53 Boston
2107 3881 110 54 and

229 3958 134 53 New
399 3960 177 66 York,
607 3960 318 66 Houghton
955 3958 204 54 Mifflin
1189 3977 294 49 company,
1515 3962 151 50 1935.
