2424 4375
1101 4063 101 48 411

241 515 1915 50 “A … text including under one cover all subjects prescribed by the
169 569 117 41 War
312 573 307 46 department
642 572 77 40 for
746 573 81 40 the
852 572 217 48 military
1096 572 294 41 instruction
1420 573 51 40 of
1499 574 223 40 students
1749 574 51 39 in
1826 573 115 48 high
1970 574 189 41 schools

170 629 95 39 and
292 631 319 46 preparatory
639 628 422 41 schools.”—Pref.
1092 632 48 38 to
1168 630 81 40 the
1277 630 174 40 second
1478 629 198 42 edition.

169 682 53 53 ©
257 685 111 42 Feb.
401 686 68 49 16,
504 685 140 49 1935;
680 686 67 41 2c.
783 686 110 41 Feb.
926 686 83 48 20;
1048 686 81 41 aff.
1164 687 111 40 Feb.
1311 687 82 48 19;
1430 687 41 40 A
1506 688 170 49 80510;
1716 688 221 49 Military
1974 688 186 42 service

236 744 110 48 pub.
375 754 68 30 co.
513 743 250 50 (35-5056)

185 846 214 65 [Boone,
429 846 233 54 Marvin
694 846 267 68 Chester]
997 852 170 50 1902-

237 921 1912 72 Mrs. Gottrox. [Jackson, Miss., Jackson printing co., c 1935]
238 994 28 40 2
292 1006 42 37 p.
398 1027 8 16 l.,
449 996 161 50 [3]-131
636 1006 43 38 p.
738 996 55 41 23
797 999 44 21 cm
846 1029 9 8 .

239 1053 127 40 Title
394 1052 130 41 from
553 1064 153 31 cover.

241 1108 325 49 Copyrighted
595 1111 61 47 by
688 1110 238 41 Southern
956 1110 168 41 united
1153 1108 73 43 ice
1254 1121 248 38 company.

167 1163 53 54 ©
246 1168 111 40 Feb.
385 1167 67 49 16,
482 1168 140 47 1935;
651 1167 66 41 2c.
746 1169 96 39 and
869 1167 80 41 aff.
978 1169 123 40 Mar.
1127 1169 82 47 14;
1239 1169 41 39 A
1307 1168 169 48 81017;
1511 1169 239 41 Southern
1781 1168 167 41 united
1976 1169 70 41 ice
2074 1179 82 37 co.,

233 1224 225 49 Jackson,
493 1225 133 40 Miss.
697 1224 249 49 (35-5023)

162 1327 232 65 Bowen,
429 1328 317 55 Catherine
781 1328 225 55 Shober
1035 1328 316 64 (Drinker)
1393 1329 173 53 “Mrs.
1596 1330 155 53 Ezra
1781 1329 272 55 Bowen.”

233 1404 242 55 Friends
517 1406 113 52 and
669 1405 250 67 fiddlers,
958 1406 76 66 by
1073 1405 307 55 Catherine
1420 1405 252 54 Drinker
1710 1407 228 52 Bowen.
163 1407 1965 141 Boston,
306 1482 194 66 Little,
528 1484 229 63 Brown,
785 1483 112 54 and
926 1500 296 49 company,
1251 1486 153 50 1935.

233 1553 1036 50 6 p. l. , 3-261 p. illus. (music) 19½ cm .
167 1608 53 52 ©
257 1613 121 37 Mar.
417 1611 70 46 22,
525 1610 141 47 1935;
706 1611 66 39 2c.
812 1612 95 38 and
945 1610 82 40 aff.
1067 1612 122 38 Mar.
1227 1611 83 43 23;
1352 1612 41 38 A
1431 1612 169 46 81157;
1643 1612 263 40 Catherine
1944 1611 211 41 Drinker

233 1669 192 46 Bowen,
453 1667 199 48 Merion,
682 1667 82 40 Pa.
835 1666 249 49 (35-4901)

161 1771 236 65 Brunel,
425 1772 253 56 Andrée.

226 1848 160 69 Keep
435 1866 144 51 your
626 1848 207 69 youth;
884 1869 30 33 a
963 1848 148 54 book
1159 1847 64 54 of
1269 1848 159 68 daily
1479 1847 286 69 exercises,
1815 1848 75 68 by
1940 1849 213 53 Doctor

154 1925 1995 149 Andree Brunei … translated from the French. The photographs posed by Georges Saad are of Madeleine Lallemand
154 2081 1996 70 and the designs were made by Ray Bret-Koch … Boston.
154 2161 194 68 Little,
376 2162 230 66 Brown,
633 2162 113 55 and
772 2178 296 50 company,
1098 2163 150 50 1935.

235 2236 25 38 1
293 2246 42 29 v.
395 2234 128 40 illus.
581 2233 57 42 30
640 2236 44 21 cm
689 2266 9 9 .

234 2290 285 44 Loose-leaf.

237 2346 71 42 On
336 2357 167 31 cover:
533 2348 128 40 Pour
690 2350 102 38 etre
821 2348 152 40 svelte
1000 2348 48 39 et
1077 2347 137 40 belle.

163 2401 53 54 ©
252 2407 123 39 Mar.
410 2405 70 48 22,
517 2405 141 47 1935;
697 2405 69 40 2c.
804 2406 95 39 and
936 2404 82 40 aff.
1055 2405 122 39 Mar.
1215 2404 82 47 23;
1336 2404 41 40 A
1414 2404 170 47 81160;
1625 2402 163 50 Little,
1826 2406 190 44 Brown,
2055 2407 96 39 and

232 2473 247 37 company.
549 2461 250 50 (35-5172)

161 2550 328 67 Buxbaum,
517 2549 206 56 Edwin
751 2549 293 67 Clarence,
1074 2556 171 50 1903-

225 2628 319 69 Collecting
587 2628 275 54 National
905 2628 346 68 geographic
1293 2627 322 69 magazines
1665 2627 102 68 [by]
1826 2627 210 53 Edwin
2082 2627 62 55 C.

159 2707 313 52 Buxbaum.
543 2704 359 68 Milwaukee,
930 2706 124 52 The
1078 2707 125 51 Box
1229 2711 118 46 tree
1374 2724 173 48 press,
1574 2708 149 49 1935.

234 2776 1022 50 2 p. l. , 7-68 p. facsims., form. 20 cm .
234 2834 161 42 “First
426 2834 224 41 edition.”

163 2888 53 54 ©
248 2894 120 38 Mar.
402 2893 69 47 15,
503 2892 140 47 1935;
677 2892 68 40 2c.
778 2892 94 39 and
903 2891 82 41 aff.
1019 2892 121 39 Mar.
1173 2891 82 48 18;
1290 2892 42 39 A
1362 2890 171 49 80992;
1568 2892 53 39 E.
1655 2891 50 41 C.
1739 2892 269 46 Buxbaum,
226 2890 1908 100 Milwaukee.
508 2948 249 48 (35-5173)

159 3037 379 68 Chappelear,
569 3040 224 63 George
820 3040 264 65 Warren,
1117 3044 170 50 1889-

294 3113 1854 72 … Barret c by] George Warren Chappelear. Harrisonburg,
219 3213 67 48 Va.,
311 3193 122 54 The
460 3193 266 55 Cavalier
751 3212 173 49 press,
956 3197 151 51 1934.

229 3264 1916 51 2 p. l. , 209 p. front. (coat of arms) pl., port. 23½ cm . (Families of
159 3322 235 50 Virginia,
425 3324 91 39 vol.
615 3323 14 48 III)

231 3378 158 41 Blank
415 3387 146 40 pages
587 3378 82 41 for
694 3378 310 42 memoranda
1044 3378 248 49 (205-209)

162 3432 53 53 ©
252 3438 120 38 Mar.
411 3436 69 47 29,
518 3435 141 46 1935;
699 3435 67 41 2c.
805 3437 94 38 and
937 3436 82 39 aff.
1058 3436 122 39 Mar.
1218 3435 82 46 30;
1340 3436 41 38 A
1418 3434 169 47 82379;
1631 3434 52 41 G.
1721 3436 69 39 W.
1831 3434 313 49 Chappelear,

228 3493 379 47 Harrisonburg,
635 3492 85 39 Va.
791 3491 249 50 (35-5095)

159 3580 328 67 Chideckel,
514 3580 279 68 Maurice,
825 3584 169 54 1876-

228 3658 229 52 Female
480 3675 96 35 sex
601 3658 355 68 perversion;
984 3658 95 53 the
1105 3659 255 68 sexually
1386 3655 296 55 aberrated
1711 3674 221 35 woman
1961 3675 59 34 as
2046 3656 97 52 she

160 3734 63 69 is,
259 3734 75 69 by
371 3734 254 53 Maurice
666 3734 322 69 Chideckel,
1080 3778 12 11 M.
1167 3777 10 10 D.
1195 3754 12 49 ;
1249 3734 140 53 with
1429 3753 30 34 a
1499 3733 285 54 foreword
1824 3734 74 69 by
1938 3735 104 52 Dr.
2083 3731 58 57 S.

156 3808 1979 72 Wolman … New York, Eugenics publishing company [ c 1935]
228 3882 122 40 xviii
373 3893 58 38 p.,
458 3884 25 38 1
544 3914 8 16 l.,
577 3883 85 40 331
685 3893 45 37 p.
755 3883 108 41 incl.
887 3884 171 47 plates.
1117 3883 56 39 24½
1205 3885 43 21 cm
1252 3914 9 9 .

162 3935 53 53 ©
241 3941 122 40 Mar.
389 3940 68 48 20,
486 3941 117 41 1935
617 3951 10 37 ;
656 3941 68 41 2c.
753 3942 119 40 Mar.
900 3942 82 46 13;
1012 3942 83 40 aff.
1124 3942 122 39 Mar.
1274 3941 82 47 26;
1388 3941 39 39 A
1456 3940 169 48 82195;
1656 3941 237 48 Eugenics
1921 3940 109 49 pub.
2060 3948 83 40 co.,

230 3995 91 41 inc.
390 3997 249 48 (35-4923)
