2424 4375
1204 4085 134 51 1302

306 450 318 66 Masefield,
651 451 174 66 John,
854 454 169 54 1878-

375 530 122 53 The
537 530 111 52 box
689 529 65 53 of
795 529 278 69 delights;
1114 548 83 50 or,
1234 531 187 54 When
1462 533 97 52 the
1602 532 206 55 wolves
1849 552 145 36 were
2036 535 267 70 running,

306 606 73 69 by
422 607 157 54 John
620 606 312 55 Masefield.
1023 608 261 69 London,
1326 610 273 68 Toronto,
1642 611 91 54 W.
1776 611 380 71 Heinemann,
2199 614 102 55 ltd.

309 688 155 66 [1935]

366 772 739 50 4 p. l., 418 p. ill us. 19 ½cm .
369 829 368 50 Lining-papers
764 829 278 43 illustrated
1070 829 51 42 in
1148 830 169 42 colors.

305 897 1993 59 © 1c. Sept. 18, 1935 ; A ad int. 20578; pubd. Aug. 30; J. Masefield,
375 958 315 48 Cirencester,
719 957 429 48 Gloucestershire,
1174 958 234 48 England.
1483 958 280 51 (35-17391)

299 1062 342 65 Merriman,
674 1062 306 55 Charlotte
1012 1062 67 58 E.

371 1138 1923 70 Tales of Sint Sink, by Charlotte E. Merriman … illustrated
300 1216 1885 72 by Lyman A. Langdon … Port Washington, N. Y. [ c 1935]
372 1302 1442 51 6 p. l. , 258, [1] p., 1 l. incl. front. plates, maps. 28 cm .
374 1361 287 40 Illustrated
695 1360 363 48 lining-papers.

372 1416 134 42 Each
531 1421 112 45 part
667 1418 230 48 preceded
926 1417 60 48 by
1011 1416 279 42 illustrated
1319 1415 237 43 half-title
1579 1420 84 38 not
1686 1417 225 42 included
1938 1418 48 40 in
2013 1419 81 40 the
2121 1421 174 47 paging

309 1475 52 50 (4
387 1473 189 49 leaves)

373 1530 129 42 “The
525 1529 300 50 publication
848 1530 51 41 of
924 1529 99 42 this
1046 1530 122 40 book
1191 1530 90 40 has
1304 1530 118 41 been
1448 1532 140 39 made
1613 1531 208 48 possible
1847 1533 210 46 through
2081 1532 82 41 the
301 1543 1974 92 generosity
510 1588 52 39 of
588 1588 82 40 the
696 1588 162 40 Board
884 1586 51 41 of
960 1586 258 41 education
1245 1587 53 40 of
1322 1587 118 41 Port
1466 1587 335 49 Washington,
1828 1588 54 40 N.
1912 1588 82 41 Y.”

370 1644 350 48 Bibliography
737 1653 12 31 :
776 1644 26 40 1
829 1643 102 41 leaf
953 1646 55 38 at
1034 1643 106 41 end.

299 1710 55 54 ©
384 1716 128 47 Sept.
543 1714 69 47 16,
642 1713 141 47 1935;
812 1712 65 41 2c.
909 1714 95 39 and
1035 1713 82 40 aff.
1152 1714 127 48 Sept.
1311 1713 81 47 18;
1422 1714 41 38 A
1494 1712 170 49 87059;
1700 1713 49 42 C.
1781 1715 52 40 E.
1868 1713 280 48 Merriman,
2178 1715 117 41 Port

366 1771 335 49 Washington,
733 1771 56 40 N.
820 1771 54 39 Y.
944 1769 281 49 (35-17055)

295 1875 296 65 Monseth,
619 1874 262 65 Ingwald
910 1875 64 55 T.

367 1952 1860 68 Relay systems; theory and application, by I. T. Monseth …
299 2030 1989 70 and P. H. Robinson … 1st ed. New York and London,
295 2107 429 57 McGraw-Hill
754 2108 146 53 book
930 2126 295 50 company,
1256 2107 126 68 inc.,
1414 2113 148 49 1935.

368 2196 64 47 xi,
460 2195 86 41 549
569 2204 43 38 p.
668 2195 142 48 illus.,
839 2195 178 47 diagrs.
1073 2193 55 41 23½
1160 2196 44 21 cm
1208 2225 8 9 .

369 2253 145 41 “This
539 2253 190 40 volume
754 2252 89 40 has
868 2251 117 41 been
1009 2251 259 47 developed
1294 2250 127 40 from
1448 2261 27 29 a
1502 2251 150 40 series
1678 2251 51 40 of
1754 2252 198 40 articles
1977 2251 48 39 in
2053 2254 81 39 the
298 2253 1974 97 Electric
417 2308 196 48 journal
644 2308 196 40 written
869 2309 60 47 by
962 2309 80 39 the
1072 2308 203 40 authors
1306 2308 48 40 in
1386 2307 126 49 1930,
1541 2308 128 47 1931,
1701 2308 92 40 and
1827 2307 350 42 1932.”—Pref.

370 2365 308 41 “Additional
706 2364 299 41 references”
1033 2369 50 36 at
1110 2366 90 39 end
1228 2365 52 39 of
1303 2365 226 48 chapters
1555 2365 165 39 eleven
1748 2366 94 39 and
1872 2365 225 43 thirteen.

294 2434 53 53 ©
375 2438 127 48 Sept.
531 2437 69 48 16,
629 2437 113 40 1935
760 2448 9 35 ;
801 2437 66 39 2c.
896 2437 97 39 and
1021 2435 81 41 aff.
1137 2436 128 47 Sept.
1292 2435 54 40 19
1364 2446 10 37 ;
1404 2436 41 38 A
1474 2435 143 41 86362
1635 2447 9 35 ;
1676 2436 355 41 McGraw-Hill
2056 2437 124 40 book
2205 2446 80 40 co.,

363 2494 90 41 inc.
523 2492 281 50 (35-17043)

292 2597 243 65 Morley,
569 2595 390 64 Christopher
987 2594 373 66 Darlington,
1391 2599 171 51 1890-

366 2674 115 56 Old
512 2676 201 65 Loopy
729 2693 13 48 ;
776 2694 31 33 a
838 2677 125 51 love
992 2675 167 52 letter
1190 2673 95 54 for
1317 2674 271 66 Chicago,
1616 2674 76 66 by
1724 2674 376 66 Christopher
294 2673 1965 146 Morley;

438 2751 395 68 photographs
856 2751 73 67 by
953 2750 131 67 Guy
1110 2750 387 67 Ederheimer,
1520 2751 71 67 jr.
1652 2750 271 68 Chicago,
1946 2751 121 52 The
2090 2750 191 68 Argus

293 2830 148 54 book
465 2830 161 66 shop,
653 2831 126 62 inc.,
809 2831 148 50 1935.

361 2902 70 49 16,
464 2902 55 49 [1]
549 2912 44 38 p.
649 2902 172 48 plates.
874 2900 56 41 23½
963 2902 44 21 cm
1012 2932 9 9 .

293 2970 53 53 ©
374 2974 120 48 Aug.
525 2972 70 49 26,
625 2972 141 48 1935;
797 2972 67 41 2c.
895 2974 94 39 and
1022 2972 82 41 aff.
1136 2972 120 48 Aug.
1288 2971 83 47 28;
1402 2972 41 39 A
1475 2972 170 46 85662;
1680 2972 159 48 Argus
1870 2972 125 39 book
2026 2972 133 47 shop,
2191 2971 87 39 inc.

371 3030 280 49 (35-16300)

291 3132 259 64 Nesbitt,
580 3132 296 55 Ludovico
904 3132 285 65 Mariano,
1224 3138 170 49 1891-

359 3210 267 53 Desolate
648 3210 280 67 marches;
954 3210 211 53 travels
1187 3209 58 53 in
1269 3210 95 52 the
1386 3207 246 57 Orinoco
1656 3208 182 54 llanos
1861 3207 63 54 of
1945 3208 330 65 Venezuela,

291 3287 75 69 by
404 3288 65 54 L.
509 3288 79 53 M.
629 3284 251 70 Nesbitt;
924 3287 324 54 illustrated
1289 3285 152 55 from
1481 3286 289 67 drawings
1807 3286 76 67 by
1920 3286 96 53 the
2056 3286 217 52 author.

290 3366 256 66 London,
573 3366 56 54 J.
659 3365 156 67 Cape
867 3368 150 63 [1935]

361 3436 88 42 320
473 3447 44 38 p.
543 3436 109 42 incl.
677 3436 165 47 front.,
870 3436 141 48 illus.,
1038 3446 124 37 map.
1216 3434 59 41 20½
1304 3437 44 22 cm
1351 3466 10 10 .

362 3493 102 40 The
490 3494 167 40 record
686 3492 53 41 of
764 3503 62 30 an
854 3492 309 48 engineering
1188 3502 175 37 survey
1388 3492 79 39 for
1492 3502 62 29 an
1581 3490 256 41 American
1864 3490 264 48 petroleum
292 3500 1963 98 company.

289 3615 1984 53 © 1c. Sept. 4, 1935; A ad int. 20541 ; pubd. July 8; L. M. Nesbitt, Rome.
369 3676 278 48 (35-17058)

285 3774 198 64 Paine,
512 3776 237 63 Bayard
778 3778 221 62 Henry,
1031 3777 170 54 1872-

358 3850 286 69 Pioneers,
675 3851 240 55 Indians
947 3855 112 52 and
1089 3852 291 66 buffaloes,
1410 3852 75 66 by
1517 3852 232 65 Bayard
1780 3852 75 52 H.
1890 3849 205 61 Paine;
2132 3847 133 55 with

290 3947 31 33 a
350 3927 283 55 foreword
661 3929 75 68 by
762 3929 260 54 Addison
1049 3931 68 52 E.
1148 3929 266 56 Sheldon.
1474 3928 210 66 Curtis,
1713 3928 186 64 Nebr.,
1928 3928 120 52 The
2078 3924 188 58 Curtis

288 4005 329 68 enterprise,
647 4010 148 50 1935.
