2424 4375
1049 4074 133 49 1383

153 447 337 65 Merriman,
519 450 62 53 T.
611 451 77 56 M.

153 526 1961 129 … A review and digest of Supreme court decisions as contained
382 604 62 51 in
485 603 96 53 the
621 602 126 56 first
784 606 130 51 nine
957 607 250 54 volumes
1249 608 62 53 of
1354 609 316 54 Merriman
1709 611 111 52 and
1866 612 273 69 Sutherly

151 687 217 60 reports
393 700 72 34 on
491 682 274 55 decisions
791 683 248 69 relating
1061 690 58 47 to
1145 684 332 56 workmen’s
1504 690 438 66 compensation.
151 690 1961 134 [Columbus,

414 759 86 66 O.,
528 761 121 52 The
679 761 287 55 Southard
995 763 263 68 printing
1284 781 97 47 co.,
1408 771 18 22 c
1433 768 149 64 1934]

217 832 54 40 93
300 844 41 36 p.
398 832 59 41 23½
486 835 44 22 cm
535 865 8 8 .

220 904 63 39 At
319 905 130 38 head
488 904 52 39 of
581 904 133 41 title:
758 904 263 41 Merriman
1063 908 95 37 and
1203 907 229 48 Sutherly
1474 912 188 45 reports
1703 920 60 29 on
1806 909 239 41 decisions
2086 912 53 40 of

147 960 119 40 Ohio
293 961 262 40 industrial
583 961 317 40 commission.
959 962 260 41 Published
1247 965 198 47 weekly,
1474 966 100 39 Est.
1602 967 113 47 May
1740 968 40 45 4,
1810 966 127 42 1925.
1992 968 52 40 T.
2074 970 62 39 M.

147 1016 276 49 Merriman,
452 1018 60 39 H.
543 1018 49 39 P.
624 1017 243 50 Sutherly.

145 1084 52 53 ©
222 1089 128 39 June
372 1087 70 49 29,
467 1088 113 41 1934;
634 1089 67 40 2c·.
728 1091 95 38 and
849 1090 81 40 aff.
957 1091 115 47 July
1098 1091 82 47 18;
1209 1092 41 38 A
1275 1092 170 46 73513;
1476 1094 266 39 Merriman
1765 1096 97 38 and
1893 1095 242 48 Sutherly,

215 1145 273 48 Columbus,
519 1146 51 40 O.

149 1246 206 66 Miller,
384 1248 314 54 Frederick
725 1249 315 66 Scheibler,
1071 1256 170 50 1866-

214 1323 1920 73 Our Korean friends, by Frederick S. Miller … New York
149 1403 1292 72 [etc.] Fleming H. Revell company [ c 1935]
215 1475 83 41 191
327 1485 43 39 p.
429 1475 164 51 front.,
622 1477 170 48 plates.
852 1478 56 41 19½
938 1480 44 22 cm
988 1511 9 8 .

141 1542 52 53 ©
222 1548 119 47 Aug.
373 1548 41 47 2,
446 1548 118 41 1935;
620 1548 67 41 2c.
720 1550 95 39 and
848 1549 81 40 aff.
965 1550 128 47 Sept.
1125 1550 82 41 23;
1243 1551 39 38 A
1315 1550 170 47 87132;
1522 1550 219 49 Fleming
1770 1552 60 39 H.
1866 1552 166 39 Revell
2065 1563 70 30 co.

219 1604 279 47 (35-18539)

143 1708 244 64 Molnar,
414 1709 64 54 T.
506 1709 63 55 T.

210 1782 247 70 Georgia
500 1783 261 55 criminal
802 1784 108 54 law
953 1786 62 53 in
1056 1784 195 70 briefs,
1296 1803 60 37 as
1400 1785 120 55 laid
1563 1785 165 53 down
1770 1784 74 70 by
1887 1785 94 54 the
142 1785 1965 144 Supreme
359 1870 160 47 court

142 1860 1960 149 and Court of appeals of Georgia [by] T. T. Molnar … Atlanta, The Harrison company, 1935.
209 2010 84 48 xii,
328 2010 84 41 673
445 2021 44 38 p.
547 2011 56 41 23½
635 2012 44 22 cm
684 2042 10 10 .

210 2082 132 40 Each
384 2083 112 48 part
536 2083 232 47 preceded
809 2083 61 49 by
910 2093 29 31 a
978 2082 104 42 leaf
1124 2084 119 40 with
1287 2083 238 42 half-title
1564 2087 84 39 not
1689 2085 224 42 included
1958 2086 49 40 in
2049 2087 83 40 the

141 2139 187 48 paging.

138 2209 52 53 ©
219 2213 102 41 Oct.
351 2214 39 47 8,
421 2213 139 41 1935;
589 2214 67 40 2c.
688 2214 100 40 Oct.
820 2213 80 47 11;
933 2213 80 41 aff.
1047 2213 102 40 Oct.
1178 2212 53 48 9;
1265 2214 43 39 A
1335 2213 169 43 87602;
1539 2213 240 41 Harrison
1812 2226 68 29 co.

216 2271 278 47 (35-18510)

142 2372 213 66 Moore,
387 2374 154 53 John
570 2373 169 67 Cecil,
771 2376 170 53 1907-

268 2449 1859 70 … Country men; illustrated with eight half-tone plates and
139 2529 339 68 engravings
505 2528 152 53 after
682 2527 246 69 Bewick,
952 2529 290 52 Thurston
1269 2529 111 52 and
1407 2528 216 53 Nesbit.
1683 2528 259 68 London,
1965 2528 58 55 J.
2046 2528 82 53 M.

138 2606 150 54 Dent
318 2609 47 51 &
394 2625 147 50 sons,
572 2607 118 58 ltd.,
736 2610 151 63 [c1935]

207 2680 65 48 ix,
299 2679 100 48 217,
429 2681 55 49 [1]
511 2690 44 38 p.
614 2678 165 50 front.,
806 2681 170 48 plates,
1003 2682 150 46 ports.
1210 2677 57 42 20
1271 2681 43 22 cm
1318 2711 9 9 .

207 2743 63 40 At
296 2743 125 41 head
449 2742 52 41 of
525 2742 135 41 title:
689 2740 129 42 John
847 2741 176 42 Moore.

207 2798 139 42 Head
373 2801 97 39 and
498 2799 90 41 tail
616 2799 172 49 pieces.

137 2867 52 52 ©
226 2874 66 38 1c.
335 2872 127 47 Sept.
502 2871 67 45 18,
609 2870 140 46 1935;
791 2870 43 38 A
871 2870 61 39 ad
969 2868 86 41 int.
1096 2868 170 47 20577;
1308 2869 141 47 pubd.
1492 2869 114 48 July
1644 2869 82 47 21;
1770 2870 43 39 J.
1855 2870 48 40 C.
1947 2870 176 46 Moore,

201 2929 337 46 Tewkesbury,
572 2926 428 48 Gloucestershire,
1034 2926 236 46 England.
1340 2924 280 48 (35-18390)

138 3030 166 64 Mott,
331 3031 154 53 John
512 3028 268 66 Raleigh,
809 3034 171 50 1865-

202 3104 379 70 Cooperation
607 3106 111 52 and
743 3105 96 52 the
864 3105 179 52 world
1068 3104 234 53 mission
1350 3103 93 70 [by]
1476 3102 157 55 John
1658 3103 68 52 R.
1752 3103 166 52 Mott.
1982 3102 138 53 New

137 3181 171 71 York,
330 3182 419 54 International
773 3181 339 69 missionary
1141 3180 237 68 council,
1408 3183 150 50 1935.

205 3254 55 41 79
287 3266 44 38 p.
390 3255 56 40 22½
478 3257 46 22 cm
527 3287 9 9 .

204 3310 323 43 “Authorized
567 3312 95 39 and
700 3310 254 49 published
997 3310 154 40 under
1192 3310 81 40 the
1314 3308 220 48 auspices
1578 3308 52 41 of
1670 3309 80 40 the
1793 3307 234 44 Institute
2069 3308 54 41 of

135 3367 144 40 social
309 3369 96 40 and
433 3367 228 48 religious
694 3365 600 42 research.”—Foreword.

137 3435 52 53 ©
217 3439 125 49 Sept.
370 3441 69 47 16,
466 3440 141 47 1935;
637 3440 66 40 2c.
731 3440 96 39 and
855 3439 82 40 aff.
968 3439 128 48 Sept.
1125 3438 82 47 20;
1237 3439 41 38 A
1304 3439 169 45 87111;
1505 3439 44 38 J.
1578 3438 53 39 R.
1664 3438 139 46 Mott,
1831 3439 117 39 New
1976 3438 143 39 York.

213 3496 276 48 (35-18667)

142 3596 287 68 Nicolson,
454 3602 152 51 Hon.
633 3598 220 54 Harold
881 3600 245 63 George,
1153 3603 171 50 1886-

206 3672 1911 72 Dwight Morrow, by Harold Nicolson … New York, Har-
139 3756 172 63 court,
337 3753 180 53 Brace
545 3752 113 53 and
686 3770 279 50 company
997 3785 13 34 [
1013 3757 20 22 c
1037 3754 152 63 1935]

205 3825 83 39 xvi
311 3834 58 39 p.,
393 3825 27 38 2
480 3855 10 16 l.,
514 3825 146 40 3-409
685 3835 43 38 p.
787 3824 163 48 front.,
975 3826 164 47 ports.,
1163 3824 191 39 facsim.
1407 3821 55 40 22
1465 3825 44 21 cm
1513 3853 10 9 .

207 3879 159 43 “First
395 3880 225 42 edition.”

138 3946 51 52 ©
225 3952 100 40 Oct.
360 3953 41 46 3,
438 3952 115 41 1935;
617 3952 67 40 2c.
721 3951 100 41 Oct.
861 3953 50 44 7;
952 3950 82 41 aff.
1074 3951 101 40 Oct.
1213 3949 53 42 9:
1305 3950 41 38 A
1384 3949 169 46 87556;
1595 3949 60 39 H.
1694 3947 240 47 Nicolson,
1973 3946 144 48 Kent,

204 4009 232 46 England.
506 4007 253 50 (35-18404)
