2424 4375
1223 4066 101 53 722

286 454 239 65 Martin,
552 456 173 64 John,
756 462 169 49 1864-

290 532 1955 147 Dictators and democracies today, by John Martin … Winter Park, Fla., The Rollins press, 1935.
356 686 25 37 3
409 695 29 36 p
474 685 45 45 1.,
545 684 170 39 ix-xiii
742 696 56 37 p.,
824 685 25 40 3
874 685 44 46 1.,
945 684 143 41 5-227
1113 696 43 37 p.
1182 684 111 40 incl.
1320 684 134 41 front.
1496 686 171 47 (port.)
1729 686 54 41 23
1787 687 15 21 cm
1835 718 9 8 .

356 742 137 47 Maps
523 750 59 30 on
611 741 361 48 lining-papers.

359 798 39 39 A
439 798 333 47 development
812 799 50 40 of
904 799 81 40 the
1025 800 210 38 lectures
1275 798 242 41 delivered
1559 798 50 40 in
1650 800 81 39 the
1772 799 165 49 spring
1976 799 52 41 of
2069 800 111 41 1935
2222 802 52 39 at

291 854 183 40 Winter
501 854 142 46 Park,
670 854 102 40 Fla.
827 855 60 47 cf.
917 855 180 40 Introd.

356 911 160 40 “First
543 911 182 40 edition"

632 968 130 47 CONTENTS.—pt.
789 974 29 33 I.
844 968 100 40 The
970 968 277 47 machinery
1274 968 53 40 of
1351 969 289 48 peace.—pt.
1708 999 10 10 II.
1746 969 156 39 Three
1927 968 346 47 dictatorships

288 1026 93 38 and
419 1026 133 38 three
590 1024 335 44 democracies,
963 1025 81 40 the
1079 1024 316 42 foundations
1433 1024 51 42 of
1520 1026 127 39 their
1685 1026 231 41 domestic
1954 1027 91 40 and
2085 1025 188 50 foreign

287 1081 204 47 policies.

287 1149 52 52 ©
369 1154 114 46 May
511 1152 68 45 25,
609 1151 115 42 1935;
781 1152 66 41 2c.
879 1153 112 47 May
1021 1151 82 47 29;
1137 1152 83 40 aff.
1249 1153 117 47 May
1390 1153 82 46 28;
1506 1154 40 38 A
1576 1152 170 48 81994;
1786 1154 36 39 J.
1859 1154 196 47 Martin,
2086 1155 189 40 Winter

356 1210 142 48 Park,
526 1210 103 39 Fla.
699 1209 249 50 (35-7935)

287 1312 120 53 The
445 1313 229 51 Mendel
713 1311 256 53 bulletin.
1042 1312 240 52 Volume
1320 1311 49 66 7,
1410 1316 148 49 1935.
1633 1313 324 67 Villanova,
1993 1315 120 65 Pa.,
2152 1313 123 52 The

356 1389 203 54 School
588 1390 62 51 of
677 1390 227 62 science,
933 1390 306 53 Villanova
1268 1392 209 64 college
1553 1394 131 48 [c1935]

356 1463 99 43 101,
485 1463 55 48 [3]
570 1474 41 37 p.
669 1463 126 39 illus.
825 1462 132 48 (incl.
984 1463 174 47 ports.)
1193 1464 85 39 col.
1305 1473 77 37 pl.,
1412 1462 177 49 diagrs.
1647 1463 57 39 24
1706 1464 43 22 cm
1754 1493 8 8 .

287 1530 52 52 ©
373 1535 114 46 May
521 1534 69 45 31,
624 1533 140 45 1935;
798 1532 64 40 2c.
898 1533 128 39 June
1057 1534 52 45 7;
1145 1532 82 40 aff.
1262 1533 128 40 June
1422 1532 52 47 6;
1511 1534 43 38 A
1585 1532 169 47 83515;
1791 1533 255 40 Villanova
2080 1534 192 49 college,

359 1591 169 40 School
558 1590 53 39 of
637 1590 196 40 science.

286 1693 249 63 Michell,
564 1694 219 53 Robert
810 1693 141 63 Bell,
980 1694 83 52 ed.

361 1770 211 52 French
604 1772 291 51 literature
925 1770 194 53 before
1149 1773 150 61 1800,
1326 1771 187 52 edited
1542 1771 73 67 by
1642 1771 214 53 Robert
1885 1773 123 51 Bell
2039 1770 231 54 Michell

290 1847 1980 69 and Robert Foster Bradley … New York, F. S. Crofts & co.,
293 1930 141 49 1935.

389 2009 40 32 xv,
455 1997 84 41 493
562 2007 41 38 p.
666 2000 24 37 1
717 1997 127 41 illus.
902 1997 55 41 23½
991 1999 43 22 cm
1039 2029 7 7 .

287 2067 52 52 ©
368 2071 113 46 May
506 2069 70 47 25,
606 2068 140 47 1935;
777 2068 65 41 2c.
872 2071 113 46 May
1013 2069 82 46 31;
1127 2068 82 40 aff.
1238 2070 116 46 May
1379 2069 82 47 28;
1492 2070 40 38 A
1565 2068 169 47 84022;
1768 2070 51 39 F.
1853 2070 44 40 S.
1929 2069 165 41 Crofts
2124 2070 37 40 &
2189 2079 82 39 co.,

355 2127 88 39 inc.
516 2126 250 49 (35-7819)

285 2230 297 64 Michigan
607 2231 282 62 academy
912 2230 63 52 of
1001 2229 243 64 science,
1270 2232 130 50 arts
1424 2231 113 51 and
1564 2230 227 54 letters.

353 2307 1916 67 Papers … Editors, Eugene S. McCartney … [and] Alfred
286 2385 1982 68 H. Stockard … Volume 20 … Ann Arbor, University of
283 2463 294 66 Michigan
606 2482 172 48 press,
807 2467 147 50 1935.

354 2534 1914 50 3 p. l., v-xv, 755, viii p. illus., plates, maps (part fold.) diagrs. 24 cm .
285 2601 53 53 ©
365 2606 125 40 June
518 2608 39 45 1,
588 2605 140 47 1935;
757 2605 65 41 2c.
853 2607 93 38 and
975 2605 81 40 aff.
1086 2605 128 40 June
1239 2605 81 47 13;
1352 2606 40 38 A
1422 2605 170 46 83558;
1623 2604 280 48 University
1931 2605 52 38 of
2012 2603 256 49 Michigan,

354 2664 108 38 Ann
489 2664 168 39 Arbor.

285 2763 351 54 Minnesota.
710 2764 365 63 University.
1150 2765 208 52 School
1384 2764 96 63 for
1503 2781 210 36 nurses.

354 2841 49 51 A
441 2840 268 53 textbook
742 2840 63 53 of
837 2840 238 66 nursing
1107 2839 325 67 technique;
1470 2859 31 34 a
1534 2842 229 51 manual
1793 2840 135 51 used
1964 2840 58 51 in
2054 2840 96 51 the
283 2857 1959 113 associated
571 2917 278 67 hospitals
891 2920 58 50 in
991 2918 95 53 the
1129 2917 334 65 University
1506 2917 62 52 of
1611 2917 315 52 Minnesota
1974 2917 185 52 school
2205 2915 61 52 of

282 2992 1959 221 nursing [by] Marion L. Vannier … [and] Barbara A. Thompson … 2d ed. rev. Minneapolis, The University of Minnesota press, 1935.
353 3229 45 35 x,
426 3218 85 41 265
535 3229 58 37 p.,
621 3221 24 37 1
694 3252 7 7 l.
756 3219 134 40 front.
934 3217 201 50 (diagr.)
1170 3218 125 39 illus.
1351 3217 54 39 24
1410 3220 43 21 cm
1457 3249 9 9 .

355 3274 157 40 Blank
537 3275 103 40 leaf
665 3278 52 37 at
743 3277 91 39 end
860 3274 79 41 for
967 3274 217 41 “Notes”.

355 3330 230 42 Previous
619 3331 181 41 edition
835 3331 250 48 published
1123 3328 113 42 1929
1271 3331 152 39 under
1458 3330 134 40 title;
1631 3330 211 48 Nursing
1877 3331 298 47 procedures.

355 3388 222 41 Includes
614 3387 359 41 “References”.

286 3450 52 52 ©
362 3455 106 38 Jan.
496 3455 69 45 31,
593 3454 139 46 1935;
760 3454 64 39 2c.
853 3454 93 38 and
972 3452 81 40 aff.
1081 3452 107 39 Feb.
1217 3453 81 45 11;
1329 3452 40 38 A
1397 3452 168 46 81545;
1597 3452 280 48 University
1901 3453 51 40 of
1980 3452 285 48 Minnesota,

356 3511 334 48 Minneapolis.
767 3508 247 50 (35-7890)

287 3613 277 65 Mitchell,
595 3612 205 53 Edwin
831 3612 327 56 Valentine.

358 3690 119 53 The
510 3695 90 47 art
631 3688 62 54 of
725 3689 353 67 authorship,
1108 3690 75 65 by
1214 3688 205 53 Edwin
1453 3689 302 53 Valentine
1789 3688 270 53 Mitchell.
2125 3689 136 51 New

289 3766 942 65 York. Loring & Mussey [c 1935]
352 3847 29 26 v
438 3870 8 6 p.,
488 3837 23 37 1
563 3867 21 13 l.,
609 3836 144 40 9-128
778 3846 44 37 p.
884 3836 125 40 illus.
1070 3835 55 39 21½
1158 3837 45 21 cm
1205 3866 9 9 .

354 3891 344 40 “Decorations
721 3891 61 50 by
810 3892 159 40 divers
997 3890 198 41 hands.”

288 3945 52 52 ©
371 3951 113 46 May
510 3949 69 46 23,
610 3949 140 45 1935;
780 3950 67 40 2c.
878 3950 113 47 May
1020 3948 83 48 29;
1137 3948 81 40 aff.
1250 3950 114 46 May
1393 3948 82 47 24;
1508 3950 39 38 A
1578 3949 144 41 84020;
1778 3947 178 49 Loring
1988 3949 35 39 &
2056 3949 205 45 Mussey,

403 4016 5 22 inc. (35-7818)
