2526 4384
1294 4018 103 49 254

422 456 123 43 xviii
569 468 58 38 p.,
652 456 26 41 1
739 488 9 17 l.,
772 455 85 43 261
884 468 43 38 p.
983 458 86 41 col.
1095 456 164 50 front.,
1286 457 160 49 plates
1471 455 138 52 (part
1633 459 114 49 col.)
1780 458 179 50 diagrs.
2016 457 57 43 22½
2105 460 45 23 cm
2153 491 10 9 .

425 515 134 41 Each
603 515 191 40 colored
838 515 135 48 plate
1016 513 342 51 accompanied
1401 514 64 49 by
1506 517 158 47 guard
1709 517 139 40 sheet
1894 517 121 40 with
2059 516 292 49 descriptive

352 573 285 48 letterpress.

354 638 53 54 ©
434 642 111 40 Feb.
574 641 69 48 26,
671 640 141 48 1935;
842 641 68 41 2c.
939 642 122 40 Mar.
1088 641 53 48 1;
1170 652 28 30 a
1203 640 50 41 ff.
1282 640 112 42 Feb.
1422 641 83 48 28;
1535 641 42 41 A
1603 641 172 49 79867;
1806 644 52 39 E.
1888 643 49 40 P.
1968 642 235 49 Prentice,
2233 644 118 41 New

422 700 145 39 York.
637 697 252 51 (35-3749)

350 803 206 64 Pryor,
587 801 256 56 William
875 801 268 66 Clayton.

421 879 123 53 The
593 877 261 70 airplane
899 878 175 67 book;
1126 896 32 34 a
1209 876 422 71 photographic
1679 877 396 70 picture-book
2125 880 139 54 with
2317 900 32 34 a

352 962 176 63 story,
567 957 77 68 by
679 955 262 56 William
981 954 246 71 Clayton
1266 955 188 68 Pryor
1491 956 114 54 and
1643 956 187 54 Helen
1872 956 233 56 Sloman
2146 959 201 67 Pryor.

350 1033 140 55 New
521 1033 180 68 York,
731 1034 311 68 Harcourt,
1073 1034 180 53 Brace
1284 1035 113 52 and
1427 1052 281 51 company
1744 1068 13 35 [
1761 1040 18 23 c
1784 1037 152 66 1935]

421 1108 30 40 4
475 1119 44 38 p.
581 1140 9 17 l.,
617 1108 57 41 98
700 1119 43 38 p.
803 1108 144 48 illus.,
975 1118 63 38 pl.
1095 1107 56 40 22
1153 1109 45 23 cm
1204 1139 9 10 .

352 1173 53 54 ©
434 1179 122 40 Mar.
588 1180 41 46 7,
658 1178 141 48 1935;
831 1178 68 41 2c.
930 1179 96 40 and
1056 1177 81 42 aff.
1168 1178 123 39 Mar.
1323 1177 83 48 11;
1439 1178 43 39 A
1510 1177 169 48 80906;
1714 1179 262 48 Harcourt,
2009 1180 154 39 Brace
2196 1179 35 40 &
2263 1190 84 38 co.,

420 1234 91 42 inc.
582 1235 251 50 (35-3801)

349 1334 223 56 Punch,
687 1380 10 12 v.
726 1340 116 66 188,
867 1357 92 37 no.
985 1336 153 70 4887,
1166 1339 297 68 February
1491 1340 48 66 6,
1569 1340 149 53 1935.

353 1422 1992 54 © 1c. Apr. 4, 1935; A ad int. 20100'; pubd. Feb. 6; Herbert Heather,
422 1483 212 40 London.

348 1583 214 67 Soddy,
594 1583 334 65 Frederick,
961 1585 170 55 1877-

423 1660 120 54 The
570 1663 118 54 role
716 1661 65 54 of
807 1680 229 50 money;
1068 1663 154 53 what
1248 1662 48 53 it
1324 1662 202 54 should
1555 1662 84 66 be,
1668 1664 322 52 contrasted
2021 1661 140 53 with
2190 1663 153 52 what

352 1737 1990 71 it has become, by Frederick Soddy … New York, Harcourt,
351 1817 180 54 Brace
560 1819 112 52 and
700 1836 279 50 company
1013 1852 13 34 [
1030 1824 19 22 c
1054 1822 150 64 1935]

424 1901 46 37 x,
498 1891 87 40 214
612 1901 43 38 p.
715 1890 56 42 19
774 1892 43 23 cm
822 1922 10 10 .

426 1947 162 41 “First
618 1947 227 41 edition.”

425 2003 377 49 Bibliography:
836 2016 44 38 p.
909 2004 216 41 213-214.

352 2057 1991 54 © Feb. 28, 1935; 2c. and aff. Mar. 7; A 79927; Harcourt, Brace & co.,
421 2118 90 42 inc.
581 2119 251 49 (35-3735)

348 2217 1989 73 Southern digest. 1934 cumulative annual pocket part … [for]
421 2298 1920 70 Descriptive-word index … St. Paul, West publishing co.
424 2411 12 34 [
438 2384 24 21 c
465 2380 151 65 1935]

419 2452 55 40 57
505 2462 43 37 p.
608 2451 55 40 25
666 2453 47 22 cm
716 2482 8 9 .

422 2508 117 40 This
563 2509 250 47 pamphlet
834 2508 44 40 is
900 2510 48 38 to
973 2508 59 40 be
1051 2508 139 40 fitted
1214 2507 101 40 into
1341 2507 84 40 the
1444 2507 175 47 pocket
1641 2508 55 39 at
1719 2507 81 39 the
1825 2505 122 41 back
1972 2505 54 40 of
2049 2506 84 39 the
2154 2505 190 41 volume

351 2564 53 41 of
428 2566 83 41 the
537 2567 76 38 set
636 2566 48 39 to
708 2565 160 40 which
894 2564 42 42 it
959 2565 209 47 belongs.

351 2631 1697 54 © Jan. 23, 1935; 2c. and aff. Feb. 28; A 79900; West pub. co.
347 2738 303 67 Spengler,
680 2739 207 54 Edwin
917 2739 239 65 Harold,
1189 2744 171 50 1906-

422 2814 1915 70 Introduction to business, by Edwin H. Spengler … and
352 2891 1987 134 Jacob Klein … 1st ed. New York and London, McGraw-Hill
508 2973 146 52 book
681 2990 296 50 company,
1003 2972 124 66 inc.,
1159 2976 150 49 1935.

423 3054 79 39 xv,
532 3044 86 42 829
647 3054 43 37 p.
749 3043 143 50 illus.,
922 3044 180 48 diagrs.
1159 3044 55 39 23½
1246 3046 45 21 cm
1296 3076 8 9 .

425 3098 247 43 “Selected
698 3099 301 42 references”
1023 3102 53 39 at
1099 3100 90 40 end
1214 3100 53 40 of
1289 3098 118 41 each
1432 3098 214 48 chapter,
1670 3099 172 47 except

1866 3097 473 48 chapters XLII and
354 3166 104 31 XLV.
519 3156 234 42 “Sources
783 3157 53 41 of
863 3156 374 41 information”:
1270 3167 43 38 p.
1344 3155 216 42 787-794.

352 3223 1988 56 © Jan. 18, 1935; 2c. Jan. 21; aff. Jan. 22; A 80123; McGraw-Hill book
420 3297 80 37 co.,
529 3286 91 40 inc.
690 3286 250 50 (35-3736)

350 3387 256 66 Stutzer,
637 3389 159 63 Otto,
830 3393 171 50 1881-

421 3465 110 54 Die
576 3464 358 69 wichtigsten
978 3467 370 66 lagerstätten
1394 3464 99 52 der
1539 3461 393 65 “nicht-erze”,
1977 3478 110 36 von
2134 3460 83 53 dr.
2266 3461 67 54 O.

350 3540 1961 148 Stutzer … bd. v. [Schwefel — Graphit — Jod — Bor—Magnesit—Talk, von dr.
348 3616 1962 149 O. Stutzer … dr. W. Wetzel … dr. A. Himmelbauer …] Berlin, Gebrüder Borntraeger, 1933.
418 3767 1545 53 x p., 1 l., 396 p. illus. (incl. maps) tables, diagrs. 26 ½ cm .
420 3828 232 41 Contains
683 3827 389 48 bibliographies.

351 3893 1966 110 © Nov. 10. 1933: 1c. Feb. 8, 1935; A-Foreign 27357; Gebrüder Borntraeger.
