<alto xmlns="http://www.loc.gov/standards/alto/ns-v3#" xmlns:xlink="http://www.w3.org/1999/xlink" xmlns:xsi="http://www.w3.org/2001/XMLSchema-instance" xsi:schemaLocation="http://www.loc.gov/standards/alto/ns-v3# http://www.loc.gov/alto/v3/alto-3-0.xsd"><Description>
<MeasurementUnit>pixel</MeasurementUnit>
<sourceImageInformation>
<fileName>1935_v32_Part1.pdf</fileName>
</sourceImageInformation>
<OCRProcessing ID="IdOcr">
<ocrProcessingStep>
<processingDateTime>2019-01-15</processingDateTime>
<processingSoftware>
<softwareCreator>ABBYY</softwareCreator>
<softwareName>ABBYY Recognition Server</softwareName>
<softwareVersion>4.0</softwareVersion>
</processingSoftware>
</ocrProcessingStep>
</OCRProcessing>
</Description>
<Styles>
<ParagraphStyle ID="StyleId-FFFFFFFF-FFFF-FFFF-FFFF-FFFFFFFFFFFF-" ALIGN="Left" LEFT="0." RIGHT="0." FIRSTLINE="0."/>
<ParagraphStyle ID="StyleId-09A13A44-4F77-4ABE-84F3-84CC8B3C72CE-" ALIGN="Left" LEFT="0." RIGHT="0." FIRSTLINE="0." LINESPACE="7.699999809"/>
<ParagraphStyle ID="StyleId-1F945060-F8CD-4435-B69A-5FF49DB0C586-" ALIGN="Left" LEFT="0." RIGHT="0." FIRSTLINE="-10." LINESPACE="12.19999981"/>
<ParagraphStyle ID="StyleId-C6CAE747-F5A4-4D0D-8D74-D452DA7E2C1C-" ALIGN="Block" LEFT="0." RIGHT="0." FIRSTLINE="-14." LINESPACE="8.350000381"/>
<ParagraphStyle ID="StyleId-FC0F3374-189A-459E-BE29-2DC14180F022-" ALIGN="Left" LEFT="0." RIGHT="0." FIRSTLINE="0."/>
<ParagraphStyle ID="StyleId-49397C49-A894-4B3E-BA5E-1126226BA375-" ALIGN="Left" LEFT="0." RIGHT="0." FIRSTLINE="-12." LINESPACE="11.09000015"/>
<ParagraphStyle ID="StyleId-9E34DD3A-E661-48BD-A3A1-6A3D48346F00-" ALIGN="Block" LEFT="0." RIGHT="0." FIRSTLINE="-14." LINESPACE="11.09000015"/>
<ParagraphStyle ID="StyleId-56CE54AA-A08B-4BAA-8605-F26020A0E36E-" ALIGN="Left" LEFT="0." RIGHT="0." FIRSTLINE="0." LINESPACE="9.399999619"/>
<ParagraphStyle ID="StyleId-77814FFC-C42F-4AA9-9880-EF33B947DEC8-" ALIGN="Left" LEFT="0." RIGHT="0." FIRSTLINE="-11." LINESPACE="11.06999969"/>
<ParagraphStyle ID="StyleId-FDE92EC0-67DC-4C7B-8A24-094B12C38B6C-" ALIGN="Center" LEFT="0." RIGHT="0." FIRSTLINE="0." LINESPACE="11.30000019"/>
<ParagraphStyle ID="StyleId-65180E3B-4C93-4FB8-81EE-E026DD63DBF3-" ALIGN="Left" LEFT="0." RIGHT="0." FIRSTLINE="0." LINESPACE="11.10000038"/>
<ParagraphStyle ID="StyleId-10E885C2-5813-4620-B0AA-0FBA30CF7A32-" ALIGN="Left" LEFT="0." RIGHT="0." FIRSTLINE="0." LINESPACE="9.5"/>
<ParagraphStyle ID="StyleId-913C2DB5-9F02-4067-BAF7-0AED37B60BBE-" ALIGN="Left" LEFT="0." RIGHT="0." FIRSTLINE="0." LINESPACE="6.099999905"/>
<ParagraphStyle ID="StyleId-9C79A9D2-8F08-4A8F-985D-B00E253ED1E5-" ALIGN="Left" LEFT="0." RIGHT="0." FIRSTLINE="0." LINESPACE="4.400000095"/>
<ParagraphStyle ID="StyleId-A41F0407-FEFE-4738-9EC5-E05AFFF62781-" ALIGN="Left" LEFT="0." RIGHT="0." FIRSTLINE="0." LINESPACE="7.300000191"/>
<ParagraphStyle ID="StyleId-61D37176-94E8-408D-9B87-01C406CE8AB2-" ALIGN="Left" LEFT="0." RIGHT="0." FIRSTLINE="0." LINESPACE="8.050000191"/>
</Styles>
<Layout>
<Page ID="Page56" PHYSICAL_IMG_NR="56" HEIGHT="4342" WIDTH="2568">
<TopMargin HEIGHT="428" WIDTH="2568" VPOS="0" HPOS="0">
</TopMargin>
<LeftMargin HEIGHT="3713" WIDTH="352" VPOS="428" HPOS="0">
</LeftMargin>
<RightMargin HEIGHT="3713" WIDTH="158" VPOS="428" HPOS="2410">
</RightMargin>
<BottomMargin HEIGHT="201" WIDTH="2568" VPOS="4141" HPOS="0">
<TextBlock ID="Page56_Block1" HEIGHT="36" WIDTH="34" VPOS="4306" HPOS="2502" LANG="en-US" STYLEREFS="StyleId-EF6A2DA9-D300-41C3-B30F-3B5ECADFDD5E-">
<TextLine HEIGHT="33" WIDTH="23" VPOS="4309" HPOS="2513">
<String CONTENT="56" HEIGHT="33" WIDTH="23" VPOS="4309" HPOS="2513"/>
</TextLine>
</TextBlock>
</BottomMargin>
<PrintSpace HEIGHT="3713" WIDTH="2058" VPOS="428" HPOS="352">
<TextBlock ID="Page56_Block2" HEIGHT="96" WIDTH="117" VPOS="4045" HPOS="1318" LANG="en-US" STYLEREFS="StyleId-4DC81F0F-3177-4D0B-93C2-B9BDF1EEF5AF-">
<TextLine HEIGHT="49" WIDTH="64" VPOS="4059" HPOS="1323">
<String CONTENT="56" HEIGHT="49" WIDTH="64" VPOS="4059" HPOS="1323"/>
</TextLine>
</TextBlock>
<TextBlock ID="Page56_Block3" HEIGHT="3603" WIDTH="2058" VPOS="428" HPOS="352" LANG="en-US" CS="1" STYLEREFS="StyleId-A32D3A34-129B-46B7-935F-38DA70ADE1DB-">
<TextLine HEIGHT="66" WIDTH="1093" VPOS="439" HPOS="371">
<String CONTENT="Graustein," HEIGHT="64" WIDTH="338" VPOS="441" HPOS="371"/>
<SP HEIGHT="62" WIDTH="26" VPOS="443" HPOS="710"/>
<String CONTENT="William" HEIGHT="56" WIDTH="253" VPOS="439" HPOS="737"/>
<SP HEIGHT="54" WIDTH="29" VPOS="441" HPOS="991"/>
<String CONTENT="Caspar," HEIGHT="63" WIDTH="241" VPOS="441" HPOS="1021"/>
<SP HEIGHT="57" WIDTH="29" VPOS="446" HPOS="1263"/>
<String CONTENT="1888-" HEIGHT="50" WIDTH="171" VPOS="444" HPOS="1293"/>
</TextLine>
<TextLine HEIGHT="70" WIDTH="1928" VPOS="516" HPOS="440" CS="1">
<String CONTENT="Differential" HEIGHT="53" WIDTH="367" VPOS="517" HPOS="440"/>
<SP HEIGHT="66" WIDTH="38" VPOS="520" HPOS="808"/>
<String CONTENT="geometry," HEIGHT="63" WIDTH="309" VPOS="523" HPOS="847"/>
<SP HEIGHT="69" WIDTH="36" VPOS="516" HPOS="1157"/>
<String CONTENT="by" HEIGHT="69" WIDTH="76" VPOS="516" HPOS="1194"/>
<SP HEIGHT="68" WIDTH="37" VPOS="517" HPOS="1271"/>
<String CONTENT="William" HEIGHT="55" WIDTH="262" VPOS="516" HPOS="1309"/>
<SP HEIGHT="55" WIDTH="40" VPOS="517" HPOS="1572"/>
<String CONTENT="C." HEIGHT="55" WIDTH="63" VPOS="517" HPOS="1613"/>
<SP HEIGHT="56" WIDTH="43" VPOS="517" HPOS="1677"/>
<String CONTENT="Graustein" HEIGHT="56" WIDTH="309" VPOS="517" HPOS="1721"/>
<SP HEIGHT="35" WIDTH="45" VPOS="536" HPOS="2031"/>
<String CS="1" CONTENT="&#8230;"/>
<SP HEIGHT="55" WIDTH="92" VPOS="518" HPOS="2136"/>
<String CONTENT="New" HEIGHT="55" WIDTH="139" VPOS="518" HPOS="2229"/>
</TextLine>
<TextLine HEIGHT="67" WIDTH="1181" VPOS="595" HPOS="378">
<String CONTENT="York," HEIGHT="67" WIDTH="173" VPOS="595" HPOS="378"/>
<SP HEIGHT="66" WIDTH="24" VPOS="596" HPOS="552"/>
<String CONTENT="The" HEIGHT="53" WIDTH="120" VPOS="596" HPOS="577"/>
<SP HEIGHT="53" WIDTH="22" VPOS="596" HPOS="698"/>
<String CONTENT="Macmillan" HEIGHT="55" WIDTH="334" VPOS="595" HPOS="721"/>
<SP HEIGHT="34" WIDTH="26" VPOS="614" HPOS="1056"/>
<String CONTENT="company," HEIGHT="51" WIDTH="298" VPOS="611" HPOS="1083"/>
<SP HEIGHT="63" WIDTH="26" VPOS="598" HPOS="1382"/>
<String CONTENT="1935." HEIGHT="51" WIDTH="150" VPOS="597" HPOS="1409"/>
</TextLine>
<TextLine HEIGHT="48" WIDTH="688" VPOS="668" HPOS="440" CS="1">
<String CONTENT="xi," HEIGHT="47" WIDTH="64" VPOS="669" HPOS="440"/>
<SP HEIGHT="48" WIDTH="27" VPOS="668" HPOS="505"/>
<String CONTENT="230" HEIGHT="41" WIDTH="84" VPOS="668" HPOS="533"/>
<SP HEIGHT="48" WIDTH="25" VPOS="668" HPOS="618"/>
<String CONTENT="p." HEIGHT="36" WIDTH="44" VPOS="680" HPOS="644"/>
<SP HEIGHT="40" WIDTH="55" VPOS="670" HPOS="689"/>
<String CONTENT="diagrs." HEIGHT="47" WIDTH="178" VPOS="669" HPOS="745"/>
<SP HEIGHT="39" WIDTH="56" VPOS="668" HPOS="924"/>
<String CS="1" CONTENT="22&#189;" HEIGHT="39" WIDTH="56" VPOS="668" HPOS="981"/>
<String STYLE="superscript" CONTENT="cm" HEIGHT="22" WIDTH="45" VPOS="670" HPOS="1069"/>
<String CONTENT="." HEIGHT="8" WIDTH="9" VPOS="700" HPOS="1119"/>
</TextLine>
<TextLine HEIGHT="52" WIDTH="1717" VPOS="721" HPOS="374" STYLEREFS="StyleId-E3008A6A-135B-4B15-8BAF-0C48B8783338-">
<String CONTENT="&#169;" HEIGHT="52" WIDTH="50" VPOS="721" HPOS="374"/>
<SP HEIGHT="52" WIDTH="29" VPOS="721" HPOS="425"/>
<String CONTENT="Jan." HEIGHT="38" WIDTH="107" VPOS="727" HPOS="455"/>
<SP HEIGHT="37" WIDTH="30" VPOS="727" HPOS="563"/>
<String CONTENT="15," HEIGHT="46" WIDTH="68" VPOS="726" HPOS="594"/>
<SP HEIGHT="46" WIDTH="28" VPOS="726" HPOS="663"/>
<String CONTENT="1935;" HEIGHT="48" WIDTH="139" VPOS="724" HPOS="692"/>
<SP HEIGHT="47" WIDTH="28" VPOS="725" HPOS="832"/>
<String CONTENT="2c." HEIGHT="40" WIDTH="65" VPOS="725" HPOS="861"/>
<SP HEIGHT="29" WIDTH="29" VPOS="736" HPOS="927"/>
<String CONTENT="and" HEIGHT="38" WIDTH="95" VPOS="727" HPOS="957"/>
<SP HEIGHT="38" WIDTH="27" VPOS="727" HPOS="1053"/>
<String CONTENT="aff." HEIGHT="41" WIDTH="80" VPOS="723" HPOS="1081"/>
<SP HEIGHT="39" WIDTH="29" VPOS="725" HPOS="1162"/>
<String CONTENT="Jan." HEIGHT="39" WIDTH="108" VPOS="725" HPOS="1192"/>
<SP HEIGHT="38" WIDTH="28" VPOS="725" HPOS="1301"/>
<String CONTENT="16;" HEIGHT="46" WIDTH="82" VPOS="724" HPOS="1330"/>
<SP HEIGHT="45" WIDTH="29" VPOS="725" HPOS="1413"/>
<!-- cceid 830EB5BB-6D82-1014-B070-FDFD250A9EDA --><String CONTENT="A" HEIGHT="38" WIDTH="42" VPOS="725" HPOS="1443"/>
<SP HEIGHT="39" WIDTH="24" VPOS="725" HPOS="1486"/>
<String CONTENT="79195;" HEIGHT="49" WIDTH="171" VPOS="723" HPOS="1511"/>
<SP HEIGHT="46" WIDTH="32" VPOS="726" HPOS="1683"/>
<String CONTENT="Macmillan" HEIGHT="42" WIDTH="280" VPOS="723" HPOS="1716"/>
<SP HEIGHT="30" WIDTH="26" VPOS="736" HPOS="1997"/>
<String CONTENT="co." HEIGHT="29" WIDTH="67" VPOS="737" HPOS="2024"/>
</TextLine>
<TextLine HEIGHT="48" WIDTH="250" VPOS="782" HPOS="449" STYLEREFS="StyleId-E3008A6A-135B-4B15-8BAF-0C48B8783338-">
<String CONTENT="(35-1305)" HEIGHT="48" WIDTH="250" VPOS="782" HPOS="449"/>
</TextLine>
<TextLine HEIGHT="68" WIDTH="1062" VPOS="855" HPOS="371" STYLEREFS="StyleId-4DC81F0F-3177-4D0B-93C2-B9BDF1EEF5AF-">
<String CONTENT="Griffith," HEIGHT="68" WIDTH="253" VPOS="855" HPOS="371"/>
<SP HEIGHT="64" WIDTH="30" VPOS="859" HPOS="625"/>
<String CONTENT="Coleman" HEIGHT="53" WIDTH="274" VPOS="859" HPOS="656"/>
<SP HEIGHT="51" WIDTH="25" VPOS="859" HPOS="931"/>
<String CONTENT="Roberts," HEIGHT="63" WIDTH="272" VPOS="858" HPOS="957"/>
<SP HEIGHT="58" WIDTH="30" VPOS="863" HPOS="1230"/>
<String CONTENT="1893-" HEIGHT="49" WIDTH="172" VPOS="862" HPOS="1261"/>
</TextLine>
<TextLine HEIGHT="70" WIDTH="1921" VPOS="931" HPOS="443">
<String CONTENT="An" HEIGHT="51" WIDTH="94" VPOS="933" HPOS="443"/>
<SP HEIGHT="51" WIDTH="32" VPOS="935" HPOS="538"/>
<String CONTENT="introduction" HEIGHT="55" WIDTH="388" VPOS="932" HPOS="571"/>
<SP HEIGHT="48" WIDTH="32" VPOS="939" HPOS="960"/>
<String CONTENT="to" HEIGHT="48" WIDTH="59" VPOS="939" HPOS="993"/>
<SP HEIGHT="36" WIDTH="31" VPOS="951" HPOS="1053"/>
<String CONTENT="educational" HEIGHT="55" WIDTH="356" VPOS="932" HPOS="1085"/>
<SP HEIGHT="67" WIDTH="36" VPOS="933" HPOS="1442"/>
<String CONTENT="psychology," HEIGHT="68" WIDTH="366" VPOS="933" HPOS="1479"/>
<SP HEIGHT="69" WIDTH="31" VPOS="932" HPOS="1846"/>
<String CONTENT="by" HEIGHT="68" WIDTH="76" VPOS="932" HPOS="1878"/>
<SP HEIGHT="69" WIDTH="36" VPOS="931" HPOS="1955"/>
<String CONTENT="Coleman" HEIGHT="55" WIDTH="269" VPOS="931" HPOS="1992"/>
<SP HEIGHT="51" WIDTH="33" VPOS="932" HPOS="2262"/>
<String CONTENT="R." HEIGHT="52" WIDTH="68" VPOS="932" HPOS="2296"/>
</TextLine>
<TextLine HEIGHT="69" WIDTH="1762" VPOS="1008" HPOS="375" CS="1">
<String CONTENT="Griffith" HEIGHT="56" WIDTH="225" VPOS="1008" HPOS="375"/>
<SP HEIGHT="52" WIDTH="31" VPOS="1012" HPOS="601"/>
<String CS="1" CONTENT="&#8230;"/>
<SP HEIGHT="54" WIDTH="67" VPOS="1009" HPOS="688"/>
<String CONTENT="New" HEIGHT="53" WIDTH="136" VPOS="1009" HPOS="756"/>
<SP HEIGHT="53" WIDTH="28" VPOS="1009" HPOS="893"/>
<String CONTENT="York," HEIGHT="68" WIDTH="177" VPOS="1009" HPOS="922"/>
<SP HEIGHT="68" WIDTH="26" VPOS="1009" HPOS="1100"/>
<String CONTENT="Farrar" HEIGHT="53" WIDTH="213" VPOS="1009" HPOS="1127"/>
<SP HEIGHT="33" WIDTH="25" VPOS="1028" HPOS="1341"/>
<String CONTENT="and" HEIGHT="53" WIDTH="112" VPOS="1009" HPOS="1367"/>
<SP HEIGHT="53" WIDTH="26" VPOS="1009" HPOS="1480"/>
<String CONTENT="Rinehart," HEIGHT="68" WIDTH="296" VPOS="1009" HPOS="1507"/>
<SP HEIGHT="68" WIDTH="26" VPOS="1009" HPOS="1804"/>
<String CONTENT="inc.," HEIGHT="68" WIDTH="125" VPOS="1009" HPOS="1831"/>
<SP HEIGHT="64" WIDTH="28" VPOS="1013" HPOS="1957"/>
<String CONTENT="1935." HEIGHT="51" WIDTH="151" VPOS="1012" HPOS="1986"/>
</TextLine>
<TextLine HEIGHT="49" WIDTH="482" VPOS="1081" HPOS="442" CS="1">
<String CONTENT="xiv," HEIGHT="47" WIDTH="96" VPOS="1082" HPOS="442"/>
<SP HEIGHT="46" WIDTH="25" VPOS="1083" HPOS="539"/>
<String CONTENT="754" HEIGHT="41" WIDTH="84" VPOS="1081" HPOS="565"/>
<SP HEIGHT="48" WIDTH="24" VPOS="1082" HPOS="650"/>
<String CONTENT="p." HEIGHT="37" WIDTH="42" VPOS="1093" HPOS="675"/>
<SP HEIGHT="41" WIDTH="59" VPOS="1081" HPOS="718"/>
<String CS="1" CONTENT="23&#189;" HEIGHT="41" WIDTH="54" VPOS="1081" HPOS="778"/>
<String STYLE="superscript" CONTENT="cm" HEIGHT="22" WIDTH="45" VPOS="1083" HPOS="866"/>
<String CONTENT="." HEIGHT="8" WIDTH="9" VPOS="1114" HPOS="915"/>
</TextLine>
<TextLine HEIGHT="49" WIDTH="876" VPOS="1138" HPOS="443" STYLEREFS="StyleId-E3008A6A-135B-4B15-8BAF-0C48B8783338-">
<String CONTENT="From" HEIGHT="39" WIDTH="142" VPOS="1139" HPOS="443"/>
<SP HEIGHT="38" WIDTH="29" VPOS="1141" HPOS="586"/>
<String CONTENT="the" HEIGHT="40" WIDTH="80" VPOS="1139" HPOS="616"/>
<SP HEIGHT="37" WIDTH="26" VPOS="1149" HPOS="697"/>
<String CONTENT="genetic" HEIGHT="47" WIDTH="186" VPOS="1139" HPOS="724"/>
<SP HEIGHT="37" WIDTH="26" VPOS="1150" HPOS="911"/>
<String CONTENT="point" HEIGHT="49" WIDTH="136" VPOS="1138" HPOS="938"/>
<SP HEIGHT="38" WIDTH="26" VPOS="1141" HPOS="1075"/>
<String CONTENT="of" HEIGHT="40" WIDTH="53" VPOS="1139" HPOS="1102"/>
<SP HEIGHT="39" WIDTH="25" VPOS="1139" HPOS="1156"/>
<String CONTENT="view." HEIGHT="42" WIDTH="137" VPOS="1138" HPOS="1182"/>
</TextLine>
<TextLine HEIGHT="48" WIDTH="961" VPOS="1195" HPOS="445" STYLEREFS="StyleId-E3008A6A-135B-4B15-8BAF-0C48B8783338-">
<String CONTENT="&#8220;Readings&#8221;" HEIGHT="48" WIDTH="301" VPOS="1195" HPOS="445"/>
<SP HEIGHT="40" WIDTH="25" VPOS="1195" HPOS="747"/>
<String CONTENT="at" HEIGHT="38" WIDTH="52" VPOS="1198" HPOS="773"/>
<SP HEIGHT="38" WIDTH="24" VPOS="1198" HPOS="826"/>
<String CONTENT="end" HEIGHT="39" WIDTH="91" VPOS="1196" HPOS="851"/>
<SP HEIGHT="39" WIDTH="25" VPOS="1196" HPOS="943"/>
<String CONTENT="of" HEIGHT="40" WIDTH="52" VPOS="1195" HPOS="969"/>
<SP HEIGHT="40" WIDTH="22" VPOS="1195" HPOS="1022"/>
<String CONTENT="each" HEIGHT="39" WIDTH="119" VPOS="1196" HPOS="1045"/>
<SP HEIGHT="39" WIDTH="25" VPOS="1196" HPOS="1165"/>
<String CONTENT="chapter." HEIGHT="48" WIDTH="215" VPOS="1195" HPOS="1191"/>
</TextLine>
<TextLine HEIGHT="109" WIDTH="1976" VPOS="1252" HPOS="373" STYLEREFS="StyleId-E3008A6A-135B-4B15-8BAF-0C48B8783338-" CS="1">
<String CONTENT="&#169;" HEIGHT="51" WIDTH="51" VPOS="1252" HPOS="373"/>
<SP HEIGHT="51" WIDTH="31" VPOS="1252" HPOS="425"/>
<String CONTENT="Jan." HEIGHT="39" WIDTH="107" VPOS="1257" HPOS="457"/>
<SP HEIGHT="39" WIDTH="31" VPOS="1256" HPOS="565"/>
<String CONTENT="10," HEIGHT="46" WIDTH="67" VPOS="1256" HPOS="597"/>
<SP HEIGHT="46" WIDTH="28" VPOS="1256" HPOS="665"/>
<String CS="1" CONTENT="1935;" HEIGHT="35" WIDTH="8" VPOS="1266" HPOS="825"/>
<SP HEIGHT="47" WIDTH="32" VPOS="1254" HPOS="834"/>
<String CONTENT="2c." HEIGHT="41" WIDTH="65" VPOS="1254" HPOS="867"/>
<SP HEIGHT="39" WIDTH="31" VPOS="1255" HPOS="933"/>
<String CONTENT="Jan." HEIGHT="39" WIDTH="110" VPOS="1255" HPOS="965"/>
<SP HEIGHT="39" WIDTH="28" VPOS="1255" HPOS="1076"/>
<String CS="1" CONTENT="12;" HEIGHT="39" WIDTH="54" VPOS="1254" HPOS="1105"/>
<SP HEIGHT="36" WIDTH="31" VPOS="1265" HPOS="1188"/>
<String CS="1" CONTENT="aff."/>
<SP HEIGHT="39" WIDTH="31" VPOS="1256" HPOS="1302"/>
<String CONTENT="Jan." HEIGHT="39" WIDTH="108" VPOS="1256" HPOS="1334"/>
<SP HEIGHT="38" WIDTH="32" VPOS="1255" HPOS="1443"/>
<String CONTENT="11;" HEIGHT="47" WIDTH="81" VPOS="1255" HPOS="1476"/>
<SP HEIGHT="47" WIDTH="32" VPOS="1255" HPOS="1558"/>
<!-- cceid 830F78B9-6D82-1014-B070-FDFD250A9EDA --><String CONTENT="A" HEIGHT="39" WIDTH="41" VPOS="1255" HPOS="1591"/>
<SP HEIGHT="40" WIDTH="28" VPOS="1255" HPOS="1633"/>
<String CS="1" CONTENT="79160;" HEIGHT="41" WIDTH="143" VPOS="1254" HPOS="1662"/>
<SP HEIGHT="47" WIDTH="34" VPOS="1255" HPOS="1833"/>
<String CONTENT="C." HEIGHT="41" WIDTH="48" VPOS="1255" HPOS="1868"/>
<SP HEIGHT="39" WIDTH="33" VPOS="1256" HPOS="1917"/>
<String CONTENT="R." HEIGHT="39" WIDTH="55" VPOS="1256" HPOS="1951"/>
<SP HEIGHT="40" WIDTH="33" VPOS="1256" HPOS="2007"/>
<String CONTENT="Griffith," HEIGHT="48" WIDTH="205" VPOS="1255" HPOS="2041"/>
<SP HEIGHT="47" WIDTH="33" VPOS="1256" HPOS="2247"/>
<String CONTENT="Urbana," HEIGHT="103" WIDTH="1909" VPOS="1256" HPOS="440"/>
<SP HEIGHT="45" WIDTH="30" VPOS="1314" HPOS="580"/>
<String CONTENT="Ill." HEIGHT="38" WIDTH="74" VPOS="1314" HPOS="611"/>
<SP HEIGHT="48" WIDTH="70" VPOS="1312" HPOS="686"/>
<String CONTENT="(35-1369)" HEIGHT="51" WIDTH="250" VPOS="1310" HPOS="757"/>
</TextLine>
<TextLine HEIGHT="64" WIDTH="995" VPOS="1387" HPOS="369">
<String CONTENT="Harding," HEIGHT="64" WIDTH="289" VPOS="1387" HPOS="369"/>
<SP HEIGHT="63" WIDTH="27" VPOS="1388" HPOS="659"/>
<String CONTENT="George" HEIGHT="63" WIDTH="227" VPOS="1388" HPOS="687"/>
<SP HEIGHT="52" WIDTH="25" VPOS="1388" HPOS="915"/>
<String CONTENT="Laban," HEIGHT="63" WIDTH="221" VPOS="1388" HPOS="941"/>
<SP HEIGHT="58" WIDTH="30" VPOS="1393" HPOS="1163"/>
<String CONTENT="1893-" HEIGHT="50" WIDTH="170" VPOS="1392" HPOS="1194"/>
</TextLine>
<TextLine HEIGHT="68" WIDTH="1927" VPOS="1463" HPOS="438">
<String CONTENT="Don" HEIGHT="53" WIDTH="131" VPOS="1465" HPOS="438"/>
<SP HEIGHT="52" WIDTH="39" VPOS="1465" HPOS="570"/>
<String CONTENT="Agustin" HEIGHT="68" WIDTH="253" VPOS="1463" HPOS="610"/>
<SP HEIGHT="53" WIDTH="40" VPOS="1465" HPOS="864"/>
<String CONTENT="Y." HEIGHT="53" WIDTH="70" VPOS="1465" HPOS="905"/>
<SP HEIGHT="52" WIDTH="41" VPOS="1465" HPOS="976"/>
<String CONTENT="Zamorano," HEIGHT="66" WIDTH="334" VPOS="1465" HPOS="1018"/>
<SP HEIGHT="48" WIDTH="38" VPOS="1483" HPOS="1353"/>
<String CONTENT="statesman," HEIGHT="61" WIDTH="327" VPOS="1469" HPOS="1392"/>
<SP HEIGHT="47" WIDTH="40" VPOS="1483" HPOS="1720"/>
<String CONTENT="soldier," HEIGHT="67" WIDTH="227" VPOS="1464" HPOS="1761"/>
<SP HEIGHT="48" WIDTH="41" VPOS="1483" HPOS="1989"/>
<String CONTENT="craftsman," HEIGHT="67" WIDTH="334" VPOS="1464" HPOS="2031"/>
</TextLine>
<TextLine HEIGHT="68" WIDTH="1994" VPOS="1541" HPOS="370">
<String CONTENT="and" HEIGHT="51" WIDTH="112" VPOS="1544" HPOS="370"/>
<SP HEIGHT="54" WIDTH="44" VPOS="1542" HPOS="483"/>
<String CONTENT="California&#8217;s" HEIGHT="54" WIDTH="372" VPOS="1542" HPOS="528"/>
<SP HEIGHT="52" WIDTH="41" VPOS="1542" HPOS="901"/>
<String CONTENT="first" HEIGHT="54" WIDTH="124" VPOS="1541" HPOS="943"/>
<SP HEIGHT="60" WIDTH="42" VPOS="1549" HPOS="1068"/>
<String CONTENT="printer," HEIGHT="66" WIDTH="241" VPOS="1543" HPOS="1111"/>
<SP HEIGHT="65" WIDTH="40" VPOS="1543" HPOS="1353"/>
<String CONTENT="by" HEIGHT="65" WIDTH="75" VPOS="1543" HPOS="1394"/>
<SP HEIGHT="67" WIDTH="42" VPOS="1541" HPOS="1470"/>
<String CONTENT="George" HEIGHT="67" WIDTH="223" VPOS="1541" HPOS="1513"/>
<SP HEIGHT="53" WIDTH="39" VPOS="1542" HPOS="1737"/>
<String CONTENT="L." HEIGHT="52" WIDTH="65" VPOS="1542" HPOS="1777"/>
<SP HEIGHT="53" WIDTH="42" VPOS="1541" HPOS="1843"/>
<String CONTENT="Harding." HEIGHT="67" WIDTH="290" VPOS="1541" HPOS="1886"/>
<SP HEIGHT="52" WIDTH="75" VPOS="1543" HPOS="2177"/>
<String CONTENT="Los" HEIGHT="52" WIDTH="111" VPOS="1543" HPOS="2253"/>
</TextLine>
<TextLine HEIGHT="66" WIDTH="1116" VPOS="1619" HPOS="368">
<String CONTENT="Angeles," HEIGHT="66" WIDTH="264" VPOS="1619" HPOS="368"/>
<SP HEIGHT="65" WIDTH="25" VPOS="1620" HPOS="633"/>
<String CONTENT="The" HEIGHT="52" WIDTH="121" VPOS="1620" HPOS="659"/>
<SP HEIGHT="53" WIDTH="27" VPOS="1619" HPOS="781"/>
<String CONTENT="Zamorano" HEIGHT="54" WIDTH="316" VPOS="1619" HPOS="809"/>
<SP HEIGHT="35" WIDTH="27" VPOS="1638" HPOS="1126"/>
<String CONTENT="club," HEIGHT="64" WIDTH="146" VPOS="1620" HPOS="1154"/>
<SP HEIGHT="62" WIDTH="30" VPOS="1622" HPOS="1301"/>
<String CONTENT="1934." HEIGHT="50" WIDTH="152" VPOS="1622" HPOS="1332"/>
</TextLine>
<TextLine HEIGHT="50" WIDTH="1923" VPOS="1690" HPOS="439" STYLEREFS="StyleId-E3008A6A-135B-4B15-8BAF-0C48B8783338-" CS="1">
<String CONTENT="ix" HEIGHT="38" WIDTH="51" VPOS="1692" HPOS="439"/>
<SP HEIGHT="38" WIDTH="30" VPOS="1702" HPOS="491"/>
<String CONTENT="p.," HEIGHT="38" WIDTH="58" VPOS="1702" HPOS="522"/>
<SP HEIGHT="48" WIDTH="30" VPOS="1691" HPOS="581"/>
<String CONTENT="3" HEIGHT="39" WIDTH="27" VPOS="1691" HPOS="612"/>
<SP HEIGHT="39" WIDTH="31" VPOS="1691" HPOS="640"/>
<String CS="1" CONTENT="l.,"/>
<SP HEIGHT="48" WIDTH="30" VPOS="1690" HPOS="717"/>
<String CONTENT="308" HEIGHT="41" WIDTH="85" VPOS="1690" HPOS="748"/>
<SP HEIGHT="49" WIDTH="31" VPOS="1691" HPOS="834"/>
<String CS="1" CONTENT="p.,"/>
<SP/>
<String CS="1" CONTENT="1"/>
<SP/>
<String CS="1" CONTENT="l."/>
<SP HEIGHT="40" WIDTH="31" VPOS="1691" HPOS="1043"/>
<String CONTENT="incl." HEIGHT="40" WIDTH="110" VPOS="1691" HPOS="1075"/>
<SP HEIGHT="40" WIDTH="30" VPOS="1691" HPOS="1186"/>
<String CONTENT="front." HEIGHT="40" WIDTH="150" VPOS="1691" HPOS="1217"/>
<SP HEIGHT="48" WIDTH="28" VPOS="1691" HPOS="1368"/>
<String CONTENT="(port.)" HEIGHT="49" WIDTH="171" VPOS="1691" HPOS="1397"/>
<SP HEIGHT="48" WIDTH="67" VPOS="1692" HPOS="1569"/>
<String CONTENT="plates," HEIGHT="49" WIDTH="172" VPOS="1691" HPOS="1637"/>
<SP HEIGHT="47" WIDTH="29" VPOS="1691" HPOS="1810"/>
<String CS="1" CONTENT="fold."/>
<SP HEIGHT="30" WIDTH="29" VPOS="1702" HPOS="1959"/>
<String CONTENT="map," HEIGHT="39" WIDTH="125" VPOS="1701" HPOS="1989"/>
<SP HEIGHT="47" WIDTH="31" VPOS="1692" HPOS="2115"/>
<String CONTENT="facsims." HEIGHT="41" WIDTH="215" VPOS="1692" HPOS="2147"/>
</TextLine>
<TextLine HEIGHT="44" WIDTH="146" VPOS="1746" HPOS="366" STYLEREFS="StyleId-487D833B-BE55-4698-AA00-817036787E8B-" CS="1">
<String CS="1" CONTENT="26&#189;" HEIGHT="43" WIDTH="57" VPOS="1746" HPOS="366"/>
<String STYLE="superscript" CONTENT="cm" HEIGHT="21" WIDTH="44" VPOS="1750" HPOS="456"/>
<String CONTENT="." HEIGHT="9" WIDTH="9" VPOS="1781" HPOS="503"/>
</TextLine>
<TextLine HEIGHT="51" WIDTH="654" VPOS="1803" HPOS="440" STYLEREFS="StyleId-E3008A6A-135B-4B15-8BAF-0C48B8783338-" CS="1">
<String CS="1" CONTENT="&#8220;Sources&#8221;:" HEIGHT="41" WIDTH="259" VPOS="1804" HPOS="440"/>
<SP HEIGHT="38" WIDTH="33" VPOS="1815" HPOS="729"/>
<String CONTENT="p." HEIGHT="37" WIDTH="43" VPOS="1816" HPOS="763"/>
<SP HEIGHT="30" WIDTH="37" VPOS="1824" HPOS="807"/>
<String CONTENT="[273]-281." HEIGHT="51" WIDTH="249" VPOS="1803" HPOS="845"/>
</TextLine>
<TextLine HEIGHT="53" WIDTH="1991" VPOS="1857" HPOS="372" STYLEREFS="StyleId-E3008A6A-135B-4B15-8BAF-0C48B8783338-">
<String CONTENT="&#169;" HEIGHT="52" WIDTH="50" VPOS="1857" HPOS="372"/>
<SP HEIGHT="52" WIDTH="26" VPOS="1857" HPOS="423"/>
<String CONTENT="Dec." HEIGHT="38" WIDTH="110" VPOS="1864" HPOS="450"/>
<SP HEIGHT="39" WIDTH="26" VPOS="1863" HPOS="561"/>
<String CONTENT="15," HEIGHT="46" WIDTH="68" VPOS="1863" HPOS="588"/>
<SP HEIGHT="46" WIDTH="26" VPOS="1863" HPOS="657"/>
<String CONTENT="1934;" HEIGHT="47" WIDTH="140" VPOS="1861" HPOS="684"/>
<SP HEIGHT="48" WIDTH="25" VPOS="1860" HPOS="825"/>
<String CONTENT="2c." HEIGHT="41" WIDTH="65" VPOS="1860" HPOS="851"/>
<SP HEIGHT="39" WIDTH="26" VPOS="1862" HPOS="917"/>
<String CONTENT="Jan." HEIGHT="39" WIDTH="107" VPOS="1862" HPOS="944"/>
<SP HEIGHT="37" WIDTH="27" VPOS="1862" HPOS="1052"/>
<String CONTENT="12," HEIGHT="48" WIDTH="69" VPOS="1860" HPOS="1080"/>
<SP HEIGHT="47" WIDTH="26" VPOS="1861" HPOS="1150"/>
<String CONTENT="1935;" HEIGHT="47" WIDTH="139" VPOS="1860" HPOS="1177"/>
<SP HEIGHT="36" WIDTH="28" VPOS="1871" HPOS="1317"/>
<String CONTENT="aff." HEIGHT="40" WIDTH="80" VPOS="1860" HPOS="1346"/>
<SP HEIGHT="39" WIDTH="26" VPOS="1861" HPOS="1427"/>
<String CONTENT="Jan." HEIGHT="39" WIDTH="108" VPOS="1861" HPOS="1454"/>
<SP HEIGHT="38" WIDTH="26" VPOS="1862" HPOS="1563"/>
<String CONTENT="11;" HEIGHT="46" WIDTH="82" VPOS="1862" HPOS="1590"/>
<SP HEIGHT="47" WIDTH="26" VPOS="1861" HPOS="1673"/>
<!-- cceid 83104E6F-6D82-1014-B070-FDFD250A9EDA --><String CONTENT="A" HEIGHT="39" WIDTH="41" VPOS="1861" HPOS="1700"/>
<SP HEIGHT="40" WIDTH="26" VPOS="1861" HPOS="1742"/>
<String CONTENT="79165;" HEIGHT="48" WIDTH="169" VPOS="1860" HPOS="1769"/>
<SP HEIGHT="47" WIDTH="28" VPOS="1861" HPOS="1939"/>
<String CONTENT="G." HEIGHT="40" WIDTH="50" VPOS="1861" HPOS="1968"/>
<SP HEIGHT="38" WIDTH="28" VPOS="1862" HPOS="2019"/>
<String CONTENT="L." HEIGHT="38" WIDTH="49" VPOS="1862" HPOS="2048"/>
<SP HEIGHT="39" WIDTH="28" VPOS="1862" HPOS="2098"/>
<String CONTENT="Harding," HEIGHT="49" WIDTH="236" VPOS="1861" HPOS="2127"/>
</TextLine>
<TextLine HEIGHT="49" WIDTH="768" VPOS="1917" HPOS="438" STYLEREFS="StyleId-E3008A6A-135B-4B15-8BAF-0C48B8783338-">
<String CONTENT="Palo" HEIGHT="38" WIDTH="117" VPOS="1920" HPOS="438"/>
<SP HEIGHT="38" WIDTH="27" VPOS="1920" HPOS="556"/>
<String CONTENT="Alto," HEIGHT="46" WIDTH="125" VPOS="1920" HPOS="584"/>
<SP HEIGHT="47" WIDTH="30" VPOS="1919" HPOS="710"/>
<String CONTENT="Calif." HEIGHT="41" WIDTH="142" VPOS="1918" HPOS="741"/>
<SP HEIGHT="48" WIDTH="70" VPOS="1918" HPOS="884"/>
<String CONTENT="(35-1289)" HEIGHT="49" WIDTH="251" VPOS="1917" HPOS="955"/>
</TextLine>
<TextLine HEIGHT="66" WIDTH="1190" VPOS="1991" HPOS="368" STYLEREFS="StyleId-4DC81F0F-3177-4D0B-93C2-B9BDF1EEF5AF-">
<String CONTENT="Heartman," HEIGHT="63" WIDTH="348" VPOS="1994" HPOS="368"/>
<SP HEIGHT="63" WIDTH="28" VPOS="1994" HPOS="717"/>
<String CONTENT="Charles" HEIGHT="54" WIDTH="244" VPOS="1993" HPOS="746"/>
<SP HEIGHT="52" WIDTH="28" VPOS="1994" HPOS="991"/>
<String CONTENT="Frederick," HEIGHT="63" WIDTH="334" VPOS="1991" HPOS="1020"/>
<SP HEIGHT="55" WIDTH="29" VPOS="1999" HPOS="1355"/>
<String CONTENT="1883-" HEIGHT="51" WIDTH="173" VPOS="1997" HPOS="1385"/>
</TextLine>
<TextLine HEIGHT="149" WIDTH="1973" VPOS="2067" HPOS="366" CS="1">
<String CONTENT="The" HEIGHT="52" WIDTH="122" VPOS="2071" HPOS="437"/>
<SP HEIGHT="53" WIDTH="41" VPOS="2070" HPOS="560"/>
<String CONTENT="New-England" HEIGHT="68" WIDTH="440" VPOS="2070" HPOS="602"/>
<SP HEIGHT="65" WIDTH="40" VPOS="2072" HPOS="1043"/>
<String CONTENT="primer" HEIGHT="67" WIDTH="216" VPOS="2070" HPOS="1084"/>
<SP HEIGHT="52" WIDTH="40" VPOS="2069" HPOS="1301"/>
<String CONTENT="issued" HEIGHT="53" WIDTH="187" VPOS="2069" HPOS="1342"/>
<SP HEIGHT="67" WIDTH="42" VPOS="2070" HPOS="1530"/>
<String CONTENT="prior" HEIGHT="69" WIDTH="160" VPOS="2068" HPOS="1573"/>
<SP HEIGHT="47" WIDTH="39" VPOS="2074" HPOS="1734"/>
<String CONTENT="to" HEIGHT="47" WIDTH="58" VPOS="2074" HPOS="1774"/>
<SP HEIGHT="49" WIDTH="45" VPOS="2072" HPOS="1833"/>
<String CONTENT="1830;" HEIGHT="65" WIDTH="162" VPOS="2071" HPOS="1879"/>
<SP HEIGHT="48" WIDTH="45" VPOS="2088" HPOS="2042"/>
<String CONTENT="a" HEIGHT="33" WIDTH="32" VPOS="2088" HPOS="2088"/>
<SP HEIGHT="54" WIDTH="40" VPOS="2068" HPOS="2121"/>
<String CONTENT="bibliographical" HEIGHT="149" WIDTH="1973" VPOS="2067" HPOS="366"/>
</TextLine>
<TextLine HEIGHT="146" WIDTH="1971" VPOS="2147" HPOS="368" CS="1">
<String CONTENT="check-list" HEIGHT="54" WIDTH="295" VPOS="2147" HPOS="689"/>
<SP HEIGHT="53" WIDTH="22" VPOS="2147" HPOS="985"/>
<String CONTENT="for" HEIGHT="53" WIDTH="93" VPOS="2147" HPOS="1008"/>
<SP HEIGHT="46" WIDTH="21" VPOS="2153" HPOS="1102"/>
<String CONTENT="the" HEIGHT="52" WIDTH="95" VPOS="2147" HPOS="1124"/>
<SP HEIGHT="34" WIDTH="20" VPOS="2165" HPOS="1220"/>
<String CONTENT="more" HEIGHT="36" WIDTH="154" VPOS="2163" HPOS="1241"/>
<SP HEIGHT="34" WIDTH="20" VPOS="2166" HPOS="1396"/>
<String CONTENT="easy" HEIGHT="49" WIDTH="131" VPOS="2165" HPOS="1417"/>
<SP HEIGHT="48" WIDTH="23" VPOS="2166" HPOS="1549"/>
<String CONTENT="attaining" HEIGHT="68" WIDTH="288" VPOS="2147" HPOS="1573"/>
<SP HEIGHT="62" WIDTH="20" VPOS="2153" HPOS="1862"/>
<String CONTENT="the" HEIGHT="50" WIDTH="96" VPOS="2149" HPOS="1883"/>
<SP HEIGHT="47" WIDTH="20" VPOS="2152" HPOS="1980"/>
<String CONTENT="true" HEIGHT="49" WIDTH="128" VPOS="2152" HPOS="2001"/>
<SP HEIGHT="54" WIDTH="19" VPOS="2147" HPOS="2130"/>
<String CONTENT="knowledge" HEIGHT="146" WIDTH="1971" VPOS="2147" HPOS="368"/>
</TextLine>
<TextLine HEIGHT="70" WIDTH="1817" VPOS="2223" HPOS="546">
<String CONTENT="of" HEIGHT="52" WIDTH="64" VPOS="2227" HPOS="546"/>
<SP HEIGHT="52" WIDTH="37" VPOS="2227" HPOS="611"/>
<String CONTENT="this" HEIGHT="52" WIDTH="115" VPOS="2226" HPOS="649"/>
<SP HEIGHT="52" WIDTH="37" VPOS="2226" HPOS="765"/>
<String CONTENT="book." HEIGHT="53" WIDTH="163" VPOS="2225" HPOS="803"/>
<SP HEIGHT="52" WIDTH="74" VPOS="2225" HPOS="967"/>
<String CONTENT="Embellished" HEIGHT="53" WIDTH="389" VPOS="2224" HPOS="1042"/>
<SP HEIGHT="52" WIDTH="39" VPOS="2225" HPOS="1432"/>
<String CONTENT="with" HEIGHT="52" WIDTH="140" VPOS="2225" HPOS="1472"/>
<SP HEIGHT="50" WIDTH="39" VPOS="2226" HPOS="1613"/>
<String CONTENT="thirty-seven" HEIGHT="69" WIDTH="377" VPOS="2223" HPOS="1653"/>
<SP HEIGHT="35" WIDTH="40" VPOS="2242" HPOS="2031"/>
<String CONTENT="cuts," HEIGHT="65" WIDTH="139" VPOS="2228" HPOS="2072"/>
<SP HEIGHT="49" WIDTH="37" VPOS="2244" HPOS="2212"/>
<String CONTENT="and" HEIGHT="53" WIDTH="113" VPOS="2224" HPOS="2250"/>
</TextLine>
<TextLine HEIGHT="71" WIDTH="1995" VPOS="2300" HPOS="368">
<String CONTENT="now" HEIGHT="33" WIDTH="125" VPOS="2322" HPOS="368"/>
<SP HEIGHT="33" WIDTH="42" VPOS="2322" HPOS="494"/>
<String CONTENT="much" HEIGHT="50" WIDTH="167" VPOS="2305" HPOS="537"/>
<SP HEIGHT="50" WIDTH="44" VPOS="2305" HPOS="705"/>
<String CONTENT="revised," HEIGHT="68" WIDTH="238" VPOS="2303" HPOS="750"/>
<SP HEIGHT="49" WIDTH="42" VPOS="2322" HPOS="989"/>
<String CONTENT="greatly" HEIGHT="69" WIDTH="225" VPOS="2302" HPOS="1032"/>
<SP HEIGHT="71" WIDTH="41" VPOS="2300" HPOS="1258"/>
<String CONTENT="improved," HEIGHT="71" WIDTH="316" VPOS="2300" HPOS="1300"/>
<SP HEIGHT="49" WIDTH="42" VPOS="2322" HPOS="1617"/>
<String CONTENT="and" HEIGHT="52" WIDTH="113" VPOS="2304" HPOS="1660"/>
<SP HEIGHT="52" WIDTH="43" VPOS="2304" HPOS="1774"/>
<String CONTENT="arranged" HEIGHT="68" WIDTH="283" VPOS="2303" HPOS="1818"/>
<SP HEIGHT="55" WIDTH="42" VPOS="2300" HPOS="2102"/>
<String CONTENT="in" HEIGHT="55" WIDTH="60" VPOS="2300" HPOS="2145"/>
<SP HEIGHT="46" WIDTH="43" VPOS="2309" HPOS="2206"/>
<String CONTENT="two" HEIGHT="46" WIDTH="113" VPOS="2309" HPOS="2250"/>
</TextLine>
<TextLine HEIGHT="70" WIDTH="1997" VPOS="2379" HPOS="367">
<String CONTENT="alphabets." HEIGHT="67" WIDTH="312" VPOS="2381" HPOS="367"/>
<SP HEIGHT="51" WIDTH="74" VPOS="2382" HPOS="680"/>
<String CONTENT="Printed" HEIGHT="54" WIDTH="243" VPOS="2380" HPOS="755"/>
<SP HEIGHT="52" WIDTH="39" VPOS="2382" HPOS="999"/>
<String CONTENT="with" HEIGHT="52" WIDTH="140" VPOS="2381" HPOS="1039"/>
<SP HEIGHT="66" WIDTH="41" VPOS="2383" HPOS="1180"/>
<String CONTENT="preface," HEIGHT="70" WIDTH="249" VPOS="2379" HPOS="1222"/>
<SP HEIGHT="68" WIDTH="37" VPOS="2380" HPOS="1472"/>
<String CONTENT="introduction," HEIGHT="69" WIDTH="408" VPOS="2379" HPOS="1510"/>
<SP HEIGHT="50" WIDTH="40" VPOS="2398" HPOS="1919"/>
<String CONTENT="and" HEIGHT="52" WIDTH="114" VPOS="2381" HPOS="1960"/>
<SP HEIGHT="53" WIDTH="38" VPOS="2380" HPOS="2075"/>
<String CONTENT="indexes," HEIGHT="67" WIDTH="250" VPOS="2380" HPOS="2114"/>
</TextLine>
<TextLine HEIGHT="70" WIDTH="1991" VPOS="2456" HPOS="369" CS="1">
<String CONTENT="compiled" HEIGHT="67" WIDTH="281" VPOS="2459" HPOS="369"/>
<SP HEIGHT="52" WIDTH="49" VPOS="2459" HPOS="651"/>
<String CONTENT="by" HEIGHT="65" WIDTH="75" VPOS="2459" HPOS="701"/>
<SP HEIGHT="66" WIDTH="52" VPOS="2458" HPOS="777"/>
<String CONTENT="Charles" HEIGHT="55" WIDTH="234" VPOS="2458" HPOS="830"/>
<SP HEIGHT="53" WIDTH="51" VPOS="2459" HPOS="1065"/>
<String CONTENT="F." HEIGHT="52" WIDTH="66" VPOS="2459" HPOS="1117"/>
<SP HEIGHT="53" WIDTH="49" VPOS="2458" HPOS="1184"/>
<String CONTENT="Heartman" HEIGHT="52" WIDTH="321" VPOS="2458" HPOS="1234"/>
<SP HEIGHT="33" WIDTH="56" VPOS="2477" HPOS="1556"/>
<String CS="1" CONTENT="&#8230;"/>
<SP HEIGHT="52" WIDTH="77" VPOS="2458" HPOS="1670"/>
<String CONTENT="New" HEIGHT="53" WIDTH="139" VPOS="2458" HPOS="1748"/>
<SP HEIGHT="55" WIDTH="50" VPOS="2456" HPOS="1888"/>
<String CONTENT="York," HEIGHT="69" WIDTH="181" VPOS="2456" HPOS="1939"/>
<SP HEIGHT="69" WIDTH="48" VPOS="2456" HPOS="2121"/>
<String CONTENT="R." HEIGHT="54" WIDTH="69" VPOS="2456" HPOS="2170"/>
<SP HEIGHT="52" WIDTH="50" VPOS="2459" HPOS="2240"/>
<String CONTENT="R." HEIGHT="52" WIDTH="69" VPOS="2459" HPOS="2291"/>
</TextLine>
<TextLine HEIGHT="68" WIDTH="756" VPOS="2536" HPOS="370">
<String CONTENT="Bowker" HEIGHT="52" WIDTH="238" VPOS="2536" HPOS="370"/>
<SP HEIGHT="33" WIDTH="33" VPOS="2556" HPOS="609"/>
<String CONTENT="company," HEIGHT="49" WIDTH="297" VPOS="2555" HPOS="643"/>
<SP HEIGHT="63" WIDTH="32" VPOS="2541" HPOS="941"/>
<String CONTENT="1934." HEIGHT="51" WIDTH="152" VPOS="2539" HPOS="974"/>
</TextLine>
<TextLine HEIGHT="50" WIDTH="1495" VPOS="2609" HPOS="437" STYLEREFS="StyleId-E3008A6A-135B-4B15-8BAF-0C48B8783338-" CS="1">
<String CONTENT="xxviii," HEIGHT="47" WIDTH="168" VPOS="2610" HPOS="437"/>
<SP HEIGHT="46" WIDTH="26" VPOS="2611" HPOS="606"/>
<String CONTENT="148" HEIGHT="40" WIDTH="84" VPOS="2611" HPOS="633"/>
<SP HEIGHT="48" WIDTH="21" VPOS="2611" HPOS="718"/>
<String CS="1" CONTENT="p.,"/>
<SP/>
<String CS="1" CONTENT="1"/>
<SP/>
<String CS="1" CONTENT="l."/>
<SP HEIGHT="38" WIDTH="26" VPOS="2611" HPOS="907"/>
<String CONTENT="incl." HEIGHT="42" WIDTH="109" VPOS="2611" HPOS="934"/>
<SP HEIGHT="32" WIDTH="24" VPOS="2621" HPOS="1044"/>
<String CONTENT="mounted" HEIGHT="40" WIDTH="229" VPOS="2611" HPOS="1069"/>
<SP HEIGHT="40" WIDTH="24" VPOS="2610" HPOS="1299"/>
<String CONTENT="front.," HEIGHT="49" WIDTH="164" VPOS="2610" HPOS="1324"/>
<SP HEIGHT="49" WIDTH="24" VPOS="2610" HPOS="1489"/>
<String CONTENT="facsims." HEIGHT="42" WIDTH="217" VPOS="2609" HPOS="1514"/>
<SP HEIGHT="41" WIDTH="52" VPOS="2610" HPOS="1732"/>
<String CS="1" CONTENT="25&#189;" HEIGHT="40" WIDTH="56" VPOS="2610" HPOS="1785"/>
<String STYLE="superscript" CONTENT="cm" HEIGHT="21" WIDTH="45" VPOS="2612" HPOS="1873"/>
<String CONTENT="." HEIGHT="9" WIDTH="9" VPOS="2642" HPOS="1923"/>
</TextLine>
<TextLine HEIGHT="51" WIDTH="1921" VPOS="2664" HPOS="439" STYLEREFS="StyleId-E3008A6A-135B-4B15-8BAF-0C48B8783338-">
<String CONTENT="&#8220;Three" HEIGHT="39" WIDTH="182" VPOS="2667" HPOS="439"/>
<SP HEIGHT="39" WIDTH="35" VPOS="2667" HPOS="622"/>
<String CONTENT="hundred" HEIGHT="40" WIDTH="220" VPOS="2667" HPOS="658"/>
<SP HEIGHT="39" WIDTH="38" VPOS="2668" HPOS="879"/>
<String CONTENT="copies" HEIGHT="48" WIDTH="159" VPOS="2667" HPOS="918"/>
<SP HEIGHT="40" WIDTH="35" VPOS="2667" HPOS="1078"/>
<String CONTENT="for" HEIGHT="40" WIDTH="78" VPOS="2667" HPOS="1114"/>
<SP HEIGHT="30" WIDTH="38" VPOS="2677" HPOS="1193"/>
<String CONTENT="sale" HEIGHT="39" WIDTH="102" VPOS="2668" HPOS="1232"/>
<SP HEIGHT="39" WIDTH="35" VPOS="2668" HPOS="1335"/>
<String CONTENT="have" HEIGHT="39" WIDTH="125" VPOS="2668" HPOS="1371"/>
<SP HEIGHT="40" WIDTH="37" VPOS="2667" HPOS="1497"/>
<String CONTENT="been" HEIGHT="40" WIDTH="118" VPOS="2667" HPOS="1535"/>
<SP HEIGHT="37" WIDTH="36" VPOS="2678" HPOS="1654"/>
<String CONTENT="printed" HEIGHT="49" WIDTH="193" VPOS="2666" HPOS="1691"/>
<SP HEIGHT="40" WIDTH="36" VPOS="2667" HPOS="1885"/>
<String CONTENT="by" HEIGHT="47" WIDTH="62" VPOS="2667" HPOS="1922"/>
<SP HEIGHT="45" WIDTH="36" VPOS="2669" HPOS="1985"/>
<String CONTENT="the" HEIGHT="41" WIDTH="82" VPOS="2667" HPOS="2022"/>
<SP HEIGHT="40" WIDTH="37" VPOS="2667" HPOS="2105"/>
<String CONTENT="Walpole" HEIGHT="50" WIDTH="217" VPOS="2664" HPOS="2143"/>
</TextLine>
<TextLine HEIGHT="49" WIDTH="1744" VPOS="2722" HPOS="370" STYLEREFS="StyleId-E3008A6A-135B-4B15-8BAF-0C48B8783338-">
<String CONTENT="printing" HEIGHT="49" WIDTH="214" VPOS="2722" HPOS="370"/>
<SP HEIGHT="37" WIDTH="26" VPOS="2734" HPOS="585"/>
<String CONTENT="office," HEIGHT="47" WIDTH="143" VPOS="2724" HPOS="612"/>
<SP HEIGHT="47" WIDTH="27" VPOS="2724" HPOS="756"/>
<String CONTENT="New" HEIGHT="39" WIDTH="118" VPOS="2724" HPOS="784"/>
<SP HEIGHT="39" WIDTH="26" VPOS="2724" HPOS="903"/>
<String CONTENT="Rochelle," HEIGHT="45" WIDTH="241" VPOS="2724" HPOS="930"/>
<SP HEIGHT="45" WIDTH="28" VPOS="2724" HPOS="1172"/>
<String CONTENT="N." HEIGHT="41" WIDTH="57" VPOS="2724" HPOS="1201"/>
<SP HEIGHT="41" WIDTH="27" VPOS="2724" HPOS="1259"/>
<String CONTENT="Y.&#8221;" HEIGHT="40" WIDTH="83" VPOS="2722" HPOS="1287"/>
<SP HEIGHT="40" WIDTH="57" VPOS="2722" HPOS="1371"/>
<String CONTENT="This" HEIGHT="40" WIDTH="117" VPOS="2723" HPOS="1429"/>
<SP HEIGHT="30" WIDTH="28" VPOS="2733" HPOS="1547"/>
<String CONTENT="copy" HEIGHT="38" WIDTH="118" VPOS="2733" HPOS="1576"/>
<SP HEIGHT="37" WIDTH="27" VPOS="2734" HPOS="1695"/>
<String CONTENT="not" HEIGHT="38" WIDTH="85" VPOS="2725" HPOS="1723"/>
<SP HEIGHT="38" WIDTH="25" VPOS="2725" HPOS="1809"/>
<String CONTENT="numbered." HEIGHT="40" WIDTH="279" VPOS="2723" HPOS="1835"/>
</TextLine>
<TextLine HEIGHT="41" WIDTH="434" VPOS="2779" HPOS="438" STYLEREFS="StyleId-E3008A6A-135B-4B15-8BAF-0C48B8783338-">
<String CONTENT="&#8220;Third" HEIGHT="40" WIDTH="178" VPOS="2779" HPOS="438"/>
<SP HEIGHT="39" WIDTH="29" VPOS="2780" HPOS="617"/>
<String CONTENT="edition.&#8221;" HEIGHT="41" WIDTH="225" VPOS="2779" HPOS="647"/>
</TextLine>
<TextLine HEIGHT="52" WIDTH="1987" VPOS="2831" HPOS="372" STYLEREFS="StyleId-E3008A6A-135B-4B15-8BAF-0C48B8783338-">
<String CONTENT="&#169;" HEIGHT="51" WIDTH="52" VPOS="2831" HPOS="372"/>
<SP HEIGHT="51" WIDTH="35" VPOS="2831" HPOS="425"/>
<String CONTENT="Dec." HEIGHT="39" WIDTH="110" VPOS="2837" HPOS="461"/>
<SP HEIGHT="39" WIDTH="36" VPOS="2836" HPOS="572"/>
<String CONTENT="21," HEIGHT="47" WIDTH="69" VPOS="2836" HPOS="609"/>
<SP HEIGHT="46" WIDTH="36" VPOS="2837" HPOS="679"/>
<String CONTENT="1934;" HEIGHT="46" WIDTH="140" VPOS="2836" HPOS="716"/>
<SP HEIGHT="45" WIDTH="39" VPOS="2837" HPOS="857"/>
<String CONTENT="2c." HEIGHT="39" WIDTH="65" VPOS="2837" HPOS="897"/>
<SP HEIGHT="39" WIDTH="39" VPOS="2837" HPOS="963"/>
<String CONTENT="Jan." HEIGHT="39" WIDTH="107" VPOS="2837" HPOS="1003"/>
<SP HEIGHT="37" WIDTH="38" VPOS="2838" HPOS="1111"/>
<String CONTENT="4," HEIGHT="45" WIDTH="40" VPOS="2838" HPOS="1150"/>
<SP HEIGHT="46" WIDTH="38" VPOS="2837" HPOS="1191"/>
<String CONTENT="1935;" HEIGHT="48" WIDTH="140" VPOS="2835" HPOS="1230"/>
<SP HEIGHT="37" WIDTH="39" VPOS="2846" HPOS="1371"/>
<String CONTENT="aff." HEIGHT="40" WIDTH="82" VPOS="2835" HPOS="1411"/>
<SP HEIGHT="38" WIDTH="38" VPOS="2837" HPOS="1494"/>
<String CONTENT="Feb." HEIGHT="39" WIDTH="108" VPOS="2837" HPOS="1533"/>
<SP HEIGHT="38" WIDTH="37" VPOS="2837" HPOS="1642"/>
<String CONTENT="4;" HEIGHT="46" WIDTH="54" VPOS="2837" HPOS="1680"/>
<SP HEIGHT="47" WIDTH="38" VPOS="2836" HPOS="1735"/>
<!-- cceid 83111629-6D82-1014-B070-FDFD250A9EDA --><String CONTENT="A" HEIGHT="39" WIDTH="41" VPOS="2836" HPOS="1774"/>
<SP HEIGHT="40" WIDTH="37" VPOS="2836" HPOS="1816"/>
<String CONTENT="80637;" HEIGHT="47" WIDTH="169" VPOS="2835" HPOS="1854"/>
<SP HEIGHT="48" WIDTH="43" VPOS="2834" HPOS="2024"/>
<String CONTENT="Charles" HEIGHT="41" WIDTH="202" VPOS="2834" HPOS="2068"/>
<SP HEIGHT="40" WIDTH="37" VPOS="2835" HPOS="2271"/>
<String CONTENT="F." HEIGHT="39" WIDTH="50" VPOS="2835" HPOS="2309"/>
</TextLine>
<TextLine HEIGHT="49" WIDTH="1078" VPOS="2892" HPOS="436" STYLEREFS="StyleId-E3008A6A-135B-4B15-8BAF-0C48B8783338-">
<String CONTENT="Heartman," HEIGHT="46" WIDTH="284" VPOS="2893" HPOS="436"/>
<SP HEIGHT="45" WIDTH="33" VPOS="2894" HPOS="721"/>
<String CONTENT="Metuchen," HEIGHT="45" WIDTH="270" VPOS="2894" HPOS="755"/>
<SP HEIGHT="45" WIDTH="33" VPOS="2894" HPOS="1026"/>
<String CONTENT="N." HEIGHT="38" WIDTH="54" VPOS="2894" HPOS="1060"/>
<SP HEIGHT="39" WIDTH="35" VPOS="2894" HPOS="1115"/>
<String CONTENT="J." HEIGHT="39" WIDTH="41" VPOS="2894" HPOS="1151"/>
<SP HEIGHT="47" WIDTH="69" VPOS="2894" HPOS="1193"/>
<String CONTENT="(35-1211)" HEIGHT="49" WIDTH="251" VPOS="2892" HPOS="1263"/>
</TextLine>
<TextLine HEIGHT="65" WIDTH="639" VPOS="2967" HPOS="365" STYLEREFS="StyleId-4DC81F0F-3177-4D0B-93C2-B9BDF1EEF5AF-">
<String CONTENT="Heffter," HEIGHT="64" WIDTH="251" VPOS="2967" HPOS="365"/>
<SP HEIGHT="63" WIDTH="26" VPOS="2968" HPOS="617"/>
<String CONTENT="Arthur," HEIGHT="64" WIDTH="249" VPOS="2968" HPOS="644"/>
<SP HEIGHT="46" WIDTH="26" VPOS="2986" HPOS="894"/>
<String CONTENT="ed." HEIGHT="52" WIDTH="83" VPOS="2969" HPOS="921"/>
</TextLine>
<TextLine HEIGHT="70" WIDTH="1930" VPOS="3042" HPOS="431">
<String CONTENT="Handbuch" HEIGHT="51" WIDTH="325" VPOS="3044" HPOS="431"/>
<SP HEIGHT="51" WIDTH="51" VPOS="3045" HPOS="757"/>
<String CONTENT="der" HEIGHT="51" WIDTH="100" VPOS="3045" HPOS="809"/>
<SP HEIGHT="33" WIDTH="50" VPOS="3064" HPOS="910"/>
<String CONTENT="experimentellen" HEIGHT="69" WIDTH="497" VPOS="3043" HPOS="961"/>
<SP HEIGHT="48" WIDTH="51" VPOS="3063" HPOS="1459"/>
<String CONTENT="pharmakologie," HEIGHT="67" WIDTH="486" VPOS="3044" HPOS="1511"/>
<SP HEIGHT="67" WIDTH="49" VPOS="3044" HPOS="1998"/>
<String CONTENT="bearbeitet" HEIGHT="54" WIDTH="313" VPOS="3042" HPOS="2048"/>
</TextLine>
<TextLine HEIGHT="72" WIDTH="1966" VPOS="3117" HPOS="364" CS="1">
<String CONTENT="von" HEIGHT="33" WIDTH="108" VPOS="3138" HPOS="364"/>
<SP HEIGHT="49" WIDTH="31" VPOS="3124" HPOS="473"/>
<String CONTENT="B." HEIGHT="49" WIDTH="66" VPOS="3124" HPOS="505"/>
<SP HEIGHT="51" WIDTH="32" VPOS="3122" HPOS="572"/>
<String CONTENT="Behrens" HEIGHT="52" WIDTH="252" VPOS="3122" HPOS="605"/>
<SP HEIGHT="33" WIDTH="34" VPOS="3141" HPOS="858"/>
<String CS="1" CONTENT="&#8230;"/>
<SP HEIGHT="53" WIDTH="34" VPOS="3125" HPOS="948"/>
<String CONTENT="W." HEIGHT="53" WIDTH="88" VPOS="3125" HPOS="983"/>
<SP HEIGHT="50" WIDTH="32" VPOS="3125" HPOS="1072"/>
<String CONTENT="Blume" HEIGHT="52" WIDTH="203" VPOS="3123" HPOS="1105"/>
<SP HEIGHT="33" WIDTH="35" VPOS="3142" HPOS="1309"/>
<String CS="1" CONTENT="&#8230;"/>
<SP HEIGHT="33" WIDTH="42" VPOS="3156" HPOS="1400"/>
<String CS="1" CONTENT="[u." HEIGHT="32" WIDTH="53" VPOS="3141" HPOS="1460"/>
<SP HEIGHT="33" WIDTH="32" VPOS="3141" HPOS="1514"/>
<String CONTENT="a.]" HEIGHT="48" WIDTH="66" VPOS="3141" HPOS="1547"/>
<SP HEIGHT="66" WIDTH="34" VPOS="3123" HPOS="1614"/>
<String CONTENT="hrsg." HEIGHT="66" WIDTH="153" VPOS="3123" HPOS="1649"/>
<SP HEIGHT="32" WIDTH="28" VPOS="3141" HPOS="1803"/>
<String CONTENT="von" HEIGHT="34" WIDTH="111" VPOS="3140" HPOS="1832"/>
<SP HEIGHT="51" WIDTH="28" VPOS="3122" HPOS="1944"/>
<String CONTENT="A." HEIGHT="51" WIDTH="69" VPOS="3122" HPOS="1973"/>
<SP HEIGHT="51" WIDTH="33" VPOS="3122" HPOS="2043"/>
<String CONTENT="Heffter" HEIGHT="56" WIDTH="231" VPOS="3117" HPOS="2077"/>
<SP HEIGHT="65" WIDTH="21" VPOS="3122" HPOS="2309"/>
<String CS="1" CONTENT="&#8224;"/>
</TextLine>
<TextLine HEIGHT="69" WIDTH="1925" VPOS="3197" HPOS="427" CS="1">
<String CS="1" CONTENT="&#8230;"/>
<SP HEIGHT="51" WIDTH="50" VPOS="3198" HPOS="427"/>
<String CS="1" CONTENT="fortgef&#252;hrt" HEIGHT="68" WIDTH="362" VPOS="3198" HPOS="478"/>
<SP HEIGHT="46" WIDTH="42" VPOS="3205" HPOS="841"/>
<String CONTENT="von" HEIGHT="33" WIDTH="109" VPOS="3218" HPOS="884"/>
<SP HEIGHT="53" WIDTH="40" VPOS="3204" HPOS="994"/>
<String CONTENT="W." HEIGHT="53" WIDTH="90" VPOS="3204" HPOS="1035"/>
<SP HEIGHT="50" WIDTH="43" VPOS="3203" HPOS="1126"/>
<String CONTENT="Heubner" HEIGHT="52" WIDTH="272" VPOS="3201" HPOS="1170"/>
<SP HEIGHT="33" WIDTH="49" VPOS="3219" HPOS="1443"/>
<String CS="1" CONTENT="&#8230;"/>
<SP/>
<String CONTENT="3." HEIGHT="48" WIDTH="47" VPOS="3204" HPOS="1633"/>
<SP HEIGHT="51" WIDTH="44" VPOS="3201" HPOS="1681"/>
<String CONTENT="bd." HEIGHT="54" WIDTH="93" VPOS="3200" HPOS="1726"/>
<SP HEIGHT="51" WIDTH="77" VPOS="3203" HPOS="1820"/>
<String CONTENT="3." HEIGHT="48" WIDTH="46" VPOS="3203" HPOS="1898"/>
<SP HEIGHT="46" WIDTH="45" VPOS="3205" HPOS="1945"/>
<String CONTENT="t." HEIGHT="46" WIDTH="37" VPOS="3205" HPOS="1991"/>
<SP HEIGHT="55" WIDTH="84" VPOS="3197" HPOS="2029"/>
<String CONTENT="Chrom;" HEIGHT="67" WIDTH="238" VPOS="3197" HPOS="2114"/>
</TextLine>
<TextLine HEIGHT="69" WIDTH="1995" VPOS="3275" HPOS="362" CS="1">
<String CONTENT="metalle" HEIGHT="54" WIDTH="225" VPOS="3275" HPOS="362"/>
<SP HEIGHT="51" WIDTH="26" VPOS="3278" HPOS="588"/>
<String CONTENT="der" HEIGHT="51" WIDTH="99" VPOS="3278" HPOS="615"/>
<SP HEIGHT="32" WIDTH="24" VPOS="3297" HPOS="715"/>
<String CS="1" CONTENT="erds&#228;uren" HEIGHT="52" WIDTH="304" VPOS="3278" HPOS="740"/>
<SP HEIGHT="63" WIDTH="37" VPOS="3281" HPOS="1045"/>
<String CONTENT="(vanadium," HEIGHT="65" WIDTH="354" VPOS="3279" HPOS="1083"/>
<SP HEIGHT="46" WIDTH="24" VPOS="3298" HPOS="1438"/>
<String CONTENT="niobium," HEIGHT="64" WIDTH="272" VPOS="3279" HPOS="1463"/>
<SP HEIGHT="59" WIDTH="24" VPOS="3284" HPOS="1736"/>
<String CONTENT="tantal)" HEIGHT="67" WIDTH="212" VPOS="3277" HPOS="1761"/>
<SP HEIGHT="67" WIDTH="42" VPOS="3277" HPOS="1974"/>
<String CS="1" CONTENT="&#8230;"/>
<SP HEIGHT="50" WIDTH="65" VPOS="3278" HPOS="2074"/>
<String CONTENT="Berlin," HEIGHT="67" WIDTH="217" VPOS="3276" HPOS="2140"/>
</TextLine>
<TextLine HEIGHT="68" WIDTH="555" VPOS="3353" HPOS="363">
<String CONTENT="J." HEIGHT="52" WIDTH="55" VPOS="3355" HPOS="363"/>
<SP HEIGHT="53" WIDTH="29" VPOS="3353" HPOS="419"/>
<String CONTENT="Springer," HEIGHT="68" WIDTH="294" VPOS="3353" HPOS="449"/>
<SP HEIGHT="62" WIDTH="24" VPOS="3359" HPOS="744"/>
<String CONTENT="1934." HEIGHT="53" WIDTH="149" VPOS="3358" HPOS="769"/>
</TextLine>
<TextLine HEIGHT="50" WIDTH="1458" VPOS="3426" HPOS="433" STYLEREFS="StyleId-E3008A6A-135B-4B15-8BAF-0C48B8783338-" CS="1">
<String CONTENT="x," HEIGHT="35" WIDTH="44" VPOS="3437" HPOS="433"/>
<SP HEIGHT="28" WIDTH="28" VPOS="3446" HPOS="478"/>
<String CONTENT="[1503]-2188" HEIGHT="48" WIDTH="295" VPOS="3426" HPOS="507"/>
<SP HEIGHT="47" WIDTH="22" VPOS="3428" HPOS="803"/>
<String CONTENT="p." HEIGHT="36" WIDTH="40" VPOS="3439" HPOS="826"/>
<SP HEIGHT="37" WIDTH="58" VPOS="3429" HPOS="867"/>
<String CONTENT="illus." HEIGHT="39" WIDTH="125" VPOS="3429" HPOS="926"/>
<SP HEIGHT="48" WIDTH="28" VPOS="3427" HPOS="1052"/>
<String CONTENT="(part" HEIGHT="49" WIDTH="138" VPOS="3427" HPOS="1081"/>
<SP HEIGHT="38" WIDTH="23" VPOS="3431" HPOS="1220"/>
<String CONTENT="col.)" HEIGHT="47" WIDTH="111" VPOS="3429" HPOS="1244"/>
<SP HEIGHT="47" WIDTH="38" VPOS="3429" HPOS="1356"/>
<String CONTENT="tables," HEIGHT="47" WIDTH="168" VPOS="3429" HPOS="1395"/>
<SP HEIGHT="46" WIDTH="31" VPOS="3430" HPOS="1564"/>
<String CONTENT="diagrs." HEIGHT="48" WIDTH="176" VPOS="3428" HPOS="1596"/>
<SP HEIGHT="40" WIDTH="58" VPOS="3427" HPOS="1773"/>
<String CS="1" CONTENT="25&#189;cm." HEIGHT="40" WIDTH="59" VPOS="3427" HPOS="1832"/>
</TextLine>
<TextLine HEIGHT="49" WIDTH="966" VPOS="3483" HPOS="435" STYLEREFS="StyleId-E3008A6A-135B-4B15-8BAF-0C48B8783338-">
<String CONTENT="Contains" HEIGHT="39" WIDTH="231" VPOS="3483" HPOS="435"/>
<SP HEIGHT="38" WIDTH="29" VPOS="3484" HPOS="667"/>
<String CONTENT="bibliographical" HEIGHT="49" WIDTH="399" VPOS="3483" HPOS="697"/>
<SP HEIGHT="38" WIDTH="28" VPOS="3486" HPOS="1097"/>
<String CONTENT="foot-notes." HEIGHT="40" WIDTH="275" VPOS="3486" HPOS="1126"/>
</TextLine>
<TextLine HEIGHT="54" WIDTH="1983" VPOS="3534" HPOS="367" STYLEREFS="StyleId-E3008A6A-135B-4B15-8BAF-0C48B8783338-" CS="1">
<String CONTENT="&#169;" HEIGHT="52" WIDTH="50" VPOS="3534" HPOS="367"/>
<SP HEIGHT="52" WIDTH="32" VPOS="3534" HPOS="418"/>
<String CONTENT="Sept." HEIGHT="46" WIDTH="124" VPOS="3540" HPOS="451"/>
<SP HEIGHT="39" WIDTH="28" VPOS="3538" HPOS="576"/>
<String CONTENT="28," HEIGHT="47" WIDTH="68" VPOS="3538" HPOS="605"/>
<SP HEIGHT="45" WIDTH="28" VPOS="3540" HPOS="674"/>
<String CONTENT="1934;" HEIGHT="47" WIDTH="139" VPOS="3538" HPOS="703"/>
<SP/>
<String CS="1" CONTENT="1c."/>
<SP/>
<String CONTENT="Jan." HEIGHT="39" WIDTH="107" VPOS="3541" HPOS="969"/>
<SP HEIGHT="38" WIDTH="28" VPOS="3541" HPOS="1077"/>
<String CONTENT="21." HEIGHT="42" WIDTH="68" VPOS="3541" HPOS="1106"/>
<SP HEIGHT="40" WIDTH="28" VPOS="3543" HPOS="1175"/>
<String CONTENT="1935;" HEIGHT="47" WIDTH="139" VPOS="3541" HPOS="1204"/>
<SP HEIGHT="45" WIDTH="30" VPOS="3543" HPOS="1344"/>
<!-- cceid 8311E440-6D82-1014-B070-FDFD250A9EDA --><String CONTENT="A-Foreign" HEIGHT="48" WIDTH="309" VPOS="3540" HPOS="1375"/>
<SP HEIGHT="40" WIDTH="25" VPOS="3540" HPOS="1685"/>
<String CONTENT="26704;" HEIGHT="45" WIDTH="170" VPOS="3540" HPOS="1711"/>
<SP HEIGHT="45" WIDTH="32" VPOS="3540" HPOS="1882"/>
<String CONTENT="Julius" HEIGHT="42" WIDTH="167" VPOS="3537" HPOS="1915"/>
<SP HEIGHT="41" WIDTH="27" VPOS="3537" HPOS="2083"/>
<String CONTENT="Springer." HEIGHT="49" WIDTH="239" VPOS="3537" HPOS="2111"/>
</TextLine>
<TextLine HEIGHT="67" WIDTH="1286" VPOS="3654" HPOS="363" STYLEREFS="StyleId-4DC81F0F-3177-4D0B-93C2-B9BDF1EEF5AF-">
<String CONTENT="Hill," HEIGHT="66" WIDTH="134" VPOS="3654" HPOS="363"/>
<SP HEIGHT="63" WIDTH="27" VPOS="3657" HPOS="498"/>
<String CONTENT="Norman" HEIGHT="51" WIDTH="264" VPOS="3657" HPOS="526"/>
<SP HEIGHT="51" WIDTH="28" VPOS="3657" HPOS="791"/>
<String CONTENT="Llewellyn," HEIGHT="67" WIDTH="331" VPOS="3654" HPOS="820"/>
<SP HEIGHT="57" WIDTH="31" VPOS="3664" HPOS="1152"/>
<String CONTENT="1895-" HEIGHT="49" WIDTH="170" VPOS="3664" HPOS="1184"/>
<SP HEIGHT="35" WIDTH="209" VPOS="3677" HPOS="1355"/>
<String CONTENT="ed." HEIGHT="53" WIDTH="84" VPOS="3659" HPOS="1565"/>
</TextLine>
<TextLine HEIGHT="71" WIDTH="1919" VPOS="3730" HPOS="431">
<String CONTENT="The" HEIGHT="51" WIDTH="120" VPOS="3733" HPOS="431"/>
<SP HEIGHT="52" WIDTH="41" VPOS="3732" HPOS="552"/>
<String CONTENT="background" HEIGHT="68" WIDTH="368" VPOS="3730" HPOS="594"/>
<SP HEIGHT="54" WIDTH="39" VPOS="3732" HPOS="963"/>
<String CONTENT="of" HEIGHT="53" WIDTH="64" VPOS="3733" HPOS="1003"/>
<SP HEIGHT="52" WIDTH="40" VPOS="3733" HPOS="1068"/>
<String CONTENT="European" HEIGHT="68" WIDTH="308" VPOS="3733" HPOS="1109"/>
<SP HEIGHT="48" WIDTH="38" VPOS="3753" HPOS="1418"/>
<String CONTENT="governments;" HEIGHT="63" WIDTH="427" VPOS="3738" HPOS="1457"/>
<SP HEIGHT="47" WIDTH="42" VPOS="3751" HPOS="1885"/>
<String CONTENT="readings" HEIGHT="65" WIDTH="266" VPOS="3733" HPOS="1928"/>
<SP HEIGHT="34" WIDTH="42" VPOS="3751" HPOS="2195"/>
<String CONTENT="and" HEIGHT="53" WIDTH="112" VPOS="3731" HPOS="2238"/>
</TextLine>
<TextLine HEIGHT="69" WIDTH="1987" VPOS="3808" HPOS="363">
<String CONTENT="materials" HEIGHT="52" WIDTH="287" VPOS="3808" HPOS="363"/>
<SP HEIGHT="33" WIDTH="46" VPOS="3827" HPOS="651"/>
<String CONTENT="on" HEIGHT="33" WIDTH="71" VPOS="3827" HPOS="698"/>
<SP HEIGHT="47" WIDTH="47" VPOS="3814" HPOS="770"/>
<String CONTENT="the" HEIGHT="52" WIDTH="95" VPOS="3809" HPOS="818"/>
<SP HEIGHT="33" WIDTH="46" VPOS="3827" HPOS="914"/>
<String CONTENT="organization" HEIGHT="65" WIDTH="395" VPOS="3810" HPOS="961"/>
<SP HEIGHT="34" WIDTH="47" VPOS="3829" HPOS="1357"/>
<String CONTENT="and" HEIGHT="52" WIDTH="113" VPOS="3811" HPOS="1405"/>
<SP HEIGHT="53" WIDTH="46" VPOS="3811" HPOS="1519"/>
<String CONTENT="operation" HEIGHT="66" WIDTH="296" VPOS="3811" HPOS="1566"/>
<SP HEIGHT="33" WIDTH="47" VPOS="3829" HPOS="1863"/>
<String CONTENT="of" HEIGHT="53" WIDTH="62" VPOS="3809" HPOS="1911"/>
<SP HEIGHT="52" WIDTH="46" VPOS="3809" HPOS="1974"/>
<String CONTENT="the" HEIGHT="52" WIDTH="96" VPOS="3810" HPOS="2021"/>
<SP HEIGHT="35" WIDTH="46" VPOS="3827" HPOS="2118"/>
<String CONTENT="major" HEIGHT="65" WIDTH="185" VPOS="3808" HPOS="2165"/>
</TextLine>
<TextLine HEIGHT="67" WIDTH="1985" VPOS="3884" HPOS="362" CS="1">
<String CONTENT="governments" HEIGHT="59" WIDTH="393" VPOS="3890" HPOS="362"/>
<SP HEIGHT="34" WIDTH="26" VPOS="3903" HPOS="756"/>
<String CONTENT="of" HEIGHT="53" WIDTH="62" VPOS="3884" HPOS="783"/>
<SP HEIGHT="52" WIDTH="25" VPOS="3884" HPOS="846"/>
<String CONTENT="Europe," HEIGHT="65" WIDTH="248" VPOS="3885" HPOS="872"/>
<SP HEIGHT="64" WIDTH="23" VPOS="3886" HPOS="1121"/>
<String CONTENT="by" HEIGHT="65" WIDTH="76" VPOS="3886" HPOS="1145"/>
<SP HEIGHT="64" WIDTH="22" VPOS="3887" HPOS="1222"/>
<String CONTENT="Norman" HEIGHT="53" WIDTH="255" VPOS="3887" HPOS="1245"/>
<SP HEIGHT="50" WIDTH="24" VPOS="3888" HPOS="1501"/>
<String CONTENT="L." HEIGHT="52" WIDTH="65" VPOS="3888" HPOS="1526"/>
<SP HEIGHT="52" WIDTH="27" VPOS="3888" HPOS="1592"/>
<String CONTENT="Hill" HEIGHT="52" WIDTH="128" VPOS="3887" HPOS="1620"/>
<SP HEIGHT="51" WIDTH="30" VPOS="3889" HPOS="1749"/>
<String CS="1" CONTENT="&#8230;"/>
<SP HEIGHT="33" WIDTH="30" VPOS="3907" HPOS="1837"/>
<String CONTENT="and" HEIGHT="54" WIDTH="113" VPOS="3886" HPOS="1868"/>
<SP HEIGHT="52" WIDTH="23" VPOS="3886" HPOS="1982"/>
<String CONTENT="Harold" HEIGHT="52" WIDTH="227" VPOS="3885" HPOS="2006"/>
<SP HEIGHT="53" WIDTH="22" VPOS="3885" HPOS="2234"/>
<String CONTENT="W." HEIGHT="53" WIDTH="90" VPOS="3885" HPOS="2257"/>
</TextLine>
<TextLine HEIGHT="69" WIDTH="1710" VPOS="3959" HPOS="364" CS="1">
<String CONTENT="Stoke" HEIGHT="55" WIDTH="171" VPOS="3960" HPOS="364"/>
<SP HEIGHT="35" WIDTH="40" VPOS="3978" HPOS="536"/>
<String CS="1" CONTENT="&#8230;"/>
<SP HEIGHT="52" WIDTH="72" VPOS="3960" HPOS="632"/>
<String CONTENT="New" HEIGHT="52" WIDTH="141" VPOS="3960" HPOS="705"/>
<SP HEIGHT="52" WIDTH="33" VPOS="3960" HPOS="847"/>
<String CONTENT="York," HEIGHT="68" WIDTH="179" VPOS="3959" HPOS="881"/>
<SP HEIGHT="66" WIDTH="33" VPOS="3961" HPOS="1061"/>
<String CONTENT="Farrar" HEIGHT="53" WIDTH="214" VPOS="3961" HPOS="1095"/>
<SP HEIGHT="50" WIDTH="34" VPOS="3965" HPOS="1310"/>
<String CONTENT="&amp;" HEIGHT="50" WIDTH="47" VPOS="3965" HPOS="1345"/>
<SP HEIGHT="51" WIDTH="31" VPOS="3964" HPOS="1393"/>
<String CONTENT="Rinehart," HEIGHT="65" WIDTH="298" VPOS="3963" HPOS="1425"/>
<SP HEIGHT="65" WIDTH="34" VPOS="3963" HPOS="1724"/>
<String CONTENT="inc.," HEIGHT="64" WIDTH="125" VPOS="3963" HPOS="1759"/>
<SP HEIGHT="63" WIDTH="36" VPOS="3964" HPOS="1885"/>
<String CONTENT="1935." HEIGHT="50" WIDTH="152" VPOS="3964" HPOS="1922"/>
</TextLine>
</TextBlock>
</PrintSpace>
</Page>
</Layout>
</alto>