2424 4375
1154 4059 100 54 407

207 449 191 65 Sharp
429 449 52 53 &
505 448 269 54 Alleman
805 464 81 40 co.

335 524 1862 68 … The lawyers directory, 1935 … [53d year] Cincinnati, O.,
204 604 120 52 The
352 606 265 65 Lawyers
648 604 283 65 directory
967 636 12 33 [
982 608 21 21 c
1007 605 152 64 1935]

275 689 706 52 4 p. l., 11-478, 2652 p. 23½cm.
207 759 54 53 ©
290 762 109 40 Jan.
429 761 69 48 30,
530 760 140 48 1935;
703 759 67 42 2c.
802 760 109 41 Feb.
943 760 52 47 6;
1028 758 82 41 aff.
1142 759 112 48 Apr.
1286 758 84 48 12;
1403 758 43 40 A
1476 758 169 47 82487;
1679 758 229 48 Lawyers
1940 757 258 49 directory,

275 819 91 40 inc.

204 920 246 65 Snyder,
477 921 300 53 Laurence
804 919 365 64 Hasbrouck,
1199 924 171 50 1901-

209 996 1963 147 The principles of heredity, by Laurence H. Snyder … Boston,
354 1076 139 53 New
524 1075 163 52 York
721 1080 136 63 [etc.]
893 1077 70 51 D.
996 1076 61 54 C.
1089 1075 194 52 Heath
1315 1075 112 54 and
1457 1092 279 49 company
1772 1078 192 63 [c1935]

280 1146 103 50 xiii,
419 1147 85 42 385
539 1156 41 37 p.
617 1148 110 40 incl.
760 1148 162 45 front.,
960 1148 141 46 illus.,
1137 1145 178 49 diagrs.
1375 1148 86 39 col.
1499 1148 170 47 plates.
1728 1146 57 39 22½
1817 1148 44 21 cm
1867 1175 8 7 .

282 1204 347 41 “References”
658 1207 51 38 at
736 1206 91 39 end
853 1204 51 40 of
928 1207 125 38 most
1078 1204 51 40 of
1155 1204 81 40 the
1263 1204 239 48 chapters.

208 1275 54 53 ©
297 1280 120 38 Mar.
455 1278 70 47 13,
560 1278 140 45 1935;
739 1277 68 40 2c.
844 1277 121 39 Mar.
1000 1276 83 47 23;
1122 1275 82 41 aff.
1243 1276 121 40 Mar.
1401 1276 84 46 25;
1523 1276 40 39 A
1600 1275 171 48 82146;
1809 1276 50 39 L.
1897 1277 60 39 H.
1999 1276 199 48 Snyder,

276 1336 276 47 Columbus,
583 1335 51 40 O.
706 1333 249 50 (35-4742)

203 1436 312 65 Stoddard,
544 1436 300 53 Theodore
872 1436 281 64 Lothrop,
1184 1440 171 50 1883-

278 1513 278 69 Clashing
581 1510 148 58 tides
754 1512 66 54 of
846 1513 209 67 colour,
1080 1512 76 69 by
1180 1512 260 69 Lothrop
1471 1511 309 56 Stoddard.
1854 1513 139 54 New
2022 1512 180 66 York,

204 1591 258 67 London,
490 1590 62 55 C.
580 1589 312 56 Scribner’s
915 1608 148 49 sons,
1091 1593 152 51 1935.

281 1663 595 48 5 p. l., 3-414 p. 23 cm .
281 1721 140 47 Maps
451 1731 60 29 on
540 1719 361 49 lining-papers.

557 1777 325 47 CONTENTS.—Prologue:
908 1777 40 38 A
975 1777 150 39 world
1152 1775 49 40 in
1227 1774 522 50 disintegration.—pt.
1775 1784 32 32 I.
1833 1777 102 39 The
1960 1777 94 41 lost
212 1789 1970 93 comity

316 1834 51 40 of
399 1835 81 39 the
511 1834 282 48 West.—pt.
825 1841 52 33 II.
910 1834 102 39 The
1046 1831 376 42 Balkanization
1456 1833 52 41 of
1540 1831 265 51 Asia.—pt.
1838 1841 75 32 III.
1946 1834 169 41 Africa
2152 1836 46 39 in

211 1890 535 49 solution.—Epilogue.

208 1960 54 53 ©
289 1964 121 39 Mar.
438 1963 41 47 6,
505 1963 141 47 1935;
675 1962 67 41 2c.
774 1963 97 40 and
896 1958 83 44 aff.
1009 1963 120 39 Mar.
1160 1962 83 47 25;
1272 1961 42 40 A
1342 1961 170 47 82137;
1544 1962 203 40 Charles
1780 1960 265 44 Scribner’s
2074 1972 126 32 sons.

287 2019 250 50 (35-4779)

207 2121 169 68 Stull,
403 2125 85 52 De
518 2126 228 63 Forest,
775 2129 170 50 1885-

280 2199 123 55 Our
431 2203 180 51 world
636 2203 190 66 today.
893 2203 230 66 Europe
1151 2202 112 52 and
1292 2204 230 65 Europe
1547 2219 272 50 overseas,

211 2202 1982 146 by De Forest Stull … and Roy W. Hatch … Boston, New York [etc.]
206 2357 182 67 Allyn
415 2358 112 52 and
553 2359 193 52 Bacon
780 2392 12 33 [
798 2364 17 21 c
821 2361 149 64 1934]

277 2429 1914 51 v, [2], 370 p., 1 l., 371-380 p., 1 l., 9 p. col. front., illus. (incl. maps)
208 2487 179 48 diagrs.
443 2488 59 40 26
502 2490 46 21 cm
551 2520 8 7 .

277 2545 290 40 Illustrated
596 2543 362 50 lining-papers.

278 2602 225 39 Includes
534 2601 361 40 “References”.

209 2653 54 53 ©
293 2658 128 40 June
444 2658 69 47 14,
543 2657 141 48 1934;
713 2657 67 41 2c.
810 2659 114 47 July
952 2658 52 47 5;
1036 2657 80 41 aff.
1148 2659 118 47 July
1291 2657 83 48 20;
1404 2658 42 40 A
1475 2657 169 48 73552;
1675 2659 144 47 Allyn
1848 2658 38 40 &
1911 2659 176 39 Bacon.

285 2714 15 48 (CA
386 2715 173 39 34-556
578 2714 233 47 Unrev’d)

207 2775 338 55 Successful
575 2776 283 65 farming.

278 2852 164 68 Furs,
478 2852 122 68 fins,
638 2855 111 51 and
786 2854 265 52 feathers.
1124 2853 313 54 Published
1471 2855 74 66 by
1584 2853 323 56 Successful
1941 2854 258 69 farming

209 2933 59 49 to
308 2945 313 53 encourage
657 2937 222 62 greater
916 2931 237 54 interest
1191 2951 206 48 among
1436 2933 154 51 farm
1627 2932 139 66 boys
1805 2932 113 53 and
1957 2932 142 67 girls
2135 2932 64 53 in

209 3006 210 70 fishing
455 3010 111 51 and
602 3009 250 67 hunting
885 3010 111 53 and
1033 3010 96 52 the
1166 3010 391 53 conservation
1594 3008 64 54 of
1693 3009 136 53 wild
1864 3010 122 54 life.
2082 3012 114 52 [Des

206 3087 221 53 Moines]
477 3093 17 21 c
499 3089 149 51 1934.

277 3159 55 41 64
358 3170 43 38 p.
456 3159 129 40 illus.
641 3159 59 40 20½
728 3162 43 21 cm
777 3192 8 7 .

280 3216 347 40 “References”
658 3219 54 38 at
737 3217 91 39 end
858 3217 50 40 of
937 3218 118 39 each
1083 3217 213 47 chapter.

209 3282 53 53 ©
295 3286 117 48 July
443 3286 41 47 2,
517 3285 139 48 1934;
692 3286 67 39 2c.
794 3287 94 39 and
923 3286 80 40 aff.
1039 3287 121 47 Aug.
1194 3287 52 47 6;
1282 3287 41 39 A
1358 3287 169 47 73766;
1565 3286 243 41 Meredith
1841 3288 110 47 pub.
1985 3298 82 37 co.,
2101 3290 98 39 Des

276 3342 198 41 Moines.
545 3341 14 49 (CA
644 3343 174 40 34—557
836 3343 233 48 Unrev’d)

209 3445 1016 69 Sunderland & Megson, London.
209 3524 1963 143 … Lombard shipping & transport code, compiled and arranged
459 3601 320 68 thoughout
817 3603 72 67 by
930 3602 362 54 Sunderland
1331 3606 49 50 &
1419 3603 238 67 Megson
1705 3602 92 68 (C.
1835 3604 67 52 R.
1941 3605 254 68 Megson,

210 3675 61 54 C.
310 3676 362 55 Sunderland
731 3680 129 66 [and]
900 3682 72 51 K.
1009 3684 69 50 D.
1115 3681 266 67 Francis)
1460 3681 258 66 London,
1754 3682 152 54 Code
1941 3682 254 70 services,

208 3755 102 52 ltd.
345 3758 170 63 [1934]

279 3826 101 49 viii,
406 3827 111 41 1203
545 3839 43 37 p.
642 3828 56 40 32
701 3830 44 21 cm
749 3859 7 8 .

278 3883 1919 51 Label mounted on t.-p.: The Lombard code company … New York
205 3939 113 48 city.

280 3995 71 41 On
377 4007 166 30 cover:
570 3997 240 41 Lombard
836 3999 127 39 code.
