2424 4375
1209 4100 132 50 1830

367 527 409 48 Mimeographed.

302 593 53 53 ©
381 597 110 41 Jan.
517 596 69 48 24,
611 597 118 41 1935;
780 597 68 42 2c.
876 598 108 40 Jan.
1012 599 83 46 31;
1124 597 83 42 aff.
1236 598 110 41 Jan.
1371 598 83 48 30;
1485 599 39 39 A
1552 598 169 49 79583;
1751 601 57 40 D.
1836 600 50 42 C.
1915 602 137 48 Mott,
2080 601 213 51 Tenafly,

371 655 56 40 N.
456 656 43 39 J.

297 758 146 52 New
469 758 229 64 Jersey.
771 760 155 65 Dept.
972 760 62 65 of
1059 759 197 66 public
1278 760 358 54 instruction.

474 836 1819 68 … The program of student personnel services at the New
298 915 201 65 Jersey
526 913 161 55 State
711 914 220 52 normal
957 916 190 52 school
1172 922 59 46 at
1256 915 261 54 Newark.
1598 917 281 67 [Newark,
1905 919 69 52 N.
2000 918 75 67 J.,
298 918 1973 127 Printed
390 992 75 67 by
490 992 122 53 The
636 993 179 52 Essex
839 1010 174 50 press]
1044 996 173 51 c1935.

370 1078 56 40 59
453 1089 42 37 p.
553 1077 153 49 diagr.
762 1078 114 40 23cm.

367 1150 67 39 At
467 1150 124 39 head
624 1149 55 40 of
713 1148 135 41 title:
884 1149 116 40 New
1038 1149 184 48 Jersey.
1291 1150 136 41 State
1463 1151 309 47 department
1808 1151 50 40 of
1895 1151 157 49 public
298 1153 1981 95 instruction.
470 1206 217 41 Bulletin
716 1206 53 40 of
796 1206 81 40 the
908 1206 140 41 State
1073 1208 191 38 normal
1290 1208 177 47 school,
1497 1208 223 40 Newark.

299 1273 56 53 ©
385 1278 110 40 Jan.
527 1277 39 48 9,
600 1275 114 43 1935;
776 1277 69 41 2c.
875 1277 110 40 Jan.
1017 1277 84 46 21;
1138 1277 82 40 aff.
1254 1277 111 40 Jan.
1398 1277 83 47 31;
1517 1278 41 39 A
1591 1276 171 49 79432;
1799 1279 117 40 New
1950 1279 172 48 Jersey
2158 1280 139 41 State

370 1336 188 39 normal
587 1335 164 40 school
779 1336 55 39 at
860 1334 223 48 Newark,
1114 1334 223 46 Newark,
1369 1335 56 39 N.
1457 1335 43 40 J.
2058 1335 147 42 11669

296 1441 145 52 New
468 1440 179 53 York.
723 1440 418 63 Metropolitan
1168 1455 269 38 museum
1466 1440 63 53 of
1553 1443 114 52 art.

467 1516 1825 71 … Charter, constitution, by-laws, as amended to December,
298 1599 149 49 1934.
523 1597 138 51 New
692 1595 179 65 York,
901 1598 149 50 1935.

371 1680 692 51 5 p. l., 3-20 p., 1 1. 22cm.
365 1754 65 39 At
456 1753 123 39 head
608 1753 51 39 of
687 1752 108 41 title
813 1762 9 29 :
851 1752 102 40 The
981 1751 347 48 Metropolitan
1357 1762 218 30 museum
1604 1751 54 41 of
1684 1755 92 38 art.

299 1821 53 53 ©
385 1826 109 40 Jan.
528 1823 68 49 19,
631 1824 140 47 1935;
806 1823 67 41 2c.
908 1824 94 39 and
1037 1823 80 39 aff.
1153 1823 110 41 Jan.
1296 1824 83 41 22:
1414 1824 41 39 A
1489 1823 170 48 80128;
1697 1824 346 49 Metropolitan
2075 1835 219 29 museum

365 1882 52 40 of
449 1885 92 37 art.
2056 1880 147 43 11670

296 1983 301 66 Newkirk,
625 1984 182 53 Louis
835 1984 164 64 Vest,
1029 1987 170 50 1901-

364 2063 162 52 Tests
555 2062 113 52 and
692 2065 437 48 measurements
1157 2061 59 52 in
1240 2060 308 53 industrial
1575 2060 316 68 education,
1919 2061 75 68 by
2018 2061 173 55 Louis
2220 2064 70 54 V.

295 2137 1996 72 Newkirk … and Harry A. Greene … New York, J. Wiley &
295 2237 146 48 sons,
474 2217 138 68 inc.;
649 2217 259 68 London,
943 2216 301 68 Chapman
1276 2219 45 50 &
1356 2216 161 68 Hall,
1550 2216 240 68 limited,
1830 2220 150 52 1935.

364 2314 46 37 X,
435 2302 87 42 253
547 2314 43 38 p.
652 2302 142 48 illus.,
820 2302 180 47 diagrs.
1058 2300 146 43 23½cm.
1320 2301 131 49 $2.75

365 2373 247 41 “Selected
639 2372 299 41 references”
966 2378 52 35 at
1043 2374 92 39 end
1161 2373 52 39 of
1237 2374 120 38 each
1381 2373 215 47 chapter.

298 2443 53 53 ©
387 2449 118 39 Nov.
543 2449 39 46 8,
620 2446 113 41 1935;
799 2448 67 38 2c.
903 2447 95 39 and
1036 2445 82 41 aff.
1157 2446 116 40 Nov.
1313 2446 80 46 13;
1434 2447 41 38 A
1511 2444 170 49 89340;
1724 2447 48 38 L.
1811 2447 52 41 V.
1901 2447 245 48 Newkirk,
367 2447 1903 105 Chicago,
526 2506 95 39 and
648 2505 165 47 Harry
840 2504 52 39 A.
923 2503 195 47 Greene,
1147 2503 130 39 Iowa
1307 2503 125 47 City,
1489 2513 42 29 Ia.
1602 2503 279 49 (35-38107)

295 2608 287 64 Niebuhr,
609 2607 214 56 Hulda.

367 2687 277 52 Ventures
687 2686 60 51 in
790 2684 304 53 dramatics
1139 2685 139 50 with
1321 2684 138 66 boys
1500 2684 112 52 and
1655 2685 140 66 girls
1836 2684 66 53 of
1942 2685 95 52 the
2076 2685 208 53 church

294 2763 208 67 school,
546 2762 73 68 by
665 2760 201 55 Hulda
910 2762 274 53 Niebuhr.
1259 2761 138 52 New
1446 2761 179 67 York,
1672 2762 63 55 C.
1783 2761 312 57 Scribner’s
2140 2780 146 48 sons,

296 2842 150 53 1935.

363 2921 678 51 xix p., 1 l., 224 p. 19½cm.
297 2994 53 53 ©
382 2999 117 38 Nov.
535 2997 69 48 26,
639 2996 140 48 1935;
815 2998 66 39 2c.
917 2998 111 39 Dec.
1061 2996 53 48 6;
1152 2996 82 41 aff.
1269 2998 110 38 Dec.
1415 2997 52 46 5;
1505 2997 43 39 A
1580 2996 169 47 88516;
1785 2997 202 41 Charles
2024 2996 265 42 Scribner’s

367 3066 125 29 sons.
563 3053 279 49 (35-38149)

295 3158 264 65 Orleans,
584 3158 220 63 Joseph
830 3158 240 55 Barnet.

364 3233 1919 69 Key to Orleans and Hart’s Intermediate algebra … Boston,
296 3314 137 51 New
458 3311 163 55 York
650 3317 136 62 [etc.]
817 3314 70 51 D.
915 3312 61 55 C.
1003 3312 195 52 Heath
1224 3312 111 52 and
1361 3330 281 49 company
1688 3314 175 65 [c1934]

367 3383 773 51 1 p. l., 510 p. diagrs. 20½cm.
298 3452 53 53 ©
383 3458 112 38 Dec.
530 3457 67 46 11,
633 3454 113 42 1934;
809 3456 67 40 2c.
912 3456 109 39 Jan.
1056 3456 39 47 5,
1132 3454 112 41 1935;
1308 3455 83 40 aff.
1428 3456 106 39 Jan.
1572 3456 24 39 7;
1662 3456 41 38 A
1737 3454 143 41 79057;
1944 3456 57 40 D.
2035 3455 49 41 C.
2121 3454 163 41 Heath

366 3513 37 40 6
429 3524 67 29 co.
2048 3509 146 43 11673

293 3618 268 63 Paresce,
591 3617 285 54 Gabriele.

295 3693 1960 143 … Italia e Jugoslavia dal 1915 al 1929. Firenze, R. Bemporad & figlio [1935]
366 3841 677 49 4 p. l., 326 p., 1 l. 22½cm.
363 3911 370 47 “Bibliografia”
753 3923 9 29 :
794 3923 43 37 p.
883 3911 233 49 [323]-326.

297 3973 1984 53 © Dec. 1, 1934; 1c. Mar. 20, 1935; A-Foreign 27339; R. Bemporad &
364 4035 57 39 fo.
492 4035 279 43 (35-18874)
