2424 4375
1048 4047 132 49 1845

149 419 197 52 Durch
375 418 467 67 Wehrhaftigkeit
871 437 125 33 zum
1026 419 240 53 frieden.
1329 420 297 54 Jahrbuch
1653 421 100 52 der
1780 421 355 54 “Deutschen

216 496 362 64 gesellschaft
617 497 98 50 für
752 497 364 65 wehrpolitik
1152 497 117 51 und
1307 497 639 67 Wehrwissenschaften,
1985 503 149 49 1934.

216 572 319 67 Hamburg,
572 574 409 51 Hanseatische
1019 573 490 67 Verlagsanstalt,”
1546 580 17 21 c
1569 578 150 49 1934.

218 645 84 40 107
332 656 40 37 p.
433 645 55 39 23
490 648 44 19 cm
540 677 8 7 .

149 711 1989 53 © Oct. 18, 1934; 1c. Jan. 21, 1935; A -Foreign 26713: Hanseatische
216 773 379 45 Verlagsanstalt
627 782 105 38 a.-g.

147 877 302 63 Emerson,
476 878 138 51 Mrs.
639 876 163 53 Alice
829 875 269 57 Fernald.

149 951 1959 148 Marsh fire, poems by Alice Fernald Emerson … Indianapolis, Ind., Butler university press r c 1935]
212 1100 29 41 6
265 1111 43 37 p.
370 1132 9 15 l.,
406 1100 86 40 126
515 1111 44 37 p.
617 1101 149 40 front.
793 1100 172 49 (port.)
1000 1101 129 41 illus.
1188 1101 56 42 20
1246 1104 44 21 cm
1295 1134 10 9 .

213 1158 223 39 Includes
469 1157 66 39 “A
569 1156 130 49 cycle
731 1156 53 41 of
813 1156 144 48 song”
990 1157 256 49 published
1277 1158 275 49 separately
1586 1160 50 39 in
1666 1158 128 43 1928.

146 1213 1699 53 © Oct. l. 1935; 2c. and aff. Dec. 26; A 88879; A. F. Emerson,
215 1218 1902 96 Indianapolis.
391 1273 221 48 (36-128)

145 1376 265 65 Eymieu,
439 1376 282 56 Antonin.

273 1452 1859 68 … Le gouvernement de soi-même. Troisième série. L’art
143 1533 66 51 de
251 1531 238 53 vouloir.
565 1530 184 66 Paris,
789 1529 282 54 Librairie
1113 1532 382 66 Académique
1536 1532 223 64 Perrin,
1802 1535 151 50 1935.

214 1603 1531 49 xxxiii p., 1 l., [37]-252 p., 1 l. inch front. (port.) 18 ½ cm .
145 1668 1873 53 © Oct. 31, 1934; 1c. Feb. 1, 1935; A- Foreign 27021; Perrin & cie.
145 1790 245 64 Furnas,
419 1790 219 64 Joseph
670 1788 432 65 Chamberlain,
1133 1794 171 50 1905-

209 1865 232 56 Sudden
480 1866 189 68 death,
707 1866 114 54 and
858 1866 128 53 how
1024 1871 58 48 to
1123 1865 170 54 avoid
1334 1865 64 69 it,
1434 1865 77 70 by
1549 1864 58 56 J.
1648 1864 64 56 C.
1751 1864 226 55 Furnas
2015 1864 113 54 and

142 1944 201 52 Ernest
373 1943 70 53 N.
475 1942 206 56 Smith.
742 1943 139 53 New
910 1943 181 68 York,
1120 1941 198 57 Simon
1349 1943 113 53 and
1492 1940 288 71 Schuster,
1808 1944 151 52 1935.

209 2015 60 49 iv,
317 2017 56 44 [2],
401 2017 26 39 58
483 2025 43 38 p.
586 2015 127 41 illus.
772 2015 116 42 22cm.

210 2071 1918 51 “ ‘And sudden death’ … appeared in the August [1935, issue of the
145 2128 222 41 Header’s
397 2128 391 48 digest.”—Pref.

545 2186 106 39 CONTENTS.—And
683 2185 184 41 sudden
897 2185 161 41 death,
1090 2185 57 47 by
1181 2185 43 39 J.
1255 2183 51 43 C.
1338 2185 439 40 Furnas.—Better
1805 2184 69 41 off
1901 2185 138 45 dead,
2070 2184 57 48 by

140 2240 42 40 J.
211 2239 49 43 C.
287 2241 391 41 Furnas.—How
704 2246 48 37 to
779 2241 143 42 avoid
950 2241 293 43 automobile
1269 2241 260 41 accidents,
1558 2241 60 47 by
1647 2241 53 40 E.
1731 2241 55 40 N.
1819 2240 171 43 Smith.

132 2310 52 53 ©
206 2316 115 38 Nov.
344 2315 39 46 6,
407 2314 140 40 1935;
572 2315 66 39 2c.
662 2315 117 39 Nov.
801 2313 55 40 29:
908 2313 81 41 aff.
1013 2315 117 39 Nov.
1153 2313 55 40 26;
1261 2315 40 37 A
1325 2313 142 41 88459;
1524 2315 161 39 Simon
1709 2315 36 39 &
1770 2314 243 45 Schuster,
2039 2315 91 41 inc.

217 2371 190 48 (36-56)

142 2472 197 66 Gibbs,
369 2476 98 52 Sir
492 2473 191 65 Philip
713 2473 320 66 Hamilton,
1066 2476 170 53 1877-

212 2551 269 68 England
525 2551 217 68 speaks,
784 2552 74 67 by
900 2551 200 67 Philip
1145 2551 208 67 Gibbs;
1401 2549 170 70 being
1610 2551 151 55 talks
1803 2549 138 55 with
1986 2550 137 54 road

139 2645 287 51 sweepers,
448 2628 247 68 barbers,
717 2634 318 63 statesmen,
1058 2631 155 52 lords
1236 2633 113 52 and
1371 2628 195 68 ladies,
1588 2628 258 69 beggars,
1871 2626 256 71 farming

145 2705 137 68 folk,
309 2712 199 61 actors,
533 2706 211 67 artists,
767 2708 238 66 literary
1027 2708 335 66 gentlemen,
1386 2713 236 60 tramps,
1648 2707 479 63 down-and-outs,

141 2783 223 67 miners,
392 2783 136 54 steel
553 2783 264 67 workers,
843 2782 386 66 blacksmiths,
1256 2784 94 53 the
1379 2782 556 69 man-in-the-street,
143 2784 1955 145 highbrows,
361 2860 295 55 lowbrows

684 2863 111 52 and
822 2862 75 52 all
923 2877 234 38 manner
1181 2860 64 54 of
1271 2860 122 54 folk
1418 2861 64 54 of
1504 2861 226 54 humble
1756 2862 111 53 and
1893 2861 220 54 exalted

146 2938 140 53 rank
322 2936 140 55 with
501 2958 30 33 a
570 2956 309 50 panorama
919 2938 64 54 of
1019 2939 94 53 the
1154 2938 244 69 English
1437 2956 158 37 scene
1634 2938 57 54 in
1734 2938 115 54 this
1887 2958 135 48 year
2061 2939 64 52 of

141 3033 180 51 grace,
353 3020 149 51 1935.
566 3016 391 55 Illustrations
982 3017 76 67 by
1087 3018 69 54 E.
1184 3017 243 53 Lander.
1491 3017 230 56 Garden
1753 3016 151 69 City,
1934 3018 67 53 N.
2037 3018 88 53 Y..

142 3094 350 67 Doubleday,
521 3096 197 51 Doran
745 3098 46 51 &
821 3113 295 50 company,
1146 3098 126 64 inc.,
1301 3099 150 50 1935.

211 3164 955 52 5 p. l. , 341 p. front., plates. 23½cm.
211 3222 162 43 “First
399 3222 226 43 edition.”

142 3289 52 53 ©
227 3295 110 39 Dec.
372 3294 39 41 6.
445 3294 116 40 1935;
621 3294 67 40 2c.
722 3295 97 39 and
853 3294 79 40 aff.
969 3296 112 40 Dec.
1116 3294 82 46 19;
1236 3296 42 37 A
1311 3294 170 41 88878:
1519 3294 162 48 Philip
1716 3293 161 48 Gibbs,
1913 3293 212 42 London.

218 3350 277 49 (36-27011)

141 3452 213 65 Gilson,
383 3454 282 53 Franklin
691 3454 286 58 Leonard.

208 3531 119 52 The
359 3531 277 67 speaking
668 3533 63 52 of
763 3532 272 65 English;
1073 3552 29 33 a
1137 3532 305 53 handbook
1475 3531 94 53 for
1601 3531 300 67 beginners
1933 3532 57 53 in
2026 3531 98 53 the

140 3608 1983 68 study of speech, by Franklin L. Gilson … Boston, Mass.,
143 3685 870 68 Expression company [ c 1935]
207 3763 43 38 x,
278 3754 84 40 192
390 3764 43 39 p.
493 3753 145 42 19½cm.

206 3824 222 40 Includes
453 3825 147 39 blank
625 3834 144 38 pages
796 3826 78 38 for
902 3826 380 44 “Assignment”.

209 3877 316 43 “References
557 3879 81 41 for
667 3880 196 41 further
895 3879 173 49 study”
1103 3883 52 39 at
1186 3883 91 39 end
1311 3880 53 42 of
1395 3882 119 40 each
1547 3881 201 48 chapter
1779 3885 170 46 except
139 3883 1967 90 chapter
241 3946 114 36 XIX;
387 3936 375 49 Bibliography;
792 3948 44 38 p.
868 3936 216 43 190-192.
