2424 4375
1236 4052 134 53 1754

331 519 1991 66 dians on the frontier of Texas, by M. L. Johnson … Dallas,
331 594 1083 71 Tex., Mathis publishing co. [ c 1935]
452 667 1055 53 6 p. l., 116 p. front. (port.) illus. 20 cm .
401 727 180 41 “These
607 729 286 38 encounters
918 727 120 39 with
1063 727 82 40 the
1172 726 84 41 red
1282 735 112 31 man
1419 736 125 31 were
1569 726 106 40 first
1703 725 195 41 written
1923 725 50 40 in
1997 736 27 30 a
2053 737 114 37 very
2194 727 126 42 brief

332 784 124 41 form
488 784 59 47 by
578 795 76 36 my
687 783 180 46 father,
898 782 62 41 M.
998 782 47 41 L.
1078 781 231 47 Johnson,
1340 783 50 38 in
1422 781 127 42 1918.
1610 783 38 37 A
1681 783 142 39 small
1854 782 191 42 booklet
2077 793 100 31 was

332 784 1971 97 published
515 842 48 38 in
594 838 126 42 1923.
780 838 151 41 Other
960 841 229 38 accounts
1217 839 123 40 have
1370 839 119 40 been
1516 839 197 41 written
1742 840 93 39 and
1867 839 156 42 added
2054 844 49 37 to
2132 840 58 47 by
2221 840 96 40 him

329 895 1991 50 since, and … he has directed this volume.”—Introd., signed; Elvira
327 954 217 42 Johnson
574 954 227 41 Pearson.

400 1010 224 41 Includes
649 1021 62 29 an
736 1013 203 37 account
966 1009 53 40 of
1042 1010 81 39 the
1148 1009 153 40 battle
1327 1008 50 41 of
1404 1009 249 41 Wounded
1678 1009 148 44 Knee,
1855 1010 149 41 South
2035 1010 205 41 Dakota.

327 1065 52 52 ©
406 1068 101 41 Oct.
534 1068 70 47 22,
631 1067 112 40 1935;
800 1068 66 38 2c.
895 1066 101 40 Oct.
1023 1065 59 39 28;
1136 1066 71 39 aff
1231 1065 101 41 Oct.
1360 1066 58 39 26;
1472 1068 39 37 A
1539 1065 142 41 87974;
1741 1066 162 40 Elvira
1937 1067 215 40 Johnson
398 1069 1908 104 Pearson,

524 1126 186 39 Dallas.
780 1123 279 49 (35-34648)

327 1216 196 62 Jones,
550 1214 163 65 Paul,
739 1216 72 65 jr.

395 1292 121 52 The
544 1289 296 54 Arkansas
867 1290 109 52 law
1006 1289 64 52 of
1098 1288 126 53 title
1255 1294 58 48 to
1342 1289 116 53 real
1484 1294 292 63 property,
1807 1290 304 68 according
2140 1296 57 46 to
2226 1290 95 53 the

325 1369 276 55 decisions
636 1367 64 55 of
731 1368 93 54 the
861 1366 272 69 Supreme
1170 1373 163 47 court
1361 1366 64 53 of
1459 1367 311 63 Arkansas,
1803 1369 109 51 and
1950 1376 225 59 present
2207 1370 109 52 and

329 1443 1991 70 former statutes, by Paul Jones, jr. … Saint Louis, Thomas
325 1526 109 52 law
460 1524 149 53 book
638 1541 297 50 company,
969 1525 149 51 1935.

398 1598 115 40 1080
545 1609 43 37 p.
648 1598 56 39 24
707 1599 44 22 cm
755 1630 8 8 .

327 1650 52 52 ©
408 1654 116 39 Nov.
557 1654 69 46 27,
659 1652 113 41 1935;
833 1652 66 40 2c.
930 1653 118 39 Nov.
1079 1650 59 41 29;
1198 1651 80 40 aff.
1310 1652 111 40 Dec.
1454 1651 52 48 2;
1541 1652 41 38 A
1613 1651 169 48 88455;
1818 1653 49 38 P.
1902 1653 161 47 Jones,
2095 1652 75 48 jr.,
394 1653 1909 100 Texarkana,
623 1711 115 39 Ark.
812 1707 279 49 (35-33994)

326 1799 187 63 Kelly,
541 1800 68 53 R.
638 1799 59 55 Z.

396 1875 234 55 Outline
672 1875 214 52 studies
927 1874 58 52 in
1027 1875 218 53 United
1290 1873 189 55 States
1520 1874 239 69 history,
1799 1875 76 68 by
1917 1875 68 52 R.
2027 1875 58 52 Z.
2129 1874 189 69 Kelly.

327 1955 135 51 New
495 1953 177 67 York,
702 1952 451 68 Prentice-Hall,
1183 1953 126 66 inc.,
1342 1956 150 49 1935.

395 2028 84 40 156
507 2038 43 37 p.
609 2027 56 41 18½
697 2029 43 21 cm
747 2059 9 9 .

400 2083 319 41 “References
747 2083 80 40 for
858 2083 181 48 topics”
1070 2086 52 38 at
1151 2085 91 38 end
1274 2083 51 39 of
1355 2084 117 39 each
1506 2084 202 47 chapter
1737 2086 169 45 except
1938 2084 200 47 chapter
2225 2116 8 9 IX.

325 2138 52 52 ©
403 2143 114 47 Apr.
547 2140 67 48 19,
645 2141 114 40 1935;
817 2141 67 40 2c.
915 2142 114 47 Apr.
1060 2141 57 40 26;
1176 2141 80 40 aff.
1290 2142 112 46 Apr.
1433 2140 56 40 24;
1550 2143 39 37 A
1619 2140 143 42 82750;
1824 2140 373 44 Prentice-Hall,
2229 2142 89 39 inc.

405 2199 279 47 (35-34884)

325 2285 255 65 Kirmse,
612 2285 383 67 Marguerite,
1029 2291 170 48 1885-
1435 2286 150 54 illus.

392 2362 159 69 Dogs
577 2363 60 51 in
663 2363 94 51 the
786 2361 150 69 field,
963 2362 75 69 by
1068 2362 351 68 Marguerite
1449 2361 228 54 Kirmse;
1740 2361 283 54 foreword
2054 2363 74 68 by
2158 2361 156 53 John

323 2439 1814 69 Taintor Foote. New York, The Derrydale press [ c 1935]
389 2511 850 48 3 p. 1, 24 pl. front. 26 × 36 cm .
392 2568 286 41 Illustrated
714 2568 360 48 lining-papers.

390 2625 351 47 Accompanied
765 2625 61 47 by
851 2636 25 28 a
905 2625 158 41 folder
1089 2625 280 48 containing
1394 2624 75 41 six
1496 2625 244 47 duplicate
1764 2625 169 47 plates.

393 2680 1640 50 “Six hundred and eighty-five copies … have been printed.”
326 2735 52 52 ©
416 2739 102 40 Oct.
553 2739 69 41 21.
660 2739 115 40 1935;
839 2740 66 39 2c.
943 2741 96 38 and
1076 2739 80 40 aff.
1195 2741 117 38 Nov.
1350 2740 52 45 1;
1441 2741 40 38 A
1520 2739 142 41 89110;
1730 2740 272 48 Derrydale
2037 2750 149 38 press,
2224 2740 90 40 inc.

401 2795 279 48 (35-34462)

322 2882 383 66 Kretzmann,
735 2885 144 53 Paul
909 2886 272 64 Edward,
1214 2891 171 50 1883-

388 2959 177 53 What
587 2960 290 53 Lutheran
904 2960 455 69 Sunday-school
1380 2962 252 53 teachers
1652 2962 203 53 should
1874 2961 168 53 know;
2098 2981 31 33 a
2154 2961 157 53 short

319 3055 289 51 summary
635 3037 93 53 for
753 3037 336 55 instructors
1112 3040 112 51 and
1253 3039 194 67 pupils
1470 3040 61 51 in
1560 3037 455 70 Sunday-school
2042 3036 268 56 teachers’

319 3114 1990 70 meetings and institutes, by P. E. Kretzmann … St. Louis, Mo.,
321 3190 318 56 Concordia
667 3191 334 71 publishing
1029 3192 190 70 house,
1252 3196 150 51 1935.

421 3294 8 15 v,
460 3264 84 40 111
573 3274 43 39 p.
676 3264 146 42 16½cm.

390 3318 348 50 Bibliography
764 3324 53 39 at
840 3324 90 38 end
955 3322 52 40 of
1030 3322 119 40 each
1177 3322 213 48 chapter.

323 3374 52 52 ©
407 3380 118 39 Nov.
555 3381 40 40 5.
630 3379 138 48 1935;
804 3380 66 41 2c.
904 3382 97 38 and
1035 3381 79 39 aff.
1151 3382 116 39 Nov.
1304 3382 52 38 11;
1422 3382 40 38 A
1496 3380 143 41 89324;
1704 3381 264 40 Concordia
2006 3381 108 47 pub.
2148 3381 159 38 house.

399 3435 278 48 (35-34016)

322 3514 210 66 Krout,
560 3517 155 54 John
742 3519 186 64 Allen,
960 3522 168 50 1896-

456 3594 1849 69 … An outline history of the United States since 1865, by
323 3669 1979 71 John A. Krout … 3d ed. New York, Barnes & Noble, inc.
347 3749 175 63 [ c 1935]
392 3818 1626 53 4 p. l., 207 p. illus. (maps) 21 cm . (College outline series)
395 3873 150 40 “Text
579 3873 297 43 references”
909 3881 51 36 at
992 3879 91 39 end
1116 3877 51 40 of
1198 3878 118 40 each
1347 3879 226 47 chapter;
1609 3878 343 48 Bibliography;
2016 3889 43 37 p.
2089 3876 212 41 200-201.

323 3926 52 52 ©
402 3931 117 38 Nov.
548 3930 69 47 29,
646 3931 117 41 1935;
816 3932 65 41 2c.
912 3935 111 38 Dec.
1051 3935 26 38 3;
1136 3933 81 41 aff.
1248 3936 111 38 Dec.
1388 3936 52 45 4;
1473 3935 38 38 A
1542 3934 141 41 88472;
1744 3936 185 38 Barnes
1958 3935 36 40 &
2022 3935 162 44 Noble,
2215 3934 87 38 inc.

400 3986 278 49 (35-34049)
