2526 4384
1157 4081 98 48 123

264 532 609 51 4 p. l., 11-295 p. 20 cm .
267 604 162 41 “First
461 603 225 42 edition.”

199 671 53 52 ©
279 676 109 38 Feb.
418 674 68 46 13,
515 673 116 40 1935;
685 672 67 41 2c.
781 673 96 39 and
906 671 80 40 aff.
1018 672 108 39 Feb.
1231 681 8 36 18;
1270 671 41 38 A
1337 669 170 47 79716;
1538 668 370 42 Bobbs-Merrill
1937 679 66 30 co.

275 730 250 49 (35-2539)

196 834 274 65 Penrose,
497 835 157 52 Matt
680 834 87 63 R.,
798 838 172 50 1881-

271 911 135 51 Pots
443 911 46 50 ’o
522 909 154 68 gold,
708 909 76 68 by
817 908 153 54 Matt
1005 907 66 52 R.
1108 907 259 54 Penrose.
1445 906 173 65 Reno,
1653 905 137 51 Nev.,
1849 906 66 51 A.
1954 903 239 55 Carlisle

199 989 45 50 &
271 1006 78 34 co.
385 1022 13 32 [
403 994 19 21 c
427 989 132 50 1935
565 1020 13 33 ]

270 1055 1283 51 xix, 21-233 p., 1 l. front., plates, ports. 20 cm .
200 1128 1996 52 © Jan. 28, 1935; 2c. and aff. Feb. 4; A 80337; M. R. Penrose, Carson
267 1190 123 47 City,
423 1190 113 39 Nev.
609 1187 250 50 (35-2396)

194 1290 222 53 Punch,
491 1311 49 33 v.
572 1293 115 64 187,
714 1311 88 34 no.
829 1294 155 63 4881,
1006 1291 307 54 December
1340 1293 85 64 26,
1454 1294 150 52 1934.

201 1374 1995 55 © 1c. Feb. 21, 1935; A ad int. 19981; pubd. Dec. 26; Herbert Heather.
266 1439 211 38 London.

196 1541 166 63 Putz,
390 1540 231 56 Alfred.

273 1617 255 53 Another
560 1616 213 68 garden
807 1615 306 66 notebook;
1146 1613 319 70 gardening
1497 1615 153 53 week
1678 1613 74 69 by
1786 1612 151 54 week
1970 1612 227 53 indoors

204 1689 1970 137 and out, by Alfred Putz; edited by J. W. Johnston … Garden
343 1771 151 69 City,
524 1771 69 52 N.
625 1770 89 68 Y.,
745 1770 355 70 Doubleday,
1127 1770 196 53 Doran
1355 1771 46 50 &
1429 1787 296 51 company,
1753 1770 127 62 inc.,
1917 1771 146 49 1935.

271 1843 801 49 xiii p., 1 l., 213 p. illus. 19½ cm.
271 1900 41 38 A
340 1900 285 48 companion
658 1900 190 40 volume
879 1903 48 37 to
961 1901 81 39 the
1073 1900 217 40 author's
1322 1901 102 39 The
1453 1901 182 47 garden
1664 1901 252 39 notebook.

273 1957 1923 48 “The material contained in this book … originally appeared in ilie
202 2015 180 46 garden
413 2014 183 40 section
626 2013 52 40 of
706 2015 83 39 the
817 2013 198 48 Sunday
1044 2013 185 41 Herald
1259 2013 432 41 tribune.”—Pref.

273 2069 162 42 “First
462 2069 226 42 edition.”

205 2142 51 52 ©
283 2147 109 39 Jan.
421 2146 69 46 18,
521 2145 116 41 1935;
693 2146 66 39 2c.
790 2146 96 39 and
915 2144 81 41 aff.
1027 2145 109 39 Feb.
1168 2145 53 47 5;
1252 2145 42 39 A
1321 2143 172 49 79538;
1524 2145 299 47 Doubleday,
1855 2146 166 39 Doran
2053 2145 36 39 &
2118 2154 83 33 co.,

270 2204 88 39 inc.
429 2203 252 48 (35-2406)

200 2309 274 64 Regnier,
501 2306 199 58 Paule.

269 2386 122 51 The
423 2385 178 67 abbey
632 2382 64 56 of
726 2383 314 69 Evolayne,
1069 2384 75 69 by
1174 2384 181 52 Paule
1385 2382 278 69 Regnier;
1697 2384 315 52 translated
2049 2382 147 52 from

200 2464 97 53 the
338 2463 223 52 French
602 2462 75 69 by
722 2461 229 55 Samuel
995 2461 192 55 Sloan.
1262 2462 139 52 New
1444 2462 180 66 York,
1667 2462 310 66 Harcourt,
2021 2463 178 51 Brace

200 2542 112 52 and
340 2558 281 51 company
834 2573 12 34 [c1935]

272 2613 530 50 4 p. l., 3-302 p. 19½cm.
274 2671 163 41 “First
469 2671 226 41 edition.”

204 2737 51 52 ©
287 2741 110 40 Feb.
430 2742 39 46 7,
502 2740 142 47 1935;
677 2740 67 40 2c.
777 2741 95 40 and
904 2739 81 41 aff.
1020 2740 112 40 Feb.
1163 2741 83 45 14;
1280 2740 42 39 A
1354 2739 171 47 80403;
1562 2741 262 41 Harcourt,
1861 2742 154 39 Brace
2050 2741 35 39 &
2117 2749 82 36 co.,

270 2798 89 41 inc.
430 2798 251 48 (35-2334)

200 2901 205 65 Reilly,
437 2903 139 52 Mrs.
609 2901 220 54 Estelle
861 2901 375 66 (Mulqueen)

276 2976 273 55 Common
592 2996 153 33 sense
787 2976 93 53 for
922 2978 248 53 mothers
1210 2995 71 34 on
1321 2977 275 68 bringing
1639 2995 77 49 up
1760 2995 141 51 your
1945 2976 252 53 children

207 3053 148 54 from
381 3054 299 69 babyhood
703 3061 58 46 to
789 3056 368 68 adolescence,
1183 3055 75 68 by
1283 3054 138 54 Mrs.
1449 3054 156 55 John
1630 3054 55 54 S.
1715 3054 221 69 Reilly;
1962 3054 138 52 with
2129 3073 66 33 an

207 3131 1992 70 introduction by Charles Gilmore Kerley, M. D.; illustrated by
207 3210 148 55 Kate
384 3210 228 69 Seredy.
687 3210 137 53 New
855 3209 163 55 York
1045 3210 111 55 and
1182 3210 259 70 London,
1468 3210 169 53 Funk
1661 3212 46 51 &
1732 3210 297 70 Wagnalls
207 3228 1967 128 company,
411 3290 151 52 1935.

275 3358 1914 52 x p., 1 l., 380 p. front. (ports.) illus. 19½cm. (Literary digest books)
207 3428 51 52 ©
287 3433 106 40 Jan.
422 3434 69 46 31,
519 3433 141 48 1935;
690 3433 69 41 2c.
786 3434 98 40 and
909 3433 81 41 aff.
1020 3435 108 38 Feb.
1158 3435 54 46 8;
1242 3435 40 39 A
1309 3433 171 48 79569;
1510 3435 141 39 Funk
1679 3435 38 40 &
1744 3437 252 45 Wagnalls
2025 3445 65 31 co.

284 3489 249 49 (35-2508)

206 3590 250 67 Rhodes,
484 3594 242 63 Eugene
753 3594 289 66 Manlove,
1072 3599 325 50 1869-1934.

275 3669 119 54 The
444 3670 184 66 proud
678 3669 216 68 sheriff,
943 3671 75 67 by
1068 3672 232 66 Eugene
1348 3671 269 53 Manlove
1666 3671 256 67 Rhodes;
1977 3672 139 52 with
2168 3690 30 33 a

207 3747 285 64 preamble
521 3748 76 65 by
627 3748 203 68 Henry
859 3748 253 52 Herbert
1138 3749 242 52 Knibbs.
1456 3751 216 51 Boston
1704 3750 114 52 and
1850 3750 139 52 New
2021 3750 180 68 York,

206 3822 316 69 Houghton
553 3824 204 53 Mifflin
790 3844 297 50 company,
1123 3829 150 50 1935.

278 3896 878 52 2 p. l., [iii]-xxxviii, 177 p. 19 cm .
213 3960 50 52 ©
298 3965 108 41 Feb.
442 3967 68 48 12,
545 3967 141 48 1935;
719 3968 65 40 2c.
821 3969 109 39 Feb.
966 3969 82 47 16;
1085 3969 81 41 aff.
1202 3970 109 39 Feb.
1348 3972 81 45 14;
1466 3971 41 38 A
1542 3970 172 48 80453;
1752 3972 114 46 May
1900 3972 56 38 D.
1995 3970 208 40 Rhodes.

278 4023 90 39 Los
399 4024 217 48 Angeles.
689 4025 249 47 (35-2488)
