2424 4375
1030 4025 99 55 607

156 542 23 38 1
208 552 40 37 p.
312 571 8 16 l.,
350 542 87 39 130
461 553 41 37 p.
561 541 116 41 20cm.

88 606 51 53 ©
163 611 110 40 Dec.
298 610 69 49 29,
392 609 140 49 1934;
558 611 66 40 2c.
650 611 108 40 Jan.
783 611 42 47 2,
851 609 139 48 1935;
1020 609 81 41 aff.
1129 611 110 47 Apr.
1269 609 80 49 15;
1378 612 40 38 A
1446 609 169 48 82527;
1644 611 43 40 J.
1716 612 51 39 E.
1797 610 153 42 Green
1977 613 95 39 and

152 668 70 40 W.
251 668 69 40 W.
351 668 167 46 Green,
548 669 185 39 Dallas.
803 667 249 49 (35-6860)

85 796 198 65 Grose,
317 798 241 55 Helena.

155 886 289 69 Marriage
476 889 132 66 shy;
643 886 168 69 being
844 888 93 53 the
972 893 225 63 strange
1233 894 233 47 account
1498 887 62 54 of
1595 888 94 54 the
1724 885 347 57 love-affairs

89 964 61 52 of
192 964 251 55 Patricia
490 964 196 69 Gayle,
733 964 319 69 debutante,
1097 966 349 52 transcribed
1492 966 73 69 by
1609 965 220 55 Helena
1878 964 192 56 Grose.

89 1040 250 70 London,
367 1040 160 55 Mills
553 1044 45 50 &
625 1042 177 68 Boon,
830 1042 238 69 limited,
1098 1045 148 53 1935.

155 1111 85 40 254
270 1123 43 37 p.
373 1112 116 42 19cm.

85 1182 1931 56 © 1c. Apr. 17, 1935; A ad int. 20145; pubd. Apr. 5; Mills & Boon, ltd.
162 1242 249 49 (35-6774)

84 1377 318 65 Hamilton,
437 1379 226 55 Cosmo.

153 1468 232 66 Pillion,
427 1468 73 67 by
542 1467 204 56 Cosmo
787 1468 319 54 Hamilton.
1182 1469 258 64 London,
1483 1470 365 55 Hutchinson
1888 1475 46 50 &
1974 1492 97 47 co.,

83 1546 100 51 ltd.
229 1548 171 65 [1935]

153 1632 27 38 3
205 1641 41 37 p.
309 1662 8 16 l.,
344 1630 143 40 9-287
511 1641 42 37 p.
609 1630 115 40 19cm.

87 1697 1986 59 © 1c. Apr. 13, 1935; A ad int. 20134; pubd. Feb. 13; C. Hamilton,
152 1760 243 45 Ewhurst,
425 1757 192 49 Surrey,
647 1758 232 47 England.
951 1757 250 49 (35-6920)

82 1888 357 67 Hirschfeld,
471 1893 272 63 Magnus,
778 1896 321 50 1868-1935.

147 1982 133 52 Men
306 1983 110 51 and
441 2001 243 47 women;
710 1983 94 52 the
829 1983 177 52 world
1030 1983 240 69 journey
1295 1983 63 53 of
1380 2003 32 33 a
1436 1986 306 68 sexologist
1786 1987 93 69 [by]
84 1989 1965 124 Magnus

218 2060 354 53 Hirschfeld.
640 2062 137 52 New
809 2061 177 67 York,
1016 2063 67 54 G.
1116 2064 64 51 P.
1213 2063 295 53 Putnam’s
1536 2082 129 36 sons
1700 2099 12 33 [c
1742 2068 131 51 1935
1880 2100 12 32 ]

153 2150 29 38 4
205 2160 42 36 p.
309 2181 8 16 l.,
343 2148 197 47 vii-xix,
565 2148 85 40 325
677 2159 56 37 p.,
759 2148 162 47 front.,
949 2149 170 47 plates,
1146 2151 149 45 ports.
1349 2149 117 41 22cm.

157 2219 228 48 “English
418 2219 192 40 version
644 2219 63 48 by
741 2219 50 40 O.
829 2219 49 40 P.
914 2218 411 42 Green.”—Verso
1360 2220 54 40 of
1444 2220 59 40 2d
1538 2221 184 47 prelim,
1757 2222 113 39 leaf.

488 2277 102 39 CONTENTS.—The
619 2276 95 39 Far
745 2275 856 43 East.—Indonesia.—India.—The

1628 2280 129 38 Near
85 2280 1972 102 East.—Appendix.
331 2335 103 38 The
459 2332 290 48 sexological
778 2334 255 46 approach.

87 2400 51 53 ©
166 2405 111 47 Apr.
307 2405 68 47 18,
405 2403 140 48 1935;
577 2404 67 39 2c.
675 2404 96 39 and
801 2402 81 41 aff.
915 2404 114 47 May
1060 2404 51 46 1;
1144 2404 40 38 A
1214 2403 169 47 81813;
1419 2404 51 40 G.
1504 2405 49 39 P.
1584 2405 250 42 Putnam’s
1865 2417 124 30 sons.

162 2461 250 49 (35-6815)

83 2578 393 66 Huntington,
511 2578 335 65 Ellsworth,
878 2579 169 55 1876-

155 2670 175 53 After
369 2672 157 50 three
566 2670 304 53 centuries:
914 2690 31 32 a
985 2670 216 67 typical
1242 2672 138 52 New
1422 2673 270 65 England
1733 2672 224 69 family,
1997 2675 75 66 by

87 2749 308 51 Ellsworth
420 2747 371 68 Huntington
819 2749 110 51 and
956 2748 232 53 Martha
1214 2748 302 67 Ragsdale.
1578 2751 332 68 Baltimore,
1933 2752 139 67 Md.,

86 2827 116 53 The
231 2828 284 55 Williams
542 2830 44 50 &
610 2825 249 56 Wilkins
885 2844 295 49 company,
1211 2830 149 49 1935.

156 2901 99 47 viii,
282 2901 87 39 274
394 2911 42 37 p.
494 2900 126 39 illus.
651 2898 159 49 (map)
846 2898 192 47 diagrs,,
1067 2899 158 39 tables
1251 2898 48 48 (1
1328 2899 143 46 fold.)
1537 2899 60 40 20½c
1642 2902 27 21 m
1674 2932 9 9 .

157 2973 40 38 A
234 2972 149 47 study
422 2971 148 39 based
610 2981 59 29 on
710 2980 62 29 an
812 2966 343 50 investigation
1198 2969 54 39 of
1291 2971 83 39 the
1414 2970 308 48 Huntington
1763 2971 175 50 family
1980 2974 95 39 and

89 3030 139 39 other
260 3030 167 46 people
461 3028 52 39 of
546 3027 205 40 Puritan
789 3027 148 45 slock,
973 3027 219 46 together
1230 3025 118 41 with
1386 3037 25 30 a
1451 3026 180 41 briefer
1670 3029 146 47 study
1850 3030 56 39 of
1940 3030 136 40 three

88 3087 137 39 other
260 3086 207 39 selected
503 3085 94 39 and
634 3084 281 47 segregated
953 3084 180 37 human
1170 3083 174 46 stocks,
1383 3084 81 39 the
1502 3085 196 46 Maoris,
1739 3085 202 41 Parsees
1978 3086 96 41 and

90 3144 286 39 Icelanders.
444 3141 120 40 This
601 3139 344 49 investigation
985 3150 105 29 was
1128 3139 258 48 originally
1427 3141 211 47 planned
1678 3142 59 47 by
1779 3152 27 30 a
1852 3145 222 38 research

88 3199 273 40 committee
401 3197 257 48 appointed
701 3197 61 48 by
805 3198 80 39 the
929 3196 306 47 Huntington
1278 3196 174 48 family
1497 3197 295 41 association
1834 3200 96 39 and
1973 3209 101 31 was

90 3258 126 38 later
251 3256 188 40 revised
478 3255 97 40 and
612 3252 281 49 supervised
931 3254 61 46 by
1030 3264 27 29 a
1097 3252 284 41 Committee
1421 3264 59 29 on
1519 3254 253 48 biological
1813 3258 262 47 genealogy

90 3314 51 38 of
166 3315 80 38 the
270 3312 230 41 National
527 3311 224 39 research
777 3309 199 41 council.

157 3370 135 40 “List
318 3370 53 40 of
396 3368 255 40 American
680 3366 332 47 Huntingtons
1041 3368 162 38 whose
1232 3376 165 30 names
1428 3377 180 37 appear
1637 3367 52 39 in
1715 3370 82 38 the
1826 3367 252 50 following

90 3427 145 40 books
261 3427 52 38 of
337 3424 273 42 reference”:
666 3436 41 36 p.
734 3422 213 41 255-262.

92 3494 51 52 ©
170 3499 121 39 Mar.
319 3496 68 49 29,
417 3497 140 46 1935;
587 3497 66 38 2c.
683 3496 113 47 Apr.
825 3496 51 44 3;
910 3494 81 40 aff.
1023 3495 112 47 May
1165 3492 53 48 9;
1250 3495 41 37 A
1320 3494 168 47 81374;
1521 3496 51 37 E.
1605 3493 321 50 Huntington,
1958 3498 117 39 New

157 3556 184 39 Haven.
411 3552 250 50 (35-6816)

90 3669 392 67 Huntington,
509 3669 238 66 Robert,
779 3675 166 50 1868—

161 3762 293 54 Life-boat
480 3759 348 69 knowledge.
901 3758 200 55 Staten
1127 3756 203 68 island,
1360 3756 69 53 N.
1459 3756 91 69 Y.,
1579 3757 142 54 Pub.
1752 3758 74 69 by
1853 3758 96 55 the
94 3777 1954 129 author,
267 3838 212 54 Robert
506 3837 366 67 Huntington
908 3869 13 35 [
925 3842 19 22 c
949 3837 152 65 1935]

162 3923 69 47 38,
269 3924 55 50 [2]
357 3933 42 38 p.
460 3922 141 47 illus.,
637 3922 177 47 diagrs.
873 3920 114 41 18cm.
