2424 4375
1148 4054 100 49 409

195 448 400 58 Advertisers’
645 452 171 68 guide
864 457 59 47 to
971 451 508 54 Latin-American
1526 451 265 55 markets.
1873 454 151 53 How
2074 452 112 53 and

258 529 187 53 where
488 536 58 46 to
592 531 102 52 sell
736 531 175 65 today
956 529 61 52 in
1061 528 184 56 South
1289 528 286 67 America,
1622 528 234 55 Central
1901 529 284 66 America,

257 606 241 69 Mexico,
526 606 178 69 Cuba,
727 606 344 54 Dominican
1094 603 274 72 republic,
1391 606 169 54 Haiti
1595 640 13 33 [
1613 607 131 67 and]
1773 607 212 52 Puerto
2014 606 169 67 Rico;

258 684 300 69 including
589 682 354 71 advertising
972 690 167 62 rates,
1171 684 113 54 and
1315 685 136 53 data
1484 702 73 35 on
1587 702 379 50 newspapers,

257 702 1906 128 magazines,
456 764 164 53 trade
652 762 380 69 publications
1065 763 114 52 and
1211 762 162 53 radio
1407 761 257 55 stations.
1740 762 299 68 Compiled
2076 762 111 52 and

266 839 1916 69 published by Allied publishing company. Chicago [c1935 ]
263 914 86 40 412
377 925 43 38 p.
478 914 55 41 27
536 916 45 21 cm
583 944 9 9 .

270 969 259 41 Foreword
554 970 51 39 in
635 969 202 48 English
863 970 95 40 and
987 968 223 49 Spanish.

197 1024 53 53 ©
277 1028 122 39 Mar.
426 1027 71 49 28,
525 1026 141 48 1935;
696 1027 66 40 2c.
792 1028 95 39 and
914 1027 81 40 aff.
1025 1027 115 48 Apr.
1169 1027 53 46 1;
1252 1027 42 39 A
1322 1026 170 47 82286;
1524 1026 160 41 Allied
1712 1027 109 48 pub.
1851 1038 84 37 co.,
1964 1026 224 47 Chicago.

275 1083 250 49 (35-5164)

195 1172 315 54 American
534 1173 113 53 law
672 1172 296 57 institute.

263 1247 124 54 The
411 1247 387 54 Restatement
823 1248 60 53 in
908 1248 97 53 the
1028 1254 203 48 courts.
1294 1249 74 52 2d
1396 1248 84 53 ed.
1547 1246 104 68 [St.
1678 1246 167 68 Paul]
1877 1246 306 54 American

193 1325 110 53 law
331 1325 261 54 institute
616 1324 337 70 publishers,
985 1328 151 51 1935.

262 1398 282 49 cover-title,
575 1397 87 42 354
690 1408 45 38 p.
794 1397 56 42 23
854 1400 43 22 cm
901 1430 9 9 .

266 1453 299 41 “Periodical
593 1455 271 40 references
889 1456 49 39 to
964 1454 235 41 Institute
1223 1452 190 42 work”:
1442 1463 44 39 p.
1513 1452 219 42 295-300.

198 1508 53 53 ©
273 1512 111 41 Feb.
407 1512 70 49 22,
503 1512 140 43 1935;
671 1513 66 40 2c.
764 1514 120 39 Mar.
910 1513 82 47 18;
1021 1512 82 41 aff.
1129 1513 113 48 Apr.
1268 1512 82 48 12;
1378 1513 42 39 A
1444 1512 169 48 82041;
1642 1513 158 40 Amer.
1827 1514 97 39 law
1947 1511 241 50 institute,

265 1569 353 49 Philadelphia.
689 1568 249 50 (35-4930)

196 1657 316 55 American
539 1658 112 54 law
678 1661 237 61 reports
940 1659 343 56 annotated.

270 1734 1656 70 Cumulative index … v. 94, 95, combining cases and
195 1742 1969 125 annotations.
426 1814 324 68 Rochester,
780 1817 69 51 N.
880 1817 91 64 Y.,
1000 1815 123 53 The
1147 1816 267 64 Lawyers
1444 1813 384 69 co-operative
1853 1814 336 69 publishing

199 1910 307 50 company;
549 1893 339 68 Northport,
926 1895 65 51 L.
1031 1895 68 65 I.,
1136 1895 71 51 N.
1249 1895 91 64 Y.,
1380 1893 254 52 Edward
1674 1893 330 68 Thompson
196 1913 1969 125 company;

440 1969 116 55 San
616 1972 320 66 Francisco,
997 1970 194 68 Calif.,
1250 1969 584 70 Bancroft-Whitney
1893 1991 296 49 company,

201 2051 149 50 1935.

267 2121 87 41 186
381 2133 43 38 p.
481 2121 56 40 24
540 2124 45 21 cm
587 2152 9 8 .

267 2178 73 41 On
367 2189 167 29 cover:
565 2178 297 48 Temporary
887 2177 298 41 cumulative
1210 2177 338 48 index-digest.

200 2231 53 53 ©
282 2237 117 47 May
425 2236 39 46 1,
494 2234 140 47 1935;
667 2235 67 40 2c.
764 2236 114 47 May
906 2235 52 46 3;
991 2234 82 40 aff.
1104 2235 116 47 May
1248 2235 52 46 7;
1333 2235 42 39 A
1405 2233 169 46 82964;
1608 2235 229 47 Lawyers
1868 2233 321 49 co-operative

267 2293 110 47 pub.
402 2303 82 37 co.,
512 2292 212 40 Edward
748 2292 273 47 Thompson
1047 2302 67 29 co.
1143 2291 96 40 and
1265 2290 489 49 Bancroft-Whitney
1779 2301 67 30 co.

198 2365 315 56 American
539 2369 110 52 law
675 2372 238 64 reports,
939 2368 324 52 annotated.
1323 2367 235 53 Editors
1583 2366 62 53 in
1668 2367 170 68 chief,
1864 2369 221 67 George
2110 2369 77 51 H.

269 2447 258 52 Parmele
553 2447 113 51 and
690 2448 79 51 M.
796 2446 163 53 Blair
982 2447 242 65 Wailes;
1252 2445 326 68 consulting
1601 2446 201 67 editor,
1824 2446 260 55 William
2108 2449 78 51 M.

269 2523 355 69 McKinney;
670 2525 312 67 managing
1025 2523 229 69 editors,
1300 2523 234 55 Charles
1578 2522 357 69 Porterfield,
1980 2525 208 52 Edwin

270 2602 203 68 Stacey
504 2602 204 68 Oakes,
738 2602 235 53 assisted
1001 2602 77 68 by
1106 2602 96 52 the
1231 2602 417 68 exceptionally
1677 2602 368 68 experienced
270 2603 1893 130 editorial

485 2681 419 67 organizations
948 2681 61 53 of
1053 2681 96 52 the
1192 2679 336 68 publishers,
1608 2699 52 34 v.
1704 2684 81 49 95.
1866 2681 323 66 Rochester,

268 2759 69 51 N.
398 2759 90 65 Y.,
547 2758 122 52 The
724 2760 265 65 Lawyers
1049 2757 381 68 co-operative
1487 2757 337 69 publishing
1879 2777 306 49 company;

271 2836 339 67 Northport,
643 2838 64 50 L.
743 2837 67 65 I.,
844 2837 69 52 N.
949 2837 90 66 Y.,
1074 2835 254 53 Edward
1361 2836 330 67 Thompson
1724 2855 306 49 company;
2072 2836 116 55 San

269 2914 321 67 Francisco,
620 2913 194 68 Calif.,
844 2912 580 69 Bancroft-Whitney
1453 2932 296 50 company,
1779 2918 149 49 1935.

271 2987 100 48 viii,
400 2988 117 39 1626
543 2998 42 37 p.
642 2986 56 40 25½cm.

202 3041 53 53 ©
285 3046 113 46 May
427 3045 40 46 1,
495 3042 117 41 1935;
668 3042 68 41 2c.
766 3043 114 47 May
908 3043 53 46 3;
994 3042 83 40 aff.
1107 3043 115 47 May
1250 3043 53 46 7;
1335 3042 42 39 A
1406 3042 170 47 82965;
1609 3043 232 47 Lawyers
1867 3042 322 48 co-operative

266 3102 108 47 pub.
408 3112 81 36 co.,
521 3100 213 40 Edward
766 3100 273 47 Thompson
1072 3109 67 30 co.
1174 3100 96 39 and
1302 3099 487 48 Bancroft-Whitney
1824 3111 67 29 co.

198 3177 260 64 Armold,
485 3177 189 62 Perry
699 3176 67 55 B.

273 3251 1914 70 The road to a sale, by Perry B. Armold … Los Angeles.
204 3330 194 69 Calif.,
425 3331 122 53 The
574 3330 245 53 Armold
847 3330 140 53 sales
1016 3328 257 68 training
1302 3327 261 55 institute
1598 3333 191 64 [c1935]

275 3403 98 49 184,
406 3403 70 50 [2],
507 3400 215 49 185-239,
799 3421 11 30 [1]
840 3413 42 36 p.
942 3400 128 40 illus.
1130 3400 115 41 21cm.

277 3460 236 41 “Revised
546 3457 224 42 edition.”

277 3516 373 48 Bibliography:
682 3526 45 37 p.
757 3514 99 41 239.

205 3572 52 52 ©
294 3576 120 38 Mar.
452 3574 69 47 16,
559 3572 113 40 1935;
739 3571 67 40 2c.
843 3572 95 39 and
974 3570 82 41 aff.
1095 3571 120 39 Mar.
1253 3569 82 48 29;
1375 3571 41 38 A
1453 3570 169 47 82220;
1662 3571 50 40 P.
1751 3573 54 38 B.
1842 3572 213 48 Armold,
2096 3575 94 39 Los

270 3631 220 48 Angeles.
557 3627 249 51 (35-4955)

203 3707 238 64 Arnold,
472 3705 303 56 Christian
802 3705 53 56 J.

270 3782 120 52 The
422 3781 235 51 modern
687 3778 368 68 cornucopia;
1089 3778 385 52 science-horn
1508 3776 64 52 of
1605 3776 227 71 plenty;
1869 3780 219 67 symbol
2123 3779 64 54 of

202 3853 1984 72 peace and prosperity, by C. J. Arnold … [Mankato, Minn.,
201 3934 241 54 Printed
464 3935 76 67 by
564 3934 141 52 Free
732 3950 155 50 press
911 3950 297 50 company]
1241 3933 150 50 1935.
