2424 4375
1051 4059 134 49 1593

138 430 228 64 Alehin,
400 429 200 55 Carrie
632 429 298 63 Adelaide,
962 428 326 54 1857-1926.

204 504 256 68 Applied
494 505 297 67 harmony,
823 504 74 68 by
934 503 250 68 Carolyn
1222 502 72 53 A.
1331 502 243 67 Alehin;
1614 503 220 53 revised

135 502 1987 148 by Vincent Jones … pt. I. Diatonic harmony and simple modulation.
135 665 109 52 Los
270 664 264 65 Angeles,
562 661 193 66 Calif.,
781 663 64 50 L.
930 705 8 8 R.
968 663 173 53 Jones
1174 694 12 33 [
1192 666 17 21 c
1216 664 149 62 1935]

203 736 64 46 ix,
294 736 97 44 143,
421 736 68 46 14,
521 735 55 49 [5]
641 767 7 6 p.
704 733 54 41 23½c
809 736 27 21 m
841 766 8 8 .

207 789 134 41 With
369 797 260 32 numerous
658 789 204 40 musical
890 788 246 48 examples
1168 789 95 39 and
1291 786 252 42 exercises.

137 845 1988 53 © Sept. 24, 1935; 2c. Oct. 2; aff. Oct. 1; A 86871; Vincent Jones, New
201 906 144 39 York.
409 904 279 49 [Copyright
721 904 42 40 is
795 903 204 40 claimed
1032 913 60 29 on
1126 902 211 41 revision
1371 904 97 39 and
1500 914 104 29 new
1638 906 194 45 matter]

213 961 277 49 (35-25368)

135 1057 205 64 Baum,
370 1057 203 53 James
598 1056 226 63 Edwin,
858 1059 168 51 1887-

203 1133 305 56 Unknown
545 1134 303 67 Ethiopia;
884 1152 122 35 new
1039 1133 151 68 light
1224 1152 70 35 on
1331 1132 231 55 darkest
1596 1132 338 68 Abyssinia;

133 1130 1967 149 originally
370 1212 302 67 published
729 1212 179 53 under
963 1212 95 51 the
1116 1211 145 67 title,
1318 1209 259 69 “Savage
1615 1208 374 69 Abyssinia”;
2050 1210 72 67 by

133 1287 1965 146 James E. Baum … with illustrations from original photographs.
437 1368 138 52 New
611 1366 179 64 York,
827 1366 232 55 Grosset
1093 1370 46 50 &
1173 1368 234 66 Dunlap
1450 1400 12 33 [
1468 1373 17 21 c
1490 1369 151 63 1935]

200 1437 99 46 xxi,
330 1436 85 41 354
442 1448 43 37 p.
544 1436 163 48 front.,
739 1436 168 49 plates,
938 1439 147 46 ports.
1146 1437 55 40 23
1204 1438 43 22 cm
1253 1468 8 9 .

202 1494 139 47 Maps
368 1505 59 28 on
455 1493 362 47 lining-papers.

201 1550 74 39 An
307 1553 203 37 account
541 1550 51 39 of
625 1551 80 39 the
738 1550 134 40 Field
907 1550 449 46 museum-Chicago
1390 1550 131 46 daily
1556 1560 129 29 news
1722 1551 288 45 Abyssinirni
133 1562 1971 91 expedition.

398 1606 273 40 1926-1927.
711 1607 116 38 with
868 1617 25 28 a
932 1606 201 47 chapter
1169 1616 59 29 on
1268 1608 81 37 the
1389 1607 262 46 Ethiopian
1690 1608 250 43 situation,
132 1607 1990 96 1925-1935

283 1662 92 48 (“A
407 1663 177 39 decade
614 1663 153 39 later:
798 1660 169 42 1935”:
999 1673 43 37 p.
1072 1660 227 48 335-351)

136 1717 1987 53 © Nov. 1, 1935; 2c. and aff. Nov. 5; A 88132; Grosset & Dunlap, inc.
207 1778 278 50 [Copyright
511 1778 42 40 is
579 1777 205 41 claimed
810 1788 62 29 on
897 1786 103 31 new
1026 1779 183 38 matter
1234 1778 95 39 and
1357 1778 182 47 change
1567 1777 53 40 of
1645 1777 123 49 title]

213 1835 278 49 (35-24897)

135 1929 172 65 Beck,
336 1930 210 53 Alfred
576 1930 262 64 Charles,
867 1933 170 49 1885-

203 2005 1920 69 Obstetrical practice, by Alfred C. Beck … more than one
133 2082 281 54 thousand
459 2083 393 52 illustrations.
933 2082 334 67 Baltimore,
1313 2082 120 52 The
1476 2081 262 55 William
1782 2084 45 51 &
1868 2081 252 54 Wilkins

133 2180 294 49 company,
459 2165 150 50 1935.

204 2243 45 39 x,
279 2232 84 41 702
391 2243 44 37 p.
495 2232 114 40 illus.,
665 2234 162 46 ports.,
858 2233 178 47 diagrs.
1094 2231 57 41 28
1153 2233 44 22 cm
1202 2266 7 6 .

198 2288 224 41 Includes
459 2288 360 41 “References”.

136 2343 51 53 ©
217 2348 99 40 Oct.
349 2349 69 46 17,
450 2347 139 47 1935;
623 2346 66 42 2c.
721 2349 94 38 and
848 2346 79 41 aff.
960 2348 117 39 Nov.
1109 2349 51 45 7;
1196 2348 40 38 A
1267 2347 169 47 88144;
1471 2348 246 40 Williams
1746 2348 37 40 &
1813 2348 208 41 Wilkins
2054 2359 68 31 co.

211 2404 277 48 (35-24876)

134 2506 138 64 Bell,
297 2507 173 56 John.

201 2584 285 54 Moccasin
519 2585 250 65 Flower;
806 2604 70 33 an
907 2585 295 53 historical
1233 2583 183 69 novel,
1446 2585 74 68 by
1552 2586 158 54 John
1739 2585 146 54 Bell.
1954 2585 166 56 Saint

134 2663 162 65 Paul,
319 2663 202 65 Minn.,
547 2664 121 52 The
694 2663 161 53 Book
880 2669 253 59 masters,
1161 2667 149 50 1935.

201 2734 671 49 4 p. l., 255 p. front. 20 cm.
203 2790 161 41 “First
392 2790 224 41 edition.”

137 2842 51 53 ©
214 2847 101 41 Oct.
342 2849 68 45 11,
438 2846 140 49 1935;
606 2847 67 40 2c.
702 2848 99 40 Oct.
829 2848 53 40 23:
937 2848 81 39 aff.
1047 2849 117 39 Nov.
1192 2849 52 46 7;
1273 2848 44 39 A
1342 2847 169 48 89227;
1542 2849 135 39 Book
1704 2852 221 37 masters.

213 2904 279 47 (35-24890)

134 3004 137 64 Bell,
299 3007 153 52 John
481 3008 79 61 C.,
581 3008 76 69 jr.

200 3084 178 54 What
404 3084 71 52 do
503 3103 110 48 you
640 3085 165 53 know
835 3086 169 52 about
1030 3086 95 52 the
1152 3104 122 34 new
1304 3086 158 53 deal?
1494 3087 75 66 by
1597 3086 156 55 John
1783 3086 64 54 C.
1875 3086 145 66 Bell,
2047 3086 70 68 jr.

139 3162 439 67 [Philadelphia,
603 3169 18 20 c
627 3166 149 63 1934]

203 3234 835 49 cover-title, 2 p. l., 71 p. 22½cm.
137 3286 51 52 ©
212 3291 101 40 Oct.
335 3292 40 48 5,
398 3292 139 46 1934;
564 3292 66 39 2c.
655 3294 95 37 and
774 3292 82 40 aff.
881 3293 101 40 Oct.
1007 3292 82 47 20;
1116 3294 39 38 A
1180 3294 169 45 75873;
1377 3294 43 39 J.
1447 3293 46 40 C.
1521 3294 119 45 Bell,
1665 3292 76 48 jr.,
1765 3292 354 48 Philadelphia.

137 3405 308 68 Bingham,
473 3408 210 55 Alfred
712 3408 279 65 Mitchell,
1023 3414 170 50 1905-

200 3485 306 68 Insurgent
536 3486 294 68 America;
861 3490 181 51 revolt
1070 3487 63 54 of
1160 3489 98 53 the
1284 3488 442 53 middle-classes
1858 3521 13 34 [by]
1907 3489 207 52 Alfred

134 3560 1982 72 M. Bingham … New York and London, Harper & brothers.
138 3641 144 52 1935.

205 3708 867 51 vii p., 1 l., 253 p. diagrs. 24 cm .
205 3764 160 42 “First
394 3766 226 41 edition.”

478 3822 131 46 CONTENTS.—pt.
640 3829 32 33 I.
703 3823 143 39 Marx
874 3826 94 38 and
1000 3826 82 38 the
1109 3824 438 48 proletariat.—pt.
1578 3832 56 34 II.
1663 3826 114 40 Rise
1807 3827 53 39 of
1890 3828 81 38 the

138 3826 1964 99 middle-classes.—pt.
643 3909 10 9 III.
675 3879 101 39 The
799 3878 172 42 fascist
998 3881 360 47 reaction.—pt.
1439 3913 10 8 IV.
1475 3882 38 37 A
1537 3891 224 39 program
1783 3882 79 41 for
1884 3880 236 42 America.

138 3927 51 53 ©
213 3934 115 40 Nov.
357 3937 37 45 1,
422 3935 111 40 1935;
589 3937 66 39 2c.
683 3937 101 39 Oct.
811 3938 80 45 31;
922 3937 79 40 aff.
1030 3939 117 39 Nov.
1174 3940 53 45 4;
1257 3940 41 38 A
1325 3939 169 42 89190:
1526 3941 191 48 Harper
1746 3941 34 41 &
1809 3942 123 40 bros,

213 3990 275 46 (35-24863)
