2424 4375
1281 4084 133 49 1444

342 462 377 66 Carrington,
750 464 341 64 Hereward,
1127 466 171 51 1880-

412 539 217 53 Loaves
661 540 112 51 and
808 540 192 65 fishes;
1038 558 30 33 a
1102 541 171 64 study
1307 539 63 52 of
1402 540 94 51 the
1529 539 275 64 miracles,
1836 538 64 52 of
1931 539 94 53 the

345 556 1962 129 resurrection,
522 618 113 52 and
673 617 63 52 of
773 616 96 55 the
908 615 195 55 future
1141 615 122 64 life,
1302 615 59 53 in
1400 616 94 53 the
1534 615 150 69 light
1721 615 64 53 of
1821 618 233 51 modern
2095 613 229 70 psychic

342 692 1967 135 knowledge, by Hereward Carrington … New York, C. Scribner’s
515 791 157 48 sons;
703 774 256 64 London,
989 773 61 55 C.
1083 770 310 57 Scribner’s
1422 790 144 49 sons,
1592 772 121 66 ltd.,
1745 776 148 49 1935.

414 856 33 30 x
475 856 58 38 p.,
564 846 25 39 1
652 876 9 18 l.,
691 846 86 40 274
807 856 43 38 p.
908 845 59 41 20½
997 848 44 21 cm
1045 877 10 10 .

418 914 348 42 “References”:
827 925 44 38 p.
901 915 218 42 271-274.

343 983 53 53 ©
428 988 102 40 Oct.
562 988 68 41 17.
664 986 139 41 1935;
838 986 66 41 2c.
939 987 101 40 Oct.
1074 987 82 46 24;
1192 986 81 41 aff.
1309 986 100 41 Oct.
1443 986 81 46 25;
1560 986 42 39 A
1630 984 170 48 89039;
1835 986 203 40 Charles
2074 983 263 42 Scribners

414 1055 124 29 sons.
610 1043 280 49 (35-20698)

346 1146 408 65 Christopher,
785 1147 188 54 Anne.

413 1224 120 51 The
574 1222 244 69 monkey
860 1222 184 68 twins,
1085 1223 76 67 by
1202 1222 167 53 Anne
1412 1220 394 68 Christopher,
1848 1218 377 55 illustrations
2266 1221 70 67 by

343 1298 1921 71 Inez Hogan. Racine, Wis., Whitman publishing co. [ c 1935]
419 1375 83 50 [33]
535 1386 43 38 p.
638 1374 129 41 illus.
827 1374 55 41 16½
929 1386 32 29 x
978 1375 55 40 21½
1066 1378 44 21 cm
1115 1407 9 9 .

417 1445 288 40 Illustrated
741 1445 361 49 lining-papers.

347 1511 53 53 ©
432 1516 128 48 Sept.
591 1516 68 47 24,
692 1515 140 47 1935;
865 1515 65 40 2c.
963 1516 101 40 Oct.
1093 1516 47 39 31;
1209 1515 82 40 aff.
1324 1515 101 40 Oct.
1458 1515 82 41 30;
1575 1516 39 38 A
1647 1514 141 42 89082;
1851 1514 248 41 Whitman
2131 1515 107 48 pub.
2272 1523 65 32 co.

426 1571 281 50 (35-20668)

350 1677 226 63 Coster,
604 1675 219 55 Lucien
852 1677 88 54 de.

480 1750 1859 68 … L’orthodontie à base d’acier; application des métaux
349 1829 370 68 inoxydables
791 1846 71 34 au
930 1829 328 53 traitement
1327 1827 320 69 biologique
1720 1828 95 53 des
1883 1827 454 54 malformations

350 1905 443 55 dento-faciales.
869 1905 182 68 Paris,
1081 1905 228 53 Masson
1337 1906 46 51 &
1410 1923 80 49 cie,
1524 1907 148 50 1935.

418 1977 27 39 2
472 1988 44 38 p.
577 2008 9 17 l.,
618 1977 232 50 [vii]-viii,
877 1977 98 48 203,
1007 1977 55 50 [1]
1090 1988 42 38 p.
1193 1977 128 40 illus.
1381 1977 56 38 22
1440 1979 43 21 cm
1489 2008 8 9 .

420 2046 420 50 “Bibliographie”:
902 2058 42 38 p.
982 2046 247 51 [193]-200.

350 2119 1794 53 © June 1, 1935; 1c. Aug. 21; A- Foreign 28852; Masson et cie.
429 2180 281 48 (35-20253)

356 2280 361 68 [Creighton,
746 2282 206 64 Henry
979 2281 264 53 Jermain
1274 2281 231 68 Maude]
1544 2285 171 50 1886-

423 2359 1913 69 Principles and applications of electrochemistry … v. 2.
352 2436 1987 70 Applications, by W. A. Koehler … New York, J. Wiley &
353 2535 145 46 sons,
528 2517 105 51 inc.;
697 2517 257 65 London,
988 2516 301 67 Chapman
1319 2520 45 50 &
1395 2516 159 68 Hall,
1585 2517 240 67 limited,
1859 2521 148 50 1935.

420 2588 888 49 xiv, 545 p. illus., diagrs. 23 ½ cm .
423 2658 1915 50 “Volume I , Principles of electrochemistry, by H. Jermain Creighton.”
356 2726 53 52 ©
439 2730 101 39 Oct.
569 2731 69 45 17,
669 2729 113 40 1935;
841 2730 64 39 2c.
935 2730 100 39 Oct.
1066 2730 55 39 23;
1182 2729 79 39 aff.
1295 2730 101 39 Oct.
1428 2729 54 39 19;
1543 2730 40 37 A
1614 2730 142 39 87885;
1816 2731 190 38 Walter
2033 2731 54 38 A.
2120 2730 217 45 Koehler,

430 2787 348 47 Morgantown,
806 2786 70 39 W.
904 2786 85 39 Va.

357 2889 235 64 Cronin,
617 2890 156 53 John
798 2889 273 56 William.

425 2965 55 51 A
516 2965 404 68 bibliography
959 2965 63 53 of
1060 2965 154 54 John
1254 2965 215 52 Adams
1508 2965 111 54 and
1657 2965 154 54 John
1851 2964 223 69 Quincy
2113 2964 226 65 Adams,

357 3042 278 69 compiled
674 3042 73 69 by
785 3042 155 54 John
975 3044 89 53 W.
1106 3042 212 55 Cronin
1360 3044 108 51 and
1509 3043 87 52 W.
1637 3043 233 68 Harvey
1908 3042 170 68 Wise,
2116 3041 71 68 jr.
2261 3043 78 49 1st

356 3120 83 51 ed.
514 3118 395 69 Washington,
944 3119 68 51 D.
1047 3119 80 58 C.,
1160 3118 308 55 Riverford
1505 3119 330 69 publishing
1867 3137 292 50 company,
2195 3119 141 51 1935.

426 3190 58 40 78
511 3200 42 37 p.
613 3190 56 40 25
672 3193 44 21 cm
721 3222 8 8 .
800 3190 96 48 (On
926 3202 163 31 cover:
1115 3191 323 41 Presidential
1470 3192 399 48 bibliographical
1902 3194 161 39 series,
2125 3201 71 33 no.
2228 3189 49 46 2)

359 3259 52 52 ©
436 3263 99 40 Oct.
562 3265 68 45 17,
655 3264 140 47 1935;
821 3265 67 38 2c.
913 3265 95 38 and
1033 3264 82 39 aff.
1142 3264 101 40 Oct.
1268 3264 80 46 18;
1376 3265 40 38 A
1440 3263 169 47 87769;
1635 3265 43 39 J.
1704 3266 70 39 W.
1802 3264 179 41 Cronin
2005 3266 95 38 and
2126 3265 68 39 W.

425 3263 1896 105 Harvey
553 3320 144 48 Wise,
736 3320 74 48 jr.,
850 3320 332 48 Washington.
1254 3320 280 50 (35-20259)

362 3421 245 65 Dangel,
636 3423 252 53 Edward
916 3421 210 66 Miron,
1157 3428 170 50 1892-

428 3500 440 52 Massachusetts
901 3500 457 67 jurisprudence;
1395 3519 288 49 summary
1714 3519 240 49 process,
1985 3502 74 65 by
2093 3495 243 58 Edward

359 3577 1977 68 M. Dangel … Boston, Massachusetts jurisprudence company
365 3658 192 63 [c1934]

427 3726 25 39 1
481 3738 43 29 v.
582 3726 58 40 26
639 3729 45 21 cm
689 3758 8 8 .

430 3779 41 39 A
502 3779 281 47 systematic
816 3781 261 39 statement
1108 3779 53 41 of
1192 3782 80 39 the
1303 3782 98 39 law
1432 3792 54 29 as
1518 3781 198 40 decided
1749 3782 61 46 by
1842 3781 82 41 the
1961 3782 227 47 Supreme
361 3777 1955 97 judicial
483 3836 138 39 court
647 3834 52 40 of
727 3835 396 40 Massachusetts.

432 3890 69 39 To
528 3890 58 40 be
615 3890 113 48 kept
759 3901 65 37 up
850 3893 48 38 to
927 3891 113 39 date
1070 3891 60 47 by
1161 3894 195 37 current
1388 3891 168 48 pocket
1588 3892 338 48 supplements.

364 3959 52 52 ©
445 3963 116 46 July
589 3963 69 47 27,
689 3963 138 47 1934;
860 3965 64 39 2c.
958 3964 101 40 Oct.
1089 3965 40 45 3,
1158 3963 138 47 1935;
1362 3964 50 40 aff.
1445 3964 101 40 Oct.
1578 3964 53 38 12;
1692 3965 42 38 A
1763 3964 141 41 86562;
1966 3965 52 39 E.
2051 3965 61 37 M.
2145 3957 190 49 Dangel,

432 4020 194 42 Boston,
697 4019 276 50 (35-18509)
