2424 4375
1279 4097 131 49 1378

343 468 276 66 Chicago.
713 471 264 62 Century
1036 470 64 52 of
1161 486 281 48 progress
1503 469 421 55 international
1987 470 349 66 exposition,

416 549 326 52 1933-1934.

414 623 219 56 Official
664 623 172 70 guide
866 624 146 54 book
1041 624 65 55 of
1133 624 96 55 the
1258 625 227 53 world’s
1515 623 118 55 fair
1660 624 65 54 of
1758 629 150 51 1934.
1983 624 269 70 Chicago,
2283 627 55 52 A

344 701 256 73 Century
633 702 64 55 of
732 720 261 51 progress
1028 702 408 55 international
1469 702 338 69 exposition,
1841 710 18 22 c
1864 708 149 50 1934.

417 774 87 42 192
531 786 44 39 p.
635 774 129 42 illus.
792 775 133 50 (incl.
955 776 174 49 ports.)
1168 784 137 39 maps
1334 775 47 50 (1
1412 774 144 49 fold.)
1623 776 55 40 21½
1711 779 44 22 cm
1759 806 10 9 .

418 833 225 41 Includes
673 833 302 49 advertising
1002 836 194 38 matter.

343 893 55 53 ©
429 899 114 46 May
567 898 72 46 26,
671 896 114 41 1934;
845 897 67 40 2c.
945 898 121 39 Mar.
1096 898 41 46 4,
1169 897 115 40 1935;
1344 896 81 41 aff.
1460 896 110 41 Feb.
1603 898 55 39 14;
1721 897 38 40 A
1791 897 145 41 79915;
1996 898 162 41 Cuneo
2190 908 149 38 press,

414 954 105 48 inc.,
546 954 222 48 Chicago.
842 953 280 48 (35-18680)

346 1057 394 66 Coatsworth,
773 1057 306 55 Elizabeth
1110 1060 166 63 Jane,
1311 1063 170 50 1893-

416 1137 122 52 The
568 1137 207 67 golden
807 1138 315 52 horseshoe,
1153 1138 75 65 by
1262 1138 299 52 Elizabeth
1596 1138 387 66 Coatsworth;
2018 1136 321 55 illustrated

347 1217 73 65 by
444 1217 213 52 Robert
676 1218 255 51 Lawson.
1009 1217 137 52 New
1170 1216 179 66 York,
1372 1217 119 53 The
1514 1217 332 53 Macmillan
1869 1234 296 50 company,
2190 1220 149 50 1935.

417 1289 1385 49 7 p. l., 3-151, [2] p. incl. illus., plates, front. 21 cm .
419 1347 288 40 Illustrated
742 1345 362 50 lining-papers.

347 1406 53 54 ©
426 1411 101 40 Oct.
553 1411 39 43 8,
619 1410 115 41 1935;
786 1410 67 40 2c.
877 1411 97 39 and
999 1410 80 40 aff.
1107 1410 102 40 Oct.
1234 1410 30 39 9;
1316 1411 40 38 A
1382 1409 143 42 87539;
1581 1409 282 41 Macmillan
1888 1421 67 29 co.
428 1468 279 47 (35-18415)

352 1569 234 65 Collins,
615 1568 152 55 Alan
796 1568 311 66 Copeland,
1138 1575 170 50 1902-

420 1646 121 53 The
568 1651 159 63 story
755 1645 64 54 of
846 1644 264 54 America
1139 1645 59 53 in
1230 1644 267 70 pictures,
1525 1644 282 69 arranged
1834 1644 75 68 by
1937 1643 154 55 Alan
2119 1644 66 56 C.
353 1644 1964 132 Collins;

522 1722 388 55 introduction
942 1722 75 70 by
1045 1722 220 57 Claude
1293 1722 70 56 G.
1394 1724 249 52 Bowers.
1707 1722 231 56 Garden
1968 1721 155 69 City,
2150 1722 70 54 N.
2253 1723 89 64 Y.,

350 1799 357 71 Doubleday,
734 1801 196 53 Doran
958 1803 47 51 &
1032 1818 297 50 company,
1356 1801 127 67 inc.,
1515 1803 150 51 1935.

421 1874 97 49 xiv,
547 1874 172 41 15-447
748 1885 45 39 p.
820 1873 52 43 of
898 1874 126 41 illus.
1054 1874 134 48 (incl.
1217 1876 164 47 ports.,
1410 1874 240 48 facsims.)
1718 1872 146 42 23½cm.

421 1932 163 41 “First
613 1931 229 42 edition.”

350 1993 53 53 ©
433 1998 127 47 Sept.
588 1996 70 46 27,
687 1995 117 41 1935;
857 1995 64 40 2c.
952 1996 95 39 and
1076 1993 81 41 aff.
1188 1994 102 41 Oct.
1318 1994 26 39 2;
1404 1994 39 39 A
1472 1994 143 40 87454;
1673 1994 297 48 Doubleday,
2001 1995 165 39 Doran
2197 1995 37 39 &
2261 2005 81 37 co.,

423 2055 90 39 inc.
583 2052 255 48 (35-18405)

348 2156 175 65 Cook,
553 2156 143 54 Glen
729 2155 262 55 Charles.

417 2232 176 52 Farm
618 2230 317 54 mechanics
963 2235 121 48 text
1111 2230 113 53 and
1253 2229 323 67 handbook,
1604 2229 75 70 by
1707 2228 70 56 G.
1807 2227 62 57 C.
1902 2228 158 56 Cook
2091 2272 56 10 …
2182 2228 64 54 L.
2275 2229 65 53 L.

348 2307 281 56 Scranton
664 2351 57 10 …
756 2308 113 53 and
894 2307 78 54 H.
1000 2308 65 52 F.
1094 2306 266 70 McColly
1396 2350 56 10 …
1527 2306 306 70 [Danville,
1862 2307 115 69 Ill.,
2005 2308 121 53 The
346 2307 1973 133 Interstate

518 2386 265 69 printing
808 2404 99 49 co.,
937 2388 150 51 1935.

417 2458 99 48 450,
548 2460 54 50 [4]
630 2470 43 38 p.
734 2458 128 41 illus.
921 2457 56 41 23½
1010 2460 45 21 cm
1058 2490 9 9 .

419 2514 72 42 On
515 2526 141 30 cover;
710 2514 175 42 Edited
910 2514 62 47 by
999 2514 50 41 L.
1074 2514 51 40 L.
1154 2513 251 41 Scranton.

418 2571 348 49 Bibliography
792 2573 53 39 at
871 2573 90 41 end
987 2571 54 40 of
1063 2571 119 41 each
1210 2571 212 47 chapter.

353 2627 53 53 ©
432 2632 119 47 Aug.
580 2630 68 47 12,
677 2629 117 41 1935;
847 2630 66 40 2c.
946 2630 126 48 Sept.
1098 2629 54 39 21;
1211 2629 83 40 aff.
1326 2629 126 49 Sept.
1481 2630 28 39 3;
1564 2630 41 38 A
1631 2630 147 40 87199;
1835 2631 266 41 Interstate
2129 2629 216 51 printing

421 2699 68 29 co.
560 2686 258 48 (35-18669)

352 2787 163 65 Ellis,
543 2789 234 54 Samuel
805 2788 240 65 Robert,
1077 2792 171 51 1893-

419 2864 183 67 Jesus,
626 2862 95 54 the
748 2868 160 64 great
931 2863 243 67 teacher,
1200 2862 75 69 by
1305 2861 229 56 Samuel
1562 2862 215 54 Robert
1803 2862 148 54 Ellis
1985 2905 56 11 …
2110 2863 231 67 Boston,

348 2939 1306 70 The Christopher publishing house [ c 1935]
419 3012 550 50 3 p. l., 9-98 p. 20 cm .
353 3068 55 53 ©
438 3073 128 47 Sept.
593 3072 68 46 12,
691 3070 114 42 1935;
861 3071 66 40 2c.
962 3071 127 47 Sept.
1116 3070 54 39 21;
1231 3071 87 42 aff.,
1347 3072 127 46 Sept.
1503 3070 60 40 20;
1618 3071 40 39 A
1686 3071 141 40 87121;
1889 3071 317 48 Christopher
2235 3073 107 47 pub.

422 3130 163 39 house.
655 3127 255 48 (35-18664)

351 3227 178 66 Fahs,
559 3228 246 56 Charles
828 3230 258 63 Harvey,
1119 3231 170 53 1872-

423 3303 347 68 Conspectus
841 3304 62 51 of
972 3304 357 68 cooperative
1402 3303 339 69 missionary
1812 3304 338 67 enterprises
2228 3303 108 69 [by]

352 3380 236 55 Charles
620 3382 76 52 H.
730 3381 152 53 Fahs
920 3415 12 33 [
939 3382 130 66 and]
1107 3381 183 52 Helen
1329 3381 60 52 E.
1429 3381 196 53 Davis.
1697 3381 135 53 New
1868 3381 180 56 York.
350 3382 1962 130 International
554 3458 337 69 missionary
920 3458 237 67 council,
1187 3461 149 50 1935.

452 3529 489 53 v p., 1 l., 252 p. 23 ½cm.
357 3584 53 53 ©
447 3588 125 49 Sept.
609 3589 68 40 10.
711 3588 140 46 1935;
887 3588 65 40 2c.
989 3590 95 38 aud
1117 3588 81 40 aff.
1236 3588 127 43 Sept.
1399 3588 55 40 20;
1518 3589 40 38 A
1593 3588 169 48 87112;
1799 3590 126 38 John
1962 3589 55 40 R.
2053 3589 138 46 Mott,
2226 3590 116 40 New

425 3646 142 38 York.
641 3644 278 47 (35-18666)

362 3746 170 63 Ford,
565 3746 243 57 Roland.

428 3820 135 52 New
598 3820 161 52 York
791 3821 107 53 law
933 3821 64 52 of
1025 3821 290 63 evidence;
1350 3822 381 51 examination
1764 3820 62 52 of
1858 3822 301 65 witnesses,
357 3836 1961 126 questions,

552 3896 149 54 rules
730 3896 63 54 of
821 3896 277 68 evidence,
1128 3896 322 69 procedure,
1482 3897 136 52 with
1652 3897 183 52 actual
1867 3895 280 68 examples
2174 3895 163 54 taken

357 3971 150 62 from
542 3973 93 60 the
670 3972 227 67 printed
931 3973 222 53 records
1190 3991 69 35 on
1293 3975 218 65 appeal,
1548 3973 71 69 by
1657 3971 222 53 Roland
1917 3973 152 52 Ford
2109 4015 56 11 …
2245 3972 93 51 Al-
