<alto xmlns="http://www.loc.gov/standards/alto/ns-v3#" xmlns:xlink="http://www.w3.org/1999/xlink" xmlns:xsi="http://www.w3.org/2001/XMLSchema-instance" xsi:schemaLocation="http://www.loc.gov/standards/alto/ns-v3# http://www.loc.gov/alto/v3/alto-3-0.xsd"><Description>
<MeasurementUnit>pixel</MeasurementUnit>
<sourceImageInformation>
<fileName>1935_v32_Part1.pdf</fileName>
</sourceImageInformation>
<OCRProcessing ID="IdOcr">
<ocrProcessingStep>
<processingDateTime>2019-01-15</processingDateTime>
<processingSoftware>
<softwareCreator>ABBYY</softwareCreator>
<softwareName>ABBYY Recognition Server</softwareName>
<softwareVersion>4.0</softwareVersion>
</processingSoftware>
</ocrProcessingStep>
</OCRProcessing>
</Description>
<Styles>
<ParagraphStyle ID="StyleId-FFFFFFFF-FFFF-FFFF-FFFF-FFFFFFFFFFFF-" ALIGN="Left" LEFT="0." RIGHT="0." FIRSTLINE="0."/>
<ParagraphStyle ID="StyleId-09A13A44-4F77-4ABE-84F3-84CC8B3C72CE-" ALIGN="Left" LEFT="0." RIGHT="0." FIRSTLINE="0." LINESPACE="7.699999809"/>
<ParagraphStyle ID="StyleId-1F945060-F8CD-4435-B69A-5FF49DB0C586-" ALIGN="Left" LEFT="0." RIGHT="0." FIRSTLINE="-10." LINESPACE="12.19999981"/>
<ParagraphStyle ID="StyleId-C6CAE747-F5A4-4D0D-8D74-D452DA7E2C1C-" ALIGN="Block" LEFT="0." RIGHT="0." FIRSTLINE="-14." LINESPACE="8.350000381"/>
<ParagraphStyle ID="StyleId-FC0F3374-189A-459E-BE29-2DC14180F022-" ALIGN="Left" LEFT="0." RIGHT="0." FIRSTLINE="0."/>
<ParagraphStyle ID="StyleId-49397C49-A894-4B3E-BA5E-1126226BA375-" ALIGN="Left" LEFT="0." RIGHT="0." FIRSTLINE="-12." LINESPACE="11.09000015"/>
<ParagraphStyle ID="StyleId-9E34DD3A-E661-48BD-A3A1-6A3D48346F00-" ALIGN="Block" LEFT="0." RIGHT="0." FIRSTLINE="-14." LINESPACE="11.09000015"/>
<ParagraphStyle ID="StyleId-56CE54AA-A08B-4BAA-8605-F26020A0E36E-" ALIGN="Left" LEFT="0." RIGHT="0." FIRSTLINE="0." LINESPACE="9.399999619"/>
<ParagraphStyle ID="StyleId-77814FFC-C42F-4AA9-9880-EF33B947DEC8-" ALIGN="Left" LEFT="0." RIGHT="0." FIRSTLINE="-11." LINESPACE="11.06999969"/>
<ParagraphStyle ID="StyleId-FDE92EC0-67DC-4C7B-8A24-094B12C38B6C-" ALIGN="Center" LEFT="0." RIGHT="0." FIRSTLINE="0." LINESPACE="11.30000019"/>
<ParagraphStyle ID="StyleId-65180E3B-4C93-4FB8-81EE-E026DD63DBF3-" ALIGN="Left" LEFT="0." RIGHT="0." FIRSTLINE="0." LINESPACE="11.10000038"/>
<ParagraphStyle ID="StyleId-10E885C2-5813-4620-B0AA-0FBA30CF7A32-" ALIGN="Left" LEFT="0." RIGHT="0." FIRSTLINE="0." LINESPACE="9.5"/>
<ParagraphStyle ID="StyleId-913C2DB5-9F02-4067-BAF7-0AED37B60BBE-" ALIGN="Left" LEFT="0." RIGHT="0." FIRSTLINE="0." LINESPACE="6.099999905"/>
<ParagraphStyle ID="StyleId-9C79A9D2-8F08-4A8F-985D-B00E253ED1E5-" ALIGN="Left" LEFT="0." RIGHT="0." FIRSTLINE="0." LINESPACE="4.400000095"/>
<ParagraphStyle ID="StyleId-A41F0407-FEFE-4738-9EC5-E05AFFF62781-" ALIGN="Left" LEFT="0." RIGHT="0." FIRSTLINE="0." LINESPACE="7.300000191"/>
<ParagraphStyle ID="StyleId-61D37176-94E8-408D-9B87-01C406CE8AB2-" ALIGN="Left" LEFT="0." RIGHT="0." FIRSTLINE="0." LINESPACE="8.050000191"/>
</Styles>
<Layout>
<Page ID="Page937" PHYSICAL_IMG_NR="937" HEIGHT="4375" WIDTH="2424">
<TopMargin HEIGHT="426" WIDTH="2424" VPOS="0" HPOS="0">
</TopMargin>
<LeftMargin HEIGHT="3602" WIDTH="169" VPOS="426" HPOS="0">
</LeftMargin>
<RightMargin HEIGHT="3602" WIDTH="232" VPOS="426" HPOS="2192">
</RightMargin>
<BottomMargin HEIGHT="347" WIDTH="2424" VPOS="4028" HPOS="0">
<TextBlock ID="Page937_Block1" HEIGHT="105" WIDTH="304" VPOS="4043" HPOS="1085" LANG="en-US" STYLEREFS="StyleId-9C142843-A865-4AF8-97AD-6B442758C468-">
<TextLine HEIGHT="53" WIDTH="100" VPOS="4050" HPOS="1133">
<String CONTENT="937" HEIGHT="53" WIDTH="100" VPOS="4050" HPOS="1133"/>
</TextLine>
</TextBlock>
<GraphicalElement ID="Page937_Block2" HEIGHT="347" WIDTH="18" VPOS="4028" HPOS="0"/>
<GraphicalElement ID="Page937_Block3" HEIGHT="302" WIDTH="12" VPOS="4042" HPOS="23"/>
</BottomMargin>
<PrintSpace HEIGHT="3602" WIDTH="2023" VPOS="426" HPOS="169">
<TextBlock ID="Page937_Block4" HEIGHT="3602" WIDTH="2023" VPOS="426" HPOS="169" CS="1" STYLEREFS="StyleId-759303DC-04C0-447F-A28B-AB49461C3E9F-">
<Shape>
<Polygon POINTS="176,426 337,426 337,427 922,427 922,428 1507,428 1507,429 2092,429 2092,430 2192,430 2192,434 2191,434 2191,1019 2190,1019 2190,1605 2189,1605 2189,2190 2188,2190 2188,2775 2187,2775 2187,3360 2186,3360 2186,3945 2185,3945 2185,4028 2087,4028 2087,4027 1502,4027 1502,4026 917,4026 917,4025 332,4025 332,4024 169,4024 169,3941 170,3941 170,3356 171,3356 171,2770 172,2770 172,2185 173,2185 173,1600 174,1600 174,1015 175,1015 175,430 176,430 176,426"/>
</Shape>
<TextLine HEIGHT="64" WIDTH="691" VPOS="436" HPOS="190" STYLEREFS="StyleId-1E2B307C-85DF-4038-A53A-76B82483E43D-">
<String LANG="de" CONTENT="Kappert," HEIGHT="64" WIDTH="280" VPOS="436" HPOS="190"/>
<SP HEIGHT="63" WIDTH="26" VPOS="437" HPOS="471"/>
<String LANG="de" CONTENT="Hans," HEIGHT="63" WIDTH="183" VPOS="437" HPOS="498"/>
<SP HEIGHT="58" WIDTH="29" VPOS="442" HPOS="682"/>
<String LANG="en-US" CONTENT="1890-" HEIGHT="49" WIDTH="169" VPOS="441" HPOS="712"/>
</TextLine>
<TextLine HEIGHT="151" WIDTH="1955" VPOS="511" HPOS="191" STYLEREFS="StyleId-77DC4389-AC59-4033-AFE9-4FC8A2F5E4D4-" LANG="de" CS="1">
<String LANG="en-US" CONTENT="Grundriss" HEIGHT="54" WIDTH="313" VPOS="512" HPOS="251"/>
<SP HEIGHT="50" WIDTH="28" VPOS="514" HPOS="565"/>
<String CONTENT="der" HEIGHT="50" WIDTH="99" VPOS="514" HPOS="594"/>
<SP HEIGHT="47" WIDTH="26" VPOS="532" HPOS="694"/>
<String CONTENT="g&#228;rtnerischen" HEIGHT="67" WIDTH="423" VPOS="513" HPOS="721"/>
<SP HEIGHT="48" WIDTH="26" VPOS="533" HPOS="1145"/>
<String CONTENT="pflanzenz&#252;chtung," HEIGHT="69" WIDTH="569" VPOS="513" HPOS="1172"/>
<SP HEIGHT="45" WIDTH="25" VPOS="535" HPOS="1742"/>
<String CONTENT="von" HEIGHT="32" WIDTH="111" VPOS="535" HPOS="1768"/>
<SP HEIGHT="49" WIDTH="26" VPOS="518" HPOS="1880"/>
<String CONTENT="H." HEIGHT="50" WIDTH="76" VPOS="518" HPOS="1907"/>
<SP HEIGHT="51" WIDTH="28" VPOS="517" HPOS="1984"/>
<String CONTENT="Kappert" HEIGHT="148" WIDTH="1955" VPOS="514" HPOS="191"/>
<SP HEIGHT="47" WIDTH="30" VPOS="596" HPOS="319"/>
<String CS="1" CONTENT="&#8230;"/>
<SP HEIGHT="50" WIDTH="63" VPOS="592" HPOS="405"/>
<String CONTENT="Mit" HEIGHT="53" WIDTH="113" VPOS="590" HPOS="469"/>
<SP HEIGHT="50" WIDTH="24" VPOS="593" HPOS="583"/>
<String CONTENT="29" HEIGHT="48" WIDTH="66" VPOS="593" HPOS="608"/>
<SP HEIGHT="51" WIDTH="24" VPOS="593" HPOS="675"/>
<String CONTENT="textabbildungen." HEIGHT="68" WIDTH="524" VPOS="590" HPOS="700"/>
<SP HEIGHT="50" WIDTH="64" VPOS="594" HPOS="1225"/>
<String CONTENT="Berlin," HEIGHT="67" WIDTH="216" VPOS="592" HPOS="1290"/>
<SP HEIGHT="66" WIDTH="25" VPOS="594" HPOS="1507"/>
<String CONTENT="P." HEIGHT="51" WIDTH="65" VPOS="595" HPOS="1533"/>
<SP HEIGHT="49" WIDTH="24" VPOS="596" HPOS="1599"/>
<String CONTENT="Parey," HEIGHT="64" WIDTH="203" VPOS="596" HPOS="1624"/>
<SP HEIGHT="60" WIDTH="30" VPOS="598" HPOS="1828"/>
<String CONTENT="1934." HEIGHT="50" WIDTH="146" VPOS="597" HPOS="1859"/>
</TextLine>
<TextLine HEIGHT="51" WIDTH="1155" VPOS="661" HPOS="253" CS="1">
<String LANG="de" CONTENT="2" HEIGHT="38" WIDTH="27" VPOS="664" HPOS="253"/>
<SP/>
<String LANG="de" CS="1" CONTENT="p."/>
<SP/>
<String LANG="de" CS="1" CONTENT="l.," HEIGHT="16" WIDTH="8" VPOS="694" HPOS="410"/>
<SP HEIGHT="46" WIDTH="26" VPOS="664" HPOS="419"/>
<String LANG="de" CONTENT="148" HEIGHT="39" WIDTH="84" VPOS="664" HPOS="446"/>
<SP HEIGHT="47" WIDTH="25" VPOS="664" HPOS="531"/>
<String LANG="de" CONTENT="p." HEIGHT="37" WIDTH="41" VPOS="674" HPOS="557"/>
<SP HEIGHT="40" WIDTH="58" VPOS="663" HPOS="599"/>
<String LANG="de" CONTENT="illus.," HEIGHT="47" WIDTH="141" VPOS="663" HPOS="658"/>
<SP HEIGHT="44" WIDTH="28" VPOS="666" HPOS="800"/>
<String LANG="en-US" CONTENT="tables," HEIGHT="47" WIDTH="167" VPOS="664" HPOS="829"/>
<SP HEIGHT="46" WIDTH="28" VPOS="665" HPOS="997"/>
<String LANG="de" CONTENT="diagrs." HEIGHT="47" WIDTH="176" VPOS="664" HPOS="1026"/>
<SP HEIGHT="40" WIDTH="59" VPOS="663" HPOS="1203"/>
<String LANG="de" CONTENT="23" HEIGHT="41" WIDTH="55" VPOS="663" HPOS="1263"/>
<String LANG="en-US" CS="1" CONTENT="&#189;"/>
<String STYLE="superscript" LANG="de" CONTENT="cm" HEIGHT="20" WIDTH="43" VPOS="667" HPOS="1351"/>
<String LANG="de" CONTENT="." HEIGHT="8" WIDTH="8" VPOS="696" HPOS="1400"/>
</TextLine>
<TextLine HEIGHT="56" WIDTH="1819" VPOS="730" HPOS="186" LANG="de" CS="1">
<String CONTENT="&#169;" HEIGHT="52" WIDTH="51" VPOS="731" HPOS="186"/>
<SP HEIGHT="52" WIDTH="23" VPOS="731" HPOS="238"/>
<String LANG="en-US" CONTENT="July" HEIGHT="49" WIDTH="115" VPOS="733" HPOS="262"/>
<SP HEIGHT="49" WIDTH="19" VPOS="733" HPOS="378"/>
<String CONTENT="20," HEIGHT="47" WIDTH="70" VPOS="733" HPOS="398"/>
<SP HEIGHT="46" WIDTH="24" VPOS="734" HPOS="469"/>
<String CONTENT="1934;" HEIGHT="46" WIDTH="140" VPOS="733" HPOS="494"/>
<SP/>
<String CS="1" CONTENT="1c."/>
<SP HEIGHT="39" WIDTH="25" VPOS="734" HPOS="728"/>
<String CONTENT="Feb." HEIGHT="39" WIDTH="110" VPOS="734" HPOS="754"/>
<SP HEIGHT="40" WIDTH="20" VPOS="733" HPOS="865"/>
<String CONTENT="19," HEIGHT="49" WIDTH="70" VPOS="733" HPOS="886"/>
<SP HEIGHT="48" WIDTH="26" VPOS="734" HPOS="957"/>
<String CONTENT="1935;" HEIGHT="48" WIDTH="139" VPOS="732" HPOS="984"/>
<SP HEIGHT="45" WIDTH="26" VPOS="735" HPOS="1124"/>
<!-- cceid 9075289C-6D82-1014-B070-FDFD250A9EDA --><String LANG="en-US" CONTENT="A" HEIGHT="37" WIDTH="41" VPOS="735" HPOS="1151"/>
<String CONTENT="-Foreign" HEIGHT="48" WIDTH="268" VPOS="734" HPOS="1193"/>
<SP HEIGHT="39" WIDTH="25" VPOS="734" HPOS="1462"/>
<String CONTENT="26984;" HEIGHT="47" WIDTH="170" VPOS="734" HPOS="1488"/>
<SP HEIGHT="45" WIDTH="28" VPOS="736" HPOS="1659"/>
<String CONTENT="Paul" HEIGHT="39" WIDTH="121" VPOS="736" HPOS="1688"/>
<SP HEIGHT="37" WIDTH="24" VPOS="737" HPOS="1810"/>
<String CONTENT="Parey." HEIGHT="46" WIDTH="170" VPOS="737" HPOS="1835"/>
</TextLine>
<TextLine HEIGHT="50" WIDTH="331" VPOS="789" HPOS="265" LANG="de" CS="1">
<String CONTENT="(AC" HEIGHT="49" WIDTH="118" VPOS="790" HPOS="265"/>
<SP HEIGHT="41" WIDTH="13" VPOS="791" HPOS="384"/>
<String CONTENT="35-329)" HEIGHT="46" WIDTH="198" VPOS="790" HPOS="398"/>
<SP/>
</TextLine>
<TextLine HEIGHT="65" WIDTH="672" VPOS="893" HPOS="191" STYLEREFS="StyleId-1E2B307C-85DF-4038-A53A-76B82483E43D-" LANG="de">
<String CONTENT="Kolb," HEIGHT="65" WIDTH="164" VPOS="893" HPOS="191"/>
<SP HEIGHT="62" WIDTH="26" VPOS="896" HPOS="356"/>
<String CONTENT="Annette," HEIGHT="62" WIDTH="278" VPOS="896" HPOS="383"/>
<SP HEIGHT="58" WIDTH="29" VPOS="900" HPOS="662"/>
<String CONTENT="1875-" HEIGHT="53" WIDTH="171" VPOS="895" HPOS="692"/>
</TextLine>
<TextLine HEIGHT="71" WIDTH="1560" VPOS="970" HPOS="319" STYLEREFS="StyleId-77DC4389-AC59-4033-AFE9-4FC8A2F5E4D4-" LANG="de" CS="1">
<String CS="1" CONTENT="&#8230;"/>
<SP HEIGHT="53" WIDTH="34" VPOS="972" HPOS="319"/>
<String CONTENT="Die" HEIGHT="53" WIDTH="109" VPOS="972" HPOS="353"/>
<SP HEIGHT="32" WIDTH="28" VPOS="991" HPOS="462"/>
<String CONTENT="schaukel," HEIGHT="65" WIDTH="283" VPOS="971" HPOS="490"/>
<SP HEIGHT="45" WIDTH="30" VPOS="991" HPOS="773"/>
<String LANG="en-US" CONTENT="roman." HEIGHT="35" WIDTH="212" VPOS="989" HPOS="803"/>
<SP HEIGHT="50" WIDTH="67" VPOS="974" HPOS="1015"/>
<String CONTENT="Berlin," HEIGHT="64" WIDTH="218" VPOS="974" HPOS="1082"/>
<SP HEIGHT="65" WIDTH="29" VPOS="973" HPOS="1300"/>
<String CONTENT="S." HEIGHT="55" WIDTH="57" VPOS="973" HPOS="1329"/>
<SP HEIGHT="51" WIDTH="32" VPOS="974" HPOS="1386"/>
<String CONTENT="Fischer" HEIGHT="54" WIDTH="234" VPOS="973" HPOS="1418"/>
<SP HEIGHT="59" WIDTH="34" VPOS="982" HPOS="1652"/>
<String CS="1" CONTENT="[1934]" HEIGHT="63" WIDTH="152" VPOS="978" HPOS="1727"/>
</TextLine>
<TextLine HEIGHT="53" WIDTH="676" VPOS="1041" HPOS="252" LANG="de" CS="1">
<String CONTENT="3" HEIGHT="40" WIDTH="29" VPOS="1045" HPOS="252"/>
<SP/>
<String CS="1" CONTENT="p."/>
<SP/>
<String CS="1" CONTENT="l.," HEIGHT="13" WIDTH="7" VPOS="1076" HPOS="410"/>
<SP HEIGHT="46" WIDTH="25" VPOS="1043" HPOS="418"/>
<String CONTENT="9-213," HEIGHT="44" WIDTH="157" VPOS="1043" HPOS="444"/>
<SP HEIGHT="29" WIDTH="26" VPOS="1064" HPOS="602"/>
<String CS="1" CONTENT="[2]" HEIGHT="49" WIDTH="41" VPOS="1044" HPOS="643"/>
<SP HEIGHT="38" WIDTH="27" VPOS="1055" HPOS="685"/>
<String CONTENT="p." HEIGHT="37" WIDTH="40" VPOS="1055" HPOS="713"/>
<SP HEIGHT="38" WIDTH="60" VPOS="1045" HPOS="754"/>
<String CONTENT="19" HEIGHT="41" WIDTH="55" VPOS="1042" HPOS="815"/>
<String STYLE="superscript" CONTENT="cm" HEIGHT="21" WIDTH="44" VPOS="1046" HPOS="871"/>
<String CONTENT="." HEIGHT="9" WIDTH="9" VPOS="1075" HPOS="919"/>
</TextLine>
<TextLine HEIGHT="52" WIDTH="840" VPOS="1097" HPOS="256" LANG="de">
<String CONTENT="&#8220;Erste" HEIGHT="40" WIDTH="170" VPOS="1102" HPOS="256"/>
<SP HEIGHT="38" WIDTH="19" VPOS="1102" HPOS="427"/>
<String CONTENT="bis" HEIGHT="40" WIDTH="74" VPOS="1100" HPOS="447"/>
<SP HEIGHT="38" WIDTH="25" VPOS="1102" HPOS="522"/>
<String CONTENT="dritte" HEIGHT="41" WIDTH="152" VPOS="1100" HPOS="548"/>
<SP HEIGHT="30" WIDTH="23" VPOS="1110" HPOS="701"/>
<String CONTENT="auflage" HEIGHT="47" WIDTH="190" VPOS="1101" HPOS="725"/>
<SP HEIGHT="42" WIDTH="23" VPOS="1100" HPOS="916"/>
<String CONTENT="1934.&#8221;" HEIGHT="42" WIDTH="156" VPOS="1099" HPOS="940"/>
</TextLine>
<TextLine HEIGHT="112" WIDTH="1976" VPOS="1168" HPOS="185" LANG="de" CS="1">
<String CONTENT="&#169;" HEIGHT="52" WIDTH="51" VPOS="1168" HPOS="185"/>
<SP HEIGHT="52" WIDTH="27" VPOS="1168" HPOS="237"/>
<String LANG="en-US" CONTENT="Aug." HEIGHT="48" WIDTH="119" VPOS="1172" HPOS="265"/>
<SP HEIGHT="39" WIDTH="30" VPOS="1172" HPOS="385"/>
<String CONTENT="30," HEIGHT="48" WIDTH="68" VPOS="1171" HPOS="416"/>
<SP HEIGHT="47" WIDTH="31" VPOS="1172" HPOS="485"/>
<String CONTENT="1934;" HEIGHT="46" WIDTH="139" VPOS="1171" HPOS="517"/>
<SP/>
<String CS="1" CONTENT="1c."/>
<SP HEIGHT="38" WIDTH="29" VPOS="1172" HPOS="758"/>
<String CONTENT="Mar." HEIGHT="38" WIDTH="119" VPOS="1172" HPOS="788"/>
<SP HEIGHT="40" WIDTH="30" VPOS="1171" HPOS="908"/>
<String CONTENT="11," HEIGHT="46" WIDTH="68" VPOS="1172" HPOS="939"/>
<SP HEIGHT="45" WIDTH="32" VPOS="1173" HPOS="1008"/>
<String CS="1" CONTENT="1935;" HEIGHT="40" WIDTH="111" VPOS="1171" HPOS="1041"/>
<SP HEIGHT="46" WIDTH="35" VPOS="1172" HPOS="1181"/>
<!-- cceid 90759A00-6D82-1014-B070-FDFD250A9EDA --><String LANG="en-US" CONTENT="A" HEIGHT="38" WIDTH="40" VPOS="1172" HPOS="1217"/>
<String CONTENT="-Foreign" HEIGHT="50" WIDTH="268" VPOS="1171" HPOS="1259"/>
<SP HEIGHT="39" WIDTH="27" VPOS="1173" HPOS="1528"/>
<String CONTENT="27290;" HEIGHT="49" WIDTH="171" VPOS="1172" HPOS="1556"/>
<SP HEIGHT="47" WIDTH="37" VPOS="1174" HPOS="1728"/>
<String CONTENT="S." HEIGHT="40" WIDTH="42" VPOS="1174" HPOS="1766"/>
<SP HEIGHT="39" WIDTH="33" VPOS="1174" HPOS="1809"/>
<String CONTENT="Fischer" HEIGHT="42" WIDTH="198" VPOS="1172" HPOS="1843"/>
<SP HEIGHT="28" WIDTH="31" VPOS="1185" HPOS="2042"/>
<String CONTENT="Verlag," HEIGHT="99" WIDTH="1909" VPOS="1181" HPOS="252"/>
<SP HEIGHT="37" WIDTH="35" VPOS="1239" HPOS="348"/>
<String CONTENT="a.-g." HEIGHT="36" WIDTH="104" VPOS="1239" HPOS="384"/>
<SP HEIGHT="46" WIDTH="69" VPOS="1229" HPOS="489"/>
<String CS="1" CONTENT="(AC" HEIGHT="48" WIDTH="63" VPOS="1227" HPOS="559"/>
<SP HEIGHT="41" WIDTH="12" VPOS="1227" HPOS="680"/>
<String CONTENT="35-2)" HEIGHT="48" WIDTH="140" VPOS="1227" HPOS="693"/>
</TextLine>
<TextLine HEIGHT="65" WIDTH="1007" VPOS="1329" HPOS="190">
<String LANG="en-US" CONTENT="Ladue," HEIGHT="62" WIDTH="214" VPOS="1330" HPOS="190"/>
<SP HEIGHT="60" WIDTH="27" VPOS="1332" HPOS="405"/>
<String LANG="de" CONTENT="William" HEIGHT="54" WIDTH="253" VPOS="1330" HPOS="433"/>
<SP HEIGHT="50" WIDTH="29" VPOS="1332" HPOS="687"/>
<String LANG="en-US" CONTENT="Herman," HEIGHT="62" WIDTH="279" VPOS="1332" HPOS="717"/>
<SP HEIGHT="57" WIDTH="28" VPOS="1337" HPOS="997"/>
<String LANG="de" CONTENT="1884-" HEIGHT="48" WIDTH="171" VPOS="1337" HPOS="1026"/>
</TextLine>
<TextLine HEIGHT="73" WIDTH="1917" VPOS="1406" HPOS="254" LANG="en-US">
<String LANG="de" CONTENT="A" HEIGHT="51" WIDTH="56" VPOS="1409" HPOS="254"/>
<SP HEIGHT="52" WIDTH="25" VPOS="1409" HPOS="311"/>
<String CONTENT="square" HEIGHT="51" WIDTH="200" VPOS="1425" HPOS="337"/>
<SP HEIGHT="52" WIDTH="25" VPOS="1408" HPOS="538"/>
<String CONTENT="deal" HEIGHT="52" WIDTH="126" VPOS="1408" HPOS="564"/>
<SP HEIGHT="51" WIDTH="29" VPOS="1407" HPOS="691"/>
<String CONTENT="for" HEIGHT="52" WIDTH="93" VPOS="1407" HPOS="721"/>
<SP HEIGHT="46" WIDTH="24" VPOS="1414" HPOS="815"/>
<String CONTENT="the" HEIGHT="54" WIDTH="95" VPOS="1407" HPOS="840"/>
<SP HEIGHT="34" WIDTH="25" VPOS="1426" HPOS="936"/>
<String CONTENT="narcotic" HEIGHT="52" WIDTH="251" VPOS="1410" HPOS="962"/>
<SP HEIGHT="34" WIDTH="28" VPOS="1428" HPOS="1214"/>
<String CONTENT="addict," HEIGHT="65" WIDTH="210" VPOS="1410" HPOS="1243"/>
<SP HEIGHT="64" WIDTH="26" VPOS="1411" HPOS="1454"/>
<String CONTENT="by" HEIGHT="66" WIDTH="75" VPOS="1411" HPOS="1481"/>
<SP HEIGHT="64" WIDTH="26" VPOS="1413" HPOS="1557"/>
<String CONTENT="William" HEIGHT="54" WIDTH="259" VPOS="1411" HPOS="1584"/>
<SP HEIGHT="51" WIDTH="26" VPOS="1414" HPOS="1844"/>
<String CONTENT="H." HEIGHT="51" WIDTH="75" VPOS="1414" HPOS="1871"/>
<SP HEIGHT="51" WIDTH="30" VPOS="1414" HPOS="1947"/>
<String CONTENT="Ladue" HEIGHT="53" WIDTH="193" VPOS="1413" HPOS="1978"/>
</TextLine>
<TextLine HEIGHT="69" WIDTH="1249" VPOS="1485" HPOS="251" LANG="en-US" CS="1">
<String CS="1" CONTENT="&#8230;"/>
<SP HEIGHT="50" WIDTH="64" VPOS="1487" HPOS="251"/>
<String CONTENT="Plattsburgh," HEIGHT="68" WIDTH="394" VPOS="1485" HPOS="316"/>
<SP HEIGHT="65" WIDTH="25" VPOS="1488" HPOS="711"/>
<String CONTENT="N." HEIGHT="51" WIDTH="68" VPOS="1488" HPOS="737"/>
<SP HEIGHT="52" WIDTH="29" VPOS="1487" HPOS="806"/>
<String CONTENT="Y.," HEIGHT="65" WIDTH="89" VPOS="1487" HPOS="836"/>
<SP HEIGHT="63" WIDTH="25" VPOS="1489" HPOS="926"/>
<String CONTENT="The" HEIGHT="52" WIDTH="120" VPOS="1487" HPOS="952"/>
<SP HEIGHT="34" WIDTH="24" VPOS="1504" HPOS="1073"/>
<String CONTENT="author," HEIGHT="66" WIDTH="223" VPOS="1487" HPOS="1098"/>
<SP HEIGHT="59" WIDTH="27" VPOS="1494" HPOS="1322"/>
<String CONTENT="1935." HEIGHT="51" WIDTH="150" VPOS="1490" HPOS="1350"/>
</TextLine>
<TextLine HEIGHT="48" WIDTH="418" VPOS="1558" HPOS="252" LANG="en-US" CS="1">
<String CONTENT="ix," HEIGHT="43" WIDTH="65" VPOS="1559" HPOS="252"/>
<SP/>
<String CONTENT="131" HEIGHT="39" WIDTH="83" VPOS="1560" HPOS="343"/>
<SP HEIGHT="46" WIDTH="26" VPOS="1560" HPOS="426"/>
<String CONTENT="p." HEIGHT="36" WIDTH="42" VPOS="1570" HPOS="452"/>
<SP HEIGHT="38" WIDTH="58" VPOS="1559" HPOS="495"/>
<String CONTENT="21" HEIGHT="38" WIDTH="55" VPOS="1559" HPOS="554"/>
<String STYLE="superscript" CONTENT="cm" HEIGHT="20" WIDTH="45" VPOS="1561" HPOS="612"/>
<String CONTENT="." HEIGHT="7" WIDTH="9" VPOS="1591" HPOS="661"/>
</TextLine>
<TextLine HEIGHT="51" WIDTH="1450" VPOS="1613" HPOS="255" LANG="en-US">
<String CONTENT="&#8220;References&#8221;" HEIGHT="41" WIDTH="346" VPOS="1614" HPOS="255"/>
<SP HEIGHT="38" WIDTH="26" VPOS="1615" HPOS="602"/>
<String CONTENT="at" HEIGHT="36" WIDTH="52" VPOS="1618" HPOS="629"/>
<SP HEIGHT="36" WIDTH="25" VPOS="1618" HPOS="682"/>
<String CONTENT="end" HEIGHT="37" WIDTH="92" VPOS="1616" HPOS="708"/>
<SP HEIGHT="38" WIDTH="24" VPOS="1616" HPOS="801"/>
<String CONTENT="of" HEIGHT="40" WIDTH="51" VPOS="1614" HPOS="826"/>
<SP HEIGHT="40" WIDTH="24" VPOS="1614" HPOS="878"/>
<String CONTENT="each" HEIGHT="40" WIDTH="120" VPOS="1615" HPOS="903"/>
<SP HEIGHT="38" WIDTH="26" VPOS="1616" HPOS="1024"/>
<String CONTENT="chapter" HEIGHT="46" WIDTH="203" VPOS="1616" HPOS="1051"/>
<SP HEIGHT="27" WIDTH="23" VPOS="1627" HPOS="1255"/>
<String CONTENT="except" HEIGHT="45" WIDTH="169" VPOS="1618" HPOS="1279"/>
<SP HEIGHT="38" WIDTH="25" VPOS="1618" HPOS="1449"/>
<String CONTENT="the" HEIGHT="40" WIDTH="83" VPOS="1617" HPOS="1475"/>
<SP HEIGHT="39" WIDTH="25" VPOS="1617" HPOS="1559"/>
<String CONTENT="first." HEIGHT="39" WIDTH="120" VPOS="1617" HPOS="1585"/>
</TextLine>
<TextLine HEIGHT="112" WIDTH="1970" VPOS="1681" HPOS="187" LANG="en-US" CS="1">
<String CONTENT="&#169;" HEIGHT="52" WIDTH="51" VPOS="1681" HPOS="187"/>
<SP HEIGHT="52" WIDTH="21" VPOS="1681" HPOS="239"/>
<String CONTENT="June" HEIGHT="42" WIDTH="127" VPOS="1684" HPOS="261"/>
<SP HEIGHT="41" WIDTH="19" VPOS="1685" HPOS="389"/>
<String CONTENT="6," HEIGHT="48" WIDTH="39" VPOS="1685" HPOS="409"/>
<SP HEIGHT="46" WIDTH="23" VPOS="1687" HPOS="449"/>
<String CONTENT="1935;" HEIGHT="48" WIDTH="139" VPOS="1683" HPOS="473"/>
<SP HEIGHT="47" WIDTH="24" VPOS="1684" HPOS="613"/>
<String CONTENT="2c." HEIGHT="40" WIDTH="66" VPOS="1684" HPOS="638"/>
<SP HEIGHT="39" WIDTH="25" VPOS="1684" HPOS="705"/>
<String CONTENT="June" HEIGHT="39" WIDTH="129" VPOS="1684" HPOS="731"/>
<SP HEIGHT="39" WIDTH="18" VPOS="1684" HPOS="861"/>
<String CONTENT="15;" HEIGHT="47" WIDTH="81" VPOS="1683" HPOS="880"/>
<SP HEIGHT="35" WIDTH="23" VPOS="1695" HPOS="962"/>
<String CS="1" CONTENT="aff." HEIGHT="41" WIDTH="82" VPOS="1684" HPOS="986"/>
<SP HEIGHT="40" WIDTH="24" VPOS="1685" HPOS="1069"/>
<String CONTENT="June" HEIGHT="39" WIDTH="126" VPOS="1685" HPOS="1094"/>
<SP HEIGHT="38" WIDTH="22" VPOS="1685" HPOS="1221"/>
<String CONTENT="13;" HEIGHT="47" WIDTH="81" VPOS="1684" HPOS="1244"/>
<SP HEIGHT="46" WIDTH="23" VPOS="1685" HPOS="1326"/>
<!-- cceid 907611C4-6D82-1014-B070-FDFD250A9EDA --><String CONTENT="A" HEIGHT="39" WIDTH="40" VPOS="1685" HPOS="1350"/>
<SP HEIGHT="40" WIDTH="22" VPOS="1685" HPOS="1391"/>
<String CONTENT="84284;" HEIGHT="47" WIDTH="170" VPOS="1685" HPOS="1414"/>
<SP HEIGHT="45" WIDTH="26" VPOS="1687" HPOS="1585"/>
<String CONTENT="W." HEIGHT="39" WIDTH="70" VPOS="1687" HPOS="1612"/>
<SP HEIGHT="38" WIDTH="24" VPOS="1688" HPOS="1683"/>
<String CONTENT="H." HEIGHT="38" WIDTH="60" VPOS="1688" HPOS="1708"/>
<SP HEIGHT="38" WIDTH="24" VPOS="1688" HPOS="1769"/>
<String CONTENT="Ladue," HEIGHT="47" WIDTH="178" VPOS="1688" HPOS="1794"/>
<SP HEIGHT="47" WIDTH="24" VPOS="1688" HPOS="1973"/>
<String CONTENT="Plattsburgh," HEIGHT="108" WIDTH="1903" VPOS="1685" HPOS="254"/>
<SP HEIGHT="46" WIDTH="31" VPOS="1742" HPOS="423"/>
<String CONTENT="N." HEIGHT="39" WIDTH="56" VPOS="1742" HPOS="455"/>
<SP HEIGHT="39" WIDTH="31" VPOS="1742" HPOS="512"/>
<String CONTENT="Y." HEIGHT="38" WIDTH="51" VPOS="1742" HPOS="544"/>
<SP HEIGHT="48" WIDTH="69" VPOS="1741" HPOS="596"/>
<String CONTENT="(35-9825)" HEIGHT="51" WIDTH="250" VPOS="1738" HPOS="666"/>
</TextLine>
<TextLine HEIGHT="65" WIDTH="878" VPOS="1842" HPOS="186" STYLEREFS="StyleId-1E2B307C-85DF-4038-A53A-76B82483E43D-" LANG="en-US">
<String CONTENT="Le" HEIGHT="52" WIDTH="79" VPOS="1845" HPOS="186"/>
<SP HEIGHT="53" WIDTH="26" VPOS="1846" HPOS="266"/>
<String CONTENT="Clair," HEIGHT="63" WIDTH="173" VPOS="1843" HPOS="293"/>
<SP HEIGHT="59" WIDTH="26" VPOS="1847" HPOS="467"/>
<String CONTENT="Mme." HEIGHT="51" WIDTH="167" VPOS="1847" HPOS="494"/>
<SP HEIGHT="52" WIDTH="27" VPOS="1845" HPOS="662"/>
<String CONTENT="Florence" HEIGHT="55" WIDTH="275" VPOS="1843" HPOS="690"/>
<SP HEIGHT="53" WIDTH="26" VPOS="1844" HPOS="966"/>
<String CONTENT="A." HEIGHT="56" WIDTH="71" VPOS="1844" HPOS="993"/>
</TextLine>
<TextLine HEIGHT="154" WIDTH="1989" VPOS="1917" HPOS="186" STYLEREFS="StyleId-77DC4389-AC59-4033-AFE9-4FC8A2F5E4D4-" LANG="en-US" CS="1">
<String CONTENT="Le" HEIGHT="53" WIDTH="78" VPOS="1923" HPOS="254"/>
<SP HEIGHT="57" WIDTH="30" VPOS="1920" HPOS="333"/>
<String CONTENT="Clair" HEIGHT="55" WIDTH="159" VPOS="1920" HPOS="364"/>
<SP HEIGHT="33" WIDTH="29" VPOS="1940" HPOS="524"/>
<String CONTENT="on" HEIGHT="34" WIDTH="72" VPOS="1938" HPOS="554"/>
<SP HEIGHT="51" WIDTH="26" VPOS="1921" HPOS="627"/>
<String CONTENT="beauty" HEIGHT="67" WIDTH="209" VPOS="1921" HPOS="654"/>
<SP HEIGHT="50" WIDTH="27" VPOS="1938" HPOS="864"/>
<String CONTENT="culture;" HEIGHT="70" WIDTH="246" VPOS="1918" HPOS="892"/>
<SP HEIGHT="49" WIDTH="34" VPOS="1939" HPOS="1139"/>
<String CONTENT="a" HEIGHT="33" WIDTH="31" VPOS="1940" HPOS="1174"/>
<SP HEIGHT="49" WIDTH="29" VPOS="1939" HPOS="1206"/>
<String CONTENT="practical" HEIGHT="68" WIDTH="276" VPOS="1921" HPOS="1236"/>
<SP HEIGHT="52" WIDTH="29" VPOS="1922" HPOS="1513"/>
<String CONTENT="study" HEIGHT="68" WIDTH="171" VPOS="1923" HPOS="1543"/>
<SP HEIGHT="50" WIDTH="27" VPOS="1941" HPOS="1715"/>
<String CONTENT="of" HEIGHT="51" WIDTH="63" VPOS="1924" HPOS="1743"/>
<SP HEIGHT="52" WIDTH="30" VPOS="1924" HPOS="1807"/>
<String CONTENT="the" HEIGHT="52" WIDTH="96" VPOS="1924" HPOS="1838"/>
<SP HEIGHT="53" WIDTH="32" VPOS="1923" HPOS="1935"/>
<String CONTENT="fundamental" HEIGHT="136" WIDTH="1963" VPOS="1920" HPOS="186"/>
<SP HEIGHT="65" WIDTH="25" VPOS="2001" HPOS="395"/>
<String CONTENT="principles" HEIGHT="69" WIDTH="309" VPOS="1997" HPOS="421"/>
<SP HEIGHT="34" WIDTH="24" VPOS="2017" HPOS="731"/>
<String CONTENT="of" HEIGHT="53" WIDTH="64" VPOS="1998" HPOS="756"/>
<SP HEIGHT="52" WIDTH="20" VPOS="1998" HPOS="821"/>
<String CONTENT="beauty" HEIGHT="68" WIDTH="207" VPOS="1999" HPOS="842"/>
<SP HEIGHT="50" WIDTH="22" VPOS="2017" HPOS="1050"/>
<String CONTENT="culture" HEIGHT="51" WIDTH="218" VPOS="2000" HPOS="1073"/>
<SP HEIGHT="52" WIDTH="26" VPOS="1999" HPOS="1292"/>
<String CONTENT="for" HEIGHT="52" WIDTH="93" VPOS="1999" HPOS="1319"/>
<SP HEIGHT="35" WIDTH="22" VPOS="2018" HPOS="1413"/>
<String CONTENT="students" HEIGHT="54" WIDTH="258" VPOS="2000" HPOS="1436"/>
<SP HEIGHT="33" WIDTH="23" VPOS="2021" HPOS="1695"/>
<String CONTENT="and" HEIGHT="51" WIDTH="112" VPOS="2003" HPOS="1719"/>
<SP HEIGHT="67" WIDTH="25" VPOS="2003" HPOS="1832"/>
<String CONTENT="practising" HEIGHT="69" WIDTH="317" VPOS="2002" HPOS="1858"/>
</TextLine>
<TextLine HEIGHT="75" WIDTH="1991" VPOS="2073" HPOS="184" STYLEREFS="StyleId-77DC4389-AC59-4033-AFE9-4FC8A2F5E4D4-" LANG="en-US">
<String CONTENT="cosmeticians." HEIGHT="56" WIDTH="403" VPOS="2075" HPOS="184"/>
<SP HEIGHT="51" WIDTH="73" VPOS="2077" HPOS="588"/>
<String CONTENT="By" HEIGHT="66" WIDTH="91" VPOS="2077" HPOS="662"/>
<SP HEIGHT="67" WIDTH="54" VPOS="2076" HPOS="754"/>
<String CONTENT="Mme." HEIGHT="53" WIDTH="168" VPOS="2076" HPOS="809"/>
<SP HEIGHT="52" WIDTH="57" VPOS="2077" HPOS="978"/>
<String CONTENT="Le" HEIGHT="51" WIDTH="79" VPOS="2077" HPOS="1036"/>
<SP HEIGHT="55" WIDTH="58" VPOS="2075" HPOS="1116"/>
<String CONTENT="Clair." HEIGHT="55" WIDTH="174" VPOS="2075" HPOS="1175"/>
<SP HEIGHT="53" WIDTH="73" VPOS="2077" HPOS="1350"/>
<String CONTENT="Milwaukee," HEIGHT="71" WIDTH="358" VPOS="2075" HPOS="1424"/>
<SP HEIGHT="66" WIDTH="53" VPOS="2080" HPOS="1783"/>
<String CONTENT="Wis.," HEIGHT="68" WIDTH="161" VPOS="2079" HPOS="1837"/>
<SP HEIGHT="65" WIDTH="54" VPOS="2082" HPOS="1999"/>
<String CONTENT="The" HEIGHT="54" WIDTH="121" VPOS="2081" HPOS="2054"/>
</TextLine>
<TextLine HEIGHT="67" WIDTH="435" VPOS="2155" HPOS="185" STYLEREFS="StyleId-77DC4389-AC59-4033-AFE9-4FC8A2F5E4D4-" LANG="en-US">
<String CONTENT="author" HEIGHT="54" WIDTH="206" VPOS="2155" HPOS="185"/>
<SP HEIGHT="47" WIDTH="36" VPOS="2175" HPOS="391"/>
<String CONTENT="[" HEIGHT="35" WIDTH="13" VPOS="2187" HPOS="427"/>
<String STYLE="superscript" CONTENT="c" HEIGHT="20" WIDTH="19" VPOS="2161" HPOS="445"/>
<String CONTENT="1935]" HEIGHT="63" WIDTH="152" VPOS="2157" HPOS="468"/>
</TextLine>
<TextLine HEIGHT="53" WIDTH="727" VPOS="2225" HPOS="256" LANG="en-US" CS="1">
<String CONTENT="x," HEIGHT="36" WIDTH="46" VPOS="2239" HPOS="256"/>
<SP/>
<String CONTENT="229," HEIGHT="50" WIDTH="98" VPOS="2226" HPOS="333"/>
<SP HEIGHT="30" WIDTH="31" VPOS="2247" HPOS="432"/>
<String CONTENT="[1]" HEIGHT="49" WIDTH="54" VPOS="2228" HPOS="464"/>
<SP HEIGHT="38" WIDTH="30" VPOS="2238" HPOS="519"/>
<String CONTENT="p." HEIGHT="38" WIDTH="42" VPOS="2238" HPOS="550"/>
<SP HEIGHT="40" WIDTH="59" VPOS="2227" HPOS="593"/>
<String CONTENT="illus." HEIGHT="41" WIDTH="128" VPOS="2227" HPOS="653"/>
<SP HEIGHT="41" WIDTH="57" VPOS="2227" HPOS="782"/>
<String CS="1" CONTENT="19&#189;" HEIGHT="40" WIDTH="59" VPOS="2226" HPOS="840"/>
<String STYLE="superscript" CONTENT="cm" HEIGHT="21" WIDTH="44" VPOS="2230" HPOS="927"/>
<String CONTENT="." HEIGHT="8" WIDTH="8" VPOS="2260" HPOS="975"/>
</TextLine>
<TextLine HEIGHT="54" WIDTH="1436" VPOS="2280" HPOS="259" LANG="en-US">
<String CONTENT="&#8220;First" HEIGHT="42" WIDTH="162" VPOS="2283" HPOS="259"/>
<SP HEIGHT="45" WIDTH="29" VPOS="2287" HPOS="422"/>
<String CONTENT="printing," HEIGHT="49" WIDTH="229" VPOS="2283" HPOS="452"/>
<SP HEIGHT="48" WIDTH="30" VPOS="2284" HPOS="682"/>
<String CONTENT="1929," HEIGHT="48" WIDTH="128" VPOS="2283" HPOS="713"/>
<SP HEIGHT="46" WIDTH="30" VPOS="2285" HPOS="842"/>
<String CONTENT="third" HEIGHT="42" WIDTH="133" VPOS="2284" HPOS="873"/>
<SP HEIGHT="47" WIDTH="30" VPOS="2285" HPOS="1007"/>
<String CONTENT="printing," HEIGHT="50" WIDTH="230" VPOS="2282" HPOS="1038"/>
<SP HEIGHT="48" WIDTH="31" VPOS="2284" HPOS="1269"/>
<String CONTENT="1935," HEIGHT="48" WIDTH="128" VPOS="2284" HPOS="1301"/>
<SP HEIGHT="36" WIDTH="32" VPOS="2296" HPOS="1430"/>
<String CONTENT="revised.&#8221;" HEIGHT="42" WIDTH="232" VPOS="2284" HPOS="1463"/>
</TextLine>
<TextLine HEIGHT="115" WIDTH="1971" VPOS="2350" HPOS="187" LANG="en-US" CS="1">
<String CONTENT="&#169;" HEIGHT="52" WIDTH="51" VPOS="2350" HPOS="187"/>
<SP HEIGHT="52" WIDTH="29" VPOS="2350" HPOS="239"/>
<String CONTENT="May" HEIGHT="49" WIDTH="112" VPOS="2354" HPOS="269"/>
<SP HEIGHT="48" WIDTH="27" VPOS="2355" HPOS="382"/>
<String CONTENT="1," HEIGHT="44" WIDTH="38" VPOS="2355" HPOS="410"/>
<SP HEIGHT="44" WIDTH="29" VPOS="2355" HPOS="449"/>
<String CONTENT="1935;" HEIGHT="47" WIDTH="139" VPOS="2353" HPOS="479"/>
<SP HEIGHT="46" WIDTH="31" VPOS="2354" HPOS="619"/>
<String CONTENT="2c." HEIGHT="39" WIDTH="65" VPOS="2354" HPOS="651"/>
<SP HEIGHT="38" WIDTH="31" VPOS="2355" HPOS="717"/>
<String CONTENT="May" HEIGHT="46" WIDTH="113" VPOS="2355" HPOS="749"/>
<SP HEIGHT="48" WIDTH="26" VPOS="2353" HPOS="863"/>
<String CONTENT="6;" HEIGHT="47" WIDTH="51" VPOS="2353" HPOS="890"/>
<SP HEIGHT="36" WIDTH="32" VPOS="2364" HPOS="942"/>
<String CONTENT="aff." HEIGHT="40" WIDTH="83" VPOS="2354" HPOS="975"/>
<SP HEIGHT="38" WIDTH="30" VPOS="2355" HPOS="1059"/>
<String CONTENT="May" HEIGHT="46" WIDTH="114" VPOS="2355" HPOS="1090"/>
<SP HEIGHT="46" WIDTH="26" VPOS="2355" HPOS="1205"/>
<String CONTENT="31;" HEIGHT="46" WIDTH="82" VPOS="2355" HPOS="1232"/>
<SP HEIGHT="45" WIDTH="32" VPOS="2356" HPOS="1315"/>
<!-- cceid 9076838D-6D82-1014-B070-FDFD250A9EDA --><String CONTENT="A" HEIGHT="38" WIDTH="42" VPOS="2356" HPOS="1348"/>
<SP HEIGHT="41" WIDTH="30" VPOS="2354" HPOS="1391"/>
<String CONTENT="84089;" HEIGHT="48" WIDTH="168" VPOS="2353" HPOS="1422"/>
<SP HEIGHT="44" WIDTH="35" VPOS="2357" HPOS="1591"/>
<String CONTENT="F." HEIGHT="39" WIDTH="51" VPOS="2357" HPOS="1627"/>
<SP HEIGHT="38" WIDTH="30" VPOS="2358" HPOS="1679"/>
<String CONTENT="A." HEIGHT="39" WIDTH="53" VPOS="2358" HPOS="1710"/>
<SP HEIGHT="38" WIDTH="32" VPOS="2359" HPOS="1764"/>
<String CONTENT="Le" HEIGHT="37" WIDTH="63" VPOS="2359" HPOS="1797"/>
<SP HEIGHT="41" WIDTH="30" VPOS="2358" HPOS="1861"/>
<String CONTENT="Clair," HEIGHT="46" WIDTH="146" VPOS="2358" HPOS="1892"/>
<SP HEIGHT="43" WIDTH="33" VPOS="2361" HPOS="2039"/>
<String CONTENT="Milwaukee." HEIGHT="98" WIDTH="1904" VPOS="2356" HPOS="254"/>
<SP HEIGHT="28" WIDTH="62" VPOS="2431" HPOS="466"/>
<String CONTENT="[Copyright" HEIGHT="49" WIDTH="279" VPOS="2410" HPOS="529"/>
<SP HEIGHT="40" WIDTH="27" VPOS="2410" HPOS="809"/>
<String CONTENT="is" HEIGHT="40" WIDTH="39" VPOS="2410" HPOS="837"/>
<SP HEIGHT="30" WIDTH="25" VPOS="2420" HPOS="877"/>
<String CONTENT="claimed" HEIGHT="41" WIDTH="204" VPOS="2409" HPOS="903"/>
<SP HEIGHT="39" WIDTH="27" VPOS="2411" HPOS="1108"/>
<String CONTENT="on" HEIGHT="29" WIDTH="60" VPOS="2420" HPOS="1136"/>
<SP HEIGHT="29" WIDTH="26" VPOS="2421" HPOS="1197"/>
<String CONTENT="revisions" HEIGHT="40" WIDTH="236" VPOS="2411" HPOS="1224"/>
<SP HEIGHT="29" WIDTH="26" VPOS="2422" HPOS="1461"/>
<String CONTENT="and" HEIGHT="41" WIDTH="94" VPOS="2412" HPOS="1488"/>
<SP HEIGHT="40" WIDTH="26" VPOS="2413" HPOS="1583"/>
<String CONTENT="additions]" HEIGHT="51" WIDTH="259" VPOS="2413" HPOS="1610"/>
</TextLine>
<TextLine HEIGHT="52" WIDTH="250" VPOS="2464" HPOS="264" LANG="en-US">
<String CONTENT="(35-9849)" HEIGHT="52" WIDTH="250" VPOS="2464" HPOS="264"/>
</TextLine>
<TextLine HEIGHT="64" WIDTH="595" VPOS="2569" HPOS="188" STYLEREFS="StyleId-1E2B307C-85DF-4038-A53A-76B82483E43D-" LANG="en-US">
<String CONTENT="Ley," HEIGHT="63" WIDTH="138" VPOS="2569" HPOS="188"/>
<SP HEIGHT="62" WIDTH="25" VPOS="2570" HPOS="327"/>
<String CONTENT="Henry" HEIGHT="62" WIDTH="206" VPOS="2571" HPOS="353"/>
<SP HEIGHT="63" WIDTH="22" VPOS="2570" HPOS="560"/>
<String CONTENT="A.," HEIGHT="63" WIDTH="89" VPOS="2570" HPOS="583"/>
<SP HEIGHT="44" WIDTH="27" VPOS="2589" HPOS="673"/>
<String CONTENT="ed." HEIGHT="51" WIDTH="82" VPOS="2571" HPOS="701"/>
</TextLine>
<TextLine HEIGHT="76" WIDTH="1917" VPOS="2644" HPOS="254" STYLEREFS="StyleId-77DC4389-AC59-4033-AFE9-4FC8A2F5E4D4-" LANG="en-US">
<String CONTENT="Geology" HEIGHT="69" WIDTH="257" VPOS="2645" HPOS="254"/>
<SP HEIGHT="50" WIDTH="36" VPOS="2664" HPOS="512"/>
<String CONTENT="of" HEIGHT="53" WIDTH="65" VPOS="2645" HPOS="549"/>
<SP HEIGHT="53" WIDTH="34" VPOS="2645" HPOS="615"/>
<String CONTENT="natural" HEIGHT="51" WIDTH="228" VPOS="2647" HPOS="650"/>
<SP HEIGHT="67" WIDTH="37" VPOS="2647" HPOS="879"/>
<String CONTENT="gas;" HEIGHT="51" WIDTH="128" VPOS="2664" HPOS="917"/>
<SP HEIGHT="61" WIDTH="42" VPOS="2653" HPOS="1046"/>
<String CONTENT="this" HEIGHT="54" WIDTH="113" VPOS="2646" HPOS="1089"/>
<SP HEIGHT="52" WIDTH="37" VPOS="2648" HPOS="1203"/>
<String CONTENT="book" HEIGHT="52" WIDTH="146" VPOS="2648" HPOS="1241"/>
<SP HEIGHT="52" WIDTH="35" VPOS="2648" HPOS="1388"/>
<String CONTENT="consists" HEIGHT="55" WIDTH="237" VPOS="2647" HPOS="1424"/>
<SP HEIGHT="34" WIDTH="37" VPOS="2668" HPOS="1662"/>
<String CONTENT="of" HEIGHT="52" WIDTH="63" VPOS="2650" HPOS="1700"/>
<SP HEIGHT="53" WIDTH="37" VPOS="2650" HPOS="1764"/>
<String CONTENT="thirty-eight" HEIGHT="69" WIDTH="369" VPOS="2651" HPOS="1802"/>
</TextLine>
<TextLine HEIGHT="74" WIDTH="1981" VPOS="2720" HPOS="189" STYLEREFS="StyleId-77DC4389-AC59-4033-AFE9-4FC8A2F5E4D4-" LANG="en-US">
<String CONTENT="papers" HEIGHT="50" WIDTH="204" VPOS="2741" HPOS="189"/>
<SP HEIGHT="49" WIDTH="28" VPOS="2742" HPOS="393"/>
<String CONTENT="prepared" HEIGHT="66" WIDTH="281" VPOS="2725" HPOS="421"/>
<SP HEIGHT="51" WIDTH="26" VPOS="2725" HPOS="702"/>
<String CONTENT="by" HEIGHT="66" WIDTH="79" VPOS="2725" HPOS="728"/>
<SP HEIGHT="70" WIDTH="28" VPOS="2721" HPOS="807"/>
<String CONTENT="forty-seven" HEIGHT="70" WIDTH="350" VPOS="2721" HPOS="835"/>
<SP HEIGHT="34" WIDTH="29" VPOS="2742" HPOS="1185"/>
<String CONTENT="authors." HEIGHT="52" WIDTH="249" VPOS="2726" HPOS="1214"/>
<SP HEIGHT="54" WIDTH="76" VPOS="2726" HPOS="1463"/>
<String CONTENT="Only" HEIGHT="66" WIDTH="155" VPOS="2727" HPOS="1539"/>
<SP HEIGHT="60" WIDTH="29" VPOS="2733" HPOS="1694"/>
<String CONTENT="two" HEIGHT="46" WIDTH="113" VPOS="2733" HPOS="1723"/>
<SP HEIGHT="50" WIDTH="27" VPOS="2731" HPOS="1836"/>
<String CONTENT="have" HEIGHT="50" WIDTH="143" VPOS="2731" HPOS="1863"/>
<SP HEIGHT="51" WIDTH="29" VPOS="2730" HPOS="2006"/>
<String CONTENT="been" HEIGHT="54" WIDTH="135" VPOS="2730" HPOS="2035"/>
</TextLine>
<TextLine HEIGHT="151" WIDTH="1985" VPOS="2798" HPOS="188" STYLEREFS="StyleId-77DC4389-AC59-4033-AFE9-4FC8A2F5E4D4-" LANG="en-US" CS="1">
<String CONTENT="previously" HEIGHT="68" WIDTH="324" VPOS="2801" HPOS="189"/>
<SP HEIGHT="50" WIDTH="27" VPOS="2819" HPOS="514"/>
<String CONTENT="published." HEIGHT="68" WIDTH="314" VPOS="2800" HPOS="542"/>
<SP HEIGHT="53" WIDTH="73" VPOS="2802" HPOS="857"/>
<String CONTENT="Here" HEIGHT="52" WIDTH="155" VPOS="2803" HPOS="931"/>
<SP HEIGHT="55" WIDTH="27" VPOS="2800" HPOS="1087"/>
<String CONTENT="for" HEIGHT="52" WIDTH="93" VPOS="2800" HPOS="1115"/>
<SP HEIGHT="46" WIDTH="26" VPOS="2807" HPOS="1209"/>
<String CONTENT="the" HEIGHT="52" WIDTH="96" VPOS="2802" HPOS="1236"/>
<SP HEIGHT="52" WIDTH="25" VPOS="2802" HPOS="1333"/>
<String CONTENT="first" HEIGHT="54" WIDTH="125" VPOS="2801" HPOS="1359"/>
<SP HEIGHT="49" WIDTH="25" VPOS="2807" HPOS="1485"/>
<String CONTENT="time" HEIGHT="55" WIDTH="136" VPOS="2802" HPOS="1511"/>
<SP HEIGHT="50" WIDTH="25" VPOS="2806" HPOS="1648"/>
<String CONTENT="has" HEIGHT="51" WIDTH="103" VPOS="2806" HPOS="1674"/>
<SP HEIGHT="51" WIDTH="25" VPOS="2806" HPOS="1778"/>
<String CONTENT="been" HEIGHT="51" WIDTH="135" VPOS="2806" HPOS="1804"/>
<SP HEIGHT="35" WIDTH="29" VPOS="2824" HPOS="1940"/>
<String CONTENT="assembled" HEIGHT="114" WIDTH="1958" VPOS="2821" HPOS="188"/>
<SP HEIGHT="52" WIDTH="43" VPOS="2880" HPOS="315"/>
<String CONTENT="a" HEIGHT="33" WIDTH="31" VPOS="2898" HPOS="359"/>
<SP HEIGHT="33" WIDTH="40" VPOS="2898" HPOS="391"/>
<String CONTENT="comprehensive" HEIGHT="67" WIDTH="456" VPOS="2878" HPOS="432"/>
<SP HEIGHT="50" WIDTH="41" VPOS="2897" HPOS="889"/>
<String CONTENT="geologic" HEIGHT="69" WIDTH="253" VPOS="2878" HPOS="931"/>
<SP HEIGHT="47" WIDTH="41" VPOS="2884" HPOS="1185"/>
<String CONTENT="treatise" HEIGHT="53" WIDTH="230" VPOS="2880" HPOS="1227"/>
<SP HEIGHT="34" WIDTH="38" VPOS="2899" HPOS="1458"/>
<String CONTENT="of" HEIGHT="54" WIDTH="64" VPOS="2880" HPOS="1497"/>
<SP HEIGHT="53" WIDTH="39" VPOS="2881" HPOS="1562"/>
<String CONTENT="the" HEIGHT="51" WIDTH="95" VPOS="2883" HPOS="1602"/>
<SP HEIGHT="33" WIDTH="41" VPOS="2901" HPOS="1698"/>
<String CONTENT="occurrence" HEIGHT="38" WIDTH="326" VPOS="2901" HPOS="1740"/>
<SP HEIGHT="37" WIDTH="42" VPOS="2903" HPOS="2067"/>
<String CONTENT="of" HEIGHT="52" WIDTH="63" VPOS="2886" HPOS="2110"/>
</TextLine>
<TextLine HEIGHT="77" WIDTH="1980" VPOS="2954" HPOS="191" STYLEREFS="StyleId-77DC4389-AC59-4033-AFE9-4FC8A2F5E4D4-" LANG="en-US">
<String CONTENT="natural" HEIGHT="52" WIDTH="224" VPOS="2957" HPOS="191"/>
<SP HEIGHT="66" WIDTH="46" VPOS="2958" HPOS="416"/>
<String CONTENT="gas" HEIGHT="49" WIDTH="100" VPOS="2975" HPOS="463"/>
<SP HEIGHT="32" WIDTH="46" VPOS="2976" HPOS="564"/>
<String CONTENT="on" HEIGHT="32" WIDTH="69" VPOS="2976" HPOS="611"/>
<SP HEIGHT="46" WIDTH="47" VPOS="2962" HPOS="681"/>
<String CONTENT="the" HEIGHT="51" WIDTH="96" VPOS="2957" HPOS="729"/>
<SP HEIGHT="52" WIDTH="44" VPOS="2956" HPOS="826"/>
<String CONTENT="North" HEIGHT="53" WIDTH="184" VPOS="2956" HPOS="871"/>
<SP HEIGHT="51" WIDTH="47" VPOS="2958" HPOS="1056"/>
<String CONTENT="American" HEIGHT="53" WIDTH="306" VPOS="2956" HPOS="1104"/>
<SP HEIGHT="34" WIDTH="45" VPOS="2976" HPOS="1411"/>
<String CONTENT="continent." HEIGHT="55" WIDTH="304" VPOS="2958" HPOS="1457"/>
<SP HEIGHT="50" WIDTH="77" VPOS="2963" HPOS="1762"/>
<String CONTENT="Edited" HEIGHT="54" WIDTH="204" VPOS="2961" HPOS="1840"/>
<SP HEIGHT="53" WIDTH="52" VPOS="2963" HPOS="2045"/>
<String CONTENT="by" HEIGHT="67" WIDTH="73" VPOS="2964" HPOS="2098"/>
</TextLine>
<TextLine HEIGHT="74" WIDTH="1984" VPOS="3032" HPOS="189" STYLEREFS="StyleId-77DC4389-AC59-4033-AFE9-4FC8A2F5E4D4-" LANG="en-US">
<String CONTENT="Henry" HEIGHT="68" WIDTH="199" VPOS="3035" HPOS="189"/>
<SP HEIGHT="68" WIDTH="41" VPOS="3035" HPOS="389"/>
<String CONTENT="A." HEIGHT="51" WIDTH="69" VPOS="3035" HPOS="431"/>
<SP HEIGHT="50" WIDTH="43" VPOS="3036" HPOS="501"/>
<String CONTENT="Ley." HEIGHT="65" WIDTH="133" VPOS="3036" HPOS="545"/>
<SP HEIGHT="51" WIDTH="74" VPOS="3034" HPOS="679"/>
<String CONTENT="Tulsa," HEIGHT="69" WIDTH="190" VPOS="3033" HPOS="754"/>
<SP HEIGHT="68" WIDTH="43" VPOS="3034" HPOS="945"/>
<String CONTENT="Okla.," HEIGHT="67" WIDTH="185" VPOS="3034" HPOS="989"/>
<SP HEIGHT="63" WIDTH="41" VPOS="3038" HPOS="1175"/>
<String CONTENT="The" HEIGHT="52" WIDTH="121" VPOS="3036" HPOS="1217"/>
<SP HEIGHT="52" WIDTH="38" VPOS="3036" HPOS="1339"/>
<String CONTENT="American" HEIGHT="54" WIDTH="304" VPOS="3035" HPOS="1378"/>
<SP HEIGHT="34" WIDTH="46" VPOS="3056" HPOS="1683"/>
<String CONTENT="association" HEIGHT="57" WIDTH="334" VPOS="3038" HPOS="1730"/>
<SP HEIGHT="36" WIDTH="44" VPOS="3060" HPOS="2065"/>
<String CONTENT="of" HEIGHT="51" WIDTH="63" VPOS="3043" HPOS="2110"/>
</TextLine>
<TextLine HEIGHT="73" WIDTH="1679" VPOS="3109" HPOS="191" STYLEREFS="StyleId-77DC4389-AC59-4033-AFE9-4FC8A2F5E4D4-" LANG="en-US">
<String CONTENT="petroleum" HEIGHT="67" WIDTH="309" VPOS="3112" HPOS="191"/>
<SP HEIGHT="56" WIDTH="17" VPOS="3123" HPOS="513"/>
<String CONTENT="geologists;" HEIGHT="69" WIDTH="332" VPOS="3110" HPOS="531"/>
<SP HEIGHT="64" WIDTH="31" VPOS="3114" HPOS="864"/>
<String CONTENT="London," HEIGHT="69" WIDTH="256" VPOS="3110" HPOS="896"/>
<SP HEIGHT="65" WIDTH="29" VPOS="3114" HPOS="1153"/>
<String CONTENT="T." HEIGHT="51" WIDTH="64" VPOS="3114" HPOS="1183"/>
<SP HEIGHT="51" WIDTH="28" VPOS="3114" HPOS="1248"/>
<String CONTENT="Murby" HEIGHT="67" WIDTH="213" VPOS="3114" HPOS="1277"/>
<SP HEIGHT="65" WIDTH="27" VPOS="3117" HPOS="1491"/>
<String CONTENT="&amp;" HEIGHT="49" WIDTH="46" VPOS="3118" HPOS="1519"/>
<SP HEIGHT="49" WIDTH="27" VPOS="3118" HPOS="1566"/>
<String CONTENT="co.," HEIGHT="46" WIDTH="96" VPOS="3133" HPOS="1594"/>
<SP HEIGHT="59" WIDTH="31" VPOS="3120" HPOS="1691"/>
<String CONTENT="1935." HEIGHT="49" WIDTH="147" VPOS="3120" HPOS="1723"/>
</TextLine>
<TextLine HEIGHT="51" WIDTH="1122" VPOS="3182" HPOS="259" STYLEREFS="StyleId-77DC4389-AC59-4033-AFE9-4FC8A2F5E4D4-" LANG="en-US" CS="1">
<String CONTENT="xii," HEIGHT="48" WIDTH="83" VPOS="3184" HPOS="259"/>
<SP HEIGHT="47" WIDTH="29" VPOS="3185" HPOS="343"/>
<String CONTENT="1227" HEIGHT="40" WIDTH="113" VPOS="3184" HPOS="373"/>
<SP HEIGHT="44" WIDTH="28" VPOS="3186" HPOS="487"/>
<String CONTENT="p." HEIGHT="36" WIDTH="42" VPOS="3194" HPOS="516"/>
<SP HEIGHT="37" WIDTH="59" VPOS="3194" HPOS="559"/>
<String CONTENT="plates," HEIGHT="48" WIDTH="169" VPOS="3183" HPOS="619"/>
<SP HEIGHT="36" WIDTH="29" VPOS="3195" HPOS="789"/>
<String CONTENT="maps," HEIGHT="40" WIDTH="148" VPOS="3192" HPOS="819"/>
<SP HEIGHT="45" WIDTH="30" VPOS="3186" HPOS="968"/>
<String CONTENT="diagrs." HEIGHT="47" WIDTH="176" VPOS="3184" HPOS="999"/>
<SP HEIGHT="40" WIDTH="59" VPOS="3184" HPOS="1176"/>
<String CS="1" CONTENT="23&#189;cm." HEIGHT="41" WIDTH="145" VPOS="3184" HPOS="1236"/>
</TextLine>
<TextLine HEIGHT="102" WIDTH="1964" VPOS="3239" HPOS="191" LANG="en-US" CS="1">
<String CONTENT="Bibliography" HEIGHT="49" WIDTH="346" VPOS="3239" HPOS="261"/>
<SP HEIGHT="36" WIDTH="36" VPOS="3251" HPOS="608"/>
<String CONTENT="at" HEIGHT="37" WIDTH="52" VPOS="3243" HPOS="645"/>
<SP HEIGHT="37" WIDTH="35" VPOS="3243" HPOS="698"/>
<String CONTENT="end" HEIGHT="38" WIDTH="91" VPOS="3241" HPOS="734"/>
<SP HEIGHT="39" WIDTH="36" VPOS="3241" HPOS="826"/>
<String CONTENT="of" HEIGHT="39" WIDTH="49" VPOS="3241" HPOS="863"/>
<SP HEIGHT="40" WIDTH="35" VPOS="3241" HPOS="913"/>
<String CONTENT="some" HEIGHT="30" WIDTH="128" VPOS="3251" HPOS="949"/>
<SP HEIGHT="29" WIDTH="36" VPOS="3251" HPOS="1078"/>
<String CONTENT="of" HEIGHT="38" WIDTH="50" VPOS="3241" HPOS="1115"/>
<SP HEIGHT="39" WIDTH="37" VPOS="3241" HPOS="1166"/>
<String CONTENT="the" HEIGHT="39" WIDTH="80" VPOS="3242" HPOS="1204"/>
<SP HEIGHT="29" WIDTH="37" VPOS="3252" HPOS="1285"/>
<String CONTENT="chapters;" HEIGHT="48" WIDTH="252" VPOS="3242" HPOS="1323"/>
<SP HEIGHT="47" WIDTH="38" VPOS="3242" HPOS="1576"/>
<String CONTENT="bibliographical" HEIGHT="50" WIDTH="397" VPOS="3242" HPOS="1615"/>
<SP HEIGHT="39" WIDTH="40" VPOS="3247" HPOS="2013"/>
<String CONTENT="footnotes." HEIGHT="97" WIDTH="1964" VPOS="3244" HPOS="191"/>
</TextLine>
<TextLine HEIGHT="58" WIDTH="1986" VPOS="3363" HPOS="190" LANG="en-US" CS="1">
<String CONTENT="&#169;" HEIGHT="53" WIDTH="52" VPOS="3363" HPOS="190"/>
<SP HEIGHT="53" WIDTH="24" VPOS="3363" HPOS="243"/>
<String CONTENT="June" HEIGHT="41" WIDTH="127" VPOS="3368" HPOS="268"/>
<SP HEIGHT="40" WIDTH="18" VPOS="3368" HPOS="396"/>
<String CONTENT="29." HEIGHT="43" WIDTH="69" VPOS="3367" HPOS="415"/>
<SP HEIGHT="41" WIDTH="24" VPOS="3369" HPOS="485"/>
<String CS="1" CONTENT="1935;" HEIGHT="41" WIDTH="114" VPOS="3367" HPOS="510"/>
<SP HEIGHT="46" WIDTH="26" VPOS="3367" HPOS="651"/>
<String CONTENT="2c." HEIGHT="39" WIDTH="67" VPOS="3367" HPOS="678"/>
<SP HEIGHT="29" WIDTH="25" VPOS="3377" HPOS="746"/>
<String CONTENT="and" HEIGHT="39" WIDTH="94" VPOS="3367" HPOS="772"/>
<SP HEIGHT="39" WIDTH="23" VPOS="3367" HPOS="867"/>
<String CONTENT="aff." HEIGHT="42" WIDTH="82" VPOS="3365" HPOS="891"/>
<SP HEIGHT="39" WIDTH="26" VPOS="3367" HPOS="974"/>
<String CONTENT="July" HEIGHT="47" WIDTH="115" VPOS="3367" HPOS="1001"/>
<SP HEIGHT="48" WIDTH="23" VPOS="3366" HPOS="1117"/>
<String CONTENT="9;" HEIGHT="43" WIDTH="53" VPOS="3366" HPOS="1141"/>
<SP HEIGHT="40" WIDTH="28" VPOS="3369" HPOS="1195"/>
<!-- cceid 9076FC0C-6D82-1014-B070-FDFD250A9EDA --><String CONTENT="A" HEIGHT="37" WIDTH="41" VPOS="3369" HPOS="1224"/>
<SP HEIGHT="39" WIDTH="22" VPOS="3368" HPOS="1266"/>
<String CONTENT="84568;" HEIGHT="47" WIDTH="169" VPOS="3367" HPOS="1289"/>
<SP HEIGHT="45" WIDTH="28" VPOS="3369" HPOS="1459"/>
<String CONTENT="Amer." HEIGHT="40" WIDTH="158" VPOS="3369" HPOS="1488"/>
<SP HEIGHT="29" WIDTH="26" VPOS="3380" HPOS="1647"/>
<String CONTENT="assn." HEIGHT="31" WIDTH="128" VPOS="3380" HPOS="1674"/>
<SP HEIGHT="28" WIDTH="29" VPOS="3384" HPOS="1803"/>
<String CONTENT="of" HEIGHT="39" WIDTH="53" VPOS="3373" HPOS="1833"/>
<SP HEIGHT="47" WIDTH="21" VPOS="3373" HPOS="1887"/>
<String CONTENT="petroleum" HEIGHT="48" WIDTH="267" VPOS="3373" HPOS="1909"/>
</TextLine>
<TextLine HEIGHT="51" WIDTH="592" VPOS="3422" HPOS="257" LANG="en-US">
<String CONTENT="geologists." HEIGHT="50" WIDTH="271" VPOS="3423" HPOS="257"/>
<SP HEIGHT="46" WIDTH="69" VPOS="3425" HPOS="529"/>
<String CONTENT="(35-9693)" HEIGHT="48" WIDTH="250" VPOS="3423" HPOS="599"/>
</TextLine>
<TextLine HEIGHT="63" WIDTH="678" VPOS="3527" HPOS="189" STYLEREFS="StyleId-1E2B307C-85DF-4038-A53A-76B82483E43D-" LANG="en-US">
<String CONTENT="Lindsay." HEIGHT="63" WIDTH="276" VPOS="3527" HPOS="189"/>
<SP HEIGHT="55" WIDTH="32" VPOS="3528" HPOS="466"/>
<String CONTENT="Jack," HEIGHT="62" WIDTH="163" VPOS="3528" HPOS="499"/>
<SP HEIGHT="57" WIDTH="34" VPOS="3533" HPOS="663"/>
<String CONTENT="1900-" HEIGHT="49" WIDTH="169" VPOS="3532" HPOS="698"/>
</TextLine>
<TextLine HEIGHT="77" WIDTH="1909" VPOS="3601" HPOS="265" STYLEREFS="StyleId-77DC4389-AC59-4033-AFE9-4FC8A2F5E4D4-" LANG="en-US">
<String CONTENT="Last" HEIGHT="53" WIDTH="134" VPOS="3604" HPOS="265"/>
<SP HEIGHT="52" WIDTH="41" VPOS="3605" HPOS="400"/>
<String CONTENT="days" HEIGHT="66" WIDTH="139" VPOS="3605" HPOS="442"/>
<SP HEIGHT="34" WIDTH="37" VPOS="3622" HPOS="582"/>
<String CONTENT="with" HEIGHT="53" WIDTH="141" VPOS="3603" HPOS="620"/>
<SP HEIGHT="55" WIDTH="39" VPOS="3602" HPOS="762"/>
<String CONTENT="Cleopatra," HEIGHT="69" WIDTH="323" VPOS="3602" HPOS="802"/>
<SP HEIGHT="68" WIDTH="37" VPOS="3603" HPOS="1126"/>
<String CONTENT="by" HEIGHT="67" WIDTH="76" VPOS="3603" HPOS="1164"/>
<SP HEIGHT="66" WIDTH="39" VPOS="3604" HPOS="1241"/>
<String CONTENT="Jack" HEIGHT="53" WIDTH="147" VPOS="3604" HPOS="1281"/>
<SP HEIGHT="52" WIDTH="37" VPOS="3604" HPOS="1429"/>
<String CONTENT="Lindsay." HEIGHT="71" WIDTH="271" VPOS="3604" HPOS="1467"/>
<SP HEIGHT="51" WIDTH="90" VPOS="3609" HPOS="1739"/>
<String CONTENT="London," HEIGHT="69" WIDTH="258" VPOS="3609" HPOS="1830"/>
<SP HEIGHT="66" WIDTH="36" VPOS="3612" HPOS="2089"/>
<String CONTENT="I." HEIGHT="52" WIDTH="48" VPOS="3612" HPOS="2126"/>
</TextLine>
<TextLine HEIGHT="70" WIDTH="1109" VPOS="3678" HPOS="198" STYLEREFS="StyleId-77DC4389-AC59-4033-AFE9-4FC8A2F5E4D4-" LANG="en-US">
<String CONTENT="Nicholson" HEIGHT="54" WIDTH="304" VPOS="3681" HPOS="198"/>
<SP HEIGHT="50" WIDTH="29" VPOS="3684" HPOS="503"/>
<String CONTENT="&amp;" HEIGHT="49" WIDTH="45" VPOS="3684" HPOS="533"/>
<SP HEIGHT="54" WIDTH="21" VPOS="3681" HPOS="579"/>
<String CONTENT="Watson," HEIGHT="66" WIDTH="258" VPOS="3681" HPOS="601"/>
<SP HEIGHT="66" WIDTH="25" VPOS="3681" HPOS="860"/>
<String CONTENT="limited," HEIGHT="68" WIDTH="240" VPOS="3679" HPOS="886"/>
<SP HEIGHT="62" WIDTH="30" VPOS="3685" HPOS="1127"/>
<String CONTENT="1935." HEIGHT="49" WIDTH="149" VPOS="3684" HPOS="1158"/>
</TextLine>
<TextLine HEIGHT="51" WIDTH="427" VPOS="3752" HPOS="266" LANG="en-US">
<String CONTENT="347." HEIGHT="41" WIDTH="98" VPOS="3754" HPOS="266"/>
<SP HEIGHT="29" WIDTH="27" VPOS="3774" HPOS="365"/>
<String CONTENT="[1]" HEIGHT="49" WIDTH="53" VPOS="3754" HPOS="393"/>
<SP HEIGHT="38" WIDTH="27" VPOS="3764" HPOS="447"/>
<String CONTENT="p." HEIGHT="37" WIDTH="43" VPOS="3764" HPOS="475"/>
<SP HEIGHT="39" WIDTH="58" VPOS="3754" HPOS="519"/>
<String CONTENT="22" HEIGHT="39" WIDTH="56" VPOS="3753" HPOS="578"/>
<String STYLE="superscript" CONTENT="cm" HEIGHT="21" WIDTH="45" VPOS="3755" HPOS="634"/>
<String CONTENT="." HEIGHT="9" WIDTH="9" VPOS="3783" HPOS="684"/>
</TextLine>
<TextLine HEIGHT="59" WIDTH="1908" VPOS="3806" HPOS="267" LANG="en-US">
<String CONTENT="Third" HEIGHT="39" WIDTH="148" VPOS="3810" HPOS="267"/>
<SP HEIGHT="37" WIDTH="28" VPOS="3812" HPOS="416"/>
<String CONTENT="volume" HEIGHT="39" WIDTH="190" VPOS="3810" HPOS="445"/>
<SP HEIGHT="30" WIDTH="24" VPOS="3819" HPOS="636"/>
<String CONTENT="of" HEIGHT="38" WIDTH="53" VPOS="3809" HPOS="661"/>
<SP HEIGHT="39" WIDTH="24" VPOS="3809" HPOS="715"/>
<String CONTENT="a" HEIGHT="29" WIDTH="28" VPOS="3819" HPOS="740"/>
<SP HEIGHT="36" WIDTH="25" VPOS="3812" HPOS="769"/>
<String CONTENT="trilogy," HEIGHT="50" WIDTH="189" VPOS="3807" HPOS="795"/>
<SP HEIGHT="43" WIDTH="27" VPOS="3812" HPOS="985"/>
<String CONTENT="the" HEIGHT="39" WIDTH="83" VPOS="3809" HPOS="1013"/>
<SP HEIGHT="39" WIDTH="24" VPOS="3808" HPOS="1097"/>
<String CONTENT="first" HEIGHT="40" WIDTH="107" VPOS="3808" HPOS="1122"/>
<SP HEIGHT="37" WIDTH="27" VPOS="3811" HPOS="1230"/>
<String CONTENT="and" HEIGHT="38" WIDTH="95" VPOS="3811" HPOS="1258"/>
<SP HEIGHT="38" WIDTH="29" VPOS="3811" HPOS="1354"/>
<String CONTENT="second" HEIGHT="38" WIDTH="170" VPOS="3813" HPOS="1384"/>
<SP HEIGHT="38" WIDTH="31" VPOS="3814" HPOS="1555"/>
<String CONTENT="volumes" HEIGHT="40" WIDTH="215" VPOS="3814" HPOS="1587"/>
<SP HEIGHT="38" WIDTH="25" VPOS="3816" HPOS="1803"/>
<String CONTENT="being" HEIGHT="50" WIDTH="141" VPOS="3814" HPOS="1829"/>
<SP HEIGHT="46" WIDTH="28" VPOS="3818" HPOS="1971"/>
<String CONTENT="&#8220;Rome" HEIGHT="40" WIDTH="175" VPOS="3818" HPOS="2000"/>
</TextLine>
<TextLine HEIGHT="45" WIDTH="852" VPOS="3862" HPOS="197" LANG="en-US">
<String CONTENT="for" HEIGHT="37" WIDTH="77" VPOS="3867" HPOS="197"/>
<SP HEIGHT="28" WIDTH="26" VPOS="3876" HPOS="275"/>
<String CONTENT="sale&#8221;" HEIGHT="42" WIDTH="127" VPOS="3864" HPOS="302"/>
<SP HEIGHT="39" WIDTH="27" VPOS="3865" HPOS="430"/>
<String CONTENT="and" HEIGHT="38" WIDTH="95" VPOS="3866" HPOS="458"/>
<SP HEIGHT="39" WIDTH="27" VPOS="3865" HPOS="554"/>
<String CONTENT="&#8220;Caesar" HEIGHT="41" WIDTH="209" VPOS="3864" HPOS="582"/>
<SP HEIGHT="40" WIDTH="24" VPOS="3864" HPOS="792"/>
<String CONTENT="is" HEIGHT="42" WIDTH="43" VPOS="3864" HPOS="817"/>
<SP HEIGHT="41" WIDTH="23" VPOS="3865" HPOS="861"/>
<String CONTENT="dead&#8221;." HEIGHT="42" WIDTH="164" VPOS="3863" HPOS="885"/>
</TextLine>
<TextLine HEIGHT="62" WIDTH="1981" VPOS="3930" HPOS="193" LANG="en-US" CS="1">
<String CONTENT="&#169;" HEIGHT="53" WIDTH="54" VPOS="3930" HPOS="193"/>
<SP/>
<String CS="1" CONTENT="1c."/>
<SP HEIGHT="39" WIDTH="24" VPOS="3936" HPOS="336"/>
<String CONTENT="June" HEIGHT="39" WIDTH="127" VPOS="3936" HPOS="360"/>
<SP HEIGHT="40" WIDTH="20" VPOS="3934" HPOS="487"/>
<String CONTENT="27," HEIGHT="46" WIDTH="71" VPOS="3934" HPOS="507"/>
<SP HEIGHT="46" WIDTH="25" VPOS="3934" HPOS="578"/>
<String CONTENT="1935;" HEIGHT="46" WIDTH="141" VPOS="3934" HPOS="603"/>
<SP HEIGHT="46" WIDTH="26" VPOS="3934" HPOS="744"/>
<!-- cceid 9077720D-6D82-1014-B070-FDFD250A9EDA --><String CONTENT="A" HEIGHT="38" WIDTH="43" VPOS="3934" HPOS="770"/>
<SP HEIGHT="38" WIDTH="21" VPOS="3934" HPOS="813"/>
<String CONTENT="ad" HEIGHT="38" WIDTH="61" VPOS="3935" HPOS="834"/>
<SP HEIGHT="42" WIDTH="24" VPOS="3932" HPOS="895"/>
<String CONTENT="int." HEIGHT="40" WIDTH="85" VPOS="3933" HPOS="919"/>
<SP HEIGHT="40" WIDTH="25" VPOS="3932" HPOS="1004"/>
<String CS="1" CONTENT="20348;" HEIGHT="41" WIDTH="145" VPOS="3932" HPOS="1029"/>
<SP HEIGHT="37" WIDTH="24" VPOS="3943" HPOS="1200"/>
<String CONTENT="pubd." HEIGHT="46" WIDTH="145" VPOS="3934" HPOS="1225"/>
<SP HEIGHT="38" WIDTH="26" VPOS="3935" HPOS="1370"/>
<String CONTENT="May" HEIGHT="48" WIDTH="113" VPOS="3935" HPOS="1396"/>
<SP HEIGHT="47" WIDTH="23" VPOS="3936" HPOS="1509"/>
<String CONTENT="2;" HEIGHT="47" WIDTH="53" VPOS="3936" HPOS="1532"/>
<SP HEIGHT="45" WIDTH="28" VPOS="3938" HPOS="1585"/>
<String CONTENT="J." HEIGHT="39" WIDTH="44" VPOS="3938" HPOS="1613"/>
<SP HEIGHT="38" WIDTH="26" VPOS="3939" HPOS="1657"/>
<String CONTENT="Lindsay," HEIGHT="49" WIDTH="227" VPOS="3938" HPOS="1683"/>
<SP HEIGHT="45" WIDTH="25" VPOS="3942" HPOS="1910"/>
<String CONTENT="Torquay," HEIGHT="50" WIDTH="239" VPOS="3942" HPOS="1935"/>
</TextLine>
<TextLine HEIGHT="38" WIDTH="579" VPOS="3987" HPOS="262" LANG="en-US" CS="1">
<String CS="1" CONTENT="England." HEIGHT="34" WIDTH="215" VPOS="3991" HPOS="262"/>
<SP HEIGHT="34" WIDTH="85" VPOS="3991" HPOS="478"/>
<String CONTENT="(35-10322)" HEIGHT="37" WIDTH="277" VPOS="3988" HPOS="564"/>
</TextLine>
</TextBlock>
</PrintSpace>
</Page>
</Layout>
</alto>