2424 4375
1249 4082 132 48 1004

380 531 252 40 “Sechstes
665 530 72 38 bis
769 532 194 38 zehntes
997 529 249 41 tausend.”

306 583 1816 108 © Oct. 30, 1934; 1c. Mar. 11, 1035; A-Foreign 27209; Carl Schünemann. (35-11169)
313 747 83 50 De
423 748 80 51 La
532 749 182 60 Mare,
742 747 221 53 Walter
989 747 172 59 John,
1195 750 165 53 1873-

379 824 178 66 Early
591 842 102 34 one
728 825 262 64 morning
1025 826 51 50 in
1112 825 93 53 the
1238 825 230 66 spring;
1503 825 261 65 chapters
1797 843 66 33 on
1900 825 253 52 children
2189 825 104 51 and

308 920 68 33 on
413 900 302 55 childhood
753 921 59 33 as
846 902 43 53 it
921 903 46 52 is
1002 902 251 52 revealed
1287 904 57 52 in
1383 902 313 66 particular
1731 901 52 53 in
1820 904 153 64 early
2013 902 285 52 memories

309 980 108 51 and
450 980 54 51 in
534 980 156 65 early
722 977 275 69 writings,
1024 979 69 66 by
1125 980 217 52 Walter
1369 980 86 53 De
1484 980 76 52 La
1592 979 176 52 Mare.
1837 979 251 54 London.
2119 979 179 53 Faber

307 1059 43 50 &
386 1057 182 52 Faber
598 1056 219 53 limited
857 1060 171 62 [1935]

381 1127 955 50 xx, 605 p. incl. front. ports. 23 cm .
307 1182 53 53 ©
386 1188 64 38 1c.
475 1187 125 40 June
624 1186 68 41 26.
720 1185 138 43 1935;
888 1186 36 39 A
955 1186 60 39 ad
1043 1186 84 39 int.
1153 1185 170 41 20335:
1354 1186 139 47 pubd.
1525 1187 112 46 May
1662 1187 79 40 16;
1773 1185 277 40 Macmillan
2079 1196 81 36 co.,
2187 1187 115 39 New

378 1244 142 39 York.
591 1243 280 47 (35-11431)

317 1347 117 52 Des
460 1347 286 63 Granges,
772 1346 242 54 Charles
1042 1348 180 58 Marc,
1254 1352 169 49 1861-

443 1421 1858 66 … Precis de littérature française. 9. éd. rev. et cor. Paris,
313 1502 67 51 A.
411 1499 227 65 Hatier,
671 1503 148 49 1935.

383 1574 84 40 473
497 1585 40 37 p.
572 1574 106 40 incl.
711 1573 148 40 front.
920 1572 115 42 19cm.

385 1631 63 39 At
472 1631 122 38 head
622 1630 52 39 of
699 1630 133 40 title:
861 1629 167 41 Ch.-M.
1057 1630 95 38 Des
1179 1630 230 46 Cranges.

386 1685 229 41 “Destiné
639 1697 97 29 aux
762 1685 155 41 élèves
944 1687 57 39 de
1027 1685 391 47 l'enseignement
1445 1685 279 40 secondaire
1752 1696 58 29 ou
1839 1685 462 48 primaire.”—Préf.

310 1739 1828 53 © Feb. 10, 1935; 1c. June 12; A- Foreign 28183; A. Hatier, Paris.
387 1799 279 49 (35-11172)

309 1901 140 54 Diät
476 1904 85 53 bei
593 1902 534 58 Zuckerkrankheit;
1159 1903 353 67 einführung
1542 1921 106 35 von
1677 1904 150 67 prof.
1857 1905 83 51 dr.
1971 1904 142 52 med.
2141 1906 63 50 L.
2234 1904 65 52 K.

381 1981 176 55 Grote
591 2015 67 33 [u.
689 2001 67 41 a.]
827 1981 309 67 Stuttgart,
1163 1982 71 52 K.
1265 1981 407 62 Thienemann,
1702 1985 149 49 1933.

376 2055 68 46 61,
476 2055 38 49 [2]
559 2065 42 37 p.
658 2055 52 38 21
716 2057 43 20 cm
765 2085 7 8 .
841 2054 378 47 (Thienemanns
1250 2053 454 49 diät-kochbücher)

311 2107 1991 53 © Mar. 13, 1933: 1c. Sept. 20; A — Foreign 25634; Karl Thienemanns
382 2169 176 47 verlag.

320 2256 312 64 Easterby,
663 2258 201 52 James
894 2255 239 60 Harold,
1169 2262 167 49 1898-

390 2335 46 50 A
480 2332 220 68 history
737 2334 64 50 of
841 2334 92 52 the
975 2334 227 65 College
1242 2333 63 52 of
1348 2333 352 57 Charleston,
1743 2333 249 53 founded
2041 2336 148 55 1770.
2229 2335 68 65 by

316 2411 54 53 J.
411 2413 71 51 H.
523 2411 294 68 Easterby.
893 2411 306 52 Published
1240 2429 67 35 on
1346 2411 93 52 the
1475 2410 251 53 occasion
1766 2410 63 53 of
1865 2412 92 51 the

1995 2412 175 64 sesqui
317 2431 1956 111 centennial
559 2488 364 68 anniversary
952 2489 63 52 of
1042 2489 91 52 the
1160 2489 325 67 chartering
1510 2489 63 52 of

1599 2490 94 52 the
1719 2489 224 66 college.
315 2489 1963 140 [Charleston,
461 2568 56 55 S.
548 2568 81 65 C.]
667 2572 148 49 1935.

387 2639 1305 50 6 p. l. , 379 p. front., 1 illus., plates, ports. 24cm.
392 2697 145 38 “This
580 2697 40 37 is
661 2697 199 39 number
901 2697 80 38 931
1024 2696 52 39 of
1116 2707 59 28 an
1218 2694 180 41 edition
1440 2695 51 39 of
1533 2695 220 40 nineteen
1796 2696 217 38 hundred
2058 2697 92 38 and
2194 2694 108 49 fifty

316 2752 201 49 copies.”

388 2808 251 49 “Register
664 2809 50 40 of
737 2809 182 40 officers
944 2809 93 39 and
1065 2807 251 41 students”:
1374 2818 41 37 p.
1442 2808 215 41 258-333.

388 2865 346 48 Bibliography:
792 2876 41 37 p.
858 2866 97 39 335.
1013 2864 203 40 “Notes”:
1274 2875 42 38 p.
1343 2864 217 41 336-367.

315 2919 53 52 ©
398 2925 112 39 May
533 2924 40 39 4.
602 2922 111 40 1935;
773 2923 64 38 2c.
868 2922 114 46 July
1010 2921 81 41 29:
1121 2921 81 40 aff.
1235 2922 115 45 July
1378 2921 53 40 27:
1492 2922 37 37 A
1559 2920 168 43 85238;
1759 2922 228 38 Trustees
2016 2921 52 38 of
2093 2922 81 38 the

384 2920 1898 106 College
511 2980 50 39 of
585 2980 300 43 Charleston,
912 2978 301 46 Charleston,
1243 2978 42 40 S.
1312 2978 46 40 C.
1430 2978 279 47 (35-11154)

322 3066 316 63 Eckehart,
667 3067 247 53 Meister.

450 3142 1850 68 … Deutscher glaube; übertragen von K. Weiss. Jena, E.
321 3222 322 65 Diederich,
674 3224 147 50 1934.

385 3294 67 47 67,
483 3294 54 49 [2]
566 3304 41 36 p.
665 3292 53 40 19
720 3296 45 20 cm
771 3324 7 8 .
845 3294 266 46 (Deutsche
1139 3293 145 45 reihe,
1312 3303 71 29 nr.
1408 3293 51 47 9)

382 3351 64 39 At
471 3351 122 38 head
623 3350 50 38 of
702 3349 108 40 title:
867 3349 200 40 Meister
1093 3349 256 40 Eckehart.

315 3400 1987 53 © Mar. 15, 1934; 1c. Sept. 20; A -Foreign 25663; Eugen Diederichs
386 3463 176 46 verlag.

323 3549 189 64 Fitch,
539 3550 153 53 John
722 3551 304 62 Andrews,
1058 3556 127 49 1881-

391 3624 333 55 Vocational
747 3626 277 67 guidance
1043 3627 61 52 in
1127 3627 204 66 action,
1352 3628 75 65 by
1447 3628 155 53 John
1624 3626 71 53 A.
1718 3626 187 52 Fitch.
1962 3626 136 52 New
2125 3625 175 56 York,

320 3702 141 53 Pub.
488 3702 94 53 for
605 3703 95 52 the
725 3703 304 52 American
1055 3704 335 53 association
1417 3704 62 53 of
1504 3705 173 52 social
1703 3703 245 53 workers
1974 3702 72 66 by
319 3701 1954 129 Columbia
442 3778 316 66 university
789 3797 171 47 press,
993 3783 151 49 1935.

392 3847 1907 51 xvii, 294 p., 1 l. incl. forms. 22½ cm . (Half-title: Job analysis series
319 3902 51 40 of
399 3905 79 40 the
507 3903 255 42 American
791 3904 291 41 association
1113 3906 51 40 of
1191 3906 147 39 social
1370 3906 225 40 workers,
1655 3917 74 29 no.
1748 3906 50 43 5)

318 3957 52 51 ©
405 3962 125 38 June
561 3961 68 38 24.
663 3962 111 39 1935;
837 3961 65 39 2c.
939 3963 125 38 June
1096 3962 81 41 26:
1214 3963 80 38 aff.
1330 3962 125 40 June
1488 3963 80 39 27:
1607 3963 39 37 A
1680 3962 140 40 83783;
1888 3960 243 41 Columbia
2291 3992 8 8 univ.

384 4027 149 38 press.
603 4016 276 51 (35-10984)
