2568 4342
1268 4100 64 49 11

304 463 216 65 Oliver,
546 464 167 57 Jane.

374 539 267 68 Evening
677 537 65 55 of
778 556 32 35 a
845 538 301 68 martinet;
1187 557 31 33 a
1255 538 185 68 novel,
1476 538 78 69 by
1589 538 148 54 Jane
1777 536 216 57 Oliver.
2069 535 230 57 Garden

306 615 153 70 City,
491 617 71 53 N.
596 616 91 67 Y.,
717 614 359 70 Doubleday,
1104 616 200 52 Doran
1337 617 47 51 &
1415 632 300 52 company,
1746 615 129 69 inc.,
1909 618 153 50 1935.

375 689 88 41 314
485 700 44 37 p.
593 689 55 40 19½
681 690 45 22 cm
730 721 9 9 .

373 745 164 42 “First
563 745 228 44 edition.”

307 800 51 52 ©
381 806 111 38 Dec.
517 805 69 47 28,
611 804 114 40 1934;
777 803 66 41 2c.
870 806 96 38 and
990 803 82 41 aff.
1099 804 110 40 Jan.
1233 802 40 49 9,
1299 803 141 48 1935;
1466 804 41 38 A
1532 801 170 49 79097;
1731 805 156 39 Helen
1913 805 188 39 Easson
2127 805 178 47 Evans,

373 862 211 40 London.
656 860 222 50 (35-528)

304 964 241 66 O’Neill,
576 966 241 63 Eugene
849 965 339 65 Gladstone,
1222 970 171 50 1888-

372 1040 1933 71 The plays of Eugene O’Neill … Wilderness ed. New York,
304 1120 61 55 C.
398 1121 311 55 Scribner’s
737 1140 128 36 sons
898 1156 13 33 [
914 1130 20 20 c
939 1124 152 65 1934]

372 1197 31 40 4
429 1208 40 28 v.
597 1227 8 16 pl.,
635 1198 122 45 port.
817 1195 56 40 24½
906 1198 44 21 cm
954 1228 9 7 .

377 1249 1929 50 “This Wilderness edition … printed from type now destroyed, is
305 1306 188 42 limited
531 1310 50 38 to
621 1317 144 31 seven
805 1308 224 40 hundred
1068 1309 97 39 and
1204 1309 200 46 seventy
1444 1308 99 40 sets
1583 1306 54 41 of
1673 1306 160 41 which
1873 1308 186 47 twenty
2101 1317 83 32 are
2226 1306 80 41 for

301 1363 380 48 presentation.”

378 1419 200 42 Volume
603 1430 22 30 i
647 1420 170 48 signed
842 1420 62 49 by
931 1421 84 42 the
1041 1421 192 40 author.

373 1475 372 43 CONTENTS.—I.
778 1476 205 49 Strange
1014 1477 374 42 interlude.—II.
1419 1477 261 48 Mourning
1708 1477 219 42 becomes
1958 1477 351 42 Electra.—m.

305 1534 100 39 The
436 1534 235 48 Emperor
701 1534 162 41 Jones.
921 1534 88 47 Ah,
1041 1530 445 46 wilderness!—IV.
1517 1534 80 39 All
1631 1534 145 41 God’s
1807 1534 185 42 chillun
2023 1536 86 47 got
2136 1534 170 48 wings.

306 1589 216 43 Lazarus
547 1590 224 48 laughed.

305 1661 40 29 v.
380 1651 39 46 1,
452 1649 40 48 2,
529 1645 54 52 ©
615 1650 117 40 Nov.
767 1650 69 46 30,
870 1649 115 41 1934;
1048 1650 65 40 2c.
1150 1652 121 38 each
1299 1651 112 39 Dec.
1448 1651 82 46 18;
1566 1650 117 43 affs.,
1712 1651 110 40 Jan.
1857 1650 39 48 2,
1932 1650 142 47 1935;
2112 1663 41 28 v.
2188 1652 40 46 3,
2263 1651 41 51 4,

377 1702 55 52 ©
456 1707 109 40 Dec.
594 1706 69 49 28,
690 1706 141 48 1934;
860 1706 67 41 2c.
956 1708 118 39 each
1101 1708 109 39 Jan.
1238 1707 68 48 28,
1336 1707 142 48 1935;
1507 1705 106 42 affs.
1643 1708 110 40 Jan.
1781 1707 83 48 19;
1894 1708 42 39 A
1962 1707 158 47 77953,
2148 1705 159 51 77954,

376 1763 155 49 79391,
557 1763 170 49 79392;
757 1764 207 41 Charles
986 1764 267 41 Scribner’s
1276 1775 126 30 sons.
1473 1764 221 49 (35-517)

305 1854 382 67 Oppenheim,
717 1856 254 53 Edward
999 1854 266 67 Phillips,
1296 1860 172 51 1866-

376 1933 121 53 The
537 1951 109 50 spy
687 1941 360 60 paramount,
1088 1934 77 67 by
1207 1934 67 53 E.
1319 1933 252 67 Phillips
1616 1933 378 68 Oppenheim.
2070 1936 233 54 Boston,

304 2008 194 70 Little,
527 2013 229 66 Brown,
785 2012 112 53 and
925 2030 296 49 company,
1253 2016 149 49 1935.

374 2087 26 39 3
428 2096 41 37 p.
534 2115 9 17 l.,
573 2085 178 50 [3]-285
775 2095 45 38 p.
872 2084 56 40 19½
960 2087 45 21 cm
1009 2115 9 8 .

378 2142 128 43 “The
530 2152 87 38 spy
640 2143 295 47 paramount
960 2143 244 47 appeared
1228 2141 52 40 in
1305 2141 220 42 Collier’s
1551 2143 155 39 under
1732 2143 82 40 the
1838 2141 110 42 title
1973 2141 53 41 of
2052 2142 116 42 ‘The
2193 2151 112 31 man

308 2200 103 38 who
441 2201 148 38 saved
619 2200 85 39 the
728 2198 210 41 world’.”

307 2252 52 53 ©
388 2257 109 40 Jan.
526 2258 40 45 4,
595 2257 141 46 1935;
767 2256 65 41 2c.
863 2258 97 39 and
987 2256 81 41 aff.
1099 2257 107 40 Jan.
1239 2256 53 47 5;
1322 2258 41 38 A
1392 2257 170 46 78881;
1595 2258 51 38 E.
1679 2258 50 39 P.
1761 2256 312 49 Oppenheim,
2105 2257 200 47 Cagnes,

373 2315 53 38 A.
457 2315 76 45 M.,
563 2314 198 40 France.
834 2313 221 49 (35-448)

303 2406 63 54 P.
392 2406 71 54 U.
489 2408 68 52 R.
583 2404 186 70 digest
804 2405 399 69 (cumulative)
1240 2406 268 67 covering
1531 2406 98 52 the
1653 2406 114 52 full
1791 2406 201 68 period
2018 2407 65 51 of
2107 2404 199 69 utility

373 2484 323 68 regulation
731 2485 169 67 (with
927 2484 247 69 up-keep
1202 2484 416 68 supplements)
1691 2503 51 34 v.
1772 2484 47 53 7.
1860 2486 179 51 Table
2066 2485 63 52 of
2156 2502 150 34 cases

375 2564 112 51 and
526 2563 99 52 list
662 2564 64 51 of
765 2564 250 67 appeals,
1054 2564 348 66 rehearings,
1443 2564 113 51 and
1593 2562 436 55 modifications.
373 2563 1911 146 Washington,
621 2643 73 51 D.
725 2643 81 65 C.,
835 2643 324 66 Rochester,
1188 2644 70 52 N.
1289 2644 91 64 Y.,
1408 2642 204 53 Public
1640 2641 242 54 utilities
1910 2646 241 63 reports,
2178 2641 127 68 inc.,

372 2723 149 50 1934.

373 2794 64 48 xi,
466 2795 86 39 777
577 2805 41 37 p.
675 2793 57 41 25
735 2796 44 21 cm
782 2825 9 8 .

308 2846 54 53 ©
398 2852 110 39 Dec.
545 2851 69 48 27,
651 2850 116 41 1934;
832 2850 66 41 2c.
936 2851 111 40 Dec.
1085 2852 83 46 31;
1208 2850 83 41 aff.
1328 2852 112 39 Dec.
1478 2850 83 48 29;
1602 2852 41 38 A
1679 2849 169 48 77972.;
1890 2849 170 41 Public
2098 2849 207 41 utilities

374 2910 203 46 reports,
602 2908 91 40 inc.

301 2997 242 66 Parker,
573 2999 154 53 John
756 2999 184 64 Scott,
970 2999 85 52 ed.

372 3076 121 52 The
517 3078 364 66 corporation
906 3076 260 66 manual;
1192 3081 288 62 statutory
1505 3075 321 68 provisions
1853 3074 250 69 relating
2126 3079 59 49 to
2209 3074 96 52 the

302 3153 413 69 organization,
765 3155 323 68 regulation
1140 3155 112 52 and
1300 3155 262 52 taxation
1613 3154 64 52 of
1728 3154 272 53 domestic
2049 3153 254 53 business

303 3232 409 69 corporations,
742 3233 113 53 and
883 3239 59 49 to
971 3234 95 54 the
1097 3232 327 69 admission,
1456 3232 323 70 regulation
1810 3233 111 52 and
1951 3231 262 54 taxation
2242 3231 64 54 of

305 3311 227 69 foreign
565 3311 253 54 business
853 3313 409 67 corporations,
1296 3313 62 53 in
1387 3313 97 53 the
1517 3315 214 50 several
1764 3316 191 62 states,
1988 3311 317 53 territories

306 3392 111 51 and
451 3390 254 53 districts
737 3391 64 52 of
832 3390 100 53 the
960 3390 217 55 United
1213 3392 207 66 States,
1453 3391 282 66 arranged
1765 3391 183 51 under
1981 3408 33 34 a
2043 3390 260 52 uniform

301 3466 425 69 classification;
753 3469 96 53 the
871 3469 279 55 Uniform
1170 3469 160 54 stock
1352 3469 254 53 transfer
1631 3472 116 62 act;
1774 3469 220 52 federal
2020 3469 113 51 and
2157 3472 148 50 state

301 3547 138 52 laws
485 3545 329 69 regulating
856 3547 96 53 the
995 3547 118 52 sale
1156 3547 65 53 of
1263 3551 300 63 corporate
1605 3547 186 52 stocks
1837 3547 113 52 and
1994 3546 308 53 securities.

298 3623 163 54 With
505 3625 181 53 forms
728 3625 112 53 and
883 3625 348 68 precedents,
1274 3625 190 53 edited
1506 3625 75 66 by
1623 3625 157 55 John
1825 3624 56 55 S.
1924 3625 222 54 Parker
2189 3624 114 54 and

299 3702 54 53 J.
383 3704 68 51 B.
478 3705 68 50 R.
578 3701 207 68 Smith,
813 3704 237 51 assisted
1076 3703 77 68 by
1180 3723 31 33 a
1237 3704 179 52 board
1444 3703 64 52 of
1537 3703 310 53 associated
1876 3703 214 53 editors
2117 3705 61 51 in
2205 3703 97 52 the

297 3782 215 51 several
539 3787 188 47 states.
792 3782 133 51 36th
953 3783 84 51 ed.
1098 3782 138 52 New
1265 3781 179 65 York,
1470 3783 218 53 United
1719 3781 188 54 States
1935 3781 364 69 corporation

297 3877 296 49 company,
623 3863 149 51 1935.

369 3943 64 29 xv
457 3943 58 37 p.,
542 3934 24 37 1
630 3963 8 16 l.,
663 3932 119 40 2700
805 3944 41 37 p.
903 3932 54 40 25½
991 3935 44 21 cm
1039 3963 8 8 .

304 3984 51 52 ©
389 3990 107 38 Jan.
530 3989 39 47 2,
601 3988 140 46 1935;
775 3987 65 42 2c.
875 3991 95 38 and
1003 3989 81 41 aff.
1118 3990 107 39 Jan.
1261 3991 53 43 3;
1348 3990 41 38 A
1421 3989 170 45 78826;
1627 3988 324 46 Corporation
1983 3990 201 38 manual
2216 3998 82 36 co.,

370 4046 118 39 New
513 4046 144 40 York.
