2568 4342
1367 4065 66 49 40

380 443 260 68 Fraprie,
671 446 198 52 Frank
898 447 146 63 Roy,
1077 445 171 54 1874-

449 522 258 54 Portrait
738 523 253 68 lighting
1021 523 77 67 by
1129 521 266 69 daylight
1427 522 110 52 and
1573 519 265 56 artificial
1870 521 168 68 light,
2068 521 76 66 by
2174 520 198 53 Frank

381 599 1991 69 R. Fraprie … with 120 illustrations. Boston, Mass., American
381 677 418 69 photographic
827 676 335 70 publishing
1191 695 296 49 company,
1518 680 149 49 1935.

452 751 79 47 vii,
558 751 69 48 91,
660 752 83 50 [27]
773 762 43 37 p.
871 751 143 45 illus.,
1042 750 178 48 diagrs.
1275 748 116 41 24cm.

455 805 1868 46 “We have included almost all of the material to be found in …
383 865 218 41 ‘Artistic
625 865 220 48 lighting’
875 865 61 47 by
960 865 165 39 James
1155 861 389 50 Inglis.”—Pref.

387 933 51 51 ©
474 937 107 39 Jan.
616 935 40 48 2,
692 936 113 40 1935;
867 936 65 39 2c.
968 936 107 39 Jan.
1110 936 27 38 4;
1202 934 80 40 aff.
1317 935 110 39 Jan.
1463 934 25 40 5;
1551 934 40 39 A
1626 933 143 42 78855;
1834 934 156 40 Amer.
2028 933 351 49 photographic

451 994 107 47 pub.
593 1004 65 29 co.
730 991 250 50 (35-1082)

385 1096 270 63 Georgia.
728 1098 184 64 Laws,
939 1102 257 59 statutes,
1222 1102 101 47 etc.

457 1173 121 53 The
609 1172 151 54 Code
788 1172 62 52 of
878 1171 245 69 Georgia
1152 1172 64 52 of
1244 1174 151 65 1933,
1425 1170 246 69 adopted
1695 1170 203 54 March
1926 1172 84 67 24,
2038 1171 154 66 1933,
387 1166 1966 136 effective

530 1250 262 69 January
818 1253 48 65 1,
894 1252 151 65 1935,
1073 1249 278 68 prepared
1381 1248 177 53 under
1585 1249 96 53 the
1709 1247 276 55 direction
2013 1247 65 54 of
2103 1247 94 54 the
2226 1245 152 56 Code

391 1328 371 67 commission,
791 1327 75 68 by
893 1325 219 54 Orville
1141 1325 70 54 A.
1242 1326 157 53 Park
1427 1327 113 52 and
1565 1325 198 69 Harry
1791 1324 271 70 Strozier,
2087 1325 198 69 Harry
2310 1324 68 52 B.

391 1404 283 54 Skillman
711 1404 147 68 [and]
893 1405 201 68 Henry
1123 1403 76 53 H.
1234 1402 173 56 Cobb.
1481 1403 258 68 Atlanta,
1768 1403 123 54 The
1920 1403 284 53 Harrison

392 1419 1964 130 company,
593 1485 148 50 1935.

461 1554 98 47 xix,
595 1553 113 40 3473
743 1564 41 37 p.
845 1555 23 37 1
908 1554 127 39 illus.
1094 1552 147 41 26½cm.

391 1624 51 51 ©
477 1628 109 39 Jan.
619 1627 26 39 28
677 1654 11 20 ·,
722 1627 139 46 1935;
896 1627 65 40 2c.
997 1628 95 39 and
1127 1627 80 39 aff.
1242 1628 108 39 Jan.
1385 1627 83 48 30;
1504 1628 41 38 A
1578 1627 171 48 79416;
1788 1627 140 41 State
1960 1627 51 40 of
2045 1626 221 49 Georgia,

456 1626 1909 99 Atlanta.
679 1684 278 49 (35-27563)

389 1786 317 67 [Granville
735 1787 212 64 Baker,
977 1787 141 54 Lola
1145 1788 188 53 Marie
1362 1787 276 67 Thérèse]
1675 1793 171 49 1906-

466 1863 219 53 Yellow
729 1862 169 69 river,
938 1863 77 68 by
1057 1862 181 53 Elena
1283 1862 378 70 Bochkovsky
1728 1865 209 67 [pseud.]
2016 1862 257 69 London,
2317 1862 65 52 T.

398 1940 583 68 Lutterworth, ltd. [1934]
462 2010 100 48 315,
589 2010 55 49 [1]
671 2021 41 37 p.
773 2010 145 40 19½cm.

395 2081 1989 110 © 1c. Jan. 11, 1935; A ad int. 19856; pubd. Nov. 13, 1934; Lola Marie-Thérèse Granville Baker, London. (35-1980)
394 2244 313 66 Groggins,
736 2243 192 67 Philip
955 2244 333 66 Herkimer,
1321 2252 171 49 1888-
1703 2248 83 51 ed.

525 2320 1861 71 … Unit processes in organic synthesis, P. H. Groggins,
395 2398 1989 69 editor-in-chief … 1st ed. New York and London, McGraw-
397 2477 125 51 Hill
551 2476 148 53 book
727 2493 296 52 company,
1052 2477 125 68 inc.,
1211 2481 150 52 1935.

466 2550 83 47 xii,
580 2549 84 40 689
695 2560 41 37 p.
797 2550 143 49 illus.,
970 2551 178 49 diagrs.
1208 2551 146 41 23½cm.
1424 2550 270 48 (Chemical
1725 2550 311 49 engineering
2065 2551 175 48 series)

468 2607 224 40 Includes
723 2606 285 42 references.

398 2672 51 51 ©
477 2677 108 38 Jan.
613 2676 40 47 2,
682 2675 117 41 1935;
851 2676 65 41 2c.
948 2678 107 39 Jan.
1084 2679 30 38 4;
1169 2676 80 42 aff.
1280 2678 108 39 Jan.
1418 2679 25 39 7;
1501 2679 41 38 A
1571 2678 143 41 79064;
1772 2678 351 40 McGraw-Hill
2151 2678 123 40 book
2302 2687 83 40 co.,

466 2733 88 40 inc.
626 2732 220 48 (35-975)

398 2834 149 64 Hall,
576 2835 251 65 Jerome,
860 2841 169 50 1901-

403 2911 1957 131 Theft, law and society, by Jerome Hall … with an introduction
672 2990 1715 70 by K. N. Llewellyn … Boston, Little, Brown, and
398 3083 295 50 company,
725 3071 150 50 1935.

609 3170 8 14 xxxv,
644 3138 86 41 360
755 3150 42 37 p.
857 3138 144 42 23½cm.

474 3195 175 40 “Table
679 3195 50 40 of
756 3195 163 40 cases”:
978 3207 41 37 p.
1065 3197 234 49 [349]-350.

404 3265 51 51 ©
485 3269 107 39 Jan.
620 3269 40 40 4,
688 3266 113 42 1935;
859 3268 64 39 2c.
954 3270 94 38 and
1076 3269 79 39 aff.
1186 3271 108 39 Jan.
1325 3271 25 39 5;
1407 3271 42 39 A
1477 3271 145 39 78884;
1679 3271 42 39 J.
1752 3271 130 47 Hall,
1913 3269 301 48 Cambridge,
2244 3271 143 38 Mass.

480 3323 220 50 (35-959)

402 3427 257 64 Harvey,
689 3427 257 63 Lashley
975 3427 174 64 Grey.

471 3499 311 69 Colorado;
831 3501 72 52 its
950 3510 370 59 government
1368 3505 113 52 and
1528 3505 240 69 history,
1813 3504 76 69 by
1935 3503 248 68 Lashley
2232 3502 156 70 Grey

402 3577 1987 72 Harvey … and Frank C. Spencer … Denver, Colo., Herrich
403 3654 143 51 book
573 3655 111 51 and
712 3655 312 67 stationery
1050 3674 98 49 co.,
1177 3659 149 51 1934.

475 3725 1092 50 2 p. l., 3-108 p., 1 l., 98 p. diagrs. 20cm.
478 3781 161 41 “First
666 3782 197 48 edition,
896 3781 275 49 September
1200 3784 157 41 1934.”

477 3836 237 42 Colorado
739 3840 324 45 government,
1091 3839 61 47 by
1179 3840 209 49 Lashley
1416 3841 127 48 Grey
1569 3843 200 47 Harvey;
1829 3841 203 48 History
2061 3842 53 40 of
2141 3841 250 49 Colorado,

408 3892 58 47 by
495 3893 165 41 Frank
686 3893 49 41 C.
765 3893 217 49 Spencer.

409 3948 51 51 ©
487 3953 115 39 Nov.
632 3953 38 45 8,
699 3952 113 40 1934;
869 3952 66 40 2c.
964 3954 95 38 and
1089 3952 79 40 aff.
1199 3954 107 39 Jan.
1337 3957 39 46 7,
1404 3955 113 41 1935;
1575 3958 41 38 A
1644 3956 142 41 79075;
1844 3956 208 41 Herrick
2080 3957 122 40 book
2233 3957 36 39 &
476 3958 1896 96 stationery
697 4019 65 29 co.
834 4007 220 50 (35-911)
