2424 4375
1015 4069 132 49 1423

87 538 329 52 Annotated
445 538 153 51 from
627 537 77 51 all
729 537 95 51 the
853 554 147 34 cases
1027 534 333 67 construing
1388 536 155 51 these
1570 535 153 52 laws.
1787 535 292 66 Prepared

89 617 71 65 by
205 616 94 52 the
343 615 265 53 editorial
653 611 161 57 staffs
859 614 62 51 of
965 613 254 52 Edward
1264 613 331 66 Thompson
1639 630 279 49 company
1966 612 112 53 and

86 695 160 53 West
280 691 334 70 publishing
647 711 78 34 co.
799 693 150 51 Title
985 693 83 51 26.
1140 691 259 52 Internal
1437 708 240 35 revenue
1699 692 63 65 §§
1802 695 27 47 1
1866 696 58 47 to
1961 694 116 49 349.

90 773 81 54 St.
200 773 167 64 Paul,
392 771 202 65 Minn.,
621 772 160 53 West
805 769 333 68 publishing
1166 789 78 33 co.
1262 787 11 49 ;
1303 769 340 67 Northport,
1671 770 165 66 Long
1862 769 217 67 Island,

88 848 1353 67 N. Y., Edward Thompson company [ c 1935]
157 922 132 47 xxix,
320 922 86 40 850
433 933 43 37 p.
535 921 56 40 24
593 924 43 20 cm
643 952 8 9 .

87 981 53 54 ©
171 985 129 48 Sept.
328 985 68 47 30,
428 984 114 40 1935
559 995 9 35 ;
599 985 66 39 2c.
697 983 99 41 Oct.
830 984 80 45 12;
944 981 82 42 aff.
1058 982 103 41 Oct.
1192 983 81 46 14;
1307 983 41 38 A
1376 981 143 42 86789
1537 993 8 36 ;
1580 983 136 40 West
1746 983 108 48 pub.
1885 993 66 30 co.
1984 986 96 38 and

156 1043 210 40 Edward
394 1042 274 47 Thompson
697 1051 67 30 co.

88 1146 412 63 Untermeyer,
531 1143 196 64 Louis,
762 1148 168 50 1885-
1141 1143 85 54 ed.

155 1221 279 54 Rainbow
473 1219 60 54 in
571 1220 94 53 the
703 1219 122 69 sky,
863 1218 267 55 collected
1170 1219 112 53 and
1320 1217 187 55 edited
1547 1218 75 68 by
1659 1218 174 54 Louis
84 1219 1973 150 Untermeyer;

336 1298 324 53 illustrated
690 1297 76 69 by
800 1296 286 70 Reginald
1119 1295 194 55 Birch.
1387 1296 139 53 New
1562 1295 179 69 York,
1774 1297 307 66 Harcourt,

86 1377 853 66 Brace and company [ c 1935]
157 1449 151 50 xxvii,
334 1449 89 42 498
449 1460 43 38 p.
522 1449 109 41 incl.
660 1449 163 48 front.,
852 1449 142 47 illus.,
1023 1447 64 48 pi.
1145 1448 56 40 23½
1233 1449 45 22 cm
1282 1480 10 9 .

157 1507 75 41 An
261 1507 262 47 anthology
548 1506 52 40 of
626 1507 169 47 poetry
820 1504 80 43 for
925 1504 232 41 children.

88 1567 52 53 ©
170 1571 101 40 Oct.
304 1570 67 49 10,
404 1569 113 41 1935
535 1580 9 36 ;
576 1570 67 39 2c.
675 1569 102 40 Oct.
809 1569 55 40 18
881 1579 8 35 ;
924 1568 82 40 aff.
1040 1568 101 40 Oct.
1174 1569 55 39 17
1247 1578 9 37 ;
1290 1568 40 39 A
1360 1567 147 42 86849
1521 1579 9 36 ;
1565 1569 261 47 Harcourt,
1859 1570 157 39 Brace
2045 1570 38 41 &

154 1638 82 37 co.,
263 1628 89 38 inc.
423 1625 279 48 (35-27286)

88 1727 249 67 WAAC,
362 1728 195 67 pseud.

156 1803 1830 70 Hell triumphant, by WAAC. New York, Godwin [ c 1935]
159 1877 88 43 288
275 1888 44 38 p.
378 1877 57 41 19½c
483 1879 28 22 m
514 1908 10 10 .

89 1932 52 53 ©
165 1936 102 41 Oct.
292 1937 39 45 7,
355 1935 116 40 1935
487 1945 10 37 ;
523 1934 65 41 2c.
615 1935 102 40 Oct.
742 1934 58 40 10
814 1945 8 36 ;
852 1933 80 41 aff.
960 1934 102 40 Oct.
1087 1933 31 40 9
1132 1945 8 34 ;
1168 1935 40 38 A
1233 1933 146 41 87559
1394 1945 9 35 ;
1434 1933 215 49 Godwin,
1677 1932 288 50 publishers,
1992 1935 88 39 inc.

170 1991 280 49 (35-19273)

89 2093 176 66 Wait,
296 2093 274 65 William,
606 2097 323 50 1821-1880.

158 2173 203 53 Wait’s
397 2173 257 52 Practice
690 2179 57 46 at
783 2172 126 65 law,
944 2171 60 53 in
1040 2172 192 67 equity
1268 2172 112 52 and
1419 2171 59 52 in
1513 2169 316 69 particular
1867 2173 214 52 actions

92 2251 110 53 and
230 2251 369 67 proceedings
627 2249 58 52 in
715 2250 76 52 all
816 2251 93 52 the
938 2253 187 49 courts
1154 2250 62 54 of
1242 2250 196 53 record
1468 2249 63 52 of
1558 2249 95 53 the
1681 2252 147 50 state
1854 2250 63 52 of
1944 2252 138 51 New

92 2329 177 66 York,
311 2329 139 51 with
489 2329 370 67 appropriate
899 2328 195 52 forms.
1172 2328 70 52 3d
1283 2328 105 66 ed.,
1426 2328 220 53 revised
1689 2328 112 52 and
1841 2328 241 68 entirely

93 2406 289 53 rewritten
423 2414 57 45 to
522 2406 261 52 conform
824 2406 137 51 with
1003 2407 95 51 the
1141 2405 152 56 Civil
1334 2406 247 66 practice
1623 2413 92 47 act
1754 2406 112 52 and
1910 2406 171 55 allied

88 2489 256 48 statutes.
432 2484 432 67 Supplemental
909 2486 222 50 volume
1179 2483 93 52 for
1323 2486 150 64 1935,
1518 2485 268 66 covering
1831 2484 249 53 volumes

93 2560 1988 68 one to four, six and eight, by William H. Pearse … New
93 2640 176 66 York,
298 2640 204 66 Baker,
529 2640 247 54 Yoorhis
801 2643 45 50 &
871 2658 97 47 co.,
998 2642 149 51 1935.

228 2712 61 47 xxvi,
319 2713 88 39 790
433 2723 44 37 p.
534 2713 55 39 23
591 2715 45 20 cm
642 2743 8 8 .

92 2764 52 53 ©
176 2769 127 48 Sept.
332 2768 70 48 25,
430 2767 140 47 1935;
602 2769 67 38 2c.
703 2768 126 47 Sept.
860 2767 81 46 28;
974 2767 83 40 aff.
1088 2767 103 40 Oct.
1221 2768 52 44 8;
1306 2768 39 37 A
1375 2767 170 46 87287;
1580 2766 217 41 William
1828 2767 131 42 Wait
1989 2771 94 38 and

161 2826 139 39 Isaac
325 2825 53 40 V.
406 2825 54 39 A.
487 2824 145 47 Wait,
661 2822 253 49 Peekskill,
942 2824 55 39 N.
1025 2824 51 38 Y.

158 2927 205 54 Wait’s
400 2929 257 51 Practice
694 2933 57 46 at
786 2930 124 63 law,
947 2927 59 51 in
1041 2928 192 66 equity
1269 2928 112 51 and
1417 2927 60 52 in
1514 2926 316 68 particular
1868 2930 214 52 actions

94 3006 110 51 and
229 3006 368 66 proceedings
625 3008 60 50 in
713 3005 76 52 all
817 3007 94 50 the
938 3010 187 48 courts
1155 3005 62 52 of
1244 3006 196 52 record
1468 3005 63 53 of
1557 3006 98 52 the
1680 3011 145 48 state
1853 3006 63 52 of
1944 3008 138 51 New

95 3082 175 67 York,
306 3083 138 52 with
482 3084 371 67 appropriate
888 3083 196 53 forms.
1160 3084 97 51 4th
1294 3084 104 66 ed.,
1433 3082 220 55 revised
1689 3084 114 53 and
1841 3084 241 69 entirely

94 3162 288 52 rewritten
421 3165 59 47 to
520 3161 259 53 conform
822 3162 137 52 with
1000 3161 95 54 the
1140 3159 152 56 Civil
1334 3162 247 67 practice
1625 3167 89 47 act
1755 3163 112 51 and
1910 3162 171 53 allied

92 3238 1990 69 statutes, by William S. Beers … Supplement to replacement
96 3316 220 52 volume
355 3314 122 55 five.
553 3317 137 51 New
728 3316 178 66 York,
944 3316 206 67 Baker,
1186 3317 246 54 Yoorhis
1469 3320 44 50 &
1550 3335 97 48 co.,
1687 3321 149 50 1935.

162 3389 24 38 1
215 3400 43 37 p.
324 3420 8 15 l.,
361 3389 58 39 10
441 3400 43 37 p.
541 3389 55 40 23
599 3391 44 21 cm
647 3420 9 8 .

167 3445 116 40 This
305 3446 247 47 pamphlet
577 3445 41 40 is
643 3448 48 37 to
714 3446 60 39 be
795 3445 136 40 fitted
954 3445 102 40 into
1082 3447 81 38 the
1187 3446 169 47 pocket
1382 3449 50 37 at
1458 3447 81 38 the
1565 3447 121 38 back
1710 3447 54 40 of
1788 3448 83 38 the
1894 3448 190 41 volume

96 3500 51 39 of
173 3502 80 39 the
280 3504 72 37 set
381 3504 48 37 to
457 3501 156 40 which
642 3503 38 38 it
708 3502 208 47 belongs.

97 3552 52 53 ©
179 3558 126 47 Sept.
335 3558 70 46 25,
435 3556 139 48 1935;
607 3558 66 39 2c.
705 3557 129 49 Sept.
862 3558 81 46 2:8;
976 3558 83 40 aff.
1091 3558 101 40 Oct.
1223 3559 52 46 8;
1307 3559 42 38 A
1378 3557 169 47 87287;
1577 3558 216 40 William
1825 3560 134 41 Wait
1986 3562 96 39 and

166 3613 139 40 Isaac
330 3615 52 38 V.
411 3615 53 39 A.
492 3614 144 42 Wait.
664 3614 255 47 Peekskill,
947 3615 54 38 N.
1031 3614 52 40 Y.

164 3713 200 53 Wait’s
401 3716 256 51 Practice
695 3724 57 45 at
789 3716 124 66 law,
950 3715 59 52 in
1043 3717 193 66 equity
1273 3716 111 52 and
1421 3716 59 52 in
1516 3716 313 67 particular
1866 3717 214 53 actions

99 3790 108 50 and
235 3792 367 66 proceedings
630 3792 57 51 in
717 3792 77 52 all
822 3794 95 50 the
941 3800 188 47 courts
1156 3794 62 51 of
1246 3794 197 52 record
1470 3795 63 50 of
1560 3795 94 51 the
1680 3800 144 46 state
1853 3794 63 52 of
1944 3796 137 50 New

99 3865 174 67 York,
318 3869 139 52 with
503 3871 369 65 appropriate
917 3870 194 53 forms.
1191 3871 401 66 Replacement
1634 3871 223 53 volume
1900 3889 180 35 seven.

98 3943 92 51 4th
223 3944 101 61 ed.,
354 3947 217 53 revised
600 3948 111 52 and
743 3948 238 66 entirely
1012 3949 290 51 rewritten
1331 3954 58 49 to
1418 3949 259 53 conform
1707 3949 139 51 with
1880 3949 200 54 Surro-
