2424 4375
0 0 0 0 933
223 542 62 37 At
309 540 121 39 head
457 540 51 39 of
534 540 135 39 title:
694 538 149 39 Noële
866 537 385 40 Maurice-Denis
1276 541 50 37 et
1353 538 182 40 Robert
1561 539 186 38 Boulet.

221 594 416 49 “Bibliographie”:
693 605 43 38 p.
767 593 246 52 [883]-904.

152 649 52 52 ©
230 654 120 37 Mar.
377 652 68 46 25,
472 650 112 41 1935;
669 663 37 28 1c.
733 653 112 46 May
871 652 53 39 31;
983 652 100 38 A-
1086 651 206 48 Foreign
1320 650 142 41 28005;
1519 649 212 48 Desclée,
1758 651 60 38 de
1844 651 234 37 Brouwer
2104 649 37 40 &

220 710 82 39 cie.
373 708 278 48 (35-10018)

151 810 232 64 Dilling,
411 812 138 52 Mrs.
581 811 307 53 Elizabeth
919 811 445 64 (Kirkpatrick)

219 886 120 52 The
379 886 95 52 red
519 886 282 69 network;
846 906 29 33 a
921 886 205 54 “who’s
1168 886 162 53 who”
1373 886 112 53 and
1529 885 305 53 handbook
1878 885 64 54 of

151 882 1959 133 radicalism
389 962 91 53 for
527 964 259 66 patriots,
833 964 72 69 by
952 963 300 53 Elizabeth
1298 963 229 69 Dilling
1583 962 166 69 (Mrs.
1798 962 205 53 Albert
2044 961 91 54 W.

158 1040 244 68 Dilling)
483 1040 377 69 Kenilworth,
893 1041 113 67 Ill.,
1043 1041 270 68 Chicago,
1348 1041 123 53 The
1503 1041 206 52 author
1750 1042 172 65 [1935]

221 1112 1214 51 3 p. l., 9-338, [16] p. illus. (facsims.) 21½ cm .
223 1167 1805 50 “First printing—April 1934 … Fourth printing—January 1935.”
152 1223 52 52 ©
235 1228 108 39 Jan.
373 1227 67 42 25.
473 1228 141 46 1935;
647 1228 67 39 2c.
748 1230 95 38 and
875 1228 80 40 aff.
989 1229 116 47 July
1138 1229 51 45 1;
1225 1229 40 38 A
1298 1227 170 48 84498;
1504 1230 53 38 E.
1590 1228 199 48 Dilling,
1820 1226 322 49 Kenilworth,

223 1286 70 37 Ill.
358 1285 279 48 [Copyright
669 1286 45 39 is
743 1285 202 40 claimed
980 1297 59 28 on
1072 1296 105 29 new
1209 1289 193 44 matter]
1474 1284 250 49 (35-9981)

154 1386 405 54 Dombrowski
603 1406 70 35 zu
717 1389 225 62 Papros
985 1389 115 52 und
1146 1388 273 64 Krusvic,
1463 1390 158 51 Frau
1665 1388 197 53 Käthe
221 1388 1893 140 (Schönberger)
495 1482 130 48 von,
654 1471 170 49 1881-

221 1542 162 52 Land
413 1542 63 52 of
501 1561 243 48 women;
776 1544 95 53 the
897 1544 114 52 tale
1038 1544 64 53 of
1132 1563 31 33 a
1190 1547 112 50 lost
1329 1544 216 66 nation,
1572 1544 76 67 by
1674 1543 327 54 Katharina
2030 1560 111 38 von

151 1619 410 53 Dombrowski.
628 1621 257 65 London,
914 1622 251 52 Putnam
1201 1623 171 65 [1935]

223 1692 95 44 xvi,
347 1691 84 40 517
460 1702 55 37 p.,
545 1692 25 38 1
620 1723 8 9 l.
688 1692 56 39 21
746 1695 43 21 cm
795 1725 9 9 .

225 1749 138 47 Maps
399 1759 59 28 on
492 1748 361 49 lining-papers.

227 1804 319 41 “Translated
571 1805 129 40 from
728 1806 84 39 the
837 1805 208 41 German
1072 1805 61 48 by
1161 1806 82 40 the
1270 1806 221 40 author.”

155 1857 1848 110 © 1c. June 7, 1935; A ad int. 20310; pubd. May 9; Katharina von Dombrowski, Graz, Austria. (35-10052)
154 2021 195 63 Doria,
380 2022 283 65 Arnauld,
694 2029 193 48 comte.

287 2097 1856 69 … Gabrielle Capet, par le comte Arnauld Doria; biographie
158 2181 54 47 et
254 2175 293 68 catalogue
590 2174 282 70 critiques,
914 2176 227 52 l’œuvre
1185 2176 69 54 de
1296 2176 237 56 l’artiste
1577 2173 295 72 reproduit
1916 2194 67 34 en
157 2176 1962 143 cinquante-deux
606 2253 378 69 phototypies.
1076 2253 183 66 Paris,
1329 2253 106 53 Les
1504 2253 357 66 Beaux-arts,
1931 2253 212 53 édition

160 2328 248 54 d’études
434 2336 54 47 et
515 2331 69 53 de
612 2330 323 54 documents
971 2333 172 66 [1934]

155 2400 1972 107 3 p. l., 127, [2] p. incl. front., illus., ports. 32½ x 25 ½ cm . (L’art français; collection dirigée par G. Wildenstein)
231 2513 418 48 “Bibliographie”:
709 2525 42 36 p.
802 2513 173 50 [89]-93.

158 2569 1972 108 © Dec. 31, 1934; 1c. Apr. 17, 1935; A- Foreign 27674; Beaux-arts, édition d’études et de documents. (35-10004)
157 2734 283 63 D’Orsay,
468 2734 299 53 Laurence
796 2734 66 52 R.

228 2808 1918 68 Stories you can sell, by Laurence D’Orsay … A volume of
157 2887 266 51 collected
456 2888 201 52 stories
685 2887 63 53 of
779 2887 226 52 various
1039 2888 319 64 acceptable
1389 2893 180 59 types,
1599 2887 139 52 with
1770 2887 376 66 explanatory

159 2965 254 64 analyses
452 2964 75 65 by
562 2964 96 53 the
696 2964 221 64 author,
954 2964 258 64 showing
1250 2964 128 52 how
1417 2965 149 63 plots
1607 2981 130 47 may
1774 2963 67 52 be
1879 2963 263 53 obtained

160 3040 1985 65 and stories written and sold by the reader … 3d ed., March,
160 3116 1745 68 1935. [Los Angeles] Parker, Stone & Baird co. [ c 1935]
230 3188 803 49 1 p. l. , v-viii, 9-282 p. 20½ cm .
161 3241 52 52 ©
245 3246 126 39 June
402 3245 69 46 10,
503 3244 113 41 1935;
674 3245 67 40 2c.
774 3246 127 39 June
929 3244 56 41 29;
1048 3245 82 40 aff.
1163 3246 116 47 July
1310 3246 82 45 13;
1426 3246 41 38 A
1499 3244 168 46 85031;
1704 3245 197 46 Parker,
1937 3245 146 40 Stone
2113 3246 37 40 &

229 3302 151 40 Baird
411 3312 66 30 co.
548 3301 249 48 (35-9871)

162 3403 263 64 Driscoll,
455 3405 179 62 Lucy.

233 3479 1853 69 Chinese calligraphy [by] Lucy Driscoll and Kenji Toda …
164 3556 267 64 Chicago,
470 3557 122 53 The
626 3556 336 68 University
999 3558 64 52 of
1102 3556 251 69 Chicago
1390 3574 155 49 press
1589 3559 170 64 [1935]

233 3631 81 46 vii,
342 3630 69 48 70,
441 3631 54 48 [1]
526 3641 43 37 p.
599 3632 108 39 incl.
736 3631 143 48 illus.,
907 3630 216 41 facsims.
1178 3631 150 40 front.
1384 3630 57 39 26½
1473 3632 44 22 cm
1520 3661 10 9 .
1597 3630 298 49 (Half-title:
1923 3631 42 39 A
163 3640 1969 95 monograph
340 3687 53 40 of
418 3688 82 39 the
525 3688 117 39 New
668 3687 169 41 Orient
861 3687 180 48 society
1067 3688 53 39 of
1148 3686 247 44 America)

235 3744 68 39 “A
334 3744 142 40 Swan
505 3745 151 39 house
683 3744 166 40 book.”

237 3800 177 39 “What
453 3800 80 39 the
573 3800 204 40 Chinese
819 3801 286 39 themselves
1145 3802 125 37 have
1310 3799 106 40 said
1456 3800 149 39 about
1646 3799 303 47 calligraphy
1989 3810 55 29 as
2088 3809 62 28 an

165 3855 457 42 art.”—Foreword.

236 3911 204 41 “Notes”:
494 3923 42 37 p.
561 3911 157 41 65-68.

167 3964 52 52 ©
249 3970 111 45 Apr.
392 3969 68 46 30,
490 3969 139 41 1935;
659 3968 67 40 2c.
758 3970 94 38 and
880 3968 79 40 aff.
992 3969 125 39 June
1147 3969 82 45 14;
1262 3969 39 38 A
1333 3967 168 46 84263;
1535 3966 282 49 University
1846 3967 52 41 of
1928 3965 222 47 Chicago,

237 4025 221 47 Chicago.
528 4024 248 48 (35-9724)
