2424 4375
1027 4084 130 49 1331

132 458 193 66 Flack,
358 459 301 65 Marjorie.

198 537 1917 69 Wait for William, by Marjorie Flack … Boston and New
132 613 176 66 York,
335 615 318 66 Houghton
679 613 202 55 Mifflin
908 634 295 50 company,
1229 624 21 22 c
1255 621 148 50 1935.

203 687 990 50 [33] p. illus. (part col.) 20½ × 24 cm .
197 744 287 40 Illustrated
512 743 360 49 lining-papers.

200 800 71 40 On
304 810 165 30 cover:
506 800 220 41 Pictures
759 802 62 47 by
855 801 235 48 Marjorie
1122 803 150 40 Flack
1304 802 95 41 and
1433 804 216 39 Richard
1682 804 54 40 A.
1772 805 224 46 Holberg.

128 853 52 52 ©
206 857 101 40 Oct.
336 859 38 46 1,
403 857 139 46 1930;
573 858 67 40 2c.
668 858 101 40 Oct.
798 858 81 46 11;
911 859 81 39 aff.
1021 859 101 40 Oct.
1152 859 59 39 10;
1264 861 40 38 A
1334 860 168 46 86698;
1536 860 237 48 Marjoiie
1797 862 149 39 Flack

1976 863 122 38 Lars
195 924 98 38 son,
321 914 295 47 Bronxville,
641 915 56 40 N.
724 915 53 40 Y.
848 914 279 50 (35-18565)

126 1005 208 66 Gauss,
363 1004 325 66 Marianne,
723 1010 170 49 1885-

194 1082 1661 69 Bang of the Diamond Tail, by M. and C. W. Gauss …
125 1086 1963 142 Chicago,
305 1161 69 52 A.
401 1160 298 55 Whitman
725 1165 45 49 &
795 1180 96 47 co.,
922 1165 148 50 1935.

191 1233 68 49 30,
291 1234 54 48 [2]
375 1244 42 37 p.
445 1234 107 39 inch
582 1235 85 39 col.
696 1234 164 46 front.,
888 1234 126 40 illus.
1045 1234 136 49 (part
1208 1235 112 47 col.)
1385 1236 57 38 24½
1473 1237 44 22 cm
1522 1267 8 9 .

194 1289 366 49 Lining-papers
592 1290 279 41 illustrated
901 1290 51 39 in
983 1292 169 39 colors.

199 1347 202 40 “Junior
432 1357 134 37 press
597 1346 191 41 books.”

126 1400 52 52 ©
204 1404 119 47 Aug.
352 1405 38 45 1,
418 1403 139 47 1935;
587 1403 65 41 2c.
683 1404 125 48 Sept.
838 1404 81 46 16;
950 1403 81 41 aff.
1064 1404 127 48 Sept.
1221 1405 81 45 13;
1332 1405 40 38 A
1401 1404 170 48 87005;
1602 1405 167 40 Albert
1798 1406 249 39 Whitman
2078 1406 37 41 &

190 1471 64 29 co.
326 1460 279 48 (35-18564)

120 1550 202 64 Guzik,
353 1550 231 54 Mendel
613 1550 176 55 Leon.

1903 1647 140 60 ספר
1707 1647 168 60 נחמת
1467 1645 212 60 יהודה.
1233 1621 164 84 כולל
965 1645 238 60 הדרנים
705 1645 238 62 וסיומים
583 1623 90 92 על
467 1623 90 82 כל
303 1647 140 58 סדר
117 1647 164 58 וסדר

1923 1745 190 60 מששה
1713 1743 166 60 סדרי
1507 1743 166 60 משנה
1319 1743 146 60 ושתי
1065 1743 212 60 סיומים
807 1719 212 84 לבתה
677 1719 90 94 על
547 1719 90 82 כל
341 1743 164 60 סדרי
121 1743 184 66 משנה,

1849 1841 266 60 והדרנים
1589 1839 238 62 וסיומים
1471 1817 94 92 על
1357 1817 90 82 כל
1143 1841 190 60 מסכת
905 1841 216 58 ומסכת
739 1815 140 84 מכל
545 1835 164 64 הש״ס
373 1839 142 60 אחת
227 1839 120 80 מהן
115 1815 92 84 לא

1877 1939 236 70 נעדרה,
1659 1937 168 60 וכמה
1347 1939 264 58 מסכתות
1109 1937 192 60 נהדרו
899 1935 166 60 בשתי
621 1937 236 60 הדרנים
319 1937 260 58 באופנים
117 1937 164 58 שונים

1969 2029 142 76 עפ״י
1791 2033 142 82 הגיון
1565 2035 190 80 ועומק
1357 2035 168 78 העיון
1151 2029 168 74 ועפ״י
967 2035 144 58 משא
789 2033 144 80 ומתן
663 2009 92 84 של
437 2009 188 84 הלכה
115 2035 284 58 בחריפות

1847 2131 266 82 ובקיאות
1559 2131 242 60 ובדרוש
1371 2125 142 76 עפ״י
1111 2107 212 84 פלפול
779 2107 288 84 משולבות
427 2131 312 60 ומחוברות
291 2107 90 82 כל
115 2133 140 58 אחת

1803 2205 306 88 לחברתה,
1573 2229 194 78 ראשון
1351 2205 190 102 לסופן
1155 2227 168 80 וסופן
887 2203 238 104 לראשון
719 2229 142 80 וסוף
597 2203 90 84 כל
331 2229 236 58 המסכת
115 2203 184 84 לראש

198 2301 1911 104 המסכת, אשר חנני ד׳ אותי לעת זקנה מנחם יהודה גוזיק …
1825 2423 286 80 נוי־יארק,
1337 2399 452 104 פאזי־שאולזאן,
1067 2417 238 64 תרצ״ה.

183 2520 611 51 4 p. l., [7]-186 p. 29 cm .
190 2578 127 40 Title
342 2578 369 40 transliterated:
769 2579 269 39 Nechomas
1065 2579 205 39 Jehuda.

122 2629 51 53 ©
202 2635 124 47 Sept.
355 2636 69 46 15,
452 2634 113 41 1935;
623 2635 65 40 2c.
719 2635 100 40 Oct.
847 2635 25 40 3;
931 2635 81 40 aff.
1043 2635 101 40 Oct.
1174 2636 58 38 15;
1286 2636 40 38 A
1356 2635 141 41 87725;
1558 2636 189 39 Mendel
1777 2635 128 39 Leon
1938 2635 167 48 Guzik,

192 2691 257 47 Brooklyn.

122 2778 219 66 Hardy,
372 2781 289 53 Harrison
690 2780 233 66 Claude,
957 2783 169 53 1887-

120 2854 1957 147 Hardy and Hardie, past and present … authors and compilers, H. Claude Hardy … [and] Rev. Edwin Noah Hardy …
124 3008 306 70 [Syracuse,
464 3010 68 52 N.
573 3010 89 67 Y.,
698 3010 121 53 The
854 3009 275 68 Syracuse
1162 3010 349 67 typesetting
1546 3026 95 51 co.,
1676 3011 127 64 ine.]
1848 3010 150 50 1935.

184 3081 80 47 vii,
294 3081 114 40 1322
437 3092 44 38 p.
539 3081 148 40 front.
717 3081 110 48 (col.
859 3085 106 37 coat
997 3082 52 39 of
1080 3081 155 47 arms)
1302 3081 54 39 21½
1390 3083 45 21 cm
1439 3112 8 8 .

123 3135 50 53 ©
207 3140 124 49 Sept.
369 3140 70 48 28,
476 3140 140 48 1935;
655 3141 66 40 2c.
760 3142 96 39 and
891 3141 82 40 aff.
1012 3141 102 40 Oct.
1150 3141 53 45 4;
1242 3141 41 38 A
1320 3139 169 47 86595;
1529 3141 58 38 H.
1629 3140 47 40 C.
1716 3138 185 49 Hardy,
1939 3138 163 41 White

190 3196 178 49 Plains,
394 3198 56 39 N.
478 3198 68 48 Y.,
575 3199 96 39 and
697 3198 171 39 Edwin
893 3198 139 39 Noah
1060 3198 185 46 Hardy,
1276 3195 296 48 Greenwich,
1603 3196 146 40 Conn.

197 3254 277 47 (35-18226)

120 3335 273 67 Haskins,
420 3339 226 63 George
670 3339 133 56 Lee.

187 3414 118 52 The
351 3414 227 54 Statute
620 3414 63 54 of
728 3415 162 54 York
934 3415 112 52 and
1094 3415 96 51 the
1235 3414 234 53 interest
1513 3413 63 52 of
1621 3415 95 51 the
1765 3414 330 65 Commons;

119 3489 165 69 being
321 3493 94 51 the
452 3492 272 53 Harvard
763 3493 110 52 Phi
912 3493 128 52 beta
1077 3491 192 68 kappa
1309 3492 154 67 prize
1502 3510 158 48 essay
1698 3491 94 53 for
1834 3495 150 63 1935,
2022 3491 76 66 by

121 3567 214 69 George
362 3572 109 51 Lee
500 3569 268 54 Haskins.
847 3570 359 66 Cambridge,
1234 3571 189 64 Mass.,
1454 3569 120 53 The
1606 3569 242 67 Society,
1878 3572 149 49 1935.

190 3641 62 47 xi,
283 3642 87 40 129
396 3653 43 38 p.
528 3643 29 40 18
556 3645 44 21 cm
606 3674 8 8 .

190 3696 1911 50 “An essay chosen from among the best dictinction theses … and from
123 3751 1977 51 the essays submitted for the Bowdoin prizes … Awarded the Philip
119 3808 267 41 Washburn
415 3811 130 47 prize
573 3812 49 37 in
651 3810 335 48 history.”—p.
1017 3810 81 39 vii.

186 3865 370 49 Bibliography:
589 3877 43 37 p.
665 3866 214 40 113-124.

123 3915 50 52 ©
201 3921 122 48 Sept.
352 3923 39 46 9,
418 3923 140 46 1935;
587 3923 65 39 2c.
682 3923 97 39 and
802 3921 80 41 aff.
915 3922 126 47 Sept.
1069 3922 80 45 13;
1180 3922 40 38 A
1248 3920 169 46 87064;
1449 3920 230 40 Harvard
1707 3921 203 48 chapter
1935 3921 53 39 of
2015 3921 82 38 the

187 3977 89 40 Phi
307 3979 108 40 beta
448 3980 159 46 kappa
643 3989 105 36 soc.,
785 3977 298 48 Cambridge,
1120 3979 145 38 Mass.
1336 3977 278 47 (35-18201)
