2526 4384
1121 4047 100 49 283

277 494 1221 52 vi p., 3 l., 244 p. illus. (map) plates. 20½cm.
279 552 345 50 Bibliography:
685 564 42 37 p.
759 554 217 41 225-237.

203 620 52 53 ©
281 624 120 40 Mar.
428 624 39 47 5,
493 623 112 41 1936;
661 624 68 40 2c.
756 625 97 40 and
878 623 82 42 aff.
990 626 121 39 Mar.
1140 626 29 39 6;
1221 626 41 39 A
1288 626 143 40 80801;
1490 626 282 41 Macmillan
1799 638 68 29 co,

283 679 249 51 (35-3698)

204 782 273 66 Codman,
506 784 140 55 Mrs.
674 783 306 54 Theodora
1008 785 319 65 Larocque.

330 860 1865 74 … Was it a holiday. Boston, Little, Brown, and company,
202 941 147 51 1935.

268 1010 1371 54 4 p. l., 3-234, [1] p. incl. illus., plates, front. 21cm.
269 1069 75 40 An
371 1070 205 40 account
602 1069 52 41 of
681 1070 83 40 the
787 1068 219 44 author’s
1035 1069 97 49 trip
1160 1071 211 48 through
1399 1073 83 39 the
1508 1072 129 40 wine
1663 1070 220 43 districts
1911 1072 53 41 of
1992 1073 198 41 France.

199 1135 53 53 ©
278 1140 121 39 Mar.
427 1141 41 46 4,
497 1139 114 41 1935;
670 1140 67 40 2c.
766 1142 98 39 and
891 1140 82 41 aff.
1005 1142 121 39 Mar.
1157 1142 29 39 6;
1240 1142 41 39 A
1311 1141 146 41 80820;
1513 1141 255 42 Theodora
1796 1143 135 40 Duer
1960 1143 230 48 Codman,

266 1197 194 41 Boston.
531 1196 251 51 (35-3545)

199 1298 296 55 Colorado.
566 1302 280 65 Supreme
876 1305 178 50 court.

267 1373 1637 75 Cases argued and determined … terms of April and
198 1377 1964 149 September,
349 1457 149 51 1934.
571 1457 241 53 Newton
850 1458 62 55 C.
951 1455 267 69 Garbutt,
1254 1462 273 63 reporter.
1600 1460 244 54 Volume
1879 1463 82 50 95.
194 1458 1967 146 Denver,

337 1532 634 70 Bradford-Robinson,
1005 1538 149 50 1935.

261 1607 96 47 xvi,
385 1605 89 42 652.
497 1617 43 38 p.
595 1607 117 41 23cm.

197 1673 52 53 ©
286 1678 121 39 Mar.
444 1677 70 49 15,
552 1677 141 47 1935;
734 1677 67 41 2c.
838 1679 98 39 and
973 1676 83 43 aff.
1095 1678 113 48 Apr.
1247 1678 83 47 22;
1373 1679 43 39 A
1451 1678 170 49 82625;
1667 1679 139 43 State
1842 1680 54 40 of
1934 1680 251 50 Colorado,

261 1736 204 39 Denver.

192 1837 309 66 Cosgrove,
531 1838 276 65 Frances,
837 1839 83 53 ed.

267 1912 201 57 Scenes
516 1913 92 53 for
656 1913 230 55 student
933 1920 211 62 actors;
1196 1914 276 54 dramatic
1520 1913 295 56 selections
1863 1915 151 53 from
2062 1933 120 38 new

195 1988 180 72 plays,
417 1989 191 57 edited
651 1991 140 54 with
834 1997 159 49 notes
1037 1992 75 69 by
1154 1991 245 55 Frances
1448 1991 297 69 Cosgrove.
1820 1992 137 55 New
2007 1991 176 70 York,

194 2068 110 53 Los
339 2066 264 71 Angeles,
641 2067 58 56 S.
738 2067 250 69 French;
1027 2068 257 70 London,
1321 2068 57 56 S.
1418 2068 241 71 French,
1696 2070 135 68 ltd.;
1896 2076 120 62 [etc.,
2056 2076 120 64 etc.]

197 2146 148 51 1934.

259 2216 64 47 xi,
350 2215 84 42 134
460 2227 43 37 p.
699 2249 8 8 19½cm.

260 2272 102 41 The
398 2274 195 48 present
628 2274 191 40 volume
855 2274 41 40 is
933 2274 228 42 intended
1196 2286 57 31 as
1288 2286 27 31 a
1353 2277 394 50 supplementary
1784 2279 121 40 book
1943 2282 48 39 to
2028 2280 147 48 ‘‘Play

194 2329 250 50 readings”
473 2331 60 47 by
563 2332 115 39 Mrs.
710 2331 176 40 Louise
914 2331 369 51 Frankenstein,
1316 2333 253 49 published
1602 2337 47 38 in
1683 2337 127 39 1933.
1870 2337 61 47 cf.
1967 2336 128 41 Pref.

188 2400 53 53 ©
267 2405 100 40 Oct.
393 2405 70 48 31,
491 2404 115 41 1934;
659 2405 66 40 2c.
755 2406 96 39 and
877 2403 84 42 aff.
989 2406 123 40 Mar.
1136 2406 41 47 4,
1202 2405 116 41 1935;
1375 2406 42 39 A
1444 2405 145 43 806196;
1647 2408 193 40 Samuel
1869 2409 200 40 French.

264 2460 250 52 (35-3578)

187 2565 231 65 Cotner,
444 2568 138 53 Mrs.
612 2565 168 52 Edna
810 2564 284 67 (Parker)

320 2640 1852 73 … Effective expression in English [by] Edna Cotner and
187 2719 154 54 John
371 2719 91 56 W.
496 2719 143 53 Bell.
714 2720 233 67 Boston,
981 2717 193 71 Little,
1208 2722 230 67 Brown,
1471 2721 113 54 and
1619 2738 295 53 company,
1952 2728 149 50 1935.

257 2794 26 39 3
349 2826 8 8 v.
417 2792 128 41 illus.
605 2792 145 40 19½cm.

186 2860 52 53 ©
274 2865 108 39 Feb.
421 2863 70 49 21,
527 2862 141 49 1935;
706 2862 67 41 2c.
812 2864 118 39 each
967 2863 99 40 and
1100 2862 80 41 aff.
1219 2862 111 41 Feb.
1366 2863 83 47 26;
1488 2864 43 39 A
1568 2865 170 48 79802;
1780 2865 163 49 Little,
1982 2868 191 47 Brown,

251 2921 96 40 and
373 2929 247 40 company.
696 2918 250 50 (35-3671)

182 3024 215 66 Dodds,
428 3025 220 54 Gideon
678 3023 319 65 Stanhope,
1026 3029 169 50 1880-

253 3098 1853 72 The essentials of human embryology, by Gideon S. Dodds …
187 3183 81 49 1st
306 3180 83 54 ed.
466 3179 217 56 Second
721 3176 280 73 printing,
1036 3179 300 53 corrected.
1411 3180 138 54 New
1588 3181 179 69 York,
1804 3182 55 54 J.
1897 3183 189 68 Wiley
2121 3188 47 51 &

185 3273 143 53 sons,
357 3259 106 53 inc.;
526 3258 257 67 London,
816 3258 299 67 Chapman
1143 3260 47 50 &
1218 3257 160 67 Hall,
1408 3257 239 69 limited,
1680 3264 150 51 1935.

281 3326 1074 56 1 p. l., vii, 316 p. illus. 23½cm. $4.00
183 3384 52 53 ©
259 3388 110 41 Feb.
393 3388 41 49 4,
462 3388 113 40 1935;
631 3388 67 39 2c.
727 3387 109 39 Feb.
865 3387 53 46 7;
949 3385 81 41 aff.
1060 3387 109 39 Feb.
1197 3387 83 47 28;
1311 3387 41 39 A
1379 3387 142 41 79593;
1581 3388 50 40 G.
1666 3389 44 40 S.
1740 3390 179 48 Dodds,
249 3389 1902 107 Morgantown,

415 3445 72 41 W.
513 3445 86 40 Va.
669 3442 250 50 (35-2840)

180 3547 274 65 Douglas,
480 3546 184 65 Lloyd
692 3546 218 63 Cassel,
941 3546 159 56 1877-

248 3621 184 56 Green
457 3622 149 68 light
640 3622 109 69 [by]
783 3621 187 69 Lloyd
1001 3621 61 55 C.
1092 3621 273 69 Douglas.
1429 3623 215 52 Boston
1672 3623 113 53 and
1815 3624 137 52 New
1986 3626 178 67 York,

175 3697 314 72 Houghton
515 3699 204 53 Mifflin
747 3716 296 52 company,
1075 3700 149 50 1935.

245 3770 517 51 3 p. l., 326 p. 21cm.
245 3827 284 43 Illustrated
559 3827 361 47 lining-papers.

181 3881 52 53 ©
264 3888 120 38 Mar.
420 3886 70 47 12,
524 3885 140 47 1935;
699 3884 66 41 2c.
802 3886 121 39 Mar.
960 3883 81 48 15;
1079 3883 81 41 aff.
1198 3885 120 38 Mar.
1355 3885 81 46 14;
1476 3886 39 39 A
1551 3886 169 51 81022;
1760 3889 48 39 L.
1847 3890 48 41 C.
1932 3892 228 50 Douglas,

244 3943 253 48 Wellesley
530 3942 143 46 Hills,
708 3943 145 38 Mass.
924 3940 249 50 (35-3664)
