2424 4375
1055 4062 133 50 1581

160 441 119 51 The
324 440 408 65 encyclopedia
778 443 61 52 of
883 442 218 57 United
1148 444 188 55 States
1384 446 276 67 Supreme
1704 450 161 50 court
1909 453 238 63 reports.

227 519 341 53 Permanent
605 520 372 67 supplement.
1052 522 185 66 Being
1273 544 30 32 a
1339 524 275 66 complete
1650 525 399 66 encyclopedia
2085 526 62 52 of

227 595 77 52 all
334 594 95 55 the
459 614 120 33 case
609 598 109 51 law
749 596 63 53 of
838 597 94 55 the
964 598 220 53 federal
1217 598 272 67 Supreme
1520 605 164 48 court
1713 601 152 52 from
1896 605 250 51 volumes

228 673 101 53 207
352 677 59 49 to
433 675 119 64 290,
576 673 291 68 inclusive,
890 674 63 56 of
978 677 93 51 the
1096 678 71 52 U.
1196 675 55 54 S.
1281 677 274 60 Supreme
1581 683 160 49 court
1765 684 220 62 reports

227 679 1884 127 (52-78
313 751 285 67 Lawyers’
619 752 217 53 edition
861 752 110 53 and
994 756 175 49 28-54
1193 754 274 67 Supreme
1490 760 163 49 court
1673 757 284 68 reporter)
225 756 1898 127 Under
356 828 94 53 the
483 828 264 54 editorial
777 829 356 69 supervision
1166 830 65 53 of
1260 834 69 50 A.
1364 834 250 52 Hewson
1646 834 230 67 Michie,
1911 834 233 55 assisted

224 904 1859 71 by Beirne Stedman and Chas. W. Sublett. volume 5 …
226 982 476 69 Charlottesville,
734 986 125 64 Va.,
892 986 121 52 The
1045 987 212 52 Michie
1291 1005 296 51 company,
1623 992 149 50 1935.

223 1057 48 38 vi
298 1066 57 38 p.,
383 1057 21 38 1
455 1088 23 16 l.,
507 1055 88 40 596
617 1068 43 37 p.
715 1057 55 39 26
775 1060 43 20 cm
824 1090 7 7 .

154 1108 52 52 ©
233 1113 116 39 Nov.
380 1113 68 47 12,
478 1111 139 48 1935;
649 1113 66 40 2c.
746 1115 95 38 and
871 1112 79 42 aff.
982 1114 117 40 Nov.
1131 1115 81 46 15;
1245 1116 39 38 A
1313 1116 169 46 89374;
1517 1116 176 40 Michie
1722 1128 67 29 co.

157 1209 213 64 Evans,
400 1208 272 64 William,
705 1211 170 52 1870-

220 1285 174 52 From
420 1284 99 54 the
541 1303 185 50 upper
749 1304 158 35 room
932 1293 58 47 to
1017 1287 95 53 the
1139 1293 195 61 empty
1360 1287 174 68 tomb,
1561 1289 74 66 by
1659 1289 260 54 William
1948 1292 194 52 Evans

154 1358 1960 153 … Grand Rapids, Mich., Wm. B. Eerdmans publishing company [ c 1934]
222 1511 84 42 294
340 1523 43 39 p.
442 1512 56 41 20
501 1515 44 21 cm
549 1544 9 9 .

154 1565 50 53 ©
232 1570 109 40 Dec.
371 1569 69 48 20,
469 1570 114 40 1934;
639 1570 67 40 2c.
731 1571 96 39 and
855 1569 81 42 aff.
967 1570 101 41 Oct.
1097 1570 69 48 21,
1195 1572 140 41 1935;
1368 1572 40 38 A
1436 1570 168 43 87820;
1636 1572 120 39 Wm.
1789 1572 52 39 B.
1873 1572 272 41 Eerdmans

217 1627 108 46 pub.
354 1637 67 29 co.
492 1627 279 47 (35-23612)

152 1721 372 64 Forstmann,
553 1722 304 55 Albrecht.

279 1792 1863 75 … Der kampf um den internationalen handel. Berlin,
151 1872 203 57 Haude
386 1876 47 49 &
466 1873 346 68 Spenersche
844 1872 449 69 buchhandlung
1322 1873 82 52 M.
1440 1872 272 70 Paschke,
1748 1876 152 49 1935.

217 1945 82 47 xii,
335 1944 85 40 415
455 1955 43 37 p.
559 1946 178 46 diagrs.
796 1945 56 39 24
855 1946 44 22 cm
903 1976 8 7 .

217 2000 377 43 “Schrifttum”:
626 2012 41 37 p.
703 2000 247 52 [395]-415.

149 2056 1992 57 © July 15, 1935; 1c. Oct. 3; A-Foreign 29424; Haude & Spenersche
217 2117 389 49 buchhandlung,
633 2119 115 38 Max
775 2117 232 41 Paschke.
1077 2117 279 49 (35-25408)

151 2221 284 65 Fougner,
465 2221 241 65 Selmer,
740 2225 166 49 1884-

215 2296 192 70 Along
436 2297 95 52 the
560 2297 143 52 wine
733 2296 164 68 trail;
928 2315 73 34 an
1031 2297 313 68 anthology
1373 2296 65 54 of
1468 2295 171 55 wines
1672 2296 112 53 and
1814 2295 214 69 spirits,
2056 2296 77 68 by

148 2371 66 55 G.
254 2373 214 56 Selmer
503 2375 283 67 Fougner.
860 2375 233 67 Boston,
1127 2375 190 54 Mass.,
1356 2374 120 53 The
1518 2373 297 55 Stratford
1854 2389 280 53 company

152 2482 11 34 [
168 2456 17 21 c
191 2454 131 50 1935
326 2485 12 32 ]

213 2522 634 51 4 p. l., vi, 308 p. 20½ cm .
217 2579 125 42 Most
374 2581 51 41 of
453 2581 84 40 the
567 2581 226 40 material
826 2581 41 40 is
898 2580 126 42 from
1059 2581 82 40 the
1175 2580 218 41 author’s
1427 2579 132 49 daily
1594 2580 188 40 column
1817 2580 50 40 in
1901 2581 83 42 the
2016 2578 117 43 New

147 2634 126 42 York
313 2636 100 42 Sun
453 2638 95 39 and
585 2637 89 40 has
713 2637 198 48 already
951 2638 242 47 appeared
1232 2637 49 40 in
1323 2637 214 41 volumes
1578 2638 85 40 1-3
1702 2636 53 41 of
1793 2637 81 41 the
1916 2635 217 43 author’s

148 2692 294 47 publication
473 2695 154 39 under
657 2694 82 40 the
769 2705 130 29 same
932 2694 123 41 title.

488 2748 531 43 CONTENTS.—Wines.—Distilled
1065 2749 425 48 liquors.—Mixed
1538 2750 182 51 drinks,
1768 2750 128 40 their
1944 2748 187 46 history

148 2805 92 39 and
267 2805 193 49 recipes.

147 2858 51 53 ©
228 2863 125 49 Sept.
381 2866 41 48 4,
453 2864 139 47 1935;
623 2864 67 40 2c.
721 2865 124 47 Sept.
876 2864 52 48 6;
962 2864 81 40 aff.
1078 2865 126 48 Sept.
1236 2865 80 44 10;
1350 2866 40 38 A
1449 2864 139 48 86242;
1626 2865 249 41 Stratford
1906 2876 81 35 co.,
213 2861 1900 104 publishers.
470 2919 279 49 (35-24289)

149 3021 264 67 Garnett,
443 3024 208 65 David,
684 3028 171 49 1892-

212 3099 339 69 Beany-eye,
575 3101 78 66 by
681 3100 193 52 David
905 3099 257 55 Garnett.
1230 3100 139 51 New
1399 3098 180 55 York.
1608 3100 309 66 Harcourt,
1947 3099 180 53 Brace

147 3176 632 68 and company [ c 1935]
213 3247 572 50 4 p. l., 3-154 p. 19 cm .
219 3303 159 44 “First
401 3305 257 40 American
680 3305 225 41 edition.”

144 3356 53 53 ©
229 3363 115 40 Nov.
380 3366 41 44 7,
455 3363 140 48 1935;
632 3363 65 40 2c.
736 3365 98 39 and
868 3364 80 40 aff.
984 3364 117 39 Nov.
1139 3364 82 44 14;
1259 3364 40 38 A
1336 3361 169 49 88238;
1545 3365 57 38 D.
1641 3363 219 48 Garnett,
1898 3364 66 40 St.
2004 3366 123 44 Ives,

209 3419 461 49 Huntingdonshire,
705 3420 233 48 England.
1010 3418 277 49 (35-23919)

149 3520 231 63 Gaskill.
412 3523 217 54 Nelson
658 3525 172 62 Burr,
862 3522 170 55 1875-

146 3595 1983 153 Profit and social security: a study of costs, claims and controls under capitalism, by Nelson B. Gaskill … New York
143 3753 102 52 and
279 3754 254 66 London,
564 3756 232 67 Harper
827 3758 45 49 &
899 3755 277 66 brothers,
1212 3757 147 50 1935.

214 3827 118 39 xviii
359 3839 58 36 p.,
444 3829 20 38 1
519 3860 8 8 l.,
569 3828 88 41 260
681 3840 43 37 p.
781 3828 55 40 24
838 3831 44 22 cm
887 3860 8 7 .

212 3882 157 43 “First
400 3884 224 43 edition.”

146 3932 50 52 ©
220 3939 115 40 Nov.
361 3942 38 38 1.
427 3941 139 46 1935;
594 3942 66 39 2c.
689 3940 99 41 Oct.
816 3942 54 40 31;
925 3941 80 40 aff.
1034 3942 117 39 Nov.
1178 3941 27 39 4;
1262 3941 41 38 A
1328 3938 170 48 89189;
1529 3941 191 46 Harper
1748 3939 39 40 &
1810 3940 123 39 bros.

223 3994 273 51 (35-24279)
