2424 4375
0 0 0 0 696
303 423 355 67 Whittaker,
690 426 225 64 George
943 426 58 55 S.

377 501 1852 70 Beggars of destiny; a novel, by George S. Whittaker …
305 578 423 69 Philadelphia,
756 581 291 52 Dorrance
1072 584 45 50 &
1143 598 96 50 co.,
1268 580 104 55 inc.
1429 584 150 65 [1935]

375 652 85 41 169
489 662 43 38 p.
591 652 57 41 19½
679 654 45 21 cm
729 684 8 8 .

303 707 53 52 ©
381 710 121 39 Mar.
529 709 70 46 25,
625 708 140 48 1935;
791 709 67 40 2c.
883 710 114 47 May
1024 708 83 48 25;
1135 709 82 41 aff.
1244 710 113 47 May
1382 710 82 46 27;
1492 710 41 39 A
1560 709 167 48 83319;
1758 712 250 39 Dorrance
2030 712 36 39 &
2093 721 80 32 co.,
2201 713 90 40 inc.

382 765 250 48 (35-7527)

302 866 258 66 Willson,
589 868 250 64 Russell,
872 873 169 51 1883-

301 943 1990 152 Watch officer’s guide, United States navy, by Captain Russell Willson … Annapolis, Md., United States naval institute,
302 1105 150 50 1935.

371 1174 1589 51 5 p. l. , [3]-277 p. illus. (part col.) fold, tab., diagrs. 19 cm .
370 1233 120 40 Part
514 1232 52 41 of
592 1233 83 40 the
698 1231 326 42 illustrations
1050 1243 85 30 are
1158 1232 264 41 numbered
1449 1242 58 31 as
1530 1234 171 47 plates.

371 1289 155 42 Chart
550 1289 51 40 in
627 1290 174 48 pocket
823 1300 62 30 on
910 1288 158 42 inside
1094 1289 55 42 of
1173 1289 123 41 back
1322 1299 153 31 cover.

372 1346 129 41 “The
532 1347 160 40 watch
723 1345 197 42 officer’s
951 1346 156 48 guide,
1140 1345 130 49 1935,
1302 1346 45 41 is
1376 1357 63 30 an
1471 1345 251 42 extensive
1753 1345 224 48 revision,
2010 1347 281 50 expansion,

302 1404 96 40 and
438 1406 396 45 rearrangement
875 1404 51 40 of
966 1404 173 41 Watch
1180 1402 198 42 officer’s
1418 1402 157 49 guide,
1617 1402 116 42 1930
1774 1404 75 49 [by
1890 1404 68 39 W.
2004 1404 45 41 S.
2092 1404 181 40 Farber]

301 1459 159 42 which
484 1459 51 41 in
564 1464 114 37 turn
704 1471 104 30 was
832 1460 146 41 based
1006 1471 61 30 on
1095 1461 82 40 the
1204 1460 175 41 Watch
1406 1459 197 42 officer's
1631 1461 224 40 manuals
1882 1462 127 44 1911,
2039 1462 127 45 1913,
2196 1462 92 39 and

300 1517 116 42 1917
443 1518 75 49 [by
546 1517 48 42 C.
624 1518 53 40 E.
705 1516 419 50 Hovey].”—Pref.

302 1570 53 54 ©
378 1576 121 39 Mar.
522 1574 233 47 16,1935;
781 1574 67 41 2c.
872 1575 113 47 May
1007 1576 82 45 13;
1115 1574 82 41 aff.
1222 1575 113 47 May
1361 1574 82 46 15;
1468 1574 44 39 A
1532 1574 168 46 83101;
1729 1574 54 40 U.
1814 1574 42 40 S.
1881 1576 146 38 naval
2050 1572 240 43 institute.

372 1632 281 48 [Copyright
680 1631 42 39 is
751 1631 204 40 claimed
982 1641 63 29 on
1075 1630 226 49 revision]
1373 1630 250 48 (35-7410)

301 1729 237 67 Wilson,
567 1731 234 55 Arthur
827 1733 278 64 Herman,
1137 1738 169 50 1905-

369 1810 54 52 A
469 1810 223 66 history
737 1809 64 54 of
847 1810 95 53 the
987 1809 409 67 Philadelphia
1442 1809 236 64 theatre,
1726 1812 134 50 1835
1908 1813 57 49 to
2015 1812 150 62 1855,
2213 1809 72 66 by

299 1885 1964 145 Arthur Herman Wilson … Philadelphia, University of Pennsylvania
592 1981 185 49 press;
811 1963 256 67 London,
1101 1964 75 53 H.
1208 1963 265 65 Milford,
1506 1962 229 56 Oxford
1767 1963 315 66 university
2115 1981 171 49 press,

299 2044 149 50 1935.

366 2113 67 48 xi,
461 2112 85 41 724
575 2124 44 38 p.
677 2112 58 40 24
737 2115 45 21 cm
784 2144 10 9 .

368 2169 171 40 Issued
564 2170 104 40 also
691 2179 56 31 as
772 2168 151 42 thesis
960 2169 106 48 (PH.
1125 2170 33 45 D.)
1195 2169 281 46 University
1502 2168 51 42 of
1579 2168 371 47 Pennsylvania.

369 2226 118 40 This
519 2225 42 40 is
594 2226 82 41 the
709 2226 133 40 third
876 2226 188 40 volume
1100 2225 48 39 in
1183 2226 81 39 the
1299 2226 187 46 history
1520 2225 52 40 of
1605 2225 82 41 the
1724 2225 335 49 Philadelphia
2097 2227 188 41 theatre

298 2282 51 41 of
378 2281 158 41 which
564 2283 82 41 the
673 2282 106 41 first
808 2293 101 29 was
939 2281 128 42 “The
1100 2281 337 48 Philadelphia
1467 2282 190 40 theatre
1687 2282 48 39 in
1767 2282 79 40 the
1875 2283 275 48 eighteenth
299 2294 1965 92 century”,

496 2339 60 47 by
593 2339 51 41 T.
684 2337 49 41 C.
774 2338 206 47 Pollock,
1021 2339 81 39 the
1140 2339 174 39 second
1355 2337 118 41 ‘'Old
1512 2338 163 47 Drury
1715 2338 50 41 of
1805 2339 381 49 Philadelphia”,
2227 2340 56 48 by

298 2395 54 40 R.
382 2395 57 41 D.
468 2395 177 42 James,
702 2395 61 48 cf.
793 2395 184 40 Introd.

370 2452 376 49 “Bibliography
777 2452 51 40 of
857 2449 363 50 newspapers”:
1250 2461 43 38 p.
1321 2449 40 41 2.

301 2507 53 52 ©
383 2511 113 46 May
526 2509 69 47 10,
625 2509 116 41 1935
756 2519 8 36 ;
797 2509 66 39 2c.
895 2509 95 38 and
1021 2506 80 41 aff.
1133 2508 113 46 May
1276 2507 81 45 16;
1393 2507 41 38 A
1464 2506 170 47 81829;
1668 2507 280 49 University
1979 2509 50 40 of
370 2510 1899 96 Pennsylvania
543 2577 147 37 press.
761 2563 249 49 (35-7586)

297 2651 312 68 Winckler,
634 2654 187 63 Josef,
851 2657 169 50 1881-

295 2726 1964 149 … Der alte Fritz, ein niederdeutscher volksmythus. Stuttgart
454 2811 138 62 [etc.,
620 2807 151 64 1934]

360 2876 87 42 358
476 2889 43 37 p.
579 2877 55 40 21
638 2879 45 22 cm
686 2908 9 8 .

301 2932 1967 103 © Nov. 20, 1934 ; 1c. Feb. 19. 1935; A-Foreign 26963; Deutsche verlagsanstalt,
600 2993 260 46 Stuttgart.
929 2989 249 50 (35-6908)

298 3080 176 65 Wise,
500 3080 292 54 Winifred
821 3081 64 52 E.

368 3158 147 53 Jane
544 3157 258 53 Addams
829 3157 61 54 of
921 3156 371 64 Hull-house;
1327 3173 31 34 a
1387 3155 322 67 biography
1738 3156 227 52 written
1994 3156 75 66 by

303 3154 1951 133 Winifred
481 3237 65 51 E.
594 3234 171 55 Wise.
850 3236 137 51 New
1035 3234 178 64 York,
1261 3234 307 55 Harcourt,
1617 3236 179 50 Brace
1844 3233 112 52 and
2004 3250 276 49 company

304 3316 192 63 [c1935]

370 3385 84 43 xii,
479 3386 85 39 255
590 3396 42 37 p.
686 3386 163 45 front.,
875 3385 170 47 plates,
1073 3385 146 47 ports.
1276 3382 55 39 22
1335 3385 44 21 cm
1383 3414 8 9 .

369 3442 373 47 Bibliography:
778 3452 41 37 p.
849 3440 216 41 249-255.

303 3494 52 52 ©
385 3498 111 40 May
525 3498 69 45 31,
625 3497 140 41 1935;
798 3497 68 40 2c.
895 3498 95 39 and
1023 3496 82 41 aff.
1137 3496 128 40 June
1293 3496 52 45 5;
1380 3496 42 37 A
1479 3495 141 45 84073;
1654 3495 260 45 Harcourt,
1948 3494 154 38 Brace
2133 3492 38 40 &
2198 3502 81 36 co.,

368 3553 88 41 inc.
527 3553 277 48 (35-27220)

302 3639 303 66 [Woolsey,
635 3643 137 51 Mrs.
803 3640 155 55 Julia
988 3639 182 55 Edith
1201 3637 281 68 (Smith)]
1518 3643 171 50 1861-

367 3716 244 68 Missing
648 3717 191 67 Sibyl;
876 3736 80 38 or.
992 3717 222 57 Found,
1248 3717 74 65 by
1357 3716 177 53 Jeane
1568 3714 137 53 Hitt
1760 3713 211 67 [pseud.]
2047 3714 230 62 Boston,

304 3794 231 51 Meador
564 3794 331 65 publishing
924 3811 294 44 company,
1250 3796 151 48 1935.

368 3864 85 40 262
485 3876 44 38 p.
589 3864 55 41 19½
676 3867 44 21 cm
723 3896 10 10 .

301 3917 53 52 ©
381 3923 117 38 May
524 3921 40 46 6,
589 3921 140 46 1935;
759 3921 65 40 2c.
855 3922 112 46 May
994 3920 81 47 10;
1106 3919 81 40 aff.
1217 3920 113 46 May
1358 3919 81 45 13;
1470 3918 41 39 A
1539 3917 168 47 83056;
1737 3917 210 39 Edward
1977 3917 58 38 K.
2065 3914 210 48 Meador,

371 3979 195 39 Boston.
635 3977 248 43 (35-7175)
