2424 4375
1224 4099 133 49 1038

373 558 615 49 4 p. l., 11-291 p. 19 cm .
303 627 1986 53 © 1c. June 27, 1935; A ad int. 20416; pubd. May 2; K. Holland, London.
385 686 279 47 (35-12189)

306 790 335 65 Holtzclaw,
670 792 206 64 Henry
902 792 213 63 Fuller,
1145 797 170 50 1893-

371 867 1858 68 The principles of marketing, by Henry F. Holtzclaw …
303 945 1553 68 New York, Thomas Y. Crowell company [ c 1935]
372 1028 1637 53 viii p., 1 l, 694 p. illus. (incl. maps, plan) diagrs. 22 ½ cm .
374 1098 1914 53 “Selected references” at end of each chapter except chapters VII and
388 1189 9 10 XVI.

303 1224 1991 53 © July 19, 1935; 2c. July 25; aff. July 24; A 85168; Thomas Y. Crowell
373 1296 67 30 co.
510 1285 280 49 (35-11710)

306 1388 262 65 Hudson,
595 1388 255 56 William
876 1390 223 65 Henry,
1129 1394 324 51 1841-1922.

375 1464 184 55 Green
586 1466 311 66 mansions;
931 1483 31 34 a
993 1483 258 36 romance
1281 1464 62 53 of
1372 1465 94 54 the
1497 1464 241 69 tropical
1771 1464 194 68 forest,
1994 1464 74 69 by
2097 1463 89 54 W.
2218 1464 76 54 H.

306 1542 269 67 Hudson;
618 1542 140 55 with
801 1560 71 36 an
915 1542 386 54 introduction
1341 1542 74 69 by
1459 1542 144 53 Wm.
1649 1542 197 65 Beebe,
1889 1542 113 54 and
303 1541 1967 131 illustrations
476 1619 74 69 by
575 1619 255 54 Edward
855 1620 68 51 A.
951 1619 235 53 Wilson.
1263 1619 135 54 New
1428 1619 177 68 York,
1632 1620 119 50 The
1780 1619 245 53 Limited
2053 1617 242 58 editions

304 1695 145 69 club,
478 1699 150 51 1935.

374 1782 95 46 xvi,
500 1780 87 42 206
614 1793 57 38 p.,
701 1782 26 40 1
777 1813 9 10 l.
846 1783 84 41 col.
963 1781 128 42 illus.
1150 1781 58 41 26½
1239 1785 15 20 cm.

375 1852 221 41 “Fifteen
635 1854 217 40 hundred
891 1854 159 47 copies
1088 1854 190 48 printed
1316 1859 49 35 at
1405 1855 79 39 the
1521 1854 236 40 Franklin
1795 1855 217 49 printing
2046 1864 247 40 company,

305 1910 1988 48 Philadelphia, for the members of the Limited editions club … This
304 1975 117 39 copy
453 1967 40 40 is
525 1967 201 40 number
757 1967 265 48 Copyright
1054 1977 118 39 copy
1206 1967 167 48 signed
1405 1968 61 47 by
1498 1968 53 40 E.
1585 1967 53 42 A.
1673 1967 227 41 Wilson.”

305 2037 53 52 ©
382 2041 109 40 Feb.
513 2040 69 47 25,
608 2039 112 42 1935;
772 2041 67 40 2c.
864 2042 95 38 and
982 2040 80 40 aff.
1089 2041 115 47 July
1227 2040 81 45 19;
1333 2041 40 37 A
1396 2040 142 40 85086;
1594 2041 207 39 Limited
1825 2039 207 42 editions
2058 2041 120 48 club,
2204 2041 89 40 inc.

376 2098 283 48 [Copyright
685 2099 42 39 is
757 2098 202 40 claimed
988 2108 61 30 on
1077 2097 344 47 introduction,
1455 2097 327 40 illustrations
1815 2099 96 38 and
1942 2097 182 49 design]

385 2154 277 48 (35-11903)

308 2257 183 63 Husa,
520 2256 254 55 William
802 2258 171 65 John,
1005 2263 170 49 1896-

378 2335 490 53 Pharmaceutical
895 2335 358 68 dispensing;
1285 2355 30 32 a
1341 2335 269 53 textbook
1636 2335 95 52 for
1755 2336 256 54 students
2037 2335 63 52 of
305 2336 1964 130 pharmaceutical
671 2415 423 66 compounding
1125 2414 112 53 and
1269 2414 349 67 dispensing,
1648 2414 74 66 by
1751 2413 260 55 William
2041 2415 55 53 J.
2129 2415 162 51 Husa

369 2491 1196 67 … Iowa City, Ia., Husa brothers, 1935.
378 2579 80 46 vii,
490 2578 70 49 [2],
587 2578 87 40 428
701 2589 43 37 p.
800 2578 128 40 illus.
984 2577 55 41 23½
1073 2580 44 21 cm
1121 2609 9 9 .

375 2647 348 49 Bibliography
749 2650 52 38 at
827 2649 90 39 end
945 2647 53 41 of
1019 2650 125 38 most
1170 2647 51 40 of
1246 2649 83 39 the
1355 2648 236 47 chapters.

308 2715 52 52 ©
384 2721 113 46 May
519 2721 68 45 17,
612 2719 113 39 1935;
778 2719 67 39 2c.
869 2721 113 45 May
1006 2719 56 37 22;
1117 2719 79 38 aff.
1228 2719 131 38 June
1379 2719 81 46 10;
1488 2720 40 37 A
1552 2718 142 40 84203;
1751 2720 69 38 W.
1849 2719 41 39 J.
1919 2720 152 45 Husa,
374 2718 1902 105 Gainesville,
535 2776 103 39 Fla.
708 2774 278 50 (35-11864)

307 2878 230 64 Jacobs,
567 2878 347 56 Thornwell.

374 2953 121 52 The
526 2971 123 34 new
681 2953 212 53 science
924 2955 112 51 and
1070 2953 96 52 the
1197 2954 94 52 old
1327 2953 259 70 religion,
1618 2954 74 68 by
1724 2954 326 52 Thornwell
2084 2953 205 54 Jacobs

365 3029 1923 71 … Oglethorpe University, Ga., Oglethorpe university press
310 3109 171 65 [1935]

376 3194 75 33 xv,
484 3202 70 29 [1].
585 3180 83 42 526
696 3193 43 36 p.
766 3181 108 41 incl.
901 3181 164 48 front.,
1095 3181 142 46 illus.,
1266 3191 150 38 maps,
1446 3182 179 47 diagrs.
1683 3183 116 38 fold.
1831 3182 94 40 tab.
1983 3183 56 38 24
2042 3183 43 21 cm
2089 3213 8 9 .

377 3252 211 40 “Second
614 3251 196 47 edition,
838 3251 187 40 revised
1053 3253 95 38 and
1175 3251 271 47 enlarged."

378 3307 533 49 “Acknowledgments”:
968 3319 42 37 p.
1038 3307 204 49 xi-[xiii]

307 3374 52 51 ©
384 3378 117 47 July
525 3379 39 46 1,
591 3378 112 40 1935;
758 3379 66 39 2c.
852 3378 126 39 June
1002 3378 55 38 24;
1112 3376 81 41 aff.
1220 3378 115 47 July
1361 3378 25 39 8;
1445 3378 40 38 A
1510 3376 141 41 83998;
1708 3378 51 39 T.
1786 3378 188 46 Jacobs,
2003 3378 289 47 Oglethorpe

376 3434 293 49 University,
697 3434 85 41 Ga.
853 3434 277 47 (35-11731)

307 3536 295 65 Jameson,
632 3537 205 53 Edwin
866 3536 224 65 Milton,
1122 3542 169 49 1902-

374 3610 431 69 Gynecological
860 3612 110 53 and
1022 3611 319 53 obstetrical
1395 3610 382 68 tuberculosis,
1828 3612 70 67 by
1951 3610 206 53 Edwin
2208 3609 77 54 M.

305 3686 1981 70 Jameson … illustrated with 31 engravings. Philadelphia, Lea
304 3767 43 49 &
380 3765 255 67 Febiger,
667 3768 150 50 1935.

376 3835 85 40 256
493 3846 39 36 p.
594 3836 141 48 illus.,
770 3836 149 47 diagr.
980 3836 56 39 24
1038 3838 45 22 cm
1087 3867 9 9 .

376 3905 344 49 Bibliography:
780 3916 43 38 p.
859 3905 244 51 [209]-245.

306 3974 52 52 ©
383 3979 126 39 June
533 3979 68 47 25,
627 3979 113 40 1935;
794 3980 66 39 2c.
886 3980 94 38 and
1006 3979 81 40 aff.
1114 3979 125 39 June
1267 3979 82 47 26;
1377 3979 44 39 A
1444 3979 168 47 84435;
1641 3979 95 39 Lea
1765 3979 35 39 &
1827 3979 214 49 Febiger.

385 4035 277 47 (35-11594)
