2424 4375
1170 4076 133 49 1126

240 465 244 63 Ganzer,
513 464 145 53 Karl
683 464 276 55 Richard.

308 538 120 53 Das
454 540 265 52 deutsche
746 539 438 69 führergesicht,
1209 542 104 50 200
1338 539 271 55 bildnisse
1637 541 295 52 deutscher
1959 538 268 69 kämpfer

239 615 118 53 und
386 616 325 69 wegsucher
742 634 100 36 aus
872 616 138 53 zwei
1043 616 473 69 Jahrtausenden;
1552 616 106 54 mit
1689 616 153 54 einer
1873 615 354 70 einführung

242 692 57 52 in
333 694 108 53 den
473 693 144 70 geist
650 693 154 53 ihrer
837 694 127 67 zeit,
998 713 110 34 von
1143 694 148 53 Karl
1324 694 255 53 Richard
1613 693 240 56 Ganzer.
1923 692 305 70 München,

239 770 56 54 J.
322 772 65 52 F.
414 771 295 54 Lehmann
741 803 14 35 [
758 777 19 22 c
781 774 151 64 1935]

310 841 86 42 240
420 854 44 38 p.
520 843 129 42 illus.
676 845 186 47 (ports.,
889 844 240 49 facsims.)
1193 845 56 39 25
1252 846 45 22 cm
1300 877 9 10 .

246 911 1984 53 © Nov. 14, 1934; 1c. Jan. 28, 1935; A -Foreign 28324; J. F. Lehmanns
315 974 178 47 verlag.
563 973 280 49 (35-13647)

244 1073 195 66 Gault,
469 1076 202 64 Edgar
697 1076 273 63 Howard,
1002 1082 171 50 1896-

377 1150 1848 71 … Control of the retail units of chain stores, by Edgar H.
245 1226 1983 73 Gault … Ann Arbor, University of Michigan, School of
243 1304 251 56 business
524 1307 481 68 administration,
1036 1308 229 53 Bureau
1294 1307 65 54 of
1388 1307 254 54 business
1674 1307 273 68 research,
1981 1310 151 51 1935.

316 1378 1915 52 iv p., 1 l., 99 p. 23 cm . ([Michigan. University. School of business
246 1435 411 42 administration.
741 1436 196 41 Bureau
992 1436 54 41 of
1098 1436 222 41 business
1382 1437 238 50 research]
1709 1435 245 49 Michigan
2010 1434 221 42 business

245 1491 649 51 studies, vol. VII , no. 1)
318 1548 168 41 Issued
511 1550 103 39 also
637 1560 54 30 as
716 1549 153 41 thesis
901 1550 15 47 (PH.
1084 1551 14 46 D.)
1134 1549 282 48 University
1440 1550 53 39 of
1518 1548 221 49 Chicago.

249 1616 53 52 ©
329 1621 113 46 May
468 1620 68 46 10,
565 1619 113 41 1935;
734 1621 65 39 2c.
830 1622 95 38 and
952 1621 81 39 aff.
1062 1623 114 45 May
1200 1622 59 38 25;
1314 1623 40 37 A
1384 1621 141 40 81962;
1587 1621 282 49 University
1897 1622 52 38 of
1976 1620 256 48 Michigan.

326 1675 279 50 (35-27890)

247 1779 296 64 Ghirardi,
572 1780 211 54 Alfred
812 1781 70 55 A.

315 1854 185 55 Radio
541 1854 133 54 field
715 1857 209 54 service
967 1855 134 54 data
1154 1856 139 68 (and
1336 1874 216 36 answer
1594 1854 144 54 book
1779 1855 357 68 supplement
2175 1861 58 48 to

245 1930 1815 71 Modern radio servicing) by Alfred A. Ghirardi … and
246 1932 1988 146 Bertram M. Freed … 41 illustrations. New York city, Radio &
244 2086 275 55 technical
545 2085 334 70 publishing
903 2104 95 52 co.,
1028 2090 150 50 1935.

315 2158 100 47 viii,
446 2157 87 41 240
560 2168 44 38 p.
664 2158 141 48 illus.,
837 2159 178 47 diagrs.
1075 2158 57 41 20½
1163 2161 44 21 cm
1211 2189 9 9 .

313 2214 161 39 Blank
502 2224 120 38 page
646 2214 81 40 for
754 2213 371 42 “Memoranda”
1165 2214 135 50 (240)

250 2269 52 54 ©
329 2275 127 39 June
480 2273 67 48 19,
576 2274 140 47 1935;
746 2273 67 41 2c.
844 2275 128 39 June
995 2274 83 47 22;
1107 2273 81 41 aff.
1216 2275 127 40 June
1368 2273 54 40 21;
1482 2275 40 38 A
1548 2273 171 48 84370;
1750 2274 155 40 Radio
1932 2275 38 40 &
1996 2273 237 41 technical

322 2332 108 46 pub.
458 2341 66 30 co.
594 2331 279 47 (35-13536)

247 2430 289 67 Giuliotti,
564 2431 334 65 Domenico,
929 2434 170 54 1877-

317 2509 121 54 The
470 2509 201 69 bridge
704 2528 133 35 over
870 2510 94 53 the
998 2510 207 67 world;
1243 2528 31 34 a
1307 2515 385 63 commentary
1725 2529 72 34 on
1832 2511 95 51 the
1959 2529 165 47 mass,
2159 2510 73 67 by

244 2586 310 53 Domenico
592 2585 299 69 Giuliotti;
931 2588 315 53 translated
1283 2587 152 54 from
1473 2588 96 52 the
1605 2587 216 53 Italian
1856 2588 75 67 by
1967 2588 156 54 John
2162 2589 66 52 B.

245 2665 196 55 Greco.
522 2665 378 68 [Waterbury,
933 2666 197 66 Conn.,
1161 2672 18 21 c
1183 2669 151 63 1935]

317 2736 58 41 96
401 2746 32 38 p
503 2736 57 41 23
562 2738 45 22 cm

251 2790 53 53 ©
331 2796 116 46 May
473 2793 67 48 10,
572 2792 113 41 1935;
742 2792 67 41 2c.
840 2794 95 39 and
964 2792 83 41 aff.
1078 2794 114 46 May
1222 2794 53 38 11;
1335 2793 40 38 A
1403 2791 143 42 83052;
1607 2793 127 39 John
1767 2793 53 39 B.
1855 2792 162 46 Greco,
320 2793 1897 105 Waterbury,

486 2850 147 40 Conn.
703 2848 279 49 (35-13498)

251 2950 1299 144 Gorce, Matthieu Maxime, 1898- … Clovis, 465-511. Avec 15 croquis
1595 3027 140 52 dans
1780 3027 52 52 le
1876 3031 149 47 texte
2069 3031 55 48 et
2166 3028 66 49 42
245 3122 271 49 gravures
545 3104 132 53 hors
707 3110 166 48 texte.
938 3103 185 68 Paris,
1152 3105 203 65 Payot,
1389 3108 150 49 1935.

316 3174 1915 53 2 p. l., [7]-364, [2] p. illus. (incl. maps) XVI pl. (incl. facsim.) on 8 l.
246 3231 55 40 23
305 3234 44 21 cm
352 3264 9 9 .
430 3232 362 49 (Bibliothèque
819 3233 292 48 historique)

317 3289 63 40 At
404 3290 123 40 head
555 3289 52 40 of
633 3289 109 40 title:
796 3288 148 41 M.-M.
972 3288 163 41 Gorce.

319 3344 329 41 “Indications
681 3343 468 50 bibliographiques”:
1214 3355 43 37 p.
1296 3342 245 51 [349]-357.

247 3398 1558 53 © Aug. 18, 1935; 1c. June 12; A-Foreign 28245; Payot.
331 3459 279 48 (35-13364)

254 3562 214 63 Gregg,
494 3562 164 62 Lucy
686 3560 220 55 Corliss
934 3558 328 67 (Phinney)
1299 3559 170 52 “Mrs.
1500 3557 145 54 Abel
1673 3557 53 56 J.
1755 3557 252 64 Gregg.”

321 3635 137 53 New
490 3635 401 68 relationships
921 3634 140 53 with
1090 3634 152 54 Jews
1272 3633 111 52 and
1415 3632 315 65 Catholics;
1767 3630 310 54 discussion
253 3634 1954 131 outlines

435 3713 94 51 for
569 3713 327 51 Protestant
938 3729 230 51 groups,
1211 3710 75 68 by
1327 3709 138 53 Mrs.
1510 3708 146 53 Abel
1698 3709 57 54 J.
1800 3706 210 71 Gregg.
2091 3707 136 53 New

251 3788 162 52 York
437 3790 133 66 city,
593 3788 358 52 Association
977 3805 175 50 press,
1172 3793 19 22 c
1196 3789 149 49 1934.

323 3858 56 40 64
406 3870 43 37 p.
509 3859 58 41 20
568 3862 45 21 cm
616 3890 9 9 .

328 3909 1887 49 “The six areas … for discussion … have been suggested by Dr. E. R
257 3967 1779 51 Clincl.y … in his … book, ‘All in the name of God’.”—Foreword.
