2424 4375
1257 4035 98 49 596

304 423 186 65 Ryan,
523 425 154 53 John
711 425 354 65 Augustine,
1102 431 170 49 1869-

380 500 51 50 A
463 499 177 54 better
675 499 278 54 economic
988 500 181 67 order,
1206 501 69 66 by
1312 500 93 54 Rt.
1442 499 134 53 Rev.
1615 499 177 68 Msgr.
1830 500 153 52 John
2022 500 70 52 A.
2128 500 162 67 Ryan

368 576 1685 68 … New York and London, Harper & brothers, 1935.
377 646 613 49 ix p., 1 l., 194 p. 22cm.
378 704 160 39 “First
567 704 227 40 edition.”

305 759 52 52 ©
385 764 113 47 May
556 794 8 15 8,
594 763 140 47 1935;
762 764 67 39 2c.
860 764 112 47 May
1000 764 51 46 7;
1084 762 82 41 aff.
1197 765 112 46 May
1339 763 80 46 10;
1450 764 40 39 A
1519 764 168 45 83033;
1719 765 196 46 Harper
1941 765 38 39 &
2004 766 123 39 bros.

384 820 250 49 (35-6691)

303 921 278 67 Schmitz,
612 924 221 53 Robert
862 923 220 64 Morell,
1112 930 170 49 1900-

373 1001 322 68 Preparing
723 1001 97 53 the
849 1002 254 51 research
1135 1019 196 50 paper,
1361 1020 31 34 a
1421 1002 321 52 handbook.
1819 1003 164 64 (Rev.
2015 1003 112 67 ed.)
2204 1005 90 66 By

303 1077 1965 146 R. Morell Schmitz … New York, Farrar & Rinehart, incorporated [c1935]
376 1228 494 49 2 p. l., 92 p. 23cm.
377 1284 224 40 Includes
631 1284 149 40 blank
809 1294 145 38 pages
986 1284 80 41 for
1095 1283 384 41 “Memoranda”.

378 1339 445 48 “Bibliographies”:
881 1350 41 37 p.
952 1340 158 41 17-27.

305 1392 53 52 ©
383 1397 120 38 Mar.
527 1396 69 46 27,
621 1396 139 46 1935;
787 1394 66 42 2c.
877 1396 121 39 Mar.
1024 1394 55 40 29:
1134 1394 79 41 aff.
1243 1396 121 39 Mar.
1388 1395 82 47 28;
1498 1396 40 38 A
1562 1394 168 48 82232;
1760 1396 55 40 R.
1843 1398 59 37 M.
1933 1394 223 50 Schmitz,
374 1397 1903 104 University
583 1453 124 48 City,
732 1454 91 39 Mo.
894 1452 250 50 (35-6635)

304 1554 374 64 Schweitzer,
708 1556 238 64 Sydney
975 1556 261 64 Charles,
1271 1557 169 54 1907-

376 1633 379 66 Preparation
817 1636 229 48 manual
1108 1634 94 51 for
1262 1632 254 53 accident
1575 1651 166 48 cases,
1800 1635 75 66 by
1938 1633 229 68 Sydney
2231 1635 59 53 C.

309 1708 1723 70 Schweitzer … New York, Baker, Voorhis & co., 1935.
374 1796 76 35 XV,
478 1785 84 39 714
586 1796 40 36 p.
682 1786 171 46 plates,
877 1795 124 36 map,
1029 1784 178 48 diagrs.
1261 1783 115 40 26cm.

374 1843 131 38 Each
531 1844 112 45 part
669 1842 229 47 preceded
926 1841 61 47 by
1016 1842 188 38 colored
1230 1841 105 39 leaf
1361 1839 118 41 with
1507 1840 236 41 half-title
1772 1844 82 37 not
1883 1841 224 41 included
2134 1840 50 41 in
2215 1843 80 39 the

300 1898 189 48 paging.

374 1955 340 40 Contributors
743 1954 261 48 of-special,
1030 1955 226 46 chapters:
1316 1955 271 38 Handbook
1617 1954 51 40 of
1699 1955 204 39 medical
1933 1956 161 38 terms.

308 1954 1969 102 Fractures,
490 2013 60 47 by
588 2013 42 39 S.
670 2013 42 38 J.
751 2009 194 41 Hodkin
993 2012 65 47 (p.
1094 2011 228 46 401-581)
1397 2010 218 48 Injuries
1648 2013 49 38 to
1734 2012 80 39 the
1851 2013 182 47 mouth,
2070 2014 61 46 by
2169 2012 44 41 S.
2251 2012 43 39 J.

303 2068 257 48 Bregstein
597 2070 64 47 (p.
694 2068 224 47 582-603)

306 2122 52 52 ©
388 2127 113 47 Apr.
532 2125 69 48 25,
633 2125 140 46 1935;
807 2125 66 39 2c.
905 2125 112 46 Apr.
1049 2123 82 48 29;
1167 2124 82 40 aff.
1281 2123 113 49 Apr.
1426 2124 83 46 27;
1544 2125 39 37 A
1617 2124 169 47 81626;
1825 2125 44 39 S.
1946 2156 7 8 C.
1992 2123 301 48 Schweitzer,

374 2184 114 38 New
515 2183 144 38 York.
730 2181 249 48 (35-6714)

306 2285 257 64 Seybolt,
589 2285 222 53 Robert
840 2284 261 63 Francis,
1131 2289 168 49 1888-

377 2363 120 51 The
526 2361 192 67 public
747 2361 216 53 schools
992 2360 63 52 of
1085 2358 241 54 colonial
1358 2361 233 67 Boston,
1625 2358 323 70 1635-1775,
1979 2361 72 67 by
2082 2359 211 54 Robert

308 2435 1986 71 Francis Seybolt … Cambridge, Harvard university press,
310 2521 146 49 1935.

309 2587 1967 107 viii p., 1 l., 101 p. 22½cm. (Half-title: Harvard documents in the history of education)
308 2700 52 51 ©
385 2705 121 37 Mar.
531 2703 40 46 6,
596 2702 139 44 1935;
762 2701 66 40 2c.
854 2702 112 46 Apr.
991 2701 81 46 10;
1102 2701 82 39 aff.
1211 2702 119 37 Mar.
1359 2701 52 45 9;
1439 2702 41 37 A
1506 2701 168 45 81372;
1704 2701 256 40 President
1985 2701 94 39 and
2105 2702 187 39 fellows

376 2760 53 39 of
455 2759 228 39 Harvard
709 2758 190 47 college,
928 2756 301 48 Cambridge,
1257 2758 147 39 Mass.
1474 2756 250 51 (35-6795)

307 2860 234 65 Shores,
573 2861 196 63 Louis,
805 2865 168 49 1904-

373 2935 1802 70 Origins of the American college library, 1638-1800 [by]
304 3011 1979 68 Louis Shores … New York, N. Y., Barnes & Noble, inc. [1935]
376 3083 1776 50 3 p. l., ix-xi, 290 p. 23cm. (Half-title: Contribution to education,
309 3082 1964 100 published
497 3143 154 39 under
685 3143 79 39 the
798 3141 234 42 direction
1069 3142 51 39 of
1152 3141 181 47 George
1368 3142 224 46 Peabody
1625 3141 177 48 college
1837 3141 79 39 for
1952 3141 232 44 teachers,
2218 3148 73 30 no.

307 3198 107 47 134)

377 3253 260 42 Published
666 3254 49 39 in
746 3253 113 41 1934
885 3255 61 46 by
976 3254 81 39 the
1088 3252 181 49 George
1300 3254 224 46 Peabody
1551 3254 175 47 college
1757 3253 79 40 for
1863 3254 233 39 teachers.

375 3310 324 47 Appendices:
749 3344 8 7 I.
785 3309 361 48 Chronological
1176 3310 233 40 checklist
1430 3309 54 40 of
1507 3309 204 40 colonial
1736 3309 176 47 college
1941 3309 182 46 library

310 3309 1959 104 donations, 1638-1800. II . Notable private libraries received by
1966 3364 204 41 colonial
311 3362 1959 107 colleges.
565 3455 8 7 III.
598 3421 214 41 Colonial
843 3422 173 47 college
1045 3422 275 48 librarians,
1349 3421 272 42 1667-1800.

375 3477 372 48 Bibliography:
784 3488 43 38 p.
863 3477 213 42 273-288.

311 3533 52 52 ©
385 3537 114 46 Apr.
522 3535 69 48 22,
616 3536 139 47 1935;
782 3537 64 39 2c.
872 3537 112 47 Apr.
1011 3535 54 40 19;
1119 3536 82 39 aff.
1270 3546 68 37 Apr.
1363 3534 81 47 26;
1473 3536 39 38 A
1539 3535 168 46 81612;
1738 3537 185 38 Barnes
1951 3536 34 39 &
2011 3535 163 45 Noble,
2201 3535 87 38 inc.

390 3592 249 49 (35-6605)

312 3679 289 66 Simpson,
632 3682 183 54 Helen
848 3684 293 62 Augusta,
1175 3688 170 49 1868-

381 3757 272 69 Philippe
686 3762 126 60 Pot,
844 3760 181 65 grand
1058 3760 255 52 sénéchal
1345 3758 63 53 of
1441 3759 336 67 Burgundy,
1811 3758 137 53 with
1981 3758 304 66 genealogy

314 3833 64 53 of
414 3835 94 51 the
547 3837 111 51 Pot
699 3835 203 67 family
945 3835 52 53 in
1043 3838 217 50 France
1300 3836 110 52 and
1450 3836 160 51 other
1651 3834 286 53 additions
1980 3840 53 46 to
2076 3834 209 64 “Early

319 3911 1966 68 records of Simpson and allied families”, including Fr é zel or
