2424 4375
1018 4047 133 50 1595

177 507 57 40 35
262 518 44 38 p.
365 507 146 42 22½cm.

182 562 266 50 Classified,
479 566 265 40 annotated
772 566 336 48 bibliography
1137 566 120 41 with
1286 567 146 41 index
1461 570 48 38 to
1540 569 218 47 authors,
1788 570 184 40 editors
2002 572 94 37 and

111 620 291 42 translators
432 623 95 39 and
554 622 148 41 index
727 626 47 37 to
805 622 146 42 titles.

178 677 152 42 Third
356 677 197 42 edition.

101 732 51 52 ©
176 737 99 40 Oct.
299 736 70 47 25,
392 736 140 48 1935;
556 736 66 41 2c.
646 738 96 39 and
765 737 82 40 aff.
870 737 101 41 Oct.
994 738 83 47 30';
1102 739 41 38 A
1164 738 170 47 89076;
1362 739 153 41 China
1539 740 225 41 institute
1788 742 51 39 in
1861 741 237 50 America,

174 792 88 41 inc.
337 793 278 49 (35-25412)

108 896 197 65 Coffin,
334 896 192 54 Lewis
552 898 90 63 A.,
671 899 82 51 ed.

176 973 305 54 American
522 978 240 65 country
801 977 198 52 houses
1041 977 62 51 of
1145 977 191 67 today,
1380 981 151 63 1935,
1570 977 302 69 including
1912 1000 30 33 a
106 998 1965 107 section

258 1072 71 33 on
362 1052 154 54 “The
548 1054 180 51 better
758 1055 190 53 homes
979 1054 60 52 in
1071 1055 318 67 America”,
1424 1054 218 56 “Small
1671 1056 172 54 house
106 1076 1965 107 competitions”

378 1132 75 66 by
493 1133 193 53 James
729 1133 170 52 Ford.
975 1132 213 53 Edited
1229 1134 75 67 by
1347 1132 183 54 Lewis
1572 1136 70 51 A.
1688 1132 192 57 Coffin.
1956 1137 139 52 New

108 1209 177 66 York,
335 1211 67 52 N.
455 1212 90 63 Y.,
593 1210 423 53 Architectural
1063 1211 147 52 book
1257 1212 336 68 publishing
1640 1231 297 50 company,
1983 1216 109 53 inc.

110 1322 13 33 [
128 1294 18 21 c
151 1291 134 50 1934
289 1321 12 33 ]

175 1361 1161 49 2 p. l., iv, 152 p. front., illus., plans. 29cm.
107 1414 50 53 ©
189 1419 102 40 Oct.
321 1419 69 48 16,
421 1417 113 41 1934;
594 1418 65 41 2c.
693 1419 101 40 Oct.
826 1418 81 48 19;
940 1418 82 41 aff.
1056 1419 102 40 Oct.
1189 1419 83 47 20;
1304 1420 43 38 A
1376 1419 170 47 75870;
1580 1419 361 42 Architectural
1973 1422 124 40 book

177 1476 108 47 pub.
310 1487 81 35 co.,
416 1475 89 40 inc.

105 1580 300 53 Columbia
470 1580 351 62 university.
921 1582 275 51 Teachers
1261 1579 223 67 college.
1584 1581 243 53 Lincoln
1887 1584 205 52 school.

170 1659 467 52 Parent-teacher
665 1658 350 52 association.

177 1735 192 68 Spend
417 1754 143 49 your
609 1736 164 66 time;
824 1736 138 52 New
1011 1735 208 55 York’s
1267 1753 284 36 resources
1600 1737 93 51 for
1740 1738 96 52 the
1885 1756 96 35 use
2029 1740 62 51 of

103 1813 219 69 leisure,
366 1813 279 68 compiled
689 1815 75 66 by
807 1815 94 51 the
944 1814 466 53 Parent-teacher
1455 1815 354 66 association,
1852 1815 240 54 Lincoln

103 1894 188 52 school
328 1893 62 52 of
427 1893 278 53 Teachers
743 1892 226 67 college,
1008 1891 298 56 Columbia
1344 1891 334 69 university.
1753 1895 139 52 New
1931 1895 162 53 York

102 1971 131 67 city,
279 1972 227 52 Bureau
552 1971 63 52 of
659 1970 381 68 publications
1086 1970 61 53 of
1195 1971 278 53 Teachers
1517 1973 227 66 college,
1791 1973 302 54 Columbia

102 2049 332 68 university,
471 2049 93 53 for
597 2049 239 53 Lincoln
870 2050 189 52 school
1094 2049 62 53 of
1192 2048 277 54 Teachers
1505 2048 226 69 college,
1769 2053 149 50 1933.

171 2120 1920 52 xii p., 1 l., 74 p. 23½cm. (Lincoln school of Teachers college, Columbia
101 2180 282 48 university.
441 2179 199 40 Lincoln
671 2179 162 39 school
864 2179 222 38 research
1119 2177 211 48 studies)

103 2233 52 53 ©
177 2238 118 39 Nov.
319 2236 40 48 9,
384 2236 139 46 1933;
550 2236 67 39 2c.
642 2236 118 47 Aug.
786 2235 71 47 24,
880 2233 141 48 1934;
1048 2233 82 41 aff.
1158 2233 101 42 Oct.
1285 2235 53 46 4;
1368 2235 40 38 A
1434 2234 170 47 75620;
1632 2235 241 40 Teachers
1898 2237 193 48 college,

169 2293 251 42 Columbia
446 2293 129 40 univ.

102 2394 176 67 Crist,
306 2394 242 56 Clifford
575 2395 327 65 Mortimer,
932 2398 171 50 1906-

169 2476 55 51 A
260 2475 160 53 short
454 2474 206 52 review
695 2474 63 51 of
795 2472 222 53 French
1050 2489 307 50 grammar,
1393 2473 76 66 by
1508 2469 246 58 Clifford
1790 2473 300 53 Mortimer

104 2549 1734 68 Crist … New York, Oxford university press, 1935.
168 2619 1912 51 xii p., 1 l., 170 p. 19½cm. (Half-title: Oxford library of French texts)
171 2677 163 42 “First
360 2677 226 41 edition.”

103 2732 52 52 ©
183 2736 124 48 Sept.
333 2735 70 48 26,
428 2735 117 40 1935;
597 2736 66 39 2c.
690 2735 95 40 and
812 2734 80 41 aff.
920 2735 101 40 Oct.
1049 2734 81 47 10;
1158 2734 42 39 A
1226 2734 169 47 86655;
1426 2734 186 41 Oxford
1640 2735 129 40 univ.
1797 2744 149 39 press,
1972 2736 119 41 New

168 2793 144 46 York,
339 2793 89 40 inc.
499 2791 280 49 (35-24918)

102 2894 218 65 Curtis,
349 2897 139 52 Mrs.
520 2895 163 54 Alice
714 2894 286 65 (Turner)

101 2968 1982 147 A little maid of Newport, by Alice Turner Curtis … illustrated by Hattie Longstreet Price. Philadelphia, The Penn
102 3125 331 67 publishing
457 3142 278 50 company
807 3129 149 62 [c1935]

169 3196 86 41 224
281 3208 44 37 p.
383 3197 163 45 front.,
576 3198 170 47 plates.
803 3197 143 40 19½cm.

104 3249 50 53 ©
178 3255 116 39 Nov.
322 3254 39 47 8,
387 3253 139 47 1935;
554 3254 67 40 2c.
648 3254 96 39 and
770 3253 79 40 aff.
877 3254 118 39 Nov.
1021 3254 82 46 18;
1132 3254 40 38 A
1200 3252 169 47 89403;
1399 3254 136 39 Fenn
1558 3252 110 48 pub.
1694 3262 68 29 co.

181 3310 278 49 (35-24895)

100 3410 198 65 Davis,
328 3413 221 53 Harold
579 3413 253 63 Thayer,
865 3415 170 52 1892-

168 3487 290 55 Elements
499 3489 62 52 of
604 3487 269 54 statistics
911 3488 141 53 with
1094 3485 378 70 applications
1512 3490 59 49 to
1613 3484 280 54 economic
1936 3483 152 67 data,

101 3561 1986 70 by Harold T. Davis … and W. F. C. Nelson … Bloomington,
102 3639 1179 71 Ind., The Principia press, inc. [c1935 ]
167 3711 65 45 xi,
261 3712 87 39 424
377 3723 43 37 p.
480 3713 178 45 diagrs.
718 3713 145 39 25½cm.

168 3768 345 49 Bibliography
561 3770 223 39 included
836 3771 49 38 in
930 3770 209 47 preface.
1215 3769 232 40 “Sources
1497 3768 51 40 of
1597 3769 265 40 statistical
1910 3765 174 43 data”:

99 3831 41 37 p.
171 3824 156 40 13-14.
389 3825 375 40 “References’':
797 3836 43 37 p.
869 3826 213 39 364-365.

103 3877 1986 54 © July 15. 1935; 2c. and aff. Aug. 10: A 86486; Cowles commission for
169 3942 220 38 research
413 3941 49 38 in
486 3940 278 47 economics,
791 3941 238 39 Colorado
1052 3939 212 48 Springs.
1327 3939 278 51 (35-25402)
