2424 4375
1193 4051 135 55 1704

264 427 248 63 Herzog,
540 427 238 63 Rudolf,
810 431 170 49 1869-

330 501 313 52 Freudvoll
684 503 119 51 und
846 502 262 67 leidvoll;
1156 503 161 52 short
1359 504 200 53 stories
1601 504 76 68 by
1722 505 223 51 Rudolf
1990 504 259 69 Herzog;

258 578 1931 72 edited with notes, exercises and vocabulary by Jacob Hieble …
259 655 1266 71 New York, H. Holt and company [ c 1935]
331 738 76 37 xv,
440 728 98 47 142,
570 728 108 41 lxiii
706 737 44 39 p.
810 729 56 39 17
869 731 43 21 cm
917 762 8 7 .

335 785 129 42 “The
495 785 109 41 first
634 785 77 40 six
747 786 175 40 stories
957 786 50 40 in
1043 786 99 40 this
1178 788 189 39 volume
1402 798 84 30 are
1522 787 145 41 taken
1703 788 126 40 from
1866 787 270 41 Komödien
2170 789 85 39 des

265 841 160 41 lebens
459 842 186 48 (1898),
672 844 84 39 the
782 843 95 40 last
905 845 95 38 two
1026 843 127 40 from
1181 843 351 47 Jungbrunnen
1572 844 407 48 (1918).”—Pref.

265 897 52 52 ©
344 901 101 40 Oct.
471 901 41 47 3,
539 901 139 48 1935;
704 901 68 40 2c.
799 902 96 39 and
921 901 80 40 aff.
1030 902 102 40 Oct.
1161 902 81 47 16;
1270 903 41 38 A
1338 902 170 48 87719;
1539 904 168 42 Henry
1735 904 118 40 Holt
1881 904 36 40 &
1943 915 81 34 co.,
2053 904 90 40 inc.

330 957 279 49 (35-31960)

265 1041 215 64 House,
512 1042 219 52 Homer
764 1041 195 64 Clyde,
994 1043 171 54 1871-

335 1117 121 56 Sun
487 1119 192 67 dance,
711 1119 75 68 by
819 1119 220 53 Homer
1073 1118 62 55 C.
1171 1120 210 52 House.
1453 1120 422 67 Philadelphia,
1911 1121 191 52 David
262 1120 1970 143 McKay
423 1213 279 52 company
735 1199 191 65 [c1935]

330 1269 246 49 66 p. 20 ½cm.
332 1327 284 40 Illustrated
646 1329 95 46 t.-p.

330 1384 182 40 Poems.

267 1436 52 52 ©
345 1441 117 39 Nov.
490 1440 69 48 29,
586 1439 141 48 1935;
755 1439 67 40 2c.
852 1441 93 39 and
972 1439 81 41 aff.
1084 1441 110 38 Dec.
1222 1440 25 39 3;
1303 1440 39 38 A
1371 1439 170 48 89680;
1570 1440 159 39 David
1759 1440 188 47 McKay
1974 1449 67 30 co.

332 1496 280 50 (35-32799)

266 1579 155 63 Hull,
451 1578 254 55 William
734 1581 183 62 Isaac,
948 1583 171 49 1868-

266 1652 1992 148 William Penn and the Dutch Quaker migration to Pennsylvania, by William I. Hull … [Swarthmore, Pa., Swarthmore
263 1808 229 69 college]
529 1812 150 50 1935.

394 1880 1863 50 xiii p., 1 l 445 p. front., plates, ports., map, facsims. 24 cm .
277 1936 353 49 (Swarthmore
664 1938 177 47 college
872 1939 322 46 monographs
1227 1950 60 27 on
1322 1937 194 47 Quaker
1550 1939 187 44 history.
1810 1948 75 29 no.
1919 1938 50 47 2)

341 1995 129 40 “The
495 1995 161 39 Dutch
680 1995 221 47 pioneers
926 1995 53 40 of
1005 1993 398 42 Germantown”:
1432 2005 42 37 p.
1500 1994 216 41 395-398.

341 2050 188 41 “Dutch
561 2053 95 38 and
685 2050 208 41 German
925 2052 194 40 settlers
1151 2051 47 39 in
1231 2051 354 42 Germantown.
1618 2051 316 40 1683-1709”:
1967 2062 44 37 p.
2043 2050 215 41 399-421.

269 2105 53 53 ©
346 2111 117 38 Nov.
488 2110 69 47 22,
583 2109 140 47 1935;
749 2110 67 40 2c.
842 2111 94 38 and
963 2109 80 41 aff.
1071 2111 103 38 Nov.
1214 2109 82 42 29:
1324 2111 38 37 A
1391 2109 168 47 88394;
1590 2112 70 38 W.
1690 2112 35 38 I.
1753 2111 133 47 Hull,
1918 2110 341 47 Swarthmore,:
328 2168 83 38 Pa.
482 2167 279 49 (35-32759)

271 2249 183 63 Hunt,
481 2248 224 55 Walter
732 2249 283 62 Bernard,
1048 2253 168 49 1888-

340 2325 296 68 Lettering
672 2324 64 54 of
771 2325 192 69 today,
996 2325 76 68 by
1109 2325 93 52 the
1240 2325 232 53 authors
1509 2323 64 53 of
1612 2323 168 70 Sixty
1817 2324 313 68 alphabets,
2166 2324 90 55 W.

273 2403 134 51 Ben.
437 2403 45 49 &
513 2403 107 52 Ed.
652 2401 63 55 C.
743 2402 183 53 Hunt.
992 2402 358 66 Milwaukee,
1382 2402 138 52 New
1553 2400 162 54 York
1750 2407 137 62 [etc.]
1924 2402 120 53 The
2076 2403 182 52 Bruce

273 2479 862 69 publishing company [ c 1935]
336 2550 56 41 32
441 2585 8 8 l.
509 2552 57 40 20
569 2555 15 21 cm
617 2583 8 7 .

273 2608 52 52 ©
352 2611 101 40 Oct.
478 2611 71 46 28,
575 2611 139 45 1935;
743 2610 65 40 2c.
835 2611 96 39 and
956 2610 83 40 aff.
1065 2610 101 40 Oct:
1193 2611 82 45 31;
1304 2611 40 38 A
1369 2609 168 47 88077;
1567 2611 70 39 W.
1665 2611 115 39 Ben.
1808 2611 139 40 Hunt
1974 2611 93 39 and
2096 2611 85 40 Ed.
2209 2610 48 41 C.

341 2669 151 46 Hunt,
521 2669 151 38 Hales
701 2667 217 47 Corners,
948 2667 116 40 Wis.
1136 2666 278 48 (35-32752)

273 2749 194 63 Irwin,
492 2750 303 52 Theodore
819 2750 70 53 D.

403 2823 1857 70 … Strange passage. New York, H. Smith and R. Haas
277 2937 12 33 [
294 2911 18 21 c
318 2906 150 63 1935]

343 2976 87 41 319
455 2987 43 37 p.
559 2976 144 40 19½cm.

345 3033 63 39 At
435 3033 125 39 head
589 3032 53 41 of
665 3032 134 40 title:
828 3032 247 39 Theodore
1104 3031 162 40 Irwin.

276 3085 52 52 ©
355 3090 119 46 Aug.
504 3089 67 46 19,
601 3088 140 46 1935;
771 3087 67 41 2c.
867 3089 116 45 Aug.
1014 3088 81 45 21;
1128 3086 80 41 aff.
1235 3088 119 47 Aug.
1383 3087 82 47 20;
1498 3088 40 38 A
1566 3088 169 42 86009;
1769 3088 240 39 Harrison
2040 3088 156 40 Smith
2226 3088 35 40 &

345 3146 179 39 Robert
557 3146 149 46 Haas,
740 3145 89 39 inc.
898 3144 280 48 (35-32776)

275 3226 282 65 Johnson,
589 3227 191 62 Anna,
813 3229 170 50 1892-

346 3303 133 55 Star
524 3304 147 66 dust,
715 3304 270 67 gathered
1031 3302 152 53 from
1225 3303 112 67 day
1378 3309 58 46 to
1480 3304 129 66 day,
1652 3303 75 66 by
1770 3303 169 52 Anna
1985 3303 271 53 Johnson.

276 3380 1667 68 Salt Lake City, Utah, The Deseret news press [ c 1935]
341 3453 648 49 2 p. l., [7]-199 p. 18½ cm .
339 3511 182 38 Poems.

281 3561 52 52 ©
362 3567 117 38 Nov.
510 3566 68 47 16,
607 3566 112 40 1935;
779 3566 66 39 2c.
875 3568 95 37 and
1002 3566 80 39 aff.
1114 3566 117 39 Nov.
1259 3565 81 46 26;
1373 3566 39 37 A
1443 3564 167 47 88373;
1645 3565 54 39 A.
1731 3565 230 46 Johnson,
1996 3565 104 39 Salt
2131 3563 129 40 Lake

347 3621 122 48 City.
544 3622 277 47 (35-32797)

282 3707 280 65 Kirstein,
592 3709 257 62 Lincoln,
881 3712 170 51 1907-

409 3784 1848 68 … Dance, a short history of classic theatrical dancing. New
283 3859 175 67 York,
490 3859 65 53 G.
591 3860 63 52 P.
688 3861 291 53 Putnam’s
1011 3879 125 36 sons
1174 3863 189 65 [c1935]

350 3932 49 38 ix
425 3943 29 37 p.,
511 3934 24 37 1
582 3964 22 14 l.,
632 3933 84 39 369
741 3945 43 37 p.
845 3934 140 47 illus.,
1010 3935 171 48 plates.
1240 3933 56 40 24
1299 3936 44 21 cm
1346 3965 10 10 .

350 3988 286 41 Illustrated
666 3989 360 49 lining-papers.
