2424 4375
1233 4033 135 49 1204

301 401 278 65 Nutting,
607 402 271 66 Wallace,
910 408 169 50 1861-

369 477 371 55 Connecticut
779 477 302 68 beautiful,
1120 478 76 69 by
1233 478 254 54 Wallace
1526 477 277 70 Nutting;
1848 478 324 54 illustrated
2209 477 77 70 by

300 553 93 53 the
422 555 205 53 author
656 554 138 54 with
824 555 247 68 pictures
1099 555 270 69 covering
1394 556 79 52 all
1501 555 97 54 the
1623 554 251 55 counties
1899 555 61 53 in

300 553 1961 133 Connecticut.
471 632 233 55 Garden
731 631 152 70 City,
910 632 70 53 N.
1010 633 91 68 Y.,
1126 632 142 53 Pub.
1296 633 60 52 in
1383 632 363 68 coöperation
1775 633 142 53 with

1944 632 115 57 Old
302 633 1962 128 America
415 728 280 50 company
724 711 74 67 by
826 710 94 53 the
951 708 232 56 Garden
1217 709 134 70 City
1384 709 333 71 publishing
1748 728 97 51 co.,
1874 711 108 54 inc.
2020 744 14 35 [
2036 717 20 23 c
2061 714 151 65 1985]

369 795 87 41 256
479 806 42 37 p.
552 796 107 40 incl.
687 796 162 47 front.,
878 795 141 49 illus.,
1049 796 169 47 plates.
1279 794 57 41 26
1339 797 43 22 cm
1386 826 8 8 .

303 863 52 53 ©
387 868 127 39 June
544 868 41 46 4,
618 867 114 40 1935;
793 867 67 40 2c.
892 869 98 37 and
1020 867 81 40 aff.
1135 868 119 47 Aug.
1288 868 82 46 31;
1406 868 42 39 A
1480 868 169 47 85765;
1685 869 71 39 W.
1789 867 220 47 Nutting,
370 868 1907 98 Framingham,
530 924 146 40 Mass.

741 924 279 49 [Copyright
1056 924 37 40 is
1127 924 204 40 claimed
1365 934 59 29 on
1459 924 209 40 revision
1701 926 97 39 and
1827 935 105 30 new
1965 925 326 41 illustrations

372 982 62 46 by
460 982 216 39 Wallace
704 980 219 48 Nutting,
953 983 94 38 and
1076 992 60 29 on
1164 984 167 45 poems)
1352 981 62 48 by
1442 980 208 41 Mildred
1678 982 181 49 Hobbs]

388 1037 279 49 (35-15257)

370 1139 193 53 Maine
608 1138 302 66 beautiful,
955 1139 76 69 by
1076 1139 252 54 Wallace
1376 1139 276 69 Nutting;
1701 1138 324 55 illustrated
2072 1140 76 69 by
2194 1137 96 54 the

301 1217 206 52 author
535 1217 140 52 with
704 1216 248 69 pictures
979 1216 268 71 covering
1274 1219 77 50 all
1378 1217 97 54 the
1500 1217 251 54 counties
1781 1217 60 53 in
1868 1217 210 54 Maine.
302 1215 1964 131 Garden

445 1294 152 69 City,
629 1295 70 53 N.
734 1295 90 68 Y.,
857 1294 142 53 Pub.
1033 1295 60 52 in
1125 1295 362 68 cooperation
1520 1295 140 52 with
1696 1294 112 56 Old
1844 1294 264 54 America
303 1312 1961 129 company

487 1374 76 67 by
590 1373 94 52 the
715 1372 228 55 Garden
981 1372 135 69 City
1146 1372 336 69 publishing
1513 1391 97 46 co.,
1644 1372 106 54 inc.
1789 1405 13 34 [
1807 1378 17 21 c
1831 1375 150 65 1935]

371 1457 1081 50 2 p. l., 3-302 p. incl. illus , plates. 26 cm .
306 1526 52 53 ©
383 1530 118 48 July
523 1531 40 47 1,
588 1528 140 49 1935;
755 1530 68 41 2c.
849 1532 94 38 and
968 1529 79 41 aff.
1073 1530 120 47 Aug.
1218 1530 83 47 31;
1325 1530 42 39 A
1390 1530 169 48 85766;
1587 1531 70 40 W.
1684 1529 219 49 Nutting,
1933 1529 359 50 Framingham,

377 1588 144 39 Mass.
589 1586 280 50 [Copyright
908 1586 45 40 is
990 1587 204 40 claimed
1262 1598 30 27 on
1332 1585 212 42 revision
1585 1588 96 39 and
1720 1598 104 29 new
1867 1587 326 41 illustrations
2233 1588 60 48 by

375 1644 214 39 Wallace
616 1642 221 48 Nutting,
865 1645 93 38 and
988 1653 61 29 on
1076 1652 163 39 poems
1269 1643 63 47 by
1360 1642 207 40 Mildred
1767 1662 10 30 Hobbs]

385 1699 279 49 (35-15265)

305 1803 266 64 O’Brien,
601 1806 137 52 Mrs.
771 1804 147 52 Esse
950 1804 370 62 (Forrester)

373 1880 113 52 Art
514 1881 112 53 and
655 1879 194 54 artists
876 1880 63 54 of
968 1883 182 51 Texas
1184 1916 9 32 [
1202 1880 72 67 by]
1327 1882 136 51 Esse
1493 1879 586 55 Forrester-O’Brien.

307 1882 1959 140 Dallas, Tex., Tardy publishing company [c1935]
375 2016 750 63 4 p. l., 408 p. illus. 22½cm.
309 2098 1983 53 © July 15,1935; 2c. July 26; aff. July 22; A 85212; E. Forrester-O’Brien,
377 2160 161 48 Waco,
564 2159 114 40 Tex.
749 2157 279 49 (35-15030)

305 2260 383 64 Oppenheim,
717 2262 251 52 Edward
998 2260 264 64 Phillips,
1294 2264 170 50 1866-

375 2337 121 55 The
526 2338 176 53 battle
737 2337 64 52 of
833 2335 337 70 Basinghall
1203 2342 186 58 street,
1423 2337 75 66 by
1532 2335 69 53 E.
1635 2332 250 69 Phillips
1920 2331 369 70 Oppenheim.

307 2415 229 66 Boston,
565 2413 194 68 Little,
787 2414 226 67 Brown,
1044 2413 111 53 and
1184 2429 293 52 company,
1510 2415 150 49 1935.

375 2485 555 50 3 p. l., [3]-314 p. 19½cm.
312 2556 52 53 ©
393 2561 127 47 Sept.
547 2559 40 47 9,
611 2559 142 46 1935;
780 2559 66 40 2c.
874 2560 94 38 and
997 2558 82 40 aff.
1111 2558 127 48 Sept.
1266 2557 82 47 10;
1376 2558 41 38 A
1444 2556 169 48 86230;
1644 2556 162 48 Little,
1832 2557 190 46 Brown,
2052 2556 95 40 and
379 2564 1897 100 company.
590 2616 279 49 (35-15037)

307 2719 250 62 Oregon.
631 2721 182 61 Laws,
841 2724 253 59 statutes,
1123 2723 100 46 etc.

383 2794 376 69 Supplement
799 2795 61 53 of
904 2798 130 48 1935
1075 2799 61 48 to
1173 2795 97 51 the
1310 2793 230 67 Oregon
1578 2792 152 64 code,
1774 2794 150 63 1930,
1964 2789 330 68 containing

313 2874 96 51 the
440 2870 261 70 officially
733 2870 249 55 certified
1013 2876 124 49 text
1166 2871 62 53 of
1260 2872 97 51 the
1386 2871 244 54 General
1660 2873 137 50 laws
1827 2869 62 52 of
1924 2869 245 67 Oregon,
314 2886 1955 117 enacted

503 2956 60 47 at
586 2951 94 52 the
709 2950 344 67 Legislative
1082 2950 237 52 sessions
1351 2949 63 54 of
1445 2952 150 63 1931,
1626 2952 132 48 1933
1790 2948 110 52 and
1930 2947 229 67 regular
306 2964 1961 117 session

456 3028 62 53 of
545 3032 151 61 1935,
720 3027 324 65 annotated,
1070 3026 141 52 with
1236 3027 274 53 decisions
1537 3025 153 53 from
1716 3026 98 52 the
1836 3024 271 68 Supreme
2134 3028 158 49 court

314 3107 62 52 of
409 3107 229 66 Oregon
672 3106 111 52 and
816 3106 96 52 the
940 3104 216 55 United
1193 3103 186 55 States
1411 3108 203 61 courts,
1646 3104 279 66 compiled
1958 3103 75 66 by
2064 3102 228 54 Borden

311 3178 1980 73 M. Dyer … annotated by Kennion K. Kauffman … assisted by
313 3262 94 52 the
438 3260 337 69 publisher’s
805 3257 147 57 staff.
1020 3260 242 53 Volume
1290 3262 28 48 5
1350 3258 63 53 of
1442 3260 96 51 the
1565 3263 98 48 set.
1730 3259 414 66 Indianapolis,
2173 3258 118 51 The

311 3340 440 53 Bobbs-Merrill
779 3356 278 48 company
1091 3371 11 33 [
1108 3344 17 21 c
1131 3339 131 50 1935
1269 3370 12 33 ]

383 3413 99 46 xxi,
510 3411 118 41 2340
652 3422 42 37 p.
752 3410 55 40 26
810 3413 16 20 cm
859 3442 8 8 .

315 3478 51 52 ©
394 3482 117 46 Aug.
540 3481 70 47 20,
638 3480 139 47 1935;
808 3479 66 40 2c.
906 3480 125 46 Sept.
1062 3479 80 45 16;
1176 3477 81 40 aff.
1290 3478 126 47 Sept.
1446 3477 81 41 14;
1561 3478 40 38 A
1630 3477 168 46 87043;
1831 3474 364 42 Bobbs-Merrill
2226 3485 64 29 co.

312 3598 233 53 Palacio
574 3597 234 60 Valdés,
839 3596 320 65 Armando,
1194 3602 167 49 1853-

386 3673 307 55 Selections
727 3673 150 54 from
909 3674 295 52 Armando
1237 3670 230 57 Palacio
1501 3672 238 58 Valdés;
1778 3672 186 51 edited
1999 3672 73 64 by
2107 3670 181 54 Glenn

315 3744 1969 75 Barr and Harry James Russell … New York, Cincinnati
319 3828 1177 66 [etc.] American book company [ c 1935]
385 3900 96 48 xvi,
510 3900 84 40 238
620 3909 43 37 p.
691 3900 109 41 incl.
827 3899 147 41 front.
1003 3898 171 49 (port.)
1211 3898 142 47 illus.,
1380 3908 123 37 map.
1563 3897 57 39 19½cm.

387 3970 200 40 “School
618 3967 224 43 edition.”
