2424 4375
1259 4071 134 55 1472

327 456 280 66 McMinn,
636 459 255 52 Howard
918 459 275 62 Earnest,
1225 464 171 50 1891-

397 534 95 51 An
522 534 327 54 illustrated
879 537 233 50 manual
1142 535 63 51 of
1237 535 213 52 Pacific
1482 542 154 46 coast
1664 541 163 62 trees,
1859 536 72 68 by
1965 536 257 53 Howard
2252 537 69 51 E.

327 610 266 54 McMinn
642 654 56 11 …
748 612 113 53 and
903 611 225 69 Evelyn
1171 612 227 67 Maino;
1445 611 139 54 with
1629 613 153 54 Lists
1824 613 63 54 of
1929 619 144 48 trees
328 632 1969 111 recommended

601 689 95 54 for
726 688 227 55 various
983 708 124 35 uses
1138 708 73 36 on
1239 690 96 54 the
1365 690 213 54 Pacific
1608 695 170 64 coast,
1807 692 75 68 by
1911 690 78 54 H.
2020 692 91 55 W.
328 691 1970 130 Shepherd
501 811 57 10 …
624 766 295 70 Berkeley,

946 767 195 69 Calif.,
1166 768 339 70 University
1530 769 63 53 of
1619 768 328 56 California
1972 788 174 50 press,
2172 773 151 51 1935.

399 840 84 49 xii,
509 840 86 41 409
623 850 43 39 p.
693 841 111 40 incl.
831 841 85 40 col.
943 840 165 50 front.,
1136 841 128 42 illus.
1321 841 55 41 19½
1409 844 43 21 cm
1456 873 10 10 .

399 898 141 49 Maps
569 909 60 30 on
657 898 362 49 lining-papers.

402 955 261 48 “Glossary
691 955 52 41 of
769 955 244 41 botanical
1041 954 179 42 terms”;
1278 967 43 38 p.
1349 954 218 43 353-360.

401 1012 347 42 “References”;
809 1023 45 38 p.
882 1010 219 43 365-367.

330 1073 52 53 ©
422 1077 128 48 Sept.
583 1076 70 50 30',
690 1075 140 48 1935;
869 1076 68 40 2c.
976 1077 102 40 Oct.
1115 1076 83 47 14;
1239 1076 81 40 aff.
1358 1076 102 41 Oct.
1498 1076 82 47 16;
1620 1077 40 39 A
1697 1077 169 47 87747;
1908 1078 210 47 Regents
2155 1078 54 40 of
2245 1078 82 41 the

401 1134 138 41 Univ.
567 1134 53 40 of
643 1133 286 48 California,
956 1133 251 48 Berkeley,
1234 1132 144 41 Calif.
1450 1131 279 52 (35-19665)

353 1224 1103 78 [Marshak, Ī l' i͡a I͡A kovlev ï ch] 1895-
399 1313 135 53 Men
568 1312 112 53 and
712 1312 351 67 mountains;
1099 1312 178 54 man’s
1312 1313 219 67 victory
1564 1331 132 36 over
1731 1319 219 60 nature,
1986 1313 74 68 by
2094 1312 80 54 M.
2212 1311 115 54 Hin

357 1389 1971 70 [ pseud.] translated by Beatrice Kinkead; with 6 illustrations
329 1468 62 52 in
431 1467 152 54 color
624 1467 113 54 and
780 1470 98 48 116
917 1468 60 52 in
1021 1467 94 54 the
1155 1471 121 49 text
1316 1467 72 69 by
1430 1466 68 55 N.
1542 1467 271 68 Lapshin.
1906 1467 421 70 Philadelphia,

329 1544 257 69 London,
612 1544 56 55 J.
696 1545 67 55 B.
791 1542 336 71 Lippincott
1153 1562 294 51 company,
1476 1547 148 49 1935.

401 1618 100 48 329,
538 1620 54 48 [1]
625 1630 43 36 p.
727 1620 85 38 col.
845 1618 164 48 front.,
1040 1619 129 39 illus.
1198 1618 133 48 (inch
1361 1620 162 47 maps)
1563 1620 86 39 col.
1682 1621 171 47 plates,
1886 1621 179 46 diagrs.
2127 1620 55 39 21
2186 1623 44 20 cm
2234 1651 10 9 .

404 1676 142 47 Maps
570 1685 61 31 on
658 1675 362 49 lining-papers.

401 1732 165 41 “First
592 1731 227 41 edition.”

331 1790 54 53 ©
415 1795 127 47 Sept.
574 1795 69 48 25,
675 1795 113 40 1935;
847 1794 66 41 2c.
945 1796 94 38 and
1071 1794 81 41 aff.
1184 1795 102 40 Oct.
1316 1796 27 37 4;
1404 1796 40 37 A
1472 1794 144 40 87464;
1676 1795 43 40 J.
1752 1796 53 39 B.
1837 1794 281 50 Lippincott
2146 1805 67 30 co.

414 1850 280 49 (35-19807)

331 1954 330 65 Maryland.
735 1957 184 64 Laws,
946 1961 258 60 statutes,
1233 1963 100 45 etc.

403 2032 166 52 Laws
617 2030 64 54 of
725 2032 309 68 Maryland
1080 2031 247 70 relating
1373 2038 57 47 to
1475 2032 255 54 business
1776 2032 407 68 corporations,
332 2051 1968 125 annotated,

616 2109 140 53 with
791 2109 290 54 schedules
1116 2109 64 54 of
1214 2108 393 68 organization
1644 2111 110 52 and
1792 2111 211 53 annual
2039 2109 283 56 franchise

332 2191 158 49 taxes
515 2190 113 52 and
651 2187 250 53 skeleton
927 2186 196 55 forms.
1188 2189 131 52 11th
1343 2189 103 67 ed.,
1473 2192 149 49 1935.
1685 2188 211 53 Edited
1921 2188 74 67 by
2018 2188 305 66 McKenny

331 2264 88 55 W.
445 2266 273 67 Egerton,
741 2265 63 53 of
825 2267 95 53 the
943 2264 316 55 Baltimore
1280 2266 118 52 bar.
1457 2266 200 53 Issued
1679 2266 110 52 and
1814 2265 301 67 published
2136 2266 74 67 by
2232 2266 93 51 the

337 2341 161 56 State
542 2350 99 46 tax
684 2341 357 55 commission
1085 2344 64 52 of
1190 2344 310 67 Maryland
1548 2389 56 9 …
1689 2342 315 54 Baltimore
2052 2343 270 67 [Century

333 2420 263 69 printing
623 2439 98 49 co.,
749 2428 19 22 c
773 2425 150 64 1935]

404 2494 65 49 ix,
500 2493 85 42 195
616 2503 43 39 p.
718 2493 56 41 23
777 2496 44 22 cm
827 2525 10 10 .

334 2553 54 53 ©
415 2557 102 41 Oct.
546 2557 68 47 16,
644 2557 113 40 1935;
815 2557 65 40 2c.
909 2558 98 38 and
1033 2556 82 40 aff.
1146 2557 101 40 Oct.
1277 2557 81 41 17;
1389 2556 41 38 A
1458 2555 170 47 86828;
1663 2555 135 41 State
1828 2558 85 37 tax
1942 2553 306 41 commission
2276 2553 52 41 of

403 2615 274 47 Maryland,
707 2614 281 40 Baltimore.
1062 2612 280 49 (35-28319)

359 2717 496 54 Massachusetts.
929 2720 183 63 Laws,
1140 2721 257 63 statutes,
1426 2723 100 46 etc.

403 2796 333 52 Annotated
767 2796 137 52 laws
937 2795 62 52 of
1032 2795 457 52 Massachusetts.
1561 2797 133 49 1935
1728 2792 342 54 cumulative
334 2790 1967 149 supplement,

541 2873 332 67 containing
908 2873 77 52 all
1020 2875 97 50 the
1150 2873 229 67 general
1413 2875 136 51 laws
1584 2872 62 51 of
1684 2874 151 64 1933,
1874 2874 136 49 1934
2043 2872 112 51 and
2193 2874 129 49 1935

336 2952 337 67 completely
707 2952 307 52 annotated
1045 2952 73 65 by
1148 2952 96 50 the
1276 2950 265 53 editorial
1574 2947 160 55 staffs
1767 2950 63 52 of
1862 2950 95 51 the
1988 2949 333 68 publishers,

336 3031 251 53 volumes
627 3032 136 49 1-10
802 3072 55 9 …
934 3028 481 67 Charlottesville,
1452 3029 124 66 Va.,
1612 3030 121 51 The
1768 3027 212 53 Michie
2017 3044 302 51 company;

336 3108 323 65 Rochester,
701 3108 68 52 N.
813 3109 88 65 Y.,
944 3108 119 50 The
1103 3109 266 64 Lawyers
1411 3106 356 67 cooperative
1808 3105 334 68 publishing
337 3122 1962 131 company
526 3220 12 32 [
543 3193 18 21 c
567 3189 150 63 1935]

464 3245 243 53 10 v. 23 cm .
406 3316 154 38 These
591 3315 272 47 pamphlets
894 3324 82 29 are
1008 3316 48 37 to
1086 3314 56 38 be
1173 3312 138 40 fitted
1342 3312 102 41 into
1476 3314 84 38 the
1588 3312 196 49 pockets
1817 3314 51 37 at
1900 3313 84 38 the
2013 3311 124 40 back
2165 3310 53 40 of
2245 3311 77 39 the

336 3372 215 39 volumes
578 3371 52 38 of
656 3372 80 38 the
763 3372 72 38 set
863 3372 46 39 to
938 3369 157 40 which
1122 3370 113 47 they
1262 3369 183 47 belong.

338 3430 52 52 ©
426 3434 99 39 Oct.
564 3433 70 48 30,
672 3432 113 40 1935;
850 3431 66 40 2c.
954 3433 119 38 each
1110 3432 117 39 Nov.
1265 3431 26 38 2;
1359 3432 39 37 A
1436 3431 142 40 88087;
1645 3430 180 40 Michie
1860 3441 66 29 co.
1965 3431 95 38 and
2099 3430 222 45 Lawyers

408 3489 320 49 co-operative
759 3489 108 47 pub.
900 3499 66 29 co.

338 3592 245 62 Mateer,
614 3591 294 64 Florence,
944 3596 170 49 1887-

405 3666 219 55 Glands
665 3667 113 52 and
816 3666 232 53 efficient
1084 3664 287 69 behavior,
1408 3665 75 68 by
1520 3666 272 51 Florence
1825 3664 220 52 Mateer
2086 3705 55 10 …
2185 3658 132 56 with

337 3763 72 34 an
433 3744 389 53 introduction
844 3743 75 68 by
945 3744 139 52 Max
1109 3743 72 54 A.
1207 3741 341 56 Goldzieher
1580 3784 55 11 …
1700 3742 139 52 New
1867 3740 178 68 York,
2070 3740 249 63 London,

335 3822 70 50 D.
435 3819 578 68 Appleton-Century
1040 3837 296 50 company,
1364 3818 416 67 incorporated,
1812 3821 148 49 1935.

408 3892 713 49 xxiv p., 1 l., 243 p. 20½ cm .
339 3951 52 53 ©
427 3956 100 39 Oct.
560 3958 41 44 4,
635 3956 113 40 1935;
811 3955 66 40 2c.
912 3956 101 39 Oct.
1048 3957 51 45 7;
1137 3955 81 40 aff.
1255 3955 101 40 Oct.
1391 3955 52 45 8;
1480 3956 39 37 A
1553 3953 168 47 86619;
1760 3955 56 38 D.
1852 3951 466 49 Appleton-Century

407 4022 82 34 co.,
511 4011 93 40 inc.
678 4011 278 45 (35-19853)
