2424 4375
1278 4081 101 49 344

339 454 235 67 Wilder,
602 454 304 56 Thornton
932 455 213 67 Niven,
1175 460 171 53 1897-

402 532 1864 68 Heaven’s my destination, by Thornton Niven Wilder …
334 609 258 67 London,
622 609 141 54 New
795 610 163 53 York
1012 616 120 61 [etc.]
1168 610 346 67 Longmans,
1545 610 185 56 Green
1763 612 111 52 and
1907 629 80 34 co.
2043 614 152 63 [1934]

401 694 82 50 vii,
515 696 71 50 [1],
614 695 99 49 244,
761 695 42 51 [2]
832 707 43 38 p.
936 695 56 42 19½
1025 698 43 21 cm
1072 727 10 10 .

331 764 1995 53 © 1c. Dec. 4, 1934; A ad int. 19675; pubd. Dec. 3; Harper & bros., New
399 826 144 39 York.
615 824 251 49 (35-4227)

329 927 398 67 Wilwerding,
755 927 224 57 Walter
1004 930 240 65 Joseph,
1274 934 169 50 1891-

400 1020 265 66 Jangwa,
705 1020 98 54 the
841 1024 158 63 story
1038 1020 64 53 of
1144 1039 33 34 a
1217 1019 199 68 jungle
1457 1020 214 66 prince,
1711 1021 74 64 by
1825 1021 222 54 Walter
2086 1021 57 54 J.
333 1021 1968 143 Wilwerding;
656 1098 381 53 illustrations
1076 1097 76 66 by
1188 1098 97 53 the
1324 1097 223 54 author.
1618 1097 141 53 New
1797 1097 180 65 York,
2015 1098 121 52 The
329 1098 1975 129 Macmillan
562 1191 298 51 company,
891 1177 152 51 1935.

398 1261 72 40 xii
495 1273 59 38 p.,
583 1261 25 40 1
655 1293 24 16 l.,
705 1260 86 41 271
818 1272 44 38 p.
888 1260 111 41 incl.
1025 1260 165 48 front.,
1218 1259 129 42 illus.
1407 1260 56 41 19½
1495 1262 46 22 cm
1544 1293 8 8 .

398 1332 289 41 Illustrated
724 1331 361 50 lining-papers.

331 1400 1727 53 © Mar. 26, 1935; 2c. and aff. Mar. 27; A 82203; Macmillan co.
410 1460 250 50 (35-4329)

328 1563 231 65 Woods,
589 1564 255 53 Edward
872 1563 255 65 Sydney,
1193 1582 56 48 bp.
1280 1563 63 66 of
1372 1564 287 66 Croydon,
1689 1561 171 56 1877-

398 1638 1924 69 What is this Christianity? By Edward S. Woods … New
335 1717 159 53 York
518 1718 113 52 and
656 1717 257 68 London,
940 1717 233 67 Harper
1198 1719 46 50 &
1269 1715 276 69 brothers,
1575 1719 152 50 1935.

401 1805 51 40 xi
480 1816 57 38 p.,
566 1806 25 39 1
641 1837 23 17 l.,
691 1805 87 39 214
803 1815 43 37 p.
907 1805 57 40 19½
994 1807 44 21 cm
1042 1836 9 8 .

405 1875 172 48 Sequel
607 1877 50 39 to
688 1875 177 41 “What
891 1875 42 41 is
964 1875 101 43 God
1096 1874 125 41 like”
1251 1876 62 47 by
1341 1875 51 40 F.
1422 1876 53 40 T.
1505 1875 190 45 Woods,
1726 1873 172 50 bishop
1927 1874 52 40 of
2008 1874 315 42 Winchester.

335 1932 61 49 of.
437 1932 130 40 Pref.

403 1988 162 41 “First
597 1988 227 41 edition.”

330 2055 1884 53 © Feb. 14, 1935; 2c. Feb. 14; aff. Feb. 16; A 80470; Harper & bros.
409 2115 250 49 (35-4352)

336 2219 294 67 [Wulling,
659 2221 289 52 Emerson
975 2219 209 68 Gissel]
1221 2226 170 49 1903-
1602 2221 108 53 ed.

409 2296 197 54 White
645 2314 204 36 crows:
889 2314 148 36 some
1075 2300 158 50 notes
1274 2314 70 34 on
1386 2295 188 55 Silver
1614 2293 179 71 ridge,
1834 2294 317 55 Christmas
2191 2294 138 53 lake.

345 2373 207 69 [Silver
578 2374 180 68 ridge]
794 2377 148 50 1934.

398 2460 57 39 45
481 2470 44 38 p.
585 2461 129 40 illus.
773 2460 58 40 18½
861 2463 43 21 cm
909 2493 9 9 .

407 2531 288 40 Illustrated
722 2532 98 47 t.-p.

402 2587 130 40 “The
569 2588 167 40 verbal
773 2588 96 40 and
907 2588 202 48 graphic
1146 2590 137 38 notes
1324 2589 114 38 here
1476 2589 234 46 gathered
1748 2588 195 40 contain
1982 2598 129 30 some
2149 2588 50 40 of
2239 2588 81 40 the

331 2654 147 38 many
503 2644 131 40 facts
660 2644 52 40 of
739 2645 202 40 interest
965 2647 49 38 to
1043 2645 221 39 dwellers
1292 2654 60 29 on
1381 2644 158 41 Silver
1563 2645 148 48 ridge,
1738 2644 272 41 Christmas
2039 2645 122 39 lake.
2222 2645 100 40 The

333 2701 123 39 book
491 2701 89 39 has
615 2701 118 39 been
770 2701 209 47 written,
1018 2701 233 46 pictured,
1290 2702 95 37 and
1423 2701 193 46 printed
1651 2711 60 28 on
1748 2702 82 38 the
1868 2702 147 46 ridge,
2054 2703 93 38 and
2188 2702 133 39 there

332 2767 85 30 are
446 2756 88 40 100
562 2756 172 48 copies,
767 2757 192 47 printed
989 2757 61 46 by
1083 2757 233 39 Emerson
1346 2756 52 40 G.
1430 2755 215 49 Wulling
1675 2767 61 29 on
1768 2758 81 39 the
1882 2767 134 37 press
2046 2756 161 41 beside
2240 2758 80 39 the

331 2823 205 30 sumacs.
595 2814 103 40 The
730 2815 114 46 type
874 2814 42 39 is
949 2813 215 47 linotype
1198 2812 219 47 Granjon
1450 2813 120 39 with
1605 2813 232 47 headings
1870 2814 50 38 in
1952 2814 157 40 Bruce
2139 2814 181 46 Rogers

330 2869 244 41 centaur.”

329 2940 53 53 ©
416 2944 101 41 Oct.
551 2944 41 47 2,
628 2943 140 47 1934;
803 2943 67 40 2c.
905 2942 102 41 Oct.
1042 2943 52 46 5;
1132 2943 81 38 aff.
1251 2942 101 40 Oct.
1386 2943 54 45 4;
1478 2942 41 38 A
1553 2942 170 47 75675;
1761 2944 51 37 E.
1851 2941 51 41 G.
1938 2942 227 47 Wulling,
396 2940 1907 109 Minneapolis,.
698 3000 250 48 (35-4385)

330 3099 1990 70 The … year book of general therapeutics [1934] Edited by
397 3177 1897 150 Bernard Fantus … Chicago, The Year book publishers, incorporated [ c 1935]
395 3346 86 39 462
510 3356 42 37 p.
611 3345 142 47 illus.,
784 3344 176 48 diagrs.
1019 3344 55 40 18½
1107 3346 44 20 cm
1156 3374 9 9 .

329 3413 53 53 ©
409 3418 121 38 Mar.
559 3415 69 48 22,
656 3415 140 47 1935;
827 3416 64 39 2c.
922 3416 120 39 Mar.
1071 3414 82 47 27;
1184 3414 81 40 aff.
1299 3415 121 38 Mar.
1449 3413 82 46 25;
1564 3413 42 39 A
1632 3411 170 47 82190;
1835 3412 130 40 Year
1991 3412 123 38 book
2143 3411 173 47 pubrs.,

398 3472 90 41 inc.

331 3568 1983 150 The … year book of obstetrics and gynecology [1934] Obstetrics, edited by Joseph B. DeLee … Gynecology, edited
402 3724 1913 73 by J. P. Greenhill … Chicago, The Year book publishers,
395 3806 401 67 incorporated
837 3810 189 62 [c1935]

401 3891 946 51 1 p. l., 717 p. illus., diagrs. 18½ cm .
334 3959 53 53 ©
422 3963 109 39 Feb.
569 3962 68 46 14,
674 3961 139 47 1935;
851 3961 65 40 2c.
954 3962 118 38 Mar.
1111 3962 52 45 8;
1202 3960 82 39 aff.
1322 3961 121 37 Mar.
1477 3957 83 47 29;
1599 3959 41 38 A
1675 3956 169 48 82219;
1885 3957 127 38 Year
2047 3956 122 39 book
401 3954 1897 114 publishers,
620 4018 91 42 inc.
