2424 4375
1258 4064 100 51 336

304 452 239 67 Lersch,
570 452 302 67 Heinrich,
902 459 172 50 1889-

438 531 1861 69 … Mut und ubermut, geschichten. Stuttgart, Berlin,
305 608 286 54 Deutsche
640 609 466 68 verlags-anstalt
1160 642 14 35 [
1177 614 20 23 c
1202 611 152 66 1934]

377 695 97 47 270,
507 697 56 48 [1]
595 706 42 37 p.
695 694 59 41 20
754 696 45 21 cm
801 723 9 9 .

307 762 1978 109 © Nov. 12, 1934; 1c. Feb. 19, 1935 ; A-Foreign 20959; Deutsche verlags-anstalt. (35-4440)
303 925 170 64 Linn,
503 927 204 53 James
734 926 228 66 Weber,
994 929 172 54 1876-

308 1003 1973 148 A foreword to fiction, by James Weber Linn … and Houghton Wells Taylor …
307 1080 1972 144 New York, London, D. Appleton-Century company, incorporated [ c 1935]
380 1234 80 47 vii,
490 1234 86 40 202
604 1244 42 37 p.
706 1233 56 41 23½
795 1236 45 21 cm
844 1266 8 9 .

381 1303 250 48 “Reading
655 1302 142 42 list”:
827 1314 41 38 p.
897 1302 217 42 191-194.
1176 1303 151 41 “Note
1354 1314 60 29 on
1442 1303 267 47 secondary
1736 1300 250 43 sources”;
2017 1313 42 38 p.
2088 1299 214 44 195-190.

308 1370 52 53 ©
390 1375 120 39 Mar.
542 1374 70 48 18,
642 1374 113 40 1936
774 1385 9 36 ;
815 1373 66 41 2c.
912 1375 122 38 Mar.
1064 1374 82 47 20;
1179 1374 83 40 aff.
1295 1376 120 38 Mar.
1447 1373 83 48 21;
1564 1374 43 39 A
1635 1374 169 47 81118;
1840 1375 56 39 D.
378 1373 1909 106 Appleton-Century

520 1442 83 38 co.,
631 1432 91 39 inc.
792 1430 249 50 (35-4391)

308 1532 336 55 Louisiana.
718 1536 183 66 Laws,
929 1540 255 62 statutes,
1216 1540 99 48 etc.

309 1610 1969 146 … Combined general indexes and tables, Louisiana constitution,
485 1689 1757 68 codes and statutes. Edited by Benjamin Wall Dart …
313 1767 1991 69 annotated by George A. Wilson … assisted by the publisher’s
311 1843 266 54 editorial
615 1841 149 56 staff.
849 1847 156 64 [1934
1044 1843 345 55 cumulative
1431 1849 211 50 annual
1683 1846 202 68 pocket
1926 1848 375 66 supplement.

306 1921 416 68 Indianapolis]
760 1923 120 53 The
913 1923 443 53 Bobbs-Merrill
1390 1941 297 51 company,
1720 1931 18 22 c
1742 1927 151 49 1935.

380 1995 549 48 1 p, l. , 126 p. 25½ cm .
379 2067 117 38 This
521 2066 247 48 pamphlet
791 2065 41 40 is
857 2068 47 38 to
929 2066 56 39 be
1011 2065 138 40 fitted
1175 2066 101 39 into
1302 2066 81 39 the
1408 2066 174 48 pocket
1605 2068 55 38 at
1682 2066 80 40 the
1787 2066 121 39 back
1932 2066 53 40 of
2012 2067 79 40 the
2117 2067 188 42 volume

308 2123 52 39 of
385 2124 83 39 the
490 2124 79 38 set
592 2125 48 38 to
669 2121 158 41 which
853 2123 41 39 it
917 2123 209 47 belongs.

310 2189 52 53 ©
392 2194 110 39 Feb.
531 2192 41 49 9,
599 2193 141 47 1935;
770 2193 67 40 2c.
868 2193 109 40 Feb.
1005 2192 83 48 27;
1118 2192 83 41 aff.
1231 2193 108 40 Feb.
1371 2193 83 47 28;
1485 2193 44 42 A
1555 2192 170 48 79842;
1758 2193 367 40 Bobbs-Merrill
2156 2204 52 29 co.

306 2312 289 63 Mabbott,
623 2314 138 51 Mrs.
793 2313 282 52 Maureen
1106 2311 220 66 (Cobb)

382 2389 260 55 Crooked
666 2407 163 50 rows,
850 2389 76 68 by
950 2388 274 54 Maureen
1253 2388 157 55 Cobb
1436 2389 281 53 Mabbott.
1793 2389 222 53 Yellow
2045 2387 262 70 Springs,

310 2467 86 66 O.,
425 2467 123 53 The
573 2465 252 54 Antioch
851 2484 174 50 press,
1055 2469 151 51 1934.

381 2540 57 40 23
467 2550 44 38 p.
569 2538 57 41 24
629 2541 44 21 cm
678 2571 8 9 .

383 2597 184 39 Poems.

381 2651 232 42 Author’s
644 2652 274 48 autograph
948 2662 61 31 on
1040 2653 98 47 t.-p.

312 2717 52 52 ©
389 2722 116 46 July
531 2721 39 47 1,
596 2721 114 39 1934
729 2732 8 35 ;
764 2720 66 40 2c.
858 2722 95 38 and
979 2721 81 39 aff.
1089 2721 109 38 Feb.
1227 2722 68 45 11,
1322 2720 113 40 1985
1454 2731 9 36 ;
1492 2721 42 38 A
1560 2720 168 47 79696;
1759 2723 62 37 M.
1850 2721 49 40 0.
1929 2722 231 47 Mabbott,
2189 2722 116 38 New

380 2778 144 39 York.
595 2775 252 50 (35-4392)

310 2878 332 66 McDowell,
673 2880 220 53 Robert
924 2879 280 65 Harbold,
1238 2885 171 48 1894-

384 2955 275 68 Stamped
690 2957 112 51 and
835 2956 279 53 inscribed
1147 2956 212 67 objects
1391 2956 155 53 from
1579 2957 254 55 Seleucia
1865 2975 72 34 on
1966 2956 99 53 the
2092 2954 210 70 Tigris,

312 3033 1990 68 by Robert Harbold McDowell … Ann Arbor, University of
310 3111 296 67 Michigan
634 3129 174 49 press,
840 3114 148 50 1935.

310 3181 1976 107 xvii, 272 p., 1 l. illus., VI pl. 28 cm . (Half-title: University of Michigan
431 3240 197 40 studies.
686 3239 313 42 Humanistic
1026 3240 162 39 series,
1245 3240 91 40 vol.
1363 3242 181 47 xxxvi)

379 3310 171 39 Thesis
587 3311 106 47 (PH.
752 3340 7 8 D.
773 3308 367 49 )—University
1167 3309 56 40 of
1249 3309 259 48 Michigan,
1538 3308 127 41 1933.

378 3367 220 39 Without
628 3366 151 40 thesis
806 3368 126 38 note.

380 3422 375 49 Bibliography:
787 3433 43 37 p.
857 3422 210 40 xv-xvii.

313 3488 52 52 ©
391 3492 110 39 Feb.
529 3491 68 48 21,
626 3490 139 48 1935;
794 3491 67 40 2c.
888 3493 96 38 and
1013 3491 79 39 aff.
1123 3492 120 39 Mar.
1272 3491 82 47 11;
1383 3492 40 38 A
1452 3491 169 47 80881;
1654 3489 281 49 University
1963 3490 53 41 of
2045 3487 256 49 Michigan,

381 3548 107 39 Ann
516 3548 168 39 Arbor.
755 3547 278 48 (35-27724)

312 3651 319 62 McKenna,
657 3652 139 53 Mrs.
823 3651 129 51 Mar
958 3649 101 53 the
1091 3649 357 66 (Cnokaert)

384 3721 1914 65 A spy was born, by Marthe McKenna … London, Jarrolds,
312 3800 237 68 limited,
577 3804 133 48 1935.

386 3872 84 39 viii
497 3883 55 36 p.,
579 3874 23 37 1
661 3902 8 14 l.,
697 3871 172 41 11-255
894 3882 42 38 p.
996 3871 56 40 22
1055 3875 45 21 cm
1104 3904 9 9 .

313 3938 1989 54 © 1c. Feb. 19, 1935; A ad int. 19964; pubd. Jan. 15; Robert M. McBride
383 3999 35 40 &
445 4011 82 36 co.,
553 4001 117 39 New
696 4000 144 40 York.
909 3999 248 48 (35-4208)
