2424 4375
1014 4023 129 53 1707

177 498 64 27 xx
269 497 56 37 p.,
354 487 25 37 1
426 518 22 14 l.,
475 484 86 41 398
586 497 41 36 p.
689 485 163 45 front.,
877 488 169 46 plates,
1075 489 147 44 ports.
1282 485 56 41 20½
1370 490 43 20 cm
1419 519 9 8 .

107 539 53 51 ©
295 574 8 7 Nov.
331 543 69 45 26,
430 542 112 39 1935;
598 541 66 40 2c.
695 544 93 37 and
815 542 78 39 aff.
969 551 71 30 Nov.
1069 544 82 44 27;
1181 544 40 37 A
1250 543 170 46 89638;
1452 544 283 38 Macmillan
1761 553 67 30 co.

171 597 279 50 (35-31920)

111 674 251 66 [Morris,
395 674 246 54 Charles
669 674 223 53 Dexter]
948 678 169 50 1883-

176 750 1923 70 Land of the Whatsit … adventures of Billy and Betty, by
111 830 154 66 Billy
303 829 112 53 and
455 830 172 66 Betty
663 829 196 53 White
916 830 193 65 [pseud.]
1206 829 392 52 Illustrations
1633 829 74 68 by
1743 829 106 53 Joe
1888 831 212 65 Banks,

107 908 308 52 cartoonist
459 907 64 52 of
566 907 94 52 the
705 906 267 55 Whatsit.
1050 908 174 54 Verse
1264 908 74 66 by
1382 908 94 54 the
1518 907 255 55 Whatsit
1811 907 134 54 staff
1988 910 111 52 and

107 983 1857 71 their friends. New York, The Macaulay company [ c 1935]
174 1059 83 40 333
290 1070 42 37 p.
393 1059 126 40 illus.
580 1058 56 40 20
639 1062 15 20 cm
688 1092 8 7 .

107 1111 53 52 ©
196 1116 116 39 Nov.
352 1116 68 47 12,
459 1114 116 41 1935;
639 1116 66 39 2c.
745 1117 94 38 and
877 1115 82 40 aff.
998 1116 117 39 Nov.
1154 1115 82 47 22;
1278 1117 39 37 A
1352 1115 170 48 89591;
1565 1116 49 41 C.
1653 1118 58 39 D.
1750 1115 192 50 Morris,
1980 1118 119 40 New

174 1172 143 40 York.
388 1172 279 47 (35-32774)

104 1248 268 63 Morrow,
402 1247 246 54 Donald.

173 1325 205 53 Where
415 1324 387 67 Shakespeare
835 1324 189 65 stood;
1060 1325 90 54 his
1183 1331 133 61 part
1347 1324 61 55 in
1439 1326 96 53 the
1570 1324 211 54 crucial
1813 1326 284 67 struggles

104 1404 62 52 of
193 1403 88 54 his
308 1403 128 65 day,
462 1403 73 66 by
561 1402 229 53 Donald
818 1404 278 65 Morrow;
1126 1402 140 52 with
1293 1421 73 34 an
1393 1403 390 55 introduction
1809 1403 76 68 by
105 1402 1968 132 Granville
273 1480 197 54 Hicks.
546 1479 358 68 Milwaukee,
939 1481 120 52 The
1097 1481 295 54 Casanova
1426 1500 175 49 press,
1638 1484 151 51 1935.

171 1552 56 41 89
256 1562 41 37 p.
359 1551 55 40 19½
448 1555 14 20 cm
496 1584 8 9 .

170 1608 168 47 Essay.

103 1662 51 53 ©
183 1667 99 40 Oct.
311 1665 69 48 28,
409 1665 140 42 1935;
578 1666 68 40 2c.
672 1666 100 40 Oct.
800 1667 82 44 31;
912 1664 82 42 aff.
1023 1667 117 39 Nov.
1169 1667 83 45 15;
1282 1667 42 38 A
1350 1666 170 48 88242;
1553 1667 253 41 Casanova
1836 1678 151 38 press.

170 1723 278 49 (35-32227)

102 1801 200 62 Munn,
333 1799 184 53 Glenn
548 1798 336 65 Gaywaine.

173 1873 1860 72 Encyclopedia of banking and finance, by Glenn G. Munn …
104 1957 218 50 volume
353 1960 43 47 1.
458 1956 139 51 New
625 1954 179 67 York,
829 1954 118 54 The
975 1954 257 54 Bankers
1257 1954 335 68 publishing
1618 1972 297 51 company,
1945 1959 148 50 1935.

174 2028 98 46 viii,
304 2029 84 39 784
418 2038 44 37 p.
521 2028 142 46 illus.,
695 2027 178 48 diagrs.
933 2027 55 38 25½
1021 2029 43 20 cm
1070 2059 9 8 .

173 2080 1844 50 “First edition, published 1924 … Fourth edition, revised … 1935.”
172 2138 223 41 Includes
422 2138 392 48 bibliographies.

101 2194 51 53 ©
178 2198 99 40 Oct.
304 2198 67 43 18,
398 2197 140 43 1935;
563 2197 67 41 2c.
655 2198 118 40 Nov.
799 2198 80 40 25:
908 2197 81 40 aff.
1016 2198 118 39 Nov.
1156 2197 54 39 22:
1266 2199 41 37 A
1332 2196 169 48 89601;
1531 2198 221 40 Bankers
1779 2198 107 48 pub.
1914 2208 68 30 co.

168 2255 278 47 (35-32746)

102 2328 244 65 Newlin,
378 2330 119 53 Ora
525 2328 189 63 Allen,
749 2330 170 53 1875-

168 2408 118 52 The
318 2407 246 53 Hoosier
592 2425 127 50 pen,
746 2407 76 68 by
849 2405 72 56 O.
951 2406 173 54 Allen
1156 2406 241 54 Newlin.
1466 2405 246 55 Winona
1745 2407 170 67 Lake,
1948 2407 147 66 Ind.,

99 2485 153 53 Park
284 2484 333 69 publishing
647 2501 279 51 company
960 2517 14 35 [
976 2490 20 22 c
1001 2486 152 65 1935]

164 2570 45 36 x,
240 2558 86 41 190
349 2568 45 38 p.
453 2557 145 43 18½cm.

163 2616 181 40 Poems.

100 2668 51 53 ©
180 2673 117 39 Nov.
327 2672 70 48 22,
429 2671 139 47 1935;
597 2671 68 40 2c.
697 2672 96 39 and
823 2669 81 41 aff.
936 2671 118 40 Nov.
1084 2670 83 47 25;
1201 2672 40 37 A
1273 2670 170 47 89576;
1478 2670 52 41 O.
1563 2671 54 39 A.
1650 2669 202 48 Newlin,
1886 2669 204 41 Winona

171 2730 144 41 Lake,
341 2730 103 37 Ind.
515 2728 280 47 (35-32798)

102 2802 263 65 O’Brien,
392 2803 154 54 John
574 2804 75 63 S.,
680 2807 170 50 1898-

102 2877 1989 150 Valiant, dog of the timberline, by Jack O’Brien … illustrations by Kurt Wiese. Philadelphia, Chicago [etc.] The John C.
100 3036 797 69 Winston company [ c 1935]
169 3123 45 32 x,
238 3111 88 41 218
349 3122 43 37 p.
416 3111 110 40 incl.
551 3110 144 47 illus.,
720 3112 156 47 plates.
945 3111 85 39 col.
1057 3109 165 48 front.,
1248 3112 85 37 col.
1361 3110 172 49 plates.
1589 3108 55 40 22
1647 3111 44 21 cm
1696 3140 9 9 .

171 3168 285 40 Illustrated
486 3166 362 49 lining-papers.

97 3220 51 52 ©
176 3225 116 39 Nov.
322 3225 40 46 1,
391 3224 139 41 1935;
562 3224 67 39 2c.
659 3224 119 39 Nov.
806 3225 80 44 14;
918 3223 83 40 aff.
1031 3224 112 39 Dec.
1172 3224 25 38 3:
1257 3224 40 37 A
1324 3223 143 40 88488:
1527 3223 127 39 John
1687 3222 50 41 C.
1767 3222 222 39 Winston
2020 3233 68 30 co.

171 3281 278 48 (35-32204)

101 3355 232 64 Patton,
362 3356 230 55 Harris.

97 3429 1967 149 Young eagles, by Harris Patton … Chicago, The Goldsmith publishing company [ c 1932]
168 3585 24 39 3
218 3595 41 37 p.
307 3616 22 11 l.,
355 3584 169 40 11-123
551 3595 44 37 p.
649 3583 55 40 19½
736 3586 43 21 cm
785 3616 9 8 .
860 3582 114 50 (His
1001 3584 170 46 Young
1197 3584 160 47 eagles
1381 3582 178 46 series)

99 3636 51 52 ©
179 3641 100 40 Oct.
307 3643 38 40 1.
375 3640 140 47 1932;
546 3640 64 41 2c.
643 3642 93 38 and
767 3641 82 40 aff.
880 3642 112 46 May
1022 3642 69 39 11.
1122 3640 141 41 1935;
1297 3641 40 38 A
1366 3638 171 48 81749;
1572 3638 272 40 Goldsmith
1875 3640 108 46 pub.
2016 3648 68 32 co.

165 3697 276 48 (35-32200)

102 3769 279 65 Quindry,
412 3772 302 63 Sylvester
745 3773 257 62 Eugene,
1036 3778 170 48 1880-

97 3844 1985 144 Bonds & bondholders, rights & remedies, with forms, by Silvester E. Quindry … including rights and remedies of foreign
