2424 4375
0 0 0 0 1019
186 439 396 64 Brewington,
613 439 154 56 Ann.

251 529 120 53 The
397 527 172 53 social
596 531 233 64 concept
854 527 63 52 of
942 546 229 49 money;
1204 547 30 32 a
1263 527 422 68 bibliography,
1713 527 72 67 by
1815 527 131 51 Arm
182 529 1958 145 Brewington

183 602 1955 149 … and Verona B. Knisely … Chicago, Ill., The University
422 681 64 54 of
517 682 249 69 Chicago
795 701 154 49 press
985 685 171 64 [1935]

253 769 27 39 4
318 779 43 38 p.
436 799 9 17 l.,
484 767 161 49 v-viii,
684 768 85 40 107
806 780 41 37 p.
886 769 110 40 incl.
1036 769 162 39 front.,
1238 769 170 48 plates,
1449 768 177 49 cliagrs.
1687 768 54 40 21
1744 771 44 21 cm
1794 799 8 9 .
1872 769 297 46 (Half-title:

185 825 251 40 Materials
463 826 80 39 for
571 825 80 40 the
677 826 147 47 study
849 826 51 39 of
928 825 245 48 business)

253 895 125 41 Text
409 895 500 48 photolithographed.

254 950 252 42 Classified
534 953 95 39 and
656 954 277 45 annotated,
962 952 118 40 with
1109 952 177 41 author
1313 952 158 41 index.

256 1008 270 48 “Prepared
561 1008 50 39 in
643 1008 279 40 connection
956 1008 118 41 with
1109 1009 81 40 the
1225 1007 132 42 third
1392 1009 282 41 conference
1709 1021 60 29 on
1804 1009 221 42 business
184 1013 1966 92 education
380 1065 53 39 of
472 1065 80 39 the
592 1065 171 40 School
799 1065 53 40 of
887 1064 234 47 business,
1161 1066 80 39 the
1281 1063 278 50 University
1597 1067 52 39 of
1686 1065 224 51 Chicago.
1948 1069 126 39 June
2113 1070 52 40 27

183 1122 95 39 and
305 1120 70 49 28,
404 1119 350 43 1935.”—Pref.

184 1188 51 52 ©
262 1193 128 39 June
414 1192 68 47 25,
512 1191 113 41 1935
644 1203 8 30 :
681 1191 68 40 2c.
779 1193 96 38 and
902 1191 81 40 aff.
1014 1192 125 39 June
1168 1192 81 47 28;
1280 1193 40 38 A
1348 1192 169 46 84439;
1551 1193 282 50 University
1863 1196 52 39 of
1945 1195 223 49 Chicago,

248 1248 220 48 Chicago.
543 1249 278 47 (35-11451)

186 1351 234 64 Bridge,
449 1352 153 56 Ann.

252 1441 1895 70 Illyrian spring, by Ann Bridge … Boston, Little. Brown
185 1519 111 53 and
327 1537 293 51 company,
652 1523 149 50 1935.

253 1603 26 40 5
309 1616 41 36 p.
417 1637 9 14 l.,
459 1605 143 40 3-384
635 1616 41 37 p.
736 1605 55 39 20
793 1607 45 22 cm
843 1636 9 7 .

253 1675 102 39 “An
385 1676 216 40 Atlantic
632 1676 218 48 monthly
882 1686 133 38 press
1048 1676 163 40 book."

185 1746 51 52 ©
266 1750 117 47 Aug.
414 1749 39 47 2,
486 1749 138 46 1935;
656 1750 67 40 2c.
759 1751 95 38 and
883 1749 83 40 aff.
996 1751 119 46 Aug.
1143 1751 53 45 3;
1230 1750 41 38 A
1302 1750 168 46 84835;
1505 1749 161 49 Little,
1700 1752 190 48 Brown,
1924 1756 95 38 and
249 1766 1905 89 company.
463 1806 278 49 (35-11492)

185 1911 341 65 Bridgman,
554 1911 351 66 publishers,
930 1911 257 67 Pelham,
1210 1913 72 52 N.
1310 1913 71 52 Y.

251 2000 123 52 The
400 2000 147 53 book
576 2000 62 52 of
667 2018 104 36 one
799 1999 260 54 hundred
1090 1997 178 70 figure
1301 1999 315 68 drawings;
1653 2016 31 34 a
1717 1997 237 55 selected
1986 2014 183 50 group

184 2077 63 55 of
274 2096 102 37 one
404 2077 260 54 hundred
695 2078 112 53 and
835 2082 92 48 ten
957 2077 63 54 of
1050 2078 96 52 the
1175 2077 120 52 best
1322 2076 105 54 life
1460 2075 286 69 drawings
1778 2074 304 55 submitted
2114 2080 57 47 to

185 2155 94 54 the
318 2154 122 54 One
477 2154 261 54 hundred
777 2155 119 52 best
934 2153 178 69 figure
1154 2154 259 68 drawing
1451 2153 148 69 jury.
1674 2152 255 69 Pelham,
1970 2152 68 51 N.
2083 2151 88 66 Y.,

185 2233 316 67 Bridgman
532 2232 335 68 publishers,
896 2232 104 53 inc.
1036 2266 13 34 [
1053 2239 19 21 c
1077 2235 151 64 1935]

253 2317 56 40 96
340 2329 42 37 p.
444 2317 126 41 illus.
630 2318 56 39 26
688 2319 44 22 cm
737 2349 9 8 .

253 2388 41 39 A
320 2389 251 40 collection
597 2389 51 39 of
674 2389 242 46 drawings
939 2389 127 39 from
1091 2388 195 48 leading
1312 2392 77 37 art
1418 2390 186 38 schools
1630 2390 49 38 in
1706 2389 97 40 this
1831 2391 216 44 country,
2109 2389 60 46 cf.

185 2446 179 39 Introd.

257 2502 159 40 “First
444 2501 226 41 edition."

185 2573 51 52 ©
262 2578 116 46 July
403 2577 38 45 1,
469 2575 140 47 1935;
637 2576 66 40 2c.
733 2576 114 47 July
872 2575 52 46 2;
954 2574 80 41 aff.
1063 2575 119 48 Aug.
1208 2575 81 47 14;
1318 2575 41 39 A
1386 2575 141 40 84683
1546 2585 8 36 ;
1589 2575 266 47 Bridgman
1881 2573 287 49 publishers,

250 2634 90 39 inc.
410 2633 278 48 (35-10831)

189 2735 257 63 Buffum,
476 2735 189 64 Clara,
697 2736 167 53 1873-

255 2825 392 53 Hand-bound
675 2823 199 68 books;
903 2824 95 51 the
1025 2824 95 53 old
1148 2822 226 53 method
1402 2822 63 51 of
1490 2820 418 69 bookbinding;
1941 2841 31 32 a
2000 2821 169 68 guide

188 2903 92 53 for
307 2909 253 47 amateur
584 2902 393 62 bookbinders,
1001 2902 76 62 by
1107 2900 170 54 Clara
1304 2900 253 52 Buffum.
1630 2897 368 67 Providence,
2025 2900 68 51 R.
2120 2898 48 53 I.

208 2984 174 64 [ c 1935]
257 3069 69 47 68,
357 3070 54 48 [4]
442 3080 41 36 p.
545 3067 127 39 illus.
731 3067 116 39 25cm.

260 3131 1905 52 “Five hundred copies of this special edition … were designed and
189 3195 190 48 printed
414 3194 61 46 by
510 3194 81 39 the
627 3192 508 40 Akerman-Standard
1172 3189 275 49 company."
1508 3190 116 37 This
1661 3199 117 38 copy
1816 3189 186 39 neither
190 3199 1960 92 numbered
357 3261 87 28 nor
473 3249 165 48 signed
669 3249 60 46 by
758 3249 80 39 the
868 3248 189 39 author.

258 3306 158 40 Blank
443 3316 144 37 pages
614 3307 79 38 for
721 3303 202 41 “Notes”
962 3303 191 48 (66-68)

189 3373 51 52 ©
268 3378 115 47 July
412 3376 67 47 19,
508 3375 113 41 1935
639 3386 8 36 ;
679 3375 66 40 2c.
777 3376 94 38 and
900 3374 81 40 aff.
1012 3375 115 46 July
1155 3373 54 40 27
1228 3384 8 36 ;
1268 3374 41 38 A
1338 3373 141 40 84763
1497 3383 8 35 ;
1540 3373 47 40 C.
1618 3372 211 48 Buffum,
1863 3373 307 39 Providence.

266 3433 277 47 (35-11453)

195 3536 217 63 Canby,
438 3537 205 62 Henry
668 3536 206 60 Seidel,
903 3536 169 54 1878-

259 3612 56 53 A
343 3612 172 69 study
541 3612 64 52 of
631 3613 97 53 the
756 3613 157 53 short
941 3618 171 61 story.
1188 3613 135 52 Rev.
1400 3612 89 64 By
1520 3612 201 65 Henry
1752 3608 186 57 Seidel
1973 3609 195 64 Canby

252 3688 1915 65 … and Alfred Dashiell … New York. H. Holt and company
213 3772 172 63 [ c 1935]
259 3852 49 42 iv
333 3864 58 38 p.,
418 3854 26 40 1
505 3884 9 18 l.,
541 3852 87 42 375
654 3864 42 38 p.
757 3853 55 41 19
814 3856 44 21 cm
863 3885 9 10 .

192 3921 51 52 ©
275 3927 126 38 June
429 3925 68 47 12,
530 3926 139 46 1935;
702 3926 66 39 2c.
802 3926 94 40 and
928 3925 81 41 aff.
1041 3925 115 47 July
1185 3924 54 45 9;
1273 3923 41 39 A
1349 3923 168 49 84569;
1553 3923 167 49 Henry
1751 3921 118 39 Holt
1900 3920 37 39 &
1967 3929 82 37 co.,
2079 3917 91 40 inc.

268 3982 275 46 (35-11314)
