2424 4375
1229 4024 133 48 1052

374 483 263 41 Published
667 485 275 48 previously
972 486 49 40 in
1051 486 116 42 1886
1194 488 60 47 by
1285 487 155 48 Cyrus
1469 487 187 42 Felton.
1716 489 100 40 The
1847 493 192 45 present
2070 491 134 39 work
2233 493 60 47 by

304 540 215 40 William
546 541 122 39 Reid
694 541 171 40 Felton
893 542 41 39 is
961 553 27 29 a
1017 543 336 40 continuation
1382 545 51 38 of
1461 546 81 38 the
1569 546 182 39 former
1779 547 197 40 edition,
2036 546 62 47 cf.
2123 558 43 37 p.
2195 547 99 43 224.

375 596 130 41 “Our
538 597 202 47 English
771 598 277 39 ancestors”
1092 598 67 48 (p.
1197 598 200 50 [11]-58)
1441 601 194 47 signed:
1672 602 161 47 Edgar
1867 602 208 49 Conway
2110 602 184 43 Felton.

305 666 52 53 ©
384 671 115 48 July
528 672 39 45 1,
596 670 140 48 1935;
768 672 67 39 2c.
865 672 119 47 Aug.
1014 673 51 45 5;
1097 672 80 40 aff.
1209 673 119 47 Aug.
1356 674 52 46 3;
1444 675 40 37 A
1513 673 169 47 84843;
1715 674 214 40 William
1961 675 119 40 Reid
2112 675 183 47 Felton,

381 727 147 41 Sioux
554 728 124 47 City,
729 738 42 30 Ia.
842 728 279 48 (35-12174)

309 831 235 64 Givens,
576 832 247 55 Charles
850 832 66 57 G.

375 908 121 53 The
527 926 122 37 rose
678 909 155 68 petal
863 911 273 66 murders,
1169 910 73 68 by
1276 911 234 55 Charles
1542 911 68 56 G.
1644 912 227 55 Givens.
306 912 1964 139 Indianapolis,
429 987 138 54 New
605 987 178 68 York,
821 988 122 53 The
981 987 444 54 Bobbs-Merrill
1461 1006 280 51 company
1802 994 173 63 [c1935]

376 1059 952 51 4 p. l , 11-301 p. illus. (plan) 19½cm.
379 1132 161 40 “First
573 1132 227 41 edition.”

305 1198 52 53 ©
386 1203 115 47 July
527 1203 68 46 31,
622 1201 140 48 1935;
790 1201 67 42 2c.
885 1203 119 48 Aug.
1033 1202 52 47 6;
1116 1202 82 41 aff.
1226 1204 120 47 Aug.
1376 1205 24 38 7;
1457 1205 40 37 A
1524 1203 169 46 85339;
1726 1204 368 41 Bobbs-Merrill
2119 1215 67 30 co.

385 1259 279 50 (35-12186)

309 1363 177 64 Gray,
519 1364 308 53 Elizabeth
858 1365 195 53 Janet.

378 1441 1911 68 Young Walter Scott, by Elizabeth Janet Gray … New
309 1519 174 55 York.
514 1520 121 53 The
666 1517 219 70 Viking
916 1538 173 49 press,
1124 1524 149 49 1935.

414 1624 8 11 x.
456 1592 83 41 239
572 1603 43 38 p.
674 1592 149 41 front.
850 1593 172 47 (port.)
1090 1592 116 40 21cm.

381 1648 365 49 Lining-papers
777 1648 278 44 illustrated
1088 1648 47 40 in
1165 1649 169 39 colors.

309 1717 52 53 ©
388 1722 118 44 Aug.
537 1721 38 42 1.
603 1719 140 47 1935;
770 1720 68 40 2c.
866 1720 119 48 Aug.
1014 1720 52 46 1;
1097 1719 81 41 aff.
1208 1720 118 47 Aug.
1354 1720 53 43 2;
1440 1720 40 39 A
1509 1719 169 47 85302;
1710 1720 252 40 Elizabeth
1992 1721 150 39 Janet
2168 1720 129 50 Gray

375 1777 189 48 Vining,
596 1777 355 47 Germantown,
981 1777 81 39 Pa.
1134 1775 279 49 (35-12102)

312 1879 226 65 Grussi,
568 1879 300 64 Alphonse
894 1879 208 65 Maria,
1136 1885 170 49 1859-

378 1956 1858 70 Pocahontas and Captain Smith, by Rev. A. M. Grussi …
310 2038 231 62 Boston,
571 2036 119 52 The
721 2036 375 67 Christopher
1125 2036 334 67 publishing
1484 2036 173 53 house
1690 2039 192 64 [c1935]

377 2109 86 39 183
488 2121 42 36 p.
587 2109 114 39 21cm.

307 2175 52 53 ©
393 2180 115 46 July
540 2178 69 49 30,
644 2178 140 46 1935;
821 2178 66 40 2c.
922 2179 116 47 July
1070 2179 82 45 31;
1191 2177 82 40 aff.
1308 2179 119 46 Aug.
1464 2179 52 45 1;
1555 2179 39 38 A
1631 2178 169 42 84805:
1839 2178 316 48 Christopher
2189 2179 106 48 pub.

376 2237 159 38 house.
611 2234 277 49 (35-12194)

310 2340 264 64 Hughes,
602 2340 129 63 Ray
756 2339 250 64 Osgood,
1036 2342 170 52 1879-

377 2417 290 53 Problems
714 2415 63 53 of
821 2414 302 54 American
1174 2415 343 67 democracy.
1610 2414 134 54 New
1793 2414 84 52 ed.
1970 2415 88 68 By
2109 2414 67 54 R.
2228 2413 67 55 O.

307 2490 1983 73 Hughes … Boston, New York [etc.] Allyn and Bacon [c1935]
443 2563 1685 51 xx p., 1 l., 616, 32 p. front., illus. (incl. maps) diagrs. 20½cm.
378 2622 294 40 “Reference
703 2619 252 49 readings”:
1016 2631 43 37 p.
1088 2620 146 40 24-26
1262 2623 52 37 at
1345 2620 105 42 end.

308 2692 52 52 ©
384 2697 125 38 June
531 2695 70 46 27,
627 2693 139 47 1935;
792 2693 66 41 2c.
883 2694 95 39 and
1005 2692 81 40 aff.
1114 2693 115 46 July
1254 2693 25 38 5;
1333 2693 43 38 A
1400 2693 143 39 84537;
1598 2693 53 39 R.
1680 2693 51 40 O.
1758 2694 213 46 Hughes,
1998 2693 297 48 Pittsburgh.

387 2752 278 47 (35-12471)

310 2853 351 64 Hutchison,
690 2853 203 54 James
921 2851 339 64 Lafayette.

439 2929 1853 69 … One-two-three-four; a nocturne. Boston, Lothrop, Lee
309 3011 111 51 and
453 3009 261 66 Shepard
744 3025 296 49 company,
1070 3010 148 49 1935.

380 3080 584 50 3 p. l., 3-196 p. 21cm.
309 3148 52 53 ©
388 3154 119 43 Aug.
532 3152 39 46 5,
599 3150 140 46 1935;
767 3150 66 39 2c.
860 3149 93 40 and
982 3148 81 40 aff.
1090 3149 119 47 Aug.
1239 3148 24 40 6;
1321 3149 40 38 A
1389 3148 168 47 85345;
1588 3149 42 39 J.
1659 3149 49 39 L.
1738 3148 287 47 Hutchison,
2053 3148 240 48 Harvard,

382 3210 145 37 Mass.
598 3206 278 49 (35-12183)

310 3309 314 64 Kingman,
653 3309 155 54 John
834 3309 266 63 Macoun,
1132 3313 169 50 1894-
1512 3309 82 52 ed.

376 3385 54 50 A
451 3385 230 51 manual
707 3384 63 52 of
793 3385 317 52 settlement
1132 3383 155 68 boys’
1312 3384 173 66 work,
1512 3384 187 51 edited
1725 3385 74 66 by
1824 3384 38 53 J
1868 3384 111 51 ohn
2003 3384 78 51 M.
308 3383 1959 130 Kingman

307 3458 1957 147 … and Edward Sidman … [New York] National federation of settlements, 1935.
379 3610 49 39 ix
470 3611 84 39 150
579 3621 41 36 p.
648 3610 108 39 incl.
782 3609 141 40 form.
981 3608 116 42 20cm.

383 3666 272 47 “Prepared
696 3666 154 39 under
887 3666 81 39 the
1010 3665 235 41 direction
1289 3665 52 39 of
1382 3666 81 40 the
1506 3665 140 48 Boys’
1690 3666 132 38 work
1866 3664 207 41 division
2118 3666 52 39 of
2212 3665 81 41 the

311 3719 203 42 Greater
544 3722 181 39 Boston
756 3722 274 39 federation
1064 3722 53 39 of
1146 3722 357 47 neighborhood
1535 3722 175 39 houses
1743 3723 91 38 and
1872 3723 80 39 the
1989 3721 138 47 Boys’
2160 3720 130 41 work

311 3776 205 41 division
547 3777 51 39 of
621 3778 80 39 the
731 3777 228 40 National
989 3778 273 40 federation
1292 3778 53 39 of
1371 3777 450 48 settlements.”—p.
1854 3778 76 49 [iv]

383 3831 221 41 Includes
635 3831 388 49 bibliographies.

310 3897 52 52 ©
387 3902 115 46 July
526 3902 68 45 31,
621 3902 139 47 1935;
788 3902 65 40 2c.
879 3904 94 38 and
1000 3902 81 41 aff.
1108 3904 118 46 Aug.
1255 3903 51 47 2;
1336 3906 40 37 A
1402 3903 141 41 85290;
1601 3905 129 40 Natl.
1755 3903 274 41 federation
2055 3904 53 40 of
378 3902 1896 95 settlements.
621 3958 277 47 (35-12450)
