2424 4375
0 0 0 0 1827
179 482 238 40 “Editor’s
446 482 269 40 foreword”
748 482 193 49 signed:
972 483 52 39 P.
1053 483 54 40 E.
1139 483 296 48 Burroughs.

108 536 53 52 ©
204 540 100 39 Oct.
347 540 39 41 8.
429 540 141 45 1935;
612 539 68 39 2c.
771 548 70 31 Nov.
885 541 53 38 1:
983 539 82 39 aff.
1111 539 101 39 Oct.
1255 540 83 44 31;
1384 541 43 37 A
1470 539 168 45 88120;
1689 539 196 47 Sunday
1928 541 163 38 school

179 595 150 40 board
371 596 50 39 of
461 596 83 39 the
587 596 243 39 Southern
870 594 197 49 Baptist
1107 594 299 41 convention.
1480 594 280 49 [Copyright
1804 595 43 40 is
1887 595 204 40 claimed

177 663 61 28 on
266 652 292 47 condensing
589 652 52 39 of
670 651 225 40 material
925 652 96 39 and
1051 650 290 49 adaptation
1368 652 130 39 from
1529 653 74 37 An
1633 650 378 49 interpretation
2041 653 52 39 of

190 708 82 41 the
297 709 202 47 English
525 708 140 40 Bible
688 709 60 46 by
775 709 55 39 B.
857 709 59 38 H.
945 708 203 48 Carroll]
1217 707 278 49 (35-38291)

105 810 294 65 Chappell,
426 811 231 54 Naomi.

103 887 1960 146 “If the ship’s in the bay,” a book of verse by Naomi Chappell … Richmond, Va., 1934.
174 1038 85 49 [24]
290 1048 43 37 p.
392 1036 144 41 16½cm.

105 1103 53 53 ©
184 1108 111 39 Dec.
322 1106 69 43 22.
420 1105 114 41 1934
551 1117 9 35 ;
589 1105 65 41 2c.
686 1107 95 39 and
811 1105 80 41 aff.
920 1106 112 41 Dec.
1061 1106 57 39 24
1135 1117 9 30 :
1176 1107 41 38 A
1240 1105 145 42 78932
1402 1117 9 35 ;
1441 1107 57 40 X.
1528 1106 248 48 Chappell,
1807 1106 282 41 Richmond.

103 1266 252 65 Cheney,
382 1268 202 62 Harry
608 1265 309 66 Morrison,
948 1269 171 50 1860-
1330 1283 177 50 comp.

171 1342 299 69 Chapters,
504 1342 263 69 councils,
800 1343 440 54 commanderies
1274 1344 112 53 and
1424 1343 251 56 Scottish
1709 1342 108 54 rite
1853 1343 56 53 in
1946 1344 137 52 New

102 1418 1921 70 Hampshire, a compilation by Harry Morrison Cheney …
105 1497 294 68 [Concord,
425 1499 70 53 N.
521 1499 96 67 H.,
644 1498 289 55 Rumford
958 1516 157 49 press]
1167 1502 150 50 1935.

170 1570 86 42 203
283 1581 45 38 p.
381 1572 56 38 24½
469 1574 43 21 cm
517 1603 9 8 .

174 1627 127 39 “The
330 1626 183 41 edition
540 1627 43 40 is
613 1625 85 41 500
726 1626 306 48 copies.”—p.
1065 1626 56 49 [3]

102 1679 53 53 ©
184 1685 111 39 Dec.
325 1684 39 42 6,
394 1682 141 42 1935;
566 1683 68 40 2c.
665 1684 95 39 and
790 1683 82 40 aff.
902 1684 111 39 Dec.
1044 1683 58 39 16
1117 1693 9 35 ;
1159 1684 40 38 A
1230 1681 142 42 88703
1391 1693 8 34 ;
1432 1682 62 40 H.
1525 1682 63 40 M.
1618 1681 206 48 Cheney,
1857 1681 231 47 Concord,

220 1741 91 40 N.H.
372 1740 278 48 (35-38570)

101 1842 191 65 Clark,
319 1843 233 53 Arthur
576 1843 173 65 John,
780 1847 169 50 1880-

162 1917 1859 71 Introduction to general chemistry, by Arthur J. Clark …
93 1995 136 56 Rev.
271 1997 102 68 ed.,
419 1999 149 50 1935.
646 1997 136 52 Ann
824 1996 208 69 Arbor,
1074 1996 196 68 Mich.,
1312 1996 282 53 Edwards
1636 1994 277 69 brothers,
1957 1995 128 67 inc.,

93 2076 150 51 1935.

163 2145 63 46 xi,
254 2146 87 42 329
367 2157 44 37 p.
469 2146 142 49 illus.,
642 2147 177 47 diagrs.
878 2146 56 40 21
937 2149 15 21 cm
984 2177 9 9 .

165 2202 411 49 “Lithoprinted.”

168 2259 129 41 “The
319 2260 224 40 material
571 2261 43 39 is
638 2261 255 46 presented
920 2260 49 40 in
994 2259 182 41 lecture
1202 2258 364 42 form.”—Pref.

163 2315 163 42 “First
352 2316 198 47 edition,
576 2316 252 48 copyright
855 2316 157 41 1931.”

101 2369 53 53 ©
199 2375 127 47 Sept.
366 2375 41 42 6.
450 2374 139 41 1935;
635 2375 69 40 2c.
747 2376 95 38 and
885 2374 82 40 aff.
1012 2375 101 40 Oct.
1157 2374 82 40 28:
1286 2376 40 38 A
1369 2374 170 48 87989;
1584 2376 43 38 A
1668 2375 44 41 J.
1758 2375 161 46 Clark,
1965 2377 121 38 East

170 2431 225 49 Lansing,
431 2431 142 41 Mich.
646 2431 277 49 (35-38112)

101 2532 231 66 Collins,
357 2534 70 56 V.
452 2535 69 54 D.

164 2608 203 55 World
405 2609 349 70 marketing;
793 2630 31 34 a
860 2611 273 67 complete
1170 2610 169 69 guide
1375 2617 58 47 to
1468 2611 181 54 world
1682 2611 221 55 market
98 2631 1959 124 merchandising
474 2689 112 51 and
626 2688 206 67 selling
872 2689 63 52 of
973 2689 98 52 the
1108 2707 123 33 new
1270 2707 112 47 era,
1419 2689 78 66 by
1532 2689 71 53 V.
1642 2689 73 52 D.
1757 2689 217 55 Collins
2020 2735 9 8 .…

99 2761 140 55 with
269 2761 304 71 diagrams.
641 2764 421 68 Philadelphia,
1093 2765 257 67 London,
1381 2766 56 53 J.
1470 2767 66 52 B.
1570 2763 335 69 Lippincott
97 2785 1961 124 company
283 2876 14 33 [
301 2848 18 22 c
323 2846 152 64 1935]

166 2913 86 41 327
281 2925 43 38 p.
381 2915 180 47 diagrs.
590 2916 48 42 (1
665 2915 143 45 fold.)
870 2915 52 39 21
928 2917 44 22 cm
976 2945 9 10 .

101 2966 53 53 ©
185 2971 102 40 Oct.
317 2972 70 46 11,
418 2971 116 40 1935
549 2982 9 33 ;
593 2972 66 40 2c.
692 2974 95 38 and
820 2972 80 40 aff.
936 2972 101 40 Oct.
1070 2972 55 40 17
1142 2982 10 36 ;
1185 2972 42 39 A
1258 2971 145 41 86964
1418 2982 11 36 ;
1462 2972 53 39 Y.
1550 2972 58 40 D.
1643 2971 196 47 Collins,
1873 2971 210 48 Oradell,

218 3060 9 7 N.
252 3028 43 40 J.
359 3028 278 48 (35-38296)

99 3130 233 66 Cuesta,
361 3132 149 64 Ugo.

227 3208 1849 69 … Alto mare, romanzo. Firenze, R. Bemporad & f.° [ c 1934]
168 3280 1624 50 175 p., 1 l. 23 cm . (On cover: La storia romanzesca. [14])
101 3330 1984 56 © Dec. 30, 1934; 1c. Mar. 20. 1935; A-Foreign 27343; R. Bemporad
169 3392 36 39 &
232 3392 58 41 f°.
360 3393 279 47 (35-24735)

101 3491 236 67 Dumas,
367 3494 352 67 Alexandre,
751 3498 324 55 1802-1870.

163 3568 107 55 Les
312 3570 140 54 trois
496 3571 454 69 mousquetaires,
994 3592 106 49 par
1145 3573 324 54 Alexandre
1515 3572 243 65 Dumas;
1809 3570 274 68 abridged

99 3644 1958 149 and edited by Richard de Roussy de Sales. Dallas, B. Upshaw and company [ c 1935]
163 3791 713 50 4 p. l. , 222 p. illus. 19 cm .
167 3846 159 42 “First
356 3849 218 49 printing
605 3850 289 49 September.
924 3852 157 41 1935.”

101 3900 1984 59 © Oct 5, 1935 : 2c. Nov. 18: aff. Nov. 16: A 89894; Banks Upshaw
168 3961 35 40 &
233 3973 66 30 co.
369 3965 278 46 (35-38339)
