2424 4375
1205 4050 135 50 1616

290 418 219 64 House,
537 418 213 64 Boyce.

360 493 168 54 Were
560 511 112 50 you
707 493 60 53 in
801 493 265 69 Ranger?
1147 495 110 67 [By]
1316 496 189 66 Boyce
1539 495 223 66 House;
1801 495 378 54 illustrations
2213 497 72 69 by

289 568 268 56 Winston
599 569 245 56 Croslin.
920 572 221 68 Dallas,
1181 572 155 68 Tex.,
1377 572 198 70 Tardy
1615 572 337 71 publishing
1991 590 296 53 company,

290 648 334 68 inc. [ c 1935]
361 722 118 48 xxii,
507 721 88 41 210
619 731 44 38 p.
691 722 108 40 incl.
828 722 161 46 front.,
1019 723 172 47 plates,
1218 724 123 47 port.
1402 722 57 41 20
1462 725 43 22 cm
1511 755 8 9 .

364 777 287 42 Illustrated
684 780 98 47 t.-p.
815 780 96 40 and
943 779 362 49 lining-papers.

292 834 52 53 ©
372 838 101 40 Oct.
501 837 69 48 24,
599 838 141 47 1935;
767 837 68 41 2c.
863 840 97 38 and
986 838 82 41 aff.
1096 839 118 40 Nov.
1242 839 54 47 4;
1326 840 40 38 A
1394 838 170 49 89171;
1594 841 163 41 Tardy
1787 847 107 42 pub.
1925 852 82 38 co.,
2035 841 91 41 inc.

371 894 281 49 (35-25795)

290 978 198 64 Howe,
519 978 137 54 Eric
686 978 280 55 Graham.

289 1055 1976 149 I and me; a study of the self, by E. Graham Howe … London, Faber and Faber limited [1935]
359 1208 88 39 256
477 1218 41 38 p.
580 1206 128 41 illus.
770 1208 146 41 19½cm.

362 1264 116 41 “Six
502 1265 209 40 lectures
736 1264 244 42 delivered
1004 1266 80 40 for
1110 1266 81 40 the
1216 1266 153 41 Home
1396 1267 96 39 and
1512 1265 163 42 school
1700 1266 186 41 council
1912 1266 50 41 of
1988 1267 152 42 Great
289 1268 1984 100 Britain,
430 1323 52 38 at

527 1322 79 39 the
651 1320 220 41 Friends’
915 1322 165 42 house.
1124 1323 186 40 Euston
1355 1323 131 43 road,
1530 1322 212 49 London,
1786 1323 503 43 October-November

289 1377 158 42 1934.”

290 1430 1997 56 © 1c. Oct. 29, 1935; A ad int. 20656; pubd. Sept. 12; E. G. Howe, London.
371 1492 280 49 (35-30539)

288 1575 240 53 Illinois.
603 1576 172 65 Dept.
818 1577 61 65 of
920 1576 194 66 public
1154 1577 184 52 works
1381 1577 116 52 and
1539 1576 306 67 buildings.
1919 1579 268 54 Division
2228 1581 59 64 of

358 1654 373 53 architecture
761 1655 112 51 and
902 1655 383 65 engineering.

360 1731 221 53 Record
617 1732 62 52 of
716 1732 95 52 the
847 1730 340 54 restoration
1223 1732 63 52 of
1323 1733 139 52 New
1500 1732 207 66 Salem,
1744 1734 137 52 New
1919 1732 190 55 Salem
2145 1740 133 48 state

288 1810 146 67 park
482 1828 136 33 near
666 1811 363 66 Petersburg,
1078 1810 245 65 Illinois,
1377 1812 326 51 1932-1933.
1786 1811 72 52 2d
1908 1812 84 52 ed.
289 1811 1975 130 Supervised
477 1889 73 67 by
581 1889 95 51 the

708 1889 380 67 Department
1118 1888 62 53 of
1215 1887 192 68 public
1441 1889 184 52 works
1658 1890 112 51 and
1803 1889 310 68 buildings,
2145 1895 140 50 state

288 1967 63 53 of
397 1966 244 54 Illinois.
738 1968 155 51 Hemy
986 1968 247 65 Horner,
1278 1983 297 50 governor,
1622 1967 213 55 Robert
1880 1967 279 69 Kingery,
288 1969 1974 129 director
510 2046 111 52 and
659 2046 97 52 the

793 2045 264 53 Division
1097 2045 62 52 of
1199 2044 375 53 architecture
1613 2046 112 51 and
1764 2046 383 68 engineering.
2225 2048 55 54 C.

287 2123 249 53 Herrick
585 2124 350 65 Hammond,
1022 2165 8 10 F.
1124 2166 9 9 A.
1212 2165 10 10 I.
1316 2165 28 23 A.,
1394 2124 363 66 supervising
1806 2124 287 54 architect.
2198 2128 82 64 By

288 2203 217 67 Joseph
546 2203 64 52 F.
657 2203 241 65 Booton,
940 2201 152 52 chief
1136 2201 341 52 draftsman.
1594 2202 240 52 <Printed
1877 2203 75 66 by
1995 2205 277 66 authority

287 2281 63 53 of
376 2281 94 52 the
497 2286 146 47 state
670 2280 62 53 of
761 2280 225 53 Illinois>
1102 2277 391 69 [Springfield,
1526 2282 150 64 1933]

359 2352 1302 50 5 p. l., [13]-88 p. front., illus., fold, map, 23cm.
291 2407 52 53 ©
376 2412 120 47 Aug.
532 2411 70 47 17,
634 2409 114 41 1934;
812 2409 66 41 2c.
915 2409 100 40 Oct.
1049 2410 24 37 1;
1139 2409 80 39 aff.
1260 2410 127 47 Sept.
1422 2409 55 39 29;
1541 2410 41 38 A
1615 2408 142 41 78623;
1826 2409 136 40 State
1995 2410 53 40 of
2083 2409 199 48 Illinois,

356 2469 126 47 Dept.
526 2467 51 40 of
604 2466 162 48 public
791 2467 159 39 works
979 2466 37 39 &
1043 2465 258 48 buildings,
1335 2465 303 49 Springfield,
1670 2467 74 38 Ill.
369 2523 281 50 (34-27839)

287 2607 180 65 Ivins,
497 2608 289 63 Anthony
813 2606 363 64 Woodward,
1211 2608 325 52 1852-1934.

357 2685 122 52 The
528 2684 374 67 relationship
954 2683 64 53 of
1068 2683 443 52 “Mormonism”
1562 2683 113 51 and
1726 2682 389 69 freemasonry
2169 2683 91 67 [by]

289 2762 276 69 Anthony
595 2762 91 54 W.
722 2760 176 53 Ivins.
970 2760 128 55 Salt
1129 2759 156 55 Lake
1316 2759 154 69 City,
1504 2760 176 67 Utah,
1714 2761 122 51 The
1869 2761 234 52 Deseret
2133 2778 146 35 news

287 2859 155 49 press
477 2873 13 35 [
495 2847 18 21 c
518 2842 153 64 1934]

357 2914 85 40 254
471 2924 43 39 p.
573 2913 165 47 front.,
768 2911 142 49 illus.,
939 2912 172 49 plates,
1141 2914 151 47 ports.
1351 2911 55 38 22
1411 2914 42 21 cm
1458 2943 9 9 .

359 2969 246 41 “Masonic
630 2969 292 41 authorities
950 2970 236 40 reviewed
1215 2969 59 47 by
1303 2970 80 39 the
1411 2968 206 41 author”;
1674 2980 42 37 p.
1762 2970 39 48 [5]

290 3024 52 53 ©
381 3028 101 40 Oct.
517 3029 41 47 4,
597 3026 140 48 1934;
777 3027 66 39 2c.
883 3028 121 38 Mar.
1043 3025 69 48 26,
1153 3026 139 45 1935;
1334 3025 81 40 aff.
1456 3027 119 38 Mar.
1616 3025 82 47 25;
1740 3027 41 38 A
1818 3027 170 46 84477;
2031 3024 246 41 Elizabeth

361 3085 142 40 Snow
536 3085 148 46 Ivins,
719 3082 395 41 administratrix
1149 3083 53 39 of
1234 3083 83 39 the
1349 3085 156 37 estate
1539 3083 53 39 of
1623 3083 228 47 Anthony
1886 3084 69 39 W.
1993 3082 148 48 Ivins,
2178 3082 101 41 Salt

358 3142 130 39 Lake
518 3141 123 47 City.
712 3139 280 48 (35-25776)

286 3224 282 64 Johnson,
599 3225 246 54 Charles
871 3223 323 64 Spurgeon,
1229 3227 168 49 1893-

356 3303 121 52 The
509 3303 246 66 collapse
788 3300 63 53 of
883 3305 190 48 cotton
1105 3307 257 62 tenancy.
1435 3300 305 68 Summary
1772 3298 64 55 of
1869 3300 165 51 Field
2066 3299 208 53 studies

285 3377 45 50 &
364 3378 302 53 statistical
700 3395 248 50 surveys,
987 3379 257 66 1933-35,
1278 3378 76 68 by
1387 3376 236 55 Charles
1663 3376 56 55 S.
1754 3377 277 67 Johnson,
2070 3373 201 55 Edwin

285 3457 68 52 R.
393 3458 242 53 Embree
697 3456 130 67 [and]
869 3456 89 54 W.
994 3457 90 54 W.
1121 3456 344 52 Alexander.
1540 3455 218 68 Chapel
1796 3455 146 65 Hill,
1977 3456 120 52 The
286 3452 1960 151 University

525 3534 64 53 of
616 3535 187 52 North
833 3534 270 55 Carolina
1134 3551 172 50 press,
1337 3536 151 50 1935.

354 3605 591 52 ix p., 1 l., 81 p. 21 cm .
357 3663 254 42 “Detailed
644 3663 372 49 investigations
1050 3665 123 40 have
1205 3664 116 39 been
1354 3663 187 40 carried
1578 3666 81 37 out
1694 3663 59 46 by
1786 3673 137 37 corps
1957 3662 50 40 of
2038 3663 230 42 students,

285 3721 154 40 under
473 3722 81 39 the
589 3720 238 41 direction
861 3720 50 41 of
947 3720 83 41 Dr.
1064 3720 186 48 Rupert
1285 3720 50 39 B.
1375 3720 156 39 Vance
1566 3721 92 38 and
1698 3721 73 37 his
1807 3720 268 46 colleagues
2111 3719 50 41 of
2191 3719 76 39 the

286 3777 282 48 University
605 3777 53 41 of
695 3777 154 40 North
889 3775 227 42 Carolina
1157 3777 232 39 Institute
1425 3776 78 39 for
1542 3777 220 39 research
1804 3777 44 38 in
1889 3777 146 38 social
2075 3776 192 41 science,

284 3833 94 39 and
412 3833 52 40 of
494 3832 254 41 Professor
782 3831 200 42 Charles
1018 3831 44 41 S.
1093 3831 215 41 Johnson
1344 3833 93 38 and
1473 3832 74 38 his
1582 3832 181 39 associa
1777 3838 68 32 res
1880 3832 44 38 in
1962 3834 77 38 the
283 3832 1967 98 Department

283 3889 1963 104 of social science of Fisk university … The present brief summary … is
605 3946 163 41 issued
795 3946 78 40 for
903 3945 196 49 general
1128 3943 438 43 readers.”—Note.
