2424 4375
1081 4065 133 54 1557

147 455 166 63 Rees,
339 455 328 61 Rosemary
693 454 274 53 Frances.

213 529 185 52 Home
424 528 48 52 is
499 529 184 50 where
710 527 94 52 the
832 527 162 51 heart
1024 525 64 66 is,
1115 525 75 68 by
1217 525 311 67 Rosemary
1556 523 158 52 Rees.
1781 523 139 51 New
1952 520 180 67 York,

144 605 250 53 Arcadia
425 606 170 51 house
631 637 13 32 [
649 610 18 21 c
673 607 132 49 1935
811 636 12 34 ]

214 691 85 41 285
326 702 45 37 p.
429 690 57 41 19
489 692 44 21 cm
537 722 9 9 .

148 759 53 54 ©
237 764 124 47 Sept.
396 761 71 49 20,
501 762 140 46 1935;
677 761 66 40 2c.
781 761 97 40 Oct.
916 760 81 47 10;
1037 759 81 40 aff.
1154 760 101 40 Oct.
1290 758 81 48 29;
1409 760 41 37 A
1485 758 169 47 88145;
1693 758 266 47 Rosemary
1997 758 136 47 Rees,

213 820 210 40 London.
497 818 279 49 (35-22387)

146 935 165 64 Rich,
339 936 190 64 Wiley
554 935 226 56 Daniel.

215 1011 175 69 Legal
429 1008 466 71 responsibilities
934 1011 110 52 and
1084 1007 185 70 rights
1309 1007 63 53 of
1413 1006 191 70 public
1644 1013 381 62 accountants,
2063 1007 73 68 by

146 1089 188 68 Wiley
379 1088 205 53 Daniel
629 1087 162 53 Rich.
866 1086 136 54 New
1053 1086 178 66 York,
1276 1085 68 52 N.
1394 1085 89 67 Y.,
1529 1084 304 54 American
1877 1086 259 52 institute

147 1165 332 70 publishing
505 1183 96 35 co.,
627 1166 108 53 inc.
770 1199 12 34 [
788 1172 18 21 c
811 1166 131 50 1935
949 1197 13 35 ]

215 1251 85 48 xii,
327 1250 85 41 238
440 1262 44 37 p.
543 1250 55 41 23½
630 1252 44 22 cm
679 1281 9 9 .

218 1314 177 41 “Table
422 1314 52 40 of
503 1313 191 42 cases”:
725 1324 43 37 p.
797 1311 215 42 229-233.
1074 1312 177 41 “Table
1281 1312 52 41 of
1359 1311 268 42 statutes”:
1658 1324 43 37 p.
1732 1311 99 42 233.

215 1377 376 49 Bibliography:
623 1388 44 37 p.
696 1376 215 41 235-236.

149 1448 51 53 ©
229 1452 100 40 Oct.
359 1452 69 46 14,
456 1450 139 47 1935;
625 1450 67 40 2c.
722 1450 102 40 Oct.
853 1449 81 47 22;
964 1448 82 41 aff.
1076 1449 101 40 Oct.
1204 1448 82 42 28;
1317 1449 41 38 A
1386 1447 170 49 89000;
1587 1449 158 40 Amer.
1772 1446 229 44 institute
2028 1450 110 48 pub.

216 1520 81 36 co.,
326 1509 90 39 inc.
486 1506 280 49 (3-5-22943)

150 1623 204 66 Riggs,
385 1625 231 52 Austen
649 1625 141 63 Fox,
825 1623 169 53 1876-

218 1702 175 67 Play;
464 1700 312 53 recreation
843 1699 59 52 in
969 1718 31 33 a
1065 1699 273 52 balanced
1404 1697 122 69 life,
1585 1699 78 67 by
1728 1699 220 52 Austen
2014 1700 123 51 Fox

148 1778 200 70 Riggs,
439 1820 10 11 M.
523 1820 10 10 D.
608 1777 233 55 Garden
874 1776 154 69 City,
1062 1777 70 53 N.
1168 1776 90 68 Y.,
1291 1776 355 68 Doubleday,
1680 1777 200 53 Doran
1913 1779 46 50 &
149 1795 1964 131 company,
347 1855 126 68 inc.,
503 1858 152 51 1935.

219 1943 88 41 viii
334 1955 59 37 p.,
423 1943 25 38 1
513 1973 9 17 l.,
551 1940 88 42 239
664 1953 45 37 p.
768 1941 152 50 diagr.
981 1941 56 41 20½
1070 1943 44 21 cm
1117 1972 9 9 .

220 2006 260 49 Diagrams
512 2016 60 30 on
602 2004 361 50 lining-papers.

223 2070 162 40 “First
411 2068 227 42 edition.”

223 2126 67 39 “A
314 2126 253 49 catalogue
590 2125 52 41 of
666 2125 322 41 recreational
1012 2124 259 48 activities,
1298 2125 117 40 with
1440 2135 28 29 a
1494 2126 137 39 short
1655 2127 85 39 list
1765 2126 51 40 of
1841 2127 149 43 books
151 2128 1971 105 dealing

272 2183 121 41 with
430 2183 133 47 each,
600 2182 128 41 from
766 2181 158 40 which
964 2182 82 41 the
1085 2182 167 40 seeker
1288 2191 113 39 may
1441 2183 136 39 draw
1615 2183 117 40 both
1770 2183 236 49 guidance
2045 2186 92 39 and

151 2239 347 51 inspiration”:
530 2251 43 37 p.
603 2237 216 43 144-239.

221 2304 101 41 The
345 2303 335 49 bibliography
706 2313 101 30 was
832 2303 236 48 prepared
1092 2302 61 48 by
1178 2302 211 41 Eleanor
1412 2302 58 40 K.
1498 2301 222 50 Coonley.
1780 2303 60 49 cf.
1868 2305 271 43 Foreword.

154 2371 51 53 ©
233 2376 101 40 Oct.
362 2375 68 49 18,
456 2373 116 41 1935;
624 2374 67 39 2c.
718 2374 96 39 and
841 2372 80 41 aff.
951 2373 99 40 Oct.
1078 2373 81 45 23;
1190 2372 42 39 A
1257 2371 169 47 86959;
1457 2374 54 39 A.
1541 2373 49 39 F.
1620 2373 165 49 Riggs,
1814 2374 328 50 Stockbridge,

221 2433 145 38 Mass.
437 2429 278 49 (35-22600)

154 2548 192 65 Rowe,
373 2547 221 53 Harold
622 2548 68 54 B.

222 2623 253 54 Tobacco
515 2623 179 53 under
733 2622 93 53 the
869 2621 185 67 AAA,
1093 2621 74 69 by
1207 2621 225 54 Harold
1472 2623 66 51 B.
1581 2622 186 54 Rowe.
155 2623 1967 145 Washington,
295 2700 72 53 D.
396 2699 81 67 C.,
504 2700 119 51 The
650 2699 321 68 Brookings
995 2698 346 68 institution,
1371 2702 148 49 1935.

221 2782 105 49 xiii,
352 2783 86 41 317
466 2793 42 38 p.
569 2784 127 39 illus.
725 2783 184 48 (maps)
946 2784 180 48 diagrs.
1186 2782 54 40 21
1243 2786 16 21 cm
1292 2816 8 9 .
1372 2781 299 52 (Half-title:
1699 2786 103 40 The
1830 2787 234 40 Institute
2093 2785 52 41 of

154 2840 265 40 economics
446 2839 53 41 of
525 2840 83 40 the
634 2840 270 47 Brookings
933 2840 294 40 institution.
1288 2840 306 41 Publication
1620 2852 77 33 no.
1726 2841 80 48 62)

159 2909 51 53 ©
241 2914 128 48 Sept.
398 2915 70 46 17,
497 2914 139 46 1935;
669 2913 65 41 2c.
767 2914 101 40 Oct.
899 2914 81 46 12;
1014 2914 81 40 aff.
1128 2914 102 40 Oct.
1260 2915 82 46 14;
1375 2915 42 38 A
1447 2914 170 48 87679;
1651 2916 271 48 Brookings
225 2915 1902 96 institution.
409 2970 279 48 (35-22934)

159 3086 384 67 Rutherford,
575 3088 308 64 Anworth,
917 3089 170 54 1877-

230 3161 389 71 Sandlappers
680 3164 108 69 [by]
851 3166 282 52 Anworth
1187 3166 388 67 Rutherford;
1634 3166 379 55 illustrations
2071 3168 71 67 by

159 3239 63 55 L.
251 3241 71 53 D.
354 3241 186 54 Cram.
618 3243 291 65 Caldwell,
937 3244 108 66 Id.,
1072 3244 120 53 The
1224 3245 224 54 Caxton
1476 3242 267 69 printers,
1771 3245 122 64 ltd.,
1924 3250 149 47 1935.

229 3326 85 42 233
346 3339 44 37 p.
448 3327 163 49 front.,
645 3328 143 49 illus.,
824 3328 170 49 plates.
1052 3328 59 41 19½
1140 3331 44 21 cm
1190 3360 9 9 .

162 3392 51 53 ©
238 3398 115 39 Nov.
386 3399 38 47 1,
455 3397 114 41 1935;
627 3400 67 39 2c.
726 3400 96 39 and
851 3399 81 40 aff.
964 3400 116 39 Nov.
1111 3400 52 46 8;
1196 3400 41 39 A
1268 3399 169 48 89223;
1472 3400 188 40 Caxton
1691 3399 224 49 printers,
1948 3401 86 39 ltd.

238 3453 277 49 (35-22659)

164 3569 269 67 Sargent,
463 3572 226 65 Daniel,
720 3577 169 49 1890-

234 3645 172 55 God’s
454 3648 361 67 ambuscade;
867 3668 30 33 a
943 3648 149 54 book
1138 3648 64 54 of
1249 3667 209 50 poems,
1505 3649 77 68 by
1627 3649 204 54 Daniel
1887 3649 260 70 Sargent.

167 3722 253 70 London,
450 3726 138 52 New
622 3727 161 51 York
837 3732 119 61 [etc.]
993 3727 345 69 Longmans,
1370 3726 187 56 Green
1590 3729 111 52 and
1733 3746 98 51 co.,
1865 3733 149 48 1935.

235 3809 86 40 viii
348 3822 59 37 p.,
435 3813 25 37 1
521 3842 9 16 l.,
558 3813 56 39 66
642 3825 42 36 p.
742 3813 55 39 19½
828 3816 44 21 cm
876 3845 10 9 .

236 3872 158 42 “First
425 3874 224 41 edition.”

168 3935 51 53 ©
242 3942 98 40 Oct.
366 3944 68 47 18,
459 3944 140 48 1935;
625 3946 66 40 2c.
717 3947 97 39 and
837 3947 82 39 aff.
945 3947 101 40 Oct.
1072 3947 81 46 29;
1181 3947 41 39 A
1248 3947 168 47 88051;
1445 3948 56 40 D.
1532 3948 219 49 Sargent,
1781 3949 152 41 South
1956 3946 191 50 Natick,

234 3999 142 40 Mass.
449 4000 253 48 (35-22375)
