<alto xmlns="http://www.loc.gov/standards/alto/ns-v3#" xmlns:xsi="http://www.w3.org/2001/XMLSchema-instance" xsi:schemaLocation="http://www.loc.gov/standards/alto/ns-v3# http://www.loc.gov/alto/v3/alto-3-0.xsd"><Description>
<MeasurementUnit>pixel</MeasurementUnit>
<sourceImageInformation>
<fileName>1935_v32_Part1.pdf</fileName>
</sourceImageInformation>
<OCRProcessing ID="IdOcr">
<ocrProcessingStep>
<processingDateTime>2019-01-15</processingDateTime>
<processingSoftware>
<softwareCreator>ABBYY</softwareCreator>
<softwareName>ABBYY Recognition Server</softwareName>
<softwareVersion>4.0</softwareVersion>
</processingSoftware>
</ocrProcessingStep>
</OCRProcessing>
</Description>
<Styles>
<ParagraphStyle ALIGN="Left" FIRSTLINE="0." ID="StyleId-FFFFFFFF-FFFF-FFFF-FFFF-FFFFFFFFFFFF-" LEFT="0." RIGHT="0." />
<ParagraphStyle ALIGN="Left" FIRSTLINE="0." ID="StyleId-09A13A44-4F77-4ABE-84F3-84CC8B3C72CE-" LEFT="0." LINESPACE="7.699999809" RIGHT="0." />
<ParagraphStyle ALIGN="Left" FIRSTLINE="-10." ID="StyleId-1F945060-F8CD-4435-B69A-5FF49DB0C586-" LEFT="0." LINESPACE="12.19999981" RIGHT="0." />
<ParagraphStyle ALIGN="Block" FIRSTLINE="-14." ID="StyleId-C6CAE747-F5A4-4D0D-8D74-D452DA7E2C1C-" LEFT="0." LINESPACE="8.350000381" RIGHT="0." />
<ParagraphStyle ALIGN="Left" FIRSTLINE="0." ID="StyleId-FC0F3374-189A-459E-BE29-2DC14180F022-" LEFT="0." RIGHT="0." />
<ParagraphStyle ALIGN="Left" FIRSTLINE="-12." ID="StyleId-49397C49-A894-4B3E-BA5E-1126226BA375-" LEFT="0." LINESPACE="11.09000015" RIGHT="0." />
<ParagraphStyle ALIGN="Block" FIRSTLINE="-14." ID="StyleId-9E34DD3A-E661-48BD-A3A1-6A3D48346F00-" LEFT="0." LINESPACE="11.09000015" RIGHT="0." />
<ParagraphStyle ALIGN="Left" FIRSTLINE="0." ID="StyleId-56CE54AA-A08B-4BAA-8605-F26020A0E36E-" LEFT="0." LINESPACE="9.399999619" RIGHT="0." />
<ParagraphStyle ALIGN="Left" FIRSTLINE="-11." ID="StyleId-77814FFC-C42F-4AA9-9880-EF33B947DEC8-" LEFT="0." LINESPACE="11.06999969" RIGHT="0." />
<ParagraphStyle ALIGN="Center" FIRSTLINE="0." ID="StyleId-FDE92EC0-67DC-4C7B-8A24-094B12C38B6C-" LEFT="0." LINESPACE="11.30000019" RIGHT="0." />
<ParagraphStyle ALIGN="Left" FIRSTLINE="0." ID="StyleId-65180E3B-4C93-4FB8-81EE-E026DD63DBF3-" LEFT="0." LINESPACE="11.10000038" RIGHT="0." />
<ParagraphStyle ALIGN="Left" FIRSTLINE="0." ID="StyleId-10E885C2-5813-4620-B0AA-0FBA30CF7A32-" LEFT="0." LINESPACE="9.5" RIGHT="0." />
<ParagraphStyle ALIGN="Left" FIRSTLINE="0." ID="StyleId-913C2DB5-9F02-4067-BAF7-0AED37B60BBE-" LEFT="0." LINESPACE="6.099999905" RIGHT="0." />
<ParagraphStyle ALIGN="Left" FIRSTLINE="0." ID="StyleId-9C79A9D2-8F08-4A8F-985D-B00E253ED1E5-" LEFT="0." LINESPACE="4.400000095" RIGHT="0." />
<ParagraphStyle ALIGN="Left" FIRSTLINE="0." ID="StyleId-A41F0407-FEFE-4738-9EC5-E05AFFF62781-" LEFT="0." LINESPACE="7.300000191" RIGHT="0." />
<ParagraphStyle ALIGN="Left" FIRSTLINE="0." ID="StyleId-61D37176-94E8-408D-9B87-01C406CE8AB2-" LEFT="0." LINESPACE="8.050000191" RIGHT="0." />
</Styles>
<Layout>
<Page HEIGHT="4375" ID="Page1522" PHYSICAL_IMG_NR="1522" WIDTH="2424">
<TopMargin HEIGHT="454" HPOS="0" VPOS="0" WIDTH="2424">
</TopMargin>
<LeftMargin HEIGHT="3684" HPOS="0" VPOS="454" WIDTH="264">
</LeftMargin>
<RightMargin HEIGHT="3684" HPOS="2284" VPOS="454" WIDTH="140">
</RightMargin>
<BottomMargin HEIGHT="237" HPOS="0" VPOS="4138" WIDTH="2424">
</BottomMargin>
<PrintSpace HEIGHT="3684" HPOS="264" VPOS="454" WIDTH="2020">
<TextBlock HEIGHT="68" HPOS="1184" ID="Page1522_Block1" LANG="en-US" STYLEREFS="StyleId-18035C5F-9717-4401-813D-9CCFAB0B9B9D-" VPOS="4070" WIDTH="152">
<TextLine HEIGHT="48" HPOS="1193" VPOS="4080" WIDTH="133">
<String CONTENT="1522" HEIGHT="48" HPOS="1193" VPOS="4080" WIDTH="133" />
</TextLine>
</TextBlock>
<TextBlock CS="1" HEIGHT="3600" HPOS="264" ID="Page1522_Block2" LANG="en-US" STYLEREFS="StyleId-09D3B69E-BF32-4B31-93B9-91956E27A9C9-" VPOS="454" WIDTH="2020">
<TextLine CS="1" HEIGHT="70" HPOS="280" STYLEREFS="StyleId-18035C5F-9717-4401-813D-9CCFAB0B9B9D-" VPOS="464" WIDTH="1988">
<String CONTENT="Childcraft" HEIGHT="55" HPOS="280" VPOS="464" WIDTH="331" />
<SP HEIGHT="49" HPOS="612" VPOS="469" WIDTH="45" />
<String CONTENT="&#8230;" CS="1" />
<SP HEIGHT="33" HPOS="714" VPOS="484" WIDTH="80" />
<String CONTENT="v." HEIGHT="34" HPOS="795" VPOS="484" WIDTH="50" />
<SP HEIGHT="48" HPOS="846" VPOS="470" WIDTH="39" />
<String CONTENT="1-6." HEIGHT="50" HPOS="886" VPOS="467" WIDTH="115" />
<SP HEIGHT="54" HPOS="1002" VPOS="466" WIDTH="78" />
<String CONTENT="Chicago," HEIGHT="66" HPOS="1081" VPOS="466" WIDTH="268" />
<SP HEIGHT="55" HPOS="1350" VPOS="467" WIDTH="35" />
<String CONTENT="W." HEIGHT="53" HPOS="1386" VPOS="467" WIDTH="89" />
<SP HEIGHT="51" HPOS="1476" VPOS="467" WIDTH="40" />
<String CONTENT="F." HEIGHT="51" HPOS="1517" VPOS="467" WIDTH="63" />
<SP HEIGHT="63" HPOS="1581" VPOS="465" WIDTH="42" />
<String CONTENT="Quarrie" HEIGHT="63" HPOS="1624" VPOS="465" WIDTH="244" />
<SP HEIGHT="49" HPOS="1869" VPOS="469" WIDTH="37" />
<String CONTENT="&amp;" HEIGHT="49" HPOS="1907" VPOS="469" WIDTH="45" />
<SP HEIGHT="51" HPOS="1953" VPOS="469" WIDTH="37" />
<String CONTENT="company" HEIGHT="48" HPOS="1991" VPOS="486" WIDTH="277" />
</TextLine>
<TextLine HEIGHT="63" HPOS="353" STYLEREFS="StyleId-18035C5F-9717-4401-813D-9CCFAB0B9B9D-" VPOS="547" WIDTH="191">
<String CONTENT="[" HEIGHT="33" HPOS="353" STYLE="subscript" VPOS="577" WIDTH="12" />
<String CONTENT="c" HEIGHT="20" HPOS="371" STYLE="superscript" VPOS="551" WIDTH="17" />
<String CONTENT="1935" HEIGHT="49" HPOS="395" VPOS="547" WIDTH="130" />
<String CONTENT="]" HEIGHT="33" HPOS="533" STYLE="subscript" VPOS="577" WIDTH="11" />
</TextLine>
<TextLine CS="1" HEIGHT="48" HPOS="344" VPOS="615" WIDTH="1345">
<String CONTENT="3" HEIGHT="38" HPOS="344" VPOS="617" WIDTH="24" />
<SP HEIGHT="38" HPOS="369" VPOS="617" WIDTH="28" />
<String CONTENT="v." HEIGHT="27" HPOS="398" VPOS="628" WIDTH="41" />
<SP HEIGHT="29" HPOS="440" VPOS="627" WIDTH="52" />
<String CONTENT="col." HEIGHT="39" HPOS="493" VPOS="617" WIDTH="85" />
<SP HEIGHT="39" HPOS="579" VPOS="616" WIDTH="26" />
<String CONTENT="fronts.," HEIGHT="46" HPOS="606" VPOS="616" WIDTH="189" />
<SP HEIGHT="47" HPOS="796" VPOS="615" WIDTH="25" />
<String CONTENT="illus.," HEIGHT="42" HPOS="822" VPOS="615" WIDTH="140" />
<SP HEIGHT="30" HPOS="963" VPOS="627" WIDTH="29" />
<String CONTENT="col." HEIGHT="39" HPOS="993" VPOS="616" WIDTH="85" />
<SP HEIGHT="36" HPOS="1079" VPOS="626" WIDTH="29" />
<String CONTENT="plates," HEIGHT="46" HPOS="1109" VPOS="616" WIDTH="171" />
<SP HEIGHT="45" HPOS="1281" VPOS="616" WIDTH="27" />
<String CONTENT="diagrs." HEIGHT="47" HPOS="1309" VPOS="616" WIDTH="179" />
<SP HEIGHT="40" HPOS="1489" VPOS="615" WIDTH="54" />
<String CONTENT="25&#189;" CS="1" HEIGHT="40" HPOS="1544" VPOS="615" WIDTH="59" />
<String CONTENT="cm" HEIGHT="21" HPOS="1632" STYLE="superscript" VPOS="618" WIDTH="43" />
<String CONTENT="." HEIGHT="8" HPOS="1681" VPOS="648" WIDTH="8" />
</TextLine>
<TextLine HEIGHT="51" HPOS="346" VPOS="671" WIDTH="1923">
<String CONTENT="Vols." HEIGHT="39" HPOS="346" VPOS="674" WIDTH="128" />
<SP HEIGHT="40" HPOS="475" VPOS="673" WIDTH="27" />
<String CONTENT="1-3" HEIGHT="39" HPOS="503" VPOS="673" WIDTH="83" />
<SP HEIGHT="39" HPOS="587" VPOS="673" WIDTH="29" />
<String CONTENT="were" HEIGHT="30" HPOS="617" VPOS="682" WIDTH="126" />
<SP HEIGHT="29" HPOS="744" VPOS="683" WIDTH="25" />
<String CONTENT="originally" HEIGHT="49" HPOS="770" VPOS="671" WIDTH="259" />
<SP HEIGHT="37" HPOS="1030" VPOS="682" WIDTH="24" />
<String CONTENT="published" HEIGHT="48" HPOS="1055" VPOS="671" WIDTH="255" />
<SP HEIGHT="39" HPOS="1311" VPOS="672" WIDTH="27" />
<String CONTENT="under" HEIGHT="40" HPOS="1339" VPOS="672" WIDTH="156" />
<SP HEIGHT="36" HPOS="1496" VPOS="676" WIDTH="24" />
<String CONTENT="title:" HEIGHT="40" HPOS="1521" VPOS="672" WIDTH="135" />
<SP HEIGHT="39" HPOS="1657" VPOS="673" WIDTH="29" />
<String CONTENT="The" HEIGHT="39" HPOS="1687" VPOS="673" WIDTH="103" />
<SP HEIGHT="30" HPOS="1791" VPOS="683" WIDTH="25" />
<String CONTENT="child&#8217;s" HEIGHT="41" HPOS="1817" VPOS="672" WIDTH="169" />
<SP HEIGHT="38" HPOS="1987" VPOS="676" WIDTH="29" />
<String CONTENT="treasury;" HEIGHT="46" HPOS="2017" VPOS="676" WIDTH="252" />
</TextLine>
<TextLine HEIGHT="49" HPOS="278" VPOS="728" WIDTH="1995">
<String CONTENT="editor." HEIGHT="42" HPOS="278" VPOS="730" WIDTH="169" />
<SP HEIGHT="41" HPOS="448" VPOS="731" WIDTH="34" />
<String CONTENT="May" HEIGHT="45" HPOS="483" VPOS="731" WIDTH="114" />
<SP HEIGHT="46" HPOS="598" VPOS="730" WIDTH="34" />
<String CONTENT="Hill." HEIGHT="39" HPOS="633" VPOS="729" WIDTH="116" />
<SP HEIGHT="39" HPOS="750" VPOS="729" WIDTH="63" />
<String CONTENT="The" HEIGHT="39" HPOS="814" VPOS="729" WIDTH="102" />
<SP HEIGHT="29" HPOS="917" VPOS="739" WIDTH="32" />
<String CONTENT="selections" HEIGHT="41" HPOS="950" VPOS="728" WIDTH="255" />
<SP HEIGHT="39" HPOS="1206" VPOS="728" WIDTH="34" />
<String CONTENT="included" HEIGHT="41" HPOS="1241" VPOS="728" WIDTH="222" />
<SP HEIGHT="39" HPOS="1464" VPOS="729" WIDTH="35" />
<String CONTENT="in" HEIGHT="38" HPOS="1500" VPOS="729" WIDTH="48" />
<SP HEIGHT="38" HPOS="1549" VPOS="731" WIDTH="36" />
<String CONTENT="the" HEIGHT="39" HPOS="1586" VPOS="730" WIDTH="83" />
<SP HEIGHT="37" HPOS="1670" VPOS="740" WIDTH="29" />
<String CONTENT="present" HEIGHT="44" HPOS="1700" VPOS="733" WIDTH="194" />
<SP HEIGHT="37" HPOS="1895" VPOS="733" WIDTH="35" />
<String CONTENT="edition" HEIGHT="41" HPOS="1931" VPOS="729" WIDTH="182" />
<SP HEIGHT="37" HPOS="2114" VPOS="732" WIDTH="34" />
<String CONTENT="have" HEIGHT="39" HPOS="2149" VPOS="732" WIDTH="124" />
</TextLine>
<TextLine HEIGHT="48" HPOS="277" VPOS="784" WIDTH="1888">
<String CONTENT="been" HEIGHT="39" HPOS="277" VPOS="787" WIDTH="114" />
<SP HEIGHT="29" HPOS="392" VPOS="797" WIDTH="27" />
<String CONTENT="chosen" HEIGHT="39" HPOS="420" VPOS="787" WIDTH="174" />
<SP HEIGHT="29" HPOS="595" VPOS="796" WIDTH="27" />
<String CONTENT="with" HEIGHT="40" HPOS="623" VPOS="785" WIDTH="119" />
<SP HEIGHT="39" HPOS="743" VPOS="786" WIDTH="27" />
<String CONTENT="the" HEIGHT="39" HPOS="771" VPOS="786" WIDTH="82" />
<SP HEIGHT="29" HPOS="854" VPOS="796" WIDTH="23" />
<String CONTENT="assistance" HEIGHT="40" HPOS="878" VPOS="785" WIDTH="269" />
<SP HEIGHT="29" HPOS="1148" VPOS="796" WIDTH="27" />
<String CONTENT="of" HEIGHT="41" HPOS="1176" VPOS="784" WIDTH="51" />
<SP HEIGHT="40" HPOS="1228" VPOS="784" WIDTH="25" />
<String CONTENT="Alice" HEIGHT="41" HPOS="1254" VPOS="784" WIDTH="133" />
<SP HEIGHT="39" HPOS="1388" VPOS="786" WIDTH="26" />
<String CONTENT="Dalgliesh" HEIGHT="48" HPOS="1415" VPOS="784" WIDTH="250" />
<SP HEIGHT="39" HPOS="1666" VPOS="786" WIDTH="26" />
<String CONTENT="and" HEIGHT="38" HPOS="1693" VPOS="787" WIDTH="96" />
<SP HEIGHT="38" HPOS="1790" VPOS="787" WIDTH="25" />
<String CONTENT="W." HEIGHT="39" HPOS="1816" VPOS="787" WIDTH="70" />
<SP HEIGHT="38" HPOS="1887" VPOS="788" WIDTH="30" />
<String CONTENT="D." HEIGHT="37" HPOS="1918" VPOS="788" WIDTH="53" />
<SP HEIGHT="38" HPOS="1972" VPOS="787" WIDTH="28" />
<String CONTENT="Howe." HEIGHT="40" HPOS="2001" VPOS="787" WIDTH="164" />
</TextLine>
<TextLine HEIGHT="50" HPOS="349" VPOS="841" WIDTH="1920">
<String CONTENT="Vols." HEIGHT="38" HPOS="349" VPOS="844" WIDTH="127" />
<SP HEIGHT="38" HPOS="477" VPOS="844" WIDTH="29" />
<String CONTENT="4-6" HEIGHT="40" HPOS="507" VPOS="843" WIDTH="89" />
<SP HEIGHT="40" HPOS="597" VPOS="843" WIDTH="25" />
<String CONTENT="have" HEIGHT="38" HPOS="623" VPOS="844" WIDTH="125" />
<SP HEIGHT="40" HPOS="749" VPOS="842" WIDTH="26" />
<String CONTENT="been" HEIGHT="40" HPOS="776" VPOS="842" WIDTH="115" />
<SP HEIGHT="38" HPOS="892" VPOS="852" WIDTH="29" />
<String CONTENT="prepared" HEIGHT="47" HPOS="922" VPOS="843" WIDTH="236" />
<SP HEIGHT="38" HPOS="1159" VPOS="843" WIDTH="31" />
<String CONTENT="under" HEIGHT="39" HPOS="1191" VPOS="842" WIDTH="152" />
<SP HEIGHT="36" HPOS="1344" VPOS="845" WIDTH="29" />
<String CONTENT="the" HEIGHT="38" HPOS="1374" VPOS="843" WIDTH="80" />
<SP HEIGHT="38" HPOS="1455" VPOS="843" WIDTH="29" />
<String CONTENT="direction" HEIGHT="41" HPOS="1485" VPOS="841" WIDTH="237" />
<SP HEIGHT="29" HPOS="1723" VPOS="853" WIDTH="29" />
<String CONTENT="of" HEIGHT="39" HPOS="1753" VPOS="843" WIDTH="51" />
<SP HEIGHT="39" HPOS="1805" VPOS="843" WIDTH="33" />
<String CONTENT="S." HEIGHT="38" HPOS="1839" VPOS="844" WIDTH="42" />
<SP HEIGHT="38" HPOS="1882" VPOS="844" WIDTH="32" />
<String CONTENT="E." HEIGHT="39" HPOS="1915" VPOS="844" WIDTH="52" />
<SP HEIGHT="40" HPOS="1968" VPOS="843" WIDTH="32" />
<String CONTENT="Farquliar," HEIGHT="48" HPOS="2001" VPOS="843" WIDTH="268" />
</TextLine>
<TextLine HEIGHT="49" HPOS="279" VPOS="898" WIDTH="1799">
<String CONTENT="managing" HEIGHT="47" HPOS="279" VPOS="900" WIDTH="259" />
<SP HEIGHT="36" HPOS="539" VPOS="910" WIDTH="26" />
<String CONTENT="editor," HEIGHT="46" HPOS="566" VPOS="900" WIDTH="170" />
<SP HEIGHT="37" HPOS="737" VPOS="909" WIDTH="29" />
<String CONTENT="and" HEIGHT="38" HPOS="767" VPOS="900" WIDTH="94" />
<SP HEIGHT="38" HPOS="862" VPOS="900" WIDTH="27" />
<String CONTENT="Bernadine" HEIGHT="40" HPOS="890" VPOS="898" WIDTH="275" />
<SP HEIGHT="39" HPOS="1166" VPOS="899" WIDTH="29" />
<String CONTENT="F." HEIGHT="39" HPOS="1196" VPOS="899" WIDTH="49" />
<SP HEIGHT="38" HPOS="1246" VPOS="900" WIDTH="31" />
<String CONTENT="Bailey," HEIGHT="48" HPOS="1278" VPOS="898" WIDTH="183" />
<SP HEIGHT="45" HPOS="1462" VPOS="900" WIDTH="30" />
<String CONTENT="directing" HEIGHT="49" HPOS="1493" VPOS="898" WIDTH="240" />
<SP HEIGHT="37" HPOS="1734" VPOS="910" WIDTH="25" />
<String CONTENT="staif'" HEIGHT="40" HPOS="1760" VPOS="899" WIDTH="121" />
<SP HEIGHT="41" HPOS="1882" VPOS="899" WIDTH="25" />
<String CONTENT="editor." HEIGHT="41" HPOS="1908" VPOS="900" WIDTH="170" />
</TextLine>
<TextLine HEIGHT="41" HPOS="349" VPOS="956" WIDTH="418">
<String CONTENT="Includes" HEIGHT="39" HPOS="349" VPOS="958" WIDTH="224" />
<SP HEIGHT="28" HPOS="574" VPOS="968" WIDTH="25" />
<String CONTENT="music." HEIGHT="40" HPOS="600" VPOS="956" WIDTH="167" />
</TextLine>
<TextLine HEIGHT="50" HPOS="349" VPOS="1011" WIDTH="1479">
<String CONTENT="&quot;Reading" HEIGHT="47" HPOS="349" VPOS="1014" WIDTH="249" />
<SP HEIGHT="37" HPOS="599" VPOS="1024" WIDTH="21" />
<String CONTENT="references&#8221;" HEIGHT="41" HPOS="621" VPOS="1011" WIDTH="299" />
<SP HEIGHT="41" HPOS="921" VPOS="1011" WIDTH="24" />
<String CONTENT="at" HEIGHT="38" HPOS="946" VPOS="1014" WIDTH="52" />
<SP HEIGHT="38" HPOS="999" VPOS="1014" WIDTH="24" />
<String CONTENT="end" HEIGHT="38" HPOS="1024" VPOS="1013" WIDTH="91" />
<SP HEIGHT="39" HPOS="1116" VPOS="1013" WIDTH="26" />
<String CONTENT="of" HEIGHT="40" HPOS="1143" VPOS="1012" WIDTH="52" />
<SP HEIGHT="39" HPOS="1196" VPOS="1012" WIDTH="19" />
<String CONTENT="each" HEIGHT="39" HPOS="1216" VPOS="1013" WIDTH="118" />
<SP HEIGHT="38" HPOS="1335" VPOS="1013" WIDTH="23" />
<String CONTENT="chapter" HEIGHT="47" HPOS="1359" VPOS="1012" WIDTH="200" />
<SP HEIGHT="30" HPOS="1560" VPOS="1022" WIDTH="22" />
<String CONTENT="of" HEIGHT="40" HPOS="1583" VPOS="1012" WIDTH="53" />
<SP HEIGHT="39" HPOS="1637" VPOS="1012" WIDTH="23" />
<String CONTENT="v." HEIGHT="29" HPOS="1661" VPOS="1023" WIDTH="41" />
<SP HEIGHT="39" HPOS="1703" VPOS="1013" WIDTH="25" />
<String CONTENT="4-5." HEIGHT="39" HPOS="1729" VPOS="1013" WIDTH="99" />
</TextLine>
<TextLine CS="1" HEIGHT="49" HPOS="625" VPOS="1068" WIDTH="1648">
<String CONTENT="CONTENTS.&#8212;v." CS="1" HEIGHT="29" HPOS="625" VPOS="1080" WIDTH="105" />
<SP HEIGHT="41" HPOS="731" VPOS="1068" WIDTH="39" />
<String CONTENT="4." HEIGHT="41" HPOS="771" VPOS="1068" WIDTH="41" />
<SP HEIGHT="39" HPOS="813" VPOS="1070" WIDTH="39" />
<String CONTENT="The" HEIGHT="39" HPOS="853" VPOS="1070" WIDTH="103" />
<SP HEIGHT="29" HPOS="957" VPOS="1080" WIDTH="34" />
<String CONTENT="child" HEIGHT="40" HPOS="992" VPOS="1068" WIDTH="128" />
<SP HEIGHT="39" HPOS="1121" VPOS="1070" WIDTH="39" />
<String CONTENT="at" HEIGHT="37" HPOS="1161" VPOS="1072" WIDTH="50" />
<SP HEIGHT="40" HPOS="1212" VPOS="1069" WIDTH="38" />
<String CONTENT="home;" HEIGHT="45" HPOS="1251" VPOS="1069" WIDTH="164" />
<SP HEIGHT="45" HPOS="1416" VPOS="1069" WIDTH="42" />
<String CONTENT="introduction" HEIGHT="40" HPOS="1459" VPOS="1069" WIDTH="329" />
<SP HEIGHT="37" HPOS="1789" VPOS="1070" WIDTH="38" />
<String CONTENT="by" HEIGHT="47" HPOS="1828" VPOS="1070" WIDTH="61" />
<SP HEIGHT="47" HPOS="1890" VPOS="1070" WIDTH="36" />
<String CONTENT="Patty" HEIGHT="47" HPOS="1927" VPOS="1070" WIDTH="146" />
<SP HEIGHT="46" HPOS="2074" VPOS="1071" WIDTH="42" />
<String CONTENT="Smith" HEIGHT="42" HPOS="2117" VPOS="1068" WIDTH="156" />
</TextLine>
<TextLine HEIGHT="49" HPOS="281" VPOS="1124" WIDTH="1546">
<String CONTENT="Hill.&#8212;v." HEIGHT="40" HPOS="281" VPOS="1127" WIDTH="224" />
<SP HEIGHT="41" HPOS="506" VPOS="1126" WIDTH="25" />
<String CONTENT="5." HEIGHT="41" HPOS="532" VPOS="1126" WIDTH="42" />
<SP HEIGHT="38" HPOS="575" VPOS="1128" WIDTH="24" />
<String CONTENT="The" HEIGHT="38" HPOS="600" VPOS="1128" WIDTH="102" />
<SP HEIGHT="28" HPOS="703" VPOS="1138" WIDTH="23" />
<String CONTENT="child" HEIGHT="40" HPOS="727" VPOS="1126" WIDTH="128" />
<SP HEIGHT="38" HPOS="856" VPOS="1128" WIDTH="25" />
<String CONTENT="at" HEIGHT="38" HPOS="882" VPOS="1128" WIDTH="51" />
<SP HEIGHT="38" HPOS="934" VPOS="1128" WIDTH="25" />
<String CONTENT="school.&#8212;v." HEIGHT="39" HPOS="960" VPOS="1126" WIDTH="282" />
<SP HEIGHT="41" HPOS="1243" VPOS="1124" WIDTH="28" />
<String CONTENT="6." HEIGHT="41" HPOS="1272" VPOS="1124" WIDTH="45" />
<SP HEIGHT="39" HPOS="1318" VPOS="1126" WIDTH="21" />
<String CONTENT="The" HEIGHT="38" HPOS="1340" VPOS="1126" WIDTH="100" />
<SP HEIGHT="29" HPOS="1441" VPOS="1136" WIDTH="25" />
<String CONTENT="child" HEIGHT="40" HPOS="1467" VPOS="1125" WIDTH="128" />
<SP HEIGHT="39" HPOS="1596" VPOS="1126" WIDTH="26" />
<String CONTENT="at" HEIGHT="37" HPOS="1623" VPOS="1128" WIDTH="53" />
<SP HEIGHT="45" HPOS="1677" VPOS="1128" WIDTH="23" />
<String CONTENT="play." HEIGHT="47" HPOS="1701" VPOS="1126" WIDTH="126" />
</TextLine>
<TextLine HEIGHT="53" HPOS="279" VPOS="1181" WIDTH="1995">
<String CONTENT="&#169;" HEIGHT="52" HPOS="279" VPOS="1182" WIDTH="52" />
<SP HEIGHT="52" HPOS="332" VPOS="1182" WIDTH="21" />
<String CONTENT="June" HEIGHT="39" HPOS="354" VPOS="1185" WIDTH="126" />
<SP HEIGHT="39" HPOS="481" VPOS="1185" WIDTH="21" />
<String CONTENT="20," HEIGHT="47" HPOS="503" VPOS="1184" WIDTH="70" />
<SP HEIGHT="46" HPOS="574" VPOS="1185" WIDTH="23" />
<String CONTENT="1935;" HEIGHT="46" HPOS="598" VPOS="1182" WIDTH="139" />
<SP HEIGHT="46" HPOS="738" VPOS="1182" WIDTH="25" />
<String CONTENT="2c." HEIGHT="41" HPOS="764" VPOS="1182" WIDTH="67" />
<SP HEIGHT="29" HPOS="832" VPOS="1194" WIDTH="24" />
<String CONTENT="each" HEIGHT="39" HPOS="857" VPOS="1183" WIDTH="116" />
<SP HEIGHT="39" HPOS="974" VPOS="1183" WIDTH="24" />
<String CONTENT="June" HEIGHT="39" HPOS="999" VPOS="1183" WIDTH="128" />
<SP HEIGHT="40" HPOS="1128" VPOS="1182" WIDTH="17" />
<String CONTENT="25;" HEIGHT="47" HPOS="1146" VPOS="1182" WIDTH="82" />
<SP HEIGHT="37" HPOS="1229" VPOS="1192" WIDTH="26" />
<String CONTENT="aff." HEIGHT="40" HPOS="1256" VPOS="1181" WIDTH="81" />
<SP HEIGHT="39" HPOS="1338" VPOS="1182" WIDTH="26" />
<String CONTENT="June" HEIGHT="39" HPOS="1365" VPOS="1182" WIDTH="125" />
<SP HEIGHT="39" HPOS="1491" VPOS="1182" WIDTH="23" />
<String CONTENT="22;" HEIGHT="46" HPOS="1515" VPOS="1182" WIDTH="82" />
<SP HEIGHT="46" HPOS="1598" VPOS="1182" WIDTH="26" />
<String CONTENT="A" HEIGHT="39" HPOS="1625" VPOS="1182" WIDTH="40" />
<SP HEIGHT="40" HPOS="1666" VPOS="1182" WIDTH="24" />
<String CONTENT="83772:" HEIGHT="41" HPOS="1691" VPOS="1182" WIDTH="169" />
<SP HEIGHT="40" HPOS="1861" VPOS="1183" WIDTH="27" />
<String CONTENT="W." HEIGHT="39" HPOS="1889" VPOS="1183" WIDTH="69" />
<SP HEIGHT="38" HPOS="1959" VPOS="1183" WIDTH="28" />
<String CONTENT="F." HEIGHT="39" HPOS="1988" VPOS="1183" WIDTH="50" />
<SP HEIGHT="47" HPOS="2039" VPOS="1182" WIDTH="26" />
<String CONTENT="Quarrie" HEIGHT="47" HPOS="2066" VPOS="1182" WIDTH="208" />
</TextLine>
<TextLine HEIGHT="38" HPOS="350" VPOS="1243" WIDTH="131">
<String CONTENT="&amp;" HEIGHT="38" HPOS="350" VPOS="1243" WIDTH="34" />
<SP HEIGHT="38" HPOS="385" VPOS="1243" WIDTH="29" />
<String CONTENT="co." HEIGHT="28" HPOS="415" VPOS="1253" WIDTH="66" />
</TextLine>
<TextLine HEIGHT="65" HPOS="282" STYLEREFS="StyleId-9077FD9F-19B2-4FFE-9C92-8BD89C8FED4A-" VPOS="1344" WIDTH="719">
<String CONTENT="Collins," HEIGHT="64" HPOS="282" VPOS="1345" WIDTH="234" />
<SP HEIGHT="63" HPOS="517" VPOS="1346" WIDTH="25" />
<String CONTENT="Mary" HEIGHT="61" HPOS="543" VPOS="1346" WIDTH="173" />
<SP HEIGHT="63" HPOS="717" VPOS="1344" WIDTH="24" />
<String CONTENT="Barrow." HEIGHT="54" HPOS="742" VPOS="1344" WIDTH="259" />
</TextLine>
<TextLine HEIGHT="70" HPOS="349" STYLEREFS="StyleId-18035C5F-9717-4401-813D-9CCFAB0B9B9D-" VPOS="1417" WIDTH="1924">
<String CONTENT="Instruct" HEIGHT="52" HPOS="349" VPOS="1422" WIDTH="253" />
<SP HEIGHT="47" HPOS="603" VPOS="1425" WIDTH="39" />
<String CONTENT="my" HEIGHT="49" HPOS="643" VPOS="1438" WIDTH="96" />
<SP HEIGHT="68" HPOS="740" VPOS="1419" WIDTH="36" />
<String CONTENT="heart," HEIGHT="67" HPOS="777" VPOS="1419" WIDTH="179" />
<SP HEIGHT="68" HPOS="957" VPOS="1418" WIDTH="153" />
<String CONTENT="Mary" HEIGHT="68" HPOS="1111" VPOS="1418" WIDTH="171" />
<SP HEIGHT="67" HPOS="1283" VPOS="1419" WIDTH="37" />
<String CONTENT="Barrow" HEIGHT="51" HPOS="1321" VPOS="1419" WIDTH="238" />
<SP HEIGHT="54" HPOS="1560" VPOS="1417" WIDTH="40" />
<String CONTENT="Collins." HEIGHT="54" HPOS="1601" VPOS="1417" WIDTH="233" />
<SP HEIGHT="52" HPOS="1835" VPOS="1419" WIDTH="77" />
<String CONTENT="New" HEIGHT="52" HPOS="1913" VPOS="1419" WIDTH="138" />
<SP HEIGHT="51" HPOS="2052" VPOS="1421" WIDTH="40" />
<String CONTENT="York," HEIGHT="67" HPOS="2093" VPOS="1420" WIDTH="180" />
</TextLine>
<TextLine HEIGHT="68" HPOS="278" STYLEREFS="StyleId-18035C5F-9717-4401-813D-9CCFAB0B9B9D-" VPOS="1499" WIDTH="918">
<String CONTENT="N." HEIGHT="53" HPOS="278" VPOS="1499" WIDTH="68" />
<SP HEIGHT="53" HPOS="347" VPOS="1499" WIDTH="31" />
<String CONTENT="Y.," HEIGHT="68" HPOS="379" VPOS="1499" WIDTH="91" />
<SP HEIGHT="68" HPOS="471" VPOS="1499" WIDTH="25" />
<String CONTENT="Parnassus" HEIGHT="52" HPOS="497" VPOS="1499" WIDTH="317" />
<SP HEIGHT="49" HPOS="815" VPOS="1515" WIDTH="26" />
<String CONTENT="press," HEIGHT="49" HPOS="842" VPOS="1515" WIDTH="173" />
<SP HEIGHT="62" HPOS="1016" VPOS="1501" WIDTH="29" />
<String CONTENT="1934." HEIGHT="50" HPOS="1046" VPOS="1499" WIDTH="150" />
</TextLine>
<TextLine CS="1" HEIGHT="51" HPOS="350" VPOS="1570" WIDTH="429">
<String CONTENT="94" HEIGHT="40" HPOS="350" VPOS="1573" WIDTH="56" />
<SP HEIGHT="47" HPOS="407" VPOS="1574" WIDTH="25" />
<String CONTENT="p.," CS="1" />
<SP />
<String CONTENT="1" CS="1" />
<SP />
<String CONTENT="l." CS="1" />
<SP HEIGHT="41" HPOS="603" VPOS="1570" WIDTH="58" />
<String CONTENT="20" HEIGHT="41" HPOS="662" VPOS="1570" WIDTH="57" />
<String CONTENT="cm" HEIGHT="22" HPOS="721" STYLE="superscript" VPOS="1572" WIDTH="43" />
<String CONTENT="." HEIGHT="8" HPOS="771" VPOS="1602" WIDTH="8" />
</TextLine>
<TextLine CS="1" HEIGHT="50" HPOS="352" VPOS="1625" WIDTH="1921">
<String CONTENT="&#8220;202" HEIGHT="39" HPOS="352" VPOS="1629" WIDTH="114" />
<SP HEIGHT="38" HPOS="467" VPOS="1629" WIDTH="19" />
<String CONTENT="copies" HEIGHT="48" HPOS="487" VPOS="1627" WIDTH="159" />
<SP HEIGHT="29" HPOS="647" VPOS="1637" WIDTH="25" />
<String CONTENT="&#8230;" CS="1" />
<SP HEIGHT="38" HPOS="719" VPOS="1627" WIDTH="21" />
<String CONTENT="have" HEIGHT="38" HPOS="741" VPOS="1627" WIDTH="123" />
<SP HEIGHT="38" HPOS="865" VPOS="1627" WIDTH="22" />
<String CONTENT="been" HEIGHT="38" HPOS="888" VPOS="1627" WIDTH="117" />
<SP HEIGHT="36" HPOS="1006" VPOS="1637" WIDTH="20" />
<String CONTENT="printed" HEIGHT="47" HPOS="1027" VPOS="1626" WIDTH="192" />
<SP HEIGHT="38" HPOS="1220" VPOS="1626" WIDTH="27" />
<String CONTENT="&#8230;" CS="1" />
<SP HEIGHT="27" HPOS="1293" VPOS="1637" WIDTH="26" />
<String CONTENT="on" HEIGHT="28" HPOS="1320" VPOS="1636" WIDTH="60" />
<SP HEIGHT="37" HPOS="1381" VPOS="1626" WIDTH="22" />
<String CONTENT="Agecroft" HEIGHT="47" HPOS="1404" VPOS="1625" WIDTH="231" />
<SP HEIGHT="36" HPOS="1636" VPOS="1628" WIDTH="21" />
<String CONTENT="text" HEIGHT="37" HPOS="1658" VPOS="1627" WIDTH="106" />
<SP HEIGHT="39" HPOS="1765" VPOS="1625" WIDTH="17" />
<String CONTENT="book" HEIGHT="39" HPOS="1783" VPOS="1625" WIDTH="122" />
<SP HEIGHT="48" HPOS="1906" VPOS="1625" WIDTH="21" />
<String CONTENT="paper" HEIGHT="37" HPOS="1928" VPOS="1636" WIDTH="148" />
<SP HEIGHT="27" HPOS="2077" VPOS="1637" WIDTH="24" />
<String CONTENT="&#8230;" CS="1" />
<SP HEIGHT="37" HPOS="2148" VPOS="1629" WIDTH="26" />
<String CONTENT="this" HEIGHT="41" HPOS="2175" VPOS="1627" WIDTH="98" />
</TextLine>
<TextLine HEIGHT="52" HPOS="279" VPOS="1680" WIDTH="544">
<String CONTENT="copy" HEIGHT="37" HPOS="279" VPOS="1695" WIDTH="120" />
<SP HEIGHT="48" HPOS="400" VPOS="1683" WIDTH="23" />
<String CONTENT="is" HEIGHT="40" HPOS="424" VPOS="1683" WIDTH="44" />
<SP HEIGHT="30" HPOS="469" VPOS="1693" WIDTH="24" />
<String CONTENT="number" HEIGHT="39" HPOS="494" VPOS="1683" WIDTH="204" />
<SP HEIGHT="38" HPOS="699" VPOS="1684" WIDTH="24" />
<String CONTENT="77.&#8221;" HEIGHT="42" HPOS="724" VPOS="1680" WIDTH="99" />
</TextLine>
<TextLine HEIGHT="39" HPOS="350" VPOS="1741" WIDTH="184">
<String CONTENT="Poems." HEIGHT="39" HPOS="350" VPOS="1741" WIDTH="184" />
</TextLine>
<TextLine HEIGHT="53" HPOS="279" VPOS="1792" WIDTH="1991">
<String CONTENT="&#169;" HEIGHT="52" HPOS="279" VPOS="1793" WIDTH="52" />
<SP HEIGHT="52" HPOS="332" VPOS="1793" WIDTH="24" />
<String CONTENT="Dec." HEIGHT="38" HPOS="357" VPOS="1798" WIDTH="111" />
<SP HEIGHT="40" HPOS="469" VPOS="1796" WIDTH="24" />
<String CONTENT="20," HEIGHT="49" HPOS="494" VPOS="1795" WIDTH="69" />
<SP HEIGHT="47" HPOS="564" VPOS="1797" WIDTH="25" />
<String CONTENT="1934;" HEIGHT="47" HPOS="590" VPOS="1794" WIDTH="140" />
<SP HEIGHT="46" HPOS="731" VPOS="1795" WIDTH="25" />
<String CONTENT="2c." HEIGHT="39" HPOS="757" VPOS="1795" WIDTH="67" />
<SP HEIGHT="29" HPOS="825" VPOS="1805" WIDTH="25" />
<String CONTENT="and" HEIGHT="38" HPOS="851" VPOS="1795" WIDTH="92" />
<SP HEIGHT="38" HPOS="944" VPOS="1795" WIDTH="26" />
<String CONTENT="aff." HEIGHT="40" HPOS="971" VPOS="1793" WIDTH="80" />
<SP HEIGHT="40" HPOS="1052" VPOS="1793" WIDTH="27" />
<String CONTENT="Oct." HEIGHT="40" HPOS="1080" VPOS="1793" WIDTH="101" />
<SP HEIGHT="38" HPOS="1182" VPOS="1794" WIDTH="22" />
<String CONTENT="26," HEIGHT="41" HPOS="1205" VPOS="1794" WIDTH="68" />
<SP HEIGHT="41" HPOS="1274" VPOS="1794" WIDTH="26" />
<String CONTENT="1935;" HEIGHT="43" HPOS="1301" VPOS="1792" WIDTH="139" />
<SP HEIGHT="42" HPOS="1441" VPOS="1793" WIDTH="28" />
<String CONTENT="A" HEIGHT="39" HPOS="1470" VPOS="1793" WIDTH="40" />
<SP HEIGHT="40" HPOS="1511" VPOS="1793" WIDTH="24" />
<String CONTENT="87973;" HEIGHT="47" HPOS="1536" VPOS="1792" WIDTH="168" />
<SP HEIGHT="45" HPOS="1705" VPOS="1794" WIDTH="30" />
<String CONTENT="M." HEIGHT="39" HPOS="1736" VPOS="1794" WIDTH="61" />
<SP HEIGHT="38" HPOS="1798" VPOS="1795" WIDTH="27" />
<String CONTENT="B." HEIGHT="39" HPOS="1826" VPOS="1795" WIDTH="52" />
<SP HEIGHT="40" HPOS="1879" VPOS="1794" WIDTH="25" />
<String CONTENT="Collins," HEIGHT="50" HPOS="1905" VPOS="1792" WIDTH="195" />
<SP HEIGHT="46" HPOS="2101" VPOS="1796" WIDTH="27" />
<String CONTENT="Pearl" HEIGHT="39" HPOS="2129" VPOS="1796" WIDTH="141" />
</TextLine>
<TextLine HEIGHT="51" HPOS="348" VPOS="1850" WIDTH="625">
<String CONTENT="River," HEIGHT="48" HPOS="348" VPOS="1853" WIDTH="159" />
<SP HEIGHT="48" HPOS="508" VPOS="1853" WIDTH="32" />
<String CONTENT="La." HEIGHT="39" HPOS="541" VPOS="1853" WIDTH="82" />
<SP HEIGHT="48" HPOS="624" VPOS="1852" WIDTH="69" />
<String CONTENT="(35-21932)" HEIGHT="50" HPOS="694" VPOS="1850" WIDTH="279" />
</TextLine>
<TextLine HEIGHT="67" HPOS="284" STYLEREFS="StyleId-9077FD9F-19B2-4FFE-9C92-8BD89C8FED4A-" VPOS="1957" WIDTH="508">
<String CONTENT="[Conger," HEIGHT="65" HPOS="284" VPOS="1959" WIDTH="265" />
<SP HEIGHT="62" HPOS="550" VPOS="1958" WIDTH="27" />
<String CONTENT="Beach]" HEIGHT="65" HPOS="578" VPOS="1957" WIDTH="214" />
</TextLine>
<TextLine CS="1" HEIGHT="147" HPOS="281" STYLEREFS="StyleId-18035C5F-9717-4401-813D-9CCFAB0B9B9D-" VPOS="2031" WIDTH="1965">
<String CONTENT="World" HEIGHT="54" HPOS="347" VPOS="2035" WIDTH="203" />
<SP HEIGHT="52" HPOS="551" VPOS="2034" WIDTH="31" />
<String CONTENT="letters," HEIGHT="55" HPOS="583" VPOS="2034" WIDTH="211" />
<SP HEIGHT="57" HPOS="795" VPOS="2032" WIDTH="29" />
<String CONTENT="incorporated" HEIGHT="68" HPOS="825" VPOS="2032" WIDTH="398" />
<SP HEIGHT="52" HPOS="1224" VPOS="2032" WIDTH="36" />
<String CONTENT="&#8230;" CS="1" />
<SP HEIGHT="51" HPOS="1317" VPOS="2033" WIDTH="70" />
<String CONTENT="Managua," HEIGHT="65" HPOS="1388" VPOS="2033" WIDTH="307" />
<SP HEIGHT="54" HPOS="1696" VPOS="2034" WIDTH="31" />
<String CONTENT="Nicaragua," HEIGHT="68" HPOS="1728" VPOS="2032" WIDTH="341" />
<SP HEIGHT="59" HPOS="2070" VPOS="2031" WIDTH="32" />
<String CONTENT="October" HEIGHT="134" HPOS="281" VPOS="2031" WIDTH="1965" />
<SP HEIGHT="47" HPOS="377" VPOS="2117" WIDTH="45" />
<String CONTENT="19," HEIGHT="62" HPOS="423" VPOS="2116" WIDTH="80" />
</TextLine>
<TextLine CS="1" HEIGHT="68" HPOS="550" STYLEREFS="StyleId-18035C5F-9717-4401-813D-9CCFAB0B9B9D-" VPOS="2109" WIDTH="1694">
<String CONTENT="1935" HEIGHT="49" HPOS="550" VPOS="2115" WIDTH="132" />
<SP HEIGHT="48" HPOS="683" VPOS="2116" WIDTH="51" />
<String CONTENT="&#8230;" CS="1" />
<SP HEIGHT="33" HPOS="790" VPOS="2144" WIDTH="88" />
<String CONTENT="[Managua," HEIGHT="65" HPOS="879" VPOS="2112" WIDTH="326" />
<SP HEIGHT="58" HPOS="1206" VPOS="2110" WIDTH="44" />
<String CONTENT="Nicaragua," HEIGHT="68" HPOS="1251" VPOS="2109" WIDTH="342" />
<SP HEIGHT="64" HPOS="1594" VPOS="2112" WIDTH="42" />
<String CONTENT="World" HEIGHT="56" HPOS="1637" VPOS="2109" WIDTH="202" />
<SP HEIGHT="53" HPOS="1840" VPOS="2111" WIDTH="44" />
<String CONTENT="letters," HEIGHT="57" HPOS="1885" VPOS="2113" WIDTH="210" />
<SP HEIGHT="59" HPOS="2096" VPOS="2111" WIDTH="44" />
<String CONTENT="inc.]" CS="1" HEIGHT="51" HPOS="2141" VPOS="2111" WIDTH="103" />
</TextLine>
<TextLine CS="1" HEIGHT="10" HPOS="442" STYLEREFS="StyleId-18035C5F-9717-4401-813D-9CCFAB0B9B9D-" VPOS="2233" WIDTH="9">
<String CONTENT="c1935." CS="1" HEIGHT="10" HPOS="442" VPOS="2233" WIDTH="9" />
</TextLine>
<TextLine HEIGHT="50" HPOS="347" VPOS="2261" WIDTH="582">
<String CONTENT="p." HEIGHT="36" HPOS="347" VPOS="2275" WIDTH="40" />
<SP HEIGHT="39" HPOS="388" VPOS="2263" WIDTH="29" />
<String CONTENT="25-28." HEIGHT="39" HPOS="418" VPOS="2263" WIDTH="156" />
<SP HEIGHT="39" HPOS="575" VPOS="2263" WIDTH="56" />
<String CONTENT="illus." HEIGHT="38" HPOS="632" VPOS="2263" WIDTH="128" />
<SP HEIGHT="40" HPOS="761" VPOS="2261" WIDTH="53" />
<String CONTENT="28" HEIGHT="40" HPOS="815" VPOS="2261" WIDTH="55" />
<String CONTENT="cm" HEIGHT="21" HPOS="872" STYLE="superscript" VPOS="2263" WIDTH="44" />
<String CONTENT="." HEIGHT="8" HPOS="922" VPOS="2293" WIDTH="7" />
</TextLine>
<TextLine HEIGHT="47" HPOS="349" VPOS="2319" WIDTH="405">
<String CONTENT="Mimeographed." HEIGHT="47" HPOS="349" VPOS="2319" WIDTH="405" />
</TextLine>
<TextLine CS="1" HEIGHT="53" HPOS="281" VPOS="2372" WIDTH="1987">
<String CONTENT="&#169;" HEIGHT="52" HPOS="281" VPOS="2373" WIDTH="52" />
<SP HEIGHT="52" HPOS="334" VPOS="2373" WIDTH="25" />
<String CONTENT="1c." HEIGHT="39" HPOS="360" VPOS="2377" WIDTH="63" />
<SP HEIGHT="38" HPOS="424" VPOS="2377" WIDTH="28" />
<String CONTENT="Nov." HEIGHT="38" HPOS="453" VPOS="2377" WIDTH="116" />
<SP HEIGHT="40" HPOS="570" VPOS="2375" WIDTH="27" />
<String CONTENT="27," HEIGHT="47" HPOS="598" VPOS="2375" WIDTH="70" />
<SP HEIGHT="46" HPOS="669" VPOS="2376" WIDTH="27" />
<String CONTENT="1935;" CS="1" HEIGHT="40" HPOS="697" VPOS="2374" WIDTH="113" />
<SP HEIGHT="45" HPOS="837" VPOS="2375" WIDTH="30" />
<String CONTENT="A" HEIGHT="37" HPOS="868" VPOS="2375" WIDTH="40" />
<SP HEIGHT="38" HPOS="909" VPOS="2375" WIDTH="24" />
<String CONTENT="ad" HEIGHT="38" HPOS="934" VPOS="2375" WIDTH="61" />
<SP HEIGHT="40" HPOS="996" VPOS="2373" WIDTH="28" />
<String CONTENT="int." HEIGHT="40" HPOS="1025" VPOS="2373" WIDTH="85" />
<SP HEIGHT="39" HPOS="1111" VPOS="2374" WIDTH="28" />
<String CONTENT="20805;" HEIGHT="41" HPOS="1140" VPOS="2373" WIDTH="170" />
<SP HEIGHT="37" HPOS="1311" VPOS="2383" WIDTH="30" />
<String CONTENT="pubd." HEIGHT="47" HPOS="1342" VPOS="2373" WIDTH="141" />
<SP HEIGHT="40" HPOS="1484" VPOS="2373" WIDTH="28" />
<String CONTENT="Oct." HEIGHT="40" HPOS="1513" VPOS="2373" WIDTH="101" />
<SP HEIGHT="39" HPOS="1615" VPOS="2373" WIDTH="29" />
<String CONTENT="19;" HEIGHT="47" HPOS="1645" VPOS="2372" WIDTH="81" />
<SP HEIGHT="45" HPOS="1727" VPOS="2374" WIDTH="31" />
<String CONTENT="World" HEIGHT="39" HPOS="1759" VPOS="2374" WIDTH="164" />
<SP HEIGHT="39" HPOS="1924" VPOS="2374" WIDTH="29" />
<String CONTENT="letters," HEIGHT="45" HPOS="1954" VPOS="2375" WIDTH="182" />
<SP HEIGHT="47" HPOS="2137" VPOS="2373" WIDTH="29" />
<String CONTENT="inc.," HEIGHT="44" HPOS="2167" VPOS="2373" WIDTH="101" />
</TextLine>
<TextLine HEIGHT="46" HPOS="348" VPOS="2431" WIDTH="505">
<String CONTENT="East" HEIGHT="39" HPOS="348" VPOS="2435" WIDTH="121" />
<SP HEIGHT="41" HPOS="470" VPOS="2433" WIDTH="21" />
<String CONTENT="Aurora," HEIGHT="44" HPOS="492" VPOS="2433" WIDTH="205" />
<SP HEIGHT="46" HPOS="698" VPOS="2431" WIDTH="24" />
<String CONTENT="N." HEIGHT="39" HPOS="723" VPOS="2431" WIDTH="53" />
<SP HEIGHT="38" HPOS="777" VPOS="2432" WIDTH="25" />
<String CONTENT="Y." HEIGHT="37" HPOS="803" VPOS="2432" WIDTH="50" />
</TextLine>
<TextLine HEIGHT="66" HPOS="283" STYLEREFS="StyleId-9077FD9F-19B2-4FFE-9C92-8BD89C8FED4A-" VPOS="2527" WIDTH="752">
<String CONTENT="Cottrell," HEIGHT="64" HPOS="283" VPOS="2529" WIDTH="263" />
<SP HEIGHT="64" HPOS="547" VPOS="2529" WIDTH="29" />
<String CONTENT="Roy" HEIGHT="63" HPOS="577" VPOS="2529" WIDTH="129" />
<SP HEIGHT="63" HPOS="707" VPOS="2529" WIDTH="26" />
<String CONTENT="Franklin." HEIGHT="55" HPOS="734" VPOS="2527" WIDTH="301" />
</TextLine>
<TextLine CS="1" HEIGHT="69" HPOS="347" STYLEREFS="StyleId-18035C5F-9717-4401-813D-9CCFAB0B9B9D-" VPOS="2601" WIDTH="1858">
<String CONTENT="Heraldos" HEIGHT="52" HPOS="347" VPOS="2604" WIDTH="287" />
<SP HEIGHT="53" HPOS="635" VPOS="2603" WIDTH="38" />
<String CONTENT="de" HEIGHT="53" HPOS="674" VPOS="2603" WIDTH="70" />
<SP HEIGHT="35" HPOS="745" VPOS="2621" WIDTH="37" />
<String CONTENT="un" HEIGHT="34" HPOS="783" VPOS="2621" WIDTH="77" />
<SP HEIGHT="33" HPOS="861" VPOS="2621" WIDTH="34" />
<String CONTENT="nuevo" HEIGHT="34" HPOS="896" VPOS="2621" WIDTH="183" />
<SP HEIGHT="53" HPOS="1080" VPOS="2602" WIDTH="38" />
<String CONTENT="dia," HEIGHT="69" HPOS="1119" VPOS="2601" WIDTH="113" />
<SP HEIGHT="50" HPOS="1233" VPOS="2620" WIDTH="39" />
<String CONTENT="por" HEIGHT="50" HPOS="1273" VPOS="2620" WIDTH="105" />
<SP HEIGHT="51" HPOS="1379" VPOS="2602" WIDTH="41" />
<String CONTENT="Roy" HEIGHT="68" HPOS="1421" VPOS="2602" WIDTH="127" />
<SP HEIGHT="68" HPOS="1549" VPOS="2602" WIDTH="40" />
<String CONTENT="Franklin" HEIGHT="53" HPOS="1590" VPOS="2601" WIDTH="284" />
<SP HEIGHT="55" HPOS="1875" VPOS="2601" WIDTH="43" />
<String CONTENT="Cottrell" HEIGHT="55" HPOS="1919" VPOS="2601" WIDTH="240" />
<SP HEIGHT="52" HPOS="2160" VPOS="2602" WIDTH="45" />
<String CONTENT="&#8230;" CS="1" />
</TextLine>
<TextLine CS="1" HEIGHT="149" HPOS="275" STYLEREFS="StyleId-18035C5F-9717-4401-813D-9CCFAB0B9B9D-" VPOS="2678" WIDTH="1967">
<String CONTENT="Mountain" HEIGHT="53" HPOS="275" VPOS="2681" WIDTH="301" />
<SP HEIGHT="53" HPOS="577" VPOS="2681" WIDTH="33" />
<String CONTENT="View," HEIGHT="65" HPOS="611" VPOS="2681" WIDTH="178" />
<SP HEIGHT="66" HPOS="790" VPOS="2680" WIDTH="35" />
<String CONTENT="Calif.," HEIGHT="68" HPOS="826" VPOS="2679" WIDTH="194" />
<SP HEIGHT="68" HPOS="1021" VPOS="2679" WIDTH="34" />
<String CONTENT="Omaha," HEIGHT="67" HPOS="1056" VPOS="2679" WIDTH="241" />
<SP HEIGHT="66" HPOS="1298" VPOS="2680" WIDTH="33" />
<String CONTENT="Neb." HEIGHT="53" HPOS="1332" VPOS="2679" WIDTH="138" />
<SP />
<String CONTENT="[etc.]" CS="1" HEIGHT="33" HPOS="1620" VPOS="2712" WIDTH="30" />
<SP HEIGHT="65" HPOS="1651" VPOS="2680" WIDTH="38" />
<String CONTENT="Pacific" HEIGHT="53" HPOS="1690" VPOS="2679" WIDTH="210" />
<SP HEIGHT="48" HPOS="1901" VPOS="2698" WIDTH="35" />
<String CONTENT="press" HEIGHT="48" HPOS="1937" VPOS="2698" WIDTH="156" />
<SP HEIGHT="49" HPOS="2094" VPOS="2697" WIDTH="33" />
<String CONTENT="publishing" HEIGHT="149" HPOS="276" VPOS="2678" WIDTH="1966" />
<SP HEIGHT="51" HPOS="494" VPOS="2776" WIDTH="24" />
<String CONTENT="assn." HEIGHT="35" HPOS="519" VPOS="2776" WIDTH="143" />
<SP HEIGHT="34" HPOS="663" VPOS="2790" WIDTH="33" />
<String CONTENT="[" HEIGHT="34" HPOS="697" VPOS="2790" WIDTH="13" />
<String CONTENT="c" HEIGHT="22" HPOS="715" STYLE="superscript" VPOS="2762" WIDTH="17" />
<String CONTENT="1935]" HEIGHT="63" HPOS="737" VPOS="2760" WIDTH="151" />
</TextLine>
<TextLine CS="1" HEIGHT="53" HPOS="345" VPOS="2826" WIDTH="997">
<String CONTENT="307" HEIGHT="41" HPOS="345" VPOS="2829" WIDTH="86" />
<SP HEIGHT="47" HPOS="432" VPOS="2831" WIDTH="25" />
<String CONTENT="p." HEIGHT="37" HPOS="458" VPOS="2841" WIDTH="42" />
<SP HEIGHT="40" HPOS="501" VPOS="2831" WIDTH="24" />
<String CONTENT="incl." HEIGHT="43" HPOS="526" VPOS="2830" WIDTH="109" />
<SP HEIGHT="44" HPOS="636" VPOS="2829" WIDTH="23" />
<String CONTENT="front.," HEIGHT="46" HPOS="660" VPOS="2829" WIDTH="162" />
<SP HEIGHT="37" HPOS="823" VPOS="2839" WIDTH="25" />
<String CONTENT="plates," HEIGHT="49" HPOS="849" VPOS="2830" WIDTH="170" />
<SP HEIGHT="49" HPOS="1020" VPOS="2830" WIDTH="28" />
<String CONTENT="diagrs." HEIGHT="46" HPOS="1049" VPOS="2829" WIDTH="177" />
<SP HEIGHT="41" HPOS="1227" VPOS="2826" WIDTH="59" />
<String CONTENT="22&#189;cm." CS="1" HEIGHT="40" HPOS="1287" VPOS="2826" WIDTH="55" />
</TextLine>
<TextLine HEIGHT="50" HPOS="347" VPOS="2883" WIDTH="1920">
<String CONTENT="Published" HEIGHT="41" HPOS="347" VPOS="2886" WIDTH="259" />
<SP HEIGHT="41" HPOS="607" VPOS="2886" WIDTH="37" />
<String CONTENT="in" HEIGHT="40" HPOS="645" VPOS="2886" WIDTH="49" />
<SP HEIGHT="41" HPOS="695" VPOS="2885" WIDTH="37" />
<String CONTENT="English" HEIGHT="48" HPOS="733" VPOS="2885" WIDTH="201" />
<SP HEIGHT="39" HPOS="935" VPOS="2886" WIDTH="37" />
<String CONTENT="in" HEIGHT="38" HPOS="973" VPOS="2887" WIDTH="50" />
<SP HEIGHT="38" HPOS="1024" VPOS="2887" WIDTH="38" />
<String CONTENT="1934," HEIGHT="46" HPOS="1063" VPOS="2884" WIDTH="127" />
<SP HEIGHT="35" HPOS="1191" VPOS="2895" WIDTH="39" />
<String CONTENT="with" HEIGHT="41" HPOS="1231" VPOS="2884" WIDTH="116" />
<SP HEIGHT="41" HPOS="1348" VPOS="2884" WIDTH="41" />
<String CONTENT="two" HEIGHT="38" HPOS="1390" VPOS="2887" WIDTH="93" />
<SP HEIGHT="31" HPOS="1484" VPOS="2894" WIDTH="40" />
<String CONTENT="additional" HEIGHT="42" HPOS="1525" VPOS="2883" WIDTH="268" />
<SP HEIGHT="39" HPOS="1794" VPOS="2885" WIDTH="41" />
<String CONTENT="chapters," HEIGHT="46" HPOS="1836" VPOS="2886" WIDTH="238" />
<SP HEIGHT="35" HPOS="2075" VPOS="2897" WIDTH="42" />
<String CONTENT="under" HEIGHT="40" HPOS="2118" VPOS="2885" WIDTH="149" />
</TextLine>
<TextLine HEIGHT="49" HPOS="277" VPOS="2940" WIDTH="1682">
<String CONTENT="title;" HEIGHT="40" HPOS="277" VPOS="2942" WIDTH="134" />
<SP HEIGHT="39" HPOS="412" VPOS="2943" WIDTH="29" />
<String CONTENT="The" HEIGHT="40" HPOS="442" VPOS="2943" WIDTH="100" />
<SP HEIGHT="41" HPOS="543" VPOS="2942" WIDTH="27" />
<String CONTENT="dawn" HEIGHT="40" HPOS="571" VPOS="2942" WIDTH="143" />
<SP HEIGHT="29" HPOS="715" VPOS="2953" WIDTH="29" />
<String CONTENT="of" HEIGHT="39" HPOS="745" VPOS="2943" WIDTH="53" />
<SP HEIGHT="40" HPOS="799" VPOS="2943" WIDTH="26" />
<String CONTENT="a" HEIGHT="30" HPOS="826" VPOS="2953" WIDTH="27" />
<SP HEIGHT="30" HPOS="854" VPOS="2953" WIDTH="28" />
<String CONTENT="new" HEIGHT="31" HPOS="883" VPOS="2952" WIDTH="105" />
<SP HEIGHT="38" HPOS="989" VPOS="2944" WIDTH="28" />
<String CONTENT="day;" HEIGHT="45" HPOS="1018" VPOS="2944" WIDTH="121" />
<SP HEIGHT="43" HPOS="1140" VPOS="2945" WIDTH="33" />
<String CONTENT="the" HEIGHT="40" HPOS="1174" VPOS="2943" WIDTH="82" />
<SP HEIGHT="42" HPOS="1257" VPOS="2941" WIDTH="28" />
<String CONTENT="Bible" HEIGHT="41" HPOS="1286" VPOS="2940" WIDTH="135" />
<SP HEIGHT="29" HPOS="1422" VPOS="2952" WIDTH="32" />
<String CONTENT="speaks" HEIGHT="47" HPOS="1455" VPOS="2942" WIDTH="174" />
<SP HEIGHT="37" HPOS="1630" VPOS="2945" WIDTH="28" />
<String CONTENT="to" HEIGHT="37" HPOS="1659" VPOS="2945" WIDTH="47" />
<SP HEIGHT="28" HPOS="1707" VPOS="2954" WIDTH="30" />
<String CONTENT="our" HEIGHT="30" HPOS="1738" VPOS="2952" WIDTH="89" />
<SP HEIGHT="30" HPOS="1828" VPOS="2952" WIDTH="30" />
<String CONTENT="age." HEIGHT="37" HPOS="1859" VPOS="2952" WIDTH="100" />
</TextLine>
<TextLine HEIGHT="54" HPOS="280" VPOS="2995" WIDTH="1985">
<String CONTENT="&#169;" HEIGHT="54" HPOS="280" VPOS="2995" WIDTH="53" />
<SP HEIGHT="54" HPOS="334" VPOS="2995" WIDTH="26" />
<String CONTENT="Aug." HEIGHT="46" HPOS="361" VPOS="3002" WIDTH="119" />
<SP HEIGHT="40" HPOS="481" VPOS="3001" WIDTH="26" />
<String CONTENT="26," HEIGHT="47" HPOS="508" VPOS="3001" WIDTH="70" />
<SP HEIGHT="45" HPOS="579" VPOS="3003" WIDTH="28" />
<String CONTENT="1935;" HEIGHT="46" HPOS="608" VPOS="3001" WIDTH="139" />
<SP HEIGHT="47" HPOS="748" VPOS="3000" WIDTH="29" />
<String CONTENT="2c." HEIGHT="41" HPOS="778" VPOS="3000" WIDTH="67" />
<SP HEIGHT="39" HPOS="846" VPOS="3002" WIDTH="30" />
<String CONTENT="Sept." HEIGHT="46" HPOS="877" VPOS="3002" WIDTH="126" />
<SP HEIGHT="37" HPOS="1004" VPOS="3003" WIDTH="29" />
<String CONTENT="11;" HEIGHT="40" HPOS="1034" VPOS="3002" WIDTH="81" />
<SP HEIGHT="31" HPOS="1116" VPOS="3011" WIDTH="31" />
<String CONTENT="aff." HEIGHT="40" HPOS="1148" VPOS="3000" WIDTH="81" />
<SP HEIGHT="39" HPOS="1230" VPOS="3001" WIDTH="28" />
<String CONTENT="Nov." HEIGHT="39" HPOS="1259" VPOS="3001" WIDTH="117" />
<SP HEIGHT="39" HPOS="1377" VPOS="3001" WIDTH="28" />
<String CONTENT="25;" HEIGHT="46" HPOS="1406" VPOS="3001" WIDTH="81" />
<SP HEIGHT="45" HPOS="1488" VPOS="3002" WIDTH="31" />
<String CONTENT="A" HEIGHT="37" HPOS="1520" VPOS="3002" WIDTH="42" />
<SP HEIGHT="39" HPOS="1563" VPOS="3001" WIDTH="26" />
<String CONTENT="85867;" HEIGHT="46" HPOS="1590" VPOS="3001" WIDTH="169" />
<SP HEIGHT="45" HPOS="1760" VPOS="3002" WIDTH="31" />
<String CONTENT="Pacific" HEIGHT="40" HPOS="1792" VPOS="3001" WIDTH="175" />
<SP HEIGHT="36" HPOS="1968" VPOS="3013" WIDTH="27" />
<String CONTENT="press" HEIGHT="37" HPOS="1996" VPOS="3012" WIDTH="134" />
<SP HEIGHT="37" HPOS="2131" VPOS="3012" WIDTH="28" />
<String CONTENT="pub." HEIGHT="48" HPOS="2160" VPOS="3001" WIDTH="105" />
</TextLine>
<TextLine HEIGHT="48" HPOS="349" VPOS="3058" WIDTH="479">
<String CONTENT="assn." HEIGHT="29" HPOS="349" VPOS="3068" WIDTH="125" />
<SP HEIGHT="48" HPOS="475" VPOS="3058" WIDTH="73" />
<String CONTENT="(35-17205)" HEIGHT="48" HPOS="549" VPOS="3058" WIDTH="279" />
</TextLine>
<TextLine HEIGHT="64" HPOS="280" STYLEREFS="StyleId-9077FD9F-19B2-4FFE-9C92-8BD89C8FED4A-" VPOS="3153" WIDTH="533">
<String CONTENT="Dell," HEIGHT="64" HPOS="280" VPOS="3153" WIDTH="143" />
<SP HEIGHT="62" HPOS="424" VPOS="3155" WIDTH="26" />
<String CONTENT="Ethel" HEIGHT="53" HPOS="451" VPOS="3154" WIDTH="177" />
<SP HEIGHT="52" HPOS="629" VPOS="3154" WIDTH="25" />
<String CONTENT="May." HEIGHT="62" HPOS="655" VPOS="3155" WIDTH="158" />
</TextLine>
<TextLine HEIGHT="68" HPOS="350" STYLEREFS="StyleId-18035C5F-9717-4401-813D-9CCFAB0B9B9D-" VPOS="3229" WIDTH="1907">
<String CONTENT="Where" HEIGHT="54" HPOS="350" VPOS="3230" WIDTH="206" />
<SP HEIGHT="47" HPOS="557" VPOS="3236" WIDTH="34" />
<String CONTENT="three" HEIGHT="52" HPOS="592" VPOS="3231" WIDTH="157" />
<SP HEIGHT="34" HPOS="750" VPOS="3249" WIDTH="37" />
<String CONTENT="roads" HEIGHT="54" HPOS="788" VPOS="3229" WIDTH="165" />
<SP HEIGHT="35" HPOS="954" VPOS="3248" WIDTH="35" />
<String CONTENT="meet," HEIGHT="61" HPOS="990" VPOS="3235" WIDTH="161" />
<SP HEIGHT="66" HPOS="1152" VPOS="3230" WIDTH="35" />
<String CONTENT="by" HEIGHT="67" HPOS="1188" VPOS="3230" WIDTH="74" />
<SP HEIGHT="67" HPOS="1263" VPOS="3230" WIDTH="36" />
<String CONTENT="Ethel" HEIGHT="52" HPOS="1300" VPOS="3230" WIDTH="172" />
<SP HEIGHT="52" HPOS="1473" VPOS="3230" WIDTH="33" />
<String CONTENT="M." HEIGHT="53" HPOS="1507" VPOS="3230" WIDTH="79" />
<SP HEIGHT="53" HPOS="1587" VPOS="3230" WIDTH="35" />
<String CONTENT="Dell." HEIGHT="52" HPOS="1623" VPOS="3230" WIDTH="147" />
<SP HEIGHT="51" HPOS="1771" VPOS="3230" WIDTH="71" />
<String CONTENT="London" HEIGHT="53" HPOS="1843" VPOS="3230" WIDTH="238" />
<SP HEIGHT="49" HPOS="2082" VPOS="3248" WIDTH="41" />
<String CONTENT="[etc.]" HEIGHT="59" HPOS="2124" VPOS="3238" WIDTH="133" />
</TextLine>
<TextLine HEIGHT="70" HPOS="281" STYLEREFS="StyleId-18035C5F-9717-4401-813D-9CCFAB0B9B9D-" VPOS="3305" WIDTH="1141">
<String CONTENT="Cassell" HEIGHT="55" HPOS="281" VPOS="3307" WIDTH="214" />
<SP HEIGHT="50" HPOS="496" VPOS="3309" WIDTH="29" />
<String CONTENT="and" HEIGHT="52" HPOS="526" VPOS="3307" WIDTH="112" />
<SP HEIGHT="52" HPOS="639" VPOS="3307" WIDTH="28" />
<String CONTENT="company," HEIGHT="51" HPOS="668" VPOS="3324" WIDTH="295" />
<SP HEIGHT="65" HPOS="964" VPOS="3308" WIDTH="27" />
<String CONTENT="limited" HEIGHT="54" HPOS="992" VPOS="3305" WIDTH="222" />
<SP HEIGHT="67" HPOS="1215" VPOS="3307" WIDTH="34" />
<String CONTENT="[1935]" HEIGHT="64" HPOS="1250" VPOS="3310" WIDTH="172" />
</TextLine>
<TextLine CS="1" HEIGHT="50" HPOS="350" STYLEREFS="StyleId-18035C5F-9717-4401-813D-9CCFAB0B9B9D-" VPOS="3379" WIDTH="469">
<String CONTENT="vii," HEIGHT="49" HPOS="350" VPOS="3380" WIDTH="80" />
<SP HEIGHT="48" HPOS="431" VPOS="3381" WIDTH="26" />
<String CONTENT="424" HEIGHT="39" HPOS="458" VPOS="3380" WIDTH="85" />
<SP HEIGHT="47" HPOS="544" VPOS="3381" WIDTH="26" />
<String CONTENT="p." HEIGHT="38" HPOS="571" VPOS="3390" WIDTH="44" />
<SP HEIGHT="40" HPOS="616" VPOS="3380" WIDTH="58" />
<String CONTENT="19&#189;" CS="1" HEIGHT="40" HPOS="675" VPOS="3379" WIDTH="55" />
<String CONTENT="cm" HEIGHT="22" HPOS="762" STYLE="superscript" VPOS="3381" WIDTH="43" />
<String CONTENT="." HEIGHT="9" HPOS="811" VPOS="3411" WIDTH="8" />
</TextLine>
<TextLine CS="1" HEIGHT="52" HPOS="280" VPOS="3433" WIDTH="1981">
<String CONTENT="&#169;" HEIGHT="52" HPOS="280" VPOS="3433" WIDTH="52" />
<SP />
<String CONTENT="1c." CS="1" />
<SP />
<String CONTENT="Oct." HEIGHT="40" HPOS="456" VPOS="3437" WIDTH="102" />
<SP HEIGHT="40" HPOS="559" VPOS="3436" WIDTH="27" />
<String CONTENT="28," HEIGHT="47" HPOS="587" VPOS="3436" WIDTH="69" />
<SP HEIGHT="46" HPOS="657" VPOS="3437" WIDTH="27" />
<String CONTENT="1935;" HEIGHT="47" HPOS="685" VPOS="3435" WIDTH="140" />
<SP HEIGHT="45" HPOS="826" VPOS="3437" WIDTH="28" />
<String CONTENT="A" HEIGHT="38" HPOS="855" VPOS="3437" WIDTH="39" />
<SP HEIGHT="38" HPOS="895" VPOS="3437" WIDTH="28" />
<String CONTENT="ad" HEIGHT="39" HPOS="924" VPOS="3436" WIDTH="61" />
<SP HEIGHT="38" HPOS="986" VPOS="3436" WIDTH="27" />
<String CONTENT="int." HEIGHT="38" HPOS="1014" VPOS="3436" WIDTH="86" />
<SP HEIGHT="38" HPOS="1101" VPOS="3436" WIDTH="28" />
<String CONTENT="20659;" CS="1" HEIGHT="39" HPOS="1130" VPOS="3436" WIDTH="143" />
<SP HEIGHT="37" HPOS="1301" VPOS="3446" WIDTH="30" />
<String CONTENT="pubd." HEIGHT="46" HPOS="1332" VPOS="3437" WIDTH="141" />
<SP HEIGHT="40" HPOS="1474" VPOS="3436" WIDTH="30" />
<String CONTENT="Oct." HEIGHT="40" HPOS="1505" VPOS="3436" WIDTH="101" />
<SP HEIGHT="39" HPOS="1607" VPOS="3437" WIDTH="28" />
<String CONTENT="4;" HEIGHT="45" HPOS="1636" VPOS="3437" WIDTH="53" />
<SP HEIGHT="44" HPOS="1690" VPOS="3438" WIDTH="31" />
<String CONTENT="Ethel" HEIGHT="38" HPOS="1722" VPOS="3438" WIDTH="142" />
<SP HEIGHT="38" HPOS="1865" VPOS="3438" WIDTH="30" />
<String CONTENT="Mary" HEIGHT="46" HPOS="1896" VPOS="3438" WIDTH="139" />
<SP HEIGHT="46" HPOS="2036" VPOS="3438" WIDTH="31" />
<String CONTENT="Savage," HEIGHT="45" HPOS="2068" VPOS="3438" WIDTH="193" />
</TextLine>
<TextLine CS="1" HEIGHT="49" HPOS="352" VPOS="3492" WIDTH="1318">
<String CONTENT="Sleepers" HEIGHT="47" HPOS="352" VPOS="3494" WIDTH="217" />
<SP HEIGHT="38" HPOS="570" VPOS="3494" WIDTH="26" />
<String CONTENT="Hill," HEIGHT="49" HPOS="597" VPOS="3492" WIDTH="116" />
<SP HEIGHT="48" HPOS="714" VPOS="3493" WIDTH="27" />
<String CONTENT="Winchester." CS="1" HEIGHT="40" HPOS="742" VPOS="3493" WIDTH="315" />
<SP HEIGHT="40" HPOS="1058" VPOS="3493" WIDTH="27" />
<String CONTENT="England." HEIGHT="46" HPOS="1086" VPOS="3493" WIDTH="234" />
<SP HEIGHT="46" HPOS="1321" VPOS="3492" WIDTH="70" />
<String CONTENT="(35-22961)" HEIGHT="48" HPOS="1392" VPOS="3492" WIDTH="278" />
</TextLine>
<TextLine HEIGHT="64" HPOS="278" STYLEREFS="StyleId-9077FD9F-19B2-4FFE-9C92-8BD89C8FED4A-" VPOS="3594" WIDTH="458">
<String CONTENT="Farrell," HEIGHT="64" HPOS="278" VPOS="3594" WIDTH="243" />
<SP HEIGHT="62" HPOS="522" VPOS="3596" WIDTH="30" />
<String CONTENT="E." HEIGHT="52" HPOS="553" VPOS="3596" WIDTH="66" />
<SP HEIGHT="52" HPOS="620" VPOS="3596" WIDTH="28" />
<String CONTENT="W." HEIGHT="53" HPOS="649" VPOS="3596" WIDTH="87" />
</TextLine>
<TextLine CS="1" HEIGHT="145" HPOS="277" STYLEREFS="StyleId-18035C5F-9717-4401-813D-9CCFAB0B9B9D-" VPOS="3668" WIDTH="1963">
<String CONTENT="Fundamentals" HEIGHT="54" HPOS="351" VPOS="3668" WIDTH="446" />
<SP HEIGHT="34" HPOS="798" VPOS="3687" WIDTH="24" />
<String CONTENT="of" HEIGHT="52" HPOS="823" VPOS="3668" WIDTH="62" />
<SP HEIGHT="54" HPOS="886" VPOS="3668" WIDTH="24" />
<String CONTENT="tabulation" HEIGHT="54" HPOS="911" VPOS="3668" WIDTH="316" />
<SP HEIGHT="45" HPOS="1228" VPOS="3676" WIDTH="26" />
<String CONTENT="typing," HEIGHT="67" HPOS="1255" VPOS="3670" WIDTH="224" />
<SP HEIGHT="67" HPOS="1480" VPOS="3670" WIDTH="25" />
<String CONTENT="by" HEIGHT="67" HPOS="1506" VPOS="3670" WIDTH="73" />
<SP HEIGHT="68" HPOS="1580" VPOS="3669" WIDTH="26" />
<String CONTENT="E." HEIGHT="53" HPOS="1607" VPOS="3669" WIDTH="67" />
<SP HEIGHT="53" HPOS="1675" VPOS="3669" WIDTH="27" />
<String CONTENT="W." HEIGHT="52" HPOS="1703" VPOS="3669" WIDTH="87" />
<SP HEIGHT="51" HPOS="1791" VPOS="3670" WIDTH="28" />
<String CONTENT="Farrell." HEIGHT="52" HPOS="1820" VPOS="3670" WIDTH="234" />
<SP HEIGHT="53" HPOS="2055" VPOS="3669" WIDTH="74" />
<String CONTENT="Boston," HEIGHT="143" HPOS="277" VPOS="3669" WIDTH="1963" />
<SP HEIGHT="66" HPOS="394" VPOS="3746" WIDTH="28" />
<String CONTENT="B." HEIGHT="52" HPOS="423" VPOS="3746" WIDTH="65" />
<SP HEIGHT="52" HPOS="489" VPOS="3746" WIDTH="32" />
<String CONTENT="Humphries," HEIGHT="67" HPOS="522" VPOS="3746" WIDTH="367" />
<SP HEIGHT="66" HPOS="890" VPOS="3747" WIDTH="26" />
<String CONTENT="inc." HEIGHT="52" HPOS="917" VPOS="3747" WIDTH="107" />
<SP />
<String CONTENT="[c1935]" CS="1" HEIGHT="34" HPOS="1242" VPOS="3779" WIDTH="13" />
</TextLine>
<TextLine CS="1" HEIGHT="50" HPOS="348" VPOS="3814" WIDTH="563">
<String CONTENT="3" HEIGHT="38" HPOS="348" VPOS="3814" WIDTH="27" />
<SP HEIGHT="47" HPOS="376" VPOS="3814" WIDTH="25" />
<String CONTENT="p." HEIGHT="35" HPOS="402" VPOS="3826" WIDTH="42" />
<SP HEIGHT="38" HPOS="445" VPOS="3816" WIDTH="24" />
<String CONTENT="l.," CS="1" />
<SP HEIGHT="46" HPOS="515" VPOS="3816" WIDTH="23" />
<String CONTENT="30," HEIGHT="46" HPOS="539" VPOS="3816" WIDTH="70" />
<SP HEIGHT="29" HPOS="610" VPOS="3835" WIDTH="29" />
<String CONTENT="[10]" HEIGHT="47" HPOS="640" VPOS="3817" WIDTH="84" />
<SP HEIGHT="36" HPOS="725" VPOS="3828" WIDTH="27" />
<String CONTENT="p." HEIGHT="35" HPOS="753" VPOS="3828" WIDTH="42" />
<SP HEIGHT="39" HPOS="796" VPOS="3817" WIDTH="59" />
<String CONTENT="27&#189;cm." CS="1" HEIGHT="39" HPOS="856" VPOS="3817" WIDTH="55" />
</TextLine>
<TextLine HEIGHT="48" HPOS="348" VPOS="3871" WIDTH="554">
<String CONTENT="Text" HEIGHT="39" HPOS="348" VPOS="3871" WIDTH="125" />
<SP HEIGHT="37" HPOS="474" VPOS="3873" WIDTH="25" />
<String CONTENT="mimeographed." HEIGHT="47" HPOS="500" VPOS="3872" WIDTH="402" />
</TextLine>
<TextLine HEIGHT="54" HPOS="277" VPOS="3926" WIDTH="1982">
<String CONTENT="&#169;" HEIGHT="52" HPOS="277" VPOS="3926" WIDTH="56" />
<SP HEIGHT="52" HPOS="334" VPOS="3926" WIDTH="44" />
<String CONTENT="Sept," HEIGHT="47" HPOS="379" VPOS="3931" WIDTH="124" />
<SP HEIGHT="42" HPOS="504" VPOS="3932" WIDTH="46" />
<String CONTENT="19," HEIGHT="47" HPOS="551" VPOS="3931" WIDTH="66" />
<SP HEIGHT="46" HPOS="618" VPOS="3932" WIDTH="43" />
<String CONTENT="1934;" HEIGHT="48" HPOS="662" VPOS="3931" WIDTH="140" />
<SP HEIGHT="47" HPOS="803" VPOS="3932" WIDTH="42" />
<String CONTENT="2c." HEIGHT="38" HPOS="846" VPOS="3932" WIDTH="64" />
<SP HEIGHT="40" HPOS="911" VPOS="3931" WIDTH="45" />
<String CONTENT="Oct." HEIGHT="40" HPOS="957" VPOS="3931" WIDTH="101" />
<SP HEIGHT="38" HPOS="1059" VPOS="3932" WIDTH="44" />
<String CONTENT="23," HEIGHT="47" HPOS="1104" VPOS="3932" WIDTH="67" />
<SP HEIGHT="47" HPOS="1172" VPOS="3932" WIDTH="44" />
<String CONTENT="1935;" HEIGHT="46" HPOS="1217" VPOS="3931" WIDTH="139" />
<SP HEIGHT="34" HPOS="1357" VPOS="3943" WIDTH="47" />
<String CONTENT="aff." HEIGHT="40" HPOS="1405" VPOS="3932" WIDTH="81" />
<SP HEIGHT="39" HPOS="1487" VPOS="3933" WIDTH="45" />
<String CONTENT="Oct." HEIGHT="39" HPOS="1533" VPOS="3933" WIDTH="101" />
<SP HEIGHT="38" HPOS="1635" VPOS="3934" WIDTH="44" />
<String CONTENT="18;" HEIGHT="46" HPOS="1680" VPOS="3934" WIDTH="80" />
<SP HEIGHT="46" HPOS="1761" VPOS="3934" WIDTH="46" />
<String CONTENT="A" HEIGHT="37" HPOS="1808" VPOS="3934" WIDTH="39" />
<SP HEIGHT="39" HPOS="1848" VPOS="3933" WIDTH="43" />
<String CONTENT="87873:" HEIGHT="41" HPOS="1892" VPOS="3933" WIDTH="167" />
<SP HEIGHT="41" HPOS="2060" VPOS="3933" WIDTH="47" />
<String CONTENT="Bruce" HEIGHT="38" HPOS="2108" VPOS="3933" WIDTH="151" />
</TextLine>
<TextLine HEIGHT="52" HPOS="349" VPOS="3986" WIDTH="772">
<String CONTENT="Humphries," HEIGHT="47" HPOS="349" VPOS="3987" WIDTH="307" />
<SP HEIGHT="46" HPOS="657" VPOS="3987" WIDTH="26" />
<String CONTENT="inc," HEIGHT="45" HPOS="684" VPOS="3987" WIDTH="87" />
<SP HEIGHT="52" HPOS="772" VPOS="3986" WIDTH="71" />
<String CONTENT="(35-21900)" HEIGHT="52" HPOS="844" VPOS="3986" WIDTH="277" />
</TextLine>
</TextBlock>
<GraphicalElement HEIGHT="8" HPOS="516" ID="Page1522_Block3" VPOS="4028" WIDTH="88" />
</PrintSpace>
</Page>
</Layout>
</alto>