2424 4375
1210 4042 133 53 1768

285 416 310 65 Hermant,
622 416 165 54 Abel.

354 490 250 55 Affaires
633 493 70 53 de
728 511 166 47 cœur,
922 511 105 48 par
1055 493 145 53 Abel
1229 494 304 65 Hermant,
1560 495 146 52 Abel
1738 496 290 64 Bonnard,
2058 495 219 54 Colette

311 570 211 66 [pseud.]
560 575 54 47 et
646 570 148 57 Paul
825 570 262 53 Morand.
1158 569 391 54 Illustrations
1582 570 336 53 d’Hermine
1950 571 191 53 David
2200 578 71 61 [et]

284 646 147 53 Jean
455 646 218 66 Berque
698 644 714 68 Deluermoz-Dignimont.
1475 635 238 62 Édition
1739 645 295 54 Nativelle.
2097 649 183 68 Paris,

284 724 80 51 Le
390 722 368 54 Laboratoire
784 721 282 54 Nativelle
1188 725 82 64 [1934]

356 799 25 38 1
415 810 41 28 v.

284 850 1995 53 © Mar. 31, 1934; 1c. Aug. 14: A-Foreign 25428; Laboratoire Nativelle.
285 971 269 66 Herrick,
585 973 186 53 Glenn
798 971 412 65 Washington,
1242 975 170 52 1870-

356 1049 1860 68 Insect enemies of shade-trees, by Glenn W. Herrick …
287 1130 219 64 Ithaca,
540 1130 68 52 N.
643 1129 92 64 Y.,
768 1127 300 55 Comstock
1100 1126 335 68 publishing
1467 1146 297 49 company,
1795 1130 127 65 inc.,
1958 1133 149 51 1935.

357 1200 1158 50 viii p., 2 l., 417 p. incl. front., illus. 23½ cm .
358 1258 226 40 Includes
618 1255 391 49 bibliographies.

287 1310 52 53 ©
367 1316 116 38 Nov.
514 1315 70 46 11,
611 1314 141 46 1935;
784 1313 67 40 2c.
879 1313 95 39 and
1004 1312 82 40 aff.
1117 1312 118 40 Nov.
1266 1313 79 40 14:
1379 1313 39 38 A
1448 1311 143 42 88234;
1652 1313 254 41 Comstock
1937 1315 109 47 pub.
2076 1326 81 38 co.,
2190 1316 89 41 inc.

367 1371 279 48 (35-35671)

287 1461 259 64 Herriot,
579 1450 293 75 Édouard,
905 1461 172 52 1872-

359 1537 120 54 The
502 1536 107 55 life
631 1539 113 52 and
765 1536 164 55 times
951 1537 64 55 of
1039 1539 343 66 Beethoven,
1406 1537 72 68 by
1503 1526 276 65 Édouard
1804 1538 240 55 Herriot;
288 1547 1966 121 translated

472 1615 75 67 by
578 1615 286 53 Adelheid
894 1616 48 52 I.
975 1612 261 54 Mitchell
1269 1618 113 51 and
1414 1614 260 54 William
1704 1617 56 53 J.
1793 1615 277 55 Mitchell.
2140 1618 137 53 New

289 1693 179 67 York,
499 1693 121 53 The
651 1691 334 54 Macmillan
1015 1708 296 50 company,
1346 1695 151 50 1935.

358 1764 529 50 4 p. l., 399 p. 22 cm .
362 1822 182 40 “Index
574 1821 51 39 of
655 1820 317 40 Beethoven’s
1004 1819 187 40 works’’:
1252 1831 41 37 p.
1324 1819 218 42 387-392.

292 1875 1720 53 © Nov. 19, 1935; 2c. and aff. Nov. 20: A 89476; Macmillan co.
368 1935 280 50 (35-35356)

290 2025 288 53 Horatius
606 2025 260 64 Flaccus,
898 2023 274 62 Quintus.

361 2101 309 55 Selections
707 2101 151 51 from
895 2101 227 51 Horace
1160 2100 93 53 for
1290 2099 137 69 high
1468 2099 236 68 schools,
1739 2103 280 64 prepared
2058 2100 94 54 for
2186 2102 94 51 the

290 2177 1991 70 bimillennium Horatianum by B. L. Ullman … New York,
288 2258 123 51 The
438 2256 335 53 Macmillan
801 2273 297 50 company,
1129 2259 149 49 1935.

361 2330 61 49 vi,
449 2330 60 40 26
538 2340 44 39 p.
641 2329 59 41 18½
729 2330 45 23 cm
778 2362 9 8 .

364 2386 191 40 “Books
580 2386 148 40 about
753 2384 218 42 Horace”:
1030 2396 43 38 p.
1100 2396 41 28 v.

291 2439 52 53 ©
372 2443 102 40 Oct.
500 2444 40 45 1,
566 2442 141 47 1935;
736 2441 71 42 2c.
832 2443 93 38 and
954 2441 81 39 aff.
1066 2440 100 41 Oct.
1195 2441 54 46 2;
1278 2442 40 37 A
1347 2440 169 48 87403.;
1548 2442 53 38 B.
1632 2441 50 40 L.
1714 2441 206 49 Ullman,
1950 2442 224 47 Chicago.

372 2499 279 49 (35-36746)

291 2586 223 65 Houck,
546 2586 315 54 Frederick
891 2585 233 63 Alfons,
1158 2589 171 51 1866-

364 2665 124 55 Our
511 2667 197 65 palace
731 2664 322 53 wonderful;
1110 2682 82 48 or,
1213 2663 186 53 Man’s
1423 2664 160 67 place
1607 2665 60 51 in
1692 2664 201 54 visible
1918 2667 267 64 creation,
2207 2665 74 68 by

293 2740 1988 56 the Rev. Frederick A. Houck … 7th thousand. Rev. and enl.
292 2821 85 52 ed.
453 2821 138 52 New
636 2819 163 53 York
843 2819 111 52 and
1000 2816 346 68 Cincinnati,
1391 2817 308 54 Frederick
1742 2820 201 52 Pustet
1987 2836 296 52 company,

292 2901 127 62 inc.,
449 2901 149 50 1936.

362 2967 1755 52 2 p. l., 7-180 p. front. (port.) plates, III double charts. 19½ cm .
296 3023 52 53 ©
376 3028 119 39 Nov.
524 3029 37 39 1.
593 3026 140 46 1935;
764 3026 64 39 2c.
860 3026 115 38 Nov.
1007 3026 24 39 8:
1091 3024 82 39 aff.
1204 3024 116 39 Nov.
1351 3025 52 40 7;
1435 3025 39 37 A
1506 3024 169 41 88157;
1708 3024 49 40 F.
1789 3026 54 38 A.
1874 3025 184 47 Houck,
2091 3026 192 41 Toledo.

373 3083 279 48 (35-35654)

294 3170 238 55 Illinois.
606 3172 307 65 Appellate
943 3177 201 46 courts.

366 3245 1914 69 Reports of cases … with a directory of the judiciary of the
295 3331 143 47 state
471 3326 112 51 and
615 3326 274 52 abstracts
920 3324 62 51 of
1014 3342 149 35 cases
1196 3323 331 67 designated
1558 3324 73 66 by
1662 3325 94 51 the
1788 3330 185 45 courts
2007 3342 57 34 as
2095 3331 97 45 not
2224 3332 57 45 to

295 3401 1985 68 be reported in full. v. 280, A. D. 1935 … Reported by Basil
295 3482 189 51 Jones.
562 3479 268 66 Chicago,
862 3478 315 67 Callaghan
1208 3482 44 49 &
1282 3495 296 50 company,
1608 3481 149 50 1935.

368 3552 168 42 xxviii,
568 3550 86 41 669
682 3562 43 37 p.
782 3551 54 40 23
839 3553 44 21 cm
888 3583 8 7 .

298 3603 52 53 ©
375 3609 109 39 Dec.
511 3609 38 46 5,
575 3606 113 41 1935;
741 3608 66 39 2c.
834 3608 94 39 and
953 3607 81 40 aff.
1060 3608 111 39 Dec.
1197 3606 27 39 9;
1278 3608 39 37 A
1343 3605 169 41 88569:
1541 3605 268 47 Callaghan
1833 3606 36 39 &
1893 3616 67 29 co.

295 3693 239 55 Illinois.
607 3698 185 63 Laws,
816 3702 256 60 statutes,
1099 3702 98 46 etc.

367 3770 364 65 Callaghan’s
768 3773 224 52 Illinois
1027 3775 256 60 statutes,
1318 3772 322 53 annotated.
1716 3774 304 48 1932-1935
296 3771 1960 127 supplement.

539 3847 348 67 Containing
925 3849 93 51 the
1056 3847 323 67 legislation
1418 3848 245 66 adopted
1703 3852 54 47 at
1796 3848 93 52 the
1927 3846 207 66 special
298 3864 1958 112 sessions

477 3923 62 53 of
570 3924 93 51 the
692 3925 354 65 Legislature
1075 3926 133 52 held
1236 3925 62 51 in
1329 3928 152 62 1931,
1513 3928 150 62 1932,
1696 3927 130 49 1933
1860 3925 110 51 and
2005 3927 133 48 1934
2168 3924 109 50 and
