2424 4375
1222 4035 134 53 1730

304 430 241 65 Becker,
575 433 138 51 Mrs.
744 431 140 63 May
913 429 420 66 (Lamberton)
1373 432 171 53 1873-

374 521 142 52 Five
546 526 117 47 cats
692 519 151 52 from
876 519 176 66 Siam,
1083 519 393 68 photographs
1505 521 74 66 by
1609 521 294 52 Thurman
1929 523 217 65 Rotan;
2180 530 114 46 text

305 598 75 68 by
422 598 140 66 May
604 597 345 53 Lamberton
992 597 231 52 Becker.
1298 597 138 54 New
1480 597 178 67 York,
1701 599 68 53 R.
1813 599 80 51 M.
1937 600 274 53 McBride
2254 604 44 50 &

305 678 505 66 company [ c 1935]
380 763 84 49 [63]
498 774 42 37 p.
600 762 128 40 illus.
788 760 116 42 29cm.

378 833 290 40 Illustrated
697 830 362 50 lining-papers.

305 899 55 54 ©
387 904 101 40 Oct.
518 904 67 41 17,
615 902 113 41 1935;
784 902 68 41 2c.
880 903 111 39 Dec.
1020 902 52 46 9;
1104 902 80 40 aff.
1216 903 110 39 Dec.
1356 903 49 40 7;
1438 903 42 38 A
1507 903 141 40 88574;
1706 904 182 41 Robert
1916 905 61 40 M.
2010 905 225 42 McBride
2264 909 36 37 &

375 971 67 30 co.
513 959 281 48 (35-27468)

307 1105 209 64 Bellos,
543 1105 297 54 Nausicaa
866 1106 63 53 L.

380 1197 142 54 Sous
553 1199 50 50 le
634 1195 145 54 voile
810 1196 195 57 d'Isis;
1041 1196 338 53 révélations
1411 1195 235 54 inédites
1678 1214 99 34 sur
1805 1199 51 50 la
1891 1197 87 52 vie
2009 1198 190 66 privée
2232 1200 66 51 de

307 1275 56 52 la
399 1275 206 52 femme
639 1272 368 69 égyptienne;
1045 1293 83 33 ses
1164 1279 303 61 coutumes,
1502 1293 83 34 ses
1621 1293 222 47 mœurs,
1878 1294 105 47 par
2017 1277 278 54 Nausicaa

308 1354 206 52 Bellos.
590 1353 184 52 Paris.
802 1353 78 52 M.
913 1352 253 53 Blondin
1202 1355 171 64 [1934]

377 1441 22 37 1
436 1451 41 28 v.

310 1506 1989 60 © Apr. 8, 1934; 1c. June 12: A- Foreign 24820; Éditions Marcel
381 1573 218 40 Blondin.

307 1717 441 65 Blommestein,
780 1717 211 53 Louise
1023 1733 131 37 van.

377 1807 430 53 Künstlerische
839 1808 412 52 handarbeiten
1285 1807 143 52 nach
1466 1805 328 55 richtlinien
1826 1807 116 52 und
1978 1807 319 53 entwürfen

308 1905 109 34 von
475 1885 223 53 Rudolf
758 1885 235 55 Steiner.
1090 1885 434 67 Ausgearbeitet
1583 1885 116 51 und
1756 1884 307 67 mitgeteilt
2119 1886 177 53 durch

306 1966 204 51 Louise
555 1981 111 35 van
711 1963 419 53 Blommestein.
1213 1961 645 69 Umschlagzeichnung.
308 1963 1965 132 Handarbeiten
431 2042 116 52 und

578 2040 421 54 illustrationen
1029 2059 110 34 von
1169 2041 202 51 Louise
1402 2058 110 35 van
1543 2040 420 54 Blommestein.
2030 2043 267 51 Dornach

318 2119 310 67 (Schweiz)
677 2118 1080 68 Philosophisch-anthroposophischer
1794 2118 195 67 verlag
2029 2137 88 36 am
308 2121 1935 142 Goetheanum,
626 2200 148 50 1934.

403 2284 69 39 1 v.
309 2350 1972 108 © Apr. 25, 1934; 1c. May 9: A- Foreign 24607; Philosophisch-anthroposophischer
747 2411 175 45 verlag.

308 2547 241 54 Boston.
624 2549 271 52 Museum
924 2547 64 53 of
1016 2547 114 52 fine
1159 2550 146 52 arts.

379 2637 315 68 Catalogue
725 2637 63 52 of
821 2657 31 33 a
882 2636 212 69 special
1126 2634 316 54 exhibition
1476 2636 63 52 of
1572 2636 283 68 Japanese
1888 2655 189 34 screen
309 2635 1965 147 paintings:
505 2715 175 65 birds,
720 2715 216 52 flowers
977 2714 111 51 and
1129 2714 239 52 animals;
1442 2713 152 52 from
1635 2714 95 53 the
1770 2713 293 54 collection
2102 2714 60 51 in
2203 2715 93 51 the

309 2790 1963 147 Museum of fine arts, Boston, by Robert T. Paine, jr. … Boston, Museum of fine arts, 1935.
376 2953 485 52 30 p. 35½ × 21½cm.
379 3027 222 41 Without
631 3025 340 42 illustrations.

379 3083 224 42 Includes
637 3081 388 51 bibliographies.

312 3150 53 53 ©
401 3156 111 38 Dec.
547 3154 39 47 9,
624 3153 140 47 1935;
802 3151 65 42 2c.
905 3152 94 40 and
1034 3152 80 40 aff.
1153 3154 111 38 Dec.
1300 3152 80 42 10;
1419 3154 41 37 A
1496 3152 169 47 89767;
1705 3153 220 40 Museum
1962 3154 51 40 of
2050 3154 92 41 fine
2177 3159 116 36 arts.

390 3210 279 49 (35-36726)

309 3350 182 64 Boyd,
524 3349 200 65 Edith,
759 3353 171 50 1895-

377 3440 121 53 The
522 3439 224 68 growth
772 3439 65 53 of
861 3439 96 52 the
981 3437 224 54 surface
1232 3457 129 34 area
1388 3438 64 53 of
1473 3438 96 54 the
1589 3439 212 51 human
1823 3438 169 67 body,
2015 3438 75 69 by
2114 3437 177 54 Edith

308 3515 1960 146 Boyd … with a foreword by Richard E. Scammon … [Minneapolis] The
692 3592 334 70 University
1053 3592 64 54 of
1143 3594 322 52 Minnesota
1493 3610 173 51 press,
1695 3596 150 49 1935.

378 3690 34 30 x
435 3690 58 38 p.,
516 3681 93 47 11.,
635 3680 85 40 145
741 3690 42 38 p.
835 3680 143 48 illus.,
1002 3680 179 49 diagrs.
1232 3680 116 40 26cm.
1412 3679 298 49 (Half-title:
1733 3678 280 50 University
2039 3679 52 42 of
308 3679 1967 97 Minnesota.

486 3736 103 40 The
613 3736 235 41 Institute
874 3736 52 40 of
953 3736 129 41 child
1109 3736 214 40 welfare.
1384 3736 300 48 Monograph
1708 3735 149 41 series
1884 3745 75 31 no.
1987 3735 57 48 x)

378 3804 375 48 Bibliography:
784 3816 44 37 p.
857 3806 214 40 135-142.

311 3869 54 52 ©
389 3872 103 42 Oct.
518 3872 71 47 25,
615 3874 113 40 1935;
783 3876 67 38 2c.
877 3876 117 39 Nov.
1022 3876 54 38 11;
1134 3875 81 39 aff.
1241 3877 110 38 Dec.
1380 3876 27 39 9;
1462 3876 40 38 A
1528 3875 142 40 89322;
1729 3875 281 48 University
2037 3875 52 40 of

376 3873 1899 109 Minnesota,
528 3929 333 50 Minneapolis.
932 3931 279 47 (35-28381)
