2526 4384
1334 4054 103 48 284

357 436 219 67 Duerk,
605 435 287 58 Hilarion.

430 511 321 55 Catechism
774 512 65 53 of
859 512 350 69 psychology
1234 511 93 53 for
1348 529 213 50 nurses,
1582 511 75 69 by
1681 511 139 53 Rev.
1843 510 273 54 Hilarion
2138 509 215 67 Duerk,

396 588 1430 70 O . F. M. New York, P. J. Kenedy & sons, 1935.
434 662 115 48 xxii,
576 662 86 41 243
687 672 42 39 p.
790 662 116 41 21cm.

435 718 221 41 Includes
682 718 432 48 “Supplementary
1139 716 244 49 reading.”

363 774 53 53 ©
443 777 111 41 Feb.
583 778 38 46 5,
651 776 113 41 1935;
819 777 68 40 2c.
917 777 110 39 Feb.
1056 777 54 39 11;
1169 776 82 41 aff.
1282 775 110 41 Feb.
1422 775 29 40 9;
1508 776 40 39 A
1576 775 143 42 80385;
1780 777 50 39 P.
1861 777 42 39 J.
1934 776 199 48 Kenedy
2163 776 38 40 &
2230 787 124 30 sons.

440 834 251 48 (35-2682)

361 935 358 66 Eddington,
747 938 99 54 Sir
870 936 234 53 Arthur
1129 935 262 64 Stanley,
1423 940 170 51 1882-

430 1010 1927 71 New pathways in science, by Sir Arthur Eddington … New
365 1089 177 69 York,
577 1090 122 53 The
731 1089 332 53 Macmillan
1101 1107 308 51 company;
1449 1087 364 70 Cambridge,
1852 1089 166 69 Eng.,
2055 1088 123 54 The
363 1088 1968 148 University
602 1186 174 50 press,
808 1169 150 51 1935.

434 1237 1926 54 4 p. l., [vii]-x p., 1 l., 333 p. 4 pl., diagr. 22cm. (Messenger lectures,
365 1295 136 49 1934)

438 1353 147 42 “This
622 1354 186 40 volume
841 1352 223 42 contains
1099 1352 80 42 the
1216 1352 277 48 Messenger
1529 1351 208 43 lectures
1774 1352 157 40 which
1970 1352 21 40 I
2029 1352 242 42 delivered
2311 1354 51 40 at

366 1408 1994 50 Cornell university in April and May 1934. Chapters n and VIII have been
364 1467 390 40 added.”—Pref.

368 1522 53 53 ©
452 1527 121 38 Mar.
602 1527 40 45 1,
673 1525 113 41 1935;
847 1525 67 40 2c.
945 1526 94 39 and
1072 1524 81 40 aff.
1186 1526 121 38 Mar.
1339 1524 25 39 2;
1426 1525 40 39 A
1496 1524 143 41 79894;
1701 1523 285 43 Macmillan
2013 1535 67 30 co.

447 1583 251 48 (35-3651)

370 1682 322 66 England’s
722 1684 263 68 Helicon,
1018 1687 150 64 1600,
1201 1688 152 63 1614,
1383 1684 188 53 edited
1602 1685 75 66 by
1706 1684 205 67 Hyder
1942 1685 252 53 Edward

440 1684 1919 146 Rollins … Cambridge, Mass., Harvard university press, 1935.
443 1835 27 39 2
535 1866 9 10 v.
603 1835 127 39 illus.
758 1834 134 48 (coat
923 1835 50 40 of
1007 1834 154 48 arms)
1201 1834 215 40 facsims.
1477 1834 145 41 24½cm.

444 1891 136 41 With
607 1892 339 48 reproduction
974 1891 51 40 of
1053 1894 96 44 t.-p.
1176 1892 52 39 of
1253 1891 117 41 1600
1396 1891 197 41 edition.

446 1946 244 50 Ascribed,
732 1948 118 41 with
891 1950 140 39 other
1072 1947 317 41 Elizabethan
1430 1948 337 48 miscellanies,
1809 1950 48 38 to
1899 1948 126 40 John
2068 1948 295 42 Bodenham.

376 2005 106 40 who
511 2005 232 48 probably
769 2005 248 48 projected
1045 2006 80 40 the
1153 2006 133 39 work
1314 2007 94 38 and
1438 2004 281 42 befriended
1748 2005 81 40 the
1858 2005 169 47 editor,
2059 2006 80 39 the
2170 2005 81 40 “A.
2281 2005 82 41 B.”

385 2060 79 48 (as
491 2065 79 44 yet
599 2060 341 49 unidentified)
977 2063 106 39 who
1110 2062 165 48 signed
1305 2063 80 40 the
1413 2061 274 41 dedication
1714 2061 95 40 and
1837 2061 252 49 prefatory
2117 2065 169 37 sonnet
2316 2063 45 39 in

378 2118 80 41 the
487 2118 106 40 first
625 2118 196 40 edition.
883 2119 133 40 More
1048 2121 161 38 recent
1238 2117 306 48 authorities,
1575 2117 250 48 including
1856 2119 80 39 the
1970 2121 192 45 present
2194 2120 169 42 editor,

377 2175 188 40 ascribe
600 2174 81 42 the
716 2176 135 39 work
887 2178 48 38 to
971 2174 79 41 “L.
1086 2175 84 40 N.”
1207 2176 106 39 who
1348 2174 132 49 signs
1515 2176 81 39 the
1629 2175 196 48 preface
1860 2176 95 39 “To
1989 2177 81 38 the
2105 2177 183 41 reader,
2328 2177 37 38 if

379 2230 323 50 indifferent”,
748 2231 78 41 “L.
869 2232 85 42 N.”
999 2232 140 49 being
1181 2232 81 40 the
1306 2234 284 46 transposed
1636 2232 188 40 initials
1868 2232 49 40 of
1961 2231 227 42 Nicholas
2232 2233 133 45 Ling.

379 2288 61 48 of.
469 2289 183 41 Introd.:
711 2290 103 40 also
843 2290 124 40 Diet.
998 2292 99 39 nat.
1126 2290 122 48 biog.

726 2353 94 33 CONTENTS.—I.
851 2347 263 47 England’s
1145 2347 216 46 Helicon,
1393 2346 128 41 1600.
1580 2346 282 41 Additional
1896 2358 161 37 poems
2087 2348 125 39 from
379 2349 1971 94 England’s

571 2403 216 47 Helicon,
826 2403 128 40 1614.
1015 2403 204 41 Variant
1258 2402 226 49 readings
1522 2405 94 38 and
1654 2404 266 47 misprints.
1982 2405 150 39 Index
2172 2405 51 39 of
2260 2405 99 39 firs!

379 2457 252 43 lines.—II.
661 2458 351 42 Introduction.
1072 2460 161 40 Notes.
1295 2461 151 38 Index
1474 2461 51 39 of
1550 2470 180 36 names,
1759 2460 228 46 subjects,
2017 2462 91 37 and
2140 2463 170 38 words.

377 2512 53 53 ©
459 2516 110 41 Feb.
597 2517 70 48 28,
696 2516 114 42 1935;
872 2517 65 40 2c.
969 2518 121 42 each
1117 2519 120 38 Mar.
1267 2518 27 38 4;
1354 2517 81 40 aff.
1469 2519 120 38 Mar.
1622 2517 29 40 6;
1708 2518 43 39 A
1779 2518 146 40 80815;
1984 2518 254 41 President
2272 2519 95 39 and

441 2574 193 40 fellows
664 2575 52 38 of
747 2575 230 39 Harvard
1009 2576 190 46 college,
1233 2574 300 49 Cambridge,
1565 2575 147 40 Mass.
1776 2574 283 49 [Copyright
2089 2575 45 40 is
2164 2576 203 39 claimed

447 2640 63 29 on
539 2641 42 37 p.
614 2630 216 49 219-228,
865 2632 192 39 volume
1122 2642 8 36 I;
1165 2630 345 48 introduction,
1544 2633 142 38 notes
1716 2632 95 39 and
1844 2631 213 48 indexes,
2091 2632 191 40 volume
2356 2652 9 29 II]

457 2687 250 50 (35-3681)

377 2787 238 67 Fasten,
645 2790 262 64 Nathan,
940 2791 170 54 1887-

445 2864 319 68 Principles
792 2864 64 54 of
883 2865 245 68 genetics
1156 2866 111 52 and
1297 2865 260 68 eugenics;
1618 2884 31 33 a
1678 2865 171 68 study
1877 2864 64 54 of
1966 2864 260 69 heredity
2254 2864 111 52 and

377 2941 1926 70 variation in plants, animals, and man, by Nathan Fasten …
377 3018 234 67 Boston,
633 3019 139 53 New
796 3019 162 53 York
1007 3024 117 62 [etc.]
1154 3019 155 55 Ginn
1336 3020 113 52 and
1475 3036 278 52 company
1801 3021 176 64 [c1935]

447 3090 100 44 viii,
575 3091 87 40 407
691 3101 41 37 p.
793 3091 142 48 illus.,
966 3093 176 44 diagrs.
1202 3091 147 41 21½cm.

449 3146 373 49 Bibliography:
853 3157 43 38 p.
926 3148 217 41 357-366.

381 3202 53 54 ©
461 3206 109 41 Feb.
597 3206 40 47 6,
665 3205 113 42 1935;
833 3206 67 41 2c.
929 3207 109 41 Feb.
1068 3206 57 41 16;
1178 3206 81 41 aff.
1289 3206 110 41 Feb.
1428 3206 55 41 15;
1541 3206 43 40 A
1608 3206 142 41 79667;
1808 3208 55 39 N.
1893 3206 193 48 Fasten,
2117 3205 252 48 Corvallis,

450 3264 79 40 Or.
599 3263 250 49 (35-3652)

384 3353 163 64 Foss,
572 3352 238 57 Nelson.

452 3429 169 54 Wide
649 3447 127 48 way
801 3434 59 48 to
890 3430 224 66 wealth,
1140 3430 76 66 by
1243 3430 209 52 Nelson
1483 3430 157 52 Foss.
1705 3430 232 63 Boston,
1964 3428 237 53 Meador
385 3426 1960 146 publishing

630 3523 295 48 company,
959 3510 151 49 1935.

455 3578 84 40 131
568 3588 41 37 p.
668 3577 114 41 20cm.

387 3628 53 53 ©
463 3633 109 40 Jan.
595 3633 40 45 2,
660 3632 113 41 1935;
825 3633 67 40 2c.
917 3634 96 39 and
1036 3633 82 40 aff.
1143 3634 109 39 Jan.
1276 3634 27 39 7;
1355 3633 43 39 A
1421 3632 168 47 79029;
1618 3632 210 40 Edward
1852 3632 59 39 K.
1937 3632 212 46 Meador,
2175 3631 195 40 Boston.

465 3690 249 47 (35-3616)

388 3777 139 65 Fox,
555 3777 288 55 Gresham
872 3779 244 64 George,
1144 3783 169 50 1883-

458 3852 120 53 The
619 3854 165 52 Bible
823 3872 59 33 as
920 3854 241 68 religion
1204 3854 111 52 and
1356 3853 295 53 literature
1698 3851 90 70 [by]
1853 3851 69 55 G.
1965 3850 222 68 George
2226 3850 142 53 Fox.

389 3926 268 74 Chicago,
681 3930 121 53 The
825 3930 193 68 Argus
1043 3930 146 52 book
1212 3931 160 66 shop,
1396 3929 414 67 incorporated,
1842 3931 147 49 1934.
