2424 4375
1257 4092 100 49 340

321 462 348 53 Protestant
698 461 310 65 Episcopal
1039 462 222 54 church
1291 462 59 53 in
1380 463 103 53 the
1513 463 72 55 U.
1616 463 57 55 S.
1702 463 73 54 A.
1846 464 278 56 National
389 482 1904 109 council.

555 542 286 51 Woman’s
872 541 302 66 auxiliary.
1252 540 298 54 Triennial
1576 543 268 66 meeting,
1874 543 262 52 Atlantic
2166 544 149 65 City,

394 618 151 50 1934.

392 695 56 50 A
485 693 147 52 book
667 693 65 52 of
768 692 396 69 meditations;
1205 693 285 54 foreword
1528 695 76 67 by
1642 693 183 55 Grace
1859 693 262 70 Lindley.
2196 697 120 53 The

323 771 364 53 meditations
728 771 169 69 given
937 777 60 47 at
1035 771 98 54 the
1170 769 296 55 Triennial
1505 771 249 70 meeting
1792 772 65 52 of
1895 773 95 52 the
2028 772 287 56 Woman’s

322 848 287 69 auxiliary
645 854 59 48 at
735 848 261 54 Atlantic
1033 848 154 70 City,
1221 851 69 52 N.
1325 850 75 67 J.,
1436 849 262 69 October,
1736 853 149 49 1934.
1959 850 356 69 Milwaukee,

320 927 158 66 Wis.,
508 927 338 52 Morehouse
874 925 336 71 publishing
1240 947 78 34 co.
1354 960 13 34 [
1372 933 19 22 c
1396 929 151 66 1935]

393 1000 103 47 xiii,
527 1001 55 49 [1]
612 1012 56 37 p.,
696 1002 24 38 1
781 1032 9 16 l.,
817 1000 56 41 86
895 1012 42 37 p.
999 1001 55 40 17
1057 1002 44 22 cm
1106 1032 9 9 .

395 1057 174 40 Edited
598 1057 60 47 by
688 1056 154 41 Sister
870 1057 213 46 Elspeth.
1146 1058 60 47 cf.
1237 1057 272 40 Foreword.

322 1108 53 53 ©
405 1113 111 41 Feb.
545 1113 70 48 27,
645 1113 117 41 1935
777 1124 9 37 ;
818 1113 65 41 2:c.
917 1114 121 39 Mar.
1070 1115 25 39 5
1114 1124 9 36 ;
1156 1113 82 40 aff.
1272 1115 120 38 Mar.
1424 1115 27 38 4
1469 1125 9 36 ;
1513 1114 40 39 A
1586 1113 169 48 79913;
1790 1116 289 39 Morehouse
2109 1116 108 47 pub.
2248 1125 65 30 co.

401 1170 250 48 (35-4354)

320 1256 221 54 Punch,
615 1278 51 34 v.
698 1263 116 63 188,
840 1279 88 34 no.
957 1263 152 64 4889,
1137 1261 297 67 February
1461 1263 83 65 20,
1574 1264 149 50 1935.

321 1328 1993 54 © 1c. Apr. 17, 1935; A ad int. 20157; pubd. Feb. 20; Herbert Heather,
390 1390 211 40 London.

318 1476 157 67 Pyle,
506 1478 275 65 Howard,
815 1483 325 52 1853-1911.

451 1554 1861 68 … Some merry adventures of Robin Hood of great renown
319 1631 60 51 in
410 1632 551 67 Nottinghamshire,
995 1634 228 51 written
1256 1633 112 52 and
1400 1632 326 54 illustrated
1756 1633 75 65 by
1865 1631 257 53 Howard
2154 1631 158 67 Pyle.

320 1706 136 54 New
494 1707 178 68 York,
710 1707 253 69 Chicago
1004 1715 138 61 [etc.]
1184 1710 64 55 C.
1286 1708 313 56 Scribner’s
1633 1727 129 35 sons
1804 1741 13 34 [
1822 1714 18 22 c
1844 1711 153 63 1935]

389 1777 99 50 viii,
528 1779 88 41 208
650 1791 44 39 p.
733 1781 110 42 incl.
880 1781 165 49 front.,
1085 1782 142 48 illus.,
1268 1781 172 50 plates.
1499 1781 58 41 19
1558 1784 44 21 cm
1606 1813 10 10 .
1693 1780 223 49 (Modern
1956 1781 237 41 standard
318 1791 1975 94 authors)

319 1889 53 53 ©
398 1895 122 39 Mar.
545 1894 70 48 20,
641 1894 117 40 1935
772 1905 9 37 ;
809 1894 64 41 2c.
902 1895 95 40 and
1024 1894 81 40 aff.
1134 1896 121 38 Mar.
1283 1895 82 46 25;
1395 1895 40 39 A
1464 1895 169 46 82133;
1665 1895 204 40 Charles
1896 1893 264 42 Scribner’s
2188 1904 123 30 sons.

391 1951 280 49 [Copyright
698 1951 42 40 is
770 1951 203 41 claimed
1003 1962 60 30 on
1093 1952 210 48 preface]
1375 1951 251 48 (36-4387)

314 2025 221 66 Raney,
567 2028 365 53 McKendree
965 2026 333 66 Llewellyn,
1333 2031 170 52 1877-

395 2102 60 51 If
502 2102 240 52 Lincoln
786 2102 113 54 had
947 2103 170 60 lived,
1163 2103 289 54 addresses
1498 2102 73 69 by
1616 2102 78 53 M.
1743 2100 310 68 Llewellyn
2098 2101 214 68 Raney,

322 2180 185 67 Lloyd
547 2179 199 69 Lewis,
786 2179 136 55 Carl
962 2179 309 69 Sandburg
1315 2215 12 34 [
1334 2180 129 68 and]
1508 2178 259 56 William
1806 2178 69 54 E.
1916 2177 186 55 Dodd.
323 2176 1964 148 Chicago,
508 2257 112 68 Ill.,
650 2258 122 52 The
803 2257 333 69 University
1167 2258 63 52 of
1262 2257 250 69 Chicago
1542 2275 155 50 press
1757 2259 151 65 [1935]

395 2329 75 41 vii,
497 2328 55 40 62
577 2338 43 37 p.
679 2330 149 39 front.
856 2328 171 49 (port.)
1064 2330 127 39 illus.
1220 2329 238 47 (facsim.)
1527 2330 56 40 16½
1614 2333 15 21 cm
1663 2363 7 8 .

393 2385 276 41 Half-title:
703 2386 101 40 The
834 2386 215 40 William
1083 2387 53 41 E.
1171 2388 185 38 Barton
1387 2387 251 40 collection
1673 2388 50 38 of
1756 2387 329 39 Lincolniana.

418 2441 1888 50 The addresses … were delivered April 20, 1934, at the University
318 2497 53 41 of
398 2498 209 48 Chicago
638 2499 152 40 under
819 2500 83 39 the
928 2499 221 47 auspices
1179 2499 53 40 of
1258 2500 84 40 the
1367 2500 206 40 Friends
1598 2499 54 41 of
1680 2500 82 40 the
1791 2500 198 46 library.
2049 2499 103 39 The

318 2508 1970 86 occasion
457 2565 101 30 was
592 2556 83 39 the
706 2559 382 36 announcement
1122 2556 51 39 of
1206 2557 82 39 the
1322 2555 311 49 university’s
1666 2556 292 47 acquisition
1994 2556 51 40 of
2079 2556 82 40 the
318 2555 1971 96 William

473 2611 53 40 E.
563 2613 184 39 Barton
784 2612 186 47 library
1008 2613 52 39 of
1096 2611 317 41 Lincolniana
1452 2613 93 39 and
1585 2613 138 40 other
1759 2612 198 40 Lincoln
1994 2612 226 40 material
2257 2611 48 40 in

320 2667 1985 50 manuscript and print.”—Foreword, signed: M. L. R. [i. e. M. L. Raneyj
653 2756 9 9 CONTENTS.
679 2746 61 7 —
755 2726 102 37 The
892 2725 197 38 Lincoln
1125 2725 200 46 library,
1362 2726 61 46 by
1461 2727 63 37 M.
1560 2726 50 40 L.
1647 2724 295 47 Raney.—If
1974 2725 198 39 Lincoln
2210 2725 93 38 bad

317 2781 141 46 lived,
486 2781 61 46 by
571 2781 151 47 Lloyd
749 2781 317 42 Lewis.—Dr.
1092 2782 187 39 Barton
1303 2791 55 29 as
1385 2790 28 29 a
1440 2780 280 48 Lincolnist,
1749 2781 60 47 by
1836 2780 113 42 Carl
1980 2780 327 47 Sandburg.—

318 2836 239 41 Lincoln’s
587 2839 241 46 dilemma,
858 2838 60 47 by
946 2838 72 40 W.
1050 2838 53 39 E.
1133 2836 258 42 Dodd.—A
1418 2838 144 39 letter
1593 2837 128 40 from
1752 2838 81 39 the
1860 2847 248 38 governor,
2137 2837 166 47 Henry

318 2894 205 41 Homer.

314 2950 53 53 ©
394 2954 111 39 Feb.
533 2954 69 47 12,
630 2953 140 47 1935;
800 2953 68 40 2c.
896 2954 122 38 Mar.
1046 2951 83 47 21;
1161 2951 80 40 aff.
1273 2952 122 39 Mar.
1424 2951 82 47 18;
1537 2951 40 39 A
1606 2950 169 47 81097;
1808 2950 282 48 University
2118 2952 52 40 of
383 2948 1906 109 Chicago,
543 3010 222 47 Chicago.
830 3008 282 51 [Copyright
1138 3008 42 40 is
1210 3008 204 40 claimed
1442 3019 62 29 on
1531 3008 258 49 foreword]

393 3067 250 48 (35-4571)

310 3140 175 64 Reed,
514 3140 274 65 Virginia
815 3139 307 55 Elizabeth
1150 3142 86 63 B.,
1265 3141 53 55 d.
1351 3142 149 50 1921.

388 3217 54 51 A
479 3217 194 68 happy
709 3218 173 65 issue;
920 3217 96 53 the
1050 3216 250 53 hitherto
1340 3214 377 70 unpublished
1755 3215 165 53 letter
1960 3213 63 54 of
2060 3233 31 34 a
2132 3211 171 69 child,

319 3293 265 68 Virginia
633 3293 298 54 Elizabeth
982 3294 66 50 B.
1102 3292 172 68 Reed,
1325 3294 259 51 survivor
1633 3292 62 52 of
1744 3291 96 53 the
1889 3289 413 55 Donner-Reed

317 3375 197 63 party;
541 3370 140 54 with
708 3388 31 33 a
766 3370 282 53 foreword
1072 3370 74 67 by
1168 3368 177 54 Lucia
1371 3368 364 69 Shepardson
1761 3368 85 53 De
1872 3367 176 53 Wolf.
318 3366 1960 133 [Stanford
481 3446 350 69 University,
862 3446 192 67 Calif.]
1091 3447 155 53 Priv.
1278 3447 175 66 print,
1485 3448 149 50 1935.

385 3518 101 47 viii,
514 3517 55 41 13
596 3529 43 37 p.
668 3518 108 41 incl.
803 3517 147 42 front.
1011 3518 56 39 22½
1098 3519 45 22 cm
1147 3548 10 10 .

315 3573 53 53 ©
400 3578 110 39 Feb.
544 3577 70 48 25,
649 3575 140 48 1935;
823 3576 65 41 2c.
925 3578 121 38 Mar.
1078 3577 53 46 4;
1167 3573 83 43 aff.
1285 3576 121 39 Mar.
1440 3575 53 48 5;
1529 3576 40 38 A
1602 3574 169 47 79922;
1808 3575 147 40 Lucia
1995 3574 305 47 Shepardson

382 3635 74 38 De
481 3634 144 46 Wolf,
656 3633 274 48 Cupertino,
961 3633 143 41 Calif.
1175 3632 250 49 (35-4382)

311 3708 209 64 Roder,
549 3709 162 54 Karl.

311 3781 1961 130 … Steinbearbeitung, von dr.-ing. Karl Roder, dr.-ing. Werner
312 3855 1958 133 Gruner, dr.-ing. Walter Kerner … dr.-ing. Gotthold Pahlitzsch.
610 3935 114 54 Mit
770 3935 66 53 78
885 3935 384 64 abbildungen
1314 3936 118 51 und
1482 3937 65 49 10
1593 3932 402 54 zahlentafeln.
2078 3933 217 65 Berlin,

313 4011 370 67 VDI-verlag
708 4031 54 47 g.
790 4031 73 33 m.
889 4012 52 53 b.
969 4013 73 59 h.,
1072 4015 149 50 1933.
