2424 4375
1073 4020 134 50 1955

146 410 211 64 Lanoë,
384 410 163 53 Jules
575 410 241 53 Charles
846 411 303 62 Constant,
1182 412 170 53 1872-

278 486 1851 67 … Corsaires, par le commandant Lanoë. Paris, Gallimard
151 566 171 64 [1935]

219 634 1912 52 3 p. l., [9]-284 p., 2 l. 19 cm . (Les vies parallèles; collection pub.
145 703 112 30 sous
288 694 46 37 la
366 691 237 42 direction
633 693 61 39 de
723 692 43 40 J.
800 691 450 49 Lucas-Dubreton)

216 748 418 48 “Bibliographie”;
698 760 43 37 p.
779 747 246 50 [281]-284.

490 805 265 47 CONTENTS.—Dragut,
807 805 213 41 corsaire
1068 805 336 47 barbaresque.
1422 827 61 5 —
1498 804 126 40 Jean
1672 805 136 40 Bart.
1825 828 59 5 —
1901 805 232 47 François

146 862 388 40 Thurot.—John
571 862 122 39 Paul
728 861 346 40 Jones.—Jean
1111 861 758 40 Dalbarade.—Surcouf.—Tom
1909 862 224 40 Souville.

147 914 1871 53 © Mar. 1, 1935; 1c. May 6; A- Foreign 27851; Librairie Gallimard.
226 974 254 49 (35-30708)

147 1078 248 53 Larmac
430 1078 385 53 consolidated
854 1078 132 53 code
1025 1079 110 51 and
1174 1087 159 45 court
1370 1078 121 53 rule
1527 1077 170 54 index
1734 1084 58 47 to
1830 1078 95 53 the
1962 1078 170 67 Civil,

218 1155 152 55 Civil
406 1156 322 67 procedure,
763 1155 244 54 Probate
1043 1156 111 51 and
1189 1158 178 51 Penal
1401 1156 179 66 codes,
1614 1157 117 52 also
1764 1160 57 49 to
1855 1156 95 53 the
1983 1156 149 54 rules

216 1233 62 53 of
322 1232 274 68 Supreme
634 1239 160 47 court,
850 1232 243 54 District
1131 1239 187 47 courts
1358 1233 62 52 of
1462 1236 203 65 appeal
1706 1234 111 52 and
1859 1232 274 69 Superior

216 1318 177 58 court,
433 1310 63 53 of
537 1310 340 66 California,
917 1310 298 68 including
1253 1313 77 52 all
1371 1311 386 53 amendments
1797 1317 62 47 to
1897 1312 112 52 and
217 1312 1891 143 including
482 1392 148 49 1935.
708 1387 113 55 San
854 1388 320 67 Francisco,
1203 1390 76 51 H.
1311 1388 69 55 G.
1414 1387 192 68 Swift,
1635 1389 247 52 Marnell
1913 1392 43 50 &
215 1408 1893 125 company
402 1500 13 33 [
420 1472 18 21 c
443 1470 151 61 1935]

213 1541 23 37 1
274 1550 42 29 v.
375 1538 55 41 23½
463 1541 43 20 cm
510 1569 9 8 .

149 1594 265 48 Compilers:
471 1594 127 47 1935,
628 1595 56 40 N.
715 1596 51 38 E.
798 1594 181 40 Larkin
1008 1595 96 39 and
1133 1595 50 40 P.
1213 1595 54 40 A.
1298 1594 278 48 McCarthy.

219 1649 1693 49 “The intention is to publish a new edition … each biennium.”
149 1703 52 53 ©
231 1707 101 41 Oct.
361 1707 67 47 12,
459 1707 115 40 1935;
628 1707 68 40 2c.
726 1707 94 39 and
852 1706 79 40 aff.
964 1706 100 41 Oct.
1167 1717 9 36 18;
1210 1707 42 39 A
1280 1706 169 47 87761;
1482 1707 207 39 Marnell
1721 1707 36 40 &
1813 1717 40 30 co.

225 1763 278 49 (35-19972)

146 1854 84 52 La
256 1855 249 63 Rocque,
535 1854 297 66 François,
861 1861 176 46 comte
1064 1855 87 56 de.

279 1930 1392 68 … Service public. Paris, B. Grasset [ c 1934]
218 2003 84 41 272
331 2014 56 38 p.,
416 2004 26 38 2
492 2036 8 7 l.
557 2004 58 39 18½
644 2006 15 20 cm
693 2036 8 7 .

218 2061 61 40 At
310 2060 124 40 head
463 2059 52 41 of
543 2060 133 40 title:
708 2061 259 39 Lt-colonel
993 2061 56 39 de
1080 2060 67 40 La
1178 2059 206 48 Rocque.

147 2113 1988 61 © Nov. 25, 1934; 1c. May 31, 1935; A-Foreign 28018; Éditions Bernard
223 2181 211 40 Grasset.
501 2180 279 48 (35-30713)

147 2269 308 65 Leighton,
489 2271 166 54 Clare
685 2270 285 54 Veronica
999 2271 182 64 Hope,
1214 2275 171 50 1900-

148 2347 1961 145 The wood that came back, by Clare Leighton. Poughkeepsie, N. Y., Artists and writers guild [ c 1935]
232 2498 70 49 [32]
342 2509 42 37 p.
443 2497 128 41 illus.
600 2497 138 49 (part
771 2499 111 46 col.)
955 2496 266 41 20×26½cm.

219 2555 287 39 Illustrated
538 2556 97 46 t.-p.

218 2611 70 40 On
322 2621 140 29 cover:
526 2610 295 40 Authorized
857 2610 255 39 American
1148 2608 197 42 edition.

151 2663 52 53 ©
228 2668 116 39 Nov.
371 2668 69 46 15,
465 2666 140 47 1935;
632 2668 67 39 2c.
726 2667 116 39 Nov.
870 2667 48 39 21;
980 2667 80 39 aff.
1089 2667 117 39 Nov.
1232 2666 81 47 20;
1343 2666 41 39 A
1410 2664 169 48 89496;
1609 2666 184 39 Artists
1821 2666 94 39 and
1944 2665 196 40 writers

219 2724 146 46 guild,
389 2724 90 39 inc.
541 2722 278 48 (35-28729)

150 2811 206 61 Lewis,
386 2812 232 52 Arthur
644 2812 64 55 T.

218 2888 460 68 Parliamentary
712 2888 150 53 rules
895 2886 325 69 simplified,
1255 2887 74 68 by
1367 2887 223 51 Arthur
1626 2886 65 53 T.
1730 2884 199 55 Lewis.
150 2882 1959 152 Chicago,
332 2965 112 66 Ill.,
473 2965 331 53 Associated
836 2964 231 53 authors
1101 2997 14 35 [
1119 2972 19 21 c
1142 2968 152 63 1935]

220 3036 966 51 1 p. l. , 5-96 p. illus., diagrs. 19 cm .
223 3093 127 42 “The
381 3096 105 39 text
516 3095 41 40 is
589 3094 147 41 based
769 3094 191 49 strictly
993 3104 127 39 upon
1153 3094 220 41 Robert’s
1408 3094 129 41 rules
1571 3094 51 41 of
1655 3094 156 47 order,
151 3094 1985 99 revised.”—Foreword.

223 3207 127 42 “The
383 3210 219 39 contents
637 3207 51 41 of
720 3206 98 42 this
853 3208 186 41 volume
1074 3206 259 50 originally
1366 3208 242 49 appeared
1641 3218 56 30 as
1729 3218 28 31 a
1793 3208 148 40 series
1976 3208 52 40 of
152 3218 1966 86 articles
314 3265 50 39 in
390 3265 81 40 the
498 3262 249 42 Christian
773 3264 184 41 science
980 3263 810 50 monitor.”—Acknowledgments.

152 3317 52 53 ©
234 3322 117 40 Nov.
381 3323 38 43 7,
451 3321 139 48 1935;
622 3320 67 41 2c.
720 3322 94 38 and
845 3320 80 40 aff.
956 3321 118 39 Nov.
1105 3320 82 48 29;
1220 3322 40 37 A
1290 3320 170 48 88945;
1493 3320 284 41 Associated
1811 3321 215 40 authors.

230 3376 219 48 (36-905)

150 3464 277 67 Lindsay,
459 3466 210 66 Philip,
702 3472 172 49 1906-

222 3545 119 51 The
390 3545 136 50 Iron
574 3544 181 64 Duke,
802 3544 72 66 by
922 3543 197 66 Philip
1168 3543 281 67 Lindsay;
1500 3543 113 52 this
1659 3544 164 52 novel
1871 3543 46 55 is
1965 3544 170 53 based

154 3619 1981 146 on the original film story by H . M. Harwood, a Gaumont-British picture with George Arliss as the Duke of Wellington.
154 3776 254 52 London.
437 3775 119 51 The
585 3774 307 62 Queensway
962 3792 155 47 press
1169 3777 151 63 [1934]

223 3844 990 50 2 p. l. , 9-312 p. front., plates. 20 cm .
157 3897 1980 54 © 1c. Dec. 18, 1934; A ad int. 19947; pubd. Dec. 3; Queensway press.
235 3957 249 49 (35-2812)
