2424 4375
1298 4053 99 52 670

346 435 84 52 De
457 435 306 62 Remusat,
791 435 146 53 Jean
963 434 64 56 T.

415 509 481 69 Autobiography
935 510 64 51 of
1035 509 146 53 Jean
1220 511 64 50 T.
1324 509 378 67 de’Remusat,
1737 509 75 67 by
1850 509 146 53 Jean
2035 509 65 52 T.
346 508 1966 132 de’Remusat.

622 586 233 69 Boston,
885 586 238 53 Meador
1154 584 335 71 publishing
1520 602 295 53 company,
1849 588 148 50 1935.

418 659 753 50 230 p. front. (port.) 20 cm .
420 717 202 39 Author’s
675 727 141 29 name
842 717 245 39 corrected
1116 716 49 39 in
1190 716 300 48 manuscript
1520 719 46 38 to
1595 716 123 40 Jean
1744 716 52 40 T.
1824 714 295 42 d’Remusat.

421 773 71 41 On
520 784 166 30 cover:
717 773 124 40 Jean
868 774 50 39 T.
946 772 296 41 d’Remusat.

348 840 53 53 ©
425 845 113 47 Apr.
563 845 68 46 13,
658 844 141 46 1935;
825 842 65 41 2c.
918 844 112 47 Apr.
1058 842 81 49 22;
1168 843 82 40 aff.
1278 844 112 48 Apr.
1417 844 83 46 25;
1529 844 44 39 A
1599 844 169 47 81570;
1798 844 210 39 Edward
2037 844 58 39 K.
2124 842 210 48 Meador,

417 902 195 39 Boston.
682 900 249 49 (35-7290)

350 1001 280 68 Dittmar,
657 1001 253 56 William
937 1003 238 65 Robert,
1205 1008 170 49 1886-

421 1079 121 54 The
587 1085 368 61 government
998 1078 63 53 of
1105 1078 94 54 the
1246 1078 119 53 free
1408 1083 142 49 state
1594 1078 63 53 of
1702 1076 267 68 Bavaria,
2013 1076 74 70 by
2132 1076 87 54 W.
2266 1076 68 51 R.

359 1154 1955 64 Dittmar, PH. D. Williamsport, Pa., The Bayard press [ c 1934]
422 1227 617 48 3 p. l. , 9-161 p. 21 cm .
423 1286 169 38 Issued
627 1284 102 40 also
764 1294 54 30 as
852 1285 150 39 thesis
1045 1284 108 48 (PH.
1218 1285 33 48 D.)
1295 1284 250 42 Columbia
1578 1286 284 47 university.

423 1341 347 40 “References”:
837 1351 42 38 p.
914 1341 217 41 151-161.

351 1411 52 52 ©
433 1416 126 39 June
588 1415 67 46 12,
685 1414 114 41 1934;
857 1415 66 40 2c.
953 1416 95 39 and
1080 1415 84 39 aff.
1194 1416 112 47 Apr.
1336 1415 70 47 27,
1437 1414 140 48 1935;
1608 1414 42 40 A
1680 1414 145 41 81607;
1882 1416 197 47 Bayard
2107 1424 150 39 press.

430 1472 249 48 (35-7466)

351 1576 89 51 Do
448 1576 142 63 bois,
618 1576 171 55 Alan.

347 1649 1966 147 Semi-detached wife, by Alan DuBois … New York, Phoenix press [ c 1935 ]
419 1800 83 39 252
533 1811 41 37 p.
635 1800 55 40 19½
723 1803 42 20 cm
771 1833 8 7 .

353 1867 53 53 ©
433 1873 114 47 May
570 1872 41 46 2,
638 1871 118 42 1935;
808 1871 64 41 2c.
902 1873 115 47 May
1043 1871 28 41 6;
1125 1871 82 41 aff.
1236 1873 113 47 May
1379 1871 56 40 22;
1491 1872 40 40 A
1560 1872 142 41 83221;
1760 1871 216 41 Phoenix
2004 1883 149 38 press.

434 1929 249 47 (35-7315)

353 2029 192 66 Effler,
575 2032 180 53 Louis
780 2032 239 63 Robert,
1049 2037 169 49 1888-

425 2108 119 53 The
578 2125 269 51 eponyms
881 2109 63 53 of
978 2114 294 62 anatomy;
1310 2127 33 35 a
1372 2109 172 53 series
1575 2109 63 53 of
1670 2108 151 54 brief
1855 2127 185 49 essays
2073 2126 73 36 on
2177 2105 159 56 semi-

357 2185 241 67 popular
624 2185 273 55 medicine
924 2186 271 68 designed
1220 2187 301 67 especially
1547 2186 93 54 for
1665 2187 96 52 the
1785 2187 292 52 freshman
2099 2185 237 53 medical

352 2263 231 52 student
625 2261 312 70 beginning
980 2267 294 65 anatomy;
1321 2265 140 51 with
1504 2264 422 68 bibliography,
1968 2263 98 53 list
2105 2264 63 52 of
357 2281 1957 126 eponyms,

579 2339 1759 70 and index, by Louis R. Effler … [Toledo, Press of
357 2419 524 67 McManus-Troup
908 2437 97 49 co.,
1035 2426 16 22 c
1057 2422 151 64 1935]

420 2491 85 41 382
537 2503 43 36 p.
640 2490 54 42 19½
727 2494 45 21 cm
777 2523 8 8 .

425 2549 40 39 A
509 2549 137 39 short
689 2547 329 49 biographical
1063 2549 169 40 sketch
1279 2548 335 48 accompanies
1659 2549 82 40 the
1788 2548 294 48 description
2128 2548 51 40 of
2225 2549 117 40 each

351 2615 214 39 eponym.

422 2661 376 48 Bibliography:
829 2672 42 38 p.
900 2661 100 41 343.

357 2728 53 52 ©
437 2734 112 45 May
577 2733 68 45 17,
673 2732 139 46 1935;
843 2732 66 39 2c.
937 2733 96 38 and
1063 2731 82 40 aff.
1175 2733 114 46 May
1315 2731 82 47 20';
1428 2732 42 38 A
1496 2731 168 48 83195;
1697 2733 50 39 L.
1778 2733 53 38 R.
1861 2732 154 47 Effler,
2043 2731 188 40 Toledo.

436 2788 249 48 (35-7416)

356 2889 268 66 Erskine,
652 2890 172 63 John,
855 2890 168 55 1879-
1234 2892 84 51 ed.

429 2969 53 50 A
509 2966 234 53 musical
771 2965 336 68 companion;
1165 2985 31 33 a
1225 2965 170 69 guide
1423 2972 58 47 to
1508 2968 96 53 the
1629 2964 454 69 understanding
2109 2965 112 54 and
358 2982 1957 130 enjoyment
647 3042 65 53 of

745 3041 193 70 music,
974 3043 186 53 edited
1198 3042 139 53 with
1374 3063 72 33 an
1482 3043 394 69 introductory
1911 3048 130 47 note
2076 3043 74 68 by
2186 3042 152 55 John

365 3121 251 56 Erskine.
692 3120 138 53 New
857 3120 177 68 York,
1060 3120 70 52 A.
1157 3120 71 53 A.
1257 3120 223 68 Knopf,
1509 3124 149 50 1935.

429 3190 1908 52 3 p. l. , v-xvi, 516, xxxii p., 1 l. illus. (music) diagrs. (1 fold.) 21 cm .
433 3250 158 39 “First
625 3249 252 40 American
907 3250 225 39 edition.”

430 3306 116 38 This
581 3307 120 38 book
734 3306 190 40 follows
958 3306 49 39 in
1040 3316 62 29 an
1136 3305 311 40 abbreviated
1479 3306 127 40 form
1640 3307 82 39 the
1756 3307 105 39 text
1892 3305 52 40 of
1979 3304 130 40 “The
2138 3303 200 41 musical

361 3361 310 47 companion”
717 3362 159 40 edited
921 3362 60 47 by
1027 3362 51 39 A.
1125 3361 48 40 L.
1222 3361 298 48 Bacharach,
1565 3362 254 48 published
1862 3362 49 39 in
1958 3361 209 48 London,
2212 3359 125 41 1934.

361 3418 60 46 of.
457 3419 341 46 Introductory
827 3420 123 38 note.

359 3484 52 52 ©
437 3489 113 46 May
577 3488 38 43 8,
642 3487 140 48 1935;
812 3488 66 39 2c.
907 3489 114 46 May
1047 3487 80 46 10;
1158 3487 80 40 aff.
1268 3489 112 46 May
1408 3487 54 48 9;
1493 3489 42 38 A
1561 3489 169 46 83041;
1761 3489 171 40 Alfred
1960 3489 54 40 A.
2042 3486 178 49 Knopf,
2249 3485 86 39 inc.

438 3543 248 49 (35-7364)

359 3646 254 65 Eucken,
641 3647 239 63 Arnold,
914 3652 169 49 1884-

427 3722 1848 69 Grundriss der physikalischen chemie, von Arnold Eucken …
359 3803 44 46 4.
446 3798 234 67 auflage,
719 3801 106 50 mit
866 3800 95 52 179
1002 3800 397 66 abbildungen.
1474 3802 255 66 Leipzig,
1768 3802 412 51 Akademische
383 3816 1931 124 verlagsgesellschaft
874 3896 72 33 m.
975 3877 50 53 b.
1052 3878 73 65 h.,
1156 3880 147 50 1934.

428 3947 136 46 xxiii,
592 3947 84 40 699
701 3959 40 37 p.
771 3948 107 40 incl.
904 3949 141 47 illus.,
1076 3950 167 47 tables,
1271 3949 177 48 diagrs.
1502 3949 54 41 23½
1589 3952 45 22 cm
1638 3981 8 9 .
