2424 4375
1011 4113 130 50 1425

98 489 373 64 Ambruster,
502 490 255 53 Howard
788 490 263 53 Watson.

165 563 155 70 Why
344 571 100 46 not
471 565 228 53 enforce
724 565 95 53 the
847 568 135 51 laws
1010 583 82 34 we
1120 566 233 67 already
1380 566 142 52 have
1537 565 18 52 ?
1634 566 150 53 How
1813 567 112 51 and
1954 566 129 67 why

97 641 323 55 industries’
458 643 237 55 outlaws
733 661 94 34 are
863 641 326 69 crucifying
1223 644 238 66 Harvey
1496 643 235 67 Wiley’s
1769 662 140 47 pure
1945 643 136 53 food

99 722 112 52 and
249 721 149 68 drug
433 720 128 68 law,
597 720 76 69 by
710 720 256 53 Howard
1003 721 240 54 Watson
1280 720 339 53 Ambruster
1658 720 141 53 with
1838 722 94 53 the
97 722 1959 131 collaboration

466 798 64 53 of
577 798 212 54 Ursula
839 797 354 54 Ambruster.
1265 798 314 66 Westfield,
1628 799 69 53 N.
1747 799 74 65 J.,
1870 799 213 54 Ursula

94 875 570 69 Ambruster [ c 1935]
166 948 57 40 86
257 959 41 38 p.
359 948 127 40 illus.
517 948 130 48 (incl.
683 946 241 49 facsims.)
991 947 56 40 23½
1080 949 44 22 cm
1129 978 9 9 .
1253 945 131 51 $0.50

168 1005 227 44 “Printed
428 1005 284 48 privately.”

93 1065 53 53 ©
175 1070 120 40 Mar.
325 1070 68 47 16,
423 1070 140 47 1935;
594 1070 67 40 2c.
690 1070 96 39 and
814 1069 81 40 aff.
926 1069 121 40 Mar.
1076 1069 81 46 18;
1190 1069 41 39 A
1260 1067 169 48 81210;
1464 1069 178 40 Ursula
1673 1068 300 40 Ambruster.

173 1125 279 49 (35-19359)

93 1232 218 63 Atkey,
338 1231 212 65 Philip.

163 1307 143 52 Blue
336 1312 173 47 water
538 1308 247 67 murder,
812 1307 74 68 by
915 1306 200 68 Philip
1144 1305 207 70 Atkey.
1418 1305 240 53 London
1713 1310 118 62 [etc.]
1868 1304 212 55 Cassell

92 1385 113 52 and
229 1402 296 51 company,
552 1385 102 52 ltd.
688 1388 172 64 [1935]

162 1456 98 49 286,
289 1459 55 48 [1]
373 1468 43 38 p.
476 1457 56 41 19½c
580 1460 29 21 m
612 1490 9 8 .

92 1518 1972 108 © 1c. Sept. 14, 1935; A ad int. 20570; pubd. July 18; P. Atkey, Campamento,
368 1580 139 39 Prov.
544 1578 160 48 Cadiz,
745 1579 160 48 Spain.
976 1578 279 49 (35-19572)

93 1681 172 58 B.-M.
295 1683 124 54 co.’s
448 1685 342 51 cumulative
819 1685 226 50 current
1073 1682 134 52 code
1237 1679 379 70 annotations,
1643 1683 247 68 keeping
1917 1700 77 50 up
2024 1690 58 46 to

163 1761 128 53 date
325 1761 195 55 Kerr’s
553 1761 321 68 cyclopedic
909 1761 325 55 California
1268 1761 180 66 codes,
1482 1761 321 67 Henning’s
1838 1762 244 54 General

162 1840 154 65 laws,
344 1840 158 52 third
531 1840 233 66 edition,
795 1840 110 52 and
936 1838 117 54 also
1084 1857 149 35 cases
1263 1839 153 53 from
1447 1839 184 52 Idaho
1663 1839 112 52 and
1805 1840 276 53 Montana

225 1917 1854 69 … bringing decisions down to 89 Cal. dec. 656, 81 Cal. App.
164 1996 113 53 dec.
327 1998 116 65 610,
489 1999 32 48 2
568 1996 119 54 Cal.
735 2014 163 49 supp.
950 1997 116 65 150,
1112 1998 67 49 44
1225 1998 130 51 Pac.
1391 1996 126 67 (2d)
1577 1998 101 49 920
1709 1994 372 70 (California,

161 2075 184 52 Idaho
375 2074 111 52 and
514 2075 276 52 Montana
820 2075 175 65 cases)
1075 2073 240 68 [Volume
1345 2077 81 62 14,
1453 2092 89 35 no.
1571 2077 49 63 2,
1648 2075 247 67 August,
1925 2078 152 64 1935]

161 2153 290 67 Prepared
491 2153 112 51 and
643 2152 305 53 annotated
985 2153 75 66 by
1099 2154 235 52 Everett
1372 2154 76 51 H.
1488 2154 178 51 Roan.
1745 2152 116 55 San
161 2155 1896 134 Francisco,

349 2231 405 53 Bender-Moss
785 2249 295 48 company,
1112 2233 150 50 1935.

159 2304 67 48 iii,
257 2305 69 49 [1],
355 2303 84 41 293
467 2315 40 37 p.
566 2303 55 40 25
624 2306 44 21 cm
672 2335 8 7 .

91 2357 53 53 ©
178 2363 127 46 Sept.
336 2362 68 45 11,
439 2360 114 41 1935
569 2371 9 36 ;
613 2360 65 40 2c.
715 2361 127 47 Sept.
873 2359 57 41 30
946 2371 9 36 ;
991 2359 81 40 aff.
1106 2359 101 41 Oct.
1240 2360 55 38 21
1314 2371 8 35 ;
1359 2360 41 39 A
1432 2359 141 41 86901
1593 2370 8 36 ;
1637 2361 342 40 Bender-Moss
2014 2373 66 29 co.

93 2452 221 65 Bailey,
345 2454 251 62 Carolyn
626 2452 284 63 Sherwin,
942 2455 170 53 1875-

162 2530 1856 68 Tell me a birthday story, by Carolyn Sherwin Bailey …
91 2610 162 55 With
283 2615 406 61 twenty-seven
718 2609 429 67 reproductions
1177 2609 153 51 from
1359 2609 115 52 line
1503 2609 289 68 drawings
1819 2611 76 66 by
93 2610 1963 144 Margaret

277 2689 171 52 Aver.
509 2686 138 53 New
674 2686 179 66 York,
878 2685 309 53 Frederick
1211 2687 71 51 A.
1310 2686 200 55 Stokes
1534 2706 297 48 company,
1858 2692 150 49 1935.

160 2757 50 39 xi
241 2767 57 37 p.,
329 2756 26 39 1
420 2786 9 17 l.,
461 2755 85 41 238
575 2766 43 37 p.
679 2756 126 39 illus.
865 2755 54 39 21
923 2757 44 21 cm
972 2786 9 9 .

164 2813 318 49 Biographies
516 2813 52 40 of
601 2814 81 39 the
717 2812 255 41 childhood
1007 2812 53 40 of
1090 2811 193 41 famous
1318 2812 180 48 people,
1534 2814 240 46 arranged
1811 2814 153 40 under
1996 2815 82 40 the

90 2870 193 39 months
315 2869 49 39 in
397 2870 157 39 which
587 2869 128 40 their
745 2868 253 47 birthdays
1031 2878 155 31 occur.

91 2925 51 53 ©
171 2931 126 46 Sept.
323 2929 68 47 12,
418 2928 113 40 1935
549 2939 9 36 ;
586 2927 65 41 2c.
681 2929 95 39 and
800 2927 79 40 aff.
911 2928 127 47 Sept.
1065 2928 81 46 18;
1175 2927 41 39 A
1242 2927 169 48 86708;
1443 2928 259 41 Frederick
1728 2930 54 39 A.
1814 2930 171 40 Stokes
2012 2941 73 29 co.·

171 2984 278 50 (35-19398)

91 3086 221 67 Bailey,
345 3088 205 64 Henry
584 3087 404 64 Christopher,
1024 3087 171 54 1878-

162 3165 1914 71 The sullen sky mystery, by H. C. Bailey … Garden City,
94 3245 68 51 N.
196 3246 90 58 Y.,
318 3245 141 52 Pub.
495 3244 92 52 for
619 3245 94 51 the
750 3243 187 55 Crime
969 3244 145 52 club,
1147 3243 125 68 inc.,
1305 3245 75 66 by
1412 3245 355 67 Doubleday,
1801 3247 197 52 Doran
2032 3248 46 50 &

92 3340 294 49 company,
416 3322 126 66 inc.,
577 3324 149 51 1935.

158 3393 870 50 3 p. l., v-vii p., 1 l., 308 p. 20 cm .
161 3451 159 40 “First
352 3450 223 41 edition.”

93 3503 51 53 ©
171 3508 101 40 Oct.
299 3508 40 46 4,
368 3506 115 41 1935
499 3518 9 36 ;
537 3507 65 40 2c.
632 3508 95 39 and
754 3506 82 40 aff.
865 3506 99 41 Oct.
995 3506 58 40 17
1068 3517 9 36 ;
1105 3507 41 39 A
1174 3506 143 41 88063
1335 3518 8 36 ;
1375 3508 59 38 H.
1462 3506 48 41 C.
1540 3506 185 51 Bailey,
1755 3508 210 41 London.

93 3597 210 66 Baker,
328 3600 251 52 Newton
605 3598 189 64 Diehl,
822 3600 168 53 1871—

160 3675 139 54 War
324 3675 60 53 in
409 3676 95 53 the
529 3676 234 52 modern
790 3674 196 68 world,
1012 3676 76 66 by
1114 3677 238 53 Newton
1380 3676 172 52 Diehl
1580 3676 204 55 Baker.
1860 3680 213 53 Boston

96 3754 109 51 and
236 3753 138 53 New
406 3753 179 66 York,
615 3753 315 66 Houghton
960 3752 202 54 Mifflin
1195 3771 296 48 company,
1526 3758 148 51 1935.

161 3824 617 49 4 p. l. , [3]-63 p. 22½ cm .
163 3878 68 40 “A
261 3879 182 41 lecture
476 3883 50 37 at
558 3880 172 40 Milton
763 3881 228 46 academy
1024 3890 60 30 on
1116 3880 81 40 the
1229 3879 197 40 Alumni
1457 3891 104 29 war
1590 3880 250 41 memorial
96 3881 1960 97 foundation,
239 3937 112 46 May
381 3937 68 41 13.
479 3936 294 40 1935.”—1st
803 3937 184 47 prelim,
1018 3937 113 39 leaf.

85 3987 50 52 ©
158 3993 99 40 Oct.
282 3993 38 46 8,
343 3993 112 40 1935
474 4004 8 35 ;
506 3994 66 39 2c.
596 3995 96 38 and
714 3993 81 40 aff.
821 3993 99 41 Oct.
942 3994 81 46 14;
1049 3994 42 38 A
1113 3993 142 40 87684
1274 4003 9 37 ;
1307 3994 233 41 Trustees
1561 3993 52 40 of
1636 3994 172 40 Milton
1832 3995 245 46 academy,

161 4049 185 39 Milton.
375 4051 145 37 Mass.
591 4049 278 39 (35-19362)
