2424 4375
1054 4010 98 47 343

141 399 1939 148 The United States patents quarterly … Reports of cases relating to patents, trade marks and copyrights … volume 23
160 554 1921 146 … Karl Fenning, editor; Dean Dinwoodey, managing editor; T. J. McBreen, business manager. Washington, D. C.,
156 711 118 53 The
306 714 228 50 Bureau
564 712 62 51 of
654 710 257 53 national
943 707 212 70 affairs,
1183 713 107 51 inc.
1369 714 151 63 [c1935]

155 785 99 47 viii,
283 785 86 39 402
398 796 42 36 p.
500 784 178 47 diagrs.
735 784 144 39 23½cm.

158 842 72 41 On
263 852 139 30 cover:
467 841 262 46 Oct.-Dec.,
765 839 126 41 1934.

166 909 1918 50 Mar. 22, 1935; 2c. and aff. Mar. 26; A 81189; Bureau of natl. affairs,
157 970 90 39 inc.

143 1072 121 65 Véry,
293 1071 219 65 Pierre,
543 1077 171 50 1900-

221 1147 1693 69 … L’assassinat du père Noël. Paris, Gallimard [1935]
157 1222 769 49 3 p. l., [9]-251 p., 2 l. 18 ½cm .
143 1291 1926 108 © Dec. 1, 1934; 1c. Feb. 12, 1935; A- Foreign 26878; Librairie Gallimard. (35-444)
111 1450 209 67 [Viaud,
351 1451 212 67 Julien]
601 1456 322 51 1850-1923.

122 1526 1968 148 … Pêcheur d’Islande; edited with introduction, notes, exercises, and vocabulary, by D. S. Blondheim … New York, The
156 1682 267 56 Macmillan
454 1702 297 50 company,
785 1687 151 50 1935.

163 1755 1642 51 xvi p., 1 l., 206 p. front., illus. (map) plates, port. 20 ½ cm .
162 1813 229 41 Author’s
417 1815 178 46 pseud.,
624 1813 165 40 Pierre
816 1813 121 48 Loti,
965 1816 52 37 at
1042 1813 124 40 head
1192 1813 53 40 of
1270 1813 122 41 title.

163 1872 103 39 The
293 1871 116 39 final
439 1870 313 48 preparation
783 1870 50 41 of
864 1869 97 41 this
992 1870 229 40 textbook
1250 1880 101 30 was
1381 1869 206 41 finished
1618 1870 132 40 after
1782 1872 81 39 the
1892 1871 196 41 editor's

128 1929 117 39 death
272 1928 63 47 by
365 1928 75 38 his
471 1927 115 40 wife
618 1928 209 39 Eleanor
857 1927 213 47 Lansing
1100 1926 185 40 Dulles,
1346 1927 59 47 cf.
1439 1938 42 37 p.
1513 1927 101 40 viii.

149 1997 1939 109 © Mar. 19, 1935; 2c. and aff. Mar. 20; A 82020; Macmillan co. [Copyright is claimed on introduction, notes, exercises and vocabulary]
173 2113 250 48 (35-4387)

115 2215 175 65 [Vogt,
320 2215 269 67 Volrath]
625 2217 324 55 1817-1889.

167 2292 166 54 Bible
365 2293 222 68 history
622 2292 93 54 for
747 2294 164 51 home
944 2294 113 51 and
1091 2294 207 65 school,
1331 2292 190 54 edited
1553 2293 76 68 by
1662 2294 75 52 H.
1772 2294 72 52 A.
1878 2294 211 54 Urseth

157 2370 1935 69 … Rev. ed. by Rev. J. A. Houkom. Minneapolis, The
111 2448 277 53 Lutheran
419 2447 119 53 free
568 2448 210 52 church
809 2447 333 69 publishing
1172 2468 77 34 co.
1288 2483 12 33 [
1306 2456 17 20 c
1329 2452 151 63 1934]

167 2522 89 40 206
283 2533 43 37 p.
386 2523 55 39 17
445 2525 43 20 cm
494 2554 8 7 .

169 2579 115 47 Map
307 2589 62 29 on
397 2579 90 39 end
515 2577 335 48 lining-paper.

170 2633 249 42 “Urseth’s
456 2634 191 41 version
686 2635 50 39 of
772 2635 204 39 Volrath
1013 2633 164 48 Vogt’s
1214 2633 138 41 Bible
1390 2634 539 47 history.”—Devisor’s
1968 2641 124 36 note.

174 2691 168 40 “Brief
377 2691 183 39 outline
598 2691 51 39 of
685 2692 82 38 the
804 2690 187 47 history
1029 2690 51 40 of
1117 2691 81 38 the
1235 2690 181 40 church
1454 2691 131 40 after
1621 2693 83 38 the
1739 2693 148 39 death
1924 2695 50 39 of
2013 2696 82 38 the

131 2746 209 49 apostles”:
402 2758 41 36 p.
477 2745 216 41 153-206.

152 2815 1941 48 © Oct. 15, 1934; 2c. Oct. 15; aff. Dec. 1; A 78444; Lutheran free church
171 2874 108 47 pub.
307 2884 67 29 co.
445 2874 250 47 (35-4355)

111 2976 139 53 Volk
279 2976 79 52 im
386 2976 211 66 kriege,
627 2975 274 66 gedichte.
967 2977 164 58 Jena,
1163 2978 66 51 E.
1259 2977 335 54 Diederichs
1630 2982 172 64 [1934]

165 3048 55 39 71
246 3058 44 37 p.
349 3048 58 39 18½
438 3050 43 20 cm
486 3079 8 8 .
558 3047 257 49 [Deutsche
844 3046 145 49 reihe,
1015 3057 73 29 nr.
1118 3047 70 49 18]

171 3104 73 46 By
269 3104 197 40 various
495 3105 215 38 authors.

169 3159 275 42 Nachwort.
475 3160 165 46 signed:
698 3159 145 40 Peter
869 3158 297 42 Diederichs.

173 3215 531 48 “Quellennachweise”:
765 3225 43 38 p.
837 3215 68 40 71.

111 3284 1983 55 © Oct, 28, 1934; 1c. Feb. 19, 1935; A-Foreign 26919; Eugen Diederichs
172 3346 179 47 verlag.
422 3344 250 48 (35-4440)

111 3448 252 63 Walden,
393 3448 232 51 Arthur
651 3445 338 55 Treadwell.

175 3520 1917 68 Harness and pack, by Arthur Treadwell Walden … with
111 3597 1983 73 an introduction by Jesse H. Newlon … illustrated by Frank J.
113 3677 197 52 Murch
336 3677 110 52 and
471 3676 204 52 others.
732 3675 139 51 New
893 3674 178 65 York,
1097 3673 327 55 Cincinnati
1473 3681 119 62 [etc.]
1622 3678 304 58 American
1954 3686 141 53 book

111 3756 506 64 company [ c 1935]
176 3836 42 37 v,
252 3825 84 39 170
369 3834 44 38 p.
473 3824 127 38 illus.
660 3823 56 39 19½
748 3825 43 19 cm
796 3853 8 7 .

111 3892 50 53 ©
185 3897 110 39 Feb.
322 3894 70 47 19,
417 3892 113 41 1935;
584 3891 67 40 2c.
677 3891 96 39 and
798 3889 81 40 aff.
906 3890 119 38 Mar.
1055 3889 25 38 1;
1136 3889 42 39 A
1204 3889 143 41 80677;
1402 3893 148 41 Amer.
1588 3896 122 42 book
1736 3912 64 28 co.

191 3950 248 51 (35-4323)
