2526 4384
1321 4063 98 49 138

429 530 72 41 On
531 541 139 29 cover
689 541 8 28 :
729 530 310 41 Cumulative
1064 531 251 47 quarterly
1343 531 261 47 pamphlet,
1635 531 235 46 January,
1900 530 125 41 1985.

362 584 51 51 ©
444 589 110 38 Dec.
583 586 69 42 29,
681 586 113 41 1934;
851 588 64 39 2c.
946 588 109 39 Jan.
1083 587 69 42 21,
1182 586 140 42 1935;
1355 587 79 39 aff.
1466 588 108 39 Jan.
1601 587 82 47 24;
1716 588 39 39 A
1785 587 170 46 80177;
1986 588 134 39 West
2147 587 106 48 pub.
2284 596 66 30 co.

357 704 207 66 Miller,
594 707 158 61 Max,
786 710 172 51 1901-

430 783 119 52 The
586 801 132 34 man
757 801 71 34 on
863 783 94 52 the
995 782 189 67 barge,
1220 783 76 66 by
1331 782 139 53 Max
1506 783 212 52 Miller.
1789 782 138 53 New
1967 781 178 66 York,
2179 782 70 53 E.
2284 782 66 53 P.

362 861 218 51 Dutton
609 863 45 49 &
683 878 97 46 co.,
808 862 127 61 inc.,
965 862 152 51 1935.

429 932 83 39 251
542 942 41 38 p.
643 932 114 39 21cm.

425 988 332 49 Head-pieces.

430 1046 161 39 “First
622 1044 228 42 edition.”

364 1099 51 51 ©
446 1102 107 40 Feb.
584 1104 69 39 11,
682 1102 116 40 1935;
854 1102 66 40 2c.
949 1103 95 38 and
1073 1101 78 40 aff.
1185 1102 109 39 Feb.
1325 1099 82 42 12:
1436 1102 42 39 A
1505 1100 144 43 80395;
1708 1103 50 38 E.
1792 1102 49 39 P.
1872 1102 188 41 Dutton
2088 1102 37 40 &
2152 1112 81 33 co.,
2264 1102 89 39 inc.

442 1159 249 48 (35-2475)

360 1259 279 55 Missouri
669 1260 306 54 historical
1005 1260 242 66 society,
1276 1261 87 54 St.
1391 1260 191 55 Louis.

434 1336 390 56 Illustrations
864 1337 64 53 of
968 1338 232 56 Colonel
1240 1338 377 68 Lindbergh’s
1659 1337 352 55 decorations
2052 1341 112 53 and
2205 1356 148 36 some

364 1417 64 51 of
459 1417 88 53 his
581 1414 253 70 trophies
868 1415 253 55 received
1156 1416 302 69 following
1487 1415 87 55 his
1609 1423 182 48 trans-
1795 1417 262 53 Atlantic
2090 1417 169 67 flight
2290 1416 65 53 of

365 1493 139 69 May
537 1498 188 64 20-21,
765 1498 150 64 1927,
951 1494 278 68 compiled
1263 1495 74 68 by
1373 1494 190 54 Nettie
1598 1497 76 51 H.
1711 1496 382 66 Beauregard,
2128 1500 227 48 curator

366 1573 63 51 of
467 1572 269 53 Missouri
776 1572 294 53 historical
1109 1571 226 69 society.
1412 1573 83 55 St.
1533 1573 192 67 Louis,
1762 1574 133 66 Mo.,
1932 1572 270 55 Missouri
366 1573 1962 132 historical
593 1650 227 68 society,
848 1655 174 49 c1935.

437 1721 1311 49 64 p. illus. (incl. ports., facsims.) 19½ × 26½cm.
366 1778 51 51 ©
448 1782 108 39 Jan.
587 1781 67 44 15,
686 1780 140 42 1935;
858 1780 67 40 2c.
955 1782 95 38 and
1079 1780 78 40 aff.
1191 1781 107 39 Jan.
1330 1781 82 44 23;
1445 1781 41 39 A
1513 1780 171 47 79353;
1717 1779 231 41 Missouri
1979 1779 254 41 historical
2265 1789 90 31 soc.

435 1838 281 49 [Copyright
742 1838 43 39 is
811 1837 204 41 claimed
1043 1848 60 28 on
1127 1839 26 38 4
1181 1848 147 38 pages
1354 1839 96 38 and
1476 1848 107 29 new
1610 1848 154 38 cover]
1836 1836 250 48 (35-2593)

363 1939 219 54 Mohun
610 1940 51 53 &
687 1940 225 65 Elliott,
943 1941 394 66 Washington,
1362 1943 73 51 D.
1464 1943 62 53 C.

437 2018 121 51 The
587 2018 261 52 Revenue
878 2024 89 46 act
995 2018 63 53 of
1089 2022 150 63 1934,
1268 2019 291 66 approved
1585 2020 139 66 May
1755 2021 80 64 10,
1866 2023 160 61 1934;
2060 2018 296 66 including

371 2100 94 48 tax
503 2093 318 68 provisions
861 2096 63 51 of
961 2094 271 56 National
1270 2096 307 53 industrial
1616 2113 265 50 recovery
1920 2102 105 61 act,
2065 2097 289 67 approved

366 2173 151 53 June
544 2177 80 63 16,
650 2177 150 50 1933.
875 2173 401 53 Introduction
1301 2176 111 51 and
1436 2173 212 53 indices
1672 2174 75 67 by
1769 2174 218 52 Mohun
2012 2174 112 52 and
2148 2174 206 52 Elliott

514 2250 1519 69 … [Washington, D. C., Press of B. S. Adams, c1934]
438 2323 152 47 xxxii,
623 2324 84 39 142
739 2335 42 36 p.
842 2325 146 40 22½cm.

369 2378 51 51 ©
449 2383 109 39 Dec.
589 2383 39 46 5,
658 2382 113 40 1934;
827 2382 66 40 2c.
924 2384 95 38 and
1049 2382 77 40 aff.
1157 2382 110 40 Dec.
1297 2382 52 47 6;
1381 2383 42 38 A
1479 2381 141 47 80028;
1652 2382 107 40 Geo.
1792 2383 50 38 E.
1874 2380 186 48 Elliott,
2091 2379 270 50 practicing

435 2440 94 38 law
555 2439 152 39 under
733 2440 81 39 the
838 2439 109 39 firm
972 2449 154 31 name.
1153 2439 180 39 Mohun
1362 2439 36 39 &
1423 2439 185 41 Elliott,
1636 2438 332 48 Washington.

446 2495 250 47 (35-2587)

366 2597 360 65 Montaigne,
754 2599 214 53 Michel
998 2600 266 63 Eyquem
1294 2600 87 63 de,
1412 2604 324 50 1533-1592.

439 2674 120 54 The
586 2675 458 69 autobiography
1072 2677 61 51 of
1158 2677 212 52 Michel
1398 2678 67 51 de
1493 2676 362 68 Montaigne;
1888 2675 348 68 comprising
2262 2676 94 51 the

371 2751 103 54 life
506 2753 63 52 of
600 2754 94 52 the
727 2754 185 53 wisest
942 2772 133 35 man
1106 2754 63 51 of
1198 2752 88 55 his
1318 2754 164 53 times
1500 2774 10 33 :
1541 2753 88 54 his
1661 2754 323 67 childhood,
2014 2753 197 67 youth,
2245 2756 110 51 and

372 2829 208 68 prime;
619 2831 88 53 his
743 2832 337 53 adventures
1117 2832 54 51 in
1207 2833 122 52 love
1366 2835 110 52 and
1513 2831 300 68 marriage,
1847 2837 59 47 at
1938 2836 178 61 court,
2149 2832 112 51 and
2298 2830 55 53 in

372 2908 164 67 office,
577 2927 134 46 war,
752 2908 336 67 revolution,
1130 2912 111 51 and
1282 2910 235 67 plague;
1561 2910 88 52 his
1691 2910 208 53 travels
1941 2914 60 47 at
2038 2909 162 52 home
2243 2909 107 52 and

372 2984 240 68 abroad;
648 2986 87 53 his
768 2986 205 68 habits,
1007 2993 188 59 tastes,
1229 2988 201 52 whims
1464 2988 112 52 and
1610 2986 278 67 opinions.
1966 2986 270 63 Selected,
372 3004 1962 127 arranged,
632 3062 204 67 edited,
866 3064 286 67 prefaced,
1182 3066 110 51 and
1322 3064 209 64 mostly
1560 3065 313 52 translated
1903 3082 155 34 anew
2089 3064 152 53 from
2269 3062 87 53 his

372 3157 202 52 essays,
604 3145 107 63 &c.,
741 3139 382 71 withholding
1150 3160 73 35 no
1250 3142 186 68 signal
1465 3160 63 34 or
1556 3141 223 53 curious
1805 3141 193 65 detail,
2025 3141 76 67 by
2126 3141 227 54 Marvin

373 3221 347 51 Lowenthal.
797 3220 214 52 Boston
1054 3222 107 52 and
1208 3221 136 52 New
1388 3219 178 56 York,
1608 3219 317 68 Houghton
1966 3217 203 55 Mifflin
373 3237 1959 128 company,
574 3301 148 50 1935.

443 3369 1064 51 lvi, [1], 393, [1] p. front. (port.) 22cm.
447 3425 202 40 Sources
675 3427 49 37 in
755 3426 100 40 “An
884 3425 222 40 editorial
1136 3426 139 39 note”
1315 3426 64 46 (p.
1409 3425 246 49 lvi-[lvii])

373 3480 51 51 ©
454 3484 108 40 Feb.
591 3483 67 42 12.
688 3481 116 41 1935
819 3493 9 30 :
858 3482 54 40 2c
956 3483 107 39 Feb.
1094 3483 53 39 16
1165 3493 9 31 :
1205 3483 82 40 aff.
1317 3483 121 39 Feb.
1457 3483 81 40 14:
1569 3482 41 39 A
1667 3481 116 41 80455;
1843 3481 190 39 Marvin
2062 3480 297 42 Lowenthal.

439 3541 211 46 Monsey,
678 3539 55 39 N.
761 3540 53 39 Y.
885 3538 249 48 (35-2660)

370 3629 216 64 Moore,
616 3629 202 55 Amos.

441 3703 1918 69 Daredevil Douglass, by Amos Moore … New York, The
370 3781 303 69 Macaulay
702 3800 280 50 company
1018 3785 172 63 [c1935]

440 3855 86 40 256
557 3865 44 38 p.
662 3854 113 40 19cm.

377 3908 51 51 ©
463 3913 109 39 Feb.
607 3912 69 45 14,
710 3909 115 41 1935;
886 3910 64 40 2c.
988 3912 93 38 and
1115 3910 79 40 aff.
1232 3911 108 39 Feb.
1375 3911 59 39 20;
1494 3911 42 38 A
1569 3909 141 41 79733
1728 3921 9 29 :
1776 3910 181 45 George
1994 3909 233 39 Hubbard
2264 3909 94 39 and

442 3967 161 40 Lilian
634 3969 211 39 Bennett
875 3967 286 47 Thompson,
1194 3967 257 47 Warwick,
1484 3967 55 39 N.
1572 3967 54 39 Y.
1696 3965 249 48 (35-2612)
