2424 4375
989 4067 132 48 1545

96 446 293 64 Accepted
430 447 191 52 dental
662 446 287 58 remedies,
989 447 331 67 containing
1359 464 32 34 a
1430 446 96 53 list
1568 446 62 52 of
1669 444 198 56 official
1910 447 174 68 drugs

165 525 238 51 selected
445 531 56 46 to
544 529 255 62 promote
842 543 30 32 a
913 525 246 50 rational
1201 523 192 52 dental
1433 525 240 52 materia
1712 525 218 51 medica
1972 526 112 51 and

164 600 374 68 descriptions
567 601 62 52 of
658 600 317 68 acceptable
1004 598 314 56 nonofficial
1349 601 242 67 articles,
1621 604 148 50 1935.
1847 601 237 55 Council

164 697 71 34 on
296 680 193 51 dental
550 678 396 68 therapeutics.
1023 678 270 68 Chicago,
1352 680 114 65 Ill.,
1524 679 306 52 American
1891 680 193 53 dental

164 759 335 52 association
533 790 12 33 [
552 764 16 21 c
574 760 151 63 1935]

160 830 84 41 232
273 840 43 38 p.
375 829 53 40 19
431 832 45 21 cm
481 862 8 7 .

95 882 52 53 ©
189 886 100 41 Oct.
331 886 68 48 18,
441 886 111 40 1935;
623 885 67 41 2c.
732 885 95 40 and
869 884 82 41 aff.
993 886 118 39 Nov.
1153 886 58 40 18;
1279 886 40 39 A
1360 884 143 43 89425;
1576 885 198 42 Council
1817 897 61 30 on
1918 887 167 41 dental

160 942 342 50 therapeutics,
535 943 158 39 Amer,
728 943 167 40 dental
924 952 128 30 assn.

93 1044 242 65 Adams,
366 1045 185 54 Grace
576 1045 263 64 Kinckle,
870 1048 169 51 1900-

157 1121 174 53 Don’t
353 1122 66 53 be
441 1120 211 68 afraid,
672 1121 75 69 by
768 1120 180 56 Grace
968 1121 235 53 Adams.
1278 1122 137 52 New
1440 1120 178 69 York,
1642 1120 214 69 Covici,
1879 1122 205 53 Friede

113 1206 18 22 c
137 1202 151 64 1935]

160 1272 608 49 4 p. l., 11-188 p. 21 cm .
90 1326 52 53 ©
169 1330 101 41 Oct.
297 1330 69 46 25,
392 1330 139 46 1935;
561 1329 65 40 2c.
655 1330 94 39 and
776 1328 81 41 aff.
885 1328 102 41 Oct.
1013 1328 82 47 28;
1125 1329 40 39 A
1193 1328 142 41 87977;
1394 1329 153 40 Grace
1574 1329 195 48 Adams,
1796 1330 116 39 New
1939 1330 145 41 York.

167 1386 279 47 (35-22644)

93 1490 281 64 Addams,
405 1490 225 64 George
658 1490 271 64 Stanton,
961 1495 170 50 1869-

163 1567 56 52 A
251 1566 229 54 treatise
515 1586 72 35 on
623 1566 247 68 practice
904 1567 113 52 and
1051 1568 309 66 procedure
1396 1567 60 52 in
1492 1568 95 53 the
1621 1568 236 67 probate
1894 1576 186 47 courts

92 1643 64 52 of
189 1643 167 69 Ohio,
389 1643 297 69 including
719 1644 95 54 the
845 1646 108 51 law
987 1643 64 54 of
1084 1643 163 66 wills,
1281 1643 463 54 administration
1779 1643 64 55 of
1875 1652 203 47 estates

92 1723 112 53 and
229 1722 213 54 related
466 1721 262 68 subjects,
751 1720 141 55 with
918 1720 179 54 forms
1121 1722 112 53 and
1258 1720 228 68 journal
1511 1720 224 68 entries,
1758 1722 75 67 by
1859 1722 220 69 George

94 1798 56 55 S.
177 1799 259 53 Addams
470 1843 56 10 …
560 1800 113 52 and
701 1799 220 55 Grover
950 1797 62 56 C.
1041 1797 263 55 Hosford
1338 1843 56 10 …
1472 1802 74 52 2d
1573 1800 84 53 ed.
1734 1798 347 69 Cincinnati,

91 1876 1176 68 The W. H. Anderson company [ c 1935]
161 1949 166 49 xxxiv,
358 1949 127 48 1647,
518 1949 86 41 228
634 1961 43 37 p.
735 1948 58 41 25½
824 1951 44 22 cm
872 1979 9 10 .

161 2006 180 41 Pocket
366 2005 164 41 device
556 2016 61 30 on
641 2005 157 41 inside
823 2005 50 41 of
898 2005 122 41 back
1046 2014 155 32 cover.

162 2062 147 40 Much
337 2061 52 40 of
418 2062 82 40 the
528 2061 219 42 author’s
776 2063 105 39 text
908 2060 43 43 is
980 2061 148 41 based
1159 2071 60 30 on
1250 2061 82 40 the
1362 2060 171 41 fourth
1563 2059 183 43 edition
1777 2060 52 41 of
1860 2061 218 41 Rockel’s

94 2119 232 47 complete
359 2117 123 42 Ohio
516 2118 200 48 probate
750 2118 225 48 practice.
1037 2117 170 41 Forms
1242 2117 248 49 compiled,
1527 2119 241 47 arranged
1805 2118 92 40 and
92 2128 1969 88 annotated
252 2175 62 48 by

339 2175 164 49 Philip
527 2176 52 40 E.
606 2176 275 40 Knowlton.
941 2175 61 48 cf.
1030 2174 129 41 Pref.

89 2229 50 53 ©
168 2233 98 41 Oct.
295 2232 69 49 23,
392 2232 113 41 1935;
561 2231 67 42 2c.
658 2232 100 41 Oct.
788 2232 55 39 24;
901 2231 81 41 aff.
1011 2232 116 40 Nov.
1158 2231 55 39 12;
1270 2232 41 38 A
1339 2230 142 42 88002;
1540 2231 71 40 W.
1641 2231 60 40 H.
1731 2231 253 39 Anderson
2013 2242 68 29 co.

165 2289 279 48 (35-19966)

91 2392 311 54 American
430 2392 226 64 society
682 2393 96 52 for
804 2392 228 64 testing
1056 2392 324 53 materials.

165 2513 55 10 …
261 2470 372 67 Supplement
673 2473 171 65 [1935]
882 2476 57 47 to
975 2470 161 53 Book
1169 2469 63 53 of
1264 2470 70 52 A.
1372 2468 55 55 S.
1462 2470 66 52 T.
1561 2470 79 52 M.
1675 2469 303 53 standards
2017 2512 55 9 …

93 2548 420 67 Philadelphia,
567 2550 120 64 Pa.,
738 2547 304 53 American
1095 2547 211 67 society
1358 2547 95 53 for
1502 2547 213 67 testing
1766 2547 309 67 materials,

91 2633 16 21 c
113 2629 146 50 1935.

156 2698 758 48 4 p. l., 208 p. diagrs. 23 cm .
93 2749 50 53 ©
177 2755 126 47 Sept.
337 2753 68 48 19,
441 2754 115 40 1935;
617 2753 66 41 2c.
719 2755 117 38 Nov.
872 2753 80 47 15;
990 2752 80 41 aff.
1111 2753 126 48 Sept.
1273 2751 82 48 25;
1393 2753 40 40 A
1468 2753 169 47 89376;
1676 2753 157 40 Amer.
1870 2763 93 30 soc.
1998 2752 83 40 for

154 2810 180 49 testing
357 2810 266 41 materials.

93 2902 331 69 Antropoff,
452 2907 273 53 Andreas
752 2923 130 45 von,
917 2908 168 52 1878-

158 2982 481 69 Experimentelle
664 2982 354 70 einführung
1043 2982 58 53 in
1128 2981 89 55 die
1243 2980 228 67 chemie,
1496 3000 110 35 von
1632 2981 72 54 A.
1729 3000 107 35 von

94 2982 1958 144 Antropoff
268 3104 55 9 …
402 3064 67 63 3.,
524 3060 296 53 neubearb.
877 3060 149 67 aufl.,
1081 3060 106 53 mit
1245 3063 64 48 12
1367 3060 385 68 abbildungen
1808 3061 75 50 im
1940 3064 134 49 text.

92 3136 250 70 Leipzig,
378 3138 66 52 L.
482 3139 161 66 Voss,
681 3141 150 50 1935.

158 3210 55 40 94
240 3222 42 37 p.
342 3211 142 42 illus.,
515 3211 178 48 diagrs.
753 3210 56 41 20
813 3213 15 21 cm
860 3242 9 9 .

91 3262 1731 111 © Jan. 2, 1935; 1c. July 10; A-Foreign 28496; Leopold Voss, (35-22980)
93 3415 190 69 Apfel,
312 3420 318 53 Henrietta
658 3420 155 64 Veit,
849 3424 169 50 1905-

154 3494 1925 70 Literary quotation and allusion in Demetrius ∏ϵρὶ έρμηνείας
100 3569 1973 72 (De elocutione) and Longinus ∏ϵρὶ ΰψου s (De sublimitate) …
90 3646 73 70 by
194 3648 305 55 Henrietta
532 3648 134 56 Veit
697 3650 180 67 Apfel
916 3693 56 10 …
1070 3651 137 53 [New
1244 3651 178 57 York,
1456 3657 17 21 c
1483 3653 128 49 1935]

161 3721 623 52 6 p. l., 123, [1] p. 23 cm .
160 3777 168 42 Thesis
366 3780 106 47 (PH.
533 3779 356 48 D.)—Columbia
918 3778 284 49 university,
1234 3778 126 43 1935.

160 3831 124 42 Vita.

160 3886 345 50 Bibliography;
565 3901 41 36 p.
639 3889 215 41 118-120.

94 3935 50 53 ©
173 3942 114 49 July
315 3945 67 47 15,
409 3945 139 47 1935;
580 3945 66 41 2c.
676 3947 94 39 and
801 3944 81 41 aff.
913 3946 118 48 Aug.
1063 3947 51 46 1;
1147 3947 40 38 A
1216 3947 169 46 84810;
1420 3947 59 42 Η.
1510 3948 51 41 V.
1593 3948 159 48 Apfel,
1782 3949 117 39 New
1929 3947 145 43 York.

168 3998 275 49 (35-22629)
