2568 4342
1207 4055 66 48 33

239 440 96 52 An
364 439 317 54 American
714 438 228 69 foreign
972 439 190 68 policy
1191 441 221 51 toward
1442 439 411 54 international
1883 440 290 67 stability;
2208 458 32 33 a

312 521 430 51 memorandum
780 518 281 67 prepared
1099 518 181 53 under
1318 517 96 54 the
1455 519 254 66 auspices
1747 517 64 51 of
1849 519 95 51 the
1982 519 252 51 Norman

312 593 1925 71 Wait Harris memorial foundation … Chicago, Ill., The
307 673 923 69 University of Chicago press [1934]
308 759 63 49 ix,
402 760 68 48 63,
503 761 55 49 [1]
589 771 42 37 p.
692 758 145 41 19½cm.
909 758 191 50 (Public
1127 757 157 50 policy
1312 760 262 47 pamphlet,
1603 770 75 30 no.
1707 759 68 47 14,
1805 759 60 39 H.
1894 759 58 39 D.
1982 757 252 51 Gideonse,

242 817 181 49 editor)

310 886 103 42 The
444 887 178 41 Harris
653 885 293 42 foundation
977 887 141 40 made
1147 887 210 48 possible
1390 889 81 38 the
1504 886 298 41 discussions
1835 890 321 45 preparatory
2191 890 48 37 to

244 946 81 39 the
350 943 320 41 formulation
699 945 51 39 of
775 943 99 42 this
901 947 263 38 statement
1191 955 60 29 on
1276 943 257 41 American
1561 944 191 47 foreign
1777 944 158 48 policy
1961 945 96 39 and
2085 945 39 39 it
2151 946 88 38 has

243 999 216 45 financed
490 1001 99 41 this
619 1000 312 49 publication,
965 1002 86 40 but
1079 1000 192 41 neither
1301 1002 82 40 the
1410 1001 293 40 foundation
1733 1012 87 29 nor
1852 1002 82 39 the
1965 1001 275 41 committee

242 1058 50 40 in
321 1059 177 48 charge
525 1058 51 41 of
604 1058 39 41 it
671 1067 55 32 as
756 1070 25 30 a
813 1057 249 43 collective
1091 1058 123 49 body
1243 1058 42 42 is
1314 1058 297 49 responsible
1641 1058 78 41 for
1748 1060 83 39 the
1859 1059 381 42 memorandum.

239 1115 47 42 It
314 1118 90 39 has
433 1116 118 40 been
582 1118 237 46 prepared
849 1118 61 46 by
941 1117 187 40 certain
1159 1116 235 41 members
1426 1116 52 39 of
1507 1118 82 39 the
1618 1116 190 48 faculty
1838 1116 53 40 of
1924 1117 82 40 the
240 1117 1980 104 University
366 1173 52 40 of
445 1172 210 49 Chicago
682 1173 163 41 whose
872 1183 168 32 names
1067 1185 84 29 are
1177 1172 167 49 signed
1373 1176 49 38 to
1450 1174 53 48 it,
1533 1175 96 39 and
1657 1174 83 39 the
1768 1173 363 50 responsibility
2159 1174 78 41 for

243 1228 98 42 this
385 1230 174 41 article
601 1230 42 41 is
691 1230 216 41 confined
953 1231 206 48 entirely
1205 1233 50 39 to
1300 1232 144 39 them.
1506 1231 62 47 cf.
1615 1230 144 49 Pref.,
1806 1230 168 49 signed:
2050 1231 187 48 Quincy

238 1285 204 50 Wright.

243 1356 51 52 ©
322 1360 117 40 Nov.
470 1360 68 48 30,
569 1360 114 40 1934;
741 1361 65 39 2c.
835 1361 111 39 Dec.
977 1360 59 40 15;
1091 1359 81 41 aff.
1203 1361 111 39 Dec.
1346 1361 54 39 13;
1461 1360 44 40 A
1532 1360 144 40 78864;
1737 1359 283 50 University
2051 1360 52 40 of
308 1359 1917 106 Chicago,
468 1417 221 48 Chicago.
761 1417 251 48 (35-1146)

237 1518 317 55 American
595 1521 109 52 law
748 1521 111 52 and
901 1522 327 66 procedure.
1306 1521 244 53 Volume
1590 1539 55 34 x.
1723 1521 294 67 Prepared
2058 1521 183 52 under

308 1598 1932 225 the editorial supervision of James Parker Hall … International law, by Arnold Bennett Hall … Damages, by Arthur Martin Cathcart … Bankruptcy, by Frank William
306 1832 1702 70 Henicksman … Judgments, by John Romain Rood …
307 1834 1911 146 Attachments,
683 1913 422 67 garnishments
1147 1913 111 52 and
1299 1913 340 59 executions,
1678 1913 76 66 by
1794 1913 159 56 John
1992 1913 248 53 Romain

306 1990 1432 69 Rood … [Chicago, Ill., Wallace press] 1934.
307 2079 662 49 1 p. l., xx , 458 pl. 23½cm.
241 2147 50 52 ©
321 2152 113 39 Dec.
462 2150 68 47 15,
557 2149 140 48 1934;
729 2151 66 39 2c.
826 2150 95 39 and
953 2148 80 41 aff.
1063 2149 109 39 Jan.
1204 2147 69 48 12,
1303 2147 141 48 1935;
1475 2147 44 40 A
1548 2146 169 49 78995;
1750 2148 209 41 LaSalle
1986 2147 254 42 extension

308 2209 144 47 univ.,
482 2207 222 48 Chicago.
769 2206 284 50 [Copyright
1076 2207 45 39 is
1147 2205 204 41 claimed
1381 2217 61 29 on
1468 2216 106 29 new
1602 2205 229 41 material
1860 2206 96 40 and
1985 2205 254 49 revisions]

238 2327 316 54 American
582 2327 226 63 society
835 2326 64 53 of
927 2325 221 54 church
1175 2325 253 63 history.

307 2402 1932 71 Papers … 2d series. Volume IX. Edited by Conrad Henry
239 2482 345 68 Moehlman,
614 2482 281 53 Matthew
929 2480 239 69 Spinka,
1206 2482 180 52 Abdel
1418 2483 142 52 Ross
1589 2483 223 63 Wentz,

1843 2482 218 52 Robert
237 2482 1977 148 Hastings
421 2562 250 53 Nichols.
743 2560 290 68 [Chicago]
1068 2560 121 53 The
1218 2561 309 52 American
1551 2558 212 67 society
1792 2559 63 53 of

1885 2560 213 52 church
236 2560 1978 148 history,
414 2644 149 51 1934.

310 2728 143 47 cxxii,
484 2729 84 39 157
599 2738 41 37 p.
699 2727 144 40 23½cm.

243 2796 53 52 ©
322 2802 111 38 Dec.
459 2801 68 46 17,
556 2799 140 45 1934;
726 2797 66 40 2c.
821 2798 112 39 Dec.
961 2796 83 47 22;
1077 2795 80 40 aff.
1187 2796 109 39 Jan.
1325 2796 68 47 17,
1423 2794 114 41 1935;
1594 2795 45 39 A
1664 2794 170 47 80046;
1867 2795 158 39 Amer.
2058 2795 183 47 society

309 2858 52 39 of
385 2858 180 39 church
590 2856 202 47 history.

241 2959 327 67 Anderson,
595 2962 137 52 Mrs.
763 2958 191 54 Isabel
981 2956 165 56 Weld
1177 2955 311 66 (Perkins)
1527 2959 172 52 1876-

314 3041 72 51 In
426 3044 221 48 eastern
685 3056 137 47 seas,
862 3037 143 52 with
1044 3054 31 33 a
1115 3034 137 53 visit
1287 3039 59 48 to
1386 3033 300 55 Insulinde
1725 3037 112 52 and
1877 3035 96 52 the
2013 3034 222 55 Golden

245 3113 1465 71 Chersonese, by Isabel Anderson, LL. D., LITT . D .
1751 3112 165 66 (Mrs.
1944 3114 147 50 Larz
243 3115 1968 147 Anderson)
556 3195 234 64 Boston,
817 3195 66 52 B.
913 3190 372 69 Humphries,
1313 3189 107 54 inc.
1471 3195 173 64 [c1934]

311 3269 85 41 351
426 3280 44 38 p.
529 3268 163 47 front.,
722 3269 171 47 plates.
955 3267 145 38 24½cm.

313 3342 139 47 Maps
482 3352 60 29 on
571 3339 363 48 lining-papers.

246 3411 50 52 ©
344 3416 114 46 May
502 3414 39 46 3,
589 3411 141 46 1934;
777 3410 67 40 2c.
891 3410 109 39 Jan.
1049 3408 70 46 14,
1165 3406 141 47 1935;
1356 3405 80 41 aff.
1485 3407 109 39 Jan.
1643 3406 81 46 12;
1776 3407 40 38 A
1861 3405 170 47 78999;
2083 3407 158 41 Bruce

310 3469 310 49 Humphries,
652 3469 90 39 inc.
813 3465 250 49 (35-1060)

243 3572 337 66 Archibald,
606 3573 285 61 Norman,
921 3573 172 51 1894-

314 3653 236 51 Heaven
585 3650 159 67 high,
779 3647 117 54 hell
930 3648 159 63 deep,
1126 3645 326 58 1917-1918,
1486 3644 75 67 by
1597 3645 253 51 Norman
1886 3644 347 55 Archibald:

246 3728 375 55 illustrations
648 3728 76 67 by
752 3726 172 52 Allen
952 3724 245 53 Palmer.
1273 3723 138 51 New
1441 3723 179 65 York,
1650 3723 69 51 A.
1751 3725 45 49 &
1825 3723 61 54 C.
1916 3725 168 63 Boni,
2114 3723 123 58 inc.,

249 3810 147 51 1935.

315 3875 796 53 4 p. l., 3-350 p. illus. 22½cm.
249 3948 50 52 ©
329 3953 106 39 Jan.
465 3952 69 45 15,
562 3949 140 46 1935;
732 3948 67 40 2c.
826 3947 108 39 Jan.
963 3946 82 45 17;
1077 3942 82 42 aff.
1189 3944 108 39 Jan.
1328 3943 82 47 16;
1442 3943 41 39 A
1511 3941 170 54 79240;
1712 3943 170 45 Albert
1912 3945 95 39 and
2037 3943 203 40 Charles

314 4009 135 43 Boni,
481 4008 89 40 inc.
640 4003 250 49 (35-1065)
