<alto xmlns="http://www.loc.gov/standards/alto/ns-v3#" xmlns:xsi="http://www.w3.org/2001/XMLSchema-instance" xsi:schemaLocation="http://www.loc.gov/standards/alto/ns-v3# http://www.loc.gov/alto/v3/alto-3-0.xsd"><Description>
<MeasurementUnit>pixel</MeasurementUnit>
<sourceImageInformation>
<fileName>1935_v32_Part1.pdf</fileName>
</sourceImageInformation>
<OCRProcessing ID="IdOcr">
<ocrProcessingStep>
<processingDateTime>2019-01-15</processingDateTime>
<processingSoftware>
<softwareCreator>ABBYY</softwareCreator>
<softwareName>ABBYY Recognition Server</softwareName>
<softwareVersion>4.0</softwareVersion>
</processingSoftware>
</ocrProcessingStep>
</OCRProcessing>
</Description>
<Styles>
<ParagraphStyle ALIGN="Left" FIRSTLINE="0." ID="StyleId-FFFFFFFF-FFFF-FFFF-FFFF-FFFFFFFFFFFF-" LEFT="0." RIGHT="0." />
<ParagraphStyle ALIGN="Left" FIRSTLINE="0." ID="StyleId-09A13A44-4F77-4ABE-84F3-84CC8B3C72CE-" LEFT="0." LINESPACE="7.699999809" RIGHT="0." />
<ParagraphStyle ALIGN="Left" FIRSTLINE="-10." ID="StyleId-1F945060-F8CD-4435-B69A-5FF49DB0C586-" LEFT="0." LINESPACE="12.19999981" RIGHT="0." />
<ParagraphStyle ALIGN="Block" FIRSTLINE="-14." ID="StyleId-C6CAE747-F5A4-4D0D-8D74-D452DA7E2C1C-" LEFT="0." LINESPACE="8.350000381" RIGHT="0." />
<ParagraphStyle ALIGN="Left" FIRSTLINE="0." ID="StyleId-FC0F3374-189A-459E-BE29-2DC14180F022-" LEFT="0." RIGHT="0." />
<ParagraphStyle ALIGN="Left" FIRSTLINE="-12." ID="StyleId-49397C49-A894-4B3E-BA5E-1126226BA375-" LEFT="0." LINESPACE="11.09000015" RIGHT="0." />
<ParagraphStyle ALIGN="Block" FIRSTLINE="-14." ID="StyleId-9E34DD3A-E661-48BD-A3A1-6A3D48346F00-" LEFT="0." LINESPACE="11.09000015" RIGHT="0." />
<ParagraphStyle ALIGN="Left" FIRSTLINE="0." ID="StyleId-56CE54AA-A08B-4BAA-8605-F26020A0E36E-" LEFT="0." LINESPACE="9.399999619" RIGHT="0." />
<ParagraphStyle ALIGN="Left" FIRSTLINE="-11." ID="StyleId-77814FFC-C42F-4AA9-9880-EF33B947DEC8-" LEFT="0." LINESPACE="11.06999969" RIGHT="0." />
<ParagraphStyle ALIGN="Center" FIRSTLINE="0." ID="StyleId-FDE92EC0-67DC-4C7B-8A24-094B12C38B6C-" LEFT="0." LINESPACE="11.30000019" RIGHT="0." />
<ParagraphStyle ALIGN="Left" FIRSTLINE="0." ID="StyleId-65180E3B-4C93-4FB8-81EE-E026DD63DBF3-" LEFT="0." LINESPACE="11.10000038" RIGHT="0." />
<ParagraphStyle ALIGN="Left" FIRSTLINE="0." ID="StyleId-10E885C2-5813-4620-B0AA-0FBA30CF7A32-" LEFT="0." LINESPACE="9.5" RIGHT="0." />
<ParagraphStyle ALIGN="Left" FIRSTLINE="0." ID="StyleId-913C2DB5-9F02-4067-BAF7-0AED37B60BBE-" LEFT="0." LINESPACE="6.099999905" RIGHT="0." />
<ParagraphStyle ALIGN="Left" FIRSTLINE="0." ID="StyleId-9C79A9D2-8F08-4A8F-985D-B00E253ED1E5-" LEFT="0." LINESPACE="4.400000095" RIGHT="0." />
<ParagraphStyle ALIGN="Left" FIRSTLINE="0." ID="StyleId-A41F0407-FEFE-4738-9EC5-E05AFFF62781-" LEFT="0." LINESPACE="7.300000191" RIGHT="0." />
<ParagraphStyle ALIGN="Left" FIRSTLINE="0." ID="StyleId-61D37176-94E8-408D-9B87-01C406CE8AB2-" LEFT="0." LINESPACE="8.050000191" RIGHT="0." />
</Styles>
<Layout>
<Page HEIGHT="4375" ID="Page998" PHYSICAL_IMG_NR="998" WIDTH="2424">
<TopMargin HEIGHT="448" HPOS="0" VPOS="0" WIDTH="2424">
</TopMargin>
<LeftMargin HEIGHT="3606" HPOS="0" VPOS="448" WIDTH="236">
</LeftMargin>
<RightMargin HEIGHT="3606" HPOS="2262" VPOS="448" WIDTH="162">
</RightMargin>
<BottomMargin HEIGHT="321" HPOS="0" VPOS="4054" WIDTH="2424">
<TextBlock HEIGHT="99" HPOS="1146" ID="Page998_Block1" LANG="en-US" STYLEREFS="StyleId-7902159A-0F2F-476B-8711-1A16068CA83F-" VPOS="4089" WIDTH="226">
<TextLine HEIGHT="49" HPOS="1189" VPOS="4091" WIDTH="98">
<String CONTENT="998" HEIGHT="49" HPOS="1189" VPOS="4091" WIDTH="98" />
</TextLine>
</TextBlock>
<GraphicalElement HEIGHT="312" HPOS="2420" ID="Page998_Block2" VPOS="4062" WIDTH="4" />
<GraphicalElement HEIGHT="54" HPOS="2416" ID="Page998_Block3" VPOS="4250" WIDTH="4" />
</BottomMargin>
<PrintSpace HEIGHT="3606" HPOS="236" VPOS="448" WIDTH="2026">
<TextBlock CS="1" HEIGHT="3606" HPOS="236" ID="Page998_Block4" LANG="en-US" STYLEREFS="StyleId-C09525B4-269F-40B1-AA8E-8C8449AE1D6B-" VPOS="448" WIDTH="2026">
<TextLine CS="1" HEIGHT="53" HPOS="331" VPOS="533" WIDTH="1922">
<String CONTENT="109," HEIGHT="47" HPOS="331" LANG="en-US" VPOS="533" WIDTH="97" />
<SP HEIGHT="28" HPOS="429" VPOS="553" WIDTH="48" />
<String CONTENT="[7]" CS="1" LANG="en-US" />
<SP HEIGHT="36" HPOS="532" VPOS="545" WIDTH="45" />
<String CONTENT="p." HEIGHT="36" HPOS="578" LANG="fr" VPOS="545" WIDTH="42" />
<SP HEIGHT="38" HPOS="621" VPOS="535" WIDTH="71" />
<String CONTENT="diagrs." HEIGHT="46" HPOS="693" LANG="fr" VPOS="535" WIDTH="178" />
<SP HEIGHT="37" HPOS="872" VPOS="536" WIDTH="70" />
<String CONTENT="22" HEIGHT="38" HPOS="943" LANG="fr" VPOS="535" WIDTH="55" />
<String CONTENT="&#189;cm" CS="1" LANG="en-US" />
<String CONTENT="." HEIGHT="7" HPOS="1078" LANG="fr" VPOS="566" WIDTH="8" />
<SP HEIGHT="45" HPOS="1087" VPOS="538" WIDTH="84" />
<String CONTENT="(Schriften" HEIGHT="47" HPOS="1172" LANG="de" VPOS="536" WIDTH="273" />
<SP HEIGHT="38" HPOS="1446" VPOS="539" WIDTH="43" />
<String CONTENT="des" HEIGHT="39" HPOS="1490" LANG="fr" VPOS="539" WIDTH="83" />
<SP HEIGHT="39" HPOS="1574" VPOS="539" WIDTH="43" />
<String CONTENT="Osteuropa-institutes&#183;" HEIGHT="48" HPOS="1618" LANG="de" VPOS="538" WIDTH="545" />
<SP HEIGHT="38" HPOS="2164" VPOS="543" WIDTH="38" />
<String CONTENT="in" HEIGHT="38" HPOS="2203" LANG="fr" VPOS="543" WIDTH="50" />
</TextLine>
<TextLine CS="1" HEIGHT="48" HPOS="330" VPOS="590" WIDTH="420">
<String CONTENT="Breslau," HEIGHT="46" HPOS="330" LANG="de" VPOS="591" WIDTH="219" />
<SP HEIGHT="46" HPOS="550" VPOS="591" WIDTH="28" />
<String CONTENT="hft." HEIGHT="40" HPOS="579" LANG="fr" VPOS="590" WIDTH="92" />
<SP HEIGHT="38" HPOS="672" VPOS="591" WIDTH="26" />
<String CONTENT="1)" CS="1" HEIGHT="46" HPOS="737" LANG="fr" VPOS="592" WIDTH="13" />
</TextLine>
<TextLine CS="1" HEIGHT="55" HPOS="261" VPOS="656" WIDTH="1878">
<String CONTENT="&#169;" HEIGHT="53" HPOS="261" LANG="fr" VPOS="656" WIDTH="53" />
<SP HEIGHT="53" HPOS="315" VPOS="656" WIDTH="29" />
<String CONTENT="June" HEIGHT="39" HPOS="345" LANG="en-US" VPOS="662" WIDTH="127" />
<SP HEIGHT="40" HPOS="473" VPOS="661" WIDTH="29" />
<String CONTENT="30," HEIGHT="48" HPOS="503" LANG="fr" VPOS="660" WIDTH="69" />
<SP HEIGHT="47" HPOS="573" VPOS="661" WIDTH="32" />
<String CONTENT="1934;" CS="1" HEIGHT="41" HPOS="606" LANG="fr" VPOS="660" WIDTH="116" />
<SP HEIGHT="46" HPOS="748" VPOS="661" WIDTH="33" />
<String CONTENT="1c." CS="1" HEIGHT="8" HPOS="841" LANG="fr" VPOS="692" WIDTH="7" />
<SP HEIGHT="38" HPOS="849" VPOS="662" WIDTH="31" />
<String CONTENT="Aug." HEIGHT="47" HPOS="881" LANG="fr" VPOS="662" WIDTH="119" />
<SP HEIGHT="41" HPOS="1001" VPOS="660" WIDTH="28" />
<String CONTENT="24;" CS="1" HEIGHT="41" HPOS="1030" LANG="fr" VPOS="660" WIDTH="56" />
<SP HEIGHT="45" HPOS="1114" VPOS="663" WIDTH="32" />
<String CONTENT="A-" HEIGHT="38" HPOS="1147" LANG="fr" VPOS="663" WIDTH="102" />
<String CONTENT="Foreign" HEIGHT="49" HPOS="1251" LANG="en-US" VPOS="662" WIDTH="204" />
<SP HEIGHT="40" HPOS="1456" VPOS="662" WIDTH="35" />
<String CONTENT="25584;" CS="1" HEIGHT="42" HPOS="1492" LANG="fr" VPOS="662" WIDTH="144" />
<SP HEIGHT="46" HPOS="1663" VPOS="665" WIDTH="35" />
<String CONTENT="Ferdinand" HEIGHT="40" HPOS="1699" LANG="fr" VPOS="665" WIDTH="277" />
<SP HEIGHT="38" HPOS="1977" VPOS="667" WIDTH="32" />
<String CONTENT="Hirt." HEIGHT="42" HPOS="2010" LANG="de" VPOS="664" WIDTH="129" />
</TextLine>
<TextLine HEIGHT="66" HPOS="262" STYLEREFS="StyleId-F2722437-9F51-4478-98B9-6953BD002BC5-" VPOS="778" WIDTH="1030">
<String CONTENT="Scoggins," HEIGHT="66" HPOS="262" LANG="en-US" VPOS="778" WIDTH="305" />
<SP HEIGHT="64" HPOS="568" VPOS="780" WIDTH="29" />
<String CONTENT="Charles" HEIGHT="54" HPOS="598" LANG="fr" VPOS="779" WIDTH="246" />
<SP HEIGHT="52" HPOS="845" VPOS="781" WIDTH="23" />
<String CONTENT="Elbert," HEIGHT="64" HPOS="869" LANG="en-US" VPOS="779" WIDTH="221" />
<SP HEIGHT="56" HPOS="1091" VPOS="787" WIDTH="32" />
<String CONTENT="1888-" HEIGHT="50" HPOS="1124" LANG="fr" VPOS="786" WIDTH="168" />
</TextLine>
<TextLine CS="1" HEIGHT="147" HPOS="259" STYLEREFS="StyleId-F2722437-9F51-4478-98B9-6953BD002BC5-" VPOS="855" WIDTH="1965">
<String CONTENT="The" HEIGHT="52" HPOS="329" LANG="fr" VPOS="857" WIDTH="122" />
<SP HEIGHT="53" HPOS="452" VPOS="856" WIDTH="24" />
<String CONTENT="house" HEIGHT="53" HPOS="477" VPOS="856" WIDTH="175" />
<SP HEIGHT="35" HPOS="653" VPOS="874" WIDTH="24" />
<String CONTENT="of" HEIGHT="53" HPOS="678" VPOS="855" WIDTH="65" />
<SP HEIGHT="54" HPOS="744" VPOS="855" WIDTH="26" />
<String CONTENT="dawn," HEIGHT="68" HPOS="771" VPOS="857" WIDTH="183" />
<SP HEIGHT="69" HPOS="955" VPOS="856" WIDTH="27" />
<String CONTENT="by" HEIGHT="69" HPOS="983" VPOS="856" WIDTH="76" />
<SP HEIGHT="68" HPOS="1060" VPOS="857" WIDTH="27" />
<String CONTENT="C." HEIGHT="56" HPOS="1088" VPOS="857" WIDTH="63" />
<SP HEIGHT="54" HPOS="1152" VPOS="857" WIDTH="28" />
<String CONTENT="E." HEIGHT="53" HPOS="1181" VPOS="857" WIDTH="67" />
<SP HEIGHT="56" HPOS="1249" VPOS="856" WIDTH="32" />
<String CONTENT="Scoggins" HEIGHT="71" HPOS="1282" VPOS="856" WIDTH="278" />
<SP HEIGHT="34" HPOS="1561" VPOS="878" WIDTH="31" />
<String CONTENT="&#8230;" CS="1" />
<SP HEIGHT="52" HPOS="1650" VPOS="859" WIDTH="77" />
<String CONTENT="New" HEIGHT="52" HPOS="1728" VPOS="859" WIDTH="137" />
<SP HEIGHT="52" HPOS="1866" VPOS="859" WIDTH="30" />
<String CONTENT="York," HEIGHT="68" HPOS="1897" VPOS="859" WIDTH="177" />
<SP HEIGHT="66" HPOS="2075" VPOS="861" WIDTH="28" />
<String CONTENT="London," HEIGHT="141" HPOS="259" VPOS="861" WIDTH="1965" />
</TextLine>
<TextLine HEIGHT="72" HPOS="424" STYLEREFS="StyleId-F2722437-9F51-4478-98B9-6953BD002BC5-" VPOS="933" WIDTH="1654">
<String CONTENT="D." HEIGHT="53" HPOS="424" VPOS="934" WIDTH="71" />
<SP HEIGHT="53" HPOS="496" VPOS="933" WIDTH="34" />
<String CONTENT="Appleton-Century" HEIGHT="70" HPOS="531" VPOS="933" WIDTH="578" />
<SP HEIGHT="50" HPOS="1110" VPOS="953" WIDTH="33" />
<String CONTENT="company," HEIGHT="52" HPOS="1144" VPOS="952" WIDTH="297" />
<SP HEIGHT="67" HPOS="1442" VPOS="937" WIDTH="31" />
<String CONTENT="incorporated," HEIGHT="68" HPOS="1474" VPOS="937" WIDTH="418" />
<SP HEIGHT="63" HPOS="1893" VPOS="942" WIDTH="35" />
<String CONTENT="1935." HEIGHT="52" HPOS="1929" VPOS="940" WIDTH="149" />
</TextLine>
<TextLine CS="1" HEIGHT="50" HPOS="330" VPOS="1007" WIDTH="532">
<String CONTENT="3" HEIGHT="41" HPOS="330" VPOS="1008" WIDTH="26" />
<SP />
<String CONTENT="p." HEIGHT="39" HPOS="385" VPOS="1018" WIDTH="41" />
<SP HEIGHT="39" HPOS="427" VPOS="1008" WIDTH="29" />
<String CONTENT="l.," HEIGHT="47" HPOS="457" VPOS="1008" WIDTH="44" />
<SP HEIGHT="47" HPOS="502" VPOS="1008" WIDTH="26" />
<String CONTENT="281" HEIGHT="41" HPOS="529" VPOS="1007" WIDTH="84" />
<SP HEIGHT="47" HPOS="614" VPOS="1009" WIDTH="29" />
<String CONTENT="p." HEIGHT="39" HPOS="644" VPOS="1017" WIDTH="42" />
<SP HEIGHT="40" HPOS="687" VPOS="1008" WIDTH="58" />
<String CONTENT="20cm." CS="1" HEIGHT="41" HPOS="746" VPOS="1007" WIDTH="116" />
</TextLine>
<TextLine CS="1" HEIGHT="56" HPOS="261" VPOS="1061" WIDTH="1989">
<String CONTENT="&#169;" HEIGHT="53" HPOS="261" VPOS="1061" WIDTH="53" />
<SP HEIGHT="53" HPOS="315" VPOS="1061" WIDTH="24" />
<String CONTENT="July" HEIGHT="47" HPOS="340" VPOS="1066" WIDTH="116" />
<SP HEIGHT="49" HPOS="457" VPOS="1064" WIDTH="21" />
<String CONTENT="26," HEIGHT="48" HPOS="479" VPOS="1064" WIDTH="70" />
<SP HEIGHT="47" HPOS="550" VPOS="1065" WIDTH="26" />
<String CONTENT="1935;" HEIGHT="47" HPOS="577" VPOS="1064" WIDTH="140" />
<SP HEIGHT="47" HPOS="718" VPOS="1064" WIDTH="27" />
<String CONTENT="2c." HEIGHT="41" HPOS="746" VPOS="1064" WIDTH="66" />
<SP HEIGHT="29" HPOS="813" VPOS="1076" WIDTH="27" />
<String CONTENT="and" HEIGHT="39" HPOS="841" VPOS="1066" WIDTH="93" />
<SP HEIGHT="39" HPOS="935" VPOS="1066" WIDTH="25" />
<String CONTENT="aff." HEIGHT="39" HPOS="961" VPOS="1065" WIDTH="82" />
<SP HEIGHT="39" HPOS="1044" VPOS="1066" WIDTH="27" />
<String CONTENT="July" HEIGHT="47" HPOS="1072" VPOS="1066" WIDTH="116" />
<SP HEIGHT="48" HPOS="1189" VPOS="1065" WIDTH="23" />
<String CONTENT="27;" CS="1" HEIGHT="40" HPOS="1213" VPOS="1065" WIDTH="55" />
<SP HEIGHT="46" HPOS="1296" VPOS="1066" WIDTH="29" />
<String CONTENT="A" HEIGHT="39" HPOS="1326" VPOS="1066" WIDTH="40" />
<SP HEIGHT="41" HPOS="1367" VPOS="1066" WIDTH="25" />
<String CONTENT="84749;" HEIGHT="47" HPOS="1393" VPOS="1066" WIDTH="168" />
<SP HEIGHT="46" HPOS="1562" VPOS="1067" WIDTH="32" />
<String CONTENT="C." HEIGHT="41" HPOS="1595" VPOS="1067" WIDTH="49" />
<SP HEIGHT="38" HPOS="1645" VPOS="1069" WIDTH="28" />
<String CONTENT="E." HEIGHT="38" HPOS="1674" VPOS="1069" WIDTH="49" />
<SP HEIGHT="40" HPOS="1724" VPOS="1068" WIDTH="29" />
<String CONTENT="Scoggins," HEIGHT="48" HPOS="1754" VPOS="1068" WIDTH="242" />
<SP HEIGHT="47" HPOS="1997" VPOS="1069" WIDTH="27" />
<String CONTENT="Boulder," HEIGHT="48" HPOS="2025" VPOS="1069" WIDTH="225" />
</TextLine>
<TextLine HEIGHT="48" HPOS="326" VPOS="1121" WIDTH="448">
<String CONTENT="Col." HEIGHT="41" HPOS="326" VPOS="1122" WIDTH="98" />
<SP HEIGHT="46" HPOS="425" VPOS="1123" WIDTH="69" />
<String CONTENT="(35-10850)" HEIGHT="48" HPOS="495" VPOS="1121" WIDTH="279" />
</TextLine>
<TextLine HEIGHT="68" HPOS="255" STYLEREFS="StyleId-62DF9785-5BB4-40BB-B974-F6FAA961AEE4-" VPOS="1223" WIDTH="950">
<String CONTENT="Seattle." HEIGHT="55" HPOS="255" VPOS="1223" WIDTH="242" />
<SP HEIGHT="52" HPOS="498" VPOS="1226" WIDTH="72" />
<String CONTENT="Board" HEIGHT="52" HPOS="571" VPOS="1225" WIDTH="197" />
<SP HEIGHT="54" HPOS="769" VPOS="1225" WIDTH="30" />
<String CONTENT="of" HEIGHT="65" HPOS="800" VPOS="1226" WIDTH="64" />
<SP HEIGHT="65" HPOS="865" VPOS="1226" WIDTH="24" />
<String CONTENT="education." HEIGHT="53" HPOS="890" VPOS="1225" WIDTH="315" />
</TextLine>
<TextLine HEIGHT="72" HPOS="329" STYLEREFS="StyleId-F2722437-9F51-4478-98B9-6953BD002BC5-" VPOS="1300" WIDTH="1919">
<String CONTENT="Successful" HEIGHT="56" HPOS="329" VPOS="1300" WIDTH="322" />
<SP HEIGHT="52" HPOS="652" VPOS="1304" WIDTH="44" />
<String CONTENT="living." HEIGHT="70" HPOS="697" VPOS="1300" WIDTH="200" />
<SP HEIGHT="56" HPOS="898" VPOS="1302" WIDTH="82" />
<String CONTENT="Seattle," HEIGHT="68" HPOS="981" VPOS="1302" WIDTH="232" />
<SP HEIGHT="65" HPOS="1214" VPOS="1305" WIDTH="42" />
<String CONTENT="Wash.," HEIGHT="67" HPOS="1257" VPOS="1304" WIDTH="212" />
<SP HEIGHT="69" HPOS="1470" VPOS="1302" WIDTH="47" />
<String CONTENT="Seattle" HEIGHT="56" HPOS="1518" VPOS="1302" WIDTH="215" />
<SP HEIGHT="50" HPOS="1734" VPOS="1322" WIDTH="43" />
<String CONTENT="public" HEIGHT="69" HPOS="1778" VPOS="1303" WIDTH="193" />
<SP HEIGHT="35" HPOS="1972" VPOS="1322" WIDTH="40" />
<String CONTENT="schools," HEIGHT="66" HPOS="2013" VPOS="1303" WIDTH="235" />
</TextLine>
<TextLine HEIGHT="51" HPOS="257" STYLEREFS="StyleId-F2722437-9F51-4478-98B9-6953BD002BC5-" VPOS="1382" WIDTH="148">
<String CONTENT="1935." HEIGHT="51" HPOS="257" VPOS="1382" WIDTH="148" />
</TextLine>
<TextLine CS="1" HEIGHT="50" HPOS="329" VPOS="1452" WIDTH="970">
<String CONTENT="6" HEIGHT="41" HPOS="329" VPOS="1452" WIDTH="29" />
<SP />
<String CONTENT="p." HEIGHT="39" HPOS="382" LANG="fr" VPOS="1463" WIDTH="44" />
<SP />
<String CONTENT="l.," CS="1" LANG="fr" />
<SP />
<String CONTENT="239" HEIGHT="41" HPOS="527" VPOS="1452" WIDTH="88" />
<SP HEIGHT="49" HPOS="616" VPOS="1452" WIDTH="25" />
<String CONTENT="p." HEIGHT="37" HPOS="642" VPOS="1464" WIDTH="42" />
<SP HEIGHT="37" HPOS="685" VPOS="1464" WIDTH="59" />
<String CONTENT="plates," HEIGHT="49" HPOS="745" VPOS="1452" WIDTH="170" />
<SP HEIGHT="47" HPOS="916" VPOS="1454" WIDTH="28" />
<String CONTENT="diagrs." HEIGHT="48" HPOS="945" VPOS="1453" WIDTH="180" />
<SP HEIGHT="39" HPOS="1126" VPOS="1454" WIDTH="57" />
<String CONTENT="23cm." HEIGHT="39" HPOS="1184" VPOS="1454" WIDTH="115" />
</TextLine>
<TextLine HEIGHT="51" HPOS="329" VPOS="1508" WIDTH="1917">
<String CONTENT="A" HEIGHT="39" HPOS="329" VPOS="1510" WIDTH="41" />
<SP HEIGHT="39" HPOS="371" VPOS="1510" WIDTH="35" />
<String CONTENT="report" HEIGHT="47" HPOS="407" VPOS="1510" WIDTH="162" />
<SP HEIGHT="39" HPOS="570" VPOS="1510" WIDTH="36" />
<String CONTENT="of" HEIGHT="40" HPOS="607" VPOS="1509" WIDTH="51" />
<SP HEIGHT="40" HPOS="659" VPOS="1509" WIDTH="35" />
<String CONTENT="character" HEIGHT="40" HPOS="695" VPOS="1509" WIDTH="254" />
<SP HEIGHT="40" HPOS="950" VPOS="1510" WIDTH="34" />
<String CONTENT="building" HEIGHT="50" HPOS="985" VPOS="1508" WIDTH="218" />
<SP HEIGHT="38" HPOS="1204" VPOS="1520" WIDTH="35" />
<String CONTENT="activities," HEIGHT="51" HPOS="1240" VPOS="1508" WIDTH="259" />
<SP HEIGHT="39" HPOS="1500" VPOS="1520" WIDTH="35" />
<String CONTENT="prepared" HEIGHT="47" HPOS="1536" VPOS="1511" WIDTH="235" />
<SP HEIGHT="40" HPOS="1772" VPOS="1510" WIDTH="39" />
<String CONTENT="by" HEIGHT="48" HPOS="1812" VPOS="1510" WIDTH="59" />
<SP HEIGHT="38" HPOS="1872" VPOS="1520" WIDTH="35" />
<String CONTENT="a" HEIGHT="30" HPOS="1908" VPOS="1520" WIDTH="25" />
<SP HEIGHT="30" HPOS="1934" VPOS="1520" WIDTH="40" />
<String CONTENT="committee" HEIGHT="41" HPOS="1975" VPOS="1510" WIDTH="271" />
</TextLine>
<TextLine HEIGHT="50" HPOS="257" VPOS="1565" WIDTH="1680">
<String CONTENT="of" HEIGHT="40" HPOS="257" VPOS="1567" WIDTH="51" />
<SP HEIGHT="40" HPOS="309" VPOS="1567" WIDTH="31" />
<String CONTENT="teachers" HEIGHT="40" HPOS="341" VPOS="1567" WIDTH="223" />
<SP HEIGHT="31" HPOS="565" VPOS="1575" WIDTH="25" />
<String CONTENT="of" HEIGHT="40" HPOS="591" VPOS="1565" WIDTH="52" />
<SP HEIGHT="40" HPOS="644" VPOS="1565" WIDTH="30" />
<String CONTENT="the" HEIGHT="39" HPOS="675" VPOS="1566" WIDTH="83" />
<SP HEIGHT="40" HPOS="759" VPOS="1567" WIDTH="30" />
<String CONTENT="Seattle" HEIGHT="40" HPOS="790" VPOS="1567" WIDTH="183" />
<SP HEIGHT="30" HPOS="974" VPOS="1577" WIDTH="30" />
<String CONTENT="schools," HEIGHT="48" HPOS="1005" VPOS="1566" WIDTH="202" />
<SP HEIGHT="48" HPOS="1208" VPOS="1566" WIDTH="32" />
<String CONTENT="L." HEIGHT="41" HPOS="1241" LANG="fr" VPOS="1566" WIDTH="51" />
<SP HEIGHT="40" HPOS="1293" VPOS="1567" WIDTH="32" />
<String CONTENT="M." HEIGHT="40" HPOS="1326" VPOS="1567" WIDTH="60" />
<SP HEIGHT="40" HPOS="1387" VPOS="1567" WIDTH="30" />
<String CONTENT="Higgins," HEIGHT="49" HPOS="1418" VPOS="1566" WIDTH="221" />
<SP HEIGHT="37" HPOS="1640" VPOS="1578" WIDTH="30" />
<String CONTENT="chairman." HEIGHT="42" HPOS="1671" VPOS="1566" WIDTH="266" />
</TextLine>
<TextLine HEIGHT="49" HPOS="328" VPOS="1622" WIDTH="741">
<String CONTENT="Bibliography:" HEIGHT="48" HPOS="328" VPOS="1622" WIDTH="376" />
<SP HEIGHT="38" HPOS="705" VPOS="1632" WIDTH="34" />
<String CONTENT="p." HEIGHT="36" HPOS="740" VPOS="1634" WIDTH="43" />
<SP HEIGHT="30" HPOS="784" VPOS="1641" WIDTH="36" />
<String CONTENT="[202]-236." HEIGHT="49" HPOS="821" VPOS="1622" WIDTH="248" />
</TextLine>
<TextLine CS="1" HEIGHT="53" HPOS="257" VPOS="1675" WIDTH="1988">
<String CONTENT="&#169;" HEIGHT="53" HPOS="257" VPOS="1675" WIDTH="53" />
<SP HEIGHT="53" HPOS="311" VPOS="1675" WIDTH="21" />
<String CONTENT="May" HEIGHT="46" HPOS="333" VPOS="1680" WIDTH="113" />
<SP HEIGHT="49" HPOS="447" VPOS="1677" WIDTH="17" />
<String CONTENT="22," HEIGHT="48" HPOS="465" VPOS="1677" WIDTH="70" />
<SP HEIGHT="46" HPOS="536" VPOS="1679" WIDTH="22" />
<String CONTENT="1935;" HEIGHT="46" HPOS="559" VPOS="1679" WIDTH="139" />
<SP HEIGHT="47" HPOS="699" VPOS="1678" WIDTH="21" />
<String CONTENT="2c." HEIGHT="40" HPOS="721" VPOS="1678" WIDTH="65" />
<SP HEIGHT="39" HPOS="787" VPOS="1679" WIDTH="23" />
<String CONTENT="June" HEIGHT="39" HPOS="811" VPOS="1679" WIDTH="125" />
<SP HEIGHT="39" HPOS="937" VPOS="1680" WIDTH="22" />
<String CONTENT="3;" CS="1" HEIGHT="39" HPOS="960" VPOS="1680" WIDTH="25" />
<SP HEIGHT="36" HPOS="1014" VPOS="1689" WIDTH="23" />
<String CONTENT="aff." HEIGHT="40" HPOS="1038" VPOS="1678" WIDTH="81" />
<SP HEIGHT="38" HPOS="1120" VPOS="1680" WIDTH="25" />
<String CONTENT="May" HEIGHT="46" HPOS="1146" VPOS="1680" WIDTH="114" />
<SP HEIGHT="47" HPOS="1261" VPOS="1679" WIDTH="20" />
<String CONTENT="29;" HEIGHT="47" HPOS="1282" VPOS="1679" WIDTH="82" />
<SP HEIGHT="46" HPOS="1365" VPOS="1680" WIDTH="25" />
<String CONTENT="A" HEIGHT="38" HPOS="1391" VPOS="1680" WIDTH="41" />
<SP HEIGHT="39" HPOS="1433" VPOS="1680" WIDTH="20" />
<String CONTENT="84050;" HEIGHT="47" HPOS="1454" VPOS="1679" WIDTH="169" />
<SP HEIGHT="46" HPOS="1624" VPOS="1680" WIDTH="29" />
<String CONTENT="Seattle" HEIGHT="40" HPOS="1654" VPOS="1680" WIDTH="183" />
<SP HEIGHT="37" HPOS="1838" VPOS="1691" WIDTH="21" />
<String CONTENT="public" HEIGHT="49" HPOS="1860" VPOS="1679" WIDTH="159" />
<SP HEIGHT="29" HPOS="2020" VPOS="1691" WIDTH="23" />
<String CONTENT="schools." HEIGHT="39" HPOS="2044" VPOS="1681" WIDTH="201" />
</TextLine>
<TextLine HEIGHT="50" HPOS="336" VPOS="1734" WIDTH="279">
<String CONTENT="(35-10576)" HEIGHT="50" HPOS="336" VPOS="1734" WIDTH="279" />
</TextLine>
<TextLine HEIGHT="66" HPOS="258" STYLEREFS="StyleId-F2722437-9F51-4478-98B9-6953BD002BC5-" VPOS="1837" WIDTH="708">
<String CONTENT="Slesinger," HEIGHT="65" HPOS="258" VPOS="1837" WIDTH="316" />
<SP HEIGHT="64" HPOS="575" VPOS="1838" WIDTH="29" />
<String CONTENT="Tess," HEIGHT="65" HPOS="605" VPOS="1838" WIDTH="162" />
<SP HEIGHT="59" HPOS="768" VPOS="1844" WIDTH="29" />
<String CONTENT="1905-" HEIGHT="50" HPOS="798" VPOS="1843" WIDTH="168" />
</TextLine>
<TextLine CS="1" HEIGHT="69" HPOS="386" STYLEREFS="StyleId-F2722437-9F51-4478-98B9-6953BD002BC5-" VPOS="1913" WIDTH="1858">
<String CONTENT="&#8230;" CS="1" />
<SP HEIGHT="52" HPOS="386" VPOS="1915" WIDTH="40" />
<String CONTENT="Time:" HEIGHT="53" HPOS="427" VPOS="1913" WIDTH="190" />
<SP HEIGHT="48" HPOS="618" VPOS="1918" WIDTH="32" />
<String CONTENT="the" HEIGHT="54" HPOS="651" VPOS="1914" WIDTH="98" />
<SP HEIGHT="50" HPOS="750" VPOS="1932" WIDTH="30" />
<String CONTENT="present;" HEIGHT="64" HPOS="781" VPOS="1918" WIDTH="254" />
<SP HEIGHT="50" HPOS="1036" VPOS="1932" WIDTH="35" />
<String CONTENT="a" HEIGHT="34" HPOS="1072" VPOS="1933" WIDTH="32" />
<SP HEIGHT="54" HPOS="1105" VPOS="1913" WIDTH="32" />
<String CONTENT="book" HEIGHT="54" HPOS="1138" VPOS="1913" WIDTH="146" />
<SP HEIGHT="53" HPOS="1285" VPOS="1914" WIDTH="32" />
<String CONTENT="of" HEIGHT="53" HPOS="1318" VPOS="1914" WIDTH="65" />
<SP HEIGHT="54" HPOS="1384" VPOS="1914" WIDTH="30" />
<String CONTENT="short" HEIGHT="54" HPOS="1415" VPOS="1914" WIDTH="161" />
<SP HEIGHT="48" HPOS="1577" VPOS="1920" WIDTH="30" />
<String CONTENT="stories." HEIGHT="57" HPOS="1608" VPOS="1913" WIDTH="214" />
<SP HEIGHT="55" HPOS="1823" VPOS="1915" WIDTH="70" />
<String CONTENT="New" HEIGHT="53" HPOS="1894" VPOS="1915" WIDTH="138" />
<SP HEIGHT="53" HPOS="2033" VPOS="1915" WIDTH="31" />
<String CONTENT="York," HEIGHT="67" HPOS="2065" VPOS="1915" WIDTH="179" />
</TextLine>
<TextLine CS="1" HEIGHT="69" HPOS="256" STYLEREFS="StyleId-F2722437-9F51-4478-98B9-6953BD002BC5-" VPOS="1990" WIDTH="874">
<String CONTENT="Simon" HEIGHT="56" HPOS="256" VPOS="1992" WIDTH="197" />
<SP HEIGHT="34" HPOS="454" VPOS="2011" WIDTH="32" />
<String CONTENT="and" HEIGHT="53" HPOS="487" VPOS="1992" WIDTH="112" />
<SP HEIGHT="56" HPOS="600" VPOS="1990" WIDTH="32" />
<String CONTENT="Schuster" HEIGHT="57" HPOS="633" VPOS="1990" WIDTH="269" />
<SP HEIGHT="46" HPOS="903" VPOS="2013" WIDTH="35" />
<String CONTENT="[c1935]" CS="1" HEIGHT="64" HPOS="956" VPOS="1995" WIDTH="174" />
</TextLine>
<TextLine CS="1" HEIGHT="50" HPOS="326" VPOS="2065" WIDTH="738">
<String CONTENT="7" HEIGHT="40" HPOS="326" LANG="en-US" VPOS="2067" WIDTH="27" />
<SP />
<String CONTENT="p." HEIGHT="37" HPOS="380" LANG="fr" VPOS="2078" WIDTH="41" />
<SP />
<String CONTENT="l.," CS="1" LANG="fr" />
<SP />
<String CONTENT="3-376" HEIGHT="42" HPOS="521" LANG="en-US" VPOS="2065" WIDTH="147" />
<SP HEIGHT="50" HPOS="669" VPOS="2065" WIDTH="22" />
<String CONTENT="p.," HEIGHT="39" HPOS="692" LANG="fr" VPOS="2076" WIDTH="58" />
<SP HEIGHT="49" HPOS="751" VPOS="2066" WIDTH="25" />
<String CONTENT="1" HEIGHT="40" HPOS="777" LANG="en-US" VPOS="2066" WIDTH="25" />
<SP HEIGHT="40" HPOS="803" VPOS="2066" WIDTH="26" />
<String CONTENT="l." CS="1" HEIGHT="9" HPOS="852" LANG="en-US" VPOS="2096" WIDTH="8" />
<SP HEIGHT="41" HPOS="861" VPOS="2065" WIDTH="56" />
<String CONTENT="21&#189;cm." CS="1" HEIGHT="41" HPOS="918" LANG="en-US" VPOS="2065" WIDTH="146" />
</TextLine>
<TextLine HEIGHT="49" HPOS="327" VPOS="2121" WIDTH="925">
<String CONTENT="&#8220;Biographical" HEIGHT="49" HPOS="327" VPOS="2121" WIDTH="371" />
<SP HEIGHT="38" HPOS="699" VPOS="2124" WIDTH="30" />
<String CONTENT="note&#8221;:" HEIGHT="43" HPOS="730" VPOS="2121" WIDTH="167" />
<SP HEIGHT="41" HPOS="898" VPOS="2123" WIDTH="31" />
<String CONTENT="leaf" HEIGHT="40" HPOS="930" VPOS="2122" WIDTH="102" />
<SP HEIGHT="41" HPOS="1033" VPOS="2122" WIDTH="29" />
<String CONTENT="at" HEIGHT="38" HPOS="1063" VPOS="2125" WIDTH="52" />
<SP HEIGHT="38" HPOS="1116" VPOS="2125" WIDTH="30" />
<String CONTENT="end." HEIGHT="40" HPOS="1147" VPOS="2123" WIDTH="105" />
</TextLine>
<TextLine HEIGHT="50" HPOS="328" VPOS="2177" WIDTH="467">
<String CONTENT="&#8220;Third" HEIGHT="41" HPOS="328" VPOS="2178" WIDTH="179" />
<SP HEIGHT="48" HPOS="508" VPOS="2179" WIDTH="26" />
<String CONTENT="printing.&#8221;" HEIGHT="50" HPOS="535" VPOS="2177" WIDTH="260" />
</TextLine>
<TextLine CS="1" HEIGHT="54" HPOS="254" VPOS="2231" WIDTH="1987">
<String CONTENT="&#169;" HEIGHT="54" HPOS="254" VPOS="2231" WIDTH="54" />
<SP HEIGHT="54" HPOS="309" VPOS="2231" WIDTH="28" />
<String CONTENT="May" HEIGHT="47" HPOS="338" VPOS="2237" WIDTH="113" />
<SP HEIGHT="49" HPOS="452" VPOS="2235" WIDTH="26" />
<String CONTENT="20," HEIGHT="47" HPOS="479" VPOS="2235" WIDTH="70" />
<SP HEIGHT="45" HPOS="550" VPOS="2237" WIDTH="28" />
<String CONTENT="1935;" CS="1" HEIGHT="40" HPOS="579" VPOS="2236" WIDTH="113" />
<SP HEIGHT="47" HPOS="720" VPOS="2235" WIDTH="29" />
<String CONTENT="2c." HEIGHT="41" HPOS="750" VPOS="2235" WIDTH="66" />
<SP HEIGHT="39" HPOS="817" VPOS="2236" WIDTH="32" />
<String CONTENT="July" HEIGHT="47" HPOS="850" VPOS="2236" WIDTH="114" />
<SP HEIGHT="48" HPOS="965" VPOS="2235" WIDTH="27" />
<String CONTENT="29;" CS="1" HEIGHT="40" HPOS="993" VPOS="2234" WIDTH="55" />
<SP HEIGHT="36" HPOS="1076" VPOS="2246" WIDTH="32" />
<String CONTENT="aff." HEIGHT="40" HPOS="1109" VPOS="2235" WIDTH="82" />
<SP HEIGHT="38" HPOS="1192" VPOS="2237" WIDTH="30" />
<String CONTENT="May" HEIGHT="46" HPOS="1223" VPOS="2237" WIDTH="113" />
<SP HEIGHT="48" HPOS="1337" VPOS="2235" WIDTH="31" />
<String CONTENT="22;" CS="1" HEIGHT="39" HPOS="1369" VPOS="2235" WIDTH="55" />
<SP HEIGHT="46" HPOS="1451" VPOS="2236" WIDTH="31" />
<String CONTENT="A" HEIGHT="38" HPOS="1483" VPOS="2236" WIDTH="41" />
<SP HEIGHT="40" HPOS="1525" VPOS="2236" WIDTH="26" />
<String CONTENT="84774;" CS="1" HEIGHT="40" HPOS="1552" VPOS="2236" WIDTH="142" />
<SP HEIGHT="45" HPOS="1722" VPOS="2238" WIDTH="32" />
<String CONTENT="T." HEIGHT="38" HPOS="1755" VPOS="2238" WIDTH="52" />
<SP HEIGHT="40" HPOS="1808" VPOS="2237" WIDTH="31" />
<String CONTENT="Slesinger," HEIGHT="48" HPOS="1840" VPOS="2237" WIDTH="254" />
<SP HEIGHT="46" HPOS="2095" VPOS="2237" WIDTH="30" />
<String CONTENT="New" HEIGHT="39" HPOS="2126" VPOS="2237" WIDTH="115" />
</TextLine>
<TextLine HEIGHT="49" HPOS="321" VPOS="2291" WIDTH="493">
<String CONTENT="York." HEIGHT="39" HPOS="321" VPOS="2293" WIDTH="143" />
<SP HEIGHT="49" HPOS="465" VPOS="2291" WIDTH="69" />
<String CONTENT="(35-10856)" HEIGHT="49" HPOS="535" VPOS="2291" WIDTH="279" />
</TextLine>
<TextLine HEIGHT="67" HPOS="251" STYLEREFS="StyleId-F2722437-9F51-4478-98B9-6953BD002BC5-" VPOS="2394" WIDTH="1038">
<String CONTENT="Small," HEIGHT="66" HPOS="251" VPOS="2394" WIDTH="197" />
<SP HEIGHT="63" HPOS="449" VPOS="2397" WIDTH="27" />
<String CONTENT="Albert" HEIGHT="54" HPOS="477" VPOS="2396" WIDTH="209" />
<SP HEIGHT="53" HPOS="687" VPOS="2397" WIDTH="24" />
<String CONTENT="Armstrong," HEIGHT="64" HPOS="712" VPOS="2397" WIDTH="378" />
<SP HEIGHT="59" HPOS="1091" VPOS="2402" WIDTH="28" />
<String CONTENT="1857-" HEIGHT="54" HPOS="1120" VPOS="2398" WIDTH="169" />
</TextLine>
<TextLine HEIGHT="70" HPOS="322" STYLEREFS="StyleId-F2722437-9F51-4478-98B9-6953BD002BC5-" VPOS="2472" WIDTH="1914">
<String CONTENT="Man," HEIGHT="65" HPOS="322" VPOS="2474" WIDTH="156" />
<SP HEIGHT="47" HPOS="479" VPOS="2492" WIDTH="35" />
<String CONTENT="whither;" HEIGHT="67" HPOS="515" VPOS="2472" WIDTH="269" />
<SP HEIGHT="66" HPOS="785" VPOS="2473" WIDTH="38" />
<String CONTENT="is" HEIGHT="54" HPOS="824" VPOS="2473" WIDTH="47" />
<SP HEIGHT="55" HPOS="872" VPOS="2472" WIDTH="33" />
<String CONTENT="it" HEIGHT="54" HPOS="906" VPOS="2472" WIDTH="45" />
<SP HEIGHT="47" HPOS="952" VPOS="2479" WIDTH="32" />
<String CONTENT="the" HEIGHT="53" HPOS="985" VPOS="2474" WIDTH="96" />
<SP HEIGHT="35" HPOS="1082" VPOS="2492" WIDTH="34" />
<String CONTENT="end?" HEIGHT="53" HPOS="1117" VPOS="2473" WIDTH="141" />
<SP HEIGHT="53" HPOS="1259" VPOS="2473" WIDTH="38" />
<String CONTENT="or" HEIGHT="34" HPOS="1298" VPOS="2492" WIDTH="63" />
<SP HEIGHT="34" HPOS="1362" VPOS="2492" WIDTH="35" />
<String CONTENT="a" HEIGHT="33" HPOS="1398" VPOS="2493" WIDTH="31" />
<SP HEIGHT="51" HPOS="1430" VPOS="2475" WIDTH="33" />
<String CONTENT="dictator?" HEIGHT="53" HPOS="1464" VPOS="2473" WIDTH="278" />
<SP HEIGHT="53" HPOS="1743" VPOS="2473" WIDTH="40" />
<String CONTENT="or" HEIGHT="33" HPOS="1784" VPOS="2493" WIDTH="62" />
<SP HEIGHT="33" HPOS="1847" VPOS="2493" WIDTH="35" />
<String CONTENT="what?" HEIGHT="52" HPOS="1883" VPOS="2474" WIDTH="186" />
<SP HEIGHT="53" HPOS="2070" VPOS="2474" WIDTH="78" />
<String CONTENT="By" HEIGHT="65" HPOS="2149" VPOS="2477" WIDTH="87" />
</TextLine>
<TextLine CS="1" HEIGHT="70" HPOS="253" STYLEREFS="StyleId-F2722437-9F51-4478-98B9-6953BD002BC5-" VPOS="2550" WIDTH="1986">
<String CONTENT="Albert" HEIGHT="54" HPOS="253" VPOS="2550" WIDTH="204" />
<SP HEIGHT="52" HPOS="458" VPOS="2552" WIDTH="28" />
<String CONTENT="A." HEIGHT="52" HPOS="487" VPOS="2552" WIDTH="71" />
<SP HEIGHT="56" HPOS="559" VPOS="2550" WIDTH="31" />
<String CONTENT="Small" HEIGHT="56" HPOS="591" VPOS="2550" WIDTH="181" />
<SP HEIGHT="51" HPOS="773" VPOS="2553" WIDTH="33" />
<String CONTENT="&#8230;" CS="1" />
<SP HEIGHT="34" HPOS="863" VPOS="2585" WIDTH="82" />
<String CONTENT="[Indianapolis," CS="1" HEIGHT="68" HPOS="964" VPOS="2550" WIDTH="415" />
<SP HEIGHT="56" HPOS="1380" VPOS="2553" WIDTH="30" />
<String CONTENT="The" HEIGHT="51" HPOS="1411" VPOS="2553" WIDTH="120" />
<SP HEIGHT="51" HPOS="1532" VPOS="2553" WIDTH="29" />
<String CONTENT="Meigs" HEIGHT="68" HPOS="1562" VPOS="2552" WIDTH="185" />
<SP HEIGHT="49" HPOS="1748" VPOS="2570" WIDTH="31" />
<String CONTENT="publishing" HEIGHT="68" HPOS="1780" VPOS="2551" WIDTH="332" />
<SP HEIGHT="48" HPOS="2113" VPOS="2571" WIDTH="29" />
<String CONTENT="co.," HEIGHT="46" HPOS="2143" VPOS="2571" WIDTH="96" />
</TextLine>
<TextLine HEIGHT="64" HPOS="251" STYLEREFS="StyleId-F2722437-9F51-4478-98B9-6953BD002BC5-" VPOS="2633" WIDTH="174">
<String CONTENT="c1935]" HEIGHT="64" HPOS="251" VPOS="2633" WIDTH="174" />
</TextLine>
<TextLine CS="1" HEIGHT="49" HPOS="324" VPOS="2700" WIDTH="558">
<String CONTENT="3" HEIGHT="38" HPOS="324" LANG="en-US" VPOS="2703" WIDTH="25" />
<SP HEIGHT="46" HPOS="350" VPOS="2703" WIDTH="27" />
<String CONTENT="p." HEIGHT="36" HPOS="378" LANG="fr" VPOS="2713" WIDTH="42" />
<SP />
<String CONTENT="l.," CS="1" LANG="fr" />
<SP />
<String CONTENT="9-64" HEIGHT="41" HPOS="521" LANG="en-US" VPOS="2700" WIDTH="115" />
<SP HEIGHT="49" HPOS="637" VPOS="2700" WIDTH="27" />
<String CONTENT="p." HEIGHT="36" HPOS="665" LANG="en-US" VPOS="2713" WIDTH="42" />
<SP HEIGHT="40" HPOS="708" VPOS="2702" WIDTH="58" />
<String CONTENT="23cm." CS="1" HEIGHT="39" HPOS="767" LANG="en-US" VPOS="2702" WIDTH="115" />
</TextLine>
<TextLine CS="1" HEIGHT="109" HPOS="253" VPOS="2754" WIDTH="1968">
<String CONTENT="&#169;" HEIGHT="53" HPOS="253" VPOS="2754" WIDTH="53" />
<SP HEIGHT="53" HPOS="307" VPOS="2754" WIDTH="23" />
<String CONTENT="Apr." HEIGHT="47" HPOS="331" VPOS="2759" WIDTH="111" />
<SP HEIGHT="37" HPOS="443" VPOS="2760" WIDTH="23" />
<String CONTENT="12," HEIGHT="48" HPOS="467" VPOS="2758" WIDTH="68" />
<SP HEIGHT="49" HPOS="536" VPOS="2757" WIDTH="25" />
<String CONTENT="1935;" HEIGHT="42" HPOS="562" VPOS="2757" WIDTH="138" />
<SP HEIGHT="41" HPOS="701" VPOS="2758" WIDTH="26" />
<String CONTENT="2c." HEIGHT="39" HPOS="728" VPOS="2758" WIDTH="67" />
<SP HEIGHT="39" HPOS="796" VPOS="2758" WIDTH="23" />
<String CONTENT="Apr." HEIGHT="48" HPOS="820" VPOS="2758" WIDTH="112" />
<SP HEIGHT="38" HPOS="933" VPOS="2759" WIDTH="23" />
<String CONTENT="19;" HEIGHT="47" HPOS="957" VPOS="2757" WIDTH="81" />
<SP HEIGHT="36" HPOS="1039" VPOS="2768" WIDTH="25" />
<String CONTENT="aff." HEIGHT="40" HPOS="1065" VPOS="2757" WIDTH="82" />
<SP HEIGHT="38" HPOS="1148" VPOS="2759" WIDTH="27" />
<String CONTENT="Apr." HEIGHT="46" HPOS="1176" VPOS="2759" WIDTH="114" />
<SP HEIGHT="38" HPOS="1291" VPOS="2759" WIDTH="24" />
<String CONTENT="18;" HEIGHT="45" HPOS="1316" VPOS="2759" WIDTH="81" />
<SP HEIGHT="45" HPOS="1398" VPOS="2759" WIDTH="27" />
<String CONTENT="A" HEIGHT="38" HPOS="1426" VPOS="2759" WIDTH="41" />
<SP HEIGHT="39" HPOS="1468" VPOS="2759" WIDTH="23" />
<String CONTENT="81498;" HEIGHT="47" HPOS="1492" VPOS="2756" WIDTH="169" />
<SP HEIGHT="45" HPOS="1662" VPOS="2758" WIDTH="28" />
<String CONTENT="A." HEIGHT="39" HPOS="1691" VPOS="2758" WIDTH="54" />
<SP HEIGHT="39" HPOS="1746" VPOS="2758" WIDTH="23" />
<String CONTENT="A." HEIGHT="39" HPOS="1770" VPOS="2758" WIDTH="54" />
<SP HEIGHT="40" HPOS="1825" VPOS="2758" WIDTH="30" />
<String CONTENT="Small," HEIGHT="46" HPOS="1856" VPOS="2758" WIDTH="162" />
<SP HEIGHT="45" HPOS="2019" VPOS="2759" WIDTH="27" />
<String CONTENT="Indianapolis." HEIGHT="106" HPOS="320" VPOS="2757" WIDTH="1901" />
<SP HEIGHT="46" HPOS="487" VPOS="2815" WIDTH="69" />
<String CONTENT="(35-10615)" HEIGHT="48" HPOS="557" VPOS="2814" WIDTH="279" />
</TextLine>
<TextLine HEIGHT="69" HPOS="251" STYLEREFS="StyleId-F2722437-9F51-4478-98B9-6953BD002BC5-" VPOS="2916" WIDTH="1985">
<String CONTENT="The" HEIGHT="53" HPOS="251" VPOS="2918" WIDTH="122" />
<SP HEIGHT="54" HPOS="374" VPOS="2919" WIDTH="48" />
<String CONTENT="Source" HEIGHT="54" HPOS="423" VPOS="2919" WIDTH="218" />
<SP HEIGHT="53" HPOS="642" VPOS="2918" WIDTH="48" />
<String CONTENT="book;" HEIGHT="66" HPOS="691" VPOS="2918" WIDTH="172" />
<SP HEIGHT="47" HPOS="864" VPOS="2937" WIDTH="51" />
<String CONTENT="an" HEIGHT="33" HPOS="916" VPOS="2937" WIDTH="69" />
<SP HEIGHT="54" HPOS="986" VPOS="2916" WIDTH="52" />
<String CONTENT="international" HEIGHT="56" HPOS="1039" VPOS="2916" WIDTH="406" />
<SP HEIGHT="50" HPOS="1446" VPOS="2921" WIDTH="51" />
<String CONTENT="encyclopedic" HEIGHT="68" HPOS="1498" VPOS="2917" WIDTH="391" />
<SP HEIGHT="35" HPOS="1890" VPOS="2936" WIDTH="54" />
<String CONTENT="authority" HEIGHT="67" HPOS="1945" VPOS="2917" WIDTH="291" />
</TextLine>
<TextLine HEIGHT="67" HPOS="321" STYLEREFS="StyleId-F2722437-9F51-4478-98B9-6953BD002BC5-" VPOS="2994" WIDTH="1914">
<String CONTENT="written" HEIGHT="52" HPOS="321" VPOS="2996" WIDTH="223" />
<SP HEIGHT="52" HPOS="545" VPOS="2995" WIDTH="44" />
<String CONTENT="from" HEIGHT="52" HPOS="590" VPOS="2995" WIDTH="151" />
<SP HEIGHT="47" HPOS="742" VPOS="3001" WIDTH="37" />
<String CONTENT="the" HEIGHT="54" HPOS="780" VPOS="2995" WIDTH="95" />
<SP HEIGHT="35" HPOS="876" VPOS="3014" WIDTH="39" />
<String CONTENT="new" HEIGHT="34" HPOS="916" VPOS="3014" WIDTH="121" />
<SP HEIGHT="32" HPOS="1038" VPOS="3015" WIDTH="43" />
<String CONTENT="world" HEIGHT="52" HPOS="1082" VPOS="2996" WIDTH="179" />
<SP HEIGHT="52" HPOS="1262" VPOS="2996" WIDTH="40" />
<String CONTENT="viewpoint," HEIGHT="67" HPOS="1303" VPOS="2994" WIDTH="325" />
<SP HEIGHT="48" HPOS="1629" VPOS="3013" WIDTH="38" />
<String CONTENT="prepared" HEIGHT="67" HPOS="1668" VPOS="2994" WIDTH="280" />
<SP HEIGHT="53" HPOS="1949" VPOS="2994" WIDTH="39" />
<String CONTENT="by" HEIGHT="67" HPOS="1989" VPOS="2994" WIDTH="75" />
<SP HEIGHT="48" HPOS="2065" VPOS="3013" WIDTH="38" />
<String CONTENT="over" HEIGHT="34" HPOS="2104" VPOS="3013" WIDTH="131" />
</TextLine>
<TextLine HEIGHT="64" HPOS="317" STYLEREFS="StyleId-F2722437-9F51-4478-98B9-6953BD002BC5-" VPOS="3071" WIDTH="1913">
<String CONTENT="two" HEIGHT="48" HPOS="317" VPOS="3077" WIDTH="113" />
<SP HEIGHT="53" HPOS="431" VPOS="3072" WIDTH="31" />
<String CONTENT="hundred" HEIGHT="53" HPOS="463" VPOS="3072" WIDTH="261" />
<SP HEIGHT="53" HPOS="725" VPOS="3072" WIDTH="32" />
<String CONTENT="authorities" HEIGHT="54" HPOS="758" VPOS="3072" WIDTH="334" />
<SP HEIGHT="53" HPOS="1093" VPOS="3073" WIDTH="31" />
<String CONTENT="in" HEIGHT="52" HPOS="1125" VPOS="3073" WIDTH="57" />
<SP HEIGHT="47" HPOS="1183" VPOS="3078" WIDTH="33" />
<String CONTENT="the" HEIGHT="53" HPOS="1217" VPOS="3072" WIDTH="97" />
<SP HEIGHT="53" HPOS="1315" VPOS="3072" WIDTH="30" />
<String CONTENT="fields" HEIGHT="53" HPOS="1346" VPOS="3072" WIDTH="160" />
<SP HEIGHT="34" HPOS="1507" VPOS="3091" WIDTH="33" />
<String CONTENT="of" HEIGHT="53" HPOS="1541" VPOS="3072" WIDTH="63" />
<SP HEIGHT="52" HPOS="1605" VPOS="3072" WIDTH="30" />
<String CONTENT="literature," HEIGHT="63" HPOS="1636" VPOS="3072" WIDTH="312" />
<SP HEIGHT="45" HPOS="1949" VPOS="3090" WIDTH="32" />
<String CONTENT="art," HEIGHT="56" HPOS="1982" VPOS="3075" WIDTH="106" />
<SP HEIGHT="41" HPOS="2089" VPOS="3090" WIDTH="32" />
<String CONTENT="and" HEIGHT="52" HPOS="2122" VPOS="3071" WIDTH="108" />
</TextLine>
<TextLine CS="1" HEIGHT="70" HPOS="317" STYLEREFS="StyleId-F2722437-9F51-4478-98B9-6953BD002BC5-" VPOS="3146" WIDTH="1814">
<String CONTENT="science" HEIGHT="54" HPOS="317" VPOS="3147" WIDTH="212" />
<SP HEIGHT="33" HPOS="530" VPOS="3168" WIDTH="39" />
<String CONTENT="&#8230;" CS="1" />
<SP HEIGHT="55" HPOS="625" VPOS="3149" WIDTH="77" />
<String CONTENT="Chicago," HEIGHT="68" HPOS="703" VPOS="3148" WIDTH="268" />
<SP HEIGHT="66" HPOS="972" VPOS="3148" WIDTH="37" />
<String CONTENT="Source" HEIGHT="55" HPOS="1010" VPOS="3148" WIDTH="208" />
<SP HEIGHT="33" HPOS="1219" VPOS="3168" WIDTH="34" />
<String CONTENT="research" HEIGHT="52" HPOS="1254" VPOS="3149" WIDTH="253" />
<SP HEIGHT="51" HPOS="1508" VPOS="3149" WIDTH="37" />
<String CONTENT="council," HEIGHT="63" HPOS="1546" VPOS="3148" WIDTH="235" />
<SP HEIGHT="65" HPOS="1782" VPOS="3146" WIDTH="34" />
<String CONTENT="inc.," HEIGHT="67" HPOS="1817" VPOS="3146" WIDTH="125" />
<SP HEIGHT="62" HPOS="1943" VPOS="3151" WIDTH="36" />
<String CONTENT="1935." HEIGHT="49" HPOS="1980" VPOS="3151" WIDTH="151" />
</TextLine>
<TextLine CS="1" HEIGHT="49" HPOS="318" VPOS="3220" WIDTH="1915">
<String CONTENT="10" HEIGHT="40" HPOS="318" VPOS="3220" WIDTH="57" />
<SP HEIGHT="40" HPOS="376" VPOS="3220" WIDTH="29" />
<String CONTENT="v." CS="1" HEIGHT="8" HPOS="438" VPOS="3252" WIDTH="8" />
<SP HEIGHT="38" HPOS="447" VPOS="3222" WIDTH="60" />
<String CONTENT="illus." HEIGHT="41" HPOS="508" VPOS="3220" WIDTH="125" />
<SP HEIGHT="44" HPOS="634" VPOS="3221" WIDTH="28" />
<String CONTENT="(incl." HEIGHT="45" HPOS="663" VPOS="3220" WIDTH="133" />
<SP HEIGHT="29" HPOS="797" VPOS="3232" WIDTH="28" />
<String CONTENT="music)" HEIGHT="47" HPOS="826" VPOS="3220" WIDTH="176" />
<SP HEIGHT="48" HPOS="1003" VPOS="3221" WIDTH="38" />
<String CONTENT="plates" HEIGHT="48" HPOS="1042" VPOS="3221" WIDTH="156" />
<SP HEIGHT="46" HPOS="1199" VPOS="3221" WIDTH="27" />
<String CONTENT="(part" HEIGHT="48" HPOS="1227" VPOS="3221" WIDTH="135" />
<SP HEIGHT="38" HPOS="1363" VPOS="3223" WIDTH="28" />
<String CONTENT="col.," HEIGHT="47" HPOS="1392" VPOS="3221" WIDTH="100" />
<SP HEIGHT="37" HPOS="1493" VPOS="3232" WIDTH="32" />
<String CONTENT="part" HEIGHT="45" HPOS="1526" VPOS="3224" WIDTH="111" />
<SP HEIGHT="40" HPOS="1638" VPOS="3221" WIDTH="28" />
<String CONTENT="double)" HEIGHT="46" HPOS="1667" VPOS="3220" WIDTH="196" />
<SP HEIGHT="44" HPOS="1864" VPOS="3225" WIDTH="39" />
<String CONTENT="ports.," HEIGHT="46" HPOS="1904" VPOS="3223" WIDTH="161" />
<SP HEIGHT="32" HPOS="2066" VPOS="3232" WIDTH="31" />
<String CONTENT="maps" HEIGHT="38" HPOS="2098" VPOS="3231" WIDTH="135" />
</TextLine>
<TextLine CS="1" HEIGHT="49" HPOS="257" VPOS="3276" WIDTH="980">
<String CONTENT="(part" HEIGHT="48" HPOS="257" VPOS="3277" WIDTH="135" />
<SP HEIGHT="39" HPOS="393" VPOS="3278" WIDTH="27" />
<String CONTENT="double)" HEIGHT="42" HPOS="421" VPOS="3278" WIDTH="195" />
<SP HEIGHT="42" HPOS="617" VPOS="3278" WIDTH="39" />
<String CONTENT="tables," HEIGHT="41" HPOS="657" VPOS="3278" WIDTH="167" />
<SP HEIGHT="41" HPOS="825" VPOS="3278" WIDTH="31" />
<String CONTENT="diagrs." HEIGHT="48" HPOS="857" VPOS="3277" WIDTH="177" />
<SP HEIGHT="41" HPOS="1035" VPOS="3276" WIDTH="57" />
<String CONTENT="24&#189;cm." CS="1" HEIGHT="40" HPOS="1093" VPOS="3276" WIDTH="144" />
</TextLine>
<TextLine HEIGHT="49" HPOS="320" VPOS="3333" WIDTH="541">
<String CONTENT="Paged" HEIGHT="48" HPOS="320" VPOS="3334" WIDTH="156" />
<SP HEIGHT="39" HPOS="477" VPOS="3334" WIDTH="32" />
<String CONTENT="continuously." HEIGHT="47" HPOS="510" VPOS="3333" WIDTH="351" />
</TextLine>
<TextLine HEIGHT="52" HPOS="251" VPOS="3387" WIDTH="1982">
<String CONTENT="&#169;" HEIGHT="52" HPOS="251" VPOS="3387" WIDTH="53" />
<SP HEIGHT="52" HPOS="305" VPOS="3387" WIDTH="33" />
<String CONTENT="July" HEIGHT="47" HPOS="339" VPOS="3392" WIDTH="115" />
<SP HEIGHT="47" HPOS="455" VPOS="3392" WIDTH="32" />
<String CONTENT="1," HEIGHT="45" HPOS="488" VPOS="3392" WIDTH="39" />
<SP HEIGHT="45" HPOS="528" VPOS="3392" WIDTH="34" />
<String CONTENT="1935;" HEIGHT="46" HPOS="563" VPOS="3390" WIDTH="139" />
<SP HEIGHT="46" HPOS="703" VPOS="3390" WIDTH="35" />
<String CONTENT="2c." HEIGHT="39" HPOS="739" VPOS="3390" WIDTH="66" />
<SP HEIGHT="29" HPOS="806" VPOS="3401" WIDTH="35" />
<String CONTENT="each" HEIGHT="39" HPOS="842" VPOS="3391" WIDTH="116" />
<SP HEIGHT="38" HPOS="959" VPOS="3391" WIDTH="34" />
<String CONTENT="and" HEIGHT="39" HPOS="994" VPOS="3390" WIDTH="95" />
<SP HEIGHT="38" HPOS="1090" VPOS="3390" WIDTH="34" />
<String CONTENT="aff." HEIGHT="40" HPOS="1125" VPOS="3388" WIDTH="81" />
<SP HEIGHT="39" HPOS="1207" VPOS="3389" WIDTH="34" />
<String CONTENT="July" HEIGHT="46" HPOS="1242" VPOS="3389" WIDTH="116" />
<SP HEIGHT="46" HPOS="1359" VPOS="3389" WIDTH="36" />
<String CONTENT="20;" HEIGHT="46" HPOS="1396" VPOS="3388" WIDTH="81" />
<SP HEIGHT="45" HPOS="1478" VPOS="3389" WIDTH="36" />
<String CONTENT="A" HEIGHT="38" HPOS="1515" VPOS="3389" WIDTH="41" />
<SP HEIGHT="40" HPOS="1557" VPOS="3389" WIDTH="30" />
<String CONTENT="84690;" HEIGHT="46" HPOS="1588" VPOS="3388" WIDTH="169" />
<SP HEIGHT="46" HPOS="1758" VPOS="3388" WIDTH="41" />
<String CONTENT="Source" HEIGHT="41" HPOS="1800" VPOS="3388" WIDTH="176" />
<SP HEIGHT="29" HPOS="1977" VPOS="3399" WIDTH="33" />
<String CONTENT="research" HEIGHT="39" HPOS="2011" VPOS="3389" WIDTH="222" />
</TextLine>
<TextLine HEIGHT="52" HPOS="310" VPOS="3443" WIDTH="1646">
<String CONTENT="council," HEIGHT="45" HPOS="310" VPOS="3448" WIDTH="199" />
<SP HEIGHT="46" HPOS="510" VPOS="3447" WIDTH="22" />
<String CONTENT="inc." HEIGHT="40" HPOS="533" VPOS="3447" WIDTH="89" />
<SP HEIGHT="28" HPOS="623" VPOS="3467" WIDTH="66" />
<String CONTENT="[Copyright" HEIGHT="48" HPOS="690" VPOS="3447" WIDTH="278" />
<SP HEIGHT="40" HPOS="969" VPOS="3446" WIDTH="20" />
<String CONTENT="is" HEIGHT="40" HPOS="990" VPOS="3446" WIDTH="41" />
<SP HEIGHT="30" HPOS="1032" VPOS="3456" WIDTH="24" />
<String CONTENT="claimed" HEIGHT="39" HPOS="1057" VPOS="3446" WIDTH="202" />
<SP HEIGHT="38" HPOS="1260" VPOS="3446" WIDTH="23" />
<String CONTENT="on" HEIGHT="28" HPOS="1284" VPOS="3455" WIDTH="60" />
<SP HEIGHT="27" HPOS="1345" VPOS="3456" WIDTH="24" />
<String CONTENT="revisions]" HEIGHT="48" HPOS="1370" VPOS="3444" WIDTH="251" />
<SP HEIGHT="47" HPOS="1622" VPOS="3445" WIDTH="56" />
<String CONTENT="(35-10891)" HEIGHT="48" HPOS="1679" VPOS="3443" WIDTH="277" />
</TextLine>
<TextLine HEIGHT="64" HPOS="253" STYLEREFS="StyleId-F2722437-9F51-4478-98B9-6953BD002BC5-" VPOS="3550" WIDTH="1044">
<String CONTENT="Southwestern" HEIGHT="53" HPOS="253" VPOS="3550" WIDTH="445" />
<SP HEIGHT="36" HPOS="699" VPOS="3567" WIDTH="24" />
<String CONTENT="reporter" HEIGHT="60" HPOS="724" VPOS="3553" WIDTH="268" />
<SP HEIGHT="63" HPOS="993" VPOS="3551" WIDTH="27" />
<String CONTENT="(2d" HEIGHT="63" HPOS="1021" VPOS="3551" WIDTH="101" />
<SP HEIGHT="51" HPOS="1123" VPOS="3551" WIDTH="29" />
<String CONTENT="ser.)" HEIGHT="62" HPOS="1153" VPOS="3550" WIDTH="144" />
</TextLine>
<TextLine HEIGHT="68" HPOS="315" STYLEREFS="StyleId-F2722437-9F51-4478-98B9-6953BD002BC5-" VPOS="3625" WIDTH="1914">
<String CONTENT="Temporary" HEIGHT="65" HPOS="315" VPOS="3628" WIDTH="351" />
<SP HEIGHT="67" HPOS="667" VPOS="3626" WIDTH="41" />
<String CONTENT="South" HEIGHT="54" HPOS="709" VPOS="3626" WIDTH="180" />
<SP HEIGHT="51" HPOS="890" VPOS="3628" WIDTH="39" />
<String CONTENT="western" HEIGHT="47" HPOS="930" VPOS="3631" WIDTH="236" />
<SP HEIGHT="50" HPOS="1167" VPOS="3627" WIDTH="39" />
<String CONTENT="digest" HEIGHT="68" HPOS="1207" VPOS="3625" WIDTH="186" />
<SP HEIGHT="47" HPOS="1394" VPOS="3631" WIDTH="35" />
<String CONTENT="of" HEIGHT="52" HPOS="1430" VPOS="3626" WIDTH="62" />
<SP HEIGHT="53" HPOS="1493" VPOS="3626" WIDTH="38" />
<String CONTENT="volumes" HEIGHT="53" HPOS="1532" VPOS="3626" WIDTH="248" />
<SP HEIGHT="53" HPOS="1781" VPOS="3625" WIDTH="38" />
<String CONTENT="76-80," HEIGHT="65" HPOS="1820" VPOS="3625" WIDTH="186" />
<SP HEIGHT="64" HPOS="2007" VPOS="3626" WIDTH="41" />
<String CONTENT="South" HEIGHT="55" HPOS="2049" VPOS="3625" WIDTH="180" />
</TextLine>
<TextLine CS="1" HEIGHT="69" HPOS="246" STYLEREFS="StyleId-F2722437-9F51-4478-98B9-6953BD002BC5-" VPOS="3702" WIDTH="1921">
<String CONTENT="western" HEIGHT="48" HPOS="246" VPOS="3707" WIDTH="236" />
<SP HEIGHT="32" HPOS="483" VPOS="3723" WIDTH="27" />
<String CONTENT="reporter," HEIGHT="62" HPOS="511" VPOS="3709" WIDTH="271" />
<SP HEIGHT="57" HPOS="783" VPOS="3705" WIDTH="29" />
<String CONTENT="Second" HEIGHT="55" HPOS="813" VPOS="3704" WIDTH="213" />
<SP HEIGHT="51" HPOS="1027" VPOS="3704" WIDTH="28" />
<String CONTENT="series," HEIGHT="58" HPOS="1056" VPOS="3704" WIDTH="184" />
<SP HEIGHT="40" HPOS="1241" VPOS="3722" WIDTH="26" />
<String CONTENT="with" HEIGHT="53" HPOS="1268" VPOS="3702" WIDTH="138" />
<SP HEIGHT="51" HPOS="1407" VPOS="3704" WIDTH="26" />
<String CONTENT="table" HEIGHT="52" HPOS="1434" VPOS="3703" WIDTH="151" />
<SP HEIGHT="33" HPOS="1586" VPOS="3722" WIDTH="25" />
<String CONTENT="of" HEIGHT="52" HPOS="1612" VPOS="3703" WIDTH="63" />
<SP HEIGHT="51" HPOS="1676" VPOS="3703" WIDTH="25" />
<String CONTENT="cases" HEIGHT="34" HPOS="1702" VPOS="3720" WIDTH="148" />
<SP HEIGHT="51" HPOS="1851" VPOS="3703" WIDTH="27" />
<String CONTENT="digested" HEIGHT="66" HPOS="1879" VPOS="3703" WIDTH="253" />
<SP HEIGHT="52" HPOS="2133" VPOS="3703" WIDTH="34" />
<String CONTENT="&#8230;" CS="1" />
</TextLine>
<TextLine HEIGHT="68" HPOS="246" STYLEREFS="StyleId-F2722437-9F51-4478-98B9-6953BD002BC5-" VPOS="3777" WIDTH="1984">
<String CONTENT="By" HEIGHT="63" HPOS="246" VPOS="3781" WIDTH="90" />
<SP HEIGHT="58" HPOS="337" VPOS="3786" WIDTH="32" />
<String CONTENT="the" HEIGHT="50" HPOS="370" VPOS="3781" WIDTH="93" />
<SP HEIGHT="42" HPOS="464" VPOS="3798" WIDTH="32" />
<String CONTENT="publisher&#8217;s" HEIGHT="60" HPOS="497" VPOS="3780" WIDTH="335" />
<SP HEIGHT="33" HPOS="833" VPOS="3800" WIDTH="33" />
<String CONTENT="editorial" HEIGHT="53" HPOS="867" VPOS="3780" WIDTH="263" />
<SP HEIGHT="50" HPOS="1131" VPOS="3782" WIDTH="34" />
<String CONTENT="staff." HEIGHT="55" HPOS="1166" VPOS="3777" WIDTH="148" />
<SP HEIGHT="53" HPOS="1315" VPOS="3780" WIDTH="72" />
<String CONTENT="St." HEIGHT="53" HPOS="1388" VPOS="3780" WIDTH="82" />
<SP HEIGHT="49" HPOS="1471" VPOS="3783" WIDTH="35" />
<String CONTENT="Paul," HEIGHT="62" HPOS="1507" VPOS="3782" WIDTH="164" />
<SP HEIGHT="62" HPOS="1672" VPOS="3782" WIDTH="31" />
<String CONTENT="West" HEIGHT="51" HPOS="1704" VPOS="3782" WIDTH="159" />
<SP HEIGHT="59" HPOS="1864" VPOS="3786" WIDTH="32" />
<String CONTENT="publishing" HEIGHT="67" HPOS="1897" VPOS="3778" WIDTH="333" />
</TextLine>
<TextLine CS="1" HEIGHT="48" HPOS="250" STYLEREFS="StyleId-F2722437-9F51-4478-98B9-6953BD002BC5-" VPOS="3875" WIDTH="304">
<String CONTENT="co." HEIGHT="35" HPOS="250" LANG="en-US" VPOS="3875" WIDTH="78" />
<SP HEIGHT="32" HPOS="329" VPOS="3891" WIDTH="34" />
<String CONTENT="[c1935]" CS="1" HEIGHT="33" HPOS="364" LANG="de" VPOS="3890" WIDTH="190" />
</TextLine>
<TextLine CS="1" HEIGHT="47" HPOS="317" VPOS="3930" WIDTH="326">
<String CONTENT="510" HEIGHT="39" HPOS="317" VPOS="3930" WIDTH="87" />
<SP HEIGHT="47" HPOS="405" VPOS="3930" WIDTH="23" />
<String CONTENT="p." HEIGHT="36" HPOS="429" VPOS="3941" WIDTH="42" />
<SP HEIGHT="39" HPOS="472" VPOS="3930" WIDTH="55" />
<String CONTENT="24cm." CS="1" HEIGHT="38" HPOS="528" VPOS="3930" WIDTH="115" />
</TextLine>
<TextLine CS="1" HEIGHT="53" HPOS="249" VPOS="3981" WIDTH="1689">
<String CONTENT="&#169;" HEIGHT="53" HPOS="249" VPOS="3981" WIDTH="53" />
<SP HEIGHT="53" HPOS="303" VPOS="3981" WIDTH="21" />
<String CONTENT="July" HEIGHT="47" HPOS="325" VPOS="3987" WIDTH="113" />
<SP HEIGHT="49" HPOS="439" VPOS="3985" WIDTH="20" />
<String CONTENT="2," HEIGHT="47" HPOS="460" VPOS="3985" WIDTH="39" />
<SP HEIGHT="45" HPOS="500" VPOS="3987" WIDTH="22" />
<String CONTENT="1935;" CS="1" HEIGHT="40" HPOS="523" VPOS="3986" WIDTH="115" />
<SP HEIGHT="43" HPOS="662" VPOS="3985" WIDTH="22" />
<String CONTENT="2c." HEIGHT="40" HPOS="685" VPOS="3985" WIDTH="64" />
<SP HEIGHT="38" HPOS="750" VPOS="3986" WIDTH="22" />
<String CONTENT="Aug." HEIGHT="47" HPOS="773" VPOS="3986" WIDTH="117" />
<SP HEIGHT="40" HPOS="891" VPOS="3986" WIDTH="26" />
<String CONTENT="6;" CS="1" HEIGHT="39" HPOS="918" VPOS="3986" WIDTH="24" />
<SP HEIGHT="36" HPOS="971" VPOS="3996" WIDTH="24" />
<String CONTENT="aff." HEIGHT="41" HPOS="996" VPOS="3985" WIDTH="82" />
<SP HEIGHT="40" HPOS="1079" VPOS="3986" WIDTH="22" />
<String CONTENT="Aug." HEIGHT="47" HPOS="1102" VPOS="3986" WIDTH="119" />
<SP HEIGHT="39" HPOS="1222" VPOS="3985" WIDTH="22" />
<String CONTENT="5;" CS="1" HEIGHT="39" HPOS="1245" VPOS="3985" WIDTH="25" />
<SP HEIGHT="47" HPOS="1298" VPOS="3985" WIDTH="25" />
<String CONTENT="A" HEIGHT="38" HPOS="1324" VPOS="3985" WIDTH="41" />
<SP HEIGHT="40" HPOS="1366" VPOS="3985" WIDTH="20" />
<String CONTENT="85354;" CS="1" HEIGHT="40" HPOS="1387" VPOS="3985" WIDTH="143" />
<SP HEIGHT="45" HPOS="1556" VPOS="3986" WIDTH="25" />
<String CONTENT="West" HEIGHT="38" HPOS="1582" VPOS="3986" WIDTH="137" />
<SP HEIGHT="46" HPOS="1720" VPOS="3986" WIDTH="17" />
<String CONTENT="pub." HEIGHT="47" HPOS="1738" VPOS="3985" WIDTH="107" />
<SP HEIGHT="29" HPOS="1846" VPOS="3995" WIDTH="24" />
<String CONTENT="co." HEIGHT="29" HPOS="1871" VPOS="3995" WIDTH="67" />
</TextLine>
</TextBlock>
</PrintSpace>
</Page>
</Layout>
</alto>