2526 4384
1288 4051 102 51 256

429 468 66 48 xi,
525 468 87 41 213
641 478 44 38 p.
743 467 148 42 23½cm.
960 468 301 49 (Half-title:
1292 467 319 43 Commission
1642 471 52 40 of
1724 469 194 50 inquiry
1949 480 60 30 on
2040 470 162 49 public
359 482 1980 83 service

465 526 269 47 personnel.
795 526 302 47 Monograph
1128 524 52 49 6)

360 577 53 53 ©
441 581 109 41 Jan.
579 580 70 49 18,
680 580 114 42 1935;
852 582 69 40 2c.
952 581 109 40 Jan.
1091 581 82 48 21;
1205 581 83 41 aff.
1321 582 108 40 Jan.
1460 582 83 48 22;
1576 583 41 39 A
1648 582 143 41 89125;
1853 584 351 41 McGraw-Hill
2234 586 122 39 book

427 648 82 38 co.,
541 638 92 41 inc.
703 637 252 50 (35-3858)

358 700 219 64 Wallis,
603 700 199 63 Louis,
833 701 169 55 1876-

424 774 130 56 God
585 777 113 52 and
732 777 97 52 the
860 776 173 54 social
1070 795 250 50 process;
1359 796 33 35 a
1425 779 172 68 study
1630 778 60 53 in
1722 777 247 55 Hebrew
2004 778 239 70 history,
2278 779 74 69 by

354 852 1998 74 Louis Wallis … Chicago, Ill., The University of Chicago
352 948 157 51 press
541 935 173 64 [1935]

424 1005 116 47 xvii,
569 1004 89 41 353
682 1015 44 38 p.
784 1003 147 42 23½cm.

423 1059 129 43 “The
577 1071 194 32 sources
795 1061 81 40 for
897 1060 208 42 Hebrew
1130 1060 246 49 history”:
1405 1071 44 38 p.
1472 1060 218 43 330-334.

357 1116 53 53 ©
439 1120 110 40 Jan.
577 1119 72 48 15,
677 1118 142 49 1935;
849 1118 66 42 2c.
948 1119 111 40 Feb.
1090 1121 81 46 14;
1204 1120 82 40 aff.
1319 1120 110 40 Feb.
1460 1120 82 48 13;
1575 1121 41 39 A
1646 1120 170 49 80460;
1850 1121 283 50 University
2164 1123 53 40 of

423 1122 1913 103 Chicago,
584 1175 223 50 Chicago.
877 1175 251 50 (35-3784)

354 1237 196 66 Ward,
577 1239 120 54 Leo
722 1237 277 67 Richard,
1029 1244 172 50 1893-

352 1316 2000 145 Values and reality, by Leo Ward … New York, Sheed & Ward, inc., 1935.
422 1466 28 40 6
476 1477 43 39 p.
581 1497 9 17 l.,
615 1465 146 41 3-331
786 1478 44 38 p.
889 1466 57 41 20
948 1468 46 22 cm
997 1498 10 10 .

354 1519 53 53 ©
431 1523 111 41 Feb.
571 1523 40 48 6,
637 1522 140 48 1935;
806 1523 68 41 2c.
902 1523 112 41 Feb.
1042 1523 52 48 8;
1125 1522 80 42 aff.
1235 1524 122 40 Mar.
1384 1524 55 47 4;
1468 1523 42 40 A
1537 1523 171 48 80769;
1742 1524 155 41 Sheed
1924 1525 37 40 &
1986 1526 166 47 Ward,
2179 1526 91 40 inc.

431 1580 251 50 (35-3717)

351 1643 272 65 Wehner,
651 1641 233 55 Marian
913 1643 80 56 M.

480 1718 1868 70 … The musings of Mary-Ann, by Marian M. Wehner.
348 1796 1251 70 Boston, The Stratford company [ c 1935]
421 1872 58 40 32
505 1882 44 38 p.
607 1871 148 41 24½cm.
820 1871 127 48 (The
974 1871 250 41 Stratford
1252 1869 160 49 poets)

424 1927 75 42 On
524 1937 167 32 cover:
721 1927 102 41 The
851 1927 251 41 Stratford
1131 1927 232 41 booklets.

423 1984 186 41 Poems.

351 2037 53 53 ©
433 2041 108 40 Jan.
571 2041 41 48 7,
642 2039 141 48 1935;
815 2039 67 41 2c.
913 2040 110 40 Jan.
1054 2041 53 45 7;
1139 2039 82 41 aff.
1253 2040 109 40 Jan.
1395 2040 82 47 10;
1510 2040 41 40 A
1581 2039 170 49 78953;
1788 2041 251 41 Stratford
2069 2052 81 36 co.,
2184 2043 161 47 pubrs.

429 2096 250 50 (35-3819)

346 2157 375 68 Whittlesey,
753 2158 247 56 Charles
1025 2158 325 66 Raymond,
1383 2163 172 51 1900-

422 2235 1857 69 Banking and the new deal [by] Charles R. Whittlesey …
352 2313 1718 70 Chicago, Ill., The University of Chicago press [ c 1935]
422 2385 1519 51 iii, 24 p., 1 l. 19½ cm . (Public policy pamphlet no. 16)
422 2442 297 50 “Suggested
748 2443 258 47 reading”:
1037 2454 43 38 p.
1128 2444 55 39 [25]

347 2497 53 53 ©
423 2502 110 40 Jan.
557 2502 68 48 15,
649 2500 140 49 1935;
814 2502 67 40 2c.
905 2502 110 40 Feb.
1041 2502 56 39 14;
1150 2501 80 40 aff.
1257 2501 109 40 Feb.
1391 2502 55 39 13;
1500 2501 41 39 A
1558 2500 171 47 80458;
1750 2501 281 47 University
2048 2501 54 41 of
2119 2500 223 51 Chicago,

418 2558 223 48 Chicago.
711 2558 250 49 (35-3852)

345 2618 236 67 Wilder,
608 2622 138 51 Mrs.
774 2619 214 55 Louise
1019 2619 249 66 (Beebe)
1304 2620 171 55 1878-

418 2695 177 55 What
619 2696 256 67 happens
900 2695 60 52 in
983 2713 96 51 my
1101 2696 233 69 garden,
1357 2694 75 69 by
1456 2694 204 54 Louise
1683 2694 182 54 Beebe
1892 2693 235 54 Wilder.
2202 2693 137 54 New

353 2771 178 69 York,
556 2773 121 52 The
700 2770 332 56 Macmillan
1057 2790 293 50 company,
1377 2774 152 51 1935.

417 2843 68 40 vii
515 2854 57 37 p.,
605 2845 25 40 1
696 2875 9 16 l.,
736 2844 86 40 257
854 2854 43 38 p.
957 2844 170 48 plates.
1187 2844 56 39 22½
1275 2846 15 21 cm
1324 2874 9 10 .

346 2899 53 53 ©
424 2903 111 40 Feb.
557 2903 40 47 5,
622 2902 140 49 1935;
787 2904 67 39 2c.
881 2904 95 39 and
1002 2903 82 40 aff.
1110 2902 107 41 Feb.
1246 2903 51 47 6;
1326 2903 41 39 A
1390 2902 171 48 79559;
1590 2902 283 41 Macmillan
1897 2913 68 30 co.

425 2959 250 48 (35-3748)

341 3021 323 65 Woodruff,
693 3021 279 65 Douglas,
1004 3023 167 53 1897-

419 3095 428 70 Charlemagne,
887 3097 75 69 by
1001 3096 255 69 Douglas
1294 3093 318 55 Woodruff.
1685 3095 137 53 New
1865 3094 179 70 York,
2081 3095 256 69 London,

347 3173 70 52 D.
449 3172 572 71 Appleton-Century
1051 3191 293 51 company,
1372 3173 414 69 incorporated,
1818 3174 149 50 1935.

415 3244 1232 52 3 p. l., 178, [1] p. front. (port.) illus. (map)
1715 3246 56 40 19½
1803 3249 15 21 cm
1852 3278 9 9 .
1924 3247 253 48 [Appleton
346 3247 1972 105 biographies]

418 3359 151 39 “Note
599 3369 59 29 on
689 3369 129 29 some
846 3358 204 40 books”:
1083 3370 41 36 p.
1155 3357 235 49 173-[175]

345 3414 52 52 ©
426 3419 121 39 Mar.
576 3418 40 47 1,
646 3417 140 47 1935;
818 3418 65 39 2c.
914 3419 95 39 and
1038 3416 82 42 aff.
1151 3418 121 39 Mar.
1301 3418 54 46 4;
1386 3417 43 39 A
1456 3415 170 49 80779;
1658 3418 56 39 D.
1745 3417 475 49 Appleton-Century
2250 3425 83 39 co.,

412 3475 91 40 inc.
573 3473 250 50 (35-3992)

342 3534 254 66 Wright,
624 3535 257 53 Herbert
910 3534 262 65 Francis,
1200 3540 171 50 1892-

343 3609 1986 148 Catholic founders of modern international law, by Herbert Wright … Washington, 1934.
418 3762 24 38 1
473 3772 44 37 p.
581 3792 9 16 l.,
620 3761 56 40 25
706 3771 44 38 p.
809 3761 55 40 23
867 3763 43 21 cm
916 3792 8 9 .

418 3815 246 49 “Reprint,
696 3818 60 47 by
790 3815 300 50 permission,
1122 3817 127 40 from
1282 3817 82 41 the
1397 3815 192 41 records
1621 3815 53 41 of
1706 3816 81 40 the
1819 3815 256 41 American
2108 3815 220 42 Catholic

347 3870 251 43 historical
629 3873 194 48 society,
854 3870 351 50 Philadelphia,
1237 3874 65 38 Pa.,
1363 3873 125 39 June
1518 3871 157 42 1934.”

343 3925 53 53 ©
423 3930 115 48 July
563 3931 70 47 31,
662 3931 114 40 1934;
832 3930 68 41 2c.
928 3931 95 39 and
1050 3930 80 40 aff.
1163 3931 125 47 Sept.
1318 3930 53 47 5;
1401 3930 41 39 A
1470 3927 169 50 78926;
1670 3930 61 39 H.
1759 3928 204 49 Wright,
1993 3928 333 48 Washington.

420 3986 249 49 (35-3737)
