2424 4375
1032 4092 133 49 1393

111 478 298 66 Albright,
438 479 254 55 William
722 479 270 64 Foxwell,
1026 485 171 50 1891-

244 552 1855 69 … The archaeology of Palestine and the Bible [by] William
115 629 1985 70 Foxwell Albright … New York [etc.] Fleming H. Revell
114 725 303 52 company [c1935]
180 784 88 41 250
299 796 44 37 p.
401 786 149 40 front.
610 786 27 39 21½cm.
825 783 126 50 (The
984 787 241 40 Richards
1258 788 210 39 lectures
1504 787 244 41 delivered
1784 790 51 38 at
1870 788 83 40 the
112 789 1970 100 University
319 841 54 41 of
398 842 246 48 Virginia)

182 904 180 41 “Third
392 905 225 41 edition.”

181 961 205 41 “Notes”:
450 973 42 37 p.
528 962 203 41 178-223;
797 962 432 49 “Supplementary
1262 962 167 42 notes”:
1492 975 45 37 p.
1571 964 216 41 224-243.

112 1032 51 52 ©
194 1036 119 48 Aug.
345 1035 39 48 2,
418 1035 139 48 1935;
592 1035 66 42 2c.
691 1038 95 38 and
819 1036 81 40 aff.
937 1037 125 47 Sept
1092 1037 82 46 23;
1209 1037 41 38 A
1282 1037 170 46 87134;
1488 1036 222 49 Fleming
1739 1038 60 39 H.
1834 1038 166 39 Revell
2033 1048 67 29 co.

181 1091 284 50 [Copyright
500 1093 41 40 is
579 1092 204 41 claimed
820 1104 60 29 on
918 1103 106 30 new
1060 1095 195 47 matter]
1327 1093 279 48 (35-18834)

111 1192 261 68 Aldrich,
399 1197 139 51 Mrs.
567 1196 148 52 Bess
745 1195 326 66 (Streeter)
1110 1201 169 50 1881-

181 1268 218 71 Spring
443 1288 151 38 came
638 1289 71 35 on
755 1271 240 68 forever,
1040 1270 74 69 by
1157 1271 138 53 Bess
1339 1270 249 56 Streeter
1631 1270 258 55 Aldrich.
1964 1271 137 51 New

113 1347 176 67 York,
328 1347 256 68 London,
626 1348 71 54 D.
738 1347 570 70 Appleton-Century
1351 1366 297 51 company,
1689 1349 413 68 incorporated,

113 1428 149 49 1935.

177 1502 571 51 4 p. l., 332, [1] p. 19½cm.
110 1572 52 53 ©
190 1576 102 41 Oct.
320 1577 68 46 11,
416 1576 115 40 1935;
585 1577 67 39 2c.
681 1577 97 39 and
804 1576 81 40 aff.
916 1577 101 40 Oct.
1046 1576 82 47 16;
1159 1577 41 38 A
1226 1576 169 47 87707;
1427 1578 57 38 D.
1514 1577 478 49 Appleton-Century
2019 1589 83 37 co.,

178 1633 90 39 inc.
339 1633 278 47 (35-18847)

112 1735 119 52 The
254 1734 316 54 American
597 1736 209 52 annual
832 1735 62 52 of
920 1736 422 67 photography,
1370 1739 148 49 1936.
1593 1736 224 54 volume
1842 1739 81 50 50.

178 1737 1923 225 Edited by Frank R. Fraprie … Boston, American photographic publishing co.; London, Chapman and Hall, ltd.,
182 1972 149 51 1935.

174 2050 87 40 328
287 2061 43 37 p.
389 2050 142 46 illus.,
562 2049 178 48 diagrs.
799 2049 114 40 25cm.

109 2116 51 52 ©
187 2120 101 40 Oct.
318 2121 68 45 17,
417 2120 114 40 1935;
588 2120 66 40 2c.
686 2119 102 41 Oct.
817 2119 57 40 19;
930 2119 82 40 aff.
1043 2119 101 41 Oct.
1174 2120 59 40 18;
1289 2120 42 39 A
1360 2120 143 40 86874;
1560 2120 160 40 Amer.
1751 2117 352 51 photographic

175 2177 109 48 pub.
312 2188 67 29 co.

112 2280 317 64 Attwater,
458 2280 243 64 Donald,
734 2286 169 49 1892-

183 2357 121 53 The
355 2357 260 55 Catholic
665 2358 243 52 Eastern
959 2357 286 67 churches,
1293 2357 75 67 by
1417 2358 232 53 Donald
1698 2359 287 51 Attwater
2097 2366 5 24 …:

113 2433 1787 70 Milwaukee, Wis. [etc.] The Bruce publishing company [c1935]
113 2510 1968 108 xx, 308 p. front., plates, ports. 22½cm. (Half-title: Religion and culture series, J. Husslein … general editor)
182 2627 225 39 Includes
435 2625 391 49 bibliographies.

109 2693 54 52 ©
193 2698 127 46 Sept.
350 2696 69 47 21,
450 2696 139 47 1935;
622 2696 67 39 2c.
720 2698 94 37 and
846 2695 81 40 aff.
961 2696 126 47 Sept.
1118 2696 83 46 30;
1236 2697 40 37 A
1307 2695 169 46 87322.;
1511 2697 159 37 Bruce
1696 2696 108 46 pub.
1837 2706 68 28 co.

187 2752 278 49 (35-18959)

112 2855 169 64 Baer,
309 2856 267 55 Warren.

180 2932 122 52 The
328 2932 167 52 Duke
523 2932 63 52 of
616 2932 393 67 Sacramento;
1041 2953 30 33 a
1100 2932 232 67 comedy
1358 2931 59 52 in
1446 2931 136 53 four
1610 2937 116 47 acts
1753 2932 75 67 by
1856 2932 240 53 Warren

116 3009 173 68 Baer;
335 3008 292 69 reprinted
671 3008 151 55 from
864 3010 95 52 the
1001 3028 125 35 rare
1167 3008 214 54 edition
1424 3008 63 53 of
1531 3013 152 61 1856,
1723 3015 58 48 to
1822 3007 193 54 which
2050 3008 46 53 is

117 3085 181 59 added
346 3106 30 34 a
422 3087 192 53 sketch
660 3088 64 51 of
769 3087 93 52 the
909 3086 156 67 early
1114 3087 115 55 San
1274 3085 305 54 Francisco
1624 3092 157 61 stage
1827 3086 73 66 by
1946 3087 146 52 Jane

114 3164 202 53 Bissell
356 3164 322 63 Grabhorn,
718 3168 112 52 and
871 3164 376 54 illustrations
1287 3165 74 66 by
1402 3164 228 52 Arvilla
1671 3163 232 53 Parker.
1982 3163 114 55 San

114 3241 317 69 Francisco,
461 3244 122 52 The
612 3242 302 56 Grabhorn
947 3261 172 48 press,
1154 3246 147 49 1934.

183 3318 1912 53 7 p. l., 3-77, [1] p. col. illus. 24cm. [Rare Americana, 3d series, v. 1]
186 3375 1913 56 “Five hundred and fifty copies … the first volume of the third series
116 3441 51 40 of
194 3441 129 41 Rare
351 3439 331 42 Americana.”

115 3509 50 52 ©
188 3514 108 39 Dec.
322 3512 204 48 10,1934;
579 3512 66 39 2c.
672 3512 124 39 June
852 3543 8 15 1,
884 3510 113 40 1935;
1052 3510 82 39 aff.
1160 3511 113 46 May
1296 3509 55 40 31;
1407 3509 40 38 A
1472 3508 142 41 87470;
1672 3508 253 41 Grabhorn
1950 3519 149 38 press.

192 3568 278 49 (35-18938)

113 3671 365 66 Baughman,
507 3674 125 51 Imo
659 3671 187 63 Pearl,
879 3676 170 49 1895-

179 3748 366 67 Elementary
583 3747 304 67 chemistry
924 3745 140 52 with
1103 3744 276 68 practical
1418 3742 397 69 applications,
1855 3745 76 68 by
1970 3744 126 53 Imo

112 3820 1787 73 P. Baughman … Los Angeles, Campbell’s book store [c1935]
181 3898 962 56 5 p. l., [9]-l88 p. illus., diagrs. 23½cm.
116 3972 50 52 ©
198 3977 125 47 Sept.
353 3976 40 46 9,
424 3976 115 39 1935;
596 3975 65 39 2c.
694 3975 95 38 and
820 3972 81 40 aff.
935 3972 127 47 Sept.
1093 3971 59 39 16;
1209 3971 41 38 A
1280 3968 143 42 85977;
1485 3971 287 46 Campbell’s
1802 3974 123 39 book
1954 3977 145 37 store.

190 4033 276 47 (35-18784)
