2424 4375
1176 4081 137 51 1554

256 455 170 64 Kerr,
454 456 260 56 Lennox.

324 534 243 53 Woman
607 533 64 52 of
710 533 338 67 Glenshiels,
1089 552 30 33 a
1158 534 165 52 novel
1361 535 76 67 by
1476 537 234 52 Lennox
1749 538 168 52 Kerr.
1990 537 258 66 London,

256 610 236 66 Collins,
523 614 150 50 1935.

323 683 86 41 300
440 694 42 37 p.
541 683 58 40 20
599 685 45 22 cm
649 715 9 9 .

254 742 1994 55 © 1c. Oct. 29, 1935; A ad int. 20665; pubd. Aug. 30; L. Kerr, Paisley,
326 803 243 41 Scotland.
639 803 280 49 (35-23320)

255 907 314 64 Lampson,
600 906 208 65 Robin,
841 910 169 50 1900-

322 981 294 70 Laughter
651 987 98 48 out
783 981 64 54 of
879 984 96 52 the
1006 984 253 68 ground;
1298 1002 31 34 a
1365 985 165 52 novel
1565 983 61 54 in
1661 984 256 68 cadence,
1951 983 72 72 by
2062 983 186 55 Robin

254 1058 1561 73 Lampson … New York, C. Scribner’s sons, 1935.
324 1133 103 48 xiii,
456 1132 86 41 344
568 1143 43 38 p.
671 1132 57 41 21½
761 1135 44 22 cm
808 1164 10 9 .

325 1188 332 51 “Concerning
684 1190 250 41 sources”:
966 1200 44 39 p.
1046 1190 246 51 [341]-344.

252 1251 53 54 ©
336 1256 101 41 Oct.
470 1255 68 48 18,
572 1254 140 48 1935;
747 1255 67 41 2c.
849 1255 101 41 Oct.
982 1254 82 48 24;
1100 1254 80 42 aff.
1217 1255 101 41 Oct.
1351 1255 82 48 25;
1469 1257 39 39 A
1542 1256 170 48 89033;
1748 1257 201 41 Charles
1986 1256 264 43 Scribner’s

321 1323 125 30 sons.
517 1312 281 50 (35-22384)

255 1415 275 66 Latham,
559 1416 147 54 Jean
737 1417 134 53 Lee.

328 1497 98 48 555
454 1492 253 68 pointers
735 1491 93 54 for
854 1492 314 69 beginning
1195 1499 183 46 actors
1406 1493 113 53 and
1548 1492 291 68 directors,
1866 1493 77 68 by
1968 1493 146 54 Jean
2141 1493 112 53 Lee

254 1570 1811 71 Latham … Do’s and don’t’s of drama. Chicago, The
254 1572 1970 129 Dramatic
452 1648 334 70 publishing
812 1667 280 51 company
1126 1682 13 34 [
1143 1654 18 22 c
1167 1652 152 64 1935]

327 1722 82 41 172
442 1734 39 37 p.
543 1723 177 48 diagrs.
782 1724 56 40 18½
870 1726 44 21 cm
918 1755 10 10 .

254 1782 52 53 ©
336 1786 100 40 Oct.
468 1786 69 48 23,
566 1785 140 48 1935;
739 1786 66 41 2c.
835 1787 96 39 and
959 1785 80 42 aff.
1072 1786 101 41 Oct.
1205 1786 81 47 28;
1320 1787 39 39 A
1389 1786 169 47 87997;
1591 1787 257 40 Dramatic
1875 1788 109 48 pub.
2015 1799 67 29 co.

333 1843 279 48 (35-22380)

256 1944 235 66 Lenski,
523 1946 257 54 Richard
810 1945 242 57 Charles
1082 1946 223 65 Henry,
1336 1950 171 50 1864-

324 2023 119 53 The
474 2023 441 68 interpretation
944 2023 63 53 of
1038 2023 83 55 St.
1152 2023 193 53 Paul’s
1377 2022 158 55 First
1566 2024 112 52 and
1711 2023 219 55 Second
1960 2023 202 69 epistle
2189 2029 59 48 to

254 2102 94 52 the
378 2100 387 69 Corinthians,
792 2102 77 68 by
893 2102 71 52 R.
994 2101 63 55 C.
1087 2101 76 53 H.
1191 2101 227 53 Lenski.
1483 2101 327 67 Columbus,
1840 2101 87 67 O.,
1955 2101 292 54 Lutheran

254 2179 635 68 book concern [ c 1935]
324 2254 113 40 1383
464 2265 43 37 p.
566 2252 56 39 22½
656 2255 44 21 cm
704 2285 8 8 .

253 2314 52 53 ©
336 2318 99 40 Oct.
467 2317 70 47 24,
568 2315 139 48 1935;
741 2316 65 40 2c.
838 2317 96 39 and
963 2315 81 41 aff.
1077 2316 102 40 Oct.
1210 2315 82 47 30;
1326 2317 41 38 A
1396 2315 169 48 89077;
1599 2316 250 40 Lutheran
1879 2317 122 39 book
2030 2325 216 31 concern.

332 2373 280 50 (35-22950)

255 2476 205 65 Ligon,
492 2479 217 51 Ernest
739 2476 293 65 Mayfield,
1065 2478 171 53 1897-

325 2554 120 53 The
498 2553 352 69 psychology
900 2551 63 54 of
1017 2551 296 56 Christian
1365 2551 369 70 personality,
1786 2552 76 68 by
1911 2552 210 54 Ernest
2166 2552 79 53 M.

254 2629 1703 73 Ligon … New York, The Macmillan company, 1935.
323 2725 33 26 x
379 2724 59 36 p.,
463 2711 26 38 2
552 2742 8 15 l.,
587 2710 85 39 393
698 2721 43 36 p.
800 2709 56 38 22
860 2712 43 21 cm
907 2740 9 9 .

327 2767 412 49 “Interpretation
783 2766 51 40 of
873 2767 83 40 the
998 2765 252 48 teachings
1293 2764 51 40 of
1386 2765 82 40 the
1513 2763 198 42 Sermon
1754 2776 60 29 on
1855 2765 84 41 the
1981 2764 170 43 Mount
2194 2765 47 40 in

254 2829 149 38 terms
435 2825 52 41 of
515 2821 527 52 psychology.”—Pref.

326 2881 373 49 Bibliography:
729 2891 43 38 p.
800 2878 218 42 373-378.

252 2942 54 53 ©
337 2946 99 40 Oct.
467 2944 69 47 22,
567 2943 116 41 1935;
739 2943 67 40 2c.
835 2943 95 40 and
960 2940 82 43 aff.
1074 2941 101 41 Oct.
1205 2940 82 47 23;
1320 2940 39 39 A
1390 2939 169 48 87892;
1594 2940 281 41 Macmillan
1904 2952 67 30 co.

331 3000 281 51 (35-22951)

261 3105 297 66 [Lindsay,
587 3105 138 52 Mrs.
755 3105 173 60 Mary
957 3099 401 68 (McDowell)]
1395 3104 171 49 1903-

325 3185 171 53 Wear
525 3182 97 53 the
650 3199 169 50 green
850 3182 224 64 willow,
1105 3179 74 67 by
1209 3181 147 54 Jane
1387 3178 255 67 Lindsay
1696 3178 194 68 [pseud.]
1986 3177 254 66 London,

256 3263 64 51 T.
348 3259 410 67 Butterworth,
786 3258 103 54 ltd.
941 3260 151 63 [1935]

327 3334 618 54 3 p. l. , 9-285 p. 19½ cm .
255 3395 1986 57 © 1c. Oct. 29, 1935; A ad int. 20666; pubd. Sept. 3; Thornton Butter-
325 3460 170 45 worth,
521 3458 84 40 ltd.
676 3455 279 49 (35-23316)

256 3558 395 64 Manchester,
678 3556 204 66 Irving
908 3557 272 63 Edward,
1210 3555 170 55 1870-

328 3634 120 53 The
490 3634 223 68 history
755 3633 64 53 of
863 3632 330 68 Colebrook,
1233 3632 77 67 by
1351 3630 206 68 Irving
1599 3632 67 52 E.
1709 3631 374 64 Manchester,
2127 3629 107 52 and

257 3711 160 53 other
441 3729 221 50 papers.
727 3710 295 69 [Winsted,
1047 3710 197 66 Conn.,
1266 3710 121 53 The
1413 3706 218 58 Citizen
1656 3705 261 70 printing
1940 3721 291 51 company]

258 3794 148 48 1935.

327 3866 85 41 208
439 3876 44 38 p.
539 3866 171 47 plates,
738 3875 125 38 map.
916 3865 55 40 23½
1003 3866 45 22 cm
1052 3895 10 10 .

332 3921 67 39 “A
427 3922 113 47 plan
569 3920 54 40 of
647 3920 276 47 Colebrook,
951 3920 147 41 taken
1123 3919 128 40 from
1280 3919 83 39 the
1387 3916 206 48 original
1622 3925 176 37 survey
1823 3914 61 47 by
1912 3913 131 39 Eben
2070 3909 166 45 North,

257 3978 156 48 1816”,
445 3979 229 39 mounted
705 3989 61 29 on
795 3977 134 41 front
959 3976 336 49 lining-paper.
