2424 4375
1004 4075 133 50 2141

98 471 70 53 U.
194 471 56 53 S.
324 471 183 62 Laws,
530 475 254 58 statutes,
810 476 99 46 etc.

167 547 214 52 United
430 546 186 54 States
665 546 152 53 Code
862 546 323 64 annotated,
1230 545 347 66 comprising
1621 545 94 51 the
1760 543 137 53 laws
1943 544 61 51 of
2052 562 28 33 a

96 623 227 66 general
366 623 110 52 and
520 631 329 58 permanent
892 628 199 46 nature
1135 622 58 52 in
1238 621 153 53 force
1433 623 262 65 January
1736 625 50 62 3,
1830 624 151 63 1935,
2024 640 59 33 as

97 700 297 53 contained
428 699 59 52 in
520 701 94 51 the
651 700 152 54 Code
837 700 63 52 of
931 701 95 52 the
1060 702 137 51 laws
1230 699 62 53 of
1326 700 94 51 the
1455 699 217 54 United
1710 699 205 66 States,
1950 701 135 49 1934

97 777 230 53 edition.
401 778 154 66 Kept
605 782 58 47 to
710 777 129 52 date
886 777 74 66 by
1010 776 340 53 cumulative
1400 776 209 52 annual
1658 776 200 66 pocket
1906 779 176 64 parts.

94 855 330 53 Annotated
452 854 153 52 from
633 855 77 52 all
738 854 93 53 the
860 872 147 34 cases
1036 855 331 65 construing
1392 854 153 52 these
1573 856 152 51 laws.
1792 854 290 66 Prepared

95 933 75 66 by
213 933 95 52 the
354 931 263 53 editorial
661 928 160 56 staffs
868 930 62 54 of
976 931 252 52 Edward
1274 932 327 66 Thompson
1646 949 278 49 company
1970 931 112 53 and

94 1011 155 52 West
290 1007 334 69 publishing
663 1027 78 34 co.
819 1007 148 54 Title
1007 1012 82 49 26.
1131 1010 258 51 Internal
1430 1025 254 36 revenue.
1765 1009 61 66 §§
1853 1012 132 48 1150
2025 1014 57 47 to

96 1088 122 52 end.
297 1086 81 55 St.
415 1088 164 63 Paul,
611 1086 201 55 Minn.,
842 1088 158 51 West
1034 1086 334 67 publishing
1402 1103 106 40 co.;
1546 1086 339 66 Northport,
1920 1087 165 66 Long

96 1165 217 56 Island,
336 1165 69 51 N.
432 1166 90 62 Y.,
548 1163 252 52 Edward
827 1163 327 66 Thompson
1181 1181 278 49 company
1491 1196 12 34 [
1508 1168 18 21 c
1532 1166 131 49 1935
1670 1197 13 33 ]

170 1237 98 47 xxi,
296 1237 82 40 771
407 1246 43 37 p.
507 1236 58 38 24
564 1237 45 21 cm
611 1266 9 9 .

100 1289 53 53 ©
185 1292 101 41 Oct.
317 1294 39 45 4,
389 1291 117 40 1935;
562 1291 67 41 2c.
660 1292 117 39 Nov.
811 1291 80 40 16:
926 1291 80 39 aff.
1042 1292 110 39 Dec.
1185 1291 84 46 26;
1302 1293 39 37 A
1376 1290 169 48 89515;
1580 1292 136 39 West
1745 1291 108 48 pub.
1888 1301 68 31 co.
1988 1291 95 41 and

169 1350 210 40 Edward
402 1350 275 46 Thompson
702 1359 67 29 co.

95 1422 183 64 Vaile,
310 1423 222 53 Roland
566 1424 188 62 Snow,
790 1428 167 48 1889-

226 1498 1856 69 … Consumption and merchandising under the NRA; the
95 1577 124 55 first
243 1596 134 47 year
401 1578 63 52 of
489 1578 95 52 the
608 1594 264 48 recovery
895 1595 271 47 program
1192 1578 59 51 in
1276 1576 95 53 the
1399 1576 214 53 central
1639 1578 344 65 Northwest,
2008 1577 75 66 by

96 1653 1984 67 Roland S. Vaile … Minneapolis, The University of Minnesota
95 1751 154 48 press
281 1735 173 64 [c1935]

169 1805 53 40 61
257 1815 41 37 p.
359 1803 178 47 diagrs.
596 1802 55 41 23
652 1805 46 23 cm
703 1836 9 8 .
784 1802 304 48 (University
1121 1802 52 39 of
1206 1802 273 41 Minnesota
1514 1802 190 41 studies;
1733 1802 50 40 in
1817 1804 269 40 economics

98 1862 94 39 and
225 1861 235 40 business,
518 1870 76 30 no.
628 1859 79 45 10)

98 1914 53 53 ©
178 1918 111 39 Feb.
319 1919 37 39 7.
386 1915 120 41 1935;
557 1916 68 40 2c.
655 1917 97 38 and
781 1915 80 39 aff.
893 1916 119 39 Mar.
1042 1917 55 45 4;
1129 1916 40 38 A
1199 1914 169 48 80708;
1401 1914 281 49 University
1713 1916 51 39 of
1794 1914 289 48 Minnesota,

169 1973 334 48 Minneapolis.
574 1973 65 47 (A
654 1971 198 48 35-393)

97 2048 126 53 Van
253 2048 120 64 Zyl,
404 2048 223 62 Henry,
661 2052 171 49 1883-

165 2123 167 55 Some
359 2121 139 54 vital
528 2127 217 63 aspects
776 2121 64 54 of
866 2120 263 70 teaching
1159 2122 60 52 in
1246 2121 236 68 Sunday
1512 2121 235 68 schools,
1776 2122 74 68 by
1879 2122 201 68 Henry

95 2198 1987 70 van Zyl. jr. … Zeeland, Mich., Instructor publishing house,
97 2282 146 48 1935.

164 2350 1308 49 xv p., 1 l., 118 p. l illus., plates, diagrs. 23½cm.
165 2407 337 41 “Orientation
530 2407 52 39 in
611 2406 380 48 Sunday-school
1019 2405 313 42 literature”:
1363 2418 42 37 p.
1435 2407 126 40 1-30.

98 2459 53 53 ©
173 2465 117 39 Nov.
315 2465 67 42 11.
407 2464 140 46 1935;
573 2463 65 40 2c.
664 2464 116 40 Nov.
806 2463 81 46 25;
913 2463 81 40 aff.
1021 2464 111 39 Dec.
1160 2463 81 42 16:
1268 2464 42 38 A
1332 2463 146 41 90087:
1532 2464 185 40 Adrian
1743 2465 105 39 Van
166 2465 1897 103 Koevering,
285 2521 219 46 Zeeland,
527 2520 142 40 Mich.
730 2519 249 49 (36-6354)

95 2594 214 65 Vavra,
338 2595 191 56 Hilde.

162 2668 360 56 Grundlehre
555 2672 100 52 der
685 2669 372 68 Schneiderei;
1093 2671 90 53 ein
1213 2670 502 55 unterrichtswerk
1744 2672 101 53 für
1875 2672 104 52 anf
92 2690 1961 125 anger,
243 2747 89 52 ein
366 2748 521 67 nachschlagebuch
922 2747 98 54 für
1057 2747 220 68 geübte,
1312 2748 105 53 mit
1456 2752 102 50 280
1594 2748 150 54 fotos
1780 2750 118 53 und
1934 2756 140 45 etwa

93 2825 102 52 200
233 2824 402 69 Zeichnungen,
672 2844 111 33 von
821 2825 177 53 Hilde
1036 2826 210 54 Vavra.
1321 2825 240 69 Leipzig
1623 2832 99 47 [etc.]
1786 2826 68 55 O.
1895 2829 181 65 Beyer

116 2908 17 21 c
139 2906 150 64 1935]

164 2974 901 49 128 p., 1 l. illus., diagrs. 25 ½ cm .
165 3030 180 40 Folded
377 3031 129 47 plate
539 3030 120 41 with
690 3030 261 42 directions
982 3032 97 40 and
1109 3032 165 40 folded
1305 3035 222 46 patterns
1558 3033 49 39 in
1638 3033 185 48 pocket.

165 3086 312 49 Advertising
501 3090 205 38 matter:
735 3098 43 38 p.
807 3088 214 40 124-126.

99 3139 51 52 ©
185 3146 117 46 Aug.
337 3144 69 49 24,
442 3144 140 41 1935;
649 3156 37 29 1c.
722 3145 117 41 Nov.
874 3145 82 48 26;
995 3146 308 47 A-Foreign
1336 3145 171 42 29890:
1545 3148 176 46 Verlag
1758 3146 114 41 Otto
1909 3148 169 46 Beyer.

176 3200 248 47 (36-4497)

97 3270 282 69 Verkade,
410 3274 351 64 Willibrord,
792 3282 180 61 pater,
1004 3281 169 50 1868-

163 3350 1910 70 In quest of beauty, by Dom Willibrord Verkade … New
99 3427 1046 71 York, P. J. Kenedy & sons [ c 1935]
166 3500 63 46 ix,
250 3499 85 41 292
355 3511 43 37 p.
457 3500 58 41 20½
544 3504 44 22 cm
593 3535 9 9 .

169 3554 168 48 Sequel
374 3559 47 37 to
457 3558 83 39 the
575 3558 216 41 author’s
829 3559 321 47 “Yesterdays
1186 3559 52 40 of
1274 3569 62 30 an
1374 3559 353 48 artist-monk”,
1763 3560 140 48 being
98 3562 1960 89 reminiscences
364 3612 52 39 of
440 3613 76 39 his
540 3613 90 40 life
653 3624 54 31 as
731 3625 25 30 a
787 3616 208 39 member
1023 3616 51 39 of
1101 3617 81 39 the
1205 3615 313 41 Benedictine
1545 3617 154 39 order.

99 3663 51 52 ©
172 3668 117 41 Nov.
312 3669 68 44 29.
406 3670 138 47 1935;
569 3671 66 40 2c.
661 3672 111 41 Dec.
797 3672 80 41 19:
904 3673 82 40 aff.
1013 3674 108 38 Dec.
1177 3673 51 41 18;
1256 3674 39 37 A
1320 3672 170 41 88779:
1518 3674 49 39 P.
1594 3674 43 39 J.
1664 3674 165 39 Kenedy
1890 3674 34 41 &
1949 3684 126 32 sons.

180 3725 246 46 (36-5074)

95 3796 368 68 Weymouth,
491 3802 302 63 Anthony.

95 3874 1954 150 No. Sir Jeremy, an Inspector Treadgold mystery, by Anthony Weymouth … London, A. Barker, ltd. [1935]
