2424 4375
1232 4077 100 52 736

379 531 376 49 “Bibliography
782 535 94 38 and
906 534 298 40 references”;
1262 547 43 36 p.
1331 535 157 40 64-65.

309 583 52 54 ©
394 588 113 49 Apr.
538 589 70 48 16,
638 589 140 47 1935;
812 589 64 42 2c.
910 592 96 38 and
1037 590 82 41 aff.
1154 592 115 47 May
1298 590 82 48 20;
1413 592 41 39 A
1485 592 169 47 83201;
1691 593 266 41 Concordia
1993 594 108 47 pub.
2134 594 161 39 house.

389 645 250 51 (35-7946)

301 720 182 63 Thiel,
513 721 226 65 George
768 723 227 64 Alfred,
1024 728 170 49 1892-

431 799 1858 68 … The architectural, structural, and monumental stones of
306 878 340 65 Minnesota,
679 877 74 67 by
786 878 221 67 George
1040 879 70 52 A.
1146 878 166 53 Thiel
1346 880 112 51 and
1494 880 136 55 Carl
1664 882 65 50 E.
1766 882 237 50 Dutton.
305 881 1965 141 Minneapolis,

533 956 120 52 The
682 954 333 68 University
1045 956 63 52 of
1137 957 320 52 Minnesota
1488 976 173 49 press,
1694 960 148 51 1935.

372 1028 1917 49 ix, 160 p. front., illus. (incl. maps) 12 col. pl. on 9 l., diagrs. 23½ cm .
311 1085 311 49 (Minnesota.
686 1084 271 49 Geological
986 1096 190 37 survey.
1236 1085 217 41 Bulletin
1479 1086 81 50 25)

370 1142 66 40 At
460 1142 124 40 head
609 1142 53 40 of
688 1142 136 40 title:
853 1141 281 49 University
1161 1142 52 39 of
1240 1140 287 43 Minnesota.

371 1198 375 49 Bibliography:
777 1210 42 37 p.
845 1198 213 41 155-156.

301 1251 53 53 ©
383 1257 113 46 May
522 1254 39 49 9,
590 1255 115 41 1935;
760 1254 66 41 2c.
856 1257 96 38 and
980 1255 82 40 aff.
1092 1257 113 46 May
1231 1255 82 48 27;
1344 1256 40 39 A
1411 1256 169 47 83333;
1613 1255 281 49 University
1920 1257 53 40 of
2003 1256 285 48 Minnesota,

370 1312 335 49 Minneapolis.
777 1310 278 50 (35-27892)

298 1387 312 66 Vosseller,
640 1389 205 64 Perry.

371 1463 376 69 Navigation;
795 1482 30 33 a
867 1462 199 69 simple
1109 1461 369 71 explanation
1519 1463 65 54 of
1621 1462 232 54 modern
1898 1463 387 68 navigational

307 1539 1982 71 methods in theory and practice, by Perry Vosseller … New
312 1618 173 65 York,
512 1619 120 51 The
661 1618 233 53 Rudder
923 1617 332 69 publishing
1282 1637 77 33 co.
1395 1620 192 66 [c1935]

369 1689 62 47 vi,
464 1689 87 40 138
580 1700 43 37 p.
683 1689 142 48 illus.,
860 1690 176 47 diagrs.
1096 1689 57 41 23½
1184 1692 45 21 cm
1232 1721 11 10 .

371 1745 213 42 “Second
613 1744 227 42 edition.”

300 1801 52 54 ©
378 1807 113 47 May
516 1806 40 47 6,
585 1804 141 48 1935;
753 1805 68 41 2c.
847 1806 114 47 May
984 1805 83 47 25;
1095 1805 82 40 aff.
1205 1806 115 47 May
1343 1805 82 47 24;
1455 1805 41 39 A
1524 1805 169 47 83327;
1725 1806 199 40 Ruclder
1949 1805 106 49 pub.
2084 1816 67 29 co.

378 1862 250 50 (35-7996)

297 1937 305 67 Williams,
629 1939 217 52 Ernest
872 1939 105 63 W.,
1006 1955 177 49 comp.

369 2015 135 53 Fire
535 2013 275 71 fighting;
846 2034 30 34 a
907 2015 275 68 complete
1212 2015 231 53 treatise
1472 2033 73 35 on
1576 2017 76 52 all
1684 2015 244 68 subjects
1959 2014 330 70 pertaining

299 2096 55 50 to
398 2091 100 54 fire
538 2090 265 71 fighting,
845 2091 99 54 fire
984 2093 352 69 prevention,
1378 2091 100 55 fire
1520 2092 335 69 protection,
1896 2095 162 64 tools,

300 2093 1985 146 appliances, etc., compiled by Ernest W. Williams … [Lynn, Mass.,
295 2248 166 53 Press
490 2248 63 54 of
579 2248 426 68 Nichols-Ellis,
1032 2257 19 21 c
1057 2252 150 64 1935]

363 2321 28 40 6
412 2331 42 38 p.
517 2352 8 16 l.,
554 2321 84 41 872
664 2332 44 38 p.
767 2319 142 50 illus.,
1004 2352 9 17 pl.,
1037 2323 123 47 port.
1220 2320 55 41 23½
1308 2323 45 22 cm
1356 2352 9 9 .

365 2377 68 39 “A
459 2379 160 46 sequel
648 2381 49 37 to
723 2377 103 41 The
851 2377 242 41 fireman’s
1120 2377 122 41 aid.”

297 2428 52 54 ©
378 2434 115 46 May
521 2433 39 47 6,
591 2432 141 48 1935;
763 2433 67 40 2c.
864 2434 113 47 May
1005 2432 82 48 27;
1121 2433 79 39 aff.
1234 2434 116 47 May
1378 2432 83 47 25;
1493 2433 39 38 A
1562 2432 169 47 81969;
1764 2431 340 41 Nichols-Ellis
2134 2442 148 38 press,

363 2488 92 42 inc.
525 2488 249 50 (35-7922)

300 2561 298 66 Williams,
627 2565 233 52 Jerome
887 2565 200 64 Oscar,
1120 2570 168 49 1885-

365 2641 120 52 The
525 2645 195 64 gospel
764 2642 63 51 of
869 2641 212 67 Christ,
1125 2643 109 51 and
1280 2642 160 52 other
1483 2641 306 65 addresses,
1830 2641 75 66 by
1946 2641 225 54 Jerome
2214 2639 67 55 O.

298 2717 1983 67 Williams, D. D. New York, [etc.] Fleming H. Revell company
297 2827 15 35 [
313 2800 21 23 c
338 2797 152 65 1935]

364 2867 84 40 160
486 2879 43 37 p.
590 2867 54 39 19½c
693 2870 27 20 m
725 2900 9 8 .

297 2920 53 53 ©
374 2925 112 47 Apr.
513 2924 69 48 27,
612 2922 139 48 1935;
782 2922 68 41 2c.
876 2924 95 39 and
1000 2922 80 40 aff.
1110 2924 113 46 May
1249 2923 52 45 2;
1332 2924 41 38 A
1401 2922 169 49 81649;
1603 2923 220 48 Fleming
1851 2924 59 38 H.
1940 2924 167 39 Revell
2134 2934 67 29 co.

375 2980 249 49 (35-7218)

295 3056 255 65 Winrod,
579 3056 212 54 Gerald
818 3057 245 55 Burton.

363 3132 213 52 Martin
616 3132 216 52 Luther
869 3133 110 52 and
1012 3133 96 52 the
1145 3133 390 64 reformation,
1572 3132 74 65 by
1682 3131 211 55 Gerald
1933 3134 64 50 B.
2035 3131 239 54 Winrod

355 3208 1452 69 … Wichita, Kan., Defender publishers [c1935]
364 3280 1147 49 2 p. l., [7]~53 p. illus. (incl. port.) 20½ cm .
296 3334 53 53 ©
375 3339 108 40 Feb.
509 3338 69 40 23.
607 3338 140 47 1935;
775 3338 67 40 2c.
869 3339 94 38 and
990 3337 82 40 aff.
1098 3338 121 38 Mar.
1246 3337 52 47 9;
1326 3337 41 39 A
1393 3336 169 48 79966;
1595 3338 52 40 G.
1677 3338 51 38 B.
1756 3336 215 49 Winrod,
1997 3336 224 42 Wichita.

373 3395 249 48 (35-7217)

293 3467 291 65 Winslow,
614 3469 249 62 Arthur,
894 3474 168 50 1860-

358 3544 239 53 Francis
623 3543 303 67 Winslow;
959 3544 89 53 his
1075 3544 285 53 forebears
1389 3545 111 52 and
1533 3542 122 69 life,
1684 3544 169 52 based
1884 3561 152 50 upon
2069 3543 202 66 family

293 3622 220 51 records
567 3622 110 51 and
732 3622 471 66 correspondence
1258 3620 213 69 during
1524 3639 114 34 xxx
1689 3639 180 50 years,
1920 3620 75 70 by
2051 3620 220 52 Arthur

289 3694 1980 73 Winslow … Norwood, Mass., Priv. print. by the Plimpton
287 3789 176 52 press,
490 3776 150 52 1935.

362 3844 1213 48 xiv p., 1 I., 352 p. front. plates, ports. 24 cm .
362 3900 235 42 “Limited
620 3902 184 40 edition
830 3902 52 40 of
902 3901 86 41 300
1010 3901 200 49 copies.”

294 3953 53 53 ©
369 3959 113 47 May
506 3959 40 46 6,
572 3958 113 41 1935;
741 3959 66 41 2c.
833 3961 112 46 May
970 3959 81 46 10;
1080 3959 80 40 aff.
1187 3960 113 46 May
1326 3959 51 46 8;
1406 3959 40 39 A
1473 3958 168 48 83022;
1671 3960 52 38 A.
1750 3960 245 47 Winslow,
2022 3962 193 39 Boston.

371 4014 249 49 (35-6842)
