2424 4375
1272 4086 99 48 338

336 547 148 53 rieur
519 547 316 68 technique,
869 549 68 52 de
969 548 284 55 l’Institut
1286 548 421 70 agronomique,
1743 555 50 48 et
1828 550 94 55 des
1988 554 141 52 écoles
366 570 1904 109 supérieures

583 625 68 52 de
687 625 403 68 l’agriculture.
1167 627 185 66 Paris,
1387 628 231 53 Masson
1655 634 53 48 et
1745 647 27 34 c
1792 634 18 22 ie
1815 671 11 23 ,
1866 633 149 49 1934.

404 698 973 49 3 p. l. , 724 p. illus., diagrs. 20½cm.
406 755 148 39 Table
581 765 58 29 on
665 766 42 37 p.
739 755 53 49 [2]
821 756 51 39 of
897 766 166 30 cover:
1093 758 104 39 text
1224 767 58 29 on
1310 767 40 37 p.
1397 757 40 48 [3]
1468 758 51 39 of
1545 768 152 29 cover.

669 813 283 47 CONTENTS.—-Analyse
999 811 244 49 chimique
1288 813 580 49 qualitative.—Analyse
1914 815 238 47 chimique
326 817 1983 98 volumétrique.

333 920 1910 55 © Sept. 29, 1934; 1c. Feb. 2, 1935; A-Foreign 2.6791; Masson & cie.
413 981 250 49 (35-4363)

331 1070 342 65 Maugham,
702 1070 254 55 William
986 1073 318 56 Somerset.

400 1146 207 69 Gigolo
639 1149 114 52 and
784 1149 286 67 gigolette.

412 1221 84 47 (In-
521 1218 183 43 Nash’s
733 1218 108 43 Pall
868 1219 117 42 mall
1015 1218 276 53 magazine,
1320 1220 189 50 March,
1540 1221 142 49 1935)

331 1273 1975 109 © 1c. Apr. 13, 1935; A ad int. 20139 ; pubd. Feb. 18; Internati, magazine co., inc., New York.
331 1422 376 67 Mississippi.
782 1427 276 65 Supreme
1093 1432 174 47 court.

405 1500 1916 71 Cases argued and decided … at the September term, 1933.
331 1597 53 37 v.
412 1583 113 49 168.
589 1580 289 66 Reported
903 1581 74 65 by
1003 1581 173 53 Louis
1202 1583 78 51 M.
1309 1581 263 66 Jiggitts.
1635 1581 317 67 Columbia,
1978 1584 133 65 Mo.,
2138 1585 66 53 E.
2232 1585 88 53 W.

333 1654 278 69 Stephens
642 1656 334 68 publishing
1005 1677 97 47 co.,
1132 1661 148 49 1934.

401 1730 97 42 xiv,
527 1729 91 39 999
641 1740 42 37 p.
740 1730 54 40 23
798 1732 44 20 cm
847 1761 7 7 .

332 1782 52 53 ©
439 1797 94 29 June
558 1787 67 45 14,
652 1785 139 43 1934;
818 1785 65 41 2c.
909 1787 126 39 June
1058 1786 82 42 26;
1169 1786 81 40 aff.
1276 1788 122 38 Mar.
1422 1787 70 43 28,
1517 1787 139 46 1935;
1686 1787 40 39 A
1751 1787 141 39 81334
1912 1797 8 31 ;
1948 1787 198 40 Central
2172 1789 151 40 states

399 1843 125 40 book
552 1853 82 39 co.,
666 1843 265 47 Columbia,
962 1844 92 39 Mo.

330 1920 307 64 Morrison,
667 1920 256 53 Herbert
950 1921 305 62 Seymour.

403 1996 183 68 Songs
621 1995 64 53 of
720 2015 31 34 a
787 1997 189 67 sailor,
1009 1996 76 68 by
1118 1996 253 53 Herbert
1406 1997 275 66 Seymour
1713 1997 302 53 Morrison.
2093 1999 229 62 Boston,

336 2077 59 49 B.
425 2072 372 70 Humphries,
826 2075 107 52 inc.
969 2107 13 34 [
986 2080 19 22 c
1009 2077 135 50 1932
1148 2107 14 34 ]

403 2149 82 39 117
516 2159 40 37 p.
618 2148 153 39 front.
808 2146 171 49 (port.)
1049 2146 54 40 19½
1136 2150 43 20 cm
1187 2180 6 6 .

331 2201 1991 52 © Oct. 13, 1932; 2c. Mar. 20, 1935; aff. Mar. 18; A 82013; Bruce
398 2261 310 48 Humphries,
738 2260 91 40 inc.
899 2259 251 50 (35-4394)

329 2335 269 65 Morrow,
631 2335 279 54 Clarence
936 2335 238 65 Austin,
1209 2341 324 49 1881-1926.

328 2412 1989 224 Biochemical laboratory methods for students of the biological sciences, by Clarence Austin Morrow … revised and rewritten by William Martin Sandstrom … New York, J. Wiley
331 2650 44 49 &
405 2665 145 42 sons,
579 2647 137 62 inc.;
749 2647 257 58 London,
1038 2645 304 68 Chapman
1367 2650 45 48 &
1441 2645 160 68 Hall,
1632 2644 239 70 limited,
1904 2649 149 49 1935.

397 2731 76 35 xv,
502 2719 83 39 319
614 2731 43 36 p.
716 2721 141 42 illus.,
888 2719 177 46 diagrs.
1124 2717 55 40 23½
1212 2721 43 18 cm
1262 2748 8 8 .
1385 2717 132 48 $3.75

399 2775 71 40 On
500 2785 166 30 cover:
703 2775 180 40 Second
914 2774 194 40 edition.

399 2832 348 47 Bibliography
773 2834 52 37 at
852 2832 90 38 end
969 2831 52 38 of
1045 2833 125 37 most
1198 2830 52 40 of
1276 2831 84 38 the
1384 2829 336 48 experiments.

330 2884 52 53 ©
408 2890 121 38 Mar.
556 2888 39 47 6,
622 2888 113 40 1935
754 2898 8 36 ;
792 2887 67 40 2c.
885 2888 121 38 Mar.
1035 2889 51 44 7;
1118 2887 81 39 aff.
1230 2888 121 38 Mar.
1380 2887 52 46 8;
1463 2887 40 38 A
1531 2885 168 47 80861;
1731 2886 252 39 Elizabeth
2013 2887 53 38 B.
2097 2887 220 45 Morrow,

398 2945 230 41 Phoenix,
655 2945 142 46 Ariz.,
826 2945 95 38 and
947 2943 215 41 William
1191 2945 63 38 M.
1284 2943 298 48 Sandstrom,
1615 2943 65 40 St.
1710 2943 136 39 Paul.

407 3001 250 49 (35-4360)

327 3076 203 63 Nolde,
561 3077 141 53 Otto
731 3077 170 54 Fred.

397 3153 104 67 My
535 3152 193 60 Bible;
766 3171 31 33 a
832 3152 169 67 study
1035 3153 63 52 of
1131 3152 97 51 the
1260 3152 209 51 church
1504 3151 218 52 worker
1758 3152 112 51 and
1900 3150 89 54 his
2026 3148 181 66 Bible,
2240 3150 73 66 by

330 3226 1986 69 O. Fred Nolde and Paul J. Hoh … Philadelphia, Pa., The
329 3306 1340 67 United Lutheran publication house [ c 1935]
399 3380 56 40 96
488 3392 42 36 p.
591 3380 126 40 illus.
748 3379 184 48 (maps)
1000 3380 57 39 17½
1088 3383 43 20 cm
1137 3412 7 7 .

402 3436 270 47 “Prepared
703 3438 152 38 under
884 3437 81 39 the
996 3435 219 48 auspices
1245 3435 50 40 of
1324 3436 81 38 the
1434 3434 175 40 Parish
1639 3435 94 38 and
1764 3434 178 39 church
1974 3434 161 38 school
2164 3433 146 40 hoard

330 3493 51 38 of
409 3494 81 38 the
521 3492 174 40 United
728 3492 246 39 Lutheran
1006 3492 178 39 church
1215 3491 46 38 in
1294 3489 264 40 America.”

328 3545 52 52 ©
413 3549 108 39 Jan.
554 3547 68 48 29,
658 3549 139 46 1935;
833 3548 64 41 2c.
932 3548 109 39 Feb.
1076 3548 81 45 12;
1194 3547 81 40 aff.
1310 3547 109 39 Feb.
1456 3547 51 41 9:
1543 3547 40 38 A
1618 3545 167 47 80391;
1824 3547 159 38 Board
2020 3546 51 38 of
398 3543 1894 102 publication
534 3605 51 38 of
618 3606 80 38 the
732 3604 178 40 United
943 3605 251 38 Lutheran
1225 3604 181 39 church
1438 3602 51 39 in
1520 3602 235 46 America,
1791 3601 333 48 Philadelphia

409 3661 248 48 (35-4350)

326 3736 253 63 Nyman,
608 3735 323 54 Richmond
963 3736 227 64 Carter,
1222 3741 169 48 1900-

397 3813 618 66 Union-management
1052 3812 360 66 cooperation
1451 3811 60 51 in
1549 3811 94 51 the
1683 3809 431 53 “stretch-out”;
2154 3807 158 51 labor

328 3881 1977 68 extension at the Pequof mills, by Richmond C. Nyman … in
329 3959 1980 58 collaboration with Elliott Dunlap Smith … New Haven. Pub.
