2526 4384
1103 4044 98 48 319

207 499 139 47 Maps
375 508 61 30 on
463 498 362 48 lining-papers.

210 555 157 40 Series
396 554 108 41 title
531 555 50 39 in
608 557 111 46 part
748 557 51 38 at
827 556 124 39 head
979 556 52 39 of
1057 558 96 44 t.-p.

138 612 51 53 ©
220 615 108 40 Feb.
358 615 68 47 18,
460 613 113 41 1935;
631 614 67 40 2c.
731 614 109 40 Feb.
873 614 54 39 21;
988 614 83 40 aff.
1104 614 108 40 Feb.
1246 613 54 41 23;
1362 614 41 39 A
1434 613 144 41 79787;
1640 614 211 39 Thomas
1882 614 179 39 Nelson
2094 613 36 41 &

205 682 123 30 sons.
400 671 250 49 (35-4316)

134 774 221 65 Hardy,
381 774 275 65 Thomas,
689 779 324 51 1840-1928.

205 850 94 53 An
328 852 370 53 indiscretion
725 852 63 52 in
815 851 97 54 the
939 851 105 53 life
1074 851 63 54 of
1166 870 71 34 an
1266 851 229 67 heiress,
1522 851 76 68 by
1624 851 248 52 Thomas
1903 849 224 68 Hardy.

140 929 246 68 Hardy’s
419 929 142 55 “lost
593 931 201 52 novel”
825 949 127 34 now
984 930 124 55 first
1139 931 232 65 printed
1403 932 59 51 in
1496 929 263 55 America
1794 929 112 52 and
1939 929 188 53 edited

139 1006 1990 71 with introduction and notes by Carl J. Weber … Baltimore,
137 1086 118 55 The
284 1086 183 55 Johns
497 1086 267 69 Hopkins
794 1106 174 50 press,
999 1091 149 50 1935.

207 1159 79 48 vii,
316 1159 83 41 146
427 1171 43 37 p.
501 1160 109 41 incl.
640 1172 126 37 map.
825 1173 62 37 pl.
947 1161 56 41 20
1007 1164 43 20 cm
1054 1193 9 9 .

207 1214 117 43 This
354 1219 134 46 story
519 1218 42 38 is
592 1218 246 48 reprinted
869 1218 127 40 from
1026 1219 83 40 the
1137 1218 115 42 New
1284 1220 250 47 quarterly
1566 1218 175 41 review
1772 1218 51 40 of
1853 1217 114 48 July
2000 1219 128 40 1878.

138 1274 100 41 The
271 1274 158 41 editor
463 1274 207 41 believes
706 1275 108 40 that
850 1275 51 39 in
937 1275 38 40 it
1010 1275 42 40 is
1087 1275 338 48 incorporated
1462 1275 49 39 in
1546 1275 187 40 revised
1770 1274 124 41 form
1932 1285 27 30 a
1997 1276 133 49 large

140 1334 108 45 part
277 1331 51 40 of
356 1331 100 40 The
487 1341 115 38 poor
631 1340 112 31 man
773 1331 95 40 and
897 1331 83 41 the
1010 1331 127 47 lady.
1167 1330 213 48 Hardy’s
1408 1332 93 39 lost
1531 1332 136 39 novel
1701 1332 50 40 of
1782 1332 127 39 1868.

141 1385 51 53 ©
216 1390 107 39 Feb.
348 1389 70 47 21,
441 1389 113 40 1935;
608 1389 65 39 2c.
701 1389 120 39 Mar.
848 1390 24 37 1;
929 1387 82 41 aff.
1037 1389 120 39 Mar.
1182 1388 81 47 16;
1292 1390 43 37 A
1358 1388 142 41 80988;
1555 1389 154 40 Johns
1736 1388 224 48 Hopkins
1983 1399 149 39 press.

210 1446 283 49 [Copyright
515 1447 42 38 is
583 1445 204 41 claimed
814 1455 63 29 on
899 1445 334 40 introduction
1257 1447 96 39 and
1380 1449 152 45 notes]
1604 1446 252 48 (35-1250)

139 1549 304 63 Harrison,
473 1548 182 55 Lucia
684 1548 271 64 Carolyn.

208 1625 301 69 Daylight,
549 1625 273 70 twilight,
864 1625 290 69 darkness,
1195 1627 111 53 and
1350 1626 166 68 time;
1563 1625 151 55 their
1760 1624 372 56 distribution

142 1721 130 36 over
310 1705 96 54 the
448 1705 161 52 earth
652 1704 114 53 and
806 1704 150 53 their
998 1703 404 69 relationships
1443 1710 59 48 to
1544 1704 215 53 human
1802 1702 215 70 affairs,
2059 1705 75 66 by

142 1781 1994 69 Lucia Carolyn Harrison … New York, Newark [etc.] Silver,
142 1860 924 68 Burdett and company [ c 1935]
210 1931 100 41 viii.
335 1931 87 40 216
448 1941 43 37 p.
519 1931 110 41 incl.
654 1931 164 47 front.,
846 1932 144 47 illus.,
1019 1932 178 46 diagrs.
1256 1930 57 41 20
1316 1933 44 21 cm
1364 1963 9 9 .

145 1986 51 53 ©
223 1991 120 39 Mar.
372 1990 40 46 6,
439 1988 114 42 1935;
609 1990 68 40 2c.
708 1991 95 39 and
832 1989 81 41 aff.
945 1991 122 39 Mar.
1096 1991 25 39 8;
1178 1990 41 39 A
1248 1990 143 40 80841;
1453 1990 169 47 Silver,
1653 1991 209 39 Burdett
1893 1990 36 40 &
1958 2000 68 30 co.

218 2047 251 48 (35-4273)

143 2137 305 64 Hastings,
480 2136 236 65 Shirley
744 2136 143 57 Bell.

214 2214 276 53 Freedom
525 2214 251 68 through
813 2214 248 53 creative
1096 2213 288 69 thinking,
1417 2214 75 67 by
1532 2213 229 69 Shirley
1798 2215 127 53 Bell
146 2215 1967 145 Hastings.

361 2291 1310 70 Los Angeles, Calif., DeVorss & co. [ c 1935]
215 2363 654 49 4 p. l., [11]-76 p. 19½cm.
147 2418 51 53 ©
222 2423 107 40 Jan.
355 2422 39 49 2,
422 2422 140 48 1935;
590 2423 67 39 2c.
683 2422 95 40 and
806 2422 81 40 aff.
914 2424 121 38 Mar.
1061 2423 53 46 4;
1143 2423 42 38 A
1209 2422 170 47 80763;
1413 2423 43 40 S.
1484 2423 52 38 B.
1565 2422 252 48 Hastings,
1846 2422 291 42 Cincinnati.

223 2479 248 48 (35-4138)

148 2568 273 64 Heckert,
449 2570 54 52 J.
531 2569 245 55 Brooks.

215 2643 1859 70 Wholesale accounting and control, by J. Brooks Heckert …
153 2722 1983 69 and Irving J. Stone … 1st ed. New York and London,
151 2797 424 57 McGraw-Hill
604 2818 296 50 company,
929 2800 126 67 inc.,
1086 2805 149 50 1935.

266 2872 935 49 x, 234 p. incl. diagrs., forms. 23½ cm .
150 2925 51 53 ©
224 2931 119 40 Mar.
366 2930 39 49 6,
429 2930 117 41 1935;
595 2931 65 40 2c.
687 2932 121 39 Mar.
832 2931 25 40 8;
911 2930 83 41 aff.
1018 2932 120 39 Mar.
1163 2930 55 40 12;
1272 2931 41 39 A
1336 2930 145 41 79986;
1533 2931 351 40 McGraw-Hill
1910 2932 123 39 book
2056 2940 84 33 co.,

217 2986 87 41 inc.
377 2986 250 49 (35-4159)

149 3074 175 67 Hoyt,
351 3077 148 64 Ray.

224 3150 135 55 “We
399 3171 103 35 can
540 3153 130 53 take
709 3153 110 64 it”;
863 3172 31 35 a
933 3154 158 53 short
1129 3159 157 62 story
1324 3154 64 53 of
1427 3155 95 52 the
1563 3156 61 54 C.
1668 3156 61 54 C.
1773 3155 80 67 C.,
1893 3155 76 66 by
2006 3155 126 66 Ray

154 3226 184 73 Hoyt;
370 3232 139 52 with
537 3232 379 54 illustrations
943 3234 75 66 by
1046 3233 280 53 Marshall
1354 3233 196 53 Davis.
1627 3234 137 52 New
1795 3234 179 65 York,
155 3233 1959 128 Cincinnati

415 3315 119 61 [etc.]
567 3309 305 53 American
897 3310 147 53 book
1069 3328 278 50 company
1379 3315 191 63 [c1935]

226 3379 84 43 128
340 3391 43 37 p.
441 3381 128 41 illus.
629 3382 57 39 22
688 3384 44 22 cm
736 3414 10 9 .

226 3436 159 41 Blank
413 3448 145 38 pages
587 3438 80 40 for
696 3437 179 50 “Camp
903 3437 240 49 pictures”
1175 3440 94 38 and
1302 3439 110 46 “My
1443 3438 229 41 buddies”
1714 3439 250 46 (119-128)

156 3488 51 53 ©
234 3493 109 42 Feb.
371 3495 71 47 20,
470 3495 140 48 1935;
642 3496 68 40 2c.
739 3497 95 39 and
865 3496 82 40 aff.
979 3497 121 39 Mar.
1128 3498 52 45 1;
1213 3497 42 38 A
1283 3496 170 47 80676;
1484 3497 159 39 Amer,
1674 3497 126 40 book
1826 3508 67 28 co.

233 3551 249 50 (35-4168)

153 3637 235 67 Humm,
416 3641 218 56 Bruno.

286 3717 1856 68 … Andreas Römer erzählt, roman. Zürich [ etc.] Rascher &
157 3790 448 69 cie, a.-g. [ 1934]
225 3863 271 50 524 p. 18 ½cm.
160 3914 1982 98 © Nov. 1, 1934; 1c. Jan. 8, 1935; A-Foreign 26897; Rascher & cie., a.-g., verlag·. (35-4254)
