2424 4375
1321 4031 99 51 860

362 403 308 67 Harrison,
698 405 157 53 John
880 406 289 64 Houston,
1201 406 169 55 1887-

495 480 1851 71 … Settlers by the long grey trail, some pioneers to old
362 557 262 69 Augusta
651 563 223 64 county,
901 558 285 70 Virginia,
1212 562 112 52 and
1351 560 149 53 their
1524 561 385 68 descendants,
1936 561 63 53 of
2024 563 94 52 the
2145 562 200 69 family

365 635 63 52 of
461 635 283 54 Harrison
780 639 111 52 and
927 638 171 53 allied
1133 637 158 68 lines,
1325 638 73 68 by
1433 640 55 53 J.
1525 639 262 53 Houston
1823 638 300 55 Harrison.
365 642 1959 140 Dayton,

505 715 123 65 Va.,
654 716 216 67 Joseph
897 715 73 53 K.
999 715 267 54 Ruebush
1295 734 295 50 company,
1620 721 148 50 1935.

436 786 1911 51 xii, 665, [1] p. front. (col. coat of arms) plates, map, facsims. 25½ cm .
438 845 63 39 At
542 844 123 40 head
706 845 52 40 of
797 843 134 42 title:
974 845 41 40 A
1055 844 326 41 contribution
1424 848 47 37 to
1515 846 79 39 the
1636 846 187 47 history
1864 846 95 40 and
2001 847 258 48 genealogy
2301 848 48 41 of

367 900 205 41 colonial
601 901 213 41 families
846 902 49 39 of
926 901 332 49 Rockingham
1287 905 190 46 county,
1508 902 234 49 Virginia.

438 958 333 48 Rockingham
798 962 175 44 county
1000 969 100 30 was
1125 959 189 40 formed
1340 959 128 40 from
1495 959 219 48 Augusta
1744 962 189 45 county.

437 1014 374 49 Bibliography:
845 1026 42 38 p.
920 1015 248 50 [619]-625.

367 1082 52 53 ©
450 1086 130 40 June
608 1086 69 48 28,
713 1087 139 45 1935;
887 1086 66 40 2c.
988 1088 95 38 and
1120 1086 82 40 aff.
1237 1087 115 48 July
1388 1087 52 46 1;
1476 1088 41 37 A
1548 1086 170 48 84495;
1756 1088 42 39 J.
1834 1088 57 39 H.
1929 1088 255 47 Harrison,
435 1088 1899 105 Alexandria,
653 1144 82 40 Va.
807 1142 249 48 (35-9129)

367 1246 272 54 Harvard
668 1245 312 56 travellers
1005 1245 148 57 club.

438 1323 326 54 Handbook
805 1323 62 53 of
909 1324 199 68 travel,
1150 1326 281 66 prepared
1475 1324 93 53 for
1610 1324 95 52 the
1747 1326 272 51 Harvard
2061 1326 289 52 travellers

369 1401 145 69 club,
556 1401 189 54 edited
785 1402 75 68 by
900 1402 220 68 George
1163 1402 250 55 Cheever
1456 1401 295 56 Shattuck.
1826 1403 72 52 2d
1941 1403 102 67 ed.,
2086 1421 110 36 rev.
2242 1403 107 53 and

367 1480 104 52 enl.
549 1478 360 70 Cambridge,
944 1480 189 68 Mass.,
1166 1482 272 53 Harvard
1474 1478 316 70 university
1826 1498 172 50 press,
2034 1484 148 49 1935.

442 1552 1024 49 7 p. l., [3]-510 p. illus., diagrs. 18 cm .
442 1609 215 41 “Books”
685 1613 50 36 at
764 1613 91 37 end
882 1610 52 38 of
961 1613 124 36 most
1114 1610 239 47 chapters.

442 1665 240 48 “Graphic
712 1667 215 39 traverse
956 1665 157 41 table”
1142 1675 60 30 on
1229 1664 156 41 inside
1414 1665 51 40 of
1492 1675 154 31 cover.

369 1719 53 53 ©
454 1725 112 46 Apr.
600 1725 38 41 1,
671 1722 139 48 1935;
844 1723 65 39 2c.
941 1724 111 46 Apr.
1085 1724 53 45 3;
1172 1723 81 39 aff.
1287 1723 126 40 June
1446 1722 81 47 19;
1562 1723 39 39 A
1637 1722 168 47 83764;
1842 1722 229 40 Harvard
2105 1721 248 41 travellers

437 1775 1478 53 club, ℅ Thomas Cabot, secretary, Boston. (35-9124)
371 1883 382 65 Herrington,
781 1883 223 64 Evelyn
1030 1882 256 57 Meeker.

440 1959 449 69 Homemaking;
931 1979 70 33 an
1039 1960 320 68 integrated
1397 1959 265 69 teaching
1699 1978 287 49 program,
2024 1960 74 67 by
2136 1959 213 67 Evelyn

375 2036 1974 70 M. Herrington … introduction by Anna M. Cooley … a word
373 2113 1977 71 to teachers by Marion S. Van Liew … New York, London,
374 2195 67 51 D.
477 2193 577 69 Appleton-Century
1088 2211 295 50 company,
1418 2192 396 68 incorporated
1898 2195 131 50 [c1935]

445 2267 81 42 xii.
559 2267 84 40 205
673 2278 42 37 p.
777 2267 140 47 illus.,
951 2266 178 48 diagrs.
1189 2268 47 36 21
1247 2269 44 20 cm
1296 2298 8 9 .

447 2324 347 48 Bibliography
823 2326 51 37 at
903 2324 92 40 end
1023 2323 52 40 of
1102 2324 201 46 chapter
1332 2334 27 27 v;
1417 2322 346 48 Bibliography:
1824 2332 41 37 p.
1898 2320 214 42 189-200.

373 2379 53 52 ©
459 2383 125 39 June
616 2381 69 48 20,
719 2380 141 48 1935;
894 2380 65 41 2c.
996 2382 95 39 and
1125 2380 81 41 aff.
1241 2381 125 39 June
1403 2380 80 46 22;
1519 2381 41 38 A
1594 2378 170 48 83749;
1801 2380 55 38 D.
1890 2377 463 49 Appleton-Century

442 2450 82 36 co.,
552 2439 90 40 inc.
713 2437 249 49 (35-9179)

374 2542 254 64 Hevner,
655 2543 173 62 Kate,
859 2547 168 50 1898-

504 2613 1845 73 … Visual outline of psychology, by Kate Hevner … New
377 2696 177 66 York,
591 2697 270 64 Toronto,
898 2696 344 67 Longmans,
1281 2695 185 54 Green
1506 2695 111 52 and
1655 2711 77 36 co.
1958 2725 13 32 [c1935]

445 2769 24 39 1
495 2778 43 39 p.
563 2769 46 47 1.,
635 2767 56 41 97
713 2778 43 39 p.
816 2767 55 39 21
875 2768 43 22 cm
922 2799 8 9 .
996 2767 257 48 (Students
1281 2766 182 41 outline
1489 2765 173 48 series)

444 2824 320 41 Interleaved.

377 2879 53 52 ©
458 2883 113 46 May
597 2882 70 46 15,
694 2880 113 41 1935;
866 2880 64 40 2c.
960 2881 95 38 and
1085 2879 81 41 aff.
1198 2880 113 46 May
1340 2878 54 40 18;
1456 2878 39 39 A
1524 2876 147 42 81890;
1725 2878 287 47 Longmans,
2044 2876 154 41 Green
2227 2876 34 39 &
2290 2881 62 34 co.

455 2938 250 49 (35-9010)

377 3041 299 64 Hoffman,
705 3039 252 56 William
990 3040 244 63 George,
1267 3044 170 49 1882-

449 3110 1845 75 The public speaker’s scrapbook, by William G. Hoffman …
383 3198 137 51 New
574 3195 178 67 York,
803 3196 256 64 London,
1107 3194 340 66 Whittlesey
1500 3193 187 66 house,
1738 3190 426 56 McGraw-Hill
2214 3187 137 55 book

380 3292 295 49 company,
704 3273 105 52 inc.
1023 3304 12 34 [c1935]

447 3348 63 45 xi,
541 3345 87 41 269
653 3356 41 37 p.
751 3344 54 40 21
809 3347 44 20 cm
859 3376 8 8 .

449 3402 163 39 “First
638 3400 225 42 edition.”

380 3455 53 52 ©
459 3460 128 39 June
608 3459 68 47 27,
704 3456 139 47 1935;
872 3457 63 39 2c.
965 3457 124 39 June
1115 3455 57 40 27;
1227 3454 81 41 aff.
1337 3455 125 39 June
1490 3454 82 47 29;
1600 3455 39 38 A
1666 3454 167 45 83854;
1865 3449 346 43 McGraw-Hill
2239 3446 111 43 book

450 3526 80 35 co.,
565 3515 88 39 inc.
724 3512 248 49 (35-9142)

382 3616 179 64 Houf,
588 3618 226 51 Horace
838 3614 274 65 Thomas,
1142 3619 169 50 1889-

450 3693 175 54 What
657 3691 242 68 religion
931 3693 47 51 is
1011 3692 107 52 and
1158 3691 158 64 does;
1354 3708 72 34 an
1458 3688 385 53 introduction
1877 3694 58 46 to
1967 3687 96 53 the
2094 3682 167 67 study
2292 3677 56 56 of

384 3754 1962 80 its problems and values, by Horace T. Houf … New York and
385 3845 250 63 London,
665 3843 228 67 Harper
919 3846 46 50 &
988 3843 275 63 brothers,
1292 3844 148 50 1935.

450 3916 101 47 viii,
583 3915 85 40 411
700 3926 42 37 p.
803 3916 176 47 diagrs.
1039 3914 56 39 22½cm.

452 3972 159 40 “First
649 3970 223 42 edition.”
