2526 4384
1100 4031 100 53 287

156 505 197 69 Spain,
381 506 309 55 assistants,
756 526 50 34 v.
837 511 81 49 95.
982 510 175 50 From
1184 510 143 65 July
1354 508 84 67 27,
1468 511 152 64 1392,
1647 514 58 47 to
1734 509 295 67 February
2061 507 82 68 17,

156 588 146 52 1933.
369 584 416 69 Indianapolis,
808 588 149 53 Wm.
989 588 67 52 B.
1087 586 260 53 Burford
1377 586 264 69 printing
1669 604 99 50 co.,
1798 590 149 49 1934.

218 670 133 48 xxix,
380 671 85 40 734
494 682 43 37 p.
594 671 152 48 diagr.
803 671 146 40 22½cm.

154 739 51 53 ©
235 744 112 46 May
377 743 68 47 17,
476 742 115 40 1934;
648 743 67 39 2c.
748 743 110 40 Feb.
889 742 58 40 18;
1005 742 82 40 aff.
1119 744 121 38 Mar.
1271 742 56 39 21;
1388 743 43 38 A
1460 743 146 40 81184;
1667 743 140 40 State
1836 743 54 39 of
1920 742 223 49 Indiana,

221 799 345 48 Indianapolis.

152 902 302 66 Jacobsen,
482 905 138 52 Mrs.
650 902 271 65 Virginia
949 903 186 55 Budd.

225 993 120 52 The
376 998 229 63 strange
638 995 338 54 adventures
1009 992 63 54 of
1103 994 220 67 Jimmy
1352 993 280 68 Microbe;
1667 993 199 56 stories
1900 994 64 53 of
1995 995 148 67 good

157 1071 190 53 health
377 1070 206 69 habits,
612 1071 75 68 by
717 1070 268 69 Virginia
1016 1072 171 54 Budd
1218 1072 278 54 Jacobsen
1527 1073 113 52 and
1671 1074 222 66 Lyman
1925 1074 217 52 Luther

155 1147 1981 72 Daines … illustrated by Kay Russon. [Salt Lake City, 1934]
226 1236 56 40 95
314 1245 42 37 p.
414 1235 130 40 illus.
604 1235 117 40 20cm.

153 1303 51 53 ©
232 1308 109 39 Dec.
369 1308 69 45 17,
464 1305 114 41 1934;
633 1306 67 40 2c.
728 1307 108 39 Jan.
864 1307 40 47 3,
932 1306 116 41 1935;
1102 1306 79 40 aff.
1211 1307 109 39 Jan.
1348 1306 56 40 18;
1459 1307 44 38 A
1527 1305 145 41 80065;
1726 1307 54 39 V.
1809 1308 54 38 B.
1892 1306 250 47 Jacobsen,

224 1364 106 42 Salt
352 1364 132 40 Lake
547 1364 84 48 City.
702 1363 250 49 (35-2839)

150 1467 236 64 Jordan,
415 1466 154 54 Emil
595 1467 272 64 Leopold.

223 1541 1857 71 Kultur-geographie von Deutschland [by] Emil L. Jordan …
155 1620 1984 70 pictorial maps by William P. Hudson … New York, F. S.
157 1698 194 56 Crofts
379 1704 45 50 &
451 1718 99 49 co.,
581 1704 149 51 1935.

225 1786 64 48 xi,
317 1785 146 41 3-126
491 1794 43 37 p.
563 1785 108 40 incl.
703 1785 128 40 illus.
860 1785 134 48 (incl.
1023 1784 162 49 maps)
1225 1786 170 48 plates,
1426 1786 180 48 diagrs.
1665 1784 117 41 21cm.

153 1854 51 53 ©
231 1859 106 39 Jan.
367 1857 70 48 25,
467 1858 140 47 1935;
638 1858 68 40 2c.
735 1858 109 40 Feb.
947 1868 9 37 18;
989 1857 82 40 aff.
1103 1857 110 40 Feb.
1243 1857 82 47 14;
1357 1856 45 42 A
1429 1856 170 48 80751;
1632 1857 52 39 F.
1717 1856 44 41 S.
1794 1856 169 40 Crofts
1992 1857 38 40 &
2059 1867 83 37 co.,

219 1915 88 41 inc.
377 1915 250 49 (35-3672)

152 2017 310 66 Kendrick,
490 2018 278 64 Baynard
797 2019 75 55 H.

222 2093 183 54 Blood
453 2112 71 34 on
573 2093 127 53 lake
748 2093 228 68 Louisa,
1024 2094 76 68 by
1150 2093 274 68 Baynard
1473 2091 78 53 H.
1603 2090 312 54 Kendrick.
2004 2090 137 53 New

151 2169 175 70 York,
355 2170 328 70 Greenberg
734 2173 176 65 [c1934]

216 2256 911 49 4 p. l., 242 p. illus. (map) 19cm.
154 2326 51 53 ©
238 2330 101 41 Oct.
372 2331 68 47 25,
474 2331 116 40 1934;
648 2331 67 39 2c.
749 2331 97 39 and
879 2329 81 41 aff.
994 2331 122 38 Mar.
1148 2331 68 45 14,
1252 2328 113 41 1935;
1428 2329 40 39 A
1500 2328 144 41 79996:
1708 2329 286 47 Greenberg,
216 2331 1910 104 publisher,
410 2389 89 39 inc.
569 2387 250 50 (35-3668)

152 2488 298 67 Kennedy,
480 2488 209 55 Albert
718 2489 239 65 Joseph,
988 2490 171 55 1879-

224 2566 186 55 Social
449 2569 348 52 settlements
834 2568 61 52 in
935 2567 140 53 New
1117 2567 162 53 York
1319 2566 134 66 city,
1491 2566 151 53 their
1681 2565 298 66 activities,
154 2565 1961 146 policies,

351 2645 112 53 and
513 2644 482 66 administration,
1043 2644 75 66 by
1165 2644 206 53 Albert
1417 2644 58 53 J.
1522 2643 300 67 Kennedy,
1870 2642 272 67 Kathryn

154 2720 181 54 Farra
387 2722 113 53 and
551 2721 313 53 associates.
973 2720 140 54 [New
1164 2719 179 67 York]
1398 2720 145 53 Pub.
1594 2719 95 54 for
1738 2720 96 53 the
1883 2718 258 56 Welfare

157 2798 215 53 council
423 2798 65 53 of
537 2798 139 53 New
730 2796 164 54 York
945 2797 115 67 city
1111 2797 74 67 by
1238 2797 301 56 Columbia
1592 2796 320 68 university
1965 2815 174 49 press,

156 2877 146 52 1935.

222 2959 1912 51 xix p., 2 l., [3]-599 p., 1 l. illus., maps (part fold.) tables (1 fold.)
155 3017 175 49 diagrs.
389 3016 114 41 24cm.
573 3018 298 48 (Half-title:
906 3016 194 42 Studies
1131 3016 52 41 of
1214 3018 81 39 the
1328 3016 245 41 Research
1605 3016 184 40 bureau
1823 3016 52 41 of
1908 3016 81 41 the
153 3017 1972 98 Welfare
287 3074 198 42 council,
543 3085 74 30 no.
648 3074 52 49 2)

224 3145 72 41 On
321 3156 139 31 cover:
516 3146 216 41 Welfare
763 3145 187 41 council
978 3145 163 40 series.

225 3197 1919 55 “The study … was undertaken by the Research bureau of the welfare
156 3260 182 40 council
375 3260 52 41 of
462 3261 117 39 New
614 3260 131 40 York
782 3259 99 49 city
917 3262 54 38 at
1007 3260 82 40 the
1127 3261 193 46 request
1358 3259 52 40 of
1448 3259 83 40 the
1567 3257 179 41 United
1783 3255 358 50 neighborhood

155 3315 171 43 houses
358 3318 95 39 and
483 3328 101 30 was
614 3316 190 41 carried
837 3317 211 46 through
1077 3317 152 39 under
1261 3317 84 39 the
1374 3317 194 46 general
1602 3313 237 50 guidance
1871 3314 52 40 of
1955 3325 26 29 a
2015 3314 126 48 joint

156 3373 586 41 committee.”—Editor’s
770 3374 256 45 foreword,
1058 3373 167 47 signed:
1283 3373 132 39 Neva
1449 3373 53 38 R.
1536 3370 273 42 Deardorff.

157 3439 51 53 ©
230 3444 107 40 Feb.
360 3444 68 48 20,
453 3444 115 41 1935;
617 3445 65 40 2c.
707 3444 111 40 Feb.
842 3444 55 39 25;
950 3443 81 40 aff.
1057 3444 109 39 Feb.
1188 3443 55 40 23;
1298 3443 40 38 A
1362 3442 147 41 80566;
1560 3441 249 41 Columbia
1836 3440 128 40 univ.
1991 3449 149 38 press.

234 3501 246 49 (35-3613)

155 3602 160 66 Kint,
342 3604 153 54 John
522 3604 242 55 Walter.

229 3678 210 69 Poems,
465 3679 76 69 by
572 3680 56 54 J.
659 3679 91 54 W.
779 3679 165 53 Kint.
1015 3683 81 49 1st
1130 3679 83 53 ed.
1304 3678 112 52 [Los
1449 3677 264 67 Angeles,
1747 3676 70 52 D.
1853 3674 62 55 C.
1946 3674 193 68 Welty

155 3753 258 72 printing
437 3774 297 52 company,
759 3759 176 64 c1934]

220 3839 1035 53 3 p. l., [1], 149 p. front. (port.) 20cm.
161 3907 52 53 ©
243 3913 108 41 Feb.
415 3946 9 16 1,
454 3914 139 48 1935;
628 3916 67 39 2c.
727 3915 111 39 Feb.
869 3914 82 42 16;
988 3912 81 42 aff.
1102 3914 108 39 Feb.
1244 3913 81 46 15;
1360 3913 40 39 A
1432 3912 169 46 79663;
1638 3912 43 39 J.
1713 3912 70 39 W.
1818 3909 134 46 Kint,
1989 3908 153 40 South

226 3969 265 50 Pasadena,
525 3971 142 42 Calif.
737 3971 249 49 (35-3582)
