2424 4375
1052 3964 131 48 1841

145 392 255 64 Andrea,
429 393 332 63 Raymund.

215 467 1913 70 The technique of the disciple, by Raymund Andrea … San
144 547 150 66 Jose,
330 545 195 67 Calif.,
560 545 275 68 Supreme
866 546 183 68 grand
1080 546 168 67 lodge
1280 546 63 52 of
1376 545 302 67 AMORC,
1711 545 274 69 Printing
2019 547 106 51 and

144 622 334 69 publishing
507 622 152 69 dept.
696 655 14 34 [
714 629 19 22 c
736 625 152 64 1935]

211 692 86 43 184
326 703 44 39 p.
428 693 146 41 20½cm.
644 693 339 48 (Rosicrucian
1013 691 198 50 library,
1242 693 93 42 vol.
1366 693 107 49 xvi)

211 763 163 42 “First
405 762 226 42 edition.”

211 819 313 49 Advertising
549 820 206 40 matter:
784 830 44 38 p.
854 818 215 42 170-184.

144 890 53 53 ©
220 893 120 49 Aug.
367 893 70 48 10,
461 893 111 41 1935;
629 894 67 40 2c.
723 894 95 40 and
844 893 81 40 aff.
953 894 111 39 Dec.
1092 892 53 47 9;
1174 893 41 39 A
1241 893 170 47 88589;
1440 893 236 49 AMORC,
1707 895 99 39 San
1831 895 125 47 .Jose,
1987 892 143 44 Calif.

221 950 191 48 (36-35)

203 1050 1823 69 … Angleterre, Ecosse. Irlande … Paris, Hachette, 1934.
214 1124 1741 50 lxxi, 462 p., 1 l. maps (part fold.) 16 cm . (Les guides bleus)
213 1183 138 47 Maps
381 1193 59 30 on
473 1184 79 39 the
583 1184 273 39 end-sheets

144 1248 1970 103 © Sept. 21, 1934; 1c. Mar. 5, 1935; A-Foreign 27116; Librairie Hachette.
140 1413 211 63 Baker,
378 1414 192 53 Lewis
595 1413 298 65 Franklin,
922 1414 83 53 ed.

210 1490 182 53 Lewis
422 1493 65 51 F.
519 1490 233 53 Baker’s
781 1493 108 51 law
920 1491 111 52 and
1061 1491 102 52 bar
1193 1489 230 67 review;
1458 1510 30 33 a
1518 1491 229 53 treatise
1778 1510 71 33 on
1879 1492 95 52 the
140 1492 1965 143 subject

281 1568 63 52 of
375 1587 212 48 agency
617 1568 139 52 with
786 1568 209 67 special
1024 1568 284 53 reference
1337 1574 62 47 to
1426 1568 227 54 Illinois
1683 1587 166 34 cases.
1917 1569 212 52 Edited

140 1644 1991 69 by Lewis F. Baker … [Chicago, Ill., Mimeographed by the
139 1723 203 53 Public
368 1724 166 52 letter
560 1723 226 66 service]
817 1729 19 21 c
842 1726 148 50 1935.

212 1795 832 49 1 p. l., 81 numb. l. 33 × 21½ cm .
211 1853 122 40 Text
363 1863 116 29 runs
510 1853 203 47 parallel
745 1852 119 40 with
893 1852 122 40 back
1044 1851 53 40 of
1125 1861 154 31 cover.

142 1919 53 53 ©
219 1923 114 48 Apr.
359 1923 68 47 19,
453 1922 114 41 1935;
622 1922 67 40 2c.
715 1923 96 39 and
837 1921 81 42 aff.
946 1923 114 46 May
1085 1923 52 45 1;
1167 1921 41 39 A
1233 1920 170 48 82855;
1433 1921 49 40 L.
1512 1921 49 38 F.
1590 1922 176 47 Baker,
1795 1920 220 50 Chicago.

139 2041 174 63 Bard,
345 2040 254 56 William
632 2042 84 63 E.,
751 2046 170 48 1892-

208 2119 57 53 A
299 2118 149 54 little
483 2117 164 53 flame
683 2118 204 66 blown,
921 2117 76 66 by
1028 2118 89 54 W.
1154 2118 68 51 E.
1258 2116 176 53 Bard.
1508 2116 219 68 Dallas,
1761 2118 122 53 The
140 2116 1963 134 Southwest
301 2215 173 49 press,
502 2199 150 51 1934.

206 2266 59 41 99
287 2277 44 39 p.
389 2265 58 42 19
447 2267 44 23 cm
497 2297 9 9 .

207 2323 185 41 Poems.

143 2394 55 53 ©
231 2400 122 38 Mar.
391 2399 39 46 1,
469 2397 113 39 1934;
647 2395 67 40 2c.
753 2396 94 39 and
884 2394 82 40 aff.
1005 2395 110 39 Dec.
1153 2394 69 46 21,
1262 2393 113 41 1935;
1442 2395 41 39 A
1520 2394 170 48 89970;
1730 2396 180 48 Poetry
1946 2407 93 29 soc.
2078 2398 54 40 of

214 2456 171 45 Texas,
417 2455 186 39 Dallas.
674 2451 219 49 (36-120)

139 2557 279 63 Bartlett,
447 2555 233 54 Arthur
709 2555 62 57 C.

208 2632 233 54 Yankee
473 2631 220 52 Doodle;
753 2631 96 52 the
879 2635 158 62 story
1069 2629 64 53 of
1163 2649 30 33 a
1228 2629 229 67 pioneer
1489 2630 111 67 boy
1627 2630 114 53 and
1770 2631 88 52 his
1892 2633 129 67 dog,
2054 2633 72 67 by

137 2710 224 52 Arthur
386 2709 62 54 C.
475 2709 278 65 Bartlett;
781 2708 323 52 illustrated
1129 2707 76 66 by
1228 2707 227 52 Harold
1480 2707 131 53 Cue.
1687 2708 234 67 Boston,
1942 2710 89 51 W.
2057 2710 69 51 A.

135 2788 191 54 Wilde
359 2803 280 50 company
678 2818 13 33 [
695 2791 19 22 c
719 2787 151 64 1935]

208 2860 87 41 318
326 2871 44 38 p.
429 2860 150 39 front.
638 2857 144 41 19½cm.

142 2927 53 53 ©
228 2931 102 40 Oct.
364 2930 69 46 10,
466 2928 113 41 1935;
642 2928 68 40 2c.
744 2929 111 38 Dec.
888 2927 82 46 30;
1008 2926 82 40 aff.
1126 2927 109 39 Dec.
1272 2926 82 47 28;
1391 2927 40 38 A
1466 2926 169 48 90055;
1674 2930 72 39 W.
1779 2930 52 38 A.
1869 2928 156 41 Wilde
2059 2942 67 29 co.

219 2986 190 50 (36-72)

139 3090 249 64 Bekker,
418 3089 163 64 Paul,
613 3093 171 50 1882-

272 3162 1854 70 … The changing opera; translated by Arthur Mendel. [New
141 3244 1399 67 York] W. W. Norton & company, inc. [ c 1935]
206 3329 76 37 xv,
318 3315 175 42 17-319
526 3326 42 37 p.
627 3314 164 47 front.,
828 3315 148 46 ports.
1036 3312 55 39 22½
1123 3314 44 21 cm
1173 3344 8 8 .

212 3374 162 40 “First
400 3371 224 42 edition.”

213 3429 296 48 “Bird’s-eye
531 3428 123 39 view
681 3427 54 39 of
758 3427 85 39 the
867 3425 188 48 history
1081 3425 53 40 of
1161 3424 173 49 opera”:
1392 3436 42 37 p.
1463 3424 215 42 297-309.

143 3499 53 53 ©
226 3504 117 38 Nov.
374 3500 69 46 21,
475 3499 141 45 1935;
651 3498 66 39 2c.
747 3498 112 38 Dec.
890 3496 82 46 11;
1009 3494 79 40 aff.
1122 3497 110 38 Dec.
1268 3495 81 47 10;
1384 3496 41 38 A
1457 3496 170 46 88603;
1662 3497 71 40 W.
1768 3499 71 39 W.
1873 3500 184 40 Norton
2092 3503 36 39 &

221 3558 189 49 (36-78)

140 3661 310 63 Bellinger,
481 3657 209 54 Alfred
721 3654 325 63 Raymond,
1078 3658 170 49 1893-

209 3737 121 54 The
370 3735 172 65 sixth,
583 3730 232 56 seventh
858 3730 110 53 and
1010 3730 163 53 tenth
1214 3730 161 52 Dura
1416 3729 228 68 hoards,
1684 3730 77 70 by
1802 3733 211 54 Alfred
2055 3736 70 53 R.

144 3814 306 67 Bellinger.
523 3810 141 52 New
717 3806 179 68 York,
950 3806 120 52 The
1124 3805 306 53 American
1483 3807 364 61 numismatic
1896 3812 229 68 society,

143 3894 149 50 1935.
