2424 4375
1219 4038 129 51 1002

379 489 854 50 5 p. l., 28 p., 1 l. diagrs. 23 cm .
379 546 63 38 At
466 546 124 39 head
616 546 52 39 of
692 546 108 41 title:
855 547 101 41 The
982 547 220 42 Catholic
1230 548 270 50 university
1528 552 51 39 of
1606 552 236 40 America.

379 600 171 41 Thesis
579 602 106 48 (PH.
739 602 327 49 D.)—Catholic
1093 605 270 49 university
1391 607 51 39 of
1466 606 236 48 America,
1732 608 128 41 1935.

382 658 122 40 Vita.

409 714 290 43 "References
723 719 49 38 to
799 717 82 40 the
905 716 258 43 literature
1186 718 156 42 cited”:
1397 730 43 38 p.
1467 719 158 43 26-28.

309 780 52 52 ©
387 785 124 40 June
535 787 39 43 1,
599 786 138 47 1935;
766 786 65 41 2c.
858 788 95 40 and
978 788 80 39 aff.
1086 789 128 39 June
1240 790 25 39 7;
1320 789 40 39 A
1387 788 171 50 84145;
1586 790 224 41 Catholic
1833 790 128 41 univ.
1989 791 51 40 of
2065 790 236 44 America.

387 842 279 49 (35-12636)

309 945 309 65 Scortecci,
651 948 309 65 Giuseppe.

440 1022 1861 74 … Mendicanti d’amore; con 36 fotografie d’arte di Achille
309 1099 1294 74 Bologna. Milano, A. Mondadori [ c 1935]
379 1175 1912 54 4 p. l. , 13-136, [2] p. 36 pl. on 18 1. 22 cm . (On cover: I libri curiosi)
305 1240 1996 57 © Nov. 30, 1934; 1c. May 25, 1935; A-Foreign 27946; Casa éditrice
374 1303 52 38 A.
453 1303 300 40 Mondadori.
825 1303 278 49 (35-12641)

309 1406 275 65 Seronde,
612 1408 239 64 Joseph,
880 1408 84 54 ed.

430 1484 1805 72 … Three classic French plays … edited by Joseph Seronde …
306 1560 1988 74 and Henri Peyre … Boston, New York [etc.] D. C. Heath and
307 1658 278 50 company
659 1644 151 64 [1935]

375 1723 39 35 v,
454 1712 83 39 253
579 1722 42 37 p.
682 1711 163 50 front.,
885 1713 126 40 illus.
1042 1713 158 48 (map)
1250 1715 148 45 ports.
1458 1711 58 42 20½
1547 1715 44 21 cm
1595 1749 8 7 .
1684 1712 228 48 (Heath’s
1956 1712 195 41 modern
303 1709 1972 107 language
485 1769 173 47 series)

415 1825 302 47 Bibliography:
771 1835 45 37 p.
845 1824 98 42 8-9.

649 1880 311 43 CONTENTS.—Corneille,
1065 1893 24 29 Le
1122 1881 163 41 Cid.—
1290 1882 210 41 Molière.
1564 1883 89 39 Les
1685 1882 271 48 précieuses
1993 1881 298 42 ridicules.—R
347 1948 23 29 a
380 1938 117 40 cine.
552 1938 350 48 Andromaque.

302 2005 52 54 ©
390 2012 117 45 Aug.
545 2011 40 46 2,
621 2009 117 42 1935;
802 2010 66 40 2c.
906 2011 95 40 and
1039 2011 82 39 aff.
1157 2011 120 47 Aug.
1314 2011 29 39 6;
1405 2012 41 38 A
1486 2010 170 47 84873;
1695 2012 180 47 Joseph
1917 2012 223 48 Seronde,
2178 2012 116 39 New

455 2079 104 35 Haven,
600 2069 95 39 and
737 2068 153 39 Henri
929 2068 166 48 Peyre,
1137 2067 157 46 Cairo,
1340 2069 171 48 Egypt.
1584 2067 282 50 [Copyright
1906 2069 41 38 is
1989 2068 204 41 claimed
2233 2077 58 29 on

367 2125 207 47 préface,
611 2127 233 44 contents,
877 2124 352 49 bibliography,
1266 2123 344 49 introduction,
1646 2126 96 39 and
1777 2125 227 40 material
2038 2124 257 50 preceding

369 2183 119 38 each
514 2183 114 46 play
652 2183 97 38 and
772 2181 310 50 vocabulary]
1154 2182 280 46 (35-12683)

302 2283 254 63 Snoddy,
585 2284 226 64 George
837 2285 252 63 Samuel,
1120 2291 170 49 1882-

374 2359 283 55 Evidence
697 2361 93 53 for
827 2368 110 49 two
978 2363 248 66 opposed
1267 2380 281 49 processes
1589 2364 53 50 in
1687 2364 207 51 mental
1936 2362 240 67 growth,
2215 2362 70 65 by

301 2434 1962 155 George S. Snoddy … [Lancaster, Pa.. The Science press printing company] 1935.
373 2590 82 41 103
486 2602 42 37 p.
589 2593 18 37 1
646 2591 141 44 illus.,
820 2591 176 47 diagrs.
1058 2591 53 39 23
1115 2594 15 20 cm
1165 2625 6 5 .

299 2645 52 52 ©
379 2649 125 40 June
528 2650 40 41 4,
597 2648 112 40 1935;
766 2648 66 40 2c.
862 2649 92 40 and
983 2648 82 41 aff.
1093 2649 126 39 June
1245 2649 82 45 11;
1357 2649 39 38 A
1423 2647 169 47 83536;
1624 2648 52 40 G.
1709 2647 43 41 S.
1784 2646 206 48 Snoddy,
366 2639 1906 115 Bloomington,
495 2707 104 37 Ind.
670 2705 279 47 (35-12014)

300 2808 303 64 Snowden,
632 2810 203 52 James
862 2809 222 63 Henry.

370 2885 327 55 Snowden’s
757 2886 236 68 Sunday
1049 2886 190 52 school
1297 2886 236 55 lessons;
1592 2884 274 69 practical
1924 2881 360 71 expositions,

293 2965 347 65 evangelical
666 2965 112 52 and
802 2965 358 52 unsectarian
1185 2964 63 52 of
1270 2964 95 52 the
1389 2962 420 54 International
1836 2961 237 67 Sunday
2096 2959 188 55 school

297 3043 227 65 lessons,
556 3042 295 66 improved
884 3040 258 55 uniform
1170 3043 197 50 series:
1401 3057 191 37 course
1625 3040 93 53 for
1751 3043 148 49 1936.
1970 3041 89 65 By
2092 3040 191 53 James

297 3120 75 52 H.
411 3119 296 53 Snowden.
779 3120 129 50 15th
943 3121 210 51 annual
1186 3119 236 52 volume.
1492 3119 139 52 New
1663 3118 179 66 York,
1875 3118 119 51 The
299 3112 1959 141 Macmillan
420 3215 295 49 company,
744 3200 147 50 1935.

365 3270 131 46 xxiv,
527 3269 84 41 382
639 3280 44 37 p.
741 3270 55 39 18
798 3271 44 21 cm
847 3301 8 7 .

298 3322 51 52 ©
375 3326 119 47 Aug.
522 3327 68 45 13,
619 3326 113 39 1935;
790 3326 64 39 2c.
882 3325 95 40 and
1002 3325 82 40 aff.
1111 3326 120 46 Aug.
1259 3326 55 37 14;
1371 3326 39 37 A
1440 3322 142 43 85494;
1638 3323 281 40 Macmillan
1948 3333 68 29 co.
2078 3320 119 41 6812

300 3428 286 62 Solomon,
617 3430 261 62 Charles,
909 3433 170 50 1896-

367 3506 388 67 Prescription
787 3505 232 69 writing
1048 3506 110 54 and
1192 3505 347 67 formulary;
1572 3505 95 52 the
1699 3513 86 42 art
1818 3503 62 52 of
1911 3501 368 69 prescribing,

292 3575 1985 77 by Charles Solomon … with a foreword by Lewellys F. Barker,
302 3654 1950 155 M. D.; 32 illustrations. Philadelphia, London [etc.] J. B. Lippincott company [ c 1935]
363 3823 79 27 XX.
486 3810 57 48 [2],
570 3812 85 38 351
682 3822 41 35 p.
781 3796 126 53 illus.
963 3809 54 39 23½
1050 3812 43 20 cm
1099 3840 8 8 .

361 3866 373 47 Bibliography:
764 3876 44 37 p.
837 3863 216 42 291-294.

299 3919 51 52 ©
409 3924 44 38 July
518 3923 37 45 5,
580 3923 139 45 1935;
747 3923 66 39 2c.
839 3921 94 41 and
959 3920 79 41 aff.
1066 3921 115 46 July
1204 3919 82 47 10;
1312 3920 39 38 A
1378 3918 169 43 83988;
1577 3919 42 40 J.
1646 3919 54 39 B.
1727 3917 274 49 Lippincott
2028 3926 67 30 co.

377 3978 278 48 (35-11599)
