2424 4375
1229 4080 135 51 1404

295 469 224 64 Potter,
546 470 193 65 Philip
769 471 307 65 Sheridan,
1105 473 170 53 1875-

365 546 292 53 Pediatric
690 549 332 64 treatment;
1062 566 31 33 a
1127 548 231 51 manual
1392 547 64 54 of
1487 549 95 54 the
1616 552 306 49 treatment
1954 550 64 52 of
2049 547 95 55 the
296 548 1968 129 diseases
489 624 65 53 of
595 623 223 56 infants
862 625 112 53 and
1016 622 259 55 children
1316 624 272 69 designed
1631 645 59 34 as
1735 645 32 34 a
1807 626 285 55 reference
2134 626 156 53 work

296 703 303 68 especially
629 701 93 54 for
749 702 95 53 the
873 703 229 68 general
1132 702 373 69 practitioner
1536 703 112 54 and
1678 702 328 70 physicians
2032 703 258 72 entering

296 779 1993 72 the field of pediatrics, by Philip S. Potter … New York, The
298 857 331 54 Macmillan
660 876 296 51 company,
991 861 150 51 1935.

368 932 115 48 xvii,
513 932 87 41 578
628 943 43 37 p.
729 932 58 40 24
789 935 45 21 cm
839 965 9 9 .

369 989 225 40 Includes
625 987 362 43 “References”.

296 1042 52 53 ©
379 1046 127 47 Sept.
534 1047 69 44 17,
632 1044 139 48 1935;
803 1046 63 39 2c.
894 1046 95 40 and
1018 1046 79 39 aff.
1131 1045 127 48 Sept.
1288 1046 54 40 18;
1400 1046 43 39 A
1469 1045 168 48 87056;
1670 1047 279 39 Macmillan
1979 1058 67 31 co.
377 1101 279 50 (35-18798)

306 1198 470 68 [Prentice-Hall,
804 1200 128 65 inc.,
959 1202 139 53 New
1127 1201 179 66 York]

370 1275 1922 70 Public utility act of 1935, with summary … [New York,
303 1356 151 66 1935]

369 1426 57 40 77
456 1435 44 38 p.
559 1424 55 41 23½
647 1427 44 21 cm
695 1456 9 9 .

371 1481 1020 49 “Copyright … by Prentice-Hall, inc.”
372 1539 128 40 “The
537 1539 170 40 Public
743 1538 166 48 utility
946 1541 78 39 act
1064 1539 50 39 of
1152 1538 113 41 1935
1305 1548 100 31 was
1442 1541 243 46 approved
1722 1540 61 48 by
1821 1541 81 39 the
1940 1541 253 41 President
2232 1552 57 30 on

300 1597 190 46 August
515 1595 70 48 26,
613 1594 156 42 1935.”

299 1651 52 53 ©
387 1656 127 47 Sept.
549 1653 68 48 19,
652 1654 115 40 1935;
828 1654 65 40 2c.
929 1653 103 43 Oct.
1065 1653 53 43 2;
1156 1653 82 41 aff.
1274 1653 103 41 Oct.
1409 1655 53 44 4;
1498 1654 43 39 A
1570 1653 170 48 87489;
1780 1653 370 47 Prentice-Hall,
2186 1656 103 48 inc.,

367 1713 115 39 New
509 1712 143 39 York.
723 1710 279 48 (35-18970)

371 1806 284 53 Taxation
693 1803 270 70 affecting
999 1804 105 55 life
1141 1805 311 67 insurance,
1489 1804 105 53 life
1632 1805 297 53 insurance
1966 1811 176 47 trusts
2182 1804 108 53 and

303 1884 298 53 annuities.
675 1883 93 51 An
813 1881 363 69 explanation
1222 1882 63 54 of
1327 1882 95 54 the
1465 1881 239 53 Federal
1746 1883 233 67 income,
2022 1882 117 68 gift
2182 1881 106 53 and

303 1968 172 46 estate
510 1966 98 47 tax
643 1960 153 68 laws,
833 1959 110 52 and
976 1960 96 53 the
1110 1965 141 48 state
1289 1959 364 68 inheritance,
1688 1959 117 67 gift
1840 1960 111 52 and
1988 1965 172 48 estate
2195 1966 94 46 tax

303 2039 136 51 laws
473 2036 269 69 affecting
774 2035 104 55 life
912 2035 312 69 insurance,
1257 2035 105 55 life
1395 2037 294 52 insurance
1721 2041 192 62 trusts,
1949 2037 113 53 and
302 2037 1963 132 annuities.
498 2117 132 49 1935
666 2114 83 54 ed.
849 2113 136 55 [New
1022 2113 177 67 York,
1233 2113 447 68 Prentice-Hall,
1712 2114 126 67 inc.,
1873 2120 18 22 c
1897 2116 150 65 1935]

371 2197 42 37 v,
442 2185 86 41 170
553 2196 43 38 p.
656 2185 57 41 18½
744 2187 44 22 cm
793 2217 9 9 .

374 2241 1018 50 “Copyright … by Prentice-Hall, inc.”
298 2300 52 53 ©
388 2305 127 46 Sept.
550 2302 69 48 28,
656 2301 140 47 1935;
833 2302 62 40 2c.
932 2301 102 42 Oct.
1069 2301 53 45 2;
1160 2301 83 39 aff.
1281 2302 102 39 Oct.
1417 2302 53 45 4;
1509 2302 40 38 A
1584 2301 169 47 87491;
1793 2301 372 47 Prentice-Hall,
2201 2301 87 39 inc.

381 2359 279 48 (35-18984)

305 2450 183 64 Price,
518 2453 137 50 Mrs.
687 2450 305 64 Margaret
1022 2449 261 66 (Evans)
1323 2454 170 50 1888-

374 2527 159 53 Mota
565 2527 111 52 and
707 2525 95 54 the
837 2523 236 69 monkey
1105 2532 133 60 tree,
1272 2524 72 67 by
1375 2523 294 67 Margaret
1699 2523 193 53 Evans
1927 2523 191 66 Price;
2154 2522 134 54 with

305 2604 287 67 drawings
616 2603 73 68 by
714 2604 95 53 the
835 2602 220 53 author.
1130 2601 136 55 New
1295 2599 176 70 York,
1497 2600 256 68 London,
1778 2600 230 68 Harper
2033 2601 46 51 &
305 2598 1960 150 brothers,
439 2684 149 49 1935.

374 2752 51 39 ix
451 2762 58 37 p.,
537 2752 25 38 1
611 2781 23 17 l.,
661 2750 86 40 146
772 2761 44 37 p.
844 2750 108 41 incl.
978 2749 164 47 front.,
1172 2748 127 40 illus.
1359 2748 52 39 21½
1446 2750 44 21 cm
1495 2779 9 9 .

376 2808 287 40 Illustrated
692 2807 364 46 lining-papers.

377 2865 160 40 “First
564 2859 230 45 edition.”

303 2922 52 53 ©
385 2925 99 41 Oct.
514 2924 68 47 10,
611 2922 140 47 1935;
781 2922 67 40 2c.
877 2923 101 39 Oct.
1006 2920 55 49 9;
1092 2920 81 41 aff.
1204 2921 102 39 Oct.
1335 2920 80 46 12;
1447 2921 40 38 A
1512 2919 170 47 86729;
1714 2921 192 47 Harper
1936 2920 40 40 &
2001 2921 123 39 bros.

383 2980 279 50 (35-18846)

307 3070 221 54 Punch.
603 3089 51 34 V.
685 3073 114 62 189,
826 3088 87 33 no.
943 3071 153 64 4918,
1126 3068 154 66 Sept.
1309 3070 49 63 4,
1388 3070 148 50 1935.

303 3135 1982 59 © 1c. Nov. 1, 1935; A ad int. 20696; pubd. Sept. 4; Herbert Heather,
374 3201 211 40 London.

308 3289 286 54 Radcliffe
622 3288 233 64 college.
932 3287 290 54 Graduate
1247 3286 192 53 school
1465 3285 63 65 of
1553 3290 118 47 arts
1699 3284 114 53 and
1839 3284 254 55 sciences.

441 3354 1842 75 … Summaries of theses accepted in partial fulfilment of
309 3442 94 57 the
430 3442 403 68 requirements
861 3441 93 53 for
980 3441 96 53 the
1104 3441 199 66 degree
1331 3439 63 52 of
1421 3440 194 52 doctor
1642 3438 63 53 of
1734 3437 359 68 philosophy,
2122 3436 159 62 1931/

312 3525 148 49 1934.
536 3519 360 67 Cambridge,
929 3520 120 52 The
1081 3519 227 66 college,
1343 3521 148 49 1935.

375 3595 99 48 viii,
507 3594 87 39 166
623 3605 44 37 p.
728 3592 55 39 22½
815 3595 44 21 cm
863 3624 9 9 .

307 3648 53 52 ©
387 3652 125 46 Sept.
540 3650 68 48 16,
636 3649 113 40 1935;
805 3648 66 40 2c.
900 3648 127 47 Sept.
1054 3647 80 46 20;
1162 3646 82 40 aff.
1273 3647 101 39 Oct.
1402 3645 52 46 2;
1484 3646 40 38 A
1550 3644 169 46 87416;
1750 3643 252 40 President
2030 3642 93 39 and
375 3647 1890 100 council
469 3707 51 40 of
551 3704 242 42 Radcliffe
821 3705 191 47 college,
1045 3701 299 48 Cambridge,
1379 3703 145 38 Mass.
1595 3700 277 48 (35-18931)

310 3795 279 61 Ramsay,
616 3793 196 64 Emily
838 3794 188 62 Mary,
1056 3797 171 49 1863-

383 3868 292 57 Christian
715 3867 211 55 science
963 3869 112 52 and
1114 3868 73 52 its
1226 3867 332 63 discoverer,
1597 3866 73 65 by
1710 3866 66 51 E.
1815 3865 168 64 Mary
2023 3863 253 59 Ramsay.

312 3949 232 63 Boston,
571 3947 189 67 Mass.,
788 3948 119 51 The
935 3944 290 57 Christian
1254 3942 211 55 science
1493 3940 331 70 publishing
1852 3938 207 67 society
2092 3970 11 33 [
2108 3942 18 22 c
2132 3937 123 52 1935]

382 4017 551 51 4 p. l., 118 p. 19½cm.
