2568 4342
1154 4059 64 50 89

272 503 185 40 Poems.

203 573 50 52 ©
286 577 118 40 Nov.
438 577 70 47 27,
541 576 141 48 1934;
716 577 66 39 2c.
819 578 95 38 and
947 576 82 40 aff.
1062 578 112 40 Dec.
1209 576 83 48 26;
1327 577 41 39 A
1402 576 170 49 80213;
1610 579 36 38 I.
1684 579 51 38 E.
1774 579 269 47 Mellinger,
269 579 1913 103 Lancaster,
475 635 81 39 Pa.
629 634 249 49 (35-2076)
2018 634 91 42 572

199 734 172 67 Mills,
401 737 204 63 Ogden
633 735 372 67 Livingston,
1037 743 171 49 1884-

265 828 179 54 What
476 828 63 52 of
572 830 339 52 tomorrow?
984 830 90 65 By
1108 828 206 68 Ogden
1346 831 64 51 L.
1444 830 177 52 Mills.
1691 832 137 52 New
1864 830 179 65 York,
2076 830 123 53 The

196 906 332 53 Macmillan
557 925 298 50 company,
886 910 149 54 1935.

269 990 28 39 4
328 1000 43 37 p.
403 990 45 48 l.,
477 989 84 41 151
591 1001 44 37 p.
694 989 147 41 20½cm.

201 1060 50 53 ©
282 1065 108 40 Jan.
419 1065 68 47 15,
517 1064 141 48 1935;
688 1063 68 42 2c.
785 1065 97 40 and
910 1063 82 42 aff.
1022 1065 109 40 Jan.
1161 1064 83 49 16;
1273 1065 41 39 A
1342 1064 170 49 79191;
1545 1065 282 41 Macmillan
1856 1076 65 30 co.

276 1121 251 50 (35-1990)

197 1225 231 66 Moody,
455 1223 258 56 William
738 1226 240 65 Robert,
1009 1232 172 49 1900-

268 1314 1869 72 Victory through the cross, by Rev. William R. Moody …
196 1392 359 69 Milwaukee,
581 1395 160 68 Wis.,
769 1395 340 53 Morehouse
1134 1394 337 70 publishing
1497 1413 78 36 co.
1611 1428 13 34 [
1627 1401 19 22 c
1651 1398 152 64 1935]

269 1468 100 47 viii,
403 1469 70 48 [1],
505 1468 68 47 61,
607 1469 55 48 [1]
693 1479 43 37 p.
795 1468 151 40 front.
1006 1470 56 38 17
1065 1471 43 20 cm
1113 1501 9 8 .

200 1534 50 52 ©
281 1539 108 39 Jan.
418 1539 69 47 15,
515 1538 140 48 1935;
686 1539 66 40 2c.
782 1539 109 39 Jan.
919 1538 83 47 26;
1035 1538 81 41 aff.
1146 1540 109 39 Jan.
1282 1539 85 47 25;
1397 1540 44 39 A
1470 1539 169 48 79377;
1672 1541 290 39 Morehouse
1990 1540 109 48 pub.
2129 1551 68 29 co.

277 1594 250 50 (35-1912)

194 1698 178 66 Moss,
401 1700 204 53 James
629 1698 230 65 Alfred,
889 1700 172 54 1872-

267 1790 120 52 The
425 1788 116 69 flag
578 1790 63 52 of
679 1790 98 53 the
813 1791 217 54 United
1072 1790 217 56 States:
1325 1792 76 52 its
1437 1790 223 67 history
1699 1791 114 52 and
1850 1790 347 68 symbolism.

209 1867 1989 69 (2d ed.—rev. and enl.) By James A. Moss … Introduction
197 1946 2001 69 by Wm. John Cooper … Washington, D. C., The United
196 2025 187 54 States
409 2022 116 70 flag
549 2024 340 54 association
919 2059 13 33 [
937 2031 18 21 c
959 2028 133 50 1933
1099 2058 12 33 ]

266 2098 84 45 xii,
379 2098 89 40 259
493 2109 42 37 p.
595 2098 128 40 illus.
753 2098 138 48 (part
919 2099 114 46 col.;
1065 2099 111 39 inch
1206 2109 152 37 maps,
1386 2098 217 49 facsim.)
1643 2097 154 48 diagr.
1855 2097 55 41 23½
1944 2099 44 22 cm
1991 2128 9 9 .

200 2164 50 52 ©
277 2170 114 46 May
415 2169 40 47 1,
482 2168 140 47 1933;
650 2168 65 40 2c.
743 2168 109 40 Feb.
879 2167 41 48 9,
945 2167 141 48 1935;
1117 2167 82 41 aff.
1223 2169 112 40 Dec.
1363 2168 69 49 28,
1459 2167 142 48 1934;
1630 2168 43 39 A
1697 2168 170 47 79848;
1898 2170 43 39 J.
1970 2169 53 38 A.
2051 2170 147 46 Moss,

265 2225 335 48 Washington.

193 2328 303 66 Murdoch,
525 2328 283 55 Benedict
836 2329 239 66 Joseph,
1107 2334 172 50 1886-

264 2420 189 52 Alone
478 2419 141 53 with
648 2419 181 68 Thee;
861 2418 268 70 readings
1160 2419 94 53 for
1281 2419 97 54 the
1407 2419 138 68 holy
1572 2419 164 67 hour,
1763 2419 76 68 by
1869 2419 138 54 Rev.
2040 2420 69 51 B.
2139 2419 56 54 J.

194 2498 298 52 Murdoch.
566 2496 359 70 Milwaukee,
955 2498 124 53 The
1105 2499 184 51 Bruce
1318 2494 335 71 publishing
1682 2514 279 51 company
1997 2529 14 34 [
2015 2503 18 20 c
2038 2499 138 49 1934
2178 2530 13 34 ]

265 2572 67 48 ix,
369 2572 89 41 173
490 2583 44 37 p.
593 2572 60 40 17
652 2574 44 21 cm
701 2605 8 8 .

198 2636 52 52 ©
276 2642 111 39 Dec.
414 2640 69 48 12,
509 2640 141 48 1934;
677 2640 67 41 2c.
773 2642 111 39 Dec.
911 2641 83 46 17;
1021 2639 81 41 aff.
1132 2641 108 39 Jan.
1269 2639 70 49 19,
1365 2640 142 47 1935;
1535 2640 43 39 A
1604 2639 171 48 79293;
1806 2641 161 39 Bruce
1989 2639 111 48 pub.
2128 2650 67 30 co.

274 2697 249 49 (35-1917)

193 2799 262 66 Nathan,
483 2801 240 65 Robert,
755 2806 172 49 1894-

325 2891 1555 69 … Road of ages. New York, A. A. Knopf, 1935.
267 2966 27 38 4
319 2975 41 36 p.
423 2996 9 16 l.,
456 2964 159 48 3-231,
643 2965 55 48 [3]
727 2975 43 38 p.
830 2965 146 40 19½cm.

264 3021 288 40 Illustrated
583 3022 363 47 lining-papers.

266 3076 161 43 “First
456 3078 228 41 edition.”

197 3144 52 52 ©
278 3149 110 40 Feb.
418 3150 40 47 1,
487 3149 113 41 1935;
658 3148 68 42 2c.
754 3150 100 41 and
879 3149 81 40 aff.
992 3150 111 39 Feb.
1131 3150 53 47 5;
1215 3150 45 41 A
1286 3148 171 48 79540;
1490 3150 54 38 R.
1575 3149 213 47 Nathan,
1818 3148 118 41 New
1965 3146 146 41 York.

274 3205 250 49 (35-1939)

190 3308 237 68 Nelson,
456 3312 177 53 Peter
663 3311 407 66 Christopher,
1103 3317 172 49 1868-

263 3403 165 51 Bible
465 3401 311 68 doctrines;
814 3402 214 54 studies
1065 3403 61 53 in
1162 3403 99 53 the
1296 3401 355 55 “Statement
1688 3400 65 53 of
1790 3400 401 54 fundamental

192 3480 224 52 truths”
452 3499 60 34 as
549 3481 248 67 adopted
832 3480 77 68 by
942 3481 96 52 the
1075 3479 246 55 General
1358 3479 220 54 council
1614 3479 65 53 of
1712 3479 99 53 the
1845 3477 346 55 Assemblies

193 3556 1996 70 of God, by P. C. Nelson … Enid, Okl., Southwestern press
198 3666 13 34 [
213 3640 20 21 c
238 3638 135 49 1934]

264 3708 56 39 75
347 3719 43 36 p.
479 3708 29 40 19½
537 3710 45 21 cm
587 3740 8 8 .

265 3764 144 40 “This
446 3764 148 40 series
631 3764 52 41 of
719 3765 186 40 studies
941 3765 108 41 first
1083 3766 243 47 appeared
1361 3766 188 39 several
1587 3773 143 39 years
1765 3773 92 37 ago
1891 3762 51 40 in
1980 3763 206 41 Christ’s

194 3819 352 42 ambassadors’
581 3822 232 47 monthly,
849 3822 97 40 and
980 3832 84 29 are
1099 3821 248 48 reprinted
1382 3820 122 41 with
1535 3831 118 37 very
1687 3819 152 49 slight
1871 3819 320 40 revision.”—

193 3875 129 41 Pref.

193 3940 52 52 ©
277 3947 110 39 Dec.
421 3946 68 48 10,
523 3946 140 48 1934;
699 3947 67 40 2c.
800 3948 109 39 Jan.
943 3947 69 47 11,
1044 3947 141 48 1935;
1223 3946 81 41 aff.
1339 3949 112 38 Dec.
1484 3947 70 48 28,
1588 3947 141 47 1934;
1766 3947 40 39 A
1841 3945 170 48 79129;
2049 3947 51 38 P.
2136 3945 48 41 C.

259 4002 192 49 Nelson,
475 4003 139 48 Enid,
641 4004 102 40 Okl.
815 4003 250 49 (35-1916)
