2424 4375
1271 4118 132 50 1388

339 490 237 65 Strong,
603 493 266 52 Leonard
896 491 210 54 Alfred
1134 491 244 64 George,
1408 497 171 50 1896-

404 567 120 52 The
566 584 165 36 seven
773 585 167 50 arms,
981 567 73 69 by
1094 567 64 52 L.
1199 567 70 53 A.
1314 566 69 55 G.
1428 565 230 71 Strong.
1735 566 137 54 New
1916 566 180 69 York,
2138 567 71 57 A.
2252 566 71 55 A.

332 643 226 70 Knopf,
586 647 150 50 1935.

401 730 671 51 5 p. l. , 3-315, [1] p. 21 cm .
404 807 161 42 “First
594 807 257 41 American
882 808 225 41 edition.”

336 884 52 53 ©
419 889 101 40 Oct.
549 890 39 46 7,
617 889 140 42 1935;
789 889 67 40 2c.
886 890 94 38 and
1010 889 81 40 aff.
1124 889 101 40 Oct.
1257 889 80 45 10;
1370 890 40 38 A
1440 889 169 47 87580;
1643 889 50 41 L·.
1725 891 53 38 A.
1812 890 50 40 G.
1897 891 188 48 Strong,
2117 890 212 40 London.

416 945 280 50 (35-18423)

339 1047 372 67 Sturtevant,
741 1050 200 64 Edgar
968 1050 275 64 Howard,
1274 1053 169 52 1875-

407 1126 1918 70 A Hittite chrestomathy, by Edgar H. Sturtevant … and
337 1202 1968 148 George Bechtel … Philadelphia, Linguistic society of America,
469 1280 336 71 University
835 1281 62 54 of
926 1282 441 68 Pennsylvania,
1399 1286 152 50 1935.

407 1366 87 43 230
527 1380 45 38 p.
631 1366 57 42 26
691 1369 44 22 cm
739 1399 9 8 .
819 1368 238 49 (William
1097 1369 197 50 Dwight
1331 1370 228 48 Whitney
1596 1369 250 50 linguistic
1883 1370 173 50 series)

411 1447 187 49 Special
628 1446 325 50 publications
982 1447 53 42 of
1062 1449 82 40 the
1174 1448 270 49 Linguistic
1471 1448 182 48 society
1682 1448 52 42 of
1761 1448 237 42 America.

412 1504 290 41 “Published
741 1503 79 42 for
861 1504 117 42 Yale
1015 1502 274 51 university
1328 1505 60 48 by
1429 1506 83 40 the
1552 1505 269 49 Linguistic
1859 1506 182 48 society
2080 1507 51 40 of
337 1507 1977 96 America.”—
518 1574 43 38 p.
600 1563 55 50 [1]

412 1618 129 41 “The
567 1619 123 40 book
720 1618 42 40 is
789 1618 229 48 designed
1046 1621 51 37 to
1125 1630 57 37 go
1209 1619 120 39 with
1359 1619 328 40 Sturtevant’s
1716 1617 341 51 Comparative
2086 1630 243 38 grammar

341 1674 51 42 of
414 1677 82 40 the
519 1673 182 44 Hittite
725 1676 238 48 language
996 1674 379 50 (Philadelphia,
1400 1674 138 50 1933)
1573 1676 97 40 and
1694 1675 183 42 Hittite
1902 1676 218 49 glossary
337 1675 1977 105 (Baltimore,
519 1732 383 49 1931).”—Pref.

411 1789 132 41 Each
579 1789 269 42 cuneiform
884 1790 107 41 text
1023 1789 43 41 is
1101 1789 342 47 accompanied
1478 1789 62 48 by
1574 1790 83 40 the
1690 1789 371 42 transliterated
2096 1792 103 39 text
2234 1791 92 40 and

341 1846 202 49 English
577 1846 295 41 translation
907 1857 60 30 on
1003 1845 218 51 opposite
1254 1856 160 39 pages,
1452 1844 119 42 with
1606 1857 27 29 a
1671 1848 329 47 commentary
2035 1850 51 37 at
2122 1848 81 41 the
2238 1848 88 41 end

340 1905 51 41 of
421 1905 117 41 each
570 1905 197 41 section.

413 1961 188 41 “Books
632 1961 96 40 and
756 1958 320 52 periodicals”:
1136 1970 42 38 p.
1208 1959 128 41 9-11.

341 2036 52 53 ©
433 2041 119 47 Aug.
593 2040 71 48 15,
703 2039 117 40 1935;
885 2039 66 39 2c.
993 2039 96 39 and
1128 2037 81 40 aff.
1254 2038 127 46 Sept.
1424 2038 53 38 14;
1547 2038 40 38 A
1628 2036 142 42 86298:
1841 2036 271 48 Linguistic
2149 2047 90 30 soc.
2281 2038 51 40 of

411 2097 237 41 America.
719 2095 279 49 (35-17522)

340 2200 354 65 Thompson,
726 2202 137 51 Mrs.
892 2200 176 62 Mary
1097 2198 250 66 (Wolfe)
1388 2203 169 49 1886-

411 2273 1919 70 Moccasins on the trail, by Wolfe Thompson … illustrated by
343 2353 254 55 Richard
643 2353 76 54 H.
761 2353 275 68 Rodgers.
1113 2352 258 67 London,
1412 2353 138 52 New
1597 2352 160 53 York
1805 2358 138 62 [etc.]
1990 2352 341 69 Longmans,

343 2433 185 55 Green
559 2433 110 53 and
701 2450 97 49 co.,
828 2435 150 49 1935.

413 2530 64 30 xv
501 2531 58 37 p.,
586 2521 24 39 1
672 2550 9 16 l.,
705 2517 87 41 298
815 2529 43 38 p.
881 2516 110 43 incl.
1016 2517 165 49 front.,
1206 2517 142 48 illus.,
1374 2517 171 49 plates.
1597 2516 57 41 20
1656 2519 43 21 cm
1704 2548 9 10 .

415 2590 230 41 “Printed
671 2589 50 40 in
748 2590 83 40 the
858 2588 178 41 United
1067 2587 163 41 States
1259 2587 51 41 of
1337 2587 265 41 America.”

415 2649 161 40 “First
613 2645 227 44 edition.”

415 2705 374 48 Bibliography:
822 2715 43 36 p.
894 2700 217 42 297-298.

344 2780 52 53 ©
423 2784 127 47 Sept.
575 2782 69 47 26,
669 2780 116 41 1935;
834 2780 66 40 2c.
925 2779 102 41 Oct.
1050 2779 26 40 3;
1133 2777 79 40 aff.
1239 2778 102 40 Oct.
1366 2777 25 38 2;
1447 2777 40 39 A
1512 2776 136 41 87421;
1710 2777 287 47 Longmans,
2024 2776 154 41 Green
2204 2778 36 39 &
2265 2783 64 34 co.

423 2839 279 50 (35-17488)

343 2943 331 65 Threlkeld,
706 2941 190 65 Hilda,
929 2942 172 51 1889-

416 3022 123 52 The
576 3021 357 52 educational
971 3017 112 54 and
1119 3016 320 53 vocational
1477 3013 166 70 plans
1679 3015 62 52 of
1778 3016 210 66 college
2023 3015 214 54 seniors
2269 3016 58 52 in

346 3100 244 53 relation
618 3104 58 47 to
710 3098 95 51 the
837 3093 281 55 curricula
1150 3095 111 52 and
1292 3095 95 52 the
1417 3093 278 67 guidance
1726 3111 301 49 programs
2054 3094 62 52 in
347 3093 1979 136 forty-five

483 3169 1844 74 Pennsylvania colleges, by Hilda Threlkeld … New York
347 3257 133 64 city,
509 3254 276 52 Teachers
814 3251 226 67 college,
1071 3249 296 56 Columbia
1398 3248 333 66 university,
1762 3252 149 48 1935.

418 3340 89 41 viii
540 3351 58 37 p.,
636 3340 25 38 1
734 3370 8 16 l.,
780 3337 85 40 194
900 3348 42 37 p.
1008 3335 54 41 23½
1095 3338 44 21 cm
1145 3367 9 8 .
1230 3335 262 47 (Teachers
1530 3334 192 47 college,
1760 3331 249 42 Columbia
2049 3331 278 47 university.

350 3396 368 43 Contributions
744 3397 52 38 to·
820 3393 270 47 education,
1116 3403 75 29 no.
1219 3390 109 48 639)

421 3468 171 40 Issued
619 3467 106 40 also
750 3476 54 29 as
832 3464 150 41 thesis
1021 3463 106 49 (PH.
1188 3462 35 48 D.)
1261 3460 250 43 Columbia
1538 3459 283 50 university.

422 3524 246 41 “Selected
706 3519 364 51 bibliography”
1111 3522 52 38 at
1201 3519 93 39 end
1333 3519 53 39 of
1424 3519 117 41 each
1608 3518 172 47 chapter
1821 3518 168 46 except
2030 3517 200 46 chapter
2317 3543 8 9 VI.

348 3597 52 53 ©
427 3603 113 46 May
566 3601 69 47 23,
662 3599 113 41 1935;
830 3599 65 39 2c.
924 3598 116 47 July
1066 3596 55 41 16;
1176 3596 82 41 aff.
1286 3597 120 45 Aug.
1434 3595 25 40 6;
1514 3596 40 38 A
1581 3594 142 41 84853;
1781 3595 58 39 H.
1869 3592 272 48 Threlkeld,
421 3588 1888 109 Louisville.
617 3654 277 51 (35-17532)

355 3758 242 67 [Tillion,
627 3761 66 53 E.
721 3760 84 66 L.]

419 3837 83 50 La
545 3837 301 65 Bretagne.
926 3835 201 66 [Paris]
1176 3832 284 53 Librairie
1500 3832 283 52 Hachette
1830 3832 170 64 [1934]

417 3923 56 40 64
498 3933 42 37 p.
598 3921 127 40 illus.
781 3921 58 39 24
839 3923 43 21 cm
887 3953 8 7 .
962 3919 374 50 (Encyclopédie
1362 3929 91 38 par
1475 3918 215 47 l’image)

351 3990 1689 54 © Feb. 14, 1934; 1c. Nov. 20; A-Foreign 26178: Librairie
2078 3987 244 41 Hachette.
