2424 4375
1235 4007 133 50 1646

291 374 335 67 Ginestous,
660 366 271 75 Étienne,
969 377 171 54 1870-

289 451 1974 132 … Guide administratif de l’ophtalmologiste dans les examens
499 529 319 68 d’aptitude
872 532 233 52 visuelle;
1193 531 209 54 service
1456 531 289 67 militaire,
1799 530 244 67 grandes
2096 530 192 67 écoles,

289 606 236 70 emplois
572 608 264 67 réservés,
883 605 237 57 sendees
1168 606 236 69 publics,
1456 608 283 53 fonctions
1789 607 499 55 administratives.

291 686 319 67 Bordeaux,
640 685 247 67 Delmas,
921 687 149 50 1934.

360 770 800 49 2 p. l., [7]-88 p. form. 17 cm .
289 844 1816 57 © July 17, 1934; 1c. Nov. 6; A- Foreign 26029; Éditions Delmas.
370 908 281 49 (35-30072)

294 1010 176 65 Gray,
501 1011 155 54 John
689 1011 261 66 Stanley,
985 1016 169 50 1894-

361 1087 433 70 Psychological
827 1088 370 53 foundations
1228 1088 63 54 of
1322 1088 315 67 education,
1669 1088 73 69 by
1777 1088 55 54 J.
1866 1087 235 71 Stanley
2136 1087 155 69 Gray

353 1165 1913 70 … New York, Cincinnati [etc.] American book company [ c 1935]
362 1250 103 47 xiii,
498 1248 84 42 534
611 1261 45 38 p.
716 1251 178 48 diagrs.
954 1250 57 41 20½
1042 1253 45 22 cm
1091 1282 10 9 .
1172 1251 277 51 (Half-title;
1500 1253 257 40 American
1790 1254 289 48 psychology
2109 1251 173 49 series)

366 1320 129 40 “The
532 1323 195 45 present
765 1322 190 39 volume
993 1322 41 40 is
1071 1332 31 29 a
1139 1323 211 38 revision
1390 1323 50 38 of
1479 1334 26 29 a
1545 1323 316 48 preliminary
1901 1324 389 48 mimeographed

293 1378 183 39 edition
512 1378 275 49 [‘Scientific
818 1378 291 49 psychology
1139 1380 93 39 and
1266 1378 512 50 education’]”—Pref.

365 1435 411 40 “Recommended
809 1435 254 48 readings”
1095 1439 55 37 at
1178 1437 92 39 end
1302 1436 52 39 of
1385 1437 118 39 each
1536 1436 213 49 problem
1778 1440 170 46 except
1981 1437 214 48 problem
2283 1470 7 7 XI.

295 1506 53 53 ©
378 1510 101 40 Oct.
509 1509 69 48 30,
608 1508 142 49 1935;
777 1508 65 41 2c.
873 1510 95 39 and
998 1509 83 41 aff.
1109 1510 119 39 Nov.
1257 1510 54 46 4;
1341 1510 42 39 A
1411 1509 171 48 89168;
1613 1510 160 41 Amer,
1801 1510 126 41 book
1953 1520 67 31 co.

373 1567 281 48 (35-29649)

297 1668 284 64 Grissom,
610 1671 139 52 Mrs.
778 1670 169 52 Irene
978 1668 260 65 (Welch)

369 1747 197 54 Under
596 1746 185 54 desert
810 1744 162 69 skies,
1001 1746 74 68 by
1104 1747 164 53 Irene
1297 1746 197 53 Welch
1525 1745 274 57 Grissom.
1865 1747 293 66 Caldwell,
2185 1748 106 65 Id.,

297 1824 120 53 The
450 1823 222 55 Caxton
703 1822 266 70 printers,
1001 1824 122 66 ltd.,
1157 1828 150 50 1935.

370 1909 69 49 54,
476 1909 55 51 [1]
564 1919 45 39 p.
668 1909 130 42 illus.
858 1909 56 40 19½
944 1911 45 22 cm
993 1940 10 9 .

370 1981 185 39 Poems.

299 2047 53 53 ©
381 2052 117 39 Nov.
530 2052 38 45 1,
598 2049 142 48 1935;
771 2049 67 41 2c.
871 2051 94 38 and
995 2049 82 41 aff.
1109 2050 118 39 Nov.
1260 2050 25 39 S;
1345 2050 40 38 A
1417 2049 170 47 89222;
1619 2049 188 41 Caxton
1840 2049 225 49 printers,
2097 2050 88 40 ltd.

381 2107 281 49 (35-29205)

301 2207 203 64 Guest,
536 2210 200 64 Edgar
767 2208 226 64 Albert,
1026 2213 171 49 1881-

372 2285 1922 71 Edgar A. Guest broadcasting … Chicago, The Reilly & Lee
301 2383 78 36 co.
415 2400 13 33 [
434 2372 17 21 c
457 2369 133 50 1935
594 2399 13 34 ]

371 2448 1068 51 4 p. l., 11-123 p. front. (port.) 21½ cm .
376 2520 41 40 A
456 2518 311 49 compilation
806 2520 51 40 of
893 2520 82 40 the
1015 2519 175 41 stories
1231 2520 96 39 and
1365 2529 165 30 verses
1567 2518 128 40 from
1734 2519 83 39 the
1855 2517 218 42 author’s
2113 2518 179 47 weekly

305 2578 138 41 radio
471 2587 267 40 programs.

304 2645 53 53 ©
380 2650 117 38 Nov.
523 2649 40 46 5,
587 2647 116 41 1935;
751 2648 66 40 2c.
843 2648 118 39 Nov.
986 2648 53 39 11;
1096 2647 81 39 aff.
1203 2647 117 39 Nov.
1346 2647 51 46 8;
1424 2647 42 38 A
1490 2645 142 41 89304;
1687 2646 160 47 Reilly
1872 2645 37 40 &
1931 2646 94 39 Lee
2049 2656 67 29 co.

381 2704 281 49 (35-29201)

303 2807 216 64 Hamil,
550 2806 315 54 Frederick
895 2807 61 54 C.

375 2882 322 54 Directions
732 2882 92 53 for
857 2882 235 67 writing
1122 2882 182 53 theses
1336 2883 59 51 in
1428 2880 245 68 English
1705 2879 148 68 legal
1887 2878 112 53 and
305 2876 1969 138 constitutional

521 2961 248 67 history;
810 2960 92 54 for
937 2976 96 39 use
1068 2960 61 52 in
1165 2959 220 67 history
1427 2960 97 50 133
1564 2957 112 52 and
1715 2960 116 64 134,
1868 2954 334 70 University
2237 2953 60 53 of

305 3036 314 70 Michigan,
662 3037 73 68 by
778 3036 308 54 Frederick
1130 3035 61 55 C.
1236 3034 216 53 Hamil.
1545 3036 136 51 Ann
1724 3034 205 69 Arbor,
1974 3032 69 55 G.
2085 3032 212 67 Wahr.,

308 3118 150 49 1935.

375 3185 57 40 15
463 3196 42 37 p.
565 3185 55 39 23
624 3188 44 21 cm
673 3217 8 8 .

309 3256 53 52 ©
387 3260 100 40 Oct.
511 3259 69 47 23,
606 3259 113 40 1935;
773 3260 67 39 2c.
865 3260 118 39 Nov.
1007 3258 29 39 2;
1089 3258 80 40 aff.
1197 3259 118 39 Nov.
1342 3259 25 38 1;
1423 3258 40 38 A
1487 3256 145 41 89130;
1687 3257 182 48 George
1895 3258 165 39 Wahr.

388 3315 278 49 (35-29646)

308 3416 309 65 Harwood,
648 3417 252 52 Edward
930 3416 242 65 Crosby,
1204 3420 171 49 1900-

380 3496 308 51 Insurance
721 3495 112 52 and
866 3493 281 53 annuities
1180 3494 154 51 from
1364 3493 98 52 the
1489 3492 223 68 buyer’s
1746 3492 162 67 point
1940 3492 62 53 of
2036 3492 157 64 view,
2224 3490 72 65 by

310 3569 66 53 E.
424 3569 62 54 C.
534 3570 294 51 Harwood
873 3570 113 52 and
1031 3569 151 52 Bion
1225 3568 77 53 H.
1352 3568 254 52 Francis.
1701 3567 362 68 Cambridge,
2109 3566 185 62 Mass.,

311 3648 1524 66 American institute for economic research [ c 1935]
378 3720 983 49 xiv p., 1 l., 172, [2] p. diagrs. 21 cm .
381 3778 211 40 “Second
622 3777 224 42 edition.”

314 3829 52 51 ©
391 3834 117 38 Nov.
535 3834 68 46 14,
631 3832 117 40 1935;
801 3832 67 40 2c.
893 3833 117 39 Nov.
1037 3831 60 40 20;
1150 3831 82 40 aff.
1260 3832 119 39 Nov.
1406 3830 58 40 19;
1518 3832 42 38 A
1586 3831 141 40 88303;
1785 3830 157 40 Amer,
1970 3828 226 40 institute
2221 3825 75 38 for

384 3889 243 39 economic
661 3890 235 38 research.
968 3888 280 49 [Copyright
1279 3887 42 40 is
1358 3888 205 39 claimed
1599 3898 60 28 on
1697 3895 104 31 new
1836 3888 179 37 matter
2051 3884 94 39 and
383 3877 1897 116 revisions]

601 3944 256 48 (35-29640)
