2424 4375
1038 4040 99 49 361

106 433 345 63 Alexander,
480 430 250 64 Hartley
756 431 172 63 Burr,
960 431 170 53 1873-

175 509 212 64 Taiwa,
427 508 76 65 by
543 506 247 66 Hartley
829 505 344 53 Alexander.
1249 505 111 52 Los
1401 503 264 66 Angeles,
1707 504 120 51 The
105 503 1961 135 Primavera
265 602 172 48 press,
471 586 151 49 1934.

173 656 67 48 75,
274 656 54 49 [1]
360 667 44 37 p.
463 654 115 41 24cm.

175 712 154 41 “Four
361 711 218 41 hundred
613 711 94 39 and
742 710 154 48 thirty
928 709 158 49 copies
1120 711 123 39 have
1275 710 119 40 been
1422 709 194 48 printed
1648 710 48 38 in
1730 709 98 40 this
1862 710 196 41 edition."

172 769 221 41 Includes
423 768 167 41 music.

106 824 51 53 ©
193 828 107 39 Dec.
342 825 68 48 10,
448 824 140 47 1934;
628 824 65 40 2c.
734 823 122 40 Mar.
893 821 69 49 19,
1001 821 141 48 1935;
1185 822 82 40 aff.
1309 824 122 39 Mar.
1469 824 82 46 15;
1592 824 42 38 A
1671 822 169 47 81065;
1884 824 207 47 Hartley

170 884 286 45 Alexander,
490 882 290 46 Claremont,
813 880 143 40 Calif.
1027 879 250 50 (35-4621)

101 986 310 54 American
439 1001 110 48 gas
574 983 375 56 association.

169 1062 169 52 Final
366 1065 194 64 report
588 1059 64 54 of
680 1059 384 68 comparative
1095 1064 178 47 water
1300 1059 196 53 heater
1520 1064 136 48 tests
1688 1059 309 53 conducted
2031 1064 59 48 at

100 1139 434 54 Massachusetts
562 1138 262 53 institute
851 1136 64 54 of
940 1137 357 68 technology,
1325 1136 263 70 January
1619 1140 81 64 15,
1733 1140 152 49 1935.
1950 1136 140 53 New

103 1216 174 69 York,
302 1216 68 53 N.
401 1216 89 67 Y.,
517 1215 307 53 American
850 1234 100 50 gas
979 1213 336 54 association
1352 1218 193 63 [c1935]

168 1288 55 40 84
254 1300 42 37 p.
357 1288 177 48 diagrs.
594 1287 146 41 23½cm.

172 1346 125 40 “The
324 1346 171 40 second
518 1348 112 44 part
657 1346 51 38 of
733 1344 98 41 this
860 1346 160 46 report
1046 1346 219 46 presents
1291 1345 81 39 the
1399 1344 166 40 actual
1591 1346 97 39 test
1715 1344 117 40 data
1860 1343 228 42 collected

101 1401 59 49 by
188 1402 251 41 Professor
469 1401 331 48 Wilkes.”—p.
829 1401 42 44 4.

104 1458 50 52 ©
182 1461 107 40 Feb.
319 1461 69 47 15,
418 1459 114 42 1935;
590 1460 67 41 2c.
689 1462 96 39 and
815 1460 81 41 aff.
928 1460 109 39 Feb.
1068 1459 54 40 21;
1184 1461 42 38 A
1257 1459 141 41 79755;
1461 1460 159 40 Amer.
1652 1471 89 37 gas
1769 1471 141 37 assn.,
1943 1461 91 40 inc.

180 1517 249 49 (35-4515)

99 1605 300 66 Andrews,
426 1607 154 53 John
608 1605 304 66 Williams,
943 1612 170 48 1898-

173 1681 238 68 History
444 1681 63 53 of
537 1682 95 52 the
663 1681 284 67 founding
978 1680 62 53 of
1072 1680 206 54 Wolf’s
1311 1679 162 69 head,
1507 1681 74 67 by
1614 1679 154 55 John
1802 1679 286 55 Williams

105 1757 288 55 Andrews.
473 1758 340 69 [Lancaster,
844 1759 118 68 Pa.,
991 1758 308 54 Lancaster
1332 1775 171 51 press,
1535 1759 128 67 inc.]
1702 1761 151 50 1934.

172 1829 772 48 6 p. l., 240 p. front. 22½cm.
173 1887 143 39 “Five
354 1887 220 39 hundred
613 1887 158 47 copies
810 1888 123 38 have
972 1888 116 39 been
1128 1887 242 48 privately
1412 1888 192 47 printed
1645 1889 60 47 by
1748 1889 81 39 the
105 1888 1963 94 Association.”

303 1943 117 39 This
453 1954 119 37 copy
604 1945 85 38 not
722 1943 275 40 numbered.

102 1999 50 52 ©
172 2003 115 40 Nov.
309 2005 68 40 17.
401 2002 114 41 1934;
567 2003 67 40 2c.
659 2003 95 41 and
779 2002 82 40 aff.
882 2002 117 40 Nov.
1023 2002 59 39 24;
1131 2003 41 38 A
1196 2003 141 40 77343;
1392 2003 178 47 Phelps
1593 2013 143 38 assn.,
1760 2004 117 40 New
1901 2005 186 39 Haven.

178 2059 246 50 (35-4579)

98 2147 277 68 Barbour,
402 2150 190 65 Ralph
619 2152 223 63 Henry,
874 2153 169 52 1870-

166 2225 138 52 Five
328 2226 190 67 points
541 2226 227 68 service,
795 2226 73 68 by
892 2226 194 67 Ralph
1111 2226 203 68 Henry
1342 2226 289 67 Barbour;
1661 2227 322 53 illustrated
2012 2227 71 68 by

101 2299 245 57 Edward
386 2302 62 55 C.
489 2302 255 55 Caswell.
817 2304 138 52 New
993 2303 179 67 York,
1209 2303 259 69 London,
1507 2305 71 52 D.
98 2303 1960 144 Appleton-Century
253 2398 294 51 company,
573 2381 416 68 incorporated,
1022 2383 150 50 1935.

166 2451 60 47 ix,
253 2452 84 41 275
361 2464 42 36 p.
430 2455 108 39 incl.
565 2454 163 46 front.,
794 2454 88 40 illus.
943 2453 144 40 19½cm.

102 2505 1983 56 © Feb. 15, 1935; 2c. Feb. 18; aff. Feb. 21; A 82298; D. Appleton-Century
167 2578 79 36 co.,
275 2568 89 40 inc.
435 2567 249 50 (35-4592)

98 2656 400 66 Baylebridge,
527 2658 274 56 William.

166 2734 152 53 Love
367 2735 309 68 redeemed,
728 2735 76 67 by
854 2735 259 54 William
1166 2734 400 69 Baylebridge.
1661 2735 248 68 Sydney,
1966 2736 118 52 The

100 2809 275 56 Tallabila
406 2830 172 50 press,
606 2816 152 50 1934.

165 2884 677 50 4 p. l., 133 p., 1 l. 23½cm.
168 2939 214 44 Sonnets.

169 2995 1911 54 “The first edition … is limited to two hundred and fifty copies of
103 3053 150 40 which
277 3055 97 40 this
401 3056 41 40 is
470 3066 74 30 no.
572 3055 127 41 152.”

166 3110 98 41 The
289 3112 112 41 date
428 3112 48 39 in
502 3112 200 47 imprint
729 3112 214 48 changed
972 3112 48 39 in
1047 3113 300 47 manuscript
1376 3116 49 37 to
1452 3113 125 40 1935.

103 3161 1980 59 © 1c. Mar. 7, 1935; A ad int. 19990; pubd. Jan. 16: W. Baylebridgo,
166 3224 313 48 Blackheath,
514 3226 118 39 New
669 3226 150 39 South
856 3226 175 46 Wales,
1068 3226 267 39 Australia.
1406 3227 249 47 (35-4788)

96 3310 136 67 Bell,
260 3313 303 65 Reginald,
594 3320 169 49 1894-

232 3389 1850 69 … Public school education of second-generation Japanese
104 3462 1979 74 in California, by Reginald Bell … Stanford University.
106 3538 185 72 Calif.,
335 3542 278 55 Stanford
654 3545 315 68 university
1011 3562 184 50 press;
1242 3544 253 58 London,
1540 3545 73 50 H.
1661 3545 261 56 Milford,

106 3545 1948 124 Oxford
257 3618 313 70 university
598 3639 171 50 press,
801 3624 147 49 1935.

168 3688 82 41 116
275 3700 41 37 p.
377 3692 177 46 diagrs.
614 3692 145 39 25½cm.
829 3692 258 48 (Stanford
1114 3694 269 47 university
1411 3695 334 46 publications.
1803 3698 275 46 University

103 3744 157 41 series.
320 3747 593 47 Education-psychology,
972 3750 91 40 vol.
1114 3782 8 9 I,
1151 3761 72 29 no.
1252 3749 50 46 3)

170 3800 142 41 “This
348 3806 296 44 monograph
682 3806 41 37 is
759 3808 111 43 part
910 3806 50 38 of
999 3816 63 28 an
1100 3807 192 45 inquiry
1332 3808 186 37 carried
1560 3811 83 36 out
1683 3810 151 37 under
1872 3819 23 27 a
1936 3814 141 42 grant

103 3856 134 40 made
265 3857 62 47 by
355 3859 82 39 the
467 3859 234 47 Carnegie
730 3861 305 47 corporation
1066 3864 48 38 to
1149 3862 231 40 Stanford
1413 3863 270 46 university
1714 3865 78 38 for
103 3866 1954 84 investigation

227 3914 51 38 of
304 3916 81 38 the
411 3916 273 39 vocational
713 3919 93 37 and
835 3918 307 39 educational
1169 3918 239 47 problems
1434 3919 49 40 of
1512 3921 391 42 American-born
102 3923 1957 89 Japanese.”—Pref.
