<alto xmlns="http://www.loc.gov/standards/alto/ns-v3#" xmlns:xlink="http://www.w3.org/1999/xlink" xmlns:xsi="http://www.w3.org/2001/XMLSchema-instance" xsi:schemaLocation="http://www.loc.gov/standards/alto/ns-v3# http://www.loc.gov/alto/v3/alto-3-0.xsd"><Description>
<MeasurementUnit>pixel</MeasurementUnit>
<sourceImageInformation>
<fileName>1935_v32_Part1.pdf</fileName>
</sourceImageInformation>
<OCRProcessing ID="IdOcr">
<ocrProcessingStep>
<processingDateTime>2019-01-15</processingDateTime>
<processingSoftware>
<softwareCreator>ABBYY</softwareCreator>
<softwareName>ABBYY Recognition Server</softwareName>
<softwareVersion>4.0</softwareVersion>
</processingSoftware>
</ocrProcessingStep>
</OCRProcessing>
</Description>
<Styles>
<ParagraphStyle ID="StyleId-FFFFFFFF-FFFF-FFFF-FFFF-FFFFFFFFFFFF-" ALIGN="Left" LEFT="0." RIGHT="0." FIRSTLINE="0."/>
<ParagraphStyle ID="StyleId-09A13A44-4F77-4ABE-84F3-84CC8B3C72CE-" ALIGN="Left" LEFT="0." RIGHT="0." FIRSTLINE="0." LINESPACE="7.699999809"/>
<ParagraphStyle ID="StyleId-1F945060-F8CD-4435-B69A-5FF49DB0C586-" ALIGN="Left" LEFT="0." RIGHT="0." FIRSTLINE="-10." LINESPACE="12.19999981"/>
<ParagraphStyle ID="StyleId-C6CAE747-F5A4-4D0D-8D74-D452DA7E2C1C-" ALIGN="Block" LEFT="0." RIGHT="0." FIRSTLINE="-14." LINESPACE="8.350000381"/>
<ParagraphStyle ID="StyleId-FC0F3374-189A-459E-BE29-2DC14180F022-" ALIGN="Left" LEFT="0." RIGHT="0." FIRSTLINE="0."/>
<ParagraphStyle ID="StyleId-49397C49-A894-4B3E-BA5E-1126226BA375-" ALIGN="Left" LEFT="0." RIGHT="0." FIRSTLINE="-12." LINESPACE="11.09000015"/>
<ParagraphStyle ID="StyleId-9E34DD3A-E661-48BD-A3A1-6A3D48346F00-" ALIGN="Block" LEFT="0." RIGHT="0." FIRSTLINE="-14." LINESPACE="11.09000015"/>
<ParagraphStyle ID="StyleId-56CE54AA-A08B-4BAA-8605-F26020A0E36E-" ALIGN="Left" LEFT="0." RIGHT="0." FIRSTLINE="0." LINESPACE="9.399999619"/>
<ParagraphStyle ID="StyleId-77814FFC-C42F-4AA9-9880-EF33B947DEC8-" ALIGN="Left" LEFT="0." RIGHT="0." FIRSTLINE="-11." LINESPACE="11.06999969"/>
<ParagraphStyle ID="StyleId-FDE92EC0-67DC-4C7B-8A24-094B12C38B6C-" ALIGN="Center" LEFT="0." RIGHT="0." FIRSTLINE="0." LINESPACE="11.30000019"/>
<ParagraphStyle ID="StyleId-65180E3B-4C93-4FB8-81EE-E026DD63DBF3-" ALIGN="Left" LEFT="0." RIGHT="0." FIRSTLINE="0." LINESPACE="11.10000038"/>
<ParagraphStyle ID="StyleId-10E885C2-5813-4620-B0AA-0FBA30CF7A32-" ALIGN="Left" LEFT="0." RIGHT="0." FIRSTLINE="0." LINESPACE="9.5"/>
<ParagraphStyle ID="StyleId-913C2DB5-9F02-4067-BAF7-0AED37B60BBE-" ALIGN="Left" LEFT="0." RIGHT="0." FIRSTLINE="0." LINESPACE="6.099999905"/>
<ParagraphStyle ID="StyleId-9C79A9D2-8F08-4A8F-985D-B00E253ED1E5-" ALIGN="Left" LEFT="0." RIGHT="0." FIRSTLINE="0." LINESPACE="4.400000095"/>
<ParagraphStyle ID="StyleId-A41F0407-FEFE-4738-9EC5-E05AFFF62781-" ALIGN="Left" LEFT="0." RIGHT="0." FIRSTLINE="0." LINESPACE="7.300000191"/>
<ParagraphStyle ID="StyleId-61D37176-94E8-408D-9B87-01C406CE8AB2-" ALIGN="Left" LEFT="0." RIGHT="0." FIRSTLINE="0." LINESPACE="8.050000191"/>
</Styles>
<Layout>
<Page ID="Page1188" PHYSICAL_IMG_NR="1188" HEIGHT="4375" WIDTH="2424">
<TopMargin HEIGHT="435" WIDTH="2424" VPOS="0" HPOS="0">
</TopMargin>
<LeftMargin HEIGHT="3651" WIDTH="232" VPOS="435" HPOS="0">
</LeftMargin>
<RightMargin HEIGHT="3651" WIDTH="104" VPOS="435" HPOS="2320">
</RightMargin>
<BottomMargin HEIGHT="289" WIDTH="2424" VPOS="4086" HPOS="0">
<TextBlock ID="Page1188_Block1" HEIGHT="70" WIDTH="154" VPOS="4086" HPOS="1236" LANG="en-US" STYLEREFS="StyleId-C1E08354-0D92-40D5-A239-6BEC3862A5A0-">
<TextLine HEIGHT="49" WIDTH="132" VPOS="4097" HPOS="1247">
<String CONTENT="1188" HEIGHT="49" WIDTH="132" VPOS="4097" HPOS="1247"/>
</TextLine>
</TextBlock>
</BottomMargin>
<PrintSpace HEIGHT="3651" WIDTH="2088" VPOS="435" HPOS="232">
<TextBlock ID="Page1188_Block2" HEIGHT="3651" WIDTH="2014" VPOS="435" HPOS="306" LANG="en-US" CS="1" STYLEREFS="StyleId-B5AB450B-D1B7-425E-9C05-334C98EB6E05-">
<TextLine HEIGHT="72" WIDTH="1988" VPOS="466" HPOS="316" STYLEREFS="StyleId-02431BC3-183E-4225-89D0-6B36BAF0BCDA-">
<String LANG="de" CONTENT="National" HEIGHT="53" WIDTH="278" VPOS="466" HPOS="316"/>
<SP HEIGHT="51" WIDTH="33" VPOS="468" HPOS="595"/>
<String CONTENT="education" HEIGHT="54" WIDTH="308" VPOS="466" HPOS="629"/>
<SP HEIGHT="35" WIDTH="32" VPOS="484" HPOS="938"/>
<String CONTENT="association" HEIGHT="54" WIDTH="355" VPOS="466" HPOS="971"/>
<SP HEIGHT="36" WIDTH="32" VPOS="484" HPOS="1327"/>
<String CONTENT="of" HEIGHT="53" WIDTH="63" VPOS="467" HPOS="1360"/>
<SP HEIGHT="53" WIDTH="31" VPOS="467" HPOS="1424"/>
<String CONTENT="the" HEIGHT="55" WIDTH="105" VPOS="467" HPOS="1456"/>
<SP HEIGHT="54" WIDTH="26" VPOS="468" HPOS="1562"/>
<String CONTENT="United" HEIGHT="55" WIDTH="220" VPOS="468" HPOS="1589"/>
<SP HEIGHT="55" WIDTH="31" VPOS="469" HPOS="1810"/>
<String CONTENT="States." HEIGHT="54" WIDTH="221" VPOS="470" HPOS="1842"/>
<SP HEIGHT="53" WIDTH="71" VPOS="471" HPOS="2064"/>
<String CONTENT="Dept." HEIGHT="67" WIDTH="168" VPOS="471" HPOS="2136"/>
</TextLine>
<TextLine HEIGHT="67" WIDTH="1370" VPOS="544" HPOS="386" STYLEREFS="StyleId-29E53849-D44C-4D62-B582-E3B1924C97C3-">
<String CONTENT="of" HEIGHT="66" WIDTH="64" VPOS="544" HPOS="386"/>
<SP HEIGHT="66" WIDTH="25" VPOS="544" HPOS="451"/>
<String CONTENT="supervisors" HEIGHT="49" WIDTH="353" VPOS="562" HPOS="477"/>
<SP HEIGHT="35" WIDTH="27" VPOS="563" HPOS="831"/>
<String CONTENT="and" HEIGHT="52" WIDTH="113" VPOS="546" HPOS="859"/>
<SP HEIGHT="52" WIDTH="27" VPOS="545" HPOS="973"/>
<String CONTENT="directors" HEIGHT="53" WIDTH="274" VPOS="545" HPOS="1001"/>
<SP HEIGHT="34" WIDTH="30" VPOS="563" HPOS="1276"/>
<String CONTENT="of" HEIGHT="65" WIDTH="63" VPOS="546" HPOS="1307"/>
<SP HEIGHT="65" WIDTH="25" VPOS="546" HPOS="1371"/>
<String CONTENT="instruction." HEIGHT="54" WIDTH="359" VPOS="547" HPOS="1397"/>
</TextLine>
<TextLine HEIGHT="145" WIDTH="1963" VPOS="620" HPOS="320" STYLEREFS="StyleId-0895A812-18D0-4DBF-9B23-F12354CEC37D-" CS="1">
<String CONTENT="Materials" HEIGHT="55" WIDTH="296" VPOS="620" HPOS="388"/>
<SP HEIGHT="35" WIDTH="43" VPOS="640" HPOS="685"/>
<String CONTENT="of" HEIGHT="54" WIDTH="65" VPOS="621" HPOS="729"/>
<SP HEIGHT="52" WIDTH="38" VPOS="621" HPOS="795"/>
<String CONTENT="instruction;" HEIGHT="67" WIDTH="369" VPOS="621" HPOS="834"/>
<SP HEIGHT="60" WIDTH="44" VPOS="628" HPOS="1204"/>
<String CONTENT="the" HEIGHT="53" WIDTH="96" VPOS="622" HPOS="1249"/>
<SP HEIGHT="35" WIDTH="41" VPOS="640" HPOS="1346"/>
<String CONTENT="eighth" HEIGHT="66" WIDTH="198" VPOS="623" HPOS="1388"/>
<SP HEIGHT="66" WIDTH="40" VPOS="623" HPOS="1587"/>
<String CONTENT="yearbook" HEIGHT="66" WIDTH="284" VPOS="623" HPOS="1628"/>
<SP HEIGHT="55" WIDTH="39" VPOS="623" HPOS="1913"/>
<String CONTENT="of" HEIGHT="54" WIDTH="64" VPOS="624" HPOS="1953"/>
<SP HEIGHT="54" WIDTH="39" VPOS="624" HPOS="2018"/>
<String CONTENT="the" HEIGHT="53" WIDTH="96" VPOS="625" HPOS="2058"/>
<SP HEIGHT="53" WIDTH="40" VPOS="625" HPOS="2155"/>
<String CONTENT="Department" HEIGHT="140" WIDTH="1963" VPOS="625" HPOS="320"/>
</TextLine>
<TextLine HEIGHT="68" WIDTH="1655" VPOS="698" HPOS="650" STYLEREFS="StyleId-0895A812-18D0-4DBF-9B23-F12354CEC37D-">
<String CONTENT="of" HEIGHT="53" WIDTH="63" VPOS="698" HPOS="650"/>
<SP HEIGHT="53" WIDTH="40" VPOS="698" HPOS="714"/>
<String CONTENT="supervisors" HEIGHT="67" WIDTH="350" VPOS="699" HPOS="755"/>
<SP HEIGHT="34" WIDTH="43" VPOS="717" HPOS="1106"/>
<String CONTENT="and" HEIGHT="53" WIDTH="112" VPOS="698" HPOS="1150"/>
<SP HEIGHT="53" WIDTH="40" VPOS="698" HPOS="1263"/>
<String CONTENT="directors" HEIGHT="55" WIDTH="273" VPOS="698" HPOS="1304"/>
<SP HEIGHT="35" WIDTH="41" VPOS="718" HPOS="1578"/>
<String CONTENT="of" HEIGHT="54" WIDTH="63" VPOS="699" HPOS="1620"/>
<SP HEIGHT="53" WIDTH="38" VPOS="699" HPOS="1684"/>
<String CONTENT="instruction" HEIGHT="54" WIDTH="342" VPOS="700" HPOS="1723"/>
<SP HEIGHT="35" WIDTH="41" VPOS="719" HPOS="2066"/>
<String CONTENT="of" HEIGHT="54" WIDTH="63" VPOS="700" HPOS="2108"/>
<SP HEIGHT="54" WIDTH="39" VPOS="700" HPOS="2172"/>
<String CONTENT="the" HEIGHT="55" WIDTH="93" VPOS="700" HPOS="2212"/>
</TextLine>
<TextLine HEIGHT="145" WIDTH="1963" VPOS="775" HPOS="322" STYLEREFS="StyleId-0895A812-18D0-4DBF-9B23-F12354CEC37D-" CS="1">
<String CONTENT="National" HEIGHT="54" WIDTH="271" VPOS="775" HPOS="322"/>
<SP HEIGHT="51" WIDTH="47" VPOS="778" HPOS="594"/>
<String CONTENT="education" HEIGHT="53" WIDTH="299" VPOS="776" HPOS="642"/>
<SP HEIGHT="35" WIDTH="47" VPOS="794" HPOS="942"/>
<String CONTENT="association," HEIGHT="68" WIDTH="354" VPOS="775" HPOS="990"/>
<SP HEIGHT="66" WIDTH="45" VPOS="777" HPOS="1345"/>
<String CONTENT="by" HEIGHT="66" WIDTH="75" VPOS="777" HPOS="1391"/>
<SP HEIGHT="47" WIDTH="48" VPOS="796" HPOS="1467"/>
<String CONTENT="a" HEIGHT="33" WIDTH="30" VPOS="798" HPOS="1516"/>
<SP HEIGHT="35" WIDTH="49" VPOS="796" HPOS="1547"/>
<String CONTENT="committee" HEIGHT="52" WIDTH="316" VPOS="780" HPOS="1597"/>
<SP HEIGHT="35" WIDTH="46" VPOS="796" HPOS="1914"/>
<String CONTENT="of" HEIGHT="53" WIDTH="64" VPOS="778" HPOS="1961"/>
<SP HEIGHT="53" WIDTH="45" VPOS="778" HPOS="2026"/>
<String CONTENT="the" HEIGHT="54" WIDTH="96" VPOS="778" HPOS="2072"/>
<SP HEIGHT="53" WIDTH="47" VPOS="779" HPOS="2169"/>
<String CONTENT="department," HEIGHT="141" WIDTH="1962" VPOS="779" HPOS="323"/>
</TextLine>
<TextLine HEIGHT="68" WIDTH="1652" VPOS="853" HPOS="654" STYLEREFS="StyleId-0895A812-18D0-4DBF-9B23-F12354CEC37D-">
<String CONTENT="Fannie" HEIGHT="53" WIDTH="219" VPOS="853" HPOS="654"/>
<SP HEIGHT="54" WIDTH="26" VPOS="854" HPOS="874"/>
<String CONTENT="W." HEIGHT="54" WIDTH="92" VPOS="854" HPOS="901"/>
<SP HEIGHT="53" WIDTH="25" VPOS="854" HPOS="994"/>
<String CONTENT="Dunn," HEIGHT="67" WIDTH="193" VPOS="854" HPOS="1020"/>
<SP HEIGHT="49" WIDTH="27" VPOS="872" HPOS="1214"/>
<String CONTENT="chairman." HEIGHT="53" WIDTH="310" VPOS="854" HPOS="1242"/>
<SP HEIGHT="52" WIDTH="60" VPOS="855" HPOS="1553"/>
<String CONTENT="New" HEIGHT="53" WIDTH="139" VPOS="855" HPOS="1614"/>
<SP HEIGHT="53" WIDTH="27" VPOS="855" HPOS="1754"/>
<String CONTENT="York," HEIGHT="66" WIDTH="178" VPOS="855" HPOS="1782"/>
<SP HEIGHT="65" WIDTH="28" VPOS="856" HPOS="1961"/>
<String CONTENT="Bureau" HEIGHT="53" WIDTH="228" VPOS="856" HPOS="1990"/>
<SP HEIGHT="34" WIDTH="25" VPOS="875" HPOS="2219"/>
<String CONTENT="of" HEIGHT="53" WIDTH="61" VPOS="856" HPOS="2245"/>
</TextLine>
<TextLine HEIGHT="68" WIDTH="1882" VPOS="930" HPOS="323" STYLEREFS="StyleId-0895A812-18D0-4DBF-9B23-F12354CEC37D-">
<String CONTENT="publications," HEIGHT="67" WIDTH="395" VPOS="930" HPOS="323"/>
<SP HEIGHT="65" WIDTH="36" VPOS="931" HPOS="719"/>
<String CONTENT="Teachers" HEIGHT="54" WIDTH="276" VPOS="930" HPOS="756"/>
<SP HEIGHT="35" WIDTH="39" VPOS="949" HPOS="1033"/>
<String CONTENT="college," HEIGHT="67" WIDTH="227" VPOS="931" HPOS="1073"/>
<SP HEIGHT="68" WIDTH="37" VPOS="930" HPOS="1301"/>
<String CONTENT="Columbia" HEIGHT="56" WIDTH="300" VPOS="930" HPOS="1339"/>
<SP HEIGHT="36" WIDTH="37" VPOS="949" HPOS="1640"/>
<String CONTENT="university," HEIGHT="67" WIDTH="335" VPOS="931" HPOS="1678"/>
<SP HEIGHT="62" WIDTH="38" VPOS="936" HPOS="2014"/>
<String CONTENT="1935." HEIGHT="50" WIDTH="152" VPOS="936" HPOS="2053"/>
</TextLine>
<TextLine HEIGHT="51" WIDTH="662" VPOS="1001" HPOS="389" STYLEREFS="StyleId-0895A812-18D0-4DBF-9B23-F12354CEC37D-" CS="1">
<String CONTENT="xi," HEIGHT="50" WIDTH="65" VPOS="1001" HPOS="389"/>
<SP HEIGHT="48" WIDTH="26" VPOS="1003" HPOS="455"/>
<String CONTENT="242" HEIGHT="40" WIDTH="85" VPOS="1002" HPOS="482"/>
<SP HEIGHT="49" WIDTH="25" VPOS="1002" HPOS="568"/>
<String CONTENT="p." HEIGHT="38" WIDTH="45" VPOS="1013" HPOS="594"/>
<SP HEIGHT="40" WIDTH="54" VPOS="1003" HPOS="640"/>
<String CONTENT="diagr." HEIGHT="50" WIDTH="154" VPOS="1002" HPOS="695"/>
<SP HEIGHT="41" WIDTH="54" VPOS="1002" HPOS="850"/>
<String CS="1" CONTENT="23&#189;" HEIGHT="40" WIDTH="56" VPOS="1002" HPOS="905"/>
<String STYLE="superscript" CONTENT="cm" HEIGHT="21" WIDTH="43" VPOS="1005" HPOS="994"/>
<String CONTENT="." HEIGHT="8" WIDTH="9" VPOS="1035" HPOS="1042"/>
</TextLine>
<TextLine HEIGHT="49" WIDTH="647" VPOS="1059" HPOS="390">
<String CONTENT="Includes" HEIGHT="41" WIDTH="226" VPOS="1059" HPOS="390"/>
<SP HEIGHT="41" WIDTH="30" VPOS="1059" HPOS="617"/>
<String CONTENT="bibliographies." HEIGHT="49" WIDTH="389" VPOS="1059" HPOS="648"/>
</TextLine>
<TextLine HEIGHT="53" WIDTH="1985" VPOS="1112" HPOS="323">
<String CONTENT="&#169;" HEIGHT="53" WIDTH="53" VPOS="1112" HPOS="323"/>
<SP HEIGHT="53" WIDTH="36" VPOS="1112" HPOS="377"/>
<String CONTENT="June" HEIGHT="39" WIDTH="129" VPOS="1118" HPOS="414"/>
<SP HEIGHT="39" WIDTH="32" VPOS="1118" HPOS="544"/>
<String CONTENT="11," HEIGHT="46" WIDTH="68" VPOS="1117" HPOS="577"/>
<SP HEIGHT="46" WIDTH="37" VPOS="1117" HPOS="646"/>
<String CONTENT="1935;" HEIGHT="48" WIDTH="140" VPOS="1114" HPOS="684"/>
<SP HEIGHT="46" WIDTH="37" VPOS="1116" HPOS="825"/>
<String CONTENT="2c." HEIGHT="39" WIDTH="67" VPOS="1116" HPOS="863"/>
<SP HEIGHT="38" WIDTH="38" VPOS="1117" HPOS="931"/>
<String CONTENT="July" HEIGHT="48" WIDTH="116" VPOS="1115" HPOS="970"/>
<SP HEIGHT="46" WIDTH="35" VPOS="1117" HPOS="1087"/>
<String CONTENT="18;" HEIGHT="47" WIDTH="81" VPOS="1115" HPOS="1123"/>
<SP HEIGHT="36" WIDTH="40" VPOS="1126" HPOS="1205"/>
<String CONTENT="aff." HEIGHT="40" WIDTH="81" VPOS="1115" HPOS="1246"/>
<SP HEIGHT="39" WIDTH="35" VPOS="1116" HPOS="1328"/>
<String CONTENT="Aug." HEIGHT="49" WIDTH="120" VPOS="1116" HPOS="1364"/>
<SP HEIGHT="40" WIDTH="36" VPOS="1116" HPOS="1485"/>
<String CONTENT="6;" HEIGHT="47" WIDTH="53" VPOS="1116" HPOS="1522"/>
<SP HEIGHT="45" WIDTH="37" VPOS="1118" HPOS="1576"/>
<!-- cceid 92F7CBE8-6D82-1014-B070-FDFD250A9EDA --><String CONTENT="A" HEIGHT="37" WIDTH="43" VPOS="1118" HPOS="1614"/>
<SP HEIGHT="40" WIDTH="33" VPOS="1117" HPOS="1658"/>
<String CONTENT="84863;" HEIGHT="46" WIDTH="169" VPOS="1117" HPOS="1692"/>
<SP HEIGHT="45" WIDTH="40" VPOS="1118" HPOS="1862"/>
<String CONTENT="Department" HEIGHT="47" WIDTH="316" VPOS="1118" HPOS="1903"/>
<SP HEIGHT="37" WIDTH="38" VPOS="1122" HPOS="2220"/>
<String CONTENT="of" HEIGHT="39" WIDTH="49" VPOS="1119" HPOS="2259"/>
</TextLine>
<TextLine HEIGHT="51" WIDTH="1921" VPOS="1171" HPOS="389" CS="1">
<String CONTENT="supervisors" HEIGHT="49" WIDTH="307" VPOS="1173" HPOS="389"/>
<SP HEIGHT="30" WIDTH="29" VPOS="1183" HPOS="697"/>
<String CONTENT="and" HEIGHT="39" WIDTH="96" VPOS="1174" HPOS="727"/>
<SP HEIGHT="40" WIDTH="34" VPOS="1173" HPOS="824"/>
<String CONTENT="directors" HEIGHT="40" WIDTH="234" VPOS="1173" HPOS="859"/>
<SP HEIGHT="30" WIDTH="33" VPOS="1183" HPOS="1094"/>
<String CONTENT="of" HEIGHT="40" WIDTH="54" VPOS="1173" HPOS="1128"/>
<SP HEIGHT="41" WIDTH="27" VPOS="1171" HPOS="1183"/>
<String CONTENT="instruction," HEIGHT="49" WIDTH="308" VPOS="1171" HPOS="1211"/>
<SP HEIGHT="46" WIDTH="33" VPOS="1174" HPOS="1520"/>
<String CS="1" CONTENT="Natl." HEIGHT="39" WIDTH="114" VPOS="1174" HPOS="1554"/>
<SP HEIGHT="29" WIDTH="34" VPOS="1184" HPOS="1685"/>
<String CONTENT="education" HEIGHT="40" WIDTH="258" VPOS="1175" HPOS="1720"/>
<SP HEIGHT="29" WIDTH="35" VPOS="1185" HPOS="1979"/>
<String CONTENT="assn.," HEIGHT="37" WIDTH="141" VPOS="1184" HPOS="2015"/>
<SP HEIGHT="45" WIDTH="36" VPOS="1176" HPOS="2157"/>
<String CONTENT="New" HEIGHT="39" WIDTH="116" VPOS="1176" HPOS="2194"/>
</TextLine>
<TextLine HEIGHT="48" WIDTH="494" VPOS="1230" HPOS="392">
<String CONTENT="York." HEIGHT="40" WIDTH="144" VPOS="1231" HPOS="392"/>
<SP HEIGHT="48" WIDTH="69" VPOS="1230" HPOS="537"/>
<String CONTENT="(35-14857)" HEIGHT="48" WIDTH="279" VPOS="1230" HPOS="607"/>
</TextLine>
<TextLine HEIGHT="67" WIDTH="1019" VPOS="1320" HPOS="323" STYLEREFS="StyleId-0895A812-18D0-4DBF-9B23-F12354CEC37D-">
<String LANG="de" CONTENT="Oppenheimer," HEIGHT="65" WIDTH="448" VPOS="1320" HPOS="323"/>
<SP HEIGHT="64" WIDTH="28" VPOS="1321" HPOS="772"/>
<String LANG="en-US" CONTENT="Benton" HEIGHT="52" WIDTH="230" VPOS="1321" HPOS="801"/>
<SP HEIGHT="54" WIDTH="30" VPOS="1321" HPOS="1032"/>
<String LANG="en-US" CONTENT="S.," HEIGHT="66" WIDTH="77" VPOS="1321" HPOS="1063"/>
<SP HEIGHT="60" WIDTH="30" VPOS="1327" HPOS="1141"/>
<String LANG="en-US" CONTENT="1878-" HEIGHT="54" WIDTH="170" VPOS="1322" HPOS="1172"/>
</TextLine>
<TextLine HEIGHT="145" WIDTH="1964" VPOS="1397" HPOS="320" STYLEREFS="StyleId-0895A812-18D0-4DBF-9B23-F12354CEC37D-" CS="1">
<String CONTENT="A" HEIGHT="53" WIDTH="54" VPOS="1398" HPOS="390"/>
<SP HEIGHT="54" WIDTH="32" VPOS="1398" HPOS="445"/>
<String CONTENT="treatise" HEIGHT="54" WIDTH="232" VPOS="1398" HPOS="478"/>
<SP HEIGHT="35" WIDTH="32" VPOS="1416" HPOS="711"/>
<String CONTENT="on" HEIGHT="35" WIDTH="72" VPOS="1416" HPOS="744"/>
<SP HEIGHT="33" WIDTH="32" VPOS="1417" HPOS="817"/>
<String CONTENT="medical" HEIGHT="54" WIDTH="239" VPOS="1397" HPOS="850"/>
<SP HEIGHT="66" WIDTH="34" VPOS="1398" HPOS="1090"/>
<String CONTENT="jurisprudence," HEIGHT="67" WIDTH="450" VPOS="1398" HPOS="1125"/>
<SP HEIGHT="66" WIDTH="32" VPOS="1399" HPOS="1576"/>
<String CONTENT="by" HEIGHT="66" WIDTH="77" VPOS="1399" HPOS="1609"/>
<SP HEIGHT="65" WIDTH="32" VPOS="1400" HPOS="1687"/>
<String CONTENT="Benton" HEIGHT="51" WIDTH="225" VPOS="1400" HPOS="1720"/>
<SP HEIGHT="55" WIDTH="36" VPOS="1398" HPOS="1946"/>
<String CONTENT="S." HEIGHT="55" WIDTH="57" VPOS="1398" HPOS="1983"/>
<SP HEIGHT="54" WIDTH="37" VPOS="1399" HPOS="2041"/>
<String LANG="de" CONTENT="Oppenheimer" HEIGHT="129" WIDTH="1964" VPOS="1399" HPOS="320"/>
<SP HEIGHT="34" WIDTH="29" VPOS="1494" HPOS="535"/>
<String CONTENT="&#8230;" HEIGHT="10" WIDTH="56" VPOS="1518" HPOS="565"/>
<SP HEIGHT="52" WIDTH="65" VPOS="1476" HPOS="622"/>
<String CONTENT="Baltimore," HEIGHT="67" WIDTH="332" VPOS="1474" HPOS="688"/>
<SP HEIGHT="65" WIDTH="25" VPOS="1476" HPOS="1021"/>
<String CONTENT="W." HEIGHT="54" WIDTH="91" VPOS="1476" HPOS="1047"/>
<SP HEIGHT="54" WIDTH="22" VPOS="1475" HPOS="1139"/>
<String CONTENT="Wood" HEIGHT="54" WIDTH="185" VPOS="1475" HPOS="1162"/>
<SP HEIGHT="54" WIDTH="23" VPOS="1475" HPOS="1348"/>
<String CONTENT="&amp;" HEIGHT="51" WIDTH="46" VPOS="1478" HPOS="1372"/>
<SP HEIGHT="51" WIDTH="23" VPOS="1478" HPOS="1419"/>
<String CONTENT="company," HEIGHT="48" WIDTH="296" VPOS="1494" HPOS="1443"/>
<SP HEIGHT="61" WIDTH="28" VPOS="1480" HPOS="1740"/>
<String CONTENT="1935." HEIGHT="51" WIDTH="149" VPOS="1478" HPOS="1769"/>
</TextLine>
<TextLine HEIGHT="50" WIDTH="426" VPOS="1546" HPOS="390" STYLEREFS="StyleId-0895A812-18D0-4DBF-9B23-F12354CEC37D-">
<String CONTENT="xi," HEIGHT="47" WIDTH="64" VPOS="1548" HPOS="390"/>
<SP HEIGHT="48" WIDTH="27" VPOS="1547" HPOS="455"/>
<String CONTENT="290" HEIGHT="41" WIDTH="86" VPOS="1547" HPOS="483"/>
<SP HEIGHT="48" WIDTH="26" VPOS="1548" HPOS="570"/>
<String CONTENT="p." HEIGHT="38" WIDTH="43" VPOS="1558" HPOS="597"/>
<SP HEIGHT="42" WIDTH="58" VPOS="1546" HPOS="641"/>
<String CONTENT="20" HEIGHT="43" WIDTH="59" VPOS="1546" HPOS="700"/>
<String STYLE="superscript" CONTENT="cm" HEIGHT="21" WIDTH="45" VPOS="1550" HPOS="759"/>
<String CONTENT="." HEIGHT="10" WIDTH="9" VPOS="1578" HPOS="807"/>
</TextLine>
<TextLine HEIGHT="50" WIDTH="936" VPOS="1602" HPOS="392" CS="1">
<String CONTENT="&#8220;Index" HEIGHT="41" WIDTH="182" VPOS="1603" HPOS="392"/>
<SP HEIGHT="28" WIDTH="25" VPOS="1616" HPOS="575"/>
<String CONTENT="of" HEIGHT="40" WIDTH="51" VPOS="1604" HPOS="601"/>
<SP HEIGHT="39" WIDTH="21" VPOS="1604" HPOS="653"/>
<String CONTENT="cases" HEIGHT="30" WIDTH="135" VPOS="1614" HPOS="675"/>
<SP HEIGHT="30" WIDTH="22" VPOS="1614" HPOS="811"/>
<String CS="1" CONTENT="cited&#8221;;" HEIGHT="41" WIDTH="154" VPOS="1603" HPOS="834"/>
<SP HEIGHT="38" WIDTH="25" VPOS="1614" HPOS="1018"/>
<String CONTENT="p." HEIGHT="37" WIDTH="43" VPOS="1615" HPOS="1044"/>
<SP HEIGHT="39" WIDTH="24" VPOS="1604" HPOS="1088"/>
<String CONTENT="265-282." HEIGHT="41" WIDTH="215" VPOS="1602" HPOS="1113"/>
</TextLine>
<TextLine HEIGHT="53" WIDTH="1987" VPOS="1657" HPOS="323" CS="1">
<String CONTENT="&#169;" HEIGHT="53" WIDTH="53" VPOS="1657" HPOS="323"/>
<SP HEIGHT="53" WIDTH="26" VPOS="1657" HPOS="377"/>
<String CONTENT="July" HEIGHT="46" WIDTH="115" VPOS="1662" HPOS="404"/>
<SP HEIGHT="48" WIDTH="25" VPOS="1660" HPOS="520"/>
<String CONTENT="26," HEIGHT="47" WIDTH="69" VPOS="1660" HPOS="546"/>
<SP HEIGHT="45" WIDTH="28" VPOS="1662" HPOS="616"/>
<String CS="1" CONTENT="1935;" HEIGHT="41" WIDTH="117" VPOS="1659" HPOS="645"/>
<SP HEIGHT="48" WIDTH="28" VPOS="1659" HPOS="786"/>
<String CONTENT="2c." HEIGHT="41" WIDTH="66" VPOS="1659" HPOS="815"/>
<SP HEIGHT="39" WIDTH="27" VPOS="1660" HPOS="882"/>
<String CONTENT="Aug." HEIGHT="47" WIDTH="121" VPOS="1660" HPOS="910"/>
<SP HEIGHT="38" WIDTH="28" VPOS="1661" HPOS="1032"/>
<String CS="1" CONTENT="7;" HEIGHT="38" WIDTH="26" VPOS="1661" HPOS="1061"/>
<SP HEIGHT="31" WIDTH="31" VPOS="1670" HPOS="1114"/>
<String CONTENT="aff." HEIGHT="40" WIDTH="81" VPOS="1659" HPOS="1146"/>
<SP HEIGHT="40" WIDTH="25" VPOS="1659" HPOS="1228"/>
<String CONTENT="Aug." HEIGHT="48" WIDTH="119" VPOS="1659" HPOS="1254"/>
<SP HEIGHT="40" WIDTH="29" VPOS="1659" HPOS="1374"/>
<String LANG="fr" CS="1" CONTENT="G;" HEIGHT="40" WIDTH="30" VPOS="1659" HPOS="1404"/>
<SP HEIGHT="47" WIDTH="30" VPOS="1660" HPOS="1459"/>
<!-- cceid 92F83078-6D82-1014-B070-FDFD250A9EDA --><String CONTENT="A" HEIGHT="39" WIDTH="42" VPOS="1660" HPOS="1490"/>
<SP HEIGHT="41" WIDTH="27" VPOS="1659" HPOS="1533"/>
<String CS="1" CONTENT="84884;" HEIGHT="41" WIDTH="144" VPOS="1659" HPOS="1561"/>
<SP HEIGHT="46" WIDTH="32" VPOS="1661" HPOS="1732"/>
<String CONTENT="Williams" HEIGHT="42" WIDTH="242" VPOS="1659" HPOS="1765"/>
<SP HEIGHT="40" WIDTH="28" VPOS="1660" HPOS="2008"/>
<String CONTENT="&amp;" HEIGHT="40" WIDTH="37" VPOS="1660" HPOS="2037"/>
<SP HEIGHT="41" WIDTH="26" VPOS="1660" HPOS="2075"/>
<String CONTENT="Wilkins" HEIGHT="41" WIDTH="208" VPOS="1660" HPOS="2102"/>
</TextLine>
<TextLine HEIGHT="50" WIDTH="744" VPOS="1715" HPOS="388">
<String LANG="ru" CONTENT="co.," HEIGHT="37" WIDTH="80" VPOS="1728" HPOS="388"/>
<SP HEIGHT="46" WIDTH="29" VPOS="1719" HPOS="469"/>
<String CONTENT="Baltimore." HEIGHT="40" WIDTH="282" VPOS="1718" HPOS="499"/>
<SP HEIGHT="48" WIDTH="71" VPOS="1717" HPOS="782"/>
<String CONTENT="(35-14691)" HEIGHT="50" WIDTH="278" VPOS="1715" HPOS="854"/>
</TextLine>
<TextLine HEIGHT="64" WIDTH="932" VPOS="1807" HPOS="319" STYLEREFS="StyleId-02431BC3-183E-4225-89D0-6B36BAF0BCDA-">
<String CONTENT="Pennsylvania." HEIGHT="64" WIDTH="452" VPOS="1807" HPOS="319"/>
<SP HEIGHT="53" WIDTH="75" VPOS="1807" HPOS="772"/>
<String CONTENT="Constitution." HEIGHT="53" WIDTH="403" VPOS="1807" HPOS="848"/>
</TextLine>
<TextLine HEIGHT="70" WIDTH="1908" VPOS="1881" HPOS="393" STYLEREFS="StyleId-0895A812-18D0-4DBF-9B23-F12354CEC37D-">
<String CONTENT="Constitution" HEIGHT="56" WIDTH="387" VPOS="1881" HPOS="393"/>
<SP HEIGHT="35" WIDTH="47" VPOS="1901" HPOS="781"/>
<String CONTENT="of" HEIGHT="55" WIDTH="64" VPOS="1881" HPOS="829"/>
<SP HEIGHT="53" WIDTH="45" VPOS="1881" HPOS="894"/>
<String CONTENT="Pennsylvania," HEIGHT="69" WIDTH="442" VPOS="1882" HPOS="940"/>
<SP HEIGHT="64" WIDTH="49" VPOS="1886" HPOS="1383"/>
<String CONTENT="1874" HEIGHT="54" WIDTH="135" VPOS="1881" HPOS="1433"/>
<SP HEIGHT="50" WIDTH="46" VPOS="1885" HPOS="1569"/>
<String CONTENT="as" HEIGHT="35" WIDTH="59" VPOS="1901" HPOS="1616"/>
<SP HEIGHT="36" WIDTH="46" VPOS="1900" HPOS="1676"/>
<String CONTENT="amended" HEIGHT="54" WIDTH="273" VPOS="1882" HPOS="1723"/>
<SP HEIGHT="53" WIDTH="47" VPOS="1883" HPOS="1997"/>
<String CONTENT="to" HEIGHT="49" WIDTH="60" VPOS="1888" HPOS="2045"/>
<SP HEIGHT="51" WIDTH="47" VPOS="1886" HPOS="2106"/>
<String CONTENT="1934." HEIGHT="50" WIDTH="147" VPOS="1885" HPOS="2154"/>
</TextLine>
<TextLine HEIGHT="70" WIDTH="1789" VPOS="1959" HPOS="324" STYLEREFS="StyleId-0895A812-18D0-4DBF-9B23-F12354CEC37D-" CS="1">
<String CONTENT="Prepared" HEIGHT="67" WIDTH="290" VPOS="1962" HPOS="324"/>
<SP HEIGHT="53" WIDTH="37" VPOS="1961" HPOS="615"/>
<String CONTENT="by" HEIGHT="68" WIDTH="76" VPOS="1961" HPOS="653"/>
<SP HEIGHT="69" WIDTH="35" VPOS="1960" HPOS="730"/>
<String CONTENT="Jacob" HEIGHT="54" WIDTH="177" VPOS="1960" HPOS="766"/>
<SP HEIGHT="52" WIDTH="39" VPOS="1960" HPOS="944"/>
<String LANG="fr" CONTENT="Tanger" HEIGHT="68" WIDTH="228" VPOS="1961" HPOS="984"/>
<SP HEIGHT="34" WIDTH="40" VPOS="1979" HPOS="1213"/>
<String CONTENT="&#8230;" HEIGHT="11" WIDTH="56" VPOS="2002" HPOS="1254"/>
<SP HEIGHT="33" WIDTH="83" VPOS="1993" HPOS="1311"/>
<String CONTENT="[Harrisburg," HEIGHT="69" WIDTH="394" VPOS="1959" HPOS="1395"/>
<SP HEIGHT="67" WIDTH="37" VPOS="1961" HPOS="1790"/>
<String CONTENT="Pa.," HEIGHT="67" WIDTH="120" VPOS="1961" HPOS="1828"/>
<SP HEIGHT="67" WIDTH="39" VPOS="1961" HPOS="1949"/>
<String CONTENT="The" HEIGHT="53" WIDTH="124" VPOS="1961" HPOS="1989"/>
</TextLine>
<TextLine HEIGHT="147" WIDTH="1957" VPOS="1960" HPOS="322" STYLEREFS="StyleId-0895A812-18D0-4DBF-9B23-F12354CEC37D-" CS="1">
<String CONTENT="Telegraph" HEIGHT="146" WIDTH="1957" VPOS="1960" HPOS="322"/>
<SP HEIGHT="67" WIDTH="27" VPOS="2040" HPOS="508"/>
<String CONTENT="press," HEIGHT="50" WIDTH="174" VPOS="2057" HPOS="536"/>
<SP HEIGHT="61" WIDTH="25" VPOS="2044" HPOS="711"/>
<String CS="1" CONTENT="c1934]" HEIGHT="64" WIDTH="150" VPOS="2041" HPOS="759"/>
</TextLine>
<TextLine HEIGHT="48" WIDTH="362" VPOS="2111" HPOS="392" CS="1">
<String CONTENT="106" HEIGHT="41" WIDTH="86" VPOS="2111" HPOS="392"/>
<SP HEIGHT="48" WIDTH="25" VPOS="2111" HPOS="479"/>
<String CONTENT="p." HEIGHT="38" WIDTH="43" VPOS="2121" HPOS="505"/>
<SP HEIGHT="41" WIDTH="57" VPOS="2111" HPOS="549"/>
<String CS="1" CONTENT="23&#189;" HEIGHT="41" WIDTH="56" VPOS="2111" HPOS="607"/>
<String STYLE="superscript" CONTENT="cm" HEIGHT="21" WIDTH="44" VPOS="2113" HPOS="697"/>
<String CONTENT="." HEIGHT="9" WIDTH="9" VPOS="2143" HPOS="745"/>
</TextLine>
<TextLine HEIGHT="53" WIDTH="1981" VPOS="2165" HPOS="324" CS="1">
<String CONTENT="&#169;" HEIGHT="53" WIDTH="53" VPOS="2165" HPOS="324"/>
<SP HEIGHT="53" WIDTH="26" VPOS="2165" HPOS="378"/>
<String CONTENT="Nov." HEIGHT="39" WIDTH="119" VPOS="2171" HPOS="405"/>
<SP HEIGHT="39" WIDTH="26" VPOS="2170" HPOS="525"/>
<String CONTENT="21," HEIGHT="48" WIDTH="69" VPOS="2170" HPOS="552"/>
<SP HEIGHT="48" WIDTH="26" VPOS="2170" HPOS="622"/>
<String CONTENT="1934;" HEIGHT="47" WIDTH="140" VPOS="2168" HPOS="649"/>
<SP HEIGHT="46" WIDTH="27" VPOS="2169" HPOS="790"/>
<String CONTENT="2c." HEIGHT="40" WIDTH="64" VPOS="2169" HPOS="818"/>
<SP HEIGHT="39" WIDTH="28" VPOS="2169" HPOS="883"/>
<String CONTENT="July" HEIGHT="47" WIDTH="116" VPOS="2169" HPOS="912"/>
<SP HEIGHT="48" WIDTH="27" VPOS="2168" HPOS="1029"/>
<String CONTENT="29," HEIGHT="48" WIDTH="68" VPOS="2167" HPOS="1057"/>
<SP HEIGHT="47" WIDTH="30" VPOS="2168" HPOS="1126"/>
<String CS="1" CONTENT="1935;" HEIGHT="41" WIDTH="112" VPOS="2167" HPOS="1157"/>
<SP HEIGHT="37" WIDTH="32" VPOS="2178" HPOS="1297"/>
<String CONTENT="aff." HEIGHT="40" WIDTH="81" VPOS="2168" HPOS="1330"/>
<SP HEIGHT="40" WIDTH="31" VPOS="2168" HPOS="1412"/>
<String CONTENT="Aug." HEIGHT="48" WIDTH="118" VPOS="2168" HPOS="1444"/>
<SP HEIGHT="39" WIDTH="30" VPOS="2169" HPOS="1563"/>
<String CONTENT="6;" HEIGHT="46" WIDTH="52" VPOS="2169" HPOS="1594"/>
<SP HEIGHT="46" WIDTH="30" VPOS="2169" HPOS="1647"/>
<!-- cceid 92F8A0AC-6D82-1014-B070-FDFD250A9EDA --><String CONTENT="A" HEIGHT="39" WIDTH="44" VPOS="2169" HPOS="1678"/>
<SP HEIGHT="41" WIDTH="25" VPOS="2169" HPOS="1723"/>
<String CONTENT="85397;" HEIGHT="48" WIDTH="168" VPOS="2167" HPOS="1749"/>
<SP HEIGHT="45" WIDTH="33" VPOS="2170" HPOS="1918"/>
<String CONTENT="Pennsylvania" HEIGHT="48" WIDTH="353" VPOS="2168" HPOS="1952"/>
</TextLine>
<TextLine HEIGHT="51" WIDTH="1805" VPOS="2224" HPOS="390">
<String CONTENT="book" HEIGHT="40" WIDTH="123" VPOS="2226" HPOS="390"/>
<SP HEIGHT="38" WIDTH="31" VPOS="2228" HPOS="514"/>
<String CONTENT="service," HEIGHT="48" WIDTH="195" VPOS="2226" HPOS="546"/>
<SP HEIGHT="47" WIDTH="33" VPOS="2227" HPOS="742"/>
<String CONTENT="Harrisburg," HEIGHT="47" WIDTH="314" VPOS="2226" HPOS="776"/>
<SP HEIGHT="47" WIDTH="33" VPOS="2226" HPOS="1091"/>
<String CONTENT="Pa." HEIGHT="38" WIDTH="82" VPOS="2226" HPOS="1125"/>
<SP HEIGHT="29" WIDTH="61" VPOS="2244" HPOS="1208"/>
<String CONTENT="[Copyright" HEIGHT="48" WIDTH="283" VPOS="2225" HPOS="1270"/>
<SP HEIGHT="40" WIDTH="28" VPOS="2225" HPOS="1554"/>
<String CONTENT="is" HEIGHT="40" WIDTH="43" VPOS="2225" HPOS="1583"/>
<SP HEIGHT="29" WIDTH="30" VPOS="2236" HPOS="1627"/>
<String CONTENT="claimed" HEIGHT="41" WIDTH="203" VPOS="2225" HPOS="1658"/>
<SP HEIGHT="39" WIDTH="32" VPOS="2227" HPOS="1862"/>
<String CONTENT="on" HEIGHT="29" WIDTH="61" VPOS="2237" HPOS="1895"/>
<SP HEIGHT="37" WIDTH="32" VPOS="2237" HPOS="1957"/>
<String CONTENT="p." HEIGHT="36" WIDTH="43" VPOS="2238" HPOS="1990"/>
<SP HEIGHT="39" WIDTH="30" VPOS="2227" HPOS="2034"/>
<String CONTENT="3-12]" HEIGHT="51" WIDTH="130" VPOS="2224" HPOS="2065"/>
</TextLine>
<TextLine HEIGHT="48" WIDTH="279" VPOS="2283" HPOS="405">
<String CONTENT="(35-14512)" HEIGHT="48" WIDTH="279" VPOS="2283" HPOS="405"/>
</TextLine>
<TextLine HEIGHT="68" WIDTH="1113" VPOS="2370" HPOS="321" STYLEREFS="StyleId-02431BC3-183E-4225-89D0-6B36BAF0BCDA-">
<String CONTENT="Pontoppidan," HEIGHT="67" WIDTH="424" VPOS="2370" HPOS="321"/>
<SP HEIGHT="64" WIDTH="30" VPOS="2373" HPOS="746"/>
<String CONTENT="Erik," HEIGHT="66" WIDTH="161" VPOS="2371" HPOS="777"/>
<SP HEIGHT="64" WIDTH="31" VPOS="2373" HPOS="939"/>
<String CONTENT="bp.," HEIGHT="65" WIDTH="109" VPOS="2373" HPOS="971"/>
<SP HEIGHT="61" WIDTH="30" VPOS="2375" HPOS="1081"/>
<String CONTENT="1698-1764." HEIGHT="54" WIDTH="322" VPOS="2371" HPOS="1112"/>
</TextLine>
<TextLine HEIGHT="71" WIDTH="1914" VPOS="2446" HPOS="391" STYLEREFS="StyleId-0895A812-18D0-4DBF-9B23-F12354CEC37D-">
<String CONTENT="Epitome" HEIGHT="68" WIDTH="269" VPOS="2449" HPOS="391"/>
<SP HEIGHT="34" WIDTH="35" VPOS="2468" HPOS="661"/>
<String CONTENT="of" HEIGHT="53" WIDTH="64" VPOS="2448" HPOS="697"/>
<SP HEIGHT="52" WIDTH="33" VPOS="2448" HPOS="762"/>
<String CONTENT="Rev." HEIGHT="52" WIDTH="138" VPOS="2448" HPOS="796"/>
<SP HEIGHT="51" WIDTH="35" VPOS="2449" HPOS="935"/>
<String CONTENT="Dr." HEIGHT="52" WIDTH="101" VPOS="2449" HPOS="971"/>
<SP HEIGHT="52" WIDTH="38" VPOS="2449" HPOS="1073"/>
<String CONTENT="Erick" HEIGHT="53" WIDTH="179" VPOS="2447" HPOS="1112"/>
<SP HEIGHT="52" WIDTH="33" VPOS="2448" HPOS="1292"/>
<String CONTENT="Pontoppidan" HEIGHT="70" WIDTH="410" VPOS="2446" HPOS="1326"/>
<String LANG="de" CONTENT="&#8217;s" HEIGHT="53" WIDTH="38" VPOS="2448" HPOS="1742"/>
<SP HEIGHT="52" WIDTH="35" VPOS="2449" HPOS="1781"/>
<String CONTENT="Explanation" HEIGHT="67" WIDTH="392" VPOS="2449" HPOS="1817"/>
<SP HEIGHT="34" WIDTH="34" VPOS="2467" HPOS="2210"/>
<String CONTENT="of" HEIGHT="54" WIDTH="60" VPOS="2447" HPOS="2245"/>
</TextLine>
<TextLine HEIGHT="147" WIDTH="1959" VPOS="2524" HPOS="323" STYLEREFS="StyleId-0895A812-18D0-4DBF-9B23-F12354CEC37D-" CS="1">
<String CONTENT="Martin" HEIGHT="53" WIDTH="220" VPOS="2526" HPOS="323"/>
<SP HEIGHT="52" WIDTH="37" VPOS="2527" HPOS="544"/>
<String CONTENT="Luther&#8217;s" HEIGHT="56" WIDTH="261" VPOS="2524" HPOS="582"/>
<SP HEIGHT="55" WIDTH="41" VPOS="2526" HPOS="844"/>
<String CONTENT="Small" HEIGHT="55" WIDTH="180" VPOS="2526" HPOS="886"/>
<SP HEIGHT="51" WIDTH="40" VPOS="2528" HPOS="1067"/>
<String CONTENT="catechism;" HEIGHT="65" WIDTH="330" VPOS="2525" HPOS="1108"/>
<SP HEIGHT="58" WIDTH="41" VPOS="2532" HPOS="1439"/>
<String CONTENT="translated" HEIGHT="53" WIDTH="316" VPOS="2526" HPOS="1481"/>
<SP HEIGHT="54" WIDTH="39" VPOS="2525" HPOS="1798"/>
<String CONTENT="from" HEIGHT="55" WIDTH="153" VPOS="2525" HPOS="1838"/>
<SP HEIGHT="49" WIDTH="37" VPOS="2530" HPOS="1992"/>
<String CONTENT="the" HEIGHT="53" WIDTH="96" VPOS="2527" HPOS="2030"/>
<SP HEIGHT="53" WIDTH="35" VPOS="2527" HPOS="2127"/>
<String CONTENT="Norwegian" HEIGHT="144" WIDTH="1958" VPOS="2527" HPOS="324"/>
</TextLine>
<TextLine HEIGHT="68" WIDTH="1712" VPOS="2602" HPOS="591" STYLEREFS="StyleId-0895A812-18D0-4DBF-9B23-F12354CEC37D-">
<String CONTENT="by" HEIGHT="65" WIDTH="76" VPOS="2605" HPOS="591"/>
<SP HEIGHT="66" WIDTH="42" VPOS="2604" HPOS="668"/>
<String CONTENT="Rev." HEIGHT="52" WIDTH="141" VPOS="2604" HPOS="711"/>
<SP HEIGHT="53" WIDTH="44" VPOS="2603" HPOS="853"/>
<String CONTENT="Edmund" HEIGHT="52" WIDTH="274" VPOS="2603" HPOS="898"/>
<SP HEIGHT="52" WIDTH="47" VPOS="2603" HPOS="1173"/>
<String CONTENT="Belfour" HEIGHT="53" WIDTH="243" VPOS="2602" HPOS="1221"/>
<SP HEIGHT="32" WIDTH="50" VPOS="2623" HPOS="1465"/>
<String CONTENT="&#8230;" HEIGHT="10" WIDTH="56" VPOS="2646" HPOS="1516"/>
<SP HEIGHT="54" WIDTH="86" VPOS="2602" HPOS="1573"/>
<String CONTENT="Minneapolis," HEIGHT="67" WIDTH="401" VPOS="2602" HPOS="1660"/>
<SP HEIGHT="66" WIDTH="44" VPOS="2603" HPOS="2062"/>
<String CONTENT="Minn.," HEIGHT="65" WIDTH="196" VPOS="2603" HPOS="2107"/>
</TextLine>
<TextLine HEIGHT="144" WIDTH="1960" VPOS="2679" HPOS="321" STYLEREFS="StyleId-0895A812-18D0-4DBF-9B23-F12354CEC37D-" CS="1">
<String CONTENT="Book" HEIGHT="52" WIDTH="162" VPOS="2681" HPOS="324"/>
<SP HEIGHT="53" WIDTH="24" VPOS="2681" HPOS="487"/>
<String CONTENT="committee" HEIGHT="55" WIDTH="317" VPOS="2679" HPOS="512"/>
<SP HEIGHT="35" WIDTH="24" VPOS="2699" HPOS="830"/>
<String CONTENT="of" HEIGHT="52" WIDTH="62" VPOS="2680" HPOS="855"/>
<SP HEIGHT="53" WIDTH="22" VPOS="2680" HPOS="918"/>
<String CONTENT="the" HEIGHT="53" WIDTH="97" VPOS="2680" HPOS="941"/>
<SP HEIGHT="52" WIDTH="24" VPOS="2681" HPOS="1039"/>
<String CONTENT="Evangelical" HEIGHT="64" WIDTH="371" VPOS="2680" HPOS="1064"/>
<SP HEIGHT="52" WIDTH="25" VPOS="2680" HPOS="1436"/>
<String CONTENT="Lutheran" HEIGHT="52" WIDTH="294" VPOS="2680" HPOS="1462"/>
<SP HEIGHT="34" WIDTH="24" VPOS="2698" HPOS="1757"/>
<String CONTENT="church" HEIGHT="53" WIDTH="208" VPOS="2680" HPOS="1782"/>
<SP HEIGHT="53" WIDTH="27" VPOS="2681" HPOS="1991"/>
<String CONTENT="of" HEIGHT="54" WIDTH="64" VPOS="2680" HPOS="2019"/>
<SP HEIGHT="53" WIDTH="23" VPOS="2679" HPOS="2084"/>
<String CONTENT="America," HEIGHT="144" WIDTH="1960" VPOS="2679" HPOS="321"/>
<SP HEIGHT="62" WIDTH="30" VPOS="2761" HPOS="426"/>
<String CONTENT="1935." HEIGHT="50" WIDTH="150" VPOS="2761" HPOS="457"/>
</TextLine>
<TextLine HEIGHT="49" WIDTH="355" VPOS="2829" HPOS="391" CS="1">
<String CONTENT="102" HEIGHT="40" WIDTH="84" VPOS="2829" HPOS="391"/>
<SP HEIGHT="49" WIDTH="26" VPOS="2829" HPOS="476"/>
<String CONTENT="p." HEIGHT="37" WIDTH="42" VPOS="2841" HPOS="503"/>
<SP HEIGHT="39" WIDTH="54" VPOS="2830" HPOS="546"/>
<String CS="1" CONTENT="15&#189;" HEIGHT="40" WIDTH="55" VPOS="2829" HPOS="601"/>
<String STYLE="superscript" CONTENT="cm" HEIGHT="21" WIDTH="45" VPOS="2832" HPOS="689"/>
<String CONTENT="." HEIGHT="9" WIDTH="9" VPOS="2860" HPOS="737"/>
</TextLine>
<TextLine HEIGHT="53" WIDTH="1979" VPOS="2882" HPOS="325" CS="1">
<String CONTENT="&#169;" HEIGHT="52" WIDTH="52" VPOS="2883" HPOS="325"/>
<SP HEIGHT="52" WIDTH="22" VPOS="2883" HPOS="378"/>
<String CONTENT="May" HEIGHT="47" WIDTH="113" VPOS="2887" HPOS="401"/>
<SP HEIGHT="48" WIDTH="20" VPOS="2886" HPOS="515"/>
<String CONTENT="21," HEIGHT="48" WIDTH="69" VPOS="2886" HPOS="536"/>
<SP HEIGHT="47" WIDTH="22" VPOS="2887" HPOS="606"/>
<String CS="1" CONTENT="1935;" HEIGHT="39" WIDTH="112" VPOS="2886" HPOS="629"/>
<SP HEIGHT="46" WIDTH="23" VPOS="2886" HPOS="769"/>
<String CONTENT="2c." HEIGHT="39" WIDTH="67" VPOS="2886" HPOS="793"/>
<SP HEIGHT="39" WIDTH="23" VPOS="2885" HPOS="861"/>
<String CONTENT="May" HEIGHT="46" WIDTH="113" VPOS="2885" HPOS="885"/>
<SP HEIGHT="47" WIDTH="24" VPOS="2884" HPOS="999"/>
<String CS="1" CONTENT="24;" HEIGHT="39" WIDTH="55" VPOS="2884" HPOS="1024"/>
<SP HEIGHT="37" WIDTH="27" VPOS="2894" HPOS="1107"/>
<String CONTENT="aff." HEIGHT="40" WIDTH="81" VPOS="2883" HPOS="1135"/>
<SP HEIGHT="39" WIDTH="24" VPOS="2884" HPOS="1217"/>
<String CONTENT="July" HEIGHT="48" WIDTH="115" VPOS="2883" HPOS="1242"/>
<SP HEIGHT="47" WIDTH="22" VPOS="2884" HPOS="1358"/>
<String CS="1" CONTENT="1;" HEIGHT="38" WIDTH="25" VPOS="2884" HPOS="1381"/>
<SP HEIGHT="44" WIDTH="26" VPOS="2884" HPOS="1435"/>
<!-- cceid 92F90C4C-6D82-1014-B070-FDFD250A9EDA --><String CONTENT="A" HEIGHT="38" WIDTH="42" VPOS="2884" HPOS="1462"/>
<SP HEIGHT="39" WIDTH="22" VPOS="2884" HPOS="1505"/>
<String CONTENT="84120;" HEIGHT="48" WIDTH="169" VPOS="2882" HPOS="1528"/>
<SP HEIGHT="46" WIDTH="27" VPOS="2884" HPOS="1698"/>
<String CONTENT="Evangelical" HEIGHT="48" WIDTH="311" VPOS="2883" HPOS="1726"/>
<SP HEIGHT="40" WIDTH="23" VPOS="2883" HPOS="2038"/>
<String CONTENT="Lutheran" HEIGHT="39" WIDTH="242" VPOS="2884" HPOS="2062"/>
</TextLine>
<TextLine HEIGHT="54" WIDTH="1913" VPOS="2935" HPOS="394" CS="1">
<String CONTENT="church" HEIGHT="39" WIDTH="180" VPOS="2944" HPOS="394"/>
<SP HEIGHT="39" WIDTH="25" VPOS="2944" HPOS="575"/>
<String CONTENT="of" HEIGHT="40" WIDTH="53" VPOS="2943" HPOS="601"/>
<SP HEIGHT="39" WIDTH="22" VPOS="2942" HPOS="655"/>
<String CONTENT="America," HEIGHT="47" WIDTH="236" VPOS="2941" HPOS="678"/>
<SP HEIGHT="53" WIDTH="28" VPOS="2935" HPOS="915"/>
<String CS="1" CONTENT="&#8453;"/>
<SP HEIGHT="46" WIDTH="27" VPOS="2935" HPOS="994"/>
<String CONTENT="Rev." HEIGHT="39" WIDTH="115" VPOS="2941" HPOS="1022"/>
<SP HEIGHT="40" WIDTH="30" VPOS="2941" HPOS="1138"/>
<String LANG="fr" CONTENT="S." HEIGHT="40" WIDTH="44" VPOS="2941" HPOS="1169"/>
<SP HEIGHT="38" WIDTH="28" VPOS="2942" HPOS="1214"/>
<String CONTENT="M." HEIGHT="38" WIDTH="61" VPOS="2942" HPOS="1243"/>
<SP HEIGHT="40" WIDTH="30" VPOS="2940" HPOS="1305"/>
<String CONTENT="Stenby," HEIGHT="48" WIDTH="191" VPOS="2940" HPOS="1336"/>
<SP HEIGHT="45" WIDTH="29" VPOS="2940" HPOS="1528"/>
<String CONTENT="Clear" HEIGHT="40" WIDTH="143" VPOS="2940" HPOS="1558"/>
<SP HEIGHT="39" WIDTH="25" VPOS="2940" HPOS="1702"/>
<String CONTENT="Lake," HEIGHT="47" WIDTH="143" VPOS="2940" HPOS="1728"/>
<SP HEIGHT="46" WIDTH="28" VPOS="2941" HPOS="1872"/>
<String CS="1" CONTENT="Ia." HEIGHT="30" WIDTH="41" VPOS="2950" HPOS="1928"/>
<SP HEIGHT="29" WIDTH="62" VPOS="2960" HPOS="1970"/>
<String CONTENT="[Copyright" HEIGHT="52" WIDTH="274" VPOS="2937" HPOS="2033"/>
</TextLine>
<TextLine HEIGHT="49" WIDTH="1352" VPOS="2996" HPOS="393">
<String CONTENT="is" HEIGHT="40" WIDTH="43" VPOS="3000" HPOS="393"/>
<SP HEIGHT="30" WIDTH="21" VPOS="3010" HPOS="437"/>
<String CONTENT="claimed" HEIGHT="40" WIDTH="204" VPOS="3000" HPOS="459"/>
<SP HEIGHT="38" WIDTH="25" VPOS="3001" HPOS="664"/>
<String CONTENT="on" HEIGHT="28" WIDTH="60" VPOS="3010" HPOS="690"/>
<SP HEIGHT="27" WIDTH="22" VPOS="3010" HPOS="751"/>
<String CONTENT="revision" HEIGHT="40" WIDTH="210" VPOS="2997" HPOS="774"/>
<SP HEIGHT="30" WIDTH="25" VPOS="3007" HPOS="985"/>
<String CONTENT="and" HEIGHT="39" WIDTH="95" VPOS="2998" HPOS="1011"/>
<SP HEIGHT="39" WIDTH="25" VPOS="2998" HPOS="1107"/>
<String CONTENT="additions]" HEIGHT="48" WIDTH="261" VPOS="2997" HPOS="1133"/>
<SP HEIGHT="49" WIDTH="70" VPOS="2996" HPOS="1395"/>
<String CONTENT="(35-14560)" HEIGHT="48" WIDTH="279" VPOS="2996" HPOS="1466"/>
</TextLine>
<TextLine HEIGHT="65" WIDTH="921" VPOS="3073" HPOS="324" STYLEREFS="StyleId-02431BC3-183E-4225-89D0-6B36BAF0BCDA-">
<String CONTENT="Powell," HEIGHT="64" WIDTH="228" VPOS="3074" HPOS="324"/>
<SP HEIGHT="64" WIDTH="26" VPOS="3074" HPOS="553"/>
<String CONTENT="Louis" HEIGHT="54" WIDTH="181" VPOS="3073" HPOS="580"/>
<SP HEIGHT="53" WIDTH="22" VPOS="3074" HPOS="762"/>
<String CONTENT="Harvey," HEIGHT="63" WIDTH="258" VPOS="3074" HPOS="785"/>
<SP HEIGHT="58" WIDTH="30" VPOS="3079" HPOS="1044"/>
<String CONTENT="1904-" HEIGHT="49" WIDTH="170" VPOS="3078" HPOS="1075"/>
</TextLine>
<TextLine HEIGHT="72" WIDTH="1905" VPOS="3145" HPOS="393" STYLEREFS="StyleId-0895A812-18D0-4DBF-9B23-F12354CEC37D-">
<String CONTENT="A" HEIGHT="53" WIDTH="56" VPOS="3149" HPOS="393"/>
<SP HEIGHT="54" WIDTH="26" VPOS="3149" HPOS="450"/>
<String CONTENT="study" HEIGHT="67" WIDTH="170" VPOS="3150" HPOS="477"/>
<SP HEIGHT="50" WIDTH="32" VPOS="3167" HPOS="648"/>
<String CONTENT="of" HEIGHT="53" WIDTH="64" VPOS="3148" HPOS="681"/>
<SP HEIGHT="53" WIDTH="28" VPOS="3148" HPOS="746"/>
<String CONTENT="the" HEIGHT="51" WIDTH="96" VPOS="3150" HPOS="775"/>
<SP HEIGHT="55" WIDTH="31" VPOS="3148" HPOS="872"/>
<String CONTENT="Ozarkian" HEIGHT="55" WIDTH="292" VPOS="3148" HPOS="904"/>
<SP HEIGHT="53" WIDTH="32" VPOS="3147" HPOS="1197"/>
<String CONTENT="faunas" HEIGHT="54" WIDTH="206" VPOS="3147" HPOS="1230"/>
<SP HEIGHT="34" WIDTH="30" VPOS="3167" HPOS="1437"/>
<String CONTENT="of" HEIGHT="53" WIDTH="64" VPOS="3147" HPOS="1468"/>
<SP HEIGHT="54" WIDTH="28" VPOS="3147" HPOS="1533"/>
<String CONTENT="southeastern" HEIGHT="54" WIDTH="391" VPOS="3147" HPOS="1562"/>
<SP HEIGHT="53" WIDTH="27" VPOS="3146" HPOS="1954"/>
<String CONTENT="Minnesota" HEIGHT="53" WIDTH="316" VPOS="3145" HPOS="1982"/>
</TextLine>
<TextLine HEIGHT="134" WIDTH="1952" VPOS="3222" HPOS="324" STYLEREFS="StyleId-0895A812-18D0-4DBF-9B23-F12354CEC37D-" CS="1">
<String CONTENT="[by]" HEIGHT="69" WIDTH="109" VPOS="3226" HPOS="331"/>
<SP HEIGHT="67" WIDTH="30" VPOS="3227" HPOS="441"/>
<String CONTENT="Louis" HEIGHT="52" WIDTH="174" VPOS="3227" HPOS="472"/>
<SP HEIGHT="52" WIDTH="25" VPOS="3227" HPOS="647"/>
<String CONTENT="H." HEIGHT="52" WIDTH="76" VPOS="3227" HPOS="673"/>
<SP HEIGHT="52" WIDTH="28" VPOS="3227" HPOS="750"/>
<String CONTENT="Powell" HEIGHT="53" WIDTH="214" VPOS="3226" HPOS="779"/>
<SP HEIGHT="52" WIDTH="33" VPOS="3226" HPOS="994"/>
<String CONTENT="&#8230;" HEIGHT="10" WIDTH="56" VPOS="3268" HPOS="1028"/>
<SP HEIGHT="55" WIDTH="71" VPOS="3225" HPOS="1085"/>
<String CONTENT="Saint" HEIGHT="55" WIDTH="167" VPOS="3225" HPOS="1157"/>
<SP HEIGHT="52" WIDTH="26" VPOS="3226" HPOS="1325"/>
<String CONTENT="Paul," HEIGHT="66" WIDTH="165" VPOS="3225" HPOS="1352"/>
<SP HEIGHT="66" WIDTH="25" VPOS="3225" HPOS="1518"/>
<String CONTENT="Minn.," HEIGHT="69" WIDTH="203" VPOS="3224" HPOS="1544"/>
<SP HEIGHT="68" WIDTH="25" VPOS="3225" HPOS="1748"/>
<String CONTENT="The" HEIGHT="53" WIDTH="122" VPOS="3224" HPOS="1774"/>
<SP HEIGHT="57" WIDTH="30" VPOS="3222" HPOS="1897"/>
<String CONTENT="Science" HEIGHT="57" WIDTH="228" VPOS="3222" HPOS="1928"/>
<SP HEIGHT="36" WIDTH="25" VPOS="3240" HPOS="2157"/>
<String CONTENT="museum" HEIGHT="117" WIDTH="1952" VPOS="3239" HPOS="324"/>
</TextLine>
<TextLine HEIGHT="67" WIDTH="1036" VPOS="3302" HPOS="503" STYLEREFS="StyleId-0895A812-18D0-4DBF-9B23-F12354CEC37D-">
<String CONTENT="of" HEIGHT="53" WIDTH="64" VPOS="3304" HPOS="503"/>
<SP HEIGHT="52" WIDTH="21" VPOS="3304" HPOS="568"/>
<String CONTENT="the" HEIGHT="52" WIDTH="96" VPOS="3305" HPOS="590"/>
<SP HEIGHT="55" WIDTH="27" VPOS="3303" HPOS="687"/>
<String CONTENT="Saint" HEIGHT="55" WIDTH="166" VPOS="3303" HPOS="715"/>
<SP HEIGHT="52" WIDTH="24" VPOS="3304" HPOS="882"/>
<String CONTENT="Paul" HEIGHT="52" WIDTH="147" VPOS="3303" HPOS="907"/>
<SP HEIGHT="53" WIDTH="26" VPOS="3302" HPOS="1055"/>
<String CONTENT="institute," HEIGHT="67" WIDTH="275" VPOS="3302" HPOS="1082"/>
<SP HEIGHT="63" WIDTH="30" VPOS="3306" HPOS="1358"/>
<String CONTENT="1935." HEIGHT="51" WIDTH="150" VPOS="3304" HPOS="1389"/>
</TextLine>
<TextLine HEIGHT="54" WIDTH="1902" VPOS="3370" HPOS="398" CS="1">
<String CONTENT="5" HEIGHT="40" WIDTH="26" VPOS="3376" HPOS="398"/>
<SP/>
<String CONTENT="p." HEIGHT="38" WIDTH="46" VPOS="3386" HPOS="446"/>
<SP/>
<String CS="1" CONTENT="l.,"/>
<SP/>
<String CONTENT="80" HEIGHT="42" WIDTH="56" VPOS="3375" HPOS="590"/>
<SP HEIGHT="48" WIDTH="23" VPOS="3375" HPOS="647"/>
<String CONTENT="p." HEIGHT="37" WIDTH="44" VPOS="3386" HPOS="671"/>
<SP HEIGHT="42" WIDTH="58" VPOS="3375" HPOS="716"/>
<String CONTENT="illus.," HEIGHT="46" WIDTH="140" VPOS="3375" HPOS="775"/>
<SP HEIGHT="44" WIDTH="26" VPOS="3377" HPOS="916"/>
<String CONTENT="17" HEIGHT="40" WIDTH="56" VPOS="3375" HPOS="943"/>
<SP HEIGHT="48" WIDTH="24" VPOS="3375" HPOS="1000"/>
<String CS="1" CONTENT="pl." HEIGHT="38" WIDTH="61" VPOS="3385" HPOS="1025"/>
<SP HEIGHT="40" WIDTH="58" VPOS="3374" HPOS="1087"/>
<String CONTENT="23" HEIGHT="41" WIDTH="56" VPOS="3374" HPOS="1146"/>
<String STYLE="superscript" CONTENT="cm" HEIGHT="22" WIDTH="46" VPOS="3376" HPOS="1205"/>
<String CONTENT="." HEIGHT="8" WIDTH="8" VPOS="3406" HPOS="1254"/>
<SP HEIGHT="48" WIDTH="68" VPOS="3375" HPOS="1263"/>
<String CONTENT="([St." HEIGHT="51" WIDTH="111" VPOS="3373" HPOS="1332"/>
<SP HEIGHT="41" WIDTH="26" VPOS="3373" HPOS="1444"/>
<String CONTENT="Paul" HEIGHT="41" WIDTH="124" VPOS="3373" HPOS="1471"/>
<SP HEIGHT="40" WIDTH="24" VPOS="3373" HPOS="1596"/>
<String CONTENT="institute," HEIGHT="48" WIDTH="240" VPOS="3373" HPOS="1621"/>
<SP HEIGHT="50" WIDTH="32" VPOS="3371" HPOS="1862"/>
<String CONTENT="St." HEIGHT="43" WIDTH="67" VPOS="3371" HPOS="1895"/>
<SP HEIGHT="41" WIDTH="26" VPOS="3373" HPOS="1963"/>
<String CONTENT="Paul," HEIGHT="47" WIDTH="134" VPOS="3372" HPOS="1990"/>
<SP HEIGHT="48" WIDTH="29" VPOS="3371" HPOS="2125"/>
<String CONTENT="Minn." HEIGHT="42" WIDTH="145" VPOS="3370" HPOS="2155"/>
</TextLine>
<TextLine HEIGHT="52" WIDTH="1107" VPOS="3430" HPOS="330">
<String CONTENT="Science" HEIGHT="43" WIDTH="192" VPOS="3430" HPOS="330"/>
<SP HEIGHT="31" WIDTH="21" VPOS="3442" HPOS="523"/>
<String CONTENT="museum]" HEIGHT="40" WIDTH="234" VPOS="3442" HPOS="545"/>
<SP HEIGHT="51" WIDTH="57" VPOS="3431" HPOS="780"/>
<String CONTENT="Science" HEIGHT="41" WIDTH="191" VPOS="3431" HPOS="838"/>
<SP HEIGHT="41" WIDTH="23" VPOS="3431" HPOS="1030"/>
<String CONTENT="bulletin" HEIGHT="43" WIDTH="204" VPOS="3430" HPOS="1054"/>
<SP HEIGHT="30" WIDTH="25" VPOS="3441" HPOS="1259"/>
<String CONTENT="no." HEIGHT="33" WIDTH="74" VPOS="3441" HPOS="1285"/>
<SP HEIGHT="44" WIDTH="25" VPOS="3430" HPOS="1360"/>
<String CONTENT="1)" HEIGHT="47" WIDTH="51" VPOS="3430" HPOS="1386"/>
</TextLine>
<TextLine HEIGHT="50" WIDTH="1902" VPOS="3485" HPOS="398">
<String CONTENT="Part" HEIGHT="43" WIDTH="119" VPOS="3486" HPOS="398"/>
<SP HEIGHT="39" WIDTH="33" VPOS="3490" HPOS="518"/>
<String CONTENT="of" HEIGHT="41" WIDTH="54" VPOS="3488" HPOS="552"/>
<SP HEIGHT="41" WIDTH="27" VPOS="3488" HPOS="607"/>
<String CONTENT="the" HEIGHT="40" WIDTH="84" VPOS="3489" HPOS="635"/>
<SP HEIGHT="37" WIDTH="28" VPOS="3498" HPOS="720"/>
<String CONTENT="plates" HEIGHT="47" WIDTH="156" VPOS="3488" HPOS="749"/>
<SP HEIGHT="29" WIDTH="33" VPOS="3499" HPOS="906"/>
<String CONTENT="accompanied" HEIGHT="48" WIDTH="340" VPOS="3487" HPOS="940"/>
<SP HEIGHT="40" WIDTH="34" VPOS="3487" HPOS="1281"/>
<String CONTENT="by" HEIGHT="48" WIDTH="62" VPOS="3487" HPOS="1316"/>
<SP HEIGHT="48" WIDTH="32" VPOS="3487" HPOS="1379"/>
<String CONTENT="leaf" HEIGHT="41" WIDTH="101" VPOS="3486" HPOS="1412"/>
<SP HEIGHT="40" WIDTH="31" VPOS="3486" HPOS="1514"/>
<String CONTENT="with" HEIGHT="41" WIDTH="118" VPOS="3486" HPOS="1546"/>
<SP HEIGHT="39" WIDTH="36" VPOS="3487" HPOS="1665"/>
<String CONTENT="descriptive" HEIGHT="48" WIDTH="287" VPOS="3485" HPOS="1702"/>
<SP HEIGHT="40" WIDTH="34" VPOS="3487" HPOS="1990"/>
<String CONTENT="letterpress" HEIGHT="46" WIDTH="275" VPOS="3486" HPOS="2025"/>
</TextLine>
<TextLine HEIGHT="50" WIDTH="1730" VPOS="3542" HPOS="329">
<String CONTENT="and" HEIGHT="38" WIDTH="95" VPOS="3545" HPOS="329"/>
<SP HEIGHT="46" WIDTH="25" VPOS="3545" HPOS="425"/>
<String CONTENT="part" HEIGHT="44" WIDTH="115" VPOS="3547" HPOS="451"/>
<SP HEIGHT="39" WIDTH="22" VPOS="3546" HPOS="567"/>
<String CONTENT="have" HEIGHT="39" WIDTH="124" VPOS="3546" HPOS="590"/>
<SP HEIGHT="39" WIDTH="23" VPOS="3546" HPOS="715"/>
<String CONTENT="descriptive" HEIGHT="48" WIDTH="289" VPOS="3544" HPOS="739"/>
<SP HEIGHT="41" WIDTH="25" VPOS="3543" HPOS="1029"/>
<String CONTENT="letterpress" HEIGHT="48" WIDTH="281" VPOS="3543" HPOS="1055"/>
<SP HEIGHT="30" WIDTH="26" VPOS="3553" HPOS="1337"/>
<String CONTENT="on" HEIGHT="30" WIDTH="59" VPOS="3553" HPOS="1364"/>
<SP HEIGHT="30" WIDTH="26" VPOS="3553" HPOS="1424"/>
<String CONTENT="verso" HEIGHT="31" WIDTH="137" VPOS="3553" HPOS="1451"/>
<SP HEIGHT="39" WIDTH="30" VPOS="3543" HPOS="1589"/>
<String CONTENT="facing" HEIGHT="48" WIDTH="163" VPOS="3542" HPOS="1620"/>
<SP HEIGHT="45" WIDTH="25" VPOS="3545" HPOS="1784"/>
<String CONTENT="the" HEIGHT="40" WIDTH="81" VPOS="3543" HPOS="1810"/>
<SP HEIGHT="38" WIDTH="23" VPOS="3552" HPOS="1892"/>
<String CONTENT="plate." HEIGHT="48" WIDTH="143" VPOS="3542" HPOS="1916"/>
</TextLine>
<TextLine HEIGHT="53" WIDTH="1846" VPOS="3595" HPOS="399" CS="1">
<String CONTENT="&#8220;Selected" HEIGHT="43" WIDTH="246" VPOS="3598" HPOS="399"/>
<SP HEIGHT="41" WIDTH="28" VPOS="3600" HPOS="646"/>
<String CONTENT="bibliography" HEIGHT="48" WIDTH="334" VPOS="3600" HPOS="675"/>
<SP HEIGHT="38" WIDTH="29" VPOS="3610" HPOS="1010"/>
<String CONTENT="of" HEIGHT="40" WIDTH="52" VPOS="3600" HPOS="1040"/>
<SP HEIGHT="39" WIDTH="30" VPOS="3600" HPOS="1093"/>
<String CONTENT="references" HEIGHT="41" WIDTH="269" VPOS="3599" HPOS="1124"/>
<SP HEIGHT="29" WIDTH="29" VPOS="3610" HPOS="1394"/>
<String CONTENT="used" HEIGHT="39" WIDTH="116" VPOS="3600" HPOS="1424"/>
<SP HEIGHT="41" WIDTH="29" VPOS="3598" HPOS="1541"/>
<String CONTENT="in" HEIGHT="40" WIDTH="47" VPOS="3598" HPOS="1571"/>
<SP HEIGHT="39" WIDTH="33" VPOS="3600" HPOS="1619"/>
<String CONTENT="this" HEIGHT="41" WIDTH="97" VPOS="3598" HPOS="1653"/>
<SP HEIGHT="29" WIDTH="30" VPOS="3610" HPOS="1751"/>
<String CS="1" CONTENT="study&#8221;;" HEIGHT="48" WIDTH="173" VPOS="3597" HPOS="1782"/>
<SP HEIGHT="37" WIDTH="33" VPOS="3608" HPOS="1982"/>
<String CONTENT="p." HEIGHT="37" WIDTH="43" VPOS="3608" HPOS="2016"/>
<SP HEIGHT="42" WIDTH="31" VPOS="3597" HPOS="2060"/>
<String CONTENT="79-80." HEIGHT="43" WIDTH="153" VPOS="3595" HPOS="2092"/>
</TextLine>
<TextLine HEIGHT="52" WIDTH="1974" VPOS="3654" HPOS="327" CS="1">
<String CONTENT="&#169;" HEIGHT="52" WIDTH="53" VPOS="3654" HPOS="327"/>
<SP HEIGHT="52" WIDTH="31" VPOS="3654" HPOS="381"/>
<String CONTENT="May" HEIGHT="46" WIDTH="116" VPOS="3659" HPOS="413"/>
<SP HEIGHT="46" WIDTH="28" VPOS="3659" HPOS="530"/>
<String CONTENT="11," HEIGHT="47" WIDTH="68" VPOS="3659" HPOS="559"/>
<SP HEIGHT="46" WIDTH="33" VPOS="3660" HPOS="628"/>
<String CS="1" CONTENT="1935;" HEIGHT="41" WIDTH="113" VPOS="3658" HPOS="662"/>
<SP HEIGHT="48" WIDTH="32" VPOS="3658" HPOS="803"/>
<String CONTENT="2c." HEIGHT="40" WIDTH="65" VPOS="3658" HPOS="836"/>
<SP HEIGHT="29" WIDTH="35" VPOS="3669" HPOS="902"/>
<String CONTENT="and" HEIGHT="39" WIDTH="95" VPOS="3658" HPOS="938"/>
<SP HEIGHT="39" WIDTH="32" VPOS="3658" HPOS="1034"/>
<String CONTENT="aff." HEIGHT="40" WIDTH="82" VPOS="3657" HPOS="1067"/>
<SP HEIGHT="38" WIDTH="35" VPOS="3659" HPOS="1150"/>
<String CONTENT="May" HEIGHT="46" WIDTH="112" VPOS="3659" HPOS="1186"/>
<SP HEIGHT="47" WIDTH="33" VPOS="3658" HPOS="1299"/>
<String CS="1" CONTENT="31;" HEIGHT="40" WIDTH="53" VPOS="3658" HPOS="1333"/>
<SP HEIGHT="46" WIDTH="35" VPOS="3658" HPOS="1416"/>
<!-- cceid 92F96A91-6D82-1014-B070-FDFD250A9EDA --><String CONTENT="A" HEIGHT="39" WIDTH="41" VPOS="3658" HPOS="1452"/>
<SP HEIGHT="39" WIDTH="33" VPOS="3658" HPOS="1494"/>
<String CS="1" CONTENT="84016;" HEIGHT="40" WIDTH="144" VPOS="3657" HPOS="1528"/>
<SP HEIGHT="46" WIDTH="40" VPOS="3658" HPOS="1697"/>
<String CONTENT="Saint" HEIGHT="40" WIDTH="142" VPOS="3657" HPOS="1738"/>
<SP HEIGHT="39" WIDTH="29" VPOS="3658" HPOS="1881"/>
<String CONTENT="Paul" HEIGHT="38" WIDTH="122" VPOS="3658" HPOS="1911"/>
<SP HEIGHT="38" WIDTH="33" VPOS="3657" HPOS="2034"/>
<String CONTENT="institute," HEIGHT="44" WIDTH="233" VPOS="3654" HPOS="2068"/>
</TextLine>
<TextLine HEIGHT="48" WIDTH="579" VPOS="3715" HPOS="399">
<String CONTENT="St." HEIGHT="40" WIDTH="65" VPOS="3715" HPOS="399"/>
<SP HEIGHT="37" WIDTH="29" VPOS="3716" HPOS="465"/>
<String CONTENT="Paul." HEIGHT="39" WIDTH="136" VPOS="3716" HPOS="495"/>
<SP HEIGHT="48" WIDTH="68" VPOS="3715" HPOS="632"/>
<String CONTENT="(35-14518)" HEIGHT="48" WIDTH="277" VPOS="3715" HPOS="701"/>
</TextLine>
<TextLine HEIGHT="64" WIDTH="698" VPOS="3788" HPOS="327" STYLEREFS="StyleId-02431BC3-183E-4225-89D0-6B36BAF0BCDA-">
<String LANG="fr" CONTENT="Relier," HEIGHT="64" WIDTH="208" VPOS="3788" HPOS="327"/>
<SP HEIGHT="61" WIDTH="27" VPOS="3791" HPOS="536"/>
<String LANG="en-US" CONTENT="Theodore" HEIGHT="51" WIDTH="301" VPOS="3791" HPOS="564"/>
<SP HEIGHT="51" WIDTH="24" VPOS="3791" HPOS="866"/>
<String LANG="en-US" CONTENT="Lee." HEIGHT="53" WIDTH="134" VPOS="3791" HPOS="891"/>
</TextLine>
<TextLine HEIGHT="73" WIDTH="1900" VPOS="3859" HPOS="396" STYLEREFS="StyleId-0895A812-18D0-4DBF-9B23-F12354CEC37D-">
<String CONTENT="The" HEIGHT="52" WIDTH="122" VPOS="3865" HPOS="396"/>
<SP HEIGHT="51" WIDTH="32" VPOS="3866" HPOS="519"/>
<String CONTENT="development" HEIGHT="66" WIDTH="391" VPOS="3866" HPOS="552"/>
<SP HEIGHT="48" WIDTH="34" VPOS="3871" HPOS="944"/>
<String CONTENT="of" HEIGHT="53" WIDTH="62" VPOS="3866" HPOS="979"/>
<SP HEIGHT="52" WIDTH="32" VPOS="3866" HPOS="1042"/>
<String CONTENT="the" HEIGHT="53" WIDTH="95" VPOS="3866" HPOS="1075"/>
<SP HEIGHT="35" WIDTH="34" VPOS="3884" HPOS="1171"/>
<String CONTENT="city" HEIGHT="67" WIDTH="116" VPOS="3864" HPOS="1206"/>
<SP HEIGHT="47" WIDTH="32" VPOS="3884" HPOS="1323"/>
<String CONTENT="superintendency" HEIGHT="67" WIDTH="510" VPOS="3864" HPOS="1356"/>
<SP HEIGHT="33" WIDTH="18" VPOS="3883" HPOS="1880"/>
<String CONTENT="of" HEIGHT="53" WIDTH="63" VPOS="3863" HPOS="1899"/>
<SP HEIGHT="53" WIDTH="32" VPOS="3863" HPOS="1963"/>
<String CONTENT="schools" HEIGHT="54" WIDTH="214" VPOS="3862" HPOS="1996"/>
<SP HEIGHT="55" WIDTH="31" VPOS="3859" HPOS="2211"/>
<String CONTENT="in" HEIGHT="52" WIDTH="53" VPOS="3859" HPOS="2243"/>
</TextLine>
<TextLine HEIGHT="70" WIDTH="1970" VPOS="3938" HPOS="328" STYLEREFS="StyleId-0895A812-18D0-4DBF-9B23-F12354CEC37D-">
<String CONTENT="the" HEIGHT="52" WIDTH="93" VPOS="3941" HPOS="328"/>
<SP HEIGHT="53" WIDTH="32" VPOS="3942" HPOS="422"/>
<String CONTENT="United" HEIGHT="53" WIDTH="216" VPOS="3942" HPOS="455"/>
<SP HEIGHT="55" WIDTH="34" VPOS="3941" HPOS="672"/>
<String CONTENT="States," HEIGHT="67" WIDTH="204" VPOS="3941" HPOS="707"/>
<SP HEIGHT="65" WIDTH="31" VPOS="3943" HPOS="912"/>
<String CONTENT="by" HEIGHT="65" WIDTH="75" VPOS="3943" HPOS="944"/>
<SP HEIGHT="65" WIDTH="31" VPOS="3943" HPOS="1020"/>
<String CONTENT="Theodore" HEIGHT="54" WIDTH="294" VPOS="3941" HPOS="1052"/>
<SP HEIGHT="51" WIDTH="31" VPOS="3942" HPOS="1347"/>
<String LANG="fr" CONTENT="Lee" HEIGHT="52" WIDTH="110" VPOS="3942" HPOS="1379"/>
<SP HEIGHT="52" WIDTH="32" VPOS="3942" HPOS="1490"/>
<String LANG="fr" CONTENT="Relier" HEIGHT="51" WIDTH="190" VPOS="3942" HPOS="1523"/>
<SP HEIGHT="32" WIDTH="38" VPOS="3960" HPOS="1714"/>
<String CONTENT="&#8230;" HEIGHT="9" WIDTH="56" VPOS="3983" HPOS="1753"/>
<SP HEIGHT="51" WIDTH="71" VPOS="3941" HPOS="1810"/>
<String CONTENT="Philadelphia," HEIGHT="64" WIDTH="416" VPOS="3938" HPOS="1882"/>
</TextLine>
<TextLine HEIGHT="58" WIDTH="558" VPOS="4018" HPOS="327" STYLEREFS="StyleId-0895A812-18D0-4DBF-9B23-F12354CEC37D-">
<String CONTENT="The" HEIGHT="54" WIDTH="120" VPOS="4018" HPOS="327"/>
<SP HEIGHT="35" WIDTH="30" VPOS="4037" HPOS="448"/>
<String CONTENT="author," HEIGHT="58" WIDTH="221" VPOS="4018" HPOS="479"/>
<SP HEIGHT="54" WIDTH="32" VPOS="4022" HPOS="701"/>
<String CONTENT="1935." HEIGHT="48" WIDTH="151" VPOS="4022" HPOS="734"/>
</TextLine>
</TextBlock>
</PrintSpace>
</Page>
</Layout>
</alto>