2424 4375
1068 4099 133 49 1453

204 563 635 50 3 p. l., 163 p., 1 l. 24cm.
205 635 130 40 “The
366 634 182 42 edition
585 635 51 40 of
672 634 98 41 this
806 635 122 40 book
964 634 41 41 is
1041 633 186 41 limited
1265 636 49 39 to
1350 634 55 40 50
1440 633 261 41 numbered
1738 632 200 49 copies.”
2004 632 119 43 This

133 702 119 38 copy
278 692 41 40 is
345 694 85 38 not
454 692 275 40 numbered.

203 750 75 38 An
304 750 203 39 account
533 748 51 40 of
612 749 81 40 the
719 747 217 41 author’s
962 747 189 48 family.

135 814 52 54 ©
219 819 111 40 Dec.
363 817 70 49 20,
466 818 140 46 1933;
640 818 66 40 2c.
740 819 97 39 and
870 818 79 39 aff.
986 818 99 40 Oct.
1121 817 68 48 18,
1224 816 140 48 1935;
1400 817 41 39 A
1474 816 169 47 87796;
1681 818 62 39 M.
1778 817 50 41 O.
1862 815 260 50 Robinson,

201 876 207 47 Bangor,
435 876 89 39 Me.
595 873 277 50 (35-20004)

131 976 358 66 Rosenberg,
523 977 239 53 Reuben
795 978 238 64 Robert,
1070 980 170 50 1900-

200 1053 313 54 Essentials
545 1054 62 52 of
637 1052 250 54 business
919 1053 388 54 mathematics;
1373 1052 307 68 principles
1715 1053 110 52 and
1860 1052 263 67 practice,

132 1127 1992 72 by R. Robert Rosenberg … Intensive course. New York,
134 1207 250 71 Chicago
444 1214 118 61 [etc.]
605 1208 120 52 The
762 1206 192 70 Gregg
989 1205 333 72 publishing
1360 1225 277 50 company
1681 1209 193 66 [c1935]

205 1307 45 37 X,
277 1296 87 41 310
389 1308 41 37 p.
488 1296 178 48 diagrs.
721 1296 55 39 22½cm.

135 1363 52 53 ©
214 1367 101 40 Oct.
342 1368 69 45 17,
438 1367 115 40 1935;
605 1366 66 41 2c.
699 1368 94 38 and
821 1366 80 40 aff.
931 1366 101 40 Oct.
1058 1366 82 42 21;
1170 1367 41 38 A
1239 1366 168 47 87789;
1439 1366 159 48 Gregg
1622 1366 107 47 pub.
1759 1376 67 30 co.

214 1422 279 50 (35-20079)

135 1525 269 65 Seaman,
432 1528 138 52 Mrs.
599 1526 277 65 Augusta
911 1525 254 66 (Huieil)
1203 1526 170 54 1879-

202 1600 1919 70 The figurehead of the “Folly”, by Augusta Huiell Seaman;
132 1680 324 55 illustrated
500 1680 75 68 by
621 1679 299 53 Elizabeth
967 1679 61 54 C.
1076 1678 290 53 Tazelaar.
1442 1678 232 54 Garden
1721 1679 152 69 City,
1918 1679 69 53 N.
2036 1680 89 63 Y.,

132 1759 354 67 Doubleday,
513 1758 198 52 Doran
739 1760 46 49 &
812 1774 294 51 company,
1135 1755 125 70 inc.,
1288 1759 149 50 1935.

204 1830 769 53 5 p. l., 264 p. front. 20½cm.
206 1903 288 41 Illustrated
523 1901 360 48 lining-papers.

208 1959 201 41 “Junior
443 1957 191 42 books.”

207 2015 163 41 “First
398 2013 226 42 edition.”

137 2083 1990 53 © Oct. 25, 1935; 2c. and aff. Oct. 31; A 88065; Augusta Huiell Seaman
207 2143 248 47 Freeman,
491 2142 196 41 Seaside
718 2142 143 46 Park,
892 2141 55 40 N.
978 2141 42 39 J.
1092 2139 279 49 (35-20679)

136 2247 121 53 The
287 2248 283 54 Seefurth
601 2245 242 65 service,
873 2246 110 55 inc.

267 2324 1860 68 … Supplementary volume [1935] This volume, published in
138 2404 246 66 August,
430 2406 150 63 1935,
624 2403 255 52 contains
923 2401 75 54 all
1040 2402 263 52 material
1346 2401 230 68 printed
1619 2403 59 51 in
1722 2420 105 35 our
1865 2405 262 66 monthly

138 2481 385 68 supplements
558 2481 110 51 and
703 2481 233 66 opinion
968 2478 268 68 mailings
1268 2480 153 51 from
1454 2481 247 67 August,

1734 2484 152 65 1934,
1917 2489 58 47 to
139 2483 1964 143 August,
322 2562 150 63 1935,
505 2559 125 53 that
664 2558 204 52 should
899 2558 67 52 be
997 2558 301 66 preserved
1333 2558 60 52 in

1426 2566 333 59 permanent
1794 2560 170 67 form,
1999 2561 130 67 and,

140 2634 1962 147 in addition, certain material hitherto unpublished … Chicago,
323 2715 113 64 Ill.,
463 2715 120 50 The
615 2714 269 53 Seefurth
912 2714 226 65 service,
1167 2717 172 49 c1935.

212 2785 541 51 1 p. l., 126 p. 24½cm.
142 2852 52 53 ©
227 2858 120 46 Aug.
380 2855 69 49 30,
485 2855 115 41 1935;
662 2855 63 40 2c.
763 2856 97 39 and
893 2855 82 40 aff.
1014 2855 126 47 Sept.
1177 2856 24 39 5;
1266 2856 43 38 A
1340 2856 144 39 86164;
1551 2856 230 40 Seefurth
1816 2856 197 42 service.

142 2956 422 66 Shakespeare,
594 2956 272 66 William,
902 2959 323 51 1564-1616.

210 3033 283 70 Macbeth,
523 3034 75 68 by
626 3032 258 56 William
916 3034 415 67 Shakespeare;
1366 3033 187 55 edited
1586 3036 94 51 for
1709 3036 188 53 school
1928 3054 96 36 use
2053 3037 75 67 by

145 3110 170 53 Anna
360 3112 64 51 P.
472 3111 202 53 Butler
719 3113 112 51 and
875 3112 79 53 M.
1000 3112 70 53 A.
1117 3112 242 52 Feehan.
1442 3110 267 70 Chicago,
1753 3113 113 67 Ill.,
1910 3114 215 67 Loyola

142 3189 316 68 university
486 3208 173 49 press,
689 3193 151 50 1935.

215 3262 84 41 184
329 3272 43 38 p.
401 3261 110 42 incl.
538 3261 148 41 front.
747 3261 115 40 19cm.

219 3329 374 40 “Examination
627 3328 246 49 questions
906 3329 129 40 from
1069 3328 189 49 College
1293 3332 227 37 entrance
1555 3329 332 41 examination
1922 3331 177 40 board”:

146 3397 43 37 p.
221 3386 215 42 165-167.

147 3452 52 53 ©
237 3458 118 46 July
389 3457 70 47 25,
497 3456 139 46 1935;
678 3457 67 39 2c.
783 3458 95 38 and
916 3456 82 40 aff.
1039 3456 101 40 Oct.
1180 3456 82 46 21;
1303 3456 41 39 A
1382 3455 168 48 87803;
1593 3457 178 47 Loyola
1813 3457 128 40 univ.
1981 3468 149 37 press.

218 3514 279 47 [Copyright
527 3514 40 39 is
597 3513 203 40 claimed
830 3523 61 29 on
920 3512 331 48 biographical
1281 3516 124 43 note,
1437 3512 188 49 history
1656 3514 53 39 of
1736 3515 127 47 play,
1895 3515 152 47 notes]

225 3569 277 48 (35-20686)

149 3669 207 66 Siegel,
385 3672 245 63 Gustav,
660 3673 170 53 1876-

218 3746 110 53 Die
392 3746 575 68 elektrizitätstarife;
1034 3746 313 69 nachfrage
1410 3748 118 53 und
1592 3750 540 67 gestehungskosten

149 3822 362 54 elektrischer
540 3824 196 61 arbeit,
766 3824 214 54 aufbau
1007 3827 117 50 und
1153 3825 357 66 anwendung
1539 3826 98 51 der
1664 3825 192 67 tarife,
1886 3843 110 37 von
2023 3828 108 51 dr.-

151 3896 115 68 ing.
306 3899 220 55 Gustav
566 3900 187 66 Siegel
789 3902 117 52 und
946 3900 227 66 dr.-ing.
1211 3900 165 53 Hans
1414 3900 202 56 Nissel.
1691 3907 66 61 3.,
1794 3901 179 67 völlig
151 3921 1978 122 um-gearb.

363 3976 128 54 aufl.
517 3994 109 36 von
652 3979 150 52 “Der
826 3978 242 54 verkauf
1093 3977 362 54 elektrischer
1478 3978 234 64 arbeit”,
1736 3979 104 53 mit
1866 3984 66 48 54
1956 3979 175 53 abbil-
