2424 4375
1056 4104 132 49 1433

113 485 217 63 Hayes,
357 484 238 56 Nelson.

182 558 305 67 Blockade,
523 558 75 67 by
637 557 211 53 Nelson
885 556 223 69 Hayes;
1152 556 324 52 illustrated
1517 554 142 54 with
1699 555 286 52 woodcuts
2026 554 75 68 by

111 635 93 54 the
267 636 222 52 author.
588 635 259 67 London,
910 634 63 52 L.
1040 633 254 53 Dickson
1358 633 45 50 &
1468 633 349 67 Thompson,
1878 630 220 54 limited

137 716 150 64 [1935]

183 783 827 52 5 p. l., [3]-322 p. illus. 20½cm.
183 840 331 49 Head-pieces.

115 896 1991 53 © 1c. Oct. 1, 1935; A ad int. 20612; pubd. Aug. 1; N. Hayes, South
181 957 244 46 Norwalk,
453 957 143 40 Conn.
669 955 280 48 (35-19570)

116 1062 189 63 Hody,
333 1061 295 55 Florence.

184 1136 181 53 Enter
407 1135 254 68 Charles,
701 1136 75 68 by
817 1135 272 53 Florence
1130 1134 193 70 Hody.
1398 1135 260 69 London,
1701 1135 272 69 Toronto,
2014 1136 90 54 W.

114 1212 379 69 Heinemann,
518 1214 103 54 ltd.
674 1215 151 64 [1935]

185 1284 544 50 3 p. l., 266 p. 19½cm.
117 1341 1991 53 © 1c. Oct. 4, 1935; A ad int. 20602; pubd. Aug. 6; F. Hody, Dinard,
187 1402 198 39 France.
460 1400 279 49 (35-19571)

117 1503 239 54 Illinois.
429 1502 309 68 Appellate
769 1509 202 47 courts.

189 1581 1918 68 Reports of cases determined … with a directory of the
120 1659 287 68 judiciary
450 1658 64 53 of
556 1659 96 52 the
693 1663 144 47 state
881 1658 112 52 and
1038 1658 274 52 abstracts
1358 1659 63 51 of
1464 1677 149 35 cases
1658 1659 333 68 designated
2034 1662 75 66 by

119 1735 1890 70 the courts as not to be reported in full. v. 279, A. D. 1935 …
121 1816 288 67 Reported
453 1816 75 66 by
573 1814 161 53 Basil
778 1816 189 53 Jones.
1045 1812 269 69 Chicago,
1360 1814 322 69 Callaghan
1725 1820 46 50 &
1814 1835 297 52 company,

123 1898 149 50 1935.

188 1967 172 47 xxxiii,
389 1965 87 41 679
502 1977 42 37 p.
602 1965 114 40 23cm.

122 2021 52 53 ©
207 2025 100 40 Oct.
338 2024 69 48 22,
439 2022 112 41 1935;
611 2022 67 40 2c.
711 2022 95 40 and
835 2021 81 41 aff.
950 2022 101 40 Oct.
1082 2020 59 40 26;
1199 2021 41 39 A
1272 2020 141 41 89011;
1477 2022 269 48 Callaghan
1780 2024 37 40 &
1848 2035 66 30 co.

121 2126 199 62 Jacob,
345 2125 284 54 Heinrich
655 2124 258 63 Eduard,
941 2129 171 50 1889-

194 2203 217 67 Coffee;
436 2202 94 53 the
553 2201 122 68 epic
698 2202 64 54 of
783 2221 31 33 a
838 2199 344 69 commodity
1228 2200 91 68 [by]
1347 2200 281 56 Heinrich
1652 2204 241 54 Eduard
1915 2207 194 54 Jacob.

124 2281 340 53 Translated
490 2280 75 67 by
593 2280 163 53 Eden
781 2280 112 52 and
922 2277 186 55 Cedar
1134 2279 163 53 Paul.
1373 2280 137 52 New
1542 2281 176 67 York,
1747 2283 119 54 The
1894 2283 219 69 Viking

127 2378 170 49 press,
329 2362 151 50 1935.

196 2429 103 45 xiii,
329 2429 87 41 296
445 2438 42 38 p.
519 2428 110 42 incl.
659 2429 164 44 front.,
855 2428 141 47 illus.,
1027 2426 191 42 facsim.
1277 2429 171 46 plates,
1480 2432 162 44 ports.,
1676 2441 148 37 maps.
1886 2432 114 41 24cm.

196 2485 347 50 Bibliography
561 2496 11 30 :
601 2497 42 37 p.
673 2484 215 42 287-292.

126 2541 52 53 ©
210 2545 99 40 Oct.
340 2545 41 46 4,
411 2543 141 47 1935;
585 2542 65 41 2c.
686 2542 101 40 Oct.
820 2543 51 45 7;
906 2541 81 40 aff.
1022 2541 101 40 Oct.
1156 2542 52 46 5;
1243 2542 40 38 A
1316 2542 169 47 87533;
1520 2542 181 49 Viking
1730 2553 148 39 press,
1912 2545 89 41 inc.

204 2599 279 50 (35-19539)

126 2689 209 64 Jaffee,
362 2688 236 54 Samuel
624 2689 74 52 H.

196 2764 119 53 The
346 2763 110 55 law
489 2762 64 55 of
582 2759 222 56 sheriffs
839 2761 112 54 and
983 2761 311 54 constables
1325 2762 60 53 in
1418 2762 440 55 Massachusetts
1890 2763 59 53 in
1984 2766 134 53 civil

128 2835 1989 75 cases, by Samuel H. Jaffee … Boston, E. W. Hildreth, 1935.
196 2912 135 47 xviii,
357 2910 86 41 399
468 2922 42 37 p.
571 2910 145 40 23½cm.

130 2968 52 53 ©
213 2972 125 47 Sept.
366 2972 40 45 5,
435 2971 140 45 1935;
605 2969 65 40 2c.
703 2969 94 40 and
827 2968 80 40 aff.
940 2968 100 40 Oct.
1072 2969 81 46 11;
1186 2969 40 38 A
1256 2969 169 48 86725;
1461 2971 44 40 S.
1536 2972 60 39 H.
1629 2972 170 41 Jaffee.
1831 2974 285 42 Worcester.

209 3027 279 48 (35-19520)

130 3116 257 64 Kessler,
417 3115 177 54 Frido
618 3115 88 53 W.

296 3189 1823 78 … The air post stamps of Colombia, 1936 ed. Containing
133 3270 95 54 the
268 3269 272 68 complete
579 3267 223 68 history
841 3266 63 54 of
942 3268 95 52 the
1076 3268 335 55 Colombian
1451 3269 86 52 air
1576 3277 129 60 post
1744 3273 236 68 service;
2024 3277 92 52 the

133 3346 335 68 specialized
521 3345 292 68 catalogue
869 3345 62 52 of
985 3343 86 53 air
1125 3352 128 60 post
1304 3351 216 62 stamps
1575 3350 113 52 and
1743 3367 206 50 covers,
2006 3356 110 51 and

136 3422 1982 68 Scadta stamps of Colombia and Ecuador … with illustrations
135 3503 113 52 and
271 3500 189 53 charts;
516 3498 188 56 edited
728 3500 111 52 and
863 3498 300 68 published
1185 3499 76 67 by
1284 3501 65 53 F.
1374 3501 89 54 W.
1488 3500 245 57 Kessler.
1809 3507 310 67 Brooklyn,

133 3582 70 52 N.
234 3582 72 52 Y.
342 3583 190 64 [c1935]

207 3647 1119 52 5 p. l., 117, [3] p. incl. illus., col. pl. 20cm.
208 3709 61 39 At
295 3708 123 41 head
443 3706 51 39 of
518 3705 109 41 title
644 3716 10 29 :
684 3705 44 41 S.
755 3703 49 42 C.
831 3704 53 41 A.
910 3705 57 40 D.
994 3704 51 39 T.
1071 3704 54 39 A.

207 3764 72 41 On
306 3773 139 31 cover
462 3773 10 30 :
500 3763 101 39 The
627 3761 76 40 air
729 3763 133 46 posts
888 3760 52 40 of
967 3759 259 42 Colombia.

211 3819 290 46 Cellophane
531 3819 131 45 plate
690 3816 167 47 facing
882 3827 43 36 p.
957 3816 98 46 112,
1087 3816 152 39 “How
1268 3819 49 37 to
1346 3815 296 49 distinguish
1671 3819 214 41 between
1916 3823 81 39 the
2028 3827 92 37 two

139 3874 238 49 printings
405 3874 51 40 of
483 3874 82 39 the
593 3873 222 39 Ecuador
843 3870 296 49 provisional
1171 3871 177 40 Scadta
1376 3872 202 42 issues”.

208 3932 160 39 Blank
393 3940 145 38 pages
565 3929 79 40 for
672 3928 202 40 “Notes”
912 3927 49 48 (3
988 3930 51 38 at
1063 3927 117 47 end)

138 3986 52 52 ©
218 3990 117 46 Aug.
364 3989 69 45 14,
460 3986 112 40 1935;
628 3986 68 40 2c.
725 3986 95 40 and
848 3981 80 44 aff.
959 3985 102 40 Oct.
1090 3985 26 39 7;
1173 3985 40 38 A
1241 3984 147 40 86630;
1442 3985 49 40 F1.
1522 3987 70 39 W.
1620 3988 212 49 Kessler,
1862 3989 245 51 Brooklyn.

219 4043 279 51 (35-19360)
