2568 4342
1183 4073 66 53 37

227 456 172 67 Burr,
428 461 138 51 Mrs.
596 458 175 53 Anna
799 458 270 53 Robeson
1100 458 275 65 (Brown)
1413 458 173 55 1873-

295 534 122 54 The
449 536 219 52 bottom
701 535 63 53 of
796 535 96 54 the
923 540 227 63 matter,
1183 554 32 34 a
1246 537 166 52 novel
1444 537 75 66 by
1551 537 172 52 Anna
1757 537 261 52 Robeson
2051 538 171 50 Burr.

226 612 138 54 New
400 612 179 68 York,
614 613 258 67 London,
907 615 72 54 D.
1013 612 581 69 Appleton-Century
1630 630 296 51 company,

225 615 1974 141 incorporated,
432 693 149 50 1935.

329 795 9 15 v,
366 763 87 42 207
480 774 42 38 p.
580 763 146 41 19½cm.

227 816 54 52 ©
312 822 109 39 Jan.
456 821 68 48 18,
558 820 117 41 1935;
734 820 66 41 2c.
834 822 108 39 Jan.
975 821 55 39 21;
1094 820 81 41 aff.
1211 822 108 39 Jan.
1353 821 60 39 22;
1473 821 40 39 A
1547 821 144 41 80104;
1755 822 55 38 D.
295 820 1912 106 Appleton-Century
440 889 82 36 co.,
552 877 90 41 inc.
715 878 251 50 (35-1085)

227 968 362 66 [Carpenter,
618 966 227 57 Gilbert
873 970 279 62 Congdon]
1207 974 171 50 1896-

291 1043 311 71 Watching
623 1044 193 69 points
839 1043 96 56 for
957 1044 324 71 advancing
1301 1045 257 54 students
1581 1044 64 54 of
1669 1043 296 56 Christian
1989 1042 231 55 science.

227 1122 325 69 [Rumford,
582 1123 68 54 R.
681 1123 70 68 I.,
779 1126 176 64 c1935]

297 1195 283 49 cover-title,
609 1194 56 42 31
715 1227 8 8 l.
782 1194 147 44 29½cm.

297 1250 129 43 “One
453 1252 221 40 hundred
703 1253 159 47 copies
888 1252 238 48 printed.”

296 1308 71 48 By
391 1307 51 41 G.
513 1340 9 9 C.
549 1307 281 50 Carpenter,
856 1308 61 48 jr.

224 1362 51 52 ©
305 1368 114 46 May
447 1367 38 47 5,
515 1367 114 40 1934;
687 1367 66 40 2c.
785 1368 107 39 Jan.
922 1367 40 48 2,
991 1366 141 48 1935;
1164 1366 82 41 aff.
1276 1368 109 39 Jan.
1414 1368 53 46 3;
1498 1368 43 41 A
1567 1366 171 49 78847;
1772 1368 53 40 G.
1857 1369 48 40 C.
1938 1368 282 48 Carpenter,

290 1424 75 47 jr.,
394 1424 254 47 Rumford,
675 1425 55 38 R.
761 1426 37 38 I.
869 1424 223 48 (35-900)

222 1512 393 67 Chamberlin,
645 1515 202 64 Harry
872 1514 262 65 Dwight,
1165 1516 172 55 1887-

287 1590 1868 69 Riding and schooling horses, by Harry D. Chamberlin …
218 1669 390 53 introduction
641 1669 75 67 by
751 1670 153 52 Hon.
937 1669 158 55 John
1130 1669 262 67 Cudahy.
1459 1670 141 53 New
1635 1669 181 67 York,
1848 1669 125 54 The
218 1669 1976 131 Derrydale

377 1765 157 48 press
573 1749 194 65 [c1934]

287 1818 1877 51 2 p. l., xiii, [1] p., 1 l., 199, [1] p. front., illus., plates, diagr. 24½cm.
289 1873 1928 52 “Nine hundred and fifty numbered copies … have been printed.” This
217 1943 119 39 copy
364 1935 85 39 not
478 1934 277 41 numbered.

222 1988 52 51 ©
301 1993 110 38 Dec.
437 1989 69 49 20,
532 1990 114 41 1934;
700 1990 64 40 2c.
792 1991 108 39 Jan.
928 1991 40 46 7,
995 1988 113 42 1935;
1164 1989 81 40 aff.
1273 1990 111 40 Dec.
1411 1989 70 49 22,
1509 1989 114 41 1934;
1679 1991 43 39 A
1747 1990 145 41 79047;
1948 1992 274 45 Derrydale

288 2058 149 38 press,
468 2049 89 39 inc.
629 2047 251 49 (35-1231)

220 2137 1996 69 Compton’s pictured encyclopedia … to inspire ambition, to
287 2215 289 53 stimulate
616 2215 95 52 the
753 2214 398 69 imagination,
1192 2220 57 49 to
1293 2213 241 69 provide
1574 2214 97 53 the
1715 2213 297 71 inquiring
2053 2213 162 54 mind

287 2292 140 53 with
463 2296 258 49 accurate
753 2290 380 54 information
1167 2291 123 54 told
1325 2290 61 54 in
1421 2310 72 34 an
1528 2291 340 70 interesting
1902 2292 164 69 style,
2102 2291 114 54 and

287 2371 132 53 thus
448 2370 128 53 lead
606 2370 122 53 into
756 2369 244 54 broader
1029 2368 163 54 fields
1225 2368 64 54 of
1318 2367 352 72 knowledge,
1702 2371 137 52 such
1871 2370 48 53 is
1952 2371 97 53 the
287 2388 1905 127 purpose

460 2446 64 57 of
565 2447 115 54 this
722 2446 175 54 work.
974 2445 271 70 Chicago,
1289 2446 66 54 F.
1401 2446 67 54 E.
1513 2446 285 69 Compton
1842 2449 46 51 &
1932 2465 283 53 company

291 2528 175 63 [c1935]

289 2598 57 40 15
417 2631 9 8 v.
489 2598 128 40 illus.
646 2597 138 48 (part
819 2598 114 46 col.;
976 2597 108 41 incl.
1126 2597 178 48 music)
1351 2595 158 49 plates
1537 2597 135 48 (part
1712 2598 112 47 col.)
1875 2600 162 45 ports.,
2080 2608 137 39 maps

230 2655 135 48 (part
392 2654 197 48 double)
624 2654 180 48 diagrs.
862 2653 117 41 26cm.

288 2711 286 41 Illustrated
607 2710 363 48 lining-papers.

291 2767 419 42 Editor-in-chief:
743 2766 107 47 Guy
881 2766 207 41 Stanton
1116 2766 142 41 Ford.

293 2824 223 41 Includes
545 2823 392 48 bibliographies.

222 2878 50 53 ©
299 2884 108 39 Jan.
434 2882 40 46 2,
501 2881 141 48 1935;
671 2881 65 41 2c.
766 2882 119 39 each
911 2882 109 39 Jan.
1049 2880 81 48 10;
1160 2880 80 40 aff.
1270 2882 109 39 Jan.
1408 2881 52 47 9;
1490 2882 40 39 A
1555 2882 171 48 79118;
1757 2883 50 39 F.
1837 2885 53 39 E.
1920 2884 236 50 Compton
2181 2887 36 38 &

287 2951 65 29 co.
417 2940 283 48 [Copyright
724 2939 46 40 is
795 2938 205 40 claimed
1030 2949 60 29 on
1121 2937 249 42 additions
1399 2940 95 38 and
1524 2940 309 49 corrections]

297 2996 221 49 (35-920)

220 3087 270 64 Corzelle,
518 3085 263 56 Charles.

290 3164 121 52 The
448 3164 165 53 small
651 3167 132 50 loan
821 3162 210 67 racket,
1066 3163 78 67 by
1185 3162 237 55 Charles
1460 3163 269 54 Corzelle.
1807 3163 182 56 South
2030 3168 181 51 Bend.

220 3240 146 69 Ind.,
393 3243 120 53 The
542 3242 222 67 author,
794 3241 230 68 printed
1050 3241 76 67 by
1154 3239 215 56 Mirror
1398 3260 173 49 press,
1599 3241 126 68 inc.,
1756 3246 148 50 1934.

288 3315 98 49 191,
420 3317 54 49 [1]
503 3325 43 38 p.
572 3315 109 41 incl.
707 3315 164 48 front.,
899 3315 128 40 illus.
1086 3313 117 40 20cm.

288 3373 161 41 “First
477 3372 225 40 edition.”

223 3425 1976 53 © Dec. 29, 1934; 2c. and aff. Jan. 2. 1935; A 77935; C. Corzelle, c/o G. M
289 3488 167 47 Grant,
486 3488 221 47 Chicago.
779 3484 250 50 (35-1142)

219 3565 165 64 Dart,
412 3563 316 65 Benjamin
754 3563 167 63 Wall,
950 3564 84 52 ed.

222 3637 1963 136 … Constitutions of the state of Louisiana, edited by Benjamin
365 3717 1845 67 Wall Dart … annotated by George A. Wilson … assisted
220 3798 74 67 by
336 3799 95 52 the
477 3797 337 69 publisher’s
861 3795 265 54 editorial
1171 3791 151 57 staff.
1410 3797 156 63 [1934
1609 3796 344 53 cumulative
2000 3800 212 52 annual

221 3877 200 65 pocket
462 3877 377 67 supplement]
929 3873 433 68 [Indianapolis]
1413 3873 120 53 The
1578 3873 444 55 Bobbs-Merrill
217 3895 1970 127 company,
408 3957 175 52 c1934.

290 4026 519 50 1 p. l., 65 p. 25½cm.
