2424 4375
0 0 0 0 507
193 515 1916 50 “The Epilogue … contains interesting letters from eminent persons
120 575 95 39 and
246 584 63 30 an
341 573 449 49 autobiographical
821 575 204 38 account
1054 573 53 40 of
1138 573 81 40 the
1253 572 333 48 development
1618 573 52 40 of
1700 572 82 41 the
1813 575 184 38 mental
119 570 1972 109 hygiene
283 633 284 38 movement.
626 630 103 41 The
753 629 253 49 Appendix
1034 630 110 39 tells
1171 630 149 39 about
1347 630 79 39 the
1453 627 232 42 National
1712 628 272 43 committee
2013 631 92 38 and

120 688 84 39 the
239 686 257 41 American
534 686 291 41 foundation
860 686 78 41 for
976 687 182 39 mental
1195 685 203 48 hygiene
1437 687 95 39 and
1570 685 177 49 closely
1785 685 152 44 allied
119 697 1970 87 agencies.”—Author’s
588 745 124 38 note.

119 809 55 54 ©
206 815 120 38 Mar.
361 813 70 48 22,
465 813 141 47 1935;
643 814 65 39 2c.
744 814 95 39 and
872 812 82 41 aff.
988 813 112 48 Apr.
1137 813 53 46 3;
1228 813 41 38 A
1304 812 169 48 82322;
1510 813 159 40 Amer.
1704 813 292 41 foundation
2030 815 78 39 for

188 872 182 39 mental
406 870 217 49 hygiene,
661 870 104 47 inc.,
801 870 118 39 New
952 870 144 39 York.
1160 868 280 50 [Copyright
1476 869 42 40 is
1555 869 205 41 claimed
1798 882 60 29 on
1897 868 212 43 revision

187 929 95 38 and
312 938 105 29 new
446 929 139 38 notes
615 929 95 38 and
741 938 105 29 new
876 925 240 50 material]
1187 926 251 48 (35-6068)

117 1030 237 64 Bengel,
380 1031 88 54 W.
493 1031 74 54 H.

180 1104 294 56 Arkansas
503 1105 150 68 legal
687 1103 207 69 forms;
929 1103 253 55 business
1213 1106 113 52 and
1360 1105 148 68 legal
1545 1104 179 54 forms
1759 1104 138 53 with
1929 1109 176 62 notes,

111 1181 1969 148 by W. H. Bengel … St. Louis, Mo., Thomas law book company, 1935.
181 1343 112 37 xxx,
325 1332 85 41 601
439 1342 46 38 p.
544 1331 57 40 24
605 1333 43 22 cm
652 1364 9 9 .

183 1388 202 42 “Unless
415 1389 256 40 otherwise
702 1389 159 48 noted,
895 1388 272 41 references
1196 1398 84 31 are
1312 1390 49 38 to
1393 1387 255 42 Crawford
1679 1388 37 41 &
1746 1388 158 41 Moses
1935 1388 170 49 digest,

115 1444 204 43 Castle’s
355 1445 114 40 1927
505 1447 94 38 and
635 1444 115 41 1931
787 1446 327 47 supplements
1148 1447 49 38 to
1234 1443 256 43 Crawford
1528 1445 37 40 &
1601 1445 159 42 Moses
1799 1447 170 47 digest,
2009 1447 96 40 and

114 1501 248 42 Arkansas
393 1501 424 48 reports.”—Pref.

117 1570 53 53 ©
200 1575 113 47 Apr.
347 1573 69 48 26,
448 1572 140 48 1935;
621 1572 67 41 2c.
719 1574 113 47 Apr.
865 1572 81 48 29;
981 1572 82 41 aff.
1098 1574 113 47 May
1244 1573 53 48 1;
1332 1574 41 38 A
1404 1573 169 47 82839;
1609 1575 70 40 W.
1714 1576 48 38 H.
1808 1576 194 47 Bengel,
2038 1575 53 41 St.

184 1630 160 40 Louis.
414 1630 250 48 (35-6015)

113 1729 316 67 Berglund,
460 1730 261 65 Hilding,
754 1732 169 54 1887-
1134 1731 84 53 ed.

184 1807 122 53 The
327 1807 213 67 kidney
561 1807 62 52 in
646 1807 192 53 health
866 1807 112 53 and
1001 1806 216 54 disease
1237 1807 60 53 in
1320 1805 414 58 contributions
1757 1808 77 69 by
1857 1810 248 54 eminent

113 1883 1990 71 authorities, edited by Hilding Berglund … and Grace Medes
175 1961 1926 58 … with the collaboration of G. Carl Huber … Warfield T.
112 2039 1990 71 Longcope … [and] Alfred N. Richards … illustrated with 163
113 2118 360 70 engravings.
547 2117 424 69 Philadelphia,
1002 2119 115 52 Lea
1149 2120 47 52 &
1226 2117 262 71 Febiger,
1521 2121 150 52 1935.

183 2192 98 48 xix,
313 2193 85 40 754
425 2204 43 36 p.
528 2191 143 49 illus.,
702 2192 176 48 diagrs.
938 2193 56 38 24
997 2194 44 22 cm
1046 2224 9 9 .

187 2249 145 41 “This
360 2249 192 40 volume
578 2249 42 40 is
650 2250 85 39 the
760 2249 275 47 outgrowth
1065 2249 52 40 of
1146 2260 28 29 a
1206 2247 295 49 symposium
1532 2260 60 31 on
1622 2250 78 40 the
1731 2249 245 43 structure
2005 2255 97 38 and

113 2306 226 41 function
381 2306 53 40 of
479 2306 80 40 the
605 2305 178 48 kidney
827 2305 48 39 in
922 2306 167 39 health
1134 2307 96 38 and
1276 2305 189 41 disease
1511 2305 158 41 which
1714 2306 113 41 took
1872 2308 134 47 place
2051 2308 49 40 in

114 2361 322 49 Minneapolis
468 2361 176 49 during
675 2363 83 39 the
788 2372 211 30 summer
1029 2362 52 40 of
1112 2360 518 43 1930.”—Publisher’s
1660 2364 126 40 note.

185 2418 346 41 “References”
560 2421 51 37 at
635 2420 92 39 end
754 2418 53 40 of
829 2419 116 39 each
972 2418 200 46 chapter
1196 2420 168 45 except
1391 2428 102 31 one.

114 2472 53 53 ©
195 2477 121 39 Mar.
344 2475 70 47 29,
443 2474 139 48 1935;
613 2475 66 41 2c.
709 2475 113 48 Apr.
851 2476 51 46 1;
933 2474 82 41 aff.
1047 2476 119 38 Mar.
1198 2475 83 47 30;
1312 2476 41 39 A
1382 2475 170 48 81231;
1584 2477 94 40 Lea
1709 2477 36 41 &
1775 2476 215 50 Febiger.

191 2532 249 48 (35-6071)

111 2633 160 66 Bird,
306 2635 225 64 George
564 2634 203 64 Lloyd.

180 2711 150 51 How
374 2709 106 54 life
522 2709 225 68 begins;
796 2711 95 53 the
933 2715 158 62 story
1135 2710 65 52 of
1241 2710 128 52 how
1412 2715 203 48 nature
1658 2710 284 55 conceives
1987 2714 112 51 and

111 2788 160 54 bears
300 2787 101 52 her
429 2785 274 69 children,
732 2786 76 68 by
835 2786 220 69 George
1084 2788 63 51 L.
1178 2786 173 68 Bird;
1385 2787 325 54 illustrated
1737 2787 77 69 by
1843 2786 162 70 Cyril
2033 2788 66 52 P.

111 2864 1793 69 Ferring. Chicago, The Book house for children [ c 1935]
181 2939 84 41 117
303 2950 42 37 p.
405 2938 128 40 illus.
592 2938 145 41 20½cm.

184 2996 286 39 Illustrated
512 2994 361 48 lining-papers.

184 3051 162 41 “First
377 3050 217 49 printing
626 3050 261 47 February,
921 3050 157 41 1935.”

112 3104 53 53 ©
193 3110 120 38 Mar.
342 3106 39 49 9,
411 3107 140 47 1935;
583 3108 67 39 2c.
680 3109 95 38 and
806 3106 81 41 aff.
918 3108 113 47 Apr.
1062 3106 51 47 5;
1145 3106 41 40 A
1215 3106 169 48 82375;
1418 3107 52 41 G.
1502 3108 51 40 L.
1584 3108 133 48 Bird,
1751 3102 49 47 %
1832 3108 104 41 The
1963 3111 135 39 Book

180 3165 148 40 house
354 3163 80 42 for
458 3164 230 47 children,
719 3164 219 47 Chicago.
1011 3163 249 48 (35-6063)

111 3264 239 65 Bogert,
382 3267 227 64 George
638 3265 266 66 Gleason,
935 3271 170 51 1884-

177 3342 123 52 The
330 3342 110 52 law
472 3341 64 54 of
568 3347 173 48 trusts
778 3343 114 52 and
922 3346 265 63 trustees;
1225 3362 31 34 a
1291 3343 229 52 treatise
1556 3342 266 70 covering
1855 3344 97 53 the
1985 3345 109 52 law

109 3418 248 70 relating
392 3423 58 48 to
488 3424 176 49 trusts
701 3420 112 52 and
854 3419 170 53 allied
1064 3418 243 69 subjects
1349 3419 272 70 affecting
1657 3425 150 50 trust
1843 3422 250 53 creation

107 3495 1924 73 and administration, with forms, by George Gleason Bogert …
107 3572 224 53 Kansas
357 3573 150 69 City,
532 3574 134 67 Mo.,
750 3592 172 34 Vernon
946 3575 109 51 law
1080 3574 147 53 book
1253 3591 307 51 company;
1592 3573 82 56 St.
1701 3576 164 68 Paul,
1891 3576 202 67 Minn.,

106 3649 845 69 West publishing co. [ c 1935]
176 3722 27 39 7
230 3732 41 29 v.
331 3722 57 41 25
391 3724 44 22 cm.

176 3776 127 43 Vols.
332 3778 26 39 1
384 3781 50 38 to
459 3777 27 41 6
512 3779 153 46 paged
694 3778 349 47 continuously.

178 3832 128 48 Kept
329 3843 64 37 up
418 3834 49 39 to
495 3834 110 39 date
632 3833 61 47 by
719 3833 171 47 pocket
917 3833 326 48 supplements.

112 3901 42 29 v.
182 3892 39 45 1,
248 3890 40 49 2,
316 3887 53 53 ©
397 3892 120 38 Mar.
545 3891 68 46 28,
641 3890 139 47 1935;
811 3902 43 28 v.
878 3891 99 47 3-6,
1007 3887 53 52 ©
1087 3892 112 46 Apr.
1229 3892 52 45 1;
1312 3902 42 29 v.
1383 3893 39 45 7,
1451 3887 53 53 ©
1529 3894 113 48 Apr.
1672 3895 53 47 9;
1755 3895 68 41 2c.
1853 3898 121 38 each
1999 3899 98 40 and

182 3947 107 40 affs.
314 3948 111 47 Apr.
449 3947 82 47 26;
559 3948 40 38 A
623 3947 343 47 82731-82737;
997 3948 51 40 G.
1077 3948 52 40 G.
1156 3949 191 46 Bogert,
1376 3948 220 50 Chicago.

191 4002 248 48 (35-6016)
