<alto xmlns="http://www.loc.gov/standards/alto/ns-v3#" xmlns:xlink="http://www.w3.org/1999/xlink" xmlns:xsi="http://www.w3.org/2001/XMLSchema-instance" xsi:schemaLocation="http://www.loc.gov/standards/alto/ns-v3# http://www.loc.gov/alto/v3/alto-3-0.xsd"><Description>
<MeasurementUnit>pixel</MeasurementUnit>
<sourceImageInformation>
<fileName>1935_v32_Part1.pdf</fileName>
</sourceImageInformation>
<OCRProcessing ID="IdOcr">
<ocrProcessingStep>
<processingDateTime>2019-01-15</processingDateTime>
<processingSoftware>
<softwareCreator>ABBYY</softwareCreator>
<softwareName>ABBYY Recognition Server</softwareName>
<softwareVersion>4.0</softwareVersion>
</processingSoftware>
</ocrProcessingStep>
</OCRProcessing>
</Description>
<Styles>
<ParagraphStyle ID="StyleId-FFFFFFFF-FFFF-FFFF-FFFF-FFFFFFFFFFFF-" ALIGN="Left" LEFT="0." RIGHT="0." FIRSTLINE="0."/>
<ParagraphStyle ID="StyleId-09A13A44-4F77-4ABE-84F3-84CC8B3C72CE-" ALIGN="Left" LEFT="0." RIGHT="0." FIRSTLINE="0." LINESPACE="7.699999809"/>
<ParagraphStyle ID="StyleId-1F945060-F8CD-4435-B69A-5FF49DB0C586-" ALIGN="Left" LEFT="0." RIGHT="0." FIRSTLINE="-10." LINESPACE="12.19999981"/>
<ParagraphStyle ID="StyleId-C6CAE747-F5A4-4D0D-8D74-D452DA7E2C1C-" ALIGN="Block" LEFT="0." RIGHT="0." FIRSTLINE="-14." LINESPACE="8.350000381"/>
<ParagraphStyle ID="StyleId-FC0F3374-189A-459E-BE29-2DC14180F022-" ALIGN="Left" LEFT="0." RIGHT="0." FIRSTLINE="0."/>
<ParagraphStyle ID="StyleId-49397C49-A894-4B3E-BA5E-1126226BA375-" ALIGN="Left" LEFT="0." RIGHT="0." FIRSTLINE="-12." LINESPACE="11.09000015"/>
<ParagraphStyle ID="StyleId-9E34DD3A-E661-48BD-A3A1-6A3D48346F00-" ALIGN="Block" LEFT="0." RIGHT="0." FIRSTLINE="-14." LINESPACE="11.09000015"/>
<ParagraphStyle ID="StyleId-56CE54AA-A08B-4BAA-8605-F26020A0E36E-" ALIGN="Left" LEFT="0." RIGHT="0." FIRSTLINE="0." LINESPACE="9.399999619"/>
<ParagraphStyle ID="StyleId-77814FFC-C42F-4AA9-9880-EF33B947DEC8-" ALIGN="Left" LEFT="0." RIGHT="0." FIRSTLINE="-11." LINESPACE="11.06999969"/>
<ParagraphStyle ID="StyleId-FDE92EC0-67DC-4C7B-8A24-094B12C38B6C-" ALIGN="Center" LEFT="0." RIGHT="0." FIRSTLINE="0." LINESPACE="11.30000019"/>
<ParagraphStyle ID="StyleId-65180E3B-4C93-4FB8-81EE-E026DD63DBF3-" ALIGN="Left" LEFT="0." RIGHT="0." FIRSTLINE="0." LINESPACE="11.10000038"/>
<ParagraphStyle ID="StyleId-10E885C2-5813-4620-B0AA-0FBA30CF7A32-" ALIGN="Left" LEFT="0." RIGHT="0." FIRSTLINE="0." LINESPACE="9.5"/>
<ParagraphStyle ID="StyleId-913C2DB5-9F02-4067-BAF7-0AED37B60BBE-" ALIGN="Left" LEFT="0." RIGHT="0." FIRSTLINE="0." LINESPACE="6.099999905"/>
<ParagraphStyle ID="StyleId-9C79A9D2-8F08-4A8F-985D-B00E253ED1E5-" ALIGN="Left" LEFT="0." RIGHT="0." FIRSTLINE="0." LINESPACE="4.400000095"/>
<ParagraphStyle ID="StyleId-A41F0407-FEFE-4738-9EC5-E05AFFF62781-" ALIGN="Left" LEFT="0." RIGHT="0." FIRSTLINE="0." LINESPACE="7.300000191"/>
<ParagraphStyle ID="StyleId-61D37176-94E8-408D-9B87-01C406CE8AB2-" ALIGN="Left" LEFT="0." RIGHT="0." FIRSTLINE="0." LINESPACE="8.050000191"/>
</Styles>
<Layout>
<Page ID="Page111" PHYSICAL_IMG_NR="111" HEIGHT="4384" WIDTH="2526">
<TopMargin HEIGHT="434" WIDTH="2526" VPOS="0" HPOS="0">
</TopMargin>
<LeftMargin HEIGHT="3670" WIDTH="158" VPOS="434" HPOS="0">
</LeftMargin>
<RightMargin HEIGHT="3670" WIDTH="332" VPOS="434" HPOS="2194">
</RightMargin>
<BottomMargin HEIGHT="280" WIDTH="2526" VPOS="4104" HPOS="0">
</BottomMargin>
<PrintSpace HEIGHT="3670" WIDTH="2036" VPOS="434" HPOS="158">
<TextBlock ID="Page111_Block1" HEIGHT="66" WIDTH="116" VPOS="4038" HPOS="1132" LANG="en-US" CS="1" STYLEREFS="StyleId-66D55651-4D4C-4AFC-89B1-79D9B5494CD2-">
<TextLine HEIGHT="0" WIDTH="0" VPOS="0" HPOS="0" CS="1">
<String CS="1" CONTENT="111"/>
</TextLine>
</TextBlock>
<TextBlock ID="Page111_Block2" HEIGHT="3612" WIDTH="2036" VPOS="434" HPOS="158" LANG="en-US" CS="1" STYLEREFS="StyleId-9E1A59E8-0B5C-4435-850A-8B561139E3EE-">
<TextLine HEIGHT="55" WIDTH="915" VPOS="534" HPOS="242" CS="1">
<String CONTENT="5" HEIGHT="40" WIDTH="26" VPOS="542" HPOS="242"/>
<SP HEIGHT="47" WIDTH="23" VPOS="542" HPOS="269"/>
<String CS="1" CONTENT="p."/>
<SP/>
<String CS="1" CONTENT="l.," HEIGHT="16" WIDTH="9" VPOS="571" HPOS="400"/>
<SP HEIGHT="29" WIDTH="28" VPOS="560" HPOS="410"/>
<String CONTENT="[156]" HEIGHT="51" WIDTH="112" VPOS="538" HPOS="439"/>
<SP HEIGHT="39" WIDTH="27" VPOS="549" HPOS="552"/>
<String CONTENT="p." HEIGHT="38" WIDTH="44" VPOS="549" HPOS="580"/>
<SP HEIGHT="29" WIDTH="26" VPOS="549" HPOS="625"/>
<String CONTENT="of" HEIGHT="42" WIDTH="52" VPOS="536" HPOS="652"/>
<SP HEIGHT="40" WIDTH="22" VPOS="536" HPOS="705"/>
<String CONTENT="illus.," HEIGHT="47" WIDTH="143" VPOS="536" HPOS="728"/>
<SP HEIGHT="46" WIDTH="26" VPOS="537" HPOS="872"/>
<String CONTENT="1" HEIGHT="38" WIDTH="25" VPOS="537" HPOS="899"/>
<SP HEIGHT="39" WIDTH="25" VPOS="536" HPOS="925"/>
<String CS="1" CONTENT="l." HEIGHT="8" WIDTH="8" VPOS="567" HPOS="973"/>
<SP HEIGHT="41" WIDTH="58" VPOS="534" HPOS="982"/>
<String CONTENT="31" HEIGHT="40" WIDTH="57" VPOS="534" HPOS="1041"/>
<String STYLE="superscript" CONTENT="cm" HEIGHT="22" WIDTH="42" VPOS="536" HPOS="1101"/>
<String CONTENT="." HEIGHT="9" WIDTH="9" VPOS="566" HPOS="1148"/>
</TextLine>
<TextLine HEIGHT="57" WIDTH="1919" VPOS="602" HPOS="246" CS="1">
<String CONTENT="&#8220;These" HEIGHT="41" WIDTH="181" VPOS="610" HPOS="246"/>
<SP HEIGHT="38" WIDTH="26" VPOS="621" HPOS="428"/>
<String CONTENT="pictures" HEIGHT="49" WIDTH="213" VPOS="610" HPOS="455"/>
<SP HEIGHT="29" WIDTH="28" VPOS="620" HPOS="669"/>
<String CONTENT="range" HEIGHT="38" WIDTH="149" VPOS="618" HPOS="698"/>
<SP HEIGHT="42" WIDTH="26" VPOS="607" HPOS="848"/>
<String CONTENT="from" HEIGHT="40" WIDTH="127" VPOS="607" HPOS="875"/>
<SP HEIGHT="38" WIDTH="28" VPOS="608" HPOS="1003"/>
<String CONTENT="1865" HEIGHT="40" WIDTH="113" VPOS="606" HPOS="1032"/>
<SP HEIGHT="40" WIDTH="29" VPOS="606" HPOS="1146"/>
<String CS="1" CONTENT="&#8230;"/>
<SP HEIGHT="38" WIDTH="29" VPOS="607" HPOS="1223"/>
<String CONTENT="to" HEIGHT="38" WIDTH="49" VPOS="607" HPOS="1253"/>
<SP HEIGHT="38" WIDTH="27" VPOS="607" HPOS="1303"/>
<String CONTENT="the" HEIGHT="40" WIDTH="82" VPOS="605" HPOS="1331"/>
<SP HEIGHT="31" WIDTH="26" VPOS="614" HPOS="1414"/>
<String CONTENT="summer" HEIGHT="31" WIDTH="212" VPOS="614" HPOS="1441"/>
<SP HEIGHT="29" WIDTH="26" VPOS="614" HPOS="1654"/>
<String CONTENT="of" HEIGHT="40" WIDTH="53" VPOS="603" HPOS="1681"/>
<SP HEIGHT="39" WIDTH="25" VPOS="603" HPOS="1735"/>
<String CONTENT="1934.&#8221;&#8212;Introd." HEIGHT="41" WIDTH="404" VPOS="602" HPOS="1761"/>
</TextLine>
<TextLine HEIGHT="42" WIDTH="425" VPOS="666" HPOS="244">
<String CONTENT="&#8220;First" HEIGHT="40" WIDTH="161" VPOS="668" HPOS="244"/>
<SP HEIGHT="38" WIDTH="35" VPOS="670" HPOS="406"/>
<String CONTENT="edition.&#8221;" HEIGHT="42" WIDTH="227" VPOS="666" HPOS="442"/>
</TextLine>
<TextLine HEIGHT="59" WIDTH="1992" VPOS="729" HPOS="177" CS="1">
<String CONTENT="&#169;" HEIGHT="51" WIDTH="51" VPOS="737" HPOS="177"/>
<SP HEIGHT="51" WIDTH="23" VPOS="737" HPOS="229"/>
<String CONTENT="Jan." HEIGHT="39" WIDTH="107" VPOS="741" HPOS="253"/>
<SP HEIGHT="38" WIDTH="23" VPOS="740" HPOS="361"/>
<String CONTENT="21," HEIGHT="46" WIDTH="69" VPOS="740" HPOS="385"/>
<SP HEIGHT="47" WIDTH="23" VPOS="739" HPOS="455"/>
<String CS="1" CONTENT="1935;" HEIGHT="40" WIDTH="117" VPOS="738" HPOS="479"/>
<SP HEIGHT="41" WIDTH="25" VPOS="738" HPOS="619"/>
<String CONTENT="2c." HEIGHT="39" WIDTH="66" VPOS="738" HPOS="645"/>
<SP HEIGHT="39" WIDTH="23" VPOS="737" HPOS="712"/>
<String CONTENT="Jan." HEIGHT="39" WIDTH="107" VPOS="737" HPOS="736"/>
<SP HEIGHT="39" WIDTH="24" VPOS="735" HPOS="844"/>
<String CONTENT="26;" HEIGHT="46" WIDTH="82" VPOS="735" HPOS="869"/>
<SP HEIGHT="36" WIDTH="26" VPOS="745" HPOS="952"/>
<String CONTENT="aff." HEIGHT="40" WIDTH="83" VPOS="734" HPOS="979"/>
<SP HEIGHT="40" WIDTH="22" VPOS="734" HPOS="1063"/>
<String CONTENT="Jan." HEIGHT="39" WIDTH="108" VPOS="734" HPOS="1086"/>
<SP HEIGHT="38" WIDTH="25" VPOS="733" HPOS="1195"/>
<String CONTENT="25;" HEIGHT="46" WIDTH="81" VPOS="733" HPOS="1221"/>
<SP HEIGHT="46" WIDTH="27" VPOS="733" HPOS="1303"/>
<!-- cceid 841630DD-6D82-1014-B070-FDFD250A9EDA --><String CONTENT="A" HEIGHT="38" WIDTH="40" VPOS="733" HPOS="1331"/>
<SP HEIGHT="40" WIDTH="24" VPOS="733" HPOS="1372"/>
<String CONTENT="80244;" HEIGHT="48" WIDTH="171" VPOS="730" HPOS="1397"/>
<SP HEIGHT="46" WIDTH="27" VPOS="732" HPOS="1569"/>
<String CONTENT="Alfred" HEIGHT="40" WIDTH="172" VPOS="731" HPOS="1597"/>
<SP HEIGHT="39" WIDTH="23" VPOS="731" HPOS="1770"/>
<String CONTENT="A." HEIGHT="38" WIDTH="53" VPOS="732" HPOS="1794"/>
<SP HEIGHT="38" WIDTH="25" VPOS="731" HPOS="1848"/>
<String CS="1" CONTENT="Knopf." HEIGHT="48" WIDTH="166" VPOS="729" HPOS="1874"/>
<SP HEIGHT="40" WIDTH="24" VPOS="730" HPOS="2054"/>
<String CS="1" CONTENT="inc." HEIGHT="39" WIDTH="90" VPOS="730" HPOS="2079"/>
</TextLine>
<TextLine HEIGHT="50" WIDTH="249" VPOS="795" HPOS="254">
<String CONTENT="(35-2177)" HEIGHT="50" WIDTH="249" VPOS="795" HPOS="254"/>
</TextLine>
<TextLine HEIGHT="64" WIDTH="597" VPOS="913" HPOS="173" STYLEREFS="StyleId-77B412CA-D52A-4932-92F0-49B3B8389E29-">
<String CONTENT="Stone," HEIGHT="61" WIDTH="197" VPOS="916" HPOS="173"/>
<SP HEIGHT="63" WIDTH="28" VPOS="914" HPOS="371"/>
<String CONTENT="Clarence" HEIGHT="54" WIDTH="275" VPOS="913" HPOS="400"/>
<SP HEIGHT="51" WIDTH="26" VPOS="914" HPOS="676"/>
<String CONTENT="R." HEIGHT="53" WIDTH="67" VPOS="914" HPOS="703"/>
</TextLine>
<TextLine HEIGHT="230" WIDTH="1994" VPOS="997" HPOS="173" STYLEREFS="StyleId-66D55651-4D4C-4AFC-89B1-79D9B5494CD2-" CS="1">
<String CONTENT="Stone&#8217;s" HEIGHT="55" WIDTH="219" VPOS="1004" HPOS="246"/>
<SP HEIGHT="35" WIDTH="26" VPOS="1024" HPOS="466"/>
<String CONTENT="silent" HEIGHT="52" WIDTH="168" VPOS="1004" HPOS="493"/>
<SP HEIGHT="46" WIDTH="25" VPOS="1009" HPOS="662"/>
<String CS="1" CONTENT="reading." HEIGHT="65" WIDTH="241" VPOS="1002" HPOS="688"/>
<SP HEIGHT="53" WIDTH="61" VPOS="1002" HPOS="945"/>
<String CONTENT="bk." HEIGHT="52" WIDTH="91" VPOS="1002" HPOS="1007"/>
<SP HEIGHT="50" WIDTH="28" VPOS="1004" HPOS="1099"/>
<String CONTENT="6." HEIGHT="49" WIDTH="46" VPOS="1004" HPOS="1128"/>
<SP HEIGHT="50" WIDTH="63" VPOS="1003" HPOS="1175"/>
<String CONTENT="By" HEIGHT="64" WIDTH="90" VPOS="1003" HPOS="1239"/>
<SP HEIGHT="67" WIDTH="29" VPOS="1000" HPOS="1330"/>
<String CONTENT="Clarence" HEIGHT="54" WIDTH="271" VPOS="1000" HPOS="1360"/>
<SP HEIGHT="52" WIDTH="25" VPOS="1000" HPOS="1632"/>
<String CONTENT="R." HEIGHT="52" WIDTH="67" VPOS="1000" HPOS="1658"/>
<SP HEIGHT="55" WIDTH="31" VPOS="997" HPOS="1726"/>
<String CONTENT="Stone" HEIGHT="55" WIDTH="175" VPOS="997" HPOS="1758"/>
<SP HEIGHT="33" WIDTH="32" VPOS="1017" HPOS="1934"/>
<String CS="1" CONTENT="&#8230;"/>
<SP HEIGHT="52" WIDTH="65" VPOS="998" HPOS="2024"/>
<String CONTENT="Illustrated" HEIGHT="137" WIDTH="1974" VPOS="998" HPOS="173"/>
<SP HEIGHT="52" WIDTH="21" VPOS="1082" HPOS="452"/>
<String CONTENT="by" HEIGHT="67" WIDTH="75" VPOS="1082" HPOS="474"/>
<SP HEIGHT="64" WIDTH="23" VPOS="1085" HPOS="550"/>
<String CONTENT="Billie" HEIGHT="53" WIDTH="172" VPOS="1082" HPOS="574"/>
<SP HEIGHT="54" WIDTH="25" VPOS="1082" HPOS="747"/>
<String CONTENT="Chapman." HEIGHT="65" WIDTH="315" VPOS="1082" HPOS="773"/>
<SP HEIGHT="51" WIDTH="59" VPOS="1080" HPOS="1089"/>
<String CONTENT="Boston," HEIGHT="64" WIDTH="234" VPOS="1080" HPOS="1149"/>
<SP HEIGHT="64" WIDTH="21" VPOS="1080" HPOS="1384"/>
<String CONTENT="New" HEIGHT="50" WIDTH="139" VPOS="1080" HPOS="1406"/>
<SP HEIGHT="51" WIDTH="23" VPOS="1080" HPOS="1546"/>
<String CONTENT="York" HEIGHT="54" WIDTH="165" VPOS="1077" HPOS="1570"/>
<SP HEIGHT="67" WIDTH="26" VPOS="1077" HPOS="1736"/>
<String CONTENT="[etc.]" HEIGHT="62" WIDTH="138" VPOS="1082" HPOS="1763"/>
<SP HEIGHT="64" WIDTH="27" VPOS="1078" HPOS="1902"/>
<String CONTENT="Houghton" HEIGHT="137" WIDTH="1972" VPOS="1076" HPOS="175"/>
<SP HEIGHT="51" WIDTH="32" VPOS="1162" HPOS="275"/>
<String CONTENT="Mifflin" HEIGHT="54" WIDTH="204" VPOS="1158" HPOS="308"/>
<SP HEIGHT="33" WIDTH="29" VPOS="1180" HPOS="513"/>
<String CONTENT="company;" HEIGHT="49" WIDTH="308" VPOS="1178" HPOS="543"/>
<SP HEIGHT="67" WIDTH="39" VPOS="1158" HPOS="852"/>
<String CONTENT="Cambridge," HEIGHT="68" WIDTH="361" VPOS="1157" HPOS="892"/>
<SP HEIGHT="63" WIDTH="32" VPOS="1160" HPOS="1254"/>
<String CONTENT="The" HEIGHT="52" WIDTH="121" VPOS="1158" HPOS="1287"/>
<SP HEIGHT="52" WIDTH="32" VPOS="1158" HPOS="1409"/>
<String CONTENT="Riverside" HEIGHT="54" WIDTH="300" VPOS="1155" HPOS="1442"/>
<SP HEIGHT="48" WIDTH="31" VPOS="1174" HPOS="1743"/>
<String CONTENT="press" HEIGHT="49" WIDTH="157" VPOS="1173" HPOS="1775"/>
<SP HEIGHT="46" WIDTH="40" VPOS="1175" HPOS="1933"/>
<String STYLE="subscript" CONTENT="[" HEIGHT="33" WIDTH="12" VPOS="1188" HPOS="1974"/>
<String STYLE="superscript" CONTENT="c" HEIGHT="20" WIDTH="17" VPOS="1162" HPOS="1992"/>
<String CONTENT="1935" HEIGHT="49" WIDTH="133" VPOS="1157" HPOS="2015"/>
<String STYLE="subscript" CONTENT="]" HEIGHT="33" WIDTH="12" VPOS="1188" HPOS="2155"/>
</TextLine>
<TextLine HEIGHT="54" WIDTH="1301" VPOS="1242" HPOS="245" STYLEREFS="StyleId-66D55651-4D4C-4AFC-89B1-79D9B5494CD2-" CS="1">
<String CONTENT="xxvii," HEIGHT="46" WIDTH="149" VPOS="1248" HPOS="245"/>
<SP HEIGHT="28" WIDTH="29" VPOS="1268" HPOS="395"/>
<String CONTENT="[1]," HEIGHT="48" WIDTH="70" VPOS="1248" HPOS="425"/>
<SP HEIGHT="47" WIDTH="25" VPOS="1248" HPOS="496"/>
<String CONTENT="324" HEIGHT="40" WIDTH="86" VPOS="1247" HPOS="522"/>
<SP HEIGHT="46" WIDTH="23" VPOS="1248" HPOS="609"/>
<String CONTENT="p." HEIGHT="36" WIDTH="42" VPOS="1258" HPOS="633"/>
<SP HEIGHT="38" WIDTH="54" VPOS="1247" HPOS="676"/>
<String CONTENT="illus." HEIGHT="38" WIDTH="127" VPOS="1247" HPOS="731"/>
<SP HEIGHT="45" WIDTH="29" VPOS="1247" HPOS="859"/>
<String CONTENT="(part" HEIGHT="46" WIDTH="134" VPOS="1247" HPOS="889"/>
<SP HEIGHT="38" WIDTH="25" VPOS="1247" HPOS="1024"/>
<String CONTENT="col.)" HEIGHT="48" WIDTH="111" VPOS="1245" HPOS="1050"/>
<SP HEIGHT="47" WIDTH="34" VPOS="1246" HPOS="1162"/>
<String CONTENT="diagrs." HEIGHT="47" WIDTH="177" VPOS="1244" HPOS="1197"/>
<SP HEIGHT="38" WIDTH="56" VPOS="1244" HPOS="1375"/>
<String CS="1" CONTENT="19c" HEIGHT="40" WIDTH="54" VPOS="1242" HPOS="1432"/>
<String STYLE="superscript" CONTENT="m" HEIGHT="20" WIDTH="28" VPOS="1246" HPOS="1506"/>
<String CONTENT="." HEIGHT="7" WIDTH="8" VPOS="1274" HPOS="1538"/>
</TextLine>
<TextLine HEIGHT="54" WIDTH="1993" VPOS="1313" HPOS="180" CS="1">
<String CONTENT="&#169;" HEIGHT="51" WIDTH="51" VPOS="1316" HPOS="180"/>
<SP HEIGHT="51" WIDTH="38" VPOS="1316" HPOS="232"/>
<String CONTENT="Jan." HEIGHT="39" WIDTH="107" VPOS="1320" HPOS="271"/>
<SP HEIGHT="40" WIDTH="36" VPOS="1318" HPOS="379"/>
<String CONTENT="25," HEIGHT="47" WIDTH="70" VPOS="1318" HPOS="416"/>
<SP HEIGHT="46" WIDTH="36" VPOS="1319" HPOS="487"/>
<String CS="1" CONTENT="1935;" HEIGHT="40" WIDTH="112" VPOS="1318" HPOS="524"/>
<SP HEIGHT="41" WIDTH="37" VPOS="1317" HPOS="665"/>
<String CONTENT="2c." HEIGHT="40" WIDTH="65" VPOS="1317" HPOS="703"/>
<SP HEIGHT="29" WIDTH="39" VPOS="1328" HPOS="769"/>
<String CONTENT="and" HEIGHT="39" WIDTH="95" VPOS="1318" HPOS="809"/>
<SP HEIGHT="38" WIDTH="37" VPOS="1318" HPOS="905"/>
<String CONTENT="aff." HEIGHT="40" WIDTH="81" VPOS="1316" HPOS="943"/>
<SP HEIGHT="40" WIDTH="37" VPOS="1316" HPOS="1025"/>
<String CONTENT="Feb." HEIGHT="39" WIDTH="108" VPOS="1316" HPOS="1063"/>
<SP HEIGHT="37" WIDTH="37" VPOS="1317" HPOS="1172"/>
<String CONTENT="4;" HEIGHT="44" WIDTH="54" VPOS="1317" HPOS="1210"/>
<SP HEIGHT="45" WIDTH="40" VPOS="1316" HPOS="1265"/>
<!-- cceid 8416F983-6D82-1014-B070-FDFD250A9EDA --><String CONTENT="A" HEIGHT="38" WIDTH="40" VPOS="1316" HPOS="1306"/>
<SP HEIGHT="38" WIDTH="36" VPOS="1316" HPOS="1347"/>
<String CONTENT="79508;" HEIGHT="47" WIDTH="169" VPOS="1313" HPOS="1384"/>
<SP HEIGHT="46" WIDTH="40" VPOS="1314" HPOS="1554"/>
<String CONTENT="Houghton" HEIGHT="47" WIDTH="264" VPOS="1314" HPOS="1595"/>
<SP HEIGHT="37" WIDTH="39" VPOS="1315" HPOS="1860"/>
<String CS="1" CONTENT="Mifflin" HEIGHT="39" WIDTH="168" VPOS="1313" HPOS="1900"/>
<SP HEIGHT="29" WIDTH="37" VPOS="1323" HPOS="2069"/>
<String CONTENT="co." HEIGHT="29" WIDTH="66" VPOS="1322" HPOS="2107"/>
</TextLine>
<TextLine HEIGHT="56" WIDTH="1925" VPOS="1371" HPOS="250">
<String CONTENT="[Copyright" HEIGHT="52" WIDTH="282" VPOS="1375" HPOS="250"/>
<SP HEIGHT="40" WIDTH="25" VPOS="1376" HPOS="533"/>
<String CONTENT="is" HEIGHT="39" WIDTH="44" VPOS="1376" HPOS="559"/>
<SP HEIGHT="29" WIDTH="28" VPOS="1387" HPOS="604"/>
<String CONTENT="claimed" HEIGHT="42" WIDTH="206" VPOS="1374" HPOS="633"/>
<SP HEIGHT="40" WIDTH="27" VPOS="1375" HPOS="840"/>
<String CONTENT="on" HEIGHT="29" WIDTH="59" VPOS="1386" HPOS="868"/>
<SP HEIGHT="27" WIDTH="29" VPOS="1386" HPOS="928"/>
<String CONTENT="new" HEIGHT="29" WIDTH="105" VPOS="1385" HPOS="958"/>
<SP HEIGHT="28" WIDTH="29" VPOS="1385" HPOS="1064"/>
<String CONTENT="matter" HEIGHT="38" WIDTH="182" VPOS="1375" HPOS="1094"/>
<SP HEIGHT="39" WIDTH="26" VPOS="1373" HPOS="1277"/>
<String CONTENT="by" HEIGHT="48" WIDTH="62" VPOS="1373" HPOS="1304"/>
<SP HEIGHT="48" WIDTH="30" VPOS="1373" HPOS="1367"/>
<String CONTENT="Margaret" HEIGHT="47" WIDTH="250" VPOS="1373" HPOS="1398"/>
<SP HEIGHT="40" WIDTH="32" VPOS="1372" HPOS="1649"/>
<String CONTENT="B." HEIGHT="39" WIDTH="52" VPOS="1372" HPOS="1682"/>
<SP HEIGHT="39" WIDTH="34" VPOS="1372" HPOS="1735"/>
<String CONTENT="Pumphrey" HEIGHT="48" WIDTH="275" VPOS="1371" HPOS="1770"/>
<SP HEIGHT="38" WIDTH="33" VPOS="1381" HPOS="2046"/>
<String CONTENT="and" HEIGHT="40" WIDTH="95" VPOS="1371" HPOS="2080"/>
</TextLine>
<TextLine HEIGHT="47" WIDTH="627" VPOS="1433" HPOS="248">
<String CONTENT="Hanson" HEIGHT="39" WIDTH="202" VPOS="1435" HPOS="248"/>
<SP HEIGHT="39" WIDTH="29" VPOS="1434" HPOS="451"/>
<String CONTENT="Hart" HEIGHT="39" WIDTH="129" VPOS="1434" HPOS="481"/>
<SP HEIGHT="39" WIDTH="28" VPOS="1434" HPOS="611"/>
<String CONTENT="Webster]" HEIGHT="47" WIDTH="235" VPOS="1433" HPOS="640"/>
</TextLine>
<TextLine HEIGHT="65" WIDTH="445" VPOS="1536" HPOS="176" STYLEREFS="StyleId-77B412CA-D52A-4932-92F0-49B3B8389E29-">
<String CONTENT="Storm," HEIGHT="63" WIDTH="217" VPOS="1538" HPOS="176"/>
<SP HEIGHT="63" WIDTH="30" VPOS="1538" HPOS="394"/>
<String CONTENT="Elliot." HEIGHT="57" WIDTH="196" VPOS="1536" HPOS="425"/>
</TextLine>
<TextLine HEIGHT="148" WIDTH="1970" VPOS="1624" HPOS="180" STYLEREFS="StyleId-66D55651-4D4C-4AFC-89B1-79D9B5494CD2-" CS="1">
<String CONTENT="Strange" HEIGHT="66" WIDTH="246" VPOS="1628" HPOS="250"/>
<SP HEIGHT="52" WIDTH="26" VPOS="1629" HPOS="497"/>
<String CONTENT="bedmates," HEIGHT="65" WIDTH="305" VPOS="1627" HPOS="524"/>
<SP HEIGHT="65" WIDTH="27" VPOS="1627" HPOS="830"/>
<String CONTENT="by" HEIGHT="65" WIDTH="74" VPOS="1627" HPOS="858"/>
<SP HEIGHT="65" WIDTH="25" VPOS="1627" HPOS="933"/>
<String CONTENT="Elliot" HEIGHT="53" WIDTH="184" VPOS="1626" HPOS="959"/>
<SP HEIGHT="55" WIDTH="27" VPOS="1625" HPOS="1144"/>
<String CONTENT="Storm" HEIGHT="55" WIDTH="193" VPOS="1625" HPOS="1172"/>
<SP HEIGHT="34" WIDTH="34" VPOS="1644" HPOS="1366"/>
<String CS="1" CONTENT="&#8230;"/>
<SP HEIGHT="52" WIDTH="67" VPOS="1625" HPOS="1457"/>
<String CONTENT="New" HEIGHT="53" WIDTH="140" VPOS="1625" HPOS="1525"/>
<SP HEIGHT="53" WIDTH="27" VPOS="1624" HPOS="1666"/>
<String CONTENT="York," HEIGHT="64" WIDTH="180" VPOS="1624" HPOS="1694"/>
<SP HEIGHT="62" WIDTH="24" VPOS="1626" HPOS="1875"/>
<String CONTENT="W." HEIGHT="53" WIDTH="89" VPOS="1626" HPOS="1900"/>
<SP HEIGHT="55" WIDTH="30" VPOS="1624" HPOS="1990"/>
<String CONTENT="Godwin," HEIGHT="148" WIDTH="1970" VPOS="1624" HPOS="180"/>
<SP HEIGHT="67" WIDTH="24" VPOS="1705" HPOS="310"/>
<String CONTENT="inc." HEIGHT="53" WIDTH="110" VPOS="1705" HPOS="335"/>
<SP HEIGHT="34" WIDTH="31" VPOS="1738" HPOS="446"/>
<String CONTENT="[" HEIGHT="34" WIDTH="13" VPOS="1738" HPOS="478"/>
<String STYLE="superscript" CONTENT="c" HEIGHT="21" WIDTH="18" VPOS="1712" HPOS="496"/>
<String CONTENT="1935]" HEIGHT="62" WIDTH="153" VPOS="1708" HPOS="518"/>
</TextLine>
<TextLine HEIGHT="50" WIDTH="339" VPOS="1789" HPOS="247">
<String CONTENT="264" HEIGHT="40" WIDTH="88" VPOS="1790" HPOS="247"/>
<SP HEIGHT="49" WIDTH="29" VPOS="1790" HPOS="336"/>
<String CONTENT="p." HEIGHT="38" WIDTH="43" VPOS="1801" HPOS="366"/>
<SP HEIGHT="40" WIDTH="59" VPOS="1790" HPOS="410"/>
<String CONTENT="19" HEIGHT="41" WIDTH="57" VPOS="1789" HPOS="470"/>
<String STYLE="superscript" CONTENT="cm" HEIGHT="21" WIDTH="44" VPOS="1791" HPOS="528"/>
<String CONTENT="." HEIGHT="9" WIDTH="10" VPOS="1821" HPOS="576"/>
</TextLine>
<TextLine HEIGHT="52" WIDTH="1991" VPOS="1858" HPOS="184">
<String CONTENT="&#169;" HEIGHT="51" WIDTH="51" VPOS="1859" HPOS="184"/>
<SP HEIGHT="51" WIDTH="29" VPOS="1859" HPOS="236"/>
<String CONTENT="Feb." HEIGHT="40" WIDTH="109" VPOS="1862" HPOS="266"/>
<SP HEIGHT="38" WIDTH="29" VPOS="1862" HPOS="376"/>
<String CONTENT="1," HEIGHT="47" WIDTH="40" VPOS="1862" HPOS="406"/>
<SP HEIGHT="47" WIDTH="28" VPOS="1862" HPOS="447"/>
<String CONTENT="1935;" HEIGHT="47" WIDTH="140" VPOS="1860" HPOS="476"/>
<SP HEIGHT="46" WIDTH="30" VPOS="1861" HPOS="617"/>
<String CONTENT="2c." HEIGHT="39" WIDTH="65" VPOS="1861" HPOS="648"/>
<SP HEIGHT="38" WIDTH="30" VPOS="1860" HPOS="714"/>
<String CONTENT="Feb." HEIGHT="39" WIDTH="110" VPOS="1860" HPOS="745"/>
<SP HEIGHT="40" WIDTH="31" VPOS="1859" HPOS="856"/>
<String CONTENT="9;" HEIGHT="47" WIDTH="51" VPOS="1859" HPOS="888"/>
<SP HEIGHT="36" WIDTH="34" VPOS="1870" HPOS="940"/>
<String CONTENT="aff." HEIGHT="41" WIDTH="81" VPOS="1859" HPOS="975"/>
<SP HEIGHT="39" WIDTH="32" VPOS="1859" HPOS="1057"/>
<String CONTENT="Feb." HEIGHT="39" WIDTH="107" VPOS="1859" HPOS="1090"/>
<SP HEIGHT="39" WIDTH="32" VPOS="1860" HPOS="1198"/>
<String CONTENT="7;" HEIGHT="43" WIDTH="51" VPOS="1860" HPOS="1231"/>
<SP HEIGHT="43" WIDTH="32" VPOS="1860" HPOS="1283"/>
<!-- cceid 8417BB2A-6D82-1014-B070-FDFD250A9EDA --><String CONTENT="A" HEIGHT="38" WIDTH="40" VPOS="1860" HPOS="1316"/>
<SP HEIGHT="40" WIDTH="30" VPOS="1859" HPOS="1357"/>
<String CONTENT="80373;" HEIGHT="46" WIDTH="169" VPOS="1859" HPOS="1388"/>
<SP HEIGHT="46" WIDTH="32" VPOS="1859" HPOS="1558"/>
<String CONTENT="William" HEIGHT="41" WIDTH="215" VPOS="1858" HPOS="1591"/>
<SP HEIGHT="38" WIDTH="29" VPOS="1860" HPOS="1807"/>
<String CONTENT="Godwin," HEIGHT="47" WIDTH="216" VPOS="1858" HPOS="1837"/>
<SP HEIGHT="46" WIDTH="32" VPOS="1859" HPOS="2054"/>
<String CONTENT="inc." HEIGHT="41" WIDTH="88" VPOS="1859" HPOS="2087"/>
</TextLine>
<TextLine HEIGHT="49" WIDTH="249" VPOS="1918" HPOS="259">
<String CONTENT="(35-2183)" HEIGHT="49" WIDTH="249" VPOS="1918" HPOS="259"/>
</TextLine>
<TextLine HEIGHT="67" WIDTH="918" VPOS="2019" HPOS="181" STYLEREFS="StyleId-77B412CA-D52A-4932-92F0-49B3B8389E29-">
<String CONTENT="Strakosch," HEIGHT="67" WIDTH="341" VPOS="2019" HPOS="181"/>
<SP HEIGHT="63" WIDTH="25" VPOS="2023" HPOS="523"/>
<String CONTENT="Sir" HEIGHT="53" WIDTH="101" VPOS="2021" HPOS="549"/>
<SP HEIGHT="52" WIDTH="22" VPOS="2021" HPOS="651"/>
<String CONTENT="Henry," HEIGHT="63" WIDTH="223" VPOS="2021" HPOS="674"/>
<SP HEIGHT="58" WIDTH="28" VPOS="2026" HPOS="898"/>
<String CONTENT="1871-" HEIGHT="54" WIDTH="172" VPOS="2019" HPOS="927"/>
</TextLine>
<TextLine HEIGHT="71" WIDTH="1926" VPOS="2109" HPOS="251" STYLEREFS="StyleId-66D55651-4D4C-4AFC-89B1-79D9B5494CD2-">
<String CONTENT="The" HEIGHT="53" WIDTH="122" VPOS="2113" HPOS="251"/>
<SP HEIGHT="35" WIDTH="28" VPOS="2131" HPOS="374"/>
<String CONTENT="road" HEIGHT="52" WIDTH="139" VPOS="2113" HPOS="403"/>
<SP HEIGHT="52" WIDTH="29" VPOS="2113" HPOS="543"/>
<String CONTENT="to" HEIGHT="47" WIDTH="58" VPOS="2117" HPOS="573"/>
<SP HEIGHT="33" WIDTH="29" VPOS="2131" HPOS="632"/>
<String CONTENT="recovery," HEIGHT="50" WIDTH="284" VPOS="2130" HPOS="662"/>
<SP HEIGHT="49" WIDTH="29" VPOS="2130" HPOS="947"/>
<String CONTENT="with" HEIGHT="54" WIDTH="140" VPOS="2110" HPOS="977"/>
<SP HEIGHT="52" WIDTH="28" VPOS="2112" HPOS="1118"/>
<String CONTENT="special" HEIGHT="69" WIDTH="210" VPOS="2109" HPOS="1147"/>
<SP HEIGHT="50" WIDTH="31" VPOS="2114" HPOS="1358"/>
<String CONTENT="reference" HEIGHT="53" WIDTH="286" VPOS="2110" HPOS="1390"/>
<SP HEIGHT="48" WIDTH="29" VPOS="2115" HPOS="1677"/>
<String CONTENT="to" HEIGHT="48" WIDTH="59" VPOS="2115" HPOS="1707"/>
<SP HEIGHT="49" WIDTH="28" VPOS="2114" HPOS="1767"/>
<String CONTENT="the" HEIGHT="53" WIDTH="94" VPOS="2111" HPOS="1796"/>
<SP HEIGHT="49" WIDTH="31" VPOS="2130" HPOS="1891"/>
<String CONTENT="problem" HEIGHT="68" WIDTH="254" VPOS="2111" HPOS="1923"/>
</TextLine>
<TextLine HEIGHT="70" WIDTH="1996" VPOS="2188" HPOS="182" STYLEREFS="StyleId-66D55651-4D4C-4AFC-89B1-79D9B5494CD2-">
<String CONTENT="of" HEIGHT="51" WIDTH="64" VPOS="2192" HPOS="182"/>
<SP HEIGHT="51" WIDTH="31" VPOS="2192" HPOS="247"/>
<String CONTENT="exchange" HEIGHT="67" WIDTH="285" VPOS="2191" HPOS="279"/>
<SP HEIGHT="34" WIDTH="32" VPOS="2209" HPOS="565"/>
<String CONTENT="stability" HEIGHT="68" WIDTH="260" VPOS="2189" HPOS="598"/>
<SP HEIGHT="49" WIDTH="33" VPOS="2208" HPOS="859"/>
<String CONTENT="and" HEIGHT="52" WIDTH="113" VPOS="2190" HPOS="893"/>
<SP HEIGHT="52" WIDTH="31" VPOS="2190" HPOS="1007"/>
<String CONTENT="the" HEIGHT="53" WIDTH="94" VPOS="2189" HPOS="1039"/>
<SP HEIGHT="32" WIDTH="32" VPOS="2209" HPOS="1134"/>
<String CONTENT="restoration" HEIGHT="52" WIDTH="342" VPOS="2189" HPOS="1167"/>
<SP HEIGHT="34" WIDTH="31" VPOS="2207" HPOS="1510"/>
<String CONTENT="of" HEIGHT="52" WIDTH="64" VPOS="2189" HPOS="1542"/>
<SP HEIGHT="52" WIDTH="32" VPOS="2189" HPOS="1607"/>
<String CONTENT="the" HEIGHT="54" WIDTH="94" VPOS="2188" HPOS="1640"/>
<SP HEIGHT="51" WIDTH="32" VPOS="2191" HPOS="1735"/>
<String CONTENT="international" HEIGHT="53" WIDTH="410" VPOS="2189" HPOS="1768"/>
</TextLine>
<TextLine HEIGHT="73" WIDTH="1997" VPOS="2265" HPOS="182" STYLEREFS="StyleId-66D55651-4D4C-4AFC-89B1-79D9B5494CD2-" CS="1">
<String CONTENT="gold" HEIGHT="69" WIDTH="135" VPOS="2269" HPOS="182"/>
<SP HEIGHT="54" WIDTH="52" VPOS="2269" HPOS="318"/>
<String CONTENT="standard." HEIGHT="54" WIDTH="293" VPOS="2269" HPOS="371"/>
<SP HEIGHT="51" WIDTH="75" VPOS="2269" HPOS="665"/>
<String CONTENT="By" HEIGHT="67" WIDTH="91" VPOS="2269" HPOS="741"/>
<SP HEIGHT="70" WIDTH="56" VPOS="2266" HPOS="833"/>
<String CONTENT="Sir" HEIGHT="56" WIDTH="95" VPOS="2266" HPOS="890"/>
<SP HEIGHT="53" WIDTH="51" VPOS="2267" HPOS="986"/>
<String CONTENT="Henry" HEIGHT="69" WIDTH="203" VPOS="2267" HPOS="1038"/>
<SP HEIGHT="71" WIDTH="53" VPOS="2265" HPOS="1242"/>
<String CONTENT="Strakosch" HEIGHT="57" WIDTH="309" VPOS="2265" HPOS="1296"/>
<SP HEIGHT="54" WIDTH="60" VPOS="2266" HPOS="1606"/>
<String CS="1" CONTENT="&#8230;"/>
<SP HEIGHT="53" WIDTH="77" VPOS="2267" HPOS="1724"/>
<String CONTENT="New" HEIGHT="53" WIDTH="139" VPOS="2267" HPOS="1802"/>
<SP HEIGHT="53" WIDTH="56" VPOS="2268" HPOS="1942"/>
<String CONTENT="York," HEIGHT="68" WIDTH="180" VPOS="2267" HPOS="1999"/>
</TextLine>
<TextLine HEIGHT="67" WIDTH="885" VPOS="2347" HPOS="184" STYLEREFS="StyleId-66D55651-4D4C-4AFC-89B1-79D9B5494CD2-">
<String CONTENT="Economic" HEIGHT="53" WIDTH="305" VPOS="2348" HPOS="184"/>
<SP HEIGHT="53" WIDTH="28" VPOS="2347" HPOS="490"/>
<String CONTENT="forum," HEIGHT="67" WIDTH="210" VPOS="2347" HPOS="519"/>
<SP HEIGHT="67" WIDTH="30" VPOS="2347" HPOS="730"/>
<String CONTENT="inc.," HEIGHT="67" WIDTH="125" VPOS="2347" HPOS="761"/>
<SP HEIGHT="63" WIDTH="32" VPOS="2351" HPOS="887"/>
<String CONTENT="1935." HEIGHT="51" WIDTH="149" VPOS="2348" HPOS="920"/>
</TextLine>
<TextLine HEIGHT="51" WIDTH="837" VPOS="2433" HPOS="254" CS="1">
<String CONTENT="3" HEIGHT="40" WIDTH="27" VPOS="2435" HPOS="254"/>
<SP/>
<String CS="1" CONTENT="p."/>
<SP/>
<String CS="1" CONTENT="l.," HEIGHT="17" WIDTH="9" VPOS="2466" HPOS="416"/>
<SP HEIGHT="30" WIDTH="31" VPOS="2454" HPOS="426"/>
<String CONTENT="[9]-70" HEIGHT="51" WIDTH="148" VPOS="2433" HPOS="458"/>
<SP HEIGHT="48" WIDTH="24" VPOS="2434" HPOS="607"/>
<String CONTENT="p." HEIGHT="36" WIDTH="42" VPOS="2446" HPOS="632"/>
<SP HEIGHT="39" WIDTH="59" VPOS="2434" HPOS="675"/>
<String CONTENT="diagrs." HEIGHT="47" WIDTH="178" VPOS="2434" HPOS="735"/>
<SP HEIGHT="39" WIDTH="60" VPOS="2434" HPOS="914"/>
<String CONTENT="23" HEIGHT="39" WIDTH="55" VPOS="2434" HPOS="975"/>
<String STYLE="superscript" CONTENT="cm" HEIGHT="20" WIDTH="43" VPOS="2436" HPOS="1033"/>
<String CONTENT="." HEIGHT="7" WIDTH="8" VPOS="2466" HPOS="1083"/>
</TextLine>
<TextLine HEIGHT="51" WIDTH="1992" VPOS="2503" HPOS="188" CS="1">
<String CONTENT="&#169;" HEIGHT="51" WIDTH="51" VPOS="2503" HPOS="188"/>
<SP HEIGHT="51" WIDTH="29" VPOS="2503" HPOS="240"/>
<String CONTENT="Jan." HEIGHT="39" WIDTH="108" VPOS="2507" HPOS="270"/>
<SP HEIGHT="36" WIDTH="31" VPOS="2508" HPOS="379"/>
<String CONTENT="12," HEIGHT="43" WIDTH="69" VPOS="2505" HPOS="411"/>
<SP HEIGHT="41" WIDTH="32" VPOS="2507" HPOS="481"/>
<String CS="1" CONTENT="1935;" HEIGHT="41" WIDTH="117" VPOS="2504" HPOS="514"/>
<SP HEIGHT="42" WIDTH="34" VPOS="2504" HPOS="655"/>
<String CONTENT="2c." HEIGHT="40" WIDTH="64" VPOS="2504" HPOS="690"/>
<SP HEIGHT="39" WIDTH="35" VPOS="2506" HPOS="755"/>
<String CONTENT="Jan." HEIGHT="39" WIDTH="109" VPOS="2506" HPOS="791"/>
<SP HEIGHT="39" WIDTH="33" VPOS="2506" HPOS="901"/>
<String CS="1" CONTENT="31;" HEIGHT="39" WIDTH="55" VPOS="2506" HPOS="935"/>
<SP HEIGHT="31" WIDTH="36" VPOS="2515" HPOS="1018"/>
<String CONTENT="aff." HEIGHT="40" WIDTH="79" VPOS="2504" HPOS="1055"/>
<SP HEIGHT="39" WIDTH="35" VPOS="2505" HPOS="1135"/>
<String CONTENT="Jan." HEIGHT="39" WIDTH="108" VPOS="2505" HPOS="1171"/>
<SP HEIGHT="39" WIDTH="33" VPOS="2504" HPOS="1280"/>
<String CONTENT="29;" HEIGHT="47" WIDTH="82" VPOS="2504" HPOS="1314"/>
<SP HEIGHT="45" WIDTH="34" VPOS="2506" HPOS="1397"/>
<!-- cceid 841887E3-6D82-1014-B070-FDFD250A9EDA --><String CONTENT="A" HEIGHT="37" WIDTH="40" VPOS="2506" HPOS="1432"/>
<SP HEIGHT="39" WIDTH="32" VPOS="2506" HPOS="1473"/>
<String CONTENT="79430;" HEIGHT="48" WIDTH="170" VPOS="2504" HPOS="1506"/>
<SP HEIGHT="45" WIDTH="36" VPOS="2507" HPOS="1677"/>
<String CONTENT="Economic" HEIGHT="40" WIDTH="256" VPOS="2505" HPOS="1714"/>
<SP HEIGHT="39" WIDTH="33" VPOS="2506" HPOS="1971"/>
<String CONTENT="forum," HEIGHT="41" WIDTH="175" VPOS="2506" HPOS="2005"/>
</TextLine>
<TextLine HEIGHT="49" WIDTH="410" VPOS="2562" HPOS="253">
<String CONTENT="inc." HEIGHT="40" WIDTH="89" VPOS="2563" HPOS="253"/>
<SP HEIGHT="48" WIDTH="70" VPOS="2563" HPOS="343"/>
<String CONTENT="(35-2193)" HEIGHT="49" WIDTH="249" VPOS="2562" HPOS="414"/>
</TextLine>
<TextLine HEIGHT="66" WIDTH="905" VPOS="2666" HPOS="181" STYLEREFS="StyleId-1B843EA6-15E5-4F24-8708-28AF64040A59-">
<String CONTENT="Tennessee." HEIGHT="53" WIDTH="347" VPOS="2666" HPOS="181"/>
<SP HEIGHT="52" WIDTH="73" VPOS="2667" HPOS="529"/>
<String CONTENT="Supreme" HEIGHT="65" WIDTH="277" VPOS="2667" HPOS="603"/>
<SP HEIGHT="35" WIDTH="29" VPOS="2684" HPOS="881"/>
<String CONTENT="court." HEIGHT="48" WIDTH="175" VPOS="2671" HPOS="911"/>
</TextLine>
<TextLine HEIGHT="146" WIDTH="2002" VPOS="2757" HPOS="178" STYLEREFS="StyleId-66D55651-4D4C-4AFC-89B1-79D9B5494CD2-" CS="1">
<String CONTENT="Reports" HEIGHT="68" WIDTH="245" VPOS="2757" HPOS="255"/>
<SP HEIGHT="35" WIDTH="33" VPOS="2776" HPOS="501"/>
<String CONTENT="of" HEIGHT="52" WIDTH="63" VPOS="2757" HPOS="535"/>
<SP HEIGHT="53" WIDTH="33" VPOS="2757" HPOS="599"/>
<String CONTENT="cases" HEIGHT="34" WIDTH="149" VPOS="2776" HPOS="633"/>
<SP HEIGHT="35" WIDTH="35" VPOS="2775" HPOS="783"/>
<String CONTENT="argued" HEIGHT="67" WIDTH="215" VPOS="2757" HPOS="819"/>
<SP HEIGHT="52" WIDTH="33" VPOS="2757" HPOS="1035"/>
<String CONTENT="and" HEIGHT="52" WIDTH="111" VPOS="2757" HPOS="1069"/>
<SP HEIGHT="52" WIDTH="35" VPOS="2757" HPOS="1181"/>
<String CONTENT="determined" HEIGHT="52" WIDTH="349" VPOS="2757" HPOS="1217"/>
<SP HEIGHT="51" WIDTH="40" VPOS="2757" HPOS="1567"/>
<String CS="1" CONTENT="&#8230;"/>
<SP HEIGHT="53" WIDTH="72" VPOS="2758" HPOS="1665"/>
<String CONTENT="Western" HEIGHT="53" WIDTH="262" VPOS="2758" HPOS="1738"/>
<SP HEIGHT="51" WIDTH="33" VPOS="2758" HPOS="2001"/>
<String CONTENT="division," HEIGHT="145" WIDTH="1977" VPOS="2757" HPOS="178"/>
<SP HEIGHT="66" WIDTH="20" VPOS="2836" HPOS="319"/>
<String CONTENT="April" HEIGHT="68" WIDTH="175" VPOS="2835" HPOS="340"/>
<SP HEIGHT="50" WIDTH="19" VPOS="2837" HPOS="516"/>
<String CONTENT="term," HEIGHT="60" WIDTH="162" VPOS="2841" HPOS="536"/>
<SP HEIGHT="59" WIDTH="23" VPOS="2842" HPOS="699"/>
<String CONTENT="1934." HEIGHT="50" WIDTH="147" VPOS="2838" HPOS="723"/>
<SP HEIGHT="50" WIDTH="60" VPOS="2837" HPOS="871"/>
<String CONTENT="Eastern" HEIGHT="50" WIDTH="243" VPOS="2837" HPOS="932"/>
<SP HEIGHT="51" WIDTH="21" VPOS="2835" HPOS="1176"/>
<String CONTENT="division," HEIGHT="68" WIDTH="265" VPOS="2834" HPOS="1198"/>
<SP HEIGHT="68" WIDTH="24" VPOS="2834" HPOS="1464"/>
<String CONTENT="September" HEIGHT="68" WIDTH="331" VPOS="2834" HPOS="1489"/>
<SP HEIGHT="45" WIDTH="20" VPOS="2842" HPOS="1821"/>
<String CONTENT="term," HEIGHT="60" WIDTH="162" VPOS="2842" HPOS="1842"/>
<SP HEIGHT="59" WIDTH="24" VPOS="2843" HPOS="2005"/>
<String CONTENT="1933." HEIGHT="51" WIDTH="150" VPOS="2839" HPOS="2030"/>
</TextLine>
<TextLine HEIGHT="67" WIDTH="1786" VPOS="2912" HPOS="186" STYLEREFS="StyleId-66D55651-4D4C-4AFC-89B1-79D9B5494CD2-" CS="1">
<String CONTENT="Middle" HEIGHT="53" WIDTH="222" VPOS="2912" HPOS="186"/>
<SP HEIGHT="51" WIDTH="27" VPOS="2914" HPOS="409"/>
<String CONTENT="division," HEIGHT="65" WIDTH="266" VPOS="2913" HPOS="437"/>
<SP HEIGHT="62" WIDTH="30" VPOS="2916" HPOS="704"/>
<String CONTENT="December" HEIGHT="54" WIDTH="309" VPOS="2912" HPOS="735"/>
<SP HEIGHT="45" WIDTH="25" VPOS="2920" HPOS="1045"/>
<String CONTENT="term," HEIGHT="47" WIDTH="161" VPOS="2920" HPOS="1071"/>
<SP HEIGHT="50" WIDTH="33" VPOS="2917" HPOS="1233"/>
<String CONTENT="1933." HEIGHT="51" WIDTH="150" VPOS="2916" HPOS="1267"/>
<SP HEIGHT="53" WIDTH="67" VPOS="2914" HPOS="1418"/>
<String CONTENT="Roy" HEIGHT="65" WIDTH="126" VPOS="2914" HPOS="1486"/>
<SP HEIGHT="63" WIDTH="30" VPOS="2916" HPOS="1613"/>
<String CONTENT="H." HEIGHT="51" WIDTH="76" VPOS="2916" HPOS="1644"/>
<SP HEIGHT="51" WIDTH="34" VPOS="2916" HPOS="1721"/>
<String CONTENT="Beeler," HEIGHT="65" WIDTH="216" VPOS="2914" HPOS="1756"/>
</TextLine>
<TextLine HEIGHT="217" WIDTH="1972" VPOS="2919" HPOS="184" STYLEREFS="StyleId-66D55651-4D4C-4AFC-89B1-79D9B5494CD2-" CS="1">
<String CONTENT="attorney-general" HEIGHT="138" WIDTH="1969" VPOS="2919" HPOS="187"/>
<SP HEIGHT="50" WIDTH="30" VPOS="2993" HPOS="552"/>
<String CONTENT="and" HEIGHT="51" WIDTH="112" VPOS="2992" HPOS="583"/>
<SP HEIGHT="51" WIDTH="31" VPOS="2992" HPOS="696"/>
<String CS="1" CONTENT="reporter." HEIGHT="62" WIDTH="259" VPOS="2996" HPOS="728"/>
<SP HEIGHT="36" WIDTH="67" VPOS="3010" HPOS="1001"/>
<String CONTENT="v." HEIGHT="33" WIDTH="51" VPOS="3010" HPOS="1069"/>
<SP HEIGHT="48" WIDTH="35" VPOS="2995" HPOS="1121"/>
<String CONTENT="167." HEIGHT="52" WIDTH="114" VPOS="2992" HPOS="1157"/>
<SP HEIGHT="53" WIDTH="69" VPOS="2992" HPOS="1272"/>
<String CONTENT="Columbia," HEIGHT="65" WIDTH="317" VPOS="2992" HPOS="1342"/>
<SP HEIGHT="64" WIDTH="28" VPOS="2993" HPOS="1660"/>
<String CONTENT="Mo.," HEIGHT="63" WIDTH="135" VPOS="2993" HPOS="1689"/>
<SP HEIGHT="62" WIDTH="32" VPOS="2994" HPOS="1825"/>
<String CONTENT="E." HEIGHT="50" WIDTH="66" VPOS="2994" HPOS="1858"/>
<SP HEIGHT="49" WIDTH="32" VPOS="2994" HPOS="1925"/>
<String CONTENT="F." HEIGHT="50" WIDTH="65" VPOS="2994" HPOS="1958"/>
<SP HEIGHT="54" WIDTH="35" VPOS="2992" HPOS="2024"/>
<String CONTENT="Stephens" HEIGHT="142" WIDTH="1971" VPOS="2992" HPOS="184"/>
<SP HEIGHT="49" WIDTH="27" VPOS="3087" HPOS="361"/>
<String CONTENT="publishing" HEIGHT="66" WIDTH="334" VPOS="3070" HPOS="389"/>
<SP HEIGHT="48" WIDTH="27" VPOS="3088" HPOS="724"/>
<String CONTENT="co." HEIGHT="34" WIDTH="77" VPOS="3088" HPOS="752"/>
<SP HEIGHT="33" WIDTH="36" VPOS="3103" HPOS="830"/>
<String CONTENT="[" HEIGHT="33" WIDTH="12" VPOS="3103" HPOS="867"/>
<String STYLE="superscript" CONTENT="c" HEIGHT="20" WIDTH="17" VPOS="3076" HPOS="885"/>
<String CONTENT="1934]" HEIGHT="62" WIDTH="150" VPOS="3073" HPOS="908"/>
</TextLine>
<TextLine HEIGHT="48" WIDTH="537" VPOS="3157" HPOS="257" STYLEREFS="StyleId-66D55651-4D4C-4AFC-89B1-79D9B5494CD2-" CS="1">
<String CONTENT="xxxii," HEIGHT="46" WIDTH="151" VPOS="3157" HPOS="257"/>
<SP HEIGHT="46" WIDTH="28" VPOS="3157" HPOS="409"/>
<String CONTENT="814" HEIGHT="40" WIDTH="87" VPOS="3157" HPOS="438"/>
<SP HEIGHT="47" WIDTH="23" VPOS="3158" HPOS="526"/>
<String CONTENT="p." HEIGHT="37" WIDTH="41" VPOS="3168" HPOS="550"/>
<SP HEIGHT="39" WIDTH="56" VPOS="3157" HPOS="592"/>
<String CS="1" CONTENT="22&#189;" HEIGHT="38" WIDTH="56" VPOS="3157" HPOS="649"/>
<String STYLE="superscript" CONTENT="cm" HEIGHT="19" WIDTH="44" VPOS="3160" HPOS="737"/>
<String CONTENT="." HEIGHT="7" WIDTH="8" VPOS="3188" HPOS="786"/>
</TextLine>
<TextLine HEIGHT="52" WIDTH="1990" VPOS="3224" HPOS="193">
<String CONTENT="&#169;" HEIGHT="52" WIDTH="51" VPOS="3224" HPOS="193"/>
<SP HEIGHT="52" WIDTH="22" VPOS="3224" HPOS="245"/>
<String CONTENT="Nov." HEIGHT="40" WIDTH="117" VPOS="3228" HPOS="268"/>
<SP HEIGHT="39" WIDTH="25" VPOS="3229" HPOS="386"/>
<String CONTENT="15," HEIGHT="48" WIDTH="69" VPOS="3228" HPOS="412"/>
<SP HEIGHT="48" WIDTH="25" VPOS="3228" HPOS="482"/>
<String CONTENT="1934;" HEIGHT="48" WIDTH="140" VPOS="3227" HPOS="508"/>
<SP HEIGHT="47" WIDTH="27" VPOS="3228" HPOS="649"/>
<String CONTENT="2c." HEIGHT="40" WIDTH="65" VPOS="3228" HPOS="677"/>
<SP HEIGHT="37" WIDTH="27" VPOS="3229" HPOS="743"/>
<String CONTENT="Nov." HEIGHT="39" WIDTH="117" VPOS="3229" HPOS="771"/>
<SP HEIGHT="39" WIDTH="26" VPOS="3229" HPOS="889"/>
<String CONTENT="10;" HEIGHT="45" WIDTH="82" VPOS="3228" HPOS="916"/>
<SP HEIGHT="34" WIDTH="27" VPOS="3239" HPOS="999"/>
<String CONTENT="aff." HEIGHT="41" WIDTH="80" VPOS="3227" HPOS="1027"/>
<SP HEIGHT="40" WIDTH="27" VPOS="3228" HPOS="1108"/>
<String CONTENT="Jan." HEIGHT="40" WIDTH="108" VPOS="3228" HPOS="1136"/>
<SP HEIGHT="40" WIDTH="25" VPOS="3227" HPOS="1245"/>
<String CONTENT="25," HEIGHT="49" WIDTH="69" VPOS="3227" HPOS="1271"/>
<SP HEIGHT="48" WIDTH="24" VPOS="3228" HPOS="1341"/>
<String CONTENT="1935;" HEIGHT="47" WIDTH="140" VPOS="3227" HPOS="1366"/>
<SP HEIGHT="45" WIDTH="26" VPOS="3229" HPOS="1507"/>
<!-- cceid 84194860-6D82-1014-B070-FDFD250A9EDA --><String CONTENT="A" HEIGHT="39" WIDTH="42" VPOS="3229" HPOS="1534"/>
<SP HEIGHT="40" WIDTH="25" VPOS="3229" HPOS="1577"/>
<String CONTENT="86212;" HEIGHT="47" WIDTH="170" VPOS="3228" HPOS="1603"/>
<SP HEIGHT="47" WIDTH="28" VPOS="3228" HPOS="1774"/>
<String CONTENT="Central" HEIGHT="41" WIDTH="198" VPOS="3228" HPOS="1803"/>
<SP HEIGHT="38" WIDTH="27" VPOS="3231" HPOS="2002"/>
<String CONTENT="states" HEIGHT="39" WIDTH="153" VPOS="3232" HPOS="2030"/>
</TextLine>
<TextLine HEIGHT="39" WIDTH="213" VPOS="3286" HPOS="259">
<String CONTENT="book" HEIGHT="39" WIDTH="121" VPOS="3286" HPOS="259"/>
<SP HEIGHT="39" WIDTH="26" VPOS="3286" HPOS="381"/>
<String CONTENT="co." HEIGHT="30" WIDTH="64" VPOS="3295" HPOS="408"/>
</TextLine>
<TextLine HEIGHT="71" WIDTH="1993" VPOS="3385" HPOS="189" STYLEREFS="StyleId-66D55651-4D4C-4AFC-89B1-79D9B5494CD2-">
<String CONTENT="Virginia" HEIGHT="65" WIDTH="272" VPOS="3385" HPOS="189"/>
<SP HEIGHT="35" WIDTH="28" VPOS="3406" HPOS="462"/>
<String CONTENT="and" HEIGHT="51" WIDTH="110" VPOS="3389" HPOS="491"/>
<SP HEIGHT="54" WIDTH="34" VPOS="3389" HPOS="602"/>
<String CONTENT="South" HEIGHT="54" WIDTH="182" VPOS="3389" HPOS="637"/>
<SP HEIGHT="51" WIDTH="28" VPOS="3390" HPOS="820"/>
<String CONTENT="eastern" HEIGHT="47" WIDTH="221" VPOS="3395" HPOS="849"/>
<SP HEIGHT="52" WIDTH="29" VPOS="3390" HPOS="1071"/>
<String CONTENT="digest," HEIGHT="66" WIDTH="201" VPOS="3390" HPOS="1101"/>
<SP HEIGHT="38" WIDTH="29" VPOS="3405" HPOS="1303"/>
<String CONTENT="covering" HEIGHT="67" WIDTH="269" VPOS="3389" HPOS="1333"/>
<SP HEIGHT="48" WIDTH="28" VPOS="3408" HPOS="1603"/>
<String CONTENT="all" HEIGHT="51" WIDTH="77" VPOS="3390" HPOS="1632"/>
<SP HEIGHT="52" WIDTH="25" VPOS="3390" HPOS="1710"/>
<String CONTENT="cases" HEIGHT="35" WIDTH="150" VPOS="3409" HPOS="1736"/>
<SP HEIGHT="35" WIDTH="29" VPOS="3409" HPOS="1887"/>
<String CONTENT="reported" HEIGHT="65" WIDTH="265" VPOS="3391" HPOS="1917"/>
</TextLine>
<TextLine HEIGHT="225" WIDTH="1925" VPOS="3465" HPOS="258" STYLEREFS="StyleId-66D55651-4D4C-4AFC-89B1-79D9B5494CD2-" CS="1">
<String CONTENT="in" HEIGHT="52" WIDTH="62" VPOS="3465" HPOS="258"/>
<SP HEIGHT="52" WIDTH="28" VPOS="3467" HPOS="321"/>
<String CONTENT="Virginia" HEIGHT="68" WIDTH="269" VPOS="3465" HPOS="350"/>
<SP HEIGHT="33" WIDTH="33" VPOS="3485" HPOS="620"/>
<String CONTENT="reports," HEIGHT="61" WIDTH="238" VPOS="3472" HPOS="654"/>
<SP HEIGHT="64" WIDTH="35" VPOS="3469" HPOS="893"/>
<String CONTENT="South" HEIGHT="55" WIDTH="183" VPOS="3468" HPOS="929"/>
<SP HEIGHT="51" WIDTH="31" VPOS="3468" HPOS="1113"/>
<String CONTENT="eastern" HEIGHT="47" WIDTH="222" VPOS="3473" HPOS="1145"/>
<SP HEIGHT="32" WIDTH="31" VPOS="3486" HPOS="1368"/>
<String CONTENT="reporter" HEIGHT="60" WIDTH="257" VPOS="3473" HPOS="1400"/>
<SP HEIGHT="34" WIDTH="32" VPOS="3486" HPOS="1658"/>
<String CONTENT="and" HEIGHT="52" WIDTH="112" VPOS="3468" HPOS="1691"/>
<SP HEIGHT="51" WIDTH="32" VPOS="3468" HPOS="1804"/>
<String CONTENT="various" HEIGHT="53" WIDTH="227" VPOS="3467" HPOS="1837"/>
<SP HEIGHT="32" WIDTH="33" VPOS="3488" HPOS="2065"/>
<String CONTENT="reports" HEIGHT="121" WIDTH="1897" VPOS="3488" HPOS="260"/>
<SP HEIGHT="33" WIDTH="31" VPOS="3563" HPOS="419"/>
<String CONTENT="of" HEIGHT="51" WIDTH="63" VPOS="3545" HPOS="451"/>
<SP HEIGHT="55" WIDTH="35" VPOS="3543" HPOS="515"/>
<String CONTENT="South" HEIGHT="55" WIDTH="182" VPOS="3543" HPOS="551"/>
<SP HEIGHT="50" WIDTH="32" VPOS="3546" HPOS="734"/>
<String CONTENT="eastern" HEIGHT="48" WIDTH="221" VPOS="3549" HPOS="767"/>
<SP HEIGHT="33" WIDTH="29" VPOS="3564" HPOS="989"/>
<String CONTENT="states" HEIGHT="51" WIDTH="172" VPOS="3550" HPOS="1019"/>
<SP HEIGHT="56" WIDTH="33" VPOS="3545" HPOS="1192"/>
<String CONTENT="from" HEIGHT="51" WIDTH="152" VPOS="3545" HPOS="1226"/>
<SP HEIGHT="33" WIDTH="33" VPOS="3564" HPOS="1379"/>
<String CONTENT="earliest" HEIGHT="53" WIDTH="227" VPOS="3545" HPOS="1413"/>
<SP HEIGHT="48" WIDTH="30" VPOS="3550" HPOS="1641"/>
<String CONTENT="times," HEIGHT="65" WIDTH="182" VPOS="3546" HPOS="1672"/>
<SP HEIGHT="46" WIDTH="31" VPOS="3565" HPOS="1855"/>
<String CONTENT="with" HEIGHT="52" WIDTH="140" VPOS="3546" HPOS="1887"/>
<SP HEIGHT="52" WIDTH="31" VPOS="3547" HPOS="2028"/>
<String CONTENT="current" HEIGHT="109" WIDTH="1900" VPOS="3565" HPOS="259"/>
<SP HEIGHT="47" WIDTH="29" VPOS="3627" HPOS="384"/>
<String CONTENT="cumulative" HEIGHT="52" WIDTH="341" VPOS="3622" HPOS="414"/>
<SP HEIGHT="48" WIDTH="31" VPOS="3641" HPOS="756"/>
<String CONTENT="pocket" HEIGHT="66" WIDTH="201" VPOS="3623" HPOS="788"/>
<SP HEIGHT="46" WIDTH="30" VPOS="3629" HPOS="990"/>
<String CONTENT="service" HEIGHT="52" WIDTH="208" VPOS="3624" HPOS="1021"/>
<SP HEIGHT="52" WIDTH="30" VPOS="3624" HPOS="1230"/>
<String CONTENT="keeping" HEIGHT="67" WIDTH="247" VPOS="3623" HPOS="1261"/>
<SP HEIGHT="60" WIDTH="27" VPOS="3629" HPOS="1509"/>
<String CONTENT="the" HEIGHT="52" WIDTH="94" VPOS="3624" HPOS="1537"/>
<SP HEIGHT="51" WIDTH="31" VPOS="3624" HPOS="1632"/>
<String CONTENT="digest" HEIGHT="66" WIDTH="185" VPOS="3624" HPOS="1664"/>
<SP HEIGHT="46" WIDTH="32" VPOS="3629" HPOS="1850"/>
<String CONTENT="always" HEIGHT="67" WIDTH="211" VPOS="3623" HPOS="1883"/>
<SP HEIGHT="47" WIDTH="28" VPOS="3629" HPOS="2095"/>
<String CONTENT="to" HEIGHT="47" WIDTH="59" VPOS="3629" HPOS="2124"/>
</TextLine>
<TextLine HEIGHT="70" WIDTH="1918" VPOS="3697" HPOS="263" STYLEREFS="StyleId-66D55651-4D4C-4AFC-89B1-79D9B5494CD2-">
<String CONTENT="date," HEIGHT="67" WIDTH="145" VPOS="3697" HPOS="263"/>
<SP HEIGHT="65" WIDTH="36" VPOS="3699" HPOS="409"/>
<String CONTENT="by" HEIGHT="67" WIDTH="75" VPOS="3699" HPOS="446"/>
<SP HEIGHT="61" WIDTH="36" VPOS="3705" HPOS="522"/>
<String CONTENT="the" HEIGHT="52" WIDTH="97" VPOS="3699" HPOS="559"/>
<SP HEIGHT="50" WIDTH="34" VPOS="3717" HPOS="657"/>
<String CONTENT="publisher&#8217;s" HEIGHT="67" WIDTH="338" VPOS="3700" HPOS="692"/>
<SP HEIGHT="33" WIDTH="38" VPOS="3721" HPOS="1031"/>
<String CONTENT="editorial" HEIGHT="52" WIDTH="266" VPOS="3701" HPOS="1070"/>
<SP HEIGHT="51" WIDTH="35" VPOS="3703" HPOS="1337"/>
<String CONTENT="staff." HEIGHT="55" WIDTH="149" VPOS="3699" HPOS="1373"/>
<SP HEIGHT="52" WIDTH="73" VPOS="3703" HPOS="1523"/>
<String CONTENT="Volumes" HEIGHT="54" WIDTH="269" VPOS="3701" HPOS="1597"/>
<SP HEIGHT="47" WIDTH="37" VPOS="3707" HPOS="1867"/>
<String CONTENT="5-8." HEIGHT="49" WIDTH="116" VPOS="3705" HPOS="1905"/>
<SP HEIGHT="54" WIDTH="77" VPOS="3702" HPOS="2022"/>
<String CONTENT="St." HEIGHT="54" WIDTH="81" VPOS="3702" HPOS="2100"/>
</TextLine>
<TextLine HEIGHT="71" WIDTH="1037" VPOS="3774" HPOS="261" STYLEREFS="StyleId-66D55651-4D4C-4AFC-89B1-79D9B5494CD2-" CS="1">
<String CONTENT="Paul," HEIGHT="68" WIDTH="163" VPOS="3774" HPOS="261"/>
<SP HEIGHT="64" WIDTH="23" VPOS="3778" HPOS="425"/>
<String CONTENT="West" HEIGHT="53" WIDTH="158" VPOS="3778" HPOS="449"/>
<SP HEIGHT="59" WIDTH="24" VPOS="3785" HPOS="608"/>
<String CONTENT="publishing" HEIGHT="68" WIDTH="334" VPOS="3776" HPOS="633"/>
<SP HEIGHT="46" WIDTH="26" VPOS="3798" HPOS="968"/>
<String CONTENT="co." HEIGHT="34" WIDTH="77" VPOS="3798" HPOS="995"/>
<SP HEIGHT="33" WIDTH="33" VPOS="3812" HPOS="1073"/>
<String CS="1" CONTENT="["/>
<String STYLE="superscript" CONTENT="c" HEIGHT="21" WIDTH="17" VPOS="3785" HPOS="1124"/>
<String CONTENT="1935]" HEIGHT="62" WIDTH="150" VPOS="3783" HPOS="1148"/>
</TextLine>
<TextLine HEIGHT="41" WIDTH="264" VPOS="3861" HPOS="263" CS="1">
<String CONTENT="4" HEIGHT="38" WIDTH="27" VPOS="3861" HPOS="263"/>
<SP/>
<String CONTENT="v." HEIGHT="28" WIDTH="42" VPOS="3873" HPOS="317"/>
<SP HEIGHT="39" WIDTH="52" VPOS="3862" HPOS="360"/>
<String CONTENT="26" HEIGHT="40" WIDTH="54" VPOS="3862" HPOS="413"/>
<String STYLE="superscript" CONTENT="cm" HEIGHT="20" WIDTH="44" VPOS="3865" HPOS="471"/>
<String CONTENT="." HEIGHT="8" WIDTH="8" VPOS="3892" HPOS="519"/>
</TextLine>
<TextLine HEIGHT="43" WIDTH="634" VPOS="3931" HPOS="266">
<String CONTENT="On" HEIGHT="40" WIDTH="71" VPOS="3931" HPOS="266"/>
<SP HEIGHT="28" WIDTH="24" VPOS="3943" HPOS="338"/>
<String CONTENT="cover:" HEIGHT="30" WIDTH="165" VPOS="3942" HPOS="363"/>
<SP HEIGHT="37" WIDTH="28" VPOS="3935" HPOS="529"/>
<String CONTENT="1729" HEIGHT="40" WIDTH="112" VPOS="3933" HPOS="558"/>
<SP HEIGHT="41" WIDTH="28" VPOS="3933" HPOS="671"/>
<String CONTENT="to" HEIGHT="38" WIDTH="47" VPOS="3936" HPOS="700"/>
<SP HEIGHT="38" WIDTH="28" VPOS="3936" HPOS="748"/>
<String CONTENT="dace." HEIGHT="38" WIDTH="123" VPOS="3936" HPOS="777"/>
</TextLine>
<TextLine HEIGHT="52" WIDTH="613" VPOS="3988" HPOS="267">
<String CONTENT="&#8220;Key" HEIGHT="48" WIDTH="133" VPOS="3988" HPOS="267"/>
<SP HEIGHT="36" WIDTH="25" VPOS="4000" HPOS="401"/>
<String CONTENT="number" HEIGHT="38" WIDTH="201" VPOS="3991" HPOS="427"/>
<SP HEIGHT="28" WIDTH="27" VPOS="4002" HPOS="629"/>
<String CONTENT="system.&#8221;" HEIGHT="49" WIDTH="223" VPOS="3991" HPOS="657"/>
</TextLine>
</TextBlock>
</PrintSpace>
</Page>
</Layout>
</alto>