2424 4375
0 0 0 0 1560
271 436 289 66 Winther,
588 439 185 53 Oscar
801 439 253 55 Osburn.

339 513 122 54 The
493 519 156 63 story
683 514 65 53 of
780 514 116 56 San
929 517 152 66 Jose,
1117 516 326 67 1777-1869,
1478 515 371 57 California’s
1881 518 126 53 first
2039 519 221 66 pueblo,

268 587 1969 149 by Oscar Osburn Winther … San Francisco, California historical society, 1935.
342 739 1923 52 2 p. l. , ii p., 1 l., 54 p., 1 l. col. front., 1 illus., pl. 27 cm . (Histories of
271 797 136 49 early
442 796 272 43 California
749 800 170 39 towns,
980 809 75 31 no.
1089 798 52 48 2)

343 852 271 43 California
641 852 254 43 historical
922 855 196 47 society.
1177 854 189 49 Special
1391 854 299 50 publication
1715 867 74 30 no.
1817 857 48 39 13

342 908 1918 51 “150 copies … have been reprinted from numbers 1 and 2. volume 14
270 966 53 40 of
347 966 84 41 the
454 967 252 48 quarterly
732 967 53 41 of
810 968 83 40 the
918 968 270 41 California
1219 968 251 41 historical
1500 970 195 47 society.
1725 970 186 45 August
1939 970 155 39 1935.’’

270 1020 53 53 ©
355 1025 118 48 Aug.
509 1026 70 46 17,
612 1025 114 40 1935;
787 1024 67 41 2c.
889 1027 95 39 and
1018 1026 83 40 aff.
1138 1026 128 48 Sept.
1301 1026 81 48 28;
1421 1027 39 38 A
1495 1025 170 48 86498;
1703 1027 272 41 California
2012 1026 252 41 historical

336 1092 93 30 soc.
500 1081 258 49 (35-22998
767 1082 14 47 )

269 1155 363 67 Woodward,
660 1159 138 52 Mrs.
829 1156 184 54 Helen
1045 1158 255 66 (Rosen)
1340 1162 170 51 1882-

333 1233 1929 70 Three flights up, by Helen Woodward … New York, Dodd,
263 1311 171 54 Mead
463 1314 46 50 &
533 1330 298 50 company,
863 1315 150 51 1935.

337 1396 29 29 v
393 1396 57 38 p.,
478 1386 25 39 1
564 1416 9 18 l.,
597 1385 88 41 260
710 1396 43 38 p.
813 1385 28 40 21
871 1387 44 22 cm
920 1418 9 9 .

336 1440 75 40 An
438 1446 207 39 account
671 1442 52 40 of
751 1442 84 40 the
861 1441 219 41 author’s
1108 1441 272 41 childhood.

268 1493 53 53 ©
359 1498 100 41 Oct.
497 1498 70 48 23,
606 1498 141 47 1935;
787 1498 67 41 2c.
892 1499 98 39 and
1026 1498 82 40 aff.
1148 1498 102 41 Oct.
1288 1498 82 47 26;
1412 1499 40 38 A
1491 1498 171 47 88025;
1701 1499 60 40 H.
1801 1498 304 47 Woodward,
2145 1500 116 40 New

333 1555 144 40 York.
549 1555 258 48 (35-22630
815 1556 14 47 )

266 1627 239 66 Woody,
538 1629 263 65 Clifford,
833 1632 171 50 1884-

335 1701 1923 71 Child-life arithmetics … by Clifford Woody … Frederick S.
264 1783 1995 68 Breed … [and] James R. Overman … Grades 3-6. Chicago,
263 1861 1219 68 Dallas [etc.] Lyons & Carnahan [ c 1935]
331 1935 29 38 4
386 1946 42 28 v.
485 1937 86 38 col.
599 1935 143 47 illus.,
772 1937 85 38 col.
885 1937 171 46 plates,
1085 1934 179 48 diagrs.
1321 1933 55 41 19½
1409 1937 44 21 cm
1458 1967 8 7 .

333 1988 186 41 Grades
557 1987 99 50 5-6,
695 1989 61 47 by
794 1988 262 42 Frederick
1097 1988 45 42 S.
1182 1989 171 49 Breed,
1395 1988 203 43 Clifford
1638 1989 182 47 Woody
1861 1989 95 40 and
1996 1989 166 40 James
2201 1990 54 39 R.

261 2043 247 42 Overman

263 2106 148 47 grade
445 2106 100 45 3-4,
581 2101 53 53 ©
667 2105 121 48 Aug.
825 2106 39 47 1,
900 2103 141 48 1935;
1077 2105 148 47 grade
1262 2104 99 48 5-6,
1398 2099 53 54 ©
1490 2104 127 48 Sept.
1654 2104 52 46 6;
1745 2104 68 40 2c.
1847 2104 120 40 each
2007 2103 127 48 Sept.
2172 2103 81 46 28;

333 2163 108 39 affs.
470 2162 127 48 Sept.
623 2161 83 47 27;
735 2162 42 39 A
801 2161 347 47 87289-87292;
1178 2162 160 47 Lyons
1365 2161 38 40 &
1428 2161 276 41 Carnahan.

343 2218 280 48 (35-22622)

262 2291 256 66 Wright,
545 2293 205 53 James
774 2293 234 64 Claude,
1039 2295 171 51 1903-

333 2367 186 53 Home
565 2386 158 34 room
770 2386 299 51 programs
1115 2366 94 54 for
1253 2366 195 69 junior
1494 2367 141 68 high
1681 2366 234 70 schools,
1961 2365 76 70 by
2082 2365 58 55 J.
2190 2363 63 56 C.

259 2443 1993 71 Wright … and Donna S. Wright … 1st ed. Keokuk, Ia., The
262 2520 1422 72 Extra-curricular publishing company [ c 1935]
332 2593 998 51 2 p. l. , viii, 213 p. incl. forms. 21½cm.
335 2651 441 49 “Planographed.”

333 2707 225 41 Includes
588 2708 390 47 bibliographies.

260 2761 53 53 ©
350 2766 126 48 Sept.
512 2767 68 47 14,
613 2765 140 47 1935;
790 2765 67 41 2c.
893 2766 101 40 Oct.
1028 2766 82 45 14;
1147 2765 82 40 aff.
1266 2765 100 41 Oct.
1403 2764 80 47 12;
1522 2765 40 39 A
1596 2765 170 47 86757;
1805 2764 448 41 Extra-curricular

327 2824 108 46 pub.
465 2833 66 30 co.
603 2821 278 49 (35-23298)

259 2895 309 66 Zoethout,
600 2896 255 55 William
883 2898 270 64 Douwes,
1185 2898 171 53 1871-

327 2971 1921 70 Physiological optics, by W. D. Zoethout … 2d ed., with
255 3049 1988 69 208 illustrations. Chicago, The Professional press, inc. [ c 1935]
326 3121 84 41 391
437 3133 43 37 p.
541 3122 141 47 illus.,
712 3122 176 47 diagrs.
949 3123 55 40 23½
1038 3125 43 22 cm
1086 3154 8 8 .

327 3177 224 42 Includes
582 3178 391 48 bibliographies.

330 3234 176 47 “Many
530 3235 53 39 of
606 3236 82 39 the
713 3236 225 46 chapters
964 3236 123 41 have
1112 3235 118 40 been
1255 3234 174 40 almost
1453 3234 208 48 entirely
1688 3232 485 43 rewritten.”—Pref.
2200 3235 47 38 to

259 3288 59 41 2d
342 3292 72 39 ed.

258 3344 52 52 ©
337 3349 117 47 Aug.
483 3349 69 48 31,
582 3348 115 41 1935;
750 3348 68 41 2c.
848 3349 94 39 and
969 3347 82 41 aff.
1083 3349 127 47 Sept.
1239 3349 80 47 16;
1350 3349 42 38 A
1418 3348 169 47 87764;
1620 3349 331 40 Professional
1981 3359 149 38 press,
2156 3349 89 39 inc.

340 3404 280 50 (35-20242)

256 3478 277 64 Zwemer,
567 3480 235 53 Samuel
835 3478 285 64 Marinus,
1156 3480 169 53 1867-

327 3554 119 52 The
471 3553 188 69 origin
686 3554 63 55 of
773 3554 257 69 religion,
1054 3556 170 53 based
1248 3574 71 34 on
1344 3556 94 53 the
1464 3556 205 66 Smyth
1695 3556 236 52 lectures
1958 3555 283 54 delivered

257 3634 58 48 at
349 3631 298 55 Columbia
679 3632 339 68 theological
1052 3632 299 67 seminary,
1384 3634 267 65 Decatur,
1685 3632 264 67 Georgia,
1985 3636 150 63 1935,
2167 3632 74 66 by

260 3707 1979 68 Samuel M. Zwemer … Nashville, Tenn., Cokesbury press
279 3791 19 22 [c
302 3790 151 62 1935]

327 3855 87 41 256
441 3867 43 37 p.
544 3856 58 41 19½
631 3858 44 22 cm
680 3888 9 9 .

331 3911 281 42 “Classified
642 3913 147 40 select
816 3910 391 50 bibliography”:
1238 3922 43 38 p.
1314 3910 246 51 [239]-248.

257 3965 53 53 ©
341 3970 126 46 Sept.
493 3969 68 42 24,
592 3969 140 42 1935;
763 3970 66 39 2c.
860 3970 100 39 Oct.
990 3971 52 44 7;
1074 3968 81 41 aff.
1187 3968 106 46 Oct.,
1318 3968 81 47 10;
1432 3970 41 38 A
1501 3968 169 47 86705;
1702 3967 269 41 Whitmore
2001 3967 35 40 &
2070 3965 166 46 Smith,

323 4025 264 40 Nashville.
659 4025 277 47 (35-20701)
