2424 4375
1060 4009 100 53 759

178 482 1653 52 166 p. illus. 19 ½cm . ( Half-title : Volks- und heimatbücher)
108 553 50 53 ©
191 556 125 47 Sept.
346 556 39 44 7,
414 555 112 40 1931;
616 567 34 28 1c.
684 555 121 39 Mar.
836 554 68 47 30,
936 553 114 40 1934;
1108 554 40 39 A
1149 553 271 48 -Foreign
1450 553 144 40 24272;
1658 553 328 48 Quell-verlag
2016 553 82 39 der

179 611 380 50 Evangelischen
589 611 326 48 gesellschaft.
987 610 280 49 (34-16852)

103 714 270 63 Thomas,
401 714 254 61 Gabriel,
680 715 134 54 17th
839 720 138 47 cent.

175 792 94 52 An
297 790 293 55 historical
623 792 113 52 and
767 791 405 68 geographical
1204 796 237 48 account
1469 790 64 54 of
1563 792 95 51 the
1689 791 267 66 province
1989 791 111 52 and

108 873 235 62 country
375 868 63 54 of
471 869 384 64 Pensilvania,
887 871 61 51 in
981 869 282 53 America.
1333 869 121 53 The
1487 868 249 53 richness
1768 867 64 52 of
1865 868 96 54 the
1994 868 105 53 soil

168 944 1933 68 … The strange creatures … The natives … the first planters,
107 1022 93 54 the
236 1023 209 66 Dutch,
485 1023 242 66 Sweeds,
765 1024 112 52 and
916 1023 265 66 English,
1220 1023 140 53 with
1395 1024 97 52 the
1528 1023 239 52 number
1805 1022 64 53 of
1903 1023 75 52 its

106 1023 1967 143 inhabitants;
461 1119 57 34 as
555 1102 118 51 also
709 1120 30 33 a
775 1102 168 51 touch
977 1118 155 49 upon
1167 1100 222 66 George
1424 1100 222 53 Keith’s
1681 1119 122 33 new
1839 1100 261 66 religion,

110 1176 58 53 in
199 1178 86 52 his
317 1178 203 52 second
552 1177 215 66 change
799 1177 150 53 since
980 1177 69 54 he
1079 1177 111 54 left
1220 1177 95 53 the
1346 1177 276 62 Quakers.
1689 1177 165 54 With
1888 1196 29 33 a
1951 1196 149 48 map.

109 1254 1992 67 By Gabriel Thomas … Edited, with copious notes, &c . by
109 1331 68 53 A.
221 1332 236 53 Monroe
502 1331 259 67 Aurand,
806 1332 70 66 jr.
956 1332 258 64 London,
1258 1331 243 53 Printed
1545 1330 111 66 for,
1702 1331 112 53 and
1859 1332 125 53 sold
2026 1332 75 66 by

110 1408 68 53 A.
214 1408 284 65 Baldwin,
534 1412 163 63 1698;
737 1408 374 67 Harrisburg,
1148 1409 120 65 Pa.,
1302 1409 159 52 Priv.
1498 1408 195 65 print.,
1727 1408 96 53 the
1859 1408 240 53 Aurand

111 1504 168 48 press,
313 1489 151 50 1935.

174 1571 56 42 29
264 1583 44 38 p.
368 1573 127 40 illus.
526 1572 156 49 (map)
752 1572 115 40 23cm.

176 1640 270 49 Originally
479 1641 254 49 published
766 1642 154 40 under
953 1643 135 39 title:
1125 1642 73 39 An
1231 1641 255 40 historical
1522 1642 96 39 and
1651 1642 340 48 geographical

107 1653 1977 86 account
286 1698 50 41 of
372 1699 83 40 the
490 1698 227 49 province
753 1700 96 39 and
885 1701 204 45 country
1128 1698 49 42 of
1214 1698 312 41 Pensilvania;
1593 1699 95 39 and
1725 1699 51 39 of
1813 1699 288 41 West-New-

107 1755 167 49 Jersey
300 1756 51 39 in
380 1755 236 41 America.

175 1812 100 40 The
301 1816 204 37 account
535 1813 51 39 of
613 1811 461 49 West-New-Jersey
1103 1812 201 40 omitted
1333 1812 49 39 in
1411 1812 99 40 this
1540 1813 200 48 reprint.

111 1879 50 53 ©
191 1883 110 48 Apr.
333 1884 39 46 1,
401 1881 140 48 1935;
571 1883 66 39 2c.
669 1884 115 46 May
811 1883 81 46 17;
925 1882 81 40 aff.
1039 1883 116 46 May
1183 1881 82 46 13;
1297 1882 41 39 A
1369 1882 169 46 81878;
1570 1883 52 39 A.
1657 1885 198 38 Monroe
1886 1884 214 48 Aurand,

178 1940 75 47 jr.,
279 1939 316 49 Harrisburg,
622 1941 80 38 Pa.
768 1939 279 49 [Copyright
1073 1939 43 40 is
1142 1939 205 40 claimed
1378 1951 59 29 on
1465 1939 199 50 editing,
1692 1940 119 40 with
1839 1944 153 45 notes]

190 1998 248 48 (35-8173)

114 2098 269 64 Thomas,
411 2098 255 54 William
697 2099 255 63 Sturgis,
986 2101 122 53 1871

179 2175 1925 67 The Society of the Cincinnati, 1783-1935 … prepared under
114 2252 90 54 the
231 2253 275 54 direction
531 2254 63 53 of
620 2255 95 51 the
742 2253 286 65 Standing
1054 2253 318 53 committee
1397 2253 63 53 of
1484 2253 96 53 the
1605 2254 140 52 New
1771 2254 163 53 York
1959 2259 144 48 state

118 2330 1987 67 Society of the Cincinnati, by William S. Thomas … New
117 2407 173 66 York,
324 2408 258 64 London,
616 2408 69 54 G.
721 2409 66 51 P.
824 2407 294 53 Putnam’s
1152 2426 146 43 sons,
1334 2411 151 49 1935.

182 2479 1549 50 xi p., 2 l., 17-187 p. front. (port.) plates, facsims. 21½cm.
182 2549 130 41 Each
345 2551 130 47 plate
507 2548 340 49 accompanied
877 2550 60 46 by
970 2550 154 47 guard
1159 2550 134 39 sheet
1328 2549 118 39 with
1480 2550 292 48 descriptive
1804 2552 295 47 letterpress.

184 2605 140 42 “New
360 2607 225 40 Windsor
619 2606 196 41 edition.
878 2606 117 39 This
1030 2605 184 41 edition
1247 2615 101 30 was
1381 2606 194 48 printed
1611 2618 60 28 on
1706 2608 181 47 special
115 2609 1989 102 deckle-edged,

301 2664 100 39 laid
429 2674 148 37 paper
603 2664 95 38 and
726 2664 42 38 is
794 2661 185 41 limited
1009 2664 48 38 to
1086 2673 87 29 one
1200 2663 241 39 thousand
1471 2663 168 48 signed
1667 2665 171 47 copies,
1868 2666 50 40 of
1946 2666 155 40 which

116 2720 95 40 this
237 2721 42 39 is
307 2732 74 28 no.
412 2719 127 40 938.”

185 2775 211 41 “Partial
433 2773 361 50 bibliography”:
857 2786 41 36 p.
930 2773 215 40 184—187.

118 2844 50 52 ©
192 2849 112 47 May
330 2848 68 47 16,
427 2846 118 40 1935;
595 2846 68 39 2c.
689 2847 114 46 May
825 2845 82 46 31;
936 2843 82 41 aff.
1045 2845 114 47 May
1183 2843 82 48 20;
1296 2845 40 38 A
1362 2845 170 47 84023;
1561 2847 72 40 W.
1665 2846 44 41 S.
1737 2848 224 43 Thomas,
1990 2850 115 40 New

186 2905 141 40 York.
399 2903 248 48 (35-8178)

117 3007 348 64 Thompson,
497 3007 240 53 Walter.

189 3081 1854 73 The control of liquor in Sweden, by Walter Thompson …
122 3162 130 52 New
279 3162 177 53 York.
486 3160 299 57 Columbia
813 3160 315 66 university
1156 3178 173 48 press,
1358 3164 149 50 1935.

190 3231 1529 52 viii p., 3 l. , [3]-244 p., 1 l. illus. (maps) diagrs. 23½cm.
192 3303 438 49 “Bibliographical
658 3301 140 41 note”:
860 3313 41 36 p.
937 3300 246 49 [235]-237.

122 3370 1859 55 © May 27, 1935; 2c. and aff. June 1; A 83454; Columbia univ. press
198 3431 248 50 (35-8161)

125 3531 310 65 Thurston,
465 3533 218 51 Ernest
710 3531 261 62 Lawton,
1004 3533 168 51 1873-

189 3610 119 53 The
333 3609 165 53 black
524 3607 249 65 shadow,
798 3607 74 65 by
898 3607 210 51 Ernest
1133 3606 66 52 L.
1226 3607 308 53 Thurston.
1594 3610 140 53 New
1762 3611 178 67 York,

126 3614 1952 137 Chicago,
301 3687 70 51 A.
398 3686 66 52 L.
492 3687 149 50 Burt
669 3700 277 49 company
994 3686 176 60 [c1934]

190 3757 84 41 254
299 3769 43 37 p.
397 3757 149 40 front.
602 3756 144 40 20½cm.
813 3755 113 48 (His
956 3754 152 40 Black
1136 3754 199 41 shadow
1361 3756 173 49 series)

191 3828 285 40 Illustrated
509 3827 361 46 lining-papers.

126 3894 50 53 ©
205 3898 123 40 June
385 3929 8 15 1,
420 3895 140 46 1934;
587 3894 65 40 2c.
682 3894 126 39 June
834 3892 51 47 5;
914 3891 80 41 aff.
1026 3892 128 40 June
1179 3892 52 47 6;
1261 3893 42 39 A
1330 3892 146 42 72647;
1530 3896 55 40 A.
1613 3897 49 40 L.
1694 3899 126 42 Burt
1847 3912 64 29 co.

204 3954 246 50 (35-8185)
