2424 4375
1168 4119 131 48 1348

250 586 1927 68 behavior of these pupils in school, by Theodore R. Myers …
248 664 138 53 New
413 662 163 54 York
599 662 133 70 city,
757 664 276 53 Teachers
1058 663 228 69 college,
1313 663 297 56 Columbia
1637 662 335 70 university,
2001 667 148 50 1935.

318 749 42 37 v,
412 738 84 40 115
544 748 43 37 p.
649 738 178 48 diagrs.
884 737 56 41 23½cm.
1102 738 264 48 (Teachers
1414 740 191 46 college,
1655 737 249 43 Columbia
1957 736 283 50 university.

250 792 365 43 Contributions
644 795 47 39 to
720 794 271 48 education,
1020 804 73 30 no.
1124 793 109 48 651)

321 851 170 39 Issued
518 852 102 38 also
646 861 54 29 as
727 850 152 40 thesis
916 850 107 48 (PH.
1081 850 35 48 D.)
1152 849 251 43 Columbia
1431 850 284 49 university.

322 906 373 49 Bibliography:
727 917 43 38 p.
797 906 155 41 88-90.

254 972 51 53 ©
345 977 115 47 July
500 977 68 48 15,
609 976 139 43 1935;
791 976 64 39 2c.
897 977 119 46 Aug.
1057 977 81 46 21;
1180 977 82 39 aff.
1303 977 116 48 Aug.
1461 977 81 47 17;
1585 978 40 38 A
1664 977 170 47 86021;
1876 978 52 39 T.
1969 978 54 39 R.
2066 978 175 47 Myers,

323 1033 250 48 Hastings,
603 1034 55 39 N.
689 1034 53 39 Y.
813 1033 277 48 (35-17474)

251 1137 276 53 National
554 1153 221 48 survey
803 1137 62 52 of
893 1137 286 63 potential
1206 1137 247 64 product
1483 1138 287 63 capacity.

318 1213 217 68 Report
561 1212 64 54 of
650 1213 98 52 the
771 1211 273 56 National
1070 1231 205 50 survey
1302 1213 63 52 of
1392 1213 279 68 potential
1697 1214 241 67 product
1964 1213 277 68 capacity,

248 1292 281 67 prepared
557 1290 181 53 under
765 1292 96 51 the
887 1291 369 68 sponsorship
1286 1291 64 52 of
1376 1293 94 50 the
1499 1290 138 53 New
1666 1291 162 52 York
1856 1291 114 68 city
2000 1289 240 70 housing

247 1368 294 68 authority
572 1369 111 52 and
712 1369 207 54 Works
946 1367 248 56 division
1223 1370 64 52 of
1313 1370 96 52 the
1437 1370 354 66 Emergency
1820 1368 166 54 relief
2012 1369 229 69 bureau,

247 1448 117 67 city
406 1447 64 53 of
512 1447 139 52 New
695 1447 188 66 York;
929 1446 261 55 William
1233 1446 259 68 Hodson,
1533 1445 312 69 chairman,
1888 1447 353 69 Emergency

248 1524 167 54 relief
454 1525 243 66 bureau;
741 1524 280 69 Langdon
1061 1526 87 53 W.
1192 1526 158 67 Post,
1391 1525 311 68 chairman,
1741 1525 137 51 New
1921 1525 162 52 York
2124 1524 115 69 city

247 1602 244 68 housing
522 1601 309 69 authority.
912 1603 155 65 [New
1100 1602 179 66 York]
1318 1605 151 50 1935.

317 1675 137 48 xxiii,
485 1675 87 41 358
599 1686 42 37 p.
702 1675 127 40 illus.
871 1675 159 48 (map)
1069 1676 178 47 diagrs.
1287 1675 48 49 (1
1364 1674 144 49 fold.)
1576 1675 56 40 22
1635 1677 44 22 cm
1684 1707 8 8 .

320 1732 178 40 Folded
530 1732 219 47 diagram
778 1732 49 39 in
859 1732 170 48 pocket
1059 1731 227 40 mounted
1318 1743 59 30 on
1407 1730 138 42 front
1571 1730 336 49 lining-paper.

319 1789 187 39 Harold
532 1788 139 47 Loeb,
700 1787 223 49 director,
949 1788 56 40 N.
1035 1787 45 41 S.
1108 1789 51 39 P.
1186 1788 51 39 P.
1264 1787 49 42 C.

320 1845 232 40 “Sources
584 1845 96 39 and
710 1843 392 49 bibliography”:
1137 1855 43 37 p.
1211 1843 217 42 353-358.

253 1911 52 53 ©
342 1916 127 47 Sept.
503 1914 40 46 2,
580 1914 140 47 1935;
758 1914 66 40 2c.
862 1915 117 48 Aug.
1014 1914 82 46 30';
1135 1914 81 40 aff.
1257 1916 126 46 Sept.
1420 1914 81 46 12;
1539 1916 40 37 A
1615 1914 169 48 85989;
1823 1916 118 39 New
1977 1916 129 38 York
2141 1915 98 48 city

320 1971 206 48 housing
560 1971 264 48 authority,
861 1972 114 39 New
1010 1972 143 38 York.
1228 1971 279 47 (35-17471)
2033 1970 118 42 8622

249 2075 194 52 North
486 2074 273 54 Carolina
797 2075 109 52 and
949 2075 181 55 South
1170 2080 218 47 eastern
1427 2073 200 67 digest,
1666 2076 266 66 covering
1972 2074 76 52 all
2088 2091 149 36 cases

319 2152 264 67 reported
618 2154 60 50 in
713 2152 185 52 North
934 2151 270 55 Carolina
1240 2157 237 61 reports.
1514 2151 180 54 South
1730 2156 218 49 eastern
1983 2156 254 63 reporter

321 2231 111 50 and
474 2230 229 51 various
748 2235 220 61 reports
1016 2230 62 50 of
1124 2230 166 52 south
1334 2236 219 45 eastern
1598 2235 172 48 states
1816 2230 152 52 from
2013 2230 224 52 earliest

318 2309 180 59 times,
539 2306 139 53 with
718 2314 227 46 current
986 2307 342 52 cumulative
1369 2307 200 67 pocket
1610 2307 208 53 service
1858 2308 245 66 keeping
2141 2310 96 50 the

319 2383 1915 69 digest always to date … By the publisher’s editorial staff,
319 2465 222 51 volume
576 2465 186 49 33-34.
836 2463 81 55 St.
954 2462 165 66 Paul,
1153 2465 157 52 West
1345 2463 334 67 publishing
1715 2481 78 34 co.
1838 2497 12 33 [
1856 2470 16 20 c
1879 2466 149 63 1935]

319 2536 25 37 2
377 2547 40 28 v.
478 2535 54 40 26
537 2537 42 21 cm
586 2567 7 7 .

323 2592 70 40 On
422 2602 166 30 cover:
619 2591 113 40 1778
761 2594 49 37 to
838 2591 124 39 date.

322 2649 132 46 “Key
484 2648 200 39 number
714 2646 222 48 system.”

594 2714 104 28 CONTENTS.—v.
729 2703 72 40 33.
830 2704 566 38 Trusts-Wharves.—v.
1426 2702 71 40 34.
1525 2702 321 40 Wills-Work
1877 2705 94 37 and
2001 2704 149 38 labor.

248 2769 54 53 ©
338 2774 123 47 Sept.
495 2772 69 48 26,
597 2772 139 42 1935;
773 2772 65 40 2c.
868 2773 118 38 each
1019 2772 101 40 Oct.
1153 2772 81 46 12;
1270 2772 79 39 aff.
1386 2772 100 40 Oct.
1519 2774 81 43 14;
1634 2773 43 38 A
1707 2772 156 46 86777,
1897 2771 168 45 86778;
2100 2772 137 40 West

318 2830 108 48 pub.
458 2840 66 29 co.

246 2933 280 64 Osborne,
557 2932 196 54 Oliver
780 2933 273 63 Thomas,
1085 2938 168 49 1862-

315 3007 1919 68 Handbook of therapy, edited by Morris Fishbein … from
246 3087 96 52 the
378 3086 328 53 Handbook
743 3085 65 54 of
845 3086 242 67 therapy
1123 3086 75 67 by
1237 3085 197 55 Oliver
1473 3086 64 51 T.
1578 3085 257 54 Osborne
1871 3085 113 53 and
2021 3085 211 53 Morris

247 3164 286 53 Fishbein.
611 3163 131 52 10th
785 3164 82 52 ed.
945 3162 266 69 Chicago,
1253 3162 303 53 American
1599 3162 240 53 medical
1882 3161 351 67 association,

249 3244 147 49 1935.

316 3314 85 41 765
434 3326 42 37 p.
536 3313 153 49 diagr.
748 3313 59 41 19
807 3315 44 22 cm
855 3345 9 9 .

249 3366 51 53 ©
328 3372 127 39 June
478 3371 68 46 18,
574 3370 139 45 1935;
742 3370 66 40 2c.
839 3370 124 47 Sept.
990 3370 53 45 3;
1074 3369 80 40 aff.
1188 3370 125 47 Sept.
1342 3370 51 46 5;
1423 3370 40 38 A
1491 3368 168 42 85770:
1688 3370 156 39 Amer.
1873 3368 204 39 medical
2104 3378 127 30 assn.

329 3426 278 47 (35-16885)

246 3528 174 64 Page,
450 3529 242 62 Eugene
717 3528 271 54 Richard.

320 3601 217 69 George
573 3602 256 68 Colman,
863 3603 93 52 the
992 3602 181 66 elder;
1212 3603 250 68 essayist,
1499 3602 314 66 dramatist,
1851 3600 108 53 and
250 3600 1956 132 theatrical

379 3696 284 51 manager,
709 3677 319 54 1732-1794.
1104 3679 91 67 By
1238 3678 231 68 Eugene
1514 3678 66 51 R.
1626 3678 168 67 Page.
1870 3676 135 53 New
2053 3675 177 66 York,

252 3753 295 55 Columbia
574 3753 313 71 university
916 3772 171 52 press,
1118 3758 148 49 1935.

249 3814 1964 106 xi, 334 p., 1 l. 22 cm. (Half-title: Columbia university studies in English
376 3881 95 39 and
501 3882 329 46 comparative
859 3882 269 40 literature,
1188 3892 74 30 no.
1294 3881 110 48 120)

318 3937 346 47 Bibliography
696 3939 95 39 and
824 3949 26 29 a
886 3938 111 40 “list
1027 3938 51 40 of
1112 3937 239 42 Colnmn’s
1383 3937 249 48 published
1673 3937 162 47 plays”:
1901 3948 41 36 p.
1995 3935 230 49 [309]-323.

252 3992 54 52 ©
339 3996 126 48 Sept.
498 3996 67 46 12,
599 3995 138 44 1935;
772 3995 66 41 2c.
873 3997 124 46 Sept.
1032 3997 52 39 13:
1148 3996 80 40 aff.
1266 3997 125 47 Sept.
1424 3996 81 40 14;
1541 3997 40 37 A
1613 3995 167 47 86299;
1817 3995 249 40 Columbia
2100 3993 126 40 univ.

319 4063 148 37 press.
537 4052 256 47 (35-17516)
