2424 4375
1086 4066 134 50 1399

161 458 262 64 Hughes,
450 459 129 63 Ray
604 458 250 64 Osgood,
885 459 167 53 1879-

154 529 1969 137 The making of our United States, by R. O. Hughes … Boston,
291 609 1270 68 New York [etc.] Allyn and Bacon [c1935]
222 682 135 46 xviii,
385 682 97 48 607,
511 682 86 40 lxii
624 692 43 38 p.
728 681 84 41 col.
838 682 162 46 front.,
1027 680 142 47 illus.,
1195 680 158 49 plates
1380 681 137 47 (part
1540 680 112 48 col.)
1688 680 150 47 ports,
1866 678 136 49 (part
2027 677 112 48 col.)

154 748 148 38 maps,
332 739 178 48 diagrs.
569 738 118 42 21cm.

223 794 284 42 Illustrated
539 794 359 49 lining-papers.

222 850 234 43 Contains
487 851 390 48 bibliographies.

154 905 53 54 ©
239 912 124 46 Sept.
396 910 68 48 19,
496 909 115 40 1935;
668 909 68 40 2c.
767 911 95 38 and
893 909 82 40 aff.
1008 909 102 40 Oct.
1143 910 24 39 7;
1228 909 39 38 A
1300 908 143 41 87529;
1504 909 143 47 Allyn
1681 908 35 40 &
1792 918 131 29 Bacon.

224 908 1909 106 [Copyright
382 967 40 39 is
451 967 204 40 claimed
680 977 63 30 on
773 965 224 50 revision]
1069 964 279 48 (35-18991)

158 1056 184 63 Hunt,
373 1056 253 54 William
653 1055 218 66 Welch,
898 1074 179 49 comp.

227 1134 122 53 The
374 1134 144 52 book
549 1133 62 52 of
638 1150 324 51 governors,
991 1132 333 69 containing
1352 1151 190 36 names
1572 1133 111 52 and
1713 1138 175 47 terms
1912 1131 64 53 of
2002 1128 149 57 office

154 1209 64 52 of
252 1211 95 51 the
381 1209 123 54 first
542 1211 179 52 rulers
758 1209 64 54 of
859 1211 93 51 the
988 1208 186 54 North
1211 1208 306 53 American
1554 1208 315 69 provinces,
1905 1206 244 54 colonies

154 1287 112 52 and
303 1286 313 54 territories
653 1287 184 53 which
874 1287 224 53 became
1137 1287 93 52 the
1265 1286 221 55 United
1526 1286 206 69 States,
1772 1286 153 53 from
1963 1286 187 53 Ponce

155 1363 1834 70 de Leon in 1509 to 1935 … also chronologies of the early
155 1381 1972 114 portions
338 1443 113 52 and
485 1447 171 48 states
691 1442 185 53 which
910 1441 277 69 comprise
1224 1460 103 35 our
1362 1446 258 64 country,

1657 1441 142 54 with
1833 1461 31 34 a
153 1441 1972 130 description
307 1520 64 53 of
402 1521 127 52 how
560 1521 135 68 they
729 1538 145 35 were
903 1519 294 69 acquired;

1233 1519 282 68 compiled
1547 1519 74 69 by
1653 1518 263 56 William
1950 1519 200 55 Welch

154 1596 1975 146 Hunt … Los Angeles, Calif., Printed by Washington typographers [c1935]
223 1747 55 40 83
307 1757 43 39 p.
409 1747 116 42 28cm.

156 1801 53 54 ©
240 1806 101 40 Oct.
373 1807 41 46 3,
445 1805 115 41 1935;
620 1806 66 40 2c.
721 1805 95 39 and
848 1805 80 40 aff.
963 1806 102 40 Oct.
1098 1806 25 39 8:
1186 1806 39 38 A
1259 1804 142 41 86621;
1465 1806 71 40 W.
1569 1806 72 40 W.
1676 1807 151 41 Hunt.
1864 1807 287 47 Inglewood,

225 1863 143 40 Calif.
439 1861 281 51 (35-18990)

158 1951 239 54 Illinois.
471 1953 183 64 Laws,
683 1958 254 60 statutes,
968 1959 100 47 etc.

232 2029 388 55 Smith-Hurd
674 2028 226 55 Illinois
957 2030 307 52 annotated
1320 2034 255 49 statutes.
1667 2032 346 51 Permanent
2067 2031 84 54 ed.

163 2109 367 67 Comprising
569 2108 95 52 the
704 2109 137 52 laws
877 2108 65 51 of
983 2126 26 34 a
1053 2111 228 65 general
1324 2108 111 52 and
1477 2117 335 59 permanent
1851 2116 201 46 nature
2091 2109 59 52 in

163 2186 156 53 force
355 2192 59 47 at
447 2187 95 52 the
574 2187 108 53 end
719 2186 62 52 of
814 2187 96 54 the
940 2184 361 69 fifty-eighth
1338 2185 244 55 General
1620 2188 294 66 assembly,
1950 2187 200 53 fourth

161 2265 209 66 special
402 2265 228 66 session,
663 2265 316 53 November
1010 2267 85 62 23,
1131 2267 146 50 1934.
1355 2265 158 67 Kept
1544 2271 58 47 to
1636 2266 128 52 date
1797 2267 72 67 by

160 2266 1967 130 cumulative
325 2346 209 50 annual
584 2343 202 67 pocket
835 2347 176 63 parts,
1060 2344 138 51 with
1248 2344 362 52 annotations
1659 2343 153 53 from
1860 2345 96 51 the
2003 2362 149 36 cases

162 2422 331 66 construing
531 2439 62 33 or
634 2421 280 67 applying
952 2421 96 52 the
1083 2420 137 53 laws
1261 2421 111 52 and
1413 2419 138 55 with
1591 2421 177 53 tables
1810 2423 112 52 and
1963 2423 188 53 index,

162 2497 1779 69 chapters 98-109 … By the publishers’ editorial staff.
163 2501 1962 143 Chicago,
359 2578 111 57 Ill.,
515 2577 275 53 Burdette
835 2577 187 55 Smith
1064 2595 307 49 company;
1418 2578 83 55 St.
1545 2580 165 65 Paul,
1752 2579 202 67 Minn.,
1995 2581 157 53 West

164 2655 333 67 publishing
532 2673 76 34 co.;
677 2656 224 52 Kansas
937 2653 151 68 City.
1122 2655 133 56 Mo.,
1288 2657 231 52 Vernon
1551 2658 109 50 law
1694 2657 146 52 book
1874 2675 279 51 company

169 2736 191 63 [c1935]

227 2805 26 39 2
318 2836 8 10 v.
387 2805 115 40 24cm.

511 2857 1622 56 CONTENTS.—chapters 98-1041. Negotiable instruments-Pardons.—chapters 105-109. Parks-Plats.
163 2972 52 52 ©
248 2976 126 48 Sept.
405 2975 69 47 27,
504 2974 116 41 1935;
677 2974 67 41 2c.
777 2975 116 39 each
926 2974 100 40 Oct.
1061 2973 58 40 12;
1176 2974 107 40 affs.
1316 2974 101 41 Oct.
1451 2976 54 37 14;
1567 2976 39 38 A
1640 2975 156 48 86790,
1830 2974 142 42 86791;
229 2977 1908 96 Burdette
386 3032 156 41 Smith
564 3042 81 38 co.,
668 3031 193 40 Vernon
883 3033 95 38 law
1000 3031 123 40 book
1148 3040 66 31 co.
1239 3031 95 39 and
1358 3032 137 39 West
1517 3032 108 47 pub.
1652 3042 65 30 co.

165 3120 281 64 Johnson,
472 3122 222 63 Emory
717 3120 275 64 Richard,
1018 3126 170 50 1864-

232 3195 1923 70 Transportation by water, by Emory R. Johnson … Grover
166 3272 1807 71 G. Huebner … [and] Arnold K. Henry … New York,
166 3274 1963 145 London,
330 3351 69 52 D.
436 3350 573 70 Appleton-Century
1046 3369 295 50 company,
1379 3350 413 68 incorporated,
1832 3354 149 51 1935.

235 3422 117 47 xxii,
396 3421 85 41 585
522 3433 42 37 p.
624 3423 163 47 front.,
831 3422 140 48 illus.,
1014 3424 170 48 plates,
1228 3432 136 38 maps
1393 3423 135 49 (part
1570 3423 143 48 fold.)
1765 3424 194 48 diagrs.,
2001 3424 153 41 forms

175 3476 134 50 (part
338 3478 144 49 fold.)
549 3479 115 40 22cm.
735 3478 297 51 (Half-title:
1063 3480 279 47 Appleton’s
1374 3480 387 47 transportation
1793 3481 162 48 series,
1988 3482 72 40 ed.
2097 3481 57 45 by

167 3535 51 40 E.
246 3535 55 42 R.
331 3535 241 47 Johnson)

237 3591 346 42 “References”
612 3594 54 39 at
692 3593 91 40 end
812 3592 53 40 of
891 3595 123 37 most
1043 3592 52 40 of
1124 3593 82 40 the
1235 3592 240 48 chapters.

165 3647 52 52 ©
251 3652 127 48 Sept.
411 3652 69 47 27,
512 3651 117 41 1935;
688 3651 66 40 2c.
793 3651 125 48 Sept.
952 3650 57 41 30;
1070 3652 82 39 aff.
1186 3651 101 40 Oct.
1322 3652 24 38 1;
1410 3652 42 38 A
1485 3650 141 41 86541;
1691 3652 57 39 D.
235 3652 1902 104 Appleton-Century
376 3719 80 36 co.,
487 3708 90 40 inc.
641 3707 275 50 [Copyright
949 3708 43 40 is
1020 3708 203 39 claimed
1254 3718 64 29 on
1346 3706 236 41 revisions
1614 3709 95 39 and
1740 3718 105 30 new
1876 3711 193 46 matter]

244 3764 277 48 (35-18967)

170 3849 1979 71 Kansas digest. 1935 cumulative annual pocket parts … [for]
240 3928 1621 69 vols. 1-10 … St. Paul, West publishing co. [c1935]
238 4001 56 39 10
355 4033 8 8 v.
420 4001 113 40 25cm.
