2424 4375
1060 4066 98 49 651

110 452 260 64 Cromar,
398 451 172 55 John.

174 526 146 52 Jock
343 525 65 53 of
431 526 94 52 the
551 526 242 66 islands;
825 526 155 67 early
1007 526 139 67 days
1172 527 59 51 in
1257 526 96 51 the
1382 523 181 55 South
1590 542 146 48 seas;
1766 525 97 50 the
104 524 1964 131 adventures

283 602 64 53 of
375 602 154 55 John
560 602 256 69 Cromar,
844 602 289 53 sometime
1160 600 273 54 recruiter
1462 602 113 52 and
1602 601 176 68 lately
1808 601 194 53 trader
2031 600 64 54 of

105 679 256 68 Marovo,
401 680 222 52 British
668 679 268 56 Solomon
977 679 214 54 islands
1233 683 395 64 protectorate,
1669 679 122 53 told
1830 678 77 70 by

103 678 1963 132 himself.
292 758 255 65 London,
573 757 186 52 Faber
784 759 45 51 &
854 756 201 57 Faber,
1083 756 219 53 limited
1361 759 129 50 [1935]

213 862 9 16 x,
247 830 85 40 344
356 841 43 37 p.
427 831 106 38 incl.
561 829 134 41 front.
736 831 170 47 (port.)
970 830 171 47 plates,
1166 828 117 41 fold.
1312 838 124 39 map.
1496 829 53 39 21
1554 830 45 22 cm
1604 861 7 8 .

110 898 1986 53 © 1c. Mar. 29, 1935; A ad int. 20074; pubd. Feb. 7; J. Cromar, Tulagi,
179 960 187 39 British
406 960 220 40 Solomon
661 960 206 39 Islands.
937 958 250 50 (35-6739)

108 1060 250 65 D’Arcy,
387 1062 220 52 Martin
638 1062 176 63 Cyril,
845 1068 168 48 1888-

182 1138 221 68 Mirage
429 1139 110 52 and
565 1140 178 66 truth,
768 1140 75 67 by
868 1141 77 52 M.
976 1139 63 56 C.
1066 1139 250 68 D’Arcy,
1374 1182 10 11 S.
1449 1182 10 10 J.
1520 1140 259 65 London,
1805 1140 121 53 The
110 1139 1963 133 Centenary

334 1235 154 49 press
520 1220 171 63 ,1935]

181 1286 85 40 204
295 1298 56 37 p.,
382 1288 24 37 1
457 1318 8 8 l.
526 1287 54 39 22
584 1289 43 21 cm
632 1318 9 9 .

182 1344 129 39 “The
337 1344 194 40 theistie
560 1345 94 38 and
683 1344 248 41 Christian
960 1345 126 40 ideal
1113 1346 49 38 in
1190 1346 308 46 competition
1528 1346 117 39 with
1673 1347 137 40 those
1838 1347 108 39 that
1973 1346 126 41 have

114 1401 143 38 laken
284 1401 64 38 its
376 1399 425 49 place.”—Introd.

110 1470 1989 53 © 1c. Apr. 24, 1935; A ad int. 20158; pubd. Mar. 15; Macmillan co., New
178 1532 144 39 York.
393 1530 249 49 (35-7848)

111 1636 83 51 De
223 1636 147 63 Kok,
398 1635 310 56 Winifred.

181 1710 259 69 Guiding
466 1730 144 49 your
637 1712 153 54 child
818 1711 251 68 through
1096 1713 96 52 the
1220 1711 307 54 formative
1553 1731 181 49 years,
1761 1713 154 53 from
1940 1715 156 53 birth

115 1787 1759 72 to the age of five, by Winifred De Kok … New York,
111 1794 1962 126 Emerson
236 1867 190 58 books,
451 1870 127 63 inc.,
607 1871 149 50 1935.

179 1940 84 41 191
300 1952 43 38 p.
403 1940 126 41 illus.
590 1940 57 40 19
649 1942 43 21 cm
696 1973 10 9 .

180 1995 196 43 London
407 1995 183 43 edition
631 1997 76 47 (V.
743 1996 240 48 Gollancz,
1015 1997 111 49 ltd.)
1168 1999 89 39 has
1288 1998 110 42 title;
1459 1998 117 42 New
1605 1999 146 41 babes
1781 1999 80 41 for
1892 2002 93 40 old.

113 2065 52 53 ©
204 2071 121 37 Mar.
363 2069 40 46 5,
443 2068 116 40 1935;
628 2068 67 40 2c.
734 2069 97 38 and
870 2067 79 40 aff.
992 2069 120 38 Mar.
1152 2070 25 38 7;
1244 2069 40 38 A
1325 2068 145 40 82602;
1534 2071 233 39 Emerson
1806 2071 160 44 books,
2008 2072 89 40 inc.

182 2125 279 50 [Copyright
487 2126 42 39 is
557 2125 204 40 claimed
788 2136 59 27 on
874 2135 105 29 new
1006 2127 195 47 matter]
1273 2125 279 47 (35-27122)

114 2230 218 62 Ewers,
361 2229 152 53 John
543 2230 71 54 K.

182 2305 134 53 Fire
344 2323 70 35 on
441 2306 95 53 the
564 2305 170 68 wind,
759 2306 75 67 by
861 2306 154 54 John
1046 2307 73 51 K.
1149 2307 209 52 Ewers.
1433 2307 258 67 London,
1719 2308 239 54 Hodder
1985 2308 112 54 and

117 2385 339 67 Stoughton,
487 2382 238 68 limited,
758 2388 147 50 1935.

184 2457 98 48 341,
318 2457 54 49 [1]
405 2467 42 38 p.
507 2456 56 41 20
565 2458 44 22 cm
615 2489 7 7 .

115 2525 1986 52 © 1c. May 3, 1935; A ad int. 20190; pubd. Mar. 7; J. K. Ewers, West
181 2585 309 46 Leederville,
519 2585 221 43 Western
770 2584 263 40 Australia.
1106 2583 250 48 (35-7385)

113 2688 226 65 Feiner,
371 2689 183 53 Ruth.

186 2766 108 55 Cat
331 2784 185 34 across
553 2766 96 52 the
686 2765 158 68 path,
878 2765 76 67 by
992 2765 156 53 Ruth
1189 2763 233 68 Feiner;
1463 2765 313 53 translated
1816 2764 151 55 from
2005 2767 94 52 the

115 2843 246 54 German
395 2844 75 67 by
502 2844 250 53 Norman
788 2842 339 53 Alexander.
1202 2842 239 53 London
1480 2847 137 62 [etc.]
1656 2843 69 54 G.
1760 2844 69 54 G.
1862 2844 236 67 Harrap

116 2925 44 50 &
189 2941 97 47 co.,
314 2923 102 52 ltd.
454 2926 170 63 [1935]

187 2994 99 49 382,
319 2994 54 50 [1]
407 3006 43 36 p.
510 2994 56 41 19
567 2996 45 21 cm
616 3025 10 9 .

118 3062 1982 53 © 1c. Apr. 26, 1935; A ad int. 20171; pubd. Mar. 1; J. B. Lippincott co.,
186 3123 351 48 Philadelphia.
607 3121 249 48 (35-7537)

120 3225 247 65 Fessier,
394 3225 269 56 Michael.

250 3299 1851 70 … Fully dressed and in his right mind. New York, A. A.
121 3378 220 67 Knopf,
379 3383 150 48 1935.

188 3449 684 51 3 p. l., 3-215. [3] p. 21 cm .
190 3508 61 39 At
277 3508 124 40 head
429 3506 52 41 of
506 3506 109 41 title;
672 3506 34 38 A
737 3505 151 42 novel.

190 3563 160 41 “First
385 3562 224 42 edition.”

124 3629 51 52 ©
201 3635 111 39 May
336 3634 69 47 20,
431 3633 112 40 1935;
599 3632 66 40 2c.
693 3633 94 38 and
812 3630 81 41 aff.
921 3631 114 47 May
1059 3629 55 39 22;
1169 3631 40 38 A
1237 3629 142 41 83217;
1437 3631 61 39 M.
1527 3630 204 48 Fessier,
1763 3632 95 41 Los
1883 3633 218 48 Angeles.

200 3690 247 49 (35-7172)

124 3791 248 66 Griffith,
402 3796 96 49 Ira
527 3793 251 62 Samuel,
810 3793 321 52 1874-1924.

196 3863 1903 74 Carpentry, by Ira Samuel Griffith … Revised by George B.
126 3944 1581 68 Cox … Peoria, Ill., The Manual arts press [ c 1935]
