2424 4375
1168 4090 134 54 1670

280 447 227 65 Weber,
537 448 331 56 Henriette.

351 525 120 52 The
521 527 156 64 prize
725 545 167 48 song;
946 528 199 52 stories
1194 528 62 51 of
1308 529 225 52 famous
1583 547 216 49 operas,
1849 532 74 65 by
1971 534 300 53 Henriette

279 600 1992 76 Weber; foreword by Dorothy Lawton … Illustrated by Marie
278 681 71 52 A.
405 682 255 52 Lawson.
750 683 257 65 London,
1060 684 137 51 New
1252 684 162 53 York
1491 690 119 62 [etc.]
1671 686 229 54 Oxford
1954 688 317 69 university

279 779 155 48 press
470 795 11 32 [
488 767 18 21 c
512 764 151 63 1935]

347 832 86 42 272
458 845 41 37 p.
530 834 109 40 incl.
668 834 163 42 front.,
862 834 127 40 illus.
1019 833 132 48 (incl.
1182 834 177 47 music)
1426 835 55 40 23½
1514 838 43 21 cm
1564 868 8 8 .

346 892 288 39 Illustrated
664 890 362 49 lining-papers.

349 948 227 41 “Printed
606 948 49 39 in
685 949 79 39 the
795 948 178 40 United
1006 950 161 39 States
1198 949 53 40 of
1280 948 265 41 America.”

350 1004 1920 52 “This book … is intended for children between the ages of eight and
271 1062 548 40 fifteen.”—Foreword.

349 1118 355 42 “Half-minute
733 1119 227 40 histories
1006 1119 52 40 [of
1085 1121 84 38 the
1196 1119 217 49 operas]"
1433 1131 8 28 :
1473 1130 41 37 p.
1562 1119 233 42 [257]-272.

278 1186 52 53 ©
359 1190 102 41 Oct.
489 1191 67 47 31,
587 1189 113 41 1935
718 1201 9 36 ;
758 1190 66 40 2c.
855 1190 94 40 and
978 1190 82 40 aff.
1090 1191 119 39 Nov.
1237 1190 25 39 5
1281 1201 8 36 ;
1321 1190 42 39 A
1391 1190 143 41 88108
1553 1201 8 35 ;
1595 1190 187 41 Oxford
1812 1190 130 42 univ.
1972 1202 148 38 press,
2152 1193 115 40 New

343 1248 142 47 York,
516 1247 90 40 inc.
676 1247 279 48 (35-27456)

274 1351 207 64 Weiss,
511 1353 183 53 Ernst
721 1351 257 66 August,
1009 1355 168 50 1900-

405 1427 1857 71 … Einführung in die liniengeometrie und kinematik, von
273 1505 1991 72 Ernst August Weiss … Leipzig und Berlin, B. G. Teubner,
274 1590 148 49 1935.

342 1658 62 48 vi,
438 1657 82 41 122
554 1669 43 38 p.
657 1656 57 41 20½
747 1660 43 20 cm
795 1687 9 9 .
874 1657 269 47 (Teubners
1176 1657 403 41 mathematische
1613 1657 251 41 leitfäden.
1924 1658 75 41 bd.
2031 1659 80 48 41)

271 1726 1749 53 © Feb. 11, 1935; 1c. June 5; A-Foreign 28125 ; B. G. Teubner.
352 1787 279 48 (35-31948)

268 1891 341 65 Wendland,
637 1889 185 53 Heinz
849 1889 285 55 Dietrich.

339 1969 331 54 Reichsidee
706 1969 118 53 und
862 1967 356 68 gottesreich,
1257 1985 111 33 von
1405 1965 476 54 Heinz-Dietrich
1918 1968 340 54 Wendland.

268 2050 164 64 Jena,
460 2050 65 52 E.
555 2046 333 54 Diederichs
913 2049 214 63 verlag,
1157 2048 148 51 1934.

337 2123 25 38 2
393 2133 41 37 p.
501 2153 8 15 l.,
539 2120 118 41 7-98
683 2131 42 37 p.
783 2119 55 39 21
842 2121 43 21 cm
888 2150 8 8 .

267 2187 1975 111 © May 15, 1934 ; 1c. Sept. 20 ; A -Foreign 25672 ; Eugen Diederichs Verlag.
265 2355 251 63 Wesley,
543 2354 202 63 Edgar
769 2353 206 53 Bruce.

337 2431 303 67 Guarding
683 2431 95 51 the
822 2427 272 67 frontier;
1144 2446 31 33 a
1218 2428 170 66 study
1434 2426 64 53 of
1541 2426 246 54 frontier
1830 2427 229 53 defense
2104 2429 152 53 from

268 2505 1986 70 1815 to 1825, by Edgar Bruce Wesley … [Minneapolis] The
265 2589 334 65 University
627 2587 63 52 of
717 2587 321 52 Minnesota
1065 2603 173 48 press,
1270 2587 148 50 1935.

336 2662 64 47 xi,
426 2673 55 37 p.,
509 2662 23 38 1
594 2692 7 16 l.,
628 2659 88 40 217
738 2669 44 37 p.
834 2658 129 40 illus.
998 2657 185 48 (maps)
1246 2656 55 38 21½
1334 2658 44 21 cm
1384 2688 8 8 .

336 2718 349 47 Bibliography
703 2727 9 28 :
746 2727 41 36 p.
819 2714 215 39 195-208.

265 2785 52 53 ©
343 2790 117 38 Nov.
489 2789 38 46 7,
554 2785 113 41 1935
687 2796 8 36 ;
723 2784 67 41 2c.
818 2785 94 39 and
941 2783 81 40 aff.
1050 2784 118 38 Nov.
1196 2783 82 46 18;
1308 2783 40 38 A
1376 2781 169 47 89432;
1577 2781 282 48 University
1886 2782 52 40 of
1967 2781 287 48 Minnesota,

326 2843 335 49 Minneapolis.
723 2840 278 50 (35-30045)

262 2948 215 65 White,
505 2946 290 64 Beatrice,
826 2947 171 50 1902-

331 3025 170 68 Mary
535 3024 213 66 Tudor,
784 3022 75 68 by
894 3020 259 55 Beatrice
1188 3019 210 54 White.
1471 3019 256 66 London,
1764 3018 331 54 Macmillan
2136 3022 111 52 and

261 3122 95 49 co.,
386 3102 239 66 limited,
658 3105 149 50 1935.

332 3176 65 45 xi,
423 3174 87 41 450
541 3184 42 38 p.
643 3174 162 46 front.,
833 3173 146 47 ports.
1035 3170 56 41 23
1094 3172 43 22 cm
1144 3203 8 7 .

334 3230 376 48 Bibliography:
750 3240 43 37 p.
829 3227 230 46 429-431;
1099 3225 205 41 “Notes”
1332 3224 449 48 (bibliographical)
1828 3226 51 37 at
1915 3225 90 38 end
2044 3224 50 39 of
2131 3225 116 39 each

261 3289 213 48 chapter.

260 3350 1988 58 © 1c. Nov. 7, 1935; A ad int. 20714; pubd. Sept. 24; Macmillan co., New
330 3416 143 39 York.
539 3413 279 48 (35-31416)

258 3517 259 63 Whiton,
542 3516 220 54 Lucius
784 3517 66 53 E.

331 3594 122 54 One
496 3594 222 52 million
762 3592 223 67 leagues
1028 3591 121 54 into
1193 3591 95 51 the
1330 3589 163 66 skies,
1538 3607 31 33 a
1610 3588 155 52 fable
1807 3588 74 65 by
1924 3587 208 52 Lucius
2175 3588 64 49 E.

255 3672 253 53 Whiton.
573 3672 390 52 Illustrations
989 3671 73 64 by
1091 3669 166 52 Edna
1286 3670 213 50 Potter.
1580 3668 156 63 [New
1762 3665 257 63 London,
2049 3664 193 60 Conn.,

260 3747 351 69 Springfield
637 3749 260 66 printing
924 3747 110 52 and
1061 3746 244 67 binding
1328 3764 97 47 co.,
1450 3750 17 22 c
1473 3748 150 62 1934]

328 3823 23 37 l
412 3852 8 8 v.

260 3873 52 53 ©
337 3878 113 45 May
474 3877 66 46 15,
567 3875 113 40 1934
698 3887 8 35 ;
734 3876 65 39 2c.
827 3877 93 38 and
945 3875 82 40 aff.
1054 3876 109 38 Dec.
1190 3874 54 40 31
1263 3884 8 35 ;
1300 3874 40 38 A
1365 3872 146 41 78763
1526 3882 9 36 ;
1562 3871 235 39 Binnacle
1821 3879 147 39 press,
1994 3869 103 47 inc.,
2125 3869 115 38 New

325 3933 210 46 London,
566 3932 146 40 Conn.
769 3931 282 49 [Copyright
1076 3931 44 39 is
1146 3929 202 41 claimed
1377 3939 59 30 on
1467 3929 101 39 One
1595 3927 185 39 million
1809 3928 193 45 leagues
2031 3924 103 40 into
2160 3923 81 41 the

330 3989 127 41 skies
484 3989 60 47 by
574 3989 163 38 Frank
766 3988 55 39 R.
853 3988 243 48 Stockton]
