2526 4384
1340 4058 100 48 144

392 443 70 55 U.
491 442 57 55 S.
611 443 166 54 Laws
783 487 11 21 ,
821 449 255 60 statutes,
1106 448 97 49 etc.

461 520 216 55 United
733 520 189 54 States
976 521 151 55 Code
1181 521 322 52 annotated.
1597 524 134 49 1934
1781 522 342 51 cumulative
2177 526 209 49 annual

393 599 205 68 pocket
634 605 160 61 parts
832 598 95 53 for
966 599 151 52 Title
1158 602 150 51 1-50.
1350 599 407 55 Constitution,
1797 599 203 54 Tables
2064 600 130 65 [and]
394 600 1969 130 General

394 676 1968 147 index … St. Paul, West publishing co.; N orthport, Edward Thompson co. [ c 1934]
463 830 55 39 61
583 861 8 7 v.
653 828 55 41 23
711 830 45 21 cm
760 860 8 8 .

465 887 157 39 These
650 886 272 47 pamphlets
953 895 84 30 are
1067 887 48 37 to
1146 885 57 40 be
1234 884 138 39 fitted
1401 884 101 39 into
1534 885 83 39 the
1647 884 198 47 pockets
1876 889 52 36 at
1960 886 82 38 the
2072 884 121 40 back
2225 886 50 38 of
2309 886 79 40 the

395 945 216 38 volumes
637 943 51 40 of
714 943 82 39 the
820 944 74 37 set
921 946 49 36 to
995 941 161 39 which
1180 942 114 46 they
1320 941 182 47 belong.

397 997 51 52 ©
475 1002 110 39 Dec.
614 1001 40 46 3,
682 998 116 41 1934;
852 999 65 39 2c.
946 999 119 40 each
1090 998 108 39 Jan.
1225 998 69 45 21,
1324 997 113 40 1935;
1494 997 80 40 aff.
1603 998 109 39 Jan.
1737 997 82 46 24;
1851 999 39 37 A
1919 998 142 40 80247;
2119 999 133 39 West
2279 1000 108 46 pub.

463 1067 65 31 co.
564 1058 98 39 and
695 1058 210 38 Edward
939 1056 273 46 Thompson
1246 1065 69 29 co.

392 1159 366 66 Vanderbilt,
791 1157 322 66 Cornelius,
1145 1163 171 50 1898-

392 1233 1968 149 … Farewell to Fifth avenue. New York, Simon and Schuster, 1935.
463 1385 1272 51 5 p. l., 3-260 p. plates, ports., facsims. 23½ cm .
461 1444 65 41 At
553 1445 125 39 head
704 1444 52 40 of
781 1443 108 41 title;
945 1442 252 42 Cornelius
1226 1441 299 48 Vanderbilt,
1554 1441 60 47 jr.

463 1499 213 42 “Second
705 1499 220 49 printing
953 1499 165 41 before
1146 1498 340 49 publication.”

395 1555 53 52 ©
478 1560 110 39 Feb.
620 1561 68 44 11,
720 1558 115 41 1935;
890 1558 66 40 2c.
989 1558 109 40 Feb.
1129 1559 82 44 14;
1246 1558 81 39 aff.
1360 1558 110 38 Feb.
1502 1558 82 45 13;
1618 1559 41 37 A
1691 1556 168 48 79650;
1897 1559 47 39 C.
1978 1557 300 41 Vanderbilt,
2311 1559 47 45 jr.,

459 1617 116 39 New
601 1617 142 39 York.
815 1615 250 48 (35-2785)

391 1704 1353 67 Vīnogradov, Anatol īĭ Kornelīevīch, 1888-
467 1785 122 52 The
633 1785 182 52 Black
860 1783 240 65 Consul;
1148 1785 314 52 translated
1505 1783 74 67 by
1627 1785 185 53 Emile
1857 1787 189 49 Burns
2093 1785 147 52 from
2286 1785 96 51 the

393 1859 246 56 Russian
689 1861 65 55 of
801 1861 261 55 Anatolii
1112 1862 387 68 Vinogradov.
1575 1862 138 51 New
1766 1862 178 64 York,
1994 1864 119 50 The
2166 1862 217 66 Viking
394 1958 173 50 press,
597 1945 151 50 1935.

460 2013 583 50 4 p. l., 3-438 p. 22 cm .
462 2070 350 50 Bibliography;
869 2082 41 38 p.
958 2070 233 50 [431]-438.

395 2124 51 52 ©
480 2129 107 39 Feb.
621 2129 39 47 8,
691 2127 114 41 1935;
865 2128 65 40 2c.
965 2131 94 37 and
1092 2127 80 40 aff.
1206 2128 109 39 Feb.
1346 2128 31 38 9;
1433 2128 42 38 A
1506 2128 141 40 80383;
1711 2126 178 48 Viking
1917 2137 148 37 press,
2097 2127 88 39 inc.

470 2185 250 47 (35-2525)

388 2274 234 67 Wallas,
657 2275 278 67 Graham,
970 2280 324 52 1858-1932.

465 2351 189 55 Social
677 2351 315 69 judgment,
1019 2351 74 69 by
1121 2350 249 55 Graham
1404 2351 227 53 Wallas.
1708 2350 135 54 New
1873 2350 177 66 York,
2077 2350 306 67 Harcourt,

395 2429 847 68 Brace and company [ c 1935]
463 2499 625 50 2 p. l., 7-175 p. 19½ cm .
464 2556 240 41 “Editor’s
731 2557 140 40 note”
902 2559 167 43 signed;
1129 2559 112 46 May
1269 2559 197 38 Wallas.

739 2614 1641 47 CONTENTS. — Psychological factors.—Judgment and knowledge.—The
392 2673 79 38 art
505 2670 50 39 of
587 2671 265 46 judgment.
869 2694 60 5 —
944 2672 101 38 The
1080 2671 195 39 wisdom
1311 2671 50 38 of
1397 2672 257 37 Palestine.
1672 2694 54 4 —
1747 2672 99 37 The
1883 2682 102 28 new
2025 2672 353 46 philosophy.—

393 2727 254 40 Economic
677 2728 297 39 laws.—The
1003 2728 95 39 idol
1128 2728 51 38 of
1211 2729 80 38 tin*
1323 2727 576 45 laboratory.—Religion
1933 2729 92 37 and
2058 2728 265 45 judgment.

393 2783 53 52 ©
476 2788 108 39 Jan.
614 2787 67 47 16,
712 2787 140 42 1935;
884 2786 67 41 2c.
983 2788 95 38 and
1108 2786 79 39 aff.
1221 2786 108 39 Jan.
1362 2787 53 39 18;
1476 2787 40 37 A
1550 2784 169 48 79253;
1754 2786 260 39 Harcourt.
2047 2787 154 39 Brace
2232 2786 35 39 &
2299 2796 80 36 co.,

457 2844 88 40 inc.
617 2843 253 47 (35-27043
884 2845 12 45 )

387 2933 221 64 Walsh,
637 2933 252 53 William
918 2934 329 62 Sebastian,
1288 2939 161 48 1890-

459 3007 1914 70 Making our minds behave, by William S. Walsh … New
394 3084 1165 68 York. E. P. Dutton & co., inc. [ c 1935]
458 3156 84 40 277
567 3168 42 37 p.
671 3158 143 39 19½cm.

459 3212 161 43 “First
647 3214 226 40 edition.”

393 3267 52 52 ©
473 3273 96 38 Jan
611 3272 69 46 24,
709 3273 139 45 1935;
879 3273 65 39 2c.
976 3275 95 38 and
1101 3273 78 39 aff.
1212 3274 107 38 Jan.
1350 3273 82 45 25;
1464 3274 41 37 A
1533 3272 168 46 79354;
1736 3274 50 38 E.
1818 3274 49 38 P.
1898 3274 187 38 Dutton
2112 3274 36 38 &
2176 3284 80 34 co.,
2286 3274 90 38 inc.

470 3329 279 45 (35-27044)

391 3417 436 62 Wassermann,
857 3420 207 63 Jakob,
1097 3422 322 52 1873-1934.

461 3494 392 54 Kerkhoven’s
884 3497 157 52 third
1079 3497 293 65 existence,
1407 3497 75 65 by
1518 3496 178 53 Jacob
1732 3496 429 57 Wassermann;
394 3503 1963 121 translated
581 3571 75 67 by

390 3570 1966 147 Eden and Cedar Paul. New York, Liveright publishing corporation [ c 1934]
493 3721 651 49 x p., 2 1., 3-646 p. 19½ cm .
461 3778 101 40 The
599 3777 132 39 third
769 3777 190 41 volume
997 3778 51 41 of
1086 3789 27 29 a
1151 3778 191 48 trilogy,
1382 3780 81 39 the
1502 3779 107 39 first
1646 3778 140 48 being
1822 3778 100 40 The
1960 3777 268 41 Maurizius
2266 3788 109 31 case

390 3835 94 39 and
516 3835 81 40 the
627 3834 172 40 second
832 3834 135 40 Etzel
999 3835 283 47 Andergast.

395 3886 51 52 ©
475 3891 101 40 Oct.
603 3891 68 44 26,
701 3889 139 46 1934;
872 3890 65 39 2c.
968 3892 94 37 and
1092 3890 78 39 aff.
1203 3891 100 38 Oct.
1332 3890 82 45 30;
1448 3891 39 37 A
1519 3889 167 46 79620;
1719 3891 180 39 Robert
1928 3890 235 45 Weishut,
458 3889 1899 98 administrator
687 3947 50 39 of
766 3948 80 38 the
872 3950 157 36 estate
1057 3947 52 38 of
1134 3947 152 39 Jacob
1311 3948 357 45 Wassermann,
1698 3947 267 46 Altaussee,
1994 3946 215 40 Austria.

471 4003 278 48 (34-28478)
