2568 4342
1172 4083 67 54 67

206 454 214 66 Drury,
451 453 235 54 Samuel
714 454 215 65 Smith,
962 456 170 53 1878-

207 530 1970 144 … The care of the pupil, by Samuel S. Drury … Cambridge, Harvard university press, 1935.
273 679 1253 51 4 p. l., 71 p. 18cm. (The Inglis lecture, 1935)
209 734 52 52 ©
300 739 110 39 Jan.
448 737 68 47 10,
558 736 140 46 1935;
740 737 67 40 2c.
847 737 109 39 Jan.
995 737 82 46 14;
1119 736 80 40 aff.
1242 737 111 39 Jan.
1393 738 81 46 11;
1517 738 43 38 A
1597 736 171 48 79208;
1810 737 259 42 President
2108 742 95 39 and

273 795 189 40 fellows
494 795 52 39 of
576 794 231 40 Harvard
838 794 193 47 college,
1064 793 302 49 Cambridge,
1401 795 146 39 Mass.
1617 794 250 48 (35-1770)

203 898 265 64 Duffield,
499 898 189 55 Anne.

270 975 158 53 Wild
456 993 268 49 memory.
805 975 362 67 [Instalment
1194 978 120 64 3-4]

285 1049 84 49 (In
393 1046 87 55 My
509 1045 157 52 home,
694 1045 280 52 Jan.-Feb.,
1005 1045 142 51 1935)

208 1103 1994 52 © 1c. each Feb. 19, 1935; A ad int. 19962; pubd. Dec. 25, 1934, Jan. 25,
273 1163 114 42 1935;
444 1165 220 46 Dorothy
692 1165 134 38 Duer
855 1164 221 46 Duffield,
1106 1163 292 48 Aldbourne,
1428 1163 159 47 Wilts,
1618 1164 236 47 England.

206 1268 240 65 Dumas,
475 1267 353 64 Alexandre,
861 1267 325 55 1802-1870.

277 1343 301 54 Nouvelles
609 1349 299 48 aventures
938 1345 68 52 de
1040 1341 397 70 D’Artagnan,
1469 1360 108 51 par
1609 1342 328 55 Alexandre
1968 1342 236 71 Dumas,

210 1419 1971 148 edited by E. B. De Sauzé … New York, H. Holt and company [c1935]
273 1572 1153 49 xii, 210, xxxiii p. incl. front., illus. 17 ½ cm.
277 1631 147 40 “This
454 1631 124 39 book
609 1629 222 41 contains
865 1630 50 39 in
949 1630 82 40 the
1063 1629 128 41 form
1227 1630 53 40 of
1312 1641 27 29 a
1374 1629 290 42 continuous
1699 1630 253 43 narrative
1987 1640 133 33 some
2152 1632 52 42 of

207 1686 1902 50 the most interesting, most thrilling episodes of Vingt ans après …
206 1743 1999 50 This sequel to Les trois mousquetaires … has been reduced in size
206 1802 59 47 by
307 1801 243 48 judicious
594 1801 257 40 selections
895 1802 94 38 and
1033 1800 259 41 omissions
1333 1800 54 41 of
1429 1801 98 41 less
1567 1801 269 49 important
1879 1803 229 46 chapters
2150 1813 55 31 or

204 1862 137 45 parts
369 1859 53 40 of
447 1857 462 50 chapters.”—Pref.

207 1913 52 52 ©
285 1917 109 39 Jan.
419 1917 69 46 11,
515 1915 141 47 1935;
681 1916 64 39 2c.
775 1916 95 39 and
896 1914 81 41 aff.
1005 1915 110 40 Jan.
1140 1914 83 47 26;
1252 1915 43 38 A
1319 1913 143 42 79381;
1518 1915 169 48 Henry
1713 1916 123 40 Holt
1859 1916 37 40 &
1921 1926 83 38 co.,
2032 1917 90 38 inc.

284 1973 250 49 (35-1617)

203 2061 358 64 Ergebnisse
596 2062 100 53 der
727 2061 357 69 physiologie
1116 2061 119 53 und
1268 2062 501 67 experimentellen
275 2062 1904 147 pharmakologie;

437 2140 318 69 begründet
795 2158 112 34 von
946 2143 64 50 L.
1052 2140 187 53 Asher
1279 2140 120 52 und
1440 2141 73 52 K.
1560 2139 192 69 Spiro,
1787 2142 154 66 hrsg.
1984 2158 112 35 von
2136 2142 66 52 L.

274 2218 1927 68 Asher … A. Butenandt … O. Krayer … H. Rein … 36. bd.
275 2298 325 52 Bearbeitet
629 2314 111 36 von
768 2299 64 51 F.
865 2297 68 55 G.
964 2296 294 66 Benedict,
1287 2298 67 52 E.
1382 2300 331 64 Bergmann
1765 2315 53 38 [u.
1851 2317 47 33 a.
1927 2316 92 49 m.]
2088 2298 117 53 Mit

273 2379 62 48 85
365 2376 402 67 abbildungen.
829 2375 306 65 München,
1163 2377 56 54 J.
1248 2377 65 53 F.
1342 2377 348 66 Bergmann,
1719 2377 150 51 1934.

274 2448 1119 49 2 p. l., 442 p. illus., tables, diagrs. 26cm.
275 2507 233 40 Contains
535 2506 391 48 bibliographies.

209 2559 1994 52 © Oct 26, 1934; 1c. Jan. 21, 1935; A -Foreign 26716; J. F. Bergmann.
209 2680 223 67 Fisher,
461 2681 241 66 Harold,
735 2687 171 50 1888-

206 2756 1973 227 The inevitable world recovery; an examination of the behaviour of money, and a forecast, by Harold Fisher … Garden City, N. Y., Doubleday, Doran and company, inc., 1935.
275 2971 585 64 2 p. l., 7-253 p. 20cm.
275 3042 163 43 “First
462 3042 227 45 edition.”

277 3099 197 42 London
501 3100 184 41 edition
727 3099 68 49 (J.
827 3098 153 49 Cape)
1020 3100 90 40 has
1141 3099 135 41 title:
1309 3098 224 48 England
1564 3099 142 41 takes
1735 3100 84 40 the
1850 3099 124 42 lead.

210 3153 52 52 ©
288 3159 107 40 Jan.
421 3159 69 46 18,
517 3158 113 41 1935;
687 3158 67 41 2c.
783 3160 95 39 and
906 3158 80 41 aff.
1017 3159 108 39 Jan.
1151 3158 83 47 28;
1264 3159 43 38 A
1331 3157 145 41 79387;
1533 3159 299 48 Doubleday,
1860 3160 169 39 Doran
2057 3160 36 39 &
2119 3169 83 37 co.,

275 3215 90 42 inc.
435 3215 250 50 (35-1640)

208 3316 287 65 Fletcher,
524 3318 222 53 Robert
775 3319 224 62 Henry.

284 3390 1914 71 Corral dust … [by] Bob Fletcher … Helena, Mont. [Printed
214 3469 71 67 by
311 3469 159 54 State
494 3469 334 69 publishing
850 3488 296 49 company,
1169 3471 176 66 c1934]

277 3542 911 51 3 p. l., 80 p illus. 24cm. $1.50
277 3600 174 49 Poetry
480 3603 95 38 and
603 3611 154 38 prose.

213 3651 52 52 ©
299 3658 110 40 Dec.
444 3657 68 42 21.
549 3657 141 48 1934;
727 3658 67 39 2c.
831 3658 99 39 and
962 3656 82 41 aff.
1082 3658 110 39 Jan.
1226 3657 40 47 3,
1305 3655 139 48 1935;
1484 3657 42 39 A
1561 3656 170 47 78825;
1772 3657 54 38 R.
1864 3657 59 39 H.
1961 3658 239 47 Fletcher,

278 3714 198 47 Helena,
505 3716 147 39 Mont.
724 3713 250 50 (35-1606)

210 3800 173 68 Flint,
412 3805 193 54 Lewis
630 3804 270 64 Herrick,
933 3810 171 50 1893-

280 3879 304 69 Lolly-pop
616 3883 216 66 people,
862 3899 31 33 a
922 3880 145 53 book
1097 3880 64 52 of
1187 3897 191 51 poems
1409 3880 170 55 about
1611 3879 273 69 children,
1911 3878 76 72 by
2016 3878 186 55 Lewis

214 3955 172 55 Flint.
461 3957 422 63 Philadelphia,
910 3958 121 62 Pa.,
1063 3957 210 63 Poetry
1306 3955 339 65 publishers,
1676 3959 152 53 1934.

281 4029 356 52 104 p. 21 ½cm .
