2424 4375
1049 4035 101 56 379

119 503 1980 76 state supplement, by Avery W. Skinner … Philadelphia,
120 582 1676 75 Chicago [etc.] The John C. Winston company [ c 1935]
188 653 1912 56 xviii, 284 p., 1 l., ii, 462 p. front., illus. (incl. maps) diagrs. 20½ cm .
188 713 280 49 Previously
499 712 252 50 published
782 712 50 41 in
863 718 93 37 two
989 715 226 47 separate
1243 715 216 39 volumes
1492 713 152 40 under
1676 711 133 43 titles;
1871 712 99 41 Our
122 721 1962 94 economic

308 772 100 47 life,
445 771 60 48 by
540 772 211 39 Thomas
787 770 158 40 Nixon
984 770 180 41 Carver
1202 770 94 41 and
1337 770 181 48 Gladys
1558 769 190 41 Marion
1785 771 183 40 Adams
2004 771 95 39 and

122 829 97 41 Our
258 828 294 47 community
592 827 102 49 life,
737 827 121 41 with
895 828 118 39 New
1055 826 131 41 York
1226 829 131 40 state
1398 828 317 47 supplement,
1756 827 59 47 by
1859 827 148 48 Clyde
2049 828 50 39 L.

121 883 137 51 King,
282 885 44 41 J.
352 885 136 48 Lynn
513 885 223 40 Barnard
762 886 94 39 and
881 884 159 48 Avery
1066 885 71 40 W.
1167 883 220 43 Skinner.

187 942 222 40 Includes
438 940 389 50 bibliographies.

116 996 51 54 ©
198 1002 118 37 Mar.
349 1000 69 46 21,
452 998 112 41 1936;
627 997 67 43 2c.
729 1001 96 38 and
859 998 81 41 aff.
974 1000 121 39 Mar.
1130 997 82 48 29;
1249 1000 41 39 A
1323 998 169 48 82258;
1530 1000 129 39 John
1692 998 49 42 C.
1775 998 223 41 Winston
2032 1010 67 29 co.

184 1056 276 51 [Copyright
483 1056 41 40 is
547 1056 204 41 claimed
775 1066 61 29 on
859 1055 236 41 revisions
1120 1057 96 40 and
1238 1055 263 49 additions]
1573 1054 250 52 (35-4732)

114 1158 212 65 Cavan,
353 1155 269 71 Romilly,
649 1157 196 69 pseud.

182 1234 119 54 The
328 1234 308 69 daughters
665 1234 64 55 of
757 1235 252 54 Richard
1038 1237 215 67 Heron,
1283 1235 74 69 by
1388 1235 253 69 Romilly
1672 1237 212 55 Cavan.
1960 1238 136 51 New

118 1312 1163 71 York, E. P. Dutton & co., inc. [ c 1934]
182 1385 618 50 4 p. l., 3-345 p. 19½cm.
187 1443 139 40 “Also
351 1442 253 49 published
630 1442 49 41 in
705 1443 220 48 England
952 1444 152 39 under
1131 1443 81 40 the
1239 1444 108 40 title
1376 1442 237 42 ‘Heron’.”

185 1499 159 41 “First
373 1498 225 43 edition.”

116 1552 50 55 ©
195 1558 99 40 Oct.
323 1557 69 47 15,
422 1556 139 48 1934;
592 1556 67 41 2c.
689 1559 97 38 and
815 1557 80 40 aff.
928 1557 101 41 Oct.
1060 1558 81 44 16;
1173 1557 46 45 A
1243 1557 171 48 76562;
1448 1559 52 39 E.
1532 1560 50 38 P.
1612 1560 189 39 Dutton
1829 1560 36 39 &
1895 1570 82 35 co.,
2007 1559 90 39 inc.

190 1613 246 47 (35-4721)

111 1713 425 69 Chamberlain,
567 1715 246 58 Charles
837 1716 237 66 Joseph,
1103 1721 172 52 1863-

182 1790 468 70 Gymnosperms;
690 1799 280 47 structure
1007 1795 112 52 and
1156 1793 306 68 evolution,
1496 1794 74 68 by
1608 1794 237 55 Charles
1881 1797 211 66 Joseph

114 1866 1959 153 Chamberlain … with 397 figures. Chicago, Ill., The University
250 1947 64 55 of
340 1948 250 68 Chicago
616 1967 157 50 press
806 1953 170 64 [1935]

183 2020 62 46 xi,
273 2020 86 41 484
387 2031 42 37 p.
489 2020 142 49 illus.,
662 2020 178 49 diagrs.
899 2021 56 41 23½
988 2023 44 22 cm
1036 2053 10 9 .

184 2076 346 50 Bibliography;
586 2089 43 37 p.
657 2077 216 45 446-480.

113 2130 51 54 ©
191 2137 118 37 Mar.
336 2135 69 47 12,
432 2135 115 41 1935;
602 2135 65 40 2c.
698 2137 121 38 Mar.
846 2136 54 39 21;
958 2135 80 41 aff.
1067 2138 119 38 Mar.
1217 2137 57 40 18;
1330 2137 41 38 A
1399 2137 143 40 81104;
1601 2136 283 51 University
1911 2140 51 38 of
177 2136 1905 107 Chicago·,

336 2192 219 48 Chicago.
627 2191 250 50 (35-4743)

114 2288 342 57 Childcraft.
530 2295 241 54 Volume
817 2297 116 50 2-3.
1011 2294 269 70 Chicago,
1322 2298 91 53 W.
1458 2299 64 51 F.
1571 2297 245 64 Quarrie
1860 2302 45 50 &
178 2314 1892 128 company
360 2405 13 33 [
378 2378 17 20 c
400 2375 152 63 1935]

178 2444 28 39 2
263 2476 8 7 v.
326 2447 87 37 col.
438 2446 190 46 fronts.,
655 2444 128 42 illus.
810 2444 138 49 (part
972 2444 112 48 col.)
1147 2445 57 40 25½
1235 2448 45 22 cm
1283 2476 9 8 .

177 2501 126 40 Vols.
331 2502 86 40 1-3
443 2512 128 30 were
596 2499 258 51 originally
881 2501 256 49 published
1164 2503 156 40 under
1346 2503 110 40 title;
1513 2504 100 39 The
1642 2504 174 42 child’s,
1841 2509 226 46 treasury;

113 2557 166 48 editor,
312 2559 112 47 May
458 2559 117 39 Hill.
637 2558 105 41 The
773 2558 258 40 selections
1062 2559 225 40 included
1320 2559 52 39 in
1408 2561 84 39 the
1524 2564 194 44 present
1754 2563 184 40 edition
1975 2566 123 39 have

113 2613 112 41 been
254 2615 176 39 chosen
454 2615 120 40 with
601 2616 82 40 the
712 2615 270 40 assistance
1010 2615 53 40 of
1088 2614 136 42 Alice
1251 2616 252 48 Dalgleish
1534 2619 94 38 and
1658 2618 71 40 W.
1760 2620 57 39 D.
1850 2621 163 39 Howe.

178 2671 125 40 Vols.
327 2672 88 39 4-6
433 2673 123 39 have
579 2672 117 41 been
721 2673 236 47 prepared
982 2673 152 38 under
1160 2673 81 40 the
1268 2673 304 48 supervision
1597 2675 53 39 of
1676 2676 42 39 S.
1747 2675 51 40 E.
1826 2677 270 49 Farquhar,

112 2726 254 49 managing
394 2727 169 48 editor,
594 2729 95 39 and
720 2729 277 38 Bernadine
1026 2730 36 37 I.
1095 2727 184 48 Bailey,
1312 2730 241 46 directing
1582 2731 118 39 staff
1729 2730 170 41 editor.

451 2794 105 30 CONTENTS.—v.
587 2782 42 41 2.
660 2783 182 42 Stories
872 2784 53 39 of
952 2785 106 39 fact
1086 2786 94 39 and
1211 2785 265 47 fancy.—v.
1510 2785 44 41 3.
1586 2787 186 41 Stories
1800 2789 52 40 of
1882 2789 91 40 life
2002 2791 96 39 and

110 2838 149 42 lands.

114 2891 51 54 ©
187 2897 109 48 Apr.
325 2898 39 46 1,
390 2896 141 48 1935;
559 2897 65 40 2c.
653 2897 117 41 each
799 2899 95 38 and
920 2897 82 40 aff.
1029 2898 114 47 Apr.
1169 2895 83 50 22,;
1281 2899 41 38 A
1349 2898 169 48 81642;
1550 2901 70 39 W.
1651 2900 51 40 F.
1730 2900 207 49 Quarrie
1965 2904 38 39 &
2026 2915 69 28 co.

182 2953 278 50 [Copyright
484 2954 43 40 is
553 2952 206 43 claimed
784 2965 63 29 on
871 2964 108 29 new
1005 2954 270 49 selections,
1303 2965 105 28 new
1434 2955 344 51 illustrations,
1805 2969 106 30 new
1941 2968 154 39 name,

176 3012 88 47 etc]

115 3109 116 54 The
270 3112 319 64 Colophon;
635 3131 30 34 a
705 3112 288 68 quarterly
1031 3113 93 52 for
1164 3111 291 56 collectors
1495 3118 45 50 &
1577 3115 184 55 lovers
1800 3118 64 53 of
1902 3118 189 55 books.

185 3189 1522 70 [v. 5] pt. 20 … [New York, The Colophon, 1935]
182 3262 112 49 [112]
324 3273 59 37 p.,
413 3264 24 38 1
488 3295 8 7 l.
526 3263 109 40 incl.
667 3261 127 41 illus.
823 3263 134 47 (part
986 3265 113 43 col.;
1132 3261 109 42 incl.
1271 3263 242 50 facsims.)
1552 3267 171 45 plates.
1782 3267 55 40 27½
1871 3270 43 20 cm
1921 3301 5 4 .

178 3318 330 42 “Distributed
538 3329 174 38 among
738 3322 255 37 seventeen
1020 3319 221 41 hundred
1270 3320 282 40 booklovers
1580 3322 51 38 in
1659 3323 182 47 March,
1871 3323 220 44 nineteen

114 3374 213 41 hundred
359 3378 96 38 and
486 3376 154 47 thirty
672 3375 105 48 five,
810 3376 112 39 thus
957 3373 291 51 completing
1280 3379 85 37 the
1395 3377 111 40 fifth
1541 3380 95 38 and
1670 3379 116 42 final
1822 3385 186 38 volume
2063 3396 30 27 in

113 3431 94 40 this
230 3433 184 40 format
436 3433 51 40 of
514 3434 83 38 the
619 3433 251 48 quarterly
895 3432 296 40 established
1219 3434 49 38 in
1295 3432 155 41 1929.”

112 3482 52 54 ©
195 3489 118 40 Mar.
347 3490 70 47 25,
452 3488 141 48 1935;
627 3487 69 43 2c.
729 3490 97 39 and
859 3488 81 40 aff.
973 3489 114 48 Apr.
1121 3489 54 46 9;
1211 3491 42 39 A
1286 3489 173 47 81348;
1496 3491 193 47 Pynson
1724 3491 227 51 printers,
1986 3497 107 47 inc.,

177 3545 115 40 New
322 3545 144 41 York.

111 3644 204 69 Crinis,
343 3650 138 52 Max
508 3650 86 64 de,
625 3653 170 51 1889-

181 3723 300 55 Anatomie
523 3727 97 51 der
662 3724 270 54 hörrinde
974 3727 83 54 als
1097 3726 318 69 grundlage
1458 3729 96 52 des
1595 3729 490 71 physiologischen

114 3801 113 52 und
264 3802 463 67 pathologischen
765 3803 337 67 geschehens
1138 3806 98 51 der
1272 3806 671 70 gehörswahrnehmung,
1981 3829 105 35 von

116 3874 1973 85 professor dr. Max de Crinis … mit 22 abbildungen. Berlin,
115 3955 52 54 J.
201 3955 290 69 Springer,
521 3960 149 50 1934.
