<alto xmlns="http://www.loc.gov/standards/alto/ns-v3#" xmlns:xsi="http://www.w3.org/2001/XMLSchema-instance" xsi:schemaLocation="http://www.loc.gov/standards/alto/ns-v3# http://www.loc.gov/alto/v3/alto-3-0.xsd"><Description>
<MeasurementUnit>pixel</MeasurementUnit>
<sourceImageInformation>
<fileName>1935_v32_Part1.pdf</fileName>
</sourceImageInformation>
<OCRProcessing ID="IdOcr">
<ocrProcessingStep>
<processingDateTime>2019-01-15</processingDateTime>
<processingSoftware>
<softwareCreator>ABBYY</softwareCreator>
<softwareName>ABBYY Recognition Server</softwareName>
<softwareVersion>4.0</softwareVersion>
</processingSoftware>
</ocrProcessingStep>
</OCRProcessing>
</Description>
<Styles>
<ParagraphStyle ALIGN="Left" FIRSTLINE="0." ID="StyleId-FFFFFFFF-FFFF-FFFF-FFFF-FFFFFFFFFFFF-" LEFT="0." RIGHT="0." />
<ParagraphStyle ALIGN="Left" FIRSTLINE="0." ID="StyleId-09A13A44-4F77-4ABE-84F3-84CC8B3C72CE-" LEFT="0." LINESPACE="7.699999809" RIGHT="0." />
<ParagraphStyle ALIGN="Left" FIRSTLINE="-10." ID="StyleId-1F945060-F8CD-4435-B69A-5FF49DB0C586-" LEFT="0." LINESPACE="12.19999981" RIGHT="0." />
<ParagraphStyle ALIGN="Block" FIRSTLINE="-14." ID="StyleId-C6CAE747-F5A4-4D0D-8D74-D452DA7E2C1C-" LEFT="0." LINESPACE="8.350000381" RIGHT="0." />
<ParagraphStyle ALIGN="Left" FIRSTLINE="0." ID="StyleId-FC0F3374-189A-459E-BE29-2DC14180F022-" LEFT="0." RIGHT="0." />
<ParagraphStyle ALIGN="Left" FIRSTLINE="-12." ID="StyleId-49397C49-A894-4B3E-BA5E-1126226BA375-" LEFT="0." LINESPACE="11.09000015" RIGHT="0." />
<ParagraphStyle ALIGN="Block" FIRSTLINE="-14." ID="StyleId-9E34DD3A-E661-48BD-A3A1-6A3D48346F00-" LEFT="0." LINESPACE="11.09000015" RIGHT="0." />
<ParagraphStyle ALIGN="Left" FIRSTLINE="0." ID="StyleId-56CE54AA-A08B-4BAA-8605-F26020A0E36E-" LEFT="0." LINESPACE="9.399999619" RIGHT="0." />
<ParagraphStyle ALIGN="Left" FIRSTLINE="-11." ID="StyleId-77814FFC-C42F-4AA9-9880-EF33B947DEC8-" LEFT="0." LINESPACE="11.06999969" RIGHT="0." />
<ParagraphStyle ALIGN="Center" FIRSTLINE="0." ID="StyleId-FDE92EC0-67DC-4C7B-8A24-094B12C38B6C-" LEFT="0." LINESPACE="11.30000019" RIGHT="0." />
<ParagraphStyle ALIGN="Left" FIRSTLINE="0." ID="StyleId-65180E3B-4C93-4FB8-81EE-E026DD63DBF3-" LEFT="0." LINESPACE="11.10000038" RIGHT="0." />
<ParagraphStyle ALIGN="Left" FIRSTLINE="0." ID="StyleId-10E885C2-5813-4620-B0AA-0FBA30CF7A32-" LEFT="0." LINESPACE="9.5" RIGHT="0." />
<ParagraphStyle ALIGN="Left" FIRSTLINE="0." ID="StyleId-913C2DB5-9F02-4067-BAF7-0AED37B60BBE-" LEFT="0." LINESPACE="6.099999905" RIGHT="0." />
<ParagraphStyle ALIGN="Left" FIRSTLINE="0." ID="StyleId-9C79A9D2-8F08-4A8F-985D-B00E253ED1E5-" LEFT="0." LINESPACE="4.400000095" RIGHT="0." />
<ParagraphStyle ALIGN="Left" FIRSTLINE="0." ID="StyleId-A41F0407-FEFE-4738-9EC5-E05AFFF62781-" LEFT="0." LINESPACE="7.300000191" RIGHT="0." />
<ParagraphStyle ALIGN="Left" FIRSTLINE="0." ID="StyleId-61D37176-94E8-408D-9B87-01C406CE8AB2-" LEFT="0." LINESPACE="8.050000191" RIGHT="0." />
</Styles>
<Layout>
<Page HEIGHT="4375" ID="Page1653" PHYSICAL_IMG_NR="1653" WIDTH="2424">
<TopMargin HEIGHT="390" HPOS="0" VPOS="0" WIDTH="2424">
</TopMargin>
<LeftMargin HEIGHT="3716" HPOS="0" VPOS="390" WIDTH="148">
</LeftMargin>
<RightMargin HEIGHT="3716" HPOS="2170" VPOS="390" WIDTH="254">
</RightMargin>
<BottomMargin HEIGHT="269" HPOS="0" VPOS="4106" WIDTH="2424">
</BottomMargin>
<PrintSpace HEIGHT="3716" HPOS="148" VPOS="390" WIDTH="2022">
<TextBlock HEIGHT="68" HPOS="1080" ID="Page1653_Block1" LANG="en-US" STYLEREFS="StyleId-C22CB248-59B8-4364-9777-148D356B4388-" VPOS="4038" WIDTH="152">
<TextLine HEIGHT="50" HPOS="1090" VPOS="4047" WIDTH="131">
<String CONTENT="1653" HEIGHT="50" HPOS="1090" VPOS="4047" WIDTH="131" />
</TextLine>
</TextBlock>
<TextBlock CS="1" HEIGHT="3608" HPOS="148" ID="Page1653_Block2" LANG="en-US" STYLEREFS="StyleId-C22CB248-59B8-4364-9777-148D356B4388-" VPOS="390" WIDTH="2022">
<TextLine HEIGHT="66" HPOS="159" VPOS="400" WIDTH="1037">
<String CONTENT="Rodney," HEIGHT="63" HPOS="159" VPOS="403" WIDTH="258" />
<SP HEIGHT="64" HPOS="418" VPOS="402" WIDTH="30" />
<String CONTENT="George" HEIGHT="62" HPOS="449" VPOS="402" WIDTH="225" />
<SP HEIGHT="53" HPOS="675" VPOS="401" WIDTH="29" />
<String CONTENT="Brjudges," HEIGHT="63" HPOS="705" VPOS="401" WIDTH="287" />
<SP HEIGHT="58" HPOS="993" VPOS="406" WIDTH="32" />
<String CONTENT="1872-" HEIGHT="53" HPOS="1026" VPOS="400" WIDTH="170" />
</TextLine>
<TextLine CS="1" HEIGHT="72" HPOS="226" VPOS="473" WIDTH="1921">
<String CONTENT="The" HEIGHT="52" HPOS="226" VPOS="480" WIDTH="122" />
<SP HEIGHT="33" HPOS="349" VPOS="499" WIDTH="35" />
<String CONTENT="sea" HEIGHT="35" HPOS="385" VPOS="497" WIDTH="92" />
<SP HEIGHT="35" HPOS="478" VPOS="497" WIDTH="38" />
<String CONTENT="scorpion," HEIGHT="68" HPOS="517" VPOS="477" WIDTH="280" />
<SP HEIGHT="64" HPOS="798" VPOS="478" WIDTH="39" />
<String CONTENT="by" HEIGHT="66" HPOS="838" VPOS="478" WIDTH="72" />
<SP HEIGHT="69" HPOS="911" VPOS="475" WIDTH="38" />
<String CONTENT="Colonel" HEIGHT="55" HPOS="950" VPOS="475" WIDTH="233" />
<SP HEIGHT="55" HPOS="1184" VPOS="474" WIDTH="37" />
<String CONTENT="George" HEIGHT="68" HPOS="1222" VPOS="474" WIDTH="221" />
<SP HEIGHT="50" HPOS="1444" VPOS="476" WIDTH="39" />
<String CONTENT="B." HEIGHT="50" HPOS="1484" VPOS="476" WIDTH="65" />
<SP HEIGHT="51" HPOS="1550" VPOS="474" WIDTH="41" />
<String CONTENT="Rodney" HEIGHT="66" HPOS="1592" VPOS="474" WIDTH="238" />
<SP HEIGHT="49" HPOS="1831" VPOS="491" WIDTH="44" />
<String CONTENT="&#8230;" CS="1" />
<SP HEIGHT="51" HPOS="1933" VPOS="473" WIDTH="77" />
<String CONTENT="New" HEIGHT="51" HPOS="2011" VPOS="473" WIDTH="136" />
</TextLine>
<TextLine CS="1" HEIGHT="69" HPOS="159" VPOS="554" WIDTH="758">
<String CONTENT="York," HEIGHT="67" HPOS="159" VPOS="556" WIDTH="175" />
<SP HEIGHT="69" HPOS="335" VPOS="554" WIDTH="29" />
<String CONTENT="Greenberg" HEIGHT="69" HPOS="365" VPOS="554" WIDTH="327" />
<SP />
<String CONTENT="[c1935]" CS="1" HEIGHT="33" HPOS="905" VPOS="587" WIDTH="12" />
</TextLine>
<TextLine CS="1" HEIGHT="49" HPOS="227" STYLEREFS="StyleId-199E7CAF-8FA1-44A4-81B6-2468CDB6F78D-" VPOS="628" WIDTH="561">
<String CONTENT="2" HEIGHT="39" HPOS="227" VPOS="630" WIDTH="27" />
<SP HEIGHT="47" HPOS="255" VPOS="630" WIDTH="27" />
<String CONTENT="p." HEIGHT="37" HPOS="283" VPOS="640" WIDTH="42" />
<SP HEIGHT="38" HPOS="326" VPOS="631" WIDTH="26" />
<String CONTENT="l.," CS="1" HEIGHT="38" HPOS="353" VPOS="631" WIDTH="16" />
<SP HEIGHT="42" HPOS="398" VPOS="629" WIDTH="27" />
<String CONTENT="250" HEIGHT="40" HPOS="426" VPOS="628" WIDTH="88" />
<SP HEIGHT="48" HPOS="515" VPOS="628" WIDTH="24" />
<String CONTENT="p." HEIGHT="37" HPOS="540" VPOS="639" WIDTH="40" />
<SP HEIGHT="38" HPOS="581" VPOS="629" WIDTH="60" />
<String CONTENT="19&#189;" CS="1" />
<String CONTENT="cm" HEIGHT="21" HPOS="729" STYLE="superscript" VPOS="630" WIDTH="44" />
<String CONTENT="." HEIGHT="7" HPOS="780" VPOS="660" WIDTH="8" />
</TextLine>
<TextLine CS="1" HEIGHT="57" HPOS="159" STYLEREFS="StyleId-199E7CAF-8FA1-44A4-81B6-2468CDB6F78D-" VPOS="678" WIDTH="1991">
<String CONTENT="&#169;" HEIGHT="52" HPOS="159" VPOS="683" WIDTH="51" />
<SP HEIGHT="52" HPOS="211" VPOS="683" WIDTH="25" />
<String CONTENT="Oct." HEIGHT="40" HPOS="237" VPOS="686" WIDTH="99" />
<SP HEIGHT="39" HPOS="337" VPOS="686" WIDTH="27" />
<String CONTENT="8," HEIGHT="42" HPOS="365" VPOS="686" WIDTH="38" />
<SP HEIGHT="41" HPOS="404" VPOS="687" WIDTH="27" />
<String CONTENT="1935;" CS="1" />
<SP HEIGHT="42" HPOS="573" VPOS="685" WIDTH="27" />
<String CONTENT="2c." HEIGHT="39" HPOS="601" VPOS="685" WIDTH="66" />
<SP HEIGHT="39" HPOS="668" VPOS="685" WIDTH="22" />
<String CONTENT="Nov." HEIGHT="38" HPOS="691" VPOS="685" WIDTH="118" />
<SP HEIGHT="40" HPOS="810" VPOS="683" WIDTH="26" />
<String CONTENT="22;" HEIGHT="47" HPOS="837" VPOS="683" WIDTH="81" />
<SP HEIGHT="36" HPOS="919" VPOS="694" WIDTH="28" />
<String CONTENT="aff." HEIGHT="41" HPOS="948" VPOS="682" WIDTH="82" />
<SP HEIGHT="39" HPOS="1031" VPOS="683" WIDTH="27" />
<String CONTENT="Nov." HEIGHT="38" HPOS="1059" VPOS="683" WIDTH="117" />
<SP HEIGHT="38" HPOS="1177" VPOS="683" WIDTH="28" />
<String CONTENT="16;" HEIGHT="47" HPOS="1206" VPOS="681" WIDTH="81" />
<SP HEIGHT="46" HPOS="1288" VPOS="682" WIDTH="29" />
<String CONTENT="A" HEIGHT="38" HPOS="1318" VPOS="682" WIDTH="41" />
<SP HEIGHT="40" HPOS="1360" VPOS="682" WIDTH="24" />
<String CONTENT="89539;" HEIGHT="48" HPOS="1385" VPOS="680" WIDTH="170" />
<SP HEIGHT="48" HPOS="1556" VPOS="680" WIDTH="31" />
<String CONTENT="Greenberg" HEIGHT="48" HPOS="1588" VPOS="680" WIDTH="274" />
<SP HEIGHT="39" HPOS="1863" VPOS="689" WIDTH="24" />
<String CONTENT="publisher," HEIGHT="50" HPOS="1888" VPOS="678" WIDTH="262" />
</TextLine>
<TextLine CS="1" HEIGHT="47" HPOS="227" STYLEREFS="StyleId-199E7CAF-8FA1-44A4-81B6-2468CDB6F78D-" VPOS="742" WIDTH="440">
<String CONTENT="inc." HEIGHT="40" HPOS="227" VPOS="742" WIDTH="89" />
<SP HEIGHT="46" HPOS="317" VPOS="743" WIDTH="69" />
<String CONTENT="(35-29214)" CS="1" HEIGHT="47" HPOS="387" VPOS="742" WIDTH="280" />
</TextLine>
<TextLine HEIGHT="63" HPOS="160" STYLEREFS="StyleId-34FEACDF-95A7-4327-8E99-0AE0FE13FE7E-" VPOS="844" WIDTH="638">
<String CONTENT="Roughead," HEIGHT="63" HPOS="160" VPOS="844" WIDTH="338" />
<SP HEIGHT="61" HPOS="499" VPOS="845" WIDTH="26" />
<String CONTENT="William." HEIGHT="54" HPOS="526" VPOS="844" WIDTH="272" />
</TextLine>
<TextLine HEIGHT="71" HPOS="228" VPOS="917" WIDTH="1923">
<String CONTENT="Rogues" HEIGHT="66" HPOS="228" VPOS="922" WIDTH="224" />
<SP HEIGHT="34" HPOS="453" VPOS="940" WIDTH="31" />
<String CONTENT="walk" HEIGHT="52" HPOS="485" VPOS="920" WIDTH="150" />
<SP HEIGHT="51" HPOS="636" VPOS="920" WIDTH="27" />
<String CONTENT="here," HEIGHT="62" HPOS="664" VPOS="921" WIDTH="148" />
<SP HEIGHT="62" HPOS="813" VPOS="921" WIDTH="30" />
<String CONTENT="by" HEIGHT="65" HPOS="844" VPOS="921" WIDTH="73" />
<SP HEIGHT="65" HPOS="918" VPOS="921" WIDTH="28" />
<String CONTENT="William" HEIGHT="54" HPOS="947" VPOS="919" WIDTH="258" />
<SP HEIGHT="51" HPOS="1206" VPOS="920" WIDTH="31" />
<String CONTENT="Roughead." HEIGHT="67" HPOS="1238" VPOS="918" WIDTH="331" />
<SP HEIGHT="52" HPOS="1570" VPOS="918" WIDTH="73" />
<String CONTENT="London," HEIGHT="67" HPOS="1644" VPOS="917" WIDTH="258" />
<SP HEIGHT="67" HPOS="1903" VPOS="917" WIDTH="34" />
<String CONTENT="Cassell" HEIGHT="54" HPOS="1938" VPOS="917" WIDTH="213" />
</TextLine>
<TextLine HEIGHT="66" HPOS="162" VPOS="999" WIDTH="760">
<String CONTENT="and" HEIGHT="51" HPOS="162" VPOS="1000" WIDTH="109" />
<SP HEIGHT="51" HPOS="272" VPOS="1000" WIDTH="27" />
<String CONTENT="company," HEIGHT="48" HPOS="300" VPOS="1017" WIDTH="295" />
<SP HEIGHT="61" HPOS="596" VPOS="1002" WIDTH="25" />
<String CONTENT="ltd.," HEIGHT="65" HPOS="622" VPOS="999" WIDTH="122" />
<SP HEIGHT="62" HPOS="745" VPOS="1002" WIDTH="29" />
<String CONTENT="1934." HEIGHT="49" HPOS="775" VPOS="1001" WIDTH="147" />
</TextLine>
<TextLine HEIGHT="39" HPOS="227" VPOS="1072" WIDTH="98">
<String CONTENT="l" HEIGHT="38" HPOS="227" VPOS="1072" WIDTH="25" />
<SP HEIGHT="38" HPOS="253" VPOS="1072" WIDTH="30" />
<String CONTENT="v." HEIGHT="28" HPOS="284" VPOS="1083" WIDTH="41" />
</TextLine>
<TextLine CS="1" HEIGHT="55" HPOS="164" STYLEREFS="StyleId-199E7CAF-8FA1-44A4-81B6-2468CDB6F78D-" VPOS="1122" WIDTH="1988">
<String CONTENT="&#169;" HEIGHT="52" HPOS="164" VPOS="1125" WIDTH="51" />
<SP />
<String CONTENT="1c." CS="1" />
<SP />
<String CONTENT="June" HEIGHT="39" HPOS="355" VPOS="1128" WIDTH="128" />
<SP HEIGHT="39" HPOS="484" VPOS="1128" WIDTH="33" />
<String CONTENT="16," HEIGHT="49" HPOS="518" VPOS="1126" WIDTH="67" />
<SP HEIGHT="48" HPOS="586" VPOS="1127" WIDTH="36" />
<String CONTENT="1934;" HEIGHT="46" HPOS="623" VPOS="1126" WIDTH="140" />
<SP HEIGHT="45" HPOS="764" VPOS="1127" WIDTH="38" />
<String CONTENT="A" HEIGHT="38" HPOS="803" VPOS="1127" WIDTH="41" />
<SP HEIGHT="38" HPOS="845" VPOS="1127" WIDTH="30" />
<String CONTENT="ad" HEIGHT="40" HPOS="876" VPOS="1126" WIDTH="63" />
<SP HEIGHT="41" HPOS="940" VPOS="1125" WIDTH="35" />
<String CONTENT="int." HEIGHT="40" HPOS="976" VPOS="1125" WIDTH="85" />
<SP HEIGHT="39" HPOS="1062" VPOS="1126" WIDTH="37" />
<String CONTENT="19050';" HEIGHT="47" HPOS="1100" VPOS="1124" WIDTH="170" />
<SP HEIGHT="37" HPOS="1271" VPOS="1135" WIDTH="37" />
<String CONTENT="pubd." HEIGHT="47" HPOS="1309" VPOS="1125" WIDTH="143" />
<SP HEIGHT="40" HPOS="1453" VPOS="1124" WIDTH="35" />
<String CONTENT="Apr." HEIGHT="49" HPOS="1489" VPOS="1124" WIDTH="114" />
<SP HEIGHT="38" HPOS="1604" VPOS="1126" WIDTH="35" />
<String CONTENT="19;" HEIGHT="48" HPOS="1640" VPOS="1122" WIDTH="81" />
<SP HEIGHT="45" HPOS="1722" VPOS="1125" WIDTH="40" />
<String CONTENT="W." HEIGHT="38" HPOS="1763" VPOS="1125" WIDTH="71" />
<SP HEIGHT="39" HPOS="1835" VPOS="1124" WIDTH="38" />
<String CONTENT="Roughead," HEIGHT="47" HPOS="1874" VPOS="1124" WIDTH="278" />
</TextLine>
<TextLine HEIGHT="47" HPOS="231" STYLEREFS="StyleId-199E7CAF-8FA1-44A4-81B6-2468CDB6F78D-" VPOS="1184" WIDTH="295">
<String CONTENT="Edinburgh." HEIGHT="47" HPOS="231" VPOS="1184" WIDTH="295" />
</TextLine>
<TextLine HEIGHT="68" HPOS="162" VPOS="1283" WIDTH="1213">
<String CONTENT="Rowland," HEIGHT="68" HPOS="162" VPOS="1283" WIDTH="296" />
<SP HEIGHT="63" HPOS="459" VPOS="1288" WIDTH="30" />
<String CONTENT="Mrs." HEIGHT="51" HPOS="490" VPOS="1288" WIDTH="138" />
<SP HEIGHT="54" HPOS="629" VPOS="1285" WIDTH="31" />
<String CONTENT="Olive" HEIGHT="56" HPOS="661" VPOS="1283" WIDTH="164" />
<SP HEIGHT="63" HPOS="826" VPOS="1286" WIDTH="29" />
<String CONTENT="(Barrick)" HEIGHT="65" HPOS="856" VPOS="1284" WIDTH="306" />
<SP HEIGHT="59" HPOS="1163" VPOS="1285" WIDTH="41" />
<String CONTENT="1880-" HEIGHT="51" HPOS="1205" VPOS="1286" WIDTH="170" />
</TextLine>
<TextLine HEIGHT="70" HPOS="222" VPOS="1359" WIDTH="1932">
<String CONTENT="An" HEIGHT="54" HPOS="222" VPOS="1363" WIDTH="101" />
<SP HEIGHT="34" HPOS="324" VPOS="1382" WIDTH="30" />
<String CONTENT="ancestral" HEIGHT="52" HPOS="355" VPOS="1364" WIDTH="278" />
<SP HEIGHT="51" HPOS="634" VPOS="1364" WIDTH="29" />
<String CONTENT="chart" HEIGHT="52" HPOS="664" VPOS="1362" WIDTH="164" />
<SP HEIGHT="48" HPOS="829" VPOS="1367" WIDTH="26" />
<String CONTENT="and" HEIGHT="53" HPOS="856" VPOS="1362" WIDTH="110" />
<SP HEIGHT="52" HPOS="967" VPOS="1362" WIDTH="28" />
<String CONTENT="handbook;" HEIGHT="66" HPOS="996" VPOS="1360" WIDTH="333" />
<SP HEIGHT="51" HPOS="1330" VPOS="1378" WIDTH="29" />
<String CONTENT="genealogical" HEIGHT="70" HPOS="1360" VPOS="1359" WIDTH="385" />
<SP HEIGHT="51" HPOS="1746" VPOS="1361" WIDTH="28" />
<String CONTENT="notes" HEIGHT="49" HPOS="1775" VPOS="1364" WIDTH="158" />
<SP HEIGHT="34" HPOS="1934" VPOS="1379" WIDTH="30" />
<String CONTENT="of" HEIGHT="54" HPOS="1965" VPOS="1359" WIDTH="64" />
<SP HEIGHT="53" HPOS="2030" VPOS="1359" WIDTH="27" />
<String CONTENT="the" HEIGHT="52" HPOS="2058" VPOS="1360" WIDTH="96" />
</TextLine>
<TextLine HEIGHT="70" HPOS="165" VPOS="1437" WIDTH="1988">
<String CONTENT="Sutton" HEIGHT="55" HPOS="165" VPOS="1440" WIDTH="207" />
<SP HEIGHT="33" HPOS="373" VPOS="1460" WIDTH="39" />
<String CONTENT="and" HEIGHT="52" HPOS="413" VPOS="1441" WIDTH="112" />
<SP HEIGHT="52" HPOS="526" VPOS="1441" WIDTH="35" />
<String CONTENT="Rittenhouse" HEIGHT="52" HPOS="562" VPOS="1440" WIDTH="373" />
<SP HEIGHT="54" HPOS="936" VPOS="1437" WIDTH="39" />
<String CONTENT="families" HEIGHT="56" HPOS="976" VPOS="1437" WIDTH="248" />
<SP HEIGHT="36" HPOS="1225" VPOS="1457" WIDTH="36" />
<String CONTENT="of" HEIGHT="53" HPOS="1262" VPOS="1438" WIDTH="65" />
<SP HEIGHT="53" HPOS="1328" VPOS="1438" WIDTH="36" />
<String CONTENT="Hunterdon" HEIGHT="53" HPOS="1365" VPOS="1438" WIDTH="345" />
<SP HEIGHT="34" HPOS="1711" VPOS="1457" WIDTH="38" />
<String CONTENT="county," HEIGHT="64" HPOS="1750" VPOS="1443" WIDTH="226" />
<SP HEIGHT="67" HPOS="1977" VPOS="1438" WIDTH="36" />
<String CONTENT="New" HEIGHT="53" HPOS="2014" VPOS="1438" WIDTH="139" />
</TextLine>
<TextLine HEIGHT="71" HPOS="162" VPOS="1516" WIDTH="1992">
<String CONTENT="Jersey;" HEIGHT="69" HPOS="162" VPOS="1518" WIDTH="227" />
<SP HEIGHT="48" HPOS="390" VPOS="1537" WIDTH="35" />
<String CONTENT="with" HEIGHT="53" HPOS="426" VPOS="1518" WIDTH="137" />
<SP HEIGHT="53" HPOS="564" VPOS="1518" WIDTH="34" />
<String CONTENT="Mattison," HEIGHT="65" HPOS="599" VPOS="1518" WIDTH="294" />
<SP HEIGHT="65" HPOS="894" VPOS="1518" WIDTH="33" />
<String CONTENT="Bonham," HEIGHT="66" HPOS="928" VPOS="1517" WIDTH="280" />
<SP HEIGHT="66" HPOS="1209" VPOS="1517" WIDTH="31" />
<String CONTENT="Fuller," HEIGHT="67" HPOS="1241" VPOS="1516" WIDTH="216" />
<SP HEIGHT="49" HPOS="1458" VPOS="1534" WIDTH="31" />
<String CONTENT="and" HEIGHT="52" HPOS="1490" VPOS="1516" WIDTH="113" />
<SP HEIGHT="52" HPOS="1604" VPOS="1516" WIDTH="32" />
<String CONTENT="Fox" HEIGHT="52" HPOS="1637" VPOS="1517" WIDTH="125" />
<SP HEIGHT="35" HPOS="1763" VPOS="1534" WIDTH="33" />
<String CONTENT="connections" HEIGHT="54" HPOS="1797" VPOS="1516" WIDTH="357" />
</TextLine>
<TextLine HEIGHT="71" HPOS="164" VPOS="1593" WIDTH="1989">
<String CONTENT="and" HEIGHT="51" HPOS="164" VPOS="1597" WIDTH="112" />
<SP HEIGHT="51" HPOS="277" VPOS="1597" WIDTH="38" />
<String CONTENT="some" HEIGHT="34" HPOS="316" VPOS="1615" WIDTH="151" />
<SP HEIGHT="34" HPOS="468" VPOS="1615" WIDTH="38" />
<String CONTENT="record" HEIGHT="52" HPOS="507" VPOS="1595" WIDTH="197" />
<SP HEIGHT="53" HPOS="705" VPOS="1595" WIDTH="39" />
<String CONTENT="of" HEIGHT="53" HPOS="745" VPOS="1595" WIDTH="63" />
<SP HEIGHT="53" HPOS="809" VPOS="1595" WIDTH="40" />
<String CONTENT="the" HEIGHT="53" HPOS="850" VPOS="1595" WIDTH="96" />
<SP HEIGHT="50" HPOS="947" VPOS="1596" WIDTH="40" />
<String CONTENT="Barrick" HEIGHT="53" HPOS="988" VPOS="1593" WIDTH="245" />
<SP HEIGHT="51" HPOS="1234" VPOS="1595" WIDTH="39" />
<String CONTENT="and" HEIGHT="52" HPOS="1274" VPOS="1594" WIDTH="113" />
<SP HEIGHT="54" HPOS="1388" VPOS="1594" WIDTH="41" />
<String CONTENT="Shepherd" HEIGHT="67" HPOS="1430" VPOS="1594" WIDTH="299" />
<SP HEIGHT="51" HPOS="1730" VPOS="1594" WIDTH="40" />
<String CONTENT="families," HEIGHT="68" HPOS="1771" VPOS="1594" WIDTH="268" />
<SP HEIGHT="66" HPOS="2040" VPOS="1596" WIDTH="38" />
<String CONTENT="by" HEIGHT="68" HPOS="2079" VPOS="1596" WIDTH="74" />
</TextLine>
<TextLine HEIGHT="67" HPOS="165" VPOS="1671" WIDTH="1988">
<String CONTENT="Olive" HEIGHT="55" HPOS="165" VPOS="1673" WIDTH="167" />
<SP HEIGHT="52" HPOS="333" VPOS="1674" WIDTH="32" />
<String CONTENT="Barrick" HEIGHT="53" HPOS="366" VPOS="1672" WIDTH="244" />
<SP HEIGHT="52" HPOS="611" VPOS="1672" WIDTH="31" />
<String CONTENT="Rowland." HEIGHT="52" HPOS="643" VPOS="1672" WIDTH="300" />
<SP HEIGHT="51" HPOS="944" VPOS="1673" WIDTH="68" />
<String CONTENT="Richmond," HEIGHT="67" HPOS="1013" VPOS="1671" WIDTH="342" />
<SP HEIGHT="67" HPOS="1356" VPOS="1671" WIDTH="34" />
<String CONTENT="Garrett" HEIGHT="55" HPOS="1391" VPOS="1671" WIDTH="236" />
<SP HEIGHT="51" HPOS="1628" VPOS="1674" WIDTH="32" />
<String CONTENT="&amp;" HEIGHT="51" HPOS="1661" VPOS="1674" WIDTH="47" />
<SP HEIGHT="53" HPOS="1709" VPOS="1672" WIDTH="31" />
<String CONTENT="Massie," HEIGHT="66" HPOS="1741" VPOS="1672" WIDTH="226" />
<SP HEIGHT="61" HPOS="1968" VPOS="1677" WIDTH="38" />
<String CONTENT="1935." HEIGHT="49" HPOS="2007" VPOS="1677" WIDTH="146" />
</TextLine>
<TextLine CS="1" HEIGHT="51" HPOS="233" VPOS="1744" WIDTH="1919">
<String CONTENT="xiii" HEIGHT="41" HPOS="233" VPOS="1746" WIDTH="89" />
<SP HEIGHT="47" HPOS="323" VPOS="1748" WIDTH="21" />
<String CONTENT="p&#8222;" HEIGHT="38" HPOS="345" VPOS="1757" WIDTH="59" />
<SP HEIGHT="48" HPOS="405" VPOS="1746" WIDTH="24" />
<String CONTENT="1" HEIGHT="40" HPOS="430" VPOS="1746" WIDTH="26" />
<SP HEIGHT="40" HPOS="457" VPOS="1746" WIDTH="23" />
<String CONTENT="l.," CS="1" />
<SP HEIGHT="46" HPOS="527" VPOS="1747" WIDTH="25" />
<String CONTENT="199" HEIGHT="41" HPOS="553" VPOS="1745" WIDTH="86" />
<SP HEIGHT="49" HPOS="640" VPOS="1745" WIDTH="22" />
<String CONTENT="p." HEIGHT="37" HPOS="663" VPOS="1757" WIDTH="43" />
<SP HEIGHT="41" HPOS="707" VPOS="1744" WIDTH="51" />
<String CONTENT="front.," HEIGHT="49" HPOS="759" VPOS="1744" WIDTH="163" />
<SP HEIGHT="37" HPOS="923" VPOS="1757" WIDTH="24" />
<String CONTENT="plates," HEIGHT="50" HPOS="948" VPOS="1744" WIDTH="171" />
<SP HEIGHT="38" HPOS="1120" VPOS="1756" WIDTH="24" />
<String CONTENT="ports.," HEIGHT="46" HPOS="1145" VPOS="1747" WIDTH="164" />
<SP HEIGHT="35" HPOS="1310" VPOS="1757" WIDTH="23" />
<String CONTENT="xiii" HEIGHT="39" HPOS="1334" VPOS="1745" WIDTH="89" />
<SP HEIGHT="48" HPOS="1424" VPOS="1746" WIDTH="25" />
<String CONTENT="geneal." HEIGHT="49" HPOS="1450" VPOS="1745" WIDTH="183" />
<SP HEIGHT="38" HPOS="1634" VPOS="1747" WIDTH="24" />
<String CONTENT="tab.," HEIGHT="46" HPOS="1659" VPOS="1745" WIDTH="112" />
<SP HEIGHT="35" HPOS="1772" VPOS="1756" WIDTH="24" />
<String CONTENT="coat" HEIGHT="38" HPOS="1797" VPOS="1749" WIDTH="108" />
<SP HEIGHT="39" HPOS="1906" VPOS="1749" WIDTH="26" />
<String CONTENT="of" HEIGHT="41" HPOS="1933" VPOS="1747" WIDTH="50" />
<SP HEIGHT="40" HPOS="1984" VPOS="1747" WIDTH="24" />
<String CONTENT="arms." HEIGHT="30" HPOS="2009" VPOS="1758" WIDTH="143" />
</TextLine>
<TextLine CS="1" HEIGHT="42" HPOS="162" STYLEREFS="StyleId-34FEACDF-95A7-4327-8E99-0AE0FE13FE7E-" VPOS="1803" WIDTH="146">
<String CONTENT="23&#189;" CS="1" HEIGHT="42" HPOS="162" VPOS="1803" WIDTH="55" />
<String CONTENT="cm" HEIGHT="22" HPOS="250" STYLE="superscript" VPOS="1806" WIDTH="45" />
<String CONTENT="." HEIGHT="9" HPOS="297" VPOS="1835" WIDTH="11" />
</TextLine>
<TextLine HEIGHT="52" HPOS="235" STYLEREFS="StyleId-199E7CAF-8FA1-44A4-81B6-2468CDB6F78D-" VPOS="1858" WIDTH="1919">
<String CONTENT="Frontispiece" HEIGHT="50" HPOS="235" VPOS="1859" WIDTH="330" />
<SP HEIGHT="31" HPOS="566" VPOS="1869" WIDTH="24" />
<String CONTENT="accompanied" HEIGHT="48" HPOS="591" VPOS="1859" WIDTH="340" />
<SP HEIGHT="40" HPOS="932" VPOS="1859" WIDTH="27" />
<String CONTENT="by" HEIGHT="47" HPOS="960" VPOS="1859" WIDTH="60" />
<SP HEIGHT="38" HPOS="1021" VPOS="1869" WIDTH="23" />
<String CONTENT="guard" HEIGHT="48" HPOS="1045" VPOS="1859" WIDTH="155" />
<SP HEIGHT="39" HPOS="1201" VPOS="1859" WIDTH="27" />
<String CONTENT="sheet" HEIGHT="41" HPOS="1229" VPOS="1859" WIDTH="136" />
<SP HEIGHT="39" HPOS="1366" VPOS="1860" WIDTH="24" />
<String CONTENT="with" HEIGHT="41" HPOS="1391" VPOS="1858" WIDTH="120" />
<SP HEIGHT="39" HPOS="1512" VPOS="1860" WIDTH="25" />
<String CONTENT="descriptive" HEIGHT="49" HPOS="1538" VPOS="1859" WIDTH="291" />
<SP HEIGHT="39" HPOS="1830" VPOS="1862" WIDTH="27" />
<String CONTENT="letterpress." HEIGHT="48" HPOS="1858" VPOS="1862" WIDTH="296" />
</TextLine>
<TextLine HEIGHT="50" HPOS="234" STYLEREFS="StyleId-199E7CAF-8FA1-44A4-81B6-2468CDB6F78D-" VPOS="1915" WIDTH="645">
<String CONTENT="Includes" HEIGHT="41" HPOS="234" VPOS="1917" WIDTH="225" />
<SP HEIGHT="40" HPOS="460" VPOS="1917" WIDTH="28" />
<String CONTENT="bibliographies." HEIGHT="50" HPOS="489" VPOS="1915" WIDTH="390" />
</TextLine>
<TextLine CS="1" HEIGHT="105" HPOS="167" STYLEREFS="StyleId-199E7CAF-8FA1-44A4-81B6-2468CDB6F78D-" VPOS="1971" WIDTH="1973">
<String CONTENT="&#169;" HEIGHT="52" HPOS="167" VPOS="1972" WIDTH="51" />
<SP HEIGHT="52" HPOS="219" VPOS="1972" WIDTH="25" />
<String CONTENT="Nov." HEIGHT="39" HPOS="245" VPOS="1975" WIDTH="118" />
<SP HEIGHT="40" HPOS="364" VPOS="1974" WIDTH="27" />
<String CONTENT="20," HEIGHT="47" HPOS="392" VPOS="1974" WIDTH="68" />
<SP HEIGHT="47" HPOS="461" VPOS="1974" WIDTH="28" />
<String CONTENT="1935;" CS="1" HEIGHT="41" HPOS="490" VPOS="1972" WIDTH="113" />
<SP HEIGHT="46" HPOS="631" VPOS="1973" WIDTH="28" />
<String CONTENT="2c." HEIGHT="39" HPOS="660" VPOS="1973" WIDTH="67" />
<SP HEIGHT="29" HPOS="728" VPOS="1983" WIDTH="28" />
<String CONTENT="and" HEIGHT="39" HPOS="757" VPOS="1973" WIDTH="95" />
<SP HEIGHT="39" HPOS="853" VPOS="1973" WIDTH="27" />
<String CONTENT="aff." HEIGHT="39" HPOS="881" VPOS="1972" WIDTH="80" />
<SP HEIGHT="38" HPOS="962" VPOS="1973" WIDTH="28" />
<String CONTENT="Nov." HEIGHT="39" HPOS="991" VPOS="1973" WIDTH="118" />
<SP HEIGHT="41" HPOS="1110" VPOS="1971" WIDTH="27" />
<String CONTENT="21;" HEIGHT="47" HPOS="1138" VPOS="1971" WIDTH="83" />
<SP HEIGHT="45" HPOS="1222" VPOS="1973" WIDTH="27" />
<String CONTENT="A" HEIGHT="37" HPOS="1250" VPOS="1973" WIDTH="41" />
<SP HEIGHT="40" HPOS="1292" VPOS="1972" WIDTH="27" />
<String CONTENT="88336;" CS="1" HEIGHT="40" HPOS="1320" VPOS="1972" WIDTH="142" />
<SP HEIGHT="45" HPOS="1490" VPOS="1973" WIDTH="32" />
<String CONTENT="O." HEIGHT="40" HPOS="1523" VPOS="1973" WIDTH="52" />
<SP HEIGHT="38" HPOS="1576" VPOS="1974" WIDTH="30" />
<String CONTENT="B." HEIGHT="39" HPOS="1607" VPOS="1974" WIDTH="53" />
<SP HEIGHT="39" HPOS="1661" VPOS="1974" WIDTH="30" />
<String CONTENT="Rowland," HEIGHT="46" HPOS="1692" VPOS="1974" WIDTH="249" />
<SP HEIGHT="44" HPOS="1942" VPOS="1976" WIDTH="31" />
<String CONTENT="Petersburg," HEIGHT="100" HPOS="218" VPOS="1976" WIDTH="1922" />
<SP HEIGHT="47" HPOS="351" VPOS="2029" WIDTH="29" />
<String CONTENT="Va." HEIGHT="40" HPOS="381" VPOS="2029" WIDTH="85" />
<SP HEIGHT="42" HPOS="467" VPOS="2029" WIDTH="69" />
<String CONTENT="(35-29161)" HEIGHT="48" HPOS="537" VPOS="2027" WIDTH="278" />
</TextLine>
<TextLine HEIGHT="66" HPOS="167" VPOS="2130" WIDTH="1035">
<String CONTENT="Runyan," HEIGHT="64" HPOS="167" VPOS="2132" WIDTH="267" />
<SP HEIGHT="62" HPOS="435" VPOS="2134" WIDTH="29" />
<String CONTENT="William" HEIGHT="56" HPOS="465" VPOS="2130" WIDTH="254" />
<SP HEIGHT="51" HPOS="720" VPOS="2133" WIDTH="28" />
<String CONTENT="Marion," HEIGHT="65" HPOS="749" VPOS="2130" WIDTH="247" />
<SP HEIGHT="57" HPOS="997" VPOS="2138" WIDTH="33" />
<String CONTENT="1870-" HEIGHT="53" HPOS="1031" VPOS="2134" WIDTH="171" />
</TextLine>
<TextLine HEIGHT="69" HPOS="234" VPOS="2208" WIDTH="1923">
<String CONTENT="The" HEIGHT="52" HPOS="234" VPOS="2210" WIDTH="121" />
<SP HEIGHT="35" HPOS="356" VPOS="2227" WIDTH="28" />
<String CONTENT="waiting" HEIGHT="69" HPOS="385" VPOS="2208" WIDTH="238" />
<SP HEIGHT="68" HPOS="624" VPOS="2209" WIDTH="30" />
<String CONTENT="drummer," HEIGHT="67" HPOS="655" VPOS="2209" WIDTH="304" />
<SP HEIGHT="48" HPOS="960" VPOS="2228" WIDTH="31" />
<String CONTENT="and" HEIGHT="52" HPOS="992" VPOS="2209" WIDTH="113" />
<SP HEIGHT="52" HPOS="1106" VPOS="2209" WIDTH="29" />
<String CONTENT="other" HEIGHT="52" HPOS="1136" VPOS="2209" WIDTH="163" />
<SP HEIGHT="34" HPOS="1300" VPOS="2227" WIDTH="29" />
<String CONTENT="verse," HEIGHT="50" HPOS="1330" VPOS="2227" WIDTH="173" />
<SP HEIGHT="69" HPOS="1504" VPOS="2208" WIDTH="29" />
<String CONTENT="by" HEIGHT="69" HPOS="1534" VPOS="2208" WIDTH="75" />
<SP HEIGHT="67" HPOS="1610" VPOS="2210" WIDTH="29" />
<String CONTENT="William" HEIGHT="56" HPOS="1640" VPOS="2208" WIDTH="259" />
<SP HEIGHT="52" HPOS="1900" VPOS="2212" WIDTH="27" />
<String CONTENT="Marion" HEIGHT="53" HPOS="1928" VPOS="2212" WIDTH="229" />
</TextLine>
<TextLine CS="1" HEIGHT="72" HPOS="166" VPOS="2285" WIDTH="1968">
<String CONTENT="Runyan." HEIGHT="68" HPOS="166" VPOS="2287" WIDTH="258" />
<SP HEIGHT="52" HPOS="425" VPOS="2287" WIDTH="75" />
<String CONTENT="New" HEIGHT="52" HPOS="501" VPOS="2287" WIDTH="139" />
<SP HEIGHT="52" HPOS="641" VPOS="2287" WIDTH="27" />
<String CONTENT="York" HEIGHT="52" HPOS="669" VPOS="2287" WIDTH="162" />
<SP />
<String CONTENT="[etc.]" CS="1" HEIGHT="33" HPOS="970" VPOS="2319" WIDTH="28" />
<SP HEIGHT="65" HPOS="999" VPOS="2287" WIDTH="30" />
<String CONTENT="Fleming" HEIGHT="69" HPOS="1030" VPOS="2285" WIDTH="268" />
<SP HEIGHT="66" HPOS="1299" VPOS="2288" WIDTH="20" />
<String CONTENT="H." HEIGHT="51" HPOS="1320" VPOS="2288" WIDTH="76" />
<SP HEIGHT="52" HPOS="1397" VPOS="2287" WIDTH="28" />
<String CONTENT="Revell" HEIGHT="53" HPOS="1426" VPOS="2287" WIDTH="197" />
<SP HEIGHT="54" HPOS="1624" VPOS="2287" WIDTH="23" />
<String CONTENT="company" HEIGHT="52" HPOS="1648" VPOS="2305" WIDTH="280" />
<SP HEIGHT="49" HPOS="1929" VPOS="2308" WIDTH="31" />
<String CONTENT="[c" CS="1" HEIGHT="33" HPOS="1961" STYLE="subscript" VPOS="2321" WIDTH="11" />
<String CONTENT="1935]" CS="1" HEIGHT="49" HPOS="2001" VPOS="2293" WIDTH="133" />
</TextLine>
<TextLine CS="1" HEIGHT="67" HPOS="237" STYLEREFS="StyleId-199E7CAF-8FA1-44A4-81B6-2468CDB6F78D-" VPOS="2343" WIDTH="422">
<String CONTENT="95," HEIGHT="48" HPOS="237" VPOS="2360" WIDTH="68" />
<SP HEIGHT="67" HPOS="317" VPOS="2343" WIDTH="20" />
<String CONTENT="[1]" HEIGHT="49" HPOS="338" VPOS="2361" WIDTH="55" />
<SP HEIGHT="39" HPOS="394" VPOS="2371" WIDTH="29" />
<String CONTENT="p." HEIGHT="37" HPOS="424" VPOS="2371" WIDTH="43" />
<SP HEIGHT="40" HPOS="468" VPOS="2360" WIDTH="58" />
<String CONTENT="19&#189;" CS="1" HEIGHT="40" HPOS="527" VPOS="2359" WIDTH="56" />
<String CONTENT="cm" HEIGHT="21" HPOS="615" STYLE="superscript" VPOS="2363" WIDTH="44" />
</TextLine>
<TextLine CS="1" HEIGHT="52" HPOS="171" STYLEREFS="StyleId-199E7CAF-8FA1-44A4-81B6-2468CDB6F78D-" VPOS="2414" WIDTH="1879">
<String CONTENT="&#169;" HEIGHT="52" HPOS="171" VPOS="2414" WIDTH="51" />
<SP HEIGHT="52" HPOS="223" VPOS="2414" WIDTH="24" />
<String CONTENT="Nov." HEIGHT="39" HPOS="248" VPOS="2418" WIDTH="116" />
<SP HEIGHT="39" HPOS="365" VPOS="2417" WIDTH="27" />
<String CONTENT="2," HEIGHT="47" HPOS="393" VPOS="2417" WIDTH="40" />
<SP HEIGHT="45" HPOS="434" VPOS="2419" WIDTH="26" />
<String CONTENT="1835;" CS="1" HEIGHT="41" HPOS="461" VPOS="2416" WIDTH="111" />
<SP HEIGHT="46" HPOS="601" VPOS="2417" WIDTH="28" />
<String CONTENT="2c." HEIGHT="39" HPOS="630" VPOS="2417" WIDTH="67" />
<SP HEIGHT="29" HPOS="698" VPOS="2427" WIDTH="27" />
<String CONTENT="and" HEIGHT="38" HPOS="726" VPOS="2418" WIDTH="95" />
<SP HEIGHT="38" HPOS="822" VPOS="2418" WIDTH="26" />
<String CONTENT="aff." HEIGHT="39" HPOS="849" VPOS="2417" WIDTH="79" />
<SP HEIGHT="39" HPOS="929" VPOS="2417" WIDTH="27" />
<String CONTENT="Nov." HEIGHT="39" HPOS="957" VPOS="2417" WIDTH="118" />
<SP HEIGHT="41" HPOS="1076" VPOS="2415" WIDTH="23" />
<String CONTENT="9;" HEIGHT="47" HPOS="1100" VPOS="2415" WIDTH="53" />
<SP HEIGHT="45" HPOS="1154" VPOS="2417" WIDTH="28" />
<String CONTENT="A" HEIGHT="38" HPOS="1183" VPOS="2417" WIDTH="40" />
<SP HEIGHT="39" HPOS="1224" VPOS="2417" WIDTH="27" />
<String CONTENT="88206;" HEIGHT="42" HPOS="1252" VPOS="2416" WIDTH="168" />
<SP HEIGHT="40" HPOS="1421" VPOS="2418" WIDTH="31" />
<String CONTENT="Fleming" HEIGHT="49" HPOS="1453" VPOS="2417" WIDTH="220" />
<SP HEIGHT="47" HPOS="1674" VPOS="2419" WIDTH="23" />
<String CONTENT="H." HEIGHT="40" HPOS="1698" VPOS="2419" WIDTH="61" />
<SP HEIGHT="40" HPOS="1760" VPOS="2419" WIDTH="26" />
<String CONTENT="Revell" HEIGHT="40" HPOS="1787" VPOS="2419" WIDTH="167" />
<SP HEIGHT="38" HPOS="1955" VPOS="2422" WIDTH="27" />
<String CONTENT="co." HEIGHT="30" HPOS="1983" VPOS="2431" WIDTH="67" />
</TextLine>
<TextLine HEIGHT="49" HPOS="251" STYLEREFS="StyleId-199E7CAF-8FA1-44A4-81B6-2468CDB6F78D-" VPOS="2473" WIDTH="278">
<String CONTENT="(35-29210)" HEIGHT="49" HPOS="251" VPOS="2473" WIDTH="278" />
</TextLine>
<TextLine HEIGHT="66" HPOS="174" VPOS="2576" WIDTH="1190">
<String CONTENT="[Russell," HEIGHT="66" HPOS="174" VPOS="2576" WIDTH="264" />
<SP HEIGHT="63" HPOS="439" VPOS="2578" WIDTH="32" />
<String CONTENT="George" HEIGHT="63" HPOS="472" VPOS="2578" WIDTH="225" />
<SP HEIGHT="52" HPOS="698" VPOS="2579" WIDTH="30" />
<String CONTENT="William]" HEIGHT="66" HPOS="729" VPOS="2576" WIDTH="272" />
<SP HEIGHT="60" HPOS="1002" VPOS="2582" WIDTH="38" />
<String CONTENT="1867-1935." HEIGHT="50" HPOS="1041" VPOS="2580" WIDTH="323" />
</TextLine>
<TextLine CS="1" HEIGHT="144" HPOS="170" VPOS="2653" WIDTH="1960">
<String CONTENT="Selected" HEIGHT="56" HPOS="240" VPOS="2653" WIDTH="254" />
<SP HEIGHT="64" HPOS="495" VPOS="2657" WIDTH="30" />
<String CONTENT="poems," HEIGHT="54" HPOS="526" VPOS="2667" WIDTH="208" />
<SP HEIGHT="67" HPOS="735" VPOS="2654" WIDTH="30" />
<String CONTENT="by" HEIGHT="67" HPOS="766" VPOS="2654" WIDTH="73" />
<SP HEIGHT="66" HPOS="840" VPOS="2655" WIDTH="31" />
<String CONTENT="A." HEIGHT="53" HPOS="872" VPOS="2655" WIDTH="70" />
<SP HEIGHT="53" HPOS="943" VPOS="2655" WIDTH="33" />
<String CONTENT="E." HEIGHT="52" HPOS="977" VPOS="2655" WIDTH="66" />
<SP HEIGHT="52" HPOS="1044" VPOS="2655" WIDTH="66" />
<String CONTENT="New" HEIGHT="52" HPOS="1111" VPOS="2655" WIDTH="138" />
<SP HEIGHT="51" HPOS="1250" VPOS="2657" WIDTH="32" />
<String CONTENT="York," HEIGHT="66" HPOS="1283" VPOS="2656" WIDTH="178" />
<SP HEIGHT="64" HPOS="1462" VPOS="2658" WIDTH="30" />
<String CONTENT="The" HEIGHT="53" HPOS="1493" VPOS="2657" WIDTH="122" />
<SP HEIGHT="54" HPOS="1616" VPOS="2656" WIDTH="29" />
<String CONTENT="Macmillan" HEIGHT="54" HPOS="1646" VPOS="2656" WIDTH="333" />
<SP HEIGHT="34" HPOS="1980" VPOS="2677" WIDTH="31" />
<String CONTENT="company," HEIGHT="120" HPOS="170" VPOS="2677" WIDTH="1960" />
<SP HEIGHT="61" HPOS="340" VPOS="2736" WIDTH="32" />
<String CONTENT="1935." HEIGHT="49" HPOS="373" VPOS="2735" WIDTH="148" />
</TextLine>
<TextLine CS="1" HEIGHT="51" HPOS="273" STYLEREFS="StyleId-199E7CAF-8FA1-44A4-81B6-2468CDB6F78D-" VPOS="2801" WIDTH="571">
<String CONTENT="xiii" CS="1" HEIGHT="40" HPOS="273" VPOS="2801" WIDTH="15" />
<SP HEIGHT="38" HPOS="327" VPOS="2804" WIDTH="45" />
<String CONTENT="197," HEIGHT="50" HPOS="373" VPOS="2801" WIDTH="99" />
<SP HEIGHT="31" HPOS="473" VPOS="2821" WIDTH="32" />
<String CONTENT="[1]" HEIGHT="50" HPOS="506" VPOS="2802" WIDTH="57" />
<SP HEIGHT="39" HPOS="564" VPOS="2813" WIDTH="31" />
<String CONTENT="p." HEIGHT="38" HPOS="596" VPOS="2813" WIDTH="42" />
<SP HEIGHT="38" HPOS="639" VPOS="2804" WIDTH="58" />
<String CONTENT="19&#189;cm." CS="1" HEIGHT="41" HPOS="698" VPOS="2802" WIDTH="146" />
</TextLine>
<TextLine HEIGHT="71" HPOS="173" STYLEREFS="StyleId-199E7CAF-8FA1-44A4-81B6-2468CDB6F78D-" VPOS="2837" WIDTH="1638">
<String CONTENT="&#169;" HEIGHT="53" HPOS="173" VPOS="2855" WIDTH="51" />
<SP HEIGHT="53" HPOS="225" VPOS="2855" WIDTH="22" />
<String CONTENT="Nov." HEIGHT="39" HPOS="248" VPOS="2861" WIDTH="116" />
<SP HEIGHT="40" HPOS="365" VPOS="2860" WIDTH="26" />
<String CONTENT="6," HEIGHT="47" HPOS="392" VPOS="2860" WIDTH="39" />
<SP HEIGHT="47" HPOS="432" VPOS="2860" WIDTH="23" />
<String CONTENT="1935;" HEIGHT="47" HPOS="456" VPOS="2858" WIDTH="140" />
<SP HEIGHT="46" HPOS="597" VPOS="2859" WIDTH="25" />
<String CONTENT="2c." HEIGHT="40" HPOS="623" VPOS="2859" WIDTH="67" />
<SP HEIGHT="29" HPOS="691" VPOS="2870" WIDTH="25" />
<String CONTENT="and" HEIGHT="38" HPOS="717" VPOS="2861" WIDTH="95" />
<SP HEIGHT="62" HPOS="813" VPOS="2837" WIDTH="20" />
<String CONTENT="Iff." HEIGHT="62" HPOS="834" VPOS="2837" WIDTH="84" />
<SP HEIGHT="39" HPOS="919" VPOS="2860" WIDTH="24" />
<String CONTENT="Nov." HEIGHT="39" HPOS="944" VPOS="2860" WIDTH="118" />
<SP HEIGHT="38" HPOS="1063" VPOS="2861" WIDTH="25" />
<String CONTENT="7;" HEIGHT="45" HPOS="1089" VPOS="2861" WIDTH="50" />
<SP HEIGHT="46" HPOS="1140" VPOS="2860" WIDTH="27" />
<String CONTENT="A" HEIGHT="39" HPOS="1168" VPOS="2860" WIDTH="41" />
<SP HEIGHT="39" HPOS="1210" VPOS="2860" WIDTH="25" />
<String CONTENT="88150;" HEIGHT="47" HPOS="1236" VPOS="2860" WIDTH="169" />
<SP HEIGHT="45" HPOS="1406" VPOS="2862" WIDTH="29" />
<String CONTENT="Macmillan" HEIGHT="41" HPOS="1436" VPOS="2860" WIDTH="280" />
<SP HEIGHT="30" HPOS="1717" VPOS="2871" WIDTH="26" />
<String CONTENT="co." HEIGHT="30" HPOS="1744" VPOS="2871" WIDTH="67" />
</TextLine>
<TextLine HEIGHT="48" HPOS="250" STYLEREFS="StyleId-199E7CAF-8FA1-44A4-81B6-2468CDB6F78D-" VPOS="2915" WIDTH="278">
<String CONTENT="(35-29200)" HEIGHT="48" HPOS="250" VPOS="2915" WIDTH="278" />
</TextLine>
<TextLine HEIGHT="65" HPOS="173" STYLEREFS="StyleId-34FEACDF-95A7-4327-8E99-0AE0FE13FE7E-" VPOS="3018" WIDTH="952">
<String CONTENT="Schattschneider," HEIGHT="65" HPOS="173" VPOS="3018" WIDTH="537" />
<SP HEIGHT="62" HPOS="711" VPOS="3021" WIDTH="31" />
<String CONTENT="Elmer" HEIGHT="53" HPOS="743" VPOS="3020" WIDTH="197" />
<SP HEIGHT="51" HPOS="941" VPOS="3021" WIDTH="30" />
<String CONTENT="Eric." HEIGHT="56" HPOS="972" VPOS="3021" WIDTH="153" />
</TextLine>
<TextLine HEIGHT="72" HPOS="241" VPOS="3094" WIDTH="1918">
<String CONTENT="Politics," HEIGHT="67" HPOS="241" VPOS="3096" WIDTH="254" />
<SP HEIGHT="49" HPOS="496" VPOS="3115" WIDTH="37" />
<String CONTENT="pressures" HEIGHT="49" HPOS="534" VPOS="3115" WIDTH="286" />
<SP HEIGHT="36" HPOS="821" VPOS="3115" WIDTH="41" />
<String CONTENT="and" HEIGHT="51" HPOS="863" VPOS="3098" WIDTH="112" />
<SP HEIGHT="51" HPOS="976" VPOS="3098" WIDTH="39" />
<String CONTENT="the" HEIGHT="52" HPOS="1016" VPOS="3097" WIDTH="97" />
<SP HEIGHT="47" HPOS="1114" VPOS="3104" WIDTH="34" />
<String CONTENT="tariff;" HEIGHT="71" HPOS="1149" VPOS="3094" WIDTH="190" />
<SP HEIGHT="49" HPOS="1340" VPOS="3116" WIDTH="45" />
<String CONTENT="a" HEIGHT="33" HPOS="1386" VPOS="3116" WIDTH="31" />
<SP HEIGHT="35" HPOS="1418" VPOS="3116" WIDTH="37" />
<String CONTENT="study" HEIGHT="67" HPOS="1456" VPOS="3098" WIDTH="171" />
<SP HEIGHT="49" HPOS="1628" VPOS="3116" WIDTH="39" />
<String CONTENT="of" HEIGHT="53" HPOS="1668" VPOS="3098" WIDTH="64" />
<SP HEIGHT="54" HPOS="1733" VPOS="3097" WIDTH="39" />
<String CONTENT="free" HEIGHT="53" HPOS="1773" VPOS="3097" WIDTH="121" />
<SP HEIGHT="49" HPOS="1895" VPOS="3117" WIDTH="40" />
<String CONTENT="private" HEIGHT="68" HPOS="1936" VPOS="3098" WIDTH="223" />
</TextLine>
<TextLine CS="1" HEIGHT="68" HPOS="174" VPOS="3174" WIDTH="1867">
<String CONTENT="enterprise" HEIGHT="65" HPOS="174" VPOS="3176" WIDTH="308" />
<SP HEIGHT="51" HPOS="483" VPOS="3176" WIDTH="33" />
<String CONTENT="in" HEIGHT="51" HPOS="517" VPOS="3176" WIDTH="55" />
<SP HEIGHT="48" HPOS="573" VPOS="3194" WIDTH="40" />
<String CONTENT="pressure" HEIGHT="48" HPOS="614" VPOS="3194" WIDTH="256" />
<SP HEIGHT="49" HPOS="871" VPOS="3193" WIDTH="35" />
<String CONTENT="politics," HEIGHT="68" HPOS="907" VPOS="3174" WIDTH="244" />
<SP HEIGHT="49" HPOS="1152" VPOS="3193" WIDTH="33" />
<String CONTENT="as" HEIGHT="35" HPOS="1186" VPOS="3193" WIDTH="59" />
<SP HEIGHT="33" HPOS="1246" VPOS="3195" WIDTH="32" />
<String CONTENT="shown" HEIGHT="52" HPOS="1279" VPOS="3176" WIDTH="193" />
<SP HEIGHT="52" HPOS="1473" VPOS="3175" WIDTH="34" />
<String CONTENT="in" HEIGHT="52" HPOS="1508" VPOS="3175" WIDTH="58" />
<SP HEIGHT="46" HPOS="1567" VPOS="3181" WIDTH="35" />
<String CONTENT="the" HEIGHT="52" HPOS="1603" VPOS="3176" WIDTH="96" />
<SP HEIGHT="48" HPOS="1700" VPOS="3180" WIDTH="32" />
<String CONTENT="1929-1930" HEIGHT="50" HPOS="1733" VPOS="3179" WIDTH="308" />
</TextLine>
<TextLine CS="1" HEIGHT="126" HPOS="176" VPOS="3197" WIDTH="1984">
<String CONTENT="revision" HEIGHT="107" HPOS="176" VPOS="3197" WIDTH="1961" />
<SP HEIGHT="34" HPOS="356" VPOS="3271" WIDTH="31" />
<String CONTENT="of" HEIGHT="53" HPOS="388" VPOS="3252" WIDTH="63" />
<SP HEIGHT="53" HPOS="452" VPOS="3252" WIDTH="31" />
<String CONTENT="the" HEIGHT="53" HPOS="484" VPOS="3252" WIDTH="95" />
<SP HEIGHT="48" HPOS="580" VPOS="3256" WIDTH="32" />
<String CONTENT="tariff," HEIGHT="69" HPOS="613" VPOS="3250" WIDTH="177" />
<SP HEIGHT="66" HPOS="791" VPOS="3253" WIDTH="32" />
<String CONTENT="by" HEIGHT="66" HPOS="824" VPOS="3253" WIDTH="74" />
<SP HEIGHT="65" HPOS="899" VPOS="3254" WIDTH="30" />
<String CONTENT="E." HEIGHT="51" HPOS="930" VPOS="3254" WIDTH="67" />
<SP HEIGHT="51" HPOS="998" VPOS="3254" WIDTH="34" />
<String CONTENT="E." HEIGHT="51" HPOS="1033" VPOS="3254" WIDTH="66" />
<SP HEIGHT="54" HPOS="1100" VPOS="3254" WIDTH="39" />
<String CONTENT="Schattschneider" HEIGHT="56" HPOS="1140" VPOS="3252" WIDTH="497" />
<SP HEIGHT="32" HPOS="1638" VPOS="3273" WIDTH="36" />
<String CONTENT="&#8230;" CS="1" />
<SP HEIGHT="53" HPOS="1733" VPOS="3254" WIDTH="75" />
<String CONTENT="New" HEIGHT="53" HPOS="1809" VPOS="3254" WIDTH="139" />
<SP HEIGHT="52" HPOS="1949" VPOS="3256" WIDTH="32" />
<String CONTENT="York," HEIGHT="68" HPOS="1982" VPOS="3255" WIDTH="178" />
</TextLine>
<TextLine HEIGHT="66" HPOS="175" VPOS="3329" WIDTH="778">
<String CONTENT="Prentice-Hall," HEIGHT="61" HPOS="175" VPOS="3329" WIDTH="445" />
<SP HEIGHT="61" HPOS="621" VPOS="3329" WIDTH="26" />
<String CONTENT="inc.," HEIGHT="66" HPOS="648" VPOS="3329" WIDTH="125" />
<SP HEIGHT="61" HPOS="774" VPOS="3334" WIDTH="31" />
<String CONTENT="1935." HEIGHT="49" HPOS="806" VPOS="3334" WIDTH="147" />
</TextLine>
<TextLine CS="1" HEIGHT="53" HPOS="243" STYLEREFS="StyleId-199E7CAF-8FA1-44A4-81B6-2468CDB6F78D-" VPOS="3400" WIDTH="1776">
<String CONTENT="xi," HEIGHT="49" HPOS="243" VPOS="3400" WIDTH="64" />
<SP HEIGHT="49" HPOS="308" VPOS="3400" WIDTH="26" />
<String CONTENT="301" HEIGHT="41" HPOS="335" VPOS="3400" WIDTH="85" />
<SP HEIGHT="48" HPOS="421" VPOS="3402" WIDTH="26" />
<String CONTENT="p." HEIGHT="37" HPOS="448" VPOS="3413" WIDTH="42" />
<SP HEIGHT="39" HPOS="491" VPOS="3402" WIDTH="55" />
<String CONTENT="diagrs." HEIGHT="48" HPOS="547" VPOS="3402" WIDTH="179" />
<SP HEIGHT="39" HPOS="727" VPOS="3402" WIDTH="55" />
<String CONTENT="23&#189;cm." CS="1" HEIGHT="41" HPOS="783" VPOS="3400" WIDTH="56" />
<SP HEIGHT="30" HPOS="930" VPOS="3420" WIDTH="61" />
<String CONTENT="[Prentice-Hall" HEIGHT="48" HPOS="992" VPOS="3402" WIDTH="372" />
<SP HEIGHT="49" HPOS="1365" VPOS="3403" WIDTH="28" />
<String CONTENT="political" HEIGHT="49" HPOS="1394" VPOS="3403" WIDTH="217" />
<SP HEIGHT="39" HPOS="1612" VPOS="3403" WIDTH="27" />
<String CONTENT="science" HEIGHT="41" HPOS="1640" VPOS="3403" WIDTH="186" />
<SP HEIGHT="29" HPOS="1827" VPOS="3415" WIDTH="27" />
<String CONTENT="series]" HEIGHT="48" HPOS="1855" VPOS="3405" WIDTH="164" />
</TextLine>
<TextLine CS="1" HEIGHT="55" HPOS="178" STYLEREFS="StyleId-199E7CAF-8FA1-44A4-81B6-2468CDB6F78D-" VPOS="3452" WIDTH="1818">
<String CONTENT="&#169;" HEIGHT="52" HPOS="178" VPOS="3452" WIDTH="51" />
<SP HEIGHT="52" HPOS="230" VPOS="3452" WIDTH="26" />
<String CONTENT="Oct." HEIGHT="40" HPOS="257" VPOS="3458" WIDTH="99" />
<SP HEIGHT="37" HPOS="357" VPOS="3460" WIDTH="27" />
<String CONTENT="17," HEIGHT="45" HPOS="385" VPOS="3460" WIDTH="67" />
<SP HEIGHT="45" HPOS="453" VPOS="3460" WIDTH="28" />
<String CONTENT="1835:" CS="1" HEIGHT="41" HPOS="482" VPOS="3457" WIDTH="111" />
<SP HEIGHT="40" HPOS="621" VPOS="3459" WIDTH="29" />
<String CONTENT="2c." HEIGHT="39" HPOS="651" VPOS="3459" WIDTH="66" />
<SP HEIGHT="28" HPOS="718" VPOS="3469" WIDTH="27" />
<String CONTENT="and" HEIGHT="38" HPOS="746" VPOS="3460" WIDTH="98" />
<SP HEIGHT="38" HPOS="845" VPOS="3460" WIDTH="23" />
<String CONTENT="aff." HEIGHT="39" HPOS="869" VPOS="3459" WIDTH="81" />
<SP HEIGHT="39" HPOS="951" VPOS="3459" WIDTH="24" />
<String CONTENT="Nov." HEIGHT="39" HPOS="976" VPOS="3459" WIDTH="117" />
<SP HEIGHT="38" HPOS="1094" VPOS="3460" WIDTH="27" />
<String CONTENT="13;" HEIGHT="44" HPOS="1122" VPOS="3460" WIDTH="81" />
<SP HEIGHT="43" HPOS="1204" VPOS="3461" WIDTH="30" />
<String CONTENT="A" HEIGHT="37" HPOS="1235" VPOS="3461" WIDTH="39" />
<SP HEIGHT="39" HPOS="1275" VPOS="3461" WIDTH="26" />
<String CONTENT="89356;" HEIGHT="48" HPOS="1302" VPOS="3458" WIDTH="170" />
<SP HEIGHT="45" HPOS="1473" VPOS="3461" WIDTH="28" />
<String CONTENT="Prentice-Hall," HEIGHT="48" HPOS="1502" VPOS="3459" WIDTH="375" />
<SP HEIGHT="45" HPOS="1878" VPOS="3462" WIDTH="27" />
<String CONTENT="inc." HEIGHT="39" HPOS="1906" VPOS="3462" WIDTH="90" />
</TextLine>
<TextLine HEIGHT="47" HPOS="255" STYLEREFS="StyleId-199E7CAF-8FA1-44A4-81B6-2468CDB6F78D-" VPOS="3514" WIDTH="276">
<String CONTENT="(35-28634)" HEIGHT="47" HPOS="255" VPOS="3514" WIDTH="276" />
</TextLine>
<TextLine HEIGHT="70" HPOS="177" VPOS="3597" WIDTH="1031">
<String CONTENT="Sheldon," HEIGHT="68" HPOS="177" VPOS="3597" WIDTH="267" />
<SP HEIGHT="62" HPOS="445" VPOS="3603" WIDTH="30" />
<String CONTENT="Charles" HEIGHT="54" HPOS="476" VPOS="3601" WIDTH="242" />
<SP HEIGHT="51" HPOS="719" VPOS="3604" WIDTH="28" />
<String CONTENT="Monroe," HEIGHT="63" HPOS="748" VPOS="3604" WIDTH="256" />
<SP HEIGHT="58" HPOS="1005" VPOS="3609" WIDTH="31" />
<String CONTENT="1857-" HEIGHT="54" HPOS="1037" VPOS="3603" WIDTH="171" />
</TextLine>
<TextLine HEIGHT="69" HPOS="243" VPOS="3676" WIDTH="1917">
<String CONTENT="In" HEIGHT="52" HPOS="243" VPOS="3676" WIDTH="71" />
<SP HEIGHT="51" HPOS="315" VPOS="3677" WIDTH="27" />
<String CONTENT="His" HEIGHT="53" HPOS="343" VPOS="3677" WIDTH="110" />
<SP HEIGHT="33" HPOS="454" VPOS="3697" WIDTH="27" />
<String CONTENT="steps," HEIGHT="62" HPOS="482" VPOS="3683" WIDTH="167" />
<SP HEIGHT="65" HPOS="650" VPOS="3679" WIDTH="27" />
<String CONTENT="by" HEIGHT="64" HPOS="678" VPOS="3679" WIDTH="73" />
<SP HEIGHT="65" HPOS="752" VPOS="3678" WIDTH="27" />
<String CONTENT="Charles" HEIGHT="54" HPOS="780" VPOS="3678" WIDTH="233" />
<SP HEIGHT="53" HPOS="1014" VPOS="3679" WIDTH="26" />
<String CONTENT="M." HEIGHT="52" HPOS="1041" VPOS="3679" WIDTH="79" />
<SP HEIGHT="55" HPOS="1121" VPOS="3678" WIDTH="30" />
<String CONTENT="Sheldon." HEIGHT="55" HPOS="1152" VPOS="3678" WIDTH="266" />
<SP HEIGHT="52" HPOS="1419" VPOS="3679" WIDTH="73" />
<String CONTENT="Authorized" HEIGHT="55" HPOS="1493" VPOS="3679" WIDTH="355" />
<SP HEIGHT="52" HPOS="1849" VPOS="3682" WIDTH="27" />
<String CONTENT="ed." HEIGHT="53" HPOS="1877" VPOS="3681" WIDTH="83" />
<SP HEIGHT="52" HPOS="1961" VPOS="3682" WIDTH="63" />
<String CONTENT="New" HEIGHT="52" HPOS="2025" VPOS="3682" WIDTH="135" />
</TextLine>
<TextLine HEIGHT="72" HPOS="176" VPOS="3752" WIDTH="1000">
<String CONTENT="York," HEIGHT="58" HPOS="176" VPOS="3752" WIDTH="176" />
<SP HEIGHT="56" HPOS="353" VPOS="3754" WIDTH="26" />
<String CONTENT="Grosset" HEIGHT="54" HPOS="380" VPOS="3754" WIDTH="232" />
<SP HEIGHT="49" HPOS="613" VPOS="3758" WIDTH="27" />
<String CONTENT="&amp;" HEIGHT="49" HPOS="641" VPOS="3758" WIDTH="45" />
<SP HEIGHT="51" HPOS="687" VPOS="3756" WIDTH="27" />
<String CONTENT="Dunlap" HEIGHT="68" HPOS="715" VPOS="3756" WIDTH="234" />
<SP HEIGHT="50" HPOS="950" VPOS="3774" WIDTH="35" />
<String CONTENT="[" HEIGHT="34" HPOS="986" STYLE="subscript" VPOS="3789" WIDTH="12" />
<String CONTENT="c" HEIGHT="22" HPOS="1003" STYLE="superscript" VPOS="3762" WIDTH="18" />
<String CONTENT="1935" HEIGHT="50" HPOS="1026" VPOS="3758" WIDTH="132" />
<String CONTENT="]" HEIGHT="33" HPOS="1165" STYLE="subscript" VPOS="3790" WIDTH="11" />
</TextLine>
<TextLine HEIGHT="49" HPOS="246" VPOS="3826" WIDTH="420">
<String CONTENT="vi," HEIGHT="47" HPOS="246" VPOS="3826" WIDTH="61" />
<SP HEIGHT="46" HPOS="308" VPOS="3827" WIDTH="26" />
<String CONTENT="245" HEIGHT="39" HPOS="335" VPOS="3827" WIDTH="86" />
<SP HEIGHT="47" HPOS="422" VPOS="3828" WIDTH="26" />
<String CONTENT="p." HEIGHT="37" HPOS="449" VPOS="3838" WIDTH="43" />
<SP HEIGHT="39" HPOS="493" VPOS="3828" WIDTH="58" />
<String CONTENT="18" HEIGHT="39" HPOS="552" VPOS="3828" WIDTH="56" />
<String CONTENT="cm" HEIGHT="20" HPOS="610" STYLE="superscript" VPOS="3830" WIDTH="43" />
<String CONTENT="." HEIGHT="7" HPOS="658" VPOS="3861" WIDTH="8" />
</TextLine>
<TextLine CS="1" HEIGHT="59" HPOS="181" STYLEREFS="StyleId-199E7CAF-8FA1-44A4-81B6-2468CDB6F78D-" VPOS="3876" WIDTH="1980">
<String CONTENT="&#169;" HEIGHT="52" HPOS="181" VPOS="3876" WIDTH="51" />
<SP HEIGHT="52" HPOS="233" VPOS="3876" WIDTH="25" />
<String CONTENT="Nov." HEIGHT="40" HPOS="259" VPOS="3882" WIDTH="116" />
<SP HEIGHT="38" HPOS="376" VPOS="3884" WIDTH="27" />
<String CONTENT="20." HEIGHT="40" HPOS="404" VPOS="3884" WIDTH="67" />
<SP HEIGHT="39" HPOS="472" VPOS="3885" WIDTH="30" />
<String CONTENT="1835:" CS="1" HEIGHT="40" HPOS="503" VPOS="3883" WIDTH="111" />
<SP HEIGHT="40" HPOS="642" VPOS="3884" WIDTH="29" />
<String CONTENT="2c." HEIGHT="40" HPOS="672" VPOS="3884" WIDTH="66" />
<SP HEIGHT="26" HPOS="739" VPOS="3896" WIDTH="28" />
<String CONTENT="and" HEIGHT="38" HPOS="768" VPOS="3885" WIDTH="95" />
<SP HEIGHT="38" HPOS="864" VPOS="3885" WIDTH="26" />
<String CONTENT="aff." HEIGHT="39" HPOS="891" VPOS="3884" WIDTH="83" />
<SP HEIGHT="38" HPOS="975" VPOS="3885" WIDTH="27" />
<String CONTENT="Nov." HEIGHT="38" HPOS="1003" VPOS="3885" WIDTH="117" />
<SP HEIGHT="38" HPOS="1121" VPOS="3885" WIDTH="29" />
<String CONTENT="22;" HEIGHT="47" HPOS="1151" VPOS="3884" WIDTH="81" />
<SP HEIGHT="46" HPOS="1233" VPOS="3885" WIDTH="28" />
<String CONTENT="A" HEIGHT="39" HPOS="1262" VPOS="3885" WIDTH="43" />
<SP HEIGHT="40" HPOS="1306" VPOS="3885" WIDTH="25" />
<String CONTENT="89534;" HEIGHT="46" HPOS="1332" VPOS="3885" WIDTH="169" />
<SP HEIGHT="46" HPOS="1502" VPOS="3885" WIDTH="33" />
<String CONTENT="Grosset" HEIGHT="41" HPOS="1536" VPOS="3885" WIDTH="200" />
<SP HEIGHT="39" HPOS="1737" VPOS="3887" WIDTH="26" />
<String CONTENT="&amp;" HEIGHT="39" HPOS="1764" VPOS="3887" WIDTH="37" />
<SP HEIGHT="39" HPOS="1802" VPOS="3887" WIDTH="28" />
<String CONTENT="Dunlap," HEIGHT="48" HPOS="1831" VPOS="3887" WIDTH="207" />
<SP HEIGHT="48" HPOS="2039" VPOS="3887" WIDTH="31" />
<String CONTENT="inc." HEIGHT="41" HPOS="2071" VPOS="3887" WIDTH="90" />
</TextLine>
<TextLine CS="1" HEIGHT="55" HPOS="239" STYLEREFS="StyleId-199E7CAF-8FA1-44A4-81B6-2468CDB6F78D-" VPOS="3933" WIDTH="1330">
<String CONTENT="[Copyright" HEIGHT="51" HPOS="239" VPOS="3933" WIDTH="275" />
<SP HEIGHT="40" HPOS="515" VPOS="3938" WIDTH="28" />
<String CONTENT="is" HEIGHT="40" HPOS="544" VPOS="3938" WIDTH="42" />
<SP HEIGHT="29" HPOS="587" VPOS="3949" WIDTH="30" />
<String CONTENT="claimed" HEIGHT="39" HPOS="618" VPOS="3939" WIDTH="203" />
<SP HEIGHT="37" HPOS="822" VPOS="3941" WIDTH="32" />
<String CONTENT="on" HEIGHT="28" HPOS="855" VPOS="3950" WIDTH="59" />
<SP HEIGHT="38" HPOS="915" VPOS="3940" WIDTH="32" />
<String CONTENT="Foreword]" CS="1" HEIGHT="38" HPOS="948" VPOS="3940" WIDTH="254" />
<SP />
<String CONTENT="(35-29211)" HEIGHT="49" HPOS="1290" VPOS="3939" WIDTH="279" />
</TextLine>
</TextBlock>
</PrintSpace>
</Page>
</Layout>
</alto>