<alto xmlns="http://www.loc.gov/standards/alto/ns-v3#" xmlns:xsi="http://www.w3.org/2001/XMLSchema-instance" xsi:schemaLocation="http://www.loc.gov/standards/alto/ns-v3# http://www.loc.gov/alto/v3/alto-3-0.xsd"><Description>
<MeasurementUnit>pixel</MeasurementUnit>
<sourceImageInformation>
<fileName>1935_v32_Part1.pdf</fileName>
</sourceImageInformation>
<OCRProcessing ID="IdOcr">
<ocrProcessingStep>
<processingDateTime>2019-01-15</processingDateTime>
<processingSoftware>
<softwareCreator>ABBYY</softwareCreator>
<softwareName>ABBYY Recognition Server</softwareName>
<softwareVersion>4.0</softwareVersion>
</processingSoftware>
</ocrProcessingStep>
</OCRProcessing>
</Description>
<Styles>
<ParagraphStyle ALIGN="Left" FIRSTLINE="0." ID="StyleId-FFFFFFFF-FFFF-FFFF-FFFF-FFFFFFFFFFFF-" LEFT="0." RIGHT="0." />
<ParagraphStyle ALIGN="Left" FIRSTLINE="0." ID="StyleId-09A13A44-4F77-4ABE-84F3-84CC8B3C72CE-" LEFT="0." LINESPACE="7.699999809" RIGHT="0." />
<ParagraphStyle ALIGN="Left" FIRSTLINE="-10." ID="StyleId-1F945060-F8CD-4435-B69A-5FF49DB0C586-" LEFT="0." LINESPACE="12.19999981" RIGHT="0." />
<ParagraphStyle ALIGN="Block" FIRSTLINE="-14." ID="StyleId-C6CAE747-F5A4-4D0D-8D74-D452DA7E2C1C-" LEFT="0." LINESPACE="8.350000381" RIGHT="0." />
<ParagraphStyle ALIGN="Left" FIRSTLINE="0." ID="StyleId-FC0F3374-189A-459E-BE29-2DC14180F022-" LEFT="0." RIGHT="0." />
<ParagraphStyle ALIGN="Left" FIRSTLINE="-12." ID="StyleId-49397C49-A894-4B3E-BA5E-1126226BA375-" LEFT="0." LINESPACE="11.09000015" RIGHT="0." />
<ParagraphStyle ALIGN="Block" FIRSTLINE="-14." ID="StyleId-9E34DD3A-E661-48BD-A3A1-6A3D48346F00-" LEFT="0." LINESPACE="11.09000015" RIGHT="0." />
<ParagraphStyle ALIGN="Left" FIRSTLINE="0." ID="StyleId-56CE54AA-A08B-4BAA-8605-F26020A0E36E-" LEFT="0." LINESPACE="9.399999619" RIGHT="0." />
<ParagraphStyle ALIGN="Left" FIRSTLINE="-11." ID="StyleId-77814FFC-C42F-4AA9-9880-EF33B947DEC8-" LEFT="0." LINESPACE="11.06999969" RIGHT="0." />
<ParagraphStyle ALIGN="Center" FIRSTLINE="0." ID="StyleId-FDE92EC0-67DC-4C7B-8A24-094B12C38B6C-" LEFT="0." LINESPACE="11.30000019" RIGHT="0." />
<ParagraphStyle ALIGN="Left" FIRSTLINE="0." ID="StyleId-65180E3B-4C93-4FB8-81EE-E026DD63DBF3-" LEFT="0." LINESPACE="11.10000038" RIGHT="0." />
<ParagraphStyle ALIGN="Left" FIRSTLINE="0." ID="StyleId-10E885C2-5813-4620-B0AA-0FBA30CF7A32-" LEFT="0." LINESPACE="9.5" RIGHT="0." />
<ParagraphStyle ALIGN="Left" FIRSTLINE="0." ID="StyleId-913C2DB5-9F02-4067-BAF7-0AED37B60BBE-" LEFT="0." LINESPACE="6.099999905" RIGHT="0." />
<ParagraphStyle ALIGN="Left" FIRSTLINE="0." ID="StyleId-9C79A9D2-8F08-4A8F-985D-B00E253ED1E5-" LEFT="0." LINESPACE="4.400000095" RIGHT="0." />
<ParagraphStyle ALIGN="Left" FIRSTLINE="0." ID="StyleId-A41F0407-FEFE-4738-9EC5-E05AFFF62781-" LEFT="0." LINESPACE="7.300000191" RIGHT="0." />
<ParagraphStyle ALIGN="Left" FIRSTLINE="0." ID="StyleId-61D37176-94E8-408D-9B87-01C406CE8AB2-" LEFT="0." LINESPACE="8.050000191" RIGHT="0." />
</Styles>
<Layout>
<Page HEIGHT="4375" ID="Page1036" PHYSICAL_IMG_NR="1036" WIDTH="2424">
<TopMargin HEIGHT="452" HPOS="0" VPOS="0" WIDTH="2424">
</TopMargin>
<LeftMargin HEIGHT="3692" HPOS="0" VPOS="452" WIDTH="314">
</LeftMargin>
<RightMargin HEIGHT="3692" HPOS="2336" VPOS="452" WIDTH="88">
</RightMargin>
<BottomMargin HEIGHT="231" HPOS="0" VPOS="4144" WIDTH="2424">
</BottomMargin>
<PrintSpace HEIGHT="3692" HPOS="314" VPOS="452" WIDTH="2022">
<TextBlock HEIGHT="70" HPOS="1256" ID="Page1036_Block1" LANG="en-US" STYLEREFS="StyleId-8511769E-0F78-4953-AE22-BB0645C4DA7D-" VPOS="4074" WIDTH="154">
<TextLine HEIGHT="49" HPOS="1266" VPOS="4085" WIDTH="133">
<String CONTENT="1036" HEIGHT="49" HPOS="1266" VPOS="4085" WIDTH="133" />
</TextLine>
</TextBlock>
<TextBlock CS="1" HEIGHT="3628" HPOS="314" ID="Page1036_Block2" LANG="en-US" STYLEREFS="StyleId-60E015F0-0D4E-420C-912A-6C20AA6E48AC-" VPOS="452" WIDTH="2022">
<TextLine HEIGHT="49" HPOS="397" STYLEREFS="StyleId-F8DE6F96-E0E5-46B2-B145-423DD5008E24-" VPOS="534" WIDTH="333">
<String CONTENT="252" HEIGHT="40" HPOS="397" VPOS="534" WIDTH="86" />
<SP HEIGHT="48" HPOS="484" VPOS="535" WIDTH="29" />
<String CONTENT="p." HEIGHT="36" HPOS="514" VPOS="547" WIDTH="41" />
<SP HEIGHT="37" HPOS="556" VPOS="537" WIDTH="60" />
<String CONTENT="19" HEIGHT="39" HPOS="617" VPOS="535" WIDTH="53" />
<String CONTENT="cm" HEIGHT="20" HPOS="674" STYLE="superscript" VPOS="538" WIDTH="43" />
<String CONTENT="." HEIGHT="8" HPOS="723" VPOS="567" WIDTH="7" />
</TextLine>
<TextLine CS="1" HEIGHT="53" HPOS="325" STYLEREFS="StyleId-D896A2D7-0329-402C-BE88-83E586FE3923-" VPOS="588" WIDTH="1988">
<String CONTENT="&#169;" HEIGHT="53" HPOS="325" VPOS="588" WIDTH="52" />
<SP />
<String CONTENT="1c." CS="1" />
<SP HEIGHT="39" HPOS="467" VPOS="593" WIDTH="24" />
<String CONTENT="July" HEIGHT="47" HPOS="492" VPOS="593" WIDTH="116" />
<SP HEIGHT="48" HPOS="609" VPOS="592" WIDTH="24" />
<String CONTENT="24," HEIGHT="47" HPOS="634" VPOS="592" WIDTH="68" />
<SP HEIGHT="47" HPOS="703" VPOS="592" WIDTH="26" />
<String CONTENT="1935;" HEIGHT="46" HPOS="730" VPOS="590" WIDTH="139" />
<SP HEIGHT="43" HPOS="870" VPOS="593" WIDTH="25" />
<String CONTENT="A" HEIGHT="38" HPOS="896" VPOS="593" WIDTH="40" />
<SP HEIGHT="38" HPOS="937" VPOS="593" WIDTH="24" />
<String CONTENT="ad" HEIGHT="39" HPOS="962" VPOS="593" WIDTH="62" />
<SP HEIGHT="41" HPOS="1025" VPOS="591" WIDTH="22" />
<String CONTENT="int." HEIGHT="40" HPOS="1048" VPOS="591" WIDTH="84" />
<SP HEIGHT="39" HPOS="1133" VPOS="591" WIDTH="25" />
<String CONTENT="20420;" CS="1" HEIGHT="48" HPOS="1159" VPOS="590" WIDTH="170" />
<SP HEIGHT="38" HPOS="1330" VPOS="602" WIDTH="27" />
<String CONTENT="pubd." HEIGHT="47" HPOS="1358" VPOS="593" WIDTH="141" />
<SP HEIGHT="37" HPOS="1500" VPOS="594" WIDTH="28" />
<String CONTENT="May" HEIGHT="46" HPOS="1529" VPOS="594" WIDTH="113" />
<SP HEIGHT="48" HPOS="1643" VPOS="592" WIDTH="24" />
<String CONTENT="27;" HEIGHT="46" HPOS="1668" VPOS="592" WIDTH="81" />
<SP HEIGHT="46" HPOS="1750" VPOS="592" WIDTH="27" />
<String CONTENT="A." HEIGHT="40" HPOS="1778" VPOS="592" WIDTH="54" />
<SP HEIGHT="38" HPOS="1833" VPOS="594" WIDTH="27" />
<String CONTENT="Dudeney," HEIGHT="46" HPOS="1861" VPOS="594" WIDTH="244" />
<SP HEIGHT="47" HPOS="2106" VPOS="593" WIDTH="29" />
<String CONTENT="Lewes," HEIGHT="48" HPOS="2136" VPOS="593" WIDTH="177" />
</TextLine>
<TextLine HEIGHT="49" HPOS="399" STYLEREFS="StyleId-D896A2D7-0329-402C-BE88-83E586FE3923-" VPOS="648" WIDTH="802">
<String CONTENT="Sussex," HEIGHT="45" HPOS="399" VPOS="649" WIDTH="191" />
<SP HEIGHT="44" HPOS="591" VPOS="650" WIDTH="26" />
<String CONTENT="England." HEIGHT="47" HPOS="618" VPOS="650" WIDTH="235" />
<SP HEIGHT="47" HPOS="854" VPOS="648" WIDTH="68" />
<String CONTENT="(35-12188)" HEIGHT="47" HPOS="923" VPOS="648" WIDTH="278" />
</TextLine>
<TextLine HEIGHT="65" HPOS="329" VPOS="736" WIDTH="1010">
<String CONTENT="Fagley," HEIGHT="65" HPOS="329" VPOS="736" WIDTH="239" />
<SP HEIGHT="63" HPOS="569" VPOS="738" WIDTH="28" />
<String CONTENT="Frederick" HEIGHT="53" HPOS="598" VPOS="737" WIDTH="313" />
<SP HEIGHT="53" HPOS="912" VPOS="737" WIDTH="28" />
<String CONTENT="Louis," HEIGHT="63" HPOS="941" VPOS="736" WIDTH="197" />
<SP HEIGHT="54" HPOS="1139" VPOS="745" WIDTH="29" />
<String CONTENT="1879-" HEIGHT="52" HPOS="1169" VPOS="741" WIDTH="170" />
</TextLine>
<TextLine CS="1" HEIGHT="71" HPOS="396" VPOS="812" WIDTH="1858">
<String CONTENT="An" HEIGHT="51" HPOS="396" VPOS="815" WIDTH="92" />
<SP HEIGHT="34" HPOS="489" VPOS="832" WIDTH="39" />
<String CONTENT="outline" HEIGHT="53" HPOS="529" VPOS="813" WIDTH="215" />
<SP HEIGHT="34" HPOS="745" VPOS="832" WIDTH="39" />
<String CONTENT="of" HEIGHT="53" HPOS="785" VPOS="813" WIDTH="63" />
<SP HEIGHT="53" HPOS="849" VPOS="813" WIDTH="37" />
<String CONTENT="church" HEIGHT="54" HPOS="887" VPOS="813" WIDTH="210" />
<SP HEIGHT="51" HPOS="1098" VPOS="814" WIDTH="40" />
<String CONTENT="history," HEIGHT="70" HPOS="1139" VPOS="812" WIDTH="237" />
<SP HEIGHT="68" HPOS="1377" VPOS="814" WIDTH="40" />
<String CONTENT="by" HEIGHT="68" HPOS="1418" VPOS="814" WIDTH="73" />
<SP HEIGHT="68" HPOS="1492" VPOS="814" WIDTH="41" />
<String CONTENT="Frederick" HEIGHT="55" HPOS="1534" VPOS="812" WIDTH="308" />
<SP HEIGHT="52" HPOS="1843" VPOS="814" WIDTH="39" />
<String CONTENT="L." HEIGHT="52" HPOS="1883" VPOS="814" WIDTH="63" />
<SP HEIGHT="53" HPOS="1947" VPOS="813" WIDTH="42" />
<String CONTENT="Fagley" HEIGHT="70" HPOS="1990" VPOS="813" WIDTH="216" />
<SP HEIGHT="49" HPOS="2207" VPOS="834" WIDTH="47" />
<String CONTENT="&#8230;" CS="1" />
</TextLine>
<TextLine HEIGHT="70" HPOS="329" VPOS="890" WIDTH="1364">
<String CONTENT="Boston." HEIGHT="53" HPOS="329" VPOS="893" WIDTH="229" />
<SP HEIGHT="56" HPOS="559" VPOS="890" WIDTH="30" />
<String CONTENT="Chicago," HEIGHT="68" HPOS="590" VPOS="890" WIDTH="269" />
<SP HEIGHT="65" HPOS="860" VPOS="892" WIDTH="26" />
<String CONTENT="The" HEIGHT="53" HPOS="887" VPOS="892" WIDTH="120" />
<SP HEIGHT="53" HPOS="1008" VPOS="892" WIDTH="25" />
<String CONTENT="Pilgrim" HEIGHT="68" HPOS="1034" VPOS="891" WIDTH="246" />
<SP HEIGHT="50" HPOS="1281" VPOS="910" WIDTH="29" />
<String CONTENT="press" HEIGHT="52" HPOS="1311" VPOS="908" WIDTH="157" />
<SP HEIGHT="47" HPOS="1469" VPOS="911" WIDTH="32" />
<String CONTENT="[" HEIGHT="33" HPOS="1502" VPOS="925" WIDTH="12" />
<String CONTENT="c" HEIGHT="22" HPOS="1519" STYLE="superscript" VPOS="898" WIDTH="19" />
<String CONTENT="1935]" HEIGHT="63" HPOS="1543" VPOS="895" WIDTH="150" />
</TextLine>
<TextLine CS="1" HEIGHT="50" HPOS="398" STYLEREFS="StyleId-D896A2D7-0329-402C-BE88-83E586FE3923-" VPOS="964" WIDTH="1259">
<String CONTENT="2" HEIGHT="39" HPOS="398" VPOS="966" WIDTH="27" />
<SP HEIGHT="48" HPOS="426" VPOS="966" WIDTH="24" />
<String CONTENT="p." CS="1" />
<SP />
<String CONTENT="l.," CS="1" HEIGHT="16" HPOS="556" VPOS="996" WIDTH="9" />
<SP HEIGHT="46" HPOS="566" VPOS="966" WIDTH="26" />
<String CONTENT="75" HEIGHT="41" HPOS="593" VPOS="965" WIDTH="56" />
<SP HEIGHT="48" HPOS="650" VPOS="965" WIDTH="26" />
<String CONTENT="p." HEIGHT="38" HPOS="677" VPOS="975" WIDTH="43" />
<SP HEIGHT="42" HPOS="721" VPOS="964" WIDTH="59" />
<String CONTENT="19&#189;" CS="1" HEIGHT="42" HPOS="781" VPOS="964" WIDTH="57" />
<String CONTENT="cm" HEIGHT="22" HPOS="867" STYLE="superscript" VPOS="967" WIDTH="43" />
<String CONTENT="." HEIGHT="9" HPOS="914" VPOS="996" WIDTH="9" />
<SP HEIGHT="44" HPOS="924" VPOS="966" WIDTH="69" />
<String CONTENT="(Adult" HEIGHT="44" HPOS="994" VPOS="966" WIDTH="175" />
<SP HEIGHT="38" HPOS="1170" VPOS="968" WIDTH="25" />
<String CONTENT="education" HEIGHT="41" HPOS="1196" VPOS="965" WIDTH="257" />
<SP HEIGHT="29" HPOS="1454" VPOS="976" WIDTH="26" />
<String CONTENT="series)" HEIGHT="47" HPOS="1481" VPOS="965" WIDTH="176" />
</TextLine>
<TextLine CS="1" HEIGHT="50" HPOS="424" STYLEREFS="StyleId-D896A2D7-0329-402C-BE88-83E586FE3923-" VPOS="1021" WIDTH="1173">
<String CONTENT="&quot;Reference" CS="1" HEIGHT="42" HPOS="424" VPOS="1021" WIDTH="265" />
<SP HEIGHT="40" HPOS="690" VPOS="1022" WIDTH="23" />
<String CONTENT="books&#8221;:" HEIGHT="42" HPOS="714" VPOS="1021" WIDTH="203" />
<SP HEIGHT="29" HPOS="918" VPOS="1033" WIDTH="26" />
<String CONTENT="verso" HEIGHT="30" HPOS="945" VPOS="1033" WIDTH="137" />
<SP HEIGHT="29" HPOS="1083" VPOS="1033" WIDTH="24" />
<String CONTENT="of" HEIGHT="40" HPOS="1108" VPOS="1022" WIDTH="51" />
<SP HEIGHT="40" HPOS="1160" VPOS="1022" WIDTH="25" />
<String CONTENT="2d" HEIGHT="40" HPOS="1186" VPOS="1022" WIDTH="56" />
<SP HEIGHT="48" HPOS="1243" VPOS="1023" WIDTH="30" />
<String CONTENT="prelim," HEIGHT="49" HPOS="1274" VPOS="1022" WIDTH="182" />
<SP HEIGHT="39" HPOS="1457" VPOS="1023" WIDTH="26" />
<String CONTENT="leaf." HEIGHT="41" HPOS="1484" VPOS="1022" WIDTH="113" />
</TextLine>
<TextLine CS="1" HEIGHT="54" HPOS="328" STYLEREFS="StyleId-D896A2D7-0329-402C-BE88-83E586FE3923-" VPOS="1075" WIDTH="1987">
<String CONTENT="&#169;" HEIGHT="54" HPOS="328" VPOS="1075" WIDTH="53" />
<SP HEIGHT="54" HPOS="382" VPOS="1075" WIDTH="19" />
<String CONTENT="June" HEIGHT="39" HPOS="402" VPOS="1080" WIDTH="128" />
<SP HEIGHT="40" HPOS="531" VPOS="1079" WIDTH="20" />
<String CONTENT="20," HEIGHT="46" HPOS="552" VPOS="1079" WIDTH="69" />
<SP HEIGHT="45" HPOS="622" VPOS="1080" WIDTH="24" />
<String CONTENT="1935;" CS="1" HEIGHT="41" HPOS="647" VPOS="1078" WIDTH="115" />
<SP HEIGHT="44" HPOS="787" VPOS="1079" WIDTH="24" />
<String CONTENT="2c." HEIGHT="40" HPOS="812" VPOS="1079" WIDTH="65" />
<SP HEIGHT="39" HPOS="878" VPOS="1080" WIDTH="23" />
<String CONTENT="July" HEIGHT="47" HPOS="902" VPOS="1080" WIDTH="116" />
<SP HEIGHT="46" HPOS="1019" VPOS="1081" WIDTH="18" />
<String CONTENT="3;" HEIGHT="45" HPOS="1038" VPOS="1081" WIDTH="52" />
<SP HEIGHT="36" HPOS="1091" VPOS="1090" WIDTH="25" />
<String CONTENT="aff." HEIGHT="43" HPOS="1117" VPOS="1079" WIDTH="82" />
<SP HEIGHT="39" HPOS="1200" VPOS="1080" WIDTH="23" />
<String CONTENT="July" HEIGHT="47" HPOS="1224" VPOS="1080" WIDTH="115" />
<SP HEIGHT="48" HPOS="1340" VPOS="1079" WIDTH="23" />
<String CONTENT="5;" HEIGHT="46" HPOS="1364" VPOS="1079" WIDTH="50" />
<SP HEIGHT="45" HPOS="1415" VPOS="1080" WIDTH="24" />
<String CONTENT="A" HEIGHT="38" HPOS="1440" VPOS="1080" WIDTH="39" />
<SP HEIGHT="39" HPOS="1480" VPOS="1080" WIDTH="21" />
<String CONTENT="83883;" HEIGHT="47" HPOS="1502" VPOS="1079" WIDTH="169" />
<SP HEIGHT="45" HPOS="1672" VPOS="1081" WIDTH="28" />
<String CONTENT="Sidney" HEIGHT="49" HPOS="1701" VPOS="1079" WIDTH="176" />
<SP HEIGHT="47" HPOS="1878" VPOS="1081" WIDTH="22" />
<String CONTENT="Adams" HEIGHT="40" HPOS="1901" VPOS="1080" WIDTH="180" />
<SP HEIGHT="39" HPOS="2082" VPOS="1081" WIDTH="23" />
<String CONTENT="Weston," HEIGHT="48" HPOS="2106" VPOS="1081" WIDTH="209" />
</TextLine>
<TextLine HEIGHT="50" HPOS="396" STYLEREFS="StyleId-D896A2D7-0329-402C-BE88-83E586FE3923-" VPOS="1135" WIDTH="545">
<String CONTENT="Boston." HEIGHT="40" HPOS="396" VPOS="1137" WIDTH="194" />
<SP HEIGHT="47" HPOS="591" VPOS="1137" WIDTH="71" />
<String CONTENT="(35-12050)" HEIGHT="50" HPOS="663" VPOS="1135" WIDTH="278" />
</TextLine>
<TextLine HEIGHT="65" HPOS="333" STYLEREFS="StyleId-F8DE6F96-E0E5-46B2-B145-423DD5008E24-" VPOS="1226" WIDTH="643">
<String CONTENT="Faingold," HEIGHT="64" HPOS="333" VPOS="1226" WIDTH="302" />
<SP HEIGHT="63" HPOS="636" VPOS="1227" WIDTH="25" />
<String CONTENT="Joseph" HEIGHT="65" HPOS="662" VPOS="1226" WIDTH="218" />
<SP HEIGHT="53" HPOS="881" VPOS="1226" WIDTH="28" />
<String CONTENT="E." HEIGHT="53" HPOS="910" VPOS="1228" WIDTH="66" />
</TextLine>
<TextLine CS="1" HEIGHT="150" HPOS="330" VPOS="1299" WIDTH="1987">
<String CONTENT="The" HEIGHT="53" HPOS="400" VPOS="1302" WIDTH="120" />
<SP HEIGHT="34" HPOS="521" VPOS="1321" WIDTH="39" />
<String CONTENT="chiropodial" HEIGHT="67" HPOS="561" VPOS="1302" WIDTH="352" />
<SP HEIGHT="52" HPOS="914" VPOS="1301" WIDTH="40" />
<String CONTENT="formulary" HEIGHT="69" HPOS="955" VPOS="1301" WIDTH="318" />
<SP HEIGHT="49" HPOS="1274" VPOS="1321" WIDTH="42" />
<String CONTENT="and" HEIGHT="55" HPOS="1317" VPOS="1301" WIDTH="108" />
<SP HEIGHT="68" HPOS="1426" VPOS="1301" WIDTH="45" />
<String CONTENT="prescription" HEIGHT="70" HPOS="1472" VPOS="1301" WIDTH="374" />
<SP HEIGHT="33" HPOS="1847" VPOS="1319" WIDTH="44" />
<String CONTENT="writing;" HEIGHT="70" HPOS="1892" VPOS="1299" WIDTH="259" />
<SP HEIGHT="44" HPOS="2152" VPOS="1319" WIDTH="43" />
<String CONTENT="containing" HEIGHT="128" HPOS="330" VPOS="1320" WIDTH="1963" />
<SP HEIGHT="51" HPOS="555" VPOS="1397" WIDTH="41" />
<String CONTENT="nearly" HEIGHT="60" HPOS="597" VPOS="1380" WIDTH="194" />
<SP HEIGHT="58" HPOS="792" VPOS="1382" WIDTH="42" />
<String CONTENT="600" HEIGHT="49" HPOS="835" VPOS="1382" WIDTH="99" />
<SP HEIGHT="67" HPOS="935" VPOS="1382" WIDTH="44" />
<String CONTENT="prescriptions" HEIGHT="70" HPOS="980" VPOS="1379" WIDTH="405" />
<SP HEIGHT="33" HPOS="1386" VPOS="1398" WIDTH="41" />
<String CONTENT="of" HEIGHT="53" HPOS="1428" VPOS="1378" WIDTH="62" />
<SP HEIGHT="53" HPOS="1491" VPOS="1378" WIDTH="45" />
<String CONTENT="use" HEIGHT="36" HPOS="1537" VPOS="1397" WIDTH="91" />
<SP HEIGHT="53" HPOS="1629" VPOS="1380" WIDTH="40" />
<String CONTENT="in" HEIGHT="53" HPOS="1670" VPOS="1380" WIDTH="60" />
<SP HEIGHT="47" HPOS="1731" VPOS="1386" WIDTH="40" />
<String CONTENT="the" HEIGHT="54" HPOS="1772" VPOS="1379" WIDTH="95" />
<SP HEIGHT="47" HPOS="1868" VPOS="1386" WIDTH="42" />
<String CONTENT="treatment" HEIGHT="49" HPOS="1911" VPOS="1385" WIDTH="302" />
<SP HEIGHT="48" HPOS="2214" VPOS="1386" WIDTH="41" />
<String CONTENT="of" HEIGHT="53" HPOS="2256" VPOS="1380" WIDTH="61" />
</TextLine>
<TextLine HEIGHT="70" HPOS="330" VPOS="1455" WIDTH="1985">
<String CONTENT="those" HEIGHT="54" HPOS="330" VPOS="1457" WIDTH="156" />
<SP HEIGHT="34" HPOS="487" VPOS="1476" WIDTH="48" />
<String CONTENT="ailments" HEIGHT="55" HPOS="536" VPOS="1456" WIDTH="259" />
<SP HEIGHT="35" HPOS="796" VPOS="1475" WIDTH="48" />
<String CONTENT="confronting" HEIGHT="69" HPOS="845" VPOS="1456" WIDTH="366" />
<SP HEIGHT="63" HPOS="1212" VPOS="1462" WIDTH="47" />
<String CONTENT="the" HEIGHT="54" HPOS="1260" VPOS="1457" WIDTH="94" />
<SP HEIGHT="36" HPOS="1355" VPOS="1475" WIDTH="47" />
<String CONTENT="chiropodist" HEIGHT="69" HPOS="1403" VPOS="1456" WIDTH="351" />
<SP HEIGHT="53" HPOS="1755" VPOS="1458" WIDTH="45" />
<String CONTENT="in" HEIGHT="52" HPOS="1801" VPOS="1458" WIDTH="57" />
<SP HEIGHT="52" HPOS="1859" VPOS="1457" WIDTH="49" />
<String CONTENT="his" HEIGHT="55" HPOS="1909" VPOS="1455" WIDTH="87" />
<SP HEIGHT="49" HPOS="1997" VPOS="1475" WIDTH="47" />
<String CONTENT="practice;" HEIGHT="67" HPOS="2045" VPOS="1457" WIDTH="270" />
</TextLine>
<TextLine CS="1" HEIGHT="145" HPOS="331" VPOS="1534" WIDTH="1989">
<String CONTENT="also" HEIGHT="53" HPOS="331" VPOS="1535" WIDTH="115" />
<SP HEIGHT="34" HPOS="447" VPOS="1554" WIDTH="50" />
<String CONTENT="a" HEIGHT="33" HPOS="498" VPOS="1554" WIDTH="26" />
<SP HEIGHT="52" HPOS="525" VPOS="1535" WIDTH="53" />
<String CONTENT="discussion" HEIGHT="55" HPOS="579" VPOS="1534" WIDTH="305" />
<SP HEIGHT="35" HPOS="885" VPOS="1553" WIDTH="48" />
<String CONTENT="on" HEIGHT="35" HPOS="934" VPOS="1553" WIDTH="68" />
<SP HEIGHT="45" HPOS="1003" VPOS="1543" WIDTH="53" />
<String CONTENT="the" HEIGHT="53" HPOS="1057" VPOS="1535" WIDTH="92" />
<SP HEIGHT="32" HPOS="1150" VPOS="1554" WIDTH="51" />
<String CONTENT="writing" HEIGHT="68" HPOS="1202" VPOS="1534" WIDTH="233" />
<SP HEIGHT="50" HPOS="1436" VPOS="1552" WIDTH="47" />
<String CONTENT="of" HEIGHT="53" HPOS="1484" VPOS="1534" WIDTH="63" />
<SP HEIGHT="53" HPOS="1548" VPOS="1534" WIDTH="50" />
<String CONTENT="chiropodists&#8217;" HEIGHT="69" HPOS="1599" VPOS="1534" WIDTH="394" />
<SP HEIGHT="68" HPOS="1994" VPOS="1534" WIDTH="50" />
<String CONTENT="prescriptions&#8212;and" HEIGHT="131" HPOS="333" VPOS="1534" WIDTH="1961" />
<SP HEIGHT="51" HPOS="663" VPOS="1612" WIDTH="31" />
<String CONTENT="other" HEIGHT="51" HPOS="695" VPOS="1613" WIDTH="160" />
<SP HEIGHT="33" HPOS="856" VPOS="1631" WIDTH="28" />
<String CONTENT="useful" HEIGHT="52" HPOS="885" VPOS="1612" WIDTH="183" />
<SP HEIGHT="50" HPOS="1069" VPOS="1612" WIDTH="37" />
<String CONTENT="information." HEIGHT="52" HPOS="1107" VPOS="1612" WIDTH="386" />
<SP HEIGHT="52" HPOS="1494" VPOS="1612" WIDTH="75" />
<String CONTENT="Prepared" HEIGHT="67" HPOS="1570" VPOS="1612" WIDTH="288" />
<SP HEIGHT="52" HPOS="1859" VPOS="1612" WIDTH="30" />
<String CONTENT="for" HEIGHT="51" HPOS="1890" VPOS="1613" WIDTH="92" />
<SP HEIGHT="45" HPOS="1983" VPOS="1619" WIDTH="28" />
<String CONTENT="the" HEIGHT="51" HPOS="2012" VPOS="1613" WIDTH="92" />
<SP HEIGHT="33" HPOS="2105" VPOS="1631" WIDTH="34" />
<String CONTENT="use" HEIGHT="33" HPOS="2140" VPOS="1630" WIDTH="89" />
<SP HEIGHT="33" HPOS="2230" VPOS="1631" WIDTH="29" />
<String CONTENT="of" HEIGHT="51" HPOS="2260" VPOS="1613" WIDTH="60" />
</TextLine>
<TextLine CS="1" HEIGHT="71" HPOS="334" VPOS="1687" WIDTH="1926">
<String CONTENT="the" HEIGHT="55" HPOS="334" VPOS="1688" WIDTH="92" />
<SP HEIGHT="51" HPOS="427" VPOS="1707" WIDTH="41" />
<String CONTENT="practitioner" HEIGHT="68" HPOS="469" VPOS="1690" WIDTH="372" />
<SP HEIGHT="33" HPOS="842" VPOS="1707" WIDTH="41" />
<String CONTENT="and" HEIGHT="52" HPOS="884" VPOS="1688" WIDTH="110" />
<SP HEIGHT="54" HPOS="995" VPOS="1688" WIDTH="40" />
<String CONTENT="the" HEIGHT="53" HPOS="1036" VPOS="1689" WIDTH="94" />
<SP HEIGHT="34" HPOS="1131" VPOS="1707" WIDTH="40" />
<String CONTENT="student" HEIGHT="54" HPOS="1172" VPOS="1688" WIDTH="229" />
<SP HEIGHT="52" HPOS="1402" VPOS="1689" WIDTH="40" />
<String CONTENT="by" HEIGHT="68" HPOS="1443" VPOS="1689" WIDTH="71" />
<SP HEIGHT="68" HPOS="1515" VPOS="1689" WIDTH="42" />
<String CONTENT="Joseph" HEIGHT="67" HPOS="1558" VPOS="1689" WIDTH="214" />
<SP HEIGHT="52" HPOS="1773" VPOS="1688" WIDTH="43" />
<String CONTENT="E." HEIGHT="54" HPOS="1817" VPOS="1688" WIDTH="67" />
<SP HEIGHT="53" HPOS="1885" VPOS="1689" WIDTH="46" />
<String CONTENT="Faingold" HEIGHT="70" HPOS="1932" VPOS="1687" WIDTH="280" />
<SP HEIGHT="54" HPOS="2213" VPOS="1688" WIDTH="47" />
<String CONTENT="&#8230;" CS="1" />
</TextLine>
<TextLine HEIGHT="71" HPOS="335" VPOS="1765" WIDTH="1321">
<String CONTENT="Chicago," HEIGHT="69" HPOS="335" VPOS="1765" WIDTH="266" />
<SP HEIGHT="65" HPOS="602" VPOS="1767" WIDTH="32" />
<String CONTENT="Ill.," HEIGHT="69" HPOS="635" VPOS="1765" WIDTH="110" />
<SP HEIGHT="67" HPOS="746" VPOS="1767" WIDTH="29" />
<String CONTENT="Universal" HEIGHT="54" HPOS="776" VPOS="1767" WIDTH="300" />
<SP HEIGHT="69" HPOS="1077" VPOS="1767" WIDTH="33" />
<String CONTENT="publishers" HEIGHT="71" HPOS="1111" VPOS="1765" WIDTH="317" />
<SP HEIGHT="50" HPOS="1429" VPOS="1785" WIDTH="33" />
<String CONTENT="[" HEIGHT="35" HPOS="1463" VPOS="1800" WIDTH="14" />
<String CONTENT="c" HEIGHT="21" HPOS="1481" STYLE="superscript" VPOS="1773" WIDTH="17" />
<String CONTENT="1935]" HEIGHT="65" HPOS="1505" VPOS="1769" WIDTH="151" />
</TextLine>
<TextLine CS="1" HEIGHT="49" HPOS="402" STYLEREFS="StyleId-D896A2D7-0329-402C-BE88-83E586FE3923-" VPOS="1837" WIDTH="466">
<String CONTENT="xvi," HEIGHT="48" HPOS="402" VPOS="1838" WIDTH="96" />
<SP />
<String CONTENT="195" HEIGHT="41" HPOS="531" VPOS="1837" WIDTH="85" />
<SP HEIGHT="49" HPOS="617" VPOS="1837" WIDTH="30" />
<String CONTENT="p." HEIGHT="37" HPOS="648" VPOS="1849" WIDTH="42" />
<SP HEIGHT="41" HPOS="691" VPOS="1838" WIDTH="59" />
<String CONTENT="22" HEIGHT="39" HPOS="751" VPOS="1838" WIDTH="56" />
<String CONTENT="cm" HEIGHT="22" HPOS="809" STYLE="superscript" VPOS="1840" WIDTH="44" />
<String CONTENT="." HEIGHT="9" HPOS="859" VPOS="1869" WIDTH="9" />
</TextLine>
<TextLine HEIGHT="48" HPOS="404" STYLEREFS="StyleId-D896A2D7-0329-402C-BE88-83E586FE3923-" VPOS="1895" WIDTH="1156">
<String CONTENT="Blank" HEIGHT="40" HPOS="404" VPOS="1895" WIDTH="159" />
<SP HEIGHT="48" HPOS="564" VPOS="1895" WIDTH="27" />
<String CONTENT="pages" HEIGHT="38" HPOS="592" VPOS="1905" WIDTH="146" />
<SP HEIGHT="40" HPOS="739" VPOS="1895" WIDTH="27" />
<String CONTENT="for" HEIGHT="40" HPOS="767" VPOS="1895" WIDTH="80" />
<SP HEIGHT="38" HPOS="848" VPOS="1896" WIDTH="27" />
<String CONTENT="&#8220;Notations&#8221;" HEIGHT="40" HPOS="876" VPOS="1895" WIDTH="313" />
<SP HEIGHT="39" HPOS="1190" VPOS="1895" WIDTH="31" />
<String CONTENT="interspersed." HEIGHT="47" HPOS="1222" VPOS="1896" WIDTH="338" />
</TextLine>
<TextLine CS="1" HEIGHT="109" HPOS="336" STYLEREFS="StyleId-D896A2D7-0329-402C-BE88-83E586FE3923-" VPOS="1951" WIDTH="1968">
<String CONTENT="&#169;." HEIGHT="53" HPOS="336" VPOS="1951" WIDTH="64" />
<SP HEIGHT="48" HPOS="401" VPOS="1956" WIDTH="15" />
<String CONTENT="July" HEIGHT="47" HPOS="417" VPOS="1956" WIDTH="115" />
<SP HEIGHT="47" HPOS="533" VPOS="1956" WIDTH="25" />
<String CONTENT="6," HEIGHT="46" HPOS="559" VPOS="1956" WIDTH="38" />
<SP HEIGHT="45" HPOS="598" VPOS="1957" WIDTH="28" />
<String CONTENT="1935;" HEIGHT="45" HPOS="627" VPOS="1955" WIDTH="140" />
<SP HEIGHT="45" HPOS="768" VPOS="1955" WIDTH="30" />
<String CONTENT="2c." HEIGHT="40" HPOS="799" VPOS="1955" WIDTH="66" />
<SP HEIGHT="29" HPOS="866" VPOS="1965" WIDTH="28" />
<String CONTENT="and" HEIGHT="39" HPOS="895" VPOS="1955" WIDTH="95" />
<SP HEIGHT="39" HPOS="991" VPOS="1955" WIDTH="26" />
<String CONTENT="aff." HEIGHT="41" HPOS="1018" VPOS="1953" WIDTH="81" />
<SP HEIGHT="39" HPOS="1100" VPOS="1955" WIDTH="29" />
<String CONTENT="July" HEIGHT="46" HPOS="1130" VPOS="1955" WIDTH="115" />
<SP HEIGHT="46" HPOS="1246" VPOS="1955" WIDTH="27" />
<String CONTENT="11;" HEIGHT="45" HPOS="1274" VPOS="1954" WIDTH="81" />
<SP HEIGHT="44" HPOS="1356" VPOS="1955" WIDTH="30" />
<String CONTENT="A" HEIGHT="38" HPOS="1387" VPOS="1955" WIDTH="39" />
<SP HEIGHT="39" HPOS="1427" VPOS="1955" WIDTH="29" />
<String CONTENT="84594;" HEIGHT="48" HPOS="1457" VPOS="1953" WIDTH="170" />
<SP HEIGHT="46" HPOS="1628" VPOS="1955" WIDTH="31" />
<String CONTENT="J." HEIGHT="39" HPOS="1660" VPOS="1955" WIDTH="42" />
<SP HEIGHT="38" HPOS="1703" VPOS="1956" WIDTH="31" />
<String CONTENT="E." HEIGHT="38" HPOS="1735" VPOS="1956" WIDTH="50" />
<SP HEIGHT="39" HPOS="1786" VPOS="1955" WIDTH="30" />
<String CONTENT="Faingold" HEIGHT="50" HPOS="1817" VPOS="1954" WIDTH="236" />
<SP HEIGHT="40" HPOS="2054" VPOS="1955" WIDTH="28" />
<String CONTENT="and" HEIGHT="39" HPOS="2083" VPOS="1957" WIDTH="96" />
<SP HEIGHT="39" HPOS="2180" VPOS="1957" WIDTH="31" />
<String CONTENT="Universal" HEIGHT="99" HPOS="404" VPOS="1953" WIDTH="1900" />
<SP HEIGHT="45" HPOS="563" VPOS="2015" WIDTH="30" />
<String CONTENT="publishers," HEIGHT="48" HPOS="594" VPOS="2012" WIDTH="285" />
<SP HEIGHT="48" HPOS="880" VPOS="2011" WIDTH="28" />
<String CONTENT="Chicago." HEIGHT="47" HPOS="909" VPOS="2011" WIDTH="221" />
<SP HEIGHT="47" HPOS="1131" VPOS="2011" WIDTH="70" />
<String CONTENT="(35-11598)" HEIGHT="48" HPOS="1202" VPOS="2010" WIDTH="279" />
</TextLine>
<TextLine CS="1" HEIGHT="146" HPOS="340" VPOS="2101" WIDTH="1979">
<String CONTENT="Federal" HEIGHT="53" HPOS="340" VPOS="2101" WIDTH="243" />
<SP HEIGHT="53" HPOS="584" VPOS="2101" WIDTH="45" />
<String CONTENT="reporter." HEIGHT="61" HPOS="630" VPOS="2108" WIDTH="269" />
<SP HEIGHT="55" HPOS="900" VPOS="2102" WIDTH="83" />
<String CONTENT="Second" HEIGHT="55" HPOS="984" VPOS="2102" WIDTH="218" />
<SP HEIGHT="51" HPOS="1203" VPOS="2103" WIDTH="43" />
<String CONTENT="series." HEIGHT="53" HPOS="1247" VPOS="2102" WIDTH="183" />
<SP HEIGHT="55" HPOS="1431" VPOS="2101" WIDTH="82" />
<String CONTENT="Cases" HEIGHT="55" HPOS="1514" VPOS="2101" WIDTH="168" />
<SP HEIGHT="35" HPOS="1683" VPOS="2120" WIDTH="45" />
<String CONTENT="argued" HEIGHT="67" HPOS="1729" VPOS="2103" WIDTH="212" />
<SP HEIGHT="52" HPOS="1942" VPOS="2103" WIDTH="45" />
<String CONTENT="and" HEIGHT="51" HPOS="1988" VPOS="2104" WIDTH="111" />
<SP HEIGHT="52" HPOS="2100" VPOS="2103" WIDTH="42" />
<String CONTENT="determined" HEIGHT="131" HPOS="409" VPOS="2103" WIDTH="1891" />
<SP HEIGHT="52" HPOS="598" VPOS="2181" WIDTH="25" />
<String CONTENT="in" HEIGHT="51" HPOS="624" VPOS="2181" WIDTH="59" />
<SP HEIGHT="45" HPOS="684" VPOS="2188" WIDTH="23" />
<String CONTENT="the" HEIGHT="52" HPOS="708" VPOS="2181" WIDTH="95" />
<SP HEIGHT="54" HPOS="804" VPOS="2181" WIDTH="23" />
<String CONTENT="United" HEIGHT="56" HPOS="828" VPOS="2179" WIDTH="213" />
<SP HEIGHT="55" HPOS="1042" VPOS="2180" WIDTH="29" />
<String CONTENT="States" HEIGHT="55" HPOS="1072" VPOS="2180" WIDTH="188" />
<SP HEIGHT="54" HPOS="1261" VPOS="2181" WIDTH="24" />
<String CONTENT="Circuit" HEIGHT="55" HPOS="1286" VPOS="2180" WIDTH="220" />
<SP HEIGHT="47" HPOS="1507" VPOS="2185" WIDTH="23" />
<String CONTENT="courts" HEIGHT="50" HPOS="1531" VPOS="2185" WIDTH="187" />
<SP HEIGHT="34" HPOS="1719" VPOS="2201" WIDTH="23" />
<String CONTENT="of" HEIGHT="55" HPOS="1743" VPOS="2180" WIDTH="62" />
<SP HEIGHT="52" HPOS="1806" VPOS="2180" WIDTH="26" />
<String CONTENT="appeals," HEIGHT="66" HPOS="1833" VPOS="2181" WIDTH="249" />
<SP HEIGHT="65" HPOS="2083" VPOS="2182" WIDTH="23" />
<String CONTENT="United" CS="1" HEIGHT="54" HPOS="2165" VPOS="2180" WIDTH="154" />
</TextLine>
<TextLine HEIGHT="68" HPOS="412" VPOS="2257" WIDTH="1909">
<String CONTENT="States" HEIGHT="54" HPOS="412" VPOS="2259" WIDTH="186" />
<SP HEIGHT="54" HPOS="599" VPOS="2260" WIDTH="26" />
<String CONTENT="Court" HEIGHT="54" HPOS="626" VPOS="2260" WIDTH="180" />
<SP HEIGHT="47" HPOS="807" VPOS="2264" WIDTH="21" />
<String CONTENT="of" HEIGHT="52" HPOS="829" VPOS="2258" WIDTH="61" />
<SP HEIGHT="52" HPOS="891" VPOS="2258" WIDTH="24" />
<String CONTENT="appeals" HEIGHT="66" HPOS="916" VPOS="2259" WIDTH="233" />
<SP HEIGHT="53" HPOS="1150" VPOS="2257" WIDTH="22" />
<String CONTENT="for" HEIGHT="53" HPOS="1173" VPOS="2257" WIDTH="95" />
<SP HEIGHT="46" HPOS="1269" VPOS="2264" WIDTH="21" />
<String CONTENT="the" HEIGHT="51" HPOS="1291" VPOS="2259" WIDTH="94" />
<SP HEIGHT="50" HPOS="1386" VPOS="2260" WIDTH="23" />
<String CONTENT="District" HEIGHT="54" HPOS="1410" VPOS="2258" WIDTH="243" />
<SP HEIGHT="47" HPOS="1654" VPOS="2265" WIDTH="22" />
<String CONTENT="of" HEIGHT="52" HPOS="1677" VPOS="2258" WIDTH="62" />
<SP HEIGHT="56" HPOS="1740" VPOS="2258" WIDTH="26" />
<String CONTENT="Columbia," HEIGHT="66" HPOS="1767" VPOS="2259" WIDTH="316" />
<SP HEIGHT="65" HPOS="2084" VPOS="2260" WIDTH="23" />
<String CONTENT="United" HEIGHT="55" HPOS="2108" VPOS="2259" WIDTH="213" />
</TextLine>
<TextLine CS="1" HEIGHT="145" HPOS="410" VPOS="2336" WIDTH="1912">
<String CONTENT="States" HEIGHT="55" HPOS="415" VPOS="2337" WIDTH="186" />
<SP HEIGHT="55" HPOS="602" VPOS="2337" WIDTH="28" />
<String CONTENT="Court" HEIGHT="55" HPOS="631" VPOS="2337" WIDTH="180" />
<SP HEIGHT="47" HPOS="812" VPOS="2342" WIDTH="28" />
<String CONTENT="of" HEIGHT="53" HPOS="841" VPOS="2336" WIDTH="61" />
<SP HEIGHT="52" HPOS="903" VPOS="2336" WIDTH="28" />
<String CONTENT="customs" HEIGHT="48" HPOS="932" VPOS="2341" WIDTH="245" />
<SP HEIGHT="33" HPOS="1178" VPOS="2356" WIDTH="28" />
<String CONTENT="and" HEIGHT="53" HPOS="1207" VPOS="2336" WIDTH="112" />
<SP HEIGHT="66" HPOS="1320" VPOS="2336" WIDTH="27" />
<String CONTENT="patent" HEIGHT="63" HPOS="1348" VPOS="2339" WIDTH="202" />
<SP HEIGHT="47" HPOS="1551" VPOS="2341" WIDTH="27" />
<String CONTENT="appeals," HEIGHT="68" HPOS="1579" VPOS="2336" WIDTH="249" />
<SP HEIGHT="44" HPOS="1829" VPOS="2357" WIDTH="28" />
<String CONTENT="with" HEIGHT="52" HPOS="1858" VPOS="2337" WIDTH="139" />
<SP HEIGHT="51" HPOS="1998" VPOS="2337" WIDTH="28" />
<String CONTENT="key" HEIGHT="66" HPOS="2027" VPOS="2337" WIDTH="110" />
<SP HEIGHT="47" HPOS="2138" VPOS="2356" WIDTH="25" />
<String CONTENT="number" HEIGHT="112" HPOS="410" VPOS="2355" WIDTH="1888" />
<SP HEIGHT="33" HPOS="509" VPOS="2434" WIDTH="50" />
<String CONTENT="annotations." CS="1" HEIGHT="53" HPOS="560" VPOS="2415" WIDTH="360" />
<SP HEIGHT="35" HPOS="936" VPOS="2431" WIDTH="87" />
<String CONTENT="volume" HEIGHT="51" HPOS="1024" VPOS="2415" WIDTH="222" />
<SP HEIGHT="53" HPOS="1247" VPOS="2413" WIDTH="47" />
<String CONTENT="75" HEIGHT="50" HPOS="1295" VPOS="2413" WIDTH="64" />
<SP HEIGHT="67" HPOS="1360" VPOS="2413" WIDTH="33" />
<String CONTENT="(2d)" HEIGHT="67" HPOS="1394" VPOS="2413" WIDTH="127" />
<SP HEIGHT="66" HPOS="1522" VPOS="2414" WIDTH="59" />
<String CONTENT="April-May," HEIGHT="67" HPOS="1582" VPOS="2414" WIDTH="367" />
<SP HEIGHT="63" HPOS="1950" VPOS="2418" WIDTH="51" />
<String CONTENT="1935." HEIGHT="49" HPOS="2002" VPOS="2418" WIDTH="148" />
<SP HEIGHT="55" HPOS="2151" VPOS="2415" WIDTH="89" />
<String CONTENT="St." HEIGHT="55" HPOS="2241" VPOS="2415" WIDTH="81" />
</TextLine>
<TextLine HEIGHT="68" HPOS="411" VPOS="2491" WIDTH="1014">
<String CONTENT="Paul," HEIGHT="58" HPOS="411" VPOS="2495" WIDTH="164" />
<SP HEIGHT="58" HPOS="576" VPOS="2495" WIDTH="24" />
<String CONTENT="West" HEIGHT="52" HPOS="601" VPOS="2495" WIDTH="159" />
<SP HEIGHT="60" HPOS="761" VPOS="2499" WIDTH="25" />
<String CONTENT="publishing" HEIGHT="68" HPOS="787" VPOS="2491" WIDTH="334" />
<SP HEIGHT="49" HPOS="1122" VPOS="2509" WIDTH="25" />
<String CONTENT="co.," HEIGHT="45" HPOS="1148" VPOS="2509" WIDTH="97" />
<SP HEIGHT="59" HPOS="1246" VPOS="2495" WIDTH="30" />
<String CONTENT="1935." HEIGHT="49" HPOS="1277" VPOS="2495" WIDTH="148" />
</TextLine>
<TextLine HEIGHT="50" HPOS="407" VPOS="2563" WIDTH="1028">
<String CONTENT="xxiv," HEIGHT="47" HPOS="407" VPOS="2566" WIDTH="129" />
<SP HEIGHT="46" HPOS="537" VPOS="2567" WIDTH="27" />
<String CONTENT="1115" HEIGHT="39" HPOS="565" VPOS="2565" WIDTH="117" />
<SP HEIGHT="47" HPOS="683" VPOS="2565" WIDTH="25" />
<String CONTENT="p." HEIGHT="36" HPOS="709" VPOS="2576" WIDTH="40" />
<SP HEIGHT="39" HPOS="750" VPOS="2565" WIDTH="30" />
<String CONTENT="incl." HEIGHT="39" HPOS="781" VPOS="2565" WIDTH="108" />
<SP HEIGHT="38" HPOS="890" VPOS="2565" WIDTH="29" />
<String CONTENT="front." HEIGHT="39" HPOS="920" VPOS="2565" WIDTH="145" />
<SP HEIGHT="47" HPOS="1066" VPOS="2563" WIDTH="30" />
<String CONTENT="(map)" HEIGHT="49" HPOS="1097" VPOS="2563" WIDTH="158" />
<SP HEIGHT="47" HPOS="1256" VPOS="2563" WIDTH="63" />
<String CONTENT="26" HEIGHT="40" HPOS="1320" VPOS="2563" WIDTH="54" />
<String CONTENT="cm" HEIGHT="21" HPOS="1378" STYLE="superscript" VPOS="2565" WIDTH="43" />
<String CONTENT="." HEIGHT="7" HPOS="1428" VPOS="2596" WIDTH="7" />
</TextLine>
<TextLine CS="1" HEIGHT="53" HPOS="341" STYLEREFS="StyleId-D896A2D7-0329-402C-BE88-83E586FE3923-" VPOS="2619" WIDTH="1716">
<String CONTENT="&#169;" HEIGHT="53" HPOS="341" VPOS="2619" WIDTH="52" />
<SP HEIGHT="53" HPOS="394" VPOS="2619" WIDTH="22" />
<String CONTENT="July" HEIGHT="47" HPOS="417" VPOS="2623" WIDTH="115" />
<SP HEIGHT="47" HPOS="533" VPOS="2623" WIDTH="20" />
<String CONTENT="10," HEIGHT="46" HPOS="554" VPOS="2622" WIDTH="68" />
<SP HEIGHT="46" HPOS="623" VPOS="2622" WIDTH="21" />
<String CONTENT="1935;" CS="1" HEIGHT="42" HPOS="645" VPOS="2619" WIDTH="112" />
<SP HEIGHT="46" HPOS="785" VPOS="2621" WIDTH="23" />
<String CONTENT="2c." HEIGHT="39" HPOS="809" VPOS="2621" WIDTH="65" />
<SP HEIGHT="39" HPOS="875" VPOS="2621" WIDTH="22" />
<String CONTENT="Aug." HEIGHT="48" HPOS="898" VPOS="2621" WIDTH="118" />
<SP HEIGHT="39" HPOS="1017" VPOS="2621" WIDTH="23" />
<String CONTENT="6;" HEIGHT="46" HPOS="1041" VPOS="2621" WIDTH="51" />
<SP HEIGHT="37" HPOS="1093" VPOS="2630" WIDTH="26" />
<String CONTENT="aff." HEIGHT="40" HPOS="1120" VPOS="2620" WIDTH="81" />
<SP HEIGHT="40" HPOS="1202" VPOS="2620" WIDTH="21" />
<String CONTENT="Aug." HEIGHT="47" HPOS="1224" VPOS="2620" WIDTH="118" />
<SP HEIGHT="39" HPOS="1343" VPOS="2621" WIDTH="21" />
<String CONTENT="5;" CS="1" HEIGHT="39" HPOS="1365" VPOS="2621" WIDTH="25" />
<SP HEIGHT="46" HPOS="1418" VPOS="2621" WIDTH="26" />
<String CONTENT="A" HEIGHT="38" HPOS="1445" VPOS="2621" WIDTH="38" />
<SP HEIGHT="39" HPOS="1484" VPOS="2621" WIDTH="21" />
<String CONTENT="85387;" CS="1" HEIGHT="40" HPOS="1506" VPOS="2621" WIDTH="141" />
<SP HEIGHT="45" HPOS="1675" VPOS="2621" WIDTH="26" />
<String CONTENT="West" HEIGHT="39" HPOS="1702" VPOS="2621" WIDTH="136" />
<SP HEIGHT="46" HPOS="1839" VPOS="2622" WIDTH="18" />
<String CONTENT="pub." HEIGHT="48" HPOS="1858" VPOS="2620" WIDTH="106" />
<SP HEIGHT="29" HPOS="1965" VPOS="2631" WIDTH="24" />
<String CONTENT="co." HEIGHT="30" HPOS="1990" VPOS="2630" WIDTH="67" />
</TextLine>
<TextLine HEIGHT="66" HPOS="342" STYLEREFS="StyleId-F8DE6F96-E0E5-46B2-B145-423DD5008E24-" VPOS="2709" WIDTH="921">
<String CONTENT="Felix," HEIGHT="65" HPOS="342" VPOS="2710" WIDTH="182" />
<SP HEIGHT="63" HPOS="525" VPOS="2712" WIDTH="25" />
<String CONTENT="Richard," HEIGHT="63" HPOS="551" VPOS="2710" WIDTH="276" />
<SP HEIGHT="65" HPOS="828" VPOS="2710" WIDTH="24" />
<String CONTENT="father," HEIGHT="66" HPOS="853" VPOS="2709" WIDTH="212" />
<SP HEIGHT="61" HPOS="1066" VPOS="2713" WIDTH="26" />
<String CONTENT="1890-" HEIGHT="48" HPOS="1093" VPOS="2713" WIDTH="170" />
</TextLine>
<TextLine HEIGHT="70" HPOS="410" VPOS="2783" WIDTH="1915">
<String CONTENT="The" HEIGHT="53" HPOS="410" VPOS="2787" WIDTH="120" />
<SP HEIGHT="53" HPOS="531" VPOS="2787" WIDTH="32" />
<String CONTENT="Apostles&#8217;" HEIGHT="68" HPOS="564" VPOS="2785" WIDTH="285" />
<SP HEIGHT="52" HPOS="850" VPOS="2785" WIDTH="33" />
<String CONTENT="creed," HEIGHT="66" HPOS="884" VPOS="2785" WIDTH="178" />
<SP HEIGHT="66" HPOS="1063" VPOS="2785" WIDTH="33" />
<String CONTENT="by" HEIGHT="67" HPOS="1097" VPOS="2785" WIDTH="73" />
<SP HEIGHT="67" HPOS="1171" VPOS="2785" WIDTH="35" />
<String CONTENT="Rev." HEIGHT="51" HPOS="1207" VPOS="2785" WIDTH="135" />
<SP HEIGHT="51" HPOS="1343" VPOS="2785" WIDTH="38" />
<String CONTENT="Richard" HEIGHT="54" HPOS="1382" VPOS="2783" WIDTH="251" />
<SP HEIGHT="53" HPOS="1634" VPOS="2784" WIDTH="35" />
<String CONTENT="Felix," HEIGHT="68" HPOS="1670" VPOS="2783" WIDTH="182" />
<SP HEIGHT="49" HPOS="1853" VPOS="2802" WIDTH="32" />
<String CONTENT="o." HEIGHT="35" HPOS="1886" VPOS="2802" WIDTH="46" />
<SP HEIGHT="35" HPOS="1933" VPOS="2802" WIDTH="37" />
<String CONTENT="s." HEIGHT="35" HPOS="1971" VPOS="2802" WIDTH="41" />
<SP HEIGHT="33" HPOS="2013" VPOS="2804" WIDTH="35" />
<String CONTENT="b." HEIGHT="32" HPOS="2049" VPOS="2804" WIDTH="47" />
<SP HEIGHT="51" HPOS="2097" VPOS="2786" WIDTH="73" />
<String CONTENT="Pilot" HEIGHT="53" HPOS="2171" VPOS="2784" WIDTH="154" />
</TextLine>
<TextLine HEIGHT="71" HPOS="340" VPOS="2861" WIDTH="879">
<String CONTENT="Grove," HEIGHT="66" HPOS="340" VPOS="2866" WIDTH="206" />
<SP HEIGHT="68" HPOS="547" VPOS="2864" WIDTH="25" />
<String CONTENT="Mo.," HEIGHT="67" HPOS="573" VPOS="2864" WIDTH="134" />
<SP HEIGHT="68" HPOS="708" VPOS="2863" WIDTH="25" />
<String CONTENT="R." HEIGHT="53" HPOS="734" VPOS="2863" WIDTH="68" />
<SP HEIGHT="52" HPOS="803" VPOS="2864" WIDTH="27" />
<String CONTENT="Felix" HEIGHT="53" HPOS="831" VPOS="2861" WIDTH="164" />
<SP HEIGHT="47" HPOS="996" VPOS="2881" WIDTH="30" />
<String CONTENT="[" HEIGHT="34" HPOS="1027" VPOS="2894" WIDTH="13" />
<String CONTENT="c" HEIGHT="22" HPOS="1044" STYLE="superscript" VPOS="2869" WIDTH="19" />
<String CONTENT="1935]" HEIGHT="64" HPOS="1067" VPOS="2865" WIDTH="152" />
</TextLine>
<TextLine CS="1" HEIGHT="52" HPOS="411" STYLEREFS="StyleId-D896A2D7-0329-402C-BE88-83E586FE3923-" VPOS="2935" WIDTH="668">
<String CONTENT="4" HEIGHT="40" HPOS="411" VPOS="2939" WIDTH="29" />
<SP HEIGHT="48" HPOS="441" VPOS="2939" WIDTH="25" />
<String CONTENT="p." CS="1" />
<SP />
<String CONTENT="l.," CS="1" HEIGHT="19" HPOS="575" VPOS="2968" WIDTH="11" />
<SP HEIGHT="50" HPOS="587" VPOS="2937" WIDTH="27" />
<String CONTENT="184," HEIGHT="49" HPOS="615" VPOS="2937" WIDTH="99" />
<SP HEIGHT="32" HPOS="715" VPOS="2955" WIDTH="30" />
<String CONTENT="[5]" HEIGHT="51" HPOS="746" VPOS="2936" WIDTH="56" />
<SP HEIGHT="39" HPOS="803" VPOS="2947" WIDTH="29" />
<String CONTENT="p." HEIGHT="38" HPOS="833" VPOS="2947" WIDTH="42" />
<SP HEIGHT="39" HPOS="876" VPOS="2936" WIDTH="57" />
<String CONTENT="18&#189;cm." CS="1" HEIGHT="41" HPOS="934" VPOS="2935" WIDTH="145" />
</TextLine>
<TextLine HEIGHT="52" HPOS="415" STYLEREFS="StyleId-D896A2D7-0329-402C-BE88-83E586FE3923-" VPOS="2991" WIDTH="761">
<String CONTENT="&#8220;Apologetic" HEIGHT="51" HPOS="415" VPOS="2992" WIDTH="307" />
<SP HEIGHT="41" HPOS="723" VPOS="2993" WIDTH="27" />
<String CONTENT="books&#8221;:" HEIGHT="42" HPOS="751" VPOS="2991" WIDTH="202" />
<SP HEIGHT="38" HPOS="954" VPOS="3002" WIDTH="31" />
<String CONTENT="p." HEIGHT="38" HPOS="986" VPOS="3002" WIDTH="43" />
<SP HEIGHT="31" HPOS="1030" VPOS="3010" WIDTH="32" />
<String CONTENT="[186]" HEIGHT="50" HPOS="1063" VPOS="2991" WIDTH="113" />
</TextLine>
<TextLine CS="1" HEIGHT="55" HPOS="344" STYLEREFS="StyleId-D896A2D7-0329-402C-BE88-83E586FE3923-" VPOS="3046" WIDTH="1711">
<String CONTENT="&#169;" HEIGHT="53" HPOS="344" VPOS="3048" WIDTH="52" />
<SP HEIGHT="53" HPOS="397" VPOS="3048" WIDTH="26" />
<String CONTENT="June" HEIGHT="39" HPOS="424" VPOS="3052" WIDTH="124" />
<SP HEIGHT="39" HPOS="549" VPOS="3052" WIDTH="27" />
<String CONTENT="7," HEIGHT="46" HPOS="577" VPOS="3052" WIDTH="38" />
<SP HEIGHT="46" HPOS="616" VPOS="3052" WIDTH="26" />
<String CONTENT="1935;" HEIGHT="46" HPOS="643" VPOS="3050" WIDTH="140" />
<SP HEIGHT="47" HPOS="784" VPOS="3049" WIDTH="30" />
<String CONTENT="2c." HEIGHT="40" HPOS="815" VPOS="3049" WIDTH="66" />
<SP HEIGHT="40" HPOS="882" VPOS="3049" WIDTH="27" />
<String CONTENT="June" HEIGHT="39" HPOS="910" VPOS="3049" WIDTH="125" />
<SP HEIGHT="39" HPOS="1036" VPOS="3049" WIDTH="25" />
<String CONTENT="11;" HEIGHT="45" HPOS="1062" VPOS="3049" WIDTH="81" />
<SP HEIGHT="36" HPOS="1144" VPOS="3058" WIDTH="28" />
<String CONTENT="aff." HEIGHT="41" HPOS="1173" VPOS="3046" WIDTH="82" />
<SP HEIGHT="39" HPOS="1256" VPOS="3048" WIDTH="28" />
<String CONTENT="June" HEIGHT="39" HPOS="1285" VPOS="3048" WIDTH="126" />
<SP HEIGHT="37" HPOS="1412" VPOS="3049" WIDTH="28" />
<String CONTENT="10;" HEIGHT="47" HPOS="1441" VPOS="3046" WIDTH="80" />
<SP HEIGHT="45" HPOS="1522" VPOS="3048" WIDTH="29" />
<String CONTENT="A" HEIGHT="38" HPOS="1552" VPOS="3048" WIDTH="41" />
<SP HEIGHT="40" HPOS="1594" VPOS="3048" WIDTH="25" />
<String CONTENT="84191;" HEIGHT="46" HPOS="1620" VPOS="3048" WIDTH="169" />
<SP HEIGHT="46" HPOS="1790" VPOS="3048" WIDTH="30" />
<String CONTENT="R." HEIGHT="39" HPOS="1821" VPOS="3048" WIDTH="54" />
<SP HEIGHT="38" HPOS="1876" VPOS="3049" WIDTH="29" />
<String CONTENT="Felix." HEIGHT="40" HPOS="1906" VPOS="3048" WIDTH="149" />
</TextLine>
<TextLine HEIGHT="49" HPOS="422" STYLEREFS="StyleId-D896A2D7-0329-402C-BE88-83E586FE3923-" VPOS="3107" WIDTH="280">
<String CONTENT="(35-12052)" HEIGHT="49" HPOS="422" VPOS="3107" WIDTH="280" />
</TextLine>
<TextLine CS="1" HEIGHT="66" HPOS="347" VPOS="3194" WIDTH="1044">
<String CONTENT="Fulton," HEIGHT="63" HPOS="347" VPOS="3197" WIDTH="231" />
<SP HEIGHT="62" HPOS="579" VPOS="3198" WIDTH="23" />
<String CONTENT="Mrs." HEIGHT="51" HPOS="603" VPOS="3198" WIDTH="136" />
<SP HEIGHT="52" HPOS="740" VPOS="3196" WIDTH="28" />
<String CONTENT="Viva" CS="1" HEIGHT="53" HPOS="825" VPOS="3194" WIDTH="94" />
<SP HEIGHT="52" HPOS="920" VPOS="3195" WIDTH="24" />
<String CONTENT="Norton," HEIGHT="63" HPOS="945" VPOS="3195" WIDTH="247" />
<SP HEIGHT="58" HPOS="1193" VPOS="3200" WIDTH="29" />
<String CONTENT="1878-" HEIGHT="54" HPOS="1223" VPOS="3195" WIDTH="168" />
</TextLine>
<TextLine HEIGHT="71" HPOS="414" VPOS="3268" WIDTH="1908">
<String CONTENT="Rainbow" HEIGHT="53" HPOS="414" VPOS="3270" WIDTH="276" />
<SP HEIGHT="34" HPOS="691" VPOS="3289" WIDTH="25" />
<String CONTENT="system" HEIGHT="63" HPOS="717" VPOS="3276" WIDTH="204" />
<SP HEIGHT="34" HPOS="922" VPOS="3288" WIDTH="28" />
<String CONTENT="of" HEIGHT="53" HPOS="951" VPOS="3269" WIDTH="63" />
<SP HEIGHT="53" HPOS="1015" VPOS="3269" WIDTH="26" />
<String CONTENT="beauty" HEIGHT="68" HPOS="1042" VPOS="3269" WIDTH="206" />
<SP HEIGHT="50" HPOS="1249" VPOS="3287" WIDTH="26" />
<String CONTENT="culture," HEIGHT="67" HPOS="1276" VPOS="3269" WIDTH="235" />
<SP HEIGHT="48" HPOS="1512" VPOS="3288" WIDTH="28" />
<String CONTENT="compiled" HEIGHT="68" HPOS="1541" VPOS="3268" WIDTH="280" />
<SP HEIGHT="53" HPOS="1822" VPOS="3268" WIDTH="29" />
<String CONTENT="and" HEIGHT="52" HPOS="1852" VPOS="3269" WIDTH="111" />
<SP HEIGHT="52" HPOS="1964" VPOS="3269" WIDTH="30" />
<String CONTENT="written" HEIGHT="53" HPOS="1995" VPOS="3268" WIDTH="226" />
<SP HEIGHT="53" HPOS="2222" VPOS="3268" WIDTH="28" />
<String CONTENT="by" HEIGHT="67" HPOS="2251" VPOS="3268" WIDTH="71" />
</TextLine>
<TextLine CS="1" HEIGHT="69" HPOS="347" VPOS="3345" WIDTH="1974">
<String CONTENT="Viva" HEIGHT="53" HPOS="347" VPOS="3348" WIDTH="146" />
<SP HEIGHT="52" HPOS="494" VPOS="3348" WIDTH="30" />
<String CONTENT="Norton" HEIGHT="51" HPOS="525" VPOS="3348" WIDTH="219" />
<SP HEIGHT="50" HPOS="745" VPOS="3349" WIDTH="29" />
<String CONTENT="Fulton" HEIGHT="52" HPOS="775" VPOS="3347" WIDTH="211" />
<SP HEIGHT="34" HPOS="987" VPOS="3365" WIDTH="35" />
<String CONTENT="&#8230;" CS="1" />
<SP HEIGHT="33" HPOS="1080" VPOS="3365" WIDTH="36" />
<String CONTENT="revised" HEIGHT="53" HPOS="1117" VPOS="3346" WIDTH="218" />
<SP HEIGHT="52" HPOS="1336" VPOS="3346" WIDTH="30" />
<String CONTENT="by" HEIGHT="68" HPOS="1367" VPOS="3346" WIDTH="75" />
<SP HEIGHT="68" HPOS="1443" VPOS="3346" WIDTH="30" />
<String CONTENT="Herma" HEIGHT="53" HPOS="1474" VPOS="3346" WIDTH="218" />
<SP HEIGHT="54" HPOS="1693" VPOS="3345" WIDTH="29" />
<String CONTENT="Norton" HEIGHT="53" HPOS="1723" VPOS="3345" WIDTH="221" />
<SP HEIGHT="34" HPOS="1945" VPOS="3364" WIDTH="36" />
<String CONTENT="&#8230;" CS="1" />
<SP HEIGHT="49" HPOS="2039" VPOS="3349" WIDTH="71" />
<String CONTENT="5th" HEIGHT="53" HPOS="2111" VPOS="3345" WIDTH="97" />
<SP HEIGHT="53" HPOS="2209" VPOS="3345" WIDTH="30" />
<String CONTENT="ed." HEIGHT="53" HPOS="2240" VPOS="3345" WIDTH="81" />
</TextLine>
<TextLine HEIGHT="70" HPOS="345" VPOS="3422" WIDTH="1874">
<String CONTENT="[Indianapolis," HEIGHT="68" HPOS="345" VPOS="3424" WIDTH="435" />
<SP HEIGHT="67" HPOS="781" VPOS="3424" WIDTH="34" />
<String CONTENT="Rainbow" HEIGHT="53" HPOS="816" VPOS="3423" WIDTH="275" />
<SP HEIGHT="33" HPOS="1092" VPOS="3442" WIDTH="37" />
<String CONTENT="academy" HEIGHT="68" HPOS="1130" VPOS="3422" WIDTH="268" />
<SP HEIGHT="50" HPOS="1399" VPOS="3440" WIDTH="32" />
<String CONTENT="of" HEIGHT="53" HPOS="1432" VPOS="3422" WIDTH="63" />
<SP HEIGHT="53" HPOS="1496" VPOS="3422" WIDTH="34" />
<String CONTENT="beauty" HEIGHT="69" HPOS="1531" VPOS="3422" WIDTH="206" />
<SP HEIGHT="51" HPOS="1738" VPOS="3440" WIDTH="33" />
<String CONTENT="culture]" HEIGHT="67" HPOS="1772" VPOS="3422" WIDTH="235" />
<SP HEIGHT="61" HPOS="2008" VPOS="3428" WIDTH="38" />
<String CONTENT="c" HEIGHT="21" HPOS="2047" STYLE="superscript" VPOS="3428" WIDTH="18" />
<String CONTENT="1935." HEIGHT="50" HPOS="2070" VPOS="3425" WIDTH="149" />
</TextLine>
<TextLine CS="1" HEIGHT="50" HPOS="417" STYLEREFS="StyleId-95876ABD-060A-4F3E-AC31-132AEA4C741F-" VPOS="3494" WIDTH="948">
<String CONTENT="xvii," HEIGHT="47" HPOS="417" VPOS="3497" WIDTH="112" />
<SP />
<String CONTENT="336" HEIGHT="40" HPOS="558" VPOS="3497" WIDTH="86" />
<SP HEIGHT="46" HPOS="645" VPOS="3498" WIDTH="25" />
<String CONTENT="p." HEIGHT="37" HPOS="671" VPOS="3507" WIDTH="41" />
<SP HEIGHT="39" HPOS="713" VPOS="3498" WIDTH="26" />
<String CONTENT="incl." HEIGHT="42" HPOS="740" VPOS="3496" WIDTH="106" />
<SP HEIGHT="42" HPOS="847" VPOS="3496" WIDTH="24" />
<String CONTENT="illus.," HEIGHT="44" HPOS="872" VPOS="3496" WIDTH="140" />
<SP HEIGHT="37" HPOS="1013" VPOS="3506" WIDTH="26" />
<String CONTENT="port." HEIGHT="44" HPOS="1040" VPOS="3499" WIDTH="120" />
<SP HEIGHT="39" HPOS="1161" VPOS="3496" WIDTH="59" />
<String CONTENT="19&#189;" CS="1" HEIGHT="41" HPOS="1221" VPOS="3494" WIDTH="54" />
<String CONTENT="cm" HEIGHT="21" HPOS="1308" STYLE="superscript" VPOS="3497" WIDTH="44" />
<String CONTENT="." HEIGHT="9" HPOS="1356" VPOS="3526" WIDTH="9" />
</TextLine>
<TextLine CS="1" HEIGHT="108" HPOS="348" STYLEREFS="StyleId-D896A2D7-0329-402C-BE88-83E586FE3923-" VPOS="3551" WIDTH="1961">
<String CONTENT="&#169;" HEIGHT="53" HPOS="348" VPOS="3551" WIDTH="52" />
<SP HEIGHT="53" HPOS="401" VPOS="3551" WIDTH="30" />
<String CONTENT="Apr." HEIGHT="47" HPOS="432" VPOS="3556" WIDTH="111" />
<SP HEIGHT="40" HPOS="544" VPOS="3555" WIDTH="29" />
<String CONTENT="23," HEIGHT="47" HPOS="574" VPOS="3555" WIDTH="70" />
<SP HEIGHT="46" HPOS="645" VPOS="3556" WIDTH="29" />
<String CONTENT="1935;" CS="1" HEIGHT="40" HPOS="675" VPOS="3555" WIDTH="117" />
<SP HEIGHT="47" HPOS="815" VPOS="3554" WIDTH="31" />
<String CONTENT="2c." HEIGHT="39" HPOS="847" VPOS="3554" WIDTH="66" />
<SP HEIGHT="40" HPOS="914" VPOS="3554" WIDTH="31" />
<String CONTENT="July" HEIGHT="48" HPOS="946" VPOS="3554" WIDTH="116" />
<SP HEIGHT="48" HPOS="1063" VPOS="3554" WIDTH="29" />
<String CONTENT="2;" HEIGHT="45" HPOS="1093" VPOS="3554" WIDTH="53" />
<SP HEIGHT="35" HPOS="1147" VPOS="3564" WIDTH="34" />
<String CONTENT="aff." HEIGHT="40" HPOS="1182" VPOS="3553" WIDTH="83" />
<SP HEIGHT="40" HPOS="1266" VPOS="3553" WIDTH="29" />
<String CONTENT="July" HEIGHT="47" HPOS="1296" VPOS="3553" WIDTH="115" />
<SP HEIGHT="47" HPOS="1412" VPOS="3553" WIDTH="29" />
<String CONTENT="1;" HEIGHT="47" HPOS="1442" VPOS="3553" WIDTH="51" />
<SP HEIGHT="47" HPOS="1494" VPOS="3553" WIDTH="32" />
<String CONTENT="A" HEIGHT="39" HPOS="1527" VPOS="3553" WIDTH="41" />
<SP HEIGHT="40" HPOS="1569" VPOS="3553" WIDTH="33" />
<String CONTENT="85159;" HEIGHT="48" HPOS="1603" VPOS="3551" WIDTH="168" />
<SP HEIGHT="46" HPOS="1772" VPOS="3553" WIDTH="32" />
<String CONTENT="Herma" HEIGHT="40" HPOS="1805" VPOS="3553" WIDTH="183" />
<SP HEIGHT="38" HPOS="1989" VPOS="3554" WIDTH="30" />
<String CONTENT="Norton," HEIGHT="47" HPOS="2020" VPOS="3554" WIDTH="198" />
<SP HEIGHT="47" HPOS="2219" VPOS="3554" WIDTH="33" />
<String CONTENT="Indianapolis." HEIGHT="105" HPOS="416" VPOS="3554" WIDTH="1893" />
<SP HEIGHT="48" HPOS="703" VPOS="3611" WIDTH="69" />
<String CONTENT="(35-11867)" HEIGHT="49" HPOS="773" VPOS="3610" WIDTH="276" />
<SP />
</TextLine>
<TextLine HEIGHT="64" HPOS="350" VPOS="3683" WIDTH="1004">
<String CONTENT="Glover," HEIGHT="63" HPOS="350" VPOS="3684" WIDTH="227" />
<SP HEIGHT="62" HPOS="578" VPOS="3685" WIDTH="27" />
<String CONTENT="Terrot" HEIGHT="52" HPOS="606" VPOS="3685" WIDTH="209" />
<SP HEIGHT="52" HPOS="816" VPOS="3685" WIDTH="27" />
<String CONTENT="Reaveley," HEIGHT="64" HPOS="844" VPOS="3683" WIDTH="308" />
<SP HEIGHT="56" HPOS="1153" VPOS="3691" WIDTH="31" />
<String CONTENT="1869-" HEIGHT="49" HPOS="1185" VPOS="3689" WIDTH="169" />
</TextLine>
<TextLine CS="1" HEIGHT="149" HPOS="349" VPOS="3755" WIDTH="1948">
<String CONTENT="The" HEIGHT="53" HPOS="417" VPOS="3760" WIDTH="121" />
<SP HEIGHT="35" HPOS="539" VPOS="3778" WIDTH="35" />
<String CONTENT="ancient" HEIGHT="51" HPOS="575" VPOS="3761" WIDTH="223" />
<SP HEIGHT="47" HPOS="799" VPOS="3764" WIDTH="34" />
<String CONTENT="world;" HEIGHT="64" HPOS="834" VPOS="3760" WIDTH="207" />
<SP HEIGHT="47" HPOS="1042" VPOS="3777" WIDTH="42" />
<String CONTENT="a" HEIGHT="33" HPOS="1085" VPOS="3781" WIDTH="30" />
<SP HEIGHT="55" HPOS="1116" VPOS="3759" WIDTH="38" />
<String CONTENT="beginning," HEIGHT="68" HPOS="1155" VPOS="3759" WIDTH="327" />
<SP HEIGHT="69" HPOS="1483" VPOS="3758" WIDTH="36" />
<String CONTENT="by" HEIGHT="68" HPOS="1520" VPOS="3758" WIDTH="75" />
<SP HEIGHT="69" HPOS="1596" VPOS="3757" WIDTH="35" />
<String CONTENT="T." HEIGHT="55" HPOS="1632" VPOS="3757" WIDTH="65" />
<SP HEIGHT="56" HPOS="1698" VPOS="3756" WIDTH="39" />
<String CONTENT="R." HEIGHT="51" HPOS="1738" VPOS="3756" WIDTH="67" />
<SP HEIGHT="54" HPOS="1806" VPOS="3756" WIDTH="42" />
<String CONTENT="Glover." HEIGHT="54" HPOS="1849" VPOS="3756" WIDTH="221" />
<SP HEIGHT="54" HPOS="2071" VPOS="3755" WIDTH="93" />
<String CONTENT="Cambridge" HEIGHT="147" HPOS="349" VPOS="3755" WIDTH="1948" />
<SP HEIGHT="50" HPOS="547" VPOS="3854" WIDTH="33" />
<String CONTENT="[Eng.]" HEIGHT="68" HPOS="581" VPOS="3836" WIDTH="182" />
<SP HEIGHT="66" HPOS="764" VPOS="3836" WIDTH="32" />
<String CONTENT="The" HEIGHT="52" HPOS="797" VPOS="3835" WIDTH="117" />
<SP HEIGHT="54" HPOS="915" VPOS="3836" WIDTH="28" />
<String CONTENT="University" HEIGHT="68" HPOS="944" VPOS="3835" WIDTH="333" />
<SP HEIGHT="51" HPOS="1278" VPOS="3852" WIDTH="28" />
<String CONTENT="press," HEIGHT="50" HPOS="1307" VPOS="3852" WIDTH="173" />
<SP HEIGHT="63" HPOS="1481" VPOS="3837" WIDTH="30" />
<String CONTENT="1935." HEIGHT="49" HPOS="1512" VPOS="3836" WIDTH="148" />
</TextLine>
<TextLine CS="1" HEIGHT="51" HPOS="419" STYLEREFS="StyleId-D896A2D7-0329-402C-BE88-83E586FE3923-" VPOS="3903" WIDTH="1904">
<String CONTENT="viii" HEIGHT="39" HPOS="419" VPOS="3907" WIDTH="85" />
<SP HEIGHT="47" HPOS="505" VPOS="3907" WIDTH="29" />
<String CONTENT="p.," HEIGHT="37" HPOS="535" VPOS="3917" WIDTH="57" />
<SP HEIGHT="45" HPOS="593" VPOS="3906" WIDTH="30" />
<String CONTENT="2" HEIGHT="38" HPOS="624" VPOS="3906" WIDTH="26" />
<SP HEIGHT="40" HPOS="651" VPOS="3906" WIDTH="28" />
<String CONTENT="l.," CS="1" HEIGHT="13" HPOS="701" VPOS="3937" WIDTH="22" />
<SP HEIGHT="43" HPOS="724" VPOS="3907" WIDTH="29" />
<String CONTENT="388" HEIGHT="40" HPOS="754" VPOS="3906" WIDTH="87" />
<SP HEIGHT="48" HPOS="842" VPOS="3906" WIDTH="28" />
<String CONTENT="p." HEIGHT="37" HPOS="871" VPOS="3917" WIDTH="42" />
<SP HEIGHT="39" HPOS="914" VPOS="3907" WIDTH="58" />
<String CONTENT="illus.," HEIGHT="45" HPOS="973" VPOS="3906" WIDTH="141" />
<SP HEIGHT="32" HPOS="1115" VPOS="3919" WIDTH="28" />
<String CONTENT="VIII" CS="1" />
<SP />
<String CONTENT="pl." HEIGHT="47" HPOS="1264" VPOS="3906" WIDTH="60" />
<SP HEIGHT="47" HPOS="1325" VPOS="3905" WIDTH="27" />
<String CONTENT="(incl." HEIGHT="47" HPOS="1353" VPOS="3905" WIDTH="133" />
<SP HEIGHT="43" HPOS="1487" VPOS="3906" WIDTH="27" />
<String CONTENT="front.)" HEIGHT="47" HPOS="1515" VPOS="3906" WIDTH="174" />
<SP HEIGHT="47" HPOS="1690" VPOS="3906" WIDTH="37" />
<String CONTENT="maps" HEIGHT="37" HPOS="1728" VPOS="3915" WIDTH="137" />
<SP HEIGHT="46" HPOS="1866" VPOS="3905" WIDTH="25" />
<String CONTENT="(1" HEIGHT="46" HPOS="1892" VPOS="3905" WIDTH="48" />
<SP HEIGHT="39" HPOS="1941" VPOS="3905" WIDTH="30" />
<String CONTENT="fold.)" HEIGHT="47" HPOS="1972" VPOS="3904" WIDTH="143" />
<SP HEIGHT="47" HPOS="2116" VPOS="3904" WIDTH="65" />
<String CONTENT="20&#189;cm." CS="1" HEIGHT="40" HPOS="2182" VPOS="3903" WIDTH="141" />
</TextLine>
<TextLine CS="1" HEIGHT="53" HPOS="350" STYLEREFS="StyleId-D896A2D7-0329-402C-BE88-83E586FE3923-" VPOS="3961" WIDTH="1974">
<String CONTENT="&#169;" HEIGHT="53" HPOS="350" VPOS="3961" WIDTH="52" />
<SP />
<String CONTENT="1c." CS="1" />
<SP HEIGHT="38" HPOS="490" VPOS="3967" WIDTH="25" />
<String CONTENT="June" HEIGHT="39" HPOS="516" VPOS="3967" WIDTH="128" />
<SP HEIGHT="39" HPOS="645" VPOS="3967" WIDTH="22" />
<String CONTENT="19," HEIGHT="46" HPOS="668" VPOS="3966" WIDTH="68" />
<SP HEIGHT="46" HPOS="737" VPOS="3966" WIDTH="25" />
<String CONTENT="1935;" HEIGHT="46" HPOS="763" VPOS="3965" WIDTH="139" />
<SP HEIGHT="45" HPOS="903" VPOS="3966" WIDTH="25" />
<String CONTENT="A" HEIGHT="38" HPOS="929" VPOS="3966" WIDTH="41" />
<SP HEIGHT="38" HPOS="971" VPOS="3966" WIDTH="27" />
<String CONTENT="ad" HEIGHT="38" HPOS="999" VPOS="3966" WIDTH="61" />
<SP HEIGHT="39" HPOS="1061" VPOS="3965" WIDTH="23" />
<String CONTENT="int." HEIGHT="39" HPOS="1085" VPOS="3965" WIDTH="86" />
<SP HEIGHT="39" HPOS="1172" VPOS="3965" WIDTH="24" />
<String CONTENT="20316;" HEIGHT="46" HPOS="1197" VPOS="3965" WIDTH="169" />
<SP HEIGHT="37" HPOS="1367" VPOS="3975" WIDTH="26" />
<String CONTENT="pubd." HEIGHT="48" HPOS="1394" VPOS="3964" WIDTH="140" />
<SP HEIGHT="39" HPOS="1535" VPOS="3965" WIDTH="28" />
<String CONTENT="June" HEIGHT="39" HPOS="1564" VPOS="3965" WIDTH="127" />
<SP HEIGHT="40" HPOS="1692" VPOS="3964" WIDTH="22" />
<String CONTENT="3;" HEIGHT="46" HPOS="1715" VPOS="3964" WIDTH="53" />
<SP HEIGHT="45" HPOS="1769" VPOS="3965" WIDTH="30" />
<String CONTENT="Macmillan" HEIGHT="42" HPOS="1800" VPOS="3961" WIDTH="278" />
<SP HEIGHT="29" HPOS="2079" VPOS="3973" WIDTH="24" />
<String CONTENT="co.," HEIGHT="32" HPOS="2104" VPOS="3972" WIDTH="82" />
<SP HEIGHT="42" HPOS="2187" VPOS="3962" WIDTH="25" />
<String CONTENT="New" HEIGHT="38" HPOS="2213" VPOS="3962" WIDTH="111" />
</TextLine>
<TextLine CS="1" HEIGHT="49" HPOS="418" STYLEREFS="StyleId-D896A2D7-0329-402C-BE88-83E586FE3923-" VPOS="4021" WIDTH="490">
<String CONTENT="York." HEIGHT="40" HPOS="418" VPOS="4022" WIDTH="141" />
<SP HEIGHT="47" HPOS="560" VPOS="4023" WIDTH="70" />
<String CONTENT="(35-12595)" HEIGHT="49" HPOS="631" VPOS="4021" WIDTH="277" />
<SP />
</TextLine>
</TextBlock>
</PrintSpace>
</Page>
</Layout>
</alto>