2424 4375
1027 4044 130 48 1499

129 420 230 64 Brown,
388 421 241 52 Forrest
659 421 326 63 Raymond.

197 493 160 54 Guns
397 495 59 52 in
496 496 93 52 the
631 494 384 68 Squawtooth,
1055 496 74 67 by
1168 495 234 54 Forrest
1440 496 226 51 Brown.
1758 495 137 53 New
1940 496 177 67 York,

129 570 197 70 Dodge
357 571 333 68 publishing
719 589 277 51 company
1030 606 14 35 [
1049 578 18 22 c
1071 574 132 49 1935
1210 605 13 34 ]

194 642 610 49 4 p. l., 3-287 p. 19½ cm .
197 699 160 41 “First
388 699 226 41 edition.”

126 768 51 53 ©
204 773 124 48 Sept.
353 774 69 46 16,
446 772 113 41 1935;
612 773 67 40 2c.
701 773 117 39 Nov.
841 771 26 39 2;
919 772 82 40 aff.
1027 772 100 40 Oct.
1150 773 56 39 31;
1260 773 39 38 A
1324 772 143 41 89154;
1521 773 200 41 Forrest
1744 774 192 47 Brown,
1963 774 155 42 South

194 829 270 49 Braintree,
493 831 145 38 Mass.
709 828 279 50 (35-21570)

125 933 271 65 Buehler,
426 935 153 52 Ezra
608 934 321 64 Christian,
959 951 177 48 comp.

257 1008 1855 69 … Free medical care, socialized medicine, compiled and
123 1085 1988 67 edited by E. C. Buehler … New York city, Noble and Noble,
123 1162 105 55 inc.
266 1197 13 34 [
284 1170 18 21 c
306 1167 132 49 1935
446 1196 11 34 ]

192 1236 101 47 viii,
319 1236 85 41 360
428 1246 44 38 p.
525 1236 57 39 20½
614 1238 44 21 cm
661 1268 9 7 .
737 1235 275 49 (Debater’s
1038 1235 111 48 help
1172 1235 135 48 book,
1334 1236 90 41 vol.
1500 1237 15 47 II)

195 1291 72 42 On
293 1302 141 32 cover:
488 1292 283 49 University
798 1294 224 39 debaters
1046 1294 111 46 help
1185 1293 136 47 book,
1349 1293 91 41 vol.
1512 1324 9 9 II.

192 1348 374 49 Bibliography:
600 1360 44 37 p.
680 1348 156 41 51-92.

122 1416 51 53 ©
209 1422 124 47 Sept.
371 1422 68 46 12,
474 1421 141 47 1935;
650 1421 67 41 2c.
755 1423 95 38 and
884 1421 80 40 aff.
1002 1422 102 40 Oct.
1140 1422 81 46 15;
1260 1423 41 38 A
1336 1422 170 46 86762;
1544 1423 152 41 Noble
1732 1424 37 40 &
1802 1425 164 47 Noble,
190 1425 1906 101 publishers,
405 1479 90 39 inc.
566 1478 278 49 (35-20922)

122 1581 183 63 Bush,
339 1582 407 62 Christopher,
781 1585 170 49 1885-

190 1657 119 51 The
346 1674 120 36 case
503 1655 63 54 of
599 1659 94 50 the
731 1655 237 55 Chinese
1003 1673 169 50 gong,
1207 1656 75 68 by
1319 1654 372 69 Christopher
1726 1656 172 52 Bush.
1975 1657 134 55 New

124 1732 175 70 York,
329 1733 74 53 H.
434 1733 146 54 Holt
608 1735 112 51 and
750 1750 276 52 company
1060 1767 13 34 [
1078 1740 18 21 c
1101 1736 132 48 1935
1240 1767 13 34 ]

191 1804 1004 48 5 p. l., 3-294 p. illus. (plan) 19½ cm .
121 1860 1990 54 © Oct. 24, 1935; 2c. Nov. 2; aff. Nov. 13; A 88094; Henry Holt & co.,
189 1921 89 40 inc.
349 1921 279 47 (35-21564)

123 2024 239 64 Carroll,
392 2024 250 53 Eleanor
671 2024 224 56 Elliott.

190 2098 1858 70 Good-by to love; a love story, by Eleanor Elliott Carroll …
122 2175 1223 69 New York, N. Y., Chelsea house [ c 1935]
188 2247 588 51 3 p. l., [11]-246 p. 19½cm.
119 2303 51 53 ©
197 2309 117 39 Nov.
343 2309 40 46 1,
411 2307 141 47 1935;
581 2308 68 39 2c.
678 2309 96 38 and
802 2307 80 40 aff.
912 2308 116 39 Nov.
1059 2308 52 45 5;
1143 2308 41 38 A
1212 2306 169 48 88119;
1414 2308 203 40 Chelsea
1646 2309 163 40 house.

199 2364 279 48 (35-21571)

121 2465 259 66 Cleaves,
410 2467 221 54 Harold
661 2468 270 64 Edward,
964 2471 171 50 1886-

189 2542 1856 70 The metal—iron, by H. E. Cleaves … and J. G. Thompson …
122 2624 81 48 1st
245 2621 83 51 ed.
405 2620 137 52 New
583 2621 179 66 York,
804 2622 109 51 and
954 2621 258 66 London,
1254 2621 141 51 Pub.
1441 2619 93 54 for
1574 2620 95 54 the
1713 2621 390 67 Engineering

119 2695 339 53 foundation
496 2698 72 66 by
603 2697 426 53 McGraw-Hill
1064 2698 146 51 book
1247 2715 296 51 company,
1582 2698 125 65 inc.,
1748 2701 146 48 1935.

189 2768 1865 49 xii, 574 p. incl. illus.. tables, diagrs. 23½cm. (Half-title: Alloys of
118 2823 102 40 iron
252 2826 235 46 research,
516 2826 297 48 Monograph
841 2828 173 45 series)

191 2881 145 41 “This
364 2884 292 46 monograph
687 2884 87 38 has
804 2884 112 39 been
947 2884 230 46 prepared
1206 2886 51 37 at
1287 2884 80 40 the
1394 2883 227 41 National
1652 2883 179 40 bureau
1864 2884 51 37 of

123 2886 1962 92 standards
271 2939 52 39 of
356 2940 80 39 the
475 2939 174 40 United
691 2941 163 38 States
894 2941 314 46 Department
1245 2939 52 40 of
1331 2949 260 33 commerce
1631 2951 53 29 as
1722 2954 25 25 a
1789 2949 102 38 part
1938 2942 49 36 of
2026 2942 79 39 the

121 2992 220 43 bureau’s
366 2995 326 40 contribution
719 2999 48 37 to
794 2996 163 47 Alloys
984 2997 49 37 of
1063 2998 103 37 iron
1194 2995 265 41 research.”

188 3049 343 49 Bibliography
573 3052 306 47 (1827-1935):
946 3063 43 37 p.
1018 3052 216 41 465-534.

119 3103 51 52 ©
200 3109 99 40 Oct.
331 3111 69 44 11,
431 3109 139 47 1835;
604 3110 66 40 2c.
701 3110 101 41 Oct.
834 3112 80 45 17;
947 3110 81 41 aff.
1062 3111 99 40 Oct.
1194 3110 82 47 16;
1309 3112 40 38 A
1413 3112 112 39 87744;
1587 3111 179 41 United
1797 3111 310 50 engineering

184 3167 222 46 trustees,
434 3165 104 48 inc.,
567 3168 117 38 New
707 3168 144 39 York.
921 3167 278 48 (35-21539)

121 3266 271 66 Cocking,
424 3270 252 53 Edward
705 3269 271 65 Tusting.

185 3342 272 55 Thunder
487 3343 223 69 locally,
742 3344 74 69 by
849 3344 65 53 E.
949 3343 246 70 Tusting
1229 3343 269 69 Cocking.
1571 3343 255 68 London,
1859 3344 76 52 H.
119 3345 1960 142 Jenkins,
288 3419 220 55 limited
547 3424 171 65 [1935]

183 3488 84 41 311
298 3501 43 37 p.
401 3490 55 40 19
459 3493 44 21 cm
508 3523 8 8 .

187 3545 160 42 “First
374 3548 227 48 printing,
631 3548 157 41 1935.”

118 3599 1984 58 © 1c. Oct. 12, 1935; A ad int. 20622; pubd. Aug. 16; E. T. Cocking,
182 3661 311 49 Fishbourne,
526 3664 295 46 Chichester,
853 3666 234 47 England.
1158 3666 279 47 (35-21578)

120 3762 232 64 Cooper,
385 3766 200 53 Lenna
619 3768 271 57 Frances,
926 3772 170 50 1884-

244 3839 1855 74 … Nutrition in health and disease for nurses, by Lenna F.
119 3910 1982 73 Cooper … Edith M. Barber … Helen S. Mitchell … 6th ed.,
