2424 4375
0 0 0 0 959
169 450 249 62 Stowell,
446 449 275 53 Kenneth
749 447 304 64 Kingsley,
1084 452 170 49 1894-

241 538 397 65 Modernizing
692 535 289 68 buildings
1035 535 92 51 for
1181 533 189 68 profit,
1424 533 74 68 by
1556 531 264 54 Kenneth
1876 531 280 68 Kingsley

175 610 1573 71 Stowell … New York, Prentice-Hall, inc., 1935.
241 695 1224 52 xiv p., 1 l., 231 p. illus. (incl. plans) 30½cm.
173 770 51 51 ©
248 774 123 38 June
393 771 68 40 20.
486 771 140 45 1935;
654 771 66 39 2c.
746 771 115 46 July
884 769 53 46 9;
966 769 81 40 aff.
1074 770 116 47 July
1214 769 52 46 6;
1294 769 41 38 A
1358 766 169 47 83992;
1557 766 374 49 Prentice-Hall,
1960 766 89 39 inc.

252 828 277 48 (35-10001)

168 931 330 53 Twentieth
537 934 234 63 century
807 929 251 54 business
1094 929 413 67 encyclopedia.
1605 929 138 52 [New
1781 927 179 64 York,
242 926 1888 149 Maywood

430 1019 333 70 publishing
795 1039 95 49 co.,
920 1021 175 64 c1934]

243 1106 84 40 144
356 1116 43 38 p.
460 1104 115 42 19cm.

172 1177 52 52 ©
253 1181 112 47 Apr.
394 1179 68 48 25,
493 1180 139 45 1934;
661 1178 66 40 2c.
757 1180 95 38 and
879 1178 80 39 aff.
990 1178 113 47 Apr.
1133 1177 68 46 26,
1231 1177 138 42 1935;
1401 1177 41 38 A
1472 1176 170 47 82765;
1674 1176 253 48 Maywood
1954 1176 109 47 pub.
2093 1185 65 30 co.

253 1236 277 49 (35-10096)

172 1339 199 64 Uhler,
398 1341 153 53 John
580 1340 191 64 Earle,
802 1344 168 49 1891-

243 1430 54 51 A
337 1428 202 54 review
583 1428 63 54 of
686 1428 245 69 English
972 1445 305 50 grammar,
1318 1426 141 54 with
1500 1427 262 67 chapters
1805 1444 72 33 on
1917 1424 245 70 spelling

177 1502 1983 72 and improving the vocabulary, by John Earle Uhler … Rev.
174 1584 110 54 and
313 1584 104 53 enl.
447 1583 83 55 ed.
606 1584 135 52 New
772 1582 158 53 York
960 1583 108 51 and
1097 1582 254 67 London,
1379 1583 231 65 Harper
1635 1582 44 50 &
1707 1580 274 66 brothers,
2010 1582 148 49 1935.

244 1668 136 46 xxiii,
411 1667 84 41 391
527 1679 42 37 p.
630 1668 115 40 17cm.

243 1738 160 42 “First
432 1738 225 41 edition.”

174 1809 51 53 ©
250 1814 128 40 June
399 1816 38 45 1,
464 1813 113 41 1935;
632 1813 67 40 2c.
727 1815 94 37 and
847 1813 80 39 aff.
956 1813 124 39 June
1108 1813 52 46 6;
1189 1812 41 39 A
1255 1812 142 41 83503;
1453 1813 192 47 Harper
1674 1812 36 40 &
1737 1813 122 39 bros.

254 1870 277 49 (35-10094)

172 1972 234 65 Valéry,
437 1974 163 64 Paul,
634 1975 167 53 1871-

299 2047 1162 70 … Analecta. [Paris] Gallimard, 1935.
235 2132 736 49 3 p. l., 11-316 p., 1 l. 19cm.
236 2204 200 39 Printed
469 2204 51 39 in
550 2204 233 47 Belgium.

236 2260 325 47 “Remarques
601 2263 47 37 et
687 2260 196 48 pensées
923 2261 236 39 extraites
1198 2262 60 39 de
1296 2271 100 30 mes
1435 2261 189 40 cahiers
1665 2263 50 39 et
1754 2261 229 47 registres
166 2261 1974 103 familiers.”—p.
468 2316 155 40 11-12.

175 2386 1906 52 © Feb. 20, 1935; 1c. May 6; A- Foreign 27852; Librairie Gallimard.
254 2446 277 48 (35-10289)

174 2550 251 64 Walker,
457 2550 215 54 Fintan
703 2551 202 62 Glenn,
940 2557 169 48 1896-

339 2626 1822 69 … The Catholic church in the meeting of two frontiers: the
175 2705 1985 67 southern Illinois country (1763-1793) … by Reverend Fintan
176 2781 1983 68 Glenn Walker … Washington, D. C., The Catholic university
175 2859 62 52 of
266 2860 282 67 America,
581 2865 149 49 1935.

245 2946 96 48 xiv,
374 2946 87 41 170
492 2958 42 37 p.
597 2947 112 39 23cm.
785 2948 122 47 (The
941 2946 220 41 Catholic
1195 2946 271 48 university
1500 2946 51 39 of
1585 2945 234 41 America.
1885 2946 193 41 Studies
2115 2948 47 39 in

175 3004 253 40 American
456 3004 179 40 church
663 3004 187 48 history.
917 3004 91 39 vol.
1135 3003 13 47 XIX)

246 3074 170 40 Thesis
456 3074 105 47 (PH.
622 3076 34 45 D.)
668 3074 279 40 —Catholic
976 3072 271 49 university
1273 3073 53 40 of
1353 3073 236 47 America,
1620 3072 128 41 1935.

244 3131 128 40 Vita.

247 3186 346 49 Bibliography
612 3198 8 28 :
650 3198 41 37 p.
719 3186 213 41 148-163.

179 3253 52 52 ©
251 3259 77 37 May
385 3258 69 45 13,
477 3256 112 41 1935;
643 3258 65 39 2c.
734 3258 92 38 and
850 3256 79 40 aff.
954 3258 113 46 May
1092 3257 25 40 31;
1200 3258 41 37 A
1262 3255 169 48 84028;
1457 3256 220 41 Catholic
1700 3256 130 40 univ.
1854 3257 54 40 of
1927 3258 238 39 America.

256 3314 277 48 (35-10120)

174 3412 390 66 Washington
598 3416 217 65 (State)
898 3416 183 65 Laws,
1116 3421 257 54 statutes,
1410 3421 99 46 etc.

333 3491 1831 68 … Remington’s revised statutes of Washington. 1934 annual
178 3569 1984 131 pocket part for volumes 1-12 … San Francisco, Bancroft-Whitney
477 3665 294 50 company,
798 3651 147 49 1934.

248 3732 52 40 12
328 3745 41 28 V.
432 3735 144 37 22½cm.

249 3803 155 38 These
433 3804 272 45 pamphlets
735 3814 85 28 are
849 3806 47 37 to
927 3805 58 37 be
1012 3804 138 39 fitted
1180 3804 107 38 into
1315 3805 84 37 the
1426 3804 196 46 pockets
1652 3807 50 37 at
1734 3806 84 37 the
1846 3805 122 37 back
1998 3805 53 38 of
2084 3806 83 38 the

180 3858 214 39 volumes
421 3859 54 38 of
501 3859 79 39 the
607 3861 71 37 set
711 3861 43 37 to
782 3860 156 39 which
965 3861 114 46 they
1104 3860 182 46 belong.

183 3921 51 53 ©
261 3927 111 47 Apr.
399 3928 69 46 24,
497 3927 113 40 1934;
666 3929 66 39 2c.
761 3930 116 38 each
905 3930 114 46 May
1044 3931 24 37 1;
1126 3929 80 39 aff.
1236 3929 112 48 Apr.
1377 3929 55 40 30;
1488 3929 42 39 A
1556 3929 143 41 72257;
248 3929 1903 101 Bancroft-Whitney
364 3996 66 27 co.
