2424 4375
1068 4003 98 52 743

183 478 85 40 184
303 488 42 37 p.
404 477 56 39 24½
492 478 44 21 cm
540 507 9 9 .
619 476 125 47 (The
782 477 152 39 Johns
972 475 222 48 Hopkins
1230 475 271 48 university
1537 474 186 41 studies
1760 474 49 39 in
1847 472 253 42 historical

114 532 1093 48 and political science … ser. LIII, no. 1)
183 602 171 40 Issued
380 602 103 39 also
512 611 54 30 as
595 602 152 39 thesis
785 601 108 47 (PH.
952 602 35 46 D.)
1025 601 153 40 Johns
1208 600 222 49 Hopkins
1460 599 283 49 university.

184 657 346 48 Bibliography;
587 668 42 37 p.
656 658 215 39 171-177.

115 725 52 53 ©
193 729 109 39 Feb.
328 727 68 48 19,
423 727 115 41 1935;
593 728 66 39 2c.
686 729 97 38 and
810 727 81 40 aff.
919 728 111 39 Feb.
1058 728 82 45 26;
1168 729 43 38 A
1237 727 142 40 79803;
1439 728 156 40 Johns
1621 728 224 47 Hopkins
1872 739 148 38 press.

192 785 248 48 (35-8156)

115 886 261 64 Paschal,
410 888 225 63 George
665 886 410 65 Washington,
1109 893 170 49 1869-

187 964 241 68 History
475 965 64 52 of
583 964 181 55 Wake
810 964 202 54 Forest
1057 964 229 69 college,
1331 964 76 68 by
1455 964 223 69 George
1721 962 383 71 Washington

114 1043 254 53 Paschal.
440 1044 240 51 Volume
719 1050 43 46 1.
837 1045 323 50 1834-1865.
1230 1043 180 54 Wake
1446 1045 218 64 Forest,
1699 1045 71 50 N.
1806 1044 80 66 C.,
1921 1044 181 52 Wake

115 1124 197 51 Forest
337 1122 227 66 college,
593 1123 147 52 1935.

183 1207 99 46 viii,
309 1208 96 46 681,
438 1208 53 49 [3]
523 1217 41 37 p.
620 1207 163 46 front.,
813 1208 171 46 plates,
1011 1208 149 46 ports.
1216 1206 145 40 23½cm.

117 1274 51 53 ©
193 1280 114 46 May
333 1279 68 43 27,
429 1278 113 39 1935;
598 1278 66 39 2c.
694 1278 94 39 and
814 1277 80 40 aff.
924 1278 127 39 June
1076 1278 26 39 3;
1158 1278 41 38 A
1224 1276 143 40 84045;
1425 1277 155 40 Wake
1605 1277 174 40 Forest
1803 1277 190 48 college.

193 1334 248 50 (35-8026)

116 1440 220 62 Perret,
366 1439 267 53 Eleanor.

181 1514 183 53 Man’s
401 1514 157 52 work
594 1515 112 52 and
743 1515 208 64 world;
992 1533 31 33 a
1061 1514 221 68 history
1318 1513 65 54 of
1419 1512 285 70 industry,
1740 1513 77 69 by
1854 1512 249 54 Eleanor

115 1590 1987 69 Perret … New York, Boston [etc.] D. C. Heath and company
118 1700 12 34 [
133 1673 19 22 c
157 1671 149 65 1935]

252 1774 9 16 xv,
287 1743 87 40 586
396 1753 42 37 p.
483 1743 172 46 front.,
681 1742 141 48 illus.,
850 1753 136 37 maps
1014 1741 136 49 (part
1177 1741 196 49 double)
1408 1743 179 47 diagrs.
1642 1742 117 40 20cm.

187 1814 345 47 Bibliography;
588 1824 42 37 p.
658 1812 215 41 566-572.

121 1880 1984 53 © May 8, 1935; 2c. May 18; aff. May 17; A 83172; E. Perret, New York.
197 1941 248 49 (35-8083)

120 2043 197 66 Perry,
344 2045 233 53 Arthur
605 2043 169 63 Cecil,
805 2046 170 53 1873-

185 2121 118 52 The
344 2121 190 51 Dutch
581 2120 58 52 in
683 2121 138 51 New
866 2120 177 68 York,
1086 2120 73 68 by
1202 2120 226 53 Arthur
1474 2120 63 54 C.
1580 2121 183 69 Perry
1808 2123 113 51 and
123 2120 1959 130 Gertrude
330 2199 71 51 A.

457 2198 193 63 Price;
707 2198 246 66 pictures
1005 2197 73 65 by
1131 2197 328 68 Hildegard
1512 2197 365 55 Woodward.
1965 2199 140 52 New

120 2274 173 70 York,
319 2276 64 52 T.
413 2275 210 53 Nelson
649 2276 112 52 and
786 2293 146 49 sons,
959 2277 151 52 1935.

189 2347 975 51 vi p., 1 l., 84 p. front., illus. 19½ cm .
192 2408 136 48 Maps
358 2419 58 28 on
447 2406 360 48 lining-papers.

192 2464 144 41 “This
362 2465 121 39 book
510 2464 41 40 is
578 2464 195 40 written
802 2467 51 37 to
876 2464 214 39 conform
1122 2463 117 39 with
1269 2465 82 39 the
1377 2465 26 38 4
1432 2464 40 39 A
1499 2465 149 47 grade
1678 2466 350 47 requirements
2058 2467 51 40 of

127 2522 74 40 the
227 2532 168 30 course
421 2521 51 40 of
498 2522 146 46 study
669 2521 96 39 and
791 2521 215 47 syllabus
1036 2521 49 38 in
1112 2519 190 49 history
1326 2521 79 39 for
1434 2522 81 40 the
1541 2522 164 48 public
1729 2523 190 41 schools
1947 2525 52 39 of
2029 2525 80 40 the

124 2578 95 49 city
246 2579 50 41 of
321 2580 117 39 New
463 2578 365 41 York.”—Pref.

128 2645 51 53 ©
210 2651 112 47 Apr.
354 2651 68 46 13,
457 2651 140 45 1935;
631 2650 68 40 2c.
731 2650 112 47 Apr.
877 2649 82 47 16;
996 2649 81 40 aff.
1110 2651 115 46 May
1257 2649 82 47 25;
1375 2650 42 39 A
1450 2650 169 48 83376;
1654 2652 56 39 A.
1745 2651 49 41 G.
1828 2652 151 48 Perry
2011 2654 98 39 and

196 2707 237 40 Gertrude
466 2709 54 37 A.
553 2707 151 46 Price,
738 2707 259 46 Brooklyn.
1070 2705 249 47 (35-8079)

124 2808 222 65 Picard,
375 2811 211 63 Roger,
618 2816 170 48 1884-

193 2887 76 52 Le
300 2888 284 66 problème
616 2888 96 51 des
743 2887 178 52 dettes
952 2887 369 65 interalliées;
1355 2886 264 55 nécessité
1649 2888 166 53 d’une
1845 2888 265 68 révision,

128 2965 1839 67 par Roger Picard … et Paul Hugon … Paris, Plon, 1934.
195 3036 606 50 3 p. l., [9]-288 p. 19 cm .
130 3102 51 53 ©
207 3108 123 39 June
355 3108 68 46 14,
451 3108 113 40 1934;
680 3140 6 7 1c.
715 3108 117 47 Aug.
862 3106 57 41 30;
975 3107 102 39 A-
1077 3107 207 48 Foreign
1310 3107 148 42 25485;
1515 3107 240 41 Librairie
1784 3109 132 39 Plon.

206 3164 275 49 (34-25204)

132 3264 1976 71 Punch. v . 188. no. 4899, May 1, 1935. Silver jubilee number.
132 3348 51 53 ©
266 3384 8 7 1c.
306 3353 126 40 June
460 3352 69 48 26,
562 3352 116 41 1935;
737 3355 41 37 A
810 3355 61 38 ad
900 3353 88 40 int.
1021 3352 144 41 20344;
1225 3354 142 47 pubd.
1402 3354 115 47 May
1547 3354 26 39 1;
1634 3354 213 41 Herbert
1878 3354 233 48 Heather,

198 3409 205 40 London.

133 3508 238 61 Ranald,
400 3512 185 55 Josef.

198 3584 159 53 Your
383 3585 118 53 fate
528 3588 45 51 is
596 3588 60 51 in
681 3605 142 50 your
847 3588 172 67 hand,
1044 3587 74 69 by
1144 3587 165 55 Josef
1333 3587 255 68 Ranald;
1617 3588 324 53 illustrated
1968 3586 140 53 with

131 3669 117 45 cuts
269 3662 62 52 of
351 3664 182 52 hands
557 3664 63 52 of
646 3664 224 53 famous
890 3665 215 68 people.
1169 3664 270 70 Chicago,
1462 3665 122 53 The
1607 3665 192 69 Reilly
1825 3663 45 50 &
1893 3666 112 52 Lee
2029 3683 79 35 co.

135 3740 169 61 [c1935]

197 3808 1169 52 4 p. l., 11-146 p. illus. (incl. ports.) 22 cm .
138 3872 51 54 ©
217 3880 112 48 May
353 3881 68 48 28,
451 3882 115 42 1935;
619 3883 67 41 2c.
715 3885 96 39 and
840 3885 81 39 aff.
950 3886 114 46 May
1092 3885 54 40 31;
1206 3885 41 39 A
1278 3884 141 41 84002;
1479 3885 160 49 Reilly
1669 3887 36 39 &
1734 3887 91 39 Lee
1854 3898 67 28 co.

215 3934 245 53 (35-7989)
