2526 4384
1268 4018 100 51 208

324 380 72 55 U.
423 380 58 55 S.
555 382 279 66 Supreme
862 387 175 48 court.

395 458 228 68 Patent,
666 457 324 70 copyright,
1030 458 161 54 trade
1233 458 166 53 mark
1438 475 168 51 cases,
1649 457 292 70 adjudged
1980 458 63 53 in
2081 458 95 54 the
327 456 1973 148 Supreme
551 542 163 48 court

744 536 65 53 of
842 537 98 52 the
970 536 218 56 United
1226 538 216 66 States;
1479 536 334 68 containing
1846 536 180 55 briefs
2061 536 63 53 of
323 555 1979 111 counsel

435 612 219 69 (points
689 615 113 52 and
835 614 366 67 authorities)
1242 620 305 50 statement
1579 616 63 53 of
1674 633 171 49 cases,
1877 615 113 52 and
2021 615 206 67 syllabi
2262 616 63 51 of

326 692 95 53 the
458 709 150 38 cases
643 692 77 68 by
756 692 96 53 the
889 689 200 56 official
1125 698 274 62 reporter,
1438 712 59 35 as
1535 692 302 55 contained
1874 692 61 53 in
1971 693 95 52 the
2106 690 219 57 Official

326 769 219 54 edition
587 768 64 54 of
690 770 97 53 the
827 772 264 66 Reports,
1131 771 253 54 volumes
1424 770 102 54 278
1566 771 252 67 through
1857 774 120 63 292,
2018 770 191 54 edited
2249 771 75 67 by

321 847 2004 70 William Edward Baldwin … Cleveland, Banks-Baldwin law
323 925 337 69 publishing
684 944 298 51 company,
1011 929 150 52 1935.

397 998 117 51 [384]
544 1010 43 38 p.
647 999 128 40 illus.
837 998 147 42 22½cm.

395 1056 75 41 On
501 1067 143 30 cover:
705 1055 269 41 Baldwin’s
1004 1058 183 46 patent,
1222 1054 269 51 copyright,
1525 1058 141 39 trade
1697 1057 142 39 mark
1873 1055 196 42 service.

328 1109 54 54 ©
410 1113 111 41 Feb.
549 1112 70 49 23,
649 1112 116 41 1935;
821 1112 68 41 2c.
919 1113 97 40 and
1046 1112 80 41 aff.
1158 1113 111 40 Feb.
1300 1113 83 48 2,7;
1417 1113 41 40 A
1486 1113 172 48 80604;
1691 1113 219 41 William
1941 1114 211 39 Edward
393 1113 1917 105 Baldwin,
534 1169 277 42 Cleveland.

323 1259 258 64 Vachell,
611 1261 233 53 Horace
869 1259 319 65 Annesley.

390 1336 330 56 Moonhills.
800 1338 387 68 [Instalments
1219 1340 81 65 11,
1332 1339 64 51 12]

402 1413 86 48 (In
511 1408 185 52 Queen,
723 1407 112 44 Jan.
864 1410 72 49 30,
966 1408 117 44 Feb.
1109 1410 41 50 6,
1181 1409 143 49 1935)

327 1465 1995 54 © 1c. each Mar. 28, 1935; A ad int. 20072; pubd. Jan. 30, Feb. C: H. A.
392 1527 214 47 Vachell,
638 1526 144 47 Bath,
813 1525 237 49 England.

325 1614 131 55 Van
482 1615 121 53 Dor
607 1632 90 49 en,
723 1615 136 55 Carl
886 1614 252 66 Clinton,
1167 1620 170 51 1885-

399 1691 178 54 What
610 1690 50 55 is
692 1690 305 55 American
1033 1690 329 55 literature?
1440 1690 92 69 By
1570 1689 136 56 Carl
1739 1689 129 55 Van
1904 1689 207 55 Doren.
2186 1688 137 56 New

331 1767 180 69 York,
539 1768 91 55 W.
659 1768 249 55 Morrow
941 1769 112 55 and
1082 1786 295 53 company,
1409 1771 150 51 1935.

396 1839 87 42 128
510 1851 44 38 p.
613 1839 117 42 19cm.

399 1896 297 48 “Copyright
723 1897 51 39 in
804 1898 127 48 part,
961 1896 129 50 1933,
1118 1898 155 40 under
1302 1898 82 40 the
1414 1897 110 41 title
1551 1897 258 41 American
1841 1898 257 41 literature:

2159 1909 63 29 an
327 1898 1977 97 introduction.”

398 2010 378 49 Bibliography:
809 2021 44 38 p.
886 2010 218 42 124-126.

325 2066 54 54 ©
407 2070 112 41 Feb.
549 2069 70 51 20,
650 2069 119 42 1935;
826 2070 68 40 2c.
927 2071 98 39 and
1055 2070 83 40 aff.
1171 2070 110 40 Feb.
1315 2070 58 40 27;
1432 2070 41 39 A
1505 2069 170 48 80619;
1710 2070 114 41 Carl
1857 2070 108 40 Van
1996 2071 177 44 Doren,
2205 2070 119 40 New

391 2127 145 41 York.
607 2126 252 50 (35-3194)

323 2215 287 57 Vermont
639 2218 344 54 illustrated.
1050 2216 378 69 Supplement
1454 2218 63 53 of
1544 2217 96 54 the
1664 2216 373 68 Middlebury
2064 2219 254 66 register.

395 2295 147 54 Text
581 2295 281 69 compiled
898 2295 76 69 by
1009 2294 260 57 William
1308 2297 77 52 H.
1427 2293 168 56 Bliss.
1672 2294 341 70 Copyright,
2055 2296 150 67 1897,
2241 2295 77 68 by

395 2372 218 70 Joseph
652 2375 232 53 Battell.
958 2372 386 70 Middlebury,
1381 2376 115 65 Vt.,
1534 2373 243 55 Printed
1812 2374 77 67 by
1924 2374 96 52 the
2057 2374 262 67 Register

395 2470 281 50 company
709 2456 192 65 [c1934]

391 2526 90 40 159
506 2537 43 37 p.
609 2528 170 46 plates.
837 2525 116 41 27cm.

395 2581 273 50 Originally
703 2582 164 41 issued
906 2593 54 29 as
1000 2593 27 29 a
1066 2583 265 47 quarterly,
1370 2581 51 40 in
1461 2581 135 48 eight
1631 2581 241 48 numbers,
1910 2579 275 49 1898-1901,
2224 2582 94 40 and

322 2639 295 42 distributed
667 2650 175 37 among
889 2639 82 41 the
1020 2638 299 41 subscribers
1368 2638 54 41 of
1470 2638 83 41 the
1601 2637 309 49 Middlebury
1959 2635 218 50 register,
2258 2637 61 49 cf.

324 2695 392 50 “Explanatory”
757 2697 65 48 (p.
853 2695 111 46 159)

321 2749 54 54 ©
403 2754 112 39 Dec.
546 2753 72 47 26,
646 2752 114 41 1934;
820 2753 67 40 2c.
919 2753 109 39 Jan.
1059 2751 40 47 2,
1130 2751 114 41 1935;
1305 2752 82 39 aff.
1420 2753 112 38 Dec.
1564 2751 71 48 29,
1666 2751 116 40 1934;
1840 2751 42 40 A
1913 2750 147 42 80327;
388 2750 1914 108 Middlebury
543 2811 193 46 college,
768 2809 321 48 Middlebury,
1122 2810 78 39 Vt.
1270 2808 252 48 (35-3156)

322 2899 356 66 Villemaire,
706 2899 198 58 Louis.

389 2976 80 54 Le
508 2976 172 67 guide
721 2977 68 52 de
825 2976 342 68 l’opérateur
1206 2977 140 52 dans
1385 2978 56 51 la
1482 2976 452 67 photogravure;
1975 2973 171 54 traité
320 2992 1971 128 pratique
513 3054 94 53 des

645 3054 467 66 manipulations,
1147 3054 273 52 formules
1458 3059 55 48 et
1548 3051 268 68 procédés
1853 3052 189 52 divers
2077 3070 144 47 pour
2257 3053 57 50 la

322 3129 452 68 “photographie
807 3129 421 66 industrielle”;
1263 3130 292 53 obtention
1589 3130 95 52 des
1717 3128 252 67 négatifs
2002 3128 208 53 tramés
2245 3146 69 34 en

321 3204 1990 70 noir et en couleurs, par Louis Villemaire … préface de Ch.
321 3282 1580 69 Féry … 2 éd., rev. et augm. Paris, Dunod, 1935.
389 3356 1067 49 vi p., 1 l., 187 p. illus.. diagrs. 21 ½cm .
323 3410 1503 53 © Oct 5, 1934; 1c. Dec. 15; A- Foreign 26431; Dunod.
399 3469 249 50 (35-3163)

320 3557 284 65 Weiman,
631 3559 158 63 Rita,
817 3563 171 50 1889-

389 3635 178 53 What
590 3653 234 33 manner
848 3634 64 51 of
933 3637 141 63 love,
1100 3654 31 33 a
1152 3635 183 60 novel,
1356 3634 76 67 by
1456 3634 136 53 Rita
1616 3631 278 56 Weiman.
1969 3633 138 52 New
2132 3632 179 53 York.

322 3713 270 57 Toronto,
620 3712 344 67 Longmans,
993 3711 185 54 Green
1206 3713 111 51 and
1347 3731 97 47 co.,
1475 3713 148 50 1935.

391 3785 524 48 3 p. l., 346 p. 21cm.
392 3841 160 42 “First
585 3841 225 41 edition.”

323 3893 53 52 ©
406 3898 108 39 Feb.
545 3898 69 46 27,
644 3898 140 46 1935;
817 3897 67 41 2c.
916 3899 95 38 and
1043 3897 79 40 aff.
1156 3899 121 38 Mar.
1307 3897 51 41 5:
1390 3897 42 39 A
1461 3895 170 48 79910;
1665 3897 55 39 R.
1752 3895 234 48 Weiman,
2016 3896 120 39 New
2164 3896 145 39 York.

399 3953 249 49 (35-3207)
