<alto xmlns="http://www.loc.gov/standards/alto/ns-v3#" xmlns:xsi="http://www.w3.org/2001/XMLSchema-instance" xsi:schemaLocation="http://www.loc.gov/standards/alto/ns-v3# http://www.loc.gov/alto/v3/alto-3-0.xsd"><Description>
<MeasurementUnit>pixel</MeasurementUnit>
<sourceImageInformation>
<fileName>1935_v32_Part1.pdf</fileName>
</sourceImageInformation>
<OCRProcessing ID="IdOcr">
<ocrProcessingStep>
<processingDateTime>2019-01-15</processingDateTime>
<processingSoftware>
<softwareCreator>ABBYY</softwareCreator>
<softwareName>ABBYY Recognition Server</softwareName>
<softwareVersion>4.0</softwareVersion>
</processingSoftware>
</ocrProcessingStep>
</OCRProcessing>
</Description>
<Styles>
<ParagraphStyle ALIGN="Left" FIRSTLINE="0." ID="StyleId-FFFFFFFF-FFFF-FFFF-FFFF-FFFFFFFFFFFF-" LEFT="0." RIGHT="0." />
<ParagraphStyle ALIGN="Left" FIRSTLINE="0." ID="StyleId-09A13A44-4F77-4ABE-84F3-84CC8B3C72CE-" LEFT="0." LINESPACE="7.699999809" RIGHT="0." />
<ParagraphStyle ALIGN="Left" FIRSTLINE="-10." ID="StyleId-1F945060-F8CD-4435-B69A-5FF49DB0C586-" LEFT="0." LINESPACE="12.19999981" RIGHT="0." />
<ParagraphStyle ALIGN="Block" FIRSTLINE="-14." ID="StyleId-C6CAE747-F5A4-4D0D-8D74-D452DA7E2C1C-" LEFT="0." LINESPACE="8.350000381" RIGHT="0." />
<ParagraphStyle ALIGN="Left" FIRSTLINE="0." ID="StyleId-FC0F3374-189A-459E-BE29-2DC14180F022-" LEFT="0." RIGHT="0." />
<ParagraphStyle ALIGN="Left" FIRSTLINE="-12." ID="StyleId-49397C49-A894-4B3E-BA5E-1126226BA375-" LEFT="0." LINESPACE="11.09000015" RIGHT="0." />
<ParagraphStyle ALIGN="Block" FIRSTLINE="-14." ID="StyleId-9E34DD3A-E661-48BD-A3A1-6A3D48346F00-" LEFT="0." LINESPACE="11.09000015" RIGHT="0." />
<ParagraphStyle ALIGN="Left" FIRSTLINE="0." ID="StyleId-56CE54AA-A08B-4BAA-8605-F26020A0E36E-" LEFT="0." LINESPACE="9.399999619" RIGHT="0." />
<ParagraphStyle ALIGN="Left" FIRSTLINE="-11." ID="StyleId-77814FFC-C42F-4AA9-9880-EF33B947DEC8-" LEFT="0." LINESPACE="11.06999969" RIGHT="0." />
<ParagraphStyle ALIGN="Center" FIRSTLINE="0." ID="StyleId-FDE92EC0-67DC-4C7B-8A24-094B12C38B6C-" LEFT="0." LINESPACE="11.30000019" RIGHT="0." />
<ParagraphStyle ALIGN="Left" FIRSTLINE="0." ID="StyleId-65180E3B-4C93-4FB8-81EE-E026DD63DBF3-" LEFT="0." LINESPACE="11.10000038" RIGHT="0." />
<ParagraphStyle ALIGN="Left" FIRSTLINE="0." ID="StyleId-10E885C2-5813-4620-B0AA-0FBA30CF7A32-" LEFT="0." LINESPACE="9.5" RIGHT="0." />
<ParagraphStyle ALIGN="Left" FIRSTLINE="0." ID="StyleId-913C2DB5-9F02-4067-BAF7-0AED37B60BBE-" LEFT="0." LINESPACE="6.099999905" RIGHT="0." />
<ParagraphStyle ALIGN="Left" FIRSTLINE="0." ID="StyleId-9C79A9D2-8F08-4A8F-985D-B00E253ED1E5-" LEFT="0." LINESPACE="4.400000095" RIGHT="0." />
<ParagraphStyle ALIGN="Left" FIRSTLINE="0." ID="StyleId-A41F0407-FEFE-4738-9EC5-E05AFFF62781-" LEFT="0." LINESPACE="7.300000191" RIGHT="0." />
<ParagraphStyle ALIGN="Left" FIRSTLINE="0." ID="StyleId-61D37176-94E8-408D-9B87-01C406CE8AB2-" LEFT="0." LINESPACE="8.050000191" RIGHT="0." />
</Styles>
<Layout>
<Page HEIGHT="4375" ID="Page1225" PHYSICAL_IMG_NR="1225" WIDTH="2424">
<TopMargin HEIGHT="418" HPOS="0" VPOS="0" WIDTH="2424">
</TopMargin>
<LeftMargin HEIGHT="3586" HPOS="0" VPOS="418" WIDTH="72">
</LeftMargin>
<RightMargin HEIGHT="3586" HPOS="2098" VPOS="418" WIDTH="326">
</RightMargin>
<BottomMargin HEIGHT="371" HPOS="0" VPOS="4004" WIDTH="2424">
<TextBlock HEIGHT="124" HPOS="918" ID="Page1225_Block1" LANG="en-US" STYLEREFS="StyleId-787879AC-B1FA-4BCD-B79C-32EB50759846-" VPOS="4043" WIDTH="423">
<TextLine HEIGHT="51" HPOS="1011" VPOS="4054" WIDTH="133">
<String CONTENT="1225" HEIGHT="51" HPOS="1011" VPOS="4054" WIDTH="133" />
</TextLine>
</TextBlock>
<GraphicalElement HEIGHT="336" HPOS="2" ID="Page1225_Block2" VPOS="4004" WIDTH="14" />
</BottomMargin>
<PrintSpace HEIGHT="3586" HPOS="72" VPOS="418" WIDTH="2026">
<TextBlock CS="1" HEIGHT="3586" HPOS="72" ID="Page1225_Block3" LANG="en-US" STYLEREFS="StyleId-37EBF279-4347-471F-876C-809794F7E9E3-" VPOS="418" WIDTH="2026">
<TextLine HEIGHT="66" HPOS="102" STYLEREFS="StyleId-F7832D1B-61F2-4258-9814-27CEF849227E-" VPOS="428" WIDTH="948">
<String CONTENT="Allen," HEIGHT="66" HPOS="102" VPOS="428" WIDTH="186" />
<SP HEIGHT="65" HPOS="289" VPOS="429" WIDTH="24" />
<String CONTENT="Nellie" HEIGHT="54" HPOS="314" VPOS="429" WIDTH="188" />
<SP HEIGHT="53" HPOS="503" VPOS="430" WIDTH="21" />
<String CONTENT="Burnham," HEIGHT="64" HPOS="525" VPOS="430" WIDTH="324" />
<SP HEIGHT="59" HPOS="850" VPOS="435" WIDTH="28" />
<String CONTENT="1864-" HEIGHT="51" HPOS="879" VPOS="435" WIDTH="171" />
</TextLine>
<TextLine HEIGHT="69" HPOS="170" STYLEREFS="StyleId-4CF0455C-60A1-4804-B005-2F33E10C2BAB-" VPOS="505" WIDTH="1916">
<String CONTENT="Geographical" HEIGHT="68" HPOS="170" VPOS="505" WIDTH="417" />
<SP HEIGHT="51" HPOS="588" VPOS="507" WIDTH="49" />
<String CONTENT="and" HEIGHT="52" HPOS="638" VPOS="506" WIDTH="113" />
<SP HEIGHT="52" HPOS="752" VPOS="506" WIDTH="45" />
<String CONTENT="industrial" HEIGHT="53" HPOS="798" VPOS="505" WIDTH="306" />
<SP HEIGHT="51" HPOS="1105" VPOS="508" WIDTH="45" />
<String CONTENT="studies;" HEIGHT="67" HPOS="1151" VPOS="505" WIDTH="242" />
<SP HEIGHT="65" HPOS="1394" VPOS="507" WIDTH="48" />
<String CONTENT="North" HEIGHT="53" HPOS="1443" VPOS="506" WIDTH="187" />
<SP HEIGHT="52" HPOS="1631" VPOS="506" WIDTH="48" />
<String CONTENT="America," HEIGHT="55" HPOS="1680" VPOS="507" WIDTH="283" />
<SP HEIGHT="54" HPOS="1964" VPOS="508" WIDTH="47" />
<String CONTENT="by" HEIGHT="66" HPOS="2012" VPOS="508" WIDTH="74" />
</TextLine>
<TextLine CS="1" HEIGHT="72" HPOS="98" STYLEREFS="StyleId-4CF0455C-60A1-4804-B005-2F33E10C2BAB-" VPOS="581" WIDTH="1986">
<String CONTENT="Nellie" HEIGHT="54" HPOS="98" VPOS="581" WIDTH="182" />
<SP HEIGHT="51" HPOS="281" VPOS="584" WIDTH="28" />
<String CONTENT="B." HEIGHT="51" HPOS="310" VPOS="584" WIDTH="68" />
<SP HEIGHT="53" HPOS="379" VPOS="582" WIDTH="31" />
<String CONTENT="Allen." HEIGHT="53" HPOS="411" VPOS="582" WIDTH="189" />
<SP HEIGHT="52" HPOS="601" VPOS="583" WIDTH="64" />
<String CONTENT="Boston," HEIGHT="67" HPOS="666" VPOS="583" WIDTH="230" />
<SP HEIGHT="67" HPOS="897" VPOS="583" WIDTH="28" />
<String CONTENT="New" HEIGHT="54" HPOS="926" VPOS="583" WIDTH="139" />
<SP HEIGHT="55" HPOS="1066" VPOS="582" WIDTH="31" />
<String CONTENT="York" HEIGHT="54" HPOS="1098" VPOS="582" WIDTH="163" />
<SP HEIGHT="69" HPOS="1262" VPOS="582" WIDTH="33" />
<String CONTENT="[etc.]" CS="1" HEIGHT="62" HPOS="1314" VPOS="588" WIDTH="120" />
<SP HEIGHT="67" HPOS="1435" VPOS="583" WIDTH="35" />
<String CONTENT="Ginn" HEIGHT="55" HPOS="1471" VPOS="583" WIDTH="157" />
<SP HEIGHT="35" HPOS="1629" VPOS="602" WIDTH="31" />
<String CONTENT="and" HEIGHT="53" HPOS="1661" VPOS="584" WIDTH="113" />
<SP HEIGHT="53" HPOS="1775" VPOS="584" WIDTH="30" />
<String CONTENT="company" HEIGHT="51" HPOS="1806" VPOS="602" WIDTH="278" />
</TextLine>
<TextLine CS="1" HEIGHT="63" HPOS="103" STYLEREFS="StyleId-4CF0455C-60A1-4804-B005-2F33E10C2BAB-" VPOS="664" WIDTH="172">
<String CONTENT="[" HEIGHT="33" HPOS="103" VPOS="694" WIDTH="12" />
<String CONTENT="c" HEIGHT="21" HPOS="120" STYLE="superscript" VPOS="667" WIDTH="19" />
<String CONTENT="1935]" CS="1" HEIGHT="50" HPOS="143" VPOS="664" WIDTH="132" />
</TextLine>
<TextLine HEIGHT="50" HPOS="168" VPOS="732" WIDTH="1574">
<String CONTENT="xiv," HEIGHT="46" HPOS="168" VPOS="735" WIDTH="94" />
<SP HEIGHT="49" HPOS="263" VPOS="732" WIDTH="31" />
<String CONTENT="399" HEIGHT="41" HPOS="295" VPOS="732" WIDTH="89" />
<SP HEIGHT="49" HPOS="385" VPOS="732" WIDTH="30" />
<String CONTENT="p." HEIGHT="38" HPOS="416" VPOS="743" WIDTH="43" />
<SP HEIGHT="41" HPOS="460" VPOS="732" WIDTH="33" />
<String CONTENT="incl." HEIGHT="41" HPOS="494" VPOS="732" WIDTH="109" />
<SP HEIGHT="41" HPOS="604" VPOS="732" WIDTH="33" />
<String CONTENT="front.," HEIGHT="50" HPOS="638" VPOS="732" WIDTH="164" />
<SP HEIGHT="48" HPOS="803" VPOS="734" WIDTH="32" />
<String CONTENT="illus." HEIGHT="42" HPOS="836" VPOS="733" WIDTH="127" />
<SP HEIGHT="29" HPOS="964" VPOS="744" WIDTH="59" />
<String CONTENT="maps" HEIGHT="39" HPOS="1024" VPOS="743" WIDTH="138" />
<SP HEIGHT="49" HPOS="1163" VPOS="733" WIDTH="25" />
<String CONTENT="(part" HEIGHT="49" HPOS="1189" VPOS="733" WIDTH="136" />
<SP HEIGHT="41" HPOS="1326" VPOS="734" WIDTH="31" />
<String CONTENT="double)" HEIGHT="48" HPOS="1358" VPOS="734" WIDTH="196" />
<SP HEIGHT="48" HPOS="1555" VPOS="734" WIDTH="72" />
<String CONTENT="19" HEIGHT="41" HPOS="1628" VPOS="733" WIDTH="56" />
<String CONTENT="cm" HEIGHT="23" HPOS="1685" STYLE="superscript" VPOS="735" WIDTH="44" />
<String CONTENT="." HEIGHT="10" HPOS="1732" VPOS="764" WIDTH="10" />
</TextLine>
<TextLine CS="1" HEIGHT="54" HPOS="101" VPOS="800" WIDTH="1986">
<String CONTENT="&#169;" HEIGHT="54" HPOS="101" VPOS="800" WIDTH="52" />
<SP HEIGHT="54" HPOS="154" VPOS="800" WIDTH="27" />
<String CONTENT="Aug." HEIGHT="47" HPOS="182" VPOS="805" WIDTH="121" />
<SP HEIGHT="41" HPOS="304" VPOS="803" WIDTH="30" />
<String CONTENT="2," HEIGHT="48" HPOS="335" VPOS="803" WIDTH="39" />
<SP HEIGHT="46" HPOS="375" VPOS="805" WIDTH="32" />
<String CONTENT="1935;" CS="1" HEIGHT="40" HPOS="408" VPOS="804" WIDTH="116" />
<SP HEIGHT="46" HPOS="550" VPOS="805" WIDTH="33" />
<String CONTENT="2c." HEIGHT="39" HPOS="584" VPOS="805" WIDTH="66" />
<SP HEIGHT="40" HPOS="651" VPOS="804" WIDTH="36" />
<String CONTENT="Sept." HEIGHT="47" HPOS="688" VPOS="804" WIDTH="126" />
<SP HEIGHT="39" HPOS="815" VPOS="804" WIDTH="33" />
<String CONTENT="3;" HEIGHT="46" HPOS="849" VPOS="804" WIDTH="52" />
<SP />
<String CONTENT="aff." CS="1" />
<SP HEIGHT="40" HPOS="1018" VPOS="804" WIDTH="37" />
<String CONTENT="Sept." HEIGHT="47" HPOS="1056" VPOS="804" WIDTH="126" />
<SP HEIGHT="40" HPOS="1183" VPOS="804" WIDTH="31" />
<String CONTENT="5;" HEIGHT="47" HPOS="1215" VPOS="804" WIDTH="54" />
<SP HEIGHT="47" HPOS="1270" VPOS="804" WIDTH="32" />
<String CONTENT="A" HEIGHT="39" HPOS="1303" VPOS="804" WIDTH="41" />
<SP HEIGHT="40" HPOS="1345" VPOS="804" WIDTH="32" />
<String CONTENT="86169;" HEIGHT="48" HPOS="1378" VPOS="803" WIDTH="171" />
<SP HEIGHT="46" HPOS="1550" VPOS="805" WIDTH="32" />
<String CONTENT="N." HEIGHT="39" HPOS="1583" VPOS="805" WIDTH="54" />
<SP HEIGHT="38" HPOS="1638" VPOS="806" WIDTH="36" />
<String CONTENT="B." HEIGHT="38" HPOS="1675" VPOS="806" WIDTH="54" />
<SP HEIGHT="39" HPOS="1730" VPOS="805" WIDTH="33" />
<String CONTENT="Allen," HEIGHT="47" HPOS="1764" VPOS="805" WIDTH="155" />
<SP HEIGHT="46" HPOS="1920" VPOS="806" WIDTH="33" />
<String CONTENT="Lake" HEIGHT="40" HPOS="1954" VPOS="806" WIDTH="133" />
</TextLine>
<TextLine HEIGHT="53" HPOS="167" VPOS="859" WIDTH="1916">
<String CONTENT="Worth," HEIGHT="48" HPOS="167" VPOS="860" WIDTH="183" />
<SP HEIGHT="48" HPOS="351" VPOS="860" WIDTH="35" />
<String CONTENT="Fla." HEIGHT="41" HPOS="387" VPOS="860" WIDTH="102" />
<SP HEIGHT="29" HPOS="490" VPOS="881" WIDTH="63" />
<String CONTENT="[Copyright" HEIGHT="50" HPOS="554" VPOS="860" WIDTH="278" />
<SP HEIGHT="41" HPOS="833" VPOS="860" WIDTH="35" />
<String CONTENT="is" HEIGHT="41" HPOS="869" VPOS="860" WIDTH="41" />
<SP HEIGHT="29" HPOS="911" VPOS="872" WIDTH="33" />
<String CONTENT="claimed" HEIGHT="42" HPOS="945" VPOS="859" WIDTH="204" />
<SP HEIGHT="39" HPOS="1150" VPOS="862" WIDTH="34" />
<String CONTENT="on" HEIGHT="29" HPOS="1185" VPOS="872" WIDTH="61" />
<SP HEIGHT="30" HPOS="1247" VPOS="871" WIDTH="34" />
<String CONTENT="corrections" HEIGHT="41" HPOS="1282" VPOS="860" WIDTH="295" />
<SP HEIGHT="29" HPOS="1578" VPOS="872" WIDTH="36" />
<String CONTENT="and" HEIGHT="38" HPOS="1615" VPOS="863" WIDTH="95" />
<SP HEIGHT="38" HPOS="1711" VPOS="863" WIDTH="35" />
<String CONTENT="new" HEIGHT="28" HPOS="1747" VPOS="872" WIDTH="106" />
<SP HEIGHT="29" HPOS="1854" VPOS="872" WIDTH="35" />
<String CONTENT="matter]" HEIGHT="48" HPOS="1890" VPOS="864" WIDTH="193" />
</TextLine>
<TextLine HEIGHT="49" HPOS="176" VPOS="918" WIDTH="278">
<String CONTENT="(35-15416)" HEIGHT="49" HPOS="176" VPOS="918" WIDTH="278" />
</TextLine>
<TextLine HEIGHT="55" HPOS="99" STYLEREFS="StyleId-F7832D1B-61F2-4258-9814-27CEF849227E-" VPOS="1020" WIDTH="1338">
<String CONTENT="American" HEIGHT="54" HPOS="99" VPOS="1020" WIDTH="313" />
<SP HEIGHT="36" HPOS="413" VPOS="1038" WIDTH="26" />
<String CONTENT="association" HEIGHT="55" HPOS="440" VPOS="1020" WIDTH="356" />
<SP HEIGHT="36" HPOS="797" VPOS="1037" WIDTH="27" />
<String CONTENT="of" HEIGHT="52" HPOS="825" VPOS="1021" WIDTH="63" />
<SP HEIGHT="53" HPOS="889" VPOS="1021" WIDTH="26" />
<String CONTENT="cereal" HEIGHT="53" HPOS="916" VPOS="1021" WIDTH="189" />
<SP HEIGHT="53" HPOS="1106" VPOS="1021" WIDTH="27" />
<String CONTENT="chemists." HEIGHT="55" HPOS="1134" VPOS="1020" WIDTH="303" />
</TextLine>
<TextLine HEIGHT="70" HPOS="163" STYLEREFS="StyleId-4CF0455C-60A1-4804-B005-2F33E10C2BAB-" VPOS="1096" WIDTH="1921">
<String CONTENT="Cereal" HEIGHT="55" HPOS="163" VPOS="1097" WIDTH="198" />
<SP HEIGHT="53" HPOS="362" VPOS="1097" WIDTH="32" />
<String CONTENT="laboratory" HEIGHT="69" HPOS="395" VPOS="1096" WIDTH="330" />
<SP HEIGHT="51" HPOS="726" VPOS="1114" WIDTH="32" />
<String CONTENT="methods," HEIGHT="67" HPOS="759" VPOS="1097" WIDTH="275" />
<SP HEIGHT="50" HPOS="1035" VPOS="1114" WIDTH="33" />
<String CONTENT="with" HEIGHT="52" HPOS="1069" VPOS="1097" WIDTH="140" />
<SP HEIGHT="51" HPOS="1210" VPOS="1098" WIDTH="35" />
<String CONTENT="reference" HEIGHT="54" HPOS="1246" VPOS="1096" WIDTH="288" />
<SP HEIGHT="50" HPOS="1535" VPOS="1100" WIDTH="33" />
<String CONTENT="tables," HEIGHT="69" HPOS="1569" VPOS="1096" WIDTH="197" />
<SP HEIGHT="48" HPOS="1767" VPOS="1117" WIDTH="34" />
<String CONTENT="compiled" HEIGHT="69" HPOS="1802" VPOS="1097" WIDTH="282" />
</TextLine>
<TextLine CS="1" HEIGHT="148" HPOS="93" STYLEREFS="StyleId-4CF0455C-60A1-4804-B005-2F33E10C2BAB-" VPOS="1173" WIDTH="1967">
<String CONTENT="by" HEIGHT="68" HPOS="97" VPOS="1176" WIDTH="72" />
<SP HEIGHT="70" HPOS="170" VPOS="1174" WIDTH="36" />
<String CONTENT="Committee" HEIGHT="55" HPOS="207" VPOS="1174" WIDTH="335" />
<SP HEIGHT="34" HPOS="543" VPOS="1193" WIDTH="34" />
<String CONTENT="on" HEIGHT="34" HPOS="578" VPOS="1193" WIDTH="74" />
<SP HEIGHT="34" HPOS="653" VPOS="1193" WIDTH="33" />
<String CONTENT="methods" HEIGHT="54" HPOS="687" VPOS="1174" WIDTH="258" />
<SP HEIGHT="34" HPOS="946" VPOS="1194" WIDTH="33" />
<String CONTENT="of" HEIGHT="55" HPOS="980" VPOS="1173" WIDTH="65" />
<SP HEIGHT="54" HPOS="1046" VPOS="1173" WIDTH="33" />
<String CONTENT="analysis," HEIGHT="69" HPOS="1080" VPOS="1174" WIDTH="266" />
<SP HEIGHT="70" HPOS="1347" VPOS="1173" WIDTH="37" />
<String CONTENT="C." HEIGHT="55" HPOS="1385" VPOS="1173" WIDTH="62" />
<SP HEIGHT="52" HPOS="1448" VPOS="1175" WIDTH="36" />
<String CONTENT="E." HEIGHT="52" HPOS="1485" VPOS="1175" WIDTH="67" />
<SP HEIGHT="53" HPOS="1553" VPOS="1175" WIDTH="34" />
<String CONTENT="Mangels," HEIGHT="69" HPOS="1588" VPOS="1174" WIDTH="279" />
<SP HEIGHT="45" HPOS="1868" VPOS="1196" WIDTH="32" />
<String CONTENT="chairman," HEIGHT="147" HPOS="93" VPOS="1174" WIDTH="1967" />
</TextLine>
<TextLine HEIGHT="69" HPOS="264" STYLEREFS="StyleId-4CF0455C-60A1-4804-B005-2F33E10C2BAB-" VPOS="1251" WIDTH="1820">
<String CONTENT="Sub-committee" HEIGHT="55" HPOS="264" VPOS="1252" WIDTH="463" />
<SP HEIGHT="34" HPOS="728" VPOS="1272" WIDTH="19" />
<String CONTENT="on" HEIGHT="34" HPOS="748" VPOS="1272" WIDTH="74" />
<SP HEIGHT="35" HPOS="823" VPOS="1272" WIDTH="18" />
<String CONTENT="revision," HEIGHT="69" HPOS="842" VPOS="1251" WIDTH="262" />
<SP HEIGHT="68" HPOS="1105" VPOS="1252" WIDTH="20" />
<String CONTENT="American" HEIGHT="53" HPOS="1126" VPOS="1252" WIDTH="308" />
<SP HEIGHT="34" HPOS="1435" VPOS="1271" WIDTH="21" />
<String CONTENT="association" HEIGHT="55" HPOS="1457" VPOS="1251" WIDTH="339" />
<SP HEIGHT="35" HPOS="1797" VPOS="1271" WIDTH="21" />
<String CONTENT="of" HEIGHT="53" HPOS="1819" VPOS="1253" WIDTH="64" />
<SP HEIGHT="53" HPOS="1884" VPOS="1253" WIDTH="20" />
<String CONTENT="cereal" HEIGHT="51" HPOS="1905" VPOS="1256" WIDTH="179" />
</TextLine>
<TextLine HEIGHT="71" HPOS="95" STYLEREFS="StyleId-4CF0455C-60A1-4804-B005-2F33E10C2BAB-" VPOS="1328" WIDTH="1989">
<String CONTENT="chemists." HEIGHT="55" HPOS="95" VPOS="1330" WIDTH="275" />
<SP HEIGHT="50" HPOS="371" VPOS="1333" WIDTH="72" />
<String CONTENT="3d" HEIGHT="52" HPOS="444" VPOS="1331" WIDTH="73" />
<SP HEIGHT="52" HPOS="518" VPOS="1331" WIDTH="44" />
<String CONTENT="ed.," HEIGHT="69" HPOS="563" VPOS="1330" WIDTH="103" />
<SP HEIGHT="49" HPOS="667" VPOS="1350" WIDTH="47" />
<String CONTENT="completely" HEIGHT="70" HPOS="715" VPOS="1329" WIDTH="336" />
<SP HEIGHT="50" HPOS="1052" VPOS="1349" WIDTH="45" />
<String CONTENT="rev." HEIGHT="35" HPOS="1098" VPOS="1348" WIDTH="112" />
<SP HEIGHT="55" HPOS="1211" VPOS="1330" WIDTH="75" />
<String CONTENT="Omaha," HEIGHT="68" HPOS="1287" VPOS="1330" WIDTH="240" />
<SP HEIGHT="68" HPOS="1528" VPOS="1330" WIDTH="45" />
<String CONTENT="Neb.," HEIGHT="69" HPOS="1574" VPOS="1330" WIDTH="157" />
<SP HEIGHT="69" HPOS="1732" VPOS="1330" WIDTH="45" />
<String CONTENT="American" HEIGHT="56" HPOS="1778" VPOS="1328" WIDTH="306" />
</TextLine>
<TextLine HEIGHT="69" HPOS="96" STYLEREFS="StyleId-4CF0455C-60A1-4804-B005-2F33E10C2BAB-" VPOS="1407" WIDTH="1165">
<String CONTENT="association" HEIGHT="55" HPOS="96" VPOS="1408" WIDTH="333" />
<SP HEIGHT="35" HPOS="430" VPOS="1427" WIDTH="38" />
<String CONTENT="of" HEIGHT="53" HPOS="469" VPOS="1408" WIDTH="65" />
<SP HEIGHT="53" HPOS="535" VPOS="1408" WIDTH="35" />
<String CONTENT="cereal" HEIGHT="52" HPOS="571" VPOS="1409" WIDTH="179" />
<SP HEIGHT="53" HPOS="751" VPOS="1409" WIDTH="37" />
<String CONTENT="chemists," HEIGHT="69" HPOS="789" VPOS="1407" WIDTH="280" />
<SP HEIGHT="65" HPOS="1070" VPOS="1411" WIDTH="40" />
<String CONTENT="1935." HEIGHT="53" HPOS="1111" VPOS="1411" WIDTH="150" />
</TextLine>
<TextLine HEIGHT="51" HPOS="163" STYLEREFS="StyleId-4CF0455C-60A1-4804-B005-2F33E10C2BAB-" VPOS="1481" WIDTH="786">
<String CONTENT="viii," HEIGHT="49" HPOS="163" VPOS="1482" WIDTH="100" />
<SP HEIGHT="48" HPOS="264" VPOS="1483" WIDTH="26" />
<String CONTENT="204," HEIGHT="48" HPOS="291" VPOS="1482" WIDTH="101" />
<SP HEIGHT="31" HPOS="393" VPOS="1501" WIDTH="32" />
<String CONTENT="[12]" HEIGHT="51" HPOS="426" VPOS="1481" WIDTH="84" />
<SP HEIGHT="39" HPOS="511" VPOS="1492" WIDTH="30" />
<String CONTENT="p." HEIGHT="38" HPOS="542" VPOS="1492" WIDTH="43" />
<SP HEIGHT="41" HPOS="586" VPOS="1481" WIDTH="57" />
<String CONTENT="illus." HEIGHT="42" HPOS="644" VPOS="1481" WIDTH="128" />
<SP HEIGHT="40" HPOS="773" VPOS="1481" WIDTH="57" />
<String CONTENT="24" HEIGHT="41" HPOS="831" VPOS="1481" WIDTH="58" />
<String CONTENT="cm" HEIGHT="22" HPOS="890" STYLE="superscript" VPOS="1484" WIDTH="45" />
<String CONTENT="." HEIGHT="11" HPOS="939" VPOS="1512" WIDTH="10" />
</TextLine>
<TextLine HEIGHT="52" HPOS="164" VPOS="1536" WIDTH="1045">
<String CONTENT="Blank" HEIGHT="41" HPOS="164" VPOS="1538" WIDTH="158" />
<SP HEIGHT="49" HPOS="323" VPOS="1538" WIDTH="24" />
<String CONTENT="pages" HEIGHT="39" HPOS="348" VPOS="1548" WIDTH="147" />
<SP HEIGHT="40" HPOS="496" VPOS="1538" WIDTH="24" />
<String CONTENT="for" HEIGHT="40" HPOS="521" VPOS="1538" WIDTH="80" />
<SP HEIGHT="38" HPOS="602" VPOS="1538" WIDTH="27" />
<String CONTENT="&#8220;Notes&#8221;" HEIGHT="43" HPOS="630" VPOS="1536" WIDTH="205" />
<SP HEIGHT="50" HPOS="836" VPOS="1536" WIDTH="35" />
<String CONTENT="([12]" HEIGHT="51" HPOS="872" VPOS="1537" WIDTH="111" />
<SP HEIGHT="39" HPOS="984" VPOS="1548" WIDTH="28" />
<String CONTENT="at" HEIGHT="39" HPOS="1013" VPOS="1540" WIDTH="55" />
<SP HEIGHT="38" HPOS="1069" VPOS="1540" WIDTH="23" />
<String CONTENT="end)" HEIGHT="48" HPOS="1093" VPOS="1538" WIDTH="116" />
</TextLine>
<TextLine CS="1" HEIGHT="106" HPOS="95" VPOS="1593" WIDTH="1971">
<String CONTENT="&#8220;First" HEIGHT="40" HPOS="166" VPOS="1595" WIDTH="160" />
<SP HEIGHT="39" HPOS="327" VPOS="1596" WIDTH="40" />
<String CONTENT="edition" HEIGHT="41" HPOS="368" VPOS="1594" WIDTH="183" />
<SP HEIGHT="39" HPOS="552" VPOS="1595" WIDTH="37" />
<String CONTENT="1922." HEIGHT="42" HPOS="590" VPOS="1593" WIDTH="128" />
<SP HEIGHT="41" HPOS="719" VPOS="1594" WIDTH="60" />
<String CONTENT="Second" HEIGHT="41" HPOS="780" VPOS="1594" WIDTH="181" />
<SP HEIGHT="39" HPOS="962" VPOS="1596" WIDTH="40" />
<String CONTENT="edition," HEIGHT="49" HPOS="1003" VPOS="1593" WIDTH="198" />
<SP HEIGHT="36" HPOS="1202" VPOS="1606" WIDTH="39" />
<String CONTENT="completely" HEIGHT="46" HPOS="1242" VPOS="1595" WIDTH="286" />
<SP HEIGHT="36" HPOS="1529" VPOS="1605" WIDTH="37" />
<String CONTENT="revised" HEIGHT="42" HPOS="1567" VPOS="1593" WIDTH="190" />
<SP HEIGHT="41" HPOS="1758" VPOS="1594" WIDTH="37" />
<String CONTENT="1928." HEIGHT="44" HPOS="1796" VPOS="1593" WIDTH="129" />
<SP HEIGHT="41" HPOS="1926" VPOS="1596" WIDTH="68" />
<String CONTENT="Reprinted" HEIGHT="103" HPOS="95" VPOS="1596" WIDTH="1971" />
<SP HEIGHT="40" HPOS="285" VPOS="1650" WIDTH="29" />
<String CONTENT="1929." HEIGHT="41" HPOS="315" VPOS="1649" WIDTH="127" />
</TextLine>
<TextLine HEIGHT="48" HPOS="166" VPOS="1704" WIDTH="1002">
<String CONTENT="&#8220;References&#8221;" HEIGHT="41" HPOS="166" VPOS="1705" WIDTH="346" />
<SP HEIGHT="41" HPOS="513" VPOS="1705" WIDTH="25" />
<String CONTENT="at" HEIGHT="39" HPOS="539" VPOS="1707" WIDTH="53" />
<SP HEIGHT="39" HPOS="593" VPOS="1707" WIDTH="23" />
<String CONTENT="end" HEIGHT="39" HPOS="617" VPOS="1707" WIDTH="91" />
<SP HEIGHT="39" HPOS="709" VPOS="1707" WIDTH="24" />
<String CONTENT="of" HEIGHT="41" HPOS="734" VPOS="1705" WIDTH="53" />
<SP HEIGHT="41" HPOS="788" VPOS="1705" WIDTH="23" />
<String CONTENT="each" HEIGHT="40" HPOS="812" VPOS="1706" WIDTH="117" />
<SP HEIGHT="39" HPOS="930" VPOS="1706" WIDTH="24" />
<String CONTENT="chapter." HEIGHT="48" HPOS="955" VPOS="1704" WIDTH="213" />
</TextLine>
<TextLine CS="1" HEIGHT="53" HPOS="99" VPOS="1759" WIDTH="1983">
<String CONTENT="&#169;" HEIGHT="53" HPOS="99" VPOS="1759" WIDTH="50" />
<SP HEIGHT="53" HPOS="150" VPOS="1759" WIDTH="22" />
<String CONTENT="May" HEIGHT="46" HPOS="173" VPOS="1765" WIDTH="112" />
<SP HEIGHT="47" HPOS="286" VPOS="1764" WIDTH="22" />
<String CONTENT="16," HEIGHT="47" HPOS="309" VPOS="1763" WIDTH="68" />
<SP HEIGHT="46" HPOS="378" VPOS="1764" WIDTH="22" />
<String CONTENT="1935;" CS="1" HEIGHT="41" HPOS="401" VPOS="1762" WIDTH="115" />
<SP HEIGHT="46" HPOS="542" VPOS="1763" WIDTH="23" />
<String CONTENT="2c." HEIGHT="40" HPOS="566" VPOS="1763" WIDTH="67" />
<SP HEIGHT="39" HPOS="634" VPOS="1763" WIDTH="23" />
<String CONTENT="July" HEIGHT="47" HPOS="658" VPOS="1763" WIDTH="115" />
<SP HEIGHT="47" HPOS="774" VPOS="1763" WIDTH="22" />
<String CONTENT="19;" HEIGHT="48" HPOS="797" VPOS="1761" WIDTH="81" />
<SP HEIGHT="37" HPOS="879" VPOS="1772" WIDTH="24" />
<String CONTENT="aff." HEIGHT="41" HPOS="904" VPOS="1761" WIDTH="82" />
<SP HEIGHT="39" HPOS="987" VPOS="1763" WIDTH="23" />
<String CONTENT="July" HEIGHT="47" HPOS="1011" VPOS="1763" WIDTH="116" />
<SP HEIGHT="47" HPOS="1128" VPOS="1763" WIDTH="21" />
<String CONTENT="18;" HEIGHT="47" HPOS="1150" VPOS="1762" WIDTH="82" />
<SP HEIGHT="47" HPOS="1233" VPOS="1762" WIDTH="24" />
<String CONTENT="A" HEIGHT="39" HPOS="1258" VPOS="1762" WIDTH="41" />
<SP HEIGHT="41" HPOS="1300" VPOS="1762" WIDTH="21" />
<String CONTENT="84941;" HEIGHT="48" HPOS="1322" VPOS="1761" WIDTH="170" />
<SP HEIGHT="46" HPOS="1493" VPOS="1763" WIDTH="21" />
<String CONTENT="Amer." HEIGHT="40" HPOS="1515" VPOS="1763" WIDTH="160" />
<SP HEIGHT="29" HPOS="1676" VPOS="1774" WIDTH="23" />
<String CONTENT="assn.of" CS="1" HEIGHT="40" HPOS="1700" VPOS="1764" WIDTH="206" />
<SP HEIGHT="40" HPOS="1907" VPOS="1764" WIDTH="17" />
<String CONTENT="cereal" HEIGHT="37" HPOS="1925" VPOS="1767" WIDTH="157" />
</TextLine>
<TextLine HEIGHT="49" HPOS="164" VPOS="1819" WIDTH="589">
<String CONTENT="chemists." HEIGHT="41" HPOS="164" VPOS="1819" WIDTH="240" />
<SP HEIGHT="48" HPOS="405" VPOS="1820" WIDTH="69" />
<String CONTENT="(35-15434)" HEIGHT="49" HPOS="475" VPOS="1819" WIDTH="278" />
</TextLine>
<TextLine HEIGHT="69" HPOS="96" STYLEREFS="StyleId-4CF0455C-60A1-4804-B005-2F33E10C2BAB-" VPOS="1922" WIDTH="1987">
<String CONTENT="American" HEIGHT="54" HPOS="96" VPOS="1923" WIDTH="312" />
<SP HEIGHT="52" HPOS="409" VPOS="1924" WIDTH="27" />
<String CONTENT="law" HEIGHT="53" HPOS="437" VPOS="1924" WIDTH="110" />
<SP HEIGHT="34" HPOS="548" VPOS="1941" WIDTH="26" />
<String CONTENT="and" HEIGHT="52" HPOS="575" VPOS="1923" WIDTH="112" />
<SP HEIGHT="67" HPOS="688" VPOS="1923" WIDTH="24" />
<String CONTENT="procedure," HEIGHT="68" HPOS="713" VPOS="1922" WIDTH="323" />
<SP HEIGHT="36" HPOS="1037" VPOS="1939" WIDTH="61" />
<String CONTENT="volume" HEIGHT="51" HPOS="1099" VPOS="1923" WIDTH="223" />
<SP HEIGHT="49" HPOS="1323" VPOS="1924" WIDTH="22" />
<String CONTENT="2." HEIGHT="51" HPOS="1346" VPOS="1924" WIDTH="47" />
<SP HEIGHT="52" HPOS="1394" VPOS="1923" WIDTH="64" />
<String CONTENT="Prepared" HEIGHT="68" HPOS="1459" VPOS="1923" WIDTH="292" />
<SP HEIGHT="52" HPOS="1752" VPOS="1924" WIDTH="26" />
<String CONTENT="under" HEIGHT="52" HPOS="1779" VPOS="1924" WIDTH="181" />
<SP HEIGHT="48" HPOS="1961" VPOS="1928" WIDTH="25" />
<String CONTENT="the" HEIGHT="53" HPOS="1987" VPOS="1923" WIDTH="96" />
</TextLine>
<TextLine CS="1" HEIGHT="70" HPOS="164" STYLEREFS="StyleId-4CF0455C-60A1-4804-B005-2F33E10C2BAB-" VPOS="2000" WIDTH="1918">
<String CONTENT="editorial" HEIGHT="54" HPOS="164" VPOS="2001" WIDTH="264" />
<SP HEIGHT="51" HPOS="429" VPOS="2004" WIDTH="37" />
<String CONTENT="supervision" HEIGHT="68" HPOS="467" VPOS="2001" WIDTH="357" />
<SP HEIGHT="33" HPOS="825" VPOS="2020" WIDTH="36" />
<String CONTENT="of" HEIGHT="53" HPOS="862" VPOS="2000" WIDTH="62" />
<SP HEIGHT="56" HPOS="925" VPOS="2000" WIDTH="37" />
<String CONTENT="James" HEIGHT="54" HPOS="963" VPOS="2002" WIDTH="193" />
<SP HEIGHT="52" HPOS="1157" VPOS="2000" WIDTH="39" />
<String CONTENT="Parker" HEIGHT="53" HPOS="1197" VPOS="2000" WIDTH="219" />
<SP HEIGHT="52" HPOS="1417" VPOS="2002" WIDTH="37" />
<String CONTENT="Hall" HEIGHT="53" HPOS="1455" VPOS="2001" WIDTH="143" />
<SP HEIGHT="51" HPOS="1599" VPOS="2003" WIDTH="44" />
<String CONTENT="&#8230;" CS="1" />
<SP HEIGHT="51" HPOS="1700" VPOS="2003" WIDTH="79" />
<String CONTENT="Torts," HEIGHT="65" HPOS="1780" VPOS="2003" WIDTH="189" />
<SP HEIGHT="66" HPOS="1970" VPOS="2002" WIDTH="36" />
<String CONTENT="by" HEIGHT="68" HPOS="2007" VPOS="2002" WIDTH="75" />
</TextLine>
<TextLine CS="1" HEIGHT="70" HPOS="164" STYLEREFS="StyleId-4CF0455C-60A1-4804-B005-2F33E10C2BAB-" VPOS="2078" WIDTH="1918">
<String CONTENT="George" HEIGHT="66" HPOS="164" VPOS="2080" WIDTH="219" />
<SP HEIGHT="51" HPOS="384" VPOS="2081" WIDTH="23" />
<String CONTENT="Luther" HEIGHT="53" HPOS="408" VPOS="2079" WIDTH="216" />
<SP HEIGHT="54" HPOS="625" VPOS="2079" WIDTH="28" />
<String CONTENT="Clark" HEIGHT="54" HPOS="654" VPOS="2079" WIDTH="176" />
<SP HEIGHT="51" HPOS="831" VPOS="2079" WIDTH="28" />
<String CONTENT="&#8230;" CS="1" />
<SP HEIGHT="51" HPOS="915" VPOS="2080" WIDTH="64" />
<String CONTENT="Domestic" HEIGHT="52" HPOS="980" VPOS="2080" WIDTH="289" />
<SP HEIGHT="33" HPOS="1270" VPOS="2097" WIDTH="23" />
<String CONTENT="relations" HEIGHT="54" HPOS="1294" VPOS="2078" WIDTH="269" />
<SP HEIGHT="33" HPOS="1564" VPOS="2099" WIDTH="26" />
<String CONTENT="and" HEIGHT="53" HPOS="1591" VPOS="2079" WIDTH="113" />
<SP HEIGHT="68" HPOS="1705" VPOS="2079" WIDTH="24" />
<String CONTENT="persons," HEIGHT="50" HPOS="1730" VPOS="2097" WIDTH="250" />
<SP HEIGHT="64" HPOS="1981" VPOS="2081" WIDTH="25" />
<String CONTENT="by" HEIGHT="67" HPOS="2007" VPOS="2081" WIDTH="75" />
</TextLine>
<TextLine CS="1" HEIGHT="67" HPOS="163" STYLEREFS="StyleId-4CF0455C-60A1-4804-B005-2F33E10C2BAB-" VPOS="2157" WIDTH="1165">
<String CONTENT="Albert" HEIGHT="53" HPOS="163" VPOS="2157" WIDTH="203" />
<SP HEIGHT="52" HPOS="367" VPOS="2158" WIDTH="23" />
<String CONTENT="Martin" HEIGHT="52" HPOS="391" VPOS="2157" WIDTH="221" />
<SP HEIGHT="52" HPOS="613" VPOS="2157" WIDTH="25" />
<String CONTENT="Kales" HEIGHT="52" HPOS="639" VPOS="2157" WIDTH="173" />
<SP HEIGHT="34" HPOS="813" VPOS="2176" WIDTH="33" />
<String CONTENT="&#8230;" CS="1" />
<SP HEIGHT="33" HPOS="902" VPOS="2190" WIDTH="72" />
<String CONTENT="[n." CS="1" />
<SP HEIGHT="49" HPOS="1045" VPOS="2175" WIDTH="26" />
<String CONTENT="p.]" CS="1" HEIGHT="49" HPOS="1072" VPOS="2175" WIDTH="53" />
<SP HEIGHT="62" HPOS="1146" VPOS="2161" WIDTH="32" />
<String CONTENT="1935." HEIGHT="51" HPOS="1179" VPOS="2159" WIDTH="149" />
</TextLine>
<TextLine CS="1" HEIGHT="50" HPOS="167" VPOS="2229" WIDTH="687">
<String CONTENT="1" HEIGHT="38" HPOS="167" VPOS="2232" WIDTH="24" />
<SP />
<String CONTENT="p." HEIGHT="36" HPOS="218" VPOS="2243" WIDTH="42" />
<SP />
<String CONTENT="l.," CS="1" HEIGHT="17" HPOS="323" VPOS="2261" WIDTH="10" />
<SP HEIGHT="37" HPOS="334" VPOS="2241" WIDTH="23" />
<String CONTENT="xxii," HEIGHT="48" HPOS="358" VPOS="2229" WIDTH="120" />
<SP HEIGHT="46" HPOS="479" VPOS="2231" WIDTH="21" />
<String CONTENT="435" HEIGHT="40" HPOS="501" VPOS="2230" WIDTH="88" />
<SP HEIGHT="48" HPOS="590" VPOS="2230" WIDTH="22" />
<String CONTENT="p." HEIGHT="37" HPOS="613" VPOS="2241" WIDTH="42" />
<SP HEIGHT="40" HPOS="656" VPOS="2229" WIDTH="51" />
<String CONTENT="23&#189;" CS="1" HEIGHT="40" HPOS="708" VPOS="2229" WIDTH="55" />
<String CONTENT="cm" HEIGHT="21" HPOS="795" STYLE="superscript" VPOS="2231" WIDTH="45" />
<String CONTENT="." HEIGHT="9" HPOS="845" VPOS="2260" WIDTH="9" />
</TextLine>
<TextLine CS="1" HEIGHT="53" HPOS="99" VPOS="2283" WIDTH="1984">
<String CONTENT="&#169;" HEIGHT="53" HPOS="99" VPOS="2283" WIDTH="50" />
<SP HEIGHT="53" HPOS="150" VPOS="2283" WIDTH="24" />
<String CONTENT="July" HEIGHT="47" HPOS="175" VPOS="2288" WIDTH="113" />
<SP HEIGHT="48" HPOS="289" VPOS="2287" WIDTH="24" />
<String CONTENT="25," HEIGHT="47" HPOS="314" VPOS="2287" WIDTH="69" />
<SP HEIGHT="46" HPOS="384" VPOS="2288" WIDTH="27" />
<String CONTENT="1935;" CS="1" HEIGHT="43" HPOS="412" VPOS="2285" WIDTH="113" />
<SP HEIGHT="44" HPOS="553" VPOS="2287" WIDTH="27" />
<String CONTENT="2c." HEIGHT="39" HPOS="581" VPOS="2287" WIDTH="65" />
<SP HEIGHT="40" HPOS="647" VPOS="2286" WIDTH="30" />
<String CONTENT="Sept." HEIGHT="47" HPOS="678" VPOS="2286" WIDTH="126" />
<SP HEIGHT="39" HPOS="805" VPOS="2286" WIDTH="27" />
<String CONTENT="19;" HEIGHT="47" HPOS="833" VPOS="2285" WIDTH="82" />
<SP HEIGHT="37" HPOS="916" VPOS="2295" WIDTH="27" />
<String CONTENT="aff." CS="1" HEIGHT="40" HPOS="944" VPOS="2285" WIDTH="80" />
<SP HEIGHT="40" HPOS="1025" VPOS="2285" WIDTH="32" />
<String CONTENT="Sept." HEIGHT="48" HPOS="1058" VPOS="2285" WIDTH="127" />
<SP HEIGHT="39" HPOS="1186" VPOS="2286" WIDTH="27" />
<String CONTENT="18;" HEIGHT="46" HPOS="1214" VPOS="2286" WIDTH="81" />
<SP HEIGHT="46" HPOS="1296" VPOS="2286" WIDTH="31" />
<String CONTENT="A" HEIGHT="39" HPOS="1328" VPOS="2286" WIDTH="40" />
<SP HEIGHT="40" HPOS="1369" VPOS="2286" WIDTH="26" />
<String CONTENT="87086;" HEIGHT="47" HPOS="1396" VPOS="2285" WIDTH="171" />
<SP HEIGHT="45" HPOS="1568" VPOS="2287" WIDTH="27" />
<String CONTENT="LaSalle" HEIGHT="41" HPOS="1596" VPOS="2287" WIDTH="205" />
<SP HEIGHT="30" HPOS="1802" VPOS="2298" WIDTH="25" />
<String CONTENT="extension" HEIGHT="40" HPOS="1828" VPOS="2288" WIDTH="255" />
</TextLine>
<TextLine CS="1" HEIGHT="109" HPOS="167" VPOS="2341" WIDTH="1899">
<String CONTENT="univ.," HEIGHT="47" HPOS="167" VPOS="2344" WIDTH="142" />
<SP HEIGHT="47" HPOS="310" VPOS="2344" WIDTH="31" />
<String CONTENT="Chicago." HEIGHT="47" HPOS="342" VPOS="2344" WIDTH="223" />
<SP HEIGHT="30" HPOS="566" VPOS="2362" WIDTH="64" />
<String CONTENT="[Copyright" HEIGHT="51" HPOS="631" VPOS="2341" WIDTH="281" />
<SP HEIGHT="41" HPOS="913" VPOS="2341" WIDTH="28" />
<String CONTENT="is" HEIGHT="41" HPOS="942" VPOS="2341" WIDTH="43" />
<SP HEIGHT="30" HPOS="986" VPOS="2352" WIDTH="30" />
<String CONTENT="claimed" HEIGHT="40" HPOS="1017" VPOS="2342" WIDTH="205" />
<SP HEIGHT="39" HPOS="1223" VPOS="2343" WIDTH="32" />
<String CONTENT="on" HEIGHT="29" HPOS="1256" VPOS="2352" WIDTH="60" />
<SP HEIGHT="28" HPOS="1317" VPOS="2353" WIDTH="30" />
<String CONTENT="new" HEIGHT="29" HPOS="1348" VPOS="2353" WIDTH="106" />
<SP HEIGHT="29" HPOS="1455" VPOS="2354" WIDTH="31" />
<String CONTENT="copy" HEIGHT="38" HPOS="1487" VPOS="2353" WIDTH="120" />
<SP HEIGHT="38" HPOS="1608" VPOS="2353" WIDTH="33" />
<String CONTENT="added" HEIGHT="40" HPOS="1642" VPOS="2343" WIDTH="156" />
<SP HEIGHT="40" HPOS="1799" VPOS="2343" WIDTH="32" />
<String CONTENT="and" HEIGHT="39" HPOS="1832" VPOS="2344" WIDTH="97" />
<SP HEIGHT="40" HPOS="1930" VPOS="2344" WIDTH="33" />
<String CONTENT="revisions]" HEIGHT="108" HPOS="169" VPOS="2342" WIDTH="1897" />
</TextLine>
<TextLine HEIGHT="61" HPOS="100" STYLEREFS="StyleId-F7832D1B-61F2-4258-9814-27CEF849227E-" VPOS="2501" WIDTH="880">
<String CONTENT="Ashbrook," HEIGHT="60" HPOS="100" VPOS="2502" WIDTH="325" />
<SP HEIGHT="59" HPOS="426" VPOS="2503" WIDTH="28" />
<String CONTENT="Harriette," HEIGHT="60" HPOS="455" VPOS="2501" WIDTH="325" />
<SP HEIGHT="54" HPOS="781" VPOS="2507" WIDTH="31" />
<String CONTENT="1898-" HEIGHT="50" HPOS="813" VPOS="2506" WIDTH="167" />
</TextLine>
<TextLine HEIGHT="69" HPOS="166" STYLEREFS="StyleId-4CF0455C-60A1-4804-B005-2F33E10C2BAB-" VPOS="2577" WIDTH="1914">
<String CONTENT="A" HEIGHT="53" HPOS="166" VPOS="2580" WIDTH="55" />
<SP HEIGHT="53" HPOS="222" VPOS="2580" WIDTH="46" />
<String CONTENT="most" HEIGHT="48" HPOS="269" VPOS="2585" WIDTH="146" />
<SP HEIGHT="55" HPOS="416" VPOS="2577" WIDTH="47" />
<String CONTENT="immoral" HEIGHT="55" HPOS="464" VPOS="2577" WIDTH="262" />
<SP HEIGHT="52" HPOS="727" VPOS="2580" WIDTH="46" />
<String CONTENT="murder," HEIGHT="66" HPOS="774" VPOS="2579" WIDTH="246" />
<SP HEIGHT="68" HPOS="1021" VPOS="2577" WIDTH="48" />
<String CONTENT="by" HEIGHT="69" HPOS="1070" VPOS="2577" WIDTH="74" />
<SP HEIGHT="68" HPOS="1145" VPOS="2578" WIDTH="47" />
<String CONTENT="H." HEIGHT="53" HPOS="1193" VPOS="2578" WIDTH="76" />
<SP HEIGHT="52" HPOS="1270" VPOS="2579" WIDTH="49" />
<String CONTENT="Ashbrook." HEIGHT="54" HPOS="1320" VPOS="2578" WIDTH="317" />
<SP HEIGHT="55" HPOS="1638" VPOS="2579" WIDTH="72" />
<String CONTENT="New" HEIGHT="55" HPOS="1711" VPOS="2579" WIDTH="140" />
<SP HEIGHT="53" HPOS="1852" VPOS="2580" WIDTH="47" />
<String CONTENT="York," HEIGHT="68" HPOS="1900" VPOS="2578" WIDTH="180" />
</TextLine>
<TextLine CS="1" HEIGHT="68" HPOS="98" STYLEREFS="StyleId-4CF0455C-60A1-4804-B005-2F33E10C2BAB-" VPOS="2656" WIDTH="753">
<String CONTENT="Coward-McCann" HEIGHT="56" HPOS="98" VPOS="2656" WIDTH="526" />
<SP HEIGHT="46" HPOS="625" VPOS="2678" WIDTH="35" />
<String CONTENT="[" CS="1" />
<String CONTENT="c" HEIGHT="21" HPOS="678" STYLE="superscript" VPOS="2663" WIDTH="18" />
<String CONTENT="1935]" HEIGHT="61" HPOS="701" VPOS="2661" WIDTH="150" />
</TextLine>
<TextLine CS="1" HEIGHT="49" HPOS="166" VPOS="2728" WIDTH="733">
<String CONTENT="viii" HEIGHT="40" HPOS="166" VPOS="2729" WIDTH="86" />
<SP HEIGHT="48" HPOS="253" VPOS="2729" WIDTH="21" />
<String CONTENT="p.," HEIGHT="38" HPOS="275" VPOS="2739" WIDTH="57" />
<SP HEIGHT="44" HPOS="333" VPOS="2732" WIDTH="26" />
<String CONTENT="2" HEIGHT="38" HPOS="360" VPOS="2732" WIDTH="27" />
<SP />
<String CONTENT="l.," CS="1" HEIGHT="16" HPOS="446" VPOS="2760" WIDTH="8" />
<SP HEIGHT="47" HPOS="455" VPOS="2729" WIDTH="25" />
<String CONTENT="3-289" HEIGHT="41" HPOS="481" VPOS="2728" WIDTH="147" />
<SP HEIGHT="48" HPOS="629" VPOS="2728" WIDTH="22" />
<String CONTENT="p." HEIGHT="38" HPOS="652" VPOS="2738" WIDTH="43" />
<SP HEIGHT="39" HPOS="696" VPOS="2729" WIDTH="58" />
<String CONTENT="19&#189;" CS="1" HEIGHT="40" HPOS="755" VPOS="2728" WIDTH="55" />
<String CONTENT="cm" CS="1" HEIGHT="21" HPOS="842" STYLE="superscript" VPOS="2730" WIDTH="16" />
<String CONTENT="." HEIGHT="8" HPOS="890" VPOS="2759" WIDTH="9" />
</TextLine>
<TextLine HEIGHT="51" HPOS="169" VPOS="2781" WIDTH="1912">
<String CONTENT="&#8220;Published" HEIGHT="41" HPOS="169" VPOS="2785" WIDTH="286" />
<SP HEIGHT="41" HPOS="456" VPOS="2784" WIDTH="23" />
<String CONTENT="in" HEIGHT="40" HPOS="480" VPOS="2784" WIDTH="50" />
<SP HEIGHT="39" HPOS="531" VPOS="2785" WIDTH="25" />
<String CONTENT="Mystery" HEIGHT="47" HPOS="557" VPOS="2785" WIDTH="216" />
<SP HEIGHT="37" HPOS="774" VPOS="2794" WIDTH="24" />
<String CONTENT="magazine" HEIGHT="50" HPOS="799" VPOS="2781" WIDTH="248" />
<SP HEIGHT="30" HPOS="1048" VPOS="2793" WIDTH="24" />
<String CONTENT="under" HEIGHT="39" HPOS="1073" VPOS="2784" WIDTH="153" />
<SP HEIGHT="39" HPOS="1227" VPOS="2784" WIDTH="23" />
<String CONTENT="the" HEIGHT="41" HPOS="1251" VPOS="2782" WIDTH="81" />
<SP HEIGHT="39" HPOS="1333" VPOS="2784" WIDTH="24" />
<String CONTENT="title" HEIGHT="41" HPOS="1358" VPOS="2783" WIDTH="108" />
<SP HEIGHT="42" HPOS="1467" VPOS="2782" WIDTH="26" />
<String CONTENT="&#8216;He" HEIGHT="42" HPOS="1494" VPOS="2782" WIDTH="90" />
<SP HEIGHT="41" HPOS="1585" VPOS="2783" WIDTH="21" />
<String CONTENT="killed" HEIGHT="42" HPOS="1607" VPOS="2782" WIDTH="150" />
<SP HEIGHT="39" HPOS="1758" VPOS="2785" WIDTH="24" />
<String CONTENT="a" HEIGHT="31" HPOS="1783" VPOS="2793" WIDTH="29" />
<SP HEIGHT="39" HPOS="1813" VPOS="2785" WIDTH="23" />
<String CONTENT="thousand" HEIGHT="41" HPOS="1837" VPOS="2785" WIDTH="244" />
</TextLine>
<TextLine HEIGHT="41" HPOS="100" VPOS="2841" WIDTH="161">
<String CONTENT="men&#8217;.&#8221;" HEIGHT="41" HPOS="100" VPOS="2841" WIDTH="161" />
</TextLine>
<TextLine HEIGHT="53" HPOS="100" VPOS="2895" WIDTH="1982">
<String CONTENT="&#169;" HEIGHT="53" HPOS="100" VPOS="2895" WIDTH="53" />
<SP HEIGHT="53" HPOS="154" VPOS="2895" WIDTH="23" />
<String CONTENT="Sept." HEIGHT="47" HPOS="178" VPOS="2900" WIDTH="126" />
<SP HEIGHT="41" HPOS="305" VPOS="2898" WIDTH="24" />
<String CONTENT="9," HEIGHT="49" HPOS="330" VPOS="2898" WIDTH="40" />
<SP HEIGHT="46" HPOS="371" VPOS="2901" WIDTH="26" />
<String CONTENT="1935;" HEIGHT="47" HPOS="398" VPOS="2898" WIDTH="140" />
<SP HEIGHT="46" HPOS="539" VPOS="2899" WIDTH="26" />
<String CONTENT="2c." HEIGHT="39" HPOS="566" VPOS="2899" WIDTH="67" />
<SP HEIGHT="40" HPOS="634" VPOS="2898" WIDTH="29" />
<String CONTENT="Sept." HEIGHT="48" HPOS="664" VPOS="2898" WIDTH="127" />
<SP HEIGHT="38" HPOS="792" VPOS="2899" WIDTH="26" />
<String CONTENT="13;" HEIGHT="45" HPOS="819" VPOS="2899" WIDTH="80" />
<SP HEIGHT="36" HPOS="900" VPOS="2908" WIDTH="30" />
<String CONTENT="aff." HEIGHT="41" HPOS="931" VPOS="2896" WIDTH="82" />
<SP HEIGHT="40" HPOS="1014" VPOS="2897" WIDTH="30" />
<String CONTENT="Sept." HEIGHT="47" HPOS="1045" VPOS="2897" WIDTH="128" />
<SP HEIGHT="39" HPOS="1174" VPOS="2897" WIDTH="26" />
<String CONTENT="12;" HEIGHT="48" HPOS="1201" VPOS="2896" WIDTH="83" />
<SP HEIGHT="47" HPOS="1285" VPOS="2897" WIDTH="27" />
<String CONTENT="A" HEIGHT="39" HPOS="1313" VPOS="2897" WIDTH="42" />
<SP HEIGHT="41" HPOS="1356" VPOS="2897" WIDTH="23" />
<String CONTENT="85988;" HEIGHT="48" HPOS="1380" VPOS="2896" WIDTH="170" />
<SP HEIGHT="46" HPOS="1551" VPOS="2898" WIDTH="28" />
<String CONTENT="H." HEIGHT="39" HPOS="1580" VPOS="2898" WIDTH="61" />
<SP HEIGHT="39" HPOS="1642" VPOS="2898" WIDTH="26" />
<String CONTENT="Ashbrook," HEIGHT="47" HPOS="1669" VPOS="2898" WIDTH="266" />
<SP HEIGHT="47" HPOS="1936" VPOS="2898" WIDTH="27" />
<String CONTENT="New" HEIGHT="41" HPOS="1964" VPOS="2898" WIDTH="118" />
</TextLine>
<TextLine HEIGHT="50" HPOS="166" VPOS="2954" WIDTH="491">
<String CONTENT="York." HEIGHT="40" HPOS="166" VPOS="2956" WIDTH="142" />
<SP HEIGHT="48" HPOS="309" VPOS="2955" WIDTH="68" />
<String CONTENT="(35-15617)" HEIGHT="50" HPOS="378" VPOS="2954" WIDTH="279" />
</TextLine>
<TextLine HEIGHT="66" HPOS="111" STYLEREFS="StyleId-F7832D1B-61F2-4258-9814-27CEF849227E-" VPOS="3057" WIDTH="949">
<String CONTENT="Ayres," HEIGHT="66" HPOS="111" VPOS="3057" WIDTH="198" />
<SP HEIGHT="65" HPOS="310" VPOS="3058" WIDTH="26" />
<String CONTENT="Leonard" HEIGHT="53" HPOS="337" VPOS="3058" WIDTH="266" />
<SP HEIGHT="53" HPOS="604" VPOS="3058" WIDTH="26" />
<String CONTENT="Porter," HEIGHT="62" HPOS="631" VPOS="3058" WIDTH="229" />
<SP HEIGHT="58" HPOS="861" VPOS="3062" WIDTH="29" />
<String CONTENT="1879-" HEIGHT="52" HPOS="891" VPOS="3059" WIDTH="169" />
</TextLine>
<TextLine HEIGHT="69" HPOS="164" STYLEREFS="StyleId-4CF0455C-60A1-4804-B005-2F33E10C2BAB-" VPOS="3132" WIDTH="1913">
<String CONTENT="The" HEIGHT="53" HPOS="164" VPOS="3134" WIDTH="119" />
<SP HEIGHT="34" HPOS="284" VPOS="3153" WIDTH="24" />
<String CONTENT="chief" HEIGHT="52" HPOS="309" VPOS="3135" WIDTH="152" />
<SP HEIGHT="52" HPOS="462" VPOS="3135" WIDTH="23" />
<String CONTENT="cause" HEIGHT="37" HPOS="486" VPOS="3151" WIDTH="162" />
<SP HEIGHT="35" HPOS="649" VPOS="3153" WIDTH="22" />
<String CONTENT="of" HEIGHT="55" HPOS="672" VPOS="3132" WIDTH="63" />
<SP HEIGHT="54" HPOS="736" VPOS="3132" WIDTH="24" />
<String CONTENT="this" HEIGHT="55" HPOS="761" VPOS="3132" WIDTH="115" />
<SP HEIGHT="36" HPOS="877" VPOS="3151" WIDTH="24" />
<String CONTENT="and" HEIGHT="53" HPOS="902" VPOS="3133" WIDTH="113" />
<SP HEIGHT="52" HPOS="1016" VPOS="3133" WIDTH="25" />
<String CONTENT="other" HEIGHT="53" HPOS="1042" VPOS="3133" WIDTH="160" />
<SP HEIGHT="53" HPOS="1203" VPOS="3133" WIDTH="22" />
<String CONTENT="depressions," HEIGHT="68" HPOS="1226" VPOS="3133" WIDTH="370" />
<SP HEIGHT="68" HPOS="1597" VPOS="3132" WIDTH="23" />
<String CONTENT="by" HEIGHT="68" HPOS="1621" VPOS="3132" WIDTH="76" />
<SP HEIGHT="68" HPOS="1698" VPOS="3132" WIDTH="23" />
<String CONTENT="Leonard" HEIGHT="55" HPOS="1722" VPOS="3132" WIDTH="262" />
<SP HEIGHT="53" HPOS="1985" VPOS="3134" WIDTH="24" />
<String CONTENT="P." HEIGHT="53" HPOS="2010" VPOS="3134" WIDTH="67" />
</TextLine>
<TextLine CS="1" HEIGHT="65" HPOS="94" STYLEREFS="StyleId-4CF0455C-60A1-4804-B005-2F33E10C2BAB-" VPOS="3209" WIDTH="1894">
<String CONTENT="Ayres" HEIGHT="63" HPOS="94" VPOS="3211" WIDTH="180" />
<SP HEIGHT="34" HPOS="275" VPOS="3232" WIDTH="30" />
<String CONTENT="&#8230;" CS="1" />
<SP HEIGHT="28" HPOS="363" VPOS="3246" WIDTH="81" />
<String CONTENT="[Cleveland]" HEIGHT="63" HPOS="445" VPOS="3211" WIDTH="346" />
<SP HEIGHT="63" HPOS="792" VPOS="3211" WIDTH="34" />
<String CONTENT="The" HEIGHT="54" HPOS="827" VPOS="3210" WIDTH="122" />
<SP HEIGHT="55" HPOS="950" VPOS="3209" WIDTH="28" />
<String CONTENT="Cleveland" HEIGHT="55" HPOS="979" VPOS="3209" WIDTH="309" />
<SP HEIGHT="53" HPOS="1289" VPOS="3210" WIDTH="29" />
<String CONTENT="trust" HEIGHT="48" HPOS="1319" VPOS="3215" WIDTH="147" />
<SP HEIGHT="48" HPOS="1467" VPOS="3215" WIDTH="32" />
<String CONTENT="company" HEIGHT="47" HPOS="1500" VPOS="3227" WIDTH="279" />
<SP HEIGHT="47" HPOS="1780" VPOS="3227" WIDTH="34" />
<String CONTENT="[" CS="1" />
<String CONTENT="c" HEIGHT="21" HPOS="1832" STYLE="superscript" VPOS="3217" WIDTH="19" />
<String CONTENT="1935]" CS="1" HEIGHT="49" HPOS="1857" VPOS="3215" WIDTH="131" />
</TextLine>
<TextLine CS="1" HEIGHT="50" HPOS="160" STYLEREFS="StyleId-4CF0455C-60A1-4804-B005-2F33E10C2BAB-" VPOS="3285" WIDTH="534">
<String CONTENT="52" HEIGHT="39" HPOS="160" VPOS="3287" WIDTH="54" />
<SP HEIGHT="48" HPOS="215" VPOS="3287" WIDTH="25" />
<String CONTENT="p." HEIGHT="38" HPOS="241" VPOS="3297" WIDTH="42" />
<SP HEIGHT="39" HPOS="284" VPOS="3287" WIDTH="57" />
<String CONTENT="diagrs." HEIGHT="49" HPOS="342" VPOS="3285" WIDTH="177" />
<SP HEIGHT="39" HPOS="520" VPOS="3286" WIDTH="58" />
<String CONTENT="23cm." CS="1" HEIGHT="39" HPOS="579" VPOS="3286" WIDTH="115" />
</TextLine>
<TextLine HEIGHT="53" HPOS="103" VPOS="3338" WIDTH="1811">
<String CONTENT="&#169;" HEIGHT="53" HPOS="103" VPOS="3338" WIDTH="50" />
<SP HEIGHT="53" HPOS="154" VPOS="3338" WIDTH="22" />
<String CONTENT="Apr." HEIGHT="48" HPOS="177" VPOS="3343" WIDTH="110" />
<SP HEIGHT="40" HPOS="288" VPOS="3343" WIDTH="24" />
<String CONTENT="29," HEIGHT="47" HPOS="313" VPOS="3342" WIDTH="69" />
<SP HEIGHT="45" HPOS="383" VPOS="3344" WIDTH="26" />
<String CONTENT="1935;" HEIGHT="46" HPOS="410" VPOS="3343" WIDTH="141" />
<SP HEIGHT="47" HPOS="552" VPOS="3342" WIDTH="26" />
<String CONTENT="2c." HEIGHT="40" HPOS="579" VPOS="3342" WIDTH="66" />
<SP HEIGHT="31" HPOS="646" VPOS="3351" WIDTH="27" />
<String CONTENT="and" HEIGHT="38" HPOS="674" VPOS="3343" WIDTH="94" />
<SP HEIGHT="38" HPOS="769" VPOS="3343" WIDTH="26" />
<String CONTENT="aff." HEIGHT="41" HPOS="796" VPOS="3340" WIDTH="79" />
<SP HEIGHT="38" HPOS="876" VPOS="3341" WIDTH="30" />
<String CONTENT="May" HEIGHT="47" HPOS="907" VPOS="3341" WIDTH="112" />
<SP HEIGHT="47" HPOS="1020" VPOS="3341" WIDTH="26" />
<String CONTENT="3;" HEIGHT="46" HPOS="1047" VPOS="3341" WIDTH="54" />
<SP HEIGHT="47" HPOS="1102" VPOS="3340" WIDTH="28" />
<String CONTENT="A" HEIGHT="39" HPOS="1131" VPOS="3340" WIDTH="41" />
<SP HEIGHT="40" HPOS="1173" VPOS="3340" WIDTH="25" />
<String CONTENT="82903;" HEIGHT="48" HPOS="1199" VPOS="3338" WIDTH="171" />
<SP HEIGHT="47" HPOS="1371" VPOS="3339" WIDTH="29" />
<String CONTENT="Cleveland" HEIGHT="41" HPOS="1401" VPOS="3339" WIDTH="260" />
<SP HEIGHT="39" HPOS="1662" VPOS="3341" WIDTH="26" />
<String CONTENT="trust" HEIGHT="40" HPOS="1689" VPOS="3341" WIDTH="129" />
<SP HEIGHT="39" HPOS="1819" VPOS="3342" WIDTH="28" />
<String CONTENT="co." HEIGHT="31" HPOS="1848" VPOS="3350" WIDTH="66" />
</TextLine>
<TextLine HEIGHT="49" HPOS="177" VPOS="3398" WIDTH="275">
<String CONTENT="(35-15404)" HEIGHT="49" HPOS="177" VPOS="3398" WIDTH="275" />
</TextLine>
<TextLine HEIGHT="67" HPOS="103" STYLEREFS="StyleId-F7832D1B-61F2-4258-9814-27CEF849227E-" VPOS="3499" WIDTH="900">
<String CONTENT="Ayres," HEIGHT="66" HPOS="103" VPOS="3500" WIDTH="204" />
<SP HEIGHT="63" HPOS="308" VPOS="3503" WIDTH="25" />
<String CONTENT="Ruby" HEIGHT="64" HPOS="334" VPOS="3502" WIDTH="175" />
<SP HEIGHT="64" HPOS="510" VPOS="3502" WIDTH="23" />
<String CONTENT="Mildred," HEIGHT="65" HPOS="534" VPOS="3499" WIDTH="267" />
<SP HEIGHT="58" HPOS="802" VPOS="3506" WIDTH="30" />
<String CONTENT="1883-" HEIGHT="51" HPOS="833" VPOS="3504" WIDTH="170" />
</TextLine>
<TextLine CS="1" HEIGHT="149" HPOS="100" STYLEREFS="StyleId-4CF0455C-60A1-4804-B005-2F33E10C2BAB-" VPOS="3574" WIDTH="1975">
<String CONTENT="&#8230;" CS="1" />
<SP HEIGHT="55" HPOS="226" VPOS="3579" WIDTH="36" />
<String CONTENT="Some" HEIGHT="55" HPOS="263" VPOS="3579" WIDTH="164" />
<SP HEIGHT="52" HPOS="428" VPOS="3579" WIDTH="29" />
<String CONTENT="day" HEIGHT="66" HPOS="458" VPOS="3579" WIDTH="112" />
<SP HEIGHT="49" HPOS="571" VPOS="3596" WIDTH="33" />
<String CONTENT="&#8230;" CS="1" />
<SP HEIGHT="56" HPOS="662" VPOS="3575" WIDTH="77" />
<String CONTENT="Garden" HEIGHT="55" HPOS="740" VPOS="3575" WIDTH="230" />
<SP HEIGHT="55" HPOS="971" VPOS="3576" WIDTH="31" />
<String CONTENT="City," HEIGHT="67" HPOS="1003" VPOS="3576" WIDTH="152" />
<SP HEIGHT="65" HPOS="1156" VPOS="3576" WIDTH="30" />
<String CONTENT="N." HEIGHT="53" HPOS="1187" VPOS="3576" WIDTH="69" />
<SP HEIGHT="53" HPOS="1257" VPOS="3576" WIDTH="33" />
<String CONTENT="Y.," HEIGHT="65" HPOS="1291" VPOS="3576" WIDTH="91" />
<SP HEIGHT="65" HPOS="1383" VPOS="3576" WIDTH="29" />
<String CONTENT="Doubleday," HEIGHT="68" HPOS="1413" VPOS="3574" WIDTH="355" />
<SP HEIGHT="64" HPOS="1769" VPOS="3577" WIDTH="30" />
<String CONTENT="Doran" HEIGHT="52" HPOS="1800" VPOS="3577" WIDTH="196" />
<SP HEIGHT="49" HPOS="1997" VPOS="3581" WIDTH="33" />
<String CONTENT="&amp;" HEIGHT="49" HPOS="2031" VPOS="3581" WIDTH="44" />
<SP />
<String CONTENT="company," HEIGHT="51" HPOS="100" VPOS="3672" WIDTH="287" />
<SP HEIGHT="58" HPOS="388" VPOS="3655" WIDTH="25" />
<String CONTENT="inc.," HEIGHT="68" HPOS="414" VPOS="3655" WIDTH="123" />
<SP HEIGHT="63" HPOS="538" VPOS="3660" WIDTH="29" />
<String CONTENT="1935." HEIGHT="50" HPOS="568" VPOS="3659" WIDTH="148" />
</TextLine>
<TextLine CS="1" HEIGHT="50" HPOS="170" VPOS="3726" WIDTH="524">
<String CONTENT="5" HEIGHT="41" HPOS="170" VPOS="3726" WIDTH="26" />
<SP HEIGHT="50" HPOS="197" VPOS="3726" WIDTH="24" />
<String CONTENT="p." HEIGHT="38" HPOS="222" VPOS="3738" WIDTH="43" />
<SP />
<String CONTENT="l.," CS="1" HEIGHT="17" HPOS="327" VPOS="3759" WIDTH="10" />
<SP />
<String CONTENT="292" HEIGHT="41" HPOS="363" VPOS="3727" WIDTH="86" />
<SP HEIGHT="47" HPOS="450" VPOS="3728" WIDTH="24" />
<String CONTENT="p." HEIGHT="37" HPOS="475" VPOS="3738" WIDTH="44" />
<SP HEIGHT="41" HPOS="520" VPOS="3728" WIDTH="57" />
<String CONTENT="20cm." CS="1" HEIGHT="41" HPOS="578" VPOS="3726" WIDTH="116" />
</TextLine>
<TextLine HEIGHT="49" HPOS="170" VPOS="3780" WIDTH="904">
<String CONTENT="At" HEIGHT="41" HPOS="170" VPOS="3783" WIDTH="62" />
<SP HEIGHT="41" HPOS="233" VPOS="3783" WIDTH="24" />
<String CONTENT="head" HEIGHT="44" HPOS="258" VPOS="3783" WIDTH="122" />
<SP HEIGHT="39" HPOS="381" VPOS="3788" WIDTH="27" />
<String CONTENT="of" HEIGHT="40" HPOS="409" VPOS="3784" WIDTH="52" />
<SP HEIGHT="40" HPOS="462" VPOS="3784" WIDTH="24" />
<String CONTENT="title:" HEIGHT="41" HPOS="487" VPOS="3783" WIDTH="134" />
<SP HEIGHT="40" HPOS="622" VPOS="3783" WIDTH="26" />
<String CONTENT="Ruby" HEIGHT="47" HPOS="649" VPOS="3782" WIDTH="141" />
<SP HEIGHT="47" HPOS="791" VPOS="3782" WIDTH="25" />
<String CONTENT="M." HEIGHT="41" HPOS="817" VPOS="3782" WIDTH="61" />
<SP HEIGHT="43" HPOS="879" VPOS="3780" WIDTH="26" />
<String CONTENT="Ayres." HEIGHT="48" HPOS="906" VPOS="3780" WIDTH="168" />
</TextLine>
<TextLine HEIGHT="42" HPOS="171" VPOS="3838" WIDTH="411">
<String CONTENT="&#8220;First" HEIGHT="42" HPOS="171" VPOS="3838" WIDTH="158" />
<SP HEIGHT="38" HPOS="330" VPOS="3842" WIDTH="26" />
<String CONTENT="edition.&#8221;" HEIGHT="42" HPOS="357" VPOS="3838" WIDTH="225" />
</TextLine>
<TextLine HEIGHT="53" HPOS="104" VPOS="3891" WIDTH="1975">
<String CONTENT="&#169;" HEIGHT="52" HPOS="104" VPOS="3891" WIDTH="50" />
<SP HEIGHT="52" HPOS="155" VPOS="3891" WIDTH="28" />
<String CONTENT="Sept." HEIGHT="47" HPOS="184" VPOS="3897" WIDTH="122" />
<SP HEIGHT="38" HPOS="307" VPOS="3897" WIDTH="27" />
<String CONTENT="6," HEIGHT="45" HPOS="335" VPOS="3897" WIDTH="38" />
<SP HEIGHT="45" HPOS="374" VPOS="3897" WIDTH="25" />
<String CONTENT="1935;" HEIGHT="41" HPOS="400" VPOS="3896" WIDTH="139" />
<SP HEIGHT="42" HPOS="540" VPOS="3895" WIDTH="28" />
<String CONTENT="2c." HEIGHT="40" HPOS="569" VPOS="3895" WIDTH="67" />
<SP HEIGHT="28" HPOS="637" VPOS="3906" WIDTH="27" />
<String CONTENT="and" HEIGHT="39" HPOS="665" VPOS="3895" WIDTH="95" />
<SP HEIGHT="38" HPOS="761" VPOS="3895" WIDTH="27" />
<String CONTENT="aff." HEIGHT="40" HPOS="789" VPOS="3893" WIDTH="82" />
<SP HEIGHT="39" HPOS="872" VPOS="3894" WIDTH="29" />
<String CONTENT="Sept." HEIGHT="47" HPOS="902" VPOS="3894" WIDTH="126" />
<SP HEIGHT="39" HPOS="1029" VPOS="3893" WIDTH="28" />
<String CONTENT="16;" HEIGHT="46" HPOS="1058" VPOS="3892" WIDTH="82" />
<SP HEIGHT="45" HPOS="1141" VPOS="3893" WIDTH="29" />
<String CONTENT="A" HEIGHT="38" HPOS="1171" VPOS="3893" WIDTH="40" />
<SP HEIGHT="40" HPOS="1212" VPOS="3892" WIDTH="24" />
<String CONTENT="87011;" HEIGHT="46" HPOS="1237" VPOS="3891" WIDTH="168" />
<SP HEIGHT="45" HPOS="1406" VPOS="3892" WIDTH="30" />
<String CONTENT="Ruby" HEIGHT="49" HPOS="1437" VPOS="3892" WIDTH="139" />
<SP HEIGHT="47" HPOS="1577" VPOS="3894" WIDTH="28" />
<String CONTENT="M." HEIGHT="40" HPOS="1606" VPOS="3894" WIDTH="63" />
<SP HEIGHT="41" HPOS="1670" VPOS="3893" WIDTH="26" />
<String CONTENT="Ayres" HEIGHT="50" HPOS="1697" VPOS="3893" WIDTH="154" />
<SP HEIGHT="40" HPOS="1852" VPOS="3895" WIDTH="27" />
<String CONTENT="Pocock," HEIGHT="49" HPOS="1880" VPOS="3895" WIDTH="199" />
</TextLine>
<TextLine HEIGHT="52" HPOS="171" VPOS="3948" WIDTH="1312">
<String CONTENT="St." HEIGHT="40" HPOS="171" VPOS="3952" WIDTH="64" />
<SP HEIGHT="40" HPOS="236" VPOS="3953" WIDTH="31" />
<String CONTENT="George&#8217;s" HEIGHT="48" HPOS="268" VPOS="3952" WIDTH="221" />
<SP HEIGHT="39" HPOS="490" VPOS="3953" WIDTH="30" />
<String CONTENT="Hill," HEIGHT="46" HPOS="521" VPOS="3952" WIDTH="116" />
<SP HEIGHT="47" HPOS="638" VPOS="3951" WIDTH="36" />
<String CONTENT="Surrey," HEIGHT="48" HPOS="675" VPOS="3951" WIDTH="192" />
<SP HEIGHT="48" HPOS="868" VPOS="3951" WIDTH="31" />
<String CONTENT="England." HEIGHT="47" HPOS="900" VPOS="3949" WIDTH="235" />
<SP HEIGHT="48" HPOS="1136" VPOS="3948" WIDTH="68" />
<String CONTENT="(35-15619)" HEIGHT="49" HPOS="1205" VPOS="3948" WIDTH="278" />
</TextLine>
</TextBlock>
</PrintSpace>
</Page>
</Layout>
</alto>