1561 2631
821 2457 81 29 2052

259 270 115 37 Kaup,
390 269 73 39 Igo.

300 323 228 33 Gestaltlehre
552 324 59 32 des
632 325 113 31 lebens
768 324 72 32 und
863 324 60 32 der
945 335 108 27 rasse;
1078 324 122 40 lösung
1223 325 60 31 der
1305 324 90 32 krise
1417 324 36 32 in

260 369 59 31 der
338 369 147 31 medizin
502 369 71 31 und
591 369 156 41 hygiene,
767 380 65 20 von
853 370 173 40 professor
1045 370 51 31 dr.
1115 371 65 37 Igo
1201 369 113 41 Kaup.
260 368 1179 87 Leipzig,
338 417 34 33 J.
387 417 41 32 A.
445 417 110 31 Barth
573 419 103 37 [1935]

304 468 14 23 1
337 475 26 18 v.

262 506 1195 34 © Apr. 7, 1935; 1c. July 10; A-Foreign 28630; Johann Ambrosins
303 544 101 25 Barth.

261 607 160 40 Kretzer,
437 608 95 38 Max,
552 609 102 32 185A-

344 659 1113 45 … Der rfickfall des doktor Horatius, roman. Leipzig,
263 707 282 43 Rekord-verlag,
562 708 44 33 A.
624 709 254 41 Baumgartner
898 710 116 39 [1935]

300 761 52 25 368
367 767 24 25 p.
428 760 69 27 19cm.

260 798 1198 33 © Oct. 28, 1935; 1c. Dec. 18; A-Foreign 30098; Rekord-verlag, Adolf
308 837 221 30 Baumgartner.
570 836 150 30 (36-3315)

261 900 118 39 Leere,
394 900 140 33 Johann
550 910 80 22 von.

302 955 73 31 Das
391 955 67 31 alte
476 955 119 31 wissen
612 954 69 32 und
698 954 61 32 der
773 965 84 21 neue
873 955 133 41 glaube,
1022 965 66 21 von
1107 954 138 33 Johann
1261 965 66 21 von
1345 955 111 32 Leers.

261 1001 193 39 Hamburg,
470 1000 246 32 Hanseatische
732 1001 263 40 Verlagsanstalt
1013 1001 103 40 [1935]

307 1052 354 30 100 p., 1 l. front. 21
264 1091 1195 34 © June 29, 1935; 1c. Sept 3; A-Foreign 29146; Hanseatische verlags-
305 1130 120 29 anstalt,
442 1136 63 23 a.-g.

262 1192 105 39 Leon,
384 1192 159 36 Derrick.

303 1244 221 40 Wilderness,
556 1243 45 42 by
633 1243 144 34 Derrick
811 1245 100 33 Leon.
968 1245 154 41 London,
1154 1246 53 32 W.
1241 1244 217 33 Heinemann

264 1294 105 40 [1935]

306 1344 14 25 1
339 1351 26 19 v.

265 1382 1194 32 © 1c. July 10, 1935; A ad int. 20388; pubd. May 13: D. Leon, London.
1317 1418 88 26 13077

262 1457 231 39 Lindemann,
508 1456 195 34 Friedrich.

305 1510 73 31 Das
407 1509 186 32 Volksbuch
624 1520 66 21 von
721 1511 175 39 Jolanthe,
927 1521 65 21 von
1025 1511 176 31 Friedrich
1235 1510 225 41 Lindemann,

263 1556 1197 41 August Hinrichs pl. a.j Mit vielen Zeichnungen von Horst
263 1614 66 21 von
351 1602 231 34 Möllendorff.
626 1603 129 39 Berlin,
776 1602 83 33 Drei
881 1603 139 31 masken
1039 1603 128 40 Verlag,
1189 1614 78 30 a.-g.
1293 1605 103 39 [1935]

309 1655 15 24 1
354 1661 24 18 v.

266 1694 1195 32 © Apr. 10, 1935; 1c. July 10; A-Foreign 28404; Drei masken vertag,
309 1739 26 19 a.
354 1739 26 23 g.

264 1794 188 39 Lyttkens,
473 1792 98 35 Alice
588 1792 230 41 (Cronquist)
845 1793 101 32 1897-

347 1846 1113 41 … Ich komme nicht zum abendessen, roman einer ärztin.
266 1895 118 32 Berlin
405 1897 83 39 [etc.]
508 1896 39 32 P.
565 1895 156 41 Zsolnay,
740 1896 90 32 1935.

307 1938 282 31 329, [1] p. 18 ½cm .
309 1973 38 24 At
363 1972 74 25 head
454 1971 32 26 of
500 1972 82 25 title:
599 1972 80 25 Alice
697 1972 150 30 Lyttkens.

310 2007 146 24 “Deutsch
474 2012 57 19 von
546 2006 135 25 Walther
696 2006 140 30 HJalmar
850 2006 120 26 Kotas.”

267 2046 1195 33 © Oct. 3. 1935; 1c. Dec. 18; A-Foreign 30113; Paul Zsolnay vertag,
311 2089 63 22 a.-g.
413 2081 151 30 (36-3306)

266 2142 193 40 Metzeltin,
475 2142 119 34 Erich.

309 2196 64 32 Die
391 2195 206 33 lokomotive
614 2196 101 34 feiert
730 2197 62 31 mit
810 2196 61 32 das
890 2198 60 30 100
966 2194 134 43 Jährige
1115 2197 158 31 bestehen
1290 2197 60 31 der
266 2196 1182 80 deutschen

393 2244 236 40 eisenbahnen,
654 2255 67 21 von
747 2245 50 31 dr.
827 2243 105 33 Erich
958 2244 187 33 Metzeltin.
1191 2245 64 31 Mit
267 2244 1181 86 abbildungen.

388 2291 129 38 Berlin,
531 2292 41 32 V.
587 2292 43 31 D.
645 2291 28 31 I.
688 2290 129 40 Verlag,
830 2302 32 30 g.
878 2303 42 20 m.
936 2291 31 32 b.
981 2291 33 32 h.
1045 2293 90 38 [1935]

310 2340 608 30 4 p. L, 88 p. col. front., illus. 29 ½cm .
270 2381 1194 33 © July 4, 1935; 1c. Oct. 3; A-Foreign 29434; VDI-verlag, g. m. b. h.
