2424 4375
1036 4020 100 50 801

153 468 79 40 251
265 478 41 37 p.
395 466 27 40 19½cm.

83 522 1711 52 © June 14, 1935; 2c. and aff. June 21; A 84382; Macaulay co.
158 580 248 50 (35-8669)

84 683 256 62 Mackey,
369 684 197 51 Frank
593 682 238 65 Joseph,
861 688 169 49 1890-

91 756 1957 133 Forward—march ! … The photographic record of America in
308 837 93 53 the
444 836 179 53 world
665 854 117 37 war
823 837 111 52 and
974 836 96 54 the
1111 842 128 61 post
1280 854 118 35 war
1439 836 172 54 social
1653 835 301 69 upheaval,
1995 836 72 69 by

93 914 183 51 Frank
308 914 55 53 J.
399 913 239 69 Mackey
673 913 111 55 and
820 913 226 53 Marcus
1081 912 221 54 Wilson
1335 914 306 68 Jernegan,
1764 957 10 9 PH.
1848 956 28 25 D.,
87 913 1959 146 advisory

239 991 195 53 editor.
513 990 267 70 Chicago,
809 991 119 54 The
960 990 269 55 Disabled
1260 991 302 54 American
1595 999 257 47 veterans
1882 991 63 54 of
1976 992 96 53 the

90 1069 168 54 world
292 1087 133 50 war,
459 1069 152 68 Dept.
659 1068 62 53 of
750 1066 426 57 rehabilitation
1210 1071 173 66 [1935]

150 1144 25 38 2
233 1175 8 8 v.
293 1144 163 47 front.,
482 1142 142 49 illus.,
649 1145 169 47 plates,
846 1146 162 46 ports.,
1035 1154 150 38 maps.
1243 1144 58 40 34½cm.

152 1201 153 47 Paged
336 1201 354 48 continuously.

151 1258 283 39 Illustrated
463 1256 347 49 lining-papers
838 1258 48 38 in
915 1258 168 39 colors.

152 1314 372 48 Bibliography:
555 1325 43 29 v.
628 1314 40 47 2,
699 1325 43 38 p.
771 1312 100 42 496.

87 1366 49 53 ©
166 1372 127 39 June
322 1371 68 46 11,
421 1370 112 40 1935;
596 1371 67 40 2c.
697 1372 117 40 each
847 1372 91 39 and
973 1370 83 41 aff.
1090 1371 124 39 June
1248 1372 55 39 17;
1365 1372 40 38 A
1442 1371 169 47 84304;
1647 1371 233 40 Disabled
1913 1372 159 39 Amer.

153 1431 223 38 veterans
417 1428 54 40 of
509 1429 84 39 the
632 1429 151 39 world
824 1439 116 35 war,
982 1429 140 46 Dept.
1166 1429 53 39 of
1258 1427 382 41 rehabilitation.
1708 1427 283 50 [Copyright
2032 1429 44 40 is

153 1485 200 40 claimed
381 1496 62 29 on
469 1494 104 30 new
601 1484 292 49 descriptive
920 1487 193 47 matter]
1186 1484 251 50 (35-8607)

86 1585 313 65 Madeleva,
427 1586 182 64 sister,
638 1586 170 55 1887-

158 1661 51 52 A
243 1663 252 66 question
531 1662 63 52 of
627 1662 183 54 lovers
847 1662 111 52 and
994 1662 161 54 other
1192 1679 207 52 poems,
1435 1662 74 69 by
1548 1661 180 55 Sister
1763 1661 78 52 M.
90 1662 1960 131 Madeleva.

299 1740 289 62 Paterson,
620 1739 68 52 N.
723 1740 74 62 J.,
831 1739 83 55 St.
946 1738 274 64 Anthony
1251 1739 164 63 guild
1448 1757 172 45 press,
1655 1742 150 50 1935.

157 1811 524 50 6 p. l., 57 p. 19½cm.
90 1867 1986 53 © May 20, 1935; 2c. and aff. June 7; A 84141; Sister M. Madeleva Wolff
158 1929 50 39 of
231 1929 81 39 the
337 1927 353 49 Congregation
715 1929 52 39 of
791 1930 84 38 the
900 1929 129 47 Holy
1052 1939 147 38 cross,
1226 1929 152 40 Notre
1402 1930 166 46 Dame,
1597 1929 104 40 Ind.

164 1985 247 48 (35-8346)

91 2086 227 66 Magna,
347 2090 135 54 Mrs.
515 2087 182 53 Edith
728 2088 226 65 (Scott)
992 2094 170 49 1885-

152 2161 282 55 Collected
489 2182 172 49 verse,
716 2164 76 68 by
849 2164 181 53 Edith
1090 2162 160 57 Scott
1304 2164 233 68 Magna.
1631 2163 444 68 Northampton,

89 2239 177 69 Mass.,
295 2242 120 52 The
443 2241 350 67 Hampshire
822 2241 309 69 bookshop,
1162 2244 150 50 1934.

154 2313 485 48 5 p. l., 62 p. 20cm.
93 2367 1986 54 © Apr. 3, 1934; 2c. May 25, 1935; aff. May 24; A 83304; Hampshire
160 2429 254 48 bookshop,
446 2430 89 39 inc.
606 2428 251 51 (35-8647)

95 2532 291 64 Marshall,
415 2532 258 53 Thomas
699 2532 306 66 Maitland,
1037 2534 170 54 1876-

155 2608 1922 70 American history, by Thomas M. Marshall … New York,
89 2685 113 52 The
226 2685 331 52 Macmillan
589 2704 295 50 company,
914 2689 150 49 1935.

155 2756 99 49 xiii,
282 2757 98 48 714,
405 2758 36 39 li
467 2768 43 37 p.
570 2757 85 42 col.
682 2757 162 49 front.,
871 2758 141 45 illus.,
1039 2757 85 41 col.
1150 2756 169 48 plates.
1381 2757 145 41 20½cm.

158 2812 289 49 “Reprinted
474 2814 120 40 with
622 2814 292 40 corrections
940 2815 95 39 and
1063 2813 260 46 additions,
1350 2813 140 49 June,
1520 2813 157 41 1935.”

161 2869 343 42 “References”
529 2873 51 38 at
603 2871 91 40 end
719 2870 53 40 of
793 2873 126 38 most
941 2870 52 40 of
1015 2871 82 40 the
1121 2870 241 48 chapters.

96 2923 1756 53 © June 18, 1935; 2c. and aff. June 19; A 84340; Macmillan co.
162 2929 1901 105 [Copyright
315 2986 42 39 is
382 2985 205 40 claimed
611 2996 61 30 on
695 2996 107 30 new
825 2987 192 48 matter]
1090 2984 250 50 (35-8640)

98 3086 256 67 Morgan,
383 3090 163 62 Paul,
577 3090 168 55 1897-

158 3163 178 54 Texas
372 3164 221 53 ballads
633 3166 112 52 and
785 3166 163 51 other
983 3184 201 49 verses,
1222 3165 78 69 by
1336 3166 148 51 Paul
1522 3165 263 69 Morgan.
1859 3164 219 69 Dallas,

94 3238 145 60 Tex.,
269 3242 151 52 Tardy
496 3242 335 69 publishing
861 3261 279 50 company
1193 3245 176 64 [c1934]

161 3311 80 43 173
265 3324 43 38 p.
368 3314 114 41 19cm.

163 3368 363 42 “Introduction
559 3371 158 47 (place
740 3382 166 30 names
932 3372 54 39 of
1008 3370 250 48 Texas)”:
1286 3381 44 38 p.
1359 3370 130 42 9-51.

101 3422 1979 56 © Dec. 20, 1934; 2c. June 5, 1935; aff. June 4; A 83472; Tardy pub. co.
176 3484 245 49 (35-8646)

102 3584 272 56 National
403 3588 278 64 advisory
709 3589 220 53 council
957 3607 72 35 on
1058 3589 164 53 radio
1252 3589 59 51 in
1340 3589 328 54 education.

104 3666 1954 127 … Proceedings of the fourth annual assembly of the National
304 3743 264 66 advisory
597 3745 218 52 council
843 3763 69 33 on
941 3744 162 53 radio
1131 3744 60 52 in
1217 3744 316 67 education,
1561 3746 126 65 inc.,
1718 3747 148 50 1934.
1952 3762 51 34 [v.
2032 3746 48 50 4.

21 3799 13 79 S
106 3816 178 53 Radio
320 3822 111 49 and
467 3821 312 52 education.
853 3822 211 51 Edited
1098 3823 75 64 by
1209 3821 281 66 Levering
1526 3824 209 64 Tyson]
1813 3820 269 68 Chicago,

106 3893 106 62 Ill.,
240 3897 118 51 The
384 3898 333 66 University
745 3898 62 52 of
839 3898 249 68 Chicago
1117 3917 156 48 press
1308 3901 191 63 [c1935]
