2568 4342
1171 4070 63 49 47

190 430 302 65 Schuyler,
520 431 208 63 Henry
755 429 282 63 Clement,
1068 428 171 55 1876-

255 499 1865 75 Mary, Mother most admirable, by Henry C. Schuyler …
188 582 423 68 Philadelphia,
637 583 120 51 The
783 583 167 51 Peter
977 581 192 68 Reilly
1195 597 298 52 company,
1522 582 151 50 1934.

255 655 84 41 173
367 667 44 37 p.
471 655 56 40 19½
559 657 44 21 cm
607 687 8 8 .

193 711 55 52 ©
273 716 111 39 Dec.
413 715 40 46 1,
482 713 140 47 1934;
654 713 66 40 2c.
751 714 96 39 and
877 712 80 40 aff.
989 713 108 39 Jan.
1129 712 39 48 8,
1197 711 141 44 1935;
1371 711 41 39 A
1442 710 169 47 78921;
1645 712 143 39 Peter
1819 711 159 47 Reilly
2008 720 68 30 co.

270 770 220 50 (35-902)

192 874 186 64 Seely,
409 876 151 52 Fred
590 874 67 64 B,
691 879 170 49 1884-

259 951 1927 67 Resistance of materials, by Fred B. Seely … 2d ed. New
190 1031 178 68 York,
391 1031 56 55 J.
472 1029 191 69 Wiley
683 1034 47 49 &
752 1048 146 49 sons,
921 1029 137 68 inc.;
1084 1029 258 67 London,
1366 1029 301 67 Chapman
1691 1031 46 50 &
1760 1029 161 66 Hall,
1945 1027 241 68 limited,

195 1113 147 51 1935.

260 1182 84 48 xii,
374 1182 88 40 436
494 1192 42 37 p.
597 1181 142 48 illus.,
772 1182 178 47 diagrs.
1011 1180 55 40 23½
1099 1182 44 21 cm
1148 1212 8 8 .
1273 1178 130 49 $3.75

195 1236 51 52 ©
273 1241 108 39 Jan.
408 1239 39 47 2,
476 1239 140 47 1935;
646 1238 66 41 2c.
742 1240 95 39 and
864 1238 80 41 aff.
974 1239 109 39 Jan.
1110 1238 54 46 4;
1194 1238 41 39 A
1263 1238 170 46 78853;
1466 1238 50 39 F.
1546 1239 53 37 B.
1632 1237 152 47 Seely,
1815 1237 212 47 Urbana,
2059 1236 74 39 Ill.

270 1295 220 50 (35-961)

192 1399 250 64 Shelley,
471 1400 194 54 Peter.

194 1475 1964 148 Ladies on the loose [by] Peter Shelley. New York, W. Godwin, inc. [ c 1935]
262 1629 86 41 287
377 1640 43 37 p.
509 1627 29 41 19½
567 1630 45 22 cm
616 1658 8 8 .

197 1681 53 52 ©
279 1686 107 39 Jan.
416 1686 68 46 14,
514 1685 141 47 1935;
687 1684 65 41 2c.
785 1686 94 38 and
910 1683 77 40 aff.
1022 1685 108 39 Jan.
1161 1684 82 46 18;
1274 1683 41 39 A
1345 1682 171 46 79250;
1549 1683 218 41 William
1799 1682 215 48 Godwin,
2046 1682 91 40 inc.

274 1741 220 50 (35-940)

193 1846 322 65 Shepherd,
543 1845 223 54 Harold
795 1846 65 56 F.

263 1921 1932 70 Diesel engine design, by Harold F. Shepherd … New York,
195 2002 55 53 J.
275 2002 189 67 Wiley
491 2005 46 50 &
561 2019 146 48 sons,
732 2002 137 59 inc.;
898 2001 258 66 London,
1184 2000 302 68 Chapman
1512 2004 46 50 &
1583 2001 160 66 Hall,
1769 2000 242 67 limited,
2040 2003 151 51 1935.

263 2060 1392 63 2 p. l., iii-vii, 227 p. illus., diagrs. 23½ cm . $3.50
198 2127 51 52 ©
275 2133 108 39 Jan.
409 2133 39 46 3,
475 2130 141 49 1935;
644 2130 66 42 2c.
737 2133 97 39 and
858 2131 82 41 aff.
967 2132 109 40 Jan.
1103 2132 52 46 7;
1185 2132 42 38 A
1251 2130 170 48 79035;
1453 2132 58 38 H.
1541 2131 49 39 F.
1623 2131 261 48 Shepherd.
1912 2130 281 47 Annapolis.

275 2188 249 49 (35-1080)

195 2290 332 67 Sherwood,
555 2292 155 54 John
738 2293 82 64 F.,
851 2296 170 50 1890-

265 2367 243 54 Federal
540 2373 100 48 tax
674 2367 358 70 accounting.
1101 2367 100 54 8th
1235 2367 86 54 ed.
1392 2366 98 54 An
1521 2366 442 69 interpretation
1999 2365 67 56 of
2096 2365 99 54 the

197 2442 1971 150 Revenue act of 1934, by J. F. Sherwood … Cincinnati, Chicago [etc.] South-western publishing company [ c 1934]
267 2594 607 54 2 p. l., 7-383 p. 25½ cm .
268 2651 192 42 Earlier
482 2652 209 40 editions
713 2652 125 40 have
862 2652 136 41 title:
1028 2651 192 41 Income
1245 2652 87 40 tax
1357 2651 304 48 accounting.

201 2705 51 52 ©
285 2710 124 48 Sept.
440 2711 39 39 1.
508 2709 116 41 1934;
679 2710 67 40 2c.
777 2711 95 39 and
902 2710 81 40 aff.
1014 2711 108 39 Jan.
1153 2712 40 46 3,
1222 2709 141 48 1935;
1395 2711 41 38 A
1466 2709 170 49 77996;
1673 2711 383 40 South-western
2087 2711 107 49 pub.

267 2777 67 30 co.
404 2766 250 49 (35-1106)

199 2854 212 67 Smith,
443 2856 334 66 Chetwood,
809 2858 171 54 1873-

270 2933 214 68 Rogers
515 2951 229 51 groups,
775 2935 248 67 thought
1052 2938 45 49 &
1128 2935 265 67 wrought
1421 2935 77 67 by
1526 2936 158 54 John
1713 2935 234 68 Rogers,
1976 2935 76 68 by
2081 2936 112 53 Mr.

202 3013 110 52 and
345 3010 137 56 Mrs.
521 3013 308 54 Chetwood
865 3012 217 67 Smith;
1120 3012 141 53 with
1295 3012 390 53 introduction
1716 3014 77 66 by
1827 3013 270 54 Clarence
2136 3015 56 55 S.

203 3089 1649 68 Brigham … Boston, C. E. Goodspeed & co., 1934.
271 3162 1926 50 6 p. l., 145 p. incl. illus., plates, facsims. front., plates, ports. 26½ cm .
272 3220 169 40 Issued
469 3220 49 40 in
547 3230 124 33 case.

275 3277 90 40 “Of
401 3277 101 40 this
535 3278 123 40 book
693 3278 93 40 five
819 3277 222 41 hundred
1077 3279 95 39 and
1208 3277 244 49 sixty-five
1489 3277 160 50 copies
1686 3280 127 39 have
1846 3278 119 41 been
2001 3277 196 51 printed

203 3333 59 47 by
291 3333 80 41 the
402 3334 152 40 Davis
583 3345 149 37 press,
763 3335 53 40 of
843 3335 288 48 Worcester,
1161 3336 402 40 Massachusetts.
1623 3335 214 48 Regular
1869 3334 184 43 edition
2085 3337 113 40 four

204 3389 217 41 hundred
444 3392 96 39 and
562 3394 80 38 ten
667 3391 400 49 copies—special
1089 3391 185 41 edition
1298 3401 88 32 one
1410 3393 221 40 hundred
1655 3393 96 40 and
1775 3391 223 49 fifty-five
2022 3391 175 51 copies,

205 3446 1991 51 of which only one hundred copies are for sale. This is … the special
205 3503 193 41 edition.
454 3504 340 41 Unnumbered
824 3515 120 38 copy
968 3505 79 41 for
1077 3507 81 39 the
1186 3505 265 49 Copyright
1479 3505 175 42 office.”

275 3559 368 44 “Genealogies”:
702 3573 43 37 p.
794 3561 231 51 [137]-140.

209 3610 50 52 ©
287 3617 115 39 Nov.
433 3617 69 48 20,
532 3617 115 41 1934;
704 3618 65 40 2c.
802 3619 111 39 Dec.
944 3618 82 47 29;
1059 3618 79 41 aff.
1172 3620 108 39 Jan.
1311 3620 69 46 21,
1412 3619 140 48 1935;
1585 3620 42 39 A
1658 3619 169 48 77964;
1861 3621 62 39 M.
1956 3621 48 40 C.
2041 3619 159 42 Smith

274 3675 94 38 and
402 3675 260 39 Chetwood
698 3675 170 46 Smith,
901 3676 287 47 Worcester,
1225 3677 146 39 Mass.
1442 3676 221 48 (35-932)

206 3759 214 67 Thrall,
448 3763 236 54 Miriam
713 3765 260 54 Mulford
1003 3767 186 55 Hunt.

279 3837 319 57 Rebellious
638 3843 278 66 Fraser’s;
960 3843 88 52 No1
1112 3842 238 54 Yorke’s
1389 3844 294 67 magazine
1720 3841 60 52 in
1818 3845 95 50 the
1953 3844 140 66 days
2132 3843 63 54 of

211 3913 255 69 Maginn,
506 3919 349 68 Thackeray,
897 3921 112 51 and
1053 3920 247 68 Carlyle,
1340 3922 76 66 by
1455 3921 236 53 Miriam
1730 3922 80 52 M.
1853 3923 77 51 H.
1975 3922 218 52 Thrall.

211 3989 134 56 New
370 3994 177 64 York,
575 3997 298 54 Columbia
900 3996 318 62 university
1243 4016 173 42 press,
1444 4003 148 50 1934.
