2424 4375
1234 4062 135 49 1846

734 490 1579 53 CONTENTS. — A viewpoint. — Interpretative speech. — Constructive
314 551 249 49 speech.—
563 550 103 41 The
692 550 273 41 mechanics
994 548 55 41 of
1074 548 186 49 speech.

318 620 53 53 ©
398 625 111 40 Dec.
541 624 68 48 16,
637 623 140 47 1935;
808 623 67 40 2c.
906 624 111 38 Dec.
1048 622 82 47 18;
1164 621 83 41 aff.
1277 622 112 39 Dec.
1419 621 82 47 23;
1535 622 42 39 A
1605 620 171 48 88823;
1808 620 298 49 Expression
2134 630 69 32 co.

396 680 221 48 (36-121)

318 785 204 64 Gould,
549 787 139 52 Mrs.
718 786 151 54 Cora
898 783 257 67 (Smith)

318 860 1990 147 Winged journeys [ by] Cora Smith Gould. Jersey City, Priv. print., The author, 1935.
386 1010 28 41 9
438 1021 43 38 p.
544 1042 10 16 l.,
580 1009 87 42 136
691 1021 43 38 p.
793 1009 149 42 front.
971 1008 173 50 (port.)
1179 1008 170 50 plates.
1409 1008 56 41 24
1468 1011 44 22 cm
1517 1042 8 8 .

388 1068 184 40 Poems.

318 1124 53 53 ©
401 1129 117 39 Nov.
550 1127 70 48 25,
650 1126 142 47 1935;
824 1127 66 39 2c.
921 1126 119 40 Nov.
1070 1125 84 47 30;
1186 1125 83 40 aff.
1300 1126 110 39 Dec.
1442 1124 82 46 13;
1558 1126 40 38 A
1631 1125 169 47 88787;
1835 1125 49 41 C.
1920 1125 44 41 S.
1998 1125 170 50 Gould,
2200 1125 116 42 New

386 1185 145 40 York.
602 1182 222 50 (36-134)

319 1287 296 67 Gouraud,
647 1287 242 65 Alcime,
925 1288 110 66 bp.,
1067 1289 325 51 1856-1928.

387 1369 57 50 A
472 1372 195 47 return
695 1373 59 46 to
782 1366 93 51 the
903 1364 278 54 novitiate;
1239 1364 310 67 principles
1577 1364 64 53 of
1668 1365 94 52 the
1791 1365 270 66 religious
2089 1365 123 67 life,
2240 1366 74 68 by

318 1442 1996 69 Monseigneur Alcime Gouraud … translated and adapted from
318 1524 96 52 the
441 1522 222 52 French
690 1522 74 66 by
788 1520 160 55 Julia
975 1523 65 50 T.
1068 1520 109 52 and
1206 1519 284 55 Gertrude
1517 1521 62 52 L.
1610 1520 296 55 Callahan.
1971 1522 137 53 New
2136 1522 179 67 York,

320 1603 64 49 P.
411 1602 56 50 J.
495 1599 240 65 Kenedy
760 1602 46 49 &
829 1617 127 33 sons
989 1631 12 33 [
1006 1604 18 21 c
1031 1600 131 49 1935
1169 1631 12 33 ]

391 1672 97 46 xiv,
519 1670 89 42 289
634 1681 41 37 p.
735 1670 56 39 21
795 1671 44 22 cm
843 1701 9 9 .

390 1728 295 48 “Suggested
717 1726 228 47 reading”
979 1729 52 37 at
1062 1727 92 39 end
1185 1725 51 40 of
1268 1727 118 39 each
1419 1726 212 47 chapter.

321 1782 53 53 ©
406 1787 118 39 Nov.
557 1785 70 47 20,
662 1783 141 47 1935;
839 1784 66 40 2c.
938 1784 119 39 Nov.
1090 1782 55 39 22;
1211 1783 81 41 aff.
1328 1783 118 40 Nov.
1480 1783 83 47 21;
1600 1784 41 38 A
1676 1783 169 47 88337;
1883 1784 49 40 P.
1967 1785 42 39 J.
2045 1785 203 47 Kenedy
2281 1785 38 41 &

402 1853 126 29 sons.
599 1841 192 49 (36-37)

320 1944 178 65 Gray,
528 1942 257 57 William
814 1944 185 63 Scott,
1033 1945 169 53 1885-
1415 1944 84 52 ed.

317 2019 1997 136 … The academic and professional preparation of secondary-school
546 2096 1707 73 teachers, compiled and edited by William S. Gray …
320 2177 269 68 Chicago,
617 2177 115 65 Ill.,
761 2176 121 52 The
910 2175 336 69 University
1278 2175 64 53 of
1372 2174 251 70 Chicago
1654 2194 155 50 press
1846 2180 171 64 [1935]

390 2251 65 47 ix,
486 2252 86 40 233
603 2261 43 38 p.
707 2250 129 40 illus.
878 2249 160 49 (map)
1107 2249 55 41 23
1166 2253 16 20 cm
1216 2281 8 9 .
1295 2248 345 50 (Proceedings
1667 2250 52 41 of
1752 2252 79 39 the
1863 2250 234 42 Institute
2128 2252 79 40 for
369 2254 1927 94 administrative

681 2306 184 42 officers
895 2306 54 41 of
978 2305 172 49 higher
1181 2305 322 50 institutions,
1534 2306 128 42 1935.
1725 2308 89 41 vol.
1847 2309 96 46 vu)

391 2362 513 49 Photolithographed.

321 2416 53 53 ©
406 2421 117 39 Nov.
557 2421 39 47 5,
630 2419 141 48 1935;
805 2419 67 40 2c.
905 2420 100 39 and.
1033 2418 83 41 aff.
1150 2420 111 38 Dec.
1296 2418 55 39 16;
1414 2419 39 39 A
1484 2418 170 49 89885;
1692 2420 282 49 University
2007 2422 54 40 of
2092 2421 223 49 Chicago,

391 2477 223 49 Chicago.
685 2476 191 48 (36-65)

322 2579 253 65 Greifer,
604 2579 110 56 Eli.

454 2654 1858 71 … R lyrics for the lovelorn; poetic prescriptions … by Eli
321 2733 1302 67 Greifer … New York, R. Vallon [ c 1935]
390 2806 84 47 vii,
503 2806 55 49 [1]
587 2816 58 37 p.,
674 2806 26 38 1
764 2837 8 16 l.,
801 2804 147 41 11-60
972 2816 41 37 p.
1068 2804 55 39 21½
1156 2806 45 22 cm
1204 2835 8 8 .

390 2864 66 39 At
481 2863 124 39 head
634 2861 53 40 of
713 2861 109 40 title:
878 2861 103 40 The
1007 2863 109 38 love
1142 2861 156 40 clinic.

323 2914 53 53 ©
407 2920 110 39 Dec.
550 2918 68 47 13,
651 2918 139 42 1935;
824 2918 65 39 2c.
923 2918 96 39 and
1049 2917 82 40 aff.
1162 2918 111 39 Dec.
1306 2917 81 47 27;
1422 2918 40 39 A
1492 2916 171 49 90626;
1699 2920 51 39 E.
1786 2918 206 49 Greifer,
2021 2920 118 39 New
2170 2919 144 42 York.

406 2974 221 49 (36-119)

322 3078 236 64 Griggs,
590 3079 252 53 Edward
872 3079 274 62 Howard,
1180 3081 169 51 1868-

392 3155 140 52 Earl
586 3155 244 63 Barnes;
885 3175 31 34 a
968 3153 326 54 life-sketch
1348 3155 109 52 and
1512 3174 71 34 an
1637 3156 248 65 address,
1937 3156 75 67 by
2061 3156 251 53 Edward

320 3233 258 52 Howard
638 3231 230 69 Griggs.
946 3231 604 68 Croton-on-Hudson,
1608 3233 67 51 N.
1739 3232 89 67 Y.,
1886 3232 262 55 Orchard
2207 3234 105 53 hill

322 3329 173 49 press,
523 3313 151 50 1935.

393 3384 55 40 74
475 3394 43 37 p.
577 3384 149 39 front.
766 3382 170 49 (port.)
1001 3382 144 41 18½cm.

395 3439 132 40 “List
557 3440 52 38 of
638 3438 323 48 publications
992 3440 60 47 by
1082 3440 113 38 Earl
1227 3437 242 41 Barnes”:
1501 3450 42 37 p.
1576 3439 156 40 71-74.

323 3491 53 53 ©
405 3497 116 38 Nov.
552 3495 69 47 25,
651 3495 140 47 1935;
823 3496 65 39 2c.
920 3496 111 39 Dec.
1063 3496 53 46 5;
1148 3495 82 41 aff.
1258 3495 118 40 Nov.
1406 3494 56 40 30;
1523 3496 38 38 A
1593 3495 169 47 89716;
1797 3496 218 40 Orchard
2044 3496 88 39 hill
2162 3505 147 40 press.

402 3552 191 49 (36-66)

323 3651 238 64 Guptill,
591 3654 231 52 Arthur
851 3653 310 64 Leighton,
1195 3659 169 49 1891-

394 3729 171 53 Color
604 3730 61 51 in
707 3730 296 72 sketching
1045 3730 113 52 and
1200 3731 321 65 rendering,
1562 3731 74 65 by
1676 3730 224 57 Arthur
1941 3733 62 50 L.
2048 3729 255 67 Guptill;

320 3807 388 51 introduction
742 3808 74 65 by
850 3810 54 52 J.
941 3808 185 64 Floyd
1161 3808 232 51 Yewell.
1464 3810 137 50 New
1637 3808 177 64 York,
1850 3807 283 52 Reinhold
322 3808 1960 139 publishing
564 3901 295 48 company,
890 3887 148 49 1935.

390 3954 101 41 xiii,
524 3955 69 48 [3].
619 3955 85 39 348
730 3966 56 35 p.,
816 3955 16 38 1
902 3987 7 16 l.,
938 3955 234 40 xix-xxiv
1197 3965 40 38 p.
1295 3954 126 41 illus.
1452 3954 135 49 (part
1612 3954 111 48 col.)
1786 3953 145 41 30½cm.
