<alto xmlns="http://www.loc.gov/standards/alto/ns-v3#" xmlns:xsi="http://www.w3.org/2001/XMLSchema-instance" xsi:schemaLocation="http://www.loc.gov/standards/alto/ns-v3# http://www.loc.gov/alto/v3/alto-3-0.xsd"><Description>
<MeasurementUnit>pixel</MeasurementUnit>
<sourceImageInformation>
<fileName>1935_v32_Part1.pdf</fileName>
</sourceImageInformation>
<OCRProcessing ID="IdOcr">
<ocrProcessingStep>
<processingDateTime>2019-01-15</processingDateTime>
<processingSoftware>
<softwareCreator>ABBYY</softwareCreator>
<softwareName>ABBYY Recognition Server</softwareName>
<softwareVersion>4.0</softwareVersion>
</processingSoftware>
</ocrProcessingStep>
</OCRProcessing>
</Description>
<Styles>
<ParagraphStyle ALIGN="Left" FIRSTLINE="0." ID="StyleId-FFFFFFFF-FFFF-FFFF-FFFF-FFFFFFFFFFFF-" LEFT="0." RIGHT="0." />
<ParagraphStyle ALIGN="Left" FIRSTLINE="0." ID="StyleId-09A13A44-4F77-4ABE-84F3-84CC8B3C72CE-" LEFT="0." LINESPACE="7.699999809" RIGHT="0." />
<ParagraphStyle ALIGN="Left" FIRSTLINE="-10." ID="StyleId-1F945060-F8CD-4435-B69A-5FF49DB0C586-" LEFT="0." LINESPACE="12.19999981" RIGHT="0." />
<ParagraphStyle ALIGN="Block" FIRSTLINE="-14." ID="StyleId-C6CAE747-F5A4-4D0D-8D74-D452DA7E2C1C-" LEFT="0." LINESPACE="8.350000381" RIGHT="0." />
<ParagraphStyle ALIGN="Left" FIRSTLINE="0." ID="StyleId-FC0F3374-189A-459E-BE29-2DC14180F022-" LEFT="0." RIGHT="0." />
<ParagraphStyle ALIGN="Left" FIRSTLINE="-12." ID="StyleId-49397C49-A894-4B3E-BA5E-1126226BA375-" LEFT="0." LINESPACE="11.09000015" RIGHT="0." />
<ParagraphStyle ALIGN="Block" FIRSTLINE="-14." ID="StyleId-9E34DD3A-E661-48BD-A3A1-6A3D48346F00-" LEFT="0." LINESPACE="11.09000015" RIGHT="0." />
<ParagraphStyle ALIGN="Left" FIRSTLINE="0." ID="StyleId-56CE54AA-A08B-4BAA-8605-F26020A0E36E-" LEFT="0." LINESPACE="9.399999619" RIGHT="0." />
<ParagraphStyle ALIGN="Left" FIRSTLINE="-11." ID="StyleId-77814FFC-C42F-4AA9-9880-EF33B947DEC8-" LEFT="0." LINESPACE="11.06999969" RIGHT="0." />
<ParagraphStyle ALIGN="Center" FIRSTLINE="0." ID="StyleId-FDE92EC0-67DC-4C7B-8A24-094B12C38B6C-" LEFT="0." LINESPACE="11.30000019" RIGHT="0." />
<ParagraphStyle ALIGN="Left" FIRSTLINE="0." ID="StyleId-65180E3B-4C93-4FB8-81EE-E026DD63DBF3-" LEFT="0." LINESPACE="11.10000038" RIGHT="0." />
<ParagraphStyle ALIGN="Left" FIRSTLINE="0." ID="StyleId-10E885C2-5813-4620-B0AA-0FBA30CF7A32-" LEFT="0." LINESPACE="9.5" RIGHT="0." />
<ParagraphStyle ALIGN="Left" FIRSTLINE="0." ID="StyleId-913C2DB5-9F02-4067-BAF7-0AED37B60BBE-" LEFT="0." LINESPACE="6.099999905" RIGHT="0." />
<ParagraphStyle ALIGN="Left" FIRSTLINE="0." ID="StyleId-9C79A9D2-8F08-4A8F-985D-B00E253ED1E5-" LEFT="0." LINESPACE="4.400000095" RIGHT="0." />
<ParagraphStyle ALIGN="Left" FIRSTLINE="0." ID="StyleId-A41F0407-FEFE-4738-9EC5-E05AFFF62781-" LEFT="0." LINESPACE="7.300000191" RIGHT="0." />
<ParagraphStyle ALIGN="Left" FIRSTLINE="0." ID="StyleId-61D37176-94E8-408D-9B87-01C406CE8AB2-" LEFT="0." LINESPACE="8.050000191" RIGHT="0." />
</Styles>
<Layout>
<Page HEIGHT="4375" ID="Page1248" PHYSICAL_IMG_NR="1248" WIDTH="2424">
<TopMargin HEIGHT="456" HPOS="0" VPOS="0" WIDTH="2424">
</TopMargin>
<LeftMargin HEIGHT="3696" HPOS="0" VPOS="456" WIDTH="306">
</LeftMargin>
<RightMargin HEIGHT="3696" HPOS="2349" VPOS="456" WIDTH="75">
</RightMargin>
<BottomMargin HEIGHT="223" HPOS="0" VPOS="4152" WIDTH="2424">
</BottomMargin>
<PrintSpace HEIGHT="3696" HPOS="306" VPOS="456" WIDTH="2043">
<TextBlock HEIGHT="72" HPOS="1236" ID="Page1248_Block1" LANG="en-US" STYLEREFS="StyleId-A3956E26-42CF-4BCB-8BF9-0519D9F5B77F-" VPOS="4080" WIDTH="156">
<TextLine HEIGHT="51" HPOS="1246" VPOS="4091" WIDTH="135">
<String CONTENT="1248" HEIGHT="51" HPOS="1246" VPOS="4091" WIDTH="135" />
</TextLine>
</TextBlock>
<TextBlock CS="1" HEIGHT="3632" HPOS="306" ID="Page1248_Block2" LANG="en-US" STYLEREFS="StyleId-BBDBE376-EF4C-4309-B958-B2A5FD4AFCF6-" VPOS="456" WIDTH="2043">
<TextLine CS="1" HEIGHT="50" HPOS="387" VPOS="538" WIDTH="721">
<String CONTENT="30," HEIGHT="48" HPOS="387" VPOS="538" WIDTH="71" />
<SP HEIGHT="30" HPOS="459" VPOS="558" WIDTH="29" />
<String CONTENT="[2]" HEIGHT="49" HPOS="489" VPOS="539" WIDTH="54" />
<SP HEIGHT="38" HPOS="544" VPOS="550" WIDTH="27" />
<String CONTENT="p." HEIGHT="37" HPOS="572" VPOS="550" WIDTH="43" />
<SP HEIGHT="30" HPOS="616" VPOS="549" WIDTH="54" />
<String CONTENT="col." HEIGHT="40" HPOS="671" VPOS="540" WIDTH="85" />
<SP HEIGHT="40" HPOS="757" VPOS="540" WIDTH="24" />
<String CONTENT="illus." HEIGHT="41" HPOS="782" VPOS="540" WIDTH="127" />
<SP HEIGHT="40" HPOS="910" VPOS="541" WIDTH="51" />
<String CONTENT="24&#189;" CS="1" HEIGHT="38" HPOS="962" VPOS="541" WIDTH="57" />
<String CONTENT="cm" HEIGHT="22" HPOS="1051" STYLE="superscript" VPOS="543" WIDTH="45" />
<String CONTENT="." HEIGHT="10" HPOS="1099" VPOS="573" WIDTH="9" />
</TextLine>
<TextLine HEIGHT="52" HPOS="387" VPOS="594" WIDTH="691">
<String CONTENT="Illustrated" HEIGHT="43" HPOS="387" VPOS="594" WIDTH="287" />
<SP HEIGHT="39" HPOS="675" VPOS="597" WIDTH="41" />
<String CONTENT="lining-papers." HEIGHT="50" HPOS="717" VPOS="596" WIDTH="361" />
</TextLine>
<TextLine HEIGHT="51" HPOS="388" VPOS="651" WIDTH="433">
<String CONTENT="&#8220;Lithographed.&#8221;" HEIGHT="51" HPOS="388" VPOS="651" WIDTH="433" />
</TextLine>
<TextLine HEIGHT="50" HPOS="388" VPOS="708" WIDTH="586">
<String CONTENT="&#8220;Junior" HEIGHT="42" HPOS="388" VPOS="708" WIDTH="202" />
<SP HEIGHT="38" HPOS="591" VPOS="720" WIDTH="26" />
<String CONTENT="press" HEIGHT="38" HPOS="618" VPOS="720" WIDTH="136" />
<SP HEIGHT="40" HPOS="755" VPOS="710" WIDTH="29" />
<String CONTENT="books.&#8221;" HEIGHT="42" HPOS="785" VPOS="709" WIDTH="189" />
</TextLine>
<TextLine HEIGHT="53" HPOS="319" VPOS="776" WIDTH="1987">
<String CONTENT="&#169;" HEIGHT="53" HPOS="319" VPOS="776" WIDTH="53" />
<SP HEIGHT="53" HPOS="373" VPOS="776" WIDTH="22" />
<String CONTENT="Aug." HEIGHT="47" HPOS="396" VPOS="781" WIDTH="120" />
<SP HEIGHT="40" HPOS="517" VPOS="781" WIDTH="26" />
<String CONTENT="1," HEIGHT="45" HPOS="544" VPOS="781" WIDTH="39" />
<SP HEIGHT="45" HPOS="584" VPOS="781" WIDTH="25" />
<String CONTENT="1935;" HEIGHT="46" HPOS="610" VPOS="780" WIDTH="140" />
<SP HEIGHT="47" HPOS="751" VPOS="779" WIDTH="28" />
<String CONTENT="2c." HEIGHT="41" HPOS="780" VPOS="779" WIDTH="67" />
<SP HEIGHT="40" HPOS="848" VPOS="781" WIDTH="28" />
<String CONTENT="Sept." HEIGHT="47" HPOS="877" VPOS="781" WIDTH="128" />
<SP HEIGHT="39" HPOS="1006" VPOS="781" WIDTH="26" />
<String CONTENT="16;" HEIGHT="47" HPOS="1033" VPOS="780" WIDTH="81" />
<SP HEIGHT="36" HPOS="1115" VPOS="791" WIDTH="31" />
<String CONTENT="aff." HEIGHT="41" HPOS="1147" VPOS="779" WIDTH="82" />
<SP HEIGHT="40" HPOS="1230" VPOS="781" WIDTH="29" />
<String CONTENT="Sept." HEIGHT="48" HPOS="1260" VPOS="781" WIDTH="127" />
<SP HEIGHT="39" HPOS="1388" VPOS="782" WIDTH="27" />
<String CONTENT="13;" HEIGHT="45" HPOS="1416" VPOS="782" WIDTH="81" />
<SP HEIGHT="45" HPOS="1498" VPOS="782" WIDTH="29" />
<String CONTENT="A" HEIGHT="38" HPOS="1528" VPOS="782" WIDTH="41" />
<SP HEIGHT="40" HPOS="1570" VPOS="782" WIDTH="27" />
<String CONTENT="87004;" HEIGHT="48" HPOS="1598" VPOS="781" WIDTH="169" />
<SP HEIGHT="46" HPOS="1768" VPOS="783" WIDTH="29" />
<String CONTENT="Albert" HEIGHT="39" HPOS="1798" VPOS="783" WIDTH="167" />
<SP HEIGHT="39" HPOS="1966" VPOS="784" WIDTH="26" />
<String CONTENT="Whitman" HEIGHT="41" HPOS="1993" VPOS="782" WIDTH="252" />
<SP HEIGHT="41" HPOS="2246" VPOS="784" WIDTH="23" />
<String CONTENT="&amp;" HEIGHT="41" HPOS="2270" VPOS="784" WIDTH="36" />
</TextLine>
<TextLine HEIGHT="50" HPOS="387" VPOS="836" WIDTH="417">
<String CONTENT="co." HEIGHT="30" HPOS="387" VPOS="848" WIDTH="67" />
<SP HEIGHT="47" HPOS="455" VPOS="838" WIDTH="68" />
<String CONTENT="(35-16050)" HEIGHT="50" HPOS="524" VPOS="836" WIDTH="280" />
</TextLine>
<TextLine HEIGHT="67" HPOS="320" STYLEREFS="StyleId-31DF7503-7092-4E42-8E64-4EB468A4F815-" VPOS="939" WIDTH="1162">
<String CONTENT="Hurley," HEIGHT="65" HPOS="320" VPOS="939" WIDTH="243" />
<SP HEIGHT="62" HPOS="564" VPOS="942" WIDTH="27" />
<String CONTENT="Mrs." HEIGHT="51" HPOS="592" VPOS="942" WIDTH="137" />
<SP HEIGHT="52" HPOS="730" VPOS="940" WIDTH="28" />
<String CONTENT="Beatrice" HEIGHT="53" HPOS="759" VPOS="940" WIDTH="271" />
<SP HEIGHT="54" HPOS="1031" VPOS="940" WIDTH="26" />
<String CONTENT="Jane" HEIGHT="54" HPOS="1058" VPOS="940" WIDTH="147" />
<SP HEIGHT="65" HPOS="1206" VPOS="941" WIDTH="30" />
<String CONTENT="(Davis)" HEIGHT="66" HPOS="1237" VPOS="940" WIDTH="245" />
</TextLine>
<TextLine CS="1" HEIGHT="70" HPOS="389" STYLEREFS="StyleId-BAEBAABB-8E8A-457C-B2A4-6C91EB58FED4-" VPOS="1014" WIDTH="1918">
<String CONTENT="School" HEIGHT="56" HPOS="389" VPOS="1014" WIDTH="205" />
<SP HEIGHT="54" HPOS="595" VPOS="1014" WIDTH="30" />
<String CONTENT="boys" HEIGHT="69" HPOS="626" VPOS="1015" WIDTH="138" />
<SP HEIGHT="37" HPOS="765" VPOS="1033" WIDTH="30" />
<String CONTENT="of" HEIGHT="54" HPOS="796" VPOS="1014" WIDTH="64" />
<SP HEIGHT="53" HPOS="861" VPOS="1014" WIDTH="27" />
<String CONTENT="long" HEIGHT="70" HPOS="889" VPOS="1014" WIDTH="138" />
<SP HEIGHT="51" HPOS="1028" VPOS="1033" WIDTH="29" />
<String CONTENT="ago" HEIGHT="52" HPOS="1058" VPOS="1032" WIDTH="105" />
<SP HEIGHT="36" HPOS="1164" VPOS="1034" WIDTH="38" />
<String CONTENT="&#8230;" CS="1" />
<SP HEIGHT="54" HPOS="1261" VPOS="1016" WIDTH="35" />
<String CONTENT="by" HEIGHT="68" HPOS="1297" VPOS="1016" WIDTH="73" />
<SP HEIGHT="69" HPOS="1371" VPOS="1015" WIDTH="32" />
<String CONTENT="Beatrice" HEIGHT="55" HPOS="1404" VPOS="1015" WIDTH="258" />
<SP HEIGHT="54" HPOS="1663" VPOS="1016" WIDTH="32" />
<String CONTENT="D." HEIGHT="52" HPOS="1696" VPOS="1016" WIDTH="70" />
<SP HEIGHT="53" HPOS="1767" VPOS="1016" WIDTH="32" />
<String CONTENT="Hurley" HEIGHT="68" HPOS="1800" VPOS="1016" WIDTH="223" />
<SP HEIGHT="50" HPOS="2024" VPOS="1034" WIDTH="31" />
<String CONTENT="and" HEIGHT="53" HPOS="2056" VPOS="1017" WIDTH="111" />
<SP HEIGHT="54" HPOS="2168" VPOS="1016" WIDTH="32" />
<String CONTENT="Ina" HEIGHT="53" HPOS="2201" VPOS="1016" WIDTH="106" />
</TextLine>
<TextLine CS="1" HEIGHT="73" HPOS="320" STYLEREFS="StyleId-BAEBAABB-8E8A-457C-B2A4-6C91EB58FED4-" VPOS="1090" WIDTH="1987">
<String CONTENT="C." HEIGHT="57" HPOS="320" LANG="la" VPOS="1090" WIDTH="62" />
<SP HEIGHT="57" HPOS="383" VPOS="1090" WIDTH="37" />
<String CONTENT="Sartorius;" HEIGHT="70" HPOS="421" LANG="la" VPOS="1090" WIDTH="321" />
<SP HEIGHT="69" HPOS="743" VPOS="1091" WIDTH="37" />
<String CONTENT="illustrated" HEIGHT="56" HPOS="781" LANG="en-US" VPOS="1091" WIDTH="324" />
<SP HEIGHT="53" HPOS="1106" VPOS="1092" WIDTH="33" />
<String CONTENT="by" HEIGHT="68" HPOS="1140" LANG="en-US" VPOS="1093" WIDTH="76" />
<SP HEIGHT="69" HPOS="1217" VPOS="1092" WIDTH="36" />
<String CONTENT="Henry" HEIGHT="70" HPOS="1254" LANG="en-US" VPOS="1092" WIDTH="201" />
<SP HEIGHT="71" HPOS="1456" VPOS="1091" WIDTH="33" />
<String CONTENT="Rood," HEIGHT="71" HPOS="1490" LANG="en-US" VPOS="1091" WIDTH="181" />
<SP HEIGHT="71" HPOS="1672" VPOS="1091" WIDTH="34" />
<String CONTENT="jr." HEIGHT="70" HPOS="1707" LANG="en-US" VPOS="1091" WIDTH="72" />
<SP HEIGHT="12" HPOS="1780" VPOS="1136" WIDTH="39" />
<String CONTENT="&#8230;" CS="1" LANG="en-US" />
<SP HEIGHT="54" HPOS="1879" VPOS="1093" WIDTH="76" />
<String CONTENT="New" HEIGHT="55" HPOS="1956" LANG="en-US" VPOS="1093" WIDTH="136" />
<SP HEIGHT="54" HPOS="2093" VPOS="1093" WIDTH="37" />
<String CONTENT="York," HEIGHT="70" HPOS="2131" LANG="en-US" VPOS="1093" WIDTH="176" />
</TextLine>
<TextLine HEIGHT="70" HPOS="317" STYLEREFS="StyleId-BAEBAABB-8E8A-457C-B2A4-6C91EB58FED4-" VPOS="1169" WIDTH="796">
<String CONTENT="T." HEIGHT="54" HPOS="317" VPOS="1169" WIDTH="65" />
<SP HEIGHT="54" HPOS="383" VPOS="1169" WIDTH="27" />
<String CONTENT="Nelson" HEIGHT="55" HPOS="411" VPOS="1169" WIDTH="209" />
<SP HEIGHT="35" HPOS="621" VPOS="1188" WIDTH="27" />
<String CONTENT="and" HEIGHT="55" HPOS="649" VPOS="1170" WIDTH="114" />
<SP HEIGHT="55" HPOS="764" VPOS="1170" WIDTH="24" />
<String CONTENT="sons," HEIGHT="51" HPOS="789" VPOS="1188" WIDTH="144" />
<SP HEIGHT="67" HPOS="934" VPOS="1172" WIDTH="27" />
<String CONTENT="1935." HEIGHT="51" HPOS="962" VPOS="1172" WIDTH="151" />
</TextLine>
<TextLine CS="1" HEIGHT="49" HPOS="385" VPOS="1244" WIDTH="1351">
<String CONTENT="2" HEIGHT="39" HPOS="385" VPOS="1244" WIDTH="29" />
<SP HEIGHT="40" HPOS="415" VPOS="1244" WIDTH="20" />
<String CONTENT="v." HEIGHT="29" HPOS="436" VPOS="1256" WIDTH="43" />
<SP HEIGHT="41" HPOS="480" VPOS="1244" WIDTH="51" />
<String CONTENT="fronts.," HEIGHT="48" HPOS="532" VPOS="1244" WIDTH="190" />
<SP HEIGHT="48" HPOS="723" VPOS="1244" WIDTH="26" />
<String CONTENT="illus." HEIGHT="41" HPOS="750" VPOS="1244" WIDTH="128" />
<SP HEIGHT="41" HPOS="879" VPOS="1244" WIDTH="51" />
<String CONTENT="19&#189;" CS="1" HEIGHT="41" HPOS="931" VPOS="1244" WIDTH="56" />
<String CONTENT="cm" HEIGHT="22" HPOS="1019" STYLE="superscript" VPOS="1246" WIDTH="44" />
<String CONTENT="." HEIGHT="10" HPOS="1067" VPOS="1275" WIDTH="9" />
<SP HEIGHT="47" HPOS="1077" VPOS="1246" WIDTH="64" />
<String CONTENT="(Our" HEIGHT="49" HPOS="1142" VPOS="1244" WIDTH="125" />
<SP HEIGHT="30" HPOS="1268" VPOS="1255" WIDTH="24" />
<String CONTENT="changing" HEIGHT="49" HPOS="1293" VPOS="1244" WIDTH="242" />
<SP HEIGHT="38" HPOS="1536" VPOS="1255" WIDTH="23" />
<String CONTENT="world)" HEIGHT="48" HPOS="1560" VPOS="1245" WIDTH="176" />
</TextLine>
<TextLine HEIGHT="49" HPOS="388" VPOS="1301" WIDTH="679">
<String CONTENT="Illustrated" HEIGHT="40" HPOS="388" VPOS="1302" WIDTH="287" />
<SP HEIGHT="39" HPOS="676" VPOS="1303" WIDTH="32" />
<String CONTENT="lining-papers." HEIGHT="49" HPOS="709" VPOS="1301" WIDTH="358" />
</TextLine>
<TextLine HEIGHT="53" HPOS="319" VPOS="1354" WIDTH="1986">
<String CONTENT="&#169;" HEIGHT="53" HPOS="319" VPOS="1354" WIDTH="53" />
<SP HEIGHT="53" HPOS="373" VPOS="1354" WIDTH="27" />
<String CONTENT="Aug." HEIGHT="47" HPOS="401" VPOS="1359" WIDTH="118" />
<SP HEIGHT="38" HPOS="520" VPOS="1359" WIDTH="31" />
<String CONTENT="14," HEIGHT="47" HPOS="552" VPOS="1359" WIDTH="68" />
<SP HEIGHT="48" HPOS="621" VPOS="1358" WIDTH="30" />
<String CONTENT="1935;" HEIGHT="47" HPOS="652" VPOS="1357" WIDTH="140" />
<SP HEIGHT="34" HPOS="793" VPOS="1370" WIDTH="31" />
<String CONTENT="v." HEIGHT="28" HPOS="825" VPOS="1370" WIDTH="44" />
<SP HEIGHT="39" HPOS="870" VPOS="1359" WIDTH="28" />
<String CONTENT="1," HEIGHT="47" HPOS="899" VPOS="1359" WIDTH="39" />
<SP HEIGHT="47" HPOS="939" VPOS="1359" WIDTH="28" />
<String CONTENT="2c." HEIGHT="39" HPOS="968" VPOS="1359" WIDTH="66" />
<SP HEIGHT="40" HPOS="1035" VPOS="1358" WIDTH="29" />
<String CONTENT="Aug." HEIGHT="48" HPOS="1065" VPOS="1358" WIDTH="121" />
<SP HEIGHT="39" HPOS="1187" VPOS="1359" WIDTH="29" />
<String CONTENT="17;" HEIGHT="45" HPOS="1217" VPOS="1359" WIDTH="82" />
<SP HEIGHT="36" HPOS="1300" VPOS="1368" WIDTH="32" />
<String CONTENT="aff." HEIGHT="40" HPOS="1333" VPOS="1358" WIDTH="81" />
<SP HEIGHT="40" HPOS="1415" VPOS="1358" WIDTH="32" />
<String CONTENT="Aug." HEIGHT="47" HPOS="1448" VPOS="1358" WIDTH="120" />
<SP HEIGHT="39" HPOS="1569" VPOS="1359" WIDTH="31" />
<String CONTENT="16;" HEIGHT="46" HPOS="1601" VPOS="1358" WIDTH="81" />
<SP HEIGHT="36" HPOS="1683" VPOS="1368" WIDTH="30" />
<String CONTENT="v." HEIGHT="28" HPOS="1714" VPOS="1370" WIDTH="42" />
<SP HEIGHT="40" HPOS="1757" VPOS="1358" WIDTH="31" />
<String CONTENT="2," HEIGHT="49" HPOS="1789" VPOS="1358" WIDTH="40" />
<SP HEIGHT="49" HPOS="1830" VPOS="1358" WIDTH="30" />
<String CONTENT="2c." HEIGHT="41" HPOS="1861" VPOS="1358" WIDTH="67" />
<SP HEIGHT="39" HPOS="1929" VPOS="1360" WIDTH="31" />
<String CONTENT="Aug." HEIGHT="47" HPOS="1961" VPOS="1360" WIDTH="119" />
<SP HEIGHT="39" HPOS="2081" VPOS="1360" WIDTH="30" />
<String CONTENT="20;" HEIGHT="47" HPOS="2112" VPOS="1360" WIDTH="82" />
<SP HEIGHT="38" HPOS="2195" VPOS="1369" WIDTH="30" />
<String CONTENT="aff." HEIGHT="40" HPOS="2226" VPOS="1359" WIDTH="79" />
</TextLine>
<TextLine CS="1" HEIGHT="49" HPOS="390" VPOS="1414" WIDTH="1330">
<String CONTENT="Aug." HEIGHT="48" HPOS="390" VPOS="1415" WIDTH="120" />
<SP HEIGHT="39" HPOS="511" VPOS="1416" WIDTH="23" />
<String CONTENT="21;" HEIGHT="46" HPOS="535" VPOS="1415" WIDTH="82" />
<SP HEIGHT="45" HPOS="618" VPOS="1416" WIDTH="25" />
<String CONTENT="A" HEIGHT="38" HPOS="644" VPOS="1416" WIDTH="41" />
<SP HEIGHT="40" HPOS="686" VPOS="1415" WIDTH="22" />
<String CONTENT="85529," HEIGHT="48" HPOS="709" VPOS="1414" WIDTH="156" />
<SP HEIGHT="47" HPOS="866" VPOS="1415" WIDTH="25" />
<String CONTENT="85574;" CS="1" HEIGHT="47" HPOS="922" VPOS="1414" WIDTH="140" />
<SP HEIGHT="46" HPOS="1063" VPOS="1415" WIDTH="29" />
<String CONTENT="Thomas" HEIGHT="39" HPOS="1093" VPOS="1415" WIDTH="214" />
<SP HEIGHT="39" HPOS="1308" VPOS="1415" WIDTH="18" />
<String CONTENT="Nelson" HEIGHT="40" HPOS="1327" VPOS="1415" WIDTH="179" />
<SP HEIGHT="39" HPOS="1507" VPOS="1415" WIDTH="25" />
<String CONTENT="&amp;" HEIGHT="39" HPOS="1533" VPOS="1415" WIDTH="37" />
<SP HEIGHT="40" HPOS="1571" VPOS="1415" WIDTH="23" />
<String CONTENT="sons." HEIGHT="30" HPOS="1595" VPOS="1425" WIDTH="125" />
</TextLine>
<TextLine HEIGHT="50" HPOS="397" VPOS="1470" WIDTH="280">
<String CONTENT="(35-15911)" HEIGHT="50" HPOS="397" VPOS="1470" WIDTH="280" />
</TextLine>
<TextLine HEIGHT="65" HPOS="322" STYLEREFS="StyleId-31DF7503-7092-4E42-8E64-4EB468A4F815-" VPOS="1577" WIDTH="832">
<String CONTENT="Ill," HEIGHT="63" HPOS="322" VPOS="1577" WIDTH="84" />
<SP HEIGHT="62" HPOS="407" VPOS="1578" WIDTH="27" />
<String CONTENT="Edward" HEIGHT="53" HPOS="435" VPOS="1577" WIDTH="252" />
<SP HEIGHT="54" HPOS="688" VPOS="1577" WIDTH="25" />
<String CONTENT="Joseph," HEIGHT="65" HPOS="714" VPOS="1577" WIDTH="238" />
<SP HEIGHT="59" HPOS="953" VPOS="1583" WIDTH="29" />
<String CONTENT="1854-" HEIGHT="50" HPOS="983" VPOS="1582" WIDTH="171" />
</TextLine>
<TextLine HEIGHT="70" HPOS="390" STYLEREFS="StyleId-BAEBAABB-8E8A-457C-B2A4-6C91EB58FED4-" VPOS="1651" WIDTH="1914">
<String CONTENT="The" HEIGHT="53" HPOS="390" VPOS="1651" WIDTH="122" />
<SP HEIGHT="53" HPOS="513" VPOS="1651" WIDTH="24" />
<String CONTENT="history" HEIGHT="69" HPOS="538" VPOS="1651" WIDTH="220" />
<SP HEIGHT="50" HPOS="759" VPOS="1670" WIDTH="24" />
<String CONTENT="of" HEIGHT="53" HPOS="784" VPOS="1651" WIDTH="64" />
<SP HEIGHT="53" HPOS="849" VPOS="1651" WIDTH="22" />
<String CONTENT="my" HEIGHT="50" HPOS="872" VPOS="1670" WIDTH="97" />
<SP HEIGHT="69" HPOS="970" VPOS="1651" WIDTH="23" />
<String CONTENT="family," HEIGHT="69" HPOS="994" VPOS="1651" WIDTH="226" />
<SP HEIGHT="68" HPOS="1221" VPOS="1651" WIDTH="24" />
<String CONTENT="by" HEIGHT="70" HPOS="1246" VPOS="1651" WIDTH="75" />
<SP HEIGHT="70" HPOS="1322" VPOS="1651" WIDTH="28" />
<String CONTENT="Edward" HEIGHT="53" HPOS="1351" VPOS="1651" WIDTH="253" />
<SP HEIGHT="55" HPOS="1605" VPOS="1651" WIDTH="26" />
<String CONTENT="J." HEIGHT="55" HPOS="1632" VPOS="1651" WIDTH="56" />
<SP HEIGHT="53" HPOS="1689" VPOS="1651" WIDTH="25" />
<String CONTENT="Ill," HEIGHT="68" HPOS="1715" VPOS="1651" WIDTH="97" />
<SP HEIGHT="50" HPOS="1813" VPOS="1669" WIDTH="24" />
<String CONTENT="m." HEIGHT="36" HPOS="1838" VPOS="1669" WIDTH="67" />
<SP HEIGHT="34" HPOS="1906" VPOS="1671" WIDTH="24" />
<String CONTENT="d." HEIGHT="33" HPOS="1931" VPOS="1671" WIDTH="49" />
<SP HEIGHT="53" HPOS="1981" VPOS="1651" WIDTH="60" />
<String CONTENT="Newark," HEIGHT="69" HPOS="2042" VPOS="1651" WIDTH="262" />
</TextLine>
<TextLine HEIGHT="71" HPOS="318" STYLEREFS="StyleId-BAEBAABB-8E8A-457C-B2A4-6C91EB58FED4-" VPOS="1727" WIDTH="940">
<String CONTENT="N." HEIGHT="53" HPOS="318" VPOS="1728" WIDTH="68" />
<SP HEIGHT="54" HPOS="387" VPOS="1729" WIDTH="27" />
<String CONTENT="J.," HEIGHT="68" HPOS="415" VPOS="1729" WIDTH="76" />
<SP HEIGHT="68" HPOS="492" VPOS="1729" WIDTH="28" />
<String CONTENT="Soney" HEIGHT="68" HPOS="521" VPOS="1729" WIDTH="187" />
<SP HEIGHT="67" HPOS="709" VPOS="1730" WIDTH="23" />
<String CONTENT="&amp;" HEIGHT="52" HPOS="733" VPOS="1730" WIDTH="46" />
<SP HEIGHT="56" HPOS="780" VPOS="1727" WIDTH="26" />
<String CONTENT="Sage" HEIGHT="71" HPOS="807" VPOS="1727" WIDTH="149" />
<SP HEIGHT="34" HPOS="957" VPOS="1748" WIDTH="24" />
<String CONTENT="co.," HEIGHT="46" HPOS="982" VPOS="1748" WIDTH="98" />
<SP HEIGHT="61" HPOS="1081" VPOS="1733" WIDTH="25" />
<String CONTENT="1935." HEIGHT="51" HPOS="1107" VPOS="1731" WIDTH="151" />
</TextLine>
<TextLine HEIGHT="50" HPOS="395" VPOS="1800" WIDTH="1910">
<String CONTENT="88" HEIGHT="41" HPOS="395" VPOS="1801" WIDTH="58" />
<SP HEIGHT="49" HPOS="454" VPOS="1801" WIDTH="32" />
<String CONTENT="p." HEIGHT="38" HPOS="487" VPOS="1812" WIDTH="44" />
<SP HEIGHT="42" HPOS="532" VPOS="1801" WIDTH="64" />
<String CONTENT="front.," HEIGHT="49" HPOS="597" VPOS="1801" WIDTH="164" />
<SP HEIGHT="38" HPOS="762" VPOS="1812" WIDTH="35" />
<String CONTENT="plates," HEIGHT="48" HPOS="798" VPOS="1802" WIDTH="171" />
<SP HEIGHT="39" HPOS="970" VPOS="1811" WIDTH="37" />
<String CONTENT="ports.," HEIGHT="47" HPOS="1008" VPOS="1803" WIDTH="164" />
<SP HEIGHT="38" HPOS="1173" VPOS="1811" WIDTH="38" />
<String CONTENT="coats" HEIGHT="40" HPOS="1212" VPOS="1802" WIDTH="135" />
<SP HEIGHT="30" HPOS="1348" VPOS="1812" WIDTH="38" />
<String CONTENT="of" HEIGHT="40" HPOS="1387" VPOS="1801" WIDTH="54" />
<SP HEIGHT="40" HPOS="1442" VPOS="1801" WIDTH="34" />
<String CONTENT="arms," HEIGHT="39" HPOS="1477" VPOS="1811" WIDTH="144" />
<SP HEIGHT="39" HPOS="1622" VPOS="1811" WIDTH="40" />
<String CONTENT="geneal." HEIGHT="48" HPOS="1663" VPOS="1802" WIDTH="181" />
<SP HEIGHT="40" HPOS="1845" VPOS="1803" WIDTH="39" />
<String CONTENT="tables," HEIGHT="50" HPOS="1885" VPOS="1800" WIDTH="170" />
<SP HEIGHT="50" HPOS="2056" VPOS="1800" WIDTH="36" />
<String CONTENT="facsims." HEIGHT="41" HPOS="2093" VPOS="1800" WIDTH="212" />
</TextLine>
<TextLine CS="1" HEIGHT="41" HPOS="319" VPOS="1857" WIDTH="146">
<String CONTENT="23&#189;" CS="1" HEIGHT="41" HPOS="319" VPOS="1857" WIDTH="56" />
<String CONTENT="cm" HEIGHT="21" HPOS="409" STYLE="superscript" VPOS="1859" WIDTH="44" />
<String CONTENT="." HEIGHT="9" HPOS="456" VPOS="1889" WIDTH="9" />
</TextLine>
<TextLine CS="1" HEIGHT="53" HPOS="322" VPOS="1912" WIDTH="1984">
<String CONTENT="&#169;" HEIGHT="53" HPOS="322" VPOS="1912" WIDTH="53" />
<SP HEIGHT="53" HPOS="376" VPOS="1912" WIDTH="24" />
<String CONTENT="July" HEIGHT="47" HPOS="401" VPOS="1917" WIDTH="115" />
<SP HEIGHT="47" HPOS="517" VPOS="1917" WIDTH="26" />
<String CONTENT="12," HEIGHT="49" HPOS="544" VPOS="1915" WIDTH="67" />
<SP HEIGHT="47" HPOS="612" VPOS="1917" WIDTH="27" />
<String CONTENT="1935;" HEIGHT="49" HPOS="640" VPOS="1915" WIDTH="140" />
<SP HEIGHT="48" HPOS="781" VPOS="1916" WIDTH="29" />
<String CONTENT="2c." HEIGHT="41" HPOS="811" VPOS="1916" WIDTH="66" />
<SP HEIGHT="30" HPOS="878" VPOS="1926" WIDTH="28" />
<String CONTENT="and" HEIGHT="39" HPOS="907" VPOS="1917" WIDTH="95" />
<SP HEIGHT="39" HPOS="1003" VPOS="1917" WIDTH="27" />
<String CONTENT="aff." HEIGHT="41" HPOS="1031" VPOS="1916" WIDTH="81" />
<SP HEIGHT="40" HPOS="1113" VPOS="1917" WIDTH="26" />
<String CONTENT="Aug." HEIGHT="47" HPOS="1140" VPOS="1917" WIDTH="120" />
<SP HEIGHT="39" HPOS="1261" VPOS="1917" WIDTH="26" />
<String CONTENT="15;" HEIGHT="46" HPOS="1288" VPOS="1917" WIDTH="83" />
<SP HEIGHT="47" HPOS="1372" VPOS="1916" WIDTH="27" />
<String CONTENT="A" HEIGHT="40" HPOS="1400" VPOS="1916" WIDTH="42" />
<SP HEIGHT="40" HPOS="1443" VPOS="1916" WIDTH="26" />
<String CONTENT="84943;" HEIGHT="47" HPOS="1470" VPOS="1916" WIDTH="169" />
<SP HEIGHT="46" HPOS="1640" VPOS="1917" WIDTH="28" />
<String CONTENT="E." HEIGHT="39" HPOS="1669" LANG="la" VPOS="1917" WIDTH="52" />
<SP HEIGHT="39" HPOS="1722" VPOS="1918" WIDTH="29" />
<String CONTENT="J." HEIGHT="39" HPOS="1752" VPOS="1918" WIDTH="44" />
<SP HEIGHT="39" HPOS="1797" VPOS="1918" WIDTH="30" />
<String CONTENT="Ill," CS="1" HEIGHT="15" HPOS="1895" VPOS="1949" WIDTH="8" />
<SP HEIGHT="47" HPOS="1904" VPOS="1917" WIDTH="25" />
<String CONTENT="Newark," HEIGHT="47" HPOS="1930" VPOS="1917" WIDTH="222" />
<SP HEIGHT="47" HPOS="2153" VPOS="1917" WIDTH="26" />
<String CONTENT="N." HEIGHT="40" HPOS="2180" LANG="la" VPOS="1917" WIDTH="53" />
<SP HEIGHT="39" HPOS="2234" VPOS="1918" WIDTH="29" />
<String CONTENT="J." HEIGHT="40" HPOS="2264" VPOS="1918" WIDTH="42" />
</TextLine>
<TextLine HEIGHT="48" HPOS="401" VPOS="1973" WIDTH="281">
<String CONTENT="(35-16023)" HEIGHT="48" HPOS="401" VPOS="1973" WIDTH="281" />
</TextLine>
<TextLine CS="1" HEIGHT="133" HPOS="321" STYLEREFS="StyleId-BAEBAABB-8E8A-457C-B2A4-6C91EB58FED4-" VPOS="2075" WIDTH="1962">
<String CONTENT="International" HEIGHT="52" HPOS="321" VPOS="2077" WIDTH="429" />
<SP HEIGHT="52" HPOS="751" VPOS="2077" WIDTH="40" />
<String CONTENT="clinics;" HEIGHT="68" HPOS="792" VPOS="2076" WIDTH="222" />
<SP HEIGHT="49" HPOS="1015" VPOS="2095" WIDTH="46" />
<String CONTENT="a" HEIGHT="34" HPOS="1062" VPOS="2095" WIDTH="30" />
<SP HEIGHT="50" HPOS="1093" VPOS="2094" WIDTH="41" />
<String CONTENT="quarterly" HEIGHT="68" HPOS="1135" VPOS="2076" WIDTH="290" />
<SP HEIGHT="48" HPOS="1426" VPOS="2096" WIDTH="40" />
<String CONTENT="of" HEIGHT="53" HPOS="1467" VPOS="2076" WIDTH="62" />
<SP HEIGHT="53" HPOS="1530" VPOS="2075" WIDTH="41" />
<String CONTENT="illustrated" HEIGHT="54" HPOS="1572" VPOS="2075" WIDTH="323" />
<SP HEIGHT="52" HPOS="1896" VPOS="2077" WIDTH="41" />
<String CONTENT="clinical" HEIGHT="53" HPOS="1938" VPOS="2077" WIDTH="224" />
<SP HEIGHT="51" HPOS="2163" VPOS="2079" WIDTH="40" />
<String CONTENT="lectures" HEIGHT="129" HPOS="389" VPOS="2079" WIDTH="1894" />
</TextLine>
<TextLine CS="1" HEIGHT="68" HPOS="572" STYLEREFS="StyleId-BAEBAABB-8E8A-457C-B2A4-6C91EB58FED4-" VPOS="2154" WIDTH="1735">
<String CONTENT="and" HEIGHT="53" HPOS="572" VPOS="2155" WIDTH="111" />
<SP HEIGHT="53" HPOS="684" VPOS="2155" WIDTH="30" />
<String CONTENT="especially" HEIGHT="67" HPOS="715" VPOS="2155" WIDTH="301" />
<SP HEIGHT="49" HPOS="1017" VPOS="2173" WIDTH="27" />
<String CONTENT="prepared" HEIGHT="67" HPOS="1045" VPOS="2155" WIDTH="281" />
<SP HEIGHT="53" HPOS="1327" VPOS="2155" WIDTH="28" />
<String CONTENT="original" HEIGHT="66" HPOS="1356" VPOS="2155" WIDTH="247" />
<SP HEIGHT="51" HPOS="1604" VPOS="2155" WIDTH="26" />
<String CONTENT="articles" HEIGHT="53" HPOS="1631" VPOS="2154" WIDTH="222" />
<SP HEIGHT="33" HPOS="1854" VPOS="2174" WIDTH="34" />
<String CONTENT="&#8230;" CS="1" />
<SP HEIGHT="52" HPOS="1945" VPOS="2154" WIDTH="29" />
<String CONTENT="by" HEIGHT="68" HPOS="1975" VPOS="2154" WIDTH="75" />
<SP HEIGHT="67" HPOS="2051" VPOS="2155" WIDTH="26" />
<String CONTENT="leading" HEIGHT="68" HPOS="2078" VPOS="2154" WIDTH="229" />
</TextLine>
<TextLine HEIGHT="69" HPOS="389" STYLEREFS="StyleId-BAEBAABB-8E8A-457C-B2A4-6C91EB58FED4-" VPOS="2231" WIDTH="1914">
<String CONTENT="members" HEIGHT="53" HPOS="389" VPOS="2233" WIDTH="274" />
<SP HEIGHT="35" HPOS="664" VPOS="2251" WIDTH="38" />
<String CONTENT="of" HEIGHT="51" HPOS="703" VPOS="2233" WIDTH="66" />
<SP HEIGHT="53" HPOS="770" VPOS="2233" WIDTH="35" />
<String CONTENT="the" HEIGHT="53" HPOS="806" VPOS="2233" WIDTH="94" />
<SP HEIGHT="35" HPOS="901" VPOS="2251" WIDTH="38" />
<String CONTENT="medical" HEIGHT="54" HPOS="940" VPOS="2232" WIDTH="241" />
<SP HEIGHT="63" HPOS="1182" VPOS="2236" WIDTH="38" />
<String CONTENT="profession" HEIGHT="68" HPOS="1221" VPOS="2231" WIDTH="320" />
<SP HEIGHT="46" HPOS="1542" VPOS="2238" WIDTH="40" />
<String CONTENT="throughout" HEIGHT="67" HPOS="1583" VPOS="2233" WIDTH="352" />
<SP HEIGHT="48" HPOS="1936" VPOS="2238" WIDTH="37" />
<String CONTENT="the" HEIGHT="53" HPOS="1974" VPOS="2233" WIDTH="97" />
<SP HEIGHT="34" HPOS="2072" VPOS="2251" WIDTH="38" />
<String CONTENT="world." HEIGHT="53" HPOS="2111" VPOS="2233" WIDTH="192" />
</TextLine>
<TextLine CS="1" HEIGHT="67" HPOS="393" STYLEREFS="StyleId-BAEBAABB-8E8A-457C-B2A4-6C91EB58FED4-" VPOS="2310" WIDTH="1914">
<String CONTENT="Edited" HEIGHT="54" HPOS="393" VPOS="2310" WIDTH="212" />
<SP HEIGHT="52" HPOS="606" VPOS="2311" WIDTH="34" />
<String CONTENT="by" HEIGHT="66" HPOS="641" VPOS="2311" WIDTH="74" />
<SP HEIGHT="66" HPOS="716" VPOS="2311" WIDTH="32" />
<String CONTENT="Louis" HEIGHT="52" HPOS="749" VPOS="2311" WIDTH="173" />
<SP HEIGHT="52" HPOS="923" VPOS="2310" WIDTH="34" />
<String CONTENT="Hamman," HEIGHT="66" HPOS="958" VPOS="2310" WIDTH="309" />
<SP HEIGHT="50" HPOS="1268" VPOS="2326" WIDTH="35" />
<String CONTENT="M." CS="1" HEIGHT="10" HPOS="1359" VPOS="2352" WIDTH="9" />
<SP HEIGHT="33" HPOS="1369" VPOS="2331" WIDTH="36" />
<String CONTENT="D." CS="1" HEIGHT="10" HPOS="1444" VPOS="2353" WIDTH="9" />
<SP HEIGHT="10" HPOS="1454" VPOS="2353" WIDTH="43" />
<String CONTENT="&#8230;" CS="1" />
<SP HEIGHT="33" HPOS="1554" VPOS="2330" WIDTH="38" />
<String CONTENT="with" HEIGHT="53" HPOS="1593" VPOS="2310" WIDTH="139" />
<SP HEIGHT="51" HPOS="1733" VPOS="2310" WIDTH="35" />
<String CONTENT="the" HEIGHT="51" HPOS="1769" VPOS="2311" WIDTH="95" />
<SP HEIGHT="34" HPOS="1865" VPOS="2328" WIDTH="36" />
<String CONTENT="collaboration" HEIGHT="54" HPOS="1902" VPOS="2310" WIDTH="405" />
</TextLine>
<TextLine CS="1" HEIGHT="68" HPOS="392" STYLEREFS="StyleId-BAEBAABB-8E8A-457C-B2A4-6C91EB58FED4-" VPOS="2386" WIDTH="1854">
<String CONTENT="of" HEIGHT="51" HPOS="392" VPOS="2389" WIDTH="63" />
<SP HEIGHT="52" HPOS="456" VPOS="2389" WIDTH="25" />
<String CONTENT="Francis" HEIGHT="56" HPOS="482" VPOS="2386" WIDTH="237" />
<SP HEIGHT="54" HPOS="720" VPOS="2389" WIDTH="25" />
<String CONTENT="Gilman" HEIGHT="55" HPOS="746" VPOS="2388" WIDTH="232" />
<SP HEIGHT="49" HPOS="979" VPOS="2391" WIDTH="24" />
<String CONTENT="Blake," HEIGHT="65" HPOS="1004" VPOS="2389" WIDTH="198" />
<SP HEIGHT="51" HPOS="1203" VPOS="2403" WIDTH="26" />
<String CONTENT="M." CS="1" HEIGHT="10" HPOS="1285" VPOS="2430" WIDTH="9" />
<SP HEIGHT="34" HPOS="1295" VPOS="2406" WIDTH="24" />
<String CONTENT="D." CS="1" HEIGHT="10" HPOS="1358" VPOS="2430" WIDTH="9" />
<SP HEIGHT="12" HPOS="1368" VPOS="2430" WIDTH="33" />
<String CONTENT="&#8230;" CS="1" />
<SP HEIGHT="52" HPOS="1458" VPOS="2389" WIDTH="30" />
<String CONTENT="Vernon" HEIGHT="52" HPOS="1489" VPOS="2389" WIDTH="232" />
<SP HEIGHT="55" HPOS="1722" VPOS="2389" WIDTH="28" />
<String CONTENT="C." HEIGHT="55" HPOS="1751" VPOS="2389" WIDTH="60" />
<SP HEIGHT="50" HPOS="1812" VPOS="2391" WIDTH="26" />
<String CONTENT="David," HEIGHT="66" HPOS="1839" VPOS="2388" WIDTH="210" />
<SP HEIGHT="49" HPOS="2050" VPOS="2405" WIDTH="24" />
<String CONTENT="M." CS="1" HEIGHT="11" HPOS="2130" VPOS="2429" WIDTH="11" />
<SP HEIGHT="33" HPOS="2142" VPOS="2407" WIDTH="24" />
<String CONTENT="D." CS="1" HEIGHT="10" HPOS="2204" VPOS="2430" WIDTH="9" />
<SP HEIGHT="10" HPOS="2214" VPOS="2430" WIDTH="32" />
<String CONTENT="&#8230;" CS="1" />
</TextLine>
<TextLine CS="1" HEIGHT="150" HPOS="392" STYLEREFS="StyleId-BAEBAABB-8E8A-457C-B2A4-6C91EB58FED4-" VPOS="2462" WIDTH="1890">
<String CONTENT="[and" CS="1" HEIGHT="53" HPOS="416" VPOS="2466" WIDTH="112" />
<SP HEIGHT="52" HPOS="529" VPOS="2466" WIDTH="29" />
<String CONTENT="others]" HEIGHT="66" HPOS="559" VPOS="2466" WIDTH="205" />
<SP HEIGHT="48" HPOS="765" VPOS="2484" WIDTH="71" />
<String CONTENT="volume" HEIGHT="52" HPOS="837" VPOS="2466" WIDTH="224" />
<SP HEIGHT="48" HPOS="1062" VPOS="2469" WIDTH="27" />
<String CONTENT="3." HEIGHT="49" HPOS="1090" VPOS="2469" WIDTH="47" />
<SP HEIGHT="52" HPOS="1138" VPOS="2466" WIDTH="66" />
<String CONTENT="Forty-fifth" HEIGHT="70" HPOS="1205" VPOS="2462" WIDTH="344" />
<SP HEIGHT="52" HPOS="1550" VPOS="2465" WIDTH="32" />
<String CONTENT="series," HEIGHT="67" HPOS="1583" VPOS="2465" WIDTH="185" />
<SP HEIGHT="62" HPOS="1769" VPOS="2470" WIDTH="33" />
<String CONTENT="1935." HEIGHT="50" HPOS="1803" VPOS="2469" WIDTH="148" />
<SP HEIGHT="50" HPOS="1952" VPOS="2469" WIDTH="67" />
<String CONTENT="Philadelphia," HEIGHT="145" HPOS="392" VPOS="2467" WIDTH="1890" />
<SP HEIGHT="65" HPOS="549" VPOS="2545" WIDTH="24" />
<String CONTENT="Montreal" HEIGHT="53" HPOS="574" VPOS="2544" WIDTH="286" />
<SP HEIGHT="66" HPOS="861" VPOS="2544" WIDTH="32" />
<String CONTENT="[etc.]" CS="1" HEIGHT="61" HPOS="911" VPOS="2549" WIDTH="120" />
<SP HEIGHT="65" HPOS="1032" VPOS="2545" WIDTH="32" />
<String CONTENT="J." HEIGHT="53" HPOS="1065" VPOS="2545" WIDTH="54" />
<SP HEIGHT="49" HPOS="1120" VPOS="2546" WIDTH="31" />
<String CONTENT="B." HEIGHT="49" HPOS="1152" VPOS="2546" WIDTH="66" />
<SP HEIGHT="51" HPOS="1219" VPOS="2545" WIDTH="26" />
<String CONTENT="Lippincott" HEIGHT="67" HPOS="1246" VPOS="2543" WIDTH="337" />
<SP HEIGHT="46" HPOS="1584" VPOS="2549" WIDTH="26" />
<String CONTENT="company" HEIGHT="49" HPOS="1611" VPOS="2561" WIDTH="279" />
<SP HEIGHT="50" HPOS="1891" VPOS="2561" WIDTH="32" />
<String CONTENT="[" HEIGHT="33" HPOS="1924" STYLE="subscript" VPOS="2578" WIDTH="12" />
<String CONTENT="c" HEIGHT="21" HPOS="1942" STYLE="superscript" VPOS="2551" WIDTH="17" />
<String CONTENT="1935" HEIGHT="48" HPOS="1964" VPOS="2548" WIDTH="131" />
<String CONTENT="]" HEIGHT="34" HPOS="2103" STYLE="subscript" VPOS="2577" WIDTH="12" />
</TextLine>
<TextLine HEIGHT="50" HPOS="389" STYLEREFS="StyleId-BAEBAABB-8E8A-457C-B2A4-6C91EB58FED4-" VPOS="2614" WIDTH="1363">
<String CONTENT="viii," HEIGHT="46" HPOS="389" VPOS="2618" WIDTH="101" />
<SP HEIGHT="47" HPOS="491" VPOS="2617" WIDTH="23" />
<String CONTENT="337" HEIGHT="40" HPOS="515" VPOS="2617" WIDTH="85" />
<SP HEIGHT="46" HPOS="601" VPOS="2618" WIDTH="27" />
<String CONTENT="p." HEIGHT="37" HPOS="629" VPOS="2627" WIDTH="42" />
<SP HEIGHT="29" HPOS="672" VPOS="2627" WIDTH="56" />
<String CONTENT="col." HEIGHT="39" HPOS="729" VPOS="2617" WIDTH="86" />
<SP HEIGHT="39" HPOS="816" VPOS="2617" WIDTH="22" />
<String CONTENT="front.," HEIGHT="46" HPOS="839" VPOS="2617" WIDTH="163" />
<SP HEIGHT="47" HPOS="1003" VPOS="2616" WIDTH="26" />
<String CONTENT="illus.," HEIGHT="48" HPOS="1030" VPOS="2615" WIDTH="143" />
<SP HEIGHT="37" HPOS="1174" VPOS="2626" WIDTH="27" />
<String CONTENT="plates," HEIGHT="47" HPOS="1202" VPOS="2616" WIDTH="171" />
<SP HEIGHT="46" HPOS="1374" VPOS="2616" WIDTH="27" />
<String CONTENT="diagrs." HEIGHT="49" HPOS="1402" VPOS="2614" WIDTH="178" />
<SP HEIGHT="40" HPOS="1581" VPOS="2616" WIDTH="54" />
<String CONTENT="23" HEIGHT="40" HPOS="1636" VPOS="2616" WIDTH="55" />
<String CONTENT="cm" HEIGHT="20" HPOS="1695" STYLE="superscript" VPOS="2618" WIDTH="45" />
<String CONTENT="." HEIGHT="9" HPOS="1744" VPOS="2647" WIDTH="8" />
</TextLine>
<TextLine CS="1" HEIGHT="52" HPOS="387" VPOS="2669" WIDTH="1918">
<String CONTENT="&#8220;Supplement" HEIGHT="47" HPOS="387" VPOS="2674" WIDTH="343" />
<SP HEIGHT="40" HPOS="731" VPOS="2673" WIDTH="24" />
<String CONTENT="September," HEIGHT="47" HPOS="756" VPOS="2673" WIDTH="290" />
<SP HEIGHT="47" HPOS="1047" VPOS="2673" WIDTH="24" />
<String CONTENT="1935." HEIGHT="41" HPOS="1072" VPOS="2671" WIDTH="126" />
<SP HEIGHT="41" HPOS="1199" VPOS="2671" WIDTH="53" />
<String CONTENT="Clinical" HEIGHT="43" HPOS="1253" VPOS="2669" WIDTH="204" />
<SP HEIGHT="38" HPOS="1458" VPOS="2673" WIDTH="17" />
<String CONTENT="case" HEIGHT="30" HPOS="1476" VPOS="2681" WIDTH="108" />
<SP HEIGHT="30" HPOS="1585" VPOS="2681" WIDTH="14" />
<String CONTENT="studies.&#8221;&#8212;([12]" CS="1" HEIGHT="50" HPOS="1600" VPOS="2671" WIDTH="415" />
<SP />
<String CONTENT="p.)" HEIGHT="49" HPOS="2036" VPOS="2671" WIDTH="68" />
<SP HEIGHT="47" HPOS="2105" VPOS="2671" WIDTH="25" />
<String CONTENT="laid" HEIGHT="42" HPOS="2131" VPOS="2670" WIDTH="98" />
<SP HEIGHT="43" HPOS="2230" VPOS="2669" WIDTH="14" />
<String CONTENT="in." HEIGHT="43" HPOS="2245" VPOS="2669" WIDTH="60" />
</TextLine>
<TextLine HEIGHT="52" HPOS="324" VPOS="2726" WIDTH="1877">
<String CONTENT="&#169;" HEIGHT="52" HPOS="324" VPOS="2726" WIDTH="53" />
<SP HEIGHT="52" HPOS="378" VPOS="2726" WIDTH="24" />
<String CONTENT="Aug." HEIGHT="46" HPOS="403" VPOS="2731" WIDTH="120" />
<SP HEIGHT="39" HPOS="524" VPOS="2730" WIDTH="24" />
<String CONTENT="29," HEIGHT="47" HPOS="549" VPOS="2730" WIDTH="71" />
<SP HEIGHT="46" HPOS="621" VPOS="2731" WIDTH="25" />
<String CONTENT="1935;" HEIGHT="47" HPOS="647" VPOS="2728" WIDTH="139" />
<SP HEIGHT="45" HPOS="787" VPOS="2730" WIDTH="27" />
<String CONTENT="2c." HEIGHT="38" HPOS="815" VPOS="2730" WIDTH="66" />
<SP HEIGHT="30" HPOS="882" VPOS="2738" WIDTH="26" />
<String CONTENT="and" HEIGHT="38" HPOS="909" VPOS="2730" WIDTH="95" />
<SP HEIGHT="37" HPOS="1005" VPOS="2730" WIDTH="26" />
<String CONTENT="aff." HEIGHT="39" HPOS="1032" VPOS="2728" WIDTH="82" />
<SP HEIGHT="39" HPOS="1115" VPOS="2728" WIDTH="26" />
<String CONTENT="Sept." HEIGHT="47" HPOS="1142" VPOS="2728" WIDTH="127" />
<SP HEIGHT="39" HPOS="1270" VPOS="2728" WIDTH="27" />
<String CONTENT="28;" HEIGHT="46" HPOS="1298" VPOS="2728" WIDTH="82" />
<SP HEIGHT="45" HPOS="1381" VPOS="2729" WIDTH="30" />
<String CONTENT="A" HEIGHT="37" HPOS="1412" VPOS="2729" WIDTH="42" />
<SP HEIGHT="39" HPOS="1455" VPOS="2728" WIDTH="22" />
<String CONTENT="87312;" HEIGHT="47" HPOS="1478" VPOS="2728" WIDTH="169" />
<SP HEIGHT="46" HPOS="1648" VPOS="2729" WIDTH="27" />
<String CONTENT="J." HEIGHT="38" HPOS="1676" VPOS="2729" WIDTH="43" />
<SP HEIGHT="38" HPOS="1720" VPOS="2729" WIDTH="28" />
<String CONTENT="B." HEIGHT="38" HPOS="1749" VPOS="2729" WIDTH="53" />
<SP HEIGHT="38" HPOS="1803" VPOS="2729" WIDTH="27" />
<String CONTENT="Lippincott" HEIGHT="48" HPOS="1831" VPOS="2727" WIDTH="278" />
<SP HEIGHT="37" HPOS="2110" VPOS="2730" WIDTH="23" />
<String CONTENT="co." HEIGHT="29" HPOS="2134" VPOS="2738" WIDTH="67" />
</TextLine>
<TextLine HEIGHT="65" HPOS="326" STYLEREFS="StyleId-31DF7503-7092-4E42-8E64-4EB468A4F815-" VPOS="2845" WIDTH="914">
<String CONTENT="Jordan," HEIGHT="63" HPOS="326" VPOS="2847" WIDTH="240" />
<SP HEIGHT="62" HPOS="567" VPOS="2848" WIDTH="27" />
<String CONTENT="Edwin" HEIGHT="53" HPOS="595" VPOS="2846" WIDTH="205" />
<SP HEIGHT="54" HPOS="801" VPOS="2846" WIDTH="26" />
<String CONTENT="Oakes," HEIGHT="64" HPOS="828" VPOS="2845" WIDTH="212" />
<SP HEIGHT="57" HPOS="1041" VPOS="2852" WIDTH="28" />
<String CONTENT="1866-" HEIGHT="50" HPOS="1070" VPOS="2850" WIDTH="170" />
</TextLine>
<TextLine CS="1" HEIGHT="72" HPOS="393" STYLEREFS="StyleId-BAEBAABB-8E8A-457C-B2A4-6C91EB58FED4-" VPOS="2916" WIDTH="1853">
<String CONTENT="A" HEIGHT="51" HPOS="393" VPOS="2923" WIDTH="55" />
<SP HEIGHT="54" HPOS="449" VPOS="2923" WIDTH="25" />
<String CONTENT="textbook" HEIGHT="57" HPOS="475" VPOS="2920" WIDTH="267" />
<SP HEIGHT="55" HPOS="743" VPOS="2920" WIDTH="28" />
<String CONTENT="of" HEIGHT="54" HPOS="772" VPOS="2921" WIDTH="65" />
<SP HEIGHT="67" HPOS="838" VPOS="2921" WIDTH="27" />
<String CONTENT="general" HEIGHT="66" HPOS="866" VPOS="2922" WIDTH="224" />
<SP HEIGHT="52" HPOS="1091" VPOS="2920" WIDTH="28" />
<String CONTENT="bacteriology," HEIGHT="69" HPOS="1120" VPOS="2919" WIDTH="399" />
<SP HEIGHT="69" HPOS="1520" VPOS="2919" WIDTH="25" />
<String CONTENT="by" HEIGHT="68" HPOS="1546" VPOS="2919" WIDTH="75" />
<SP HEIGHT="68" HPOS="1622" VPOS="2919" WIDTH="29" />
<String CONTENT="Edwin" HEIGHT="55" HPOS="1652" VPOS="2916" WIDTH="208" />
<SP HEIGHT="55" HPOS="1861" VPOS="2918" WIDTH="30" />
<String CONTENT="O." HEIGHT="55" HPOS="1892" VPOS="2918" WIDTH="65" />
<SP HEIGHT="54" HPOS="1958" VPOS="2919" WIDTH="34" />
<String CONTENT="Jordan" HEIGHT="55" HPOS="1993" VPOS="2918" WIDTH="220" />
<SP HEIGHT="34" HPOS="2214" VPOS="2937" WIDTH="32" />
<String CONTENT="&#8230;" CS="1" />
</TextLine>
<TextLine CS="1" HEIGHT="72" HPOS="326" STYLEREFS="StyleId-BAEBAABB-8E8A-457C-B2A4-6C91EB58FED4-" VPOS="2994" WIDTH="1977">
<String CONTENT="11th" HEIGHT="53" HPOS="326" VPOS="3000" WIDTH="131" />
<SP HEIGHT="51" HPOS="458" VPOS="3000" WIDTH="39" />
<String CONTENT="ed.," HEIGHT="66" HPOS="498" VPOS="3000" WIDTH="103" />
<SP HEIGHT="49" HPOS="602" VPOS="3017" WIDTH="39" />
<String CONTENT="entirely" HEIGHT="67" HPOS="642" VPOS="2999" WIDTH="240" />
<SP HEIGHT="50" HPOS="883" VPOS="3016" WIDTH="40" />
<String CONTENT="reset," HEIGHT="63" HPOS="924" VPOS="3003" WIDTH="161" />
<SP HEIGHT="69" HPOS="1086" VPOS="2997" WIDTH="40" />
<String CONTENT="fully" HEIGHT="69" HPOS="1127" VPOS="2996" WIDTH="152" />
<SP HEIGHT="66" HPOS="1280" VPOS="2999" WIDTH="39" />
<String CONTENT="illustrated." HEIGHT="55" HPOS="1320" VPOS="2996" WIDTH="338" />
<SP HEIGHT="52" HPOS="1659" VPOS="2997" WIDTH="90" />
<String CONTENT="Philadelphia" HEIGHT="70" HPOS="1750" VPOS="2995" WIDTH="403" />
<SP HEIGHT="34" HPOS="2154" VPOS="3014" WIDTH="42" />
<String CONTENT="and" HEIGHT="53" HPOS="2197" VPOS="2994" WIDTH="106" />
</TextLine>
<TextLine HEIGHT="71" HPOS="323" STYLEREFS="StyleId-BAEBAABB-8E8A-457C-B2A4-6C91EB58FED4-" VPOS="3074" WIDTH="1272">
<String CONTENT="London," HEIGHT="68" HPOS="323" VPOS="3077" WIDTH="255" />
<SP HEIGHT="69" HPOS="579" VPOS="3076" WIDTH="23" />
<String CONTENT="W." HEIGHT="53" HPOS="603" LANG="la" VPOS="3076" WIDTH="88" />
<SP HEIGHT="53" HPOS="692" VPOS="3076" WIDTH="25" />
<String CONTENT="B." HEIGHT="53" HPOS="718" VPOS="3076" WIDTH="67" />
<SP HEIGHT="55" HPOS="786" VPOS="3074" WIDTH="28" />
<String CONTENT="Saunders" HEIGHT="55" HPOS="815" VPOS="3074" WIDTH="284" />
<SP HEIGHT="34" HPOS="1100" VPOS="3093" WIDTH="25" />
<String CONTENT="company," HEIGHT="51" HPOS="1126" VPOS="3091" WIDTH="292" />
<SP HEIGHT="65" HPOS="1419" VPOS="3076" WIDTH="26" />
<String CONTENT="1935." HEIGHT="50" HPOS="1446" VPOS="3076" WIDTH="149" />
</TextLine>
<TextLine CS="1" HEIGHT="57" HPOS="393" VPOS="3138" WIDTH="1691">
<String CONTENT="825" HEIGHT="42" HPOS="393" VPOS="3146" WIDTH="87" />
<SP HEIGHT="49" HPOS="481" VPOS="3146" WIDTH="27" />
<String CONTENT="p." CS="1" HEIGHT="38" HPOS="509" LANG="la" VPOS="3157" WIDTH="30" />
<SP HEIGHT="49" HPOS="577" VPOS="3138" WIDTH="35" />
<String CONTENT="illus." HEIGHT="40" HPOS="613" VPOS="3147" WIDTH="126" />
<SP HEIGHT="47" HPOS="740" VPOS="3146" WIDTH="26" />
<String CONTENT="(part" HEIGHT="48" HPOS="767" VPOS="3146" WIDTH="136" />
<SP HEIGHT="38" HPOS="904" VPOS="3148" WIDTH="29" />
<String CONTENT="col.)" HEIGHT="47" HPOS="934" VPOS="3146" WIDTH="111" />
<SP HEIGHT="47" HPOS="1046" VPOS="3146" WIDTH="37" />
<String CONTENT="fold." CS="1" HEIGHT="39" HPOS="1084" VPOS="3146" WIDTH="104" />
<SP HEIGHT="38" HPOS="1203" VPOS="3157" WIDTH="30" />
<String CONTENT="plan," HEIGHT="48" HPOS="1234" VPOS="3147" WIDTH="127" />
<SP HEIGHT="47" HPOS="1362" VPOS="3147" WIDTH="31" />
<String CONTENT="diagrs.," HEIGHT="47" HPOS="1394" VPOS="3147" WIDTH="192" />
<SP HEIGHT="48" HPOS="1587" VPOS="3146" WIDTH="30" />
<String CONTENT="fold." HEIGHT="41" HPOS="1618" VPOS="3146" WIDTH="118" />
<SP HEIGHT="41" HPOS="1737" VPOS="3146" WIDTH="28" />
<String CONTENT="form." HEIGHT="40" HPOS="1766" VPOS="3146" WIDTH="142" />
<SP HEIGHT="40" HPOS="1909" VPOS="3146" WIDTH="57" />
<String CONTENT="24" HEIGHT="39" HPOS="1967" VPOS="3146" WIDTH="57" />
<String CONTENT="cm" HEIGHT="21" HPOS="2026" STYLE="superscript" VPOS="3148" WIDTH="43" />
<String CONTENT="." HEIGHT="9" HPOS="2074" VPOS="3177" WIDTH="10" />
</TextLine>
<TextLine CS="1" HEIGHT="53" HPOS="396" VPOS="3199" WIDTH="1905">
<String CONTENT="&#8220;It" HEIGHT="40" HPOS="396" VPOS="3203" WIDTH="75" />
<SP HEIGHT="39" HPOS="472" VPOS="3204" WIDTH="36" />
<String CONTENT="has" HEIGHT="39" HPOS="509" VPOS="3204" WIDTH="89" />
<SP HEIGHT="39" HPOS="599" VPOS="3204" WIDTH="34" />
<String CONTENT="been" HEIGHT="39" HPOS="634" VPOS="3204" WIDTH="119" />
<SP HEIGHT="29" HPOS="754" VPOS="3213" WIDTH="34" />
<String CONTENT="necessary" HEIGHT="38" HPOS="789" VPOS="3211" WIDTH="255" />
<SP HEIGHT="45" HPOS="1045" VPOS="3204" WIDTH="36" />
<String CONTENT="to" HEIGHT="38" HPOS="1082" VPOS="3204" WIDTH="49" />
<SP HEIGHT="30" HPOS="1132" VPOS="3211" WIDTH="36" />
<String CONTENT="rewrite" HEIGHT="40" HPOS="1169" VPOS="3202" WIDTH="193" />
<SP HEIGHT="30" HPOS="1363" VPOS="3211" WIDTH="36" />
<String CONTENT="many" HEIGHT="39" HPOS="1400" VPOS="3211" WIDTH="146" />
<SP HEIGHT="37" HPOS="1547" VPOS="3213" WIDTH="35" />
<String CONTENT="portions" HEIGHT="48" HPOS="1583" VPOS="3202" WIDTH="217" />
<SP HEIGHT="39" HPOS="1801" VPOS="3213" WIDTH="40" />
<String CONTENT="[of" CS="1" HEIGHT="40" HPOS="1857" VPOS="3202" WIDTH="52" />
<SP HEIGHT="40" HPOS="1910" VPOS="3202" WIDTH="33" />
<String CONTENT="this" HEIGHT="41" HPOS="1944" VPOS="3202" WIDTH="99" />
<SP HEIGHT="40" HPOS="2044" VPOS="3203" WIDTH="36" />
<String CONTENT="book]&#8221;&#8212;" HEIGHT="51" HPOS="2081" VPOS="3199" WIDTH="220" />
</TextLine>
<TextLine HEIGHT="42" HPOS="324" VPOS="3259" WIDTH="440">
<String CONTENT="Pref." HEIGHT="42" HPOS="324" VPOS="3259" WIDTH="130" />
<SP HEIGHT="40" HPOS="455" VPOS="3261" WIDTH="26" />
<String CONTENT="to" HEIGHT="39" HPOS="482" VPOS="3261" WIDTH="49" />
<SP HEIGHT="39" HPOS="532" VPOS="3260" WIDTH="23" />
<String CONTENT="11th" HEIGHT="40" HPOS="556" VPOS="3260" WIDTH="113" />
<SP HEIGHT="38" HPOS="670" VPOS="3261" WIDTH="22" />
<String CONTENT="ed." HEIGHT="39" HPOS="693" VPOS="3260" WIDTH="71" />
</TextLine>
<TextLine HEIGHT="53" HPOS="327" VPOS="3316" WIDTH="1869">
<String CONTENT="&#169;" HEIGHT="53" HPOS="327" VPOS="3316" WIDTH="53" />
<SP HEIGHT="53" HPOS="381" VPOS="3316" WIDTH="23" />
<String CONTENT="Aug." HEIGHT="46" HPOS="405" VPOS="3321" WIDTH="119" />
<SP HEIGHT="41" HPOS="525" VPOS="3318" WIDTH="27" />
<String CONTENT="20," HEIGHT="48" HPOS="553" VPOS="3318" WIDTH="69" />
<SP HEIGHT="46" HPOS="623" VPOS="3320" WIDTH="25" />
<String CONTENT="1935;" HEIGHT="47" HPOS="649" VPOS="3318" WIDTH="140" />
<SP HEIGHT="47" HPOS="790" VPOS="3318" WIDTH="27" />
<String CONTENT="2c." HEIGHT="39" HPOS="818" VPOS="3318" WIDTH="66" />
<SP HEIGHT="29" HPOS="885" VPOS="3328" WIDTH="27" />
<String CONTENT="and" HEIGHT="38" HPOS="913" VPOS="3319" WIDTH="95" />
<SP HEIGHT="38" HPOS="1009" VPOS="3319" WIDTH="27" />
<String CONTENT="aff." HEIGHT="41" HPOS="1037" VPOS="3316" WIDTH="82" />
<SP HEIGHT="39" HPOS="1120" VPOS="3317" WIDTH="26" />
<String CONTENT="Aug." HEIGHT="47" HPOS="1147" VPOS="3317" WIDTH="119" />
<SP HEIGHT="40" HPOS="1267" VPOS="3316" WIDTH="26" />
<String CONTENT="24;" HEIGHT="47" HPOS="1294" VPOS="3316" WIDTH="82" />
<SP HEIGHT="47" HPOS="1377" VPOS="3316" WIDTH="27" />
<String CONTENT="A" HEIGHT="39" HPOS="1405" VPOS="3316" WIDTH="42" />
<SP HEIGHT="39" HPOS="1448" VPOS="3316" WIDTH="24" />
<String CONTENT="86061;" HEIGHT="47" HPOS="1473" VPOS="3316" WIDTH="169" />
<SP HEIGHT="46" HPOS="1643" VPOS="3317" WIDTH="31" />
<String CONTENT="W." HEIGHT="39" HPOS="1675" LANG="la" VPOS="3317" WIDTH="69" />
<SP HEIGHT="38" HPOS="1745" VPOS="3317" WIDTH="31" />
<String CONTENT="B." HEIGHT="39" HPOS="1777" VPOS="3317" WIDTH="54" />
<SP HEIGHT="40" HPOS="1832" VPOS="3316" WIDTH="28" />
<String CONTENT="Saunders" HEIGHT="40" HPOS="1861" VPOS="3316" WIDTH="246" />
<SP HEIGHT="30" HPOS="2108" VPOS="3326" WIDTH="23" />
<String CONTENT="co." HEIGHT="30" HPOS="2132" VPOS="3325" WIDTH="64" />
</TextLine>
<TextLine HEIGHT="49" HPOS="407" VPOS="3375" WIDTH="279">
<String CONTENT="(35-16034)" HEIGHT="49" HPOS="407" VPOS="3375" WIDTH="279" />
</TextLine>
<TextLine HEIGHT="64" HPOS="327" STYLEREFS="StyleId-31DF7503-7092-4E42-8E64-4EB468A4F815-" VPOS="3475" WIDTH="593">
<String CONTENT="Kuhne," HEIGHT="63" HPOS="327" VPOS="3476" WIDTH="231" />
<SP HEIGHT="63" HPOS="559" VPOS="3476" WIDTH="28" />
<String CONTENT="Frederick." HEIGHT="55" HPOS="588" VPOS="3475" WIDTH="332" />
</TextLine>
<TextLine CS="1" HEIGHT="76" HPOS="392" STYLEREFS="StyleId-BAEBAABB-8E8A-457C-B2A4-6C91EB58FED4-" VPOS="3543" WIDTH="1906">
<String CONTENT="The" HEIGHT="51" HPOS="392" VPOS="3552" WIDTH="121" />
<SP HEIGHT="53" HPOS="514" VPOS="3550" WIDTH="35" />
<String CONTENT="finger" HEIGHT="69" HPOS="550" VPOS="3550" WIDTH="181" />
<SP HEIGHT="50" HPOS="732" VPOS="3568" WIDTH="34" />
<String CONTENT="print" HEIGHT="67" HPOS="767" VPOS="3551" WIDTH="161" />
<SP HEIGHT="52" HPOS="929" VPOS="3551" WIDTH="34" />
<String CONTENT="instructor," HEIGHT="64" HPOS="964" VPOS="3551" WIDTH="327" />
<SP HEIGHT="66" HPOS="1292" VPOS="3549" WIDTH="36" />
<String CONTENT="by" HEIGHT="68" HPOS="1329" VPOS="3549" WIDTH="76" />
<SP HEIGHT="68" HPOS="1406" VPOS="3549" WIDTH="34" />
<String CONTENT="Frederick" HEIGHT="53" HPOS="1441" VPOS="3548" WIDTH="308" />
<SP HEIGHT="53" HPOS="1750" VPOS="3548" WIDTH="35" />
<String CONTENT="Kuhne" HEIGHT="54" HPOS="1786" VPOS="3547" WIDTH="210" />
<SP HEIGHT="36" HPOS="1997" VPOS="3565" WIDTH="41" />
<String CONTENT="&#8230;" CS="1" />
<SP HEIGHT="52" HPOS="2095" VPOS="3548" WIDTH="41" />
<String CONTENT="based" HEIGHT="57" HPOS="2137" VPOS="3543" WIDTH="161" />
</TextLine>
<TextLine HEIGHT="74" HPOS="325" STYLEREFS="StyleId-BAEBAABB-8E8A-457C-B2A4-6C91EB58FED4-" VPOS="3621" WIDTH="1973">
<String CONTENT="upon" HEIGHT="49" HPOS="325" VPOS="3646" WIDTH="152" />
<SP HEIGHT="49" HPOS="478" VPOS="3632" WIDTH="39" />
<String CONTENT="the" HEIGHT="52" HPOS="518" VPOS="3628" WIDTH="98" />
<SP HEIGHT="57" HPOS="617" VPOS="3626" WIDTH="42" />
<String CONTENT="Sir" HEIGHT="57" HPOS="660" VPOS="3626" WIDTH="94" />
<SP HEIGHT="53" HPOS="755" VPOS="3627" WIDTH="39" />
<String CONTENT="E." HEIGHT="52" HPOS="795" LANG="la" VPOS="3627" WIDTH="67" />
<SP HEIGHT="52" HPOS="863" VPOS="3627" WIDTH="41" />
<String CONTENT="R." HEIGHT="52" HPOS="905" VPOS="3627" WIDTH="69" />
<SP HEIGHT="52" HPOS="975" VPOS="3628" WIDTH="39" />
<String CONTENT="Henry" HEIGHT="66" HPOS="1015" VPOS="3628" WIDTH="205" />
<SP HEIGHT="49" HPOS="1221" VPOS="3645" WIDTH="37" />
<String CONTENT="system" HEIGHT="62" HPOS="1259" VPOS="3631" WIDTH="208" />
<SP HEIGHT="35" HPOS="1468" VPOS="3644" WIDTH="39" />
<String CONTENT="of" HEIGHT="54" HPOS="1508" VPOS="3625" WIDTH="64" />
<SP HEIGHT="54" HPOS="1573" VPOS="3625" WIDTH="37" />
<String CONTENT="classifying" HEIGHT="68" HPOS="1611" VPOS="3624" WIDTH="338" />
<SP HEIGHT="50" HPOS="1950" VPOS="3642" WIDTH="39" />
<String CONTENT="and" HEIGHT="54" HPOS="1990" VPOS="3623" WIDTH="112" />
<SP HEIGHT="52" HPOS="2103" VPOS="3623" WIDTH="39" />
<String CONTENT="filing" HEIGHT="67" HPOS="2143" VPOS="3621" WIDTH="155" />
</TextLine>
<TextLine HEIGHT="73" HPOS="325" STYLEREFS="StyleId-BAEBAABB-8E8A-457C-B2A4-6C91EB58FED4-" VPOS="3697" WIDTH="1972">
<String CONTENT="with" HEIGHT="52" HPOS="325" VPOS="3706" WIDTH="138" />
<SP HEIGHT="51" HPOS="464" VPOS="3706" WIDTH="44" />
<String CONTENT="the" HEIGHT="51" HPOS="509" VPOS="3706" WIDTH="96" />
<SP HEIGHT="34" HPOS="606" VPOS="3723" WIDTH="38" />
<String CONTENT="modification" HEIGHT="54" HPOS="645" VPOS="3703" WIDTH="387" />
<SP HEIGHT="34" HPOS="1033" VPOS="3723" WIDTH="43" />
<String CONTENT="and" HEIGHT="52" HPOS="1077" VPOS="3705" WIDTH="111" />
<SP HEIGHT="52" HPOS="1189" VPOS="3705" WIDTH="43" />
<String CONTENT="extension" HEIGHT="55" HPOS="1233" VPOS="3702" WIDTH="288" />
<SP HEIGHT="52" HPOS="1522" VPOS="3703" WIDTH="43" />
<String CONTENT="devised" HEIGHT="53" HPOS="1566" VPOS="3702" WIDTH="227" />
<SP HEIGHT="53" HPOS="1794" VPOS="3702" WIDTH="41" />
<String CONTENT="by" HEIGHT="68" HPOS="1836" VPOS="3702" WIDTH="75" />
<SP HEIGHT="63" HPOS="1912" VPOS="3707" WIDTH="41" />
<String CONTENT="the" HEIGHT="53" HPOS="1954" VPOS="3702" WIDTH="95" />
<SP HEIGHT="54" HPOS="2050" VPOS="3701" WIDTH="39" />
<String CONTENT="United" HEIGHT="58" HPOS="2090" VPOS="3697" WIDTH="207" />
</TextLine>
<TextLine HEIGHT="72" HPOS="327" STYLEREFS="StyleId-BAEBAABB-8E8A-457C-B2A4-6C91EB58FED4-" VPOS="3777" WIDTH="1970">
<String CONTENT="States" HEIGHT="54" HPOS="327" VPOS="3781" WIDTH="186" />
<SP HEIGHT="51" HPOS="514" VPOS="3783" WIDTH="35" />
<String CONTENT="Bureau" HEIGHT="51" HPOS="550" VPOS="3783" WIDTH="228" />
<SP HEIGHT="33" HPOS="779" VPOS="3800" WIDTH="32" />
<String CONTENT="of" HEIGHT="51" HPOS="812" VPOS="3782" WIDTH="62" />
<SP HEIGHT="52" HPOS="875" VPOS="3781" WIDTH="31" />
<String CONTENT="investigation;" HEIGHT="69" HPOS="907" VPOS="3780" WIDTH="433" />
<SP HEIGHT="43" HPOS="1341" VPOS="3800" WIDTH="38" />
<String CONTENT="a" HEIGHT="32" HPOS="1380" VPOS="3802" WIDTH="31" />
<SP HEIGHT="48" HPOS="1412" VPOS="3786" WIDTH="31" />
<String CONTENT="text" HEIGHT="47" HPOS="1444" VPOS="3784" WIDTH="119" />
<SP HEIGHT="52" HPOS="1564" VPOS="3780" WIDTH="30" />
<String CONTENT="book" HEIGHT="53" HPOS="1595" VPOS="3779" WIDTH="147" />
<SP HEIGHT="51" HPOS="1743" VPOS="3779" WIDTH="33" />
<String CONTENT="for" HEIGHT="50" HPOS="1777" VPOS="3780" WIDTH="93" />
<SP HEIGHT="46" HPOS="1871" VPOS="3784" WIDTH="31" />
<String CONTENT="the" HEIGHT="51" HPOS="1903" VPOS="3779" WIDTH="94" />
<SP HEIGHT="48" HPOS="1998" VPOS="3798" WIDTH="32" />
<String CONTENT="guidance" HEIGHT="69" HPOS="2031" VPOS="3777" WIDTH="266" />
</TextLine>
<TextLine HEIGHT="77" HPOS="323" STYLEREFS="StyleId-BAEBAABB-8E8A-457C-B2A4-6C91EB58FED4-" VPOS="3849" WIDTH="1973">
<String CONTENT="of" HEIGHT="54" HPOS="323" VPOS="3857" WIDTH="66" />
<SP HEIGHT="52" HPOS="390" VPOS="3857" WIDTH="22" />
<String CONTENT="finger" HEIGHT="69" HPOS="413" VPOS="3857" WIDTH="181" />
<SP HEIGHT="50" HPOS="595" VPOS="3875" WIDTH="23" />
<String CONTENT="print" HEIGHT="68" HPOS="619" VPOS="3857" WIDTH="160" />
<SP HEIGHT="47" HPOS="780" VPOS="3863" WIDTH="25" />
<String CONTENT="experts" HEIGHT="63" HPOS="806" VPOS="3862" WIDTH="222" />
<SP HEIGHT="33" HPOS="1029" VPOS="3877" WIDTH="26" />
<String CONTENT="and" HEIGHT="52" HPOS="1056" VPOS="3858" WIDTH="112" />
<SP HEIGHT="52" HPOS="1169" VPOS="3858" WIDTH="26" />
<String CONTENT="an" HEIGHT="34" HPOS="1196" VPOS="3875" WIDTH="72" />
<SP HEIGHT="52" HPOS="1269" VPOS="3857" WIDTH="23" />
<String CONTENT="instructor" HEIGHT="52" HPOS="1293" VPOS="3857" WIDTH="308" />
<SP HEIGHT="52" HPOS="1602" VPOS="3856" WIDTH="26" />
<String CONTENT="for" HEIGHT="52" HPOS="1629" VPOS="3856" WIDTH="92" />
<SP HEIGHT="48" HPOS="1722" VPOS="3874" WIDTH="26" />
<String CONTENT="persons" HEIGHT="48" HPOS="1749" VPOS="3874" WIDTH="228" />
<SP HEIGHT="52" HPOS="1978" VPOS="3856" WIDTH="25" />
<String CONTENT="interested" HEIGHT="59" HPOS="2004" VPOS="3849" WIDTH="292" />
</TextLine>
<TextLine HEIGHT="71" HPOS="326" STYLEREFS="StyleId-BAEBAABB-8E8A-457C-B2A4-6C91EB58FED4-" VPOS="3931" WIDTH="1970">
<String CONTENT="in" HEIGHT="53" HPOS="326" VPOS="3935" WIDTH="59" />
<SP HEIGHT="48" HPOS="386" VPOS="3940" WIDTH="24" />
<String CONTENT="the" HEIGHT="53" HPOS="411" VPOS="3935" WIDTH="95" />
<SP HEIGHT="34" HPOS="507" VPOS="3954" WIDTH="24" />
<String CONTENT="study" HEIGHT="66" HPOS="532" VPOS="3936" WIDTH="171" />
<SP HEIGHT="49" HPOS="704" VPOS="3953" WIDTH="23" />
<String CONTENT="of" HEIGHT="52" HPOS="728" VPOS="3936" WIDTH="64" />
<SP HEIGHT="54" HPOS="793" VPOS="3934" WIDTH="23" />
<String CONTENT="finger" HEIGHT="68" HPOS="817" VPOS="3934" WIDTH="179" />
<SP HEIGHT="49" HPOS="997" VPOS="3953" WIDTH="26" />
<String CONTENT="prints." HEIGHT="69" HPOS="1024" VPOS="3933" WIDTH="203" />
<SP HEIGHT="50" HPOS="1228" VPOS="3936" WIDTH="71" />
<String CONTENT="2d" HEIGHT="52" HPOS="1300" VPOS="3934" WIDTH="72" />
<SP HEIGHT="52" HPOS="1373" VPOS="3934" WIDTH="26" />
<String CONTENT="ed." HEIGHT="52" HPOS="1400" VPOS="3934" WIDTH="84" />
<SP HEIGHT="53" HPOS="1485" VPOS="3933" WIDTH="71" />
<String CONTENT="New" HEIGHT="53" HPOS="1557" VPOS="3933" WIDTH="138" />
<SP HEIGHT="52" HPOS="1696" VPOS="3934" WIDTH="27" />
<String CONTENT="York," HEIGHT="67" HPOS="1724" VPOS="3933" WIDTH="177" />
<SP HEIGHT="69" HPOS="1902" VPOS="3931" WIDTH="26" />
<String CONTENT="Munn" HEIGHT="53" HPOS="1929" VPOS="3931" WIDTH="181" />
<SP HEIGHT="51" HPOS="2111" VPOS="3933" WIDTH="25" />
<String CONTENT="&amp;" HEIGHT="50" HPOS="2137" VPOS="3933" WIDTH="45" />
<SP HEIGHT="50" HPOS="2183" VPOS="3933" WIDTH="22" />
<String CONTENT="co.," HEIGHT="50" HPOS="2206" VPOS="3943" WIDTH="90" />
</TextLine>
<TextLine HEIGHT="66" HPOS="324" STYLEREFS="StyleId-BAEBAABB-8E8A-457C-B2A4-6C91EB58FED4-" VPOS="4013" WIDTH="306">
<String CONTENT="inc.," HEIGHT="66" HPOS="324" VPOS="4013" WIDTH="125" />
<SP HEIGHT="64" HPOS="450" VPOS="4015" WIDTH="29" />
<String CONTENT="1935." HEIGHT="51" HPOS="480" VPOS="4014" WIDTH="150" />
</TextLine>
</TextBlock>
</PrintSpace>
</Page>
</Layout>
</alto>