2424 4375
1022 4050 99 55 537

79 437 340 66 Aldington,
448 437 275 57 Richard.

148 514 342 54 Butterflies.

158 589 82 47 (In
266 584 181 44 Nash’s
477 585 107 42 Pall
612 584 116 43 mall
757 584 273 52 magazine,
1059 585 158 51 April,
1250 586 141 50 1935)

79 641 1987 53 © 1c. May 14, 1935; A ad int. 20213; pubd. Mar. 19; Doubleday, Doran
148 702 36 40 &
209 713 80 36 co.,
315 702 106 47 inc.,
451 702 191 40 Garden
672 701 124 48 City,
823 702 54 39 N.
904 702 53 39 Y.

77 805 210 66 Ayres,
315 806 173 62 Ruby
514 804 266 55 Mildred.

147 881 165 54 Some
339 883 183 67 day—
605 887 29 47 [3
662 882 373 67 instalments]

157 957 84 47 (In
264 953 85 51 My
375 952 203 52 weekly,
603 954 128 41 Mar.
758 955 72 49 23,
856 954 71 49 30,
953 953 120 51 Apr.
1102 954 40 49 6,
1171 954 142 49 1935)

79 1008 1983 53 © 1c. each May 16, 1935; A ad int. 20223; pubd. Mar. 18, 25, Apr. 1;
147 1070 140 48 Ruby
313 1070 62 39 M.
404 1070 153 47 Ayres
585 1070 199 46 Pocock,
815 1070 66 39 St.
911 1069 222 48 George’s
1162 1069 117 47 Hill,
1313 1070 191 47 Surrey,
1536 1070 234 47 England.

78 1159 220 64 Bailey,
329 1160 221 53 Robert
585 1159 66 56 G.

146 1236 175 52 River
363 1237 63 52 of
465 1254 73 34 no
579 1237 197 51 return
828 1235 121 68 (the
990 1239 161 64 great
1195 1234 233 55 Salmon
1470 1233 152 54 river
1662 1234 64 53 of
1765 1234 213 69 Idaho)
2033 1256 30 32 a

78 1317 234 64 century
362 1312 64 53 of
476 1316 215 50 central
742 1313 183 53 Idaho
977 1314 112 52 and
1141 1316 219 51 eastern
1411 1312 382 68 Washington
1843 1311 221 69 history

78 1393 111 52 and
237 1391 420 67 development;
709 1391 256 68 together
1013 1390 140 52 with
1201 1391 94 52 the
1341 1408 163 49 wars,
1550 1394 260 63 customs,
1857 1391 208 68 myths,

78 1471 110 51 and
220 1469 229 68 legends
483 1469 64 52 of
578 1469 93 52 the
703 1469 115 52 Nez
852 1469 171 54 Perce
1056 1467 256 53 Indians.
1388 1469 89 67 By
1512 1469 214 52 Robert
1757 1468 69 55 G.
1861 1468 202 70 Bailey

137 1544 1585 71 … Lewiston, Id., Bailey-Blake printing co., 1935.
147 1620 130 48 xxiv,
310 1621 83 39 515
427 1631 41 36 p.
530 1620 163 46 front.,
725 1620 127 38 illus.
911 1619 146 39 23½cm.

149 1673 1913 51 “There are not to exceed 1400 copies printed … Each is autographed
79 1733 61 40 by
172 1733 81 40 the
282 1733 190 43 author,
505 1733 94 38 and
634 1732 81 39 the
745 1732 157 47 copies
934 1729 260 42 numbered
1284 1729 25 17 …”
1369 1730 118 40 This
1520 1741 118 37 copy
1672 1734 83 37 not
1787 1732 274 40 numbered.

79 1786 50 52 ©
156 1790 113 48 Apr.
296 1790 41 46 1,
363 1788 140 47 1935;
530 1788 68 40 2c.
625 1789 114 47 Apr.
768 1788 81 47 10;
878 1787 80 41 aff.
987 1789 112 47 Apr.
1129 1787 82 47 22;
1242 1788 40 39 A
1309 1789 169 46 81543;
1509 1789 56 40 R.
1595 1789 52 40 G.
1677 1789 185 49 Bailey,
148 1789 1899 104 Lewiston,
270 1848 68 38 Id.
409 1845 249 49 (35-6369)

77 1933 284 64 Barbour,
392 1933 188 66 Ralph
613 1936 222 62 Henry,
870 1934 168 56 1870-

208 2032 86 33 How
331 2018 57 47 to
428 2014 138 66 play
601 2012 181 53 better
817 2012 277 66 baseball;
1136 2012 94 53 for
1267 2011 193 68 junior
1499 2014 225 65 players
1764 2014 111 51 and
1915 2013 148 53 their

79 2089 1922 68 coaches, by Ralph Henry Barbour and La Mar Sarra …
77 2165 137 53 New
262 2167 179 66 York,
488 2167 256 67 London,
791 2168 71 50 D.
910 2166 580 68 Appleton-Century
1537 2185 296 51 company,
77 2169 1962 139 incorporated,
364 2247 150 50 1935.

146 2316 99 47 viii,
279 2316 85 40 176
393 2328 42 36 p.
494 2315 117 41 20cm.

79 2369 51 51 ©
153 2373 109 48 Apr.
289 2373 68 46 19,
382 2374 140 45 1935;
549 2373 66 39 2c.
640 2373 113 48 Apr.
777 2373 82 46 20;
885 2372 81 40 aff.
993 2372 112 48 Apr.
1131 2373 82 46 23;
1240 2373 41 39 A
1308 2373 169 46 81546;
1506 2375 56 38 D.
1588 2374 475 50 Appleton-Century

147 2441 81 36 co.,
256 2429 88 41 inc.
416 2430 249 48 (35-6375)

78 2513 302 67 Bardwell,
409 2516 255 54 Richard
690 2515 290 65 Woleben,
1012 2521 169 49 1889-

149 2594 366 66 Elementary
538 2595 242 66 English
804 2593 59 52 in
887 2594 202 52 action,
1148 2594 175 67 grade
1347 2599 46 47 3.
1455 2598 90 64 By
1569 2597 66 51 R.
1658 2597 88 53 W.
1773 2597 289 52 Bardwell

141 2671 1920 71 … Ethel Mabie … [and] J. C. Tressler … With drawings by
85 2746 58 54 C.
176 2750 65 51 E.
275 2750 65 51 B.
375 2749 275 52 Bernard.
717 2750 231 65 Boston,
980 2750 138 51 New
1150 2749 161 53 York
1348 2753 137 63 [etc.]
1522 2752 70 51 D.
1628 2752 61 53 C.
1722 2752 193 51 Heath
1948 2753 112 52 and

80 2830 498 64 company [ c 1935]
148 2900 101 46 xiii,
276 2899 87 41 205
386 2910 42 37 p.
483 2900 126 39 illus.
639 2899 129 48 (part
800 2900 111 47 col.)
949 2898 176 47 diagrs.
1182 2898 145 41 19½cm.

82 2953 50 52 ©
160 2957 112 47 Apr.
302 2957 68 47 12,
398 2956 140 45 1935;
568 2956 66 39 2c.
666 2957 112 45 May
807 2956 53 44 4;
891 2954 80 41 aff.
1003 2956 114 46 May
1146 2955 51 45 8;
1230 2956 41 38 A
1301 2955 170 47 82957;
1501 2957 57 39 R.
1589 2957 71 39 W.
1691 2958 243 40 Bardwell
1967 2959 95 40 and

150 3015 140 38 Ethel
322 3013 172 46 Mabie,
526 3010 237 49 Madison,
794 3011 131 48 Wis.,
957 3013 94 38 and
1084 3013 41 38 J.
1161 3012 50 40 C.
1243 3013 231 48 Tressler,
1506 3014 122 39 Kew
1659 3014 232 45 Gardens,
1925 3016 49 38 L.
2010 3017 52 46 I.,

149 3070 55 39 N.
234 3071 53 39 Y.

82 3158 268 66 Bennett,
380 3161 216 62 Harry,
627 3164 169 49 1895-
1006 3160 83 51 ed.

147 3236 119 53 The
294 3236 268 54 chemical
592 3235 345 67 formulary;
971 3255 30 33 a
1029 3236 311 53 condensed
1371 3237 292 53 collection
1693 3238 63 52 of
1784 3240 276 66 valuable,

82 3312 209 68 timely,
326 3314 272 68 practical
635 3313 280 53 formulae
951 3314 94 51 for
1077 3313 236 68 making
1347 3315 310 53 thousands
1694 3316 62 52 of
1791 3318 269 66 products

82 3388 1953 150 in all fields of industry. Volume 2. Editor-in-chief, II. Bennett. New York, D. Van Nostrand company, inc. [ c 1935]
152 3542 61 42 ix,
243 3543 86 40 570
356 3554 40 36 p.
454 3541 56 39 22½
542 3544 44 21 cm
589 3571 13 9 .

86 3594 50 52 ©
170 3600 107 38 Jan.
310 3599 40 46 3,
384 3597 140 47 1935;
559 3596 66 40 2c.
660 3597 109 39 Jan.
804 3597 80 46 14;
922 3596 81 40 aff.
1037 3597 121 40 Mar.
1193 3598 80 46 14;
1312 3599 40 38 A
1387 3599 168 45 81373;
1593 3599 58 39 H.
1688 3600 222 44 Bennett,
1945 3603 117 39 New

152 3656 141 47 York,
323 3657 94 38 and
445 3656 57 37 D.
529 3654 109 39 Van
663 3654 246 39 Nostrand
937 3663 81 37 co.,
1047 3653 90 40 inc.

83 3741 175 56 Bible.
329 3744 72 52 N.
436 3746 64 51 T.
574 3740 250 67 Epistles
859 3742 62 63 of
953 3741 163 53 Paid.
1194 3742 199 53 Greek.
1465 3747 152 52 1935.

152 3820 54 50 A
251 3820 421 62 third-century
718 3833 251 50 papyrus
1016 3816 173 52 codex
1238 3817 64 52 of
1347 3816 96 51 the
1489 3816 251 68 Epistles
1787 3820 64 51 of
1897 3821 164 66 Paul,

87 3891 1949 145 edited by Henry A. Sanders … Ann Arbor, Mich., University of Michigan press, 1935.
