2568 4342
1318 4117 28 47 18

315 496 196 66 Boyle,
539 498 204 53 James
768 498 236 62 Ernest,
1035 500 171 50 1873-

389 587 208 55 Cotton
629 589 112 52 and
770 588 95 51 the
896 588 137 52 New
1067 585 241 55 Orleans
1339 590 190 49 cotton
1560 586 313 66 exchange;
1910 603 31 33 a
1974 589 233 63 century
2239 584 65 53 of

319 662 1983 70 commercial evolution, by James E. Boyle … Garden City,
318 744 69 53 N.
415 745 89 66 Y.,
528 744 239 53 Printed
797 748 58 47 at
880 743 96 52 the
1003 743 259 66 Country
1287 740 105 54 life
1418 759 173 49 press,
1617 745 150 50 1934.

387 817 51 38 ix
464 827 57 37 p.,
549 817 25 38 1
635 847 9 16 l.,
671 815 84 41 192
781 826 42 38 p.
883 815 56 40 19
942 818 44 21 cm
990 847 9 9 .

388 873 159 40 “First
579 872 225 42 edition.”

318 941 51 52 ©
395 947 109 38 Dec.
528 944 69 48 21,
624 943 139 47 1934;
792 943 65 41 2c.
888 945 93 38 and
1008 942 80 41 aff.
1117 943 107 39 Jan.
1252 942 39 47 5,
1319 941 113 41 1935;
1488 942 41 38 A
1554 941 144 40 79037;
1753 941 297 48 Doubleday,
2079 943 166 39 Doran
2272 941 37 41 &

385 1012 79 37 co.,
489 1001 89 40 inc.
650 1000 219 48 (35-649)

314 1106 293 65 Brandon,
636 1106 154 53 John
821 1106 66 55 G.

387 1182 120 52 The
552 1182 343 53 one-minute
941 1182 247 65 murder,
1234 1180 73 67 by
1352 1180 155 53 John
1555 1178 66 55 G.
1670 1178 290 53 Brandon.
2050 1179 257 68 London,

319 1259 269 54 Methuen
614 1260 44 49 &
685 1277 77 34 co.
790 1257 103 54 ltd.
926 1260 172 65 [1934]

388 1327 766 50 vi p., 1 l., 278 p., 1 l. 19½ cm .
319 1399 1989 52 © 1c. Jan. 12, 1935; A ad int. 19893; pubd. Nov. 15; J. G. Brandon,
385 1459 446 46 Westcliff-on-Sea,
868 1460 166 46 Essex,
1071 1460 234 47 England.
1377 1458 251 49 (35-1597)

317 1562 238 65 Breuer,
583 1562 222 56 Bessie.

386 1638 258 68 Memory
676 1638 61 54 of
770 1638 141 68 love,
943 1639 73 67 by
1050 1639 191 54 Bessie
1275 1642 231 52 Breuer.
1574 1639 139 52 New
1746 1638 179 67 York,
1961 1637 198 56 Simon
2194 1640 113 51 and

317 1715 284 67 Schuster,
629 1720 149 49 1934.

384 1789 562 49 3 p. l. , 243 p. 19½ cm .
321 1857 53 52 ©
409 1862 105 39 Jan.
555 1861 38 46 8,
632 1859 139 48 1935;
810 1860 64 40 2c.
915 1860 107 39 Jan.
1062 1860 81 46 11;
1183 1859 78 40 aff.
1303 1861 108 39 Jan.
1451 1859 81 47 10';
1574 1860 43 39 A
1652 1858 170 48 78972;
1863 1861 51 38 B.
1955 1861 198 46 Breuer,
2193 1861 115 39 New

386 1917 123 48 City,
537 1918 55 38 N.
621 1918 51 38 Y.
744 1918 221 47 (35-755)

317 2020 343 66 Buchholtz,
689 2022 318 64 Johannes,
1040 2026 172 49 1882-

388 2096 190 56 Secret
610 2116 226 50 arrows,
867 2098 76 68 by
973 2098 291 54 Johannes
1296 2096 347 67 Buchholtz;
1678 2097 315 53 translated
2027 2097 153 53 from
2212 2098 96 53 the

318 2176 220 52 Danish
582 2175 75 67 by
702 2176 182 53 Paula
929 2175 255 69 Wiking.
1259 2175 257 67 London,
1561 2174 365 53 Hutchinson
1971 2178 46 50 &
2061 2194 98 48 co.,
2204 2176 101 52 ltd.

323 2256 171 64 [1934]

389 2326 584 50 2 p. l. , 9-288 p. 19 cm .
321 2392 1986 53 © 1c. Dec. 21, 1934; A ad int. 19821; pubd. Oct. 23; Paula Wiking,
386 2454 208 39 London.
667 2454 249 49 (35-1055)

318 2555 226 65 Cairns,
573 2557 216 55 Frank.

391 2633 120 52 The
549 2634 247 67 prophet
832 2634 65 53 of
932 2635 95 52 the
1066 2635 191 66 heart;
1298 2634 171 67 being
1507 2634 99 53 the
1640 2634 280 54 Warrack
1958 2635 240 52 lectures
2237 2652 71 35 on

325 2710 1985 144 preaching for 1934, by Frank Cairns … London, Hodder and Stoughton,
694 2788 221 54 limited
973 2792 152 64 [1934]

390 2856 85 39 205
505 2866 44 38 p.
608 2857 56 40 19
667 2860 43 20 cm
715 2890 8 8 .

392 2912 376 42 CONTENTS.—A
800 2915 277 40 chivalrous
1106 2916 447 40 adventure.—The
1585 2926 189 29 sermon
1809 2926 54 29 as
1898 2926 62 29 an

1993 2917 79 38 act
2104 2915 53 39 of
322 2925 1967 91 worship.—
534 2970 102 38 The
674 2980 188 29 sermon
903 2982 55 29 as
999 2972 83 39 the
1122 2972 203 47 prophet
1366 2972 51 39 of
1457 2972 82 40 the
1578 2973 156 40 heart.
1751 2994 60 6 —
1825 2972 290 47 Technique.
2131 2995 60 5 —
2206 2972 101 41 The

323 3026 229 46 preacher
578 3026 209 41 himself.

323 3093 1986 56 © 1c. Dec. 29, 1934; A ad int. 19819; pubd. Oct. 31; Harper & bros.,
388 3155 115 39 New
535 3156 141 38 York.
747 3156 249 48 (35-1734)

320 3254 257 66 Cannon,
605 3254 351 69 Alexander,
986 3265 172 49 1896-

390 3331 227 53 Powers
659 3333 125 52 that
825 3334 82 53 be.
996 3335 148 68 (The
1185 3335 261 68 Mayfair
1489 3336 265 68 lectures)
1844 3337 89 67 By
1977 3333 330 54 Alexander

321 3406 1770 74 Cannon … London, The Francis Mott company [1934]
388 3490 76 34 xv,
489 3480 85 39 221
596 3491 43 37 p.
667 3481 107 42 incl.
800 3483 135 41 front.
977 3485 170 47 (port.)
1182 3485 142 44 illus.,
1351 3483 178 48 diagrs.
1585 3485 55 38 19
1644 3487 43 21 cm
1692 3516 8 8 .

390 3534 162 42 “First
579 3537 255 47 published
867 3539 216 49 October,
1113 3540 129 41 1934.
1304 3539 181 41 Second
1519 3540 286 47 impression
1838 3539 217 46 October,
2092 3538 156 41 1934.”

325 3589 1980 57 © 1c. Dec. 5, 1934; A ad int. 19854; pubd. Oct. 12; A. Cannon, Bexley,
389 3651 141 45 Kent,
563 3652 231 46 England.
865 3654 250 47 (35-1676)

322 3750 264 65 Carfrae,
617 3751 323 59 Elizabeth.

387 3827 163 66 Lady
577 3828 73 66 by
676 3832 298 67 marriage.
1042 3833 362 65 [Instalment
1429 3836 46 62 9]

400 3900 84 47 (In
508 3897 156 42 Home
691 3899 128 50 chat,
849 3901 112 43 Dec.
990 3904 69 49 15,
1090 3903 142 49 1934)

324 3950 1981 59 © 1c. Feb. 4, 1935; A ad int. 19930; pubd. Dec. 10, 1934; Elizabeth
391 4012 204 42 Carfrae
629 4013 230 49 Cradock,
893 4017 191 48 Hadley
1117 4019 162 46 Wood,
1317 4019 190 44 Sussex,
1544 4018 233 47 England.
