2424 4375
1043 4070 131 53 1753

119 456 255 64 Holmes,
405 457 312 62 Llewellyn
750 457 201 63 Perry,
984 461 169 49 1895-

189 533 255 66 Roaring
483 549 191 51 range,
715 533 73 66 by
831 533 63 50 L.
939 532 61 50 P.
1046 532 249 53 Holmes.
1388 531 134 52 New
1569 531 177 67 York,
1786 530 322 68 Greenberg

123 612 192 66 [c1935]

186 679 561 49 2 p. l., 250 p. 19½ cm .
117 736 52 53 ©
197 741 100 40 Oct.
325 741 39 40 8,
391 739 112 40 1935;
559 739 67 41 2c.
653 741 117 38 Nov.
797 740 55 38 22;
910 740 79 39 aff.
1019 740 117 39 Nov.
1165 739 54 39 10;
1276 740 38 38 A
1343 738 145 42 89538;
1545 740 274 47 Greenberg
1845 740 262 48 publisher,

185 798 90 39 inc.
345 797 278 47 (35-33584)

118 900 282 62 Hopkins,
431 902 135 50 Mrs.
598 900 364 63 Marguerite
994 900 255 65 (Stotts)

184 975 1865 69 Dress design and selection, by Marguerite Stotts Hopkins …
118 1055 137 51 New
285 1054 178 67 York,
491 1054 120 53 The
639 1054 332 52 Macmillan
1000 1072 298 50 company,
1329 1057 149 49 1935.

187 1129 79 42 vii,
297 1130 83 38 196
405 1139 42 37 p.
511 1129 142 46 illus.,
682 1130 171 46 plates,
882 1128 178 48 diagrs.
1117 1128 54 39 22
1175 1130 43 21 cm
1223 1160 8 9 .

215 1186 186 39 “French
429 1186 96 39 and
552 1186 255 40 American
837 1185 275 48 designers”;
1173 1196 40 37 p.
1244 1186 216 40 176-183.

219 1244 402 47 “Supplementary
658 1242 251 48 readings”
949 1247 52 35 at
1036 1244 89 37 end
1166 1242 51 40 of
1253 1247 124 35 most
1414 1244 51 37 of
1505 1243 80 40 the
1622 1244 253 47 chapters;
120 1242 1973 106 bibliography
307 1311 58 28 on

403 1300 201 39 historic
640 1302 214 37 costume;
919 1310 41 37 p.
999 1299 227 46 158-167;
1268 1299 241 40 "Fashion
1546 1299 303 48 magazines”;
1916 1311 40 37 p.
1997 1300 112 41 184-

119 1358 95 39 186.

119 1410 52 53 ©
198 1415 117 39 Nov.
342 1414 69 41 26.
440 1413 112 39 1935;
608 1413 67 40 2c.
704 1414 95 38 and
827 1412 80 40 aff.
935 1413 117 39 Nov.
1080 1413 54 39 27;
1194 1414 39 37 A
1262 1411 141 41 89641;
1464 1412 279 41 Macmillan
1772 1423 65 30 co.
199 1471 279 47 (35-34870)

119 1574 223 62 Hovey,
372 1573 131 54 Otis
533 1572 162 65 Ellis,
727 1576 169 49 1864-

191 1647 1917 69 Steel dams, by Otis Ellis Hovey … New York, American
119 1727 257 53 institute
409 1727 63 52 of
505 1727 135 53 steel
673 1727 400 66 construction,
1110 1730 148 50 1935.

188 1803 82 37 122
301 1813 39 36 p.
370 1802 109 39 incl.
505 1802 164 46 front.,
697 1802 142 46 illus.,
869 1800 177 48 diagrs.
1106 1800 55 40 23½
1194 1803 44 20 cm
1243 1833 8 8 .

190 1860 131 38 Each
351 1862 114 44 part
492 1859 232 47 preceded
756 1858 60 48 by
845 1857 236 40 half-title
1110 1862 84 36 not
1224 1857 224 41 included
1478 1858 49 39 in
1560 1859 80 39 the
1671 1858 189 49 paging.

189 1916 349 47 Bibliography;
596 1925 43 37 p.
670 1914 215 40 103-114.

121 1969 52 53 ©
201 1974 99 40 Oct.
332 1974 68 43 15,
429 1971 113 40 1935;
600 1972 66 40 2c.
697 1973 95 38 and
823 1971 80 40 aff.
933 1972 118 39 Nov.
1080 1970 55 41 27;
1194 1972 43 38 A
1265 1971 169 47 89620;
1466 1972 158 40 Amer,
1656 1971 228 43 institute
1911 1973 54 39 of
1994 1975 118 39 steel

191 2029 341 41 construction.
604 2027 278 49 (35-34869)

122 2120 268 62 Hulbert,
421 2119 310 54 Winifred.

251 2194 1862 69 … Latin American backgrounds. New York, Friendship
125 2292 151 50 press
313 2307 12 33 [
330 2281 18 21 c
353 2277 151 63 1935]

191 2345 984 51 xii p., 1 l., 209 p. fold. map. 19½cm.
193 2409 59 37 At
281 2407 121 38 head
429 2405 51 39 of
507 2404 109 41 title;
669 2405 73 46 By
769 2403 240 41 Winifred
1036 2404 223 39 Hulbert.

195 2462 245 48 "Heading
467 2461 110 41 list”;
634 2472 41 37 p.
709 2459 243 52 [192]-197.

122 2517 51 52 ©
200 2522 118 43 Aug.
345 2521 38 42 8,
412 2518 115 41 1935;
581 2519 65 39 2c.
676 2519 95 38 and
799 2518 79 39 aff.
908 2519 107 38 Dec.
1045 2517 53 46 3;
1128 2517 42 39 A
1196 2516 168 48 89674;
1397 2517 52 40 G.
1478 2517 50 47 Q.
1559 2518 240 47 LeSourd,
1825 2519 116 39 New
1969 2520 144 39 York.

202 2576 278 48 (35-34880)

124 2665 373 61 Idealismus;
581 2665 278 67 jahrbuch
937 2663 99 53 für
1113 2663 90 53 die
1278 2662 382 55 idealistische
1738 2667 374 66 philosophie,

193 2743 91 52 bd.
325 2748 45 48 1.
444 2743 205 52 Zürich
693 2746 135 63 [etc.]
871 2741 248 53 Rascher
1155 2744 44 49 &
1234 2740 96 53 cie.
1371 2760 128 48 a.-g.
1537 2743 213 66 vertag,
1792 2747 146 49 1934.

193 2814 360 49 280 p. 25 ½ cm .
126 2873 170 40 Editor;
354 2883 40 28 v.
425 2873 38 44 1,
496 2873 150 38 Ernst
670 2871 194 38 Harms.

193 2930 223 39 Includes
450 2928 207 39 sections
693 2925 414 48 ’‘Bibliographie”
1144 2927 96 39 and
1274 2926 559 48 “Neuerscheinungen”.

120 2982 1995 53 © Aug. 27, 1934; 1c . Jan. 8, 1935; A -Foreign 26621; Hascher & cie., a.-g.,
192 3045 178 45 Verlag.
443 3041 277 48 (35-17748)

126 3132 234 63 Jepson,
391 3130 189 55 Willis
606 3129 169 66 Linn,
807 3131 168 51 1867-

194 3208 57 51 A
278 3207 141 68 high
450 3206 186 53 school
667 3205 139 54 flora
838 3205 92 51 for
962 3204 339 68 California,
1333 3204 297 68 including
1662 3208 93 52 the
1786 3223 153 38 more
127 3225 1962 111 common
297 3285 190 52 native

530 3282 291 67 flowering
865 3283 190 66 plants
1100 3282 112 51 and
1256 3280 310 56 cultivated
1611 3301 133 50 crop
1789 3285 208 68 plants,
2043 3286 71 67 by

129 3357 1986 70 Willis Linn Jepson … Berkeley, Calif., Associated students
128 3445 145 47 store
312 3440 171 65 [1935]

196 3508 83 41 223
317 3517 42 38 p.
419 3508 126 39 illus.
606 3506 115 40 20cm.

199 3566 258 39 Published
485 3564 114 39 1924
629 3563 151 40 under
809 3562 108 41 title;
973 3562 40 39 A
1040 3562 117 40 flora
1188 3563 51 40 of
1266 3564 82 39 the
1373 3565 242 39 economic
1642 3566 162 47 plants
1831 3569 53 39 of
128 3569 1969 92 California
235 3622 80 39 for
342 3620 320 49 agricultural
691 3619 235 40 students.

198 3678 246 41 “Selected
473 3676 202 47 reading
701 3674 299 40 references”;
1058 3685 42 38 p.
1132 3675 113 49 [213]

131 3735 51 52 ©
211 3739 125 46 Sept.
362 3737 68 47 30,
455 3736 113 39 1935;
622 3734 67 40 2c.
716 3735 95 38 and
838 3733 80 40 aff.
946 3734 115 38 Nov.
1092 3734 81 45 11;
1202 3735 39 37 A
1269 3733 169 47 89325;
1469 3735 69 40 W.
1567 3736 50 39 L·.
1646 3737 192 50 Jepson,
1869 3741 247 50 Berkeley,

196 3795 142 40 Calif.
397 3792 278 50 [Copyright
704 3792 42 38 is
773 3791 202 37 claimed
1006 3801 61 27 on
1094 3789 307 48 corrections]
1475 3790 278 52 (35-34863)

131 3880 280 65 Johnson,
437 3879 284 54 Marshall
749 3879 84 51 La
860 3878 269 64 Fayette,
1160 3881 168 50 1848-

202 3958 159 53 Trail
392 3956 258 62 blazing;
685 3973 30 34 a
744 3959 126 48 true
898 3957 158 65 story
1084 3953 63 54 of
1176 3953 96 53 the
1302 3955 282 67 struggles
1615 3958 137 52 with
1784 3958 203 56 hostile
2018 3965 94 50 In-
