2424 4375
1028 4058 134 53 1207

101 444 246 66 Spiegel,
377 447 216 63 Edgar,
621 445 247 66 freiherr
892 460 130 49 von,
1053 449 170 50 1885-

101 532 1982 147 … Meere, insein, menschen; vom seekadetten zum U-boot-kommandanten. [Berlin, A. Scherl gmbh., 1934]
171 696 913 51 2 p. l., 7-225, [1] p. plates. 22 cm .
171 768 64 39 At
258 768 125 39 head
408 767 52 40 of
485 767 134 40 title:
647 768 52 39 E.
725 765 211 41 freiherr
960 778 42 28 v.
1035 765 201 49 Spiegel.

171 824 129 41 Title
328 834 59 29 on
417 827 93 38 two
541 824 175 40 leaves.

172 881 218 47 Voyages
419 882 49 39 to
497 881 81 39 the
611 881 151 39 South
791 889 105 31 seas
937 881 140 47 (New
1106 878 201 49 Guinea,
1339 879 188 48 Samoa,
1556 878 240 49 Ponape),
1826 877 183 49 Agadir
2038 879 50 40 in

103 935 126 51 1911,
261 938 94 39 and
386 936 398 48 Constantinople
815 937 175 48 during
1019 938 82 39 the
1130 937 192 39 Balkan
1349 946 104 29 war
1484 935 51 41 of
1564 934 214 42 1912-13.

104 1004 1984 53 © Dec. 5, 1934; 1c. Apr. 26, 1935; A-Foreign 27764; August Scherl,
172 1076 41 37 g.
242 1077 59 28 m.
329 1066 42 39 b.
398 1066 43 39 h.
516 1065 279 49 (35-15016)

103 1195 325 66 Stackpole,
460 1197 274 52 Edouard
761 1196 89 65 A.,
880 1202 170 49 1905-

170 1284 375 69 Madagascar
584 1283 173 68 Jack;
797 1285 95 55 the
930 1289 153 64 story
1123 1283 63 54 of
1223 1304 30 33 a
1293 1282 324 56 Nantucket
1652 1282 230 69 whaler,
1924 1281 167 71 being

101 1363 95 54 the
224 1368 233 48 account
482 1362 62 52 of
570 1360 160 56 Obed
758 1360 62 56 C.
848 1362 223 67 Folger,
1097 1362 245 53 thirteen
1367 1378 162 51 years
1554 1361 62 55 of
1644 1378 120 51 age,
1789 1360 128 53 who
1941 1366 150 49 went

102 1446 59 48 to
193 1441 95 54 the
322 1438 181 55 South
538 1458 118 35 seas
690 1436 139 56 with
863 1438 328 69 whalemen,
1228 1439 112 54 and
1377 1438 183 54 found
1593 1439 156 54 there
1786 1456 172 51 many

103 1438 1962 133 adventures
393 1536 58 35 as
478 1518 129 52 well
635 1534 59 36 as
724 1534 186 51 sperm
938 1515 223 54 whales.
1227 1515 92 70 By
1347 1514 277 55 Edouard
1652 1515 70 53 A.
1755 1515 303 70 Stackpole
2075 1534 12 49 ;

102 1592 137 55 with
273 1593 377 54 illustrations
683 1593 74 67 by
793 1591 231 54 Gordon
1059 1592 199 54 Grant.
1330 1592 136 52 New
1506 1592 178 68 York,
1718 1593 86 52 W.
1843 1593 245 53 Morrow

102 1672 45 51 &
172 1687 293 51 company,
495 1672 151 51 1935.

171 1755 64 48 ix,
267 1754 70 50 [1],
363 1753 86 43 308
474 1765 43 37 p.
545 1755 111 40 incl.
680 1754 143 48 illus.,
851 1756 168 46 plates,
1080 1756 85 40 col.
1193 1755 149 42 front.
1401 1755 54 39 21
1460 1758 44 22 cm
1508 1786 10 10 .

171 1824 287 41 Illustrated
486 1825 360 48 lining-papers.

108 1895 51 53 ©
193 1900 119 47 Aug.
345 1898 69 49 28,
451 1898 140 47 1935;
627 1898 67 40 2c.
732 1899 124 47 Sept.
890 1898 26 40 6;
982 1897 82 40 aff.
1103 1898 126 47 Sept.
1265 1899 52 46 7;
1354 1899 41 38 A
1429 1899 170 46 86224;
1639 1901 50 37 E.
1726 1900 54 39 A.
1821 1901 269 47 Stackpole,

176 1957 279 39 Nantucket
481 1956 182 46 Island,
691 1956 146 39 Mass.
907 1954 279 49 (35-15046)

100 2087 266 65 Stevens,
395 2088 270 54 Wallace.

173 2176 167 54 Ideas
378 2177 64 53 of
479 2177 183 68 order,
698 2178 76 67 by
812 2178 251 54 Wallace
1106 2178 250 55 Stevens.
1431 2179 138 52 New
1610 2178 178 67 York,
1828 2181 120 51 The
104 2180 1961 130 Alcestis
293 2273 174 50 press,
498 2260 149 49 1935.

175 2339 675 49 3 p. l., 5-63 p., 1 l. 24 cm .
177 2410 183 41 Poems.

178 2466 1912 52 “This first edition … is strictly limited to 165 copies, signed by the
107 2523 1985 53 author … 135 copies, numbered 1-135 on Strathmore permanent all-rag
108 2581 1278 47 paper, are for sale … This copy is number 3.”
109 2647 51 53 ©
184 2652 120 47 Aug.
333 2651 67 48 12,
430 2650 139 48 1935;
600 2651 67 41 2c.
695 2652 119 47 Aug.
843 2651 81 47 20;
957 2652 81 39 aff.
1066 2653 120 47 Aug.
1215 2653 81 46 17;
1327 2653 42 39 A
1397 2652 142 41 84993;
1597 2655 70 39 W.
1702 2655 214 46 Stevens,
173 2656 1902 91 Hartford.
369 2708 278 47 (35-15138)

108 2836 204 69 Surén,
342 2840 183 64 Hans,
557 2845 170 49 1885-

107 2927 1958 131 … Kampf um Kamerun; Garua. Mit 94 historischen bilddokumenten
510 3007 112 51 und
653 3011 29 47 5
707 3006 216 53 karten.
987 3007 216 66 Berlin,
1233 3006 198 55 Scherl
1465 3040 13 34 [
1482 3013 19 22 c
1505 3010 152 63 1934]

177 3076 1487 52 2 p. l., [7]-332. [7] p. illus. (maps) plates, ports. 23 cm .
179 3146 127 42 Title
331 3158 61 29 on
416 3148 27 39 2
470 3148 174 40 leaves.

180 3201 331 43 “Literatur”:
544 3214 41 37 p.
617 3204 98 41 332.

110 3268 1982 62 © Oct. 24, 1934; 1c. Apr. 26, 1935; A-Foreign 27765; August Scherl,
181 3341 42 37 g.
252 3342 60 29 m.
343 3332 40 39 b.
415 3333 44 38 h.
529 3332 278 47 (35-14818)

112 3458 307 66 Symonds,
446 3463 264 53 Percival
736 3463 231 66 Mallon,
1000 3470 171 50 1893-

177 3548 411 56 Measurement
624 3552 62 51 of
717 3553 95 52 the
844 3555 349 68 personality
1226 3553 376 70 adjustments
1634 3556 62 53 of
1729 3556 141 69 high
1902 3557 190 53 school

113 3627 1979 72 pupils, by Percival M. Symonds … in collaboration with
114 3702 1980 78 Claude E. Jackson … New York city, Teachers college,
112 3779 298 54 Columbia
438 3784 333 67 university,
802 3788 148 50 1935.

179 3865 65 48 xi,
273 3866 84 40 110
384 3877 44 37 p.
486 3866 58 40 23
546 3869 43 21 cm
593 3899 8 8 .

115 3930 51 53 ©
199 3936 116 48 July
346 3937 68 47 15,
449 3937 139 47 1935;
624 3939 67 39 2c.
723 3939 119 48 Aug.
874 3940 82 47 21;
993 3939 80 41 aff.
1108 3941 117 48 Aug.
1259 3942 82 47 17;
1377 3942 43 39 A
1451 3942 170 48 86019;
1657 3945 50 38 P.
1744 3945 62 39 M.
1844 3945 249 48 Symonds,

180 3992 116 38 New
321 3994 143 36 York.
534 3994 277 36 (35-15580)
