2424 4375
1072 4070 97 52 947

144 467 231 65 Collins,
404 469 220 53 Archie
651 468 333 64 Frederick,
1014 473 171 50 1869-

211 544 1854 68 How to understand electricity [by] A. Frederick Collins …
145 620 135 54 with
322 626 98 49 158
458 621 377 54 illustrations
875 623 110 52 and
1028 621 303 69 diagrams.
1406 621 425 68 Philadelphia,
1870 623 256 58 London,

143 700 1058 68 J. B. Lippincott company [ c 1935]
208 772 87 40 326
325 783 41 37 p.
425 770 135 40 front.
603 771 172 50 (port.)
814 758 142 57 illus.’,
987 772 178 47 diagrs.
1225 772 54 39 21
1284 774 43 21 cm
1332 804 9 8 .

143 827 52 52 ©
227 832 128 39 June
386 831 39 47 7,
460 828 139 47 1935;
637 830 64 39 2c.
740 831 96 38 and
869 830 79 39 aff.
985 831 129 39 June
1142 829 82 42 27:
1262 831 41 37 A
1338 830 169 45 84560;
1546 830 53 39 A.
1638 830 51 38 F.
1728 828 197 44 Collins,
1961 830 165 39 Island

211 888 140 39 Park.
385 887 132 47 Long
545 885 173 48 island,
750 888 56 37 N.
838 887 51 39 Y.
961 886 278 47 (35-10161)

142 987 220 65 Crofts,
390 989 286 52 Freeman
705 987 182 65 Wills,
918 990 170 54 1879-

207 1065 120 52 The
362 1065 173 52 crime
569 1071 58 47 at
660 1067 245 65 Nornes;
943 1084 71 34 an
1050 1067 297 66 Inspector
1382 1065 223 54 French
1642 1065 275 53 detective
1953 1072 173 61 story,

138 1143 75 67 by
251 1146 275 50 Freeman
561 1142 171 56 Wills
773 1143 213 56 Crofts.
1062 1147 139 51 New
1241 1143 180 66 York,
1458 1143 191 67 Dodd,
1687 1143 166 53 Mead
1897 1147 45 49 &
137 1162 1962 127 company,
336 1224 148 50 1935.

210 1293 26 40 5
261 1304 43 37 p.
367 1325 8 15 l.,
402 1293 85 40 338
515 1304 42 37 p.
617 1293 56 40 19½
705 1296 43 21 cm
753 1326 8 8 .

140 1348 52 52 ©
217 1352 113 47 July
355 1352 69 45 17,
450 1349 139 47 1935;
618 1350 66 40 2c.
710 1352 96 38 and
833 1350 80 41 aff.
943 1351 115 47 July
1081 1350 83 47 23;
1190 1351 42 38 A
1257 1350 169 47 84705;
1456 1351 154 46 Dodd,
1638 1351 143 39 Mead
1808 1350 36 39 &
1869 1360 82 35 co.,
1980 1350 91 40 inc.

220 1407 278 47 (35-10046)

139 1508 231 65 Cronin,
399 1510 153 52 John
582 1510 263 61 Francis,
876 1514 171 50 1908-

268 1585 1851 68 … Cardinal Newman; his theory of knowledge, by John
136 1662 1963 146 Francis Cronin … Washington, D. C., The Catholic university of America, 1935.
204 1813 608 49 xviii, 151 p., 3 l. 23 cm .
204 1872 64 39 At
291 1872 125 39 head
441 1871 52 39 of
516 1870 135 41 title:
677 1870 102 40 The
805 1869 220 42 Catholic
1048 1868 271 50 university
1346 1870 53 41 of
1424 1869 235 42 America.

205 1927 170 41 Thesis
412 1928 106 48 (PH.
579 1926 327 48 D.)—Catholic
931 1925 271 50 university
1227 1928 53 39 of
1305 1925 238 50 America,
1569 1926 127 42 1935.

200 1985 128 40 Vita.

203 2040 375 50 Bibliography:
607 2052 43 37 p.
678 2040 216 41 145-151.

137 2094 52 52 ©
212 2099 126 39 June
360 2099 40 39 5.
426 2097 139 46 1935;
592 2097 67 40 2c.
684 2099 96 38 and
804 2097 82 40 aff.
910 2098 126 39 June
1063 2099 50 45 7;
1143 2098 40 38 A
1208 2097 170 46 84147;
1408 2097 223 40 Catholic
1654 2097 128 40 univ.
1811 2098 51 40 of
1886 2097 237 40 America.

214 2155 278 46 (35-10116)

136 2257 174 64 Cube,
338 2258 262 53 Hellmut
626 2274 132 38 von.

205 2335 642 64 Tierskizzenbüchlein,
898 2353 111 34 von
1061 2335 264 53 Hellmut
1372 2353 109 34 von
1536 2335 168 54 Cube.
1794 2335 217 67 Berlin,
2065 2335 54 54 S.

137 2412 229 53 Fischer
402 2416 169 64 [1935]

205 2486 26 39 3
257 2496 43 37 p.
361 2516 8 16 l.,
396 2484 157 47 9-106,
599 2485 41 49 [3]
669 2495 43 37 p.
771 2485 56 40 18½
859 2487 42 21 cm
906 2513 9 10 .

207 2542 169 40 “Erste
403 2542 76 40 bis
506 2541 165 40 fünfte
702 2541 203 48 auflage,
936 2540 157 41 1935.”

136 2596 1984 52 © Mar. 7, 1935; 1c. June 5; A-Foreign 28096; S. Fischer verlag, a. g.
211 2655 277 47 (35-10164)

138 2757 365 65 Daugherty,
533 2758 227 63 George
785 2759 90 63 H.,
899 2759 71 65 jr.

204 2831 1854 70 Handbook of theme writing, by George H. Daugherty, jr. .,
138 2909 134 55 New
302 2910 178 67 York,
508 2911 213 52 Farrar
748 2912 44 50 &
821 2909 295 68 Rinehart,
1146 2910 126 67 inc.,
1305 2913 149 48 1935.

205 2980 26 40 5
256 2992 42 37 p.
364 3012 8 15 l.,
400 2980 142 40 3-121
571 2992 44 37 p.
674 2981 55 40 23
733 2983 42 21 cm
782 3013 8 8 .

203 3038 224 41 Includes
456 3036 390 49 bibliographies.

136 3093 52 52 ©
211 3099 112 46 May
346 3098 69 41 27,
439 3097 140 40 1935;
605 3097 67 40 2c.
697 3099 115 45 May
831 3097 82 46 29;
939 3097 81 40 aff.
1045 3098 113 47 May
1182 3096 82 47 28;
1292 3098 42 38 A
1357 3098 170 46 83354;
1556 3098 51 40 G.
1633 3099 60 38 H.
1719 3100 298 47 Daugherty,
2044 3101 46 46 jr.,

201 3155 219 47 Berwyn,
450 3155 74 38 Ill.
598 3153 277 48 (35-10095)

133 3242 269 66 Dawson,
429 3245 188 63 Percy
642 3244 251 63 Millard,
924 3245 170 54 1873-

204 3319 120 54 The
363 3317 340 70 physiology
745 3318 64 54 of
848 3318 258 68 physical
1147 3318 297 54 education
1486 3317 95 53 for
1621 3318 256 68 physical
141 3320 1951 128 educators
275 3396 111 52 and
411 3395 149 54 their

586 3394 1530 73 pupils, by Percy M. Dawson … Baltimore, The
137 3471 280 55 Williams
447 3474 45 50 &
519 3472 250 53 Wilkins
799 3488 292 51 company.
1122 3475 149 48 1935.

204 3544 151 46 xxxii,
386 3542 84 41 938
499 3554 44 37 p.
603 3543 141 46 illus.,
778 3544 175 44 diagrs.
1014 3543 55 40 23½
1101 3545 44 20 cm
1150 3575 8 7 .

201 3600 373 46 Bibliography:
606 3610 43 37 p.
681 3598 215 41 914-925.

135 3655 52 52 ©
210 3660 114 47 July
346 3660 39 40 3.
410 3658 112 41 1935;
575 3659 68 39 2c.
668 3659 96 38 and
787 3657 82 40 aff.
895 3658 115 47 July
1035 3658 82 46 11;
1141 3659 42 38 A
1206 3658 169 46 84593;
1403 3657 243 42 Williams
1668 3660 38 41 &
1729 3661 209 42 Wilkins
1962 3673 68 31 co.

212 3715 278 48 (35-10007)

133 3804 146 62 Day,
305 3806 65 52 T.

201 3881 119 51 The
345 3878 234 66 making
604 3877 63 53 of
694 3876 346 54 civilization
1066 3878 113 52 and
1204 3897 122 34 new
1350 3881 144 62 style
1520 3889 383 55 government.
1966 3887 149 51 How

134 3974 163 48 every
335 3955 198 53 nation
572 3973 131 47 may
744 3957 226 63 operate
1009 3954 142 52 with
1190 3955 197 66 plenty
1428 3956 112 52 and
1580 3975 168 46 peace
1789 3959 94 53 for
1924 3963 77 51 all
2040 3963 74 53 its
