2424 4375
1054 3976 101 56 765

112 363 211 63 Drago,
351 364 200 62 Harry
577 361 265 62 Sinclair,
872 367 170 49 1888-

183 441 272 53 Montana
497 441 156 67 road,
689 440 77 68 by
799 440 199 68 Harry
1038 438 248 57 Sinclair
1321 441 214 66 Drago.
1609 439 138 53 New
1789 438 180 67 York,
2008 440 89 53 W.

115 519 244 51 Morrow
388 520 46 50 &
462 536 298 49 company,
788 521 151 49 1935.

179 605 59 44 vi,
266 604 87 40 306
377 614 41 37 p.
480 602 145 42 19½cm.

113 672 50 52 ©
185 676 126 39 June
333 675 69 45 12,
427 674 113 41 1935;
591 675 67 39 2c.
685 675 127 39 June
834 674 81 46 18;
943 672 81 41 aff.
1050 673 126 41 June
1201 672 55 40 19;
1310 673 42 38 A
1374 672 169 47 84309;
1572 673 60 39 H.
1660 672 43 41 S.
1730 673 178 47 Drago,
1935 671 162 43 White

181 731 178 47 Plains,
385 732 55 39 N.
466 732 52 39 Y.
590 730 248 49 (35-8410)

116 836 253 63 Dubard,
393 836 218 55 Pierre.

275 909 1822 70 … Derrière la banquise; le voyage du “Pollux” au Scoresby
113 991 159 66 sund,
330 990 49 52 le
436 988 238 55 Mission
734 989 215 68 polaire
1011 989 299 66 française,
1372 990 323 51 1932-1933.
1773 986 186 68 Paris,
2014 989 83 51 La

114 1067 805 55 Nouvelle société d’édition [c1933]
179 1155 896 50 4 p. l., [11]-256 p. plates. 18½cm.
182 1226 184 39 French
395 1225 277 48 expedition
699 1228 49 37 to
780 1225 230 48 Scoresby
1041 1225 167 46 sound,
1239 1234 90 31 one
1355 1225 52 40 of
1436 1225 82 39 the
1547 1224 209 41 stations
1784 1225 208 40 selected
2021 1223 78 40 for

116 1282 379 48 meteorological
527 1280 341 41 observations,
890 1282 49 39 in
970 1280 281 41 connection
1286 1281 118 40 with
1437 1282 81 39 the
1551 1283 132 38 work
1717 1282 52 39 of
1805 1283 77 39 the
1917 1282 181 40 Second

121 1339 344 40 International
493 1340 137 46 polar
656 1350 129 37 year.
841 1339 59 47 cf.
928 1350 42 37 p.
1000 1339 158 40 14-18.

115 1407 1985 52 © Nov. 20, 1933; 1c. Jan. 23, 1934; A-Foreign 23497; Nouvelle société
184 1466 240 40 d'édition.
496 1466 249 49 (35-8210)

118 1570 290 53 Financial
438 1570 341 64 publishing
805 1586 303 48 company.

181 1645 316 68 Municipal
532 1645 114 55 odd
680 1652 121 48 rate
836 1645 149 54 bond
1022 1647 192 52 values
1249 1646 194 53 tables.
1514 1645 73 52 2d
1623 1645 84 53 ed.
1773 1644 325 68 Sponsored

116 1723 1980 145 by Joseph E. Chambers … computed and compiled by Financial publishing company, Boston, Mass. Boston, Financial
118 1878 324 66 publishing
483 1897 280 48 company
806 1881 172 64 [c1935]

198 1962 98 50 [892]
327 1974 44 38 p.
430 1961 145 43 2l½cm.

117 2030 50 52 ©
189 2035 126 39 June
332 2035 41 46 3,
395 2032 139 49 1935;
558 2033 67 41 2c.
650 2035 94 39 and
768 2034 82 40 aff.
874 2035 126 39 June
1023 2035 24 39 6;
1101 2035 40 38 A
1165 2034 142 40 83502;
1361 2034 254 41 Financial
1639 2036 108 47 pub.
1772 2046 67 29 co.

196 2090 245 49 (35-8419)

119 2195 291 64 Floherty,
436 2196 154 53 John
616 2196 53 53 J.

183 2272 354 54 Guardsmen
563 2272 63 53 of
652 2273 95 52 the
773 2277 168 62 coast,
969 2273 74 66 by
1066 2273 157 54 John
1248 2273 56 54 J.
1332 2273 291 64 Floherty.
1686 2273 229 54 Garden
1944 2274 153 66 City,

119 2348 64 52 N.
220 2349 87 66 Y.,
343 2349 355 67 Doubleday,
733 2350 199 52 Doran
963 2353 46 50 &
1042 2368 295 48 company,
1374 2350 125 64 inc.,
1535 2353 151 50 1935.

183 2434 991 49 4 p. l., 100 p. incl. front., illus. 25½cm.
185 2503 283 42 Illustrated
505 2505 361 48 lining-papers.

186 2561 158 41 “First
375 2561 225 41 edition.”

121 2627 49 53 ©
192 2633 123 39 June
338 2635 38 45 1,
402 2631 139 48 1935;
567 2632 65 40 2c.
659 2634 94 38 and
779 2632 82 40 aff.
886 2633 126 39 June
1036 2634 52 45 7;
1120 2633 35 38 A
1182 2633 145 40 84167
1342 2644 8 30 :
1379 2634 41 39 J.
1447 2634 43 39 J.
1518 2633 244 48 Flohertv,
1789 2635 116 40 Port
186 2635 1895 102 Washington,
389 2690 49 40 L.
464 2691 52 45 I.,
541 2690 56 39 N.
623 2690 52 38 Y.
746 2689 249 47 (35-8424)

120 2789 164 65 Ford,
312 2791 103 53 Joe
443 2793 223 63 Henry,
699 2797 322 49 1915-1934.

190 2867 175 52 These
395 2886 92 35 are
519 2868 95 53 the
647 2869 237 66 dreams,
918 2868 74 69 by
1024 2868 104 55 Joe
1161 2869 75 51 H.
1274 2868 171 69 Ford,
1478 2868 69 68 jr.;
1615 2868 376 54 illustrations
2025 2870 74 67 by

126 2943 246 54 William
405 2946 54 53 J.
493 2945 218 54 Server.
784 2946 338 68 Lexington,
1157 2946 122 66 Va.,
1315 2949 149 49 1935.

189 3028 54 40 58
271 3039 42 37 p.
346 3030 108 41 incl.
488 3032 169 46 plates.
717 3031 144 40 20½cm.

193 3099 178 42 Poems.

191 3156 338 49 Biographical
555 3160 113 37 note
706 3158 48 48 (1
782 3158 125 48 leaf)
941 3160 102 39 laid
1069 3160 63 40 in.

124 3224 50 52 ©
208 3230 108 48 May
351 3232 68 46 15,
454 3231 139 48 1935;
629 3232 68 40 2c.
734 3233 96 39 and
865 3232 80 39 aff.
984 3234 112 46 May
1131 3232 82 46 29;
1251 3234 41 37 A
1327 3233 169 46 83384;
1536 3234 179 49 Joseph
1753 3236 166 47 Henry
1956 3236 141 46 Ford,

190 3286 230 50 Houston,
445 3289 133 40 Miss.
651 3288 247 48 (35-8341)

125 3387 251 68 Francis,
404 3393 237 54 Robert.

290 3469 1806 70 … The wolf at the door, La Grange aux trois belles [by]
130 3542 204 56 Robert
364 3546 264 68 Francis;
664 3549 313 53 translated
1010 3549 76 67 by
1119 3548 303 66 Françoise
1455 3549 241 55 Delisle:
1733 3550 137 51 with
1911 3568 68 35 an
130 3551 1944 126 introduction
467 3624 75 69 by
565 3625 295 54 Havelock
881 3626 164 53 Ellis.
1120 3628 215 51 Boston
1361 3628 110 54 and
1496 3627 137 52 New
1661 3627 179 67 York,
128 3628 1944 122 Houghton
248 3698 199 56 Mifflin
473 3720 296 51 company,
796 3706 151 51 1935.

191 3785 93 45 xvi,
309 3787 87 40 470
423 3798 40 35 p.
524 3788 142 39 21½cm.
737 3789 116 46 (His
882 3790 143 47 Story
1056 3791 51 38 of
1136 3801 26 29 a
1195 3790 174 47 family
1398 3792 151 38 under
1581 3791 82 39 the
1691 3791 131 39 third
1854 3790 237 48 republic)

128 3845 50 53 ©
206 3852 125 41 June
354 3857 68 45 11,
453 3856 137 47 1935;
621 3858 66 39 2c.
719 3859 127 39 June
872 3860 80 45 15;
985 3859 81 39 aff.
1098 3859 126 39 June
1252 3859 82 47 14;
1367 3860 43 38 A
1438 3857 169 48 84266;
1641 3860 261 47 Houghton
1933 3857 166 41 Mifflin

197 3919 63 29 co.
329 3910 247 50 (35-8406)
