2526 4384
1275 4055 102 50 290

329 422 299 67 Merriam,
659 422 244 57 Charles
931 423 271 68 Wolcott,
1234 429 172 52 1903-

399 501 288 54 Domestic
727 506 174 49 water
938 503 236 67 heating
1212 503 139 53 with
1389 521 130 48 gas;
1562 522 31 34 a
1630 505 231 52 manual
1901 504 94 53 for
2031 505 290 64 salesmen,

333 578 1989 69 by Charles W. Merriam, jr. … [Roanoke, Va., The Stone
333 654 260 69 printing
621 657 114 52 and
763 656 473 67 manufacturing
1262 675 297 49 company,
1590 660 152 64 1935]

401 726 97 49 108,
536 727 54 50 [3]
624 739 43 38 p.
727 728 142 48 illus.,
903 728 179 49 diagrs.
1139 726 118 44 21cm.

401 783 159 40 Blank
586 794 147 40 pages
761 785 79 40 for
870 784 422 41 “Memorandum”
1332 785 82 50 ([3]
1443 787 53 39 at
1523 787 116 48 end)

402 841 348 49 Bibliography:
808 853 44 38 p.
900 840 27 39 [2]
973 844 55 39 at
1054 841 106 42 end.

331 894 1991 56 © Feb. 15, 1935; 2c. and aff. Feb. 18; A 79687; C . W. Merriam, jr.,
398 956 242 47 Roanoke,
667 956 85 40 Va.
824 955 251 49 (35-3642)

328 1042 209 65 Miller,
566 1045 53 53 J.
652 1045 240 64 Corson,
925 1048 171 51 1883-

403 1120 126 69 Cup
568 1122 63 53 of
669 1121 98 53 the
801 1141 181 48 years,
1017 1123 76 65 by
1128 1124 57 54 J.
1222 1123 217 55 Corson
1476 1122 211 54 Miller.
1762 1124 232 67 Boston,
2033 1126 66 51 B.
328 1124 1970 143 Humphries,
564 1200 107 53 inc.
707 1202 171 65 [1934]

398 1273 97 47 103,
529 1273 53 50 [1]
613 1284 41 37 p.
711 1272 147 40 21½cm.

401 1329 149 41 “This
580 1329 190 40 limited
804 1329 183 41 edition
1022 1331 52 38 to·
1106 1328 88 41 500
1226 1327 160 50 copies
1421 1340 105 29 was
1557 1330 232 47 designed
1823 1331 64 46 by
1921 1329 185 48 George
2138 1330 186 40 Arthur

329 1388 202 47 Hornby
555 1387 97 40 and
676 1387 195 48 printed
895 1387 51 39 in
973 1388 83 39 the
1079 1388 167 39 month
1273 1387 53 40 of
1349 1387 151 49 April,
1529 1386 156 42 1934.”

396 1445 183 40 Poems.

329 1497 54 53 ©
411 1502 116 47 May
551 1501 70 47 25,
651 1500 115 41 1934;
823 1500 69 40 2c.
919 1501 98 39 and
1044 1499 81 41 aff.
1157 1500 111 42 Feb.
1297 1500 70 49 23,
1397 1499 114 41 1935;
1570 1501 42 39 A
1641 1499 147 42 80560;
1845 1501 43 39 J.
1960 1532 8 9 C.
2001 1500 173 48 Miller,
397 1499 1911 99 Buffalo.
585 1557 251 50 (35-3570)

327 1647 229 65 Mirick,
585 1648 234 54 Gordon
846 1646 347 57 Richmond.

399 1724 181 55 Plane
606 1729 291 64 geometry
925 1726 113 52 and
1066 1725 73 53 its
1165 1740 140 38 uses.
1381 1724 129 55 Enl.
1540 1725 112 53 and
1682 1743 112 35 rev.
1869 1726 92 67 By
1986 1725 236 55 Gordon
2250 1726 68 53 R.

333 1801 1924 70 Mirick … Marquis J. Newell … [and] George A. Harper …
332 1877 1987 72 with the cooperation of George Walker Mullins … Evanston,
335 1958 110 69 Ill.,
477 1960 138 52 New
648 1960 163 53 York
849 1965 137 62 [etc.]
1024 1961 158 65 Row,
1214 1961 272 51 Peterson
1521 1960 113 52 and
1667 1975 279 51 company
2001 1962 174 64 [c1935]

405 2042 77 36 XX,
513 2032 99 48 370,
645 2031 220 41 xxi-xlvi
895 2042 43 37 p.
998 2031 141 47 illus.,
1171 2031 179 45 diagrs.
1410 2029 115 44 21cm.

327 2085 52 53 ©
407 2090 109 40 Jan.
542 2090 69 48 11,
637 2088 114 42 1935;
805 2089 68 41 2c.
900 2089 109 40 Jan.
1037 2089 82 47 19;
1148 2087 80 41 aff.
1256 2089 109 39 Jan.
1393 2088 82 47 18;
1504 2088 42 39 A
1571 2086 170 49 79268;
1771 2088 131 46 Row,
1932 2088 230 39 Peterson
2191 2087 37 40 &
2253 2097 66 31 co.

408 2146 250 49 (35-2841)

327 2237 301 53 Montana.
703 2238 277 66 Supreme
1013 2243 173 49 court.

399 2312 1919 71 Reports of cases argued and determined … from April 24,
330 2396 150 64 1934,
515 2400 61 47 to
609 2393 245 54 October
888 2396 84 65 22,
1011 2396 148 49 1934.
1233 2389 220 56 Official
1488 2395 209 64 report.
1768 2393 245 52 Volume
2047 2390 82 54 97.
2202 2390 115 55 San

327 2472 318 65 Francisco,
681 2470 582 67 Bancroft-Whitney
1295 2488 297 49 company,
1628 2473 148 49 1935.

396 2545 133 48 xxix,
559 2545 88 40 736
674 2556 42 37 p.
773 2544 145 40 22½cm.

328 2598 52 53 ©
412 2603 111 39 Feb.
552 2601 70 48 26,
655 2600 117 41 1935;
829 2601 66 39 2c.
929 2601 122 39 Mar.
1082 2600 28 39 4;
1170 2599 82 40 aff.
1285 2600 121 39 Mar.
1439 2598 56 41 25;
1556 2600 40 38 A
1627 2598 142 41 81181;
1833 2595 486 50 Bancroft-Whitney

396 2669 68 31 co.

330 2748 234 65 [Moore,
592 2747 254 53 Howard
873 2743 345 68 Wilkinson]
1254 2745 171 55 1878-

398 2821 149 55 Nine
571 2829 98 48 out
695 2823 63 53 of
783 2829 94 46 ten
902 2842 99 49 say
1027 2822 200 68 “Yes”,
1251 2823 76 66 by
1352 2824 111 50 Tee
1490 2820 98 53 Eff
1636 2820 213 67 [pseud.]
1927 2821 138 52 New
2091 2820 223 64 Haven,

330 2900 196 69 Conn.,
555 2902 196 52 Moore
778 2905 46 50 &
849 2901 376 65 Drummond,
1257 2903 149 50 1935.

401 2972 624 50 vi p., 1 l., 132 p. 19cm.
403 3029 311 40 “Discussion
745 3029 53 41 of
829 3027 500 49 salesmanship.”—p.
1366 3026 114 51 [130]

402 3086 213 42 “Second
645 3085 260 50 printing.”

328 3142 53 52 ©
406 3145 110 40 Feb.
542 3144 69 47 20,
636 3143 113 41 1935;
803 3144 65 39 2c.
898 3145 96 38 and
1019 3143 81 40 aff.
1128 3143 109 40 Feb.
1264 3142 55 39 23;
1376 3142 40 38 A
1443 3140 145 41 80574;
1643 3140 59 39 H.
1730 3138 272 42 Wilkinson
2030 3139 166 38 Moore
2222 3139 95 38 and

398 3202 139 41 Robt.
562 3202 59 40 H.
646 3201 315 47 Drummond,
986 3200 120 40 New
1126 3200 186 40 Haven.
1375 3196 280 51 [Copyright
1681 3197 44 40 is
1748 3195 204 42 claimed
1975 3206 64 31 on
2062 3192 251 51 revisions]

407 3258 250 49 (35-3845)

326 3346 145 54 New
497 3349 160 51 York
685 3349 208 50 annual
921 3346 201 67 digest,
1145 3347 267 65 covering
1437 3346 76 51 all
1540 3343 264 66 reported
1830 3341 274 53 decisions
2131 3339 65 53 of
2218 3338 98 54 the

398 3430 185 47 courts
617 3426 62 51 of
711 3427 137 51 New
880 3423 176 56 York.
1124 3423 312 65 February,
1469 3424 150 63 1935,
1651 3419 342 53 cumulative
2023 3415 290 70 quarterly

398 3492 1890 155 pamphlet, with cumulative table of cases digested … Supplementing
788 3579 111 51 and
936 3577 336 67 continuing
1304 3577 138 52 New
1478 3575 163 53 York
1677 3575 209 51 annual
1922 3571 202 68 digest,
2162 3573 148 49 1934.

401 3658 306 51 Rochester
751 3656 112 54 and
903 3657 138 51 New
1085 3655 161 53 York
1288 3653 133 67 city,
1463 3654 122 51 The
1624 3654 266 64 Lawyers
1932 3647 381 69 co-operative

399 3733 334 68 publishing
773 3750 305 49 company;
1125 3731 82 54 St.
1250 3731 164 65 Paul,
1452 3732 160 53 West
1651 3728 333 67 publishing
2023 3743 107 49 co.;
2174 3726 138 52 New

400 3811 161 51 York
592 3811 132 65 city,
755 3809 205 67 Baker,
991 3807 244 55 Voorhis
1266 3811 46 50 &
1341 3825 78 35 co.
1475 3809 171 62 [c1935]

395 3883 88 41 142
508 3895 43 37 p.
608 3883 117 41 24cm.

330 3936 52 53 ©
411 3941 109 39 Feb.
549 3938 69 49 20,
646 3939 117 40 1935;
816 3939 65 39 2c.
913 3939 120 38 Mar.
1063 3937 80 47 18;
1175 3936 82 40 aff.
1286 3936 121 39 Mar.
1436 3934 81 47 21;
1548 3934 44 39 A
1619 3933 168 46 82037;
1819 3933 138 39 West,
1982 3930 108 49 pub.
2120 3939 67 30 co.
2217 3929 96 39 and

399 3997 228 47 Lawyers
655 3995 323 48 co-operative
1002 3994 108 48 pub.
1140 4004 67 29 co.
