2424 4375
1238 4070 134 51 1258

376 539 141 48 Maps
545 549 61 30 on
637 538 362 47 lining-papers.

310 608 54 54 ©
394 613 128 47 Sept.
553 611 70 47 20,
654 610 140 47 1935;
828 610 65 40 2c.
927 610 95 40 and
1054 608 79 41 aff.
1168 610 127 47 Sept.
1326 608 83 47 23;
1441 608 42 39 A
1514 608 169 47 87155;
1717 609 50 39 P.
1799 608 50 40 L.
1882 607 265 47 Anderson,
2181 608 120 39 East

379 669 203 47 Orange,
614 668 55 40 N.
702 668 44 39 J.
817 666 278 49 (35-16481)

311 772 331 64 Anderson,
666 771 89 57 W.
781 771 93 64 H.,
901 785 305 48 company,
1235 768 345 56 Cincinnati.

379 847 122 54 The
548 844 151 56 Ohio
747 845 236 69 probate
1031 844 151 69 code,
1232 842 322 69 annotated,
1600 841 300 70 including
1949 842 77 53 all
310 842 1966 137 amendments
521 930 59 48 to

610 926 151 66 1935,
791 923 140 54 with
962 928 305 47 comments
1296 921 111 53 and
1439 939 191 36 source
1660 927 157 47 notes
1846 921 75 68 by
1949 920 95 55 the
2078 919 221 70 Special

311 1003 319 53 committee
664 1000 64 55 of
762 1000 96 55 the
892 998 150 55 Ohio
1078 1005 142 48 state
1254 998 101 54 bar
1387 997 352 69 association,
1774 996 187 57 edited
1998 999 74 68 by
2109 997 192 54 Frank

311 1074 1991 74 M. Raymund … Cincinnati, The W. H. Anderson company
317 1193 14 35 [
335 1165 19 23 c
358 1160 133 51 1935
498 1191 13 34 ]

381 1244 26 40 1
434 1254 44 38 p.
539 1274 10 18 l.,
575 1241 86 42 135
688 1253 44 38 p.
792 1241 58 41 26
850 1243 44 23 cm
898 1272 9 9 .

382 1315 374 48 Bibliography:
787 1323 138 31 verso
950 1313 76 41 1st
1052 1312 185 50 prelim,
1261 1311 115 43 leaf.

316 1386 53 53 ©
393 1390 126 48 Sept.
545 1390 69 46 17,
638 1388 116 41 1935;
803 1387 67 41 2c.
896 1388 127 47 Sept.
1046 1386 81 46 19;
1154 1386 81 40 aff.
1263 1386 126 48 Sept.
1413 1386 82 47 18;
1518 1386 40 39 A
1582 1386 169 47 87082;
1778 1388 72 39 W.
1877 1388 58 39 H.
1962 1388 250 40 Anderson
2238 1398 64 31 co.

393 1446 280 49 (35-16571)

316 1550 180 65 Ayer,
522 1548 191 55 Leslie
740 1548 219 55 James.

386 1626 169 55 Cases
583 1643 73 35 on
682 1623 252 54 business
960 1625 129 64 law,
1117 1622 139 53 with
1283 1629 157 46 notes
1470 1623 112 52 and
1610 1623 300 68 problems,
1935 1624 76 67 by
2037 1624 183 53 Leslie
2246 1626 55 52 J.

315 1700 1988 72 Ayer … and Paul P. Ashley … Rev. ed. [by] Stephen Darden
314 1777 1578 70 Brown … New York, Prentice-Hall, inc., 1935.
385 1876 105 33 xxx
511 1877 59 40 p.,
594 1865 28 41 2
682 1897 10 18 l.,
717 1864 174 42 3-1291
917 1877 45 38 p.
988 1864 109 42 incl.
1124 1865 168 40 forms.
1347 1863 146 44 23½cm.

318 1937 53 53 ©
401 1941 126 48 Sept.
555 1940 40 45 5,
623 1937 141 47 1935;
792 1938 67 40 2c.
887 1937 95 40 and
1007 1936 81 40 aff.
1119 1937 124 47 Sept.
1274 1936 82 47 19;
1385 1936 40 39 A
1452 1936 169 48 86367;
1651 1936 373 50 Prentice-Hall,
2053 1938 89 41 inc.

397 1995 279 51 (35-16327)

316 2099 288 65 Barbour,
632 2098 190 64 Ralph
853 2098 222 63 Henry,
1107 2097 172 55 1870-

384 2176 122 52 The
542 2173 322 54 five-dollar
899 2173 130 69 dog,
1064 2173 76 68 by
1176 2171 193 69 Ralph
1407 2171 203 70 Henry
1649 2171 291 69 Barbour;
1981 2172 316 55 illustrated

315 2253 75 69 by
431 2252 253 54 Edward
726 2250 63 55 C.
834 2249 256 55 Caswell.
1168 2249 138 53 New
1348 2248 181 69 York,
1570 2249 258 69 London,
1869 2251 71 52 D.
315 2251 1983 147 Appleton-Century

599 2347 296 50 company,
920 2327 419 69 incorporated,
1368 2329 150 51 1935.

384 2414 63 47 ix,
476 2415 86 40 244
585 2425 42 38 p.
656 2414 110 41 inch
793 2414 162 47 front.,
982 2413 127 41 illus.
1169 2411 57 42 20
1228 2415 16 21 cm
1276 2445 9 9 .

319 2484 54 54 ©
400 2489 127 48 Sept.
548 2488 70 46 20,
641 2487 141 46 1935;
808 2487 66 39 2c.
898 2487 95 39 and
1015 2485 81 41 aff.
1125 2485 127 49 Sept.
1277 2486 82 46 23;
1386 2486 40 39 A
1448 2487 169 46 87151;
1644 2488 55 38 D.
1726 2487 476 50 Appleton-Century
2225 2500 78 38 co.,

387 2545 90 40 inc.
548 2543 279 50 (35-16474)

320 2645 245 65 Barker,
595 2646 240 63 Eugene
865 2644 315 65 Campbell,
1210 2645 172 55 1874-

317 2719 1964 148 The father of Texas, by Eugene C. Barker … Indianapolis, New York,
822 2797 120 51 The
976 2795 438 55 Bobbs-Merrill
1450 2813 277 53 company
1766 2831 13 35 [
1782 2804 21 22 c
1806 2800 133 50 1935
1945 2831 14 35 ]

387 2882 1637 49 1 p. h, vii-viii p., 2 h, 11-248 p. front. (port.) illus. 21 cm .
389 2952 236 41 Intended
654 2952 254 48 primarily
934 2952 80 40 for
1041 2962 214 37 younger
1284 2954 209 48 readers,
1523 2954 98 40 this
1649 2955 134 40 work
1812 2956 41 40 is
1880 2957 85 39 not
1991 2967 30 30 a
317 2958 1966 92 condensation
450 3009 52 40 of

532 3010 83 39 the
644 3008 217 42 author’s
891 3010 128 39 “The
1050 3009 88 40 life
1168 3010 52 39 of
1253 3010 209 46 Stephen
1494 3010 52 40 F.
1577 3011 204 40 Austin”
1814 3012 253 49 published
2097 3014 52 40 in
2175 3010 124 51 1925,

317 3065 86 41 but
430 3076 27 29 a
486 3065 233 49 complete
744 3066 252 47 rewriting
1019 3066 127 39 from
1173 3067 82 40 the
1281 3075 206 32 sources,
1548 3068 62 47 cf.
1638 3067 131 42 Pref.

318 3135 53 53 ©
403 3140 126 48 Sept.
560 3140 40 46 3,
632 3138 140 48 1935;
805 3138 67 41 2c.
905 3138 128 48 Sept.
1062 3139 81 46 13;
1177 3138 81 41 aff.
1294 3139 126 47 Sept.
1453 3140 81 45 11;
1565 3139 42 39 A
1637 3139 169 48 85948;
1840 3141 367 40 Bobbs-Merrill
2237 3151 62 30 co.

399 3194 279 50 (35-16189)

318 3299 214 64 Beach,
560 3299 225 55 Walter
813 3298 303 56 Edwards.

389 3373 223 55 British
650 3374 407 54 international
1096 3375 135 67 gold
1270 3381 343 47 movements
1654 3375 111 53 and
1806 3376 254 69 banking
2097 3377 202 69 policy,

321 3451 1974 71 1881-1913, by W. Edwards Beach … Cambridge, Harvard
317 3528 317 70 university
664 3547 174 50 press,
870 3532 149 50 1935.

388 3602 99 48 xiv,
526 3600 85 43 218
648 3611 43 38 p.
751 3600 177 49 diagrs.
996 3602 56 39 22½
1085 3603 42 21 cm
1132 3632 10 10 .
1219 3600 299 50 (Half-title:
1555 3603 229 40 Harvard
1824 3603 240 41 economic
2102 3605 191 46 studies,

318 3660 92 40 VOl.
440 3658 177 48 XLVIII)

389 3727 268 42 “Awarded
692 3729 82 40 the
809 3728 159 40 David
1003 3728 54 41 A.
1094 3729 148 40 Wells
1275 3728 131 49 prize
1439 3728 80 41 for
1553 3729 82 41 the
1669 3739 117 37 year
1821 3728 200 41 1930-31
2058 3732 96 39 and

318 3730 1961 95 published
497 3785 129 40 from
651 3786 82 40 the
759 3785 183 40 income
966 3785 51 40 of
1043 3785 81 40 the
1152 3784 159 40 David
1337 3784 54 41 A.
1419 3784 147 42 Wells
1590 3785 165 42 fund.”

389 3839 374 50 Bibliography:
797 3851 44 38 p.
876 3839 247 51 [205]-211.

322 3908 53 53 ©
413 3912 117 47 July
565 3912 69 47 16,
672 3910 140 48 1935;
852 3911 66 40 2c.
958 3911 115 47 July
1108 3910 82 47 20;
1231 3910 81 40 aff.
1352 3911 116 47 July
1506 3911 81 47 18;
1625 3912 41 38 A
1703 3910 168 48 84890;
1913 3912 253 40 President
2205 3910 89 40 and

383 3968 191 46 fellows
606 3968 52 40 of
686 3968 228 39 Harvard
944 3967 192 47 college,
1168 3966 299 48 Cambridge,
1500 3968 145 39 Mass.
1716 3967 277 49 (35-16136)
