2526 4384
1348 4063 101 49 258

395 429 348 66 Bohlmann,
774 430 286 65 Gerhard,
1092 435 170 50 1888-

461 509 117 52 Der
636 526 329 50 vergessene
1021 504 204 71 kaiser,
1284 524 215 51 roman,
1558 526 111 35 von
1725 507 261 56 Gerhard
2048 510 340 53 Bohlmann.

397 585 995 70 Leipzig, P. Reclam, jun. [ c 1934]
469 660 100 46 430,
603 660 54 49 [2]
690 670 42 37 p.
792 659 116 40 20cm.

398 712 1995 53 © Oct. 15, 1934; 1c. Jan. 21, 1935; A-Foreign 26099; Philipp Reclam
467 773 102 47 jun.
639 772 250 49 (35-3833)

397 876 282 63 Brödner,
710 877 204 56 Ernst.

463 951 372 69 Zerspanung
870 951 118 52 und
1030 949 316 69 Werkstoff;
1389 951 91 52 ein
1520 949 305 54 handbuch
1868 950 98 53 für
2010 951 108 53 den
2157 949 234 69 betrieb,

398 1046 110 36 von
555 1029 229 69 dr.-ing.
833 1029 177 52 Ernst
1057 1029 277 52 Brödner.
1416 1028 116 53 Mit
1581 1031 101 50 154
1727 1027 387 70 abbildungen
2161 1030 117 52 und
2325 1030 67 52 28

395 1104 200 55 tafeln.
658 1105 218 69 Berlin,
904 1105 374 70 VDI-verlag
1302 1105 193 70 gmbh,
1525 1109 150 51 1934.

465 1177 1267 50 5 p. l., 173 p. illus., fold. tables, diagrs. 21 cm .
466 1235 378 41 “Schrifttum”:
873 1244 42 40 p.
943 1234 216 44 153-170.

401 1290 1992 53 © Oct. 11, 1934; 1c. Jan. 21, 1935; A -Foreign 26758; V. D. I. verlag,
471 1362 42 38 g.
538 1362 59 30 m.
623 1352 42 40 b.
690 1353 44 39 h.
805 1351 250 49 (35-3764)

397 1453 243 65 Brooks,
672 1454 245 55 Charles
946 1454 277 65 Stephen,
1256 1456 324 54 1878-1934.

477 1530 52 51 A
557 1536 238 48 western
824 1530 172 67 wind,
1021 1529 74 69 by
1125 1529 234 55 Charles
1387 1529 57 55 S.
1473 1529 247 67 Brooks;
1752 1529 140 54 with
1922 1529 247 69 pictures
2198 1528 198 55 drawn

406 1606 58 52 in
498 1626 110 49 pen
642 1607 112 53 and
787 1607 101 54 ink
920 1607 74 68 by
1027 1607 167 69 Mary
1232 1606 277 69 Seymour
1543 1607 235 54 Brooks.
1853 1607 137 53 New
2029 1606 177 69 York,
404 1609 1966 143 Harcourt,

608 1685 181 54 Brace
817 1688 111 52 and
957 1703 276 50 company
1266 1719 13 35 [
1283 1691 18 23 c
1307 1687 132 50 1935
1445 1719 14 34 ]

472 1755 27 39 4
529 1766 42 37 p.
635 1787 9 15 l.,
673 1755 146 43 3-158
847 1767 43 37 p.
951 1757 127 40 illus.
1138 1757 144 40 19½cm.

474 1813 287 40 Illustrated
791 1816 98 45 t.-p.

476 1869 162 41 “First
663 1869 226 41 edition.”

402 1925 52 53 ©
486 1929 111 40 Feb.
627 1928 69 48 28,
728 1929 140 47 1935;
902 1929 67 40 2c.
1002 1930 95 39 and
1128 1929 83 40 aff.
1243 1930 123 39 Mar.
1399 1930 51 46 7;
1485 1929 41 39 A
1557 1929 170 48 79926;
1763 1931 261 46 Harcourt,
2058 1931 155 40 Brace
2243 1931 36 39 &
2311 1940 81 38 co.,

471 1984 79 42 inc.,
631 1985 251 49 (35-3997)

399 2090 230 64 Brown,
656 2091 154 53 John
841 2091 173 55 Hart.

466 2167 95 53 An
592 2167 389 54 introduction
1014 2173 58 48 to
1105 2167 251 67 French;
1393 2167 257 69 reading,
1684 2185 306 51 grammar,
2024 2169 113 52 and
397 2185 1974 129 composition,
623 2244 76 70 by

735 2245 1659 68 John Hart Brown … New York, The Macmillan
396 2341 297 50 company,
723 2326 151 51 1935.

473 2397 65 47 xi,
566 2396 85 41 487
679 2406 43 38 p.
782 2397 164 48 front.,
975 2398 168 46 plates.
1203 2396 148 41 20½cm.

476 2454 139 46 Maps
646 2463 61 30 on
736 2452 361 49 lining-papers.

403 2505 52 53 ©
487 2510 121 39 Mar.
640 2510 39 47 5,
710 2508 140 49 1935;
882 2510 66 39 2c.
980 2511 96 38 and
1107 2509 79 40 aff.
1220 2510 121 39 Mar.
1373 2509 52 47 6;
1459 2510 40 38 A
1530 2509 169 47 80802;
1735 2508 279 41 Macmillan
2046 2521 66 28 co.

483 2565 250 50 (35-3973)

399 2668 327 66 Brunauer,
756 2670 139 53 Mrs.
923 2670 220 53 Esther
1173 2670 289 65 (Caukin)

478 2743 304 70 Germany,
826 2745 97 54 the
966 2746 256 52 national
1267 2742 249 56 socialist
1557 2750 173 61 state;
1776 2762 31 34 a
1851 2744 170 68 study
2066 2761 210 51 course,
2319 2743 74 69 by

409 2820 1984 70 Esther Caukin Brunauer … Washington, D. C., American
407 2897 335 55 association
770 2899 64 54 of
861 2898 315 70 university
1204 2917 231 50 women,
1467 2902 150 51 1934.

476 2969 55 40 63
560 2980 43 37 p.
663 2970 144 40 22½cm.

478 3026 316 40 “Foreword”
826 3038 60 29 on
916 3038 43 37 p.
1008 3028 40 48 [2]
1084 3029 94 39 and
1213 3028 129 40 “The
1373 3028 206 40 author”
1613 3040 60 28 on
1705 3039 43 36 p.
1798 3029 41 48 [4]
1874 3029 51 38 of
1956 3038 153 31 cover.

478 3082 207 41 Revised
719 3084 196 40 edition.
976 3084 261 40 Published
1272 3085 51 40 in
1359 3084 113 40 1933
1507 3085 151 39 under
1694 3086 136 40 title:
1868 3086 102 39 The
2005 3086 220 39 national
405 3093 1968 86 revolution
588 3140 51 39 in
668 3139 255 48 Germany,
951 3140 127 40 1933.

479 3195 318 42 “References
835 3197 79 39 for
952 3196 243 50 reports”:
1237 3207 43 38 p.
1318 3196 156 41 60-63.
1535 3197 388 49 Bibliographies
1963 3201 53 39 at
2052 3199 92 40 end
2184 3199 51 39 of
2273 3199 117 39 each

407 3253 214 48 chapter.

406 3309 52 53 ©
483 3314 111 39 Dec.
620 3313 68 46 28,
715 3312 140 47 1934;
883 3313 67 40 2c.
975 3313 97 41 and
1099 3312 79 40 aff.
1206 3313 108 39 Jan.
1342 3314 38 46 7,
1408 3312 140 47 1935;
1577 3313 40 38 A
1643 3312 169 48 79087;
1842 3313 155 39 Amer.
2028 3323 127 31 assn.
2183 3314 54 39 of
2261 3311 128 42 univ.

475 3379 197 31 women.
742 3369 250 50 (35-3994)

403 3470 341 55 California.
819 3473 277 65 Supreme
1122 3478 174 48 court.

469 3548 246 67 Reports
756 3548 64 53 of
857 3567 151 35 cases
1049 3548 347 54 determined
1436 3548 60 53 in
1535 3547 97 54 the
1674 3547 275 68 Supreme
1989 3553 161 48 court
2190 3547 65 53 of
2292 3548 98 52 the

407 3625 1919 67 state of California, May 17, 1934, to November 2, 1934 …
408 3719 48 35 v.
495 3708 27 46 1
554 3703 125 67 (2d)
727 3703 116 54 San
875 3703 319 67 Francisco,
1228 3703 579 67 Bancroft-Whitney
1841 3719 293 50 company,
2168 3705 149 49 1935.

477 3777 66 46 xl,
571 3776 88 39 915
683 3786 43 37 p.
783 3774 54 38 22½
870 3777 44 21 cm
917 3805 8 8 .

477 3828 73 40 On
575 3839 166 31 cover:
770 3828 60 41 2d
855 3828 162 42 series.

477 3888 235 47 Reporter:
768 3898 42 28 v.
838 3888 38 46 1,
906 3887 55 39 R.
990 3888 53 38 V.
1071 3887 230 46 Whiting.

409 3939 52 53 ©
490 3944 110 39 Feb.
630 3943 69 47 27,
730 3943 112 40 1935;
901 3943 67 40 2c.
1000 3944 95 39 and
1126 3943 80 40 aff.
1238 3945 122 38 Mar.
1392 3945 51 45 7;
1476 3943 41 39 A
1548 3941 168 48 79956;
1751 3940 484 47 Bancroft-Whitney
2266 3950 66 30 co.

487 3999 248 49 (35-3944)
