2424 4375
1230 4063 133 49 1842

301 503 1993 106 2 p. l., 75 p., 1 l. plates. 16½ crn . (Half-title: Numismatic notes and monographs, [no. 69] )
303 615 53 53 ©
383 618 100 41 Oct.
509 618 70 48 31,
606 618 114 40 1935;
774 617 67 40 2c.
868 618 109 39 Dec.
1005 617 52 41 9:
1087 616 83 40 aff.
1196 618 111 40 Dec.
1336 616 51 47 6;
1417 618 39 38 A
1480 617 170 47 88576;
1680 618 157 39 Amer,
1865 616 312 41 numismatic
2205 627 91 31 soc.

380 671 210 52 (36-78))

301 775 184 55 Bible.
569 780 64 52 O.
681 780 63 51 T.
823 778 238 53 Psalms.
1143 777 262 65 English.
1496 777 191 66 (1535)
1741 781 152 50 1935.
2021 775 278 55 Coverdale.

373 855 123 53 The
550 854 314 55 Coverdale
915 854 226 53 Psalter
1192 854 113 53 and
1358 854 94 53 the
1505 858 534 64 quatro-centenary
2093 853 63 53 of
2207 853 94 54 the

305 932 229 70 printed
566 932 244 69 English
844 932 183 57 Bible,
1058 932 74 69 by
1162 932 227 53 Harold
1419 933 67 52 R.
1513 931 376 70 Willoughby;
1953 931 139 54 with
2122 950 31 34 a
301 930 1977 135 facsimile
521 1010 403 69 reproduction

958 1010 63 55 of
1055 1011 95 53 the
1183 1010 239 53 Psalter.
1498 1009 271 69 Chicago,
1803 1010 241 53 Printed
2081 1010 94 52 for
2208 1010 95 53 the

303 1089 225 55 Caxton
560 1089 147 66 club,
741 1092 148 50 1935.

373 1162 1193 52 4 p. l. , 38 p., 1 l., facsim. ([55] p.) 1 l. 32 cm .
375 1220 174 40 Issued
579 1218 51 42 in
657 1230 125 31 case.

377 1275 95 42 “Of
500 1274 100 42 this
629 1275 123 42 book
785 1278 95 38 two
907 1276 222 40 hundred
1162 1276 95 39 and
1290 1274 295 49 twenty-five
1617 1274 159 49 copies
1809 1275 122 39 have
1962 1274 115 41 been
2113 1274 188 48 printed

306 1332 79 42 for
427 1332 80 41 the
549 1331 189 42 Caxton
780 1332 108 41 club
926 1334 52 38 at
1019 1332 81 41 the
1140 1330 237 43 Lakeside
1418 1342 148 38 press,
1608 1332 55 41 R.
1699 1332 56 39 R.
1796 1332 268 47 Donnelley
2102 1332 37 40 &
2176 1342 125 37 sons,

308 1387 1995 51 company, Chicago, MCMXXXV … [Stamped:] This book is a printer’s
304 1446 199 49 sample.
563 1445 97 42 Not
687 1445 79 41 for
796 1444 288 42 circulation.”

377 1502 261 41 Facsimile
676 1503 90 40 has
808 1502 340 48 reproduction
1184 1502 51 40 of
1275 1502 301 40 continental
1615 1503 97 47 t.-p.:
1782 1501 176 42 Biblia.
2026 1502 101 40 The
2167 1502 136 41 Bible

306 1560 110 40 that
448 1558 57 49 is,
539 1559 82 40 the
654 1559 114 47 holy
804 1558 249 49 Scripture
1085 1559 51 40 of
1171 1560 81 40 the
1287 1559 118 41 Olde
1436 1559 96 40 and
1566 1559 118 40 New
1716 1559 296 46 Testament,
2045 1558 259 48 faithfully

307 1617 95 39 and
431 1616 131 47 truly
587 1616 275 39 translated
886 1618 85 38 out
996 1615 52 41 of
1075 1616 197 39 Douche
1297 1615 95 39 and
1418 1616 158 47 Latyn
1602 1615 51 39 in
1677 1618 49 38 to
1752 1615 246 49 Englishe.
2100 1645 202 10 M.D.XXXV.

308 1671 1995 49 Colophon: Prynted in the yeare of oure Lorde M.D.XXXV. and fynished
308 1729 79 40 the
417 1728 199 40 fourthe
646 1728 123 47 daye
799 1728 52 40 of
880 1727 218 42 October.

377 1784 378 48 Bibliography:
803 1795 42 38 p.
889 1783 70 42 33.

379 1841 128 40 “The
536 1841 238 41 locations
801 1839 53 41 of
882 1839 265 43 Coverdale
1177 1840 165 41 Bibles
1371 1840 175 48 today”:
1605 1852 43 38 p.
1677 1841 157 42 34-38.

307 1893 54 54 ©
388 1899 116 39 Nov.
536 1899 69 47 13,
632 1897 114 41 1935;
803 1897 67 41 2c.
898 1898 96 40 and
1023 1897 83 41 aff.
1135 1898 118 39 Nov.
1282 1897 82 48 20;
1397 1899 42 38 A
1463 1898 171 48 89472;
1665 1899 189 41 Caxton
1883 1900 122 40 club.
2074 1899 220 48 (36-330)

306 2054 269 67 Binkley,
601 2057 221 55 Robert
851 2057 223 65 Cedric,
1103 2062 170 51 1897-

440 2133 1653 72 … Realism and nationalism, 1852-1871, by Robert C.
308 2136 1971 146 Binkley … New York and London, Harper & brothers, 1935.
379 2297 67 29 xx
475 2297 59 38 p.,
564 2287 21 39 1
656 2317 9 17 l.,
696 2287 87 40 337
810 2297 43 38 p.
912 2288 171 46 plates,
1117 2290 162 46 ports.,
1313 2297 151 38 maps.
1523 2287 145 40 22½cm.
1740 2287 126 48 (The
1897 2286 96 41 rise
2025 2287 51 39 of
2109 2287 192 40 modern

310 2341 1131 53 Europe, ed. by W. L. Langer, [vol. XVI ])
380 2399 142 49 Maps
550 2410 61 30 on
639 2398 361 50 lining-papers.

381 2455 164 42 “First
574 2454 228 43 edition.”

381 2510 443 50 “Bibliographical
857 2510 169 50 essay”:
1085 2523 42 38 p.
1161 2512 217 41 307-330.

311 2564 53 53 ©
399 2570 112 39 Dec.
548 2569 70 47 12,
652 2568 118 42 1935;
831 2568 64 41 2c.
934 2569 112 41 Dec.
1081 2568 55 40 12;
1203 2567 82 43 aff.
1321 2570 110 39 Dec.
1470 2571 58 38 14;
1591 2571 43 38 A
1668 2570 147 41 88668;
1878 2571 192 49 Harper
2108 2571 38 40 &
2180 2572 122 39 bros.

391 2625 193 48 (36-11)

307 2727 317 65 Boarman,
652 2729 220 64 Joseph
903 2731 61 53 C.

379 2804 149 53 Boz:
564 2823 71 34 an
669 2804 261 54 intimate
962 2804 324 70 biography
1319 2804 62 55 of
1416 2805 236 56 Charles
1685 2804 267 70 Dickens,
1982 2806 75 68 by
2088 2803 214 70 Joseph

311 2880 64 56 C.
409 2881 289 54 Boarman
732 2882 112 54 and
877 2883 194 54 James
1104 2884 64 52 L.
1201 2883 212 66 Harte;
1451 2882 138 54 with
1622 2883 292 54 character
1944 2883 252 54 sketches
2230 2883 72 67 by

312 2959 219 54 Martin
581 2959 76 55 H.
706 2962 318 65 Boarman;
1075 2960 189 54 edited
1313 2962 75 67 by
1435 2961 193 54 James
1676 2960 64 55 L.
1789 2960 201 54 Harte.
2072 2962 232 65 Boston,

310 3036 191 68 Mass.,
527 3037 121 53 The
680 3037 298 56 Stratford
1009 3055 280 51 company
1398 3042 119 64 [c1935]

377 3107 907 49 3 p. l. , i-iii, 234 p. plates. 19 cm .
314 3163 53 53 ©
395 3168 111 40 Dec.
536 3168 70 47 13,
634 3167 118 40 1935;
806 3168 66 41 2c.
903 3169 110 39 Dec.
1045 3168 81 47 16;
1159 3168 82 41 aff.
1268 3170 110 38 Dec.
1409 3169 81 46 19;
1524 3170 40 38 A
1593 3168 170 47 89950;
1800 3169 249 40 Stratford

2079 3179 83 37 co.,
384 3169 1902 96 publishers.
644 3224 191 49 (36-25)

374 3312 1904 144 … Bords de la Loire et sud-ouest; Orléanais, Touraine, Anjou,
381 3389 1897 132 Poitou et Vendée, Angoumois, Aunis et Saintonge, Bordelais …
729 3468 183 66 Paris,
941 3470 301 63 Hachette,
1276 3472 149 50 1934.

382 3541 151 46 lxxvi,
560 3540 88 40 640
673 3552 42 37 p.
772 3551 135 38 maps
936 3541 51 47 (1
1012 3541 145 46 fold.)
1222 3541 113 40 16cm.
1406 3541 113 47 (Les
1547 3541 169 47 guides
1746 3541 161 47 bleus)

387 3597 91 40 “Ce
504 3597 146 48 guide
671 3608 28 29 a
728 3596 75 42 été
830 3596 162 49 rédigé
1019 3608 88 38 par
1135 3610 58 27 m.
1224 3598 208 47 Georges
1460 3596 354 41 Monmarché.”

387 3654 140 47 Maps
554 3665 61 29 on
644 3654 84 40 the
754 3654 286 41 end-sheets.

315 3704 1247 54 © Sept. 5, 1934; 1c. Mar. 5, 1935; A- Foreign
1585 3709 170 47 27117;
1783 3707 244 42 Librairie
2050 3707 249 41 Hachette.

311 3823 238 65 Briggs,
575 3827 225 53 Walter
826 3829 85 52 De
936 3828 179 64 Blois,
1144 3831 171 49 1901-

382 3902 194 56 James
609 3903 270 69 Phillips,
910 3904 91 68 jr.,
1032 3905 76 67 by
1139 3906 224 54 Walter
1394 3906 88 52 De
1516 3903 158 54 Blois
1709 3901 230 69 Briggs,
1970 3902 90 54 his
312 3898 1962 135 grandson.
506 3979 117 57 San
654 3982 320 61 Francisco,
1006 3985 149 51 1935.
