2424 4375
1281 4127 131 48 1396

337 507 271 64 Collison,
636 508 242 64 Wilson,
910 514 173 49 1893-

406 584 120 53 The
561 585 200 52 second
795 582 137 53 Mrs.
968 582 248 69 Lynton,
1249 582 75 69 by
1357 580 220 55 Wilson
1615 581 269 55 Collison.
1981 581 136 53 [New
2156 582 173 70 York,

339 659 1123 69 C. Kendall & W. Sharp, inc., c 1935]
408 731 647 50 5 p. l., 13-250 p. 19½cm.
339 788 53 54 ©
426 793 117 47 July
579 792 70 47 26,
686 792 140 45 1935;
866 791 66 40 2c.
970 792 119 47 Aug.
1127 791 53 46 9;
1221 790 82 41 aff.
1342 790 102 41 Oct.
1481 792 25 39 3;
1576 792 40 39 A
1654 791 170 46 87710;
1865 792 72 40 W.
1976 791 224 43 Collison,
2239 792 89 41 Bos

404 850 218 48 Angeles.
693 848 279 48 (35-18848)

341 946 391 55 Commission
760 946 65 53 of
852 946 238 64 inquiry
1116 962 73 37 on
1217 945 193 65 public
1436 945 225 55 service
1690 946 328 64 personnel.

409 1022 252 54 Minutes
689 1021 65 56 of
779 1021 262 54 evidence
1070 1021 169 55 taken
1269 1021 193 55 before
1490 1022 95 54 the
1617 1019 372 56 Commission
2020 1020 62 53 of
2107 1021 224 69 inquiry

340 1118 72 34 on
451 1098 192 70 public
683 1098 209 55 service
932 1100 295 67 personnel
1268 1103 59 50 at
1365 1100 267 67 hearings
1670 1098 132 53 held
1842 1099 61 52 in
1941 1098 392 69 Washington,

340 1176 137 55 New
510 1176 178 69 York,
719 1176 267 69 Chicago,
1014 1173 399 72 Minneapolis,
1444 1175 83 55 St.
1558 1176 163 68 Paul,
1752 1175 232 69 Seattle,

2012 1175 117 55 San
341 1177 1966 145 Francisco,
526 1254 294 69 Berkeley,
842 1253 141 54 Palo
1008 1254 157 68 Alto,
1188 1254 109 53 Los
1322 1253 264 69 Angeles,
1611 1253 338 68 Richmond,
1977 1256 149 51 1934.
2199 1253 133 54 New

343 1331 162 55 York
540 1332 112 52 and
689 1332 254 68 London,
978 1330 427 55 McGraw-Hill
1441 1330 147 54 book
1623 1348 294 52 company,
1955 1332 124 67 inc.,
2118 1334 147 49 1935.

412 1403 102 48 xiii,
545 1403 84 40 721
660 1414 43 37 p.
763 1403 144 40 23½cm.

413 1461 50 40 L.
506 1462 58 39 D.
606 1458 235 49 Coffman,
882 1460 252 40 chairman;
1205 1460 51 41 L.
1297 1461 61 42 H.
1402 1460 186 48 Gulick,
1630 1462 211 40 director
1881 1462 53 40 of
1976 1464 223 39 research
2240 1463 91 40 and

341 1519 262 46 secretary.

340 1573 53 54 ©
423 1579 101 39 Oct.
555 1578 39 40 3.
626 1576 113 41 1935;
798 1576 66 41 2c.
896 1578 103 39 Oct.
1029 1576 54 47 9;
1116 1576 81 40 aff.
1231 1576 100 40 Oct.
1363 1578 51 44 7;
1448 1577 39 38 A
1519 1576 170 45 87546;
1723 1576 350 41 McGraw-Hill
2105 1578 120 39 book
2254 1586 79 39 co.,

409 1635 89 39 inc.
569 1634 281 45 (35-18978)

349 1732 266 65 [Conger,
646 1730 216 67 Beach]

414 1807 1670 70 World letters, incorporated … Chichicastenango,
345 1809 1989 146 Guatemala, September 21, 1935 … [Chichicastenango, Guatemala,
345 1965 805 67 World letters, inc.] c 1935.
411 2050 43 37 p.
482 2038 159 41 13-16.
695 2037 127 41 illus.
880 2038 117 41 28cm.

412 2094 407 49 Mimeographed.

344 2147 1990 54 © 1c. Oct. 30, 1935; A ad int. 20674; pubd. Sept. 21; World letters, inc.,
415 2210 120 39 East
564 2209 206 46 Aurora,
799 2209 56 38 N.
883 2209 54 39 Y.

347 2297 174 64 Coon,
552 2297 273 54 Carleton
854 2298 267 64 Stevens,
1152 2303 171 49 1904-

418 2373 332 68 Measuring
782 2373 276 68 Ethiopia
1096 2373 111 52 and
1242 2372 170 69 flight
1445 2375 121 52 into
1601 2372 234 70 Arabia,
1871 2373 71 69 by
1981 2373 263 55 Carleton
2281 2371 54 55 S.

351 2448 1716 71 Coon … Boston, Little, Brown, and company, 1935.
419 2520 1136 51 ix p., 3 l., [3]-333 p. front., plates. 21cm.
420 2580 138 47 Maps
588 2589 62 29 on
677 2578 364 48 lining-papers.

420 2636 76 39 An
533 2637 205 39 account
773 2635 53 40 of
865 2636 81 40 the
985 2636 308 46 experiences
1331 2635 51 40 of
1422 2647 61 29 an
1523 2636 414 48 anthropological
1977 2637 274 48 expedition
2288 2637 46 38 in

351 2693 228 47 Ethiopia
606 2693 95 39 and
727 2692 196 48 Arabia,
951 2692 274 41 1933-1934.

347 2748 53 52 ©
421 2753 100 39 Oct.
545 2753 41 45 4,
610 2750 113 41 1935;
775 2752 66 39 2c.
866 2751 94 39 and
984 2749 81 41 aff.
1091 2750 100 40 Oct.
1215 2751 25 39 5:
1294 2751 41 38 A
1358 2751 141 40 86601:
1554 2751 47 40 C.
1632 2751 43 40 S.
1701 2751 144 48 Goon,
1870 2751 301 48 Cambridge,
2196 2751 138 38 Mass.

428 2808 280 48 (35-18832)

349 2895 287 66 Ditmars,
663 2897 307 63 Raymond
998 2897 134 64 Lee,
1164 2898 170 54 1876-

420 2970 467 56 Snake-hunters’
934 2971 263 70 holiday;
1250 2973 243 67 tropical
1542 2973 339 53 adventures
1928 2972 60 53 in
2034 2972 193 54 search
2274 2966 59 57 of

351 3047 1819 71 bats and the bushmaster, by Raymond L. Ditmars … and
351 3047 1981 148 William Bridges … New York, London, D. Appleton-Century
347 3219 298 52 company,
675 3204 416 67 incorporated,
1124 3208 150 49 1935.

422 3274 63 46 ix,
513 3276 86 40 309
626 3286 41 37 p.
729 3276 161 42 front.,
920 3278 171 46 plates,
1117 3279 148 45 ports.
1324 3276 117 41 21cm.

425 3330 255 49 Recounts,
712 3332 79 39 for
821 3333 80 39 the
932 3336 123 37 most
1083 3338 125 42 part,
1239 3333 82 40 the
1352 3332 307 47 experiences
1690 3333 54 40 of
1773 3333 186 41 Arthur
1989 3334 64 41 M.
2086 3329 246 45 Greenhall

353 3387 95 39 and
475 3386 213 41 William
715 3387 204 48 Bridges
948 3389 48 39 in
1022 3388 233 41 Trinidad
1286 3391 92 38 and
1411 3388 185 41 British
1624 3389 187 41 Guiana
1842 3390 49 40 in
1918 3390 127 41 1934.

355 3441 52 52 ©
435 3445 126 48 Sept.
586 3447 69 46 27,
681 3445 141 47 1935;
849 3447 65 39 2c.
945 3447 125 47 Sept.
1097 3446 82 47 30;
1208 3448 81 39 aff.
1316 3448 102 39 Oct.
1445 3449 16 37 1;
1524 3449 41 38 A
1590 3448 169 47 86538;
1789 3450 56 39 D.
1873 3448 461 49 Appleton-Century

427 3512 82 37 co.,
531 3503 90 39 inc.
693 3502 278 47 (35-18785)

360 3588 186 65 Egan,
575 3590 220 64 Joseph
823 3590 215 65 Burke,
1070 3593 169 54 1879-

430 3663 205 55 Studio
669 3667 112 51 and
815 3667 188 52 school
1037 3667 167 54 series
1238 3669 64 52 of
1334 3668 162 53 radio
1530 3672 181 64 plays,
1745 3668 137 54 with
1921 3665 412 58 fundamentals

359 3739 1973 74 of radio technique, by Joseph B. Egan … Wellesley Hills,
359 3821 189 64 Mass.,
585 3821 119 51 The
740 3822 206 53 Welles
984 3823 336 66 publishing
1352 3840 279 50 company
1673 3827 190 63 [c1935]
1942 3823 146 54 Unit
2161 3864 10 10 1.

430 3891 98 47 116,
562 3890 54 50 [2]
650 3903 40 37 p.
750 3893 116 40 28cm.

432 3947 225 39 Includes
687 3947 166 41 music.

363 3998 50 53 ©
439 4004 118 46 Aug.
614 4035 8 15 1,
649 4003 113 41 1935;
816 4005 66 41 2c.
909 4007 94 39 and
1031 4005 80 40 aff.
1142 4007 128 47 Sept.
1295 4005 54 40 24;
1406 4007 39 38 A
1473 4007 142 39 86423;
1672 4007 175 39 Welles
1874 4007 108 47 pub.
2010 4015 66 31 co.

439 4059 279 50 (35-18944)
