2424 4375
1024 4070 132 50 1109

103 453 194 64 Elsna,
326 454 179 53 Hebe.

172 529 307 53 Uncertain
514 529 171 66 lover,
718 548 31 34 a
783 529 180 65 novel,
998 528 73 67 by
1107 528 158 53 Hebe
1301 528 192 51 Elsna.
1568 528 255 67 London,
1858 528 145 52 Rich
2040 530 45 49 &

104 604 223 69 Cowan,
355 604 100 52 ltd.
491 607 171 66 [1935]

168 690 521 49 3 p. l., 282 p. 19cm.
105 760 1977 53 © 1c. May 24, 1935; A ad int. 20456; pubd. Mar. 28; Dorothy Keogh,
171 821 263 48 Liverpool.
507 822 277 47 (35-13188)

103 923 300 64 Emerson,
430 923 272 66 William,
733 926 169 54 1873-

101 1001 1984 225 The use of brick in French architecture, by William Emerson … and Georges Gromort … drawings by Samuel Chamberlain … pt. 1. The midi. New York city, Architectural book
101 1235 330 67 publishing
459 1254 294 50 company,
782 1236 106 54 inc.
923 1239 192 65 [c1935]

169 1307 55 40 94
251 1320 40 35 p.
321 1309 107 39 incl.
457 1308 49 39 fr
539 1311 80 46 nt.,
648 1309 125 40 illus.
832 1310 114 40 33cm.

172 1364 344 48 Bibliography
535 1376 9 29 :
572 1368 65 45 pt.
665 1368 40 45 1,
732 1377 42 36 p.
800 1366 68 39 91.

105 1430 51 53 ©
179 1436 125 38 June
329 1434 67 48 19,
423 1434 138 47 1935;
588 1435 66 40 2c.
681 1437 95 39 and
804 1436 80 40 aff.
911 1436 126 41 June
1064 1436 81 47 21;
1174 1437 40 38 A
1240 1437 168 46 84375;
1438 1436 361 41 Architectural
1827 1438 121 39 book
1977 1438 107 47 pub.

198 1503 25 28 co.,
281 1492 90 40 inc.
442 1492 277 48 (35-13326)

105 1596 179 61 Esler,
314 1596 139 51 Lois
479 1596 189 62 Aline,
701 1602 164 48 1896-

171 1671 323 53 Presidents
528 1671 63 54 of
625 1689 104 36 our
762 1672 215 54 United
1014 1672 205 66 States,
1252 1673 75 66 by
1358 1673 64 53 L.
1460 1672 71 53 A.
1564 1673 181 52 Esler.
1816 1672 269 68 Chicago,

104 1748 180 58 Rand,
312 1748 262 68 McNally
599 1751 46 51 &
672 1767 295 49 company,
993 1753 174 49 c1935.

169 1820 53 40 64
253 1833 43 37 p.
356 1821 127 40 illus.
512 1821 196 49 (ports.)
776 1823 113 39 17cm.

107 1887 49 53 ©
183 1892 114 47 July
322 1891 68 47 30,
419 1890 113 41 1935;
589 1891 66 40 2c.
683 1892 97 39 and
805 1891 82 41 aff.
913 1892 117 47 Aug.
1061 1892 25 39 5;
1142 1892 43 38 A
1212 1891 141 40 84875;
1411 1892 154 46 Rand,
1594 1892 224 48 McNally
1845 1892 36 40 &
1908 1902 66 30 co.

184 1949 276 48 (35-13354)

106 2051 231 65 Forbes,
366 2051 352 65 Alexander,
748 2058 169 49 1882-

175 2126 260 56 Offshore
474 2129 336 68 navigation
845 2130 60 51 in
945 2130 71 52 its
1057 2129 256 68 simplest
1350 2129 170 62 form,
1561 2130 94 52 for
1698 2131 76 51 all
1815 2132 126 53 who
1979 2130 106 52 sail

107 2208 89 52 the
233 2227 196 33 oceans
468 2215 97 45 out
603 2208 63 51 of
700 2208 155 66 sight
890 2208 64 52 of
990 2208 153 52 land.
1216 2208 154 67 Easy
1406 2209 258 51 methods
1702 2208 94 52 for
1835 2210 252 66 locating

109 2285 142 53 one’s
292 2285 110 53 self
443 2293 59 46 at
539 2303 90 35 sea
669 2287 140 52 with
849 2286 97 52 the
984 2291 224 47 sextant
1247 2286 153 52 from
1441 2305 122 48 sun,
1606 2305 169 35 moon
1815 2287 112 52 and
1966 2291 118 50 star

105 2364 193 66 sights,
323 2365 259 65 together
607 2364 138 52 with
771 2364 98 52 the
890 2382 291 48 necessary
1207 2365 179 50 tables
1411 2364 94 51 for
1531 2364 382 67 determining
106 2365 1955 129 positions
291 2442 212 66 during
540 2442 97 52 the
673 2443 272 66 yachting
985 2460 195 34 season
1221 2441 154 54 from
1414 2443 269 52 latitudes
1723 2446 96 48 32°
1865 2451 57 45 to
1966 2446 118 50 45°.

106 2520 1953 145 By Alexander Forbes … Boston, Mass., Eastern science supply company
536 2602 190 63 [c1935]

175 2671 79 39 123
282 2683 43 36 p.
381 2672 24 37 1
432 2671 141 47 illus.,
602 2671 178 47 diagrs.
838 2670 144 39 26½cm.

176 2727 224 40 “Certain
434 2728 217 47 portions
687 2727 51 39 of
773 2728 80 37 the
889 2727 154 39 tables
1081 2727 48 36 in
1167 2727 60 38 H.
1266 2727 51 38 O.
1355 2726 82 39 203
1476 2728 127 37 have
1636 2727 117 38 been
1790 2729 297 45 reproduced

110 2783 114 39 with
252 2784 82 39 the
361 2783 287 48 permission
675 2783 53 39 of
752 2784 81 38 the
862 2781 371 50 Hydrographic
1261 2782 143 47 office,
1437 2783 53 39 U.
1522 2782 44 40 S.
1598 2783 139 47 Navy
1765 2783 321 48 department,

108 2841 90 38 and
227 2850 84 29 are
334 2839 224 40 included
585 2839 49 38 in
662 2838 98 41 this
789 2838 424 41 volume.”—Pref.

111 2904 49 53 ©
188 2912 116 38 Mar.
331 2910 69 49 22,
429 2909 114 41 1935;
597 2910 66 39 2c.
692 2911 121 38 Mar.
840 2909 55 40 27;
954 2909 81 40 aff.
1065 2911 121 38 Mar.
1213 2908 55 40 26;
1327 2910 40 38 A
1396 2909 141 40 81205;
1594 2910 55 40 A.
1678 2910 192 48 Forbes,
1899 2909 186 47 Milton,

175 2968 141 39 Mass.
387 2967 278 47 (35-13318)

114 3068 235 66 Greene,
380 3071 199 62 Harry
604 3071 272 62 Andrew,
910 3075 168 49 1889-

177 3146 119 51 The
334 3166 96 34 use
472 3148 112 52 and
624 3144 435 69 interpretation
1101 3144 63 53 of
1204 3146 343 66 elementary
1588 3147 188 51 school
1817 3151 153 60 tests,
2010 3146 77 67 by

110 3223 1975 68 Harry A. Greene … and Albert N. Jorgensen … New York
131 3306 115 63 [etc.]
278 3304 341 66 Longmans,
645 3302 187 55 Green
861 3304 110 51 and
1000 3319 96 49 co.,
1127 3305 149 49 1935.

175 3371 1909 52 xxviii p., 1 l., 530 p. illus., diagrs. 22cm. [Longmans' education series]
175 3431 235 40 “Editor’s
437 3430 357 41 introduction”
822 3430 167 48 signed
1006 3442 9 28 :
1045 3430 50 39 F.
1125 3431 52 38 B.
1207 3429 200 48 Knight.

178 3488 35 39 A
237 3488 209 40 revision
466 3489 95 39 and
584 3487 266 48 expansion
872 3487 50 40 of
945 3488 80 39 the
1051 3488 261 39 treatment
1336 3486 50 39 of
1411 3487 80 38 the
1514 3485 238 47 problems
1775 3485 52 39 of
112 3492 1958 92 measurement
271 3544 51 40 of
356 3543 293 42 instruction
686 3543 51 40 in
774 3545 81 39 the
892 3544 297 46 elementary
1225 3542 158 40 school
1428 3542 172 47 grades
1640 3541 156 39 which
1836 3552 101 29 was
113 3541 1956 99 published
284 3600 50 40 in
357 3599 115 41 1929
494 3601 50 39 in
568 3602 81 40 the
675 3599 215 42 authors’
917 3600 127 39 “The
1071 3609 83 32 use
1181 3598 92 40 and
1301 3596 373 49 interpretation
1702 3597 52 40 of
1778 3596 304 42 educational

112 3656 158 41 tests”.
323 3658 101 38 The
446 3658 237 47 problems
709 3657 50 39 of
785 3658 353 38 measurement
1165 3657 50 38 at
1244 3655 81 40 the
1353 3654 264 47 secondary
1648 3654 162 39 school
1836 3654 125 40 level
1987 3652 96 40 will

112 3711 55 40 be
189 3714 251 46 published
466 3715 50 38 in
541 3714 204 40 another
769 3714 189 39 volume.
1026 3712 60 47 cf.
1116 3711 128 40 Pref.

183 3770 156 40 “First
369 3769 225 44 edition.”

179 3825 130 40 “List
330 3826 50 39 of
403 3825 306 40 educational
731 3827 122 37 tests
874 3823 272 41 mentioned
1173 3825 47 36 in
1246 3822 98 40 this
1367 3821 217 40 volume”
1603 3831 9 29 :
1638 3831 42 38 p.
1707 3821 214 39 516-513.

182 3880 243 41 “Selected
451 3880 298 41 references”
780 3883 50 37 at
860 3881 91 39 end
978 3880 50 39 of
1059 3880 116 39 each
1207 3879 199 47 chapter
1434 3879 166 46 except
1628 3878 198 46 chapter
1966 3907 8 8 XXII.

116 3944 50 53 ©
190 3951 114 47 July
325 3953 39 45 3,
387 3951 115 41 1935;
553 3952 67 40 2c.
646 3952 116 46 July
785 3950 53 47 9;
867 3951 80 39 aff.
975 3951 115 47 July
1117 3950 51 45 6;
1198 3950 40 38 A
1265 3949 167 45 83975;
1461 3949 286 46 Longmans,
1776 3947 156 39 Green
1958 3946 35 39 &
2018 3954 67 30 co.

191 4006 273 50 (35-13390)
