<alto xmlns="http://www.loc.gov/standards/alto/ns-v3#" xmlns:xlink="http://www.w3.org/1999/xlink" xmlns:xsi="http://www.w3.org/2001/XMLSchema-instance" xsi:schemaLocation="http://www.loc.gov/standards/alto/ns-v3# http://www.loc.gov/alto/v3/alto-3-0.xsd"><Description>
<MeasurementUnit>pixel</MeasurementUnit>
<sourceImageInformation>
<fileName>1935_v32_Part1.pdf</fileName>
</sourceImageInformation>
<OCRProcessing ID="IdOcr">
<ocrProcessingStep>
<processingDateTime>2019-01-15</processingDateTime>
<processingSoftware>
<softwareCreator>ABBYY</softwareCreator>
<softwareName>ABBYY Recognition Server</softwareName>
<softwareVersion>4.0</softwareVersion>
</processingSoftware>
</ocrProcessingStep>
</OCRProcessing>
</Description>
<Styles>
<ParagraphStyle ID="StyleId-FFFFFFFF-FFFF-FFFF-FFFF-FFFFFFFFFFFF-" ALIGN="Left" LEFT="0." RIGHT="0." FIRSTLINE="0."/>
<ParagraphStyle ID="StyleId-09A13A44-4F77-4ABE-84F3-84CC8B3C72CE-" ALIGN="Left" LEFT="0." RIGHT="0." FIRSTLINE="0." LINESPACE="7.699999809"/>
<ParagraphStyle ID="StyleId-1F945060-F8CD-4435-B69A-5FF49DB0C586-" ALIGN="Left" LEFT="0." RIGHT="0." FIRSTLINE="-10." LINESPACE="12.19999981"/>
<ParagraphStyle ID="StyleId-C6CAE747-F5A4-4D0D-8D74-D452DA7E2C1C-" ALIGN="Block" LEFT="0." RIGHT="0." FIRSTLINE="-14." LINESPACE="8.350000381"/>
<ParagraphStyle ID="StyleId-FC0F3374-189A-459E-BE29-2DC14180F022-" ALIGN="Left" LEFT="0." RIGHT="0." FIRSTLINE="0."/>
<ParagraphStyle ID="StyleId-49397C49-A894-4B3E-BA5E-1126226BA375-" ALIGN="Left" LEFT="0." RIGHT="0." FIRSTLINE="-12." LINESPACE="11.09000015"/>
<ParagraphStyle ID="StyleId-9E34DD3A-E661-48BD-A3A1-6A3D48346F00-" ALIGN="Block" LEFT="0." RIGHT="0." FIRSTLINE="-14." LINESPACE="11.09000015"/>
<ParagraphStyle ID="StyleId-56CE54AA-A08B-4BAA-8605-F26020A0E36E-" ALIGN="Left" LEFT="0." RIGHT="0." FIRSTLINE="0." LINESPACE="9.399999619"/>
<ParagraphStyle ID="StyleId-77814FFC-C42F-4AA9-9880-EF33B947DEC8-" ALIGN="Left" LEFT="0." RIGHT="0." FIRSTLINE="-11." LINESPACE="11.06999969"/>
<ParagraphStyle ID="StyleId-FDE92EC0-67DC-4C7B-8A24-094B12C38B6C-" ALIGN="Center" LEFT="0." RIGHT="0." FIRSTLINE="0." LINESPACE="11.30000019"/>
<ParagraphStyle ID="StyleId-65180E3B-4C93-4FB8-81EE-E026DD63DBF3-" ALIGN="Left" LEFT="0." RIGHT="0." FIRSTLINE="0." LINESPACE="11.10000038"/>
<ParagraphStyle ID="StyleId-10E885C2-5813-4620-B0AA-0FBA30CF7A32-" ALIGN="Left" LEFT="0." RIGHT="0." FIRSTLINE="0." LINESPACE="9.5"/>
<ParagraphStyle ID="StyleId-913C2DB5-9F02-4067-BAF7-0AED37B60BBE-" ALIGN="Left" LEFT="0." RIGHT="0." FIRSTLINE="0." LINESPACE="6.099999905"/>
<ParagraphStyle ID="StyleId-9C79A9D2-8F08-4A8F-985D-B00E253ED1E5-" ALIGN="Left" LEFT="0." RIGHT="0." FIRSTLINE="0." LINESPACE="4.400000095"/>
<ParagraphStyle ID="StyleId-A41F0407-FEFE-4738-9EC5-E05AFFF62781-" ALIGN="Left" LEFT="0." RIGHT="0." FIRSTLINE="0." LINESPACE="7.300000191"/>
<ParagraphStyle ID="StyleId-61D37176-94E8-408D-9B87-01C406CE8AB2-" ALIGN="Left" LEFT="0." RIGHT="0." FIRSTLINE="0." LINESPACE="8.050000191"/>
</Styles>
<Layout>
<Page ID="Page1031" PHYSICAL_IMG_NR="1031" HEIGHT="4375" WIDTH="2424">
<TopMargin HEIGHT="418" WIDTH="2424" VPOS="0" HPOS="0">
</TopMargin>
<LeftMargin HEIGHT="3692" WIDTH="162" VPOS="418" HPOS="0">
</LeftMargin>
<RightMargin HEIGHT="3692" WIDTH="250" VPOS="418" HPOS="2174">
</RightMargin>
<BottomMargin HEIGHT="265" WIDTH="2424" VPOS="4110" HPOS="0">
</BottomMargin>
<PrintSpace HEIGHT="3692" WIDTH="2012" VPOS="418" HPOS="162">
<TextBlock ID="Page1031_Block1" HEIGHT="70" WIDTH="150" VPOS="4040" HPOS="1080" LANG="en-US" STYLEREFS="StyleId-8511769E-0F78-4953-AE22-BB0645C4DA7D-">
<TextLine HEIGHT="48" WIDTH="130" VPOS="4051" HPOS="1090">
<String CONTENT="1031" HEIGHT="48" WIDTH="130" VPOS="4051" HPOS="1090"/>
</TextLine>
</TextBlock>
<TextBlock ID="Page1031_Block2" HEIGHT="3626" WIDTH="2012" VPOS="418" HPOS="162" LANG="en-US" CS="1" STYLEREFS="StyleId-D896A2D7-0329-402C-BE88-83E586FE3923-">
<TextLine HEIGHT="46" WIDTH="578" VPOS="501" HPOS="247" CS="1">
<String CONTENT="2" HEIGHT="38" WIDTH="27" VPOS="502" HPOS="247"/>
<SP/>
<String CS="1" CONTENT="p."/>
<SP/>
<String CS="1" CONTENT="l.," HEIGHT="14" WIDTH="8" VPOS="532" HPOS="405"/>
<SP HEIGHT="45" WIDTH="25" VPOS="501" HPOS="414"/>
<String CONTENT="3-51" HEIGHT="39" WIDTH="108" VPOS="501" HPOS="440"/>
<SP HEIGHT="45" WIDTH="31" VPOS="502" HPOS="549"/>
<String CONTENT="p." HEIGHT="36" WIDTH="40" VPOS="511" HPOS="581"/>
<SP HEIGHT="36" WIDTH="62" VPOS="502" HPOS="622"/>
<String CS="1" CONTENT="18&#189;"/>
<String STYLE="superscript" CONTENT="cm" HEIGHT="20" WIDTH="43" VPOS="503" HPOS="769"/>
<String CONTENT="." HEIGHT="7" WIDTH="7" VPOS="532" HPOS="818"/>
</TextLine>
<TextLine HEIGHT="52" WIDTH="1729" VPOS="553" HPOS="181" CS="1">
<String CONTENT="&#169;" HEIGHT="52" WIDTH="52" VPOS="553" HPOS="181"/>
<SP HEIGHT="52" WIDTH="25" VPOS="553" HPOS="234"/>
<String CONTENT="July" HEIGHT="45" WIDTH="115" VPOS="558" HPOS="260"/>
<SP HEIGHT="46" WIDTH="25" VPOS="557" HPOS="376"/>
<String CONTENT="11," HEIGHT="41" WIDTH="67" VPOS="557" HPOS="402"/>
<SP HEIGHT="41" WIDTH="27" VPOS="557" HPOS="470"/>
<String CS="1" CONTENT="1935;" HEIGHT="39" WIDTH="115" VPOS="556" HPOS="498"/>
<SP HEIGHT="39" WIDTH="30" VPOS="556" HPOS="637"/>
<String CONTENT="2c." HEIGHT="39" WIDTH="66" VPOS="556" HPOS="668"/>
<SP HEIGHT="28" WIDTH="27" VPOS="566" HPOS="735"/>
<String CONTENT="and" HEIGHT="38" WIDTH="93" VPOS="557" HPOS="763"/>
<SP HEIGHT="38" WIDTH="27" VPOS="557" HPOS="857"/>
<String CONTENT="aff." HEIGHT="40" WIDTH="80" VPOS="554" HPOS="885"/>
<SP HEIGHT="39" WIDTH="28" VPOS="556" HPOS="966"/>
<String CONTENT="July" HEIGHT="46" WIDTH="116" VPOS="556" HPOS="995"/>
<SP HEIGHT="47" WIDTH="25" VPOS="555" HPOS="1112"/>
<String CONTENT="24:" HEIGHT="40" WIDTH="82" VPOS="555" HPOS="1138"/>
<SP HEIGHT="40" WIDTH="30" VPOS="555" HPOS="1221"/>
<!-- cceid 91773E76-6D82-1014-B070-FDFD250A9EDA --><String CONTENT="A" HEIGHT="38" WIDTH="41" VPOS="555" HPOS="1252"/>
<SP HEIGHT="40" WIDTH="25" VPOS="555" HPOS="1294"/>
<String CS="1" CONTENT="85138;" HEIGHT="40" WIDTH="112" VPOS="555" HPOS="1320"/>
<SP/>
<String CONTENT="Bruce" HEIGHT="39" WIDTH="156" VPOS="556" HPOS="1521"/>
<SP HEIGHT="38" WIDTH="27" VPOS="564" HPOS="1678"/>
<String CONTENT="pub." HEIGHT="47" WIDTH="109" VPOS="555" HPOS="1706"/>
<SP HEIGHT="28" WIDTH="27" VPOS="566" HPOS="1816"/>
<String CONTENT="co." HEIGHT="30" WIDTH="66" VPOS="564" HPOS="1844"/>
</TextLine>
<TextLine HEIGHT="48" WIDTH="276" VPOS="613" HPOS="256">
<String CONTENT="(35-11286)" HEIGHT="48" WIDTH="276" VPOS="613" HPOS="256"/>
</TextLine>
<TextLine HEIGHT="64" WIDTH="968" VPOS="714" HPOS="181" STYLEREFS="StyleId-60E015F0-0D4E-420C-912A-6C20AA6E48AC-">
<String CONTENT="Thomen," HEIGHT="61" WIDTH="276" VPOS="715" HPOS="181"/>
<SP HEIGHT="62" WIDTH="26" VPOS="714" HPOS="458"/>
<String CONTENT="August" HEIGHT="64" WIDTH="236" VPOS="714" HPOS="485"/>
<SP HEIGHT="53" WIDTH="27" VPOS="714" HPOS="722"/>
<String CONTENT="Astor," HEIGHT="62" WIDTH="199" VPOS="714" HPOS="750"/>
<SP HEIGHT="56" WIDTH="29" VPOS="720" HPOS="950"/>
<String CONTENT="1892-" HEIGHT="49" WIDTH="169" VPOS="719" HPOS="980"/>
</TextLine>
<TextLine HEIGHT="148" WIDTH="1985" VPOS="787" HPOS="177" STYLEREFS="StyleId-60E015F0-0D4E-420C-912A-6C20AA6E48AC-" CS="1">
<String CONTENT="Don't" HEIGHT="51" WIDTH="171" VPOS="790" HPOS="246"/>
<SP HEIGHT="52" WIDTH="32" VPOS="789" HPOS="418"/>
<String CONTENT="believe" HEIGHT="53" WIDTH="209" VPOS="788" HPOS="451"/>
<SP HEIGHT="51" WIDTH="28" VPOS="790" HPOS="661"/>
<String CONTENT="it!" HEIGHT="51" WIDTH="74" VPOS="790" HPOS="690"/>
<SP HEIGHT="52" WIDTH="33" VPOS="790" HPOS="765"/>
<String CONTENT="says" HEIGHT="50" WIDTH="126" VPOS="806" HPOS="799"/>
<SP HEIGHT="46" WIDTH="31" VPOS="796" HPOS="926"/>
<String CONTENT="the" HEIGHT="51" WIDTH="94" VPOS="790" HPOS="958"/>
<SP HEIGHT="52" WIDTH="32" VPOS="789" HPOS="1053"/>
<String CONTENT="doctor;" HEIGHT="67" WIDTH="223" VPOS="789" HPOS="1086"/>
<SP HEIGHT="68" WIDTH="33" VPOS="788" HPOS="1310"/>
<String CONTENT="false" HEIGHT="53" WIDTH="143" VPOS="788" HPOS="1344"/>
<SP HEIGHT="34" WIDTH="32" VPOS="807" HPOS="1488"/>
<String CONTENT="notions," HEIGHT="70" WIDTH="243" VPOS="787" HPOS="1521"/>
<SP HEIGHT="50" WIDTH="31" VPOS="807" HPOS="1765"/>
<String CONTENT="errors," HEIGHT="49" WIDTH="202" VPOS="806" HPOS="1797"/>
<SP HEIGHT="48" WIDTH="29" VPOS="807" HPOS="2000"/>
<String CONTENT="misconceptions" HEIGHT="146" WIDTH="1962" VPOS="788" HPOS="177"/>
<SP HEIGHT="34" WIDTH="54" VPOS="885" HPOS="535"/>
<String CONTENT="and" HEIGHT="52" WIDTH="110" VPOS="867" HPOS="590"/>
<SP HEIGHT="52" WIDTH="56" VPOS="867" HPOS="701"/>
<String CONTENT="misinformation" HEIGHT="54" WIDTH="481" VPOS="865" HPOS="758"/>
<SP HEIGHT="50" WIDTH="60" VPOS="884" HPOS="1240"/>
<String CONTENT="pertaining" HEIGHT="69" WIDTH="331" VPOS="866" HPOS="1301"/>
<SP HEIGHT="65" WIDTH="51" VPOS="870" HPOS="1633"/>
<String CONTENT="to" HEIGHT="49" WIDTH="59" VPOS="870" HPOS="1685"/>
<SP HEIGHT="52" WIDTH="52" VPOS="867" HPOS="1745"/>
<String CONTENT="health" HEIGHT="53" WIDTH="193" VPOS="866" HPOS="1798"/>
<SP HEIGHT="51" WIDTH="55" VPOS="867" HPOS="1992"/>
<String CONTENT="and" HEIGHT="53" WIDTH="114" VPOS="865" HPOS="2048"/>
</TextLine>
<TextLine HEIGHT="147" WIDTH="1983" VPOS="943" HPOS="178" STYLEREFS="StyleId-60E015F0-0D4E-420C-912A-6C20AA6E48AC-" CS="1">
<String CONTENT="hygiene," HEIGHT="69" WIDTH="255" VPOS="943" HPOS="179"/>
<SP HEIGHT="48" WIDTH="25" VPOS="963" HPOS="435"/>
<String CONTENT="major" HEIGHT="69" WIDTH="185" VPOS="943" HPOS="461"/>
<SP HEIGHT="33" WIDTH="27" VPOS="963" HPOS="647"/>
<String CONTENT="ailments" HEIGHT="52" WIDTH="260" VPOS="944" HPOS="675"/>
<SP HEIGHT="34" WIDTH="26" VPOS="962" HPOS="936"/>
<String CONTENT="and" HEIGHT="52" WIDTH="111" VPOS="944" HPOS="963"/>
<SP HEIGHT="52" WIDTH="26" VPOS="944" HPOS="1075"/>
<String CONTENT="cancer," HEIGHT="50" WIDTH="215" VPOS="961" HPOS="1102"/>
<SP HEIGHT="49" WIDTH="22" VPOS="962" HPOS="1318"/>
<String CONTENT="minor" HEIGHT="53" WIDTH="188" VPOS="943" HPOS="1341"/>
<SP HEIGHT="33" WIDTH="26" VPOS="962" HPOS="1530"/>
<String CONTENT="ailments" HEIGHT="54" WIDTH="261" VPOS="943" HPOS="1557"/>
<SP HEIGHT="35" WIDTH="26" VPOS="962" HPOS="1819"/>
<String CONTENT="and" HEIGHT="52" WIDTH="111" VPOS="944" HPOS="1846"/>
<SP HEIGHT="52" WIDTH="30" VPOS="944" HPOS="1958"/>
<String CONTENT="remedies," HEIGHT="126" WIDTH="1960" VPOS="962" HPOS="178"/>
<SP HEIGHT="67" WIDTH="49" VPOS="1021" HPOS="312"/>
<String CONTENT="food" HEIGHT="53" WIDTH="136" VPOS="1021" HPOS="362"/>
<SP HEIGHT="52" WIDTH="46" VPOS="1022" HPOS="499"/>
<String CONTENT="and" HEIGHT="51" WIDTH="111" VPOS="1022" HPOS="546"/>
<SP HEIGHT="51" WIDTH="47" VPOS="1022" HPOS="658"/>
<String CONTENT="diet," HEIGHT="66" WIDTH="133" VPOS="1020" HPOS="706"/>
<SP HEIGHT="46" WIDTH="43" VPOS="1040" HPOS="840"/>
<String CONTENT="mind" HEIGHT="52" WIDTH="159" VPOS="1021" HPOS="884"/>
<SP HEIGHT="52" WIDTH="47" VPOS="1021" HPOS="1044"/>
<String CONTENT="and" HEIGHT="53" WIDTH="114" VPOS="1021" HPOS="1092"/>
<SP HEIGHT="53" WIDTH="44" VPOS="1021" HPOS="1207"/>
<String CONTENT="senses," HEIGHT="48" WIDTH="199" VPOS="1039" HPOS="1252"/>
<SP HEIGHT="66" WIDTH="45" VPOS="1021" HPOS="1452"/>
<String CONTENT="body," HEIGHT="69" WIDTH="168" VPOS="1021" HPOS="1498"/>
<SP HEIGHT="50" WIDTH="46" VPOS="1039" HPOS="1667"/>
<String CONTENT="marriage" HEIGHT="69" WIDTH="285" VPOS="1021" HPOS="1714"/>
<SP HEIGHT="34" WIDTH="46" VPOS="1040" HPOS="2000"/>
<String CONTENT="and" HEIGHT="53" WIDTH="114" VPOS="1021" HPOS="2047"/>
</TextLine>
<TextLine HEIGHT="147" WIDTH="1982" VPOS="1097" HPOS="177" STYLEREFS="StyleId-60E015F0-0D4E-420C-912A-6C20AA6E48AC-" CS="1">
<String CONTENT="death;" HEIGHT="67" WIDTH="198" VPOS="1098" HPOS="177"/>
<SP HEIGHT="47" WIDTH="23" VPOS="1118" HPOS="376"/>
<String CONTENT="and" HEIGHT="52" WIDTH="112" VPOS="1099" HPOS="400"/>
<SP HEIGHT="53" WIDTH="24" VPOS="1098" HPOS="513"/>
<String CONTENT="health" HEIGHT="53" WIDTH="192" VPOS="1098" HPOS="538"/>
<SP HEIGHT="53" WIDTH="24" VPOS="1097" HPOS="731"/>
<String CONTENT="fallacies" HEIGHT="54" WIDTH="255" VPOS="1097" HPOS="756"/>
<SP HEIGHT="53" WIDTH="22" VPOS="1098" HPOS="1012"/>
<String CONTENT="derived" HEIGHT="53" WIDTH="231" VPOS="1098" HPOS="1035"/>
<SP HEIGHT="54" WIDTH="28" VPOS="1097" HPOS="1267"/>
<String CONTENT="from" HEIGHT="53" WIDTH="151" VPOS="1097" HPOS="1296"/>
<SP HEIGHT="34" WIDTH="24" VPOS="1117" HPOS="1448"/>
<String CONTENT="superstition" HEIGHT="69" WIDTH="369" VPOS="1097" HPOS="1473"/>
<SP HEIGHT="34" WIDTH="26" VPOS="1117" HPOS="1843"/>
<String CONTENT="and" HEIGHT="52" WIDTH="112" VPOS="1100" HPOS="1870"/>
<SP HEIGHT="54" WIDTH="29" VPOS="1098" HPOS="1983"/>
<String CONTENT="folklore," HEIGHT="144" WIDTH="1961" VPOS="1098" HPOS="177"/>
<SP HEIGHT="47" WIDTH="31" VPOS="1195" HPOS="311"/>
<String CONTENT="explained" HEIGHT="69" WIDTH="300" VPOS="1175" HPOS="343"/>
<SP HEIGHT="51" WIDTH="32" VPOS="1177" HPOS="644"/>
<String CONTENT="and" HEIGHT="52" WIDTH="111" VPOS="1176" HPOS="677"/>
<SP HEIGHT="52" WIDTH="32" VPOS="1176" HPOS="789"/>
<String CONTENT="corrected," HEIGHT="67" WIDTH="302" VPOS="1176" HPOS="822"/>
<SP HEIGHT="68" WIDTH="29" VPOS="1175" HPOS="1125"/>
<String CONTENT="by" HEIGHT="69" WIDTH="75" VPOS="1175" HPOS="1155"/>
<SP HEIGHT="69" WIDTH="30" VPOS="1175" HPOS="1231"/>
<String CONTENT="August" HEIGHT="69" WIDTH="226" VPOS="1175" HPOS="1262"/>
<SP HEIGHT="53" WIDTH="36" VPOS="1175" HPOS="1489"/>
<String CONTENT="A." HEIGHT="54" WIDTH="68" VPOS="1175" HPOS="1526"/>
<SP HEIGHT="53" WIDTH="34" VPOS="1176" HPOS="1595"/>
<String CONTENT="Thomen" HEIGHT="53" WIDTH="257" VPOS="1176" HPOS="1630"/>
<SP HEIGHT="33" WIDTH="37" VPOS="1196" HPOS="1888"/>
<String CS="1" CONTENT="&#8230;"/>
<SP HEIGHT="34" WIDTH="39" VPOS="1195" HPOS="1983"/>
<String CONTENT="with" HEIGHT="54" WIDTH="136" VPOS="1176" HPOS="2023"/>
</TextLine>
<TextLine HEIGHT="71" WIDTH="1985" VPOS="1252" HPOS="178" STYLEREFS="StyleId-60E015F0-0D4E-420C-912A-6C20AA6E48AC-" CS="1">
<String CONTENT="a" HEIGHT="33" WIDTH="31" VPOS="1272" HPOS="178"/>
<SP HEIGHT="53" WIDTH="28" VPOS="1252" HPOS="210"/>
<String CONTENT="foreword" HEIGHT="54" WIDTH="283" VPOS="1252" HPOS="239"/>
<SP HEIGHT="53" WIDTH="27" VPOS="1253" HPOS="523"/>
<String CONTENT="by" HEIGHT="68" WIDTH="73" VPOS="1253" HPOS="551"/>
<SP HEIGHT="69" WIDTH="25" VPOS="1252" HPOS="625"/>
<String CONTENT="Harlow" HEIGHT="53" WIDTH="237" VPOS="1252" HPOS="651"/>
<SP HEIGHT="51" WIDTH="28" VPOS="1254" HPOS="889"/>
<String CONTENT="Brooks" HEIGHT="53" WIDTH="220" VPOS="1252" HPOS="918"/>
<SP HEIGHT="33" WIDTH="31" VPOS="1272" HPOS="1139"/>
<String CS="1" CONTENT="&#8230;"/>
<SP HEIGHT="52" WIDTH="67" VPOS="1253" HPOS="1227"/>
<String CONTENT="New" HEIGHT="52" WIDTH="139" VPOS="1253" HPOS="1295"/>
<SP HEIGHT="52" WIDTH="27" VPOS="1253" HPOS="1435"/>
<String CONTENT="York" HEIGHT="53" WIDTH="164" VPOS="1252" HPOS="1463"/>
<SP HEIGHT="54" WIDTH="27" VPOS="1252" HPOS="1628"/>
<String CONTENT="city," HEIGHT="71" WIDTH="134" VPOS="1252" HPOS="1656"/>
<SP HEIGHT="69" WIDTH="27" VPOS="1254" HPOS="1791"/>
<String CONTENT="N." HEIGHT="53" WIDTH="70" VPOS="1254" HPOS="1819"/>
<SP HEIGHT="52" WIDTH="29" VPOS="1255" HPOS="1890"/>
<String CONTENT="Y.," HEIGHT="67" WIDTH="90" VPOS="1255" HPOS="1920"/>
<SP HEIGHT="68" WIDTH="28" VPOS="1254" HPOS="2011"/>
<String CONTENT="The" HEIGHT="54" WIDTH="123" VPOS="1254" HPOS="2040"/>
</TextLine>
<TextLine HEIGHT="66" WIDTH="411" VPOS="1332" HPOS="176" STYLEREFS="StyleId-60E015F0-0D4E-420C-912A-6C20AA6E48AC-" CS="1">
<String CONTENT="author" HEIGHT="51" WIDTH="205" VPOS="1332" HPOS="176"/>
<SP HEIGHT="48" WIDTH="32" VPOS="1350" HPOS="382"/>
<String STYLE="subscript" CONTENT="[" HEIGHT="34" WIDTH="13" VPOS="1364" HPOS="415"/>
<String STYLE="superscript" CONTENT="c" HEIGHT="22" WIDTH="17" VPOS="1337" HPOS="432"/>
<String CS="1" CONTENT="1935]" HEIGHT="49" WIDTH="132" VPOS="1334" HPOS="455"/>
</TextLine>
<TextLine HEIGHT="49" WIDTH="587" VPOS="1401" HPOS="245" CS="1">
<String CONTENT="3" HEIGHT="40" WIDTH="27" VPOS="1403" HPOS="245"/>
<SP/>
<String CS="1" CONTENT="p."/>
<SP/>
<String CS="1" CONTENT="l.," HEIGHT="15" WIDTH="9" VPOS="1435" HPOS="405"/>
<SP HEIGHT="48" WIDTH="27" VPOS="1402" HPOS="415"/>
<String CONTENT="5-348" HEIGHT="42" WIDTH="145" VPOS="1401" HPOS="443"/>
<SP HEIGHT="48" WIDTH="23" VPOS="1402" HPOS="589"/>
<String CONTENT="p." HEIGHT="37" WIDTH="44" VPOS="1413" HPOS="613"/>
<SP HEIGHT="40" WIDTH="57" VPOS="1402" HPOS="658"/>
<String CONTENT="21" HEIGHT="39" WIDTH="56" VPOS="1402" HPOS="716"/>
<String STYLE="superscript" CONTENT="cm" HEIGHT="22" WIDTH="45" VPOS="1404" HPOS="775"/>
<String CONTENT="." HEIGHT="8" WIDTH="8" VPOS="1435" HPOS="824"/>
</TextLine>
<TextLine HEIGHT="52" WIDTH="1985" VPOS="1458" HPOS="178" CS="1">
<String CONTENT="&#169;" HEIGHT="52" WIDTH="52" VPOS="1458" HPOS="178"/>
<SP HEIGHT="52" WIDTH="32" VPOS="1458" HPOS="231"/>
<String CONTENT="June" HEIGHT="39" WIDTH="127" VPOS="1462" HPOS="264"/>
<SP HEIGHT="39" WIDTH="28" VPOS="1462" HPOS="392"/>
<String CONTENT="10," HEIGHT="47" WIDTH="68" VPOS="1461" HPOS="421"/>
<SP HEIGHT="45" WIDTH="34" VPOS="1463" HPOS="490"/>
<String CS="1" CONTENT="1935;" HEIGHT="40" WIDTH="112" VPOS="1461" HPOS="525"/>
<SP HEIGHT="40" WIDTH="34" VPOS="1461" HPOS="666"/>
<String CONTENT="2c." HEIGHT="39" WIDTH="67" VPOS="1461" HPOS="701"/>
<SP HEIGHT="29" WIDTH="31" VPOS="1471" HPOS="769"/>
<String CONTENT="and" HEIGHT="38" WIDTH="95" VPOS="1462" HPOS="801"/>
<SP HEIGHT="38" WIDTH="33" VPOS="1462" HPOS="897"/>
<String CONTENT="aff." HEIGHT="40" WIDTH="81" VPOS="1460" HPOS="931"/>
<SP HEIGHT="38" WIDTH="34" VPOS="1462" HPOS="1013"/>
<String CONTENT="June" HEIGHT="39" WIDTH="126" VPOS="1462" HPOS="1048"/>
<SP HEIGHT="40" WIDTH="31" VPOS="1460" HPOS="1175"/>
<String CONTENT="20;" HEIGHT="46" WIDTH="81" VPOS="1460" HPOS="1207"/>
<SP HEIGHT="44" WIDTH="36" VPOS="1462" HPOS="1289"/>
<!-- cceid 9177ABC4-6D82-1014-B070-FDFD250A9EDA --><String CONTENT="A" HEIGHT="38" WIDTH="41" VPOS="1462" HPOS="1326"/>
<SP HEIGHT="39" WIDTH="32" VPOS="1462" HPOS="1368"/>
<String CONTENT="84666;" HEIGHT="47" WIDTH="170" VPOS="1461" HPOS="1401"/>
<SP HEIGHT="46" WIDTH="35" VPOS="1462" HPOS="1572"/>
<String CONTENT="A." HEIGHT="39" WIDTH="53" VPOS="1462" HPOS="1608"/>
<SP HEIGHT="39" WIDTH="33" VPOS="1462" HPOS="1662"/>
<String CONTENT="A." HEIGHT="39" WIDTH="52" VPOS="1462" HPOS="1696"/>
<SP HEIGHT="38" WIDTH="34" VPOS="1463" HPOS="1749"/>
<String CONTENT="Thomen," HEIGHT="42" WIDTH="227" VPOS="1463" HPOS="1784"/>
<SP HEIGHT="41" WIDTH="34" VPOS="1464" HPOS="2012"/>
<String CONTENT="New" HEIGHT="39" WIDTH="116" VPOS="1464" HPOS="2047"/>
</TextLine>
<TextLine HEIGHT="47" WIDTH="490" VPOS="1518" HPOS="244">
<String CONTENT="York." HEIGHT="39" WIDTH="141" VPOS="1519" HPOS="244"/>
<SP HEIGHT="47" WIDTH="69" VPOS="1518" HPOS="386"/>
<String CONTENT="(35-11341)" HEIGHT="47" WIDTH="278" VPOS="1518" HPOS="456"/>
</TextLine>
<TextLine HEIGHT="63" WIDTH="899" VPOS="1620" HPOS="178" STYLEREFS="StyleId-F8DE6F96-E0E5-46B2-B145-423DD5008E24-">
<String CONTENT="Tomaselli," HEIGHT="63" WIDTH="327" VPOS="1620" HPOS="178"/>
<SP HEIGHT="61" WIDTH="28" VPOS="1622" HPOS="506"/>
<String CONTENT="Francesco," HEIGHT="60" WIDTH="340" VPOS="1622" HPOS="535"/>
<SP HEIGHT="54" WIDTH="32" VPOS="1628" HPOS="876"/>
<String CONTENT="1893-" HEIGHT="48" WIDTH="168" VPOS="1626" HPOS="909"/>
</TextLine>
<TextLine HEIGHT="70" WIDTH="1853" VPOS="1693" HPOS="305" STYLEREFS="StyleId-60E015F0-0D4E-420C-912A-6C20AA6E48AC-" CS="1">
<String CS="1" CONTENT="&#8230;"/>
<SP HEIGHT="52" WIDTH="48" VPOS="1696" HPOS="305"/>
<String CONTENT="Ecco" HEIGHT="52" WIDTH="148" VPOS="1696" HPOS="354"/>
<SP HEIGHT="53" WIDTH="42" VPOS="1695" HPOS="503"/>
<String CONTENT="il" HEIGHT="52" WIDTH="40" VPOS="1695" HPOS="546"/>
<SP HEIGHT="55" WIDTH="43" VPOS="1693" HPOS="587"/>
<String CONTENT="Giappone." HEIGHT="70" WIDTH="315" VPOS="1693" HPOS="631"/>
<SP HEIGHT="54" WIDTH="81" VPOS="1694" HPOS="947"/>
<String CONTENT="Con" HEIGHT="54" WIDTH="121" VPOS="1694" HPOS="1029"/>
<SP HEIGHT="47" WIDTH="47" VPOS="1699" HPOS="1151"/>
<String CONTENT="110" HEIGHT="49" WIDTH="98" VPOS="1697" HPOS="1199"/>
<SP HEIGHT="52" WIDTH="42" VPOS="1695" HPOS="1298"/>
<String CONTENT="illustrazioni" HEIGHT="53" WIDTH="377" VPOS="1695" HPOS="1341"/>
<SP HEIGHT="52" WIDTH="46" VPOS="1696" HPOS="1719"/>
<String CONTENT="e" HEIGHT="32" WIDTH="25" VPOS="1716" HPOS="1766"/>
<SP HEIGHT="52" WIDTH="46" VPOS="1697" HPOS="1792"/>
<String CONTENT="due" HEIGHT="52" WIDTH="107" VPOS="1697" HPOS="1839"/>
<SP HEIGHT="34" WIDTH="43" VPOS="1715" HPOS="1947"/>
<String CONTENT="carte." HEIGHT="45" WIDTH="167" VPOS="1704" HPOS="1991"/>
</TextLine>
<TextLine HEIGHT="66" WIDTH="915" VPOS="1772" HPOS="175" STYLEREFS="StyleId-60E015F0-0D4E-420C-912A-6C20AA6E48AC-">
<String CONTENT="Milano," HEIGHT="66" WIDTH="235" VPOS="1772" HPOS="175"/>
<SP HEIGHT="65" WIDTH="25" VPOS="1773" HPOS="411"/>
<String CONTENT="A." HEIGHT="52" WIDTH="70" VPOS="1773" HPOS="437"/>
<SP HEIGHT="52" WIDTH="30" VPOS="1773" HPOS="508"/>
<String CONTENT="Mondadori" HEIGHT="52" WIDTH="339" VPOS="1773" HPOS="539"/>
<SP HEIGHT="64" WIDTH="39" VPOS="1773" HPOS="879"/>
<String STYLE="subscript" CONTENT="r" HEIGHT="32" WIDTH="13" VPOS="1805" HPOS="919"/>
<String CONTENT="1935]" HEIGHT="63" WIDTH="151" VPOS="1775" HPOS="939"/>
</TextLine>
<TextLine HEIGHT="52" WIDTH="1603" VPOS="1843" HPOS="248" CS="1">
<String CONTENT="6" HEIGHT="41" WIDTH="28" VPOS="1843" HPOS="248"/>
<SP HEIGHT="50" WIDTH="25" VPOS="1843" HPOS="277"/>
<String CS="1" CONTENT="p."/>
<SP/>
<String CS="1" CONTENT="l.," HEIGHT="17" WIDTH="9" VPOS="1876" HPOS="412"/>
<SP HEIGHT="30" WIDTH="31" VPOS="1864" HPOS="422"/>
<String CS="1" CONTENT="[3]-258" HEIGHT="50" WIDTH="161" VPOS="1845" HPOS="467"/>
<SP HEIGHT="47" WIDTH="28" VPOS="1845" HPOS="629"/>
<String CONTENT="p.," HEIGHT="38" WIDTH="58" VPOS="1854" HPOS="658"/>
<SP HEIGHT="44" WIDTH="29" VPOS="1845" HPOS="717"/>
<String CONTENT="1" HEIGHT="39" WIDTH="25" VPOS="1845" HPOS="747"/>
<SP HEIGHT="39" WIDTH="28" VPOS="1845" HPOS="773"/>
<String CS="1" CONTENT="l." HEIGHT="10" WIDTH="9" VPOS="1876" HPOS="824"/>
<SP HEIGHT="38" WIDTH="55" VPOS="1854" HPOS="834"/>
<String CONTENT="plates," HEIGHT="48" WIDTH="171" VPOS="1844" HPOS="890"/>
<SP HEIGHT="39" WIDTH="30" VPOS="1853" HPOS="1062"/>
<String CONTENT="ports.," HEIGHT="47" WIDTH="163" VPOS="1845" HPOS="1093"/>
<SP HEIGHT="47" WIDTH="30" VPOS="1843" HPOS="1257"/>
<String CONTENT="2" HEIGHT="39" WIDTH="27" VPOS="1843" HPOS="1288"/>
<SP HEIGHT="40" WIDTH="27" VPOS="1843" HPOS="1316"/>
<String CONTENT="fold." HEIGHT="42" WIDTH="117" VPOS="1843" HPOS="1344"/>
<SP HEIGHT="30" WIDTH="31" VPOS="1855" HPOS="1462"/>
<String CONTENT="maps." HEIGHT="39" WIDTH="150" VPOS="1854" HPOS="1494"/>
<SP HEIGHT="39" WIDTH="59" VPOS="1845" HPOS="1645"/>
<String CS="1" CONTENT="24&#189;" HEIGHT="40" WIDTH="56" VPOS="1844" HPOS="1705"/>
<String STYLE="superscript" CONTENT="cm" HEIGHT="22" WIDTH="45" VPOS="1847" HPOS="1794"/>
<String CONTENT="." HEIGHT="9" WIDTH="9" VPOS="1877" HPOS="1842"/>
</TextLine>
<TextLine HEIGHT="42" WIDTH="928" VPOS="1900" HPOS="248">
<String CONTENT="At" HEIGHT="41" WIDTH="62" VPOS="1901" HPOS="248"/>
<SP HEIGHT="40" WIDTH="24" VPOS="1902" HPOS="311"/>
<String CONTENT="head" HEIGHT="40" WIDTH="123" VPOS="1902" HPOS="336"/>
<SP HEIGHT="39" WIDTH="26" VPOS="1903" HPOS="460"/>
<String CONTENT="of" HEIGHT="39" WIDTH="52" VPOS="1902" HPOS="487"/>
<SP HEIGHT="40" WIDTH="24" VPOS="1902" HPOS="540"/>
<String CONTENT="title:" HEIGHT="41" WIDTH="134" VPOS="1901" HPOS="565"/>
<SP HEIGHT="41" WIDTH="27" VPOS="1900" HPOS="700"/>
<String CONTENT="Cesco" HEIGHT="41" WIDTH="144" VPOS="1900" HPOS="728"/>
<SP HEIGHT="40" WIDTH="26" VPOS="1901" HPOS="873"/>
<String CONTENT="Tomaselli." HEIGHT="41" WIDTH="276" VPOS="1900" HPOS="900"/>
</TextLine>
<TextLine HEIGHT="52" WIDTH="1985" VPOS="1956" HPOS="178" CS="1">
<String CONTENT="&#169;" HEIGHT="52" WIDTH="52" VPOS="1956" HPOS="178"/>
<SP HEIGHT="52" WIDTH="29" VPOS="1956" HPOS="231"/>
<String CONTENT="Dec." HEIGHT="39" WIDTH="110" VPOS="1961" HPOS="261"/>
<SP HEIGHT="37" WIDTH="27" VPOS="1962" HPOS="372"/>
<String CONTENT="10," HEIGHT="46" WIDTH="68" VPOS="1960" HPOS="400"/>
<SP HEIGHT="45" WIDTH="29" VPOS="1961" HPOS="469"/>
<String CS="1" CONTENT="1934;" HEIGHT="40" WIDTH="113" VPOS="1960" HPOS="499"/>
<SP/>
<String CS="1" CONTENT="1c."/>
<SP HEIGHT="37" WIDTH="28" VPOS="1961" HPOS="737"/>
<String CONTENT="May" HEIGHT="46" WIDTH="114" VPOS="1961" HPOS="766"/>
<SP HEIGHT="47" WIDTH="26" VPOS="1960" HPOS="881"/>
<String CONTENT="25," HEIGHT="46" WIDTH="68" VPOS="1960" HPOS="908"/>
<SP HEIGHT="46" WIDTH="30" VPOS="1960" HPOS="977"/>
<String CONTENT="1935;" HEIGHT="45" WIDTH="139" VPOS="1959" HPOS="1008"/>
<SP HEIGHT="44" WIDTH="31" VPOS="1960" HPOS="1148"/>
<!-- cceid 91781E77-6D82-1014-B070-FDFD250A9EDA --><String CONTENT="A-Foreign" HEIGHT="48" WIDTH="310" VPOS="1959" HPOS="1180"/>
<SP HEIGHT="39" WIDTH="26" VPOS="1959" HPOS="1491"/>
<String CONTENT="27948;" HEIGHT="47" WIDTH="170" VPOS="1959" HPOS="1518"/>
<SP HEIGHT="45" WIDTH="33" VPOS="1961" HPOS="1689"/>
<String CONTENT="Casa" HEIGHT="40" WIDTH="124" VPOS="1961" HPOS="1723"/>
<SP HEIGHT="28" WIDTH="32" VPOS="1973" HPOS="1848"/>
<String CONTENT="editrice" HEIGHT="41" WIDTH="200" VPOS="1961" HPOS="1881"/>
<SP HEIGHT="39" WIDTH="26" VPOS="1964" HPOS="2082"/>
<String CONTENT="A." HEIGHT="39" WIDTH="54" VPOS="1964" HPOS="2109"/>
</TextLine>
<TextLine HEIGHT="47" WIDTH="650" VPOS="2016" HPOS="245" CS="1">
<String CONTENT="Mondadori." HEIGHT="41" WIDTH="299" VPOS="2016" HPOS="245"/>
<SP HEIGHT="47" WIDTH="72" VPOS="2016" HPOS="545"/>
<String CONTENT="(35-11759)" HEIGHT="47" WIDTH="277" VPOS="2016" HPOS="618"/>
<SP/>
</TextLine>
<TextLine HEIGHT="60" WIDTH="451" VPOS="2105" HPOS="177" STYLEREFS="StyleId-F8DE6F96-E0E5-46B2-B145-423DD5008E24-">
<String CONTENT="Torok," HEIGHT="60" WIDTH="208" VPOS="2105" HPOS="177"/>
<SP HEIGHT="58" WIDTH="27" VPOS="2107" HPOS="386"/>
<String CONTENT="Elmer." HEIGHT="53" WIDTH="214" VPOS="2106" HPOS="414"/>
</TextLine>
<TextLine HEIGHT="225" WIDTH="1991" VPOS="2181" HPOS="173" STYLEREFS="StyleId-60E015F0-0D4E-420C-912A-6C20AA6E48AC-" CS="1">
<String CONTENT="Psychrometric" HEIGHT="67" WIDTH="452" VPOS="2182" HPOS="242"/>
<SP HEIGHT="34" WIDTH="44" VPOS="2201" HPOS="695"/>
<String CONTENT="notes" HEIGHT="49" WIDTH="160" VPOS="2187" HPOS="740"/>
<SP HEIGHT="35" WIDTH="40" VPOS="2201" HPOS="901"/>
<String CONTENT="and" HEIGHT="52" WIDTH="113" VPOS="2183" HPOS="942"/>
<SP HEIGHT="52" WIDTH="42" VPOS="2183" HPOS="1056"/>
<String CONTENT="tables;" HEIGHT="67" WIDTH="208" VPOS="2181" HPOS="1099"/>
<SP HEIGHT="48" WIDTH="46" VPOS="2200" HPOS="1308"/>
<String CONTENT="a" HEIGHT="33" WIDTH="31" VPOS="2201" HPOS="1355"/>
<SP HEIGHT="52" WIDTH="41" VPOS="2182" HPOS="1387"/>
<String CONTENT="handbook" HEIGHT="54" WIDTH="305" VPOS="2181" HPOS="1429"/>
<SP HEIGHT="53" WIDTH="42" VPOS="2182" HPOS="1735"/>
<String CONTENT="on" HEIGHT="33" WIDTH="72" VPOS="2202" HPOS="1778"/>
<SP HEIGHT="49" WIDTH="44" VPOS="2202" HPOS="1851"/>
<String CONTENT="psychrometric" HEIGHT="129" WIDTH="1966" VPOS="2185" HPOS="173"/>
<SP HEIGHT="49" WIDTH="32" VPOS="2279" HPOS="370"/>
<String CONTENT="principles," HEIGHT="67" WIDTH="328" VPOS="2261" HPOS="403"/>
<SP HEIGHT="61" WIDTH="28" VPOS="2266" HPOS="732"/>
<String CONTENT="tables" HEIGHT="54" WIDTH="177" VPOS="2260" HPOS="761"/>
<SP HEIGHT="35" WIDTH="32" VPOS="2279" HPOS="939"/>
<String CONTENT="and" HEIGHT="53" WIDTH="113" VPOS="2260" HPOS="972"/>
<SP HEIGHT="53" WIDTH="29" VPOS="2260" HPOS="1086"/>
<String CONTENT="calculations" HEIGHT="54" WIDTH="371" VPOS="2260" HPOS="1116"/>
<SP HEIGHT="56" WIDTH="27" VPOS="2258" HPOS="1488"/>
<String CONTENT="for" HEIGHT="54" WIDTH="94" VPOS="2258" HPOS="1516"/>
<SP HEIGHT="48" WIDTH="27" VPOS="2264" HPOS="1611"/>
<String CONTENT="textile" HEIGHT="53" WIDTH="201" VPOS="2261" HPOS="1639"/>
<SP HEIGHT="35" WIDTH="28" VPOS="2279" HPOS="1841"/>
<String CONTENT="manufacturers," HEIGHT="145" WIDTH="1967" VPOS="2261" HPOS="173"/>
<SP HEIGHT="49" WIDTH="23" VPOS="2357" HPOS="375"/>
<String CONTENT="engineers" HEIGHT="69" WIDTH="291" VPOS="2337" HPOS="399"/>
<SP HEIGHT="34" WIDTH="21" VPOS="2358" HPOS="691"/>
<String CONTENT="and" HEIGHT="53" WIDTH="111" VPOS="2339" HPOS="713"/>
<SP HEIGHT="53" WIDTH="25" VPOS="2339" HPOS="825"/>
<String CONTENT="students," HEIGHT="68" WIDTH="273" VPOS="2337" HPOS="851"/>
<SP HEIGHT="68" WIDTH="21" VPOS="2337" HPOS="1125"/>
<String CONTENT="by" HEIGHT="68" WIDTH="78" VPOS="2337" HPOS="1147"/>
<SP HEIGHT="68" WIDTH="17" VPOS="2337" HPOS="1226"/>
<String CONTENT="Elmer" HEIGHT="54" WIDTH="197" VPOS="2337" HPOS="1244"/>
<SP HEIGHT="52" WIDTH="21" VPOS="2338" HPOS="1442"/>
<String CONTENT="Torok" HEIGHT="54" WIDTH="194" VPOS="2337" HPOS="1464"/>
<SP HEIGHT="54" WIDTH="26" VPOS="2337" HPOS="1659"/>
<String CS="1" CONTENT="&#8230;"/>
<SP HEIGHT="52" WIDTH="76" VPOS="2340" HPOS="1744"/>
<String CONTENT="New" HEIGHT="52" WIDTH="139" VPOS="2340" HPOS="1821"/>
<SP HEIGHT="52" WIDTH="23" VPOS="2340" HPOS="1961"/>
<String CONTENT="York." HEIGHT="53" WIDTH="179" VPOS="2339" HPOS="1985"/>
</TextLine>
<TextLine HEIGHT="68" WIDTH="1559" VPOS="2415" HPOS="173" STYLEREFS="StyleId-60E015F0-0D4E-420C-912A-6C20AA6E48AC-">
<String CONTENT="N." HEIGHT="52" WIDTH="69" VPOS="2418" HPOS="173"/>
<SP HEIGHT="52" WIDTH="30" VPOS="2418" HPOS="243"/>
<String CONTENT="Y.," HEIGHT="65" WIDTH="91" VPOS="2418" HPOS="274"/>
<SP HEIGHT="66" WIDTH="27" VPOS="2417" HPOS="366"/>
<String CONTENT="North" HEIGHT="53" WIDTH="184" VPOS="2417" HPOS="394"/>
<SP HEIGHT="52" WIDTH="29" VPOS="2416" HPOS="579"/>
<String CONTENT="American" HEIGHT="53" WIDTH="306" VPOS="2416" HPOS="609"/>
<SP HEIGHT="35" WIDTH="25" VPOS="2433" HPOS="916"/>
<String CONTENT="rayon" HEIGHT="49" WIDTH="180" VPOS="2433" HPOS="942"/>
<SP HEIGHT="34" WIDTH="25" VPOS="2434" HPOS="1123"/>
<String CONTENT="corporation," HEIGHT="68" WIDTH="381" VPOS="2415" HPOS="1149"/>
<SP HEIGHT="61" WIDTH="27" VPOS="2422" HPOS="1531"/>
<String STYLE="superscript" CONTENT="c" HEIGHT="22" WIDTH="19" VPOS="2422" HPOS="1559"/>
<String CONTENT="1935." HEIGHT="50" WIDTH="150" VPOS="2418" HPOS="1582"/>
</TextLine>
<TextLine HEIGHT="50" WIDTH="1085" VPOS="2488" HPOS="240" CS="1">
<String CONTENT="4" HEIGHT="40" WIDTH="27" VPOS="2490" HPOS="240"/>
<SP/>
<String CS="1" CONTENT="p."/>
<SP/>
<String CS="1" CONTENT="l.," HEIGHT="17" WIDTH="9" VPOS="2521" HPOS="400"/>
<SP HEIGHT="48" WIDTH="26" VPOS="2490" HPOS="410"/>
<String CONTENT="3-89" HEIGHT="41" WIDTH="113" VPOS="2489" HPOS="437"/>
<SP HEIGHT="49" WIDTH="25" VPOS="2489" HPOS="551"/>
<String CONTENT="p.," HEIGHT="38" WIDTH="57" VPOS="2500" HPOS="577"/>
<SP HEIGHT="43" WIDTH="25" VPOS="2492" HPOS="635"/>
<String CONTENT="1" HEIGHT="37" WIDTH="23" VPOS="2492" HPOS="661"/>
<SP HEIGHT="39" WIDTH="28" VPOS="2490" HPOS="685"/>
<String CS="1" CONTENT="l." HEIGHT="9" WIDTH="9" VPOS="2521" HPOS="735"/>
<SP HEIGHT="40" WIDTH="58" VPOS="2490" HPOS="745"/>
<String CONTENT="double" HEIGHT="40" WIDTH="174" VPOS="2489" HPOS="804"/>
<SP HEIGHT="41" WIDTH="22" VPOS="2488" HPOS="979"/>
<String CONTENT="front." HEIGHT="41" WIDTH="149" VPOS="2488" HPOS="1002"/>
<SP HEIGHT="40" WIDTH="57" VPOS="2489" HPOS="1152"/>
<String CONTENT="18" HEIGHT="41" WIDTH="57" VPOS="2489" HPOS="1210"/>
<String STYLE="superscript" CONTENT="cm" HEIGHT="21" WIDTH="44" VPOS="2491" HPOS="1269"/>
<String CONTENT="." HEIGHT="10" WIDTH="7" VPOS="2518" HPOS="1318"/>
</TextLine>
<TextLine HEIGHT="108" WIDTH="1967" VPOS="2544" HPOS="177" CS="1">
<String CONTENT="&#169;" HEIGHT="52" WIDTH="52" VPOS="2544" HPOS="177"/>
<SP HEIGHT="52" WIDTH="26" VPOS="2544" HPOS="230"/>
<String CONTENT="July" HEIGHT="46" WIDTH="115" VPOS="2548" HPOS="257"/>
<SP HEIGHT="47" WIDTH="29" VPOS="2547" HPOS="373"/>
<String CONTENT="3," HEIGHT="42" WIDTH="41" VPOS="2547" HPOS="403"/>
<SP HEIGHT="41" WIDTH="27" VPOS="2548" HPOS="445"/>
<String CONTENT="1935;" HEIGHT="47" WIDTH="139" VPOS="2545" HPOS="473"/>
<SP HEIGHT="47" WIDTH="29" VPOS="2545" HPOS="613"/>
<String CONTENT="2c." HEIGHT="40" WIDTH="65" VPOS="2545" HPOS="643"/>
<SP HEIGHT="28" WIDTH="30" VPOS="2557" HPOS="709"/>
<String CONTENT="and" HEIGHT="38" WIDTH="95" VPOS="2547" HPOS="740"/>
<SP HEIGHT="38" WIDTH="26" VPOS="2547" HPOS="836"/>
<String CONTENT="aff." HEIGHT="40" WIDTH="81" VPOS="2545" HPOS="863"/>
<SP HEIGHT="39" WIDTH="30" VPOS="2546" HPOS="945"/>
<String CONTENT="July" HEIGHT="47" WIDTH="116" VPOS="2546" HPOS="976"/>
<SP HEIGHT="46" WIDTH="27" VPOS="2547" HPOS="1093"/>
<String CONTENT="12;" HEIGHT="46" WIDTH="81" VPOS="2545" HPOS="1121"/>
<SP HEIGHT="45" WIDTH="30" VPOS="2546" HPOS="1203"/>
<!-- cceid 91789286-6D82-1014-B070-FDFD250A9EDA --><String CONTENT="A" HEIGHT="38" WIDTH="43" VPOS="2546" HPOS="1234"/>
<SP HEIGHT="40" WIDTH="27" VPOS="2544" HPOS="1278"/>
<String CONTENT="85015;" HEIGHT="47" WIDTH="168" VPOS="2544" HPOS="1306"/>
<SP HEIGHT="45" WIDTH="32" VPOS="2546" HPOS="1475"/>
<String CONTENT="North" HEIGHT="38" WIDTH="155" VPOS="2546" HPOS="1508"/>
<SP HEIGHT="39" WIDTH="29" VPOS="2545" HPOS="1664"/>
<String CONTENT="Amer." HEIGHT="40" WIDTH="157" VPOS="2545" HPOS="1694"/>
<SP HEIGHT="28" WIDTH="31" VPOS="2557" HPOS="1852"/>
<String CONTENT="rayon" HEIGHT="37" WIDTH="151" VPOS="2556" HPOS="1884"/>
<SP HEIGHT="28" WIDTH="28" VPOS="2558" HPOS="2036"/>
<String CONTENT="corporation." HEIGHT="95" WIDTH="1901" VPOS="2557" HPOS="243"/>
<SP HEIGHT="46" WIDTH="69" VPOS="2604" HPOS="481"/>
<String CONTENT="(35-11310)" HEIGHT="48" WIDTH="277" VPOS="2602" HPOS="551"/>
</TextLine>
<TextLine HEIGHT="63" WIDTH="860" VPOS="2692" HPOS="177" STYLEREFS="StyleId-60E015F0-0D4E-420C-912A-6C20AA6E48AC-">
<String CONTENT="Webster," HEIGHT="62" WIDTH="287" VPOS="2692" HPOS="177"/>
<SP HEIGHT="61" WIDTH="29" VPOS="2693" HPOS="465"/>
<String CONTENT="Noah," HEIGHT="63" WIDTH="188" VPOS="2692" HPOS="495"/>
<SP HEIGHT="57" WIDTH="16" VPOS="2698" HPOS="684"/>
<String CONTENT="1758-1843." HEIGHT="53" WIDTH="336" VPOS="2692" HPOS="701"/>
</TextLine>
<TextLine HEIGHT="69" WIDTH="1852" VPOS="2765" HPOS="307" STYLEREFS="StyleId-60E015F0-0D4E-420C-912A-6C20AA6E48AC-" CS="1">
<String CS="1" CONTENT="&#8230;"/>
<SP HEIGHT="52" WIDTH="46" VPOS="2770" HPOS="307"/>
<String CONTENT="Webster&#8217;s" HEIGHT="54" WIDTH="304" VPOS="2768" HPOS="354"/>
<SP HEIGHT="45" WIDTH="41" VPOS="2774" HPOS="659"/>
<String CONTENT="twentieth-century" HEIGHT="65" WIDTH="557" VPOS="2768" HPOS="701"/>
<SP HEIGHT="67" WIDTH="43" VPOS="2766" HPOS="1259"/>
<String CONTENT="dictionary" HEIGHT="68" WIDTH="322" VPOS="2765" HPOS="1303"/>
<SP HEIGHT="47" WIDTH="41" VPOS="2786" HPOS="1626"/>
<String CONTENT="of" HEIGHT="53" WIDTH="62" VPOS="2766" HPOS="1668"/>
<SP HEIGHT="53" WIDTH="42" VPOS="2766" HPOS="1731"/>
<String CONTENT="the" HEIGHT="52" WIDTH="95" VPOS="2767" HPOS="1774"/>
<SP HEIGHT="51" WIDTH="44" VPOS="2768" HPOS="1870"/>
<String CONTENT="English" HEIGHT="69" WIDTH="244" VPOS="2765" HPOS="1915"/>
</TextLine>
<TextLine HEIGHT="221" WIDTH="1985" VPOS="2844" HPOS="177" STYLEREFS="StyleId-60E015F0-0D4E-420C-912A-6C20AA6E48AC-" CS="1">
<String CONTENT="language," HEIGHT="66" WIDTH="297" VPOS="2846" HPOS="179"/>
<SP HEIGHT="35" WIDTH="24" VPOS="2865" HPOS="477"/>
<String CONTENT="with" HEIGHT="51" WIDTH="138" VPOS="2846" HPOS="502"/>
<SP HEIGHT="51" WIDTH="25" VPOS="2846" HPOS="641"/>
<String CONTENT="a" HEIGHT="33" WIDTH="31" VPOS="2864" HPOS="667"/>
<SP HEIGHT="33" WIDTH="23" VPOS="2864" HPOS="699"/>
<String CONTENT="comprehensive" HEIGHT="67" WIDTH="455" VPOS="2845" HPOS="723"/>
<SP HEIGHT="33" WIDTH="22" VPOS="2863" HPOS="1179"/>
<String CONTENT="addenda" HEIGHT="52" WIDTH="258" VPOS="2844" HPOS="1202"/>
<SP HEIGHT="35" WIDTH="24" VPOS="2862" HPOS="1461"/>
<String CONTENT="of" HEIGHT="53" WIDTH="63" VPOS="2844" HPOS="1486"/>
<SP HEIGHT="51" WIDTH="22" VPOS="2844" HPOS="1550"/>
<String CONTENT="newest" HEIGHT="46" WIDTH="210" VPOS="2851" HPOS="1573"/>
<SP HEIGHT="46" WIDTH="21" VPOS="2851" HPOS="1784"/>
<String CONTENT="words" HEIGHT="53" WIDTH="184" VPOS="2845" HPOS="1806"/>
<SP HEIGHT="34" WIDTH="24" VPOS="2863" HPOS="1991"/>
<String CONTENT="compiled" HEIGHT="127" WIDTH="1958" VPOS="2863" HPOS="179"/>
<SP HEIGHT="52" WIDTH="32" VPOS="2923" HPOS="335"/>
<String CONTENT="by" HEIGHT="66" WIDTH="75" VPOS="2923" HPOS="368"/>
<SP HEIGHT="65" WIDTH="34" VPOS="2924" HPOS="444"/>
<String CONTENT="Joseph" HEIGHT="66" WIDTH="214" VPOS="2923" HPOS="479"/>
<SP HEIGHT="52" WIDTH="37" VPOS="2923" HPOS="694"/>
<String CONTENT="Devlin," HEIGHT="60" WIDTH="226" VPOS="2924" HPOS="732"/>
<SP HEIGHT="46" WIDTH="35" VPOS="2938" HPOS="959"/>
<String CS="1" CONTENT="M." HEIGHT="9" WIDTH="9" VPOS="2966" HPOS="1051"/>
<SP HEIGHT="33" WIDTH="35" VPOS="2942" HPOS="1061"/>
<String CS="1" CONTENT="A.," HEIGHT="16" WIDTH="28" VPOS="2965" HPOS="1140"/>
<SP HEIGHT="40" WIDTH="36" VPOS="2941" HPOS="1169"/>
<String CONTENT="and" HEIGHT="52" WIDTH="112" VPOS="2922" HPOS="1206"/>
<SP HEIGHT="51" WIDTH="34" VPOS="2922" HPOS="1319"/>
<String CONTENT="many" HEIGHT="48" WIDTH="171" VPOS="2940" HPOS="1354"/>
<SP HEIGHT="47" WIDTH="35" VPOS="2941" HPOS="1526"/>
<String CONTENT="supplementary" HEIGHT="68" WIDTH="466" VPOS="2921" HPOS="1562"/>
<SP HEIGHT="49" WIDTH="35" VPOS="2940" HPOS="2029"/>
<String CONTENT="vocabularies" HEIGHT="113" WIDTH="1957" VPOS="2940" HPOS="177"/>
<SP HEIGHT="33" WIDTH="44" VPOS="3020" HPOS="488"/>
<String CONTENT="and" HEIGHT="52" WIDTH="110" VPOS="3001" HPOS="533"/>
<SP HEIGHT="51" WIDTH="44" VPOS="3001" HPOS="644"/>
<String CONTENT="articles," HEIGHT="56" WIDTH="240" VPOS="3002" HPOS="689"/>
<SP HEIGHT="39" WIDTH="40" VPOS="3019" HPOS="930"/>
<String CONTENT="several" HEIGHT="50" WIDTH="215" VPOS="3002" HPOS="971"/>
<SP HEIGHT="51" WIDTH="40" VPOS="3002" HPOS="1187"/>
<String CONTENT="thousand" HEIGHT="53" WIDTH="283" VPOS="3000" HPOS="1228"/>
<SP HEIGHT="52" WIDTH="39" VPOS="3000" HPOS="1512"/>
<String CONTENT="illustrations," HEIGHT="65" WIDTH="398" VPOS="3000" HPOS="1552"/>
<SP HEIGHT="64" WIDTH="41" VPOS="3001" HPOS="1951"/>
<String CONTENT="latest" HEIGHT="52" WIDTH="169" VPOS="3001" HPOS="1993"/>
</TextLine>
<TextLine HEIGHT="68" WIDTH="1981" VPOS="3076" HPOS="178" STYLEREFS="StyleId-60E015F0-0D4E-420C-912A-6C20AA6E48AC-">
<String CONTENT="census" HEIGHT="36" WIDTH="192" VPOS="3095" HPOS="178"/>
<SP HEIGHT="53" WIDTH="39" VPOS="3076" HPOS="371"/>
<String CONTENT="figures," HEIGHT="67" WIDTH="224" VPOS="3076" HPOS="411"/>
<SP HEIGHT="42" WIDTH="38" VPOS="3096" HPOS="636"/>
<String CONTENT="atlas" HEIGHT="51" WIDTH="143" VPOS="3079" HPOS="675"/>
<SP HEIGHT="34" WIDTH="41" VPOS="3096" HPOS="819"/>
<String CONTENT="of" HEIGHT="51" WIDTH="61" VPOS="3078" HPOS="861"/>
<SP HEIGHT="53" WIDTH="39" VPOS="3078" HPOS="923"/>
<String CONTENT="the" HEIGHT="52" WIDTH="95" VPOS="3079" HPOS="963"/>
<SP HEIGHT="33" WIDTH="38" VPOS="3096" HPOS="1059"/>
<String CONTENT="world." HEIGHT="52" WIDTH="195" VPOS="3077" HPOS="1098"/>
<SP HEIGHT="53" WIDTH="75" VPOS="3078" HPOS="1294"/>
<String CONTENT="Unabridged" HEIGHT="67" WIDTH="375" VPOS="3077" HPOS="1370"/>
<SP HEIGHT="51" WIDTH="38" VPOS="3078" HPOS="1746"/>
<String CONTENT="ed." HEIGHT="53" WIDTH="83" VPOS="3078" HPOS="1785"/>
<SP HEIGHT="52" WIDTH="76" VPOS="3079" HPOS="1869"/>
<String CONTENT="Edited" HEIGHT="53" WIDTH="213" VPOS="3078" HPOS="1946"/>
</TextLine>
<TextLine HEIGHT="61" WIDTH="1917" VPOS="3155" HPOS="180" STYLEREFS="StyleId-60E015F0-0D4E-420C-912A-6C20AA6E48AC-" CS="1">
<String CONTENT="under" HEIGHT="51" WIDTH="182" VPOS="3156" HPOS="180"/>
<SP HEIGHT="44" WIDTH="23" VPOS="3162" HPOS="363"/>
<String CONTENT="the" HEIGHT="50" WIDTH="94" VPOS="3156" HPOS="387"/>
<SP HEIGHT="33" WIDTH="27" VPOS="3174" HPOS="482"/>
<String CONTENT="supervision" HEIGHT="61" WIDTH="356" VPOS="3155" HPOS="510"/>
<SP HEIGHT="33" WIDTH="24" VPOS="3175" HPOS="867"/>
<String CONTENT="of" HEIGHT="53" WIDTH="62" VPOS="3155" HPOS="892"/>
<SP HEIGHT="53" WIDTH="28" VPOS="3155" HPOS="955"/>
<String CONTENT="Thomas" HEIGHT="53" WIDTH="246" VPOS="3155" HPOS="984"/>
<SP HEIGHT="52" WIDTH="26" VPOS="3156" HPOS="1231"/>
<String CONTENT="H." HEIGHT="51" WIDTH="76" VPOS="3156" HPOS="1258"/>
<SP HEIGHT="50" WIDTH="28" VPOS="3157" HPOS="1335"/>
<String CONTENT="Russell" HEIGHT="51" WIDTH="225" VPOS="3156" HPOS="1364"/>
<SP HEIGHT="51" WIDTH="31" VPOS="3156" HPOS="1590"/>
<String CS="1" CONTENT="&#8230;"/>
<SP HEIGHT="52" WIDTH="31" VPOS="3155" HPOS="1678"/>
<String CONTENT="A." HEIGHT="52" WIDTH="71" VPOS="3155" HPOS="1710"/>
<SP HEIGHT="55" WIDTH="31" VPOS="3155" HPOS="1782"/>
<String CONTENT="C." HEIGHT="55" WIDTH="60" VPOS="3155" HPOS="1814"/>
<SP HEIGHT="51" WIDTH="30" VPOS="3156" HPOS="1875"/>
<String CONTENT="Bean" HEIGHT="52" WIDTH="158" VPOS="3156" HPOS="1906"/>
<SP HEIGHT="33" WIDTH="32" VPOS="3175" HPOS="2065"/>
<String CS="1" CONTENT="&#8230;"/>
</TextLine>
<TextLine HEIGHT="150" WIDTH="1977" VPOS="3229" HPOS="178" STYLEREFS="StyleId-60E015F0-0D4E-420C-912A-6C20AA6E48AC-" CS="1">
<String CONTENT="and" HEIGHT="52" WIDTH="110" VPOS="3233" HPOS="184"/>
<SP HEIGHT="52" WIDTH="29" VPOS="3233" HPOS="295"/>
<String CONTENT="L." HEIGHT="51" WIDTH="63" VPOS="3234" HPOS="325"/>
<SP HEIGHT="50" WIDTH="30" VPOS="3235" HPOS="389"/>
<String CONTENT="B." HEIGHT="50" WIDTH="66" VPOS="3235" HPOS="420"/>
<SP HEIGHT="51" WIDTH="28" VPOS="3234" HPOS="487"/>
<String CONTENT="Vaughan" HEIGHT="62" WIDTH="285" VPOS="3233" HPOS="516"/>
<SP HEIGHT="32" WIDTH="36" VPOS="3252" HPOS="802"/>
<String CS="1" CONTENT="&#8230;"/>
<SP HEIGHT="32" WIDTH="37" VPOS="3251" HPOS="893"/>
<String CONTENT="and" HEIGHT="51" WIDTH="110" VPOS="3233" HPOS="931"/>
<SP HEIGHT="51" WIDTH="30" VPOS="3233" HPOS="1042"/>
<String CONTENT="a" HEIGHT="33" WIDTH="29" VPOS="3251" HPOS="1073"/>
<SP HEIGHT="33" WIDTH="29" VPOS="3251" HPOS="1103"/>
<String CONTENT="staff" HEIGHT="55" WIDTH="134" VPOS="3229" HPOS="1133"/>
<SP HEIGHT="56" WIDTH="25" VPOS="3229" HPOS="1268"/>
<String CONTENT="of" HEIGHT="54" WIDTH="63" VPOS="3231" HPOS="1294"/>
<SP HEIGHT="54" WIDTH="28" VPOS="3231" HPOS="1358"/>
<String CONTENT="eminent" HEIGHT="54" WIDTH="250" VPOS="3231" HPOS="1387"/>
<SP HEIGHT="47" WIDTH="24" VPOS="3238" HPOS="1638"/>
<String CONTENT="scholars," HEIGHT="64" WIDTH="266" VPOS="3231" HPOS="1663"/>
<SP HEIGHT="42" WIDTH="30" VPOS="3253" HPOS="1930"/>
<String CONTENT="educators," HEIGHT="141" WIDTH="1956" VPOS="3234" HPOS="178"/>
<SP HEIGHT="45" WIDTH="33" VPOS="3330" HPOS="314"/>
<String CONTENT="and" HEIGHT="51" WIDTH="111" VPOS="3311" HPOS="348"/>
<SP HEIGHT="51" WIDTH="33" VPOS="3311" HPOS="460"/>
<String CONTENT="specialists;" HEIGHT="66" WIDTH="340" VPOS="3310" HPOS="494"/>
<SP HEIGHT="48" WIDTH="36" VPOS="3329" HPOS="835"/>
<String CONTENT="prepared" HEIGHT="67" WIDTH="279" VPOS="3310" HPOS="872"/>
<SP HEIGHT="51" WIDTH="35" VPOS="3310" HPOS="1152"/>
<String CONTENT="for" HEIGHT="51" WIDTH="95" VPOS="3310" HPOS="1188"/>
<SP HEIGHT="49" WIDTH="32" VPOS="3328" HPOS="1284"/>
<String CONTENT="publication" HEIGHT="68" WIDTH="354" VPOS="3309" HPOS="1317"/>
<SP HEIGHT="52" WIDTH="30" VPOS="3310" HPOS="1672"/>
<String CONTENT="by" HEIGHT="66" WIDTH="75" VPOS="3310" HPOS="1703"/>
<SP HEIGHT="66" WIDTH="33" VPOS="3310" HPOS="1779"/>
<String CONTENT="George" HEIGHT="69" WIDTH="221" VPOS="3310" HPOS="1813"/>
<SP HEIGHT="52" WIDTH="30" VPOS="3314" HPOS="2035"/>
<String CONTENT="W." HEIGHT="52" WIDTH="89" VPOS="3314" HPOS="2066"/>
</TextLine>
<TextLine HEIGHT="145" WIDTH="1953" VPOS="3386" HPOS="178" STYLEREFS="StyleId-60E015F0-0D4E-420C-912A-6C20AA6E48AC-" CS="1">
<String CONTENT="Ogilvie." HEIGHT="68" WIDTH="242" VPOS="3386" HPOS="182"/>
<SP HEIGHT="53" WIDTH="71" VPOS="3388" HPOS="425"/>
<String CONTENT="Cleveland," HEIGHT="56" WIDTH="324" VPOS="3388" HPOS="497"/>
<SP HEIGHT="56" WIDTH="31" VPOS="3388" HPOS="822"/>
<String CONTENT="O.," HEIGHT="56" WIDTH="85" VPOS="3388" HPOS="854"/>
<SP HEIGHT="55" WIDTH="32" VPOS="3389" HPOS="940"/>
<String CONTENT="New" HEIGHT="51" WIDTH="136" VPOS="3389" HPOS="973"/>
<SP HEIGHT="50" WIDTH="33" VPOS="3389" HPOS="1110"/>
<String CONTENT="York," HEIGHT="63" WIDTH="178" VPOS="3387" HPOS="1144"/>
<SP HEIGHT="61" WIDTH="30" VPOS="3389" HPOS="1323"/>
<String CONTENT="N." HEIGHT="50" WIDTH="70" VPOS="3389" HPOS="1354"/>
<SP HEIGHT="52" WIDTH="31" VPOS="3388" HPOS="1425"/>
<String CONTENT="Y.," HEIGHT="63" WIDTH="90" VPOS="3388" HPOS="1457"/>
<SP HEIGHT="62" WIDTH="31" VPOS="3389" HPOS="1548"/>
<String CONTENT="The" HEIGHT="52" WIDTH="121" VPOS="3387" HPOS="1580"/>
<SP HEIGHT="53" WIDTH="27" VPOS="3389" HPOS="1702"/>
<String CONTENT="World" HEIGHT="53" WIDTH="203" VPOS="3389" HPOS="1730"/>
<SP HEIGHT="53" WIDTH="31" VPOS="3389" HPOS="1934"/>
<String CONTENT="syndicate" HEIGHT="127" WIDTH="1953" VPOS="3390" HPOS="178"/>
<SP HEIGHT="48" WIDTH="21" VPOS="3483" HPOS="299"/>
<String CONTENT="publishing" HEIGHT="66" WIDTH="333" VPOS="3465" HPOS="321"/>
<SP HEIGHT="41" WIDTH="25" VPOS="3483" HPOS="655"/>
<String CONTENT="company," HEIGHT="48" WIDTH="292" VPOS="3483" HPOS="681"/>
<SP HEIGHT="53" WIDTH="29" VPOS="3469" HPOS="974"/>
<String CONTENT="1935." HEIGHT="49" WIDTH="148" VPOS="3469" HPOS="1004"/>
</TextLine>
<TextLine HEIGHT="51" WIDTH="1908" VPOS="3536" HPOS="248" CS="1">
<String CONTENT="xvii," HEIGHT="46" WIDTH="115" VPOS="3537" HPOS="248"/>
<SP HEIGHT="28" WIDTH="41" VPOS="3557" HPOS="364"/>
<String CONTENT="[2]," HEIGHT="48" WIDTH="71" VPOS="3537" HPOS="406"/>
<SP HEIGHT="32" WIDTH="35" VPOS="3548" HPOS="478"/>
<String CONTENT="xviii-xxii," HEIGHT="48" WIDTH="269" VPOS="3536" HPOS="514"/>
<SP HEIGHT="29" WIDTH="39" VPOS="3557" HPOS="784"/>
<String CS="1" CONTENT="[4]," HEIGHT="47" WIDTH="56" VPOS="3538" HPOS="838"/>
<SP HEIGHT="44" WIDTH="36" VPOS="3539" HPOS="895"/>
<String CONTENT="1956," HEIGHT="48" WIDTH="127" VPOS="3536" HPOS="932"/>
<SP HEIGHT="46" WIDTH="33" VPOS="3538" HPOS="1060"/>
<String CONTENT="3-320," HEIGHT="46" WIDTH="158" VPOS="3537" HPOS="1094"/>
<SP HEIGHT="29" WIDTH="38" VPOS="3556" HPOS="1253"/>
<String CS="1" CONTENT="[1]" HEIGHT="29" WIDTH="9" VPOS="3556" HPOS="1337"/>
<SP HEIGHT="37" WIDTH="39" VPOS="3548" HPOS="1347"/>
<String CONTENT="p." HEIGHT="37" WIDTH="42" VPOS="3548" HPOS="1387"/>
<SP HEIGHT="40" WIDTH="37" VPOS="3536" HPOS="1430"/>
<String CONTENT="incl." HEIGHT="40" WIDTH="106" VPOS="3536" HPOS="1468"/>
<SP HEIGHT="39" WIDTH="37" VPOS="3536" HPOS="1575"/>
<String CONTENT="front.," HEIGHT="48" WIDTH="162" VPOS="3536" HPOS="1613"/>
<SP HEIGHT="48" WIDTH="36" VPOS="3536" HPOS="1776"/>
<String CONTENT="illus." HEIGHT="41" WIDTH="127" VPOS="3536" HPOS="1813"/>
<SP HEIGHT="29" WIDTH="64" VPOS="3548" HPOS="1941"/>
<String CONTENT="maps." HEIGHT="39" WIDTH="150" VPOS="3548" HPOS="2006"/>
<SP/>
<String CS="1" CONTENT="28&#189;cm."/>
</TextLine>
<TextLine HEIGHT="50" WIDTH="1904" VPOS="3647" HPOS="247" CS="1">
<String CONTENT="At" HEIGHT="38" WIDTH="61" VPOS="3649" HPOS="247"/>
<SP HEIGHT="38" WIDTH="36" VPOS="3648" HPOS="309"/>
<String CONTENT="head" HEIGHT="38" WIDTH="120" VPOS="3648" HPOS="346"/>
<SP HEIGHT="38" WIDTH="40" VPOS="3648" HPOS="467"/>
<String CONTENT="of" HEIGHT="38" WIDTH="50" VPOS="3648" HPOS="508"/>
<SP HEIGHT="37" WIDTH="36" VPOS="3648" HPOS="559"/>
<String CS="1" CONTENT="title;" HEIGHT="38" WIDTH="132" VPOS="3648" HPOS="596"/>
<SP HEIGHT="37" WIDTH="40" VPOS="3649" HPOS="729"/>
<String CONTENT="This" HEIGHT="39" WIDTH="115" VPOS="3648" HPOS="770"/>
<SP HEIGHT="37" WIDTH="37" VPOS="3650" HPOS="886"/>
<String CONTENT="dictionary" HEIGHT="46" WIDTH="272" VPOS="3648" HPOS="924"/>
<SP HEIGHT="46" WIDTH="38" VPOS="3648" HPOS="1197"/>
<String CONTENT="is" HEIGHT="38" WIDTH="42" VPOS="3648" HPOS="1236"/>
<SP HEIGHT="28" WIDTH="35" VPOS="3658" HPOS="1279"/>
<String CONTENT="not" HEIGHT="37" WIDTH="83" VPOS="3650" HPOS="1315"/>
<SP HEIGHT="45" WIDTH="37" VPOS="3650" HPOS="1399"/>
<String CONTENT="published" HEIGHT="48" WIDTH="253" VPOS="3647" HPOS="1437"/>
<SP HEIGHT="40" WIDTH="37" VPOS="3647" HPOS="1691"/>
<String CONTENT="by" HEIGHT="47" WIDTH="60" VPOS="3648" HPOS="1729"/>
<SP HEIGHT="44" WIDTH="37" VPOS="3651" HPOS="1790"/>
<String CONTENT="the" HEIGHT="40" WIDTH="83" VPOS="3649" HPOS="1828"/>
<SP HEIGHT="30" WIDTH="34" VPOS="3659" HPOS="1912"/>
<String CONTENT="original" HEIGHT="49" WIDTH="204" VPOS="3648" HPOS="1947"/>
</TextLine>
<TextLine HEIGHT="50" WIDTH="1588" VPOS="3703" HPOS="175">
<String CONTENT="publishers" HEIGHT="47" WIDTH="271" VPOS="3704" HPOS="175"/>
<SP HEIGHT="28" WIDTH="28" VPOS="3715" HPOS="447"/>
<String CONTENT="of" HEIGHT="38" WIDTH="52" VPOS="3704" HPOS="476"/>
<SP HEIGHT="38" WIDTH="27" VPOS="3704" HPOS="529"/>
<String CONTENT="Webster's" HEIGHT="41" WIDTH="258" VPOS="3704" HPOS="557"/>
<SP HEIGHT="39" WIDTH="30" VPOS="3706" HPOS="816"/>
<String CONTENT="dictionary" HEIGHT="49" WIDTH="270" VPOS="3704" HPOS="847"/>
<SP HEIGHT="38" WIDTH="27" VPOS="3715" HPOS="1118"/>
<String CONTENT="or" HEIGHT="29" WIDTH="53" VPOS="3715" HPOS="1146"/>
<SP HEIGHT="39" WIDTH="28" VPOS="3705" HPOS="1200"/>
<String CONTENT="by" HEIGHT="47" WIDTH="62" VPOS="3705" HPOS="1229"/>
<SP HEIGHT="46" WIDTH="27" VPOS="3706" HPOS="1292"/>
<String CONTENT="their" HEIGHT="41" WIDTH="127" VPOS="3703" HPOS="1320"/>
<SP HEIGHT="29" WIDTH="29" VPOS="3714" HPOS="1448"/>
<String CONTENT="successors." HEIGHT="32" WIDTH="285" VPOS="3714" HPOS="1478"/>
</TextLine>
<TextLine HEIGHT="105" WIDTH="1960" VPOS="3759" HPOS="176" CS="1">
<String CONTENT="On" HEIGHT="41" WIDTH="71" VPOS="3759" HPOS="246"/>
<SP HEIGHT="30" WIDTH="29" VPOS="3771" HPOS="318"/>
<String CONTENT="cover:" HEIGHT="31" WIDTH="164" VPOS="3770" HPOS="348"/>
<SP HEIGHT="39" WIDTH="33" VPOS="3761" HPOS="513"/>
<String CONTENT="The" HEIGHT="40" WIDTH="99" VPOS="3760" HPOS="547"/>
<SP HEIGHT="40" WIDTH="29" VPOS="3760" HPOS="647"/>
<String CONTENT="latest" HEIGHT="41" WIDTH="145" VPOS="3760" HPOS="677"/>
<SP HEIGHT="38" WIDTH="30" VPOS="3763" HPOS="823"/>
<String CONTENT="complete" HEIGHT="46" WIDTH="229" VPOS="3762" HPOS="854"/>
<SP HEIGHT="39" WIDTH="30" VPOS="3762" HPOS="1084"/>
<String CONTENT="dictionary" HEIGHT="48" WIDTH="273" VPOS="3760" HPOS="1115"/>
<SP HEIGHT="37" WIDTH="30" VPOS="3771" HPOS="1389"/>
<String CONTENT="and" HEIGHT="38" WIDTH="94" VPOS="3762" HPOS="1420"/>
<SP HEIGHT="38" WIDTH="30" VPOS="3762" HPOS="1515"/>
<String CONTENT="atlas" HEIGHT="40" WIDTH="128" VPOS="3761" HPOS="1546"/>
<SP HEIGHT="29" WIDTH="31" VPOS="3772" HPOS="1675"/>
<String CONTENT="with" HEIGHT="40" WIDTH="118" VPOS="3761" HPOS="1707"/>
<SP HEIGHT="37" WIDTH="31" VPOS="3764" HPOS="1826"/>
<String CONTENT="an" HEIGHT="29" WIDTH="60" VPOS="3772" HPOS="1858"/>
<SP HEIGHT="29" WIDTH="33" VPOS="3772" HPOS="1919"/>
<String CONTENT="exhaustive" HEIGHT="93" WIDTH="1960" VPOS="3763" HPOS="176"/>
<SP HEIGHT="29" WIDTH="27" VPOS="3827" HPOS="275"/>
<String CONTENT="appendix." HEIGHT="48" WIDTH="255" VPOS="3816" HPOS="303"/>
</TextLine>
<TextLine HEIGHT="53" WIDTH="1977" VPOS="3869" HPOS="174" CS="1">
<String CONTENT="&#169;" HEIGHT="52" WIDTH="56" VPOS="3869" HPOS="174"/>
<SP HEIGHT="52" WIDTH="22" VPOS="3869" HPOS="231"/>
<String CONTENT="Mar." HEIGHT="38" WIDTH="119" VPOS="3875" HPOS="254"/>
<SP HEIGHT="40" WIDTH="27" VPOS="3873" HPOS="374"/>
<String CONTENT="25," HEIGHT="46" WIDTH="68" VPOS="3873" HPOS="402"/>
<SP HEIGHT="44" WIDTH="29" VPOS="3875" HPOS="471"/>
<String CS="1" CONTENT="1935;" HEIGHT="39" WIDTH="116" VPOS="3873" HPOS="501"/>
<SP HEIGHT="41" WIDTH="29" VPOS="3873" HPOS="643"/>
<String CONTENT="2c." HEIGHT="40" WIDTH="65" VPOS="3873" HPOS="673"/>
<SP HEIGHT="38" WIDTH="29" VPOS="3874" HPOS="739"/>
<String CONTENT="July" HEIGHT="47" WIDTH="113" VPOS="3874" HPOS="769"/>
<SP HEIGHT="47" WIDTH="28" VPOS="3874" HPOS="883"/>
<String CONTENT="25;" HEIGHT="45" WIDTH="82" VPOS="3874" HPOS="912"/>
<SP HEIGHT="35" WIDTH="32" VPOS="3884" HPOS="995"/>
<String CONTENT="aff." HEIGHT="39" WIDTH="79" VPOS="3873" HPOS="1028"/>
<SP HEIGHT="37" WIDTH="30" VPOS="3875" HPOS="1108"/>
<String CONTENT="July" HEIGHT="46" WIDTH="117" VPOS="3875" HPOS="1139"/>
<SP HEIGHT="47" WIDTH="24" VPOS="3874" HPOS="1257"/>
<String CONTENT="23;" HEIGHT="45" WIDTH="84" VPOS="3874" HPOS="1282"/>
<SP HEIGHT="46" WIDTH="27" VPOS="3873" HPOS="1367"/>
<!-- cceid 9178FE7E-6D82-1014-B070-FDFD250A9EDA --><String CONTENT="A" HEIGHT="39" WIDTH="40" VPOS="3873" HPOS="1395"/>
<SP HEIGHT="40" WIDTH="28" VPOS="3873" HPOS="1436"/>
<String CONTENT="84742;" HEIGHT="47" WIDTH="169" VPOS="3873" HPOS="1465"/>
<SP HEIGHT="46" WIDTH="30" VPOS="3874" HPOS="1635"/>
<String CONTENT="Louise" HEIGHT="41" WIDTH="177" VPOS="3873" HPOS="1666"/>
<SP HEIGHT="39" WIDTH="25" VPOS="3875" HPOS="1844"/>
<String CONTENT="A." HEIGHT="39" WIDTH="53" VPOS="3875" HPOS="1870"/>
<SP HEIGHT="40" WIDTH="29" VPOS="3875" HPOS="1924"/>
<String CONTENT="Cooper," HEIGHT="47" WIDTH="197" VPOS="3875" HPOS="1954"/>
</TextLine>
<TextLine HEIGHT="51" WIDTH="1910" VPOS="3928" HPOS="239" CS="1">
<String CONTENT="Allenhurst," HEIGHT="43" WIDTH="295" VPOS="3930" HPOS="239"/>
<SP HEIGHT="42" WIDTH="26" VPOS="3931" HPOS="535"/>
<String CONTENT="N." HEIGHT="37" WIDTH="53" VPOS="3931" HPOS="562"/>
<SP HEIGHT="11" WIDTH="28" VPOS="3956" HPOS="616"/>
<String CS="1" CONTENT="J." HEIGHT="7" WIDTH="8" VPOS="3961" HPOS="680"/>
<SP HEIGHT="29" WIDTH="64" VPOS="3949" HPOS="689"/>
<String CONTENT="[Copyright" HEIGHT="50" WIDTH="276" VPOS="3928" HPOS="754"/>
<SP HEIGHT="39" WIDTH="25" VPOS="3931" HPOS="1031"/>
<String CONTENT="is" HEIGHT="39" WIDTH="41" VPOS="3931" HPOS="1057"/>
<SP HEIGHT="29" WIDTH="25" VPOS="3941" HPOS="1099"/>
<String CONTENT="claimed" HEIGHT="40" WIDTH="201" VPOS="3930" HPOS="1125"/>
<SP HEIGHT="38" WIDTH="28" VPOS="3931" HPOS="1327"/>
<String CONTENT="on" HEIGHT="28" WIDTH="58" VPOS="3940" HPOS="1356"/>
<SP HEIGHT="28" WIDTH="27" VPOS="3941" HPOS="1415"/>
<String CONTENT="addenda" HEIGHT="41" WIDTH="219" VPOS="3929" HPOS="1443"/>
<SP HEIGHT="30" WIDTH="24" VPOS="3941" HPOS="1663"/>
<String CONTENT="of" HEIGHT="40" WIDTH="53" VPOS="3931" HPOS="1688"/>
<SP HEIGHT="38" WIDTH="27" VPOS="3931" HPOS="1742"/>
<String CONTENT="newest" HEIGHT="37" WIDTH="179" VPOS="3933" HPOS="1770"/>
<SP HEIGHT="37" WIDTH="27" VPOS="3933" HPOS="1950"/>
<String CONTENT="words]" HEIGHT="49" WIDTH="171" VPOS="3930" HPOS="1978"/>
</TextLine>
<TextLine HEIGHT="48" WIDTH="276" VPOS="3986" HPOS="254">
<String CONTENT="(35-11326)" HEIGHT="48" WIDTH="276" VPOS="3986" HPOS="254"/>
</TextLine>
</TextBlock>
</PrintSpace>
</Page>
</Layout>
</alto>