2526 4384
1140 4029 98 52 157

167 411 344 67 Jørgensen,
539 412 319 65 Johannes,
889 417 171 51 1866-

302 487 1826 68 … Charles de Foucauld … København, Gyldendal, 1934.
238 563 98 42 165,
367 564 55 48 [3]
452 574 40 37 p.
549 564 135 39 front.
727 562 172 49 (port.)
936 563 169 47 plates,
1134 572 151 38 maps,
1313 560 191 42 facsim.
1560 560 117 41 22cm.

239 618 634 49 “Literaturfortegnelse”:
904 630 41 37 p.
981 618 113 51 [167]

173 672 1978 108 © Sept. 5, 1934; 1c. Jan. 8, 1935; A-Foreign 26600; Gyldendalske boghandel, Nordisk forlag. (35-3607)
169 836 264 64 Jonesco,
463 836 217 55 Barbu.

239 912 120 53 The
403 913 171 52 white
616 913 137 67 lady
797 911 357 69 apparition;
1204 911 215 56 Carol’s
1463 911 291 67 midnight
1797 910 264 67 warning
2103 909 62 52 of

171 990 87 52 his
293 990 237 53 father’s
563 990 127 66 end,
723 991 74 66 by
832 990 196 52 Barbu
1062 992 239 53 Jonesco
1337 1009 58 34 as
1429 989 121 52 told
1585 995 58 47 to
1676 987 254 54 Maurice
1965 987 201 53 Lewis.

273 1064 58 38 (In
361 1060 201 43 London
590 1059 195 52 People,
814 1060 111 43 Jan.
957 1061 71 48 20,
1060 1059 142 50 1935)

176 1115 1992 53 © 1c. Mar. 18, 1935; A ad int. 20036; pubd. Jan. 20; Maurice Lewis,
242 1177 156 48 Kings
424 1177 226 48 Langley,
681 1177 164 46 Herts,
874 1177 236 46 England.

173 1281 301 63 Kennedy,
503 1278 205 55 Aileen
738 1279 326 55 Elizabeth.

310 1352 1856 74 … The Ohio poor law and its administration, by Aileen
178 1428 1990 74 Elizabeth Kennedy … and appendixes with selected decisions
177 1511 63 53 of
268 1511 97 55 the
396 1509 148 57 Ohio
579 1510 275 70 Supreme
885 1516 176 64 court,
1089 1509 190 55 edited
1308 1510 74 69 by
1414 1508 353 70 Sophonisba
1801 1509 64 53 P.
183 1506 1959 149 Breckinridge.
433 1589 266 68 Chicago,
732 1588 111 68 Ill.,
875 1589 120 52 The
1034 1589 330 69 University
1398 1587 63 53 of
1495 1587 250 69 Chicago
1782 1605 154 50 press
1974 1621 13 35 [
1992 1594 18 21 c
2015 1589 134 50 1934
2154 1620 13 35 ]

248 1661 82 42 xii,
358 1660 84 41 233
471 1671 41 37 p.
574 1660 54 41 23½
661 1663 44 21 cm
711 1693 8 7 .
790 1661 182 45 (Social
1006 1662 183 38 service
1217 1662 338 46 monographs,
1586 1671 74 32 no.
1691 1662 82 45 22)

179 1716 51 52 ©
262 1722 110 39 Dec.
402 1720 69 48 26,
503 1719 114 41 1934;
677 1720 67 40 2c.
777 1722 94 38 and
902 1719 81 41 aff.
1016 1721 109 39 Dec.
1154 1721 83 46 31;
1272 1721 42 39 A
1343 1719 171 48 77936;
1550 1719 282 48 University
1863 1721 53 38 of
1948 1718 224 49 Chicago,

243 1777 222 48 Chicago.
536 1777 250 47 (35-2700)

173 1880 609 66 Laignel-Lavastine,
815 1881 277 64 Maxime,
1125 1883 172 54 1875-

312 1955 1861 72 … French medicine, by M. Laignel-Lavastine … and M.
182 2033 1988 71 Raymond Molinery … translated by E. B. Krumbhaar … with
185 2111 1821 71 14 illustrations … New York, P. B. Hoeber, inc. [1934]
252 2184 62 46 ix,
345 2184 84 40 187
458 2195 42 37 p.
530 2185 109 40 incl.
665 2185 171 47 plates,
862 2186 149 47 ports.
1071 2185 54 41 17
1129 2186 44 22 cm
1178 2215 10 9 .
1257 2184 300 50 (Half-title:
1588 2186 103 41 Clio
1719 2187 184 39 medica;
1964 2197 28 29 a
2022 2187 150 39 series

181 2240 51 39 of
258 2241 205 46 primers
490 2251 60 29 on
578 2242 82 39 the
688 2242 189 47 history
905 2243 51 39 of
980 2242 248 40 medicine.
1290 2242 199 40 Editor:
1521 2243 53 40 E.
1604 2244 53 39 B.
1688 2243 327 48 Krumbhaar,
2093 2275 9 9 M.
2163 2275 10 9 D.

181 2297 85 48 xv)

252 2355 139 40 Brief
420 2356 150 39 series
596 2356 110 39 title
732 2358 107 38 also
862 2359 54 38 at
941 2356 126 40 head
1093 2357 52 38 of
1170 2358 99 45 t.-p.

183 2411 51 52 ©
261 2416 108 39 Jan.
397 2415 69 48 10,
491 2415 141 46 1935;
659 2414 67 41 2c.
753 2415 108 40 Jan.
890 2415 82 47 11;
1002 2414 79 41 aff.
1110 2415 107 40 Jan.
1243 2415 82 47 26;
1354 2416 40 38 A
1420 2415 170 47 80255;
1620 2417 124 38 Paul
1770 2417 52 38 B.
1853 2416 204 47 Hoeber,
2084 2417 92 39 inc.

257 2472 250 48 (35-2712)

180 2561 242 66 Lappin,
451 2564 235 53 Samuel
714 2562 220 65 Strahl,
962 2563 171 54 1870-

252 2637 378 54 Communion
669 2639 248 52 manual.
993 2637 265 54 Leader’s
1300 2638 84 55 ed.
1463 2638 118 52 For
1622 2657 95 34 use
1762 2658 59 34 as
1863 2658 72 33 an
1979 2639 95 53 aid
2116 2645 57 47 to

181 2716 214 53 leaders
421 2716 111 53 and
560 2735 59 34 as
646 2735 31 33 a
703 2715 172 69 guide
901 2715 60 53 in
987 2714 338 54 meditation
1352 2721 59 47 at
1436 2717 95 52 the
1558 2716 203 53 Lord’s
1784 2717 150 52 table
1963 2715 211 55 service

183 2811 58 35 as
274 2794 315 52 celebrated
624 2793 62 52 in
721 2794 270 52 churches
1025 2792 65 55 of
1125 2792 196 55 Christ
1355 2812 72 34 on
1463 2794 95 52 the
1594 2794 202 53 Lord’s
1834 2795 128 68 day.
2061 2795 108 68 [By]

185 2869 54 56 S.
267 2870 57 55 S.
350 2870 246 69 Lappin.
661 2869 367 69 [Cincinnati,
1053 2870 122 53 The
1201 2869 291 56 Standard
1515 2870 336 71 publishing
1877 2889 299 52 company,

182 2953 18 22 c
205 2950 131 50 1935]

250 3020 84 40 147
364 3031 41 38 p.
467 3020 55 38 14
526 3022 44 22 cm
574 3053 9 8 .

189 3074 51 52 ©
269 3079 109 40 Jan.
408 3078 68 48 22,
506 3076 141 49 1935;
679 3077 66 41 2c.
776 3078 110 40 Feb.
915 3079 82 46 14;
1030 3077 83 42 aff.
1143 3078 110 40 Feb.
1285 3079 83 47 13;
1400 3079 42 39 A
1470 3078 172 49 79638;
1678 3080 245 41 Standard
1956 3082 107 47 pub.
2095 3091 82 38 co.,

253 3134 288 41 Cincinnati.
613 3134 250 48 (35-2798)

256 3221 377 55 Communion
670 3223 248 52 manual.
987 3221 299 55 Member’s
1324 3223 84 53 ed.
1484 3223 118 53 For
1639 3224 95 54 the
1770 3244 96 34 use
1905 3224 65 56 of
189 3244 1964 110 members
342 3301 64 52 of
438 3301 271 53 churches
740 3299 64 54 of
839 3299 193 55 Christ
1066 3306 58 47 at
1156 3301 97 53 the
1284 3301 201 53 Lord’s
1516 3301 154 53 table
1702 3302 210 54 service
1946 3323 60 34 as
188 3305 1963 126 celebrated
420 3380 61 50 in
517 3378 269 53 churches
819 3377 68 53 of
924 3376 196 56 Christ
1156 3396 70 34 on
1264 3379 96 52 the
1395 3378 201 54 Lord’s
1636 3379 127 69 day.
1863 3381 108 69 [By]
2018 3380 57 57 S.
2119 3381 56 55 S.

188 3453 243 70 Lappin.
531 3454 366 68 [Cincinnati,
952 3455 121 53 The
1134 3452 292 57 Standard
1485 3455 337 71 publishing
1879 3476 298 52 company,

187 3537 17 21 c
210 3534 149 66 1935]

255 3603 85 42 109
368 3615 43 38 p.
471 3604 57 41 14
530 3606 45 22 cm
578 3636 9 8 .

194 3658 51 52 ©
275 3662 108 40 Jan.
411 3663 71 47 22,
510 3661 140 48 1935;
682 3661 66 41 2c.
781 3661 109 40 Feb.
922 3663 83 45 14;
1037 3661 83 41 aff.
1150 3662 109 40 Feb.
1293 3663 83 46 13;
1408 3663 42 39 A
1479 3661 171 50 79639;
1683 3664 246 42 Standard
1959 3668 108 47 pub.
2099 3679 83 38 co.,

258 3719 288 41 Cincinnati.
617 3718 249 48 (35-2797)

189 3808 205 66 Laver,
422 3810 219 62 James,
672 3813 171 50 1899-

255 3884 223 53 Winter
514 3884 295 69 wedding;
847 3902 32 35 a
914 3882 327 54 decoration
1276 3883 76 70 by
1388 3884 195 55 James
1617 3885 203 55 Laver.
1896 3889 261 65 [London]

189 3960 85 53 W.
304 3962 381 66 Heinemann,
714 3961 102 53 ltd.
872 3962 152 65 [1934]
