2424 4375
1209 4083 133 54 1276

354 548 67 40 “A
458 550 137 39 short
630 548 192 41 version
857 547 52 43 of
945 549 99 40 this
1081 551 138 39 novel
1259 561 101 30 was
1397 549 255 50 published
1689 550 50 39 in
1777 551 213 47 Popular
2025 547 251 50 magazine

280 606 154 39 under
462 608 83 39 the
573 605 122 48 title,
726 607 247 40 ‘Brothers
1003 606 52 40 in
1079 606 294 49 jeopardy’.”

283 658 53 54 ©
357 663 120 48 Aug.
502 664 69 46 13,
596 663 116 40 1935;
763 662 65 41 2c.
851 664 116 47 Aug.
993 662 55 41 23;
1101 664 83 39 aff.
1208 665 120 47 Aug.
1353 664 82 46 22;
1462 665 40 38 A
1526 664 169 47 86043;
1725 664 50 41 C.
1800 665 56 39 N.
1883 662 149 49 Buck,
2056 662 221 47 Orleans,

356 721 145 40 Mass.
573 720 280 48 (35-13674)

279 821 331 67 Cartledge,
642 823 224 54 Groves
893 823 276 66 Howard,
1201 829 171 50 1891-

352 898 403 55 Introduction
786 907 59 46 to
875 898 297 71 inorganic
1202 900 324 69 chemistry,
1555 900 76 68 by
1661 900 70 55 G.
1762 898 78 54 H.
1871 898 305 69 Cartledge
2212 942 59 9 …

284 976 1709 71 Boston, New York [etc.] Ginn and company [ c 1935]
351 1047 82 50 vii,
463 1050 87 41 609
579 1061 42 37 p.
681 1050 126 41 illus.
839 1050 131 48 (incl.
1001 1052 173 48 ports.)
1214 1051 179 50 diagrs.
1453 1050 56 41 21
1512 1054 44 21 cm
1561 1083 9 9 .

353 1107 149 42 Table
532 1119 58 30 on
620 1107 336 50 lining-paper.

286 1161 53 53 ©
370 1166 119 47 Aug.
524 1164 70 48 20,
629 1164 116 41 1935;
807 1164 66 41 2c.
911 1166 127 47 Sept.
1072 1167 26 39 3;
1163 1164 82 41 aff.
1283 1166 127 47 Sept.
1446 1165 28 40 5;
1537 1166 42 38 A
1609 1164 146 41 86170;
1819 1164 52 41 G.
1909 1164 59 40 H.
2006 1164 271 48 Cartledge,

354 1222 210 41 Buffalo.
634 1222 279 48 (35-16762)

288 1313 239 62 Casner,
556 1312 192 54 Mabel
777 1313 66 55 B.

356 1389 327 66 Exploring
721 1388 307 55 American
1067 1389 239 67 history,
1345 1389 75 66 by
1460 1389 192 55 Mabel
1693 1391 66 51 B.
1804 1390 212 54 Casner
2061 1430 57 10 …
2162 1387 108 54 and

285 1467 194 66 Ralph
512 1469 202 64 Henry
744 1466 234 56 Gabriel
1016 1510 56 9 …
1112 1466 267 68 advisory
1410 1467 196 66 board,
1638 1468 55 55 J.
1728 1467 225 54 Russell
1987 1464 189 57 Smith
2214 1510 54 11 …

285 1544 260 55 William
569 1545 68 55 G.
663 1546 251 53 Kimmel
943 1587 56 10 …
1032 1578 13 35 f
1051 1545 130 66 and]
1210 1546 69 53 R.
1302 1546 72 53 V.
1397 1546 263 52 Harman
1689 1587 56 10 …
1771 1563 163 48 maps
1955 1543 76 68 by
2055 1545 219 66 George

288 1620 126 54 Bell
454 1664 56 9 …
585 1623 137 51 New
759 1623 178 65 York,
972 1622 270 68 Chicago,
1275 1623 310 66 Harcourt,
1620 1624 179 51 Brace
1833 1623 114 51 and
1980 1640 294 48 company,

286 1703 149 50 1935.

355 1772 100 47 xix,
483 1771 99 49 828,
609 1771 59 40 26
694 1783 43 37 p.
794 1773 85 39 col.
908 1771 166 47 front.,
1102 1771 128 40 illus.
1260 1770 132 49 (incl.
1422 1773 164 48 maps)
1623 1770 179 50 diagrs.
1860 1771 147 41 23½cm.

357 1830 114 47 Map
501 1839 60 30 on
592 1827 335 50 lining-paper.

353 1885 225 41 Includes
607 1885 168 41 music.

355 1942 262 41 Published
646 1943 103 40 also
776 1941 49 41 in
854 1944 94 39 two
973 1943 229 40 volumes.

358 1998 274 50 “Readings
660 2002 49 38 to
738 1998 218 42 consult”
986 2001 52 39 at
1064 1999 94 40 end
1186 1998 52 41 of
1266 1999 118 40 each
1412 1998 213 49 problem
1656 2000 172 46 except
1855 1999 213 47 problem
2098 1998 69 42 28.

287 2052 53 53 ©
371 2057 128 47 Sept.
528 2057 39 44 6,
598 2055 141 47 1935;
771 2055 67 41 2c.
869 2056 96 40 and
991 2055 83 41 aff.
1107 2055 128 48 Sept.
1265 2056 82 47 17;
1379 2055 41 39 A
1450 2055 172 47 86331;
1653 2056 261 47 Harcourt,
1946 2056 154 40 Brace
2130 2056 36 39 &
2196 2066 53 30 co.,

353 2112 1871 50 inc. [Copyright is claimed on revisions throughout Units VIII and IX
356 2172 94 38 and
482 2170 219 40 nddition
733 2171 52 39 of
813 2171 212 47 problem
1054 2170 70 49 28]
1197 2169 257 48 (35-16299
1463 2169 13 47 )

288 2259 322 65 Chapman,
637 2261 164 63 Lucy
826 2261 71 54 H.

356 2338 188 66 Using
569 2337 262 67 English,
891 2338 147 52 book
1065 2341 44 49 1.
1172 2339 138 51 New
1338 2338 83 52 ed.
1485 2339 89 65 By
1599 2339 157 65 Lucy
1781 2338 77 52 H.
1886 2337 299 67 Chapman
2216 2379 52 9 …

287 2416 61 52 in
384 2415 381 53 consultation
801 2416 139 52 with
976 2416 200 52 Luella
1214 2418 65 50 B.
1320 2415 157 55 Cook
1517 2457 55 10 …
1614 2421 259 47 cartoons
1906 2416 75 66 by
2020 2415 150 53 Fred
2207 2414 66 55 G.

289 2493 235 67 Cooper.
595 2493 138 53 New
766 2493 178 66 York,
979 2494 271 66 Chicago,
1282 2495 310 64 Harcourt,
1625 2495 182 51 Brace
1839 2494 111 52 and
1982 2511 292 49 company,

289 2574 151 51 1935.

355 2643 135 49 xviii,
519 2642 88 41 629
631 2654 42 37 p.
734 2642 141 49 illus.,
905 2643 178 48 diagrs.
1144 2643 145 40 20½cm.

289 2695 53 53 ©
366 2701 119 47 Aug.
513 2700 70 46 20,
612 2699 116 41 1935;
782 2701 67 38 2c.
877 2701 96 38 and
1001 2700 83 39 aff.
1116 2701 127 46 Sept.
1273 2700 54 38 11;
1386 2700 41 38 A
1455 2699 143 40 85882;
1657 2700 261 46 Harcourt,
1948 2701 157 38 Brace
2131 2701 36 39 &
2196 2711 78 35 co.,

358 2755 90 42 inc.

292 2843 374 66 Chesterton,
699 2844 225 55 Gilbert
953 2844 200 65 Keith,
1185 2847 170 54 1874-

355 2919 121 54 The
510 2920 231 54 scandal
777 2920 64 53 of
872 2920 216 54 Father
1121 2922 230 66 Brown,
1386 2920 78 69 by
1497 2920 69 55 G.
1603 2919 75 54 K.
1714 2918 353 56 Chesterton.
2137 2918 132 55 New

290 3000 179 66 York,
494 3000 190 65 Dodd,
708 3000 169 53 Mead
905 3004 46 49 &
976 3018 298 49 company,
1303 3004 149 49 1935.

357 3069 549 50 3 p. l., 258 p. 19½cm.
290 3124 53 53 ©
371 3130 125 46 Sept.
526 3128 68 47 18,
622 3127 113 41 1935;
791 3128 68 40 2c.
890 3130 127 46 Sept.
1044 3128 59 40 20;
1156 3128 82 40 aff.
1271 3130 128 46 Sept.
1427 3128 55 39 21;
1539 3128 41 39 A
1607 3129 145 40 87177;
1808 3127 52 41 G.
1889 3128 58 39 K.
1977 3128 296 45 Chesterton,

358 3185 346 47 Beaconsfield,
738 3185 174 48 Bucks,
949 3186 234 46 England.
1258 3184 278 48 (35-16318)

293 3273 277 65 Christie,
598 3275 139 53 Mrs.
765 3274 242 64 Agatha
1038 3274 251 64 (Miller)

356 3348 121 54 The
527 3349 345 69 boomerang
920 3350 122 52 clue
1114 3348 76 69 [by]
1264 3349 234 68 Agatha
1552 3349 264 54 Christie.
1904 3348 137 54 New
2096 3345 173 67 York,

286 3424 190 69 Dodd,
501 3426 170 53 Mead
700 3429 46 49 &
772 3444 296 51 company,
1099 3428 150 51 1935.

358 3497 602 49 vi p., 1 l., 290 p. 20cm.
291 3552 53 53 ©
377 3558 125 46 Sept.
535 3557 69 47 18,
634 3556 114 40 1935;
806 3556 66 40 2c.
906 3557 127 46 Sept.
1064 3556 82 46 20;
1178 3556 82 40 aff.
1296 3557 127 48 Sept.
1454 3556 81 47 21;
1569 3557 41 39 A
1639 3557 169 46 87178;
1843 3557 192 48 Agatha
2066 3552 207 45 Christie

361 3614 275 46 Mallowan,
662 3613 210 39 London.
943 3612 278 48 (35-16314)

294 3700 208 65 Curry,
529 3702 213 63 LeRoy
765 3701 201 65 Amos,
996 3706 170 50 1886-

365 3776 120 52 The
530 3776 264 67 building
839 3777 63 52 of
947 3797 31 32 a
1024 3778 199 52 nation
1270 3779 112 51 and
1428 3779 95 52 the
1568 3777 320 54 unfinished
1934 3778 221 64 battles,
2199 3774 68 65 by

293 3847 209 72 LèRoy
543 3854 71 52 A.
660 3854 188 66 Curry
896 3895 57 11 …
1001 3850 140 56 with
1184 3873 33 34 a
1259 3854 394 67 biographical
1695 3854 389 54 introduction
2125 3853 74 66 by
2238 3866 28 35 a

292 3929 269 66 life-long
597 3930 193 53 friend
833 3972 55 10 …
966 3929 262 67 Guthrie,
1264 3930 185 66 Okla.,
1487 3931 240 53 Printed
1765 3932 74 66 by
1879 3927 387 70 Co-operative

293 4006 669 73 publishing co. [ c 1935]
