2424 4375
1057 4058 99 53 597

117 517 219 64 Fraser,
373 517 169 55 Hart,
579 518 201 50 Haudt
821 536 63 33 or
917 519 179 65 Hout,
1134 518 217 66 Officer,
1387 521 182 64 Potts,
1610 518 215 55 Souillé
1862 537 64 33 or
118 521 1959 139 Souville,

307 590 1796 73 Stringer, by Helen A. Simpson … Somerville, N. J.,
116 672 164 51 Press
308 671 64 52 of
398 672 93 51 the
521 673 62 54 C.
614 674 61 51 P.
704 674 309 66 Hoagland
1042 690 297 50 company,
1369 678 149 49 1935.

182 744 80 48 vii,
290 744 85 41 304
404 755 41 37 p.
507 745 168 47 plates,
704 747 137 46 port.,
866 746 25 39 2
918 745 50 40 fac
1003 744 103 42 sim.
1168 745 145 40 24½cm.

183 800 71 40 On
281 809 139 31 cover:
481 800 219 48 Simpson
725 802 95 39 and
849 800 144 41 allied
1021 800 229 48 families,
1276 802 90 41 vol.
1441 833 8 8 II.

181 854 346 49 Bibliography:
589 867 43 37 p.
661 855 128 41 iii-v.

116 908 51 52 ©
189 912 111 47 Apr.
326 912 69 46 19,
447 911 110 42 1935;
586 912 64 39 2c.
676 913 113 48 Apr.
814 912 82 47 30;
924 912 81 40 aff.
1033 914 113 46 May
1168 912 26 39 1;
1249 912 41 39 A
1315 912 142 41 82837;
1513 913 59 39 H.
1599 913 55 39 A.
1685 911 235 49 Simpson,
183 911 1905 105 Philadelphia.
461 968 250 49 (35-6660)

114 1068 186 54 South
339 1074 237 50 eastern
614 1075 281 63 reporter;
936 1089 150 35 cases
1124 1072 213 66 argued
1374 1072 113 51 and
1526 1072 350 52 determined
1913 1072 61 51 in
2010 1072 98 51 the

183 1154 186 47 courts
395 1149 62 52 of
482 1150 265 66 Georgia,
771 1150 184 52 North
981 1150 287 58 Carolina,
1296 1148 183 54 South
1506 1150 288 67 Carolina,
1818 1150 288 67 Virginia,

180 1228 159 52 West
365 1228 283 65 Virginia.
711 1227 161 54 With
899 1228 106 65 key
1032 1228 236 51 number
1295 1227 378 54 annotations,
1737 1230 224 50 volume
1989 1227 115 53 177.

182 1305 323 66 December,
538 1306 484 66 1934-February.
1055 1309 149 49 1935.
1274 1308 81 54 St.
1388 1305 164 67 Paul,
1582 1309 160 52 West
1771 1305 335 69 publishing

182 1402 97 47 co.,
307 1387 149 49 1935.

182 1457 96 46 xvi,
306 1456 116 41 1007
450 1468 41 37 p.
548 1456 115 40 26cm.

114 1510 52 53 ©
190 1514 113 48 Apr.
330 1515 40 45 4,
398 1512 114 41 1935;
568 1512 67 41 2c.
663 1514 95 39 and
787 1512 80 41 aff.
895 1514 114 46 May
1037 1514 53 39 13;
1147 1513 40 39 A
1215 1512 142 41 81781;
1414 1513 139 40 West
1577 1512 109 48 pub.
1715 1523 68 29 co.

114 1614 295 53 Southern
442 1620 254 62 reporter:
755 1633 147 34 cases
932 1616 214 65 argued
1178 1615 112 52 and
1321 1615 351 53 determined
1702 1616 59 51 in
1791 1615 97 52 the
1917 1618 188 49 courts

182 1693 62 52 of
296 1693 299 65 Alabama,
647 1693 254 65 Florida,
952 1693 327 65 Louisiana,
1330 1692 366 68 Mississippi.
1781 1693 166 55 With
1997 1692 108 68 key

179 1772 236 52 number
444 1772 376 51 annotations,
883 1771 223 51 volume
1134 1773 114 50 158.
1310 1771 615 67 January-February.
1953 1774 151 49 1935.

185 1848 81 55 St.
297 1848 164 67 Paul,
487 1852 160 52 West
674 1848 333 68 publishing
1034 1866 97 49 co.,
1164 1852 148 50 1935.

182 1923 97 48 xvi,
307 1923 112 40 1023
447 1934 43 37 p.
545 1922 118 41 26cm.

114 1977 52 52 ©
192 1981 112 47 Apr.
332 1980 39 49 5,
398 1979 114 40 1935;
567 1980 67 39 2c.
661 1980 97 39 and
785 1979 80 39 aff.
894 1979 113 47 May
1036 1978 54 40 13;
1147 1978 41 40 A
1217 1978 142 41 81783;
1417 1979 136 39 West
1579 1978 110 48 pub.
1717 1988 67 29 co.

114 2083 186 54 South
327 2087 255 50 western
610 2088 270 62 reporter.
946 2083 218 55 Second
1192 2081 182 53 series.
1440 2082 168 54 Cases
1633 2083 214 67 argued

1873 2083 112 51 and
182 2082 1901 132 determined
507 2162 59 51 in
611 2163 94 52 the
752 2165 186 48 courts
982 2161 63 54 of
1090 2161 312 65 Arkansas,
1449 2160 322 67 Kentucky,
1813 2159 293 67 Missouri,

184 2241 324 64 Tennessee,
546 2241 197 50 Texas.
817 2240 161 52 With
1010 2239 111 66 key
1157 2238 236 52 number
1431 2239 379 51 annotations,
1882 2237 224 55 volume

184 2318 65 52 77
281 2317 126 68 (2d)
485 2317 613 67 January-February,
1132 2320 149 51 1935.
1352 2316 83 56 St.
1467 2317 166 66 Paul,
1662 2318 161 52 West
182 2317 1897 146 publishing
307 2416 97 46 co.,
433 2400 148 49 1935.

181 2470 116 47 xvii,
326 2469 112 41 1233
465 2482 42 36 p.
563 2469 116 40 26cm.

115 2524 52 52 ©
190 2527 114 48 Apr.
331 2528 40 46 5,
397 2526 112 40 1935;
563 2526 65 40 2c.
656 2527 95 38 and
778 2525 80 40 aff.
884 2526 113 46 May
1024 2525 54 39 13;
1134 2524 40 38 A
1201 2523 143 41 81784;
1400 2525 136 39 West
1561 2524 109 47 pub,
1696 2534 66 29 co.

115 2630 270 65 Spencer,
414 2628 219 66 Sylvia,
661 2631 83 51 ed.

181 2707 96 66 Up
306 2705 151 52 from
485 2706 95 50 the
605 2705 160 51 earth;
824 2724 30 32 a
882 2703 295 52 collection
1206 2701 63 53 of
1297 2703 217 67 garden
1540 2720 209 49 poems,
1781 2706 134 49 1300
1978 2746 9 9 B.
2069 2733 35 6 C-

151 2778 1953 71 A. D . 1935, chosen and decorated Sylvia Spencer. Boston,
110 2858 318 70 Houghton
453 2859 200 52 Mifflin
685 2876 296 50 company,
1010 2860 151 50 1935.

178 2933 99 45 xxi,
353 2954 28 28 [1],
408 2932 99 47 305,
540 2934 53 47 [1]
623 2941 43 37 p.
725 2930 117 40 21cm.

117 2988 52 53 ©
195 2994 113 45 May
334 2993 38 40 1,
399 2991 113 40 1935;
568 2989 67 41 2c.
664 2991 95 38 and
787 2989 81 40 aff.
897 2990 112 47 May
1036 2988 25 40 6;
1118 2989 41 38 A
1186 2987 145 41 82935;
1385 2989 264 47 Houghton
1678 2988 168 39 Mifflin
1873 2999 66 30 co.

195 3048 248 49 (35-6751)

116 3136 236 63 Sperry,
383 3135 239 55 Willard
653 3136 284 63 Learoyd,
970 3139 169 50 1882-

246 3210 1855 69 … What you owe your child; the problem of religion and
118 3291 205 54 morals
354 3292 60 51 in
444 3290 95 52 the
570 3289 228 52 modern
834 3288 178 53 home.
1077 3288 140 52 New
1248 3287 163 53 York
1442 3288 112 53 and
1583 3288 258 67 London,
1871 3289 232 67 Harper

115 3373 44 48 &
187 3368 275 64 brothers,
494 3370 150 49 1935.

186 3438 630 51 xi p., 1 l., 154 p. 19½cm.
186 3499 63 39 At
272 3497 126 40 head
422 3496 52 40 of
501 3496 132 39 title:
664 3494 202 40 Willard
895 3493 50 39 L.
975 3492 190 47 Sperry.

185 3554 161 39 “First
377 3551 224 42 edition."

119 3607 52 53 ©
198 3612 113 46 May
335 3611 39 45 1,
400 3609 114 40 1935;
568 3608 67 39 2c.
662 3608 112 46 Apr.
799 3606 82 46 30;
910 3605 82 41 aff.
1020 3606 113 47 May
1158 3606 27 39 3;
1242 3605 40 39 A
1310 3604 141 41 82861;
1508 3606 193 48 Harper
1728 3607 37 40 &
1791 3609 122 39 bros.

197 3665 248 50 (35-6680)

119 3756 375 65 Springstun,
523 3753 398 63 Humphreys.

187 3834 239 50 Doctors
459 3830 111 52 and
604 3829 203 65 juries;
841 3828 96 52 the
966 3827 289 53 essentials
1288 3826 63 53 of
1383 3828 238 52 medical
1653 3828 448 72 jurisprudence,

119 3903 1980 71 by Humphreys Springstun … Philadelphia, P. Blakiston’s
117 4005 100 35 son
246 3989 46 50 &
320 4005 97 47 co.,
443 3985 108 52 inc.
604 3985 156 49 [c1935]
