<alto xmlns="http://www.loc.gov/standards/alto/ns-v3#" xmlns:xsi="http://www.w3.org/2001/XMLSchema-instance" xsi:schemaLocation="http://www.loc.gov/standards/alto/ns-v3# http://www.loc.gov/alto/v3/alto-3-0.xsd"><Description>
<MeasurementUnit>pixel</MeasurementUnit>
<sourceImageInformation>
<fileName>1935_v32_Part1.pdf</fileName>
</sourceImageInformation>
<OCRProcessing ID="IdOcr">
<ocrProcessingStep>
<processingDateTime>2019-01-15</processingDateTime>
<processingSoftware>
<softwareCreator>ABBYY</softwareCreator>
<softwareName>ABBYY Recognition Server</softwareName>
<softwareVersion>4.0</softwareVersion>
</processingSoftware>
</ocrProcessingStep>
</OCRProcessing>
</Description>
<Styles>
<ParagraphStyle ALIGN="Left" FIRSTLINE="0." ID="StyleId-FFFFFFFF-FFFF-FFFF-FFFF-FFFFFFFFFFFF-" LEFT="0." RIGHT="0." />
<ParagraphStyle ALIGN="Left" FIRSTLINE="0." ID="StyleId-09A13A44-4F77-4ABE-84F3-84CC8B3C72CE-" LEFT="0." LINESPACE="7.699999809" RIGHT="0." />
<ParagraphStyle ALIGN="Left" FIRSTLINE="-10." ID="StyleId-1F945060-F8CD-4435-B69A-5FF49DB0C586-" LEFT="0." LINESPACE="12.19999981" RIGHT="0." />
<ParagraphStyle ALIGN="Block" FIRSTLINE="-14." ID="StyleId-C6CAE747-F5A4-4D0D-8D74-D452DA7E2C1C-" LEFT="0." LINESPACE="8.350000381" RIGHT="0." />
<ParagraphStyle ALIGN="Left" FIRSTLINE="0." ID="StyleId-FC0F3374-189A-459E-BE29-2DC14180F022-" LEFT="0." RIGHT="0." />
<ParagraphStyle ALIGN="Left" FIRSTLINE="-12." ID="StyleId-49397C49-A894-4B3E-BA5E-1126226BA375-" LEFT="0." LINESPACE="11.09000015" RIGHT="0." />
<ParagraphStyle ALIGN="Block" FIRSTLINE="-14." ID="StyleId-9E34DD3A-E661-48BD-A3A1-6A3D48346F00-" LEFT="0." LINESPACE="11.09000015" RIGHT="0." />
<ParagraphStyle ALIGN="Left" FIRSTLINE="0." ID="StyleId-56CE54AA-A08B-4BAA-8605-F26020A0E36E-" LEFT="0." LINESPACE="9.399999619" RIGHT="0." />
<ParagraphStyle ALIGN="Left" FIRSTLINE="-11." ID="StyleId-77814FFC-C42F-4AA9-9880-EF33B947DEC8-" LEFT="0." LINESPACE="11.06999969" RIGHT="0." />
<ParagraphStyle ALIGN="Center" FIRSTLINE="0." ID="StyleId-FDE92EC0-67DC-4C7B-8A24-094B12C38B6C-" LEFT="0." LINESPACE="11.30000019" RIGHT="0." />
<ParagraphStyle ALIGN="Left" FIRSTLINE="0." ID="StyleId-65180E3B-4C93-4FB8-81EE-E026DD63DBF3-" LEFT="0." LINESPACE="11.10000038" RIGHT="0." />
<ParagraphStyle ALIGN="Left" FIRSTLINE="0." ID="StyleId-10E885C2-5813-4620-B0AA-0FBA30CF7A32-" LEFT="0." LINESPACE="9.5" RIGHT="0." />
<ParagraphStyle ALIGN="Left" FIRSTLINE="0." ID="StyleId-913C2DB5-9F02-4067-BAF7-0AED37B60BBE-" LEFT="0." LINESPACE="6.099999905" RIGHT="0." />
<ParagraphStyle ALIGN="Left" FIRSTLINE="0." ID="StyleId-9C79A9D2-8F08-4A8F-985D-B00E253ED1E5-" LEFT="0." LINESPACE="4.400000095" RIGHT="0." />
<ParagraphStyle ALIGN="Left" FIRSTLINE="0." ID="StyleId-A41F0407-FEFE-4738-9EC5-E05AFFF62781-" LEFT="0." LINESPACE="7.300000191" RIGHT="0." />
<ParagraphStyle ALIGN="Left" FIRSTLINE="0." ID="StyleId-61D37176-94E8-408D-9B87-01C406CE8AB2-" LEFT="0." LINESPACE="8.050000191" RIGHT="0." />
</Styles>
<Layout>
<Page HEIGHT="4375" ID="Page377" PHYSICAL_IMG_NR="377" WIDTH="2424">
<TopMargin HEIGHT="438" HPOS="0" VPOS="0" WIDTH="2424">
</TopMargin>
<LeftMargin HEIGHT="3581" HPOS="0" VPOS="438" WIDTH="72">
</LeftMargin>
<RightMargin HEIGHT="3581" HPOS="2094" VPOS="438" WIDTH="330">
</RightMargin>
<BottomMargin HEIGHT="356" HPOS="0" VPOS="4019" WIDTH="2424">
<TextBlock HEIGHT="115" HPOS="956" ID="Page377_Block1" LANG="en-US" STYLEREFS="StyleId-790B951A-1B25-4928-AFC1-38E23A6BBB97-" VPOS="4028" WIDTH="210">
<TextLine HEIGHT="54" HPOS="1024" VPOS="4046" WIDTH="101">
<String CONTENT="377" HEIGHT="54" HPOS="1024" VPOS="4046" WIDTH="101" />
</TextLine>
</TextBlock>
<GraphicalElement HEIGHT="63" HPOS="0" ID="Page377_Block2" VPOS="4019" WIDTH="28" />
<GraphicalElement HEIGHT="245" HPOS="32" ID="Page377_Block3" VPOS="4019" WIDTH="14" />
</BottomMargin>
<PrintSpace HEIGHT="3581" HPOS="72" VPOS="438" WIDTH="2022">
<TextBlock CS="1" HEIGHT="3581" HPOS="72" ID="Page377_Block4" LANG="en-US" STYLEREFS="StyleId-5D7D01A0-8897-4660-80A2-4203F5399315-" VPOS="438" WIDTH="2022">
<TextLine HEIGHT="65" HPOS="100" STYLEREFS="StyleId-52731547-26DD-4991-A175-D05F2D0F8A68-" VPOS="448" WIDTH="840">
<String CONTENT="Aakj&#230;r," HEIGHT="65" HPOS="100" LANG="fr" VPOS="448" WIDTH="255" />
<SP HEIGHT="64" HPOS="356" VPOS="449" WIDTH="28" />
<String CONTENT="Jeppe," HEIGHT="64" HPOS="385" LANG="de" VPOS="449" WIDTH="200" />
<SP HEIGHT="60" HPOS="586" VPOS="453" WIDTH="30" />
<String CONTENT="1866-1930." HEIGHT="51" HPOS="617" LANG="fr" VPOS="452" WIDTH="323" />
</TextLine>
<TextLine CS="1" HEIGHT="148" HPOS="100" STYLEREFS="StyleId-25EBD2FF-B991-4026-B567-711A02AA396E-" VPOS="522" WIDTH="1959">
<String CONTENT="&#8230;" CS="1" LANG="fr" />
<SP HEIGHT="53" HPOS="230" VPOS="525" WIDTH="42" />
<String CONTENT="Efterladte" HEIGHT="54" HPOS="273" VPOS="523" WIDTH="327" />
<SP HEIGHT="33" HPOS="601" VPOS="543" WIDTH="35" />
<String CONTENT="erindringer;" HEIGHT="68" HPOS="637" LANG="fr" VPOS="522" WIDTH="384" />
<SP HEIGHT="67" HPOS="1022" VPOS="523" WIDTH="42" />
<String CONTENT="fra" HEIGHT="53" HPOS="1065" VPOS="523" WIDTH="93" />
<SP HEIGHT="46" HPOS="1159" VPOS="531" WIDTH="35" />
<String CONTENT="tiden" HEIGHT="54" HPOS="1195" VPOS="523" WIDTH="157" />
<SP HEIGHT="32" HPOS="1353" VPOS="545" WIDTH="38" />
<String CONTENT="omkring" HEIGHT="68" HPOS="1392" VPOS="523" WIDTH="265" />
<SP HEIGHT="48" HPOS="1658" VPOS="543" WIDTH="37" />
<String CONTENT="aarhundredskiftet" HEIGHT="133" HPOS="100" VPOS="525" WIDTH="1959" />
<SP HEIGHT="47" HPOS="300" VPOS="608" WIDTH="23" />
<String CONTENT="og" HEIGHT="50" HPOS="324" VPOS="620" WIDTH="73" />
<SP HEIGHT="68" HPOS="398" VPOS="602" WIDTH="25" />
<String CONTENT="fremefter." HEIGHT="54" HPOS="424" VPOS="600" WIDTH="311" />
<SP HEIGHT="51" HPOS="736" VPOS="601" WIDTH="74" />
<String CONTENT="K&#248;benhavn," CS="1" HEIGHT="69" HPOS="811" VPOS="600" WIDTH="373" />
<SP HEIGHT="67" HPOS="1185" VPOS="602" WIDTH="26" />
<String CONTENT="Gyldendal," HEIGHT="68" HPOS="1212" VPOS="601" WIDTH="344" />
<SP HEIGHT="62" HPOS="1557" VPOS="607" WIDTH="26" />
<String CONTENT="1934." HEIGHT="50" HPOS="1584" VPOS="605" WIDTH="149" />
</TextLine>
<TextLine HEIGHT="48" HPOS="169" VPOS="673" WIDTH="938">
<String CONTENT="219" HEIGHT="41" HPOS="169" VPOS="674" WIDTH="84" />
<SP HEIGHT="47" HPOS="254" VPOS="674" WIDTH="29" />
<String CONTENT="p." HEIGHT="37" HPOS="284" VPOS="684" WIDTH="42" />
<SP HEIGHT="42" HPOS="327" VPOS="673" WIDTH="57" />
<String CONTENT="front.," HEIGHT="48" HPOS="385" VPOS="673" WIDTH="163" />
<SP HEIGHT="38" HPOS="549" VPOS="683" WIDTH="30" />
<String CONTENT="plates," HEIGHT="46" HPOS="580" VPOS="675" WIDTH="170" />
<SP HEIGHT="37" HPOS="751" VPOS="684" WIDTH="31" />
<String CONTENT="ports." HEIGHT="46" HPOS="783" VPOS="675" WIDTH="149" />
<SP HEIGHT="43" HPOS="933" VPOS="673" WIDTH="57" />
<String CONTENT="23" HEIGHT="40" HPOS="991" VPOS="673" WIDTH="55" />
<String CONTENT="cm" HEIGHT="22" HPOS="1049" STYLE="superscript" VPOS="675" WIDTH="43" />
<String CONTENT="." HEIGHT="8" HPOS="1098" VPOS="705" WIDTH="9" />
</TextLine>
<TextLine HEIGHT="50" HPOS="170" VPOS="729" WIDTH="740">
<String CONTENT="&#8220;Udgivet" HEIGHT="49" HPOS="170" VPOS="730" WIDTH="234" />
<SP HEIGHT="39" HPOS="405" VPOS="732" WIDTH="24" />
<String CONTENT="af" HEIGHT="39" HPOS="430" VPOS="731" WIDTH="55" />
<SP HEIGHT="41" HPOS="486" VPOS="730" WIDTH="28" />
<String CONTENT="Georg" HEIGHT="48" HPOS="515" VPOS="730" WIDTH="153" />
<SP HEIGHT="48" HPOS="669" VPOS="730" WIDTH="29" />
<String CONTENT="Saxild.&#8221;" HEIGHT="42" HPOS="699" VPOS="729" WIDTH="211" />
</TextLine>
<TextLine CS="1" HEIGHT="49" HPOS="170" VPOS="786" WIDTH="1776">
<String CONTENT="Preceded" HEIGHT="40" HPOS="170" VPOS="787" WIDTH="239" />
<SP HEIGHT="39" HPOS="410" VPOS="788" WIDTH="36" />
<String CONTENT="by" HEIGHT="47" HPOS="447" VPOS="788" WIDTH="61" />
<SP HEIGHT="49" HPOS="509" VPOS="786" WIDTH="37" />
<String CONTENT="Fra" HEIGHT="41" HPOS="547" VPOS="786" WIDTH="95" />
<SP HEIGHT="29" HPOS="643" VPOS="798" WIDTH="37" />
<String CONTENT="min" HEIGHT="40" HPOS="681" LANG="de" VPOS="786" WIDTH="101" />
<SP HEIGHT="40" HPOS="783" VPOS="786" WIDTH="36" />
<String CONTENT="bitte" HEIGHT="41" HPOS="820" LANG="de" VPOS="786" WIDTH="120" />
<SP HEIGHT="38" HPOS="941" VPOS="789" WIDTH="38" />
<String CONTENT="tid," HEIGHT="46" HPOS="980" VPOS="787" WIDTH="85" />
<SP HEIGHT="45" HPOS="1066" VPOS="788" WIDTH="38" />
<String CONTENT="Drengeaar" HEIGHT="47" HPOS="1105" VPOS="788" WIDTH="283" />
<SP HEIGHT="29" HPOS="1389" VPOS="797" WIDTH="36" />
<String CONTENT="og" HEIGHT="38" HPOS="1426" VPOS="797" WIDTH="59" />
<SP HEIGHT="48" HPOS="1486" VPOS="787" WIDTH="36" />
<String CONTENT="kn&#248;sekaar," CS="1" HEIGHT="47" HPOS="1523" VPOS="786" WIDTH="288" />
<SP HEIGHT="36" HPOS="1812" VPOS="797" WIDTH="39" />
<String CONTENT="and" HEIGHT="39" HPOS="1852" VPOS="787" WIDTH="94" />
</TextLine>
<TextLine CS="1" HEIGHT="105" HPOS="100" VPOS="787" WIDTH="1983">
<String CONTENT="F&#248;rdet" CS="1" HEIGHT="98" HPOS="100" VPOS="787" WIDTH="1983" />
<SP HEIGHT="39" HPOS="182" VPOS="846" WIDTH="26" />
<String CONTENT="dages." HEIGHT="46" HPOS="209" VPOS="846" WIDTH="160" />
</TextLine>
<TextLine CS="1" HEIGHT="51" HPOS="170" VPOS="900" WIDTH="835">
<String CONTENT="&#8220;Anm&#230;rkninger&#8221;;" CS="1" HEIGHT="49" HPOS="170" LANG="fr" VPOS="900" WIDTH="449" />
<SP HEIGHT="39" HPOS="648" VPOS="910" WIDTH="32" />
<String CONTENT="p." HEIGHT="37" HPOS="681" LANG="en-US" VPOS="912" WIDTH="43" />
<SP HEIGHT="30" HPOS="725" VPOS="920" WIDTH="32" />
<String CONTENT="[209]-219." CS="1" HEIGHT="51" HPOS="772" LANG="en-US" VPOS="900" WIDTH="233" />
</TextLine>
<TextLine CS="1" HEIGHT="53" HPOS="97" VPOS="970" WIDTH="1852">
<String CONTENT="&#169;" HEIGHT="53" HPOS="97" VPOS="970" WIDTH="50" />
<SP HEIGHT="53" HPOS="148" VPOS="970" WIDTH="28" />
<String CONTENT="Sept." HEIGHT="47" HPOS="177" VPOS="974" WIDTH="124" />
<SP HEIGHT="40" HPOS="302" VPOS="974" WIDTH="27" />
<String CONTENT="8," HEIGHT="47" HPOS="330" VPOS="974" WIDTH="39" />
<SP HEIGHT="47" HPOS="370" VPOS="974" WIDTH="26" />
<String CONTENT="1934;" HEIGHT="47" HPOS="397" VPOS="972" WIDTH="141" />
<SP />
<String CONTENT="1c." CS="1" />
<SP />
<String CONTENT="Jan." HEIGHT="40" HPOS="665" VPOS="972" WIDTH="108" />
<SP HEIGHT="40" HPOS="774" VPOS="972" WIDTH="29" />
<String CONTENT="8," HEIGHT="48" HPOS="804" VPOS="972" WIDTH="39" />
<SP HEIGHT="47" HPOS="844" VPOS="973" WIDTH="27" />
<String CONTENT="1935;" HEIGHT="48" HPOS="872" VPOS="971" WIDTH="140" />
<SP HEIGHT="47" HPOS="1013" VPOS="972" WIDTH="29" />
<String CONTENT="A-Foreign" HEIGHT="49" HPOS="1043" VPOS="971" WIDTH="311" />
<SP HEIGHT="39" HPOS="1355" VPOS="972" WIDTH="27" />
<String CONTENT="26607;" CS="1" HEIGHT="40" HPOS="1383" VPOS="972" WIDTH="144" />
<SP HEIGHT="47" HPOS="1555" VPOS="972" WIDTH="33" />
<String CONTENT="Gyldendalske" HEIGHT="49" HPOS="1589" VPOS="972" WIDTH="360" />
</TextLine>
<TextLine CS="1" HEIGHT="105" HPOS="162" VPOS="973" WIDTH="1905">
<String CONTENT="boghandel," HEIGHT="104" HPOS="162" VPOS="973" WIDTH="1905" />
<SP HEIGHT="47" HPOS="351" VPOS="1030" WIDTH="30" />
<String CONTENT="Nordisk" HEIGHT="42" HPOS="382" VPOS="1028" WIDTH="212" />
<SP HEIGHT="40" HPOS="595" VPOS="1029" WIDTH="31" />
<String CONTENT="forlag." HEIGHT="49" HPOS="627" VPOS="1029" WIDTH="176" />
<SP HEIGHT="48" HPOS="804" VPOS="1029" WIDTH="67" />
<String CONTENT="(35-4865)" HEIGHT="50" HPOS="872" VPOS="1027" WIDTH="250" />
</TextLine>
<TextLine CS="1" HEIGHT="72" HPOS="99" STYLEREFS="StyleId-25EBD2FF-B991-4026-B567-711A02AA396E-" VPOS="1128" WIDTH="1980">
<String CONTENT="American" HEIGHT="56" HPOS="99" VPOS="1128" WIDTH="309" />
<SP HEIGHT="35" HPOS="409" VPOS="1149" WIDTH="46" />
<String CONTENT="art" HEIGHT="48" HPOS="456" VPOS="1136" WIDTH="90" />
<SP HEIGHT="48" HPOS="547" VPOS="1136" WIDTH="44" />
<String CONTENT="annual" HEIGHT="50" HPOS="592" VPOS="1133" WIDTH="210" />
<SP HEIGHT="50" HPOS="803" VPOS="1133" WIDTH="50" />
<String CONTENT="&#8230;" CS="1" />
<SP HEIGHT="53" HPOS="910" VPOS="1132" WIDTH="83" />
<String CONTENT="Volume" HEIGHT="55" HPOS="994" VPOS="1130" WIDTH="244" />
<SP HEIGHT="49" HPOS="1239" VPOS="1135" WIDTH="42" />
<String CONTENT="31." HEIGHT="49" HPOS="1282" VPOS="1134" WIDTH="82" />
<SP HEIGHT="51" HPOS="1365" VPOS="1132" WIDTH="79" />
<String CONTENT="For" HEIGHT="51" HPOS="1445" VPOS="1132" WIDTH="118" />
<SP HEIGHT="48" HPOS="1564" VPOS="1136" WIDTH="40" />
<String CONTENT="the" HEIGHT="53" HPOS="1605" VPOS="1132" WIDTH="97" />
<SP HEIGHT="49" HPOS="1703" VPOS="1151" WIDTH="42" />
<String CONTENT="year" HEIGHT="49" HPOS="1746" VPOS="1151" WIDTH="135" />
<SP HEIGHT="48" HPOS="1882" VPOS="1136" WIDTH="46" />
<String CONTENT="1934." HEIGHT="50" HPOS="1929" VPOS="1134" WIDTH="150" />
</TextLine>
<TextLine CS="1" HEIGHT="69" HPOS="162" STYLEREFS="StyleId-25EBD2FF-B991-4026-B567-711A02AA396E-" VPOS="1208" WIDTH="1913">
<String CONTENT="Washington," HEIGHT="69" HPOS="162" VPOS="1208" WIDTH="397" />
<SP HEIGHT="65" HPOS="560" VPOS="1212" WIDTH="27" />
<String CONTENT="D." HEIGHT="51" HPOS="588" VPOS="1212" WIDTH="71" />
<SP HEIGHT="54" HPOS="660" VPOS="1212" WIDTH="31" />
<String CONTENT="C.," HEIGHT="65" HPOS="692" VPOS="1212" WIDTH="82" />
<SP HEIGHT="63" HPOS="775" VPOS="1214" WIDTH="27" />
<String CONTENT="The" HEIGHT="53" HPOS="803" VPOS="1211" WIDTH="121" />
<SP HEIGHT="53" HPOS="925" VPOS="1211" WIDTH="25" />
<String CONTENT="American" HEIGHT="55" HPOS="951" VPOS="1208" WIDTH="305" />
<SP HEIGHT="52" HPOS="1257" VPOS="1209" WIDTH="29" />
<String CONTENT="federation" HEIGHT="54" HPOS="1287" VPOS="1209" WIDTH="324" />
<SP HEIGHT="35" HPOS="1612" VPOS="1228" WIDTH="25" />
<String CONTENT="of" HEIGHT="53" HPOS="1638" VPOS="1210" WIDTH="63" />
<SP HEIGHT="53" HPOS="1702" VPOS="1210" WIDTH="29" />
<String CONTENT="arts" HEIGHT="48" HPOS="1732" VPOS="1215" WIDTH="117" />
<SP HEIGHT="48" HPOS="1850" VPOS="1229" WIDTH="32" />
<String CONTENT="[" CS="1" />
<String CONTENT="c" HEIGHT="21" HPOS="1899" STYLE="superscript" VPOS="1216" WIDTH="19" />
<String CONTENT="1935]" HEIGHT="64" HPOS="1923" VPOS="1213" WIDTH="152" />
</TextLine>
<TextLine HEIGHT="49" HPOS="163" STYLEREFS="StyleId-25EBD2FF-B991-4026-B567-711A02AA396E-" VPOS="1282" WIDTH="325">
<String CONTENT="528" HEIGHT="40" HPOS="163" VPOS="1283" WIDTH="85" />
<SP HEIGHT="48" HPOS="249" VPOS="1283" WIDTH="23" />
<String CONTENT="p." HEIGHT="37" HPOS="273" VPOS="1294" WIDTH="42" />
<SP HEIGHT="40" HPOS="316" VPOS="1282" WIDTH="54" />
<String CONTENT="23" HEIGHT="41" HPOS="371" VPOS="1282" WIDTH="55" />
<String CONTENT="cm" HEIGHT="21" HPOS="428" STYLE="superscript" VPOS="1285" WIDTH="46" />
<String CONTENT="." HEIGHT="9" HPOS="479" VPOS="1314" WIDTH="9" />
</TextLine>
<TextLine CS="1" HEIGHT="53" HPOS="95" VPOS="1350" WIDTH="1987">
<String CONTENT="&#169;" HEIGHT="53" HPOS="95" VPOS="1350" WIDTH="50" />
<SP HEIGHT="53" HPOS="146" VPOS="1350" WIDTH="23" />
<String CONTENT="Apr." HEIGHT="48" HPOS="170" VPOS="1354" WIDTH="110" />
<SP HEIGHT="40" HPOS="281" VPOS="1353" WIDTH="25" />
<String CONTENT="23," HEIGHT="48" HPOS="307" VPOS="1353" WIDTH="69" />
<SP HEIGHT="47" HPOS="377" VPOS="1354" WIDTH="25" />
<String CONTENT="1935;" CS="1" HEIGHT="42" HPOS="403" VPOS="1352" WIDTH="116" />
<SP HEIGHT="48" HPOS="543" VPOS="1353" WIDTH="26" />
<String CONTENT="2c." HEIGHT="41" HPOS="570" VPOS="1353" WIDTH="66" />
<SP HEIGHT="39" HPOS="637" VPOS="1354" WIDTH="26" />
<String CONTENT="Apr." HEIGHT="47" HPOS="664" VPOS="1354" WIDTH="114" />
<SP HEIGHT="40" HPOS="779" VPOS="1353" WIDTH="26" />
<String CONTENT="24;" CS="1" HEIGHT="39" HPOS="806" VPOS="1353" WIDTH="56" />
<SP HEIGHT="37" HPOS="889" VPOS="1363" WIDTH="28" />
<String CONTENT="aff." HEIGHT="41" HPOS="918" VPOS="1352" WIDTH="82" />
<SP HEIGHT="40" HPOS="1001" VPOS="1353" WIDTH="27" />
<String CONTENT="May" HEIGHT="48" HPOS="1029" VPOS="1353" WIDTH="117" />
<SP HEIGHT="48" HPOS="1147" VPOS="1353" WIDTH="20" />
<String CONTENT="3;" CS="1" HEIGHT="40" HPOS="1168" VPOS="1353" WIDTH="26" />
<SP HEIGHT="48" HPOS="1223" VPOS="1352" WIDTH="28" />
<String CONTENT="A" HEIGHT="40" HPOS="1252" VPOS="1352" WIDTH="40" />
<SP HEIGHT="41" HPOS="1293" VPOS="1352" WIDTH="26" />
<String CONTENT="81692;" CS="1" HEIGHT="42" HPOS="1320" VPOS="1351" WIDTH="143" />
<SP HEIGHT="47" HPOS="1491" VPOS="1353" WIDTH="28" />
<String CONTENT="American" HEIGHT="41" HPOS="1520" VPOS="1352" WIDTH="258" />
<SP HEIGHT="40" HPOS="1779" VPOS="1352" WIDTH="25" />
<String CONTENT="federation" HEIGHT="41" HPOS="1805" VPOS="1352" WIDTH="277" />
</TextLine>
<TextLine HEIGHT="40" HPOS="162" VPOS="1411" WIDTH="193">
<String CONTENT="of" HEIGHT="40" HPOS="162" VPOS="1411" WIDTH="52" />
<SP HEIGHT="40" HPOS="215" VPOS="1411" WIDTH="22" />
<String CONTENT="arts." HEIGHT="39" HPOS="238" VPOS="1412" WIDTH="117" />
</TextLine>
<TextLine HEIGHT="70" HPOS="94" STYLEREFS="StyleId-25EBD2FF-B991-4026-B567-711A02AA396E-" VPOS="1511" WIDTH="1983">
<String CONTENT="American" HEIGHT="55" HPOS="94" VPOS="1511" WIDTH="309" />
<SP HEIGHT="52" HPOS="404" VPOS="1514" WIDTH="36" />
<String CONTENT="bankruptcy" HEIGHT="68" HPOS="441" VPOS="1513" WIDTH="361" />
<SP HEIGHT="49" HPOS="803" VPOS="1532" WIDTH="35" />
<String CONTENT="reports." HEIGHT="64" HPOS="839" VPOS="1517" WIDTH="236" />
<SP HEIGHT="53" HPOS="1076" VPOS="1514" WIDTH="72" />
<String CONTENT="New" HEIGHT="53" HPOS="1149" VPOS="1514" WIDTH="139" />
<SP HEIGHT="34" HPOS="1289" VPOS="1531" WIDTH="34" />
<String CONTENT="series," HEIGHT="69" HPOS="1324" VPOS="1512" WIDTH="187" />
<SP HEIGHT="50" HPOS="1512" VPOS="1531" WIDTH="35" />
<String CONTENT="cited" HEIGHT="55" HPOS="1548" VPOS="1511" WIDTH="149" />
<SP HEIGHT="54" HPOS="1698" VPOS="1512" WIDTH="33" />
<String CONTENT="Am." HEIGHT="54" HPOS="1732" VPOS="1512" WIDTH="132" />
<SP HEIGHT="51" HPOS="1865" VPOS="1515" WIDTH="36" />
<String CONTENT="B." HEIGHT="51" HPOS="1902" LANG="fr" VPOS="1515" WIDTH="67" />
<SP HEIGHT="52" HPOS="1970" VPOS="1514" WIDTH="38" />
<String CONTENT="R." HEIGHT="52" HPOS="2009" VPOS="1514" WIDTH="68" />
</TextLine>
<TextLine HEIGHT="68" HPOS="172" STYLEREFS="StyleId-25EBD2FF-B991-4026-B567-711A02AA396E-" VPOS="1590" WIDTH="1906">
<String CONTENT="(N." HEIGHT="65" HPOS="172" LANG="fr" VPOS="1591" WIDTH="94" />
<SP HEIGHT="54" HPOS="267" VPOS="1591" WIDTH="35" />
<String CONTENT="S.)" HEIGHT="67" HPOS="303" VPOS="1591" WIDTH="84" />
<SP HEIGHT="65" HPOS="388" VPOS="1593" WIDTH="41" />
<String CONTENT="reporting" HEIGHT="67" HPOS="430" VPOS="1591" WIDTH="297" />
<SP HEIGHT="62" HPOS="728" VPOS="1596" WIDTH="28" />
<String CONTENT="the" HEIGHT="52" HPOS="757" VPOS="1592" WIDTH="95" />
<SP HEIGHT="53" HPOS="853" VPOS="1591" WIDTH="23" />
<String CONTENT="bankruptcy" HEIGHT="67" HPOS="877" VPOS="1591" WIDTH="364" />
<SP HEIGHT="66" HPOS="1242" VPOS="1591" WIDTH="27" />
<String CONTENT="decisions" HEIGHT="54" HPOS="1270" VPOS="1590" WIDTH="276" />
<SP HEIGHT="34" HPOS="1547" VPOS="1610" WIDTH="30" />
<String CONTENT="and" HEIGHT="51" HPOS="1578" VPOS="1591" WIDTH="113" />
<SP HEIGHT="51" HPOS="1692" VPOS="1591" WIDTH="30" />
<String CONTENT="opinions" HEIGHT="67" HPOS="1723" VPOS="1591" WIDTH="262" />
<SP HEIGHT="50" HPOS="1986" VPOS="1593" WIDTH="30" />
<String CONTENT="in" HEIGHT="50" HPOS="2017" VPOS="1593" WIDTH="61" />
</TextLine>
<TextLine CS="1" HEIGHT="131" HPOS="161" STYLEREFS="StyleId-25EBD2FF-B991-4026-B567-711A02AA396E-" VPOS="1667" WIDTH="1893">
<String CONTENT="the" HEIGHT="53" HPOS="161" VPOS="1668" WIDTH="95" />
<SP HEIGHT="53" HPOS="257" VPOS="1669" WIDTH="23" />
<String CONTENT="United" HEIGHT="53" HPOS="281" VPOS="1669" WIDTH="218" />
<SP HEIGHT="55" HPOS="500" VPOS="1669" WIDTH="24" />
<String CONTENT="States" HEIGHT="54" HPOS="525" VPOS="1670" WIDTH="188" />
<SP HEIGHT="34" HPOS="714" VPOS="1688" WIDTH="25" />
<String CONTENT="of" HEIGHT="52" HPOS="740" VPOS="1669" WIDTH="63" />
<SP HEIGHT="52" HPOS="804" VPOS="1669" WIDTH="25" />
<String CONTENT="the" HEIGHT="52" HPOS="830" VPOS="1669" WIDTH="96" />
<SP HEIGHT="54" HPOS="927" VPOS="1667" WIDTH="24" />
<String CONTENT="federal" HEIGHT="55" HPOS="952" VPOS="1667" WIDTH="220" />
<SP HEIGHT="51" HPOS="1173" VPOS="1671" WIDTH="26" />
<String CONTENT="courts," HEIGHT="65" HPOS="1200" VPOS="1673" WIDTH="205" />
<SP HEIGHT="50" HPOS="1406" VPOS="1688" WIDTH="26" />
<String CONTENT="state" HEIGHT="49" HPOS="1433" VPOS="1673" WIDTH="146" />
<SP HEIGHT="36" HPOS="1580" VPOS="1685" WIDTH="24" />
<String CONTENT="courts" HEIGHT="47" HPOS="1605" VPOS="1673" WIDTH="188" />
<SP HEIGHT="34" HPOS="1794" VPOS="1687" WIDTH="28" />
<String CONTENT="and" HEIGHT="52" HPOS="1823" VPOS="1669" WIDTH="112" />
<SP HEIGHT="52" HPOS="1936" VPOS="1669" WIDTH="26" />
<String CONTENT="referees" HEIGHT="130" HPOS="162" VPOS="1668" WIDTH="1892" />
</TextLine>
<TextLine HEIGHT="69" HPOS="332" STYLEREFS="StyleId-25EBD2FF-B991-4026-B567-711A02AA396E-" VPOS="1745" WIDTH="1744">
<String CONTENT="in" HEIGHT="52" HPOS="332" VPOS="1746" WIDTH="59" />
<SP HEIGHT="51" HPOS="392" VPOS="1747" WIDTH="23" />
<String CONTENT="bankruptcy." HEIGHT="68" HPOS="416" VPOS="1746" WIDTH="376" />
<SP HEIGHT="54" HPOS="793" VPOS="1748" WIDTH="61" />
<String CONTENT="Edited" HEIGHT="53" HPOS="855" VPOS="1746" WIDTH="212" />
<SP HEIGHT="52" HPOS="1068" VPOS="1746" WIDTH="22" />
<String CONTENT="by" HEIGHT="68" HPOS="1091" VPOS="1746" WIDTH="75" />
<SP HEIGHT="66" HPOS="1167" VPOS="1748" WIDTH="24" />
<String CONTENT="Fred" HEIGHT="52" HPOS="1192" VPOS="1746" WIDTH="153" />
<SP HEIGHT="53" HPOS="1346" VPOS="1746" WIDTH="23" />
<String CONTENT="E." HEIGHT="51" HPOS="1370" LANG="fr" VPOS="1748" WIDTH="68" />
<SP HEIGHT="52" HPOS="1439" VPOS="1747" WIDTH="25" />
<String CONTENT="Rosbrook." HEIGHT="54" HPOS="1465" VPOS="1745" WIDTH="311" />
<SP HEIGHT="53" HPOS="1777" VPOS="1747" WIDTH="59" />
<String CONTENT="Vol." HEIGHT="53" HPOS="1837" VPOS="1747" WIDTH="128" />
<SP HEIGHT="51" HPOS="1966" VPOS="1749" WIDTH="26" />
<String CONTENT="27." HEIGHT="54" HPOS="1993" VPOS="1746" WIDTH="83" />
</TextLine>
<TextLine HEIGHT="71" HPOS="160" STYLEREFS="StyleId-25EBD2FF-B991-4026-B567-711A02AA396E-" VPOS="1822" WIDTH="1917">
<String CONTENT="Albany," HEIGHT="69" HPOS="160" VPOS="1823" WIDTH="245" />
<SP HEIGHT="68" HPOS="406" VPOS="1824" WIDTH="33" />
<String CONTENT="N." HEIGHT="53" HPOS="440" VPOS="1824" WIDTH="69" />
<SP HEIGHT="52" HPOS="510" VPOS="1826" WIDTH="36" />
<String CONTENT="Y.," HEIGHT="65" HPOS="547" VPOS="1826" WIDTH="90" />
<SP HEIGHT="65" HPOS="638" VPOS="1826" WIDTH="31" />
<String CONTENT="Matthew" HEIGHT="53" HPOS="670" VPOS="1824" WIDTH="278" />
<SP HEIGHT="51" HPOS="949" VPOS="1826" WIDTH="34" />
<String CONTENT="Bender" HEIGHT="53" HPOS="984" VPOS="1824" WIDTH="225" />
<SP HEIGHT="51" HPOS="1210" VPOS="1827" WIDTH="35" />
<String CONTENT="&amp;" HEIGHT="51" HPOS="1246" VPOS="1827" WIDTH="47" />
<SP HEIGHT="51" HPOS="1294" VPOS="1827" WIDTH="31" />
<String CONTENT="company," HEIGHT="50" HPOS="1326" VPOS="1842" WIDTH="297" />
<SP HEIGHT="70" HPOS="1624" VPOS="1822" WIDTH="33" />
<String CONTENT="incorporated," HEIGHT="71" HPOS="1658" VPOS="1822" WIDTH="419" />
</TextLine>
<TextLine HEIGHT="51" HPOS="159" STYLEREFS="StyleId-25EBD2FF-B991-4026-B567-711A02AA396E-" VPOS="1905" WIDTH="147">
<String CONTENT="1935." HEIGHT="51" HPOS="159" VPOS="1905" WIDTH="147" />
</TextLine>
<TextLine HEIGHT="49" HPOS="158" VPOS="1975" WIDTH="449">
<String CONTENT="xvi," HEIGHT="48" HPOS="158" VPOS="1975" WIDTH="95" />
<SP HEIGHT="47" HPOS="254" VPOS="1976" WIDTH="26" />
<String CONTENT="815" HEIGHT="40" HPOS="281" VPOS="1976" WIDTH="87" />
<SP HEIGHT="48" HPOS="369" VPOS="1976" WIDTH="22" />
<String CONTENT="p." HEIGHT="37" HPOS="392" VPOS="1987" WIDTH="43" />
<SP HEIGHT="40" HPOS="436" VPOS="1975" WIDTH="55" />
<String CONTENT="24" HEIGHT="40" HPOS="492" VPOS="1975" WIDTH="56" />
<String CONTENT="cm" HEIGHT="22" HPOS="550" STYLE="superscript" VPOS="1976" WIDTH="44" />
<String CONTENT="." HEIGHT="9" HPOS="598" VPOS="2007" WIDTH="9" />
</TextLine>
<TextLine CS="1" HEIGHT="53" HPOS="93" VPOS="2042" WIDTH="1984">
<String CONTENT="&#169;" HEIGHT="53" HPOS="93" VPOS="2042" WIDTH="50" />
<SP HEIGHT="53" HPOS="144" VPOS="2042" WIDTH="21" />
<String CONTENT="May" HEIGHT="47" HPOS="166" VPOS="2047" WIDTH="112" />
<SP HEIGHT="47" HPOS="279" VPOS="2047" WIDTH="21" />
<String CONTENT="4," HEIGHT="46" HPOS="301" VPOS="2047" WIDTH="42" />
<SP HEIGHT="46" HPOS="344" VPOS="2047" WIDTH="21" />
<String CONTENT="1935;" CS="1" HEIGHT="41" HPOS="366" VPOS="2045" WIDTH="117" />
<SP HEIGHT="48" HPOS="507" VPOS="2045" WIDTH="23" />
<String CONTENT="2c." HEIGHT="41" HPOS="531" VPOS="2045" WIDTH="68" />
<SP HEIGHT="30" HPOS="600" VPOS="2056" WIDTH="23" />
<String CONTENT="and" HEIGHT="39" HPOS="624" VPOS="2046" WIDTH="96" />
<SP HEIGHT="39" HPOS="721" VPOS="2046" WIDTH="23" />
<String CONTENT="aff." HEIGHT="40" HPOS="745" VPOS="2044" WIDTH="81" />
<SP HEIGHT="39" HPOS="827" VPOS="2045" WIDTH="24" />
<String CONTENT="May" HEIGHT="48" HPOS="852" VPOS="2045" WIDTH="113" />
<SP HEIGHT="49" HPOS="966" VPOS="2044" WIDTH="23" />
<String CONTENT="6;" CS="1" HEIGHT="40" HPOS="990" VPOS="2044" WIDTH="28" />
<SP HEIGHT="46" HPOS="1043" VPOS="2045" WIDTH="27" />
<String CONTENT="A" HEIGHT="39" HPOS="1071" VPOS="2045" WIDTH="41" />
<SP HEIGHT="40" HPOS="1113" VPOS="2045" WIDTH="22" />
<String CONTENT="82941;" CS="1" HEIGHT="43" HPOS="1136" VPOS="2042" WIDTH="143" />
<SP HEIGHT="46" HPOS="1307" VPOS="2045" WIDTH="28" />
<String CONTENT="Matthew" HEIGHT="40" HPOS="1336" VPOS="2045" WIDTH="236" />
<SP HEIGHT="40" HPOS="1573" VPOS="2045" WIDTH="24" />
<String CONTENT="Bender" HEIGHT="41" HPOS="1598" VPOS="2045" WIDTH="191" />
<SP HEIGHT="39" HPOS="1790" VPOS="2046" WIDTH="24" />
<String CONTENT="&amp;" HEIGHT="39" HPOS="1815" VPOS="2046" WIDTH="36" />
<SP HEIGHT="39" HPOS="1852" VPOS="2046" WIDTH="23" />
<String CONTENT="co.," HEIGHT="38" HPOS="1876" LANG="ru" VPOS="2055" WIDTH="80" />
<SP HEIGHT="47" HPOS="1957" VPOS="2046" WIDTH="27" />
<String CONTENT="inc." HEIGHT="40" HPOS="1985" VPOS="2046" WIDTH="92" />
</TextLine>
<TextLine HEIGHT="66" HPOS="88" STYLEREFS="StyleId-52731547-26DD-4991-A175-D05F2D0F8A68-" VPOS="2163" WIDTH="742">
<String CONTENT="Ashton," HEIGHT="66" HPOS="88" VPOS="2163" WIDTH="247" />
<SP HEIGHT="64" HPOS="336" VPOS="2165" WIDTH="29" />
<String CONTENT="Charles," HEIGHT="65" HPOS="366" VPOS="2163" WIDTH="261" />
<SP HEIGHT="59" HPOS="628" VPOS="2169" WIDTH="29" />
<String CONTENT="1884-" HEIGHT="51" HPOS="658" VPOS="2168" WIDTH="172" />
</TextLine>
<TextLine CS="1" HEIGHT="148" HPOS="92" STYLEREFS="StyleId-25EBD2FF-B991-4026-B567-711A02AA396E-" VPOS="2239" WIDTH="1958">
<String CONTENT="Murder" HEIGHT="54" HPOS="157" VPOS="2239" WIDTH="233" />
<SP HEIGHT="53" HPOS="391" VPOS="2240" WIDTH="22" />
<String CONTENT="in" HEIGHT="52" HPOS="414" VPOS="2240" WIDTH="61" />
<SP HEIGHT="36" HPOS="476" VPOS="2258" WIDTH="21" />
<String CONTENT="make-up," HEIGHT="68" HPOS="498" VPOS="2240" WIDTH="286" />
<SP HEIGHT="67" HPOS="785" VPOS="2241" WIDTH="21" />
<String CONTENT="by" HEIGHT="67" HPOS="807" VPOS="2241" WIDTH="75" />
<SP HEIGHT="68" HPOS="883" VPOS="2240" WIDTH="24" />
<String CONTENT="Charles" HEIGHT="55" HPOS="908" VPOS="2239" WIDTH="235" />
<SP HEIGHT="53" HPOS="1144" VPOS="2240" WIDTH="23" />
<String CONTENT="Ashton." HEIGHT="53" HPOS="1168" VPOS="2240" WIDTH="242" />
<SP HEIGHT="53" HPOS="1411" VPOS="2240" WIDTH="72" />
<String CONTENT="London," HEIGHT="68" HPOS="1484" VPOS="2240" WIDTH="258" />
<SP HEIGHT="66" HPOS="1743" VPOS="2242" WIDTH="23" />
<String CONTENT="I." HEIGHT="53" HPOS="1767" VPOS="2242" WIDTH="49" />
<SP HEIGHT="52" HPOS="1817" VPOS="2243" WIDTH="27" />
<String CONTENT="Nicholson" HEIGHT="131" HPOS="92" VPOS="2241" WIDTH="1958" />
<SP HEIGHT="36" HPOS="191" VPOS="2337" WIDTH="26" />
<String CONTENT="and" HEIGHT="52" HPOS="218" VPOS="2321" WIDTH="111" />
<SP HEIGHT="54" HPOS="330" VPOS="2320" WIDTH="25" />
<String CONTENT="Watson," HEIGHT="67" HPOS="356" VPOS="2320" WIDTH="257" />
<SP HEIGHT="68" HPOS="614" VPOS="2319" WIDTH="25" />
<String CONTENT="limited" HEIGHT="55" HPOS="640" VPOS="2317" WIDTH="223" />
<SP HEIGHT="66" HPOS="864" VPOS="2320" WIDTH="31" />
<String CONTENT="[1934]" HEIGHT="65" HPOS="896" VPOS="2321" WIDTH="170" />
</TextLine>
<TextLine HEIGHT="47" HPOS="159" VPOS="2392" WIDTH="329">
<String CONTENT="320" HEIGHT="41" HPOS="159" VPOS="2392" WIDTH="85" />
<SP HEIGHT="47" HPOS="245" VPOS="2392" WIDTH="25" />
<String CONTENT="p." HEIGHT="38" HPOS="271" VPOS="2401" WIDTH="43" />
<SP HEIGHT="42" HPOS="315" VPOS="2392" WIDTH="56" />
<String CONTENT="19" HEIGHT="40" HPOS="372" VPOS="2392" WIDTH="56" />
<String CONTENT="cm" HEIGHT="22" HPOS="430" STYLE="superscript" VPOS="2394" WIDTH="43" />
<String CONTENT="." HEIGHT="10" HPOS="478" VPOS="2422" WIDTH="10" />
</TextLine>
<TextLine HEIGHT="43" HPOS="162" VPOS="2447" WIDTH="412">
<String CONTENT="&#8220;First" HEIGHT="43" HPOS="162" VPOS="2447" WIDTH="159" />
<SP HEIGHT="38" HPOS="322" VPOS="2452" WIDTH="27" />
<String CONTENT="edition.&#8221;" HEIGHT="42" HPOS="350" VPOS="2447" WIDTH="224" />
</TextLine>
<TextLine CS="1" HEIGHT="53" HPOS="91" VPOS="2501" WIDTH="1982">
<String CONTENT="&#169;" HEIGHT="53" HPOS="91" VPOS="2501" WIDTH="51" />
<SP />
<String CONTENT="1c." CS="1" />
<SP />
<String CONTENT="Mar." HEIGHT="38" HPOS="253" VPOS="2508" WIDTH="120" />
<SP HEIGHT="40" HPOS="374" VPOS="2507" WIDTH="23" />
<String CONTENT="8," HEIGHT="47" HPOS="398" VPOS="2507" WIDTH="39" />
<SP HEIGHT="47" HPOS="438" VPOS="2507" WIDTH="22" />
<String CONTENT="1935;" HEIGHT="47" HPOS="461" VPOS="2505" WIDTH="140" />
<SP HEIGHT="47" HPOS="602" VPOS="2505" WIDTH="25" />
<String CONTENT="A" HEIGHT="39" HPOS="628" VPOS="2505" WIDTH="43" />
<SP HEIGHT="40" HPOS="672" VPOS="2505" WIDTH="20" />
<String CONTENT="ad" HEIGHT="39" HPOS="693" VPOS="2506" WIDTH="62" />
<SP HEIGHT="40" HPOS="756" VPOS="2505" WIDTH="23" />
<String CONTENT="int." HEIGHT="39" HPOS="780" VPOS="2505" WIDTH="86" />
<SP HEIGHT="41" HPOS="867" VPOS="2503" WIDTH="24" />
<String CONTENT="19987;" CS="1" HEIGHT="42" HPOS="892" VPOS="2502" WIDTH="148" />
<SP HEIGHT="38" HPOS="1064" VPOS="2513" WIDTH="23" />
<String CONTENT="pubd." HEIGHT="47" HPOS="1088" VPOS="2504" WIDTH="143" />
<SP HEIGHT="40" HPOS="1232" VPOS="2503" WIDTH="26" />
<String CONTENT="Jan." HEIGHT="41" HPOS="1259" VPOS="2503" WIDTH="110" />
<SP HEIGHT="40" HPOS="1370" VPOS="2504" WIDTH="25" />
<String CONTENT="17;" CS="1" HEIGHT="40" HPOS="1396" VPOS="2504" WIDTH="55" />
<SP HEIGHT="46" HPOS="1479" VPOS="2504" WIDTH="28" />
<String CONTENT="C." CS="1" HEIGHT="8" HPOS="1547" VPOS="2534" WIDTH="9" />
<SP HEIGHT="39" HPOS="1557" VPOS="2504" WIDTH="24" />
<String CONTENT="Ashton," HEIGHT="47" HPOS="1582" VPOS="2504" WIDTH="202" />
<SP HEIGHT="46" HPOS="1785" VPOS="2505" WIDTH="23" />
<String CONTENT="Arkesden," HEIGHT="49" HPOS="1809" VPOS="2505" WIDTH="264" />
</TextLine>
<TextLine HEIGHT="52" HPOS="157" VPOS="2560" WIDTH="1129">
<String CONTENT="nr." HEIGHT="29" HPOS="157" VPOS="2574" WIDTH="69" />
<SP HEIGHT="40" HPOS="227" VPOS="2563" WIDTH="29" />
<String CONTENT="Newport," HEIGHT="49" HPOS="257" VPOS="2563" WIDTH="241" />
<SP HEIGHT="48" HPOS="499" VPOS="2564" WIDTH="31" />
<String CONTENT="Essex," HEIGHT="46" HPOS="531" VPOS="2564" WIDTH="166" />
<SP HEIGHT="47" HPOS="698" VPOS="2563" WIDTH="32" />
<String CONTENT="England." HEIGHT="47" HPOS="731" VPOS="2562" WIDTH="235" />
<SP HEIGHT="49" HPOS="967" VPOS="2560" WIDTH="68" />
<String CONTENT="(35-5473)" HEIGHT="49" HPOS="1036" VPOS="2560" WIDTH="250" />
</TextLine>
<TextLine HEIGHT="57" HPOS="89" STYLEREFS="StyleId-52731547-26DD-4991-A175-D05F2D0F8A68-" VPOS="2661" WIDTH="1225">
<String CONTENT="Association" HEIGHT="54" HPOS="89" VPOS="2664" WIDTH="369" />
<SP HEIGHT="36" HPOS="459" VPOS="2682" WIDTH="21" />
<String CONTENT="of" HEIGHT="52" HPOS="481" VPOS="2666" WIDTH="64" />
<SP HEIGHT="52" HPOS="546" VPOS="2665" WIDTH="24" />
<String CONTENT="American" HEIGHT="55" HPOS="571" VPOS="2662" WIDTH="315" />
<SP HEIGHT="36" HPOS="887" VPOS="2680" WIDTH="27" />
<String CONTENT="universities." HEIGHT="56" HPOS="915" VPOS="2661" WIDTH="399" />
</TextLine>
<TextLine CS="1" HEIGHT="70" HPOS="219" STYLEREFS="StyleId-25EBD2FF-B991-4026-B567-711A02AA396E-" VPOS="2738" WIDTH="1852">
<String CONTENT="&#8230;" CS="1" />
<SP HEIGHT="54" HPOS="219" VPOS="2743" WIDTH="33" />
<String CONTENT="Journal" HEIGHT="54" HPOS="253" VPOS="2743" WIDTH="244" />
<SP HEIGHT="50" HPOS="498" VPOS="2743" WIDTH="29" />
<String CONTENT="of" HEIGHT="52" HPOS="528" VPOS="2741" WIDTH="65" />
<SP HEIGHT="67" HPOS="594" VPOS="2741" WIDTH="26" />
<String CONTENT="proceedings" HEIGHT="69" HPOS="621" VPOS="2739" WIDTH="367" />
<SP HEIGHT="34" HPOS="989" VPOS="2759" WIDTH="31" />
<String CONTENT="and" HEIGHT="54" HPOS="1021" VPOS="2739" WIDTH="113" />
<SP HEIGHT="52" HPOS="1135" VPOS="2739" WIDTH="29" />
<String CONTENT="addresses" HEIGHT="52" HPOS="1165" VPOS="2739" WIDTH="290" />
<SP HEIGHT="35" HPOS="1456" VPOS="2757" WIDTH="29" />
<String CONTENT="of" HEIGHT="54" HPOS="1486" VPOS="2738" WIDTH="64" />
<SP HEIGHT="53" HPOS="1551" VPOS="2738" WIDTH="28" />
<String CONTENT="the" HEIGHT="53" HPOS="1580" VPOS="2739" WIDTH="97" />
<SP HEIGHT="48" HPOS="1678" VPOS="2744" WIDTH="27" />
<String CONTENT="thirty-sixth" HEIGHT="68" HPOS="1706" VPOS="2739" WIDTH="365" />
</TextLine>
<TextLine HEIGHT="68" HPOS="93" STYLEREFS="StyleId-25EBD2FF-B991-4026-B567-711A02AA396E-" VPOS="2816" WIDTH="1978">
<String CONTENT="annual" HEIGHT="51" HPOS="93" VPOS="2820" WIDTH="203" />
<SP HEIGHT="51" HPOS="297" VPOS="2820" WIDTH="28" />
<String CONTENT="conference," HEIGHT="66" HPOS="326" VPOS="2818" WIDTH="346" />
<SP HEIGHT="66" HPOS="673" VPOS="2818" WIDTH="26" />
<String CONTENT="held" HEIGHT="52" HPOS="700" VPOS="2818" WIDTH="135" />
<SP HEIGHT="51" HPOS="836" VPOS="2818" WIDTH="23" />
<String CONTENT="at" HEIGHT="47" HPOS="860" VPOS="2823" WIDTH="58" />
<SP HEIGHT="48" HPOS="919" VPOS="2823" WIDTH="24" />
<String CONTENT="the" HEIGHT="54" HPOS="944" VPOS="2817" WIDTH="98" />
<SP HEIGHT="53" HPOS="1043" VPOS="2818" WIDTH="25" />
<String CONTENT="University" HEIGHT="67" HPOS="1069" VPOS="2816" WIDTH="336" />
<SP HEIGHT="48" HPOS="1406" VPOS="2835" WIDTH="27" />
<String CONTENT="of" HEIGHT="53" HPOS="1434" VPOS="2816" WIDTH="63" />
<SP HEIGHT="56" HPOS="1498" VPOS="2816" WIDTH="28" />
<String CONTENT="Chicago," HEIGHT="67" HPOS="1527" VPOS="2817" WIDTH="270" />
<SP HEIGHT="68" HPOS="1798" VPOS="2816" WIDTH="28" />
<String CONTENT="October" HEIGHT="55" HPOS="1827" VPOS="2816" WIDTH="244" />
</TextLine>
<TextLine HEIGHT="70" HPOS="92" STYLEREFS="StyleId-25EBD2FF-B991-4026-B567-711A02AA396E-" VPOS="2893" WIDTH="1977">
<String CONTENT="25," HEIGHT="64" HPOS="92" VPOS="2897" WIDTH="81" />
<SP HEIGHT="62" HPOS="174" VPOS="2899" WIDTH="20" />
<String CONTENT="26," HEIGHT="64" HPOS="195" VPOS="2898" WIDTH="82" />
<SP HEIGHT="64" HPOS="278" VPOS="2898" WIDTH="19" />
<String CONTENT="27, 1934." HEIGHT="69" HPOS="298" VPOS="2894" WIDTH="258" />
<SP HEIGHT="55" HPOS="557" VPOS="2894" WIDTH="61" />
<String CONTENT="Chicago," HEIGHT="68" HPOS="619" VPOS="2894" WIDTH="267" />
<SP HEIGHT="65" HPOS="887" VPOS="2897" WIDTH="21" />
<String CONTENT="Ill.," HEIGHT="65" HPOS="909" VPOS="2896" WIDTH="113" />
<SP HEIGHT="64" HPOS="1023" VPOS="2897" WIDTH="22" />
<String CONTENT="The" HEIGHT="53" HPOS="1046" VPOS="2895" WIDTH="122" />
<SP HEIGHT="53" HPOS="1169" VPOS="2896" WIDTH="20" />
<String CONTENT="University" HEIGHT="67" HPOS="1190" VPOS="2894" WIDTH="337" />
<SP HEIGHT="49" HPOS="1528" VPOS="2912" WIDTH="21" />
<String CONTENT="of" HEIGHT="54" HPOS="1550" VPOS="2893" WIDTH="65" />
<SP HEIGHT="56" HPOS="1616" VPOS="2893" WIDTH="21" />
<String CONTENT="Chicago" HEIGHT="68" HPOS="1638" VPOS="2894" WIDTH="252" />
<SP HEIGHT="50" HPOS="1891" VPOS="2912" WIDTH="22" />
<String CONTENT="press" HEIGHT="48" HPOS="1914" VPOS="2914" WIDTH="155" />
</TextLine>
<TextLine CS="1" HEIGHT="63" HPOS="95" STYLEREFS="StyleId-25EBD2FF-B991-4026-B567-711A02AA396E-" VPOS="2976" WIDTH="185">
<String CONTENT="[" HEIGHT="34" HPOS="95" LANG="ru" VPOS="3005" WIDTH="13" />
<String CONTENT="c1" CS="1" LANG="en-US" />
<String CONTENT="935]" HEIGHT="63" HPOS="164" LANG="ru" VPOS="2976" WIDTH="116" />
</TextLine>
<TextLine HEIGHT="48" HPOS="158" VPOS="3046" WIDTH="323">
<String CONTENT="152" HEIGHT="39" HPOS="158" VPOS="3046" WIDTH="83" />
<SP HEIGHT="48" HPOS="242" VPOS="3046" WIDTH="24" />
<String CONTENT="p." HEIGHT="37" HPOS="267" VPOS="3057" WIDTH="42" />
<SP HEIGHT="39" HPOS="310" VPOS="3046" WIDTH="54" />
<String CONTENT="24" HEIGHT="39" HPOS="365" VPOS="3046" WIDTH="56" />
<String CONTENT="cm" HEIGHT="22" HPOS="424" STYLE="superscript" VPOS="3048" WIDTH="43" />
<String CONTENT="." HEIGHT="8" HPOS="472" VPOS="3078" WIDTH="9" />
</TextLine>
<TextLine CS="1" HEIGHT="110" HPOS="90" VPOS="3097" WIDTH="1966">
<String CONTENT="&#169;" HEIGHT="53" HPOS="90" VPOS="3097" WIDTH="50" />
<SP HEIGHT="53" HPOS="141" VPOS="3097" WIDTH="25" />
<String CONTENT="Feb." HEIGHT="41" HPOS="167" VPOS="3102" WIDTH="108" />
<SP HEIGHT="41" HPOS="276" VPOS="3102" WIDTH="25" />
<String CONTENT="28," HEIGHT="48" HPOS="302" VPOS="3102" WIDTH="70" />
<SP HEIGHT="47" HPOS="373" VPOS="3103" WIDTH="25" />
<String CONTENT="1935;" CS="1" HEIGHT="41" HPOS="399" VPOS="3102" WIDTH="116" />
<SP HEIGHT="47" HPOS="539" VPOS="3101" WIDTH="29" />
<String CONTENT="2c." HEIGHT="41" HPOS="569" VPOS="3101" WIDTH="66" />
<SP HEIGHT="38" HPOS="636" VPOS="3103" WIDTH="29" />
<String CONTENT="Mar." HEIGHT="38" HPOS="666" VPOS="3103" WIDTH="121" />
<SP HEIGHT="41" HPOS="788" VPOS="3100" WIDTH="25" />
<String CONTENT="21;" CS="1" HEIGHT="39" HPOS="814" VPOS="3100" WIDTH="56" />
<SP HEIGHT="36" HPOS="897" VPOS="3111" WIDTH="30" />
<String CONTENT="aff." HEIGHT="41" HPOS="928" VPOS="3100" WIDTH="83" />
<SP HEIGHT="40" HPOS="1012" VPOS="3101" WIDTH="27" />
<String CONTENT="Mar." HEIGHT="39" HPOS="1040" VPOS="3101" WIDTH="121" />
<SP HEIGHT="40" HPOS="1162" VPOS="3100" WIDTH="27" />
<String CONTENT="18;" CS="1" HEIGHT="40" HPOS="1190" VPOS="3100" WIDTH="60" />
<SP HEIGHT="46" HPOS="1273" VPOS="3100" WIDTH="31" />
<String CONTENT="A" HEIGHT="39" HPOS="1305" VPOS="3100" WIDTH="40" />
<SP HEIGHT="40" HPOS="1346" VPOS="3100" WIDTH="25" />
<String CONTENT="81101;" CS="1" HEIGHT="41" HPOS="1372" VPOS="3099" WIDTH="143" />
<SP HEIGHT="47" HPOS="1543" VPOS="3100" WIDTH="30" />
<String CONTENT="University" HEIGHT="49" HPOS="1574" VPOS="3099" WIDTH="282" />
<SP HEIGHT="36" HPOS="1857" VPOS="3112" WIDTH="25" />
<String CONTENT="of" HEIGHT="40" HPOS="1883" VPOS="3100" WIDTH="54" />
<SP HEIGHT="41" HPOS="1938" VPOS="3100" WIDTH="27" />
<String CONTENT="Chicago," HEIGHT="106" HPOS="156" VPOS="3101" WIDTH="1900" />
<SP HEIGHT="48" HPOS="285" VPOS="3159" WIDTH="27" />
<String CONTENT="Chicago." HEIGHT="50" HPOS="313" VPOS="3157" WIDTH="222" />
</TextLine>
<TextLine CS="1" HEIGHT="68" HPOS="89" STYLEREFS="StyleId-25EBD2FF-B991-4026-B567-711A02AA396E-" VPOS="3256" WIDTH="1032">
<String CONTENT="Baillie," HEIGHT="68" HPOS="89" VPOS="3256" WIDTH="215" />
<SP HEIGHT="62" HPOS="305" VPOS="3262" WIDTH="26" />
<String CONTENT="Alexander" HEIGHT="55" HPOS="332" VPOS="3259" WIDTH="336" />
<SP HEIGHT="54" HPOS="669" VPOS="3261" WIDTH="23" />
<String CONTENT="Stuart," HEIGHT="63" HPOS="693" VPOS="3261" WIDTH="226" />
<SP HEIGHT="59" HPOS="920" VPOS="3265" WIDTH="29" />
<String CONTENT="1884-" CS="1" HEIGHT="50" HPOS="950" VPOS="3264" WIDTH="171" />
</TextLine>
<TextLine CS="1" HEIGHT="132" HPOS="90" STYLEREFS="StyleId-25EBD2FF-B991-4026-B567-711A02AA396E-" VPOS="3335" WIDTH="1954">
<String CONTENT="The" HEIGHT="52" HPOS="157" VPOS="3338" WIDTH="116" />
<SP HEIGHT="34" HPOS="274" VPOS="3357" WIDTH="24" />
<String CONTENT="seven" HEIGHT="35" HPOS="299" VPOS="3357" WIDTH="164" />
<SP HEIGHT="52" HPOS="464" VPOS="3338" WIDTH="22" />
<String CONTENT="last" HEIGHT="54" HPOS="487" VPOS="3338" WIDTH="111" />
<SP HEIGHT="47" HPOS="599" VPOS="3345" WIDTH="24" />
<String CONTENT="words," HEIGHT="65" HPOS="624" VPOS="3338" WIDTH="202" />
<SP HEIGHT="66" HPOS="827" VPOS="3337" WIDTH="24" />
<String CONTENT="by" HEIGHT="68" HPOS="852" VPOS="3337" WIDTH="75" />
<SP HEIGHT="67" HPOS="928" VPOS="3338" WIDTH="24" />
<String CONTENT="A." HEIGHT="52" HPOS="953" VPOS="3338" WIDTH="70" />
<SP HEIGHT="55" HPOS="1024" VPOS="3336" WIDTH="29" />
<String CONTENT="S." HEIGHT="55" HPOS="1054" VPOS="3336" WIDTH="55" />
<SP HEIGHT="51" HPOS="1110" VPOS="3339" WIDTH="28" />
<String CONTENT="Baillie;" CS="1" HEIGHT="55" HPOS="1139" VPOS="3335" WIDTH="209" />
<SP HEIGHT="67" HPOS="1378" VPOS="3335" WIDTH="28" />
<String CONTENT="introduction" HEIGHT="54" HPOS="1407" VPOS="3335" WIDTH="389" />
<SP HEIGHT="52" HPOS="1797" VPOS="3337" WIDTH="26" />
<String CONTENT="by" HEIGHT="67" HPOS="1824" VPOS="3337" WIDTH="73" />
<SP HEIGHT="66" HPOS="1898" VPOS="3338" WIDTH="25" />
<String CONTENT="Willard" HEIGHT="129" HPOS="90" VPOS="3338" WIDTH="1954" />
<SP HEIGHT="52" HPOS="212" VPOS="3415" WIDTH="24" />
<String CONTENT="E." HEIGHT="49" HPOS="237" VPOS="3418" WIDTH="65" />
</TextLine>
<TextLine CS="1" HEIGHT="67" HPOS="332" STYLEREFS="StyleId-25EBD2FF-B991-4026-B567-711A02AA396E-" VPOS="3414" WIDTH="1452">
<String CONTENT="Shelton." HEIGHT="54" HPOS="332" VPOS="3415" WIDTH="250" />
<SP HEIGHT="54" HPOS="583" VPOS="3414" WIDTH="62" />
<String CONTENT="St." HEIGHT="54" HPOS="646" VPOS="3414" WIDTH="82" />
<SP HEIGHT="51" HPOS="729" VPOS="3416" WIDTH="24" />
<String CONTENT="Louis," HEIGHT="66" HPOS="754" VPOS="3414" WIDTH="190" />
<SP HEIGHT="65" HPOS="945" VPOS="3415" WIDTH="23" />
<String CONTENT="The" HEIGHT="52" HPOS="969" VPOS="3414" WIDTH="123" />
<SP HEIGHT="51" HPOS="1093" VPOS="3416" WIDTH="22" />
<String CONTENT="Bethany" HEIGHT="67" HPOS="1116" VPOS="3414" WIDTH="264" />
<SP HEIGHT="49" HPOS="1381" VPOS="3432" WIDTH="22" />
<String CONTENT="press" HEIGHT="48" HPOS="1404" VPOS="3432" WIDTH="157" />
<SP HEIGHT="47" HPOS="1562" VPOS="3433" WIDTH="29" />
<String CONTENT="[" CS="1" />
<String CONTENT="c" HEIGHT="20" HPOS="1608" STYLE="superscript" VPOS="3420" WIDTH="20" />
<String CONTENT="1935]" HEIGHT="63" HPOS="1633" VPOS="3417" WIDTH="151" />
</TextLine>
<TextLine CS="1" HEIGHT="50" HPOS="155" VPOS="3486" WIDTH="322">
<String CONTENT="96" HEIGHT="41" HPOS="155" VPOS="3486" WIDTH="58" />
<SP HEIGHT="48" HPOS="214" VPOS="3488" WIDTH="21" />
<String CONTENT="p." HEIGHT="37" HPOS="236" VPOS="3499" WIDTH="43" />
<SP HEIGHT="38" HPOS="280" VPOS="3489" WIDTH="54" />
<String CONTENT="18&#189;" CS="1" HEIGHT="40" HPOS="335" VPOS="3489" WIDTH="58" />
<String CONTENT="cm" HEIGHT="21" HPOS="422" STYLE="superscript" VPOS="3490" WIDTH="42" />
<String CONTENT="." HEIGHT="8" HPOS="469" VPOS="3519" WIDTH="8" />
</TextLine>
<TextLine CS="1" HEIGHT="53" HPOS="91" VPOS="3538" WIDTH="1769">
<String CONTENT="&#169;" HEIGHT="53" HPOS="91" VPOS="3538" WIDTH="50" />
<SP HEIGHT="53" HPOS="142" VPOS="3538" WIDTH="26" />
<String CONTENT="Mar." HEIGHT="39" HPOS="169" VPOS="3545" WIDTH="119" />
<SP HEIGHT="39" HPOS="289" VPOS="3545" WIDTH="29" />
<String CONTENT="13," HEIGHT="46" HPOS="319" VPOS="3545" WIDTH="68" />
<SP HEIGHT="47" HPOS="388" VPOS="3544" WIDTH="28" />
<String CONTENT="1935;" CS="1" HEIGHT="42" HPOS="417" VPOS="3542" WIDTH="113" />
<SP HEIGHT="48" HPOS="556" VPOS="3542" WIDTH="32" />
<String CONTENT="2c." HEIGHT="41" HPOS="589" VPOS="3542" WIDTH="67" />
<SP HEIGHT="30" HPOS="657" VPOS="3553" WIDTH="30" />
<String CONTENT="and" HEIGHT="39" HPOS="688" VPOS="3544" WIDTH="97" />
<SP HEIGHT="39" HPOS="786" VPOS="3544" WIDTH="28" />
<String CONTENT="aff." HEIGHT="40" HPOS="815" VPOS="3541" WIDTH="79" />
<SP HEIGHT="38" HPOS="895" VPOS="3543" WIDTH="32" />
<String CONTENT="Mar." HEIGHT="38" HPOS="928" VPOS="3543" WIDTH="121" />
<SP HEIGHT="40" HPOS="1050" VPOS="3541" WIDTH="30" />
<String CONTENT="22;" HEIGHT="47" HPOS="1081" VPOS="3541" WIDTH="82" />
<SP HEIGHT="47" HPOS="1164" VPOS="3541" WIDTH="32" />
<String CONTENT="A" HEIGHT="40" HPOS="1197" VPOS="3541" WIDTH="43" />
<SP HEIGHT="42" HPOS="1241" VPOS="3541" WIDTH="26" />
<String CONTENT="82112;" HEIGHT="48" HPOS="1268" VPOS="3540" WIDTH="168" />
<SP HEIGHT="46" HPOS="1437" VPOS="3542" WIDTH="33" />
<String CONTENT="Bethany" HEIGHT="47" HPOS="1471" VPOS="3542" WIDTH="223" />
<SP HEIGHT="38" HPOS="1695" VPOS="3552" WIDTH="29" />
<String CONTENT="press" HEIGHT="37" HPOS="1725" VPOS="3553" WIDTH="135" />
</TextLine>
<TextLine HEIGHT="49" HPOS="164" VPOS="3599" WIDTH="246">
<String CONTENT="(35-4772)" HEIGHT="49" HPOS="164" VPOS="3599" WIDTH="246" />
</TextLine>
<TextLine HEIGHT="69" HPOS="88" STYLEREFS="StyleId-52731547-26DD-4991-A175-D05F2D0F8A68-" VPOS="3696" WIDTH="1015">
<String CONTENT="Barton," HEIGHT="69" HPOS="88" VPOS="3696" WIDTH="233" />
<SP HEIGHT="62" HPOS="322" VPOS="3703" WIDTH="25" />
<String CONTENT="Samuel" HEIGHT="54" HPOS="348" VPOS="3702" WIDTH="235" />
<SP HEIGHT="54" HPOS="584" VPOS="3701" WIDTH="25" />
<String CONTENT="Goodwin," HEIGHT="64" HPOS="610" VPOS="3699" WIDTH="294" />
<SP HEIGHT="57" HPOS="905" VPOS="3706" WIDTH="28" />
<String CONTENT="1882-" HEIGHT="51" HPOS="934" VPOS="3705" WIDTH="169" />
</TextLine>
<TextLine CS="1" HEIGHT="71" HPOS="159" STYLEREFS="StyleId-25EBD2FF-B991-4026-B567-711A02AA396E-" VPOS="3773" WIDTH="1908">
<String CONTENT="A" HEIGHT="52" HPOS="159" VPOS="3776" WIDTH="54" />
<SP HEIGHT="68" HPOS="214" VPOS="3776" WIDTH="26" />
<String CONTENT="guide" HEIGHT="68" HPOS="241" VPOS="3776" WIDTH="170" />
<SP HEIGHT="47" HPOS="412" VPOS="3783" WIDTH="29" />
<String CONTENT="to" HEIGHT="46" HPOS="442" VPOS="3783" WIDTH="60" />
<SP HEIGHT="48" HPOS="503" VPOS="3781" WIDTH="29" />
<String CONTENT="the" HEIGHT="53" HPOS="533" VPOS="3776" WIDTH="96" />
<SP HEIGHT="35" HPOS="630" VPOS="3794" WIDTH="30" />
<String CONTENT="constellations," HEIGHT="66" HPOS="661" VPOS="3775" WIDTH="434" />
<SP HEIGHT="67" HPOS="1096" VPOS="3774" WIDTH="30" />
<String CONTENT="by" HEIGHT="68" HPOS="1127" VPOS="3774" WIDTH="74" />
<SP HEIGHT="69" HPOS="1202" VPOS="3773" WIDTH="34" />
<String CONTENT="Samuel" HEIGHT="55" HPOS="1237" VPOS="3773" WIDTH="228" />
<SP HEIGHT="55" HPOS="1466" VPOS="3773" WIDTH="33" />
<String CONTENT="G." HEIGHT="55" HPOS="1500" VPOS="3773" WIDTH="66" />
<SP HEIGHT="53" HPOS="1567" VPOS="3774" WIDTH="34" />
<String CONTENT="Barton" HEIGHT="54" HPOS="1602" VPOS="3774" WIDTH="219" />
<SP HEIGHT="35" HPOS="1822" VPOS="3793" WIDTH="39" />
<String CONTENT="&#8230;" CS="1" />
<SP HEIGHT="33" HPOS="1919" VPOS="3795" WIDTH="37" />
<String CONTENT="and" HEIGHT="52" HPOS="1957" VPOS="3776" WIDTH="110" />
</TextLine>
<TextLine CS="1" HEIGHT="73" HPOS="93" STYLEREFS="StyleId-25EBD2FF-B991-4026-B567-711A02AA396E-" VPOS="3849" WIDTH="1978">
<String CONTENT="Wm." HEIGHT="53" HPOS="93" VPOS="3850" WIDTH="140" />
<SP HEIGHT="53" HPOS="234" VPOS="3852" WIDTH="24" />
<String CONTENT="H." HEIGHT="53" HPOS="259" VPOS="3852" WIDTH="76" />
<SP HEIGHT="52" HPOS="336" VPOS="3853" WIDTH="27" />
<String CONTENT="Barton," HEIGHT="66" HPOS="364" VPOS="3853" WIDTH="236" />
<SP HEIGHT="70" HPOS="601" VPOS="3849" WIDTH="23" />
<String CONTENT="jr." HEIGHT="68" HPOS="625" VPOS="3849" WIDTH="71" />
<SP HEIGHT="11" HPOS="697" VPOS="3894" WIDTH="32" />
<String CONTENT="&#8230;" CS="1" />
<SP HEIGHT="55" HPOS="787" VPOS="3850" WIDTH="75" />
<String CONTENT="New" HEIGHT="53" HPOS="863" VPOS="3850" WIDTH="137" />
<SP HEIGHT="53" HPOS="1001" VPOS="3850" WIDTH="28" />
<String CONTENT="York," HEIGHT="67" HPOS="1030" VPOS="3850" WIDTH="178" />
<SP HEIGHT="66" HPOS="1209" VPOS="3851" WIDTH="24" />
<String CONTENT="London," HEIGHT="71" HPOS="1234" VPOS="3849" WIDTH="255" />
<SP HEIGHT="70" HPOS="1490" VPOS="3850" WIDTH="23" />
<String CONTENT="Whittlesey" HEIGHT="70" HPOS="1514" VPOS="3850" WIDTH="340" />
<SP HEIGHT="68" HPOS="1855" VPOS="3852" WIDTH="26" />
<String CONTENT="house," HEIGHT="70" HPOS="1882" VPOS="3852" WIDTH="189" />
</TextLine>
<TextLine CS="1" HEIGHT="72" HPOS="92" STYLEREFS="StyleId-25EBD2FF-B991-4026-B567-711A02AA396E-" VPOS="3926" WIDTH="1275">
<String CONTENT="McGraw-Hill" HEIGHT="56" HPOS="92" VPOS="3927" WIDTH="418" />
<SP HEIGHT="55" HPOS="511" VPOS="3927" WIDTH="26" />
<String CONTENT="book" HEIGHT="54" HPOS="538" VPOS="3927" WIDTH="145" />
<SP HEIGHT="54" HPOS="684" VPOS="3927" WIDTH="24" />
<String CONTENT="company," HEIGHT="51" HPOS="709" VPOS="3945" WIDTH="291" />
<SP HEIGHT="70" HPOS="1001" VPOS="3926" WIDTH="28" />
<String CONTENT="inc." HEIGHT="55" HPOS="1030" VPOS="3926" WIDTH="106" />
<SP HEIGHT="36" HPOS="1137" VPOS="3961" WIDTH="35" />
<String CONTENT="[" CS="1" />
<String CONTENT="c" HEIGHT="24" HPOS="1191" STYLE="superscript" VPOS="3933" WIDTH="19" />
<String CONTENT="1935]" HEIGHT="69" HPOS="1215" VPOS="3929" WIDTH="152" />
</TextLine>
</TextBlock>
</PrintSpace>
</Page>
</Layout>
</alto>