2526 4384
1116 4046 97 52 175

229 507 29 39 4
287 518 43 37 p.
394 537 9 17 l.,
432 505 174 41 15-204
635 516 43 37 p.
738 505 189 40 facsim.
987 504 146 40 21½cm.

234 564 66 34 An
334 564 204 39 account
566 562 52 40 of
646 564 81 38 the
755 560 219 42 author’s
1004 560 308 48 experiences
1342 561 64 47 in,
1438 560 96 39 and
1564 569 173 38 escape
1761 560 144 47 from,
1937 561 81 39 the
161 569 1976 92 concentration
461 630 138 36 camp
630 622 51 37 at
715 617 349 47 Oranienburg.

162 677 51 52 ©
242 679 108 41 Feb.
378 681 39 47 7,
444 678 114 41 1935;
615 678 65 40 2c.
710 679 96 38 and
834 676 80 41 aff.
946 677 110 39 Feb.
1085 677 81 46 11;
1197 677 42 38 A
1267 676 170 46 79612;
1469 675 164 48 Reilly
1657 675 37 40 &
1720 675 96 40 Lee
1841 686 66 29 co.

235 736 250 49 (35-2987)

158 823 1995 68 Selected references in education, 1934 … Chicago, Ill., The
222 902 336 69 University
589 903 62 52 of
682 902 251 68 Chicago
968 936 13 33 [
984 908 20 21 c
1008 905 132 49 1935
1147 934 12 34 ]

223 977 66 47 ix,
323 976 88 41 189
442 988 41 37 p.
547 976 58 39 24
607 979 45 20 cm
657 1009 8 8 .
731 976 193 39 annual.
1003 975 431 48 (Supplementary
1470 974 310 42 educational
1817 975 339 48 monographs,

158 1035 106 48 pub.
296 1034 52 39 in
379 1032 315 49 conjunction
723 1033 120 40 with
876 1033 81 39 the
991 1033 171 39 School
1194 1032 180 40 review
1404 1033 97 38 and
1532 1032 85 39 the
1647 1033 313 47 Elementary
1995 1034 162 39 school

156 1092 209 47 journal,
394 1101 75 30 no.
498 1090 110 47 142)

230 1148 294 48 “Reprinted
574 1148 129 39 from
756 1148 84 39 the
891 1146 171 41 School
1116 1145 176 41 review
1346 1147 96 38 and
1494 1147 85 39 the
1629 1146 315 48 Elementary
1995 1148 166 39 school

154 1204 238 49 journal.”

163 1258 54 53 ©
244 1263 111 40 Feb.
383 1261 70 48 27,
483 1260 114 41 1935;
656 1260 67 40 2c.
754 1260 96 40 and
879 1259 82 41 aff.
993 1260 120 39 Mar.
1143 1258 83 48 22;
1259 1259 41 39 A
1331 1259 170 47 82110;
1536 1258 283 49 University
1849 1260 53 40 of
1933 1257 224 51 Chicago.

157 1410 260 65 Shelton,
447 1409 305 56 Whitford
781 1410 256 55 Huston.

228 1483 1865 71 Minimum essentials of French, by Whitford H. Shelton …
161 1565 135 55 Rev.
328 1565 84 54 ed.
487 1566 139 52 New
657 1565 179 67 York,
865 1564 450 68 Prentice-Hall,
1345 1564 125 68 inc.,
1503 1569 152 49 1935.

227 1639 116 48 xvii,
373 1638 87 42 198
488 1649 42 39 p.
590 1638 58 40 19
649 1641 44 21 cm
697 1669 10 10 .

231 1696 214 41 “Fourth
473 1694 231 50 printing,
734 1696 236 46 January,
1000 1693 157 41 1935.”

164 1750 1800 52 © Feb. 5, 1935; 2c. and aff. Feb. 14; A 80413; Prentice-Hall, inc.
240 1809 250 50 (35-3000)

159 1898 236 67 Smiley,
425 1901 165 52 Dean
619 1898 302 65 Franklin,
953 1904 170 50 1895-

231 1975 1926 70 Community hygiene, by Dean Franklin Smiley … and
159 2054 1976 146 Adrian Gordon Gould … Rev. ed. New York, The Macmillan company, 1935.
231 2206 85 41 xiv
347 2217 57 37 p.,
438 2207 25 39 1
519 2238 24 15 l.,
576 2207 87 40 369
696 2218 42 36 p.
798 2207 164 47 front.,
996 2206 142 48 illus.,
1174 2206 156 40 tables
1359 2206 49 48 (1
1442 2206 145 48 fold.)
1631 2207 180 47 diagrs.
1870 2207 58 40 20
1929 2209 44 22 cm
1978 2239 9 9 .

233 2263 163 41 “First
422 2263 183 40 edition
632 2263 256 48 published
916 2263 234 48 January,
1180 2262 157 41 1929.”

234 2321 378 48 “Bibliography
644 2322 96 38 and
774 2319 300 42 references”
1108 2322 53 39 at
1190 2321 93 40 end
1316 2320 51 41 of
1399 2320 120 41 each
1549 2321 215 47 chapter.

165 2373 51 52 ©
239 2378 106 39 Jan.
371 2379 40 46 8,
436 2377 142 48 1935;
604 2378 65 40 2c.
696 2379 96 38 and
817 2377 80 41 aff.
925 2378 109 39 Jan.
1060 2376 54 49 9;
1140 2378 43 39 A
1207 2377 142 41 79112;
1406 2378 284 41 Macmillan
1716 2391 65 28 co.

240 2434 250 49 (35-3071)

162 2525 274 66 Sokoloff,
466 2525 237 54 Natalie
733 2526 67 56 B.

237 2600 76 56 So
357 2602 153 54 brief
556 2603 95 54 the
699 2622 179 48 years,
926 2603 75 67 by
1048 2602 227 54 Natalie
1325 2606 66 52 B.
1443 2604 271 55 Sokoloff.
1791 2607 137 51 New
1979 2609 179 53 York.

165 2680 187 69 Dodd,
377 2682 172 54 Mead
576 2685 45 50 &
646 2700 296 48 company,
972 2686 147 49 1935.

235 2753 464 48 2 p. l., 475 p. 21cm.
166 2806 51 52 ©
244 2811 108 40 Feb.
381 2812 39 46 6,
447 2810 141 47 1935;
619 2811 65 40 2c.
714 2812 110 40 Feb.
853 2813 53 45 7;
936 2810 80 41 aff.
1047 2812 109 39 Feb.
1186 2812 52 41 8;
1268 2813 42 38 A
1336 2812 170 47 80575;
1537 2813 154 47 Dodd,
1720 2814 143 39 Mead
1891 2814 36 40 &
1954 2826 83 36 co.,
2067 2814 88 40 inc.

242 2866 249 49 (35-3050)

163 2941 195 67 Stead,
388 2943 322 65 Christina,
741 2949 170 50 1902-

237 3019 1915 70 Seven poor men of Sydney, by Christina Stead … New
170 3096 175 69 York,
382 3098 256 66 London,
676 3101 70 50 D.
789 3098 576 70 Appleton-Century
1404 3119 296 50 company,
1740 3101 417 70 incorporated,

170 3178 147 51 1935.

237 3249 48 39 vi
310 3260 57 37 p.,
395 3250 23 38 1
469 3281 23 15 l.,
519 3250 86 39 369
632 3261 42 37 p.
735 3251 116 39 20cm.

169 3301 49 52 ©
245 3306 107 40 Feb.
379 3306 70 47 25,
473 3307 113 41 1935;
640 3307 66 40 2c.
735 3308 108 39 Feb.
870 3309 82 45 27;
979 3308 79 40 aff.
1087 3309 108 39 Feb.
1222 3308 83 47 28;
1333 3310 42 38 A
1400 3309 171 47 79859;
1599 3311 56 38 D.
1682 3310 477 51 Appleton-Century

234 3374 80 37 co.,
342 3364 89 40 inc.
503 3364 250 48 (35-3048)

164 3435 231 68 Sutton,
425 3437 258 57 Richard
713 3440 356 66 Lightburn,
1100 3444 169 53 1878-

233 3514 1924 72 Diseases of the skin, by Richard L. Sutton … and Richard L.
169 3589 1988 77 Sutton, jr. … with 1,310 illustrations, and 11 colored plates.
168 3669 95 51 9th
297 3671 102 65 ed.,
434 3689 113 35 rev.
583 3674 114 52 and
731 3673 107 52 enl.
916 3672 82 55 St.
1035 3672 191 70 Louis,
1260 3675 121 51 The
1418 3673 62 55 C.
1515 3676 69 52 Y.
1621 3675 205 68 Mosby
1861 3695 298 50 company,

170 3748 147 50 1935.

238 3818 858 53 1433 p. illus., XI col. pl. 25 cm .
239 3874 223 42 Includes
498 3877 362 42 “References”.

175 3925 50 52 ©
249 3931 108 40 Jan.
383 3931 40 50 2,
451 3933 116 42 1935;
621 3935 64 40 2c.
715 3937 110 38 Jan.
851 3935 54 48 9;
937 3937 80 40 aff.
1049 3937 108 40 Jan.
1187 3939 26 40 8;
1269 3939 42 38 A
1339 3939 170 48 78948;
1541 3939 48 42 C.
1617 3939 54 40 V.
1703 3939 168 42 Mosby
1897 3951 68 30 co.

247 3987 248 50 (35-3073)
