2424 4375
1220 4078 132 48 1112

306 537 1986 66 mitarbeit von dr. ing. Ernst Krause … [u. a.] mit etwa 1500
307 614 400 67 abbildungen.
792 613 81 69 lfg.
902 619 44 48 5.
1009 613 257 68 Leipzig,
1294 614 138 55 Otto
1461 613 240 70 Spamer
1726 615 213 67 vertag,
1964 633 51 50 g.
2041 633 72 35 m.
2141 616 50 52 b.
2218 615 75 68 h.,

305 696 148 50 1934.

374 765 284 46 cover-title,
686 764 202 41 385-477
917 775 42 38 p.
1019 764 142 48 illus.,
1191 764 179 48 diagrs.
1427 765 56 40 25
1486 767 44 21 cm
1534 796 9 9 .

303 832 1975 109 © Dec. 39, 1934; 1c. Sept. 3, 1935 ; A-Foreign 29119; Otto Spamer vertag, g. m. b. h.
303 993 470 68 Knapp-Fisher,
803 996 232 53 Hubert
1065 994 252 67 Clinton,
1350 1001 171 50 1899-

373 1071 120 54 The
529 1072 180 53 world
744 1071 62 53 of
841 1077 217 63 nature,
1093 1071 75 69 by
1203 1074 75 51 H.
1319 1071 61 55 C.
1414 1070 475 71 Knapp-Fisher;
1929 1072 139 53 with
2105 1090 71 34 an
304 1072 1965 130 introduction

667 1148 1628 69 by E. W. MacBride … and illustrations of more
303 1227 140 52 than
485 1228 99 49 500
623 1225 180 54 forms
840 1226 63 52 of
940 1226 107 53 life
1081 1226 75 69 by
1196 1226 150 54 Joan
1385 1226 299 53 Harrison.
1757 1227 254 68 London,
2049 1225 70 55 V.

302 1225 1968 147 Gollancz,
503 1303 121 67 ltd.,
653 1307 150 48 1935.

372 1374 27 39 2
425 1385 43 38 p.
531 1406 8 16 l.,
567 1374 85 40 512
675 1386 44 37 p.
780 1375 127 40 illus.
966 1375 117 40 19cm.

308 1445 1987 53 © 1c. July 24, 1935; A ad int. 20443: pubd. May 27; H. C. Knapp-
373 1506 186 47 Fisher,
590 1506 211 40 London.
872 1506 278 48 (35-13533)

306 1609 184 62 Koch,
519 1610 231 62 Adolph
779 1611 222 61 Meyer.

438 1684 1854 71 … The limits of learning ability in cebus monkeys; from
304 1762 94 53 the
430 1763 236 53 Animal
699 1765 327 67 laboratory
1059 1764 64 53 of
1154 1764 95 52 the
1283 1766 378 65 Department
1693 1764 63 52 of
1788 1766 364 68 psychology,
304 1764 1964 130 Columbia

543 1840 333 70 university,
902 1842 75 68 by
1002 1843 237 67 Adolph
1266 1844 195 66 Meyer
1488 1842 182 54 Koch.
1742 1844 334 67 Worcester,
2103 1844 189 67 Mass.,

305 1919 178 55 Clark
513 1918 335 70 university,
880 1927 18 21 c
904 1925 148 49 1935.

375 1992 1870 50 p. [103]-234. illus. 24½ cm . (Genetic psychology monographs …
305 2052 86 38 vol.
421 2060 117 31 XVII.
568 2061 74 29 no.
669 2050 51 47 3)

373 2106 348 42 “References”
741 2117 9 29 :
784 2118 42 37 p.
856 2105 214 42 231-232.

305 2173 53 53 ©
386 2179 116 46 July
530 2177 69 47 10,
627 2177 139 47 1935;
799 2178 66 39 2c.
895 2177 114 41 July
1038 2177 81 46 15;
1152 2177 82 39 aff.
1264 2177 116 47 July
1410 2177 80 41 13;
1523 2177 39 39 A
1592 2175 169 47 85049;
1797 2177 147 40 Clark
2008 2176 94 40 univ.

387 2235 279 47 (35-13389)

304 2337 330 65 Lightfoot,
665 2338 220 53 Robert
916 2339 224 63 Henry,
1176 2343 169 49 1883-

369 2413 243 69 History
639 2413 114 53 and
779 2413 437 68 interpretation
1244 2413 59 52 in
1333 2412 93 53 the
1456 2412 257 69 Gospels,
1740 2414 74 68 by
1845 2412 213 54 Robert
2087 2413 203 69 Henry

300 2489 1984 69 Lightfoot … London, Hodder and Stoughton limited [1935]
369 2565 114 39 xvii,
515 2563 86 41 236
628 2573 43 37 p.
730 2563 57 38 22½
819 2565 44 21 cm
867 2595 6 8 .
946 2563 122 48 (The
1099 2562 240 48 Bampton
1374 2563 219 47 lectures,
1623 2561 137 48 1934)

305 2631 1986 52 © 1c. July 22, 1935; A ad int. 20419; pubd. May 26; Harper & bros.,
376 2692 119 40 New
522 2693 142 39 York.
736 2691 278 47 (35-13105)

302 2791 215 65 Lodge,
546 2794 201 63 Edgar
772 2793 249 64 Arthur,
1050 2798 170 49 1894-

367 2872 56 51 A
443 2878 295 60 mortgage
763 2870 245 68 analysis
1026 2890 10 46 ;
1064 2890 31 33 a
1118 2871 401 68 twenty-eight
1540 2889 134 50 year
1696 2872 196 51 record
1915 2870 64 53 of
2000 2870 93 53 the
302 2876 1966 138 mortgages

504 2948 62 53 of
598 2950 186 51 Home
813 2949 126 52 title
968 2949 298 52 insurance
1301 2967 295 49 company,
1632 2952 323 64 1906-1934,
1984 2950 74 66 by
2092 2949 198 68 Edgar

306 3027 1958 129 A. Lodge … with foreword by Louis H. Pink … and comments
530 3104 1697 67 by Philip A. Benson … and James Lee Loomis …
305 3182 329 65 [Brooklyn,
662 3183 186 51 Home
873 3182 125 52 title
1027 3187 285 62 guaranty
1339 3199 295 51 company,
1665 3185 150 64 1935]

374 3253 934 48 ix, 81 , xi-xx p., 1 l. diagrs. 23 cm .
379 3309 1909 50 “Of this book there were printed … five thousand copies for private
303 3366 357 40 distribution.”

304 3418 52 52 ©
383 3422 115 47 July
522 3423 68 46 26,
618 3421 115 41 1935
749 3434 8 35 ;
786 3422 67 40 2c.
879 3424 95 38 and
1004 3422 81 40 aff.
1113 3422 116 48 July
1254 3422 58 41 30'
1328 3433 6 35 ;
1366 3423 39 38 A
1433 3423 169 46 84784;
1633 3423 153 38 Home
1816 3422 108 41 title
1950 3424 241 46 guaranty
2220 3431 66 32 co.

384 3478 277 49 (35-13249)

306 3580 199 61 Luxel,
536 3581 235 54 Claude.

433 3656 1843 67 … Permis d’inhumer, roman inédit. [Nice, Paris, etc.]
301 3733 265 52 Editions
604 3732 306 67 “Optima”
952 3737 171 63 [1935]

299 3803 1967 104 2 p. l. , [7]-247 p., 3 l. 18 cm . (Added t.-p.: Les chefs-d’œuvre du roman policier)
301 3912 1980 52 © Mar. 25, 1935; 1c. July 17 ; A-Foreign 28542; Lucien Henri Riffard,
368 3972 116 40 Nice
528 3973 484 47 (Alpes-Maritimes)
1057 3973 198 39 France.
1328 3971 277 48 (35-13217)
