2568 4342
1174 4059 66 55 87

209 418 328 65 Homburg,
565 419 241 55 Robert.

285 491 1862 72 Legal rights of performing artists, by R. Homburg …
211 571 314 55 translated
579 572 113 54 and
746 574 308 52 annotated
1105 573 261 68 together
1418 572 139 54 with
1611 591 72 34 an
1737 574 344 66 addendum,
2134 573 73 68 by

210 648 1998 71 Maurice J. Speiser … New York, Baker, Voorhis & company,
215 732 147 52 1934.

282 801 81 50 vii,
391 802 87 41 184
503 813 44 37 p.
606 801 54 41 23½
694 804 44 21 cm
743 836 9 10 .

283 858 257 42 “Author’s
569 857 393 50 bibliography”:
996 869 42 37 p.
1068 857 217 42 181-184.

213 913 52 52 ©
294 917 108 40 Jan.
431 918 40 46 7,
499 915 141 49 1935;
669 917 68 39 2c.
767 917 96 39 and
893 915 81 41 aff.
1006 917 109 39 Jan.
1144 916 83 47 18;
1258 916 42 39 A
1328 915 170 48 79248;
1532 915 220 41 Maurice
1780 916 42 40 J.
1857 915 205 49 Speiser,
2092 917 119 39 New

277 974 143 40 York.
493 972 250 50 (35-1944)

207 1075 252 66 Hunter,
486 1076 174 65 John,
692 1080 171 51 1891-

211 1154 1995 131 … The white phantom. New York, H. Smith and R. Haas, 1935.
281 1305 27 40 3
332 1314 42 37 p.
435 1336 10 15 l.,
472 1304 171 41 11-323
669 1315 43 37 p.
773 1306 85 39 col.
883 1305 164 48 front.,
1074 1304 129 41 illus.
1263 1304 55 41 19½c
1367 1306 28 21 m
1399 1336 10 9 .

280 1361 365 41 “Illustrations
676 1363 61 46 by
766 1362 169 48 Henry
967 1361 255 42 Suskind.”

212 1416 52 52 ©
301 1421 109 40 Feb.
446 1420 42 47 4,
522 1419 141 48 1935;
701 1419 65 41 2c.
806 1420 109 40 Feb.
953 1419 53 48 2;
1045 1419 81 40 aff.
1165 1419 111 41 Feb.
1314 1419 53 48 5;
1407 1420 44 39 A
1485 1419 171 48 80340;
1695 1418 244 42 Harrison
1979 1418 161 43 Smith
2174 1420 37 40 &

279 1477 182 40 Robert
487 1478 152 47 Haas,
668 1477 90 40 inc.
829 1475 251 51 (35-1941)

205 1578 251 67 Ireland,
484 1582 137 51 Mrs.
652 1581 227 52 Norma
908 1578 193 67 (Olin)
1140 1580 173 55 1907-

281 1656 120 55 The
437 1654 222 70 picture
695 1657 92 53 file
823 1656 60 53 in
921 1658 207 67 school,
1166 1657 228 68 college,
1431 1658 113 52 and
1585 1656 193 68 public
1815 1656 281 69 libraries,
2132 1660 74 65 by

208 1733 1999 71 Norma Olin Ireland … Boston, The F. W. Faxon company,
211 1817 151 52 1935.

278 1887 56 40 89
369 1896 42 38 p.
472 1884 128 43 illus.
660 1885 55 40 22
719 1889 44 21 cm
768 1918 8 7 .
847 1884 300 50 (Half-title:
1181 1885 174 41 Useful
1388 1885 247 42 reference
1669 1885 165 44 series,
1892 1895 76 32 no.
2002 1886 81 49 52)

280 1943 134 41 “List
439 1944 51 39 of
516 1945 188 47 picture
732 1943 291 49 headings”:
1054 1954 42 37 p.
1123 1943 157 42 26-73.

210 1997 1997 53 © Jan. 11, 1935; 1c. Jan. 14; 1c. Jan. 25; aff. Jan. 17; A 80218; F. W.
277 2060 169 39 Faxon
477 2071 66 28 co.
615 2058 250 49 (35-1946)

205 2159 197 68 Irwin,
427 2164 138 52 Mrs.
594 2164 135 51 Inez
760 2162 304 65 (Haynes)
1101 2162 171 55 1873-

281 2238 238 54 Murder
560 2238 385 69 masquerade,
986 2239 74 67 by
1103 2237 134 53 Inez
1279 2237 236 68 Haynes
1560 2237 194 52 Irwin.
1848 2236 137 53 New
2030 2235 178 68 York,

213 2316 74 53 H.
321 2314 189 55 Smith
538 2317 45 50 &
613 2315 67 53 R.
712 2315 177 67 Haas,
922 2317 148 50 1935.

278 2387 70 39 vii
375 2398 58 37 p.,
462 2386 26 40 1
551 2418 9 15 l.,
588 2386 143 41 9-313
759 2398 44 37 p.
862 2386 146 41 19½cm.

278 2444 148 39 Plans
454 2454 62 29 on
545 2444 362 47 lining-papers.

211 2500 52 52 ©
296 2504 97 40 Jan
439 2504 70 47 28,
541 2502 117 42 1935;
718 2502 66 41 2c.
821 2504 110 39 Feb.
965 2503 53 48 2;
1057 2502 80 41 aff.
1173 2504 108 39 Jan.
1318 2502 82 48 29;
1438 2504 42 39 A
1514 2503 170 48 80309;
1722 2505 36 38 I.
1845 2535 8 8 H.
1891 2503 166 48 Irwin,
2090 2504 117 40 New

276 2562 144 39 York.
491 2560 251 49 (35-1829)

204 2649 253 65 Jerome,
483 2649 218 64 Harry.

273 2726 463 53 Mechanization
764 2727 62 52 in
858 2726 268 68 industry
1180 2726 93 68 [by]
1309 2727 201 66 Harry
1541 2727 243 54 Jerome.
1852 2727 141 53 New
2024 2726 181 67 York,

205 2803 272 55 National
505 2806 214 51 bureau
748 2804 64 53 of
841 2805 282 52 economic
1152 2804 275 65 research,
1461 2806 150 51 1934.

277 2877 133 48 xxxi,
436 2876 88 41 484
549 2887 43 37 p.
648 2876 179 48 diagrs.
881 2874 148 42 23½cm.
1096 2874 300 50 (Half-title:
1424 2874 332 42 Publications
1784 2874 54 42 of
1864 2875 83 41 the
1973 2875 232 41 National
209 2931 183 42 bureau

413 2934 53 39 of
485 2933 244 41 economic
749 2934 239 44 research,
1013 2933 105 45 inc.,
1143 2942 76 32 no.
1245 2932 80 49 27)

277 2988 246 43 “Selected
553 2988 394 49 bibliography”:
980 2998 45 40 p.
1055 2988 219 42 463-466.

212 3044 52 52 ©
300 3049 109 40 Jan.
445 3049 41 47 3,
523 3048 142 47 1935;
703 3048 66 40 2'c.
809 3048 109 40 Jan.
958 3048 82 46 16;
1082 3047 80 40 aff.
1202 3048 109 39 Jan.
1351 3047 82 47 17;
1472 3048 42 39 A
1552 3048 170 47 80013;
1763 3048 116 40 Natl.
1930 3049 185 39 bureau
2153 3050 53 39 of

276 3105 243 41 economic
548 3106 238 46 research,
818 3104 91 41 inc.
980 3103 251 50 (35-1986)

204 3195 227 67 Keeler,
459 3197 202 64 Harry
685 3194 281 67 Stephen,
995 3199 173 50 1890-

277 3275 120 54 The
426 3275 108 52 five
561 3273 171 55 silver
759 3273 295 67 Buddhas,
1079 3293 31 33 a
1137 3278 252 62 mystery
1413 3273 182 66 novel,
1620 3274 75 66 by
1722 3275 199 65 Harry
1950 3274 248 68 Stephen

208 3350 1636 69 Keeler. New York, E. P. Dutton & co., inc. [ c 1935]
276 3425 86 42 281
389 3436 43 37 p.
492 3425 56 41 19½c
596 3428 28 21 m
630 3458 8 8 .

280 3482 162 41 “First
470 3481 225 41 edition.”

212 3536 52 52 ©
288 3541 109 39 Feb.
424 3541 38 47 1,
490 3540 116 40 1935;
657 3539 66 41 2c.
750 3540 96 39 and
871 3537 82 41 aff.
981 3537 109 40 Feb.
1116 3537 26 39 2;
1199 3537 42 39 A
1265 3536 170 48 80358;
1465 3537 52 39 E.
1546 3537 50 39 P.
1624 3537 190 40 Dutton
1839 3548 82 38 co.,
1949 3539 90 40 inc.

288 3596 249 49 (35-2098)

206 3685 249 67 Lamed,
484 3685 209 55 Albert
723 3685 172 63 Cecil,
925 3690 172 50 1883-

281 3764 119 51 The
431 3761 122 56 first
582 3762 145 52 book
757 3761 63 55 of
851 3761 250 64 Psalms;
1134 3759 366 53 meditations
1532 3777 70 34 on
1629 3759 96 53 the
1758 3757 123 56 first
1914 3759 290 71 forty-one

214 3835 1964 136 psalms of the Psalter, by Albert C. Larned … with an introduction
464 3918 74 60 by
563 3917 95 53 the
681 3917 219 61 Bishop
927 3915 63 52 of
1014 3914 291 54 Vermont.
1381 3913 138 53 New
1547 3912 179 66 York,
1752 3914 67 53 E.
1847 3914 57 55 S.
1933 3915 270 63 Gorham,

213 3995 125 67 inc.,
375 3997 151 50 1934.
