2424 4375
1253 4062 133 50 1422

346 441 336 63 Stockford,
711 440 175 56 Clark
913 441 61 56 C.

407 515 374 69 Wordology,
823 515 126 54 “the
990 515 348 69 vocabulary
1375 516 290 69 builder”;
1708 535 31 34 a
1780 516 309 70 simplified
2130 522 209 65 system

341 591 95 54 for
467 593 95 53 the
597 593 414 68 improvement
1046 593 64 53 of
1146 595 199 67 speech
1379 593 251 70 through
1667 613 75 34 an
1776 593 289 56 increased
340 595 1976 144 vocabulary,

509 669 1830 74 by Clark C. Stockford … New York, N. Y., Wordology
338 748 508 68 associates [ c 1935]
412 820 71 50 76,
515 822 55 51 [4]
596 832 44 38 p.
670 821 108 42 incl.
806 821 142 41 form.
1006 820 57 42 25½
1096 823 44 22 cm
1144 857 9 8 .

413 878 160 40 Blank
597 888 147 39 pages
771 878 79 39 for
875 877 372 42 “Memoranda”
1284 876 83 53 ([4]
1394 879 54 40 at
1470 879 116 49 end)

345 946 1994 55 © Sept. 9, 1935 ; 2c. Sept. 14 ; aff. Sept. 24 ; A 87248 ; C. C. Stockford,
411 1008 308 46 Larehmont,
747 1007 57 39 N.
833 1007 52 39 Y.
957 1006 280 47 (35-19250)

344 1110 278 65 Swisher,
651 1112 135 54 Carl
813 1112 203 63 Brent,
1045 1112 172 55 1897-

414 1190 191 67 Roger
639 1191 67 52 B.
743 1191 212 65 Taney,
989 1189 75 68 by
1102 1189 135 56 Carl
1274 1191 183 52 Brent
1492 1188 265 56 Swisher.
1828 1191 138 54 New
2003 1192 179 67 York,
2218 1194 120 53 The

342 1265 332 54 Macmillan
703 1283 294 50 company,
1029 1267 149 50 1935.

444 1335 1553 53 x p., 2 l., 608 p. front., illus. (facsim.) pi., ports. 24 cm .
412 1394 377 48 Bibliography:
824 1405 43 37 p.
897 1392 217 42 591-598.

343 1464 1621 53 © Oct. 8, 1935 ; 2c. and aff. Oct. 9 ; A 87541 ; Macmillan co.
421 1524 280 49 (35-19101)

341 1628 238 64 Thoms,
606 1628 276 63 Herbert,
915 1631 171 51 1885-

413 1701 1921 75 The obstetric pelvis, by Herbert Thoms … with drawings
341 1783 114 52 and
488 1782 395 68 photographs
914 1782 77 68 by
1022 1782 97 52 the
1153 1782 221 52 author.
1450 1780 333 68 Baltimore,
1815 1784 122 52 The
1968 1783 289 57 Williams
2289 1789 46 50 &

339 1860 251 56 Wilkins
619 1877 295 50 company,
948 1862 151 52 1935.

412 1933 66 48 ix,
509 1931 86 42 115
622 1943 44 37 p.
726 1931 129 42 illus.
914 1931 56 41 23½
1002 1933 45 23 cm
1051 1963 10 10 .

412 1987 377 51 Bibliography:
823 2000 44 37 p.
898 1987 218 43 108-111.

339 2058 1995 53 © Sept. 24, 1935 ; 2c. and aff. Oct. 8; A 86615; Williams & Wilkins co.
417 2118 281 48 (35-19265)

338 2222 222 66 Tilden,
588 2221 317 65 Josephine
936 2221 326 58 Elizabeth.

406 2300 121 52 The
555 2297 185 69 Algae
770 2297 112 55 and
911 2297 150 54 their
1090 2296 105 55 life
1223 2295 271 55 relations
1510 2315 12 49 ;
1554 2296 428 55 fundamentals
2010 2298 64 53 of
335 2297 1972 149 phycology,

493 2372 1837 73 by Josephine E. Tilden … London, H. Milford, Oxford
335 2454 318 68 university
682 2470 184 52 press;
899 2451 403 70 Minneapolis,
1333 2451 202 69 Minn.,
1568 2453 120 54 The
1719 2451 337 71 University
2086 2454 64 52 of
333 2453 1974 133 Minnesota
557 2550 175 50 press,
762 2534 150 51 1935.

407 2606 70 40 xii
503 2618 60 37 p.,
587 2607 23 38 1
673 2636 10 17 l.,
708 2605 88 41 550
819 2617 43 37 p.
921 2604 165 49 front.,
1112 2604 144 48 illus.,
1281 2604 180 48 diagrs.
1519 2603 58 40 24
1578 2606 44 22 cm
1627 2636 9 9 .

337 2672 53 53 ©
424 2677 101 40 Oct.
559 2678 40 45 5,
633 2676 113 40 1935
765 2687 8 35 ;
808 2675 64 41 2c.
909 2676 100 40 Oct.
1044 2676 55 38 21
1118 2686 8 36 ;
1162 2674 80 40 aff.
1278 2675 102 40 Oct.
1413 2674 57 40 19
1486 2685 9 36 ;
1532 2676 42 38 A
1606 2675 145 41 86886
1766 2686 9 36 ;
1811 2674 281 50 University
2126 2677 52 39 of
403 2676 1908 103 Minnesota,
615 2732 336 47 Minneapolis.
1022 2731 279 48 (35-28322)

337 2834 70 54 U.
438 2835 57 53 S.
572 2835 405 53 Constitution.

408 2911 120 51 The
561 2908 388 56 Constitution
980 2911 64 52 of
1075 2912 95 52 the
1201 2910 217 55 United
1452 2910 187 55 States
1671 2910 63 54 of
1764 2909 281 55 America.
335 2909 1965 147 [Baltimore,
535 2990 69 53 N.
635 2991 64 52 T.
728 2990 71 53 A.
828 2989 263 67 Munder,
1121 2992 151 63 1935]

408 3065 1390 49 cover-title, 1 p. l., facsim : 5 l. 1 illus. 42½ × 32 cm .
409 3124 168 39 Issued
611 3122 49 40 in
693 3124 240 47 envelope.

410 3179 129 39 “The
572 3178 107 41 first
714 3179 204 40 reduced
952 3178 242 41 facsimile
1225 3177 48 40 in
1307 3177 173 48 legible
1514 3177 125 40 form
1676 3178 139 39 made
1848 3178 94 39 and
1979 3177 249 49 published
2265 3177 54 46 by

337 3234 215 41 Norman
577 3235 53 41 T.
657 3235 54 40 A.
741 3234 246 42 Münder.”
989 3235 211 40 —Verso
1228 3234 53 41 of
1306 3233 184 49 prelim,
1519 3234 114 41 leaf.

407 3291 76 39 An
528 3289 253 43 historical
830 3291 182 48 sketch,
1060 3291 127 41 “The
1235 3290 329 41 Constitution
1611 3290 53 40 of
1709 3290 81 40 the
1838 3288 175 43 United
2065 3290 162 40 States
2271 3287 48 40 of

337 3346 265 49 America”,
631 3347 60 48 by
719 3348 44 40 J.
793 3347 51 42 F.
873 3348 228 40 Jameson
1119 3357 10 30 :
1159 3346 186 50 prelim,
1372 3346 115 42 leaf.

335 3414 1984 53 © May 1, .1935; 2c. and aff. Sept. 21; A 86560 ; Norman Thompson
403 3475 187 40 Aeisler
631 3476 217 46 Münder,
889 3475 282 40 Baltimore.
1234 3474 279 49 [Copyright
1554 3474 41 39 is
1636 3473 204 40 claimed
1880 3484 62 29 on
1980 3471 338 43 introduction,

403 3532 60 47 by
495 3533 42 38 J.
571 3531 236 40 Franklin
839 3532 242 47 Jameson]
1153 3530 280 49 (35-19083)

334 3632 72 53 U.
433 3633 57 53 S.
564 3635 182 63 Laws,
772 3640 255 51 statutes,
1053 3640 99 46 etc.

404 3710 216 53 United
668 3711 186 55 States
903 3712 152 54 Code
1101 3710 326 66 annotated,
1470 3708 349 68 comprising
1861 3709 97 52 the
1999 3707 137 53 laws
2179 3704 62 53 of
2283 3724 30 33 a

335 3789 228 63 general
606 3788 112 51 and
761 3795 332 59 permanent
1132 3794 200 44 nature
1374 3788 60 51 in
1474 3788 155 50 force
1672 3788 260 63 January
1974 3788 48 62 3,
2066 3786 149 61 1935,
2256 3799 56 33 as

335 3864 298 52 contained
666 3866 59 50 in
760 3865 94 51 the
890 3865 155 55 Code
1076 3864 63 51 of
1172 3865 94 51 the
1299 3867 137 51 laws
1469 3864 62 52 of
1565 3865 94 51 the
1693 3862 216 55 United
1945 3860 203 62 States,
2183 3861 128 49 1934

334 3940 232 55 edition.
640 3943 158 65 Kept
845 3946 56 48 to
947 3943 130 51 date
1124 3943 74 65 by
1247 3939 342 54 cumulative
1637 3940 208 52 annual
1893 3938 200 63 pocket
2139 3940 168 63 parts.
