2424 4375
1156 4036 102 48 404

271 518 85 40 471
385 530 43 36 p.
485 517 60 41 28
544 520 44 22 cm
593 549 9 9 .

271 591 66 39 At
360 589 125 40 head
513 590 52 39 of
592 588 108 42 title:
757 589 201 41 Charles
987 589 242 40 Maurras.

204 642 1825 53 © June 10, 1935; 1c. Nov. 21; A-Foreign 27553; Cité des livres.
203 763 220 66 Meyer,
454 765 309 64 Fulgence,
790 766 213 67 father,
1032 763 172 55 1876-

275 856 149 54 Who
466 856 46 53 is
554 858 130 53 she?
765 858 55 52 A
862 856 231 55 treatise
1132 875 73 35 on
1246 858 97 53 the
1382 857 232 53 Blessed
1656 857 246 68 Mother,
1942 858 75 67 by
2059 860 135 53 Rev.

207 934 1990 73 Fulgence Meyer … Cincinnati, O., St. Francis book shop,
207 1017 150 51 1935.

273 1099 625 51 xii p., 1 l., 489 p. 17 cm .
261 1172 103 39 “An
397 1171 305 42 elaboration
734 1171 52 39 of
819 1181 216 30 sermons
1069 1169 157 42 which
1262 1171 83 40 the
1379 1171 180 40 author
1590 1173 239 47 preached
1865 1172 50 39 in
1949 1182 24 30 a
2012 1182 188 31 novena

204 1229 50 39 in
281 1231 154 38 honor
460 1229 54 40 of
540 1226 519 50 Mary.”—Foreword.

205 1296 53 53 ©
283 1302 121 38 Mar.
431 1300 71 47 18,
527 1299 114 41 1935;
695 1298 67 41 2c.
789 1300 121 38 Mar.
938 1298 55 39 21;
1049 1298 82 40 aff.
1160 1298 120 40 Mar.
1307 1298 82 47 20;
1418 1299 41 38 A
1486 1298 141 41 82031;
1687 1297 294 43 Franciscan
2008 1301 194 41 fathers

275 1358 52 39 of
352 1359 84 38 the
460 1356 228 49 province
712 1356 52 41 of
793 1356 67 41 St.
888 1355 128 40 John
1045 1357 83 41 the
1155 1354 209 50 Baptist,
1393 1355 290 42 Cincinnati.

284 1413 252 50 (35-4714)

204 1516 690 66 Meyer-D ö hner, Kurt.
280 1609 75 54 So
390 1609 75 52 ist
498 1607 90 53 die
620 1607 246 67 marine;
903 1606 411 54 kreuzfahrten
1351 1607 181 53 durch
1568 1604 93 55 die
1693 1608 134 51 welt
1861 1607 100 52 der
206 1606 1971 147 reichsmarine,

507 1702 112 36 von
689 1684 503 68 kapitanleutnant
1262 1683 458 69 Meyer-Dohner
1789 1684 118 52 und
1977 1682 224 52 Rudolf

203 1765 250 53 Krohne.
529 1763 219 68 Berlin,
784 1761 198 57 Scherl
1023 1765 192 66 [c1934]

278 1852 84 40 123
396 1861 43 39 p.
499 1849 129 42 illus.
656 1848 134 49 (incl.
825 1858 150 40 maps,
1010 1848 205 49 facsim.,
1251 1847 178 50 music)
1472 1848 178 48 diagrs.
1710 1847 56 41 23
1768 1849 45 22 cm
1818 1878 9 10 .

278 1921 226 41 Includes
534 1930 144 38 songs
709 1919 121 41 with
860 1918 166 44 music.

207 1989 1992 53 © Sept. 20, 1934; 1c. Jan. 21, 1935; A-Foreign 26676; August Scherl,
276 2060 40 38 g.
347 2060 58 29 m.
436 2049 42 40 b.
507 2050 47 39 h.
624 2048 248 49 (35-4470)

207 2152 266 66 Morgan,
504 2153 212 54 Alfred
743 2152 230 65 Powell,
1006 2158 170 49 1889-

278 2228 268 70 Tropical
589 2228 164 55 fishes
797 2231 111 52 and
948 2231 164 52 home
1155 2229 262 69 aquaria;
1464 2248 31 34 a
1535 2229 274 68 practical
1852 2229 171 67 guide
2064 2234 59 48 to
2167 2247 33 34 a

209 2307 350 69 fascinating
586 2309 206 67 hobby,
821 2308 75 68 by
924 2307 212 55 Alfred
1166 2310 246 66 Morgan;
1473 2307 325 54 illustrated
1829 2307 138 53 with
210 2308 1963 146 photographs
452 2387 112 52 and
593 2385 287 69 drawings
907 2386 76 68 by
1009 2387 98 53 the
1132 2386 220 52 author.
1417 2387 139 52 New
1584 2385 179 67 York,
1793 2385 62 55 C.
1886 2383 311 56 Scribner’s

206 2483 147 49 sons,
381 2468 149 50 1935.

278 2549 1215 51 xvi p., 1 l., 254 p. front., illus., plates. 21 cm .
209 2619 53 53 ©
291 2623 121 39 Mar.
442 2621 39 48 8,
509 2620 113 42 1935;
679 2621 67 41 2c.
775 2622 97 40 and
899 2620 81 41 aff.
1011 2621 120 39 Mar.
1161 2620 56 40 25;
1273 2620 43 40 A
1342 2619 143 42 82127;
1545 2620 202 42 Charles
1779 2619 268 43 Scribner’s
2072 2631 126 31 sons.

289 2679 250 49 (35-4744)

210 2778 282 67 Moulton,
519 2780 221 54 Harold
770 2781 202 64 Glenn,
1004 2786 171 49 1883-

282 2859 122 52 The
441 2858 314 53 formation
792 2857 64 56 of
891 2858 231 68 capital,
1159 2859 75 67 by
1271 2858 226 53 Harold
1535 2858 68 55 G.
1641 2859 280 53 Moulton.
209 2858 1963 146 Washington,

452 2938 71 51 D.
554 2938 80 65 C.,
661 2938 123 52 The
810 2935 322 69 Brookings
1157 2937 346 67 institution,
1533 2939 150 50 1935.

280 3023 63 52 xi,
377 3022 86 41 207
495 3035 43 37 p.
602 3021 176 50 diagrs.
841 3022 55 40 21
899 3026 43 21 cm
948 3055 9 9 .
1029 3022 298 49 (Half-title:
1358 3024 105 40 The
1495 3023 232 40 Institute
1761 3023 54 40 of
1847 3022 266 42 economics
2148 3024 52 40 of

209 3081 85 40 the
316 3079 272 48 Brookings
612 3078 293 42 institution.
962 3079 306 41 Publication
1295 3089 74 31 no.
1397 3079 79 48 59)

284 3149 148 40 “This
463 3149 124 40 book
622 3150 42 39 is
701 3151 84 38 the
818 3149 131 41 third
986 3149 51 39 in
1072 3160 28 29 a
1136 3149 151 40 series
1324 3149 51 40 of
1409 3149 113 40 four
1558 3151 219 39 volumes
1809 3149 161 40 which
2005 3153 195 44 present

213 3207 83 40 the
323 3206 183 40 results
534 3206 51 39 of
615 3216 28 29 a
675 3207 146 47 study
853 3206 51 40 of
934 3206 82 40 the
1047 3204 330 41 Distribution
1408 3205 53 41 of
1490 3207 184 39 wealth
1704 3206 95 40 and
1832 3206 188 39 income
2048 3206 49 39 in
208 3216 1974 87 relation
392 3265 48 38 to
471 3261 243 42 economic
741 3261 592 49 progress.”—Director’s
1364 3262 208 48 preface.

283 3320 414 39 “Foreshadowed
724 3319 62 48 by
815 3319 82 40 the
924 3319 179 40 author
1129 3318 50 39 in
1209 3330 27 29 a
1268 3317 153 42 series
1447 3319 52 40 of
1527 3318 200 41 articles
1752 3317 254 49 published
2037 3319 49 38 in
2118 3318 80 40 the

210 3376 206 39 Journal
445 3375 51 41 of
523 3374 218 49 political
771 3386 226 37 economy
1026 3376 50 38 in
1105 3374 493 41 1918.”—Foreword.

213 3442 53 53 ©
295 3446 110 41 Feb.
434 3446 68 47 23,
532 3445 117 41 1935;
705 3445 66 41 2c.
803 3447 96 39 and
928 3445 81 41 aff.
1039 3446 112 48 Apr.
1185 3446 28 40 8;
1270 3447 43 38 A
1342 3446 144 41 81347;
1544 3446 271 48 Brookings
1846 3444 295 42 institution.

292 3502 280 49 (35-27075)

210 3604 235 63 Mowat,
473 3605 221 53 Robert
722 3604 286 66 Balmain,
1042 3611 170 49 1883-

284 3678 1908 70 Americans in England [by] R. B. Mowat … [Boston]
217 3756 314 68 Houghton
561 3755 204 55 Mifflin
796 3774 293 52 company,
1119 3758 149 51 1935.

284 3840 1001 50 vi p., 2 l., 284 p. front., ports. 21 cm .
215 3908 53 53 ©
292 3914 119 39 Mar.
437 3913 67 48 19,
532 3913 140 48 1935;
698 3913 66 41 2c.
793 3914 118 39 Mar.
939 3912 82 48 23;
1050 3913 82 41 aff.
1159 3915 121 39 Mar.
1306 3913 83 48 22;
1417 3914 41 38 A
1484 3912 169 48 82147;
1682 3914 54 40 R.
1765 3915 53 39 B.

1846 3915 192 45 Mowat,
282 3913 1896 104 Bristol,
392 3971 233 47 England.
696 3969 248 50 (35-4842)
