2424 4375
1053 4060 98 53 587

119 431 191 67 Clark,
344 434 256 54 Thomas
634 433 219 67 Curtis,
890 434 168 55 1877-
1270 452 179 50 comp.

192 508 122 55 One
341 509 260 53 hundred
628 527 189 50 poems
846 509 61 52 of
936 507 401 69 immortality;
1371 529 70 31 an
1472 508 326 69 anthology,
1827 510 275 67 compiled

122 585 71 69 by
221 585 246 54 Thomas
499 585 192 54 Curtis
722 585 173 55 Clark
926 584 112 53 and
1066 585 267 53 Winfred
1365 586 209 53 Ernest
1604 584 289 55 Garrison.
119 586 1957 144 Chicago,

300 662 135 52 New
467 662 177 66 York,
670 662 239 67 Willett,
937 662 174 55 Clark
1138 664 43 50 &
1210 680 293 51 company,
1532 665 151 52 1935.

188 747 586 48 4 p. l., 3-90 p. 19½ cm .
117 817 52 52 ©
198 822 108 39 Feb.
334 821 69 49 23,
433 820 116 42 1935;
602 820 65 41 2c.
696 824 112 46 Apr.
838 822 80 46 22;
952 822 79 39 aff.
1063 822 113 48 Apr.
1205 823 53 45 4;
1290 822 42 39 A
1358 821 169 47 82612;
1560 821 202 48 Willett,
1793 822 148 41 Clark
1973 823 36 39 &
2036 833 66 30 co.

194 878 250 48 (35-6704)

190 978 122 53 One
352 979 259 54 hundred
653 998 188 49 poems
883 981 64 53 of
992 999 191 49 peace;
1228 999 71 33 an
1342 979 326 70 anthology,
1708 979 279 69 compiled
2030 980 73 68 by

118 1056 244 55 Thomas
389 1056 192 55 Curtis
609 1057 173 54 Clark
807 1059 112 52 and
942 1058 271 54 Winfred
1238 1058 208 54 Ernest
1472 1056 288 55 Garrison.
1837 1056 268 70 Chicago,

118 1132 136 53 New
289 1132 177 69 York,
496 1133 242 65 Willett,
770 1134 173 54 Clark
974 1136 45 50 &
1050 1152 294 51 companjr,
1377 1137 150 49 1934.

185 1204 578 49 4 p. l ., 3-90 p. 19½cm.
115 1274 52 53 ©
193 1280 117 39 Nov.
335 1280 40 46 1,
401 1278 139 47 1934;
567 1281 66 38 2c.
660 1280 112 47 Apr.
799 1280 71 47 22,
894 1279 141 47 1935;
1065 1280 82 39 aff.
1174 1280 112 48 Apr.
1312 1281 54 46 4;
1394 1281 41 38 A
1462 1280 169 48 82611;
1661 1280 203 49 Willett,
1892 1280 150 41 Clark
2065 1282 40 39 &

184 1346 67 30 co.
321 1336 249 49 (35-6705)

116 1440 270 63 Conway,
418 1441 144 52 Paul
593 1441 324 62 Raymond.

182 1513 1855 72 Outline of the law of contracts, by Paul R. Conway …
112 1592 1610 62 Brooklyn, N. Y., Academy publications, inc. [ c 1935]
187 1665 134 48 xviii,
351 1666 84 40 491
467 1677 43 37 p.
569 1666 56 41 23½
658 1668 43 21 cm
706 1697 8 7 .

190 1735 176 40 “Table
393 1735 51 40 of
470 1735 162 41 cases”;
692 1747 29 37 p.,
763 1735 194 41 vii-xvi.

189 1792 176 39 “Table
389 1791 53 39 of
467 1793 210 39 statutes
706 1794 94 38 and
828 1791 137 41 other
993 1790 319 42 authorities”;
1372 1802 39 38 p.
1439 1790 269 42 xvii-xviii.

114 1857 52 52 ©
190 1862 120 39 Mar.
336 1861 69 41 15.
429 1861 113 40 1935;
595 1861 67 40 2c.
689 1862 112 46 May
826 1861 28 39 6;
904 1860 82 40 aff.
1013 1861 113 47 May
1152 1862 25 38 7;
1232 1860 41 39 A
1298 1859 141 41 81721;
1493 1861 244 47 Academy
1763 1860 337 48 publications,

181 1917 90 41 inc.
342 1917 247 49 (35-6715)

113 2023 226 63 Corpus
363 2023 172 63 juris.

182 2102 131 48 1935
344 2100 362 53 annotations
734 2106 59 47 to
826 2100 219 67 Corpus
1075 2100 163 66 juris,
1267 2100 256 52 contains
1554 2099 361 53 annotations
1947 2099 153 51 from

115 2177 76 53 all
227 2195 148 35 cases
415 2178 264 67 reported
715 2179 152 51 from
903 2181 263 63 January
1206 2184 45 59 1,
1293 2181 134 48 1934
1462 2183 59 49 to
1559 2178 262 66 January
1861 2179 47 64 1,
1949 2179 151 64 1935,

110 2255 463 68 supplementing
604 2257 95 52 the
734 2257 208 51 annual
977 2255 359 53 annotations
1375 2259 147 50 1934.
1593 2257 91 65 By
1717 2255 96 53 the
112 2252 1962 134 publisher’s

258 2333 264 55 editorial
562 2331 152 69 staff,
755 2335 179 51 under
976 2335 96 51 the
1111 2333 356 67 supervision
1509 2333 63 53 of
1612 2333 259 55 William
1912 2332 187 67 Mack,

112 2431 82 33 LL.
238 2432 66 45 D.,
347 2412 466 52 editor-in-chief.
892 2413 138 51 New
1073 2413 178 65 York,
1294 2412 123 52 The
1457 2411 305 53 American
1804 2413 110 50 law
1953 2411 146 52 book

110 2508 304 49 company;
446 2491 255 64 London,
730 2491 389 52 Butterworth
1146 2494 44 49 &
1217 2509 97 47 co.,
1344 2494 147 48 1935.

181 2564 63 46 xi,
271 2564 117 40 3037
411 2575 42 36 p.
507 2563 60 40 26
566 2565 45 21 cm
616 2595 8 7 .

114 2631 52 52 ©
202 2635 113 47 Apr.
352 2633 40 47 9,
430 2632 139 48 1935;
609 2632 66 40 2c.
714 2634 94 38 and
847 2630 81 42 aff.
966 2633 113 47 May
1117 2632 82 47 13;
1239 2632 41 39 A
1318 2631 169 48 81797;
1527 2631 159 40 Amer,
1725 2632 95 39 law
1858 2632 122 39 book
2016 2641 82 35 co.,

182 2691 257 46 Brooklyn.

112 2792 367 67 Culbertson,
509 2794 128 64 Ely,
670 2798 170 50 1891-

183 2869 382 54 Culbertson’s
594 2887 121 35 new
746 2870 112 53 and
886 2869 271 67 complete
1188 2887 288 49 summary
1506 2868 63 52 of
1598 2872 252 49 contract
1878 2867 219 68 bridge,

113 2945 1980 70 by Ely Culbertson … Philadelphia, Chicago, The John C.
112 3025 265 55 Winston
409 3044 293 48 company,
738 3031 147 48 1935.

184 3098 57 41 80
270 3109 42 37 p.
372 3098 57 39 15½
459 3100 43 21 cm
509 3131 8 8 .

185 3154 259 40 “Contract
474 3153 165 48 bridge
667 3153 217 48 scoring”
913 3155 94 39 and
1040 3153 181 40 “Index
1250 3153 79 39 for
1358 3153 144 47 quick
1534 3150 273 41 reference”
1838 3162 58 28 on
1929 3151 168 49 lining-

115 3222 186 37 papers.

187 3267 72 41 On
285 3277 140 30 cover;
481 3266 117 41 Bids
625 3268 95 39 and
747 3278 264 37 responses,
1037 3268 136 39 leads
1197 3267 98 40 and
1321 3267 126 48 play.

113 3335 52 52 ©
189 3339 119 39 Mar.
333 3337 69 48 28,
428 3337 115 41 1935;
594 3338 65 40 2c.
685 3338 111 48 Apr.
823 3338 82 47 25;
932 3336 81 42 aff.
1038 3338 112 48 Apr.
1178 3338 81 46 23;
1286 3337 41 40 A
1352 3337 169 47 81578;
1550 3336 128 41 John
1705 3336 48 41 G.
1781 3335 223 41 Winston
2029 3347 67 29 co.

192 3394 249 49 (35-6790)

114 3496 362 65 Cummings,
507 3497 251 54 Edward
789 3498 210 65 Estlin,
1032 3504 169 49 1894-

178 3572 88 53 No
294 3571 223 54 thanks.
605 3573 137 52 [New
772 3574 178 67 York,
981 3574 120 52 The
1133 3573 220 54 Golden
1387 3573 156 67 eagle
1572 3589 173 50 press,
1832 3574 118 62 c1935]

178 3643 1010 52 1 p. l., 71 (i. e. 77), p] p. 14½ × 19½ cm .
178 3700 126 41 Title
331 3701 126 39 from
486 3710 151 31 cover.

179 3755 124 42 Text
326 3767 117 29 runs
468 3758 205 45 parallel
697 3758 119 40 with
842 3758 122 40 back
987 3758 54 41 of
1065 3766 152 32 cover.

182 3810 160 41 “First
372 3814 139 38 trade
541 3813 181 39 edition
755 3825 59 27 on
843 3814 199 40 Iticardi
1072 3814 241 46 Japanese
1342 3821 162 40 paper,
1537 3811 187 41 limited
1755 3815 48 37 to
1836 3812 112 40 nine
111 3811 1967 94 hundred
252 3867 158 47 copies
435 3868 80 38 for
537 3867 144 41 sale.”

114 3932 52 52 ©
195 3937 113 49 Apr.
341 3939 68 47 15,
441 3939 112 40 1935;
614 3939 66 41 2c.
713 3940 111 48 Apr.
860 3943 53 39 17;
975 3941 80 41 aff.
1089 3942 112 47 Apr.
1235 3941 54 40 25;
1353 3941 40 40 A
1425 3940 143 42 82749;
1631 3941 52 41 E.
1717 3941 53 39 E.
1803 3937 293 50 Cummings,

180 3994 116 39 New
322 3995 140 39 York.
535 3994 248 51 (35-6749)
