2424 4375
1083 4058 133 49 1005

157 431 225 64 Forest,
409 434 136 51 Mrs.
573 431 131 66 Use,
734 437 170 49 1896-

221 507 1854 68 The school for the child from two to eight, by lise Forest …
158 586 1617 68 Boston, New York [etc.] Ginn and company [ c 1935]
224 657 918 49 ix, 286 p. incl. front. illus. 20½c m .
222 715 224 40 Includes
476 714 390 49 bibliographies.

152 781 51 52 ©
240 786 129 38 June
399 786 68 43 21.
505 784 139 41 1935;
683 785 67 40 2c.
790 786 115 47 July
941 786 51 40 1:
1034 785 82 39 aff.
1154 786 126 39 June
1314 784 83 47 29;
1438 787 39 37 A
1513 786 169 45 83861;
1725 787 36 38 I.
1801 786 184 45 Forest,
2022 786 116 39 New

216 842 183 39 Haven.
471 842 277 48 (35-11156)

155 943 309 64 Fullwood,
496 948 137 50 Mrs.
666 945 173 52 Anna
871 946 305 64 (Mebane)
1219 951 169 49 1870-

224 1019 90 55 On
343 1021 93 52 the
466 1024 134 52 road
633 1030 57 45 to
717 1024 328 62 Damascus,
1074 1023 73 67 by
1176 1024 196 66 Nancy
1404 1024 313 52 Fullwood.
1795 1024 134 51 New
1961 1024 171 52 York.

151 1100 202 67 Macoy
383 1098 334 70 publishing
747 1121 77 34 co.
883 1105 150 63 [1935]

223 1173 36 47 2.
275 1183 41 37 p.
381 1204 9 15 l.,
419 1172 114 41 9-94
559 1183 43 38 p.
662 1173 116 41 21cm.

149 1226 52 52 ©
232 1231 123 39 June
386 1230 68 42 20,
486 1229 140 43 1935;
658 1230 67 40 2c.
759 1232 95 38 and
883 1230 80 40 aff.
997 1231 129 39 June
1152 1229 83 48 22;
1267 1231 41 38 A
1341 1231 141 40 83747;
1543 1232 55 38 A.
1633 1231 62 39 M.
1729 1230 263 46 Fullwood,
2024 1232 116 37 New

214 1287 142 39 Yolk.
427 1287 278 47 (35-11017)

157 1387 312 66 Galloway,
502 1390 225 63 George
754 1390 243 63 Barnes,
1030 1396 171 49 1898-
1412 1391 82 51 ed.

224 1466 1857 69 Industrial planning under codes, by George B. Galloway …
155 1546 108 51 and
303 1546 311 52 associates.
707 1545 140 54 New
880 1544 163 54 York
1078 1546 112 53 and
1226 1546 258 67 London,
1519 1545 235 68 Harper
1786 1547 47 51 &
1866 1545 277 67 brothers,

156 1625 149 49 1935.

219 1694 102 43 xiii,
350 1694 88 40 428
464 1705 41 37 p.
567 1694 180 49 diagrs.
805 1695 114 40 24cm.

221 1751 161 41 “First
409 1751 226 40 edition.”

222 1808 243 40 “Selected
506 1807 336 50 bibliography
881 1807 53 41 of
971 1807 150 41 books
1161 1809 95 39 and
1293 1808 274 49 pamphlets
1604 1819 61 31 on
1705 1807 263 42 industrial
151 1809 1972 102 planning”:
351 1875 41 37 p.
423 1864 217 41 425-428.

150 1917 1877 53 © July 24, 1935; 2c. July 22; aff. July 26; A 85229; Harper & bros.
228 1977 278 48 (35-11132)

157 2079 198 64 Gates,
386 2080 230 53 Gilman
648 2082 60 53 C.

224 2155 293 55 Saybrook
562 2163 59 45 at
661 2157 96 53 the
799 2157 198 53 mouth
1040 2157 63 52 of
1146 2157 96 52 the
1286 2155 399 65 Connecticut;
1731 2157 96 52 the
1868 2156 125 54 first
2038 2175 102 35 one

152 2233 257 53 hundred
435 2252 179 48 years,
637 2234 75 66 by
737 2232 232 56 Gilman
996 2233 64 55 C.
1086 2233 189 54 Gates.
1341 2233 249 67 [Orange

1616 2233 111 52 and
1752 2233 139 53 New
1917 2234 223 65 Haven,

151 2310 165 53 Press
344 2311 62 51 of
434 2311 94 53 the
550 2310 223 54 Wilson
798 2310 76 54 H.
900 2310 112 53 Lee
1039 2328 297 48 company]
1370 2313 151 50 1935.

222 2382 82 48 xii,
337 2382 84 40 246
452 2393 42 38 p.
555 2381 128 42 illus.
712 2383 182 48 (maps)
936 2384 171 47 plates.
1167 2382 115 40 24cm.

155 2436 51 52 ©
236 2440 114 47 July
382 2440 69 46 18,
483 2438 113 41 1935;
656 2439 65 40 2c.
755 2440 95 39 and
881 2439 82 40 aff.
994 2439 115 47 July
1142 2438 54 40 27;
1258 2440 40 37 A
1332 2439 141 39 84755;
1538 2438 51 40 G.
1624 2439 48 39 C.
1706 2439 161 47 Gates,
1903 2439 90 40 Old
219 2439 1923 101 Say-brook,

406 2496 144 40 Conn.
622 2494 277 47 (35-10991)

160 2598 190 65 Gillet,
378 2600 186 52 Marie
593 2599 308 64 Stanislas,
933 2601 170 53 1875-

289 2675 1852 67 … Culture latine et ordre social. [Paris] E. Flammarion
163 2757 170 65 [1935]

222 2826 483 49 284 p., 1 l. 18½cm.
225 2885 62 39 At
312 2884 123 40 head
464 2882 52 41 of
541 2883 109 40 title:
706 2883 62 40 M.
799 2882 45 41 S.
872 2881 159 42 Gillet.

150 2936 1990 52 © Mar. 21, 1935; 1c. Apr. 19; A-Foreign 27686; Ernest Flammarion.
231 2996 277 47 (35-11134)

160 3097 284 65 Greenan,
475 3098 152 53 John
657 3098 272 63 Thomas,
963 3104 169 48 1889-

224 3173 306 69 Everyday
576 3174 283 67 problems
904 3174 63 53 of
1011 3175 304 52 American
1362 3174 347 65 democracy,
1752 3173 75 66 by
1872 3174 156 53 John
2075 3174 66 52 T.

156 3249 1960 143 Greenan … and Albert B. Meredith … Rev. and enl. ed. Boston,
301 3328 1612 68 New York [etc.] Houghton Mifflin company [ c 1935]
224 3408 110 38 xxv,
361 3400 98 44 506,
486 3401 101 39 xliv
614 3412 42 37 p.
711 3401 163 46 front.,
901 3401 171 48 plates.
1129 3400 58 40 19½c
1233 3403 27 20 m
1264 3432 9 8 .

227 3455 291 42 “Reference
549 3454 254 50 readings”
835 3460 50 37 at
915 3457 91 40 end
1037 3456 52 40 of
1117 3457 116 40 each
1266 3457 199 47 chapter
1494 3459 168 45 except
1693 3457 201 47 chapter
1922 3466 134 30 xxxi.

228 3511 67 39 “A
319 3513 185 47 library
530 3513 83 40 list
640 3513 79 41 for
745 3522 28 31 a
801 3513 139 40 small
967 3511 189 42 school”:
1215 3523 43 37 p.
1290 3511 345 50 [xxvii]-xxxv.

157 3565 51 52 ©
234 3570 114 47 July
373 3570 67 42 16,
469 3570 138 45 1935;
635 3569 65 40 2c.
728 3570 114 47 July
869 3568 80 46 25;
979 3568 82 40 aff.
1090 3569 116 47 July
1231 3568 82 45 24;
1342 3569 40 38 A
1408 3568 142 40 85177;
1608 3569 42 39 J.
1678 3569 52 38 T.
1758 3568 234 46 Greenan,
2022 3570 120 38 East

224 3626 200 48 Orange,
453 3627 54 38 N.
534 3627 57 45 J.,
624 3626 93 39 and
746 3626 170 39 Albert
936 3626 54 38 B.
1020 3624 253 45 Meredith,
1303 3624 254 43 Cranford,
1585 3625 54 39 N.
1669 3625 43 39 J.

235 3682 276 47 (35-10979)

167 3781 449 65 [Gundelfinger,
648 3782 322 66 Friedrich]
1008 3789 323 47 1880-1931.

290 3854 1849 70 … Paracelse; traduit de l’allemand par S. Stelling-Michaud.
160 3933 182 68 Paris,
371 3924 265 64 Éditions
666 3935 104 53 “Je
796 3935 148 53 sers”
999 3938 151 62 [1935]
