2424 4375
1086 4055 99 49 653

125 442 239 62 McVoy,
393 441 137 52 Mrs.
558 438 191 54 Lizzie
778 440 226 54 Carter.

193 518 54 49 A
277 515 404 68 bibliography
711 515 63 52 of
802 514 191 52 fiction
1024 514 74 66 by
1127 512 400 53 Louisianians
1559 513 112 51 and
1702 532 71 32 on
1804 509 310 55 Louisiana

122 586 1965 137 subjects, by Lizzie Carter McYoy … and Ruth Bates Campbell …
353 666 1759 71 with an introduction by James A. McMillen … [Baton
126 750 212 65 Rouge,
366 746 305 53 Louisiana
697 751 145 50 state
868 745 316 68 university
1212 764 173 49 press,
1413 748 152 63 1935]

195 816 1921 55 5 p. l., [7]-87 p. 23 cm . (Half-title; Louisiana state university studies
178 876 927 49 … ed. by C. W. Pipkin, [no. xviii])
199 933 158 42 Series
383 933 109 40 title
515 933 49 39 in
590 936 112 45 part
727 943 61 29 on
813 934 96 46 t.-p.

198 990 69 39 “A
293 989 226 41 diamond
546 989 180 47 jubilee
753 986 339 50 publication.”

196 1046 251 48 Arranged
490 1045 377 48 alphabetically
907 1044 61 48 by
1010 1044 178 40 author
1228 1043 119 41 with
1388 1043 190 48 subject
1620 1043 159 40 index.
1841 1043 272 40 Annotated

127 1104 95 40 and
254 1102 177 49 priced.

198 1159 349 48 Bibliography;
601 1169 43 38 p.
676 1157 84 50 [78]

127 1225 51 52 ©
201 1230 114 47 Apr.
342 1229 69 45 15,
436 1228 112 40 1935;
602 1228 65 39 2c.
693 1228 113 46 May
829 1228 53 46 4;
908 1226 82 40 aff.
1017 1227 114 47 May
1155 1226 82 47 16;
1264 1226 42 39 A
1330 1226 169 48 81828;
1528 1225 261 42 Louisiana
1817 1229 129 38 state
1973 1224 143 50 univ.,

196 1286 158 40 Baton
382 1286 177 46 Rouge,
588 1285 83 39 La.
741 1284 279 47 (35-27885)

130 1388 206 65 Maria,
393 1407 175 50 queen
625 1394 223 48 consort
903 1389 63 67 of
1020 1388 334 53 Ferdinand
1436 1430 11 26 I,
1500 1388 141 68 hing
1697 1390 64 66 of
1814 1388 303 66 Rumania,

198 1468 170 52 1875-

195 1540 1921 72 Ordeal; the story of my life [ by] Marie, queen of Roumania.
131 1622 129 49 New
287 1620 178 66 York,
493 1620 62 54 C.
583 1620 310 54 Scribner’s
918 1640 145 47 sons,
1093 1623 151 49 1935.

231 1724 7 8 x.
264 1692 85 40 429
373 1702 43 38 p.
473 1692 162 48 front.,
661 1693 126 40 illus.
818 1692 260 48 (facsims.)
1116 1692 171 48 plates,
1313 1693 148 46 ports.
1521 1692 56 39 24
1581 1693 44 21 cm
1630 1722 9 8 .

197 1749 159 47 Queen
386 1750 154 40 Marie
564 1749 253 40 continues
843 1750 85 39 her
952 1748 400 48 autobiography,
1378 1748 156 49 begun
1562 1749 51 39 in
1642 1748 130 41 “The
1800 1751 133 43 story
1962 1749 53 40 of
2041 1758 76 37 my

133 1804 124 47 life”,
292 1806 58 47 by
382 1805 274 48 describing
687 1805 181 48 mainly
902 1806 48 40 in
984 1805 140 47 diary
1156 1806 127 39 form
1317 1807 86 39 her
1434 1805 87 41 life
1555 1816 55 30 as
1641 1816 152 38 queen
1831 1805 176 48 during
2039 1805 79 41 the

126 1861 147 41 world
306 1872 115 30 war.

132 1930 51 52 ©
218 1935 110 47 Apr.
366 1935 69 46 17,
469 1934 139 47 1935;
645 1934 66 40 2c.
747 1935 113 47 Apr.
896 1934 82 47 20;
1016 1934 80 41 aff.
1133 1935 115 47 Apr.
1282 1933 83 48 19;A
1479 1934 170 48 82589;
1690 1934 168 49 Marie,
1895 1936 226 45 dowager

198 2001 152 37 queen
380 1992 53 39 of
464 1991 287 47 Roumania,
781 1993 283 46 Bucharest,
1096 1991 287 41 Roumania.
1454 1991 251 50 (35-6741)

133 2095 382 62 Masterman,
543 2094 226 55 Walter
795 2095 57 55 S.

204 2170 120 52 The
378 2171 266 67 perjured
700 2170 154 67 alibi,
907 2172 77 67 by
1034 2172 222 54 Walter
1312 2173 56 55 S.
1424 2172 366 53 Masterman.
1866 2174 255 65 London,

136 2249 265 53 Methuen
430 2253 46 50 &
501 2267 77 35 co.
608 2250 102 52 ltd.
767 2254 131 49 [1935]

204 2321 531 48 4 p. l., 280 p. 19 cm .
136 2390 1987 52 © 1c. May 2, 1935; A ad int. 20201; pubd. Mar. 7; W. S. Masterman,
203 2450 211 40 London.
484 2449 250 51 (35-7389)

135 2552 226 64 Merlin,
393 2553 243 56 Gaston.

204 2630 78 53 Le
332 2630 183 65 grand
566 2636 89 46 art
703 2630 68 54 de
820 2631 52 51 la
923 2629 418 69 comptabilité;
1394 2631 204 66 exposé
1648 2631 68 53 de
1765 2631 50 51 la
1870 2628 255 53 doctrine

141 2706 329 52 rationnelle
521 2715 314 45 convenant
885 2707 409 67 parfaitement
1345 2727 110 32 aux
1506 2706 246 53 diverses
1801 2707 325 68 techniques

138 2783 370 67 comptables;
549 2783 371 53 l’unification
960 2785 94 53 des
1092 2784 185 55 bilans
1314 2784 244 67 résolue;
1597 2784 52 54 le
1685 2785 118 51 rôle
1840 2783 172 56 social
2050 2785 75 51 du

139 2861 1925 68 comptable dans le présent et dans l’avenir, par G. Merlin …
141 2938 179 68 Paris,
349 2940 238 66 Busson,
616 2946 18 21 c
639 2942 151 50 1934.

209 3012 549 48 4 p. l., 7-69 p. 24 cm .
143 3062 1983 55 © Dec. 15. 1934; 1c. Mar. 5, 1935; A- Foreign 27187; G. Merlin, Paris.
219 3124 248 49 (35-7395)

145 3224 242 65 Mirsky,
414 3226 239 65 Dmitry
681 3228 400 65 Svyatopolk-,
1112 3234 170 49 1890-

214 3302 119 53 The
382 3303 407 69 intelligentsia
842 3306 61 51 of
954 3306 175 54 Great
1182 3305 247 68 Britain,
1479 3306 75 66 by
1604 3304 217 54 Dmitri
1872 3306 252 67 Mirsky;

147 3382 304 51 translated
480 3380 77 67 by
582 3382 140 52 Alec
749 3385 226 51 Brown.
1049 3384 257 66 London,
1335 3386 69 51 Y.
1437 3384 288 65 Gollancz,
1754 3384 120 62 ltd.,
1907 3387 148 49 1935.

214 3452 82 41 237
326 3464 43 36 p.
425 3454 55 39 20½
512 3456 43 21 cm
560 3486 9 7 .

148 3503 1982 56 © 1c. May 13. 1935; A ad int. 20207; pubd. Mar. 18; Covici, Friede, inc.,
215 3565 114 40 New
359 3568 143 38 York.
572 3566 250 49 (35-7936)
889 3567 305 41 Provisional

148 3664 116 50 The
288 3669 237 51 modern
549 3669 163 52 home
735 3669 213 66 doctor,
970 3669 187 54 edited
1184 3670 113 52 and
1317 3670 273 66 specially
1610 3669 227 53 written
1862 3669 74 67 by
218 3684 1888 111 members

369 3744 61 51 of
460 3745 95 52 the
585 3746 238 53 medical
852 3747 318 65 profession
1202 3747 112 52 and
1346 3747 286 64 produced
1663 3746 180 52 under
1872 3746 95 52 the
217 3763 1887 107 general
371 3821 275 53 direction

686 3822 1443 65 of H. T. D. Meredith … Illustrated by 16
218 3893 178 65 plates
429 3898 110 50 and
570 3897 287 67 drawings
887 3900 58 51 in
978 3899 96 52 the
1105 3903 135 48 text.
1314 3899 274 65 [London]
1627 3897 210 67 “Daily
1870 3897 260 66 express”

219 3970 375 64 publications
633 3976 152 64 [1935]
