2424 4375
1262 4065 134 49 1192

338 449 254 66 Walker,
620 451 185 52 Helen
837 452 189 63 Mary,
1062 456 170 49 1891-
1444 451 83 54 ed.

407 528 121 53 The
579 533 410 47 measurement
1038 528 64 53 of
1151 528 268 67 teaching
1468 527 295 69 efficiency,
1813 529 78 66 by
1940 528 260 54 William
2251 529 74 52 H.

337 603 288 68 Lancelot,
660 604 170 53 Arvil
869 604 56 55 S.
962 606 166 65 Barr,
1164 604 294 54 Theodore
1490 605 64 53 L.
1590 606 319 67 Torgerson
1970 604 111 54 [and
2118 606 203 67 others]

402 682 1923 67 … edited by Helen M. Walker … New York, The Macmillan
338 778 296 47 company,
668 763 152 50 1935.

407 830 131 51 xxiv,
582 831 86 41 237
710 842 44 38 p.
812 831 57 41 20½
902 833 43 22 cm
950 862 9 9 .
1029 831 300 49 (Half-title:
1369 832 175 50 Kappa
1586 833 130 41 delta
1760 833 49 48 pi
1852 833 224 40 research
335 833 1972 105 publications)

688 959 102 39 CONTENTS.—A
832 960 144 48 study
1018 960 51 41 of
1110 960 226 50 teaching
1376 960 240 48 efficiency
1658 971 54 30 as
1754 960 243 42 indicated
2041 962 58 46 by
2142 961 181 41 certain

337 1019 285 46 permanent
648 1017 256 48 outcomes,
930 1017 61 48 by
1016 1018 71 40 W.
1113 1017 60 41 H.
1200 1017 404 42 Lancelot.—The
1630 1017 208 47 validity
1864 1017 51 42 of
1940 1016 186 43 certain
337 1019 1970 95 instruments
524 1072 249 50 employed
803 1074 51 39 in
882 1075 82 40 the
993 1077 357 38 measurement
1381 1074 51 41 of
1460 1074 227 50 teaching
1716 1074 186 48 ability,
1936 1076 58 47 by
2028 1075 52 40 A.
2113 1074 44 41 S.
2189 1075 135 44 Barr,

338 1129 52 41 T.
430 1129 50 41 L.
519 1129 285 49 Torgerson,
847 1128 48 42 C.
937 1130 52 41 E.
1030 1129 232 49 Johnson,
1303 1132 96 39 and
1440 1130 383 50 others.—Pupil
1862 1132 329 41 achievement
2232 1134 90 39 and

338 1186 81 42 the
446 1186 76 41 NS
548 1187 122 41 trait
695 1187 49 40 in
771 1187 234 50 teachers,
1033 1187 60 49 by
1120 1187 53 41 G.
1200 1186 50 42 L.
1280 1186 151 42 Betts.

343 1255 1982 53 © July 9, 1935; 2c. and aff. July 17; A 85069; Kappa delta pi, Tiffin, O.
419 1315 279 48 (35-14856)

337 1417 272 65 Wallace,
638 1420 136 53 Mrs.
803 1417 313 55 Kathleen.

470 1493 1854 71 … Madam, I’ll give you— Garden City, N. Y., Doubleday,
337 1572 197 54 Doran
566 1573 111 53 and
708 1591 295 49 company,
1032 1573 127 65 inc.,
1190 1577 152 50 1935.

409 1656 581 52 7 p. l., 3-301 p. 20cm.
410 1729 163 42 “First
603 1728 226 43 edition.”

342 1799 52 52 ©
418 1802 120 49 Aug.
562 1801 70 48 23,
659 1799 113 43 1935;
827 1800 65 40 2c.
919 1801 96 39 and
1042 1799 79 41 aff.
1149 1800 118 48 Aug.
1294 1799 83 49 29;
1403 1801 39 38 A
1470 1800 141 41 85762;
1668 1801 298 48 Doubleday,
1994 1803 165 39 Doran
2186 1803 37 39 &
2246 1811 79 39 co.,

409 1859 90 40 inc.
569 1857 279 50 (35-14568)

338 1960 197 67 Ward,
564 1961 247 55 Charles
835 1960 318 66 Henshaw,
1183 1961 172 56 1872-

411 2039 272 55 Sentence
715 2039 112 53 and
858 2039 201 52 theme.
1126 2038 71 53 3d
1229 2039 86 53 ed.
1384 2037 54 53 A
1469 2037 344 55 foundation
1846 2038 94 54 for
1971 2037 351 71 high-school

339 2116 391 69 composition,
768 2118 76 66 by
881 2116 64 56 C.
983 2117 79 53 H.
1100 2117 198 54 Ward.
1374 2115 269 68 Chicago,
1682 2116 242 54 Atlanta
1968 2122 137 62 [etc.]
2152 2117 171 67 Scott,

339 2195 308 55 Foresman
679 2195 111 52 and
819 2211 278 50 company
1132 2227 12 33 [
1150 2200 17 22 c
1174 2197 131 49 1935]

407 2282 66 48 xi,
553 2301 26 30 [1],
611 2281 88 41 516
726 2291 45 38 p.
829 2280 128 42 illus.
1018 2279 55 41 19½
1106 2282 15 22 cm
1154 2311 9 9 .

344 2349 1980 53 © Sept. 3, 1935; 2c. Sept. 5; aff. Sept. 6; A 86159; Scott, Foresman & co.
423 2408 279 50 (35-14974)

338 2511 370 64 Welshimer,
736 2512 170 52 Pearl
934 2511 275 62 Howard,
1243 2512 170 54 1873-

412 2589 359 66 Concerning
804 2589 96 53 the
932 2586 312 69 Disciples;
1282 2607 32 34 a
1348 2587 152 53 brief
1534 2605 217 35 resume
1785 2587 63 53 of
1882 2587 95 53 the
2011 2604 312 36 movement)

340 2671 58 49 to
439 2669 209 51 restore
686 2667 96 52 the
820 2666 140 53 New
1000 2666 328 53 Testament
1367 2665 228 65 church,
1635 2665 75 65 by
1749 2665 67 52 P.
1856 2663 76 53 H.
1971 2664 351 54 Welshimer.

342 2741 347 67 Cincinnati,
732 2742 122 53 The
899 2741 292 55 Standard
1236 2740 336 66 publishing
1615 2758 295 47 company,
1956 2743 150 50 1935.

409 2826 609 50 4 p. l. , 3-205 p. 19½ cm .
343 2896 52 52 ©
425 2900 119 47 Aug.
575 2899 69 46 13,
676 2897 139 47 1935;
848 2898 67 39 2c.
948 2897 95 40 and
1074 2896 81 40 aff.
1186 2897 121 47 Aug.
1335 2896 82 47 21;
1451 2896 42 39 A
1523 2895 170 47 85576;
1730 2895 245 41 Standard
2006 2895 108 48 pub.
2147 2905 66 29 co.

421 2955 279 49 (35-14706)

340 3057 214 64 White,
584 3056 177 54 Ethel
787 3055 166 57 Lina.

474 3128 1845 70 … Wax … Garden City, N. Y., Pub. for the Crime club,
341 3210 125 66 inc.,
489 3211 75 65 by
591 3210 354 66 Doubleday,
972 3210 197 52 Doran
1197 3211 46 51 &
1268 3226 296 48 company,
1592 3208 123 64 inc.,
1744 3210 151 49 1935.

410 3284 28 39 4
463 3294 43 38 p.
555 3314 23 17 l.,
603 3280 187 41 vii-viii
814 3293 58 37 p.,
898 3282 25 39 1
971 3312 24 17 l.,
1021 3280 87 41 304
1131 3291 44 38 p.
1234 3279 56 41 20
1294 3282 42 21 cm
1340 3311 9 10 .

412 3352 162 42 “First
608 3351 226 42 edition.”

344 3419 52 52 ©
420 3423 119 47 Aug.
567 3422 69 47 23,
662 3421 115 41 1935;
831 3422 63 39 2c.
923 3421 96 40 and
1044 3419 82 40 aff.
1153 3420 120 47 Aug.
1297 3419 83 47 30;
1408 3419 40 39 A
1475 3417 168 48 85759;
1675 3419 53 39 E.
1755 3418 50 40 L.
1832 3417 176 48 White,
2037 3415 209 41 London.

421 3479 279 48 (35-14576)

343 3582 242 63 Wicart,
613 3581 222 54 Alexis.

474 3647 1840 76 … L’orateur. Approuvé et préfacé par m. le ministre de
341 3722 1620 77 l’éducation nationale. [Paris] Éditions Vox [ c 1935]
413 3807 26 37 2
470 3816 42 29 v.
573 3806 141 47 illus.,
743 3807 150 45 ports.
951 3804 56 40 20
1011 3807 45 21 cm
1058 3835 9 9 .
1138 3804 114 48 (His
1287 3804 90 39 Les
1411 3802 282 48 puissances
1725 3802 189 38 vocales.
2047 3800 37 48 [II])

414 3873 999 42 At head of title: Docteur A. Wicart …
343 3935 1971 60 © Apr. 15, 1935; 1c. each June 12; A-Foreign 28167; A. Wicart, Paris.
428 4002 277 49 (35-13943)
