2424 4375
1274 4081 133 49 1890

405 505 190 42 “Books
636 506 96 41 and
775 505 238 48 principal
1057 506 286 48 pamphlets,
1390 507 196 40 written
1630 508 94 39 and
1768 507 255 48 published
2066 507 60 48 by
2171 507 163 41 Oliver

336 563 162 40 Evans
531 563 214 40 between
780 564 82 40 the
894 572 144 38 years
1069 562 115 41 1792
1217 563 94 40 and
1343 562 143 42 1819”:
1550 575 44 37 p.
1625 562 219 43 344-345.

339 633 53 54 ©
422 639 110 39 Dec.
563 637 69 45 19,
665 636 112 40 1935;
838 637 65 39 2c.
936 638 95 38 and
1063 636 82 40 aff.
1178 637 111 40 Dec.
1320 636 83 47 28;
1436 637 41 38 A
1508 635 143 42 90068;
1714 637 53 40 G.
1799 638 158 39 Bathe
1989 638 95 39 and
2119 636 219 49 Dorothy

409 696 171 46 Bathe,
610 693 354 48 Philadelphia.
1032 693 223 47 (36-585)

335 796 147 66 Bay,
510 798 146 54 Jens
682 796 324 64 Christian,
1037 796 171 55 1871-

404 872 1934 70 A handful of western books, by J. Christian Bay … Cedar
336 950 2001 71 Rapids, la., Priv. print. for the friends of the Torch press,
337 1035 151 50 1935.

406 1105 58 40 44
492 1116 43 38 p.
595 1104 150 42 front.
789 1103 239 50 (facsim.)
1095 1104 148 41 20½cm.

410 1162 185 41 “Three
619 1161 222 40 hundred
869 1160 112 49 fifty
1007 1160 161 50 copies
1194 1159 236 51 printed.”

411 1217 383 50 “[Descriptions
816 1216 64 50 of]
906 1227 91 31 one
1020 1217 218 40 hundred
1264 1219 182 45 twenty
1470 1217 277 48 significant
1770 1217 149 42 books
1941 1218 194 48 dealing
2160 1218 179 49 mainly

341 1274 118 41 with
489 1276 83 40 the
601 1274 258 41 Mid-West
884 1274 48 40 in
962 1284 88 31 our
1078 1273 449 50 civilization.”—p.
1557 1275 71 42 44.

340 1342 53 54 ©
424 1348 110 40 Dec.
562 1348 68 45 11,
663 1346 139 47 1935;
835 1347 65 40 2c.
932 1348 111 39 Dec.
1075 1348 79 39 16:
1189 1346 80 40 aff.
1305 1348 108 39 Dec.
1444 1347 83 45 20;
1561 1347 42 39 A
1632 1347 170 46 88769;
1836 1347 157 40 Torch
2024 1358 147 38 press.

421 1403 221 49 (36-329)

338 1508 244 65 Béjean,
610 1509 204 55 Henri.

470 1586 1868 55 … Histoire: brevet élémentaire et concours d'admission aux
337 1665 174 52 écoles
543 1663 297 54 normales.
916 1664 185 65 Paris,
1130 1664 301 55 Hachette,
1464 1670 16 21 c
1488 1667 147 51 1935.

410 1735 593 51 1 p. l., 93, [1] p. 18cm.
412 1795 63 39 At
502 1795 125 39 head
655 1794 53 40 of
734 1793 110 42 title:
899 1795 60 39 H.
990 1793 199 48 Béjean.

412 1849 238 42 “Résumé
680 1849 400 43 aide-mémoire.”

339 1917 1868 53 © May 22, 1935; 1c. Sept. 7; A- Foreign 29249; Librairie Hachette.
339 2040 141 64 Bell,
509 2042 180 63 Hugh
718 2042 237 63 McKee,
988 2046 171 50 1902-

410 2119 120 53 The
562 2119 202 66 theory
797 2119 112 53 and
942 2120 247 66 practice
1223 2119 62 52 of
1318 2119 229 53 student
1580 2118 346 67 counseling,
1961 2119 137 52 with
2132 2119 209 68 special

342 2197 1938 67 reference to the Adjustment inventory, by Hugh M. Bell …
342 2273 1974 70 Stanford University, Calif., Stanford university press [ c 1935]
412 2347 809 49 2 p. l., 138 p. diagrs. 21½cm.
411 2404 511 49 Photolithographed.

416 2462 289 48 “Questions
731 2462 224 40 included
984 2461 49 39 in
1062 2463 85 38 the
1170 2461 316 47 Adjustment
1514 2461 256 48 inventory":
1859 2472 42 37 p.
1932 2461 214 41 117-130.

344 2528 53 53 ©
427 2533 116 39 Nov.
577 2533 40 46 7,
649 2531 118 41 1935;
822 2532 67 40 2c.
921 2532 118 39 Nov.
1073 2531 81 46 27;
1190 2530 82 41 aff.
1302 2531 117 39 Nov.
1527 2541 9 36 18;
1572 2531 39 38 A
1644 2530 172 47 89658;
1852 2532 164 39 Board
2048 2532 51 40 of
2132 2534 209 38 trustees

414 2589 52 40 of
497 2591 84 39 the
613 2589 182 40 Leland
832 2588 233 41 Stanford
1097 2588 167 48 junior
1298 2587 144 48 univ.,
1480 2587 235 41 Stanford
1753 2586 293 50 University,
2083 2588 144 42 Calif.

422 2646 280 48 (36-27051)

341 2748 263 65 Benoist,
632 2749 262 55 Charles.

475 2824 1863 66 … Le Machiavélisme. II. Machiavel. Paris, Librairie Plon
347 2908 173 63 [1934]

415 2975 743 50 2 p. l., iii, 258 p., 1 l. 19cm.
414 3034 65 40 At
506 3033 128 40 head
660 3032 51 41 of
739 3033 109 41 title:
905 3032 207 41 Charles
1138 3032 211 40 Benoist.

345 3099 1993 53 © Nov. 5, 1934; 1c. June 12, 1935; A-Foreign 28195; Librairie Plon.
348 3221 376 66 [Bernhardt,
755 3222 183 53 Oscar
969 3223 204 65 Ernst]
1210 3222 171 54 1875-

477 3297 1860 67 … Na luz da verdade; mensagem do gral de Abdruschin
349 3378 232 66 [pseud.]
673 3377 216 64 Ediçao
940 3379 295 64 completa.
1321 3376 335 65 Muenchen,
1703 3376 214 65 Verlag
1965 3373 152 54 “Der
2164 3374 173 65 Ruf”,

344 3473 53 48 g.
432 3473 71 34 m.
539 3454 51 53 b.
625 3455 53 52 h.
721 3456 171 65 [1934]

415 3525 535 50 4 p. l., 762 p. 24cm.
416 3580 1703 49 At head of title: Im lichte der wahrheit. Ediç ã o portuguesa.
346 3647 1989 55 © Nov. 30, 1934; 1c. June 5, 1935; A-Foreign 28089; Verlag “Der Ruf”,
415 3720 42 37 g.
488 3721 59 28 m.
579 3710 43 40 b.
652 3711 45 39 h.

343 3770 244 66 Bessey,
614 3772 194 53 Mabel
837 3772 215 54 Abbot.

413 3846 215 68 Living
684 3848 236 52 writers.
995 3846 242 54 Volume
1296 3851 43 48 1.
1435 3848 90 64 By
1582 3846 191 52 Mabel
1829 3846 71 51 A.
1960 3846 207 64 Bessey
2226 3842 107 53 and

343 3926 56 53 J.
426 3924 229 54 Harold
678 3924 239 56 Wilson.
993 3925 138 52 New
1159 3924 161 52 York
1346 3924 133 66 city,
1506 3923 305 52 American
1838 3921 297 54 education
2166 3938 169 49 press,

345 4001 106 56 inc,
669 4033 13 37 [c1935]
