2424 4375
1200 4087 101 49 416

237 447 303 66 Hendryx,
568 449 201 55 James
795 447 339 66 Beardsley,
1165 453 171 51 1880-

302 525 261 54 Outlaws
596 525 66 54 of
693 525 304 68 Halfaday
1032 526 163 53 creek
1251 525 92 68 [by]
1384 526 196 53 James
1614 527 67 51 B.
1714 525 300 67 Hendryx.
233 524 1977 132 Garden

373 602 153 69 City,
556 603 69 54 N.
654 604 91 67 Y.,
772 602 357 69 Doubleday,
1158 603 199 53 Doran
1386 605 46 51 &
1463 622 297 49 company,
1791 603 126 67 inc.,
1952 606 149 51 1935.

311 674 988 49 4 p. l. , vii-viii p., 1 l., 299 p. 19½ cm .
315 745 287 40 Illustrated
637 747 97 45 t.-p.

314 801 162 41 “First
509 800 227 42 edition.”

242 871 53 53 ©
324 876 114 47 Apr.
470 875 40 47 5,
539 875 141 47 1935;
712 874 68 41 2c.
813 876 94 39 and
938 874 83 41 aff.
1051 875 113 48 Apr.
1197 875 82 47 11;
1312 875 42 38 A
1384 874 170 47 81363;
1588 874 43 40 J.
1664 875 53 38 B.
1752 874 249 48 Hendryx,
2037 874 203 41 Suttons

311 933 119 48 Bay,
459 931 141 42 Mich.
672 930 251 51 (35-5198)

239 1021 246 66 Heston,
513 1022 247 55 Francis
782 1021 248 64 Marion,
1060 1025 169 52 1878-

315 1096 1860 73 A survey of college surveys, by Francis Marion Heston …
245 1179 343 68 Lexington,
620 1178 134 69 Ky.,
787 1178 170 55 Press
986 1177 65 55 of
1084 1178 98 54 the
1215 1177 307 69 Kentucky
1554 1178 213 67 kernel,
1802 1175 336 71 University
2174 1176 65 54 of

245 1256 322 69 Kentucky,
602 1260 151 50 1934.

313 1326 1204 51 3 p. l. , [9]-229 p. tables (part fold.) 23½ cm .
316 1386 171 39 Issued
515 1384 106 41 also
648 1394 55 31 as
733 1385 153 40 thesis
923 1385 108 48 (PH.
1092 1384 34 48 D.)
1166 1384 252 41 Columbia
1448 1384 285 47 university.

315 1455 376 48 Bibliography:
730 1465 44 38 p.
811 1454 216 41 213-229.

244 1526 53 53 ©
324 1531 111 38 Dec.
463 1531 69 45 17,
561 1529 141 47 1934;
733 1528 66 41 2c.
828 1530 111 39 Dec.
967 1528 84 47 22;
1082 1527 80 41 aff.
1193 1528 110 40 Dec.
1333 1527 82 48 21;
1446 1528 43 39 A
1516 1527 170 48 78681;
1719 1528 50 39 F.
1801 1528 63 39 M.
1894 1528 201 47 Heston,

312 1526 1908 108 Wilmore,
486 1587 92 48 Ky.
647 1584 251 51 (35-4936)

263 1675 334 66 [Hudgings,
629 1675 261 64 Franklyn]

320 1751 416 55 Evolutionists
783 1758 58 47 at
886 1752 95 54 the
1028 1751 336 53 crossroads.
1441 1751 312 68 Brooklyn,
1798 1752 69 53 N.
1916 1752 91 66 Y.,
2052 1753 185 51 Dawn

247 1828 337 70 publishers,
612 1829 124 69 inc.,
764 1837 20 21 c
789 1833 149 51 1935.

320 1903 86 41 126
434 1914 43 38 p.
537 1903 56 41 17½
625 1905 45 21 cm
674 1935 9 9 .

321 1959 258 41 Foreword
609 1959 195 48 signed:
837 1959 248 48 Franklyn
1118 1957 268 50 Hudgings,
1416 1959 191 40 author.

247 2028 52 54 ©
326 2033 109 39 Feb.
462 2033 40 47 8,
529 2031 139 48 1935;
697 2031 67 41 2c.
792 2032 122 39 Mar.
941 2032 53 46 1;
1023 2031 81 40 aff.
1133 2030 111 40 Feb.
1272 2030 82 48 14;
1383 2030 42 39 A
1450 2029 170 48 79873;
1649 2031 157 39 Dawn
1833 2029 288 49 publishers,
2151 2029 89 41 inc.

326 2089 251 50 (35-4964)

240 2178 248 53 Indiana
515 2179 183 66 (Ter.)
781 2178 184 65 Laws,
994 2181 258 60 statutes,
1284 2183 100 48 etc.

314 2254 123 53 The
466 2254 140 53 laws
638 2253 67 54 of
734 2253 249 53 Indiana
1018 2252 317 69 Territory,
1372 2254 328 66 1809-1816,
1733 2251 188 55 edited
1956 2252 77 69 by
2064 2250 178 54 Louis

247 2333 67 51 B.
342 2331 260 53 Ewbank
630 2331 114 53 and
770 2331 262 68 Dorothy
1059 2331 64 52 L.
1152 2329 196 68 Biker,
1377 2329 141 54 with
1546 2349 31 34 a
1606 2329 286 54 foreword
1920 2330 76 69 by
244 2329 1973 132 Governor

377 2409 148 53 Paul
554 2409 70 54 Y.
654 2408 261 54 McNutt.
977 2407 419 69 Indianapolis,
1424 2406 249 55 Indiana
1702 2407 295 55 historical
2025 2407 214 54 bureau

250 2518 13 35 [
268 2493 19 21 c
291 2489 135 50 1934
429 2519 14 35 ]

319 2558 95 50 xiv,
437 2558 86 41 923
547 2568 44 38 p.
649 2557 56 41 23½
740 2560 14 22 cm
787 2589 9 9 .
866 2557 299 50 (Half-title:
1191 2557 208 41 Indiana
1426 2557 251 41 historical
1704 2557 291 48 collections,
2024 2557 92 44 vol.
2143 2558 91 48 xx)

315 2616 42 38 A
384 2614 339 49 reproduction
755 2615 51 40 in
833 2615 196 40 modern
1059 2617 113 45 type
1201 2615 53 40 of
1281 2616 107 39 text
1414 2614 94 40 and
1538 2614 276 49 title-pages
1844 2615 54 39 of
1924 2614 235 49 originals
2189 2614 53 42 of

246 2672 81 41 the
358 2672 207 40 Indiana
596 2671 133 41 laws.

318 2727 254 48 Appendix
674 2758 9 9 III.
750 2727 177 40 Boster
966 2727 52 40 of
1059 2726 271 41 territorial
1370 2727 196 47 officers,
1611 2727 245 48 delegates
1897 2729 49 39 to
1988 2726 252 49 Congress,

248 2782 173 42 circuit
450 2783 186 48 judges,
671 2783 234 40 members
936 2784 52 39 of
1021 2784 81 40 the
1133 2783 196 47 general
1360 2782 295 48 assemblies,
1690 2784 97 40 and
1820 2787 178 45 county
2031 2783 211 48 officials,

250 2838 272 43 1800-1816.

251 2907 53 53 ©
336 2913 122 38 Mar.
491 2912 39 47 1,
562 2910 141 49 1935;
736 2912 66 39 2c.
837 2912 120 39 Mar.
991 2912 82 46 11;
1108 2910 81 41 aff.
1224 2912 122 38 Mar.
1379 2910 53 49 9;
1467 2911 43 40 A
1540 2911 171 48 79982;
1747 2912 208 41 Indiana
1990 2912 253 42 historical

320 2970 197 46 bureau,
555 2968 139 42 State
726 2970 323 47 Department
1080 2968 54 40 of
1164 2968 271 40 education.
1507 2968 250 49 (35-4929)

250 3056 247 55 Indiana
523 3058 239 53 decimal
790 3058 200 68 digest.
1052 3057 273 53 Lifetime
1352 3058 86 53 ed.
1504 3059 367 55 Semiannual
1898 3057 345 55 cumulative

322 3135 1917 70 pocket parts … Volumes 1, 2 … Indianapolis, The Bobbs-
319 3213 226 52 Merrill
571 3229 279 51 company
882 3246 12 34 [
900 3219 17 21 c
922 3216 151 64 1935]

320 3286 30 39 2
376 3298 43 29 v.
475 3286 55 39 25½
563 3288 45 21 cm
612 3316 9 9 .

322 3344 156 39 These
507 3342 276 48 pamphlets
811 3353 85 29 are
924 3345 49 38 to
1004 3343 58 39 be
1090 3342 137 41 fitted
1258 3342 106 41 into
1392 3343 84 40 the
1503 3344 196 47 pockets
1731 3346 54 37 at
1814 3345 84 38 the
1925 3345 123 39 back
2078 3345 54 40 of
2161 3346 84 39 the

252 3401 217 39 volumes
495 3400 51 38 of
573 3399 82 39 the
681 3401 75 38 set
783 3401 49 38 to
859 3399 158 40 which
1045 3400 114 47 they
1186 3399 182 48 belong.

254 3465 53 53 ©
338 3470 114 47 May
481 3470 39 46 1,
550 3469 141 47 1935;
723 3469 68 40 2c.
821 3470 116 39 each
967 3470 114 47 Apr.
1112 3469 82 47 24;
1230 3470 106 39 affs.
1370 3471 114 46 May
1513 3470 54 47 6;
1600 3471 42 38 A
1674 3470 157 49 82946,
1862 3470 169 48 82947;
324 3471 1918 95 Bobbs-Merrill

548 3537 67 29 co.

252 3616 239 63 Jacoby,
518 3616 167 55 Jean.

385 3690 1856 70 … Raspoutine. Avec quatre planches hors-texte tirées en
258 3768 408 66 heliogravure.
747 3767 200 67 [Paris]
987 3768 391 55 Flammarion
1418 3772 170 63 [1935]
1628 3777 18 21 c
1652 3773 148 52 1934.

328 3840 1770 51 125, [1] p., 1 l. front., pl., ports. 18 cm . [“Hier et aujourd’hui”]
330 3897 287 39 Illustrated
643 3906 178 30 covers.

258 3959 1982 56 © Jan. 10, 1935; 1c. Jan. 30; A-Foreign 26866; Ernest Flammarion.
335 4020 249 42 (35-5199)
