2424 4375
1178 4059 101 52 470

309 507 1918 51 “Of the material constituting the present volume … at least half
235 564 43 41 is
307 564 341 43 new.”—Pref.

236 618 53 53 ©
316 622 114 49 Apr.
460 621 42 48 9,
531 622 140 47 1935;
704 622 67 40 2c.
802 622 95 40 and
926 621 81 41 aff.
1038 622 112 48 Apr.
1183 621 82 47 10;
1296 621 42 40 A
1368 622 170 47 82460;
1573 622 281 41 Macmillan
1885 634 66 30 co.

314 679 251 49 (35-5515)

235 780 346 66 Shallcross,
612 781 248 56 Charles
886 781 274 64 William,
1194 788 170 50 1893-

309 859 122 52 The
468 856 495 72 mimeographing
997 858 230 70 primer,
1263 860 227 53 written
1527 858 75 69 by
1642 857 235 56 Charles
1913 858 87 54 W.
240 858 1963 133 Shallcross

428 936 111 54 and
578 935 146 56 Jack
760 935 68 53 E.
866 935 320 67 Kratchen;
1227 936 195 53 Elmer
1459 936 69 54 V.
1568 936 312 69 Edmonds,
239 936 1964 133 artist-cartoonist.
543 1015 85 53 1st

650 1012 1554 71 ed. Philadelphia, The Shallcross company [ c 1935]
309 1085 35 40 ii
372 1085 159 40 numb.
595 1116 9 17 l.,
634 1085 130 47 iii-v,
794 1085 68 48 54,
909 1086 26 38 [2]
983 1096 42 37 p.
1086 1086 128 41 illus.
1274 1086 54 39 21
1332 1089 44 21 cm
1381 1118 9 9 .

311 1142 284 40 Loose-leaf.
656 1142 405 48 Mimeographed.

307 1199 159 39 Blank
492 1208 146 39 pages
662 1197 80 42 for
767 1197 294 42 “Remarks”
1098 1199 83 50 ([2]
1209 1201 54 40 at
1285 1199 118 48 end)

236 1256 53 53 ©
319 1260 113 47 Apr.
466 1259 39 47 6,
538 1258 141 48 1935;
713 1258 66 41 2c.
814 1260 95 39 and
941 1257 83 42 aff.
1055 1258 112 49 Apr.
1202 1258 83 48 15;
1319 1259 42 40 A
1392 1258 169 48 82505;
1601 1260 271 41 Shallcross
1906 1272 66 29 co.

316 1316 251 49 (35-5501)

233 1418 172 65 Shea,
434 1419 155 54 John
619 1419 232 56 Gerald.

307 1494 1920 69 Colonial furniture, by John Gerald Shea … and Paul Nolt
235 1572 1967 147 Wenger … New York, Milwaukee [ etc.] The Bruce publishing company [ c 1935 ]
308 1724 86 40 180
420 1735 42 37 p.
491 1724 108 40 incl.
626 1724 165 47 front.,
818 1725 127 39 illus.
974 1723 132 48 (incl.
1137 1723 164 49 plans)
1368 1723 58 41 30½c
1473 1726 27 20 m
1505 1756 8 8 .

309 1781 374 47 Bibliography:
713 1791 42 37 p.
784 1781 96 40 175.

235 1833 53 53 ©
320 1839 120 39 Mar.
473 1837 69 48 30,
576 1837 140 48 1935;
751 1837 68 41 2c.
851 1837 113 49 Apr.
996 1837 52 48 5;
1084 1837 81 40 aff.
1200 1837 112 49 Apr.
1346 1837 51 47 6;
1433 1837 42 40 A
1508 1838 169 48 81313;
1714 1839 157 39 Bruce
1902 1839 108 48 pub.
2045 1849 68 29 co.

313 1894 251 49 (35-5450)

238 1996 311 69 [Sheahan,
579 2000 206 63 Henry
810 1999 241 67 Beston]
1086 2004 171 50 1888-

307 2073 189 56 Herbs
528 2075 112 53 and
673 2076 95 52 the
800 2076 179 66 earth,
1013 2075 75 68 by
1122 2077 203 66 Henry
1359 2079 212 50 Beston
1636 2076 204 67 [pseud.]
1920 2078 304 52 Woodcuts

237 2153 74 68 by
350 2154 157 55 John
546 2155 257 52 Howard
846 2157 238 50 Benson.
1162 2153 230 55 Garden
1433 2154 151 68 City,
1625 2155 70 52 N.
1738 2155 90 65 Y.,
1869 2153 352 69 Doubleday,
235 2233 198 53 Doran
462 2236 47 50 &
537 2251 297 49 company,
865 2231 123 62 inc.,
1023 2238 147 47 1935.

309 2304 86 40 viii
423 2314 58 38 p.,
507 2306 27 39 3
597 2335 9 17 l.,
632 2304 146 41 3-143
806 2315 43 37 p.
908 2303 127 42 illus.
1097 2304 55 40 19½c
1201 2307 25 20 m
1232 2336 9 7 .

311 2361 162 41 “First
503 2360 226 42 edition.”

233 2416 53 53 ©
313 2420 121 40 Mar.
463 2419 68 47 15,
560 2419 140 47 1935;
732 2419 67 40 2c.
828 2420 94 39 and
950 2419 81 40 aff.
1061 2421 115 46 May
1202 2418 53 48 9;
1286 2419 40 39 A
1354 2417 169 48 83009';
1555 2418 297 48 Doubleday,
1884 2419 164 39 Doran
2078 2419 38 40 &
2143 2429 81 37 co.,

303 2476 89 40 inc.
464 2475 251 49 (35-4958)

236 2564 236 64 Society
500 2566 64 52 of
592 2564 363 54 automotive
986 2563 328 66 engineers,
1345 2564 109 54 inc.

310 2639 57 56 S.
403 2643 69 51 A.
515 2644 65 51 E.
620 2642 317 53 handbook.
1014 2645 131 49 1935
1186 2642 83 52 ed.
1345 2643 138 52 New
1522 2641 163 54 York
1722 2642 133 66 city,
1896 2641 223 66 Society
2158 2640 64 53 of

232 2719 347 52 automotive
606 2720 307 65 engineers,
943 2720 125 64 inc.,
1096 2727 18 20 c
1120 2723 148 48 1935.

309 2791 251 49 [iii]-xxix,
593 2791 71 49 [1],
691 2791 85 40 724
804 2802 42 37 p.
906 2791 140 48 illus.,
1079 2791 168 46 tables,
1274 2791 179 47 diagrs.
1510 2790 55 40 22
1567 2792 47 21 cm
1618 2822 7 8 .

232 2845 53 53 ©
315 2848 114 48 Apr.
461 2848 69 46 24,
563 2847 140 48 1935;
736 2847 65 41 2c.
836 2849 94 39 and
964 2848 81 40 aff.
1078 2848 112 48 Apr.
1224 2847 81 47 27;
1340 2849 41 37 A
1413 2846 169 48 81609;
1620 2846 189 48 Society
1842 2846 53 41 of
1926 2845 299 42 automotive

304 2906 263 47 engineers,
605 2905 91 40 inc.

231 2992 337 65 Somervell,
598 2991 189 56 David
820 2993 314 63 Churchill,
1168 2998 168 50 1885-

300 3068 122 53 The
453 3068 161 69 reign
648 3067 65 55 of
741 3068 163 70 King
935 3068 220 69 George
1187 3069 96 52 the
1312 3066 200 70 Fifth;
1549 3086 73 34 an
1657 3066 245 70 English
1937 3064 281 54 chronicle

233 3144 1964 145 [by] D. C. Somervell. New York, Harcourt, Brace and company [ c 1935]
301 3294 99 46 viii,
431 3294 85 41 533
541 3305 42 37 p.
643 3294 56 39 22
703 3297 43 21 cm
751 3327 9 8 .

306 3350 161 42 “First
496 3350 259 48 printing.”

235 3405 53 53 ©
312 3408 112 50 Apr.
448 3410 41 46 4,
515 3409 139 47 1935;
682 3409 66 41 2c.
776 3410 94 39 and
896 3408 79 42 aff.
1001 3410 113 49 Apr.
1142 3410 52 46 9;
1224 3409 39 40 A
1291 3409 168 47 81350;
1489 3410 261 45 Harcourt,
1776 3410 156 38 Brace
1956 3408 36 40 &
2019 3418 81 36 co.,
2128 3408 89 39 inc.

310 3466 249 48 (35-5350)

236 3552 187 53 South
452 3554 269 54 Carolina
749 3555 110 51 and
887 3555 180 54 South
1094 3560 218 47 eastern
1338 3555 202 66 digest,
1567 3553 264 67 covering
1857 3554 75 51 all
1959 3571 150 35 cases
302 3570 1889 126 reported

528 3631 57 51 in
614 3630 181 55 South
821 3632 265 54 Carolina
1113 3638 236 61 reports,
1376 3632 181 55 South
1582 3637 219 47 eastern
1825 3635 254 62 reporter
2104 3628 110 53 and

307 3707 227 53 various
570 3712 220 63 reports
827 3709 65 53 of
923 3710 165 52 south
1126 3712 219 49 eastern
1379 3712 171 48 states
1588 3708 152 53 from
1775 3707 226 54 earliest
2034 3706 181 66 times,

308 3783 137 51 with
486 3791 226 45 current
751 3785 340 51 cumulative
1131 3786 200 65 pocket
1370 3785 208 52 service
1612 3785 248 66 keeping
1898 3784 94 51 the
2031 3783 184 66 digest

308 3861 209 65 always
551 3867 58 46 to
644 3862 147 59 date,
824 3862 73 63 by
931 3863 94 52 the
1060 3861 335 68 publisher’s
1430 3861 263 53 editorial
1728 3858 149 58 staff.
1945 3860 267 54 Volumes

308 3940 181 51 13-18.
556 3937 80 56 St.
666 3939 164 63 Paul,
855 3941 154 53 West
1039 3938 332 68 publishing
1397 3958 77 33 co.
1508 3972 12 33 [
1527 3946 16 20 c
1550 3941 149 63 1935]
