2424 4375
996 4051 134 54 1729

94 429 150 63 Agg,
274 428 257 54 Thomas
558 425 284 66 Radford,
874 427 168 54 1878-

159 504 121 51 The
310 504 369 67 preparation
710 502 63 51 of
802 499 365 70 engineering
1196 508 238 61 reports,
1465 502 72 66 by
1570 502 247 52 Thomas
1847 503 67 51 It.
1951 505 132 65 Agg

152 578 1931 68 … and Walter L. Foster … 1st ed. New York and London,
88 656 426 55 McGraw-Hill
539 655 145 54 book
710 673 295 52 company,
1030 656 127 67 inc.,
1187 658 148 50 1935.

159 727 100 49 viii,
291 727 86 41 192
409 737 41 38 p.
510 727 143 48 illus.,
685 726 178 49 diagrs.
922 726 56 41 19½
1010 729 45 22 cm
1058 759 10 10 .

160 785 134 40 “List
323 784 55 40 of
408 784 148 40 books
588 785 96 39 and
719 785 187 46 reports
938 783 80 41 for
1051 783 273 41 reference”:
1390 794 43 38 p.
1468 784 217 42 178-187.

93 841 52 53 ©
177 843 101 42 Oct.
309 844 71 47 22,
411 843 112 41 1935;
584 844 66 39 2c;
683 843 99 40 Oct.
815 842 57 39 24;
933 843 82 40 aff.
1047 843 101 40 Oct.
1180 842 55 40 26;
1298 843 42 39 A
1370 843 142 40 88011;
1577 842 350 42 McGraw-Hill
1961 845 122 40 book

158 912 82 37 co.,
267 902 90 39 inc.
431 900 280 49 (35-33144)

88 1015 301 66 Albrecht,
420 1017 143 53 Otto
590 1016 226 64 Edwin,
846 1019 168 51 1899-
1227 1017 85 52 ed.

159 1094 155 52 Four
356 1092 173 54 Latin
572 1095 166 66 plays
779 1093 66 53 of
888 1093 82 56 St.
1018 1092 272 54 Nicholas
1332 1092 153 55 from
1527 1095 98 51 the
1668 1096 132 52 12th
1844 1101 234 61 century

88 1171 214 69 Fleury
333 1171 338 68 play-book;
707 1175 121 49 text
861 1172 111 52 and
1006 1176 401 63 commentary,
1441 1170 141 54 with
1616 1191 31 33 a
1680 1173 171 67 study
1885 1172 66 53 of
1983 1174 95 51 the

88 1247 176 56 music
295 1249 64 52 of
385 1249 95 53 the
510 1248 180 68 plays,
722 1252 113 52 and
863 1248 63 53 of
953 1249 95 52 the
1077 1266 222 36 sources
1330 1249 112 52 and
1472 1248 392 69 iconography
1893 1248 64 54 of
1985 1251 93 52 the

89 1327 246 69 legends,
380 1327 75 68 by
500 1327 139 54 Otto
682 1327 67 52 E.
794 1326 291 53 Albrecht.
1165 1325 425 69 Philadelphia,
1635 1326 337 69 University
2016 1328 65 53 of

87 1403 424 69 Pennsylvania
550 1423 184 49 press;
775 1404 255 67 London,
1070 1405 76 52 H.
1185 1402 266 67 Milford,
1492 1403 230 55 Oxford
1762 1403 317 68 university

88 1503 172 49 press,
293 1488 150 49 1935.

160 1556 64 46 ix,
251 1555 85 40 160
362 1564 42 37 p.
463 1554 163 47 front.,
654 1554 127 41 illus.
809 1551 201 51 (music)
1045 1552 188 41 facsim.
1263 1552 202 49 (music)
1529 1552 55 41 23½
1617 1555 43 21 cm
1666 1586 9 9 .

161 1609 1918 49 “The ms. containing the four plays … is preserved in the public
89 1667 184 48 library
298 1671 54 37 at
378 1666 203 43 Orléans
608 1666 114 48 (Ms.
747 1665 100 48 201,
872 1665 114 40 olim
1013 1665 99 48 178,
1138 1665 312 40 Miscellanea
1476 1664 305 41 floriacensia
1810 1675 122 32 saec.
1958 1666 113 46 xiii)

141 1721 1936 54 … Originally in the possession of the monastery of Fleury, it passed
89 1777 1614 49 at the revolution … to the nearby library of Orléans.”--p. l.
159 1838 171 40 Issued
358 1838 102 39 also
485 1847 55 29 as
567 1836 153 41 thesis
746 1835 108 48 (PH.
912 1835 34 48 D.)
982 1833 283 49 University
1290 1834 53 40 of
1369 1835 374 48 Pennsylvania.

158 1894 375 48 Bibliography:
563 1904 43 37 p.
636 1892 215 44 143-155.

90 1948 52 53 ©
182 1952 126 48 Sept
347 1952 40 46 6,
425 1951 113 40 1935;
606 1950 67 40 2c.
715 1950 128 48 Sept.
881 1950 54 40 13;
1003 1949 83 40 aff.
1126 1950 127 47 Sept.
1292 1948 55 39 12;
1416 1948 42 39 A
1494 1948 146 41 86287;
1708 1947 285 50 University
2029 1949 54 40 of

155 2008 358 48 Pennsylvania
540 2018 149 37 press.
760 2005 252 49 (35-34452
1025 2008 14 47 )

88 2111 140 54 Alec
269 2113 102 52 the
416 2112 210 61 Great;
671 2128 184 35 verses
895 2110 74 66 by
1012 2111 68 52 R.
1122 2110 71 52 D.
1237 2110 72 52 D.;
1385 2108 289 67 drawings
1716 2108 74 68 by
1833 2108 241 54 Edwina

178 2188 192 69 [pseud.]
468 2187 229 67 Racine,
724 2185 158 69 Wis.,
906 2184 296 54 Whitman
1232 2182 335 70 publishing
1592 2201 277 51 company
1923 2186 134 49 [1933]

153 2257 745 52 1 p. l. , 7-92 p. illus. 19cm.
85 2316 53 53 ©
163 2321 117 39 Nov.
307 2320 70 46 27,
404 2318 140 46 1884;
575 2318 66 40 2c.
670 2318 96 40 and
792 2316 80 41 aff.
901 2318 112 38 Dec.
1039 2316 81 46 10;
1151 2317 41 38 A
1220 2315 171 47 78827;
1422 2315 187 48 George
1634 2316 238 39 Matthew
1899 2316 184 40 Adams

155 2377 197 47 service,
377 2377 117 39 New
520 2376 142 38 York.
734 2373 278 49 (35-33583)

86 2479 173 53 Anna
291 2478 232 66 Louise,
555 2480 183 62 sister,
773 2480 170 51 1873-

155 2550 1921 70 Bible stories for children, by Sister Anna Louise … with
86 2626 1995 77 preface by Rev. Augustine F. Hickey … New York, Schwartz,
86 2710 731 66 Kirwin & Fauss [c 1935]
153 2781 88 41 viii
269 2791 58 38 p.,
358 2780 25 39 1
449 2811 9 17 l.,
488 2778 83 41 191
602 2790 42 37 p.
705 2779 128 39 illus.
892 2777 56 40 19½
980 2779 44 22 cm
1029 2809 8 8 .

89 2838 53 53 ©
177 2842 117 39 Nov.
331 2841 41 46 4,
410 2839 113 41 1935;
588 2839 67 40 2c.
694 2839 94 39 and
827 2837 80 40 aff.
945 2837 118 38 Nov.
1098 2837 55 38 14;
1222 2836 40 38 A
1299 2835 143 41 88213;
1512 2836 262 48 Schwartz,
1813 2836 192 40 Kirwin
2043 2838 36 39 &

155 2899 169 39 Fauss.
388 2896 279 50 [Copyright
691 2894 42 41 is
757 2895 205 40 claimed
986 2904 60 28 on
1071 2903 105 29 new
1200 2895 194 46 matter]
1467 2892 279 50 (35-33135)

85 3001 177 63 Back,
289 3001 194 54 Claus.

157 3080 120 51 Der
327 3096 145 49 page
526 3076 380 65 Konstantin;
963 3093 199 35 roman
1215 3093 110 33 von
1380 3074 173 54 Claus
1606 3074 174 54 Back.
1858 3076 215 54 Berlin.

85 3158 71 52 A.
185 3155 214 58 Scherl,
427 3159 148 49 1934.

179 3231 73 38 1 v.
86 3280 1991 55 © Mar. 21, 1934; 1c. June 14; A-Foreign 24838; August Scherl, g. m.
157 3344 42 39 b.
224 3344 45 38 h.

91 3444 277 67 [Bassett,
398 3440 255 56 William
684 3441 225 53 Burnet
941 3437 253 70 Kinney]
1233 3444 170 49 1908-

156 3524 156 52 Echo
370 3526 45 49 &
471 3519 305 65 reflection,
832 3519 75 66 by
963 3520 169 52 Peter
1189 3518 218 53 Darien
1488 3520 213 67 [pseud.]
1801 3520 266 67 Berkeley
86 3600 264 69 Heights,

375 3599 71 51 N.
474 3598 76 62 J.,
576 3596 122 53 The
726 3594 193 55 Oriole
946 3613 174 50 press,
1150 3598 150 50 1935.

154 3674 55 40 12
233 3685 59 37 p.,
320 3673 25 39 1
391 3703 8 9 l.
457 3670 55 39 22
515 3672 43 21 cm
563 3702 8 9 .

154 3731 182 40 Poems.

159 3785 127 41 “The
317 3782 183 43 edition
531 3783 44 40 is
605 3780 189 42 limited
829 3783 45 37 to
905 3779 135 48 forty
1070 3780 158 47 copies
1260 3792 62 28 on
1353 3782 225 47 Tuscany
1610 3783 275 43 handmade
1917 3797 162 36 paper.

85 3842 116 40 This
226 3852 118 38 copy
369 3841 43 39 is
438 3839 200 40 number
664 3837 99 40 40.”

89 3895 52 53 ©
178 3899 117 39 Nov.
334 3898 68 46 10,
442 3895 139 42 1935;
622 3895 67 39 2c.
729 3895 95 37 and
861 3892 79 40 aff.
981 3893 119 39 Nov.
1139 3893 82 41 25:
1263 3894 40 37 A
1342 3894 171 50 89578;
1556 3897 183 44 Pacific
1775 3900 124 40 book
1938 3910 143 36 assn.,

153 3957 221 45 Tacoma,
403 3953 165 41 Wash.
638 3949 278 48 (35-38549)
