2526 4384
1242 3999 103 48 204

365 447 464 50 “Mimeographed.”

302 501 1998 55 © Jan. 25, 1935; 2c. and aff. Mar. 8; A 80844; V . E. Pitkin, Reading,
369 564 147 39 Mass.

299 666 31 51 I
367 666 158 63 poeti
560 665 168 54 lirici.
861 710 10 10 IV.
909 666 211 52 Tirteo.
1196 667 221 56 Solone.
1489 668 79 51 Le
1602 667 233 52 canzoni
1875 668 226 53 attiche.
2175 667 123 56 Con

367 743 261 53 incisioni
657 744 58 53 di
742 746 72 51 D.
842 744 312 54 Pettinelli.
1218 745 279 68 Bologna,
1524 746 69 53 N.
1622 745 330 68 Zanichelli,
1983 748 150 51 1935.

367 816 1932 51 4 p. l., [5]-331 p., 2 l. front., illus., plates. 21cm. (Half-title: I poeti
293 873 143 48 greci,
466 874 209 40 tradotti
702 875 62 39 da
794 875 172 40 Ettore
992 874 312 49 Romagnoli)

365 931 142 40 Head
533 932 97 39 and
656 930 89 41 tail
772 931 171 48 pieces.

364 988 237 41 Contains
629 987 166 42 music.

297 1040 2000 53 © Mar. 1, 1935; 1c. Mar. 13; A-Foreign 27212; Casa ed. N. Zanichelli.
298 1202 251 67 Pollard,
574 1204 156 55 John
757 1203 277 66 Garland,
1063 1205 169 55 1871-

374 1280 55 52 A
457 1286 308 63 connotary;
830 1278 323 57 definitions
1183 1287 100 48 not
1314 1280 184 54 found
1528 1282 61 52 in
1618 1279 382 68 dictionaries,
2032 1278 265 56 collected

305 1357 151 55 from
489 1359 96 54 the
616 1359 231 69 sayings
878 1357 65 55 of
976 1358 94 54 the
1103 1359 132 53 wise
1268 1357 113 54 and
1416 1357 314 70 otherwise,
1765 1356 75 70 by
1874 1357 130 56 Jno.
2040 1356 256 57 Garland

305 1433 1992 72 Pollard … illustrated by Fred O. Seibel. 3d ed., rev. and enl.
305 1513 136 54 New
472 1512 177 69 York,
677 1513 249 53 Thomas
955 1513 69 52 Y.
1057 1513 241 55 Crowell
1326 1531 279 52 company
1656 1516 156 50 [c1935]

372 1584 549 48 118 p. illus. 19½cm .
373 1642 213 40 “Fourth
617 1642 219 48 printing
875 1642 129 48 (first
1033 1642 217 48 printing
1276 1642 52 40 of
1359 1644 82 40 the
1469 1644 134 40 third
1631 1643 245 43 edition)"

296 1698 1984 110 © Feb. 19, 1935; 2c. and aff. Feb. 23; A 79772; J. G. Pollard, Washington. (35-3196)
296 1849 221 65 Pound,
547 1849 251 63 Arthur,
830 1854 170 51 1884-

367 1926 123 53 The
521 1926 209 68 golden
763 1926 190 67 earth;
990 1926 96 53 the
1118 1931 157 63 story
1307 1925 65 53 of
1402 1925 391 55 Manhattan’s
1827 1925 207 54 landed
2068 1926 226 68 wealth,

300 2002 1994 71 by Arthur Pound … New York, The Macmillan company,
300 2085 150 50 1935.

400 2154 809 50 x p., 1 l., 316 p. plates. 22½cm.
369 2213 344 47 “Throughout
743 2212 98 40 this
871 2212 133 40 work
1032 2213 23 39 I
1083 2213 122 39 have
1234 2212 117 40 been
1380 2212 112 48 ably
1521 2212 209 41 assisted
1762 2213 60 47 by
1851 2211 163 49 Philip
2041 2211 250 49 Huffman,

299 2270 104 39 who
431 2269 266 41 conducted
727 2270 84 40 the
837 2269 223 40 research
1091 2279 58 31 on
1178 2269 116 41 land
1322 2270 96 39 and
1446 2270 69 40 lot
1544 2269 169 49 prices,
1745 2269 148 48 titles,
1925 2267 309 44 etc.”—Pref.

365 2326 376 48 Bibliography:
774 2338 41 37 p.
849 2326 217 41 305-308.

297 2379 53 53 ©
378 2384 110 39 Feb.
516 2384 68 46 13,
613 2383 114 40 1935;
784 2383 68 40 2c.
883 2384 95 39 and
1008 2382 82 41 aff.
1120 2383 110 40 Feb.
1261 2383 56 39 14;
1375 2383 42 39 A
1446 2382 141 41 80433;
1647 2384 54 38 A.
1732 2383 183 47 Pound,
1944 2383 117 40 New
2090 2383 145 40 York.

375 2440 251 49 (35-3251)

295 2528 192 65 Prinz,
515 2531 324 64 Hermann,
870 2535 171 50 1868-

363 2605 261 53 Diseases
655 2604 65 55 of
750 2607 97 51 the
878 2606 198 52 mouth
1110 2606 112 52 and
1254 2605 150 53 their
1438 2610 333 62 treatment;
1806 2623 30 34 a
1868 2604 297 53 text-book
2196 2602 93 54 for

294 2682 400 68 practitioners
727 2684 112 52 and
870 2684 256 52 students
1155 2683 64 53 of
1247 2682 278 53 medicine
1557 2683 114 52 and
1702 2681 300 71 dentistry,
2031 2680 77 72 by
295 2681 1969 132 Hermann

491 2758 1797 71 Prinz … and Sigmund S. Greenbaum … illustrated with
295 2836 103 55 287
435 2836 345 70 engravings
819 2838 113 53 and
975 2841 63 50 11
1079 2838 223 53 colored
1343 2838 199 68 plates.
1620 2837 426 68 Philadelphia,
2086 2837 115 53 Lea
2242 2837 47 50 &

296 2914 260 70 Febiger,
585 2918 150 50 1935.

370 2986 1113 49 xiv, 602 p. illus., XI col. pl., diagr. 24cm.
367 3042 222 42 Includes
626 3042 270 42 references;
959 3043 236 41 “General
1229 3043 255 41 literature
1518 3054 61 29 on
1611 3042 214 42 diseases
1862 3043 53 41 of
1946 3044 82 40 the
2062 3041 197 42 mouth”:

297 3109 43 37 p.
374 3099 115 51 [582]

295 3154 53 53 ©
373 3158 108 40 Jan.
509 3157 70 47 31,
607 3156 113 41 1935;
776 3157 66 40 2c.
872 3158 110 39 Feb.
1010 3158 54 47 2;
1095 3157 79 40 aff.
1205 3158 110 39 Feb.
1343 3158 52 47 1;
1426 3159 42 38 A
1496 3156 169 49 79482;
1695 3159 96 39 Lea
1819 3158 39 41 &
1883 3156 216 50 Febiger,
362 3157 1908 107 Philadelphia.
641 3213 249 50 (35-3282)

292 3300 222 54 Punch.
630 3349 9 9 v.
670 3307 117 63 188,
812 3322 89 36 no.
930 3307 152 64 4885,
1108 3306 262 66 January
1397 3308 84 63 23,
1512 3306 148 51 1935.

298 3373 1988 53 © 1c. Mar. 19, 1935; A ad int. 20055; pubd. Jan. 23; Herbert Heather,
363 3434 210 40 London.

297 3522 164 64 Reid,
489 3524 275 53 Frances.

367 3599 48 51 F
420 3599 135 53 oods
587 3599 96 52 for
711 3603 179 49 smart
918 3599 402 66 entertaining,
1350 3599 76 65 by
1458 3598 48 52 F
1511 3616 193 34 ranees
1735 3596 146 54 Reid;
1944 3614 195 35 menus
2171 3594 112 54 and

298 3675 179 52 tested
525 3675 214 66 recipes
788 3674 95 53 for
928 3692 173 49 many
1148 3674 314 67 delightful
1512 3674 299 53 occasions.
1899 3673 156 66 [New
2105 3672 179 65 York,

297 3750 185 54 Home
511 3751 277 65 institute,
814 3753 178 64 c1935]

366 3821 56 42 32
457 3834 43 37 p.
560 3822 128 41 illus.
747 3821 116 43 23cm.

301 3874 52 55 ©
388 3878 109 40 Jan.
531 3880 70 46 11,
635 3878 116 41 1935;
813 3878 67 40 2c.
917 3879 94 39 and
1048 3878 81 39 aff.
1166 3878 108 39 Jan.
1310 3877 82 48 31;
1431 3878 42 38 A
1508 3876 168 48 80277;
1714 3878 156 40 Home
1902 3875 240 47 institute,
2180 3877 103 46 inc.,

363 3935 116 39 New
509 3935 144 40 York.
723 3934 250 49 (35-3162)
