2568 4342
1378 4103 65 50 86

398 484 251 65 Gosnell,
679 483 198 53 Frank
905 483 258 65 Lemuel,
1194 487 171 50 1892-

474 555 1922 71 The commandments of Christ, by Frank L. Gosnell … with
406 634 1966 148 a foreword by Cleland B. McAfee … New York [etc.] Fleming H. Revell company [ c 1935 ]
472 785 51 40 61
564 797 43 37 p.
667 784 58 41 19½
754 787 44 21 cm
802 817 9 9 .

405 856 51 52 ©
484 861 107 39 Jan.
619 861 40 44 5,
685 859 140 48 1935;
854 860 66 40 2c.
948 861 95 39 and
1070 858 81 41 aff.
1179 859 109 40 Jan.
1314 857 81 48 19;
1425 859 40 39 A
1491 857 170 49 80058;
1693 859 220 49 Fleming
1940 860 60 40 H.
2029 860 171 39 Revell
2224 869 66 30 co.

480 917 250 49 (35-1823)

400 1021 199 66 Greer,
627 1020 209 57 Sarah.

403 1096 1970 149 A bibliography of civil service and personnel administration [by] Sarah Greer …
1291 1177 138 53 New
1465 1176 163 54 York
1661 1178 114 51 and
1810 1178 258 64 London,
401 1176 1993 132 McGraw-Hill
555 1255 147 53 book
729 1272 296 50 company,
1053 1255 125 67 inc.,
1207 1259 151 50 1935.

475 1336 45 40 x,
546 1329 83 39 143
656 1336 43 37 p.
758 1327 55 40 23½
846 1329 45 22 cm
895 1359 9 8 .
974 1326 300 50 (Half-title:
1300 1325 319 43 Commission
1645 1328 50 39 of
1720 1325 195 49 inquiry
1941 1336 60 29 on
2029 1326 161 48 public
2215 1327 183 40 service

405 1386 267 45 personnel.
733 1385 300 48 Monograph
1059 1384 51 48 1)

407 1452 53 52 ©
489 1457 109 40 Jan.
627 1456 69 48 17,
728 1455 113 41 1935;
901 1457 66 39 2c.
999 1456 108 40 Jan.
1139 1455 83 48 21;
1252 1455 82 41 aff.
1366 1456 109 39 Jan.
1506 1455 82 48 19;
1621 1456 43 39 A
1693 1454 170 48 80091;
1897 1454 350 41 McGraw-Hill
2278 1455 122 40 book

473 1524 82 37 co.,
585 1514 89 39 inc.
745 1511 250 51 (35-1947)

403 1616 200 65 Grose,
630 1615 192 55 Sarah
852 1615 232 55 Louise.

474 1692 122 53 The
621 1692 162 53 flutes
809 1692 63 54 of
897 1693 202 66 spring
1130 1693 93 67 [by]
1273 1692 185 56 Sarah
1483 1693 206 53 Louise
1716 1692 193 55 Grose.
1970 1694 236 62 Boston,
2232 1693 70 51 R.
2329 1691 69 55 G.

402 1771 473 65 Badger [ c 1933]
475 1842 56 41 60
567 1852 45 39 p.
670 1841 60 41 20
730 1843 45 22 cm
778 1872 10 11 .

475 1897 184 43 Poems.

410 1952 52 51 ©
497 1956 102 41 Oct.
632 1955 69 47 15,
735 1954 116 41 1933;
910 1955 67 40 2c.
1013 1955 109 40 Jan.
1156 1954 69 47 18,
1260 1954 140 47 1935;
1435 1954 81 40 aff.
1553 1955 108 40 Jan.
1696 1953 82 49 19;
1815 1954 43 39 A
1891 1953 171 49 79273;
2100 1955 213 40 Richard
2349 1954 52 41 G.

475 2014 203 47 Badger.
751 2011 250 50 (35-1963)

407 2116 316 64 Guerrant,
751 2116 181 64 Hugh
959 2117 229 53 Porter.

407 2191 1970 144 Some poems that ring, by Hugh Porter Guerrant … [Philadelphia,
686 2270 121 52 The
835 2269 157 54 John
1022 2270 63 55 C.
1113 2269 267 55 Winston
1409 2287 297 49 company,
1731 2276 20 21 c
1755 2273 135 49 1934]

477 2341 25 38 2
532 2353 44 37 p.
639 2372 9 17 l.,
678 2341 85 40 134
792 2353 45 37 p.
895 2340 55 42 20½c
1000 2343 29 22 m
1032 2374 10 9 .

411 2394 53 52 ©
497 2399 110 39 Dec.
642 2398 69 48 20,
745 2398 117 41 1934;
922 2398 65 40 2c.
1025 2399 100 39 and
1157 2397 81 41 aff.
1275 2396 110 43 Feb.
1421 2399 40 48 1,
1495 2397 141 49 1935;
1673 2399 43 39 A
1750 2398 170 47 79471;
1958 2399 58 39 H.
2055 2399 51 40 P.
2144 2398 257 49 Guerrant,

479 2454 352 49 Philadelphia.
901 2454 251 49 (35-1967)

404 2557 239 66 Hamot,
675 2559 139 52 Mrs.
848 2557 163 55 Alice
1042 2558 358 67 (Turnidge)
1443 2560 172 54 1871-

478 2634 121 53 The
637 2636 136 52 trail
813 2635 234 68 blazers,
1087 2637 75 66 by
1202 2635 164 54 Alice
1418 2636 351 67 (Turnidge)
1819 2636 246 66 Hamot;
2107 2636 294 53 historical

409 2712 113 51 and
556 2711 386 68 genealogical
977 2715 198 51 record
1212 2713 63 54 of
1310 2715 157 66 early
1503 2714 231 67 pioneer
1769 2713 250 53 families
2056 2713 62 54 of
2156 2713 246 68 Oregon,

409 2788 268 53 Missouri
707 2790 112 51 and
846 2790 95 52 the
969 2788 199 56 South.
1231 2790 299 67 Portland,
1560 2790 117 66 Or.,
1707 2794 151 50 1935.

480 2860 1192 51 5 p. l., 459 p. incl. front. (port.) illus. 22 cm .
414 2913 53 52 ©
490 2918 109 39 Jan.
623 2918 69 46 28,
716 2917 140 47 1935;
882 2918 66 41 2c.
975 2918 109 40 Feb.
1108 2919 25 38 2;
1189 2918 81 41 aff.
1295 2919 109 40 Feb.
1431 2919 53 47 1;
1509 2919 41 39 A
1575 2918 172 49 79481;
1775 2920 54 38 A.
1855 2920 51 38 T.
1931 2920 197 47 Hamot,
2154 2920 249 48 Portland,

482 2974 79 40 Or.
631 2974 249 48 (35-2036)

410 3076 251 65 Hauser,
691 3077 328 64 Bengamin
1049 3078 309 64 Gayelord.

486 3151 198 53 Here’s
721 3152 126 53 how
883 3158 59 47 to
979 3152 68 55 be
1081 3153 251 68 healthy,
1369 3154 74 67 by
1483 3154 319 67 Bengamin
1841 3152 288 70 Gayelord
2164 3154 238 52 Hauser.

417 3228 134 53 New
584 3227 160 53 York
773 3229 132 69 city,
935 3229 68 53 N.
1036 3229 89 71 Y.,
1155 3231 216 69 Tempo
1401 3229 189 70 books,
1619 3231 105 54 inc.
1764 3267 12 33 [
1782 3239 18 23 c
1805 3234 151 66 1934]

484 3300 69 47 48,
590 3299 52 51 [8]
676 3311 43 37 p.
779 3300 57 40 19
837 3303 44 21 cm
885 3333 9 8 .

485 3357 159 39 Blank
671 3366 146 38 pages
843 3357 80 39 for
953 3358 160 40 “Your
1141 3369 107 30 own
1278 3360 212 48 recipes”
1530 3361 81 49 ([8]
1645 3363 51 39 at
1724 3361 116 48 end)

416 3413 52 51 ©
499 3418 117 39 Nov.
647 3415 69 44 28,
748 3416 139 48 1934;
922 3417 64 40 2c.
1022 3418 110 40 Dec.
1165 3418 52 47 5;
1252 3418 82 41 aff.
1365 3420 109 39 Jan.
1506 3421 40 46 4,
1579 3419 141 48 1935;
1755 3420 40 39 A
1827 3419 170 48 79108;
2031 3420 178 47 Tempo
2242 3419 161 48 books,

482 3473 90 41 inc.
643 3472 250 49 (35-1882)

411 3574 276 64 Herring,
717 3574 176 53 Elder
919 3575 331 57 Roosevelt.

471 3649 389 53 Wide-awake
883 3651 242 69 rhymes,
1146 3653 74 66 by
1245 3655 176 51 Elder
1445 3656 301 52 Roosevelt
1767 3655 284 67 Herring;
2078 3656 325 53 illustrated

411 3729 73 66 by
514 3727 218 68 Gladys
764 3727 374 55 Carambella.
1205 3730 325 69 Cleveland,
1560 3733 86 67 O.,
1675 3733 122 53 The
1824 3735 219 50 Harter
2069 3732 334 68 publishing

412 3824 279 48 company
726 3809 192 63 [c1935]

485 3878 734 49 1 p. l., 5-60 p., 1 l. illus. 19cm.
485 3935 285 39 Illustrated
805 3936 93 46 t.-p.

419 3986 54 52 ©
499 3991 109 39 Jan.
635 3992 39 45 7,
703 3989 140 49 1935;
873 3991 66 40 2c.
969 3991 109 40 Feb.
1106 3991 54 48 2;
1190 3992 82 40 aff.
1302 3993 109 40 Jan.
1441 3995 82 46 17;
1553 3994 44 40 A
1623 3993 168 47 80318;
1823 3994 184 39 Harter
2034 3994 108 48 pub.
2173 4005 65 29 co.

496 4046 250 50 (315-1983)
