<alto xmlns="http://www.loc.gov/standards/alto/ns-v3#" xmlns:xlink="http://www.w3.org/1999/xlink" xmlns:xsi="http://www.w3.org/2001/XMLSchema-instance" xsi:schemaLocation="http://www.loc.gov/standards/alto/ns-v3# http://www.loc.gov/alto/v3/alto-3-0.xsd"><Description>
<MeasurementUnit>pixel</MeasurementUnit>
<sourceImageInformation>
<fileName>1935_v32_Part1.pdf</fileName>
</sourceImageInformation>
<OCRProcessing ID="IdOcr">
<ocrProcessingStep>
<processingDateTime>2019-01-15</processingDateTime>
<processingSoftware>
<softwareCreator>ABBYY</softwareCreator>
<softwareName>ABBYY Recognition Server</softwareName>
<softwareVersion>4.0</softwareVersion>
</processingSoftware>
</ocrProcessingStep>
</OCRProcessing>
</Description>
<Styles>
<ParagraphStyle ID="StyleId-FFFFFFFF-FFFF-FFFF-FFFF-FFFFFFFFFFFF-" ALIGN="Left" LEFT="0." RIGHT="0." FIRSTLINE="0."/>
<ParagraphStyle ID="StyleId-09A13A44-4F77-4ABE-84F3-84CC8B3C72CE-" ALIGN="Left" LEFT="0." RIGHT="0." FIRSTLINE="0." LINESPACE="7.699999809"/>
<ParagraphStyle ID="StyleId-1F945060-F8CD-4435-B69A-5FF49DB0C586-" ALIGN="Left" LEFT="0." RIGHT="0." FIRSTLINE="-10." LINESPACE="12.19999981"/>
<ParagraphStyle ID="StyleId-C6CAE747-F5A4-4D0D-8D74-D452DA7E2C1C-" ALIGN="Block" LEFT="0." RIGHT="0." FIRSTLINE="-14." LINESPACE="8.350000381"/>
<ParagraphStyle ID="StyleId-FC0F3374-189A-459E-BE29-2DC14180F022-" ALIGN="Left" LEFT="0." RIGHT="0." FIRSTLINE="0."/>
<ParagraphStyle ID="StyleId-49397C49-A894-4B3E-BA5E-1126226BA375-" ALIGN="Left" LEFT="0." RIGHT="0." FIRSTLINE="-12." LINESPACE="11.09000015"/>
<ParagraphStyle ID="StyleId-9E34DD3A-E661-48BD-A3A1-6A3D48346F00-" ALIGN="Block" LEFT="0." RIGHT="0." FIRSTLINE="-14." LINESPACE="11.09000015"/>
<ParagraphStyle ID="StyleId-56CE54AA-A08B-4BAA-8605-F26020A0E36E-" ALIGN="Left" LEFT="0." RIGHT="0." FIRSTLINE="0." LINESPACE="9.399999619"/>
<ParagraphStyle ID="StyleId-77814FFC-C42F-4AA9-9880-EF33B947DEC8-" ALIGN="Left" LEFT="0." RIGHT="0." FIRSTLINE="-11." LINESPACE="11.06999969"/>
<ParagraphStyle ID="StyleId-FDE92EC0-67DC-4C7B-8A24-094B12C38B6C-" ALIGN="Center" LEFT="0." RIGHT="0." FIRSTLINE="0." LINESPACE="11.30000019"/>
<ParagraphStyle ID="StyleId-65180E3B-4C93-4FB8-81EE-E026DD63DBF3-" ALIGN="Left" LEFT="0." RIGHT="0." FIRSTLINE="0." LINESPACE="11.10000038"/>
<ParagraphStyle ID="StyleId-10E885C2-5813-4620-B0AA-0FBA30CF7A32-" ALIGN="Left" LEFT="0." RIGHT="0." FIRSTLINE="0." LINESPACE="9.5"/>
<ParagraphStyle ID="StyleId-913C2DB5-9F02-4067-BAF7-0AED37B60BBE-" ALIGN="Left" LEFT="0." RIGHT="0." FIRSTLINE="0." LINESPACE="6.099999905"/>
<ParagraphStyle ID="StyleId-9C79A9D2-8F08-4A8F-985D-B00E253ED1E5-" ALIGN="Left" LEFT="0." RIGHT="0." FIRSTLINE="0." LINESPACE="4.400000095"/>
<ParagraphStyle ID="StyleId-A41F0407-FEFE-4738-9EC5-E05AFFF62781-" ALIGN="Left" LEFT="0." RIGHT="0." FIRSTLINE="0." LINESPACE="7.300000191"/>
<ParagraphStyle ID="StyleId-61D37176-94E8-408D-9B87-01C406CE8AB2-" ALIGN="Left" LEFT="0." RIGHT="0." FIRSTLINE="0." LINESPACE="8.050000191"/>
</Styles>
<Layout>
<Page ID="Page1038" PHYSICAL_IMG_NR="1038" HEIGHT="4375" WIDTH="2424">
<TopMargin HEIGHT="464" WIDTH="2424" VPOS="0" HPOS="0">
</TopMargin>
<LeftMargin HEIGHT="3694" WIDTH="290" VPOS="464" HPOS="0">
</LeftMargin>
<RightMargin HEIGHT="3694" WIDTH="120" VPOS="464" HPOS="2304">
</RightMargin>
<BottomMargin HEIGHT="217" WIDTH="2424" VPOS="4158" HPOS="0">
</BottomMargin>
<PrintSpace HEIGHT="3694" WIDTH="2014" VPOS="464" HPOS="290">
<TextBlock ID="Page1038_Block1" HEIGHT="70" WIDTH="154" VPOS="4088" HPOS="1214" LANG="en-US" STYLEREFS="StyleId-8511769E-0F78-4953-AE22-BB0645C4DA7D-">
<TextLine HEIGHT="49" WIDTH="133" VPOS="4099" HPOS="1224">
<String CONTENT="1038" HEIGHT="49" WIDTH="133" VPOS="4099" HPOS="1224"/>
</TextLine>
</TextBlock>
<TextBlock ID="Page1038_Block2" HEIGHT="3628" WIDTH="2014" VPOS="464" HPOS="290" LANG="en-US" CS="1" STYLEREFS="StyleId-D896A2D7-0329-402C-BE88-83E586FE3923-">
<Shape>
<Polygon POINTS="290,464 2304,464 2304,3766 2054,3766 2054,3768 2052,3768 2052,4092 290,4092 290,464"/>
</Shape>
<TextLine HEIGHT="49" WIDTH="615" VPOS="558" HPOS="373" LANG="fr" CS="1">
<String CONTENT="4" HEIGHT="38" WIDTH="27" VPOS="562" HPOS="373"/>
<SP HEIGHT="42" WIDTH="26" VPOS="562" HPOS="401"/>
<String CS="1" CONTENT="p."/>
<SP/>
<String CS="1" CONTENT="l.," HEIGHT="16" WIDTH="8" VPOS="591" HPOS="534"/>
<SP HEIGHT="47" WIDTH="27" VPOS="560" HPOS="543"/>
<String CONTENT="11-291" HEIGHT="41" WIDTH="171" VPOS="558" HPOS="571"/>
<SP HEIGHT="48" WIDTH="27" VPOS="559" HPOS="743"/>
<String CONTENT="p." HEIGHT="38" WIDTH="43" VPOS="569" HPOS="771"/>
<SP HEIGHT="41" WIDTH="57" VPOS="559" HPOS="815"/>
<String CONTENT="19" HEIGHT="40" WIDTH="56" VPOS="559" HPOS="873"/>
<String STYLE="superscript" CS="1" CONTENT="cm" HEIGHT="20" WIDTH="15" VPOS="563" HPOS="931"/>
<String CONTENT="." HEIGHT="10" WIDTH="8" VPOS="590" HPOS="980"/>
</TextLine>
<TextLine HEIGHT="53" WIDTH="1986" VPOS="627" HPOS="303" LANG="fr" CS="1">
<String CONTENT="&#169;" HEIGHT="53" WIDTH="52" VPOS="627" HPOS="303"/>
<SP/>
<String CS="1" CONTENT="1c."/>
<SP HEIGHT="39" WIDTH="26" VPOS="632" HPOS="445"/>
<String LANG="en-US" CONTENT="June" HEIGHT="39" WIDTH="129" VPOS="632" HPOS="472"/>
<SP HEIGHT="40" WIDTH="19" VPOS="631" HPOS="602"/>
<String CONTENT="27," HEIGHT="47" WIDTH="69" VPOS="631" HPOS="622"/>
<SP HEIGHT="47" WIDTH="25" VPOS="631" HPOS="692"/>
<String CS="1" CONTENT="1935;" HEIGHT="41" WIDTH="114" VPOS="630" HPOS="718"/>
<SP HEIGHT="47" WIDTH="25" VPOS="630" HPOS="860"/>
<!-- cceid 9188CCDE-6D82-1014-B070-FDFD250A9EDA --><String CONTENT="A" HEIGHT="39" WIDTH="41" VPOS="630" HPOS="886"/>
<SP HEIGHT="39" WIDTH="24" VPOS="630" HPOS="928"/>
<String CONTENT="ad" HEIGHT="38" WIDTH="61" VPOS="633" HPOS="953"/>
<SP HEIGHT="41" WIDTH="23" VPOS="630" HPOS="1015"/>
<String CONTENT="int." HEIGHT="40" WIDTH="86" VPOS="630" HPOS="1039"/>
<SP HEIGHT="41" WIDTH="23" VPOS="629" HPOS="1126"/>
<String CS="1" CONTENT="20416;" HEIGHT="40" WIDTH="143" VPOS="629" HPOS="1150"/>
<SP HEIGHT="37" WIDTH="25" VPOS="640" HPOS="1321"/>
<String CONTENT="pubd." HEIGHT="48" WIDTH="143" VPOS="629" HPOS="1347"/>
<SP HEIGHT="39" WIDTH="27" VPOS="630" HPOS="1491"/>
<String CONTENT="May" HEIGHT="47" WIDTH="112" VPOS="630" HPOS="1519"/>
<SP HEIGHT="49" WIDTH="23" VPOS="628" HPOS="1632"/>
<String CS="1" CONTENT="2;" HEIGHT="40" WIDTH="25" VPOS="628" HPOS="1656"/>
<SP HEIGHT="46" WIDTH="29" VPOS="630" HPOS="1709"/>
<String CONTENT="K." HEIGHT="39" WIDTH="57" VPOS="630" HPOS="1739"/>
<SP HEIGHT="39" WIDTH="27" VPOS="630" HPOS="1797"/>
<String CONTENT="Holland," HEIGHT="47" WIDTH="227" VPOS="628" HPOS="1825"/>
<SP HEIGHT="47" WIDTH="27" VPOS="628" HPOS="2053"/>
<String CONTENT="London." HEIGHT="40" WIDTH="208" VPOS="628" HPOS="2081"/>
</TextLine>
<TextLine HEIGHT="47" WIDTH="279" VPOS="686" HPOS="385" LANG="fr">
<String CONTENT="(35-12189)" HEIGHT="47" WIDTH="279" VPOS="686" HPOS="385"/>
</TextLine>
<TextLine HEIGHT="66" WIDTH="1009" VPOS="790" HPOS="306" STYLEREFS="StyleId-60E015F0-0D4E-420C-912A-6C20AA6E48AC-">
<String LANG="fr" CONTENT="Holtzclaw," HEIGHT="65" WIDTH="335" VPOS="790" HPOS="306"/>
<SP HEIGHT="63" WIDTH="27" VPOS="792" HPOS="642"/>
<String LANG="fr" CONTENT="Henry" HEIGHT="64" WIDTH="206" VPOS="792" HPOS="670"/>
<SP HEIGHT="63" WIDTH="24" VPOS="793" HPOS="877"/>
<String LANG="en-US" CONTENT="Fuller," HEIGHT="63" WIDTH="213" VPOS="792" HPOS="902"/>
<SP HEIGHT="58" WIDTH="28" VPOS="797" HPOS="1116"/>
<String LANG="fr" CONTENT="1893-" HEIGHT="50" WIDTH="170" VPOS="797" HPOS="1145"/>
</TextLine>
<TextLine HEIGHT="68" WIDTH="1858" VPOS="867" HPOS="371" STYLEREFS="StyleId-60E015F0-0D4E-420C-912A-6C20AA6E48AC-" CS="1">
<String LANG="fr" CONTENT="The" HEIGHT="53" WIDTH="120" VPOS="869" HPOS="371"/>
<SP HEIGHT="48" WIDTH="44" VPOS="887" HPOS="492"/>
<String LANG="en-US" CONTENT="principles" HEIGHT="67" WIDTH="310" VPOS="868" HPOS="537"/>
<SP HEIGHT="35" WIDTH="43" VPOS="888" HPOS="848"/>
<String LANG="en-US" CONTENT="of" HEIGHT="54" WIDTH="63" VPOS="868" HPOS="892"/>
<SP HEIGHT="53" WIDTH="41" VPOS="868" HPOS="956"/>
<String LANG="fr" CONTENT="marketing," HEIGHT="67" WIDTH="341" VPOS="868" HPOS="998"/>
<SP HEIGHT="66" WIDTH="41" VPOS="869" HPOS="1340"/>
<String LANG="en-US" CONTENT="by" HEIGHT="66" WIDTH="76" VPOS="869" HPOS="1382"/>
<SP HEIGHT="66" WIDTH="42" VPOS="869" HPOS="1459"/>
<String LANG="fr" CONTENT="Henry" HEIGHT="66" WIDTH="202" VPOS="869" HPOS="1502"/>
<SP HEIGHT="67" WIDTH="42" VPOS="868" HPOS="1705"/>
<String LANG="fr" CONTENT="F." HEIGHT="53" WIDTH="67" VPOS="868" HPOS="1748"/>
<SP HEIGHT="54" WIDTH="43" VPOS="867" HPOS="1816"/>
<String LANG="fr" CONTENT="Holtzclaw" HEIGHT="53" WIDTH="320" VPOS="867" HPOS="1860"/>
<SP HEIGHT="35" WIDTH="48" VPOS="885" HPOS="2181"/>
<String LANG="fr" CS="1" CONTENT="&#8230;"/>
</TextLine>
<TextLine HEIGHT="68" WIDTH="1553" VPOS="945" HPOS="303" STYLEREFS="StyleId-60E015F0-0D4E-420C-912A-6C20AA6E48AC-" LANG="fr" CS="1">
<String CONTENT="New" HEIGHT="53" WIDTH="135" VPOS="945" HPOS="303"/>
<SP HEIGHT="53" WIDTH="35" VPOS="945" HPOS="439"/>
<String CONTENT="York," HEIGHT="68" WIDTH="178" VPOS="945" HPOS="475"/>
<SP HEIGHT="67" WIDTH="35" VPOS="946" HPOS="654"/>
<String CONTENT="Thomas" HEIGHT="53" WIDTH="246" VPOS="946" HPOS="690"/>
<SP HEIGHT="52" WIDTH="35" VPOS="947" HPOS="937"/>
<String CONTENT="Y." HEIGHT="54" WIDTH="73" VPOS="947" HPOS="973"/>
<SP HEIGHT="55" WIDTH="36" VPOS="946" HPOS="1047"/>
<String LANG="en-US" CONTENT="Crowell" HEIGHT="55" WIDTH="244" VPOS="946" HPOS="1084"/>
<SP HEIGHT="51" WIDTH="35" VPOS="948" HPOS="1329"/>
<String CONTENT="company" HEIGHT="48" WIDTH="279" VPOS="964" HPOS="1365"/>
<SP HEIGHT="47" WIDTH="39" VPOS="965" HPOS="1645"/>
<String CS="1" CONTENT="["/>
<String STYLE="superscript" CONTENT="c" HEIGHT="22" WIDTH="19" VPOS="951" HPOS="1701"/>
<String CS="1" CONTENT="1935]" HEIGHT="50" WIDTH="131" VPOS="948" HPOS="1725"/>
</TextLine>
<TextLine HEIGHT="53" WIDTH="1637" VPOS="1028" HPOS="372" STYLEREFS="StyleId-60E015F0-0D4E-420C-912A-6C20AA6E48AC-" LANG="fr" CS="1">
<String CONTENT="viii" HEIGHT="43" WIDTH="86" VPOS="1028" HPOS="372"/>
<SP HEIGHT="49" WIDTH="31" VPOS="1031" HPOS="459"/>
<String CONTENT="p.," HEIGHT="38" WIDTH="57" VPOS="1042" HPOS="491"/>
<SP HEIGHT="48" WIDTH="34" VPOS="1032" HPOS="549"/>
<String CONTENT="1" HEIGHT="39" WIDTH="25" VPOS="1032" HPOS="584"/>
<SP HEIGHT="41" WIDTH="28" VPOS="1031" HPOS="610"/>
<String CS="1" CONTENT="l," HEIGHT="18" WIDTH="9" VPOS="1063" HPOS="675"/>
<SP HEIGHT="49" WIDTH="31" VPOS="1032" HPOS="685"/>
<String CONTENT="694" HEIGHT="42" WIDTH="87" VPOS="1031" HPOS="717"/>
<SP HEIGHT="49" WIDTH="27" VPOS="1032" HPOS="805"/>
<String CONTENT="p." HEIGHT="38" WIDTH="43" VPOS="1043" HPOS="833"/>
<SP HEIGHT="41" WIDTH="59" VPOS="1032" HPOS="877"/>
<String CONTENT="illus." HEIGHT="41" WIDTH="128" VPOS="1032" HPOS="937"/>
<SP HEIGHT="48" WIDTH="27" VPOS="1032" HPOS="1066"/>
<String CONTENT="(incl." HEIGHT="48" WIDTH="133" VPOS="1032" HPOS="1094"/>
<SP HEIGHT="29" WIDTH="31" VPOS="1043" HPOS="1228"/>
<String LANG="en-US" CONTENT="maps," HEIGHT="39" WIDTH="151" VPOS="1042" HPOS="1260"/>
<SP HEIGHT="38" WIDTH="32" VPOS="1043" HPOS="1412"/>
<String CONTENT="plan)" HEIGHT="48" WIDTH="138" VPOS="1033" HPOS="1445"/>
<SP HEIGHT="47" WIDTH="41" VPOS="1033" HPOS="1584"/>
<String CONTENT="diagrs." HEIGHT="48" WIDTH="179" VPOS="1033" HPOS="1626"/>
<SP HEIGHT="41" WIDTH="58" VPOS="1031" HPOS="1806"/>
<String CONTENT="22" HEIGHT="39" WIDTH="55" VPOS="1030" HPOS="1865"/>
<String LANG="en-US" CS="1" CONTENT="&#189;"/>
<String STYLE="superscript" CONTENT="cm" HEIGHT="20" WIDTH="43" VPOS="1033" HPOS="1953"/>
<String CONTENT="." HEIGHT="8" WIDTH="8" VPOS="1062" HPOS="2001"/>
</TextLine>
<TextLine HEIGHT="53" WIDTH="1914" VPOS="1098" HPOS="374" CS="1">
<String CONTENT="&#8220;Selected" HEIGHT="44" WIDTH="246" VPOS="1098" HPOS="374"/>
<SP HEIGHT="41" WIDTH="29" VPOS="1100" HPOS="621"/>
<String CONTENT="references&#8221;" HEIGHT="42" WIDTH="300" VPOS="1101" HPOS="651"/>
<SP HEIGHT="40" WIDTH="30" VPOS="1102" HPOS="952"/>
<String CONTENT="at" HEIGHT="38" WIDTH="54" VPOS="1105" HPOS="983"/>
<SP HEIGHT="39" WIDTH="25" VPOS="1105" HPOS="1038"/>
<String CONTENT="end" HEIGHT="42" WIDTH="91" VPOS="1102" HPOS="1064"/>
<SP HEIGHT="41" WIDTH="29" VPOS="1102" HPOS="1156"/>
<String CONTENT="of" HEIGHT="42" WIDTH="53" VPOS="1101" HPOS="1186"/>
<SP HEIGHT="42" WIDTH="24" VPOS="1101" HPOS="1240"/>
<String CONTENT="each" HEIGHT="40" WIDTH="117" VPOS="1103" HPOS="1265"/>
<SP HEIGHT="39" WIDTH="29" VPOS="1103" HPOS="1383"/>
<String CONTENT="chapter" HEIGHT="48" WIDTH="199" VPOS="1103" HPOS="1413"/>
<SP HEIGHT="30" WIDTH="29" VPOS="1113" HPOS="1613"/>
<String CONTENT="except" HEIGHT="45" WIDTH="169" VPOS="1105" HPOS="1643"/>
<SP HEIGHT="37" WIDTH="28" VPOS="1105" HPOS="1813"/>
<String CONTENT="chapters" HEIGHT="48" WIDTH="225" VPOS="1102" HPOS="1842"/>
<SP HEIGHT="29" WIDTH="28" VPOS="1112" HPOS="2068"/>
<String CS="1" CONTENT="VII"/>
<SP HEIGHT="30" WIDTH="26" VPOS="1111" HPOS="2169"/>
<String CONTENT="and" HEIGHT="39" WIDTH="92" VPOS="1102" HPOS="2196"/>
</TextLine>
<TextLine HEIGHT="10" WIDTH="9" VPOS="1189" HPOS="388" CS="1">
<String CS="1" CONTENT="XVI." HEIGHT="10" WIDTH="9" VPOS="1189" HPOS="388"/>
</TextLine>
<TextLine HEIGHT="53" WIDTH="1991" VPOS="1224" HPOS="303" CS="1">
<String CONTENT="&#169;" HEIGHT="53" WIDTH="52" VPOS="1224" HPOS="303"/>
<SP HEIGHT="53" WIDTH="23" VPOS="1224" HPOS="356"/>
<String CONTENT="July" HEIGHT="48" WIDTH="116" VPOS="1229" HPOS="380"/>
<SP HEIGHT="48" WIDTH="24" VPOS="1229" HPOS="497"/>
<String CS="1" CONTENT="19," HEIGHT="48" WIDTH="40" VPOS="1228" HPOS="550"/>
<SP HEIGHT="47" WIDTH="25" VPOS="1229" HPOS="591"/>
<String CONTENT="1935;" HEIGHT="48" WIDTH="139" VPOS="1228" HPOS="617"/>
<SP HEIGHT="46" WIDTH="27" VPOS="1230" HPOS="757"/>
<String CONTENT="2c." HEIGHT="39" WIDTH="66" VPOS="1230" HPOS="785"/>
<SP HEIGHT="40" WIDTH="25" VPOS="1229" HPOS="852"/>
<String CONTENT="July" HEIGHT="48" WIDTH="118" VPOS="1229" HPOS="878"/>
<SP HEIGHT="48" WIDTH="22" VPOS="1229" HPOS="997"/>
<String CONTENT="25;" HEIGHT="47" WIDTH="81" VPOS="1229" HPOS="1020"/>
<SP HEIGHT="38" WIDTH="28" VPOS="1238" HPOS="1102"/>
<String CS="1" CONTENT="aff."/>
<SP HEIGHT="39" WIDTH="29" VPOS="1230" HPOS="1214"/>
<String CONTENT="July" HEIGHT="47" WIDTH="114" VPOS="1230" HPOS="1244"/>
<SP HEIGHT="49" WIDTH="26" VPOS="1228" HPOS="1359"/>
<String CONTENT="24;" HEIGHT="47" WIDTH="81" VPOS="1228" HPOS="1386"/>
<SP HEIGHT="45" WIDTH="32" VPOS="1230" HPOS="1468"/>
<!-- cceid 918938A0-6D82-1014-B070-FDFD250A9EDA --><String CONTENT="A" HEIGHT="37" WIDTH="40" VPOS="1230" HPOS="1501"/>
<SP HEIGHT="40" WIDTH="25" VPOS="1229" HPOS="1542"/>
<String CONTENT="85168;" HEIGHT="47" WIDTH="169" VPOS="1229" HPOS="1568"/>
<SP HEIGHT="46" WIDTH="30" VPOS="1230" HPOS="1738"/>
<String CONTENT="Thomas" HEIGHT="39" WIDTH="209" VPOS="1230" HPOS="1769"/>
<SP HEIGHT="40" WIDTH="27" VPOS="1229" HPOS="1979"/>
<String CONTENT="Y." HEIGHT="40" WIDTH="54" VPOS="1229" HPOS="2007"/>
<SP HEIGHT="41" WIDTH="27" VPOS="1229" HPOS="2062"/>
<String CONTENT="Crowell" HEIGHT="42" WIDTH="204" VPOS="1228" HPOS="2090"/>
</TextLine>
<TextLine HEIGHT="49" WIDTH="417" VPOS="1285" HPOS="373">
<String CONTENT="co." HEIGHT="30" WIDTH="67" VPOS="1296" HPOS="373"/>
<SP HEIGHT="48" WIDTH="68" VPOS="1286" HPOS="441"/>
<String CONTENT="(35-11710)" HEIGHT="49" WIDTH="280" VPOS="1285" HPOS="510"/>
</TextLine>
<TextLine HEIGHT="67" WIDTH="1147" VPOS="1388" HPOS="306" STYLEREFS="StyleId-60E015F0-0D4E-420C-912A-6C20AA6E48AC-">
<String CONTENT="Hudson," HEIGHT="65" WIDTH="262" VPOS="1388" HPOS="306"/>
<SP HEIGHT="63" WIDTH="25" VPOS="1390" HPOS="569"/>
<String CONTENT="William" HEIGHT="56" WIDTH="255" VPOS="1388" HPOS="595"/>
<SP HEIGHT="52" WIDTH="24" VPOS="1390" HPOS="851"/>
<String CONTENT="Henry," HEIGHT="65" WIDTH="223" VPOS="1390" HPOS="876"/>
<SP HEIGHT="60" WIDTH="28" VPOS="1395" HPOS="1100"/>
<String CONTENT="1841-1922." HEIGHT="51" WIDTH="324" VPOS="1394" HPOS="1129"/>
</TextLine>
<TextLine HEIGHT="70" WIDTH="1919" VPOS="1463" HPOS="375" STYLEREFS="StyleId-60E015F0-0D4E-420C-912A-6C20AA6E48AC-">
<String CONTENT="Green" HEIGHT="55" WIDTH="184" VPOS="1464" HPOS="375"/>
<SP HEIGHT="34" WIDTH="25" VPOS="1483" HPOS="560"/>
<String CONTENT="mansions;" HEIGHT="66" WIDTH="311" VPOS="1466" HPOS="586"/>
<SP HEIGHT="49" WIDTH="32" VPOS="1483" HPOS="898"/>
<String CONTENT="a" HEIGHT="34" WIDTH="31" VPOS="1483" HPOS="931"/>
<SP HEIGHT="34" WIDTH="29" VPOS="1483" HPOS="963"/>
<String CONTENT="romance" HEIGHT="36" WIDTH="258" VPOS="1483" HPOS="993"/>
<SP HEIGHT="34" WIDTH="28" VPOS="1483" HPOS="1252"/>
<String CONTENT="of" HEIGHT="53" WIDTH="62" VPOS="1464" HPOS="1281"/>
<SP HEIGHT="55" WIDTH="27" VPOS="1464" HPOS="1344"/>
<String CONTENT="the" HEIGHT="54" WIDTH="94" VPOS="1465" HPOS="1372"/>
<SP HEIGHT="47" WIDTH="29" VPOS="1470" HPOS="1467"/>
<String CONTENT="tropical" HEIGHT="69" WIDTH="241" VPOS="1464" HPOS="1497"/>
<SP HEIGHT="52" WIDTH="31" VPOS="1464" HPOS="1739"/>
<String CONTENT="forest," HEIGHT="68" WIDTH="194" VPOS="1464" HPOS="1771"/>
<SP HEIGHT="68" WIDTH="27" VPOS="1464" HPOS="1966"/>
<String CONTENT="by" HEIGHT="69" WIDTH="74" VPOS="1464" HPOS="1994"/>
<SP HEIGHT="70" WIDTH="27" VPOS="1463" HPOS="2069"/>
<String CONTENT="W." HEIGHT="54" WIDTH="89" VPOS="1463" HPOS="2097"/>
<SP HEIGHT="53" WIDTH="30" VPOS="1464" HPOS="2187"/>
<String CONTENT="H." HEIGHT="54" WIDTH="76" VPOS="1464" HPOS="2218"/>
</TextLine>
<TextLine HEIGHT="147" WIDTH="1992" VPOS="1541" HPOS="303" STYLEREFS="StyleId-60E015F0-0D4E-420C-912A-6C20AA6E48AC-" CS="1">
<String CONTENT="Hudson;" HEIGHT="67" WIDTH="269" VPOS="1542" HPOS="306"/>
<SP HEIGHT="48" WIDTH="41" VPOS="1561" HPOS="576"/>
<String CONTENT="with" HEIGHT="55" WIDTH="140" VPOS="1542" HPOS="618"/>
<SP HEIGHT="52" WIDTH="41" VPOS="1542" HPOS="759"/>
<String CONTENT="an" HEIGHT="36" WIDTH="71" VPOS="1560" HPOS="801"/>
<SP HEIGHT="54" WIDTH="41" VPOS="1542" HPOS="873"/>
<String CONTENT="introduction" HEIGHT="54" WIDTH="386" VPOS="1542" HPOS="915"/>
<SP HEIGHT="53" WIDTH="38" VPOS="1542" HPOS="1302"/>
<String CONTENT="by" HEIGHT="69" WIDTH="74" VPOS="1542" HPOS="1341"/>
<SP HEIGHT="69" WIDTH="42" VPOS="1542" HPOS="1416"/>
<String CONTENT="Wm." HEIGHT="53" WIDTH="144" VPOS="1542" HPOS="1459"/>
<SP HEIGHT="53" WIDTH="44" VPOS="1542" HPOS="1604"/>
<String CONTENT="Beebe," HEIGHT="65" WIDTH="197" VPOS="1542" HPOS="1649"/>
<SP HEIGHT="45" WIDTH="41" VPOS="1562" HPOS="1847"/>
<String CONTENT="and" HEIGHT="54" WIDTH="113" VPOS="1542" HPOS="1889"/>
<SP HEIGHT="53" WIDTH="42" VPOS="1542" HPOS="2003"/>
<String CONTENT="illustrations" HEIGHT="131" WIDTH="1967" VPOS="1541" HPOS="303"/>
<SP HEIGHT="53" WIDTH="23" VPOS="1619" HPOS="452"/>
<String CONTENT="by" HEIGHT="69" WIDTH="74" VPOS="1619" HPOS="476"/>
<SP HEIGHT="68" WIDTH="23" VPOS="1620" HPOS="551"/>
<String CONTENT="Edward" HEIGHT="54" WIDTH="255" VPOS="1619" HPOS="575"/>
<SP HEIGHT="52" WIDTH="23" VPOS="1620" HPOS="831"/>
<String CONTENT="A." HEIGHT="51" WIDTH="68" VPOS="1620" HPOS="855"/>
<SP HEIGHT="53" WIDTH="26" VPOS="1619" HPOS="924"/>
<String CONTENT="Wilson." HEIGHT="53" WIDTH="235" VPOS="1619" HPOS="951"/>
<SP HEIGHT="51" WIDTH="75" VPOS="1619" HPOS="1187"/>
<String CONTENT="New" HEIGHT="54" WIDTH="135" VPOS="1619" HPOS="1263"/>
<SP HEIGHT="51" WIDTH="28" VPOS="1619" HPOS="1399"/>
<String CONTENT="York," HEIGHT="68" WIDTH="177" VPOS="1619" HPOS="1428"/>
<SP HEIGHT="67" WIDTH="25" VPOS="1620" HPOS="1606"/>
<String CONTENT="The" HEIGHT="50" WIDTH="119" VPOS="1620" HPOS="1632"/>
<SP HEIGHT="50" WIDTH="27" VPOS="1620" HPOS="1752"/>
<String CONTENT="Limited" HEIGHT="53" WIDTH="245" VPOS="1619" HPOS="1780"/>
<SP HEIGHT="52" WIDTH="26" VPOS="1619" HPOS="2026"/>
<String CONTENT="editions" HEIGHT="58" WIDTH="242" VPOS="1617" HPOS="2053"/>
</TextLine>
<TextLine HEIGHT="69" WIDTH="324" VPOS="1695" HPOS="304" STYLEREFS="StyleId-60E015F0-0D4E-420C-912A-6C20AA6E48AC-">
<String CONTENT="club," HEIGHT="69" WIDTH="145" VPOS="1695" HPOS="304"/>
<SP HEIGHT="64" WIDTH="27" VPOS="1700" HPOS="450"/>
<String CONTENT="1935." HEIGHT="51" WIDTH="150" VPOS="1699" HPOS="478"/>
</TextLine>
<TextLine HEIGHT="51" WIDTH="880" VPOS="1780" HPOS="374" CS="1">
<String CONTENT="xvi," HEIGHT="46" WIDTH="95" VPOS="1782" HPOS="374"/>
<SP HEIGHT="48" WIDTH="29" VPOS="1780" HPOS="470"/>
<String CONTENT="206" HEIGHT="42" WIDTH="87" VPOS="1780" HPOS="500"/>
<SP HEIGHT="50" WIDTH="25" VPOS="1781" HPOS="588"/>
<String LANG="fr" CONTENT="p.," HEIGHT="38" WIDTH="57" VPOS="1793" HPOS="614"/>
<SP HEIGHT="49" WIDTH="28" VPOS="1782" HPOS="672"/>
<String CONTENT="1" HEIGHT="40" WIDTH="26" VPOS="1782" HPOS="701"/>
<SP HEIGHT="40" WIDTH="27" VPOS="1782" HPOS="728"/>
<String CS="1" CONTENT="l." HEIGHT="10" WIDTH="9" VPOS="1813" HPOS="777"/>
<SP HEIGHT="31" WIDTH="58" VPOS="1792" HPOS="787"/>
<String CONTENT="col." HEIGHT="41" WIDTH="84" VPOS="1783" HPOS="846"/>
<SP HEIGHT="42" WIDTH="31" VPOS="1782" HPOS="931"/>
<String CONTENT="illus." HEIGHT="42" WIDTH="128" VPOS="1781" HPOS="963"/>
<SP HEIGHT="42" WIDTH="57" VPOS="1781" HPOS="1092"/>
<String CS="1" CONTENT="26&#189;" HEIGHT="41" WIDTH="58" VPOS="1781" HPOS="1150"/>
<String STYLE="superscript" CS="1" CONTENT="cm." HEIGHT="20" WIDTH="15" VPOS="1785" HPOS="1239"/>
</TextLine>
<TextLine HEIGHT="52" WIDTH="1918" VPOS="1852" HPOS="375">
<String CONTENT="&#8220;Fifteen" HEIGHT="41" WIDTH="221" VPOS="1852" HPOS="375"/>
<SP HEIGHT="38" WIDTH="37" VPOS="1855" HPOS="597"/>
<String CONTENT="hundred" HEIGHT="40" WIDTH="217" VPOS="1854" HPOS="635"/>
<SP HEIGHT="40" WIDTH="37" VPOS="1854" HPOS="853"/>
<String CONTENT="copies" HEIGHT="47" WIDTH="159" VPOS="1854" HPOS="891"/>
<SP HEIGHT="38" WIDTH="36" VPOS="1864" HPOS="1051"/>
<String CONTENT="printed" HEIGHT="48" WIDTH="190" VPOS="1854" HPOS="1088"/>
<SP HEIGHT="39" WIDTH="36" VPOS="1855" HPOS="1279"/>
<String CONTENT="at" HEIGHT="35" WIDTH="49" VPOS="1859" HPOS="1316"/>
<SP HEIGHT="36" WIDTH="38" VPOS="1858" HPOS="1366"/>
<String CONTENT="the" HEIGHT="39" WIDTH="79" VPOS="1855" HPOS="1405"/>
<SP HEIGHT="40" WIDTH="35" VPOS="1854" HPOS="1485"/>
<String CONTENT="Franklin" HEIGHT="40" WIDTH="236" VPOS="1854" HPOS="1521"/>
<SP HEIGHT="37" WIDTH="36" VPOS="1865" HPOS="1758"/>
<String CONTENT="printing" HEIGHT="49" WIDTH="217" VPOS="1855" HPOS="1795"/>
<SP HEIGHT="39" WIDTH="32" VPOS="1865" HPOS="2013"/>
<String CONTENT="company," HEIGHT="40" WIDTH="247" VPOS="1864" HPOS="2046"/>
</TextLine>
<TextLine HEIGHT="48" WIDTH="1988" VPOS="1910" HPOS="305" CS="1">
<String CONTENT="Philadelphia," HEIGHT="48" WIDTH="352" VPOS="1910" HPOS="305"/>
<SP HEIGHT="48" WIDTH="38" VPOS="1910" HPOS="658"/>
<String CONTENT="for" HEIGHT="40" WIDTH="78" VPOS="1910" HPOS="697"/>
<SP HEIGHT="38" WIDTH="36" VPOS="1912" HPOS="776"/>
<String CONTENT="the" HEIGHT="40" WIDTH="81" VPOS="1911" HPOS="813"/>
<SP HEIGHT="30" WIDTH="35" VPOS="1921" HPOS="895"/>
<String CONTENT="members" HEIGHT="41" WIDTH="236" VPOS="1911" HPOS="931"/>
<SP HEIGHT="32" WIDTH="35" VPOS="1920" HPOS="1168"/>
<String CONTENT="of" HEIGHT="39" WIDTH="50" VPOS="1911" HPOS="1204"/>
<SP HEIGHT="40" WIDTH="38" VPOS="1911" HPOS="1255"/>
<String CONTENT="the" HEIGHT="38" WIDTH="81" VPOS="1913" HPOS="1294"/>
<SP HEIGHT="39" WIDTH="36" VPOS="1912" HPOS="1376"/>
<String CONTENT="Limited" HEIGHT="40" WIDTH="208" VPOS="1911" HPOS="1413"/>
<SP HEIGHT="39" WIDTH="37" VPOS="1912" HPOS="1622"/>
<String CONTENT="editions" HEIGHT="40" WIDTH="209" VPOS="1912" HPOS="1660"/>
<SP HEIGHT="30" WIDTH="35" VPOS="1922" HPOS="1870"/>
<String CONTENT="club" HEIGHT="41" WIDTH="108" VPOS="1911" HPOS="1906"/>
<SP HEIGHT="42" WIDTH="38" VPOS="1911" HPOS="2015"/>
<String CS="1" CONTENT="&#8230;"/>
<SP HEIGHT="40" WIDTH="75" VPOS="1912" HPOS="2100"/>
<String CONTENT="This" HEIGHT="40" WIDTH="117" VPOS="1912" HPOS="2176"/>
</TextLine>
<TextLine HEIGHT="49" WIDTH="1596" VPOS="1967" HPOS="304">
<String CONTENT="copy" HEIGHT="39" WIDTH="117" VPOS="1975" HPOS="304"/>
<SP HEIGHT="46" WIDTH="30" VPOS="1967" HPOS="422"/>
<String CONTENT="is" HEIGHT="40" WIDTH="40" VPOS="1967" HPOS="453"/>
<SP HEIGHT="30" WIDTH="30" VPOS="1977" HPOS="494"/>
<String CONTENT="number" HEIGHT="40" WIDTH="201" VPOS="1967" HPOS="525"/>
<SP HEIGHT="41" WIDTH="29" VPOS="1967" HPOS="727"/>
<String CONTENT="Copyright" HEIGHT="48" WIDTH="265" VPOS="1967" HPOS="757"/>
<SP HEIGHT="39" WIDTH="30" VPOS="1969" HPOS="1023"/>
<String CONTENT="copy" HEIGHT="39" WIDTH="118" VPOS="1977" HPOS="1054"/>
<SP HEIGHT="39" WIDTH="32" VPOS="1977" HPOS="1173"/>
<String CONTENT="signed" HEIGHT="48" WIDTH="167" VPOS="1967" HPOS="1206"/>
<SP HEIGHT="40" WIDTH="30" VPOS="1968" HPOS="1374"/>
<String CONTENT="by" HEIGHT="47" WIDTH="61" VPOS="1968" HPOS="1405"/>
<SP HEIGHT="47" WIDTH="30" VPOS="1968" HPOS="1467"/>
<String CONTENT="E." HEIGHT="40" WIDTH="53" VPOS="1968" HPOS="1498"/>
<SP HEIGHT="41" WIDTH="32" VPOS="1967" HPOS="1552"/>
<String CONTENT="A." HEIGHT="42" WIDTH="53" VPOS="1967" HPOS="1585"/>
<SP HEIGHT="40" WIDTH="33" VPOS="1969" HPOS="1639"/>
<String CONTENT="Wilson.&#8221;" HEIGHT="41" WIDTH="227" VPOS="1967" HPOS="1673"/>
</TextLine>
<TextLine HEIGHT="52" WIDTH="1988" VPOS="2037" HPOS="305" CS="1">
<String CONTENT="&#169;" HEIGHT="52" WIDTH="53" VPOS="2037" HPOS="305"/>
<SP HEIGHT="52" WIDTH="22" VPOS="2037" HPOS="359"/>
<String CONTENT="Feb." HEIGHT="40" WIDTH="109" VPOS="2041" HPOS="382"/>
<SP HEIGHT="40" WIDTH="20" VPOS="2040" HPOS="492"/>
<String CONTENT="25," HEIGHT="47" WIDTH="69" VPOS="2040" HPOS="513"/>
<SP HEIGHT="44" WIDTH="24" VPOS="2043" HPOS="583"/>
<String CS="1" CONTENT="1935;" HEIGHT="42" WIDTH="112" VPOS="2039" HPOS="608"/>
<SP HEIGHT="47" WIDTH="23" VPOS="2041" HPOS="748"/>
<String CONTENT="2c." HEIGHT="40" WIDTH="67" VPOS="2041" HPOS="772"/>
<SP HEIGHT="29" WIDTH="23" VPOS="2051" HPOS="840"/>
<String CONTENT="and" HEIGHT="38" WIDTH="95" VPOS="2042" HPOS="864"/>
<SP HEIGHT="38" WIDTH="21" VPOS="2042" HPOS="960"/>
<String CONTENT="aff." HEIGHT="40" WIDTH="80" VPOS="2040" HPOS="982"/>
<SP HEIGHT="39" WIDTH="25" VPOS="2041" HPOS="1063"/>
<String CONTENT="July" HEIGHT="47" WIDTH="115" VPOS="2041" HPOS="1089"/>
<SP HEIGHT="46" WIDTH="21" VPOS="2042" HPOS="1205"/>
<String CONTENT="19;" HEIGHT="45" WIDTH="81" VPOS="2040" HPOS="1227"/>
<SP HEIGHT="44" WIDTH="23" VPOS="2041" HPOS="1309"/>
<!-- cceid 9189A004-6D82-1014-B070-FDFD250A9EDA --><String CONTENT="A" HEIGHT="37" WIDTH="40" VPOS="2041" HPOS="1333"/>
<SP HEIGHT="40" WIDTH="21" VPOS="2040" HPOS="1374"/>
<String CS="1" CONTENT="85086;" HEIGHT="40" WIDTH="142" VPOS="2040" HPOS="1396"/>
<SP HEIGHT="45" WIDTH="27" VPOS="2041" HPOS="1566"/>
<String CONTENT="Limited" HEIGHT="39" WIDTH="207" VPOS="2041" HPOS="1594"/>
<SP HEIGHT="39" WIDTH="22" VPOS="2041" HPOS="1802"/>
<String CONTENT="editions" HEIGHT="42" WIDTH="207" VPOS="2039" HPOS="1825"/>
<SP HEIGHT="29" WIDTH="24" VPOS="2051" HPOS="2033"/>
<String CONTENT="club," HEIGHT="48" WIDTH="120" VPOS="2041" HPOS="2058"/>
<SP HEIGHT="48" WIDTH="24" VPOS="2041" HPOS="2179"/>
<String CONTENT="inc." HEIGHT="40" WIDTH="89" VPOS="2041" HPOS="2204"/>
</TextLine>
<TextLine HEIGHT="49" WIDTH="1748" VPOS="2097" HPOS="376">
<String CONTENT="[Copyright" HEIGHT="48" WIDTH="283" VPOS="2098" HPOS="376"/>
<SP HEIGHT="39" WIDTH="24" VPOS="2099" HPOS="660"/>
<String CONTENT="is" HEIGHT="39" WIDTH="42" VPOS="2099" HPOS="685"/>
<SP HEIGHT="29" WIDTH="28" VPOS="2109" HPOS="728"/>
<String CONTENT="claimed" HEIGHT="40" WIDTH="202" VPOS="2098" HPOS="757"/>
<SP HEIGHT="39" WIDTH="27" VPOS="2099" HPOS="960"/>
<String CONTENT="on" HEIGHT="30" WIDTH="61" VPOS="2108" HPOS="988"/>
<SP HEIGHT="39" WIDTH="26" VPOS="2097" HPOS="1050"/>
<String CONTENT="introduction," HEIGHT="47" WIDTH="344" VPOS="2097" HPOS="1077"/>
<SP HEIGHT="47" WIDTH="32" VPOS="2097" HPOS="1422"/>
<String CONTENT="illustrations" HEIGHT="40" WIDTH="327" VPOS="2097" HPOS="1455"/>
<SP HEIGHT="30" WIDTH="31" VPOS="2107" HPOS="1783"/>
<String CONTENT="and" HEIGHT="38" WIDTH="96" VPOS="2099" HPOS="1815"/>
<SP HEIGHT="38" WIDTH="29" VPOS="2099" HPOS="1912"/>
<String CONTENT="design]" HEIGHT="49" WIDTH="182" VPOS="2097" HPOS="1942"/>
</TextLine>
<TextLine HEIGHT="48" WIDTH="277" VPOS="2154" HPOS="385">
<String CONTENT="(35-11903)" HEIGHT="48" WIDTH="277" VPOS="2154" HPOS="385"/>
</TextLine>
<TextLine HEIGHT="67" WIDTH="867" VPOS="2256" HPOS="308" STYLEREFS="StyleId-60E015F0-0D4E-420C-912A-6C20AA6E48AC-">
<String CONTENT="Husa," HEIGHT="63" WIDTH="183" VPOS="2257" HPOS="308"/>
<SP HEIGHT="62" WIDTH="27" VPOS="2258" HPOS="492"/>
<String CONTENT="William" HEIGHT="55" WIDTH="254" VPOS="2256" HPOS="520"/>
<SP HEIGHT="53" WIDTH="26" VPOS="2258" HPOS="775"/>
<String CONTENT="John," HEIGHT="65" WIDTH="171" VPOS="2258" HPOS="802"/>
<SP HEIGHT="59" WIDTH="30" VPOS="2264" HPOS="974"/>
<String CONTENT="1896-" HEIGHT="49" WIDTH="170" VPOS="2263" HPOS="1005"/>
</TextLine>
<TextLine HEIGHT="146" WIDTH="1986" VPOS="2335" HPOS="305" STYLEREFS="StyleId-60E015F0-0D4E-420C-912A-6C20AA6E48AC-" CS="1">
<String CONTENT="Pharmaceutical" HEIGHT="53" WIDTH="490" VPOS="2335" HPOS="378"/>
<SP HEIGHT="52" WIDTH="25" VPOS="2336" HPOS="869"/>
<String CONTENT="dispensing;" HEIGHT="68" WIDTH="358" VPOS="2335" HPOS="895"/>
<SP HEIGHT="47" WIDTH="30" VPOS="2354" HPOS="1254"/>
<String CONTENT="a" HEIGHT="32" WIDTH="30" VPOS="2355" HPOS="1285"/>
<SP HEIGHT="46" WIDTH="24" VPOS="2341" HPOS="1316"/>
<String CONTENT="textbook" HEIGHT="53" WIDTH="269" VPOS="2335" HPOS="1341"/>
<SP HEIGHT="51" WIDTH="24" VPOS="2335" HPOS="1611"/>
<String CONTENT="for" HEIGHT="52" WIDTH="95" VPOS="2335" HPOS="1636"/>
<SP HEIGHT="36" WIDTH="22" VPOS="2354" HPOS="1732"/>
<String CONTENT="students" HEIGHT="54" WIDTH="256" VPOS="2336" HPOS="1755"/>
<SP HEIGHT="35" WIDTH="24" VPOS="2353" HPOS="2012"/>
<String CONTENT="of" HEIGHT="52" WIDTH="63" VPOS="2335" HPOS="2037"/>
<SP HEIGHT="68" WIDTH="21" VPOS="2335" HPOS="2101"/>
<String CONTENT="pharmaceutical" HEIGHT="130" WIDTH="1964" VPOS="2336" HPOS="305"/>
<SP HEIGHT="51" WIDTH="31" VPOS="2414" HPOS="639"/>
<String CONTENT="compounding" HEIGHT="66" WIDTH="423" VPOS="2415" HPOS="671"/>
<SP HEIGHT="49" WIDTH="29" VPOS="2432" HPOS="1095"/>
<String CONTENT="and" HEIGHT="53" WIDTH="112" VPOS="2414" HPOS="1125"/>
<SP HEIGHT="52" WIDTH="30" VPOS="2414" HPOS="1238"/>
<String CONTENT="dispensing," HEIGHT="67" WIDTH="349" VPOS="2414" HPOS="1269"/>
<SP HEIGHT="65" WIDTH="28" VPOS="2414" HPOS="1619"/>
<String CONTENT="by" HEIGHT="66" WIDTH="74" VPOS="2414" HPOS="1648"/>
<SP HEIGHT="65" WIDTH="27" VPOS="2415" HPOS="1723"/>
<String CONTENT="William" HEIGHT="55" WIDTH="260" VPOS="2413" HPOS="1751"/>
<SP HEIGHT="53" WIDTH="28" VPOS="2415" HPOS="2012"/>
<String CONTENT="J." HEIGHT="53" WIDTH="55" VPOS="2415" HPOS="2041"/>
<SP HEIGHT="51" WIDTH="31" VPOS="2415" HPOS="2097"/>
<String CONTENT="Husa" HEIGHT="51" WIDTH="162" VPOS="2415" HPOS="2129"/>
</TextLine>
<TextLine HEIGHT="67" WIDTH="1196" VPOS="2491" HPOS="369" STYLEREFS="StyleId-60E015F0-0D4E-420C-912A-6C20AA6E48AC-" CS="1">
<String CS="1" CONTENT="&#8230;"/>
<SP HEIGHT="51" WIDTH="63" VPOS="2492" HPOS="369"/>
<String CONTENT="Iowa" HEIGHT="52" WIDTH="156" VPOS="2492" HPOS="433"/>
<SP HEIGHT="54" WIDTH="27" VPOS="2491" HPOS="590"/>
<String CONTENT="City," HEIGHT="67" WIDTH="152" VPOS="2491" HPOS="618"/>
<SP HEIGHT="65" WIDTH="24" VPOS="2493" HPOS="771"/>
<String CS="1" CONTENT="Ia.," HEIGHT="48" WIDTH="65" VPOS="2510" HPOS="833"/>
<SP HEIGHT="66" WIDTH="23" VPOS="2492" HPOS="899"/>
<String CONTENT="Husa" HEIGHT="52" WIDTH="165" VPOS="2492" HPOS="923"/>
<SP HEIGHT="53" WIDTH="23" VPOS="2491" HPOS="1089"/>
<String CONTENT="brothers," HEIGHT="66" WIDTH="276" VPOS="2491" HPOS="1113"/>
<SP HEIGHT="61" WIDTH="27" VPOS="2496" HPOS="1390"/>
<String CONTENT="1935." HEIGHT="50" WIDTH="147" VPOS="2495" HPOS="1418"/>
</TextLine>
<TextLine HEIGHT="50" WIDTH="752" VPOS="2577" HPOS="378" STYLEREFS="StyleId-60E015F0-0D4E-420C-912A-6C20AA6E48AC-" CS="1">
<String CONTENT="vii," HEIGHT="46" WIDTH="80" VPOS="2579" HPOS="378"/>
<SP HEIGHT="29" WIDTH="30" VPOS="2598" HPOS="459"/>
<String CS="1" CONTENT="[2]," HEIGHT="49" WIDTH="70" VPOS="2578" HPOS="490"/>
<SP HEIGHT="45" WIDTH="25" VPOS="2580" HPOS="561"/>
<String CONTENT="428" HEIGHT="40" WIDTH="87" VPOS="2578" HPOS="587"/>
<SP HEIGHT="47" WIDTH="25" VPOS="2579" HPOS="675"/>
<String CONTENT="p." HEIGHT="37" WIDTH="43" VPOS="2589" HPOS="701"/>
<SP HEIGHT="39" WIDTH="54" VPOS="2578" HPOS="745"/>
<String CONTENT="illus." HEIGHT="40" WIDTH="128" VPOS="2578" HPOS="800"/>
<SP HEIGHT="41" WIDTH="54" VPOS="2577" HPOS="929"/>
<String CS="1" CONTENT="23&#189;" HEIGHT="41" WIDTH="55" VPOS="2577" HPOS="984"/>
<String STYLE="superscript" CONTENT="cm" HEIGHT="21" WIDTH="44" VPOS="2580" HPOS="1073"/>
<String CONTENT="." HEIGHT="9" WIDTH="9" VPOS="2609" HPOS="1121"/>
</TextLine>
<TextLine HEIGHT="49" WIDTH="1216" VPOS="2647" HPOS="375">
<String CONTENT="Bibliography" HEIGHT="49" WIDTH="348" VPOS="2647" HPOS="375"/>
<SP HEIGHT="37" WIDTH="24" VPOS="2659" HPOS="724"/>
<String CONTENT="at" HEIGHT="38" WIDTH="52" VPOS="2650" HPOS="749"/>
<SP HEIGHT="38" WIDTH="24" VPOS="2650" HPOS="802"/>
<String CONTENT="end" HEIGHT="39" WIDTH="90" VPOS="2649" HPOS="827"/>
<SP HEIGHT="39" WIDTH="26" VPOS="2649" HPOS="918"/>
<String CONTENT="of" HEIGHT="41" WIDTH="53" VPOS="2647" HPOS="945"/>
<SP HEIGHT="39" WIDTH="19" VPOS="2647" HPOS="999"/>
<String CONTENT="most" HEIGHT="38" WIDTH="125" VPOS="2650" HPOS="1019"/>
<SP HEIGHT="38" WIDTH="24" VPOS="2650" HPOS="1145"/>
<String CONTENT="of" HEIGHT="40" WIDTH="51" VPOS="2647" HPOS="1170"/>
<SP HEIGHT="41" WIDTH="23" VPOS="2647" HPOS="1222"/>
<String CONTENT="the" HEIGHT="39" WIDTH="83" VPOS="2649" HPOS="1246"/>
<SP HEIGHT="30" WIDTH="24" VPOS="2658" HPOS="1330"/>
<String CONTENT="chapters." HEIGHT="47" WIDTH="236" VPOS="2648" HPOS="1355"/>
</TextLine>
<TextLine HEIGHT="109" WIDTH="1968" VPOS="2715" HPOS="308" CS="1">
<String CONTENT="&#169;" HEIGHT="52" WIDTH="52" VPOS="2715" HPOS="308"/>
<SP HEIGHT="52" WIDTH="22" VPOS="2715" HPOS="361"/>
<String CONTENT="May" HEIGHT="46" WIDTH="113" VPOS="2721" HPOS="384"/>
<SP HEIGHT="46" WIDTH="20" VPOS="2721" HPOS="498"/>
<String CONTENT="17," HEIGHT="45" WIDTH="68" VPOS="2721" HPOS="519"/>
<SP HEIGHT="45" WIDTH="23" VPOS="2721" HPOS="588"/>
<String CS="1" CONTENT="1935;" HEIGHT="39" WIDTH="113" VPOS="2719" HPOS="612"/>
<SP HEIGHT="45" WIDTH="24" VPOS="2719" HPOS="753"/>
<String CONTENT="2c." HEIGHT="39" WIDTH="67" VPOS="2719" HPOS="778"/>
<SP HEIGHT="37" WIDTH="22" VPOS="2721" HPOS="846"/>
<String CONTENT="May" HEIGHT="45" WIDTH="113" VPOS="2721" HPOS="869"/>
<SP HEIGHT="47" WIDTH="22" VPOS="2719" HPOS="983"/>
<String CS="1" CONTENT="22;" HEIGHT="37" WIDTH="56" VPOS="2719" HPOS="1006"/>
<SP HEIGHT="36" WIDTH="27" VPOS="2729" HPOS="1089"/>
<String CONTENT="aff." HEIGHT="38" WIDTH="79" VPOS="2719" HPOS="1117"/>
<SP HEIGHT="38" WIDTH="30" VPOS="2719" HPOS="1197"/>
<String CONTENT="June" HEIGHT="38" WIDTH="131" VPOS="2719" HPOS="1228"/>
<SP HEIGHT="36" WIDTH="18" VPOS="2721" HPOS="1360"/>
<String CONTENT="10;" HEIGHT="46" WIDTH="81" VPOS="2719" HPOS="1379"/>
<SP HEIGHT="45" WIDTH="26" VPOS="2720" HPOS="1461"/>
<!-- cceid 918A0898-6D82-1014-B070-FDFD250A9EDA --><String CONTENT="A" HEIGHT="37" WIDTH="40" VPOS="2720" HPOS="1488"/>
<SP HEIGHT="38" WIDTH="22" VPOS="2720" HPOS="1529"/>
<String CS="1" CONTENT="84203;" HEIGHT="40" WIDTH="142" VPOS="2718" HPOS="1552"/>
<SP HEIGHT="44" WIDTH="29" VPOS="2720" HPOS="1721"/>
<String CONTENT="W." HEIGHT="38" WIDTH="69" VPOS="2720" HPOS="1751"/>
<SP HEIGHT="39" WIDTH="27" VPOS="2719" HPOS="1821"/>
<String CONTENT="J." HEIGHT="39" WIDTH="41" VPOS="2719" HPOS="1849"/>
<SP HEIGHT="38" WIDTH="27" VPOS="2720" HPOS="1891"/>
<String CONTENT="Husa," HEIGHT="45" WIDTH="152" VPOS="2720" HPOS="1919"/>
<SP HEIGHT="46" WIDTH="26" VPOS="2719" HPOS="2072"/>
<String CONTENT="Gainesville," HEIGHT="105" WIDTH="1902" VPOS="2718" HPOS="374"/>
<SP HEIGHT="47" WIDTH="32" VPOS="2776" HPOS="502"/>
<String CONTENT="Fla." HEIGHT="39" WIDTH="103" VPOS="2776" HPOS="535"/>
<SP HEIGHT="48" WIDTH="68" VPOS="2775" HPOS="639"/>
<String CONTENT="(35-11864)" HEIGHT="50" WIDTH="278" VPOS="2774" HPOS="708"/>
</TextLine>
<TextLine HEIGHT="64" WIDTH="607" VPOS="2878" HPOS="307" STYLEREFS="StyleId-60E015F0-0D4E-420C-912A-6C20AA6E48AC-">
<String CONTENT="Jacobs," HEIGHT="64" WIDTH="230" VPOS="2878" HPOS="307"/>
<SP HEIGHT="63" WIDTH="28" VPOS="2879" HPOS="538"/>
<String CONTENT="Thornwell." HEIGHT="56" WIDTH="347" VPOS="2878" HPOS="567"/>
</TextLine>
<TextLine HEIGHT="70" WIDTH="1915" VPOS="2953" HPOS="374" STYLEREFS="StyleId-60E015F0-0D4E-420C-912A-6C20AA6E48AC-">
<String CONTENT="The" HEIGHT="52" WIDTH="121" VPOS="2953" HPOS="374"/>
<SP HEIGHT="34" WIDTH="29" VPOS="2971" HPOS="496"/>
<String CONTENT="new" HEIGHT="34" WIDTH="123" VPOS="2971" HPOS="526"/>
<SP HEIGHT="34" WIDTH="30" VPOS="2972" HPOS="650"/>
<String CONTENT="science" HEIGHT="53" WIDTH="212" VPOS="2953" HPOS="681"/>
<SP HEIGHT="35" WIDTH="29" VPOS="2971" HPOS="894"/>
<String CONTENT="and" HEIGHT="51" WIDTH="112" VPOS="2955" HPOS="924"/>
<SP HEIGHT="51" WIDTH="32" VPOS="2955" HPOS="1037"/>
<String CONTENT="the" HEIGHT="52" WIDTH="96" VPOS="2953" HPOS="1070"/>
<SP HEIGHT="34" WIDTH="29" VPOS="2972" HPOS="1167"/>
<String CONTENT="old" HEIGHT="52" WIDTH="94" VPOS="2954" HPOS="1197"/>
<SP HEIGHT="52" WIDTH="34" VPOS="2954" HPOS="1292"/>
<String CONTENT="religion," HEIGHT="70" WIDTH="259" VPOS="2953" HPOS="1327"/>
<SP HEIGHT="66" WIDTH="30" VPOS="2954" HPOS="1587"/>
<String CONTENT="by" HEIGHT="68" WIDTH="74" VPOS="2954" HPOS="1618"/>
<SP HEIGHT="68" WIDTH="30" VPOS="2954" HPOS="1693"/>
<String CONTENT="Thornwell" HEIGHT="52" WIDTH="326" VPOS="2954" HPOS="1724"/>
<SP HEIGHT="54" WIDTH="32" VPOS="2953" HPOS="2051"/>
<String CONTENT="Jacobs" HEIGHT="54" WIDTH="205" VPOS="2953" HPOS="2084"/>
</TextLine>
<TextLine HEIGHT="71" WIDTH="1923" VPOS="3029" HPOS="365" STYLEREFS="StyleId-60E015F0-0D4E-420C-912A-6C20AA6E48AC-" CS="1">
<String CS="1" CONTENT="&#8230;"/>
<SP HEIGHT="54" WIDTH="78" VPOS="3030" HPOS="365"/>
<String CONTENT="Oglethorpe" HEIGHT="69" WIDTH="352" VPOS="3030" HPOS="444"/>
<SP HEIGHT="53" WIDTH="37" VPOS="3031" HPOS="797"/>
<String CONTENT="University," HEIGHT="69" WIDTH="353" VPOS="3030" HPOS="835"/>
<SP HEIGHT="69" WIDTH="35" VPOS="3029" HPOS="1189"/>
<String CONTENT="Ga.," HEIGHT="69" WIDTH="124" VPOS="3029" HPOS="1225"/>
<SP HEIGHT="68" WIDTH="40" VPOS="3030" HPOS="1350"/>
<String CONTENT="Oglethorpe" HEIGHT="68" WIDTH="351" VPOS="3030" HPOS="1391"/>
<SP HEIGHT="34" WIDTH="37" VPOS="3049" HPOS="1743"/>
<String CONTENT="university" HEIGHT="70" WIDTH="314" VPOS="3030" HPOS="1781"/>
<SP HEIGHT="52" WIDTH="38" VPOS="3048" HPOS="2096"/>
<String CONTENT="press" HEIGHT="50" WIDTH="153" VPOS="3048" HPOS="2135"/>
</TextLine>
<TextLine HEIGHT="65" WIDTH="171" VPOS="3109" HPOS="310" STYLEREFS="StyleId-60E015F0-0D4E-420C-912A-6C20AA6E48AC-">
<String CONTENT="[1935]" HEIGHT="65" WIDTH="171" VPOS="3109" HPOS="310"/>
</TextLine>
<TextLine HEIGHT="51" WIDTH="1721" VPOS="3180" HPOS="376" CS="1">
<String CONTENT="xv," HEIGHT="33" WIDTH="75" VPOS="3194" HPOS="376"/>
<SP HEIGHT="29" WIDTH="31" VPOS="3202" HPOS="452"/>
<String CS="1" CONTENT="[1]." HEIGHT="29" WIDTH="70" VPOS="3202" HPOS="484"/>
<SP HEIGHT="40" WIDTH="29" VPOS="3183" HPOS="555"/>
<String CONTENT="526" HEIGHT="42" WIDTH="83" VPOS="3180" HPOS="585"/>
<SP HEIGHT="47" WIDTH="26" VPOS="3182" HPOS="669"/>
<String CONTENT="p." HEIGHT="36" WIDTH="43" VPOS="3193" HPOS="696"/>
<SP HEIGHT="41" WIDTH="25" VPOS="3181" HPOS="740"/>
<String CONTENT="incl." HEIGHT="41" WIDTH="108" VPOS="3181" HPOS="766"/>
<SP HEIGHT="41" WIDTH="25" VPOS="3181" HPOS="875"/>
<String CONTENT="front.," HEIGHT="48" WIDTH="164" VPOS="3181" HPOS="901"/>
<SP HEIGHT="48" WIDTH="28" VPOS="3181" HPOS="1066"/>
<String CONTENT="illus.," HEIGHT="46" WIDTH="142" VPOS="3181" HPOS="1095"/>
<SP HEIGHT="35" WIDTH="27" VPOS="3192" HPOS="1238"/>
<String CONTENT="maps," HEIGHT="38" WIDTH="150" VPOS="3191" HPOS="1266"/>
<SP HEIGHT="46" WIDTH="28" VPOS="3182" HPOS="1417"/>
<String CONTENT="diagrs." HEIGHT="47" WIDTH="179" VPOS="3182" HPOS="1446"/>
<SP HEIGHT="38" WIDTH="56" VPOS="3183" HPOS="1626"/>
<String CONTENT="fold." HEIGHT="38" WIDTH="116" VPOS="3183" HPOS="1683"/>
<SP HEIGHT="36" WIDTH="30" VPOS="3186" HPOS="1800"/>
<String CONTENT="tab." HEIGHT="40" WIDTH="94" VPOS="3182" HPOS="1831"/>
<SP HEIGHT="39" WIDTH="56" VPOS="3183" HPOS="1926"/>
<String CONTENT="24" HEIGHT="38" WIDTH="56" VPOS="3183" HPOS="1983"/>
<String STYLE="superscript" CONTENT="cm" HEIGHT="21" WIDTH="43" VPOS="3183" HPOS="2042"/>
<String CONTENT="." HEIGHT="9" WIDTH="8" VPOS="3213" HPOS="2089"/>
</TextLine>
<TextLine HEIGHT="47" WIDTH="1069" VPOS="3251" HPOS="377">
<String CONTENT="&#8220;Second" HEIGHT="40" WIDTH="211" VPOS="3252" HPOS="377"/>
<SP HEIGHT="39" WIDTH="24" VPOS="3252" HPOS="589"/>
<String CONTENT="edition," HEIGHT="47" WIDTH="196" VPOS="3251" HPOS="614"/>
<SP HEIGHT="36" WIDTH="26" VPOS="3262" HPOS="811"/>
<String CONTENT="revised" HEIGHT="40" WIDTH="187" VPOS="3251" HPOS="838"/>
<SP HEIGHT="39" WIDTH="26" VPOS="3252" HPOS="1026"/>
<String CONTENT="and" HEIGHT="38" WIDTH="95" VPOS="3253" HPOS="1053"/>
<SP HEIGHT="38" WIDTH="25" VPOS="3253" HPOS="1149"/>
<String CONTENT="enlarged.&quot;" HEIGHT="47" WIDTH="271" VPOS="3251" HPOS="1175"/>
</TextLine>
<TextLine HEIGHT="49" WIDTH="864" VPOS="3307" HPOS="378" CS="1">
<String CS="1" CONTENT="&#8220;Acknowledgments&#8221;:" HEIGHT="49" WIDTH="533" VPOS="3307" HPOS="378"/>
<SP HEIGHT="37" WIDTH="26" VPOS="3319" HPOS="941"/>
<String CONTENT="p." HEIGHT="37" WIDTH="42" VPOS="3319" HPOS="968"/>
<SP HEIGHT="29" WIDTH="26" VPOS="3318" HPOS="1011"/>
<String CONTENT="xi-[xiii]" HEIGHT="49" WIDTH="204" VPOS="3307" HPOS="1038"/>
</TextLine>
<TextLine HEIGHT="51" WIDTH="1985" VPOS="3374" HPOS="307" CS="1">
<String CONTENT="&#169;" HEIGHT="51" WIDTH="52" VPOS="3374" HPOS="307"/>
<SP HEIGHT="51" WIDTH="23" VPOS="3374" HPOS="360"/>
<String CONTENT="July" HEIGHT="47" WIDTH="117" VPOS="3378" HPOS="384"/>
<SP HEIGHT="46" WIDTH="22" VPOS="3379" HPOS="502"/>
<String CONTENT="1," HEIGHT="46" WIDTH="39" VPOS="3379" HPOS="525"/>
<SP HEIGHT="45" WIDTH="25" VPOS="3380" HPOS="565"/>
<String CS="1" CONTENT="1935;" HEIGHT="40" WIDTH="112" VPOS="3378" HPOS="591"/>
<SP HEIGHT="45" WIDTH="26" VPOS="3379" HPOS="731"/>
<String CONTENT="2c." HEIGHT="39" WIDTH="66" VPOS="3379" HPOS="758"/>
<SP HEIGHT="40" WIDTH="26" VPOS="3378" HPOS="825"/>
<String CONTENT="June" HEIGHT="39" WIDTH="126" VPOS="3378" HPOS="852"/>
<SP HEIGHT="39" WIDTH="22" VPOS="3378" HPOS="979"/>
<String CS="1" CONTENT="24;" HEIGHT="38" WIDTH="55" VPOS="3378" HPOS="1002"/>
<SP HEIGHT="35" WIDTH="26" VPOS="3388" HPOS="1085"/>
<String CONTENT="aff." HEIGHT="41" WIDTH="81" VPOS="3376" HPOS="1112"/>
<SP HEIGHT="38" WIDTH="25" VPOS="3378" HPOS="1194"/>
<String CONTENT="July" HEIGHT="47" WIDTH="115" VPOS="3378" HPOS="1220"/>
<SP HEIGHT="47" WIDTH="24" VPOS="3378" HPOS="1336"/>
<String CS="1" CONTENT="8;" HEIGHT="39" WIDTH="25" VPOS="3378" HPOS="1361"/>
<SP HEIGHT="45" WIDTH="31" VPOS="3378" HPOS="1413"/>
<!-- cceid 918A785E-6D82-1014-B070-FDFD250A9EDA --><String CONTENT="A" HEIGHT="38" WIDTH="40" VPOS="3378" HPOS="1445"/>
<SP HEIGHT="39" WIDTH="23" VPOS="3378" HPOS="1486"/>
<String CS="1" CONTENT="83998;" HEIGHT="41" WIDTH="141" VPOS="3376" HPOS="1510"/>
<SP HEIGHT="46" WIDTH="28" VPOS="3378" HPOS="1679"/>
<String CONTENT="T." HEIGHT="39" WIDTH="51" VPOS="3378" HPOS="1708"/>
<SP HEIGHT="39" WIDTH="25" VPOS="3378" HPOS="1760"/>
<String CONTENT="Jacobs," HEIGHT="46" WIDTH="188" VPOS="3378" HPOS="1786"/>
<SP HEIGHT="46" WIDTH="27" VPOS="3378" HPOS="1975"/>
<String CONTENT="Oglethorpe" HEIGHT="47" WIDTH="289" VPOS="3378" HPOS="2003"/>
</TextLine>
<TextLine HEIGHT="49" WIDTH="754" VPOS="3434" HPOS="376">
<String CONTENT="University," HEIGHT="49" WIDTH="293" VPOS="3434" HPOS="376"/>
<SP HEIGHT="49" WIDTH="26" VPOS="3434" HPOS="670"/>
<String CONTENT="Ga." HEIGHT="41" WIDTH="85" VPOS="3434" HPOS="697"/>
<SP HEIGHT="47" WIDTH="69" VPOS="3434" HPOS="783"/>
<String CONTENT="(35-11731)" HEIGHT="47" WIDTH="277" VPOS="3434" HPOS="853"/>
</TextLine>
<TextLine HEIGHT="65" WIDTH="984" VPOS="3536" HPOS="307" STYLEREFS="StyleId-60E015F0-0D4E-420C-912A-6C20AA6E48AC-">
<String CONTENT="Jameson," HEIGHT="65" WIDTH="295" VPOS="3536" HPOS="307"/>
<SP HEIGHT="62" WIDTH="28" VPOS="3539" HPOS="603"/>
<String CONTENT="Edwin" HEIGHT="53" WIDTH="205" VPOS="3537" HPOS="632"/>
<SP HEIGHT="52" WIDTH="27" VPOS="3538" HPOS="838"/>
<String CONTENT="Milton," HEIGHT="65" WIDTH="224" VPOS="3536" HPOS="866"/>
<SP HEIGHT="56" WIDTH="30" VPOS="3545" HPOS="1091"/>
<String CONTENT="1902-" HEIGHT="49" WIDTH="169" VPOS="3542" HPOS="1122"/>
</TextLine>
<TextLine HEIGHT="70" WIDTH="1911" VPOS="3609" HPOS="374" STYLEREFS="StyleId-60E015F0-0D4E-420C-912A-6C20AA6E48AC-">
<String CONTENT="Gynecological" HEIGHT="69" WIDTH="431" VPOS="3610" HPOS="374"/>
<SP HEIGHT="50" WIDTH="53" VPOS="3613" HPOS="806"/>
<String CONTENT="and" HEIGHT="53" WIDTH="110" VPOS="3612" HPOS="860"/>
<SP HEIGHT="53" WIDTH="50" VPOS="3612" HPOS="971"/>
<String CONTENT="obstetrical" HEIGHT="53" WIDTH="319" VPOS="3611" HPOS="1022"/>
<SP HEIGHT="50" WIDTH="52" VPOS="3614" HPOS="1342"/>
<String CONTENT="tuberculosis," HEIGHT="68" WIDTH="382" VPOS="3610" HPOS="1395"/>
<SP HEIGHT="66" WIDTH="49" VPOS="3612" HPOS="1778"/>
<String CONTENT="by" HEIGHT="67" WIDTH="70" VPOS="3612" HPOS="1828"/>
<SP HEIGHT="69" WIDTH="51" VPOS="3610" HPOS="1899"/>
<String CONTENT="Edwin" HEIGHT="53" WIDTH="206" VPOS="3610" HPOS="1951"/>
<SP HEIGHT="53" WIDTH="49" VPOS="3609" HPOS="2158"/>
<String CONTENT="M." HEIGHT="54" WIDTH="77" VPOS="3609" HPOS="2208"/>
</TextLine>
<TextLine HEIGHT="70" WIDTH="1981" VPOS="3686" HPOS="305" STYLEREFS="StyleId-60E015F0-0D4E-420C-912A-6C20AA6E48AC-" CS="1">
<String CONTENT="Jameson" HEIGHT="53" WIDTH="262" VPOS="3689" HPOS="305"/>
<SP HEIGHT="34" WIDTH="34" VPOS="3708" HPOS="568"/>
<String CS="1" CONTENT="&#8230;"/>
<SP HEIGHT="54" WIDTH="29" VPOS="3690" HPOS="659"/>
<String CONTENT="illustrated" HEIGHT="55" WIDTH="320" VPOS="3687" HPOS="689"/>
<SP HEIGHT="54" WIDTH="27" VPOS="3687" HPOS="1010"/>
<String CONTENT="with" HEIGHT="52" WIDTH="139" VPOS="3690" HPOS="1038"/>
<SP HEIGHT="51" WIDTH="26" VPOS="3690" HPOS="1178"/>
<String CONTENT="31" HEIGHT="47" WIDTH="63" VPOS="3693" HPOS="1205"/>
<SP HEIGHT="46" WIDTH="28" VPOS="3694" HPOS="1269"/>
<String CONTENT="engravings." HEIGHT="66" WIDTH="355" VPOS="3690" HPOS="1298"/>
<SP HEIGHT="53" WIDTH="74" VPOS="3688" HPOS="1654"/>
<String CONTENT="Philadelphia," HEIGHT="68" WIDTH="419" VPOS="3686" HPOS="1729"/>
<SP HEIGHT="67" WIDTH="24" VPOS="3687" HPOS="2149"/>
<String CONTENT="Lea" HEIGHT="53" WIDTH="112" VPOS="3687" HPOS="2174"/>
</TextLine>
<TextLine HEIGHT="67" WIDTH="513" VPOS="3765" HPOS="304" STYLEREFS="StyleId-60E015F0-0D4E-420C-912A-6C20AA6E48AC-">
<String CONTENT="&amp;" HEIGHT="49" WIDTH="43" VPOS="3767" HPOS="304"/>
<SP HEIGHT="50" WIDTH="31" VPOS="3766" HPOS="348"/>
<String CONTENT="Febiger," HEIGHT="67" WIDTH="255" VPOS="3765" HPOS="380"/>
<SP HEIGHT="61" WIDTH="30" VPOS="3769" HPOS="636"/>
<String CONTENT="1935." HEIGHT="50" WIDTH="150" VPOS="3768" HPOS="667"/>
</TextLine>
<TextLine HEIGHT="49" WIDTH="720" VPOS="3835" HPOS="376">
<String CONTENT="256" HEIGHT="40" WIDTH="85" VPOS="3835" HPOS="376"/>
<SP HEIGHT="47" WIDTH="30" VPOS="3835" HPOS="462"/>
<String CONTENT="p." HEIGHT="36" WIDTH="39" VPOS="3846" HPOS="493"/>
<SP HEIGHT="40" WIDTH="60" VPOS="3836" HPOS="533"/>
<String CONTENT="illus.," HEIGHT="48" WIDTH="141" VPOS="3836" HPOS="594"/>
<SP HEIGHT="46" WIDTH="33" VPOS="3838" HPOS="736"/>
<String CONTENT="diagr." HEIGHT="47" WIDTH="149" VPOS="3836" HPOS="770"/>
<SP HEIGHT="41" WIDTH="59" VPOS="3836" HPOS="920"/>
<String CONTENT="24" HEIGHT="39" WIDTH="56" VPOS="3836" HPOS="980"/>
<String STYLE="superscript" CONTENT="cm" HEIGHT="22" WIDTH="45" VPOS="3838" HPOS="1038"/>
<String CONTENT="." HEIGHT="9" WIDTH="9" VPOS="3867" HPOS="1087"/>
</TextLine>
<TextLine HEIGHT="51" WIDTH="727" VPOS="3905" HPOS="376" CS="1">
<String CS="1" CONTENT="Bibliography:" HEIGHT="49" WIDTH="344" VPOS="3905" HPOS="376"/>
<SP HEIGHT="38" WIDTH="31" VPOS="3916" HPOS="748"/>
<String CONTENT="p." HEIGHT="38" WIDTH="43" VPOS="3916" HPOS="780"/>
<SP HEIGHT="30" WIDTH="34" VPOS="3926" HPOS="824"/>
<String CONTENT="[209]-245." HEIGHT="51" WIDTH="244" VPOS="3905" HPOS="859"/>
</TextLine>
<TextLine HEIGHT="54" WIDTH="1735" VPOS="3974" HPOS="306" CS="1">
<String CONTENT="&#169;" HEIGHT="52" WIDTH="52" VPOS="3974" HPOS="306"/>
<SP HEIGHT="52" WIDTH="23" VPOS="3974" HPOS="359"/>
<String CONTENT="June" HEIGHT="39" WIDTH="126" VPOS="3979" HPOS="383"/>
<SP HEIGHT="38" WIDTH="22" VPOS="3979" HPOS="510"/>
<String CONTENT="25," HEIGHT="47" WIDTH="68" VPOS="3979" HPOS="533"/>
<SP HEIGHT="45" WIDTH="24" VPOS="3981" HPOS="602"/>
<String CS="1" CONTENT="1935;" HEIGHT="40" WIDTH="113" VPOS="3979" HPOS="627"/>
<SP HEIGHT="46" WIDTH="26" VPOS="3980" HPOS="767"/>
<String CONTENT="2c." HEIGHT="39" WIDTH="66" VPOS="3980" HPOS="794"/>
<SP HEIGHT="30" WIDTH="24" VPOS="3989" HPOS="861"/>
<String CONTENT="and" HEIGHT="38" WIDTH="94" VPOS="3980" HPOS="886"/>
<SP HEIGHT="38" WIDTH="24" VPOS="3980" HPOS="981"/>
<String CONTENT="aff." HEIGHT="40" WIDTH="81" VPOS="3979" HPOS="1006"/>
<SP HEIGHT="40" WIDTH="25" VPOS="3979" HPOS="1088"/>
<String CONTENT="June" HEIGHT="39" WIDTH="125" VPOS="3979" HPOS="1114"/>
<SP HEIGHT="39" WIDTH="26" VPOS="3979" HPOS="1240"/>
<String CONTENT="26;" HEIGHT="47" WIDTH="82" VPOS="3979" HPOS="1267"/>
<SP HEIGHT="47" WIDTH="26" VPOS="3979" HPOS="1350"/>
<!-- cceid 918AE2C3-6D82-1014-B070-FDFD250A9EDA --><String CONTENT="A" HEIGHT="39" WIDTH="44" VPOS="3979" HPOS="1377"/>
<SP HEIGHT="40" WIDTH="21" VPOS="3979" HPOS="1422"/>
<String CONTENT="84435;" HEIGHT="47" WIDTH="168" VPOS="3979" HPOS="1444"/>
<SP HEIGHT="47" WIDTH="27" VPOS="3979" HPOS="1613"/>
<String CONTENT="Lea" HEIGHT="39" WIDTH="95" VPOS="3979" HPOS="1641"/>
<SP HEIGHT="39" WIDTH="27" VPOS="3979" HPOS="1737"/>
<String CONTENT="&amp;" HEIGHT="39" WIDTH="35" VPOS="3979" HPOS="1765"/>
<SP HEIGHT="39" WIDTH="25" VPOS="3979" HPOS="1801"/>
<String CONTENT="Febiger." HEIGHT="49" WIDTH="214" VPOS="3979" HPOS="1827"/>
</TextLine>
<TextLine HEIGHT="47" WIDTH="277" VPOS="4035" HPOS="385">
<String CONTENT="(35-11594)" HEIGHT="47" WIDTH="277" VPOS="4035" HPOS="385"/>
</TextLine>
</TextBlock>
</PrintSpace>
</Page>
</Layout>
</alto>