2424 4375
1205 4086 99 48 516

260 461 245 65 Mosser,
538 463 241 64 Sawyer
810 462 348 65 McArthur,
1192 469 171 50 1905-

325 538 56 51 A
410 538 410 69 bibliography
847 538 64 53 of
940 540 320 66 Byzantine
1290 540 127 52 coin
1449 539 229 68 hoards,
1705 539 75 70 by
1816 539 233 70 Sawyer
2080 540 168 52 McA.

259 614 229 54 Mosser.
555 614 139 55 New
731 615 178 65 York,
943 616 121 53 The
1096 615 306 54 American
1436 615 363 55 numismatic
1833 617 229 70 society,
2100 619 151 51 1935.

364 718 9 17 x,
399 687 86 41 116
506 698 44 37 p.
604 686 145 42 16½cm.
812 688 298 49 (Half-title:
1134 688 326 41 Numismatic
1482 692 139 37 notes
1648 689 96 41 and
1773 691 320 47 monographs.
2163 700 89 41 [no.

288 743 67 50 67])

331 801 252 48 Arranged
608 800 375 49 alphabetically
1010 802 156 40 under
1190 803 82 39 the
1295 812 141 31 name
1461 802 54 40 of
1538 803 82 40 the
1644 803 136 48 place
1806 804 159 39 where
1993 804 82 40 the
2101 804 150 40 hoard

262 866 98 30 was
388 858 224 47 reported
643 860 48 37 to
721 859 124 40 have
874 858 119 41 been
1024 858 166 45 found,
1219 857 120 42 with
1371 858 249 41 notations
1651 869 60 30 on
1742 860 82 40 the
1854 861 233 46 contents,
261 870 1972 82 number
367 912 54 41 of
443 915 146 46 coins,
613 913 229 48 probable
866 916 112 39 date
1003 915 52 40 of
1079 915 174 46 burial,
1280 916 96 39 and
1402 915 289 48 disposition
1716 916 53 40 of
1791 917 82 40 the
1897 917 134 40 coins
2058 918 51 39 of
2135 917 117 42 each

260 968 150 41 hoard;
469 971 118 40 with
618 971 145 40 index
791 971 53 40 of
869 981 244 38 emperors
1143 972 97 40 and
1268 973 205 46 country
1501 973 338 48 geographical
1871 973 159 42 index.

330 1024 307 43 “Literature
664 1038 60 29 on
750 1028 225 47 sporadic
1000 1027 181 42 finds”:
1212 1038 42 38 p.
1282 1028 215 41 115-116.

262 1080 53 53 ©
339 1086 122 39 Mar.
483 1084 72 48 23,
578 1084 114 41 1935;
743 1085 68 40 2c.
835 1087 113 47 Apr.
973 1086 25 40 8;
1052 1085 82 41 aff.
1159 1087 112 47 Apr.
1298 1086 25 40 5;
1377 1086 41 40 A
1442 1086 170 48 82410;
1638 1089 158 39 Amer.
1824 1086 310 43 numismatic
2161 1099 90 31 soc.

341 1141 251 50 (35-6004)

258 1242 513 68 Nattan-Larrier,
807 1246 178 54 Louis
1018 1246 222 54 Adrien
1277 1247 226 65 Albert,
1542 1249 171 54 1875-
1923 1250 84 53 ed.

262 1322 1967 223 Traité de microbiologie, publié sous la direction de L. Nattan-Larrier … t. 2. Bactéries pathogènes (suite) par F. Bezançon,
518 1480 1731 70 A. Boquet, J. Bordet [ etc.] Paris, G. Doin & cie, 1934.
329 1552 1176 50 3 p. l., [3]-1138 p. illus., col. plates. 26 ½ cm.
261 1604 1995 55 © Nov. 27, 1934; 1c. Apr. 16, 1935; A- Foreign 27671; Gaston Doin &
330 1665 83 41 cie.

259 1765 236 67 Nelson,
529 1768 220 55 Harold
783 1770 267 63 Hayden,
1086 1772 170 54 1878-

430 1846 1823 69 … Work in western Thebes, 1931-33, by Harold H. Nelson
263 1925 112 52 and
405 1924 130 54 Uvo
566 1924 300 68 Hölscher,
892 1925 139 53 with
1064 1946 31 33 a
1127 1927 238 67 chapter
1391 1925 76 69 by
1499 1924 292 69 Siegfried
1827 1923 215 56 Schott.
262 1923 1966 147 Chicago,
440 2003 113 67 Ill.,
579 2003 123 54 The
723 2002 336 70 University
1087 2003 66 53 of
1178 2003 252 69 Chicago
1456 2021 157 50 press
1665 2006 151 64 [1934]

332 2076 79 47 vii,
442 2076 88 40 118
556 2086 44 38 p.
654 2076 166 49 front.,
849 2077 127 40 illus.
1006 2076 132 49 (incl.
1170 2078 166 47 plans)
1400 2076 147 41 24½cm.
1618 2077 126 49 (The
1774 2075 220 41 Oriental
2026 2074 227 42 institute

260 2133 52 40 of
335 2133 81 40 the
441 2132 280 49 University
743 2133 55 41 of
819 2133 220 48 Chicago.
1094 2133 221 41 Oriental
1340 2132 227 42 institute
1591 2131 446 47 communications,
2061 2142 76 30 no.
2162 2132 81 47 18)

331 2190 234 41 Previous
593 2193 188 45 reports
811 2200 60 30 on
900 2191 83 40 the
1011 2190 134 40 work
1174 2193 52 37 at
1255 2189 339 42 Medinet-Abu
1624 2199 126 31 were
1779 2188 255 49 published
2064 2198 57 31 as
259 2187 1974 101 Oriental
424 2245 228 42 institute
681 2246 431 42 communications
1144 2257 74 30 no.
1249 2247 41 47 5,
1321 2249 41 46 7,
1395 2246 59 40 10
1482 2248 97 39 and
1612 2247 55 39 15
1700 2247 156 39 under
1888 2245 82 41 the
2000 2244 252 49 following

261 2303 135 41 titles
412 2313 9 31 :
459 2303 216 41 Medinet
707 2303 144 40 Habu;
918 2304 214 40 Medinet
1168 2303 145 40 Habu
1349 2303 185 40 studies;
1602 2303 215 41 Medinet
1853 2303 143 39 Habu
2035 2305 188 46 reports;

262 2359 326 42 Excavations
614 2363 54 38 at
694 2360 194 41 ancient
912 2361 199 47 Thebes,
1140 2359 217 49 1930/31,
1385 2361 62 48 by
1477 2360 105 41 Uvo
1609 2359 249 41 Hölscher.

595 2417 175 41 CONTENTS..—The
805 2417 231 41 calendar
1071 2418 53 39 of
1157 2418 156 40 feasts
1351 2418 96 39 and
1484 2415 230 51 offerings
1751 2419 54 38 at
1842 2415 216 41 Medinet
2092 2415 158 47 Habu,

260 2473 62 49 by
363 2475 59 39 H.
468 2475 58 39 H.
571 2474 359 42 Nelson.—The
970 2475 157 40 feasts
1170 2474 54 40 of
1266 2475 200 46 Thebes,
1511 2473 62 49 by
1618 2472 241 50 Siegfried
1906 2471 345 43 Schott.—The

257 2531 329 48 excavations,
615 2531 60 49 by
704 2531 102 41 Uvo
836 2531 251 41 Hölscher.

260 2583 53 53 ©
341 2589 110 39 Dec.
481 2588 70 47 31,
579 2588 140 47 1934;
748 2588 67 40 2c.
845 2587 107 41 Feb.
982 2588 68 46 14,
1081 2586 140 49 1935;
1252 2587 82 41 aff.
1364 2588 108 39 Feb.
1504 2587 82 47 13;
1617 2588 40 38 A
1686 2585 170 49 80459;
1890 2586 280 47 University
2198 2585 53 39 of

331 2644 222 48 Chicago,
590 2645 223 47 Chicago.
882 2644 251 49 (35-6021)

259 2743 1987 149 New universal self-pronouncing dictionary of the English language … based upon the foundation laid by Noah Webster,
330 2897 1916 69 edited and modernized by W. J. Pelo … with an appendix
330 2977 332 67 containing
698 2976 226 69 foreign
963 2976 186 56 words
1189 2978 111 52 and
1338 2978 249 67 phrases,
1625 2976 294 56 Christian
1956 2993 191 35 names
2184 2972 63 55 of

329 3071 126 34 men
491 3054 112 52 and
639 3071 232 50 women,
902 3053 180 54 tables
1117 3054 64 53 of
1214 3054 238 67 weights
1489 3054 112 53 and
1634 3070 296 49 measures,
1964 3052 280 54 electrical

328 3129 171 68 units,
542 3130 435 68 abbreviations,
1020 3136 119 62 etc.,
1182 3137 100 47 etc.
1362 3130 424 67 Philadelphia,
1828 3130 416 53 International

329 3226 172 47 press,
536 3210 151 51 1935.

330 3278 1360 50 xvi p., 1 l., 1126 p. col. front., illus., plates. 20cm.
330 3334 73 41 On
431 3345 140 31 cover
588 3345 10 31 :
628 3333 258 42 Universal
911 3336 200 48 graphic
1136 3336 287 48 dictionary.

262 3388 52 52 ©
338 3393 120 39 Mar.
481 3392 69 48 29,
573 3392 114 40 1935;
737 3391 67 40 2c.
829 3392 111 47 Apr.
965 3392 82 46 25;
1075 3391 81 40 aff.
1181 3393 112 46 Apr.
1318 3391 83 47 23;
1426 3392 42 39 A
1492 3391 170 48 81582;
1688 3393 128 39 John
1841 3392 49 40 C.
1916 3393 222 40 Winston
2162 3402 81 39 co.,

329 3447 352 49 Philadelphia.
746 3445 280 52 [Copyright
1059 3448 40 40 is
1135 3448 205 40 claimed
1373 3460 61 28 on
1468 3448 235 40 revisions
1738 3450 95 38 and
1869 3448 259 49 additions]

339 3504 250 49 (35-6041)
2037 3502 117 43 3371

259 3606 144 54 New
429 3607 180 53 York.
683 3607 176 55 Stock
888 3605 316 66 exchange.
1282 3606 334 54 Committee
1644 3626 73 33 on
1740 3607 194 67 public
1956 3607 284 54 relations.

330 3683 121 52 The
476 3683 138 53 New
642 3683 163 53 York
829 3683 157 54 stock
1010 3682 311 67 exchange;
1350 3682 237 69 history,
1613 3683 409 68 organization,
260 3700 1959 126 operation,
425 3759 226 54 service.
749 3760 137 53 [New
916 3759 177 67 York]
1128 3759 336 56 Committee
1492 3778 70 34 on
1593 3758 295 70 publicity,
1917 3760 136 52 New
2082 3759 161 54 York

261 3837 158 53 stock
446 3837 301 67 exchange,
776 3839 172 50 c1935.

332 3908 56 41 23
417 3921 42 37 p.
487 3910 109 40 incl.
624 3909 163 46 front.,
817 3911 25 38 1
872 3910 126 41 illus.
1057 3908 115 41 22cm.

264 3958 52 55 ©
348 3966 108 40 Jan.
488 3965 41 49 2,
560 3964 113 42 1935;
732 3966 68 39 2c.
834 3967 108 39 Jan.
974 3966 26 39 3;
1063 3965 80 39 aff.
1178 3965 109 39 Jan.
1320 3964 52 47 9;
1407 3965 40 38 A
1480 3963 170 48 78947;
1686 3965 118 39 New
1835 3965 130 39 York
1998 3965 136 39 stock
331 3975 1894 95 exchange.
596 4021 249 49 (35-6057)
