2424 4375
35 3647 10 86 1

1094 4103 131 41 1119

165 472 315 69 [Spalding,
508 472 179 52 Baird
715 472 63 52 T.]

230 550 132 51 Life
389 548 111 53 and
527 547 265 63 teaching
817 547 61 52 of
902 547 94 52 the
1024 551 235 47 masters
1284 546 62 52 of
1370 547 94 51 the
1490 547 116 49 Far
1633 547 156 50 East,
1852 545 221 52 volume
2100 548 46 49 3.

223 624 1325 69 … Los Angeles. Calif.. DeVorss & co. [ c 1935]
232 698 633 50 5 p. l. , 15-180 p. 19½ cm .
165 766 52 53 ©
250 771 114 46 July
398 770 68 45 15,
500 768 113 40 1935
631 779 9 35 ;
677 768 65 40 2c.
777 768 95 39 and
904 766 81 41 aff.
1024 767 127 48 Sept.
1185 767 28 38 4
1230 777 9 35 ;
1276 767 41 38 A
1350 766 143 40 86134
1511 776 8 36 ;
1558 766 53 38 B.
1646 766 52 39 T.
1738 764 245 49 Spalding.
2020 766 132 47 Long

232 828 174 44 Beach,
436 825 143 41 Calif.

165 928 237 63 Stovall,
432 927 253 54 William
714 928 221 64 Hertry,
967 932 170 48 1868-

166 1002 1960 148 Strange stories behind pension claims, by William H. Stovall … Philadelphia. Dorrance & company, inc. [ c 1935]
235 1156 86 39 viii
345 1168 58 36 p.,
429 1157 23 38 1
516 1187 8 9 l..
550 1156 172 40 11-184
749 1166 42 37 p.
845 1155 54 40 19½
932 1157 43 21 cm
981 1186 8 8 .

165 1209 53 53 ©
242 1214 128 39 June
393 1213 40 45 1,
459 1211 140 47 1935;
627 1212 67 40 2c.
722 1213 115 46 July
862 1212 52 46 9;
943 1211 82 40 aff.
1052 1211 116 48 July
1195 1211 82 47 10;
1304 1212 43 39 A
1370 1211 141 40 85003
1531 1222 8 35 ;
1568 1212 71 39 W.
1669 1212 59 38 H.
1760 1211 200 41 Stovall.
233 1211 1903 105 Washington.
486 1269 279 47 (35-13316)

166 1371 237 65 Strang,
431 1374 162 52 Ruth
622 1375 157 62 May,
810 1378 167 49 1895-

233 1450 119 52 The
392 1450 117 52 rôle
546 1450 64 52 of
645 1451 95 52 the
777 1450 222 52 teacher
1038 1448 54 54 in
1138 1451 292 63 personnel
1472 1450 170 52 work.
1717 1451 137 52 Rev.
1894 1450 106 53 and
2044 1450 105 52 enl.

165 1527 1959 145 By Ruth Strang … New York city. Teachers college, Columbia university, 1935.
238 1679 102 41 xiii,
365 1679 85 39 417
477 1689 43 37 p.
575 1678 179 48 diagrs.
809 1678 56 40 20½
896 1681 15 20 cm
946 1710 7 7 .

233 1735 347 48 Bibliography
609 1738 50 36 at
688 1736 90 39 end
808 1735 51 40 of
884 1735 116 39 each
1033 1737 123 45 part.

168 1788 52 53 ©
246 1793 130 39 June
401 1792 68 48 20,
500 1791 115 41 1935
631 1803 8 35 ;
671 1792 67 40 2c.
769 1793 117 46 July
911 1792 57 39 15
984 1802 8 30 :
1026 1791 82 40 aff.
1139 1792 117 47 Aug.
1288 1791 25 40 6
1330 1802 11 36 ;
1373 1792 41 38 A
1444 1791 141 41 84851
1604 1801 9 28 :
1648 1791 133 39 Ruth
1816 1791 191 42 Strang.
2039 1792 116 38 New

236 1849 144 41 York.
450 1849 278 48 (35-13388)

164 1951 221 63 Syrett,
416 1952 204 54 Netta.

237 2025 203 69 Linda,
470 2026 75 69 by
577 2026 170 53 Netta
782 2026 208 67 Syrett.
1065 2025 255 65 London,
1351 2024 69 55 G.
1452 2026 151 64 Bles,
1637 2028 149 49 1935.

234 2097 99 48 383,
406 2116 12 30 [1]
445 2109 42 37 p.
549 2097 115 41 19cm.

170 2153 1983 53 © 1c. July 30, 1935; A ad int. 20450; pubd. June 3; N. Syrett, London.
247 2214 278 48 (35-13191)

168 2315 229 66 Taylor,
426 2318 221 53 Alonzo
674 2317 339 65 Englebert,
1046 2320 170 54 1871-

241 2396 1854 67 The new deal and foreign trade, by Alonzo E. Taylor …
172 2473 134 52 New
334 2473 178 53 York.
540 2475 120 50 The
689 2474 326 52 Macmillan
1047 2492 295 49 company,
1373 2477 147 50 1935.

242 2544 69 39 xii
333 2555 58 37 p..
416 2544 25 39 2
502 2575 9 12 l.,
535 2543 81 41 301
644 2555 42 37 p.
747 2544 55 39 22½
836 2548 15 20 cm
884 2578 9 8 .

242 2600 73 40 An
338 2601 217 45 analysis
582 2601 52 40 of
658 2602 82 39 the
765 2601 298 40 commercial
1092 2601 157 47 policy
1276 2602 265 39 advocated
1570 2601 79 40 for
1677 2602 81 42 the
1785 2600 179 41 United
1994 2601 161 40 States

175 2653 60 49 by
268 2656 166 47 Henry
469 2657 54 39 A.
558 2657 212 41 Wallace
809 2659 45 38 in
893 2659 75 39 his
1002 2658 337 48 publications,
1376 2657 246 41 “America
1665 2662 127 36 must
1828 2658 198 41 choose”
2063 2658 91 38 and

175 2711 143 40 “New
340 2713 278 41 frontiers”.

176 2766 51 52 ©
255 2771 117 48 July
396 2770 70 47 23,
494 2771 112 40 1935
625 2782 8 29 :
663 2772 66 40 2c.
761 2773 95 38 end
883 2772 82 39 aff.
995 2772 116 48 July
1140 2773 83 46 21;
1253 2773 41 38 A
1324 2773 168 40 85140:
1528 2772 280 41 Macmillan
1839 2783 67 30 co.

249 2827 277 47 (35-13241)

171 2926 227 66 Taylor,
429 2929 232 54 Arthur
687 2931 253 54 Samuel.

242 3004 52 52 A
337 3004 170 68 guide
551 3013 57 46 to
652 3007 94 53 the
791 3008 172 67 study
1007 3008 112 53 and
1165 3009 237 66 reading
1446 3008 63 54 of
1551 3009 95 52 the
1689 3007 222 66 history
1955 3008 63 53 of
2062 3008 94 52 the

173 3079 1984 73 Pacific Northwest, by Arthur Samuel Taylor … Portland,
174 3156 113 66 Or.,
312 3158 411 67 Metropolitan
751 3180 172 46 press,
953 3164 150 51 1935.

242 3229 1324 53 6 p. l. , [11]-73 p. incl. front. (maps) illus. 19½ cm .
243 3285 247 51 “Reading
517 3288 300 41 references”
844 3292 49 37 at
922 3288 90 42 end
1041 3289 51 40 of
1118 3290 117 39 each
1264 3290 120 40 unit.

178 3337 51 52 ©
250 3344 117 47 Aug.
393 3345 39 46 5,
456 3344 139 47 1935;
622 3345 66 40 2c.
714 3346 95 39 and
833 3346 81 39 aff.
938 3347 119 46 Aug.
1082 3346 81 45 10;
1191 3347 40 38 A
1255 3345 143 41 84907
1416 3357 10 35 ;
1451 3347 53 38 A.
1532 3347 41 40 S.
1601 3346 191 47 Taylor,
1818 3346 232 42 Ashland.
2078 3346 77 40 Or.

258 3399 275 48 (35-13352)

176 3499 249 68 Temple,
455 3505 138 52 Mrs.
625 3505 188 53 Sarah
844 3506 308 53 Blackwell
1184 3507 252 63 (Gober)

244 3578 118 51 The
393 3579 123 54 first
544 3582 259 52 hundred
837 3600 189 49 years;
1060 3603 30 33 a
1120 3584 159 53 short
1306 3582 221 68 history
1558 3582 63 54 of
1653 3583 157 55 Cobb
1842 3590 224 59 county,
2099 3584 56 51 in

175 3651 260 70 Georgia,
464 3657 75 66 by
569 3658 180 53 Sarah
782 3658 308 54 Blackwell
1119 3660 186 54 Gober
1336 3660 250 66 Temple.
1651 3659 258 65 Atlanta,
1936 3660 220 53 Walter

174 3728 87 53 W.
289 3731 209 54 Brown
525 3735 332 66 publishing
883 3754 295 48 company,
1208 3740 150 49 1935.

244 3800 88 40 xiii
356 3813 59 37 p.,
440 3805 24 37 1
524 3835 9 15 l.,
559 3805 83 40 901
667 3817 42 35 p.
763 3807 140 43 illus.,
928 3807 117 41 fold,
1070 3817 112 38 map
1210 3807 72 47 (in
1307 3808 195 48 pocket)
1563 3807 56 39 24
1622 3809 15 21 cm
1670 3839 8 8 .

246 3855 154 43 “Cobb
429 3863 175 45 county
636 3862 305 40 cemeteries”
959 3873 9 29 :
1001 3874 43 37 p.
1080 3862 246 50 [586]-860.

246 3911 369 53 Bibliography:
653 3928 40 37 p.
747 3918 230 40 [563]-566.

184 3963 52 52 ©
259 3970 117 47 Aug.
402 3972 38 46 1,
465 3972 138 42 1935;
629 3974 66 39 2c.
723 3975 95 38 and
843 3974 79 39 aff.
949 3975 118 47 Aug.
1095 3975 24 39 5
1138 3986 8 29 :
1175 3975 39 38 A
1240 3975 169 40 85336:
1443 3975 44 41 S.
1513 3976 53 39 B.
1596 3976 50 40 G.
1676 3977 208 47 Temple,
1913 3977 247 47 Marietta,

248 4025 83 41 Ga.
403 4028 276 42 (35-13350)
