2424 4375
1084 4061 97 49 519

120 466 203 63 Sayre,
356 465 251 54 Wallace
640 462 262 63 Stanley.

191 555 159 52 Your
395 556 396 65 government;
837 570 71 34 an
951 547 215 55 outline
1212 548 93 53 for
1346 566 167 49 every
1557 546 307 54 American
1906 545 204 55 citizen

132 622 1979 78 (with charts) by Wallace S. Sayre … 3d ed. New York,
122 712 215 51 Barnes
365 711 46 50 &
438 708 197 66 Noble,
663 708 107 52 inc.
820 708 154 50 [c1935]

193 792 773 53 5 p. l., 142 p. diagrs. 21cm.
194 866 224 39 Includes
445 875 60 29 an
534 863 269 41 additional
831 863 199 47 chapter
1056 873 58 28 on
1143 862 80 40 the
1249 860 232 41 National
1509 868 226 39 recovery
1762 868 239 40 program.

196 920 347 42 “References”
575 923 52 38 at
658 921 91 40 end
778 921 53 40 of
861 920 117 40 each
1008 919 201 47 chapter;
1271 916 348 49 Bibliography
1636 927 9 30 :
1680 927 44 38 p.
1756 916 215 41 137-139.

123 988 53 53 ©
203 992 112 47 Apr.
348 992 39 46 8,
418 991 113 41 1935;
590 992 66 39 2c.
688 992 95 39 and
813 989 79 41 aff:
923 990 112 47 Apr.
1067 989 81 47 12;
1182 989 41 39 A
1253 989 143 40 82483;
1458 988 186 40 Barnes
1676 984 36 43 &
1741 988 166 46 Noble,
1938 987 90 39 inc.

204 1048 250 50 (35-6064)

120 1165 269 66 Schäfer,
422 1165 290 65 Wilhelm,
748 1170 169 50 1868-

195 1256 215 55 Stories
459 1256 65 53 of
571 1256 96 54 the
715 1255 206 67 Rhine,
970 1255 153 54 from
1173 1254 95 53 the
1316 1253 363 68 Rheinsagen
1730 1253 63 53 of
1841 1253 274 55 Wilhelm

124 1331 1991 147 Schäfer; selected and edited with introduction, notes, exercises, and vocabulary by George H. Danton … New York,
125 1487 77 54 H.
233 1488 146 54 Holt
410 1488 111 53 and
555 1506 280 49 company
870 1490 192 65 [c1935]

193 1580 1921 50 2 p. l., iii-xviii p., 1 l., 94, xxxiv p. front. (port.) illus. (map) plates.
125 1638 116 40 17cm.

127 1705 53 53 ©
207 1708 113 49 Apr.
349 1707 69 48 12,
447 1706 141 47 1935;
619 1707 68 41 2c.
717 1708 112 47 Apr.
861 1706 81 47 19;
974 1706 82 40 aff.
1086 1706 114 48 Apr.
1230 1705 81 48 20;
1344 1705 40 41 A
1415 1706 170 48 81508;
1618 1707 169 48 Henry
1818 1708 121 40 Holt
1968 1707 35 40 &
2033 1718 84 36 co.,

196 1765 91 41 inc.
357 1765 249 48 (35-6037)

128 1884 276 66 Scheuer,
433 1884 229 58 Alfred.

194 1973 110 53 Die
351 1973 306 69 fälschung
704 1973 100 53 der
849 1971 446 55 Ludovisischen
1341 1971 356 70 thronlehne,
1745 1991 112 34 von
1904 1969 212 56 Alfred

126 2049 261 56 Scheuer.
451 2050 247 69 Teplitz-
707 2050 280 68 Schönau,
1020 2049 403 70 Selbstverlag,
1455 2053 151 53 1934.

194 2137 56 41 21
277 2148 44 38 p.
379 2137 162 46 front.,
570 2137 170 47 plates.
800 2137 143 40 29½cm.

195 2207 178 41 Denies
401 2209 83 39 the
512 2207 324 47 authenticity
865 2208 51 40 of
945 2208 80 41 the
1056 2207 260 41 “Ludovisi
1344 2206 201 42 throne”
1575 2207 50 41 in
1656 2209 81 40 the
1766 2208 167 42 Museo
130 2209 1970 102 nazionale,

280 2265 162 47 Rome,
469 2264 93 40 and
591 2265 101 39 also
720 2265 106 39 that
853 2264 52 41 of
929 2264 65 41 its
1021 2265 314 47 counterpart
1359 2264 48 40 in
1434 2265 82 41 the
1542 2265 183 40 Boston
1749 2275 233 32 museum.

131 2332 1990 111 © Oct. 1, 1934; 1c. Dec. 1; A-Foreign 27211; A. Scheuer, Teplitz-Schonau, Czechoslovakia. (35-6110)
129 2509 258 65 Schling,
418 2512 158 55 Max.

200 2600 372 68 Everyman’s
608 2601 233 68 garden,
874 2601 74 68 by
983 2603 138 51 Max
1161 2601 265 70 Schling;
1466 2603 287 69 drawings
1792 2604 71 67 by
1900 2604 220 70 George

130 2678 63 54 L.
225 2678 293 54 Hollrock.
583 2680 137 52 New
753 2679 177 65 York,
959 2681 121 53 The
1110 2680 330 54 Macmillan
1473 2700 296 48 company,
1802 2687 149 48 1935.

206 2749 1187 52 vi p., 3 l., 106 p. illus., plates, plans. 22cm.
132 2815 53 53 ©
211 2821 120 38 Mar.
358 2820 68 47 19,
454 2820 113 41 1935;
623 2821 66 40 2c.
717 2822 96 39 and
841 2822 79 40 aff.
950 2823 120 38 Mar.
1099 2821 59 40 20;
1210 2822 41 39 A
1278 2822 142 41 82023;
1477 2822 280 42 Macmillan
1786 2836 66 29 co.

212 2876 278 49 (35-27116)

138 2992 448 67 [Shellabarger,
616 2996 252 66 Samuel]
904 3001 170 49 1888-

302 3085 1818 72 … By night at Dinsmore … Garden City, N. Y., Pub. for
136 3162 95 52 the
270 3162 189 55 Crime
496 3165 145 67 club,
677 3164 126 67 inc.,
840 3166 33 51 by
951 3166 354 67 Doubleday,
1344 3171 197 50 Doran
1578 3170 46 49 &
1661 3186 295 50 company,
1992 3171 128 65 inc.,

136 3243 149 51 1935.

204 3326 923 51 4 p. l., vii-viii p., 1 l., 303 p. 20cm.
205 3398 313 47 “Previously
546 3399 254 47 published
830 3400 49 39 in
910 3402 216 47 Mystery
1157 3400 248 49 magazine
1436 3402 50 39 in
1516 3413 87 28 one
1636 3402 304 42 installment
1970 3405 151 40 under

139 3455 82 40 the
247 3456 107 39 title
385 3456 210 39 ‘Murder
623 3456 280 40 madness’.”

205 3511 229 40 Author’s
460 3513 178 46 pseud.,
666 3513 128 38 John
822 3514 220 47 Esteven,
1071 3517 51 37 at
1150 3515 124 39 head
1301 3515 51 40 of
1379 3514 121 41 title.

208 3568 159 40 “First
392 3567 226 41 edition.”

138 3633 53 53 ©
217 3638 112 48 Apr.
355 3637 68 48 19,
450 3639 140 45 1935;
618 3638 66 41 2c.
712 3640 94 39 and
833 3640 81 39 aff.
942 3641 112 46 Apr.
1082 3640 82 47 29;
1194 3641 39 38 A
1260 3640 168 47 82782;
1460 3642 296 48 Doubleday,
1784 3644 164 39 Doran
1976 3644 39 40 &
2038 3655 84 37 co.,

207 3694 89 41 inc.
367 3694 247 49 (35-5969)

145 3809 233 64 [Street,
409 3812 151 52 Cecil
589 3812 152 52 John
773 3813 263 62 Charles]
1070 3819 167 49 1884-

321 3899 1799 75 … Shot at dawn. New York, Dodd, Mead & company,
139 3977 151 52 1935.
