2424 4375
1121 4072 133 50 1406

294 547 66 47 ix,
392 546 145 41 11-32
565 557 43 38 p.
668 547 115 40 21cm.

221 598 54 54 ©
307 604 126 47 Sept.
463 604 70 48 16,
560 603 142 49 1935;
732 605 66 40 2c.
833 606 125 48 Sept.
987 606 82 48 21;
1102 607 83 41 aff.
1218 608 127 48 Sept.
1375 608 83 48 20;
1490 610 41 39 A
1560 609 169 49 87119;
1763 610 318 50 Christopher
2108 614 109 49 pub.

289 660 164 41 house.
524 660 280 47 (35-18822)

224 756 241 66 Siedler,
494 757 245 55 Charles
762 759 89 56 W.

223 832 1966 151 Guide to Cicero, by Charles W. Siedler … New York, Oxford book company [ c 1935 ]
295 984 61 49 iv,
386 984 71 51 [2],
484 985 100 48 204,
615 984 85 51 [12]
729 996 43 37 p.
832 986 143 49 illus.,
1002 997 61 38 pl.
1125 987 55 40 19
1183 990 44 21 cm
1232 1019 8 8 .

218 1038 53 53 ©
303 1043 119 48 Aug.
455 1043 71 47 28,
558 1042 141 48 1935;
734 1044 68 40 2c.
835 1045 95 39 and
964 1044 82 41 aff.
1079 1044 119 49 Aug.
1232 1045 83 47 30;
1352 1046 39 39 A
1424 1046 170 48 85698;
1631 1047 186 41 Oxford
1852 1049 121 39 book
2007 1059 83 36 co.,
2123 1050 91 41 inc.

297 1099 281 50 (35-18939)

221 1196 272 66 Skinner,
521 1196 259 56 Richard
807 1198 185 55 Dana.

290 1273 234 69 Eugene
562 1272 253 71 O’Neill;
857 1294 30 33 a
926 1274 176 69 poet’s
1139 1282 178 62 quest,
1352 1276 76 67 by
1466 1275 254 57 Richard
1757 1280 167 52 Dana
1966 1279 245 57 Skinner

281 1351 1928 73 … with a correct chronology of the O’Neill plays as furnished
218 1428 75 70 by
335 1431 234 68 Eugene
611 1430 241 55 O’Neill.
927 1432 139 53 New
1108 1432 179 66 York,
1330 1434 269 66 Toronto,
1638 1434 343 68 Longmans,
2024 1436 185 55 Green

217 1509 113 53 and
359 1526 97 50 co.,
487 1512 149 52 1935.

288 1580 97 49 xiv,
415 1581 87 40 242
530 1592 43 37 p.
633 1580 117 42 20cm.

291 1637 162 41 “First
481 1636 227 41 edition.”

213 1691 53 53 ©
299 1695 127 47 Sept.
457 1693 70 48 26,
559 1694 141 47 1935;
733 1694 64 40 2c.
831 1694 99 40 Oct.
961 1696 53 43 3;
1049 1693 81 41 aff.
1164 1694 102 41 Oct.
1297 1694 54 47 2;
1384 1695 41 39 A
1456 1695 170 47 87423;
1661 1695 55 40 R.
1749 1697 55 38 D.
1841 1695 219 51 Skinner,
2093 1699 115 39 New

280 1751 144 40 York.
498 1749 279 50 (35-18942)

214 1845 1968 228 Snappy black-outs; twenty-five revue sketches, by Len D. Hollister, Edwin Scribner, Jay Tobias [and others] … Chicago, T. S. Denison & company [ c 1935]
284 2076 87 42 158
397 2087 44 38 p.
501 2077 146 41 18½cm.

210 2130 53 54 ©
297 2135 127 48 Sept.
458 2134 70 49 20,
562 2133 116 41 1935;
737 2133 68 41 2c.
840 2135 95 39 and
970 2132 79 42 aff.
1089 2134 126 48 Sept.
1250 2134 81 46 23;
1370 2135 42 38 A
1444 2135 169 47 87143;
1650 2135 51 40 T.
1738 2135 45 41 S.
1819 2134 214 41 Denison
2067 2137 36 40 &
2136 2145 68 31 co.

291 2190 279 47 (35-18821)

214 2287 173 63 Snell,
416 2287 207 54 Edwin
651 2287 249 56 Marian.

282 2363 122 52 The
452 2364 235 52 modern
738 2363 180 54 fables
968 2363 64 53 of
1079 2364 203 66 Henry
1330 2364 213 66 James,
1589 2364 75 68 by
1715 2364 209 54 Edwin
1972 2365 228 54 Marion

214 2440 173 55 Snell.
464 2440 362 69 Cambridge,
861 2441 189 66 Mass.,
1082 2442 274 52 Harvard
1390 2440 317 68 university
1741 2459 173 50 press,
1950 2447 149 49 1935.

281 2513 1904 50 3 p. l., 3-75 p. 20cm. (Half-title: Harvard honors theses in English.
211 2582 76 32 no.
314 2571 51 48 8)

282 2627 375 49 Bibliography:
689 2638 43 38 p.
765 2626 157 43 72-75.

207 2681 53 53 ©
286 2686 126 48 Sept.
437 2685 69 48 24,
530 2683 139 49 1935;
695 2684 66 40 2c.
786 2685 95 39 and
906 2684 82 40 aff.
1016 2685 126 47 Sept.
1167 2683 82 46 28;
1276 2684 40 38 A
1341 2683 170 47 86506;
1537 2683 255 41 President
1818 2684 96 40 and
1937 2683 188 41 fellows
2147 2685 52 40 of

271 2742 228 39 Harvard
532 2742 193 46 college,
757 2738 300 49 Cambridge,
1091 2740 145 39 Mass.
1308 2738 279 49 (35-18945)

208 2833 1982 70 Southern digest. 1935 cumulative annual pocket part … [for]
279 2912 1897 69 Descriptive-word index … St. Paul, West publishing co.
283 3025 12 34 [
302 3000 17 20 c
325 2996 131 49 1935
462 3025 12 33 ]

274 3066 57 40 68
358 3076 40 37 p.
459 3064 56 40 25
517 3066 44 21 cm
567 3097 8 7 .

275 3122 117 39 This
416 3122 250 47 pamphlet
687 3120 41 41 is
753 3123 48 38 to
826 3121 56 39 be
904 3120 139 40 fitted
1067 3120 102 40 into
1195 3120 82 39 the
1301 3120 170 47 pocket
1496 3122 53 37 at
1571 3120 84 39 the
1676 3119 122 40 back
1822 3119 55 39 of
1899 3120 81 39 the
2004 3120 190 39 volume

203 3179 51 38 of
281 3179 82 39 the
390 3180 73 37 set
491 3180 47 37 to
568 3177 157 40 which
753 3177 38 40 it
819 3177 207 46 belongs.

207 3230 53 52 ©
293 3234 127 48 Sept.
449 3233 70 48 26,
579 3232 111 48 1935;
723 3232 67 41 2c.
823 3233 100 40 Oct,
954 3232 82 46 12;
1069 3232 81 39 aff.
1183 3231 99 40 Oct.
1316 3231 54 39 14;
1432 3232 39 38 A
1502 3230 169 47 86800;
1705 3232 134 39 West
1871 3232 107 47 pub.
2011 3241 68 30 co.

205 3382 1983 71 Southern digest. 1935 cumulative pocket parts … [for] vols.
277 3462 1445 68 1-30 … St. Paul, West publishing co. [c1935]
270 3536 58 39 30
355 3547 41 28 v.
455 3536 55 40 25
513 3538 44 21 cm
562 3568 8 8 .

273 3592 155 39 These
456 3592 272 47 pamphlets
760 3602 86 29 are
873 3594 48 37 to
951 3592 56 39 be
1038 3590 138 41 fitted
1207 3590 106 40 into
1340 3591 85 39 the
1451 3590 198 47 pockets
1679 3591 53 38 at
1762 3589 84 40 the
1874 3589 123 39 back
2025 3588 54 39 of
2107 3588 82 40 the

201 3649 214 38 volumes
444 3648 52 39 of
523 3648 83 39 the
630 3650 75 37 set
731 3650 48 37 to
807 3646 158 40 which
993 3646 113 48 they
1133 3647 183 47 belong.

203 3700 53 53 ©
286 3704 126 47 Sept.
440 3704 70 47 28,
537 3703 141 47 1935;
708 3704 66 39 2c.
805 3704 116 39 each
951 3703 100 40 Oct.
1082 3702 82 47 12;
1196 3702 81 40 aff.
1306 3702 100 40 Oct.
1436 3702 98 46 14;·
1549 3702 41 38 A
1619 3700 168 48 86801;
1819 3701 138 39 West
1983 3700 106 48 pub.
2120 3708 65 31 co.

203 3805 268 63 Stevens,
499 3807 138 50 Mrs.
665 3805 264 52 Barbara
956 3805 67 54 B.

270 3877 172 54 Walk
479 3878 236 68 humbly
759 3877 91 69 [by]
911 3878 257 52 Barbara
1207 3877 65 54 B.
1318 3876 248 54 Stevens.
1640 3875 215 54 Boston
1897 3875 111 52 and
2047 3872 135 52 New

203 3955 176 64 York,
405 3954 312 52 Houghton
745 3951 201 56 Mifflin
974 3971 292 50 company,
1295 3955 150 50 1935.
