2424 4375
1266 4043 98 49 698

305 439 315 65 Campbell,
646 437 304 65 Reginald.

372 516 214 66 Jungle
613 517 336 50 adventures
976 515 62 51 of
1066 536 29 32 a
1125 515 379 52 teak-wallah.

409 602 60 38 (In
493 596 277 51 Pearson’s,
797 596 158 53 April,
984 597 142 49 1935)

309 668 1985 52 © 1c. May 31, 1935; A ad int. 20314; pubd. Mar. 30; It. Campbell,
377 729 301 45 Folkestone,
707 728 145 47 Kent,
881 728 233 47 England.

308 828 366 66 Castenholz,
707 828 250 54 William
987 829 224 65 Burtis,
1244 832 168 53 1879-

381 904 1918 72 Auditing procedure, by William B. Castenholz … Chicago,
313 986 80 52 La
427 984 155 56 Salle
609 984 290 54 extension
928 985 335 68 university,
1296 988 150 50 1935.

378 1070 1753 51 7 p. l. , ii, 415 p.. 55 l.. 417-430 p. incl. forms (part fold.) 21½ cm .
311 1140 53 53 ©
392 1145 112 47 Apr.
534 1142 68 49 29,
635 1142 139 47 1935;
807 1144 65 39 2c.
905 1144 112 47 May
1048 1143 82 47 22;
1164 1142 80 40 aff.
1278 1144 114 46 May
1422 1142 82 46 20;
1536 1143 43 38 A
1608 1142 142 40 83222
1768 1153 9 34 ;
1812 1142 206 40 LaSalle
2047 1139 252 42 extension

381 1202 127 38 univ.
573 1200 282 49 [Copyright
880 1200 41 40 is
950 1199 204 41 claimed
1183 1211 60 30 on
1271 1199 249 40 additions
1546 1201 96 38 and
1671 1198 251 49 revisions]

389 1257 249 49 (35-7779)

311 1359 393 64 Chamberlin,
735 1358 142 53 Dale
907 1359 75 64 S.,
1016 1365 169 48 1889-

378 1434 288 54 Chemical
693 1436 337 67 technology
1059 1435 64 52 of
1148 1434 111 53 silk
1286 1435 106 52 and
1425 1452 179 51 rayon
1628 1433 307 69 throwing,
1961 1433 74 70 by
2062 1432 148 54 Dale
2239 1430 56 56 S.

308 1512 384 67 Chamberlin,
757 1556 10 9 D.
824 1556 10 9 I.
901 1556 10 9 C.
982 1513 174 66 [West
1184 1512 305 67 Warwick,
1520 1512 67 52 R.
1617 1512 67 66 I.,
1712 1510 289 56 Warwick
2028 1510 269 53 chemical

305 1608 296 50 company,
629 1596 17 21 c
652 1593 151 63 1935]

376 1675 26 38 2
433 1684 41 37 p.
540 1706 7 14 l.,
577 1673 114 40 7-60
719 1683 42 37 p.
822 1673 125 41 illus.
1008 1674 55 40 23
1067 1677 15 21 cm
1115 1706 10 9 .

380 1744 145 40 “This
553 1743 189 41 booklet
771 1744 205 40 consists
1002 1744 53 40 of
1080 1755 28 29 a
1136 1744 249 40 collection
1415 1743 52 41 of
1496 1746 160 38 recent
1685 1753 173 38 papers
1888 1755 53 29 as
1969 1743 253 48 published
2250 1743 48 39 in

312 1798 1987 50 some of the leading textile journals … The Warwick chemical company
310 1856 121 41 have
463 1857 233 47 compiled
727 1857 134 40 these
890 1857 552 47 papers.”—Foreword.

381 1912 374 42 “References”:
789 1923 44 38 p.
862 1913 69 41 60.

317 1980 53 53 ©
401 1985 113 47 Apr.
546 1985 69 47 15,
648 1984 112 40 1935
778 1995 9 36 ;
821 1985 66 40 2c.
920 1986 113 47 May
1064 1987 52 45 7;
1151 1985 83 40 aff.
1268 1986 113 47 May
1413 1985 82 47 15;
1528 1986 43 38 A
1602 1986 168 47 81855;
1805 1987 55 39 D.
1900 1986 44 41 S.
1979 1983 321 50 Chamberlin,

386 2042 294 47 Bethlehem,
709 2043 82 38 Pa.
862 2041 248 49 (35-7615)

317 2143 274 54 Charaka
615 2144 147 53 club.

387 2221 1914 68 The proceedings of the Charaka club, volume 8 … New
319 2298 178 66 York,
546 2300 141 52 Pub.
740 2299 94 53 for
881 2301 95 51 the
1027 2300 263 54 Charaka
1339 2302 126 51 club
1515 2302 74 66 by
1639 2301 299 55 Columbia
1985 2300 316 68 university

316 2395 173 48 press,
518 2380 149 49 1935.

389 2461 1911 51 xvi, 202 p., 1 l. illus., plates, ports., facsims. (part double) diagr.
318 2519 56 39 24
376 2521 45 21 cm
424 2551 9 9 .

319 2586 53 53 ©
399 2591 125 40 June
549 2591 42 46 4,
617 2589 139 48 1935;
785 2591 67 39 2c.
878 2591 128 39 June
1029 2591 53 47 5;
1110 2591 81 49 a,ff.
1219 2591 130 40 June
1372 2592 52 45 7;
1452 2591 42 39 A
1520 2590 169 48 84155;
1720 2590 249 42 Columbia
1998 2589 128 42 univ.
2153 2600 147 39 press.

323 2747 1977 70 Childcraft … Volume 6. [Activity units] Chicago, W. F.
388 2826 245 62 Quarrie
656 2831 45 49 &
727 2846 277 48 company
1036 2861 12 33 [
1053 2834 17 21 c
1076 2830 151 64 1935]

392 2911 42 35 v,
459 2900 88 39 353
566 2910 42 37 p.
663 2900 85 39 col.
773 2900 162 47 front.,
961 2900 142 47 illus.,
1129 2900 85 39 col.
1241 2901 156 46 plates
1425 2900 49 47 (1
1500 2900 197 48 double)
1758 2900 83 40 251
1846 2902 43 21 cm
1894 2931 9 7 .

392 2971 127 39 Vols.
542 2970 89 39 4-6
655 2972 124 37 have
800 2971 117 39 been
940 2972 235 46 prepared
1199 2971 152 39 under
1377 2972 82 39 the
1481 2970 304 48 supervision
1807 2971 54 40 of
1889 2970 42 41 S.
1957 2972 53 39 E.
2036 2971 266 48 Farquhar,

321 3028 261 46 managing
611 3027 170 48 editor,
812 3028 95 38 and
936 3026 275 41 Bernadine
1242 3028 37 38 I.
1310 3027 183 48 Bailey,
1526 3027 240 48 directing
1793 3028 118 39 staff
1942 3028 168 39 editor.

395 3084 309 40 “Correlated
733 3082 200 49 reading
960 3085 96 38 and
1086 3083 353 40 illustrations”
1471 3087 50 37 at
1552 3086 91 38 end
1672 3085 52 39 of
1752 3086 118 38 each
1902 3085 213 46 chapter.

325 3148 53 53 ©
403 3154 113 47 May
542 3154 68 47 17,
637 3154 139 47 1935;
806 3154 66 40 2c.
901 3155 95 38 and
1022 3154 81 39 aff.
1132 3154 114 48 May
1271 3154 83 47 25;
1384 3156 41 37 A
1452 3154 168 47 81966;
1651 3156 70 38 W.
1751 3155 50 39 F.
1832 3155 204 47 Quarrie
2066 3155 36 39 &
2129 3164 66 30 co.

325 3268 343 68 Christowe,
697 3273 241 63 Stoyan,
969 3277 168 50 1898-

398 3346 215 54 Heroes
643 3347 111 52 and
781 3348 282 68 assassins,
1090 3346 75 69 by
1196 3346 217 69 Stoyan
1444 3345 341 69 Christowe;
1816 3346 321 54 illustrated
2166 3344 137 55 with

330 3423 395 68 photographs’
749 3423 112 54 and
891 3424 139 52 with
1062 3424 114 53 line
1206 3424 288 68 drawings
1524 3424 76 69 by
1629 3424 324 54 Alexander
1987 3420 314 56 Bozhinolf.

330 3499 135 54 New
495 3499 175 68 York,
695 3500 66 53 R.
788 3500 79 52 M.
892 3500 271 53 McBride
1190 3502 44 50 &
1261 3518 291 51 company,
1582 3504 147 49 1935.

398 3571 62 41 xi.
492 3570 171 40 13-290
695 3583 42 36 p.
796 3572 160 43 front.,
991 3572 140 47 illus.,
1163 3574 169 47 plates,
1366 3576 147 44 ports.
1573 3574 55 38 22½c
1677 3576 28 21 m
1709 3605 9 8 .

400 3628 139 47 Maps
567 3638 59 28 on
652 3628 359 48 lining-papers.

405 3688 218 38 Includes
653 3690 203 37 account
883 3688 53 39 of
963 3689 80 38 the
1072 3686 242 41 activities
1345 3686 52 40 of
1424 3688 81 40 the
1532 3688 215 40 Internal
1778 3688 313 40 Macedonian
333 3688 1950 99 revolutionary

553 3742 345 45 organization.
931 3745 126 37 Imro
1086 3741 291 49 (Bulgarian
1406 3744 157 46 Vmro,
1590 3742 332 41 abbreviation
1954 3744 51 39 of
2038 3739 258 42 V"treshna

331 3796 324 40 makedonska
687 3798 379 40 revoli͡ut͡sīonna
1099 3800 374 45 organīzat͡sīi͡a)

401 3849 159 38 “First
596 3849 223 40 edition."

328 3917 52 52 ©
405 3922 108 47 zipr.
543 3922 66 45 18,
637 3922 139 48 1935;
803 3922 66 41 2c.
897 3924 95 38 and
1017 3922 80 40 aff.
1125 3923 113 47 May
1264 3922 81 46 13;
1373 3922 39 38 A
1439 3921 168 47 83082;
1640 3922 43 40 S.
1712 3921 281 47 Christowe,
2019 3922 119 37 New
2160 3916 139 42 York.

409 3978 248 52 (35-7732)
