2424 4375
1149 4061 98 54 997

270 517 73 38 An
373 519 201 36 account
604 517 50 37 of
682 515 212 40 old-time
926 514 238 48 sleighing
1191 515 92 38 and
1314 515 157 38 cutter
1500 513 165 48 racing
1694 524 58 28 on
1784 513 171 39 Euclid
1986 523 197 36 avenue,

202 574 270 40 Cleveland.

198 640 52 53 ©
278 644 125 40 June
458 644 38 45 18,
524 642 139 46 1935;
693 643 67 40 2c.
790 643 124 39 June
942 641 82 47 28;
1053 642 82 39 aff.
1163 642 128 39 June
1318 640 82 47 25;
1431 642 41 37 A
1529 641 142 46 84460;
1705 641 47 40 C.
1782 640 54 40 A.
1865 641 129 44 Post,

264 640 1904 100 Cleveland.
463 699 277 48 (35-10630)

201 803 220 64 Pound,
450 803 250 62 Arthur,
733 808 167 49 1884-

269 879 215 56 Second
532 879 252 67 growth;
834 898 27 33 a
909 879 181 66 novel,
1135 877 73 68 by
1254 876 223 53 Arthur
1520 877 222 53 Pound.
1822 875 138 52 New
2007 875 178 53 York,

197 958 221 66 Reynal
448 959 44 49 &
523 956 319 52 Hitchcock
876 959 192 63 [c1935]

269 1028 986 51 4 p. l., 3-347 p. geneal. tab. 21½cm.
198 1096 52 53 ©
285 1101 115 46 July
434 1099 68 47 25,
538 1098 139 43 1935;
714 1100 67 39 2c.
819 1100 114 46 July
969 1098 81 46 19;
1088 1098 81 39 aff.
1211 1099 114 47 July
1358 1098 82 46 27;
1476 1098 41 39 A
1552 1098 170 45 84781;
1760 1098 55 39 A.
1852 1098 181 46 Pound,
2068 1098 119 39 New

266 1157 141 39 York.
479 1156 279 47 (35-10858)

198 1259 259 64 Reboux,
485 1260 162 56 Paul.

263 1337 57 52 A
349 1355 83 34 ses
463 1336 194 67 jeunes
689 1336 140 52 amis
862 1337 147 52 Paul
1041 1336 234 53 Reboux
1308 1340 226 48 raconte
1566 1336 52 52 le
1649 1335 291 53 Robinson
1975 1336 210 54 Crusoé

194 1414 68 52 de
285 1414 207 53 Daniel
515 1416 85 50 De
624 1415 130 52 Foe.
814 1414 389 53 Illustrations
1228 1414 68 52 de
1321 1411 312 70 Campbell.
1694 1412 185 65 Paris,
1904 1414 66 51 E.
195 1413 1967 140 Flammarion,
461 1495 148 49 1934.

267 1564 82 41 192
378 1575 42 37 p.
481 1564 127 39 illus.
667 1565 113 39 17cm.

198 1628 1906 52 © Nov. 22, 1934; 1c. Dec. 6; A-Foreign 26354; Ernest Flammarion.
198 1748 143 65 Reu,
367 1750 233 53 Johann
627 1749 268 65 Michael,
926 1755 169 50 1869-

271 1826 292 53 Lutheran
605 1827 150 53 faith
799 1828 111 52 and
953 1825 130 67 life;
1129 1846 31 33 a
1201 1830 230 50 manual
1473 1827 93 51 for
1606 1828 95 51 the
1745 1826 337 54 instruction
2123 1827 62 52 of

202 1904 1983 69 adults, by Dr. M. Reu … Columbus, O., The Lutheran book
200 2001 253 49 concern,
482 1987 148 49 1935.

271 2055 87 41 160
385 2066 44 37 p.
488 2055 145 41 19½cm.

272 2112 349 48 Bibliography
649 2114 51 38 at
727 2113 91 39 end
848 2112 50 40 of
925 2114 118 38 each
1072 2112 213 48 chapter.

203 2180 51 53 ©
282 2185 76 38 May
421 2185 67 42 17,
547 2184 111 42 1935;
689 2184 65 39 2c.
785 2185 94 39 and
908 2184 81 39 aff.
1020 2185 114 46 May
1159 2184 82 46 29;
1272 2184 43 38 A
1340 2183 169 46 83352;
1543 2184 251 40 Lutheran
1820 2184 123 40 book
1972 2193 216 31 concern.

279 2241 278 48 (35-10626)

203 2344 228 63 Rotary
456 2344 128 54 club
611 2345 63 51 of
700 2345 404 62 Minneapolis.

267 2419 122 54 The
415 2426 155 61 story
599 2419 63 53 of
690 2419 380 68 Minneapolis
1098 2419 232 67 Rotary,
1362 2421 324 50 1910-1935.
1765 2418 417 69 [Minneapolis]

199 2496 216 70 Rotary
447 2497 126 51 club
605 2496 63 52 of
701 2496 397 68 Minneapolis,
1133 2499 149 49 1935.

270 2567 84 39 121
390 2578 44 37 p.
468 2568 109 40 incl.
612 2568 147 40 front.
789 2571 170 44 (port.)
1057 2569 114 38 19½cm.

270 2623 315 41 “Foreword”
619 2625 165 47 signed:
849 2625 100 40 The
982 2625 186 46 history
1202 2626 285 46 committee,
1524 2626 155 46 Cyrus
1713 2627 49 38 P.
1800 2628 229 40 Barnum,
199 2626 1970 95 Robert

310 2681 53 40 E.
400 2681 142 47 Ford,
582 2681 229 40 Clarence
847 2681 130 48 Tolg,
1014 2682 215 39 William
1266 2682 44 43 J.
1350 2682 276 48 Stevenson,
1664 2682 266 42 chairman.

203 2735 55 53 ©
288 2740 110 39 Feb.
431 2740 40 47 5,
503 2740 113 40 1935;
679 2739 65 40 2c.
779 2741 94 38 and
906 2739 82 40 aff.
1021 2740 110 38 Feb.
1166 2739 53 41 23;
1283 2740 40 38 A
1357 2737 140 42 79773;
1563 2740 186 47 Rotary
1783 2740 107 40 club
1922 2740 52 40 of
273 2738 1898 106 Minneapolis.
510 2796 278 48 (35-10828)

201 2898 84 53 St.
314 2897 196 55 Louis.
586 2898 136 64 City
748 2903 95 49 art
872 2914 285 39 museum.

270 2975 121 52 The
423 2974 239 53 Ballard
697 2974 292 54 collection
1022 2974 63 55 of
1118 2975 239 53 oriental
1391 2993 134 46 rugs
1557 2976 62 52 in
1650 2975 95 52 the
1779 2974 135 66 City
1947 2979 90 49 art

200 2993 1961 110 museum
388 3051 62 53 of
486 3050 83 55 St.
603 3051 191 66 Louis,
829 3052 74 66 by
937 3052 254 51 Maurice
1226 3051 58 55 S.
1319 3051 271 66 Dimand,
1712 3094 10 10 PH.
1795 3094 10 11 D.
1878 3051 84 55 St.
1996 3050 191 67 Louis,

202 3131 148 50 1935.

277 3199 1911 50 [216] p. incl. front. (port.) LXIX pl. (part mounted col.) on 37 l. 31½cm.
278 3257 127 40 “One
439 3258 241 38 thousand
714 3257 158 47 copies
905 3258 50 38 of
991 3258 97 39 this
1122 3258 256 47 catalogue
1406 3258 124 39 have
1564 3257 117 39 been
1715 3255 194 50 printed
1945 3258 52 39 of
2031 3256 157 41 which

205 3312 97 40 this
329 3313 42 40 is
397 3324 73 28 no.
500 3314 84 39 152
591 3314 35 36 .”

279 3370 127 39 “The
434 3372 106 38 text
568 3370 52 39 of
646 3370 98 40 this
773 3371 251 46 catalogue
1053 3372 88 37 has
1169 3370 115 40 been
1315 3369 193 48 printed
1536 3370 60 47 by
1627 3371 80 39 the
1736 3368 373 49 Printing-office
2138 3371 51 39 of

205 3426 80 39 the
312 3427 118 38 Yale
459 3426 271 48 university
756 3437 133 37 press
918 3426 48 38 in
994 3427 116 40 New
1139 3428 188 38 Haven.
1383 3427 100 39 The
1511 3428 159 45 plates
1698 3427 127 40 have
1848 3427 119 39 been
1997 3427 191 47 printed

204 3482 61 47 by
287 3483 81 40 the
391 3483 107 39 firm
524 3483 51 39 of
598 3484 115 39 Max
738 3482 130 41 Jaffé
890 3483 51 39 in
964 3482 335 49 Vienna.”—p.
1344 3483 100 48 [216]

273 3538 347 49 Bibliography
647 3542 51 37 at
723 3540 90 40 end
843 3540 51 39 of
919 3539 329 41 introduction
1287 3540 66 48 (p.
1381 3539 112 50 [22])

205 3590 51 53 ©
282 3596 112 47 Apr.
419 3596 68 41 24.
512 3596 112 39 1935;
677 3597 65 39 2c.
771 3597 124 39 June
919 3596 81 45 26;
1027 3596 79 40 aff.
1135 3597 129 39 June
1283 3596 56 39 25;
1392 3596 41 39 A
1458 3595 141 41 83804;
1657 3595 232 41 Berenice
1912 3596 48 41 C.
1988 3596 202 39 Ballard

273 3654 94 37 and
397 3653 153 38 Nellie
582 3653 201 39 Ballard
813 3652 173 48 White,
1025 3653 66 40 St.
1123 3652 160 40 Louis.
1353 3652 278 49 (35-10420)

204 3751 425 66 Schwidetzky,
660 3755 129 52 Use.

271 3828 108 51 Die
435 3829 286 64 polnische
780 3831 461 66 wahlbewegung
1296 3829 59 52 in
1412 3829 442 68 Oberschlesien,
1906 3848 110 34 von
2073 3831 117 51 Ilse

207 3901 408 72 Schwidetzky.
702 3909 112 50 Mit
865 3908 241 52 tabeilen
1155 3908 116 51 und
1323 3907 404 68 diagrammen.
1815 3911 255 50 Breslau.
2120 3909 64 51 F.

205 3981 157 66 Hirt,
391 3986 145 49 1934.
