2424 4375
1102 4054 131 53 1591

161 516 372 68 Legislature,
561 515 121 54 first
711 517 177 51 called
918 517 210 52 session
1156 521 59 46 to
1245 515 244 54 October
1518 519 81 61 11,
1630 518 151 62 1935,
1810 516 141 51 with

161 534 1992 125 annotations, cumulative table and index … Kansas City, Vernon
160 676 109 50 law
298 672 145 53 book
470 690 278 48 company
783 705 12 33 [
800 679 18 20 c
823 674 131 50 1935
961 704 12 34 ]

231 744 587 49 1 p. l., 5-167 p. 24 cm .
166 798 52 53 ©
250 802 101 41 Oct.
383 801 69 48 23,
484 802 139 45 1935;
657 801 66 40 2c.
755 802 117 39 Nov.
902 801 81 46 16;
1019 800 80 40 aff.
1133 800 118 40 Nov.
1284 800 82 46 21;
1402 800 43 39 A
1475 798 170 49 89522;
1680 800 191 39 Vernon
1904 802 95 37 law
2032 800 123 40 book

236 871 67 29 co.

163 935 332 53 Twentieth
525 938 251 58 century
803 934 168 53 fund.

231 1010 120 54 The
389 1010 247 68 security
674 1010 275 66 markets;
992 1009 251 69 findings
1284 1009 111 52 and
1437 1008 545 53 recommendations
2022 1008 64 53 of
2125 1027 29 34 a

160 1089 209 68 special
405 1088 134 53 staff
575 1087 64 54 of
672 1088 95 52 the
805 1087 321 53 Twentieth
1162 1092 236 63 century
1437 1086 175 68 fund;
1654 1087 247 52 director
1938 1086 63 53 of
163 1106 1970 129 survey:

324 1166 210 53 Alfred
565 1167 63 52 L.
660 1166 334 66 Bernheim;
1027 1165 133 53 staff
1190 1165 412 53 contributors:
1632 1166 69 52 N.
1733 1166 66 52 R.
1832 1165 326 67 Danielian,

162 1244 1995 70 G. Wright Hoffman, Paul D. Dickens [and others] … Editors:
157 1323 210 54 Alfred
406 1324 65 52 L.
511 1324 307 52 Bernheim
999 1356 12 34 [and]
1055 1324 298 69 Margaret
1391 1323 185 55 Grant
1618 1322 327 56 Schneider.
2020 1325 137 53 New

164 1402 163 54 York
352 1402 134 68 city,
512 1402 321 53 Twentieth
862 1408 234 63 century
1127 1402 164 67 fund,
1318 1403 126 67 inc.,
1476 1406 150 49 1935.

234 1477 99 45 xxi,
362 1476 84 41 865
473 1486 44 39 p.
573 1474 179 51 diagrs.
810 1477 113 40 24cm.

239 1533 160 50 “[The]
427 1543 223 38 program
678 1534 94 39 and
799 1544 26 30 a
853 1533 128 40 brief
1006 1543 247 38 summary
1279 1534 52 40 of
1356 1535 134 40 these
1518 1534 207 49 findings
1751 1545 126 30 were
1904 1534 253 50 published

166 1590 79 41 for
282 1591 82 39 the
397 1590 122 39 fund
557 1590 61 47 by
653 1590 81 39 the
771 1590 56 39 D.
865 1590 475 48 Appleton-Century
1377 1600 235 40 company
1648 1591 51 40 in
1736 1592 114 40 1934
1888 1593 154 40 under
2077 1593 84 42 the

166 1645 107 41 title
305 1645 160 41 ‘Stock
495 1645 187 40 market
714 1644 578 42 control’.”—Foreword.

236 1702 289 40 “Published
555 1702 130 47 July,
713 1701 128 41 1935.
902 1703 181 40 Second
1114 1701 230 50 printing,
1376 1703 218 45 October,
1625 1702 157 42 1935.”

235 1758 376 48 Bibliography:
642 1769 43 36 p.
715 1758 247 49 [813]-837.

169 1811 52 53 ©
254 1816 118 47 July
401 1816 69 48 18,
504 1814 112 41 1935;
679 1814 66 41 2c.
779 1815 116 40 Nov.
927 1816 54 45 4;
1016 1815 79 39 aff.
1130 1816 118 40 Nov.
1282 1816 52 46 5;
1369 1817 43 38 A
1444 1816 169 48 88111;
1650 1817 272 41 Twentieth
1957 1820 203 46 century

234 1873 137 47 fund,
402 1873 89 40 inc.
562 1871 279 49 (35-24280)

227 1947 1933 71 U. S. camera, 1935 … New York, W. Morrow & company
421 2058 13 33 [c1935 ]
236 2097 98 49 192,
365 2097 82 50 [10]
478 2108 42 37 p.
576 2098 127 39 illus.
732 2097 133 48 (incl.
892 2097 175 49 ports.)
1105 2098 85 40 col.
1220 2099 170 46 plates.
1446 2098 116 41 30cm.

169 2156 197 40 Editor:
398 2154 127 48 1935,
552 2155 52 39 T.
636 2155 42 40 J.
710 2155 236 47 Maloney.

239 2213 103 40 Vol.
371 2213 53 39 1:
454 2213 75 40 1st
556 2213 72 39 ed.

171 2265 52 53 ©
252 2268 101 41 Oct.
381 2269 40 47 2,
449 2269 140 45 1935;
621 2268 65 40 2c.
717 2269 95 39 and
841 2267 79 41 aff.
952 2267 101 41 Oct.
1082 2267 82 48 15;
1194 2268 42 39 A
1264 2267 169 48 86812;
1465 2269 213 40 Thomas
1705 2269 42 40 J.
1778 2270 238 48 Maloney,
2046 2271 117 40 New

239 2327 143 39 York.
453 2324 279 49 (35-24291)

173 2407 409 65 Wainwright,
613 2408 236 54 Samuel
877 2407 294 64 Hayman,
1205 2411 170 49 1893-

239 2486 222 65 Beauty
495 2483 61 53 in
590 2483 211 68 Japan,
835 2483 76 69 by
947 2482 229 55 Samuel
1209 2483 77 53 H.
1321 2482 405 70 Wainwright,
1762 2483 90 69 jr.,
1887 2485 140 53 with
2062 2490 102 49 200

170 2563 377 53 illustrations
581 2561 76 68 by
689 2561 96 54 the
821 2560 220 53 author.
1115 2560 140 53 New
1287 2560 179 69 York,
1500 2560 69 55 G.
1603 2561 65 52 P.
1704 2563 298 53 Putnam’s
2035 2582 127 34 sons

353 2673 13 33 [c1935 ]
240 2710 1150 51 ix p., 1 l., 308 p. col. front., illus. 24½cm.
242 2769 141 48 Maps
413 2778 61 30 on
503 2766 363 49 lining-papers.

175 2821 52 53 ©
248 2825 102 41 Oct.
373 2825 70 47 18,
467 2823 139 48 1935;
631 2824 68 40 2c.
724 2824 101 40 Oct.
850 2823 82 46 24;
959 2822 82 41 aff.
1067 2822 102 41 Oct.
1194 2823 81 46 21;
1302 2823 40 39 A
1368 2823 169 48 86941;
1569 2825 44 40 S.
1639 2826 61 39 H.
1725 2825 337 49 Wainwright,
2088 2829 76 47 jr.,

246 2880 283 49 Bearsville,
557 2882 55 39 N.
640 2882 54 38 Y.
767 2878 278 49 (35-23959)

176 2963 219 65 Walsh,
426 2964 271 52 Edmund
729 2961 297 66 Aloysius,
1061 2966 170 49 1885-

247 3040 120 53 The
414 3039 361 52 woodcarver
822 3036 63 53 of
932 3037 196 68 Tyrol,
1175 3037 75 69 by
1300 3037 272 54 Edmund
1621 3038 72 54 A.
1740 3039 230 69 Walsh;
2024 3041 138 55 with

179 3118 283 52 woodcuts
489 3116 75 69 by
593 3116 199 67 Harry
822 3114 242 54 Cimino.
1130 3115 140 52 New
1300 3114 163 54 York
1495 3118 113 53 and
1640 3116 259 71 London,
1932 3119 231 70 Harper

178 3196 45 50 &
246 3194 276 54 brothers.
554 3196 148 49 1935.

247 3262 884 53 5 p. l., 3-49, pi p. plates. 19cm.
251 3322 160 41 “First
440 3321 225 44 edition.”

182 3377 51 52 ©
257 3382 115 39 Nov.
399 3380 39 47 9,
465 3380 113 40 1935;
633 3380 67 40 2c.
726 3380 115 38 Nov.
869 3378 51 47 9;
948 3378 82 41 aff.
1057 3378 118 40 Nov.
1202 3379 81 47 12;
1312 3380 43 38 A
1379 3379 169 48 88197;
1577 3381 196 49 Harper
1796 3384 37 40 &
1859 3386 122 40 bros.

258 3437 278 49 (35-23924)

180 3519 262 64 Warren,
474 3517 261 64 Charles,
769 3519 170 50 1868-

248 3595 297 68 Congress,
599 3594 94 52 the
751 3592 408 67 Constitution,
1212 3593 111 52 and
1380 3592 97 54 the
1534 3592 274 71 Supreme
1863 3607 178 60 court,
2097 3603 72 69 by

183 3669 1987 78 Charles Warren … New rev. and enl. ed. Boston, Little,
181 3750 225 67 Brown,
436 3750 110 53 and
579 3766 296 51 company,
908 3751 150 51 1935.

251 3822 763 48 ix p., 2 l., [3]-346 p. 23½cm.
249 3878 406 48 Bibliographical
690 3877 275 42 foot-notes.

187 3931 1963 109 © Nov. 8, 1935; 2c. and aff. Nov. 11; A 89273; Little, Brown, and company. (35-24270)
