2424 4375
1073 4016 131 51 1853

144 410 225 64 Peters,
398 408 256 54 Thomas
680 408 249 66 Pollock,
960 412 170 50 1868-

219 483 1912 69 Criminal law, by Thomas Pollock Peters … Brooklyn,
146 564 69 52 N.
246 564 92 66 Y.,
365 566 149 50 1935.

217 636 85 49 xii,
331 636 85 41 224
444 646 45 39 p.
545 636 56 41 23½
632 639 44 22 cm
681 668 10 9 .

215 706 212 42 “Second
453 705 226 41 edition.”

217 763 175 40 “Table
420 762 52 41 of
498 773 135 30 cases
662 761 155 42 cited”
836 772 10 30 :
876 774 43 37 p.
945 761 216 41 219-221.

219 819 174 40 “Table
421 819 51 39 of
497 818 239 41 statutes”
754 829 10 29 :
793 830 41 37 p.
861 817 215 41 222-224.

149 886 53 53 ©
232 889 111 40 Dec.
374 889 41 41 9.
446 889 113 40 1935
577 900 9 29 :
619 889 66 40 2c.
718 890 96 39 and
845 889 81 40 aff.
957 890 111 39 Dec.
1100 890 54 39 18
1172 899 10 36 ;
1216 889 40 38 A
1288 888 141 41 88743
1448 898 9 36 ;
1478 889 66 39 'T.
1575 889 49 39 P.
1659 889 182 46 Peters,
1873 887 260 48 Brooklyn.

227 946 279 48 (35-38578)

147 1047 276 67 Reinach,
456 1047 290 65 Salomon,
782 1052 322 50 1858-1932.

148 1122 1984 149 Apollo ; an illustrated manual of the history of art throughout the ages, by S. Reinach … from the French by Florence
149 1279 353 66 Simmonds;
544 1298 154 35 more
737 1279 139 54 than
916 1280 89 52 six
1043 1279 262 53 hundred
1344 1279 407 67 illustrations;
1797 1279 335 69 completely

150 1356 216 54 revised
397 1357 113 53 and
537 1375 125 35 new
692 1357 232 68 chapter
955 1357 75 68 by
1058 1357 97 52 the
1184 1357 220 54 author.
1471 1357 140 53 New
1638 1356 180 69 York,
1848 1356 65 56 C.
148 1356 1961 132 Scribner’s
316 1452 129 37 sons
479 1466 15 35 [
496 1439 20 22 c
520 1436 152 64 1935]

216 1505 84 41 xvi
326 1515 58 38 p.,
409 1505 26 39 1
495 1534 11 18 l.,
531 1504 87 41 378
642 1514 44 39 p.
713 1504 110 41 incl.
849 1504 164 49 front.,
1038 1503 128 42 illus.
1225 1505 58 42 18½
1313 1506 45 23 m
1361 1537 10 10 .

219 1574 235 42 “General
483 1573 363 49 bibliography”
865 1585 9 29 :
905 1586 44 38 p.
977 1574 85 42 353
1078 1584 11 38 ;
1120 1574 348 50 Bibliography
1496 1580 51 37 at
1575 1576 92 41 end
1696 1576 52 42 of
1775 1578 118 40 each
1921 1578 213 48 chapter.

152 1643 52 53 ©
236 1647 100 41 Oct.
369 1647 69 48 22,
469 1646 140 47 1935;
643 1647 67 40 2c.
743 1647 101 40 Oct.
874 1647 82 39 25:
992 1645 82 43 aff.
1105 1646 102 41 Oct.
1240 1647 81 46 24;
1357 1648 42 38 A
1430 1646 169 47 89409;
1636 1648 201 41 Charles
1872 1648 265 42 Scribners

220 1715 126 30 sons.
417 1704 220 48 (36-113)

149 1805 383 67 Richardson,
562 1805 206 67 Willis,
800 1809 170 51 1889-
1180 1808 86 53 ed.

220 1886 190 66 Negro
445 1884 221 67 history
699 1886 61 52 in
795 1883 246 56 thirteen
1077 1883 181 69 plays,
1292 1884 76 68 by
1402 1883 193 57 Willis
1628 1885 359 55 Richardson
2023 1888 110 52 and

149 1963 140 67 May
324 1963 210 53 Miller.
606 1962 399 67 Washington,
1041 1964 72 51 D.
1153 1962 81 66 C.,
1271 1963 122 52 The
1429 1963 334 53 Associated
1800 1964 337 67 publishers,

150 2041 329 68 inc. [ c 1935]
221 2126 81 49 vii,
329 2125 85 42 333
443 2135 43 39 p.
545 2125 56 39 21½
633 2127 45 22 cm
681 2157 11 10 .

152 2193 55 54 ©
240 2199 110 38 Dec.
386 2198 39 46 7,
460 2195 112 42 1935
591 2207 9 36 ;
637 2196 65 40 2c.
740 2197 97 39 and
867 2196 82 40 aff.
984 2197 109 39 Dec.
1129 2195 60 40 20
1202 2207 9 35 ;
1248 2197 40 38 A
1324 2196 147 41 88772:
1484 2207 10 36 ;
1530 2197 285 41 Associated
1851 2198 288 50 publishers,

223 2253 90 41 inc.
387 2253 191 48 (36-17)

151 2355 197 65 Rines,
377 2356 225 64 George
630 2354 224 66 Edwin,
883 2360 172 50 1860-

223 2431 239 70 Getting
488 2433 95 53 the
610 2437 147 48 most
785 2437 98 48 out
910 2431 64 54 of
1001 2431 124 69 life,
1153 2431 74 69 by
1255 2432 221 68 George
1504 2432 210 53 Edwin
1741 2433 192 55 Rines.
153 2438 1960 139 Boston,
297 2509 237 54 Meador
563 2508 332 70 publishing
924 2527 295 51 company,
1250 2513 149 50 1935.

221 2591 87 44 197
335 2602 44 40 p.
437 2592 27 40 21
495 2594 44 22 cm
543 2623 10 10 .

156 2664 53 54 ©
232 2669 112 39 Dec.
367 2668 40 47 9,
431 2667 141 47 1935;
598 2668 66 39 2c.
688 2668 112 38 Dec.
826 2667 53 39 16
896 2677 10 36 ;
932 2666 83 42 aff.
1039 2667 111 39 Dec.
1176 2667 81 47 12;
1283 2668 40 38 A
1348 2667 141 40 89901
1508 2679 8 34 ;
1547 2669 51 39 G.
1627 2670 51 39 E.
1705 2670 163 48 Riues,
226 2671 1895 100 Pleasantville,
384 2725 55 38 N.
472 2725 44 40 J.
585 2724 191 46 (36-34)

154 2823 271 69 Roberts,
454 2825 275 53 Kenneth
759 2825 208 63 Lewis,
998 2828 170 51 1885-

288 2901 1850 71 … It must be your tonsils; with pictures by Paul Galdone.
156 2979 230 56 Garden
419 2979 151 69 City,
600 2981 70 54 N.
701 2981 90 65 Y.,
819 2979 354 66 Doubleday,
1201 2982 198 51 Doran
1427 2985 46 50 &
1502 3000 96 48 co.,
1631 2982 126 67 inc.,
1789 2988 150 50 1936.

225 3052 711 50 3 p. l. , 70 p. illus. 19½ cm .
227 3124 66 41 At
319 3124 126 41 head
472 3123 52 40 of
555 3123 107 41 title
679 3134 10 29 :
721 3123 224 40 Kenneth
977 3123 220 40 Roberts.

228 3181 285 43 Illustrated
545 3180 107 42 title
682 3191 59 29 on
772 3181 94 39 two
945 3190 127 30 leaves.

230 3237 161 42 “First
423 3236 226 41 edition.”

160 3304 52 53 ©
236 3309 110 39 Dec.
372 3308 67 43 13,
465 3306 113 41 1935
595 3318 9 31 ;
629 3307 67 40 2c.
722 3308 94 39 and
841 3306 80 40 aff.
947 3307 112 40 Dec.
1084 3307 59 39 20
1157 3318 9 35 ;
1194 3308 40 38 A
1260 3307 145 40 88876
1420 3318 9 36 ;
1458 3309 226 39 Kenneth
1710 3310 219 46 Roberts,
229 3313 1899 91 Kennebunk
390 3365 174 46 Beach,
597 3365 88 38 Me.
757 3363 219 47 (36-136)

157 3466 242 64 Rogers,
425 3467 205 63 Henry
655 3465 263 62 Munroe,
947 3469 170 49 1839-

228 3544 187 52 Adam
446 3544 111 51 and
586 3544 120 51 Eve
735 3543 112 52 and
874 3541 160 54 other
1062 3542 217 67 people,
1306 3542 75 67 by
1408 3544 204 66 Henry
1639 3544 241 56 Munroe
1909 3549 231 65 Rogers.

160 3622 300 64 Norwood,
484 3621 191 52 Mass..
702 3621 156 51 Priv.
887 3618 175 67 print,
1092 3624 57 48 at
1176 3621 97 51 the
1299 3618 297 69 Plimpton
1624 3640 174 50 press,
1828 3628 149 52 1935.

229 3706 100 48 viii,
363 3706 98 44 151,
499 3705 55 49 [1]
586 3715 43 38 p.
688 3704 148 41 front.
878 3703 174 49 (port.)
1118 3703 56 40 22c
1177 3704 45 23 m
1226 3735 9 9 .

231 3775 237 40 “Limited
491 3773 182 41 edition
701 3773 52 40 of
778 3772 87 41 600
888 3772 202 48 copies.”

230 3831 183 40 Poems.

165 3896 52 53 ©
255 3902 110 38 Dec.
403 3901 68 38 11.
510 3897 112 41 1935
641 3908 8 30 :
690 3897 65 39 2c.
793 3898 111 38 Dec.
943 3897 83 46 14;
1065 3896 82 40 aff.
1185 3898 113 39 Dec.
1336 3899 81 46 13;
1456 3900 40 38 A
1534 3900 168 50 88658;
1745 3905 58 38 H.
1846 3908 60 39 M.
1947 3909 196 48 Rogers,

232 3959 195 38 Boston.
502 3954 191 48 (36-22)
