2424 4375
1071 4073 97 55 457

131 455 121 66 Alt,
281 457 221 54 Harold
531 457 187 65 Lynn,
752 462 169 49 1885-
1131 457 84 55 ed.

206 533 103 54 Six
359 550 152 49 ways
559 537 57 48 to
666 532 180 68 figure
893 530 305 70 radiation,
1247 533 190 52 edited
1484 531 76 68 by
1609 531 227 54 Harold
1885 533 64 52 L.
2000 531 120 52 Alt.

136 607 1519 72 Chicago, Domestic engineering company [ c 1935]
206 684 56 39 64
286 695 42 37 p.
355 683 110 41 incl.
491 684 144 48 illus.,
660 684 169 40 tables.
887 684 55 39 17
945 684 45 22 cm
994 714 9 10 .

134 758 53 53 ©
217 764 123 38 Mar.
370 763 70 47 14,
471 762 117 41 1935;
645 762 66 40 2c.
745 763 95 39 and
872 761 80 41 aff.
987 763 122 39 Mar.
1140 762 55 39 21;
1258 761 41 40 A
1330 760 147 42 81089;
1536 760 246 42 Domestic
1816 760 310 49 engineering

204 837 67 30 co.
342 826 224 48 (35-5403
578 826 15 48 )

133 926 315 56 American
478 928 373 64 therapeutic
876 927 242 64 society.

202 1004 1920 69 Transactions … Volume 34, 1934. Louis Faugeres Bishop,
131 1082 88 68 jr.,
247 1084 199 51 editor.
517 1084 156 65 [New
703 1084 177 65 York]
914 1084 123 52 The
1066 1082 242 68 Society,
1341 1086 148 50 1934.

200 1164 84 40 212
314 1176 43 37 p.
414 1164 128 40 illus.
600 1163 145 42 23½cm.

132 1237 53 53 ©
215 1242 121 39 Mar.
366 1241 71 47 25,
467 1239 141 49 1935;
640 1240 67 41 2c.
739 1242 96 39 and
866 1240 80 41 aff.
978 1241 113 48 Apr.
1124 1240 53 48 2;
1210 1240 41 40 A
1281 1240 170 48 81238;
1484 1240 157 41 Amer,
1677 1238 308 50 therapeutic
2015 1250 108 37 soc.,

201 1306 117 39 New
349 1304 145 40 York.

135 1406 325 65 [Andrews,
491 1407 244 56 Charles
764 1407 274 67 McLean]
1075 1413 169 49 1863-

258 1482 1855 69 … The beginnings of Connecticut, 1632-1662. [New Haven]
126 1559 312 54 Published
461 1559 93 54 for
573 1561 96 52 the
688 1561 418 68 Tercentenary
1126 1559 359 54 commission
1508 1560 75 69 by
1606 1560 95 53 the
1725 1560 146 52 Yale
125 1560 1969 145 university

267 1655 174 50 press,
472 1640 150 49 1934.

198 1709 282 45 cover-title,
509 1709 54 41 81
593 1719 43 39 p.
695 1708 56 42 23
755 1711 43 22 cm
803 1741 8 8 .

198 1764 65 41 At
284 1766 124 40 head
433 1766 51 41 of
506 1766 109 40 title;
667 1765 355 49 Tercentenary
1046 1764 306 42 commission
1377 1764 55 42 of
1451 1766 83 40 the
1560 1766 128 40 state
1714 1765 53 41 of
1792 1764 329 43 Connecticut.

126 1819 287 45 Committee
443 1833 60 29 on
531 1821 254 42 historical
816 1821 337 50 publications.

197 1876 74 49 By
297 1878 201 42 Charles
523 1879 63 41 M.
614 1879 248 41 Andrews,
921 1879 60 47 cf.
1006 1889 45 39 p.
1076 1880 41 41 1.

129 1946 56 54 ©
211 1951 111 40 Feb.
352 1952 40 47 5,
421 1951 117 42 1935;
593 1952 66 40 2c.
693 1953 94 39 and
818 1951 81 41 aff.
931 1952 110 40 Feb.
1072 1951 54 41 23;
1188 1952 40 38 A
1258 1951 143 41 80558;
1461 1953 120 39 Yale
1613 1952 130 40 univ.
1776 1963 147 38 press.

208 2008 279 49 (35-27637)

127 2110 273 66 Armour,
429 2111 256 55 Richard
713 2111 261 57 Willard.

199 2189 188 66 Barry
435 2188 318 66 Cornwall;
804 2210 31 33 a
880 2189 323 68 biography
1249 2189 64 54 of
1360 2191 199 65 Bryan
1602 2190 219 53 Waller
1866 2190 254 66 Procter,

129 2264 139 53 with
306 2284 31 34 a
374 2267 239 52 selected
651 2265 293 55 collection
983 2266 64 54 of
1082 2267 251 53 hitherto
1373 2267 383 66 unpublished
1794 2269 212 65 letters,
2044 2268 75 66 by

126 2342 1968 143 Richard Willard Armour … Boston, Meador publishing company, 1935.
196 2490 88 42 370
314 2503 43 38 p.
416 2491 164 49 front.,
613 2494 148 47 ports.
821 2492 53 40 23
878 2495 44 21 cm
927 2525 9 8 .

199 2547 347 50 Bibliography;
605 2560 43 38 p.
683 2548 246 51 [341]-360.

129 2615 53 53 ©
209 2621 119 38 Mar.
356 2620 68 46 14,
453 2619 113 40 1935;
622 2619 67 40 2c.
717 2620 121 38 Mar.
865 2619 57 39 27;
976 2618 81 40 aff.
1086 2619 114 48 Apr.
1226 2620 26 39 3;
1309 2618 41 40 A
1377 2619 144 41 82347;
1579 2621 211 40 Edward
1818 2621 60 39 K.
1906 2620 212 50 Meador,

197 2677 197 40 Boston.
463 2677 251 48 (35-5513)

125 2776 278 66 Armsby,
432 2780 136 51 Mrs.
597 2778 265 53 Leonora
890 2777 240 65 (Wood)

199 2852 1917 71 Musicians talk, by Leonora Wood Armsby … New York,
129 2930 136 55 Dial
295 2951 173 49 press,
497 2931 124 68 inc.,
651 2937 148 49 1935.

202 3002 102 49 xiii,
333 3004 86 40 242
448 3014 41 37 p.
549 3003 163 45 front.,
743 3015 76 37 pl.,
849 3006 147 46 ports.
1056 3004 54 39 21
1113 3006 45 21 cm
1162 3034 9 9 .

200 3061 101 39 The
335 3060 217 41 author’s
587 3060 365 42 reminiscences
988 3070 53 30 as
1076 3070 229 38 manager
1339 3060 52 40 of
1424 3061 81 40 the
1538 3060 362 41 Philharmonic
1934 3061 181 49 society

131 3118 52 39 of
217 3118 96 41 San
344 3119 159 39 Mateo
534 3120 191 46 county,
758 3118 284 41 California.

128 3172 53 53 ©
209 3177 120 38 Mar.
359 3176 69 46 25,
459 3174 141 49 1935;
630 3176 68 40 2c.
730 3176 121 39 Mar.
881 3175 82 47 30;
996 3174 83 41 aff.
1109 3175 113 48 Apr.
1253 3176 54 46 2;
1340 3176 39 38 A
1410 3175 171 47 81250;
1614 3176 113 39 Dial
1760 3186 134 38 press
1942 3176 90 39 inc.

206 3231 250 50 (35-5554)

126 3333 237 65 Austin,
392 3333 232 53 Arthur
653 3333 171 58 Cecil.

196 3409 1916 67 The story of diamonds, by A. C. Austin … and Marion
126 3485 1986 68 Mercer … prepared for the Century of progress committee of
126 3563 95 53 the
259 3564 251 66 Chicago
548 3563 267 67 jewelers’
855 3562 363 65 association;
1258 3563 139 52 with
1437 3565 99 50 125
1574 3562 408 66 illustrations;
2024 3569 89 47 art

127 3640 156 52 work
319 3642 74 65 by
431 3642 181 64 Percy
650 3640 149 53 Hale
836 3640 185 52 Lund.
1100 3638 289 68 [Chicago]
1433 3638 252 67 Chicago
1722 3638 270 67 jewelers’
126 3660 1962 120 association,
451 3724 18 21 c
473 3720 151 50 1935.

197 3789 55 39 96
285 3801 43 36 p.
388 3789 127 39 illus.
574 3788 145 40 20½cm.

198 3843 161 42 “First
389 3843 403 46 edition—20,000
822 3842 200 50 copies.”

198 3900 346 48 Bibliography;
602 3910 43 38 p.
679 3898 68 50 [91]

129 3955 52 52 ©
211 3958 108 40 Feb.
349 3957 69 46 21,
448 3956 116 41 1935;
618 3955 66 41 2c.
716 3955 98 40 and
841 3953 81 41 aff.
953 3954 111 41 Feb.
1093 3954 59 40 28;
1208 3953 44 42 A
1278 3954 145 42 79837;
1482 3953 211 51 Chicago
1719 3956 235 49 jewelers’
1985 3967 129 33 assn.

207 4014 249 42 (35-5487)
