2424 4375
1166 4090 134 50 1394

242 468 316 66 Berbaum,
586 467 256 56 William
872 469 68 54 R.

311 544 258 54 Atlantis
603 548 46 50 &
681 545 162 53 other
878 561 210 51 poems,
1122 545 73 67 by
1230 542 259 56 William
1524 545 68 52 R.
1628 543 302 53 Berbaum.
2006 545 228 65 Boston,

240 622 237 54 Meador
509 621 336 70 publishing
873 641 297 50 company,
1202 626 150 51 1935.

312 695 58 42 95
401 707 43 38 p.
505 695 146 42 19½cm.

239 757 1998 53 © July 25, 1935; 2c. Aug. 15; a ff. Aug. 24; A 86048; Edward K. Meador,
311 818 198 41 Boston.
581 817 280 49 (35-18819)

242 921 200 65 Bloch,
471 922 180 65 Iwan,
683 923 325 55 1872-1922.

312 997 516 70 Anthropological
873 998 113 55 and
1033 998 379 68 ethnological
1458 997 214 55 studies
1716 998 59 53 in
1823 996 94 55 the
1963 1002 278 64 strangest

243 1094 94 35 sex
366 1083 117 48 acts
511 1078 60 53 in
600 1076 190 55 modes
820 1076 61 53 of
910 1076 122 53 love
1063 1077 63 52 of
1155 1076 76 51 all
1261 1094 154 35 races
1445 1074 340 69 illustrated,
1814 1073 259 69 oriental,

244 1074 1996 149 occidental, savage, civilized, by Dr. Iwan Bloch … New York,
243 1229 296 71 Privately
565 1231 206 68 issued,
801 1228 243 56 Falstaff
1073 1249 173 51 press,
1272 1230 107 54 inc.
1416 1232 193 68 [c1935]

313 1303 26 40 3
400 1334 9 9 v.
437 1303 49 39 in
543 1334 8 8 l.
612 1302 164 49 front.,
805 1304 169 48 plates.
1035 1302 116 43 25cm.

315 1360 132 40 Each
479 1360 191 39 volume
700 1361 90 39 has
820 1360 179 47 special
1030 1363 97 45 t.-p.

316 1416 1922 51 “Of this edition … three thousand copies have been privately issued
296 1472 732 50 … This copy is … no 1924.”
314 1530 330 48 Translation,
679 1531 60 47 by
775 1531 148 40 Ernst
958 1530 162 48 Vogel,
1156 1530 52 41 of
1240 1530 191 42 volume
1465 1531 25 39 2
1526 1531 52 40 of
1614 1532 82 40 the
1730 1531 218 41 author’s
1987 1531 254 49 “Beiträge

243 1597 88 30 zur
361 1588 258 47 aetiologie
653 1588 85 39 der
771 1586 353 49 psychopathia
1158 1586 259 43 sexualis”.
1477 1588 202 39 Volume
1713 1598 89 30 one
1835 1598 102 31 was
1972 1588 268 41 translated

245 1643 59 48 by
346 1643 164 41 Keene
551 1643 173 40 Wallis
765 1644 95 40 and
899 1642 256 50 published
1196 1643 48 40 in
1285 1642 114 42 1933
1441 1645 153 39 under
1636 1644 109 40 title:
1817 1644 422 49 Anthropological

244 1701 186 40 studies
463 1700 49 40 in
545 1701 83 40 the
659 1701 199 46 strange
888 1700 169 40 sexual
1089 1700 238 48 practises
1358 1699 53 41 of
1442 1701 66 39 all
1542 1709 136 32 races
1710 1701 48 39 in
1791 1701 67 40 all
1890 1712 127 37 ages.

591 1757 1649 49 CONTENTS. — I. Anthropologia sexualis of the strangest violent sex
244 1817 105 38 acts
385 1813 53 41 of
471 1814 69 40 all
578 1823 268 33 races.—II.
880 1813 381 48 Anthropologia
1301 1813 216 40 sexualis
1555 1813 52 41 of
1645 1815 82 40 the
1764 1817 125 38 most
1927 1815 195 41 curious
2159 1825 81 31 sex

244 1874 104 38 acts
384 1871 50 41 of
470 1870 67 41 all
574 1881 289 32 races.—III.
897 1870 41 39 A
975 1871 191 48 private
1204 1870 417 48 anthropological
1656 1870 192 42 cabinet
1884 1872 53 40 of
1973 1871 84 41 181
2093 1872 148 40 erotic

244 1928 290 48 curiosities,
567 1927 306 48 illustrating
903 1928 84 40 Dr.
1023 1928 136 39 Iwan
1192 1926 192 42 Bloch’s
1416 1927 382 49 Anthropologia
1833 1928 215 41 sexualis
2081 1928 51 41 of
2162 1928 80 41 the

244 1987 247 46 strangest
529 1995 84 29 sex
652 1986 105 38 acts
796 1985 49 38 in
881 1985 165 39 modes
1084 1984 52 40 of
1173 1985 107 38 love
1318 1984 52 40 of
1407 1984 67 40 all
1513 1993 135 32 races
1689 1984 294 50 illustrated,
2021 1985 219 48 oriental,

244 2042 284 47 occidental,
569 2051 191 38 savage,
800 2040 235 48 civilized,
1074 2039 250 49 including
1361 2050 27 30 a
1429 2050 110 32 rare
1576 2041 182 41 section
1794 2041 52 41 of
1884 2042 56 40 50
1977 2042 264 41 fetichistic

244 2099 330 49 photographs
608 2099 96 40 and
738 2108 178 37 scenes,
951 2098 162 39 edited
1147 2098 95 39 and
1277 2099 265 39 annotated
1576 2098 61 48 by
1673 2099 149 40 Ernst
1856 2099 162 48 Vogel.

246 2163 53 53 ©
332 2167 129 41 June
491 2166 41 46 3,
567 2165 141 47 1935;
745 2164 67 40 2c.
848 2165 94 39 and
978 2163 81 40 aff.
1098 2163 100 40 Oct.
1234 2164 53 45 3;
1325 2164 41 38 A
1401 2163 143 41 86585;
1610 2163 211 41 Falstaff
1854 2174 149 39 press,
2040 2164 88 39 inc.

323 2221 281 51 (35-18975)

247 2325 302 64 Briffault,
573 2325 241 65 Robert,
842 2326 171 55 1876-

316 2400 1636 69 Breakdown; the collapse of traditional civilisation [by]
245 2399 1973 136 Robert
367 2477 294 56 Briffault.
736 2477 136 53 New
910 2476 178 69 York,
1126 2476 549 69 Coward-McCann,
1711 2480 151 52 1935.

314 2549 465 50 4 p. l., 342 p. 21½cm.
315 2608 42 39 A
387 2608 187 48 reprint
604 2606 53 41 of
686 2608 82 40 the
797 2606 114 41 1932
939 2606 184 41 edition
1152 2607 120 39 with
1302 2618 27 29 a
1363 2606 326 49 “Postscript”
1731 2607 68 49 (p.
1830 2608 227 48 274-342)
2095 2607 143 42 dated

245 2664 129 42 1935.
434 2667 62 48 cf.
525 2675 44 38 p.
599 2663 100 41 274.

244 2729 53 52 ©
324 2733 102 39 Oct.
451 2733 41 46 9,
517 2731 114 40 1935;
686 2731 67 39 2c.
783 2731 126 46 Sept.
936 2730 56 39 27;
1048 2729 83 40 aff.
1160 2730 99 39 Oct.
1289 2730 57 38 10;
1400 2731 40 36 A
1468 2729 141 40 86661;
1669 2729 453 47 Coward-McCann,
2150 2731 88 38 inc.

319 2788 281 50 [Copyright
629 2786 44 41 is
700 2785 203 42 claimed
934 2796 60 29 on
1024 2785 286 49 Postscript]
1383 2785 280 50 (35-18976)

247 2890 310 65 Broomell,
583 2890 175 53 Anna
782 2888 209 66 Pettit,
1020 2890 85 53 ed.

292 2965 140 59 .The
465 2964 304 55 children’s
802 2970 156 62 story
990 2982 264 35 caravan,
1286 2964 267 53 collected
1589 2964 113 53 and
1737 2964 190 54 edited
1959 2965 76 68 by
2068 2963 166 53 Anna

244 3042 180 54 Pettit
465 3042 318 68 Broomell;
829 3042 139 52 with
1008 3060 73 35 an
1126 3041 385 53 introduction
1556 3041 74 70 by
1673 3042 266 69 Dorothy
1981 3038 252 58 Canfield

242 3119 230 68 Fisher;
505 3119 325 54 illustrated
858 3119 73 69 by
960 3119 322 53 Katharine
1314 3118 358 55 Richardson
1703 3120 310 53 Wireman.

241 3115 1969 150 Philadelphia,
556 3197 260 67 London,
843 3197 54 54 J.
929 3198 67 51 B.
1025 3196 336 68 Lippincott
1392 3214 280 52 company
1706 3200 193 64 [c1935]

310 3268 87 42 320
426 3280 41 38 p.
528 3269 86 41 col.
642 3270 163 41 front.,
838 3269 140 42 illus.,
1010 3269 171 47 plates.
1240 3267 115 41 20cm.

315 3325 149 42 Notes
491 3337 59 29 on
580 3335 194 30 sources:
834 3336 40 37 p.
901 3324 217 42 317-320.

247 3388 52 52 ©
328 3392 99 40 Oct.
456 3392 68 46 11,
553 3390 113 41 1935;
723 3390 67 41 2c.
819 3391 94 39 and
941 3389 82 41 aff.
1053 3390 99 40 Oct.
1184 3391 55 38 17;
1297 3392 38 37 A
1365 3390 146 41 86825;
1565 3392 53 39 A.
1648 3392 50 39 P.
1728 3392 256 47 Broomell,
312 3392 1906 103 Germantown,
485 3448 83 39 Pa.
639 3446 278 49 (35-18997)

247 3548 232 66 Brown,
507 3549 208 64 Henry
742 3549 234 55 Collins.

314 3624 370 53 Brownstone
720 3623 187 54 fronts
944 3624 112 53 and
1095 3622 280 70 Saratoga
1413 3623 220 66 trunks,
1668 3624 74 68 by
1778 3625 204 68 Henry
2018 3621 213 56 Collins

244 3699 1984 70 Brown … illustrated by old prints and photographs. New
243 3776 178 67 York,
449 3777 67 52 E.
544 3777 64 52 P.
634 3777 223 52 Dutton
883 3780 51 49 &
961 3795 99 47 co.,
1086 3778 125 66 inc.,
1241 3780 150 49 1935.

313 3847 1162 49 4 p. l., vii-xxii p., 1 l., 25-412 p. illus. 22½cm.
315 3904 161 41 “First
502 3904 228 42 edition.”

246 3963 53 53 ©
331 3968 101 40 Oct.
466 3969 40 45 7,
567 3969 112 46 1935;
714 3969 65 41 2c.
815 3970 94 43 and
943 3969 81 40 aff.
1060 3969 101 40 Oct.
1197 3970 51 41 8;
1286 3971 38 37 A
1360 3970 168 46 86613;
1566 3972 51 39 E.
1653 3971 51 41 P.
1738 3973 186 39 Dutton
1959 3971 35 40 &
2026 3980 80 31 co.,
2141 3967 87 39 inc.

322 4024 279 54 (35-18992)
