2424 4375
1033 4057 131 51 1083

549 518 10 10 CONTENTS.—I.
597 486 284 49 Ownership
916 487 155 47 rights
1106 487 50 40 of
1192 488 210 40 married
1440 498 108 29 men
1584 488 94 39 and
1717 497 196 38 women,

125 489 1963 95 homesteader.—II.
486 542 244 40 Landlord
772 544 95 38 and
910 544 208 45 tenants,
1162 543 331 43 automobiles,
1539 545 223 46 personal
1808 544 302 47 property.—

123 609 74 33 in.
237 599 268 46 Contracts,
547 600 241 45 damages,
828 598 294 48 promissory
1162 601 151 44 notes,
1356 599 459 48 partnership.—IV.
1860 599 246 48 Shipping,

122 657 267 44 insurance,
416 656 267 46 executors,
711 655 248 48 directors,
984 655 458 40 stockholders.—V.
1468 656 245 40 Domestic
1741 656 246 46 relations,

124 665 1962 95 employer
321 712 94 39 and
451 711 389 48 employee.—VI.
876 710 329 48 Bankruptcy,
1243 711 267 48 dividends,
1547 712 158 45 deeds,
1741 714 168 40 leases,
1949 711 158 41 index.

129 768 51 53 ©
211 772 116 47 July
353 772 69 44 31,
456 770 140 41 1835:
630 770 67 40 2c.
730 770 118 39 each
880 770 120 48 Aug.
1033 770 81 40 15:
1150 771 41 38 A
1223 770 169 45 85516;
1428 770 298 47 Doubleday,
1757 771 168 39 Doran
1956 770 37 40 &
2026 781 81 35 co.,

195 828 105 46 inc.,
330 828 192 39 Garden
555 827 123 47 City,
710 827 56 39 N.
797 827 54 39 Y.
917 826 283 49 [Copyright
1227 826 42 40 is
1299 826 204 40 claimed
1535 838 62 28 on
1627 825 225 50 revision]

205 884 278 49 (35-13014)

120 973 117 52 The
271 973 160 52 Book
468 971 64 54 of
565 971 359 67 knowledge;
964 973 95 51 the
1094 972 302 53 children’s
1432 972 425 67 encyclopedia:
192 972 1910 144 editor-in-chief,
474 1050 225 52 Arthur

723 1048 1380 68 Mee … with an introduction by H. J. Cody
252 1125 1853 69 … Toronto, The Grolier society, limited; London, The
191 1203 1094 69 Educational book company [ c 1935]
193 1277 56 40 20
275 1287 42 30 v.
376 1277 175 39 fronts,
580 1276 66 48 (v.
675 1278 39 46 1,
740 1278 40 46 3,
810 1277 39 48 8,
878 1277 68 47 13,
975 1276 69 48 16,
1073 1277 80 46 18)
1190 1276 129 41 illus.
1348 1277 133 48 (part
1509 1276 111 47 col.)
1658 1277 156 46 plates
1842 1277 134 47 (part
2005 1278 101 41 col..

124 1336 26 39 1
178 1333 194 47 double)
409 1333 152 48 diagr.
620 1334 57 39 25
678 1336 45 21 cm
728 1366 9 9 .

191 1391 160 48 Paged
380 1390 352 48 continuously.

195 1447 99 41 One
338 1447 300 40 illustration
683 1448 95 39 and
824 1458 87 29 one
956 1447 190 40 colored
1190 1448 130 47 plate
1366 1458 83 29 are
1496 1447 116 39 each
1659 1447 338 47 accompanied
2047 1448 56 46 by

123 1508 150 44 guard
306 1504 135 41 sheet
473 1504 121 40 with
623 1504 289 48 descriptive
943 1505 297 47 letterpress.

192 1561 185 40 “Silver
406 1561 177 47 jubilee
614 1561 226 41 edition.”

126 1617 1977 97 “The new Canadian Book of knowledge … thoroughly revised."—Introd.
190 1729 230 42 Contains
449 1740 142 38 songs
620 1729 120 41 with
768 1729 165 42 music.

127 1783 51 52 ©
210 1788 117 47 Aug.
362 1789 40 45 1,
434 1787 140 41 1935;
611 1787 67 40 2c.
713 1789 118 38 each
865 1788 117 47 Aug.
1018 1787 82 47 12;
1140 1787 80 40 aff.
1255 1788 118 48 Aug.
1411 1787 52 41 6:
1501 1788 41 38 A
1577 1787 170 45 85421;
1789 1785 188 42 Grolier
2012 1798 92 28 soc.

192 1846 94 38 and
319 1845 370 47 Amalgamated
725 1853 137 39 press
903 1843 162 50 (1922)
1109 1845 86 39 ltd.
1258 1843 281 50 [Copyright
1574 1843 44 41 is
1652 1844 203 40 claimed
1891 1855 60 28 on
193 1843 1897 104 revisions,
366 1901 244 40 additions
643 1902 95 39 and
769 1901 228 48 pictures]
1069 1900 278 48 (35-13062)

120 1989 322 65 Bouchard,
470 1991 218 63 Harry,
721 1996 168 50 1889-

187 2065 1917 71 Surveying, by Harry Bouchard … 1st ed. Scranton, Pa.,
115 2144 412 53 International
562 2145 269 53 textbook
863 2164 295 49 company,
1194 2149 150 51 1935.

184 2218 98 47 xiii,
315 2218 84 40 586
431 2229 40 37 p.
505 2219 107 40 incl.
645 2219 141 46 illus.,
820 2220 167 46 tables,
1020 2220 177 47 diagrs.
1257 2219 118 40 fold.
1408 2228 124 38 map.
1591 2218 144 40 20½c.
1807 2217 297 50 (Half-title:

119 2273 1984 51 International texts in civil engineering, C. E. O'Rourke … consulting
116 2329 175 50 editor)

185 2385 343 49 Bibliography
553 2389 51 37 at
632 2388 89 39 end
750 2386 50 39 of
827 2397 127 30 some
982 2387 51 39 of
1060 2387 80 40 the
1167 2387 238 48 chapters.

126 2437 1978 54 © June 17. 1935; 2c. and aff. July 10: A 84586; Internatl. textbook co.
205 2499 276 46 (35-12814)

119 2587 243 66 Breiter,
392 2591 86 52 W.

186 2665 340 54 Zahlenfibel
567 2666 98 53 für
704 2668 106 52 den
850 2666 415 68 einzelhandel;
1312 2673 62 48 19
1414 2668 264 66 wichtige
1719 2669 241 53 tabellen
2002 2669 98 53 für

120 2738 102 53 den
255 2742 281 66 täglichen
573 2744 282 64 gebrauch
887 2744 106 53 mit
1026 2762 252 49 genauen
1313 2747 434 64 erläuterungen
1780 2746 119 51 und
122 2746 1955 124 praktischen
357 2819 323 67 beispielen,

712 2840 107 33 von
847 2821 90 53 W.
968 2822 225 52 Breiter
1220 2822 117 51 und
1369 2822 75 51 H.
1474 2823 90 53 W.
1594 2823 270 51 Tümena.
1930 2822 170 53 Halle

130 2892 217 67 (Saale)
382 2897 89 53 W.
500 2897 217 66 Knapp
769 2901 151 62 [1934]

185 2964 67 47 22,
285 2967 84 49 [10]
399 2980 43 37 p.
471 2968 109 41 incl.
610 2969 168 41 tables.
839 2970 54 38 21
896 2972 45 21 cm
944 3002 9 9 .

125 3017 51 52 ©
201 3024 115 39 Nov.
343 3024 68 47 23,
442 3025 139 40 1834:
611 3027 64 38 1c.
706 3026 109 40 Jan.
846 3028 68 45 17,
944 3026 140 46 1835;
1113 3026 309 48 A-Foreign
1451 3027 171 41 26635:
1654 3026 226 45 Wilhelm
1911 3028 189 47 Knapu.

201 3080 275 48 (35-12948)

122 3165 176 67 Bush,
329 3169 404 67 Christopher,
766 3177 169 49 1885-

119 3245 1951 143 The case of the Chinese gong, by Christopher Bush. Loudon [ etc.]
429 3323 213 55 Cassell
671 3326 112 52 and
811 3344 294 49 company,
1132 3327 104 52 ltd.
1289 3331 152 61 [1935]

187 3393 25 38 5
238 3402 44 38 p.
344 3425 9 16 l.,
382 3394 184 47 13-316,
598 3398 54 49 [1]
682 3408 42 37 p.
785 3397 126 40 illus.
940 3398 161 47 (plan)
1172 3398 53 39 19½
1259 3400 14 21 cm
1306 3430 9 8 .

124 3443 1972 60 © 1c. Aug. 1, 1935; A ad int. 20446; pubd. June 13; G. Bush, Beckley,
194 3505 188 48 Sussex,
413 3509 232 46 England.
717 3510 277 46 (35-12795)

119 3588 323 71 Buxbaum,
473 3596 205 54 Edwin
710 3598 291 61 Clarence,
1033 3606 169 48 1903-

180 3668 308 55 Profitable
517 3672 402 69 photography
952 3676 137 52 with
1121 3676 93 51 the
1246 3676 304 53 miniature
1582 3694 219 36 camera
1855 3677 75 67 [by]
113 3678 1961 119 Edwin

254 3744 1775 77 C. Buxbaum … Milwaukee. The Box tree press, 1935.
180 3818 58 38 72
265 3828 43 38 p.
338 3819 108 41 inch
475 3821 163 46 front.,
669 3824 128 39 illus.
857 3825 54 38 20
914 3827 43 20 cm
963 3857 8 7 .

184 3871 160 43 “First
372 3874 224 42 edition.”

125 3921 54 53 ©
207 3928 114 48 July
354 3931 67 48 10,
454 3932 140 45 1935;
630 3933 64 40 2c.
730 3935 96 39 and
858 3936 81 40 aff.
972 3937 115 47 July
1120 3937 82 46 17;
1238 3938 43 40 A
1314 3938 168 49 85100;
1517 3941 52 39 E.
1606 3939 50 41 C.
1691 3939 269 47 Buxbaum,
190 3939 1894 87 Milwaukee.
468 3988 277 48 (35-12820)
