<alto xmlns="http://www.loc.gov/standards/alto/ns-v3#" xmlns:xsi="http://www.w3.org/2001/XMLSchema-instance" xsi:schemaLocation="http://www.loc.gov/standards/alto/ns-v3# http://www.loc.gov/alto/v3/alto-3-0.xsd"><Description>
<MeasurementUnit>pixel</MeasurementUnit>
<sourceImageInformation>
<fileName>1935_v32_Part1.pdf</fileName>
</sourceImageInformation>
<OCRProcessing ID="IdOcr">
<ocrProcessingStep>
<processingDateTime>2019-01-15</processingDateTime>
<processingSoftware>
<softwareCreator>ABBYY</softwareCreator>
<softwareName>ABBYY Recognition Server</softwareName>
<softwareVersion>4.0</softwareVersion>
</processingSoftware>
</ocrProcessingStep>
</OCRProcessing>
</Description>
<Styles>
<ParagraphStyle ALIGN="Left" FIRSTLINE="0." ID="StyleId-FFFFFFFF-FFFF-FFFF-FFFF-FFFFFFFFFFFF-" LEFT="0." RIGHT="0." />
<ParagraphStyle ALIGN="Left" FIRSTLINE="0." ID="StyleId-09A13A44-4F77-4ABE-84F3-84CC8B3C72CE-" LEFT="0." LINESPACE="7.699999809" RIGHT="0." />
<ParagraphStyle ALIGN="Left" FIRSTLINE="-10." ID="StyleId-1F945060-F8CD-4435-B69A-5FF49DB0C586-" LEFT="0." LINESPACE="12.19999981" RIGHT="0." />
<ParagraphStyle ALIGN="Block" FIRSTLINE="-14." ID="StyleId-C6CAE747-F5A4-4D0D-8D74-D452DA7E2C1C-" LEFT="0." LINESPACE="8.350000381" RIGHT="0." />
<ParagraphStyle ALIGN="Left" FIRSTLINE="0." ID="StyleId-FC0F3374-189A-459E-BE29-2DC14180F022-" LEFT="0." RIGHT="0." />
<ParagraphStyle ALIGN="Left" FIRSTLINE="-12." ID="StyleId-49397C49-A894-4B3E-BA5E-1126226BA375-" LEFT="0." LINESPACE="11.09000015" RIGHT="0." />
<ParagraphStyle ALIGN="Block" FIRSTLINE="-14." ID="StyleId-9E34DD3A-E661-48BD-A3A1-6A3D48346F00-" LEFT="0." LINESPACE="11.09000015" RIGHT="0." />
<ParagraphStyle ALIGN="Left" FIRSTLINE="0." ID="StyleId-56CE54AA-A08B-4BAA-8605-F26020A0E36E-" LEFT="0." LINESPACE="9.399999619" RIGHT="0." />
<ParagraphStyle ALIGN="Left" FIRSTLINE="-11." ID="StyleId-77814FFC-C42F-4AA9-9880-EF33B947DEC8-" LEFT="0." LINESPACE="11.06999969" RIGHT="0." />
<ParagraphStyle ALIGN="Center" FIRSTLINE="0." ID="StyleId-FDE92EC0-67DC-4C7B-8A24-094B12C38B6C-" LEFT="0." LINESPACE="11.30000019" RIGHT="0." />
<ParagraphStyle ALIGN="Left" FIRSTLINE="0." ID="StyleId-65180E3B-4C93-4FB8-81EE-E026DD63DBF3-" LEFT="0." LINESPACE="11.10000038" RIGHT="0." />
<ParagraphStyle ALIGN="Left" FIRSTLINE="0." ID="StyleId-10E885C2-5813-4620-B0AA-0FBA30CF7A32-" LEFT="0." LINESPACE="9.5" RIGHT="0." />
<ParagraphStyle ALIGN="Left" FIRSTLINE="0." ID="StyleId-913C2DB5-9F02-4067-BAF7-0AED37B60BBE-" LEFT="0." LINESPACE="6.099999905" RIGHT="0." />
<ParagraphStyle ALIGN="Left" FIRSTLINE="0." ID="StyleId-9C79A9D2-8F08-4A8F-985D-B00E253ED1E5-" LEFT="0." LINESPACE="4.400000095" RIGHT="0." />
<ParagraphStyle ALIGN="Left" FIRSTLINE="0." ID="StyleId-A41F0407-FEFE-4738-9EC5-E05AFFF62781-" LEFT="0." LINESPACE="7.300000191" RIGHT="0." />
<ParagraphStyle ALIGN="Left" FIRSTLINE="0." ID="StyleId-61D37176-94E8-408D-9B87-01C406CE8AB2-" LEFT="0." LINESPACE="8.050000191" RIGHT="0." />
</Styles>
<Layout>
<Page HEIGHT="4384" ID="Page138" PHYSICAL_IMG_NR="138" WIDTH="2526">
<TopMargin HEIGHT="442" HPOS="0" VPOS="0" WIDTH="2526">
</TopMargin>
<LeftMargin HEIGHT="3579" HPOS="0" VPOS="442" WIDTH="344">
</LeftMargin>
<RightMargin HEIGHT="3579" HPOS="2370" VPOS="442" WIDTH="156">
</RightMargin>
<BottomMargin HEIGHT="363" HPOS="0" VPOS="4021" WIDTH="2526">
<TextBlock HEIGHT="112" HPOS="1192" ID="Page138_Block1" LANG="en-US" STYLEREFS="StyleId-CE63E458-19A3-4304-AD52-625398FE7E92-" VPOS="4045" WIDTH="385">
<TextLine HEIGHT="49" HPOS="1321" VPOS="4063" WIDTH="98">
<String CONTENT="138" HEIGHT="49" HPOS="1321" VPOS="4063" WIDTH="98" />
</TextLine>
</TextBlock>
</BottomMargin>
<PrintSpace HEIGHT="3579" HPOS="344" VPOS="442" WIDTH="2026">
<TextBlock CS="1" HEIGHT="3579" HPOS="344" ID="Page138_Block2" LANG="en-US" STYLEREFS="StyleId-EFBBF083-3625-42CB-BD4E-7491703B23B6-" VPOS="442" WIDTH="2026">
<TextLine HEIGHT="48" HPOS="429" STYLEREFS="StyleId-902012EA-9EFF-48F7-BABB-D89C67E55CFC-" VPOS="530" WIDTH="1596">
<String CONTENT="On" HEIGHT="41" HPOS="429" VPOS="530" WIDTH="72" />
<SP HEIGHT="29" HPOS="502" VPOS="541" WIDTH="28" />
<String CONTENT="cover" HEIGHT="29" HPOS="531" VPOS="541" WIDTH="139" />
<SP HEIGHT="28" HPOS="671" VPOS="541" WIDTH="17" />
<String CONTENT=":" HEIGHT="28" HPOS="689" VPOS="541" WIDTH="8" />
<SP HEIGHT="41" HPOS="698" VPOS="530" WIDTH="30" />
<String CONTENT="Cumulative" HEIGHT="41" HPOS="729" VPOS="530" WIDTH="310" />
<SP HEIGHT="38" HPOS="1040" VPOS="540" WIDTH="23" />
<String CONTENT="quarterly" HEIGHT="47" HPOS="1064" VPOS="531" WIDTH="251" />
<SP HEIGHT="38" HPOS="1316" VPOS="540" WIDTH="26" />
<String CONTENT="pamphlet," HEIGHT="47" HPOS="1343" VPOS="531" WIDTH="261" />
<SP HEIGHT="46" HPOS="1605" VPOS="531" WIDTH="29" />
<String CONTENT="January," HEIGHT="46" HPOS="1635" VPOS="531" WIDTH="235" />
<SP HEIGHT="45" HPOS="1871" VPOS="532" WIDTH="28" />
<String CONTENT="1985." HEIGHT="41" HPOS="1900" VPOS="530" WIDTH="125" />
</TextLine>
<TextLine CS="1" HEIGHT="51" HPOS="362" STYLEREFS="StyleId-902012EA-9EFF-48F7-BABB-D89C67E55CFC-" VPOS="584" WIDTH="1988">
<String CONTENT="&#169;" HEIGHT="51" HPOS="362" VPOS="584" WIDTH="51" />
<SP HEIGHT="51" HPOS="414" VPOS="584" WIDTH="29" />
<String CONTENT="Dec." HEIGHT="38" HPOS="444" VPOS="589" WIDTH="110" />
<SP HEIGHT="41" HPOS="555" VPOS="586" WIDTH="27" />
<String CONTENT="29," HEIGHT="42" HPOS="583" VPOS="586" WIDTH="69" />
<SP HEIGHT="40" HPOS="653" VPOS="588" WIDTH="27" />
<String CONTENT="1934;" CS="1" HEIGHT="41" HPOS="681" VPOS="586" WIDTH="113" />
<SP HEIGHT="40" HPOS="822" VPOS="588" WIDTH="28" />
<String CONTENT="2c." HEIGHT="39" HPOS="851" VPOS="588" WIDTH="64" />
<SP HEIGHT="38" HPOS="916" VPOS="588" WIDTH="29" />
<String CONTENT="Jan." HEIGHT="39" HPOS="946" VPOS="588" WIDTH="109" />
<SP HEIGHT="40" HPOS="1056" VPOS="587" WIDTH="26" />
<String CONTENT="21," HEIGHT="42" HPOS="1083" VPOS="587" WIDTH="69" />
<SP HEIGHT="40" HPOS="1153" VPOS="589" WIDTH="28" />
<String CONTENT="1935;" HEIGHT="42" HPOS="1182" VPOS="586" WIDTH="140" />
<SP HEIGHT="30" HPOS="1323" VPOS="598" WIDTH="31" />
<String CONTENT="aff." HEIGHT="39" HPOS="1355" VPOS="587" WIDTH="79" />
<SP HEIGHT="39" HPOS="1435" VPOS="588" WIDTH="30" />
<String CONTENT="Jan." HEIGHT="39" HPOS="1466" VPOS="588" WIDTH="108" />
<SP HEIGHT="40" HPOS="1575" VPOS="587" WIDTH="25" />
<String CONTENT="24;" HEIGHT="47" HPOS="1601" VPOS="587" WIDTH="82" />
<SP HEIGHT="46" HPOS="1684" VPOS="588" WIDTH="31" />
<String CONTENT="A" HEIGHT="39" HPOS="1716" VPOS="588" WIDTH="39" />
<SP HEIGHT="40" HPOS="1756" VPOS="587" WIDTH="28" />
<String CONTENT="80177;" HEIGHT="46" HPOS="1785" VPOS="587" WIDTH="170" />
<SP HEIGHT="45" HPOS="1956" VPOS="588" WIDTH="29" />
<String CONTENT="West" HEIGHT="39" HPOS="1986" VPOS="588" WIDTH="134" />
<SP HEIGHT="46" HPOS="2121" VPOS="589" WIDTH="25" />
<String CONTENT="pub." HEIGHT="48" HPOS="2147" VPOS="587" WIDTH="106" />
<SP HEIGHT="29" HPOS="2254" VPOS="597" WIDTH="29" />
<String CONTENT="co." HEIGHT="30" HPOS="2284" VPOS="596" WIDTH="66" />
</TextLine>
<TextLine HEIGHT="66" HPOS="357" STYLEREFS="StyleId-582F7CC0-15BA-424D-8B86-542133840919-" VPOS="704" WIDTH="601">
<String CONTENT="Miller," HEIGHT="66" HPOS="357" VPOS="704" WIDTH="207" />
<SP HEIGHT="63" HPOS="565" VPOS="707" WIDTH="28" />
<String CONTENT="Max," HEIGHT="61" HPOS="594" VPOS="707" WIDTH="158" />
<SP HEIGHT="57" HPOS="753" VPOS="711" WIDTH="32" />
<String CONTENT="1901-" HEIGHT="51" HPOS="786" VPOS="710" WIDTH="172" />
</TextLine>
<TextLine HEIGHT="68" HPOS="430" VPOS="781" WIDTH="1920">
<String CONTENT="The" HEIGHT="52" HPOS="430" VPOS="783" WIDTH="119" />
<SP HEIGHT="33" HPOS="550" VPOS="802" WIDTH="35" />
<String CONTENT="man" HEIGHT="34" HPOS="586" VPOS="801" WIDTH="132" />
<SP HEIGHT="34" HPOS="719" VPOS="801" WIDTH="37" />
<String CONTENT="on" HEIGHT="34" HPOS="757" VPOS="801" WIDTH="71" />
<SP HEIGHT="47" HPOS="829" VPOS="788" WIDTH="33" />
<String CONTENT="the" HEIGHT="52" HPOS="863" VPOS="783" WIDTH="94" />
<SP HEIGHT="53" HPOS="958" VPOS="782" WIDTH="36" />
<String CONTENT="barge," HEIGHT="67" HPOS="995" VPOS="782" WIDTH="189" />
<SP HEIGHT="66" HPOS="1185" VPOS="783" WIDTH="34" />
<String CONTENT="by" HEIGHT="66" HPOS="1220" VPOS="783" WIDTH="76" />
<SP HEIGHT="67" HPOS="1297" VPOS="782" WIDTH="33" />
<String CONTENT="Max" HEIGHT="53" HPOS="1331" VPOS="782" WIDTH="139" />
<SP HEIGHT="51" HPOS="1471" VPOS="783" WIDTH="34" />
<String CONTENT="Miller." HEIGHT="52" HPOS="1506" VPOS="783" WIDTH="212" />
<SP HEIGHT="53" HPOS="1719" VPOS="782" WIDTH="69" />
<String CONTENT="New" HEIGHT="53" HPOS="1789" VPOS="782" WIDTH="138" />
<SP HEIGHT="52" HPOS="1928" VPOS="782" WIDTH="38" />
<String CONTENT="York," HEIGHT="66" HPOS="1967" VPOS="781" WIDTH="178" />
<SP HEIGHT="65" HPOS="2146" VPOS="782" WIDTH="32" />
<String CONTENT="E." HEIGHT="53" HPOS="2179" LANG="fi" VPOS="782" WIDTH="70" />
<SP HEIGHT="53" HPOS="2250" VPOS="782" WIDTH="33" />
<String CONTENT="P." HEIGHT="53" HPOS="2284" VPOS="782" WIDTH="66" />
</TextLine>
<TextLine HEIGHT="63" HPOS="362" VPOS="861" WIDTH="755">
<String CONTENT="Dutton" HEIGHT="51" HPOS="362" VPOS="861" WIDTH="218" />
<SP HEIGHT="49" HPOS="581" VPOS="863" WIDTH="27" />
<String CONTENT="&amp;" HEIGHT="49" HPOS="609" VPOS="863" WIDTH="45" />
<SP HEIGHT="49" HPOS="655" VPOS="863" WIDTH="27" />
<String CONTENT="co.," HEIGHT="46" HPOS="683" VPOS="878" WIDTH="97" />
<SP HEIGHT="62" HPOS="781" VPOS="862" WIDTH="26" />
<String CONTENT="inc.," HEIGHT="61" HPOS="808" VPOS="862" WIDTH="127" />
<SP HEIGHT="61" HPOS="936" VPOS="862" WIDTH="28" />
<String CONTENT="1935." HEIGHT="51" HPOS="965" VPOS="862" WIDTH="152" />
</TextLine>
<TextLine HEIGHT="48" HPOS="429" STYLEREFS="StyleId-902012EA-9EFF-48F7-BABB-D89C67E55CFC-" VPOS="932" WIDTH="328">
<String CONTENT="251" HEIGHT="39" HPOS="429" VPOS="932" WIDTH="83" />
<SP HEIGHT="46" HPOS="513" VPOS="934" WIDTH="28" />
<String CONTENT="p." HEIGHT="38" HPOS="542" VPOS="942" WIDTH="41" />
<SP HEIGHT="39" HPOS="584" VPOS="932" WIDTH="58" />
<String CONTENT="21cm." HEIGHT="39" HPOS="643" VPOS="932" WIDTH="114" />
</TextLine>
<TextLine HEIGHT="49" HPOS="425" STYLEREFS="StyleId-902012EA-9EFF-48F7-BABB-D89C67E55CFC-" VPOS="988" WIDTH="332">
<String CONTENT="Head-pieces." HEIGHT="49" HPOS="425" VPOS="988" WIDTH="332" />
</TextLine>
<TextLine HEIGHT="42" HPOS="430" STYLEREFS="StyleId-902012EA-9EFF-48F7-BABB-D89C67E55CFC-" VPOS="1044" WIDTH="420">
<String CONTENT="&#8220;First" HEIGHT="39" HPOS="430" VPOS="1046" WIDTH="161" />
<SP HEIGHT="38" HPOS="592" VPOS="1047" WIDTH="29" />
<String CONTENT="edition.&#8221;" HEIGHT="42" HPOS="622" VPOS="1044" WIDTH="228" />
</TextLine>
<TextLine CS="1" HEIGHT="51" HPOS="364" STYLEREFS="StyleId-902012EA-9EFF-48F7-BABB-D89C67E55CFC-" VPOS="1099" WIDTH="1989">
<String CONTENT="&#169;" HEIGHT="51" HPOS="364" VPOS="1099" WIDTH="51" />
<SP HEIGHT="51" HPOS="416" VPOS="1099" WIDTH="29" />
<String CONTENT="Feb." HEIGHT="40" HPOS="446" VPOS="1102" WIDTH="107" />
<SP HEIGHT="37" HPOS="554" VPOS="1104" WIDTH="29" />
<String CONTENT="11," HEIGHT="39" HPOS="584" VPOS="1104" WIDTH="69" />
<SP HEIGHT="39" HPOS="654" VPOS="1104" WIDTH="27" />
<String CONTENT="1935;" CS="1" HEIGHT="40" HPOS="682" VPOS="1102" WIDTH="116" />
<SP HEIGHT="46" HPOS="824" VPOS="1102" WIDTH="29" />
<String CONTENT="2c." HEIGHT="40" HPOS="854" VPOS="1102" WIDTH="66" />
<SP HEIGHT="30" HPOS="921" VPOS="1111" WIDTH="27" />
<String CONTENT="and" HEIGHT="38" HPOS="949" VPOS="1103" WIDTH="95" />
<SP HEIGHT="38" HPOS="1045" VPOS="1103" WIDTH="27" />
<String CONTENT="aff." HEIGHT="40" HPOS="1073" VPOS="1101" WIDTH="78" />
<SP HEIGHT="38" HPOS="1152" VPOS="1102" WIDTH="32" />
<String CONTENT="Feb." HEIGHT="39" HPOS="1185" VPOS="1102" WIDTH="109" />
<SP HEIGHT="37" HPOS="1295" VPOS="1104" WIDTH="29" />
<String CONTENT="12:" HEIGHT="42" HPOS="1325" VPOS="1099" WIDTH="82" />
<SP HEIGHT="39" HPOS="1408" VPOS="1102" WIDTH="27" />
<String CONTENT="A" HEIGHT="39" HPOS="1436" VPOS="1102" WIDTH="42" />
<SP HEIGHT="41" HPOS="1479" VPOS="1102" WIDTH="25" />
<String CONTENT="80395;" CS="1" HEIGHT="43" HPOS="1505" VPOS="1100" WIDTH="144" />
<SP HEIGHT="40" HPOS="1676" VPOS="1103" WIDTH="31" />
<String CONTENT="E." HEIGHT="38" HPOS="1708" LANG="fi" VPOS="1103" WIDTH="50" />
<SP HEIGHT="39" HPOS="1759" VPOS="1102" WIDTH="32" />
<String CONTENT="P." HEIGHT="39" HPOS="1792" VPOS="1102" WIDTH="49" />
<SP HEIGHT="39" HPOS="1842" VPOS="1102" WIDTH="29" />
<String CONTENT="Dutton" HEIGHT="41" HPOS="1872" VPOS="1102" WIDTH="188" />
<SP HEIGHT="40" HPOS="2061" VPOS="1102" WIDTH="26" />
<String CONTENT="&amp;" HEIGHT="40" HPOS="2088" VPOS="1102" WIDTH="37" />
<SP HEIGHT="40" HPOS="2126" VPOS="1102" WIDTH="25" />
<String CONTENT="co.," HEIGHT="33" HPOS="2152" VPOS="1112" WIDTH="81" />
<SP HEIGHT="43" HPOS="2234" VPOS="1102" WIDTH="29" />
<String CONTENT="inc." HEIGHT="39" HPOS="2264" VPOS="1102" WIDTH="89" />
</TextLine>
<TextLine HEIGHT="48" HPOS="442" STYLEREFS="StyleId-902012EA-9EFF-48F7-BABB-D89C67E55CFC-" VPOS="1159" WIDTH="249">
<String CONTENT="(35-2475)" HEIGHT="48" HPOS="442" VPOS="1159" WIDTH="249" />
</TextLine>
<TextLine HEIGHT="67" HPOS="360" STYLEREFS="StyleId-582F7CC0-15BA-424D-8B86-542133840919-" VPOS="1259" WIDTH="1222">
<String CONTENT="Missouri" HEIGHT="55" HPOS="360" VPOS="1259" WIDTH="279" />
<SP HEIGHT="52" HPOS="640" VPOS="1262" WIDTH="28" />
<String CONTENT="historical" HEIGHT="54" HPOS="669" VPOS="1260" WIDTH="306" />
<SP HEIGHT="54" HPOS="976" VPOS="1261" WIDTH="28" />
<String CONTENT="society," HEIGHT="66" HPOS="1005" VPOS="1260" WIDTH="242" />
<SP HEIGHT="65" HPOS="1248" VPOS="1261" WIDTH="27" />
<String CONTENT="St." HEIGHT="54" HPOS="1276" VPOS="1261" WIDTH="87" />
<SP HEIGHT="52" HPOS="1364" VPOS="1263" WIDTH="26" />
<String CONTENT="Louis." HEIGHT="55" HPOS="1391" VPOS="1260" WIDTH="191" />
</TextLine>
<TextLine HEIGHT="70" HPOS="434" VPOS="1336" WIDTH="1919">
<String CONTENT="Illustrations" HEIGHT="56" HPOS="434" VPOS="1336" WIDTH="390" />
<SP HEIGHT="36" HPOS="825" VPOS="1356" WIDTH="38" />
<String CONTENT="of" HEIGHT="53" HPOS="864" VPOS="1337" WIDTH="64" />
<SP HEIGHT="57" HPOS="929" VPOS="1337" WIDTH="38" />
<String CONTENT="Colonel" HEIGHT="56" HPOS="968" VPOS="1338" WIDTH="232" />
<SP HEIGHT="52" HPOS="1201" VPOS="1340" WIDTH="38" />
<String CONTENT="Lindbergh&#8217;s" HEIGHT="68" HPOS="1240" VPOS="1338" WIDTH="377" />
<SP HEIGHT="52" HPOS="1618" VPOS="1340" WIDTH="40" />
<String CONTENT="decorations" HEIGHT="55" HPOS="1659" VPOS="1337" WIDTH="352" />
<SP HEIGHT="34" HPOS="2012" VPOS="1358" WIDTH="39" />
<String CONTENT="and" HEIGHT="53" HPOS="2052" VPOS="1341" WIDTH="112" />
<SP HEIGHT="53" HPOS="2165" VPOS="1341" WIDTH="39" />
<String CONTENT="some" HEIGHT="36" HPOS="2205" VPOS="1356" WIDTH="148" />
</TextLine>
<TextLine HEIGHT="71" HPOS="364" VPOS="1414" WIDTH="1991">
<String CONTENT="of" HEIGHT="51" HPOS="364" VPOS="1417" WIDTH="64" />
<SP HEIGHT="52" HPOS="429" VPOS="1417" WIDTH="29" />
<String CONTENT="his" HEIGHT="53" HPOS="459" VPOS="1417" WIDTH="88" />
<SP HEIGHT="46" HPOS="548" VPOS="1424" WIDTH="32" />
<String CONTENT="trophies" HEIGHT="70" HPOS="581" VPOS="1414" WIDTH="253" />
<SP HEIGHT="34" HPOS="835" VPOS="1436" WIDTH="32" />
<String CONTENT="received" HEIGHT="55" HPOS="868" VPOS="1415" WIDTH="253" />
<SP HEIGHT="53" HPOS="1122" VPOS="1417" WIDTH="33" />
<String CONTENT="following" HEIGHT="69" HPOS="1156" VPOS="1416" WIDTH="302" />
<SP HEIGHT="67" HPOS="1459" VPOS="1418" WIDTH="27" />
<String CONTENT="his" HEIGHT="55" HPOS="1487" VPOS="1415" WIDTH="87" />
<SP HEIGHT="47" HPOS="1575" VPOS="1423" WIDTH="33" />
<String CONTENT="trans-" HEIGHT="48" HPOS="1609" LANG="fi" VPOS="1423" WIDTH="182" />
<String CONTENT="Atlantic" HEIGHT="53" HPOS="1795" VPOS="1417" WIDTH="262" />
<SP HEIGHT="52" HPOS="2058" VPOS="1418" WIDTH="31" />
<String CONTENT="flight" HEIGHT="67" HPOS="2090" VPOS="1417" WIDTH="169" />
<SP HEIGHT="47" HPOS="2260" VPOS="1422" WIDTH="29" />
<String CONTENT="of" HEIGHT="53" HPOS="2290" VPOS="1416" WIDTH="65" />
</TextLine>
<TextLine HEIGHT="70" HPOS="365" VPOS="1493" WIDTH="1990">
<String CONTENT="May" HEIGHT="69" HPOS="365" VPOS="1493" WIDTH="139" />
<SP HEIGHT="64" HPOS="505" VPOS="1498" WIDTH="31" />
<String CONTENT="20-21," HEIGHT="64" HPOS="537" VPOS="1498" WIDTH="188" />
<SP HEIGHT="62" HPOS="726" VPOS="1500" WIDTH="38" />
<String CONTENT="1927," HEIGHT="64" HPOS="765" VPOS="1498" WIDTH="150" />
<SP HEIGHT="47" HPOS="916" VPOS="1515" WIDTH="34" />
<String CONTENT="compiled" HEIGHT="68" HPOS="951" VPOS="1494" WIDTH="278" />
<SP HEIGHT="52" HPOS="1230" VPOS="1495" WIDTH="32" />
<String CONTENT="by" HEIGHT="68" HPOS="1263" VPOS="1495" WIDTH="74" />
<SP HEIGHT="67" HPOS="1338" VPOS="1496" WIDTH="34" />
<String CONTENT="Nettie" HEIGHT="54" HPOS="1373" VPOS="1494" WIDTH="190" />
<SP HEIGHT="51" HPOS="1564" VPOS="1497" WIDTH="33" />
<String CONTENT="H." HEIGHT="51" HPOS="1598" VPOS="1497" WIDTH="76" />
<SP HEIGHT="51" HPOS="1675" VPOS="1497" WIDTH="35" />
<String CONTENT="Beauregard," HEIGHT="66" HPOS="1711" VPOS="1496" WIDTH="382" />
<SP HEIGHT="49" HPOS="2094" VPOS="1513" WIDTH="33" />
<String CONTENT="curator" HEIGHT="48" HPOS="2128" VPOS="1500" WIDTH="227" />
</TextLine>
<TextLine CS="1" HEIGHT="147" HPOS="366" VPOS="1571" WIDTH="1962">
<String CONTENT="of" HEIGHT="51" HPOS="366" VPOS="1573" WIDTH="63" />
<SP HEIGHT="52" HPOS="430" VPOS="1573" WIDTH="36" />
<String CONTENT="Missouri" HEIGHT="53" HPOS="467" VPOS="1572" WIDTH="269" />
<SP HEIGHT="52" HPOS="737" VPOS="1573" WIDTH="38" />
<String CONTENT="historical" HEIGHT="53" HPOS="776" VPOS="1572" WIDTH="294" />
<SP HEIGHT="51" HPOS="1071" VPOS="1575" WIDTH="37" />
<String CONTENT="society." HEIGHT="69" HPOS="1109" VPOS="1571" WIDTH="226" />
<SP HEIGHT="55" HPOS="1336" VPOS="1573" WIDTH="75" />
<String CONTENT="St." HEIGHT="55" HPOS="1412" VPOS="1573" WIDTH="83" />
<SP HEIGHT="52" HPOS="1496" VPOS="1575" WIDTH="36" />
<String CONTENT="Louis," HEIGHT="67" HPOS="1533" VPOS="1573" WIDTH="192" />
<SP HEIGHT="66" HPOS="1726" VPOS="1574" WIDTH="35" />
<String CONTENT="Mo.," HEIGHT="66" HPOS="1762" VPOS="1574" WIDTH="133" />
<SP HEIGHT="67" HPOS="1896" VPOS="1573" WIDTH="35" />
<String CONTENT="Missouri" HEIGHT="55" HPOS="1932" VPOS="1572" WIDTH="270" />
<SP HEIGHT="53" HPOS="2203" VPOS="1573" WIDTH="37" />
<String CONTENT="historical" HEIGHT="132" HPOS="366" VPOS="1573" WIDTH="1962" />
<SP HEIGHT="51" HPOS="567" VPOS="1654" WIDTH="25" />
<String CONTENT="society," HEIGHT="68" HPOS="593" VPOS="1650" WIDTH="227" />
<SP HEIGHT="61" HPOS="821" VPOS="1656" WIDTH="26" />
<String CONTENT="c1935." HEIGHT="49" HPOS="848" VPOS="1655" WIDTH="174" />
</TextLine>
<TextLine CS="1" HEIGHT="49" HPOS="437" STYLEREFS="StyleId-902012EA-9EFF-48F7-BABB-D89C67E55CFC-" VPOS="1721" WIDTH="1311">
<String CONTENT="64" HEIGHT="39" HPOS="437" VPOS="1724" WIDTH="54" />
<SP HEIGHT="45" HPOS="492" VPOS="1725" WIDTH="29" />
<String CONTENT="p." HEIGHT="37" HPOS="522" VPOS="1733" WIDTH="42" />
<SP HEIGHT="39" HPOS="565" VPOS="1724" WIDTH="60" />
<String CONTENT="illus." HEIGHT="39" HPOS="626" VPOS="1723" WIDTH="126" />
<SP HEIGHT="46" HPOS="753" VPOS="1722" WIDTH="27" />
<String CONTENT="(incl." HEIGHT="46" HPOS="781" VPOS="1722" WIDTH="135" />
<SP HEIGHT="38" HPOS="917" VPOS="1732" WIDTH="30" />
<String CONTENT="ports.," HEIGHT="45" HPOS="948" VPOS="1725" WIDTH="162" />
<SP HEIGHT="47" HPOS="1111" VPOS="1723" WIDTH="28" />
<String CONTENT="facsims.)" HEIGHT="47" HPOS="1140" VPOS="1722" WIDTH="242" />
<SP HEIGHT="47" HPOS="1383" VPOS="1722" WIDTH="66" />
<String CONTENT="19&#189;" CS="1" HEIGHT="41" HPOS="1450" VPOS="1721" WIDTH="57" />
<SP HEIGHT="48" HPOS="1535" VPOS="1722" WIDTH="16" />
<String CONTENT="&#215;" CS="1" />
<SP HEIGHT="39" HPOS="1586" VPOS="1723" WIDTH="15" />
<String CONTENT="26&#189;cm." CS="1" HEIGHT="41" HPOS="1602" VPOS="1723" WIDTH="146" />
</TextLine>
<TextLine HEIGHT="51" HPOS="366" STYLEREFS="StyleId-902012EA-9EFF-48F7-BABB-D89C67E55CFC-" VPOS="1778" WIDTH="1989">
<String CONTENT="&#169;" HEIGHT="51" HPOS="366" VPOS="1778" WIDTH="51" />
<SP HEIGHT="51" HPOS="418" VPOS="1778" WIDTH="29" />
<String CONTENT="Jan." HEIGHT="39" HPOS="448" VPOS="1782" WIDTH="108" />
<SP HEIGHT="38" HPOS="557" VPOS="1782" WIDTH="29" />
<String CONTENT="15," HEIGHT="44" HPOS="587" VPOS="1781" WIDTH="67" />
<SP HEIGHT="42" HPOS="655" VPOS="1783" WIDTH="30" />
<String CONTENT="1935;" HEIGHT="42" HPOS="686" VPOS="1780" WIDTH="140" />
<SP HEIGHT="42" HPOS="827" VPOS="1780" WIDTH="30" />
<String CONTENT="2c." HEIGHT="40" HPOS="858" VPOS="1780" WIDTH="67" />
<SP HEIGHT="29" HPOS="926" VPOS="1791" WIDTH="28" />
<String CONTENT="and" HEIGHT="38" HPOS="955" VPOS="1782" WIDTH="95" />
<SP HEIGHT="38" HPOS="1051" VPOS="1782" WIDTH="27" />
<String CONTENT="aff." HEIGHT="40" HPOS="1079" VPOS="1780" WIDTH="78" />
<SP HEIGHT="39" HPOS="1158" VPOS="1781" WIDTH="32" />
<String CONTENT="Jan." HEIGHT="39" HPOS="1191" VPOS="1781" WIDTH="107" />
<SP HEIGHT="38" HPOS="1299" VPOS="1781" WIDTH="30" />
<String CONTENT="23;" HEIGHT="44" HPOS="1330" VPOS="1781" WIDTH="82" />
<SP HEIGHT="44" HPOS="1413" VPOS="1781" WIDTH="31" />
<String CONTENT="A" HEIGHT="39" HPOS="1445" VPOS="1781" WIDTH="41" />
<SP HEIGHT="39" HPOS="1487" VPOS="1781" WIDTH="25" />
<String CONTENT="79353;" HEIGHT="47" HPOS="1513" VPOS="1780" WIDTH="171" />
<SP HEIGHT="46" HPOS="1685" VPOS="1781" WIDTH="31" />
<String CONTENT="Missouri" HEIGHT="41" HPOS="1717" VPOS="1779" WIDTH="231" />
<SP HEIGHT="40" HPOS="1949" VPOS="1779" WIDTH="29" />
<String CONTENT="historical" HEIGHT="41" HPOS="1979" VPOS="1779" WIDTH="254" />
<SP HEIGHT="39" HPOS="2234" VPOS="1781" WIDTH="30" />
<String CONTENT="soc." HEIGHT="31" HPOS="2265" VPOS="1789" WIDTH="90" />
</TextLine>
<TextLine CS="1" HEIGHT="51" HPOS="435" STYLEREFS="StyleId-902012EA-9EFF-48F7-BABB-D89C67E55CFC-" VPOS="1836" WIDTH="1651">
<String CONTENT="[Copyright" HEIGHT="49" HPOS="435" VPOS="1838" WIDTH="281" />
<SP HEIGHT="40" HPOS="717" VPOS="1838" WIDTH="24" />
<String CONTENT="is" HEIGHT="39" HPOS="742" VPOS="1838" WIDTH="43" />
<SP HEIGHT="30" HPOS="786" VPOS="1848" WIDTH="24" />
<String CONTENT="claimed" HEIGHT="41" HPOS="811" VPOS="1837" WIDTH="204" />
<SP HEIGHT="39" HPOS="1016" VPOS="1839" WIDTH="26" />
<String CONTENT="on" HEIGHT="28" HPOS="1043" VPOS="1848" WIDTH="60" />
<SP HEIGHT="38" HPOS="1104" VPOS="1839" WIDTH="22" />
<String CONTENT="4" HEIGHT="38" HPOS="1127" VPOS="1839" WIDTH="26" />
<SP HEIGHT="47" HPOS="1154" VPOS="1839" WIDTH="26" />
<String CONTENT="pages" HEIGHT="38" HPOS="1181" VPOS="1848" WIDTH="147" />
<SP HEIGHT="30" HPOS="1329" VPOS="1847" WIDTH="24" />
<String CONTENT="and" HEIGHT="38" HPOS="1354" VPOS="1839" WIDTH="96" />
<SP HEIGHT="38" HPOS="1451" VPOS="1839" WIDTH="24" />
<String CONTENT="new" HEIGHT="29" HPOS="1476" VPOS="1848" WIDTH="107" />
<SP HEIGHT="29" HPOS="1584" VPOS="1849" WIDTH="25" />
<String CONTENT="cover]" HEIGHT="38" HPOS="1610" VPOS="1848" WIDTH="154" />
<SP HEIGHT="49" HPOS="1765" VPOS="1837" WIDTH="70" />
<String CONTENT="(35-2593)" CS="1" HEIGHT="48" HPOS="1836" VPOS="1836" WIDTH="250" />
</TextLine>
<TextLine HEIGHT="68" HPOS="363" STYLEREFS="StyleId-582F7CC0-15BA-424D-8B86-542133840919-" VPOS="1939" WIDTH="1163">
<String CONTENT="Mohun" HEIGHT="54" HPOS="363" VPOS="1939" WIDTH="219" />
<SP HEIGHT="53" HPOS="583" VPOS="1940" WIDTH="26" />
<String CONTENT="&amp;" HEIGHT="53" HPOS="610" VPOS="1940" WIDTH="51" />
<SP HEIGHT="53" HPOS="662" VPOS="1940" WIDTH="24" />
<String CONTENT="Elliott," HEIGHT="65" HPOS="687" VPOS="1940" WIDTH="225" />
<SP HEIGHT="62" HPOS="913" VPOS="1943" WIDTH="29" />
<String CONTENT="Washington," HEIGHT="66" HPOS="943" VPOS="1941" WIDTH="394" />
<SP HEIGHT="63" HPOS="1338" VPOS="1943" WIDTH="23" />
<String CONTENT="D." HEIGHT="51" HPOS="1362" VPOS="1943" WIDTH="73" />
<SP HEIGHT="53" HPOS="1436" VPOS="1943" WIDTH="27" />
<String CONTENT="C." HEIGHT="53" HPOS="1464" VPOS="1943" WIDTH="62" />
</TextLine>
<TextLine HEIGHT="68" HPOS="437" VPOS="2018" WIDTH="1919">
<String CONTENT="The" HEIGHT="51" HPOS="437" VPOS="2018" WIDTH="121" />
<SP HEIGHT="51" HPOS="559" VPOS="2018" WIDTH="27" />
<String CONTENT="Revenue" HEIGHT="52" HPOS="587" VPOS="2018" WIDTH="261" />
<SP HEIGHT="33" HPOS="849" VPOS="2037" WIDTH="28" />
<String CONTENT="act" HEIGHT="46" HPOS="878" VPOS="2024" WIDTH="89" />
<SP HEIGHT="47" HPOS="968" VPOS="2024" WIDTH="26" />
<String CONTENT="of" HEIGHT="53" HPOS="995" VPOS="2018" WIDTH="63" />
<SP HEIGHT="53" HPOS="1059" VPOS="2018" WIDTH="29" />
<String CONTENT="1934," HEIGHT="63" HPOS="1089" VPOS="2022" WIDTH="150" />
<SP HEIGHT="48" HPOS="1240" VPOS="2037" WIDTH="27" />
<String CONTENT="approved" HEIGHT="66" HPOS="1268" VPOS="2019" WIDTH="291" />
<SP HEIGHT="52" HPOS="1560" VPOS="2019" WIDTH="24" />
<String CONTENT="May" HEIGHT="66" HPOS="1585" VPOS="2020" WIDTH="139" />
<SP HEIGHT="62" HPOS="1725" VPOS="2024" WIDTH="29" />
<String CONTENT="10," HEIGHT="64" HPOS="1755" VPOS="2021" WIDTH="80" />
<SP HEIGHT="61" HPOS="1836" VPOS="2024" WIDTH="29" />
<String CONTENT="1934;" HEIGHT="61" HPOS="1866" VPOS="2023" WIDTH="160" />
<SP HEIGHT="66" HPOS="2027" VPOS="2018" WIDTH="32" />
<String CONTENT="including" HEIGHT="66" HPOS="2060" VPOS="2018" WIDTH="296" />
</TextLine>
<TextLine HEIGHT="71" HPOS="371" VPOS="2093" WIDTH="1983">
<String CONTENT="tax" HEIGHT="48" HPOS="371" VPOS="2100" WIDTH="94" />
<SP HEIGHT="49" HPOS="466" VPOS="2112" WIDTH="36" />
<String CONTENT="provisions" HEIGHT="68" HPOS="503" VPOS="2093" WIDTH="318" />
<SP HEIGHT="35" HPOS="822" VPOS="2114" WIDTH="38" />
<String CONTENT="of" HEIGHT="51" HPOS="861" VPOS="2096" WIDTH="63" />
<SP HEIGHT="52" HPOS="925" VPOS="2096" WIDTH="35" />
<String CONTENT="National" HEIGHT="56" HPOS="961" VPOS="2094" WIDTH="271" />
<SP HEIGHT="54" HPOS="1233" VPOS="2096" WIDTH="36" />
<String CONTENT="industrial" HEIGHT="53" HPOS="1270" VPOS="2096" WIDTH="307" />
<SP HEIGHT="51" HPOS="1578" VPOS="2097" WIDTH="37" />
<String CONTENT="recovery" HEIGHT="50" HPOS="1616" VPOS="2113" WIDTH="265" />
<SP HEIGHT="50" HPOS="1882" VPOS="2113" WIDTH="37" />
<String CONTENT="act," HEIGHT="61" HPOS="1920" VPOS="2102" WIDTH="105" />
<SP HEIGHT="49" HPOS="2026" VPOS="2114" WIDTH="38" />
<String CONTENT="approved" HEIGHT="67" HPOS="2065" VPOS="2097" WIDTH="289" />
</TextLine>
<TextLine CS="1" HEIGHT="68" HPOS="366" VPOS="2173" WIDTH="1988">
<String CONTENT="June" HEIGHT="53" HPOS="366" VPOS="2173" WIDTH="151" />
<SP HEIGHT="47" HPOS="518" VPOS="2179" WIDTH="25" />
<String CONTENT="16," HEIGHT="63" HPOS="544" VPOS="2177" WIDTH="80" />
<SP />
<String CONTENT="1933." HEIGHT="50" HPOS="650" VPOS="2177" WIDTH="150" />
<SP HEIGHT="53" HPOS="801" VPOS="2174" WIDTH="73" />
<String CONTENT="Introduction" HEIGHT="53" HPOS="875" VPOS="2173" WIDTH="401" />
<SP HEIGHT="33" HPOS="1277" VPOS="2193" WIDTH="23" />
<String CONTENT="and" HEIGHT="51" HPOS="1301" VPOS="2176" WIDTH="111" />
<SP HEIGHT="54" HPOS="1413" VPOS="2173" WIDTH="22" />
<String CONTENT="indices" HEIGHT="53" HPOS="1436" VPOS="2173" WIDTH="212" />
<SP HEIGHT="52" HPOS="1649" VPOS="2174" WIDTH="22" />
<String CONTENT="by" HEIGHT="67" HPOS="1672" VPOS="2174" WIDTH="75" />
<SP HEIGHT="66" HPOS="1748" VPOS="2175" WIDTH="20" />
<String CONTENT="Mohun" HEIGHT="52" HPOS="1769" VPOS="2174" WIDTH="218" />
<SP HEIGHT="33" HPOS="1988" VPOS="2192" WIDTH="23" />
<String CONTENT="and" HEIGHT="52" HPOS="2012" VPOS="2174" WIDTH="112" />
<SP HEIGHT="52" HPOS="2125" VPOS="2174" WIDTH="22" />
<String CONTENT="Elliott" HEIGHT="52" HPOS="2148" VPOS="2174" WIDTH="206" />
</TextLine>
<TextLine CS="1" HEIGHT="69" HPOS="514" VPOS="2250" WIDTH="1519">
<String CONTENT="&#8230;" CS="1" />
<SP />
<String CONTENT="[Washington," HEIGHT="69" HPOS="514" VPOS="2250" WIDTH="415" />
<SP HEIGHT="55" HPOS="930" VPOS="2253" WIDTH="24" />
<String CONTENT="D." HEIGHT="52" HPOS="955" VPOS="2253" WIDTH="70" />
<SP HEIGHT="55" HPOS="1026" VPOS="2253" WIDTH="27" />
<String CONTENT="C.," CS="1" HEIGHT="55" HPOS="1054" VPOS="2253" WIDTH="38" />
<SP HEIGHT="55" HPOS="1134" VPOS="2254" WIDTH="23" />
<String CONTENT="Press" HEIGHT="51" HPOS="1158" VPOS="2254" WIDTH="168" />
<SP HEIGHT="35" HPOS="1327" VPOS="2270" WIDTH="22" />
<String CONTENT="of" HEIGHT="51" HPOS="1350" VPOS="2252" WIDTH="63" />
<SP HEIGHT="52" HPOS="1414" VPOS="2252" WIDTH="22" />
<String CONTENT="B." HEIGHT="50" HPOS="1437" LANG="fr" VPOS="2254" WIDTH="65" />
<SP HEIGHT="55" HPOS="1503" VPOS="2253" WIDTH="30" />
<String CONTENT="S." HEIGHT="55" HPOS="1534" VPOS="2253" WIDTH="55" />
<SP HEIGHT="52" HPOS="1590" VPOS="2253" WIDTH="24" />
<String CONTENT="Adams," HEIGHT="66" HPOS="1615" VPOS="2253" WIDTH="236" />
<SP HEIGHT="62" HPOS="1852" VPOS="2257" WIDTH="23" />
<String CONTENT="c1934]" CS="1" HEIGHT="49" HPOS="1876" VPOS="2255" WIDTH="157" />
</TextLine>
<TextLine CS="1" HEIGHT="48" HPOS="438" VPOS="2323" WIDTH="550">
<String CONTENT="xxxii," HEIGHT="47" HPOS="438" VPOS="2323" WIDTH="152" />
<SP HEIGHT="44" HPOS="591" VPOS="2326" WIDTH="31" />
<String CONTENT="142" HEIGHT="39" HPOS="623" VPOS="2324" WIDTH="84" />
<SP HEIGHT="47" HPOS="708" VPOS="2324" WIDTH="30" />
<String CONTENT="p." HEIGHT="36" HPOS="739" VPOS="2335" WIDTH="42" />
<SP HEIGHT="40" HPOS="782" VPOS="2325" WIDTH="59" />
<String CONTENT="22&#189;cm." CS="1" HEIGHT="40" HPOS="842" VPOS="2325" WIDTH="146" />
</TextLine>
<TextLine CS="1" HEIGHT="51" HPOS="369" STYLEREFS="StyleId-902012EA-9EFF-48F7-BABB-D89C67E55CFC-" VPOS="2378" WIDTH="1992">
<String CONTENT="&#169;" HEIGHT="51" HPOS="369" VPOS="2378" WIDTH="51" />
<SP HEIGHT="51" HPOS="421" VPOS="2378" WIDTH="27" />
<String CONTENT="Dec." HEIGHT="39" HPOS="449" VPOS="2383" WIDTH="109" />
<SP HEIGHT="38" HPOS="559" VPOS="2383" WIDTH="29" />
<String CONTENT="5," HEIGHT="46" HPOS="589" VPOS="2383" WIDTH="39" />
<SP HEIGHT="46" HPOS="629" VPOS="2383" WIDTH="28" />
<String CONTENT="1934;" CS="1" HEIGHT="40" HPOS="658" VPOS="2382" WIDTH="113" />
<SP HEIGHT="45" HPOS="798" VPOS="2382" WIDTH="28" />
<String CONTENT="2c." HEIGHT="40" HPOS="827" VPOS="2382" WIDTH="66" />
<SP HEIGHT="29" HPOS="894" VPOS="2393" WIDTH="29" />
<String CONTENT="and" HEIGHT="38" HPOS="924" VPOS="2384" WIDTH="95" />
<SP HEIGHT="38" HPOS="1020" VPOS="2384" WIDTH="28" />
<String CONTENT="aff." HEIGHT="40" HPOS="1049" VPOS="2382" WIDTH="77" />
<SP HEIGHT="39" HPOS="1127" VPOS="2382" WIDTH="29" />
<String CONTENT="Dec." HEIGHT="40" HPOS="1157" VPOS="2382" WIDTH="110" />
<SP HEIGHT="40" HPOS="1268" VPOS="2382" WIDTH="28" />
<String CONTENT="6;" HEIGHT="47" HPOS="1297" VPOS="2382" WIDTH="52" />
<SP HEIGHT="46" HPOS="1350" VPOS="2383" WIDTH="30" />
<String CONTENT="A" HEIGHT="38" HPOS="1381" VPOS="2383" WIDTH="42" />
<SP HEIGHT="40" HPOS="1424" VPOS="2382" WIDTH="26" />
<String CONTENT="80028;" CS="1" HEIGHT="47" HPOS="1479" VPOS="2381" WIDTH="141" />
<SP HEIGHT="46" HPOS="1621" VPOS="2382" WIDTH="30" />
<String CONTENT="Geo." HEIGHT="40" HPOS="1652" VPOS="2382" WIDTH="107" />
<SP HEIGHT="37" HPOS="1760" VPOS="2383" WIDTH="31" />
<String CONTENT="E." HEIGHT="38" HPOS="1792" VPOS="2383" WIDTH="50" />
<SP HEIGHT="38" HPOS="1843" VPOS="2383" WIDTH="30" />
<String CONTENT="Elliott," HEIGHT="48" HPOS="1874" VPOS="2380" WIDTH="186" />
<SP HEIGHT="37" HPOS="2061" VPOS="2392" WIDTH="29" />
<String CONTENT="practicing" HEIGHT="50" HPOS="2091" VPOS="2379" WIDTH="270" />
</TextLine>
<TextLine CS="1" HEIGHT="48" HPOS="435" STYLEREFS="StyleId-902012EA-9EFF-48F7-BABB-D89C67E55CFC-" VPOS="2438" WIDTH="1533">
<String CONTENT="law" HEIGHT="38" HPOS="435" VPOS="2440" WIDTH="94" />
<SP HEIGHT="29" HPOS="530" VPOS="2449" WIDTH="24" />
<String CONTENT="under" HEIGHT="39" HPOS="555" VPOS="2439" WIDTH="152" />
<SP HEIGHT="37" HPOS="708" VPOS="2441" WIDTH="24" />
<String CONTENT="the" HEIGHT="39" HPOS="733" VPOS="2440" WIDTH="81" />
<SP HEIGHT="40" HPOS="815" VPOS="2439" WIDTH="22" />
<String CONTENT="firm" HEIGHT="39" HPOS="838" VPOS="2439" WIDTH="109" />
<SP HEIGHT="29" HPOS="948" VPOS="2449" WIDTH="23" />
<String CONTENT="name." HEIGHT="31" HPOS="972" VPOS="2449" WIDTH="154" />
<SP HEIGHT="41" HPOS="1127" VPOS="2439" WIDTH="25" />
<String CONTENT="Mohun" HEIGHT="39" HPOS="1153" VPOS="2439" WIDTH="180" />
<SP HEIGHT="39" HPOS="1334" VPOS="2439" WIDTH="27" />
<String CONTENT="&amp;" HEIGHT="39" HPOS="1362" VPOS="2439" WIDTH="36" />
<SP HEIGHT="39" HPOS="1399" VPOS="2439" WIDTH="23" />
<String CONTENT="Elliott," HEIGHT="41" HPOS="1423" VPOS="2439" WIDTH="185" />
<SP HEIGHT="40" HPOS="1609" VPOS="2440" WIDTH="26" />
<String CONTENT="Washington." HEIGHT="48" HPOS="1636" VPOS="2438" WIDTH="332" />
</TextLine>
<TextLine HEIGHT="47" HPOS="446" STYLEREFS="StyleId-902012EA-9EFF-48F7-BABB-D89C67E55CFC-" VPOS="2495" WIDTH="250">
<String CONTENT="(35-2587)" HEIGHT="47" HPOS="446" VPOS="2495" WIDTH="250" />
</TextLine>
<TextLine HEIGHT="66" HPOS="366" STYLEREFS="StyleId-582F7CC0-15BA-424D-8B86-542133840919-" VPOS="2597" WIDTH="1370">
<String CONTENT="Montaigne," HEIGHT="65" HPOS="366" LANG="en-US" VPOS="2597" WIDTH="360" />
<SP HEIGHT="62" HPOS="727" VPOS="2600" WIDTH="26" />
<String CONTENT="Michel" HEIGHT="53" HPOS="754" LANG="en-US" VPOS="2599" WIDTH="214" />
<SP HEIGHT="51" HPOS="969" VPOS="2600" WIDTH="28" />
<String CONTENT="Eyquem" HEIGHT="63" HPOS="998" LANG="de" VPOS="2600" WIDTH="266" />
<SP HEIGHT="52" HPOS="1265" VPOS="2600" WIDTH="28" />
<String CONTENT="de," HEIGHT="63" HPOS="1294" LANG="fr" VPOS="2600" WIDTH="87" />
<SP HEIGHT="57" HPOS="1382" VPOS="2606" WIDTH="29" />
<String CONTENT="1533-1592." HEIGHT="50" HPOS="1412" LANG="en-US" VPOS="2604" WIDTH="324" />
</TextLine>
<TextLine HEIGHT="70" HPOS="439" VPOS="2674" WIDTH="1917">
<String CONTENT="The" HEIGHT="54" HPOS="439" VPOS="2674" WIDTH="120" />
<SP HEIGHT="34" HPOS="560" VPOS="2694" WIDTH="25" />
<String CONTENT="autobiography" HEIGHT="69" HPOS="586" VPOS="2675" WIDTH="458" />
<SP HEIGHT="50" HPOS="1045" VPOS="2694" WIDTH="26" />
<String CONTENT="of" HEIGHT="51" HPOS="1072" VPOS="2677" WIDTH="61" />
<SP HEIGHT="52" HPOS="1134" VPOS="2677" WIDTH="23" />
<String CONTENT="Michel" HEIGHT="52" HPOS="1158" VPOS="2677" WIDTH="212" />
<SP HEIGHT="51" HPOS="1371" VPOS="2678" WIDTH="26" />
<String CONTENT="de" HEIGHT="51" HPOS="1398" LANG="fr" VPOS="2678" WIDTH="67" />
<SP HEIGHT="51" HPOS="1466" VPOS="2678" WIDTH="26" />
<String CONTENT="Montaigne;" HEIGHT="68" HPOS="1493" VPOS="2676" WIDTH="362" />
<SP HEIGHT="49" HPOS="1856" VPOS="2694" WIDTH="31" />
<String CONTENT="comprising" HEIGHT="68" HPOS="1888" VPOS="2675" WIDTH="348" />
<SP HEIGHT="60" HPOS="2237" VPOS="2682" WIDTH="24" />
<String CONTENT="the" HEIGHT="51" HPOS="2262" VPOS="2676" WIDTH="94" />
</TextLine>
<TextLine HEIGHT="70" HPOS="371" VPOS="2751" WIDTH="1984">
<String CONTENT="life" HEIGHT="54" HPOS="371" VPOS="2751" WIDTH="103" />
<SP HEIGHT="35" HPOS="475" VPOS="2770" WIDTH="30" />
<String CONTENT="of" HEIGHT="52" HPOS="506" VPOS="2753" WIDTH="63" />
<SP HEIGHT="52" HPOS="570" VPOS="2753" WIDTH="29" />
<String CONTENT="the" HEIGHT="52" HPOS="600" VPOS="2754" WIDTH="94" />
<SP HEIGHT="33" HPOS="695" VPOS="2773" WIDTH="31" />
<String CONTENT="wisest" HEIGHT="53" HPOS="727" VPOS="2754" WIDTH="185" />
<SP HEIGHT="47" HPOS="913" VPOS="2760" WIDTH="28" />
<String CONTENT="man" HEIGHT="35" HPOS="942" VPOS="2772" WIDTH="133" />
<SP HEIGHT="35" HPOS="1076" VPOS="2772" WIDTH="29" />
<String CONTENT="of" HEIGHT="51" HPOS="1106" VPOS="2754" WIDTH="63" />
<SP HEIGHT="52" HPOS="1170" VPOS="2754" WIDTH="27" />
<String CONTENT="his" HEIGHT="55" HPOS="1198" VPOS="2752" WIDTH="88" />
<SP HEIGHT="46" HPOS="1287" VPOS="2761" WIDTH="30" />
<String CONTENT="times" HEIGHT="53" HPOS="1318" VPOS="2754" WIDTH="164" />
<SP HEIGHT="33" HPOS="1483" VPOS="2774" WIDTH="16" />
<String CONTENT=":" HEIGHT="33" HPOS="1500" VPOS="2774" WIDTH="10" />
<SP HEIGHT="52" HPOS="1511" VPOS="2755" WIDTH="29" />
<String CONTENT="his" HEIGHT="54" HPOS="1541" VPOS="2753" WIDTH="88" />
<SP HEIGHT="34" HPOS="1630" VPOS="2773" WIDTH="30" />
<String CONTENT="childhood," HEIGHT="67" HPOS="1661" VPOS="2754" WIDTH="323" />
<SP HEIGHT="49" HPOS="1985" VPOS="2772" WIDTH="28" />
<String CONTENT="youth," HEIGHT="67" HPOS="2014" VPOS="2753" WIDTH="197" />
<SP HEIGHT="49" HPOS="2212" VPOS="2771" WIDTH="32" />
<String CONTENT="and" HEIGHT="51" HPOS="2245" VPOS="2756" WIDTH="110" />
</TextLine>
<TextLine HEIGHT="70" HPOS="372" VPOS="2829" WIDTH="1981">
<String CONTENT="prime;" HEIGHT="68" HPOS="372" VPOS="2829" WIDTH="208" />
<SP HEIGHT="65" HPOS="581" VPOS="2832" WIDTH="37" />
<String CONTENT="his" HEIGHT="53" HPOS="619" VPOS="2831" WIDTH="88" />
<SP HEIGHT="34" HPOS="708" VPOS="2850" WIDTH="34" />
<String CONTENT="adventures" HEIGHT="53" HPOS="743" VPOS="2832" WIDTH="337" />
<SP HEIGHT="53" HPOS="1081" VPOS="2832" WIDTH="35" />
<String CONTENT="in" HEIGHT="51" HPOS="1117" VPOS="2832" WIDTH="54" />
<SP HEIGHT="50" HPOS="1172" VPOS="2833" WIDTH="34" />
<String CONTENT="love" HEIGHT="52" HPOS="1207" VPOS="2833" WIDTH="122" />
<SP HEIGHT="34" HPOS="1330" VPOS="2851" WIDTH="35" />
<String CONTENT="and" HEIGHT="52" HPOS="1366" VPOS="2835" WIDTH="110" />
<SP HEIGHT="52" HPOS="1477" VPOS="2835" WIDTH="35" />
<String CONTENT="marriage," HEIGHT="68" HPOS="1513" VPOS="2831" WIDTH="300" />
<SP HEIGHT="38" HPOS="1814" VPOS="2850" WIDTH="32" />
<String CONTENT="at" HEIGHT="47" HPOS="1847" VPOS="2837" WIDTH="59" />
<SP HEIGHT="49" HPOS="1907" VPOS="2837" WIDTH="30" />
<String CONTENT="court," HEIGHT="61" HPOS="1938" VPOS="2836" WIDTH="178" />
<SP HEIGHT="48" HPOS="2117" VPOS="2849" WIDTH="31" />
<String CONTENT="and" HEIGHT="51" HPOS="2149" VPOS="2832" WIDTH="112" />
<SP HEIGHT="53" HPOS="2262" VPOS="2830" WIDTH="35" />
<String CONTENT="in" HEIGHT="53" HPOS="2298" VPOS="2830" WIDTH="55" />
</TextLine>
<TextLine HEIGHT="69" HPOS="372" VPOS="2908" WIDTH="1978">
<String CONTENT="office," HEIGHT="67" HPOS="372" VPOS="2908" WIDTH="164" />
<SP HEIGHT="46" HPOS="537" VPOS="2929" WIDTH="39" />
<String CONTENT="war," HEIGHT="46" HPOS="577" VPOS="2927" WIDTH="134" />
<SP HEIGHT="45" HPOS="712" VPOS="2928" WIDTH="39" />
<String CONTENT="revolution," HEIGHT="67" HPOS="752" VPOS="2908" WIDTH="336" />
<SP HEIGHT="47" HPOS="1089" VPOS="2928" WIDTH="40" />
<String CONTENT="and" HEIGHT="51" HPOS="1130" VPOS="2912" WIDTH="111" />
<SP HEIGHT="63" HPOS="1242" VPOS="2912" WIDTH="39" />
<String CONTENT="plague;" HEIGHT="67" HPOS="1282" VPOS="2910" WIDTH="235" />
<SP HEIGHT="64" HPOS="1518" VPOS="2911" WIDTH="42" />
<String CONTENT="his" HEIGHT="52" HPOS="1561" VPOS="2910" WIDTH="88" />
<SP HEIGHT="47" HPOS="1650" VPOS="2915" WIDTH="40" />
<String CONTENT="travels" HEIGHT="53" HPOS="1691" VPOS="2910" WIDTH="208" />
<SP HEIGHT="33" HPOS="1900" VPOS="2928" WIDTH="40" />
<String CONTENT="at" HEIGHT="47" HPOS="1941" VPOS="2914" WIDTH="60" />
<SP HEIGHT="52" HPOS="2002" VPOS="2909" WIDTH="35" />
<String CONTENT="home" HEIGHT="52" HPOS="2038" VPOS="2909" WIDTH="162" />
<SP HEIGHT="34" HPOS="2201" VPOS="2927" WIDTH="41" />
<String CONTENT="and" HEIGHT="52" HPOS="2243" VPOS="2909" WIDTH="107" />
</TextLine>
<TextLine CS="1" HEIGHT="147" HPOS="372" VPOS="2984" WIDTH="1984">
<String CONTENT="abroad;" HEIGHT="68" HPOS="372" VPOS="2984" WIDTH="240" />
<SP HEIGHT="64" HPOS="613" VPOS="2988" WIDTH="34" />
<String CONTENT="his" HEIGHT="53" HPOS="648" VPOS="2986" WIDTH="87" />
<SP HEIGHT="52" HPOS="736" VPOS="2987" WIDTH="31" />
<String CONTENT="habits," HEIGHT="68" HPOS="768" VPOS="2986" WIDTH="205" />
<SP HEIGHT="61" HPOS="974" VPOS="2993" WIDTH="32" />
<String CONTENT="tastes," HEIGHT="59" HPOS="1007" VPOS="2993" WIDTH="188" />
<SP HEIGHT="45" HPOS="1196" VPOS="3007" WIDTH="32" />
<String CONTENT="whims" HEIGHT="52" HPOS="1229" VPOS="2988" WIDTH="201" />
<SP HEIGHT="34" HPOS="1431" VPOS="3006" WIDTH="32" />
<String CONTENT="and" HEIGHT="52" HPOS="1464" VPOS="2988" WIDTH="112" />
<SP HEIGHT="52" HPOS="1577" VPOS="2988" WIDTH="32" />
<String CONTENT="opinions." HEIGHT="67" HPOS="1610" VPOS="2986" WIDTH="278" />
<SP HEIGHT="55" HPOS="1889" VPOS="2986" WIDTH="76" />
<String CONTENT="Selected," HEIGHT="63" HPOS="1966" VPOS="2986" WIDTH="270" />
<SP HEIGHT="45" HPOS="2237" VPOS="3004" WIDTH="32" />
<String CONTENT="arranged," HEIGHT="127" HPOS="372" VPOS="3004" WIDTH="1962" />
<SP HEIGHT="47" HPOS="603" VPOS="3084" WIDTH="28" />
<String CONTENT="edited," HEIGHT="67" HPOS="632" VPOS="3062" WIDTH="204" />
<SP HEIGHT="49" HPOS="837" VPOS="3082" WIDTH="28" />
<String CONTENT="prefaced," HEIGHT="67" HPOS="866" VPOS="3064" WIDTH="286" />
<SP HEIGHT="41" HPOS="1153" VPOS="3084" WIDTH="28" />
<String CONTENT="and" HEIGHT="51" HPOS="1182" VPOS="3066" WIDTH="110" />
<SP HEIGHT="51" HPOS="1293" VPOS="3066" WIDTH="28" />
<String CONTENT="mostly" HEIGHT="64" HPOS="1322" VPOS="3064" WIDTH="209" />
<SP HEIGHT="57" HPOS="1532" VPOS="3071" WIDTH="27" />
<String CONTENT="translated" HEIGHT="52" HPOS="1560" VPOS="3065" WIDTH="313" />
<SP HEIGHT="52" HPOS="1874" VPOS="3065" WIDTH="28" />
<String CONTENT="anew" HEIGHT="34" HPOS="1903" VPOS="3082" WIDTH="155" />
<SP HEIGHT="51" HPOS="2059" VPOS="3064" WIDTH="29" />
<String CONTENT="from" HEIGHT="53" HPOS="2089" VPOS="3064" WIDTH="152" />
<SP HEIGHT="52" HPOS="2242" VPOS="3064" WIDTH="26" />
<String CONTENT="his" HEIGHT="53" HPOS="2269" VPOS="3062" WIDTH="87" />
</TextLine>
<TextLine HEIGHT="71" HPOS="372" VPOS="3139" WIDTH="1981">
<String CONTENT="essays," HEIGHT="52" HPOS="372" VPOS="3157" WIDTH="202" />
<SP HEIGHT="64" HPOS="575" VPOS="3145" WIDTH="28" />
<String CONTENT="&amp;c.," HEIGHT="63" HPOS="604" VPOS="3145" WIDTH="107" />
<SP HEIGHT="48" HPOS="712" VPOS="3160" WIDTH="28" />
<String CONTENT="withholding" HEIGHT="71" HPOS="741" VPOS="3139" WIDTH="382" />
<SP HEIGHT="50" HPOS="1124" VPOS="3160" WIDTH="25" />
<String CONTENT="no" HEIGHT="35" HPOS="1150" VPOS="3160" WIDTH="73" />
<SP HEIGHT="35" HPOS="1224" VPOS="3160" WIDTH="25" />
<String CONTENT="signal" HEIGHT="68" HPOS="1250" VPOS="3142" WIDTH="186" />
<SP HEIGHT="52" HPOS="1437" VPOS="3142" WIDTH="27" />
<String CONTENT="or" HEIGHT="34" HPOS="1465" VPOS="3160" WIDTH="63" />
<SP HEIGHT="33" HPOS="1529" VPOS="3160" WIDTH="26" />
<String CONTENT="curious" HEIGHT="53" HPOS="1556" VPOS="3141" WIDTH="223" />
<SP HEIGHT="52" HPOS="1780" VPOS="3142" WIDTH="24" />
<String CONTENT="detail," HEIGHT="65" HPOS="1805" VPOS="3141" WIDTH="193" />
<SP HEIGHT="65" HPOS="1999" VPOS="3141" WIDTH="25" />
<String CONTENT="by" HEIGHT="67" HPOS="2025" VPOS="3141" WIDTH="76" />
<SP HEIGHT="67" HPOS="2102" VPOS="3141" WIDTH="23" />
<String CONTENT="Marvin" HEIGHT="54" HPOS="2126" VPOS="3141" WIDTH="227" />
</TextLine>
<TextLine CS="1" HEIGHT="148" HPOS="373" VPOS="3217" WIDTH="1959">
<String CONTENT="Lowenthal." HEIGHT="51" HPOS="373" VPOS="3221" WIDTH="347" />
<SP HEIGHT="51" HPOS="721" VPOS="3220" WIDTH="75" />
<String CONTENT="Boston" HEIGHT="52" HPOS="797" VPOS="3220" WIDTH="214" />
<SP HEIGHT="33" HPOS="1012" VPOS="3239" WIDTH="41" />
<String CONTENT="and" HEIGHT="52" HPOS="1054" VPOS="3222" WIDTH="107" />
<SP HEIGHT="53" HPOS="1162" VPOS="3221" WIDTH="45" />
<String CONTENT="New" HEIGHT="52" HPOS="1208" VPOS="3221" WIDTH="136" />
<SP HEIGHT="52" HPOS="1345" VPOS="3221" WIDTH="42" />
<String CONTENT="York," HEIGHT="56" HPOS="1388" VPOS="3219" WIDTH="178" />
<SP HEIGHT="55" HPOS="1567" VPOS="3220" WIDTH="40" />
<String CONTENT="Houghton" HEIGHT="68" HPOS="1608" VPOS="3219" WIDTH="317" />
<SP HEIGHT="53" HPOS="1926" VPOS="3219" WIDTH="39" />
<String CONTENT="Mifflin" HEIGHT="55" HPOS="1966" VPOS="3217" WIDTH="203" />
<SP HEIGHT="33" HPOS="2170" VPOS="3239" WIDTH="40" />
<String CONTENT="company," HEIGHT="128" HPOS="373" VPOS="3237" WIDTH="1959" />
<SP HEIGHT="61" HPOS="544" VPOS="3303" WIDTH="29" />
<String CONTENT="1935." HEIGHT="50" HPOS="574" VPOS="3301" WIDTH="148" />
</TextLine>
<TextLine CS="1" HEIGHT="51" HPOS="443" STYLEREFS="StyleId-902012EA-9EFF-48F7-BABB-D89C67E55CFC-" VPOS="3369" WIDTH="1064">
<String CONTENT="lvi," HEIGHT="45" HPOS="443" LANG="fi" VPOS="3371" WIDTH="81" />
<SP HEIGHT="31" HPOS="525" VPOS="3389" WIDTH="31" />
<String CONTENT="[1]," HEIGHT="49" HPOS="557" VPOS="3371" WIDTH="71" />
<SP HEIGHT="46" HPOS="629" VPOS="3371" WIDTH="26" />
<String CONTENT="393," HEIGHT="47" HPOS="656" VPOS="3369" WIDTH="98" />
<SP HEIGHT="30" HPOS="755" VPOS="3388" WIDTH="30" />
<String CONTENT="[1]" HEIGHT="48" HPOS="786" VPOS="3370" WIDTH="55" />
<SP HEIGHT="38" HPOS="842" VPOS="3380" WIDTH="30" />
<String CONTENT="p." HEIGHT="37" HPOS="873" VPOS="3380" WIDTH="42" />
<SP />
<String CONTENT="front." CS="1" />
<SP />
<String CONTENT="(port.)" HEIGHT="48" HPOS="1150" VPOS="3369" WIDTH="172" />
<SP HEIGHT="47" HPOS="1323" VPOS="3369" WIDTH="66" />
<String CONTENT="22cm." HEIGHT="41" HPOS="1390" VPOS="3369" WIDTH="117" />
</TextLine>
<TextLine CS="1" HEIGHT="49" HPOS="447" STYLEREFS="StyleId-902012EA-9EFF-48F7-BABB-D89C67E55CFC-" VPOS="3425" WIDTH="1208">
<String CONTENT="Sources" HEIGHT="40" HPOS="447" VPOS="3425" WIDTH="202" />
<SP HEIGHT="38" HPOS="650" VPOS="3427" WIDTH="24" />
<String CONTENT="in" HEIGHT="37" HPOS="675" VPOS="3427" WIDTH="49" />
<SP HEIGHT="38" HPOS="725" VPOS="3426" WIDTH="29" />
<String CONTENT="&#8220;An" HEIGHT="40" HPOS="755" VPOS="3426" WIDTH="100" />
<SP HEIGHT="29" HPOS="856" VPOS="3437" WIDTH="27" />
<String CONTENT="editorial" HEIGHT="40" HPOS="884" VPOS="3425" WIDTH="222" />
<SP HEIGHT="38" HPOS="1107" VPOS="3427" WIDTH="28" />
<String CONTENT="note&#8221;" HEIGHT="39" HPOS="1136" VPOS="3426" WIDTH="139" />
<SP HEIGHT="40" HPOS="1276" VPOS="3426" WIDTH="38" />
<String CONTENT="(p." HEIGHT="46" HPOS="1315" VPOS="3426" WIDTH="64" />
<SP HEIGHT="38" HPOS="1380" VPOS="3426" WIDTH="28" />
<String CONTENT="lvi-[lvii])" CS="1" HEIGHT="49" HPOS="1409" VPOS="3425" WIDTH="246" />
</TextLine>
<TextLine CS="1" HEIGHT="51" HPOS="373" STYLEREFS="StyleId-902012EA-9EFF-48F7-BABB-D89C67E55CFC-" VPOS="3480" WIDTH="1986">
<String CONTENT="&#169;" HEIGHT="51" HPOS="373" VPOS="3480" WIDTH="51" />
<SP HEIGHT="51" HPOS="425" VPOS="3480" WIDTH="28" />
<String CONTENT="Feb." HEIGHT="40" HPOS="454" VPOS="3484" WIDTH="108" />
<SP HEIGHT="37" HPOS="563" VPOS="3485" WIDTH="27" />
<String CONTENT="12." HEIGHT="42" HPOS="591" VPOS="3483" WIDTH="67" />
<SP HEIGHT="40" HPOS="659" VPOS="3485" WIDTH="28" />
<String CONTENT="1935" HEIGHT="41" HPOS="688" VPOS="3481" WIDTH="116" />
<SP HEIGHT="40" HPOS="805" VPOS="3483" WIDTH="13" />
<String CONTENT=":" HEIGHT="30" HPOS="819" VPOS="3493" WIDTH="9" />
<SP HEIGHT="41" HPOS="829" VPOS="3482" WIDTH="28" />
<String CONTENT="2c" HEIGHT="40" HPOS="858" VPOS="3482" WIDTH="54" />
<SP HEIGHT="39" HPOS="913" VPOS="3483" WIDTH="42" />
<String CONTENT="Feb." HEIGHT="39" HPOS="956" VPOS="3483" WIDTH="107" />
<SP HEIGHT="37" HPOS="1064" VPOS="3485" WIDTH="29" />
<String CONTENT="16" HEIGHT="39" HPOS="1094" VPOS="3483" WIDTH="53" />
<SP HEIGHT="41" HPOS="1148" VPOS="3483" WIDTH="16" />
<String CONTENT=":" HEIGHT="31" HPOS="1165" VPOS="3493" WIDTH="9" />
<SP HEIGHT="31" HPOS="1175" VPOS="3493" WIDTH="29" />
<String CONTENT="aff." HEIGHT="40" HPOS="1205" VPOS="3483" WIDTH="82" />
<SP HEIGHT="40" HPOS="1288" VPOS="3483" WIDTH="28" />
<String CONTENT="Feb." HEIGHT="39" HPOS="1317" VPOS="3483" WIDTH="121" />
<SP HEIGHT="37" HPOS="1439" VPOS="3484" WIDTH="17" />
<String CONTENT="14:" HEIGHT="40" HPOS="1457" VPOS="3483" WIDTH="81" />
<SP HEIGHT="41" HPOS="1539" VPOS="3482" WIDTH="29" />
<String CONTENT="A" HEIGHT="39" HPOS="1569" VPOS="3482" WIDTH="41" />
<SP HEIGHT="40" HPOS="1611" VPOS="3482" WIDTH="26" />
<String CONTENT="80455;" CS="1" HEIGHT="41" HPOS="1667" VPOS="3481" WIDTH="116" />
<SP HEIGHT="40" HPOS="1810" VPOS="3483" WIDTH="32" />
<String CONTENT="Marvin" HEIGHT="39" HPOS="1843" VPOS="3481" WIDTH="190" />
<SP HEIGHT="37" HPOS="2034" VPOS="3482" WIDTH="27" />
<String CONTENT="Lowenthal." HEIGHT="42" HPOS="2062" VPOS="3480" WIDTH="297" />
</TextLine>
<TextLine HEIGHT="49" HPOS="439" STYLEREFS="StyleId-902012EA-9EFF-48F7-BABB-D89C67E55CFC-" VPOS="3538" WIDTH="695">
<String CONTENT="Monsey," HEIGHT="46" HPOS="439" VPOS="3541" WIDTH="211" />
<SP HEIGHT="46" HPOS="651" VPOS="3539" WIDTH="26" />
<String CONTENT="N." HEIGHT="39" HPOS="678" LANG="fi" VPOS="3539" WIDTH="55" />
<SP HEIGHT="38" HPOS="734" VPOS="3540" WIDTH="26" />
<String CONTENT="Y." HEIGHT="39" HPOS="761" VPOS="3540" WIDTH="53" />
<SP HEIGHT="46" HPOS="815" VPOS="3539" WIDTH="69" />
<String CONTENT="(35-2660)" HEIGHT="48" HPOS="885" VPOS="3538" WIDTH="249" />
</TextLine>
<TextLine HEIGHT="64" HPOS="370" STYLEREFS="StyleId-582F7CC0-15BA-424D-8B86-542133840919-" VPOS="3629" WIDTH="448">
<String CONTENT="Moore," HEIGHT="64" HPOS="370" VPOS="3629" WIDTH="216" />
<SP HEIGHT="64" HPOS="587" VPOS="3629" WIDTH="28" />
<String CONTENT="Amos." HEIGHT="55" HPOS="616" VPOS="3629" WIDTH="202" />
</TextLine>
<TextLine CS="1" HEIGHT="69" HPOS="441" VPOS="3703" WIDTH="1918">
<String CONTENT="Daredevil" HEIGHT="53" HPOS="441" VPOS="3705" WIDTH="309" />
<SP HEIGHT="52" HPOS="751" VPOS="3705" WIDTH="37" />
<String CONTENT="Douglass," HEIGHT="67" HPOS="789" VPOS="3705" WIDTH="301" />
<SP HEIGHT="66" HPOS="1091" VPOS="3705" WIDTH="38" />
<String CONTENT="by" HEIGHT="67" HPOS="1130" VPOS="3705" WIDTH="76" />
<SP HEIGHT="66" HPOS="1207" VPOS="3706" WIDTH="36" />
<String CONTENT="Amos" HEIGHT="53" HPOS="1244" VPOS="3706" WIDTH="177" />
<SP HEIGHT="53" HPOS="1422" VPOS="3706" WIDTH="39" />
<String CONTENT="Moore" HEIGHT="51" HPOS="1462" VPOS="3706" WIDTH="195" />
<SP HEIGHT="33" HPOS="1658" VPOS="3724" WIDTH="48" />
<String CONTENT="&#8230;" CS="1" />
<SP />
<String CONTENT="New" HEIGHT="51" HPOS="1841" VPOS="3705" WIDTH="136" />
<SP HEIGHT="52" HPOS="1978" VPOS="3703" WIDTH="41" />
<String CONTENT="York," HEIGHT="55" HPOS="2020" VPOS="3703" WIDTH="179" />
<SP HEIGHT="54" HPOS="2200" VPOS="3704" WIDTH="40" />
<String CONTENT="The" HEIGHT="51" HPOS="2241" VPOS="3703" WIDTH="118" />
</TextLine>
<TextLine CS="1" HEIGHT="69" HPOS="370" VPOS="3781" WIDTH="820">
<String CONTENT="Macaulay" HEIGHT="69" HPOS="370" VPOS="3781" WIDTH="303" />
<SP HEIGHT="49" HPOS="674" VPOS="3801" WIDTH="27" />
<String CONTENT="company" HEIGHT="50" HPOS="702" VPOS="3800" WIDTH="280" />
<SP HEIGHT="49" HPOS="983" VPOS="3800" WIDTH="34" />
<String CONTENT="[c1935]" CS="1" HEIGHT="63" HPOS="1018" VPOS="3785" WIDTH="172" />
</TextLine>
<TextLine CS="1" HEIGHT="49" HPOS="440" VPOS="3854" WIDTH="335">
<String CONTENT="256" HEIGHT="40" HPOS="440" LANG="en-US" VPOS="3855" WIDTH="86" />
<SP HEIGHT="48" HPOS="527" VPOS="3855" WIDTH="29" />
<String CONTENT="p." HEIGHT="38" HPOS="557" LANG="fr" VPOS="3865" WIDTH="44" />
<SP HEIGHT="39" HPOS="602" VPOS="3857" WIDTH="59" />
<String CONTENT="19cm." CS="1" HEIGHT="40" HPOS="662" LANG="fr" VPOS="3854" WIDTH="113" />
</TextLine>
<TextLine CS="1" HEIGHT="51" HPOS="377" STYLEREFS="StyleId-902012EA-9EFF-48F7-BABB-D89C67E55CFC-" VPOS="3908" WIDTH="1981">
<String CONTENT="&#169;" HEIGHT="51" HPOS="377" VPOS="3908" WIDTH="51" />
<SP HEIGHT="51" HPOS="429" VPOS="3908" WIDTH="33" />
<String CONTENT="Feb." HEIGHT="39" HPOS="463" VPOS="3913" WIDTH="109" />
<SP HEIGHT="37" HPOS="573" VPOS="3913" WIDTH="33" />
<String CONTENT="14," HEIGHT="45" HPOS="607" VPOS="3912" WIDTH="69" />
<SP HEIGHT="44" HPOS="677" VPOS="3913" WIDTH="32" />
<String CONTENT="1935;" CS="1" HEIGHT="41" HPOS="710" VPOS="3909" WIDTH="115" />
<SP HEIGHT="47" HPOS="851" VPOS="3910" WIDTH="34" />
<String CONTENT="2c." HEIGHT="40" HPOS="886" VPOS="3910" WIDTH="64" />
<SP HEIGHT="29" HPOS="951" VPOS="3920" WIDTH="36" />
<String CONTENT="and" HEIGHT="38" HPOS="988" VPOS="3912" WIDTH="93" />
<SP HEIGHT="38" HPOS="1082" VPOS="3912" WIDTH="32" />
<String CONTENT="aff." HEIGHT="40" HPOS="1115" VPOS="3910" WIDTH="79" />
<SP HEIGHT="37" HPOS="1195" VPOS="3911" WIDTH="36" />
<String CONTENT="Feb." HEIGHT="39" HPOS="1232" VPOS="3911" WIDTH="108" />
<SP HEIGHT="37" HPOS="1341" VPOS="3911" WIDTH="33" />
<String CONTENT="20;" CS="1" HEIGHT="39" HPOS="1375" VPOS="3911" WIDTH="59" />
<SP HEIGHT="46" HPOS="1459" VPOS="3911" WIDTH="34" />
<String CONTENT="A" HEIGHT="38" HPOS="1494" VPOS="3911" WIDTH="42" />
<SP HEIGHT="39" HPOS="1537" VPOS="3911" WIDTH="31" />
<String CONTENT="79733" HEIGHT="41" HPOS="1569" VPOS="3909" WIDTH="141" />
<SP HEIGHT="39" HPOS="1711" VPOS="3911" WIDTH="16" />
<String CONTENT=":" HEIGHT="29" HPOS="1728" VPOS="3921" WIDTH="9" />
<SP HEIGHT="40" HPOS="1738" VPOS="3910" WIDTH="37" />
<String CONTENT="George" HEIGHT="45" HPOS="1776" VPOS="3910" WIDTH="181" />
<SP HEIGHT="38" HPOS="1958" VPOS="3909" WIDTH="35" />
<String CONTENT="Hubbard" HEIGHT="39" HPOS="1994" VPOS="3909" WIDTH="233" />
<SP HEIGHT="38" HPOS="2228" VPOS="3910" WIDTH="35" />
<String CONTENT="and" HEIGHT="39" HPOS="2264" VPOS="3909" WIDTH="94" />
</TextLine>
<TextLine HEIGHT="49" HPOS="442" STYLEREFS="StyleId-902012EA-9EFF-48F7-BABB-D89C67E55CFC-" VPOS="3965" WIDTH="1503">
<String CONTENT="Lilian" HEIGHT="40" HPOS="442" VPOS="3967" WIDTH="161" />
<SP HEIGHT="37" HPOS="604" VPOS="3969" WIDTH="29" />
<String CONTENT="Bennett" HEIGHT="39" HPOS="634" VPOS="3969" WIDTH="211" />
<SP HEIGHT="40" HPOS="846" VPOS="3967" WIDTH="28" />
<String CONTENT="Thompson," HEIGHT="47" HPOS="875" VPOS="3967" WIDTH="286" />
<SP HEIGHT="46" HPOS="1162" VPOS="3967" WIDTH="31" />
<String CONTENT="Warwick," HEIGHT="47" HPOS="1194" VPOS="3967" WIDTH="257" />
<SP HEIGHT="47" HPOS="1452" VPOS="3967" WIDTH="31" />
<String CONTENT="N." HEIGHT="39" HPOS="1484" LANG="fi" VPOS="3967" WIDTH="55" />
<SP HEIGHT="38" HPOS="1540" VPOS="3967" WIDTH="31" />
<String CONTENT="Y." HEIGHT="39" HPOS="1572" VPOS="3967" WIDTH="54" />
<SP HEIGHT="47" HPOS="1627" VPOS="3966" WIDTH="68" />
<String CONTENT="(35-2612)" HEIGHT="48" HPOS="1696" VPOS="3965" WIDTH="249" />
</TextLine>
</TextBlock>
</PrintSpace>
</Page>
</Layout>
</alto>