2424 4375
1138 4034 62 52 971

220 500 523 49 v p., 1 l., 165 p. 21½ cm.
152 556 51 51 ©
231 560 126 38 June
385 559 38 40 1.
452 557 139 47 1935;
622 557 65 40 2c.
719 558 96 39 and
846 568 81 29 aff.
959 558 128 38 June
1113 557 82 46 14;
1228 557 40 38 A
1299 555 169 47 84232;
1500 556 71 40 W.
1601 553 279 49 KixMiller,
1912 551 221 48 Chicago.

227 613 277 50 (35-10269)

149 717 343 63 Kottmann,
522 719 227 62 Emma,
781 722 158 49 1881-

222 794 447 57 Schwabenland;
728 794 90 53 ein
844 793 361 54 heimatbuch
1230 813 111 33 von
1368 795 205 51 Emma
1597 793 337 52 Kottmann.

151 794 1961 132 Berlin,
278 869 478 70 Atlantis-verlag
794 873 169 64 [1934]

218 942 98 41 182.
347 943 54 50 [2]
428 953 44 37 p.
499 942 108 41 incl.
637 943 127 40 illus.
794 942 156 48 (map)
986 942 173 48 plates.
1217 941 49 39 21½
1305 944 45 21 cm
1354 974 8 8 .

154 997 1984 53 © Dec. 11, 1933; 1c. June 5, 1935; A-Foreign 28147; Atlantiswerlag,
221 1069 40 36 g.
286 1069 58 28 in.
369 1058 41 39 b.
433 1058 45 39 h.
549 1057 278 48 (35-10596)

154 1159 296 63 Lambert,
479 1161 173 53 Rosa.

223 1235 120 52 The
389 1241 251 62 mystery
687 1236 63 51 of
795 1237 93 51 the
935 1237 204 67 golden
1189 1236 196 68 wings,
1429 1237 75 66 by
1552 1238 149 51 Rosa
1749 1237 108 51 and
1909 1235 226 67 Dudley

153 1312 279 53 Lambert.
507 1314 256 65 London,
799 1315 137 52 New
971 1316 163 51 York
1282 1347 29 34 [etc.]
1352 1316 65 51 T.
1455 1314 208 52 Nelson
1702 1314 112 51 and
1850 1332 145 42 sons,
2034 1314 97 53 ltd.

157 1395 168 63 [1935]

223 1462 425 49 vi, 7-320 p. 19 cm.
156 1517 1985 52 © 1c. July 11, 1935; A ad int. 20384; pubd. May 15; Rosa Anstruther
220 1578 226 39 Lambert
471 1579 96 38 and
589 1578 190 47 Dudley
804 1576 178 42 Davies
1009 1579 240 46 Lambert,
1276 1578 211 39 London.
1561 1576 279 49 (35-10748)

155 1678 217 66 Lange,
400 1680 177 64 Erna,
609 1684 170 50 1902-

283 1756 1849 66 … 1914 bis 1918 auf der schulbank. Berlin, Scherl [ 1933]
221 1828 96 48 165,
353 1829 54 49 [1]
440 1839 42 38 p.
543 1828 55 41 19
614 1840 33 28 x
664 1828 56 40 10½
753 1831 43 21 cm
800 1861 10 9 .

157 1881 1983 54 © Sept. 18, 1933; 1c. Jan. 9, 1934; A-Foreign 23313; August Scherl,
259 1941 581 48 g . m. b. h. (35-10894)
154 2028 253 65 Leavitt,
438 2030 240 64 Sturgis
707 2030 217 64 Elleno,
958 2037 169 48 1888-

217 2104 1926 70 Elements of Spanish, by Sturgis E. Leavitt … and Sterling
149 2181 1915 70 A. Stoudemire … New York, H. Holt and company [c1935 ]
215 2254 1256 48 xi p., 1 l., 133, xxviii p. front. (map) 19½ cm .
216 2310 138 46 Maps
388 2319 61 29 on
478 2310 362 48 lining-papers.

159 2365 1981 53 © June 18, 1935; 2c. and aff. June 29; A 83839; Henry Holt & co., inc.
234 2425 278 49 (35-10299)

153 2510 254 69 Lincoln,
435 2514 323 64 Abraham,
783 2533 144 48 pres.
962 2517 65 51 U.
1056 2517 79 66 $.,
1165 2519 322 51 1809-1865.

225 2589 244 55 Famous
502 2593 258 65 speeches
817 2593 79 67 [of]
937 2593 295 53 Abraham
1265 2592 268 60 Lincoln;
1572 2593 134 52 with
1747 2613 71 32 an
158 2594 1957 127 introduction

306 2668 75 67 by
412 2668 259 55 William
702 2671 76 52 H.
814 2671 332 53 Townsend.
1222 2672 137 52 New
1393 2672 283 64 Rochelle,
1709 2673 168 51 Peter
1913 2674 226 63 Pauper

158 2763 153 50 press
346 2751 190 63 [c1935]

227 2817 1056 51 ix p., 1 l., 103, [1] p. illus. (port.) 24½cm.
230 2874 143 40 “This
409 2873 182 41 edition
626 2876 205 40 consists
868 2876 50 40 of
951 2876 83 40 950
1069 2876 172 48 copies,
1278 2878 223 39 band-set
1537 2878 46 37 in
1619 2878 156 38 Bruce
1810 2876 195 47 Rogers'
160 2888 1963 82 centaur

308 2935 125 43 type,
473 2932 95 39 and
608 2933 191 46 printed
839 2944 57 28 on
938 2944 61 28 an
1041 2934 65 38 all
1147 2943 88 38 rag
1271 2944 148 37 paper
1458 2936 51 37 at
1549 2934 82 39 the
1671 2934 216 46 Walpole
1926 2933 215 47 printing

159 2988 140 43 office.
328 2990 116 38 New
473 2989 238 48 Rochelle,
739 2990 56 41 N.
823 2991 51 38 Y.
935 2991 101 38 The
1061 2989 317 49 frontispiece
1404 2991 41 39 is
1475 2992 168 39 drawn
1672 2992 58 46 by
1760 2991 125 39 John
1919 2991 220 47 Rudolph

159 3043 128 42 after
319 3046 80 39 the
432 3047 110 38 bust
572 3048 63 46 by
665 3047 68 41 St.
765 3047 268 40 Gaudens.”
1094 3047 116 41 This
1242 3058 121 37 copy
1390 3047 43 40 is
1463 3048 79 39 for
1574 3048 252 47 copyright
1860 3049 90 37 and
1989 3047 37 38 is
2058 3051 79 36 not

163 3102 270 41 numbered.

157 3154 51 52 ©
236 3160 114 47 July
377 3161 67 41 17.
471 3160 113 40 1935;
638 3161 68 40 2c.
732 3162 118 47 July
871 3161 54 39 22;
982 3162 80 39 aff.
1092 3163 115 46 July
1232 3162 82 45 20;
1344 3163 40 38 A
1409 3162 169 42 84696;
1608 3162 141 40 Peter
1777 3163 189 45 Pauper
1992 3170 149 39 press.

235 3216 277 49 (35-10279)

160 3302 178 64 Lloyd
370 3307 242 64 George,
642 3308 207 63 David,
879 3313 170 49 1863-

292 3384 1847 67 … Mémoires de guerre; traducci ó n de Charles Bonnefon.
171 3464 54 59 [t.
253 3462 48 62 2]
366 3462 183 51 Paris.
573 3463 70 51 A.
671 3463 229 65 Fayard
926 3467 44 49 &
995 3481 27 33 c
1026 3462 34 28 ie
1248 3497 12 32 [1935]

229 3531 709 52 2 p. l., [5]-491, [1] p. 23 cm .
229 3588 62 39 At
317 3589 123 38 head
468 3589 51 39 of
543 3590 134 39 title:
707 3591 153 46 Lloyd
886 3591 193 47 George.

163 3638 1814 57 © Mar. 1. 1935; 1c. Aug. 21; A-Foreign 28661: A. Favard et cie.
161 3759 233 65 Loring,
424 3764 134 51 Mrs.
588 3764 211 53 Emilie
828 3765 253 63 (Baker)

238 3836 102 51 It’s
384 3856 31 33 a
460 3844 162 61 great
660 3840 174 52 world
860 3840 10 52 !
1084 3873 12 34 [By]
1144 3840 211 53 Emilie
1397 3841 232 67 Loring.
1720 3841 426 68 Philadelphia,

168 3912 118 53 The
312 3914 157 52 Penn
499 3915 335 68 publishing
861 3935 277 50 company
1170 3950 14 34 [
1188 3924 18 22 c
1211 3921 151 59 1935]
