2424 4375
1057 4062 100 52 987

124 449 243 65 Burrell,
393 451 188 63 Percy
605 451 235 63 Jewett,
869 450 169 56 1877-

195 526 119 53 The
346 532 245 60 pageant
620 526 64 51 of
711 525 324 68 Hingham;
1070 525 59 53 in
1160 526 338 53 celebration
1531 526 63 53 of
1625 528 95 51 the
1750 529 166 50 300th
127 529 1951 141 anniversary

395 602 64 53 of
499 603 96 53 the
634 604 317 52 settlement
992 604 111 52 and
1145 602 421 69 incorporation
1611 603 63 52 of
1715 604 94 53 the
1852 610 147 46 town
2044 605 62 51 of

125 679 312 69 Hingham,
459 681 457 60 Massachusetts,
939 678 227 55 written
1190 682 112 52 and
1325 680 249 55 directed
1596 681 76 68 by
1694 683 182 65 Percy
1899 684 202 51 Jewett

126 757 241 54 Burrell.
443 758 305 53 Presented
781 758 75 67 by
886 760 96 52 the
1015 759 200 67 people
1247 758 64 54 of
1344 760 96 52 the
1470 766 153 46 town
1657 765 58 47 at
1745 759 195 53 Huit’s
1975 778 130 33 cove

126 840 57 48 at
221 837 148 52 7;50
407 836 210 53 o’clock
656 836 58 53 in
752 837 94 53 the
885 835 242 68 evening;
1193 838 151 54 June
1384 837 150 67 27th,
1573 839 150 64 28th,
1762 839 150 59 29th,
1957 843 146 48 1935.

129 914 249 67 [Boston,
407 914 162 52 Buck
599 913 261 68 printing
888 932 295 50 company,
1214 919 151 64 1935]

193 986 69 48 47,
299 987 55 49 [1]
389 996 43 37 p.
491 986 128 41 illus.
648 986 201 47 (music)
915 986 56 41 29
974 989 44 22 cm
1022 1016 9 9 .

194 1056 71 41 On
296 1066 140 31 cover;
496 1057 184 41 Official
710 1068 237 37 program.

193 1113 313 48 “Thirty-five
536 1114 220 41 hundred
787 1114 157 49 copies
976 1114 235 49 printed.”

124 1182 51 52 ©
207 1186 126 39 June
365 1186 69 47 26,
467 1185 113 41 1935;
643 1186 64 40 2c.
742 1187 95 38 and
868 1186 80 40 aff.
981 1186 116 48 July
1128 1187 81 45 15;
1243 1187 41 38 A
1314 1185 169 47 85045;
1519 1187 50 39 P.
1602 1187 43 39 J.
1681 1188 207 45 Burrell,
189 1188 1901 100 Watertown,
359 1243 144 39 Mass.
577 1242 279 49 (35-10628)

126 1344 277 65 Calhoun,
430 1347 221 52 Robert
676 1347 228 63 Lowry,
934 1352 169 50 1896-

188 1420 1853 71 God and the common life, by Robert Lowry Calhoun …
121 1497 134 53 New
281 1498 179 56 York.
483 1499 259 68 London,
767 1499 62 54 C.
861 1498 310 56 Scribner’s
1198 1517 145 50 sons,
1373 1503 149 49 1935.

189 1572 129 45 xxiv,
350 1570 84 42 303
464 1582 43 37 p.
567 1570 54 41 21
626 1574 44 21 cm
674 1604 9 9 .

190 1640 203 41 “Notes”;
459 1651 41 37 p.
542 1641 246 50 [251]-286.

121 1710 50 53 ©
197 1715 124 40 June
349 1715 68 42 14.
445 1715 140 46 1935;
615 1715 65 40 2c.
708 1715 129 40 June
860 1715 52 38 22;
969 1715 81 40 aff.
1080 1715 126 40 June
1230 1715 55 40 25;
1342 1715 40 39 A
1408 1715 169 46 83760;
1610 1716 201 40 Charles
1843 1714 263 42 Scribner’s

187 1782 124 30 sons.
381 1771 278 48 (35-10870)

120 1875 311 66 Campbell,
461 1877 82 51 Le
569 1877 130 62 Roy
724 1876 85 63 B.,
842 1877 169 53 1873-

185 1953 121 52 The
338 1954 243 51 unusual
616 1952 59 54 in
709 1952 239 54 London
985 1953 111 53 and
1132 1952 269 67 vicinity;
1438 1953 171 65 being
1645 1973 31 33 a
1711 1954 151 53 revel
1898 1973 207 48 among

117 2028 93 55 the
253 2030 92 52 old
393 2031 110 51 and
547 2049 126 33 rare
714 2030 207 52 haunts
966 2029 62 53 of
1069 2029 258 65 London,
1371 2029 303 67 especially
1716 2030 160 53 those
1916 2031 186 66 places

120 2104 147 55 from
303 2105 184 55 which
525 2126 103 34 our
661 2106 304 53 American
1000 2106 374 59 institutions,
1410 2112 261 60 customs,
1708 2107 111 53 and
1855 2107 248 67 sayings,

118 2182 315 68 originated;
501 2184 379 67 interspersed
919 2183 326 67 frequently
1280 2183 139 53 with
1456 2183 338 66 interesting
1830 2184 108 53 and
1978 2203 126 34 rare

117 2260 1962 136 music and art lore, by Dr. Le Roy B. Campbell … Washington,
256 2339 69 52 D.
354 2339 81 59 C.,
462 2338 121 53 The
607 2337 251 67 Daylion
883 2354 296 50 company,
1205 2340 151 51 1935.

185 2408 85 39 222
297 2421 42 38 p.
397 2411 170 48 plates,
597 2412 121 46 port.
781 2409 52 41 19½
867 2412 41 21 cm
913 2442 8 7 .

121 2477 51 52 ©
197 2481 115 47 July
335 2482 69 40 13.
430 2480 113 41 1935;
597 2481 67 40 2c.
689 2482 95 38 and
809 2480 80 40 aff.
915 2481 115 46 July
1056 2481 54 39 15;
1164 2481 42 38 A
1230 2480 141 40 85053;
1427 2481 208 47 Daylion
1664 2491 66 29 co.
197 2538 277 47 (35-10716)

122 2641 225 63 Castro,
375 2641 204 53 Carlos
604 2642 87 53 de.

185 2716 312 53 Grundriss
526 2718 98 51 der
651 2717 316 66 geschichte
996 2718 99 51 der
1122 2716 220 53 familie
1371 2718 68 51 de
1467 2720 221 63 Castro,
1711 2734 110 35 von
1850 2718 83 50 dr.
117 2716 1961 131 Carlos
223 2795 67 52 de

319 2796 218 53 Castro.
601 2794 215 64 Berlin,
846 2795 58 54 C.
935 2795 68 51 de
1032 2795 220 65 Castro,
1282 2796 149 51 1934.

187 2868 53 40 23
269 2879 41 36 p.
368 2866 229 48 facsims.,
629 2866 370 41 coats-of-arms.
1055 2866 56 40 25
1114 2869 45 20 cm
1164 2898 8 8 .

121 2934 1897 52 © Apr. 24,1934; 1c. Sept. 20; A-Foreign 25712; C. de Castro. 6366.
122 3042 173 62 Cody,
325 3041 334 53 Alexander
685 3041 52 53 J.

177 3116 242 55 Peddler
453 3116 61 52 of
546 3115 224 69 beauty,
805 3116 108 51 and
950 3115 160 53 other
1142 3132 208 51 poems,
1383 3114 72 67 by
1488 3113 324 53 Alexander
1847 3113 54 53 J.
1942 3113 158 67 Cody

170 3190 1858 72 … [San Francisco, University of San Francisco press, 1935.
176 3264 621 49 5 p. l., 15-59 p. 20½cm.
119 3334 51 52 ©
193 3339 109 39 Feb.
326 3339 40 40 2.
390 3338 113 40 1935;
555 3339 67 39 2c.
646 3339 95 38 and
765 3337 80 40 aff.
872 3338 114 46 July
1012 3337 81 45 15;
1120 3337 41 38 A
1183 3335 143 42 85054;
1382 3337 54 38 A.
1463 3336 42 39 J.
1532 3336 145 47 Cody,
1706 3336 96 40 San
1829 3334 270 42 Francisco.

197 3395 276 48 (35-10445)

119 3495 211 65 Cohen,
358 3498 233 54 Samuel
619 3497 167 61 Meir,
815 3502 168 49 1886-

185 3575 213 53 Jewish
441 3574 153 52 child
635 3573 291 68 guidance.
1002 3572 263 54 Leader’s
1306 3572 187 65 guide.
1575 3573 109 64 [By]
1751 3571 227 55 Samuel
2019 3572 79 51 M.

119 3649 204 54 Cohen.
386 3651 140 52 New
562 3651 163 51 York
759 3651 132 62 city,
925 3650 108 52 Ida
1070 3650 192 55 Cohen
1297 3648 292 53 memorial
1626 3649 165 62 fund,
1826 3648 273 53 National

120 3725 314 54 federation
465 3728 62 53 of
556 3727 213 54 Jewish
801 3726 169 53 men’s
1003 3727 171 63 clubs,
1205 3725 214 55 United
1451 3743 325 48 synagogue
1807 3725 63 53 of
117 3725 1958 140 America,
253 3807 149 49 1935.

186 3874 596 49 vi p., 2 l., 124 p. 20cm.
121 3940 51 52 ©
206 3947 119 37 Mar.
362 3947 39 40 1.
437 3945 138 42 1935;
613 3945 66 39 2c.
715 3946 93 38 and
843 3944 80 39 aff.
960 3945 127 38 June
1120 3943 82 45 27;
1241 3944 41 38 A
1318 3942 169 48 83830;
1529 3942 177 42 United
1741 3952 275 38 synagogue
2050 3942 51 40 of

187 4002 233 40 America.
490 4001 278 48 (35-10406)
