2424 4375
1239 4076 135 47 1894

379 497 210 41 Various
622 496 217 50 pagings.

381 553 286 42 Loose-leaf.

313 607 2001 53 © July 15, 1935; 1c. Oct. 2; A-Foreign 29368; Comité de l’Encyclopédie
380 668 262 48 française.

312 770 203 66 Ervin,
542 772 274 63 Spencer,
847 773 171 51 1886-

382 849 204 68 Henry
621 850 158 54 Ford
812 867 79 36 vs.
927 850 256 53 Truman
1219 849 76 53 H.
1332 848 339 69 Newberry;
1709 850 93 51 the
1842 848 224 54 famous
2107 848 206 56 Senate

314 928 237 54 election
583 932 243 63 contest;
864 946 31 34 a
929 927 173 68 study
1133 925 60 55 in
1224 926 308 54 American
1564 925 246 70 politics,
1841 926 324 69 legislation
2198 929 114 53 and

313 1005 220 70 justice,
570 1005 75 69 by
685 1005 248 68 Spencer
972 1005 212 68 Ervin;
1228 1004 388 54 introduction
1654 1006 74 67 by
1765 1005 260 56 William
2066 1008 246 52 Bennett

313 1085 225 54 Munro.
602 1086 140 52 New
771 1084 178 68 York,
982 1085 66 54 R.
1080 1085 68 53 R.
1181 1083 207 68 Smith,
1419 1087 150 52 1935.

383 1158 117 49 xvii,
532 1158 87 41 616
647 1168 43 39 p.
747 1157 57 40 24
806 1160 45 22 cm
855 1188 11 11 .

386 1215 180 41 “Table
594 1215 53 41 of
672 1213 166 43 cases”;
897 1224 44 39 p.
968 1214 219 42 601-604.

314 1270 52 53 ©
394 1274 112 39 Dec.
532 1273 68 48 18,
630 1273 114 40 1935;
800 1272 67 41 2c.
896 1273 112 39 Dec.
1036 1272 83 47 23;
1151 1272 80 40 aff.
1264 1273 110 40 Dec.
1403 1273 82 46 21;
1516 1273 41 39 A
1586 1272 170 47 88811;
1792 1272 44 41 S.
1867 1272 163 49 Ervin,
2062 1274 137 49 Bala,
2230 1275 83 40 Pa.

397 1329 222 50 (36-494)

313 1435 192 64 Frick,
538 1435 161 56 Otto.

385 1511 1925 69 Baukonstruktionslehre, von prof. Otto Frick … und prof.
312 1589 1974 132 Karl Knöll … 2. t. Mit 311 abbildungen im text. 12., neubearb.
538 1666 128 54 aufl.
742 1667 241 68 Leipzig
1018 1668 116 52 und
1174 1666 217 68 Berlin,
1429 1669 66 52 B.
1533 1667 68 55 G.
1640 1668 278 65 Teubner,
1957 1671 150 50 1935.

383 1743 81 47 vii,
496 1741 90 40 232
613 1752 41 37 p.
717 1741 142 47 illus.,
890 1740 178 47 diagrs.
1130 1740 55 40 23½
1218 1741 44 22 cm
1268 1771 9 9 .

386 1799 71 41 On
487 1809 144 30 cover;
684 1798 251 40 Teubners.
959 1798 60 39 H.
1049 1797 52 41 T.
1132 1798 47 38 L.
1210 1796 239 41 biicherei.
1512 1797 75 41 bd.
1615 1797 70 41 38.

311 1852 1678 53 © Jan. 1, 1935; 1c. June 5; A-Foreign 28126; B. G. Teubner.
314 1960 137 66 Fry,
479 1959 256 66 Samuel,
760 1960 73 66 jr.

384 2036 197 52 Better
616 2034 221 69 bridge,
871 2054 30 34 a
938 2035 314 53 discussion
1290 2033 64 53 of
1389 2034 234 53 modern
1660 2039 255 49 contract
1954 2035 198 69 bridge
311 2033 1978 150 bidding,
497 2114 75 69 by

602 2112 231 56 Samuel
859 2113 137 69 Fry,
1022 2113 72 69 jr.
1158 2113 140 53 New
1325 2112 180 70 York,
1531 2111 232 55 Leisure
1791 2113 198 69 league
2017 2112 66 54 of
313 2112 1974 147 America,
443 2196 151 50 1935.

388 2266 1918 52 2 p. l., 7-109 p. 20½ cm . (Half-title; Leisure league little book. no. 19)
384 2322 579 49 Bibliography; p. 1 09.
315 2378 52 53 ©
401 2384 109 39 Dec.
543 2382 39 48 9,
616 2381 113 41 1935;
791 2382 68 40 2c.
891 2382 95 40 and
1020 2380 82 41 aff.
1136 2381 111 39 Dec.
1282 2380 54 39 10;
1400 2381 40 38 A
1473 2379 147 41 89789;
1682 2381 44 40 S.
1762 2381 110 48 Fry,
1907 2381 75 48 jr.,
2017 2382 119 40 New
2167 2382 145 40 York.

395 2439 220 49 (36-477)

319 2528 321 69 [Gaglione,
671 2528 192 66 Philip]
918 2532 171 50 1900-

386 2607 264 53 Barbers’
687 2605 367 70 psychology,
1090 2605 60 53 in
1188 2605 179 67 brief;
1406 2607 97 54 the
1539 2611 253 49 contents
1831 2606 64 54 of
1930 2605 114 54 this
2081 2606 145 54 book
2263 2608 48 52 is

315 2685 92 52 the
438 2685 154 52 voice
624 2684 64 53 of
717 2684 95 53 the
841 2684 228 52 barbers
1101 2682 113 54 and
1246 2684 95 53 for
1371 2685 96 51 the
1497 2684 449 68 enlightenment
1978 2685 112 51 and

313 2703 1973 126 reconstruction of the barbering profession … [New York, 1935]
383 2835 105 49 xiii,
515 2834 86 41 230
627 2846 44 38 p.
726 2834 128 41 illus.
909 2833 55 41 21
967 2835 45 22 cm
1016 2865 9 9 .

385 2891 73 41 On
486 2902 141 31 cover;
686 2890 73 49 By
787 2890 160 50 Philip
975 2890 201 42 Galileo.

316 2946 52 53 ©
395 2951 117 39 Nov.
544 2950 68 47 11,
644 2947 113 41 1935;
815 2947 67 41 2c.
913 2948 119 41 Nov.
1063 2949 55 38 14;
1179 2947 82 41 aff.
1292 2948 118 41 Nov.
1442 2947 59 39 22,;
1558 2949 41 38 A
1630 2947 142 42 89690;
1833 2950 48 38 P.
1917 2949 245 49 Gaglione,
2193 2951 119 39 New

386 3008 141 39 York.
609 3003 221 51 (36-449)

315 3094 384 66 Gongaware,
732 3097 227 62 George
988 3097 201 64 Jonas,
1224 3100 170 49 1866-
1607 3114 177 49 comp.

383 3172 120 52 The
539 3171 220 68 history
798 3171 63 53 of
898 3173 93 52 the
1031 3170 246 55 German
1320 3171 252 70 friendly
1611 3172 206 68 society
1856 3172 64 53 of
1959 3172 350 70 Charleston,

315 3248 182 54 South
531 3248 283 68 Carolina,
851 3247 324 68 1766-1916,
1210 3248 275 69 compiled
1522 3248 149 53 from
1704 3250 245 68 original
1983 3268 218 36 sources
2236 3250 72 70 by

314 3324 1970 73 George J. Gongaware … Richmond, Garrett & Massie [ c 1935]
446 3396 1169 49 xv p., 1 l., 226 p. pl., ports., facsims. 23½ cm .
385 3452 1872 54 “Complete list of the members of the German friendly society …
313 3509 234 48 January,
580 3509 127 48 1766,
737 3511 51 38 to
815 3509 234 48 January,
1081 3510 143 40 1935”;
1285 3521 42 38 p.
1357 3510 217 42 206-219.

314 3564 52 53 ©
400 3570 111 39 Dec.
545 3569 69 46 10,
647 3568 140 47 1935;
823 3569 66 40 2c.
924 3570 111 39 Dec.
1069 3568 82 44 21;
1189 3569 81 40 aff.
1307 3570 110 39 Dec.
1452 3570 55 39 20;
1572 3571 41 38 A
1645 3571 142 40 88808;
1854 3571 209 40 German
2093 3572 214 47 friendly

388 3636 107 37 sec.,
530 3626 104 47 inc.,
669 3626 301 46 Charleston,
1008 3626 45 40 S.
1088 3626 50 40 G.
1210 3625 221 47 (36-342)

314 3712 286 69 Goolrick,
627 3716 154 53 John
809 3716 309 65 Taquette,
1149 3720 168 50 1879-

386 3790 484 70 Fredericksburg
910 3796 112 51 and
1064 3793 96 53 the
1203 3795 264 53 Cavalier
1510 3802 256 59 country,
1808 3796 308 52 America’s
2157 3803 146 45 most

315 3865 230 55 historic
579 3870 237 68 section;
855 3869 73 54 its
961 3872 190 52 homes;
1213 3873 73 51 its
1324 3872 198 67 people
1558 3873 109 52 and
1704 3891 302 48 romances,
2041 3874 74 67 by
2146 3874 156 54 John

313 3943 1580 75 T. Goolrick. Richmond, Garrett & Massie [ c 1935]
