<alto xmlns="http://www.loc.gov/standards/alto/ns-v3#" xmlns:xsi="http://www.w3.org/2001/XMLSchema-instance" xsi:schemaLocation="http://www.loc.gov/standards/alto/ns-v3# http://www.loc.gov/alto/v3/alto-3-0.xsd"><Description>
<MeasurementUnit>pixel</MeasurementUnit>
<sourceImageInformation>
<fileName>1935_v32_Part1.pdf</fileName>
</sourceImageInformation>
<OCRProcessing ID="IdOcr">
<ocrProcessingStep>
<processingDateTime>2019-01-15</processingDateTime>
<processingSoftware>
<softwareCreator>ABBYY</softwareCreator>
<softwareName>ABBYY Recognition Server</softwareName>
<softwareVersion>4.0</softwareVersion>
</processingSoftware>
</ocrProcessingStep>
</OCRProcessing>
</Description>
<Styles>
<ParagraphStyle ALIGN="Left" FIRSTLINE="0." ID="StyleId-FFFFFFFF-FFFF-FFFF-FFFF-FFFFFFFFFFFF-" LEFT="0." RIGHT="0." />
<ParagraphStyle ALIGN="Left" FIRSTLINE="0." ID="StyleId-09A13A44-4F77-4ABE-84F3-84CC8B3C72CE-" LEFT="0." LINESPACE="7.699999809" RIGHT="0." />
<ParagraphStyle ALIGN="Left" FIRSTLINE="-10." ID="StyleId-1F945060-F8CD-4435-B69A-5FF49DB0C586-" LEFT="0." LINESPACE="12.19999981" RIGHT="0." />
<ParagraphStyle ALIGN="Block" FIRSTLINE="-14." ID="StyleId-C6CAE747-F5A4-4D0D-8D74-D452DA7E2C1C-" LEFT="0." LINESPACE="8.350000381" RIGHT="0." />
<ParagraphStyle ALIGN="Left" FIRSTLINE="0." ID="StyleId-FC0F3374-189A-459E-BE29-2DC14180F022-" LEFT="0." RIGHT="0." />
<ParagraphStyle ALIGN="Left" FIRSTLINE="-12." ID="StyleId-49397C49-A894-4B3E-BA5E-1126226BA375-" LEFT="0." LINESPACE="11.09000015" RIGHT="0." />
<ParagraphStyle ALIGN="Block" FIRSTLINE="-14." ID="StyleId-9E34DD3A-E661-48BD-A3A1-6A3D48346F00-" LEFT="0." LINESPACE="11.09000015" RIGHT="0." />
<ParagraphStyle ALIGN="Left" FIRSTLINE="0." ID="StyleId-56CE54AA-A08B-4BAA-8605-F26020A0E36E-" LEFT="0." LINESPACE="9.399999619" RIGHT="0." />
<ParagraphStyle ALIGN="Left" FIRSTLINE="-11." ID="StyleId-77814FFC-C42F-4AA9-9880-EF33B947DEC8-" LEFT="0." LINESPACE="11.06999969" RIGHT="0." />
<ParagraphStyle ALIGN="Center" FIRSTLINE="0." ID="StyleId-FDE92EC0-67DC-4C7B-8A24-094B12C38B6C-" LEFT="0." LINESPACE="11.30000019" RIGHT="0." />
<ParagraphStyle ALIGN="Left" FIRSTLINE="0." ID="StyleId-65180E3B-4C93-4FB8-81EE-E026DD63DBF3-" LEFT="0." LINESPACE="11.10000038" RIGHT="0." />
<ParagraphStyle ALIGN="Left" FIRSTLINE="0." ID="StyleId-10E885C2-5813-4620-B0AA-0FBA30CF7A32-" LEFT="0." LINESPACE="9.5" RIGHT="0." />
<ParagraphStyle ALIGN="Left" FIRSTLINE="0." ID="StyleId-913C2DB5-9F02-4067-BAF7-0AED37B60BBE-" LEFT="0." LINESPACE="6.099999905" RIGHT="0." />
<ParagraphStyle ALIGN="Left" FIRSTLINE="0." ID="StyleId-9C79A9D2-8F08-4A8F-985D-B00E253ED1E5-" LEFT="0." LINESPACE="4.400000095" RIGHT="0." />
<ParagraphStyle ALIGN="Left" FIRSTLINE="0." ID="StyleId-A41F0407-FEFE-4738-9EC5-E05AFFF62781-" LEFT="0." LINESPACE="7.300000191" RIGHT="0." />
<ParagraphStyle ALIGN="Left" FIRSTLINE="0." ID="StyleId-61D37176-94E8-408D-9B87-01C406CE8AB2-" LEFT="0." LINESPACE="8.050000191" RIGHT="0." />
</Styles>
<Layout>
<Page HEIGHT="4375" ID="Page765" PHYSICAL_IMG_NR="765" WIDTH="2424">
<TopMargin HEIGHT="350" HPOS="0" VPOS="0" WIDTH="2424">
</TopMargin>
<LeftMargin HEIGHT="3621" HPOS="0" VPOS="350" WIDTH="65">
</LeftMargin>
<RightMargin HEIGHT="3621" HPOS="2134" VPOS="350" WIDTH="290">
</RightMargin>
<BottomMargin HEIGHT="404" HPOS="0" VPOS="3971" WIDTH="2424">
<TextBlock HEIGHT="89" HPOS="823" ID="Page765_Block1" LANG="en-US" STYLEREFS="StyleId-A8BEA59C-E901-4594-AA88-B1D6D7CF06EF-" VPOS="3971" WIDTH="467">
<TextLine HEIGHT="56" HPOS="1054" VPOS="3976" WIDTH="101">
<String CONTENT="765" HEIGHT="56" HPOS="1054" VPOS="3976" WIDTH="101" />
</TextLine>
</TextBlock>
<GraphicalElement HEIGHT="404" HPOS="0" ID="Page765_Block2" VPOS="3971" WIDTH="32" />
<GraphicalElement HEIGHT="263" HPOS="30" ID="Page765_Block3" VPOS="3971" WIDTH="16" />
</BottomMargin>
<PrintSpace HEIGHT="3621" HPOS="65" VPOS="350" WIDTH="2069">
<TextBlock CS="1" HEIGHT="3621" HPOS="65" ID="Page765_Block4" LANG="en-US" STYLEREFS="StyleId-779E6561-3BAC-4291-9905-4896BAFD7E67-" VPOS="350" WIDTH="2069">
<TextLine HEIGHT="65" HPOS="112" STYLEREFS="StyleId-080DBAFF-D9C4-4205-B4D2-EC25885BCADE-" VPOS="361" WIDTH="930">
<String CONTENT="Drago," HEIGHT="63" HPOS="112" VPOS="363" WIDTH="211" />
<SP HEIGHT="60" HPOS="324" VPOS="364" WIDTH="26" />
<String CONTENT="Harry" HEIGHT="62" HPOS="351" VPOS="364" WIDTH="200" />
<SP HEIGHT="62" HPOS="552" VPOS="364" WIDTH="24" />
<String CONTENT="Sinclair," HEIGHT="62" HPOS="577" VPOS="361" WIDTH="265" />
<SP HEIGHT="55" HPOS="843" VPOS="368" WIDTH="28" />
<String CONTENT="1888-" HEIGHT="49" HPOS="872" VPOS="367" WIDTH="170" />
</TextLine>
<TextLine HEIGHT="70" HPOS="183" STYLEREFS="StyleId-B3BF98F3-074E-4C23-8D99-8860F7E7CF70-" VPOS="438" WIDTH="1914">
<String CONTENT="Montana" HEIGHT="53" HPOS="183" VPOS="441" WIDTH="272" />
<SP HEIGHT="33" HPOS="456" VPOS="460" WIDTH="40" />
<String CONTENT="road," HEIGHT="67" HPOS="497" VPOS="441" WIDTH="156" />
<SP HEIGHT="68" HPOS="654" VPOS="440" WIDTH="34" />
<String CONTENT="by" HEIGHT="68" HPOS="689" VPOS="440" WIDTH="77" />
<SP HEIGHT="68" HPOS="767" VPOS="440" WIDTH="31" />
<String CONTENT="Harry" HEIGHT="68" HPOS="799" VPOS="440" WIDTH="199" />
<SP HEIGHT="70" HPOS="999" VPOS="438" WIDTH="38" />
<String CONTENT="Sinclair" HEIGHT="57" HPOS="1038" VPOS="438" WIDTH="248" />
<SP HEIGHT="51" HPOS="1287" VPOS="441" WIDTH="33" />
<String CONTENT="Drago." HEIGHT="66" HPOS="1321" VPOS="441" WIDTH="214" />
<SP HEIGHT="53" HPOS="1536" VPOS="439" WIDTH="72" />
<String CONTENT="New" HEIGHT="53" HPOS="1609" VPOS="439" WIDTH="138" />
<SP HEIGHT="53" HPOS="1748" VPOS="438" WIDTH="40" />
<String CONTENT="York," HEIGHT="67" HPOS="1789" VPOS="438" WIDTH="180" />
<SP HEIGHT="65" HPOS="1970" VPOS="440" WIDTH="37" />
<String CONTENT="W." HEIGHT="53" HPOS="2008" VPOS="440" WIDTH="89" />
</TextLine>
<TextLine HEIGHT="66" HPOS="115" STYLEREFS="StyleId-B3BF98F3-074E-4C23-8D99-8860F7E7CF70-" VPOS="519" WIDTH="824">
<String CONTENT="Morrow" HEIGHT="51" HPOS="115" VPOS="519" WIDTH="244" />
<SP HEIGHT="50" HPOS="360" VPOS="520" WIDTH="27" />
<String CONTENT="&amp;" HEIGHT="50" HPOS="388" VPOS="520" WIDTH="46" />
<SP HEIGHT="51" HPOS="435" VPOS="520" WIDTH="26" />
<String CONTENT="company," HEIGHT="49" HPOS="462" VPOS="536" WIDTH="298" />
<SP HEIGHT="64" HPOS="761" VPOS="521" WIDTH="26" />
<String CONTENT="1935." HEIGHT="49" HPOS="788" VPOS="521" WIDTH="151" />
</TextLine>
<TextLine CS="1" HEIGHT="49" HPOS="179" STYLEREFS="StyleId-B3BF98F3-074E-4C23-8D99-8860F7E7CF70-" VPOS="602" WIDTH="446">
<String CONTENT="vi," HEIGHT="44" HPOS="179" VPOS="605" WIDTH="59" />
<SP HEIGHT="44" HPOS="239" VPOS="605" WIDTH="26" />
<String CONTENT="306" HEIGHT="40" HPOS="266" VPOS="604" WIDTH="87" />
<SP HEIGHT="47" HPOS="354" VPOS="604" WIDTH="22" />
<String CONTENT="p." HEIGHT="37" HPOS="377" VPOS="614" WIDTH="41" />
<SP HEIGHT="39" HPOS="419" VPOS="603" WIDTH="60" />
<String CONTENT="19&#189;cm." CS="1" HEIGHT="42" HPOS="480" VPOS="602" WIDTH="145" />
</TextLine>
<TextLine CS="1" HEIGHT="53" HPOS="113" VPOS="671" WIDTH="1984">
<String CONTENT="&#169;" HEIGHT="52" HPOS="113" VPOS="672" WIDTH="50" />
<SP HEIGHT="52" HPOS="164" VPOS="672" WIDTH="20" />
<String CONTENT="June" HEIGHT="39" HPOS="185" VPOS="676" WIDTH="126" />
<SP HEIGHT="39" HPOS="312" VPOS="676" WIDTH="20" />
<String CONTENT="12," HEIGHT="45" HPOS="333" VPOS="675" WIDTH="69" />
<SP HEIGHT="44" HPOS="403" VPOS="676" WIDTH="23" />
<String CONTENT="1935;" CS="1" HEIGHT="41" HPOS="427" VPOS="674" WIDTH="113" />
<SP HEIGHT="46" HPOS="568" VPOS="675" WIDTH="22" />
<String CONTENT="2c." HEIGHT="39" HPOS="591" VPOS="675" WIDTH="67" />
<SP HEIGHT="39" HPOS="659" VPOS="675" WIDTH="25" />
<String CONTENT="June" HEIGHT="39" HPOS="685" VPOS="675" WIDTH="127" />
<SP HEIGHT="40" HPOS="813" VPOS="674" WIDTH="20" />
<String CONTENT="18;" HEIGHT="46" HPOS="834" VPOS="674" WIDTH="81" />
<SP HEIGHT="36" HPOS="916" VPOS="684" WIDTH="26" />
<String CONTENT="aff." HEIGHT="41" HPOS="943" VPOS="672" WIDTH="81" />
<SP HEIGHT="40" HPOS="1025" VPOS="673" WIDTH="24" />
<String CONTENT="June" HEIGHT="41" HPOS="1050" VPOS="673" WIDTH="126" />
<SP HEIGHT="39" HPOS="1177" VPOS="675" WIDTH="23" />
<String CONTENT="19;" CS="1" HEIGHT="40" HPOS="1201" VPOS="672" WIDTH="55" />
<SP HEIGHT="46" HPOS="1284" VPOS="673" WIDTH="25" />
<String CONTENT="A" HEIGHT="38" HPOS="1310" VPOS="673" WIDTH="42" />
<SP HEIGHT="40" HPOS="1353" VPOS="673" WIDTH="20" />
<String CONTENT="84309;" HEIGHT="47" HPOS="1374" VPOS="672" WIDTH="169" />
<SP HEIGHT="46" HPOS="1544" VPOS="673" WIDTH="27" />
<String CONTENT="H." HEIGHT="39" HPOS="1572" LANG="fi" VPOS="673" WIDTH="60" />
<SP HEIGHT="41" HPOS="1633" VPOS="672" WIDTH="26" />
<String CONTENT="S." HEIGHT="41" HPOS="1660" VPOS="672" WIDTH="43" />
<SP HEIGHT="38" HPOS="1704" VPOS="673" WIDTH="25" />
<String CONTENT="Drago," HEIGHT="47" HPOS="1730" VPOS="673" WIDTH="178" />
<SP HEIGHT="46" HPOS="1909" VPOS="673" WIDTH="25" />
<String CONTENT="White" HEIGHT="43" HPOS="1935" VPOS="671" WIDTH="162" />
</TextLine>
<TextLine HEIGHT="49" HPOS="181" VPOS="730" WIDTH="657">
<String CONTENT="Plains," HEIGHT="47" HPOS="181" VPOS="731" WIDTH="178" />
<SP HEIGHT="46" HPOS="360" VPOS="732" WIDTH="24" />
<String CONTENT="N." HEIGHT="39" HPOS="385" LANG="fi" VPOS="732" WIDTH="55" />
<SP HEIGHT="39" HPOS="441" VPOS="732" WIDTH="24" />
<String CONTENT="Y." HEIGHT="39" HPOS="466" VPOS="732" WIDTH="52" />
<SP HEIGHT="48" HPOS="519" VPOS="731" WIDTH="70" />
<String CONTENT="(35-8410)" HEIGHT="49" HPOS="590" VPOS="730" WIDTH="248" />
</TextLine>
<TextLine CS="1" HEIGHT="63" HPOS="116" STYLEREFS="StyleId-080DBAFF-D9C4-4205-B4D2-EC25885BCADE-" VPOS="836" WIDTH="495">
<String CONTENT="Dubard," CS="1" HEIGHT="63" HPOS="116" VPOS="836" WIDTH="253" />
<SP HEIGHT="63" HPOS="370" VPOS="836" WIDTH="22" />
<String CONTENT="Pierre." HEIGHT="55" HPOS="393" VPOS="836" WIDTH="218" />
</TextLine>
<TextLine CS="1" HEIGHT="70" HPOS="275" STYLEREFS="StyleId-B3BF98F3-074E-4C23-8D99-8860F7E7CF70-" VPOS="909" WIDTH="1822">
<String CONTENT="&#8230;" CS="1" LANG="en-US" />
<SP />
<String CONTENT="Derri&#232;re" HEIGHT="53" HPOS="275" LANG="fr" VPOS="912" WIDTH="263" />
<SP HEIGHT="51" HPOS="539" VPOS="914" WIDTH="27" />
<String CONTENT="la" HEIGHT="50" HPOS="567" LANG="fr" VPOS="914" WIDTH="55" />
<SP HEIGHT="51" HPOS="623" VPOS="913" WIDTH="26" />
<String CONTENT="banquise;" CS="1" HEIGHT="67" HPOS="650" LANG="fr" VPOS="912" WIDTH="269" />
<SP HEIGHT="66" HPOS="947" VPOS="912" WIDTH="32" />
<String CONTENT="le" HEIGHT="52" HPOS="980" LANG="fr" VPOS="912" WIDTH="50" />
<SP HEIGHT="33" HPOS="1031" VPOS="931" WIDTH="26" />
<String CONTENT="voyage" HEIGHT="50" HPOS="1058" LANG="en-US" VPOS="929" WIDTH="215" />
<SP HEIGHT="54" HPOS="1274" VPOS="911" WIDTH="29" />
<String CONTENT="du" HEIGHT="52" HPOS="1304" LANG="fr" VPOS="911" WIDTH="76" />
<SP HEIGHT="53" HPOS="1381" VPOS="910" WIDTH="28" />
<String CONTENT="&#8220;Pollux&#8221;" HEIGHT="53" HPOS="1410" LANG="en-US" VPOS="910" WIDTH="278" />
<SP HEIGHT="53" HPOS="1689" VPOS="910" WIDTH="30" />
<String CONTENT="au" HEIGHT="34" HPOS="1720" LANG="fr" VPOS="929" WIDTH="69" />
<SP HEIGHT="55" HPOS="1790" VPOS="910" WIDTH="33" />
<String CONTENT="Scoresby" HEIGHT="70" HPOS="1824" LANG="en-US" VPOS="909" WIDTH="273" />
</TextLine>
<TextLine HEIGHT="71" HPOS="113" STYLEREFS="StyleId-B3BF98F3-074E-4C23-8D99-8860F7E7CF70-" VPOS="986" WIDTH="1984">
<String CONTENT="sund," HEIGHT="66" HPOS="113" LANG="en-US" VPOS="991" WIDTH="159" />
<SP HEIGHT="67" HPOS="273" VPOS="990" WIDTH="56" />
<String CONTENT="le" HEIGHT="52" HPOS="330" LANG="fr" VPOS="990" WIDTH="49" />
<SP HEIGHT="53" HPOS="380" VPOS="989" WIDTH="55" />
<String CONTENT="Mission" HEIGHT="55" HPOS="436" LANG="en-US" VPOS="988" WIDTH="238" />
<SP HEIGHT="49" HPOS="675" VPOS="1008" WIDTH="58" />
<String CONTENT="polaire" HEIGHT="68" HPOS="734" LANG="fr" VPOS="989" WIDTH="215" />
<SP HEIGHT="52" HPOS="950" VPOS="989" WIDTH="60" />
<String CONTENT="fran&#231;aise," HEIGHT="66" HPOS="1011" LANG="fr" VPOS="989" WIDTH="299" />
<SP HEIGHT="62" HPOS="1311" VPOS="993" WIDTH="60" />
<String CONTENT="1932-1933." HEIGHT="51" HPOS="1372" LANG="en-US" VPOS="990" WIDTH="323" />
<SP HEIGHT="51" HPOS="1696" VPOS="990" WIDTH="76" />
<String CONTENT="Paris," HEIGHT="68" HPOS="1773" LANG="en-US" VPOS="986" WIDTH="186" />
<SP HEIGHT="65" HPOS="1960" VPOS="989" WIDTH="53" />
<String CONTENT="La" HEIGHT="51" HPOS="2014" LANG="en-US" VPOS="989" WIDTH="83" />
</TextLine>
<TextLine CS="1" HEIGHT="55" HPOS="114" LANG="fr" STYLEREFS="StyleId-B3BF98F3-074E-4C23-8D99-8860F7E7CF70-" VPOS="1067" WIDTH="805">
<String CONTENT="Nouvelle" HEIGHT="53" HPOS="114" VPOS="1069" WIDTH="268" />
<SP HEIGHT="34" HPOS="383" VPOS="1088" WIDTH="29" />
<String CONTENT="soci&#233;t&#233;" HEIGHT="53" HPOS="413" VPOS="1068" WIDTH="200" />
<SP HEIGHT="52" HPOS="614" VPOS="1068" WIDTH="30" />
<String CONTENT="d&#8217;&#233;dition" HEIGHT="53" HPOS="645" VPOS="1067" WIDTH="274" />
<SP />
<String CONTENT="[c1933]" CS="1" />
</TextLine>
<TextLine CS="1" HEIGHT="50" HPOS="179" VPOS="1155" WIDTH="896">
<String CONTENT="4" HEIGHT="38" HPOS="179" VPOS="1156" WIDTH="28" />
<SP HEIGHT="47" HPOS="208" VPOS="1156" WIDTH="25" />
<String CONTENT="p." HEIGHT="36" HPOS="234" LANG="fr" VPOS="1167" WIDTH="41" />
<SP />
<String CONTENT="l.," CS="1" LANG="fr" />
<SP HEIGHT="30" HPOS="348" VPOS="1175" WIDTH="28" />
<String CONTENT="[11]-256" CS="1" HEIGHT="50" HPOS="377" VPOS="1155" WIDTH="204" />
<SP HEIGHT="48" HPOS="582" VPOS="1155" WIDTH="23" />
<String CONTENT="p." HEIGHT="38" HPOS="606" VPOS="1165" WIDTH="43" />
<SP HEIGHT="37" HPOS="650" VPOS="1166" WIDTH="54" />
<String CONTENT="plates." HEIGHT="47" HPOS="705" VPOS="1156" WIDTH="169" />
<SP HEIGHT="40" HPOS="875" VPOS="1155" WIDTH="54" />
<String CONTENT="18&#189;cm." CS="1" HEIGHT="40" HPOS="930" VPOS="1155" WIDTH="145" />
</TextLine>
<TextLine HEIGHT="50" HPOS="182" VPOS="1223" WIDTH="1917">
<String CONTENT="French" HEIGHT="39" HPOS="182" VPOS="1226" WIDTH="184" />
<SP HEIGHT="38" HPOS="367" VPOS="1226" WIDTH="27" />
<String CONTENT="expedition" HEIGHT="48" HPOS="395" VPOS="1225" WIDTH="277" />
<SP HEIGHT="37" HPOS="673" VPOS="1228" WIDTH="25" />
<String CONTENT="to" HEIGHT="37" HPOS="699" VPOS="1228" WIDTH="49" />
<SP HEIGHT="39" HPOS="749" VPOS="1226" WIDTH="30" />
<String CONTENT="Scoresby" HEIGHT="48" HPOS="780" VPOS="1225" WIDTH="230" />
<SP HEIGHT="37" HPOS="1011" VPOS="1236" WIDTH="29" />
<String CONTENT="sound," HEIGHT="46" HPOS="1041" VPOS="1225" WIDTH="167" />
<SP HEIGHT="34" HPOS="1209" VPOS="1237" WIDTH="29" />
<String CONTENT="one" HEIGHT="31" HPOS="1239" VPOS="1234" WIDTH="90" />
<SP HEIGHT="29" HPOS="1330" VPOS="1236" WIDTH="24" />
<String CONTENT="of" HEIGHT="40" HPOS="1355" VPOS="1225" WIDTH="52" />
<SP HEIGHT="39" HPOS="1408" VPOS="1225" WIDTH="27" />
<String CONTENT="the" HEIGHT="39" HPOS="1436" VPOS="1225" WIDTH="82" />
<SP HEIGHT="29" HPOS="1519" VPOS="1235" WIDTH="27" />
<String CONTENT="stations" HEIGHT="41" HPOS="1547" VPOS="1224" WIDTH="209" />
<SP HEIGHT="29" HPOS="1757" VPOS="1236" WIDTH="26" />
<String CONTENT="selected" HEIGHT="40" HPOS="1784" VPOS="1225" WIDTH="208" />
<SP HEIGHT="41" HPOS="1993" VPOS="1223" WIDTH="27" />
<String CONTENT="for" HEIGHT="40" HPOS="2021" VPOS="1223" WIDTH="78" />
</TextLine>
<TextLine HEIGHT="50" HPOS="116" VPOS="1280" WIDTH="1982">
<String CONTENT="meteorological" HEIGHT="48" HPOS="116" VPOS="1282" WIDTH="379" />
<SP HEIGHT="37" HPOS="496" VPOS="1284" WIDTH="30" />
<String CONTENT="observations," HEIGHT="41" HPOS="527" VPOS="1280" WIDTH="341" />
<SP HEIGHT="39" HPOS="869" VPOS="1282" WIDTH="20" />
<String CONTENT="in" HEIGHT="39" HPOS="890" VPOS="1282" WIDTH="49" />
<SP HEIGHT="28" HPOS="940" VPOS="1293" WIDTH="29" />
<String CONTENT="connection" HEIGHT="41" HPOS="970" VPOS="1280" WIDTH="281" />
<SP HEIGHT="27" HPOS="1252" VPOS="1293" WIDTH="33" />
<String CONTENT="with" HEIGHT="40" HPOS="1286" VPOS="1281" WIDTH="118" />
<SP HEIGHT="38" HPOS="1405" VPOS="1283" WIDTH="31" />
<String CONTENT="the" HEIGHT="39" HPOS="1437" VPOS="1282" WIDTH="81" />
<SP HEIGHT="29" HPOS="1519" VPOS="1292" WIDTH="31" />
<String CONTENT="work" HEIGHT="38" HPOS="1551" VPOS="1283" WIDTH="132" />
<SP HEIGHT="38" HPOS="1684" VPOS="1283" WIDTH="32" />
<String CONTENT="of" HEIGHT="39" HPOS="1717" VPOS="1282" WIDTH="52" />
<SP HEIGHT="40" HPOS="1770" VPOS="1282" WIDTH="34" />
<String CONTENT="the" HEIGHT="39" HPOS="1805" VPOS="1283" WIDTH="77" />
<SP HEIGHT="40" HPOS="1883" VPOS="1282" WIDTH="33" />
<String CONTENT="Second" HEIGHT="40" HPOS="1917" VPOS="1282" WIDTH="181" />
</TextLine>
<TextLine HEIGHT="48" HPOS="121" VPOS="1339" WIDTH="1037">
<String CONTENT="International" HEIGHT="40" HPOS="121" VPOS="1339" WIDTH="344" />
<SP HEIGHT="47" HPOS="466" VPOS="1339" WIDTH="26" />
<String CONTENT="polar" HEIGHT="46" HPOS="493" VPOS="1340" WIDTH="137" />
<SP HEIGHT="38" HPOS="631" VPOS="1349" WIDTH="24" />
<String CONTENT="year." HEIGHT="37" HPOS="656" VPOS="1350" WIDTH="129" />
<SP HEIGHT="29" HPOS="786" VPOS="1349" WIDTH="54" />
<String CONTENT="cf." HEIGHT="47" HPOS="841" VPOS="1339" WIDTH="59" />
<SP HEIGHT="37" HPOS="901" VPOS="1350" WIDTH="26" />
<String CONTENT="p." HEIGHT="37" HPOS="928" VPOS="1350" WIDTH="42" />
<SP HEIGHT="39" HPOS="971" VPOS="1339" WIDTH="28" />
<String CONTENT="14-18." HEIGHT="40" HPOS="1000" VPOS="1339" WIDTH="158" />
</TextLine>
<TextLine CS="1" HEIGHT="52" HPOS="115" VPOS="1407" WIDTH="1985">
<String CONTENT="&#169;" HEIGHT="52" HPOS="115" LANG="en-US" VPOS="1407" WIDTH="50" />
<SP HEIGHT="52" HPOS="166" VPOS="1407" WIDTH="27" />
<String CONTENT="Nov." HEIGHT="38" HPOS="194" LANG="en-US" VPOS="1411" WIDTH="115" />
<SP HEIGHT="40" HPOS="310" VPOS="1409" WIDTH="27" />
<String CONTENT="20," HEIGHT="47" HPOS="338" LANG="en-US" VPOS="1409" WIDTH="70" />
<SP HEIGHT="45" HPOS="409" VPOS="1411" WIDTH="27" />
<String CONTENT="1933;" HEIGHT="41" HPOS="437" LANG="en-US" VPOS="1410" WIDTH="139" />
<SP />
<String CONTENT="1c." CS="1" LANG="en-US" />
<SP />
<String CONTENT="Jan." HEIGHT="39" HPOS="705" LANG="en-US" VPOS="1410" WIDTH="107" />
<SP HEIGHT="38" HPOS="813" VPOS="1410" WIDTH="29" />
<String CONTENT="23," HEIGHT="46" HPOS="843" LANG="en-US" VPOS="1410" WIDTH="68" />
<SP HEIGHT="45" HPOS="912" VPOS="1411" WIDTH="30" />
<String CONTENT="1934;" HEIGHT="48" HPOS="943" LANG="en-US" VPOS="1408" WIDTH="140" />
<SP HEIGHT="46" HPOS="1084" VPOS="1410" WIDTH="30" />
<String CONTENT="A-Foreign" HEIGHT="47" HPOS="1115" LANG="en-US" VPOS="1409" WIDTH="310" />
<SP HEIGHT="39" HPOS="1426" VPOS="1408" WIDTH="27" />
<String CONTENT="23497;" HEIGHT="47" HPOS="1454" LANG="en-US" VPOS="1408" WIDTH="171" />
<SP HEIGHT="46" HPOS="1626" VPOS="1409" WIDTH="31" />
<String CONTENT="Nouvelle" HEIGHT="39" HPOS="1658" LANG="fr" VPOS="1409" WIDTH="233" />
<SP HEIGHT="28" HPOS="1892" VPOS="1420" WIDTH="27" />
<String CONTENT="soci&#233;t&#233;" HEIGHT="41" HPOS="1920" LANG="fr" VPOS="1407" WIDTH="180" />
</TextLine>
<TextLine HEIGHT="49" HPOS="184" VPOS="1466" WIDTH="561">
<String CONTENT="d'&#233;dition." HEIGHT="40" HPOS="184" LANG="fr" VPOS="1466" WIDTH="240" />
<SP HEIGHT="48" HPOS="425" VPOS="1466" WIDTH="70" />
<String CONTENT="(35-8210)" HEIGHT="49" HPOS="496" LANG="en-US" VPOS="1466" WIDTH="249" />
</TextLine>
<TextLine HEIGHT="64" HPOS="118" STYLEREFS="StyleId-080DBAFF-D9C4-4205-B4D2-EC25885BCADE-" VPOS="1570" WIDTH="990">
<String CONTENT="Financial" HEIGHT="53" HPOS="118" VPOS="1570" WIDTH="290" />
<SP HEIGHT="63" HPOS="409" VPOS="1571" WIDTH="28" />
<String CONTENT="publishing" HEIGHT="64" HPOS="438" VPOS="1570" WIDTH="341" />
<SP HEIGHT="47" HPOS="780" VPOS="1587" WIDTH="24" />
<String CONTENT="company." HEIGHT="48" HPOS="805" VPOS="1586" WIDTH="303" />
</TextLine>
<TextLine HEIGHT="69" HPOS="181" STYLEREFS="StyleId-B3BF98F3-074E-4C23-8D99-8860F7E7CF70-" VPOS="1644" WIDTH="1917">
<String CONTENT="Municipal" HEIGHT="68" HPOS="181" VPOS="1645" WIDTH="316" />
<SP HEIGHT="53" HPOS="498" VPOS="1647" WIDTH="33" />
<String CONTENT="odd" HEIGHT="55" HPOS="532" VPOS="1645" WIDTH="114" />
<SP HEIGHT="53" HPOS="647" VPOS="1646" WIDTH="32" />
<String CONTENT="rate" HEIGHT="48" HPOS="680" VPOS="1652" WIDTH="121" />
<SP HEIGHT="53" HPOS="802" VPOS="1647" WIDTH="33" />
<String CONTENT="bond" HEIGHT="54" HPOS="836" VPOS="1645" WIDTH="149" />
<SP HEIGHT="53" HPOS="986" VPOS="1645" WIDTH="35" />
<String CONTENT="values" HEIGHT="52" HPOS="1022" VPOS="1647" WIDTH="192" />
<SP HEIGHT="46" HPOS="1215" VPOS="1653" WIDTH="33" />
<String CONTENT="tables." HEIGHT="53" HPOS="1249" VPOS="1646" WIDTH="194" />
<SP HEIGHT="49" HPOS="1444" VPOS="1648" WIDTH="69" />
<String CONTENT="2d" HEIGHT="52" HPOS="1514" VPOS="1645" WIDTH="73" />
<SP HEIGHT="52" HPOS="1588" VPOS="1645" WIDTH="34" />
<String CONTENT="ed." HEIGHT="53" HPOS="1623" VPOS="1645" WIDTH="84" />
<SP HEIGHT="55" HPOS="1708" VPOS="1645" WIDTH="64" />
<String CONTENT="Sponsored" HEIGHT="68" HPOS="1773" VPOS="1644" WIDTH="325" />
</TextLine>
<TextLine CS="1" HEIGHT="145" HPOS="116" STYLEREFS="StyleId-B3BF98F3-074E-4C23-8D99-8860F7E7CF70-" VPOS="1723" WIDTH="1980">
<String CONTENT="by" HEIGHT="65" HPOS="117" VPOS="1724" WIDTH="68" />
<SP HEIGHT="65" HPOS="186" VPOS="1724" WIDTH="27" />
<String CONTENT="Joseph" HEIGHT="66" HPOS="214" VPOS="1724" WIDTH="214" />
<SP HEIGHT="51" HPOS="429" VPOS="1724" WIDTH="26" />
<String CONTENT="E." HEIGHT="52" HPOS="456" VPOS="1724" WIDTH="70" />
<SP HEIGHT="55" HPOS="527" VPOS="1723" WIDTH="30" />
<String CONTENT="Chambers" HEIGHT="55" HPOS="558" VPOS="1723" WIDTH="310" />
<SP />
<String CONTENT="&#8230;" CS="1" />
<SP HEIGHT="33" HPOS="958" VPOS="1743" WIDTH="36" />
<String CONTENT="computed" HEIGHT="66" HPOS="995" VPOS="1724" WIDTH="298" />
<SP HEIGHT="52" HPOS="1294" VPOS="1724" WIDTH="30" />
<String CONTENT="and" HEIGHT="52" HPOS="1325" VPOS="1724" WIDTH="113" />
<SP HEIGHT="52" HPOS="1439" VPOS="1724" WIDTH="30" />
<String CONTENT="compiled" HEIGHT="66" HPOS="1470" VPOS="1723" WIDTH="279" />
<SP HEIGHT="52" HPOS="1750" VPOS="1723" WIDTH="29" />
<String CONTENT="by" HEIGHT="65" HPOS="1780" VPOS="1724" WIDTH="75" />
<SP HEIGHT="65" HPOS="1856" VPOS="1724" WIDTH="28" />
<String CONTENT="Financial" HEIGHT="131" HPOS="116" VPOS="1723" WIDTH="1958" />
<SP HEIGHT="63" HPOS="220" VPOS="1804" WIDTH="45" />
<String CONTENT="publishing" HEIGHT="67" HPOS="266" VPOS="1801" WIDTH="332" />
<SP HEIGHT="49" HPOS="599" VPOS="1819" WIDTH="45" />
<String CONTENT="company," HEIGHT="49" HPOS="645" VPOS="1819" WIDTH="294" />
<SP HEIGHT="65" HPOS="940" VPOS="1802" WIDTH="45" />
<String CONTENT="Boston," HEIGHT="63" HPOS="986" VPOS="1802" WIDTH="233" />
<SP HEIGHT="65" HPOS="1220" VPOS="1800" WIDTH="43" />
<String CONTENT="Mass." HEIGHT="53" HPOS="1264" VPOS="1800" WIDTH="171" />
<SP HEIGHT="51" HPOS="1436" VPOS="1802" WIDTH="80" />
<String CONTENT="Boston," HEIGHT="63" HPOS="1517" VPOS="1802" WIDTH="233" />
<SP HEIGHT="64" HPOS="1751" VPOS="1801" WIDTH="46" />
<String CONTENT="Financial" HEIGHT="52" HPOS="1798" VPOS="1801" WIDTH="298" />
</TextLine>
<TextLine CS="1" HEIGHT="67" HPOS="118" STYLEREFS="StyleId-B3BF98F3-074E-4C23-8D99-8860F7E7CF70-" VPOS="1878" WIDTH="860">
<String CONTENT="publishing" HEIGHT="66" HPOS="118" VPOS="1878" WIDTH="324" />
<SP HEIGHT="47" HPOS="443" VPOS="1897" WIDTH="39" />
<String CONTENT="company" HEIGHT="48" HPOS="483" VPOS="1897" WIDTH="280" />
<SP HEIGHT="48" HPOS="764" VPOS="1897" WIDTH="41" />
<String CONTENT="[c1935]" CS="1" HEIGHT="64" HPOS="806" VPOS="1881" WIDTH="172" />
</TextLine>
<TextLine CS="1" HEIGHT="51" HPOS="198" STYLEREFS="StyleId-B3BF98F3-074E-4C23-8D99-8860F7E7CF70-" VPOS="1961" WIDTH="377">
<String CONTENT="[892]" CS="1" HEIGHT="50" HPOS="198" VPOS="1962" WIDTH="98" />
<SP HEIGHT="38" HPOS="297" VPOS="1974" WIDTH="29" />
<String CONTENT="p." HEIGHT="38" HPOS="327" VPOS="1974" WIDTH="44" />
<SP HEIGHT="42" HPOS="372" VPOS="1961" WIDTH="57" />
<String CONTENT="2l&#189;cm." CS="1" HEIGHT="43" HPOS="430" VPOS="1961" WIDTH="145" />
</TextLine>
<TextLine CS="1" HEIGHT="53" HPOS="117" VPOS="2030" WIDTH="1722">
<String CONTENT="&#169;" HEIGHT="52" HPOS="117" VPOS="2030" WIDTH="50" />
<SP HEIGHT="52" HPOS="168" VPOS="2030" WIDTH="20" />
<String CONTENT="June" HEIGHT="39" HPOS="189" VPOS="2035" WIDTH="126" />
<SP HEIGHT="39" HPOS="316" VPOS="2035" WIDTH="15" />
<String CONTENT="3," HEIGHT="46" HPOS="332" VPOS="2035" WIDTH="41" />
<SP />
<String CONTENT="1935;" HEIGHT="49" HPOS="395" VPOS="2032" WIDTH="139" />
<SP HEIGHT="48" HPOS="535" VPOS="2033" WIDTH="22" />
<String CONTENT="2c." HEIGHT="41" HPOS="558" VPOS="2033" WIDTH="67" />
<SP HEIGHT="29" HPOS="626" VPOS="2045" WIDTH="23" />
<String CONTENT="and" HEIGHT="39" HPOS="650" VPOS="2035" WIDTH="94" />
<SP HEIGHT="39" HPOS="745" VPOS="2035" WIDTH="22" />
<String CONTENT="aff." HEIGHT="40" HPOS="768" VPOS="2034" WIDTH="82" />
<SP HEIGHT="39" HPOS="851" VPOS="2035" WIDTH="22" />
<String CONTENT="June" HEIGHT="39" HPOS="874" VPOS="2035" WIDTH="126" />
<SP HEIGHT="39" HPOS="1001" VPOS="2035" WIDTH="21" />
<String CONTENT="6;" CS="1" HEIGHT="39" HPOS="1023" VPOS="2035" WIDTH="24" />
<SP HEIGHT="46" HPOS="1076" VPOS="2035" WIDTH="24" />
<String CONTENT="A" HEIGHT="38" HPOS="1101" VPOS="2035" WIDTH="40" />
<SP HEIGHT="39" HPOS="1142" VPOS="2035" WIDTH="22" />
<String CONTENT="83502;" CS="1" HEIGHT="40" HPOS="1165" VPOS="2034" WIDTH="142" />
<SP HEIGHT="46" HPOS="1334" VPOS="2035" WIDTH="26" />
<String CONTENT="Financial" HEIGHT="41" HPOS="1361" VPOS="2034" WIDTH="254" />
<SP HEIGHT="47" HPOS="1616" VPOS="2036" WIDTH="22" />
<String CONTENT="pub." HEIGHT="47" HPOS="1639" VPOS="2036" WIDTH="108" />
<SP HEIGHT="28" HPOS="1748" VPOS="2047" WIDTH="23" />
<String CONTENT="co." HEIGHT="29" HPOS="1772" VPOS="2046" WIDTH="67" />
</TextLine>
<TextLine HEIGHT="49" HPOS="196" VPOS="2090" WIDTH="245">
<String CONTENT="(35-8419)" HEIGHT="49" HPOS="196" VPOS="2090" WIDTH="245" />
</TextLine>
<TextLine HEIGHT="64" HPOS="119" STYLEREFS="StyleId-080DBAFF-D9C4-4205-B4D2-EC25885BCADE-" VPOS="2195" WIDTH="550">
<String CONTENT="Floherty," HEIGHT="64" HPOS="119" VPOS="2195" WIDTH="291" />
<SP HEIGHT="61" HPOS="411" VPOS="2197" WIDTH="24" />
<String CONTENT="John" HEIGHT="53" HPOS="436" VPOS="2196" WIDTH="154" />
<SP HEIGHT="53" HPOS="591" VPOS="2196" WIDTH="24" />
<String CONTENT="J." HEIGHT="53" HPOS="616" VPOS="2196" WIDTH="53" />
</TextLine>
<TextLine HEIGHT="68" HPOS="183" STYLEREFS="StyleId-B3BF98F3-074E-4C23-8D99-8860F7E7CF70-" VPOS="2272" WIDTH="1914">
<String CONTENT="Guardsmen" HEIGHT="54" HPOS="183" VPOS="2272" WIDTH="354" />
<SP HEIGHT="34" HPOS="538" VPOS="2291" WIDTH="24" />
<String CONTENT="of" HEIGHT="53" HPOS="563" VPOS="2272" WIDTH="63" />
<SP HEIGHT="52" HPOS="627" VPOS="2272" WIDTH="24" />
<String CONTENT="the" HEIGHT="52" HPOS="652" VPOS="2273" WIDTH="95" />
<SP HEIGHT="33" HPOS="748" VPOS="2292" WIDTH="24" />
<String CONTENT="coast," HEIGHT="62" HPOS="773" VPOS="2277" WIDTH="168" />
<SP HEIGHT="66" HPOS="942" VPOS="2273" WIDTH="26" />
<String CONTENT="by" HEIGHT="66" HPOS="969" VPOS="2273" WIDTH="74" />
<SP HEIGHT="66" HPOS="1044" VPOS="2273" WIDTH="21" />
<String CONTENT="John" HEIGHT="54" HPOS="1066" VPOS="2273" WIDTH="157" />
<SP HEIGHT="54" HPOS="1224" VPOS="2273" WIDTH="23" />
<String CONTENT="J." HEIGHT="54" HPOS="1248" VPOS="2273" WIDTH="56" />
<SP HEIGHT="52" HPOS="1305" VPOS="2274" WIDTH="26" />
<String CONTENT="Floherty." HEIGHT="64" HPOS="1332" VPOS="2273" WIDTH="291" />
<SP HEIGHT="54" HPOS="1624" VPOS="2273" WIDTH="61" />
<String CONTENT="Garden" HEIGHT="54" HPOS="1686" VPOS="2273" WIDTH="229" />
<SP HEIGHT="54" HPOS="1916" VPOS="2274" WIDTH="27" />
<String CONTENT="City," HEIGHT="66" HPOS="1944" VPOS="2274" WIDTH="153" />
</TextLine>
<TextLine HEIGHT="68" HPOS="119" STYLEREFS="StyleId-B3BF98F3-074E-4C23-8D99-8860F7E7CF70-" VPOS="2348" WIDTH="1567">
<String CONTENT="N." HEIGHT="52" HPOS="119" LANG="fi" VPOS="2348" WIDTH="64" />
<SP HEIGHT="52" HPOS="184" VPOS="2349" WIDTH="35" />
<String CONTENT="Y.," HEIGHT="66" HPOS="220" VPOS="2349" WIDTH="87" />
<SP HEIGHT="65" HPOS="308" VPOS="2350" WIDTH="34" />
<String CONTENT="Doubleday," HEIGHT="67" HPOS="343" VPOS="2349" WIDTH="355" />
<SP HEIGHT="66" HPOS="699" VPOS="2350" WIDTH="33" />
<String CONTENT="Doran" HEIGHT="52" HPOS="733" VPOS="2350" WIDTH="199" />
<SP HEIGHT="50" HPOS="933" VPOS="2353" WIDTH="29" />
<String CONTENT="&amp;" HEIGHT="50" HPOS="963" VPOS="2353" WIDTH="46" />
<SP HEIGHT="50" HPOS="1010" VPOS="2353" WIDTH="31" />
<String CONTENT="company," HEIGHT="48" HPOS="1042" VPOS="2368" WIDTH="295" />
<SP HEIGHT="65" HPOS="1338" VPOS="2350" WIDTH="35" />
<String CONTENT="inc.," HEIGHT="64" HPOS="1374" VPOS="2350" WIDTH="125" />
<SP HEIGHT="59" HPOS="1500" VPOS="2355" WIDTH="34" />
<String CONTENT="1935." HEIGHT="50" HPOS="1535" VPOS="2353" WIDTH="151" />
</TextLine>
<TextLine CS="1" HEIGHT="49" HPOS="183" VPOS="2434" WIDTH="991">
<String CONTENT="4" HEIGHT="39" HPOS="183" VPOS="2434" WIDTH="27" />
<SP HEIGHT="48" HPOS="211" VPOS="2434" WIDTH="20" />
<String CONTENT="p." HEIGHT="37" HPOS="232" LANG="fr" VPOS="2445" WIDTH="42" />
<SP />
<String CONTENT="l.," CS="1" LANG="fr" />
<SP HEIGHT="47" HPOS="346" VPOS="2435" WIDTH="25" />
<String CONTENT="100" HEIGHT="41" HPOS="372" VPOS="2434" WIDTH="86" />
<SP HEIGHT="49" HPOS="459" VPOS="2434" WIDTH="22" />
<String CONTENT="p." HEIGHT="38" HPOS="482" VPOS="2445" WIDTH="42" />
<SP HEIGHT="41" HPOS="525" VPOS="2434" WIDTH="25" />
<String CONTENT="incl." HEIGHT="42" HPOS="551" VPOS="2434" WIDTH="109" />
<SP HEIGHT="41" HPOS="661" VPOS="2435" WIDTH="23" />
<String CONTENT="front.," HEIGHT="47" HPOS="685" VPOS="2435" WIDTH="164" />
<SP HEIGHT="46" HPOS="850" VPOS="2436" WIDTH="23" />
<String CONTENT="illus." HEIGHT="41" HPOS="874" VPOS="2435" WIDTH="126" />
<SP HEIGHT="41" HPOS="1001" VPOS="2434" WIDTH="26" />
<String CONTENT="25&#189;cm." CS="1" HEIGHT="42" HPOS="1028" VPOS="2434" WIDTH="146" />
</TextLine>
<TextLine HEIGHT="50" HPOS="185" VPOS="2503" WIDTH="681">
<String CONTENT="Illustrated" HEIGHT="42" HPOS="185" VPOS="2503" WIDTH="283" />
<SP HEIGHT="39" HPOS="469" VPOS="2506" WIDTH="35" />
<String CONTENT="lining-papers." HEIGHT="48" HPOS="505" VPOS="2505" WIDTH="361" />
</TextLine>
<TextLine HEIGHT="41" HPOS="186" VPOS="2561" WIDTH="414">
<String CONTENT="&#8220;First" HEIGHT="41" HPOS="186" VPOS="2561" WIDTH="158" />
<SP HEIGHT="38" HPOS="345" VPOS="2564" WIDTH="29" />
<String CONTENT="edition.&#8221;" HEIGHT="41" HPOS="375" VPOS="2561" WIDTH="225" />
</TextLine>
<TextLine CS="1" HEIGHT="110" HPOS="121" VPOS="2627" WIDTH="1960">
<String CONTENT="&#169;" HEIGHT="53" HPOS="121" VPOS="2627" WIDTH="49" />
<SP HEIGHT="53" HPOS="171" VPOS="2627" WIDTH="20" />
<String CONTENT="June" HEIGHT="39" HPOS="192" VPOS="2633" WIDTH="123" />
<SP HEIGHT="37" HPOS="316" VPOS="2635" WIDTH="21" />
<String CONTENT="1," HEIGHT="45" HPOS="338" VPOS="2635" WIDTH="38" />
<SP HEIGHT="45" HPOS="377" VPOS="2635" WIDTH="24" />
<String CONTENT="1935;" HEIGHT="48" HPOS="402" VPOS="2631" WIDTH="139" />
<SP HEIGHT="47" HPOS="542" VPOS="2632" WIDTH="24" />
<String CONTENT="2c." HEIGHT="40" HPOS="567" VPOS="2632" WIDTH="65" />
<SP HEIGHT="34" HPOS="633" VPOS="2638" WIDTH="25" />
<String CONTENT="and" HEIGHT="38" HPOS="659" VPOS="2634" WIDTH="94" />
<SP HEIGHT="38" HPOS="754" VPOS="2634" WIDTH="24" />
<String CONTENT="aff." HEIGHT="40" HPOS="779" VPOS="2632" WIDTH="82" />
<SP HEIGHT="39" HPOS="862" VPOS="2633" WIDTH="23" />
<String CONTENT="June" HEIGHT="39" HPOS="886" VPOS="2633" WIDTH="126" />
<SP HEIGHT="38" HPOS="1013" VPOS="2634" WIDTH="22" />
<String CONTENT="7;" HEIGHT="45" HPOS="1036" VPOS="2634" WIDTH="52" />
<SP HEIGHT="46" HPOS="1089" VPOS="2633" WIDTH="30" />
<String CONTENT="A" HEIGHT="38" HPOS="1120" VPOS="2633" WIDTH="35" />
<SP HEIGHT="40" HPOS="1156" VPOS="2633" WIDTH="25" />
<String CONTENT="84167" HEIGHT="40" HPOS="1182" VPOS="2633" WIDTH="145" />
<SP HEIGHT="40" HPOS="1328" VPOS="2634" WIDTH="13" />
<String CONTENT=":" HEIGHT="30" HPOS="1342" VPOS="2644" WIDTH="8" />
<SP HEIGHT="40" HPOS="1351" VPOS="2634" WIDTH="27" />
<String CONTENT="J." HEIGHT="39" HPOS="1379" VPOS="2634" WIDTH="41" />
<SP HEIGHT="39" HPOS="1421" VPOS="2634" WIDTH="25" />
<String CONTENT="J." HEIGHT="39" HPOS="1447" VPOS="2634" WIDTH="43" />
<SP HEIGHT="38" HPOS="1491" VPOS="2634" WIDTH="26" />
<String CONTENT="Flohertv," HEIGHT="48" HPOS="1518" VPOS="2633" WIDTH="244" />
<SP HEIGHT="46" HPOS="1763" VPOS="2635" WIDTH="25" />
<String CONTENT="Port" HEIGHT="40" HPOS="1789" VPOS="2635" WIDTH="116" />
<SP HEIGHT="40" HPOS="1906" VPOS="2635" WIDTH="26" />
<String CONTENT="Washington," HEIGHT="102" HPOS="186" VPOS="2635" WIDTH="1895" />
<SP HEIGHT="45" HPOS="364" VPOS="2690" WIDTH="24" />
<String CONTENT="L." HEIGHT="40" HPOS="389" VPOS="2690" WIDTH="49" />
<SP HEIGHT="39" HPOS="439" VPOS="2691" WIDTH="24" />
<String CONTENT="I.," HEIGHT="45" HPOS="464" VPOS="2691" WIDTH="52" />
<SP HEIGHT="46" HPOS="517" VPOS="2690" WIDTH="23" />
<String CONTENT="N." HEIGHT="39" HPOS="541" LANG="fi" VPOS="2690" WIDTH="56" />
<SP HEIGHT="39" HPOS="598" VPOS="2690" WIDTH="24" />
<String CONTENT="Y." HEIGHT="38" HPOS="623" VPOS="2690" WIDTH="52" />
<SP HEIGHT="47" HPOS="676" VPOS="2689" WIDTH="69" />
<String CONTENT="(35-8424)" HEIGHT="47" HPOS="746" VPOS="2689" WIDTH="249" />
</TextLine>
<TextLine HEIGHT="67" HPOS="120" STYLEREFS="StyleId-080DBAFF-D9C4-4205-B4D2-EC25885BCADE-" VPOS="2789" WIDTH="901">
<String CONTENT="Ford," HEIGHT="65" HPOS="120" VPOS="2789" WIDTH="164" />
<SP HEIGHT="63" HPOS="285" VPOS="2791" WIDTH="26" />
<String CONTENT="Joe" HEIGHT="53" HPOS="312" VPOS="2791" WIDTH="103" />
<SP HEIGHT="51" HPOS="416" VPOS="2793" WIDTH="26" />
<String CONTENT="Henry," HEIGHT="63" HPOS="443" VPOS="2793" WIDTH="223" />
<SP HEIGHT="58" HPOS="667" VPOS="2798" WIDTH="31" />
<String CONTENT="1915-1934." HEIGHT="49" HPOS="699" VPOS="2797" WIDTH="322" />
</TextLine>
<TextLine CS="1" HEIGHT="70" HPOS="190" STYLEREFS="StyleId-B3BF98F3-074E-4C23-8D99-8860F7E7CF70-" VPOS="2867" WIDTH="1909">
<String CONTENT="These" HEIGHT="52" HPOS="190" VPOS="2867" WIDTH="175" />
<SP HEIGHT="33" HPOS="366" VPOS="2886" WIDTH="28" />
<String CONTENT="are" HEIGHT="35" HPOS="395" VPOS="2886" WIDTH="92" />
<SP HEIGHT="46" HPOS="488" VPOS="2875" WIDTH="30" />
<String CONTENT="the" HEIGHT="53" HPOS="519" VPOS="2868" WIDTH="95" />
<SP HEIGHT="52" HPOS="615" VPOS="2869" WIDTH="31" />
<String CONTENT="dreams," HEIGHT="66" HPOS="647" VPOS="2869" WIDTH="237" />
<SP HEIGHT="67" HPOS="885" VPOS="2868" WIDTH="32" />
<String CONTENT="by" HEIGHT="69" HPOS="918" VPOS="2868" WIDTH="74" />
<SP HEIGHT="69" HPOS="993" VPOS="2868" WIDTH="30" />
<String CONTENT="Joe" HEIGHT="55" HPOS="1024" VPOS="2868" WIDTH="104" />
<SP HEIGHT="54" HPOS="1129" VPOS="2869" WIDTH="31" />
<String CONTENT="H." HEIGHT="51" HPOS="1161" VPOS="2869" WIDTH="75" />
<SP HEIGHT="50" HPOS="1237" VPOS="2870" WIDTH="36" />
<String CONTENT="Ford," HEIGHT="69" HPOS="1274" VPOS="2868" WIDTH="171" />
<SP HEIGHT="69" HPOS="1446" VPOS="2868" WIDTH="31" />
<String CONTENT="jr.;" CS="1" HEIGHT="68" HPOS="1478" VPOS="2868" WIDTH="69" />
<SP HEIGHT="66" HPOS="1579" VPOS="2868" WIDTH="35" />
<String CONTENT="illustrations" HEIGHT="54" HPOS="1615" VPOS="2868" WIDTH="376" />
<SP HEIGHT="52" HPOS="1992" VPOS="2870" WIDTH="32" />
<String CONTENT="by" HEIGHT="67" HPOS="2025" VPOS="2870" WIDTH="74" />
</TextLine>
<TextLine HEIGHT="71" HPOS="126" STYLEREFS="StyleId-B3BF98F3-074E-4C23-8D99-8860F7E7CF70-" VPOS="2943" WIDTH="1338">
<String CONTENT="William" HEIGHT="54" HPOS="126" VPOS="2943" WIDTH="246" />
<SP HEIGHT="53" HPOS="373" VPOS="2946" WIDTH="31" />
<String CONTENT="J." HEIGHT="53" HPOS="405" VPOS="2946" WIDTH="54" />
<SP HEIGHT="54" HPOS="460" VPOS="2945" WIDTH="32" />
<String CONTENT="Server." HEIGHT="54" HPOS="493" VPOS="2945" WIDTH="218" />
<SP HEIGHT="53" HPOS="712" VPOS="2946" WIDTH="71" />
<String CONTENT="Lexington," HEIGHT="68" HPOS="784" VPOS="2946" WIDTH="338" />
<SP HEIGHT="68" HPOS="1123" VPOS="2946" WIDTH="33" />
<String CONTENT="Va.," HEIGHT="66" HPOS="1157" LANG="fr" VPOS="2946" WIDTH="122" />
<SP HEIGHT="63" HPOS="1280" VPOS="2949" WIDTH="34" />
<String CONTENT="1935." HEIGHT="49" HPOS="1315" VPOS="2949" WIDTH="149" />
</TextLine>
<TextLine CS="1" HEIGHT="50" HPOS="189" VPOS="3028" WIDTH="672">
<String CONTENT="58" HEIGHT="40" HPOS="189" VPOS="3028" WIDTH="54" />
<SP HEIGHT="48" HPOS="244" VPOS="3028" WIDTH="26" />
<String CONTENT="p." HEIGHT="37" HPOS="271" VPOS="3039" WIDTH="42" />
<SP HEIGHT="40" HPOS="314" VPOS="3030" WIDTH="31" />
<String CONTENT="incl." HEIGHT="41" HPOS="346" VPOS="3030" WIDTH="108" />
<SP HEIGHT="37" HPOS="455" VPOS="3041" WIDTH="32" />
<String CONTENT="plates." HEIGHT="46" HPOS="488" VPOS="3032" WIDTH="169" />
<SP HEIGHT="39" HPOS="658" VPOS="3031" WIDTH="58" />
<String CONTENT="20&#189;cm." CS="1" HEIGHT="40" HPOS="717" VPOS="3031" WIDTH="144" />
</TextLine>
<TextLine HEIGHT="42" HPOS="193" VPOS="3099" WIDTH="178">
<String CONTENT="Poems." HEIGHT="42" HPOS="193" VPOS="3099" WIDTH="178" />
</TextLine>
<TextLine HEIGHT="50" HPOS="191" VPOS="3156" WIDTH="941">
<String CONTENT="Biographical" HEIGHT="49" HPOS="191" VPOS="3156" WIDTH="338" />
<SP HEIGHT="38" HPOS="530" VPOS="3159" WIDTH="24" />
<String CONTENT="note" HEIGHT="37" HPOS="555" VPOS="3160" WIDTH="113" />
<SP HEIGHT="48" HPOS="669" VPOS="3158" WIDTH="36" />
<String CONTENT="(1" HEIGHT="48" HPOS="706" VPOS="3158" WIDTH="48" />
<SP HEIGHT="39" HPOS="755" VPOS="3158" WIDTH="26" />
<String CONTENT="leaf)" HEIGHT="48" HPOS="782" VPOS="3158" WIDTH="125" />
<SP HEIGHT="47" HPOS="908" VPOS="3159" WIDTH="32" />
<String CONTENT="laid" HEIGHT="39" HPOS="941" VPOS="3160" WIDTH="102" />
<SP HEIGHT="39" HPOS="1044" VPOS="3160" WIDTH="24" />
<String CONTENT="in." HEIGHT="40" HPOS="1069" VPOS="3160" WIDTH="63" />
</TextLine>
<TextLine HEIGHT="59" HPOS="124" VPOS="3224" WIDTH="1973">
<String CONTENT="&#169;" HEIGHT="52" HPOS="124" VPOS="3224" WIDTH="50" />
<SP HEIGHT="52" HPOS="175" VPOS="3224" WIDTH="32" />
<String CONTENT="May" HEIGHT="48" HPOS="208" VPOS="3230" WIDTH="108" />
<SP HEIGHT="46" HPOS="317" VPOS="3232" WIDTH="33" />
<String CONTENT="15," HEIGHT="46" HPOS="351" VPOS="3232" WIDTH="68" />
<SP HEIGHT="45" HPOS="420" VPOS="3233" WIDTH="33" />
<String CONTENT="1935;" HEIGHT="48" HPOS="454" VPOS="3231" WIDTH="139" />
<SP HEIGHT="47" HPOS="594" VPOS="3232" WIDTH="34" />
<String CONTENT="2c." HEIGHT="40" HPOS="629" VPOS="3232" WIDTH="68" />
<SP HEIGHT="29" HPOS="698" VPOS="3243" WIDTH="35" />
<String CONTENT="and" HEIGHT="39" HPOS="734" VPOS="3233" WIDTH="96" />
<SP HEIGHT="39" HPOS="831" VPOS="3233" WIDTH="33" />
<String CONTENT="aff." HEIGHT="39" HPOS="865" VPOS="3232" WIDTH="80" />
<SP HEIGHT="37" HPOS="946" VPOS="3234" WIDTH="37" />
<String CONTENT="May" HEIGHT="46" HPOS="984" VPOS="3234" WIDTH="112" />
<SP HEIGHT="48" HPOS="1097" VPOS="3232" WIDTH="33" />
<String CONTENT="29;" HEIGHT="46" HPOS="1131" VPOS="3232" WIDTH="82" />
<SP HEIGHT="44" HPOS="1214" VPOS="3234" WIDTH="36" />
<String CONTENT="A" HEIGHT="37" HPOS="1251" VPOS="3234" WIDTH="41" />
<SP HEIGHT="39" HPOS="1293" VPOS="3234" WIDTH="33" />
<String CONTENT="83384;" HEIGHT="46" HPOS="1327" VPOS="3233" WIDTH="169" />
<SP HEIGHT="45" HPOS="1497" VPOS="3234" WIDTH="38" />
<String CONTENT="Joseph" HEIGHT="49" HPOS="1536" VPOS="3234" WIDTH="179" />
<SP HEIGHT="37" HPOS="1716" VPOS="3236" WIDTH="36" />
<String CONTENT="Henry" HEIGHT="47" HPOS="1753" VPOS="3236" WIDTH="166" />
<SP HEIGHT="47" HPOS="1920" VPOS="3236" WIDTH="35" />
<String CONTENT="Ford," HEIGHT="46" HPOS="1956" VPOS="3236" WIDTH="141" />
</TextLine>
<TextLine HEIGHT="50" HPOS="190" VPOS="3286" WIDTH="708">
<String CONTENT="Houston," HEIGHT="50" HPOS="190" VPOS="3286" WIDTH="230" />
<SP HEIGHT="46" HPOS="421" VPOS="3290" WIDTH="23" />
<String CONTENT="Miss." HEIGHT="40" HPOS="445" VPOS="3289" WIDTH="133" />
<SP HEIGHT="48" HPOS="579" VPOS="3288" WIDTH="71" />
<String CONTENT="(35-8341)" HEIGHT="48" HPOS="651" VPOS="3288" WIDTH="247" />
</TextLine>
<TextLine HEIGHT="68" HPOS="125" STYLEREFS="StyleId-080DBAFF-D9C4-4205-B4D2-EC25885BCADE-" VPOS="3387" WIDTH="516">
<String CONTENT="Francis," HEIGHT="68" HPOS="125" VPOS="3387" WIDTH="251" />
<SP HEIGHT="62" HPOS="377" VPOS="3393" WIDTH="26" />
<String CONTENT="Robert." HEIGHT="54" HPOS="404" VPOS="3393" WIDTH="237" />
</TextLine>
<TextLine CS="1" HEIGHT="70" HPOS="290" STYLEREFS="StyleId-B3BF98F3-074E-4C23-8D99-8860F7E7CF70-" VPOS="3469" WIDTH="1806">
<String CONTENT="&#8230;" CS="1" />
<SP />
<String CONTENT="The" HEIGHT="53" HPOS="290" VPOS="3469" WIDTH="121" />
<SP HEIGHT="34" HPOS="412" VPOS="3488" WIDTH="32" />
<String CONTENT="wolf" HEIGHT="54" HPOS="445" VPOS="3469" WIDTH="141" />
<SP HEIGHT="54" HPOS="587" VPOS="3469" WIDTH="35" />
<String CONTENT="at" HEIGHT="47" HPOS="623" VPOS="3476" WIDTH="61" />
<SP HEIGHT="48" HPOS="685" VPOS="3476" WIDTH="32" />
<String CONTENT="the" HEIGHT="53" HPOS="718" VPOS="3471" WIDTH="97" />
<SP HEIGHT="53" HPOS="816" VPOS="3471" WIDTH="36" />
<String CONTENT="door," HEIGHT="65" HPOS="853" VPOS="3471" WIDTH="154" />
<SP HEIGHT="64" HPOS="1008" VPOS="3472" WIDTH="35" />
<String CONTENT="La" HEIGHT="51" HPOS="1044" VPOS="3472" WIDTH="84" />
<SP HEIGHT="55" HPOS="1129" VPOS="3470" WIDTH="39" />
<String CONTENT="Grange" HEIGHT="68" HPOS="1169" VPOS="3470" WIDTH="232" />
<SP HEIGHT="34" HPOS="1402" VPOS="3490" WIDTH="37" />
<String CONTENT="aux" HEIGHT="34" HPOS="1440" LANG="fr" VPOS="3490" WIDTH="110" />
<SP HEIGHT="47" HPOS="1551" VPOS="3477" WIDTH="38" />
<String CONTENT="trois" HEIGHT="53" HPOS="1590" LANG="fr" VPOS="3472" WIDTH="141" />
<SP HEIGHT="53" HPOS="1732" VPOS="3472" WIDTH="37" />
<String CONTENT="belles" HEIGHT="53" HPOS="1770" VPOS="3472" WIDTH="171" />
<SP HEIGHT="47" HPOS="1942" VPOS="3492" WIDTH="44" />
<String CONTENT="[by]" CS="1" HEIGHT="66" HPOS="2004" VPOS="3472" WIDTH="92" />
</TextLine>
<TextLine CS="1" HEIGHT="229" HPOS="128" STYLEREFS="StyleId-B3BF98F3-074E-4C23-8D99-8860F7E7CF70-" VPOS="3542" WIDTH="1946">
<String CONTENT="Robert" HEIGHT="56" HPOS="130" VPOS="3542" WIDTH="204" />
<SP HEIGHT="52" HPOS="335" VPOS="3546" WIDTH="28" />
<String CONTENT="Francis;" HEIGHT="68" HPOS="364" VPOS="3546" WIDTH="264" />
<SP HEIGHT="60" HPOS="629" VPOS="3554" WIDTH="34" />
<String CONTENT="translated" HEIGHT="53" HPOS="664" VPOS="3549" WIDTH="313" />
<SP HEIGHT="53" HPOS="978" VPOS="3549" WIDTH="31" />
<String CONTENT="by" HEIGHT="67" HPOS="1010" VPOS="3549" WIDTH="76" />
<SP HEIGHT="67" HPOS="1087" VPOS="3549" WIDTH="31" />
<String CONTENT="Fran&#231;oise" HEIGHT="66" HPOS="1119" LANG="fr" VPOS="3548" WIDTH="303" />
<SP HEIGHT="53" HPOS="1423" VPOS="3549" WIDTH="31" />
<String CONTENT="Delisle:" HEIGHT="55" HPOS="1455" VPOS="3549" WIDTH="241" />
<SP HEIGHT="36" HPOS="1697" VPOS="3568" WIDTH="35" />
<String CONTENT="with" HEIGHT="51" HPOS="1733" VPOS="3550" WIDTH="137" />
<SP HEIGHT="51" HPOS="1871" VPOS="3550" WIDTH="39" />
<String CONTENT="an" HEIGHT="35" HPOS="1911" VPOS="3568" WIDTH="68" />
<SP HEIGHT="52" HPOS="1980" VPOS="3551" WIDTH="39" />
<String CONTENT="introduction" HEIGHT="126" HPOS="130" VPOS="3551" WIDTH="1944" />
<SP HEIGHT="54" HPOS="447" VPOS="3624" WIDTH="19" />
<String CONTENT="by" HEIGHT="69" HPOS="467" VPOS="3624" WIDTH="75" />
<SP HEIGHT="68" HPOS="543" VPOS="3625" WIDTH="21" />
<String CONTENT="Havelock" HEIGHT="54" HPOS="565" VPOS="3625" WIDTH="295" />
<SP HEIGHT="52" HPOS="861" VPOS="3626" WIDTH="19" />
<String CONTENT="Ellis." HEIGHT="53" HPOS="881" VPOS="3626" WIDTH="164" />
<SP HEIGHT="51" HPOS="1046" VPOS="3628" WIDTH="73" />
<String CONTENT="Boston" HEIGHT="51" HPOS="1120" VPOS="3628" WIDTH="215" />
<SP HEIGHT="38" HPOS="1336" VPOS="3644" WIDTH="24" />
<String CONTENT="and" HEIGHT="54" HPOS="1361" VPOS="3628" WIDTH="110" />
<SP HEIGHT="53" HPOS="1472" VPOS="3627" WIDTH="23" />
<String CONTENT="New" HEIGHT="52" HPOS="1496" VPOS="3627" WIDTH="137" />
<SP HEIGHT="52" HPOS="1634" VPOS="3627" WIDTH="26" />
<String CONTENT="York," HEIGHT="67" HPOS="1661" VPOS="3627" WIDTH="179" />
<SP HEIGHT="66" HPOS="1841" VPOS="3628" WIDTH="18" />
<String CONTENT="Houghton" HEIGHT="122" HPOS="128" VPOS="3628" WIDTH="1944" />
<SP HEIGHT="53" HPOS="223" VPOS="3700" WIDTH="24" />
<String CONTENT="Mifflin" HEIGHT="56" HPOS="248" VPOS="3698" WIDTH="199" />
<SP HEIGHT="34" HPOS="448" VPOS="3721" WIDTH="24" />
<String CONTENT="company," HEIGHT="51" HPOS="473" VPOS="3720" WIDTH="296" />
<SP HEIGHT="65" HPOS="770" VPOS="3706" WIDTH="25" />
<String CONTENT="1935." HEIGHT="51" HPOS="796" VPOS="3706" WIDTH="151" />
</TextLine>
<TextLine CS="1" HEIGHT="53" HPOS="191" VPOS="3785" WIDTH="1900">
<String CONTENT="xvi," HEIGHT="45" HPOS="191" VPOS="3785" WIDTH="93" />
<SP HEIGHT="42" HPOS="285" VPOS="3788" WIDTH="23" />
<String CONTENT="470" HEIGHT="40" HPOS="309" VPOS="3787" WIDTH="87" />
<SP HEIGHT="46" HPOS="397" VPOS="3787" WIDTH="25" />
<String CONTENT="p." HEIGHT="35" HPOS="423" VPOS="3798" WIDTH="40" />
<SP HEIGHT="39" HPOS="464" VPOS="3788" WIDTH="59" />
<String CONTENT="21&#189;cm." CS="1" HEIGHT="39" HPOS="524" VPOS="3788" WIDTH="142" />
<SP HEIGHT="46" HPOS="667" VPOS="3789" WIDTH="69" />
<String CONTENT="(His" HEIGHT="46" HPOS="737" VPOS="3789" WIDTH="116" />
<SP HEIGHT="40" HPOS="854" VPOS="3790" WIDTH="27" />
<String CONTENT="Story" HEIGHT="47" HPOS="882" VPOS="3790" WIDTH="143" />
<SP HEIGHT="36" HPOS="1026" VPOS="3801" WIDTH="29" />
<String CONTENT="of" HEIGHT="38" HPOS="1056" VPOS="3791" WIDTH="51" />
<SP HEIGHT="39" HPOS="1108" VPOS="3791" WIDTH="27" />
<String CONTENT="a" HEIGHT="29" HPOS="1136" VPOS="3801" WIDTH="26" />
<SP HEIGHT="39" HPOS="1163" VPOS="3791" WIDTH="31" />
<String CONTENT="family" HEIGHT="47" HPOS="1195" VPOS="3790" WIDTH="174" />
<SP HEIGHT="36" HPOS="1370" VPOS="3801" WIDTH="27" />
<String CONTENT="under" HEIGHT="38" HPOS="1398" VPOS="3792" WIDTH="151" />
<SP HEIGHT="35" HPOS="1550" VPOS="3795" WIDTH="30" />
<String CONTENT="the" HEIGHT="39" HPOS="1581" VPOS="3791" WIDTH="82" />
<SP HEIGHT="37" HPOS="1664" VPOS="3793" WIDTH="26" />
<String CONTENT="third" HEIGHT="39" HPOS="1691" VPOS="3791" WIDTH="131" />
<SP HEIGHT="38" HPOS="1823" VPOS="3792" WIDTH="30" />
<String CONTENT="republic)" HEIGHT="48" HPOS="1854" VPOS="3790" WIDTH="237" />
</TextLine>
<TextLine HEIGHT="62" HPOS="128" VPOS="3845" WIDTH="1971">
<String CONTENT="&#169;" HEIGHT="53" HPOS="128" VPOS="3845" WIDTH="50" />
<SP HEIGHT="53" HPOS="179" VPOS="3845" WIDTH="26" />
<String CONTENT="June" HEIGHT="41" HPOS="206" VPOS="3852" WIDTH="125" />
<SP HEIGHT="37" HPOS="332" VPOS="3857" WIDTH="21" />
<String CONTENT="11," HEIGHT="45" HPOS="354" VPOS="3857" WIDTH="68" />
<SP HEIGHT="44" HPOS="423" VPOS="3858" WIDTH="29" />
<String CONTENT="1935;" HEIGHT="47" HPOS="453" VPOS="3856" WIDTH="137" />
<SP HEIGHT="45" HPOS="591" VPOS="3858" WIDTH="29" />
<String CONTENT="2c." HEIGHT="39" HPOS="621" VPOS="3858" WIDTH="66" />
<SP HEIGHT="39" HPOS="688" VPOS="3859" WIDTH="30" />
<String CONTENT="June" HEIGHT="39" HPOS="719" VPOS="3859" WIDTH="127" />
<SP HEIGHT="38" HPOS="847" VPOS="3860" WIDTH="24" />
<String CONTENT="15;" HEIGHT="45" HPOS="872" VPOS="3860" WIDTH="80" />
<SP HEIGHT="35" HPOS="953" VPOS="3870" WIDTH="31" />
<String CONTENT="aff." HEIGHT="39" HPOS="985" VPOS="3859" WIDTH="81" />
<SP HEIGHT="39" HPOS="1067" VPOS="3859" WIDTH="30" />
<String CONTENT="June" HEIGHT="39" HPOS="1098" VPOS="3859" WIDTH="126" />
<SP HEIGHT="39" HPOS="1225" VPOS="3859" WIDTH="26" />
<String CONTENT="14;" HEIGHT="47" HPOS="1252" VPOS="3859" WIDTH="82" />
<SP HEIGHT="46" HPOS="1335" VPOS="3860" WIDTH="31" />
<String CONTENT="A" HEIGHT="38" HPOS="1367" VPOS="3860" WIDTH="43" />
<SP HEIGHT="39" HPOS="1411" VPOS="3860" WIDTH="26" />
<String CONTENT="84266;" HEIGHT="48" HPOS="1438" VPOS="3857" WIDTH="169" />
<SP HEIGHT="45" HPOS="1608" VPOS="3860" WIDTH="32" />
<String CONTENT="Houghton" HEIGHT="47" HPOS="1641" VPOS="3860" WIDTH="261" />
<SP HEIGHT="37" HPOS="1903" VPOS="3861" WIDTH="29" />
<String CONTENT="Mifflin" HEIGHT="41" HPOS="1933" VPOS="3857" WIDTH="166" />
</TextLine>
<TextLine HEIGHT="50" HPOS="197" VPOS="3910" WIDTH="379">
<String CONTENT="co." HEIGHT="29" HPOS="197" VPOS="3919" WIDTH="63" />
<SP HEIGHT="48" HPOS="261" VPOS="3910" WIDTH="67" />
<String CONTENT="(35-8406)" HEIGHT="50" HPOS="329" VPOS="3910" WIDTH="247" />
</TextLine>
</TextBlock>
</PrintSpace>
</Page>
</Layout>
</alto>