<alto xmlns="http://www.loc.gov/standards/alto/ns-v3#" xmlns:xsi="http://www.w3.org/2001/XMLSchema-instance" xsi:schemaLocation="http://www.loc.gov/standards/alto/ns-v3# http://www.loc.gov/alto/v3/alto-3-0.xsd"><Description>
<MeasurementUnit>pixel</MeasurementUnit>
<sourceImageInformation>
<fileName>1935_v32_Part1.pdf</fileName>
</sourceImageInformation>
<OCRProcessing ID="IdOcr">
<ocrProcessingStep>
<processingDateTime>2019-01-15</processingDateTime>
<processingSoftware>
<softwareCreator>ABBYY</softwareCreator>
<softwareName>ABBYY Recognition Server</softwareName>
<softwareVersion>4.0</softwareVersion>
</processingSoftware>
</ocrProcessingStep>
</OCRProcessing>
</Description>
<Styles>
<ParagraphStyle ALIGN="Left" FIRSTLINE="0." ID="StyleId-FFFFFFFF-FFFF-FFFF-FFFF-FFFFFFFFFFFF-" LEFT="0." RIGHT="0." />
<ParagraphStyle ALIGN="Left" FIRSTLINE="0." ID="StyleId-09A13A44-4F77-4ABE-84F3-84CC8B3C72CE-" LEFT="0." LINESPACE="7.699999809" RIGHT="0." />
<ParagraphStyle ALIGN="Left" FIRSTLINE="-10." ID="StyleId-1F945060-F8CD-4435-B69A-5FF49DB0C586-" LEFT="0." LINESPACE="12.19999981" RIGHT="0." />
<ParagraphStyle ALIGN="Block" FIRSTLINE="-14." ID="StyleId-C6CAE747-F5A4-4D0D-8D74-D452DA7E2C1C-" LEFT="0." LINESPACE="8.350000381" RIGHT="0." />
<ParagraphStyle ALIGN="Left" FIRSTLINE="0." ID="StyleId-FC0F3374-189A-459E-BE29-2DC14180F022-" LEFT="0." RIGHT="0." />
<ParagraphStyle ALIGN="Left" FIRSTLINE="-12." ID="StyleId-49397C49-A894-4B3E-BA5E-1126226BA375-" LEFT="0." LINESPACE="11.09000015" RIGHT="0." />
<ParagraphStyle ALIGN="Block" FIRSTLINE="-14." ID="StyleId-9E34DD3A-E661-48BD-A3A1-6A3D48346F00-" LEFT="0." LINESPACE="11.09000015" RIGHT="0." />
<ParagraphStyle ALIGN="Left" FIRSTLINE="0." ID="StyleId-56CE54AA-A08B-4BAA-8605-F26020A0E36E-" LEFT="0." LINESPACE="9.399999619" RIGHT="0." />
<ParagraphStyle ALIGN="Left" FIRSTLINE="-11." ID="StyleId-77814FFC-C42F-4AA9-9880-EF33B947DEC8-" LEFT="0." LINESPACE="11.06999969" RIGHT="0." />
<ParagraphStyle ALIGN="Center" FIRSTLINE="0." ID="StyleId-FDE92EC0-67DC-4C7B-8A24-094B12C38B6C-" LEFT="0." LINESPACE="11.30000019" RIGHT="0." />
<ParagraphStyle ALIGN="Left" FIRSTLINE="0." ID="StyleId-65180E3B-4C93-4FB8-81EE-E026DD63DBF3-" LEFT="0." LINESPACE="11.10000038" RIGHT="0." />
<ParagraphStyle ALIGN="Left" FIRSTLINE="0." ID="StyleId-10E885C2-5813-4620-B0AA-0FBA30CF7A32-" LEFT="0." LINESPACE="9.5" RIGHT="0." />
<ParagraphStyle ALIGN="Left" FIRSTLINE="0." ID="StyleId-913C2DB5-9F02-4067-BAF7-0AED37B60BBE-" LEFT="0." LINESPACE="6.099999905" RIGHT="0." />
<ParagraphStyle ALIGN="Left" FIRSTLINE="0." ID="StyleId-9C79A9D2-8F08-4A8F-985D-B00E253ED1E5-" LEFT="0." LINESPACE="4.400000095" RIGHT="0." />
<ParagraphStyle ALIGN="Left" FIRSTLINE="0." ID="StyleId-A41F0407-FEFE-4738-9EC5-E05AFFF62781-" LEFT="0." LINESPACE="7.300000191" RIGHT="0." />
<ParagraphStyle ALIGN="Left" FIRSTLINE="0." ID="StyleId-61D37176-94E8-408D-9B87-01C406CE8AB2-" LEFT="0." LINESPACE="8.050000191" RIGHT="0." />
</Styles>
<Layout>
<Page HEIGHT="4375" ID="Page587" PHYSICAL_IMG_NR="587" WIDTH="2424">
<TopMargin HEIGHT="363" HPOS="0" VPOS="0" WIDTH="2424">
</TopMargin>
<LeftMargin HEIGHT="3689" HPOS="0" VPOS="363" WIDTH="91">
</LeftMargin>
<RightMargin HEIGHT="3689" HPOS="2116" VPOS="363" WIDTH="308">
</RightMargin>
<BottomMargin HEIGHT="323" HPOS="0" VPOS="4052" WIDTH="2424">
<TextBlock HEIGHT="86" HPOS="980" ID="Page587_Block1" LANG="en-US" STYLEREFS="StyleId-40560552-7C37-4E7F-818E-2E64CE390963-" VPOS="4052" WIDTH="229">
<TextLine HEIGHT="53" HPOS="1053" VPOS="4060" WIDTH="98">
<String CONTENT="587" HEIGHT="53" HPOS="1053" VPOS="4060" WIDTH="98" />
</TextLine>
</TextBlock>
<GraphicalElement HEIGHT="299" HPOS="0" ID="Page587_Block2" VPOS="4076" WIDTH="8" />
<GraphicalElement HEIGHT="156" HPOS="8" ID="Page587_Block3" VPOS="4052" WIDTH="16" />
</BottomMargin>
<PrintSpace HEIGHT="3689" HPOS="91" VPOS="363" WIDTH="2025">
<TextBlock CS="1" HEIGHT="3689" HPOS="91" ID="Page587_Block4" LANG="en-US" STYLEREFS="StyleId-51EEDDDB-AC47-473E-AA8E-9936210D8D61-" VPOS="363" WIDTH="2025">
<TextLine HEIGHT="71" HPOS="119" STYLEREFS="StyleId-738D4EED-8DEB-477D-A26F-2B926AE482C8-" VPOS="431" WIDTH="1330">
<String CONTENT="Clark," HEIGHT="67" HPOS="119" LANG="de" VPOS="431" WIDTH="191" />
<SP HEIGHT="63" HPOS="311" VPOS="435" WIDTH="32" />
<String CONTENT="Thomas" HEIGHT="54" HPOS="344" LANG="de" VPOS="434" WIDTH="256" />
<SP HEIGHT="54" HPOS="601" VPOS="435" WIDTH="32" />
<String CONTENT="Curtis," HEIGHT="67" HPOS="634" LANG="en-US" VPOS="433" WIDTH="219" />
<SP HEIGHT="61" HPOS="854" VPOS="439" WIDTH="35" />
<String CONTENT="1877-" HEIGHT="55" HPOS="890" LANG="de" VPOS="434" WIDTH="168" />
<SP HEIGHT="35" HPOS="1059" VPOS="452" WIDTH="210" />
<String CONTENT="comp." HEIGHT="50" HPOS="1270" LANG="de" VPOS="452" WIDTH="179" />
</TextLine>
<TextLine HEIGHT="70" HPOS="192" STYLEREFS="StyleId-311BE2B8-BED8-43CD-97BB-41CFB994C694-" VPOS="507" WIDTH="1910">
<String CONTENT="One" HEIGHT="55" HPOS="192" VPOS="508" WIDTH="122" />
<SP HEIGHT="54" HPOS="315" VPOS="509" WIDTH="25" />
<String CONTENT="hundred" HEIGHT="53" HPOS="341" VPOS="509" WIDTH="260" />
<SP HEIGHT="65" HPOS="602" VPOS="512" WIDTH="25" />
<String CONTENT="poems" HEIGHT="50" HPOS="628" VPOS="527" WIDTH="189" />
<SP HEIGHT="34" HPOS="818" VPOS="529" WIDTH="27" />
<String CONTENT="of" HEIGHT="52" HPOS="846" VPOS="509" WIDTH="61" />
<SP HEIGHT="53" HPOS="908" VPOS="508" WIDTH="27" />
<String CONTENT="immortality;" HEIGHT="69" HPOS="936" VPOS="507" WIDTH="401" />
<SP HEIGHT="47" HPOS="1338" VPOS="527" WIDTH="32" />
<String CONTENT="an" HEIGHT="31" HPOS="1371" VPOS="529" WIDTH="70" />
<SP HEIGHT="33" HPOS="1442" VPOS="527" WIDTH="29" />
<String CONTENT="anthology," HEIGHT="69" HPOS="1472" VPOS="508" WIDTH="326" />
<SP HEIGHT="46" HPOS="1799" VPOS="530" WIDTH="27" />
<String CONTENT="compiled" HEIGHT="67" HPOS="1827" VPOS="510" WIDTH="275" />
</TextLine>
<TextLine CS="1" HEIGHT="146" HPOS="119" STYLEREFS="StyleId-311BE2B8-BED8-43CD-97BB-41CFB994C694-" VPOS="584" WIDTH="1957">
<String CONTENT="by" HEIGHT="69" HPOS="122" VPOS="585" WIDTH="71" />
<SP HEIGHT="68" HPOS="194" VPOS="586" WIDTH="26" />
<String CONTENT="Thomas" HEIGHT="54" HPOS="221" VPOS="585" WIDTH="246" />
<SP HEIGHT="54" HPOS="468" VPOS="585" WIDTH="30" />
<String CONTENT="Curtis" HEIGHT="54" HPOS="499" VPOS="585" WIDTH="192" />
<SP HEIGHT="54" HPOS="692" VPOS="586" WIDTH="29" />
<String CONTENT="Clark" HEIGHT="55" HPOS="722" VPOS="585" WIDTH="173" />
<SP HEIGHT="52" HPOS="896" VPOS="585" WIDTH="29" />
<String CONTENT="and" HEIGHT="53" HPOS="926" VPOS="584" WIDTH="112" />
<SP HEIGHT="54" HPOS="1039" VPOS="584" WIDTH="26" />
<String CONTENT="Winfred" HEIGHT="53" HPOS="1066" VPOS="585" WIDTH="267" />
<SP HEIGHT="52" HPOS="1334" VPOS="585" WIDTH="30" />
<String CONTENT="Ernest" HEIGHT="53" HPOS="1365" VPOS="586" WIDTH="209" />
<SP HEIGHT="55" HPOS="1575" VPOS="584" WIDTH="28" />
<String CONTENT="Garrison." HEIGHT="55" HPOS="1604" VPOS="584" WIDTH="289" />
<SP HEIGHT="54" HPOS="1894" VPOS="587" WIDTH="76" />
<String CONTENT="Chicago," HEIGHT="144" HPOS="119" VPOS="586" WIDTH="1957" />
</TextLine>
<TextLine HEIGHT="69" HPOS="300" STYLEREFS="StyleId-311BE2B8-BED8-43CD-97BB-41CFB994C694-" VPOS="662" WIDTH="1383">
<String CONTENT="New" HEIGHT="52" HPOS="300" VPOS="662" WIDTH="135" />
<SP HEIGHT="51" HPOS="436" VPOS="663" WIDTH="30" />
<String CONTENT="York," HEIGHT="66" HPOS="467" VPOS="662" WIDTH="177" />
<SP HEIGHT="65" HPOS="645" VPOS="663" WIDTH="24" />
<String CONTENT="Willett," HEIGHT="67" HPOS="670" VPOS="662" WIDTH="239" />
<SP HEIGHT="66" HPOS="910" VPOS="663" WIDTH="26" />
<String CONTENT="Clark" HEIGHT="55" HPOS="937" VPOS="662" WIDTH="174" />
<SP HEIGHT="52" HPOS="1112" VPOS="662" WIDTH="25" />
<String CONTENT="&amp;" HEIGHT="50" HPOS="1138" VPOS="664" WIDTH="43" />
<SP HEIGHT="51" HPOS="1182" VPOS="664" WIDTH="27" />
<String CONTENT="company," HEIGHT="51" HPOS="1210" VPOS="680" WIDTH="293" />
<SP HEIGHT="64" HPOS="1504" VPOS="666" WIDTH="27" />
<String CONTENT="1935." HEIGHT="52" HPOS="1532" VPOS="665" WIDTH="151" />
</TextLine>
<TextLine CS="1" HEIGHT="48" HPOS="188" VPOS="747" WIDTH="586">
<String CONTENT="4" HEIGHT="39" HPOS="188" LANG="en-US" VPOS="747" WIDTH="27" />
<SP HEIGHT="48" HPOS="216" VPOS="747" WIDTH="26" />
<String CONTENT="p." HEIGHT="38" HPOS="243" LANG="fr" VPOS="757" WIDTH="43" />
<SP />
<String CONTENT="l.," CS="1" LANG="fr" />
<SP />
<String CONTENT="3-90" HEIGHT="41" HPOS="387" LANG="en-US" VPOS="747" WIDTH="116" />
<SP HEIGHT="48" HPOS="504" VPOS="747" WIDTH="23" />
<String CONTENT="p." HEIGHT="37" HPOS="528" LANG="en-US" VPOS="758" WIDTH="42" />
<SP HEIGHT="39" HPOS="571" VPOS="748" WIDTH="58" />
<String CONTENT="19&#189;" CS="1" HEIGHT="40" HPOS="630" LANG="en-US" VPOS="747" WIDTH="55" />
<String CONTENT="cm" HEIGHT="21" HPOS="717" LANG="en-US" STYLE="superscript" VPOS="750" WIDTH="44" />
<String CONTENT="." HEIGHT="9" HPOS="765" LANG="en-US" VPOS="780" WIDTH="9" />
</TextLine>
<TextLine CS="1" HEIGHT="53" HPOS="117" VPOS="817" WIDTH="1985">
<String CONTENT="&#169;" HEIGHT="52" HPOS="117" VPOS="817" WIDTH="52" />
<SP HEIGHT="52" HPOS="170" VPOS="817" WIDTH="27" />
<String CONTENT="Feb." HEIGHT="39" HPOS="198" VPOS="822" WIDTH="108" />
<SP HEIGHT="39" HPOS="307" VPOS="821" WIDTH="26" />
<String CONTENT="23," HEIGHT="49" HPOS="334" VPOS="821" WIDTH="69" />
<SP HEIGHT="48" HPOS="404" VPOS="822" WIDTH="28" />
<String CONTENT="1935;" CS="1" HEIGHT="42" HPOS="433" VPOS="820" WIDTH="116" />
<SP HEIGHT="49" HPOS="574" VPOS="820" WIDTH="27" />
<String CONTENT="2c." HEIGHT="41" HPOS="602" VPOS="820" WIDTH="65" />
<SP HEIGHT="37" HPOS="668" VPOS="824" WIDTH="27" />
<String CONTENT="Apr." HEIGHT="46" HPOS="696" VPOS="824" WIDTH="112" />
<SP HEIGHT="38" HPOS="809" VPOS="822" WIDTH="28" />
<String CONTENT="22;" HEIGHT="46" HPOS="838" VPOS="822" WIDTH="80" />
<SP HEIGHT="36" HPOS="919" VPOS="832" WIDTH="32" />
<String CONTENT="aff." HEIGHT="39" HPOS="952" VPOS="822" WIDTH="79" />
<SP HEIGHT="39" HPOS="1032" VPOS="822" WIDTH="30" />
<String CONTENT="Apr." HEIGHT="48" HPOS="1063" VPOS="822" WIDTH="113" />
<SP HEIGHT="38" HPOS="1177" VPOS="823" WIDTH="27" />
<String CONTENT="4;" HEIGHT="45" HPOS="1205" VPOS="823" WIDTH="53" />
<SP HEIGHT="46" HPOS="1259" VPOS="822" WIDTH="30" />
<String CONTENT="A" HEIGHT="39" HPOS="1290" VPOS="822" WIDTH="42" />
<SP HEIGHT="40" HPOS="1333" VPOS="822" WIDTH="24" />
<String CONTENT="82612;" HEIGHT="47" HPOS="1358" VPOS="821" WIDTH="169" />
<SP HEIGHT="45" HPOS="1528" VPOS="823" WIDTH="31" />
<String CONTENT="Willett," HEIGHT="48" HPOS="1560" VPOS="821" WIDTH="202" />
<SP HEIGHT="47" HPOS="1763" VPOS="822" WIDTH="29" />
<String CONTENT="Clark" HEIGHT="41" HPOS="1793" VPOS="822" WIDTH="148" />
<SP HEIGHT="39" HPOS="1942" VPOS="823" WIDTH="30" />
<String CONTENT="&amp;" HEIGHT="39" HPOS="1973" VPOS="823" WIDTH="36" />
<SP HEIGHT="40" HPOS="2010" VPOS="823" WIDTH="25" />
<String CONTENT="co." HEIGHT="30" HPOS="2036" LANG="ru" VPOS="833" WIDTH="66" />
</TextLine>
<TextLine HEIGHT="48" HPOS="194" VPOS="878" WIDTH="250">
<String CONTENT="(35-6704)" HEIGHT="48" HPOS="194" VPOS="878" WIDTH="250" />
</TextLine>
<TextLine HEIGHT="71" HPOS="190" STYLEREFS="StyleId-311BE2B8-BED8-43CD-97BB-41CFB994C694-" VPOS="978" WIDTH="1913">
<String CONTENT="One" HEIGHT="53" HPOS="190" VPOS="978" WIDTH="122" />
<SP HEIGHT="51" HPOS="313" VPOS="980" WIDTH="38" />
<String CONTENT="hundred" HEIGHT="54" HPOS="352" VPOS="979" WIDTH="259" />
<SP HEIGHT="68" HPOS="612" VPOS="979" WIDTH="40" />
<String CONTENT="poems" HEIGHT="49" HPOS="653" VPOS="998" WIDTH="188" />
<SP HEIGHT="35" HPOS="842" VPOS="999" WIDTH="40" />
<String CONTENT="of" HEIGHT="53" HPOS="883" VPOS="981" WIDTH="64" />
<SP HEIGHT="67" HPOS="948" VPOS="981" WIDTH="43" />
<String CONTENT="peace;" HEIGHT="49" HPOS="992" VPOS="999" WIDTH="191" />
<SP HEIGHT="48" HPOS="1184" VPOS="999" WIDTH="43" />
<String CONTENT="an" HEIGHT="33" HPOS="1228" VPOS="999" WIDTH="71" />
<SP HEIGHT="33" HPOS="1300" VPOS="999" WIDTH="41" />
<String CONTENT="anthology," HEIGHT="70" HPOS="1342" VPOS="979" WIDTH="326" />
<SP HEIGHT="49" HPOS="1669" VPOS="999" WIDTH="38" />
<String CONTENT="compiled" HEIGHT="69" HPOS="1708" VPOS="979" WIDTH="279" />
<SP HEIGHT="54" HPOS="1988" VPOS="979" WIDTH="41" />
<String CONTENT="by" HEIGHT="68" HPOS="2030" VPOS="980" WIDTH="73" />
</TextLine>
<TextLine HEIGHT="70" HPOS="118" STYLEREFS="StyleId-311BE2B8-BED8-43CD-97BB-41CFB994C694-" VPOS="1056" WIDTH="1987">
<String CONTENT="Thomas" HEIGHT="55" HPOS="118" VPOS="1056" WIDTH="244" />
<SP HEIGHT="55" HPOS="363" VPOS="1056" WIDTH="25" />
<String CONTENT="Curtis" HEIGHT="55" HPOS="389" VPOS="1056" WIDTH="192" />
<SP HEIGHT="54" HPOS="582" VPOS="1057" WIDTH="26" />
<String CONTENT="Clark" HEIGHT="54" HPOS="609" VPOS="1057" WIDTH="173" />
<SP HEIGHT="53" HPOS="783" VPOS="1057" WIDTH="23" />
<String CONTENT="and" HEIGHT="52" HPOS="807" VPOS="1059" WIDTH="112" />
<SP HEIGHT="53" HPOS="920" VPOS="1059" WIDTH="21" />
<String CONTENT="Winfred" HEIGHT="54" HPOS="942" VPOS="1058" WIDTH="271" />
<SP HEIGHT="53" HPOS="1214" VPOS="1058" WIDTH="23" />
<String CONTENT="Ernest" HEIGHT="54" HPOS="1238" VPOS="1058" WIDTH="208" />
<SP HEIGHT="56" HPOS="1447" VPOS="1056" WIDTH="24" />
<String CONTENT="Garrison." HEIGHT="55" HPOS="1472" VPOS="1056" WIDTH="288" />
<SP HEIGHT="55" HPOS="1761" VPOS="1056" WIDTH="75" />
<String CONTENT="Chicago," HEIGHT="70" HPOS="1837" VPOS="1056" WIDTH="268" />
</TextLine>
<TextLine HEIGHT="71" HPOS="118" STYLEREFS="StyleId-311BE2B8-BED8-43CD-97BB-41CFB994C694-" VPOS="1132" WIDTH="1409">
<String CONTENT="New" HEIGHT="53" HPOS="118" VPOS="1132" WIDTH="136" />
<SP HEIGHT="52" HPOS="255" VPOS="1133" WIDTH="33" />
<String CONTENT="York," HEIGHT="69" HPOS="289" VPOS="1132" WIDTH="177" />
<SP HEIGHT="67" HPOS="467" VPOS="1134" WIDTH="28" />
<String CONTENT="Willett," HEIGHT="65" HPOS="496" VPOS="1133" WIDTH="242" />
<SP HEIGHT="64" HPOS="739" VPOS="1134" WIDTH="30" />
<String CONTENT="Clark" HEIGHT="54" HPOS="770" VPOS="1134" WIDTH="173" />
<SP HEIGHT="52" HPOS="944" VPOS="1134" WIDTH="29" />
<String CONTENT="&amp;" HEIGHT="50" HPOS="974" VPOS="1136" WIDTH="45" />
<SP HEIGHT="51" HPOS="1020" VPOS="1136" WIDTH="29" />
<String CONTENT="companjr," HEIGHT="51" HPOS="1050" VPOS="1152" WIDTH="294" />
<SP HEIGHT="65" HPOS="1345" VPOS="1138" WIDTH="31" />
<String CONTENT="1934." HEIGHT="49" HPOS="1377" VPOS="1137" WIDTH="150" />
</TextLine>
<TextLine CS="1" HEIGHT="49" HPOS="185" VPOS="1204" WIDTH="578">
<String CONTENT="4" HEIGHT="39" HPOS="185" VPOS="1204" WIDTH="28" />
<SP HEIGHT="48" HPOS="214" VPOS="1204" WIDTH="24" />
<String CONTENT="p." HEIGHT="37" HPOS="239" LANG="fr" VPOS="1215" WIDTH="43" />
<SP HEIGHT="39" HPOS="283" VPOS="1205" WIDTH="22" />
<String CONTENT="l" CS="1" LANG="fr" />
<String CONTENT=".," HEIGHT="16" HPOS="329" VPOS="1236" WIDTH="22" />
<SP HEIGHT="48" HPOS="352" VPOS="1204" WIDTH="24" />
<String CONTENT="3-90" HEIGHT="41" HPOS="377" VPOS="1204" WIDTH="113" />
<SP HEIGHT="49" HPOS="491" VPOS="1204" WIDTH="25" />
<String CONTENT="p." HEIGHT="37" HPOS="517" VPOS="1216" WIDTH="42" />
<SP HEIGHT="39" HPOS="560" VPOS="1206" WIDTH="59" />
<String CONTENT="19&#189;cm." CS="1" HEIGHT="40" HPOS="620" VPOS="1205" WIDTH="143" />
</TextLine>
<TextLine HEIGHT="55" HPOS="115" VPOS="1274" WIDTH="1990">
<String CONTENT="&#169;" HEIGHT="53" HPOS="115" VPOS="1274" WIDTH="52" />
<SP HEIGHT="53" HPOS="168" VPOS="1274" WIDTH="24" />
<String CONTENT="Nov." HEIGHT="39" HPOS="193" VPOS="1280" WIDTH="117" />
<SP HEIGHT="39" HPOS="311" VPOS="1280" WIDTH="23" />
<String CONTENT="1," HEIGHT="46" HPOS="335" VPOS="1280" WIDTH="40" />
<SP HEIGHT="46" HPOS="376" VPOS="1280" WIDTH="24" />
<String CONTENT="1934;" HEIGHT="47" HPOS="401" VPOS="1278" WIDTH="139" />
<SP HEIGHT="44" HPOS="541" VPOS="1281" WIDTH="25" />
<String CONTENT="2c." HEIGHT="38" HPOS="567" VPOS="1281" WIDTH="66" />
<SP HEIGHT="39" HPOS="634" VPOS="1280" WIDTH="25" />
<String CONTENT="Apr." HEIGHT="47" HPOS="660" VPOS="1280" WIDTH="112" />
<SP HEIGHT="39" HPOS="773" VPOS="1280" WIDTH="25" />
<String CONTENT="22," HEIGHT="47" HPOS="799" VPOS="1280" WIDTH="71" />
<SP HEIGHT="47" HPOS="871" VPOS="1280" WIDTH="22" />
<String CONTENT="1935;" HEIGHT="47" HPOS="894" VPOS="1279" WIDTH="141" />
<SP HEIGHT="36" HPOS="1036" VPOS="1290" WIDTH="28" />
<String CONTENT="aff." HEIGHT="39" HPOS="1065" VPOS="1280" WIDTH="82" />
<SP HEIGHT="39" HPOS="1148" VPOS="1280" WIDTH="25" />
<String CONTENT="Apr." HEIGHT="48" HPOS="1174" VPOS="1280" WIDTH="112" />
<SP HEIGHT="38" HPOS="1287" VPOS="1281" WIDTH="24" />
<String CONTENT="4;" HEIGHT="46" HPOS="1312" VPOS="1281" WIDTH="54" />
<SP HEIGHT="46" HPOS="1367" VPOS="1281" WIDTH="26" />
<String CONTENT="A" HEIGHT="38" HPOS="1394" VPOS="1281" WIDTH="41" />
<SP HEIGHT="41" HPOS="1436" VPOS="1280" WIDTH="25" />
<String CONTENT="82611;" HEIGHT="48" HPOS="1462" VPOS="1280" WIDTH="169" />
<SP HEIGHT="46" HPOS="1632" VPOS="1282" WIDTH="28" />
<String CONTENT="Willett," HEIGHT="49" HPOS="1661" VPOS="1280" WIDTH="203" />
<SP HEIGHT="49" HPOS="1865" VPOS="1280" WIDTH="26" />
<String CONTENT="Clark" HEIGHT="41" HPOS="1892" VPOS="1280" WIDTH="150" />
<SP HEIGHT="39" HPOS="2043" VPOS="1282" WIDTH="21" />
<String CONTENT="&amp;" HEIGHT="39" HPOS="2065" VPOS="1282" WIDTH="40" />
</TextLine>
<TextLine HEIGHT="49" HPOS="184" VPOS="1336" WIDTH="386">
<String CONTENT="co." HEIGHT="30" HPOS="184" LANG="ru" VPOS="1346" WIDTH="67" />
<SP HEIGHT="45" HPOS="252" VPOS="1336" WIDTH="68" />
<String CONTENT="(35-6705)" HEIGHT="49" HPOS="321" LANG="en-US" VPOS="1336" WIDTH="249" />
</TextLine>
<TextLine HEIGHT="63" HPOS="116" STYLEREFS="StyleId-738D4EED-8DEB-477D-A26F-2B926AE482C8-" VPOS="1440" WIDTH="801">
<String CONTENT="Conway," HEIGHT="63" HPOS="116" VPOS="1440" WIDTH="270" />
<SP HEIGHT="62" HPOS="387" VPOS="1441" WIDTH="30" />
<String CONTENT="Paul" HEIGHT="52" HPOS="418" VPOS="1441" WIDTH="144" />
<SP HEIGHT="52" HPOS="563" VPOS="1441" WIDTH="29" />
<String CONTENT="Raymond." HEIGHT="62" HPOS="593" VPOS="1441" WIDTH="324" />
</TextLine>
<TextLine CS="1" HEIGHT="72" HPOS="182" STYLEREFS="StyleId-311BE2B8-BED8-43CD-97BB-41CFB994C694-" VPOS="1513" WIDTH="1855">
<String CONTENT="Outline" HEIGHT="56" HPOS="182" VPOS="1513" WIDTH="232" />
<SP HEIGHT="33" HPOS="415" VPOS="1534" WIDTH="43" />
<String CONTENT="of" HEIGHT="53" HPOS="459" VPOS="1514" WIDTH="64" />
<SP HEIGHT="54" HPOS="524" VPOS="1514" WIDTH="40" />
<String CONTENT="the" HEIGHT="52" HPOS="565" VPOS="1516" WIDTH="93" />
<SP HEIGHT="50" HPOS="659" VPOS="1517" WIDTH="44" />
<String CONTENT="law" HEIGHT="51" HPOS="704" VPOS="1517" WIDTH="109" />
<SP HEIGHT="34" HPOS="814" VPOS="1534" WIDTH="42" />
<String CONTENT="of" HEIGHT="54" HPOS="857" VPOS="1514" WIDTH="63" />
<SP HEIGHT="54" HPOS="921" VPOS="1514" WIDTH="42" />
<String CONTENT="contracts," HEIGHT="64" HPOS="964" VPOS="1519" WIDTH="298" />
<SP HEIGHT="68" HPOS="1263" VPOS="1515" WIDTH="40" />
<String CONTENT="by" HEIGHT="69" HPOS="1304" VPOS="1515" WIDTH="75" />
<SP HEIGHT="67" HPOS="1380" VPOS="1517" WIDTH="44" />
<String CONTENT="Paul" HEIGHT="51" HPOS="1425" VPOS="1517" WIDTH="148" />
<SP HEIGHT="52" HPOS="1574" VPOS="1516" WIDTH="42" />
<String CONTENT="R." HEIGHT="52" HPOS="1617" VPOS="1516" WIDTH="68" />
<SP HEIGHT="56" HPOS="1686" VPOS="1514" WIDTH="48" />
<String CONTENT="Conway" HEIGHT="71" HPOS="1735" VPOS="1514" WIDTH="251" />
<SP HEIGHT="51" HPOS="1987" VPOS="1534" WIDTH="50" />
<String CONTENT="&#8230;" CS="1" />
</TextLine>
<TextLine CS="1" HEIGHT="62" HPOS="112" STYLEREFS="StyleId-311BE2B8-BED8-43CD-97BB-41CFB994C694-" VPOS="1592" WIDTH="1610">
<String CONTENT="Brooklyn," HEIGHT="62" HPOS="112" VPOS="1592" WIDTH="311" />
<SP HEIGHT="61" HPOS="424" VPOS="1593" WIDTH="26" />
<String CONTENT="N." HEIGHT="50" HPOS="451" VPOS="1593" WIDTH="67" />
<SP HEIGHT="50" HPOS="519" VPOS="1594" WIDTH="29" />
<String CONTENT="Y.," HEIGHT="60" HPOS="549" VPOS="1594" WIDTH="88" />
<SP HEIGHT="62" HPOS="638" VPOS="1592" WIDTH="24" />
<String CONTENT="Academy" HEIGHT="62" HPOS="663" VPOS="1592" WIDTH="290" />
<SP HEIGHT="43" HPOS="954" VPOS="1611" WIDTH="26" />
<String CONTENT="publications," HEIGHT="62" HPOS="981" VPOS="1592" WIDTH="396" />
<SP HEIGHT="61" HPOS="1378" VPOS="1593" WIDTH="26" />
<String CONTENT="inc." HEIGHT="52" HPOS="1405" VPOS="1593" WIDTH="106" />
<SP HEIGHT="28" HPOS="1512" VPOS="1626" WIDTH="36" />
<String CONTENT="[" CS="1" />
<String CONTENT="c" HEIGHT="22" HPOS="1566" STYLE="superscript" VPOS="1599" WIDTH="20" />
<String CONTENT="1935]" CS="1" HEIGHT="48" HPOS="1588" VPOS="1596" WIDTH="134" />
</TextLine>
<TextLine CS="1" HEIGHT="49" HPOS="187" STYLEREFS="StyleId-311BE2B8-BED8-43CD-97BB-41CFB994C694-" VPOS="1665" WIDTH="527">
<String CONTENT="xviii," HEIGHT="48" HPOS="187" VPOS="1665" WIDTH="134" />
<SP HEIGHT="46" HPOS="322" VPOS="1667" WIDTH="28" />
<String CONTENT="491" HEIGHT="40" HPOS="351" VPOS="1666" WIDTH="84" />
<SP HEIGHT="47" HPOS="436" VPOS="1667" WIDTH="30" />
<String CONTENT="p." HEIGHT="37" HPOS="467" VPOS="1677" WIDTH="43" />
<SP HEIGHT="40" HPOS="511" VPOS="1666" WIDTH="57" />
<String CONTENT="23&#189;" CS="1" HEIGHT="41" HPOS="569" VPOS="1666" WIDTH="56" />
<String CONTENT="cm" HEIGHT="21" HPOS="658" STYLE="superscript" VPOS="1668" WIDTH="43" />
<String CONTENT="." HEIGHT="7" HPOS="706" VPOS="1697" WIDTH="8" />
</TextLine>
<TextLine CS="1" HEIGHT="49" HPOS="190" VPOS="1735" WIDTH="767">
<String CONTENT="&#8220;Table" HEIGHT="40" HPOS="190" VPOS="1735" WIDTH="176" />
<SP HEIGHT="31" HPOS="367" VPOS="1744" WIDTH="25" />
<String CONTENT="of" HEIGHT="40" HPOS="393" VPOS="1735" WIDTH="51" />
<SP HEIGHT="41" HPOS="445" VPOS="1735" WIDTH="24" />
<String CONTENT="cases&#8221;;" CS="1" HEIGHT="41" HPOS="470" VPOS="1735" WIDTH="162" />
<SP HEIGHT="37" HPOS="662" VPOS="1747" WIDTH="29" />
<String CONTENT="p.," CS="1" HEIGHT="37" HPOS="692" VPOS="1747" WIDTH="29" />
<SP HEIGHT="29" HPOS="740" VPOS="1747" WIDTH="22" />
<String CONTENT="vii-xvi." HEIGHT="41" HPOS="763" VPOS="1735" WIDTH="194" />
</TextLine>
<TextLine CS="1" HEIGHT="50" HPOS="189" VPOS="1790" WIDTH="1519">
<String CONTENT="&#8220;Table" HEIGHT="39" HPOS="189" VPOS="1792" WIDTH="176" />
<SP HEIGHT="29" HPOS="366" VPOS="1801" WIDTH="22" />
<String CONTENT="of" HEIGHT="39" HPOS="389" VPOS="1791" WIDTH="53" />
<SP HEIGHT="41" HPOS="443" VPOS="1791" WIDTH="23" />
<String CONTENT="statutes" HEIGHT="39" HPOS="467" VPOS="1793" WIDTH="210" />
<SP HEIGHT="30" HPOS="678" VPOS="1802" WIDTH="27" />
<String CONTENT="and" HEIGHT="38" HPOS="706" VPOS="1794" WIDTH="94" />
<SP HEIGHT="38" HPOS="801" VPOS="1794" WIDTH="26" />
<String CONTENT="other" HEIGHT="41" HPOS="828" VPOS="1791" WIDTH="137" />
<SP HEIGHT="30" HPOS="966" VPOS="1801" WIDTH="26" />
<String CONTENT="authorities&#8221;;" CS="1" HEIGHT="42" HPOS="993" VPOS="1790" WIDTH="319" />
<SP HEIGHT="38" HPOS="1342" VPOS="1802" WIDTH="29" />
<String CONTENT="p." HEIGHT="38" HPOS="1372" VPOS="1802" WIDTH="39" />
<SP HEIGHT="28" HPOS="1412" VPOS="1803" WIDTH="26" />
<String CONTENT="xvii-xviii." HEIGHT="42" HPOS="1439" VPOS="1790" WIDTH="269" />
</TextLine>
<TextLine CS="1" HEIGHT="52" HPOS="114" VPOS="1857" WIDTH="1986">
<String CONTENT="&#169;" HEIGHT="52" HPOS="114" VPOS="1857" WIDTH="52" />
<SP HEIGHT="52" HPOS="167" VPOS="1857" WIDTH="22" />
<String CONTENT="Mar." HEIGHT="39" HPOS="190" VPOS="1862" WIDTH="120" />
<SP HEIGHT="39" HPOS="311" VPOS="1862" WIDTH="24" />
<String CONTENT="15." HEIGHT="41" HPOS="336" VPOS="1861" WIDTH="69" />
<SP HEIGHT="41" HPOS="406" VPOS="1861" WIDTH="22" />
<String CONTENT="1935;" CS="1" HEIGHT="40" HPOS="429" VPOS="1861" WIDTH="113" />
<SP HEIGHT="46" HPOS="569" VPOS="1861" WIDTH="25" />
<String CONTENT="2c." HEIGHT="40" HPOS="595" VPOS="1861" WIDTH="67" />
<SP HEIGHT="39" HPOS="663" VPOS="1862" WIDTH="25" />
<String CONTENT="May" HEIGHT="46" HPOS="689" VPOS="1862" WIDTH="112" />
<SP HEIGHT="47" HPOS="802" VPOS="1861" WIDTH="23" />
<String CONTENT="6;" CS="1" HEIGHT="39" HPOS="826" VPOS="1861" WIDTH="28" />
<SP HEIGHT="36" HPOS="877" VPOS="1871" WIDTH="26" />
<String CONTENT="aff." HEIGHT="40" HPOS="904" VPOS="1860" WIDTH="82" />
<SP HEIGHT="39" HPOS="987" VPOS="1861" WIDTH="25" />
<String CONTENT="May" HEIGHT="47" HPOS="1013" VPOS="1861" WIDTH="113" />
<SP HEIGHT="46" HPOS="1127" VPOS="1862" WIDTH="24" />
<String CONTENT="7;" CS="1" HEIGHT="38" HPOS="1152" VPOS="1862" WIDTH="25" />
<SP HEIGHT="46" HPOS="1204" VPOS="1860" WIDTH="27" />
<String CONTENT="A" HEIGHT="39" HPOS="1232" VPOS="1860" WIDTH="41" />
<SP HEIGHT="40" HPOS="1274" VPOS="1860" WIDTH="23" />
<String CONTENT="81721;" CS="1" HEIGHT="41" HPOS="1298" VPOS="1859" WIDTH="141" />
<SP HEIGHT="46" HPOS="1468" VPOS="1861" WIDTH="24" />
<String CONTENT="Academy" HEIGHT="47" HPOS="1493" VPOS="1861" WIDTH="244" />
<SP HEIGHT="37" HPOS="1738" VPOS="1871" WIDTH="24" />
<String CONTENT="publications," HEIGHT="48" HPOS="1763" VPOS="1860" WIDTH="337" />
</TextLine>
<TextLine HEIGHT="49" HPOS="181" VPOS="1917" WIDTH="408">
<String CONTENT="inc." HEIGHT="41" HPOS="181" VPOS="1917" WIDTH="90" />
<SP HEIGHT="48" HPOS="272" VPOS="1918" WIDTH="69" />
<String CONTENT="(35-6715)" HEIGHT="49" HPOS="342" VPOS="1917" WIDTH="247" />
</TextLine>
<TextLine HEIGHT="63" HPOS="113" STYLEREFS="StyleId-738D4EED-8DEB-477D-A26F-2B926AE482C8-" VPOS="2023" WIDTH="422">
<String CONTENT="Corpus" HEIGHT="63" HPOS="113" VPOS="2023" WIDTH="226" />
<SP HEIGHT="62" HPOS="340" VPOS="2024" WIDTH="22" />
<String CONTENT="juris." HEIGHT="63" HPOS="363" VPOS="2023" WIDTH="172" />
</TextLine>
<TextLine HEIGHT="68" HPOS="182" STYLEREFS="StyleId-311BE2B8-BED8-43CD-97BB-41CFB994C694-" VPOS="2099" WIDTH="1918">
<String CONTENT="1935" HEIGHT="48" HPOS="182" VPOS="2102" WIDTH="131" />
<SP HEIGHT="49" HPOS="314" VPOS="2103" WIDTH="29" />
<String CONTENT="annotations" HEIGHT="53" HPOS="344" VPOS="2100" WIDTH="362" />
<SP HEIGHT="47" HPOS="707" VPOS="2106" WIDTH="26" />
<String CONTENT="to" HEIGHT="47" HPOS="734" VPOS="2106" WIDTH="59" />
<SP HEIGHT="54" HPOS="794" VPOS="2100" WIDTH="31" />
<String CONTENT="Corpus" HEIGHT="67" HPOS="826" VPOS="2100" WIDTH="219" />
<SP HEIGHT="66" HPOS="1046" VPOS="2100" WIDTH="28" />
<String CONTENT="juris," HEIGHT="66" HPOS="1075" VPOS="2100" WIDTH="163" />
<SP HEIGHT="48" HPOS="1239" VPOS="2118" WIDTH="27" />
<String CONTENT="contains" HEIGHT="52" HPOS="1267" VPOS="2100" WIDTH="256" />
<SP HEIGHT="33" HPOS="1524" VPOS="2119" WIDTH="29" />
<String CONTENT="annotations" HEIGHT="53" HPOS="1554" VPOS="2099" WIDTH="361" />
<SP HEIGHT="52" HPOS="1916" VPOS="2099" WIDTH="30" />
<String CONTENT="from" HEIGHT="51" HPOS="1947" VPOS="2099" WIDTH="153" />
</TextLine>
<TextLine HEIGHT="68" HPOS="115" STYLEREFS="StyleId-311BE2B8-BED8-43CD-97BB-41CFB994C694-" VPOS="2177" WIDTH="1985">
<String CONTENT="all" HEIGHT="53" HPOS="115" VPOS="2177" WIDTH="76" />
<SP HEIGHT="50" HPOS="192" VPOS="2180" WIDTH="34" />
<String CONTENT="cases" HEIGHT="35" HPOS="227" VPOS="2195" WIDTH="148" />
<SP HEIGHT="33" HPOS="376" VPOS="2197" WIDTH="38" />
<String CONTENT="reported" HEIGHT="67" HPOS="415" VPOS="2178" WIDTH="264" />
<SP HEIGHT="52" HPOS="680" VPOS="2178" WIDTH="34" />
<String CONTENT="from" HEIGHT="51" HPOS="715" VPOS="2179" WIDTH="152" />
<SP HEIGHT="52" HPOS="868" VPOS="2181" WIDTH="34" />
<String CONTENT="January" HEIGHT="63" HPOS="903" VPOS="2181" WIDTH="263" />
<SP HEIGHT="60" HPOS="1167" VPOS="2184" WIDTH="38" />
<String CONTENT="1," HEIGHT="59" HPOS="1206" VPOS="2184" WIDTH="45" />
<SP HEIGHT="62" HPOS="1252" VPOS="2181" WIDTH="40" />
<String CONTENT="1934" HEIGHT="48" HPOS="1293" VPOS="2181" WIDTH="134" />
<SP HEIGHT="49" HPOS="1428" VPOS="2181" WIDTH="33" />
<String CONTENT="to" HEIGHT="49" HPOS="1462" VPOS="2183" WIDTH="59" />
<SP HEIGHT="54" HPOS="1522" VPOS="2178" WIDTH="36" />
<String CONTENT="January" HEIGHT="66" HPOS="1559" VPOS="2178" WIDTH="262" />
<SP HEIGHT="65" HPOS="1822" VPOS="2179" WIDTH="38" />
<String CONTENT="1," HEIGHT="64" HPOS="1861" VPOS="2179" WIDTH="47" />
<SP HEIGHT="62" HPOS="1909" VPOS="2181" WIDTH="39" />
<String CONTENT="1935," HEIGHT="64" HPOS="1949" VPOS="2179" WIDTH="151" />
</TextLine>
<TextLine CS="1" HEIGHT="134" HPOS="110" STYLEREFS="StyleId-311BE2B8-BED8-43CD-97BB-41CFB994C694-" VPOS="2252" WIDTH="1964">
<String CONTENT="supplementing" HEIGHT="68" HPOS="110" VPOS="2255" WIDTH="463" />
<SP HEIGHT="61" HPOS="574" VPOS="2262" WIDTH="29" />
<String CONTENT="the" HEIGHT="52" HPOS="604" VPOS="2257" WIDTH="95" />
<SP HEIGHT="34" HPOS="700" VPOS="2275" WIDTH="33" />
<String CONTENT="annual" HEIGHT="51" HPOS="734" VPOS="2257" WIDTH="208" />
<SP HEIGHT="51" HPOS="943" VPOS="2257" WIDTH="33" />
<String CONTENT="annotations" HEIGHT="53" HPOS="977" VPOS="2255" WIDTH="359" />
<SP HEIGHT="48" HPOS="1337" VPOS="2261" WIDTH="37" />
<String CONTENT="1934." HEIGHT="50" HPOS="1375" VPOS="2259" WIDTH="147" />
<SP HEIGHT="51" HPOS="1523" VPOS="2257" WIDTH="69" />
<String CONTENT="By" HEIGHT="65" HPOS="1593" VPOS="2257" WIDTH="91" />
<SP HEIGHT="60" HPOS="1685" VPOS="2262" WIDTH="31" />
<String CONTENT="the" HEIGHT="53" HPOS="1717" VPOS="2255" WIDTH="96" />
<SP HEIGHT="48" HPOS="1814" VPOS="2274" WIDTH="30" />
<String CONTENT="publisher&#8217;s" HEIGHT="134" HPOS="112" VPOS="2252" WIDTH="1962" />
</TextLine>
<TextLine HEIGHT="69" HPOS="258" STYLEREFS="StyleId-311BE2B8-BED8-43CD-97BB-41CFB994C694-" VPOS="2331" WIDTH="1841">
<String CONTENT="editorial" HEIGHT="55" HPOS="258" VPOS="2333" WIDTH="264" />
<SP HEIGHT="50" HPOS="523" VPOS="2338" WIDTH="38" />
<String CONTENT="staff," HEIGHT="69" HPOS="562" VPOS="2331" WIDTH="152" />
<SP HEIGHT="47" HPOS="715" VPOS="2353" WIDTH="39" />
<String CONTENT="under" HEIGHT="51" HPOS="755" VPOS="2335" WIDTH="179" />
<SP HEIGHT="46" HPOS="935" VPOS="2340" WIDTH="40" />
<String CONTENT="the" HEIGHT="51" HPOS="976" VPOS="2335" WIDTH="96" />
<SP HEIGHT="33" HPOS="1073" VPOS="2353" WIDTH="37" />
<String CONTENT="supervision" HEIGHT="67" HPOS="1111" VPOS="2333" WIDTH="356" />
<SP HEIGHT="34" HPOS="1468" VPOS="2352" WIDTH="40" />
<String CONTENT="of" HEIGHT="53" HPOS="1509" VPOS="2333" WIDTH="63" />
<SP HEIGHT="55" HPOS="1573" VPOS="2333" WIDTH="38" />
<String CONTENT="William" HEIGHT="55" HPOS="1612" VPOS="2333" WIDTH="259" />
<SP HEIGHT="51" HPOS="1872" VPOS="2333" WIDTH="39" />
<String CONTENT="Mack," HEIGHT="67" HPOS="1912" VPOS="2332" WIDTH="187" />
</TextLine>
<TextLine HEIGHT="67" HPOS="112" STYLEREFS="StyleId-311BE2B8-BED8-43CD-97BB-41CFB994C694-" VPOS="2411" WIDTH="1987">
<String CONTENT="LL." HEIGHT="33" HPOS="112" LANG="fr" VPOS="2431" WIDTH="82" />
<SP HEIGHT="32" HPOS="195" VPOS="2432" WIDTH="42" />
<String CONTENT="D.," HEIGHT="45" HPOS="238" VPOS="2432" WIDTH="66" />
<SP HEIGHT="46" HPOS="305" VPOS="2431" WIDTH="41" />
<String CONTENT="editor-in-chief." HEIGHT="52" HPOS="347" VPOS="2412" WIDTH="466" />
<SP HEIGHT="51" HPOS="814" VPOS="2413" WIDTH="77" />
<String CONTENT="New" HEIGHT="51" HPOS="892" VPOS="2413" WIDTH="138" />
<SP HEIGHT="51" HPOS="1031" VPOS="2414" WIDTH="41" />
<String CONTENT="York," HEIGHT="65" HPOS="1073" VPOS="2413" WIDTH="178" />
<SP HEIGHT="64" HPOS="1252" VPOS="2414" WIDTH="41" />
<String CONTENT="The" HEIGHT="52" HPOS="1294" VPOS="2412" WIDTH="123" />
<SP HEIGHT="51" HPOS="1418" VPOS="2413" WIDTH="38" />
<String CONTENT="American" HEIGHT="53" HPOS="1457" VPOS="2411" WIDTH="305" />
<SP HEIGHT="50" HPOS="1763" VPOS="2413" WIDTH="40" />
<String CONTENT="law" HEIGHT="50" HPOS="1804" VPOS="2413" WIDTH="110" />
<SP HEIGHT="52" HPOS="1915" VPOS="2411" WIDTH="37" />
<String CONTENT="book" HEIGHT="52" HPOS="1953" VPOS="2411" WIDTH="146" />
</TextLine>
<TextLine HEIGHT="66" HPOS="110" STYLEREFS="StyleId-311BE2B8-BED8-43CD-97BB-41CFB994C694-" VPOS="2491" WIDTH="1381">
<String CONTENT="company;" HEIGHT="49" HPOS="110" LANG="en-US" VPOS="2508" WIDTH="304" />
<SP HEIGHT="58" HPOS="415" VPOS="2491" WIDTH="30" />
<String CONTENT="London," HEIGHT="64" HPOS="446" LANG="en-US" VPOS="2491" WIDTH="255" />
<SP HEIGHT="62" HPOS="702" VPOS="2493" WIDTH="27" />
<String CONTENT="Butterworth" HEIGHT="52" HPOS="730" LANG="de" VPOS="2491" WIDTH="389" />
<SP HEIGHT="52" HPOS="1120" VPOS="2491" WIDTH="25" />
<String CONTENT="&amp;" HEIGHT="49" HPOS="1146" LANG="en-US" VPOS="2494" WIDTH="44" />
<SP HEIGHT="49" HPOS="1191" VPOS="2494" WIDTH="25" />
<String CONTENT="co.," HEIGHT="47" HPOS="1217" LANG="ru" VPOS="2509" WIDTH="97" />
<SP HEIGHT="62" HPOS="1315" VPOS="2494" WIDTH="28" />
<String CONTENT="1935." HEIGHT="48" HPOS="1344" LANG="en-US" VPOS="2494" WIDTH="147" />
</TextLine>
<TextLine HEIGHT="48" HPOS="181" STYLEREFS="StyleId-311BE2B8-BED8-43CD-97BB-41CFB994C694-" VPOS="2563" WIDTH="443">
<String CONTENT="xi," HEIGHT="46" HPOS="181" LANG="fr" VPOS="2564" WIDTH="63" />
<SP HEIGHT="45" HPOS="245" VPOS="2565" WIDTH="25" />
<String CONTENT="3037" HEIGHT="40" HPOS="271" LANG="en-US" VPOS="2564" WIDTH="117" />
<SP HEIGHT="46" HPOS="389" VPOS="2565" WIDTH="21" />
<String CONTENT="p." HEIGHT="36" HPOS="411" LANG="fr" VPOS="2575" WIDTH="42" />
<SP HEIGHT="40" HPOS="454" VPOS="2563" WIDTH="52" />
<String CONTENT="26" HEIGHT="40" HPOS="507" LANG="fr" VPOS="2563" WIDTH="60" />
<String CONTENT="cm" HEIGHT="21" HPOS="566" LANG="fr" STYLE="superscript" VPOS="2565" WIDTH="45" />
<String CONTENT="." HEIGHT="7" HPOS="616" LANG="fr" VPOS="2595" WIDTH="8" />
</TextLine>
<TextLine HEIGHT="53" HPOS="114" VPOS="2630" WIDTH="1984">
<String CONTENT="&#169;" HEIGHT="52" HPOS="114" LANG="fr" VPOS="2631" WIDTH="52" />
<SP HEIGHT="52" HPOS="167" VPOS="2631" WIDTH="34" />
<String CONTENT="Apr." HEIGHT="47" HPOS="202" LANG="en-US" VPOS="2635" WIDTH="113" />
<SP HEIGHT="41" HPOS="316" VPOS="2633" WIDTH="35" />
<String CONTENT="9," HEIGHT="47" HPOS="352" LANG="fr" VPOS="2633" WIDTH="40" />
<SP HEIGHT="46" HPOS="393" VPOS="2634" WIDTH="36" />
<String CONTENT="1935;" HEIGHT="48" HPOS="430" LANG="fr" VPOS="2632" WIDTH="139" />
<SP HEIGHT="48" HPOS="570" VPOS="2632" WIDTH="38" />
<String CONTENT="2c." HEIGHT="40" HPOS="609" LANG="fr" VPOS="2632" WIDTH="66" />
<SP HEIGHT="29" HPOS="676" VPOS="2643" WIDTH="37" />
<String CONTENT="and" HEIGHT="38" HPOS="714" LANG="fr" VPOS="2634" WIDTH="94" />
<SP HEIGHT="38" HPOS="809" VPOS="2634" WIDTH="37" />
<String CONTENT="aff." HEIGHT="42" HPOS="847" LANG="fr" VPOS="2630" WIDTH="81" />
<SP HEIGHT="39" HPOS="929" VPOS="2633" WIDTH="36" />
<String CONTENT="May" HEIGHT="47" HPOS="966" LANG="fr" VPOS="2633" WIDTH="113" />
<SP HEIGHT="48" HPOS="1080" VPOS="2632" WIDTH="36" />
<String CONTENT="13;" HEIGHT="47" HPOS="1117" LANG="fr" VPOS="2632" WIDTH="82" />
<SP HEIGHT="47" HPOS="1200" VPOS="2632" WIDTH="38" />
<String CONTENT="A" HEIGHT="39" HPOS="1239" LANG="fr" VPOS="2632" WIDTH="41" />
<SP HEIGHT="39" HPOS="1281" VPOS="2632" WIDTH="36" />
<String CONTENT="81797;" HEIGHT="48" HPOS="1318" LANG="fr" VPOS="2631" WIDTH="169" />
<SP HEIGHT="48" HPOS="1488" VPOS="2631" WIDTH="38" />
<String CONTENT="Amer," HEIGHT="40" HPOS="1527" LANG="fr" VPOS="2631" WIDTH="159" />
<SP HEIGHT="39" HPOS="1687" VPOS="2632" WIDTH="37" />
<String CONTENT="law" HEIGHT="39" HPOS="1725" LANG="en-US" VPOS="2632" WIDTH="95" />
<SP HEIGHT="39" HPOS="1821" VPOS="2632" WIDTH="36" />
<String CONTENT="book" HEIGHT="39" HPOS="1858" LANG="en-US" VPOS="2632" WIDTH="122" />
<SP HEIGHT="38" HPOS="1981" VPOS="2632" WIDTH="34" />
<String CONTENT="co.," HEIGHT="35" HPOS="2016" LANG="ru" VPOS="2641" WIDTH="82" />
</TextLine>
<TextLine HEIGHT="46" HPOS="182" LANG="fr" VPOS="2691" WIDTH="257">
<String CONTENT="Brooklyn." HEIGHT="46" HPOS="182" VPOS="2691" WIDTH="257" />
</TextLine>
<TextLine HEIGHT="67" HPOS="112" STYLEREFS="StyleId-738D4EED-8DEB-477D-A26F-2B926AE482C8-" VPOS="2792" WIDTH="728">
<String CONTENT="Culbertson," HEIGHT="67" HPOS="112" VPOS="2792" WIDTH="367" />
<SP HEIGHT="64" HPOS="480" VPOS="2795" WIDTH="28" />
<String CONTENT="Ely," HEIGHT="64" HPOS="509" VPOS="2794" WIDTH="128" />
<SP HEIGHT="59" HPOS="638" VPOS="2799" WIDTH="31" />
<String CONTENT="1891-" HEIGHT="50" HPOS="670" VPOS="2798" WIDTH="170" />
</TextLine>
<TextLine HEIGHT="69" HPOS="183" STYLEREFS="StyleId-311BE2B8-BED8-43CD-97BB-41CFB994C694-" VPOS="2867" WIDTH="1914">
<String CONTENT="Culbertson&#8217;s" HEIGHT="54" HPOS="183" VPOS="2869" WIDTH="382" />
<SP HEIGHT="35" HPOS="566" VPOS="2888" WIDTH="27" />
<String CONTENT="new" HEIGHT="35" HPOS="594" VPOS="2887" WIDTH="121" />
<SP HEIGHT="34" HPOS="716" VPOS="2888" WIDTH="29" />
<String CONTENT="and" HEIGHT="53" HPOS="746" VPOS="2870" WIDTH="112" />
<SP HEIGHT="53" HPOS="859" VPOS="2870" WIDTH="26" />
<String CONTENT="complete" HEIGHT="67" HPOS="886" VPOS="2869" WIDTH="271" />
<SP HEIGHT="34" HPOS="1158" VPOS="2888" WIDTH="29" />
<String CONTENT="summary" HEIGHT="49" HPOS="1188" VPOS="2887" WIDTH="288" />
<SP HEIGHT="49" HPOS="1477" VPOS="2887" WIDTH="28" />
<String CONTENT="of" HEIGHT="52" HPOS="1506" VPOS="2868" WIDTH="63" />
<SP HEIGHT="52" HPOS="1570" VPOS="2868" WIDTH="27" />
<String CONTENT="contract" HEIGHT="49" HPOS="1598" VPOS="2872" WIDTH="252" />
<SP HEIGHT="53" HPOS="1851" VPOS="2868" WIDTH="26" />
<String CONTENT="bridge," HEIGHT="68" HPOS="1878" VPOS="2867" WIDTH="219" />
</TextLine>
<TextLine CS="1" HEIGHT="70" HPOS="113" STYLEREFS="StyleId-311BE2B8-BED8-43CD-97BB-41CFB994C694-" VPOS="2945" WIDTH="1980">
<String CONTENT="by" HEIGHT="68" HPOS="113" VPOS="2947" WIDTH="74" />
<SP HEIGHT="65" HPOS="188" VPOS="2950" WIDTH="38" />
<String CONTENT="Ely" HEIGHT="66" HPOS="227" VPOS="2949" WIDTH="113" />
<SP HEIGHT="66" HPOS="341" VPOS="2949" WIDTH="38" />
<String CONTENT="Culbertson" HEIGHT="56" HPOS="380" VPOS="2947" WIDTH="337" />
<SP HEIGHT="35" HPOS="718" VPOS="2966" WIDTH="45" />
<String CONTENT="&#8230;" CS="1" />
<SP HEIGHT="52" HPOS="819" VPOS="2949" WIDTH="77" />
<String CONTENT="Philadelphia," HEIGHT="68" HPOS="897" VPOS="2946" WIDTH="423" />
<SP HEIGHT="65" HPOS="1321" VPOS="2948" WIDTH="41" />
<String CONTENT="Chicago," HEIGHT="68" HPOS="1363" VPOS="2945" WIDTH="268" />
<SP HEIGHT="65" HPOS="1632" VPOS="2947" WIDTH="40" />
<String CONTENT="The" HEIGHT="53" HPOS="1673" VPOS="2947" WIDTH="122" />
<SP HEIGHT="54" HPOS="1796" VPOS="2946" WIDTH="37" />
<String CONTENT="John" HEIGHT="54" HPOS="1834" VPOS="2946" WIDTH="156" />
<SP HEIGHT="54" HPOS="1991" VPOS="2947" WIDTH="40" />
<String CONTENT="C." HEIGHT="54" HPOS="2032" VPOS="2947" WIDTH="61" />
</TextLine>
<TextLine HEIGHT="67" HPOS="112" STYLEREFS="StyleId-311BE2B8-BED8-43CD-97BB-41CFB994C694-" VPOS="3025" WIDTH="773">
<String CONTENT="Winston" HEIGHT="55" HPOS="112" VPOS="3025" WIDTH="265" />
<SP HEIGHT="34" HPOS="378" VPOS="3044" WIDTH="30" />
<String CONTENT="company," HEIGHT="48" HPOS="409" VPOS="3044" WIDTH="293" />
<SP HEIGHT="59" HPOS="703" VPOS="3031" WIDTH="34" />
<String CONTENT="1935." HEIGHT="48" HPOS="738" VPOS="3031" WIDTH="147" />
</TextLine>
<TextLine CS="1" HEIGHT="48" HPOS="184" VPOS="3098" WIDTH="333">
<String CONTENT="80" HEIGHT="41" HPOS="184" VPOS="3098" WIDTH="57" />
<SP HEIGHT="48" HPOS="242" VPOS="3098" WIDTH="27" />
<String CONTENT="p." HEIGHT="37" HPOS="270" VPOS="3109" WIDTH="42" />
<SP HEIGHT="41" HPOS="313" VPOS="3098" WIDTH="58" />
<String CONTENT="15&#189;" CS="1" HEIGHT="39" HPOS="372" VPOS="3098" WIDTH="57" />
<String CONTENT="cm" HEIGHT="21" HPOS="459" STYLE="superscript" VPOS="3100" WIDTH="43" />
<String CONTENT="." HEIGHT="8" HPOS="509" VPOS="3131" WIDTH="8" />
</TextLine>
<TextLine HEIGHT="51" HPOS="185" VPOS="3150" WIDTH="1912">
<String CONTENT="&#8220;Contract" HEIGHT="40" HPOS="185" VPOS="3154" WIDTH="259" />
<SP HEIGHT="39" HPOS="445" VPOS="3155" WIDTH="28" />
<String CONTENT="bridge" HEIGHT="48" HPOS="474" VPOS="3153" WIDTH="165" />
<SP HEIGHT="30" HPOS="640" VPOS="3164" WIDTH="26" />
<String CONTENT="scoring&#8221;" HEIGHT="48" HPOS="667" VPOS="3153" WIDTH="217" />
<SP HEIGHT="40" HPOS="885" VPOS="3153" WIDTH="27" />
<String CONTENT="and" HEIGHT="39" HPOS="913" VPOS="3155" WIDTH="94" />
<SP HEIGHT="41" HPOS="1008" VPOS="3153" WIDTH="31" />
<String CONTENT="&#8220;Index" HEIGHT="40" HPOS="1040" VPOS="3153" WIDTH="181" />
<SP HEIGHT="39" HPOS="1222" VPOS="3153" WIDTH="27" />
<String CONTENT="for" HEIGHT="39" HPOS="1250" VPOS="3153" WIDTH="79" />
<SP HEIGHT="37" HPOS="1330" VPOS="3163" WIDTH="27" />
<String CONTENT="quick" HEIGHT="47" HPOS="1358" VPOS="3153" WIDTH="144" />
<SP HEIGHT="38" HPOS="1503" VPOS="3153" WIDTH="30" />
<String CONTENT="reference&#8221;" HEIGHT="41" HPOS="1534" VPOS="3150" WIDTH="273" />
<SP HEIGHT="40" HPOS="1808" VPOS="3150" WIDTH="29" />
<String CONTENT="on" HEIGHT="28" HPOS="1838" VPOS="3162" WIDTH="58" />
<SP HEIGHT="37" HPOS="1897" VPOS="3153" WIDTH="31" />
<String CONTENT="lining-" HEIGHT="49" HPOS="1929" VPOS="3151" WIDTH="168" />
</TextLine>
<TextLine HEIGHT="37" HPOS="115" VPOS="3222" WIDTH="186">
<String CONTENT="papers." HEIGHT="37" HPOS="115" VPOS="3222" WIDTH="186" />
</TextLine>
<TextLine CS="1" HEIGHT="49" HPOS="187" VPOS="3266" WIDTH="1260">
<String CONTENT="On" HEIGHT="41" HPOS="187" VPOS="3267" WIDTH="72" />
<SP HEIGHT="29" HPOS="260" VPOS="3278" WIDTH="24" />
<String CONTENT="cover;" CS="1" HEIGHT="30" HPOS="285" VPOS="3277" WIDTH="140" />
<SP HEIGHT="38" HPOS="453" VPOS="3268" WIDTH="27" />
<String CONTENT="Bids" HEIGHT="41" HPOS="481" VPOS="3266" WIDTH="117" />
<SP HEIGHT="29" HPOS="599" VPOS="3278" WIDTH="25" />
<String CONTENT="and" HEIGHT="39" HPOS="625" VPOS="3268" WIDTH="95" />
<SP HEIGHT="39" HPOS="721" VPOS="3268" WIDTH="25" />
<String CONTENT="responses," HEIGHT="37" HPOS="747" VPOS="3278" WIDTH="264" />
<SP HEIGHT="46" HPOS="1012" VPOS="3268" WIDTH="24" />
<String CONTENT="leads" HEIGHT="39" HPOS="1037" VPOS="3268" WIDTH="136" />
<SP HEIGHT="30" HPOS="1174" VPOS="3277" WIDTH="22" />
<String CONTENT="and" HEIGHT="40" HPOS="1197" VPOS="3267" WIDTH="98" />
<SP HEIGHT="48" HPOS="1296" VPOS="3267" WIDTH="24" />
<String CONTENT="play." HEIGHT="48" HPOS="1321" VPOS="3267" WIDTH="126" />
</TextLine>
<TextLine CS="1" HEIGHT="52" HPOS="113" VPOS="3335" WIDTH="1983">
<String CONTENT="&#169;" HEIGHT="52" HPOS="113" VPOS="3335" WIDTH="52" />
<SP HEIGHT="52" HPOS="166" VPOS="3335" WIDTH="22" />
<String CONTENT="Mar." HEIGHT="39" HPOS="189" VPOS="3339" WIDTH="119" />
<SP HEIGHT="40" HPOS="309" VPOS="3337" WIDTH="23" />
<String CONTENT="28," HEIGHT="48" HPOS="333" VPOS="3337" WIDTH="69" />
<SP HEIGHT="47" HPOS="403" VPOS="3338" WIDTH="24" />
<String CONTENT="1935;" CS="1" HEIGHT="41" HPOS="428" VPOS="3337" WIDTH="115" />
<SP HEIGHT="47" HPOS="568" VPOS="3338" WIDTH="25" />
<String CONTENT="2c." HEIGHT="40" HPOS="594" VPOS="3338" WIDTH="65" />
<SP HEIGHT="39" HPOS="660" VPOS="3338" WIDTH="24" />
<String CONTENT="Apr." HEIGHT="48" HPOS="685" VPOS="3338" WIDTH="111" />
<SP HEIGHT="39" HPOS="797" VPOS="3338" WIDTH="25" />
<String CONTENT="25;" HEIGHT="47" HPOS="823" VPOS="3338" WIDTH="82" />
<SP HEIGHT="36" HPOS="906" VPOS="3349" WIDTH="25" />
<String CONTENT="aff." HEIGHT="42" HPOS="932" VPOS="3336" WIDTH="81" />
<SP HEIGHT="39" HPOS="1014" VPOS="3338" WIDTH="23" />
<String CONTENT="Apr." HEIGHT="48" HPOS="1038" VPOS="3338" WIDTH="112" />
<SP HEIGHT="40" HPOS="1151" VPOS="3338" WIDTH="26" />
<String CONTENT="23;" HEIGHT="46" HPOS="1178" VPOS="3338" WIDTH="81" />
<SP HEIGHT="47" HPOS="1260" VPOS="3337" WIDTH="25" />
<String CONTENT="A" HEIGHT="40" HPOS="1286" VPOS="3337" WIDTH="41" />
<SP HEIGHT="41" HPOS="1328" VPOS="3337" WIDTH="23" />
<String CONTENT="81578;" HEIGHT="47" HPOS="1352" VPOS="3337" WIDTH="169" />
<SP HEIGHT="46" HPOS="1522" VPOS="3338" WIDTH="27" />
<String CONTENT="John" HEIGHT="41" HPOS="1550" VPOS="3336" WIDTH="128" />
<SP HEIGHT="41" HPOS="1679" VPOS="3336" WIDTH="25" />
<String CONTENT="G." HEIGHT="41" HPOS="1705" VPOS="3336" WIDTH="48" />
<SP HEIGHT="39" HPOS="1754" VPOS="3337" WIDTH="26" />
<String CONTENT="Winston" HEIGHT="41" HPOS="1781" VPOS="3335" WIDTH="223" />
<SP HEIGHT="29" HPOS="2005" VPOS="3347" WIDTH="23" />
<String CONTENT="co." HEIGHT="29" HPOS="2029" LANG="ru" VPOS="3347" WIDTH="67" />
</TextLine>
<TextLine HEIGHT="49" HPOS="192" VPOS="3394" WIDTH="249">
<String CONTENT="(35-6790)" HEIGHT="49" HPOS="192" VPOS="3394" WIDTH="249" />
</TextLine>
<TextLine HEIGHT="67" HPOS="114" STYLEREFS="StyleId-311BE2B8-BED8-43CD-97BB-41CFB994C694-" VPOS="3496" WIDTH="1087">
<String CONTENT="Cummings," HEIGHT="65" HPOS="114" VPOS="3496" WIDTH="362" />
<SP HEIGHT="63" HPOS="477" VPOS="3498" WIDTH="29" />
<String CONTENT="Edward" HEIGHT="54" HPOS="507" VPOS="3497" WIDTH="251" />
<SP HEIGHT="53" HPOS="759" VPOS="3498" WIDTH="29" />
<String CONTENT="Estlin," HEIGHT="65" HPOS="789" VPOS="3498" WIDTH="210" />
<SP HEIGHT="58" HPOS="1000" VPOS="3505" WIDTH="31" />
<String CONTENT="1894-" HEIGHT="49" HPOS="1032" VPOS="3504" WIDTH="169" />
</TextLine>
<TextLine CS="1" HEIGHT="70" HPOS="178" STYLEREFS="StyleId-311BE2B8-BED8-43CD-97BB-41CFB994C694-" VPOS="3571" WIDTH="1772">
<String CONTENT="No" HEIGHT="53" HPOS="178" VPOS="3572" WIDTH="88" />
<SP HEIGHT="46" HPOS="267" VPOS="3579" WIDTH="26" />
<String CONTENT="thanks." HEIGHT="54" HPOS="294" VPOS="3571" WIDTH="223" />
<SP HEIGHT="33" HPOS="518" VPOS="3605" WIDTH="68" />
<String CONTENT="[New" CS="1" HEIGHT="52" HPOS="605" VPOS="3573" WIDTH="137" />
<SP HEIGHT="52" HPOS="743" VPOS="3574" WIDTH="28" />
<String CONTENT="York," HEIGHT="67" HPOS="772" VPOS="3574" WIDTH="178" />
<SP HEIGHT="66" HPOS="951" VPOS="3575" WIDTH="29" />
<String CONTENT="The" HEIGHT="52" HPOS="981" VPOS="3574" WIDTH="120" />
<SP HEIGHT="54" HPOS="1102" VPOS="3573" WIDTH="30" />
<String CONTENT="Golden" HEIGHT="54" HPOS="1133" VPOS="3573" WIDTH="220" />
<SP HEIGHT="32" HPOS="1354" VPOS="3592" WIDTH="32" />
<String CONTENT="eagle" HEIGHT="67" HPOS="1387" VPOS="3573" WIDTH="156" />
<SP HEIGHT="50" HPOS="1544" VPOS="3589" WIDTH="27" />
<String CONTENT="press," HEIGHT="50" HPOS="1572" VPOS="3589" WIDTH="173" />
<SP HEIGHT="65" HPOS="1746" VPOS="3574" WIDTH="29" />
<String CONTENT="c1935]" CS="1" HEIGHT="62" HPOS="1832" VPOS="3574" WIDTH="118" />
</TextLine>
<TextLine CS="1" HEIGHT="52" HPOS="178" VPOS="3643" WIDTH="1010">
<String CONTENT="1" HEIGHT="38" HPOS="178" VPOS="3643" WIDTH="23" />
<SP HEIGHT="48" HPOS="202" VPOS="3643" WIDTH="21" />
<String CONTENT="p." HEIGHT="37" HPOS="224" LANG="fr" VPOS="3654" WIDTH="43" />
<SP />
<String CONTENT="l.," CS="1" LANG="fr" />
<SP />
<String CONTENT="71" HEIGHT="39" HPOS="363" VPOS="3645" WIDTH="54" />
<SP HEIGHT="48" HPOS="418" VPOS="3645" WIDTH="27" />
<String CONTENT="(i." HEIGHT="48" HPOS="446" VPOS="3645" WIDTH="52" />
<SP HEIGHT="29" HPOS="499" VPOS="3656" WIDTH="23" />
<String CONTENT="e." HEIGHT="29" HPOS="523" VPOS="3656" WIDTH="36" />
<SP HEIGHT="40" HPOS="560" VPOS="3645" WIDTH="23" />
<String CONTENT="77)," HEIGHT="48" HPOS="584" VPOS="3645" WIDTH="102" />
<SP HEIGHT="50" HPOS="687" VPOS="3645" WIDTH="21" />
<String CONTENT="p]" HEIGHT="50" HPOS="709" VPOS="3645" WIDTH="55" />
<SP HEIGHT="39" HPOS="765" VPOS="3656" WIDTH="24" />
<String CONTENT="p." HEIGHT="37" HPOS="790" VPOS="3656" WIDTH="43" />
<SP HEIGHT="37" HPOS="834" VPOS="3648" WIDTH="58" />
<String CONTENT="14&#189;" CS="1" HEIGHT="39" HPOS="893" VPOS="3646" WIDTH="56" />
<SP HEIGHT="48" HPOS="978" VPOS="3647" WIDTH="17" />
<String CONTENT="&#215;" CS="1" />
<SP HEIGHT="38" HPOS="1026" VPOS="3647" WIDTH="16" />
<String CONTENT="19&#189;" CS="1" HEIGHT="39" HPOS="1043" VPOS="3646" WIDTH="58" />
<String CONTENT="cm" HEIGHT="21" HPOS="1132" STYLE="superscript" VPOS="3648" WIDTH="42" />
<String CONTENT="." HEIGHT="8" HPOS="1180" VPOS="3678" WIDTH="8" />
</TextLine>
<TextLine HEIGHT="41" HPOS="178" VPOS="3700" WIDTH="459">
<String CONTENT="Title" HEIGHT="41" HPOS="178" VPOS="3700" WIDTH="126" />
<SP HEIGHT="40" HPOS="305" VPOS="3701" WIDTH="25" />
<String CONTENT="from" HEIGHT="39" HPOS="331" VPOS="3701" WIDTH="126" />
<SP HEIGHT="30" HPOS="458" VPOS="3710" WIDTH="27" />
<String CONTENT="cover." HEIGHT="31" HPOS="486" VPOS="3710" WIDTH="151" />
</TextLine>
<TextLine HEIGHT="48" HPOS="179" VPOS="3755" WIDTH="1038">
<String CONTENT="Text" HEIGHT="42" HPOS="179" VPOS="3755" WIDTH="124" />
<SP HEIGHT="38" HPOS="304" VPOS="3759" WIDTH="21" />
<String CONTENT="runs" HEIGHT="29" HPOS="326" VPOS="3767" WIDTH="117" />
<SP HEIGHT="37" HPOS="444" VPOS="3766" WIDTH="23" />
<String CONTENT="parallel" HEIGHT="45" HPOS="468" VPOS="3758" WIDTH="205" />
<SP HEIGHT="39" HPOS="674" VPOS="3758" WIDTH="22" />
<String CONTENT="with" HEIGHT="40" HPOS="697" VPOS="3758" WIDTH="119" />
<SP HEIGHT="40" HPOS="817" VPOS="3758" WIDTH="24" />
<String CONTENT="back" HEIGHT="40" HPOS="842" VPOS="3758" WIDTH="122" />
<SP HEIGHT="40" HPOS="965" VPOS="3759" WIDTH="21" />
<String CONTENT="of" HEIGHT="41" HPOS="987" VPOS="3758" WIDTH="54" />
<SP HEIGHT="40" HPOS="1042" VPOS="3758" WIDTH="22" />
<String CONTENT="cover." HEIGHT="32" HPOS="1065" VPOS="3766" WIDTH="152" />
</TextLine>
<TextLine CS="1" HEIGHT="104" HPOS="111" VPOS="3810" WIDTH="1967">
<String CONTENT="&#8220;First" HEIGHT="41" HPOS="182" VPOS="3810" WIDTH="160" />
<SP HEIGHT="37" HPOS="343" VPOS="3814" WIDTH="28" />
<String CONTENT="trade" HEIGHT="38" HPOS="372" VPOS="3814" WIDTH="139" />
<SP HEIGHT="28" HPOS="512" VPOS="3824" WIDTH="28" />
<String CONTENT="edition" HEIGHT="39" HPOS="541" VPOS="3813" WIDTH="181" />
<SP HEIGHT="27" HPOS="723" VPOS="3825" WIDTH="31" />
<String CONTENT="on" HEIGHT="27" HPOS="755" VPOS="3825" WIDTH="59" />
<SP HEIGHT="38" HPOS="815" VPOS="3814" WIDTH="27" />
<String CONTENT="Iticardi" HEIGHT="40" HPOS="843" VPOS="3814" WIDTH="199" />
<SP HEIGHT="39" HPOS="1043" VPOS="3814" WIDTH="28" />
<String CONTENT="Japanese" HEIGHT="46" HPOS="1072" VPOS="3814" WIDTH="241" />
<SP HEIGHT="36" HPOS="1314" VPOS="3824" WIDTH="27" />
<String CONTENT="paper," HEIGHT="40" HPOS="1342" VPOS="3821" WIDTH="162" />
<SP HEIGHT="49" HPOS="1505" VPOS="3812" WIDTH="31" />
<String CONTENT="limited" HEIGHT="41" HPOS="1537" VPOS="3811" WIDTH="187" />
<SP HEIGHT="39" HPOS="1725" VPOS="3813" WIDTH="29" />
<String CONTENT="to" HEIGHT="37" HPOS="1755" VPOS="3815" WIDTH="48" />
<SP HEIGHT="27" HPOS="1804" VPOS="3824" WIDTH="31" />
<String CONTENT="nine" HEIGHT="40" HPOS="1836" VPOS="3812" WIDTH="112" />
<SP HEIGHT="41" HPOS="1949" VPOS="3811" WIDTH="28" />
<String CONTENT="hundred" HEIGHT="94" HPOS="111" VPOS="3811" WIDTH="1967" />
<SP HEIGHT="39" HPOS="227" VPOS="3867" WIDTH="24" />
<String CONTENT="copies" HEIGHT="47" HPOS="252" VPOS="3867" WIDTH="158" />
<SP HEIGHT="39" HPOS="411" VPOS="3868" WIDTH="23" />
<String CONTENT="for" HEIGHT="38" HPOS="435" VPOS="3868" WIDTH="80" />
<SP HEIGHT="30" HPOS="516" VPOS="3878" WIDTH="20" />
<String CONTENT="sale.&#8221;" HEIGHT="41" HPOS="537" VPOS="3867" WIDTH="144" />
</TextLine>
<TextLine CS="1" HEIGHT="58" HPOS="114" VPOS="3932" WIDTH="1982">
<String CONTENT="&#169;" HEIGHT="52" HPOS="114" VPOS="3932" WIDTH="52" />
<SP HEIGHT="52" HPOS="167" VPOS="3932" WIDTH="27" />
<String CONTENT="Apr." HEIGHT="49" HPOS="195" VPOS="3937" WIDTH="113" />
<SP HEIGHT="38" HPOS="309" VPOS="3939" WIDTH="31" />
<String CONTENT="15," HEIGHT="47" HPOS="341" VPOS="3939" WIDTH="68" />
<SP HEIGHT="47" HPOS="410" VPOS="3939" WIDTH="30" />
<String CONTENT="1935;" CS="1" HEIGHT="40" HPOS="441" VPOS="3939" WIDTH="112" />
<SP HEIGHT="46" HPOS="581" VPOS="3939" WIDTH="32" />
<String CONTENT="2c." HEIGHT="41" HPOS="614" VPOS="3939" WIDTH="66" />
<SP HEIGHT="39" HPOS="681" VPOS="3940" WIDTH="31" />
<String CONTENT="Apr." HEIGHT="48" HPOS="713" VPOS="3940" WIDTH="111" />
<SP HEIGHT="37" HPOS="825" VPOS="3943" WIDTH="34" />
<String CONTENT="17;" CS="1" HEIGHT="39" HPOS="860" VPOS="3943" WIDTH="53" />
<SP HEIGHT="37" HPOS="940" VPOS="3952" WIDTH="34" />
<String CONTENT="aff." HEIGHT="41" HPOS="975" VPOS="3941" WIDTH="80" />
<SP HEIGHT="39" HPOS="1056" VPOS="3942" WIDTH="32" />
<String CONTENT="Apr." HEIGHT="47" HPOS="1089" VPOS="3942" WIDTH="112" />
<SP HEIGHT="40" HPOS="1202" VPOS="3941" WIDTH="32" />
<String CONTENT="25;" CS="1" HEIGHT="40" HPOS="1235" VPOS="3941" WIDTH="54" />
<SP HEIGHT="47" HPOS="1317" VPOS="3941" WIDTH="35" />
<String CONTENT="A" HEIGHT="40" HPOS="1353" VPOS="3941" WIDTH="40" />
<SP HEIGHT="41" HPOS="1394" VPOS="3941" WIDTH="30" />
<String CONTENT="82749;" CS="1" HEIGHT="42" HPOS="1425" VPOS="3940" WIDTH="143" />
<SP HEIGHT="49" HPOS="1596" VPOS="3941" WIDTH="34" />
<String CONTENT="E." HEIGHT="41" HPOS="1631" VPOS="3941" WIDTH="52" />
<SP HEIGHT="41" HPOS="1684" VPOS="3941" WIDTH="32" />
<String CONTENT="E." HEIGHT="39" HPOS="1717" VPOS="3941" WIDTH="53" />
<SP HEIGHT="42" HPOS="1771" VPOS="3939" WIDTH="31" />
<String CONTENT="Cummings," HEIGHT="50" HPOS="1803" VPOS="3937" WIDTH="293" />
</TextLine>
<TextLine HEIGHT="51" HPOS="180" VPOS="3994" WIDTH="603">
<String CONTENT="New" HEIGHT="39" HPOS="180" VPOS="3994" WIDTH="116" />
<SP HEIGHT="38" HPOS="297" VPOS="3995" WIDTH="24" />
<String CONTENT="York." HEIGHT="39" HPOS="322" VPOS="3995" WIDTH="140" />
<SP HEIGHT="48" HPOS="463" VPOS="3996" WIDTH="71" />
<String CONTENT="(35-6749)" HEIGHT="51" HPOS="535" VPOS="3994" WIDTH="248" />
</TextLine>
</TextBlock>
</PrintSpace>
</Page>
</Layout>
</alto>