2424 4375
1158 4043 102 49 402

213 417 207 66 Lewis,
448 419 201 64 Oscar,
679 423 171 51 1893-
1003 419 84 54 ed.

286 494 324 55 California
656 494 61 53 in
766 498 148 63 1846,
961 495 289 52 described
1297 496 58 51 in
1404 495 191 54 letters
1644 495 150 52 from
1842 495 247 53 Thomas
2137 496 69 54 O.

219 572 231 67 Larkin,
499 571 157 53 “The
702 572 269 53 Farthest
1016 571 210 67 West,”
1273 573 68 51 E.
1389 572 79 53 M.
1517 572 177 67 Kern,
1742 573 112 52 and
1903 570 305 56 “Justice.”

217 652 170 52 Notes
421 650 113 53 and
567 649 388 53 introduction
986 650 75 68 by
1095 649 177 56 Oscar
1305 649 200 54 Lewis.
1582 649 119 55 San
1732 650 322 68 Francisco,
2086 650 121 53 The

214 728 307 55 Grabhorn
553 746 175 49 press,
762 730 148 50 1934.

287 813 45 36 x,
367 802 69 48 63,
473 802 55 49 [1]
563 812 44 37 p.
666 802 86 41 col.
786 800 170 49 plates,
992 801 27 40 2
1053 803 121 47 port.
1205 801 133 48 (incl.
1373 802 164 48 front.,
1574 802 24 39 1
1633 800 112 49 col.)
1788 800 213 41 facsims.
2061 801 56 41 28½
2149 804 43 21 cm
2197 834 9 9 .

287 857 114 41 “550
434 857 159 50 copies
627 856 237 50 printed.”

287 915 51 40 T.
384 914 52 41 O.
479 913 224 41 Larkin’s
746 915 161 46 report
951 916 48 37 to
1042 914 82 39 the
1167 913 55 42 U.
1267 913 47 42 S.
1354 916 312 45 government
1707 912 42 42 is
1791 914 247 47 reprinted
2080 915 127 40 from

218 972 129 39 “The
387 970 176 41 Pacific
602 968 263 50 monthly”,
907 969 275 49 December,
1225 968 127 41 1863.
1413 970 101 41 The
1554 971 137 40 three
1731 971 170 40 letters
1940 970 128 41 from
2106 972 102 40 The

218 1028 229 40 Farthest
470 1028 134 39 West
639 1025 214 50 (pseud.)
885 1036 84 29 are
995 1025 245 48 reprinted
1264 1026 128 40 from
1416 1027 137 40 three
1577 1027 154 40 issues
1756 1026 51 41 of
1831 1026 128 41 “The
1985 1025 223 51 Friend”,

217 1084 205 41 October
457 1083 70 48 15,
562 1083 268 40 November
866 1083 67 47 16,
970 1084 95 38 and
1100 1082 263 39 December
1397 1084 40 47 1,
1473 1083 127 40 1846.
1661 1084 101 39 The
1797 1083 208 49 identity
2039 1084 51 40 of
2127 1085 79 40 the

216 1140 167 41 writer
424 1140 43 41 is
508 1142 83 38 not
632 1140 188 39 known.
888 1139 94 40 The
1020 1139 147 40 letter
1207 1139 128 40 from
1376 1138 187 42 Justice
1613 1139 215 48 (pseud.)
1878 1139 42 40 is
1961 1141 246 48 reprinted

216 1197 127 40 from
374 1197 81 40 the
488 1195 259 41 “Missouri
778 1194 322 49 republican”,
1132 1196 126 40 June
1289 1196 69 47 14,
1389 1196 128 40 1847.
1576 1197 102 39 The
1709 1196 291 49 authorship
2028 1197 51 40 of
2108 1197 99 41 this

215 1255 146 40 letter
387 1254 89 39 has
503 1253 117 39 been
646 1252 270 41 attributed
943 1253 49 39 to
1020 1252 49 40 P.
1100 1251 43 41 S.
1174 1252 170 41 Cooke.

214 1306 1991 53 © Oct. 8, 1934; 2c. Nov. 21; aff. Mar. 23, 1935; A 81174: Grabhorn press.
292 1366 250 48 (35-4988)

213 1469 424 59 Lichtenstein,
667 1469 234 59 Morris,
935 1473 170 52 1889-

1999 1569 140 60 ספר
1753 1567 216 62 רפואת
1513 1567 210 66 הנפש..,
1307 1565 68 60 די
1039 1567 240 78 ווירקונג
917 1567 94 78 פון
749 1567 138 60 דער
435 1565 286 62 אידישער
211 1569 188 60 אמונה

2115 1665 94 80 אין
1759 1643 314 102 טעגליכען
1485 1641 236 106 לעבען.
1271 1665 142 80 אויך
1161 1665 70 60 ווי
887 1641 238 84 מתפלל
781 1665 72 58 צו
651 1665 94 80 זיין
495 1665 120 80 ווען
341 1667 118 80 מען
209 1665 94 58 איז

1975 1763 232 80 קראנה,
1847 1763 96 80 און
1749 1763 70 60 ווי
1629 1763 92 82 זיך
1529 1763 70 60 צו
1259 1763 240 80 פיהרען
1113 1765 120 78 ווען
959 1765 118 78 מען
829 1763 94 60 איז
579 1761 216 66 געזונד.
365 1765 142 58 מאת
207 1765 120 58 רבי

2069 1861 142 62 משה
1585 1841 454 98 ליכטענשטיין..,

217 1952 138 54 New
392 1954 178 67 York,
605 1953 217 56 Jewish
857 1952 210 56 science
1103 1952 334 70 publishing
1471 1971 97 50 co.,
1606 1956 150 51 1934.

288 2027 486 47 133 p., 1 l. 17½ cm .
285 2084 128 40 Title
455 2082 420 49 (transliterated):
945 2083 217 40 Refuath
1195 2082 269 41 ha-nefesh.

215 2137 53 53 ©
291 2142 115 39 July
431 2141 69 48 15,
525 2140 141 48 1934;
692 2141 68 40 2c.
787 2142 119 38 Mar.
932 2141 39 47 8,
996 2139 140 49 1935;
1166 2139 82 42 aff.
1274 2141 122 40 Mar.
1421 2141 53 46 7;
1502 2141 42 39 A
1568 2139 170 49 79954;
1768 2141 61 39 M.
1858 2136 345 52 Lichtenstein,

285 2199 117 39 New
427 2199 144 39 York.
642 2197 250 49 (35-4869)

216 2297 242 68 Liddon,
486 2298 193 56 Eloise
708 2302 75 64 S.,
813 2301 169 54 1897-

286 2377 120 53 The
441 2375 184 56 riddle
658 2377 64 54 of
755 2379 94 51 the
884 2377 329 55 Florentine
1248 2375 170 70 folio;
1457 2396 30 33 a
1523 2395 121 36 case
1680 2376 92 53 for
1805 2379 199 66 Peggy
2039 2375 160 55 Fair-

215 2453 1984 70 field, by E. S. Liddon … Garden City, N. Y., Published for
215 2531 95 54 the
351 2531 189 56 Crime
576 2532 145 69 club,
758 2531 123 71 inc.,
917 2533 74 69 by
1030 2532 355 69 Doubleday,
1424 2535 197 51 Doran
1659 2536 46 50 &
1741 2550 296 50 company,
2075 2531 125 65 inc.,

217 2615 149 50 1935.

287 2682 638 49 vii p., 2 l., 299 p. 20cm.
289 2739 162 40 “First
482 2738 224 41 edition.”

214 2792 53 54 ©
302 2798 122 38 Mar.
459 2795 70 49 29,
564 2796 140 47 1935;
741 2796 68 40 2c.
845 2796 95 39 and
974 2795 83 40 aff.
1092 2796 112 47 Apr.
1239 2796 55 46 4;
1333 2795 42 39 A
1408 2794 171 48 81263;
1617 2793 164 40 Eloise
1814 2792 189 41 Liddon
2039 2793 161 48 Soper,

286 2853 150 41 Great
460 2852 146 48 Neck,
632 2853 56 40 N.
715 2854 52 38 Y.
838 2852 250 48 (35-4876)

215 2957 170 64 Lord,
413 2957 257 63 Jeremy.

283 3027 1918 72 The Bannerman case [by] Jeremy Lord … Garden City,
211 3110 68 53 N.
314 3110 90 68 Y.,
436 3109 144 53 Pub.
612 3108 95 53 for
735 3110 97 52 the
865 3109 192 54 Crime
1088 3108 145 68 club,
1267 3107 126 68 inc.,
1423 3107 77 69 by
1532 3105 356 69 Doubleday,
1919 3105 198 53 Doran
2150 3104 46 51 &

212 3205 296 51 company,
534 3187 128 68 inc.,
690 3190 152 52 1935.

282 3259 535 51 5 p. l., 305 p. 20 cm .
285 3317 161 41 “First
478 3316 226 42 edition.”

216 3370 53 53 ©
292 3375 120 39 Mar.
438 3374 69 46 22:,
532 3372 141 47 1935;
698 3372 66 41 2c.
790 3374 93 38 and
911 3371 81 42 aff.
1019 3372 120 39 Mar.
1165 3370 82 48 29;
1274 3371 42 39 A
1340 3369 169 49 82229;
1538 3370 296 46 Doubleday,
1862 3370 167 38 Doran
2054 3369 36 40 &
2116 3378 82 39 co.,

284 3430 90 41 inc.
444 3428 250 51 (35-4798)

216 3530 226 67 Luhan,
468 3534 140 53 Mrs.
634 3531 191 53 Mabel
857 3531 296 64 (Ganson)
1188 3529 220 64 Dodge,
1439 3528 170 55 1879-

214 3602 1961 151 … Winter in Taos. New York, Harcourt, Brace and company [c1935 ]
286 3756 101 47 viii,
413 3756 86 40 237
521 3766 42 37 p.
622 3754 164 49 front.,
813 3755 169 48 plates,
1007 3756 148 45 ports.
1213 3752 55 39 21
1272 3754 44 22 cm
1321 3784 8 9 .

288 3812 63 39 At
379 3813 125 39 head
533 3812 52 38 of
610 3811 137 40 title:
777 3812 158 38 Mabel
963 3810 165 47 Dodge
1157 3809 184 40 Luhan.

291 3867 161 41 “First
480 3866 226 41 edition.”

219 3921 53 53 ©
303 3928 120 38 Mar.
454 3926 70 48 28,
555 3926 140 46 1935;
728 3925 67 40 2c.
827 3925 95 39 and
952 3923 80 41 aff.
1064 3923 113 48 Apr.
1209 3924 52 45 1;
1295 3922 42 39 A
1368 3920 168 44 82295;
1570 3921 260 45 Harcourt,
1862 3919 154 38 Brace
2046 3918 37 39 &
2114 3926 83 38 co.,

289 3983 87 39 inc.
447 3981 250 49 (35-4766)
