<alto xmlns="http://www.loc.gov/standards/alto/ns-v3#" xmlns:xlink="http://www.w3.org/1999/xlink" xmlns:xsi="http://www.w3.org/2001/XMLSchema-instance" xsi:schemaLocation="http://www.loc.gov/standards/alto/ns-v3# http://www.loc.gov/alto/v3/alto-3-0.xsd"><Description>
<MeasurementUnit>pixel</MeasurementUnit>
<sourceImageInformation>
<fileName>1935_v32_Part1.pdf</fileName>
</sourceImageInformation>
<OCRProcessing ID="IdOcr">
<ocrProcessingStep>
<processingDateTime>2019-01-15</processingDateTime>
<processingSoftware>
<softwareCreator>ABBYY</softwareCreator>
<softwareName>ABBYY Recognition Server</softwareName>
<softwareVersion>4.0</softwareVersion>
</processingSoftware>
</ocrProcessingStep>
</OCRProcessing>
</Description>
<Styles>
<ParagraphStyle ID="StyleId-FFFFFFFF-FFFF-FFFF-FFFF-FFFFFFFFFFFF-" ALIGN="Left" LEFT="0." RIGHT="0." FIRSTLINE="0."/>
<ParagraphStyle ID="StyleId-09A13A44-4F77-4ABE-84F3-84CC8B3C72CE-" ALIGN="Left" LEFT="0." RIGHT="0." FIRSTLINE="0." LINESPACE="7.699999809"/>
<ParagraphStyle ID="StyleId-1F945060-F8CD-4435-B69A-5FF49DB0C586-" ALIGN="Left" LEFT="0." RIGHT="0." FIRSTLINE="-10." LINESPACE="12.19999981"/>
<ParagraphStyle ID="StyleId-C6CAE747-F5A4-4D0D-8D74-D452DA7E2C1C-" ALIGN="Block" LEFT="0." RIGHT="0." FIRSTLINE="-14." LINESPACE="8.350000381"/>
<ParagraphStyle ID="StyleId-FC0F3374-189A-459E-BE29-2DC14180F022-" ALIGN="Left" LEFT="0." RIGHT="0." FIRSTLINE="0."/>
<ParagraphStyle ID="StyleId-49397C49-A894-4B3E-BA5E-1126226BA375-" ALIGN="Left" LEFT="0." RIGHT="0." FIRSTLINE="-12." LINESPACE="11.09000015"/>
<ParagraphStyle ID="StyleId-9E34DD3A-E661-48BD-A3A1-6A3D48346F00-" ALIGN="Block" LEFT="0." RIGHT="0." FIRSTLINE="-14." LINESPACE="11.09000015"/>
<ParagraphStyle ID="StyleId-56CE54AA-A08B-4BAA-8605-F26020A0E36E-" ALIGN="Left" LEFT="0." RIGHT="0." FIRSTLINE="0." LINESPACE="9.399999619"/>
<ParagraphStyle ID="StyleId-77814FFC-C42F-4AA9-9880-EF33B947DEC8-" ALIGN="Left" LEFT="0." RIGHT="0." FIRSTLINE="-11." LINESPACE="11.06999969"/>
<ParagraphStyle ID="StyleId-FDE92EC0-67DC-4C7B-8A24-094B12C38B6C-" ALIGN="Center" LEFT="0." RIGHT="0." FIRSTLINE="0." LINESPACE="11.30000019"/>
<ParagraphStyle ID="StyleId-65180E3B-4C93-4FB8-81EE-E026DD63DBF3-" ALIGN="Left" LEFT="0." RIGHT="0." FIRSTLINE="0." LINESPACE="11.10000038"/>
<ParagraphStyle ID="StyleId-10E885C2-5813-4620-B0AA-0FBA30CF7A32-" ALIGN="Left" LEFT="0." RIGHT="0." FIRSTLINE="0." LINESPACE="9.5"/>
<ParagraphStyle ID="StyleId-913C2DB5-9F02-4067-BAF7-0AED37B60BBE-" ALIGN="Left" LEFT="0." RIGHT="0." FIRSTLINE="0." LINESPACE="6.099999905"/>
<ParagraphStyle ID="StyleId-9C79A9D2-8F08-4A8F-985D-B00E253ED1E5-" ALIGN="Left" LEFT="0." RIGHT="0." FIRSTLINE="0." LINESPACE="4.400000095"/>
<ParagraphStyle ID="StyleId-A41F0407-FEFE-4738-9EC5-E05AFFF62781-" ALIGN="Left" LEFT="0." RIGHT="0." FIRSTLINE="0." LINESPACE="7.300000191"/>
<ParagraphStyle ID="StyleId-61D37176-94E8-408D-9B87-01C406CE8AB2-" ALIGN="Left" LEFT="0." RIGHT="0." FIRSTLINE="0." LINESPACE="8.050000191"/>
</Styles>
<Layout>
<Page ID="Page1009" PHYSICAL_IMG_NR="1009" HEIGHT="4375" WIDTH="2424">
<TopMargin HEIGHT="430" WIDTH="2424" VPOS="0" HPOS="0">
</TopMargin>
<LeftMargin HEIGHT="3608" WIDTH="143" VPOS="430" HPOS="0">
</LeftMargin>
<RightMargin HEIGHT="3608" WIDTH="152" VPOS="430" HPOS="2272">
</RightMargin>
<BottomMargin HEIGHT="337" WIDTH="2424" VPOS="4038" HPOS="0">
<TextBlock ID="Page1009_Block1" HEIGHT="70" WIDTH="152" VPOS="4042" HPOS="1134" LANG="en-US" STYLEREFS="StyleId-6BFFCDF9-3B2B-4985-AAF2-21EFA28DE747-">
<TextLine HEIGHT="50" WIDTH="132" VPOS="4052" HPOS="1145">
<String CONTENT="1009" HEIGHT="50" WIDTH="132" VPOS="4052" HPOS="1145"/>
</TextLine>
</TextBlock>
<GraphicalElement ID="Page1009_Block2" HEIGHT="254" WIDTH="32" VPOS="4038" HPOS="6"/>
<GraphicalElement ID="Page1009_Block3" HEIGHT="268" WIDTH="10" VPOS="4056" HPOS="44"/>
</BottomMargin>
<PrintSpace HEIGHT="3608" WIDTH="2129" VPOS="430" HPOS="143">
<TextBlock ID="Page1009_Block4" HEIGHT="3608" WIDTH="2129" VPOS="430" HPOS="143" LANG="en-US" CS="1" STYLEREFS="StyleId-E744FE42-0313-475B-BADC-277D2584059C-">
<Shape>
<Polygon POINTS="143,430 2272,430 2272,3984 475,3984 475,4038 143,4038 143,430"/>
</Shape>
<TextLine HEIGHT="51" WIDTH="1922" VPOS="513" HPOS="266">
<String CONTENT="9" HEIGHT="39" WIDTH="26" VPOS="517" HPOS="266"/>
<SP HEIGHT="39" WIDTH="32" VPOS="517" HPOS="293"/>
<String CONTENT="v." HEIGHT="28" WIDTH="41" VPOS="526" HPOS="326"/>
<SP HEIGHT="39" WIDTH="72" VPOS="515" HPOS="368"/>
<String CONTENT="fronts," HEIGHT="40" WIDTH="173" VPOS="515" HPOS="441"/>
<SP HEIGHT="49" WIDTH="42" VPOS="513" HPOS="615"/>
<String CONTENT="(part" HEIGHT="49" WIDTH="135" VPOS="513" HPOS="658"/>
<SP HEIGHT="38" WIDTH="31" VPOS="516" HPOS="794"/>
<String CONTENT="col.)" HEIGHT="48" WIDTH="111" VPOS="514" HPOS="826"/>
<SP HEIGHT="48" WIDTH="42" VPOS="514" HPOS="938"/>
<String CONTENT="illus." HEIGHT="39" WIDTH="128" VPOS="514" HPOS="981"/>
<SP HEIGHT="48" WIDTH="42" VPOS="513" HPOS="1110"/>
<String CONTENT="(incl." HEIGHT="48" WIDTH="132" VPOS="513" HPOS="1153"/>
<SP HEIGHT="28" WIDTH="33" VPOS="524" HPOS="1286"/>
<String CONTENT="map)" HEIGHT="48" WIDTH="136" VPOS="515" HPOS="1320"/>
<SP HEIGHT="48" WIDTH="42" VPOS="515" HPOS="1457"/>
<String CONTENT="plates" HEIGHT="46" WIDTH="157" VPOS="515" HPOS="1500"/>
<SP HEIGHT="49" WIDTH="40" VPOS="513" HPOS="1658"/>
<String CONTENT="(part" HEIGHT="49" WIDTH="135" VPOS="513" HPOS="1699"/>
<SP HEIGHT="38" WIDTH="34" VPOS="516" HPOS="1835"/>
<String CONTENT="col.)" HEIGHT="50" WIDTH="112" VPOS="514" HPOS="1870"/>
<SP HEIGHT="49" WIDTH="41" VPOS="515" HPOS="1983"/>
<String CONTENT="ports.," HEIGHT="46" WIDTH="163" VPOS="517" HPOS="2025"/>
</TextLine>
<TextLine HEIGHT="49" WIDTH="587" VPOS="570" HPOS="196" CS="1">
<String CONTENT="charts," HEIGHT="47" WIDTH="177" VPOS="572" HPOS="196"/>
<SP HEIGHT="47" WIDTH="26" VPOS="572" HPOS="374"/>
<String CONTENT="diagrs." HEIGHT="49" WIDTH="178" VPOS="570" HPOS="401"/>
<SP HEIGHT="42" WIDTH="56" VPOS="570" HPOS="580"/>
<String CS="1" CONTENT="23&#189;c" HEIGHT="42" WIDTH="60" VPOS="570" HPOS="637"/>
<String STYLE="superscript" CONTENT="m" HEIGHT="21" WIDTH="28" VPOS="573" HPOS="742"/>
<String CONTENT="." HEIGHT="10" WIDTH="10" VPOS="600" HPOS="773"/>
</TextLine>
<TextLine HEIGHT="51" WIDTH="1920" VPOS="626" HPOS="267" CS="1">
<String LANG="fr" CONTENT="Vols." HEIGHT="40" WIDTH="123" VPOS="628" HPOS="267"/>
<SP HEIGHT="29" WIDTH="35" VPOS="648" HPOS="391"/>
<String CS="1" CONTENT="[2]," HEIGHT="49" WIDTH="70" VPOS="628" HPOS="427"/>
<SP HEIGHT="29" WIDTH="34" VPOS="648" HPOS="498"/>
<String CONTENT="[3]" HEIGHT="49" WIDTH="54" VPOS="628" HPOS="533"/>
<SP HEIGHT="38" WIDTH="32" VPOS="638" HPOS="588"/>
<String CONTENT="and" HEIGHT="39" WIDTH="96" VPOS="628" HPOS="621"/>
<SP HEIGHT="49" WIDTH="32" VPOS="628" HPOS="718"/>
<String CS="1" CONTENT="[9]" HEIGHT="41" WIDTH="28" VPOS="626" HPOS="764"/>
<SP HEIGHT="50" WIDTH="29" VPOS="626" HPOS="805"/>
<String CONTENT="have" HEIGHT="41" WIDTH="123" VPOS="626" HPOS="835"/>
<SP HEIGHT="37" WIDTH="30" VPOS="630" HPOS="959"/>
<String CONTENT="text" HEIGHT="38" WIDTH="107" VPOS="629" HPOS="990"/>
<SP HEIGHT="41" WIDTH="24" VPOS="626" HPOS="1098"/>
<String CONTENT="in" HEIGHT="41" WIDTH="51" VPOS="626" HPOS="1123"/>
<SP HEIGHT="40" WIDTH="30" VPOS="627" HPOS="1175"/>
<String CONTENT="English," HEIGHT="49" WIDTH="214" VPOS="626" HPOS="1206"/>
<SP HEIGHT="36" WIDTH="32" VPOS="637" HPOS="1421"/>
<String CONTENT="with" HEIGHT="41" WIDTH="121" VPOS="626" HPOS="1454"/>
<SP HEIGHT="42" WIDTH="28" VPOS="626" HPOS="1576"/>
<String CONTENT="Spanish" HEIGHT="49" WIDTH="208" VPOS="626" HPOS="1605"/>
<SP HEIGHT="42" WIDTH="29" VPOS="626" HPOS="1814"/>
<String CONTENT="title" HEIGHT="42" WIDTH="109" VPOS="626" HPOS="1844"/>
<SP HEIGHT="38" WIDTH="29" VPOS="629" HPOS="1954"/>
<String CONTENT="lettered" HEIGHT="40" WIDTH="203" VPOS="628" HPOS="1984"/>
</TextLine>
<TextLine HEIGHT="49" WIDTH="1187" VPOS="683" HPOS="197" CS="1">
<String CONTENT="on" HEIGHT="29" WIDTH="57" VPOS="696" HPOS="197"/>
<SP HEIGHT="30" WIDTH="25" VPOS="696" HPOS="255"/>
<String CONTENT="cover" HEIGHT="32" WIDTH="139" VPOS="694" HPOS="281"/>
<SP HEIGHT="29" WIDTH="20" VPOS="695" HPOS="421"/>
<String CONTENT="and" HEIGHT="39" WIDTH="96" VPOS="685" HPOS="442"/>
<SP HEIGHT="39" WIDTH="21" VPOS="685" HPOS="539"/>
<String CONTENT="with" HEIGHT="40" WIDTH="119" VPOS="684" HPOS="561"/>
<SP HEIGHT="39" WIDTH="24" VPOS="684" HPOS="681"/>
<String CONTENT="English" HEIGHT="48" WIDTH="200" VPOS="684" HPOS="706"/>
<SP HEIGHT="40" WIDTH="21" VPOS="684" HPOS="907"/>
<String CS="1" CONTENT="t.-p.:" HEIGHT="44" WIDTH="97" VPOS="687" HPOS="929"/>
<SP HEIGHT="40" WIDTH="24" VPOS="684" HPOS="1056"/>
<String CONTENT="The" HEIGHT="41" WIDTH="100" VPOS="683" HPOS="1081"/>
<SP HEIGHT="40" WIDTH="21" VPOS="684" HPOS="1182"/>
<String CONTENT="Key" HEIGHT="48" WIDTH="105" VPOS="684" HPOS="1204"/>
<SP HEIGHT="47" WIDTH="24" VPOS="685" HPOS="1310"/>
<String CONTENT="to" HEIGHT="39" WIDTH="49" VPOS="685" HPOS="1335"/>
</TextLine>
<TextLine HEIGHT="49" WIDTH="780" VPOS="683" HPOS="1409" CS="1">
<String CS="1" CONTENT="knowledge;" HEIGHT="48" WIDTH="283" VPOS="683" HPOS="1409"/>
<SP HEIGHT="38" WIDTH="25" VPOS="693" HPOS="1718"/>
<String CONTENT="a" HEIGHT="30" WIDTH="27" VPOS="694" HPOS="1744"/>
<SP HEIGHT="30" WIDTH="26" VPOS="694" HPOS="1772"/>
<String CONTENT="comprehensive" HEIGHT="49" WIDTH="390" VPOS="683" HPOS="1799"/>
</TextLine>
<TextLine HEIGHT="51" WIDTH="1824" VPOS="738" HPOS="197">
<String CONTENT="and" HEIGHT="39" WIDTH="93" VPOS="742" HPOS="197"/>
<SP HEIGHT="39" WIDTH="25" VPOS="742" HPOS="291"/>
<String CONTENT="systematic" HEIGHT="47" WIDTH="281" VPOS="741" HPOS="317"/>
<SP HEIGHT="37" WIDTH="29" VPOS="752" HPOS="599"/>
<String CONTENT="presentation" HEIGHT="49" WIDTH="329" VPOS="740" HPOS="629"/>
<SP HEIGHT="30" WIDTH="29" VPOS="751" HPOS="959"/>
<String CONTENT="of" HEIGHT="41" WIDTH="52" VPOS="740" HPOS="989"/>
<SP HEIGHT="48" WIDTH="29" VPOS="740" HPOS="1042"/>
<String CONTENT="practical" HEIGHT="50" WIDTH="234" VPOS="738" HPOS="1072"/>
<SP HEIGHT="39" WIDTH="29" VPOS="741" HPOS="1307"/>
<String CONTENT="and" HEIGHT="39" WIDTH="96" VPOS="741" HPOS="1337"/>
<SP HEIGHT="40" WIDTH="30" VPOS="741" HPOS="1434"/>
<String CONTENT="essential" HEIGHT="42" WIDTH="230" VPOS="739" HPOS="1465"/>
<SP HEIGHT="39" WIDTH="32" VPOS="739" HPOS="1696"/>
<String CONTENT="knowledge." HEIGHT="50" WIDTH="292" VPOS="739" HPOS="1729"/>
</TextLine>
<TextLine HEIGHT="106" WIDTH="1973" VPOS="796" HPOS="199" CS="1">
<String CONTENT="Published" HEIGHT="41" WIDTH="260" VPOS="797" HPOS="266"/>
<SP HEIGHT="40" WIDTH="33" VPOS="798" HPOS="527"/>
<String CONTENT="in" HEIGHT="39" WIDTH="50" VPOS="798" HPOS="561"/>
<SP HEIGHT="39" WIDTH="33" VPOS="798" HPOS="612"/>
<String CONTENT="1931," HEIGHT="48" WIDTH="129" VPOS="797" HPOS="646"/>
<SP HEIGHT="37" WIDTH="35" VPOS="808" HPOS="776"/>
<String CONTENT="with" HEIGHT="41" WIDTH="119" VPOS="797" HPOS="812"/>
<SP HEIGHT="41" WIDTH="36" VPOS="797" HPOS="932"/>
<String CONTENT="text" HEIGHT="40" WIDTH="107" VPOS="798" HPOS="969"/>
<SP HEIGHT="39" WIDTH="34" VPOS="798" HPOS="1077"/>
<String CONTENT="entirely" HEIGHT="49" WIDTH="206" VPOS="797" HPOS="1112"/>
<SP HEIGHT="49" WIDTH="35" VPOS="797" HPOS="1319"/>
<String CONTENT="in" HEIGHT="41" WIDTH="50" VPOS="797" HPOS="1355"/>
<SP HEIGHT="41" WIDTH="36" VPOS="797" HPOS="1406"/>
<String CONTENT="English," HEIGHT="49" WIDTH="216" VPOS="796" HPOS="1443"/>
<SP HEIGHT="38" WIDTH="36" VPOS="807" HPOS="1660"/>
<String CONTENT="under" HEIGHT="39" WIDTH="153" VPOS="798" HPOS="1697"/>
<SP HEIGHT="39" WIDTH="37" VPOS="798" HPOS="1851"/>
<String CS="1" CONTENT="title:" HEIGHT="41" WIDTH="107" VPOS="796" HPOS="1889"/>
<SP HEIGHT="39" WIDTH="36" VPOS="798" HPOS="2025"/>
<String CONTENT="Hayward&#8217;s" HEIGHT="97" WIDTH="1973" VPOS="798" HPOS="199"/>
<SP HEIGHT="42" WIDTH="26" VPOS="853" HPOS="372"/>
<String CONTENT="key" HEIGHT="49" WIDTH="90" VPOS="853" HPOS="399"/>
<SP HEIGHT="46" WIDTH="25" VPOS="856" HPOS="490"/>
<String CONTENT="to" HEIGHT="39" WIDTH="51" VPOS="856" HPOS="516"/>
<SP HEIGHT="41" WIDTH="23" VPOS="854" HPOS="568"/>
<String CONTENT="knowledge." HEIGHT="48" WIDTH="292" VPOS="854" HPOS="592"/>
</TextLine>
<TextLine HEIGHT="40" WIDTH="420" VPOS="911" HPOS="268">
<String CONTENT="Includes" HEIGHT="39" WIDTH="226" VPOS="912" HPOS="268"/>
<SP HEIGHT="29" WIDTH="27" VPOS="922" HPOS="495"/>
<String CONTENT="music." HEIGHT="40" WIDTH="165" VPOS="911" HPOS="523"/>
</TextLine>
<TextLine HEIGHT="53" WIDTH="1572" VPOS="964" HPOS="617" CS="1">
<String CS="1" CONTENT="CONTENTS."/>
<SP/>
<String CS="1" CONTENT="&#8212;"/>
<SP HEIGHT="29" WIDTH="18" VPOS="988" HPOS="617"/>
<String CONTENT="[V." HEIGHT="39" WIDTH="59" VPOS="978" HPOS="636"/>
<SP HEIGHT="42" WIDTH="28" VPOS="965" HPOS="696"/>
<String CONTENT="1]" HEIGHT="52" WIDTH="42" VPOS="965" HPOS="725"/>
<SP HEIGHT="49" WIDTH="29" VPOS="968" HPOS="768"/>
<String CONTENT="Historia" HEIGHT="41" WIDTH="221" VPOS="967" HPOS="798"/>
<SP HEIGHT="39" WIDTH="29" VPOS="968" HPOS="1020"/>
<String CONTENT="de" HEIGHT="39" WIDTH="57" VPOS="968" HPOS="1050"/>
<SP HEIGHT="39" WIDTH="25" VPOS="969" HPOS="1108"/>
<String CONTENT="las" HEIGHT="39" WIDTH="75" VPOS="969" HPOS="1134"/>
<SP HEIGHT="29" WIDTH="28" VPOS="978" HPOS="1210"/>
<String CONTENT="naciones." HEIGHT="41" WIDTH="239" VPOS="966" HPOS="1239"/>
<SP HEIGHT="17" WIDTH="15" VPOS="989" HPOS="1479"/>
<String CONTENT="&#8212;" HEIGHT="6" WIDTH="60" VPOS="989" HPOS="1495"/>
<SP HEIGHT="29" WIDTH="17" VPOS="987" HPOS="1556"/>
<String CS="1" CONTENT="[v." HEIGHT="30" WIDTH="46" VPOS="976" HPOS="1588"/>
<SP HEIGHT="42" WIDTH="28" VPOS="964" HPOS="1635"/>
<String CONTENT="2]" HEIGHT="51" WIDTH="42" VPOS="964" HPOS="1664"/>
<SP HEIGHT="48" WIDTH="34" VPOS="967" HPOS="1707"/>
<String CONTENT="Government" HEIGHT="40" WIDTH="321" VPOS="967" HPOS="1742"/>
<SP HEIGHT="37" WIDTH="32" VPOS="970" HPOS="2064"/>
<String CONTENT="and" HEIGHT="40" WIDTH="92" VPOS="966" HPOS="2097"/>
</TextLine>
<TextLine HEIGHT="52" WIDTH="1992" VPOS="1021" HPOS="197" CS="1">
<String CS="1" CONTENT="citizenship.&#8212;[v." HEIGHT="50" WIDTH="421" VPOS="1023" HPOS="197"/>
<SP HEIGHT="42" WIDTH="28" VPOS="1022" HPOS="619"/>
<String CONTENT="3]" HEIGHT="51" WIDTH="40" VPOS="1022" HPOS="648"/>
<SP HEIGHT="48" WIDTH="30" VPOS="1025" HPOS="689"/>
<String CONTENT="Mara" HEIGHT="39" WIDTH="138" VPOS="1025" HPOS="720"/>
<SP HEIGHT="28" WIDTH="3" VPOS="1035" HPOS="859"/>
<String CONTENT="villas" HEIGHT="42" WIDTH="143" VPOS="1023" HPOS="863"/>
<SP HEIGHT="40" WIDTH="27" VPOS="1025" HPOS="1007"/>
<String CONTENT="del" HEIGHT="40" WIDTH="72" VPOS="1024" HPOS="1035"/>
<SP HEIGHT="41" WIDTH="29" VPOS="1024" HPOS="1108"/>
<String CONTENT="uni" HEIGHT="41" WIDTH="82" VPOS="1024" HPOS="1138"/>
<SP HEIGHT="39" WIDTH="4" VPOS="1024" HPOS="1221"/>
<String CONTENT="verso.&#8212;[V." HEIGHT="40" WIDTH="275" VPOS="1033" HPOS="1226"/>
<SP HEIGHT="42" WIDTH="26" VPOS="1021" HPOS="1502"/>
<String CONTENT="4]" HEIGHT="51" WIDTH="42" VPOS="1021" HPOS="1529"/>
<SP HEIGHT="49" WIDTH="30" VPOS="1023" HPOS="1572"/>
<String CONTENT="La" HEIGHT="40" WIDTH="67" VPOS="1023" HPOS="1603"/>
<SP HEIGHT="29" WIDTH="26" VPOS="1034" HPOS="1671"/>
<String CS="1" CONTENT="naturaleza.&#8212;[V." HEIGHT="49" WIDTH="426" VPOS="1023" HPOS="1698"/>
<SP HEIGHT="41" WIDTH="21" VPOS="1021" HPOS="2125"/>
<String CONTENT="5]" HEIGHT="51" WIDTH="42" VPOS="1021" HPOS="2147"/>
</TextLine>
<TextLine HEIGHT="52" WIDTH="1989" VPOS="1078" HPOS="200">
<String CONTENT="Story" HEIGHT="48" WIDTH="142" VPOS="1080" HPOS="200"/>
<SP HEIGHT="36" WIDTH="34" VPOS="1092" HPOS="343"/>
<String CONTENT="of" HEIGHT="40" WIDTH="51" VPOS="1081" HPOS="378"/>
<SP HEIGHT="40" WIDTH="35" VPOS="1081" HPOS="430"/>
<String CONTENT="the" HEIGHT="40" WIDTH="80" VPOS="1081" HPOS="466"/>
<SP HEIGHT="29" WIDTH="34" VPOS="1092" HPOS="547"/>
<String CONTENT="world&#8217;s" HEIGHT="41" WIDTH="194" VPOS="1081" HPOS="582"/>
<SP HEIGHT="38" WIDTH="31" VPOS="1083" HPOS="777"/>
<String CONTENT="literature.&#8212;" HEIGHT="40" WIDTH="344" VPOS="1082" HPOS="809"/>
<SP HEIGHT="29" WIDTH="19" VPOS="1101" HPOS="1154"/>
<String CONTENT="[" HEIGHT="29" WIDTH="10" VPOS="1101" HPOS="1174"/>
<String CONTENT="v." HEIGHT="29" WIDTH="45" VPOS="1091" HPOS="1188"/>
<SP HEIGHT="42" WIDTH="35" VPOS="1078" HPOS="1234"/>
<String CONTENT="6]" HEIGHT="52" WIDTH="42" VPOS="1078" HPOS="1270"/>
<SP HEIGHT="49" WIDTH="35" VPOS="1081" HPOS="1313"/>
<String LANG="fr" CONTENT="El" HEIGHT="40" WIDTH="56" VPOS="1080" HPOS="1349"/>
<SP HEIGHT="40" WIDTH="34" VPOS="1080" HPOS="1406"/>
<String CONTENT="mundo" HEIGHT="40" WIDTH="177" VPOS="1080" HPOS="1441"/>
<SP HEIGHT="40" WIDTH="36" VPOS="1080" HPOS="1619"/>
<String LANG="fr" CONTENT="de" HEIGHT="40" WIDTH="57" VPOS="1080" HPOS="1656"/>
<SP HEIGHT="39" WIDTH="32" VPOS="1081" HPOS="1714"/>
<String LANG="fr" CONTENT="la" HEIGHT="39" WIDTH="47" VPOS="1081" HPOS="1747"/>
<SP HEIGHT="39" WIDTH="38" VPOS="1080" HPOS="1795"/>
<String CONTENT="belleza" HEIGHT="40" WIDTH="178" VPOS="1080" HPOS="1834"/>
<SP HEIGHT="37" WIDTH="35" VPOS="1091" HPOS="2013"/>
<String LANG="fr" CONTENT="y" HEIGHT="37" WIDTH="29" VPOS="1091" HPOS="2049"/>
<SP HEIGHT="48" WIDTH="35" VPOS="1080" HPOS="2079"/>
<String CONTENT="del" HEIGHT="41" WIDTH="74" VPOS="1080" HPOS="2115"/>
</TextLine>
<TextLine HEIGHT="52" WIDTH="1994" VPOS="1135" HPOS="198" CS="1">
<String LANG="en-US" CS="1" CONTENT="arte.&#8212;[v." HEIGHT="37" WIDTH="238" VPOS="1140" HPOS="198"/>
<SP HEIGHT="42" WIDTH="23" VPOS="1136" HPOS="437"/>
<String LANG="en-US" CONTENT="7]" HEIGHT="50" WIDTH="41" VPOS="1136" HPOS="461"/>
<SP HEIGHT="47" WIDTH="27" VPOS="1139" HPOS="503"/>
<String LANG="fr" CONTENT="Educaci&#244;n" HEIGHT="41" WIDTH="274" VPOS="1138" HPOS="531"/>
<SP HEIGHT="40" WIDTH="23" VPOS="1138" HPOS="806"/>
<String LANG="fr" CONTENT="higi&#233;nica." HEIGHT="49" WIDTH="253" VPOS="1137" HPOS="830"/>
<String LANG="en-US" CS="1" CONTENT="&#8212;[v." HEIGHT="29" WIDTH="119" VPOS="1158" HPOS="1087"/>
<SP HEIGHT="42" WIDTH="22" VPOS="1135" HPOS="1207"/>
<String LANG="en-US" CONTENT="8]" HEIGHT="52" WIDTH="43" VPOS="1135" HPOS="1230"/>
<SP HEIGHT="49" WIDTH="23" VPOS="1138" HPOS="1274"/>
<String LANG="fr" CONTENT="Invenci" HEIGHT="42" WIDTH="196" VPOS="1136" HPOS="1298"/>
<String LANG="en-US" CS="1" CONTENT="&#243;"/>
<String LANG="fr" CONTENT="nes" HEIGHT="30" WIDTH="84" VPOS="1147" HPOS="1527"/>
<SP HEIGHT="39" WIDTH="22" VPOS="1147" HPOS="1612"/>
<String LANG="fr" CONTENT="y" HEIGHT="38" WIDTH="29" VPOS="1148" HPOS="1635"/>
<SP HEIGHT="49" WIDTH="27" VPOS="1137" HPOS="1665"/>
<String LANG="en-US" CONTENT="descubrimientos.&#8212;" HEIGHT="42" WIDTH="499" VPOS="1135" HPOS="1693"/>
</TextLine>
<TextLine HEIGHT="51" WIDTH="1057" VPOS="1192" HPOS="216" CS="1">
<String CS="1" CONTENT="[V." HEIGHT="28" WIDTH="44" VPOS="1204" HPOS="216"/>
<SP HEIGHT="41" WIDTH="25" VPOS="1192" HPOS="261"/>
<String CONTENT="9]" HEIGHT="51" WIDTH="41" VPOS="1192" HPOS="287"/>
<SP HEIGHT="49" WIDTH="29" VPOS="1194" HPOS="329"/>
<String CONTENT="Stories," HEIGHT="47" WIDTH="196" VPOS="1194" HPOS="359"/>
<SP HEIGHT="46" WIDTH="26" VPOS="1195" HPOS="556"/>
<String CONTENT="books," HEIGHT="48" WIDTH="162" VPOS="1195" HPOS="583"/>
<SP HEIGHT="38" WIDTH="24" VPOS="1205" HPOS="746"/>
<String CONTENT="plays," HEIGHT="48" WIDTH="153" VPOS="1195" HPOS="771"/>
<SP HEIGHT="48" WIDTH="27" VPOS="1195" HPOS="925"/>
<String CONTENT="biographies." HEIGHT="48" WIDTH="320" VPOS="1194" HPOS="953"/>
</TextLine>
<TextLine HEIGHT="101" WIDTH="1973" VPOS="1247" HPOS="200" CS="1">
<String CONTENT="&#169;" HEIGHT="53" WIDTH="52" VPOS="1247" HPOS="200"/>
<SP HEIGHT="53" WIDTH="23" VPOS="1247" HPOS="253"/>
<String CONTENT="June" HEIGHT="39" WIDTH="125" VPOS="1252" HPOS="277"/>
<SP HEIGHT="39" WIDTH="20" VPOS="1252" HPOS="403"/>
<String CONTENT="21," HEIGHT="45" WIDTH="68" VPOS="1252" HPOS="424"/>
<SP HEIGHT="44" WIDTH="26" VPOS="1253" HPOS="493"/>
<String CONTENT="1935;" HEIGHT="42" WIDTH="139" VPOS="1251" HPOS="520"/>
<SP HEIGHT="40" WIDTH="24" VPOS="1253" HPOS="660"/>
<String CONTENT="2c." HEIGHT="39" WIDTH="66" VPOS="1253" HPOS="685"/>
<SP HEIGHT="30" WIDTH="26" VPOS="1262" HPOS="752"/>
<String CONTENT="each" HEIGHT="38" WIDTH="116" VPOS="1253" HPOS="779"/>
<SP HEIGHT="38" WIDTH="23" VPOS="1253" HPOS="896"/>
<String CONTENT="and" HEIGHT="38" WIDTH="95" VPOS="1253" HPOS="920"/>
<SP HEIGHT="39" WIDTH="22" VPOS="1253" HPOS="1016"/>
<String CONTENT="aff." HEIGHT="41" WIDTH="80" VPOS="1251" HPOS="1039"/>
<SP HEIGHT="39" WIDTH="25" VPOS="1252" HPOS="1120"/>
<String CONTENT="July" HEIGHT="47" WIDTH="115" VPOS="1252" HPOS="1146"/>
<SP HEIGHT="47" WIDTH="22" VPOS="1252" HPOS="1262"/>
<String CS="1" CONTENT="24;" HEIGHT="38" WIDTH="56" VPOS="1252" HPOS="1285"/>
<SP HEIGHT="45" WIDTH="25" VPOS="1252" HPOS="1368"/>
<!-- cceid 913E9734-6D82-1014-B070-FDFD250A9EDA --><String CONTENT="A" HEIGHT="38" WIDTH="41" VPOS="1252" HPOS="1394"/>
<SP HEIGHT="39" WIDTH="24" VPOS="1251" HPOS="1436"/>
<String CS="1" CONTENT="84772;" HEIGHT="40" WIDTH="140" VPOS="1250" HPOS="1461"/>
<SP HEIGHT="42" WIDTH="26" VPOS="1251" HPOS="1630"/>
<String CONTENT="Americana" HEIGHT="39" WIDTH="288" VPOS="1250" HPOS="1657"/>
<SP HEIGHT="30" WIDTH="27" VPOS="1259" HPOS="1946"/>
<String CONTENT="corporation." HEIGHT="91" WIDTH="1906" VPOS="1257" HPOS="267"/>
</TextLine>
<TextLine HEIGHT="52" WIDTH="1745" VPOS="1305" HPOS="447">
<String CONTENT="[Copyright" HEIGHT="49" WIDTH="278" VPOS="1308" HPOS="447"/>
<SP HEIGHT="40" WIDTH="29" VPOS="1309" HPOS="726"/>
<String CONTENT="is" HEIGHT="39" WIDTH="42" VPOS="1309" HPOS="756"/>
<SP HEIGHT="28" WIDTH="31" VPOS="1320" HPOS="799"/>
<String CONTENT="claimed" HEIGHT="40" WIDTH="203" VPOS="1308" HPOS="831"/>
<SP HEIGHT="39" WIDTH="31" VPOS="1310" HPOS="1035"/>
<String CONTENT="on" HEIGHT="30" WIDTH="59" VPOS="1319" HPOS="1067"/>
<SP HEIGHT="40" WIDTH="34" VPOS="1309" HPOS="1127"/>
<String CONTENT="Spanish" HEIGHT="48" WIDTH="208" VPOS="1308" HPOS="1162"/>
<SP HEIGHT="37" WIDTH="31" VPOS="1310" HPOS="1371"/>
<String CONTENT="text" HEIGHT="38" WIDTH="104" VPOS="1310" HPOS="1403"/>
<SP HEIGHT="37" WIDTH="29" VPOS="1311" HPOS="1508"/>
<String CONTENT="and" HEIGHT="39" WIDTH="96" VPOS="1308" HPOS="1538"/>
<SP HEIGHT="39" WIDTH="29" VPOS="1308" HPOS="1635"/>
<String CONTENT="revision" HEIGHT="41" WIDTH="210" VPOS="1306" HPOS="1665"/>
<SP HEIGHT="29" WIDTH="31" VPOS="1318" HPOS="1876"/>
<String CONTENT="of" HEIGHT="39" WIDTH="53" VPOS="1308" HPOS="1908"/>
<SP HEIGHT="38" WIDTH="29" VPOS="1308" HPOS="1962"/>
<String CONTENT="English" HEIGHT="48" WIDTH="200" VPOS="1305" HPOS="1992"/>
</TextLine>
<TextLine HEIGHT="47" WIDTH="469" VPOS="1366" HPOS="268">
<String CONTENT="text]" HEIGHT="46" WIDTH="118" VPOS="1367" HPOS="268"/>
<SP HEIGHT="47" WIDTH="70" VPOS="1366" HPOS="387"/>
<String CONTENT="(35-11036)" HEIGHT="47" WIDTH="279" VPOS="1366" HPOS="458"/>
</TextLine>
<TextLine HEIGHT="66" WIDTH="919" VPOS="1466" HPOS="207" STYLEREFS="StyleId-95517110-0925-4F3C-B393-20DDC08CED7C-">
<String CONTENT="Lomax," HEIGHT="66" WIDTH="240" VPOS="1466" HPOS="207"/>
<SP HEIGHT="63" WIDTH="27" VPOS="1469" HPOS="448"/>
<String CONTENT="Paul" HEIGHT="53" WIDTH="144" VPOS="1469" HPOS="476"/>
<SP HEIGHT="54" WIDTH="28" VPOS="1469" HPOS="621"/>
<String CONTENT="Sanford," HEIGHT="63" WIDTH="273" VPOS="1469" HPOS="650"/>
<SP HEIGHT="58" WIDTH="32" VPOS="1474" HPOS="924"/>
<String CONTENT="1890-" HEIGHT="49" WIDTH="169" VPOS="1474" HPOS="957"/>
</TextLine>
<TextLine HEIGHT="71" WIDTH="1857" VPOS="1543" HPOS="277" STYLEREFS="StyleId-95517110-0925-4F3C-B393-20DDC08CED7C-" CS="1">
<String CONTENT="Problems" HEIGHT="54" WIDTH="294" VPOS="1545" HPOS="277"/>
<SP HEIGHT="35" WIDTH="42" VPOS="1564" HPOS="572"/>
<String CONTENT="of" HEIGHT="54" WIDTH="65" VPOS="1545" HPOS="615"/>
<SP HEIGHT="54" WIDTH="36" VPOS="1545" HPOS="681"/>
<String CONTENT="teaching" HEIGHT="68" WIDTH="268" VPOS="1546" HPOS="718"/>
<SP HEIGHT="63" WIDTH="35" VPOS="1551" HPOS="987"/>
<String CONTENT="typewriting," HEIGHT="71" WIDTH="393" VPOS="1543" HPOS="1023"/>
<SP HEIGHT="67" WIDTH="36" VPOS="1546" HPOS="1417"/>
<String CONTENT="by" HEIGHT="67" WIDTH="76" VPOS="1546" HPOS="1454"/>
<SP HEIGHT="68" WIDTH="41" VPOS="1545" HPOS="1531"/>
<String CONTENT="Paul" HEIGHT="53" WIDTH="148" VPOS="1545" HPOS="1573"/>
<SP HEIGHT="56" WIDTH="43" VPOS="1544" HPOS="1722"/>
<String CONTENT="S." HEIGHT="56" WIDTH="56" VPOS="1544" HPOS="1766"/>
<SP HEIGHT="52" WIDTH="42" VPOS="1545" HPOS="1823"/>
<String CONTENT="Lomax" HEIGHT="53" WIDTH="219" VPOS="1545" HPOS="1866"/>
<SP HEIGHT="34" WIDTH="48" VPOS="1564" HPOS="2086"/>
<String CS="1" CONTENT="&#8230;"/>
</TextLine>
<TextLine HEIGHT="68" WIDTH="1990" VPOS="1623" HPOS="207" STYLEREFS="StyleId-95517110-0925-4F3C-B393-20DDC08CED7C-" CS="1">
<String CONTENT="Helen" HEIGHT="53" WIDTH="184" VPOS="1623" HPOS="207"/>
<SP HEIGHT="51" WIDTH="45" VPOS="1624" HPOS="392"/>
<String CONTENT="Reynolds" HEIGHT="66" WIDTH="291" VPOS="1624" HPOS="438"/>
<SP HEIGHT="35" WIDTH="46" VPOS="1642" HPOS="730"/>
<String CS="1" CONTENT="&#8230;"/>
<SP HEIGHT="34" WIDTH="50" VPOS="1642" HPOS="834"/>
<String CONTENT="and" HEIGHT="52" WIDTH="112" VPOS="1624" HPOS="885"/>
<SP HEIGHT="52" WIDTH="45" VPOS="1624" HPOS="998"/>
<String CONTENT="Margaret" HEIGHT="67" WIDTH="297" VPOS="1624" HPOS="1044"/>
<SP HEIGHT="52" WIDTH="42" VPOS="1624" HPOS="1342"/>
<String CONTENT="H." HEIGHT="51" WIDTH="76" VPOS="1624" HPOS="1385"/>
<SP HEIGHT="51" WIDTH="50" VPOS="1624" HPOS="1462"/>
<String CONTENT="Ely" HEIGHT="66" WIDTH="114" VPOS="1624" HPOS="1513"/>
<SP HEIGHT="50" WIDTH="49" VPOS="1640" HPOS="1628"/>
<String CS="1" CONTENT="&#8230;"/>
<SP HEIGHT="52" WIDTH="94" VPOS="1624" HPOS="1735"/>
<String CONTENT="New" HEIGHT="52" WIDTH="138" VPOS="1624" HPOS="1830"/>
<SP HEIGHT="52" WIDTH="47" VPOS="1624" HPOS="1969"/>
<String CONTENT="York," HEIGHT="63" WIDTH="180" VPOS="1623" HPOS="2017"/>
</TextLine>
<TextLine HEIGHT="70" WIDTH="784" VPOS="1698" HPOS="208" STYLEREFS="StyleId-95517110-0925-4F3C-B393-20DDC08CED7C-">
<String CONTENT="Prentice-Hall," HEIGHT="70" WIDTH="448" VPOS="1698" HPOS="208"/>
<SP HEIGHT="68" WIDTH="27" VPOS="1700" HPOS="657"/>
<String CONTENT="inc.," HEIGHT="68" WIDTH="125" VPOS="1700" HPOS="685"/>
<SP HEIGHT="64" WIDTH="32" VPOS="1704" HPOS="811"/>
<String CONTENT="1935." HEIGHT="53" WIDTH="148" VPOS="1702" HPOS="844"/>
</TextLine>
<TextLine HEIGHT="49" WIDTH="621" VPOS="1773" HPOS="273" STYLEREFS="StyleId-95517110-0925-4F3C-B393-20DDC08CED7C-" CS="1">
<String LANG="en-US" CONTENT="x." HEIGHT="29" WIDTH="43" VPOS="1786" HPOS="273"/>
<SP HEIGHT="40" WIDTH="30" VPOS="1775" HPOS="317"/>
<String LANG="en-US" CONTENT="281" HEIGHT="40" WIDTH="82" VPOS="1773" HPOS="348"/>
<SP HEIGHT="46" WIDTH="32" VPOS="1776" HPOS="431"/>
<String LANG="fr" CONTENT="p." HEIGHT="37" WIDTH="40" VPOS="1785" HPOS="464"/>
<SP HEIGHT="39" WIDTH="60" VPOS="1775" HPOS="505"/>
<String LANG="en-US" CONTENT="diagr." HEIGHT="47" WIDTH="153" VPOS="1774" HPOS="566"/>
<SP HEIGHT="42" WIDTH="57" VPOS="1773" HPOS="720"/>
<String LANG="fr" CS="1" CONTENT="19cm." HEIGHT="43" WIDTH="116" VPOS="1773" HPOS="778"/>
</TextLine>
<TextLine HEIGHT="50" WIDTH="1494" VPOS="1829" HPOS="277">
<String CONTENT="&#8220;References&#8221;" HEIGHT="41" WIDTH="346" VPOS="1829" HPOS="277"/>
<SP HEIGHT="41" WIDTH="20" VPOS="1829" HPOS="624"/>
<String CONTENT="at" HEIGHT="39" WIDTH="52" VPOS="1832" HPOS="645"/>
<SP HEIGHT="39" WIDTH="24" VPOS="1832" HPOS="698"/>
<String CONTENT="end" HEIGHT="40" WIDTH="90" VPOS="1831" HPOS="723"/>
<SP HEIGHT="40" WIDTH="25" VPOS="1831" HPOS="814"/>
<String CONTENT="of" HEIGHT="41" WIDTH="51" VPOS="1830" HPOS="840"/>
<SP HEIGHT="41" WIDTH="22" VPOS="1830" HPOS="892"/>
<String CONTENT="each" HEIGHT="41" WIDTH="117" VPOS="1831" HPOS="915"/>
<SP HEIGHT="40" WIDTH="26" VPOS="1831" HPOS="1033"/>
<String CONTENT="chapter" HEIGHT="49" WIDTH="199" VPOS="1829" HPOS="1060"/>
<SP HEIGHT="29" WIDTH="26" VPOS="1841" HPOS="1260"/>
<String CONTENT="except" HEIGHT="46" WIDTH="168" VPOS="1833" HPOS="1287"/>
<SP HEIGHT="39" WIDTH="26" VPOS="1833" HPOS="1456"/>
<String CONTENT="chapter" HEIGHT="48" WIDTH="201" VPOS="1831" HPOS="1483"/>
<SP HEIGHT="29" WIDTH="24" VPOS="1841" HPOS="1685"/>
<String CONTENT="vi." HEIGHT="29" WIDTH="61" VPOS="1841" HPOS="1710"/>
</TextLine>
<TextLine HEIGHT="53" WIDTH="1909" VPOS="1883" HPOS="202" CS="1">
<String CONTENT="&#169;" HEIGHT="53" WIDTH="54" VPOS="1883" HPOS="202"/>
<SP HEIGHT="53" WIDTH="21" VPOS="1883" HPOS="257"/>
<String CONTENT="July" HEIGHT="46" WIDTH="118" VPOS="1888" HPOS="279"/>
<SP HEIGHT="46" WIDTH="20" VPOS="1888" HPOS="398"/>
<String CONTENT="8," HEIGHT="45" WIDTH="38" VPOS="1888" HPOS="419"/>
<SP HEIGHT="45" WIDTH="28" VPOS="1888" HPOS="458"/>
<String CS="1" CONTENT="4935;" HEIGHT="40" WIDTH="113" VPOS="1887" HPOS="487"/>
<SP HEIGHT="46" WIDTH="23" VPOS="1888" HPOS="628"/>
<String CONTENT="2c." HEIGHT="39" WIDTH="66" VPOS="1888" HPOS="652"/>
<SP HEIGHT="39" WIDTH="28" VPOS="1888" HPOS="719"/>
<String CONTENT="July" HEIGHT="48" WIDTH="115" VPOS="1888" HPOS="748"/>
<SP HEIGHT="47" WIDTH="21" VPOS="1889" HPOS="864"/>
<String CONTENT="16;" HEIGHT="46" WIDTH="82" VPOS="1888" HPOS="886"/>
<SP HEIGHT="36" WIDTH="28" VPOS="1898" HPOS="969"/>
<String CONTENT="aff." HEIGHT="41" WIDTH="82" VPOS="1887" HPOS="998"/>
<SP HEIGHT="40" WIDTH="26" VPOS="1888" HPOS="1081"/>
<String CONTENT="July" HEIGHT="47" WIDTH="115" VPOS="1888" HPOS="1108"/>
<SP HEIGHT="47" WIDTH="24" VPOS="1888" HPOS="1224"/>
<String CS="1" CONTENT="17;" HEIGHT="39" WIDTH="55" VPOS="1888" HPOS="1249"/>
<SP HEIGHT="46" WIDTH="25" VPOS="1888" HPOS="1331"/>
<!-- cceid 913F0461-6D82-1014-B070-FDFD250A9EDA --><String CONTENT="A" HEIGHT="38" WIDTH="41" VPOS="1888" HPOS="1357"/>
<SP HEIGHT="40" WIDTH="23" VPOS="1888" HPOS="1399"/>
<String CS="1" CONTENT="85073;" HEIGHT="41" WIDTH="141" VPOS="1887" HPOS="1423"/>
<SP HEIGHT="47" WIDTH="28" VPOS="1888" HPOS="1593"/>
<String CONTENT="Prentice-Hall," HEIGHT="47" WIDTH="373" VPOS="1888" HPOS="1622"/>
<SP HEIGHT="48" WIDTH="26" VPOS="1887" HPOS="1996"/>
<String CONTENT="inc." HEIGHT="40" WIDTH="88" VPOS="1887" HPOS="2023"/>
</TextLine>
<TextLine HEIGHT="48" WIDTH="279" VPOS="1944" HPOS="283">
<String CONTENT="(35-11141)" HEIGHT="48" WIDTH="279" VPOS="1944" HPOS="283"/>
</TextLine>
<TextLine HEIGHT="62" WIDTH="498" VPOS="2036" HPOS="209" STYLEREFS="StyleId-95517110-0925-4F3C-B393-20DDC08CED7C-">
<String CONTENT="Lorant," HEIGHT="62" WIDTH="239" VPOS="2036" HPOS="209"/>
<SP HEIGHT="61" WIDTH="27" VPOS="2037" HPOS="449"/>
<String CONTENT="Stefan." HEIGHT="56" WIDTH="230" VPOS="2036" HPOS="477"/>
</TextLine>
<TextLine HEIGHT="133" WIDTH="1965" VPOS="2111" HPOS="209" STYLEREFS="StyleId-95517110-0925-4F3C-B393-20DDC08CED7C-" CS="1">
<String CONTENT="I" HEIGHT="51" WIDTH="29" VPOS="2113" HPOS="278"/>
<SP HEIGHT="51" WIDTH="29" VPOS="2113" HPOS="308"/>
<String CONTENT="was" HEIGHT="34" WIDTH="116" VPOS="2132" HPOS="338"/>
<SP HEIGHT="53" WIDTH="22" VPOS="2113" HPOS="455"/>
<String CONTENT="Hitler&#8217;s" HEIGHT="55" WIDTH="243" VPOS="2112" HPOS="478"/>
<SP HEIGHT="50" WIDTH="20" VPOS="2131" HPOS="722"/>
<String CS="1" CONTENT="prisoner;" HEIGHT="69" WIDTH="258" VPOS="2112" HPOS="743"/>
<SP HEIGHT="49" WIDTH="29" VPOS="2131" HPOS="1029"/>
<String CONTENT="a" HEIGHT="35" WIDTH="31" VPOS="2131" HPOS="1059"/>
<SP HEIGHT="53" WIDTH="29" VPOS="2113" HPOS="1091"/>
<String CONTENT="diary," HEIGHT="68" WIDTH="184" VPOS="2113" HPOS="1121"/>
<SP HEIGHT="68" WIDTH="25" VPOS="2112" HPOS="1306"/>
<String CONTENT="by" HEIGHT="68" WIDTH="76" VPOS="2112" HPOS="1332"/>
<SP HEIGHT="69" WIDTH="26" VPOS="2111" HPOS="1409"/>
<String CONTENT="Stefan" HEIGHT="57" WIDTH="208" VPOS="2111" HPOS="1436"/>
<SP HEIGHT="53" WIDTH="25" VPOS="2113" HPOS="1645"/>
<String CONTENT="Lorant" HEIGHT="53" WIDTH="220" VPOS="2113" HPOS="1671"/>
<SP HEIGHT="48" WIDTH="30" VPOS="2118" HPOS="1892"/>
<String CS="1" CONTENT="&#8230;"/>
<SP HEIGHT="46" WIDTH="33" VPOS="2121" HPOS="1981"/>
<String CONTENT="translated" HEIGHT="123" WIDTH="1965" VPOS="2121" HPOS="209"/>
<SP HEIGHT="54" WIDTH="35" VPOS="2190" HPOS="360"/>
<String CONTENT="from" HEIGHT="53" WIDTH="152" VPOS="2190" HPOS="396"/>
</TextLine>
<TextLine HEIGHT="71" WIDTH="1617" VPOS="2189" HPOS="580" STYLEREFS="StyleId-95517110-0925-4F3C-B393-20DDC08CED7C-">
<String CONTENT="the" HEIGHT="52" WIDTH="96" VPOS="2192" HPOS="580"/>
<SP HEIGHT="56" WIDTH="31" VPOS="2189" HPOS="677"/>
<String CONTENT="German" HEIGHT="56" WIDTH="250" VPOS="2189" HPOS="709"/>
<SP HEIGHT="54" WIDTH="28" VPOS="2190" HPOS="960"/>
<String CONTENT="by" HEIGHT="68" WIDTH="76" VPOS="2190" HPOS="989"/>
<SP HEIGHT="68" WIDTH="31" VPOS="2190" HPOS="1066"/>
<String CONTENT="James" HEIGHT="55" WIDTH="195" VPOS="2190" HPOS="1098"/>
<SP HEIGHT="54" WIDTH="30" VPOS="2191" HPOS="1294"/>
<String CONTENT="Cleugh." HEIGHT="69" WIDTH="237" VPOS="2190" HPOS="1325"/>
<SP HEIGHT="53" WIDTH="72" VPOS="2191" HPOS="1563"/>
<String CONTENT="New" HEIGHT="53" WIDTH="139" VPOS="2191" HPOS="1636"/>
<SP HEIGHT="53" WIDTH="35" VPOS="2191" HPOS="1776"/>
<String CONTENT="York," HEIGHT="69" WIDTH="179" VPOS="2191" HPOS="1812"/>
<SP HEIGHT="69" WIDTH="33" VPOS="2191" HPOS="1992"/>
<String LANG="fr" CONTENT="G." HEIGHT="56" WIDTH="70" VPOS="2191" HPOS="2026"/>
<SP HEIGHT="55" WIDTH="34" VPOS="2192" HPOS="2097"/>
<String CONTENT="P." HEIGHT="54" WIDTH="65" VPOS="2192" HPOS="2132"/>
</TextLine>
<TextLine HEIGHT="68" WIDTH="649" VPOS="2268" HPOS="208" STYLEREFS="StyleId-95517110-0925-4F3C-B393-20DDC08CED7C-">
<String CONTENT="Putnam&#8217;s" HEIGHT="54" WIDTH="294" VPOS="2268" HPOS="208"/>
<SP HEIGHT="34" WIDTH="28" VPOS="2288" HPOS="503"/>
<String CONTENT="sons," HEIGHT="49" WIDTH="145" VPOS="2287" HPOS="532"/>
<SP HEIGHT="63" WIDTH="29" VPOS="2273" HPOS="678"/>
<String CONTENT="1935." HEIGHT="50" WIDTH="149" VPOS="2272" HPOS="708"/>
</TextLine>
<TextLine HEIGHT="49" WIDTH="770" VPOS="2341" HPOS="277" CS="1">
<String CONTENT="318" HEIGHT="40" WIDTH="86" VPOS="2342" HPOS="277"/>
<SP HEIGHT="48" WIDTH="26" VPOS="2342" HPOS="364"/>
<String CONTENT="p." HEIGHT="36" WIDTH="40" VPOS="2354" HPOS="391"/>
<SP/>
<String CS="1" CONTENT="front."/>
<SP HEIGHT="49" WIDTH="26" VPOS="2341" HPOS="641"/>
<String CONTENT="(ports.)" HEIGHT="49" WIDTH="198" VPOS="2341" HPOS="668"/>
<SP HEIGHT="48" WIDTH="64" VPOS="2341" HPOS="867"/>
<String CONTENT="22" HEIGHT="39" WIDTH="56" VPOS="2342" HPOS="932"/>
<String STYLE="superscript" CONTENT="cm" HEIGHT="22" WIDTH="47" VPOS="2344" HPOS="989"/>
<String CONTENT="." HEIGHT="9" WIDTH="9" VPOS="2372" HPOS="1038"/>
</TextLine>
<TextLine HEIGHT="51" WIDTH="1915" VPOS="2398" HPOS="281">
<String CONTENT="&#8220;Included" HEIGHT="40" WIDTH="260" VPOS="2399" HPOS="281"/>
<SP HEIGHT="41" WIDTH="30" VPOS="2398" HPOS="542"/>
<String CONTENT="in" HEIGHT="40" WIDTH="50" VPOS="2398" HPOS="573"/>
<SP HEIGHT="37" WIDTH="30" VPOS="2401" HPOS="624"/>
<String CONTENT="these" HEIGHT="40" WIDTH="136" VPOS="2399" HPOS="655"/>
<SP HEIGHT="31" WIDTH="30" VPOS="2408" HPOS="792"/>
<String CONTENT="records" HEIGHT="41" WIDTH="194" VPOS="2399" HPOS="823"/>
<SP HEIGHT="39" WIDTH="33" VPOS="2409" HPOS="1018"/>
<String CONTENT="[are]" HEIGHT="41" WIDTH="113" VPOS="2407" HPOS="1052"/>
<SP HEIGHT="39" WIDTH="34" VPOS="2409" HPOS="1166"/>
<String CONTENT="a" HEIGHT="30" WIDTH="27" VPOS="2409" HPOS="1201"/>
<SP HEIGHT="30" WIDTH="33" VPOS="2409" HPOS="1229"/>
<String CONTENT="number" HEIGHT="41" WIDTH="203" VPOS="2399" HPOS="1263"/>
<SP HEIGHT="31" WIDTH="32" VPOS="2409" HPOS="1467"/>
<String CONTENT="of" HEIGHT="41" WIDTH="52" VPOS="2399" HPOS="1500"/>
<SP HEIGHT="41" WIDTH="33" VPOS="2399" HPOS="1553"/>
<String CONTENT="extracts" HEIGHT="40" WIDTH="216" VPOS="2401" HPOS="1587"/>
<SP HEIGHT="40" WIDTH="31" VPOS="2401" HPOS="1804"/>
<String CONTENT="from" HEIGHT="39" WIDTH="125" VPOS="2401" HPOS="1836"/>
<SP HEIGHT="30" WIDTH="32" VPOS="2412" HPOS="1962"/>
<String CONTENT="a" HEIGHT="29" WIDTH="27" VPOS="2413" HPOS="1995"/>
<SP HEIGHT="40" WIDTH="33" VPOS="2402" HPOS="2023"/>
<String CONTENT="diary" HEIGHT="48" WIDTH="139" VPOS="2401" HPOS="2057"/>
</TextLine>
<TextLine HEIGHT="51" WIDTH="684" VPOS="2453" HPOS="211">
<String CONTENT="kept" HEIGHT="48" WIDTH="112" VPOS="2456" HPOS="211"/>
<SP HEIGHT="41" WIDTH="25" VPOS="2455" HPOS="324"/>
<String CONTENT="by" HEIGHT="48" WIDTH="61" VPOS="2455" HPOS="350"/>
<SP HEIGHT="37" WIDTH="25" VPOS="2466" HPOS="412"/>
<String CONTENT="my" HEIGHT="37" WIDTH="79" VPOS="2467" HPOS="438"/>
<SP HEIGHT="38" WIDTH="25" VPOS="2466" HPOS="518"/>
<String CONTENT="wife.&#8221;&#8212;Pref." HEIGHT="43" WIDTH="351" VPOS="2453" HPOS="544"/>
</TextLine>
<TextLine HEIGHT="109" WIDTH="1973" VPOS="2508" HPOS="207" CS="1">
<String CONTENT="&#169;" HEIGHT="53" WIDTH="52" VPOS="2508" HPOS="207"/>
<SP HEIGHT="53" WIDTH="30" VPOS="2508" HPOS="260"/>
<String CONTENT="July" HEIGHT="47" WIDTH="115" VPOS="2513" HPOS="291"/>
<SP HEIGHT="47" WIDTH="28" VPOS="2513" HPOS="407"/>
<String CONTENT="11," HEIGHT="44" WIDTH="67" VPOS="2513" HPOS="436"/>
<SP HEIGHT="44" WIDTH="33" VPOS="2513" HPOS="504"/>
<String CONTENT="1935;" HEIGHT="45" WIDTH="140" VPOS="2512" HPOS="538"/>
<SP HEIGHT="46" WIDTH="29" VPOS="2511" HPOS="679"/>
<String CONTENT="2c." HEIGHT="41" WIDTH="67" VPOS="2511" HPOS="709"/>
<SP HEIGHT="39" WIDTH="31" VPOS="2512" HPOS="777"/>
<String CONTENT="July" HEIGHT="47" WIDTH="115" VPOS="2512" HPOS="809"/>
<SP HEIGHT="46" WIDTH="28" VPOS="2513" HPOS="925"/>
<String CS="1" CONTENT="17;" HEIGHT="39" WIDTH="54" VPOS="2513" HPOS="954"/>
<SP HEIGHT="36" WIDTH="35" VPOS="2522" HPOS="1035"/>
<String CONTENT="aff." HEIGHT="39" WIDTH="81" VPOS="2512" HPOS="1071"/>
<SP HEIGHT="39" WIDTH="30" VPOS="2512" HPOS="1153"/>
<String CONTENT="July" HEIGHT="48" WIDTH="115" VPOS="2512" HPOS="1184"/>
<SP HEIGHT="48" WIDTH="28" VPOS="2512" HPOS="1300"/>
<String CONTENT="16;" HEIGHT="46" WIDTH="82" VPOS="2512" HPOS="1329"/>
<SP HEIGHT="45" WIDTH="31" VPOS="2513" HPOS="1412"/>
<!-- cceid 913F7886-6D82-1014-B070-FDFD250A9EDA --><String CONTENT="A" HEIGHT="37" WIDTH="41" VPOS="2513" HPOS="1444"/>
<SP HEIGHT="39" WIDTH="29" VPOS="2513" HPOS="1486"/>
<String CONTENT="84762;" HEIGHT="46" WIDTH="169" VPOS="2512" HPOS="1516"/>
<SP HEIGHT="45" WIDTH="36" VPOS="2513" HPOS="1686"/>
<String CONTENT="S." HEIGHT="40" WIDTH="43" VPOS="2513" HPOS="1723"/>
<SP HEIGHT="39" WIDTH="30" VPOS="2513" HPOS="1767"/>
<String CONTENT="Lorant," HEIGHT="49" WIDTH="194" VPOS="2513" HPOS="1798"/>
<SP HEIGHT="47" WIDTH="33" VPOS="2515" HPOS="1993"/>
<String CONTENT="Aldenham," HEIGHT="104" WIDTH="1906" VPOS="2513" HPOS="274"/>
</TextLine>
<TextLine HEIGHT="49" WIDTH="776" VPOS="2568" HPOS="426">
<String CONTENT="Harts," HEIGHT="45" WIDTH="166" VPOS="2570" HPOS="426"/>
<SP HEIGHT="45" WIDTH="25" VPOS="2570" HPOS="593"/>
<String CONTENT="England." HEIGHT="48" WIDTH="235" VPOS="2569" HPOS="619"/>
<SP HEIGHT="47" WIDTH="68" VPOS="2569" HPOS="855"/>
<String CONTENT="(35-11019)" HEIGHT="48" WIDTH="278" VPOS="2568" HPOS="924"/>
</TextLine>
<TextLine HEIGHT="64" WIDTH="1253" VPOS="2657" HPOS="213" STYLEREFS="StyleId-95517110-0925-4F3C-B393-20DDC08CED7C-">
<String CONTENT="McCormick," HEIGHT="64" WIDTH="383" VPOS="2657" HPOS="213"/>
<SP HEIGHT="62" WIDTH="29" VPOS="2659" HPOS="597"/>
<String CONTENT="Robert" HEIGHT="52" WIDTH="220" VPOS="2658" HPOS="627"/>
<SP HEIGHT="52" WIDTH="27" VPOS="2658" HPOS="848"/>
<String CONTENT="Rutherford," HEIGHT="64" WIDTH="387" VPOS="2657" HPOS="876"/>
<SP HEIGHT="57" WIDTH="32" VPOS="2664" HPOS="1264"/>
<String CONTENT="1880-" HEIGHT="49" WIDTH="169" VPOS="2663" HPOS="1297"/>
</TextLine>
<TextLine HEIGHT="132" WIDTH="1962" VPOS="2732" HPOS="210" STYLEREFS="StyleId-95517110-0925-4F3C-B393-20DDC08CED7C-" CS="1">
<String CONTENT="Constitutional" HEIGHT="54" WIDTH="446" VPOS="2734" HPOS="280"/>
<SP HEIGHT="65" WIDTH="23" VPOS="2735" HPOS="727"/>
<String CONTENT="principles," HEIGHT="68" WIDTH="326" VPOS="2732" HPOS="751"/>
<SP HEIGHT="65" WIDTH="19" VPOS="2734" HPOS="1078"/>
<String CONTENT="by" HEIGHT="65" WIDTH="76" VPOS="2734" HPOS="1098"/>
<SP HEIGHT="65" WIDTH="18" VPOS="2734" HPOS="1175"/>
<String CONTENT="Robert" HEIGHT="53" WIDTH="217" VPOS="2734" HPOS="1194"/>
<SP HEIGHT="52" WIDTH="18" VPOS="2735" HPOS="1412"/>
<String CONTENT="R." HEIGHT="53" WIDTH="70" VPOS="2735" HPOS="1431"/>
<SP HEIGHT="54" WIDTH="22" VPOS="2734" HPOS="1502"/>
<String CONTENT="McCormick" HEIGHT="55" WIDTH="365" VPOS="2734" HPOS="1525"/>
<SP HEIGHT="54" WIDTH="26" VPOS="2735" HPOS="1891"/>
<String CS="1" CONTENT="&#8230;"/>
<SP HEIGHT="33" WIDTH="28" VPOS="2756" HPOS="1975"/>
<String CONTENT="an" HEIGHT="33" WIDTH="72" VPOS="2756" HPOS="2004"/>
<SP HEIGHT="33" WIDTH="22" VPOS="2756" HPOS="2077"/>
<String CONTENT="address" HEIGHT="127" WIDTH="1962" VPOS="2737" HPOS="210"/>
<SP HEIGHT="53" WIDTH="38" VPOS="2811" HPOS="364"/>
<String CONTENT="delivered" HEIGHT="52" WIDTH="285" VPOS="2811" HPOS="403"/>
</TextLine>
<TextLine HEIGHT="69" WIDTH="1466" VPOS="2809" HPOS="725" STYLEREFS="StyleId-95517110-0925-4F3C-B393-20DDC08CED7C-">
<String CONTENT="before" HEIGHT="56" WIDTH="194" VPOS="2809" HPOS="725"/>
<SP HEIGHT="50" WIDTH="33" VPOS="2815" HPOS="920"/>
<String CONTENT="the" HEIGHT="53" WIDTH="97" VPOS="2810" HPOS="954"/>
<SP HEIGHT="55" WIDTH="37" VPOS="2809" HPOS="1052"/>
<String CONTENT="Sentinels" HEIGHT="55" WIDTH="281" VPOS="2809" HPOS="1090"/>
<SP HEIGHT="34" WIDTH="37" VPOS="2829" HPOS="1372"/>
<String CONTENT="of" HEIGHT="54" WIDTH="63" VPOS="2809" HPOS="1410"/>
<SP HEIGHT="54" WIDTH="36" VPOS="2809" HPOS="1474"/>
<String CONTENT="the" HEIGHT="52" WIDTH="97" VPOS="2811" HPOS="1511"/>
<SP HEIGHT="33" WIDTH="33" VPOS="2830" HPOS="1609"/>
<String CONTENT="republic," HEIGHT="66" WIDTH="273" VPOS="2812" HPOS="1643"/>
<SP HEIGHT="63" WIDTH="37" VPOS="2814" HPOS="1917"/>
<String CONTENT="Faneuil" HEIGHT="52" WIDTH="236" VPOS="2813" HPOS="1955"/>
</TextLine>
<TextLine HEIGHT="72" WIDTH="1981" VPOS="2885" HPOS="212" STYLEREFS="StyleId-95517110-0925-4F3C-B393-20DDC08CED7C-">
<String CONTENT="hall," HEIGHT="65" WIDTH="135" VPOS="2887" HPOS="212"/>
<SP HEIGHT="64" WIDTH="30" VPOS="2888" HPOS="348"/>
<String CONTENT="Boston," HEIGHT="65" WIDTH="233" VPOS="2888" HPOS="379"/>
<SP HEIGHT="66" WIDTH="32" VPOS="2887" HPOS="613"/>
<String CONTENT="May" HEIGHT="66" WIDTH="138" VPOS="2887" HPOS="646"/>
<SP HEIGHT="62" WIDTH="31" VPOS="2891" HPOS="785"/>
<String CONTENT="3," HEIGHT="62" WIDTH="49" VPOS="2891" HPOS="817"/>
<SP HEIGHT="64" WIDTH="30" VPOS="2889" HPOS="867"/>
<String CONTENT="1935." HEIGHT="50" WIDTH="150" VPOS="2889" HPOS="898"/>
<SP HEIGHT="34" WIDTH="74" VPOS="2920" HPOS="1049"/>
<String CONTENT="[Chicago," HEIGHT="69" WIDTH="289" VPOS="2885" HPOS="1124"/>
<SP HEIGHT="65" WIDTH="31" VPOS="2888" HPOS="1414"/>
<String CONTENT="The" HEIGHT="52" WIDTH="121" VPOS="2888" HPOS="1446"/>
<SP HEIGHT="51" WIDTH="31" VPOS="2889" HPOS="1568"/>
<String CONTENT="Tribune" HEIGHT="53" WIDTH="253" VPOS="2888" HPOS="1600"/>
<SP HEIGHT="33" WIDTH="33" VPOS="2908" HPOS="1854"/>
<String CONTENT="co.," HEIGHT="46" WIDTH="97" VPOS="2908" HPOS="1888"/>
<SP HEIGHT="58" WIDTH="31" VPOS="2896" HPOS="1986"/>
<String STYLE="superscript" CONTENT="c" HEIGHT="21" WIDTH="18" VPOS="2896" HPOS="2018"/>
<String CONTENT="1935]" HEIGHT="62" WIDTH="151" VPOS="2895" HPOS="2042"/>
</TextLine>
<TextLine HEIGHT="50" WIDTH="544" VPOS="2958" HPOS="282" STYLEREFS="StyleId-95517110-0925-4F3C-B393-20DDC08CED7C-" CS="1">
<String LANG="en-US" CONTENT="1" HEIGHT="39" WIDTH="25" VPOS="2961" HPOS="282"/>
<SP HEIGHT="47" WIDTH="24" VPOS="2961" HPOS="308"/>
<String LANG="fr" CONTENT="p." HEIGHT="38" WIDTH="43" VPOS="2970" HPOS="333"/>
<SP/>
<String LANG="fr" CS="1" CONTENT="l."/>
<String LANG="en-US" CONTENT="," HEIGHT="16" WIDTH="8" VPOS="2991" HPOS="437"/>
<SP HEIGHT="47" WIDTH="25" VPOS="2960" HPOS="446"/>
<String LANG="en-US" CONTENT="5-16" HEIGHT="41" WIDTH="115" VPOS="2959" HPOS="472"/>
<SP HEIGHT="49" WIDTH="22" VPOS="2959" HPOS="588"/>
<String LANG="en-US" CONTENT="p." HEIGHT="38" WIDTH="43" VPOS="2970" HPOS="611"/>
<SP HEIGHT="42" WIDTH="52" VPOS="2958" HPOS="655"/>
<String LANG="en-US" CONTENT="23" HEIGHT="41" WIDTH="56" VPOS="2958" HPOS="708"/>
<String STYLE="superscript" LANG="en-US" CONTENT="cm" HEIGHT="21" WIDTH="44" VPOS="2961" HPOS="768"/>
<String LANG="en-US" CONTENT="." HEIGHT="10" WIDTH="10" VPOS="2990" HPOS="816"/>
</TextLine>
<TextLine HEIGHT="53" WIDTH="1601" VPOS="3012" HPOS="208" CS="1">
<String CONTENT="&#169;" HEIGHT="53" WIDTH="52" VPOS="3012" HPOS="208"/>
<SP HEIGHT="53" WIDTH="24" VPOS="3012" HPOS="261"/>
<String CONTENT="May" HEIGHT="46" WIDTH="114" VPOS="3018" HPOS="286"/>
<SP HEIGHT="48" WIDTH="21" VPOS="3016" HPOS="401"/>
<String CONTENT="23," HEIGHT="47" WIDTH="69" VPOS="3016" HPOS="423"/>
<SP HEIGHT="46" WIDTH="24" VPOS="3017" HPOS="493"/>
<String CS="1" CONTENT="1935;" HEIGHT="40" WIDTH="113" VPOS="3016" HPOS="518"/>
<SP HEIGHT="46" WIDTH="29" VPOS="3016" HPOS="659"/>
<String CONTENT="2c." HEIGHT="39" WIDTH="66" VPOS="3016" HPOS="689"/>
<SP HEIGHT="28" WIDTH="24" VPOS="3027" HPOS="756"/>
<String CONTENT="and" HEIGHT="39" WIDTH="95" VPOS="3016" HPOS="781"/>
<SP HEIGHT="39" WIDTH="25" VPOS="3016" HPOS="877"/>
<String CONTENT="aff." HEIGHT="39" WIDTH="81" VPOS="3015" HPOS="903"/>
<SP HEIGHT="39" WIDTH="24" VPOS="3016" HPOS="985"/>
<String CONTENT="June" HEIGHT="39" WIDTH="129" VPOS="3016" HPOS="1010"/>
<SP HEIGHT="39" WIDTH="22" VPOS="3016" HPOS="1140"/>
<String CS="1" CONTENT="7;" HEIGHT="39" WIDTH="26" VPOS="3016" HPOS="1163"/>
<SP HEIGHT="46" WIDTH="28" VPOS="3015" HPOS="1216"/>
<!-- cceid 913FE1DF-6D82-1014-B070-FDFD250A9EDA --><String CONTENT="A" HEIGHT="39" WIDTH="40" VPOS="3015" HPOS="1245"/>
<SP HEIGHT="40" WIDTH="24" VPOS="3015" HPOS="1286"/>
<String CONTENT="84152;" HEIGHT="47" WIDTH="170" VPOS="3015" HPOS="1311"/>
<SP HEIGHT="46" WIDTH="25" VPOS="3016" HPOS="1482"/>
<String CONTENT="Tribune" HEIGHT="41" WIDTH="212" VPOS="3015" HPOS="1508"/>
<SP HEIGHT="30" WIDTH="23" VPOS="3026" HPOS="1721"/>
<String CONTENT="co." HEIGHT="28" WIDTH="64" VPOS="3028" HPOS="1745"/>
</TextLine>
<TextLine HEIGHT="49" WIDTH="278" VPOS="3072" HPOS="290">
<String CONTENT="(35-10987)" HEIGHT="49" WIDTH="278" VPOS="3072" HPOS="290"/>
</TextLine>
<TextLine HEIGHT="72" WIDTH="1916" VPOS="3159" HPOS="287" STYLEREFS="StyleId-95517110-0925-4F3C-B393-20DDC08CED7C-">
<String CONTENT="The" HEIGHT="52" WIDTH="122" VPOS="3162" HPOS="287"/>
<SP HEIGHT="53" WIDTH="23" VPOS="3161" HPOS="410"/>
<String CONTENT="fight" HEIGHT="68" WIDTH="143" VPOS="3161" HPOS="434"/>
<SP HEIGHT="54" WIDTH="26" VPOS="3160" HPOS="578"/>
<String CONTENT="for" HEIGHT="54" WIDTH="94" VPOS="3160" HPOS="605"/>
<SP HEIGHT="47" WIDTH="19" VPOS="3167" HPOS="700"/>
<String CONTENT="the" HEIGHT="53" WIDTH="98" VPOS="3161" HPOS="720"/>
<SP HEIGHT="54" WIDTH="20" VPOS="3159" HPOS="819"/>
<String CONTENT="freedom" HEIGHT="54" WIDTH="254" VPOS="3159" HPOS="840"/>
<SP HEIGHT="35" WIDTH="24" VPOS="3178" HPOS="1095"/>
<String CONTENT="of" HEIGHT="53" WIDTH="64" VPOS="3160" HPOS="1120"/>
<SP HEIGHT="53" WIDTH="22" VPOS="3160" HPOS="1185"/>
<String CONTENT="the" HEIGHT="52" WIDTH="96" VPOS="3161" HPOS="1208"/>
<SP HEIGHT="50" WIDTH="20" VPOS="3178" HPOS="1305"/>
<String CONTENT="press;" HEIGHT="50" WIDTH="185" VPOS="3178" HPOS="1326"/>
<SP HEIGHT="48" WIDTH="26" VPOS="3179" HPOS="1512"/>
<String CONTENT="an" HEIGHT="35" WIDTH="71" VPOS="3179" HPOS="1539"/>
<SP HEIGHT="36" WIDTH="21" VPOS="3179" HPOS="1611"/>
<String CONTENT="address" HEIGHT="54" WIDTH="230" VPOS="3162" HPOS="1633"/>
<SP HEIGHT="57" WIDTH="24" VPOS="3163" HPOS="1864"/>
<String CONTENT="by" HEIGHT="68" WIDTH="75" VPOS="3163" HPOS="1889"/>
<SP HEIGHT="67" WIDTH="23" VPOS="3164" HPOS="1965"/>
<String CONTENT="Robert" HEIGHT="54" WIDTH="214" VPOS="3164" HPOS="1989"/>
</TextLine>
<TextLine HEIGHT="72" WIDTH="1980" VPOS="3237" HPOS="220" STYLEREFS="StyleId-95517110-0925-4F3C-B393-20DDC08CED7C-">
<String CONTENT="R." HEIGHT="51" WIDTH="66" VPOS="3241" HPOS="220"/>
<SP HEIGHT="53" WIDTH="40" VPOS="3239" HPOS="287"/>
<String CONTENT="McCormick" HEIGHT="55" WIDTH="363" VPOS="3238" HPOS="328"/>
<SP HEIGHT="53" WIDTH="36" VPOS="3238" HPOS="692"/>
<String CONTENT="before" HEIGHT="54" WIDTH="198" VPOS="3237" HPOS="729"/>
<SP HEIGHT="48" WIDTH="35" VPOS="3243" HPOS="928"/>
<String CONTENT="the" HEIGHT="53" WIDTH="99" VPOS="3238" HPOS="964"/>
<SP HEIGHT="53" WIDTH="35" VPOS="3238" HPOS="1064"/>
<String CONTENT="New" HEIGHT="53" WIDTH="139" VPOS="3238" HPOS="1100"/>
<SP HEIGHT="53" WIDTH="40" VPOS="3237" HPOS="1240"/>
<String CONTENT="York" HEIGHT="54" WIDTH="167" VPOS="3237" HPOS="1281"/>
<SP HEIGHT="53" WIDTH="35" VPOS="3238" HPOS="1449"/>
<String CONTENT="advertising" HEIGHT="71" WIDTH="355" VPOS="3237" HPOS="1485"/>
<SP HEIGHT="51" WIDTH="36" VPOS="3257" HPOS="1841"/>
<String CONTENT="club," HEIGHT="67" WIDTH="146" VPOS="3242" HPOS="1878"/>
<SP HEIGHT="65" WIDTH="39" VPOS="3244" HPOS="2025"/>
<String CONTENT="New" HEIGHT="53" WIDTH="135" VPOS="3244" HPOS="2065"/>
</TextLine>
<TextLine HEIGHT="68" WIDTH="1409" VPOS="3316" HPOS="222" STYLEREFS="StyleId-95517110-0925-4F3C-B393-20DDC08CED7C-" CS="1">
<String CONTENT="York," HEIGHT="65" WIDTH="177" VPOS="3318" HPOS="222"/>
<SP HEIGHT="65" WIDTH="22" VPOS="3318" HPOS="400"/>
<String LANG="fr" CONTENT="N." HEIGHT="52" WIDTH="69" VPOS="3318" HPOS="423"/>
<SP HEIGHT="51" WIDTH="27" VPOS="3318" HPOS="493"/>
<String CONTENT="Y.," HEIGHT="66" WIDTH="89" VPOS="3318" HPOS="521"/>
<SP HEIGHT="68" WIDTH="24" VPOS="3316" HPOS="611"/>
<String CONTENT="April" HEIGHT="67" WIDTH="174" VPOS="3316" HPOS="636"/>
<SP HEIGHT="52" WIDTH="25" VPOS="3316" HPOS="811"/>
<String CONTENT="25," HEIGHT="64" WIDTH="83" VPOS="3319" HPOS="837"/>
<SP HEIGHT="64" WIDTH="28" VPOS="3319" HPOS="921"/>
<String CONTENT="1935." HEIGHT="50" WIDTH="150" VPOS="3318" HPOS="950"/>
<SP HEIGHT="35" WIDTH="77" VPOS="3348" HPOS="1101"/>
<String CONTENT="[Chicago," HEIGHT="68" WIDTH="290" VPOS="3316" HPOS="1179"/>
<SP HEIGHT="64" WIDTH="26" VPOS="3320" HPOS="1470"/>
<String CS="1" CONTENT="1935]" HEIGHT="50" WIDTH="134" VPOS="3319" HPOS="1497"/>
</TextLine>
<TextLine HEIGHT="51" WIDTH="544" VPOS="3388" HPOS="287" STYLEREFS="StyleId-95517110-0925-4F3C-B393-20DDC08CED7C-" CS="1">
<String LANG="en-US" CONTENT="1" HEIGHT="38" WIDTH="23" VPOS="3392" HPOS="287"/>
<SP HEIGHT="47" WIDTH="22" VPOS="3392" HPOS="311"/>
<String LANG="fr" CONTENT="p." HEIGHT="37" WIDTH="41" VPOS="3402" HPOS="334"/>
<SP/>
<String LANG="fr" CS="1" CONTENT="l."/>
<String LANG="en-US" CONTENT="," HEIGHT="11" WIDTH="8" VPOS="3421" HPOS="438"/>
<SP HEIGHT="41" WIDTH="27" VPOS="3391" HPOS="447"/>
<String LANG="en-US" CONTENT="5-19" HEIGHT="41" WIDTH="116" VPOS="3389" HPOS="475"/>
<SP HEIGHT="47" WIDTH="18" VPOS="3389" HPOS="592"/>
<String LANG="en-US" CONTENT="p." HEIGHT="36" WIDTH="45" VPOS="3400" HPOS="611"/>
<SP HEIGHT="41" WIDTH="56" VPOS="3389" HPOS="657"/>
<String LANG="en-US" CONTENT="23" HEIGHT="41" WIDTH="55" VPOS="3388" HPOS="714"/>
<String STYLE="superscript" LANG="en-US" CONTENT="cm" HEIGHT="21" WIDTH="45" VPOS="3391" HPOS="773"/>
<String LANG="en-US" CONTENT="." HEIGHT="9" WIDTH="9" VPOS="3420" HPOS="822"/>
</TextLine>
<TextLine HEIGHT="54" WIDTH="1875" VPOS="3443" HPOS="215" CS="1">
<String CONTENT="&#169;" HEIGHT="52" WIDTH="51" VPOS="3444" HPOS="215"/>
<SP HEIGHT="52" WIDTH="24" VPOS="3444" HPOS="267"/>
<String CONTENT="May" HEIGHT="46" WIDTH="112" VPOS="3449" HPOS="292"/>
<SP HEIGHT="47" WIDTH="24" VPOS="3448" HPOS="405"/>
<String CONTENT="17," HEIGHT="45" WIDTH="68" VPOS="3448" HPOS="430"/>
<SP HEIGHT="45" WIDTH="24" VPOS="3448" HPOS="499"/>
<String CS="1" CONTENT="1935;" HEIGHT="41" WIDTH="113" VPOS="3445" HPOS="524"/>
<SP HEIGHT="48" WIDTH="25" VPOS="3445" HPOS="665"/>
<String CONTENT="2c." HEIGHT="40" WIDTH="67" VPOS="3445" HPOS="691"/>
<SP HEIGHT="29" WIDTH="26" VPOS="3456" HPOS="759"/>
<String CONTENT="and" HEIGHT="39" WIDTH="95" VPOS="3446" HPOS="786"/>
<SP HEIGHT="39" WIDTH="24" VPOS="3446" HPOS="882"/>
<String CONTENT="aff." HEIGHT="40" WIDTH="80" VPOS="3443" HPOS="907"/>
<SP HEIGHT="39" WIDTH="29" VPOS="3445" HPOS="988"/>
<String CONTENT="June" HEIGHT="39" WIDTH="129" VPOS="3445" HPOS="1018"/>
<SP HEIGHT="39" WIDTH="20" VPOS="3446" HPOS="1148"/>
<String CS="1" CONTENT="7;" HEIGHT="39" WIDTH="26" VPOS="3446" HPOS="1169"/>
<SP HEIGHT="46" WIDTH="28" VPOS="3445" HPOS="1223"/>
<!-- cceid 91405CEA-6D82-1014-B070-FDFD250A9EDA --><String CONTENT="A" HEIGHT="38" WIDTH="41" VPOS="3445" HPOS="1252"/>
<SP HEIGHT="40" WIDTH="24" VPOS="3445" HPOS="1294"/>
<String CS="1" CONTENT="84153;" HEIGHT="40" WIDTH="142" VPOS="3445" HPOS="1319"/>
<SP HEIGHT="46" WIDTH="31" VPOS="3446" HPOS="1489"/>
<String CONTENT="Tribune" HEIGHT="39" WIDTH="214" VPOS="3446" HPOS="1521"/>
<SP HEIGHT="31" WIDTH="21" VPOS="3456" HPOS="1736"/>
<String CONTENT="co.," HEIGHT="37" WIDTH="83" VPOS="3457" HPOS="1758"/>
<SP HEIGHT="46" WIDTH="27" VPOS="3448" HPOS="1842"/>
<String CONTENT="Chicago." HEIGHT="49" WIDTH="220" VPOS="3448" HPOS="1870"/>
</TextLine>
<TextLine HEIGHT="49" WIDTH="276" VPOS="3503" HPOS="293">
<String CONTENT="(35-11145)" HEIGHT="49" WIDTH="276" VPOS="3503" HPOS="293"/>
</TextLine>
<TextLine HEIGHT="66" WIDTH="1183" VPOS="3589" HPOS="221" STYLEREFS="StyleId-95517110-0925-4F3C-B393-20DDC08CED7C-">
<String CONTENT="Macleod," HEIGHT="60" WIDTH="275" VPOS="3594" HPOS="221"/>
<SP HEIGHT="61" WIDTH="26" VPOS="3593" HPOS="497"/>
<String CONTENT="John" HEIGHT="52" WIDTH="152" VPOS="3593" HPOS="524"/>
<SP HEIGHT="52" WIDTH="25" VPOS="3592" HPOS="677"/>
<String CONTENT="James" HEIGHT="52" WIDTH="203" VPOS="3592" HPOS="703"/>
<SP HEIGHT="51" WIDTH="22" VPOS="3592" HPOS="907"/>
<String CONTENT="Rickard," HEIGHT="66" WIDTH="273" VPOS="3589" HPOS="930"/>
<SP HEIGHT="57" WIDTH="30" VPOS="3598" HPOS="1204"/>
<String CONTENT="1876-" HEIGHT="53" WIDTH="169" VPOS="3592" HPOS="1235"/>
</TextLine>
<TextLine HEIGHT="146" WIDTH="1977" VPOS="3665" HPOS="221" STYLEREFS="StyleId-95517110-0925-4F3C-B393-20DDC08CED7C-" CS="1">
<String CS="1" CONTENT="Physiology" HEIGHT="68" WIDTH="308" VPOS="3668" HPOS="291"/>
<SP HEIGHT="55" WIDTH="29" VPOS="3666" HPOS="639"/>
<String CONTENT="in" HEIGHT="53" WIDTH="59" VPOS="3666" HPOS="669"/>
<SP HEIGHT="34" WIDTH="27" VPOS="3685" HPOS="729"/>
<String CONTENT="modern" HEIGHT="53" WIDTH="233" VPOS="3666" HPOS="757"/>
<SP HEIGHT="34" WIDTH="28" VPOS="3684" HPOS="991"/>
<String CONTENT="medicine," HEIGHT="68" WIDTH="292" VPOS="3665" HPOS="1020"/>
<SP HEIGHT="68" WIDTH="30" VPOS="3665" HPOS="1313"/>
<String CONTENT="by" HEIGHT="69" WIDTH="77" VPOS="3665" HPOS="1344"/>
<SP HEIGHT="67" WIDTH="25" VPOS="3667" HPOS="1422"/>
<String CONTENT="J." HEIGHT="54" WIDTH="56" VPOS="3667" HPOS="1448"/>
<SP HEIGHT="54" WIDTH="29" VPOS="3667" HPOS="1505"/>
<String CONTENT="J." HEIGHT="54" WIDTH="57" VPOS="3667" HPOS="1535"/>
<SP HEIGHT="53" WIDTH="27" VPOS="3667" HPOS="1593"/>
<String CONTENT="R." HEIGHT="54" WIDTH="68" VPOS="3667" HPOS="1621"/>
<SP HEIGHT="51" WIDTH="32" VPOS="3670" HPOS="1690"/>
<String CONTENT="Macleod" HEIGHT="55" WIDTH="259" VPOS="3670" HPOS="1723"/>
<SP HEIGHT="53" WIDTH="37" VPOS="3672" HPOS="1983"/>
<String CS="1" CONTENT="&#8230;"/>
<SP HEIGHT="35" WIDTH="35" VPOS="3692" HPOS="2078"/>
<String CONTENT="assisted" HEIGHT="105" WIDTH="1955" VPOS="3692" HPOS="221"/>
<SP HEIGHT="51" WIDTH="43" VPOS="3746" HPOS="388"/>
<String CONTENT="in" HEIGHT="50" WIDTH="53" VPOS="3746" HPOS="432"/>
<SP HEIGHT="46" WIDTH="39" VPOS="3750" HPOS="486"/>
<String CONTENT="the" HEIGHT="51" WIDTH="94" VPOS="3745" HPOS="526"/>
<SP HEIGHT="49" WIDTH="39" VPOS="3762" HPOS="621"/>
<String CONTENT="present" HEIGHT="62" WIDTH="222" VPOS="3749" HPOS="661"/>
<SP HEIGHT="46" WIDTH="36" VPOS="3749" HPOS="884"/>
<String CONTENT="edition" HEIGHT="54" WIDTH="215" VPOS="3742" HPOS="921"/>
<SP HEIGHT="53" WIDTH="37" VPOS="3742" HPOS="1137"/>
<String CONTENT="by" HEIGHT="69" WIDTH="74" VPOS="3742" HPOS="1175"/>
<SP HEIGHT="68" WIDTH="39" VPOS="3743" HPOS="1250"/>
<String CONTENT="Philip" HEIGHT="68" WIDTH="199" VPOS="3743" HPOS="1290"/>
<SP HEIGHT="67" WIDTH="41" VPOS="3744" HPOS="1490"/>
<String CONTENT="Bard" HEIGHT="54" WIDTH="159" VPOS="3744" HPOS="1532"/>
<SP HEIGHT="52" WIDTH="42" VPOS="3746" HPOS="1692"/>
<String CS="1" CONTENT="&#8230;"/>
<SP HEIGHT="52" WIDTH="46" VPOS="3747" HPOS="1791"/>
<String CONTENT="Edward" HEIGHT="56" WIDTH="250" VPOS="3747" HPOS="1838"/>
<SP HEIGHT="53" WIDTH="42" VPOS="3751" HPOS="2089"/>
<String CONTENT="P." HEIGHT="52" WIDTH="66" VPOS="3753" HPOS="2132"/>
</TextLine>
<TextLine HEIGHT="155" WIDTH="1978" VPOS="3819" HPOS="221" STYLEREFS="StyleId-95517110-0925-4F3C-B393-20DDC08CED7C-" CS="1">
<String CS="1" CONTENT="Carter&#8230;" HEIGHT="52" WIDTH="200" VPOS="3820" HPOS="221"/>
<SP HEIGHT="32" WIDTH="39" VPOS="3854" HPOS="485"/>
<String CS="1" CONTENT="[and" HEIGHT="52" WIDTH="111" VPOS="3820" HPOS="543"/>
<SP HEIGHT="51" WIDTH="28" VPOS="3820" HPOS="655"/>
<String CONTENT="others]" HEIGHT="65" WIDTH="203" VPOS="3820" HPOS="684"/>
<SP HEIGHT="66" WIDTH="69" VPOS="3819" HPOS="888"/>
<String CONTENT="7th" HEIGHT="53" WIDTH="98" VPOS="3819" HPOS="958"/>
<SP HEIGHT="50" WIDTH="27" VPOS="3820" HPOS="1057"/>
<String CONTENT="ed." HEIGHT="52" WIDTH="83" VPOS="3819" HPOS="1085"/>
<SP HEIGHT="51" WIDTH="62" VPOS="3820" HPOS="1169"/>
<String CONTENT="With" HEIGHT="51" WIDTH="163" VPOS="3820" HPOS="1232"/>
<SP HEIGHT="50" WIDTH="25" VPOS="3821" HPOS="1396"/>
<String CONTENT="297" HEIGHT="52" WIDTH="102" VPOS="3821" HPOS="1422"/>
<SP HEIGHT="52" WIDTH="30" VPOS="3821" HPOS="1525"/>
<String CONTENT="illustrations," HEIGHT="72" WIDTH="393" VPOS="3821" HPOS="1556"/>
<SP HEIGHT="66" WIDTH="30" VPOS="3827" HPOS="1950"/>
<String CONTENT="including" HEIGHT="136" WIDTH="1946" VPOS="3827" HPOS="224"/>
<SP HEIGHT="62" WIDTH="28" VPOS="3901" HPOS="323"/>
<String CONTENT="7" HEIGHT="49" WIDTH="27" VPOS="3901" HPOS="352"/>
<SP HEIGHT="63" WIDTH="29" VPOS="3901" HPOS="380"/>
<String CONTENT="plates" HEIGHT="66" WIDTH="180" VPOS="3898" HPOS="410"/>
<SP HEIGHT="54" WIDTH="29" VPOS="3896" HPOS="591"/>
<String CONTENT="in" HEIGHT="52" WIDTH="57" VPOS="3896" HPOS="621"/>
<SP HEIGHT="33" WIDTH="32" VPOS="3915" HPOS="679"/>
<String CONTENT="colors." HEIGHT="53" WIDTH="194" VPOS="3895" HPOS="712"/>
<SP HEIGHT="56" WIDTH="67" VPOS="3893" HPOS="907"/>
<String CONTENT="St." HEIGHT="56" WIDTH="82" VPOS="3893" HPOS="975"/>
<SP HEIGHT="53" WIDTH="29" VPOS="3895" HPOS="1058"/>
<String CONTENT="Louis," HEIGHT="67" WIDTH="191" VPOS="3895" HPOS="1088"/>
<SP HEIGHT="66" WIDTH="31" VPOS="3896" HPOS="1280"/>
<String CONTENT="The" HEIGHT="52" WIDTH="121" VPOS="3896" HPOS="1312"/>
<SP HEIGHT="54" WIDTH="32" VPOS="3896" HPOS="1434"/>
<String LANG="fr" CONTENT="C." HEIGHT="54" WIDTH="61" VPOS="3896" HPOS="1467"/>
<SP HEIGHT="54" WIDTH="33" VPOS="3898" HPOS="1529"/>
<String LANG="fr" CS="1" CONTENT="V"/>
<String CONTENT="." HEIGHT="11" WIDTH="10" VPOS="3940" HPOS="1623"/>
<SP HEIGHT="53" WIDTH="30" VPOS="3898" HPOS="1634"/>
<String CONTENT="Mosby" HEIGHT="71" WIDTH="205" VPOS="3898" HPOS="1665"/>
<SP HEIGHT="50" WIDTH="31" VPOS="3919" HPOS="1871"/>
<String CONTENT="company," HEIGHT="54" WIDTH="296" VPOS="3920" HPOS="1903"/>
</TextLine>
<TextLine HEIGHT="50" WIDTH="147" VPOS="3977" HPOS="223" STYLEREFS="StyleId-95517110-0925-4F3C-B393-20DDC08CED7C-">
<String CONTENT="1935." HEIGHT="50" WIDTH="147" VPOS="3977" HPOS="223"/>
</TextLine>
</TextBlock>
</PrintSpace>
</Page>
</Layout>
</alto>