2568 4342
1162 4058 64 50 85

275 487 86 40 251
387 498 43 38 p.
491 487 58 41 19½
578 490 45 22 cm
627 520 9 9 .

212 557 50 52 ©
289 561 109 40 Feb.
424 562 40 46 1,
489 561 141 48 1935;
656 561 66 41 2c.
751 563 96 39 and
872 561 81 41 aff.
980 562 110 41 Feb.
1115 563 54 46 4;
1198 563 43 39 A
1265 562 170 48 79514;
1464 563 219 41 Phoenix
1705 574 150 38 press.

285 618 250 49 (35-1984)

202 719 306 67 Freeman,
539 721 251 55 Chester
815 723 196 64 Peter,
1043 726 172 51 1890-

275 799 255 68 Ecology
562 799 64 53 of
655 801 98 51 the
783 801 168 52 cedar
983 801 167 67 glade
1183 801 325 67 vegetation
1539 820 136 34 near
1709 801 315 67 Nashville,
199 804 1981 141 Tennessee,
426 878 74 67 by

525 877 236 55 Chester
783 880 64 51 P.
874 880 296 66 Freeman,
1281 923 8 8 PH.
1352 922 8 9 D.
1422 879 314 68 Nashville,
1760 882 197 65 Tenn.,
1980 880 224 69 George

201 955 269 67 Peabody
498 955 210 69 college
735 956 97 52 for
856 957 271 67 teachers,
1154 960 153 53 1933.

272 1029 29 39 3
331 1039 40 37 p.
441 1060 9 17 l.,
481 1040 41 37 p.
557 1029 215 41 143-228.
835 1030 144 47 illus.,
1015 1030 176 48 diagrs.
1255 1031 58 39 23
1314 1032 44 21 cm
1361 1060 8 9 .
1444 1030 298 50 (Half-title:
1776 1029 346 42 Contribution
2156 1033 47 38 to
203 1087 259 40 education
489 1088 107 47 pub.

627 1089 154 39 under
808 1089 84 39 the
917 1087 239 41 direction
1184 1088 54 41 of
1265 1088 186 48 George
1475 1089 226 47 Peabody
1730 1090 179 46 college
1937 1088 82 40 for
204 1088 1983 97 teachers.
351 1154 75 29 no.
454 1144 110 48 107)

273 1200 170 41 Thesis
484 1201 106 48 (PH.
653 1201 295 48 D.)—George
976 1202 225 47 Peabody
1233 1202 182 47 college
1442 1202 79 39 for
1553 1202 236 47 teachers,
1821 1201 127 40 1982.

271 1257 173 40 Thesis
466 1260 111 37 note
603 1269 61 29 on
686 1258 128 40 label
839 1259 229 39 mounted
1094 1269 61 29 on
1179 1269 42 37 p.
1248 1259 31 38 21
1301 1259 52 39 of
1377 1268 154 31 cover.

270 1313 267 49 Reprinted
575 1314 129 41 from
740 1316 85 39 the
859 1316 207 39 Journal
1103 1315 53 40 of
1191 1317 85 39 the
1310 1315 273 41 Tennessee
1617 1316 232 48 academy
1886 1316 53 40 of
1974 1315 227 49 sciences,

200 1373 76 38 vol
403 1403 8 16 VIII,
442 1383 73 29 no.
545 1371 40 48 2,
615 1372 153 49 April,
798 1372 55 40 1933.

273 1429 310 40 “Literature
610 1428 184 42 cited”:
828 1440 42 38 p.
903 1429 217 42 227-228.

205 1496 50 52 ©
281 1501 114 47 May
418 1502 40 46 1,
483 1500 140 47 1983;
649 1500 66 40 2c.
741 1500 120 48 Aug.
883 1500 56 40 26;
993 1499 81 41 aff.
1101 1500 109 40 Jan.
1237 1500 69 48 16,
1331 1500 141 47 1935;
1499 1500 43 39 A
1565 1499 170 49 79262;
1766 1500 186 49 George
1976 1498 227 49 Peabody

270 1559 182 46 college
478 1558 82 40 for
587 1558 234 40 teachers.
893 1557 251 49 (34-2238)

198 1661 397 66 Gartenhaus,
625 1662 201 57 Jacob.

273 1738 121 52 The
448 1740 127 54 Jew
630 1739 112 52 and
796 1740 167 54 Jesus
1041 1740 92 67 [by]
1195 1739 179 55 Jacob
1430 1739 379 55 Gartenhaus.
1884 1738 316 67 Nashville,

200 1816 1976 148 Tenn., The Sunday school board of the Southern Baptist convention [ c 1934]
269 1968 57 41 28
352 1978 43 37 p.
454 1967 56 42 23
514 1971 44 21 cm
563 2001 8 9 .

201 2036 52 52 ©
281 2041 125 48 Sept.
433 2041 68 46 12,
528 2039 140 48 1934;
696 2040 66 41 20.
789 2041 110 39 Jan.
923 2040 69 47 22,
1018 2039 142 48 1935;
1189 2038 80 41 aff.
1297 2039 109 40 Jan.
1433 2038 82 48 21;
1541 2039 43 39 A
1608 2037 170 48 79318;
1809 2038 198 47 Sunday
2035 2037 164 40 school

266 2098 151 40 board
445 2098 54 40 of
524 2099 85 40 the
637 2098 245 40 Southern
908 2097 199 48 Baptist
1134 2095 300 43 convention.
1507 2095 250 49 (35-1815)

196 2198 176 68 Giles,
399 2202 149 65 Ray,
578 2206 171 50 1889-

268 2276 1927 71 Your money and your life insurance, by Ray Giles … New
196 2354 164 53 York
384 2356 114 52 and
521 2355 259 69 London,
804 2356 234 68 Harper
1063 2354 45 51 &
1133 2354 278 69 brothers,
1437 2356 151 51 1935.

263 2438 32 29 x
317 2437 58 39 p.,
403 2430 25 38 1
490 2459 8 16 l.,
525 2427 86 41 132
635 2438 44 39 p.
738 2428 55 40 21
798 2430 46 22 cm
847 2461 8 9 .

266 2483 163 42 “First
456 2484 226 41 edition.”

201 2538 50 53 ©
279 2544 108 39 Jan.
414 2543 69 49 30,
512 2543 140 48 1935;
682 2543 66 41 2c.
776 2544 108 39 Jan.
912 2545 83 46 31;
1022 2542 80 41 aff.
1133 2542 109 41 Feb.
1271 2543 52 46 1;
1353 2543 43 39 A
1421 2541 170 48 79442:;
1621 2542 197 47 Harper
1841 2541 38 40 &
1906 2541 123 40 bros.

275 2600 251 49 (35-1988)

197 2702 203 68 Glenn,
430 2706 280 64 Garrard,
741 2707 171 53 1878-

269 2781 122 52 The
414 2782 110 51 law
550 2782 316 67 governing
891 2779 345 68 liquidation
1261 2797 60 36 as
1348 2777 331 70 pertaining
1704 2785 59 47 to
1791 2774 406 71 corporations,

199 2858 412 69 partnerships,
641 2858 371 68 individuals,
1045 2857 311 68 decedents,
1386 2855 381 69 bankruptcy,
1800 2853 396 68 receivership,

198 2930 1975 137 reorganization, by Garrard Glenn … New York, Baker, Voorhis &
390 3031 295 51 company,
716 3016 151 49 1935.

269 3085 170 50 xxviii,
464 3085 116 41 1076
602 3096 44 38 p.
705 3085 59 40 26
765 3087 44 22 cm
814 3117 10 10 .

269 3141 73 41 On
370 3152 166 30 cover:
566 3142 154 41 Glenn
745 3153 61 29 on
833 3143 306 47 liquidation.

269 3198 177 42 “Table
473 3199 53 40 of
554 3198 191 42 cases”:
777 3210 42 37 p.
869 3198 235 49 [881]-958.

200 3254 50 54 ©
279 3261 108 39 Jan.
413 3261 70 46 31,
509 3259 141 49 1935;
677 3260 66 40 2c.
772 3261 96 39 and
895 3258 80 41 aff.
1005 3259 109 40 Feb.
1139 3259 25 38 2;
1222 3259 41 38 A
1289 3257 170 48 80322;
1490 3258 176 48 Baker,
1694 3255 207 43 Voorhis
1929 3255 38 41 &
1991 3264 82 38 co.,
2103 3253 89 40 inc.

275 3317 249 49 (35-1893)

196 3419 280 55 Gomesta
502 3422 88 62 R.,
665 3463 11 11 fl.
704 3423 150 50 1610.

196 3490 1972 151 … The Gomesta manuscript of Maya hieroglyphs and customs;
408 3576 62 51 in
507 3574 310 68 facsimile;
857 3575 315 52 translated
1212 3574 112 52 and
1361 3573 190 53 edited
1589 3573 77 65 by
1699 3570 263 55 William
2000 3567 192 55 Gates.

197 3650 332 67 Baltimore,
558 3652 122 53 The
705 3650 176 68 Maya
908 3652 229 65 society,
1168 3654 153 50 1935.

267 3721 27 39 2
334 3733 42 37 p.
457 3755 8 16 l.,
507 3724 114 39 3-13
664 3735 58 37 p.,
765 3722 217 42 facsim.:
1025 3723 71 48 30,
1144 3724 54 49 [1]
1240 3734 44 38 p.
1344 3722 128 41 illus.
1532 3719 56 41 23½
1621 3721 45 23 cm
1669 3751 9 9 .
1760 3717 188 51 ([Maya
1990 3717 198 50 society]

197 3778 305 43 Publication
533 3791 75 31 no.
641 3781 50 47 7)

268 3835 127 42 “Our
425 3836 302 48 manuscript
758 3847 101 29 was
889 3836 233 49 probably
1151 3835 200 41 written
1381 3834 187 41 around
1600 3831 115 41 1610
1743 3832 52 39 at
1825 3831 84 40 the
1937 3829 255 42 latest.”—

196 3903 43 37 p.
270 3893 69 41 10.

203 3945 50 53 ©
279 3951 107 39 Jan.
411 3950 71 48 21,
509 3950 139 48 1935;
677 3949 66 41 2c.
770 3949 96 40 and
892 3948 82 41 aff.
998 3949 108 39 Jan.
1134 3948 81 46 22;
1245 3948 41 38 A
1312 3946 169 48 80121;
1511 3947 149 46 Maya
1683 3953 91 32 soc.

276 4007 249 49 (35-2035)
