2424 4375
1084 4072 131 54 1473

154 460 260 64 Meister,
442 460 233 63 Morris,
708 464 166 50 1895-

226 578 56 9 …
325 535 345 67 Magnetism
709 535 112 51 and
860 533 327 68 electricity,
1225 534 74 65 by
1336 532 211 52 Morris
1587 531 233 51 Meister
1862 572 57 10 …
1996 530 135 52 New

153 609 1452 71 York, Chicago [etc.] C. Scribner’s sons [ c 1935]
223 692 95 48 xiv,
354 691 69 50 [2],
454 690 86 40 226
569 702 45 37 p.
669 690 165 48 front.,
864 690 141 48 illus.,
1036 690 87 41 col.
1152 690 170 49 plates,
1353 688 179 50 diagrs.
1590 687 55 41 19½
1678 689 44 22 cm
1726 719 8 9 .
1804 687 197 50 (Living
2030 691 49 36 in
2108 698 26 31 a

151 747 778 50 world of science, [book III ])
226 811 347 49 Bibliography;
646 822 43 37 p.
738 810 81 47 18;
868 810 66 38 “A
980 809 186 48 library
1212 808 51 42 of
1308 809 391 49 supplementary
1744 808 147 41 books
1933 808 80 41 for
2057 809 81 40 the

151 868 184 42 science
366 867 288 42 classroom”;
714 879 44 37 p.
788 866 214 41 213-215.

152 936 52 53 ©
236 940 125 48 Sept.
393 939 67 48 10,
491 938 112 41 1935;
663 939 65 39 2c.
761 937 101 41 Oct.
890 938 54 38 11;
1005 937 82 40 aff.
1120 937 98 40 Oct.
1251 936 58 40 10;
1366 936 41 39 A
1436 935 146 41 87598;
1640 936 201 39 Charles
1876 934 263 41 Scribner’s

224 1007 124 30 sons.
412 994 278 51 [Copyright
723 995 41 40 is
797 993 203 41 claimed
1034 1004 59 29 on
1125 1002 104 30 new
1262 995 179 38 matter
1474 994 95 38 and
1601 992 252 49 revisions]
231 1053 278 49 (35-19663)

152 1156 441 64 Mergenthaler
618 1154 261 64 linotype
908 1170 304 47 company.

221 1233 54 51 A
309 1232 185 69 digest
525 1231 65 52 of
619 1230 255 69 linotype
907 1230 169 52 faces.
1146 1229 312 69 Brooklyn,
1491 1228 69 53 N.
1596 1228 90 67 Y.,
1717 1228 424 67 Mergenthaler

150 1310 809 69 linotype company [ c 1935]
221 1387 810 53 3 p. l., 166, [8] p. illus. 18 cm .
225 1454 158 39 Blank
410 1463 147 39 pages
583 1452 79 40 for
690 1449 369 43 “Memoranda”
1100 1451 49 48 (7
1178 1453 52 37 at
1259 1452 116 47 end)

153 1522 52 53 ©
239 1527 126 46 Sept.
397 1524 69 48 24,
497 1524 117 40 1935;
671 1524 67 39 2c.
770 1524 95 38 and
895 1522 82 40 aff.
1011 1522 101 41 Oct.
1146 1522 57 39 10;
1260 1523 40 38 A
1332 1522 142 40 87581;
1538 1523 358 47 Mergenthaler
1929 1521 215 50 linotype

223 1594 66 29 co.
359 1580 280 49 (35-19862)

154 1683 318 64 Michigan.
546 1681 365 64 University.
985 1683 172 64 Dept.
1187 1682 63 65 of
1271 1680 263 66 English.

223 1761 210 67 Essays
473 1759 111 53 and
623 1758 213 53 studies
872 1756 61 53 in
971 1757 246 69 English
1257 1757 113 53 and
1410 1757 382 68 comparative
1831 1759 312 65 literature,

154 1838 77 69 by
263 1838 274 53 members
571 1835 65 54 of
669 1837 95 53 the
801 1835 243 69 English
1081 1837 362 65 department
1477 1835 65 54 of
1576 1838 94 51 the
1706 1836 336 69 University
2077 1839 63 51 of

154 1914 311 68 Michigan.
531 1915 134 52 Ann
695 1913 205 67 Arbor,
931 1912 337 67 University
1296 1912 65 56 of
1388 1911 297 69 Michigan
1716 1933 173 47 press,
1922 1921 147 48 1935.

226 1989 1918 53 vii, 328 p. III fold, maps (in pocket) 23½cm. (Half-title; University
157 2051 53 41 of
240 2049 246 49 Michigan
517 2047 339 49 publications.
914 2047 260 48 Language
1206 2049 96 39 and
1333 2047 272 43 literature,
1664 2049 92 40 vol.
1893 2050 15 47 XIII)

503 2111 245 41 CONTENTS.—Middle
782 2111 201 47 English
1017 2110 178 41 dialect
1230 2111 394 40 characteristics
1659 2112 95 39 and
1790 2112 177 41 dialect

159 2113 1968 97 boundaries;
394 2166 314 51 preliminary
753 2170 162 45 report
959 2167 52 40 of
1055 2178 62 29 an
1161 2167 346 47 investigation
1552 2167 147 41 based
1744 2169 295 48 exclusively
2084 2181 58 29 on

158 2225 230 42 localized
415 2228 130 38 texts
573 2226 95 39 and
694 2226 293 45 documents,
1016 2223 59 48 by
1107 2223 193 41 Samuel
1328 2224 176 48 Moore,
1535 2225 44 40 S.
1608 2226 54 39 B.
1691 2226 179 46 Meech,
1897 2227 96 39 and
160 2226 1966 99 Harold

284 2282 279 40 Whitehall.
624 2280 252 41 Localized
922 2279 205 49 literary
1175 2282 131 39 texts
1362 2281 65 48 (p.
1475 2280 380 47 51-56)—Some
1902 2281 243 41 fifteenth-

158 2341 201 45 century
388 2338 230 48 spellings
646 2336 127 40 from
803 2338 81 39 the
912 2336 318 48 Nottingham
1261 2338 206 47 records,
1498 2337 60 48 by
1588 2338 188 40 Harold
1806 2338 341 41 Whitehall.—

162 2393 265 43 Scaitcliffe;
494 2405 26 29 a
562 2395 296 47 place-name
897 2393 288 48 derivation,
1224 2394 62 47 by
1324 2393 187 41 Harold
1552 2395 418 39 Whitehall.—An
2010 2396 134 46 early

160 2451 201 41 treatise
392 2451 53 40 in
476 2450 204 48 English
711 2450 287 48 concerning
1029 2449 145 41 Latin
1208 2460 257 39 grammar,
1501 2451 58 47 by
1596 2451 44 40 S.
1674 2452 54 38 B.
159 2452 1986 104 Meech.—Indo-germanic-Nahuatl,

681 2507 63 48 by
772 2507 57 41 N.
859 2507 51 41 L.
940 2505 423 50 Willey.—Origin
1393 2508 94 39 and
1518 2506 253 41 extension
1801 2507 52 40 of
1882 2508 83 40 the
160 2507 1968 98 voiceless
285 2562 203 49 preterit
517 2565 94 39 and
641 2565 81 39 the
751 2567 110 44 past
890 2563 256 48 participle

1176 2563 273 42 inflections
1478 2563 53 40 of
1561 2564 80 40 the
1672 2563 200 48 English
1904 2564 241 47 irregular

161 2621 138 40 weak
332 2621 115 41 verb
482 2619 326 49 conjugation,
843 2621 60 48 by
937 2621 55 41 A.
1028 2621 60 39 H.
1125 2620 343 40 Marckwardt.
1534 2621 347 47 Bibliography
1928 2620 68 48 (p.
2030 2620 116 40 316-

158 2677 112 49 328)

158 2743 52 53 ©
240 2748 127 48 Sept.
393 2748 39 46 5,
460 2748 112 39 1935;
628 2746 68 41 2c.
724 2748 95 39 and
847 2746 81 41 aff.
959 2747 127 48 Sept.
1115 2745 81 48 12;
1227 2748 41 37 A
1295 2746 170 47 86265;
1497 2745 281 49 University
1808 2747 51 39 of
1887 2744 261 48 Michigan,

226 2805 106 38 Ann
362 2805 166 39 Arbor.
601 2803 277 50 (35-28238)

161 2905 258 63 Moffatt,
448 2905 153 53 John
631 2906 270 63 Edward,
931 2911 164 48 1894-

228 2980 298 67 Thoughts
555 2998 70 34 on
656 2979 122 54 Our
809 2978 211 56 Friend
1053 2980 209 68 divine,
1289 2980 76 68 by
1394 2980 137 53 Rev.
1562 2980 55 53 J.
1648 2980 68 52 E.
1745 2976 250 70 Moffatt,
2057 3024 10 9 S.
2135 3022 10 10 J.

160 3056 353 68 Milwaukee,
541 3057 120 52 The
689 3057 183 54 Bruce
899 3054 331 70 publishing
1259 3076 75 33 co.
1370 3092 12 33 [
1387 3064 18 21 c
1410 3059 131 49 1935]

228 3133 1797 51 3 p. l., 9-86 p. 14 cm . (Half-title; Minute meditations, series IV)
162 3202 52 53 ©
241 3208 113 47 May
379 3207 70 48 29,
477 3208 116 40 1935;
646 3208 67 40 2c.
742 3209 125 38 June
894 3208 82 46 21;
1006 3208 82 40 aff.
1118 3208 125 39 June
1271 3208 82 47 22;
1382 3209 41 38 A
1451 3209 169 46 83737;
1653 3209 154 38 Bruce
1835 3209 107 46 pub.
1974 3218 65 30 co.

240 3263 278 50 (35-19702)

163 3363 324 67 Moldenke,
517 3366 244 54 Charles
791 3366 270 64 Edward,
1095 3371 323 50 1860-1935.

232 3441 120 52 The
386 3443 139 51 New
560 3442 161 53 York
754 3442 229 69 obelisk,
1020 3442 352 69 Cleopatra’s
1406 3444 210 65 needle,
1652 3443 140 54 with
1827 3463 32 33 a
163 3443 1958 143 preliminary

338 3519 192 52 sketch
562 3519 65 53 of
658 3520 94 53 the
784 3520 235 67 history,
1053 3520 262 68 erection,
1348 3539 139 48 uses,
1522 3521 112 52 and
1667 3520 380 68 signification
2084 3522 64 52 of

165 3594 255 67 obelisks,
448 3596 74 68 by
551 3596 235 55 Charles
814 3598 66 53 E.
909 3598 302 53 Moldenke
1247 3643 54 8 …
1381 3598 107 52 Ed.
1519 3602 49 61 2,
1596 3597 140 53 with
1765 3616 31 34 a
1825 3598 322 68 biography

165 3671 63 52 of
250 3674 94 51 the
369 3675 204 51 author
595 3675 75 67 by
693 3676 226 52 Harold
942 3676 70 52 N.
1037 3675 305 53 Moldenke
1372 3719 55 9 …
1506 3676 323 65 Lancaster,
1855 3678 118 64 Pa.,

167 3677 1955 127 Lancaster
372 3768 172 50 press,
572 3751 124 68 inc.,
727 3757 148 49 1935.

307 3858 9 16 xx,
344 3828 84 40 202
457 3838 42 37 p.
559 3828 128 40 illus.
746 3828 59 40 22½
834 3831 43 22 cm
882 3861 9 9 .

167 3892 52 53 ©
252 3898 125 47 Sept.
408 3898 68 47 16,
508 3897 116 41 1935;
681 3899 67 39 2c.
779 3900 93 38 and
904 3899 82 39 aff.
1022 3899 126 47 Sept.
1180 3897 58 40 19;
1295 3899 44 38 A
1367 3898 142 40 87712;
1571 3900 188 39 Harold
1790 3900 56 39 N.
1880 3899 268 48 Moldenke,

232 3953 116 40 New
374 3954 144 40 York.
581 3954 281 49 [Copyright
883 3956 41 38 is
953 3955 204 40 claimed
1185 3965 61 29 on
1272 3955 281 49 biography]
246 4009 276 48 (35-19712)
