2424 4375
1056 3997 98 50 829

149 471 85 40 286
266 480 42 37 p.
369 468 57 40 19½cm.

153 526 157 39 “First
345 523 226 43 edition.”

85 580 50 53 ©
163 582 113 47 July
305 581 40 46 2,
377 579 116 41 1935;
547 579 68 40 2c.
647 579 97 39 and
777 577 82 40 aff.
890 576 116 49 July
1037 576 54 46 3;
1127 576 40 38 A
1200 574 168 48 83881;
1404 573 195 49 Audrey
1638 572 146 47 Scott,
1820 571 247 48 Chertsey,

153 640 188 45 Surrey,
371 637 234 47 England.
676 633 249 50 (35-9049)

87 742 175 62 Lyon,
292 740 278 53 Leverett
602 737 252 63 Samuel,
153 740 867 130 1885-The
304 817 273 54 National
610 833 264 48 recovery
905 812 491 59 administration;

1436 830 72 35 an
1542 810 250 68 analysis
1826 810 111 51 and
90 828 1953 136 appraisal,
354 895 74 67 by
467 896 265 50 Leverett
772 892 54 54 S.
870 893 178 67 Lyon,
1090 892 146 52 Paul
1275 892 65 52 T.
1382 891 248 58 Homan,

1671 889 220 66 George
84 890 1961 151 Terborgh,
298 973 184 52 Lewis
503 974 63 50 L.
591 971 249 66 Lorwin,
865 969 236 56 Charles
1123 970 62 51 L.
1211 970 273 65 Dearing,
1507 969 155 51 Leon
1686 967 61 54 C.
1772 965 297 54 Marshall.

88 1051 393 67 Washington,
508 1051 70 51 D.
609 1051 81 62 C.,
717 1049 119 52 The
865 1047 323 68 Brookings
1216 1043 344 69 institution,
1593 1048 147 50 1935.

153 1124 114 42 xxii.
297 1121 83 42 947
410 1134 42 36 p.
510 1122 55 39 21
568 1124 43 21 cm
617 1154 7 7 .

88 1178 50 53 ©
168 1182 112 46 May
308 1181 38 46 7,
379 1178 139 46 1935;
551 1177 67 41 2c.
649 1178 128 40 June
806 1176 80 48 19;
920 1176 80 42 aff.
1031 1177 127 39 June
1188 1176 81 46 13;
1301 1176 42 39 A
1372 1174 169 47 83766;
1579 1174 270 47 Brookings
156 1172 1899 106 institution.

90 1339 344 65 MacCurdy,
466 1339 226 63 George
723 1338 205 63 Grant,
964 1342 131 49 1863-
157 1416 120 52 The
336 1415 225 69 coming
622 1413 63 53 of
745 1432 149 48 man,
995 1430 260 50 pre-man

91 1409 1983 153 and historic man, by George Grant MacCurdy … New York,
1463 1490 123 54 The
1620 1487 337 71 University
91 1508 1960 132 society,
280 1570 399 68 incorporated
718 1572 170 64 [1935]

160 1645 60 45 vi,
269 1644 71 50 [4],
386 1642 85 41 157
515 1653 43 38 p.
618 1642 129 40 illus.
805 1642 55 40 23
864 1645 43 21 cm
912 1674 9 8 .
991 1641 125 47 (The
1162 1640 281 48 University
1490 1640 177 47 series;
1714 1638 267 49 highlights
2029 1641 50 40 of

94 1700 192 40 modern
322 1699 294 49 knowledge.
675 1696 297 43 Prehistoric
1010 1696 375 49 anthropology)

164 1756 159 40 “First
357 1757 139 40 trade
526 1754 183 42 edition
743 1754 158 41 1935.”

165 1810 339 50 “Suggestions
531 1811 81 41 for
636 1811 196 40 further
859 1808 256 51 reading”:
1145 1820 42 38 p.
1216 1809 99 41 145.

96 1864 51 53 ©
172 1870 112 38 Max
311 1869 70 48 24,
412 1868 116 40 1935;
579 1867 70 41 2c.
675 1868 126 40 June
828 1869 52 44 4;
910 1865 84 42 aff.
1024 1867 129 39 June
1179 1867 54 46 5;
1263 1867 40 38 A
1333 1864 170 49 84093;
1536 1865 285 49 University
1850 1876 107 36 soc.,
1989 1865 90 41 inc.

171 1925 248 48 (35-9043)

99 2028 235 64 Martin,
359 2030 123 52 Asa
511 2028 156 64 Earl,
697 2033 170 49 1885-

167 2103 1853 71 History of the United States … v. 1. 1492-1865. Enl. ed. …
101 2180 1979 73 by Asa Earl Martin … Boston, New York [etc.] Ginn and
101 2278 273 52 company
406 2295 12 34 [
420 2268 21 22 c
446 2265 136 49 1934
585 2295 12 33 ]

165 2335 101 46 xiii,
292 2333 84 43 957
403 2345 41 37 p.
498 2334 163 47 front.,
689 2344 137 38 maps
854 2332 135 50 (part
1015 2333 197 48 double)
1274 2332 55 39 21½
1362 2335 44 21 cm
1410 2364 8 8 .

170 2387 1916 53 “The enlarged edition of volume I … has been prepared for use in
104 2449 135 39 those
274 2456 197 33 courses
510 2447 49 39 in
600 2446 257 40 American
896 2445 191 50 history
1126 2447 112 39 that
1274 2446 144 48 begin
1458 2445 120 41 with
1619 2447 85 39 the
1742 2445 252 51 discovery
2036 2448 54 41 of

105 2504 229 41 America.
402 2504 94 40 For
535 2513 198 30 courses
770 2504 107 39 that
916 2502 140 49 begin
1095 2501 118 41 with
1255 2503 81 39 the
1373 2501 241 50 founding
1651 2504 54 39 of
1743 2504 84 40 the
1866 2504 221 42 national

105 2557 1902 52 government, the original edition of volume I is still available.”—Pref.
172 2617 372 49 Bibliography:
574 2629 42 27 v.
645 2618 40 45 1,
714 2628 42 36 p.
787 2614 213 43 913-933.

106 2669 50 53 ©
182 2674 99 40 Oct.
309 2674 67 46 10,
404 2673 113 41 1934;
572 2673 67 40 2c.
666 2673 118 39 Nov.
811 2671 79 48 19;
922 2671 80 42 aff.
1032 2673 117 39 Nov.
1177 2673 82 45 17;
1288 2672 41 39 A
1358 2670 170 49 77275;
1556 2673 53 38 A.
1641 2673 52 39 E.
1725 2672 196 47 Martin,
1953 2673 138 42 State

176 2730 200 47 College,
403 2731 81 38 Pa.
555 2729 279 47 (34-38509)

110 2828 260 56 Michie’s
402 2831 187 67 digest
619 2830 63 53 of
711 2829 270 68 Virginia
1015 2831 111 50 and
1156 2832 163 52 "West
1346 2828 270 69 Virginia
1648 2839 236 60 reports.
1957 2834 132 50 1935

176 2905 1890 134 supplement … Under the editorial supervision of A. Hewson
309 2985 229 68 Michie,
570 2986 237 52 assisted
841 2986 75 67 by
951 2985 166 54 Chas.
1151 2988 90 52 W.
1276 2983 229 56 Sublett
1538 2987 111 51 and
1684 2987 206 51 Beirne
178 2987 1887 130 Stedman.

389 3062 477 62 Charlottesville,
893 3062 125 66 Va.,
1045 3063 120 52 The
1192 3064 211 53 Michie
1429 3081 296 51 company,
1755 3068 148 50 1935.

176 3137 79 46 vii,
282 3137 84 41 283
393 3147 42 37 p.
492 3136 56 39 25½cm.

113 3188 50 53 ©
187 3194 125 40 June
334 3191 68 51 26,
429 3191 117 41 1935;
597 3192 67 40 2c.
691 3193 95 39 and
812 3191 80 40 aff.
920 3190 129 41 June
1072 3191 81 46 28;
1182 3193 41 37 A
1250 3192 169 47 84448;
1450 3191 176 43 Michie
1653 3203 66 29 co.

114 3293 296 68 Mucklow,
437 3295 240 62 Walter,
706 3299 168 50 1864-

118 3367 1953 133 Land accounts, by Walter Mucklow … New York, American
264 3447 256 55 institute
546 3447 332 69 publishing
902 3464 97 52 co.,
1025 3445 126 70 inc.,
1181 3449 148 50 1935.

186 3520 62 45 xi,
277 3519 85 40 290
391 3531 40 35 p.
465 3521 108 39 incl.
603 3520 165 39 forms.
830 3518 54 40 24
887 3522 44 20 cm
936 3550 7 8 .

119 3574 51 52 ©
195 3580 112 48 May
329 3580 68 48 10,
420 3580 116 39 1935;
586 3578 68 40 2c.
677 3580 115 45 May
817 3578 82 46 20;
925 3577 80 41 aff.
1036 3579 113 46 May
1175 3577 81 47 23;
1285 3580 41 37 A
1350 3577 171 49 81948;
1550 3580 159 40 Amer.
1736 3581 228 42 institute
1988 3583 109 49 pub.

185 3646 80 36 co.,
292 3636 87 40 inc.
450 3634 249 49 (35-9018)

122 3722 350 67 Negligence
501 3726 112 52 and
644 3726 421 65 compensation
1095 3743 150 34 cases
1275 3727 333 66 annotated;
1641 3728 94 52 the
1767 3729 332 57 workmen’s

190 3803 433 66 compensation,
669 3801 330 67 employers’
1045 3800 251 68 liability
1342 3803 112 51 and
1501 3813 228 45 current
1772 3808 325 66 negligence

194 3897 144 35 cases
367 3879 233 53 decided
629 3879 62 51 in
714 3879 94 51 the
839 3876 219 55 federal
1089 3885 187 45 courts
1305 3877 64 54 of
1396 3879 98 53 the
1522 3880 216 54 United
1771 3884 203 67 States,
2003 3886 94 54 the
