2424 4375
1221 4081 98 49 918

275 457 229 64 Dubay,
534 458 226 64 George
790 459 221 62 Henry.

349 533 121 54 The
506 550 190 50 power
733 532 63 52 of
831 537 382 62 government,
1251 532 73 67 by
1364 531 219 68 George
1620 531 76 52 H.
1736 531 222 67 Dubay.
2033 531 230 67 Boston,

280 610 119 53 The
434 608 370 69 Christopher
836 608 332 68 publishing
1199 608 170 52 house
1408 610 192 67 [c1935]

348 681 101 46 viii,
484 679 114 41 9-55
632 690 43 37 p.
735 678 145 43 19½cm.

276 750 52 52 ©
360 754 115 47 July
504 753 39 48 9,
574 753 112 40 1935;
744 753 67 40 2c.
843 753 94 40 and
969 753 82 39 aff.
1082 753 116 48 July
1227 753 81 46 12;
1342 753 40 38 A
1412 752 168 47 85007;
1615 752 319 49 Christopher
1962 753 107 48 pub.
2102 754 163 38 house.

356 809 249 50 (35-9824)

278 916 232 62 Dwyer,
538 916 202 51 James
768 914 261 55 Francis.

352 992 126 53 Call
502 999 57 46 to
590 994 200 51 action.

356 1067 84 46 (In
466 1062 185 43 Strand
678 1062 274 51 magazine,
981 1060 131 53 July,
1146 1062 142 49 1935)

279 1132 52 53 ©
388 1147 35 29 1c.
453 1137 118 45 Aug.
599 1134 69 51 21,
699 1134 139 48 1935;
871 1136 40 38 A
937 1137 63 38 ad
1025 1135 87 40 int.
1142 1134 171 49 20506;
1347 1136 141 47 pubd.
1519 1136 129 41 June
1676 1134 55 41 25;
1790 1135 43 40 J.
1864 1135 50 40 F.
1944 1136 189 46 Dwyer,
2163 1135 106 39 Pau

359 1193 77 47 (B.
461 1193 97 47 P.),
584 1192 197 40 France.

281 1294 152 63 Fale,
459 1295 285 63 Reginald
771 1295 219 63 James,
1020 1298 170 53 1879-

355 1371 231 69 Flights
615 1372 66 53 of
708 1373 153 67 time,
895 1373 113 53 and
1042 1373 165 54 other
1240 1389 209 52 poems,
1482 1372 77 69 by
1591 1373 69 52 R.
1695 1373 57 54 J.
1790 1373 154 52 Fale.
2036 1373 233 66 Boston,

286 1451 235 52 Meador
552 1450 333 69 publishing
916 1468 298 51 company,
1245 1454 151 50 1935.

350 1524 56 40 89
435 1534 43 37 p.
538 1523 114 40 19cm.

278 1591 54 51 ©
354 1596 128 39 June
501 1594 69 47 12,
593 1595 139 46 1935;
760 1594 65 41 2c.
853 1596 124 40 June
1000 1594 82 47 26;
1110 1594 81 40 aff.
1216 1595 128 40 June
1363 1595 56 41 28;
1473 1596 41 38 A
1539 1594 169 47 84459;
1737 1595 210 40 Edward
1970 1595 57 39 K,
2056 1594 210 47 Meador,

346 1652 196 39 Boston.
613 1649 249 51 (35-9578)

279 1752 177 54 Flick.
486 1753 337 53 Alexander
848 1753 293 63 Clarence,
1174 1759 170 49 1869-

349 1829 238 53 Modern
630 1831 179 53 world
848 1831 220 67 history
1108 1830 149 54 since
1299 1831 160 63 1775;
1499 1849 33 33 a
1571 1847 203 51 survey
1814 1829 64 54 of
1917 1831 94 52 the
2051 1829 214 69 origins

281 1909 110 51 and
431 1909 394 66 development
859 1908 62 52 of
956 1913 433 63 contemporary
1426 1907 367 68 civilization,
1829 1909 74 67 by
1941 1909 325 53 Alexander

281 1985 1984 68 Clarence Flick … Revised by Witt Bowden … New York,
281 2065 62 52 F.
373 2064 56 55 S.
461 2063 197 57 Crofts
685 2068 46 50 &
758 2081 96 50 co.,
882 2068 151 50 1935.

351 2135 63 46 xi,
445 2137 85 40 667
559 2148 43 37 p.
660 2147 135 37 maps
823 2136 135 48 (part
985 2136 198 47 double)
1249 2137 115 41 24cm.

353 2193 317 40 “References
697 2193 79 39 for
801 2193 195 40 further
1021 2193 172 47 study”
1220 2195 52 38 at
1298 2194 90 38 end
1416 2193 52 39 of
1492 2193 119 40 each
1635 2193 212 47 chapter.

281 2247 52 53 ©
359 2252 128 39 June
509 2251 69 46 26,
606 2250 139 47 1935;
773 2250 67 40 2c.
868 2251 124 39 June
1019 2250 55 40 29;
1133 2250 81 40 aff.
1241 2251 126 40 June
1393 2248 81 49 28;
1506 2251 39 38 A
1574 2250 168 46 84471;
1776 2251 50 39 F.
1861 2250 41 40 S.
1933 2249 164 41 Crofts
2124 2250 36 40 &
2185 2260 82 37 co.,

348 2310 89 38 inc.
508 2307 250 48 (35-9454)

281 2410 259 63 Garrett,
569 2412 181 52 Retta
777 2411 182 56 Scott.

355 2483 1912 72 My children, by Retta Scott Garrett … Dallas, Tex., C. C.
288 2564 259 55 Cockrell
575 2582 280 50 company
905 2567 157 50 [c1935]

348 2639 55 39 77
432 2649 43 37 p.
534 2637 145 41 19½cm.

347 2695 184 39 Poems.

281 2746 52 53 ©
353 2751 115 40 July
490 2750 40 47 1,
556 2749 139 46 1935;
719 2748 67 41 2c.
813 2749 113 47 July
950 2749 54 40 13;
1057 2748 82 40 aff.
1162 2749 116 47 July
1300 2749 53 38 11;
1408 2749 40 38 A
1471 2748 169 47 84610;
1666 2748 56 40 R.
1750 2749 43 40 S.
1819 2747 211 48 Garrett,
2054 2748 211 49 Abilene,

347 2807 113 39 Tex.
531 2805 248 49 (35-9579)

285 2906 337 65 Gervasius,
650 2913 181 62 pater,
861 2910 170 49 1884-

348 2984 119 53 The
493 2983 284 54 eucharist
804 2984 110 52 and
940 2984 317 65 education,
1284 2984 152 52 from
1460 2985 95 51 the
1581 2984 192 52 Dutch
1799 2984 62 53 of
1886 2984 137 52 Rev.
2051 2984 214 53 Father

279 3060 1984 67 Gervasius … by Rev. Gregory G. Rybrook … with a preface
279 3137 1957 143 by Rev. Felix M. Kirsch … New York, Cincinnati [etc.] Benziger brothers, 1935.
348 3287 96 46 xvi,
479 3285 84 41 109
595 3297 42 37 p.
698 3286 114 41 19cm.

280 3339 52 52 ©
354 3344 112 46 Apr.
493 3344 38 39 8,
587 3342 83 40 1935;
725 3343 64 39 2c.
817 3343 111 47 Apr.
955 3341 53 40 23;
1066 3342 82 39 aff.
1176 3342 111 47 Apr.
1313 3340 56 40 22;
1424 3342 41 38 A
1492 3341 142 40 82642;
1692 3341 232 48 Benziger
1952 3343 122 38 bros.

359 3398 247 49 (35-9531)

281 3498 293 63 Ghirardi,
601 3499 211 54 Alfred
838 3500 70 54 A.

346 3575 240 53 Modern
628 3576 161 52 radio
829 3574 296 68 servicing.
1212 3575 81 66 (A
1335 3575 245 54 revision
1621 3577 112 50 and
1775 3575 383 67 enlargement
2198 3573 63 53 of

278 3652 95 52 the
402 3652 219 52 “Radio
649 3652 281 69 servicing
959 3651 252 67 course”)
1286 3652 55 51 A
1370 3653 273 66 practical
1671 3656 123 49 text
1821 3671 71 34 on
1921 3654 95 50 the
2043 3652 217 66 theory,

278 3730 382 51 construction
699 3730 111 52 and
846 3748 97 33 use
975 3732 64 51 of
1073 3730 230 52 modern
1344 3729 161 53 radio
1542 3729 209 53 service
1786 3728 324 69 equipment
2148 3730 110 51 and

280 3806 92 50 the
416 3807 164 64 rapid
627 3808 111 50 and
782 3805 321 68 systematic
1145 3806 257 52 methods
1447 3808 64 50 of
1553 3806 161 52 radio
1758 3805 280 68 servicing
2078 3807 60 51 in
2182 3806 75 50 all

279 3880 1978 70 its branches, by Alfred A. Ghirardi … 706 illustrations.
279 3958 136 52 New
451 3958 162 52 York
643 3958 132 68 city,
809 3959 184 52 Radio
1027 3962 45 49 &
1102 3957 277 54 technical
1411 3959 332 68 publishing
1776 3977 97 50 co.,
1941 3962 116 51 1935.
