2526 4384
1297 4024 100 47 238

355 398 241 66 Strang,
627 398 191 57 Clara.

427 477 123 53 The
579 476 228 68 coming
839 475 65 56 of
933 478 99 53 the
1064 474 268 70 animals;
1369 477 132 54 bird
1535 478 114 54 and
1683 478 214 54 animal
1929 478 200 55 stories
2163 479 65 54 of
2259 479 96 53 the

359 552 326 57 California
713 554 261 69 Indians,
1002 555 77 69 by
1110 554 172 56 Clara
1310 556 114 54 and
1453 555 216 57 Gerald
1699 555 216 71 Strang
1943 558 114 53 and
2087 557 157 55 John
2274 557 79 53 M.

357 632 429 70 Weatherwax;
825 634 325 54 illustrated
1184 635 76 67 by
1293 634 358 69 Marguerite
1685 635 183 68 Boyd.
1941 635 114 54 Los
2089 636 266 67 Angeles,

357 709 119 57 San
505 711 324 69 Francisco,
861 711 411 57 Sutton-house
1307 714 194 67 [c1934]

429 784 849 50 2 p. l., 163, [1] p. illus. 23½ cm .
431 841 288 42 Illustrated
750 841 363 49 lining-papers.

358 895 54 54 ©
443 900 110 40 Jan.
587 898 70 49 20,
689 899 118 41 1934;
863 898 66 42 2c.
965 899 101 41 Oct.
1098 899 58 40 16;
1215 899 82 41 aff.
1333 900 122 40 Mar.
1486 900 43 47 4,
1562 900 117 40 1935;
1739 901 41 38 A
1814 900 144 40 79942;
2024 901 329 41 Suttonhouse

426 956 289 49 publishers,
743 956 115 41 Carl
885 956 51 41 F.
967 956 189 49 Sutton,
1183 957 97 40 sole
1307 967 177 37 owner,
1513 957 95 40 Los
1633 957 219 48 Angeles.

437 1013 252 49 (35-3512)

354 1116 370 63 Streatfeild,
751 1116 166 57 Noel.

486 1190 1864 71 … Shepherdess of sheep. New York, Reynal & Hitchcock
358 1271 194 66 [c1935]

423 1340 647 53 5 p. l., [7]-343 p. 21½ cm .
357 1397 54 54 ©
435 1403 121 39 Mar.
584 1401 41 49 6,
650 1400 117 42 1935;
820 1402 69 40 2c.
918 1402 112 40 Feb.
1057 1401 82 48 20;
1170 1401 82 41 aff.
1281 1403 121 39 Mar.
1432 1402 82 47 11;
1544 1402 43 40 A
1613 1401 170 48 80913;
1814 1403 54 39 N.
1903 1401 300 48 Streatfeild,
426 1404 1907 95 London.
603 1458 251 49 (35-3541)

353 1562 354 67 Thompson,
737 1563 259 55 Blanche
1023 1562 308 67 Jennings,
1360 1582 178 48 comp.

429 1639 163 54 With
620 1639 147 69 harp
799 1638 113 55 and
942 1638 133 70 lute,
1106 1639 74 70 by
1211 1639 250 54 Blanche
1491 1638 284 68 Jennings
1804 1637 323 68 Thompson;
361 1637 1964 134 illustrations

642 1716 75 70 by
756 1716 153 54 Kate
950 1715 228 70 Seredy.
1270 1716 137 53 New
1452 1716 178 67 York,
1672 1716 122 55 The
1833 1716 333 53 Macmillan
359 1733 1967 130 company,
562 1796 151 51 1935.

427 1865 119 49 xxii,
574 1865 85 42 187
686 1877 44 38 p.
758 1866 110 42 incl.
894 1865 164 50 front.,
1085 1866 127 41 illus.
1273 1865 145 42 19½cm.

428 1923 184 41 Poems.

429 1979 180 42 “Other
639 1981 142 39 doors
809 1983 48 37 to
887 1978 148 49 open”:
1095 1990 43 38 p.
1171 1978 247 51 [179]-183.

356 2036 54 54 ©
434 2041 111 40 Feb.
569 2039 70 49 19,
663 2039 113 42 1935;
831 2040 69 40 2c.
925 2041 96 39 and
1045 2039 82 40 aff.
1154 2039 111 40 Feb.
1291 2038 82 48 20;
1401 2040 41 38 A
1468 2038 142 42 79751;
1667 2039 283 41 Macmillan
1976 2051 65 29 co.

436 2096 252 50 (35-3401)

352 2198 468 67 Thornthwaite,
851 2198 247 57 Charles
1122 2201 266 61 Warren,
1419 2204 170 50 1899-

424 2278 259 54 Internal
732 2277 314 69 migration
1094 2277 60 53 in
1201 2277 95 54 the
1346 2276 217 56 United
1614 2276 207 68 States,
1869 2277 74 68 by
1993 2276 63 57 C.
2105 2277 242 55 Warren

353 2354 1991 69 Thornthwaite … assisted by Helen I. Slentz … with a preface
353 2432 1992 68 by Carter Goodrich … illustrated with maps and graphs by
351 2509 96 54 the
478 2509 248 53 authors.
792 2507 426 70 Philadelphia,
1246 2509 338 68 University
1612 2509 63 54 of
1705 2510 425 66 Pennsylvania
2159 2528 183 49 press;

352 2585 258 68 London,
638 2586 76 53 H.
741 2585 267 68 Milford,
1037 2585 229 56 Oxford
1292 2586 318 67 university
1638 2605 174 48 press,
1841 2589 151 50 1934.

424 2668 45 39 x,
497 2659 56 40 52
581 2670 42 37 p.
681 2669 139 38 maps
846 2657 136 49 (part
1008 2659 143 48 fold.)
1187 2658 177 48 diagrs.
1424 2657 56 41 25
1483 2660 43 22 cm
1530 2689 9 9 .
1608 2658 298 49 (Half-title:
1937 2658 155 49 Study
2120 2660 53 39 of
355 2670 1973 86 population

561 2715 383 45 redistribution,
998 2714 270 41 Industrial
1320 2716 225 39 research
1596 2714 141 49 dept.,
1790 2715 236 40 Wharton
2080 2714 162 41 school
2294 2716 52 40 of

354 2772 186 40 finance
566 2773 96 39 and
689 2782 276 36 commerce,
995 2769 281 50 University
1304 2771 51 40 of
1383 2771 384 48 Pennsylvania)

355 2825 53 54 ©
430 2830 112 39 Dec.
565 2828 232 49 28,1984;
825 2829 66 39 2c.
916 2829 95 39 and
1035 2828 81 40 aff.
1140 2829 109 38 Jan.
1274 2828 68 46 21,
1367 2827 112 41 1935;
1532 2829 41 38 A
1596 2828 143 40 79284;
1793 2827 49 41 C.
1867 2829 70 39 W.
1962 2828 383 49 Thornthwaite,

424 2885 332 48 Washington.
828 2884 250 48 (35-3438)

351 2987 249 66 Tousey,
629 2985 266 66 Sinclair,
928 2992 170 50 1864-

419 3063 167 52 Twin
616 3068 305 56 strangers,
952 3062 76 62 by
1057 3063 103 52 Dr.
1194 3062 248 55 Sinclair
1472 3063 236 61 Tousey.
1778 3061 138 54 New
1947 3060 180 64 York,
2159 3060 68 56 G.
2262 3060 79 53 H.

349 3138 163 55 Watt
545 3143 191 64 [c1934]

420 3210 87 42 314
533 3222 43 39 p.
636 3212 56 40 19½
724 3214 44 22 cm
772 3245 8 8 .

356 3266 53 54 ©
442 3272 100 40 Oct.
578 3272 69 46 15,
681 3271 139 43 1934;
858 3270 65 40 2c.
961 3272 95 38 and
1092 3270 80 40 aff.
1210 3272 122 37 Mar.
1368 3271 38 46 1,
1443 3269 141 47 1935;
1623 3270 40 39 A
1699 3270 168 46 86671;
1909 3270 183 48 George
2127 3271 215 40 Howard

424 3328 149 40 Watt.
644 3327 250 48 (35-3542)

354 3427 1987 69 Uniform laws, annotated, v. 1, 2, 2-A, 3-10 … Supplement
425 3509 147 53 1934.
636 3505 273 56 Contains
937 3506 318 52 additional
1282 3507 300 66 adoptions
1610 3506 112 52 and
1749 3506 386 52 amendments
2159 3505 60 53 in
2244 3506 96 52 the

423 3602 135 49 year
597 3586 150 63 1934,
783 3583 113 52 and
933 3583 78 53 all
1046 3602 120 34 new
1204 3583 275 54 decisions
1514 3589 58 47 to
1609 3586 151 53 June
1798 3587 47 60 1,
1881 3587 149 49 1934.
2109 3583 227 67 [North-

425 3666 148 61 port,
597 3663 68 51 N.
693 3663 90 63 Y.,
810 3661 251 52 Edward
1086 3661 326 67 Thompson
1438 3678 294 50 company,
1782 3664 149 62 c1935]

423 3736 54 37 11
507 3745 42 28 v.
605 3734 114 39 23cm.

424 3790 156 40 These
607 3791 272 47 pamphlets
912 3799 86 30 are
1026 3791 47 39 to
1104 3790 57 39 be
1189 3789 137 40 fitted
1357 3789 102 39 into
1492 3790 82 39 the
1602 3789 198 47 pockets
1829 3790 53 38 at
1911 3789 84 39 the
2020 3788 123 39 back
2172 3788 54 39 of
2254 3789 83 39 the

352 3847 216 39 volumes
591 3847 54 39 of
671 3847 83 39 the
779 3848 74 38 set
880 3849 51 37 to
955 3845 156 39 which
1138 3846 115 46 they
1280 3846 183 46 belong.

354 3899 54 52 ©
435 3903 120 39 Mar.
585 3902 39 47 6,
653 3902 116 40 1935;
825 3902 66 40 2c.
921 3902 118 41 each
1071 3902 119 39 Mar.
1219 3902 27 39 8;
1303 3900 107 40 affs.
1441 3902 120 38 Mar.
1592 3902 25 38 7;
1677 3900 40 39 A
1748 3899 319 42 80865-80875;
2126 3898 209 40 Edward

423 3959 273 48 Thompson
721 3969 67 30 co.
