2424 4375
1255 4089 100 54 712

399 542 89 39 120
510 553 44 37 p.
609 543 127 38 illus.
766 543 199 47 (music)
1029 543 56 38 21½
1118 546 44 20 cm
1165 573 9 9 .

399 598 93 40 “To
521 599 59 39 be
606 600 116 39 used
750 598 267 49 conjointly
1044 598 121 41 with
1193 601 83 38 the
1302 599 168 48 Pupils
1512 600 190 41 books.”

331 651 1482 54 © 1c. June 17, 1935; A ad int. 20329; pubd. June 11;
1844 660 185 46 Boosey
2060 660 34 39 &
2122 670 82 36 co.,
2233 660 84 41 ltd.

331 774 192 64 Wells,
553 774 246 55 Charles
823 774 71 57 A.

401 851 179 66 Pink;
619 852 95 52 the
748 854 208 51 travels
993 852 62 53 of
1093 872 70 33 an
1198 852 305 53 American
1538 854 426 64 revolutionary
1998 856 58 51 in
2096 854 220 61 Russia,

330 928 72 69 by
433 929 234 55 Charles
697 931 72 52 A.
798 930 177 55 Wells
1002 930 112 52 and
1146 930 300 53 Elizabeth
1477 931 256 67 Boykin;
1768 931 139 52 with
1938 933 376 54 illustrations

329 1006 73 68 by
428 1006 235 55 Charles
685 1008 72 52 A.
778 1008 194 54 Wells.
1031 1008 138 53 New
1194 1008 179 66 York,
1397 1010 356 52 MacArthur
1775 1009 204 67 prints,
2006 1013 148 50 1935.

394 1082 26 38 1
451 1092 44 37 p.
561 1111 9 17 l.,
599 1079 146 40 5-208
775 1091 43 37 p.
877 1080 128 41 illus.
1063 1080 56 39 21
1123 1082 44 21 cm
1171 1112 9 8 .

329 1146 1933 53 © Apr. 6, 1935; 2c. and aff. Apr. 18; A 81465; C. A. Wells, New York.
406 1207 250 49 (35-7668)

327 1309 215 66 White,
570 1310 227 54 Walter
821 1311 63 54 T.

399 1386 173 55 Rowe
605 1386 223 68 typing,
861 1384 73 69 by
965 1385 218 54 Walter
1216 1386 63 51 T.
1313 1385 193 53 White
1541 1387 110 52 and
1685 1384 233 55 Charles
1953 1385 66 54 G.
2056 1386 259 68 Reigner.

329 1463 306 68 Complete.
710 1462 329 69 Baltimore,
1088 1462 266 69 Chicago,
1399 1464 121 52 The
1567 1463 78 54 H.
1691 1463 78 52 M.
1818 1463 173 54 Rowe
2037 1482 274 51 company

332 1576 14 34 [
350 1548 18 22 c
373 1544 132 49 1935
512 1576 12 33 ]

394 1612 1099 48 6 p. l., 6-321 p. illus., diagrs. 21 × 29 cm .
397 1670 120 39 Part
543 1668 53 40 of
624 1671 104 38 text
753 1678 60 30 on
839 1668 363 47 lining-papers.

396 1727 125 39 Text
551 1736 117 30 runs
699 1726 204 47 parallel
934 1726 122 40 with
1087 1726 122 40 back
1240 1725 53 40 of
1324 1735 155 31 cover.

326 1796 1880 53 © May 14, 1935; 2c. May 16; aff. May 17; A 83146; H. M. Rowe co.
402 1856 251 50 (35-7252)

322 1958 214 66 White,
562 1958 235 65 Wesley
820 1958 53 57 J.

388 2032 1922 71 Guide for polo umpires, by Capt. Wesley J. White … 6th
317 2112 84 52 ed.
471 2113 139 51 New
643 2111 181 68 York,
853 2111 216 53 United
1106 2110 187 55 States
1326 2111 132 67 polo
1493 2110 353 69 association,
1882 2114 150 50 1935.

382 2184 69 49 77,
487 2187 55 48 [1]
573 2196 42 37 p.
677 2184 178 47 diagrs.
914 2184 55 39 15½
1002 2185 43 21 cm
1051 2215 9 9 .

325 2254 53 53 ©
405 2259 117 46 May
547 2257 69 46 10,
644 2255 113 41 1935;
815 2255 64 40 2c.
910 2257 94 38 and
1032 2255 80 40 aff.
1142 2257 113 47 May
1285 2255 54 39 16;
1397 2256 41 38 A
1468 2255 169 47 81854;
1669 2256 55 40 U.
1760 2257 44 40 S.
1834 2258 108 46 polo
1972 2267 126 30 assn.

399 2314 250 49 (35-7751)

318 2415 200 54 Who’s
553 2417 125 51 who
713 2416 59 52 in
806 2415 244 58 Detroit,
1088 2418 265 62 1935-36;
1393 2433 31 33 a
1457 2414 395 68 biographical
1889 2416 320 67 dictionary
2244 2416 62 52 of

390 2494 442 67 representative
881 2511 126 34 men
1057 2495 110 51 and
1218 2510 214 34 women
1484 2492 62 53 of
1593 2493 405 67 metropolitan
2049 2496 254 64 Detroit;

394 2573 137 51 with
574 2590 29 33 a
648 2573 274 65 complete
965 2571 319 52 vocational
1327 2571 187 51 index.
1593 2570 246 67 Detroit,
1879 2573 89 52 W.
2014 2572 208 67 Romig
2263 2573 45 50 &

389 2667 278 49 company
701 2683 12 33 [
716 2656 20 21 c
742 2653 130 48 1935
879 2682 12 33 ]

387 2723 85 38 377
497 2733 41 36 p.
593 2722 56 38 21½
681 2724 45 20 cm
730 2753 8 8 .

320 2787 52 52 ©
399 2791 109 39 Feb.
534 2790 69 47 18,
631 2789 140 47 1935;
800 2790 66 40 2c.
894 2790 109 39 Feb.
1030 2789 81 46 20;
1140 2789 81 40 aff.
1248 2790 113 47 Apr.
1388 2789 81 46 20;
1497 2789 41 39 A
1566 2789 169 46 81887;
1766 2790 185 39 Walter
1979 2788 171 48 Romig
2175 2790 37 39 &
2237 2799 68 31 co.

401 2848 248 48 (35-7311)

321 2948 286 66 Wilhelm,
637 2951 225 51 Donald
891 2950 243 63 George,
1168 2952 168 51 1887-

454 3022 1849 70 … The story of iron and steel, by Donald Wilhelm … with
325 3101 287 69 drawings
650 3102 72 68 by
764 3100 138 55 Otto
942 3101 238 52 Kuhler.
1257 3100 135 54 New
1432 3100 160 51 York
1631 3099 108 55 and
1783 3100 254 66 London,
2076 3100 229 67 Harper

324 3181 45 50 &
394 3179 274 66 brothers,
696 3181 149 50 1935.

391 3250 27 39 5
450 3261 41 36 p.
560 3281 8 16 l.,
602 3250 83 40 109
717 3261 41 37 p.
820 3251 126 39 illus.
1006 3249 55 40 19
1063 3252 43 21 cm
1113 3281 8 8 .
1191 3249 134 47 (City
1358 3250 93 39 and
1486 3251 203 46 country
1723 3249 174 47 series)

392 3307 161 39 “First
587 3305 226 41 edition.”

319 3376 52 52 ©
400 3382 113 38 May
541 3380 68 41 15,
638 3379 139 46 1935;
805 3378 65 40 2c.
899 3380 113 45 May
1038 3379 81 45 15;
1152 3377 80 40 aff.
1261 3378 113 47 May
1402 3378 81 45 17;
1515 3378 41 38 A
1583 3376 169 47 83136;
1783 3378 191 47 Harper
2003 3378 35 39 &
2065 3377 124 40 bros.

396 3437 248 47 (35-7611)

319 3534 302 67 Williams,
650 3538 311 62 Benjamin
993 3535 299 64 Franklin,
1325 3537 169 53 1872-

390 3613 372 55 Commercial
789 3617 135 63 law;
956 3634 30 33 a
1012 3614 274 67 practical
1313 3613 385 67 presentation
1722 3612 63 53 of
1811 3613 352 52 commercial
2192 3614 105 50 law

323 3689 94 54 for
446 3710 96 34 use
573 3691 59 53 in
664 3690 77 53 all
770 3692 216 53 schools
1018 3693 56 51 in
1109 3691 183 52 which
1324 3691 95 51 the
1449 3690 219 66 subject
1696 3689 48 54 is
1773 3690 222 66 taught,
2026 3690 73 65 by
2132 3692 65 49 B.
2233 3691 62 50 F.

320 3767 1974 65 Williams … and L. A. Jester … Des Moines, la., Accredited
316 3845 762 66 schools supply co. [ c 1935]
387 3918 24 38 3
441 3927 43 37 p.
548 3949 8 16 l.,
589 3916 173 50 [9]-230
789 3928 42 37 p.
889 3916 56 39 22½
978 3919 43 21 cm
1026 3948 9 8 .

320 3969 52 52 ©
404 3974 108 38 Jan.
545 3974 38 46 1,
615 3973 112 40 1935;
786 3973 64 40 2c.
884 3974 115 46 May
1029 3973 52 46 6;
1114 3972 81 40 aff.
1228 3972 127 39 June
1383 3973 52 45 3;
1468 3972 41 38 A
1540 3972 168 46 81713;
1741 3973 52 37 B.
1827 3972 49 38 F.
1912 3970 254 47 Williams,
2199 3973 96 38 Des

391 4030 197 40 Moines.
659 4029 247 49 (35-7660)
