<alto xmlns="http://www.loc.gov/standards/alto/ns-v3#" xmlns:xlink="http://www.w3.org/1999/xlink" xmlns:xsi="http://www.w3.org/2001/XMLSchema-instance" xsi:schemaLocation="http://www.loc.gov/standards/alto/ns-v3# http://www.loc.gov/alto/v3/alto-3-0.xsd"><Description>
<MeasurementUnit>pixel</MeasurementUnit>
<sourceImageInformation>
<fileName>1935_v32_Part1.pdf</fileName>
</sourceImageInformation>
<OCRProcessing ID="IdOcr">
<ocrProcessingStep>
<processingDateTime>2019-01-15</processingDateTime>
<processingSoftware>
<softwareCreator>ABBYY</softwareCreator>
<softwareName>ABBYY Recognition Server</softwareName>
<softwareVersion>4.0</softwareVersion>
</processingSoftware>
</ocrProcessingStep>
</OCRProcessing>
</Description>
<Styles>
<ParagraphStyle ID="StyleId-FFFFFFFF-FFFF-FFFF-FFFF-FFFFFFFFFFFF-" ALIGN="Left" LEFT="0." RIGHT="0." FIRSTLINE="0."/>
<ParagraphStyle ID="StyleId-09A13A44-4F77-4ABE-84F3-84CC8B3C72CE-" ALIGN="Left" LEFT="0." RIGHT="0." FIRSTLINE="0." LINESPACE="7.699999809"/>
<ParagraphStyle ID="StyleId-1F945060-F8CD-4435-B69A-5FF49DB0C586-" ALIGN="Left" LEFT="0." RIGHT="0." FIRSTLINE="-10." LINESPACE="12.19999981"/>
<ParagraphStyle ID="StyleId-C6CAE747-F5A4-4D0D-8D74-D452DA7E2C1C-" ALIGN="Block" LEFT="0." RIGHT="0." FIRSTLINE="-14." LINESPACE="8.350000381"/>
<ParagraphStyle ID="StyleId-FC0F3374-189A-459E-BE29-2DC14180F022-" ALIGN="Left" LEFT="0." RIGHT="0." FIRSTLINE="0."/>
<ParagraphStyle ID="StyleId-49397C49-A894-4B3E-BA5E-1126226BA375-" ALIGN="Left" LEFT="0." RIGHT="0." FIRSTLINE="-12." LINESPACE="11.09000015"/>
<ParagraphStyle ID="StyleId-9E34DD3A-E661-48BD-A3A1-6A3D48346F00-" ALIGN="Block" LEFT="0." RIGHT="0." FIRSTLINE="-14." LINESPACE="11.09000015"/>
<ParagraphStyle ID="StyleId-56CE54AA-A08B-4BAA-8605-F26020A0E36E-" ALIGN="Left" LEFT="0." RIGHT="0." FIRSTLINE="0." LINESPACE="9.399999619"/>
<ParagraphStyle ID="StyleId-77814FFC-C42F-4AA9-9880-EF33B947DEC8-" ALIGN="Left" LEFT="0." RIGHT="0." FIRSTLINE="-11." LINESPACE="11.06999969"/>
<ParagraphStyle ID="StyleId-FDE92EC0-67DC-4C7B-8A24-094B12C38B6C-" ALIGN="Center" LEFT="0." RIGHT="0." FIRSTLINE="0." LINESPACE="11.30000019"/>
<ParagraphStyle ID="StyleId-65180E3B-4C93-4FB8-81EE-E026DD63DBF3-" ALIGN="Left" LEFT="0." RIGHT="0." FIRSTLINE="0." LINESPACE="11.10000038"/>
<ParagraphStyle ID="StyleId-10E885C2-5813-4620-B0AA-0FBA30CF7A32-" ALIGN="Left" LEFT="0." RIGHT="0." FIRSTLINE="0." LINESPACE="9.5"/>
<ParagraphStyle ID="StyleId-913C2DB5-9F02-4067-BAF7-0AED37B60BBE-" ALIGN="Left" LEFT="0." RIGHT="0." FIRSTLINE="0." LINESPACE="6.099999905"/>
<ParagraphStyle ID="StyleId-9C79A9D2-8F08-4A8F-985D-B00E253ED1E5-" ALIGN="Left" LEFT="0." RIGHT="0." FIRSTLINE="0." LINESPACE="4.400000095"/>
<ParagraphStyle ID="StyleId-A41F0407-FEFE-4738-9EC5-E05AFFF62781-" ALIGN="Left" LEFT="0." RIGHT="0." FIRSTLINE="0." LINESPACE="7.300000191"/>
<ParagraphStyle ID="StyleId-61D37176-94E8-408D-9B87-01C406CE8AB2-" ALIGN="Left" LEFT="0." RIGHT="0." FIRSTLINE="0." LINESPACE="8.050000191"/>
</Styles>
<Layout>
<Page ID="Page164" PHYSICAL_IMG_NR="164" HEIGHT="4384" WIDTH="2526">
<TopMargin HEIGHT="426" WIDTH="2526" VPOS="0" HPOS="0">
</TopMargin>
<LeftMargin HEIGHT="3808" WIDTH="350" VPOS="426" HPOS="0">
</LeftMargin>
<RightMargin HEIGHT="3808" WIDTH="146" VPOS="426" HPOS="2380">
</RightMargin>
<BottomMargin HEIGHT="150" WIDTH="2526" VPOS="4234" HPOS="0">
</BottomMargin>
<PrintSpace HEIGHT="3808" WIDTH="2030" VPOS="426" HPOS="350">
<TextBlock ID="Page164_Block1" HEIGHT="184" WIDTH="362" VPOS="4050" HPOS="1186" LANG="en-US" STYLEREFS="StyleId-FF92A133-F066-468A-902B-51DB1640BACA-">
<TextLine HEIGHT="48" WIDTH="99" VPOS="4063" HPOS="1331">
<String CONTENT="164" HEIGHT="48" WIDTH="99" VPOS="4063" HPOS="1331"/>
</TextLine>
</TextBlock>
<TextBlock ID="Page164_Block2" HEIGHT="3630" WIDTH="2030" VPOS="426" HPOS="350" LANG="en-US" CS="1" STYLEREFS="StyleId-C2937EB3-32CA-4E37-95BE-19560C818362-">
<TextLine HEIGHT="69" WIDTH="652" VPOS="437" HPOS="360" STYLEREFS="StyleId-260B928B-BA02-480E-8A82-48D46FB65656-">
<String CONTENT="Gielgud," HEIGHT="69" WIDTH="266" VPOS="437" HPOS="360"/>
<SP HEIGHT="65" WIDTH="26" VPOS="441" HPOS="627"/>
<String LANG="fr" CONTENT="Val" HEIGHT="55" WIDTH="109" VPOS="440" HPOS="654"/>
<SP HEIGHT="53" WIDTH="24" VPOS="440" HPOS="764"/>
<String CONTENT="Henry." HEIGHT="63" WIDTH="223" VPOS="442" HPOS="789"/>
</TextLine>
<TextLine HEIGHT="70" WIDTH="1204" VPOS="516" HPOS="426" STYLEREFS="StyleId-5B69405E-0F66-4DF7-967F-D8C5C5C6EE07-">
<String CONTENT="Murder" HEIGHT="53" WIDTH="238" VPOS="516" HPOS="426"/>
<SP HEIGHT="51" WIDTH="26" VPOS="518" HPOS="665"/>
<String CONTENT="in" HEIGHT="52" WIDTH="59" VPOS="518" HPOS="692"/>
<SP HEIGHT="48" WIDTH="29" VPOS="523" HPOS="752"/>
<String CONTENT="the" HEIGHT="53" WIDTH="94" VPOS="518" HPOS="782"/>
<SP HEIGHT="33" WIDTH="27" VPOS="537" HPOS="877"/>
<String CONTENT="studio." HEIGHT="53" WIDTH="206" VPOS="517" HPOS="905"/>
<SP HEIGHT="34" WIDTH="78" VPOS="550" HPOS="1112"/>
<String CONTENT="[Instalment" HEIGHT="66" WIDTH="362" VPOS="518" HPOS="1191"/>
<SP HEIGHT="55" WIDTH="26" VPOS="517" HPOS="1554"/>
<String CONTENT="7]" HEIGHT="69" WIDTH="49" VPOS="517" HPOS="1581"/>
</TextLine>
<TextLine HEIGHT="52" WIDTH="947" VPOS="587" HPOS="461" CS="1">
<String CS="1" CONTENT="(In" HEIGHT="37" WIDTH="62" VPOS="592" HPOS="461"/>
<SP HEIGHT="41" WIDTH="22" VPOS="588" HPOS="524"/>
<String CONTENT="Pictorial" HEIGHT="43" WIDTH="237" VPOS="587" HPOS="547"/>
<SP HEIGHT="42" WIDTH="26" VPOS="587" HPOS="785"/>
<String CONTENT="weekly," HEIGHT="52" WIDTH="204" VPOS="587" HPOS="812"/>
<SP HEIGHT="50" WIDTH="29" VPOS="588" HPOS="1017"/>
<String CONTENT="Feb." HEIGHT="43" WIDTH="116" VPOS="588" HPOS="1047"/>
<SP HEIGHT="41" WIDTH="27" VPOS="590" HPOS="1164"/>
<String CONTENT="2," HEIGHT="48" WIDTH="41" VPOS="590" HPOS="1192"/>
<SP HEIGHT="49" WIDTH="30" VPOS="589" HPOS="1234"/>
<String CONTENT="1935)" HEIGHT="50" WIDTH="143" VPOS="588" HPOS="1265"/>
</TextLine>
<TextLine HEIGHT="53" WIDTH="1989" VPOS="643" HPOS="365" CS="1">
<String CONTENT="&#169;" HEIGHT="52" WIDTH="51" VPOS="643" HPOS="365"/>
<SP/>
<String CS="1" CONTENT="1c."/>
<SP/>
<String CONTENT="Mar." HEIGHT="38" WIDTH="119" VPOS="649" HPOS="556"/>
<SP HEIGHT="39" WIDTH="35" VPOS="648" HPOS="676"/>
<String CONTENT="22," HEIGHT="47" WIDTH="70" VPOS="648" HPOS="712"/>
<SP HEIGHT="46" WIDTH="32" VPOS="649" HPOS="783"/>
<String CONTENT="1935;" HEIGHT="47" WIDTH="141" VPOS="648" HPOS="816"/>
<SP HEIGHT="46" WIDTH="34" VPOS="649" HPOS="958"/>
<!-- cceid 8514968C-6D82-1014-B070-FDFD250A9EDA --><String CONTENT="A" HEIGHT="38" WIDTH="41" VPOS="649" HPOS="993"/>
<SP HEIGHT="38" WIDTH="33" VPOS="649" HPOS="1035"/>
<String CONTENT="ad" HEIGHT="38" WIDTH="59" VPOS="650" HPOS="1069"/>
<SP HEIGHT="40" WIDTH="36" VPOS="648" HPOS="1129"/>
<String CONTENT="int." HEIGHT="39" WIDTH="85" VPOS="648" HPOS="1166"/>
<SP HEIGHT="39" WIDTH="34" VPOS="647" HPOS="1252"/>
<String CONTENT="20045;" HEIGHT="48" WIDTH="173" VPOS="647" HPOS="1287"/>
<SP HEIGHT="38" WIDTH="39" VPOS="658" HPOS="1461"/>
<String CONTENT="pubd." HEIGHT="48" WIDTH="140" VPOS="648" HPOS="1501"/>
<SP HEIGHT="39" WIDTH="37" VPOS="648" HPOS="1642"/>
<String CONTENT="Jan." HEIGHT="39" WIDTH="107" VPOS="648" HPOS="1680"/>
<SP HEIGHT="40" WIDTH="37" VPOS="647" HPOS="1788"/>
<String CONTENT="25;" HEIGHT="48" WIDTH="82" VPOS="647" HPOS="1826"/>
<SP HEIGHT="47" WIDTH="36" VPOS="648" HPOS="1909"/>
<String CONTENT="V." HEIGHT="40" WIDTH="54" VPOS="648" HPOS="1946"/>
<SP HEIGHT="40" WIDTH="37" VPOS="648" HPOS="2001"/>
<String CONTENT="H." HEIGHT="39" WIDTH="58" VPOS="648" HPOS="2039"/>
<SP HEIGHT="41" WIDTH="37" VPOS="647" HPOS="2098"/>
<String CONTENT="Gielgud," HEIGHT="49" WIDTH="218" VPOS="647" HPOS="2136"/>
</TextLine>
<TextLine HEIGHT="40" WIDTH="209" VPOS="705" HPOS="430">
<String CONTENT="London." HEIGHT="40" WIDTH="209" VPOS="705" HPOS="430"/>
</TextLine>
<TextLine HEIGHT="69" WIDTH="1992" VPOS="806" HPOS="361" STYLEREFS="StyleId-5B69405E-0F66-4DF7-967F-D8C5C5C6EE07-">
<String LANG="de" CONTENT="Der" HEIGHT="52" WIDTH="116" VPOS="806" HPOS="361"/>
<SP HEIGHT="47" WIDTH="39" VPOS="824" HPOS="478"/>
<String LANG="de" CONTENT="grosse" HEIGHT="49" WIDTH="206" VPOS="822" HPOS="518"/>
<SP HEIGHT="52" WIDTH="39" VPOS="809" HPOS="725"/>
<String LANG="en-US" CONTENT="Herder;" HEIGHT="66" WIDTH="256" VPOS="808" HPOS="765"/>
<SP HEIGHT="48" WIDTH="43" VPOS="826" HPOS="1022"/>
<String LANG="en-US" CONTENT="nachschlagewerk" HEIGHT="68" WIDTH="531" VPOS="807" HPOS="1066"/>
<SP HEIGHT="52" WIDTH="39" VPOS="807" HPOS="1598"/>
<String LANG="de" CONTENT="f&#252;r" HEIGHT="53" WIDTH="99" VPOS="807" HPOS="1638"/>
<SP HEIGHT="33" WIDTH="40" VPOS="827" HPOS="1738"/>
<String LANG="de" CONTENT="wissen" HEIGHT="54" WIDTH="200" VPOS="807" HPOS="1779"/>
<SP HEIGHT="33" WIDTH="37" VPOS="827" HPOS="1980"/>
<String LANG="de" CONTENT="und" HEIGHT="52" WIDTH="118" VPOS="808" HPOS="2018"/>
<SP HEIGHT="52" WIDTH="39" VPOS="808" HPOS="2137"/>
<String LANG="de" CONTENT="leben." HEIGHT="53" WIDTH="176" VPOS="807" HPOS="2177"/>
</TextLine>
<TextLine HEIGHT="70" WIDTH="1926" VPOS="883" HPOS="428" STYLEREFS="StyleId-5B69405E-0F66-4DF7-967F-D8C5C5C6EE07-" LANG="de">
<String CONTENT="4.," HEIGHT="65" WIDTH="67" VPOS="887" HPOS="428"/>
<SP HEIGHT="49" WIDTH="34" VPOS="903" HPOS="496"/>
<String CONTENT="v&#246;llig" HEIGHT="69" WIDTH="180" VPOS="884" HPOS="531"/>
<SP HEIGHT="49" WIDTH="30" VPOS="904" HPOS="712"/>
<String CONTENT="neubearb." HEIGHT="53" WIDTH="300" VPOS="885" HPOS="743"/>
<SP HEIGHT="34" WIDTH="33" VPOS="904" HPOS="1044"/>
<String CONTENT="aufl." HEIGHT="54" WIDTH="128" VPOS="883" HPOS="1078"/>
<SP HEIGHT="33" WIDTH="34" VPOS="904" HPOS="1207"/>
<String CONTENT="von" HEIGHT="33" WIDTH="111" VPOS="903" HPOS="1242"/>
<SP HEIGHT="51" WIDTH="34" VPOS="887" HPOS="1354"/>
<String CONTENT="Herders" HEIGHT="53" WIDTH="253" VPOS="885" HPOS="1389"/>
<SP HEIGHT="52" WIDTH="33" VPOS="886" HPOS="1643"/>
<String CONTENT="konversationslexikon." HEIGHT="53" WIDTH="677" VPOS="885" HPOS="1677"/>
</TextLine>
<TextLine HEIGHT="69" WIDTH="1924" VPOS="962" HPOS="432" STYLEREFS="StyleId-5B69405E-0F66-4DF7-967F-D8C5C5C6EE07-" LANG="de">
<String CONTENT="9." HEIGHT="50" WIDTH="45" VPOS="965" HPOS="432"/>
<SP HEIGHT="52" WIDTH="28" VPOS="963" HPOS="478"/>
<String LANG="fr" CONTENT="bd." HEIGHT="52" WIDTH="91" VPOS="963" HPOS="507"/>
<SP HEIGHT="55" WIDTH="65" VPOS="962" HPOS="599"/>
<String LANG="fr" CONTENT="Osman" HEIGHT="55" WIDTH="215" VPOS="962" HPOS="665"/>
<SP HEIGHT="52" WIDTH="25" VPOS="963" HPOS="881"/>
<String CONTENT="bis" HEIGHT="54" WIDTH="85" VPOS="962" HPOS="907"/>
<SP HEIGHT="51" WIDTH="29" VPOS="965" HPOS="993"/>
<String CONTENT="Reuchlin." HEIGHT="54" WIDTH="294" VPOS="962" HPOS="1023"/>
<SP HEIGHT="51" WIDTH="65" VPOS="964" HPOS="1318"/>
<String CONTENT="Freiburg" HEIGHT="68" WIDTH="285" VPOS="963" HPOS="1384"/>
<SP HEIGHT="66" WIDTH="26" VPOS="965" HPOS="1670"/>
<String CONTENT="im" HEIGHT="52" WIDTH="76" VPOS="965" HPOS="1697"/>
<SP HEIGHT="52" WIDTH="30" VPOS="965" HPOS="1774"/>
<String CONTENT="Breisgau," HEIGHT="67" WIDTH="297" VPOS="964" HPOS="1805"/>
<SP HEIGHT="66" WIDTH="25" VPOS="965" HPOS="2103"/>
<String CONTENT="Herder" HEIGHT="53" WIDTH="227" VPOS="964" HPOS="2129"/>
</TextLine>
<TextLine HEIGHT="68" WIDTH="696" VPOS="1040" HPOS="431" STYLEREFS="StyleId-5B69405E-0F66-4DF7-967F-D8C5C5C6EE07-" LANG="de">
<String CONTENT="&amp;" HEIGHT="50" WIDTH="46" VPOS="1044" HPOS="431"/>
<SP HEIGHT="50" WIDTH="21" VPOS="1044" HPOS="478"/>
<String CONTENT="co.," HEIGHT="49" WIDTH="97" VPOS="1058" HPOS="500"/>
<SP HEIGHT="48" WIDTH="22" VPOS="1060" HPOS="598"/>
<String CONTENT="g." HEIGHT="48" WIDTH="53" VPOS="1060" HPOS="621"/>
<SP HEIGHT="34" WIDTH="23" VPOS="1061" HPOS="675"/>
<String CONTENT="m." HEIGHT="32" WIDTH="72" VPOS="1061" HPOS="699"/>
<SP HEIGHT="53" WIDTH="23" VPOS="1040" HPOS="772"/>
<String CONTENT="b." HEIGHT="53" WIDTH="50" VPOS="1040" HPOS="796"/>
<SP HEIGHT="53" WIDTH="24" VPOS="1040" HPOS="847"/>
<String CONTENT="h." HEIGHT="53" WIDTH="54" VPOS="1040" HPOS="872"/>
<SP HEIGHT="34" WIDTH="29" VPOS="1074" HPOS="927"/>
<String CONTENT="[1934]" HEIGHT="65" WIDTH="170" VPOS="1043" HPOS="957"/>
</TextLine>
<TextLine HEIGHT="51" WIDTH="1926" VPOS="1112" HPOS="433" CS="1">
<String LANG="de" CONTENT="31" HEIGHT="41" WIDTH="29" VPOS="1114" HPOS="433"/>
<SP HEIGHT="46" WIDTH="30" VPOS="1115" HPOS="463"/>
<String LANG="fr" CONTENT="p." HEIGHT="36" WIDTH="40" VPOS="1125" HPOS="494"/>
<SP/>
<String LANG="fr" CS="1" CONTENT="l.,"/>
<SP/>
<String LANG="de" CONTENT="1754," HEIGHT="47" WIDTH="127" VPOS="1114" HPOS="651"/>
<SP HEIGHT="29" WIDTH="38" VPOS="1134" HPOS="779"/>
<String LANG="de" CONTENT="[2]" HEIGHT="51" WIDTH="54" VPOS="1112" HPOS="818"/>
<SP HEIGHT="38" WIDTH="37" VPOS="1125" HPOS="873"/>
<String LANG="en-US" CONTENT="numb." HEIGHT="39" WIDTH="160" VPOS="1114" HPOS="911"/>
<SP HEIGHT="29" WIDTH="35" VPOS="1125" HPOS="1072"/>
<String LANG="en-US" CONTENT="col." HEIGHT="40" WIDTH="87" VPOS="1114" HPOS="1108"/>
<SP HEIGHT="40" WIDTH="61" VPOS="1113" HPOS="1196"/>
<String LANG="de" CONTENT="illus." HEIGHT="40" WIDTH="127" VPOS="1113" HPOS="1258"/>
<SP HEIGHT="48" WIDTH="28" VPOS="1113" HPOS="1386"/>
<String LANG="de" CONTENT="(incl." HEIGHT="49" WIDTH="131" VPOS="1112" HPOS="1415"/>
<SP HEIGHT="37" WIDTH="37" VPOS="1125" HPOS="1547"/>
<String LANG="en-US" CONTENT="ports," HEIGHT="46" WIDTH="163" VPOS="1116" HPOS="1585"/>
<SP HEIGHT="37" WIDTH="35" VPOS="1124" HPOS="1749"/>
<String LANG="en-US" CONTENT="plans," HEIGHT="47" WIDTH="154" VPOS="1114" HPOS="1785"/>
<SP HEIGHT="37" WIDTH="37" VPOS="1124" HPOS="1940"/>
<String LANG="en-US" CONTENT="music)" HEIGHT="49" WIDTH="176" VPOS="1112" HPOS="1978"/>
<SP HEIGHT="51" WIDTH="46" VPOS="1112" HPOS="2155"/>
<String LANG="en-US" CONTENT="plates" HEIGHT="48" WIDTH="157" VPOS="1115" HPOS="2202"/>
</TextLine>
<TextLine HEIGHT="50" WIDTH="1610" VPOS="1169" HPOS="371" CS="1">
<String CONTENT="(part" HEIGHT="48" WIDTH="136" VPOS="1171" HPOS="371"/>
<SP HEIGHT="38" WIDTH="24" VPOS="1173" HPOS="508"/>
<String CONTENT="col.," HEIGHT="47" WIDTH="101" VPOS="1171" HPOS="533"/>
<SP HEIGHT="37" WIDTH="26" VPOS="1182" HPOS="635"/>
<String CONTENT="part" HEIGHT="46" WIDTH="113" VPOS="1173" HPOS="662"/>
<SP HEIGHT="38" WIDTH="24" VPOS="1173" HPOS="776"/>
<String CONTENT="double)" HEIGHT="47" WIDTH="198" VPOS="1170" HPOS="801"/>
<SP HEIGHT="47" WIDTH="35" VPOS="1170" HPOS="1000"/>
<String CONTENT="maps" HEIGHT="38" WIDTH="137" VPOS="1180" HPOS="1036"/>
<SP HEIGHT="49" WIDTH="26" VPOS="1169" HPOS="1174"/>
<String CONTENT="(part" HEIGHT="50" WIDTH="137" VPOS="1169" HPOS="1201"/>
<SP HEIGHT="38" WIDTH="25" VPOS="1172" HPOS="1339"/>
<String CONTENT="double)" HEIGHT="49" WIDTH="196" VPOS="1170" HPOS="1365"/>
<SP HEIGHT="49" WIDTH="38" VPOS="1170" HPOS="1562"/>
<String CONTENT="diagrs." HEIGHT="48" WIDTH="177" VPOS="1171" HPOS="1601"/>
<SP HEIGHT="39" WIDTH="56" VPOS="1171" HPOS="1779"/>
<String CS="1" CONTENT="24&#189;cm." HEIGHT="39" WIDTH="145" VPOS="1171" HPOS="1836"/>
</TextLine>
<TextLine HEIGHT="48" WIDTH="1284" VPOS="1228" HPOS="434">
<String CONTENT="Text" HEIGHT="41" WIDTH="124" VPOS="1228" HPOS="434"/>
<SP HEIGHT="38" WIDTH="23" VPOS="1231" HPOS="559"/>
<String CONTENT="on" HEIGHT="28" WIDTH="61" VPOS="1239" HPOS="583"/>
<SP HEIGHT="28" WIDTH="24" VPOS="1239" HPOS="645"/>
<String CONTENT="versos" HEIGHT="30" WIDTH="166" VPOS="1238" HPOS="670"/>
<SP HEIGHT="30" WIDTH="22" VPOS="1238" HPOS="837"/>
<String CONTENT="of" HEIGHT="39" WIDTH="53" VPOS="1228" HPOS="860"/>
<SP HEIGHT="48" WIDTH="23" VPOS="1228" HPOS="914"/>
<String CONTENT="part" HEIGHT="46" WIDTH="112" VPOS="1230" HPOS="938"/>
<SP HEIGHT="38" WIDTH="22" VPOS="1230" HPOS="1051"/>
<String CONTENT="of" HEIGHT="39" WIDTH="53" VPOS="1228" HPOS="1074"/>
<SP HEIGHT="40" WIDTH="24" VPOS="1228" HPOS="1128"/>
<String CONTENT="the" HEIGHT="40" WIDTH="83" VPOS="1228" HPOS="1153"/>
<SP HEIGHT="36" WIDTH="22" VPOS="1239" HPOS="1237"/>
<String CONTENT="plates" HEIGHT="46" WIDTH="156" VPOS="1229" HPOS="1260"/>
<SP HEIGHT="30" WIDTH="27" VPOS="1238" HPOS="1417"/>
<String CONTENT="and" HEIGHT="38" WIDTH="94" VPOS="1230" HPOS="1445"/>
<SP HEIGHT="38" WIDTH="27" VPOS="1230" HPOS="1540"/>
<String CONTENT="maps." HEIGHT="37" WIDTH="150" VPOS="1239" HPOS="1568"/>
</TextLine>
<TextLine HEIGHT="53" WIDTH="1992" VPOS="1280" HPOS="367" CS="1">
<String CONTENT="&#169;" HEIGHT="52" WIDTH="53" VPOS="1280" HPOS="367"/>
<SP HEIGHT="52" WIDTH="36" VPOS="1280" HPOS="421"/>
<String CONTENT="Oct." HEIGHT="42" WIDTH="102" VPOS="1284" HPOS="458"/>
<SP HEIGHT="41" WIDTH="35" VPOS="1284" HPOS="561"/>
<String CONTENT="29," HEIGHT="49" WIDTH="69" VPOS="1283" HPOS="597"/>
<SP HEIGHT="47" WIDTH="35" VPOS="1285" HPOS="667"/>
<String CS="1" CONTENT="1934;" HEIGHT="41" WIDTH="113" VPOS="1284" HPOS="703"/>
<SP/>
<String CS="1" CONTENT="1c."/>
<SP/>
<String CONTENT="Feb." HEIGHT="41" WIDTH="110" VPOS="1284" HPOS="987"/>
<SP HEIGHT="39" WIDTH="34" VPOS="1286" HPOS="1098"/>
<String CONTENT="19," HEIGHT="47" WIDTH="69" VPOS="1284" HPOS="1133"/>
<SP HEIGHT="45" WIDTH="34" VPOS="1286" HPOS="1203"/>
<String CS="1" CONTENT="1935;" HEIGHT="41" WIDTH="117" VPOS="1284" HPOS="1238"/>
<SP HEIGHT="46" WIDTH="40" VPOS="1286" HPOS="1379"/>
<!-- cceid 85155075-6D82-1014-B070-FDFD250A9EDA --><String CONTENT="A-Foreign" HEIGHT="49" WIDTH="310" VPOS="1284" HPOS="1420"/>
<SP HEIGHT="40" WIDTH="35" VPOS="1284" HPOS="1731"/>
<String CS="1" CONTENT="26973;" HEIGHT="42" WIDTH="142" VPOS="1283" HPOS="1767"/>
<SP HEIGHT="46" WIDTH="40" VPOS="1285" HPOS="1937"/>
<String CONTENT="Herder" HEIGHT="40" WIDTH="192" VPOS="1285" HPOS="1978"/>
<SP HEIGHT="40" WIDTH="33" VPOS="1285" HPOS="2171"/>
<String CONTENT="&amp;" HEIGHT="40" WIDTH="37" VPOS="1285" HPOS="2205"/>
<SP HEIGHT="40" WIDTH="33" VPOS="1285" HPOS="2243"/>
<String CONTENT="co.," HEIGHT="38" WIDTH="82" VPOS="1294" HPOS="2277"/>
</TextLine>
<TextLine HEIGHT="48" WIDTH="268" VPOS="1342" HPOS="433">
<String CONTENT="g." HEIGHT="38" WIDTH="40" VPOS="1352" HPOS="433"/>
<SP HEIGHT="27" WIDTH="26" VPOS="1354" HPOS="474"/>
<String CONTENT="m." HEIGHT="27" WIDTH="59" VPOS="1354" HPOS="501"/>
<SP HEIGHT="39" WIDTH="26" VPOS="1342" HPOS="561"/>
<String CONTENT="b." HEIGHT="39" WIDTH="40" VPOS="1342" HPOS="588"/>
<SP HEIGHT="38" WIDTH="27" VPOS="1343" HPOS="629"/>
<String CONTENT="h." HEIGHT="38" WIDTH="44" VPOS="1343" HPOS="657"/>
</TextLine>
<TextLine HEIGHT="63" WIDTH="647" VPOS="1435" HPOS="363" STYLEREFS="StyleId-260B928B-BA02-480E-8A82-48D46FB65656-">
<String CONTENT="Hand," HEIGHT="63" WIDTH="192" VPOS="1435" HPOS="363"/>
<SP HEIGHT="63" WIDTH="27" VPOS="1435" HPOS="556"/>
<String CONTENT="Henry," HEIGHT="63" WIDTH="222" VPOS="1435" HPOS="584"/>
<SP HEIGHT="58" WIDTH="31" VPOS="1440" HPOS="807"/>
<String CONTENT="1860-" HEIGHT="51" WIDTH="171" VPOS="1437" HPOS="839"/>
</TextLine>
<TextLine HEIGHT="71" WIDTH="1921" VPOS="1506" HPOS="441" STYLEREFS="StyleId-5B69405E-0F66-4DF7-967F-D8C5C5C6EE07-" CS="1">
<String CONTENT="The" HEIGHT="51" WIDTH="120" VPOS="1509" HPOS="441"/>
<SP HEIGHT="52" WIDTH="34" VPOS="1508" HPOS="562"/>
<String CONTENT="drama" HEIGHT="54" WIDTH="198" VPOS="1508" HPOS="597"/>
<SP HEIGHT="34" WIDTH="37" VPOS="1529" HPOS="796"/>
<String CONTENT="of" HEIGHT="56" WIDTH="63" VPOS="1507" HPOS="834"/>
<SP HEIGHT="53" WIDTH="35" VPOS="1507" HPOS="898"/>
<String CONTENT="the" HEIGHT="53" WIDTH="96" VPOS="1508" HPOS="934"/>
<SP HEIGHT="34" WIDTH="35" VPOS="1527" HPOS="1031"/>
<String CONTENT="ages," HEIGHT="51" WIDTH="146" VPOS="1525" HPOS="1067"/>
<SP HEIGHT="67" WIDTH="33" VPOS="1508" HPOS="1214"/>
<String CONTENT="by" HEIGHT="69" WIDTH="74" VPOS="1508" HPOS="1248"/>
<SP HEIGHT="69" WIDTH="35" VPOS="1508" HPOS="1323"/>
<String CONTENT="Henry" HEIGHT="69" WIDTH="203" VPOS="1508" HPOS="1359"/>
<SP HEIGHT="68" WIDTH="34" VPOS="1509" HPOS="1563"/>
<String CONTENT="Hand" HEIGHT="53" WIDTH="179" VPOS="1508" HPOS="1598"/>
<SP/>
<String CS="1" CONTENT="&#8230;"/>
<SP HEIGHT="54" WIDTH="76" VPOS="1508" HPOS="1875"/>
<String CONTENT="Los" HEIGHT="53" WIDTH="111" VPOS="1508" HPOS="1952"/>
<SP HEIGHT="55" WIDTH="34" VPOS="1506" HPOS="2064"/>
<String CONTENT="Angeles," HEIGHT="70" WIDTH="263" VPOS="1506" HPOS="2099"/>
</TextLine>
<TextLine HEIGHT="69" WIDTH="883" VPOS="1585" HPOS="372" STYLEREFS="StyleId-5B69405E-0F66-4DF7-967F-D8C5C5C6EE07-" CS="1">
<String CONTENT="Calif.," HEIGHT="69" WIDTH="192" VPOS="1585" HPOS="372"/>
<SP HEIGHT="68" WIDTH="29" VPOS="1586" HPOS="565"/>
<String CONTENT="DeVorss" HEIGHT="54" WIDTH="264" VPOS="1586" HPOS="595"/>
<SP HEIGHT="52" WIDTH="27" VPOS="1587" HPOS="860"/>
<String CONTENT="&amp;" HEIGHT="50" WIDTH="46" VPOS="1587" HPOS="888"/>
<SP HEIGHT="51" WIDTH="30" VPOS="1587" HPOS="935"/>
<String CONTENT="co." HEIGHT="34" WIDTH="77" VPOS="1604" HPOS="966"/>
<SP HEIGHT="34" WIDTH="35" VPOS="1620" HPOS="1044"/>
<String CS="1" CONTENT="[c1934]" HEIGHT="67" WIDTH="175" VPOS="1587" HPOS="1080"/>
</TextLine>
<TextLine HEIGHT="49" WIDTH="1002" VPOS="1657" HPOS="438" STYLEREFS="StyleId-5B69405E-0F66-4DF7-967F-D8C5C5C6EE07-" CS="1">
<String LANG="en-US" CONTENT="3" HEIGHT="40" WIDTH="28" VPOS="1657" HPOS="438"/>
<SP HEIGHT="48" WIDTH="23" VPOS="1657" HPOS="467"/>
<String LANG="fr" CONTENT="p." HEIGHT="37" WIDTH="43" VPOS="1668" HPOS="491"/>
<SP/>
<String LANG="fr" CS="1" CONTENT="l.,"/>
<SP/>
<String LANG="en-US" CONTENT="xi-xv" HEIGHT="39" WIDTH="146" VPOS="1658" HPOS="635"/>
<SP HEIGHT="37" WIDTH="27" VPOS="1669" HPOS="782"/>
<String LANG="fr" CONTENT="p.," HEIGHT="37" WIDTH="57" VPOS="1669" HPOS="810"/>
<SP HEIGHT="47" WIDTH="26" VPOS="1658" HPOS="868"/>
<String LANG="en-US" CONTENT="1" HEIGHT="39" WIDTH="24" VPOS="1658" HPOS="895"/>
<SP/>
<String LANG="en-US" CS="1" CONTENT="l.,"/>
<SP/>
<String LANG="en-US" CONTENT="19-188" HEIGHT="42" WIDTH="172" VPOS="1657" HPOS="1022"/>
<SP HEIGHT="48" WIDTH="25" VPOS="1658" HPOS="1195"/>
<String LANG="en-US" CONTENT="p." HEIGHT="37" WIDTH="42" VPOS="1669" HPOS="1221"/>
<SP HEIGHT="41" WIDTH="59" VPOS="1657" HPOS="1264"/>
<String LANG="en-US" CONTENT="20cm." HEIGHT="41" WIDTH="116" VPOS="1657" HPOS="1324"/>
</TextLine>
<TextLine HEIGHT="50" WIDTH="576" VPOS="1713" HPOS="440">
<String CONTENT="Bibliography:" HEIGHT="47" WIDTH="376" VPOS="1715" HPOS="440"/>
<SP HEIGHT="38" WIDTH="28" VPOS="1725" HPOS="817"/>
<String CONTENT="p." HEIGHT="38" WIDTH="43" VPOS="1725" HPOS="846"/>
<SP HEIGHT="40" WIDTH="26" VPOS="1715" HPOS="890"/>
<String CONTENT="188." HEIGHT="43" WIDTH="99" VPOS="1713" HPOS="917"/>
</TextLine>
<TextLine HEIGHT="53" WIDTH="1991" VPOS="1770" HPOS="369" CS="1">
<String CONTENT="&#169;" HEIGHT="53" WIDTH="51" VPOS="1770" HPOS="369"/>
<SP HEIGHT="53" WIDTH="27" VPOS="1770" HPOS="421"/>
<String CONTENT="Dec." HEIGHT="39" WIDTH="109" VPOS="1776" HPOS="449"/>
<SP HEIGHT="40" WIDTH="26" VPOS="1775" HPOS="559"/>
<String CONTENT="3," HEIGHT="47" WIDTH="40" VPOS="1775" HPOS="586"/>
<SP HEIGHT="47" WIDTH="26" VPOS="1775" HPOS="627"/>
<String CS="1" CONTENT="1934;" HEIGHT="41" WIDTH="114" VPOS="1774" HPOS="654"/>
<SP HEIGHT="48" WIDTH="26" VPOS="1773" HPOS="796"/>
<String CONTENT="2c." HEIGHT="41" WIDTH="66" VPOS="1773" HPOS="823"/>
<SP HEIGHT="29" WIDTH="28" VPOS="1784" HPOS="890"/>
<String CONTENT="and" HEIGHT="38" WIDTH="95" VPOS="1776" HPOS="919"/>
<SP HEIGHT="38" WIDTH="25" VPOS="1776" HPOS="1015"/>
<String LANG="de" CONTENT="aff." HEIGHT="40" WIDTH="81" VPOS="1773" HPOS="1041"/>
<SP HEIGHT="41" WIDTH="25" VPOS="1773" HPOS="1123"/>
<String CONTENT="Jan." HEIGHT="41" WIDTH="107" VPOS="1773" HPOS="1149"/>
<SP HEIGHT="40" WIDTH="29" VPOS="1774" HPOS="1257"/>
<String CONTENT="5," HEIGHT="46" WIDTH="39" VPOS="1774" HPOS="1287"/>
<SP HEIGHT="45" WIDTH="26" VPOS="1775" HPOS="1327"/>
<String CS="1" CONTENT="1935;" HEIGHT="41" WIDTH="113" VPOS="1773" HPOS="1354"/>
<SP HEIGHT="46" WIDTH="26" VPOS="1775" HPOS="1496"/>
<!-- cceid 8516157B-6D82-1014-B070-FDFD250A9EDA --><String CONTENT="A" HEIGHT="38" WIDTH="41" VPOS="1775" HPOS="1523"/>
<SP HEIGHT="39" WIDTH="26" VPOS="1775" HPOS="1565"/>
<String CS="1" CONTENT="78879;" HEIGHT="42" WIDTH="147" VPOS="1773" HPOS="1592"/>
<SP HEIGHT="46" WIDTH="29" VPOS="1775" HPOS="1763"/>
<String CONTENT="H." HEIGHT="39" WIDTH="59" VPOS="1775" HPOS="1793"/>
<SP HEIGHT="38" WIDTH="28" VPOS="1775" HPOS="1853"/>
<String CONTENT="Hand," HEIGHT="48" WIDTH="160" VPOS="1775" HPOS="1882"/>
<SP HEIGHT="49" WIDTH="29" VPOS="1774" HPOS="2043"/>
<String CONTENT="San" HEIGHT="42" WIDTH="96" VPOS="1774" HPOS="2073"/>
<SP HEIGHT="39" WIDTH="25" VPOS="1775" HPOS="2170"/>
<String CONTENT="Diego," HEIGHT="48" WIDTH="164" VPOS="1774" HPOS="2196"/>
</TextLine>
<TextLine HEIGHT="50" WIDTH="465" VPOS="1830" HPOS="436">
<String CONTENT="Calif." HEIGHT="41" WIDTH="143" VPOS="1832" HPOS="436"/>
<SP HEIGHT="48" WIDTH="70" VPOS="1832" HPOS="580"/>
<String CONTENT="(35-2979)" HEIGHT="50" WIDTH="250" VPOS="1830" HPOS="651"/>
</TextLine>
<TextLine HEIGHT="67" WIDTH="1996" VPOS="1921" HPOS="367" STYLEREFS="StyleId-1FEF8AD3-ABF7-4669-ACF0-074A6EC0DA57-">
<String CONTENT="Harvard" HEIGHT="52" WIDTH="273" VPOS="1924" HPOS="367"/>
<SP HEIGHT="51" WIDTH="36" VPOS="1925" HPOS="641"/>
<String CONTENT="university." HEIGHT="65" WIDTH="351" VPOS="1921" HPOS="678"/>
<SP HEIGHT="51" WIDTH="72" VPOS="1923" HPOS="1030"/>
<String CONTENT="Bureau" HEIGHT="52" WIDTH="229" VPOS="1923" HPOS="1103"/>
<SP HEIGHT="66" WIDTH="30" VPOS="1922" HPOS="1333"/>
<String CONTENT="for" HEIGHT="66" WIDTH="98" VPOS="1922" HPOS="1364"/>
<SP HEIGHT="35" WIDTH="30" VPOS="1941" HPOS="1463"/>
<String CONTENT="economic" HEIGHT="52" WIDTH="282" VPOS="1923" HPOS="1494"/>
<SP HEIGHT="34" WIDTH="29" VPOS="1941" HPOS="1777"/>
<String CONTENT="research" HEIGHT="53" WIDTH="257" VPOS="1923" HPOS="1807"/>
<SP HEIGHT="53" WIDTH="30" VPOS="1923" HPOS="2065"/>
<String CONTENT="in" HEIGHT="52" WIDTH="63" VPOS="1924" HPOS="2096"/>
<SP HEIGHT="53" WIDTH="27" VPOS="1923" HPOS="2160"/>
<String CONTENT="Latin" HEIGHT="54" WIDTH="175" VPOS="1922" HPOS="2188"/>
</TextLine>
<TextLine HEIGHT="52" WIDTH="280" VPOS="2002" HPOS="437" STYLEREFS="StyleId-1FEF8AD3-ABF7-4669-ACF0-074A6EC0DA57-">
<String CONTENT="America." HEIGHT="52" WIDTH="280" VPOS="2002" HPOS="437"/>
</TextLine>
<TextLine HEIGHT="68" WIDTH="1923" VPOS="2074" HPOS="439" STYLEREFS="StyleId-5B69405E-0F66-4DF7-967F-D8C5C5C6EE07-">
<String CONTENT="The" HEIGHT="53" WIDTH="123" VPOS="2078" HPOS="439"/>
<SP HEIGHT="35" WIDTH="53" VPOS="2096" HPOS="563"/>
<String CONTENT="economic" HEIGHT="53" WIDTH="282" VPOS="2077" HPOS="617"/>
<SP HEIGHT="53" WIDTH="55" VPOS="2077" HPOS="900"/>
<String CONTENT="literature" HEIGHT="54" WIDTH="296" VPOS="2076" HPOS="956"/>
<SP HEIGHT="34" WIDTH="56" VPOS="2095" HPOS="1253"/>
<String CONTENT="of" HEIGHT="53" WIDTH="64" VPOS="2076" HPOS="1310"/>
<SP HEIGHT="52" WIDTH="54" VPOS="2076" HPOS="1375"/>
<String CONTENT="Latin" HEIGHT="53" WIDTH="174" VPOS="2075" HPOS="1430"/>
<SP HEIGHT="52" WIDTH="55" VPOS="2076" HPOS="1605"/>
<String CONTENT="America," HEIGHT="68" WIDTH="283" VPOS="2074" HPOS="1661"/>
<SP HEIGHT="48" WIDTH="56" VPOS="2094" HPOS="1945"/>
<String CONTENT="a" HEIGHT="34" WIDTH="32" VPOS="2094" HPOS="2002"/>
<SP HEIGHT="49" WIDTH="51" VPOS="2079" HPOS="2035"/>
<String CONTENT="tentative" HEIGHT="53" WIDTH="275" VPOS="2076" HPOS="2087"/>
</TextLine>
<TextLine HEIGHT="148" WIDTH="1967" VPOS="2153" HPOS="371" STYLEREFS="StyleId-5B69405E-0F66-4DF7-967F-D8C5C5C6EE07-" CS="1">
<String CONTENT="bibliography," HEIGHT="70" WIDTH="422" VPOS="2154" HPOS="371"/>
<SP HEIGHT="48" WIDTH="41" VPOS="2174" HPOS="794"/>
<String CONTENT="compiled" HEIGHT="69" WIDTH="282" VPOS="2153" HPOS="836"/>
<SP HEIGHT="53" WIDTH="38" VPOS="2154" HPOS="1119"/>
<String CONTENT="by" HEIGHT="68" WIDTH="76" VPOS="2154" HPOS="1158"/>
<SP HEIGHT="63" WIDTH="41" VPOS="2159" HPOS="1235"/>
<String CONTENT="the" HEIGHT="53" WIDTH="97" VPOS="2154" HPOS="1277"/>
<SP HEIGHT="33" WIDTH="39" VPOS="2174" HPOS="1375"/>
<String CONTENT="staff" HEIGHT="53" WIDTH="134" VPOS="2154" HPOS="1415"/>
<SP HEIGHT="52" WIDTH="40" VPOS="2154" HPOS="1550"/>
<String CONTENT="of" HEIGHT="52" WIDTH="64" VPOS="2154" HPOS="1591"/>
<SP HEIGHT="52" WIDTH="38" VPOS="2154" HPOS="1656"/>
<String CONTENT="the" HEIGHT="52" WIDTH="96" VPOS="2154" HPOS="1695"/>
<SP HEIGHT="51" WIDTH="43" VPOS="2155" HPOS="1792"/>
<String CONTENT="Bureau" HEIGHT="52" WIDTH="226" VPOS="2155" HPOS="1836"/>
<SP HEIGHT="54" WIDTH="44" VPOS="2153" HPOS="2063"/>
<String CONTENT="for" HEIGHT="55" WIDTH="95" VPOS="2153" HPOS="2108"/>
<SP HEIGHT="35" WIDTH="40" VPOS="2173" HPOS="2204"/>
<String CONTENT="economic" HEIGHT="113" WIDTH="1967" VPOS="2173" HPOS="371"/>
<SP HEIGHT="34" WIDTH="54" VPOS="2252" HPOS="555"/>
<String CONTENT="research" HEIGHT="53" WIDTH="255" VPOS="2233" HPOS="610"/>
<SP HEIGHT="52" WIDTH="54" VPOS="2232" HPOS="866"/>
<String CONTENT="in" HEIGHT="53" WIDTH="59" VPOS="2232" HPOS="921"/>
<SP HEIGHT="53" WIDTH="53" VPOS="2232" HPOS="981"/>
<String CONTENT="Latin" HEIGHT="53" WIDTH="172" VPOS="2231" HPOS="1035"/>
<SP HEIGHT="52" WIDTH="52" VPOS="2232" HPOS="1208"/>
<String CONTENT="America," HEIGHT="68" WIDTH="284" VPOS="2231" HPOS="1261"/>
<SP HEIGHT="67" WIDTH="51" VPOS="2232" HPOS="1546"/>
<String CONTENT="Harvard" HEIGHT="53" WIDTH="273" VPOS="2232" HPOS="1598"/>
<SP HEIGHT="52" WIDTH="52" VPOS="2233" HPOS="1872"/>
<String CONTENT="university" HEIGHT="71" WIDTH="316" VPOS="2230" HPOS="1925"/>
<SP/>
<String CS="1" CONTENT="&#8230;"/>
</TextLine>
<TextLine HEIGHT="71" WIDTH="1419" VPOS="2309" HPOS="373" STYLEREFS="StyleId-5B69405E-0F66-4DF7-967F-D8C5C5C6EE07-">
<String CONTENT="Cambridge," HEIGHT="68" WIDTH="362" VPOS="2312" HPOS="373"/>
<SP HEIGHT="67" WIDTH="27" VPOS="2311" HPOS="736"/>
<String CONTENT="Harvard" HEIGHT="53" WIDTH="275" VPOS="2311" HPOS="764"/>
<SP HEIGHT="52" WIDTH="26" VPOS="2312" HPOS="1040"/>
<String CONTENT="university" HEIGHT="70" WIDTH="316" VPOS="2309" HPOS="1067"/>
<SP HEIGHT="50" WIDTH="30" VPOS="2329" HPOS="1384"/>
<String CONTENT="press," HEIGHT="51" WIDTH="174" VPOS="2328" HPOS="1415"/>
<SP HEIGHT="63" WIDTH="30" VPOS="2315" HPOS="1590"/>
<String CONTENT="1935-" HEIGHT="50" WIDTH="171" VPOS="2313" HPOS="1621"/>
</TextLine>
<TextLine HEIGHT="40" WIDTH="186" VPOS="2386" HPOS="602" STYLEREFS="StyleId-5B69405E-0F66-4DF7-967F-D8C5C5C6EE07-" CS="1">
<String CS="1" CONTENT="v." HEIGHT="9" WIDTH="9" VPOS="2417" HPOS="602"/>
<SP HEIGHT="39" WIDTH="58" VPOS="2387" HPOS="612"/>
<String CONTENT="23cm." HEIGHT="40" WIDTH="117" VPOS="2386" HPOS="671"/>
</TextLine>
<TextLine HEIGHT="49" WIDTH="1917" VPOS="2439" HPOS="446" CS="1">
<String CONTENT="&#8220;Mr." HEIGHT="39" WIDTH="118" VPOS="2443" HPOS="446"/>
<SP HEIGHT="40" WIDTH="46" VPOS="2442" HPOS="565"/>
<String CONTENT="Normano" HEIGHT="40" WIDTH="247" VPOS="2442" HPOS="612"/>
<SP/>
<String CS="1" CONTENT="&#8230;"/>
<SP HEIGHT="40" WIDTH="48" VPOS="2441" HPOS="954"/>
<String CONTENT="initiated" HEIGHT="40" WIDTH="227" VPOS="2440" HPOS="1003"/>
<SP HEIGHT="38" WIDTH="46" VPOS="2442" HPOS="1231"/>
<String CONTENT="the" HEIGHT="39" WIDTH="80" VPOS="2441" HPOS="1278"/>
<SP HEIGHT="29" WIDTH="46" VPOS="2451" HPOS="1359"/>
<String CONTENT="undertaking" HEIGHT="48" WIDTH="327" VPOS="2440" HPOS="1406"/>
<SP HEIGHT="37" WIDTH="43" VPOS="2451" HPOS="1734"/>
<String CONTENT="of" HEIGHT="39" WIDTH="52" VPOS="2441" HPOS="1778"/>
<SP HEIGHT="39" WIDTH="45" VPOS="2441" HPOS="1831"/>
<String CONTENT="this" HEIGHT="41" WIDTH="98" VPOS="2439" HPOS="1877"/>
<SP HEIGHT="29" WIDTH="44" VPOS="2450" HPOS="1976"/>
<String CONTENT="much-needed" HEIGHT="40" WIDTH="342" VPOS="2441" HPOS="2021"/>
</TextLine>
<TextLine HEIGHT="50" WIDTH="1990" VPOS="2496" HPOS="376">
<String CONTENT="bibliography." HEIGHT="48" WIDTH="349" VPOS="2498" HPOS="376"/>
<SP HEIGHT="39" WIDTH="59" VPOS="2498" HPOS="726"/>
<String CONTENT="It" HEIGHT="39" WIDTH="47" VPOS="2498" HPOS="786"/>
<SP HEIGHT="39" WIDTH="41" VPOS="2498" HPOS="834"/>
<String CONTENT="has" HEIGHT="39" WIDTH="91" VPOS="2498" HPOS="876"/>
<SP HEIGHT="39" WIDTH="39" VPOS="2498" HPOS="968"/>
<String CONTENT="been" HEIGHT="39" WIDTH="119" VPOS="2498" HPOS="1008"/>
<SP HEIGHT="29" WIDTH="40" VPOS="2508" HPOS="1128"/>
<String CONTENT="completed," HEIGHT="49" WIDTH="281" VPOS="2496" HPOS="1169"/>
<SP HEIGHT="39" WIDTH="43" VPOS="2506" HPOS="1451"/>
<String CONTENT="revised," HEIGHT="49" WIDTH="202" VPOS="2496" HPOS="1495"/>
<SP HEIGHT="38" WIDTH="44" VPOS="2507" HPOS="1698"/>
<String CONTENT="and" HEIGHT="38" WIDTH="93" VPOS="2499" HPOS="1743"/>
<SP HEIGHT="46" WIDTH="44" VPOS="2499" HPOS="1837"/>
<String CONTENT="prepared" HEIGHT="47" WIDTH="235" VPOS="2498" HPOS="1882"/>
<SP HEIGHT="40" WIDTH="42" VPOS="2497" HPOS="2118"/>
<String CONTENT="for" HEIGHT="40" WIDTH="78" VPOS="2497" HPOS="2161"/>
<SP HEIGHT="38" WIDTH="43" VPOS="2498" HPOS="2240"/>
<String CONTENT="the" HEIGHT="39" WIDTH="82" VPOS="2498" HPOS="2284"/>
</TextLine>
<TextLine HEIGHT="51" WIDTH="1990" VPOS="2553" HPOS="376">
<String CONTENT="press" HEIGHT="40" WIDTH="135" VPOS="2564" HPOS="376"/>
<SP HEIGHT="40" WIDTH="22" VPOS="2555" HPOS="512"/>
<String CONTENT="by" HEIGHT="46" WIDTH="63" VPOS="2555" HPOS="535"/>
<SP HEIGHT="36" WIDTH="22" VPOS="2565" HPOS="599"/>
<String CONTENT="members" HEIGHT="39" WIDTH="234" VPOS="2554" HPOS="622"/>
<SP HEIGHT="31" WIDTH="24" VPOS="2564" HPOS="857"/>
<String CONTENT="of" HEIGHT="42" WIDTH="52" VPOS="2553" HPOS="882"/>
<SP HEIGHT="41" WIDTH="22" VPOS="2553" HPOS="935"/>
<String CONTENT="the" HEIGHT="40" WIDTH="82" VPOS="2554" HPOS="958"/>
<SP HEIGHT="30" WIDTH="22" VPOS="2564" HPOS="1041"/>
<String CONTENT="staff" HEIGHT="41" WIDTH="118" VPOS="2553" HPOS="1064"/>
<SP HEIGHT="40" WIDTH="20" VPOS="2553" HPOS="1183"/>
<String CONTENT="under" HEIGHT="39" WIDTH="153" VPOS="2556" HPOS="1204"/>
<SP HEIGHT="37" WIDTH="24" VPOS="2556" HPOS="1358"/>
<String CONTENT="the" HEIGHT="39" WIDTH="80" VPOS="2554" HPOS="1383"/>
<SP HEIGHT="38" WIDTH="21" VPOS="2564" HPOS="1464"/>
<String CONTENT="general" HEIGHT="49" WIDTH="195" VPOS="2553" HPOS="1486"/>
<SP HEIGHT="40" WIDTH="23" VPOS="2553" HPOS="1682"/>
<String CONTENT="supervision" HEIGHT="48" WIDTH="302" VPOS="2553" HPOS="1706"/>
<SP HEIGHT="30" WIDTH="26" VPOS="2564" HPOS="2009"/>
<String CONTENT="of" HEIGHT="40" WIDTH="52" VPOS="2554" HPOS="2036"/>
<SP HEIGHT="39" WIDTH="22" VPOS="2554" HPOS="2089"/>
<String CONTENT="Professor" HEIGHT="41" WIDTH="254" VPOS="2553" HPOS="2112"/>
</TextLine>
<TextLine HEIGHT="49" WIDTH="661" VPOS="2609" HPOS="374">
<String CONTENT="C." HEIGHT="42" WIDTH="51" VPOS="2611" HPOS="374"/>
<SP HEIGHT="42" WIDTH="30" VPOS="2611" HPOS="426"/>
<String CONTENT="H." HEIGHT="41" WIDTH="61" VPOS="2611" HPOS="457"/>
<SP HEIGHT="41" WIDTH="33" VPOS="2611" HPOS="519"/>
<String CONTENT="Haring.&#8221;&#8212;Introd." HEIGHT="49" WIDTH="482" VPOS="2609" HPOS="553"/>
</TextLine>
<TextLine HEIGHT="52" WIDTH="1989" VPOS="2664" HPOS="375" CS="1">
<String CONTENT="&#169;" HEIGHT="52" WIDTH="54" VPOS="2664" HPOS="375"/>
<SP HEIGHT="52" WIDTH="30" VPOS="2664" HPOS="430"/>
<String CONTENT="Feb." HEIGHT="40" WIDTH="109" VPOS="2668" HPOS="461"/>
<SP HEIGHT="38" WIDTH="32" VPOS="2669" HPOS="571"/>
<String CONTENT="4," HEIGHT="46" WIDTH="42" VPOS="2669" HPOS="604"/>
<SP HEIGHT="47" WIDTH="32" VPOS="2668" HPOS="647"/>
<String CS="1" CONTENT="1935;" HEIGHT="40" WIDTH="117" VPOS="2667" HPOS="680"/>
<SP HEIGHT="47" WIDTH="34" VPOS="2667" HPOS="821"/>
<String CONTENT="2c." HEIGHT="40" WIDTH="66" VPOS="2667" HPOS="856"/>
<SP HEIGHT="30" WIDTH="36" VPOS="2677" HPOS="923"/>
<String CONTENT="and" HEIGHT="39" WIDTH="99" VPOS="2668" HPOS="960"/>
<SP HEIGHT="38" WIDTH="29" VPOS="2668" HPOS="1060"/>
<String CONTENT="aff." HEIGHT="39" WIDTH="80" VPOS="2666" HPOS="1090"/>
<SP HEIGHT="39" WIDTH="35" VPOS="2666" HPOS="1171"/>
<String CONTENT="Feb." HEIGHT="39" WIDTH="107" VPOS="2666" HPOS="1207"/>
<SP HEIGHT="39" WIDTH="36" VPOS="2666" HPOS="1315"/>
<String CS="1" CONTENT="11;" HEIGHT="39" WIDTH="54" VPOS="2666" HPOS="1352"/>
<SP HEIGHT="46" WIDTH="35" VPOS="2667" HPOS="1434"/>
<!-- cceid 8516D5BA-6D82-1014-B070-FDFD250A9EDA --><String CONTENT="A" HEIGHT="38" WIDTH="41" VPOS="2667" HPOS="1470"/>
<SP HEIGHT="39" WIDTH="31" VPOS="2667" HPOS="1512"/>
<String CS="1" CONTENT="79605;" HEIGHT="41" WIDTH="142" VPOS="2665" HPOS="1544"/>
<SP HEIGHT="45" WIDTH="39" VPOS="2667" HPOS="1714"/>
<String CONTENT="President" HEIGHT="41" WIDTH="256" VPOS="2666" HPOS="1754"/>
<SP HEIGHT="37" WIDTH="32" VPOS="2670" HPOS="2011"/>
<String CONTENT="and" HEIGHT="39" WIDTH="94" VPOS="2668" HPOS="2044"/>
<SP HEIGHT="39" WIDTH="35" VPOS="2667" HPOS="2139"/>
<String CONTENT="fellows" HEIGHT="40" WIDTH="189" VPOS="2667" HPOS="2175"/>
</TextLine>
<TextLine HEIGHT="49" WIDTH="1365" VPOS="2722" HPOS="442">
<String CONTENT="of" HEIGHT="40" WIDTH="52" VPOS="2725" HPOS="442"/>
<SP HEIGHT="39" WIDTH="26" VPOS="2725" HPOS="495"/>
<String CONTENT="Harvard" HEIGHT="39" WIDTH="231" VPOS="2725" HPOS="522"/>
<SP HEIGHT="39" WIDTH="28" VPOS="2725" HPOS="754"/>
<String CONTENT="college," HEIGHT="47" WIDTH="191" VPOS="2724" HPOS="783"/>
<SP HEIGHT="47" WIDTH="32" VPOS="2723" HPOS="975"/>
<String CONTENT="Cambridge," HEIGHT="48" WIDTH="299" VPOS="2722" HPOS="1008"/>
<SP HEIGHT="46" WIDTH="32" VPOS="2723" HPOS="1308"/>
<String CONTENT="Mass." HEIGHT="39" WIDTH="144" VPOS="2723" HPOS="1341"/>
<SP HEIGHT="48" WIDTH="70" VPOS="2723" HPOS="1486"/>
<String CONTENT="(35-2804)" HEIGHT="48" WIDTH="250" VPOS="2723" HPOS="1557"/>
</TextLine>
<TextLine HEIGHT="66" WIDTH="607" VPOS="2812" HPOS="374" STYLEREFS="StyleId-260B928B-BA02-480E-8A82-48D46FB65656-">
<String CONTENT="Hilton," HEIGHT="65" WIDTH="222" VPOS="2813" HPOS="374"/>
<SP HEIGHT="64" WIDTH="26" VPOS="2814" HPOS="597"/>
<String CONTENT="Francis" HEIGHT="55" WIDTH="246" VPOS="2812" HPOS="624"/>
<SP HEIGHT="54" WIDTH="22" VPOS="2814" HPOS="871"/>
<String CONTENT="W." HEIGHT="55" WIDTH="87" VPOS="2814" HPOS="894"/>
</TextLine>
<TextLine HEIGHT="69" WIDTH="1917" VPOS="2888" HPOS="446" STYLEREFS="StyleId-5B69405E-0F66-4DF7-967F-D8C5C5C6EE07-" CS="1">
<String CONTENT="The" HEIGHT="52" WIDTH="122" VPOS="2891" HPOS="446"/>
<SP HEIGHT="52" WIDTH="31" VPOS="2890" HPOS="569"/>
<String CONTENT="long" HEIGHT="67" WIDTH="136" VPOS="2890" HPOS="601"/>
<SP HEIGHT="49" WIDTH="32" VPOS="2908" HPOS="738"/>
<String CONTENT="rope" HEIGHT="50" WIDTH="137" VPOS="2907" HPOS="771"/>
<SP HEIGHT="48" WIDTH="38" VPOS="2908" HPOS="909"/>
<String CS="1" CONTENT="[by]" HEIGHT="68" WIDTH="92" VPOS="2889" HPOS="965"/>
<SP HEIGHT="65" WIDTH="41" VPOS="2890" HPOS="1058"/>
<String CONTENT="Francis" HEIGHT="53" WIDTH="235" VPOS="2889" HPOS="1100"/>
<SP HEIGHT="52" WIDTH="35" VPOS="2890" HPOS="1336"/>
<String CONTENT="W." HEIGHT="52" WIDTH="88" VPOS="2890" HPOS="1372"/>
<SP HEIGHT="52" WIDTH="35" VPOS="2889" HPOS="1461"/>
<String CONTENT="Hilton." HEIGHT="52" WIDTH="225" VPOS="2888" HPOS="1497"/>
<SP HEIGHT="51" WIDTH="73" VPOS="2889" HPOS="1723"/>
<String CONTENT="New" HEIGHT="52" WIDTH="138" VPOS="2889" HPOS="1797"/>
<SP HEIGHT="52" WIDTH="37" VPOS="2889" HPOS="1936"/>
<String CONTENT="York," HEIGHT="68" WIDTH="178" VPOS="2888" HPOS="1974"/>
<SP HEIGHT="67" WIDTH="32" VPOS="2889" HPOS="2153"/>
<String LANG="fi" CONTENT="H." HEIGHT="53" WIDTH="77" VPOS="2889" HPOS="2186"/>
<SP HEIGHT="55" WIDTH="37" VPOS="2888" HPOS="2264"/>
<String CONTENT="C." HEIGHT="55" WIDTH="61" VPOS="2888" HPOS="2302"/>
</TextLine>
<TextLine HEIGHT="68" WIDTH="954" VPOS="2967" HPOS="377" STYLEREFS="StyleId-5B69405E-0F66-4DF7-967F-D8C5C5C6EE07-">
<String CONTENT="Kinsey" HEIGHT="66" WIDTH="218" VPOS="2969" HPOS="377"/>
<SP HEIGHT="66" WIDTH="27" VPOS="2969" HPOS="596"/>
<String CONTENT="&amp;" HEIGHT="50" WIDTH="45" VPOS="2969" HPOS="624"/>
<SP HEIGHT="50" WIDTH="27" VPOS="2969" HPOS="670"/>
<String CONTENT="company," HEIGHT="50" WIDTH="297" VPOS="2984" HPOS="698"/>
<SP HEIGHT="67" WIDTH="25" VPOS="2967" HPOS="996"/>
<String CONTENT="inc.," HEIGHT="66" WIDTH="127" VPOS="2967" HPOS="1022"/>
<SP HEIGHT="63" WIDTH="31" VPOS="2970" HPOS="1150"/>
<String CONTENT="1935." HEIGHT="50" WIDTH="149" VPOS="2969" HPOS="1182"/>
</TextLine>
<TextLine HEIGHT="49" WIDTH="555" VPOS="3040" HPOS="448" CS="1">
<String CONTENT="3" HEIGHT="40" WIDTH="25" VPOS="3042" HPOS="448"/>
<SP/>
<String LANG="fr" CONTENT="p." HEIGHT="37" WIDTH="42" VPOS="3052" HPOS="501"/>
<SP HEIGHT="41" WIDTH="27" VPOS="3042" HPOS="544"/>
<String LANG="fr" CS="1" CONTENT="l"/>
<String CS="1" CONTENT=".," HEIGHT="8" WIDTH="8" VPOS="3072" HPOS="593"/>
<SP HEIGHT="41" WIDTH="25" VPOS="3041" HPOS="617"/>
<String CONTENT="282" HEIGHT="41" WIDTH="87" VPOS="3040" HPOS="643"/>
<SP HEIGHT="47" WIDTH="23" VPOS="3041" HPOS="731"/>
<String CONTENT="p." HEIGHT="37" WIDTH="42" VPOS="3051" HPOS="755"/>
<SP HEIGHT="38" WIDTH="59" VPOS="3041" HPOS="798"/>
<String CS="1" CONTENT="19&#189;cm." HEIGHT="41" WIDTH="145" VPOS="3040" HPOS="858"/>
</TextLine>
<TextLine HEIGHT="52" WIDTH="1985" VPOS="3093" HPOS="379" CS="1">
<String CONTENT="&#169;" HEIGHT="52" WIDTH="53" VPOS="3093" HPOS="379"/>
<SP HEIGHT="52" WIDTH="25" VPOS="3093" HPOS="433"/>
<String CONTENT="Feb." HEIGHT="39" WIDTH="109" VPOS="3098" HPOS="459"/>
<SP HEIGHT="39" WIDTH="26" VPOS="3097" HPOS="569"/>
<String CONTENT="28," HEIGHT="48" WIDTH="69" VPOS="3097" HPOS="596"/>
<SP HEIGHT="48" WIDTH="26" VPOS="3097" HPOS="666"/>
<String CS="1" CONTENT="1935;" HEIGHT="42" WIDTH="117" VPOS="3095" HPOS="693"/>
<SP HEIGHT="47" WIDTH="29" VPOS="3096" HPOS="834"/>
<String CONTENT="2c." HEIGHT="41" WIDTH="66" VPOS="3096" HPOS="864"/>
<SP HEIGHT="29" WIDTH="29" VPOS="3107" HPOS="931"/>
<String CONTENT="and" HEIGHT="38" WIDTH="96" VPOS="3098" HPOS="961"/>
<SP HEIGHT="38" WIDTH="26" VPOS="3098" HPOS="1058"/>
<String CONTENT="aff." HEIGHT="41" WIDTH="82" VPOS="3095" HPOS="1085"/>
<SP HEIGHT="39" WIDTH="28" VPOS="3096" HPOS="1168"/>
<String CONTENT="Feb." HEIGHT="39" WIDTH="109" VPOS="3096" HPOS="1197"/>
<SP HEIGHT="41" WIDTH="27" VPOS="3094" HPOS="1307"/>
<String CONTENT="25;" HEIGHT="48" WIDTH="82" VPOS="3094" HPOS="1335"/>
<SP HEIGHT="46" WIDTH="28" VPOS="3096" HPOS="1418"/>
<!-- cceid 851792A8-6D82-1014-B070-FDFD250A9EDA --><String CONTENT="A" HEIGHT="38" WIDTH="41" VPOS="3096" HPOS="1447"/>
<SP HEIGHT="40" WIDTH="26" VPOS="3095" HPOS="1489"/>
<String CONTENT="80585;" HEIGHT="47" WIDTH="169" VPOS="3095" HPOS="1516"/>
<SP HEIGHT="46" WIDTH="30" VPOS="3096" HPOS="1686"/>
<String CONTENT="H." HEIGHT="39" WIDTH="60" VPOS="3096" HPOS="1717"/>
<SP HEIGHT="41" WIDTH="28" VPOS="3095" HPOS="1778"/>
<String CS="1" CONTENT="C." HEIGHT="8" WIDTH="7" VPOS="3125" HPOS="1847"/>
<SP HEIGHT="37" WIDTH="32" VPOS="3096" HPOS="1855"/>
<String CONTENT="Kinsey" HEIGHT="48" WIDTH="184" VPOS="3094" HPOS="1888"/>
<SP HEIGHT="47" WIDTH="26" VPOS="3095" HPOS="2073"/>
<String CONTENT="&amp;" HEIGHT="39" WIDTH="36" VPOS="3095" HPOS="2100"/>
<SP HEIGHT="40" WIDTH="26" VPOS="3095" HPOS="2137"/>
<String CONTENT="co.," HEIGHT="38" WIDTH="81" VPOS="3104" HPOS="2164"/>
<SP HEIGHT="46" WIDTH="28" VPOS="3096" HPOS="2246"/>
<String CONTENT="inc." HEIGHT="38" WIDTH="89" VPOS="3096" HPOS="2275"/>
</TextLine>
<TextLine HEIGHT="49" WIDTH="250" VPOS="3153" HPOS="456">
<String CONTENT="(35-2816)" HEIGHT="49" WIDTH="250" VPOS="3153" HPOS="456"/>
</TextLine>
<TextLine HEIGHT="64" WIDTH="806" VPOS="3245" HPOS="378" STYLEREFS="StyleId-260B928B-BA02-480E-8A82-48D46FB65656-">
<String CONTENT="Howard," HEIGHT="64" WIDTH="273" VPOS="3245" HPOS="378"/>
<SP HEIGHT="63" WIDTH="25" VPOS="3246" HPOS="652"/>
<String CONTENT="Ezra" HEIGHT="51" WIDTH="152" VPOS="3246" HPOS="678"/>
<SP HEIGHT="52" WIDTH="23" VPOS="3245" HPOS="831"/>
<String CONTENT="Lee," HEIGHT="63" WIDTH="133" VPOS="3245" HPOS="855"/>
<SP HEIGHT="57" WIDTH="24" VPOS="3251" HPOS="989"/>
<String CONTENT="1869-" HEIGHT="51" WIDTH="170" VPOS="3248" HPOS="1014"/>
</TextLine>
<TextLine HEIGHT="72" WIDTH="1917" VPOS="3317" HPOS="447" STYLEREFS="StyleId-5B69405E-0F66-4DF7-967F-D8C5C5C6EE07-" CS="1">
<String CONTENT="My" HEIGHT="67" WIDTH="103" VPOS="3322" HPOS="447"/>
<SP HEIGHT="50" WIDTH="40" VPOS="3339" HPOS="551"/>
<String CONTENT="adventure" HEIGHT="53" WIDTH="312" VPOS="3321" HPOS="592"/>
<SP HEIGHT="51" WIDTH="36" VPOS="3321" HPOS="905"/>
<String CONTENT="into" HEIGHT="52" WIDTH="121" VPOS="3321" HPOS="942"/>
<SP HEIGHT="34" WIDTH="39" VPOS="3339" HPOS="1064"/>
<String CONTENT="spiritualism," HEIGHT="68" WIDTH="395" VPOS="3319" HPOS="1104"/>
<SP HEIGHT="68" WIDTH="36" VPOS="3319" HPOS="1500"/>
<String CONTENT="by" HEIGHT="67" WIDTH="75" VPOS="3319" HPOS="1537"/>
<SP HEIGHT="67" WIDTH="38" VPOS="3319" HPOS="1613"/>
<String CONTENT="E." HEIGHT="52" WIDTH="66" VPOS="3319" HPOS="1652"/>
<SP HEIGHT="52" WIDTH="42" VPOS="3319" HPOS="1719"/>
<String CONTENT="Lee" HEIGHT="52" WIDTH="112" VPOS="3319" HPOS="1762"/>
<SP HEIGHT="52" WIDTH="37" VPOS="3319" HPOS="1875"/>
<String CONTENT="Howard," HEIGHT="68" WIDTH="275" VPOS="3317" HPOS="1913"/>
<SP HEIGHT="48" WIDTH="38" VPOS="3337" HPOS="2189"/>
<String CS="1" CONTENT="D." HEIGHT="9" WIDTH="10" VPOS="3361" HPOS="2265"/>
<SP HEIGHT="33" WIDTH="40" VPOS="3337" HPOS="2276"/>
<String CS="1" CONTENT="D." HEIGHT="9" WIDTH="10" VPOS="3361" HPOS="2354"/>
</TextLine>
<TextLine HEIGHT="70" WIDTH="1368" VPOS="3396" HPOS="379" STYLEREFS="StyleId-5B69405E-0F66-4DF7-967F-D8C5C5C6EE07-">
<String CONTENT="New" HEIGHT="53" WIDTH="136" VPOS="3399" HPOS="379"/>
<SP HEIGHT="51" WIDTH="29" VPOS="3400" HPOS="516"/>
<String CONTENT="York," HEIGHT="68" WIDTH="180" VPOS="3398" HPOS="546"/>
<SP HEIGHT="67" WIDTH="26" VPOS="3399" HPOS="727"/>
<String CONTENT="The" HEIGHT="53" WIDTH="123" VPOS="3399" HPOS="754"/>
<SP HEIGHT="54" WIDTH="24" VPOS="3398" HPOS="878"/>
<String CONTENT="Macmillan" HEIGHT="56" WIDTH="333" VPOS="3396" HPOS="903"/>
<SP HEIGHT="34" WIDTH="30" VPOS="3417" HPOS="1237"/>
<String CONTENT="company," HEIGHT="51" WIDTH="296" VPOS="3414" HPOS="1268"/>
<SP HEIGHT="64" WIDTH="31" VPOS="3400" HPOS="1565"/>
<String CONTENT="1935." HEIGHT="50" WIDTH="150" VPOS="3400" HPOS="1597"/>
</TextLine>
<TextLine HEIGHT="49" WIDTH="568" VPOS="3471" HPOS="451" CS="1">
<String LANG="en-US" CONTENT="5" HEIGHT="39" WIDTH="26" VPOS="3474" HPOS="451"/>
<SP/>
<String LANG="fr" CONTENT="p." HEIGHT="36" WIDTH="43" VPOS="3484" HPOS="506"/>
<SP/>
<String LANG="fr" CS="1" CONTENT="l.,"/>
<SP/>
<String LANG="en-US" CONTENT="181" HEIGHT="41" WIDTH="83" VPOS="3471" HPOS="654"/>
<SP HEIGHT="46" WIDTH="30" VPOS="3472" HPOS="738"/>
<String LANG="en-US" CONTENT="p." HEIGHT="37" WIDTH="42" VPOS="3481" HPOS="769"/>
<SP HEIGHT="39" WIDTH="57" VPOS="3471" HPOS="812"/>
<String LANG="en-US" CONTENT="front." HEIGHT="41" WIDTH="149" VPOS="3471" HPOS="870"/>
<SP/>
<String LANG="en-US" CS="1" CONTENT="19&#189;cm."/>
</TextLine>
<TextLine HEIGHT="53" WIDTH="1735" VPOS="3523" HPOS="383" CS="1">
<String CONTENT="&#169;" HEIGHT="51" WIDTH="54" VPOS="3525" HPOS="383"/>
<SP HEIGHT="51" WIDTH="28" VPOS="3525" HPOS="438"/>
<String CONTENT="Feb." HEIGHT="39" WIDTH="108" VPOS="3529" HPOS="467"/>
<SP HEIGHT="38" WIDTH="31" VPOS="3530" HPOS="576"/>
<String CONTENT="19," HEIGHT="47" WIDTH="67" VPOS="3527" HPOS="608"/>
<SP HEIGHT="45" WIDTH="29" VPOS="3529" HPOS="676"/>
<String CS="1" CONTENT="1935;" HEIGHT="41" WIDTH="112" VPOS="3526" HPOS="706"/>
<SP HEIGHT="48" WIDTH="28" VPOS="3526" HPOS="847"/>
<String CONTENT="2c." HEIGHT="41" WIDTH="66" VPOS="3526" HPOS="876"/>
<SP HEIGHT="29" WIDTH="30" VPOS="3537" HPOS="943"/>
<String CONTENT="and" HEIGHT="38" WIDTH="94" VPOS="3528" HPOS="974"/>
<SP HEIGHT="38" WIDTH="28" VPOS="3528" HPOS="1069"/>
<String CONTENT="aff." HEIGHT="40" WIDTH="79" VPOS="3526" HPOS="1098"/>
<SP HEIGHT="37" WIDTH="30" VPOS="3527" HPOS="1178"/>
<String CONTENT="Feb." HEIGHT="39" WIDTH="108" VPOS="3527" HPOS="1209"/>
<SP HEIGHT="40" WIDTH="31" VPOS="3525" HPOS="1318"/>
<String CONTENT="20;" HEIGHT="47" WIDTH="83" VPOS="3525" HPOS="1350"/>
<SP HEIGHT="46" WIDTH="30" VPOS="3526" HPOS="1434"/>
<!-- cceid 851851DD-6D82-1014-B070-FDFD250A9EDA --><String CONTENT="A" HEIGHT="38" WIDTH="41" VPOS="3526" HPOS="1465"/>
<SP HEIGHT="39" WIDTH="29" VPOS="3526" HPOS="1507"/>
<String CONTENT="79750;" HEIGHT="48" WIDTH="170" VPOS="3524" HPOS="1537"/>
<SP HEIGHT="46" WIDTH="32" VPOS="3526" HPOS="1708"/>
<String CONTENT="Macmillan" HEIGHT="41" WIDTH="281" VPOS="3523" HPOS="1741"/>
<SP HEIGHT="28" WIDTH="28" VPOS="3535" HPOS="2023"/>
<String CONTENT="co." HEIGHT="30" WIDTH="66" VPOS="3533" HPOS="2052"/>
</TextLine>
<TextLine HEIGHT="48" WIDTH="250" VPOS="3584" HPOS="459">
<String CONTENT="(35-2873)" HEIGHT="48" WIDTH="250" VPOS="3584" HPOS="459"/>
</TextLine>
<TextLine HEIGHT="65" WIDTH="1090" VPOS="3672" HPOS="382" STYLEREFS="StyleId-260B928B-BA02-480E-8A82-48D46FB65656-">
<String CONTENT="Huffman," HEIGHT="64" WIDTH="302" VPOS="3673" HPOS="382"/>
<SP HEIGHT="63" WIDTH="25" VPOS="3674" HPOS="685"/>
<String CONTENT="Jasper" HEIGHT="62" WIDTH="211" VPOS="3674" HPOS="711"/>
<SP HEIGHT="51" WIDTH="24" VPOS="3673" HPOS="923"/>
<String CONTENT="Abraham," HEIGHT="64" WIDTH="323" VPOS="3672" HPOS="948"/>
<SP HEIGHT="58" WIDTH="29" VPOS="3678" HPOS="1272"/>
<String CONTENT="1880-" HEIGHT="50" WIDTH="170" VPOS="3676" HPOS="1302"/>
</TextLine>
<TextLine HEIGHT="73" WIDTH="1911" VPOS="3742" HPOS="458" STYLEREFS="StyleId-5B69405E-0F66-4DF7-967F-D8C5C5C6EE07-" CS="1">
<String CONTENT="Building" HEIGHT="67" WIDTH="278" VPOS="3748" HPOS="458"/>
<SP HEIGHT="61" WIDTH="21" VPOS="3754" HPOS="737"/>
<String CONTENT="the" HEIGHT="54" WIDTH="96" VPOS="3747" HPOS="759"/>
<SP HEIGHT="52" WIDTH="22" VPOS="3747" HPOS="856"/>
<String CONTENT="home" HEIGHT="53" WIDTH="162" VPOS="3747" HPOS="879"/>
<SP HEIGHT="55" WIDTH="27" VPOS="3746" HPOS="1042"/>
<String CONTENT="Christian," HEIGHT="69" WIDTH="308" VPOS="3746" HPOS="1070"/>
<SP HEIGHT="70" WIDTH="23" VPOS="3745" HPOS="1379"/>
<String CONTENT="by" HEIGHT="69" WIDTH="73" VPOS="3745" HPOS="1403"/>
<SP HEIGHT="69" WIDTH="21" VPOS="3745" HPOS="1477"/>
<String CONTENT="J." HEIGHT="55" WIDTH="55" VPOS="3745" HPOS="1499"/>
<SP HEIGHT="52" WIDTH="26" VPOS="3745" HPOS="1555"/>
<String CONTENT="A." HEIGHT="52" WIDTH="69" VPOS="3745" HPOS="1582"/>
<SP HEIGHT="52" WIDTH="25" VPOS="3745" HPOS="1652"/>
<String CONTENT="Huffman" HEIGHT="54" WIDTH="281" VPOS="3742" HPOS="1678"/>
<SP/>
<String CS="1" CONTENT="&#8230;"/>
<SP HEIGHT="55" WIDTH="75" VPOS="3742" HPOS="2049"/>
<String CONTENT="Marion," HEIGHT="67" WIDTH="244" VPOS="3742" HPOS="2125"/>
</TextLine>
<TextLine HEIGHT="69" WIDTH="961" VPOS="3823" HPOS="423" STYLEREFS="StyleId-5B69405E-0F66-4DF7-967F-D8C5C5C6EE07-" CS="1">
<String CS="1" CONTENT="Ind.," HEIGHT="68" WIDTH="112" VPOS="3824" HPOS="423"/>
<SP HEIGHT="67" WIDTH="24" VPOS="3825" HPOS="536"/>
<String CONTENT="The" HEIGHT="52" WIDTH="121" VPOS="3825" HPOS="561"/>
<SP HEIGHT="55" WIDTH="25" VPOS="3823" HPOS="683"/>
<String CONTENT="Standard" HEIGHT="55" WIDTH="289" VPOS="3823" HPOS="709"/>
<SP HEIGHT="67" WIDTH="26" VPOS="3823" HPOS="999"/>
<String CONTENT="press" HEIGHT="49" WIDTH="153" VPOS="3841" HPOS="1026"/>
<SP HEIGHT="48" WIDTH="30" VPOS="3843" HPOS="1180"/>
<String CS="1" CONTENT="[c1935]" HEIGHT="65" WIDTH="173" VPOS="3826" HPOS="1211"/>
</TextLine>
<TextLine HEIGHT="48" WIDTH="330" VPOS="3894" HPOS="456" STYLEREFS="StyleId-5B69405E-0F66-4DF7-967F-D8C5C5C6EE07-">
<String CONTENT="142" HEIGHT="39" WIDTH="83" VPOS="3895" HPOS="456"/>
<SP HEIGHT="47" WIDTH="28" VPOS="3895" HPOS="540"/>
<String CONTENT="p." HEIGHT="37" WIDTH="43" VPOS="3905" HPOS="569"/>
<SP HEIGHT="41" WIDTH="58" VPOS="3895" HPOS="613"/>
<String CONTENT="20cm." HEIGHT="40" WIDTH="114" VPOS="3894" HPOS="672"/>
</TextLine>
<TextLine HEIGHT="54" WIDTH="1981" VPOS="3948" HPOS="387" CS="1">
<String CONTENT="&#169;" HEIGHT="52" WIDTH="51" VPOS="3950" HPOS="387"/>
<SP HEIGHT="52" WIDTH="23" VPOS="3950" HPOS="439"/>
<String CONTENT="Jan." HEIGHT="39" WIDTH="107" VPOS="3955" HPOS="463"/>
<SP HEIGHT="39" WIDTH="22" VPOS="3954" HPOS="571"/>
<String CONTENT="2," HEIGHT="47" WIDTH="40" VPOS="3954" HPOS="594"/>
<SP HEIGHT="45" WIDTH="23" VPOS="3956" HPOS="635"/>
<String CS="1" CONTENT="1935;" HEIGHT="41" WIDTH="112" VPOS="3953" HPOS="659"/>
<SP HEIGHT="47" WIDTH="25" VPOS="3953" HPOS="799"/>
<String CONTENT="2c." HEIGHT="40" WIDTH="65" VPOS="3953" HPOS="825"/>
<SP HEIGHT="39" WIDTH="27" VPOS="3954" HPOS="891"/>
<String CONTENT="Jan." HEIGHT="39" WIDTH="106" VPOS="3954" HPOS="919"/>
<SP HEIGHT="39" WIDTH="24" VPOS="3953" HPOS="1026"/>
<String CONTENT="11;" HEIGHT="47" WIDTH="80" VPOS="3953" HPOS="1051"/>
<SP HEIGHT="37" WIDTH="27" VPOS="3963" HPOS="1132"/>
<String CONTENT="aff." HEIGHT="40" WIDTH="79" VPOS="3952" HPOS="1160"/>
<SP HEIGHT="39" WIDTH="25" VPOS="3953" HPOS="1240"/>
<String CONTENT="Jan." HEIGHT="39" WIDTH="109" VPOS="3953" HPOS="1266"/>
<SP HEIGHT="40" WIDTH="22" VPOS="3952" HPOS="1376"/>
<String CONTENT="9;" HEIGHT="47" WIDTH="52" VPOS="3952" HPOS="1399"/>
<SP HEIGHT="46" WIDTH="25" VPOS="3953" HPOS="1452"/>
<!-- cceid 85191422-6D82-1014-B070-FDFD250A9EDA --><String CONTENT="A" HEIGHT="38" WIDTH="41" VPOS="3953" HPOS="1478"/>
<SP HEIGHT="39" WIDTH="21" VPOS="3953" HPOS="1520"/>
<String CS="1" CONTENT="79127;" HEIGHT="41" WIDTH="142" VPOS="3951" HPOS="1542"/>
<SP HEIGHT="46" WIDTH="26" VPOS="3952" HPOS="1713"/>
<String CONTENT="J." HEIGHT="39" WIDTH="42" VPOS="3952" HPOS="1740"/>
<SP HEIGHT="38" WIDTH="26" VPOS="3952" HPOS="1783"/>
<String CONTENT="A." HEIGHT="38" WIDTH="52" VPOS="3952" HPOS="1810"/>
<SP HEIGHT="39" WIDTH="26" VPOS="3950" HPOS="1863"/>
<String CONTENT="Huffman," HEIGHT="46" WIDTH="248" VPOS="3949" HPOS="1890"/>
<SP HEIGHT="45" WIDTH="24" VPOS="3950" HPOS="2139"/>
<String CONTENT="Marion," HEIGHT="46" WIDTH="204" VPOS="3948" HPOS="2164"/>
</TextLine>
<TextLine HEIGHT="47" WIDTH="422" VPOS="4009" HPOS="451">
<String CONTENT="Ind." HEIGHT="38" WIDTH="102" VPOS="4012" HPOS="451"/>
<SP HEIGHT="45" WIDTH="69" VPOS="4011" HPOS="554"/>
<String CONTENT="(35-2978)" HEIGHT="47" WIDTH="249" VPOS="4009" HPOS="624"/>
</TextLine>
</TextBlock>
</PrintSpace>
</Page>
</Layout>
</alto>