2568 4342
1161 4010 66 48 49

209 454 241 65 Adams,
478 454 276 64 Herbert,
786 454 171 53 1874-

279 532 120 52 The
439 531 153 66 body
632 530 62 53 in
735 531 95 51 the
871 528 220 54 bunker
1153 528 95 68 [by]
1295 528 251 54 Herbert
1589 528 236 53 Adams.
209 528 1977 147 Philadelphia.
384 606 259 67 London,
669 606 55 54 J.
752 607 66 51 B.
846 605 338 69 Lippincott
1211 623 280 50 company
1522 637 13 34 [
1540 611 17 21 c
1563 607 133 49 1935
1702 637 12 33 ]

274 693 864 51 311, [1] p. illus. (plan) 19 ½ cm .
209 763 51 52 ©
291 768 107 39 Jan.
430 768 68 45 17,
527 765 140 47 1935;
699 764 65 42 2c.
796 767 95 38 and
921 764 82 41 aff.
1033 766 109 38 Jan.
1172 765 83 46 25;
1287 765 43 38 A
1358 763 170 47 79356;
1561 765 42 39 J.
1634 765 53 38 B.
1718 763 279 49 Lippincott
2028 774 66 30 co.

286 822 249 49 (35-1321)

204 928 315 53 American
549 926 227 65 society
803 927 64 53 of
897 926 135 54 civil
1059 925 330 65 engineers.

276 1002 1929 80 Transactions … jg 99, 1934, edited by the secretary, under
203 1081 2003 69 the direction of the Committee on publications … New York,
204 1163 118 52 The
350 1163 243 67 Society,
622 1165 149 52 1934.

273 1248 103 46 xiii,
405 1249 114 39 1644
545 1259 41 36 p.
642 1247 142 46 illus.,
811 1258 152 37 maps,
992 1247 177 48 diagrs.
1227 1246 56 40 23
1287 1248 43 21 cm
1336 1278 9 8 .

207 1316 51 52 ©
289 1320 100 40 Oct.
418 1320 68 46 16,
515 1319 141 47 1934;
685 1318 66 41 2c.
781 1319 96 39 and
906 1318 80 40 aff.
1016 1318 109 39 Jan.
1154 1317 71 47 14,
1254 1316 142 48 1935;
1428 1318 41 38 A
1498 1316 168 48 79184;
1699 1318 157 39 Amer.
1888 1328 92 30 soc.
2011 1318 55 39 of
2093 1318 113 40 civil

274 1377 264 48 engineers.

205 1479 309 64 Appleton,
545 1478 222 65 Victor,
798 1480 195 66 pseud.

274 1558 143 51 Tom
452 1556 179 56 Swift
661 1558 112 52 and
806 1556 90 54 his
928 1556 198 67 planet
1155 1562 187 60 stone;
1377 1573 81 49 or,
1491 1555 382 67 Discovering
1902 1555 97 53 the
2033 1561 178 48 secret

204 1633 2007 68 of another world, by Victor Appleton … illustrated by Nat
204 1712 163 52 Falk.
441 1712 139 53 New
617 1712 181 66 York,
832 1711 235 56 Grosset
1099 1713 46 51 &
1179 1712 237 67 Dunlap
1458 1745 13 34 [
1474 1717 20 22 c
1499 1714 152 64 1935]

269 1794 1456 50 2 p. l. , 203 p. front. 19½ cm . (His Tom Swift series)
205 1866 55 52 ©
287 1871 108 39 Jan.
426 1870 69 46 22,
526 1868 141 48 1935;
698 1869 66 39 2c.
798 1870 95 38 and
925 1867 81 40 aff.
1039 1869 108 39 Jan.
1178 1867 82 46 25;
1294 1868 41 39 A
1366 1867 143 41 79367;
1571 1868 202 40 Grosset
1802 1868 36 39 &
1868 1869 212 46 Duniap.
2112 1869 91 40 inc.

282 1926 249 50 (35-1329)

201 2030 198 65 Balch,
425 2032 289 54 Marston,
743 2030 84 52 ed.

267 2105 1876 69 Modern short biographies, edited by Marston Balch …
202 2186 137 53 New
367 2185 180 66 York,
574 2185 312 65 Harcourt,
914 2185 183 52 Brace
1121 2185 112 52 and
1263 2201 298 50 company,
1591 2187 151 50 1935.

267 2268 32 28 x
321 2267 57 38 p.,
406 2258 26 38 2
477 2288 22 15 l.,
525 2255 84 41 383
635 2266 43 37 p.
738 2257 164 45 front.,
927 2258 150 45 ports.
1135 2255 118 40 21cm.

269 2314 124 40 “For
417 2314 194 39 further
638 2311 228 49 reading”:
924 2321 44 38 p.
997 2310 218 42 381-383.

204 2382 51 52 ©
281 2388 107 38 Jan.
413 2386 39 47 2,
477 2385 113 40 1935;
644 2386 65 39 2c.
737 2386 95 38 and
856 2383 83 41 aff.
964 2384 108 40 Jan.
1098 2383 54 40 12;
1207 2385 42 38 A
1273 2383 143 41 78983;
1470 2385 262 47 Harcourt,
1761 2386 154 41 Brace
1941 2386 35 39 &
2002 2396 82 32 co.,
2109 2387 91 38 inc.

281 2442 249 50 (35-1376)

200 2547 278 64 Bartlett,
504 2546 234 53 Arthur
764 2546 61 54 C.

269 2624 56 51 A
353 2641 100 35 son
484 2621 64 53 of
576 2622 98 52 the
702 2620 136 53 wild
871 2620 163 68 pack,
1064 2620 75 68 by
1169 2619 226 52 Arthur
1428 2619 61 56 C.
1523 2620 281 69 Bartlett;
1838 2620 141 55 with
2010 2622 188 68 jacket

201 2698 1993 71 design by Harold Cue. Boston, W. A. Wilde company [ c 1934]
268 2776 87 40 312
383 2786 42 38 p.
482 2775 151 40 front.
691 2773 56 41 20
750 2776 44 21 cm
799 2806 9 9 .

204 2842 51 52 ©
282 2847 125 47 Sept.
432 2848 41 39 4.
496 2845 114 40 1934;
663 2845 66 40 2c.
756 2845 109 39 Jan.
889 2845 69 45 23,
984 2842 113 41 1935;
1152 2843 82 40 aff.
1261 2844 109 39 Jan.
1394 2842 55 40 22;
1505 2845 42 38 A
1571 2844 142 41 80135;
1770 2847 70 38 W.
1866 2847 54 38 A.
1947 2846 159 41 Wilde
2132 2859 66 28 co.

279 2903 249 48 (35-1207)

201 3008 273 64 Bennett,
501 3006 289 65 Dorothy.

267 3081 1931 72 Murder unleashed, by Dorothy Bennett … Garden City,
202 3161 66 52 N.
313 3161 89 67 Y.,
442 3160 143 53 Pub.
630 3160 93 53 for
764 3160 97 52 the
902 3158 190 55 Crime
1134 3157 145 57 club,
1319 3159 90 52 inc.,
1484 3160 77 67 by
1601 3159 357 70 Doubleday,
2000 3164 192 50 Doran

199 3241 44 50 &
272 3259 294 49 company,
595 3239 127 68 inc.,
754 3240 151 53 1935.

269 3311 884 51 3 p. l. , v-vi p., 1 l., 306 p. 19½ cm .
270 3371 160 41 “First
460 3370 226 42 edition.”

204 3437 51 52 ©
287 3443 107 39 Jan.
490 3474 7 15 18,
530 3441 113 40 1935;
705 3441 65 40 2c.
806 3442 95 38 and
935 3440 81 40 aff.
1052 3441 108 39 Jan.
1194 3439 82 48 24;
1313 3441 40 38 A
1387 3439 141 41 80193;
1594 3442 56 38 D.
1685 3443 223 47 Bennett,
1946 3445 250 48 Berkeley,

269 3499 140 40 Calif.
481 3498 251 49 (35-1204)

201 3599 334 68 Beresford,
563 3602 156 54 John
746 3603 222 63 Davys,
999 3602 172 54 1873-

268 3677 301 69 Peckover,
602 3678 76 68 by
711 3678 56 54 J.
800 3678 73 53 D.
907 3675 329 57 Beresford.
1303 3677 139 53 New
1477 3678 180 67 York,
1693 3677 69 55 G.
1797 3680 66 52 P.
1897 3679 297 55 Putnam’s

197 3773 128 37 sons
358 3789 13 34 [
374 3763 19 22 c
398 3760 151 64 1935]

267 3827 590 48 4 p. l. , 3-276 p. 19 cm .
205 3893 53 52 ©
289 3900 106 39 Jan.
430 3901 68 42 18,
533 3899 113 40 1935;
708 3900 68 39 2c.
812 3900 109 38 Jan.
957 3899 54 39 23;
1076 3898 80 40 aff.
1193 3899 110 39 Jan.
1339 3899 55 39 24;
1458 3900 41 38 A
1534 3899 143 41 80205;
1743 3902 41 40 J.
1822 3904 55 37 D.
1916 3904 278 48 Beresford,

854 3955 229 31 Brighton, England. (35-1320)
