2526 4384
1312 4041 102 55 174

430 491 169 39 Added
627 492 124 47 t-p.:
781 490 204 42 Mekilta
1014 491 234 40 de-Rabbi
1276 492 239 46 Ishmael;
1545 502 26 29 a
1601 492 189 40 critical
1819 491 184 41 edition
2030 502 61 29 on
2120 493 82 40 the
2230 492 131 41 basis

365 548 53 38 of
461 548 81 39 the
584 548 327 47 manuscripts
957 549 96 38 and
1097 550 135 45 early
1273 547 212 41 editions
1531 547 119 41 with
1696 558 62 30 an
1805 547 203 50 English
2052 550 308 42 translation,

363 604 1981 105 introduction and notes, by Jacob Z. Lauterbach … Volume 3. Philadelphia, The Jewish publication society of America, 1935.
432 718 207 39 Hebrew
666 720 107 38 text
798 720 96 38 and
922 718 202 47 English
1151 718 297 41 translation
1475 729 63 30 on
1564 718 222 49 opposite
1810 729 160 38 pages.

433 775 161 47 Paged
622 778 48 37 to
698 775 83 39 211
811 775 51 39 in
888 774 257 48 duplicate.

369 827 52 52 ©
455 832 108 39 Jan.
599 831 40 48 2,
671 830 141 49 1935;
847 831 66 41 2c.
950 832 110 40 Feb.
1094 832 81 47 14;
1212 843 27 29 a
1244 831 49 39 ft.
1329 832 110 39 Feb.
1474 832 52 47 6;
1563 832 41 39 A
1638 832 169 47 80461;
1845 830 184 42 Jewish
2063 830 299 50 publication

431 898 97 31 soc.
554 889 52 39 of
629 888 236 41 America.

362 992 217 64 Moore,
607 991 259 55 Thomas
892 992 245 63 Verner,
1170 993 171 55 1877-

496 1068 1802 69 … Principles of ethics, by Dom Thomas Verner Moore …
365 1146 1991 68 Philadelphia, Montreal [etc.] J. B. Lippincott company [ c 1935]
436 1232 45 36 x,
511 1220 84 41 381
627 1231 43 37 p.
729 1220 56 39 21
789 1222 44 21 cm
838 1251 8 9 .
917 1220 299 48 (Half-title:
1245 1219 317 49 Lippincott’s
1593 1220 204 48 nursing
1825 1218 249 48 manuals)

439 1276 158 41 Series
624 1277 112 40 title
759 1278 106 39 also
888 1279 52 38 at
966 1277 125 40 head
1118 1278 51 39 of
1193 1279 98 46 t.-p.

435 1333 161 40 Based
629 1343 59 29 on
721 1334 82 39 the
837 1334 115 39 data
987 1333 51 40 of
1071 1344 27 29 a
1130 1332 224 41 master’s
1387 1332 319 41 dissertation
1736 1333 61 48 by
1833 1332 154 42 Sister
2019 1332 125 41 Rose
2178 1332 183 41 Helene

367 1391 204 47 Vaughn.
646 1391 61 47 cf.
738 1390 130 40 Pref.

438 1447 182 39 “Index
658 1446 56 41 of
752 1447 126 47 legal
922 1445 328 41 references”:
1294 1458 43 37 p.
1379 1446 112 47 381;
1535 1445 338 50 bibliography
1912 1448 53 39 at
2005 1448 92 39 end
2138 1446 53 41 of
2230 1457 129 31 some

365 1504 53 38 of
444 1504 84 39 the
553 1504 240 47 chapters.

367 1556 1877 53 © Jan. 30, 1935; 2c. and aff. Feb. 5; A 80325; J. B. Lippincott co.
440 1616 251 50 (35-3072)

364 1719 251 67 O’Hara,
642 1720 174 65 John,
847 1725 171 50 1905-

435 1797 121 53 The
589 1797 242 54 doctor’s
863 1816 99 35 son
999 1799 113 52 and
1143 1798 162 53 other
1339 1797 216 67 stories,
1589 1799 76 66 by
1698 1799 155 54 John
1890 1799 251 55 O’Hara.
2217 1801 137 52 New

367 1875 1413 69 York, Harcourt, Brace and company [ c 1935]
439 1947 584 50 5 p. l., 3-294 p. 21 cm .
439 2004 163 42 “First
631 2003 227 42 edition.”

365 2058 55 52 ©
448 2063 110 39 Feb.
589 2062 70 47 21,
689 2061 140 48 1935;
860 2061 65 41 2c.
957 2064 96 38 and
1084 2060 80 42 aff.
1195 2062 111 40 Feb.
1336 2061 82 48 28;
1452 2062 41 39 A
1521 2061 171 48 79860;
1726 2062 261 48 Harcourt,
2021 2063 154 40 Brace
2206 2063 36 40 &
2274 2072 82 40 co.,

431 2119 89 41 inc.
591 2119 252 50 (35-3041)

358 2220 163 66 Paul,
549 2220 308 66 Randolph
885 2223 85 64 E.,
1000 2226 170 50 1890-

431 2298 120 54 The
587 2301 109 51 law
731 2300 64 53 of
832 2299 220 54 federal
1085 2300 220 53 income
1337 2299 279 68 taxation,
1648 2299 75 68 by
1757 2298 310 69 Randolph
2103 2299 67 54 E.
2206 2297 149 53 Paul

357 2376 1973 147 and Jacob Mertens, jr. … v. 6. Chicago, Callaghan and company, 1935.
429 2527 30 40 2
483 2539 43 37 p.
591 2558 9 17 l.,
628 2527 84 41 691
740 2539 42 37 p.
839 2527 59 41 26
897 2530 47 21 cm
946 2558 8 8 .

431 2585 236 40 Contents
709 2586 95 38 and
849 2585 306 47 “Important
1194 2585 277 39 references
1512 2583 342 41 abbreviated”
1898 2594 62 30 on
2005 2584 138 38 front
359 2580 1997 109 lining-papers
563 2643 53 39 of
644 2643 120 39 each
792 2642 201 39 volume.

363 2694 1715 52 © Feb. 15, 1935; 2c. and aff. Feb. 19; A 80497; Callaghan & co.
358 2788 241 65 Robins,
630 2788 236 57 Denise.

433 2863 1918 70 No sacrifice, by Denise Robins … New York, G. H. Watt,
364 2948 150 51 1934.

435 3014 620 50 4 p. l., 7-252 p. 19½ cm .
364 3070 52 51 ©
451 3074 108 40 Jan.
595 3073 69 47 22,
701 3072 139 47 1934;
875 3072 65 41 2c.
976 3075 96 38 and
1107 3070 79 43 aff.
1224 3073 120 38 Mar.
1381 3073 39 46 1,
1456 3071 140 48 1935;
1634 3072 41 39 A
1710 3071 169 46 80688;
1920 3070 186 47 George
2138 3070 215 39 Howard

428 3132 148 39 Watt.
647 3129 251 50 (35-3047)

359 3219 258 67 Schultz,
645 3221 120 53 Leo
793 3220 153 56 Carl.

498 3289 1855 74 … School and home shopwork for junior high school grades,
364 3367 1986 75 by Leo C. Schultz … and Louis J. Schultz … Boston, New
367 3450 164 54 York
580 3455 119 62 [etc.]
734 3449 181 69 Allyn
946 3451 112 52 and
1087 3449 190 53 Bacon
1315 3483 13 34 [
1331 3456 20 22 c
1356 3451 131 49 1935]

433 3522 62 46 vi,
530 3521 87 40 246
647 3531 43 37 p.
749 3520 163 47 front.,
947 3521 141 47 illus.,
1121 3521 84 40 col.
1238 3532 76 36 pl.,
1348 3521 177 47 diagrs.
1586 3520 55 39 26
1644 3522 44 21 cm
1693 3551 8 8 .
1772 3520 229 47 (General
2035 3521 120 45 shop
2186 3520 149 38 series.

364 3579 72 40 ed.
463 3578 63 46 by
552 3578 42 41 J.
624 3578 62 39 M.
716 3576 166 46 Glass)

366 3633 60 52 ©
450 3638 108 39 Jan.
587 3637 39 46 9,
655 3636 141 47 1935;
827 3636 66 40 2c.
926 3636 108 39 Jan.
1067 3636 80 46 12;
1180 3635 80 40 aff.
1293 3636 108 39 Jan.
1434 3635 82 46 14;
1550 3635 39 38 A
1621 3634 168 46 79176;
1822 3634 144 46 Allyn
1995 3633 37 40 &
2062 3635 176 37 Bacon.

440 3694 251 48 (35-3065)

361 3782 200 64 Seger,
592 3782 275 62 Gerhart,
895 3784 171 52 1896-

435 3851 1914 73 A nation terrorized, by Gerhart Seger … with a foreword
365 3934 74 68 by
469 3934 279 54 Heinrich
775 3933 197 53 Mann.
1047 3931 266 70 Chicago,
1343 3933 121 53 The
1494 3930 190 69 Reilly
1715 3933 45 49 &
1789 3931 111 52 Lee
1931 3947 77 35 co.
2049 3964 12 33 [
2066 3936 18 21 c
2090 3931 131 49 1935
2227 3962 13 34 ]
