<alto xmlns="http://www.loc.gov/standards/alto/ns-v3#" xmlns:xlink="http://www.w3.org/1999/xlink" xmlns:xsi="http://www.w3.org/2001/XMLSchema-instance" xsi:schemaLocation="http://www.loc.gov/standards/alto/ns-v3# http://www.loc.gov/alto/v3/alto-3-0.xsd"><Description>
<MeasurementUnit>pixel</MeasurementUnit>
<sourceImageInformation>
<fileName>1935_v32_Part1.pdf</fileName>
</sourceImageInformation>
<OCRProcessing ID="IdOcr">
<ocrProcessingStep>
<processingDateTime>2019-01-15</processingDateTime>
<processingSoftware>
<softwareCreator>ABBYY</softwareCreator>
<softwareName>ABBYY Recognition Server</softwareName>
<softwareVersion>4.0</softwareVersion>
</processingSoftware>
</ocrProcessingStep>
</OCRProcessing>
</Description>
<Styles>
<ParagraphStyle ID="StyleId-FFFFFFFF-FFFF-FFFF-FFFF-FFFFFFFFFFFF-" ALIGN="Left" LEFT="0." RIGHT="0." FIRSTLINE="0."/>
<ParagraphStyle ID="StyleId-09A13A44-4F77-4ABE-84F3-84CC8B3C72CE-" ALIGN="Left" LEFT="0." RIGHT="0." FIRSTLINE="0." LINESPACE="7.699999809"/>
<ParagraphStyle ID="StyleId-1F945060-F8CD-4435-B69A-5FF49DB0C586-" ALIGN="Left" LEFT="0." RIGHT="0." FIRSTLINE="-10." LINESPACE="12.19999981"/>
<ParagraphStyle ID="StyleId-C6CAE747-F5A4-4D0D-8D74-D452DA7E2C1C-" ALIGN="Block" LEFT="0." RIGHT="0." FIRSTLINE="-14." LINESPACE="8.350000381"/>
<ParagraphStyle ID="StyleId-FC0F3374-189A-459E-BE29-2DC14180F022-" ALIGN="Left" LEFT="0." RIGHT="0." FIRSTLINE="0."/>
<ParagraphStyle ID="StyleId-49397C49-A894-4B3E-BA5E-1126226BA375-" ALIGN="Left" LEFT="0." RIGHT="0." FIRSTLINE="-12." LINESPACE="11.09000015"/>
<ParagraphStyle ID="StyleId-9E34DD3A-E661-48BD-A3A1-6A3D48346F00-" ALIGN="Block" LEFT="0." RIGHT="0." FIRSTLINE="-14." LINESPACE="11.09000015"/>
<ParagraphStyle ID="StyleId-56CE54AA-A08B-4BAA-8605-F26020A0E36E-" ALIGN="Left" LEFT="0." RIGHT="0." FIRSTLINE="0." LINESPACE="9.399999619"/>
<ParagraphStyle ID="StyleId-77814FFC-C42F-4AA9-9880-EF33B947DEC8-" ALIGN="Left" LEFT="0." RIGHT="0." FIRSTLINE="-11." LINESPACE="11.06999969"/>
<ParagraphStyle ID="StyleId-FDE92EC0-67DC-4C7B-8A24-094B12C38B6C-" ALIGN="Center" LEFT="0." RIGHT="0." FIRSTLINE="0." LINESPACE="11.30000019"/>
<ParagraphStyle ID="StyleId-65180E3B-4C93-4FB8-81EE-E026DD63DBF3-" ALIGN="Left" LEFT="0." RIGHT="0." FIRSTLINE="0." LINESPACE="11.10000038"/>
<ParagraphStyle ID="StyleId-10E885C2-5813-4620-B0AA-0FBA30CF7A32-" ALIGN="Left" LEFT="0." RIGHT="0." FIRSTLINE="0." LINESPACE="9.5"/>
<ParagraphStyle ID="StyleId-913C2DB5-9F02-4067-BAF7-0AED37B60BBE-" ALIGN="Left" LEFT="0." RIGHT="0." FIRSTLINE="0." LINESPACE="6.099999905"/>
<ParagraphStyle ID="StyleId-9C79A9D2-8F08-4A8F-985D-B00E253ED1E5-" ALIGN="Left" LEFT="0." RIGHT="0." FIRSTLINE="0." LINESPACE="4.400000095"/>
<ParagraphStyle ID="StyleId-A41F0407-FEFE-4738-9EC5-E05AFFF62781-" ALIGN="Left" LEFT="0." RIGHT="0." FIRSTLINE="0." LINESPACE="7.300000191"/>
<ParagraphStyle ID="StyleId-61D37176-94E8-408D-9B87-01C406CE8AB2-" ALIGN="Left" LEFT="0." RIGHT="0." FIRSTLINE="0." LINESPACE="8.050000191"/>
</Styles>
<Layout>
<Page ID="Page552" PHYSICAL_IMG_NR="552" HEIGHT="4375" WIDTH="2424">
<TopMargin HEIGHT="438" WIDTH="2424" VPOS="0" HPOS="0">
</TopMargin>
<LeftMargin HEIGHT="3633" WIDTH="234" VPOS="438" HPOS="0">
</LeftMargin>
<RightMargin HEIGHT="3633" WIDTH="170" VPOS="438" HPOS="2254">
</RightMargin>
<BottomMargin HEIGHT="304" WIDTH="2424" VPOS="4071" HPOS="0">
<TextBlock ID="Page552_Block1" HEIGHT="109" WIDTH="260" VPOS="4071" HPOS="1117" LANG="en-US" STYLEREFS="StyleId-7312A011-D416-4A15-A6DA-83DF937104B7-">
<TextLine HEIGHT="48" WIDTH="99" VPOS="4075" HPOS="1202">
<String CONTENT="552" HEIGHT="48" WIDTH="99" VPOS="4075" HPOS="1202"/>
</TextLine>
</TextBlock>
<GraphicalElement ID="Page552_Block2" HEIGHT="283" WIDTH="46" VPOS="4071" HPOS="2378"/>
</BottomMargin>
<PrintSpace HEIGHT="3633" WIDTH="2020" VPOS="438" HPOS="234">
<TextBlock ID="Page552_Block3" HEIGHT="3633" WIDTH="2020" VPOS="438" HPOS="234" LANG="en-US" CS="1" STYLEREFS="StyleId-727FBE93-940A-4E32-A462-C5DEC794433F-">
<TextLine HEIGHT="50" WIDTH="909" VPOS="535" HPOS="319" CS="1">
<String CONTENT="xiii," HEIGHT="48" WIDTH="103" VPOS="535" HPOS="319"/>
<SP HEIGHT="30" WIDTH="31" VPOS="555" HPOS="423"/>
<String CONTENT="[1]," HEIGHT="47" WIDTH="70" VPOS="538" HPOS="455"/>
<SP HEIGHT="46" WIDTH="27" VPOS="537" HPOS="526"/>
<String CONTENT="176" HEIGHT="39" WIDTH="84" VPOS="537" HPOS="554"/>
<SP HEIGHT="47" WIDTH="24" VPOS="537" HPOS="639"/>
<String CONTENT="p." HEIGHT="37" WIDTH="43" VPOS="547" HPOS="664"/>
<SP HEIGHT="38" WIDTH="53" VPOS="537" HPOS="708"/>
<String CONTENT="illus.," HEIGHT="47" WIDTH="142" VPOS="536" HPOS="762"/>
<SP HEIGHT="45" WIDTH="26" VPOS="538" HPOS="905"/>
<String CONTENT="diagrs." HEIGHT="48" WIDTH="179" VPOS="536" HPOS="932"/>
<SP HEIGHT="40" WIDTH="58" VPOS="535" HPOS="1112"/>
<String CS="1" CONTENT="22&#189;" HEIGHT="38" WIDTH="57" VPOS="535" HPOS="1171"/>
<String STYLE="superscript" CS="1" CONTENT="cm."/>
</TextLine>
<TextLine HEIGHT="53" WIDTH="1992" VPOS="602" HPOS="251">
<String CONTENT="&#169;" HEIGHT="53" WIDTH="53" VPOS="602" HPOS="251"/>
<SP HEIGHT="53" WIDTH="23" VPOS="602" HPOS="305"/>
<String CONTENT="Aug." HEIGHT="48" WIDTH="119" VPOS="606" HPOS="329"/>
<SP HEIGHT="39" WIDTH="25" VPOS="607" HPOS="449"/>
<String CONTENT="14," HEIGHT="47" WIDTH="69" VPOS="606" HPOS="475"/>
<SP HEIGHT="46" WIDTH="24" VPOS="607" HPOS="545"/>
<String CONTENT="1934;" HEIGHT="46" WIDTH="140" VPOS="606" HPOS="570"/>
<SP HEIGHT="46" WIDTH="24" VPOS="606" HPOS="711"/>
<String CONTENT="2c." HEIGHT="39" WIDTH="68" VPOS="606" HPOS="736"/>
<SP HEIGHT="39" WIDTH="24" VPOS="606" HPOS="805"/>
<String CONTENT="Dec." HEIGHT="39" WIDTH="109" VPOS="606" HPOS="830"/>
<SP HEIGHT="38" WIDTH="25" VPOS="606" HPOS="940"/>
<String CONTENT="24;" HEIGHT="47" WIDTH="82" VPOS="605" HPOS="966"/>
<SP HEIGHT="36" WIDTH="27" VPOS="616" HPOS="1049"/>
<String CONTENT="aff." HEIGHT="40" WIDTH="81" VPOS="605" HPOS="1077"/>
<SP HEIGHT="38" WIDTH="25" VPOS="607" HPOS="1159"/>
<String CONTENT="Dec." HEIGHT="38" WIDTH="112" VPOS="607" HPOS="1185"/>
<SP HEIGHT="39" WIDTH="25" VPOS="606" HPOS="1298"/>
<String CONTENT="6;" HEIGHT="47" WIDTH="52" VPOS="606" HPOS="1324"/>
<SP HEIGHT="47" WIDTH="26" VPOS="606" HPOS="1377"/>
<!-- cceid 8B89C656-6D82-1014-B070-FDFD250A9EDA --><String CONTENT="A" HEIGHT="39" WIDTH="41" VPOS="606" HPOS="1404"/>
<SP HEIGHT="40" WIDTH="23" VPOS="606" HPOS="1446"/>
<String CONTENT="81483;" HEIGHT="47" WIDTH="170" VPOS="606" HPOS="1470"/>
<SP HEIGHT="46" WIDTH="28" VPOS="607" HPOS="1641"/>
<String CONTENT="D." HEIGHT="40" WIDTH="57" VPOS="607" HPOS="1670"/>
<SP HEIGHT="40" WIDTH="26" VPOS="607" HPOS="1728"/>
<String CONTENT="Van" HEIGHT="39" WIDTH="106" VPOS="607" HPOS="1755"/>
<SP HEIGHT="38" WIDTH="24" VPOS="608" HPOS="1862"/>
<String CONTENT="Nostrand" HEIGHT="40" WIDTH="246" VPOS="607" HPOS="1887"/>
<SP HEIGHT="39" WIDTH="27" VPOS="608" HPOS="2134"/>
<String CONTENT="co.," HEIGHT="41" WIDTH="81" VPOS="614" HPOS="2162"/>
</TextLine>
<TextLine HEIGHT="49" WIDTH="411" VPOS="662" HPOS="321">
<String CONTENT="inc." HEIGHT="40" WIDTH="90" VPOS="663" HPOS="321"/>
<SP HEIGHT="48" WIDTH="69" VPOS="663" HPOS="412"/>
<String CONTENT="(35-6265)" HEIGHT="49" WIDTH="250" VPOS="662" HPOS="482"/>
</TextLine>
<TextLine HEIGHT="68" WIDTH="1152" VPOS="765" HPOS="255" STYLEREFS="StyleId-B02C2107-2279-4572-AF4A-DEF774BD0C41-">
<String CONTENT="[Wilson," HEIGHT="68" WIDTH="257" VPOS="765" HPOS="255"/>
<SP HEIGHT="63" WIDTH="29" VPOS="768" HPOS="513"/>
<String CONTENT="Mrs." HEIGHT="52" WIDTH="140" VPOS="768" HPOS="543"/>
<SP HEIGHT="52" WIDTH="32" VPOS="767" HPOS="684"/>
<String CONTENT="Desemea" HEIGHT="52" WIDTH="289" VPOS="767" HPOS="717"/>
<SP HEIGHT="64" WIDTH="26" VPOS="767" HPOS="1007"/>
<String CONTENT="(Newman)]" HEIGHT="68" WIDTH="373" VPOS="765" HPOS="1034"/>
</TextLine>
<TextLine HEIGHT="71" WIDTH="1918" VPOS="840" HPOS="324" STYLEREFS="StyleId-4042ED94-C62B-44B0-AA24-6B155D859A78-" CS="1">
<String CONTENT="Nineveh" HEIGHT="53" WIDTH="255" VPOS="842" HPOS="324"/>
<SP HEIGHT="52" WIDTH="24" VPOS="841" HPOS="580"/>
<String CONTENT="house," HEIGHT="68" WIDTH="191" VPOS="841" HPOS="605"/>
<SP HEIGHT="67" WIDTH="22" VPOS="842" HPOS="797"/>
<String CONTENT="by" HEIGHT="68" WIDTH="74" VPOS="842" HPOS="820"/>
<SP HEIGHT="69" WIDTH="23" VPOS="841" HPOS="895"/>
<String CONTENT="Diana" HEIGHT="53" WIDTH="188" VPOS="840" HPOS="919"/>
<SP HEIGHT="51" WIDTH="26" VPOS="842" HPOS="1108"/>
<String CONTENT="Patrick" HEIGHT="54" WIDTH="235" VPOS="840" HPOS="1135"/>
<SP HEIGHT="70" WIDTH="30" VPOS="840" HPOS="1371"/>
<String CS="1" CONTENT="[pseud.]" HEIGHT="67" WIDTH="194" VPOS="844" HPOS="1420"/>
<SP HEIGHT="70" WIDTH="76" VPOS="841" HPOS="1634"/>
<String CONTENT="New" HEIGHT="52" WIDTH="136" VPOS="841" HPOS="1711"/>
<SP HEIGHT="51" WIDTH="35" VPOS="842" HPOS="1848"/>
<String CONTENT="York," HEIGHT="68" WIDTH="172" VPOS="841" HPOS="1884"/>
<SP HEIGHT="67" WIDTH="24" VPOS="842" HPOS="2057"/>
<String CONTENT="E." HEIGHT="56" WIDTH="67" VPOS="842" HPOS="2082"/>
<SP HEIGHT="55" WIDTH="28" VPOS="843" HPOS="2150"/>
<String CONTENT="P." HEIGHT="52" WIDTH="63" VPOS="843" HPOS="2179"/>
</TextLine>
<TextLine HEIGHT="67" WIDTH="758" VPOS="920" HPOS="254" STYLEREFS="StyleId-4042ED94-C62B-44B0-AA24-6B155D859A78-" CS="1">
<String CONTENT="Dutton" HEIGHT="54" WIDTH="221" VPOS="920" HPOS="254"/>
<SP HEIGHT="50" WIDTH="24" VPOS="921" HPOS="476"/>
<String CONTENT="&amp;" HEIGHT="50" WIDTH="46" VPOS="921" HPOS="501"/>
<SP HEIGHT="51" WIDTH="25" VPOS="921" HPOS="548"/>
<String CONTENT="co.," HEIGHT="49" WIDTH="98" VPOS="938" HPOS="574"/>
<SP HEIGHT="67" WIDTH="24" VPOS="920" HPOS="673"/>
<String CONTENT="inc." HEIGHT="53" WIDTH="107" VPOS="920" HPOS="698"/>
<SP HEIGHT="34" WIDTH="34" VPOS="953" HPOS="806"/>
<String CS="1" CONTENT="["/>
<String STYLE="superscript" CONTENT="c" HEIGHT="21" WIDTH="18" VPOS="926" HPOS="857"/>
<String CS="1" CONTENT="1935]" HEIGHT="50" WIDTH="131" VPOS="921" HPOS="881"/>
</TextLine>
<TextLine HEIGHT="49" WIDTH="333" VPOS="993" HPOS="320">
<String CONTENT="288" HEIGHT="41" WIDTH="87" VPOS="994" HPOS="320"/>
<SP HEIGHT="48" WIDTH="26" VPOS="994" HPOS="408"/>
<String CONTENT="p." HEIGHT="37" WIDTH="43" VPOS="1005" HPOS="435"/>
<SP HEIGHT="42" WIDTH="57" VPOS="993" HPOS="479"/>
<String CONTENT="20" HEIGHT="41" WIDTH="60" VPOS="993" HPOS="537"/>
<String STYLE="superscript" CONTENT="cm" HEIGHT="21" WIDTH="45" VPOS="996" HPOS="596"/>
<String CONTENT="." HEIGHT="9" WIDTH="9" VPOS="1023" HPOS="644"/>
</TextLine>
<TextLine HEIGHT="43" WIDTH="415" VPOS="1062" HPOS="323">
<String CONTENT="&#8220;First" HEIGHT="42" WIDTH="161" VPOS="1063" HPOS="323"/>
<SP HEIGHT="38" WIDTH="26" VPOS="1066" HPOS="485"/>
<String CONTENT="edition.&#8221;" HEIGHT="42" WIDTH="226" VPOS="1062" HPOS="512"/>
</TextLine>
<TextLine HEIGHT="53" WIDTH="1885" VPOS="1130" HPOS="252" CS="1">
<String CONTENT="&#169;" HEIGHT="53" WIDTH="53" VPOS="1130" HPOS="252"/>
<SP HEIGHT="53" WIDTH="23" VPOS="1130" HPOS="306"/>
<String CONTENT="May" HEIGHT="46" WIDTH="113" VPOS="1136" HPOS="330"/>
<SP HEIGHT="47" WIDTH="22" VPOS="1135" HPOS="444"/>
<String CONTENT="3," HEIGHT="47" WIDTH="40" VPOS="1135" HPOS="467"/>
<SP HEIGHT="48" WIDTH="25" VPOS="1134" HPOS="508"/>
<String CONTENT="1935;" HEIGHT="46" WIDTH="141" VPOS="1134" HPOS="534"/>
<SP HEIGHT="46" WIDTH="25" VPOS="1134" HPOS="676"/>
<String CONTENT="2c." HEIGHT="39" WIDTH="68" VPOS="1134" HPOS="702"/>
<SP HEIGHT="29" WIDTH="22" VPOS="1144" HPOS="771"/>
<String CONTENT="and" HEIGHT="39" WIDTH="95" VPOS="1134" HPOS="794"/>
<SP HEIGHT="39" WIDTH="22" VPOS="1134" HPOS="890"/>
<String CS="1" CONTENT="aff."/>
<SP HEIGHT="38" WIDTH="27" VPOS="1134" HPOS="995"/>
<String CONTENT="May" HEIGHT="47" WIDTH="113" VPOS="1134" HPOS="1023"/>
<SP HEIGHT="48" WIDTH="20" VPOS="1133" HPOS="1137"/>
<String CONTENT="4;" HEIGHT="46" WIDTH="55" VPOS="1133" HPOS="1158"/>
<SP HEIGHT="46" WIDTH="25" VPOS="1133" HPOS="1214"/>
<!-- cceid 8B8A5FBC-6D82-1014-B070-FDFD250A9EDA --><String CONTENT="A" HEIGHT="38" WIDTH="41" VPOS="1133" HPOS="1240"/>
<SP HEIGHT="39" WIDTH="23" VPOS="1133" HPOS="1282"/>
<String CONTENT="82902;" HEIGHT="48" WIDTH="170" VPOS="1131" HPOS="1306"/>
<SP HEIGHT="46" WIDTH="27" VPOS="1133" HPOS="1477"/>
<String CONTENT="E." HEIGHT="39" WIDTH="51" VPOS="1133" HPOS="1505"/>
<SP HEIGHT="39" WIDTH="25" VPOS="1133" HPOS="1557"/>
<String CONTENT="P." HEIGHT="40" WIDTH="51" VPOS="1133" HPOS="1583"/>
<SP HEIGHT="40" WIDTH="25" VPOS="1133" HPOS="1635"/>
<String CONTENT="Dutton" HEIGHT="40" WIDTH="188" VPOS="1133" HPOS="1661"/>
<SP HEIGHT="40" WIDTH="25" VPOS="1133" HPOS="1850"/>
<String CONTENT="&amp;" HEIGHT="40" WIDTH="36" VPOS="1133" HPOS="1876"/>
<SP HEIGHT="40" WIDTH="24" VPOS="1133" HPOS="1913"/>
<String CONTENT="co.," HEIGHT="38" WIDTH="81" VPOS="1144" HPOS="1938"/>
<SP HEIGHT="49" WIDTH="25" VPOS="1133" HPOS="2020"/>
<String CONTENT="inc." HEIGHT="41" WIDTH="91" VPOS="1133" HPOS="2046"/>
</TextLine>
<TextLine HEIGHT="49" WIDTH="250" VPOS="1191" HPOS="331">
<String CONTENT="(35-6350)" HEIGHT="49" WIDTH="250" VPOS="1191" HPOS="331"/>
</TextLine>
<TextLine HEIGHT="67" WIDTH="816" VPOS="1292" HPOS="250" STYLEREFS="StyleId-B02C2107-2279-4572-AF4A-DEF774BD0C41-">
<String CONTENT="Winslow," HEIGHT="67" WIDTH="295" VPOS="1292" HPOS="250"/>
<SP HEIGHT="65" WIDTH="29" VPOS="1294" HPOS="546"/>
<String CONTENT="Floyd" HEIGHT="65" WIDTH="183" VPOS="1293" HPOS="576"/>
<SP HEIGHT="53" WIDTH="26" VPOS="1294" HPOS="760"/>
<String CONTENT="Truman." HEIGHT="53" WIDTH="279" VPOS="1294" HPOS="787"/>
</TextLine>
<TextLine HEIGHT="70" WIDTH="1865" VPOS="1367" HPOS="379" STYLEREFS="StyleId-4042ED94-C62B-44B0-AA24-6B155D859A78-" CS="1">
<String CS="1" CONTENT="&#8230;"/>
<SP HEIGHT="53" WIDTH="30" VPOS="1369" HPOS="379"/>
<String CONTENT="Money" HEIGHT="68" WIDTH="210" VPOS="1369" HPOS="410"/>
<SP HEIGHT="50" WIDTH="25" VPOS="1387" HPOS="621"/>
<String CONTENT="and" HEIGHT="51" WIDTH="114" VPOS="1370" HPOS="647"/>
<SP HEIGHT="52" WIDTH="26" VPOS="1369" HPOS="762"/>
<String CONTENT="its" HEIGHT="53" WIDTH="73" VPOS="1369" HPOS="789"/>
<SP HEIGHT="50" WIDTH="23" VPOS="1387" HPOS="863"/>
<String CONTENT="power," HEIGHT="50" WIDTH="210" VPOS="1387" HPOS="887"/>
<SP HEIGHT="69" WIDTH="26" VPOS="1368" HPOS="1098"/>
<String CONTENT="by" HEIGHT="69" WIDTH="75" VPOS="1368" HPOS="1125"/>
<SP HEIGHT="68" WIDTH="27" VPOS="1369" HPOS="1201"/>
<String CONTENT="F." HEIGHT="51" WIDTH="64" VPOS="1369" HPOS="1229"/>
<SP HEIGHT="51" WIDTH="31" VPOS="1369" HPOS="1294"/>
<String CONTENT="Truman" HEIGHT="52" WIDTH="256" VPOS="1369" HPOS="1326"/>
<SP HEIGHT="54" WIDTH="24" VPOS="1369" HPOS="1583"/>
<String CONTENT="Winslow" HEIGHT="56" WIDTH="277" VPOS="1367" HPOS="1608"/>
<SP HEIGHT="34" WIDTH="28" VPOS="1387" HPOS="1886"/>
<String CONTENT="and" HEIGHT="51" WIDTH="113" VPOS="1371" HPOS="1915"/>
<SP HEIGHT="52" WIDTH="28" VPOS="1370" HPOS="2029"/>
<String CONTENT="Bruce" HEIGHT="52" WIDTH="186" VPOS="1370" HPOS="2058"/>
</TextLine>
<TextLine HEIGHT="72" WIDTH="1996" VPOS="1445" HPOS="248" STYLEREFS="StyleId-4042ED94-C62B-44B0-AA24-6B155D859A78-" CS="1">
<String CONTENT="Brougham;" HEIGHT="70" WIDTH="362" VPOS="1447" HPOS="248"/>
<SP HEIGHT="68" WIDTH="44" VPOS="1446" HPOS="611"/>
<String CONTENT="foreword" HEIGHT="53" WIDTH="286" VPOS="1446" HPOS="656"/>
<SP HEIGHT="53" WIDTH="42" VPOS="1446" HPOS="943"/>
<String CONTENT="by" HEIGHT="70" WIDTH="75" VPOS="1446" HPOS="986"/>
<SP HEIGHT="70" WIDTH="42" VPOS="1446" HPOS="1062"/>
<String CONTENT="Robert" HEIGHT="58" WIDTH="215" VPOS="1446" HPOS="1105"/>
<SP HEIGHT="54" WIDTH="40" VPOS="1445" HPOS="1321"/>
<String CONTENT="L." HEIGHT="55" WIDTH="65" VPOS="1445" HPOS="1362"/>
<SP HEIGHT="56" WIDTH="45" VPOS="1445" HPOS="1428"/>
<String CONTENT="Owen" HEIGHT="56" WIDTH="176" VPOS="1445" HPOS="1474"/>
<SP HEIGHT="34" WIDTH="52" VPOS="1465" HPOS="1651"/>
<String CS="1" CONTENT="&#8230;"/>
<SP HEIGHT="53" WIDTH="81" VPOS="1446" HPOS="1761"/>
<String CONTENT="Washington," HEIGHT="69" WIDTH="401" VPOS="1445" HPOS="1843"/>
</TextLine>
<TextLine HEIGHT="70" WIDTH="1488" VPOS="1523" HPOS="245" STYLEREFS="StyleId-4042ED94-C62B-44B0-AA24-6B155D859A78-">
<String CONTENT="D." HEIGHT="53" WIDTH="71" VPOS="1525" HPOS="245"/>
<SP HEIGHT="55" WIDTH="27" VPOS="1524" HPOS="317"/>
<String CONTENT="C.," HEIGHT="68" WIDTH="82" VPOS="1524" HPOS="345"/>
<SP HEIGHT="67" WIDTH="24" VPOS="1525" HPOS="428"/>
<String CONTENT="National" HEIGHT="53" WIDTH="274" VPOS="1525" HPOS="453"/>
<SP HEIGHT="51" WIDTH="26" VPOS="1525" HPOS="728"/>
<String CONTENT="home" HEIGHT="51" WIDTH="162" VPOS="1525" HPOS="755"/>
<SP HEIGHT="50" WIDTH="25" VPOS="1526" HPOS="918"/>
<String CONTENT="library" HEIGHT="68" WIDTH="219" VPOS="1525" HPOS="944"/>
<SP HEIGHT="70" WIDTH="26" VPOS="1523" HPOS="1164"/>
<String CONTENT="foundation," HEIGHT="69" WIDTH="363" VPOS="1523" HPOS="1191"/>
<SP HEIGHT="64" WIDTH="28" VPOS="1528" HPOS="1555"/>
<String CONTENT="1935." HEIGHT="50" WIDTH="149" VPOS="1527" HPOS="1584"/>
</TextLine>
<TextLine HEIGHT="49" WIDTH="1433" VPOS="1596" HPOS="315" STYLEREFS="StyleId-4042ED94-C62B-44B0-AA24-6B155D859A78-" CS="1">
<String CONTENT="ix," HEIGHT="47" WIDTH="63" VPOS="1598" HPOS="315"/>
<SP HEIGHT="47" WIDTH="26" VPOS="1598" HPOS="379"/>
<String CONTENT="85" HEIGHT="41" WIDTH="55" VPOS="1598" HPOS="406"/>
<SP HEIGHT="46" WIDTH="19" VPOS="1599" HPOS="462"/>
<String CONTENT="p." HEIGHT="37" WIDTH="43" VPOS="1608" HPOS="482"/>
<SP HEIGHT="41" WIDTH="61" VPOS="1597" HPOS="526"/>
<String CS="1" CONTENT="16&#189;cm." HEIGHT="40" WIDTH="56" VPOS="1597" HPOS="588"/>
<SP HEIGHT="45" WIDTH="74" VPOS="1599" HPOS="732"/>
<String CONTENT="(On" HEIGHT="46" WIDTH="96" VPOS="1598" HPOS="807"/>
<SP HEIGHT="30" WIDTH="25" VPOS="1607" HPOS="904"/>
<String CONTENT="cover:" HEIGHT="31" WIDTH="162" VPOS="1606" HPOS="930"/>
<SP HEIGHT="39" WIDTH="24" VPOS="1598" HPOS="1093"/>
<String CONTENT="National" HEIGHT="40" WIDTH="231" VPOS="1597" HPOS="1118"/>
<SP HEIGHT="38" WIDTH="24" VPOS="1597" HPOS="1350"/>
<String CONTENT="home" HEIGHT="40" WIDTH="139" VPOS="1597" HPOS="1375"/>
<SP HEIGHT="40" WIDTH="26" VPOS="1597" HPOS="1515"/>
<String CONTENT="library)" HEIGHT="47" WIDTH="206" VPOS="1596" HPOS="1542"/>
</TextLine>
<TextLine HEIGHT="48" WIDTH="1295" VPOS="1665" HPOS="315">
<String CONTENT="At" HEIGHT="41" WIDTH="63" VPOS="1667" HPOS="315"/>
<SP HEIGHT="39" WIDTH="23" VPOS="1669" HPOS="379"/>
<String CONTENT="head" HEIGHT="39" WIDTH="124" VPOS="1669" HPOS="403"/>
<SP HEIGHT="39" WIDTH="20" VPOS="1669" HPOS="528"/>
<String CONTENT="of" HEIGHT="42" WIDTH="54" VPOS="1666" HPOS="549"/>
<SP HEIGHT="42" WIDTH="20" VPOS="1666" HPOS="604"/>
<String CONTENT="title:" HEIGHT="42" WIDTH="135" VPOS="1666" HPOS="625"/>
<SP HEIGHT="39" WIDTH="26" VPOS="1668" HPOS="761"/>
<String CONTENT="National" HEIGHT="40" WIDTH="231" VPOS="1667" HPOS="788"/>
<SP HEIGHT="39" WIDTH="22" VPOS="1667" HPOS="1020"/>
<String CONTENT="home" HEIGHT="39" WIDTH="140" VPOS="1667" HPOS="1043"/>
<SP HEIGHT="38" WIDTH="21" VPOS="1667" HPOS="1184"/>
<String CONTENT="library" HEIGHT="47" WIDTH="183" VPOS="1666" HPOS="1206"/>
<SP HEIGHT="37" WIDTH="21" VPOS="1676" HPOS="1390"/>
<String CONTENT="edition." HEIGHT="41" WIDTH="198" VPOS="1665" HPOS="1412"/>
</TextLine>
<TextLine HEIGHT="53" WIDTH="1990" VPOS="1736" HPOS="253" CS="1">
<String CONTENT="&#169;" HEIGHT="53" WIDTH="53" VPOS="1736" HPOS="253"/>
<SP HEIGHT="53" WIDTH="33" VPOS="1736" HPOS="307"/>
<String CONTENT="Mar." HEIGHT="38" WIDTH="121" VPOS="1742" HPOS="341"/>
<SP HEIGHT="40" WIDTH="35" VPOS="1740" HPOS="463"/>
<String CONTENT="15," HEIGHT="47" WIDTH="68" VPOS="1740" HPOS="499"/>
<SP HEIGHT="46" WIDTH="34" VPOS="1741" HPOS="568"/>
<String CONTENT="1935;" HEIGHT="47" WIDTH="141" VPOS="1739" HPOS="603"/>
<SP HEIGHT="46" WIDTH="36" VPOS="1740" HPOS="745"/>
<String CONTENT="2c." HEIGHT="39" WIDTH="65" VPOS="1740" HPOS="782"/>
<SP HEIGHT="30" WIDTH="35" VPOS="1749" HPOS="848"/>
<String CONTENT="and" HEIGHT="39" WIDTH="96" VPOS="1740" HPOS="884"/>
<SP HEIGHT="39" WIDTH="33" VPOS="1740" HPOS="981"/>
<String CS="1" CONTENT="aff."/>
<SP HEIGHT="38" WIDTH="35" VPOS="1740" HPOS="1099"/>
<String CONTENT="Mar." HEIGHT="38" WIDTH="122" VPOS="1740" HPOS="1135"/>
<SP HEIGHT="39" WIDTH="35" VPOS="1739" HPOS="1258"/>
<String CONTENT="20;" HEIGHT="46" WIDTH="82" VPOS="1739" HPOS="1294"/>
<SP HEIGHT="46" WIDTH="37" VPOS="1739" HPOS="1377"/>
<!-- cceid 8B8B0522-6D82-1014-B070-FDFD250A9EDA --><String CONTENT="A" HEIGHT="38" WIDTH="40" VPOS="1739" HPOS="1415"/>
<SP HEIGHT="39" WIDTH="33" VPOS="1739" HPOS="1456"/>
<String CONTENT="81190;" HEIGHT="49" WIDTH="170" VPOS="1737" HPOS="1490"/>
<SP HEIGHT="47" WIDTH="40" VPOS="1739" HPOS="1661"/>
<String CONTENT="F." HEIGHT="39" WIDTH="48" VPOS="1739" HPOS="1702"/>
<SP HEIGHT="38" WIDTH="38" VPOS="1740" HPOS="1751"/>
<String CONTENT="T." HEIGHT="39" WIDTH="52" VPOS="1740" HPOS="1790"/>
<SP HEIGHT="39" WIDTH="35" VPOS="1741" HPOS="1843"/>
<String CONTENT="Winslow" HEIGHT="40" WIDTH="232" VPOS="1740" HPOS="1879"/>
<SP HEIGHT="28" WIDTH="34" VPOS="1750" HPOS="2112"/>
<String CONTENT="and" HEIGHT="38" WIDTH="96" VPOS="1742" HPOS="2147"/>
</TextLine>
<TextLine HEIGHT="50" WIDTH="1162" VPOS="1795" HPOS="321">
<String CONTENT="Bruce" HEIGHT="40" WIDTH="157" VPOS="1798" HPOS="321"/>
<SP HEIGHT="40" WIDTH="26" VPOS="1798" HPOS="479"/>
<String CONTENT="Brougham," HEIGHT="47" WIDTH="293" VPOS="1798" HPOS="506"/>
<SP HEIGHT="48" WIDTH="27" VPOS="1797" HPOS="800"/>
<String CONTENT="Washington." HEIGHT="49" WIDTH="334" VPOS="1795" HPOS="828"/>
<SP HEIGHT="48" WIDTH="69" VPOS="1795" HPOS="1163"/>
<String CONTENT="(35-6394)" HEIGHT="49" WIDTH="250" VPOS="1795" HPOS="1233"/>
</TextLine>
<TextLine HEIGHT="67" WIDTH="551" VPOS="1900" HPOS="253" STYLEREFS="StyleId-B02C2107-2279-4572-AF4A-DEF774BD0C41-">
<String CONTENT="Wirt," HEIGHT="67" WIDTH="169" VPOS="1900" HPOS="253"/>
<SP HEIGHT="65" WIDTH="28" VPOS="1902" HPOS="423"/>
<String CONTENT="Mildred" HEIGHT="53" WIDTH="251" VPOS="1901" HPOS="452"/>
<SP HEIGHT="53" WIDTH="27" VPOS="1901" HPOS="704"/>
<String CONTENT="A." HEIGHT="55" WIDTH="72" VPOS="1901" HPOS="732"/>
</TextLine>
<TextLine HEIGHT="68" WIDTH="1922" VPOS="1976" HPOS="321" STYLEREFS="StyleId-4042ED94-C62B-44B0-AA24-6B155D859A78-" CS="1">
<String CONTENT="The" HEIGHT="53" WIDTH="121" VPOS="1978" HPOS="321"/>
<SP HEIGHT="49" WIDTH="24" VPOS="1982" HPOS="443"/>
<String CONTENT="twin" HEIGHT="52" WIDTH="143" VPOS="1978" HPOS="468"/>
<SP HEIGHT="34" WIDTH="27" VPOS="1996" HPOS="612"/>
<String CONTENT="ring" HEIGHT="67" WIDTH="134" VPOS="1977" HPOS="640"/>
<SP HEIGHT="48" WIDTH="24" VPOS="1996" HPOS="775"/>
<String CONTENT="mystery," HEIGHT="63" WIDTH="269" VPOS="1981" HPOS="800"/>
<SP HEIGHT="67" WIDTH="26" VPOS="1977" HPOS="1070"/>
<String CONTENT="by" HEIGHT="66" WIDTH="75" VPOS="1977" HPOS="1097"/>
<SP HEIGHT="66" WIDTH="26" VPOS="1977" HPOS="1173"/>
<String CONTENT="Mildred" HEIGHT="53" WIDTH="253" VPOS="1977" HPOS="1200"/>
<SP HEIGHT="54" WIDTH="27" VPOS="1976" HPOS="1454"/>
<String CONTENT="A." HEIGHT="53" WIDTH="71" VPOS="1976" HPOS="1482"/>
<SP HEIGHT="54" WIDTH="26" VPOS="1977" HPOS="1554"/>
<String CONTENT="Wirt" HEIGHT="54" WIDTH="156" VPOS="1977" HPOS="1581"/>
<SP HEIGHT="49" WIDTH="31" VPOS="1981" HPOS="1738"/>
<String CS="1" CONTENT="&#8230;"/>
<SP HEIGHT="52" WIDTH="67" VPOS="1977" HPOS="1827"/>
<String CONTENT="New" HEIGHT="53" WIDTH="139" VPOS="1977" HPOS="1895"/>
<SP HEIGHT="53" WIDTH="29" VPOS="1977" HPOS="2035"/>
<String CONTENT="York," HEIGHT="65" WIDTH="178" VPOS="1977" HPOS="2065"/>
</TextLine>
<TextLine HEIGHT="68" WIDTH="1050" VPOS="2054" HPOS="251" STYLEREFS="StyleId-4042ED94-C62B-44B0-AA24-6B155D859A78-" CS="1">
<String CONTENT="Cupples" HEIGHT="66" WIDTH="252" VPOS="2055" HPOS="251"/>
<SP HEIGHT="51" WIDTH="29" VPOS="2057" HPOS="504"/>
<String CONTENT="&amp;" HEIGHT="51" WIDTH="46" VPOS="2057" HPOS="534"/>
<SP HEIGHT="54" WIDTH="25" VPOS="2054" HPOS="581"/>
<String CONTENT="Leon" HEIGHT="53" WIDTH="156" VPOS="2054" HPOS="607"/>
<SP HEIGHT="34" WIDTH="28" VPOS="2073" HPOS="764"/>
<String CONTENT="company" HEIGHT="50" WIDTH="280" VPOS="2072" HPOS="793"/>
<SP/>
<String CS="1" CONTENT="[c1935]" HEIGHT="32" WIDTH="12" VPOS="2088" HPOS="1289"/>
</TextLine>
<TextLine HEIGHT="50" WIDTH="746" VPOS="2138" HPOS="320" CS="1">
<String CONTENT="2" HEIGHT="38" WIDTH="26" VPOS="2140" HPOS="320"/>
<SP HEIGHT="48" WIDTH="27" VPOS="2140" HPOS="347"/>
<String CONTENT="p." HEIGHT="37" WIDTH="44" VPOS="2151" HPOS="375"/>
<SP HEIGHT="39" WIDTH="29" VPOS="2141" HPOS="420"/>
<String CS="1" CONTENT="l.,"/>
<SP HEIGHT="49" WIDTH="29" VPOS="2139" HPOS="495"/>
<String CONTENT="212" HEIGHT="39" WIDTH="85" VPOS="2139" HPOS="525"/>
<SP HEIGHT="48" WIDTH="26" VPOS="2139" HPOS="611"/>
<String CONTENT="p." HEIGHT="37" WIDTH="44" VPOS="2150" HPOS="638"/>
<SP HEIGHT="42" WIDTH="57" VPOS="2138" HPOS="683"/>
<String CONTENT="front." HEIGHT="42" WIDTH="149" VPOS="2138" HPOS="741"/>
<SP HEIGHT="41" WIDTH="57" VPOS="2139" HPOS="891"/>
<String CS="1" CONTENT="20cm." HEIGHT="41" WIDTH="117" VPOS="2139" HPOS="949"/>
</TextLine>
<TextLine HEIGHT="53" WIDTH="1879" VPOS="2206" HPOS="252" CS="1">
<String CONTENT="&#169;" HEIGHT="53" WIDTH="53" VPOS="2206" HPOS="252"/>
<SP HEIGHT="53" WIDTH="27" VPOS="2206" HPOS="306"/>
<String CONTENT="Mar." HEIGHT="38" WIDTH="121" VPOS="2212" HPOS="334"/>
<SP HEIGHT="39" WIDTH="28" VPOS="2211" HPOS="456"/>
<String CONTENT="15," HEIGHT="46" WIDTH="68" VPOS="2210" HPOS="485"/>
<SP HEIGHT="46" WIDTH="28" VPOS="2210" HPOS="554"/>
<String CONTENT="1935;" HEIGHT="48" WIDTH="141" VPOS="2209" HPOS="583"/>
<SP HEIGHT="48" WIDTH="31" VPOS="2209" HPOS="725"/>
<String CONTENT="2c." HEIGHT="41" WIDTH="68" VPOS="2209" HPOS="757"/>
<SP HEIGHT="29" WIDTH="29" VPOS="2220" HPOS="826"/>
<String CONTENT="and" HEIGHT="39" WIDTH="95" VPOS="2210" HPOS="856"/>
<SP HEIGHT="39" WIDTH="29" VPOS="2210" HPOS="952"/>
<String CS="1" CONTENT="aff."/>
<SP HEIGHT="37" WIDTH="33" VPOS="2211" HPOS="1063"/>
<String CONTENT="May" HEIGHT="46" WIDTH="114" VPOS="2211" HPOS="1097"/>
<SP HEIGHT="47" WIDTH="26" VPOS="2210" HPOS="1212"/>
<String CONTENT="4;" HEIGHT="46" WIDTH="52" VPOS="2210" HPOS="1239"/>
<SP HEIGHT="47" WIDTH="32" VPOS="2209" HPOS="1292"/>
<!-- cceid 8B8BA0BF-6D82-1014-B070-FDFD250A9EDA --><String CONTENT="A" HEIGHT="39" WIDTH="40" VPOS="2209" HPOS="1325"/>
<SP HEIGHT="41" WIDTH="29" VPOS="2209" HPOS="1366"/>
<String CONTENT="81708;" HEIGHT="48" WIDTH="170" VPOS="2209" HPOS="1396"/>
<SP HEIGHT="48" WIDTH="32" VPOS="2209" HPOS="1567"/>
<String CONTENT="Cupples" HEIGHT="49" WIDTH="207" VPOS="2209" HPOS="1600"/>
<SP HEIGHT="40" WIDTH="26" VPOS="2210" HPOS="1813"/>
<String CONTENT="&amp;" HEIGHT="40" WIDTH="37" VPOS="2210" HPOS="1840"/>
<SP HEIGHT="40" WIDTH="27" VPOS="2210" HPOS="1878"/>
<String CONTENT="Leon" HEIGHT="39" WIDTH="130" VPOS="2211" HPOS="1906"/>
<SP HEIGHT="29" WIDTH="28" VPOS="2222" HPOS="2037"/>
<String CONTENT="co." HEIGHT="28" WIDTH="65" VPOS="2223" HPOS="2066"/>
</TextLine>
<TextLine HEIGHT="49" WIDTH="250" VPOS="2266" HPOS="332">
<String CONTENT="(35-6271)" HEIGHT="49" WIDTH="250" VPOS="2266" HPOS="332"/>
</TextLine>
<TextLine HEIGHT="67" WIDTH="1121" VPOS="2367" HPOS="248" STYLEREFS="StyleId-4042ED94-C62B-44B0-AA24-6B155D859A78-">
<String CONTENT="Wishart," HEIGHT="67" WIDTH="283" VPOS="2367" HPOS="248"/>
<SP HEIGHT="63" WIDTH="29" VPOS="2371" HPOS="532"/>
<String CONTENT="Charles" HEIGHT="54" WIDTH="247" VPOS="2369" HPOS="562"/>
<SP HEIGHT="52" WIDTH="24" VPOS="2371" HPOS="810"/>
<String CONTENT="Frederick," HEIGHT="66" WIDTH="331" VPOS="2368" HPOS="835"/>
<SP HEIGHT="59" WIDTH="31" VPOS="2375" HPOS="1167"/>
<String CONTENT="1870-" HEIGHT="52" WIDTH="170" VPOS="2372" HPOS="1199"/>
</TextLine>
<TextLine HEIGHT="71" WIDTH="1923" VPOS="2445" HPOS="320" STYLEREFS="StyleId-4042ED94-C62B-44B0-AA24-6B155D859A78-">
<String CONTENT="The" HEIGHT="53" WIDTH="122" VPOS="2446" HPOS="320"/>
<SP HEIGHT="53" WIDTH="26" VPOS="2446" HPOS="443"/>
<String CONTENT="book" HEIGHT="54" WIDTH="148" VPOS="2445" HPOS="470"/>
<SP HEIGHT="54" WIDTH="26" VPOS="2445" HPOS="619"/>
<String CONTENT="of" HEIGHT="54" WIDTH="65" VPOS="2445" HPOS="646"/>
<SP HEIGHT="54" WIDTH="27" VPOS="2445" HPOS="712"/>
<String CONTENT="day;" HEIGHT="65" WIDTH="140" VPOS="2448" HPOS="740"/>
<SP HEIGHT="49" WIDTH="28" VPOS="2464" HPOS="881"/>
<String CONTENT="a" HEIGHT="35" WIDTH="32" VPOS="2465" HPOS="910"/>
<SP HEIGHT="35" WIDTH="28" VPOS="2465" HPOS="943"/>
<String CONTENT="study" HEIGHT="65" WIDTH="173" VPOS="2447" HPOS="972"/>
<SP HEIGHT="66" WIDTH="27" VPOS="2446" HPOS="1146"/>
<String CONTENT="in" HEIGHT="54" WIDTH="60" VPOS="2446" HPOS="1174"/>
<SP HEIGHT="49" WIDTH="27" VPOS="2451" HPOS="1235"/>
<String CONTENT="the" HEIGHT="53" WIDTH="100" VPOS="2446" HPOS="1263"/>
<SP HEIGHT="52" WIDTH="25" VPOS="2447" HPOS="1364"/>
<String CONTENT="Revelation" HEIGHT="52" WIDTH="336" VPOS="2447" HPOS="1390"/>
<SP HEIGHT="34" WIDTH="26" VPOS="2465" HPOS="1727"/>
<String CONTENT="of" HEIGHT="53" WIDTH="64" VPOS="2446" HPOS="1754"/>
<SP HEIGHT="56" WIDTH="30" VPOS="2446" HPOS="1819"/>
<String CONTENT="St." HEIGHT="56" WIDTH="83" VPOS="2446" HPOS="1850"/>
<SP HEIGHT="54" WIDTH="31" VPOS="2448" HPOS="1934"/>
<String CONTENT="John," HEIGHT="68" WIDTH="174" VPOS="2447" HPOS="1966"/>
<SP HEIGHT="67" WIDTH="27" VPOS="2448" HPOS="2141"/>
<String CONTENT="by" HEIGHT="68" WIDTH="74" VPOS="2448" HPOS="2169"/>
</TextLine>
<TextLine HEIGHT="69" WIDTH="1988" VPOS="2523" HPOS="252" STYLEREFS="StyleId-4042ED94-C62B-44B0-AA24-6B155D859A78-" CS="1">
<String CONTENT="Charles" HEIGHT="54" WIDTH="238" VPOS="2524" HPOS="252"/>
<SP HEIGHT="53" WIDTH="33" VPOS="2524" HPOS="491"/>
<String CONTENT="Frederick" HEIGHT="54" WIDTH="311" VPOS="2523" HPOS="525"/>
<SP HEIGHT="55" WIDTH="30" VPOS="2523" HPOS="837"/>
<String CONTENT="Wishart" HEIGHT="55" WIDTH="261" VPOS="2523" HPOS="868"/>
<SP HEIGHT="48" WIDTH="37" VPOS="2529" HPOS="1130"/>
<String CS="1" CONTENT="&#8230;"/>
<SP HEIGHT="54" WIDTH="94" VPOS="2523" HPOS="1225"/>
<String CONTENT="New" HEIGHT="54" WIDTH="139" VPOS="2523" HPOS="1320"/>
<SP HEIGHT="53" WIDTH="38" VPOS="2523" HPOS="1460"/>
<String CONTENT="York," HEIGHT="68" WIDTH="180" VPOS="2523" HPOS="1499"/>
<SP HEIGHT="67" WIDTH="34" VPOS="2524" HPOS="1680"/>
<String CONTENT="London," HEIGHT="68" WIDTH="260" VPOS="2524" HPOS="1715"/>
<SP HEIGHT="68" WIDTH="36" VPOS="2524" HPOS="1976"/>
<String CONTENT="Oxford" HEIGHT="56" WIDTH="227" VPOS="2524" HPOS="2013"/>
</TextLine>
<TextLine HEIGHT="70" WIDTH="699" VPOS="2599" HPOS="248" STYLEREFS="StyleId-4042ED94-C62B-44B0-AA24-6B155D859A78-">
<String CONTENT="university" HEIGHT="70" WIDTH="316" VPOS="2599" HPOS="248"/>
<SP HEIGHT="51" WIDTH="25" VPOS="2618" HPOS="565"/>
<String CONTENT="press," HEIGHT="50" WIDTH="176" VPOS="2618" HPOS="591"/>
<SP HEIGHT="65" WIDTH="28" VPOS="2603" HPOS="768"/>
<String CONTENT="1935." HEIGHT="52" WIDTH="150" VPOS="2603" HPOS="797"/>
</TextLine>
<TextLine HEIGHT="48" WIDTH="585" VPOS="2673" HPOS="326" STYLEREFS="StyleId-4042ED94-C62B-44B0-AA24-6B155D859A78-" CS="1">
<String CONTENT="ix" HEIGHT="39" WIDTH="52" VPOS="2674" HPOS="326"/>
<SP HEIGHT="37" WIDTH="24" VPOS="2684" HPOS="379"/>
<String CONTENT="p.," HEIGHT="37" WIDTH="57" VPOS="2684" HPOS="404"/>
<SP HEIGHT="46" WIDTH="25" VPOS="2675" HPOS="462"/>
<String CONTENT="1" HEIGHT="37" WIDTH="25" VPOS="2675" HPOS="488"/>
<SP HEIGHT="37" WIDTH="23" VPOS="2675" HPOS="514"/>
<String CS="1" CONTENT="l.,"/>
<SP HEIGHT="47" WIDTH="27" VPOS="2673" HPOS="583"/>
<String CONTENT="63" HEIGHT="40" WIDTH="54" VPOS="2673" HPOS="611"/>
<SP HEIGHT="46" WIDTH="26" VPOS="2674" HPOS="666"/>
<String CONTENT="p." HEIGHT="37" WIDTH="43" VPOS="2683" HPOS="693"/>
<SP HEIGHT="38" WIDTH="59" VPOS="2674" HPOS="737"/>
<String CONTENT="19" HEIGHT="39" WIDTH="55" VPOS="2673" HPOS="797"/>
<String STYLE="superscript" CONTENT="cm" HEIGHT="22" WIDTH="43" VPOS="2675" HPOS="854"/>
<String CONTENT="." HEIGHT="8" WIDTH="9" VPOS="2706" HPOS="902"/>
</TextLine>
<TextLine HEIGHT="40" WIDTH="419" VPOS="2729" HPOS="327">
<String CONTENT="&#8220;First" HEIGHT="40" WIDTH="161" VPOS="2729" HPOS="327"/>
<SP HEIGHT="37" WIDTH="31" VPOS="2732" HPOS="489"/>
<String CONTENT="edition.&#8221;" HEIGHT="40" WIDTH="225" VPOS="2729" HPOS="521"/>
</TextLine>
<TextLine HEIGHT="53" WIDTH="1989" VPOS="2796" HPOS="253" CS="1">
<String CONTENT="&#169;" HEIGHT="53" WIDTH="54" VPOS="2796" HPOS="253"/>
<SP HEIGHT="53" WIDTH="33" VPOS="2796" HPOS="308"/>
<String CONTENT="Mar." HEIGHT="38" WIDTH="121" VPOS="2801" HPOS="342"/>
<SP HEIGHT="39" WIDTH="34" VPOS="2800" HPOS="464"/>
<String CONTENT="21," HEIGHT="46" WIDTH="70" VPOS="2800" HPOS="499"/>
<SP HEIGHT="46" WIDTH="33" VPOS="2800" HPOS="570"/>
<String CONTENT="1935;" HEIGHT="48" WIDTH="141" VPOS="2798" HPOS="604"/>
<SP HEIGHT="47" WIDTH="36" VPOS="2799" HPOS="746"/>
<String CONTENT="2c." HEIGHT="39" WIDTH="66" VPOS="2799" HPOS="783"/>
<SP HEIGHT="28" WIDTH="34" VPOS="2810" HPOS="850"/>
<String CONTENT="and" HEIGHT="39" WIDTH="96" VPOS="2800" HPOS="885"/>
<SP HEIGHT="39" WIDTH="34" VPOS="2800" HPOS="982"/>
<String CS="1" CONTENT="aff."/>
<SP HEIGHT="39" WIDTH="37" VPOS="2800" HPOS="1099"/>
<String CONTENT="Mar." HEIGHT="39" WIDTH="120" VPOS="2800" HPOS="1137"/>
<SP HEIGHT="41" WIDTH="34" VPOS="2798" HPOS="1258"/>
<String CONTENT="27;" HEIGHT="48" WIDTH="83" VPOS="2798" HPOS="1293"/>
<SP HEIGHT="47" WIDTH="36" VPOS="2799" HPOS="1377"/>
<!-- cceid 8B8C3C21-6D82-1014-B070-FDFD250A9EDA --><String CONTENT="A" HEIGHT="39" WIDTH="40" VPOS="2799" HPOS="1414"/>
<SP HEIGHT="41" WIDTH="36" VPOS="2799" HPOS="1455"/>
<String CONTENT="82161;" HEIGHT="47" WIDTH="169" VPOS="2799" HPOS="1492"/>
<SP HEIGHT="46" WIDTH="39" VPOS="2800" HPOS="1662"/>
<String CONTENT="Oxford" HEIGHT="41" WIDTH="187" VPOS="2799" HPOS="1702"/>
<SP HEIGHT="39" WIDTH="36" VPOS="2801" HPOS="1890"/>
<String CONTENT="univ." HEIGHT="43" WIDTH="126" VPOS="2798" HPOS="1927"/>
<SP HEIGHT="38" WIDTH="37" VPOS="2810" HPOS="2054"/>
<String CONTENT="press," HEIGHT="39" WIDTH="150" VPOS="2810" HPOS="2092"/>
</TextLine>
<TextLine HEIGHT="48" WIDTH="725" VPOS="2855" HPOS="322">
<String CONTENT="New" HEIGHT="39" WIDTH="118" VPOS="2858" HPOS="322"/>
<SP HEIGHT="41" WIDTH="23" VPOS="2856" HPOS="441"/>
<String CONTENT="York," HEIGHT="47" WIDTH="145" VPOS="2856" HPOS="465"/>
<SP HEIGHT="47" WIDTH="25" VPOS="2856" HPOS="611"/>
<String CONTENT="inc." HEIGHT="39" WIDTH="89" VPOS="2856" HPOS="637"/>
<SP HEIGHT="47" WIDTH="70" VPOS="2856" HPOS="727"/>
<String CONTENT="(35-4773)" HEIGHT="48" WIDTH="249" VPOS="2855" HPOS="798"/>
</TextLine>
<TextLine HEIGHT="65" WIDTH="879" VPOS="2958" HPOS="252" STYLEREFS="StyleId-B02C2107-2279-4572-AF4A-DEF774BD0C41-">
<String CONTENT="Wood," HEIGHT="65" WIDTH="198" VPOS="2958" HPOS="252"/>
<SP HEIGHT="64" WIDTH="29" VPOS="2959" HPOS="451"/>
<String CONTENT="Karl" HEIGHT="52" WIDTH="145" VPOS="2959" HPOS="481"/>
<SP HEIGHT="52" WIDTH="27" VPOS="2959" HPOS="627"/>
<String CONTENT="Dawson," HEIGHT="62" WIDTH="271" VPOS="2960" HPOS="655"/>
<SP HEIGHT="58" WIDTH="32" VPOS="2964" HPOS="927"/>
<String CONTENT="1898-" HEIGHT="49" WIDTH="171" VPOS="2964" HPOS="960"/>
</TextLine>
<TextLine HEIGHT="71" WIDTH="1917" VPOS="3032" HPOS="326" STYLEREFS="StyleId-4042ED94-C62B-44B0-AA24-6B155D859A78-">
<String CONTENT="Elementary" HEIGHT="67" WIDTH="366" VPOS="3035" HPOS="326"/>
<SP HEIGHT="49" WIDTH="24" VPOS="3053" HPOS="693"/>
<String CONTENT="aerodynamics;" HEIGHT="71" WIDTH="451" VPOS="3032" HPOS="718"/>
<SP HEIGHT="47" WIDTH="28" VPOS="3052" HPOS="1170"/>
<String CONTENT="a" HEIGHT="33" WIDTH="31" VPOS="3054" HPOS="1199"/>
<SP HEIGHT="48" WIDTH="26" VPOS="3040" HPOS="1231"/>
<String CONTENT="textbook" HEIGHT="54" WIDTH="265" VPOS="3034" HPOS="1258"/>
<SP HEIGHT="53" WIDTH="28" VPOS="3033" HPOS="1524"/>
<String CONTENT="for" HEIGHT="55" WIDTH="94" VPOS="3033" HPOS="1553"/>
<SP HEIGHT="35" WIDTH="26" VPOS="3052" HPOS="1648"/>
<String CONTENT="student" HEIGHT="55" WIDTH="228" VPOS="3033" HPOS="1675"/>
<SP HEIGHT="63" WIDTH="24" VPOS="3040" HPOS="1904"/>
<String CONTENT="pilots" HEIGHT="69" WIDTH="173" VPOS="3034" HPOS="1929"/>
<SP HEIGHT="35" WIDTH="27" VPOS="3053" HPOS="2103"/>
<String CONTENT="and" HEIGHT="54" WIDTH="112" VPOS="3035" HPOS="2131"/>
</TextLine>
<TextLine HEIGHT="71" WIDTH="1923" VPOS="3110" HPOS="256" STYLEREFS="StyleId-4042ED94-C62B-44B0-AA24-6B155D859A78-" CS="1">
<String CONTENT="mechanics." HEIGHT="54" WIDTH="328" VPOS="3111" HPOS="256"/>
<SP HEIGHT="52" WIDTH="73" VPOS="3112" HPOS="585"/>
<String CONTENT="By" HEIGHT="66" WIDTH="91" VPOS="3112" HPOS="659"/>
<SP HEIGHT="67" WIDTH="34" VPOS="3111" HPOS="751"/>
<String CONTENT="Karl" HEIGHT="53" WIDTH="146" VPOS="3110" HPOS="786"/>
<SP HEIGHT="53" WIDTH="35" VPOS="3110" HPOS="933"/>
<String CONTENT="D." HEIGHT="52" WIDTH="70" VPOS="3112" HPOS="969"/>
<SP HEIGHT="52" WIDTH="36" VPOS="3112" HPOS="1040"/>
<String CONTENT="Wood" HEIGHT="53" WIDTH="183" VPOS="3111" HPOS="1077"/>
<SP HEIGHT="54" WIDTH="40" VPOS="3111" HPOS="1261"/>
<String CS="1" CONTENT="&#8230;"/>
<SP HEIGHT="34" WIDTH="41" VPOS="3132" HPOS="1359"/>
<String CONTENT="and" HEIGHT="54" WIDTH="114" VPOS="3112" HPOS="1401"/>
<SP HEIGHT="53" WIDTH="34" VPOS="3111" HPOS="1516"/>
<String CONTENT="Wm." HEIGHT="53" WIDTH="147" VPOS="3111" HPOS="1551"/>
<SP HEIGHT="51" WIDTH="35" VPOS="3111" HPOS="1699"/>
<String CONTENT="B." HEIGHT="54" WIDTH="67" VPOS="3111" HPOS="1735"/>
<SP HEIGHT="53" WIDTH="35" VPOS="3112" HPOS="1803"/>
<String CONTENT="Wheatley" HEIGHT="70" WIDTH="297" VPOS="3111" HPOS="1839"/>
<SP HEIGHT="49" WIDTH="42" VPOS="3132" HPOS="2137"/>
<String CS="1" CONTENT="&#8230;"/>
</TextLine>
<TextLine HEIGHT="66" WIDTH="1069" VPOS="3188" HPOS="257" STYLEREFS="StyleId-4042ED94-C62B-44B0-AA24-6B155D859A78-" CS="1">
<String CONTENT="Ithaca," HEIGHT="65" WIDTH="216" VPOS="3189" HPOS="257"/>
<SP HEIGHT="66" WIDTH="28" VPOS="3188" HPOS="474"/>
<String CONTENT="N." HEIGHT="51" WIDTH="68" VPOS="3188" HPOS="503"/>
<SP HEIGHT="51" WIDTH="34" VPOS="3189" HPOS="572"/>
<String CS="1" CONTENT="Y.," HEIGHT="51" WIDTH="55" VPOS="3189" HPOS="607"/>
<SP HEIGHT="54" WIDTH="30" VPOS="3189" HPOS="696"/>
<String CONTENT="The" HEIGHT="52" WIDTH="120" VPOS="3189" HPOS="727"/>
<SP HEIGHT="34" WIDTH="28" VPOS="3207" HPOS="848"/>
<String CONTENT="authors," HEIGHT="65" WIDTH="247" VPOS="3189" HPOS="877"/>
<SP HEIGHT="58" WIDTH="29" VPOS="3196" HPOS="1125"/>
<String STYLE="superscript" CONTENT="c" HEIGHT="21" WIDTH="18" VPOS="3196" HPOS="1155"/>
<String CONTENT="1935." HEIGHT="49" WIDTH="148" VPOS="3191" HPOS="1178"/>
</TextLine>
<TextLine HEIGHT="49" WIDTH="679" VPOS="3259" HPOS="327" CS="1">
<String CONTENT="1" HEIGHT="39" WIDTH="26" VPOS="3260" HPOS="327"/>
<SP/>
<String CONTENT="v." HEIGHT="29" WIDTH="43" VPOS="3271" HPOS="381"/>
<SP HEIGHT="40" WIDTH="57" VPOS="3260" HPOS="425"/>
<String CONTENT="illus.," HEIGHT="47" WIDTH="141" VPOS="3260" HPOS="483"/>
<SP HEIGHT="46" WIDTH="28" VPOS="3261" HPOS="625"/>
<String CONTENT="diagrs." HEIGHT="47" WIDTH="178" VPOS="3261" HPOS="654"/>
<SP HEIGHT="40" WIDTH="57" VPOS="3259" HPOS="833"/>
<String CONTENT="26" HEIGHT="40" WIDTH="58" VPOS="3259" HPOS="891"/>
<String STYLE="superscript" CONTENT="cm" HEIGHT="22" WIDTH="44" VPOS="3262" HPOS="949"/>
<String CONTENT="." HEIGHT="9" WIDTH="9" VPOS="3292" HPOS="997"/>
</TextLine>
<TextLine HEIGHT="47" WIDTH="728" VPOS="3316" HPOS="327">
<String CONTENT="Loose-leaf;" HEIGHT="47" WIDTH="297" VPOS="3316" HPOS="327"/>
<SP HEIGHT="36" WIDTH="27" VPOS="3327" HPOS="625"/>
<String CONTENT="mimeographed." HEIGHT="47" WIDTH="402" VPOS="3316" HPOS="653"/>
</TextLine>
<TextLine HEIGHT="48" WIDTH="1907" VPOS="3373" HPOS="330">
<String CONTENT="&#8220;This" HEIGHT="39" WIDTH="145" VPOS="3373" HPOS="330"/>
<SP HEIGHT="38" WIDTH="27" VPOS="3375" HPOS="476"/>
<String CONTENT="textbook" HEIGHT="40" WIDTH="227" VPOS="3373" HPOS="504"/>
<SP HEIGHT="39" WIDTH="30" VPOS="3373" HPOS="732"/>
<String CONTENT="is" HEIGHT="39" WIDTH="41" VPOS="3373" HPOS="763"/>
<SP HEIGHT="39" WIDTH="27" VPOS="3373" HPOS="805"/>
<String CONTENT="introductory" HEIGHT="46" WIDTH="333" VPOS="3373" HPOS="833"/>
<SP HEIGHT="45" WIDTH="29" VPOS="3374" HPOS="1167"/>
<String CONTENT="to" HEIGHT="38" WIDTH="46" VPOS="3374" HPOS="1197"/>
<SP HEIGHT="38" WIDTH="29" VPOS="3375" HPOS="1244"/>
<String CONTENT="the" HEIGHT="39" WIDTH="81" VPOS="3374" HPOS="1274"/>
<SP HEIGHT="39" WIDTH="27" VPOS="3374" HPOS="1356"/>
<String CONTENT="books" HEIGHT="40" WIDTH="147" VPOS="3373" HPOS="1384"/>
<SP HEIGHT="39" WIDTH="27" VPOS="3374" HPOS="1532"/>
<String CONTENT="&#8216;Technical" HEIGHT="40" WIDTH="269" VPOS="3374" HPOS="1560"/>
<SP HEIGHT="38" WIDTH="29" VPOS="3376" HPOS="1830"/>
<String CONTENT="aerodynamics&#8217;" HEIGHT="47" WIDTH="377" VPOS="3374" HPOS="1860"/>
</TextLine>
<TextLine HEIGHT="48" WIDTH="1345" VPOS="3428" HPOS="258">
<String CONTENT="and" HEIGHT="39" WIDTH="93" VPOS="3429" HPOS="258"/>
<SP HEIGHT="40" WIDTH="28" VPOS="3428" HPOS="352"/>
<String CONTENT="&#8216;Airplane" HEIGHT="48" WIDTH="245" VPOS="3428" HPOS="381"/>
<SP HEIGHT="38" WIDTH="25" VPOS="3430" HPOS="627"/>
<String CONTENT="design&#8217;" HEIGHT="48" WIDTH="180" VPOS="3428" HPOS="653"/>
<SP HEIGHT="39" WIDTH="26" VPOS="3428" HPOS="834"/>
<String CONTENT="by" HEIGHT="48" WIDTH="58" VPOS="3428" HPOS="861"/>
<SP HEIGHT="45" WIDTH="26" VPOS="3431" HPOS="920"/>
<String CONTENT="the" HEIGHT="39" WIDTH="82" VPOS="3429" HPOS="947"/>
<SP HEIGHT="40" WIDTH="25" VPOS="3428" HPOS="1030"/>
<String CONTENT="first" HEIGHT="41" WIDTH="105" VPOS="3428" HPOS="1056"/>
<SP HEIGHT="38" WIDTH="29" VPOS="3431" HPOS="1162"/>
<String CONTENT="author.&#8221;&#8212;Pref." HEIGHT="42" WIDTH="411" VPOS="3428" HPOS="1192"/>
</TextLine>
<TextLine HEIGHT="52" WIDTH="1979" VPOS="3498" HPOS="257">
<String CONTENT="&#169;" HEIGHT="52" WIDTH="52" VPOS="3498" HPOS="257"/>
<SP HEIGHT="52" WIDTH="22" VPOS="3498" HPOS="310"/>
<String CONTENT="Feb." HEIGHT="39" WIDTH="108" VPOS="3502" HPOS="333"/>
<SP HEIGHT="40" WIDTH="22" VPOS="3500" HPOS="442"/>
<String CONTENT="26," HEIGHT="47" WIDTH="68" VPOS="3500" HPOS="465"/>
<SP HEIGHT="44" WIDTH="23" VPOS="3503" HPOS="534"/>
<String CONTENT="1935;" HEIGHT="47" WIDTH="140" VPOS="3501" HPOS="558"/>
<SP HEIGHT="46" WIDTH="24" VPOS="3502" HPOS="699"/>
<String CONTENT="2c." HEIGHT="39" WIDTH="65" VPOS="3502" HPOS="724"/>
<SP HEIGHT="29" WIDTH="23" VPOS="3512" HPOS="790"/>
<String CONTENT="and" HEIGHT="39" WIDTH="93" VPOS="3502" HPOS="814"/>
<SP HEIGHT="38" WIDTH="23" VPOS="3502" HPOS="908"/>
<String CONTENT="aff." HEIGHT="41" WIDTH="80" VPOS="3499" HPOS="932"/>
<SP HEIGHT="40" WIDTH="23" VPOS="3500" HPOS="1013"/>
<String CONTENT="Feb." HEIGHT="40" WIDTH="108" VPOS="3500" HPOS="1037"/>
<SP HEIGHT="37" WIDTH="23" VPOS="3501" HPOS="1146"/>
<String CONTENT="28;" HEIGHT="47" WIDTH="82" VPOS="3500" HPOS="1170"/>
<SP HEIGHT="46" WIDTH="26" VPOS="3501" HPOS="1253"/>
<!-- cceid 8B8CD7BA-6D82-1014-B070-FDFD250A9EDA --><String CONTENT="A" HEIGHT="38" WIDTH="40" VPOS="3501" HPOS="1280"/>
<SP HEIGHT="40" WIDTH="23" VPOS="3501" HPOS="1321"/>
<String CONTENT="79857;" HEIGHT="48" WIDTH="167" VPOS="3500" HPOS="1345"/>
<SP HEIGHT="46" WIDTH="27" VPOS="3502" HPOS="1513"/>
<String CONTENT="K." HEIGHT="39" WIDTH="57" VPOS="3502" HPOS="1541"/>
<SP HEIGHT="38" WIDTH="25" VPOS="3503" HPOS="1599"/>
<String CONTENT="D." HEIGHT="38" WIDTH="54" VPOS="3503" HPOS="1625"/>
<SP HEIGHT="39" WIDTH="25" VPOS="3503" HPOS="1680"/>
<String CONTENT="Wood," HEIGHT="48" WIDTH="163" VPOS="3501" HPOS="1706"/>
<SP HEIGHT="45" WIDTH="24" VPOS="3504" HPOS="1870"/>
<String CONTENT="Ithaca," HEIGHT="41" WIDTH="183" VPOS="3503" HPOS="1895"/>
<SP HEIGHT="41" WIDTH="25" VPOS="3503" HPOS="2079"/>
<String CONTENT="N." HEIGHT="38" WIDTH="54" VPOS="3503" HPOS="2105"/>
<SP HEIGHT="38" WIDTH="25" VPOS="3503" HPOS="2160"/>
<String CONTENT="Y." HEIGHT="38" WIDTH="50" VPOS="3503" HPOS="2186"/>
</TextLine>
<TextLine HEIGHT="48" WIDTH="249" VPOS="3558" HPOS="337">
<String CONTENT="(35-5846)" HEIGHT="48" WIDTH="249" VPOS="3558" HPOS="337"/>
</TextLine>
<TextLine HEIGHT="65" WIDTH="908" VPOS="3659" HPOS="259" STYLEREFS="StyleId-B02C2107-2279-4572-AF4A-DEF774BD0C41-">
<String CONTENT="Wood," HEIGHT="62" WIDTH="194" VPOS="3659" HPOS="259"/>
<SP HEIGHT="61" WIDTH="30" VPOS="3660" HPOS="454"/>
<String CONTENT="Leland" HEIGHT="54" WIDTH="218" VPOS="3659" HPOS="485"/>
<SP HEIGHT="52" WIDTH="32" VPOS="3661" HPOS="704"/>
<String CONTENT="Foster," HEIGHT="64" WIDTH="227" VPOS="3660" HPOS="737"/>
<SP HEIGHT="59" WIDTH="32" VPOS="3665" HPOS="965"/>
<String CONTENT="1885-" HEIGHT="49" WIDTH="169" VPOS="3665" HPOS="998"/>
</TextLine>
<TextLine HEIGHT="70" WIDTH="1907" VPOS="3734" HPOS="328" STYLEREFS="StyleId-4042ED94-C62B-44B0-AA24-6B155D859A78-">
<String CONTENT="Foundations" HEIGHT="52" WIDTH="390" VPOS="3735" HPOS="328"/>
<SP HEIGHT="33" WIDTH="43" VPOS="3755" HPOS="719"/>
<String CONTENT="of" HEIGHT="52" WIDTH="63" VPOS="3736" HPOS="763"/>
<SP HEIGHT="52" WIDTH="39" VPOS="3736" HPOS="827"/>
<String CONTENT="happiness" HEIGHT="67" WIDTH="306" VPOS="3736" HPOS="867"/>
<SP HEIGHT="54" WIDTH="41" VPOS="3734" HPOS="1174"/>
<String CONTENT="in" HEIGHT="53" WIDTH="59" VPOS="3734" HPOS="1216"/>
<SP HEIGHT="34" WIDTH="40" VPOS="3754" HPOS="1276"/>
<String CONTENT="marriage," HEIGHT="68" WIDTH="298" VPOS="3736" HPOS="1317"/>
<SP HEIGHT="67" WIDTH="40" VPOS="3736" HPOS="1616"/>
<String CONTENT="by" HEIGHT="68" WIDTH="76" VPOS="3736" HPOS="1657"/>
<SP HEIGHT="66" WIDTH="40" VPOS="3738" HPOS="1734"/>
<String CONTENT="Leland" HEIGHT="53" WIDTH="218" VPOS="3736" HPOS="1775"/>
<SP HEIGHT="52" WIDTH="40" VPOS="3738" HPOS="1994"/>
<String CONTENT="Foster" HEIGHT="52" WIDTH="200" VPOS="3738" HPOS="2035"/>
</TextLine>
<TextLine HEIGHT="68" WIDTH="1975" VPOS="3812" HPOS="257" STYLEREFS="StyleId-4042ED94-C62B-44B0-AA24-6B155D859A78-" CS="1">
<String CONTENT="Wood" HEIGHT="53" WIDTH="181" VPOS="3812" HPOS="257"/>
<SP HEIGHT="49" WIDTH="37" VPOS="3814" HPOS="439"/>
<String CS="1" CONTENT="&#8230;"/>
<SP HEIGHT="50" WIDTH="77" VPOS="3813" HPOS="533"/>
<String CONTENT="Providence," HEIGHT="64" WIDTH="364" VPOS="3813" HPOS="611"/>
<SP HEIGHT="61" WIDTH="29" VPOS="3816" HPOS="976"/>
<String CONTENT="R." HEIGHT="49" WIDTH="66" VPOS="3816" HPOS="1006"/>
<SP HEIGHT="50" WIDTH="30" VPOS="3814" HPOS="1073"/>
<String CONTENT="I.," HEIGHT="55" WIDTH="66" VPOS="3814" HPOS="1104"/>
<SP HEIGHT="53" WIDTH="28" VPOS="3816" HPOS="1171"/>
<String CONTENT="The" HEIGHT="50" WIDTH="120" VPOS="3814" HPOS="1200"/>
<SP HEIGHT="49" WIDTH="28" VPOS="3815" HPOS="1321"/>
<String CONTENT="Roger" HEIGHT="64" WIDTH="188" VPOS="3815" HPOS="1350"/>
<SP HEIGHT="51" WIDTH="26" VPOS="3816" HPOS="1539"/>
<String CONTENT="Williams" HEIGHT="54" WIDTH="286" VPOS="3813" HPOS="1566"/>
<SP HEIGHT="49" WIDTH="27" VPOS="3831" HPOS="1853"/>
<String CONTENT="press," HEIGHT="49" WIDTH="173" VPOS="3831" HPOS="1881"/>
<SP HEIGHT="59" WIDTH="29" VPOS="3819" HPOS="2055"/>
<String CONTENT="1934." HEIGHT="47" WIDTH="147" VPOS="3819" HPOS="2085"/>
</TextLine>
<TextLine HEIGHT="48" WIDTH="583" VPOS="3883" HPOS="331" STYLEREFS="StyleId-4042ED94-C62B-44B0-AA24-6B155D859A78-" CS="1">
<String CONTENT="1" HEIGHT="38" WIDTH="24" VPOS="3884" HPOS="331"/>
<SP HEIGHT="47" WIDTH="28" VPOS="3884" HPOS="356"/>
<String CONTENT="p." HEIGHT="36" WIDTH="42" VPOS="3895" HPOS="385"/>
<SP HEIGHT="41" WIDTH="26" VPOS="3883" HPOS="428"/>
<String CS="1" CONTENT="l.,"/>
<SP HEIGHT="44" WIDTH="27" VPOS="3885" HPOS="501"/>
<String CONTENT="7-93" HEIGHT="41" WIDTH="112" VPOS="3883" HPOS="529"/>
<SP HEIGHT="47" WIDTH="26" VPOS="3884" HPOS="642"/>
<String CONTENT="p." HEIGHT="36" WIDTH="42" VPOS="3895" HPOS="669"/>
<SP HEIGHT="41" WIDTH="59" VPOS="3883" HPOS="712"/>
<String CS="1" CONTENT="18&#189;"/>
<String STYLE="superscript" CONTENT="cm" HEIGHT="21" WIDTH="43" VPOS="3887" HPOS="858"/>
<String CONTENT="." HEIGHT="8" WIDTH="8" VPOS="3916" HPOS="906"/>
</TextLine>
<TextLine HEIGHT="53" WIDTH="1977" VPOS="3949" HPOS="259" CS="1">
<String CONTENT="&#169;" HEIGHT="52" WIDTH="52" VPOS="3949" HPOS="259"/>
<SP HEIGHT="52" WIDTH="18" VPOS="3949" HPOS="312"/>
<String CONTENT="Dec." HEIGHT="39" WIDTH="111" VPOS="3954" HPOS="331"/>
<SP HEIGHT="38" WIDTH="22" VPOS="3954" HPOS="443"/>
<String CONTENT="17," HEIGHT="47" WIDTH="67" VPOS="3954" HPOS="466"/>
<SP HEIGHT="47" WIDTH="22" VPOS="3954" HPOS="534"/>
<String CS="1" CONTENT="1934;" HEIGHT="41" WIDTH="112" VPOS="3953" HPOS="557"/>
<SP HEIGHT="45" WIDTH="24" VPOS="3954" HPOS="698"/>
<String CONTENT="2c." HEIGHT="40" WIDTH="66" VPOS="3954" HPOS="723"/>
<SP HEIGHT="40" WIDTH="23" VPOS="3954" HPOS="790"/>
<String CONTENT="Jan." HEIGHT="40" WIDTH="107" VPOS="3954" HPOS="814"/>
<SP HEIGHT="40" WIDTH="23" VPOS="3954" HPOS="922"/>
<String CONTENT="9," HEIGHT="48" WIDTH="40" VPOS="3954" HPOS="946"/>
<SP HEIGHT="47" WIDTH="23" VPOS="3955" HPOS="987"/>
<String CONTENT="1935;" HEIGHT="47" WIDTH="139" VPOS="3954" HPOS="1011"/>
<SP HEIGHT="36" WIDTH="24" VPOS="3965" HPOS="1151"/>
<String CONTENT="aff." HEIGHT="41" WIDTH="81" VPOS="3953" HPOS="1176"/>
<SP HEIGHT="39" WIDTH="23" VPOS="3954" HPOS="1258"/>
<String CONTENT="Feb." HEIGHT="40" WIDTH="109" VPOS="3954" HPOS="1282"/>
<SP HEIGHT="40" WIDTH="24" VPOS="3954" HPOS="1392"/>
<String CONTENT="11;" HEIGHT="46" WIDTH="80" VPOS="3954" HPOS="1417"/>
<SP HEIGHT="45" WIDTH="24" VPOS="3955" HPOS="1498"/>
<!-- cceid 8B8D7102-6D82-1014-B070-FDFD250A9EDA --><String CONTENT="A" HEIGHT="39" WIDTH="40" VPOS="3955" HPOS="1523"/>
<SP HEIGHT="40" WIDTH="21" VPOS="3955" HPOS="1564"/>
<String CONTENT="80388;" HEIGHT="50" WIDTH="169" VPOS="3952" HPOS="1586"/>
<SP HEIGHT="47" WIDTH="26" VPOS="3955" HPOS="1756"/>
<String CONTENT="L." HEIGHT="39" WIDTH="48" VPOS="3955" HPOS="1783"/>
<SP HEIGHT="40" WIDTH="25" VPOS="3954" HPOS="1832"/>
<String CONTENT="F." HEIGHT="39" WIDTH="49" VPOS="3954" HPOS="1858"/>
<SP HEIGHT="40" WIDTH="25" VPOS="3955" HPOS="1908"/>
<String CONTENT="Wood," HEIGHT="45" WIDTH="162" VPOS="3955" HPOS="1934"/>
<SP HEIGHT="46" WIDTH="22" VPOS="3954" HPOS="2097"/>
<String CONTENT="New" HEIGHT="38" WIDTH="116" VPOS="3954" HPOS="2120"/>
</TextLine>
<TextLine HEIGHT="51" WIDTH="463" VPOS="4009" HPOS="326">
<String CONTENT="York." HEIGHT="38" WIDTH="143" VPOS="4010" HPOS="326"/>
<SP HEIGHT="47" WIDTH="69" VPOS="4009" HPOS="470"/>
<String CONTENT="(35-5713)" HEIGHT="51" WIDTH="249" VPOS="4009" HPOS="540"/>
</TextLine>
</TextBlock>
</PrintSpace>
</Page>
</Layout>
</alto>