2424 4375
1126 4065 97 47 913

187 442 291 64 Accepted
520 444 192 52 dental
752 442 285 66 remedies,
1077 443 331 67 containing
1446 461 30 32 a
1516 443 97 51 list
1651 442 63 54 of
1752 440 198 55 official
1989 442 174 67 drugs

255 522 236 51 selected
528 528 58 45 to
626 526 254 61 promote
920 540 32 31 a
989 520 246 53 rational
1273 521 193 50 dental
1502 520 237 52 materia
1779 521 234 59 medica,
2052 520 111 51 and

249 597 371 68 descriptions
661 598 62 52 of
765 598 318 67 acceptable
1125 594 315 56 nonofficial
1483 597 240 54 articles.
1803 600 149 49 1934.

248 596 1893 147 Chicago,
438 677 112 65 Ill.,
587 676 237 54 Council
861 694 69 35 on
967 676 193 52 dental
1196 676 399 67 therapeutics,
1631 676 304 52 American
1973 676 191 51 dental

249 755 336 52 association
616 756 191 64 [c1934]

252 827 85 40 204
368 838 42 37 p.
470 826 143 41 18½cm.

252 884 222 39 Includes
502 882 387 49 bibliographies.

182 949 52 52 ©
261 953 118 47 Aug.
410 952 38 46 6,
480 951 113 41 1934;
649 952 66 40 2c.
749 952 124 47 Sept.
905 953 57 38 17;
1018 952 82 40 aff.
1133 952 127 49 Sept.
1291 952 54 39 15;
1406 953 41 38 A
1476 952 146 39 75365;
1681 951 199 41 Council
1911 963 60 28 on
2002 950 163 40 dental

250 1009 341 48 therapeutics,
622 1009 157 39 Amer.
814 1010 163 39 dental
1010 1018 127 31 assn.

179 1113 314 52 American
519 1111 221 54 Jewish
769 1112 353 54 committee.

249 1189 120 51 The
398 1189 152 53 Jews
579 1188 59 51 in
669 1188 142 52 Nazi
842 1187 316 67 Germany;
1192 1207 31 33 a
1253 1187 303 53 handbook
1586 1187 63 53 of
1681 1187 147 54 facts
1857 1188 308 68 regarding

179 1266 148 53 their
377 1270 224 63 present
651 1264 288 54 situation.
1014 1265 137 52 New
1201 1264 178 68 York,
1430 1264 120 53 The
1597 1263 304 54 American
1951 1266 212 52 Jewish

178 1343 332 67 committee,
550 1346 149 49 1935.

286 1448 8 15 x,
325 1417 86 40 177
440 1428 43 37 p.
544 1416 176 48 diagrs.
781 1416 144 41 21½cm.

252 1473 144 40 “This
436 1472 297 48 publication
775 1473 325 46 supplements
1141 1474 95 39 and
1274 1471 165 48 brings
1478 1483 65 37 up
1580 1473 47 39 to
1667 1471 113 41 date
1819 1472 85 39 the
1940 1473 225 40 material

181 1527 1981 49 in a book of the same title, which was issued … in June, 1933.”—Pref.
252 1587 151 39 “Text
434 1586 51 41 of
516 1587 118 38 laws
667 1585 230 48 affecting
926 1586 129 39 Jews
1097 1584 409 49 (translation)”:
1541 1596 41 37 p.
1614 1585 214 40 123-177.

251 1641 133 40 “List
412 1641 53 40 of
493 1642 160 38 recent
684 1641 206 40 German
919 1640 176 40 books”:
1154 1651 42 37 p.
1227 1640 157 40 64-66.

182 1707 52 52 ©
259 1712 113 47 May
399 1711 38 47 6,
466 1711 139 46 1935;
636 1711 67 39 2c.
731 1711 95 39 and
855 1710 80 40 aff.
964 1711 114 47 May
1103 1710 81 47 28;
1214 1711 41 38 A
1282 1709 143 42 81987;
1481 1711 157 39 Amer.
1667 1711 182 40 Jewish
1878 1710 285 42 committee.

263 1767 248 49 (35-9568)

178 1870 326 64 Anderson,
535 1870 332 64 Sherwood,
900 1871 171 54 1876-

255 1945 1913 71 No swank [by] Sherwood Anderson. Philadelphia, The
188 2025 248 55 Centaur
466 2045 173 49 press,
665 2029 150 49 1934.

247 2099 64 46 ix,
346 2099 87 41 130
462 2110 43 36 p.
565 2099 144 39 19½cm.

247 2156 100 39 The
373 2154 215 41 author’s
617 2154 313 49 impressions
957 2154 54 41 of
1033 2154 304 41 well-known
1366 2165 211 37 persons.

179 2222 55 52 ©
268 2227 111 39 Dec.
415 2227 39 44 3,
489 2225 139 47 1934;
665 2225 67 40 2c.
769 2226 113 46 July
918 2225 38 47 8,
992 2223 139 49 1935;
1170 2225 81 39 aff.
1290 2225 115 47 July
1441 2225 51 46 6;
1532 2225 41 39 A
1609 2225 168 41 84555:
1820 2225 43 41 S.
1899 2226 264 46 Anderson,

247 2283 277 41 Troutdale.
554 2283 84 39 Va.
712 2281 248 48 (35-9580)

178 2386 209 63 Baker,
416 2387 253 52 Howard
699 2385 270 63 Edward,
998 2386 83 52 ed.

246 2463 140 53 War
442 2462 438 68 reminiscences,
934 2463 266 53 collected
1255 2463 112 52 and
1421 2462 301 67 published
1775 2463 78 67 by
1906 2465 252 52 Howard

181 2541 249 52 Edward
460 2540 204 53 Baker.
730 2539 423 69 Farmingdale,
1181 2541 69 53 N.
1283 2542 89 65 Y.,
1401 2541 121 52 The
1552 2540 156 53 Park
1736 2558 173 50 press,
1943 2546 148 48 1935.

251 2614 84 39 124
363 2625 57 37 p.,
450 2614 24 38 1
526 2645 8 8 l.
593 2612 56 40 20½cm.

252 2672 182 39 Poems.

182 2737 52 52 ©
256 2742 128 39 June
402 2740 69 47 26,
495 2740 111 40 1935;
659 2739 64 40 2c.
750 2740 114 47 July
886 2740 27 39 3:
966 2738 81 40 aff.
1073 2739 115 47 July
1210 2738 26 38 2;
1288 2738 38 39 A
1352 2738 169 46 83870;
1548 2740 59 38 H.
1633 2740 52 38 E.
1709 2740 174 46 Baker,
1910 2740 252 48 Bellmore,

251 2798 55 39 N.
333 2798 53 39 Y.
457 2795 249 49 (35-9453)

179 2900 218 64 Bakke,
427 2900 251 53 Edward
706 2899 222 64 Wight.

250 2978 306 51 Insurance
594 2995 63 34 or
696 2974 159 54 dole?
932 2973 120 54 The
1092 2973 348 68 adjustment
1479 2974 64 53 of
1581 2973 461 69 unemployment

180 2976 1955 131 insurance
460 3056 56 50 to
565 3052 280 53 economic
892 3053 111 52 and
1051 3051 172 53 social
1271 3051 146 53 facts
1465 3052 59 53 in
1573 3050 176 55 Great
1795 3051 248 63 Britain,
2090 3053 72 66 by

183 3129 1980 69 E. Wight Bakke … New Haven, Pub. for the Institute of
181 3208 209 54 human
420 3207 269 54 relations
717 3208 75 67 by
824 3207 143 53 Yale
997 3206 316 68 university
1344 3225 172 49 press,
1549 3209 149 52 1935.

252 3278 1167 52 xii p., 1 l., 280 p. diagrs. (1 fold.) 23½cm.
253 3339 99 40 The
394 3340 195 46 present
627 3337 294 48 monograph
964 3335 249 41 continues
1253 3336 81 40 the
1376 3337 162 46 report
1580 3335 49 39 of
1670 3335 206 49 findings
1919 3337 151 46 begun
2115 3338 46 39 in

184 3395 80 39 the
308 3393 215 41 author’s
567 3394 157 46 study,
770 3393 126 39 “The
940 3393 313 46 unemployed
1298 3391 154 47 man”,
1496 3391 106 39 first
1648 3390 248 48 published
1942 3393 47 40 in
2037 3395 123 40 1933.

183 3449 61 47 cf.
281 3451 129 39 Pref.

184 3503 52 52 ©
262 3508 78 38 May
398 3506 68 47 28,
494 3505 138 47 1935;
661 3505 66 40 2c.
756 3505 124 40 June
906 3506 25 38 7;
988 3503 80 41 aff.
1099 3504 127 40 June
1251 3504 51 46 6;
1334 3504 41 38 A
1402 3504 170 46 84130;
1601 3505 122 39 Yale
1748 3506 126 39 univ.
1906 3516 147 39 press.

261 3545 247 64 (35I942I)

188 3665 278 63 Baldwin,
495 3664 184 53 Anita
703 3665 78 53 M.

250 3742 260 52 Random
563 3742 241 65 rhymes,
855 3741 72 66 by
977 3740 179 52 Anita
1208 3741 79 51 M.
1341 3739 281 53 Baldwin.
1735 3740 178 55 [Santa
1965 3743 197 68 Anita,

184 3820 172 54 Calif.,
405 3823 172 61 c1934]

253 3893 57 38 47
337 3903 40 35 p.
434 3891 114 38 24cm.

187 3944 51 52 ©
271 3949 109 38 Dec.
416 3947 39 40 1.
488 3945 112 41 1934;
661 3945 67 39 2c.
763 3946 93 38 and
890 3944 81 40 aff.
1004 3945 110 39 Dec.
1149 3944 81 46 10;
1269 3945 40 38 A
1342 3944 168 47 77586;
1548 3945 53 41 A.
1637 3947 62 39 M.
1736 3947 237 46 Baldwin,
2012 3949 153 41 Santa

254 4003 159 45 Anita,
442 4002 143 41 Calif.
