2424 4375
1044 4100 101 54 473

110 487 291 67 Acheson,
431 488 272 64 Edward,
736 493 167 50 1902-

181 565 119 54 The
353 564 433 67 grammarian’s
837 563 245 67 funeral,
1133 562 76 68 by
1261 564 253 53 Edward
1568 562 277 55 Acheson.
1956 563 136 53 [New

109 641 177 68 York]
320 642 230 53 Macrae
578 640 188 57 Smith
795 659 295 51 company,
1119 644 152 51 1935.

176 728 88 41 320
303 738 43 39 p.
406 726 57 42 19½
494 729 43 22 cm
541 758 10 10 .

180 797 145 40 “This
351 798 123 41 book
500 799 89 39 has
616 798 241 48 appeared
883 808 56 30 as
966 809 27 29 a
1021 797 148 41 serial
1194 797 154 41 under
1375 798 80 40 the
1484 797 108 41 title;
1652 796 148 42 ‘Dead
1831 809 104 30 men
1966 798 122 40 can’t

107 854 185 42 walk’.”

178 911 161 41 “First
373 910 259 51 printing.”

106 975 1989 56 © Apr. 8, 1935; 2c. and aff. Apr. 11; A 81637; E. C. Acheson, ℅ Brandt
175 1040 96 39 and
298 1040 202 44 Brandt,
529 1038 116 40 New
672 1038 145 39 York.
886 1036 250 49 (35-6047)

106 1141 198 65 Adler,
337 1142 286 55 Gerhard.

176 1217 379 69 Entdeckung
581 1217 100 53 der
705 1217 142 54 seele
872 1235 109 35 von
1009 1214 281 70 Sigmund
1316 1215 191 53 Freud
1532 1215 117 53 und
1675 1215 212 53 Alfred
1912 1216 181 54 Adler

107 1292 1990 71 zu C. G. Jung, von dr. Gerhard Adler … mit einem geleitwort
109 1370 1848 71 von C. G. Jung. Zürich [ etc.] Rascher & cie., a.-g., 1934.
179 1461 99 48 viii,
310 1461 85 40 157
426 1471 41 37 p.
529 1459 152 48 diagr.
740 1458 56 40 21
799 1462 43 21 cm
847 1491 8 8 .

179 1532 198 39 “Erstes
406 1531 97 39 und
534 1529 193 41 zweites
757 1528 248 42 tausend.”

105 1599 1988 52 © Mar. 9, 1934; 1c. Jan. 8, 1935; A- Foreign 26610; Rascher & cie., a.-g.,
175 1661 177 45 vertag.
423 1657 250 49 (35-6215)

105 1758 94 55 An
230 1761 325 54 adventure
586 1760 61 53 in
677 1760 177 69 print,
885 1779 31 34 a
944 1759 152 54 brief
1128 1759 312 70 anthology
1470 1760 64 54 of
1562 1778 173 38 verse.
172 1761 1897 145 Philadelphia,

407 1840 71 52 he
506 1838 359 64 Quicksilver
894 1837 314 69 associates,
1238 1841 149 51 1935.

180 1908 68 50 55,
278 1908 56 51 [1]
363 1920 43 38 p.
504 1910 90 40 illus.
652 1908 56 40 22
710 1911 46 22 cm
759 1941 9 9 .

177 1978 1914 50 “The first edition … is limited to 300 numbered copies … This book
108 2036 43 41 is
179 2037 264 47 registered
471 2037 96 39 and
594 2035 262 41 numbered
884 2035 85 41 B.”

181 2093 162 41 “First
375 2103 162 39 poems
571 2092 53 41 of
657 2092 82 41 the
774 2101 213 39 younger
1022 2092 193 41 writers
1249 2092 50 41 in
1336 2093 96 41 and
1466 2094 149 40 about
107 2095 1988 97 Philadelphia.”—Introd.

106 2221 53 53 ©
191 2224 114 49 Apr.
338 2225 40 46 9,
411 2222 140 48 1935;
586 2223 65 39 2c.
688 2222 95 39 and
817 2220 79 41 aff.
932 2221 112 48 Apr.
1079 2221 81 46 13;
1197 2221 40 39 A
1269 2221 170 48 81408;
1477 2222 186 49 George
1695 2225 70 39 W.
1801 2225 180 47 Magee,
2016 2225 76 47 jr.,

173 2279 353 50 Philadelphia.
596 2277 249 51 (35-6139)

106 2382 212 67 Agate,
347 2384 203 54 James
578 2380 322 65 Evershed,
932 2381 170 55 1877-

175 2455 1912 74 Ego; the autobiography of James Agate … London, H.
108 2537 300 53 Hamilton
461 2538 151 65 [1935]

174 2612 85 41 388
285 2622 43 37 p.
386 2611 165 47 front.,
574 2610 172 48 plates,
773 2609 162 48 ports.,
961 2608 118 41 fold,
1104 2607 190 42 facsim.
1352 2609 58 40 24
1411 2611 45 21 cm
1458 2639 10 9 .

180 2676 1873 52 Book I is an account of the author’s life to June 2, 1932; book II
107 2736 207 42 consists
341 2736 51 41 of
417 2735 79 41 his
525 2734 140 49 diary
691 2734 128 40 from
848 2734 109 41 that
983 2733 136 48 point
1148 2735 51 39 to
1227 2734 116 47 July
1372 2734 70 47 17,
1473 2734 127 41 1934.

107 2801 1984 54 © 1c. Mar. 23, 1935; A ad int. 20057; pubd. Jan. 24; James Agate,
172 2864 210 39 London.
452 2860 250 49 (35-6338)

104 2963 293 65 Ajalbert,
426 2964 166 64 Jean,
627 2967 170 50 1863-

237 3036 1852 71 … Feux et cendres d’Auvergne, par Jean Ajalbert… Paris,
103 3120 84 51 La
212 3116 377 55 Renaissance
615 3116 73 53 du
718 3115 160 66 livre,
907 3118 151 50 1934.

173 3200 1912 52 3 p. l., [5]-254 p. front., 3 pl. (incl. ports.) 19 cm . (L’épopée de la
105 3262 128 40 terre
261 3261 58 40 de
349 3260 211 46 France;
589 3257 250 42 collection
869 3257 108 50 pub.
1006 3267 112 31 sous
1145 3257 47 40 la
1222 3256 236 43 direction
1487 3259 58 40 de
1574 3257 115 42 José
1716 3258 252 51 Germain)

107 3324 1983 56 © Dec. 8, 1934; 1c. Mar. 5, 1935; A- Foreign 27132; Renaissance du
172 3387 135 40 livre.
378 3384 248 50 (35-5898)

104 3490 350 63 Alexander,
486 3487 241 53 Holmes
755 3488 177 51 Moss.

175 3567 120 51 The
334 3566 305 51 American
680 3563 374 68 Talleyrand;
1096 3563 97 52 the
1232 3580 187 36 career
1459 3563 112 53 and
1612 3567 474 66 contemporaries

105 3644 61 52 of
195 3644 219 52 Martin
441 3644 130 52 Van
599 3644 210 63 Buren,
837 3640 197 68 eighth
1059 3640 306 68 president,
1394 3640 74 68 by
1495 3642 236 53 Holmes
1760 3644 326 54 Alexander

167 3718 1611 67 … New York and London, Harper & brothers, 1935.
176 3789 1001 53 7 p. l., 3-430 p. plates, ports. 22½cm.
174 3864 164 39 “First
362 3859 224 44 edition.”

175 3919 349 48 Bibliography;
577 3927 42 37 p.
648 3915 212 40 424-430.

106 3987 53 53 ©
185 3992 114 46 May
323 3988 41 48 1,
390 3986 113 41 1935;
558 3985 68 40 2c.
649 3984 114 48 Apr.
787 3983 83 47 30;
897 3983 82 41 aff.
1007 3985 113 45 May
1146 3984 53 46 3;
1228 3984 40 38 A
1295 3983 168 47 82863;
1493 3984 195 49 Harper
1713 3987 38 40 &
1776 3988 110 39 bros.,

186 4045 248 45 (35-6529)
