2424 4375
1094 4051 101 54 723

140 435 252 65 Mullins,
422 438 200 64 Edgar
650 437 228 64 Young,
910 440 325 52 1860-1928.

209 512 1916 69 The Baptist faith [by] E. Y. Mullins … [and] H. W. Tribble
139 589 1962 147 … Nashville, Tenn., The Sunday school board of the Southern Baptist convention [ c 1935]
208 742 84 39 124
321 753 41 36 p.
420 741 54 40 19
478 744 43 20 cm
527 773 8 8 .

209 799 154 38 “‘The
394 798 188 39 axioms
612 798 52 40 of
695 797 215 48 religion,
943 808 26 29 a
1002 806 105 31 new
1138 796 376 49 interpretation
1546 797 53 40 of
1628 796 81 40 the
1741 795 195 48 Baptist
1967 794 159 49 faith’,

143 857 55 44 by
228 856 50 38 E.
309 856 52 38 Y.
392 854 213 47 Mullins,
636 854 250 41 rewritten
915 855 96 39 and
1042 854 211 47 adapted
1281 854 60 48 by
1371 854 58 39 H.
1461 854 70 39 W.
1561 852 237 41 Tribble.”

141 921 52 53 ©
230 925 120 40 Mar.
386 925 69 48 13,
491 922 115 43 1935;
670 924 67 41 2c.
775 924 112 49 Apr.
923 923 82 48 26;
1048 923 81 41 aff.
1167 924 114 48 Apr.
1319 924 82 47 25;
1439 924 43 42 A
1518 923 169 47 82762;
1730 923 198 48 Sunday
1967 922 163 40 school

206 981 152 40 board
389 983 52 38 of
470 983 83 39 the
585 982 240 40 Southern
860 981 196 47 Baptist
1084 981 299 40 convention.
1448 980 281 49 [Copyright
1758 980 41 40 is
1832 980 205 40 claimed
2069 989 60 30 on

208 1039 235 49 complete
468 1037 226 51 revision]
765 1036 250 51 (35-7949)

138 1141 120 53 The
288 1142 146 53 New
465 1142 361 64 Hampshire
859 1142 231 52 student
1122 1142 208 52 writer.
1397 1141 313 53 Published
1747 1141 272 67 annually
2053 1140 76 67 by

209 1218 1894 147 the University of New Hampshire … Durham, New Hampshire. [Manchester, N. H., The Clarke press] 1935.
210 1370 86 40 128
319 1383 43 36 p.
421 1370 54 40 23
480 1373 45 20 cm
528 1403 8 8 .

142 1437 1988 53 © May 10, 1935; 2c. May 13; aff. June 3; A 83106; University of New
210 1498 306 48 Hampshire,
546 1499 233 48 Durham,
811 1498 56 39 N.
896 1499 60 39 H.

141 1601 118 51 The
301 1602 145 51 New
490 1602 288 51 universal
820 1601 304 52 handbook
1167 1602 64 50 of
1274 1618 294 50 necessary
1612 1599 378 54 information
2036 1599 96 51 for

206 1677 179 66 home,
409 1677 207 66 school,
641 1678 161 66 shop,
827 1678 111 51 and
966 1676 166 68 office,
1156 1676 337 69 practically
1524 1676 281 67 arranged
1834 1675 94 52 for
1954 1674 175 69 ready

209 1753 1921 69 reference, by Will H. Johnston … assisted by a large corps
207 1830 1925 148 of experts; including a new dictionary—on a new plan, edited by William Dodge Lewis … and Edgar Arthur Singer,
206 1985 1924 70 jr. … Philadelphia, Chicago [etc.] Universal book and Bible
206 2063 189 69 house,
422 2066 151 51 1935.

213 2134 1865 51 1 p. l., xx, 1172 p. col. front., illus., col. plates, ports., maps. 20 cm .
211 2191 68 40 On
309 2203 165 29 cover:
505 2192 101 41 The
635 2193 247 40 universal
909 2192 271 42 handbook.

148 2259 1985 54 © Apr. 12, 1935; 2c. May 21; aff. May 22; A 83261; John C. Winston
213 2332 64 28 co.
341 2321 283 49 [Copyright
647 2321 44 40 is
714 2321 205 41 claimed
944 2332 60 29 on
1031 2321 234 41 revisions
1293 2323 96 39 and
1414 2321 262 50 additions]

225 2377 248 49 (35-7964)

144 2477 256 67 Nichols,
429 2481 251 54 Wallace
707 2482 293 62 Bertram,
1031 2487 171 50 1888-

214 2557 232 69 Deputy
494 2557 93 53 for
632 2557 197 69 youth,
872 2558 77 68 by
994 2558 253 54 Wallace
1292 2560 67 50 B.
1409 2557 250 54 Nichols.
1734 2557 239 52 London
2022 2558 111 53 and

146 2633 345 69 Melbourne,
517 2636 198 68 Ward,
742 2636 155 52 Lock
922 2638 45 50 &
993 2655 97 49 co.,
1116 2633 222 56 limited
1371 2638 171 65 [1935]

216 2707 83 40 319
327 2720 42 37 p.
426 2709 114 40 19cm.

150 2758 1983 55 © 1c. May 8, 1935; A ad int. 20195; pubd. Mar. 12; W. B. Nichols,
216 2821 213 48 Newlyn,
459 2822 258 48 Penzance,
747 2822 175 40 Wales.
994 2821 251 50 (35-8222)

150 2921 189 52 North
382 2923 273 54 Carolina
694 2927 110 50 and
844 2922 181 55 South
1064 2929 222 49 eastern
1324 2924 202 68 digest,
1564 2925 266 67 covering
1869 2927 76 50 all
1986 2942 148 33 cases

218 3002 260 64 reported
513 3004 61 50 in
607 3003 187 52 North
832 3003 267 54 Carolina
1133 3007 239 63 reports,
1410 3001 181 55 South
1626 3008 219 47 eastern
1880 3007 256 62 reporter

218 3079 105 50 and
374 3080 227 52 various
646 3085 220 61 reports
910 3081 64 52 of
1016 3080 166 53 south
1229 3087 221 46 eastern
1494 3086 171 47 states
1711 3081 154 52 from
1910 3080 226 53 earliest

218 3156 179 65 times,
438 3156 139 53 with
618 3165 226 46 current
883 3158 345 53 cumulative
1265 3158 203 67 pocket
1505 3159 210 52 service
1756 3158 245 67 keeping
2041 3159 96 52 the

220 3233 1913 70 digest always to date … By the publisher’s editorial staff.
220 3312 221 51 volume
470 3315 182 50 19-28.
717 3312 80 55 St.
827 3315 164 64 Paul,
1016 3316 159 52 West
1203 3314 335 67 publishing
1566 3331 77 35 co.
1679 3317 192 64 [c1935]

222 3383 57 39 10
302 3396 40 28 v.
402 3384 59 40 26
461 3387 43 21 cm
510 3417 8 8 .

221 3439 72 40 On
316 3451 138 30 cover:
508 3442 116 39 1778
647 3444 48 37 to
721 3443 124 40 date.

493 3509 106 29 CONTENTS.—v.
639 3497 70 42 19.
753 3499 781 47 Innkeepers-Interpleader.—v.
1574 3497 71 42 20.
1686 3497 332 50 Intoxicating
154 3498 1967 100 liquors-Judgment.
588 3578 60 5 —
664 3566 43 28 v.
754 3554 74 41 21.
870 3554 214 41 Judicial
1129 3556 430 39 sales-Lewdness.
1577 3578 59 5 —
1653 3566 44 29 v.
1745 3554 72 41 22.
1864 3556 134 39 Libel
2044 3556 97 39 and

156 3609 469 42 slander-Maritime
662 3612 242 40 liens.—v.
949 3611 70 41 23.
1064 3611 466 47 Marriage-Master
1569 3612 96 39 and
1708 3614 317 38 servant.—v.
2068 3610 72 42 24.

158 3664 583 48 Mayhem-Motions.—v.
785 3667 73 41 25.
902 3668 267 48 Municipal
1212 3669 808 47 corporations-Newspapers.—v.
2068 3668 71 41 26.

157 3720 113 41 New
322 3723 504 48 trial-Payment.—v.
876 3724 71 40 27.
1000 3723 522 49 Penalties-Principal
1579 3726 94 38 and
1728 3726 287 46 surety.—v.
2068 3723 72 42 28.

160 3776 343 43 Prisons-Real
530 3780 199 40 actions.

160 3842 42 30 v.
226 3832 67 47 19,
318 3833 69 48 20,
413 3831 54 52 ©
494 3837 112 46 May
633 3837 38 45 1,
698 3835 140 43 1935;
868 3847 42 28 v.
937 3835 69 48 21,
1032 3835 70 48 22,
1130 3832 53 52 ©
1210 3837 113 46 May
1350 3835 54 47 2;
1433 3847 41 28 v.
1501 3836 69 47 23,
1600 3832 53 52 ©
1681 3838 113 45 May
1818 3837 53 45 3;
1902 3847 42 28 v.
1971 3837 69 46 24,
2069 3836 69 48 25,

227 3884 52 53 ©
305 3891 112 47 May
441 3891 82 47 24;
553 3903 42 28 v.
622 3892 156 43 26-28,
805 3888 53 52 ©
885 3893 114 47 May
1023 3893 82 46 27;
1135 3893 67 39 2c.
1229 3894 119 38 each
1374 3893 95 39 and
1499 3892 106 40 affs.
1633 3893 128 39 June
1787 3894 81 41 17;
1900 3894 41 38 A
227 3891 1915 95 83660-83669;
422 3949 135 39 West
579 3949 108 47 pub.
716 3959 64 29 co.
