2568 4342
1375 4057 65 48 54

459 527 83 40 253
571 538 42 36 p.
670 526 142 48 illus.,
840 525 179 48 diagrs.
1076 523 56 41 21
1135 526 45 22 cm
1184 555 12 11 .

464 597 137 41 Some
626 596 51 40 of
702 597 83 39 the
807 597 229 46 chapters
1059 593 234 49 preceded
1318 594 62 47 by
1403 593 238 41 half-title
1664 595 87 39 not
1775 593 225 41 included
2022 592 52 41 in
2101 593 84 42 the
2207 590 178 52 paging

401 653 46 45 (3
479 652 186 47 leaves)

395 720 51 52 ©
476 725 128 39 June
629 723 70 47 23,
728 722 139 47 1934;
897 721 66 41 2c.
994 722 118 39 Nov.
1141 721 83 46 17;
1255 719 82 42 aff.
1367 721 112 40 Dec.
1509 721 82 46 13;
1623 721 44 44 A
1692 720 170 47 80032;
1895 720 351 41 McGraw-Hill
2276 720 108 48 pub.

462 791 81 37 co.,
569 781 104 47 inc.,
697 781 116 39 New
836 779 143 39 York.
1051 777 251 49 (35-1458)

397 883 263 64 Epstein,
686 882 190 64 Ralph
905 881 172 55 Cecil.

393 957 1968 134 Industrial profits in the United States [by] Ralph C. Epstein …
667 1037 237 55 assisted
933 1037 77 68 by
1044 1038 273 53 Florence
1348 1037 79 54 M.
1463 1036 193 57 Clark.
1729 1036 139 54 New
1901 1036 179 67 York,
2112 1036 273 55 National

395 1114 210 56 bureau
636 1115 64 55 of
730 1113 284 56 economic
1043 1117 256 52 research
1329 1114 62 54 in
1421 1114 363 68 cooperation
1814 1115 140 53 with
1985 1116 98 52 the
398 1114 1965 132 Committee

504 1212 70 35 on
600 1199 187 47 recent
812 1193 282 54 economic
1121 1194 261 67 changes,
1410 1198 149 49 1934.

466 1264 65 51 xi,
560 1266 86 41 678
674 1276 43 37 p.
745 1267 109 40 incl.
883 1264 169 51 tables,
1081 1266 180 48 diagrs.
1320 1264 55 42 23¼c
1426 1268 27 20 m
1458 1296 9 9 .
1536 1264 300 50 (Half-title:
1865 1264 333 41 Publications
2228 1265 52 40 of
2310 1267 80 40 the

400 1335 227 41 National
653 1337 184 40 bureau
864 1336 53 40 of
942 1335 243 42 economic
1211 1337 239 48 research,
1477 1336 92 43 inc.
1627 1347 75 30 no.
1728 1336 82 48 26)

399 1405 51 52 ©
478 1410 110 39 Dec.
616 1410 41 44 4,
686 1407 140 48 1934;
855 1408 66 40 2c.
951 1409 108 39 Jan.
1089 1408 69 47 16,
1319 1419 9 36 1935;
1360 1408 81 39 aff.
1471 1408 109 39 Feb.
1609 1408 25 39 2;
1695 1408 43 39 A
1764 1407 169 48 80014;
1966 1408 130 40 Natl.
2127 1408 183 40 bureau
2341 1407 53 40 of

465 1466 245 40 economic
735 1466 238 46 research,
1001 1466 90 39 inc.
1163 1464 250 50 (35-1340)

395 1568 359 64 Ergebnisse
812 1569 101 52 der
966 1568 289 69 Chirurgie
1308 1569 119 52 und
1518 1568 332 69 orthopädie;
1909 1569 318 68 begründet
2280 1585 111 36 von

469 1646 1922 69 E. Payr und H. Küttner, hrsg. von Erwin Payr … Martin
464 1724 1905 145 Kürschner … 27. bd. Redigiert von M. Kürschner … Berlin,
591 1806 55 53 J.
679 1802 297 69 Springer,
1004 1807 150 50 1934.

468 1876 1023 50 2 p. l., 667, [1] p. illus., diagrs. 26 cm .
468 1946 233 40 Contains
733 1946 390 49 bibliographies.

402 2012 1992 53 © Sept. 28, 1934; 1c. Jan. 21, 1935; A -Foreign 26711; Julius Springer.
401 2133 323 66 Fabricius,
751 2135 193 53 Johan
972 2133 317 67 Wigmore,
1322 2140 169 49 1900-

474 2212 174 53 Lions
672 2217 188 49 starve
886 2213 61 53 in
970 2212 233 68 Naples,
1226 2213 76 66 by
1329 2212 193 54 Johan
1546 2212 328 66 Fabricius;
1901 2211 317 54 translated
2245 2210 152 54 from

405 2289 96 52 the
536 2288 250 55 German
820 2289 76 68 by
933 2290 229 67 Phyllis
1198 2291 113 52 and
1347 2291 218 52 Trevor
1601 2290 253 52 Blewitt.
1927 2290 237 65 Boston,
2200 2288 197 65 Little,

410 2368 223 65 Brown,
661 2367 113 53 and
804 2385 298 49 company,
1135 2371 152 50 1935.

470 2436 604 50 4 p. l., 3-311 p. 19 ½cm .
407 2504 53 51 ©
493 2509 107 39 Jan.
637 2509 68 47 25,
738 2508 141 47 1935;
914 2509 66 40 2c.
1016 2511 95 39 and
1145 2509 81 40 aff.
1263 2510 108 40 Jan.
1407 2509 55 41 28;
1525 2510 43 39 A
1601 2507 170 49 79399;
1810 2510 42 39 J.
1890 2508 268 49 Fabricius,
2195 2510 200 47 Bruges,

473 2565 232 48 Belgium.
778 2566 250 48 (35-1534)

409 2669 213 64 Ferris,
648 2671 137 52 Mrs.
815 2668 308 55 Elizabeth
1150 2671 67 54 B.

478 2745 121 53 The
634 2750 158 65 story
826 2745 64 54 of
923 2747 100 53 the
1054 2745 151 55 little
1240 2748 97 54 old
1371 2747 191 65 house,
1598 2766 64 34 as
1693 2746 124 53 told
1853 2745 96 53 for
1985 2746 78 53 its
2094 2745 306 54 children’s

409 2822 274 66 children,
724 2823 75 67 by
841 2823 165 53 Aunt
1049 2825 138 53 Bess
1234 2824 339 67 <Elizabeth
1619 2824 69 53 B.
1733 2823 230 67 Ferris>
2058 2823 341 66 Barneveld,

407 2898 67 54 N.
507 2899 92 66 Y.,
630 2901 151 52 1934.

475 2969 1088 51 3 p. l., 5-163 p. incl. front., illus. 23½ cm .
478 3024 129 41 “One
640 3028 218 39 hundred
893 3029 159 46 copies
1082 3029 126 42 have
1239 3030 120 39 been
1392 3028 193 48 printed
1622 3032 51 37 at
1709 3030 80 39 the
1827 3025 569 50 Coggeshall-Sherwood

411 3088 132 37 press
581 3082 49 39 in
666 3082 158 48 Utica,
860 3082 116 41 New
1012 3084 156 47 York;
1209 3084 330 41 illustrations
1575 3084 63 47 by
1674 3084 54 41 A.
1769 3084 334 48 Montgomery
2142 3082 254 47 Isenberg;

411 3146 105 37 map
541 3137 60 46 by
624 3137 213 40 William
863 3137 49 42 C.
939 3139 205 41 White.”
1204 3141 117 40 This
1349 3151 117 38 copy
1491 3143 84 38 not
1601 3140 276 41 numbered.

476 3192 139 48 Maps
644 3205 61 28 on
733 3194 360 49 lining-papers.

414 3260 51 52 ©
504 3266 110 38 Dec.
652 3265 68 44 27,
761 3265 139 48 1934;
941 3267 66 41 2c.
1047 3270 96 38 and
1184 3269 78 40 aff.
1305 3271 108 39 Jan.
1454 3270 67 47 12,
1562 3269 140 43 1935;
1744 3271 41 38 A
1823 3269 169 48 78993;
2034 3272 52 37 E.
2127 3271 52 38 B.
2220 3269 176 47 Ferris,

479 3321 156 47 Utica,
663 3323 54 39 N.
746 3323 52 38 Y.
869 3324 249 49 (35-1532)

411 3419 352 68 Fitzgerald,
788 3423 272 67 William,
1090 3432 171 50 1916-

484 3497 349 68 Daekargus,
861 3499 75 69 by
963 3501 258 52 William
1251 3503 345 68 Fitzgerald.
1672 3504 231 67 Boston,
1933 3503 67 51 B.
2029 3501 371 69 Humphries,

415 3573 103 52 inc.
557 3607 12 33 [
574 3581 18 21 c
598 3577 150 64 1933]

483 3643 68 48 31,
581 3644 54 49 [1]
664 3655 42 37 p.
767 3645 58 40 26
825 3648 44 21 cm
873 3678 9 9 .

484 3700 161 40 Verse.

487 3755 1910 59 “Of this first edition … five hundred copies have been printed on
415 3811 198 47 antique
639 3824 132 29 wove
798 3823 163 37 paper.
1021 3815 136 49 Fifty
1185 3819 159 46 copies
1370 3821 123 39 have
1517 3822 118 39 been
1661 3823 159 39 bound
1848 3822 246 47 specially,
2123 3822 274 48 numbered,

415 3869 95 38 and
538 3869 165 47 signed
729 3870 60 46 by
818 3871 81 39 the
924 3872 189 39 author,
1173 3883 75 31 no.
1277 3874 69 40 6.”

417 3937 51 50 ©
516 3941 118 47 Aug.
676 3943 40 44 4,
762 3941 111 41 1933;
949 3942 65 40 2c.
1062 3944 107 39 Jan.
1217 3947 68 46 14,
1332 3945 139 49 1935;
1519 3948 82 40 aff.
1650 3949 108 39 Jan.
1806 3950 82 46 12;
1936 3950 41 38 A
2024 3948 169 47 79155;
2243 3950 160 38 Bruce

483 3998 308 47 Humphries,
816 3999 87 39 inc.
975 3999 249 51 (35-1488)
