2568 4342
1142 4053 63 49 81

182 423 242 64 Adams,
452 423 183 62 Tony.

251 498 120 52 The
405 514 196 42 square
637 496 238 60 shooter,
907 494 75 62 by
1017 495 165 61 Tony
1217 492 234 55 Adams.
1526 492 137 53 New
1701 491 180 65 York,
1916 491 258 54 Phoenix
182 594 154 49 press
413 576 150 64 c1935]

252 647 25 39 3
305 657 43 37 p.
413 677 8 16 l.,
449 644 146 41 9-252
620 655 43 38 p.
724 643 57 41 19½
811 645 44 22 cm
860 675 11 9 .

183 715 51 53 ©
266 720 108 39 Feb.
407 719 40 47 1,
478 717 141 48 1935;
652 717 66 41 2c.
750 718 97 40 and
877 716 81 40 aff.
992 717 109 39 Feb.
1133 717 54 46 4;
1219 717 44 39 A
1291 715 170 48 79513;
1495 716 218 40 Phoenix
1745 726 149 38 press.

260 775 248 49 (35-1828)

179 878 240 68 Arnold,
447 877 318 66 Benjamin
793 876 275 67 William,
1099 878 171 55 1870-

248 954 293 70 Religious
569 953 255 71 verities;
858 975 32 33 a
915 972 251 51 message
1194 954 94 54 for
1314 955 209 67 college
1550 955 258 53 students
1858 953 94 69 [by]
1984 956 67 52 B.
2079 954 91 55 W.

179 1032 1410 71 Arnold, jr. … Boston, R. G. Badger [ c 1932 ]
248 1108 85 41 137
359 1117 43 38 p.
461 1107 118 42 20cm.

253 1164 375 41 “References”:
659 1175 42 37 p.
733 1164 217 41 131-134.

180 1233 51 52 ©
259 1238 107 39 Jan.
394 1236 69 48 18,
493 1236 116 40 1935;
661 1235 66 40 2c.
757 1236 108 39 Jan.
893 1235 82 47 18;
1006 1234 81 41 aff.
1118 1234 110 40 Jan.
1255 1232 82 49 19;
1366 1233 43 40 A
1436 1232 170 49 79274;
1639 1232 215 42 Richard
1885 1233 53 41 G.
1967 1233 205 46 Badger.

258 1294 250 49 (35-1817)

178 1397 315 65 Atherton,
521 1396 211 65 Ralph.

245 1474 157 67 Days
431 1479 100 48 out
557 1474 63 52 of
649 1474 196 66 doors;
874 1479 203 48 nature
1105 1491 209 49 poems,
1342 1472 75 67 by
1443 1471 197 67 Ralph
1666 1471 316 65 Atherton;
178 1470 1969 134 illustrations
473 1551 74 66 by
599 1549 239 54 Miriam
889 1550 305 54 Atherton.
1287 1549 323 67 [Harrison,
1664 1548 88 67 O.,
1803 1548 244 53 Printed
2099 1549 74 67 by

176 1628 284 53 Atherton
492 1628 207 53 Deeter
728 1646 175 48 press]
943 1629 152 52 1934.

246 1700 55 39 62
333 1711 43 38 p.
410 1700 108 41 incl.
551 1700 172 49 plates.
782 1698 57 43 20
842 1702 43 21 cm
889 1732 11 9 .

249 1757 159 40 “First
444 1756 227 42 edition.”

179 1822 53 53 ©
259 1828 110 39 Dec.
400 1826 70 48 21,
501 1826 142 47 1934;
675 1826 66 40 2c.
773 1826 108 40 Jan.
912 1826 69 46 14,
1013 1824 113 41 1935;
1187 1824 80 41 aff.
1299 1824 110 41 Jan.
1440 1824 82 48 12;
1554 1825 44 39 A
1627 1823 171 49 78990;
1831 1824 55 40 R.
1918 1825 255 48 Atherton,

246 1883 255 49 Harrison,
532 1883 51 41 O.
654 1882 251 50 (35-1966)

177 1984 266 56 Atlantic
476 1990 285 63 reporter;
799 2005 152 34 cases
983 1986 216 67 argued
1230 1985 114 54 and
1377 1984 353 54 determined
1762 1986 62 52 in
1856 1986 98 53 the
1986 1989 188 48 courts

245 2064 62 53 of
354 2065 387 66 Connecticut,
784 2065 317 66 Delaware,
1143 2063 211 68 Maine,
1396 2063 329 69 Maryland,
1768 2066 139 52 New
244 2064 1905 145 Hampshire,
453 2144 139 52 New
634 2144 217 66 Jersey,
892 2141 443 69 Pennsylvania,
1377 2142 201 53 Rhode
1620 2142 218 67 Island,
1878 2142 296 67 Vermont,

242 2220 140 52 with
415 2220 111 68 kejr
558 2221 240 53 number
832 2221 379 52 annotations,
1282 2236 52 39 v.
1372 2218 116 55 174.
242 2218 1907 147 September-November,

385 2302 148 50 1934.
601 2298 81 55 St.
711 2299 165 67 Paul,
897 2300 162 54 West
1085 2297 335 69 publishing
1448 2314 97 51 co.,
1574 2301 150 50 1934.

244 2372 95 46 xvi,
370 2372 113 40 1031
512 2382 42 37 p.
614 2372 56 40 26½
702 2375 46 20 cm
750 2402 8 9 .

180 2424 51 52 ©
258 2430 110 39 Dec.
395 2429 69 46 27,
494 2428 140 47 1934;
665 2429 67 40 2c.
761 2429 110 40 Jan.
897 2428 70 48 21,
995 2427 141 48 1935;
1168 2426 81 43 aff.
1279 2428 109 40 Jan.

1418 2427 82 47 24;
1530 2428 44 39 A
1599 2427 170 47 80173;
1801 2428 139 40 West
1966 2427 109 47 pub.
2104 2438 67 30 co.

178 2545 264 67 Atwood,
471 2549 203 62 Harry
702 2547 213 64 Fuller,
947 2548 325 56 1870-1930.

245 2624 159 53 Back
434 2631 59 47 to
526 2625 97 53 the
656 2623 286 69 republic;
978 2625 96 53 the
1107 2625 208 66 golden
1349 2642 193 35 mean:
1576 2624 97 52 the
1703 2624 279 53 standard
2017 2624 154 52 form

177 2699 1994 69 of government, by Harry Atwood … Chicago, Constitution
175 2777 356 55 educational
565 2778 336 54 association
961 2782 152 63 [1934]

244 2848 1189 51 xi, 13-169 p. front. (port.) diagrs. 18½ cm .
247 2904 183 43 “Tenth
463 2906 197 49 edition,
693 2907 234 41 revised.”

249 2960 126 45 “The
406 2965 140 40 tenth
576 2964 184 41 edition
791 2965 92 39 has
911 2964 115 40 been
1061 2963 190 41 revised
1281 2964 50 39 to
1362 2963 142 49 bring
1534 2964 81 39 the
1647 2962 272 41 discussion
1949 2964 142 40 down
2122 2966 51 39 to

179 3019 476 42 date.”—Foreword
685 3022 51 39 to
766 3021 82 40 the
878 3021 140 40 tenth
1046 3018 198 48 edition,
1274 3019 195 49 signed:
1501 3019 64 41 M.
1599 3019 44 41 S.
1675 3020 216 41 Atwood.

233 3074 127 43 “The
393 3075 330 43 Constitution
756 3076 52 41 of
838 3078 81 39 the
953 3076 180 41 United
1168 3075 163 41 States
1363 3075 51 41 of
1446 3076 236 45 America,
1717 3076 160 41 edited
1911 3077 61 47 by
2004 3077 164 48 Harry

178 3132 256 43 Atwood”:
466 3146 43 37 p.
544 3133 247 51 [127]-166.

183 3199 54 52 ©
262 3205 114 39 Nov.
408 3205 68 46 14,
506 3203 140 47 1934;
678 3204 67 39 2c.
774 3204 111 38 Dec.
917 3202 82 46 22;
1033 3201 81 41 aff.
1146 3202 108 40 Jan.
1284 3201 69 48 21,
1386 3200 140 48 1935;
1558 3203 42 38 A
1630 3202 169 47 80195;
1834 3204 148 39 Maud
2016 3202 157 42 Smith

246 3262 214 47 Atwood,
496 3262 220 47 Chicago.
788 3260 250 48 (35-2025)

177 3358 168 59 B.-M.
375 3363 137 53 co.’s
538 3363 343 52 cumulative
908 3368 230 47 current
1163 3363 135 53 code
1327 3361 379 68 annotations,
1732 3363 247 67 keeping
2003 3381 81 49 up
2112 3367 59 49 to

245 3440 129 53 date
410 3440 196 56 Kerr’s
643 3440 323 68 cyclopedic
1004 3439 325 57 California
1367 3441 179 66 codes,
1582 3440 321 67 Henning’s
1940 3441 231 66 general

248 3516 153 67 laws,
432 3518 158 52 third
623 3517 216 53 edition
871 3518 113 52 and
1017 3519 116 52 also
1165 3535 149 36 cases
1347 3518 155 52 from
1532 3518 185 53 Idaho
1748 3519 112 51 and
1891 3518 283 52 Montana

253 3595 1914 68 [1934] … bringing decisions down to 88 Cal. dec. 242, 78 Cal.
247 3689 127 49 app.
400 3673 113 52 dec.
541 3677 116 63 838,
680 3676 32 48 2
737 3674 121 53 Cal.
881 3691 165 49 supp.
1073 3677 115 62 136,
1211 3677 63 49 35
1300 3676 130 50 Pac.
1465 3673 127 67 (2d)
1630 3676 132 51 1119
1800 3673 371 67 (California,

245 3747 182 55 Idaho
457 3751 112 51 and
596 3752 279 50 Montana
902 3751 176 67 cases)
1152 3751 294 67 Prepared
1475 3752 112 52 and
1617 3752 307 52 annotated
1951 3752 76 66 by
246 3753 1900 127 Everett
413 3829 74 51 H.

517 3829 179 51 Roan.
762 3826 117 55 San
906 3827 321 68 Francisco,
1256 3830 406 52 Bender-Moss
1691 3845 296 51 company,
2019 3833 150 55 1935,

248 3899 67 47 iii,
343 3901 87 39 333
454 3912 42 36 p.
552 3900 55 40 25½
640 3903 43 21 cm
689 3932 7 8 .

187 3950 50 51 ©
262 3956 106 40 Jan.
393 3957 68 47 10,
485 3957 112 41 1935;
652 3957 66 40 2c.
746 3959 95 38 and
865 3957 81 40 aff.
974 3958 108 39 Jan.
1107 3956 83 48 21;
1217 3957 41 39 A
1281 3957 171 53 79287;
1481 3957 315 40 Bender-Moss
1847 3969 53 32 co.
