2526 4384
1143 4042 87 44 131

275 487 72 41 On
372 500 139 30 cover
528 500 8 29 :
565 490 101 39 The
693 489 271 40 Purissima
989 488 296 48 Concepcion
1313 490 52 39 of
1394 488 96 41 San
1517 487 225 44 Antonio.

276 544 374 49 Bibliography:
679 556 42 38 p.
755 545 156 42 50-51.

210 599 1991 53 © Feb. 3, 1935; 2c. and aff. Feb. 14; A 80428; F. C Chabot, San Antonio.
285 660 250 49 (35-2690)

205 761 402 68 Chesterfield,
635 763 192 66 Philip
855 765 318 65 Stanhope,
1198 766 77 54 2d
1300 765 118 53 earl
1443 766 64 65 of
1512 811 11 19 ,
1552 764 325 56 1633-1713.

275 838 166 56 Some
472 841 159 53 short
663 841 387 54 observations
1083 841 95 53 for
1210 841 96 53 the
1339 841 166 69 Lady
1534 840 171 70 Mary
1742 839 294 69 Stanhope
204 857 1968 130 concerning
464 920 96 51 the
589 918 234 69 writing
852 918 64 53 of
945 919 274 68 ordinary
1249 919 211 67 letters,
1490 919 75 68 by
1595 918 220 69 Philip,
1846 919 202 53 second
2082 919 117 52 earl

204 994 1995 71 of Chesterfield … edited by W. S. Lewis … Farmington,
204 1071 197 70 Conn.,
428 1073 158 53 Priv.
611 1073 194 68 print.,
836 1076 152 50 1934.

273 1146 1926 51 2 p. l., 16 p., 2 l. front. (port.) 19½cm. (Half-title: Miscellaneous
202 1204 299 49 antiquities,
559 1217 76 28 no.
665 1203 52 49 9)

202 1261 1980 105 “One hundred copies printed for Wilmarth Sheldon Lewis … Edmund B. Thompson, printer, Windham, Connecticut.”
273 1374 1926 51 “Extracts of only about a sixth of … [the] observations are given.”—
202 1444 40 37 p.
275 1434 25 39 5

205 1487 55 51 ©
296 1492 112 39 Dec.
445 1491 69 46 21,
554 1489 114 41 1934;
736 1489 66 41 2c.
841 1491 96 38 and
975 1488 81 41 aff.
1098 1490 107 39 Jan.
1246 1490 68 47 18,
1355 1489 140 47 1935;
1537 1491 43 38 A
1615 1490 169 46 80085;
1829 1491 69 39 W.
1945 1491 42 39 S.
2029 1490 170 39 Lewis.

270 1547 329 48 Farmington,
631 1547 145 41 Conn.
849 1546 249 48 (35-2628)

200 1649 193 67 Clark,
423 1651 240 64 Grover,
695 1656 171 50 1891-

270 1727 120 52 The
417 1732 162 64 great
605 1727 132 52 wall
763 1727 295 67 crumbles,
1085 1727 75 67 by
1187 1725 220 56 Grover
1437 1725 192 55 Clark.
1696 1726 138 52 New
1865 1725 179 68 York,
2074 1725 121 53 The

202 1803 328 54 Macmillan
562 1822 297 50 company,
889 1808 150 49 1935.

270 1877 102 40 xvii
398 1887 57 39 p.,
484 1878 26 39 1
557 1907 23 16 l.,
609 1876 86 41 406
721 1887 41 37 p.
824 1876 128 42 illus.
981 1876 133 49 (incl.
1140 1877 161 47 maps)
1371 1874 145 41 22½cm.

272 1933 136 48 Maps
437 1946 59 28 on
526 1933 360 48 lining-papers.

204 1988 50 52 ©
299 1993 109 39 Feb.
453 1994 68 46 13,
564 1991 118 41 1935;
751 1992 66 40 2c.
863 1993 95 39 and
1000 1989 81 43 aff.
1125 1992 110 40 Feb.
1280 1992 55 39 14;
1407 1993 41 38 A
1491 1993 144 39 80434;
1708 1991 282 42 Macmillan
2033 2004 66 29 co.

278 2049 280 49 (35-27030)

201 2151 389 54 Commission
619 2153 63 52 of
711 2152 237 64 inquiry
976 2169 73 36 on
1077 2151 192 65 public
1297 2151 225 54 service
1551 2153 329 63 personnel.

272 2229 197 52 Better
501 2234 370 64 government
906 2230 325 66 personnel;
1267 2236 195 60 report
1495 2229 64 52 of
1590 2230 95 52 the
1721 2230 373 55 Commission
2132 2230 58 52 of

206 2306 226 70 inquiry
485 2326 73 35 on
610 2306 192 70 public
856 2308 211 54 service
1121 2309 311 65 personnel.
1510 2309 139 52 New
1703 2310 179 65 York,
1938 2310 253 53 London.

205 2386 337 68 Whittlesey
572 2390 188 64 house,
792 2385 428 56 McGraw-Hill
1250 2386 146 53 book
1427 2405 297 50 company,
1754 2386 106 55 inc.
1899 2392 192 63 [c1935]

309 2460 196 48 x, 182 p. 23½cm.
276 2518 47 39 L.
351 2518 56 38 D.
436 2515 234 47 Coffman,
698 2516 251 40 chairman;
1006 2516 51 39 L.
1084 2516 58 40 H.
1173 2515 185 47 Gulick,
1388 2518 259 45 secretary.

202 2571 54 52 ©
287 2576 106 39 Jan.
427 2574 69 47 29,
529 2572 139 48 1935;
703 2574 65 39 2c.
803 2574 109 39 Feb.
946 2574 53 46 2;
1035 2571 79 42 aff.
1149 2574 108 39 Jan.
1289 2573 82 47 30;
1408 2574 41 38 A
1483 2573 169 47 80314;
1690 2574 350 40 McGraw-Hill
2074 2576 123 39 book

267 2643 80 36 co.,
376 2632 89 40 inc.
536 2631 250 48 (35-2588)

199 2734 173 64 Cook,
401 2735 231 63 Madge,
665 2740 169 49 1906-

267 2810 219 67 Poems,
514 2811 75 68 by
622 2810 211 68 Madge
868 2808 173 55 Cook.
1117 2807 339 69 [Stamford,
1491 2807 198 68 Conn.]
1728 2810 159 54 Priv.
1921 2810 176 68 print,
2134 2814 56 49 at

197 2888 92 52 the
323 2888 332 54 Overbrook
688 2906 173 49 press,
895 2890 149 49 1934.

267 2960 815 50 3 p. l., 15 numb. l., 1 l. 19½cm.
268 3020 199 40 Printed
495 3031 59 29 on
582 3029 89 30 one
699 3019 104 41 side
827 3019 51 40 of
905 3018 103 40 leaf
1033 3030 61 28 on
1120 3015 221 50 opposite
1364 3027 160 38 pages.

269 3077 349 46 “Seventy-five
647 3075 158 49 copies
834 3076 125 40 have
988 3076 118 39 been
1133 3073 236 50 printed.”

201 3130 53 52 ©
282 3136 109 38 Dec.
421 3135 68 45 18,
519 3132 113 41 1934;
691 3133 65 40 2c.
788 3134 111 38 Dec.
928 3131 53 40 12;
1041 3131 80 40 aff.
1152 3132 108 39 Jan.
1291 3131 69 47 24,
1390 3129 113 42 1935;
1563 3132 40 39 A
1633 3131 146 41 80200;
1836 3132 270 42 Madeleine
2138 3135 53 38 R.

266 3191 141 46 Cook,
434 3192 117 39 New
578 3190 144 41 York.
794 3188 251 50 (35-2635)

194 3294 182 65 Corsi,
407 3295 271 64 Edward,
710 3299 171 49 1896-

265 3373 71 52 In
371 3374 96 51 the
503 3373 231 52 shadow
770 3371 63 53 of
868 3372 236 66 liberty;
1143 3372 96 51 the
1275 3369 283 55 chronicle
1593 3370 63 53 of
1692 3372 148 52 Ellis
1875 3372 205 60 island,
2116 3374 75 66 by

198 3448 1992 70 Edward Corsi … New York, The Macmillan company, 1935.
265 3526 87 40 viii
380 3538 56 36 p.,
466 3525 29 39 2
556 3555 8 17 l.,
594 3523 142 41 3-321
765 3533 41 37 p.
838 3522 108 40 inch
976 3521 214 40 facsims.
1249 3522 163 40 front.,
1444 3523 171 47 plates,
1646 3524 147 45 ports.
1852 3523 113 39 22cm.

200 3579 50 52 ©
280 3584 94 38 Jan
419 3582 67 45 22,
519 3580 139 47 1935;
691 3580 66 40 2c.
789 3580 96 39 and
917 3578 79 40 aff.
1030 3579 105 39 Jan.
1167 3578 81 47 23;
1283 3579 41 39 A
1353 3579 170 45 79334;
1559 3579 282 41 Macmillan
1872 3591 67 29 co.

273 3639 279 48 (35-27031)

195 3744 285 58 Denham,
506 3741 256 54 William
790 3741 238 61 Ernest,
1057 3744 171 50 1881-

267 3815 1922 72 New Testament studies [by] W. E. Denham … Nashville,
199 3898 191 64 Tenn.,
418 3897 121 53 The
571 3894 236 68 Sunday
835 3893 190 55 school
1053 3895 174 52 board
1262 3893 66 53 of
1356 3895 96 57 the
1482 3895 285 58 Southern
1800 3896 232 68 Baptist
199 3916 1966 112 convention
462 3977 189 65 [c1934]
