2526 4384
1291 4059 99 47 132

403 524 84 38 125
522 534 42 37 p.
626 524 126 39 illus.
781 523 160 48 (map)
1009 522 114 40 19cm.

329 590 52 52 ©
410 596 109 38 Dec.
548 595 68 44 11,
643 594 139 40 1934;
813 592 65 40 2c.
907 593 107 39 Jan.
1043 591 69 47 22,
1138 592 140 45 1935;
1308 591 80 39 aff.
1419 591 108 39 Jan.
1555 592 81 43 21;
1668 591 40 37 A
1736 588 169 46 79315;
1939 588 196 48 Sunday
2163 588 161 39 school

395 650 151 40 board
575 651 51 38 of
656 651 81 39 the
770 651 239 39 Southern
1041 649 194 47 Baptist
1264 647 299 41 convention.
1635 646 251 47 (35-2676)

327 751 280 66 Dobbins,
638 751 220 55 Gaines
883 751 261 65 Stanley,
1178 756 170 50 1886-

332 823 1993 151 The school in which we teach [by] G. S. Dobbins … Nashville, Tenn., The Sunday school board of the Southern Baptist
328 983 338 52 convention
705 986 193 64 [c1934]

399 1059 85 38 144
513 1069 40 37 p.
642 1056 86 42 19cm.

403 1115 188 40 “Books
635 1114 78 39 for
759 1114 197 40 further
1005 1112 225 49 reading”
1251 1124 8 28 :
1308 1124 41 37 p.
1398 1113 214 40 138-141.
1692 1112 226 47 “Sunday
1966 1112 161 40 school
2177 1112 149 40 board

332 1170 350 49 publications”
703 1182 9 29 :
749 1183 41 36 p.
827 1170 213 40 141-142.

335 1224 1994 52 © Oct. 25, 1934; 2c. Jan. 2, 1935; aff. Dec. 31, 1934; A 77956; Sunday
401 1287 161 38 school
591 1286 149 39 board
771 1285 51 40 of
852 1286 80 39 the
964 1285 240 40 Southern
1233 1283 196 48 Baptist
1458 1283 301 40 convention.
1831 1281 251 48 (35-2622)

334 1389 261 64 Duncan,
624 1388 254 55 William
908 1392 172 62 Cary,
1112 1392 168 52 1874-

403 1466 119 52 The
565 1466 264 68 amazing
871 1465 267 53 Madame
1181 1466 210 65 Jumel,
1433 1465 74 69 by
1550 1464 260 53 William
1855 1464 153 69 Cary
2053 1464 270 65 Duncan;

337 1542 135 52 with
496 1544 157 51 three
678 1543 379 53 illustrations
1085 1542 150 53 from
1261 1543 94 52 old
1384 1542 203 68 prints.
1649 1542 138 52 New
1815 1541 179 68 York,
2018 1541 309 54 Frederick

333 1620 69 52 A.
437 1619 202 55 Stokes
667 1638 297 51 company,
998 1622 148 53 1935.

403 1693 67 39 xii
495 1702 41 38 p.,
578 1694 23 38 1
661 1724 8 16 l.,
694 1693 84 39 321
803 1704 43 36 p.
900 1695 162 44 front.,
1088 1703 74 37 pl.,
1189 1696 148 44 ports.
1388 1691 146 41 21½cm.

408 1749 258 40 “Author’s
699 1749 471 48 acknowledgment”
1216 1748 271 48 (including
1521 1750 218 46 sources)
1766 1759 9 29 :
1811 1758 43 39 p.
1888 1747 216 42 319-321.

338 1803 54 51 ©
424 1808 108 39 Feb.
567 1809 67 45 14,
668 1807 140 47 1935;
844 1808 64 39 2c.
945 1809 93 38 and
1074 1808 79 39 aff.
1190 1808 110 40 Feb.
1334 1809 82 45 16;
1451 1809 40 37 A
1524 1807 169 47 80441;
1731 1808 71 39 W.
1837 1808 47 40 C.
1921 1809 218 45 Duncan,
2175 1807 154 40 North

403 1864 289 47 Brookfield,
725 1866 145 38 Mass.
942 1865 250 47 (35-2689)

331 1966 195 65 Duun,
553 1966 163 68 Olav,
745 1969 170 53 1876-

336 2045 1968 210 The people of Juvik, by Olav Duun, a saga of modern Norway, translated from the Norwegian by Arthur G. Chater … VI .
438 2202 120 51 The
587 2207 191 46 storm.
845 2202 137 52 New
1010 2201 178 67 York,
1213 2201 212 53 Alfred
1454 2202 72 52 A.
1556 2201 207 68 Knopf
1797 2205 172 63 [1935]

404 2273 829 50 4 p. l , 3-257, [1] p., 1 l. 19½cm.
421 2332 145 39 “First
596 2331 256 40 American
884 2331 226 40 edition.”

340 2384 52 52 ©
417 2389 107 39 Jan.
550 2388 68 46 21,
644 2389 112 39 1935;
810 2388 65 40 2c.
902 2390 107 38 Jan.
1035 2388 82 47 26;
1144 2388 80 40 aff.
1250 2389 107 39 Jan.
1383 2389 82 45 25;
1493 2390 41 37 A
1560 2387 169 47 79389;
1755 2388 172 40 Alfred
1953 2390 53 38 A.
2034 2386 179 49 Knopf,
2241 2389 88 38 inc.

337 2506 188 65 Eddy,
554 2508 138 51 Mrs.
721 2508 172 62 Mary
925 2508 253 64 (Baker)
1216 2512 324 50 1821-1910.

407 2582 231 53 Visions
669 2582 64 52 of
759 2582 171 69 Mary
959 2582 189 53 Baker
1182 2583 190 68 Eddy,
1405 2602 59 34 as
1495 2583 269 52 recorded
1794 2583 74 68 by
1900 2583 100 52 her
2032 2588 298 62 secretary,

338 2658 206 54 Calvin
574 2660 70 52 A.
678 2659 168 69 Frye,
914 2703 9 9 C.
990 2704 9 9 S.
1070 2703 29 25 D.,
1131 2660 152 52 from
1317 2660 336 67 1872-1894;
1690 2660 139 52 with
1864 2658 466 68 interpretations

339 2736 227 53 written
603 2737 74 68 by
715 2738 100 51 her
852 2738 289 52 sometime
1180 2738 267 52 assistant
1484 2742 299 64 secretary,
1824 2737 226 55 Gilbert
2089 2737 62 54 C.
337 2737 1971 143 Carpenter,
576 2832 46 35 c.
647 2833 40 34 s.
712 2833 47 33 b.;
818 2814 389 53 introduction
1230 2815 74 69 by
1331 2814 225 55 Gilbert
1580 2815 61 54 C.
1670 2815 332 68 Carpenter,
2030 2815 89 68 jr.,
2183 2856 10 10 C.
2248 2857 10 10 S.
2317 2857 10 10 B.

343 2890 324 69 [Rumford,
696 2892 67 51 R.
794 2892 67 67 I.,
891 2895 175 64 c1935]

409 2962 57 41 66
489 2974 57 37 p.,
575 2965 24 38 1
647 2995 7 7 l.
717 2964 145 43 24½cm.

406 3020 100 39 Ten
533 3020 158 47 copies
717 3020 207 47 printed.

343 3073 52 52 ©
428 3078 99 40 Oct.
562 3079 38 45 5,
634 3077 113 41 1934;
808 3078 64 40 2c.
907 3079 109 39 Jan.
1049 3078 40 47 2,
1122 3078 112 41 1935;
1296 3079 81 40 aff.
1411 3080 108 38 Jan.
1553 3080 26 39 3
1597 3090 9 30 :
1641 3081 40 37 A
1711 3080 145 40 78846;
1917 3078 188 42 Gilbert
2137 3080 47 40 C.
406 3082 1909 100 Carpenter,
624 3135 75 46 jr.,
736 3136 252 45 Rumford,
1026 3136 53 38 R.
1118 3137 34 37 I.
1225 3135 250 48 (35-1677)

339 3235 252 67 Elmore,
620 3239 133 53 Carl
780 3238 286 65 Hopkins,
1096 3244 169 49 1878-

413 3313 119 54 The
572 3315 417 54 inexhaustible
1026 3316 211 59 Christ,
1276 3317 75 66 by
1390 3317 134 55 Carl
1564 3317 268 67 Hopkins
1871 3318 244 52 Elmore.
2191 3318 136 52 New

344 3392 162 53 York
535 3393 112 52 and
673 3393 256 66 London,
957 3394 231 66 Harper
1215 3398 45 49 &
1285 3394 276 64 brothers,
1594 3399 148 49 1935.

414 3464 80 47 vii,
524 3463 86 41 130
638 3475 42 37 p.
741 3464 115 40 19cm.

417 3519 238 42 Sermons.

416 3576 161 40 “First
608 3576 225 41 edition.”

343 3629 52 52 ©
427 3635 107 38 Jan.
565 3633 69 47 30,
665 3633 140 46 1935;
837 3633 64 40 2c.
933 3634 106 39 Jan.
1071 3635 82 46 31;
1187 3635 79 39 aff.
1301 3636 109 39 Feb.
1441 3636 52 45 1;
1527 3635 40 39 A
1600 3634 168 47 79441;
1803 3636 192 46 Harper
2026 3636 37 39 &
2095 3636 122 39 bros.

419 3690 249 47 (35-2670)

338 3791 323 66 Ferguson,
689 3791 257 54 Blanche
976 3792 213 56 Smith.

341 3866 1955 150 Glorious thunder [by] Blanche Smith Ferguson … Philadelphia, The Penn publishing company [c1935]
