2424 4375
1050 4079 132 50 1819

133 469 210 63 Oakes,
371 470 247 52 Mansur
644 468 66 55 B.

202 545 219 52 Mental
470 543 244 54 attitude
765 543 93 51 for
906 541 417 69 underwriting
1367 559 229 46 success,
1644 541 75 68 by
1767 542 240 52 Mansur
2053 544 66 51 B,

131 618 1560 69 Oakes. Indianapolis, R & R publications [ c 1935]
202 695 87 40 127
314 705 42 38 p.
416 694 29 40 21½
505 696 45 22 cm
554 726 10 10 .

134 748 53 52 ©
221 751 127 48 Sept.
383 751 68 48 10,
486 749 140 48 1935;
661 750 65 40 2c.
762 751 94 38 and
890 749 83 40 aff.
1008 751 111 38 Dec.
1155 749 28 39 6;
1243 749 42 39 A
1319 749 141 40 88563;
1526 750 267 39 Insurance
1827 750 227 39 research
2086 749 38 40 &

198 808 176 41 review
402 808 195 49 service,
630 806 346 49 Indianapolis.
1050 805 279 49 (35-38095)

132 897 376 64 Oberdorfer,
542 897 167 55 Aldo.

265 972 1852 69 … Il re folle, Luigi II di Baviera <1845-1886> Milano, A.
132 1051 344 54 Mondadori
531 1056 151 62 [1935]

203 1123 98 48 341,
329 1122 54 50 [5]
410 1133 56 38 p.,
491 1124 25 39 1
560 1155 9 8 l.
621 1123 127 40 illus.
779 1122 150 48 (plan,
951 1121 240 48 facsims.)
1222 1123 170 48 plates,
1418 1126 147 44 ports.
1617 1121 57 40 19½
1705 1124 43 21 cm
1753 1154 8 7 .
1823 1122 299 47 (Half-title:

137 1180 52 40 “I
214 1179 111 41 libri
352 1180 193 46 verdi”;
576 1180 205 40 drammi
808 1191 26 28 e
859 1179 176 47 segreti
1062 1180 126 39 della
1216 1181 166 46 storia,
1411 1190 44 30 n.
1484 1178 80 47 23)

206 1236 342 49 “Bibliografia
583 1236 320 41 essenziale”:
937 1236 101 40 leaf
1070 1239 51 37 at
1154 1237 105 40 end.

131 1291 1971 109 © Mar. 3. 1935; 1c. Nov. 1; A-Foreign 29620; Casa editrice A. Mondadori. (36-140)
133 1438 326 54 Oklahoma
489 1439 238 64 Baptist
758 1440 350 64 university,
1138 1441 293 52 Shawnee.

201 1518 154 65 Why
392 1516 295 55 Christian
723 1518 326 64 education;
1090 1535 31 34 a
1155 1516 368 67 symposium,
1557 1516 76 67 by
1668 1516 94 53 the
1799 1516 224 66 faculty
2059 1515 63 52 of

133 1594 319 54 Oklahoma
493 1596 230 64 Baptist
761 1594 332 52 university.
1172 1593 290 62 Shawnee,
1502 1594 149 63 Old.,
1691 1596 150 49 1935.

201 1664 521 51 7 p. l., 188 p. 24 cm .
133 1719 51 53 ©
211 1723 116 39 Nov.
353 1723 68 46 12,
450 1722 115 40 1935;
618 1722 66 40 2c.
714 1723 92 38 and
836 1721 82 41 aff.
946 1722 117 40 Nov.
1091 1722 55 40 18;
1204 1722 41 39 A
1272 1720 146 42 89428;
1473 1721 268 41 Oklahoma
1770 1720 197 48 Baptist
1994 1722 130 40 univ.

211 1779 279 49 (35-37850)

132 1867 322 65 O’Rourke,
482 1869 314 52 Lawrence
823 1869 218 54 James.

203 1944 1860 69 English and everyday life. book 2 … by L. J. O’Rourke …
131 2024 400 66 Washington,
561 2026 70 51 D.
666 2024 80 65 C.,
777 2025 118 51 The
925 2024 432 66 Psychological
1390 2024 261 53 institute
1688 2057 12 33 [
1704 2030 19 20 c
1730 2027 130 49 1935
1867 2057 12 33 ]

204 2096 103 46 xiii,
336 2097 71 48 [1],
433 2096 87 40 210
544 2107 43 37 p.
642 2096 125 40 illus.
824 2095 56 40 19½
911 2099 44 20 cm
960 2128 8 8 .
1035 2096 201 47 (Junior
1261 2096 220 39 self-aids
1511 2096 174 46 series)

133 2149 53 53 ©
214 2155 119 46 Aug.
363 2152 69 48 21,
462 2152 113 41 1935;
635 2151 66 41 2c.
730 2154 96 38 and
856 2151 81 42 aff.
969 2154 111 39 Dec.
1111 2154 82 46 14;
1226 2153 40 39 A
1297 2151 169 49 89849;
1500 2154 52 39 L.
1583 2153 43 40 J.
1660 2152 265 47 O’Rourke,
207 2152 1900 106 Washington.

133 2298 164 64 Osta,
324 2298 248 56 Amelia.

131 2373 1965 145 … Tempeste; romanzo. Milano, I[stitulo] t[ipografico] e[ditoriale] 1935.
202 2525 99 47 351,
335 2527 53 49 [1]
420 2537 44 37 p.
523 2525 58 41 19½
610 2528 43 21 cm
660 2558 8 9 .

200 2581 63 39 At
287 2581 122 39 head
437 2581 52 39 of
511 2580 134 41 title:
676 2580 173 41 Flavia
876 2579 145 42 Steno
1060 2580 209 49 (Amelia
1299 2579 118 41 Osta
1443 2579 210 47 Cottini)

135 2634 1988 53 © May 12, 1935; 1c. Oct. 2; A-Foreign 29318; Amelia Osta Cottini,
204 2696 176 46 Genoa,
408 2697 144 46 Italy.
625 2696 192 47 (36-46)

134 2779 314 68 Parkman,
478 2784 238 64 Sydney
743 2783 228 66 Müller,
1004 2788 170 50 1895-

204 2859 349 68 Uncharted,
617 2860 75 69 by
758 2860 230 69 Sydney
1052 2861 307 53 Parkman.
1457 2860 258 57 London,
1777 2861 239 52 Hodder

136 2936 321 68 Stoughton
492 2936 222 55 limited
775 2941 151 64 [1935]

203 3010 85 41 317
318 3020 43 38 p.
421 3009 54 40 19½
508 3012 44 21 cm
555 3041 10 9 .

135 3063 1988 53 © 1c. Dec. 20, 1935; A ad int. 20930; pubd. Oct. 24; S. M. Parkman. St.
202 3123 468 49 Leonard’s-on-Sea,
707 3125 191 46 Sussex,
930 3126 235 46 England.
1236 3125 220 49 (36-370)

135 3211 162 64 Paul,
325 3213 306 64 Randolph
662 3215 85 63 E.,
779 3220 170 49 1890-

206 3289 1855 71 The law of federal income taxation, by Randolph F. Paul …
139 3368 1922 70 and Jacob Mertens, jr. … 1935 cumulative supplements …
142 3443 127 68 [for]
305 3445 249 55 volumes
587 3448 114 50 1-6.
779 3446 267 67 Chicago,
1079 3447 319 68 Callaghan
1430 3450 111 51 and
1574 3466 294 49 company,
1902 3453 150 48 1935.

207 3517 28 39 6
262 3528 40 28 v.
360 3516 54 39 25
418 3519 43 21 cm
467 3549 9 8 .

207 3573 154 39 These
390 3574 272 47 pamphlets
694 3585 84 29 are
808 3578 47 37 to
886 3576 58 40 be
973 3574 138 41 fitted
1139 3576 101 40 into
1273 3578 84 40 the
1385 3578 196 47 pockets
1612 3579 53 38 at
1695 3578 83 39 the
1807 3578 122 39 back
1961 3578 52 39 of
2043 3580 82 39 the

139 3629 212 39 volumes
379 3630 51 38 of
457 3631 83 38 the
565 3633 72 37 set
665 3633 47 37 to
742 3632 156 38 which
928 3633 113 46 they
1068 3632 184 46 belong.

140 3680 51 52 ©
223 3686 111 39 Dec.
368 3686 68 41 14,
499 3686 83 40 1935;
644 3686 66 40 2c.
745 3688 116 39 each
896 3690 94 37 and
1024 3688 82 40 aff.
1140 3690 112 39 Dec.
1315 3690 25 39 17;
1405 3690 40 38 A
1475 3688 144 42 89907;
1682 3690 269 47 Callaghan
1987 3690 37 40 &
2055 3700 68 31 co.

137 3799 189 65 Pratt,
357 3803 256 55 Adelene
643 3802 230 65 Jessup,
908 3809 170 49 1882-

208 3877 477 69 Encyclopedias;
724 3881 127 52 how
885 3886 58 48 to
979 3899 95 35 use
1113 3882 110 52 and
1262 3882 255 53 evaluate
1554 3882 172 68 them,
1762 3883 74 68 by
1872 3882 250 54 Adelene

139 3951 1958 71 Jessup Pratt … Chicago, F. E. Compton & company [ c 1935]
