2526 4384
1335 4095 97 49 188

370 477 377 66 Remington,
776 478 240 56 Harold.

443 554 1925 70 Remington on bankruptcy, for use during 1935 … [Pocket
371 632 1881 69 supplements for] v. 1-8 … Rochester, N. Y., The Lawyers
369 653 1973 124 cooperative
687 710 336 68 publishing
1052 729 295 50 company,
1379 713 149 52 1934.

443 784 27 40 8
495 795 42 28 v.
594 782 57 41 23
651 785 45 21 cm
700 814 8 7 .

445 841 156 39 These
628 841 273 47 pamphlets
933 851 85 30 are
1048 843 51 37 to
1127 841 56 39 be
1213 840 137 40 fitted
1382 841 103 39 into
1517 842 82 39 the
1628 842 197 47 pockets

1856 844 52 37 at
1941 842 81 39 the
2053 842 121 38 back
2206 841 54 40 of
2291 843 80 42 the

376 898 218 40 volumes
617 898 52 39 of
695 898 84 39 the
803 899 74 38 set
902 900 49 37 to
978 897 157 40 which
1161 897 114 48 they
1301 898 185 47 belong.

375 963 53 53 ©
454 967 110 40 Feb.
591 967 69 48 19,
688 967 141 47 1935;
856 967 68 41 2c.
953 968 120 39 each
1097 967 110 40 Feb.
1234 968 83 47 25;
1347 967 81 40 aff.
1460 968 109 39 Feb.
1596 967 83 47 27;
1708 968 43 39 A
1775 967 171 48 79830;
1977 968 60 40 H.
2067 966 304 49 Remington,

445 1024 117 40 New
587 1025 144 40 York.

372 1128 204 65 Rhett,
605 1131 137 52 Mrs.
771 1128 258 55 Blanche
1061 1129 254 65 (Salley)
1352 1147 179 50 comp.

443 1208 102 49 200
605 1224 163 50 years
830 1206 63 53 of
957 1206 336 55 Charleston
1354 1206 270 68 cooking;
1689 1206 212 68 recipes
1961 1207 273 67 gathered
2294 1206 75 68 by

375 1283 254 54 Blanche
661 1282 56 56 S.
749 1284 203 65 Rhett;
988 1284 188 53 edited
1206 1285 73 66 by
1309 1285 187 52 Lettie
1525 1284 155 67 Gay;
1714 1284 390 53 introduction
2136 1285 113 52 and
371 1303 1975 127 explanatory
706 1366 210 50 matter

943 1362 74 67 by
1047 1362 185 54 Helen
1262 1362 362 57 Woodward.
1685 1355 144 62 New
1861 1362 180 69 York,
2070 1364 77 52 H.
2180 1362 190 57 Smith

371 1443 45 49 &
442 1443 68 53 R.
537 1443 160 51 Haas
727 1474 13 34 [
745 1447 20 22 c
768 1443 152 65 1934]

445 1512 1229 50 xvi, 305 p. incl. front. plates, facsim. 19½ cm .
449 1569 1924 49 “The original recipes … tested and standardized in the testing kitchen
374 1630 51 39 of
453 1629 83 40 the
559 1629 119 39 New
702 1628 132 40 York
862 1626 388 41 herald-tribune
1273 1626 376 49 institute.”·—p.
1678 1639 77 28 xv.

447 1685 234 40 “Revised
711 1684 198 47 edition,
938 1683 279 49 Copyright,
1247 1683 156 41 1934.”

381 1738 54 52 ©
474 1743 126 47 Sept.
637 1741 68 47 10,
741 1741 140 47 1934;
920 1741 65 40 2c.
1025 1741 109 40 Jan.
1170 1740 68 48 21,
1277 1740 140 47 1935;
1457 1740 80 40 aff.
1577 1741 108 39 Feb.
1724 1741 81 41 21;
1846 1740 40 40 A
1922 1739 169 48 80551;
2130 1740 242 40 Harrison

448 1799 157 40 Smith
632 1799 38 40 &
695 1798 180 40 Robert
905 1799 150 47 Haas,
1085 1799 89 39 inc.
1244 1797 280 48 (34-27229)

377 1899 172 65 Ring,
576 1901 247 65 Barbra,
853 1902 171 54 1870-

509 1977 1278 68 … Jolle. Oslo, H. Aschehoug & co. [1934]
448 2049 84 41 140
567 2061 44 38 p.
672 2049 55 41 20
731 2052 44 21 cm
779 2082 10 10 .

447 2107 40 38 A
520 2107 154 41 novel.

382 2160 52 52 ©
460 2165 116 38 Nov.
605 2162 39 48 9,
672 2163 141 47 1934;
872 2175 35 29 1c.
937 2165 111 39 Dec.
1076 2163 82 47 21;
1188 2163 309 47 A-Foreign
1525 2162 170 48 26520;
1728 2164 59 38 H.
1818 2164 288 46 Aschehoug
2133 2163 37 39 &
2198 2172 66 30 co.

458 2220 252 49 (35-3031)

401 2322 223 67 [Rivett,
653 2324 183 53 Edith
867 2323 284 68 Caroline]
1188 2329 170 50 1894-

452 2400 237 52 Murder
718 2400 59 54 in
810 2401 252 59 Chelsea,
1094 2402 72 67 by
1199 2404 64 50 E.
1301 2402 60 54 C.
1394 2403 66 51 R.
1495 2404 178 50 Lorac
1730 2402 178 66 [pseud]
2021 2402 137 51 New
2192 2400 177 54 York.

382 2480 992 67 The Macaulay company [ c 1935]
453 2552 85 39 252
570 2562 41 37 p.
673 2551 153 47 diagr.
887 2552 54 40 19½
973 2554 45 21 cm
1023 2584 8 8 .

384 2605 52 52 ©
468 2610 109 39 Feb.
608 2609 69 47 28,
710 2608 139 47 1935;
883 2609 67 40 2c.
983 2611 95 38 and
1110 2609 79 40 aff.
1224 2611 119 38 Mar.
1375 2608 53 48 2;
1463 2609 40 39 A
1534 2608 169 48 80701;
1738 2609 258 46 Macaulay
2028 2618 65 29 co.

462 2666 249 47 (35-3120)

380 2768 168 53 Saint
576 2768 282 53 Nicholas
882 2768 227 64 society
1133 2770 63 52 of
1221 2770 103 52 the
1351 2768 123 64 city
1500 2769 64 54 of
1589 2769 146 53 New
1759 2768 181 55 York.

450 2845 121 53 The
615 2845 168 55 Saint
823 2845 271 54 Nicholas
1133 2847 211 66 society
1386 2846 62 53 of
1488 2847 94 52 the
1625 2846 115 65 city
1781 2844 63 53 of
1882 2845 141 52 New
2064 2843 191 66 York;
2300 2862 73 33 an

380 2922 262 52 hundred
668 2942 135 47 year
829 2923 215 66 record,
1072 2926 325 49 1835-1935.
1466 2922 250 67 [Garden
1743 2922 154 65 City,
1922 2921 72 53 N.
2021 2920 90 67 Y.]
381 2920 1968 130 Printed

476 2999 94 53 for
592 3000 96 51 the
714 2998 167 55 Saint
903 2998 271 54 Nicholas
1197 3000 210 65 society
1455 3000 122 52 [The
1601 2999 260 65 Country
1883 2997 106 54 life
2015 3016 173 47 press]
2220 3000 151 49 1935.

451 3071 29 38 4
519 3081 44 37 p.
639 3101 9 17 l,
691 3071 110 39 v-vi
841 3081 59 38 p.,
943 3072 24 38 1
1045 3102 8 15 l.,
1096 3070 167 48 xi-xii,
1305 3071 83 39 132
1429 3083 44 36 p.
1533 3071 86 40 col.
1661 3071 164 46 front.,
1867 3070 142 47 illus.,
2052 3069 157 49 plates
2238 3069 132 48 (inch

380 3127 177 47 music)
596 3129 162 46 ports.,
789 3128 188 38 facsim.
1038 3127 57 38 24½
1126 3129 43 20 cm
1174 3159 8 8 .

454 3181 1917 52 “Of this edition there are printed … eight hundred volumes.” This
381 3252 118 38 copy
530 3243 84 39 not
644 3241 276 41 numbered.

453 3296 295 50 “Appendix,
843 3329 8 7 A.
885 3297 105 39 List
1021 3297 50 39 of
1102 3294 180 42 officers
1314 3297 96 38 and
1443 3297 354 39 stewards.—B.
1829 3296 238 41 Members
2099 3295 52 41 of
2180 3297 81 40 the
382 3295 1971 105 Society.—C.

658 3355 199 39 Former
887 3353 235 40 members
1155 3352 50 41 of
1236 3353 81 40 the
1351 3352 246 48 Society”:
1629 3364 43 37 p.
1709 3352 245 50 [101]-132.

387 3407 52 52 ©
469 3412 108 40 Feb.
607 3412 69 45 15,
705 3410 116 41 1935;
876 3409 65 41 2c.
972 3410 94 38 and
1099 3407 78 40 aff.
1209 3408 109 40 Feb.
1349 3408 82 47 20;
1464 3409 39 39 A
1534 3407 169 48 79740;
1741 3409 139 41 Saint
1910 3409 228 40 Nicholas
2170 3419 90 29 soc.

465 3467 250 49 (35-2949)

381 3570 283 64 Schenck,
693 3570 322 54 Hermann.

451 3646 379 67 Einführung
856 3646 63 54 in
945 3647 93 51 die
1066 3643 419 69 physikalische
1515 3646 212 52 chemie
1757 3646 99 51 der
1884 3645 460 67 eisenhüttenpro
385 3741 163 42 zesse,

381 3721 1965 147 von dr.-ing. Hermann Schenck … 2. bd. Die Stahlerzeugung …
861 3800 216 65 Berlin,
1106 3802 54 53 J.
1192 3798 295 68 Springer,
1519 3803 147 51 1934.

454 3873 101 47 viii,
582 3873 86 40 274
692 3883 43 37 p.
790 3873 104 39 fold.
936 3874 169 46 plates,
1132 3872 178 47 diagrs.
1366 3871 56 40 25½
1454 3874 44 20 cm
1504 3904 8 8 .

456 3930 181 40 Folded
663 3930 157 47 plates
848 3939 83 29 are
957 3929 49 38 in
1031 3929 173 47 pocket
1229 3931 54 37 at
1306 3928 122 40 back
1452 3928 53 39 of
1532 3928 135 40 book.

388 3980 1981 54 © Nov. 29, 1934; 1c. Feb. 19, 1935; A-Foreign 27005; Julius Springer.
