2424 4375
1314 3998 99 49 832

391 459 130 52 Van
565 459 177 67 Duyn
787 459 387 56 Southworth.
1257 462 295 67 Syracuse,
1594 464 73 54 N.
1710 465 91 65 Y.,
1845 466 139 54 New
2029 467 163 53 York
2257 477 118 61 [etc]

391 537 259 65 Iroquois
683 536 336 68 publishing
1049 555 298 50 company,
1377 540 108 53 inc.
1538 544 177 63 [c1935]

460 620 65 49 ix,
555 623 72 48 [1],
653 620 86 42 501
765 632 42 38 p.
864 622 128 41 illus.
1047 622 146 42 19½cm.

391 687 53 53 ©
471 693 129 40 June
625 692 68 46 18,
722 691 113 42 1935;
893 693 65 40 2c.
989 694 129 39 June
1142 692 55 41 25;
1257 693 79 41 aff.
1369 695 126 40 June
1525 696 82 47 24;
1638 696 40 39 A
1706 697 169 46 84410;
1912 699 225 47 Iroquois:
2164 701 107 46 pub.
2301 710 79 39 co.,

459 749 90 40 inc.
623 748 249 49 (35-8939)

392 864 280 66 Sterrett,
700 865 154 56 Cliff.

392 943 1984 155 Polly and her pals on the farm; adapted from the newspaper comic strip by Cliff Sterrett … Akron, O., New York,
388 1100 122 53 The
541 1098 270 57 Saalfield
840 1100 335 69 publishing
1204 1120 297 50 company,
1526 1106 175 51 c1934.

462 1185 113 51 [152]
605 1197 42 37 p.
701 1187 164 46 front.,
889 1186 128 41 illus.
1073 1188 146 39 14½cm.

388 1252 53 53 ©
468 1257 118 47 Aug.
616 1256 39 47 6,
682 1255 114 42 1934;
853 1256 64 41 2c.
947 1259 95 38 and
1071 1256 81 41 aff.
1180 1258 119 47 Aug.
1328 1258 59 40 20;
1440 1259 41 39 A
1509 1258 143 41 73954;
1711 1259 131 50 King
1867 1260 220 42 features
2116 1264 259 49 syndicate,

454 1311 105 50 inc.,
590 1314 116 39 New
733 1314 131 39 York.
950 1314 14 48 (CA
1049 1314 143 41 34-35
1213 1314 236 51 Unrev’d)

389 1414 198 67 Stone,
618 1416 275 55 Clarence
921 1417 239 65 Robert,
1192 1423 170 50 1882-

465 1493 1802 72 Stone’s silent reading, bk. 4. By Clarence R. Stone …
388 1573 337 53 Illustrated
773 1574 75 66 by
894 1574 157 51 Ruth
1104 1574 364 55 Sutherland.
1553 1578 233 63 Boston,
1833 1578 138 52 New
2020 1578 162 53 York
2234 1585 132 60 [etc.]

387 1649 319 68 Houghton
744 1647 201 56 Mifflin
982 1669 307 49 company;
1332 1652 362 68 Cambridge,
1730 1653 121 54 The
1887 1654 298 54 Riverside
2221 1674 150 50 press

408 1732 177 64 [c1935]

556 1845 9 17 xxv,
599 1815 71 50 [1],
696 1814 85 40 293
807 1825 42 37 p.
903 1814 128 41 illus.
1060 1814 134 50 (part
1221 1816 113 48 col.)
1396 1814 116 41 19cm.

385 1881 53 53 ©
478 1886 116 47 July
632 1885 39 46 2,
711 1883 140 48 1935;
891 1885 66 40 2c.
998 1887 95 38 and
1134 1885 80 40 aff.
1256 1886 115 48 July
1411 1887 52 45 5;
1505 1887 40 38 A
1584 1885 171 49 83872;
1799 1888 263 47 Houghton
2101 1888 167 40 Mifflin
2304 1899 65 31 co.

458 1940 283 51 [Copyright
767 1941 42 41 is
836 1941 203 41 claimed
1067 1952 60 31 on
1153 1954 110 28 new
1287 1942 243 51 material]

385 2044 208 65 Swem,
625 2045 140 52 Earl
795 2045 215 67 Gregg,
1043 2045 171 56 1870-
1426 2064 177 50 comp.

457 2121 1813 70 Virginia historical index, v. 1. A-K. By E. G. Swem …
384 2201 287 67 Roanoke,
719 2201 124 67 Va.,
890 2202 306 67 Designed,
1243 2201 249 68 printed,
1539 2203 112 52 and
1697 2202 192 54 bound
1932 2204 75 68 by
2052 2205 97 52 the
2199 2205 167 55 Stone

382 2278 264 68 printing
677 2279 112 52 and
818 2279 471 67 manufacturing
1317 2299 296 49 company,
1648 2284 147 50 1934.

521 2363 542 49 xx, 1118 p. 30 × 23½cm.
451 2435 158 39 “Four
638 2435 219 39 hundred
885 2436 94 38 and
1010 2433 295 49 twenty-five
1332 2434 158 48 copies
1520 2434 205 48 printed.
1784 2435 116 41 This
1931 2436 43 40 is
2000 2448 74 28 no.
2102 2436 99 42 34.”

457 2492 130 40 “The
610 2490 220 49 Virginia
861 2490 252 41 historical
1142 2491 144 39 index
1315 2491 42 39 is
1387 2502 62 28 an
1477 2491 216 48 analysis
1723 2493 53 40 of
1803 2493 81 39 the
1914 2493 318 40 information
2264 2496 101 38 that

382 2550 177 38 relates
591 2551 47 37 to
666 2547 218 49 Virginia
914 2550 96 38 and
1039 2546 285 50 Virginians
1350 2548 51 39 in
1430 2549 79 39 the
1538 2548 252 48 following
1816 2550 174 40 books:
2021 2551 101 40 The
2150 2548 212 51 Virginia

379 2605 254 48 magazine
657 2605 53 40 of
734 2604 188 48 history
946 2606 95 38 and
1068 2604 280 48 biography,
1377 2616 42 28 v.
1447 2606 127 47 1-38,
1601 2604 287 48 1893-1930;
1922 2607 80 40 the
2032 2605 212 43 William
2274 2608 90 39 and

379 2661 1986 96 Mary college quarterly historical magazine, first series … v. 1-27, 1892-1919 …
602 2719 123 48 [and]
757 2720 172 37 second
954 2717 163 47 series,
1145 2729 41 27 v.
1214 2718 126 46 1-10,
1368 2717 286 46 1921-1930;
1686 2718 184 47 Tyler’s
1898 2722 251 45 quarterly
379 2718 1968 96 historical
491 2775 95 38 and
622 2773 324 49 genealogical
984 2772 264 49 magazine,
1285 2785 40 27 v.
1365 2773 127 48 1-10,
1532 2772 286 49 1919-1929;
1859 2773 218 49 Virginia
2116 2774 246 41 historical

380 2832 204 47 register
618 2832 95 38 and
746 2831 203 47 literary
982 2829 274 41 advertiser.
1304 2842 40 27 v.
1382 2830 98 47 1-6,
1516 2830 259 41 1848-1853;
1841 2833 84 38 the
1960 2832 169 39 Lower
2163 2830 199 41 Norfolk

378 2890 177 44 county
580 2886 221 49 Virginia
827 2886 275 48 antiquary,
1126 2898 42 28 v.
1194 2887 97 46 1-5,
1317 2886 286 47 1895-1906;
1636 2886 232 49 Hening’s
1899 2888 219 40 Statutes
2143 2891 54 38 at
2220 2889 141 45 large,

378 2944 142 47 being
551 2954 27 29 a
612 2943 253 40 collection
897 2943 53 39 of
980 2944 65 39 all
1080 2944 82 39 the
1192 2946 119 36 laws
1345 2943 54 40 of
1430 2942 234 49 Virginia,
1701 2942 273 49 1619-1792,
2010 2956 40 28 v.
2086 2944 112 41 1-13;
378 2942 1967 99 Calendar
560 3001 53 40 of
641 2998 219 49 Virginia
892 3002 130 38 state
1051 3010 178 37 papers,
1256 3001 96 38 and
1383 3001 140 39 other
1554 3000 329 48 manuscripts
1916 3002 257 46 preserved
2202 3000 51 39 in
2284 3001 78 39 the

379 3055 1980 50 Capitol at Richmond, 1652-1869, v. 1-11 … The founders of the Index
378 3124 84 29 are
491 3114 188 39 sixteen
710 3114 233 39 members
975 3112 53 41 of
1057 3114 84 39 the
1168 3112 221 48 Virginia
1417 3112 253 41 historical
1706 3112 194 48 society,
1935 3114 164 40 whose
379 3111 1962 100 contributions
539 3169 295 41 established
870 3180 26 28 a
928 3169 123 40 fund
1085 3170 111 38 that
1226 3170 202 38 enabled
1464 3170 81 38 the
1578 3169 159 40 editor
1769 3171 48 38 to
1853 3169 140 48 begin
2030 3170 82 39 the
2146 3170 131 38 work
2309 3166 49 41 of

378 3226 326 48 compilation.
774 3226 102 39 The
917 3225 251 40 chairman
1213 3225 53 39 of
1308 3224 97 41 this
1448 3236 155 37 group
1643 3225 41 40 is
1727 3226 89 39 Mr.
1860 3225 206 40 Fairfax
2111 3220 244 45 Harrison.

375 3282 258 41 Additions
665 3286 47 37 to
747 3283 82 40 the
858 3282 122 40 fund
1011 3282 60 47 by
1102 3292 129 29 some
1263 3282 54 39 of
1348 3282 83 39 the
1462 3281 207 48 original
1701 3281 326 41 contributors
2060 3284 94 38 and
2187 3283 60 46 by
2280 3280 78 40 the

378 3340 307 39 Rockefeller
707 3339 291 40 foundation
1024 3339 124 38 have
1174 3339 202 39 assured
1403 3337 547 48 publication.”—Pref.,
1978 3349 42 30 v.
2048 3340 38 46 1,
2118 3348 43 37 p.
2190 3338 62 39 ix.

375 3404 53 53 ©
447 3408 116 40 Nov.
586 3409 175 46 3, 1934;
812 3408 65 40 2c.
901 3409 117 39 Nov.
1041 3408 54 38 12;
1146 3407 82 40 aff.
1252 3408 115 39 Nov.
1392 3408 55 40 13;
1500 3408 40 39 A
1563 3407 142 41 77213;
1757 3408 53 40 E.
1834 3408 53 41 G.
1913 3408 166 47 Swem,
444 3406 1896 109 Williamsburg,
609 3466 86 39 Va.
765 3464 278 49 (34-38514)

377 3567 260 64 Touring
664 3567 129 54 club
821 3568 257 54 italiano.

556 3643 1791 68 … Attraverso l’Italia; illustrazione delle regioni italiane.
378 3722 1321 65 v. 60. Toscana. Parte 2. … Milano, 1935.
444 3806 1377 50 1 p. l., [5]-253, [3] p. illus., col. plates, map. 29½cm.
372 3871 1975 54 © Jan. 1, 1935; 1c. June 12; A-Foreign 28266; Touring club italiano,
444 3933 164 40 Milan.
