2424 4375
1243 4064 134 49 1226

334 447 173 65 Beck,
537 447 297 66 Berenice,
864 449 179 53 sister.

462 521 1856 70 … A study of content and achievement in the materia medica
328 599 1989 71 course … by Sister M. Berenice Beck … Washington, D. C.,
329 678 121 54 The
478 677 259 55 Catholic
762 677 317 68 university
1106 678 65 55 of
1196 678 281 67 America,
1508 682 151 51 1935.

400 751 65 47 xi,
504 752 87 40 125
628 763 43 38 p.
730 752 56 40 23
790 754 44 21 cm
839 783 8 8 .
917 751 124 49 (The
1081 752 220 41 Catholic
1340 751 272 49 university
1651 753 52 39 of
1739 751 238 41 America.
2038 751 194 42 Studies
2270 754 49 39 in

330 807 204 50 nursing
561 808 270 41 education,
890 809 91 40 vol.
1042 808 14 47 I)

401 864 171 41 Thesis
608 864 106 49 (PH.
775 864 325 47 D.)—Catholic
1127 863 270 49 university
1422 865 52 40 of
1498 864 239 42 America.

334 916 53 53 ©
409 922 118 47 Aug.
549 922 39 47 6,
614 920 140 47 1935;
778 921 66 41 2c.
869 923 94 38 and
988 921 82 40 aff.
1094 922 119 47 Aug.
1236 921 82 47 27;
1345 922 40 38 A
1411 921 169 47 85667;
1609 921 220 41 Catholic
1855 920 128 42 univ.
2009 921 53 40 of
2085 920 233 43 America.

413 977 278 49 (35-15891)

331 1080 285 66 Bernard,
642 1083 118 52 Ted
790 1083 223 63 Butler,
1043 1088 170 49 1899-

405 1160 324 67 Secondary
758 1160 299 53 education
1084 1161 179 52 under
1290 1157 266 59 different
1583 1166 163 62 types
1776 1160 62 53 of
1866 1161 227 53 district
333 1179 1963 124 organization,
591 1238 74 67 by
697 1239 120 52 Ted

332 1239 1963 144 B. Bernard … New York city, Teachers college, Columbia university, 1935.
395 1389 59 46 vi,
477 1389 54 40 93
555 1400 41 37 p.
649 1388 126 40 illus.
806 1388 183 49 (maps)
1050 1389 54 39 23½
1138 1391 43 20 cm
1186 1420 8 8 .
1258 1389 263 48 (Teachers
1547 1390 191 47 college,
1764 1388 249 42 Columbia
2038 1388 280 50 university.

335 1445 365 41 Contributions
730 1448 47 37 to
807 1446 271 46 education,
1106 1456 74 29 no.
1210 1445 108 47 642)

408 1502 248 48 “Grayson
684 1504 188 46 county,
898 1502 172 47 Texas,
1096 1512 100 30 was
1222 1502 208 40 selected
1457 1513 54 28 as
1538 1503 80 39 the
1645 1501 198 49 locality
1872 1504 47 39 to
1946 1503 56 39 be
2027 1501 295 42 studied.’’—

332 1570 42 37 p.
412 1560 38 38 4.

406 1616 169 39 Issued
602 1616 105 38 also
731 1626 53 28 as
812 1614 151 40 thesis
1001 1616 106 46 (PH.
1163 1616 34 44 D.)
1234 1615 252 39 Columbia
1513 1614 285 48 university.

405 1671 375 48 Bibliography:
809 1681 43 37 p.
878 1670 69 40 85.

334 1724 53 53 ©
410 1730 114 46 May
544 1728 70 47 23,
637 1727 140 46 1935;
801 1727 67 40 2c.
892 1727 114 47 July
1030 1727 82 46 15;
1138 1726 81 41 aff.
1243 1727 120 47 Aug.
1387 1727 52 46 6;
1466 1727 40 38 A
1529 1726 169 47 84858;
1723 1727 51 39 T.
1799 1727 53 39 B.
1875 1727 234 47 Bernard,
407 1726 1895 107 Princeton,
534 1786 54 38 N.
619 1784 43 40 J.
733 1783 278 49 (35-15456)

331 1886 183 55 Bible.
586 1889 72 53 N.
696 1890 62 51 T.
837 1888 251 67 Gospels.
1164 1886 261 68 English.
1500 1885 359 55 Harmonies.
1933 1889 152 51 1985.

399 1965 122 53 The
544 1962 213 56 unified
783 1962 264 69 Gospels;
1073 1963 94 52 the
1193 1962 273 69 complete
1488 1961 106 55 life
1620 1961 64 57 of
1711 1959 195 57 Christ
1929 1962 61 53 in
2016 1960 96 55 the
2135 1960 182 55 words

332 2037 1986 72 of the evangelists, arranged by John W. Lea … Philadelphia,
333 2118 270 55 National
632 2118 332 68 publishing
993 2135 275 50 company
1303 2151 13 34 [
1321 2124 18 22 c
1343 2119 133 51 1935
1482 2150 13 35 ]

400 2191 974 51 xv, [3], 239 p. front. (map) 20½ cm .
334 2246 53 53 ©
414 2251 117 47 July
554 2249 70 48 29,
653 2249 139 47 1935;
822 2250 65 39 2c.
917 2250 97 39 and
1042 2249 78 39 aff.
1151 2249 120 47 Aug.
1302 2250 51 45 7;
1384 2249 40 38 A
1454 2247 169 48 85399;
1654 2248 130 40 Natl.
1814 2249 107 47 pub.
1952 2258 67 30 co.

413 2307 279 47 (35-15447)

333 2395 391 64 Blumenfeld,
754 2394 217 55 Simon.

400 2471 123 54 Jew
556 2470 126 60 boy,
712 2470 74 60 by
818 2468 196 55 Simon
1046 2467 382 55 Blumenfeld.
1502 2467 255 63 London,
1788 2467 56 55 J.
1881 2467 154 63 Cape
2091 2469 132 50 [1935]

400 2546 29 39 3
454 2556 44 37 p.
561 2575 9 15 l.,
597 2543 144 41 9-348
770 2554 42 38 p.
870 2543 55 40 20
926 2545 46 21 cm
977 2575 8 8 .

333 2598 1984 53 © 1c. Sept.. 4, 1935; A ad int. 20547; pubd. July 8; Doubleday, Doran &
403 2669 82 36 co.,
518 2658 106 46 inc.,
657 2657 192 40 Garden
882 2656 122 48 City,
1037 2657 55 38 N.
1126 2657 53 38 Y.
1250 2654 279 49 (35-15913)

332 2747 209 63 Boyer,
572 2747 246 53 Warren
850 2746 270 53 Edward.

401 2822 122 52 The
562 2821 243 52 bandeet
845 2826 260 61 maestro,
1147 2820 75 69 by
1266 2820 243 54 Warren
1553 2819 68 54 E.
1665 2820 204 68 Boyer.
1948 2817 361 70 Hollywood,

331 2896 193 71 Calif.,
555 2897 318 55 Webbooks
904 2898 320 67 publishers
1282 2900 150 64 [1935]

402 2970 26 40 3
453 2981 42 38 p.
558 3008 7 15 l.,
593 2970 117 41 9-58
735 2980 42 38 p.
837 2970 55 40 23½
925 2974 14 20 cm
973 3004 8 9 .

403 3027 68 40 “A
497 3029 139 38 novel
660 3026 493 41 novelette.”—Verso
1180 3026 51 39 of
1256 3028 72 38 1st
1357 3025 181 48 prelim,
1567 3025 111 42 leaf.

403 3082 163 42 “First
593 3082 227 44 edition.”

332 3138 53 52 ©
407 3143 118 47 Aug.
552 3141 205 47 27,1935;
811 3141 66 40 2c.
903 3143 94 38 and
1024 3140 80 41 aff.
1136 3141 126 47 Sept.
1289 3141 52 46 3;
1371 3141 41 38 A
1438 3140 168 47 85720;
1637 3142 71 38 W.
1737 3142 48 37 E.
1816 3142 169 47 Boyer,
2014 3138 295 50 Hollywood,

404 3198 142 41 Calif.
617 3198 277 48 (35-15464)

331 3286 255 63 Brewer,
614 3287 154 53 John
793 3286 222 64 Marks,
1046 3287 170 55 1877-

398 3361 346 68 Newspaper
775 3360 196 55 stories
1005 3362 92 52 for
1128 3378 183 50 group
1345 3360 305 69 guidance;
1685 3379 31 33 a
1748 3360 145 54 book
1926 3378 71 36 on
2032 3361 277 69 problems

327 3436 1952 147 of character, by John M. Brewer … and Charles Henry Glidden … New York, Inor publishing company, 1935.
395 3588 925 49 xxvii, 250 p. incl. illus., pl. 23½ cm .
331 3640 52 52 ©
411 3646 119 46 Aug.
561 3644 40 48 2,
633 3644 138 47 1935;
803 3645 67 39 2c.
900 3645 119 47 Aug.
1052 3645 81 46 12;
1166 3644 82 40 aff.
1280 3645 119 47 Aug.
1431 3644 81 46 10;
1546 3646 40 38 A
1618 3644 167 47 84931;
1819 3646 42 38 J.
1895 3647 61 38 M.
1987 3646 194 39 Brewer
2212 3646 91 39 and

399 3701 199 40 Charles
628 3702 166 46 Henry
826 3700 215 48 Glidden,
1073 3700 298 48 Cambridge,
1404 3702 145 39 Mass.
1619 3700 277 49 (35-15453)

330 3787 267 64 Bridges,
624 3789 208 53 Milton
860 3790 315 63 Arlanden,
1207 3796 169 48 1894-

393 3863 1849 71 Food and beverage analyses, by Milton Arlanden Bridges …
323 3940 423 69 Philadelphia,
779 3942 113 52 Lea
926 3944 46 50 &
1005 3941 259 68 Febiger,
1301 3944 148 50 1935.
