2424 4375
1190 4064 130 48 1114

341 515 1923 49 ix. 274 p. incl. front., illus., diagr. 19 cm . ( Hai f-title: The Christ-life
271 572 148 39 series
447 572 47 38 in
525 570 217 49 religion,
769 572 121 39 book
918 572 50 46 8)

275 624 53 53 ©
355 630 115 46 July
496 628 68 47 16,
593 627 139 48 1935;
762 628 67 40 2c.
859 629 95 39 and
982 628 82 40 aff.
1092 628 115 48 July
1236 630 54 38 17
1308 640 8 34 ;
1348 630 42 38 A
1442 629 140 46 85068;
1616 629 280 40 Macmillan
1924 642 66 28 co.

353 685 279 48 (35-13404)

270 789 206 63 Miller,
506 790 179 53 Nora.

340 865 1917 71 The girl in the rural family, by Nora Miller … Chapel
268 945 146 66 Hill,
442 945 120 53 The
589 946 334 65 University
951 944 63 53 of
1043 945 186 52 North
1259 944 271 55 Carolina
1558 964 175 49 press,
1762 949 148 50 1935.

344 1017 63 45 ix,
436 1015 84 41 108
545 1026 43 37 p.
649 1016 55 38 22
708 1018 43 21 cm
756 1048 8 8 .

346 1073 128 40 “The
504 1072 192 41 routine
724 1072 53 40 of
802 1072 150 48 living
982 1072 51 40 of
1063 1073 80 40 the
1171 1072 166 48 people
1367 1072 54 41 of
1448 1072 229 41 different
1707 1073 130 40 rural
1872 1074 311 47 occupations
2214 1075 48 39 in

274 1128 1988 49 the South … The status of the out-of-school girl is discussed … in
274 1186 386 41 detail.”—Pref.

273 1240 53 53 ©
353 1245 116 47 July
494 1245 71 46 29,
594 1244 114 41 1935
725 1255 9 36 ;
763 1244 67 40 2c.
856 1245 117 47 Aug.
1002 1245 25 39 3
1046 1255 9 36 ;
1086 1244 80 41 aff.
1196 1245 115 47 July
1338 1245 53 40 31
1412 1255 9 36 ;
1453 1246 40 38 A
1521 1244 145 41 84819
1681 1256 9 36 ;
1722 1244 282 50 University
2031 1247 53 40 of
2109 1247 155 40 North

343 1302 227 41 Carolina
597 1312 149 38 press.
817 1301 277 48 (35-13246)

267 1391 247 65 Mirsky,
549 1393 241 63 Dmitry
821 1392 402 64 Svyatopolk-,
1261 1398 170 49 1890-

342 1470 120 54 The
513 1470 408 67 intelligentsia
974 1470 62 51 of
1087 1470 179 55 Great
1317 1470 248 67 Britain,
1616 1470 74 67 by
1740 1470 216 54 Dmitri
2007 1471 253 68 Mirsky;

271 1546 1985 71 translated by Alec Brown. New York, Covici, Friede [ c 1935]
339 1618 85 41 237
458 1631 41 37 p.
561 1619 115 40 21cm.

273 1672 52 53 ©
353 1677 115 47 July
493 1676 69 40 23,
592 1676 140 46 1935;
761 1674 66 41 2c.
856 1675 117 48 July
998 1675 82 47 25;
1112 1674 81 41 aff.
1225 1675 114 48 July
1368 1675 81 46 24;
1481 1676 40 39 A
1549 1676 170 47 84798;
1751 1676 176 47 Covici,
1956 1676 185 47 Friede,
2170 1678 90 41 inc.

352 1733 278 48 (35-13359)

270 1823 179 63 More,
481 1825 97 50 Sir
602 1823 274 63 Thomas,
904 1823 187 62 Saint,
1120 1823 322 53 1478-1535.

341 1904 235 65 Utopia,
604 1902 228 52 written
857 1903 54 51 in
943 1901 173 53 Latin
1145 1902 74 67 by
1248 1901 95 56 Sir
1369 1902 246 52 Thomas
1641 1903 161 52 More
1832 1902 110 52 and
1968 1903 143 52 done
2140 1902 120 53 into

268 1979 244 67 English
536 1980 73 66 by
633 1979 192 68 Ralph
851 1979 321 67 Robynson.
1233 1980 138 52 New
1396 1980 179 53 York,
1597 1981 121 52 The
1741 1980 251 53 Limited
2016 1981 243 53 editions

272 2059 145 56 club,
447 2061 149 50 1934.

343 2132 27 38 5
393 2142 43 36 p.
499 2162 7 15 l.,
535 2131 96 46 164,
663 2132 55 48 [2]
746 2141 41 37 p.
842 2129 127 41 illus.
1021 2129 55 41 26½
1110 2132 42 21 cm
1159 2162 8 8 .

349 2187 221 41 “Fifteen
597 2187 219 40 hundred
845 2185 157 50 copies
1032 2187 53 38 of
1110 2187 98 40 this
1236 2187 122 39 book
1386 2188 123 38 have
1537 2188 116 39 been
1683 2186 196 49 printed
1903 2188 79 39 for
2013 2189 78 39 the
274 2197 1969 87 members

415 2244 51 39 of
495 2245 79 39 the
607 2243 209 41 Limited
850 2244 207 40 editions
1090 2244 107 38 club
1234 2247 51 37 at
1317 2245 80 38 the
1430 2244 167 45 Rudge
1629 2255 137 37 press
1798 2245 153 39 under
1985 2245 80 39 the
272 2255 1970 86 supervision
456 2301 52 40 of
534 2302 156 38 Bruce
719 2300 223 48 Rogers.”
999 2301 116 38 This
1144 2300 41 39 is
1213 2300 252 48 copyright
1494 2310 132 38 copy.

344 2359 103 38 The
473 2368 141 29 name
645 2358 183 40 “Bruce
859 2356 210 48 Rogers”
1101 2357 48 39 in
1182 2358 83 46 flie
1293 2356 182 40 edition
1505 2360 112 36 note
1648 2357 41 38 is
1717 2358 347 47 autographed.

344 2415 187 48 “Ralph
570 2414 298 47 Robynson's
906 2414 107 39 first
1050 2413 183 40 edition
1270 2413 41 41 is
1350 2415 116 38 used
1504 2414 80 39 for
1623 2415 78 39 the
1742 2413 293 41 text.”—5th
2074 2413 184 49 prelim,

273 2473 111 39 leaf.

271 2525 53 52 ©
356 2530 117 38 Mar.
504 2528 68 47 25,
606 2527 139 46 1935;
779 2527 67 39 2c.
877 2528 93 38 and
1004 2525 81 41 aff.
1120 2527 116 47 July
1267 2526 80 46 19;
1383 2527 39 38 A
1453 2526 169 46 85088;
1657 2526 207 40 Limited
1897 2526 209 42 editions
2136 2526 121 48 club,

341 2585 90 40 inc.
495 2583 280 51 [Copyright
801 2584 44 39 is
868 2583 203 40 claimed
1098 2594 60 28 on
1182 2583 331 39 introduction
1537 2584 60 46 by
1626 2584 60 39 H.
1716 2584 51 40 G.
1795 2584 149 40 Wells
1971 2583 94 39 and
2093 2582 166 48 design

341 2643 60 47 by
436 2643 155 39 Bruce
627 2642 196 48 Rogers]
898 2639 279 49 (35-13243)

271 2731 255 63 Mullins,
558 2733 199 61 Edgar
787 2732 228 61 Young,
1051 2735 319 49 1860-1928.

337 2805 228 56 Studies
597 2806 59 52 in
688 2805 321 55 Colossians
1061 2806 92 68 [by]
1190 2806 67 52 E.
1289 2806 72 52 Y.
1392 2804 256 54 Mullins.
1715 2804 312 70 Nashville,
2059 2805 196 66 Tenn.,

265 2883 119 52 The
415 2883 238 69 Sunday
683 2884 189 52 school
905 2884 176 51 board
1114 2882 63 53 of
1207 2884 94 51 the
1336 2882 281 54 Southern
1656 2882 229 67 Baptist
1918 2881 334 54 convention

310 2965 150 63 [c1935]

339 3035 85 39 118
450 3044 43 38 p.
554 3033 56 40 19
613 3036 45 21 cm
661 3068 9 9 .

339 3090 133 41 First
511 3090 257 47 published
810 3090 50 39 in
901 3088 113 42 1913
1055 3088 50 40 in
1148 3089 127 40 “The
1319 3087 297 41 Convention
1660 3088 177 40 series”
1883 3098 55 30 as
1979 3090 111 46 part
2132 3087 27 39 2
2204 3087 52 40 of

274 3149 224 39 “Studies
528 3149 48 38 in
607 3148 270 47 Ephesians
908 3149 94 38 and
1034 3146 318 41 Colossians”.

339 3203 101 42 The
471 3204 137 39 Bible
641 3205 103 38 text
775 3203 50 40 in
859 3203 79 40 the
972 3202 104 41 first
1111 3201 183 42 edition
1329 3202 41 39 is
1400 3200 192 49 printed
1626 3204 52 37 at
1713 3203 80 46 top
1826 3200 52 41 of
1908 3211 120 38 page
2045 3211 10 37 ;
2092 3200 47 40 in
2175 3200 80 41 the

269 3263 193 42 present
485 3260 183 40 edition
692 3262 50 38 at
764 3259 259 48 beginning
1046 3259 52 40 of
1121 3259 117 40 each
1265 3259 211 46 chapter.

273 3313 53 53 ©
361 3318 129 40 June
522 3318 69 46 24,
627 3318 116 39 1935
758 3328 8 36 ;
806 3318 66 39 2c.
906 3318 115 46 July
1057 3316 81 46 29;
1179 3316 81 40 aff.
1298 3316 116 47 July
1449 3317 82 45 31;
1572 3316 40 39 A
1650 3315 168 47 84790;
1862 3316 195 47 Sunday
2094 3314 161 41 school

341 3376 147 38 board
526 3374 52 40 of
611 3376 81 39 the
731 3375 240 39 Southern
1008 3373 195 48 Baptist
1238 3372 301 40 convention.
1609 3372 277 47 (35-13100)

268 3465 279 52 National
574 3465 336 54 committee
940 3465 93 51 for
1060 3464 222 53 mental
1310 3464 271 63 hygiene.

341 3543 378 66 Proceedings
751 3542 63 52 of
851 3543 91 51 the
972 3542 201 52 second
1210 3541 327 52 conference
1573 3559 71 33 on
1676 3539 346 68 psychiatric
268 3539 1959 137 education,
438 3623 136 51 New
605 3620 162 52 York
794 3620 131 65 city,
954 3622 137 64 May
1120 3619 188 66 27-28,
1338 3622 150 49 1934.
1551 3619 120 51 The
1699 3618 271 51 National
269 3616 1959 133 committee
383 3696 94 52 for
504 3700 212 50 mental
743 3696 258 67 hygiene,
1026 3698 127 63 inc.,
1182 3696 263 53 Division
1473 3696 62 52 of
1564 3695 344 68 psychiatric
1936 3695 313 53 education.

271 3776 139 51 New
440 3774 161 52 York
628 3774 133 66 city,
787 3777 147 50 1935.

339 3845 80 46 vii,
447 3846 84 39 151
559 3856 42 37 p.
656 3846 60 39 25½
744 3847 45 21 cm
792 3877 8 9 .

272 3898 54 52 ©
352 3903 113 46 May
492 3902 39 46 3,
562 3901 139 47 1935;
732 3901 65 40 2c.
826 3903 115 45 May
966 3901 55 40 27
1038 3911 10 36 ;
1078 3901 80 40 aff.
1186 3901 126 39 June
1339 3900 81 46 15;
1450 3901 41 38 A
1519 3900 167 45 84288;
1718 3900 128 39 Natl.
1876 3898 270 41 committee
2172 3899 78 39 for

345 3959 181 39 mental
553 3959 219 46 hygiene,
804 3957 104 48 inc.,
940 3958 116 39 New
1087 3958 143 38 York.
