2424 4375
1066 4044 101 53 733

119 388 249 60 Mather,
398 389 196 51 Frank
623 389 234 57 Jewett,
888 392 168 49 1868-

185 458 1634 74 Con cerning beauty, by Frank Jewett Mather, jr. …
118 456 1963 137 Published
334 559 69 34 on
443 541 94 51 the
577 540 173 52 Louis
790 539 177 54 Clark
1003 540 299 52 Yanuxem
1344 536 360 54 foundation.
1779 535 326 66 Princeton,

116 618 298 52 Princeton
447 616 316 68 university
795 634 172 50 press,
999 618 149 51 1935.

184 699 1416 52 xii p., 1 l., 302 p. front., plates, double diagr. 22 cm .
185 773 227 48 “Though
447 773 80 40 the
555 772 123 40 book
712 782 100 29 was
842 774 83 38 not
957 772 195 40 written
1188 770 49 41 in
1271 770 180 42 lecture
1483 770 142 46 form,
1661 771 124 39 most
1817 769 52 40 of
1901 769 64 40 its

116 767 1973 102 substance
307 839 97 30 was
427 830 139 45 given
593 839 53 30 as
671 828 206 41 lectures
905 840 72 39 [on
1006 829 79 40 the
1113 827 147 41 Louis
1288 826 147 41 Clark
1460 827 250 40 Yanuxem
1739 826 288 40 foundation
2057 824 52 40 of

122 884 249 42 Princeton
398 886 285 48 university]
711 885 48 39 in
789 886 79 39 the
894 886 99 39 late
1018 884 174 41 winter
1218 884 52 40 of
1294 882 350 43 1935.”—Pref.

188 940 370 49 Bibliography:
591 952 41 37 p.
666 940 245 51 [293]-295.

121 1010 51 52 ©
207 1015 119 38 Mar.
361 1013 67 44 12,
463 1012 113 40 1935;
639 1013 68 40 2c.
746 1014 113 46 May
893 1013 79 45 13;
1013 1012 81 41 aff.
1131 1014 113 46 May
1280 1013 81 45 14;
1400 1013 40 38 A
1476 1012 170 46 81807;
1685 1010 258 41 Princeton
1979 1011 129 40 univ.

188 1081 148 37 press.
407 1069 250 50 (35-7988)

118 1172 342 64 Nyabongo,
489 1173 181 52 Akiki
696 1174 53 51 K.,
817 1178 168 49 1905-

189 1250 119 51 The
333 1256 156 62 story
516 1250 63 52 of
605 1269 73 34 an
703 1248 246 55 African
975 1248 169 68 chief,
1170 1251 76 66 by
1270 1248 178 55 Akiki
1476 1251 73 51 K.
1577 1250 344 67 Nyabongo;

121 1250 1964 131 illustrations
399 1328 72 67 by
511 1328 247 53 Eleanor
793 1330 302 65 Maroney;
1139 1328 138 53 with
1318 1347 71 33 an
1428 1326 387 54 introduction
1853 1327 73 66 by
123 1326 1961 132 William

287 1407 163 66 Lyon
481 1406 229 67 Phelps.
785 1407 137 52 New
955 1407 179 65 York,
1168 1406 62 55 C.
1266 1405 310 56 Scribner’s
1609 1423 145 48 sons,
1790 1409 148 50 1935.

188 1490 1166 51 x p., 2 l., 3-312 p. incl. front., plates. 22 cm .
122 1559 52 53 ©
202 1564 118 38 Mar.
351 1561 69 44 29.
450 1562 139 42 1935;
621 1562 67 41 2c.
719 1564 95 38 and
843 1562 81 40 aff.
954 1563 113 47 Apr.
1095 1562 55 46 4;
1185 1562 41 39 A
1255 1560 168 49 83492;
1457 1562 201 40 Charles
1691 1560 267 41 Scribner’s
1986 1570 125 31 sons.

199 1620 248 46 (35-7937)
515 1619 319 40 Provisional.

121 1719 200 67 Orczy,
352 1722 342 64 Emmuska,
723 1723 276 52 baroness.

189 1799 118 52 The
335 1800 339 52 uncrowned
702 1799 167 68 king;
902 1820 31 33 a
962 1806 125 46 true
1113 1817 261 34 romance
1401 1799 63 52 of
1492 1799 95 52 the
1618 1799 144 66 ’60’s,
1790 1799 74 66 by
121 1801 1965 129 Baroness

228 1876 200 68 Orczy.
489 1877 90 53 bk.
606 1881 48 63 2,
681 1877 160 68 chap.
871 1882 46 62 4,
946 1881 45 49 5.
1077 1880 32 48 [2
1134 1878 375 65 instalments]

199 1964 81 48 (In
308 1959 189 43 British
524 1959 204 52 weekly,
754 1960 118 52 May
898 1961 42 50 9,
967 1960 70 49 16,
1067 1959 142 50 1935)

124 2029 52 53 ©
203 2034 64 39 1c.
296 2034 118 39 each
444 2034 130 39 June
601 2034 67 46 11,
700 2033 141 46 1935;
872 2034 43 39 A
943 2035 60 38 ad
1034 2033 86 41 int.
1150 2033 171 47 20303;
1354 2034 142 47 pubd.
1530 2034 115 47 May
1673 2033 40 48 9,
1744 2032 82 47 16;
1859 2034 50 37 E.
1946 2033 165 47 Orczy,

192 2092 165 38 Monte
381 2091 157 47 Carlo,
567 2091 216 47 Monaco,
812 2090 196 40 France.

123 2191 245 68 Osgood,
400 2193 245 55 Charles
673 2195 348 64 Grosvenor,
1055 2196 170 53 1871-

187 2271 118 52 The
341 2271 155 53 voice
534 2270 65 53 of
634 2271 298 69 England;
972 2290 30 33 a
1039 2271 220 69 history
1298 2270 65 54 of
1401 2270 245 70 English
1685 2270 312 66 literature,
2037 2270 74 69 by

122 2347 1987 70 Charles Grosvenor Osgood … New York and London, Harper
119 2424 42 50 &
187 2426 275 67 brothers,
490 2428 150 50 1935.

192 2497 581 49 xiii p., 1 l., 627 p. 22½cm.
190 2568 159 42 “First
375 2569 227 41 edition.”

191 2623 143 50 “[The
365 2626 178 40 author
574 2626 104 50 has]
715 2626 207 41 inclined
957 2629 47 38 to
1042 2628 80 40 the
1155 2625 333 50 biographical
1522 2629 112 45 part
1667 2627 52 39 of
1753 2625 360 42 literature.”—

127 2678 119 42 Pref.

192 2736 131 41 “List
346 2737 52 40 of
423 2738 160 46 books,
607 2738 61 47 by
692 2737 205 42 Willard
921 2738 218 48 Thorp”;
1166 2748 43 39 p.
1235 2738 218 43 589-595.

128 2802 52 53 ©
204 2809 126 39 June
353 2809 39 47 1,
420 2808 112 42 1935;
589 2810 67 41 2c.
686 2811 125 40 June
837 2810 51 47 1;
919 2810 83 40 aff.
1031 2811 129 40 June
1183 2812 54 46 4;
1269 2811 41 40 A
1338 2811 169 47 83468;
1539 2812 196 48 Harper
1760 2812 36 39 &
1823 2814 125 37 bros.

206 2865 247 48 (35-7974)

127 2966 427 66 Pennsylvania
585 2986 268 37 museum
883 2972 63 52 of
975 2974 113 61 art,
1119 2972 424 66 Philadelphia.

194 3043 51 52 A
284 3045 127 51 loan
451 3045 316 54 exhibition
809 3046 63 53 of
911 3047 423 54 authenticated
1378 3047 288 53 furniture
1710 3046 64 54 of
1816 3048 97 53 the
1952 3051 163 65 great

127 3119 395 70 Philadelphia
550 3123 486 68 cabinet-makers,
1067 3125 74 68 by
1168 3124 148 54 Wm.
1349 3125 378 68 Macpherson
1757 3125 252 67 Hornor,
2039 3123 71 70 jr.

182 3197 1929 74 … the Pennsylvania museum of art, Philadelphia, April 13th
125 3272 237 71 through
396 3276 139 69 May
568 3279 148 66 13th,
749 3281 148 50 1935.
970 3279 444 68 [Philadelphia,
1447 3279 204 54 Julian
1682 3281 66 53 B.
1786 3279 195 56 Slevin
2014 3297 99 50 co.,

127 3347 118 70 inc.,
277 3356 148 64 1935]

197 3421 82 52 [20]
315 3435 42 38 p.
417 3426 170 47 plates.
645 3426 57 41 20½
735 3429 43 22 cm
783 3460 9 8 .

198 3490 71 41 On
298 3504 164 31 cover:
494 3496 376 41 Authenticated
900 3497 246 42 furniture
1177 3498 52 40 of
1259 3499 80 40 the
1369 3501 138 46 great
1537 3498 340 49 Philadelphia
130 3499 1968 91 cabinetmakers.

198 3603 414 45 “Memorabilia”:
641 3618 42 38 p.
715 3608 171 52 [19-20]

135 3668 50 53 ©
208 3675 109 47 Apr.
342 3677 69 48 ]2,
435 3678 139 47 1935;
601 3680 65 39 2c.
693 3681 111 47 Apr.
831 3681 79 42 16;
938 3680 81 41 aff.
1045 3682 113 48 Apr.
1185 3682 82 46 18;
1292 3683 42 38 A
1357 3682 169 48 82827;
1554 3684 215 40 William
1796 3686 316 46 Macpherson

202 3731 202 49 Hornor,
431 3736 76 46 jr.,
536 3736 133 47 Bryn
698 3738 167 47 Mawr,
893 3738 83 39 Pa.
1047 3738 250 49 (35-7900)

131 3829 215 57 Punch,
419 3856 49 33 v.
498 3842 114 60 188,
639 3858 86 34 no.
753 3842 150 60 4898,
929 3841 175 67 April
1129 3845 82 63 24,
1240 3845 148 49 1935.

137 3911 1976 65 © 1c. June 20, 1935; A ad int. 20324; pubd. Apr. 24; Herbert Heather,
202 3974 206 43 London.
