2424 4375
1039 4049 130 51 1809

158 416 294 67 Ajalbert,
481 419 165 64 Jean,
680 423 171 50 1863-

290 494 1852 74 … L’Italie en silence et Rome sans amour … Paris, A.
157 569 210 56 Michel
424 576 150 64 [1935]

227 643 743 51 2 p. l., [7]-284 p., 1 1. 19cm.
157 696 1714 56 © May 6, 1935; 1c. Aug. 21; A- Foreign 28742; Albin Michel.
239 758 278 49 (35-38138)

153 862 313 54 American
508 862 275 55 institute
823 865 62 51 of
923 864 228 65 mining
1188 866 113 52 and
1344 865 429 65 metallurgical
1812 866 329 64 engineers.

221 943 141 52 Iron
384 943 114 51 and
520 943 138 53 steel
679 943 262 52 division.

221 1020 402 53 Transactions
649 1019 62 54 of
735 1020 96 53 the
854 1021 306 52 American
1182 1020 264 53 institute
1470 1021 63 54 of
1557 1021 223 68 mining
1806 1022 111 52 and
149 1022 1966 142 metallurgical

419 1098 290 67 engineers
743 1098 451 68 (incorporated)
1265 1116 51 36 v.
1348 1102 113 50 116.
1524 1100 140 52 Iron
1691 1100 113 52 and
1829 1102 137 51 steel
149 1101 1964 140 division,
322 1179 148 49 1935.
546 1177 216 67 Papers

793 1176 112 53 and
937 1177 340 54 discussions
1308 1178 299 67 presented
1638 1178 196 53 before
1865 1180 97 51 the
149 1178 1964 129 division
295 1261 56 46 at
374 1254 95 53 the
492 1254 275 67 meetings

789 1255 128 52 held
946 1260 60 47 at
1027 1255 138 53 New
1190 1255 178 67 York,
1392 1256 124 54 Oct.
1546 1259 292 64 1-4,1934,
1864 1256 112 53 and
2002 1257 133 53 Feb.

151 1335 185 62 18-21,
363 1336 148 49 1935.
587 1333 138 52 New
752 1334 177 63 York,
954 1334 68 52 N.
1051 1335 69 51 Y.,
1166 1334 121 52 The
1311 1334 273 52 Institute
1614 1336 193 65 [c1935]

218 1406 85 39 467
330 1416 43 37 p.
402 1406 108 39 incl.
538 1404 142 49 illus.,
707 1408 137 46 port.,
872 1406 177 47 diagrs.
1108 1407 86 39 col.
1223 1406 169 48 plates.
1450 1406 146 40 23½cm.

137 1458 51 53 ©
209 1463 118 39 Nov.
350 1462 39 48 9,
412 1462 112 40 1935;
575 1462 67 40 2c.
665 1464 112 38 Dec.
799 1462 29 40 6;
876 1462 82 40 aff.
982 1463 110 39 Dec.
1117 1463 29 39 5;
1193 1463 42 39 A
1256 1461 143 42 89786;
1451 1464 158 39 Amer.
1633 1462 226 43 institute
1883 1464 51 39 of
1955 1461 185 52 mining

217 1520 95 40 and
342 1519 355 48 metallurgical
728 1519 264 48 engineers,
1020 1518 107 48 inc.,
1157 1520 117 39 New
1305 1520 144 39 York.

146 1622 295 65 Andrade,
470 1624 252 52 Edward
750 1624 226 52 Neville
1005 1624 73 51 da
1109 1624 197 62 Costa,
1336 1624 171 53 1887-

211 1697 162 55 More
407 1698 202 68 simple
647 1698 239 68 science;
925 1698 162 53 earth
1125 1698 114 53 and
1274 1716 153 50 man,
1463 1697 77 71 by
1578 1697 69 56 E.
1685 1697 70 55 N.
1795 1698 74 54 da
1907 1696 63 57 C.

141 1697 1968 210 Andrade … and Julian Huxley … with drawings by L. R. Brightwell
301 1855 114 53 and
449 1853 342 55 Comerford
821 1853 256 55 Watson.
1148 1852 249 70 Oxford,
1430 1854 68 53 B.
1532 1852 313 54 Blackwell
1904 1856 153 66 [1935]

248 1957 10 16 x,
282 1926 86 42 352
390 1937 42 38 p.
459 1926 109 42 incl.
595 1927 163 46 front.,
785 1926 141 49 illus.,
953 1926 179 48 diagrs.
1187 1924 146 42 20½cm.

213 1983 149 41 “This
396 1985 189 39 volume
621 1983 43 40 is
699 1983 51 40 in
786 1994 30 29 a
853 1993 135 31 sense
1025 1994 27 29 a
1091 1982 336 41 continuation
1463 1983 54 40 of
1556 1983 82 42 the
1675 1981 226 49 previous
1940 1983 189 41 volume

146 2038 178 50 Simple
365 2040 199 47 science,
608 2040 62 47 by
713 2040 253 40 Professor
1010 2039 54 41 E.
1108 2039 56 39 N.
1210 2040 61 40 da
1320 2039 49 41 C.
1415 2039 227 41 Andrade
1690 2040 97 40 and
1830 2039 84 41 Dr.
1961 2039 169 41 Julian

143 2095 208 51 Huxley,
380 2099 94 39 and
503 2098 82 40 the
615 2097 225 40 material
872 2096 50 41 in
952 2096 42 41 it
1022 2096 98 40 will
1151 2095 126 41 form
1307 2097 112 47 part
1448 2095 53 41 of
1528 2107 29 29 a
1590 2097 150 40 series
1770 2096 53 41 of
1850 2097 116 40 four

144 2107 1967 87 separate
273 2154 147 41 books
443 2155 211 46 adapted
678 2153 80 40 for
783 2163 83 31 use
892 2153 50 40 in
967 2151 424 43 schools.”—Pref.

143 2208 1989 53 © 1c. Dec. 3, 1935; A ad int. 20836; pubd. Oct. 8; E. N. da C. Andrade
210 2271 94 39 and
331 2269 167 41 Julian
528 2270 152 40 Sorell
706 2269 207 47 Huxley,
940 2269 211 39 London.
1223 2267 219 49 (36-205)

138 2370 327 67 Annunzio,
498 2371 271 54 Gabriele
796 2372 73 64 d’,
900 2375 172 50 1863-

208 2450 384 55 Crestomazia
630 2450 148 53 della
815 2449 162 53 lirica
1016 2449 59 53 di
1113 2447 266 57 Gabriele
1416 2447 392 69 d’Annunzio;
138 2447 1964 135 interpretazione

404 2547 28 35 e
478 2534 312 47 commento
840 2527 56 53 di
946 2528 157 52 Enzo
1150 2525 291 55 Palmieri.
1516 2526 279 68 Bologna,
1841 2527 70 54 N.
137 2527 1986 140 Zani-chelli,
350 2609 150 51 1935.

204 2677 65 47 xi,
297 2675 86 42 388
413 2686 42 38 p,
514 2675 150 41 front.
692 2674 171 50 (port.)
903 2674 171 49 plates.
1132 2674 148 42 21½cm.

206 2732 184 48 “Opere
419 2741 26 31 e
473 2733 156 46 giorni
662 2733 48 39 di
743 2731 224 40 Gabriele
995 2729 329 42 d’Annunzio”:
1386 2740 42 38 p.
1477 2730 144 40 [v]-xi.

138 2787 1986 111 © July 1, 1935; 1c. July 22; A-Foreign 28530; Casa éditrice N. Zani-chelli (s. a.) (35-38163)
135 2949 1931 71 Atlantic digest, 1935 cumulative annual pocket parts … [for]
202 3027 1518 68 v. 1-35 … St. Paul, West publishing co. [c1935]
203 3106 58 40 35
286 3116 42 29 v.
383 3104 115 40 25cm.

204 3163 156 40 These
385 3161 279 47 pamphlets
691 3169 84 29 are
803 3161 49 37 to
882 3158 57 39 be
968 3157 139 41 fitted
1137 3156 103 40 into
1268 3157 85 42 the
1380 3157 197 48 pockets
1609 3159 54 37 at
1692 3157 83 39 the
1805 3156 120 39 back
1959 3156 51 40 of
2040 3157 79 40 the

135 3220 214 39 volumes
375 3218 52 39 of
453 3218 81 39 the
561 3219 75 37 set
661 3218 53 37 to
737 3215 158 39 which
922 3216 115 45 they
1064 3214 183 47 belong.

135 3272 51 52 ©
214 3277 115 38 Nov.
357 3275 72 46 27,
454 3273 141 46 1935;
623 3272 65 40 2c.
719 3272 117 41 each
866 3272 110 38 Dec.
1005 3269 82 47 16;
1118 3270 81 40 aff.
1230 3271 112 38 Dec.
1368 3268 81 42 19;
1481 3270 40 38 A
1550 3267 144 42 89927;
1751 3270 133 39 West
1913 3268 108 48 pub.
2051 3280 67 29 co.

135 3391 577 68 [Aubrey-Fletcher,
741 3390 204 63 Henry
973 3387 297 66 Lancelot]
1304 3390 171 51 1887-

200 3469 145 54 Heir
377 3468 402 69 presumptive,
812 3484 27 34 a
874 3464 230 53 murder
1133 3469 157 63 story
1323 3464 74 67 by
1429 3463 202 67 Henry
1662 3461 181 55 Wade
1881 3463 210 68 [pseud.]

130 3548 255 66 London,
413 3544 303 57 Constable
744 3545 46 51 &
815 3560 97 40 co.,
939 3540 221 54 limited
1247 3544 118 63 [1935]

198 3620 61 48 vi,
285 3620 99 42 329.
414 3620 55 49 [1]
496 3629 43 38 p.
593 3616 118 41 fold.
738 3626 125 38 map.
888 3614 118 41 fold,
1031 3614 182 48 geneal.
1242 3613 95 41 tab.
1400 3613 113 42 19cm.

133 3670 1983 110 © 1c. Dec. 21, 1935; A ad int. 20934; pubd. Oct. 24; H. L. Aubrey-Fletcher, Aylesbury, Buckinghamshire, England. (36-363)
129 3826 247 60 Austen,
407 3824 236 52 Ernest.

191 3899 56 52 A
278 3897 199 68 timely
511 3895 279 67 warning,
822 3893 75 66 by
933 3891 206 52 Ernest
1174 3889 236 56 Austen,
1481 3890 402 70 Washington,
1919 3894 73 52 D.
2031 3892 80 67 C.,

122 3976 120 53 The
273 3976 206 52 author
529 3974 175 64 [c1935]
