2424 4375
1102 4056 97 48 545

188 533 84 39 151
299 544 43 37 p.
402 532 57 39 19½
488 535 45 20 cm
537 563 9 10 .

191 602 147 41 “This
375 602 123 40 book
537 602 43 40 is
617 602 254 49 published
913 602 47 39 in
1002 602 196 40 Ireland
1239 603 95 39 and
1374 602 142 39 bears
1554 603 83 38 the
1678 601 108 40 title
1827 600 156 39 ‘From
2024 598 81 42 far

120 669 142 38 green
291 658 508 41 hills’.”—Foreword.

124 730 53 53 ©
200 735 120 38 Mar.
345 733 68 47 20,
440 732 113 40 1935;
608 732 66 41 2c.
701 733 94 38 and
821 731 80 40 aff.
930 732 119 38 Mar.
1074 730 58 41 28;
1185 731 39 38 A
1249 730 146 41 81218;
1446 730 49 39 P.
1523 730 44 39 J.
1592 730 202 47 Kenedy
1820 729 37 40 &
1881 738 123 30 sons.

197 789 249 50 (35-6201)

118 892 334 65 Patterson,
485 894 173 55 Caleb
688 894 205 64 Perry,
926 898 171 49 1880-

121 980 1966 133 American government. Briefer ed. By Caleb Perry Patterson … and
565 1058 1541 67 William B. Guthrie … Boston, New York [etc.]
128 1138 69 53 D.
229 1139 63 54 C.
324 1138 193 53 Heath
546 1137 112 54 and
687 1155 279 50 company
1001 1170 12 34 [
1018 1143 18 21 c
1041 1140 134 50 1935
1180 1170 13 33 ]

190 1220 1922 52 2 p. l., iii-xiv, 589 p. diagr. 22 cm . (On cover; Political science
124 1280 174 51 series)

192 1349 347 50 Bibliography;
598 1361 45 38 p.
674 1349 216 42 531-542.

131 1418 1989 53 © Jan. 29, 1935; 2c. Apr. 1; aff. Apr. 15; A 81442; C . P. Patterson,
191 1479 190 46 Austin,
405 1480 128 42 Tex.,
557 1480 94 38 and
675 1478 214 40 William
915 1479 53 38 B.
993 1477 217 49 Guthrie,
1234 1478 116 40 New
1375 1478 145 39 York.
1590 1477 251 49 (35-6171)

128 1582 122 51 The
286 1581 435 63 Pennsylvania
758 1582 361 66 corporation
1158 1586 273 62 reporter,
1469 1580 333 68 containing
1839 1580 281 68 opinions,

197 1659 227 67 general
478 1659 211 67 orders,
743 1658 455 53 administrative
1250 1659 239 67 rulings,
1542 1663 239 63 reports,
1833 1658 287 67 circulars,

200 1740 147 49 rules
386 1736 64 54 of
487 1737 264 67 practice,
789 1741 118 61 etc.,
943 1735 63 54 of
1043 1737 98 52 the
1176 1736 204 54 Public
1414 1737 210 53 service
1660 1736 358 53 commission
2055 1737 63 51 of

197 1815 439 67 Pennsylvania,
667 1815 112 52 and
807 1813 262 69 opinions
1098 1815 62 52 of
1188 1815 95 52 the
1312 1821 208 61 county
1549 1820 188 49 courts
1765 1815 353 67 throughout

214 1893 95 52 the
337 1894 465 51 commonwealth
834 1894 110 51 and
972 1893 63 52 of
1064 1893 97 52 the
1187 1895 381 66 Department
1595 1893 63 52 of
1686 1893 205 67 justice
207 1894 1905 144 involving

349 1972 94 52 the
484 1971 108 52 law
631 1972 62 51 of
733 1970 222 68 private
997 1971 392 68 corporations
1429 1972 298 67 including
1767 1973 363 67 corporation

202 2054 97 48 tax
337 2067 149 35 cases
524 2048 111 53 and
674 2050 230 66 appeals
942 2049 153 51 from
1130 2049 96 54 the
1262 2049 203 54 Public
1501 2049 209 54 service
1748 2050 373 52 commission.

206 2125 1918 69 Reported and edited by Karl E. Richards … Volume 23.
206 2205 278 67 January,
514 2206 494 65 1934-December,
1037 2207 148 51 1934.
1248 2205 377 68 Harrisburg,
1652 2209 119 63 Pa.,
1797 2206 121 53 The
201 2209 1901 142 Pennsylvania

487 2285 362 65 corporation
876 2288 256 61 reporter
1164 2317 13 33 [
1182 2289 17 21 c
1205 2287 130 49 1935
1343 2317 12 33 ]

210 2372 79 47 vii,
314 2371 99 47 436,
439 2370 47 40 vi
513 2380 42 38 p.
610 2370 118 40 23cm.

137 2439 52 52 ©
212 2442 114 48 Apr.
350 2441 70 47 27,
445 2440 117 41 1935;
611 2440 67 41 2c.
706 2442 94 38 and
827 2440 81 40 aff.
935 2442 113 46 May
1074 2442 23 38 1;
1155 2446 40 34 A
1220 2440 144 42 82838;
1419 2441 122 39 Karl
1570 2442 49 38 E.
1651 2442 254 46 Richards,
206 2441 1905 106 Harrisburg,
369 2499 81 39 Pa.

137 2599 221 54 Punch.
473 2645 10 9 v.
513 2604 115 62 188,
653 2620 88 34 no.
769 2604 152 63 4893,
946 2602 201 52 March
1174 2605 84 63 20,
1287 2604 149 51 1935.

140 2685 1988 52 © 1c. May 18, 1935; A ad int. 20238; pubd. Mar. 20; Herbert Heather,
210 2745 209 40 London.

151 2849 285 64 Rabener,
470 2849 253 53 Johann.

279 2936 1853 69 … Condemned to live, a novel, translated from the German
150 3015 72 67 by
257 3012 264 71 Geoffrey
554 3013 249 68 Dunlop.
878 3013 230 55 Garden
1143 3014 151 69 City,
1326 3014 67 52 N.
1432 3013 90 68 Y.,
1554 3014 353 69 Doubleday,
1941 3014 194 53 Doran

147 3094 44 49 &
219 3110 291 50 company,
540 3093 126 66 inc.,
697 3093 151 52 1935.

215 3178 616 49 4 p. l., 3-524 p. 23cm.
219 3248 160 40 “First
407 3248 223 41 edition.”

148 3314 52 52 ©
226 3318 112 47 Apr.
367 3318 69 46 26,
465 3318 140 47 1935;
635 3318 67 39 2c.
731 3319 95 38 and
854 3317 80 40 aff.
966 3319 113 46 May
1108 3319 51 45 7;
1191 3319 41 38 A
1262 3317 143 41 81720;
1462 3319 298 48 Doubleday,
1791 3321 166 37 Doran
1987 3319 37 40 &
2052 3328 82 37 co.,

216 3373 89 42 inc.
376 3374 248 48 (35-6352)

150 3475 276 64 Robbins,
458 3479 254 52 Howard
745 3478 309 63 Chandler,
1089 3480 169 54 1876-

221 3554 120 51 The
368 3553 104 53 life
499 3553 63 52 of
587 3554 146 51 Paul
759 3556 213 51 Revere
998 3554 438 69 Frothingham,
1460 3555 77 67 by
1564 3555 257 53 Howard
1850 3555 289 54 Chandler

156 3631 269 52 Robbins.
501 3632 213 51 Boston
747 3633 111 51 and
887 3632 138 53 New
1056 3632 179 66 York,
1265 3632 319 68 Houghton
1613 3630 201 54 Mifflin
1848 3650 296 50 company,

162 3712 146 49 1935.

230 3794 1025 48 5 p. l., 171 p. front. (port.) pl. 21cm.
235 3862 374 48 “Bibliography
640 3863 52 39 of
721 3864 158 40 works
910 3864 62 47 by
1004 3865 121 39 Paul
1160 3865 182 39 Revere
1376 3863 379 49 Frothingham”;
1818 3876 43 38 p.
1898 3866 246 49 [153]-150.

166 3925 1968 114 © Apr. 16, 1935; 2c. Apr. 24; aff. Apr. 23; A 81560; Anna C . Frothingham, Boston. (35-6220)
