2424 4375
1244 4053 134 49 1232

380 505 519 50 4 p. l., 309 p. 21 cm .
385 560 163 42 “First
571 562 229 49 printing,
831 562 117 42 1935
972 562 197 49 edition,
1196 564 203 49 August,
1428 564 156 43 1935.”

386 618 198 41 London
606 618 183 42 edition
822 620 305 49 (Macmillan
1148 621 98 40 and
1268 630 81 39 co.,
1373 621 212 49 limited)
1618 623 89 40 has
1730 621 108 42 title;
1888 622 189 50 Knight
2096 624 207 41 without

310 685 211 32 armour.

317 741 54 54 ©
400 746 126 48 Sept.
551 746 40 48 4,
620 746 141 48 1935;
791 747 68 40 2c.
889 748 128 47 Sept.
1045 747 81 48 10;
1159 747 82 41 aff.
1273 749 126 48 Sept.
1430 750 52 46 7;
1514 749 43 39 A
1583 748 168 48 86275;
1785 748 215 42 William
2030 751 208 39 Morrow
2267 750 38 41 &

387 813 81 36 co.,
495 802 92 41 inc.
658 802 278 51 (35-15461)

318 904 271 66 Humble,
618 904 174 59 Emil.

385 980 121 53 The
542 980 142 70 gods
724 982 62 53 in
827 980 160 70 plain
1028 982 170 69 garb;
1241 1001 32 33 a
1316 982 169 69 study
1526 981 60 55 in
1628 983 365 69 psychology,
2033 982 74 69 by
2149 982 157 54 Emil

315 1057 265 56 Humble.
654 1058 138 53 New
830 1058 178 70 York,
1041 1059 258 70 London,
1335 1058 68 55 G.
1437 1059 66 56 P.
1540 1059 294 55 Putnam’s
1870 1078 144 50 sons,
2054 1063 149 50 1935.

385 1127 811 52 ix, [1] p., 1 l., 13-314 p. 21 cm .
384 1185 349 50 Bibliography;
789 1197 45 39 p.
862 1186 217 43 303-308.

318 1256 53 53 ©
393 1261 113 47 Apr.
530 1261 68 47 11,
622 1259 118 42 1935;
790 1261 67 40 2c.
882 1260 117 49 July
1020 1260 83 49 20;
1130 1261 83 40 aff.
1239 1261 116 48 July
1379 1261 56 40 27;
1489 1261 41 39 A
1554 1261 169 47 84766;
1752 1261 52 40 G.
1831 1262 50 40 P.
1906 1261 251 41 Putnam’s
2180 1270 124 33 sons.

398 1317 280 49 (35-15603)

320 1419 239 55 Illinois.
632 1421 185 64 Laws,
845 1426 257 57 statutes,
1131 1426 101 49 etc.

389 1495 244 54 Revised
664 1499 236 50 statutes
931 1495 65 54 of
1023 1496 98 53 the
1149 1501 145 49 state
1323 1495 64 55 of
1420 1494 245 71 Illinois,
1698 1494 328 72 embracing
2059 1495 78 54 all
318 1512 1963 114 general
467 1574 141 53 laws

638 1573 64 53 of
731 1573 97 54 the
856 1578 143 49 state
1031 1573 65 54 of
1125 1573 229 54 Illinois
1387 1574 248 67 adopted
1669 1574 113 53 and
1816 1575 293 66 approved
2144 1573 159 68 prior

315 1653 61 48 to
397 1650 228 69 August
650 1653 222 65 1,1935.
928 1650 314 54 Published
1266 1650 182 53 under
1472 1650 98 54 the
1592 1650 254 69 auspices
1871 1649 65 55 of
1959 1650 97 54 the
2075 1648 229 56 Illinois

319 1731 144 50 state
490 1728 103 52 bar
620 1727 355 69 association,
1004 1727 282 69 compiled
1316 1728 113 53 and
1461 1728 189 53 edited
1681 1728 75 70 by
1788 1728 194 55 James
2014 1727 64 56 C.
2112 1726 191 57 Cahill

321 1806 113 52 and
461 1805 199 53 Frank
685 1805 71 54 D.
783 1805 212 54 Moore.
1060 1809 133 49 1935
1223 1806 84 53 ed.
1372 1805 201 69 Keyed
1601 1810 59 49 to
1690 1805 192 55 Jones’
1910 1804 228 56 Illinois
320 1809 1961 127 statutes

486 1883 308 53 annotated
841 1882 113 54 and
1003 1880 366 71 Callaghan’s
1416 1882 229 55 Illinois
1693 1888 236 49 statutes
1980 1882 322 54 annotated.

320 1959 269 71 Chicago,
619 1959 320 70 Callaghan
967 1961 114 53 and
1110 1978 297 51 company,
1439 1963 151 51 1935.

425 2031 391 51 v, 3484 p. 27 cm .
393 2089 176 41 “Table
596 2090 52 40 of
674 2088 248 42 contents”
951 2100 60 30 on
1040 2090 135 40 front
1206 2089 333 48 lining-paper.

322 2144 53 53 ©
399 2149 120 48 Aug.
546 2149 69 47 27,
644 2147 113 41 1935;
814 2147 66 41 2c.
912 2148 125 48 Sept.
1067 2149 30 38 4;
1152 2148 81 39 aff.
1264 2149 120 46 Aug.
1412 2149 55 39 31;
1525 2148 41 39 A
1596 2148 145 41 85778;
1798 2149 269 47 Callaghan
2096 2149 37 40 &
2160 2160 67 31 co.

401 2205 279 49 (35-15570)

326 2308 262 67 [Journal
617 2307 269 65 printing
912 2323 304 49 company,
1246 2307 344 67 Ketchikan,
1618 2308 219 54 Alaska]

390 2385 170 52 Facts
587 2385 173 53 about
783 2384 244 68 Alaska;
1059 2404 32 33 a
1116 2384 169 54 series
1311 2385 64 53 of
1400 2384 284 68 questions
1712 2386 113 53 and
1851 2404 244 37 answers
321 2404 1961 126 covering

451 2462 96 54 the
579 2461 356 70 population,
968 2467 385 63 government,
1385 2462 238 68 history,
1657 2481 320 49 commerce,
2009 2481 295 48 resources,

322 2538 323 70 industries,
688 2541 113 53 and
842 2538 226 55 climate
1107 2539 64 53 of
1210 2539 311 54 America’s
1562 2540 111 53 last
1714 2540 259 54 frontier.
2047 2540 257 64 Revised,

323 2621 150 50 1935.
554 2617 358 68 [Ketchikan,
937 2617 235 68 Alaska]
1204 2616 242 55 Printed
1470 2618 57 52 in
1557 2618 95 52 the
1677 2617 163 68 plant
1866 2616 64 56 of
1953 2618 96 54 the
321 2617 1959 130 Ketchikan

461 2695 216 53 Alaska
706 2694 283 54 chronicle
1021 2699 191 63 [c1935]

395 2767 68 47 82,
489 2766 55 51 [3]
567 2777 43 37 p.
669 2766 129 41 illus.
827 2765 157 49 (map)
1052 2766 56 41 23
1110 2768 45 22 cm
1159 2797 9 9 .

395 2822 174 47 “Story
600 2822 52 41 of
681 2822 217 40 Alaskan
929 2832 223 39 progress
1182 2820 127 41 from
1342 2821 116 41 1742
1487 2824 49 38 to
1566 2820 491 42 date.”—Foreword.

396 2878 294 49 “Copyright
714 2910 47 9 …
788 2880 61 47 by
872 2880 81 39 the
976 2879 204 40 Journal
1205 2877 216 48 printing
1443 2888 246 38 company,
1717 2877 288 49 Ketchikan,
2031 2879 224 40 Alaska.”

325 2933 55 54 ©
405 2938 117 47 July
548 2936 72 50 10,
645 2936 141 47 1935;
816 2937 67 40 2c.
914 2937 95 39 and
1038 2935 81 42 aff.
1148 2936 120 47 Aug.
1299 2935 51 47 5;
1382 2936 41 38 A
1452 2935 169 47 85474;
1654 2936 205 39 Journal
1886 2934 219 50 printing
2133 2945 66 30 co.

407 2992 278 50 (35-15771)

326 3095 169 65 Kerr,
522 3094 258 54 Thomas
805 3096 230 62 Stoner,
1065 3099 171 50 1885-

394 3169 238 53 Manual
668 3168 94 54 for
795 3170 336 52 instructors
1162 3174 62 48 to
1256 3186 345 51 accompany
1638 3166 197 55 Kerr’s
1874 3166 267 55 Business
2177 3168 122 51 law.

327 3247 137 53 New
498 3246 179 69 York,
710 3247 56 54 J.
798 3246 188 69 Wiley
1017 3248 47 51 &
1093 3265 146 49 sons,
1271 3246 136 67 inc.;
1442 3245 258 68 London,
1736 3244 302 69 Chapman
2068 3246 47 51 &
2144 3242 156 66 Hall,

325 3324 240 68 limited,
594 3327 151 50 1935.

396 3396 518 48 2 p. l., 265 p. 23 cm .
398 3451 294 49 “Copyright
721 3483 46 9 …
794 3451 63 48 by
880 3452 209 40 Thomas
1120 3451 43 41 S.
1193 3450 168 41 Kerr.”

329 3506 52 53 ©
406 3511 126 47 Sept.
556 3510 40 47 9,
620 3509 116 42 1935;
784 3510 68 41 2c.
877 3510 126 48 Sept.
1029 3509 54 39 12;
1138 3509 82 40 aff.
1248 3509 127 47 Sept.
1401 3509 54 38 11;
1509 3509 41 38 A
1575 3507 168 48 85906;
1771 3509 51 40 T.
1852 3509 44 40 S.
1921 3508 139 48 Kerr,
2087 3509 214 44 Moscow,

399 3568 69 38 Id.
540 3566 278 49 (35-15571)

326 3665 246 66 Kleiser,
607 3666 308 65 Grenville,
946 3673 171 48 1868-
1328 3684 176 49 comp.

396 3744 185 52 Radio
606 3745 399 66 broadcasting;
1060 3745 127 50 how
1212 3750 58 47 to
1294 3743 173 68 speak
1491 3742 414 67 convincingly,
1929 3739 277 70 compiled
2230 3738 69 66 by

328 3821 294 53 Grenville
649 3822 249 54 Kleiser;
934 3822 93 50 for
1058 3822 95 50 the
1185 3823 279 49 exclusive
1494 3836 98 35 use
1625 3820 62 50 of
1718 3819 292 55 Grenville
2038 3815 259 54 Kleiser’s

327 3894 1948 148 mail course students. New York and London, Funk & Wagnalls company [ c 1935]
