2424 4375
1190 4013 100 49 496

321 474 57 41 64
407 485 46 38 p.
510 475 56 41 27
568 476 44 22 cm
617 505 9 9 .

324 545 129 38 “The
485 545 329 39 introduction
847 546 48 38 to
928 545 82 39 the
1041 546 161 38 lesson
1235 545 156 38 hands
1423 546 40 37 is
1497 555 28 29 a
1558 545 363 47 transcription,
1956 544 119 40 with
2108 553 130 32 some

253 600 368 49 modifications,
666 600 52 39 of
758 600 82 40 the
882 601 206 46 original
1134 600 172 40 article
1349 600 254 47 published
1645 601 50 39 in
1739 600 82 41 the
1865 600 179 47 Bridge
2088 601 153 40 world

254 658 165 49 (April,
447 656 353 50 1934]”—Pref.

251 728 53 53 ©
330 734 121 38 Mar.
477 732 69 46 25,
575 731 113 40 1935
706 742 8 36 ;
743 731 67 40 2c.
839 732 111 46 Apr.
978 730 52 47 1;
1058 729 81 41 aff.
1170 731 120 38 Mar.
1317 730 82 46 30;
1428 730 40 38 A
1496 728 143 42 81229
1656 741 8 34 ;
1695 729 179 49 Bridge
1901 729 165 49 world,
2094 730 89 39 inc.

331 788 250 49 (35-5860)

249 891 187 64 Hyde,
468 892 189 53 Grant
688 891 230 64 Milnor,
952 895 168 50 1889-

316 966 378 55 Journalistic
734 966 251 69 writing,
1027 966 93 52 for
1162 966 201 53 classes
1404 966 111 53 and
1561 965 93 53 for
1698 965 162 54 staffs
1904 965 64 54 of
2010 966 231 53 student

245 1062 360 50 newspapers
636 1045 112 52 and
778 1044 339 69 magazines,
1149 1044 74 69 by
1255 1044 188 54 Grant
1469 1044 218 52 Milnor
1718 1044 172 69 Hyde
1925 1086 57 11 …
2050 1044 74 54 2d
2154 1043 84 54 ed.

247 1141 110 35 rev.
425 1122 138 54 New
594 1121 180 69 York,
803 1122 71 52 D.
905 1120 578 70 Appleton-Century
1512 1138 298 53 company,
1841 1121 397 69 incorporated

250 1232 13 33 [
269 1204 18 22 c
293 1202 131 51 1935
430 1233 13 34 ]

322 1300 64 29 xx
413 1300 58 37 p.,
496 1289 26 40 3
548 1291 45 45 1.,
617 1287 147 42 3-464
790 1297 42 39 p.
860 1287 112 42 incl.
995 1287 164 47 front.,
1187 1287 144 48 illus.,
1359 1285 180 50 diagrs.
1594 1287 57 41 19
1653 1289 44 22 cm
1702 1319 10 10 .

323 1359 263 40 Published
613 1358 117 41 1922
754 1360 152 39 under
934 1357 135 42 title:
1100 1358 42 39 A
1168 1368 172 30 course
1367 1358 50 39 in
1443 1357 313 49 journalistic
1786 1358 209 48 writing.

322 1416 188 41 “Books
536 1426 62 31 on
623 1413 348 51 journalism”:
1000 1426 41 38 p.
1069 1413 218 42 444-449.

252 1483 53 53 ©
330 1488 111 47 Apr.
469 1487 69 46 39,
563 1486 113 41 1935
694 1497 9 36 ;
731 1486 68 40 2c.
826 1488 93 37 and
946 1485 80 40 aff.
1054 1486 113 47 Apr.
1194 1486 81 45 24;
1305 1486 39 38 A
1373 1485 169 47 82630;
1573 1486 56 39 D.
1658 1486 474 48 Appleton-Century
2160 1496 81 37 co.,

322 1544 88 40 inc.
482 1542 250 49 (35-5935)

249 1644 261 66 Jesness,
541 1645 184 54 Oscar
752 1644 284 65 Bernard,
1069 1649 170 50 1889-

317 1721 55 51 A
397 1739 271 50 program
693 1720 94 53 for
809 1721 135 52 land
971 1738 94 35 use
1088 1720 60 52 in
1170 1720 274 52 northern
1468 1720 352 67 Minnesota;
1850 1740 31 33 a
1908 1725 135 65 type
2070 1720 169 69 study

250 1799 57 51 in
333 1799 137 52 land
493 1797 325 54 utilization
846 1831 13 34 [
863 1798 91 68 by]
987 1796 178 56 Oscar
1192 1798 68 52 B.
1284 1798 227 54 Jesness
1540 1840 58 11 …
1630 1797 289 70 Reynolds
1944 1799 50 53 I.
2020 1798 219 53 Nowell

252 1918 56 10 …
339 1877 112 52 and
479 1875 312 54 associates.
859 1875 420 68 [Minneapolis]
1312 1875 120 53 The
1459 1875 338 70 University
1826 1875 64 54 of
1917 1877 322 53 Minnesota

247 1971 173 50 press,
452 1957 149 49 1935.

320 2025 93 43 xvi,
439 2025 86 42 338
552 2035 43 38 p.
654 2025 171 49 plates,
853 2035 147 38 maps,
1032 2024 180 48 diagrs.
1271 2023 56 41 24
1330 2027 45 21 cm
1379 2055 7 8 .

321 2096 117 40 This
465 2097 146 45 study
637 2096 42 40 is
707 2106 27 30 a
759 2095 128 48 joint
912 2095 327 48 undertaking
1266 2095 52 39 of
1345 2097 81 39 the
1457 2095 280 50 University
1768 2096 52 39 of
1847 2097 274 41 Minnesota
2148 2098 94 40 and

251 2153 79 39 the
359 2153 222 40 Division
608 2153 51 39 of
686 2154 115 38 land
827 2153 265 39 economics
1119 2151 52 41 of
1197 2153 83 39 the
1310 2152 194 41 Bureau
1532 2154 51 38 of
1612 2153 321 47 agricultural
1963 2153 277 46 economics,

257 2208 49 40 U.
349 2208 43 41 S.
431 2209 140 47 Dept.
610 2210 52 39 of
697 2209 312 47 agriculture,
1046 2209 153 40 under
1237 2209 82 41 the
1357 2208 236 41 direction
1634 2210 52 39 of
1725 2208 51 43 O.
1820 2210 52 41 B.
1912 2210 195 42 Jesness
2146 2212 94 40 and

249 2264 50 41 L.
325 2264 50 42 C.
402 2265 144 48 Gray.

253 2335 52 52 ©
333 2340 120 38 Mar.
482 2338 39 47 5,
551 2338 140 48 1935;
722 2338 67 40 2c.
819 2339 118 38 Mar.
969 2338 82 47 16;
1082 2339 40 38 A
1150 2338 170 46 81035;
1352 2338 282 49 University
1662 2340 54 39 of
1742 2340 287 48 Minnesota,
318 2342 1907 102 Minneapolis.

557 2393 279 50 (35-27697)

248 2493 282 67 Johnson,
559 2497 180 63 Hugh
769 2497 251 64 Samuel,
1053 2502 170 49 1882-

321 2572 118 52 The
474 2573 127 53 blue
636 2574 174 67 eagle,
844 2574 151 52 from
1029 2593 107 49 egg
1168 2580 58 46 to
1259 2576 178 66 earth,
1470 2576 75 67 by
1578 2577 179 67 Hugh
1794 2575 58 56 S.
1884 2577 259 54 Johnson
2179 2621 55 9 …

253 2648 233 54 Garden
519 2651 150 67 City,
701 2654 69 50 N.
805 2653 89 66 Y.,
926 2653 355 67 Doubleday,
1313 2655 198 51 Doran
1543 2658 45 49 &
1620 2673 295 49 company,
1950 2659 149 50 1935.

320 2723 83 39 xiv
426 2734 56 37 p.,
509 2725 24 36 1
559 2726 43 43 1.,
627 2723 90 40 459
739 2735 41 36 p.
836 2725 140 45 illus.,
1003 2734 75 37 pl.,
1106 2727 147 44 ports.
1309 2725 54 38 21½
1397 2727 43 20 cm
1446 2756 8 8 .

322 2793 100 39 The
446 2792 216 41 author’s
688 2793 303 47 experiences
1017 2804 54 29 as
1096 2795 123 38 head
1242 2795 53 39 of
1320 2796 83 38 the
1424 2795 231 39 National
1681 2807 227 37 recovery
1933 2796 288 41 administra­

251 2849 115 43 tion,
393 2849 119 40 with
539 2860 61 28 an
627 2849 449 48 autobiographical
1104 2850 329 41 introduction
1461 2853 51 38 of
1540 2852 166 40 fifteen
1735 2855 238 44 chapters.

323 2906 162 40 “First
513 2906 226 40 edition.”

252 2971 52 52 ©
331 2978 119 37 Mar.
478 2975 68 48 29,
576 2976 113 39 1935
707 2987 9 35 ;
744 2975 67 41 2c.
839 2978 94 38 and
960 2976 82 40 aff.
1070 2977 111 47 Apr.
1211 2978 53 46 4;
1296 2978 39 38 A
1364 2977 169 47 82366;
1564 2979 60 39 H.
1657 2979 43 40 S.
1730 2980 230 48 Johnson,
323 2980 1901 93 Washington.

488 3033 279 48 (35-27107)

251 3134 281 65 Johnson,
565 3136 259 64 Lauritz,
860 3142 169 49 1906-

382 3212 1296 69 … Mens vi venter. Oslo, Gyldendal, 1934.
324 3297 86 40 190
441 3309 42 36 p.
544 3297 56 40 20
603 3300 43 21 cm
651 3330 8 8 .

251 3362 53 53 ©
326 3367 114 39 Nov.
467 3367 67 46 23,
559 3367 113 40 1934
691 3378 7 35 ;
755 3379 36 28 1c.
817 3368 110 40 Dec.
953 3368 81 47 21;
1062 3369 309 48 A-Foreign
1396 3368 172 49 26541;
1596 3370 268 48 Gyldendal
1889 3373 148 38 norsk
2060 3372 174 47 forlag.

330 3424 249 48 (35-5988)

249 3524 239 66 Jourda,
518 3527 217 64 Pierre,
770 3532 168 49 1898-

380 3603 1857 70 … Stendhal, l’homme et l’œuvre … Paris, Desclée, de
250 3681 271 52 Brouwer
545 3683 48 50 &
619 3678 85 56 cie
731 3714 13 34 [
747 3687 19 22 c
771 3683 135 51 1934]

322 3753 87 39 296
436 3764 57 37 p.,
525 3754 24 37 1
601 3784 8 8 l.
669 3753 162 48 front.,
862 3754 74 47 pi.,
968 3755 163 47 ports.,
1161 3752 214 42 facsims.
1434 3755 59 40 20
1493 3757 43 21 cm
1542 3785 10 10 .
1621 3755 196 48 (Temps
1850 3757 47 38 et
1928 3756 213 48 visages)

323 3822 149 38 “Note
504 3822 468 48 bibliographique”:
1006 3834 41 37 p.
1084 3822 245 49 [295]-296.

250 3885 53 53 ©
347 3891 100 39 Oct.
492 3891 69 46 22,
607 3890 139 48 1934;
794 3893 64 38 1c.
905 3893 119 39 Mar.
1070 3893 38 46 6,
1156 3892 139 47 1935;
1344 3893 308 49 A-Foreign
1698 3895 169 47 27180;
1916 3897 210 46 Desclee,
2173 3895 60 41 de

320 3947 230 40 Brouwer
577 3948 35 39 &
638 3947 82 40 cie.
792 3947 247 48 (35-5917)
