2424 4375
1225 4077 133 51 1550

289 455 222 65 Drady,
541 454 172 65 Alan,
746 457 171 51 1903-

359 530 154 52 That
545 529 293 52 cathedral
869 534 167 63 team,
1068 529 77 68 by
1177 529 154 52 Alan
1362 529 203 69 Drady
1605 572 56 10 …
1736 530 136 51 New
1910 531 179 67 York,
2122 531 66 53 P.
2225 530 54 54 J.

289 605 241 70 Kenedy
554 608 45 50 &
625 624 127 36 sons
785 637 13 34 [
802 611 19 23 c
825 608 151 65 1935]

359 678 531 49 5 p. l., 238 p. 19 cm .
286 749 52 52 ©
365 753 119 39 Nov.
514 754 38 45 1,
583 750 116 42 1935;
755 751 66 40 2c.
852 751 116 40 Nov.
998 752 26 38 4;
1085 750 82 41 aff.
1197 751 118 39 Nov.
1346 751 25 40 5;
1430 751 43 39 A
1500 750 147 42 88107;
1704 752 50 39 P.
1786 752 44 41 J.
1861 752 201 49 Kenedy
2092 752 36 41 &
2158 761 125 32 sons.

365 807 278 49 (35-22398)

292 928 224 64 Dreier,
548 927 276 64 Thomas,
857 930 170 51 1884-

359 1003 122 52 The
507 1002 307 53 Mountain
840 1003 157 68 road,
1024 1003 74 68 by
1127 1003 248 53 Thomas
1404 1003 204 53 Dreier
1644 1047 55 9 …
1735 1003 134 53 with
1900 1003 215 54 sixteen
290 1004 1969 146 photographic

644 1080 378 54 illustrations
1073 1079 64 54 of
1188 1081 139 52 New
1378 1080 352 69 Hampshire
1782 1081 182 54 roads.
2053 1082 232 67 Boston,
289 1157 190 70 Mass.,
506 1160 122 51 The
659 1157 298 56 Stratford
987 1176 280 51 company
1302 1190 13 33 [
1319 1164 17 21 c
1342 1161 151 65 1935]

399 1262 8 15 x,
433 1230 87 42 334
545 1241 43 38 p.
643 1231 163 47 front.,
834 1231 171 48 plates.
1060 1230 146 43 19½cm.

364 1288 306 48 Descriptive
694 1288 282 48 letterpress
1000 1300 60 29 on
1086 1290 130 39 recto
1241 1288 52 40 of
1315 1289 118 40 each
1459 1288 145 47 plate.

369 1345 147 41 “This
543 1345 124 40 book
694 1345 42 40 is
769 1376 46 9 …
847 1355 27 30 a
901 1344 185 49 partial
1110 1346 165 40 record
1308 1344 51 41 of
1387 1346 132 39 what
1547 1346 91 40 has
1665 1346 249 47 happened
1943 1357 54 29 or
2026 1358 27 29 a
2083 1347 205 41 surmise

296 1401 53 40 of
376 1403 135 40 what
540 1402 153 48 might
722 1402 124 40 have
876 1401 251 49 happened
1156 1403 145 46 along
1329 1412 26 29 a
1388 1404 203 47 country
1623 1404 116 39 road
1770 1403 49 39 in
1852 1404 82 40 the
1966 1403 114 41 New
292 1403 1979 97 Hampshire
454 1458 426 49 mountains.”—p.
914 1469 42 30 v.

291 1529 52 52 ©
375 1532 102 41 Oct.
507 1532 71 47 21,
609 1531 117 41 1935;
783 1531 68 40 2c.
883 1530 99 41 Oct.
1016 1531 83 47 24;
1134 1531 83 40 aff.
1250 1531 102 40 Oct.
1384 1531 82 47 30;
1502 1533 40 38 A
1573 1531 169 48 89050;
1780 1533 250 41 Stratford
2062 1545 82 36 co.,
361 1535 1911 94 publishers.
625 1588 278 48 (35-22886)

294 1707 260 62 Duveen,
582 1706 206 53 James
811 1707 222 62 Henry.

367 1782 219 56 Secrets
614 1783 63 53 of
706 1801 71 34 an
807 1790 88 47 art
924 1783 203 52 dealer.
1210 1782 386 67 [Instalments
1626 1786 117 65 8-9]

371 1858 83 48 (In
480 1853 201 43 London
708 1853 193 51 People,
932 1852 107 44 Oct.
1070 1854 70 49 20,
1171 1854 72 50 27,
1274 1853 142 49 1935)

298 1925 1989 52 © 1c. each Nov. 30, 1935; A ad int. 20825; pubd. Oct. 20, 25; J. H.
362 1986 213 44 Duveen,
606 1985 210 39 London.

300 2104 304 63 Edwards,
631 2103 116 55 Jill.

368 2177 362 71 Personality
754 2177 270 70 pointers,
1049 2179 74 68 by
1146 2179 108 55 Jill
1280 2180 280 52 Edwards
1591 2225 56 9 …
1713 2179 416 69 Indianapolis,
2152 2182 133 52 New

299 2256 180 67 York,
510 2258 122 53 The
664 2256 442 55 Bobbs-Merrill
1141 2275 278 49 company
1460 2261 191 64 [c1935]

371 2330 86 40 254
491 2341 41 37 p.
592 2329 130 41 illus.
782 2329 55 40 21
840 2332 44 22 cm
888 2362 10 9 .

372 2387 162 40 “First
562 2385 227 42 edition.”

373 2444 225 40 Includes
629 2442 390 49 bibliographies.

297 2512 52 52 ©
378 2515 117 47 July
516 2515 70 48 31,
614 2513 140 48 1935;
784 2513 67 41 2c.
878 2514 119 48 Aug.
1027 2513 51 47 6;
1110 2511 82 42 aff.
1221 2513 119 47 Aug.
1370 2514 24 38 7;
1452 2513 40 38 A
1521 2512 169 48 85337;
1721 2511 366 42 Bobbs-Merrill
2117 2523 65 29 co.

375 2570 279 50 (35-22648)

302 2689 245 52 Federal
603 2694 271 61 reporter.
973 2688 218 53 Second
1250 2687 185 52 series.
1531 2686 167 54 Cases
1758 2688 213 65 argued
2031 2688 111 50 and
371 2687 1896 132 determined

696 2766 60 51 in
801 2766 92 53 the
938 2765 217 54 United
1204 2764 187 54 States
1440 2764 219 55 Circuit
1704 2770 186 47 courts
1935 2764 63 52 of
2044 2763 246 68 appeals,

372 2843 217 55 United
617 2843 187 54 States
831 2843 178 54 Court
1034 2843 62 53 of
1122 2845 232 65 appeals
1380 2842 94 53 for
1499 2842 95 52 the
1619 2841 245 54 District
1887 2842 63 51 of
1978 2840 313 66 Columbia,

374 2922 217 54 United
635 2921 188 54 States
865 2923 177 53 Court
1083 2920 63 53 of
1186 2926 242 46 customs
1470 2921 112 51 and
1624 2925 200 62 patent
1864 2920 249 67 appeals,
2153 2918 135 53 with

372 3000 108 66 key
530 3000 237 51 number
817 2999 375 52 annotations.
1269 2998 241 53 Volume
1560 2996 67 55 77
1659 2998 127 66 (2d)
1870 2998 420 67 July-August,

377 3081 149 48 1935.
603 3076 81 54 St.
716 3078 164 63 Paul,
906 3077 162 53 West
1092 3075 333 66 publishing
1453 3094 97 48 co.,
1581 3079 147 48 1935.

370 3150 149 47 xxvii,
550 3150 113 39 1113
692 3160 42 37 p.
764 3149 109 39 incl.
901 3148 148 40 front.
1079 3148 158 47 (map)
1304 3148 178 47 diagrs.
1539 3147 56 40 26
1598 3150 44 21 cm
1648 3180 8 8 .

303 3216 52 52 ©
387 3220 102 40 Oct.
520 3220 67 44 17,
620 3218 139 47 1935;
793 3219 67 39 2c.
890 3219 118 39 Nov.
1039 3218 81 46 16;
1152 3218 82 39 aff.
1266 3218 117 39 Nov.
1414 3217 82 46 21;
1530 3217 41 39 A
1602 3216 169 47 89509;
1804 3217 138 40 West
1971 3217 107 48 pub.
2110 3226 65 30 co.

309 3338 195 63 Flack,
531 3336 302 65 Marjorie.

379 3414 95 66 Up
507 3412 56 55 in
593 3413 95 53 the
718 3412 103 68 air,
849 3412 73 67 by
950 3411 277 68 Marjorie
1257 3412 205 66 Flack;
1495 3411 320 53 illustrated
1848 3411 73 66 by
1951 3411 145 52 Karl
307 3411 1955 132 Larsson.

487 3492 137 51 New
653 3489 178 68 York,
861 3490 118 53 The
1011 3489 330 53 Macmillan
1372 3506 294 49 company,
1699 3491 147 50 1935.

382 3562 84 49 [40]
496 3573 42 38 p.
567 3562 108 40 incl.
703 3563 86 39 col.
817 3561 162 47 front.,
1007 3562 127 39 illus.
1163 3563 134 44 (part
1326 3560 112 42 col.)
1506 3560 53 39 24½
1593 3562 43 21 cm
1642 3591 9 8 .

308 3629 52 52 ©
388 3634 102 39 Oct.
518 3632 69 44 29,
616 3633 113 40 1935;
786 3632 67 40 2c.
881 3634 96 38 and
1006 3632 81 39 aff.
1118 3632 100 40 Oct.
1248 3631 54 40 30;
1361 3632 40 38 A
1430 3630 141 40 89054;
1631 3629 235 47 Marjorie
1894 3629 149 39 Flack
2072 3627 216 42 Larsson,

374 3690 294 47 Bronxville,
699 3690 55 39 N.
783 3690 54 38 Y.
907 3688 279 48 (35-22665)

313 3807 162 61 Foot,
506 3807 279 64 Stephen,
817 3806 170 52 1887-

381 3879 132 54 Life
559 3881 180 67 began
783 3880 316 69 yesterday,
1141 3880 76 68 by
1261 3879 251 68 Stephen
1556 3879 162 51 Foot.
1796 3877 137 51 New
1978 3872 159 54 York
2180 3865 105 57 and

311 3958 256 56 London.
597 3957 231 57 Harper
857 3961 45 50 &
930 3958 276 56 brothers,
1237 3959 150 50 1935.
