2568 4342
1176 4068 66 50 35

289 517 88 42 349
404 529 42 38 p.
503 517 116 41 21cm.

295 575 163 40 “First
486 574 226 41 edition.”

224 628 51 52 ©
315 633 110 39 Dec.
467 632 69 46 10,
576 631 141 47 1934;
758 631 66 39 2c.
867 631 111 39 Dec.
1019 630 82 46 10;
1145 629 83 41 aff.
1268 630 108 40 Jan.
1418 629 69 49 19,
1528 629 141 47 1935;
1711 630 42 39 A
1792 630 170 46 80074;
2008 630 212 40 Carman

294 689 199 47 Barnes,
522 689 117 39 New
666 687 143 41 York.
880 686 251 49 (35-1091)

220 791 297 67 Barretto,
545 793 209 64 Larry,
787 797 171 49 1890-

289 868 214 69 Bright
527 868 243 68 Mexico,
797 867 76 69 by
899 868 188 68 Larry
1117 868 271 52 Barretto;
1445 867 327 53 illustrated
1800 867 77 68 by
1907 866 137 53 Ann
220 867 1975 132 Barretto.

445 946 140 53 New
613 945 179 69 York,
821 946 217 52 Farrar
1066 945 44 50 &
1138 945 301 68 Rinehart,
1467 944 108 54 inc.
1631 947 175 64 [c1935]

291 1018 87 39 viii
398 1029 58 37 p.,
483 1019 24 39 1
555 1049 23 17 l.,
604 1017 88 41 236
715 1027 45 38 p.
819 1018 129 40 illus.
1009 1017 146 41 19½cm.

221 1073 51 53 ©
299 1077 107 40 Jan.
434 1079 38 47 7,
499 1077 117 41 1935;
668 1076 65 41 2c.
763 1076 110 41 Jan.
899 1076 52 48 9;
982 1076 79 40 aff.
1091 1077 108 40 Jan.
1227 1076 52 48 8;
1308 1076 41 40 A
1378 1075 168 49 79098;
1577 1076 48 39 L.
1656 1077 244 48 Barretto,
1928 1076 118 41 New
2075 1075 143 41 York.

301 1134 221 50 (35-913)

217 1238 212 66 Bauer,
458 1237 264 66 Ludwig,
755 1239 171 55 1876-

291 1315 255 68 Leopold
585 1317 95 51 the
717 1316 263 67 unloved,
1018 1316 143 68 king
1197 1315 65 54 of
1298 1316 96 52 the
1434 1316 272 67 Belgians
1745 1317 113 52 and
1894 1316 65 52 of
1995 1335 222 48 money,

227 1394 1932 69 by Ludwig Bauer; translated by Eden and Cedar Paul …
221 1471 1746 70 London, Toronto [etc.] Cassell and company limited [1934]
287 1544 101 50 348,
418 1545 54 50 [2]
502 1556 41 37 p.
604 1545 164 47 front.,
795 1548 149 45 ports.
1005 1544 145 41 22½cm.

294 1602 320 41 “Translated
655 1602 129 39 from
827 1602 84 40 the
953 1601 224 48 German,
1219 1601 48 39 in
1310 1600 159 41 which
1510 1602 239 47 language
1791 1601 38 40 it
1871 1602 89 40 has
2000 1606 84 36 not
2127 1608 76 43 yet

220 1660 284 47 appeared.”

225 1714 1998 52 © 1c. Jan. 9, 1935; A ad int. 19852; pubd. Nov. 15, 1934; L. Bauer,
283 1776 211 47 Lugano,
529 1773 334 42 Switzerland.
933 1773 251 49 (35-1808)

216 1876 252 67 Benson,
495 1879 153 52 Hon.
676 1877 324 66 Theodora,
1031 1882 172 50 1906-

287 1951 170 72 Chip,
490 1955 150 68 chip,
672 1975 97 49 my
801 1955 149 53 little
983 1956 191 67 horse;
1212 1956 98 52 the
1341 1960 157 63 story
1533 1954 64 53 of
1631 1974 71 34 an
1735 1955 368 68 air-holiday,
2137 1956 75 67 by

221 2033 298 54 Theodora
557 2037 241 50 Benson.
873 2034 258 66 London,
1167 2035 64 53 L.
1267 2033 271 68 Dickson,
1572 2033 224 53 limited
1837 2038 171 63 [1934]

289 2104 64 52 ix,
380 2106 99 49 309,
511 2108 55 48 [1]
593 2116 44 37 p.
696 2106 149 40 front.
873 2106 173 49 (port.)
1082 2106 129 40 illus.
1271 2106 146 41 19½cm.

217 2161 1999 52 © 1c. Dec. 29, 1934; A ad int. 19860; pubd. Oct. 29; Eleanor Theodora
283 2222 134 48 Roby
447 2223 205 46 Benson,
684 2222 211 39 London.
967 2220 250 49 (35-1806)

218 2325 279 65 Bluemel,
527 2326 247 55 Charles
798 2324 236 67 Sidney,
1064 2331 173 50 1884-

286 2400 1926 71 Stammering and allied disorders, by C. S. Bluemel … New
218 2481 176 68 York,
422 2481 120 53 The
570 2480 337 54 Macmillan
934 2499 298 50 company,
1263 2484 151 50 1935.

286 2554 619 50 vi p., 2 l., 182 p. 19cm.
288 2612 376 40 “References”:
696 2622 43 38 p.
769 2611 230 46 171-174;
1034 2609 393 49 “Bibliographic
1454 2610 169 40 note”:
1655 2622 43 37 p.
1728 2610 98 41 175.

218 2665 51 52 ©
297 2670 107 40 Jan.
433 2670 39 45 8,
499 2668 114 41 1935;
669 2669 66 40 2c.
764 2670 96 39 and
887 2668 81 41 aff.
997 2669 108 39 Jan.
1133 2666 53 49 9;
1215 2668 43 39 A
1284 2668 170 47 79113;
1485 2668 283 41 Macmillan
1795 2679 66 30 co.

291 2726 222 49 (35-964)

211 2815 188 66 Blum,
427 2816 220 65 André,
678 2821 171 50 1881-

286 2893 90 54 On
413 2894 98 53 the
549 2893 189 68 origin
775 2894 62 53 of
875 2912 196 49 paper,
1109 2893 75 66 by
1220 2893 199 53 André
1459 2893 201 67 Blum;
1702 2895 318 52 translated
2059 2895 153 52 from

216 2972 94 54 the
349 2973 224 52 French
612 2973 75 66 by
726 2973 200 66 Harry
965 2970 197 54 Miller
1199 2971 358 68 Lydenberg.
1633 2974 140 52 New
1813 2973 180 67 York,
2033 2976 67 51 R.
2142 2975 68 52 R.

213 3049 240 54 Bowker
479 3069 297 49 company,
805 3052 150 54 1934.

285 3123 57 41 79
366 3135 32 37 p
439 3124 107 40 incl.
575 3124 150 40 front.
783 3123 116 39 24cm.

288 3178 1645 49 “Edition limited to 1000 copies.” This copy not numbered.
283 3237 413 49 Bibliographical
724 3237 276 41 references
1025 3236 49 40 in
1104 3236 204 41 “Notes”
1347 3237 67 48 (p.
1442 3236 168 50 53-68)

219 3291 51 52 ©
301 3297 109 39 Dec.
471 3327 9 16 1,
510 3295 114 41 1934;
683 3294 66 41 2c.
780 3295 110 39 Dec.
924 3295 25 39 5;
1009 3293 79 40 aff.
1121 3295 111 39 Dec.
1263 3295 30 38 4;
1350 3295 41 38 A
1421 3293 146 41 80036:
1624 3295 52 38 R.
1711 3295 54 39 R.
1798 3296 206 39 Bowker
2034 3306 66 29 co.

293 3353 278 47 (35-27007)

215 3441 332 67 Bodansky,
575 3444 223 62 Meyer,
827 3446 172 50 1896-

284 3519 355 68 Laboratory
681 3519 233 52 manual
956 3518 65 53 of
1065 3517 415 69 physiological
1525 3517 323 69 chemistry,
1893 3520 73 68 by
2011 3523 196 65 Meyer

218 3595 1989 73 Bodansky … and Marion Fay … 3d ed. New York, J. Wiley
217 3679 44 49 &
288 3694 142 47 sons,
458 3676 105 52 inc.;
624 3674 258 67 London,
912 3675 300 66 Chapman
1241 3677 43 50 &
1315 3674 160 66 Hall,
1503 3673 240 68 limited,
1775 3679 148 50 1935.

284 3747 80 49 vii,
393 3748 84 41 274
507 3759 42 37 p.
609 3747 129 41 illus.
797 3746 146 41 23½cm.
1059 3744 130 49 $2.00

289 3804 163 48 Graph
487 3815 147 38 paper:
695 3815 44 37 p.
777 3802 266 50 [265]-[268];
1109 3805 125 37 most
1268 3803 51 38 of
1353 3804 80 39 the
1467 3804 164 40 leaves
1663 3803 194 48 printed
1891 3815 58 30 on
1984 3818 87 29 one
2108 3809 104 39 side

219 3861 108 46 only;
385 3861 131 41 table
543 3873 60 29 on
632 3861 337 47 lining-paper.

219 3914 51 52 ©
297 3920 108 39 Jan.
434 3919 40 47 2,
502 3919 140 47 1935;
673 3918 65 40 2c.
770 3919 94 39 and
894 3917 80 40 aff.
1007 3918 107 39 Jan.
1143 3917 54 46 4;
1229 3917 41 38 A
1299 3916 170 49 79021;
1504 3919 62 40 M.
1597 3919 265 52 Bodansky
1890 3922 95 41 and
2017 3921 195 44 Marion

285 3975 114 48 Fay,
434 3975 274 48 Galveston,
740 3975 113 40 Tex.
925 3972 250 50 (35-1255)
