2424 4375
1202 4082 136 49 1584

269 416 250 64 Kaplan,
549 415 226 53 Abram
803 415 79 55 M.

341 492 151 55 Ohio
522 490 336 54 workmen’s
886 490 425 67 compensation
1342 507 151 35 cases
1524 487 173 53 “with
1728 488 96 52 the
1856 487 151 53 facts
2034 487 113 52 and
2178 487 95 52 the

270 571 109 51 law
412 570 113 53 and
552 570 99 51 the
679 567 223 70 rulings
932 566 65 54 of
1025 568 99 52 the
1153 566 240 53 courts”.
1461 567 56 51 A
1549 566 186 68 digest
1767 565 65 53 of
1863 565 233 68 leading
273 581 1977 135 compensation
621 665 153 35 cases
820 646 153 53 from
1021 646 266 68 reported
1336 645 279 53 decisions
1662 644 302 53 contained
2013 644 62 52 in
2123 642 150 57 Ohio

275 725 279 69 Supreme
600 731 161 47 court
810 729 240 64 reports,
1098 729 59 48 to
1207 725 108 52 vol.
1370 727 116 64 129,
1534 723 292 67 inclusive,
1876 723 149 53 cited
2074 721 197 68 “OS”;

273 803 178 56 Court
486 804 65 53 of
588 804 233 68 appeals
859 807 240 64 reports,
1136 809 57 47 to
1232 804 111 51 vol.
1380 807 84 63 49,
1502 803 293 65 inclusive,
1831 803 148 52 cited
2019 801 252 69 “App.”;

271 883 128 53 Nisi
436 883 162 68 prius
634 888 223 63 reports
893 888 60 47 to
989 882 110 53 vol.
1137 884 83 65 32,
1258 882 293 67 inclusive,
1589 882 146 52 cited
1776 879 307 68 “NPNS”;
2124 881 150 55 Ohio

275 962 110 52 law
427 961 253 53 abstract
717 966 222 63 reports
980 966 58 47 to
1081 961 111 52 vol.
1238 964 81 63 19,
1360 960 293 67 inclusive,
1695 961 149 52 cited
1888 960 235 68 “Abs.”;
273 959 1977 149 Supreme
515 1044 161 48 court
723 1039 247 53 motions
1019 1045 58 47 to
1127 1038 210 69 certify
1389 1040 215 67 record,
1654 1039 148 53 cited
1864 1039 400 70 (unreported)

272 1117 184 68 “SC”,
489 1117 268 68 “MCO”;
796 1117 150 55 Ohio
977 1119 112 52 law
1122 1124 275 61 reporter,
1430 1118 149 53 cited
1614 1116 259 68 “OLR”;
1911 1118 150 55 Ohio
2098 1118 179 55 Court

273 1197 65 52 of
384 1197 252 68 appeals,
683 1196 149 54 cited
880 1195 259 69 “OCA”;
1193 1196 150 55 Ohio
1392 1197 282 68 opinions,
1722 1198 148 52 cited
1919 1197 195 68 “OO”,
2164 1198 111 53 and

274 1280 258 63 excerpts
568 1275 153 52 from
756 1276 99 51 the
883 1274 358 56 Workmen’s
1278 1276 425 67 compensation
1742 1284 89 45 act
1867 1276 64 53 of
1969 1276 150 55 Ohio
2179 1277 91 68 [by]

269 1352 1329 70 Abram M. Kaplan … [Cleveland, c 1935]
351 1426 642 51 3 p. l., vi, 288 p. 23½ cm .
346 1485 181 40 Pocket
553 1485 164 40 device
743 1494 61 30 on
831 1484 157 42 inside
1016 1486 52 40 of
1095 1485 123 40 back
1245 1494 154 31 cover.

350 1541 69 40 “A
450 1543 306 47 supplement
785 1552 55 29 as
872 1543 49 39 to
953 1551 136 31 cases
1122 1541 198 41 decided
1352 1542 61 48 by
1444 1544 81 40 the
1557 1542 198 42 various
1787 1546 167 38 courts
1986 1542 177 50 during
2195 1544 79 41 the

276 1598 206 47 ensuing
512 1609 117 36 year
659 1597 100 41 will
794 1599 58 41 be
880 1597 257 49 published
1168 1601 168 45 yearly
1369 1610 52 29 so
1455 1600 110 41 that
1597 1600 98 41 this
1727 1601 190 40 volume
1951 1611 89 30 can
2074 1602 56 39 be
2162 1601 115 49 kept

275 1654 303 48 continually
607 1665 64 37 up
703 1657 51 37 to
783 1653 350 42 date.”—Pref.

277 1707 52 53 ©
357 1711 102 41 Oct.
485 1712 69 45 15,
579 1711 141 46 1935;
749 1710 67 41 2c.
845 1711 100 40 Oct.
974 1711 81 47 18;
1086 1711 82 40 aff.
1197 1712 102 40 Oct.
1327 1711 81 47 16;
1438 1713 41 38 A
1505 1711 170 48 88070;
1705 1713 54 39 A.
1789 1714 62 39 M.
1879 1713 207 48 Kaplan,
347 1713 1911 95 Cleveland.
548 1767 281 49 (35-24272)

276 1830 189 64 Kelly,
494 1830 155 53 John
677 1831 286 53 Bernard.

277 1906 1992 146 The romance of truth, by John Bernard Kelly … with a foreword by Irvin S. Cobb; illustrated by C. Bosseron Chambers.
278 2061 1631 69 New York, Farrar & Rinehart, incorporated [ c 1935]
348 2133 64 49 xi,
443 2134 87 40 147
558 2145 43 37 p.
660 2133 136 41 front.
837 2134 173 49 (port.)
1047 2136 170 47 plates.
1274 2134 55 39 21
1334 2137 43 21 cm
1383 2166 9 8 .

351 2191 170 40 Poems
551 2191 97 39 and
676 2201 181 37 essays.

281 2243 52 53 ©
358 2249 118 39 Nov.
501 2249 40 46 4,
567 2246 142 48 1935;
736 2248 66 39 2c.
828 2248 119 40 Nov.
972 2247 52 47 6;
1054 2247 82 40 aff.
1162 2248 117 39 Nov.
1306 2248 52 41 5;
1387 2247 41 39 A
1483 2247 141 47 89201;
1654 2248 43 40 J.
1725 2249 54 38 B.
1804 2247 158 48 Kelly,
1988 2248 116 39 New
2131 2247 140 41 York.

357 2304 281 48 (35-24326)

278 2367 168 63 Kirk,
476 2366 238 62 Rudolf,
745 2369 170 51 1898-

346 2443 112 54 Mr.
507 2443 192 67 Pepys
743 2459 155 51 upon
946 2443 96 52 the
1088 2446 146 49 state
1281 2441 64 54 of
1393 2439 493 71 Christ-hospital,
1932 2442 74 68 by
2054 2440 218 54 Rudolf

278 2520 167 53 Kirk.
521 2518 426 70 Philadelphia,
981 2518 339 70 University
1353 2519 65 53 of
1448 2517 425 70 Pennsylvania
1908 2537 183 49 press;
277 2519 1968 145 London,
439 2597 77 53 H.
548 2596 269 69 Milford,
848 2595 229 56 Oxford
1109 2596 318 69 university
1458 2615 174 50 press,
1665 2600 149 50 1935.

349 2671 64 47 xi,
444 2671 57 40 65
527 2681 59 38 p.,
615 2669 220 41 facsim.:
865 2670 56 40 22
949 2672 163 40 numb.
1141 2671 30 40 1.
1228 2669 137 41 front.
1417 2669 173 49 (port.)
1629 2671 170 47 plates.
1859 2669 55 41 23½
1945 2671 46 22 cm
1995 2701 9 9 .

352 2727 154 38 “Text
545 2726 52 40 of
636 2727 91 39 Mr.
766 2726 168 47 Pepys’
974 2726 76 39 six
1090 2735 173 38 papers
1305 2735 126 37 upon
1472 2727 81 39 the
1591 2728 130 37 state
1760 2726 51 39 of
1848 2724 392 49 Christ-hospital"

289 2781 81 49 (22
397 2782 147 39 numb.
590 2781 162 41 leaves
779 2783 55 39 at
863 2782 116 48 end)
1018 2782 41 39 is
1090 2792 27 30 a
1149 2781 187 48 reprint
1365 2781 52 41 of
1448 2783 81 39 the
1560 2783 73 38 set
1662 2781 51 40 of
1744 2782 136 39 these
1910 2790 174 39 papers
2114 2780 49 40 in
2195 2781 75 39 the

279 2837 238 41 Bodleian
541 2837 189 47 library
762 2837 223 49 (“Gough.
1024 2838 136 40 adds.
1186 2838 85 41 fol.
1296 2838 55 40 A.
1376 2836 124 49 91.”)
1563 2838 61 48 cf.
1650 2848 43 37 p.
1719 2836 68 43 65.

352 2894 234 40 “Notes":
619 2904 43 37 p.
693 2894 159 40 57-63.

282 2945 52 53 ©
364 2950 102 40 Oct.
494 2950 68 48 25,
593 2949 140 48 1935;
764 2950 68 40 2c.
862 2950 101 40 Oct.
991 2950 83 47 30;;
1106 2949 83 41 aff.
1219 2951 102 40 Oct.
1349 2949 83 48 29;
1464 2951 43 38 A
1534 2950 170 48 88060;
1737 2950 282 49 University
2044 2951 54 40 of
348 2951 1906 102 Pennsylvania
601 3015 151 39 press.
822 3005 278 48 (35-23958)

281 3067 249 64 Knittel,
560 3069 173 63 John,
766 3071 169 50 1891-

353 3142 1856 70 Dr. Ibrahim; a biographical novel, by John Knittel …
281 3217 138 54 New
444 3220 179 54 York.
647 3219 309 54 Frederick
978 3221 71 52 A.
1077 3219 201 56 Stokes
1303 3238 298 51 company,
1630 3224 148 50 1935.

356 3292 102 39 xiii.
486 3291 87 41 386
597 3302 43 38 p.
700 3291 54 41 21½
789 3294 44 22 cm
837 3324 10 10 .

285 3344 52 53 ©
371 3350 102 39 Oct.
506 3351 70 46 24,
611 3350 116 40 1935;
786 3350 67 41 2c.
889 3351 100 40 Oct.
1024 3352 58 39 28;
1144 3350 82 41 aff.
1262 3352 102 39 Oct.
1398 3351 82 47 26;
1516 3352 41 39 A
1591 3351 170 48 89303;
1798 3353 41 39 J.
1876 3352 203 44 Knittel,
2116 3350 153 45 Cairo,

351 3407 171 47 Egypt.
594 3407 278 48 (35-23922)

283 3468 359 64 Krumbach,
672 3470 170 52 Josef
870 3471 63 50 H.

351 3544 414 69 Grundfragen
813 3545 98 52 der
960 3543 353 70 publizistik,
1361 3546 93 53 die
1500 3547 478 51 wesenselemente
2026 3545 94 52 des

283 3559 1959 115 publizistischen
687 3639 282 51 prozesses
990 3624 150 52 seine
1163 3622 184 53 mittel
1370 3623 118 52 und
1511 3621 334 69 ergebnisse,
1867 3642 110 34 von
2001 3623 82 52 dr.
2106 3616 159 59 Josef

282 3696 73 53 H.
404 3698 348 53 Krumbach.
835 3699 199 53 Berlin
1077 3700 117 52 und
1241 3700 256 68 Leipzig,
1541 3702 90 52 W.
1676 3701 67 53 de
1788 3700 250 54 Gruyter
2083 3701 44 50 &
2171 3714 91 48 co.,

283 3778 149 49 1935.

353 3846 675 49 1 p. l., iv, 3-256 p. 24cm.
354 3901 401 50 “Anmerkungen
781 3905 95 38 und
908 3904 438 49 bibliographische
1372 3904 259 42 hinweise”;
1690 3917 41 35 p.
1759 3904 214 40 225-251.

283 3953 1980 55 © July 24, 1935; 1c. Oct. 3; A-Foreign 29425; Walter de Gruyter & co.
359 4014 279 48 (35-25777)
