2526 4384
1083 4043 96 49 141

133 437 186 64 Rand,
346 436 184 54 Helen
559 437 324 63 Margaret.

206 513 1924 68 English at work. Book II . By Helen Rand … New York,
132 592 1053 66 Henry Holt and company [c 1935]
207 677 606 49 4 p. l., 3-439 p. 19 ½cm .
141 745 54 52 ©
220 750 108 39 Jan.
355 750 69 40 17,
453 747 113 40 1935;
619 746 66 40 2c.
714 748 95 38 and
837 747 80 39 aff.
947 747 109 39 Jan.
1085 746 81 46 26;
1197 747 41 38 A
1265 745 145 41 79380;
1466 748 167 45 Henry
1664 747 117 39 Holt
1812 746 37 39 &
1875 756 81 36 co.
1985 743 91 41 inc.

136 867 306 64 Richards,
473 868 206 62 Henry
707 865 221 64 Irving.

142 941 1964 134 … Cotton under the Agricultural adjustment act; developments
354 1040 79 49 up
468 1027 57 46 to
560 1022 142 66 July
739 1024 151 62 1934,
925 1021 75 67 by
1035 1021 203 64 Henry
1271 1022 48 52 I.
1358 1020 297 53 Richards.
1731 1019 400 68 Washington.

140 1101 119 52 The
288 1099 323 68 Brookings
641 1099 343 66 institution,
1017 1101 147 51 1934.

211 1171 100 50 viii,
354 1170 98 50 129,
499 1174 55 47 [4]
599 1183 42 36 p.
702 1171 180 48 diagrs.
942 1170 56 39 22½
1029 1172 43 20 cm
1079 1201 9 8 .
1157 1170 126 47 (The
1326 1170 271 48 Brookings
1640 1170 296 42 institution.
143 1171 1969 107 Pamphlet
301 1229 163 48 series,
491 1241 75 28 no.
594 1228 80 46 15)

212 1286 251 41 Half-title;
517 1287 101 38 The
643 1286 237 39 Institute
901 1286 51 38 of
977 1284 266 41 economics
1269 1285 53 40 of
1347 1285 82 39 the
1455 1284 271 48 Brookings
1753 1284 295 41 institution.

215 1343 128 42 “The
373 1344 172 39 fourth
575 1344 48 38 in
659 1353 25 29 a
719 1343 151 40 series
902 1343 52 39 of
983 1342 273 49 pamphlets
1288 1342 164 41 issued
1485 1351 55 30 as
1572 1341 317 50 preliminary
145 1342 1966 100 publications

293 1402 48 39 in
366 1402 281 39 connection
675 1401 120 39 with
819 1401 83 40 the
927 1400 233 40 Institute
1184 1400 53 40 of
1261 1399 281 42 economics’
1572 1399 313 42 ‘Concurrent
1911 1401 144 47 study
2083 1401 50 40 of

145 1458 81 40 the
255 1459 250 46 operation
535 1458 52 39 of
616 1459 82 38 the
729 1457 331 48 Agricultural
1094 1456 302 47 adjustment
1428 1456 466 42 act’.”—Director’s
1926 1458 121 48 pref.

141 1527 54 52 ©
224 1532 125 47 Sept.
378 1530 69 46 27,
475 1530 117 40 1934;
646 1529 68 41 2c.
743 1531 108 39 Jan.
883 1529 68 43 10.
983 1529 140 46 1935;
1155 1529 82 40 aff.
1266 1531 112 38 Dec.
1408 1529 70 47 24,
1508 1528 142 47 1934;
1680 1530 43 38 A
1750 1528 174 47 78942;
207 1528 1911 107 Brookings
338 1587 295 40 institution.
705 1587 250 47 (35-2585)

134 1690 270 67 Roberts,
433 1690 171 66 Cecil,
634 1696 171 49 1892-

205 1768 121 53 The
366 1774 190 62 guests
598 1768 186 52 arrive
826 1769 75 66 by
944 1768 152 54 Cecil
1137 1768 257 52 Roberts.
1473 1769 139 51 New
1654 1768 180 64 York,
1874 1767 260 66 London,

133 1848 70 51 D.
234 1846 580 68 Appleton-Century
843 1864 297 49 company,
1171 1845 418 68 incorporated,
1621 1848 150 49 1935.

206 1921 83 46 xii,
317 1920 89 40 366
428 1931 42 36 p.
525 1919 59 39 20
584 1922 15 20 cm
632 1950 9 8 .

141 1988 50 52 ©
219 1992 110 39 Feb.
358 1992 38 46 8,
425 1989 114 41 1935;
596 1990 66 40 2c.
692 1991 109 38 Feb.
830 1990 55 38 12;
942 1988 81 40 aff.
1053 1988 109 40 Feb.
1192 1989 56 38 14;
1305 1989 41 38 A
1372 1988 147 40 80416;
1573 1989 56 38 D.
1659 1988 476 49 Appleton-Century

206 2059 81 37 co.,
319 2049 89 39 inc.

138 2150 347 66 Robertson,
514 2151 199 52 Frank
742 2150 268 62 Chester,
1041 2154 170 50 1890-

207 2225 1931 69 Forbidden trails [ by] Frank C. Robertson. New York.
134 2308 47 52 I.
214 2306 345 67 Washburn,
591 2306 126 67 inc.,
752 2310 149 49 1935.

207 2379 645 51 vi p., 1 l., 299 p. 19½cm.
141 2448 51 51 ©
226 2452 110 39 Feb.
370 2452 68 44 15,
472 2449 113 41 1935;
647 2449 65 40 2c.
748 2449 111 39 Feb.
893 2447 57 40 19;
1011 2448 80 40 aff.
1127 2448 110 40 Feb.
1271 2448 83 47 20;
1391 2449 42 38 A
1468 2447 143 41 79724;
1676 2448 49 38 F.
1762 2449 50 39 C.
1849 2448 283 47 Robertson,

210 2507 303 49 Springville,
548 2508 142 38 Utah.
763 2505 250 48 (35-2613)

138 2609 279 66 Rommel,
444 2612 159 50 Frau
632 2610 171 54 Clara
829 2610 336 63 (Hohrath)
1203 2613 171 51 1873-

207 2685 327 55 Hannelore
590 2686 177 53 erlebt
822 2686 91 53 die
969 2687 332 67 grossstadt,
1360 2704 109 33 von
1530 2688 61 53 C.
1650 2687 272 52 Hohrath;
2009 2684 121 55 eine

138 2765 402 67 vergnügliche
573 2764 321 68 geschichte
925 2782 111 34 von
1070 2765 107 51 den
1210 2764 271 67 heutigen
1513 2763 329 55 Schwaben.
1918 2763 212 53 Edited

142 2840 138 55 with
323 2850 176 60 notes,
544 2841 269 54 exercises
859 2844 112 51 and
1018 2841 342 68 vocabulary
1405 2842 75 67 by
1526 2843 67 52 E.
1639 2844 64 51 P.
1750 2842 220 66 Appelt
2017 2843 112 51 and

142 2917 1728 71 Selina Meyer … New York, F. S. Crofts & co., 1935.
210 2993 98 47 viii,
336 2993 86 40 206
446 3004 42 37 p.
516 2993 107 39 incl.
649 2993 149 41 front.
858 2993 56 39 19½
946 2995 44 20 cm
995 3025 8 8 .

210 3049 322 41 “Authorized
561 3049 225 40 edition.”

142 3116 50 52 ©
223 3122 109 39 Jan.
360 3123 67 45 17,
459 3120 113 41 1935;
631 3121 67 39 2c.
728 3122 108 38 Jan.
867 3120 83 46 25;
983 3119 81 40 aff.
1098 3120 107 39 Jan.
1237 3120 82 46 24;
1351 3120 42 38 A
1421 3119 142 40 80202;
1625 3120 50 38 F.
1710 3120 45 40 S.
1787 3118 166 41 Crofts
1982 3120 39 39 &
2049 3129 82 37 co.,

206 3177 88 41 inc.
365 3177 251 47 (35-2433)

138 3280 171 66 Roth,
340 3282 237 65 Joseph.

269 3357 1857 69 … Antichrist; translated by Moray Firth. New York, The
142 3433 215 70 Viking
387 3454 173 49 press,
593 3441 148 48 1935.

210 3506 586 50 5 p. l., 3-177 p. 21 cm .
142 3573 52 51 ©
223 3579 107 39 Feb.
362 3581 39 44 8,
432 3579 113 40 1935;
605 3581 66 39 2c.
704 3582 94 38 and
829 3578 81 42 aff.
944 3581 108 38 Feb.
1085 3579 25 40 9;
1172 3582 40 36 A
1245 3580 142 40 80384;
1449 3579 181 47 Viking
1658 3589 150 37 press,
1841 3581 91 38 inc.

216 3635 247 47 (35-2671)

137 3734 206 69 Scholl,
371 3738 253 55 William
655 3741 281 62 Mathias,
968 3745 170 50 1882-

206 3814 56 53 A
287 3832 191 37 course
504 3817 64 52 of
595 3818 169 66 study
791 3819 60 50 in
877 3816 270 56 scientific
1173 3817 131 53 shoe
1332 3817 195 67 fitting
1555 3819 113 51 and
1694 3817 428 66 salesmanship,

140 3887 1954 151 by Wm. M. Scholl … Chicago, American school of practipedics [ c 1935]
