2424 4375
1155 4041 100 49 995

273 493 57 40 76
359 503 41 37 p.
461 492 57 40 20½cm.

276 547 70 41 On
383 549 81 39 the
502 548 257 40 “essential
795 547 404 48 incompatibility
1254 548 51 39 [of
1341 549 79 39 the
1459 548 203 40 Pauline
1699 548 212 49 epistles]
1949 547 121 41 with
2106 549 80 39 the

205 604 248 40 authentic
485 605 225 47 teaching
743 605 50 39 of
825 604 521 42 Jesus”.—Foreword.

202 673 51 51 ©
284 676 111 47 Apr.
423 675 68 45 27,
520 674 113 41 1935;
689 675 65 40 2c.
786 676 112 47 May
927 675 54 39 16;
1039 674 81 41 aff.
1152 676 115 46 May
1295 675 57 39 10;
1407 676 41 38 A
1476 675 143 40 81844;
1677 676 49 39 L,
1756 676 68 39 W.
1855 675 123 48 Neff,
2011 676 174 47 Emory

270 731 293 48 University,
598 732 83 40 Ga.
752 731 278 48 (35-10614)

199 834 144 53 New
376 835 160 52 York
570 837 217 64 (State)
871 836 181 65 Laws,
1084 842 256 60 statutes,
1372 841 98 47 etc.

275 911 279 55 Criminal
596 913 109 51 law
745 915 113 52 and
900 911 248 69 practice
1188 912 63 52 of
1290 914 94 51 the
1425 918 141 47 state
1608 911 63 54 of
1713 914 137 50 New
1894 914 177 61 York,
2115 913 69 67 by

205 988 1982 69 Frank B. Gilbert … consisting of the Penal law, the Code of
204 1066 259 54 criminal
507 1069 324 66 procedure,
872 1068 93 53 the
1007 1066 254 54 Inferior
1303 1066 261 55 criminal
1606 1075 187 47 courts
1835 1076 106 57 act,
1983 1070 203 51 Parole

204 1145 354 53 commission
587 1147 109 51 law
728 1145 93 52 for
851 1146 121 52 first
1004 1146 141 52 class
1177 1145 175 67 cities,
1383 1147 111 52 and
1528 1146 321 55 Children's
1880 1154 158 45 court
2072 1153 115 46 acts

204 1223 64 52 of
309 1224 137 53 New
489 1224 162 51 York
690 1228 142 48 state
873 1224 111 52 and
1028 1224 137 52 New
1208 1225 161 51 York
1410 1222 133 69 city,
1584 1223 390 68 exhaustively
205 1242 1958 126 annotated;

437 1308 160 46 court
642 1301 290 67 decisions,
977 1319 192 35 source
1215 1307 156 47 notes
1417 1302 111 51 and
1575 1300 506 68 cross-references,
2129 1320 58 35 as

205 1380 272 52 amended
511 1386 58 45 to
602 1380 94 51 the
732 1380 106 52 end
872 1379 64 52 of
970 1379 92 52 the
1098 1377 317 70 legislative
1449 1378 210 55 session
1728 1383 115 50 1935.
1954 1381 93 52 18th
2085 1382 84 52 ed.,

205 1455 1983 70 edited and annotated by Joseph R. Clevenger … Albany,
205 1536 67 52 N.
304 1537 89 59 Y.,
420 1536 78 52 M.
529 1535 225 52 Bender
779 1539 46 49 &
851 1553 295 49 company,
1172 1534 415 67 incorporated,
1618 1538 148 50 1935.

278 1605 1909 49 2 p. l ., iii-xxxii p., 1 l., 826 (i. e. 866) p., 1 l., 1176 (i. e. 1190) p. 26cm.
278 1665 246 46 Irregular
559 1662 189 49 paging.

278 1721 70 39 On
380 1730 138 30 cover:
579 1719 225 41 Gilbert’s
835 1720 262 39 annotated
1128 1717 234 43 Criminal
1392 1721 114 38 code
1537 1719 37 40 &
1604 1720 141 47 penal
1776 1720 107 39 law.

203 1788 53 52 ©
286 1793 81 38 July
426 1791 69 48 22,
552 1790 111 47 1935;
691 1791 67 39 2c.
787 1791 115 47 July
926 1790 82 47 24;
1039 1789 81 41 aff.
1150 1790 115 47 July
1291 1789 82 47 23;
1402 1790 42 39 A
1471 1789 169 48 84716;
1674 1791 235 39 Matthew
1939 1792 188 38 Bender
2155 1792 37 39 &

274 1859 81 34 co.,
388 1849 88 39 inc.
547 1847 278 50 (35-10568)

202 1952 144 52 New
374 1953 179 51 York.
627 1950 416 64 Metropolitan
1071 1967 269 36 museum
1368 1950 63 52 of
1457 1954 115 50 art.

334 2027 1857 67 … Historical arms and armor; twenty plates. New York
227 2108 118 52 [The
378 2107 261 51 Museum
673 2124 154 45 press]
884 2108 151 50 1935.

279 2180 54 49 [8]
358 2189 43 37 p.
455 2178 58 40 20
536 2190 59 36 pl.
624 2190 60 28 on
710 2177 59 41 10
810 2208 8 8 l.
872 2177 116 40 19cm.
1047 2176 209 50 [Picture
1281 2176 163 49 books]

275 2237 62 39 At
360 2237 123 38 head
508 2235 51 40 of
581 2235 109 40 title:
745 2235 103 39 The
872 2232 344 50 Metropolitan
1242 2243 219 30 museum
1486 2233 53 39 of
1562 2235 91 38 art.

274 2294 123 39 Text
424 2293 166 47 signed:
652 2292 212 46 Stephen
933 2322 9 9 V.
973 2290 262 48 Grancsay.

205 2359 52 53 ©
293 2364 109 39 Feb.
435 2362 41 47 9,
511 2361 112 41 1935;
687 2362 65 39 2c.
791 2362 93 38 and
919 2360 82 40 aff.
1037 2361 120 39 Mar.
1193 2360 59 39 20;
1314 2361 39 37 A
1389 2359 145 40 82025;
1596 2360 346 48 Metropolitan
1976 2370 217 29 museum

275 2420 51 40 of
349 2422 90 45 art,
465 2420 117 39 New
605 2419 143 39 York.
819 2415 278 50 (35-10419)

206 2522 201 62 Nolde,
437 2522 143 53 Otto
606 2521 170 53 Fred.

278 2599 101 68 My
416 2598 184 66 work;
639 2617 30 33 a
703 2597 169 67 study
908 2595 64 53 of
1004 2596 94 52 the
1134 2596 209 52 church
1381 2595 218 52 worker
1637 2597 110 51 and
1784 2596 88 54 his
1909 2597 172 65 work,
2118 2597 73 67 by

210 2675 66 55 O.
308 2676 151 53 Fred
488 2676 182 52 Nolcle
701 2674 111 52 and
840 2674 146 53 Paul
1016 2675 54 53 J.
1099 2674 165 63 Hoh;
1296 2675 281 64 prepared
1606 2674 179 52 under
1814 2675 94 51 the
1939 2673 253 67 auspices

209 2754 64 52 of
297 2754 94 52 the
417 2754 206 52 Parish
651 2752 111 51 and
789 2751 207 51 church
1024 2750 189 53 school
1238 2749 178 53 board
1443 2749 64 54 of
1534 2750 94 52 the
1656 2750 216 54 United
1900 2752 288 51 Lutheran

209 2831 208 52 church
449 2832 58 50 in
540 2828 278 55 America.
892 2826 424 68 Philadelphia,
1347 2830 119 64 Pa.,
1498 2828 118 52 The
1651 2826 216 55 United
1900 2829 292 54 Lutheran

212 2909 588 68 publication house [c1935]
280 2982 55 40 93
367 2992 42 37 p.
469 2980 127 39 illus.
625 2979 159 47 (map)
825 2978 152 48 diagr.
1066 2976 84 41 18cm.

209 3050 51 51 ©
284 3054 128 38 June
434 3052 69 45 24,
529 3050 138 46 1935;
693 3049 67 40 2c.
785 3049 114 46 July
923 3047 52 46 2;
1004 3047 79 39 aff.
1112 3047 125 38 June
1260 3046 81 46 28;
1369 3047 40 38 A
1436 3045 169 47 84509;
1635 3047 161 39 Board
1821 3048 52 38 of
1898 3046 296 49 publication

278 3110 50 40 of
355 3110 82 39 the
463 3107 178 40 United
668 3106 246 39 Lutheran
943 3104 179 40 church
1152 3103 50 38 in
1229 3102 235 49 America,
1496 3102 351 48 Philadelphia.

290 3164 278 50 (35-10621)

210 3261 1924 70 Normandie et Iles anglaises de la Manche. Cartes, plans …
277 3347 183 63 Paris,
488 3344 299 65 Hachette,
814 3344 147 49 1934.

283 3418 126 46 cviii,
431 3417 88 39 260
538 3427 42 37 p.
631 3416 163 46 front.,
818 3423 133 37 maps
981 3413 136 47 (part
1137 3411 142 46 fold.)
1341 3411 115 39 16cm.
1520 3410 202 48 (Guides
1747 3412 257 47 Diamant)

211 3472 51 51 ©
291 3475 115 47 July
433 3475 68 45 11,
529 3472 138 46 1934;
756 3502 7 8 1c.
792 3471 116 38 Nov.
937 3468 83 47 20;
1050 3469 100 38 A-
1154 3467 205 47 Foreign
1391 3467 169 46 26211;
1592 3468 240 40 Librairie
1858 3470 253 40 Hachette.

216 3591 187 64 Olgin,
433 3590 296 62 Moissaye
755 3588 236 62 Joseph,
1024 3587 169 54 1874-

342 3659 1853 72 … Trotskyism; counter-revolution in disguise. New York,
217 3745 262 51 Workers
509 3742 216 67 library
752 3738 337 70 publishers,
1120 3740 151 49 1935.

287 3816 83 38 160
394 3826 42 36 p.
500 3814 113 38 19cm.

288 3872 62 38 At
373 3871 123 39 head
523 3869 51 39 of
600 3867 107 41 title:
761 3867 63 40 M.
849 3865 42 41 J.
917 3864 154 48 Olgin.

215 3927 51 51 ©
290 3930 123 38 June
437 3927 68 43 25,
531 3925 139 42 1935;
695 3924 66 40 2c.
786 3924 114 46 July
923 3922 81 46 10;
1032 3922 82 40 aff.
1141 3922 114 46 July
1280 3920 52 46 9;
1358 3921 38 37 A
1422 3920 168 48 84588;
1621 3923 232 39 Workers
1873 3924 185 48 library
281 3928 1898 103 publishers,
495 3985 90 37 inc.
655 3979 276 49 (35-10863)
