2424 4375
1032 4059 133 54 1327

98 462 222 64 Welles,
350 461 310 55 Winifred.

163 531 1917 73 A spectacle for scholars [ by] Winifred Welles. New York,
97 614 117 53 The
238 612 219 69 Viking
483 630 172 51 press,
687 614 148 50 1935.

162 683 553 50 4 p. l., 3-59 p. 21 cm .
165 742 182 39 Poems.

98 798 54 53 ©
180 802 125 48 Sept.
335 800 68 48 23,
434 799 114 41 1935;
605 800 66 39 2c.
706 800 126 47 Sept.
859 798 54 39 21;
973 798 81 40 aff.
1088 798 124 47 Sept.
1244 797 56 39 24;
1359 798 42 38 A
1429 797 145 40 86416;
1632 796 242 42 Winifred
1905 799 180 38 Welles

173 858 217 46 Shearer,
421 857 268 45 Scarsdale,
718 856 56 39 N.
802 856 52 38 Y.
926 854 278 49 (35-17819)

99 941 177 63 West,
303 939 250 54 Michael
577 938 213 65 Philip.

167 1018 118 52 The
317 1034 122 35 new
472 1017 229 53 method
736 1014 244 70 English
1014 1014 348 69 dictionary;
1398 1014 335 69 explaining
1765 1016 98 52 the
101 1033 1957 130 meaning
236 1093 64 54 of

338 1097 188 61 24,000
567 1094 164 54 items
771 1093 201 54 within
1014 1112 30 34 a
1085 1092 343 69 vocabulary
1468 1092 64 54 of
1573 1097 151 63 1,490
1764 1095 203 66 words,
2007 1094 75 68 by

100 1171 241 54 Michael
371 1172 199 67 Philip
598 1173 161 53 West
791 1216 54 9 …
881 1173 112 52 and
1023 1173 194 54 James
1244 1172 218 55 Gareth
1493 1170 276 55 Endicott
1802 1216 56 10 …

101 1174 1958 144 London, New York [etc.] Longmans, Green and co. [ 1935]
169 1323 99 50 viii,
296 1324 86 41 341
409 1334 43 38 p.
512 1323 143 48 illus.,
683 1323 179 48 diagrs.
921 1322 57 41 19½
1007 1325 45 22 cm
1056 1355 9 8 .

104 1378 1983 53 © 1c. Aug. 21, 1935; A ad int. 20504; pubd. June 24; Longmans, Green &
171 1450 65 30 co.
306 1437 278 49 (35-17937)

102 1520 160 54 West
293 1519 273 65 Virginia
595 1520 111 52 and
736 1519 180 55 South
946 1524 219 48 eastern
1195 1519 202 67 digest,
1424 1520 267 67 covering
1720 1520 77 53 all
1826 1538 149 35 cases

169 1537 1893 127 reported
397 1598 61 51 in
482 1599 162 52 West
669 1596 269 68 Virginia
965 1603 238 60 reports,
1233 1595 181 54 South
1444 1604 220 45 eastern
1691 1603 258 61 reporter
1975 1598 110 51 and

171 1676 224 52 various
432 1680 220 62 reports
692 1674 62 52 of
791 1676 165 51 south
994 1679 218 47 eastern
1247 1679 172 47 states
1457 1674 153 52 from
1645 1674 225 53 earliest
1906 1675 181 66 times,

171 1753 138 52 with
349 1757 229 47 current
614 1751 344 53 cumulative
995 1751 205 67 pocket
1234 1751 212 53 service
1482 1751 247 69 keeping
1767 1754 95 51 the
1904 1752 182 68 digest

175 1831 207 66 always
418 1836 57 46 to
513 1830 130 52 date
687 1872 55 9 …
819 1831 91 65 By
944 1830 98 52 the
1073 1828 336 68 publisher’s
1447 1830 265 53 editorial
1748 1828 149 56 staff,
172 1832 1891 129 volume

325 1911 187 49 33-34.
589 1907 82 55 St.
702 1906 164 66 Paul,
891 1908 162 53 West
1078 1906 335 68 publishing
1440 1927 77 34 co.
1554 1942 11 33 [
1569 1915 19 21 c
1594 1911 151 64 1935]

171 1980 26 39 2
228 1992 41 29 v.
330 1980 58 40 26
387 1983 45 21 cm
437 2012 9 8 .

178 2037 71 41 On
276 2047 140 31 cover;
473 2036 113 41 1863
615 2038 51 38 to
693 2038 125 38 date.

178 2093 134 48 “Key
337 2094 202 39 number
567 2091 223 49 system.”

449 2160 105 29 CONTENTS.—v.
581 2148 71 41 33.
678 2149 565 39 Trusts-Wharves.—v.
1267 2146 74 43 34.
1365 2149 323 40 Wills-Work
1714 2153 94 38 and
1834 2152 150 40 labor.

105 2202 50 54 ©
180 2208 122 48 Sept.
326 2207 68 47 26,
420 2206 115 41 1935;
584 2206 66 40 2c.
672 2206 118 40 each
815 2205 100 40 Oct.
940 2204 55 40 12;
1048 2204 81 40 aff.
1151 2205 102 40 Oct.
1278 2205 56 39 14;
1384 2206 42 38 A
1448 2206 156 47 86781,
1628 2207 143 40 86782;
1823 2208 137 40 West
1982 2209 108 47 pub.

177 2275 66 29 co.

108 2346 452 64 Westinghouse
593 2345 235 53 electric
854 2344 50 53 &
930 2344 489 65 manufacturing
1449 2362 303 49 company.

177 2423 118 51 The
326 2422 453 68 stenographer’s
809 2422 318 52 handbook.
1198 2423 143 51 East
1369 2422 358 69 Pittsburgh,
1757 2425 120 67 Pa.,

111 2427 1956 140 Westinghouse
417 2500 222 54 electric
677 2504 45 49 &
756 2498 471 68 manufacturing
1262 2517 278 50 company
1584 2535 12 33 [
1600 2509 19 21 c
1626 2505 130 50 1935]

179 2573 67 47 80,
279 2574 54 48 [3]
363 2584 44 37 p.
463 2573 54 39 22
521 2575 44 21 cm
571 2605 8 8 .

183 2630 114 40 “Mr.
328 2630 151 48 Lloyd
511 2630 43 39 J.
582 2630 145 46 Bray,
757 2629 54 39 of
842 2630 83 38 the
953 2627 270 40 Industrial
1256 2628 235 40 relations
1521 2630 319 48 department,
1872 2633 88 39 has
113 2644 1964 89 prepared
288 2686 97 40 this
416 2685 297 41 handbook.”

181 2742 155 39 Blank
362 2752 148 38 pages
534 2742 81 38 for
640 2739 203 41 “Notes”
882 2740 51 47 (3
956 2743 51 36 at
1035 2739 116 46 end)

116 2793 51 53 ©
191 2799 111 47 May
327 2798 68 47 21,
422 2798 116 40 1935;
591 2796 67 41 2c.
686 2797 96 39 and
808 2796 80 39 aff.
918 2795 117 48 Aug.
1063 2796 56 39 31;
1173 2796 40 38 A
1241 2796 142 40 85973;
1441 2796 370 49 Westinghouse
1836 2799 196 40 electric
2059 2801 36 39 &

181 2853 395 48 manufacturing
604 2864 67 29 co.
741 2851 278 49 (35-18059)

115 2936 210 65 White,
354 2937 256 52 Frances
637 2935 206 63 Laing.

184 3011 293 70 Weaving,
519 3012 76 68 by
639 3014 244 50 Frances
926 3011 188 67 Laing
1155 3010 210 55 White.
1442 3011 366 70 Shreveport,
1851 3015 244 54 Journal

118 3089 327 69 publishing
476 3107 295 50 company,
807 3092 147 52 1928.

186 3162 490 48 3 p. l., 33 p. 19 cm .
187 3218 180 42 Poems.

122 3270 50 53 ©
207 3277 114 39 Nov.
357 3277 69 47 30,
464 3276 140 47 1928;
644 3275 67 40 2c.
750 3276 94 39 and
882 3271 82 43 aff.
1002 3274 119 47 Aug.
1161 3273 70 47 24,
1267 3273 141 48 1935;
1448 3274 42 39 A
1528 3275 169 47 86384;
1739 3277 51 40 F.
1830 3279 47 38 L.
1920 3281 176 48 White,

189 3332 299 49 Shreveport,
517 3334 82 38 La.
673 3330 277 49 (35-17824)

117 3406 208 66 White,
357 3409 181 62 Robb,
572 3413 169 49 1909-

189 3484 117 53 The
333 3484 148 66 Nub,
509 3484 72 68 by
610 3483 164 53 Robb
801 3480 212 69 White,
1040 3498 99 49 in;
1170 3481 140 52 with
1338 3481 376 57 illustrations
1742 3485 74 68 by
1845 3488 247 55 Andrew

123 3559 218 67 Wyeth.
401 3562 232 64 Boston,
662 3558 193 66 Little,
885 3560 228 63 Brown,
1145 3558 111 52 and
1288 3576 295 51 company,
1613 3564 151 51 1935.

189 3629 1154 54 4 p. l., [3]-253 p. incl. plates, front. 21 cm .
127 3685 50 52 ©
212 3690 124 49 Sept.
371 3690 68 48 20,
474 3690 139 46 1935;
651 3689 67 40 2c.
786 3690 63 38 and
884 3688 83 39 aff.
1007 3687 127 48 Sept.
1170 3686 82 46 21;
1288 3687 42 39 A
1367 3687 169 48 86403;
1576 3690 160 49 Little,
1774 3694 191 49 Brown,
2003 3701 95 38 and

190 3756 242 38 company.
501 3746 278 47 (35-18075)

124 3818 233 65 Wilson,
390 3820 174 52 Elihu
598 3820 280 62 Clement,
912 3817 170 53 1870-

194 3897 152 50 Back
391 3897 310 66 siphonage
745 3894 63 53 of
851 3892 144 53 flush
1038 3895 218 64 valves;
1303 3912 188 36 causes
1536 3898 112 52 and
1691 3903 287 68 remedies,
2023 3907 74 67 by

128 3971 62 53 E.
218 3973 154 54 Clem
393 3973 222 54 Wilson
648 4015 55 9 …
781 3971 109 53 Los
916 3970 263 62 Angeles,
1209 3970 192 62 Calif.,
1431 3976 149 52 1935.
