2526 4384
1336 3996 100 48 226

371 384 290 69 Banning,
694 389 139 51 Mrs.
867 388 305 63 Margaret
1203 386 273 65 (Culkin)
1519 392 170 50 1891-

446 477 120 54 The
595 478 124 54 first
747 496 237 49 woman,
1011 480 74 66 by
1114 480 295 67 Margaret
1437 478 210 55 Culkin
1677 479 285 68 Banning.
2038 482 136 53 New
2205 482 157 52 York

375 557 111 52 and
515 557 256 64 London,
797 558 232 66 Harper
1056 561 45 50 &
1125 557 274 66 brothers,
1430 562 149 49 1935.

441 640 460 52 3 p. l., 208 p. 19½ cm.
441 714 161 40 “First
633 712 227 42 edition.”

373 779 53 53 ©
449 785 120 38 Mar.
625 814 9 16 6,
659 782 140 48 1935;
822 783 67 40 2c.
915 784 121 39 Mar.
1062 784 52 46 7;
1140 783 82 40 aff.
1247 784 121 39 Mar.
1393 784 52 46 8;
1472 784 40 39 A
1564 784 143 46 80854;
1735 785 62 39 M.
1823 784 50 41 C.
1900 784 237 48 Banning,
2165 784 202 41 Duluth.

453 840 251 47 (35-3432)

374 943 297 65 Barberis,
701 942 194 67 Eligio
921 945 282 64 Gaetano,
1233 946 171 54 1876-

378 1032 1968 134 Maria e Vittorio; Italian first reader, by Eligio G. Barberis …
698 1109 436 70 Williamsport,
1169 1111 119 69 Pa.,
1320 1112 122 52 The
1475 1112 235 69 Bayard
1741 1130 158 51 press
1936 1146 13 34 [
1954 1118 18 23 c
1978 1115 132 49 1935
2116 1146 13 35 ]

449 1197 559 49 5 p. l., 283 p. 20½c m .
375 1267 53 53 ©
457 1271 110 40 Feb.
595 1270 69 48 19,
693 1270 141 48 1935;
863 1271 65 41 2c.
960 1271 95 40 and
1084 1271 79 39 aff.
1193 1271 111 40 Feb.
1333 1270 83 48 28;
1447 1272 41 39 A
1516 1272 171 47 79863;
1717 1274 52 38 E.
1800 1272 54 41 G.
1884 1273 244 48 Barberis,
2158 1274 211 39 Jackson

448 1328 221 48 Heights,
701 1329 134 48 Long
864 1328 183 47 Island,
1076 1329 55 39 N.
1162 1330 53 38 Y.
1287 1328 250 48 (35-3483)

379 1432 259 68 [Bishop,
667 1435 134 54 Carl
828 1432 236 69 Sidney]
1100 1438 169 51 1865-

448 1524 161 54 More
636 1525 142 53 than
805 1545 30 34 a
861 1522 293 71 building;
1184 1547 36 35 a
1244 1530 157 63 story
1431 1524 65 54 of
1523 1525 98 54 the
1648 1525 226 55 Kansas
1906 1525 152 69 City,
2083 1526 291 65 Missouri,

374 1602 212 70 Young
615 1603 175 54 men’s
823 1602 294 56 Christian
1149 1603 367 68 association;
1553 1603 302 69 published
1888 1622 71 35 on
1990 1605 95 52 the
2118 1603 254 55 occasion

373 1681 65 54 of
472 1683 96 52 the
601 1681 273 54 diamond
907 1681 227 69 jubilee,
1170 1684 325 51 1860-1935.
1570 1682 227 53 Kansas
1834 1679 152 71 City,
2023 1682 133 68 Mo.,

372 1682 1981 131 Western
502 1757 235 71 Baptist
765 1759 337 69 publishing
1125 1777 297 51 company,
1456 1763 151 50 1934.

447 1844 1055 51 116 p. incl. front. (port.) 1 illus. 20 cm .
450 1917 130 41 “The
616 1917 180 40 author
831 1917 226 40 assumed
1093 1916 158 41 entire
1288 1916 363 49 responsibility
1687 1916 80 41 for
1804 1918 132 39 what
1975 1918 59 39 he
2073 1918 164 46 wrote,
2276 1919 94 40 and

380 1976 82 39 the
487 1973 668 47 circulation.”—Foreword,
1186 1973 166 49 signed:
1412 1973 48 41 C.
1494 1974 43 40 S.
1567 1973 195 49 Bishop.

382 2040 53 53 ©
465 2045 112 39 Dec.
609 2045 69 46 31,
710 2045 141 46 1934;
883 2044 68 40 2c.
983 2045 109 39 Jan.
1124 2045 69 48 11,
1223 2043 140 47 1935;
1398 2044 82 40 aff.
1514 2044 111 40 Feb.
1658 2045 53 45 4;
1745 2045 40 38 A
1817 2044 170 47 78961;
2022 2045 194 40 Kansas
2250 2045 124 47 City,

449 2103 107 46 Mo.,
584 2102 172 48 Young
778 2101 152 41 men’s
956 2100 249 42 Christian
1233 2112 144 36 assn.,
1404 2101 195 40 Kansas
1627 2100 126 50 City,
1781 2103 92 39 Mo.

461 2158 250 50 (35-3560)

376 2260 179 67 Blair,
583 2261 242 66 Walter,
858 2267 170 51 1900-

461 2350 1658 70 Approaches to poetry, by Walter Blair … and W. K.
388 2350 1987 148 Chandler … New York, London, D. Appleton-Century company,
386 2507 397 68 incorporated
995 2540 13 35 [c1935]

455 2602 45 37 x,
527 2590 84 42 783
638 2603 43 37 p.
741 2591 54 40 23½cm.

457 2662 69 39 “A
559 2663 229 40 textbook
820 2674 61 29 on
913 2666 169 46 poetry
1114 2664 247 40 combined
1393 2664 120 40 with
1546 2675 27 29 a
1607 2664 254 41 collection
1890 2664 52 40 of
1973 2663 400 49 poems.”—Pref.

458 2719 245 41 “Selected
734 2719 300 41 references”:
1092 2731 42 37 p.
1160 2719 216 41 759-761.

384 2790 53 53 ©
465 2794 110 41 Feb.
603 2794 71 46 28,
700 2793 140 47 1935;
870 2794 68 39 2c.
967 2794 97 39 and
1090 2791 83 42 aff.
1201 2794 120 38 Mar.
1348 2794 54 46 4;
1433 2793 44 40 A
1501 2792 140 41 80783;
1703 2794 57 39 D.
1790 2792 473 49 Appleton-Century
2292 2803 82 37 co.,

453 2850 91 41 inc.
614 2850 250 49 (35-3563)

384 2951 296 67 Blodgett,
708 2953 182 66 Ruth,
921 2957 171 52 1883-

455 3028 202 53 Easter
697 3028 253 69 holiday,
987 3028 75 69 by
1101 3028 156 53 Ruth
1300 3028 288 68 Blodgett.
1665 3028 138 52 New
1843 3027 180 69 York,
2063 3027 310 67 Harcourt,

385 3105 833 69 Brace and company [ c 1935]
452 3189 614 51 5 p. l., 3-319 p. 19½ cm .
455 3261 161 41 “First
640 3261 228 41 edition.”

387 3330 53 53 ©
466 3336 120 38 Mar.
612 3335 39 47 7,
677 3335 116 40 1935;
843 3335 64 40 2c.
936 3337 96 39 and
1059 3335 80 40 aff.
1166 3336 121 39 Mar.
1313 3336 81 45 11;
1423 3336 40 38 A
1517 3333 140 48 80904;
1688 3335 53 38 R.
1771 3335 240 47 Blodgett,
2039 3335 161 39 Beach
2226 3333 147 48 Bluff,

458 3392 146 39 Mass.
674 3391 250 48 (35-3540)

385 3492 250 65 Borden,
664 3494 191 64 Mary.

463 3566 160 71 King
647 3569 64 52 of
735 3571 95 53 the
855 3573 169 65 Jews,
1050 3571 72 67 by
1148 3573 171 65 Mary
1344 3571 245 53 Borden.
1664 3573 232 63 Boston,
1922 3568 193 68 Little,
2144 3571 227 64 Brown,

390 3648 110 51 and
532 3665 295 50 company,
859 3652 149 51 1935.

459 3733 578 49 4 p. l., 3-306 p. 20 cm .
460 3804 373 47 Bibliography:
867 3815 39 37 p.
938 3805 214 40 305-306.

391 3870 53 53 ©
471 3876 122 38 Mar.
621 3876 42 45 4,
692 3874 112 40 1935;
863 3875 66 40 2c.
963 3877 95 38 and
1088 3875 81 40 aff.
1200 3875 121 39 Mar.
1353 3875 52 46 6;
1438 3875 42 39 A
1509 3872 168 47 80819;
1713 3872 160 45 Little,
1907 3873 190 45 Brown,
2129 3872 94 38 and
458 3881 1899 98 company.
669 3930 249 48 (35-3433)
