2424 4375
1181 4062 133 50 1410

253 458 178 65 Bays,
458 459 211 54 Alfred
694 458 274 66 William,
997 461 172 54 1876-

384 537 1860 69 … The law of insurance, with questions and problems, by
250 615 1970 147 Alfred W. Bays … 2d ed. … Chicago, Callaghan and company, 1935.
321 781 101 47 viii,
458 781 86 40 116
577 791 42 38 p.
685 779 54 41 19
743 782 43 21 cm
791 811 7 8 .
875 778 114 50 (His
1026 779 258 40 American
1321 780 307 40 commercial
1664 781 94 39 law
1796 778 150 42 series.
2026 781 121 40 book
2226 780 13 49 X)

319 838 261 40 “National
611 837 230 41 textbook
870 836 191 41 series.”

319 908 73 41 Oil
420 918 167 31 cover:
618 907 316 41 Commercial
962 908 108 39 law.
1128 906 152 41 Third
1309 906 197 43 edition.
1563 908 103 39 Vol.
1691 907 41 40 4.

326 963 1730 49 With his … The law of property … 3d ed. … Chicago, 1935.
252 1032 54 53 ©
333 1036 103 40 Oct.
461 1035 40 48 9,
529 1033 141 49 1935;
700 1034 68 41 2c.
796 1034 95 40 and
919 1034 82 40 aff.
1032 1034 102 40 Oct.
1162 1034 82 46 11;
1276 1034 40 39 A
1344 1033 170 47 86720;
1546 1034 269 48 Callaghan
1846 1034 36 41 &
1910 1044 67 31 co.

332 1092 281 48 (35-18804)

384 1198 1860 71 … The law of partnerships, with questions and problems;
249 1286 123 48 text
400 1280 65 53 of
491 1279 278 55 Uniform
798 1276 369 71 partnership
1199 1284 90 47 act
1320 1279 112 52 and
1463 1276 252 54 Limited
1745 1277 368 70 partnership
2145 1284 104 59 act,

251 1354 1997 73 by Alfred W. Bays … 3d ed. … Chicago, Callaghan and
251 1455 300 50 company,
582 1438 149 51 1935.

324 1523 101 48 viii,
453 1522 88 41 146
562 1534 43 37 p.
659 1522 57 40 19
718 1523 44 22 cm
767 1554 9 9 .
842 1522 116 46 (His
984 1520 257 42 American
1268 1521 306 41 commercial
1599 1522 96 40 law
1719 1521 151 41 series.
1936 1520 124 42 book
2143 1525 15 44 VI)

325 1591 260 42 “National
615 1591 231 41 textbook
872 1589 195 42 series.”

325 1649 73 41 On
429 1658 168 31 cover:
627 1646 317 42 Commercial
973 1648 109 38 law.
1142 1645 153 42 Third
1324 1645 198 43 edition.
1582 1646 103 42 Vol.
1715 1647 41 41 3.

323 1701 1923 49 With this is bound the author’s … The law of corporations … 3d ed.
304 1759 446 50 … Chicago, 1935.
254 1829 54 53 ©
335 1833 100 40 Oct.
464 1833 41 45 4,
534 1831 140 47 1935;
704 1830 67 41 2c.
800 1832 95 38 and
924 1829 80 41 aff.
1035 1830 102 40 Oct.
1167 1830 82 46 11;
1279 1831 40 38 A
1349 1829 169 48 86719;
1551 1831 271 48 Callaghan
1850 1831 36 40 &
1910 1842 68 31 co.

336 1888 280 49 (35-18806)

385 1995 1863 70 … The law of property, with questions, problems and forms,
252 2071 1995 73 by Alfred W. Bays … 3d ed. … Chicago, Callaghan and
252 2172 298 50 company,
583 2156 151 50 1935.

325 2239 117 49 xvii,
472 2239 89 41 278
586 2249 41 38 p.
686 2238 58 41 19
744 2240 45 21 cm
793 2269 9 9 .
871 2238 116 49 (His
1014 2239 257 40 American
1299 2238 306 42 commercial
1633 2240 94 39 law
1757 2237 151 41 series.
1981 2238 121 40 book
2226 2240 13 47 VIII)

327 2309 262 41 “National
618 2308 231 40 textbook
875 2307 194 42 series.”

328 2367 72 40 On
426 2375 168 31 cover:
625 2363 316 42 Commercial
968 2365 109 39 law.
1137 2364 153 41 Third
1315 2363 197 42 edition.
1573 2364 102 42 Vol.
1699 2366 41 40 4.

327 2425 1919 51 With this are bound the author’s … The law of bankruptcy … 3d ed.
308 2482 1938 51 … Chicago, 1935 and … The law of insurance … 2d ed. … Chicago,
256 2540 129 42 1935.

257 2607 54 53 ©
337 2611 102 40 Oct.
464 2611 40 47 9,
531 2609 140 48 1935;
701 2610 66 40 2c.
797 2611 95 39 and
918 2609 81 40 aff.
1030 2610 101 40 Oct.
1159 2610 81 47 11;
1272 2611 39 38 A
1338 2610 171 47 86720;
1540 2611 269 48 Callaghan
1839 2611 36 41 &
1902 2623 67 30 co.

338 2666 280 49 (35-18805)

258 2774 238 66 Beatty,
524 2775 253 65 Jerome,
809 2780 170 50 1886-

323 2848 232 71 Shirley
578 2850 252 67 Temple,
857 2850 75 69 by
957 2850 228 54 Jerome
1213 2852 225 68 Beatty.
1501 2850 354 55 Authorized
1884 2852 84 54 ed.
2029 2850 216 65 Akron,

254 2925 87 70 O.,
373 2928 139 53 New
545 2927 180 68 York,
757 2928 120 52 The
914 2926 271 56 Saalfield
1222 2927 336 70 publishing
1591 2946 282 52 company
1912 2960 14 35 [
1929 2934 18 22 c
1953 2931 133 51 1935]

326 3012 1472 50 2 p. l., 9-107 p. col. front., illus. (incl. ports.) 23½ cm .
323 3081 288 42 Illustrated
643 3083 358 48 lining-papers.

259 3150 54 53 ©
341 3155 102 40 Oct.
471 3155 40 46 8,
540 3154 140 47 1935;
710 3154 66 41 2c.
807 3155 101 40 Oct.
938 3156 82 45 14;
1050 3156 81 40 aff.
1163 3156 101 40 Oct.
1294 3157 81 46 11;
1407 3157 40 38 A
1475 3157 169 46 87668;
1680 3157 227 40 Saalfield
1934 3159 108 47 pub.
2072 3168 67 29 co.

339 3211 280 47 (35-19123)

260 3320 240 66 Berner,
527 3321 245 55 Bertha.

258 3395 1986 147 Mrs. Leland Stanford; an intimate account, by Bertha Berner … Stanford University, Calif., Stanford university press
265 3583 13 34 [
282 3556 20 22 c
306 3551 133 50 1935
445 3583 13 35 ]

328 3633 104 48 xiii,
465 3633 84 41 231
582 3644 44 38 p.
685 3633 164 48 front.,
882 3637 162 45 ports.,
1079 3634 188 41 facsim.
1327 3634 57 41 20
1386 3637 44 22 cm
1435 3666 10 10 .

329 3702 263 40 Published
624 3703 51 39 in
708 3702 114 41 1934
858 3704 152 39 under
1044 3704 136 40 title:
1220 3705 246 40 Incidents
1502 3706 49 39 in
1587 3707 83 40 the
1702 3705 88 41 life
1826 3706 50 41 of
1914 3707 115 39 Mrs.
2064 3701 175 44 Leland

261 3757 249 41 Stanford.

261 3826 54 52 ©
345 3830 117 46 Aug.
495 3831 38 46 1,
562 3829 116 41 1935;
734 3831 64 39 2c.
831 3831 119 47 Aug.
982 3832 81 45 14;
1097 3831 79 39 aff.
1214 3831 126 48 Sept.
1370 3830 83 48 30;
1487 3833 40 37 A
1558 3833 169 45 87473;
1761 3832 163 40 Board
1956 3832 52 39 of
2038 3832 203 39 trustees

331 3884 52 41 of
429 3887 80 38 the
557 3887 183 39 Leland
790 3887 233 40 Stanford
1069 3887 168 46 junior
1282 3886 145 47 univ.,
1478 3888 232 40 Stanford
1760 3887 294 47 University,
2102 3882 137 44 Calif.

335 3942 280 48 [Copyright
652 3943 40 38 is
729 3943 201 42 claimed
968 3953 59 29 on
1064 3954 106 28 new
1207 3943 239 46 material,
1485 3948 392 43 rearrangement
1915 3945 95 39 and
2047 3940 190 46 editing]

340 3998 280 49 (35-19108)
