2424 4375
1037 3998 132 51 1829

128 417 271 64 Gilmore,
426 417 207 54 Albert
661 417 179 65 Field,
869 423 169 49 1868-

195 495 119 52 The
345 493 181 66 Bible,
555 495 206 52 beacon
790 495 152 65 light
968 495 62 52 of
1059 494 238 66 history,
1325 495 75 65 by
1429 495 203 52 Albert
1661 495 165 52 Field
1856 494 255 55 Gilmore

186 569 1445 70 … Boston, Chicago, Associated authors [ c 1935]
202 641 1748 51 viii p., 3 l., 270 p., 1 l. front., plates, port., map, facsims. 22cm.
200 713 374 47 Bibliography:
607 724 42 37 p.
698 712 231 50 [261]-262.

128 778 52 53 ©
209 784 111 39 Dec.
350 782 68 48 10,
448 782 116 41 1935
579 793 9 36 ;
619 783 67 41 2c.
718 783 96 40 and
843 783 81 40 aff.
955 784 110 39 Dec.
1097 781 55 40 12
1170 793 9 36 ;
1212 783 40 39 A
1283 781 141 42 89823
1442 793 11 36 ;
1485 784 55 40 A.
1573 783 49 39 F.
1658 783 225 48 Gilmore,
1915 784 196 40 Boston.

203 838 278 49 (35-38144)

125 942 196 65 Greig,
350 943 247 64 Maysie,
629 946 169 51 1902-

193 1019 150 52 Love
372 1019 112 52 and
511 1019 78 52 let
614 1036 90 35 me
728 1036 72 51 go
833 1020 109 67 [by]
973 1019 224 68 Maysie
1221 1017 194 70 Greig.
1480 1017 232 56 Garden
1742 1018 153 69 City,
1922 1018 69 55 N.
2021 1019 91 68 Y.,

123 1097 355 68 Doubleday,
503 1097 199 52 Doran
731 1098 113 52 and
872 1114 100 50 co.,
999 1098 126 67 inc.,
1158 1100 148 50 1935.

191 1169 561 52 4 p. l. , 303 p. 19½cm.
192 1240 163 41 “First
384 1239 226 42 edition.”

126 1292 52 53 ©
207 1298 111 39 Dec.
348 1297 42 47 6,
417 1297 140 40 1935;
588 1297 68 40 2c.
685 1296 97 40 and
810 1295 80 42 aff.
920 1297 113 40 Dec.
1061 1296 81 47 20;
1177 1297 41 38 A
1246 1296 169 47 88873;
1447 1298 59 38 M.
1540 1296 158 50 Greig,
1730 1298 211 40 London.

204 1354 279 47 (35-38588)

315 1425 12 17 *

127 1456 293 67 [Guzzoni,
450 1456 208 67 Felice]

191 1533 120 53 The
338 1532 303 54 cardinal’s
667 1532 282 69 daughter
964 1551 13 49 ;
1008 1551 71 34 an
1107 1532 216 53 Italian
1350 1532 237 54 historic
1610 1551 262 35 romance
1886 1553 13 48 ;
125 1539 1964 125 translated
312 1611 76 68 by
423 1610 152 54 Nina
611 1611 217 52 Renna.
901 1611 233 66 Boston,
1169 1610 238 54 Meador
1444 1610 336 70 publishing
1816 1630 297 52 company,

125 1692 150 51 1935.

190 1775 86 41 369
302 1785 44 39 p.
375 1775 110 41 incl.
512 1775 150 41 front.
690 1773 173 50 (port.)
927 1774 117 42 20cm.

125 1828 52 53 ©
203 1833 117 39 Nov.
347 1832 70 47 30,
443 1830 114 42 1935
573 1842 10 35 ;
610 1831 69 41 2c.
705 1832 113 40 Dec.
844 1831 58 40 16
916 1842 9 36 ;
955 1832 81 39 aff.
1066 1832 111 40 Dec.
1204 1831 55 40 12
1277 1842 10 36 ;
1316 1833 41 38 A
1383 1831 144 42 89899
1544 1843 9 36 ;
1582 1832 128 41 Nina
1738 1833 183 48 Renna,
1949 1833 165 43 White

194 1889 180 49 Plains,
406 1889 56 40 N.
494 1889 54 40 Y.
619 1888 279 50 (35-38585)

125 1991 259 65 Haycox,
414 1992 237 55 Ernest.

254 2066 1854 72 … The silver desert. Garden City, N. Y., Doubleday, Doran
122 2149 44 48 &
194 2163 297 51 company,
519 2146 126 64 inc.,
676 2148 149 52 1985.

192 2218 737 51 5 p. l. , 310 p. mus. 19½cm.
191 2289 287 41 Illustrated
510 2290 99 49 t.-p.

194 2346 162 41 “First
383 2345 225 42 edition.”

126 2411 52 53 ©
207 2416 115 40 Nov.
357 2415 69 48 22,
460 2414 140 48 1935;
633 2415 67 41 2c.
734 2416 98 39 and
863 2415 80 41 aff.
977 2416 111 40 Dec.
1123 2415 82 47 20;
1241 2416 43 39 A
1316 2415 169 41 88875:
1523 2417 52 39 E.
1610 2417 217 48 Haycox,
1862 2416 249 49 Portland,

197 2472 78 41 Or.
345 2473 279 49 (35-38587)

123 2575 265 65 Hayden,
414 2577 138 53 Mrs.
580 2575 301 54 Dorothea
910 2575 314 67 (Hoaglin)

193 2652 118 52 The
336 2652 125 52 love
484 2651 64 53 of
568 2652 296 58 Abraham
888 2654 112 52 and
1025 2652 203 68 Sarah,
1251 2651 74 69 by
1350 2653 292 53 Dorothea
1666 2653 257 68 Hoaglin
124 2655 1959 128 Hayden.
307 2731 314 66 Pasadena,
653 2734 149 49 1935.

195 2801 70 50 53,
296 2802 56 50 [1]
380 2812 44 39 p.
479 2801 117 42 22cm.

197 2870 114 42 “206
335 2872 157 47 copies
519 2872 192 49 printed
737 2872 62 48 by
823 2873 149 40 Ward
999 2871 194 42 Ritchie
1218 2872 51 40 of
1293 2872 160 41 which
1477 2872 100 41 this
1601 2873 44 40 is
1670 2873 204 40 number
1897 2873 102 43 44.”

127 2939 52 53 ©
211 2943 101 41 Oct.
345 2944 68 46 25,
446 2942 140 49 1935;
620 2943 67 41 2c.
719 2943 117 40 Nov.
870 2944 52 46 6;
958 2943 82 42 aff.
1073 2944 117 41 Nov.
1225 2945 52 46 5;
1311 2945 44 38 A
1386 2943 171 48 88134;
1593 2944 58 40 D.
1685 2944 61 41 H.
1779 2944 221 47 Hayden,
199 2942 1900 98 Alta
253 3001 137 47 dena,
421 3000 144 41 Calif.
635 3000 279 50 (35—38554)

124 3104 218 64 Hayes,
369 3104 178 54 Louis
574 3104 271 56 Yincent.

189 3176 245 56 Clinical
462 3179 289 69 diagnosis
779 3179 65 54 of
871 3180 241 53 diseases
1141 3179 63 54 of
1230 3180 96 52 the
1350 3179 199 53 mouth
1565 3198 12 47 ;
1611 3197 32 35 a
1671 3178 172 70 guide
1870 3178 95 54 for
120 3183 1966 126 students
309 3257 112 52 and
448 3257 399 67 practitioners
871 3256 65 54 of
963 3256 282 71 dentistry
1273 3258 113 52 and
1412 3256 295 69 medicine,
1733 3256 78 70 by
1837 3256 175 54 Louis
2036 3257 71 54 V.

121 3331 1987 72 Hayes … with an introduction by Leo Winter … with 12
120 3410 222 54 colored
374 3411 184 68 plates
589 3412 113 52 and
737 3414 101 50 353
872 3411 167 53 black
1072 3411 113 53 and
1219 3411 173 54 white
1423 3410 395 55 illustrations.
121 3411 1965 145 Brooklyn,

275 3488 68 53 N.
384 3489 92 67 Y.,
511 3488 212 53 Dental
762 3489 163 53 items
961 3488 66 53 of
1064 3489 233 53 interest
1336 3487 336 70 publishing
1710 3506 99 51 co.,
121 3487 1963 145 incorporated;

353 3565 274 67 [London]
669 3565 204 70 Henry
908 3565 330 69 Kimpton’s
1272 3566 242 52 medical
1550 3565 134 69 pub.
1723 3565 194 70 house,
1956 3569 150 51 1935.

190 3637 958 49 xvii, 461 p. illus., 12 col. pl. 25cm.
190 3706 301 49 Descriptive
517 3710 106 38 text
648 3718 60 30 on
734 3718 138 31 verso
900 3708 53 41 of
976 3709 116 42 each
1120 3709 189 39 colored
1335 3709 143 46 plate.

191 3762 369 49 Bibliography:
593 3774 43 38 p.
665 3764 214 42 374-453.

130 3828 52 53 ©
215 3834 117 41 Nov.
367 3835 41 47 1,
442 3834 140 48 1935;
617 3835 68 41 2c.
720 3836 118 40 Nov.
872 3835 82 48 20;
991 3835 83 41 aff.
1109 3836 119 40 Nov.
1262 3835 83 48 16;
1380 3835 41 39 A
1457 3834 169 49 88313;
1664 3835 182 42 Dental
1878 3835 148 43 items
2057 3835 56 42 of

199 3890 203 42 interest
429 3892 107 48 pub.
568 3903 81 34 co.,
680 3892 89 40 inc.
837 3891 278 47 (35-38309)
