<alto xmlns="http://www.loc.gov/standards/alto/ns-v3#" xmlns:xlink="http://www.w3.org/1999/xlink" xmlns:xsi="http://www.w3.org/2001/XMLSchema-instance" xsi:schemaLocation="http://www.loc.gov/standards/alto/ns-v3# http://www.loc.gov/alto/v3/alto-3-0.xsd"><Description>
<MeasurementUnit>pixel</MeasurementUnit>
<sourceImageInformation>
<fileName>1935_v32_Part1.pdf</fileName>
</sourceImageInformation>
<OCRProcessing ID="IdOcr">
<ocrProcessingStep>
<processingDateTime>2019-01-15</processingDateTime>
<processingSoftware>
<softwareCreator>ABBYY</softwareCreator>
<softwareName>ABBYY Recognition Server</softwareName>
<softwareVersion>4.0</softwareVersion>
</processingSoftware>
</ocrProcessingStep>
</OCRProcessing>
</Description>
<Styles>
<ParagraphStyle ID="StyleId-FFFFFFFF-FFFF-FFFF-FFFF-FFFFFFFFFFFF-" ALIGN="Left" LEFT="0." RIGHT="0." FIRSTLINE="0."/>
<ParagraphStyle ID="StyleId-09A13A44-4F77-4ABE-84F3-84CC8B3C72CE-" ALIGN="Left" LEFT="0." RIGHT="0." FIRSTLINE="0." LINESPACE="7.699999809"/>
<ParagraphStyle ID="StyleId-1F945060-F8CD-4435-B69A-5FF49DB0C586-" ALIGN="Left" LEFT="0." RIGHT="0." FIRSTLINE="-10." LINESPACE="12.19999981"/>
<ParagraphStyle ID="StyleId-C6CAE747-F5A4-4D0D-8D74-D452DA7E2C1C-" ALIGN="Block" LEFT="0." RIGHT="0." FIRSTLINE="-14." LINESPACE="8.350000381"/>
<ParagraphStyle ID="StyleId-FC0F3374-189A-459E-BE29-2DC14180F022-" ALIGN="Left" LEFT="0." RIGHT="0." FIRSTLINE="0."/>
<ParagraphStyle ID="StyleId-49397C49-A894-4B3E-BA5E-1126226BA375-" ALIGN="Left" LEFT="0." RIGHT="0." FIRSTLINE="-12." LINESPACE="11.09000015"/>
<ParagraphStyle ID="StyleId-9E34DD3A-E661-48BD-A3A1-6A3D48346F00-" ALIGN="Block" LEFT="0." RIGHT="0." FIRSTLINE="-14." LINESPACE="11.09000015"/>
<ParagraphStyle ID="StyleId-56CE54AA-A08B-4BAA-8605-F26020A0E36E-" ALIGN="Left" LEFT="0." RIGHT="0." FIRSTLINE="0." LINESPACE="9.399999619"/>
<ParagraphStyle ID="StyleId-77814FFC-C42F-4AA9-9880-EF33B947DEC8-" ALIGN="Left" LEFT="0." RIGHT="0." FIRSTLINE="-11." LINESPACE="11.06999969"/>
<ParagraphStyle ID="StyleId-FDE92EC0-67DC-4C7B-8A24-094B12C38B6C-" ALIGN="Center" LEFT="0." RIGHT="0." FIRSTLINE="0." LINESPACE="11.30000019"/>
<ParagraphStyle ID="StyleId-65180E3B-4C93-4FB8-81EE-E026DD63DBF3-" ALIGN="Left" LEFT="0." RIGHT="0." FIRSTLINE="0." LINESPACE="11.10000038"/>
<ParagraphStyle ID="StyleId-10E885C2-5813-4620-B0AA-0FBA30CF7A32-" ALIGN="Left" LEFT="0." RIGHT="0." FIRSTLINE="0." LINESPACE="9.5"/>
<ParagraphStyle ID="StyleId-913C2DB5-9F02-4067-BAF7-0AED37B60BBE-" ALIGN="Left" LEFT="0." RIGHT="0." FIRSTLINE="0." LINESPACE="6.099999905"/>
<ParagraphStyle ID="StyleId-9C79A9D2-8F08-4A8F-985D-B00E253ED1E5-" ALIGN="Left" LEFT="0." RIGHT="0." FIRSTLINE="0." LINESPACE="4.400000095"/>
<ParagraphStyle ID="StyleId-A41F0407-FEFE-4738-9EC5-E05AFFF62781-" ALIGN="Left" LEFT="0." RIGHT="0." FIRSTLINE="0." LINESPACE="7.300000191"/>
<ParagraphStyle ID="StyleId-61D37176-94E8-408D-9B87-01C406CE8AB2-" ALIGN="Left" LEFT="0." RIGHT="0." FIRSTLINE="0." LINESPACE="8.050000191"/>
</Styles>
<Layout>
<Page ID="Page1847" PHYSICAL_IMG_NR="1847" HEIGHT="4375" WIDTH="2424">
<TopMargin HEIGHT="386" WIDTH="2424" VPOS="0" HPOS="0">
</TopMargin>
<LeftMargin HEIGHT="3698" WIDTH="117" VPOS="386" HPOS="0">
</LeftMargin>
<RightMargin HEIGHT="3698" WIDTH="264" VPOS="386" HPOS="2160">
</RightMargin>
<BottomMargin HEIGHT="291" WIDTH="2424" VPOS="4084" HPOS="0">
</BottomMargin>
<PrintSpace HEIGHT="3698" WIDTH="2043" VPOS="386" HPOS="117">
<TextBlock ID="Page1847_Block1" HEIGHT="72" WIDTH="144" VPOS="4012" HPOS="1058" LANG="en-US" STYLEREFS="StyleId-F742C947-AAD1-4BAE-9122-E4FC40CC7352-">
<TextLine HEIGHT="53" WIDTH="133" VPOS="4020" HPOS="1068">
<String CONTENT="1847" HEIGHT="53" WIDTH="133" VPOS="4020" HPOS="1068"/>
</TextLine>
</TextBlock>
<TextBlock ID="Page1847_Block2" HEIGHT="3592" WIDTH="2043" VPOS="386" HPOS="117" LANG="en-US" CS="1" STYLEREFS="StyleId-FC8CE5F2-D96D-4D37-91B8-5239550359D0-">
<TextLine HEIGHT="50" WIDTH="1920" VPOS="471" HPOS="230">
<String CONTENT="&#8220;Companion" HEIGHT="47" WIDTH="323" VPOS="471" HPOS="230"/>
<SP HEIGHT="29" WIDTH="34" VPOS="482" HPOS="554"/>
<String CONTENT="volumes" HEIGHT="38" WIDTH="213" VPOS="473" HPOS="589"/>
<SP HEIGHT="37" WIDTH="39" VPOS="483" HPOS="803"/>
<String CONTENT="[are" HEIGHT="38" WIDTH="99" VPOS="482" HPOS="843"/>
<SP HEIGHT="36" WIDTH="28" VPOS="476" HPOS="943"/>
<String CONTENT="the" HEIGHT="38" WIDTH="82" VPOS="474" HPOS="972"/>
<SP HEIGHT="30" WIDTH="32" VPOS="482" HPOS="1055"/>
<String CONTENT="author's]" HEIGHT="50" WIDTH="232" VPOS="471" HPOS="1088"/>
<SP HEIGHT="48" WIDTH="38" VPOS="473" HPOS="1321"/>
<String CONTENT="&#8216;Sketching" HEIGHT="47" WIDTH="280" VPOS="473" HPOS="1360"/>
<SP HEIGHT="36" WIDTH="31" VPOS="484" HPOS="1641"/>
<String CONTENT="and" HEIGHT="39" WIDTH="95" VPOS="474" HPOS="1673"/>
<SP HEIGHT="39" WIDTH="35" VPOS="474" HPOS="1769"/>
<String CONTENT="rendering" HEIGHT="47" WIDTH="258" VPOS="474" HPOS="1805"/>
<SP HEIGHT="44" WIDTH="32" VPOS="477" HPOS="2064"/>
<String CONTENT="in." HEIGHT="38" WIDTH="53" VPOS="477" HPOS="2097"/>
</TextLine>
<TextLine HEIGHT="49" WIDTH="1331" VPOS="527" HPOS="158">
<String CONTENT="pencil&#8217;" HEIGHT="47" WIDTH="167" VPOS="527" HPOS="158"/>
<SP HEIGHT="40" WIDTH="28" VPOS="527" HPOS="326"/>
<String CONTENT="and" HEIGHT="38" WIDTH="95" VPOS="529" HPOS="355"/>
<SP HEIGHT="37" WIDTH="31" VPOS="529" HPOS="451"/>
<String CONTENT="&#8216;Drawing" HEIGHT="48" WIDTH="248" VPOS="527" HPOS="483"/>
<SP HEIGHT="36" WIDTH="26" VPOS="539" HPOS="732"/>
<String CONTENT="with" HEIGHT="39" WIDTH="117" VPOS="528" HPOS="759"/>
<SP HEIGHT="46" WIDTH="30" VPOS="530" HPOS="877"/>
<String CONTENT="pen" HEIGHT="39" WIDTH="92" VPOS="537" HPOS="908"/>
<SP HEIGHT="28" WIDTH="27" VPOS="539" HPOS="1001"/>
<String CONTENT="and" HEIGHT="38" WIDTH="93" VPOS="529" HPOS="1029"/>
<SP HEIGHT="38" WIDTH="31" VPOS="529" HPOS="1123"/>
<String CONTENT="ink&#8217;.&#8221;&#8212;Pref." HEIGHT="40" WIDTH="334" VPOS="529" HPOS="1155"/>
</TextLine>
<TextLine HEIGHT="102" WIDTH="1972" VPOS="584" HPOS="156" CS="1">
<String CS="1" CONTENT="CONTENTS.&#8212;The" HEIGHT="39" WIDTH="103" VPOS="584" HPOS="560"/>
<SP HEIGHT="29" WIDTH="22" VPOS="594" HPOS="664"/>
<String CONTENT="elements" HEIGHT="40" WIDTH="230" VPOS="584" HPOS="687"/>
<SP HEIGHT="29" WIDTH="25" VPOS="595" HPOS="918"/>
<String CONTENT="of" HEIGHT="38" WIDTH="51" VPOS="584" HPOS="944"/>
<SP HEIGHT="39" WIDTH="25" VPOS="584" HPOS="996"/>
<String CONTENT="water" HEIGHT="38" WIDTH="152" VPOS="586" HPOS="1022"/>
<SP HEIGHT="28" WIDTH="26" VPOS="595" HPOS="1175"/>
<String CONTENT="color" HEIGHT="38" WIDTH="128" VPOS="586" HPOS="1202"/>
<SP HEIGHT="37" WIDTH="25" VPOS="596" HPOS="1331"/>
<String CONTENT="painting.&#8212;Architectural" HEIGHT="49" WIDTH="658" VPOS="584" HPOS="1357"/>
<SP HEIGHT="38" WIDTH="29" VPOS="588" HPOS="2016"/>
<String CONTENT="rendering" HEIGHT="89" WIDTH="1972" VPOS="597" HPOS="156"/>
<SP HEIGHT="46" WIDTH="24" VPOS="640" HPOS="327"/>
<String CONTENT="in" HEIGHT="39" WIDTH="49" VPOS="640" HPOS="352"/>
<SP HEIGHT="28" WIDTH="27" VPOS="651" HPOS="402"/>
<String CONTENT="color." HEIGHT="38" WIDTH="142" VPOS="642" HPOS="430"/>
</TextLine>
<TextLine HEIGHT="53" WIDTH="1598" VPOS="692" HPOS="157" CS="1">
<String CONTENT="&#169;" HEIGHT="53" WIDTH="52" VPOS="692" HPOS="157"/>
<SP HEIGHT="53" WIDTH="28" VPOS="692" HPOS="210"/>
<String CONTENT="Dec." HEIGHT="38" WIDTH="110" VPOS="698" HPOS="239"/>
<SP HEIGHT="38" WIDTH="29" VPOS="698" HPOS="350"/>
<String CONTENT="16," HEIGHT="47" WIDTH="68" VPOS="696" HPOS="380"/>
<SP HEIGHT="45" WIDTH="28" VPOS="698" HPOS="449"/>
<String CS="1" CONTENT="1935;" HEIGHT="40" WIDTH="114" VPOS="696" HPOS="478"/>
<SP HEIGHT="46" WIDTH="30" VPOS="696" HPOS="620"/>
<String CONTENT="2c." HEIGHT="40" WIDTH="65" VPOS="696" HPOS="651"/>
<SP HEIGHT="29" WIDTH="28" VPOS="707" HPOS="717"/>
<String CONTENT="and" HEIGHT="38" WIDTH="95" VPOS="698" HPOS="746"/>
<SP HEIGHT="38" WIDTH="28" VPOS="698" HPOS="842"/>
<String CONTENT="aff." HEIGHT="40" WIDTH="80" VPOS="697" HPOS="871"/>
<SP HEIGHT="39" WIDTH="31" VPOS="698" HPOS="952"/>
<String CONTENT="Dec." HEIGHT="39" WIDTH="110" VPOS="698" HPOS="984"/>
<SP HEIGHT="38" WIDTH="32" VPOS="699" HPOS="1095"/>
<String CONTENT="17;" HEIGHT="41" WIDTH="80" VPOS="698" HPOS="1128"/>
<SP HEIGHT="41" WIDTH="32" VPOS="698" HPOS="1209"/>
<!-- cceid 96D265C8-6D82-1014-B070-FDFD250A9EDA --><String CONTENT="A" HEIGHT="39" WIDTH="41" VPOS="698" HPOS="1242"/>
<SP HEIGHT="40" WIDTH="27" VPOS="698" HPOS="1284"/>
<String CONTENT="89912;" HEIGHT="48" WIDTH="170" VPOS="696" HPOS="1312"/>
<SP HEIGHT="45" WIDTH="33" VPOS="699" HPOS="1483"/>
<String CONTENT="Reinhold" HEIGHT="41" WIDTH="238" VPOS="698" HPOS="1517"/>
</TextLine>
<TextLine HEIGHT="101" WIDTH="1900" VPOS="699" HPOS="226" CS="1">
<String CONTENT="pub." HEIGHT="47" WIDTH="109" VPOS="699" HPOS="1785"/>
<SP HEIGHT="30" WIDTH="30" VPOS="709" HPOS="1895"/>
<String CONTENT="corporation." HEIGHT="85" WIDTH="1900" VPOS="708" HPOS="226"/>
<SP HEIGHT="47" WIDTH="68" VPOS="752" HPOS="342"/>
<String CONTENT="(36-111)" HEIGHT="48" WIDTH="220" VPOS="752" HPOS="411"/>
</TextLine>
<TextLine HEIGHT="64" WIDTH="890" VPOS="856" HPOS="157" STYLEREFS="StyleId-CBAA7563-125E-424F-947E-12771EBF30C5-">
<String CONTENT="Hart," HEIGHT="64" WIDTH="171" VPOS="856" HPOS="157"/>
<SP HEIGHT="63" WIDTH="26" VPOS="857" HPOS="329"/>
<String CONTENT="Walter" HEIGHT="54" WIDTH="223" VPOS="856" HPOS="356"/>
<SP HEIGHT="53" WIDTH="25" VPOS="857" HPOS="580"/>
<String CONTENT="Wilson," HEIGHT="63" WIDTH="240" VPOS="856" HPOS="606"/>
<SP HEIGHT="55" WIDTH="29" VPOS="864" HPOS="847"/>
<String CONTENT="1879-" HEIGHT="53" WIDTH="170" VPOS="859" HPOS="877"/>
</TextLine>
<TextLine HEIGHT="69" WIDTH="1917" VPOS="932" HPOS="227" STYLEREFS="StyleId-F742C947-AAD1-4BAE-9122-E4FC40CC7352-">
<String CONTENT="Key" HEIGHT="56" WIDTH="127" VPOS="934" HPOS="227"/>
<SP HEIGHT="49" WIDTH="26" VPOS="941" HPOS="355"/>
<String CONTENT="to" HEIGHT="45" WIDTH="57" VPOS="941" HPOS="382"/>
<SP HEIGHT="52" WIDTH="26" VPOS="934" HPOS="440"/>
<String CONTENT="Hart&#8217;s" HEIGHT="53" WIDTH="198" VPOS="933" HPOS="467"/>
<SP HEIGHT="50" WIDTH="26" VPOS="936" HPOS="666"/>
<String CONTENT="Progressive" HEIGHT="65" WIDTH="364" VPOS="935" HPOS="693"/>
<SP HEIGHT="53" WIDTH="28" VPOS="933" HPOS="1058"/>
<String CONTENT="first" HEIGHT="55" WIDTH="120" VPOS="932" HPOS="1087"/>
<SP HEIGHT="44" WIDTH="29" VPOS="943" HPOS="1208"/>
<String CONTENT="algebra." HEIGHT="67" WIDTH="244" VPOS="933" HPOS="1238"/>
<SP HEIGHT="50" WIDTH="68" VPOS="937" HPOS="1483"/>
<String CONTENT="Boston," HEIGHT="64" WIDTH="231" VPOS="937" HPOS="1552"/>
<SP HEIGHT="64" WIDTH="29" VPOS="937" HPOS="1784"/>
<String CONTENT="New" HEIGHT="51" WIDTH="137" VPOS="937" HPOS="1814"/>
<SP HEIGHT="52" WIDTH="30" VPOS="937" HPOS="1952"/>
<String CONTENT="York" HEIGHT="53" WIDTH="161" VPOS="936" HPOS="1983"/>
</TextLine>
<TextLine HEIGHT="66" WIDTH="1191" VPOS="1012" HPOS="180" STYLEREFS="StyleId-F742C947-AAD1-4BAE-9122-E4FC40CC7352-" CS="1">
<String CS="1" CONTENT="[etc.]" HEIGHT="47" WIDTH="99" VPOS="1016" HPOS="180"/>
<SP HEIGHT="65" WIDTH="28" VPOS="1012" HPOS="300"/>
<String CONTENT="D." HEIGHT="51" WIDTH="68" VPOS="1012" HPOS="329"/>
<SP HEIGHT="54" WIDTH="29" VPOS="1012" HPOS="398"/>
<String CONTENT="C." HEIGHT="54" WIDTH="60" VPOS="1012" HPOS="428"/>
<SP HEIGHT="51" WIDTH="25" VPOS="1012" HPOS="489"/>
<String CONTENT="Heath" HEIGHT="51" WIDTH="195" VPOS="1012" HPOS="515"/>
<SP HEIGHT="51" WIDTH="24" VPOS="1012" HPOS="711"/>
<String CONTENT="and" HEIGHT="51" WIDTH="112" VPOS="1012" HPOS="736"/>
<SP HEIGHT="51" WIDTH="22" VPOS="1012" HPOS="849"/>
<String CONTENT="company" HEIGHT="49" WIDTH="278" VPOS="1028" HPOS="872"/>
<SP HEIGHT="47" WIDTH="28" VPOS="1031" HPOS="1151"/>
<String CS="1" CONTENT="["/>
<String STYLE="superscript" CONTENT="c" HEIGHT="20" WIDTH="18" VPOS="1018" HPOS="1197"/>
<String CONTENT="1935]" HEIGHT="64" WIDTH="150" VPOS="1014" HPOS="1221"/>
</TextLine>
<TextLine HEIGHT="49" WIDTH="792" VPOS="1082" HPOS="224" CS="1">
<String CONTENT="1" HEIGHT="37" WIDTH="24" VPOS="1085" HPOS="224"/>
<SP HEIGHT="46" WIDTH="28" VPOS="1085" HPOS="249"/>
<String CONTENT="p." HEIGHT="37" WIDTH="42" VPOS="1094" HPOS="278"/>
<SP/>
<String CS="1" CONTENT="l.," HEIGHT="15" WIDTH="9" VPOS="1114" HPOS="385"/>
<SP HEIGHT="45" WIDTH="27" VPOS="1084" HPOS="395"/>
<String CONTENT="465" HEIGHT="40" WIDTH="89" VPOS="1082" HPOS="423"/>
<SP HEIGHT="47" WIDTH="23" VPOS="1084" HPOS="513"/>
<String CONTENT="p." HEIGHT="37" WIDTH="42" VPOS="1094" HPOS="537"/>
<SP HEIGHT="39" WIDTH="57" VPOS="1084" HPOS="580"/>
<String CONTENT="diagrs." HEIGHT="47" WIDTH="177" VPOS="1082" HPOS="638"/>
<SP HEIGHT="41" WIDTH="56" VPOS="1082" HPOS="816"/>
<String CS="1" CONTENT="20&#189;" HEIGHT="40" WIDTH="55" VPOS="1082" HPOS="873"/>
<String STYLE="superscript" CONTENT="cm" HEIGHT="21" WIDTH="45" VPOS="1085" HPOS="961"/>
<String CONTENT="." HEIGHT="9" WIDTH="8" VPOS="1114" HPOS="1008"/>
</TextLine>
<TextLine HEIGHT="109" WIDTH="1971" VPOS="1134" HPOS="157" STYLEREFS="StyleId-FE17A018-5B75-42A2-AC84-34B92C8D2509-" CS="1">
<String CONTENT="&#169;" HEIGHT="53" WIDTH="52" VPOS="1134" HPOS="157"/>
<SP HEIGHT="53" WIDTH="26" VPOS="1134" HPOS="210"/>
<String CONTENT="Mar." HEIGHT="39" WIDTH="120" VPOS="1140" HPOS="237"/>
<SP HEIGHT="38" WIDTH="27" VPOS="1140" HPOS="358"/>
<String CONTENT="5," HEIGHT="46" WIDTH="39" VPOS="1140" HPOS="386"/>
<SP HEIGHT="46" WIDTH="27" VPOS="1140" HPOS="426"/>
<String CS="1" CONTENT="1935;" HEIGHT="41" WIDTH="115" VPOS="1138" HPOS="454"/>
<SP HEIGHT="42" WIDTH="28" VPOS="1139" HPOS="594"/>
<String CONTENT="2c." HEIGHT="41" WIDTH="68" VPOS="1139" HPOS="623"/>
<SP HEIGHT="40" WIDTH="27" VPOS="1140" HPOS="692"/>
<String CONTENT="Mar." HEIGHT="39" WIDTH="120" VPOS="1140" HPOS="720"/>
<SP HEIGHT="40" WIDTH="24" VPOS="1139" HPOS="841"/>
<String CS="1" CONTENT="23;" HEIGHT="40" WIDTH="54" VPOS="1139" HPOS="866"/>
<SP HEIGHT="31" WIDTH="30" VPOS="1150" HPOS="948"/>
<String CONTENT="aff." HEIGHT="40" WIDTH="81" VPOS="1140" HPOS="979"/>
<SP HEIGHT="39" WIDTH="28" VPOS="1141" HPOS="1061"/>
<String CONTENT="Mar." HEIGHT="39" WIDTH="121" VPOS="1141" HPOS="1090"/>
<SP HEIGHT="41" WIDTH="27" VPOS="1139" HPOS="1212"/>
<String CONTENT="25;" HEIGHT="47" WIDTH="82" VPOS="1139" HPOS="1240"/>
<SP HEIGHT="45" WIDTH="29" VPOS="1141" HPOS="1323"/>
<!-- cceid 96D28448-6D82-1014-B070-FDFD250A9EDA --><String CONTENT="A" HEIGHT="38" WIDTH="41" VPOS="1141" HPOS="1353"/>
<SP HEIGHT="40" WIDTH="25" VPOS="1140" HPOS="1395"/>
<String CONTENT="82143;" HEIGHT="46" WIDTH="169" VPOS="1140" HPOS="1421"/>
<SP HEIGHT="45" WIDTH="30" VPOS="1141" HPOS="1591"/>
<String CONTENT="W." HEIGHT="39" WIDTH="69" VPOS="1141" HPOS="1622"/>
<SP HEIGHT="38" WIDTH="30" VPOS="1142" HPOS="1692"/>
<String CONTENT="W." HEIGHT="38" WIDTH="69" VPOS="1142" HPOS="1723"/>
<SP HEIGHT="40" WIDTH="29" VPOS="1140" HPOS="1793"/>
<String CONTENT="Hart," HEIGHT="47" WIDTH="142" VPOS="1140" HPOS="1823"/>
<SP HEIGHT="45" WIDTH="28" VPOS="1142" HPOS="1966"/>
<String CONTENT="Madison," HEIGHT="103" WIDTH="1903" VPOS="1140" HPOS="225"/>
<SP HEIGHT="46" WIDTH="30" VPOS="1197" HPOS="324"/>
<String CONTENT="Wis." HEIGHT="40" WIDTH="114" VPOS="1196" HPOS="355"/>
<SP HEIGHT="40" WIDTH="1436" VPOS="1196" HPOS="470"/>
</TextLine>
<TextLine HEIGHT="136" WIDTH="1962" VPOS="1299" HPOS="157" STYLEREFS="StyleId-8959E3DC-2EED-4E89-A59C-68C6E89BDDED-" CS="1">
<String CONTENT="Key" HEIGHT="66" WIDTH="126" VPOS="1299" HPOS="226"/>
<SP HEIGHT="60" WIDTH="30" VPOS="1305" HPOS="353"/>
<String CONTENT="to" HEIGHT="46" WIDTH="57" VPOS="1305" HPOS="384"/>
<SP HEIGHT="52" WIDTH="31" VPOS="1301" HPOS="442"/>
<String CONTENT="Wells" HEIGHT="54" WIDTH="174" VPOS="1299" HPOS="474"/>
<SP HEIGHT="33" WIDTH="33" VPOS="1318" HPOS="649"/>
<String CONTENT="and" HEIGHT="51" WIDTH="110" VPOS="1300" HPOS="683"/>
<SP HEIGHT="51" WIDTH="31" VPOS="1300" HPOS="794"/>
<String CONTENT="Hart&#8217;s" HEIGHT="55" WIDTH="198" VPOS="1299" HPOS="826"/>
<SP HEIGHT="52" WIDTH="31" VPOS="1302" HPOS="1025"/>
<String CONTENT="Progressive" HEIGHT="66" WIDTH="364" VPOS="1300" HPOS="1057"/>
<SP HEIGHT="34" WIDTH="32" VPOS="1318" HPOS="1422"/>
<String CONTENT="second" HEIGHT="52" WIDTH="202" VPOS="1301" HPOS="1455"/>
<SP HEIGHT="52" WIDTH="31" VPOS="1301" HPOS="1658"/>
<String CONTENT="algebra." HEIGHT="68" WIDTH="244" VPOS="1299" HPOS="1690"/>
<SP HEIGHT="51" WIDTH="70" VPOS="1302" HPOS="1935"/>
<String CONTENT="Boston," HEIGHT="133" WIDTH="1962" VPOS="1302" HPOS="157"/>
</TextLine>
<TextLine HEIGHT="68" WIDTH="1600" VPOS="1376" HPOS="300" STYLEREFS="StyleId-8959E3DC-2EED-4E89-A59C-68C6E89BDDED-" CS="1">
<String CONTENT="New" HEIGHT="51" WIDTH="138" VPOS="1378" HPOS="300"/>
<SP HEIGHT="51" WIDTH="27" VPOS="1378" HPOS="439"/>
<String CONTENT="York" HEIGHT="53" WIDTH="163" VPOS="1376" HPOS="467"/>
<SP HEIGHT="67" WIDTH="31" VPOS="1376" HPOS="631"/>
<String CS="1" CONTENT="[etc.]" HEIGHT="62" WIDTH="120" VPOS="1382" HPOS="680"/>
<SP HEIGHT="66" WIDTH="33" VPOS="1378" HPOS="801"/>
<String CONTENT="D." HEIGHT="51" WIDTH="69" VPOS="1378" HPOS="835"/>
<SP HEIGHT="54" WIDTH="32" VPOS="1377" HPOS="905"/>
<String CONTENT="C." HEIGHT="54" WIDTH="61" VPOS="1377" HPOS="938"/>
<SP HEIGHT="52" WIDTH="29" VPOS="1378" HPOS="1000"/>
<String CONTENT="Heath" HEIGHT="51" WIDTH="193" VPOS="1378" HPOS="1030"/>
<SP HEIGHT="51" WIDTH="30" VPOS="1378" HPOS="1224"/>
<String CONTENT="and" HEIGHT="52" WIDTH="112" VPOS="1378" HPOS="1255"/>
<SP HEIGHT="52" WIDTH="26" VPOS="1378" HPOS="1368"/>
<String CONTENT="company" HEIGHT="48" WIDTH="279" VPOS="1395" HPOS="1395"/>
<SP HEIGHT="48" WIDTH="32" VPOS="1396" HPOS="1675"/>
<String CS="1" CONTENT="["/>
<String STYLE="superscript" CONTENT="c" HEIGHT="20" WIDTH="17" VPOS="1384" HPOS="1726"/>
<String CONTENT="1935]" HEIGHT="63" WIDTH="151" VPOS="1381" HPOS="1749"/>
</TextLine>
<TextLine HEIGHT="49" WIDTH="792" VPOS="1448" HPOS="225" STYLEREFS="StyleId-FE17A018-5B75-42A2-AC84-34B92C8D2509-" CS="1">
<String CONTENT="1" HEIGHT="37" WIDTH="24" VPOS="1451" HPOS="225"/>
<SP HEIGHT="46" WIDTH="28" VPOS="1451" HPOS="250"/>
<String CONTENT="p." HEIGHT="37" WIDTH="41" VPOS="1460" HPOS="279"/>
<SP/>
<String CS="1" CONTENT="l.," HEIGHT="16" WIDTH="8" VPOS="1480" HPOS="387"/>
<SP HEIGHT="46" WIDTH="25" VPOS="1450" HPOS="396"/>
<String CONTENT="452" HEIGHT="40" WIDTH="89" VPOS="1449" HPOS="422"/>
<SP HEIGHT="48" WIDTH="24" VPOS="1449" HPOS="512"/>
<String CONTENT="p." HEIGHT="37" WIDTH="41" VPOS="1460" HPOS="537"/>
<SP HEIGHT="39" WIDTH="57" VPOS="1450" HPOS="579"/>
<String CONTENT="diagrs." HEIGHT="48" WIDTH="178" VPOS="1449" HPOS="637"/>
<SP HEIGHT="41" WIDTH="55" VPOS="1448" HPOS="816"/>
<String CS="1" CONTENT="20&#189;c" HEIGHT="41" WIDTH="59" VPOS="1448" HPOS="872"/>
<String STYLE="superscript" CONTENT="m" HEIGHT="20" WIDTH="28" VPOS="1451" HPOS="976"/>
<String CONTENT="." HEIGHT="9" WIDTH="8" VPOS="1480" HPOS="1009"/>
</TextLine>
<TextLine HEIGHT="53" WIDTH="1989" VPOS="1501" HPOS="157" STYLEREFS="StyleId-FE17A018-5B75-42A2-AC84-34B92C8D2509-">
<String CONTENT="&#169;" HEIGHT="53" WIDTH="52" VPOS="1501" HPOS="157"/>
<SP HEIGHT="53" WIDTH="39" VPOS="1501" HPOS="210"/>
<String CONTENT="Mar." HEIGHT="38" WIDTH="118" VPOS="1507" HPOS="250"/>
<SP HEIGHT="39" WIDTH="39" VPOS="1506" HPOS="369"/>
<String CONTENT="5," HEIGHT="47" WIDTH="39" VPOS="1506" HPOS="409"/>
<SP HEIGHT="46" WIDTH="39" VPOS="1507" HPOS="449"/>
<String CONTENT="1935;" HEIGHT="46" WIDTH="139" VPOS="1505" HPOS="489"/>
<SP HEIGHT="46" WIDTH="41" VPOS="1505" HPOS="629"/>
<String CONTENT="2c." HEIGHT="40" WIDTH="66" VPOS="1505" HPOS="671"/>
<SP HEIGHT="38" WIDTH="41" VPOS="1507" HPOS="738"/>
<String CONTENT="Mar." HEIGHT="39" WIDTH="120" VPOS="1507" HPOS="780"/>
<SP HEIGHT="41" WIDTH="39" VPOS="1505" HPOS="901"/>
<String CONTENT="23:" HEIGHT="41" WIDTH="82" VPOS="1505" HPOS="941"/>
<SP HEIGHT="30" WIDTH="42" VPOS="1516" HPOS="1024"/>
<String CONTENT="aff." HEIGHT="40" WIDTH="81" VPOS="1505" HPOS="1067"/>
<SP HEIGHT="39" WIDTH="42" VPOS="1506" HPOS="1149"/>
<String CONTENT="Mar." HEIGHT="39" WIDTH="120" VPOS="1506" HPOS="1192"/>
<SP HEIGHT="41" WIDTH="39" VPOS="1504" HPOS="1313"/>
<String CONTENT="25:" HEIGHT="42" WIDTH="82" VPOS="1504" HPOS="1353"/>
<SP HEIGHT="39" WIDTH="42" VPOS="1507" HPOS="1436"/>
<!-- cceid 96D2A1A9-6D82-1014-B070-FDFD250A9EDA --><String CONTENT="A" HEIGHT="37" WIDTH="43" VPOS="1507" HPOS="1479"/>
<SP HEIGHT="40" WIDTH="36" VPOS="1506" HPOS="1523"/>
<String CONTENT="82142;" HEIGHT="48" WIDTH="169" VPOS="1504" HPOS="1560"/>
<SP HEIGHT="46" WIDTH="43" VPOS="1506" HPOS="1730"/>
<String CONTENT="W." HEIGHT="40" WIDTH="71" VPOS="1506" HPOS="1774"/>
<SP HEIGHT="40" WIDTH="40" VPOS="1506" HPOS="1846"/>
<String CONTENT="W." HEIGHT="39" WIDTH="70" VPOS="1506" HPOS="1887"/>
<SP HEIGHT="39" WIDTH="43" VPOS="1506" HPOS="1958"/>
<String CONTENT="Hart," HEIGHT="48" WIDTH="144" VPOS="1506" HPOS="2002"/>
</TextLine>
<TextLine HEIGHT="48" WIDTH="384" VPOS="1562" HPOS="225" STYLEREFS="StyleId-FE17A018-5B75-42A2-AC84-34B92C8D2509-">
<String CONTENT="Madison," HEIGHT="48" WIDTH="235" VPOS="1562" HPOS="225"/>
<SP HEIGHT="47" WIDTH="32" VPOS="1563" HPOS="461"/>
<String CONTENT="Wis." HEIGHT="40" WIDTH="115" VPOS="1562" HPOS="494"/>
</TextLine>
<TextLine HEIGHT="66" WIDTH="903" VPOS="1663" HPOS="154" STYLEREFS="StyleId-5A556A47-CB00-4EDE-95DC-6D9C364E3B78-">
<String CONTENT="Hausmann," HEIGHT="65" WIDTH="365" VPOS="1663" HPOS="154"/>
<SP HEIGHT="62" WIDTH="33" VPOS="1666" HPOS="520"/>
<String CONTENT="Manfred," HEIGHT="65" WIDTH="295" VPOS="1664" HPOS="554"/>
<SP HEIGHT="58" WIDTH="35" VPOS="1671" HPOS="850"/>
<String CONTENT="1898-" HEIGHT="49" WIDTH="171" VPOS="1670" HPOS="886"/>
</TextLine>
<TextLine HEIGHT="69" WIDTH="1857" VPOS="1739" HPOS="286" STYLEREFS="StyleId-8959E3DC-2EED-4E89-A59C-68C6E89BDDED-" CS="1">
<String CS="1" CONTENT="&#8230;"/>
<SP HEIGHT="54" WIDTH="36" VPOS="1741" HPOS="286"/>
<String CONTENT="Ontje" HEIGHT="67" WIDTH="174" VPOS="1741" HPOS="323"/>
<SP HEIGHT="52" WIDTH="28" VPOS="1742" HPOS="498"/>
<String CONTENT="Arps;" HEIGHT="66" WIDTH="183" VPOS="1742" HPOS="527"/>
<SP HEIGHT="42" WIDTH="34" VPOS="1760" HPOS="711"/>
<String CONTENT="erzahlung." HEIGHT="67" WIDTH="325" VPOS="1741" HPOS="746"/>
<SP HEIGHT="50" WIDTH="67" VPOS="1744" HPOS="1072"/>
<String CONTENT="Berlin," HEIGHT="59" WIDTH="216" VPOS="1740" HPOS="1140"/>
<SP HEIGHT="58" WIDTH="33" VPOS="1741" HPOS="1357"/>
<String CONTENT="S." HEIGHT="55" WIDTH="55" VPOS="1741" HPOS="1391"/>
<SP HEIGHT="51" WIDTH="30" VPOS="1742" HPOS="1447"/>
<String CONTENT="Fischer" HEIGHT="53" WIDTH="233" VPOS="1741" HPOS="1478"/>
<SP HEIGHT="33" WIDTH="31" VPOS="1759" HPOS="1712"/>
<String CONTENT="verlag," HEIGHT="69" WIDTH="213" VPOS="1739" HPOS="1744"/>
<SP HEIGHT="62" WIDTH="32" VPOS="1745" HPOS="1958"/>
<String CONTENT="1934." HEIGHT="51" WIDTH="152" VPOS="1744" HPOS="1991"/>
</TextLine>
<TextLine HEIGHT="50" WIDTH="915" VPOS="1813" HPOS="224" STYLEREFS="StyleId-FE17A018-5B75-42A2-AC84-34B92C8D2509-" CS="1">
<String CONTENT="3" HEIGHT="39" WIDTH="25" VPOS="1815" HPOS="224"/>
<SP HEIGHT="47" WIDTH="28" VPOS="1815" HPOS="250"/>
<String CONTENT="p." HEIGHT="37" WIDTH="41" VPOS="1825" HPOS="279"/>
<SP/>
<String CS="1" CONTENT="l.," HEIGHT="11" WIDTH="8" VPOS="1846" HPOS="385"/>
<SP HEIGHT="44" WIDTH="28" VPOS="1813" HPOS="394"/>
<String CONTENT="9-132," HEIGHT="48" WIDTH="157" VPOS="1813" HPOS="423"/>
<SP HEIGHT="29" WIDTH="32" VPOS="1834" HPOS="581"/>
<String CONTENT="[4]" HEIGHT="48" WIDTH="54" VPOS="1815" HPOS="614"/>
<SP HEIGHT="38" WIDTH="29" VPOS="1824" HPOS="669"/>
<String CONTENT="p." HEIGHT="37" WIDTH="42" VPOS="1824" HPOS="699"/>
<SP HEIGHT="36" WIDTH="56" VPOS="1825" HPOS="742"/>
<String CONTENT="plates." HEIGHT="46" WIDTH="167" VPOS="1815" HPOS="799"/>
<SP HEIGHT="38" WIDTH="58" VPOS="1814" HPOS="967"/>
<String CS="1" CONTENT="20cm." HEIGHT="39" WIDTH="113" VPOS="1813" HPOS="1026"/>
</TextLine>
<TextLine HEIGHT="53" WIDTH="1988" VPOS="1866" HPOS="155" STYLEREFS="StyleId-FE17A018-5B75-42A2-AC84-34B92C8D2509-" CS="1">
<String CONTENT="&#169;" HEIGHT="53" WIDTH="52" VPOS="1866" HPOS="155"/>
<SP HEIGHT="53" WIDTH="21" VPOS="1866" HPOS="208"/>
<String CONTENT="Nov." HEIGHT="39" WIDTH="117" VPOS="1871" HPOS="230"/>
<SP HEIGHT="38" WIDTH="24" VPOS="1872" HPOS="348"/>
<String CONTENT="13." HEIGHT="41" WIDTH="68" VPOS="1871" HPOS="373"/>
<SP HEIGHT="40" WIDTH="24" VPOS="1872" HPOS="442"/>
<String CONTENT="1934;" HEIGHT="48" WIDTH="138" VPOS="1869" HPOS="467"/>
<SP/>
<String CS="1" CONTENT="1c."/>
<SP HEIGHT="40" WIDTH="25" VPOS="1870" HPOS="700"/>
<String CONTENT="Mar." HEIGHT="40" WIDTH="120" VPOS="1870" HPOS="726"/>
<SP HEIGHT="39" WIDTH="23" VPOS="1871" HPOS="847"/>
<String CONTENT="11," HEIGHT="47" WIDTH="68" VPOS="1871" HPOS="871"/>
<SP HEIGHT="48" WIDTH="24" VPOS="1870" HPOS="940"/>
<String CONTENT="1935;" HEIGHT="47" WIDTH="140" VPOS="1869" HPOS="965"/>
<SP HEIGHT="46" WIDTH="25" VPOS="1870" HPOS="1106"/>
<!-- cceid 96D2BF4A-6D82-1014-B070-FDFD250A9EDA --><String CONTENT="A-Foreign" HEIGHT="45" WIDTH="313" VPOS="1870" HPOS="1132"/>
<SP HEIGHT="39" WIDTH="20" VPOS="1869" HPOS="1446"/>
<String CONTENT="27289;" HEIGHT="47" WIDTH="171" VPOS="1868" HPOS="1467"/>
<SP HEIGHT="46" WIDTH="28" VPOS="1869" HPOS="1639"/>
<String CONTENT="S." HEIGHT="40" WIDTH="44" VPOS="1869" HPOS="1668"/>
<SP HEIGHT="40" WIDTH="26" VPOS="1869" HPOS="1713"/>
<String CONTENT="Fischer" HEIGHT="40" WIDTH="198" VPOS="1869" HPOS="1740"/>
<SP HEIGHT="28" WIDTH="24" VPOS="1880" HPOS="1939"/>
<String CONTENT="verlag," HEIGHT="47" WIDTH="179" VPOS="1870" HPOS="1964"/>
</TextLine>
<TextLine HEIGHT="36" WIDTH="103" VPOS="1937" HPOS="227" STYLEREFS="StyleId-FE17A018-5B75-42A2-AC84-34B92C8D2509-">
<String CONTENT="a.-g." HEIGHT="36" WIDTH="103" VPOS="1937" HPOS="227"/>
</TextLine>
<TextLine HEIGHT="65" WIDTH="1104" VPOS="2028" HPOS="154" STYLEREFS="StyleId-CBAA7563-125E-424F-947E-12771EBF30C5-">
<String CONTENT="Hawthorne," HEIGHT="64" WIDTH="379" VPOS="2028" HPOS="154"/>
<SP HEIGHT="62" WIDTH="28" VPOS="2030" HPOS="534"/>
<String CONTENT="Nathaniel," HEIGHT="65" WIDTH="339" VPOS="2028" HPOS="563"/>
<SP HEIGHT="59" WIDTH="31" VPOS="2034" HPOS="903"/>
<String CONTENT="1804-1864." HEIGHT="50" WIDTH="323" VPOS="2032" HPOS="935"/>
</TextLine>
<TextLine HEIGHT="70" WIDTH="1917" VPOS="2104" HPOS="225" STYLEREFS="StyleId-F742C947-AAD1-4BAE-9122-E4FC40CC7352-">
<String CONTENT="The" HEIGHT="53" WIDTH="121" VPOS="2105" HPOS="225"/>
<SP HEIGHT="35" WIDTH="39" VPOS="2123" HPOS="347"/>
<String CONTENT="scarlet" HEIGHT="53" WIDTH="205" VPOS="2106" HPOS="387"/>
<SP HEIGHT="52" WIDTH="39" VPOS="2106" HPOS="593"/>
<String CONTENT="letter," HEIGHT="67" WIDTH="184" VPOS="2106" HPOS="633"/>
<SP HEIGHT="68" WIDTH="40" VPOS="2105" HPOS="818"/>
<String CONTENT="by" HEIGHT="69" WIDTH="75" VPOS="2105" HPOS="859"/>
<SP HEIGHT="68" WIDTH="40" VPOS="2106" HPOS="935"/>
<String CONTENT="Nathaniel" HEIGHT="53" WIDTH="309" VPOS="2105" HPOS="976"/>
<SP HEIGHT="53" WIDTH="42" VPOS="2105" HPOS="1286"/>
<String CONTENT="Hawthorne." HEIGHT="54" WIDTH="371" VPOS="2105" HPOS="1329"/>
<SP HEIGHT="54" WIDTH="76" VPOS="2105" HPOS="1701"/>
<String CONTENT="New" HEIGHT="52" WIDTH="140" VPOS="2105" HPOS="1778"/>
<SP HEIGHT="53" WIDTH="45" VPOS="2104" HPOS="1919"/>
<String CONTENT="York," HEIGHT="68" WIDTH="177" VPOS="2104" HPOS="1965"/>
</TextLine>
<TextLine HEIGHT="70" WIDTH="805" VPOS="2182" HPOS="154" STYLEREFS="StyleId-F742C947-AAD1-4BAE-9122-E4FC40CC7352-">
<String CONTENT="The" HEIGHT="52" WIDTH="120" VPOS="2184" HPOS="154"/>
<SP HEIGHT="54" WIDTH="24" VPOS="2182" HPOS="275"/>
<String CONTENT="Heritage" HEIGHT="69" WIDTH="277" VPOS="2182" HPOS="300"/>
<SP HEIGHT="51" WIDTH="24" VPOS="2201" HPOS="578"/>
<String CONTENT="press," HEIGHT="51" WIDTH="175" VPOS="2201" HPOS="603"/>
<SP HEIGHT="64" WIDTH="27" VPOS="2186" HPOS="779"/>
<String CONTENT="1935." HEIGHT="50" WIDTH="152" VPOS="2186" HPOS="807"/>
</TextLine>
<TextLine HEIGHT="49" WIDTH="826" VPOS="2253" HPOS="219" CS="1">
<String CONTENT="4" HEIGHT="39" WIDTH="30" VPOS="2254" HPOS="219"/>
<SP HEIGHT="48" WIDTH="27" VPOS="2254" HPOS="250"/>
<String CONTENT="p." HEIGHT="39" WIDTH="43" VPOS="2263" HPOS="278"/>
<SP/>
<String CS="1" CONTENT="l.," HEIGHT="15" WIDTH="9" VPOS="2285" HPOS="385"/>
<SP HEIGHT="46" WIDTH="27" VPOS="2254" HPOS="395"/>
<String CONTENT="3-280" HEIGHT="41" WIDTH="146" VPOS="2253" HPOS="423"/>
<SP HEIGHT="49" WIDTH="26" VPOS="2253" HPOS="570"/>
<String CONTENT="p." HEIGHT="38" WIDTH="44" VPOS="2264" HPOS="597"/>
<SP HEIGHT="38" WIDTH="57" VPOS="2264" HPOS="642"/>
<String CONTENT="plates." HEIGHT="48" WIDTH="172" VPOS="2254" HPOS="700"/>
<SP HEIGHT="40" WIDTH="54" VPOS="2253" HPOS="873"/>
<String CONTENT="24" HEIGHT="40" WIDTH="58" VPOS="2253" HPOS="928"/>
<String STYLE="superscript" CONTENT="cm" HEIGHT="21" WIDTH="45" VPOS="2256" HPOS="987"/>
<String CONTENT="." HEIGHT="8" WIDTH="8" VPOS="2285" HPOS="1037"/>
</TextLine>
<TextLine HEIGHT="43" WIDTH="1146" VPOS="2309" HPOS="222">
<String CONTENT="Plates" HEIGHT="40" WIDTH="164" VPOS="2311" HPOS="222"/>
<SP HEIGHT="29" WIDTH="24" VPOS="2321" HPOS="387"/>
<String CONTENT="within" HEIGHT="41" WIDTH="173" VPOS="2309" HPOS="412"/>
<SP HEIGHT="30" WIDTH="23" VPOS="2321" HPOS="586"/>
<String CONTENT="colored" HEIGHT="41" WIDTH="191" VPOS="2310" HPOS="610"/>
<SP HEIGHT="40" WIDTH="24" VPOS="2311" HPOS="802"/>
<String CONTENT="ornamental" HEIGHT="40" WIDTH="301" VPOS="2311" HPOS="827"/>
<SP HEIGHT="40" WIDTH="27" VPOS="2310" HPOS="1129"/>
<String CONTENT="borders." HEIGHT="42" WIDTH="211" VPOS="2310" HPOS="1157"/>
</TextLine>
<TextLine HEIGHT="53" WIDTH="1984" VPOS="2366" HPOS="156">
<String CONTENT="&#169;" HEIGHT="53" WIDTH="52" VPOS="2366" HPOS="156"/>
<SP HEIGHT="53" WIDTH="26" VPOS="2366" HPOS="209"/>
<String CONTENT="Nov." HEIGHT="40" WIDTH="117" VPOS="2370" HPOS="236"/>
<SP HEIGHT="39" WIDTH="27" VPOS="2371" HPOS="354"/>
<String CONTENT="1," HEIGHT="42" WIDTH="40" VPOS="2371" HPOS="382"/>
<SP HEIGHT="41" WIDTH="27" VPOS="2372" HPOS="423"/>
<String CONTENT="1935;" HEIGHT="47" WIDTH="140" VPOS="2369" HPOS="451"/>
<SP HEIGHT="47" WIDTH="28" VPOS="2369" HPOS="592"/>
<String CONTENT="2c." HEIGHT="41" WIDTH="66" VPOS="2369" HPOS="621"/>
<SP HEIGHT="39" WIDTH="27" VPOS="2371" HPOS="688"/>
<String CONTENT="Dec." HEIGHT="38" WIDTH="111" VPOS="2371" HPOS="716"/>
<SP HEIGHT="40" WIDTH="28" VPOS="2369" HPOS="828"/>
<String CONTENT="26:" HEIGHT="41" WIDTH="81" VPOS="2369" HPOS="857"/>
<SP HEIGHT="31" WIDTH="30" VPOS="2379" HPOS="939"/>
<String CONTENT="aff." HEIGHT="40" WIDTH="81" VPOS="2369" HPOS="970"/>
<SP HEIGHT="38" WIDTH="29" VPOS="2371" HPOS="1052"/>
<String CONTENT="Dec." HEIGHT="37" WIDTH="109" VPOS="2371" HPOS="1082"/>
<SP HEIGHT="39" WIDTH="27" VPOS="2369" HPOS="1192"/>
<String CONTENT="24:" HEIGHT="41" WIDTH="82" VPOS="2369" HPOS="1220"/>
<SP HEIGHT="40" WIDTH="31" VPOS="2370" HPOS="1303"/>
<!-- cceid 96D2DC58-6D82-1014-B070-FDFD250A9EDA --><String CONTENT="A" HEIGHT="38" WIDTH="40" VPOS="2370" HPOS="1335"/>
<SP HEIGHT="40" WIDTH="28" VPOS="2368" HPOS="1376"/>
<String CONTENT="90012:" HEIGHT="42" WIDTH="169" VPOS="2368" HPOS="1405"/>
<SP HEIGHT="40" WIDTH="33" VPOS="2370" HPOS="1575"/>
<String CONTENT="Heritage" HEIGHT="48" WIDTH="237" VPOS="2369" HPOS="1609"/>
<SP HEIGHT="38" WIDTH="25" VPOS="2379" HPOS="1847"/>
<String CONTENT="press," HEIGHT="40" WIDTH="148" VPOS="2377" HPOS="1873"/>
<SP HEIGHT="47" WIDTH="30" VPOS="2370" HPOS="2022"/>
<String CONTENT="inc." HEIGHT="40" WIDTH="87" VPOS="2370" HPOS="2053"/>
</TextLine>
<TextLine HEIGHT="51" WIDTH="1916" VPOS="2425" HPOS="226">
<String CONTENT="[Copyright" HEIGHT="49" WIDTH="278" VPOS="2427" HPOS="226"/>
<SP HEIGHT="40" WIDTH="29" VPOS="2427" HPOS="505"/>
<String CONTENT="is" HEIGHT="38" WIDTH="41" VPOS="2427" HPOS="535"/>
<SP HEIGHT="28" WIDTH="29" VPOS="2438" HPOS="577"/>
<String CONTENT="claimed" HEIGHT="39" WIDTH="203" VPOS="2427" HPOS="607"/>
<SP HEIGHT="38" WIDTH="30" VPOS="2428" HPOS="811"/>
<String CONTENT="on" HEIGHT="29" WIDTH="57" VPOS="2437" HPOS="842"/>
<SP HEIGHT="29" WIDTH="31" VPOS="2437" HPOS="900"/>
<String CONTENT="special" HEIGHT="48" WIDTH="178" VPOS="2426" HPOS="932"/>
<SP HEIGHT="38" WIDTH="30" VPOS="2427" HPOS="1111"/>
<String CONTENT="contents," HEIGHT="42" WIDTH="236" VPOS="2430" HPOS="1142"/>
<SP HEIGHT="47" WIDTH="26" VPOS="2425" HPOS="1379"/>
<String CONTENT="including" HEIGHT="49" WIDTH="252" VPOS="2425" HPOS="1406"/>
<SP HEIGHT="47" WIDTH="28" VPOS="2427" HPOS="1659"/>
<String CONTENT="illustrations" HEIGHT="41" WIDTH="327" VPOS="2425" HPOS="1688"/>
<SP HEIGHT="30" WIDTH="28" VPOS="2436" HPOS="2016"/>
<String CONTENT="and" HEIGHT="40" WIDTH="97" VPOS="2426" HPOS="2045"/>
</TextLine>
<TextLine HEIGHT="49" WIDTH="581" VPOS="2483" HPOS="228">
<String CONTENT="decorations]" HEIGHT="47" WIDTH="318" VPOS="2485" HPOS="228"/>
<SP HEIGHT="48" WIDTH="71" VPOS="2484" HPOS="547"/>
<String CONTENT="(36-40)" HEIGHT="48" WIDTH="190" VPOS="2483" HPOS="619"/>
</TextLine>
<TextLine HEIGHT="67" WIDTH="1370" VPOS="2585" HPOS="157" STYLEREFS="StyleId-F742C947-AAD1-4BAE-9122-E4FC40CC7352-">
<String CONTENT="[Henley," HEIGHT="66" WIDTH="261" VPOS="2586" HPOS="157"/>
<SP HEIGHT="62" WIDTH="27" VPOS="2588" HPOS="419"/>
<String CONTENT="Mrs." HEIGHT="52" WIDTH="137" VPOS="2588" HPOS="447"/>
<SP HEIGHT="51" WIDTH="28" VPOS="2588" HPOS="585"/>
<String CONTENT="Bessie" HEIGHT="54" WIDTH="204" VPOS="2586" HPOS="614"/>
<SP HEIGHT="54" WIDTH="27" VPOS="2586" HPOS="819"/>
<String CONTENT="Stella" HEIGHT="53" WIDTH="182" VPOS="2585" HPOS="847"/>
<SP HEIGHT="63" WIDTH="27" VPOS="2586" HPOS="1030"/>
<String CONTENT="(Jones)]" HEIGHT="66" WIDTH="263" VPOS="2586" HPOS="1058"/>
<SP HEIGHT="62" WIDTH="35" VPOS="2590" HPOS="1322"/>
<String CONTENT="1888-" HEIGHT="49" WIDTH="169" VPOS="2590" HPOS="1358"/>
</TextLine>
<TextLine HEIGHT="70" WIDTH="1916" VPOS="2660" HPOS="225" STYLEREFS="StyleId-F742C947-AAD1-4BAE-9122-E4FC40CC7352-">
<String CONTENT="The" HEIGHT="53" WIDTH="119" VPOS="2663" HPOS="225"/>
<SP HEIGHT="53" WIDTH="45" VPOS="2663" HPOS="345"/>
<String CONTENT="Little" HEIGHT="53" WIDTH="178" VPOS="2663" HPOS="391"/>
<SP HEIGHT="53" WIDTH="42" VPOS="2664" HPOS="570"/>
<String CONTENT="White" HEIGHT="54" WIDTH="197" VPOS="2663" HPOS="613"/>
<SP HEIGHT="56" WIDTH="43" VPOS="2662" HPOS="811"/>
<String CONTENT="Gnome," HEIGHT="68" WIDTH="234" VPOS="2662" HPOS="855"/>
<SP HEIGHT="49" WIDTH="45" VPOS="2681" HPOS="1090"/>
<String CONTENT="a" HEIGHT="34" WIDTH="31" VPOS="2681" HPOS="1136"/>
<SP HEIGHT="53" WIDTH="46" VPOS="2662" HPOS="1168"/>
<String CONTENT="fairy" HEIGHT="70" WIDTH="157" VPOS="2660" HPOS="1215"/>
<SP HEIGHT="63" WIDTH="44" VPOS="2667" HPOS="1373"/>
<String CONTENT="tale" HEIGHT="52" WIDTH="115" VPOS="2663" HPOS="1418"/>
<SP HEIGHT="53" WIDTH="45" VPOS="2662" HPOS="1534"/>
<String CONTENT="for" HEIGHT="52" WIDTH="96" VPOS="2662" HPOS="1580"/>
<SP HEIGHT="35" WIDTH="44" VPOS="2680" HPOS="1677"/>
<String CONTENT="children" HEIGHT="55" WIDTH="257" VPOS="2660" HPOS="1722"/>
<SP HEIGHT="35" WIDTH="47" VPOS="2680" HPOS="1980"/>
<String CONTENT="and" HEIGHT="53" WIDTH="113" VPOS="2662" HPOS="2028"/>
</TextLine>
<TextLine HEIGHT="70" WIDTH="1986" VPOS="2738" HPOS="153" STYLEREFS="StyleId-F742C947-AAD1-4BAE-9122-E4FC40CC7352-">
<String CONTENT="grown-ups" HEIGHT="51" WIDTH="330" VPOS="2757" HPOS="153"/>
<SP HEIGHT="35" WIDTH="26" VPOS="2759" HPOS="484"/>
<String CONTENT="who" HEIGHT="54" WIDTH="126" VPOS="2739" HPOS="511"/>
<SP HEIGHT="35" WIDTH="25" VPOS="2758" HPOS="638"/>
<String CONTENT="still" HEIGHT="55" WIDTH="120" VPOS="2738" HPOS="664"/>
<SP HEIGHT="53" WIDTH="24" VPOS="2739" HPOS="785"/>
<String CONTENT="believe" HEIGHT="53" WIDTH="211" VPOS="2739" HPOS="810"/>
<SP HEIGHT="52" WIDTH="23" VPOS="2741" HPOS="1022"/>
<String CONTENT="in" HEIGHT="52" WIDTH="60" VPOS="2741" HPOS="1046"/>
<SP HEIGHT="52" WIDTH="25" VPOS="2739" HPOS="1107"/>
<String CONTENT="fairies." HEIGHT="54" WIDTH="213" VPOS="2738" HPOS="1133"/>
<SP HEIGHT="54" WIDTH="61" VPOS="2739" HPOS="1347"/>
<String CONTENT="Written" HEIGHT="54" WIDTH="250" VPOS="2739" HPOS="1409"/>
<SP HEIGHT="35" WIDTH="27" VPOS="2757" HPOS="1660"/>
<String CONTENT="as" HEIGHT="35" WIDTH="59" VPOS="2757" HPOS="1688"/>
<SP HEIGHT="53" WIDTH="23" VPOS="2738" HPOS="1748"/>
<String CONTENT="dreamed" HEIGHT="54" WIDTH="263" VPOS="2738" HPOS="1772"/>
<SP HEIGHT="52" WIDTH="29" VPOS="2739" HPOS="2036"/>
<String CONTENT="by" HEIGHT="68" WIDTH="73" VPOS="2739" HPOS="2066"/>
</TextLine>
<TextLine HEIGHT="68" WIDTH="1985" VPOS="2816" HPOS="155" STYLEREFS="StyleId-F742C947-AAD1-4BAE-9122-E4FC40CC7352-">
<String CONTENT="a" HEIGHT="34" WIDTH="30" VPOS="2835" HPOS="155"/>
<SP HEIGHT="52" WIDTH="30" VPOS="2817" HPOS="186"/>
<String CONTENT="friend" HEIGHT="53" WIDTH="192" VPOS="2817" HPOS="217"/>
<SP HEIGHT="54" WIDTH="29" VPOS="2817" HPOS="410"/>
<String CONTENT="of" HEIGHT="55" WIDTH="63" VPOS="2816" HPOS="440"/>
<SP HEIGHT="53" WIDTH="26" VPOS="2816" HPOS="504"/>
<String CONTENT="the" HEIGHT="54" WIDTH="96" VPOS="2817" HPOS="531"/>
<SP HEIGHT="55" WIDTH="27" VPOS="2816" HPOS="628"/>
<String CONTENT="fairies;" HEIGHT="67" WIDTH="227" VPOS="2816" HPOS="656"/>
<SP HEIGHT="65" WIDTH="31" VPOS="2818" HPOS="884"/>
<String CONTENT="illustrated" HEIGHT="53" WIDTH="325" VPOS="2816" HPOS="916"/>
<SP HEIGHT="52" WIDTH="29" VPOS="2816" HPOS="1242"/>
<String CONTENT="by" HEIGHT="68" WIDTH="75" VPOS="2816" HPOS="1272"/>
<SP HEIGHT="62" WIDTH="25" VPOS="2822" HPOS="1348"/>
<String CONTENT="the" HEIGHT="52" WIDTH="97" VPOS="2817" HPOS="1374"/>
<SP HEIGHT="35" WIDTH="26" VPOS="2834" HPOS="1472"/>
<String CONTENT="smallest" HEIGHT="54" WIDTH="251" VPOS="2816" HPOS="1499"/>
<SP HEIGHT="52" WIDTH="27" VPOS="2817" HPOS="1751"/>
<String CONTENT="little" HEIGHT="55" WIDTH="150" VPOS="2816" HPOS="1779"/>
<SP HEIGHT="55" WIDTH="28" VPOS="2816" HPOS="1930"/>
<String CONTENT="flame." HEIGHT="54" WIDTH="181" VPOS="2816" HPOS="1959"/>
</TextLine>
<TextLine HEIGHT="69" WIDTH="962" VPOS="2894" HPOS="158" STYLEREFS="StyleId-F742C947-AAD1-4BAE-9122-E4FC40CC7352-">
<String CONTENT="[Detroit]" HEIGHT="67" WIDTH="261" VPOS="2894" HPOS="158"/>
<SP HEIGHT="66" WIDTH="35" VPOS="2895" HPOS="420"/>
<String CONTENT="Pipp" HEIGHT="69" WIDTH="155" VPOS="2894" HPOS="456"/>
<SP HEIGHT="69" WIDTH="29" VPOS="2894" HPOS="612"/>
<String CONTENT="brothers," HEIGHT="67" WIDTH="275" VPOS="2894" HPOS="642"/>
<SP HEIGHT="61" WIDTH="26" VPOS="2900" HPOS="918"/>
<String STYLE="superscript" CONTENT="c" HEIGHT="22" WIDTH="19" VPOS="2900" HPOS="945"/>
<String CONTENT="1935." HEIGHT="50" WIDTH="152" VPOS="2896" HPOS="968"/>
</TextLine>
<TextLine HEIGHT="49" WIDTH="782" VPOS="2964" HPOS="219" CS="1">
<String CONTENT="3" HEIGHT="41" WIDTH="27" VPOS="2964" HPOS="219"/>
<SP HEIGHT="49" WIDTH="27" VPOS="2964" HPOS="247"/>
<String CONTENT="p." HEIGHT="38" WIDTH="44" VPOS="2975" HPOS="275"/>
<SP/>
<String CS="1" CONTENT="l.," HEIGHT="16" WIDTH="9" VPOS="2996" HPOS="383"/>
<SP HEIGHT="48" WIDTH="28" VPOS="2964" HPOS="393"/>
<String CONTENT="9-74" HEIGHT="41" WIDTH="115" VPOS="2964" HPOS="422"/>
<SP HEIGHT="47" WIDTH="27" VPOS="2966" HPOS="538"/>
<String CONTENT="p." HEIGHT="38" WIDTH="43" VPOS="2975" HPOS="566"/>
<SP HEIGHT="40" WIDTH="58" VPOS="2965" HPOS="610"/>
<String CONTENT="illus." HEIGHT="41" WIDTH="127" VPOS="2964" HPOS="669"/>
<SP HEIGHT="40" WIDTH="58" VPOS="2964" HPOS="797"/>
<String CS="1" CONTENT="21&#189;cm." HEIGHT="41" WIDTH="145" VPOS="2964" HPOS="856"/>
</TextLine>
<TextLine HEIGHT="53" WIDTH="1984" VPOS="3020" HPOS="156" CS="1">
<String CONTENT="&#169;" HEIGHT="53" WIDTH="52" VPOS="3020" HPOS="156"/>
<SP HEIGHT="53" WIDTH="19" VPOS="3020" HPOS="209"/>
<String CONTENT="Nov." HEIGHT="39" WIDTH="117" VPOS="3026" HPOS="229"/>
<SP HEIGHT="38" WIDTH="24" VPOS="3027" HPOS="347"/>
<String CONTENT="1," HEIGHT="43" WIDTH="39" VPOS="3027" HPOS="372"/>
<SP HEIGHT="43" WIDTH="23" VPOS="3027" HPOS="412"/>
<String CONTENT="1935;" HEIGHT="47" WIDTH="140" VPOS="3024" HPOS="436"/>
<SP HEIGHT="46" WIDTH="26" VPOS="3025" HPOS="577"/>
<String CONTENT="2c." HEIGHT="39" WIDTH="65" VPOS="3025" HPOS="604"/>
<SP HEIGHT="30" WIDTH="25" VPOS="3034" HPOS="670"/>
<String CONTENT="and" HEIGHT="39" WIDTH="95" VPOS="3025" HPOS="696"/>
<SP HEIGHT="38" WIDTH="24" VPOS="3025" HPOS="792"/>
<String CONTENT="aff." HEIGHT="39" WIDTH="78" VPOS="3024" HPOS="817"/>
<SP HEIGHT="37" WIDTH="29" VPOS="3025" HPOS="896"/>
<String CONTENT="Dec." HEIGHT="38" WIDTH="108" VPOS="3025" HPOS="926"/>
<SP HEIGHT="37" WIDTH="26" VPOS="3026" HPOS="1035"/>
<String CONTENT="18;" HEIGHT="46" WIDTH="82" VPOS="3024" HPOS="1062"/>
<SP HEIGHT="45" WIDTH="27" VPOS="3025" HPOS="1145"/>
<!-- cceid 96D2FAA1-6D82-1014-B070-FDFD250A9EDA --><String CONTENT="A" HEIGHT="38" WIDTH="40" VPOS="3025" HPOS="1173"/>
<SP HEIGHT="40" WIDTH="24" VPOS="3024" HPOS="1214"/>
<String CS="1" CONTENT="88739:" HEIGHT="42" WIDTH="143" VPOS="3022" HPOS="1239"/>
<SP HEIGHT="40" WIDTH="28" VPOS="3025" HPOS="1409"/>
<String CONTENT="Bessie" HEIGHT="40" WIDTH="168" VPOS="3024" HPOS="1438"/>
<SP HEIGHT="40" WIDTH="27" VPOS="3025" HPOS="1607"/>
<String CONTENT="S." HEIGHT="40" WIDTH="43" VPOS="3025" HPOS="1635"/>
<SP HEIGHT="40" WIDTH="27" VPOS="3025" HPOS="1679"/>
<String CONTENT="Henley," HEIGHT="46" WIDTH="200" VPOS="3025" HPOS="1707"/>
<SP HEIGHT="45" WIDTH="26" VPOS="3026" HPOS="1908"/>
<String CONTENT="Detroit." HEIGHT="40" WIDTH="205" VPOS="3025" HPOS="1935"/>
</TextLine>
<TextLine HEIGHT="47" WIDTH="191" VPOS="3082" HPOS="233">
<String CONTENT="(36-41)" HEIGHT="47" WIDTH="191" VPOS="3082" HPOS="233"/>
</TextLine>
<TextLine HEIGHT="66" WIDTH="746" VPOS="3182" HPOS="153" STYLEREFS="StyleId-CBAA7563-125E-424F-947E-12771EBF30C5-">
<String CONTENT="Hicks," HEIGHT="66" WIDTH="201" VPOS="3182" HPOS="153"/>
<SP HEIGHT="64" WIDTH="28" VPOS="3184" HPOS="355"/>
<String CONTENT="Granville," HEIGHT="65" WIDTH="315" VPOS="3183" HPOS="384"/>
<SP HEIGHT="61" WIDTH="29" VPOS="3187" HPOS="700"/>
<String CONTENT="1901-" HEIGHT="50" WIDTH="169" VPOS="3187" HPOS="730"/>
</TextLine>
<TextLine HEIGHT="133" WIDTH="1961" VPOS="3260" HPOS="154" STYLEREFS="StyleId-F742C947-AAD1-4BAE-9122-E4FC40CC7352-" CS="1">
<String CONTENT="The" HEIGHT="53" WIDTH="121" VPOS="3261" HPOS="222"/>
<SP HEIGHT="49" WIDTH="33" VPOS="3280" HPOS="344"/>
<String CONTENT="great" HEIGHT="63" WIDTH="162" VPOS="3266" HPOS="378"/>
<SP HEIGHT="48" WIDTH="33" VPOS="3266" HPOS="541"/>
<String CONTENT="tradition;" HEIGHT="67" WIDTH="306" VPOS="3260" HPOS="575"/>
<SP HEIGHT="48" WIDTH="39" VPOS="3279" HPOS="882"/>
<String CONTENT="an" HEIGHT="34" WIDTH="69" VPOS="3279" HPOS="922"/>
<SP HEIGHT="52" WIDTH="39" VPOS="3261" HPOS="992"/>
<String CONTENT="interpretation" HEIGHT="68" WIDTH="435" VPOS="3260" HPOS="1032"/>
<SP HEIGHT="34" WIDTH="36" VPOS="3279" HPOS="1468"/>
<String CONTENT="of" HEIGHT="51" WIDTH="64" VPOS="3262" HPOS="1505"/>
<SP HEIGHT="52" WIDTH="35" VPOS="3262" HPOS="1570"/>
<String CONTENT="American" HEIGHT="52" WIDTH="305" VPOS="3262" HPOS="1606"/>
<SP HEIGHT="53" WIDTH="36" VPOS="3260" HPOS="1912"/>
<String CONTENT="literature" HEIGHT="131" WIDTH="1961" VPOS="3260" HPOS="154"/>
<SP HEIGHT="37" WIDTH="30" VPOS="3356" HPOS="279"/>
<String CONTENT="since" HEIGHT="54" WIDTH="150" VPOS="3339" HPOS="310"/>
<SP HEIGHT="47" WIDTH="29" VPOS="3344" HPOS="461"/>
<String CONTENT="the" HEIGHT="52" WIDTH="96" VPOS="3339" HPOS="491"/>
</TextLine>
<TextLine HEIGHT="69" WIDTH="1520" VPOS="3337" HPOS="619" STYLEREFS="StyleId-F742C947-AAD1-4BAE-9122-E4FC40CC7352-">
<String CONTENT="civil" HEIGHT="54" WIDTH="135" VPOS="3337" HPOS="619"/>
<SP HEIGHT="53" WIDTH="32" VPOS="3338" HPOS="755"/>
<String CONTENT="war," HEIGHT="49" WIDTH="134" VPOS="3357" HPOS="788"/>
<SP HEIGHT="67" WIDTH="32" VPOS="3339" HPOS="923"/>
<String CONTENT="by" HEIGHT="66" WIDTH="73" VPOS="3339" HPOS="956"/>
<SP HEIGHT="67" WIDTH="33" VPOS="3338" HPOS="1030"/>
<String CONTENT="Granville" HEIGHT="55" WIDTH="298" VPOS="3338" HPOS="1064"/>
<SP HEIGHT="52" WIDTH="32" VPOS="3340" HPOS="1363"/>
<String CONTENT="Hicks." HEIGHT="55" WIDTH="197" VPOS="3337" HPOS="1396"/>
<SP HEIGHT="53" WIDTH="74" VPOS="3339" HPOS="1594"/>
<String CONTENT="Rev." HEIGHT="53" WIDTH="136" VPOS="3339" HPOS="1669"/>
<SP HEIGHT="34" WIDTH="34" VPOS="3358" HPOS="1806"/>
<String CONTENT="ed." HEIGHT="53" WIDTH="85" VPOS="3339" HPOS="1841"/>
<SP HEIGHT="53" WIDTH="72" VPOS="3340" HPOS="1927"/>
<String CONTENT="New" HEIGHT="53" WIDTH="139" VPOS="3340" HPOS="2000"/>
</TextLine>
<TextLine HEIGHT="68" WIDTH="1185" VPOS="3415" HPOS="157" STYLEREFS="StyleId-F742C947-AAD1-4BAE-9122-E4FC40CC7352-">
<String CONTENT="York," HEIGHT="62" WIDTH="176" VPOS="3416" HPOS="157"/>
<SP HEIGHT="60" WIDTH="24" VPOS="3418" HPOS="334"/>
<String CONTENT="The" HEIGHT="54" WIDTH="121" VPOS="3416" HPOS="359"/>
<SP HEIGHT="54" WIDTH="25" VPOS="3416" HPOS="481"/>
<String CONTENT="Macmillan" HEIGHT="54" WIDTH="332" VPOS="3415" HPOS="507"/>
<SP HEIGHT="35" WIDTH="28" VPOS="3433" HPOS="840"/>
<String CONTENT="company," HEIGHT="50" WIDTH="295" VPOS="3433" HPOS="869"/>
<SP HEIGHT="61" WIDTH="29" VPOS="3422" HPOS="1165"/>
<String CONTENT="1935." HEIGHT="51" WIDTH="147" VPOS="3420" HPOS="1195"/>
</TextLine>
<TextLine HEIGHT="50" WIDTH="659" VPOS="3485" HPOS="222" CS="1">
<String CONTENT="xv" HEIGHT="29" WIDTH="63" VPOS="3497" HPOS="222"/>
<SP HEIGHT="38" WIDTH="25" VPOS="3496" HPOS="286"/>
<String CONTENT="p.," HEIGHT="38" WIDTH="59" VPOS="3496" HPOS="312"/>
<SP HEIGHT="48" WIDTH="24" VPOS="3486" HPOS="372"/>
<String CONTENT="1" HEIGHT="40" WIDTH="26" VPOS="3486" HPOS="397"/>
<SP/>
<String CS="1" CONTENT="l.," HEIGHT="17" WIDTH="10" VPOS="3517" HPOS="486"/>
<SP HEIGHT="48" WIDTH="26" VPOS="3486" HPOS="497"/>
<String CONTENT="341" HEIGHT="42" WIDTH="85" VPOS="3485" HPOS="524"/>
<SP HEIGHT="50" WIDTH="24" VPOS="3485" HPOS="610"/>
<String CONTENT="p." HEIGHT="39" WIDTH="44" VPOS="3496" HPOS="635"/>
<SP HEIGHT="42" WIDTH="56" VPOS="3485" HPOS="680"/>
<String CS="1" CONTENT="22&#189;cm." HEIGHT="41" WIDTH="144" VPOS="3485" HPOS="737"/>
</TextLine>
<TextLine HEIGHT="51" WIDTH="687" VPOS="3540" HPOS="222">
<String CONTENT="Bibliography:" HEIGHT="49" WIDTH="375" VPOS="3542" HPOS="222"/>
<SP HEIGHT="39" WIDTH="25" VPOS="3552" HPOS="598"/>
<String CONTENT="p." HEIGHT="39" WIDTH="46" VPOS="3552" HPOS="624"/>
<SP HEIGHT="44" WIDTH="22" VPOS="3540" HPOS="671"/>
<String CONTENT="331-336." HEIGHT="43" WIDTH="215" VPOS="3540" HPOS="694"/>
</TextLine>
<TextLine HEIGHT="52" WIDTH="1786" VPOS="3598" HPOS="157" CS="1">
<String CONTENT="&#169;" HEIGHT="52" WIDTH="52" VPOS="3598" HPOS="157"/>
<SP HEIGHT="52" WIDTH="28" VPOS="3598" HPOS="210"/>
<String CONTENT="Nov." HEIGHT="39" WIDTH="118" VPOS="3603" HPOS="239"/>
<SP HEIGHT="39" WIDTH="31" VPOS="3603" HPOS="358"/>
<String CONTENT="12," HEIGHT="47" WIDTH="68" VPOS="3602" HPOS="390"/>
<SP HEIGHT="45" WIDTH="32" VPOS="3604" HPOS="459"/>
<String CS="1" CONTENT="1935;" HEIGHT="39" WIDTH="113" VPOS="3602" HPOS="492"/>
<SP HEIGHT="40" WIDTH="34" VPOS="3602" HPOS="632"/>
<String CONTENT="2c." HEIGHT="39" WIDTH="65" VPOS="3602" HPOS="667"/>
<SP HEIGHT="29" WIDTH="36" VPOS="3612" HPOS="733"/>
<String CONTENT="and" HEIGHT="39" WIDTH="94" VPOS="3602" HPOS="770"/>
<SP HEIGHT="39" WIDTH="30" VPOS="3602" HPOS="865"/>
<String CONTENT="aff." HEIGHT="40" WIDTH="82" VPOS="3601" HPOS="896"/>
<SP HEIGHT="39" WIDTH="32" VPOS="3602" HPOS="979"/>
<String CONTENT="Nov." HEIGHT="39" WIDTH="117" VPOS="3602" HPOS="1012"/>
<SP HEIGHT="38" WIDTH="34" VPOS="3603" HPOS="1130"/>
<String CONTENT="13:" HEIGHT="40" WIDTH="81" VPOS="3602" HPOS="1165"/>
<SP HEIGHT="40" WIDTH="34" VPOS="3602" HPOS="1247"/>
<!-- cceid 96D31A2E-6D82-1014-B070-FDFD250A9EDA --><String CONTENT="A" HEIGHT="39" WIDTH="42" VPOS="3602" HPOS="1282"/>
<SP HEIGHT="40" WIDTH="31" VPOS="3602" HPOS="1325"/>
<String CONTENT="89339;" HEIGHT="47" WIDTH="168" VPOS="3600" HPOS="1357"/>
<SP HEIGHT="45" WIDTH="37" VPOS="3602" HPOS="1526"/>
<String CONTENT="Macmillan" HEIGHT="39" WIDTH="278" VPOS="3602" HPOS="1564"/>
<SP HEIGHT="29" WIDTH="33" VPOS="3613" HPOS="1843"/>
<String CONTENT="co." HEIGHT="30" WIDTH="66" VPOS="3612" HPOS="1877"/>
</TextLine>
<TextLine HEIGHT="49" WIDTH="278" VPOS="3658" HPOS="236">
<String CONTENT="(36-27042)" HEIGHT="49" WIDTH="278" VPOS="3658" HPOS="236"/>
</TextLine>
<TextLine HEIGHT="68" WIDTH="1062" VPOS="3745" HPOS="155" STYLEREFS="StyleId-CBAA7563-125E-424F-947E-12771EBF30C5-">
<String CONTENT="Housman," HEIGHT="68" WIDTH="321" VPOS="3745" HPOS="155"/>
<SP HEIGHT="65" WIDTH="27" VPOS="3748" HPOS="477"/>
<String CONTENT="Alfred" HEIGHT="54" WIDTH="211" VPOS="3747" HPOS="505"/>
<SP HEIGHT="52" WIDTH="28" VPOS="3749" HPOS="717"/>
<String CONTENT="Edward," HEIGHT="64" WIDTH="270" VPOS="3748" HPOS="746"/>
<SP HEIGHT="60" WIDTH="29" VPOS="3752" HPOS="1017"/>
<String CONTENT="1859-" HEIGHT="50" WIDTH="170" VPOS="3751" HPOS="1047"/>
</TextLine>
<TextLine HEIGHT="66" WIDTH="1851" VPOS="3825" HPOS="286" STYLEREFS="StyleId-F742C947-AAD1-4BAE-9122-E4FC40CC7352-" CS="1">
<String CS="1" CONTENT="&#8230;"/>
<SP HEIGHT="51" WIDTH="27" VPOS="3826" HPOS="286"/>
<String CONTENT="A" HEIGHT="51" WIDTH="57" VPOS="3826" HPOS="314"/>
<SP HEIGHT="53" WIDTH="26" VPOS="3825" HPOS="372"/>
<String CONTENT="Shropshire" HEIGHT="66" WIDTH="342" VPOS="3825" HPOS="399"/>
<SP HEIGHT="52" WIDTH="23" VPOS="3826" HPOS="742"/>
<String CONTENT="lad;" HEIGHT="64" WIDTH="122" VPOS="3826" HPOS="766"/>
<SP HEIGHT="64" WIDTH="29" VPOS="3826" HPOS="889"/>
<String CONTENT="decorations" HEIGHT="52" WIDTH="353" VPOS="3826" HPOS="919"/>
<SP HEIGHT="52" WIDTH="23" VPOS="3826" HPOS="1273"/>
<String CONTENT="by" HEIGHT="64" WIDTH="74" VPOS="3826" HPOS="1297"/>
<SP HEIGHT="64" WIDTH="26" VPOS="3826" HPOS="1372"/>
<String CONTENT="Edw." HEIGHT="52" WIDTH="161" VPOS="3826" HPOS="1399"/>
<SP HEIGHT="51" WIDTH="28" VPOS="3827" HPOS="1561"/>
<String CONTENT="A." HEIGHT="52" WIDTH="69" VPOS="3827" HPOS="1590"/>
<SP HEIGHT="53" WIDTH="25" VPOS="3828" HPOS="1660"/>
<String CONTENT="Wilson." HEIGHT="56" WIDTH="239" VPOS="3825" HPOS="1686"/>
<SP HEIGHT="51" WIDTH="72" VPOS="3828" HPOS="1926"/>
<String CONTENT="New" HEIGHT="51" WIDTH="138" VPOS="3828" HPOS="1999"/>
</TextLine>
<TextLine HEIGHT="67" WIDTH="998" VPOS="3901" HPOS="157" STYLEREFS="StyleId-F742C947-AAD1-4BAE-9122-E4FC40CC7352-">
<String CONTENT="York," HEIGHT="65" WIDTH="177" VPOS="3901" HPOS="157"/>
<SP HEIGHT="63" WIDTH="22" VPOS="3903" HPOS="335"/>
<String CONTENT="The" HEIGHT="54" WIDTH="122" VPOS="3901" HPOS="358"/>
<SP HEIGHT="52" WIDTH="21" VPOS="3902" HPOS="481"/>
<String CONTENT="Heritage" HEIGHT="66" WIDTH="279" VPOS="3902" HPOS="503"/>
<SP HEIGHT="48" WIDTH="20" VPOS="3920" HPOS="783"/>
<String CONTENT="press," HEIGHT="48" WIDTH="173" VPOS="3920" HPOS="804"/>
<SP HEIGHT="62" WIDTH="24" VPOS="3906" HPOS="978"/>
<String CONTENT="1935." HEIGHT="51" WIDTH="152" VPOS="3904" HPOS="1003"/>
</TextLine>
</TextBlock>
</PrintSpace>
</Page>
</Layout>
</alto>