2424 4375
0 0 0 0 1772
351 527 86 39 “In
469 527 114 40 1933
616 539 29 29 a
676 529 300 48 manuscript
1008 540 59 28 on
1100 531 83 39 the
1216 530 189 47 subject
1441 530 65 50 [of
1538 531 392 48 merchandising
1962 532 51 39 of
2045 532 225 40 financial

281 584 320 49 institutions]
637 595 101 29 was
772 586 262 40 submitted
1071 590 47 37 to
1153 588 81 39 the
1270 586 248 41 Graduate
1554 587 162 40 school
1752 588 51 40 of
1834 588 119 40 Yale
1989 589 282 46 university.

281 640 102 40 The
411 642 301 47 manuscript
740 650 101 31 was
870 643 113 39 then
1015 643 236 40 reviewed
1280 644 60 47 by
1370 644 84 39 the
1481 644 166 39 writer
1676 646 97 38 and
1802 653 101 32 was
1933 644 103 41 also
2068 643 205 42 reduced

283 697 48 39 in
367 697 97 40 size
501 697 147 41 about
685 697 256 41 one-third.
1002 698 339 49 Commencing
1378 700 48 39 in
1465 699 276 51 December,
1778 700 128 49 1934,
1944 701 38 40 it
2022 711 100 30 was
280 702 1976 92 published
469 755 50 38 in
553 754 221 48 eighteen
809 754 308 41 instalments
1152 757 49 38 in
1235 756 81 41 the
1352 756 221 40 Bankers
1607 757 266 48 magazine.
1931 756 118 41 This
2083 758 190 40 volume

281 812 219 46 presents
534 811 133 40 these
698 812 321 47 instalments,
1051 812 223 40 modified
1308 816 48 37 to
1389 811 218 42 conform
1640 815 47 38 to
1719 813 208 48 changes
1961 813 156 42 which
2150 814 123 39 have

281 869 227 38 occurred
540 868 49 39 in
618 868 83 40 the
730 868 194 39 interim
955 867 402 49 period.”—Pref.

350 924 348 48 Bibliography
716 935 10 29 :
759 935 43 37 p.
833 922 215 43 373-378.

281 981 52 52 ©
357 985 119 47 Aug.
501 984 71 47 31,
597 983 140 48 1935;
765 988 66 37 2c.
859 985 116 39 Nov.
1002 985 81 45 25;
1114 984 81 40 aff.
1222 985 116 38 Nov.
1366 984 81 46 22;
1477 985 39 38 A
1544 983 169 49 89600;
1743 986 220 39 Bankers
1991 986 108 47 pub.
2127 996 66 29 co.

360 1041 279 47 (35-36712)

279 1109 221 66 Meyer,
529 1109 161 66 Otto,
721 1113 169 50 1896-

355 1186 479 68 “Rheumatism”,
888 1205 31 34 a
969 1187 229 52 treatise
1251 1186 336 69 explaining
1637 1186 96 53 the
1784 1186 373 68 relationship
2211 1187 62 52 of

284 1263 268 70 phlebitis
591 1269 58 49 to
688 1264 277 68 arthritis,
1002 1264 258 67 neuritis,
1299 1265 111 51 and
1449 1266 285 51 muscular
1772 1264 387 67 rheumatism,
2199 1265 72 67 by

283 1341 138 55 Otto
470 1342 214 69 Meyer,
732 1360 65 34 m.
846 1361 47 33 d.
967 1342 140 53 New
1158 1342 177 67 York,
1383 1342 184 53 Elliot
1614 1341 331 69 publishing
1995 1360 275 52 company

285 1453 12 34 [
304 1426 17 21 c
326 1423 134 50 1935
465 1453 13 34 ]

350 1494 50 39 xi
429 1504 59 38 p.,
519 1494 25 39 1
609 1525 8 16 l.,
648 1492 174 41 15-128
849 1504 42 37 p.
951 1493 128 40 illus.
1139 1492 55 40 21
1198 1495 44 21 cm
1246 1524 8 9 .

354 1549 344 50 Bibliography
716 1560 10 30 :
762 1560 43 38 p.
844 1549 246 51 [117]-123.

280 1603 52 51 ©
358 1607 100 40 Oct.
484 1608 70 44 15,
580 1606 140 47 1935;
747 1608 67 38 2c.
840 1607 96 39 and
961 1607 82 39 aff.
1071 1608 109 37 Dec.
1208 1606 51 46 G;
1289 1607 40 37 A
1356 1606 169 46 88550;
1557 1607 150 39 Elliot
1731 1608 108 46 pub.
1865 1618 66 28 co.

363 1663 279 48 (35-35700)

280 1732 432 64 Montgomery,
740 1733 63 53 T.
828 1734 65 53 T.

280 1805 1970 147 The growth of Oklahoma. (Rev. ed.) By Mr. T. T. Montgomery … Mrs. Lotta Mosier … Miss Imogene Bethel …
281 1960 318 54 Oklahoma
635 1960 150 69 City,
820 1961 141 56 Fort
986 1961 208 54 Worth
1234 1969 138 60 [etc.]
1411 1961 120 55 The
1566 1961 287 68 Economy
1887 1979 77 35 co.
2004 1995 12 34 [
2022 1969 18 20 c
2045 1963 151 66 1935]

415 2031 1233 51 xv, 349 p. incl. front., illus., ports., maps. 20 cm .
351 2089 326 47 “Interesting
723 2090 148 39 books
917 2090 79 40 for
1043 2091 116 44 boys
1208 2091 94 39 and
1352 2089 145 48 girls”
1549 2091 95 39 and
1692 2091 319 40 “References
2060 2091 78 39 for
2190 2089 82 42 the

280 2145 221 40 teacher”
520 2156 10 30 :
563 2157 43 37 p.
643 2146 112 49 [343]
775 2157 10 36 ;
818 2145 345 49 Bibliography
1182 2157 9 29 :
1225 2158 41 37 p.
1300 2147 99 39 344.

279 2201 53 53 ©
359 2208 127 46 Sept.
513 2207 68 45 11,
608 2205 140 41 1935;
775 2206 65 39 2c.
869 2207 95 38 and
990 2205 82 39 aff.
1101 2206 108 38 Dec.
1238 2205 52 46 9;
1320 2206 39 38 A
1386 2205 169 46 88584;
1586 2207 241 38 Economv
1855 2216 66 30 co.

359 2262 279 47 (35-35676)

281 2324 281 64 Moulton,
593 2326 209 51 Forest
831 2325 147 63 Ray,
1013 2328 167 49 1872-

353 2399 1917 69 Consider the heavens, by Forest Ray Moulton … Garden
282 2477 151 69 City,
460 2480 69 50 N.
558 2479 90 67 Y.,
675 2479 354 68 Doubleday,
1056 2479 194 51 Doran
1281 2480 45 50 &
1351 2497 297 49 company,
1674 2479 127 67 inc.,
1831 2481 150 50 1935.

350 2553 50 39 xi
428 2564 56 36 p.,
512 2554 24 38 1
600 2584 8 16 l.,
635 2553 85 40 332
745 2564 43 37 p.
843 2553 162 47 front.,
1035 2553 25 39 1
1088 2553 142 47 illus.,
1259 2553 169 47 plates,
1457 2555 164 46 ports.,
1648 2552 178 49 diagrs.
1882 2552 54 40 23½
1969 2555 44 21 cm
2018 2585 9 8 .

346 2609 161 41 “First
539 2608 225 42 edition.”

275 2662 57 52 ©
360 2666 117 40 Nov.
505 2666 70 47 22,
607 2665 112 41 1935
737 2677 9 36 ;
777 2665 66 41 2c.
874 2667 94 39 and
1000 2666 81 39 aff.
1111 2667 110 38 Dec.
1253 2665 27 39 6
1296 2676 9 36 ;
1337 2666 40 38 A
1408 2665 143 40 88515
1569 2676 8 29 :
1612 2665 51 40 F.
1695 2666 54 39 R.
1782 2666 230 47 Moulton,
2046 2665 221 49 Chicago.

359 2722 278 47 (35-35716)

281 2781 440 66 Niedermeyer,
753 2782 226 67 Albert,
1011 2786 171 50 1888-

412 2857 1856 70 … Pastoralmedizinische propädeutik, einführung in die
281 2938 278 67 geistigen
606 2937 358 68 grundlagen
1009 2937 100 52 der
1153 2936 527 69 pastoral-medizin
1725 2936 116 52 und
281 2936 1962 146 pastoral-hygiene.
534 3014 298 68 Salzburg,
865 3012 255 71 Leipzig,
1153 3015 71 52 A.
1259 3015 216 65 Pustet,
1512 3017 150 50 1935.

349 3088 84 46 xii,
465 3086 83 41 150
580 3098 43 38 p.
683 3086 59 40 22½
772 3090 44 20 cm
819 3119 9 8 .

351 3143 362 41 “Einführende
740 3142 256 42 literatur”
1014 3154 11 30 ;
1054 3155 43 37 p.
1124 3143 144 40 49-54
1287 3155 8 35 ;
1327 3143 306 41 “Literatur”
1651 3154 9 30 :
1688 3154 43 38 p.
1758 3142 158 41 91-92.

281 3197 51 52 ©
366 3202 126 38 June
526 3202 38 45 8,
599 3201 140 46 1935;
776 3202 66 38 1c.
879 3202 126 46 Sept.
1041 3201 51 39 3:
1130 3200 308 47 A-Foreign
1472 3199 169 48 29110;
1678 3201 178 47 Verlag
1889 3201 159 38 Anton
2084 3200 183 40 Pustet.

362 3258 279 47 (35-35704)

281 3319 255 64 Nissley,
566 3319 245 54 Charles
838 3319 256 55 Hebron.

353 3395 264 68 Starting
651 3398 156 64 early
844 3395 289 67 vegetable
1168 3397 111 50 and
1316 3394 291 68 flowering
1643 3396 190 66 plants
1869 3395 181 52 under
2085 3396 175 66 glass;

284 3474 295 66 including
625 3473 203 53 details
874 3473 63 51 of
982 3475 400 64 construction,
1426 3472 236 67 heating
1707 3473 111 52 and
1863 3472 294 67 operation
2201 3471 63 53 of

280 3551 165 53 small
479 3551 388 66 greenhouses,
900 3551 374 66 sash-houses,
1307 3550 254 66 hotbeds,
1595 3549 125 53 cold
1755 3549 229 67 frames,
2019 3555 119 59 etc.,
2173 3548 93 54 for

282 3627 1922 67 the amateur and commercial grower, by Charles H. Nissley …
282 3706 136 51 New
456 3705 179 65 York,
673 3705 230 66 Orange
937 3705 160 54 Judd
1134 3704 334 67 publishing
1503 3723 295 49 company,
1836 3705 134 61 inc.;
2009 3705 254 52 London.

282 3783 73 51 K.
383 3782 165 55 Paul,
574 3783 240 64 Trench,
838 3783 260 51 Trubner
1122 3786 45 48 &
1192 3800 97 46 co.,
1314 3782 102 52 ltd.
1450 3815 13 33 r
1468 3790 17 21 c
1491 3785 150 59 1935]

351 3853 96 46 xvi,
475 3852 88 40 302
586 3863 42 37 p.
688 3853 141 47 illus.,
857 3853 25 39 2
975 3883 9 17 pl.,
1014 3854 172 40 double
1210 3854 153 46 plans,
1393 3852 176 48 diagrs.
1630 3852 53 40 23½
1718 3855 42 20 cm
1765 3884 8 8 .

353 3907 235 41 “Revised
621 3908 183 40 edition
836 3909 279 47 November,
1147 3908 158 41 1935.”

283 3960 52 52 ©
360 3965 115 37 Nov.
505 3963 70 48 21,
604 3962 139 49 1935;
773 3965 68 39 2c.
871 3966 115 39 Nov.
1017 3965 82 47 27;
1130 3964 81 41 aff.
1242 3966 117 38 Nov.
1389 3965 80 46 26;
1503 3965 39 38 A
1573 3965 137 38 88391
1733 3975 9 30 :
1776 3965 188 45 Orange
1995 3965 128 38 Judd
2154 3962 106 48 pub.

351 4031 80 37 co.,
460 4020 90 40 inc.
620 4020 278 48 (35-35670)
