2424 4375
1258 4100 135 49 1454

355 541 246 67 dungen,
642 545 98 49 139
781 541 453 68 tarifbeispielen
1273 547 118 51 und
1432 546 153 52 einer
1623 545 718 70 kursumrechnungstafel.

354 617 216 67 Berlin,
598 620 55 54 J.
686 617 296 70 Springer,
1014 624 149 50 1935.

424 689 101 50 viii,
555 691 88 41 318
671 702 44 37 p.
773 691 118 42 fold,
923 692 111 49 tab.,
1065 692 177 48 diagrs.
1302 692 56 42 23½cm.

427 761 677 42 “Fachschriftennachweis”:
1170 774 43 37 p.
1252 762 248 50 [286]-302.

426 817 433 50 “Berichtigung”:
892 818 94 49 slip
1016 819 230 40 attached
1277 821 48 38 to
1356 831 42 37 p.
1433 839 55 31 [1]

353 886 1802 55 © Mar. 19, 1935; 1c. Sept. 3; A-Foreign 29090; Julius Springer.
433 946 279 50 (35-20103)

351 1050 199 64 Small,
580 1049 236 54 Miriam
849 1049 287 56 Rossiter.

425 1126 297 55 Charlotte
762 1129 249 66 Ramsay
1051 1128 253 67 Lennox,
1346 1146 72 37 an
1460 1128 327 68 eighteenth
1827 1135 235 62 century

2104 1131 136 67 lady
2281 1132 62 53 of

351 1203 1966 148 letters, by Miriam Rossiter Small … New Haven, Yale university
603 1300 186 51 press;
829 1283 257 68 London,
1123 1284 78 53 H.
1238 1282 266 69 Milford,
1545 1283 230 55 Oxford
1813 1284 318 69 university
2168 1304 173 50 press,

353 1366 150 50 1935.

421 1433 1267 49 iv p., 2 l., 268 p. plates, port., facsims. 24cm.
422 1504 350 49 Bibliography:
829 1514 43 39 p.
899 1503 218 42 248-264.

349 1573 52 53 ©
427 1578 99 39 Oct.
555 1578 68 47 11,
650 1575 118 41 1935;
819 1576 66 39 2c.
914 1576 96 39 and
1035 1575 82 40 aff.
1147 1574 101 41 Oct.
1276 1576 56 39 17;
1387 1575 40 39 A
1454 1574 146 41 86820;
1653 1576 62 39 M.
1745 1575 52 39 R.
1832 1575 163 47 Small,
2022 1575 318 50 Canterbury,

420 1634 146 39 Conn.
637 1631 278 49 (35-20691)

349 1734 215 65 Smith,
592 1736 205 52 James
822 1734 290 65 Fletcher,
1142 1735 170 55 1897-

479 1809 1854 68 … H. M. S. Pinafore; or, The lass that loved a sailor;
345 1889 249 68 adapted
626 1888 153 53 from
809 1886 224 56 Gilbert
1063 1888 45 50 &
1140 1887 264 55 Sullivan
1436 1887 74 69 by
1543 1887 55 55 J.
1630 1886 263 54 Fletcher
1927 1887 218 69 Smith;

344 1887 1968 133 illustrated
570 1967 75 69 by
685 1965 288 56 Griswold
1012 1966 185 68 Tyng.
1275 1966 235 67 Boston,
1549 1965 66 53 L.
1656 1963 63 56 C.
1761 1966 157 68 Page
1957 1967 48 51 &
2040 1983 295 52 company,

345 2047 150 52 1935.

417 2116 63 48 ix,
534 2117 87 41 106
671 2127 43 38 p.
767 2116 108 41 incl.
927 2116 142 47 illus.,
1120 2116 173 48 plates.
1346 2114 117 42 20cm.
1554 2114 209 50 (Stories
1816 2115 129 41 from
2000 2115 186 43 Gilbert
2241 2117 91 39 and

349 2172 244 51 Sullivan)

415 2244 289 42 Illustrated
732 2247 98 46 t.-p.
862 2245 95 39 and
988 2243 361 49 lining-papers.

414 2301 162 42 “First
605 2302 300 48 impression,
936 2300 291 49 September,
1256 2299 158 42 1935.”

346 2371 52 53 ©
429 2376 128 47 Sept.
584 2375 68 46 16,
682 2373 118 42 1935;
852 2374 67 41 2c.
950 2375 127 48 Sept.
1106 2374 59 40 27;
1219 2374 82 40 aff.
1334 2375 127 48 Sept.
1490 2374 58 40 26;
1604 2375 40 38 A
1672 2374 143 41 86471;
1874 2375 49 39 L.
1956 2375 48 41 C.
2036 2376 130 46 Page
2189 2375 38 40 &
2252 2383 80 40 co.,

414 2432 90 40 inc.
576 2431 279 48 (35-20133)

345 2535 300 66 Spalding,
671 2535 223 55 Walter
923 2535 326 64 Raymond,
1280 2540 171 50 1865-

412 2611 184 53 Music
633 2617 58 47 at
725 2611 303 66 Harvard;
1068 2629 30 34 a
1136 2610 294 53 historical
1466 2609 205 55 review
1708 2609 66 53 of
1809 2629 128 34 men
1975 2611 112 53 and
2124 2616 203 61 events,

341 2686 1961 147 by Walter Raymond Spalding … New York, Coward-McCann, inc., 1935.
412 2835 1826 52 xiv p., 1 l., 310 p. front., illus., plates, ports., facsims. (music) 21½cm.
413 2908 226 41 Includes
665 2908 167 41 music.

343 2977 53 52 ©
422 2982 99 39 Oct.
576 2981 39 43 10,
642 2981 115 40 1935;
810 2980 67 40 2c.
904 2981 102 39 Oct.
1033 2980 54 39 16;
1143 2979 82 40 aff.
1254 2980 101 39 Oct.
1383 2979 58 40 15;
1493 2979 41 39 A
1560 2978 146 42 86819;
1759 2979 452 47 Coward-McCann,
2239 2979 83 39 inc.

423 3037 278 48 (35-20135)

343 3141 285 64 Sprague,
654 3140 233 53 Arthur
915 3140 198 63 Colby.

415 3215 387 68 Shakespeare
837 3217 110 51 and
983 3217 94 51 the
1113 3216 294 65 audience;
1446 3235 30 33 a
1511 3216 171 66 study
1714 3215 59 52 in
1806 3215 96 54 the
1936 3216 292 66 technique
2261 3211 59 54 of

344 3292 335 69 exposition,
730 3294 73 67 by
854 3293 224 52 Arthur
1128 3293 183 67 Colby
1363 3293 275 67 Sprague.
1728 3292 359 68 Cambridge,
2138 3294 179 61 Mass.,

341 3372 275 52 Harvard
646 3370 314 69 university
991 3389 174 50 press,
1199 3374 148 49 1935.

412 3444 65 48 xi,
503 3443 88 42 327
617 3454 43 38 p.
720 3443 116 41 20cm.

342 3512 52 51 ©
422 3516 101 39 Oct.
549 3516 40 44 7,
616 3515 140 40 1935;
784 3514 66 40 2c.
879 3515 99 39 Oct.
1007 3515 81 45 11;
1119 3512 80 41 aff.
1230 3514 100 39 Oct.
1358 3512 81 46 10;
1469 3513 42 38 A
1537 3512 142 39 87665;
1738 3510 253 41 President
2019 3512 94 39 and
2137 3510 181 40 fellows

411 3571 51 39 of
492 3572 228 39 Harvard
751 3571 191 47 college,
974 3569 300 47 Cambridge,
1306 3569 145 40 Mass.
1521 3567 278 50 (35-20692)

342 3672 261 65 Stanley,
631 3672 257 53 Thomas
912 3672 222 63 Blaine,
1164 3677 171 49 1884-

410 3752 55 51 A
490 3753 231 50 manual
749 3750 62 52 of
839 3749 352 67 advertising
1217 3748 367 68 typography;
1642 3767 31 33 a
1700 3747 381 53 combination
2106 3759 205 39 source-

339 3825 143 53 book
514 3827 112 51 and
656 3824 327 52 work-book
1015 3825 91 51 for
1139 3824 271 66 students,
1441 3823 298 66 including
1769 3828 94 46 ten
1897 3820 281 67 full-page
2209 3814 102 54 and

340 3919 162 35 seven
531 3902 225 52 smaller
784 3900 213 67 charts;
1027 3901 140 53 with
1194 3898 421 69 bibliography,
1643 3898 350 68 suggestions
2021 3897 91 51 for
2139 3892 174 66 study,

342 3978 112 52 and
490 3995 165 50 space
695 3978 92 51 for
824 3983 175 63 notes,
1036 3979 239 65 layouts,
1315 3976 273 53 solutions
1627 3975 63 52 of
1730 3974 259 65 assigned
2028 3972 285 70 problems,
