2568 4342
1186 4056 64 49 39

306 494 72 40 On
413 504 140 30 cover:
616 496 134 39 With
785 506 27 30 a
846 496 244 40 foreword
1123 497 308 40 contributed
1465 499 61 46 by
1558 499 119 39 Noel
1714 498 205 41 Coward
1954 500 97 39 and
2088 498 48 42 C.
2173 500 55 40 B.

241 550 232 50 Cochran,
501 553 97 39 and
624 563 27 29 a
679 553 259 40 broadcast
966 554 62 47 by
1054 553 183 48 George
1263 553 171 42 Arliss.

305 608 69 40 “A
409 609 97 40 few
545 610 225 47 personal
805 611 257 39 anecdotes
1099 612 95 38 and
1233 612 139 39 other
1407 611 188 48 stories,
1633 612 60 47 by
1731 613 55 38 R.
1825 613 60 39 H.
1924 613 272 47 Douglass”:

238 676 42 36 p.
308 664 216 42 126-144.

232 718 1995 57 © 1c. Jan. 4, 1935; A ad int. 19827; pubd. Dec. 5, 1934; A. Douglass,
301 780 119 40 New
446 781 252 47 Brighton,
731 781 235 47 England.
1037 781 251 49 (35-1073)

234 881 422 65 Encyclopedic
689 884 187 68 digest
907 885 64 53 of
1004 883 239 54 Florida
1275 890 252 62 reports;
1561 885 172 68 being
1763 905 31 34 a
1828 887 279 68 complete

301 905 1905 123 encyclopedia
655 963 113 51 and
794 962 189 68 digest
1006 963 62 53 of
1095 965 78 52 all
1197 963 99 53 the
1319 963 239 53 Florida
1584 983 124 35 case
1732 966 109 51 law
1869 965 113 53 and
2007 965 224 52 federal

300 1039 275 54 decisions
601 1040 249 69 relating
873 1047 58 48 to
957 1042 94 53 the
1077 1042 138 54 laws
1241 1041 64 54 of
1327 1043 99 52 the
1449 1048 162 61 state,
1635 1043 182 54 under
1842 1044 94 52 the
1961 1043 268 54 editorial

297 1120 356 67 supervision
677 1120 63 53 of
762 1122 71 51 A.
858 1121 253 52 Hewson
1129 1120 216 53 Michie
1368 1122 113 51 and
1505 1122 210 52 Beirne
1739 1122 292 57 Stedman.

298 1124 1906 126 Volume
463 1216 89 35 XV.
599 1198 264 67 [General
901 1199 189 66 index]
1171 1198 482 68 Charlottesville,
1690 1201 126 66 Va.,
1854 1201 124 54 The
2013 1200 216 54 Michie

295 1291 279 52 company;
630 1278 263 66 Atlanta,
920 1278 123 66 Ga.,
1069 1277 123 54 The
1216 1278 287 53 Harrison
1529 1297 280 48 company
1842 1282 192 63 [c1934]

295 1348 521 50 2 p. l., 500 p. 24cm.
300 1406 1930 51 1934 supplement, vol. xv (5 p.) inserted in pocket at back of the
228 1464 201 41 volume.

230 1516 53 53 ©
320 1522 111 39 Dec.
468 1522 69 46 31,
575 1521 115 40 1934;
754 1520 66 41 2c.
859 1522 97 39 and
992 1520 81 41 aff.
1112 1522 108 39 Jan.
1259 1522 40 46 2,
1337 1522 115 40 1935;
1519 1522 41 39 A
1596 1520 144 42 77961;
1810 1521 180 42 Michie
2023 1533 68 30 co.
2130 1523 97 40 and

294 1578 243 40 Harrison
563 1589 65 29 co.

226 1680 359 64 Ergebnisse
626 1682 100 53 der
763 1684 235 51 inneren
1038 1681 246 54 medizin
1325 1682 119 52 und
1481 1682 518 53 kinderheilkunde;
2068 1683 156 66 hrsg.

294 1778 109 35 von
431 1759 71 54 A.
534 1760 237 68 Czerny,
801 1762 64 51 F.
894 1762 211 66 Kraus,
1133 1762 96 52 Fr.
1258 1762 213 51 Müller
1505 1779 71 48 tu.
1606 1779 48 34 a.
1682 1780 92 47 m.]
1809 1760 278 68 redigiert
2113 1778 110 34 von

291 1837 1909 148 M. V. Pfaundler … A. Schittenhelm … 47. bd. Mit 199 abbildungen. Berlin, J. Springer, 1934.
293 1989 1413 50 2 p. l., 710 p. illus. (part col.) tables, diagrs;. 26cm.
294 2047 232 41 Contains
556 2047 391 49 bibliographies.

227 2100 50 52 ©
310 2106 125 47 Sept.
466 2105 69 48 28,
565 2104 140 41 1934;
792 2134 8 8 1c.
831 2106 108 39 Jan.
969 2104 69 48 21,
1069 2103 141 47 1935;
1241 2105 102 38 A-
1345 2103 208 48 Foreign
1581 2103 170 47 26705;
1785 2104 163 39 Julius
1980 2101 243 50 Springer.

223 2225 217 64 Evans,
471 2225 204 54 James
705 2223 245 66 Gilbert,
979 2224 73 66 jr.

291 2302 170 52 Basic
504 2301 310 53 economics
857 2302 61 52 in
964 2321 31 34 a
1037 2300 345 54 democratic
1422 2300 213 66 society
1675 2300 170 66 using
1889 2318 31 34 a
1963 2299 262 53 machine

221 2378 357 68 technology,
618 2379 76 66 by
735 2379 194 54 James
973 2377 228 56 Gilbert
1241 2378 214 66 Evans,
1495 2377 72 67 jr.
1646 2376 222 69 Chapel
1911 2377 148 67 Hill,
2100 2377 124 53 The

221 2455 336 68 University
587 2456 63 53 of
679 2456 188 53 North
900 2454 273 56 Carolina
1202 2474 176 48 press,
1410 2459 152 49 1934.

290 2528 863 52 5 p. l., [3]-139 p. diagrs. 22cm.
226 2582 54 52 ©
304 2587 114 39 Nov.
450 2587 70 47 28,
550 2586 117 40 1934;
724 2586 65 40 2c.
821 2587 111 38 Dec.
963 2586 55 39 17;
1078 2584 80 41 aff.
1191 2585 108 39 Jan.
1332 2585 68 46 11,
1431 2584 113 41 1935;
1604 2584 41 40 A
1676 2582 144 43 79209;
1882 2585 42 39 J.
1958 2585 52 40 G.
2043 2586 177 47 Evans,

289 2644 74 48 jr.,
397 2644 181 48 Chapel
610 2644 117 46 Hill,
759 2644 55 38 N.
849 2643 48 40 C.
969 2642 251 49 (35-1221)

222 2747 272 66 Forman,
522 2748 236 55 Samuel
786 2747 202 64 Eagle,
1019 2752 170 49 1858-

291 2822 124 56 Our
450 2823 285 68 republic;
777 2842 31 33 a
846 2822 155 54 brief
1037 2822 224 69 history
1298 2821 65 54 of
1399 2822 97 53 the
1535 2820 310 54 American
1884 2821 221 69 people,
2142 2820 78 71 by

224 2898 1992 69 S. E. Forman … Rev. ed. New York, London, D. Appleton-
223 2976 253 72 Century
505 2996 298 51 company,
834 2977 401 68 incorporated
1290 2979 176 64 [c1935]

290 3052 95 47 xvi,
410 3052 86 40 947
516 3062 46 37 p.
615 3061 137 38 maps
780 3051 136 48 (part
940 3051 143 47 fold.)
1120 3049 180 47 diagrs.
1355 3048 145 42 21½cm.

299 3108 68 39 “A
402 3109 202 47 reading
637 3107 112 42 list”:
815 3118 45 37 p.
896 3106 204 42 906-908;
1165 3105 339 48 bibliography
1541 3107 53 39 at
1629 3107 93 39 end
1759 3106 51 39 of
1847 3107 118 38 each
2004 3104 214 49 chapter.

226 3162 52 52 ©
308 3168 109 39 Jan.
449 3166 39 49 2,
521 3167 140 48 1935;
696 3166 67 41 2c.
797 3167 107 40 Jan.
938 3167 51 46 5;
1026 3165 79 41 aff.
1141 3166 109 39 Jan.
1283 3166 25 39 7;
1370 3166 42 38 A
1444 3164 170 47 79079;
1651 3166 56 38 D.
1742 3164 478 49 Appleton-Century

290 3234 81 38 co.,
407 3224 89 42 inc.
567 3222 221 51 (35-910)

222 3327 118 53 The
371 3327 401 64 Fortnightly,
845 3345 89 34 no.
968 3330 118 60 818,
1114 3345 123 34 new
1266 3326 185 52 series.
1527 3325 313 66 February,
1873 3327 150 50 1935.

226 3396 1991 53 © 1c. Feb. 9, 1935; A ad int. 19946; pubd. Feb. 1; Fortnightly review,
290 3459 100 47 ltd.,
419 3459 210 39 London.

224 3546 224 67 Foster,
474 3549 132 65 Jay,
634 3566 178 48 comp.

292 3619 1924 74 Daily clover, by Jay Foster … Chicago, Ill., The Order of
223 3700 368 57 bookfellows
627 3707 191 64 [c1934]

295 3775 85 40 392
406 3787 42 37 p.
507 3775 146 42 23½cm.

299 3832 127 40 “The
464 3833 280 48 quotations
783 3832 51 39 of
872 3841 153 39 prose,
1069 3832 169 46 poetry
1279 3831 94 39 and
1415 3840 178 37 prayer
1630 3829 124 38 have
1792 3827 118 39 been
1951 3827 176 39 chosen
2167 3828 46 38 to

227 3896 140 39 carry
395 3890 96 41 out.
521 3901 53 28 or
603 3888 219 48 amplifv,
854 3889 81 40 the
965 3888 127 46 topic
1124 3888 254 44 suggested
1410 3887 60 46 by
1501 3887 82 38 the
1617 3885 249 47 Scripture
1895 3882 181 41 verse.”

227 3941 52 51 ©
310 3947 111 39 Dec.
451 3948 68 45 31,
551 3946 139 47 1934;
724 3947 54 39 2c.
822 3947 96 39 and
949 3945 79 41 aff.
1061 3946 109 39 Jan.
1202 3944 68 48 10,
1303 3944 140 47 1935;
1477 3945 41 38 A
1548 3941 170 48 78955;
1754 3942 42 40 J.
1830 3941 186 47 Foster,
2049 3940 168 40 Floral

293 4003 141 47 Park,
459 4004 55 38 N.
537 4005 53 38 Y.
662 4003 250 49 (35-1075)
