2424 4375
1047 4033 101 55 779

459 477 207 40 CONTENTS.—Latin
703 477 209 41 editions
952 476 249 48 including
1240 475 157 49 Opera
1436 475 422 41 omnia.—Italian
114 475 1969 105 translations,

282 532 536 48 1585-1930.—English
850 533 332 46 translations,
1213 532 524 40 1686-1934.—French
1768 531 333 47 translations,

114 587 542 42 1753-1872.—German
684 590 333 47 translations,
1048 587 491 42 1827-1907.—Other
115 587 1972 106 translations.—Biography

295 647 94 38 and
417 645 246 41 criticism.

119 701 50 52 ©
194 706 113 46 May
332 704 68 44 28,
428 704 138 47 1935;
596 704 68 40 2c.
692 704 125 39 June
844 706 27 38 7
886 715 9 36 ;
927 704 82 40 aff.
1037 705 126 40 June
1190 705 52 46 6;
1272 704 41 39 A
1341 704 169 47 84131;
1541 705 121 39 Yale
1687 702 128 41 univ.
1845 713 147 39 press.

198 761 246 48 (35-8555)

115 864 174 64 Bean,
320 864 219 54 Robert
569 866 277 62 Bennett,
879 866 169 54 1874-

186 942 118 52 The
337 960 152 35 races
521 942 62 52 of
613 962 161 47 man;
809 941 449 56 differentiation
1292 944 111 52 and
1438 941 277 69 dispersal
1749 943 64 51 of
1846 962 147 44 man,
2028 944 68 62 by

118 1019 1982 69 Robert Bennett Bean … New York, The University society,
118 1098 392 69 incorporated
547 1103 171 64 [1935]

188 1171 60 47 iv,
287 1169 70 51 [2],
392 1171 84 40 134
510 1181 43 37 p.
613 1172 128 40 illus.
771 1171 130 48 (incl.
938 1174 136 45 port.,
1111 1171 161 48 maps)
1316 1170 178 49 diagrs.
1554 1171 55 40 23
1612 1174 15 20 cm
1660 1200 9 9 .

1738 1171 125 48 (The
119 1172 1967 103 University
241 1227 149 41 series
407 1237 10 37 ;
447 1228 268 48 highlights
745 1229 52 39 of
824 1230 197 38 modern
1050 1228 294 48 knowledge.
1406 1229 226 46 Physical
1662 1229 348 47 anthropology)

188 1285 159 40 “First
377 1287 138 39 trade
546 1285 182 41 edition
757 1286 156 41 1935.”

189 1341 338 48 “Suggestions
554 1341 79 41 for
659 1342 196 41 further
882 1342 228 48 reading”
1129 1353 10 30 :
1169 1354 42 37 p.
1241 1342 216 40 121-122.

117 1394 51 53 ©
195 1400 111 47 Apr.
338 1400 39 46 9,
407 1399 139 47 1935;
580 1400 65 40 2c.
680 1401 124 39 June
835 1401 52 45 4;
921 1400 81 39 aff.
1037 1402 124 39 June
1194 1401 52 45 5;
1280 1401 41 39 A
1353 1399 169 48 84092;
1557 1399 281 49 University
1872 1411 79 29 soc.,
2011 1400 90 40 inc.

192 1456 247 49 (35-8574)

118 1558 146 66 Berl,
296 1559 365 65 Emmanuel,
695 1566 170 49 1892-

245 1633 1614 70 … Discours aux Français. Paris, Gallimard [ c 1934]
185 1709 25 38 2
233 1721 40 36 p.
336 1741 8 15 l.,
370 1709 143 40 7-209
538 1720 57 38 p.,
620 1710 30 38 2
692 1741 8 9 l.
756 1708 54 41 19
812 1712 45 21 cm
862 1741 8 8 .

445 1766 151 40 CONTENTS.—Les
622 1765 227 41 fatalités
873 1765 523 43 nationales.—Vieille
1414 1766 185 41 France
1617 1769 47 38 et
1681 1766 145 48 jeune
1845 1765 260 41 France.—

117 1824 176 47 Agonie
322 1823 63 40 du
412 1821 324 50 régime.—La
765 1823 185 41 France
979 1834 57 29 en
1065 1823 142 48 quête
1234 1825 57 38 de
1320 1823 362 48 justifications.

117 1876 1876 53 © Jan. 5, 1935; 1c. Apr. 16; A- Foreign 27570; Librairie Gallimard.
192 1937 246 48 (35-8604)

117 2039 304 69 Bertrand,
450 2040 198 66 Louis,
681 2046 172 50 1866-

113 2108 1959 154 … Espagne; aquarelles de Bouillière. Paris, Éditions Alpina [1934]
181 2267 1240 51 159, [1] p. incl. front., illus. col. plates. 25 cm .
180 2323 161 41 Plates
368 2324 338 47 accompanied
734 2324 60 47 by
823 2326 154 46 guard
1007 2325 161 40 sheets
1196 2323 119 40 with
1345 2324 292 48 descriptive
1665 2325 296 47 letterpress.

117 2386 1793 54 © Jan. 15, 1935; 1c. Apr. 16; A-Foreign 27612; Éditions Alpina.
196 2446 246 48 (35-8637)

120 2547 303 68 Bjerknes,
505 2549 195 54 Vilhelm
730 2550 238 53 Friman
996 2552 215 65 Koren,
1240 2556 171 50 1862-

245 2629 1620 68 … Hydrodynamique physique avec applications a la
122 2630 1950 144 météorologie dynamique, par V . Bjerknes … J. Bjerknes … H.
123 2707 1974 144 Solberg … [et] T. Bergeron … Paris, Les Presses universitaires
122 2861 64 52 de
211 2863 230 66 France,
470 2865 149 51 1934.

183 2934 25 40 3
275 2967 8 8 v.
349 2936 125 39 illus.
505 2936 131 47 (incl.
676 2937 203 46 charts.)
925 2936 177 46 diagrs.
1168 2935 55 39 24½
1256 2938 44 21 cm
1304 2966 8 9 .
1391 2937 220 48 (Recueil
1650 2938 83 39 des
1773 2936 324 41 conférences-

120 2995 219 44 rapports
361 2994 57 39 de
444 2992 392 41 documentation
864 3003 86 29 sur
971 2994 46 38 la
1046 2992 249 48 physique,
1351 3004 39 28 v.
1420 2993 54 40 23)

186 3049 156 47 Paged
370 3049 349 48 continuously.

187 3105 388 49 “Bibliographie
601 3110 50 36 et
673 3106 292 39 indications
992 3104 322 49 historiques”
1334 3117 8 28 :
1371 3118 41 27 v.
1439 3107 40 39 3.
1507 3117 42 36 p.
1595 3104 132 42 [839]-850.

120 3157 1850 54 © May 15, 1934; 1c. each Apr. 16, 1935; A- Foreign 27631; Presses
184 3162 1896 98 universitaires
496 3221 56 39 de
584 3220 197 39 France.
853 3219 61 47 (A
933 3219 33 40 C
985 3219 226 47 34-1731)

120 3305 229 66 Blanck,
379 3310 335 52 Alexander
741 3310 63 54 P.

187 3385 183 53 Foods
406 3387 111 52 and
550 3387 95 52 the
679 3386 137 64 law;
855 3405 30 33 a
920 3389 229 51 manual
1184 3385 93 55 for
1311 3388 96 50 the
1438 3385 252 55 business
1725 3406 129 35 man
1892 3406 70 33 on
1999 3390 95 52 the

124 3460 128 55 laws
289 3464 62 51 of
389 3465 94 51 the
522 3464 213 54 United
778 3464 186 55 States
1001 3463 140 52 with
1180 3464 283 52 reference,
1502 3470 56 47 to
1599 3464 165 54 foods
1804 3469 110 50 and
1959 3466 128 52 food

123 3539 1968 71 products, by Alexander P. Blanck … with an introduction by
123 3616 1639 70 Arthur P. Williams … New Ybrk, P. Smith, 1935.
188 3688 884 51 2 p. l., ix p., 1 l., 13-246 p. 20 cm .
191 3745 219 42 Includes
443 3748 130 39 Food
608 3748 94 39 and
737 3749 145 46 drugs
918 3750 76 37 act
1029 3758 54 29 as
1120 3748 232 40 amended
1387 3750 48 37 to
1471 3749 138 44 date;
1646 3749 150 41 Rules
1832 3751 93 39 and
125 3761 1951 80 regulations
322 3803 51 39 of
399 3803 81 39 the

510 3804 56 39 U.
598 3805 44 39 S.
672 3805 126 45 Dept.
842 3804 51 38 of
922 3804 310 46 agriculture,
1265 3805 129 39 Food
1424 3806 94 37 and
1548 3806 122 46 drug
1698 3806 393 40 administration

125 3857 90 38 and
241 3857 49 40 of
316 3859 82 39 the
423 3859 55 40 U.
507 3860 44 40 S.
579 3861 127 45 Dept.
748 3860 51 39 of
825 3859 309 46 agriculture.
1164 3861 192 38 Bureau
1388 3860 52 40 of
1466 3860 319 47 agricultural
1814 3862 278 43 economics.

124 3908 50 52 ©
198 3915 110 47 May
330 3916 67 47 27,
423 3915 112 42 1935
554 3927 8 36 ;
589 3917 70 39 2c.
685 3918 94 39 and
810 3917 80 39 aff.
919 3918 128 39 June
1069 3918 25 39 3
1113 3928 9 35 ;
1152 3918 40 38 A
1218 3917 143 41 84057
1379 3928 8 36 ;
1419 3919 52 38 A.
1501 3919 48 38 P.
1580 3919 199 49 Blanck,
1805 3920 117 39 New
1950 3921 142 39 York.

198 3970 243 51 (35-8560)
