2424 4375
1213 4029 136 50 1640

315 396 373 68 [Thompson,
719 399 212 53 Louise
961 398 185 54 Glenn]
1202 403 170 51 1903-

378 474 187 56 Guide
595 482 60 46 to
682 474 156 54 child
867 475 257 69 activity,
1155 476 94 53 for
1274 476 253 55 teachers
1557 477 112 52 and
1696 477 267 69 mothers,
1992 482 57 48 to
2078 478 65 55 be
2173 481 134 52 used

307 551 1976 148 with My first Bible lessons … Nashville, Tenn., Gospel advocate company [1935]
376 704 89 41 256
494 715 43 38 p.
596 704 118 42 20cm.

378 762 74 47 By
477 760 177 42 Louise
678 761 51 41 G.
759 762 276 47 Thompson.
1104 762 61 48 cf.
1192 772 42 38 p.
1261 760 100 43 185.

380 819 166 47 Songs,
576 817 120 41 with
723 817 152 42 music
893 829 9 30 :
929 829 43 38 p.
1006 818 265 50 [189]-[198]

310 882 53 55 ©
391 888 128 48 Sept.
543 888 70 47 27,
639 887 117 42 1935;
807 888 66 41 2c.
901 889 96 39 and
1023 888 82 40 aff.
1136 889 127 48 Sept.
1290 888 59 41 30;
1401 889 40 39 A
1468 890 144 39 87344;
1670 889 174 49 Gospel
1871 890 237 42 advocate
2133 902 66 30 co.

388 944 281 49 (35-25806)

304 1045 357 68 Tomlinson,
693 1048 206 64 Henry
926 1047 215 65 Major,
1176 1048 172 55 1873-

375 1125 159 53 Mars
565 1124 91 55 his
689 1122 163 70 idiot,
887 1125 73 66 by
993 1125 75 53 H.
1103 1125 80 55 M.
1218 1125 347 53 Tomlinson.
1642 1124 136 55 New
1816 1125 159 52 York
2012 1125 112 53 and
305 1126 1976 143 London,
461 1201 232 68 Harper
720 1204 50 52 &
799 1202 272 65 brothers,
1102 1204 149 50 1935.

373 1279 690 51 4 p. l., 230 p., 1 l. 22½cm.
376 1338 163 40 “First
571 1338 228 40 edition.”

307 1407 52 53 ©
389 1412 118 40 Nov.
539 1413 69 46 15,
642 1411 115 42 1935;
817 1412 66 40 2c.
916 1412 119 40 Nov.
1068 1413 55 38 14;
1186 1412 82 40 aff.
1303 1413 111 39 Dec.
1449 1412 28 40 6;
1537 1413 43 39 A
1611 1412 142 41 89437;
1818 1414 61 39 H.
1914 1414 60 39 M.
2010 1414 292 47 Tomlinson,

379 1469 72 40 So.
477 1469 236 48 Croydon,
742 1470 193 47 Surrey,
960 1470 236 47 England.
1267 1469 281 48 (35-27428)

303 1572 288 66 Toulmin,
623 1575 201 63 Harry
854 1574 261 64 Aubrey,
1147 1578 172 49 1890-

371 1647 1832 71 With Pershing in Mexico, by Colonel H. A. Toulmin, jr. …
301 1725 1885 71 with a foreword by Major General Benson W. Hough …
306 1804 394 70 [Harrisburg,
731 1805 120 67 Pa.]
889 1805 120 54 The
1041 1802 265 71 Military
1338 1804 209 54 service
1580 1804 336 69 publishing
1948 1823 96 51 co.,
2080 1809 151 51 1935.

369 1883 99 48 xix,
499 1883 99 48 142,
630 1884 55 49 [2]
715 1893 43 38 p.
787 1883 108 40 incl.
925 1883 135 40 front.
1104 1883 172 49 (port.)
1313 1883 128 40 illus.
1502 1883 116 41 21cm.

371 1941 140 47 Maps
539 1951 61 29 on
628 1940 363 48 lining-papers.

371 1997 365 41 “Illustrations
772 1998 61 47 by
868 1997 155 41 Alden
1058 1995 230 43 Turner.”

371 2053 162 41 “First
563 2051 228 43 edition.”

369 2110 377 48 Bibliography:
795 2109 27 40 [2]
871 2120 44 38 p.
948 2112 53 38 at
1032 2109 105 42 end.

303 2180 52 53 ©
383 2185 119 39 Nov.
529 2183 40 47 2,
599 2181 140 48 1935;
771 2183 67 40 2c.
867 2183 117 39 Nov.
1015 2181 53 48 9;
1101 2182 82 40 aff.
1213 2183 117 39 Nov.
1363 2183 52 45 8;
1448 2182 42 40 A
1519 2181 170 49 89248;
1722 2183 222 48 Military
1974 2184 183 42 service
2188 2186 106 48 pub.

354 2248 67 30 co.
493 2237 280 50 (35-25827)

297 2344 400 64 Trade-ways,
725 2343 111 54 inc.

367 2423 268 66 Koppers
669 2426 176 48 stores
878 2423 142 50 sales
1054 2419 250 60 manual,
1339 2421 282 66 prepared
1655 2421 73 67 by
1763 2421 388 68 Trade-ways,
2185 2423 106 52 inc.

303 2500 379 67 [Pittsburgh,
710 2502 121 64 Pa.,
859 2501 173 64 c1934]

368 2577 772 51 3 p. l., 226, V p. illus. 24cm.
300 2647 52 53 ©
388 2652 118 38 Nov.
544 2651 40 46 5,
621 2649 140 47 1934;
799 2649 67 39 2c.
904 2650 95 38 and
1036 2647 81 41 aff.
1156 2649 118 39 Nov.
1313 2649 80 45 17;
1434 2649 42 38 A
1512 2648 170 47 78168;
1723 2649 219 48 Koppers
1980 2651 170 46 stores,
2188 2649 102 48 inc.,

370 2707 299 46 Pittsburgh.

294 2825 202 62 Trent,
527 2821 199 64 Lucia,
759 2822 170 55 1897-

367 2897 193 56 Sierra
592 2898 321 53 Dreamers’
944 2899 191 67 house,
1168 2916 157 35 more
1356 2916 168 50 songs
1559 2897 153 53 from
1743 2897 321 54 Dreamers’
2100 2898 186 65 house,

297 2975 74 69 by
424 2977 177 52 Lucia
657 2977 178 52 Trent
889 2977 113 52 and
1056 2976 195 68 Ralph
1308 2973 285 72 Cheyney.
1685 2975 425 69 Philadelphia,
2166 2976 119 66 Pa.,

295 3053 213 70 Poetry
536 3053 321 69 publishers
909 3056 176 64 [c1935]

364 3132 70 47 46,
470 3135 54 48 [2]
559 3144 43 37 p.
662 3143 62 38 pl.
783 3134 145 40 21½cm.

368 3190 150 40 “This
542 3191 41 39 is
609 3200 117 37 copy
753 3190 200 40 number
976 3190 56 40 92
1056 3189 53 41 of
1132 3200 27 29 a
1185 3188 178 49 special
1390 3188 261 41 numbered
1679 3189 108 41 first
1814 3189 183 41 edition
2024 3190 184 40 limited
2237 3192 46 36 to

296 3256 88 30 one
410 3248 220 39 hundred
655 3246 160 48 copies
838 3248 94 39 and
957 3247 165 47 signed
1151 3246 58 47 by
1236 3247 83 42 the
1343 3245 244 41 authors.”

295 3314 52 53 ©
374 3320 115 38 Nov.
520 3320 40 45 5,
586 3319 116 40 1935;
756 3319 67 40 2c.
853 3320 92 38 and
976 3318 82 40 aff.
1088 3319 117 39 Nov.
1236 3319 57 39 13;
1348 3319 40 38 A
1416 3318 142 40 89351;
1619 3320 210 39 Edward
1859 3319 159 47 Ralph
2048 3319 233 47 Cheyney,

365 3376 163 39 Sierra
562 3377 182 46 Madre,
779 3375 142 40 Calif.
992 3374 280 48 (35-28755)

291 3491 129 54 Van
451 3492 202 64 Wyck,
683 3491 333 63 Frederick,
1050 3496 171 49 1864-

361 3568 1823 69 Ancestry of Governor Dongan, by Frederick Van Wyck …
291 3649 234 65 Boston,
552 3649 71 51 A.
651 3649 70 51 A.
754 3648 382 66 Beauchamp,
1166 3650 148 51 1935.

361 3724 1339 51 xii p., 1 l., 124 p. incl. front., illus., ports. 24½cm.
364 3781 130 42 “One
522 3783 221 40 hundred
775 3784 94 38 and
899 3782 112 48 fifty
1041 3783 159 47 copies
1230 3783 193 47 printed
1452 3783 79 40 for
1558 3784 193 46 private
1778 3782 316 41 distribution
2124 3778 148 50 only.”

360 3837 359 42 “Authorities”
739 3849 9 29 :
778 3849 43 38 p.
850 3838 95 40 1-2.

293 3903 52 53 ©
373 3908 102 40 Oct.
503 3909 39 47 1,
571 3909 115 39 1935;
740 3909 68 39 2c.
835 3910 96 38 and
958 3909 83 39 aff.
1070 3908 102 41 Oct.
1199 3909 55 39 23;
1312 3910 41 37 A
1382 3908 142 40 87900;
1583 3909 50 39 F.
1664 3909 108 39 Van
1798 3909 164 47 Wyck,
1992 3909 116 38 New
2134 3904 137 41 York.

370 3964 279 48 (35-28736)
