2424 4375
1231 4088 134 50 1312

397 532 27 39 2
452 546 44 36 p.
561 565 10 15 l.,
599 533 114 40 9-91
742 545 43 38 p.
847 533 143 41 13½cm.

329 584 56 55 ©
411 590 117 49 July
558 589 69 49 29,
657 589 115 42 1935;
830 591 67 40 2c.
927 592 96 39 and
1053 590 82 41 aff.
1169 592 128 49 Sept.
1327 592 83 48 23;
1443 593 41 40 A
1514 594 171 48 86437;
1718 594 250 41 Whitman
2001 596 108 48 pub.
2142 605 65 32 co.

406 646 281 50 (35-17194)

330 749 213 66 Smith,
573 751 263 54 Mariner
863 750 318 66 Theodore,
1215 758 170 50 1905-

460 828 1856 71 … The penal law for religious … by the Reverend Mariner
326 906 1967 147 Theodore Smith … Washington, D. C., The Catholic university of America, 1935.
426 1058 35 40 vii
497 1069 57 38 p.,
593 1059 29 39 2
692 1088 9 17 l.,
737 1058 146 41 3-169
918 1069 42 38 p.
1049 1059 58 41 23
1107 1061 45 22 cm
1155 1089 9 8 .
1263 1059 126 49 (The
1428 1059 220 42 Catholic
1684 1058 270 51 university
1994 1061 52 40 of
2083 1060 229 44 America.

325 1115 165 42 Canon
517 1116 96 39 law
638 1115 200 47 studies,
861 1124 71 31 no.
959 1115 81 49 98)

394 1172 171 41 Thesis
594 1171 63 50 (J.
716 1203 10 10 C.
784 1171 326 48 D.)—Catholic
1136 1171 272 50 university
1435 1172 53 42 of
1509 1172 238 49 America,
1772 1172 126 42 1935.

395 1228 376 50 Bibliography:
801 1241 42 37 p.
871 1229 214 41 155-158.

327 1294 53 54 ©
413 1300 130 40 June
573 1302 41 45 7,
646 1300 142 47 1935;
824 1300 65 40 2c.
926 1300 128 41 June
1085 1300 83 47 18;
1205 1300 82 40 aff.
1321 1300 121 49 Aug.
1475 1299 54 48 9;
1564 1300 44 39 A
1640 1300 169 47 85443;
1848 1300 223 41 Catholic
2101 1301 128 40 univ.
2263 1302 50 40 of

392 1356 237 41 America.
701 1356 279 50 (35-17379)

325 1458 222 65 Staley,
576 1459 262 64 Eugene.

392 1536 144 53 War
573 1536 111 52 and
723 1536 98 53 the
855 1536 225 67 private
1117 1536 278 67 investor;
1436 1554 34 34 a
1506 1536 172 67 study
1714 1536 61 53 in
1812 1536 95 53 the
1945 1536 268 54 relations
2249 1536 60 53 of

320 1614 410 51 international
760 1613 227 67 politics
1016 1614 113 51 and
1159 1612 408 54 international
1599 1615 227 65 private
1852 1616 357 64 investment,
2238 1615 70 65 by

323 1689 1985 69 Eugene Staley … foreword by Quincy Wright; introduction
322 1767 75 67 by
430 1766 95 56 Sir
551 1768 228 52 Arthur
809 1767 202 56 Salter.
1079 1768 232 55 Garden
1344 1770 131 66 Cty,
1505 1770 69 52 N.
1609 1771 90 65 Y.,
1729 1769 355 67 Doubleday,
2116 1772 190 50 Doran

321 1849 46 50 &
392 1864 297 49 company,
714 1847 127 66 inc.,
872 1850 148 50 1935.

391 1929 112 37 xxv,
532 1918 87 40 562
645 1929 40 39 p.
743 1917 180 49 diagrs.
976 1918 56 41 23½
1064 1920 45 22 cm
1113 1949 9 10 .

394 1973 129 43 “The
550 1977 195 47 present
777 1974 145 49 study
952 1975 41 41 is
1022 1977 112 48 part
1165 1974 52 42 of
1246 1985 29 30 a
1306 1974 306 50 cooperative
1640 1974 187 51 project
1857 1974 80 42 for
1965 1973 340 52 investigating

326 2033 83 41 the
444 2042 169 31 causes
651 2032 53 41 of
737 2042 103 30 war
875 2030 228 42 initiated
1139 2032 62 48 by
1239 2032 82 40 the
1359 2031 155 42 Social
1556 2031 185 42 science
1778 2033 224 40 research
2040 2030 266 44 committee

323 2091 54 39 at
404 2090 82 40 the
512 2089 284 48 University
821 2088 54 42 of
903 2088 209 49 Chicago
1142 2089 48 39 in
1221 2087 494 43 1927.”—Foreword.

397 2145 161 42 “First
585 2145 225 42 edition.”

394 2203 182 41 “Index
598 2203 53 41 of
674 2203 192 41 writers
892 2202 126 42 cited
1043 2204 96 39 and
1165 2212 199 39 persons
1390 2201 370 43 interviewed”:
1788 2213 44 38 p.
1857 2201 217 42 559-562.

322 2269 53 54 ©
405 2274 121 48 Aug.
557 2274 71 47 23,
655 2272 141 48 1935;
829 2272 66 42 2c.
926 2274 96 39 and
1052 2272 83 40 aff.
1169 2273 128 47 Sept.
1327 2273 54 47 4;
1414 2273 40 39 A
1486 2272 170 47 85764;
1692 2271 282 50 University
2003 2273 55 41 of
2088 2272 217 48 Chicago,

389 2330 224 48 Chicago.
686 2329 279 49 (35-17172)

319 2432 210 64 Sweet,
560 2431 254 56 William
839 2434 265 63 Warren,
1134 2437 170 51 1881-

385 2507 133 53 Men
541 2507 65 53 of
629 2510 147 64 zeal;
803 2508 93 53 the
922 2526 259 34 romance
1208 2507 64 53 of
1297 2506 305 55 American
1630 2506 315 55 Methodist
1966 2505 334 71 beginnings

323 2584 109 70 [by]
461 2586 260 53 William
744 2585 243 54 Warren
1017 2584 198 56 Sweet.
1280 2585 138 52 New
1445 2583 181 70 York,
1655 2583 327 56 Cincinnati
2034 2591 118 62 [etc.]
2185 2583 116 53 The

314 2661 705 71 Abingdon press [ c 1935]
384 2734 86 41 208
496 2746 44 37 p.
598 2734 55 41 21
659 2737 44 21 cm
705 2766 9 8 .
787 2734 146 40 [Drew
957 2734 293 48 lectureship
1277 2734 49 40 in
1351 2733 283 52 biography]

385 2790 374 49 Bibliography:
792 2800 44 40 p.
864 2790 217 42 203-208.

321 2859 1976 52 © Sept. 3, 1935; 2c. and aff. Sept. 13; A 85954; W. W. Sweet, Chicago.
400 2919 279 48 (35-17206)

321 3021 290 65 Terhune,
639 3022 209 53 Albert
875 3022 253 65 Payson,
1160 3023 170 54 1872-

389 3100 141 53 Real
552 3101 141 52 tales
721 3098 65 54 of
811 3099 117 53 real
956 3099 158 68 dogs,
1137 3099 75 68 by
1241 3098 206 54 Albert
1472 3099 227 67 Payson
1729 3099 291 67 Terhune;
2053 3097 244 66 etchings

320 3178 73 67 by
422 3177 190 53 Diana
644 3177 242 53 Thorne.
960 3176 220 68 Akron,
1210 3176 87 67 O.,
1328 3177 139 52 New
1498 3176 179 67 York,
1708 3176 120 53 The
1863 3175 266 55 Saalfield

320 3174 1954 149 publishing
559 3271 280 50 company
869 3287 13 34 [
885 3260 19 22 c
909 3257 132 50 1935]

381 3330 25 39 3
433 3338 42 38 p.
538 3357 9 16 l.,
572 3327 143 40 11-92
740 3338 41 37 p.
840 3326 162 48 front.,
1030 3328 169 48 plates.
1394 3356 9 9 30½cm.

319 3393 52 52 ©
402 3397 127 47 Sept.
555 3396 69 47 20,
652 3395 139 48 1935;
821 3396 65 40 2c.
918 3397 124 48 Sept.
1072 3396 82 47 27;
1184 3395 82 40 aff.
1298 3396 128 47 Sept.
1453 3395 83 47 26;
1567 3395 42 39 A
1635 3395 169 46 86475;
1840 3395 228 40 Saalfield
2097 3394 104 47 pub.
2229 3400 63 31 co.

397 3453 278 48 (35-17388)

315 3551 316 66 Thinking,
660 3554 275 67 speaking
962 3555 112 51 and
1102 3553 261 68 writing;
1395 3554 245 67 English
1668 3552 96 53 for
1788 3554 231 51 seventh
2047 3570 148 50 year,
2221 3549 68 65 by

386 3626 1902 71 Mabel Holman … Donald Lemen Clark … [and] Benjamin
386 3702 1900 73 Yeit … New York, Newark [etc.] Silver, Burdett and
386 3788 503 63 company [ c 1935]
387 3867 47 29 x.
460 3856 98 49 322,
588 3855 55 41 iii
672 3866 45 38 p.
776 3856 126 40 illus.
961 3856 57 40 19
1017 3859 46 21 cm
1068 3888 9 8 .

318 3908 52 52 ©
403 3913 119 46 Aug.
555 3913 69 46 13,
658 3912 139 47 1935;
832 3912 65 40 2c.
931 3911 118 49 Aug.
1082 3911 83 48 20;
1200 3912 82 39 aff.
1319 3912 126 47 Sept.
1479 3912 83 46 27;
1600 3913 40 38 A
1674 3910 168 48 87396;
1880 3910 157 40 Mabel
2073 3909 212 39 Holman,

387 3968 190 40 Donald
612 3969 178 38 Lemen
821 3969 146 40 Clark
1001 3969 95 39 and
1131 3967 259 47 Benjamin
1424 3967 122 49 Veit,
1584 3969 117 39 New
1735 3968 144 39 York.
1941 3964 276 51 [Copyright
2247 3960 39 40 is

385 4025 203 39 claimed
616 4034 59 29 on
703 4023 249 50 revisions]
