2568 4342
1325 4080 27 46 34

341 468 180 66 Aron,
551 467 220 54 Harold
801 468 269 64 Guthrie,
1101 472 171 50 1886-

411 543 123 53 The
561 548 297 65 mortgage
888 544 256 68 problem;
1206 543 98 52 the
1333 542 145 53 dead
1509 542 206 69 pledge
1746 542 148 52 shall
1923 541 116 53 live
2070 540 172 71 again
2274 559 60 35 as

341 618 1992 71 America is recapitalized, by Harold G. Aron … With a letter
340 695 1993 71 to the author from Charles A. Miller … New York, Géorgie
341 792 174 52 press,
544 779 150 50 1934.

414 857 79 40 XX,
520 849 86 40 318
630 858 44 38 p.
701 848 108 40 incl.
836 847 170 41 tables.
1064 847 117 41 21cm.

348 903 55 51 ©
429 908 110 39 Dec.
569 907 67 47 18,
666 906 114 41 1934;
836 906 66 40 2c.
932 907 95 39 and
1058 905 80 40 aff.
1170 907 111 38 Dec.
1311 904 59 40 28;
1425 905 40 39 A
1494 903 142 42 78933;
1694 906 59 38 H.
1786 905 52 40 G.
1869 905 144 49 Aron,
2044 906 117 40 New
2192 906 144 40 York.

424 964 250 48 (35-1102)

344 1052 375 56 Association
748 1053 63 54 of
837 1052 105 54 life
971 1053 311 53 insurance
1310 1051 247 55 medical
1585 1052 307 56 directors.

416 1130 273 54 Abstract
721 1132 63 52 of
815 1131 96 53 the
944 1130 369 69 proceedings
1345 1130 64 53 of
1440 1131 98 52 the
1567 1128 325 69 forty-fifth
1926 1133 211 51 annual
348 1136 1967 141 meeting

485 1210 66 52 of
584 1210 95 52 the
713 1208 359 54 Association
1110 1208 63 53 of
1209 1207 105 53 life
1351 1208 298 53 insurance
1683 1209 241 52 medical
1963 1208 273 53 directors
2275 1208 64 54 of

346 1286 1994 69 America … Vol. XXI. New York city, Press of Recording &
347 1366 301 53 statistical
677 1365 379 68 corporation,
1085 1368 150 51 1935.

419 1437 99 48 viii,
547 1438 83 40 365
657 1449 41 37 p.
754 1439 142 46 illus.,
921 1440 170 46 plates,
1120 1438 177 47 diagrs.
1353 1437 143 40 23½cm.

353 1491 51 51 ©
436 1496 109 39 Dec.
575 1494 68 47 20,
674 1494 138 42 1934;
844 1494 64 40 2c.
940 1496 97 38 and
1065 1494 80 40 aff.
1179 1495 107 40 Jan.
1317 1495 40 46 3,
1389 1493 114 41 1935;
1562 1495 42 38 A
1633 1494 143 41 78844;
1836 1493 308 42 Association
2172 1495 55 40 of
2253 1495 89 42 life

420 1552 257 39 insurance
706 1552 203 39 medical
941 1552 235 39 directors
1206 1552 52 39 of
1286 1551 237 48 America,
1554 1552 224 46 Newark,
1809 1552 56 39 N.
1897 1551 42 40 J.

351 1612 236 67 Austin,
616 1614 217 55 Frank.

421 1689 1920 69 Kang of the range, by Frank Austin … New York, Dodd,
349 1767 170 53 Mead
546 1772 45 50 &
617 1786 295 49 company,
941 1772 149 52 1935.

421 1840 598 49 vi p., 1 l., 300 p. 19cm.
356 1894 51 51 ©
439 1899 106 39 Jan.
574 1899 69 39 17,
673 1896 117 42 1935;
844 1897 65 41 2c.
942 1898 109 39 Jan.
1080 1898 82 47 21;
1197 1897 78 41 aff.
1308 1898 109 40 Jan.
1449 1898 82 47 19;
1563 1899 41 38 A
1633 1898 143 41 80097;
1835 1897 154 49 Dodd,
2021 1899 144 40 Mead
2194 1898 36 40 &
2260 1909 81 38 co.,

421 1955 90 39 inc.
583 1953 248 49 (35-1090)

351 2042 286 66 Babcock,
665 2042 254 57 William
946 2046 241 63 Wayne,
1219 2047 169 53 1872-

427 2119 56 51 A
534 2119 267 54 textbook
852 2120 65 55 of
967 2138 234 52 surgery
1254 2121 92 53 for
1401 2121 257 54 students
1710 2120 111 52 and
1874 2118 342 70 physicians,
2272 2119 71 68 by

358 2195 1703 70 W. Wayne Babcock … 2d ed., rewritten, with 1032
360 2196 1961 129 illustrations
540 2272 112 52 and
683 2275 29 49 8
746 2273 181 67 plates
956 2273 60 52 in
1046 2274 165 53 color.
1279 2274 408 70 Philadelphia
1721 2274 111 54 and
1867 2275 257 67 London,
2156 2274 88 53 W.
2277 2273 67 54 B.

359 2349 286 54 Saunders
672 2368 293 50 company,
997 2354 149 50 1935.

426 2420 1152 51 2 p. l., 7-1312 p. illus., col. plates. 25½cm.
360 2477 51 51 ©
442 2481 107 39 Jan.
579 2480 68 47 10,
676 2480 113 40 1935;
846 2480 65 41 2c.
941 2483 95 38 and
1065 2481 79 41 aff.
1177 2483 108 39 Jan.
1316 2483 82 47 15;
1430 2484 41 38 A
1499 2483 170 47 80006;
1703 2485 69 39 W.
1805 2485 51 38 B.
1894 2484 246 41 Saunders
2168 2494 66 30 co.

435 2537 248 47 (35-1188)

354 2624 178 66 Badè,
564 2624 251 56 William
845 2628 291 65 Frederic,
1170 2631 170 53 1871-

428 2703 56 52 A
513 2704 230 52 manual
778 2704 63 54 of
871 2704 330 55 excavation
1233 2707 59 54 in
1324 2708 95 52 the
1449 2710 150 52 Near
1633 2710 168 65 East;
1835 2708 257 54 methods
2126 2707 64 54 of
360 2707 1961 141 digging

527 2781 112 52 and
668 2780 300 70 recording
994 2783 64 52 of
1084 2785 93 51 the
1205 2784 123 53 Tell
1359 2786 323 52 en-Nasbeh
1712 2784 325 68 expedition
2067 2784 57 53 in
360 2786 1961 124 Palestine
525 2857 91 68 [by]

358 2858 1962 144 William Frederic Bad è … Berkeley, Calif., University of
587 2936 322 55 California
935 2956 172 49 press,
1135 2944 147 49 1934.

430 3004 80 49 vii,
539 3008 53 40 81
621 3018 41 37 p.
722 3008 162 48 front.,
911 3011 141 47 illus.,
1080 3012 170 47 plates.
1310 3012 115 40 22cm.

363 3061 51 51 ©
442 3066 109 38 Dec.
578 3066 68 44 13,
672 3065 112 40 1934;
837 3066 64 40 2c.
930 3068 107 39 Jan.
1064 3068 68 40 10.
1158 3068 113 41 1935;
1328 3070 79 39 aff.
1438 3071 107 39 Jan.
1573 3070 53 39 21;
1684 3071 40 38 A
1779 3070 117 40 80102;
1950 3071 212 46 Regents
2188 3070 53 40 of
2268 3070 81 41 the

429 3121 138 40 Univ.
599 3122 52 39 of
680 3122 284 49 California,
995 3125 249 48 Berkeley,
1275 3126 141 41 Calif.
1489 3128 279 48 (35-27547)

359 3209 264 66 Balfour,
652 3212 258 57 Patrick.

367 3287 1953 131 Grand tour; diary of an eastward journey, by Patrick Balfour …
681 3366 333 54 Illustrated
1057 3369 139 53 with
1241 3369 347 69 forty-seven
1635 3391 171 50 pages
1849 3373 64 52 of
1955 3374 392 66 photographs

365 3440 169 56 taken
576 3443 75 67 by
696 3444 95 52 the
835 3446 220 65 author,
1098 3465 170 50 many
1315 3449 62 52 of
1422 3451 184 51 which
1652 3469 94 34 are
1793 3450 221 68 unique.
2091 3452 254 52 London.

361 3519 709 71 J. Long, limited [ 1934]
437 3590 1579 58 xii p., 1 l., 15-318 p. front., illus. (facsim.) plates. 24cm.
435 3649 139 46 Maps
602 3659 59 28 on
689 3649 359 47 lining-papers.

367 3701 1980 60 © 1c. Jan. 11, 1935; A ad int. 19857; pubd. Nov. 14, 1934; P. Balfour,
485 3755 968 58 c/o D. C. Benson, London. (35-1802)
362 3849 244 65 Barnes,
637 3852 253 53 Carman
919 3854 138 55 Dec.

434 3925 210 69 Young
670 3945 236 50 woman,
933 3929 75 67 by
1036 3931 246 54 Carman
1312 3935 231 51 Barnes.
1630 3937 138 51 [New
1797 3938 179 66 York,
2005 3938 61 54 C.
2098 3937 242 52 Kendall

363 4004 45 53 &
431 4003 87 57 W,
549 4003 205 68 Sharp,
780 4006 126 67 inc.,
932 4009 172 64 c1934]
