<alto xmlns="http://www.loc.gov/standards/alto/ns-v3#" xmlns:xlink="http://www.w3.org/1999/xlink" xmlns:xsi="http://www.w3.org/2001/XMLSchema-instance" xsi:schemaLocation="http://www.loc.gov/standards/alto/ns-v3# http://www.loc.gov/alto/v3/alto-3-0.xsd"><Description>
<MeasurementUnit>pixel</MeasurementUnit>
<sourceImageInformation>
<fileName>1935_v32_Part1.pdf</fileName>
</sourceImageInformation>
<OCRProcessing ID="IdOcr">
<ocrProcessingStep>
<processingDateTime>2019-01-15</processingDateTime>
<processingSoftware>
<softwareCreator>ABBYY</softwareCreator>
<softwareName>ABBYY Recognition Server</softwareName>
<softwareVersion>4.0</softwareVersion>
</processingSoftware>
</ocrProcessingStep>
</OCRProcessing>
</Description>
<Styles>
<ParagraphStyle ID="StyleId-FFFFFFFF-FFFF-FFFF-FFFF-FFFFFFFFFFFF-" ALIGN="Left" LEFT="0." RIGHT="0." FIRSTLINE="0."/>
<ParagraphStyle ID="StyleId-09A13A44-4F77-4ABE-84F3-84CC8B3C72CE-" ALIGN="Left" LEFT="0." RIGHT="0." FIRSTLINE="0." LINESPACE="7.699999809"/>
<ParagraphStyle ID="StyleId-1F945060-F8CD-4435-B69A-5FF49DB0C586-" ALIGN="Left" LEFT="0." RIGHT="0." FIRSTLINE="-10." LINESPACE="12.19999981"/>
<ParagraphStyle ID="StyleId-C6CAE747-F5A4-4D0D-8D74-D452DA7E2C1C-" ALIGN="Block" LEFT="0." RIGHT="0." FIRSTLINE="-14." LINESPACE="8.350000381"/>
<ParagraphStyle ID="StyleId-FC0F3374-189A-459E-BE29-2DC14180F022-" ALIGN="Left" LEFT="0." RIGHT="0." FIRSTLINE="0."/>
<ParagraphStyle ID="StyleId-49397C49-A894-4B3E-BA5E-1126226BA375-" ALIGN="Left" LEFT="0." RIGHT="0." FIRSTLINE="-12." LINESPACE="11.09000015"/>
<ParagraphStyle ID="StyleId-9E34DD3A-E661-48BD-A3A1-6A3D48346F00-" ALIGN="Block" LEFT="0." RIGHT="0." FIRSTLINE="-14." LINESPACE="11.09000015"/>
<ParagraphStyle ID="StyleId-56CE54AA-A08B-4BAA-8605-F26020A0E36E-" ALIGN="Left" LEFT="0." RIGHT="0." FIRSTLINE="0." LINESPACE="9.399999619"/>
<ParagraphStyle ID="StyleId-77814FFC-C42F-4AA9-9880-EF33B947DEC8-" ALIGN="Left" LEFT="0." RIGHT="0." FIRSTLINE="-11." LINESPACE="11.06999969"/>
<ParagraphStyle ID="StyleId-FDE92EC0-67DC-4C7B-8A24-094B12C38B6C-" ALIGN="Center" LEFT="0." RIGHT="0." FIRSTLINE="0." LINESPACE="11.30000019"/>
<ParagraphStyle ID="StyleId-65180E3B-4C93-4FB8-81EE-E026DD63DBF3-" ALIGN="Left" LEFT="0." RIGHT="0." FIRSTLINE="0." LINESPACE="11.10000038"/>
<ParagraphStyle ID="StyleId-10E885C2-5813-4620-B0AA-0FBA30CF7A32-" ALIGN="Left" LEFT="0." RIGHT="0." FIRSTLINE="0." LINESPACE="9.5"/>
<ParagraphStyle ID="StyleId-913C2DB5-9F02-4067-BAF7-0AED37B60BBE-" ALIGN="Left" LEFT="0." RIGHT="0." FIRSTLINE="0." LINESPACE="6.099999905"/>
<ParagraphStyle ID="StyleId-9C79A9D2-8F08-4A8F-985D-B00E253ED1E5-" ALIGN="Left" LEFT="0." RIGHT="0." FIRSTLINE="0." LINESPACE="4.400000095"/>
<ParagraphStyle ID="StyleId-A41F0407-FEFE-4738-9EC5-E05AFFF62781-" ALIGN="Left" LEFT="0." RIGHT="0." FIRSTLINE="0." LINESPACE="7.300000191"/>
<ParagraphStyle ID="StyleId-61D37176-94E8-408D-9B87-01C406CE8AB2-" ALIGN="Left" LEFT="0." RIGHT="0." FIRSTLINE="0." LINESPACE="8.050000191"/>
</Styles>
<Layout>
<Page ID="Page292" PHYSICAL_IMG_NR="292" HEIGHT="4384" WIDTH="2526">
<TopMargin HEIGHT="420" WIDTH="2526" VPOS="0" HPOS="0">
</TopMargin>
<LeftMargin HEIGHT="3590" WIDTH="252" VPOS="420" HPOS="0">
</LeftMargin>
<RightMargin HEIGHT="3590" WIDTH="146" VPOS="420" HPOS="2380">
</RightMargin>
<BottomMargin HEIGHT="374" WIDTH="2526" VPOS="4010" HPOS="0">
<TextBlock ID="Page292_Block1" HEIGHT="70" WIDTH="122" VPOS="4042" HPOS="1306" LANG="en-US" STYLEREFS="StyleId-D2DD642D-9D9F-4A6C-A315-6C5D7D60AED3-">
<TextLine HEIGHT="49" WIDTH="102" VPOS="4053" HPOS="1316">
<String CONTENT="292" HEIGHT="49" WIDTH="102" VPOS="4053" HPOS="1316"/>
</TextLine>
</TextBlock>
</BottomMargin>
<PrintSpace HEIGHT="3590" WIDTH="2128" VPOS="420" HPOS="252">
<TextBlock ID="Page292_Block2" HEIGHT="3590" WIDTH="2024" VPOS="420" HPOS="356" LANG="en-US" CS="1" STYLEREFS="StyleId-CA108431-93C4-4C23-8D76-8D8C4B4F8DB2-">
<TextLine HEIGHT="67" WIDTH="439" VPOS="430" HPOS="365" STYLEREFS="StyleId-84D89670-A617-4BD5-829A-312165A1BCBB-">
<String CONTENT="Pitzer," HEIGHT="67" WIDTH="216" VPOS="430" HPOS="365"/>
<SP HEIGHT="65" WIDTH="26" VPOS="432" HPOS="582"/>
<String CONTENT="Sloan." HEIGHT="58" WIDTH="195" VPOS="431" HPOS="609"/>
</TextLine>
<TextLine HEIGHT="71" WIDTH="1923" VPOS="522" HPOS="438" STYLEREFS="StyleId-F33E3905-27F0-4893-92B9-EBE3D2866B5D-">
<String CONTENT="The" HEIGHT="53" WIDTH="123" VPOS="522" HPOS="438"/>
<SP HEIGHT="51" WIDTH="22" VPOS="540" HPOS="562"/>
<String CONTENT="pot" HEIGHT="64" WIDTH="101" VPOS="527" HPOS="585"/>
<SP HEIGHT="48" WIDTH="28" VPOS="527" HPOS="687"/>
<String CONTENT="of" HEIGHT="53" WIDTH="64" VPOS="522" HPOS="716"/>
<SP HEIGHT="69" WIDTH="24" VPOS="522" HPOS="781"/>
<String CONTENT="gold" HEIGHT="68" WIDTH="137" VPOS="523" HPOS="806"/>
<SP HEIGHT="52" WIDTH="28" VPOS="524" HPOS="944"/>
<String CONTENT="at" HEIGHT="47" WIDTH="61" VPOS="528" HPOS="973"/>
<SP HEIGHT="47" WIDTH="24" VPOS="528" HPOS="1035"/>
<String CONTENT="the" HEIGHT="52" WIDTH="94" VPOS="523" HPOS="1060"/>
<SP HEIGHT="33" WIDTH="27" VPOS="542" HPOS="1155"/>
<String CONTENT="end" HEIGHT="52" WIDTH="109" VPOS="524" HPOS="1183"/>
<SP HEIGHT="52" WIDTH="27" VPOS="524" HPOS="1293"/>
<String CONTENT="of" HEIGHT="52" WIDTH="64" VPOS="523" HPOS="1321"/>
<SP HEIGHT="53" WIDTH="26" VPOS="523" HPOS="1386"/>
<String CONTENT="the" HEIGHT="54" WIDTH="96" VPOS="523" HPOS="1413"/>
<SP HEIGHT="35" WIDTH="26" VPOS="542" HPOS="1510"/>
<String CONTENT="rainbow," HEIGHT="70" WIDTH="273" VPOS="522" HPOS="1537"/>
<SP HEIGHT="69" WIDTH="26" VPOS="523" HPOS="1811"/>
<String CONTENT="by" HEIGHT="70" WIDTH="78" VPOS="523" HPOS="1838"/>
<SP HEIGHT="71" WIDTH="30" VPOS="522" HPOS="1917"/>
<String CONTENT="Sloan" HEIGHT="57" WIDTH="175" VPOS="522" HPOS="1948"/>
<SP HEIGHT="51" WIDTH="28" VPOS="525" HPOS="2124"/>
<String CONTENT="Pitzer." HEIGHT="54" WIDTH="208" VPOS="523" HPOS="2153"/>
</TextLine>
<TextLine HEIGHT="70" WIDTH="1322" VPOS="599" HPOS="371" STYLEREFS="StyleId-F33E3905-27F0-4893-92B9-EBE3D2866B5D-" CS="1">
<String CONTENT="Los" HEIGHT="54" WIDTH="107" VPOS="599" HPOS="371"/>
<SP HEIGHT="54" WIDTH="23" VPOS="599" HPOS="479"/>
<String CONTENT="Angeles," HEIGHT="70" WIDTH="265" VPOS="599" HPOS="503"/>
<SP HEIGHT="69" WIDTH="26" VPOS="599" HPOS="769"/>
<String CONTENT="Calif.," HEIGHT="69" WIDTH="196" VPOS="599" HPOS="796"/>
<SP HEIGHT="68" WIDTH="23" VPOS="600" HPOS="993"/>
<String CONTENT="DeVorss" HEIGHT="55" WIDTH="268" VPOS="600" HPOS="1017"/>
<SP HEIGHT="52" WIDTH="19" VPOS="602" HPOS="1286"/>
<String CONTENT="&amp;" HEIGHT="52" WIDTH="53" VPOS="602" HPOS="1306"/>
<SP HEIGHT="52" WIDTH="26" VPOS="602" HPOS="1360"/>
<String CONTENT="co." HEIGHT="36" WIDTH="79" VPOS="618" HPOS="1387"/>
<SP HEIGHT="35" WIDTH="32" VPOS="633" HPOS="1467"/>
<String CS="1" CONTENT="["/>
<String STYLE="superscript" CONTENT="c" HEIGHT="23" WIDTH="19" VPOS="606" HPOS="1518"/>
<String CONTENT="1934]" HEIGHT="65" WIDTH="151" VPOS="603" HPOS="1542"/>
</TextLine>
<TextLine HEIGHT="52" WIDTH="645" VPOS="685" HPOS="437" CS="1">
<String CONTENT="4" HEIGHT="39" WIDTH="28" VPOS="686" HPOS="437"/>
<SP HEIGHT="48" WIDTH="21" VPOS="686" HPOS="466"/>
<String CONTENT="p." HEIGHT="38" WIDTH="45" VPOS="696" HPOS="488"/>
<SP/>
<String CS="1" CONTENT="l.," HEIGHT="17" WIDTH="9" VPOS="718" HPOS="593"/>
<SP HEIGHT="31" WIDTH="30" VPOS="706" HPOS="603"/>
<String CONTENT="[13]-117" HEIGHT="51" WIDTH="205" VPOS="686" HPOS="634"/>
<SP HEIGHT="48" WIDTH="21" VPOS="687" HPOS="840"/>
<String CONTENT="p." HEIGHT="39" WIDTH="46" VPOS="696" HPOS="862"/>
<SP HEIGHT="42" WIDTH="55" VPOS="685" HPOS="909"/>
<String CONTENT="20" HEIGHT="43" WIDTH="60" VPOS="685" HPOS="965"/>
<String STYLE="superscript" CONTENT="cm" HEIGHT="22" WIDTH="45" VPOS="689" HPOS="1026"/>
<String CONTENT="." HEIGHT="10" WIDTH="9" VPOS="718" HPOS="1073"/>
</TextLine>
<TextLine HEIGHT="49" WIDTH="1661" VPOS="757" HPOS="709" CS="1">
<String CS="1" CONTENT="CONTENTS.&#8212;Life.&#8212;Health.&#8212;The" HEIGHT="43" WIDTH="620" VPOS="757" HPOS="709"/>
<SP HEIGHT="30" WIDTH="28" VPOS="770" HPOS="1330"/>
<String CONTENT="man" HEIGHT="30" WIDTH="113" VPOS="770" HPOS="1359"/>
<SP HEIGHT="40" WIDTH="29" VPOS="758" HPOS="1473"/>
<String CONTENT="inside.&#8212;You" HEIGHT="42" WIDTH="337" VPOS="758" HPOS="1503"/>
<SP HEIGHT="30" WIDTH="28" VPOS="769" HPOS="1841"/>
<String CONTENT="are" HEIGHT="31" WIDTH="85" VPOS="769" HPOS="1870"/>
<SP HEIGHT="39" WIDTH="28" VPOS="761" HPOS="1956"/>
<String CONTENT="the" HEIGHT="40" WIDTH="81" VPOS="760" HPOS="1985"/>
<SP HEIGHT="31" WIDTH="31" VPOS="769" HPOS="2067"/>
<String CONTENT="captain.&#8212;" HEIGHT="48" WIDTH="271" VPOS="758" HPOS="2099"/>
</TextLine>
<TextLine HEIGHT="50" WIDTH="555" VPOS="812" HPOS="371">
<String CONTENT="Wealth.&#8212;Happiness." HEIGHT="50" WIDTH="555" VPOS="812" HPOS="371"/>
</TextLine>
<TextLine HEIGHT="56" WIDTH="1994" VPOS="881" HPOS="370">
<String CONTENT="&#169;" HEIGHT="53" WIDTH="53" VPOS="881" HPOS="370"/>
<SP HEIGHT="53" WIDTH="20" VPOS="881" HPOS="424"/>
<String CONTENT="Nov." HEIGHT="40" WIDTH="116" VPOS="886" HPOS="445"/>
<SP HEIGHT="40" WIDTH="24" VPOS="886" HPOS="562"/>
<String CONTENT="5," HEIGHT="46" WIDTH="39" VPOS="886" HPOS="587"/>
<SP HEIGHT="44" WIDTH="23" VPOS="888" HPOS="627"/>
<String CONTENT="1934" HEIGHT="42" WIDTH="113" VPOS="885" HPOS="651"/>
<SP HEIGHT="46" WIDTH="16" VPOS="887" HPOS="765"/>
<String CONTENT=";" HEIGHT="36" WIDTH="9" VPOS="897" HPOS="782"/>
<SP HEIGHT="48" WIDTH="22" VPOS="885" HPOS="792"/>
<String CONTENT="2c." HEIGHT="42" WIDTH="65" VPOS="885" HPOS="815"/>
<SP HEIGHT="29" WIDTH="24" VPOS="897" HPOS="881"/>
<String CONTENT="and" HEIGHT="39" WIDTH="95" VPOS="888" HPOS="906"/>
<SP HEIGHT="39" WIDTH="23" VPOS="888" HPOS="1002"/>
<String LANG="de" CONTENT="aff." HEIGHT="41" WIDTH="82" VPOS="886" HPOS="1026"/>
<SP HEIGHT="39" WIDTH="22" VPOS="888" HPOS="1109"/>
<String CONTENT="Jan." HEIGHT="39" WIDTH="111" VPOS="888" HPOS="1132"/>
<SP HEIGHT="39" WIDTH="21" VPOS="888" HPOS="1244"/>
<String CONTENT="5," HEIGHT="45" WIDTH="39" VPOS="888" HPOS="1266"/>
<SP HEIGHT="44" WIDTH="24" VPOS="889" HPOS="1306"/>
<String CONTENT="1935" HEIGHT="41" WIDTH="113" VPOS="886" HPOS="1331"/>
<SP HEIGHT="46" WIDTH="16" VPOS="888" HPOS="1445"/>
<String CONTENT=";" HEIGHT="36" WIDTH="9" VPOS="898" HPOS="1462"/>
<SP HEIGHT="45" WIDTH="25" VPOS="889" HPOS="1472"/>
<!-- cceid 8751DB27-6D82-1014-B070-FDFD250A9EDA --><String CONTENT="A" HEIGHT="38" WIDTH="41" VPOS="889" HPOS="1498"/>
<SP HEIGHT="39" WIDTH="19" VPOS="889" HPOS="1540"/>
<String CONTENT="78880;" HEIGHT="48" WIDTH="171" VPOS="887" HPOS="1560"/>
<SP HEIGHT="46" WIDTH="28" VPOS="889" HPOS="1732"/>
<String CONTENT="S." HEIGHT="40" WIDTH="44" VPOS="889" HPOS="1761"/>
<SP HEIGHT="39" WIDTH="23" VPOS="889" HPOS="1806"/>
<String CONTENT="Pitzer," HEIGHT="49" WIDTH="175" VPOS="888" HPOS="1830"/>
<SP HEIGHT="49" WIDTH="24" VPOS="888" HPOS="2006"/>
<String CONTENT="Los" HEIGHT="40" WIDTH="93" VPOS="888" HPOS="2031"/>
<SP HEIGHT="39" WIDTH="20" VPOS="889" HPOS="2125"/>
<String CONTENT="Angeles." HEIGHT="47" WIDTH="218" VPOS="889" HPOS="2146"/>
</TextLine>
<TextLine HEIGHT="49" WIDTH="250" VPOS="943" HPOS="448">
<String CONTENT="(35-2685)" HEIGHT="49" WIDTH="250" VPOS="943" HPOS="448"/>
</TextLine>
<TextLine HEIGHT="72" WIDTH="1999" VPOS="1032" HPOS="369" STYLEREFS="StyleId-F33E3905-27F0-4893-92B9-EBE3D2866B5D-">
<String CONTENT="The" HEIGHT="54" WIDTH="120" VPOS="1032" HPOS="369"/>
<SP HEIGHT="47" WIDTH="35" VPOS="1051" HPOS="490"/>
<String CONTENT="practitioners" HEIGHT="64" WIDTH="423" VPOS="1034" HPOS="526"/>
<SP HEIGHT="50" WIDTH="32" VPOS="1038" HPOS="950"/>
<String CONTENT="library" HEIGHT="68" WIDTH="217" VPOS="1035" HPOS="983"/>
<SP HEIGHT="49" WIDTH="36" VPOS="1054" HPOS="1201"/>
<String CONTENT="of" HEIGHT="53" WIDTH="63" VPOS="1036" HPOS="1238"/>
<SP HEIGHT="51" WIDTH="31" VPOS="1036" HPOS="1302"/>
<String CONTENT="medicine" HEIGHT="54" WIDTH="277" VPOS="1035" HPOS="1334"/>
<SP HEIGHT="34" WIDTH="36" VPOS="1055" HPOS="1612"/>
<String CONTENT="and" HEIGHT="52" WIDTH="113" VPOS="1037" HPOS="1649"/>
<SP HEIGHT="52" WIDTH="33" VPOS="1037" HPOS="1763"/>
<String CONTENT="surgery." HEIGHT="49" WIDTH="252" VPOS="1055" HPOS="1797"/>
<SP HEIGHT="54" WIDTH="72" VPOS="1037" HPOS="2050"/>
<String CONTENT="Volume" HEIGHT="57" WIDTH="245" VPOS="1034" HPOS="2123"/>
</TextLine>
<TextLine HEIGHT="144" WIDTH="1905" VPOS="1112" HPOS="435" STYLEREFS="StyleId-F33E3905-27F0-4893-92B9-EBE3D2866B5D-" CS="1">
<String CS="1" CONTENT="VIII"/>
<String LANG="fr" CONTENT="." HEIGHT="9" WIDTH="9" VPOS="1154" HPOS="551"/>
<SP HEIGHT="52" WIDTH="39" VPOS="1112" HPOS="561"/>
<String CONTENT="Therapeutics." HEIGHT="68" WIDTH="425" VPOS="1112" HPOS="601"/>
<SP HEIGHT="52" WIDTH="72" VPOS="1114" HPOS="1027"/>
<String CONTENT="New" HEIGHT="52" WIDTH="137" VPOS="1114" HPOS="1100"/>
<SP HEIGHT="51" WIDTH="37" VPOS="1116" HPOS="1238"/>
<String CONTENT="York," HEIGHT="66" WIDTH="179" VPOS="1114" HPOS="1276"/>
<SP HEIGHT="64" WIDTH="36" VPOS="1116" HPOS="1456"/>
<String CONTENT="London," HEIGHT="66" WIDTH="258" VPOS="1114" HPOS="1493"/>
<SP HEIGHT="64" WIDTH="36" VPOS="1116" HPOS="1752"/>
<String CONTENT="D." HEIGHT="51" WIDTH="70" VPOS="1116" HPOS="1789"/>
<SP HEIGHT="51" WIDTH="38" VPOS="1116" HPOS="1860"/>
<String CONTENT="Appleton-Century" HEIGHT="142" WIDTH="1905" VPOS="1114" HPOS="435"/>
</TextLine>
<TextLine HEIGHT="68" WIDTH="956" VPOS="1191" HPOS="600" STYLEREFS="StyleId-F33E3905-27F0-4893-92B9-EBE3D2866B5D-" CS="1">
<String CONTENT="company," HEIGHT="51" WIDTH="297" VPOS="1208" HPOS="600"/>
<SP HEIGHT="67" WIDTH="28" VPOS="1191" HPOS="898"/>
<String CONTENT="incorporated" HEIGHT="68" WIDTH="400" VPOS="1191" HPOS="927"/>
<SP HEIGHT="52" WIDTH="48" VPOS="1193" HPOS="1328"/>
<String CS="1" CONTENT="[c1935]" HEIGHT="64" WIDTH="151" VPOS="1195" HPOS="1405"/>
</TextLine>
<TextLine HEIGHT="51" WIDTH="902" VPOS="1276" HPOS="437" STYLEREFS="StyleId-F33E3905-27F0-4893-92B9-EBE3D2866B5D-" CS="1">
<String CONTENT="xliv," HEIGHT="47" WIDTH="116" VPOS="1277" HPOS="437"/>
<SP HEIGHT="47" WIDTH="25" VPOS="1277" HPOS="554"/>
<String CONTENT="1031" HEIGHT="41" WIDTH="113" VPOS="1276" HPOS="580"/>
<SP HEIGHT="47" WIDTH="27" VPOS="1278" HPOS="694"/>
<String CONTENT="p." HEIGHT="37" WIDTH="41" VPOS="1288" HPOS="722"/>
<SP HEIGHT="40" WIDTH="53" VPOS="1276" HPOS="764"/>
<String CONTENT="illus.," HEIGHT="49" WIDTH="144" VPOS="1276" HPOS="818"/>
<SP HEIGHT="46" WIDTH="26" VPOS="1279" HPOS="963"/>
<String CONTENT="diagrs." HEIGHT="49" WIDTH="178" VPOS="1278" HPOS="990"/>
<SP HEIGHT="40" WIDTH="54" VPOS="1278" HPOS="1169"/>
<String CONTENT="25" HEIGHT="40" WIDTH="58" VPOS="1278" HPOS="1224"/>
<String STYLE="superscript" CS="1" CONTENT="cm" HEIGHT="21" WIDTH="15" VPOS="1280" HPOS="1282"/>
<String CONTENT="." HEIGHT="9" WIDTH="8" VPOS="1308" HPOS="1331"/>
</TextLine>
<TextLine HEIGHT="98" WIDTH="1982" VPOS="1347" HPOS="366" CS="1">
<String CONTENT="Supervising" HEIGHT="50" WIDTH="316" VPOS="1347" HPOS="440"/>
<SP HEIGHT="39" WIDTH="29" VPOS="1358" HPOS="757"/>
<String CONTENT="editor," HEIGHT="48" WIDTH="170" VPOS="1348" HPOS="787"/>
<SP HEIGHT="48" WIDTH="35" VPOS="1348" HPOS="958"/>
<String CONTENT="George" HEIGHT="50" WIDTH="184" VPOS="1348" HPOS="994"/>
<SP HEIGHT="40" WIDTH="28" VPOS="1349" HPOS="1179"/>
<String CONTENT="Blumer;" HEIGHT="48" WIDTH="226" VPOS="1349" HPOS="1208"/>
<SP HEIGHT="38" WIDTH="32" VPOS="1359" HPOS="1435"/>
<String CONTENT="associate" HEIGHT="39" WIDTH="240" VPOS="1351" HPOS="1468"/>
<SP HEIGHT="31" WIDTH="32" VPOS="1359" HPOS="1709"/>
<String CONTENT="editor," HEIGHT="48" WIDTH="171" VPOS="1348" HPOS="1742"/>
<SP HEIGHT="47" WIDTH="31" VPOS="1349" HPOS="1914"/>
<String CONTENT="Albert" HEIGHT="41" WIDTH="168" VPOS="1348" HPOS="1946"/>
<SP HEIGHT="41" WIDTH="32" VPOS="1348" HPOS="2115"/>
<String CONTENT="J." HEIGHT="41" WIDTH="43" VPOS="1348" HPOS="2148"/>
<SP HEIGHT="42" WIDTH="33" VPOS="1348" HPOS="2192"/>
<String CONTENT="Sullivan." HEIGHT="98" WIDTH="1982" VPOS="1347" HPOS="366"/>
</TextLine>
<TextLine HEIGHT="110" WIDTH="1980" VPOS="1471" HPOS="370" CS="1">
<String CONTENT="&#169;" HEIGHT="53" WIDTH="53" VPOS="1471" HPOS="370"/>
<SP HEIGHT="53" WIDTH="28" VPOS="1471" HPOS="424"/>
<String CONTENT="Mar." HEIGHT="39" WIDTH="121" VPOS="1477" HPOS="453"/>
<SP HEIGHT="40" WIDTH="27" VPOS="1476" HPOS="575"/>
<String CONTENT="23," HEIGHT="47" WIDTH="69" VPOS="1476" HPOS="603"/>
<SP HEIGHT="46" WIDTH="30" VPOS="1477" HPOS="673"/>
<String CONTENT="1935" HEIGHT="42" WIDTH="117" VPOS="1475" HPOS="704"/>
<SP HEIGHT="47" WIDTH="12" VPOS="1477" HPOS="822"/>
<String CONTENT=";" HEIGHT="37" WIDTH="10" VPOS="1487" HPOS="835"/>
<SP HEIGHT="49" WIDTH="30" VPOS="1475" HPOS="846"/>
<String CONTENT="2c." HEIGHT="42" WIDTH="66" VPOS="1475" HPOS="877"/>
<SP HEIGHT="39" WIDTH="30" VPOS="1478" HPOS="944"/>
<String CONTENT="Mar." HEIGHT="39" WIDTH="121" VPOS="1478" HPOS="975"/>
<SP HEIGHT="41" WIDTH="27" VPOS="1476" HPOS="1097"/>
<String CONTENT="26" HEIGHT="41" WIDTH="56" VPOS="1476" HPOS="1125"/>
<SP HEIGHT="47" WIDTH="15" VPOS="1477" HPOS="1182"/>
<String CONTENT=";" HEIGHT="37" WIDTH="10" VPOS="1487" HPOS="1198"/>
<SP HEIGHT="37" WIDTH="32" VPOS="1487" HPOS="1209"/>
<String CONTENT="aff." HEIGHT="42" WIDTH="82" VPOS="1476" HPOS="1242"/>
<SP HEIGHT="41" WIDTH="31" VPOS="1477" HPOS="1325"/>
<String CONTENT="Mar." HEIGHT="40" WIDTH="122" VPOS="1477" HPOS="1357"/>
<SP HEIGHT="40" WIDTH="29" VPOS="1477" HPOS="1480"/>
<String CONTENT="27;" HEIGHT="47" WIDTH="83" VPOS="1477" HPOS="1510"/>
<SP HEIGHT="47" WIDTH="31" VPOS="1477" HPOS="1594"/>
<!-- cceid 8752A2ED-6D82-1014-B070-FDFD250A9EDA --><String CONTENT="A" HEIGHT="40" WIDTH="42" VPOS="1477" HPOS="1626"/>
<SP HEIGHT="41" WIDTH="28" VPOS="1477" HPOS="1669"/>
<String CONTENT="82169;" HEIGHT="49" WIDTH="170" VPOS="1475" HPOS="1698"/>
<SP HEIGHT="46" WIDTH="32" VPOS="1478" HPOS="1869"/>
<String CONTENT="D." HEIGHT="39" WIDTH="58" VPOS="1478" HPOS="1902"/>
<SP HEIGHT="41" WIDTH="29" VPOS="1476" HPOS="1961"/>
<String CONTENT="Appleton-Century" HEIGHT="105" WIDTH="1909" VPOS="1476" HPOS="441"/>
</TextLine>
<TextLine HEIGHT="46" WIDTH="202" VPOS="1535" HPOS="580">
<String CONTENT="co.," HEIGHT="37" WIDTH="82" VPOS="1544" HPOS="580"/>
<SP HEIGHT="46" WIDTH="27" VPOS="1535" HPOS="663"/>
<String CONTENT="inc." HEIGHT="39" WIDTH="91" VPOS="1535" HPOS="691"/>
</TextLine>
<TextLine HEIGHT="65" WIDTH="1831" VPOS="1623" HPOS="367" STYLEREFS="StyleId-84D89670-A617-4BD5-829A-312165A1BCBB-">
<String CONTENT="Public" HEIGHT="55" WIDTH="200" VPOS="1623" HPOS="367"/>
<SP HEIGHT="38" WIDTH="29" VPOS="1640" HPOS="568"/>
<String CONTENT="employment" HEIGHT="65" WIDTH="398" VPOS="1623" HPOS="598"/>
<SP HEIGHT="53" WIDTH="30" VPOS="1625" HPOS="997"/>
<String CONTENT="demonstration" HEIGHT="56" WIDTH="470" VPOS="1623" HPOS="1028"/>
<SP HEIGHT="38" WIDTH="30" VPOS="1641" HPOS="1499"/>
<String CONTENT="center" HEIGHT="52" WIDTH="202" VPOS="1627" HPOS="1530"/>
<SP HEIGHT="38" WIDTH="26" VPOS="1641" HPOS="1733"/>
<String CONTENT="of" HEIGHT="53" WIDTH="65" VPOS="1625" HPOS="1760"/>
<SP HEIGHT="53" WIDTH="26" VPOS="1625" HPOS="1826"/>
<String CONTENT="Rochester." HEIGHT="57" WIDTH="345" VPOS="1623" HPOS="1853"/>
</TextLine>
<TextLine HEIGHT="69" WIDTH="1923" VPOS="1713" HPOS="441" STYLEREFS="StyleId-F33E3905-27F0-4893-92B9-EBE3D2866B5D-">
<String CONTENT="The" HEIGHT="53" WIDTH="120" VPOS="1715" HPOS="441"/>
<SP HEIGHT="35" WIDTH="49" VPOS="1733" HPOS="562"/>
<String CONTENT="emergence" HEIGHT="50" WIDTH="324" VPOS="1732" HPOS="612"/>
<SP HEIGHT="35" WIDTH="49" VPOS="1734" HPOS="937"/>
<String CONTENT="of" HEIGHT="53" WIDTH="62" VPOS="1716" HPOS="987"/>
<SP HEIGHT="53" WIDTH="50" VPOS="1716" HPOS="1050"/>
<String CONTENT="a" HEIGHT="35" WIDTH="32" VPOS="1734" HPOS="1101"/>
<SP HEIGHT="35" WIDTH="50" VPOS="1734" HPOS="1134"/>
<String CONTENT="new" HEIGHT="35" WIDTH="123" VPOS="1734" HPOS="1185"/>
<SP HEIGHT="48" WIDTH="49" VPOS="1734" HPOS="1309"/>
<String CONTENT="public" HEIGHT="67" WIDTH="195" VPOS="1715" HPOS="1359"/>
<SP HEIGHT="35" WIDTH="48" VPOS="1734" HPOS="1555"/>
<String CONTENT="employment" HEIGHT="66" WIDTH="386" VPOS="1716" HPOS="1604"/>
<SP HEIGHT="49" WIDTH="47" VPOS="1720" HPOS="1991"/>
<String CONTENT="service;" HEIGHT="67" WIDTH="240" VPOS="1713" HPOS="2039"/>
<SP HEIGHT="48" WIDTH="52" VPOS="1732" HPOS="2280"/>
<String CONTENT="a" HEIGHT="35" WIDTH="31" VPOS="1732" HPOS="2333"/>
</TextLine>
<TextLine HEIGHT="222" WIDTH="1991" VPOS="1791" HPOS="369" STYLEREFS="StyleId-F33E3905-27F0-4893-92B9-EBE3D2866B5D-" CS="1">
<String CONTENT="statement" HEIGHT="48" WIDTH="303" VPOS="1797" HPOS="369"/>
<SP HEIGHT="48" WIDTH="29" VPOS="1797" HPOS="673"/>
<String CONTENT="of" HEIGHT="52" WIDTH="62" VPOS="1792" HPOS="703"/>
<SP HEIGHT="54" WIDTH="31" VPOS="1792" HPOS="766"/>
<String CONTENT="the" HEIGHT="55" WIDTH="97" VPOS="1791" HPOS="798"/>
<SP HEIGHT="35" WIDTH="29" VPOS="1811" HPOS="896"/>
<String CONTENT="new" HEIGHT="36" WIDTH="124" VPOS="1810" HPOS="926"/>
<SP HEIGHT="35" WIDTH="31" VPOS="1811" HPOS="1051"/>
<String CONTENT="conception" HEIGHT="67" WIDTH="331" VPOS="1793" HPOS="1083"/>
<SP HEIGHT="36" WIDTH="32" VPOS="1811" HPOS="1415"/>
<String CONTENT="of" HEIGHT="54" WIDTH="63" VPOS="1793" HPOS="1448"/>
<SP HEIGHT="53" WIDTH="31" VPOS="1793" HPOS="1512"/>
<String CONTENT="the" HEIGHT="54" WIDTH="97" VPOS="1792" HPOS="1544"/>
<SP HEIGHT="49" WIDTH="32" VPOS="1811" HPOS="1642"/>
<String CONTENT="purpose," HEIGHT="49" WIDTH="262" VPOS="1811" HPOS="1675"/>
<SP HEIGHT="48" WIDTH="32" VPOS="1811" HPOS="1938"/>
<String CONTENT="scope," HEIGHT="50" WIDTH="182" VPOS="1810" HPOS="1971"/>
<SP HEIGHT="49" WIDTH="30" VPOS="1810" HPOS="2154"/>
<String CONTENT="methods" HEIGHT="130" WIDTH="1969" VPOS="1791" HPOS="370"/>
<SP HEIGHT="34" WIDTH="29" VPOS="1887" HPOS="472"/>
<String CONTENT="and" HEIGHT="52" WIDTH="112" VPOS="1870" HPOS="502"/>
<SP HEIGHT="66" WIDTH="30" VPOS="1870" HPOS="615"/>
<String CONTENT="potential" HEIGHT="67" WIDTH="278" VPOS="1869" HPOS="646"/>
<SP HEIGHT="50" WIDTH="30" VPOS="1872" HPOS="925"/>
<String CONTENT="social" HEIGHT="54" WIDTH="173" VPOS="1870" HPOS="956"/>
<SP HEIGHT="52" WIDTH="29" VPOS="1872" HPOS="1130"/>
<String CONTENT="value" HEIGHT="51" WIDTH="164" VPOS="1872" HPOS="1160"/>
<SP HEIGHT="36" WIDTH="28" VPOS="1888" HPOS="1325"/>
<String CONTENT="of" HEIGHT="54" WIDTH="64" VPOS="1870" HPOS="1354"/>
<SP HEIGHT="53" WIDTH="29" VPOS="1870" HPOS="1419"/>
<String CONTENT="the" HEIGHT="53" WIDTH="95" VPOS="1870" HPOS="1449"/>
<SP HEIGHT="48" WIDTH="30" VPOS="1889" HPOS="1545"/>
<String CONTENT="public" HEIGHT="68" WIDTH="195" VPOS="1869" HPOS="1576"/>
<SP HEIGHT="35" WIDTH="26" VPOS="1887" HPOS="1772"/>
<String CONTENT="employment" HEIGHT="64" WIDTH="385" VPOS="1872" HPOS="1799"/>
<SP HEIGHT="48" WIDTH="27" VPOS="1874" HPOS="2185"/>
<String CONTENT="service." HEIGHT="112" WIDTH="1968" VPOS="1887" HPOS="373"/>
<SP HEIGHT="52" WIDTH="71" VPOS="1947" HPOS="467"/>
<String CONTENT="By" HEIGHT="66" WIDTH="91" VPOS="1947" HPOS="539"/>
<SP HEIGHT="67" WIDTH="31" VPOS="1946" HPOS="631"/>
<String CONTENT="Jess" HEIGHT="54" WIDTH="128" VPOS="1946" HPOS="663"/>
<SP HEIGHT="52" WIDTH="31" VPOS="1948" HPOS="792"/>
<String CONTENT="T." HEIGHT="51" WIDTH="66" VPOS="1948" HPOS="824"/>
<SP HEIGHT="52" WIDTH="34" VPOS="1947" HPOS="891"/>
<String CONTENT="Hopkins" HEIGHT="67" WIDTH="270" VPOS="1946" HPOS="926"/>
<SP HEIGHT="34" WIDTH="36" VPOS="1966" HPOS="1197"/>
<String CS="1" CONTENT="&#8230;"/>
<SP HEIGHT="34" WIDTH="38" VPOS="1966" HPOS="1290"/>
<String CONTENT="with" HEIGHT="53" WIDTH="140" VPOS="1947" HPOS="1329"/>
<SP HEIGHT="51" WIDTH="32" VPOS="1948" HPOS="1470"/>
<String CONTENT="the" HEIGHT="52" WIDTH="95" VPOS="1947" HPOS="1503"/>
<SP HEIGHT="35" WIDTH="32" VPOS="1965" HPOS="1599"/>
<String CONTENT="collaboration" HEIGHT="55" WIDTH="408" VPOS="1945" HPOS="1632"/>
<SP HEIGHT="35" WIDTH="33" VPOS="1965" HPOS="2041"/>
<String CONTENT="of" HEIGHT="54" WIDTH="64" VPOS="1946" HPOS="2075"/>
<SP HEIGHT="52" WIDTH="31" VPOS="1946" HPOS="2140"/>
<String CONTENT="Mabel" HEIGHT="54" WIDTH="188" VPOS="1946" HPOS="2172"/>
</TextLine>
<TextLine HEIGHT="68" WIDTH="1990" VPOS="2023" HPOS="374" STYLEREFS="StyleId-F33E3905-27F0-4893-92B9-EBE3D2866B5D-" CS="1">
<String CONTENT="E." HEIGHT="52" WIDTH="66" VPOS="2024" HPOS="374"/>
<SP HEIGHT="55" WIDTH="54" VPOS="2023" HPOS="441"/>
<String CONTENT="Crafts," HEIGHT="67" WIDTH="218" VPOS="2023" HPOS="496"/>
<SP HEIGHT="67" WIDTH="50" VPOS="2023" HPOS="715"/>
<String CONTENT="Charles" HEIGHT="55" WIDTH="239" VPOS="2023" HPOS="766"/>
<SP HEIGHT="54" WIDTH="49" VPOS="2023" HPOS="1006"/>
<String CONTENT="H." HEIGHT="54" WIDTH="77" VPOS="2023" HPOS="1056"/>
<SP HEIGHT="54" WIDTH="51" VPOS="2023" HPOS="1134"/>
<String CONTENT="Howard" HEIGHT="54" WIDTH="258" VPOS="2023" HPOS="1186"/>
<SP HEIGHT="67" WIDTH="54" VPOS="2024" HPOS="1445"/>
<String CS="1" CONTENT="[and]" HEIGHT="66" WIDTH="132" VPOS="2024" HPOS="1519"/>
<SP HEIGHT="66" WIDTH="53" VPOS="2024" HPOS="1652"/>
<String CONTENT="Willard" HEIGHT="55" WIDTH="251" VPOS="2023" HPOS="1706"/>
<SP HEIGHT="53" WIDTH="50" VPOS="2023" HPOS="1958"/>
<String CONTENT="E." HEIGHT="53" WIDTH="70" VPOS="2023" HPOS="2009"/>
<SP HEIGHT="52" WIDTH="48" VPOS="2024" HPOS="2080"/>
<String CONTENT="Parker." HEIGHT="54" WIDTH="235" VPOS="2023" HPOS="2129"/>
</TextLine>
<TextLine HEIGHT="70" WIDTH="1883" VPOS="2098" HPOS="372" STYLEREFS="StyleId-F33E3905-27F0-4893-92B9-EBE3D2866B5D-">
<String CONTENT="Rochester," HEIGHT="69" WIDTH="321" VPOS="2098" HPOS="372"/>
<SP HEIGHT="66" WIDTH="40" VPOS="2101" HPOS="694"/>
<String CONTENT="Public" HEIGHT="54" WIDTH="206" VPOS="2100" HPOS="735"/>
<SP HEIGHT="37" WIDTH="38" VPOS="2119" HPOS="942"/>
<String CONTENT="employment" HEIGHT="65" WIDTH="386" VPOS="2103" HPOS="981"/>
<SP HEIGHT="48" WIDTH="37" VPOS="2107" HPOS="1368"/>
<String CONTENT="center" HEIGHT="49" WIDTH="188" VPOS="2105" HPOS="1406"/>
<SP HEIGHT="35" WIDTH="37" VPOS="2119" HPOS="1595"/>
<String CONTENT="of" HEIGHT="54" WIDTH="64" VPOS="2100" HPOS="1633"/>
<SP HEIGHT="54" WIDTH="37" VPOS="2100" HPOS="1698"/>
<String CONTENT="Rochester," HEIGHT="66" WIDTH="326" VPOS="2100" HPOS="1736"/>
<SP HEIGHT="62" WIDTH="41" VPOS="2104" HPOS="2063"/>
<String CONTENT="1935." HEIGHT="51" WIDTH="150" VPOS="2103" HPOS="2105"/>
</TextLine>
<TextLine HEIGHT="49" WIDTH="883" VPOS="2185" HPOS="438">
<String CONTENT="345" HEIGHT="40" WIDTH="85" VPOS="2186" HPOS="438"/>
<SP HEIGHT="47" WIDTH="26" VPOS="2187" HPOS="524"/>
<String CONTENT="p." HEIGHT="37" WIDTH="40" VPOS="2197" HPOS="551"/>
<SP HEIGHT="40" WIDTH="29" VPOS="2185" HPOS="592"/>
<String CONTENT="incl." HEIGHT="41" WIDTH="108" VPOS="2185" HPOS="622"/>
<SP HEIGHT="39" WIDTH="27" VPOS="2188" HPOS="731"/>
<String CONTENT="diagrs.," HEIGHT="48" WIDTH="194" VPOS="2186" HPOS="759"/>
<SP HEIGHT="47" WIDTH="26" VPOS="2187" HPOS="954"/>
<String CONTENT="forms." HEIGHT="40" WIDTH="167" VPOS="2187" HPOS="981"/>
<SP HEIGHT="41" WIDTH="55" VPOS="2185" HPOS="1149"/>
<String CONTENT="23" HEIGHT="42" WIDTH="56" VPOS="2185" HPOS="1205"/>
<String STYLE="superscript" CONTENT="cm" HEIGHT="22" WIDTH="45" VPOS="2187" HPOS="1264"/>
<String CONTENT="." HEIGHT="10" WIDTH="9" VPOS="2215" HPOS="1312"/>
</TextLine>
<TextLine HEIGHT="53" WIDTH="1925" VPOS="2255" HPOS="440" CS="1">
<String CONTENT="Publicity" HEIGHT="48" WIDTH="241" VPOS="2257" HPOS="440"/>
<SP HEIGHT="37" WIDTH="39" VPOS="2269" HPOS="682"/>
<String CONTENT="printed" HEIGHT="48" WIDTH="193" VPOS="2258" HPOS="722"/>
<SP HEIGHT="39" WIDTH="40" VPOS="2259" HPOS="916"/>
<String CONTENT="material" HEIGHT="41" WIDTH="225" VPOS="2257" HPOS="957"/>
<SP HEIGHT="39" WIDTH="42" VPOS="2259" HPOS="1183"/>
<String CONTENT="sample" HEIGHT="48" WIDTH="185" VPOS="2257" HPOS="1226"/>
<SP HEIGHT="49" WIDTH="50" VPOS="2257" HPOS="1412"/>
<String CONTENT="([4]" HEIGHT="51" WIDTH="81" VPOS="2257" HPOS="1463"/>
<SP HEIGHT="40" WIDTH="43" VPOS="2268" HPOS="1545"/>
<String LANG="fr" CONTENT="p." HEIGHT="38" WIDTH="44" VPOS="2268" HPOS="1589"/>
<SP HEIGHT="41" WIDTH="68" VPOS="2256" HPOS="1634"/>
<String LANG="fr" CONTENT="22" HEIGHT="41" WIDTH="55" VPOS="2255" HPOS="1703"/>
<String CS="1" CONTENT="&#189;&#215;"/>
<String LANG="fr" CS="1" CONTENT="10cm)" HEIGHT="49" WIDTH="128" VPOS="2256" HPOS="1854"/>
<SP HEIGHT="48" WIDTH="49" VPOS="2257" HPOS="1983"/>
<String CONTENT="mounted" HEIGHT="41" WIDTH="230" VPOS="2257" HPOS="2033"/>
<SP HEIGHT="40" WIDTH="40" VPOS="2257" HPOS="2264"/>
<String CONTENT="on" HEIGHT="30" WIDTH="60" VPOS="2267" HPOS="2305"/>
</TextLine>
<TextLine HEIGHT="49" WIDTH="169" VPOS="2314" HPOS="371">
<String CONTENT="p." HEIGHT="36" WIDTH="39" VPOS="2327" HPOS="371"/>
<SP HEIGHT="40" WIDTH="31" VPOS="2314" HPOS="411"/>
<String CONTENT="239." HEIGHT="41" WIDTH="97" VPOS="2314" HPOS="443"/>
</TextLine>
<TextLine HEIGHT="50" WIDTH="1811" VPOS="2370" HPOS="443">
<String CONTENT="&#8220;Books" HEIGHT="40" WIDTH="188" VPOS="2372" HPOS="443"/>
<SP HEIGHT="29" WIDTH="28" VPOS="2383" HPOS="632"/>
<String CONTENT="of" HEIGHT="41" WIDTH="52" VPOS="2371" HPOS="661"/>
<SP HEIGHT="41" WIDTH="26" VPOS="2371" HPOS="714"/>
<String CONTENT="testing&#8221;" HEIGHT="50" WIDTH="209" VPOS="2370" HPOS="741"/>
<SP HEIGHT="42" WIDTH="17" VPOS="2370" HPOS="951"/>
<String CONTENT=":" HEIGHT="30" WIDTH="9" VPOS="2382" HPOS="969"/>
<SP HEIGHT="37" WIDTH="29" VPOS="2382" HPOS="979"/>
<String CONTENT="p." HEIGHT="37" WIDTH="41" VPOS="2382" HPOS="1009"/>
<SP HEIGHT="39" WIDTH="30" VPOS="2372" HPOS="1051"/>
<String CONTENT="150." HEIGHT="41" WIDTH="97" VPOS="2371" HPOS="1082"/>
<SP HEIGHT="40" WIDTH="59" VPOS="2372" HPOS="1180"/>
<String CONTENT="&#8220;Reference" HEIGHT="41" WIDTH="294" VPOS="2371" HPOS="1240"/>
<SP HEIGHT="30" WIDTH="26" VPOS="2382" HPOS="1535"/>
<String CONTENT="reading" HEIGHT="49" WIDTH="202" VPOS="2371" HPOS="1562"/>
<SP HEIGHT="47" WIDTH="26" VPOS="2373" HPOS="1765"/>
<String CONTENT="list&#8221;" HEIGHT="41" WIDTH="113" VPOS="2370" HPOS="1792"/>
<SP HEIGHT="41" WIDTH="17" VPOS="2370" HPOS="1906"/>
<String CONTENT=":" HEIGHT="29" WIDTH="10" VPOS="2382" HPOS="1924"/>
<SP HEIGHT="38" WIDTH="30" VPOS="2382" HPOS="1935"/>
<String CONTENT="p." HEIGHT="37" WIDTH="41" VPOS="2383" HPOS="1966"/>
<SP HEIGHT="41" WIDTH="29" VPOS="2371" HPOS="2008"/>
<String CONTENT="329-336." HEIGHT="42" WIDTH="216" VPOS="2370" HPOS="2038"/>
</TextLine>
<TextLine HEIGHT="53" WIDTH="1993" VPOS="2438" HPOS="372" CS="1">
<String CONTENT="&#169;" HEIGHT="53" WIDTH="53" VPOS="2438" HPOS="372"/>
<SP HEIGHT="53" WIDTH="34" VPOS="2438" HPOS="426"/>
<String CONTENT="Jan." HEIGHT="40" WIDTH="108" VPOS="2443" HPOS="461"/>
<SP HEIGHT="39" WIDTH="36" VPOS="2442" HPOS="570"/>
<String CONTENT="28," HEIGHT="48" WIDTH="69" VPOS="2442" HPOS="607"/>
<SP HEIGHT="47" WIDTH="35" VPOS="2443" HPOS="677"/>
<String CONTENT="1935" HEIGHT="42" WIDTH="118" VPOS="2441" HPOS="713"/>
<SP HEIGHT="46" WIDTH="13" VPOS="2443" HPOS="832"/>
<String CONTENT=";" HEIGHT="36" WIDTH="8" VPOS="2453" HPOS="846"/>
<SP HEIGHT="46" WIDTH="38" VPOS="2443" HPOS="855"/>
<String CONTENT="2c." HEIGHT="40" WIDTH="65" VPOS="2443" HPOS="894"/>
<SP HEIGHT="40" WIDTH="39" VPOS="2442" HPOS="960"/>
<String CONTENT="Feb." HEIGHT="40" WIDTH="107" VPOS="2442" HPOS="1000"/>
<SP HEIGHT="38" WIDTH="37" VPOS="2443" HPOS="1108"/>
<String CONTENT="1;" HEIGHT="46" WIDTH="52" VPOS="2443" HPOS="1146"/>
<SP/>
<String CS="1" CONTENT="aff."/>
<SP HEIGHT="39" WIDTH="36" VPOS="2443" HPOS="1321"/>
<String CONTENT="Jan." HEIGHT="39" WIDTH="109" VPOS="2443" HPOS="1358"/>
<SP HEIGHT="40" WIDTH="35" VPOS="2442" HPOS="1468"/>
<String CONTENT="30;" HEIGHT="47" WIDTH="82" VPOS="2441" HPOS="1504"/>
<SP HEIGHT="47" WIDTH="38" VPOS="2441" HPOS="1587"/>
<!-- cceid 8753648F-6D82-1014-B070-FDFD250A9EDA --><String CONTENT="A" HEIGHT="40" WIDTH="39" VPOS="2441" HPOS="1626"/>
<SP HEIGHT="41" WIDTH="35" VPOS="2441" HPOS="1666"/>
<String CONTENT="79431;" HEIGHT="49" WIDTH="170" VPOS="2440" HPOS="1702"/>
<SP HEIGHT="47" WIDTH="39" VPOS="2442" HPOS="1873"/>
<String CONTENT="New" HEIGHT="39" WIDTH="116" VPOS="2442" HPOS="1913"/>
<SP HEIGHT="39" WIDTH="37" VPOS="2441" HPOS="2030"/>
<String CONTENT="York" HEIGHT="39" WIDTH="131" VPOS="2441" HPOS="2068"/>
<SP HEIGHT="39" WIDTH="35" VPOS="2442" HPOS="2200"/>
<String CONTENT="state" HEIGHT="39" WIDTH="129" VPOS="2442" HPOS="2236"/>
</TextLine>
<TextLine HEIGHT="51" WIDTH="1173" VPOS="2498" HPOS="440">
<String CONTENT="employment" HEIGHT="47" WIDTH="325" VPOS="2502" HPOS="440"/>
<SP HEIGHT="39" WIDTH="17" VPOS="2502" HPOS="766"/>
<String CONTENT="service," HEIGHT="48" WIDTH="200" VPOS="2499" HPOS="784"/>
<SP HEIGHT="48" WIDTH="21" VPOS="2499" HPOS="985"/>
<String CONTENT="New" HEIGHT="40" WIDTH="116" VPOS="2499" HPOS="1007"/>
<SP HEIGHT="39" WIDTH="21" VPOS="2499" HPOS="1124"/>
<String CONTENT="York." HEIGHT="39" WIDTH="143" VPOS="2499" HPOS="1146"/>
<SP HEIGHT="48" WIDTH="70" VPOS="2498" HPOS="1290"/>
<String CONTENT="(35-3614)" HEIGHT="48" WIDTH="252" VPOS="2498" HPOS="1361"/>
</TextLine>
<TextLine HEIGHT="71" WIDTH="1994" VPOS="2586" HPOS="368" STYLEREFS="StyleId-F33E3905-27F0-4893-92B9-EBE3D2866B5D-">
<String CONTENT="Public" HEIGHT="57" WIDTH="203" VPOS="2586" HPOS="368"/>
<SP HEIGHT="36" WIDTH="29" VPOS="2607" HPOS="572"/>
<String CONTENT="utilities" HEIGHT="55" WIDTH="240" VPOS="2588" HPOS="602"/>
<SP HEIGHT="34" WIDTH="31" VPOS="2609" HPOS="843"/>
<String CONTENT="reports" HEIGHT="62" WIDTH="222" VPOS="2595" HPOS="875"/>
<SP HEIGHT="67" WIDTH="29" VPOS="2590" HPOS="1098"/>
<String CONTENT="(New" HEIGHT="67" WIDTH="166" VPOS="2590" HPOS="1128"/>
<SP HEIGHT="36" WIDTH="32" VPOS="2609" HPOS="1295"/>
<String CONTENT="series)" HEIGHT="68" WIDTH="196" VPOS="2589" HPOS="1328"/>
<SP HEIGHT="68" WIDTH="79" VPOS="2589" HPOS="1525"/>
<String CONTENT="Containing" HEIGHT="69" WIDTH="352" VPOS="2588" HPOS="1605"/>
<SP HEIGHT="67" WIDTH="31" VPOS="2590" HPOS="1958"/>
<String CONTENT="decisions" HEIGHT="54" WIDTH="276" VPOS="2588" HPOS="1990"/>
<SP HEIGHT="34" WIDTH="31" VPOS="2606" HPOS="2267"/>
<String CONTENT="of" HEIGHT="52" WIDTH="63" VPOS="2587" HPOS="2299"/>
</TextLine>
<TextLine HEIGHT="69" WIDTH="1923" VPOS="2666" HPOS="439" STYLEREFS="StyleId-F33E3905-27F0-4893-92B9-EBE3D2866B5D-">
<String CONTENT="the" HEIGHT="52" WIDTH="97" VPOS="2667" HPOS="439"/>
<SP HEIGHT="33" WIDTH="28" VPOS="2686" HPOS="537"/>
<String CONTENT="regulatory" HEIGHT="66" WIDTH="329" VPOS="2669" HPOS="566"/>
<SP HEIGHT="47" WIDTH="31" VPOS="2688" HPOS="896"/>
<String CONTENT="commissions" HEIGHT="55" WIDTH="384" VPOS="2666" HPOS="928"/>
<SP HEIGHT="35" WIDTH="31" VPOS="2686" HPOS="1313"/>
<String CONTENT="and" HEIGHT="53" WIDTH="113" VPOS="2667" HPOS="1345"/>
<SP HEIGHT="52" WIDTH="30" VPOS="2667" HPOS="1459"/>
<String CONTENT="of" HEIGHT="52" WIDTH="63" VPOS="2667" HPOS="1490"/>
<SP HEIGHT="52" WIDTH="26" VPOS="2667" HPOS="1554"/>
<String CONTENT="state" HEIGHT="47" WIDTH="148" VPOS="2672" HPOS="1581"/>
<SP HEIGHT="33" WIDTH="28" VPOS="2686" HPOS="1730"/>
<String CONTENT="and" HEIGHT="52" WIDTH="114" VPOS="2667" HPOS="1759"/>
<SP HEIGHT="52" WIDTH="30" VPOS="2667" HPOS="1874"/>
<String CONTENT="federal" HEIGHT="52" WIDTH="219" VPOS="2667" HPOS="1905"/>
<SP HEIGHT="50" WIDTH="30" VPOS="2667" HPOS="2125"/>
<String CONTENT="courts." HEIGHT="48" WIDTH="206" VPOS="2670" HPOS="2156"/>
</TextLine>
<TextLine HEIGHT="68" WIDTH="1920" VPOS="2744" HPOS="442" STYLEREFS="StyleId-F33E3905-27F0-4893-92B9-EBE3D2866B5D-" CS="1">
<String CONTENT="Henry" HEIGHT="67" WIDTH="203" VPOS="2744" HPOS="442"/>
<SP HEIGHT="66" WIDTH="44" VPOS="2745" HPOS="646"/>
<String CONTENT="C." HEIGHT="55" WIDTH="61" VPOS="2745" HPOS="691"/>
<SP HEIGHT="55" WIDTH="45" VPOS="2746" HPOS="753"/>
<String CONTENT="Spurr" HEIGHT="66" WIDTH="187" VPOS="2746" HPOS="799"/>
<SP HEIGHT="33" WIDTH="46" VPOS="2764" HPOS="987"/>
<String CS="1" CONTENT="&#8230;"/>
<SP HEIGHT="33" WIDTH="46" VPOS="2764" HPOS="1090"/>
<String CONTENT="editor" HEIGHT="53" WIDTH="186" VPOS="2744" HPOS="1137"/>
<SP HEIGHT="33" WIDTH="45" VPOS="2764" HPOS="1324"/>
<String CS="1" CONTENT="&#8230;"/>
<SP HEIGHT="35" WIDTH="82" VPOS="2762" HPOS="1426"/>
<String CONTENT="v." HEIGHT="35" WIDTH="50" VPOS="2762" HPOS="1509"/>
<SP HEIGHT="47" WIDTH="45" VPOS="2750" HPOS="1560"/>
<String CONTENT="5." HEIGHT="47" WIDTH="45" VPOS="2750" HPOS="1606"/>
<SP HEIGHT="49" WIDTH="81" VPOS="2748" HPOS="1652"/>
<String CONTENT="1934." HEIGHT="51" WIDTH="149" VPOS="2747" HPOS="1734"/>
<SP HEIGHT="54" WIDTH="75" VPOS="2745" HPOS="1884"/>
<String CONTENT="Washington," HEIGHT="67" WIDTH="402" VPOS="2744" HPOS="1960"/>
</TextLine>
<TextLine HEIGHT="68" WIDTH="1846" VPOS="2822" HPOS="440" STYLEREFS="StyleId-F33E3905-27F0-4893-92B9-EBE3D2866B5D-" CS="1">
<String LANG="fr" CONTENT="D." HEIGHT="52" WIDTH="70" VPOS="2822" HPOS="440"/>
<SP HEIGHT="55" WIDTH="27" VPOS="2822" HPOS="511"/>
<String CONTENT="C.," HEIGHT="67" WIDTH="81" VPOS="2822" HPOS="539"/>
<SP HEIGHT="64" WIDTH="22" VPOS="2825" HPOS="621"/>
<String CONTENT="Rochester," HEIGHT="66" WIDTH="324" VPOS="2824" HPOS="644"/>
<SP HEIGHT="65" WIDTH="22" VPOS="2825" HPOS="969"/>
<String LANG="fi" CONTENT="N." HEIGHT="52" WIDTH="69" VPOS="2825" HPOS="992"/>
<SP HEIGHT="52" WIDTH="26" VPOS="2825" HPOS="1062"/>
<String CONTENT="Y.," HEIGHT="65" WIDTH="90" VPOS="2825" HPOS="1089"/>
<SP HEIGHT="65" WIDTH="21" VPOS="2825" HPOS="1180"/>
<String CONTENT="Public" HEIGHT="53" WIDTH="204" VPOS="2823" HPOS="1202"/>
<SP HEIGHT="35" WIDTH="22" VPOS="2840" HPOS="1407"/>
<String CONTENT="utilities" HEIGHT="55" WIDTH="238" VPOS="2822" HPOS="1430"/>
<SP HEIGHT="33" WIDTH="24" VPOS="2842" HPOS="1669"/>
<String CONTENT="reports," HEIGHT="64" WIDTH="239" VPOS="2826" HPOS="1694"/>
<SP HEIGHT="67" WIDTH="21" VPOS="2822" HPOS="1934"/>
<String CONTENT="inc." HEIGHT="56" WIDTH="107" VPOS="2822" HPOS="1956"/>
<SP HEIGHT="34" WIDTH="29" VPOS="2855" HPOS="2064"/>
<String CS="1" CONTENT="["/>
<String STYLE="superscript" CONTENT="c" HEIGHT="22" WIDTH="23" VPOS="2828" HPOS="2108"/>
<String CONTENT="1935]" HEIGHT="63" WIDTH="150" VPOS="2824" HPOS="2136"/>
</TextLine>
<TextLine HEIGHT="48" WIDTH="510" VPOS="2909" HPOS="438" CS="1">
<String CONTENT="xxxii," HEIGHT="48" WIDTH="153" VPOS="2909" HPOS="438"/>
<SP HEIGHT="47" WIDTH="27" VPOS="2910" HPOS="592"/>
<String CONTENT="617" HEIGHT="40" WIDTH="88" VPOS="2910" HPOS="620"/>
<SP HEIGHT="46" WIDTH="23" VPOS="2911" HPOS="709"/>
<String CONTENT="p." HEIGHT="36" WIDTH="42" VPOS="2921" HPOS="733"/>
<SP HEIGHT="40" WIDTH="55" VPOS="2910" HPOS="776"/>
<String CS="1" CONTENT="25c" HEIGHT="40" WIDTH="55" VPOS="2910" HPOS="832"/>
<String STYLE="superscript" CONTENT="m" HEIGHT="21" WIDTH="27" VPOS="2912" HPOS="908"/>
<String CONTENT="." HEIGHT="9" WIDTH="9" VPOS="2940" HPOS="939"/>
</TextLine>
<TextLine HEIGHT="53" WIDTH="1993" VPOS="2973" HPOS="372">
<String CONTENT="&#169;" HEIGHT="53" WIDTH="53" VPOS="2973" HPOS="372"/>
<SP HEIGHT="53" WIDTH="32" VPOS="2973" HPOS="426"/>
<String CONTENT="Mar." HEIGHT="39" WIDTH="121" VPOS="2978" HPOS="459"/>
<SP HEIGHT="39" WIDTH="33" VPOS="2978" HPOS="581"/>
<String CONTENT="14," HEIGHT="47" WIDTH="69" VPOS="2978" HPOS="615"/>
<SP HEIGHT="46" WIDTH="31" VPOS="2979" HPOS="685"/>
<String CONTENT="1935;" HEIGHT="48" WIDTH="141" VPOS="2978" HPOS="717"/>
<SP HEIGHT="48" WIDTH="33" VPOS="2978" HPOS="859"/>
<String CONTENT="2c." HEIGHT="41" WIDTH="68" VPOS="2978" HPOS="893"/>
<SP HEIGHT="38" WIDTH="36" VPOS="2980" HPOS="962"/>
<String CONTENT="Mar." HEIGHT="38" WIDTH="119" VPOS="2980" HPOS="999"/>
<SP HEIGHT="39" WIDTH="32" VPOS="2978" HPOS="1119"/>
<String CONTENT="26;" HEIGHT="48" WIDTH="83" VPOS="2978" HPOS="1152"/>
<SP HEIGHT="37" WIDTH="36" VPOS="2989" HPOS="1236"/>
<String CONTENT="aff." HEIGHT="41" WIDTH="82" VPOS="2978" HPOS="1273"/>
<SP HEIGHT="39" WIDTH="34" VPOS="2979" HPOS="1356"/>
<String CONTENT="Mar." HEIGHT="39" WIDTH="120" VPOS="2979" HPOS="1391"/>
<SP HEIGHT="40" WIDTH="35" VPOS="2977" HPOS="1512"/>
<String CONTENT="23;" HEIGHT="47" WIDTH="82" VPOS="2977" HPOS="1548"/>
<SP HEIGHT="45" WIDTH="36" VPOS="2979" HPOS="1631"/>
<!-- cceid 87541F22-6D82-1014-B070-FDFD250A9EDA --><String CONTENT="A" HEIGHT="38" WIDTH="41" VPOS="2979" HPOS="1668"/>
<SP HEIGHT="40" WIDTH="32" VPOS="2978" HPOS="1710"/>
<String CONTENT="82194;" HEIGHT="47" WIDTH="170" VPOS="2976" HPOS="1743"/>
<SP HEIGHT="46" WIDTH="35" VPOS="2977" HPOS="1914"/>
<String CONTENT="Public" HEIGHT="41" WIDTH="169" VPOS="2975" HPOS="1950"/>
<SP HEIGHT="29" WIDTH="34" VPOS="2986" HPOS="2120"/>
<String CONTENT="utilities" HEIGHT="42" WIDTH="210" VPOS="2974" HPOS="2155"/>
</TextLine>
<TextLine HEIGHT="48" WIDTH="323" VPOS="3034" HPOS="440">
<String CONTENT="reports," HEIGHT="46" WIDTH="203" VPOS="3036" HPOS="440"/>
<SP HEIGHT="48" WIDTH="28" VPOS="3034" HPOS="644"/>
<String CONTENT="inc." HEIGHT="41" WIDTH="90" VPOS="3034" HPOS="673"/>
</TextLine>
<TextLine HEIGHT="67" WIDTH="1173" VPOS="3108" HPOS="370" STYLEREFS="StyleId-84D89670-A617-4BD5-829A-312165A1BCBB-">
<String CONTENT="Pupin," HEIGHT="65" WIDTH="207" VPOS="3108" HPOS="370"/>
<SP HEIGHT="62" WIDTH="25" VPOS="3111" HPOS="578"/>
<String CONTENT="Michael" HEIGHT="53" WIDTH="251" VPOS="3110" HPOS="604"/>
<SP HEIGHT="52" WIDTH="25" VPOS="3112" HPOS="856"/>
<String CONTENT="Idvorsky," HEIGHT="64" WIDTH="306" VPOS="3111" HPOS="882"/>
<SP HEIGHT="56" WIDTH="29" VPOS="3118" HPOS="1189"/>
<String CONTENT="1858-1935." HEIGHT="51" WIDTH="324" VPOS="3115" HPOS="1219"/>
</TextLine>
<TextLine HEIGHT="71" WIDTH="1855" VPOS="3185" HPOS="504" STYLEREFS="StyleId-F33E3905-27F0-4893-92B9-EBE3D2866B5D-" CS="1">
<String CS="1" CONTENT="&#8230;"/>
<SP HEIGHT="53" WIDTH="50" VPOS="3187" HPOS="504"/>
<String CONTENT="From" HEIGHT="53" WIDTH="175" VPOS="3187" HPOS="555"/>
<SP HEIGHT="53" WIDTH="45" VPOS="3188" HPOS="731"/>
<String CONTENT="immigrant" HEIGHT="68" WIDTH="336" VPOS="3188" HPOS="777"/>
<SP HEIGHT="49" WIDTH="42" VPOS="3193" HPOS="1114"/>
<String CONTENT="to" HEIGHT="49" WIDTH="58" VPOS="3193" HPOS="1157"/>
<SP HEIGHT="53" WIDTH="44" VPOS="3188" HPOS="1216"/>
<String CONTENT="inventor;" HEIGHT="63" WIDTH="292" VPOS="3188" HPOS="1261"/>
<SP HEIGHT="46" WIDTH="50" VPOS="3205" HPOS="1554"/>
<String CONTENT="an" HEIGHT="35" WIDTH="71" VPOS="3205" HPOS="1605"/>
<SP HEIGHT="36" WIDTH="46" VPOS="3204" HPOS="1677"/>
<String CONTENT="example" HEIGHT="67" WIDTH="257" VPOS="3186" HPOS="1724"/>
<SP HEIGHT="53" WIDTH="46" VPOS="3185" HPOS="1982"/>
<String CONTENT="for" HEIGHT="54" WIDTH="94" VPOS="3185" HPOS="2029"/>
<SP HEIGHT="49" WIDTH="42" VPOS="3203" HPOS="2124"/>
<String CONTENT="young" HEIGHT="51" WIDTH="192" VPOS="3201" HPOS="2167"/>
</TextLine>
<TextLine HEIGHT="70" WIDTH="1980" VPOS="3262" HPOS="373" STYLEREFS="StyleId-F33E3905-27F0-4893-92B9-EBE3D2866B5D-" CS="1">
<String CONTENT="Americans," HEIGHT="67" WIDTH="349" VPOS="3263" HPOS="373"/>
<SP HEIGHT="65" WIDTH="36" VPOS="3265" HPOS="723"/>
<String CONTENT="by" HEIGHT="66" WIDTH="75" VPOS="3265" HPOS="760"/>
<SP HEIGHT="66" WIDTH="33" VPOS="3265" HPOS="836"/>
<String CONTENT="Michael" HEIGHT="54" WIDTH="247" VPOS="3264" HPOS="870"/>
<SP HEIGHT="52" WIDTH="35" VPOS="3266" HPOS="1118"/>
<String CONTENT="Pupin" HEIGHT="66" WIDTH="194" VPOS="3266" HPOS="1154"/>
<SP HEIGHT="35" WIDTH="42" VPOS="3283" HPOS="1349"/>
<String CS="1" CONTENT="&#8230;"/>
<SP HEIGHT="53" WIDTH="74" VPOS="3265" HPOS="1450"/>
<String CONTENT="New" HEIGHT="52" WIDTH="140" VPOS="3265" HPOS="1525"/>
<SP HEIGHT="53" WIDTH="35" VPOS="3263" HPOS="1666"/>
<String CONTENT="York," HEIGHT="64" WIDTH="180" VPOS="3263" HPOS="1702"/>
<SP HEIGHT="65" WIDTH="35" VPOS="3262" HPOS="1883"/>
<String CONTENT="Chicago" HEIGHT="67" WIDTH="256" VPOS="3262" HPOS="1919"/>
<SP HEIGHT="47" WIDTH="38" VPOS="3281" HPOS="2176"/>
<String CS="1" CONTENT="[etc.]" HEIGHT="63" WIDTH="120" VPOS="3265" HPOS="2233"/>
</TextLine>
<TextLine HEIGHT="69" WIDTH="770" VPOS="3339" HPOS="372" STYLEREFS="StyleId-F33E3905-27F0-4893-92B9-EBE3D2866B5D-" CS="1">
<String CONTENT="C." HEIGHT="55" WIDTH="64" VPOS="3339" HPOS="372"/>
<SP HEIGHT="55" WIDTH="30" VPOS="3340" HPOS="437"/>
<String CONTENT="Scribner&#8217;s" HEIGHT="56" WIDTH="310" VPOS="3339" HPOS="468"/>
<SP HEIGHT="35" WIDTH="25" VPOS="3359" HPOS="779"/>
<String CONTENT="sons" HEIGHT="35" WIDTH="129" VPOS="3359" HPOS="805"/>
<SP HEIGHT="48" WIDTH="32" VPOS="3360" HPOS="935"/>
<String STYLE="subscript" CONTENT="[" HEIGHT="33" WIDTH="12" VPOS="3375" HPOS="968"/>
<String STYLE="superscript" CONTENT="c" HEIGHT="22" WIDTH="20" VPOS="3347" HPOS="984"/>
<String CS="1" CONTENT="1934]" HEIGHT="49" WIDTH="134" VPOS="3345" HPOS="1008"/>
</TextLine>
<TextLine HEIGHT="106" WIDTH="1968" VPOS="3425" HPOS="371" CS="1">
<String CONTENT="5" HEIGHT="40" WIDTH="27" VPOS="3426" HPOS="441"/>
<SP HEIGHT="49" WIDTH="34" VPOS="3426" HPOS="469"/>
<String LANG="fr" CONTENT="p." HEIGHT="38" WIDTH="43" VPOS="3437" HPOS="504"/>
<SP/>
<String LANG="fr" CS="1" CONTENT="l."/>
<String CONTENT="," HEIGHT="16" WIDTH="8" VPOS="3458" HPOS="622"/>
<SP HEIGHT="47" WIDTH="37" VPOS="3427" HPOS="631"/>
<String CONTENT="193" HEIGHT="41" WIDTH="85" VPOS="3425" HPOS="669"/>
<SP HEIGHT="50" WIDTH="37" VPOS="3425" HPOS="755"/>
<String CONTENT="p." HEIGHT="37" WIDTH="43" VPOS="3438" HPOS="793"/>
<SP HEIGHT="41" WIDTH="58" VPOS="3427" HPOS="837"/>
<String CONTENT="front.," HEIGHT="46" WIDTH="164" VPOS="3427" HPOS="896"/>
<SP HEIGHT="38" WIDTH="37" VPOS="3438" HPOS="1061"/>
<String CONTENT="plates," HEIGHT="49" WIDTH="169" VPOS="3427" HPOS="1099"/>
<SP HEIGHT="38" WIDTH="38" VPOS="3438" HPOS="1269"/>
<String CONTENT="ports." HEIGHT="47" WIDTH="148" VPOS="3429" HPOS="1308"/>
<SP HEIGHT="39" WIDTH="60" VPOS="3427" HPOS="1457"/>
<String CS="1" CONTENT="19&#189;" HEIGHT="40" WIDTH="55" VPOS="3427" HPOS="1518"/>
<String STYLE="superscript" CS="1" CONTENT="cm" HEIGHT="21" WIDTH="15" VPOS="3429" HPOS="1605"/>
<String CONTENT="." HEIGHT="9" WIDTH="9" VPOS="3459" HPOS="1653"/>
<SP HEIGHT="47" WIDTH="75" VPOS="3427" HPOS="1663"/>
<String CONTENT="(Modern" HEIGHT="48" WIDTH="222" VPOS="3426" HPOS="1739"/>
<SP HEIGHT="29" WIDTH="39" VPOS="3436" HPOS="1962"/>
<String CONTENT="standard" HEIGHT="39" WIDTH="236" VPOS="3426" HPOS="2002"/>
<SP HEIGHT="40" WIDTH="37" VPOS="3426" HPOS="2239"/>
<String CONTENT="authors)" HEIGHT="96" WIDTH="1968" VPOS="3435" HPOS="371"/>
</TextLine>
<TextLine HEIGHT="50" WIDTH="1906" VPOS="3552" HPOS="441">
<String CONTENT="This" HEIGHT="41" WIDTH="119" VPOS="3553" HPOS="441"/>
<SP HEIGHT="29" WIDTH="26" VPOS="3565" HPOS="561"/>
<String CONTENT="short" HEIGHT="40" WIDTH="137" VPOS="3554" HPOS="588"/>
<SP HEIGHT="39" WIDTH="26" VPOS="3555" HPOS="726"/>
<String CONTENT="edition" HEIGHT="40" WIDTH="183" VPOS="3554" HPOS="753"/>
<SP HEIGHT="29" WIDTH="27" VPOS="3565" HPOS="937"/>
<String CONTENT="of" HEIGHT="40" WIDTH="51" VPOS="3554" HPOS="965"/>
<SP HEIGHT="40" WIDTH="25" VPOS="3554" HPOS="1017"/>
<String CONTENT="the" HEIGHT="40" WIDTH="82" VPOS="3555" HPOS="1043"/>
<SP HEIGHT="30" WIDTH="26" VPOS="3565" HPOS="1126"/>
<String CONTENT="author&#8217;s" HEIGHT="41" WIDTH="218" VPOS="3554" HPOS="1153"/>
<SP HEIGHT="29" WIDTH="26" VPOS="3565" HPOS="1372"/>
<String CONTENT="autobiography" HEIGHT="48" WIDTH="385" VPOS="3554" HPOS="1399"/>
<SP HEIGHT="48" WIDTH="38" VPOS="3552" HPOS="1785"/>
<String CONTENT="(published" HEIGHT="49" WIDTH="276" VPOS="3552" HPOS="1824"/>
<SP HEIGHT="39" WIDTH="29" VPOS="3553" HPOS="2101"/>
<String CONTENT="in" HEIGHT="38" WIDTH="47" VPOS="3553" HPOS="2131"/>
<SP HEIGHT="38" WIDTH="31" VPOS="3553" HPOS="2179"/>
<String CONTENT="1923)" HEIGHT="46" WIDTH="136" VPOS="3552" HPOS="2211"/>
</TextLine>
<TextLine HEIGHT="48" WIDTH="841" VPOS="3610" HPOS="372">
<String CONTENT="covers" HEIGHT="31" WIDTH="164" VPOS="3620" HPOS="372"/>
<SP HEIGHT="38" WIDTH="26" VPOS="3612" HPOS="537"/>
<String CONTENT="the" HEIGHT="39" WIDTH="83" VPOS="3612" HPOS="564"/>
<SP HEIGHT="37" WIDTH="24" VPOS="3621" HPOS="648"/>
<String CONTENT="period" HEIGHT="48" WIDTH="165" VPOS="3610" HPOS="673"/>
<SP HEIGHT="40" WIDTH="28" VPOS="3611" HPOS="839"/>
<String CONTENT="of" HEIGHT="41" WIDTH="50" VPOS="3610" HPOS="868"/>
<SP HEIGHT="40" WIDTH="25" VPOS="3610" HPOS="919"/>
<String CONTENT="his" HEIGHT="40" WIDTH="76" VPOS="3611" HPOS="945"/>
<SP HEIGHT="36" WIDTH="26" VPOS="3622" HPOS="1022"/>
<String CONTENT="youth." HEIGHT="46" WIDTH="164" VPOS="3612" HPOS="1049"/>
</TextLine>
<TextLine HEIGHT="53" WIDTH="1983" VPOS="3675" HPOS="374">
<String CONTENT="&#169;" HEIGHT="53" WIDTH="53" VPOS="3675" HPOS="374"/>
<SP HEIGHT="53" WIDTH="38" VPOS="3675" HPOS="428"/>
<String CONTENT="Dec." HEIGHT="39" WIDTH="111" VPOS="3681" HPOS="467"/>
<SP HEIGHT="39" WIDTH="38" VPOS="3681" HPOS="579"/>
<String CONTENT="19," HEIGHT="48" WIDTH="69" VPOS="3680" HPOS="618"/>
<SP HEIGHT="47" WIDTH="39" VPOS="3681" HPOS="688"/>
<String CONTENT="1934;" HEIGHT="48" WIDTH="142" VPOS="3679" HPOS="728"/>
<SP HEIGHT="48" WIDTH="40" VPOS="3679" HPOS="871"/>
<String CONTENT="2c." HEIGHT="41" WIDTH="66" VPOS="3679" HPOS="912"/>
<SP HEIGHT="39" WIDTH="41" VPOS="3681" HPOS="979"/>
<String CONTENT="Jan." HEIGHT="39" WIDTH="107" VPOS="3681" HPOS="1021"/>
<SP HEIGHT="39" WIDTH="41" VPOS="3681" HPOS="1129"/>
<String CONTENT="19," HEIGHT="47" WIDTH="69" VPOS="3680" HPOS="1171"/>
<SP HEIGHT="47" WIDTH="38" VPOS="3680" HPOS="1241"/>
<String CONTENT="1935;" HEIGHT="48" WIDTH="140" VPOS="3678" HPOS="1280"/>
<SP HEIGHT="36" WIDTH="41" VPOS="3690" HPOS="1421"/>
<String CONTENT="aff." HEIGHT="40" WIDTH="81" VPOS="3679" HPOS="1463"/>
<SP HEIGHT="39" WIDTH="41" VPOS="3680" HPOS="1545"/>
<String CONTENT="Jan." HEIGHT="39" WIDTH="109" VPOS="3680" HPOS="1587"/>
<SP HEIGHT="41" WIDTH="39" VPOS="3678" HPOS="1697"/>
<String CONTENT="24;" HEIGHT="47" WIDTH="83" VPOS="3678" HPOS="1737"/>
<SP HEIGHT="45" WIDTH="40" VPOS="3680" HPOS="1821"/>
<!-- cceid 8754D775-6D82-1014-B070-FDFD250A9EDA --><String CONTENT="A" HEIGHT="38" WIDTH="41" VPOS="3680" HPOS="1862"/>
<SP HEIGHT="39" WIDTH="38" VPOS="3679" HPOS="1904"/>
<String CONTENT="80211;" HEIGHT="47" WIDTH="169" VPOS="3678" HPOS="1943"/>
<SP HEIGHT="47" WIDTH="42" VPOS="3678" HPOS="2113"/>
<String CONTENT="Charles" HEIGHT="41" WIDTH="201" VPOS="3677" HPOS="2156"/>
</TextLine>
<TextLine HEIGHT="52" WIDTH="1911" VPOS="3733" HPOS="444">
<String CONTENT="Scribner&#8217;s&#183;" HEIGHT="41" WIDTH="266" VPOS="3736" HPOS="444"/>
<SP HEIGHT="29" WIDTH="24" VPOS="3747" HPOS="711"/>
<String CONTENT="sons." HEIGHT="30" WIDTH="124" VPOS="3747" HPOS="736"/>
<SP HEIGHT="29" WIDTH="62" VPOS="3756" HPOS="861"/>
<String CONTENT="[Copyright" HEIGHT="50" WIDTH="282" VPOS="3735" HPOS="924"/>
<SP HEIGHT="39" WIDTH="25" VPOS="3737" HPOS="1207"/>
<String CONTENT="is" HEIGHT="39" WIDTH="44" VPOS="3737" HPOS="1233"/>
<SP HEIGHT="29" WIDTH="24" VPOS="3747" HPOS="1278"/>
<String CONTENT="claimed" HEIGHT="40" WIDTH="205" VPOS="3736" HPOS="1303"/>
<SP HEIGHT="38" WIDTH="27" VPOS="3737" HPOS="1509"/>
<String CONTENT="on" HEIGHT="28" WIDTH="60" VPOS="3746" HPOS="1537"/>
<SP HEIGHT="37" WIDTH="28" VPOS="3746" HPOS="1598"/>
<String CONTENT="preface" HEIGHT="49" WIDTH="197" VPOS="3734" HPOS="1627"/>
<SP HEIGHT="29" WIDTH="24" VPOS="3745" HPOS="1825"/>
<String CONTENT="and" HEIGHT="39" WIDTH="95" VPOS="3736" HPOS="1850"/>
<SP HEIGHT="39" WIDTH="27" VPOS="3736" HPOS="1946"/>
<String CONTENT="editorial" HEIGHT="42" WIDTH="226" VPOS="3733" HPOS="1974"/>
<SP HEIGHT="37" WIDTH="28" VPOS="3736" HPOS="2201"/>
<String CONTENT="note]" HEIGHT="47" WIDTH="125" VPOS="3735" HPOS="2230"/>
</TextLine>
<TextLine HEIGHT="47" WIDTH="249" VPOS="3793" HPOS="453">
<String CONTENT="(35-3646)" HEIGHT="47" WIDTH="249" VPOS="3793" HPOS="453"/>
</TextLine>
<TextLine HEIGHT="67" WIDTH="1982" VPOS="3864" HPOS="373" STYLEREFS="StyleId-F33E3905-27F0-4893-92B9-EBE3D2866B5D-" CS="1">
<String CONTENT="Quarterly" HEIGHT="67" WIDTH="318" VPOS="3864" HPOS="373"/>
<SP HEIGHT="45" WIDTH="22" VPOS="3886" HPOS="692"/>
<String CONTENT="cumulative" HEIGHT="53" WIDTH="342" VPOS="3868" HPOS="715"/>
<SP HEIGHT="51" WIDTH="22" VPOS="3869" HPOS="1058"/>
<String CONTENT="index" HEIGHT="52" WIDTH="170" VPOS="3868" HPOS="1081"/>
<SP HEIGHT="33" WIDTH="19" VPOS="3886" HPOS="1252"/>
<String CONTENT="medicus" HEIGHT="52" WIDTH="249" VPOS="3867" HPOS="1272"/>
<SP HEIGHT="33" WIDTH="29" VPOS="3885" HPOS="1522"/>
<String CS="1" CONTENT="&#8230;"/>
<SP HEIGHT="33" WIDTH="61" VPOS="3885" HPOS="1607"/>
<String CONTENT="v." HEIGHT="33" WIDTH="51" VPOS="3885" HPOS="1669"/>
<SP HEIGHT="48" WIDTH="27" VPOS="3870" HPOS="1721"/>
<String CONTENT="16," HEIGHT="54" WIDTH="81" VPOS="3870" HPOS="1749"/>
<SP HEIGHT="57" WIDTH="21" VPOS="3867" HPOS="1831"/>
<String CONTENT="July-December," HEIGHT="66" WIDTH="502" VPOS="3865" HPOS="1853"/>
</TextLine>
<TextLine HEIGHT="58" WIDTH="1687" VPOS="3943" HPOS="445" STYLEREFS="StyleId-F33E3905-27F0-4893-92B9-EBE3D2866B5D-" CS="1">
<String CONTENT="1934." HEIGHT="49" WIDTH="147" VPOS="3947" HPOS="445"/>
<SP HEIGHT="53" WIDTH="75" VPOS="3945" HPOS="593"/>
<String CONTENT="Chicago." HEIGHT="57" WIDTH="268" VPOS="3944" HPOS="669"/>
<SP HEIGHT="54" WIDTH="32" VPOS="3946" HPOS="938"/>
<String CONTENT="American" HEIGHT="52" WIDTH="304" VPOS="3945" HPOS="971"/>
<SP HEIGHT="33" WIDTH="32" VPOS="3963" HPOS="1276"/>
<String CONTENT="medical" HEIGHT="53" WIDTH="239" VPOS="3944" HPOS="1309"/>
<SP HEIGHT="50" WIDTH="34" VPOS="3946" HPOS="1549"/>
<String CONTENT="association" HEIGHT="53" WIDTH="334" VPOS="3943" HPOS="1584"/>
<SP HEIGHT="37" WIDTH="37" VPOS="3962" HPOS="1919"/>
<String CS="1" CONTENT="["/>
<String STYLE="superscript" CONTENT="c" HEIGHT="21" WIDTH="24" VPOS="3950" HPOS="1972"/>
<String CS="1" CONTENT="1935]" HEIGHT="49" WIDTH="132" VPOS="3945" HPOS="2000"/>
</TextLine>
</TextBlock>
</PrintSpace>
</Page>
</Layout>
</alto>