2424 4375
1044 4081 136 54 1265

182 555 100 40 The
320 554 345 49 investigation
705 565 102 30 was
846 555 264 40 conducted
1149 556 49 38 in
1238 554 308 49 cooperation
1585 553 119 43 with
1742 555 83 41 the
1866 555 228 41 National

115 612 245 39 warm-air
398 612 202 49 heating
637 613 96 39 and
771 611 77 40 air
884 610 332 50 conditioning
1252 611 308 41 association,
1628 611 63 48 cf.
1730 611 129 42 Pref.

113 666 51 52 ©
193 670 127 47 Sept.
345 669 38 47 6,
412 668 112 41 1935;
582 669 67 40 2c.
676 670 96 38 and
799 668 80 41 aff.
912 668 125 48 Sept.
1067 669 54 39 13;
1179 668 40 39 A
1246 667 143 41 85933;
1449 667 326 49 Engineering
1801 666 301 49 experiment

184 724 1900 107 station, Univ. of Illinois and Natl. warm air heating & air conditioning assn. (35-16331)
112 885 216 64 James,
355 887 139 51 Mrs.
521 885 206 52 Bessie
756 884 340 66 (Rowland)

183 964 119 51 The
333 963 197 67 happy
566 962 238 52 animals
835 962 61 51 of
925 961 275 68 Atagahi,
1232 961 75 68 by
1340 962 191 52 Bessie
1563 963 279 52 Rowland
1875 964 221 64 James;

114 1041 322 52 illustrated
480 1041 74 66 by
593 1042 89 53 W.
727 1042 67 50 R.
840 1040 196 53 Lohse.
1117 1040 415 67 Indianapolis,
1574 1042 139 51 New
1758 1040 178 67 York,
1979 1042 121 52 The

114 1119 439 53 Bobbs-Merrill
582 1135 278 50 company
932 1121 151 63 [c1935]

181 1191 87 40 260
291 1202 43 37 p.
361 1191 110 39 incl.
498 1192 85 38 col.
609 1190 163 47 front.,
800 1192 84 38 col.
913 1191 128 40 illus.
1097 1190 54 40 23½
1184 1192 45 21 cm
1233 1221 8 8 .

184 1249 133 39 First
344 1246 225 42 edition.”

117 1301 51 53 ©
202 1306 125 47 Sept.
359 1306 68 46 17,
458 1303 115 41 1935;
631 1303 65 40 2c.
729 1304 98 41 and
855 1303 81 40 aff.
970 1303 128 48 Sept.
1130 1302 59 41 23;
1246 1304 44 39 A
1316 1303 147 40 87190;
1521 1303 367 40 Bobbs-Merrill
1922 1314 67 30 co.

196 1362 277 48 (35-16588)

115 1465 246 64 Jarrett,
386 1466 139 51 Mrs.
554 1465 150 53 Cora
738 1463 266 65 (Hardy)

183 1540 121 52 The
340 1538 214 70 ginkgo
591 1544 134 61 tree,
762 1538 75 68 by
876 1537 147 54 Cora
1061 1537 238 56 Jarrett.
1379 1536 156 68 [New
1574 1537 179 68 York]
1800 1538 218 54 Farrar
2055 1540 45 51 &

114 1615 294 68 Rinehart,
432 1616 108 53 inc.
751 1647 13 35 [c1935]

181 1686 580 51 4 p. l., 3-339 p. 20 cm .
119 1743 51 53 ©
195 1748 126 47 Sept.
345 1745 68 49 19,
436 1747 114 39 1935;
602 1745 67 41 2c.
695 1746 95 39 and
809 1745 81 40 aff.
917 1745 126 48 Sept.
1069 1745 55 38 21;
1174 1745 41 39 A
1238 1745 145 40 87164;
1435 1745 123 41 Cora
1583 1747 202 48 Jarrett,
184 1747 1903 103 Shepherdstown,
352 1805 71 39 W.
450 1804 85 39 Va.
606 1801 279 49 (35-16478)

117 1909 279 63 Johnson,
426 1907 334 65 Josephine,
791 1912 170 50 1910-

183 1988 228 53 Winter
451 1985 240 52 orchard
737 1985 111 51 and
891 1984 160 52 other
1096 1983 217 67 stories,
1354 1984 74 66 by
1469 1985 310 67 Josephine
1825 1987 275 54 Johnson.

118 2067 136 51 New
282 2064 178 66 York,
490 2064 197 56 Simon
715 2063 113 51 and
857 2062 284 66 Schuster,
1172 2065 148 50 1935.

189 2134 688 52 6 p. l., 3-308 p., 1 l. 21 cm .
121 2190 51 53 ©
198 2195 119 47 Aug.
348 2194 69 46 13,
447 2193 141 46 1935;
620 2192 68 39 2c.
719 2191 118 48 Aug.
868 2190 80 48 19;
979 2189 81 41 aff.
1093 2191 119 46 Aug.
1244 2191 81 47 17;
1358 2191 44 39 A
1429 2190 168 48 84992;
1632 2192 42 39 J.
1708 2193 230 49 Johnson,
185 2195 1902 96 Webster
312 2250 168 47 Grove,
509 2251 93 38 Mo.

120 2353 277 64 Lansing,
426 2353 239 64 Robert,
698 2356 322 50 1864-1928.

122 2427 1957 149 War memoirs of Robert Lansing, secretary of state … Indianapolis,
485 2509 137 52 New
653 2506 179 66 York,
863 2505 440 54 Bobbs-Merrill
1331 2522 279 51 company
1823 2541 13 33 [c1935]

186 2579 740 50 383. p. front. (port.) 24 cm .
125 2635 50 52 ©
207 2640 126 46 Sept.
362 2638 67 47 18,
462 2636 112 40 1935;
635 2636 67 39 2c.
734 2635 96 39 and
862 2633 80 41 aff.
979 2634 126 48 Sept.
1134 2633 55 40 23;
1250 2634 41 39 A
1322 2633 143 41 87191;
1527 2635 366 41 Bobbs-Merrill
1926 2647 66 31 co.

125 2728 235 62 Latzke,
388 2728 211 61 Alpha.

192 2799 1852 70 Clothing, an introductory college course, by Alpha Latzke …
125 2876 1953 149 and Beth Quinlan … edited by Benjamin R. Andrews … Chicago,
307 2953 1505 70 Philadelphia, J. B. Lippincott company [ c 1935]
190 3032 101 45 xiii,
319 3030 89 39 418
431 3041 42 37 p.
529 3029 141 46 illus.,
700 3028 84 39 col.
815 3028 168 47 plates,
1014 3026 151 47 diagr.
1223 3026 56 38 21½cm.

198 3089 288 38 References
512 3088 54 37 at
590 3086 91 39 end
708 3084 50 40 of
782 3085 127 38 most
934 3083 54 39 of
1014 3083 85 39 the
1122 3082 254 47 problems.

128 3140 51 52 ©
202 3146 117 46 Aug.
347 3144 69 46 16,
442 3141 117 41 1935;
611 3141 68 39 2c.
709 3141 96 39 and
831 3139 81 40 aff.
941 3140 119 46 Aug.
1088 3138 59 40 30;
1200 3140 41 37 A
1269 3138 145 41 85678;
1471 3140 43 39 J.
1544 3139 53 39 B.
1628 3139 275 48 Lippincott
1931 3152 66 29 co.

204 3198 276 51 (35-16154)

131 3283 162 64 Leaf,
319 3284 228 51 Munro.

185 3351 1917 69 Robert Francis Weatherbee, by Munro Leaf … illustrated
121 3434 68 69 by
234 3435 92 52 the
371 3434 219 53 author.
673 3432 139 52 New
857 3428 179 69 York,
1082 3428 309 54 Frederick
1437 3429 73 54 A.
1559 3428 199 56 Stokes
1807 3449 296 54 company,

126 3514 140 51 1935.

194 3583 55 40 75
275 3594 43 37 p.
378 3584 126 39 illus.
533 3583 135 47 (part
695 3581 112 47 col.)
873 3579 57 41 16
932 3582 45 21 cm
979 3610 11 11 .

133 3638 51 51 ©
213 3643 124 47 Sept.
367 3642 67 46 12,
466 3640 139 47 1935;
637 3640 67 39 2c.
738 3639 127 47 Sept.
894 3637 82 47 16;
1010 3637 82 40 aff.
1126 3636 126 49 Sept.
1284 3637 81 46 14;
1400 3637 41 39 A
1472 3638 142 40 86310;
1675 3640 60 39 M.
1770 3641 133 48 Leaf,
202 3643 1889 103 Greenwich,
365 3699 146 40 Conn.
581 3695 277 49 (35-16201)

133 3779 219 64 Lulofs,
379 3779 289 52 Madelon.

198 3854 119 51 The
348 3853 158 53 other
539 3852 179 51 world
857 3882 12 34 [by]
909 3849 271 52 Madelon
1211 3847 233 68 Lulofs;
1480 3849 313 56 translated
1830 3853 75 70 by
1941 3855 69 55 G.
2046 3855 58 55 J.

130 3929 203 53 Renier
364 3930 110 51 and
502 3929 167 51 Irene
699 3927 287 67 Clephane
1019 3924 152 53 from
1201 3924 97 53 the
1328 3925 208 54 Dutch.
1604 3927 139 54 New
1774 3930 179 71 York,
1984 3935 121 52 The

132 4005 214 70 Viking
371 4023 173 51 press,
572 4007 149 50 1935.
