2424 4375
1052 4031 100 54 719

179 505 186 40 “Books
389 505 54 39 of
468 504 272 41 reference”
767 507 52 38 at
846 506 88 40 end
962 505 53 39 of
1042 505 115 41 each
1186 504 201 47 chapter
1415 507 169 44 except
1610 506 199 45 chapter
1835 514 66 31 ix.

513 560 1584 48 CONTENTS.—pt. l. The moon in myth and religion.—pt. 2. The moon
107 629 53 28 as
187 628 25 29 a
241 617 197 48 symbol.

113 672 51 53 ©
195 677 112 46 Apr.
341 674 68 49 24,
445 675 139 47 1935;
622 675 66 40 2c.
726 676 95 39 and
854 675 81 40 aff.
969 676 113 48 Apr.
1119 675 82 48 26;
1237 676 41 39 A
1314 675 170 48 82760';
1521 678 61 37 M.
1620 678 53 39 E.
1710 674 236 50 Harding,
1981 677 117 39 New

179 733 142 40 York.
393 731 250 49 (35-7749)

114 837 274 63 Harland,
419 837 230 53 Oswald
681 838 218 61 Henry.

107 913 1967 142 … If not Jerusalem, a novel. London, I. Nicholson & Watson, limited, 1934.
177 1063 26 39 2
227 1074 43 37 p.
333 1094 9 16 l.,
369 1062 156 48 7-377,
557 1064 55 48 [1]
638 1073 44 38 p.
738 1062 55 40 19½
826 1064 42 21 cm
872 1094 9 9 .

179 1120 60 40 At
268 1120 122 40 head
420 1120 51 40 of
498 1120 136 40 title:
666 1117 194 42 Oswald
890 1118 238 41 Harland.

178 1176 161 41 “First
377 1175 224 42 edition.”

105 1230 1993 53 © 1c. May 9, 1935; A ad int. 20235; pubd. Mar. 14; O. Harland, Witherby,
178 1290 277 46 Yorkshire,
492 1290 235 47 England.
797 1288 250 49 (35-8108)

109 1394 269 51 Harvard
409 1391 350 64 university.
833 1392 238 52 Semitic
1092 1410 270 34 museum.

179 1471 382 52 Excavations
593 1475 60 48 at
682 1469 147 54 Nuzi
862 1469 310 54 conducted
1204 1470 76 67 by
1309 1470 98 53 the
1434 1470 234 56 Semitic
1698 1490 256 34 museum
1983 1470 114 54 and

112 1549 90 52 the
227 1550 163 65 Fogg
415 1555 89 46 art
527 1566 253 35 museum
805 1547 62 53 of
892 1549 272 51 Harvard
1189 1548 334 68 university,
1549 1549 139 53 with
1713 1550 95 53 the
112 1568 1959 111 cooperation
263 1627 61 51 of
357 1627 95 51 the
484 1627 307 51 American
821 1626 189 53 school
1043 1625 63 52 of
1139 1626 241 52 oriental
1412 1628 256 51 research
1703 1633 58 47 at
1794 1627 301 67 Baghdad.

112 1705 235 53 Volume
386 1708 46 48 3.
471 1703 114 55 Old
623 1703 328 66 Akkadian,
992 1701 316 69 Sumerian,
1349 1704 112 52 and
1502 1703 410 68 Cappadocian
1948 1710 151 48 texts

112 1781 1985 68 from Nuzi, by Theodore James Meek … Cambridge, Harvard
110 1860 311 67 university
446 1878 183 49 press;
656 1861 256 65 London,
936 1861 76 51 H.
1037 1858 266 68 Milford,
1328 1859 229 56 Oxford
1581 1861 317 67 university
1922 1880 175 49 press,

114 1942 144 50 1935.

178 2009 1925 51 lix p., 1 l. xciv numb, plates. 28 cm . (Added, t.-p.: Harvard Semitic
113 2067 449 47 series … vol. x)
113 2121 51 53 ©
194 2127 111 46 May
334 2126 69 46 31,
437 2124 139 48 1935;
610 2125 68 40 2c.
711 2126 129 39 June
872 2125 51 46 5;
959 2124 80 40 aff.
1075 2125 130 39 June
1235 2123 52 48 6;
1322 2123 40 40 A
1394 2124 170 47 83512;
1598 2124 256 41 President
1885 2126 95 39 and
180 2125 1900 97 fellows
321 2183 51 38 of

398 2183 229 39 Harvard
653 2182 192 47 college,
874 2180 300 50 Cambridge,
1205 2183 145 38 Mass.

113 2282 130 65 Hill,
271 2287 136 50 Mrs.
438 2286 184 53 Grace
653 2283 411 65 (Livingston)
1108 2292 161 45 1865-

180 2362 191 54 White
414 2360 225 54 orchids
703 2361 93 68 [by]
845 2361 181 55 Grace
1066 2359 342 69 Livingston
1452 2362 144 52 Hill.
1673 2360 423 68 Philadelphia,

119 2440 246 58 London,
394 2442 56 53 J.
481 2442 65 52 B.
576 2438 335 69 Lippincott
940 2457 280 49 company
1295 2443 150 63 [c1935]

182 2513 84 40 306
293 2523 42 38 p.
395 2512 56 40 19½
482 2515 44 21 cm
532 2547 7 6 .

115 2565 51 53 ©
191 2571 112 47 May
330 2570 68 47 27,
429 2569 139 47 1935;
598 2570 67 39 2c.
697 2570 96 40 and
821 2568 81 41 aff.
932 2569 127 40 June
1087 2568 53 47 6;
1170 2568 40 40 A
1238 2568 169 47 83488;
1440 2568 52 40 G.
1524 2569 49 39 L.
1604 2567 117 48 Hill,
1756 2567 340 50 Swarthmore,

182 2628 81 40 Pa.
332 2625 248 51 (35-7809)

117 2727 128 64 Hill,
275 2731 220 51 Robert
524 2731 222 62 Henry,
779 2734 168 49 1900-

117 2804 1954 134 Shadow of swords, by Robert H. Hill … New York, London, D.
381 2884 575 67 Appleton-Century
989 2901 296 49 company,
1321 2882 415 67 incorporated,
1773 2886 149 51 1935.

184 2956 526 48 3 p. l., 280 p. 20 cm .
186 3012 193 39 London
415 3012 181 41 edition
639 3012 224 49 (Hodder
896 3014 92 38 and
1030 3012 283 45 Stoughton,
1349 3011 212 47 limited)
1606 3012 89 38 has
1729 3009 135 41 title:
1904 3011 192 40 Adam’s

119 3069 245 45 daughter.

117 3120 51 53 ©
197 3126 111 48 Apr.
341 3126 68 48 19,
441 3127 117 40 1935;
613 3126 67 41 2c.
713 3126 112 49 Apr.
859 3125 83 48 20;
977 3126 82 40 aff.
1093 3126 126 39 June
1255 3126 52 46 1;
1342 3126 41 39 A
1417 3124 168 48 83497;
1624 3126 55 39 R.
1713 3126 61 39 H.

1808 3124 117 45 Hill,
183 3125 1896 105 Richmond,
369 3184 192 47 Surrey,
590 3184 233 47 England.
893 3182 249 50 (35-7810)

118 3269 242 66 Horner,
384 3274 247 53 Warren
658 3274 68 55 B.

185 3346 235 69 Lichen;
457 3350 237 53 selected
727 3350 296 67 published
1063 3350 106 51 and
1207 3349 382 67 unpublished
1621 3366 173 48 verse,
1826 3350 75 65 by
123 3350 1949 126 Warren

243 3428 65 50 B.
335 3428 243 53 Horner.
647 3428 497 67 Shepherdstown,
1170 3428 90 53 W.
1291 3428 123 63 Va.,
1442 3426 122 53 The
1590 3427 205 51 author
1829 3460 12 32 [c
1870 3429 131 49 1935]

180 3495 26 40 6
231 3506 40 37 p.
333 3529 7 15 l.,
366 3498 84 40 115
476 3509 42 37 p.
578 3498 57 41 20
637 3501 43 21 cm
685 3530 8 9 .

122 3548 50 52 ©
206 3556 110 46 May
349 3555 67 47 20,
455 3556 140 47 1935;
632 3556 66 40 2c.
738 3557 113 46 May
887 3555 55 41 28;
1010 3555 81 40 aff.
1133 3557 114 46 May
1282 3555 82 47 29;
1405 3556 39 39 A
1482 3556 168 45 83371;
1690 3556 70 39 W.
1799 3556 53 39 B.
1891 3555 205 47 Horner,

189 3610 415 50 Shepherdstown,
635 3613 71 40 W.
736 3614 85 39 Va.
891 3612 249 48 (35-7831)

120 3698 262 67 Hosmer,
411 3704 303 63 Margaret
743 3703 193 56 Swift.

187 3773 267 70 Through
484 3779 312 53 mediaeval
827 3780 286 65 windows,
1141 3781 76 64 by
1242 3781 294 63 Margaret
1567 3781 55 54 S.
1652 3782 259 50 Hosmer.

119 3778 1950 137 Ontario,
307 3854 190 64 Calif.,
524 3856 593 55 Herald-Silhouettes
1145 3875 154 48 press
1376 3858 150 64 [c1935]

183 3923 1197 51 3 p. l., 9-67 p., 1 l. incl. mounted front. 19 cm .
