2424 4375
1263 3987 98 50 558

306 387 406 59 Cold-blooded
744 393 342 53 vertebrates:
1147 401 133 61 part
1334 437 10 11 I.
1378 394 217 69 Fishes,
1622 395 75 67 by
1729 395 227 57 Samuel
1988 398 63 52 F.
373 396 1887 125 Hildebrand

662 470 1620 71 … parts II and III. Amphibians and reptiles, by
372 544 1910 72 Charles W. Gilmore … and Doris M. Cochran … [New
375 619 176 68 York,
584 620 389 56 Smithsonian
1007 623 327 55 institution
1366 624 186 65 series,
1584 626 124 64 inc.,
1903 658 12 33 c1934]

373 691 1665 55 7 p. l., 375 p. col. front., illus., 81 pl. (part col.) on 52 1. 24 cm .
302 697 1966 91 (Smithsonian
503 749 233 42 scientific
765 750 162 42 series,
985 762 42 29 v.
1058 750 51 48 8)

376 805 1906 53 “The study of fossil amphibians … and reptiles … is wholly the work
303 859 1981 56 of Mr. Gilmore, while … Miss Cochran has compiled chapters … on
306 916 1023 52 living forms.”—Pref. to pt. II and III.
377 973 244 42 “Selected
651 973 361 51 bibliography”:
1073 987 42 38 p.
1148 975 82 42 155;
1286 975 217 43 356-358.

305 1027 52 53 ©
385 1032 115 39 Nov.
532 1032 68 45 26,
631 1030 113 41 1934;
801 1032 67 39 2c.
896 1032 109 39 Jan.
1035 1031 68 47 28,
1134 1031 140 47 1935;
1307 1031 83 42 aff.
1420 1034 121 38 Mar.
1572 1034 80 46 16;
1684 1034 40 40 A
1755 1033 168 48 81566;
1959 1034 330 42 Smithsonian

374 1088 281 41 institution
692 1088 162 47 series,
891 1087 90 42 inc.
1045 1088 278 50 [Copyright
1361 1089 40 41 is
1440 1088 203 42 claimed
1681 1101 62 30 on
1778 1090 245 41 additions
2058 1093 95 38 and
372 1102 1899 92 corrections]
667 1145 249 48 (35-6387)

307 1246 235 63 Couste,
571 1246 239 56 Robert.

434 1320 1851 71 … “She”; a novel of innocence awakened, by Robert Couste.
306 1397 131 52 New
467 1397 177 65 York,
674 1398 175 52 River
879 1398 331 69 publishing
1238 1417 98 49 co.,
1368 1402 149 50 1935.

377 1470 582 50 3 p. l., 9-157 p. 21 cm .
379 1522 61 45 At
466 1527 122 40 head
613 1527 51 40 of
693 1526 132 41 title:
851 1527 71 40 An
951 1526 290 42 instructive
1266 1529 150 47 story.

379 1582 286 41 Illustrated
697 1585 96 46 t.-p.

308 1634 54 52 ©
389 1639 113 47 Apr.
531 1639 41 42 3.
602 1638 140 46 1935;
773 1638 67 40 2c.
870 1638 110 47 Apr.
1010 1637 54 47 9;
1098 1637 81 40 aff.
1212 1639 113 46 May
1354 1638 53 46 1;
1441 1638 40 39 A
1510 1638 169 45 82976;
1712 1637 147 41 River
1890 1639 108 47 pub.
2031 1648 66 30 co.

387 1694 249 48 (35-6468)

309 1795 86 53 De
425 1795 226 63 Forest,
682 1794 179 55 Louis
888 1794 353 65 Effingham,
1274 1801 169 50 1891-

377 1869 259 57 William
675 1871 201 67 Henry
915 1871 196 52 Moore
1151 1871 110 53 and
1302 1871 88 54 his
1432 1875 274 63 ancestry,
1746 1868 137 55 with
1927 1877 261 49 accounts
2228 1871 64 53 of

312 1949 94 52 the
443 1948 194 53 Moore
678 1947 245 56 families
960 1950 56 51 in
1058 1948 94 52 the
1189 1948 302 53 American
1530 1947 260 67 colonies,
1830 1948 307 53 1620-1730
2178 1949 109 67 [by]

311 2025 1979 68 L. Effingham de Forest … and Anne Lawrence de Forest.
312 2103 136 53 New
487 2102 177 67 York,
702 2103 68 51 N.
810 2101 88 68 Y.,
932 2102 124 52 The
1088 2104 85 52 De
1208 2103 200 51 Forest
1446 2101 330 69 publishing
1810 2119 294 51 company,
2144 2105 146 50 1934.

383 2174 1909 50 2 p. l., ix-xv, 564 p. incl. illus., plates, ports., maps (1 fold.) pin ns,
312 2231 214 42 facsims.
585 2231 149 41 front.
792 2231 59 41 26
852 2233 42 22 cm
898 2262 10 10 .

385 2288 146 40 “This
565 2287 42 41 is
642 2287 201 41 number
875 2287 59 41 48
966 2287 51 40 of
1053 2298 61 29 an
1150 2285 182 42 edition
1370 2285 184 42 limited
1591 2289 47 38 to
1674 2297 89 29 one
1798 2287 218 39 hundred
2052 2288 93 39 and
2184 2287 108 47 fifty

314 2344 171 48 copies,
524 2343 226 49 designed
791 2344 93 40 and
925 2343 239 49 privately
1203 2343 189 48 printed
1431 2343 78 40 for
1549 2343 207 40 Edward
1796 2343 146 39 Small
1985 2344 173 45 Moore,
2198 2347 91 38 and

315 2399 122 41 Paul
465 2399 205 42 Moore.”

386 2456 224 40 Includes
644 2454 385 48 bibliographies.

313 2507 54 54 ©
391 2513 111 39 Dec.
528 2512 68 47 18,
621 2512 113 40 1934;
786 2512 66 40 2c.
878 2511 111 40 Feb.
1014 2511 40 47 1,
1081 2510 139 48 1935;
1250 2510 80 40 aff.
1357 2511 109 40 Jan.
1493 2511 55 40 17;
1603 2512 40 39 A
1668 2511 170 47 79436;
1867 2513 50 39 L.
1946 2513 51 39 E.
2023 2514 59 38 de
2108 2512 183 48 Forest,

382 2568 117 41 New
521 2569 145 39 York.
735 2567 248 49 (35-6419)

314 2667 283 67 Dietrich,
627 2672 160 62 Otto,
820 2673 169 52 1897-

388 2745 108 52 Die
522 2744 488 68 philosophischen
1041 2746 355 67 grundlagen
1421 2747 96 52 des
1542 2745 424 54 nationalsozial
1977 2744 170 55 ismus;
2203 2745 89 52 ein

319 2820 1913 71 ruf zu den waif en deutschen geistes, von dr. Otto Dietrich …
319 2898 105 54 mit
467 2898 178 56 einem
690 2900 287 52 nachwort
1024 2918 107 35 von
1179 2899 504 67 Alfred-Ingemar
1731 2900 232 52 Berndt.
2040 2900 253 64 Breslau,

317 2979 64 54 F.
414 2977 157 66 Hirt,
604 2981 146 49 1935.

391 3048 69 46 61,
495 3051 53 48 [1]
581 3058 41 37 p.
653 3048 108 40 incl.
790 3047 146 42 front.
965 3049 250 46 (mounted
1245 3047 148 49 port.)
1461 3048 52 38 21½
1548 3051 42 21 cm
1596 3079 8 9 .

392 3102 1901 49 “Vortrag, den der reichspressechof der NSDAP … am 10. november
322 3158 1885 43 1934 im Auditorium maximum der neuen Kölner Universität … hielt."—
322 3226 43 38 p.
394 3218 69 40 42.

393 3271 1852 48 “Die bedeutnng des Vertrages … Presse, leser und hörer schreiben …
323 3338 89 31 von
445 3328 414 47 Alfred-Ingeniar
890 3328 240 41 Berndt”:
1165 3340 42 37 p.
1239 3330 157 39 42-61.

319 3382 1974 53 © Dec. 27, 1934; 1c. Feb. 8, 1935; A-Foreign 26872; Ferdinand Hirt.
398 3442 249 47 (35-6434)

323 3529 255 65 Dorgan,
609 3529 175 54 Ethel
810 3528 333 65 Josephine,
1176 3535 167 49 1894-

390 3604 214 54 Lulher
636 3606 216 66 Halsey
883 3604 225 66 Gulick,
1144 3608 323 63 1865-1918,
1499 3605 74 66 by
1605 3603 171 54 Ethel
1810 3603 308 67 Josephine

320 3603 1973 145 Dorgan … New York city, Teachers college, Columbia university,
321 3762 148 49 1934.

392 3825 1896 51 vii p., 1 l., 180 p. 23½cm. (Teachers college, Columbia university.
322 3881 362 46 Contributions
716 3886 48 38 to
793 3884 268 47 education,
1092 3894 75 30 no.
1195 3882 108 48 635)
