2526 4384
1137 4062 98 46 135

181 428 129 65 Iles,
337 430 323 64 Margaret.

257 504 210 55 Season
505 506 190 62 ticket,
733 508 74 66 by
847 509 295 66 Margaret
1180 508 129 53 lies.
1386 510 136 51 New
1564 508 161 53 York
1765 510 110 51 and
1918 510 253 53 London.

183 584 232 65 Harper
439 588 45 49 &
507 586 277 65 brothers,
814 590 147 49 1935.

251 658 85 38 viii
363 668 57 37 p.,
447 657 25 39 2
520 689 8 8 l.,
570 658 145 41 3-286
741 669 42 38 p.
839 658 145 40 19½cm.

252 715 160 40 “First
443 714 227 41 edition.”

184 781 51 52 ©
259 786 108 39 Feb.
392 787 68 46 14,
485 785 117 41 1935;
653 785 57 42 2c
745 787 109 39 Feb.
880 788 81 44 14;
989 786 80 40 aff.
1097 788 108 38 Feb.
1233 787 55 39 16;
1342 788 39 38 A
1407 786 169 43 80475;
1605 788 60 38 M.
1737 798 64 35 Iles,
253 786 1924 99 Southend-on-Sea.
386 844 234 47 England.
692 843 251 48 (35-2532)

176 945 237 54 Illinois.
487 946 309 69 Appellate
827 954 202 47 courts.

181 1023 1994 148 Reports of cases determined … with a directory of the judiciary of the state and abstracts of cases designated by the
181 1181 1934 67 courts as not to be reported in full. Vol. CCLXXIV. a. d. 1935 …
182 1258 285 60 Reported
513 1260 74 66 by
633 1261 159 52 Basil
837 1261 190 53 Jones.
1111 1258 267 68 Chicago.
1426 1260 319 67 Callaghan
1790 1264 46 49 &
1879 1275 297 53 company,

181 1340 147 51 1935.

250 1411 100 41 lvii,
380 1411 88 40 696
492 1423 41 36 p.
591 1411 115 41 23cm.

185 1479 51 52 ©
261 1484 108 39 Jan.
396 1483 68 47 21,
491 1483 140 47 1935;
658 1482 66 41 2c.
751 1484 96 38 and
872 1482 82 41 aff.
981 1483 107 39 Jan.
1117 1480 54 42 23;
1227 1483 39 38 A
1292 1482 169 41 79346:
1492 1482 270 47 Callaghan
1788 1483 35 39 &
1850 1493 67 29 co.

177 1585 238 55 Illinois.
480 1590 183 63 Laws,
691 1593 256 60 statutes,
976 1594 98 46 etc.

249 1664 389 54 Smith-Hurd
695 1665 227 53 Illinois
979 1666 309 51 annotated
1344 1668 253 49 statutes.
1691 1667 346 51 Permanent
2092 1665 84 53 ed.

179 1743 323 62 December,
537 1747 151 57 1934,
719 1744 342 53 cumulative
1095 1744 312 67 pamphlet.
1475 1745 165 51 Laws
1673 1743 62 51 of
1769 1744 130 52 58th
1932 1743 246 54 General

181 1822 291 68 assembly,
502 1821 140 58 first,
670 1823 220 60 second,
918 1822 175 52 third,
1122 1823 112 51 and
1260 1822 200 52 fourth
1488 1822 209 67 special
1724 1821 257 67 sessions,
179 1823 1974 131 October
304 1907 48 47 3.
382 1905 149 51 1933.
559 1907 59 49 to
646 1901 320 53 November
992 1904 84 62 23,
1106 1903 150 64 1934,
1284 1901 140 51 with
1455 1900 379 59 annotations,
1861 1901 174 52 index
2065 1902 112 51 and

180 1978 1997 69 tables … Chicago, Ill., Burdette Smith company; St. Paul,
182 2058 200 60 Minn.,
421 2060 161 52 West
622 2058 336 68 publishing
998 2075 107 36 co.;
1150 2059 226 50 Kansas
1420 2057 153 67 City,
1616 2059 133 56 Mo.,
1793 2059 232 52 Vernon
2068 2059 110 51 law

178 2138 144 52 book
350 2156 280 48 company
663 2139 192 65 [c1934]

252 2212 86 41 536
366 2223 42 37 p.
469 2211 145 40 23½cm.

186 2279 52 52 ©
261 2284 110 39 Dec.
396 2283 68 39 14.
488 2281 114 42 1934;
656 2281 55 40 2c
748 2281 106 40 Jan.
881 2280 69 47 21,
974 2278 114 42 1935;
1142 2278 82 41 aff.
1251 2279 109 40 Jan.
1385 2277 57 41 24
1461 2289 8 31 :
1496 2279 41 39 A
1561 2278 141 41 80183;
1758 2280 240 39 Burdette
2023 2279 156 41 Smith

252 2351 82 38 co.,
362 2341 194 39 Vernon
585 2342 94 37 law
708 2339 124 39 book
861 2348 82 36 co.,
972 2338 95 39 and
1097 2338 134 39 West
1261 2337 108 47 pub.
1400 2347 66 29 co.

178 2442 238 56 Illinois.
490 2445 278 66 Supreme
803 2449 175 48 court.

182 2518 1995 147 Reports of cases at law and in chancery argued and determined … v. 357. Containing cases in which opinions were
184 2676 128 55 filed
344 2678 63 53 in
436 2680 154 54 June
617 2678 113 52 and
762 2676 262 66 October,
1059 2678 150 64 1934,
1243 2675 111 53 and
1387 2693 150 35 cases
1570 2674 247 53 wherein
1849 2676 330 67 rehearings

185 2775 140 34 were
379 2755 202 54 denied
636 2760 59 47 at
745 2754 94 52 the
895 2754 245 54 October
1189 2759 163 46 term,
1408 2756 149 50 1934.
1649 2752 228 54 Samuel
1931 2753 248 68 Pashley

183 2836 194 54 Irwin,
405 2839 258 62 reporter
690 2832 63 53 of
783 2832 291 54 decisions.
1139 2832 427 66 Bloomington,
1594 2832 112 59 Ill.,
1736 2835 150 49 1935.

254 2905 557 52 X, [11]-707 p. 22½cm.
187 2976 52 51 ©
266 2981 107 38 Jan.
399 2978 69 47 24,
495 2977 113 41 1935;
663 2976 65 40 2c.
756 2977 95 38 and
875 2974 80 41 aff.
983 2975 109 39 Jan.
1119 2974 81 46 28;
1230 2974 39 38 A
1297 2971 142 42 79422;
1499 2973 194 40 Samuel
1721 2974 48 39 P.
1801 2973 163 46 Irwin,
255 2975 1905 109 Bloomington,
466 3036 75 39 Ill.

183 3138 278 66 Johnsen,
491 3138 160 54 Julia
679 3136 213 64 Emily,
925 3154 176 49 comp.

369 3210 1807 72 … Collective bargaining, compiled by Julia E. Johnsen.
184 3296 136 52 New
347 3296 179 59 York,
553 3296 121 51 The
701 3295 76 51 H.
805 3294 89 52 W.
922 3292 222 55 Wilson
1172 3308 295 50 company,
1497 3294 148 50 1935.

255 3369 84 40 261
363 3380 42 37 p.
461 3368 113 38 20cm.
641 3367 126 48 (The
792 3365 250 40 reference
1066 3363 140 47 shelf,
1232 3364 92 38 vol.
1349 3375 47 35 x,
1420 3373 73 29 no.
1522 3362 50 47 1)

255 3426 373 47 Bibliography:
660 3434 41 37 p.
735 3421 187 51 [27]-50.

192 3493 50 51 ©
272 3498 106 38 Jan.
407 3496 69 46 23,
503 3495 114 40 1935;
675 3494 65 39 2c.
770 3493 110 39 Feb.
909 3493 25 38 1;
993 3490 80 40 aff.
1105 3491 106 39 Jan.
1242 3490 54 38 31;
1356 3490 41 38 A
1425 3488 139 41 80311;
1626 3490 58 38 H.
1714 3490 69 39 W.
1813 3491 188 38 Wilson
2028 3502 66 29 co.

265 3553 278 48 (35-27035)

186 3657 261 64 Jonesco,
474 3657 218 53 Barbu.

260 3733 170 55 Carol
467 3737 173 49 meets
677 3731 91 52 his
807 3730 193 52 father
1038 3730 60 50 in
1137 3732 193 61 secret,
1369 3727 74 66 by
1483 3727 74 51 H.
1600 3728 196 51 Barbu
1836 3730 240 53 Jonesco
2118 3749 58 33 as

187 3812 119 51 told
333 3817 58 47 to
418 3811 254 53 Maurice
695 3810 199 50 Lewis.

289 3886 60 37 (In
373 3881 201 42 London
598 3878 195 52 People,
821 3877 112 42 Jan.
962 3877 71 49 13,
1064 3874 142 49 1935)

194 3947 1985 56 © 1c. Mar. 11, 1935; A ad int. 20013; pubd. Jan. 13; Maurice Lewis,
260 4012 153 44 Kings
443 4011 227 45 Langley,
700 4009 166 46 Herts,
897 4005 234 48 England.
