2424 4375
1087 4100 59 48 1389

149 484 83 50 To
262 483 150 53 have
447 484 110 52 and
591 489 61 47 to
681 483 164 64 hold;
881 483 94 51 the
1007 482 205 66 origin,
1247 481 223 67 growth
1505 481 110 52 and
1647 481 94 53 the
1775 497 262 36 romance
2068 479 63 52 of

215 560 233 52 modern
479 564 272 63 property
783 560 308 52 insurance.
1173 557 442 68 [Philadelphia,
1645 559 312 52 Insurance
217 575 1890 130 company
394 637 63 53 of
482 639 185 51 North
694 637 281 67 America,
997 644 20 21 c
1023 641 150 62 1934]

218 712 82 49 [36]
331 722 41 37 p.
432 710 127 41 illus.
617 710 58 40 20½
704 713 44 20 cm
754 742 8 8 .

144 777 52 53 ©
230 782 109 39 Dec.
376 782 38 45 7,
447 781 139 40 1934;
623 781 65 40 2c.
724 781 96 40 and
854 780 79 40 aff.
969 781 111 40 Dec.
1115 781 54 38 11:
1235 781 39 38 A
1308 779 142 41 78475:
1516 780 267 39 Insurance
1815 788 233 37 company
2082 776 52 41 of

214 838 154 40 North
396 837 235 40 America.

146 940 201 65 Tulpa,
375 940 218 53 Leonid
623 939 375 56 Vasilievich.

213 1015 296 70 Religious
549 1015 298 53 education
889 1034 61 35 as
989 1015 291 53 character
1321 1014 285 69 training;
1652 1033 32 34 a
1725 1014 171 69 study
1937 1014 61 53 in
2037 1013 96 53 the

141 1092 346 70 philosophy
517 1093 112 53 and
659 1093 348 69 psychology
1038 1092 64 54 of
1130 1092 270 70 religious
1431 1091 299 54 education
1762 1093 113 53 and
142 1092 1968 130 character
257 1170 274 69 training,

561 1170 75 69 by
664 1170 217 53 Leonid
913 1172 68 52 V.
1013 1170 208 68 Tulpa,
1323 1214 11 9 ED.
1423 1213 10 10 M.
1501 1170 138 53 New
1670 1169 181 69 York,
1885 1172 151 51 1935.

214 1243 84 39 xvi
319 1253 57 39 p.,
401 1245 24 38 1
486 1273 9 16 l.,
520 1242 58 41 96
601 1253 44 38 p.
705 1243 56 39 22
764 1245 45 21 cm
811 1275 9 9 .

149 1297 52 53 ©
229 1303 117 46 Aug.
374 1301 69 48 20,
473 1301 113 41 1935;
644 1302 67 39 2c.
740 1302 96 39 and
865 1301 80 40 aff.
974 1302 119 47 Aug.
1124 1301 82 47 30;
1238 1302 41 38 A
1308 1301 169 47 85700;
1510 1302 50 39 L.
1589 1302 55 39 Y.
1674 1302 170 47 Tulpa,
1876 1300 260 49 Hingham,

217 1360 146 39 Mass.
434 1358 278 48 (35-18665)

151 1459 326 68 Urquhart,
505 1461 267 53 Leonard
803 1459 253 66 Church,
1087 1465 170 51 1886-

218 1537 216 68 Design
464 1538 63 53 of
556 1545 254 46 concrete
836 1542 325 53 structures,
1186 1538 77 68 by
1288 1539 263 54 Leonard
1580 1539 231 55 Church
1839 1539 297 68 Urquhart

213 1615 1920 56 … and Charles Edward O’Rourke … 3d ed. New York and
149 1692 256 66 London,
435 1693 428 55 McGraw-Hill
891 1694 147 53 book
1067 1711 297 51 company,
1395 1692 125 69 inc.,
1554 1698 149 51 1935.

223 1765 64 48 ix,
317 1765 87 41 556
432 1776 44 38 p.
534 1766 144 48 illus.,
708 1767 177 48 diagrs.
945 1767 55 40 23½
1034 1768 45 22 cm
1082 1799 9 9 .

225 1821 87 41 “In
340 1821 101 43 this
468 1821 211 43 revision
707 1825 126 39 most
861 1823 52 41 of
939 1825 82 39 the
1049 1822 226 42 material
1304 1824 89 39 has
1423 1823 118 40 been
1570 1823 487 42 rewritten.”—Pref.

149 1876 52 53 ©
229 1881 126 47 Sept.
380 1881 69 47 25,
475 1880 117 41 1935;
642 1881 66 40 2c.
739 1882 126 47 Sept.
891 1881 59 41 30;
1003 1881 82 40 aff.
1114 1881 127 48 Sept.
1268 1880 57 41 27;
1377 1882 42 38 A
1443 1881 141 41 87332;
1642 1881 350 40 McGraw-Hill
2019 1882 123 39 book

220 1947 82 37 co.,
330 1937 90 40 inc.
491 1937 279 49 (35-18679)

154 2039 194 65 Utter,
376 2041 174 53 Ethel
580 2042 80 63 C.,
688 2059 177 49 comp.

224 2118 55 51 A
308 2118 184 67 digest
521 2118 94 53 “at
644 2137 30 33 a
703 2118 231 68 glance”
963 2119 63 52 of
1054 2118 94 53 the
1179 2121 150 51 rules
1358 2118 63 53 of
1452 2120 95 51 the
1576 2119 172 53 house
1780 2119 62 53 of
1872 2120 99 52 the
158 2121 1959 128 Legislature
423 2197 62 52 of

522 2198 94 52 the
652 2202 144 47 state
832 2196 63 53 of
930 2197 400 65 Washington,
1366 2197 170 52 based
1574 2216 71 34 on
1682 2196 199 54 Reed’s
156 2198 1960 143 Parliamentary
439 2274 148 53 rules

618 2275 108 67 [by]
761 2276 65 51 E.
855 2275 61 55 C.
944 2277 186 52 Utter.
1198 2275 251 67 [Seattle,
1480 2278 150 64 1934]

229 2346 84 51 [45]
354 2359 42 37 p.
467 2348 143 39 15½cm.
690 2347 305 49 (University
1035 2346 51 40 of
1125 2346 321 49 Washington
1488 2346 252 42 extension
1780 2348 164 48 series,
1986 2359 76 31 no.
2104 2350 39 45 1,

155 2403 114 48 Oct.,
297 2403 138 47 1934)

224 2461 158 39 Blank
406 2471 145 37 pages
577 2463 55 37 at
653 2462 91 38 end
771 2460 80 40 for
874 2460 207 40 “notes”.

156 2512 55 53 ©
236 2517 117 40 Nov.
382 2517 68 45 16,
480 2516 140 47 1934;
650 2517 65 39 2c.
746 2517 95 39 and
871 2516 79 41 aff.
981 2517 118 40 Nov.
1128 2516 83 47 26;
1241 2517 40 39 A
1310 2517 169 46 78338;
1513 2519 51 37 E.
1597 2517 48 40 O.
1678 2518 154 49 Utter,
1866 2518 195 40 Seattle.

154 2617 211 67 Vance,
390 2619 203 54 James
617 2620 186 65 Isaac,
833 2624 172 51 1862-

224 2693 1914 70 “Thus pray ye”, by James I. Vance … New York [etc.]
154 2767 1118 73 Fleming H. Revell company [ c 1935]
222 2841 56 42 90
300 2852 44 39 p.
403 2843 57 41 19½c
507 2846 29 21 m
539 2878 9 9 .

161 2896 51 53 ©
241 2902 125 47 Sept.
394 2903 69 46 14,
492 2902 140 42 1935;
663 2903 66 39 2c.
759 2904 96 38 and
883 2902 80 40 aff.
999 2902 127 47 Sept.
1155 2902 54 39 23;
1268 2903 44 38 A
1338 2902 144 41 87128;
1541 2903 221 48 Fleming
1790 2904 59 40 H.
1882 2904 171 41 Revell
2078 2916 68 29 co.

235 2957 277 48 (35-18663)

162 3060 308 66 Vaughan,
500 3064 203 62 Agnes
732 3064 162 54 Carr.

229 3139 225 53 Within
479 3141 95 52 the
599 3141 176 64 walls,
800 3141 74 66 by
898 3142 194 66 Agnes
1120 3140 144 55 Carr
1289 3141 302 67 Vaughan.
1654 3142 139 53 New
1821 3142 180 68 York,
2026 3143 122 53 The

165 3216 327 54 Macmillan
521 3236 295 49 company,
848 3222 149 49 1935.

231 3290 605 47 5 p. l. , 3-336 p. 20½ cm .
166 3340 50 52 ©
241 3345 99 40 Oct.
367 3346 40 47 8,
430 3347 139 41 1935;
597 3346 65 40 2c.
689 3348 94 38 and
809 3346 80 40 aff.
917 3346 98 41 Oct.
1044 3346 26 40 9;
1125 3348 39 37 A
1191 3347 144 40 87538;
1390 3348 279 39 Macmillan
1693 3358 68 29 co.

242 3401 277 50 (35-18416)

168 3500 264 67 Vincent,
458 3506 355 63 Jacqueline.

296 3582 1855 69 … Sainte Thérèse de Lisieux. Texte de Jacqueline Vincent,
168 3657 372 55 illustrations
597 3661 67 52 de
723 3660 316 53 Madeleine
1096 3660 490 68 Frapier-Deguy.
1681 3661 183 67 Paris,
1905 3663 246 65 Desclée,

171 3734 67 52 de
261 3738 270 51 Brouwer
554 3742 44 49 &
625 3738 48 51 ci
679 3758 41 32 e.
755 3772 11 33 [
772 3746 17 20 c
795 3742 149 63 1934]

239 3809 934 48 4 p. l., 11-138 p., 1 l. illus. 19 ½ cm .
234 3862 64 40 At
323 3863 121 41 head
474 3866 52 38 of
553 3864 107 41 title:
719 3865 204 39 L’année
952 3877 56 29 en
1036 3866 126 40 fêtes
1192 3876 118 38 pour
1341 3876 86 29 nos
1456 3866 211 46 enfants,
1698 3877 115 29 sous
1841 3868 44 38 la
1915 3866 236 41 direction

169 3917 54 39 de
250 3919 156 41 Renée
436 3922 164 38 Zeller.

173 3969 1981 55 © Oct. 22, 1934; 1c. Dec. 15; A- Foreign 26417: Desclée, de Brouwer &
241 4031 83 39 cie.
