2526 4384
1326 4127 101 50 322

428 519 25 39 3
482 529 43 29 v.
583 517 57 40 25½
672 520 44 20 cm
721 549 8 8 .

429 590 158 41 These
613 588 275 49 pamphlets
918 598 85 29 are
1031 589 48 38 to
1110 588 55 39 be
1196 586 137 41 fitted
1366 587 106 40 into
1500 588 83 40 the

1611 588 202 47 pockets
1841 589 51 38 at
1925 587 84 40 the
2037 587 121 40 back
2189 587 52 40 of
2277 589 79 39 the

357 646 218 40 volumes
599 646 52 39 of
676 645 84 40 the
785 647 72 38 set
886 648 47 37 to
961 644 158 40 which
1146 644 113 47 they
1285 644 184 47 belong.

360 712 52 53 ©
442 715 111 40 Feb.
583 715 40 48 9,
653 714 115 41 1935;
826 714 67 41 2c.
925 715 121 40 each,
1073 714 110 39 Feb.
1212 714 56 40 27;
1329 710 107 43 affs.
1469 714 110 40 Feb.
1611 714 59 39 28;
1728 714 45 41 A,
1799 713 319 42 79839-79841;
430 713 1925 99 Bobbs-Merrill
649 783 67 29 co.

359 875 215 63 Lyons,
603 875 261 63 Eugene.

487 949 1677 70 … Moscow carrousel. New York, A. A. Knopf, 1935.
432 1024 83 40 xiv
546 1035 57 37 p.,
633 1024 27 39 2
726 1054 9 18 l.,
771 1024 189 49 [3]-357,
996 1024 56 51 [1]
1083 1034 42 38 p.
1186 1024 171 47 plates,
1388 1024 149 48 ports.
1596 1024 147 39 22½cm.

435 1096 163 40 “First
624 1094 197 41 edition.”

362 1163 53 54 ©
441 1168 122 39 Mar.
589 1168 42 46 4,
659 1167 113 40 1935;
829 1166 65 40 2c.
926 1168 122 38 Mar.
1076 1166 51 47 6;
1159 1165 80 40 aff.
1270 1167 121 39 Mar.
1421 1166 25 40 5;
1503 1166 41 39 A
1572 1165 170 48 80936;
1775 1166 170 41 Alfred
1975 1168 53 37 A.
2058 1165 179 49 Knopf,
2267 1167 89 40 inc.

442 1224 252 48 (35-4133)

359 1326 304 67 Marshall,
691 1327 157 52 Leon
877 1325 242 67 Carroll,
1149 1327 172 55 1879-

369 1403 1964 148 … Hours and wages provisions in NRA codes; a compilation organized
845 1481 76 70 by
947 1485 156 51 Leon
1133 1484 60 54 C.
1222 1482 297 54 Marshall.
1593 1482 402 69 Washington,
2023 1485 71 52 D.
2128 1485 81 66 C.,
2237 1485 121 54 The

372 1559 319 69 Brookings
723 1558 345 70 institution,
1103 1564 146 51 1935.

441 1633 78 46 vii,
566 1634 85 38 115
695 1642 43 38 p.
811 1632 57 40 20½
900 1634 44 22 cm
950 1664 8 9 .
1042 1633 124 48 (The
1211 1631 270 49 Brookings
1527 1631 295 42 institution.
1896 1632 256 49 Pamphlet
2196 1633 163 42 series,

369 1701 73 30 no.
474 1689 79 48 16)

442 1761 276 41 Half-title:
757 1761 100 40 The
894 1761 234 41 Institute
1163 1762 53 40 of
1249 1762 267 40 economics
1553 1761 51 40 of
1640 1761 81 41 the
1758 1761 269 48 Brookings
2068 1761 290 45 institution.

367 1829 52 53 ©
449 1833 110 39 Jan.
588 1832 69 48 28,
689 1832 139 47 1935;
862 1831 67 41 2c.
961 1832 111 39 Feb.
1102 1832 81 46 21;
1217 1831 81 41 aff.
1332 1831 110 40 Feb.
1473 1831 82 47 28;
1589 1833 40 38 A

1661 1831 170 48 79781;
1866 1830 271 49 Brookings
437 1830 1906 100 institution.
623 1889 249 48 (35-4158)

364 1993 158 51 Mart
528 1996 77 61 et,
631 1992 167 64 Jean,
828 1997 171 50 1886-

373 2065 1967 149 … Les bâtisseurs de royaumes (voyage au Togo et au Cameroun) Paris, A. Michel [1934]
439 2216 469 49 314 p., 1 l. 19 cm .
369 2285 1718 54 © July 28, 1934; 1c. Nov. 6; A- Foreign 26000; Albin Michel.
451 2347 251 48 (35-4230)

369 2448 310 67 Mathews,
705 2449 162 54 Basil
894 2450 237 65 Joseph,
1162 2453 171 52 1879-

502 2524 1859 70 … The Jew and the world ferment. New York, Friendship
371 2619 173 51 press,
575 2605 152 51 1935.

437 2673 27 40 3
488 2684 43 38 p.
592 2706 8 15 l.,
630 2674 85 41 186
741 2684 44 38 p.
844 2674 145 42 19½cm.

446 2745 64 41 At
534 2746 123 39 head
685 2745 53 41 of
763 2745 108 41 title:
926 2746 72 46 By
1028 2746 133 40 Basil
1187 2746 252 41 Mathews.

446 2800 251 49 “Reading
723 2801 111 41 list”:
891 2812 43 37 p.
963 2802 215 41 176-181.

375 2867 52 53 ©
453 2872 109 40 Feb.
589 2872 40 47 2,
655 2872 141 48 1935;
823 2873 66 40 2c.
917 2874 96 39 and
1039 2874 82 39 aff.
1148 2875 121 39 Mar.
1296 2873 53 47 9;
1378 2875 44 39 A
1445 2873 170 48 79068;
1646 2874 52 40 G.
1729 2874 50 48 Q.
1810 2875 240 47 LeSourd,
2078 2875 117 39 New
2220 2875 144 39 York.

454 2928 250 50 (35-4206)

372 3028 293 68 Matveev,
695 3030 232 66 Michel,
959 3037 170 50 1893-

507 3106 1859 69 … Weep not for the dead; translated from the French for
377 3184 95 55 the
499 3184 127 55 first
650 3185 140 56 time
813 3185 76 70 by
919 3187 290 54 Desmond
1240 3187 238 54 Flower.
1554 3186 139 55 New
1721 3186 180 67 York,
1932 3186 72 53 A.
2037 3186 73 53 A.
2141 3183 225 70 Knopf,

377 3266 151 50 1935.

446 3335 782 51 4 p. l., 297, [1] p., 1 l. 19½ cm .
450 3405 162 40 “First
641 3405 255 41 American
926 3406 226 42 edition.”

378 3471 52 53 ©
461 3476 120 39 Mar.
612 3476 69 47 18,
710 3476 141 47 1935;
881 3476 68 40 2c.
981 3478 118 38 Mar.
1130 3475 81 48 19;
1244 3477 82 39 aff.
1358 3478 121 38 Mar.
1509 3476 82 47 26;
1624 3477 40 38 A
1694 3476 168 47 81180;
1897 3476 170 40 Alfred
2098 3476 54 40 A.
2185 3475 178 47 Knopf,

448 3531 89 40 inc.
609 3532 249 50 (35-4291)

379 3633 376 65 Mississippi.
829 3637 276 66 Supreme
1136 3643 173 47 court.

454 3710 1909 69 Cases argued and decided … at the March term, 1934, and
384 3786 330 68 September
745 3794 161 61 term,
943 3793 147 49 1934.
1160 3791 107 50 vol.
1306 3789 113 53 170.
1489 3790 289 66 Reported
1809 3790 74 65 by
1916 3786 172 54 Louis
2122 3789 78 53 M.
383 3788 1955 143 Jiggitts.

601 3864 315 66 Columbia,
938 3867 132 61 Mo.,
1097 3869 64 49 E.
1185 3869 90 53 W.
1304 3865 278 67 Stephens
1605 3865 334 68 publishing
1963 3884 97 46 co.,
2088 3868 147 51 1935.

449 3949 77 35 xv,
554 3937 117 39 1010
695 3948 43 37 p.
796 3936 144 41 22½cm.

381 4001 52 53 ©
460 4006 110 40 Feb.
597 4006 69 47 27,
694 4005 140 48 1935;
863 4006 65 40 2c.
959 4007 120 39 Mar.
1108 4007 52 47 4;
1191 4004 81 42 aff.
1301 4008 122 38 Mar.
1453 4007 81 47 28;
1565 4007 42 39 A
1633 4006 170 47 82241;

1834 4007 196 39 Central
2060 4007 153 38 states
2241 4005 122 39 book

453 4073 81 37 co,
562 4063 265 47 Columbia,
854 4063 91 39 Mo.
