2424 4375
1126 4070 99 48 453

249 521 86 39 132
360 533 43 35 p.
460 520 127 39 illus.
617 521 133 46 (part
780 520 109 45 col.)
928 518 55 39 19
1003 521 27 20 cm
1036 550 8 7 .

248 577 212 40 “Second
487 575 227 41 edition.”

178 629 52 53 ©
254 635 121 38 Mar.
398 632 69 48 12,
490 632 112 41 1935;
655 632 67 40 2c.
748 633 121 38 Mar.
891 631 56 39 26;
999 630 80 40 aff.
1105 631 121 38 Mar.
1250 630 56 40 25;
1358 630 41 39 A
1423 629 144 41 82184;
1624 630 208 46 Stephen
1858 630 138 47 Daye
2018 637 150 39 press.

251 690 282 49 [Copyright
559 689 41 40 is
629 688 203 40 claimed
862 698 59 29 on
948 698 105 29 new
1082 686 241 50 material]

175 780 199 64 Væga,
404 781 245 55 Edvart.

309 855 1564 68 … Trolldoms lys. Oslo, H. Aschehoug & co., 1934.
246 929 85 40 211
363 941 43 37 p.
466 930 57 40 20
526 931 43 22 cm
573 962 8 9 .

248 987 40 38 A
319 988 154 40 novel.

180 1040 1882 52 © Nov. 9, 1934; 1c. Dec. 21; A-Foreign 26522; H. Aschehoug & co.
257 1100 251 48 (35-5028)

199 1190 212 66 [Vesey,
443 1191 218 52 Ernest
692 1189 340 66 Blakeman]
1069 1190 171 54 1907-

251 1267 119 52 The
399 1266 142 69 high
569 1267 234 52 mettled
830 1284 156 35 racer;
1044 1265 170 69 being
1241 1267 96 51 the
1364 1271 157 62 story
1550 1265 63 53 of
1642 1265 350 69 “Revenge”,
180 1285 1965 115 racehorse

371 1347 112 51 and
510 1346 223 67 hunter,
761 1345 74 67 by
864 1346 207 51 Ernest
1100 1342 183 55 Lewis
1335 1345 214 67 [pseud.]
1628 1345 138 53 New
1796 1345 180 66 York,
2006 1346 67 51 E.
2102 1346 65 52 P.

181 1423 224 54 Dutton
434 1427 46 50 &
508 1440 98 50 co.,
636 1421 107 54 inc.
781 1427 170 63 [1935]

252 1497 25 39 3
307 1506 43 38 p.
413 1528 8 16 l.,
450 1495 87 41 276
564 1506 44 37 p.
696 1495 29 40 19½
754 1498 44 21 cm
803 1528 9 8 .

253 1552 162 41 “First
445 1552 226 41 edition.”

180 1607 54 53 ©
261 1611 114 47 Apr.
405 1609 41 47 9,
474 1609 141 47 1935;
647 1609 67 40 2c.
747 1612 94 37 and
871 1608 80 40 aff.
982 1610 112 46 Apr.
1126 1609 82 45 10;
1240 1610 43 37 A
1311 1607 170 48 82445;
1517 1611 52 37 E.
1600 1610 50 37 P.
1682 1610 189 38 Dutton
1901 1609 38 39 &
1967 1619 81 36 co.,
2081 1609 91 39 inc.

261 1665 249 50 (35-5117)

181 1755 270 65 Virginia
484 1757 112 51 and
627 1757 183 55 South
840 1760 218 48 eastern
1089 1757 202 66 digest,
1322 1756 265 67 covering
1619 1757 76 52 all
1726 1773 149 35 cases
1907 1756 264 68 reported

250 1834 61 52 in
342 1834 267 67 Virginia
645 1838 238 64 reports,
918 1835 184 55 South
1135 1838 221 49 eastern
1390 1839 256 62 reporter
1680 1835 112 51 and
1826 1834 227 52 various
251 1853 1896 126 reports

446 1912 63 53 of
543 1913 167 51 south
745 1917 218 48 eastern
998 1915 172 49 states
1208 1911 152 52 from
1396 1911 224 54 earliest
1655 1910 182 67 times,
1873 1911 140 54 with
251 1930 1898 112 current
407 1989 342 54 cumulative

781 1990 201 67 pocket
1014 1989 208 54 service
1252 1990 245 67 keeping
1527 1991 95 52 the
1654 1991 188 67 digest
1869 1992 212 65 always
2113 1995 57 48 to

252 2066 148 67 date,
429 2068 74 66 by
532 2068 95 52 the
657 2068 336 66 publisher’s
1023 2066 265 53 editorial
1318 2065 148 55 staff.
1534 2069 269 53 Volumes
1836 2072 184 49 13-18.
2087 2067 82 55 St.

250 2145 1040 67 Paul, West publishing co. [ c1935]
251 2219 29 39 6
338 2250 8 8 v.
401 2219 59 39 26
458 2221 46 20 cm
510 2250 8 8 .

253 2275 73 41 On
352 2285 139 30 cover;
547 2274 117 41 1729
687 2277 48 37 to
764 2276 124 38 date.

253 2333 135 46 “Key
415 2331 201 40 number
645 2331 223 48 system.”

540 2400 119 28 CONTENTS.—v.
714 2386 72 42 13.
838 2389 514 39 Easements-Estates
1403 2388 104 40 tail.
1524 2411 59 5 —
1600 2400 43 28 v.
1697 2386 70 42 14.
183 2390 1972 103 Estoppel-Exchanges.—
467 2456 46 29 v.

554 2443 70 42 15.
665 2445 568 40 Execution-Executors
1274 2447 94 38 and
1412 2444 517 42 administrators.—v.
1972 2446 72 40 16.
179 2448 1978 102 Exemptions-Guaranty.—v.

860 2500 68 42 17.
964 2501 251 41 Guardian
1246 2504 95 38 and
1372 2502 545 41 ward-Homicide.—v.
1952 2503 71 40 18.
179 2505 1977 103 Hospitals-Injunction.

182 2627 44 29 v.
253 2616 158 47 13-15,
440 2612 54 52 ©
521 2617 121 38 Mar.
672 2616 69 46 15,
770 2614 139 48 1935;
940 2627 41 28 v.
1013 2615 157 48 16-18,
1202 2611 52 53 ©
1284 2616 121 39 Mar.
1434 2615 55 41 27;
1549 2615 67 40 2c.
1647 2617 118 39 each
1794 2618 95 38 and
1922 2615 105 41 affs·.
2059 2617 112 47 Apr.

251 2673 58 40 26;
365 2673 42 39 A
434 2672 322 41 82710-82715;
810 2673 134 39 West
973 2672 108 48 pub.
1111 2684 68 28 co.

179 2760 270 64 Vlachos,
482 2760 387 55 Constantine
899 2760 353 64 Alexander,
1286 2767 171 49 1886-

251 2838 120 53 The
401 2839 221 50 normal
653 2838 110 51 loss
793 2843 360 62 expectancy,
1181 2837 75 68 by
1289 2838 60 54 C.
1381 2837 70 53 A.
1483 2837 263 54 Vlachos.
1820 2838 139 52 New
1992 2837 178 68 York,

182 2915 922 68 Vlachos and company [ c 1935]
253 2988 587 48 4 p. l., 11-87 p. 23 cm .
255 3044 262 40 Published
546 3044 49 39 in
623 3044 115 40 1928
766 3046 151 38 under
948 3043 107 41 title;
1112 3045 101 39 The
1240 3046 200 39 amount
1467 3044 203 47 subject.
1725 3044 117 40 This
1872 3044 181 40 edition
2082 3045 88 40 has

183 3100 120 41 been
329 3100 206 48 entirely
563 3100 264 41 rewritten.

184 3152 1986 53 © Feb. 14, 1935; 2c. and aff. Feb. 15; A 79654; C . A. Vlachos, New York.
262 3212 249 49 (35-5398)

181 3301 292 66 Wadsley,
503 3301 181 57 Olive.

259 3375 1911 72 Shadow love, by Olive Wadsley … New York, Dodd, Mead
187 3454 45 51 &
263 3471 292 51 company,
588 3456 150 52 1935.

255 3525 565 47 2 p. l., 284 p. 19½ cm .
185 3580 52 53 ©
262 3584 112 48 Apr.
401 3584 67 47 10,
495 3585 116 39 1935;
662 3585 67 39 2c.
755 3586 95 38 and
876 3585 82 40 aff.
986 3586 113 47 Apr.
1126 3584 54 40 12;
1236 3587 40 37 A
1332 3586 118 40 82509;
1502 3587 153 47 Dodd,
1684 3588 140 38 Mead
1853 3588 36 39 &
1916 3598 52 29 co
1989 3618 8 16 .
2025 3588 88 39 inc.

263 3641 248 47 (35-5303)

182 3714 195 66 Ward,
405 3716 208 53 Lester
640 3717 215 62 Frank,
886 3722 322 51 1841-1913.

256 3792 210 66 Young
505 3791 226 52 Ward’s
772 3792 181 67 diary.
1029 3793 50 50 A
1122 3793 207 52 human
1376 3794 110 51 and
1528 3811 165 49 eager
1735 3795 190 51 record
1971 3794 63 51 of
2074 3795 94 51 the

184 3883 162 50 years
374 3867 247 52 between
652 3871 131 49 1860
811 3870 109 51 and
954 3870 134 52 1870
1116 3888 59 34 as
1203 3870 134 67 they
1366 3889 143 33 were
1538 3868 150 54 lived
1719 3869 56 52 in
1808 3871 93 51 the
1932 3869 234 67 vicinity

184 3944 67 52 of
283 3944 93 53 the
412 3944 148 53 little
595 3945 152 52 town
784 3945 63 53 of
881 3946 307 68 Towanda,
1222 3945 452 70 Pennsylvania;
1713 3949 60 53 in
1810 3948 95 54 the
1940 3946 130 55 field
2108 3967 59 35 as
