2526 4384
1051 4042 99 48 291

118 428 193 54 North
352 428 273 57 Carolina
662 430 112 53 and
815 430 182 56 South
1035 435 221 49 eastern
1294 429 202 70 digest,
1535 431 269 70 covering
1842 431 77 54 all
1958 449 152 36 cases

191 508 262 67 reported
487 509 61 51 in
583 508 186 53 North
804 508 271 54 Carolina
1109 514 238 63 reports,
1384 510 182 55 South
1602 515 221 48 eastern
1855 513 257 65 reporter

191 586 111 51 and
347 586 227 53 various
618 591 221 62 reports
886 586 63 52 of
994 588 165 51 south
1204 591 220 49 eastern
1468 591 172 50 states
1686 588 153 52 from
1884 589 227 52 earliest

189 662 179 62 times,
409 664 140 51 with
589 670 230 46 current
857 663 344 54 cumulative
1238 665 204 67 pocket
1481 665 213 54 service
1728 665 248 69 keeping
2014 666 98 53 the

191 740 1918 70 digest always to date … By the publisher’s editorial staff.
189 819 268 52 Volumes
482 822 150 50 9-12.
695 818 83 55 St.
803 822 166 65 Paul,
990 822 159 54 West
1171 819 337 70 publishing
1530 838 80 36 co.
1681 824 152 63 [c1935]

185 906 29 39 4
273 937 8 8 v.
335 905 60 39 26
394 907 45 21 cm
442 935 8 9 .

189 976 73 43 On
287 987 167 30 cover:
485 976 117 41 1778
628 978 49 38 to
705 977 128 39 date.

188 1034 133 47 “Key
350 1033 200 40 number
577 1032 228 49 system.”

452 1115 116 30 CONTENTS.—v.
609 1103 41 42 9.
693 1104 435 41 Costs-Creditors’
1169 1104 222 42 suit.—v.
1431 1104 71 42 10.
1544 1104 237 42 Criminal
1820 1106 109 39 law.
1998 1105 25 39 1
2064 1108 54 39 to

113 1162 208 40 904.—v.
357 1160 69 42 11.
462 1161 235 41 Criminal
732 1164 106 37 law.
903 1162 88 39 905
1024 1165 49 37 to
1109 1163 488 46 end-Damages.—v.
1637 1161 72 42 12.
1744 1164 137 39 Dead
114 1162 2001 105 bodies-Dueling.

148 1320 9 9 v.
188 1288 40 48 9,
258 1288 70 48 10,
357 1284 52 53 ©
440 1288 111 40 Feb.
581 1289 70 46 25,
681 1287 114 41 1935
813 1299 9 36 ;
855 1299 43 29 v.
930 1288 68 50 11,
1031 1288 69 48 12,
1131 1284 52 53 ©
1214 1289 112 40 Feb.
1356 1289 57 39 22
1431 1299 9 37 ;
1474 1290 68 39 2c.
1573 1290 123 39 each
1725 1290 122 39 Mar.
1882 1289 59 40 18
1955 1300 9 36 ;
1998 1289 110 40 affs.

185 1346 120 41 Mar.
336 1346 55 39 21
409 1356 9 38 ;
453 1346 43 40 A
527 1344 320 43 82074-82077
864 1356 9 38 ;
909 1346 138 41 West
1075 1346 106 49 pub.
1218 1356 68 31 co.

111 1447 247 64 Norton,
387 1449 137 52 Mrs.
555 1447 183 54 Edith
770 1450 184 64 (Fox)
993 1455 170 50 1881-

222 1525 1889 69 Is He not able? By Edith F. Norton … Chicago, The
115 1601 163 57 Bible
308 1602 260 54 institute
599 1605 326 65 colportage
957 1604 145 53 ass’n
1135 1637 14 34 [
1154 1609 18 22 c
1176 1606 136 51 1934
1315 1638 14 32 ]

184 1689 83 39 155
298 1699 41 37 p.
398 1689 149 39 front.
577 1688 172 51 (port.)
816 1688 115 41 19cm.

115 1754 1997 54 © Dec. 5, 1934 ; 2c. Jan. 19, 1935 ; aff. Jan. 21 ; A 79302 ; Bible institute
183 1817 278 47 colportage
488 1827 128 30 assn.
647 1816 54 40 of
728 1816 223 48 Chicago.
1022 1816 249 48 (35-3602)

113 1915 175 67 Page,
319 1917 255 55 William
604 1919 276 64 Herbert,
914 1924 171 50 1868-

115 1996 1970 130 … Page’s Ohio digest. Lifetime ed. Semi-annual cumulative
113 2073 1971 138 pocket parts [for] v. 1-12. To January 1, 1935 … Cincinnati,
279 2152 121 52 The
421 2155 89 52 W.
537 2154 77 51 H.
641 2153 303 52 Anderson
967 2171 279 49 company
1262 2172 11 48 ;
1302 2152 418 68 Indianapolis,
1746 2153 122 54 The
113 2153 1994 129 Bobbs-Merrill

367 2249 279 49 company
681 2263 12 34 [
699 2236 19 22 c
721 2233 152 65 1935]

183 2319 54 38 12
264 2329 43 29 v.
364 2317 56 40 25½
453 2319 44 21 cm
501 2348 8 8 .

183 2389 156 39 These
363 2387 275 48 pamphlets
669 2399 86 30 are
783 2390 51 38 to
862 2389 56 39 be
947 2388 139 41 fitted
1116 2387 103 41 into
1252 2389 85 40 the
1364 2389 200 48 pockets
1594 2390 53 37 at
1676 2388 84 41 the
1790 2388 122 39 back
1943 2388 53 40 of
2026 2388 84 40 the

114 2445 214 40 volumes
357 2445 52 38 of
433 2445 83 40 the
541 2447 76 38 set
641 2447 53 38 to
718 2445 159 40 which
904 2446 115 47 they
1046 2446 182 47 belong.

115 2511 52 53 ©
191 2516 122 39 Mar.
338 2516 70 47 18,
433 2514 113 41 1935
564 2526 10 37 ;
600 2516 67 40 2c.
694 2517 119 38 each
839 2517 121 39 Mar.
989 2514 54 41 19
1061 2526 9 37 ;
1099 2516 82 40 aff.
1208 2517 122 38 Mar.
1357 2515 60 40 20
1432 2526 9 37 ;
1470 2516 44 39 A
1540 2515 143 40 82007
1700 2526 10 36 ;
1738 2517 72 39 W.
1838 2516 60 39 H.
183 2515 1910 97 Anderson
298 2583 66 30 co.

113 2672 452 67 Pennsylvania.
639 2677 184 65 Laws,
851 2682 257 61 statutes,
1136 2684 100 49 etc.

181 2753 280 54 Purdon’s
497 2751 425 69 Pennsylvania
955 2758 255 62 statutes,
1247 2753 323 53 annotated.
1640 2756 345 51 Permanent
2021 2752 85 53 ed.

114 2827 311 70 February,
485 2834 153 63 1935,
695 2829 343 54 cumulative
1096 2831 312 67 pamphlet.
1501 2831 164 55 With
1726 2831 381 66 annotations,

114 2907 1992 69 cumulative table and index … Philadelphia, George T. Bisel
117 3001 106 51 co.;
257 2986 262 68 Newark,
551 2986 186 68 Soney
767 2990 46 50 &
845 2986 149 68 Sage
1022 3005 107 48 co.;
1165 2987 83 55 St.
1278 2988 166 67 Paul,
1472 2988 161 54 West
1658 2985 337 69 publishing
2025 3005 78 34 co.

119 3095 13 34 [
137 3068 18 22 c
160 3066 132 49 1935
298 3097 13 33 ]

181 3150 58 40 48
267 3161 39 36 p.
369 3149 55 39 24
427 3151 45 22 cm
475 3181 8 7 .

114 3215 52 54 ©
190 3220 110 40 Feb.
326 3219 70 48 20,
421 3220 140 47 1935;
588 3220 67 40 2c.
681 3220 120 40 Mar.
828 3219 55 42 18
901 3231 9 36 ;
938 3218 80 42 aff.
1047 3220 121 39 Mar.
1193 3220 55 39 21
1267 3231 9 36 ;
1305 3219 43 40 A
1373 3219 170 48 82038;
1573 3218 186 49 George
1781 3219 52 39 T.
1862 3215 133 43 Bisel
2022 3227 82 39 co.,

187 3278 155 47 Soney
369 3277 37 41 &
435 3278 124 47 Sage
585 3288 66 29 co.
682 3279 94 38 and
805 3278 138 40 West
968 3278 108 47 pub.
1107 3287 65 30 co.

112 3377 450 66 Pennsylvania.
636 3381 279 66 Superior
945 3386 173 48 court.

182 3457 421 65 Pennsylvania
646 3456 274 68 Superior
957 3463 160 47 court
1154 3461 238 63 reports,
1466 3473 51 36 v.
1559 3459 116 50 113.
1751 3454 353 68 Containing

18 3533 2083 71 , cases decided … May 4, 1934 to July 13, 1934 inc. Reported
17 3612 7 89 j
113 3609 74 67 by
228 3610 60 54 C.
330 3614 283 50 Brewster
651 3612 249 66 Rhoads,
937 3615 147 49 state
1121 3616 274 62 reporter,
1435 3611 112 52 and
1590 3611 247 66 Spencer
1875 3609 226 55 Gilbert

111 3687 279 62 Nauman,
420 3689 266 52 assistant
713 3694 147 48 state
886 3693 270 63 reporter.
1221 3689 379 66 Harrisburg,
1628 3688 120 53 The
1776 3687 322 68 Telegraph

111 3783 172 50 press,
311 3769 149 49 1934.

178 3863 114 36 XXX,
318 3850 85 41 667
430 3862 42 37 p.
530 3850 53 41 23
586 3853 47 22 cm
637 3883 8 8 .

113 3916 51 52 ©
193 3922 120 38 Mar.
343 3921 39 45 5,
411 3920 113 40 1935
542 3931 10 36 ;
583 3920 67 40 2c.
682 3921 121 39 Mar.
833 3921 55 39 25
905 3931 10 36 ;
947 3920 81 40 aff.
1060 3921 121 39 Mar.
1212 3921 54 39 23
1286 3931 8 38 ;
1326 3920 44 39 A
1399 3919 144 41 81169
1560 3930 9 36 ;
1604 3918 415 42 Commonwealth
2049 3918 51 40 of

179 3977 372 39 Pennsylvania.
580 3976 314 40 Harrisburg.
