2424 4375
1255 4055 99 53 978

300 442 282 64 Brodeur,
610 444 193 62 Roger
831 442 283 64 Philippe.

367 520 120 51 The
517 520 313 52 diurnarist
859 526 294 58 monetary
1183 521 323 51 economics.
1574 520 235 53 Outline
1838 522 62 51 of
1931 522 95 51 the
2054 520 235 53 mensio-

297 595 275 53 liberalist
616 598 111 51 and
770 597 331 66 diurnarist,
1143 597 399 53 fundamental
1583 597 324 69 principles.
1988 597 302 68 Summary

301 674 63 52 of
393 675 94 52 the
512 672 266 56 financial
805 675 271 53 machine.
1144 675 207 54 Charts
1379 676 62 53 of
1469 677 96 52 the
1592 677 334 67 edomegent
1952 694 336 35 assurances.

299 752 437 53 Nomenclature
808 752 63 53 of
942 760 187 46 terms.
1240 752 209 54 Charts
1521 754 62 53 of
1655 755 94 52 the
1822 754 466 68 diurnargestats.

303 830 267 54 Sketches
599 830 62 53 of
691 831 93 52 the
813 831 342 52 diurnaruls.
1223 834 89 64 By
1340 833 190 66 Roger
1557 835 64 50 P.
1649 833 276 52 Brodeur.
1989 833 302 66 Montreal,

303 912 147 49 1935.

374 982 68 49 [13]
510 1013 6 7 l.
571 980 54 41 29
626 983 47 21 cm
677 1012 8 7 .

372 1051 313 48 Reproduced
713 1051 127 39 from
872 1050 328 48 type-written
1232 1060 130 39 copy.

377 1108 179 39 Folded
584 1109 165 38 charts
777 1108 226 39 attached
1034 1109 48 38 to
1110 1107 135 40 front
1274 1109 95 38 and
1396 1108 121 40 back
1544 1119 154 29 cover.

306 1174 1985 53 © 1c. Aug. 28. 1935; A ad int. 20526; pubd. July 22; R. P. Brodeur,
374 1236 254 39 Montreal.

307 1338 286 59 Brunton,
624 1338 160 54 Paul.

375 1414 119 53 The
528 1423 171 44 secret
740 1415 164 66 path;
941 1434 25 34 a
1008 1414 292 68 technique
1335 1415 63 53 of
1432 1414 262 68 spiritual
1733 1415 428 67 self-discovery
2202 1414 88 54 for

311 1493 1978 67 the modern world, by Paul Brunton … New York, E. P.
306 1573 218 51 Dutton
555 1576 41 48 &
627 1590 97 39 co.,
756 1570 100 55 inc.
939 1577 144 60 [c1935,

378 1643 84 40 222
493 1653 41 37 p.
597 1642 143 41 39½cm.

379 1712 159 41 “First
570 1713 225 40 edition.”

307 1781 53 55 ©
387 1786 115 47 July
527 1785 38 46 2,
594 1783 139 48 1935;
761 1785 67 39 2c.
855 1786 94 38 and
976 1784 80 40 aff.
1086 1785 114 47 July
1225 1785 52 45 3;
1308 1785 43 38 A
1378 1784 169 46 84558;
1578 1785 52 38 E.
1660 1785 49 37 P.
1738 1785 186 39 Dutton
1952 1784 37 39 &
2014 1793 81 37 co.,
2123 1783 89 41 inc.

386 1841 278 49 (35-10460)

309 1943 180 65 Buck,
515 1944 175 53 Anna
715 1944 193 55 Shaw.

367 2017 125 55 “On
523 2020 181 67 wings
731 2018 62 53 of
817 2019 174 68 song”
1119 2052 12 34 [by]
1168 2018 166 52 Anna
1365 2017 170 55 Shaw
1566 2017 176 54 Buck.
1809 2017 214 68 Emory

297 2017 1972 147 University,
456 2095 255 65 Atlanta,
741 2096 228 54 Banner
998 2114 156 50 press
1187 2130 13 34 [
1205 2102 18 22 c
1228 2098 132 49 1935
1367 2129 12 34 ]

361 2180 58 40 69
445 2191 41 37 p.
545 2180 56 40 20½cm.
751 2182 161 48 [Verse
942 2181 129 41 craft
1103 2182 162 48 series]

308 2251 1986 108 © May 28, 1935; 2c. July 17: aff. July 15; A 85077; A. S. Buck, Dover-Foxcroft,
653 2313 88 38 Me.
812 2311 278 48 (35-10453)

309 2411 218 65 Curtis,
556 2413 233 53 Arthur
816 2414 84 62 B.,
929 2414 170 53 1879-

377 2489 398 53 Mathematics
800 2488 62 55 of
886 2490 355 64 accounting,
1264 2490 74 64 by
1360 2489 71 53 A.
1457 2492 66 50 B.
1549 2489 212 63 Curtis,
1822 2533 9 10 C.
1891 2531 8 10 F.
1967 2532 8 9 A.
2002 2491 110 51 and
2136 2491 54 53 J.
2217 2491 73 51 H.

308 2565 238 68 Cooper,
629 2609 9 10 C.
723 2609 9 10 P.
822 2608 9 10 A.
912 2568 138 51 Rev.
1097 2568 84 51 ed.
1264 2567 138 52 New
1449 2567 179 65 York,
1674 2565 448 67 Prentice-Hall,
2167 2567 125 64 inc.,

308 2648 150 48 1935.

382 2714 1910 49 xii, 272 p., 1 l., 273-480 p. incl. tables, diagrs., forms (2 fold.) 23½ cm .
313 2772 113 50 [The
455 2771 313 41 coördinated
796 2770 288 49 accounting
1110 2770 163 50 series]

384 2841 71 41 On
481 2851 167 30 cover:
677 2840 133 41 With
836 2850 221 39 progress
1084 2843 136 39 tests.

381 2899 258 46 “Progress
669 2896 184 51 test[S]”
880 2898 261 39 numbered
1170 2908 53 29 as
1253 2899 140 39 extra
1421 2908 145 37 pages
1597 2899 87 38 not
1709 2897 222 40 included
1962 2898 49 38 in
2042 2898 81 39 the
307 2898 1968 97 collation.

380 3011 180 40 “Third
586 3010 229 49 printing,
844 3011 125 47 May,
1000 3008 155 42 1935.”

310 3077 52 52 ©
390 3082 124 39 June
542 3082 67 46 15,
637 3080 112 41 1935;
806 3080 66 41 2c.
900 3081 124 39 June
1049 3080 82 45 20;
1161 3080 81 39 aff.
1271 3081 125 39 June
1422 3080 80 46 19;
1533 3080 41 39 A
1604 3080 168 46 84355;
1804 3078 369 47 Prentice-Hall,
2203 3079 88 39 inc.

389 3137 279 49 (35-10412)

311 3239 234 64 Davies,
572 3240 253 54 William
854 3242 220 61 Henry,
1106 3243 168 52 1871-

372 3316 149 51 Love
552 3334 207 49 poems,
791 3315 73 69 by
896 3315 88 54 W.
1020 3316 77 53 H.
1132 3315 223 53 Davies.
1427 3315 136 54 New
1599 3313 177 68 York,
1811 3312 226 54 Oxford
302 3315 1968 145 university
453 3410 154 50 press
649 3394 171 66 [1935]

368 3462 624 49 2 p. l., 7-60 p., 1 l. 19½cm.
369 3519 139 40 Head
537 3521 96 38 and
660 3520 88 39 tail
778 3520 166 47 pieces.

313 3586 51 52 ©
390 3591 115 47 July
531 3592 67 46 31,
626 3591 112 41 1935;
797 3592 66 40 2c.
890 3593 96 38 and
1010 3591 80 40 aff.
1118 3592 116 46 July
1259 3592 81 46 17;
1368 3592 40 38 A
1434 3591 168 46 85062;
1633 3590 187 41 Oxford
1846 3590 128 41 univ.
2001 3599 148 40 press,
2178 3591 114 39 New

385 3648 141 46 York,
556 3648 90 40 inc.
717 3648 276 47 (35-10447)

312 3746 85 52 De
424 3748 179 65 Haas,
630 3750 181 52 Jacob
837 3750 215 63 Anton,
1083 3755 170 48 1883-

386 3824 119 50 The
541 3826 246 64 practice
821 3826 61 50 of
917 3826 226 66 foreign
1179 3826 190 64 trade;
1407 3845 30 32 a
1474 3824 284 66 textbook,
1792 3825 74 66 by
1901 3828 54 50 J.
1993 3825 195 51 Anton
2224 3824 64 50 de

311 3899 1979 69 Haas … 1st ed. New York and London, McGraw-Hill book
313 3995 294 55 company,
632 3980 125 53 inc.,
787 3982 146 49 1935.
