2424 4375
1098 4029 100 48 335

228 497 565 48 3 p. l. , 9-33 p. 19 cm .
158 551 51 52 ©
240 556 120 37 Mar.
393 554 39 46 1,
467 553 140 46 1935;
641 552 67 40 2c.
742 553 121 39 Mar.
896 553 55 40 18
969 563 9 36 ;
1014 552 81 40 aff.
1131 553 121 40 Mar.
1287 552 82 48 16;
1406 554 43 38 A
1481 552 169 42 80962;
1687 551 317 48 Christopher
2037 554 108 47 pub.

225 612 159 38 house.
456 608 249 49 (35—4396)

154 713 357 63 Huysmans,
543 713 157 52 Joris
731 712 160 63 Karl,
926 713 323 54 1848-1907.

287 787 1861 70 … J.-K. Huysmans; introduction de Rene Dumesnil. Paris,
160 868 238 65 Desclee,
428 867 67 53 de
524 867 272 51 Brouwer
823 869 44 49 &
894 866 97 52 cie.
1027 900 12 33 [
1045 873 16 20 c
1068 869 150 63 1934]

227 938 1918 51 2 p. l. , [vii]-lxiii, 556 p. front. (port.) 16 cm . (Choisir; les meilleurs
161 998 177 47 textes)

227 1066 416 47 “Bibliographic”
663 1077 8 28 :
701 1077 43 37 p.
776 1065 246 50 [535]-548.

157 1134 1970 107 © Nov. 5, 1934; 1c. Feb. 2, 1935; A-Foreign 26802; Desclee, de Brouwer & co. (35-4398)
155 1295 191 64 Jones,
372 1297 302 53 Laurence
697 1295 239 66 Clifton,
965 1301 171 50 1884-

227 1373 117 50 The
382 1374 213 52 bottom
627 1373 138 65 rail;
802 1372 286 54 addresses
1122 1374 108 51 and
1269 1391 201 48 papers
1504 1390 71 35 on
1608 1372 93 52 the
1736 1372 189 67 Negro
1960 1372 59 52 in
2050 1374 96 51 the

157 1449 272 54 lowlands
474 1450 62 51 of
578 1449 346 70 Mississippi
971 1449 112 52 and
1125 1468 71 33 on
1238 1449 351 54 inter-racial
1635 1450 267 53 relations
1945 1451 61 52 in
2048 1449 96 54 the

160 1525 1984 70 South during twenty-five years, by Laurence C. Jones … with
161 1603 1978 69 an introduction by Francis S. Harmon … New York [etc.]
161 1680 257 67 Fleming
447 1680 74 52 H.
554 1679 197 55 Revell
781 1697 275 52 company
1093 1714 12 34 [
1111 1687 18 21 c
1134 1683 131 49 1935
1273 1714 12 34 ]

225 1764 55 40 96
307 1776 42 36 p.
409 1765 147 40 front.
588 1765 171 48 (port.)
826 1765 54 40 19½
913 1768 45 20 cm
962 1798 9 8 .

156 1835 51 52 ©
231 1840 119 38 Mar.
375 1838 40 47 2,
442 1838 139 47 1935;
610 1839 66 40 2c.
705 1840 95 39 and
827 1839 81 40 aff.
938 1840 119 39 Mar.
1086 1837 81 49 19;
1198 1840 41 38 A
1266 1839 169 47 81071;
1467 1839 221 49 Fleming
1713 1841 59 39 H.
1801 1841 170 39 Revell
1996 1850 67 30 co.

233 1895 249 49 (35-4380)

154 1997 258 64 Kendall,
439 1998 236 65 Joseph,
707 2004 322 50 1803-1864.

230 2073 50 51 A
310 2074 340 53 landsman’s
679 2092 213 50 voyage
922 2083 57 46 to
1014 2073 349 68 California;
1398 2075 168 67 being
1595 2075 94 53 the
1720 2082 251 61 account,
158 2094 1964 124 compiled
346 2151 149 54 from
529 2154 189 51 letters
756 2152 112 54 and
902 2152 96 54 the
1031 2149 228 68 journal
1296 2152 63 52 of
1393 2152 215 68 Joseph
1647 2152 267 68 Kendall,
1950 2153 63 52 of
2048 2153 95 54 the

161 2246 209 51 voyage
405 2229 197 53 ’round
634 2230 96 53 the
760 2230 166 52 Horn
959 2229 62 53 of
1054 2230 94 54 the
1180 2229 140 52 bark
1356 2230 240 67 Canton,
1630 2230 149 53 from
1812 2230 136 54 New
1987 2230 158 52 York

160 2305 204 53 harbor
391 2313 58 47 to
481 2306 115 54 San
627 2307 298 53 Francisco
953 2307 109 67 bay
1090 2308 59 52 in
1183 2308 93 52 the
1302 2325 134 50 year
1464 2310 153 65 1849,
1645 2308 141 53 with
1815 2313 110 47 two
1954 2311 191 51 letters

163 2382 145 52 from
335 2383 89 53 his
452 2383 152 68 wife,
633 2384 292 54 Charlotte
956 2384 266 53 Kendall.
1297 2383 114 55 San
1446 2385 302 53 Francisco
1785 2386 258 68 [Printed
2072 2386 68 69 by

161 2459 207 66 Taylor
395 2462 45 49 &
467 2460 211 68 Taylor]
734 2463 148 50 1935.

228 2533 92 44 xiv,
349 2533 83 39 137
462 2543 41 37 p.
565 2533 161 47 front.,
756 2536 160 44 ports.,
944 2533 203 47 facsim.,
1177 2534 117 40 fold,
1325 2535 181 47 geneal.
1538 2535 97 41 tab.
1695 2536 55 39 21
1753 2538 44 21 cm
1802 2569 9 8 .

227 2602 126 40 Title
385 2604 227 46 vignette.

228 2658 274 49 “Privately
531 2660 254 47 published
815 2661 47 39 in
890 2671 61 29 an
980 2661 183 40 edition
1191 2662 51 39 of
1269 2661 84 40 200
1384 2662 201 46 copies.”

227 2716 99 39 The
359 2717 171 38 letters
565 2717 52 38 of
651 2717 178 46 Joseph
864 2717 209 39 Kendall
1109 2728 84 28 are
1226 2719 264 39 addressed
1527 2722 48 36 to
1612 2721 75 39 his
1724 2721 253 48 daughter,
2012 2724 129 45 Lucy

169 2771 135 48 (Mrs.
332 2772 70 40 W.
432 2772 50 40 F.
513 2771 234 48 Herrick)

227 2829 173 39 Edited
428 2830 61 46 by
517 2829 187 39 Wilbur
735 2828 130 41 Hall.
925 2830 61 47 cf.
1016 2829 181 40 Introd.

158 2897 51 52 ©
245 2902 107 40 Jan.
389 2902 68 48 25,
495 2902 139 46 1935;
672 2901 68 40 2c.
779 2902 95 39 and
910 2901 82 40 aff.
1032 2902 108 39 Feb.
1178 2902 53 45 4;
1272 2902 41 39 A
1350 2901 169 48 82092;
1562 2904 33 40 C.
1650 2904 51 40 O.
1741 2905 50 40 G.
1832 2905 173 48 Miller,
2046 2906 97 39 San

225 2958 268 41 Francisco.
565 2958 250 49 (35-4379)

154 3059 265 67 Kramer,
447 3060 241 58 Walter.

286 3138 1856 70 … Heimgang in Flandern, novelle. Stuttgart und Berlin,
157 3215 1000 70 Deutsche verlags-anstalt [ c 1934]
221 3302 97 45 118,
350 3323 9 30 [1]
431 3312 43 38 p.
533 3301 57 41 20
593 3304 44 21 cm
640 3333 10 10 .

157 3370 1984 109 © Nov. 6, 1934; 1c. Feb. 19, 1935; A-Foreign 26956 ; Deutsche verlags-anstalt. (35-4437)
162 3534 325 64 Lawrence,
514 3533 191 65 Ralph
732 3532 340 66 Restieaux,
1102 3534 170 54 1873-

289 3607 1852 72 … Principles of alternating currents, by Ralph R. Lawrence
160 3684 1952 146 … 2d ed. New York and London, McGraw-Hill book company, inc., 1935.
226 3835 133 46 xviii,
386 3834 85 40 475
498 3846 43 36 p.
602 3835 177 47 diagrs.
839 3833 53 39 21
896 3835 44 21 cm
946 3865 9 9 .
1024 3833 284 46 (Electrical
1336 3835 311 48 engineering
1673 3840 155 48 texts)

162 3905 51 52 ©
242 3910 108 39 Feb.
379 3910 68 46 11,
477 3908 139 46 1935;
648 3909 66 39 2c.
745 3908 109 38 Feb.
883 3907 82 46 12;
999 3906 82 40 aff.
1112 3907 108 38 Feb.
1253 3906 81 47 15;
1368 3907 41 38 A
1439 3906 169 50 79653;
1642 3911 349 44 McGraw-Hill
2022 3917 122 39 book

230 3977 79 36 co.,
337 3967 90 39 inc.
497 3964 249 49 (35-4370)
