2424 4375
1054 4026 99 50 869

119 504 133 60 law;
292 500 136 51 with
469 499 359 52 annotations
866 504 56 47 to
961 498 76 52 all
1073 497 202 53 earlier
1312 515 150 34 cases
1500 497 58 50 in
1594 497 164 66 point
1794 496 61 51 in
1892 496 197 66 Page’s

113 578 144 53 Ohio
283 577 199 66 digest,
507 576 271 52 Lifetime
805 575 228 52 edition.
1095 576 241 52 Volume
1360 577 47 50 2.
1434 574 219 65 March,
1681 577 132 50 1935
1838 581 58 46 to
1923 574 168 66 June,

119 659 145 48 1935.
328 652 344 67 Cincinnati,
694 654 121 51 The
841 652 148 55 Ohio
1015 653 110 51 law
1151 657 256 62 reporter
1431 670 296 49 company,
1751 651 123 53 The
1896 654 89 52 W.
2013 653 77 51 H.

115 733 805 64 Anderson company [ c 1935]
215 837 8 15 x,
249 804 86 41 586
356 814 56 37 p.,
441 804 23 37 1
489 803 31 39 1.
574 802 148 40 front.
752 803 169 47 (port.)
982 801 58 39 24½
1070 804 44 20 cm
1119 833 8 8 .

182 862 236 39 “Parallel
445 858 256 41 citations”
731 860 226 38 mounted
989 868 59 30 on
1077 858 134 40 front
1238 857 361 49 lining-papers.

114 930 51 52 ©
191 933 112 46 July
329 930 67 47 12,
423 929 139 48 1935;
591 930 66 40 2c.
686 931 115 46 July
826 930 52 39 13;
936 928 79 41 aff.
1043 930 117 47 July
1186 929 81 46 15;
1296 930 41 38 A
1362 927 141 42 85039;
1561 930 69 38 W.
1660 930 57 37 H.
1748 929 253 39 Anderson
2024 939 67 29 co.

179 990 94 38 and
305 987 123 42 Ohio
456 988 98 39 law
583 990 216 45 reporter
830 996 65 30 co.

112 1090 336 54 Oklahoma.
523 1091 183 65 Laws,
732 1094 254 61 statutes,
1014 1096 98 47 etc.

181 1168 281 52 Harlow’s
505 1167 208 54 session
753 1170 136 51 laws
932 1168 63 51 of
1039 1172 131 49 1935
1225 1165 332 69 (unofficial)
1611 1167 229 52 enacted
1882 1167 75 66 by
1999 1168 95 50 the

115 1247 222 66 regular
381 1243 208 56 session
634 1246 64 51 of
742 1246 95 51 the
881 1244 262 53 fifteenth
1190 1244 357 68 Legislature
1592 1244 64 53 of
1699 1247 96 50 the
1841 1250 143 47 state
2029 1243 63 52 of

113 1323 332 63 Oklahoma,
475 1325 280 51 convened
782 1324 261 66 January
1072 1324 114 65 8th,
1218 1327 150 62 1935,
1396 1321 315 68 adjourned
1740 1321 172 68 April
1944 1322 148 57 30th,

116 1405 213 49 1935…
410 1399 209 54 Edited
645 1401 74 67 by
745 1401 61 54 C.
833 1401 87 53 W.
948 1402 129 52 Van
1103 1401 204 52 Eaton.
1384 1399 319 56 Oklahoma
1732 1399 150 68 City,
1909 1399 183 66 Okla.,

114 1479 233 53 Harlow
379 1478 332 67 publishing
740 1477 377 68 corporation,
1151 1481 148 51 1935.

182 1551 93 47 xvi,
306 1551 84 40 542
419 1562 42 37 p.
520 1550 57 39 24½
608 1553 43 20 cm
656 1581 8 7 .

114 1619 51 51 ©
185 1624 126 37 June
333 1622 67 41 19,
424 1621 112 39 1935;
588 1621 67 39 2c.
678 1622 96 37 and
796 1620 81 39 aff.
903 1622 127 38 June
1049 1620 81 46 28;
1156 1621 40 37 A
1219 1620 142 38 84455;
1415 1620 202 38 Harlow
1641 1620 107 47 pub.
1773 1617 320 48 corporation.

192 1677 247 49 (35-9139)

111 1779 220 62 Peters,
360 1779 242 55 Charles
630 1777 249 63 Clinton,
908 1780 170 53 1887-

182 1855 314 54 Statistical
554 1856 332 67 procedures
944 1857 109 51 and
1111 1856 148 52 their
1314 1855 422 54 mathematical
1790 1856 175 53 bases,
2019 1856 75 66 by

115 1933 231 55 Charles
385 1933 61 54 C.
485 1935 195 52 Peters
723 1979 55 9 …
825 1935 108 52 and
973 1934 220 55 Walter
1233 1935 66 51 R.
1340 1935 128 53 Van
1508 1933 246 55 Voorhis
1798 1979 55 8 …
1934 1932 160 56 State

115 2010 240 64 College,
388 2013 120 61 Pa.,
541 2010 205 56 School
779 2013 64 51 of
876 2012 315 62 education,
1223 2013 95 51 the
1350 2010 423 64 Pennsylvania
1808 2017 145 48 state
115 2012 1955 145 college.
280 2094 147 49 1935.

181 2161 80 49 vii,
292 2162 82 40 363
406 2172 43 38 p.
510 2162 178 47 diagrs.
746 2161 59 40 22
806 2165 43 21 cm
855 2194 9 8 .

185 2217 227 42 “Printed
440 2219 60 47 by
529 2219 81 39 the
637 2218 308 47 photo-offset
973 2217 339 49 process.”—p.
1345 2218 76 50 [iv]

183 2274 346 49 Bibliography
553 2276 51 38 at
631 2276 91 39 end
747 2275 53 40 of
823 2275 116 40 each
965 2275 199 47 chapter
1190 2277 169 46 except
1385 2276 81 39 the
1491 2275 120 41 first.

115 2342 51 52 ©
193 2347 111 47 May
331 2347 68 46 31,
428 2346 138 46 1935;
597 2346 65 39 2c.
692 2347 95 38 and
814 2345 81 40 aff.
924 2347 127 38 June
1076 2347 80 45 11;
1188 2346 41 38 A
1256 2345 143 41 83537;
1456 2346 48 40 C.
1536 2346 49 40 C.
1614 2346 182 46 Peters,
1830 2346 135 40 Slate
182 2345 1895 106 College,
325 2404 79 38 Pa.
476 2402 249 48 (35-9134)

114 2500 255 67 Phillips,
396 2505 216 63 Harry,
643 2509 168 49 1904-

182 2579 247 68 Phillips
461 2581 206 69 family
692 2580 246 69 history;
971 2600 31 34 a
1030 2581 152 52 brief
1207 2582 220 67 history
1454 2582 63 51 of
1546 2582 95 52 the
1669 2581 248 68 Phillips
116 2582 1954 143 family,

237 2657 312 70 beginning
574 2657 139 55 with
742 2661 96 50 the
865 2658 337 68 emigration
1232 2660 152 52 from
1411 2661 207 59 Wales,
1646 2662 110 52 and
1787 2679 31 33 a
1848 2659 243 53 detailed

115 2734 306 68 genealogy
455 2734 63 53 of
550 2737 94 51 the
677 2736 364 52 descendants
1076 2736 63 52 of
1174 2736 154 54 John
1364 2739 111 52 and
1509 2736 305 68 Benjamin
1849 2735 243 68 Philips,

117 2812 224 66 pioneer
367 2812 229 53 citizens
624 2814 64 51 of
709 2812 221 55 Wilson
955 2819 225 62 county,
1206 2815 195 66 Tenn.,
1425 2814 78 67 by
1526 2815 200 66 Harry
1751 2813 249 68 Phillips
2033 2859 54 9 …

117 2889 279 62 Lebanon,
425 2892 194 64 Tenn.,
647 2891 120 52 The
796 2891 265 52 Lebanon
1091 2892 302 67 democrat,
1423 2890 125 68 inc.,
1580 2895 148 50 1935.

183 2961 1178 50 3 p. l., 242, xix p. front., pl., ports. 23½ cm .
117 3026 49 53 ©
190 3033 126 38 June
338 3030 68 48 22,
434 3031 138 46 1935;
600 3031 66 40 2c.
694 3033 96 38 and
814 3032 80 39 aff.
921 3033 125 41 June
1073 3031 81 47 24;
1182 3032 40 39 A
1248 3032 169 47 84408;
1447 3033 60 39 H.
1535 3031 218 48 Phillips,
1783 3033 313 47 Watertown,

182 3088 144 39 Tenn.
396 3088 248 47 (35-9128)

116 3187 270 66 Robbins,
412 3189 285 64 Reginald
727 3191 330 65 Chauncey,
1088 3193 170 53 1871-

117 3264 1952 130 Poems of personality. Third series [ by] Reginald C. Robbins …
399 3342 362 69 Cambridge,
788 3344 242 52 Printed
1058 3348 58 48 at
1147 3345 95 51 the
1271 3343 298 54 Riverside
1601 3362 174 50 press,
1806 3343 152 55 1917.

184 3415 565 49 3 p. l., 3-227 p. 19 cm .
119 3478 50 53 ©
192 3484 109 41 Dec.
324 3484 69 47 24,
417 3485 113 40 1917;
583 3485 66 40 2c.
675 3487 128 38 June
823 3486 66 46 15,
915 3485 115 41 1935;
1081 3486 80 40 aff.
1189 3487 128 39 June
1340 3488 55 37 14;
1447 3488 40 37 A
1513 3487 142 40 84321;
1710 3488 52 39 R.
1793 3489 47 40 C.
1868 3488 225 48 Robbins,

184 3540 264 43 Northeast
469 3542 206 47 Harbor,
698 3543 88 38 Me.
861 3541 247 48 (35-9149)

139 3638 214 68 [Schaff,
381 3641 283 65 Schuyler
691 3643 293 68 Renwick]
1018 3650 171 50 1885-

188 3717 207 55 Schaff.
475 3720 155 66 [New
662 3722 161 51 York
855 3721 131 68 city,
1019 3726 151 63 1935]

189 3790 932 50 cover-title, 17, [1] p. incl. pl. 21 cm .
191 3844 277 49 “Compiler,
500 3846 231 48 Schuyler
758 3848 54 39 R.
844 3847 205 42 Schaff.”
1050 3859 103 37 —p.
1183 3850 40 40 2.

122 3895 50 53 ©
198 3903 118 39 Mar.
343 3903 68 46 22,
442 3902 138 48 1935;
610 3904 67 40 2c.
707 3905 118 39 Mar.
853 3904 81 48 28;
965 3905 80 39 aff.
1078 3906 120 39 Mar.
1226 3905 81 47 27;
1339 3906 42 38 A
1407 3905 142 41 82218;
1610 3907 44 40 S.
1685 3907 55 39 R.
1772 3906 177 48 Schaff,
1978 3906 117 41 New

185 3958 139 40 York.
398 3959 248 47 (35-9131)
