2424 4375
1253 4076 132 46 1760

342 518 128 40 tions
505 518 128 38 from
671 518 84 39 the
791 519 194 38 smaller
1024 520 244 39 countries
1306 520 123 39 have
1468 521 117 39 been
1625 522 171 38 added.
1855 522 190 47 During
2082 521 113 40 1933
2236 523 94 40 and

341 574 113 41 1934
495 574 82 41 the
615 574 154 40 thesis
808 583 99 32 was
947 573 254 49 published
1242 575 198 48 serially
1482 575 50 40 in
1573 577 81 40 the
1696 577 206 40 Journal
1940 576 52 41 of
2032 578 81 40 the
2154 578 175 40 Patent

344 630 133 41 office
504 630 196 47 society,
760 631 62 49 cf.
853 629 128 41 Pref.

413 686 348 41 “References”;
824 698 42 37 p.
899 686 99 41 157.

343 757 51 53 ©
428 762 118 39 Nov.
581 762 38 47 5,
654 758 140 48 1935;
831 761 64 38 2c.
930 759 118 40 Nov.
1082 759 55 40 26;
1200 760 81 39 aff.
1317 760 117 40 Nov.
1468 761 80 46 13;
1582 761 40 39 A
1658 761 141 40 88363;
1864 762 175 40 Patent
2074 763 133 40 office
2239 773 90 30 soc.

423 817 280 48 (35-34015)

340 921 214 64 Smith,
584 922 222 54 Walter
834 922 430 64 Buckingham.

414 997 397 54 Fluctuations
858 999 56 52 in
960 998 305 53 American
1314 998 268 66 business,
1631 1000 326 66 1790-1860,
2001 1000 70 67 by
2120 1001 213 52 Walter

339 1074 1971 149 Buckingham Smith … and Arthur Harrison Cole … Cambridge, Harvard
892 1153 317 69 university
1242 1172 175 49 press,
1450 1157 149 50 1935.

413 1228 132 47 xxix,
581 1227 86 40 195
702 1238 42 37 p.
806 1226 177 49 diagrs.
1044 1228 145 47 27½cm.
1260 1227 277 48 (Half-title;
1594 1228 229 39 Harvard
1858 1226 241 42 economic
2134 1228 198 40 studies,

346 1285 86 39 vol.
502 1284 14 47 I.)

414 1340 233 40 “Sources
673 1340 53 40 of
754 1338 143 42 data”
929 1339 223 41 included
1177 1339 49 40 in
1255 1338 300 49 appendices.

343 1406 51 53 ©
432 1412 117 39 Nov.
586 1412 70 46 25,
694 1411 140 46 1935;
873 1413 66 38 2c.
978 1411 117 40 Nov.
1133 1411 82 46 27;
1256 1411 81 40 aff.
1376 1412 118 40 Nov.
1533 1412 81 46 29;
1657 1413 40 38 A
1734 1412 170 47 88429;
1947 1412 251 40 President
2237 1413 94 39 and

407 1469 189 39 fellows
622 1468 52 40 of
699 1470 228 38 Harvard
954 1469 192 46 college,
1175 1468 299 47 Cambridge,
1504 1470 146 38 Mass.
1720 1467 279 49 (35-33983)

339 1569 228 67 Stuart,
597 1571 255 55 William
882 1573 222 64 Morey,
1138 1576 171 49 1883-

416 1647 215 55 Stories
676 1648 63 52 of
783 1648 94 52 the
922 1649 278 52 Kanestio
1246 1649 203 67 valley.
1532 1647 71 53 3d
1646 1647 86 53 ed.
1814 1649 91 67 By
1950 1648 256 53 William
2253 1649 77 50 M.

343 1723 1843 71 Stuart … [Dansville, N. Y., F. A. Owen pub. co., c 1935]
410 1799 85 40 261
527 1810 44 37 p.
629 1796 147 43 23½cm.

343 1866 51 53 ©
435 1870 102 40 Oct.
576 1870 68 47 17,
684 1870 116 40 1935;
866 1870 65 39 2c.
972 1870 99 42 Oct.
1113 1870 82 46 19;
1235 1870 81 40 aff.
1357 1870 117 39 Nov.
1514 1871 81 40 21;
1640 1871 41 38 A
1719 1871 169 46 89694;
1930 1872 71 39 W.
2043 1873 62 38 M.
2148 1872 182 47 Stuart,

408 1927 240 47 Canisteo,
676 1927 56 40 N.
760 1927 53 39 Y.
883 1926 280 48 (35-34045)

339 2028 279 67 Stucken,
647 2029 258 64 Eduard,
936 2035 171 50 1865-

410 2107 120 52 The
554 2106 270 55 dissolute
846 2124 188 51 years;
1061 2126 31 33 a
1115 2112 247 63 pageant
1386 2105 63 55 of
1475 2106 201 54 Stuart
1698 2106 287 68 England,
2003 2106 72 69 by
2094 2105 235 57 Eduard

342 2182 277 68 Stucken;
660 2185 313 53 translated
1014 2183 149 53 from
1203 2184 93 52 the
1338 2183 247 54 German
1622 2183 74 69 by
1736 2183 352 69 Marguerite
340 2184 1964 130 Harrison.
531 2260 136 55 New
705 2260 178 68 York,
917 2261 213 53 Farrar
1161 2262 45 50 &
1238 2261 296 67 Rinehart,
1564 2260 395 69 incorporated
1999 2296 13 34 [
2017 2267 18 22 c
2040 2263 132 50 1935
2179 2295 12 34 ]

412 2331 598 50 5 p. l., 3-375 p. 21cm.
412 2391 300 49 “Originally
753 2391 254 49 published
1044 2392 49 38 in
1136 2391 242 48 Germany
1418 2393 154 39 under
1613 2392 82 40 the
1737 2391 108 41 title
1885 2392 52 40 of
1980 2392 85 39 Ίιη
2106 2393 221 39 schatten

340 2444 415 49 Shakespeares’.”

340 2514 51 53 ©
417 2519 116 38 Nov.
560 2519 68 46 11,
656 2517 139 48 1935;
823 2517 65 41 2c.
916 2519 117 39 Nov.
1061 2518 81 47 14;
1172 2518 82 40 aff.
1283 2519 117 39 Nov.
1426 2518 81 46 13;
1538 2519 39 38 A
1604 2518 169 47 88224;
1805 2519 181 39 Farrar
2015 2519 36 39 &
2079 2517 250 47 Rinehart,

413 2576 89 40 inc.
573 2574 279 49 (35-33579)

339 2678 123 52 Tax
495 2684 235 60 systems
762 2679 63 52 of
856 2679 91 52 the
980 2679 207 63 world;
1222 2700 28 33 a
1285 2697 133 46 year
1449 2678 146 52 book
1627 2678 63 53 of
1721 2678 318 65 legislative
2073 2679 112 52 and
409 2684 1894 125 statistical

661 2754 375 54 information
1076 2754 298 67 including
1416 2755 76 52 all
1531 2755 96 51 the
1664 2759 173 49 states
1876 2755 62 52 of
1978 2756 93 51 the
2112 2754 214 56 United

413 2833 201 54 States.
699 2834 96 51 6th
841 2834 82 51 ed.
1006 2835 89 64 By
1140 2833 95 52 the
1280 2834 124 51 Tax
1451 2833 252 52 research
1752 2832 359 53 foundation.
411 2836 1891 141 Prepared
608 2911 180 52 under
812 2911 94 53 the

931 2910 275 53 direction
1232 2910 62 52 of
1318 2910 94 52 the
1435 2911 138 51 New
1598 2910 162 52 York
1783 2913 144 49 state
1949 2916 98 46 tax
409 2912 1893 141 commission,
589 2987 171 54 Mark
801 2988 233 66 Graves,

1075 2988 318 67 president;
1438 2988 155 54 John
1636 2990 55 52 J.
1734 2987 242 64 Merrill,
2018 2988 112 51 and
2172 2987 153 53 John

409 3068 64 51 P.
503 3067 344 64 Hennessey.
914 3064 267 68 Chicago,
1211 3066 112 55 Ill.,
1354 3066 323 53 Commerce
1706 3066 250 65 clearing
1983 3066 190 55 house,
2201 3068 91 51 inc.,

407 3142 1893 145 Loose leaf service division of the Corporation trust company [ c 1935]
404 3294 84 39 365
525 3304 42 37 p.
627 3293 116 39 39cm.

409 3350 128 40 Title
564 3349 173 40 varies.

339 3416 53 51 ©
414 3420 116 39 Nov.
557 3419 67 46 16,
650 3418 111 40 1835;
815 3418 66 41 2c.
907 3420 111 38 Dec.
1043 3419 52 45 2;
1124 3418 80 39 aff.
1230 3419 117 38 Nov.
1372 3416 81 43 29;
1481 3418 40 38 A
1547 3418 168 46 88464;
1744 3418 105 39 Tax
1876 3418 223 40 research
411 3416 1895 106 foundation,
552 3475 222 48 Chicago.

336 3581 209 52 Texas.
620 3581 275 65 Supreme
923 3587 174 46 court.

408 3654 1912 69 The Texas reports. Cases adjudged … from October, 1931,
339 3739 58 46 to
449 3734 156 65 May,
661 3738 148 48 1935.
897 3734 288 66 Reported
1236 3734 76 65 by
1363 3735 63 50 L.
1482 3734 72 51 K.
1611 3733 211 55 Smoot.
1912 3734 238 52 Volume
2208 3734 111 49 124.

344 3809 246 66 [Austin,
619 3813 153 62 Tex.]
810 3809 159 53 State
999 3810 62 51 of
1091 3813 198 55 Texas,
1322 3814 147 47 1935.

525 3913 7 15 xxvi,
567 3881 86 39 695
683 3892 42 37 p.
785 3882 143 39 23½cm.

341 3947 52 52 ©
425 3951 118 39 Nov.
575 3951 68 47 26,
679 3952 111 39 1835
853 3952 62 40 2c.
952 3953 92 39 and
1079 3952 82 40 aff.
1195 3952 116 38 Nov.
1346 3950 56 40 29;
1464 3951 41 39 A
1534 3950 141 41 88442;
1740 3951 51 39 L.
1825 3951 59 39 K.
1922 3950 175 42 Smoot,
2133 3947 184 44 Austin,

406 4007 113 40 Tex.
