2526 4384
1127 3995 99 50 241

195 386 242 65 Abbott,
468 386 238 55 Austin.

262 463 1923 68 Abbott New York digest … Consolidated ed. February,
196 543 149 65 1935,
388 541 346 53 cumulative
773 542 292 67 quarterly
1106 541 314 68 pamphlet,
1464 540 139 54 with
1647 540 343 54 cumulative
2033 540 153 53 table

191 619 1969 146 of cases digested … Rochester and New York city, The Lawyers
359 695 382 69 co-operative
780 696 336 68 publishing
1155 715 306 49 company;
1511 698 82 54 St.
1636 698 166 66 Paul,
1841 699 161 53 West
191 697 1968 145 publishing
435 793 107 48 co.;

575 772 1412 70 New York city, Baker, Voorhis & co. [ c1935]
256 849 98 49 142.
369 859 43 37 p.
469 847 57 40 24
528 850 44 20 cm
576 878 9 9 .

192 916 51 53 ©
272 920 108 39 Feb.
410 918 69 48 20,
509 918 141 48 1935;
679 918 69 40 2c.
777 919 123 40 Mar.
999 928 9 37 18;
1038 917 81 40 aff.
1149 918 122 39 Mar.
1300 917 83 48 21;
1415 918 41 39 A
1486 917 169 48 82040;
1687 918 139 40 West
1851 917 109 48 pub.
1990 927 68 30 co.
2088 919 97 38 and

259 977 230 47 Lawyers
514 975 325 48 co-operative
865 974 109 49 pub.
1003 985 66 30 co.

188 1078 286 67 Alleman,
503 1079 259 54 Herbert
793 1077 323 64 Christian,
1147 1083 169 50 1868-

255 1152 1863 71 The New Testament; a study, by Herbert C. Alleman …
185 1232 424 69 Philadelphia,
657 1233 122 67 Pa.,
825 1233 122 52 The
995 1231 218 55 United
1261 1231 296 53 Lutheran
1605 1230 356 70 publication
2008 1233 175 51 house

190 1313 192 65 [c1935]

252 1382 84 41 151
367 1395 44 37 p.
471 1382 128 41 illus.
628 1381 183 50 (maps)
879 1381 57 42 20
940 1385 45 22 cm
987 1416 8 8 .

258 1439 271 48 “Prepared
557 1440 156 39 under
740 1440 85 40 the
853 1439 222 48 auspices
1105 1438 51 41 of
1182 1439 83 42 the
1293 1438 179 40 Parish
1500 1440 95 39 and
1627 1439 181 40 church
1840 1440 163 40 school
2030 1438 150 42 board

184 1497 53 39 of
261 1498 80 38 the
368 1495 180 41 United
574 1496 251 40 Lutheran
848 1496 180 40 church
1052 1495 52 40 in
1128 1494 268 41 America.”

255 1551 349 49 Bibliography
629 1554 52 38 at
705 1553 92 40 end
823 1551 53 41 of
901 1552 117 40 each
1046 1552 211 47 chapter.

188 1621 51 53 ©
266 1626 108 39 Jan.
400 1625 70 46 30,
498 1624 114 42 1935;
667 1623 66 41 2c.
764 1625 111 39 Feb.
902 1625 82 45 12;
1014 1623 82 40 aff.
1124 1623 110 40 Feb.
1259 1623 26 40 9;
1342 1624 43 38 A
1440 1623 113 41 80892;
1612 1625 164 40 Board
1804 1626 51 40 of
1885 1625 300 49 publication

253 1682 52 40 of
330 1683 81 39 the
438 1682 181 40 United
645 1681 251 40 Lutheran
923 1681 180 40 church
1130 1681 51 39 in
1209 1680 239 49 America,
1476 1680 356 49 Philadelphia.
263 1738 249 50 (35-3795)

253 1837 1862 70 The Old Testament; a study, by Herbert C. Alleman …
182 1915 425 70 Philadelphia,
657 1917 120 68 Pa.,
825 1917 121 52 The
992 1915 219 55 United
1257 1915 296 54 Lutheran
1601 1916 354 69 publication
2005 1919 171 52 house

187 2026 13 34 [
202 1999 20 22 c
227 1997 151 65 1935]

252 2066 85 40 205
365 2079 43 37 p.
468 2067 128 40 illus.
626 2066 184 49 (maps)
851 2066 154 48 diagr.
1063 2065 56 41 20
1122 2067 45 22 cm
1170 2099 8 7 .

254 2122 272 49 “Prepared
557 2123 154 39 under
739 2124 82 40 the
848 2122 223 48 auspices
1098 2122 52 40 of
1179 2122 83 41 the
1291 2122 176 40 Parish
1497 2124 95 39 and
1622 2123 181 40 church
1834 2125 162 40 school
2026 2125 150 41 board

183 2179 51 39 of
257 2181 80 39 the
361 2179 179 41 United
567 2179 251 40 Lutheran
841 2179 181 40 church
1049 2179 52 40 in
1123 2177 267 41 America.”

253 2235 349 48 Bibliography
625 2237 55 39 at
701 2236 92 40 end
819 2235 52 40 of
897 2236 119 40 each
1042 2236 213 47 chapter.

187 2303 51 54 ©
266 2310 108 39 Jan.
403 2309 40 46 2,
471 2308 114 41 1935;
644 2308 67 40 2c.
741 2308 110 39 Feb.
881 2304 55 43 12;
996 2306 81 41 aff.
1109 2308 109 40 Feb.
1247 2305 26 42 9;
1333 2308 41 39 A;
1403 2308 142 41 80393;
1606 2310 163 40 Board
1798 2312 54 39 of
1881 2310 298 49 publication

251 2366 51 39 of
328 2367 84 39 the
436 2365 180 41 United
642 2365 250 40 Lutheran
919 2365 177 39 church
1128 2364 50 39 in
1206 2364 237 48 America,
1475 2365 354 49 Philadelphia.
262 2421 249 50 (35-3796)

186 2524 418 66 Altolaguirre,
634 2525 255 56 Manuel.

316 2602 1859 72 … Garcilaso de la Vega. 1. ed. Madrid, Espasa-Calpe,
184 2699 40 34 s.
257 2700 65 47 a.,
355 2683 149 51 1933.

249 2753 87 41 223
359 2764 43 37 p.
456 2753 55 38 21
515 2754 15 21 cm
565 2784 8 8 .
639 2752 143 49 (Vidas
840 2749 432 44 extraordinarias.
1328 2752 82 49 10)

185 2819 1991 55 © Dec. 13, 1933; 1c. Dec. 27, 1934; A-Foreign 26562; Espasa-Oalpe,
252 2890 36 31 s.
318 2892 43 29 a.
430 2878 280 51 (34-22290)

183 2981 291 68 Barrows,
505 2982 224 53 Harlan
762 2984 92 63 H.,
888 2983 171 54 1877-

182 3056 1968 133 Geography, United States and Canada, by Harlan H. Barrows … and
618 3134 1552 70 Edith Putnam Parker … New York, Newark
185 3212 1324 69 [etc.] Silver, Burdett and company [ c 1935]
253 3288 81 48 vii,
365 3289 69 49 [1],
460 3288 98 47 288,
585 3287 59 41 32
668 3299 41 37 p.
766 3288 128 38 illus.
923 3286 132 49 (incl.
1080 3285 162 49 maps)
1305 3287 56 39 26
1365 3289 42 21 cm
1413 3317 8 9 .

254 3344 187 41 “Books
467 3344 257 48 suggested
749 3343 82 40 for
855 3345 142 38 extra
1024 3342 227 49 reading”;
1310 3353 41 37 p.
1380 3343 98 41 283.

254 3399 1917 53 “The geography of Kentucky, by L. G. Kennamer … [and] Elizabeth D.
185 3457 232 41 Zachari”;
474 3457 57 41 32
555 3468 43 37 p.
629 3459 52 38 at
709 3457 103 40 end.

185 3524 52 52 ©
263 3529 109 39 Jan.
401 3529 68 47 15,
497 3527 140 48 1935;
667 3527 68 41 2c.
764 3527 96 41 and
887 3526 82 41 aff.
999 3527 109 39 Feb.
1137 3527 81 47 16;
1248 3527 43 39 A
1316 3527 169 47 80450;
1520 3527 169 49 Silver,
1720 3531 209 40 Burdett
1959 3532 36 39 &
2024 3543 65 29 co.

262 3585 249 49 (35-3753)

182 3684 183 67 Behn,
393 3685 181 64 Fritz,
606 3686 169 54 1878-

314 3762 1855 73 … Bei Mussolini; eine bildnisstudie; mit sechs Zeichnungen
183 3839 1985 76 und vier fotos nach der büste … Stuttgart und Berlin, Cotta,
186 3919 146 51 1934.
