2424 4375
1241 4065 135 49 1296

330 447 232 65 Waller,
591 448 254 56 William
873 449 257 66 Winder,
1161 453 171 54 1870-

403 526 121 52 The
571 526 199 54 Christ
815 527 63 51 of
923 527 420 68 Anglo-Israel,
1388 528 75 68 by
1509 529 90 53 W.
1642 528 91 54 W.
1776 529 234 54 Waller.
2092 531 230 67 Boston,

331 601 238 55 Meador
599 602 335 71 publishing
963 622 297 51 company,
1293 607 150 52 1935.

399 689 86 42 313
518 701 44 39 p.
621 689 26 39 21
681 691 45 23 cm
728 722 11 10 .

402 746 235 50 “Library
669 747 226 42 edition.”

332 814 54 54 ©
410 821 120 46 Aug.
553 820 40 46 7,
620 818 114 41 1935;
787 819 65 40 2c.
882 819 126 48 Sept.
1034 818 81 48 12;
1145 819 81 40 aff.
1258 820 127 47 Sept.
1412 821 81 45 13;
1523 821 41 38 A
1590 819 169 48 86296;
1790 821 210 40 Edward
2027 821 58 39 K.
2112 822 209 47 Meador,

400 877 197 39 Boston.
668 874 279 49 (35-16927)

329 979 221 65 Wallis,
582 979 204 54 James
815 980 239 63 Harold,
1089 984 171 49 1885-

401 1058 122 53 The
555 1057 317 68 politician,
906 1056 92 55 his
1027 1057 208 66 habits,
1268 1058 240 53 outcries
1545 1058 111 52 and
1690 1058 311 67 protective
2037 1058 279 69 coloring;

331 1154 32 34 a
394 1135 270 54 textbook
694 1135 96 52 for
820 1132 390 57 office-seekers
1253 1135 139 67 (and
1426 1136 95 52 for
1551 1136 363 67 enlightened
1944 1136 243 68 voters),
332 1146 1963 135 setting
487 1214 162 53 forth
676 1212 287 55 infallible
991 1213 199 68 guides
1220 1219 58 47 to
1309 1214 259 67 political
1595 1232 231 49 success,
1854 1213 324 55 illustrated
2209 1216 106 53 and

331 1292 264 53 enriched
631 1292 140 52 with
805 1310 170 48 many
1012 1293 286 65 examples
1333 1291 153 54 from
1519 1292 96 54 the
1650 1310 214 35 careers
1900 1292 64 53 of
330 1297 1964 140 contemporary
519 1368 305 54 American
876 1369 346 68 politicians,
1275 1370 273 67 complete
1604 1370 140 52 with
1800 1389 71 34 an
1928 1371 305 67 appendix,
2289 1392 29 33 a

331 1448 458 67 comprehensive
843 1448 110 52 and
1004 1445 345 70 intelligible
1397 1448 170 53 index
1618 1449 111 52 and
1779 1449 162 53 other
1992 1451 323 53 accessories

330 1544 211 50 proper
574 1533 61 47 to
667 1546 33 34 a
732 1526 285 65 textbook,
1049 1526 76 67 by
1161 1528 55 53 J.
1252 1527 76 52 H.
1364 1526 234 64 Wallis;
1635 1527 140 52 with
1809 1526 131 53 nine
1976 1528 339 68 engravings

330 1604 154 52 from
528 1609 276 47 cartoons.
898 1606 138 51 New
1082 1603 180 66 York,
1307 1604 308 51 Frederick
1661 1605 69 51 A.
1780 1605 199 55 Stokes
2024 1624 293 49 company,

331 1684 151 51 1935.

398 1767 90 41 xiii
513 1779 57 37 p.,
597 1768 25 38 1
668 1798 22 17 l.,
717 1767 89 41 333
829 1777 42 37 p.
925 1767 165 47 front.,
1118 1768 169 46 plates.
1344 1765 56 39 22½
1432 1768 43 21 cm
1481 1797 8 9 .

330 1835 53 53 ©
413 1839 127 47 Sept.
564 1839 68 46 16,
659 1836 140 48 1935;
827 1837 66 40 2c.
921 1837 95 39 and
1042 1836 82 40 aff.
1154 1837 126 47 Sept.
1308 1836 81 47 18;
1417 1838 41 38 A
1482 1836 170 48 87062;
1684 1836 261 42 Frederick
1970 1838 54 40 A.
2056 1839 169 40 Stokes
2253 1850 63 30 co.

408 1894 280 48 (35-16866)

328 1996 222 67 Walsh,
579 1996 279 65 Maurice,
889 1997 170 55 1879-

395 2070 1918 70 Green rushes; a novel by Maurice Walsh … New York,
324 2151 311 54 Frederick
667 2150 72 54 A.
780 2149 200 56 Stokes
1016 2167 298 51 company,
1350 2152 150 50 1935.

395 2238 102 49 viii,
525 2238 87 42 352
638 2248 46 39 p.
741 2237 55 41 21
799 2239 46 22 cm
849 2268 10 11 .

329 2306 53 53 ©
409 2309 127 49 Sept.
563 2308 70 48 12,
659 2308 140 47 1935;
827 2308 65 40 2c.
925 2308 127 48 Sept.
1078 2308 81 46 16;
1189 2307 80 40 aff.
1300 2308 128 47 Sept.
1455 2308 83 46 14;
1565 2308 41 38 A
1633 2307 171 48 86441;
1832 2300 63 48 M.
1923 2309 182 47 Walsh,

397 2306 1902 108 Stillorgan
522 2367 143 46 Park,
698 2365 78 41 Co.
806 2365 193 45 Dublin,
1032 2365 210 39 Ireland.
1313 2363 279 49 (35-16896)

326 2467 239 67 Wilson,
594 2470 199 53 Frank
822 2469 215 65 Elmer,
1103 2487 74 49 bp.,
1206 2473 171 49 1885-

398 2546 94 54 An
520 2547 215 53 outline
763 2546 62 54 of
852 2546 94 53 the
973 2546 139 52 New
1139 2547 343 65 Testament,
1509 2545 75 69 by
1611 2546 94 53 the
1732 2546 97 52 lit.
1853 2546 141 53 Rev.
2021 2546 198 52 Frank
2244 2545 64 53 E.

327 2622 1982 70 Wilson … New York, Milwaukee, Morehouse publishing
327 2721 97 48 co.,
458 2706 151 49 1935.

397 2781 87 40 viii
509 2791 58 38 p.,
594 2782 25 38 1
667 2812 23 17 l.,
717 2780 84 40 101
826 2791 43 38 p.
895 2781 111 41 incl.
1031 2780 163 48 front.,
1222 2780 142 47 illus.,
1390 2790 150 39 maps.
1601 2780 55 40 15
1659 2781 44 22 cm
1707 2811 9 9 .

329 2849 53 53 ©
407 2854 127 39 June
557 2853 69 46 15,
649 2851 140 47 1935;
815 2852 66 40 2c.
908 2852 128 39 June
1056 2850 83 48 28;
1168 2850 80 40 aff.
1275 2851 129 39 June
1426 2851 83 46 27;
1536 2851 43 39 A
1601 2851 169 46 83836;
1799 2852 287 39 Morehouse
2112 2851 107 48 pub.
2246 2859 63 31 co.

409 2909 279 50 (35-16934)

327 3013 229 64 Young,
586 3012 246 53 Francis
860 3012 190 63 Brett,
1084 3014 169 49 1884-

461 3087 1845 67 … White Ladies. New York, London, Harper & brothers,
330 3172 150 50 1935.

398 3245 580 50 6 p. l., 3-492 p. 21 cm .
399 3303 160 41 “First
588 3301 229 42 edition.”

328 3370 53 53 ©
408 3375 127 47 Sept.
560 3373 68 48 12,
653 3372 139 47 1935;
818 3373 66 39 2c.
912 3373 126 47 Sept.
1064 3371 81 46 12;
1172 3371 82 40 aff.
1281 3371 126 48 Sept.
1431 3371 81 46 14;
1539 3371 41 38 A
1604 3369 168 48 86304;
1802 3370 51 39 F.
1880 3371 53 39 B.
1961 3371 181 46 Young,
398 3369 1891 102 Craycombe
587 3432 162 46 house,
781 3440 116 29 near
928 3429 249 47 Pershore,
1208 3426 418 48 Worcestershire,
1659 3428 234 46 England.

410 3487 280 48 (35-15745)

326 3587 229 65 Young,
585 3588 273 65 Kimball,
890 3591 171 49 1893-
1202 3604 176 49 comp.

459 3660 1840 70 … Source book for sociology, by Kimball Young … New
329 3740 1799 67 York, Cincinnati [etc.] American book company [ c 1935]
400 3820 96 47 xvi,
528 3821 84 39 639
645 3832 42 36 p.
751 3822 127 38 illus.
908 3820 158 47 (map)
1109 3820 177 46 diagrs.
1350 3820 54 38 23
1408 3822 15 19 cm
1458 3850 8 8 .
1539 3818 282 49 (American
1852 3817 239 47 sociology
2126 3812 166 48 series)

398 3876 342 47 “Suggestions
770 3876 79 40 for
875 3876 195 40 further
1099 3874 227 48 reading”
1359 3878 53 37 at
1440 3875 91 40 end
1558 3875 55 40 of
1639 3875 118 39 each
1788 3875 213 46 chapter.

328 3942 53 53 ©
404 3947 118 47 Aug.
545 3945 68 48 12,
641 3944 139 44 1935;
806 3946 66 40 2c.
897 3947 118 46 Aug.
1042 3944 81 48 19;
1152 3945 81 40 aff.
1260 3945 118 46 Aug.
1405 3944 81 45 17;
1513 3945 41 38 A
1579 3943 170 47 84979;
1776 3944 58 39 K.
1861 3943 180 46 Young,
2071 3939 228 43 Madison,

397 4002 115 40 Wis.
583 4001 278 48 (35-15250)
