2424 4375
1032 4079 132 49 1361

112 453 321 66 Aichhorn,
459 454 257 64 August,
746 454 168 55 1878-

181 529 311 68 Wayward
520 529 199 68 youth,
749 529 76 68 by
853 528 227 69 August
1109 527 326 67 Aichhorn;
1472 526 139 52 with
1645 546 31 33 a
1709 525 286 60 foreword
2029 525 73 69 by

115 604 282 71 Sigmund
430 606 219 67 Freud;
684 606 114 53 and
832 624 31 34 a
895 609 131 49 note
1061 605 172 53 about
1263 605 95 52 the
1395 604 206 53 author
1633 603 76 70 by
1744 604 96 52 the
1874 603 228 53 editors.

112 682 139 54 New
277 683 179 68 York,
480 684 121 51 The
625 682 221 70 Viking
871 700 174 52 press,
1072 685 152 50 1935.

183 756 103 48 xiii,
315 756 87 41 236
425 766 44 38 p.
528 754 57 41 22
588 757 44 22 cm
635 787 9 9 .

184 811 182 44 “These
393 814 224 46 chapters
642 822 125 31 were
794 811 261 49 originally
1077 811 258 48 presented
1365 821 54 31 as
1447 811 209 40 lectures
1682 810 168 41 before
1878 820 60 31 an
114 810 1972 99 audience
247 870 251 47 composed
522 868 53 41 of
595 869 283 40 candidates
902 870 49 39 in
977 870 82 39 the
1086 867 216 49 training
1327 867 162 42 school
1513 867 52 41 of
1587 869 82 40 the
1696 866 185 41 Vienna
111 867 1974 106 psychoanalytical
403 924 329 49 society.”—p.
758 925 65 44 xi.

184 981 234 41 “Revised
449 983 95 39 and
577 983 210 47 adapted
817 981 126 41 from
978 981 83 42 the
1092 982 174 40 second
1301 980 209 42 German
1543 980 334 49 edition.”—p.
1928 980 48 39 [iv]

185 1037 128 42 “The
353 1038 250 49 following
642 1039 310 40 volunteered
996 1041 49 38 to
1087 1041 271 45 co-operate
1400 1038 50 40 in
1494 1038 198 48 making
1735 1050 27 29 a
1809 1036 294 42 translation

112 1092 1989 55 of … ‘Verwahrloste jugend’: Elizabeth Bryant, Julia Deming, Mary
115 1148 165 44 O’Neil
319 1151 251 47 Hawkins,
613 1151 183 49 George
837 1152 44 41 J.
924 1152 154 47 Mohr,
1120 1151 179 41 Esther
1343 1152 42 40 J.
1428 1152 154 49 Mohr,
1627 1152 154 41 Helen
1823 1152 137 49 Ross,
2007 1154 95 39 and

113 1206 295 50 Hildegarde
435 1208 289 49 Thun.”—p.
751 1209 65 41 xi.

112 1276 53 53 ©
192 1281 127 47 Sept.
346 1280 68 48 25,
442 1280 142 48 1935;
609 1281 67 40 2c.
708 1281 126 48 Sept.
863 1280 81 48 25;
976 1280 81 41 aff.
1090 1281 127 48 Sept.
1245 1280 82 48 26;
1357 1281 42 39 A
1427 1281 169 48 86466;
1627 1281 181 48 Viking
1834 1292 149 38 press,
2013 1282 88 40 inc.

196 1337 279 50 (35-17780)

115 1441 315 54 American
457 1441 280 54 institute
762 1442 64 53 of
852 1441 280 66 banking.

184 1516 243 55 Current
470 1518 281 53 economic
791 1517 296 68 problems.
1162 1517 136 52 Key.
1342 1517 84 54 ed.
1501 1517 138 54 New
1683 1516 178 70 York,
111 1517 1969 130 American
265 1595 258 53 institute
552 1595 63 51 of
643 1594 252 68 banking
1002 1597 98 49 [c1935]

183 1664 579 49 3 p. l. , 5-149 p. 21 cm .
113 1734 52 53 ©
192 1739 100 41 Oct.
319 1739 39 46 2,
386 1738 140 48 1935;
554 1740 68 40 2c.
650 1740 95 40 and
772 1739 81 40 aff.
882 1739 101 41 Oct.
1012 1740 52 46 5;
1093 1740 42 39 A
1161 1738 170 49 86590;
1358 1740 159 40 Amer.
1546 1738 227 42 institute
1800 1740 52 39 of
1877 1738 226 48 banking.

193 1796 279 48 (35-18352)

113 1897 313 56 American
455 1898 226 65 society
709 1899 98 53 for
833 1899 228 65 testing
1085 1899 326 54 materials.

182 1973 365 70 Symposium
602 1993 72 35 on
726 1975 163 69 paint
944 1975 113 53 and
1113 1975 163 68 paint
1330 1973 309 70 materials,
1693 1972 408 71 Philadelphia

111 2051 255 69 regional
420 2053 266 69 meeting,
742 2053 306 53 American
1105 2051 210 71 society
1373 2051 95 54 for
1526 2052 211 70 testing
1793 2051 311 67 materials,

110 2127 201 55 March
345 2133 48 65 6,
427 2133 150 50 1935.
644 2130 427 69 Philadelphia,
1101 2132 121 66 Pa.,
1255 2129 306 54 American
1595 2130 211 70 society
1840 2129 93 54 for
111 2136 1965 140 testing
235 2208 290 54 materials
560 2241 13 34 [
577 2214 18 22 c
600 2210 151 65 1935]

180 2282 25 39 3
230 2290 45 38 p.
336 2312 8 16 l.,
374 2279 85 41 150
486 2290 43 39 p.
589 2281 153 47 diagr.
801 2279 55 43 23
861 2283 44 22 cm
909 2314 8 7 .

183 2337 345 48 Bibliography
556 2340 53 38 at
633 2339 91 39 end
751 2337 53 41 of
827 2349 87 29 one
939 2337 52 40 of
1013 2338 82 40 the
1122 2337 238 47 chapters.

115 2398 53 53 ©
196 2403 115 47 July
341 2403 69 46 17,
442 2402 112 40 1935
573 2413 8 36 ;
611 2402 67 40 2c.
710 2403 96 39 and
837 2399 81 43 aff.
950 2403 119 47 Aug.
1102 2402 82 47 26;
1218 2402 42 39 A
1290 2401 170 49 85624;
1494 2402 160 41 Amer.
1687 2413 91 30 soc.
1812 2403 78 41 for
1923 2402 182 49 testing

181 2459 266 41 materials.
517 2459 279 48 (35-17632)

120 2563 269 67 [Ashton,
417 2563 311 68 Winifred]

184 2642 120 51 The
330 2641 222 52 valiant
576 2641 150 53 little
751 2641 189 67 tailor,
965 2641 76 67 by
1071 2641 291 55 Clemence
1390 2644 164 50 Dane
1602 2643 195 66 [pseud.]

213 2715 59 37 (In
301 2711 123 41 New
452 2711 181 42 Nash's
663 2711 108 42 Pall
801 2711 116 41 mall
947 2710 275 51 magazine,
1255 2711 228 51 October,
1515 2712 143 48 1935)

117 2765 1968 110 © 1c. Oct. 23, 1935; A ad int. 20649; pubd. Sept. 15; W. Ashton, Edenbridge,
387 2826 143 48 Kent,
557 2826 238 49 England.

115 2929 487 54 Banks-Baldwin
636 2930 111 51 law
779 2929 340 64 publishing
1148 2944 305 49 company,
1485 2930 324 54 Cleveland.

182 3006 148 55 Ohio
364 3008 298 52 insurance
693 3009 126 63 law,
853 3006 324 66 annotated,
1212 3009 150 63 1935,
1398 3006 333 69 containing
1764 3007 77 54 all
1873 3009 137 53 laws
2041 3014 61 49 to

122 3083 328 69 September
495 3089 45 62 1,
586 3087 150 63 1935,
779 3084 112 53 and
934 3084 361 53 annotations
1342 3083 152 54 from
1536 3090 145 48 state
1724 3086 113 53 and
1881 3086 218 54 federal

110 3161 1986 72 courts … Cleveland, Banks-Baldwin law publishing co. [ c 1935]
185 3233 608 50 4 p. l. , 620, 11 p. 22 cm .
188 3291 285 40 “Annuities
508 3292 127 39 from
672 3291 229 40 Personal
939 3292 229 47 property
1206 3292 85 38 tax
1329 3292 212 46 manual,
1579 3291 162 41 issued
1780 3292 60 48 by
1881 3295 78 40 the
1999 3296 102 37 Tax

120 3347 302 42 commission
452 3348 52 39 of
533 3347 135 41 Ohio.
726 3347 275 47 Columbus,
1031 3346 136 48 Ohio,
1198 3346 143 41 1935”
1382 3346 78 48 (11
1490 3358 43 38 p.
1566 3351 54 37 at
1648 3349 116 47 end)
1805 3351 88 39 has
1923 3350 176 48 special

119 3407 94 46 t.-p.

117 3457 51 53 ©
197 3462 125 48 Sept.
348 3461 70 48 23,
445 3460 140 46 1935;
614 3460 67 39 2c.
708 3461 95 38 and
832 3460 81 39 aff.
944 3460 125 47 Sept.
1097 3459 83 47 24;
1209 3460 42 39 A
1278 3458 169 49 86419;
1476 3461 215 40 William
1720 3462 211 41 Edward
181 3465 1905 100 Baldwin,
328 3518 273 40 Cleveland.
671 3516 278 48 (35-17630)

119 3620 138 64 Bell,
282 3620 169 63 Enid,
481 3625 170 49 1904-

183 3695 291 54 Tin-craft
510 3714 59 34 as
604 3715 30 33 a
667 3694 205 68 hobby,
906 3694 75 68 by
1017 3694 155 53 Enid
1209 3694 157 67 Bell;
1407 3693 321 56 illustrated
1760 3696 75 70 by
1873 3699 94 52 the
117 3717 1953 109 author.
325 3774 137 51 New
490 3772 162 52 York
683 3772 108 52 and
822 3772 256 52 London.
1108 3771 234 67 Harper
1370 3774 43 49 &
1441 3772 276 68 brothers,
1748 3777 149 50 1935.

188 3840 1194 52 viii p.. 1 l., 111 p. front., illus., plates. 22 cm .
185 3899 160 42 “First
371 3899 224 41 edition.”

121 3952 51 53 ©
203 3959 117 47 Aug.
354 3958 68 43 12,
457 3957 139 46 1935;
633 3956 66 40 2c.
735 3957 119 45 Aug.
885 3955 82 47 10;
1004 3955 83 41 aff.
1122 3956 119 47 Aug.
1276 3956 82 47 15;
1396 3957 41 40 A
1472 3957 170 51 84959;
1678 3961 192 48 Harper
1907 3963 36 40 &
1976 3965 125 39 bros.

194 4015 276 47 (35-27330)
