2424 4375
1098 4015 97 49 691

212 465 27 40 3
268 475 43 37 p.
376 495 9 17 l.,
419 463 143 50 [5]-51
595 476 43 36 p.
697 463 59 41 20½
785 466 45 21 cm
834 495 9 9 .
911 463 191 48 (World
1134 463 172 41 affairs
1337 465 286 48 pamphlets,
1655 475 75 30 no.
1760 464 51 46 9)

143 536 51 51 ©
218 540 112 46 Apr.
358 539 39 45 5,
422 537 141 47 1935;
592 537 65 40 2c.
687 539 113 46 May
824 539 82 44 24;
936 536 80 40 aff.
1045 539 114 45 May
1188 537 83 46 21;
1298 538 43 38 A
1366 537 171 47 83295;
1568 537 208 47 Foreign
1803 536 157 49 policy
1988 545 141 38 assn.,

208 595 106 46 inc.,
342 596 95 38 and
463 595 166 39 World
655 604 147 39 peace
827 594 305 39 foundation.
1202 593 250 48 (35-7541)

141 697 225 63 Milner,
396 698 108 53 Joe
531 699 83 63 E.,
647 703 171 49 1880-

212 773 323 55 California
574 773 122 67 Joe,
733 775 169 51 noted
942 779 157 48 scout
1138 774 111 52 and
1289 772 212 53 Indian
1540 772 225 69 fighter,
1802 774 76 67 by
1916 773 105 54 Joe
2061 773 67 51 E.

142 850 1987 147 Milner, his grandson, and Earle R. Forrest … with an authentic account of Custer’s last fight, by Colonel William H. C.
145 1005 1854 70 Bowen … Caldwell, Id., The Caxton printers, ltd., 1935.
210 1080 85 40 396
326 1092 43 36 p.
429 1080 163 47 front.,
625 1081 169 47 plates,
829 1083 145 45 ports.
1005 1079 48 47 (1
1087 1079 143 47 fold.)
1299 1080 56 40 19½
1386 1082 45 21 cm
1434 1112 8 8 .

213 1136 347 48 Bibliography
595 1147 60 30 on
692 1136 240 42 “Custer’s
968 1138 97 39 last
1099 1136 176 48 fight”:
1313 1147 42 38 p.
1409 1136 130 49 [312];
1580 1136 178 41 Source
1792 1135 229 41 material
2054 1138 78 39 for

148 1194 76 39 the
260 1193 240 48 appendix
538 1204 59 29 on
635 1194 83 39 the
753 1193 262 41 casualties
1052 1196 51 37 at
1140 1194 81 40 the
1256 1194 155 39 battle
1445 1193 53 41 of
1534 1193 81 40 the
1652 1192 149 43 Little
1838 1192 90 49 Big
1966 1194 164 41 Horn:

145 1262 40 36 p.
217 1249 245 50 [365]-366.

142 1317 51 52 ©
219 1322 114 46 May
356 1320 69 48 10,
449 1320 140 46 1935;
617 1320 65 41 2c.
710 1321 115 47 May
847 1320 81 47 16;
954 1320 82 40 aff.
1067 1321 114 47 May
1204 1320 83 47 15;
1314 1321 41 38 A
1379 1320 170 47 83129;
1578 1321 189 40 Caxton
1793 1319 228 51 printers,
2046 1322 85 39 ltd.

220 1377 248 48 (35-7400)

143 1481 245 62 Mooers,
418 1481 206 51 Edwin
651 1480 218 64 Abner,
897 1482 83 52 ed.

211 1557 384 53 Annotations
631 1564 60 47 to
722 1559 95 52 the
855 1560 131 50 1929
1023 1559 153 55 Code
1211 1558 64 55 of
1307 1559 99 52 the
1438 1559 247 53 District
1715 1559 63 52 of
1816 1560 317 66 Columbia,

145 1636 1987 67 prepared by Edwin A. Mooers … 1935 pocket supplement.
146 1713 265 66 Chicago,
440 1714 319 66 Callaghan
787 1714 111 52 and
924 1732 296 49 company,
1249 1716 149 52 1935.

213 1785 26 39 2
262 1797 42 36 p.
330 1787 44 42 l.,
400 1787 87 39 116
508 1796 42 38 p.
604 1787 54 40 23
661 1789 45 21 cm
711 1818 9 8 .

215 1843 119 40 This
355 1844 247 47 pamphlet
627 1843 41 40 is
692 1846 48 37 to
764 1845 58 38 be
844 1843 138 40 fitted
1006 1843 102 40 into
1134 1844 83 39 the
1239 1843 175 48 pocket
1436 1845 55 39 at
1512 1845 83 40 the
1616 1843 122 40 back
1763 1843 52 40 of
1840 1844 83 39 the
1946 1846 190 38 volume

146 1900 50 40 of
220 1901 80 39 the
324 1902 73 38 set
422 1903 47 37 to
494 1899 157 41 which
679 1901 43 39 it
743 1901 207 47 belongs.

147 1968 51 52 ©
227 1973 112 46 May
367 1971 71 47 31,
466 1971 140 47 1935;
636 1970 68 41 2c.
736 1971 94 39 and
859 1970 81 41 aff.
968 1971 129 39 June
1126 1971 52 47 5;
1211 1971 41 39 A
1281 1970 170 47 84096;
1484 1972 51 38 E.
1565 1972 55 39 A.
1650 1972 205 45 Mooers,
216 1968 1904 101 Washington.

147 2131 213 64 Moore,
390 2133 202 55 Amos.

219 2207 195 69 Sandy
448 2207 64 53 of
546 2207 235 69 Skyline
837 2208 74 68 [by]
967 2210 177 51 Amos
1176 2210 212 51 Moore.
1464 2210 139 52 New
1636 2209 180 64 York,
1850 2209 46 52 I.
148 2209 1962 143 Washburn,
341 2291 148 50 1935.

221 2357 84 41 viii
333 2370 55 37 p.,
418 2360 24 38 1
504 2390 9 15 l.,
539 2358 173 41 11-308
738 2370 43 38 p.
840 2358 58 42 19½
927 2361 45 22 cm
976 2391 9 9 .

149 2426 51 52 ©
232 2431 115 46 May
377 2430 70 46 24,
483 2429 140 46 1935;
660 2430 68 40 2c.
763 2432 95 38 and
890 2430 82 40 aff.
1006 2431 115 47 May
1152 2428 82 49 29;
1271 2430 43 38 A
1346 2429 169 47 83370;
1555 2429 187 47 George
1771 2428 237 40 Hubbard
2043 2429 95 38 and

217 2487 159 39 Lilian
403 2488 185 39 Bennet
615 2488 288 47 Thompson,
930 2487 257 46 Warwick,
1214 2487 55 39 N.
1297 2487 53 38 Y.
1421 2485 250 48 (35-7533)

149 2588 261 67 Morgan,
441 2591 225 63 George
697 2590 311 66 Campbell,
1042 2596 171 50 1863-

219 2667 121 53 The
371 2685 241 34 answers
644 2665 62 54 of
736 2667 165 53 Jesus
930 2673 58 48 to
1021 2666 128 68 Job,
1177 2666 76 68 by
1283 2665 67 55 G.
1385 2665 295 69 Campbell
1712 2665 264 68 Morgan,
2007 2682 49 36 d.
2088 2682 49 36 d.

154 2741 134 54 New
325 2742 159 53 York
541 2749 120 61 [etc.]
703 2743 264 68 Fleming
999 2742 77 54 H.
1113 2742 199 54 Revell
1346 2759 277 51 company
1663 2775 13 35 [
1680 2748 19 22 c
1704 2743 132 50 1935
1843 2774 14 35 ]

222 2812 84 41 136
333 2825 43 36 p.
435 2813 58 41 19½
523 2816 44 21 cm
573 2847 8 8 .

153 2869 51 52 ©
228 2874 112 47 Apr.
368 2874 38 47 6,
434 2873 141 48 1935;
605 2874 67 40 2c.
703 2875 95 39 and
825 2873 80 41 aff.
936 2875 114 47 May
1076 2873 53 48 2;
1159 2875 41 38 A
1226 2874 171 47 81662;
1427 2873 223 48 Fleming
1676 2874 60 39 H.
1767 2874 167 38 Revell
1990 2880 38 31 co.

230 2930 246 50 (35-7597)

154 3032 255 65 Mueller,
439 3033 332 65 Frederick,
798 3034 72 66 jr.

222 3109 194 53 Losses
462 3111 61 51 in
569 3110 152 53 bank
767 3111 238 66 earning
1051 3115 190 62 assets,
1287 3112 76 65 by
1408 3109 311 53 Frederick
1762 3109 259 65 Mueller,
2068 3108 72 67 jr.

155 3184 133 53 New
320 3187 177 64 York,
526 3188 121 51 The
677 3187 254 54 Bankers
962 3187 336 67 publishing
1328 3205 296 49 company,
1655 3189 152 50 1935.

220 3258 731 50 3 p. l. , v-xii, 189 p. 23½ cm .
225 3313 242 42 “Selected
498 3315 391 49 bibliography”:
921 3328 43 36 p.
997 3315 214 41 175-176.

157 3367 51 52 ©
235 3373 119 39 Mar.
381 3372 69 46 20,
478 3372 139 47 1935;
648 3373 67 39 2c.
743 3374 95 38 and
863 3372 81 40 aff.
972 3373 112 47 Apr.
1114 3373 82 45 17;
1227 3373 41 38 A
1294 3372 171 47 82546;
1497 3372 224 40 Bankers
1746 3373 109 47 pub.
1884 3383 68 29 co.

234 3428 246 49 (35-7562)

159 3530 1977 147 The Municipal year book; … the authoritative resume of activities and statistical data of American cities [1935] [ v. 2 3
228 3687 249 55 Editors,
504 3689 268 54 Clarence
799 3691 65 50 E.
891 3688 226 67 Ridley,
1143 3688 145 55 Orin
1314 3690 64 51 F.
1406 3690 256 65 Nolting.
1728 3688 266 67 Chicago,
2020 3688 121 53 The

226 3765 417 53 International
673 3766 115 66 city
817 3767 313 65 managers’
1162 3768 353 62 association,
1550 3769 148 51 1935.

228 3835 99 47 viii,
352 3835 86 40 392
465 3848 40 36 p.
566 3838 54 39 25
624 3840 44 20 cm
672 3868 8 8 .

163 3886 51 52 ©
240 3892 112 47 May
378 3893 40 45 1,
443 3892 140 47 1935;
613 3894 65 39 2c.
709 3895 114 46 May
851 3894 81 46 10;
962 3894 80 39 aff.
1074 3894 115 48 May
1216 3893 82 48 21;
1330 3894 40 38 A
1398 3892 170 47 83226;
1600 3892 257 42 Internati,
1888 3891 99 49 city
2013 3901 131 30 man-

1934 3946 119 32 A.A.A1
