2424 4375
1053 4037 99 53 711

103 423 171 63 Ullin,
299 424 239 54 Robert.

166 498 246 65 Besides,
450 497 93 52 the
585 498 189 51 wench
813 498 48 51 is
898 497 161 52 dead.
1135 496 231 54 Garden
1409 496 152 67 City,
1599 497 68 51 N.
1710 497 92 66 Y.,

97 496 1964 140 Doubleday,
248 575 196 51 Doran
472 574 45 49 &
542 591 297 45 company,
865 575 126 61 inc.,
1020 576 151 50 1935.

164 649 25 38 5
214 657 42 37 p.
316 678 9 15 l.,
350 646 85 40 302
462 656 40 37 p.
563 644 56 41 20
622 648 42 21 cm
670 678 8 9 .

165 715 159 41 “First
353 715 226 41 edition.”

103 784 51 52 ©
180 788 111 47 May
317 788 67 39 17.
414 787 112 40 1035;
582 786 64 41 2c.
676 788 95 38 and
798 786 80 40 aff.
906 787 113 47 May
1045 785 58 39 22;
1156 787 42 38 A
1224 786 143 41 83212;
1427 787 298 47 Doubleday,
1754 788 167 39 Doran
1946 787 37 40 &
2010 797 81 37 co.,

167 843 87 41 inc.
325 844 249 46 (35-7316)

104 945 219 65 Vanity
349 947 139 55 fair.

167 1022 172 54 Vanity
416 1021 162 53 fair’s
613 1021 276 68 portfolio
926 1020 64 54 of
1024 1022 234 51 modern
1294 1021 224 53 French
1553 1025 118 64 art;
1710 1024 67 49 40
1812 1021 182 68 plates
2030 1021 60 51 in

105 1097 102 53 full
239 1100 169 66 color,
441 1099 139 52 with
613 1099 394 68 biographical
1042 1099 112 52 and
1187 1098 221 53 critical
1443 1104 157 47 notes
1631 1117 72 34 on
1736 1100 65 50 31
1835 1105 256 60 masters,

101 1177 109 52 and
245 1196 70 33 an
353 1176 387 53 introduction
776 1176 73 69 by
884 1177 68 51 R.
990 1176 79 53 H.
1105 1176 299 54 Wilenski.
1477 1176 138 53 New
1652 1176 181 69 York,
1871 1176 219 68 Vanity

106 1254 125 67 fair,
262 1258 149 49 1935.

174 1329 82 50 [15]
283 1340 42 37 p.
352 1329 109 40 incl.
487 1329 228 40 mounted
742 1330 86 39 col.
853 1338 62 39 pl.
967 1327 60 42 39
1051 1329 87 40 col.
1163 1338 62 38 pl.
1279 1328 60 41 38½
1368 1330 43 21 cm
1415 1359 9 8 .

171 1402 168 39 Issued
366 1401 49 38 in
443 1409 121 31 case.

173 1458 130 40 Each
334 1458 52 39 of
419 1458 79 39 the
533 1456 290 49 thirty-nine
855 1458 159 47 plates
1046 1456 340 49 accompanied
1421 1457 62 47 by
1516 1457 102 40 leaf
1650 1457 120 40 with
1803 1455 290 50 descriptive

105 1516 287 47 letterpress.

175 1572 65 39 “A
266 1570 335 49 bibliography
627 1571 52 40 of
706 1572 196 39 modern
930 1570 186 40 French
1144 1569 249 49 painting”:
1452 1581 40 38 p.
1524 1570 85 49 [15]

107 1638 51 52 ©
185 1643 112 46 May
321 1641 40 47 6,
388 1641 139 46 1935;
557 1642 65 38 2c.
652 1642 95 38 and
778 1641 81 39 aff.
890 1642 114 45 May
1032 1641 46 38 31;
1144 1641 40 38 A
1211 1640 170 47 83062;
1412 1640 164 40 Coudé
1603 1641 125 41 Nast
1755 1639 338 50 publications,

173 1699 102 47 inc.,
308 1698 294 47 Greenwich,
636 1698 147 40 Conn.
853 1697 249 48 (35-7263)

108 1801 238 65 Vindry,
373 1800 164 67 Noël,
566 1807 170 49 1896-

232 1876 1293 70 … Masques noirs. Paris, Gallimard [ 1935]
176 1962 1806 53 2 p. l. , [7]-248 p., 3 l. 19 cm . [His M. r Allou, juge d’instruction. 6]
109 2032 1889 53 © Feb. 1, 1935; 1c. Apr. 16; A-Foreign 27566; Librairie Gallimard
185 2093 247 48 (35-7965)

112 2193 284 68 Waldron,
423 2195 252 55 William
703 2198 221 62 Henry,
953 2198 131 54 1877

181 2273 171 66 Flags
381 2273 62 52 of
475 2274 255 51 America;
796 2273 92 52 the
917 2283 154 58 story
1101 2272 64 53 of
1191 2272 95 52 the
1312 2270 144 70 flags
1482 2271 186 53 which
1696 2270 144 55 have
1869 2271 227 54 entered

117 2349 111 53 into
264 2350 93 52 the
393 2349 217 69 history
647 2350 63 52 of
747 2348 261 55 America
1046 2349 111 53 and
1193 2350 95 53 the
1325 2347 234 70 making
1594 2348 64 54 of
1692 2347 152 54 “Old
1879 2349 217 68 glory,”

117 2427 248 67 together
397 2428 133 52 with
562 2446 69 36 an
661 2428 289 53 authentic
978 2427 229 53 manual
1238 2427 265 68 covering
1531 2427 94 53 the
1656 2427 227 69 display
1912 2426 62 52 of
2005 2427 90 53 the

116 2502 109 71 flag
261 2507 109 51 and
412 2505 302 68 rendering
753 2515 55 43 to
852 2505 41 53 it
936 2523 203 49 proper
1180 2510 230 64 respect.
1486 2505 90 67 By
1618 2503 230 55 Colonel
1889 2505 87 52 W.
2019 2505 72 52 H.

117 2580 1956 148 Waldron … Huntington, W. Va., Standard printing & publishing co. [c1935]
180 2729 56 39 40
263 2740 43 37 p.
366 2731 127 39 illus.
522 2731 134 47 (part
684 2731 111 46 col.)
863 2732 55 39 27
921 2734 43 20 cm
971 2762 6 7 .

114 2797 51 53 ©
186 2803 112 48 May
320 2803 68 49 23,
411 2804 112 40 1935;
578 2804 65 40 2c.
670 2806 96 37 and
791 2804 81 40 aff.
896 2805 114 47 May
1033 2803 57 39 24;
1142 2805 41 38 A
1208 2804 142 40 83302;
1411 2804 244 41 Standard
1683 2803 219 50 printing
1926 2805 36 40 &
1988 2805 109 47 pub.

181 2870 64 29 co.
315 2859 248 49 (35-7731)

117 2960 253 67 Waring,
398 2965 219 52 Robert
645 2965 268 53 Newton.

185 3036 161 54 Bible
381 3038 216 68 history;
667 3058 29 32 a
734 3056 284 51 summary
1055 3039 477 68 chronologically
1570 3037 298 70 arranged,
1905 3037 62 54 of
2003 3038 95 54 the

119 3121 184 46 events
344 3117 260 51 narrated
651 3119 52 50 in
751 3116 311 67 Scripture,
1102 3114 211 70 setting
1353 3116 159 53 forth
1553 3116 149 54 their
1742 3121 201 48 nature
1986 3118 111 52 and

122 3188 307 73 indicating
456 3195 149 52 their
634 3196 227 65 import,
889 3194 139 52 with
1055 3193 190 70 index,
1270 3192 381 69 genealogical
1680 3193 169 68 table,
1878 3212 28 34 a
1938 3194 159 53 chart

120 3266 1916 74 of nations and a series of maps, by Robert Newton Waring …
126 3343 1645 75 New York [etc.-] Fleming H. Revel I company [ c 1935]
186 3416 1519 50 413 p., 1 l. maps (1 double) diagr., geneal. tab. 26 cm .
119 3482 51 53 ©
195 3489 108 48 May
329 3490 68 47 18,
422 3490 112 41 1935;
590 3492 66 39 2c.
685 3493 96 39 and
807 3492 80 40 aff.
914 3494 113 46 May
1052 3491 55 40 29;
1162 3493 42 38 A
1228 3492 141 40 83391;
1427 3492 220 48 Fleming
1672 3494 59 38 H.
1759 3494 142 39 Revel
1910 3494 10 37 1
1952 3502 65 29 co.

196 3544 244 52 (35-7739)

119 3644 256 69 Watson,
405 3652 135 51 Mrs.
573 3652 170 51 Mabel
793 3652 305 63 Maitland,
1132 3657 170 49 1880-

186 3724 56 52 A
274 3727 306 67 secondary
616 3729 189 52 school
840 3730 177 51 music
1053 3748 192 34 course
1280 3727 59 54 in
1373 3729 370 67 preparation
1779 3729 94 52 for
1909 3729 190 53 school

122 3800 298 54 certificate
464 3808 110 50 and
620 3806 423 52 matriculation
1091 3807 428 58 examinations,
1564 3807 75 65 by
1683 3807 79 51 M.
1810 3806 288 52 Maitland

122 3874 1975 76 Watson, volume 3—3d vear … London, Boosey & co., ltd.
127 3985 11 32 [
143 3959 17 20 c
166 3957 127 51 1935
300 3990 11 32 ]
