2424 4375
1237 4075 134 49 1244

301 454 294 65 Creamer,
624 454 208 53 Daniel
861 454 258 62 Barnett,
1151 460 170 49 1909-

363 531 60 53 Is
461 530 266 68 industry
765 529 478 70 decentralizing?
1320 530 56 52 A
1413 530 303 55 statistical
1751 529 248 68 analysis
2039 530 64 54 of
294 532 1967 129 locational

514 607 244 69 changes
797 607 60 53 in
894 607 474 70 manufacturing
1407 607 399 70 employment,
1849 610 324 65 1899-1933,
2211 610 72 67 by

293 685 209 54 Daniel
524 686 67 52 B.
616 685 292 67 Creamer;
936 685 139 52 with
1097 704 31 34 a
1152 684 230 69 preface
1403 685 76 69 by
1502 686 202 55 Carter
1728 682 305 58 Goodrich.
295 685 1966 146 Philadelphia,

583 761 336 70 University
955 763 65 52 of
1056 762 423 70 Pennsylvania
1519 781 185 51 press;
1744 764 257 68 London,
2040 764 78 54 H.
297 763 1964 145 Milford,
478 840 230 56 Oxford
737 840 276 53 university
1081 859 174 50 press,
1286 844 150 50 1935.

367 914 85 49 xii,
479 914 86 41 105
591 925 44 38 p.
693 915 149 40 front.
881 913 160 50 (map)
1108 915 56 40 25½
1196 917 44 21 cm
1244 945 9 9 .
1324 914 299 49 (Half-title:
1650 915 154 48 Study
1831 915 52 41 of
1909 915 281 49 population

297 925 1974 94 redistribution,
667 971 271 40 Industrial
975 972 224 40 research
1235 972 142 47 dept.,
1413 971 237 41 Wharton
1688 972 163 40 school
1886 971 52 41 of
1971 971 186 40 finance
2192 972 94 41 and

298 1038 275 37 commerce,
603 1027 283 49 University
909 1028 54 41 of
988 1027 374 48 Pennsylvania.
1422 1027 215 41 Bulletin
1665 1037 76 32 no.
1767 1028 53 48 3)

302 1081 52 53 ©
383 1085 117 48 Aug.
533 1084 67 48 16,
632 1085 139 44 1935;
805 1084 66 41 2c.
902 1086 97 38 and
1026 1084 80 40 aff.
1137 1085 119 48 Aug.
1287 1085 82 47 24;
1401 1086 41 38 A
1472 1084 169 48 86071;
1674 1087 56 38 D.
1764 1087 53 38 B.
1850 1086 241 47 Creamer,
373 1086 1898 104 Washington.
626 1141 278 48 (35-15882)

305 1230 370 65 Darlington,
707 1231 224 64 George
960 1231 189 64 Mark,
1182 1237 169 49 1890-

373 1307 1913 70 Office management, by George M. Darlington … New
309 1385 173 68 York,
509 1386 121 53 The
658 1387 225 54 Bonald
912 1404 155 49 press
1096 1404 279 49 company
1408 1421 12 32 [
1426 1393 17 20 c
1448 1391 132 49 1935
1586 1420 13 33 ]

373 1471 45 34 x,
445 1458 85 42 203
558 1470 43 37 p.
656 1459 125 40 illus.
841 1459 53 39 21
898 1461 44 21 cm
946 1490 9 9 .

374 1516 376 48 Bibliography:
780 1526 43 38 p.
852 1513 215 42 194-195.

305 1569 55 53 ©
389 1574 116 47 Aug.
539 1573 69 47 22,
640 1572 139 47 1935;
814 1573 66 39 2c.
913 1573 118 46 Aug.
1062 1572 82 46 27;
1178 1571 81 40 aff.
1292 1572 120 46 Aug.
1444 1571 81 47 24;
1560 1573 40 38 A
1629 1572 170 47 86082;
1834 1573 189 39 Ronald
2056 1582 134 39 press
2222 1584 65 29 co.

385 1629 279 47 (35-15995)

304 1719 344 65 Daughters
682 1719 63 53 of
777 1719 285 53 founders
1093 1719 114 52 and
1242 1717 258 65 patriots
1531 1717 63 53 of
1627 1717 293 55 America.
377 1719 1890 132 Connecticut
498 1798 250 66 chapter.

375 1872 229 70 Family
638 1874 225 54 records
909 1873 348 68 (heretofore
1291 1873 408 68 unpublished)
1746 1874 266 54 collected
2049 1873 60 53 in
305 1894 1959 111 commemoration
710 1952 64 52 of
805 1952 94 52 the
931 1952 157 52 three
1122 1952 327 53 hundredth
1483 1951 370 69 anniversary
1886 1952 62 52 of
1979 1953 94 52 the
303 1953 1960 131 settlement
484 2028 63 56 of
571 2028 384 57 Connecticut.
1036 2030 228 66 [Derby,
1290 2029 197 67 Conn.]
1518 2030 120 53 The
1665 2028 367 57 Connecticut
2058 2032 231 66 chapter

306 2107 64 52 of
401 2108 95 52 the
525 2105 256 55 national
812 2106 209 68 society
1051 2108 327 66 Daughters
1409 2106 63 53 of
1503 2106 271 55 founders
1808 2108 111 52 and
1953 2108 243 66 patriots
2227 2109 61 51 of

306 2183 282 69 America,
616 2183 125 68 inc.,
768 2191 18 22 c
791 2189 148 50 1935.

378 2257 87 41 305
484 2267 44 38 p.
587 2257 55 41 23½
674 2259 44 22 cm
723 2289 10 10 .

380 2315 213 47 “Editor,
622 2315 115 39 Mrs.
765 2314 125 40 John
918 2313 219 41 Laidlaw
1165 2313 164 40 Buel.”

310 2368 55 53 ©
391 2373 119 47 Aug.
542 2372 68 47 31,
641 2371 141 46 1935;
812 2371 65 40 2c.
909 2372 95 39 and
1034 2371 82 40 aff.
1150 2371 126 48 Sept.
1309 2370 51 47 6;
1393 2371 40 38 A
1464 2370 169 47 86160;
1668 2369 314 42 Connecticut
2013 2372 201 47 chapter
2241 2371 50 40 of

380 2430 83 38 the
495 2429 116 39 Natl.
659 2438 106 37 soc.,
802 2428 277 47 Daughters
1113 2427 52 40 of
1199 2428 236 39 founders
1469 2428 95 38 and
1601 2428 212 47 patriots
1845 2427 53 40 of
1931 2426 235 50 America,
2202 2427 87 40 inc.

387 2485 279 48 (35-15774)

314 2574 220 67 [Davis,
561 2574 301 64 Franklyn
890 2573 219 68 Pierre]
1147 2579 170 49 1868-
1527 2573 84 53 ed.

378 2652 197 53 Davis’
617 2653 310 66 anthology
966 2651 63 55 of
1067 2670 332 49 newspaper
1437 2669 156 34 verse
1632 2651 94 52 for
1768 2654 159 63 1934;
1973 2670 73 33 an
2084 2653 205 51 annual

308 2730 318 52 barometer
656 2729 62 50 of
748 2730 96 50 the
871 2730 300 51 sentiment
1200 2729 63 54 of
1294 2729 96 52 the
1420 2730 307 51 American
1754 2731 216 64 people.
2037 2731 129 49 16th
309 2748 1956 111 annual
487 2806 83 53 ed.
650 2806 352 52 Illustrated.
1083 2806 211 52 Edited
1335 2806 76 66 by
1452 2805 176 54 Athie
1674 2805 130 55 Sale
1847 2805 196 54 Davis.
2122 2805 166 66 Enid,

312 2884 150 66 Okl.,
485 2885 70 52 A.
586 2882 55 55 S.
669 2884 197 65 Davis,
892 2887 150 50 1935.

381 2955 762 50 2 p. l. , 7-142 p. illus. 20 cm .
314 3008 52 53 ©
399 3014 127 39 June
556 3013 68 47 15,
656 3012 112 40 1935
787 3022 9 37 ;
828 3011 66 40 2c.
929 3013 129 38 June
1083 3012 80 46 18;
1198 3012 82 39 aff.
1315 3012 100 39 Oct.
1448 3012 50 46 1;
1533 3012 40 39 A
1604 3012 169 46 86552;
1808 3012 147 40 Athie
1988 3013 109 40 Sale
2129 3010 158 41 Davis.

312 3129 219 66 Dukes,
559 3130 206 64 Henry
791 3130 198 64 Hugh,
1022 3135 170 49 1895-

381 3202 1850 71 The physiology of domestic animals, by H. H. Dukes …
312 3282 140 55 with
484 3302 31 33 a
545 3283 233 67 chapter
807 3300 69 34 on
905 3282 121 51 The
1054 3281 528 69 physico-chemical
1614 3280 149 53 basis
1794 3280 63 52 of
1884 3276 403 72 physiological

314 3356 1974 71 phenomena by E. A. Hewitt … a part on Reproduction by
314 3434 1973 69 G. W. McNutt … a foreword by H. D. Bergman … 3d rev.
313 3513 83 52 ed.
471 3513 217 67 Ithaca,
722 3511 69 55 N.
830 3512 88 68 Y.,
955 3510 296 55 Comstock
1286 3511 333 68 publishing
1653 3529 293 50 company,
1982 3511 125 68 inc.,
2144 3510 142 51 1935.

384 3594 95 37 xiv,
512 3583 83 41 643
627 3594 41 37 p.
730 3584 141 47 illus.,
904 3584 177 46 diagrs.
1142 3582 54 41 23½
1229 3585 43 21 cm
1277 3614 8 8 .

385 3638 345 42 “References”
760 3642 53 37 at
841 3640 90 39 end
960 3640 53 39 of
1042 3640 117 40 each
1189 3641 124 46 part.

318 3695 57 52 ©
398 3700 117 47 Aug.
545 3699 70 47 26,
643 3698 112 41 1935
773 3709 9 36 ;
810 3698 65 41 2c.
904 3699 95 39 and
1027 3698 80 39 aff.
1141 3698 125 47 Sept.
1296 3698 82 46 11;
1408 3699 40 38 A
1476 3698 169 46 85894;
1676 3697 253 41 Comstock
1958 3699 107 47 pub.
2096 3707 79 36 co.,
2202 3695 83 38 inc.

398 3755 278 48 (35-16627)

321 3842 182 63 Eden,
533 3842 143 64 Rob,
705 3843 192 66 pseud.

387 3915 218 55 Golden
637 3915 253 70 goddess,
924 3916 73 69 by
1033 3916 122 52 Rob
1191 3916 176 52 Eden.
1442 3915 134 54 New
1617 3914 176 68 York,
1826 3915 56 53 J.
1918 3914 76 52 H.
2029 3910 257 70 Hopkins

317 3994 399 67 & son [ c 1935]
