<alto xmlns="http://www.loc.gov/standards/alto/ns-v3#" xmlns:xlink="http://www.w3.org/1999/xlink" xmlns:xsi="http://www.w3.org/2001/XMLSchema-instance" xsi:schemaLocation="http://www.loc.gov/standards/alto/ns-v3# http://www.loc.gov/alto/v3/alto-3-0.xsd"><Description>
<MeasurementUnit>pixel</MeasurementUnit>
<sourceImageInformation>
<fileName>1935_v32_Part1.pdf</fileName>
</sourceImageInformation>
<OCRProcessing ID="IdOcr">
<ocrProcessingStep>
<processingDateTime>2019-01-15</processingDateTime>
<processingSoftware>
<softwareCreator>ABBYY</softwareCreator>
<softwareName>ABBYY Recognition Server</softwareName>
<softwareVersion>4.0</softwareVersion>
</processingSoftware>
</ocrProcessingStep>
</OCRProcessing>
</Description>
<Styles>
<ParagraphStyle ID="StyleId-FFFFFFFF-FFFF-FFFF-FFFF-FFFFFFFFFFFF-" ALIGN="Left" LEFT="0." RIGHT="0." FIRSTLINE="0."/>
<ParagraphStyle ID="StyleId-09A13A44-4F77-4ABE-84F3-84CC8B3C72CE-" ALIGN="Left" LEFT="0." RIGHT="0." FIRSTLINE="0." LINESPACE="7.699999809"/>
<ParagraphStyle ID="StyleId-1F945060-F8CD-4435-B69A-5FF49DB0C586-" ALIGN="Left" LEFT="0." RIGHT="0." FIRSTLINE="-10." LINESPACE="12.19999981"/>
<ParagraphStyle ID="StyleId-C6CAE747-F5A4-4D0D-8D74-D452DA7E2C1C-" ALIGN="Block" LEFT="0." RIGHT="0." FIRSTLINE="-14." LINESPACE="8.350000381"/>
<ParagraphStyle ID="StyleId-FC0F3374-189A-459E-BE29-2DC14180F022-" ALIGN="Left" LEFT="0." RIGHT="0." FIRSTLINE="0."/>
<ParagraphStyle ID="StyleId-49397C49-A894-4B3E-BA5E-1126226BA375-" ALIGN="Left" LEFT="0." RIGHT="0." FIRSTLINE="-12." LINESPACE="11.09000015"/>
<ParagraphStyle ID="StyleId-9E34DD3A-E661-48BD-A3A1-6A3D48346F00-" ALIGN="Block" LEFT="0." RIGHT="0." FIRSTLINE="-14." LINESPACE="11.09000015"/>
<ParagraphStyle ID="StyleId-56CE54AA-A08B-4BAA-8605-F26020A0E36E-" ALIGN="Left" LEFT="0." RIGHT="0." FIRSTLINE="0." LINESPACE="9.399999619"/>
<ParagraphStyle ID="StyleId-77814FFC-C42F-4AA9-9880-EF33B947DEC8-" ALIGN="Left" LEFT="0." RIGHT="0." FIRSTLINE="-11." LINESPACE="11.06999969"/>
<ParagraphStyle ID="StyleId-FDE92EC0-67DC-4C7B-8A24-094B12C38B6C-" ALIGN="Center" LEFT="0." RIGHT="0." FIRSTLINE="0." LINESPACE="11.30000019"/>
<ParagraphStyle ID="StyleId-65180E3B-4C93-4FB8-81EE-E026DD63DBF3-" ALIGN="Left" LEFT="0." RIGHT="0." FIRSTLINE="0." LINESPACE="11.10000038"/>
<ParagraphStyle ID="StyleId-10E885C2-5813-4620-B0AA-0FBA30CF7A32-" ALIGN="Left" LEFT="0." RIGHT="0." FIRSTLINE="0." LINESPACE="9.5"/>
<ParagraphStyle ID="StyleId-913C2DB5-9F02-4067-BAF7-0AED37B60BBE-" ALIGN="Left" LEFT="0." RIGHT="0." FIRSTLINE="0." LINESPACE="6.099999905"/>
<ParagraphStyle ID="StyleId-9C79A9D2-8F08-4A8F-985D-B00E253ED1E5-" ALIGN="Left" LEFT="0." RIGHT="0." FIRSTLINE="0." LINESPACE="4.400000095"/>
<ParagraphStyle ID="StyleId-A41F0407-FEFE-4738-9EC5-E05AFFF62781-" ALIGN="Left" LEFT="0." RIGHT="0." FIRSTLINE="0." LINESPACE="7.300000191"/>
<ParagraphStyle ID="StyleId-61D37176-94E8-408D-9B87-01C406CE8AB2-" ALIGN="Left" LEFT="0." RIGHT="0." FIRSTLINE="0." LINESPACE="8.050000191"/>
</Styles>
<Layout>
<Page ID="Page1119" PHYSICAL_IMG_NR="1119" HEIGHT="4375" WIDTH="2424">
<TopMargin HEIGHT="452" WIDTH="2424" VPOS="0" HPOS="0">
</TopMargin>
<LeftMargin HEIGHT="3619" WIDTH="85" VPOS="452" HPOS="0">
<TextBlock ID="Page1119_Block1" HEIGHT="106" WIDTH="22" VPOS="3636" HPOS="32" LANG="en-US" STYLEREFS="StyleId-CD536D6B-928C-4A80-A44A-19600A10CEF4-">
<TextLine HEIGHT="86" WIDTH="10" VPOS="3647" HPOS="35">
<String CONTENT="1" HEIGHT="86" WIDTH="10" VPOS="3647" HPOS="35"/>
</TextLine>
</TextBlock>
<GraphicalElement ID="Page1119_Block2" HEIGHT="238" WIDTH="4" VPOS="2236" HPOS="0"/>
<GraphicalElement ID="Page1119_Block3" HEIGHT="1100" WIDTH="20" VPOS="2474" HPOS="2"/>
<GraphicalElement ID="Page1119_Block4" HEIGHT="463" WIDTH="18" VPOS="3608" HPOS="16"/>
</LeftMargin>
<RightMargin HEIGHT="3619" WIDTH="224" VPOS="452" HPOS="2200">
</RightMargin>
<BottomMargin HEIGHT="304" WIDTH="2424" VPOS="4071" HPOS="0">
<TextBlock ID="Page1119_Block5" HEIGHT="106" WIDTH="511" VPOS="4103" HPOS="1020" LANG="en-US" STYLEREFS="StyleId-A34DFF7E-EE28-432F-ABC4-6C1644383E07-">
<TextLine HEIGHT="41" WIDTH="131" VPOS="4103" HPOS="1094">
<String CONTENT="1119" HEIGHT="41" WIDTH="131" VPOS="4103" HPOS="1094"/>
</TextLine>
</TextBlock>
<GraphicalElement ID="Page1119_Block6" HEIGHT="303" WIDTH="18" VPOS="4071" HPOS="16"/>
</BottomMargin>
<PrintSpace HEIGHT="3619" WIDTH="2115" VPOS="452" HPOS="85">
<TextBlock ID="Page1119_Block7" HEIGHT="3619" WIDTH="2115" VPOS="452" HPOS="85" LANG="en-US" CS="1" STYLEREFS="StyleId-D6CF5F8F-22C2-46AF-A9F8-CE75C657EFF7-">
<TextLine HEIGHT="69" WIDTH="613" VPOS="472" HPOS="165" STYLEREFS="StyleId-357FEB46-6C9C-4D9B-A49C-926EAEFDD5A4-" CS="1">
<String CONTENT="[Spalding," HEIGHT="69" WIDTH="315" VPOS="472" HPOS="165"/>
<SP HEIGHT="63" WIDTH="26" VPOS="473" HPOS="481"/>
<String CONTENT="Baird" HEIGHT="52" WIDTH="179" VPOS="472" HPOS="508"/>
<SP HEIGHT="52" WIDTH="26" VPOS="472" HPOS="688"/>
<String CS="1" CONTENT="T.]" HEIGHT="52" WIDTH="63" VPOS="472" HPOS="715"/>
</TextLine>
<TextLine HEIGHT="65" WIDTH="1916" VPOS="545" HPOS="230" STYLEREFS="StyleId-36967E0C-88BB-46C6-B9E7-BDA45FD551A9-">
<String CONTENT="Life" HEIGHT="51" WIDTH="132" VPOS="550" HPOS="230"/>
<SP HEIGHT="34" WIDTH="25" VPOS="567" HPOS="363"/>
<String CONTENT="and" HEIGHT="53" WIDTH="111" VPOS="548" HPOS="389"/>
<SP HEIGHT="53" WIDTH="25" VPOS="548" HPOS="501"/>
<String CONTENT="teaching" HEIGHT="63" WIDTH="265" VPOS="547" HPOS="527"/>
<SP HEIGHT="44" WIDTH="23" VPOS="566" HPOS="793"/>
<String CONTENT="of" HEIGHT="52" WIDTH="61" VPOS="547" HPOS="817"/>
<SP HEIGHT="52" WIDTH="22" VPOS="547" HPOS="879"/>
<String CONTENT="the" HEIGHT="52" WIDTH="94" VPOS="547" HPOS="902"/>
<SP HEIGHT="34" WIDTH="26" VPOS="565" HPOS="997"/>
<String CONTENT="masters" HEIGHT="47" WIDTH="235" VPOS="551" HPOS="1024"/>
<SP HEIGHT="34" WIDTH="23" VPOS="564" HPOS="1260"/>
<String CONTENT="of" HEIGHT="52" WIDTH="62" VPOS="546" HPOS="1284"/>
<SP HEIGHT="52" WIDTH="22" VPOS="546" HPOS="1347"/>
<String CONTENT="the" HEIGHT="51" WIDTH="94" VPOS="547" HPOS="1370"/>
<SP HEIGHT="49" WIDTH="24" VPOS="547" HPOS="1465"/>
<String CONTENT="Far" HEIGHT="49" WIDTH="116" VPOS="547" HPOS="1490"/>
<SP HEIGHT="50" WIDTH="25" VPOS="547" HPOS="1607"/>
<String CONTENT="East," HEIGHT="50" WIDTH="156" VPOS="547" HPOS="1633"/>
<SP HEIGHT="32" WIDTH="61" VPOS="565" HPOS="1790"/>
<String CONTENT="volume" HEIGHT="52" WIDTH="221" VPOS="545" HPOS="1852"/>
<SP HEIGHT="48" WIDTH="25" VPOS="548" HPOS="2074"/>
<String CONTENT="3." HEIGHT="49" WIDTH="46" VPOS="548" HPOS="2100"/>
</TextLine>
<TextLine HEIGHT="69" WIDTH="1325" VPOS="624" HPOS="223" STYLEREFS="StyleId-36967E0C-88BB-46C6-B9E7-BDA45FD551A9-" CS="1">
<String CS="1" CONTENT="&#8230;"/>
<SP HEIGHT="50" WIDTH="29" VPOS="630" HPOS="223"/>
<String CONTENT="Los" HEIGHT="50" WIDTH="111" VPOS="630" HPOS="253"/>
<SP HEIGHT="51" WIDTH="22" VPOS="629" HPOS="365"/>
<String CONTENT="Angeles." HEIGHT="66" WIDTH="264" VPOS="627" HPOS="388"/>
<SP HEIGHT="55" WIDTH="26" VPOS="624" HPOS="653"/>
<String CONTENT="Calif.." HEIGHT="55" WIDTH="193" VPOS="624" HPOS="680"/>
<SP HEIGHT="51" WIDTH="23" VPOS="626" HPOS="874"/>
<String CONTENT="DeVorss" HEIGHT="52" WIDTH="265" VPOS="625" HPOS="898"/>
<SP HEIGHT="50" WIDTH="25" VPOS="627" HPOS="1164"/>
<String CONTENT="&amp;" HEIGHT="50" WIDTH="45" VPOS="627" HPOS="1190"/>
<SP HEIGHT="50" WIDTH="26" VPOS="627" HPOS="1236"/>
<String CONTENT="co." HEIGHT="34" WIDTH="78" VPOS="642" HPOS="1263"/>
<SP HEIGHT="34" WIDTH="33" VPOS="656" HPOS="1342"/>
<String CS="1" CONTENT="["/>
<String STYLE="superscript" CS="1" CONTENT="c"/>
<String CS="1" CONTENT="1935]" HEIGHT="49" WIDTH="131" VPOS="627" HPOS="1417"/>
</TextLine>
<TextLine HEIGHT="50" WIDTH="633" VPOS="698" HPOS="232" CS="1">
<String CONTENT="5" HEIGHT="39" WIDTH="28" VPOS="702" HPOS="232"/>
<SP HEIGHT="46" WIDTH="22" VPOS="702" HPOS="261"/>
<String LANG="fr" CONTENT="p." HEIGHT="36" WIDTH="41" VPOS="712" HPOS="284"/>
<SP/>
<String LANG="fr" CS="1" CONTENT="l."/>
<String CONTENT="," HEIGHT="14" WIDTH="7" VPOS="731" HPOS="388"/>
<SP HEIGHT="45" WIDTH="29" VPOS="700" HPOS="396"/>
<String CONTENT="15-180" HEIGHT="40" WIDTH="176" VPOS="698" HPOS="426"/>
<SP HEIGHT="48" WIDTH="18" VPOS="698" HPOS="603"/>
<String CONTENT="p." HEIGHT="37" WIDTH="42" VPOS="709" HPOS="622"/>
<SP HEIGHT="38" WIDTH="56" VPOS="699" HPOS="665"/>
<String CS="1" CONTENT="19&#189;" HEIGHT="39" WIDTH="55" VPOS="698" HPOS="722"/>
<String STYLE="superscript" CONTENT="cm" HEIGHT="21" WIDTH="44" VPOS="700" HPOS="809"/>
<String CONTENT="." HEIGHT="9" WIDTH="9" VPOS="728" HPOS="856"/>
</TextLine>
<TextLine HEIGHT="55" WIDTH="1987" VPOS="764" HPOS="165">
<String CONTENT="&#169;" HEIGHT="53" WIDTH="52" VPOS="766" HPOS="165"/>
<SP HEIGHT="53" WIDTH="31" VPOS="766" HPOS="218"/>
<String CONTENT="July" HEIGHT="46" WIDTH="114" VPOS="771" HPOS="250"/>
<SP HEIGHT="46" WIDTH="32" VPOS="771" HPOS="365"/>
<String CONTENT="15," HEIGHT="45" WIDTH="68" VPOS="770" HPOS="398"/>
<SP HEIGHT="45" WIDTH="32" VPOS="770" HPOS="467"/>
<String CONTENT="1935" HEIGHT="40" WIDTH="113" VPOS="768" HPOS="500"/>
<SP HEIGHT="44" WIDTH="16" VPOS="770" HPOS="614"/>
<String CONTENT=";" HEIGHT="35" WIDTH="9" VPOS="779" HPOS="631"/>
<SP HEIGHT="46" WIDTH="35" VPOS="768" HPOS="641"/>
<String CONTENT="2c." HEIGHT="40" WIDTH="65" VPOS="768" HPOS="677"/>
<SP HEIGHT="29" WIDTH="33" VPOS="778" HPOS="743"/>
<String CONTENT="and" HEIGHT="39" WIDTH="95" VPOS="768" HPOS="777"/>
<SP HEIGHT="39" WIDTH="30" VPOS="768" HPOS="873"/>
<String CONTENT="aff." HEIGHT="41" WIDTH="81" VPOS="766" HPOS="904"/>
<SP HEIGHT="40" WIDTH="37" VPOS="767" HPOS="986"/>
<String CONTENT="Sept." HEIGHT="48" WIDTH="127" VPOS="767" HPOS="1024"/>
<SP HEIGHT="39" WIDTH="32" VPOS="767" HPOS="1152"/>
<String CONTENT="4" HEIGHT="38" WIDTH="28" VPOS="767" HPOS="1185"/>
<SP HEIGHT="45" WIDTH="15" VPOS="767" HPOS="1214"/>
<String CONTENT=";" HEIGHT="35" WIDTH="9" VPOS="777" HPOS="1230"/>
<SP HEIGHT="45" WIDTH="35" VPOS="767" HPOS="1240"/>
<!-- cceid 925392BC-6D82-1014-B070-FDFD250A9EDA --><String CONTENT="A" HEIGHT="38" WIDTH="41" VPOS="767" HPOS="1276"/>
<SP HEIGHT="40" WIDTH="31" VPOS="766" HPOS="1318"/>
<String CONTENT="86134" HEIGHT="40" WIDTH="143" VPOS="766" HPOS="1350"/>
<SP HEIGHT="46" WIDTH="16" VPOS="766" HPOS="1494"/>
<String CONTENT=";" HEIGHT="36" WIDTH="8" VPOS="776" HPOS="1511"/>
<SP HEIGHT="46" WIDTH="37" VPOS="766" HPOS="1520"/>
<String LANG="fr" CONTENT="B." HEIGHT="38" WIDTH="53" VPOS="766" HPOS="1558"/>
<SP HEIGHT="38" WIDTH="33" VPOS="766" HPOS="1612"/>
<String CONTENT="T." HEIGHT="39" WIDTH="52" VPOS="766" HPOS="1646"/>
<SP HEIGHT="40" WIDTH="38" VPOS="765" HPOS="1699"/>
<String CONTENT="Spalding." HEIGHT="49" WIDTH="245" VPOS="764" HPOS="1738"/>
<SP HEIGHT="41" WIDTH="35" VPOS="766" HPOS="1984"/>
<String CONTENT="Long" HEIGHT="47" WIDTH="132" VPOS="766" HPOS="2020"/>
</TextLine>
<TextLine HEIGHT="47" WIDTH="347" VPOS="825" HPOS="232" CS="1">
<String CS="1" CONTENT="Beach," HEIGHT="44" WIDTH="174" VPOS="828" HPOS="232"/>
<SP HEIGHT="46" WIDTH="28" VPOS="826" HPOS="407"/>
<String CONTENT="Calif." HEIGHT="41" WIDTH="143" VPOS="825" HPOS="436"/>
</TextLine>
<TextLine HEIGHT="65" WIDTH="972" VPOS="927" HPOS="165" STYLEREFS="StyleId-36967E0C-88BB-46C6-B9E7-BDA45FD551A9-">
<String CONTENT="Stovall," HEIGHT="63" WIDTH="237" VPOS="928" HPOS="165"/>
<SP HEIGHT="62" WIDTH="28" VPOS="929" HPOS="403"/>
<String CONTENT="William" HEIGHT="54" WIDTH="253" VPOS="927" HPOS="432"/>
<SP HEIGHT="51" WIDTH="27" VPOS="928" HPOS="686"/>
<String CONTENT="Hertry," HEIGHT="64" WIDTH="221" VPOS="928" HPOS="714"/>
<SP HEIGHT="60" WIDTH="30" VPOS="932" HPOS="936"/>
<String CONTENT="1868-" HEIGHT="48" WIDTH="170" VPOS="932" HPOS="967"/>
</TextLine>
<TextLine HEIGHT="148" WIDTH="1960" VPOS="1002" HPOS="166" STYLEREFS="StyleId-36967E0C-88BB-46C6-B9E7-BDA45FD551A9-" CS="1">
<String CONTENT="Strange" HEIGHT="68" WIDTH="243" VPOS="1004" HPOS="234"/>
<SP HEIGHT="33" WIDTH="30" VPOS="1024" HPOS="478"/>
<String CONTENT="stories" HEIGHT="51" WIDTH="199" VPOS="1007" HPOS="509"/>
<SP HEIGHT="51" WIDTH="26" VPOS="1006" HPOS="709"/>
<String CONTENT="behind" HEIGHT="52" WIDTH="209" VPOS="1005" HPOS="736"/>
<SP HEIGHT="67" WIDTH="30" VPOS="1005" HPOS="946"/>
<String CONTENT="pension" HEIGHT="68" WIDTH="237" VPOS="1004" HPOS="977"/>
<SP HEIGHT="33" WIDTH="27" VPOS="1024" HPOS="1215"/>
<String CONTENT="claims," HEIGHT="56" WIDTH="212" VPOS="1005" HPOS="1243"/>
<SP HEIGHT="57" WIDTH="27" VPOS="1004" HPOS="1456"/>
<String CONTENT="by" HEIGHT="59" WIDTH="75" VPOS="1004" HPOS="1484"/>
<SP HEIGHT="58" WIDTH="26" VPOS="1005" HPOS="1560"/>
<String CONTENT="William" HEIGHT="56" WIDTH="259" VPOS="1002" HPOS="1587"/>
<SP HEIGHT="51" WIDTH="26" VPOS="1004" HPOS="1847"/>
<String CONTENT="H." HEIGHT="51" WIDTH="77" VPOS="1004" HPOS="1874"/>
<SP HEIGHT="54" WIDTH="33" VPOS="1002" HPOS="1952"/>
<String CONTENT="Stovall" HEIGHT="135" WIDTH="1960" VPOS="1002" HPOS="166"/>
<SP HEIGHT="51" WIDTH="33" VPOS="1086" HPOS="242"/>
<String CS="1" CONTENT="&#8230;"/>
<SP HEIGHT="51" WIDTH="70" VPOS="1084" HPOS="332"/>
<String CONTENT="Philadelphia." HEIGHT="68" WIDTH="423" VPOS="1082" HPOS="403"/>
<SP HEIGHT="50" WIDTH="29" VPOS="1084" HPOS="827"/>
<String CONTENT="Dorrance" HEIGHT="51" WIDTH="289" VPOS="1084" HPOS="857"/>
<SP HEIGHT="49" WIDTH="31" VPOS="1086" HPOS="1147"/>
<String CONTENT="&amp;" HEIGHT="49" WIDTH="44" VPOS="1086" HPOS="1179"/>
<SP HEIGHT="49" WIDTH="30" VPOS="1086" HPOS="1224"/>
<String CONTENT="company," HEIGHT="49" WIDTH="296" VPOS="1100" HPOS="1255"/>
<SP HEIGHT="64" WIDTH="26" VPOS="1084" HPOS="1552"/>
<String CONTENT="inc." HEIGHT="51" WIDTH="108" VPOS="1084" HPOS="1579"/>
<SP HEIGHT="34" WIDTH="35" VPOS="1115" HPOS="1688"/>
<String CS="1" CONTENT="["/>
<String STYLE="superscript" CONTENT="c" HEIGHT="20" WIDTH="21" VPOS="1089" HPOS="1737"/>
<String CONTENT="1935]" HEIGHT="63" WIDTH="151" VPOS="1084" HPOS="1764"/>
</TextLine>
<TextLine HEIGHT="49" WIDTH="754" VPOS="1155" HPOS="235" STYLEREFS="StyleId-36967E0C-88BB-46C6-B9E7-BDA45FD551A9-" CS="1">
<String CONTENT="viii" HEIGHT="39" WIDTH="86" VPOS="1156" HPOS="235"/>
<SP HEIGHT="48" WIDTH="22" VPOS="1156" HPOS="322"/>
<String LANG="fr" CONTENT="p.," HEIGHT="36" WIDTH="58" VPOS="1168" HPOS="345"/>
<SP HEIGHT="44" WIDTH="24" VPOS="1157" HPOS="404"/>
<String CONTENT="1" HEIGHT="38" WIDTH="23" VPOS="1157" HPOS="429"/>
<SP/>
<String CS="1" CONTENT="l.." HEIGHT="9" WIDTH="8" VPOS="1187" HPOS="516"/>
<SP HEIGHT="39" WIDTH="24" VPOS="1157" HPOS="525"/>
<String CONTENT="11-184" HEIGHT="40" WIDTH="172" VPOS="1156" HPOS="550"/>
<SP HEIGHT="46" WIDTH="25" VPOS="1157" HPOS="723"/>
<String CONTENT="p." HEIGHT="37" WIDTH="42" VPOS="1166" HPOS="749"/>
<SP HEIGHT="37" WIDTH="52" VPOS="1157" HPOS="792"/>
<String CS="1" CONTENT="19&#189;" HEIGHT="40" WIDTH="54" VPOS="1155" HPOS="845"/>
<String STYLE="superscript" CONTENT="cm" HEIGHT="21" WIDTH="43" VPOS="1157" HPOS="932"/>
<String CONTENT="." HEIGHT="8" WIDTH="8" VPOS="1186" HPOS="981"/>
</TextLine>
<TextLine HEIGHT="107" WIDTH="1971" VPOS="1209" HPOS="165" CS="1">
<String CONTENT="&#169;" HEIGHT="53" WIDTH="53" VPOS="1209" HPOS="165"/>
<SP HEIGHT="53" WIDTH="22" VPOS="1209" HPOS="219"/>
<String CONTENT="June" HEIGHT="39" WIDTH="128" VPOS="1214" HPOS="242"/>
<SP HEIGHT="40" WIDTH="21" VPOS="1213" HPOS="371"/>
<String CONTENT="1," HEIGHT="45" WIDTH="40" VPOS="1213" HPOS="393"/>
<SP HEIGHT="44" WIDTH="24" VPOS="1214" HPOS="434"/>
<String CONTENT="1935;" HEIGHT="47" WIDTH="140" VPOS="1211" HPOS="459"/>
<SP HEIGHT="46" WIDTH="26" VPOS="1212" HPOS="600"/>
<String CONTENT="2c." HEIGHT="40" WIDTH="67" VPOS="1212" HPOS="627"/>
<SP HEIGHT="39" WIDTH="26" VPOS="1213" HPOS="695"/>
<String CONTENT="July" HEIGHT="46" WIDTH="115" VPOS="1213" HPOS="722"/>
<SP HEIGHT="47" WIDTH="23" VPOS="1212" HPOS="838"/>
<String CONTENT="9;" HEIGHT="46" WIDTH="52" VPOS="1212" HPOS="862"/>
<SP HEIGHT="35" WIDTH="27" VPOS="1223" HPOS="915"/>
<String CONTENT="aff." HEIGHT="40" WIDTH="82" VPOS="1211" HPOS="943"/>
<SP HEIGHT="40" WIDTH="25" VPOS="1211" HPOS="1026"/>
<String CONTENT="July" HEIGHT="48" WIDTH="116" VPOS="1211" HPOS="1052"/>
<SP HEIGHT="47" WIDTH="25" VPOS="1212" HPOS="1169"/>
<String CONTENT="10;" HEIGHT="47" WIDTH="82" VPOS="1211" HPOS="1195"/>
<SP HEIGHT="46" WIDTH="25" VPOS="1212" HPOS="1278"/>
<!-- cceid 9253F21D-6D82-1014-B070-FDFD250A9EDA --><String CONTENT="A" HEIGHT="39" WIDTH="43" VPOS="1212" HPOS="1304"/>
<SP HEIGHT="39" WIDTH="21" VPOS="1212" HPOS="1348"/>
<String CONTENT="85003" HEIGHT="40" WIDTH="141" VPOS="1211" HPOS="1370"/>
<SP HEIGHT="45" WIDTH="18" VPOS="1212" HPOS="1512"/>
<String CONTENT=";" HEIGHT="35" WIDTH="8" VPOS="1222" HPOS="1531"/>
<SP HEIGHT="45" WIDTH="27" VPOS="1212" HPOS="1540"/>
<String CONTENT="W." HEIGHT="39" WIDTH="71" VPOS="1212" HPOS="1568"/>
<SP HEIGHT="39" WIDTH="28" VPOS="1212" HPOS="1640"/>
<String CONTENT="H." HEIGHT="38" WIDTH="59" VPOS="1212" HPOS="1669"/>
<SP HEIGHT="40" WIDTH="30" VPOS="1211" HPOS="1729"/>
<String CONTENT="Stovall." HEIGHT="41" WIDTH="200" VPOS="1211" HPOS="1760"/>
<SP HEIGHT="41" WIDTH="24" VPOS="1211" HPOS="1961"/>
<String CONTENT="Washington." HEIGHT="105" WIDTH="1903" VPOS="1211" HPOS="233"/>
<SP HEIGHT="46" WIDTH="73" VPOS="1270" HPOS="412"/>
<String CONTENT="(35-13316)" HEIGHT="47" WIDTH="279" VPOS="1269" HPOS="486"/>
</TextLine>
<TextLine HEIGHT="66" WIDTH="811" VPOS="1371" HPOS="166" STYLEREFS="StyleId-357FEB46-6C9C-4D9B-A49C-926EAEFDD5A4-">
<String CONTENT="Strang," HEIGHT="65" WIDTH="237" VPOS="1371" HPOS="166"/>
<SP HEIGHT="61" WIDTH="26" VPOS="1374" HPOS="404"/>
<String CONTENT="Ruth" HEIGHT="52" WIDTH="162" VPOS="1374" HPOS="431"/>
<SP HEIGHT="51" WIDTH="27" VPOS="1374" HPOS="594"/>
<String CONTENT="May," HEIGHT="62" WIDTH="157" VPOS="1375" HPOS="622"/>
<SP HEIGHT="57" WIDTH="29" VPOS="1380" HPOS="780"/>
<String CONTENT="1895-" HEIGHT="49" WIDTH="167" VPOS="1378" HPOS="810"/>
</TextLine>
<TextLine HEIGHT="66" WIDTH="1916" VPOS="1448" HPOS="233" STYLEREFS="StyleId-36967E0C-88BB-46C6-B9E7-BDA45FD551A9-">
<String CONTENT="The" HEIGHT="52" WIDTH="119" VPOS="1450" HPOS="233"/>
<SP HEIGHT="33" WIDTH="38" VPOS="1468" HPOS="353"/>
<String LANG="fr" CONTENT="r&#244;le" HEIGHT="52" WIDTH="117" VPOS="1450" HPOS="392"/>
<SP HEIGHT="34" WIDTH="35" VPOS="1468" HPOS="510"/>
<String CONTENT="of" HEIGHT="52" WIDTH="64" VPOS="1450" HPOS="546"/>
<SP HEIGHT="53" WIDTH="33" VPOS="1450" HPOS="611"/>
<String CONTENT="the" HEIGHT="52" WIDTH="95" VPOS="1451" HPOS="645"/>
<SP HEIGHT="46" WIDTH="35" VPOS="1457" HPOS="741"/>
<String CONTENT="teacher" HEIGHT="52" WIDTH="222" VPOS="1450" HPOS="777"/>
<SP HEIGHT="53" WIDTH="37" VPOS="1448" HPOS="1000"/>
<String CONTENT="in" HEIGHT="54" WIDTH="54" VPOS="1448" HPOS="1038"/>
<SP HEIGHT="45" WIDTH="44" VPOS="1469" HPOS="1093"/>
<String CONTENT="personnel" HEIGHT="63" WIDTH="292" VPOS="1451" HPOS="1138"/>
<SP HEIGHT="51" WIDTH="40" VPOS="1451" HPOS="1431"/>
<String CONTENT="work." HEIGHT="52" WIDTH="170" VPOS="1450" HPOS="1472"/>
<SP HEIGHT="51" WIDTH="73" VPOS="1451" HPOS="1643"/>
<String CONTENT="Rev." HEIGHT="52" WIDTH="137" VPOS="1451" HPOS="1717"/>
<SP HEIGHT="33" WIDTH="38" VPOS="1469" HPOS="1855"/>
<String CONTENT="and" HEIGHT="53" WIDTH="106" VPOS="1450" HPOS="1894"/>
<SP HEIGHT="53" WIDTH="42" VPOS="1450" HPOS="2001"/>
<String CONTENT="enl." HEIGHT="52" WIDTH="105" VPOS="1450" HPOS="2044"/>
</TextLine>
<TextLine HEIGHT="145" WIDTH="1959" VPOS="1527" HPOS="165" STYLEREFS="StyleId-36967E0C-88BB-46C6-B9E7-BDA45FD551A9-" CS="1">
<String CONTENT="By" HEIGHT="68" WIDTH="88" VPOS="1528" HPOS="166"/>
<SP HEIGHT="68" WIDTH="24" VPOS="1528" HPOS="255"/>
<String CONTENT="Ruth" HEIGHT="53" WIDTH="158" VPOS="1528" HPOS="280"/>
<SP HEIGHT="55" WIDTH="29" VPOS="1528" HPOS="439"/>
<String CONTENT="Strang" HEIGHT="69" WIDTH="213" VPOS="1528" HPOS="469"/>
<SP HEIGHT="51" WIDTH="32" VPOS="1546" HPOS="683"/>
<String CS="1" CONTENT="&#8230;"/>
<SP HEIGHT="51" WIDTH="79" VPOS="1530" HPOS="770"/>
<String CONTENT="New" HEIGHT="50" WIDTH="134" VPOS="1530" HPOS="850"/>
<SP HEIGHT="51" WIDTH="31" VPOS="1530" HPOS="985"/>
<String CONTENT="York" HEIGHT="52" WIDTH="158" VPOS="1529" HPOS="1017"/>
<SP HEIGHT="51" WIDTH="26" VPOS="1529" HPOS="1176"/>
<String CONTENT="city." HEIGHT="68" WIDTH="133" VPOS="1527" HPOS="1203"/>
<SP HEIGHT="57" WIDTH="25" VPOS="1530" HPOS="1337"/>
<String CONTENT="Teachers" HEIGHT="53" WIDTH="277" VPOS="1529" HPOS="1363"/>
<SP HEIGHT="36" WIDTH="27" VPOS="1546" HPOS="1641"/>
<String CONTENT="college," HEIGHT="66" WIDTH="227" VPOS="1528" HPOS="1669"/>
<SP HEIGHT="65" WIDTH="27" VPOS="1527" HPOS="1897"/>
<String CONTENT="Columbia" HEIGHT="131" WIDTH="1959" VPOS="1527" HPOS="165"/>
<SP HEIGHT="33" WIDTH="30" VPOS="1625" HPOS="256"/>
<String CONTENT="university," HEIGHT="67" WIDTH="332" VPOS="1605" HPOS="287"/>
<SP HEIGHT="58" WIDTH="30" VPOS="1612" HPOS="620"/>
<String CONTENT="1935." HEIGHT="48" WIDTH="149" VPOS="1610" HPOS="651"/>
</TextLine>
<TextLine HEIGHT="48" WIDTH="715" VPOS="1678" HPOS="238" STYLEREFS="StyleId-36967E0C-88BB-46C6-B9E7-BDA45FD551A9-" CS="1">
<String CONTENT="xiii," HEIGHT="41" WIDTH="102" VPOS="1679" HPOS="238"/>
<SP HEIGHT="40" WIDTH="23" VPOS="1680" HPOS="341"/>
<String CONTENT="417" HEIGHT="39" WIDTH="85" VPOS="1679" HPOS="365"/>
<SP HEIGHT="47" WIDTH="25" VPOS="1679" HPOS="451"/>
<String CONTENT="p." HEIGHT="37" WIDTH="43" VPOS="1689" HPOS="477"/>
<SP HEIGHT="39" WIDTH="53" VPOS="1679" HPOS="521"/>
<String CONTENT="diagrs." HEIGHT="48" WIDTH="179" VPOS="1678" HPOS="575"/>
<SP HEIGHT="38" WIDTH="53" VPOS="1679" HPOS="755"/>
<String CS="1" CONTENT="20&#189;" HEIGHT="40" WIDTH="56" VPOS="1678" HPOS="809"/>
<String STYLE="superscript" CS="1" CONTENT="cm" HEIGHT="20" WIDTH="15" VPOS="1681" HPOS="896"/>
<String CONTENT="." HEIGHT="7" WIDTH="7" VPOS="1710" HPOS="946"/>
</TextLine>
<TextLine HEIGHT="48" WIDTH="923" VPOS="1735" HPOS="233">
<String CONTENT="Bibliography" HEIGHT="48" WIDTH="347" VPOS="1735" HPOS="233"/>
<SP HEIGHT="37" WIDTH="27" VPOS="1745" HPOS="581"/>
<String CONTENT="at" HEIGHT="36" WIDTH="50" VPOS="1738" HPOS="609"/>
<SP HEIGHT="37" WIDTH="27" VPOS="1738" HPOS="660"/>
<String CONTENT="end" HEIGHT="39" WIDTH="90" VPOS="1736" HPOS="688"/>
<SP HEIGHT="39" WIDTH="28" VPOS="1736" HPOS="779"/>
<String CONTENT="of" HEIGHT="40" WIDTH="51" VPOS="1735" HPOS="808"/>
<SP HEIGHT="39" WIDTH="23" VPOS="1735" HPOS="860"/>
<String CONTENT="each" HEIGHT="39" WIDTH="116" VPOS="1735" HPOS="884"/>
<SP HEIGHT="47" WIDTH="31" VPOS="1735" HPOS="1001"/>
<String CONTENT="part." HEIGHT="45" WIDTH="123" VPOS="1737" HPOS="1033"/>
</TextLine>
<TextLine HEIGHT="53" WIDTH="1987" VPOS="1788" HPOS="168">
<String CONTENT="&#169;" HEIGHT="53" WIDTH="52" VPOS="1788" HPOS="168"/>
<SP HEIGHT="53" WIDTH="24" VPOS="1788" HPOS="221"/>
<String CONTENT="June" HEIGHT="39" WIDTH="130" VPOS="1793" HPOS="246"/>
<SP HEIGHT="39" WIDTH="23" VPOS="1793" HPOS="377"/>
<String CONTENT="20," HEIGHT="48" WIDTH="68" VPOS="1792" HPOS="401"/>
<SP HEIGHT="46" WIDTH="29" VPOS="1794" HPOS="470"/>
<String CONTENT="1935" HEIGHT="41" WIDTH="115" VPOS="1791" HPOS="500"/>
<SP HEIGHT="46" WIDTH="14" VPOS="1792" HPOS="616"/>
<String CONTENT=";" HEIGHT="35" WIDTH="8" VPOS="1803" HPOS="631"/>
<SP HEIGHT="46" WIDTH="30" VPOS="1792" HPOS="640"/>
<String CONTENT="2c." HEIGHT="40" WIDTH="67" VPOS="1792" HPOS="671"/>
<SP HEIGHT="39" WIDTH="29" VPOS="1793" HPOS="739"/>
<String CONTENT="July" HEIGHT="46" WIDTH="117" VPOS="1793" HPOS="769"/>
<SP HEIGHT="46" WIDTH="23" VPOS="1793" HPOS="887"/>
<String CONTENT="15" HEIGHT="39" WIDTH="57" VPOS="1792" HPOS="911"/>
<SP HEIGHT="40" WIDTH="14" VPOS="1792" HPOS="969"/>
<String CONTENT=":" HEIGHT="30" WIDTH="8" VPOS="1802" HPOS="984"/>
<SP HEIGHT="30" WIDTH="32" VPOS="1802" HPOS="993"/>
<String CONTENT="aff." HEIGHT="40" WIDTH="82" VPOS="1791" HPOS="1026"/>
<SP HEIGHT="39" WIDTH="29" VPOS="1792" HPOS="1109"/>
<String CONTENT="Aug." HEIGHT="47" WIDTH="117" VPOS="1792" HPOS="1139"/>
<SP HEIGHT="40" WIDTH="30" VPOS="1791" HPOS="1257"/>
<String CONTENT="6" HEIGHT="40" WIDTH="25" VPOS="1791" HPOS="1288"/>
<SP HEIGHT="47" WIDTH="15" VPOS="1791" HPOS="1314"/>
<String CONTENT=";" HEIGHT="36" WIDTH="11" VPOS="1802" HPOS="1330"/>
<SP HEIGHT="46" WIDTH="30" VPOS="1792" HPOS="1342"/>
<!-- cceid 925457B6-6D82-1014-B070-FDFD250A9EDA --><String CONTENT="A" HEIGHT="38" WIDTH="41" VPOS="1792" HPOS="1373"/>
<SP HEIGHT="40" WIDTH="28" VPOS="1791" HPOS="1415"/>
<String CONTENT="84851" HEIGHT="41" WIDTH="141" VPOS="1791" HPOS="1444"/>
<SP HEIGHT="38" WIDTH="17" VPOS="1792" HPOS="1586"/>
<String CONTENT=":" HEIGHT="28" WIDTH="9" VPOS="1801" HPOS="1604"/>
<SP HEIGHT="38" WIDTH="33" VPOS="1791" HPOS="1614"/>
<String CONTENT="Ruth" HEIGHT="39" WIDTH="133" VPOS="1791" HPOS="1648"/>
<SP HEIGHT="41" WIDTH="33" VPOS="1791" HPOS="1782"/>
<String CONTENT="Strang." HEIGHT="42" WIDTH="191" VPOS="1791" HPOS="1816"/>
<SP HEIGHT="39" WIDTH="30" VPOS="1792" HPOS="2008"/>
<String CONTENT="New" HEIGHT="38" WIDTH="116" VPOS="1792" HPOS="2039"/>
</TextLine>
<TextLine HEIGHT="48" WIDTH="492" VPOS="1849" HPOS="236">
<String CONTENT="York." HEIGHT="41" WIDTH="144" VPOS="1849" HPOS="236"/>
<SP HEIGHT="48" WIDTH="68" VPOS="1849" HPOS="381"/>
<String CONTENT="(35-13388)" HEIGHT="48" WIDTH="278" VPOS="1849" HPOS="450"/>
</TextLine>
<TextLine HEIGHT="63" WIDTH="456" VPOS="1951" HPOS="164" STYLEREFS="StyleId-357FEB46-6C9C-4D9B-A49C-926EAEFDD5A4-">
<String LANG="en-US" CONTENT="Syrett," HEIGHT="63" WIDTH="221" VPOS="1951" HPOS="164"/>
<SP HEIGHT="62" WIDTH="29" VPOS="1952" HPOS="386"/>
<String LANG="fi" CONTENT="Netta." HEIGHT="54" WIDTH="204" VPOS="1952" HPOS="416"/>
</TextLine>
<TextLine HEIGHT="71" WIDTH="1549" VPOS="2024" HPOS="237" STYLEREFS="StyleId-36967E0C-88BB-46C6-B9E7-BDA45FD551A9-">
<String CONTENT="Linda," HEIGHT="69" WIDTH="203" VPOS="2025" HPOS="237"/>
<SP HEIGHT="68" WIDTH="28" VPOS="2026" HPOS="441"/>
<String CONTENT="by" HEIGHT="69" WIDTH="75" VPOS="2026" HPOS="470"/>
<SP HEIGHT="69" WIDTH="30" VPOS="2026" HPOS="546"/>
<String LANG="fi" CONTENT="Netta" HEIGHT="53" WIDTH="170" VPOS="2026" HPOS="577"/>
<SP HEIGHT="54" WIDTH="33" VPOS="2026" HPOS="748"/>
<String CONTENT="Syrett." HEIGHT="67" WIDTH="208" VPOS="2026" HPOS="782"/>
<SP HEIGHT="50" WIDTH="73" VPOS="2027" HPOS="991"/>
<String CONTENT="London," HEIGHT="65" WIDTH="255" VPOS="2025" HPOS="1065"/>
<SP HEIGHT="66" WIDTH="29" VPOS="2024" HPOS="1321"/>
<String CONTENT="G." HEIGHT="55" WIDTH="69" VPOS="2024" HPOS="1351"/>
<SP HEIGHT="52" WIDTH="30" VPOS="2026" HPOS="1421"/>
<String CONTENT="Bles," HEIGHT="64" WIDTH="151" VPOS="2026" HPOS="1452"/>
<SP HEIGHT="62" WIDTH="32" VPOS="2028" HPOS="1604"/>
<String CONTENT="1935." HEIGHT="49" WIDTH="149" VPOS="2028" HPOS="1637"/>
</TextLine>
<TextLine HEIGHT="63" WIDTH="430" VPOS="2084" HPOS="234" CS="1">
<String LANG="en-US" CONTENT="383," HEIGHT="48" WIDTH="99" VPOS="2097" HPOS="234"/>
<SP HEIGHT="30" WIDTH="29" VPOS="2117" HPOS="334"/>
<String LANG="en-US" CS="1" CONTENT="[1]" HEIGHT="30" WIDTH="12" VPOS="2116" HPOS="406"/>
<SP HEIGHT="37" WIDTH="25" VPOS="2109" HPOS="419"/>
<String LANG="en-US" CONTENT="p." HEIGHT="37" WIDTH="42" VPOS="2109" HPOS="445"/>
<SP HEIGHT="53" WIDTH="19" VPOS="2084" HPOS="488"/>
<String LANG="fr" CS="1" CONTENT="19cm." HEIGHT="41" WIDTH="115" VPOS="2097" HPOS="549"/>
</TextLine>
<TextLine HEIGHT="53" WIDTH="1983" VPOS="2153" HPOS="170" CS="1">
<String CONTENT="&#169;" HEIGHT="53" WIDTH="52" VPOS="2153" HPOS="170"/>
<SP/>
<String CS="1" CONTENT="1c."/>
<SP HEIGHT="40" WIDTH="30" VPOS="2158" HPOS="313"/>
<String CONTENT="July" HEIGHT="47" WIDTH="116" VPOS="2158" HPOS="344"/>
<SP HEIGHT="46" WIDTH="24" VPOS="2159" HPOS="461"/>
<String CONTENT="30," HEIGHT="47" WIDTH="70" VPOS="2158" HPOS="486"/>
<SP HEIGHT="46" WIDTH="30" VPOS="2159" HPOS="557"/>
<String CONTENT="1935;" HEIGHT="42" WIDTH="139" VPOS="2157" HPOS="588"/>
<SP HEIGHT="40" WIDTH="30" VPOS="2159" HPOS="728"/>
<!-- cceid 9254BEA2-6D82-1014-B070-FDFD250A9EDA --><String CONTENT="A" HEIGHT="37" WIDTH="40" VPOS="2159" HPOS="759"/>
<SP HEIGHT="38" WIDTH="27" VPOS="2159" HPOS="800"/>
<String CONTENT="ad" HEIGHT="38" WIDTH="59" VPOS="2159" HPOS="828"/>
<SP HEIGHT="40" WIDTH="28" VPOS="2157" HPOS="888"/>
<String CONTENT="int." HEIGHT="40" WIDTH="85" VPOS="2157" HPOS="917"/>
<SP HEIGHT="39" WIDTH="28" VPOS="2157" HPOS="1003"/>
<String CONTENT="20450;" HEIGHT="47" WIDTH="170" VPOS="2157" HPOS="1032"/>
<SP HEIGHT="37" WIDTH="30" VPOS="2167" HPOS="1203"/>
<String CONTENT="pubd." HEIGHT="46" WIDTH="143" VPOS="2158" HPOS="1234"/>
<SP HEIGHT="39" WIDTH="28" VPOS="2158" HPOS="1378"/>
<String CONTENT="June" HEIGHT="39" WIDTH="126" VPOS="2158" HPOS="1407"/>
<SP HEIGHT="39" WIDTH="26" VPOS="2158" HPOS="1534"/>
<String CONTENT="3;" HEIGHT="46" WIDTH="54" VPOS="2158" HPOS="1561"/>
<SP HEIGHT="46" WIDTH="28" VPOS="2158" HPOS="1616"/>
<String CONTENT="N." HEIGHT="39" WIDTH="56" VPOS="2158" HPOS="1645"/>
<SP HEIGHT="40" WIDTH="32" VPOS="2158" HPOS="1702"/>
<String CONTENT="Syrett," HEIGHT="46" WIDTH="177" VPOS="2158" HPOS="1735"/>
<SP HEIGHT="46" WIDTH="30" VPOS="2158" HPOS="1913"/>
<String CONTENT="London." HEIGHT="39" WIDTH="209" VPOS="2158" HPOS="1944"/>
</TextLine>
<TextLine HEIGHT="48" WIDTH="278" VPOS="2214" HPOS="247">
<String CONTENT="(35-13191)" HEIGHT="48" WIDTH="278" VPOS="2214" HPOS="247"/>
</TextLine>
<TextLine HEIGHT="67" WIDTH="1048" VPOS="2315" HPOS="168" STYLEREFS="StyleId-357FEB46-6C9C-4D9B-A49C-926EAEFDD5A4-">
<String CONTENT="Taylor," HEIGHT="66" WIDTH="229" VPOS="2315" HPOS="168"/>
<SP HEIGHT="63" WIDTH="27" VPOS="2318" HPOS="398"/>
<String CONTENT="Alonzo" HEIGHT="53" WIDTH="221" VPOS="2318" HPOS="426"/>
<SP HEIGHT="52" WIDTH="25" VPOS="2319" HPOS="648"/>
<String CONTENT="Englebert," HEIGHT="65" WIDTH="339" VPOS="2317" HPOS="674"/>
<SP HEIGHT="57" WIDTH="31" VPOS="2325" HPOS="1014"/>
<String CONTENT="1871-" HEIGHT="54" WIDTH="170" VPOS="2320" HPOS="1046"/>
</TextLine>
<TextLine HEIGHT="67" WIDTH="1854" VPOS="2396" HPOS="241" STYLEREFS="StyleId-36967E0C-88BB-46C6-B9E7-BDA45FD551A9-" CS="1">
<String CONTENT="The" HEIGHT="52" WIDTH="119" VPOS="2396" HPOS="241"/>
<SP HEIGHT="33" WIDTH="34" VPOS="2415" HPOS="361"/>
<String CONTENT="new" HEIGHT="33" WIDTH="123" VPOS="2415" HPOS="396"/>
<SP HEIGHT="52" WIDTH="36" VPOS="2396" HPOS="520"/>
<String CONTENT="deal" HEIGHT="53" WIDTH="125" VPOS="2396" HPOS="557"/>
<SP HEIGHT="50" WIDTH="38" VPOS="2399" HPOS="683"/>
<String CONTENT="and" HEIGHT="51" WIDTH="111" VPOS="2397" HPOS="722"/>
<SP HEIGHT="52" WIDTH="38" VPOS="2396" HPOS="834"/>
<String CONTENT="foreign" HEIGHT="66" WIDTH="226" VPOS="2396" HPOS="873"/>
<SP HEIGHT="48" WIDTH="39" VPOS="2400" HPOS="1100"/>
<String CONTENT="trade," HEIGHT="65" WIDTH="179" VPOS="2396" HPOS="1140"/>
<SP HEIGHT="65" WIDTH="35" VPOS="2396" HPOS="1320"/>
<String CONTENT="by" HEIGHT="67" WIDTH="74" VPOS="2396" HPOS="1356"/>
<SP HEIGHT="66" WIDTH="40" VPOS="2397" HPOS="1431"/>
<String CONTENT="Alonzo" HEIGHT="53" WIDTH="218" VPOS="2397" HPOS="1472"/>
<SP HEIGHT="52" WIDTH="38" VPOS="2398" HPOS="1691"/>
<String CONTENT="E." HEIGHT="50" WIDTH="68" VPOS="2398" HPOS="1730"/>
<SP HEIGHT="51" WIDTH="38" VPOS="2397" HPOS="1799"/>
<String CONTENT="Taylor" HEIGHT="67" WIDTH="213" VPOS="2396" HPOS="1838"/>
<SP HEIGHT="32" WIDTH="43" VPOS="2415" HPOS="2052"/>
<String CS="1" CONTENT="&#8230;"/>
</TextLine>
<TextLine HEIGHT="68" WIDTH="1348" VPOS="2473" HPOS="172" STYLEREFS="StyleId-36967E0C-88BB-46C6-B9E7-BDA45FD551A9-">
<String CONTENT="New" HEIGHT="52" WIDTH="134" VPOS="2473" HPOS="172"/>
<SP HEIGHT="51" WIDTH="26" VPOS="2474" HPOS="307"/>
<String CONTENT="York." HEIGHT="53" WIDTH="178" VPOS="2473" HPOS="334"/>
<SP HEIGHT="51" WIDTH="26" VPOS="2475" HPOS="513"/>
<String CONTENT="The" HEIGHT="50" WIDTH="120" VPOS="2475" HPOS="540"/>
<SP HEIGHT="50" WIDTH="27" VPOS="2476" HPOS="661"/>
<String CONTENT="Macmillan" HEIGHT="52" WIDTH="326" VPOS="2474" HPOS="689"/>
<SP HEIGHT="33" WIDTH="30" VPOS="2492" HPOS="1016"/>
<String CONTENT="company," HEIGHT="49" WIDTH="295" VPOS="2492" HPOS="1047"/>
<SP HEIGHT="61" WIDTH="29" VPOS="2478" HPOS="1343"/>
<String CONTENT="1935." HEIGHT="50" WIDTH="147" VPOS="2477" HPOS="1373"/>
</TextLine>
<TextLine HEIGHT="49" WIDTH="651" VPOS="2543" HPOS="242" STYLEREFS="StyleId-36967E0C-88BB-46C6-B9E7-BDA45FD551A9-" CS="1">
<String CONTENT="xii" HEIGHT="39" WIDTH="69" VPOS="2544" HPOS="242"/>
<SP HEIGHT="47" WIDTH="20" VPOS="2545" HPOS="312"/>
<String CONTENT="p.." HEIGHT="37" WIDTH="58" VPOS="2555" HPOS="333"/>
<SP HEIGHT="42" WIDTH="23" VPOS="2544" HPOS="392"/>
<String CONTENT="2" HEIGHT="39" WIDTH="25" VPOS="2544" HPOS="416"/>
<SP/>
<String CS="1" CONTENT="l.," HEIGHT="12" WIDTH="9" VPOS="2575" HPOS="502"/>
<SP HEIGHT="42" WIDTH="22" VPOS="2545" HPOS="512"/>
<String CONTENT="301" HEIGHT="41" WIDTH="81" VPOS="2543" HPOS="535"/>
<SP HEIGHT="46" WIDTH="26" VPOS="2546" HPOS="617"/>
<String CONTENT="p." HEIGHT="37" WIDTH="42" VPOS="2555" HPOS="644"/>
<SP HEIGHT="40" WIDTH="59" VPOS="2544" HPOS="687"/>
<String CS="1" CONTENT="22&#189;" HEIGHT="39" WIDTH="55" VPOS="2544" HPOS="747"/>
<String STYLE="superscript" CS="1" CONTENT="cm" HEIGHT="20" WIDTH="15" VPOS="2548" HPOS="836"/>
<String CONTENT="." HEIGHT="8" WIDTH="9" VPOS="2578" HPOS="884"/>
</TextLine>
<TextLine HEIGHT="48" WIDTH="1913" VPOS="2600" HPOS="242">
<String CONTENT="An" HEIGHT="40" WIDTH="73" VPOS="2600" HPOS="242"/>
<SP HEIGHT="29" WIDTH="21" VPOS="2611" HPOS="316"/>
<String CONTENT="analysis" HEIGHT="45" WIDTH="217" VPOS="2601" HPOS="338"/>
<SP HEIGHT="30" WIDTH="25" VPOS="2611" HPOS="556"/>
<String CONTENT="of" HEIGHT="40" WIDTH="52" VPOS="2601" HPOS="582"/>
<SP HEIGHT="40" WIDTH="22" VPOS="2601" HPOS="635"/>
<String CONTENT="the" HEIGHT="39" WIDTH="82" VPOS="2602" HPOS="658"/>
<SP HEIGHT="28" WIDTH="23" VPOS="2612" HPOS="741"/>
<String CONTENT="commercial" HEIGHT="40" WIDTH="298" VPOS="2601" HPOS="765"/>
<SP HEIGHT="46" WIDTH="27" VPOS="2602" HPOS="1064"/>
<String CONTENT="policy" HEIGHT="47" WIDTH="157" VPOS="2601" HPOS="1092"/>
<SP HEIGHT="36" WIDTH="25" VPOS="2611" HPOS="1250"/>
<String CONTENT="advocated" HEIGHT="39" WIDTH="265" VPOS="2602" HPOS="1276"/>
<SP HEIGHT="40" WIDTH="27" VPOS="2601" HPOS="1542"/>
<String CONTENT="for" HEIGHT="40" WIDTH="79" VPOS="2601" HPOS="1570"/>
<SP HEIGHT="38" WIDTH="26" VPOS="2603" HPOS="1650"/>
<String CONTENT="the" HEIGHT="42" WIDTH="81" VPOS="2602" HPOS="1677"/>
<SP HEIGHT="44" WIDTH="25" VPOS="2600" HPOS="1759"/>
<String CONTENT="United" HEIGHT="41" WIDTH="179" VPOS="2600" HPOS="1785"/>
<SP HEIGHT="40" WIDTH="28" VPOS="2601" HPOS="1965"/>
<String CONTENT="States" HEIGHT="40" WIDTH="161" VPOS="2601" HPOS="1994"/>
</TextLine>
<TextLine HEIGHT="53" WIDTH="1979" VPOS="2653" HPOS="175">
<String CONTENT="by" HEIGHT="49" WIDTH="60" VPOS="2653" HPOS="175"/>
<SP HEIGHT="46" WIDTH="31" VPOS="2656" HPOS="236"/>
<String CONTENT="Henry" HEIGHT="47" WIDTH="166" VPOS="2656" HPOS="268"/>
<SP HEIGHT="46" WIDTH="33" VPOS="2657" HPOS="435"/>
<String CONTENT="A." HEIGHT="39" WIDTH="54" VPOS="2657" HPOS="469"/>
<SP HEIGHT="39" WIDTH="33" VPOS="2657" HPOS="524"/>
<String CONTENT="Wallace" HEIGHT="41" WIDTH="212" VPOS="2657" HPOS="558"/>
<SP HEIGHT="39" WIDTH="37" VPOS="2659" HPOS="771"/>
<String CONTENT="in" HEIGHT="38" WIDTH="45" VPOS="2659" HPOS="809"/>
<SP HEIGHT="38" WIDTH="37" VPOS="2659" HPOS="855"/>
<String CONTENT="his" HEIGHT="39" WIDTH="75" VPOS="2659" HPOS="893"/>
<SP HEIGHT="38" WIDTH="32" VPOS="2668" HPOS="969"/>
<String CONTENT="publications," HEIGHT="48" WIDTH="337" VPOS="2658" HPOS="1002"/>
<SP HEIGHT="45" WIDTH="35" VPOS="2659" HPOS="1340"/>
<String CONTENT="&#8220;America" HEIGHT="41" WIDTH="246" VPOS="2657" HPOS="1376"/>
<SP HEIGHT="29" WIDTH="41" VPOS="2669" HPOS="1623"/>
<String CONTENT="must" HEIGHT="36" WIDTH="127" VPOS="2662" HPOS="1665"/>
<SP HEIGHT="36" WIDTH="34" VPOS="2662" HPOS="1793"/>
<String CONTENT="choose&#8221;" HEIGHT="41" WIDTH="198" VPOS="2658" HPOS="1828"/>
<SP HEIGHT="38" WIDTH="35" VPOS="2658" HPOS="2027"/>
<String CONTENT="and" HEIGHT="38" WIDTH="91" VPOS="2658" HPOS="2063"/>
</TextLine>
<TextLine HEIGHT="43" WIDTH="443" VPOS="2711" HPOS="175">
<String CONTENT="&#8220;New" HEIGHT="40" WIDTH="143" VPOS="2711" HPOS="175"/>
<SP HEIGHT="37" WIDTH="20" VPOS="2715" HPOS="319"/>
<String CONTENT="frontiers&#8221;." HEIGHT="41" WIDTH="278" VPOS="2713" HPOS="340"/>
</TextLine>
<TextLine HEIGHT="54" WIDTH="1730" VPOS="2766" HPOS="176">
<String CONTENT="&#169;" HEIGHT="52" WIDTH="51" VPOS="2766" HPOS="176"/>
<SP HEIGHT="52" WIDTH="26" VPOS="2766" HPOS="228"/>
<String CONTENT="July" HEIGHT="48" WIDTH="117" VPOS="2771" HPOS="255"/>
<SP HEIGHT="49" WIDTH="22" VPOS="2770" HPOS="373"/>
<String CONTENT="23," HEIGHT="47" WIDTH="70" VPOS="2770" HPOS="396"/>
<SP HEIGHT="45" WIDTH="26" VPOS="2772" HPOS="467"/>
<String CONTENT="1935" HEIGHT="40" WIDTH="112" VPOS="2771" HPOS="494"/>
<SP HEIGHT="39" WIDTH="17" VPOS="2772" HPOS="607"/>
<String CONTENT=":" HEIGHT="29" WIDTH="8" VPOS="2782" HPOS="625"/>
<SP HEIGHT="39" WIDTH="28" VPOS="2772" HPOS="634"/>
<String CONTENT="2c." HEIGHT="40" WIDTH="66" VPOS="2772" HPOS="663"/>
<SP HEIGHT="28" WIDTH="30" VPOS="2783" HPOS="730"/>
<String CONTENT="end" HEIGHT="38" WIDTH="95" VPOS="2773" HPOS="761"/>
<SP HEIGHT="38" WIDTH="25" VPOS="2773" HPOS="857"/>
<String CONTENT="aff." HEIGHT="39" WIDTH="82" VPOS="2772" HPOS="883"/>
<SP HEIGHT="40" WIDTH="28" VPOS="2772" HPOS="966"/>
<String CONTENT="July" HEIGHT="48" WIDTH="116" VPOS="2772" HPOS="995"/>
<SP HEIGHT="47" WIDTH="27" VPOS="2773" HPOS="1112"/>
<String CONTENT="21;" HEIGHT="46" WIDTH="83" VPOS="2773" HPOS="1140"/>
<SP HEIGHT="46" WIDTH="28" VPOS="2773" HPOS="1224"/>
<!-- cceid 925522D7-6D82-1014-B070-FDFD250A9EDA --><String CONTENT="A" HEIGHT="38" WIDTH="41" VPOS="2773" HPOS="1253"/>
<SP HEIGHT="39" WIDTH="28" VPOS="2773" HPOS="1295"/>
<String CONTENT="85140:" HEIGHT="40" WIDTH="168" VPOS="2773" HPOS="1324"/>
<SP HEIGHT="39" WIDTH="34" VPOS="2774" HPOS="1493"/>
<String CONTENT="Macmillan" HEIGHT="41" WIDTH="280" VPOS="2772" HPOS="1528"/>
<SP HEIGHT="29" WIDTH="29" VPOS="2784" HPOS="1809"/>
<String CONTENT="co." HEIGHT="30" WIDTH="67" VPOS="2783" HPOS="1839"/>
</TextLine>
<TextLine HEIGHT="47" WIDTH="277" VPOS="2827" HPOS="249">
<String CONTENT="(35-13241)" HEIGHT="47" WIDTH="277" VPOS="2827" HPOS="249"/>
</TextLine>
<TextLine HEIGHT="66" WIDTH="769" VPOS="2926" HPOS="171" STYLEREFS="StyleId-357FEB46-6C9C-4D9B-A49C-926EAEFDD5A4-">
<String CONTENT="Taylor," HEIGHT="66" WIDTH="227" VPOS="2926" HPOS="171"/>
<SP HEIGHT="63" WIDTH="29" VPOS="2929" HPOS="399"/>
<String CONTENT="Arthur" HEIGHT="54" WIDTH="232" VPOS="2929" HPOS="429"/>
<SP HEIGHT="54" WIDTH="24" VPOS="2931" HPOS="662"/>
<String CONTENT="Samuel." HEIGHT="54" WIDTH="253" VPOS="2931" HPOS="687"/>
</TextLine>
<TextLine HEIGHT="71" WIDTH="1914" VPOS="3004" HPOS="242" STYLEREFS="StyleId-36967E0C-88BB-46C6-B9E7-BDA45FD551A9-">
<String CONTENT="A" HEIGHT="52" WIDTH="52" VPOS="3004" HPOS="242"/>
<SP HEIGHT="68" WIDTH="41" VPOS="3004" HPOS="295"/>
<String CONTENT="guide" HEIGHT="68" WIDTH="170" VPOS="3004" HPOS="337"/>
<SP HEIGHT="46" WIDTH="42" VPOS="3013" HPOS="508"/>
<String CONTENT="to" HEIGHT="46" WIDTH="57" VPOS="3013" HPOS="551"/>
<SP HEIGHT="46" WIDTH="42" VPOS="3013" HPOS="609"/>
<String CONTENT="the" HEIGHT="53" WIDTH="94" VPOS="3007" HPOS="652"/>
<SP HEIGHT="34" WIDTH="43" VPOS="3026" HPOS="747"/>
<String CONTENT="study" HEIGHT="67" WIDTH="172" VPOS="3008" HPOS="791"/>
<SP HEIGHT="48" WIDTH="42" VPOS="3027" HPOS="964"/>
<String CONTENT="and" HEIGHT="53" WIDTH="112" VPOS="3008" HPOS="1007"/>
<SP HEIGHT="52" WIDTH="44" VPOS="3008" HPOS="1120"/>
<String CONTENT="reading" HEIGHT="66" WIDTH="237" VPOS="3009" HPOS="1165"/>
<SP HEIGHT="48" WIDTH="42" VPOS="3027" HPOS="1403"/>
<String CONTENT="of" HEIGHT="54" WIDTH="63" VPOS="3008" HPOS="1446"/>
<SP HEIGHT="53" WIDTH="40" VPOS="3008" HPOS="1510"/>
<String CONTENT="the" HEIGHT="52" WIDTH="95" VPOS="3009" HPOS="1551"/>
<SP HEIGHT="54" WIDTH="41" VPOS="3007" HPOS="1647"/>
<String CONTENT="history" HEIGHT="66" WIDTH="222" VPOS="3007" HPOS="1689"/>
<SP HEIGHT="45" WIDTH="42" VPOS="3028" HPOS="1912"/>
<String CONTENT="of" HEIGHT="53" WIDTH="63" VPOS="3008" HPOS="1955"/>
<SP HEIGHT="52" WIDTH="42" VPOS="3008" HPOS="2019"/>
<String CONTENT="the" HEIGHT="52" WIDTH="94" VPOS="3008" HPOS="2062"/>
</TextLine>
<TextLine HEIGHT="73" WIDTH="1984" VPOS="3079" HPOS="173" STYLEREFS="StyleId-36967E0C-88BB-46C6-B9E7-BDA45FD551A9-" CS="1">
<String CONTENT="Pacific" HEIGHT="54" WIDTH="209" VPOS="3079" HPOS="173"/>
<SP HEIGHT="51" WIDTH="38" VPOS="3083" HPOS="383"/>
<String CONTENT="Northwest," HEIGHT="58" WIDTH="343" VPOS="3083" HPOS="422"/>
<SP HEIGHT="56" WIDTH="40" VPOS="3085" HPOS="766"/>
<String CONTENT="by" HEIGHT="66" WIDTH="74" VPOS="3085" HPOS="807"/>
<SP HEIGHT="66" WIDTH="39" VPOS="3085" HPOS="882"/>
<String CONTENT="Arthur" HEIGHT="52" WIDTH="223" VPOS="3085" HPOS="922"/>
<SP HEIGHT="56" WIDTH="41" VPOS="3084" HPOS="1146"/>
<String CONTENT="Samuel" HEIGHT="56" WIDTH="229" VPOS="3084" HPOS="1188"/>
<SP HEIGHT="52" WIDTH="42" VPOS="3086" HPOS="1418"/>
<String CONTENT="Taylor" HEIGHT="66" WIDTH="213" VPOS="3086" HPOS="1461"/>
<SP HEIGHT="33" WIDTH="44" VPOS="3105" HPOS="1675"/>
<String CS="1" CONTENT="&#8230;"/>
<SP HEIGHT="52" WIDTH="78" VPOS="3086" HPOS="1778"/>
<String CONTENT="Portland," HEIGHT="65" WIDTH="300" VPOS="3085" HPOS="1857"/>
</TextLine>
<TextLine HEIGHT="70" WIDTH="929" VPOS="3156" HPOS="174" STYLEREFS="StyleId-36967E0C-88BB-46C6-B9E7-BDA45FD551A9-">
<String CONTENT="Or.," HEIGHT="66" WIDTH="113" VPOS="3156" HPOS="174"/>
<SP HEIGHT="64" WIDTH="23" VPOS="3158" HPOS="288"/>
<String CONTENT="Metropolitan" HEIGHT="67" WIDTH="411" VPOS="3158" HPOS="312"/>
<SP HEIGHT="46" WIDTH="26" VPOS="3180" HPOS="724"/>
<String CONTENT="press," HEIGHT="46" WIDTH="172" VPOS="3180" HPOS="751"/>
<SP HEIGHT="60" WIDTH="28" VPOS="3165" HPOS="924"/>
<String CONTENT="1935." HEIGHT="51" WIDTH="150" VPOS="3164" HPOS="953"/>
</TextLine>
<TextLine HEIGHT="53" WIDTH="1324" VPOS="3229" HPOS="242" CS="1">
<String CONTENT="6" HEIGHT="40" WIDTH="27" VPOS="3229" HPOS="242"/>
<SP HEIGHT="49" WIDTH="20" VPOS="3229" HPOS="270"/>
<String LANG="fr" CONTENT="p." HEIGHT="38" WIDTH="43" VPOS="3240" HPOS="291"/>
<SP/>
<String LANG="fr" CS="1" CONTENT="l."/>
<String CONTENT="," HEIGHT="15" WIDTH="9" VPOS="3262" HPOS="396"/>
<SP HEIGHT="30" WIDTH="29" VPOS="3251" HPOS="406"/>
<String CS="1" CONTENT="[11]-73" HEIGHT="50" WIDTH="173" VPOS="3231" HPOS="436"/>
<SP HEIGHT="49" WIDTH="25" VPOS="3231" HPOS="610"/>
<String CONTENT="p." HEIGHT="37" WIDTH="42" VPOS="3243" HPOS="636"/>
<SP HEIGHT="39" WIDTH="26" VPOS="3232" HPOS="679"/>
<String CONTENT="incl." HEIGHT="41" WIDTH="109" VPOS="3232" HPOS="706"/>
<SP HEIGHT="41" WIDTH="25" VPOS="3232" HPOS="816"/>
<String CONTENT="front." HEIGHT="41" WIDTH="148" VPOS="3232" HPOS="842"/>
<SP HEIGHT="49" WIDTH="28" VPOS="3232" HPOS="991"/>
<String CONTENT="(maps)" HEIGHT="50" WIDTH="182" VPOS="3232" HPOS="1020"/>
<SP HEIGHT="48" WIDTH="34" VPOS="3233" HPOS="1203"/>
<String CONTENT="illus." HEIGHT="41" WIDTH="128" VPOS="3233" HPOS="1238"/>
<SP HEIGHT="39" WIDTH="55" VPOS="3234" HPOS="1367"/>
<String CS="1" CONTENT="19&#189;" HEIGHT="40" WIDTH="56" VPOS="3233" HPOS="1423"/>
<String STYLE="superscript" CONTENT="cm" HEIGHT="22" WIDTH="43" VPOS="3235" HPOS="1510"/>
<String CONTENT="." HEIGHT="8" WIDTH="9" VPOS="3266" HPOS="1557"/>
</TextLine>
<TextLine HEIGHT="51" WIDTH="1141" VPOS="3285" HPOS="243">
<String CONTENT="&#8220;Reading" HEIGHT="51" WIDTH="247" VPOS="3285" HPOS="243"/>
<SP HEIGHT="38" WIDTH="25" VPOS="3298" HPOS="491"/>
<String CONTENT="references&#8221;" HEIGHT="41" WIDTH="300" VPOS="3288" HPOS="517"/>
<SP HEIGHT="39" WIDTH="25" VPOS="3289" HPOS="818"/>
<String CONTENT="at" HEIGHT="37" WIDTH="49" VPOS="3292" HPOS="844"/>
<SP HEIGHT="38" WIDTH="27" VPOS="3292" HPOS="894"/>
<String CONTENT="end" HEIGHT="42" WIDTH="90" VPOS="3288" HPOS="922"/>
<SP HEIGHT="41" WIDTH="27" VPOS="3288" HPOS="1013"/>
<String CONTENT="of" HEIGHT="40" WIDTH="51" VPOS="3289" HPOS="1041"/>
<SP HEIGHT="40" WIDTH="24" VPOS="3289" HPOS="1093"/>
<String CONTENT="each" HEIGHT="39" WIDTH="117" VPOS="3290" HPOS="1118"/>
<SP HEIGHT="40" WIDTH="27" VPOS="3290" HPOS="1236"/>
<String CONTENT="unit." HEIGHT="40" WIDTH="120" VPOS="3290" HPOS="1264"/>
</TextLine>
<TextLine HEIGHT="56" WIDTH="1977" VPOS="3337" HPOS="178">
<String CONTENT="&#169;" HEIGHT="52" WIDTH="51" VPOS="3337" HPOS="178"/>
<SP HEIGHT="52" WIDTH="19" VPOS="3337" HPOS="230"/>
<String CONTENT="Aug." HEIGHT="47" WIDTH="117" VPOS="3344" HPOS="250"/>
<SP HEIGHT="38" WIDTH="24" VPOS="3345" HPOS="368"/>
<String CONTENT="5," HEIGHT="46" WIDTH="39" VPOS="3345" HPOS="393"/>
<SP HEIGHT="45" WIDTH="22" VPOS="3346" HPOS="433"/>
<String CONTENT="1935;" HEIGHT="47" WIDTH="139" VPOS="3344" HPOS="456"/>
<SP HEIGHT="46" WIDTH="25" VPOS="3345" HPOS="596"/>
<String CONTENT="2c." HEIGHT="40" WIDTH="66" VPOS="3345" HPOS="622"/>
<SP HEIGHT="29" WIDTH="24" VPOS="3356" HPOS="689"/>
<String CONTENT="and" HEIGHT="39" WIDTH="95" VPOS="3346" HPOS="714"/>
<SP HEIGHT="39" WIDTH="22" VPOS="3346" HPOS="810"/>
<String CONTENT="aff." HEIGHT="39" WIDTH="81" VPOS="3346" HPOS="833"/>
<SP HEIGHT="38" WIDTH="22" VPOS="3347" HPOS="915"/>
<String CONTENT="Aug." HEIGHT="46" WIDTH="119" VPOS="3347" HPOS="938"/>
<SP HEIGHT="38" WIDTH="23" VPOS="3346" HPOS="1058"/>
<String CONTENT="10;" HEIGHT="45" WIDTH="81" VPOS="3346" HPOS="1082"/>
<SP HEIGHT="44" WIDTH="26" VPOS="3347" HPOS="1164"/>
<!-- cceid 925589BE-6D82-1014-B070-FDFD250A9EDA --><String CONTENT="A" HEIGHT="38" WIDTH="40" VPOS="3347" HPOS="1191"/>
<SP HEIGHT="39" WIDTH="22" VPOS="3347" HPOS="1232"/>
<String CONTENT="84907" HEIGHT="41" WIDTH="143" VPOS="3345" HPOS="1255"/>
<SP HEIGHT="45" WIDTH="16" VPOS="3347" HPOS="1399"/>
<String CONTENT=";" HEIGHT="35" WIDTH="10" VPOS="3357" HPOS="1416"/>
<SP HEIGHT="45" WIDTH="23" VPOS="3347" HPOS="1427"/>
<String CONTENT="A." HEIGHT="38" WIDTH="53" VPOS="3347" HPOS="1451"/>
<SP HEIGHT="40" WIDTH="26" VPOS="3347" HPOS="1505"/>
<String CONTENT="S." HEIGHT="40" WIDTH="41" VPOS="3347" HPOS="1532"/>
<SP HEIGHT="38" WIDTH="26" VPOS="3346" HPOS="1574"/>
<String CONTENT="Taylor," HEIGHT="47" WIDTH="191" VPOS="3346" HPOS="1601"/>
<SP HEIGHT="46" WIDTH="24" VPOS="3347" HPOS="1793"/>
<String CONTENT="Ashland." HEIGHT="42" WIDTH="232" VPOS="3346" HPOS="1818"/>
<SP HEIGHT="42" WIDTH="26" VPOS="3346" HPOS="2051"/>
<String CONTENT="Or." HEIGHT="40" WIDTH="77" VPOS="3346" HPOS="2078"/>
</TextLine>
<TextLine HEIGHT="48" WIDTH="275" VPOS="3399" HPOS="258">
<String CONTENT="(35-13352)" HEIGHT="48" WIDTH="275" VPOS="3399" HPOS="258"/>
</TextLine>
<TextLine HEIGHT="71" WIDTH="1260" VPOS="3499" HPOS="176" STYLEREFS="StyleId-357FEB46-6C9C-4D9B-A49C-926EAEFDD5A4-">
<String LANG="en-US" CONTENT="Temple," HEIGHT="68" WIDTH="249" VPOS="3499" HPOS="176"/>
<SP HEIGHT="62" WIDTH="28" VPOS="3505" HPOS="426"/>
<String LANG="en-US" CONTENT="Mrs." HEIGHT="52" WIDTH="138" VPOS="3505" HPOS="455"/>
<SP HEIGHT="52" WIDTH="30" VPOS="3506" HPOS="594"/>
<String LANG="en-US" CONTENT="Sarah" HEIGHT="53" WIDTH="188" VPOS="3505" HPOS="625"/>
<SP HEIGHT="52" WIDTH="29" VPOS="3505" HPOS="814"/>
<String LANG="en-US" CONTENT="Blackwell" HEIGHT="53" WIDTH="308" VPOS="3506" HPOS="844"/>
<SP HEIGHT="63" WIDTH="30" VPOS="3507" HPOS="1153"/>
<String LANG="fr" CONTENT="(Gober)" HEIGHT="63" WIDTH="252" VPOS="3507" HPOS="1184"/>
</TextLine>
<TextLine HEIGHT="346" WIDTH="2045" VPOS="3578" HPOS="110" STYLEREFS="StyleId-51C32D6D-3C5B-436E-8D03-2671132F279D-">
<String CONTENT="The" HEIGHT="51" WIDTH="118" VPOS="3578" HPOS="244"/>
<SP HEIGHT="52" WIDTH="29" VPOS="3579" HPOS="363"/>
<String CONTENT="first" HEIGHT="54" WIDTH="123" VPOS="3579" HPOS="393"/>
<SP HEIGHT="51" WIDTH="26" VPOS="3582" HPOS="517"/>
<String CONTENT="hundred" HEIGHT="52" WIDTH="259" VPOS="3582" HPOS="544"/>
<SP HEIGHT="66" WIDTH="32" VPOS="3583" HPOS="804"/>
<String CONTENT="years;" HEIGHT="49" WIDTH="189" VPOS="3600" HPOS="837"/>
<SP HEIGHT="48" WIDTH="32" VPOS="3601" HPOS="1027"/>
<String CONTENT="a" HEIGHT="33" WIDTH="30" VPOS="3603" HPOS="1060"/>
<SP HEIGHT="34" WIDTH="28" VPOS="3602" HPOS="1091"/>
<String CONTENT="short" HEIGHT="53" WIDTH="159" VPOS="3584" HPOS="1120"/>
<SP HEIGHT="54" WIDTH="25" VPOS="3583" HPOS="1280"/>
<String CONTENT="history" HEIGHT="68" WIDTH="221" VPOS="3582" HPOS="1306"/>
<SP HEIGHT="48" WIDTH="29" VPOS="3602" HPOS="1528"/>
<String CONTENT="of" HEIGHT="54" WIDTH="63" VPOS="3582" HPOS="1558"/>
<SP HEIGHT="56" WIDTH="30" VPOS="3582" HPOS="1622"/>
<String CONTENT="Cobb" HEIGHT="55" WIDTH="157" VPOS="3583" HPOS="1653"/>
<SP HEIGHT="52" WIDTH="30" VPOS="3583" HPOS="1811"/>
<String CONTENT="county," HEIGHT="59" WIDTH="224" VPOS="3590" HPOS="1842"/>
<SP HEIGHT="60" WIDTH="31" VPOS="3584" HPOS="2067"/>
<String CONTENT="in" HEIGHT="51" WIDTH="56" VPOS="3584" HPOS="2099"/>
</TextLine>
<TextLine HEIGHT="75" WIDTH="1981" VPOS="3651" HPOS="175" STYLEREFS="StyleId-51C32D6D-3C5B-436E-8D03-2671132F279D-">
<String CONTENT="Georgia," HEIGHT="70" WIDTH="260" VPOS="3651" HPOS="175"/>
<SP HEIGHT="61" WIDTH="27" VPOS="3657" HPOS="436"/>
<String CONTENT="by" HEIGHT="66" WIDTH="75" VPOS="3657" HPOS="464"/>
<SP HEIGHT="65" WIDTH="28" VPOS="3658" HPOS="540"/>
<String CONTENT="Sarah" HEIGHT="53" WIDTH="180" VPOS="3658" HPOS="569"/>
<SP HEIGHT="51" WIDTH="31" VPOS="3659" HPOS="750"/>
<String CONTENT="Blackwell" HEIGHT="54" WIDTH="308" VPOS="3658" HPOS="782"/>
<SP HEIGHT="54" WIDTH="27" VPOS="3660" HPOS="1091"/>
<String LANG="fr" CONTENT="Gober" HEIGHT="54" WIDTH="186" VPOS="3660" HPOS="1119"/>
<SP HEIGHT="52" WIDTH="29" VPOS="3660" HPOS="1306"/>
<String CONTENT="Temple." HEIGHT="66" WIDTH="250" VPOS="3660" HPOS="1336"/>
<SP HEIGHT="52" WIDTH="63" VPOS="3659" HPOS="1587"/>
<String CONTENT="Atlanta," HEIGHT="65" WIDTH="258" VPOS="3659" HPOS="1651"/>
<SP HEIGHT="63" WIDTH="25" VPOS="3661" HPOS="1910"/>
<String CONTENT="Walter" HEIGHT="53" WIDTH="220" VPOS="3660" HPOS="1936"/>
</TextLine>
<TextLine HEIGHT="74" WIDTH="1184" VPOS="3728" HPOS="174" STYLEREFS="StyleId-51C32D6D-3C5B-436E-8D03-2671132F279D-">
<String CONTENT="W." HEIGHT="53" WIDTH="87" VPOS="3728" HPOS="174"/>
<SP HEIGHT="51" WIDTH="26" VPOS="3731" HPOS="262"/>
<String CONTENT="Brown" HEIGHT="54" WIDTH="209" VPOS="3731" HPOS="289"/>
<SP HEIGHT="46" WIDTH="25" VPOS="3752" HPOS="499"/>
<String CONTENT="publishing" HEIGHT="66" WIDTH="332" VPOS="3735" HPOS="525"/>
<SP HEIGHT="47" WIDTH="24" VPOS="3754" HPOS="858"/>
<String CONTENT="company," HEIGHT="48" WIDTH="295" VPOS="3754" HPOS="883"/>
<SP HEIGHT="59" WIDTH="28" VPOS="3741" HPOS="1179"/>
<String CONTENT="1935." HEIGHT="49" WIDTH="150" VPOS="3740" HPOS="1208"/>
</TextLine>
<TextLine HEIGHT="56" WIDTH="1434" VPOS="3800" HPOS="244" CS="1">
<String CONTENT="xiii" HEIGHT="40" WIDTH="88" VPOS="3800" HPOS="244"/>
<SP HEIGHT="49" WIDTH="22" VPOS="3801" HPOS="333"/>
<String LANG="fr" CONTENT="p.," HEIGHT="37" WIDTH="59" VPOS="3813" HPOS="356"/>
<SP HEIGHT="44" WIDTH="23" VPOS="3805" HPOS="416"/>
<String CONTENT="1" HEIGHT="37" WIDTH="24" VPOS="3805" HPOS="440"/>
<SP/>
<String CS="1" CONTENT="l.," HEIGHT="15" WIDTH="9" VPOS="3835" HPOS="524"/>
<SP HEIGHT="45" WIDTH="24" VPOS="3805" HPOS="534"/>
<String CONTENT="901" HEIGHT="40" WIDTH="83" VPOS="3805" HPOS="559"/>
<SP HEIGHT="44" WIDTH="23" VPOS="3808" HPOS="643"/>
<String CONTENT="p." HEIGHT="35" WIDTH="42" VPOS="3817" HPOS="667"/>
<SP HEIGHT="38" WIDTH="52" VPOS="3807" HPOS="710"/>
<String CONTENT="illus.," HEIGHT="43" WIDTH="140" VPOS="3807" HPOS="763"/>
<SP HEIGHT="43" WIDTH="23" VPOS="3807" HPOS="904"/>
<String CONTENT="fold," HEIGHT="41" WIDTH="117" VPOS="3807" HPOS="928"/>
<SP HEIGHT="28" WIDTH="23" VPOS="3818" HPOS="1046"/>
<String CONTENT="map" HEIGHT="38" WIDTH="112" VPOS="3817" HPOS="1070"/>
<SP HEIGHT="48" WIDTH="26" VPOS="3807" HPOS="1183"/>
<String CONTENT="(in" HEIGHT="47" WIDTH="72" VPOS="3807" HPOS="1210"/>
<SP HEIGHT="37" WIDTH="23" VPOS="3819" HPOS="1283"/>
<String CONTENT="pocket)" HEIGHT="48" WIDTH="195" VPOS="3808" HPOS="1307"/>
<SP HEIGHT="48" WIDTH="59" VPOS="3807" HPOS="1503"/>
<String CONTENT="24" HEIGHT="39" WIDTH="56" VPOS="3807" HPOS="1563"/>
<String STYLE="superscript" CS="1" CONTENT="cm" HEIGHT="21" WIDTH="15" VPOS="3809" HPOS="1622"/>
<String CONTENT="." HEIGHT="8" WIDTH="8" VPOS="3839" HPOS="1670"/>
</TextLine>
<TextLine HEIGHT="57" WIDTH="1080" VPOS="3855" HPOS="246" CS="1">
<String CONTENT="&#8220;Cobb" HEIGHT="43" WIDTH="154" VPOS="3855" HPOS="246"/>
<SP HEIGHT="40" WIDTH="27" VPOS="3859" HPOS="401"/>
<String CONTENT="county" HEIGHT="45" WIDTH="175" VPOS="3863" HPOS="429"/>
<SP HEIGHT="37" WIDTH="30" VPOS="3871" HPOS="605"/>
<String CONTENT="cemeteries&#8221;" HEIGHT="40" WIDTH="305" VPOS="3862" HPOS="636"/>
<SP HEIGHT="40" WIDTH="16" VPOS="3862" HPOS="942"/>
<String CONTENT=":" HEIGHT="29" WIDTH="9" VPOS="3873" HPOS="959"/>
<SP HEIGHT="38" WIDTH="31" VPOS="3873" HPOS="969"/>
<String CONTENT="p." HEIGHT="37" WIDTH="43" VPOS="3874" HPOS="1001"/>
<SP HEIGHT="30" WIDTH="34" VPOS="3882" HPOS="1045"/>
<String CS="1" CONTENT="[586]-860." HEIGHT="50" WIDTH="246" VPOS="3862" HPOS="1080"/>
</TextLine>
<TextLine HEIGHT="54" WIDTH="731" VPOS="3911" HPOS="246" CS="1">
<String CONTENT="Bibliography:" HEIGHT="53" WIDTH="369" VPOS="3911" HPOS="246"/>
<SP HEIGHT="38" WIDTH="36" VPOS="3927" HPOS="616"/>
<String CONTENT="p." HEIGHT="37" WIDTH="40" VPOS="3928" HPOS="653"/>
<SP HEIGHT="27" WIDTH="40" VPOS="3938" HPOS="694"/>
<String CS="1" CONTENT="[563]-566." HEIGHT="40" WIDTH="230" VPOS="3918" HPOS="747"/>
</TextLine>
<TextLine HEIGHT="61" WIDTH="1976" VPOS="3963" HPOS="184">
<String CONTENT="&#169;" HEIGHT="52" WIDTH="52" VPOS="3963" HPOS="184"/>
<SP HEIGHT="52" WIDTH="21" VPOS="3963" HPOS="237"/>
<String CONTENT="Aug." HEIGHT="47" WIDTH="117" VPOS="3970" HPOS="259"/>
<SP HEIGHT="38" WIDTH="24" VPOS="3972" HPOS="377"/>
<String CONTENT="1," HEIGHT="46" WIDTH="38" VPOS="3972" HPOS="402"/>
<SP HEIGHT="45" WIDTH="23" VPOS="3973" HPOS="441"/>
<String CONTENT="1935;" HEIGHT="42" WIDTH="138" VPOS="3972" HPOS="465"/>
<SP HEIGHT="40" WIDTH="24" VPOS="3974" HPOS="604"/>
<String CONTENT="2c." HEIGHT="39" WIDTH="66" VPOS="3974" HPOS="629"/>
<SP HEIGHT="28" WIDTH="26" VPOS="3984" HPOS="696"/>
<String CONTENT="and" HEIGHT="38" WIDTH="95" VPOS="3975" HPOS="723"/>
<SP HEIGHT="38" WIDTH="23" VPOS="3975" HPOS="819"/>
<String CONTENT="aff." HEIGHT="39" WIDTH="79" VPOS="3974" HPOS="843"/>
<SP HEIGHT="38" WIDTH="25" VPOS="3975" HPOS="923"/>
<String CONTENT="Aug." HEIGHT="47" WIDTH="118" VPOS="3975" HPOS="949"/>
<SP HEIGHT="39" WIDTH="26" VPOS="3975" HPOS="1068"/>
<String CONTENT="5" HEIGHT="39" WIDTH="24" VPOS="3975" HPOS="1095"/>
<SP HEIGHT="40" WIDTH="17" VPOS="3975" HPOS="1120"/>
<String CONTENT=":" HEIGHT="29" WIDTH="8" VPOS="3986" HPOS="1138"/>
<SP HEIGHT="40" WIDTH="27" VPOS="3975" HPOS="1147"/>
<!-- cceid 9255EE1E-6D82-1014-B070-FDFD250A9EDA --><String CONTENT="A" HEIGHT="38" WIDTH="39" VPOS="3975" HPOS="1175"/>
<SP HEIGHT="40" WIDTH="24" VPOS="3975" HPOS="1215"/>
<String CONTENT="85336:" HEIGHT="40" WIDTH="169" VPOS="3975" HPOS="1240"/>
<SP HEIGHT="41" WIDTH="32" VPOS="3975" HPOS="1410"/>
<String LANG="fr" CONTENT="S." HEIGHT="41" WIDTH="44" VPOS="3975" HPOS="1443"/>
<SP HEIGHT="39" WIDTH="24" VPOS="3976" HPOS="1488"/>
<String LANG="fr" CONTENT="B." HEIGHT="39" WIDTH="53" VPOS="3976" HPOS="1513"/>
<SP HEIGHT="40" WIDTH="28" VPOS="3976" HPOS="1567"/>
<String CONTENT="G." HEIGHT="40" WIDTH="50" VPOS="3976" HPOS="1596"/>
<SP HEIGHT="38" WIDTH="28" VPOS="3977" HPOS="1647"/>
<String CONTENT="Temple," HEIGHT="47" WIDTH="208" VPOS="3977" HPOS="1676"/>
<SP HEIGHT="45" WIDTH="27" VPOS="3978" HPOS="1885"/>
<String CONTENT="Marietta," HEIGHT="47" WIDTH="247" VPOS="3977" HPOS="1913"/>
</TextLine>
<TextLine HEIGHT="45" WIDTH="431" VPOS="4025" HPOS="248">
<String CONTENT="Ga." HEIGHT="41" WIDTH="83" VPOS="4025" HPOS="248"/>
<SP HEIGHT="42" WIDTH="70" VPOS="4028" HPOS="332"/>
<String CONTENT="(35-13350)" HEIGHT="42" WIDTH="276" VPOS="4028" HPOS="403"/>
</TextLine>
</TextBlock>
</PrintSpace>
</Page>
</Layout>
</alto>