2526 4384
1109 4029 97 47 145

183 417 242 65 Abbott,
456 418 237 56 Austin.

182 494 1966 131 Abbott New York digest … Consolidated ed. 1934 cumulative
335 573 1838 69 annual pocket parts … [for] v. 1-40 … Rochester and
182 650 136 51 New
357 651 162 52 York
555 652 133 67 city,
725 654 68 50 X.
832 655 90 55 Y.,
960 654 120 51 The
1117 655 265 65 Lawyers
1420 656 381 67 co-operative
1838 658 336 69 publishing

170 745 304 50 company;
505 730 81 55 St.
610 731 165 54 Paul.
797 731 167 52 Minn.,
1019 732 156 53 West
1198 731 336 69 publishing
1556 753 78 33 co.;
1691 735 139 52 New
1854 736 163 52 York
2039 738 134 66 city,

236 806 1169 70 N . Y., Baker, Yoorhis company [ c 1934]
247 879 60 40 40
365 911 8 7 v.
431 879 58 40 25
489 882 44 21 cm
539 912 7 8 .

250 937 155 39 These
433 938 273 47 pamphlets
737 948 85 29 are
853 941 52 36 to
931 938 55 39 be
1018 937 137 40 fitted
1186 937 102 41 into
1321 940 83 40 the
1435 940 197 47 pockets
1664 944 50 36 at
1745 941 81 39 the
1858 942 121 39 back
2009 944 54 39 of
2092 944 82 39 the

178 995 214 39 volumes
417 994 53 40 of
496 995 83 39 the
604 997 75 38 set
704 998 51 36 to
779 993 159 41 which
965 995 114 47 they
1105 996 181 47 belong.

181 1061 52 52 ©
258 1066 110 39 Dec.
392 1065 69 47 26,
487 1064 140 47 1934;
653 1065 65 40 2c.
744 1067 118 38 each
887 1066 109 39 Jan.
1019 1064 69 48 21,
1114 1065 139 42 1935;
1282 1066 80 39 aff.
1392 1067 107 39 Jan.
1527 1068 55 38 24;
1638 1069 41 38 A
1733 1068 140 48 80246;
1905 1071 134 39 West
2062 1072 108 45 pub.

245 1132 65 30 co.
336 1125 95 37 and
457 1123 228 47 Lawyers
712 1122 323 48 co-operative
1060 1124 105 47 pub.
1195 1134 66 29 co.

176 1226 119 52 The
335 1225 316 55 American
693 1227 268 53 educator
1002 1228 426 67 encyclopedia;
1475 1249 28 33 a
1546 1230 349 68 thoroughly
1936 1231 231 52 modern

248 1304 157 51 work
435 1304 269 68 designed
735 1311 57 47 to
822 1312 144 45 meet
996 1306 95 51 the
1118 1306 168 53 needs
1315 1304 63 57 of
1407 1325 167 48 every
1605 1325 119 50 age,
1753 1309 313 52 Ellsworth
2096 1310 70 51 D.

249 1381 1918 72 Foster, LL. B ., editor in chief … James Laughlin Hughes,
248 1459 1920 72 editor for Canada … Karl H. Goodwin, A. B., managing
247 1538 1692 70 editor … Chicago, The United educators, inc., 1935.
249 1612 55 40 10
333 1623 42 29 v.
436 1613 127 39 illus.
593 1611 133 47 (incl.
757 1613 178 46 music)
975 1614 155 46 plates
1158 1616 134 43 (part
1324 1614 99 46 col.,
1458 1620 108 41 part
1599 1615 197 40 double)
1838 1618 160 44 ports.,
2034 1627 132 37 maps

189 1669 133 46 (part
355 1669 196 46 double)
591 1670 179 48 diagrs.
831 1670 55 40 24
889 1673 42 21 cm
939 1703 7 7 .

247 1726 160 48 Paged
440 1727 352 47 continuously.

249 1783 286 41 Illustrated
564 1783 362 49 lining-papers.

174 1852 52 52 ©
262 1857 96 39 Feb
406 1857 39 47 8,
480 1855 140 48 1935;
654 1855 69 41 2c.
758 1857 117 40 each
911 1856 108 39 Feb.
1055 1856 55 40 18;
1174 1856 81 40 aff.
1293 1856 109 39 Feb.
1439 1857 57 39 15;
1558 1858 41 37 A
1636 1855 168 45 79704;
1845 1856 178 42 United
239 1860 1910 94 educators.
446 1913 89 40 inc.
600 1913 280 50 [Copyright
911 1913 42 40 is
988 1913 203 40 claimed
1226 1923 59 30 on
1317 1922 105 29 new
1454 1916 182 37 matter
1670 1914 95 39 and
1798 1914 251 49 revisions]

252 1970 249 47 (35-2751)

232 2073 1930 69 … Annualog [1935]; a cumulative reference of scientific and
236 2152 1925 67 other useful information, edited by A. P. Peck … Volume X.
294 2248 81 33 New
406 2230 178 56 York,
618 2228 285 57 Scientific
935 2231 323 64 American,
1292 2233 149 50 1935.

237 2305 60 45 vi,
325 2304 83 40 193
435 2316 42 36 p.
534 2304 143 46 illus.,
703 2303 178 48 diagrs.
939 2302 58 41 20
997 2305 45 21 cm
1047 2335 8 8 .

175 2358 53 51 ©
261 2363 106 38 Jan.
403 2362 69 46 10,
507 2360 140 47 1935;
683 2360 67 41 2c.
786 2361 108 40 Jan.
930 2361 82 46 26;
1049 2360 80 39 aff.
1169 2360 108 39 Feb.
1312 2359 53 47 2;
1400 2360 41 39 A
1477 2358 142 42 79494;
1684 2361 151 38 Munn
1869 2361 35 40 &
1938 2372 82 29 co.,
2057 2362 105 46 inc.,

238 2420 119 38 New
382 2419 144 39 York.

169 2480 209 63 Beach,
405 2482 126 52 Rex
559 2478 379 65 Ellingwood,
968 2481 170 53 1877-

175 2553 1964 148 Wild pastures [b y] Rex Beach. New York, Farrar & Rinehart, incorporated [ c 1935]
241 2704 607 49 3 p. l., 3-313 p. 19½ cm .
172 2776 52 52 ©
256 2781 108 39 Feb.
398 2781 68 41 21.
501 2779 114 41 1935;
673 2777 66 42 2c.
774 2779 109 39 Feb.
919 2778 58 40 25;
1037 2777 80 40 aff.
1152 2778 109 39 Feb.
1296 2777 56 40 23;
1415 2778 41 38 A
1489 2777 142 40 80568;
1740 2788 59 29 Rex
1834 2778 175 41 Beach.
2091 2789 70 28 New

235 2837 142 40 York.
449 2836 249 47 (35-2777)

165 2939 281 64 Bergson,
477 2941 185 52 Henri
689 2938 196 65 Louis,
918 2944 171 49 1859-

240 3016 119 51 The
395 3023 111 46 two
544 3032 221 36 sources
802 3014 62 52 of
897 3013 267 69 morality
1204 3013 111 52 and
1351 3012 259 68 religion,
1648 3012 72 69 by
1758 3012 182 53 Henri
170 3012 1963 132 Bergson;
328 3092 313 54 translated
669 3092 75 69 by
773 3092 69 53 R.
873 3092 216 68 Ashley
1119 3090 196 52 Audra
1352 3090 110 53 and
1499 3089 333 55 Cloudeslev
1866 3090 293 63 Brereton,

171 3169 136 54 with
342 3170 95 53 the
470 3168 300 56 assistance
802 3169 62 52 of
896 3168 89 54 W.
1018 3168 263 53 Horsfall
1322 3167 214 55 Carter.
1611 3168 255 69 London,
170 3167 1963 134 Macmillan
294 3251 110 51 and
437 3268 97 46 co.,
564 3247 240 60 limited,
837 3250 149 50 1935.

240 3320 99 40 viii.
367 3320 84 39 278
477 3330 30 37 p.,
562 3321 23 37 1
638 3352 7 7 l.
706 3318 55 39 22½
794 3321 43 21 cm
843 3351 8 8 .

171 3361 1958 65 © 1c. Feb. 2. 1935; A ad int. 19928; pubd. Feb. 5; Henry Holt & co.,
232 3436 103 46 inc.,
409 3447 69 28 New
506 3437 143 39 York.
721 3435 249 48 (35-2980)

164 3536 301 66 Breasted,
494 3540 205 52 James
724 3539 223 63 Henry,
980 3543 169 49 1865-

233 3614 243 52 Ancient
505 3614 181 67 times,
716 3632 31 34 a
774 3613 222 68 history
1024 3612 63 54 of
1113 3614 98 52 the
1238 3615 158 67 early
1425 3613 207 68 world;
1666 3632 73 34 an
1767 3612 387 54 introduction

167 3697 54 45 to
256 3691 94 52 the
384 3692 169 67 study
590 3690 62 53 of
689 3691 224 52 ancient
949 3691 220 66 history
1205 3691 113 52 and
1354 3692 96 51 the
1487 3709 189 35 career
1713 3691 62 53 of
1815 3692 156 68 early
2005 3707 150 48 man,

164 3765 1966 147 by James Henry Breasted … 2d ed., rev. and largely rewritten. Boston,
654 3862 80 34 New
766 3845 163 51 York
983 3850 119 60 [etc.]
1135 3843 154 55 Ginn
1324 3847 113 51 and
1470 3863 280 51 company
1789 3878 10 33 [
1807 3851 16 21 c
1829 3849 151 62 1935]

232 3917 1924 55 xiii, 823 p. illus. (incl. plans) IV col. pl. (incl. front.) maps (part
163 3971 193 41 double)
393 3973 153 39 diagr.
604 3973 57 39 20½
693 3975 44 21 cm
742 4005 9 7 .
