2424 4375
1032 4037 133 48 1075

118 427 380 65 Mlomandre,
528 428 243 54 Francis
798 429 86 62 de,
916 433 168 49 1880-

243 503 1370 66 … Le zombie, roman. [Paris] Ferenczi [1935]
182 573 786 52 5 p. l., [13]-246 p., 1 l. 18½ cm .
117 642 52 53 ©
198 648 120 38 Mar.
347 646 67 47 30,
445 645 138 48 1935;
646 657 35 29 1c.
713 648 113 46 May
852 647 81 46 31;
964 647 309 47 A-Foreign
1301 646 143 40 28000;
1504 647 28 39 J.
1578 646 228 39 Ferenczi
1835 645 37 41 &
1898 645 89 40 fils.

196 703 278 47 (35-11927)

115 805 144 52 New
289 806 159 51 York
482 807 216 65 (State)
782 806 276 66 Supreme
1085 812 173 47 court.

248 882 1849 67 … Reports of cases heard and determined in the appellate
115 958 1982 70 division … Austin B. Griffin, reporter, volume 243. 1935.
120 1035 236 69 [Official
383 1038 102 65 ed.]
549 1037 249 67 Albany,
821 1040 53 53 J.
904 1041 65 50 B.
996 1040 162 65 Lyon
1184 1055 297 50 company,
1506 1042 148 49 1935.

203 1112 63 42 lxi,
295 1109 83 41 960
504 1110 53 39 23½cm.

116 1175 51 52 ©
198 1180 117 46 Aug.
345 1178 67 47 16,
442 1177 112 41 1935;
612 1178 65 40 2c.
707 1179 119 46 Aug.
857 1177 57 40 20;
969 1178 81 39 aff.
1080 1179 119 46 Aug.
1229 1179 54 39 17;
1340 1180 41 37 A
1410 1176 142 42 84995;
1612 1178 209 40 Edward
1854 1179 40 38 J.
1928 1178 170 47 Flynn,

186 1238 246 44 secretary
467 1236 52 39 of
553 1236 82 41 the
668 1237 131 38 state
829 1236 52 39 of
914 1236 116 38 New
1064 1236 143 46 York,
1244 1235 50 39 in
1330 1238 131 37 trust
1491 1235 78 39 for
1605 1237 79 38 the
1720 1235 175 40 benefit
1930 1235 54 39 of
2018 1236 80 38 the

185 1294 166 46 people
373 1293 50 39 of
451 1294 79 37 the
558 1294 141 44 state,
729 1292 200 47 Albany.

116 1394 194 52 North
339 1393 288 54 Carolina.
701 1396 181 63 Latvs,
907 1400 255 58 statutes,
1188 1400 100 47 etc.

186 1471 163 52 Laws
380 1472 199 65 passed
611 1476 58 47 at
697 1472 95 51 the
821 1470 443 68 twenty-fourth
1293 1472 210 51 session
1534 1472 62 52 of
1627 1472 94 51 the
1752 1470 345 67 Legislative

119 1549 275 65 assembly
434 1548 61 53 of
534 1549 94 52 the
666 1553 143 48 state
845 1548 61 54 of
945 1548 186 53 North
1172 1548 286 67 Carolina,
1495 1549 186 67 begun
1719 1549 112 51 and
1869 1549 132 51 held
2041 1557 56 46 at

118 1626 314 63 Bismarck,
481 1626 94 51 the
625 1625 212 67 capital
887 1625 64 53 of
999 1626 124 51 said
1174 1631 161 61 state,
1385 1644 71 33 on
1506 1626 282 66 Tuesday,
1837 1627 261 65 January

117 1703 213 65 eighth.
385 1705 151 63 1935,
587 1703 111 51 and
751 1703 339 66 concluding
1141 1702 236 67 Friday,
1426 1703 201 52 March
1679 1703 217 66 eighth,
1948 1706 148 50 1935..

113 1780 197 54 Grand
340 1781 199 64 Forks,
566 1782 69 52 N.
663 1783 89 63 D.,
779 1782 145 50 Holt
948 1780 262 67 printing
1236 1799 77 34 co.
1349 1814 12 33 [
1366 1787 17 21 c
1390 1784 150 62 1935]

256 1885 8 12 xv,
293 1854 84 37 544
407 1864 40 36 p.
505 1853 56 38 24c
581 1855 26 20 m
613 1885 7 7 .

117 1920 51 52 ©
197 1925 114 46 July
340 1923 66 48 12,
435 1923 116 41 1935;
605 1923 67 40 2c.
700 1924 117 47 Aug.
848 1923 80 46 12;
961 1922 82 40 aff.
1073 1923 119 46 Aug.
1222 1922 80 47 30;
1333 1923 41 38 A
1403 1921 169 48 84933;
1606 1923 170 40 James
1801 1924 56 39 D.
1890 1923 207 48 Gronna,

187 1984 245 44 secretary
462 1981 50 39 of
542 1983 127 37 state
699 1981 52 39 of
779 1981 85 39 the
884 1982 134 37 state
1042 1980 53 40 of
1120 1981 155 39 North
1306 1980 209 47 Dakota,
1546 1979 267 48 Bismarck,
1845 1981 55 38 N.
1933 1981 55 38 D.

121 2100 257 64 [Parker,
407 2098 235 64 Shirley
667 2099 88 65 D.]

185 2176 1911 66 Creative selling and sales psychology … volumes 6-10.
114 2255 137 51 New
280 2254 177 57 York,
483 2255 227 50 Bureau
738 2253 63 52 of
825 2253 334 67 specialized
1185 2253 251 52 business
1462 2253 273 67 training,
1762 2253 105 53 inc.
2082 2287 12 33 [c1935]

184 2327 268 39 5 v. 18 cm .
459 2392 106 29 CONTENTS.—v.
616 2380 42 41 6.
708 2381 301 47 Persuading
1058 2382 80 39 the
1189 2384 360 37 customer.—v.
1602 2381 40 41 7.
1695 2382 258 46 Language
2004 2384 96 38 and

116 2440 220 39 effective
375 2439 352 47 speaking.—v.
766 2437 41 41 8.
846 2437 334 49 Anticipating
1218 2440 96 38 and
1354 2437 235 50 handling
1628 2437 387 48 objections.—v.
2056 2439 43 41 9.

118 2497 193 47 Closing
342 2497 79 38 the
449 2496 222 39 sale.—v.
700 2493 74 42 10.
801 2494 293 48 Organizing
1123 2496 95 39 and
1247 2493 233 50 planning
1506 2495 78 39 for
1615 2496 81 39 the
1723 2496 179 40 future.

117 2562 53 52 ©
200 2567 117 46 July
346 2566 38 45 1,
417 2565 112 40 1935;
589 2565 66 40 2c.
688 2565 117 39 each
837 2566 94 38 and
963 2564 105 40 affs.
1103 2565 118 47 Aug.
1254 2564 54 41 23;
1371 2565 38 39 A
1444 2565 345 46 85614-85618;
1824 2566 193 38 Bureau
2047 2566 52 38 of

183 2623 287 47 specialized
500 2621 220 41 business
754 2621 228 48 training,
1016 2622 90 40 inc.

116 2724 312 63 Parkman,
457 2725 238 62 Sydney
722 2723 225 55 Muller.

183 2798 117 55 Out
334 2799 149 53 from
519 2799 314 68 Shanghai,
865 2799 71 68 by
973 2800 229 67 Sydney
1237 2801 304 51 Parkman.
1618 2802 134 52 New
1794 2803 153 50 York
1984 2805 105 48 and

115 2878 252 64 London,
396 2878 231 65 Harper
656 2881 45 50 &
730 2878 275 64 brothers,
1039 2882 147 49 1935.

186 2949 736 48 viii p., 1 l., 9-299 p. 19½ cm .
190 3006 195 39 London
427 3005 183 40 edition
659 3006 221 48 (Hodder
920 3006 37 41 &
999 3005 282 49 Stoughton,
1323 3006 112 47 ltd.)
1486 3008 87 38 has
1618 3007 133 39 title:
1797 3007 99 38 The
1938 3008 160 45 acting

115 3065 172 38 second
316 3064 140 38 mate.

185 3119 161 40 “First
375 3119 226 40 edition.”

118 3185 51 52 ©
201 3190 119 44 Aug.
353 3190 67 44 13,
454 3188 139 48 1935;
629 3189 66 40 2c.
727 3190 117 47 Aug.
876 3190 80 46 12;
994 3190 81 39 aff.
1109 3191 118 46 Aug.
1264 3190 53 39 15;
1380 3191 41 38 A
1454 3190 168 46 84956;
1663 3190 42 40 S.
1742 3191 61 38 M.
1839 3191 258 46 Parkman,

186 3246 66 39 St.
285 3246 442 45 Leonards-on-sea,
762 3246 191 46 Sussex,
987 3246 234 48 England.
1291 3245 279 49 (35-12778)

117 3347 199 64 Pease,
347 3350 270 64 Howard,
651 3355 169 49 1894-

186 3426 172 54 Wind
388 3426 61 53 in
475 3427 95 52 the
599 3428 258 67 rigging;
891 3446 69 33 an
992 3429 381 52 adventurous
1403 3446 215 50 voyage
1647 3429 64 52 of
1740 3429 123 53 Tod
1894 3430 199 51 Moran

114 3522 68 33 on
216 3504 94 53 the
341 3510 189 61 tramp
562 3509 239 48 steamer
833 3504 355 68 “Sumatra”,
1219 3507 137 51 New
1389 3506 162 52 York
1582 3513 57 46 to
1672 3508 182 51 North
1891 3506 202 53 Africa

119 3580 107 68 [by]
259 3582 256 52 Howard
543 3583 190 52 Pease.
797 3582 229 55 Garden
1055 3583 153 66 City,
1231 3585 69 51 N.
1329 3585 91 63 Y.,
1447 3585 354 66 Doubleday,
1829 3587 193 52 Doran
2052 3589 45 50 &

119 3676 292 49 company,
440 3659 124 67 inc.,
594 3662 147 52 1935.

181 3726 1092 52 4 p. l., vii-xii p., 333 p. col. front. 21 cm .
181 3784 138 48 Maps
345 3796 58 29 on
431 3786 358 48 lining-papers.

182 3840 160 41 “First
370 3841 225 41 edition.”

119 3907 51 52 ©
197 3912 115 47 July
337 3913 39 45 1,
403 3913 138 42 1935;
571 3913 65 40 2c.
663 3915 96 39 and
785 3914 81 40 aff.
892 3915 119 48 Aug.
1039 3916 81 46 14;
1149 3917 42 37 A
1217 3916 142 40 85467;
1417 3916 58 40 H.
1505 3918 163 47 Pease,
1701 3918 96 40 San
1823 3918 271 40 Francisco.

200 3967 277 49 (35-12673)
