2424 4375
1296 4078 102 57 768

342 406 159 63 Holt,
529 407 222 62 Henry.

513 483 1713 67 … The scarlet messenger, Inspector Silver’s eighth case …
345 560 231 55 Garden
607 561 153 66 City,
789 561 70 52 N.
890 561 89 65 Y.,
1010 560 143 54 Pub.
1184 559 94 53 for
1308 560 94 53 the
1434 561 189 54 Crime
1654 562 144 65 club,
1828 562 126 65 inc.,
1982 560 74 68 by
344 560 1961 144 Doubleday,
499 639 197 51 Doran
723 641 45 50 &
794 655 294 50 company,
1116 637 125 68 inc.,
1272 641 150 50 1933.

415 709 731 50 4 p. l., vii-viii, 309 p. 20cm.
417 768 161 40 “First
606 766 205 42 editon.”

346 834 53 53 ©
421 839 116 38 Nov.
560 839 39 46 8,
623 836 112 41 1933;
786 837 66 40 2c.
876 838 95 39 and
992 836 81 41 aff.
1097 837 110 40 Jan.
1229 837 69 47 24,
1325 835 113 41 1934;
1492 837 39 39 A
1554 836 145 41 68976;
1748 838 60 39 H.
1833 837 132 47 Holt,
1987 837 176 48 Hythe,
2188 836 142 48 Kent,

417 895 234 48 England.
722 893 219 49 (34-375)

346 998 341 65 Hounchell,
717 998 155 65 Saul,
906 1003 170 50 1892-

517 1071 1812 71 … The principal literary magazines of the Ohio valley to
350 1149 1978 71 1840, by Saul Hounchell … Nashville, Tenn., George Peabody
342 1228 209 69 college
584 1229 93 52 for
705 1229 268 68 teachers,
1005 1231 149 50 1934.

416 1302 21 37 1
467 1312 44 37 p.
541 1302 24 39 1.,
608 1300 55 41 12
686 1311 44 37 p.
785 1300 144 41 23½cm.
994 1299 222 52 ([George
1245 1300 223 47 Peabody
1496 1299 178 49 college
1700 1300 78 40 for
1805 1300 232 46 teachers,
2066 1299 264 50 Nashville]

346 1357 228 41 Abstract
598 1358 52 40 of
673 1356 338 42 Contribution
1036 1360 49 38 to
1107 1357 272 52 education,
1404 1368 74 33 no.
1505 1356 108 49 144)

417 1414 229 41 Abstract
687 1414 51 39 of
780 1414 152 41 thesis
985 1415 107 48 (PH.
1164 1413 289 49 D.)—George
1496 1413 223 48 Peabody
1760 1413 177 48 college
1980 1413 77 40 for
2100 1413 232 46 teachers,

347 1469 124 41 1934.

419 1527 68 38 “A
517 1526 292 48 descriptive
839 1527 216 47 analysis
1086 1527 54 40 of
1170 1528 80 40 the
1281 1526 154 41 entire
1465 1529 220 39 contents
1717 1526 53 40 of
1801 1527 110 41 nine
1943 1526 200 48 literary
346 1536 1969 87 magazines.”—
583 1594 42 37 p.
661 1584 55 50 [1]

349 1639 53 51 ©
437 1642 108 39 Feb.
581 1641 68 48 12,
683 1641 139 47 1935;
860 1641 65 40 2c.
961 1641 108 40 Feb.
1105 1641 82 47 25;
1226 1641 80 40 aff.
1348 1641 110 40 Feb.
1492 1641 82 47 21;
1613 1641 39 39 A
1686 1641 169 47 79809;
1896 1641 181 48 George
2112 1641 221 49 Peabody

417 1700 178 47 college
624 1698 78 40 for
732 1699 233 39 teachers.
1036 1698 249 50 (35-8386)

347 1800 1888 69 Ideas and models, by Louise Pound … Robert Adger Law …
418 1877 1915 146 Theodore Stenberg … Lowry C. Wimberly … James P. Callahan … [and] Norman Eliason … New York, H. Holt and
418 2052 280 51 company
734 2037 191 64 [c1935]

421 2108 83 48 xii,
535 2108 86 40 850
646 2118 44 38 p.
748 2107 145 41 22½cm.

423 2164 225 41 “Outline
680 2163 53 41 of
764 2164 83 40 the
879 2163 176 41 review
1088 2165 53 39 of
1172 2173 246 38 grammar
1449 2164 96 39 and
1578 2163 239 40 rhetoric”
1852 2174 57 29 on
1945 2163 334 48 lining-paper.

351 2217 52 53 ©
431 2223 112 46 May
569 2221 69 46 27,
663 2219 140 49 1935;
830 2221 65 40 2c.
924 2221 96 39 and
1044 2219 82 41 aff.
1154 2221 128 39 June
1305 2220 51 48 8;
1388 2221 40 38 A
1456 2219 169 49 84179;
1655 2221 168 48 Henry
1848 2221 118 39 Holt
1993 2221 37 40 &
2054 2231 81 37 co.,
2163 2220 90 41 inc.

430 2277 249 49 (35-8358)

349 2377 235 67 Jensen,
613 2380 168 52 Dana
809 2379 153 65 Olaf,
994 2384 168 50 1903-

420 2456 241 52 Modern
714 2454 372 69 composition
1138 2456 111 52 and
1301 2454 245 54 rhetoric
1619 2455 92 69 [by]
1766 2455 168 53 Dana
1986 2454 67 55 O.
2109 2455 226 66 Jensen,

353 2532 1980 69 R. Morell Schmitz [and] Henry F. Thoma … Boston, New
353 2610 161 53 York
575 2615 120 61 [etc.]
738 2609 315 69 Houghton
1091 2609 203 54 Mifflin
1333 2628 278 50 company
1673 2613 174 64 [c1935]

424 2683 1059 50 xviii p., 2 l., 3-625, [1] p. illus. 22½cm.
425 2739 224 41 Includes
684 2738 389 49 bibliographies.

425 2796 126 40 Text
577 2805 63 30 on
670 2794 334 49 lining-paper.

354 2847 53 53 ©
430 2853 115 46 May
567 2851 68 47 16,
660 2850 112 42 1935;
826 2852 66 39 2c.
919 2851 117 47 May
1059 2851 55 39 31;
1169 2850 81 40 aff.
1278 2852 116 47 May
1414 2850 59 40 29;
1524 2853 40 38 A
1590 2851 141 41 83401;
1786 2853 261 47 Houghton
2076 2851 165 41 Mifflin
2268 2860 64 31 co.

435 2908 250 50 (35-8363)

353 3009 362 66 Kemmerer,
746 3010 203 53 Edwin
977 3010 241 65 Walter,
1249 3011 170 54 1875-

422 3087 330 52 Kemmerer
789 3106 72 34 on
895 3105 229 49 money;
1165 3106 71 33 an
1274 3089 342 66 elementary
1654 3089 311 52 discussion
2003 3088 61 52 of
2101 3089 94 51 the
357 3088 1954 143 important
615 3164 147 55 facts
788 3166 110 52 and
922 3164 346 68 underlying
1291 3166 306 67 principles
1625 3166 61 52 of
1711 3166 97 53 the
1830 3183 200 50 money
2055 3166 280 67 problems

353 3242 1979 145 now confronting the American people, by Edwin Walter Kemmerer … Philadelphia [etc.] The John C. Winston company
360 3399 190 64 [c1934]

430 3469 95 46 xiv,
555 3466 84 42 197
668 3478 41 37 p.
764 3468 174 48 diagrs.
994 3468 147 41 20½cm.

432 3525 68 38 “A
540 3523 209 40 revision
789 3525 95 39 and
926 3524 347 48 amplification
1313 3525 54 40 of
1404 3526 163 38 eleven
1608 3525 200 40 articles
1847 3526 158 39 which
2042 3525 84 40 the
2162 3526 171 38 author

359 3581 305 39 contributed
703 3582 48 38 to
790 3581 83 40 the
910 3581 119 39 New
1064 3581 131 40 York
1236 3581 100 40 Sun
1374 3580 176 49 during
1588 3582 272 46 December,
1902 3580 125 48 1933,
2068 3582 96 39 and
2201 3580 132 47 early

358 3636 233 48 January,
619 3634 346 43 1934.”—Pref.

361 3688 53 53 ©
448 3694 107 39 Jan.
589 3692 68 47 22,
690 3692 139 47 1934;
865 3693 66 40 2c.
965 3694 121 39 Mar.
1119 3692 53 48 9;
1210 3693 81 40 aff.
1329 3694 120 38 Mar.
1484 3695 51 46 3;
1573 3695 40 38 A
1647 3693 169 47 70570;
1854 3695 37 37 E
1940 3694 70 39 W.
2045 3694 288 42 Kemmerer,

428 3749 270 48 Princeton,
725 3750 55 39 N.
807 3749 43 40 J.
922 3748 248 51 (34-1517)

362 3848 225 65 Kenny,
615 3849 244 54 Charles
881 3850 53 53 J.

433 3924 141 54 This
598 3925 49 54 is
672 3926 248 68 murder,
944 3925 77 69 by
1050 3925 236 56 Charles
1312 3927 56 54 J.
1397 3926 225 68 Kenny.
1696 3926 138 54 New
1864 3925 178 67 York,
2069 3926 89 54 W.
362 3925 1951 129 Morrow
503 4003 48 51 &
575 4020 100 46 co.,
701 4005 151 51 1935.
