2424 4375
1147 4010 100 49 909

196 392 251 64 Redcay,
479 390 251 53 Edward
761 388 376 65 Edgeworth.

271 465 224 70 County
525 465 256 69 training
811 466 215 53 schools
1058 467 112 52 and
1201 463 191 70 public
1423 465 308 68 secondary
1761 463 299 55 education
2091 466 92 52 for

199 546 246 66 Negroes
482 543 59 53 in
576 545 94 49 the
709 543 196 66 South,
941 543 75 66 by
1049 543 253 52 Edward
1338 544 66 50 E.
1442 543 247 66 Redcay,
1811 584 9 9 PH.
1896 584 9 10 D.
199 543 1957 147 Washington,

441 623 70 51 D.
540 621 81 65 C.,
647 622 119 52 The
791 621 155 54 John
971 621 64 52 F.
1066 619 188 56 Slater
1281 618 164 69 fund,
1475 624 148 49 1935.

269 688 1914 53 2 p. l. , vii-xvi p.. 1 l., 168 p. fold, map, facsims., diagr. 23½cm. (The
201 751 127 40 John
355 750 50 40 F.
436 750 158 41 Slater
621 748 122 41 fund
770 748 184 41 studies
982 748 48 39 in
1058 749 158 47 Negro
1243 748 281 48 education)

270 807 372 47 Bibliography:
674 817 42 37 p.
747 806 213 41 117-124.

200 875 52 53 ©
274 880 113 45 May
407 879 69 45 11,
499 876 138 48 1935;
663 878 65 39 2c.
753 879 95 38 and
872 876 80 41 aff.
977 877 126 40 June
1123 878 27 38 4
1169 888 8 35 ;
1202 877 40 39 A
1268 876 142 41 83461
1429 887 9 36 ;
1465 877 52 39 E.
1543 878 52 37 E.
1620 876 207 49 Redcay,
1852 877 333 47 Washington.

275 936 249 47 (35-9353)

220 1034 274 65 [Richard,
525 1035 223 54 Gaston
778 1035 261 66 Charles]
1073 1035 172 55 1875-

329 1110 1247 69 … Apocalypse. Paris, Tallandier [1934]
269 1183 739 52 2 p. l. , [7]-283 p., 1 l. 19cm.
267 1242 230 41 Author’s
525 1243 179 48 pseud.,
734 1242 136 40 J.-W.
902 1240 355 50 Jessé-Ascher,
1286 1243 55 39 at
1365 1241 126 40 head
1519 1242 52 39 of
1600 1240 121 42 title.

269 1299 71 41 On
366 1308 140 32 cover
522 1310 9 29 :
560 1299 200 41 Roman.

199 1364 1992 53 © Nov. 10, 1934 ; 1c. Mar. 4, 1935 ; A-Foreign 27044 ; Société d’éditions
268 1428 49 37 et
348 1427 57 39 de
437 1425 338 48 publications,
808 1424 153 41 Paris.
1030 1424 249 48 (35-9725)

199 1526 162 65 Risk,
389 1528 197 53 Julian
615 1529 160 63 Clay.

276 1604 157 54 Sales
469 1607 62 51 of
569 1607 261 66 personal
865 1610 291 63 property,
1193 1606 184 67 rights
1415 1606 111 51 and
1564 1606 288 67 remedies,
1888 1608 140 52 with
200 1611 1963 124 outline

343 1683 61 53 of
435 1684 187 66 study,
653 1683 181 53 lesson
863 1684 167 67 talks,
1061 1684 111 52 and
1204 1683 158 68 daily
1392 1683 341 53 recitations.
1804 1684 269 68 Chicago,
2103 1686 83 50 La

198 1760 154 56 Salle
381 1761 290 53 extension
698 1761 315 68 university
1049 1796 12 33 [
1067 1769 17 21 c
1090 1765 151 63 1934]

265 1835 57 40 31
349 1845 43 38 p.
448 1834 143 39 22½cm.

270 1892 66 39 At
362 1892 122 39 head
513 1891 53 40 of
590 1890 108 40 title
716 1901 8 29 :
754 1890 255 40 American
1035 1891 95 39 law
1161 1892 95 38 and
1285 1892 274 46 procedure.
1620 1891 204 39 Lecture
1851 1891 67 39 18.

201 1957 52 53 ©
279 1961 117 47 July
422 1961 68 47 14,
519 1959 114 42 1934
650 1971 8 36 ;
690 1961 66 39 2c.
786 1961 116 47 July
926 1960 82 47 25;
1041 1960 81 40 aff.
1152 1961 116 47 July
1297 1960 81 47 26;
1409 1961 40 38 A
1478 1961 169 46 74331;
1680 1961 67 40 La
1780 1961 129 40 Salle
1934 1960 254 42 extension

267 2017 129 40 univ.
461 2016 278 51 [Copyright
768 2017 40 40 is
838 2016 205 41 claimed
1072 2027 59 29 on
1163 2027 105 29 new
1299 2020 177 36 matter
1511 2018 96 38 and
1637 2016 226 50 revision]

199 2120 347 64 Robertson,
575 2120 154 53 John
756 2119 261 66 Charles,
1049 2125 169 49 1864-
1430 2138 179 49 comp.

270 2194 173 55 Latin
476 2216 167 49 songs
676 2216 120 36 new
830 2197 110 53 and
973 2197 111 67 old,
1117 2198 237 52 selected
1387 2216 64 33 or
1483 2197 229 53 written
1742 2196 75 70 by
1849 2199 56 54 J.
1940 2197 61 55 C.
201 2199 1960 139 Robertson,

485 2274 1700 64 M . A . [Toronto] The University of Toronto press. 1934.
272 2348 55 40 64
357 2358 42 38 p.
460 2347 114 41 19cm.

271 2403 219 42 Without
522 2404 165 40 music.

275 2459 1912 43 “Part I consists of Latin versions of traditional favourites … to be
204 2516 1981 50 sung to their proper tunes. Part II contains Latin verses, classical,
203 2573 283 49 mediaeval,
513 2575 94 39 and
633 2575 211 47 modern,
871 2578 81 36 not
981 2572 271 42 associated
1280 2573 120 41 with
1426 2585 93 37 any
1547 2574 270 48 particular
1845 2575 113 45 airs,
1987 2577 94 39 and
2110 2576 77 40 for

205 2631 134 40 these
362 2629 221 41 familiar
606 2632 95 38 and
726 2630 309 49 appropriate
1061 2633 139 38 tunes
1225 2641 82 31 are
1332 2631 704 49 suggested.”—Introductory
2063 2635 124 39 note.

202 2697 1984 52 © Sept. 22, 1934; 1c. Sept. 26; A-Foreign 25730; J. C. Robertson,
268 2758 224 40 Toronto.
566 2756 249 49 (35-9482)

200 2858 220 67 Ruane,
451 2860 218 64 Joseph
699 2860 271 65 William,
1004 2866 169 49 1904-

334 2936 1852 70 … The beginnings of the Society of St. Sulpice in the
202 3012 1922 72 United States (1791-1829) by Joseph William Ruane …
202 3091 396 68 Washington,
629 3094 69 52 D.
732 3094 80 65 C.,
842 3093 118 52 The
992 3092 259 56 Catholic
1281 3092 318 69 university
1629 3094 62 51 of
1720 3093 281 68 America,
2034 3099 149 49 1935.

205 3163 1964 107 x, 266 p., 1 l. illus. (plan) 23cm. (The Catholic university of America. Studies in American church history, vol. XXII)
273 3276 171 41 Thesis
488 3278 107 47 (ph.
663 3278 323 46 d.)—Catholic
1022 3278 270 49 university
1327 3279 51 39 of
1413 3279 236 47 America,
1684 3279 127 41 1935.

273 3333 126 41 Vita.

276 3389 184 48 “Essay
485 3402 61 29 on
573 3392 81 38 the
682 3391 248 40 sources”:
958 3403 42 37 p.
1028 3392 215 41 216-221.

205 3442 52 53 ©
281 3447 126 40 June
429 3448 38 47 5,
492 3447 112 41 1935
623 3459 8 36 ;
659 3448 66 41 2c.
752 3450 95 38 and
872 3449 80 40 aff.
980 3450 128 39 June
1131 3451 26 38 7
1175 3461 8 34 ;
1210 3451 41 38 A
1275 3450 169 46 84150;
1473 3450 220 40 Catholic
1719 3450 127 40 univ.
1875 3451 54 41 of
1952 3451 235 40 America.

283 3503 248 49 (35-9369)

204 3602 302 68 Scoggins,
535 3605 243 55 Charles
804 3607 220 65 Elbert,
1054 3613 171 50 1888-

274 3680 122 52 The
427 3680 174 54 house
632 3681 64 53 of
729 3683 182 68 dawn,
942 3683 76 68 by
1054 3682 62 55 C.
1152 3684 66 53 E.
1257 3681 294 71 Scoggins.
1623 3684 258 69 London,
203 3685 1960 124 Skeffington

333 3759 46 50 &
408 3777 116 48 son,
557 3759 100 52 ltd.
715 3763 151 64 [1935]

276 3828 611 51 2 p. l. , 9-288 p. 19½cm.
207 3880 1979 60 © 1c. June 22, 1935; A ad int. 20322; pubd. Apr. 26; C. E. Scoggins,
273 3941 224 48 Boulder,
524 3943 97 41 Col.
692 3943 246 49 (35-9859)
