2424 4375
1259 4082 133 50 1446

331 457 219 67 Drury,
577 458 261 66 Aubrey,
867 465 170 50 1891-

405 534 341 69 California,
799 553 70 33 an
919 536 263 52 intimate
1233 535 188 69 guide,
1473 536 74 68 by
1598 537 234 68 Aubrey
1884 537 211 68 Drury.
2187 536 136 55 New

332 610 161 53 York
523 612 112 53 and
663 611 255 68 London,
945 612 232 69 Harper
1205 613 46 50 &
1278 612 274 69 brothers,
1583 616 149 49 1935.

403 687 83 40 xvi
511 697 57 37 p.,
597 687 25 39 1
684 717 9 16 l.,
719 685 99 49 589,
848 686 54 49 [1]
931 697 43 38 p.
1030 686 172 48 plates,
1226 686 28 41 6
1278 697 151 38 maps.
1484 687 56 39 22½
1573 690 44 21 cm
1622 719 8 9 .

406 743 161 40 “First
600 742 227 41 edition.”

333 808 53 53 ©
416 814 101 40 Oct.
547 812 71 46 22,
648 812 140 49 1935;
821 813 63 40 2c.
918 814 101 40 Oct.
1051 812 82 49 22;
1165 813 81 41 aff.
1280 815 101 40 Oct.
1411 814 84 47 24;
1527 814 41 39 A
1598 814 169 48 86987;
1802 816 191 48 Harper
2022 816 36 40 &
2086 816 125 41 bros.

413 870 279 48 (35-20088)

332 974 260 65 Duveen,
622 975 202 53 James
852 976 222 63 Henry.

405 1050 218 56 Secrets
652 1052 63 52 of
744 1071 71 34 an
842 1059 91 47 art
960 1052 205 54 dealer.
1247 1052 388 68 [Instalments
1663 1053 119 68 7-8]

414 1126 80 48 (In
522 1122 201 43 London
748 1122 193 52 People,
968 1122 106 45 Oct.
1101 1124 42 50 6,
1171 1124 72 50 13,
1271 1123 143 50 1935)

334 1177 1992 54 © 1c. each Nov. 1, 1935; A ad int. 20746; pubd. Oct. 6, 13; J. H. Duveen,
403 1239 212 40 London.

334 1325 270 66 Ebaugh,
636 1327 280 53 Franklin
950 1325 304 67 Gessford,
1288 1332 171 49 1895-

404 1405 296 55 Graduate
728 1406 339 53 instruction
1095 1408 62 52 in
1186 1407 351 67 psychiatry,
1565 1407 74 67 by
1669 1406 282 54 Franklin
1982 1406 67 55 G.
2082 1407 244 68 Ebaugh

491 1485 138 52 New
686 1484 162 53 York
902 1485 133 66 city,
1090 1485 122 52 The
1266 1483 269 55 National
1593 1484 319 54 committee
1966 1484 95 53 for
2114 1488 212 51 mental

333 1561 261 70 hygiene,
625 1564 128 65 inc.,
784 1562 265 53 Division
1080 1561 65 54 of
1175 1562 348 67 psychiatric
1556 1563 318 68 education,
1908 1566 149 51 1935.

403 1638 26 38 3
457 1647 41 37 p.
563 1666 9 16 l.,
599 1636 59 39 38
683 1645 41 37 p.
781 1635 59 39 25½
870 1638 14 19 cm
918 1666 8 8 .

335 1688 53 53 ©
417 1691 103 42 Oct.
548 1691 70 48 10,
647 1690 141 49 1935;
818 1690 68 42 2c.
916 1690 101 42 Oct.
1047 1690 83 48 18;
1160 1689 83 41 aff.
1273 1688 103 42 Oct.
1405 1691 82 47 15;
1518 1691 45 40 A
1584 1691 171 47 87763;
1787 1691 129 39 Natl.
1948 1691 276 41 committee
2250 1692 80 41 for

408 1749 182 39 mental
613 1747 217 49 hygiene,
854 1747 89 41 inc.
1015 1746 280 50 (35-20126)

339 1838 297 68 [Edgerly,
661 1838 291 67 Webster]
987 1840 325 51 1852-1926.

405 1914 181 53 Brain
619 1918 163 62 tests;
822 1933 31 33 a
887 1932 123 34 new
1045 1917 208 66 system
1288 1918 58 48 to
1384 1912 310 54 determine
1730 1912 98 54 the
1863 1913 160 69 place
2057 1914 65 55 of
2159 1931 165 52 every

332 1990 214 54 human
578 1991 170 69 being
782 1991 60 53 in
872 1992 97 52 the
998 1991 146 53 scale
1177 1989 64 54 of
1274 1989 378 69 civilization;
1689 2010 31 34 a
1753 1992 171 68 study
1957 1992 60 52 in
2052 1990 273 70 practical

333 2070 351 68 psychology
710 2069 184 53 which
921 2067 156 55 takes
1104 2069 188 52 minds
1319 2069 126 52 that
1471 2087 94 34 are
1592 2087 199 51 wrong
1816 2069 113 54 and
1955 2069 191 55 makes
2171 2070 152 53 them

333 2146 176 70 right,
540 2148 74 68 by
646 2147 272 52 Edmund
950 2144 383 71 Shaftesbury
1381 2146 209 68 [pseud.]
1662 2147 279 69 Meriden,
1974 2146 197 71 Conn.,
2206 2147 119 53 The

333 2224 240 54 Ralston
601 2223 228 70 society,
858 2227 150 50 1936.

405 2297 56 40 66
487 2309 57 37 p.,
574 2298 25 38 1
660 2328 8 16 l.,
695 2296 174 42 67-408
894 2307 43 37 p.
998 2296 56 40 25
1057 2299 44 21 cm
1104 2327 8 8 .

337 2352 53 53 ©
415 2356 102 40 Oct.
544 2357 40 46 8,
609 2355 113 41 1935;
776 2355 68 40 2c.
871 2356 94 39 and
992 2355 81 40 aff.
1103 2354 98 40 Oct.
1231 2353 82 48 21;
1341 2355 40 38 A
1408 2353 168 43 86922;
1608 2355 205 39 Ralston
1838 2367 82 36 co.,
1948 2357 226 47 Trenton,
2202 2357 54 39 N.
2283 2358 42 40 J.

410 2413 280 50 [Copyright
717 2413 42 39 is
786 2411 204 41 claimed
1018 2422 60 29 on
1104 2421 107 30 new
1237 2413 194 46 matter]
1504 2410 280 50 (35-20232)

339 2501 377 64 Eusterman,
748 2500 226 64 George
1002 2500 252 64 Bysshe,
1286 2505 171 50 1882-

406 2575 1860 69 The stomach and duodenum, by George B. Eusterman …
337 2652 1988 71 and Donald C. Balfour … and members of the staff, the Mayo
336 2733 168 53 clinic
549 2733 114 51 and
706 2732 96 51 the
845 2733 173 65 Mayo
1065 2730 343 53 foundation
1454 2731 92 52 for
1588 2730 241 54 medical
1871 2733 299 52 education
2214 2734 107 52 and

336 2806 1965 149 research, Graduate school, University of Minnesota … Philadelphia and
747 2886 257 63 London,
1033 2885 90 55 W.
1158 2886 68 52 B.
1262 2884 286 55 Saunders
1581 2904 296 49 company,
1911 2890 149 51 1935.

408 2970 77 39 xv,
514 2959 87 42 958
628 2970 43 38 p.
731 2959 142 48 illus.,
904 2958 179 49 diagrs.
1142 2957 57 42 25
1202 2961 44 21 cm
1250 2989 9 9 .

409 3015 414 49 Bibliographical
857 3015 276 40 foot-notes.

339 3069 53 53 ©
419 3074 126 47 Sept.
569 3073 68 47 13,
662 3070 140 49 1935;
828 3071 65 40 2c.
922 3070 126 49 Sept.
1074 3071 82 46 17;
1183 3070 82 40 aff.
1292 3071 127 47 Sept.
1444 3071 81 46 18;
1552 3071 41 38 A
1617 3071 169 48 87058;
1811 3072 69 40 IV.
1909 3073 53 39 B.
1991 3072 243 41 Saunders
2257 3082 64 30 co.

419 3128 279 49 (35-20124)

341 3218 248 64 Franck,
617 3220 201 62 Harry
845 3217 307 65 Alverson,
1184 3223 169 49 1881-

409 3293 264 68 Trailing
704 3292 197 55 Cortez
930 3292 248 69 through
1209 3291 238 69 Mexico,
1477 3292 74 69 by
1578 3292 198 69 Harry
1804 3292 69 53 A.
1905 3292 253 67 Franck;
2188 3291 129 54 with

340 3372 342 67 sixty-seven
731 3369 427 68 reproductions
1207 3368 150 53 from
1405 3369 391 68 photographs
1842 3369 75 68 by
1964 3369 95 54 the
2107 3369 213 54 author.

341 3447 135 52 New
515 3446 176 69 York,
724 3444 305 56 Frederick
1061 3446 68 51 A.
1168 3444 200 54 Stokes
1403 3463 293 50 company,
1734 3447 148 50 1935.

412 3520 115 47 xvii,
556 3521 85 40 373
670 3531 42 37 p.
769 3521 169 47 plates.
994 3519 56 39 22½
1082 3521 45 22 cm
1132 3551 8 8 .

414 3574 1904 52 “[An attempt] to trace … the route followed by Cortez in his conquest
342 3633 52 40 of
426 3632 335 47 Mexico.”—p.
796 3631 80 41 vii.

416 3689 162 40 “First
609 3687 225 42 edition.”

341 3741 53 52 ©
423 3745 99 40 Oct.
553 3746 68 40 17.
647 3743 116 42 1935;
816 3744 65 39 2c.
913 3744 100 40 Oct.
1041 3743 83 47 24;
1154 3742 82 40 aff.
1266 3743 101 40 Oct.
1396 3743 83 46 22;
1510 3742 40 39 A
1580 3742 168 46 86945;
1781 3742 259 40 Frederick
2069 3743 54 39 A.
2156 3741 161 41 Stokes

410 3811 66 28 co.
547 3799 278 49 (35-20087)

342 3886 272 65 Freehof,
647 3887 267 53 Solomon
945 3887 274 63 Bennett,
1251 3889 169 50 1892-

411 3962 166 68 Race,
605 3964 198 51 nation
834 3981 63 34 or
926 3962 270 68 religion;
1230 3961 157 53 three
1416 3961 284 68 questions
1731 3961 151 53 Jews
1912 3966 150 47 must
2093 3972 224 47 answer,
