2568 4342
1347 4037 67 48 42

378 429 235 64 Hottes,
638 427 211 55 Alfred
878 428 152 63 Carl,
1060 432 170 50 1891-

447 500 1922 71 The book of annuals, by Alfred Carl Hottes … New York,
378 582 69 53 N.
482 582 90 68 Y.,
602 581 70 53 A.
705 582 65 52 T.
803 581 88 53 De
916 581 83 52 La
1031 580 165 52 Mare
1226 596 297 51 company,
1554 577 137 69 inc.;
1728 579 271 69 Toronto,
2033 577 158 71 Can.,
379 578 1969 134 General
522 659 334 69 publishing
882 675 295 51 company,
1205 658 121 67 ltd.,
1356 658 151 52 1935.

447 732 101 48 viii,
574 733 83 39 171
684 742 42 38 p.
754 731 109 41 incl.
890 731 163 48 front.,
1079 731 128 39 illus.
1267 728 179 49 diagrs.
1505 727 57 41 19½
1594 729 44 22 cm
1642 760 10 9 .

448 800 1639 48 “First edition … 1922 … Third edition, revised … 1935.”
383 871 52 52 ©
465 876 108 40 Jan.
601 875 40 47 2,
670 875 140 48 1935;
841 876 67 40 2c.
938 876 107 39 Jan.
1073 875 53 47 2;
1158 872 82 42 aff.
1269 874 109 40 Jan.
1407 875 54 46 4;
1492 874 42 38 A
1561 873 170 47 78856;
1762 874 53 39 A.
1846 875 51 38 T.
1929 875 74 39 De
2028 874 69 39 La
2128 875 139 39 Mare
2290 883 82 39 co.,

449 931 89 42 inc.
609 932 250 49 (35-1116)

379 1035 234 66 Huddy,
643 1035 322 65 Xenophon
994 1036 234 54 Pearce.

381 1112 1967 147 … 1935 cumulative 1931-1935 supplement to Huddy Encyclopedia of automobile law. v. 1-18, General index …
380 1268 249 69 Albany,
676 1272 68 52 N.
793 1272 90 64 Y.,
929 1269 277 53 Matthew
1253 1269 226 53 Bender
1524 1272 45 50 &
1613 1287 297 49 company,
1954 1269 420 68 incorporated,

382 1351 149 52 1935.

452 1420 56 40 19
532 1432 43 29 v.
603 1421 49 40 in
680 1420 67 41 10.
803 1421 55 40 23½
892 1423 44 21 cm
941 1451 7 8 .

453 1493 252 39 “Volumes
730 1491 156 49 19-20,
914 1493 80 39 the
1016 1492 98 39 last
1139 1491 50 40 of
1216 1492 81 39 the
1322 1492 76 39 set
1418 1501 173 38 proper
1619 1492 48 39 to
1695 1500 193 39 appear,
1911 1490 43 41 is
1981 1501 52 30 so
2060 1493 233 45 complete
2320 1502 54 30 as

383 1551 51 38 to
460 1549 190 47 require
678 1560 64 29 no
768 1550 301 47 supplement
1099 1547 98 41 this
1226 1547 159 49 year.”
1445 1548 60 48 cf.
1536 1548 131 40 Title
1692 1557 125 38 page
1842 1548 53 40 of
1926 1546 113 42 1935
2072 1548 305 47 supplement

382 1609 47 38 to
456 1606 180 47 Huddy
664 1606 352 47 Encyclopedia
1044 1606 54 39 of
1123 1605 297 40 automobile
1441 1606 108 39 law.
1607 1616 41 29 v.
1678 1604 156 40 19-20.

451 1664 157 39 These
636 1663 276 48 pamphlets
938 1673 85 29 are
1051 1664 49 39 to
1130 1663 55 39 be
1216 1661 139 42 fitted
1386 1661 107 41 into
1521 1662 85 39 the
1634 1661 196 48 pockets
1862 1663 53 38 at
1945 1662 81 39 the
2058 1662 122 40 back
2210 1661 54 40 of
2292 1662 83 41 the

384 1721 212 40 volumes
622 1720 53 40 of
701 1720 80 40 the
807 1723 75 38 set
907 1722 48 38 to
983 1720 160 39 which
1168 1720 113 47 they
1307 1720 183 47 belong.

385 1786 52 53 ©
462 1792 107 39 Jan.
595 1793 40 46 3,
659 1790 139 48 1935;
826 1792 65 40 2c.
915 1792 117 39 each
1057 1792 109 39 Jan.
1192 1791 52 47 5;
1273 1791 80 39 aff.
1380 1791 109 39 Jan.
1517 1792 51 45 7;
1597 1791 42 38 A
1662 1788 169 49 78922;
1861 1791 235 39 Matthew
2124 1791 189 38 Bender
2338 1789 37 40 &

452 1859 81 37 co.,
562 1848 88 41 inc.

381 1948 318 68 Hunziker,
727 1951 144 54 Otto
896 1949 333 66 Frederick,
1260 1951 171 55 1873-

452 2024 331 56 Condensed
825 2026 144 53 milk
1011 2027 113 52 and
1165 2026 145 53 milk
1351 2027 259 68 powder;
1659 2027 281 67 prepared
1987 2024 96 54 for
2127 2024 243 70 factory,

381 2103 189 52 school
606 2104 112 52 and
754 2103 344 69 laboratory.
1172 2104 97 53 5th
1305 2105 102 67 ed.,
1443 2103 291 53 rewritten
1771 2104 113 53 and
1922 2104 108 54 enl.
2103 2103 92 69 By
2231 2101 139 57 Otto

382 2179 1918 70 Frederick Hunziker … La Grange, Ill., The author, 1935.
453 2252 967 53 9 p. l., 696 p. illus., diagrs. 23½ cm .
453 2322 373 42 “References”:
855 2334 45 38 p.
931 2323 216 42 639-649.

452 2379 312 49 Advertising
789 2382 205 39 matter:
1023 2390 43 38 p.
1094 2380 215 41 663-696.

386 2447 56 52 ©
470 2452 99 41 Oct.
600 2452 69 48 15,
699 2451 114 42 1934;
871 2453 66 40 2c.
967 2454 112 39 Dec.
1111 2453 52 46 6;
1195 2453 81 40 aff.
1308 2454 112 40 Dec.
1449 2454 83 46 31;
1566 2454 42 39 A
1636 2452 170 49 78911;
1841 2453 50 41 O.
1925 2454 49 38 F.
2007 2453 265 48 Hunziker,
2304 2454 68 39 La

454 2508 203 49 Grange,
690 2510 73 38 Ill.
835 2508 249 49 (35-1117)

381 2610 264 66 Jonesco,
670 2612 216 56 Barbu.

453 2687 185 53 When
671 2690 170 54 Carol
874 2689 181 53 found
1087 2691 89 52 his
1208 2688 123 55 first
1362 2691 142 66 love,
1534 2691 76 66 by
1642 2692 194 52 Barbu
1868 2692 258 65 Jonesco,
2158 2710 59 34 as
2248 2691 120 52 told

381 2770 58 48 to
466 2766 256 53 Maurice
746 2767 198 54 Lewis.

462 2852 84 49 (In
572 2848 199 43 London
799 2850 193 51 People,
1023 2850 114 43 Dec.
1169 2851 70 50 16,
1272 2852 142 49 1934)

387 2917 1985 56 © 1c. Feb. 11, 1935; A ad int. 19945; pubd. Dec. 16; Maurice Lewis,
454 2978 154 48 Kings
634 2979 226 48 Langley,
886 2980 162 48 Herts,
1076 2982 232 46 England.

384 3082 208 63 Laver,
620 3081 219 65 James,
870 3086 170 51 1899-

517 3156 1852 72 … Background for Venus. New York, A. A. Knopf, 1935.
454 3228 706 52 3 p. l., 3-302, [2] p. 19½ cm .
457 3287 163 40 “First
644 3286 257 41 American
928 3287 226 43 edition.”

389 3353 52 53 ©
468 3358 107 39 Jan.
604 3358 39 47 7,
670 3357 140 47 1935;
839 3357 67 40 2c.
933 3360 93 38 and
1054 3358 80 40 aff.
1163 3360 107 39 Jan.
1301 3361 52 46 8;
1383 3361 39 39 A
1448 3360 147 41 79099;
1647 3362 42 39 J.
1720 3362 168 45 Laver,
1918 3362 209 38 London.

466 3413 248 50 (35-1173)

385 3515 226 65 Leffler,
638 3517 131 63 Ray
793 3515 222 57 Victor.

386 3590 1961 146 Money and credit, by Ray V. Leffler … New York and London, Harper & brothers, 1935.
453 3739 52 40 xi
530 3749 58 38 p.,
616 3741 24 38 1
689 3769 23 17 l.,
739 3738 85 41 513
850 3749 44 37 p.
954 3739 177 49 diagrs.
1189 3740 57 40 22
1249 3743 45 22 cm
1297 3772 9 10 .

459 3794 162 42 “First
649 3795 225 42 edition.”

460 3850 347 42 “References”
833 3853 52 39 at
908 3853 94 39 end
1028 3853 53 40 of
1105 3854 119 39 each
1249 3854 199 47 chapter
1473 3857 169 45 except
1670 3857 200 46 chapter
2009 3888 9 9 XXII.

392 3919 50 52 ©
473 3923 108 40 Jan.
610 3922 40 48 2,
678 3922 140 48 1935;
847 3924 65 40 2c.
944 3924 106 39 Jan.
1078 3924 53 47 3;
1163 3923 80 41 aff.
1274 3925 108 40 Jan.
1411 3927 54 46 4;
1497 3927 42 38 A
1567 3926 169 49 79020;
1769 3929 194 47 Harper
1990 3928 39 40 &
2057 3929 124 38 bros.

468 3979 249 49 (35-1101)
