2424 4375
1011 4069 134 54 1447

90 544 74 66 by
193 546 102 51 Dr.
327 544 267 53 Solomon
627 545 67 49 B.
727 541 265 52 Freehof.
1062 541 269 68 Chicago,
1362 541 120 51 The
1513 540 195 67 Argus
1743 539 143 52 book
1918 540 161 64 shop,

89 621 124 67 inc.,
242 624 149 49 1935.

157 709 71 48 40,
261 708 54 51 [2]
346 720 44 37 p.
447 708 56 39 22
507 711 14 20 cm
555 740 8 9 .

88 775 52 53 ©
173 779 115 48 July
321 779 69 48 26,
424 777 140 48 1935;
600 778 67 41 2c.
701 780 95 39 and
832 778 80 40 aff.
946 778 121 48 Aug.
1101 778 53 41 2:
1191 778 41 39 A
1264 777 169 47 85288;
1470 778 158 47 Argus
1664 777 123 39 book
1820 777 132 46 shop,
1985 776 88 40 inc.

168 836 277 47 (35-20705)

90 936 198 63 Gibbs,
323 937 243 54 Charles
596 936 235 66 Shelby,
862 941 169 49 1888-

157 1010 1915 72 A guide to sexing chicks, by Charles S. Gibbs … New
87 1089 178 70 York,
301 1089 229 70 Orange
562 1090 161 54 Judd
757 1090 335 68 publishing
1124 1107 298 51 company,
1456 1089 128 68 inc.,
1618 1090 150 51 1935.

155 1174 55 43 63
239 1186 41 38 p.
340 1175 128 41 illus.
528 1174 143 42 19½cm.

90 1244 52 53 ©
172 1249 126 46 Sept.
328 1247 68 47 20,
428 1247 139 47 1935;
600 1247 67 40 2c.
697 1247 101 40 Oct.
829 1247 81 41 21;
944 1246 81 41 aff.
1060 1247 102 40 Oct.
1194 1246 81 46 19;
1309 1247 42 38 A
1380 1246 169 47 87790;
1585 1246 195 48 Orange
1808 1246 131 40 Judd
1969 1247 109 47 pub.

160 1315 81 36 co.,
270 1304 89 40 inc.
429 1303 279 49 (35-20663)

91 1408 267 63 Gleason,
388 1409 206 62 Henry
621 1407 192 63 Allan,
845 1410 169 51 1882-

158 1480 1855 72 Plants of the vicinity of New York, by H. A. Gleason …
86 1560 136 52 New
258 1560 178 68 York,
470 1560 70 53 N.
578 1560 91 68 Y.,
703 1561 123 52 The
857 1560 138 53 New
1033 1559 163 53 York
1229 1560 287 53 botanical
1549 1559 216 70 garden
1808 1591 14 35 [
1825 1565 18 22 c
1848 1562 152 64 1935]

157 1631 914 49 1 p. l. , lxxxvi, 198 p. illus. 19 cm .
89 1699 52 53 ©
171 1705 112 47 May
312 1705 39 46 1,
379 1704 117 40 1935;
551 1703 68 40 2c.
651 1703 100 41 Oct.
781 1704 59 39 18;
895 1702 81 41 aff.
1009 1703 102 40 Oct.
1142 1703 54 39 16;
1257 1704 41 38 A
1326 1703 143 41 87757;
1527 1703 116 39 New
1673 1703 131 39 York
1834 1703 244 40 botanical

156 1762 193 46 garden.
421 1759 253 50 (35-20243
685 1761 14 48 )

91 1863 307 65 Goodrich,
430 1865 227 63 Carter,
688 1864 172 55 1897-

155 1938 316 70 Migration
502 1939 112 53 and
644 1940 198 67 planes
871 1938 64 54 of
962 1938 202 70 living,
1194 1941 327 65 1920-1934,
1549 1938 76 70 by
1656 1937 203 56 Carter
90 1937 1961 147 Goodrich,
265 2017 265 52 Bushrod

566 2017 90 54 W.
696 2017 163 52 Allin
896 2017 113 52 and
1049 2016 229 53 Marion
1318 2016 213 69 Hayes,
1571 2016 323 54 illustrated
1935 2016 140 53 with

88 2110 159 51 maps
268 2093 75 69 by
368 2094 59 54 C.
454 2094 242 53 Warren
722 2094 432 53 Thornthwaite
1180 2095 113 52 and
1316 2094 186 53 Helen
1529 2094 50 56 I.
1608 2093 209 56 Slentz.
88 2094 1962 145 Philadelphia,
371 2171 337 69 University

743 2171 64 53 of
843 2170 424 69 Pennsylvania
1304 2189 183 50 press;
1528 2171 259 69 London,
1823 2172 79 54 H.
91 2171 1960 145 Milford,
265 2248 230 56 Oxford
521 2249 317 68 university
864 2267 172 51 press,
1066 2252 150 49 1935.

161 2321 98 46 viii,
288 2322 82 39 111
398 2331 43 38 p.
502 2331 136 38 maps
666 2322 48 48 (1
740 2322 141 48 fold.)
917 2322 178 47 diagrs.
1150 2320 56 40 25½
1239 2323 43 22 cm.
1362 2322 296 49 (Half-title:
1689 2321 212 41 Bulletin
1934 2333 73 31 no.
2037 2321 39 41 2.

93 2374 153 50 Study
295 2378 52 40 of
393 2377 283 48 population
728 2378 382 48 redistribution,
1163 2378 268 40 Industrial
1483 2380 222 38 research
1759 2380 318 46 department,

92 2432 235 42 Wharton
359 2435 158 39 school
553 2435 52 39 of
634 2434 185 42 finance
851 2436 94 39 and
979 2445 274 37 commerce,
1287 2434 282 49 University
1601 2435 53 40 of
1687 2435 383 49 Pennsylvania)

91 2501 52 53 ©
168 2506 115 47 July
307 2505 69 48 26,
402 2505 140 48 1935;
570 2507 67 39 2c.
664 2507 95 39 and
784 2506 80 40 aff.
890 2507 119 48 Aug.
1037 2507 52 42 2;
1118 2508 40 38 A
1185 2505 170 48 85292;
1385 2507 49 40 C.
1463 2506 253 50 Goodrich,
1745 2507 333 49 Washington.

170 2562 277 48 (35-20235)

93 2664 221 65 Griffin,
344 2665 244 55 Charles
617 2667 261 64 Francis,
910 2672 169 50 1869-
1290 2667 85 54 ed.

159 2740 182 53 Index
365 2746 58 48 to
450 2741 120 52 The
597 2740 197 54 annals
820 2741 62 53 of
909 2741 117 54 San
1053 2740 301 55 Francisco
1381 2742 75 68 by
1483 2741 197 52 Frank
1708 2741 186 69 Soule,
1923 2742 155 54 John

92 2817 75 54 H.
205 2817 190 54 Gihon
431 2818 111 52 and
578 2818 192 54 James
807 2818 213 69 Nisbet,
1056 2818 300 68 published
1397 2822 131 48 1855
1566 2820 74 67 by
1678 2820 71 51 D.
1788 2819 291 69 Appleton

91 2896 43 49 &
188 2912 292 51 company,
534 2895 135 54 New
727 2895 186 67 York;
971 2895 279 68 compiled
1304 2896 178 53 under
1534 2897 96 54 the
1686 2897 275 53 direction
2019 2897 61 52 of

93 2971 1956 147 Charles Francis Griffin … San Francisco, California historical society, 1935.
97 3121 1962 106 2 p. l. , 22 p. 23½ cm . ([California historical society] Special publication. no. 10)
167 3236 110 40 “Dr.
318 3236 210 41 Griffin’s
564 3237 135 39 work
736 3237 89 40 has
863 3237 118 39 been
1021 3237 207 40 checked
1267 3236 196 48 against
1501 3238 83 40 the
1624 3237 127 41 Gaer
1791 3238 153 39 Index
1983 3239 95 39 and

57 3281 7 66 j
95 3292 242 41 additions
363 3294 124 41 have
513 3293 117 40 been
657 3294 139 39 made
825 3295 48 38 to
900 3293 82 40 the
1010 3292 587 49 original.”—Foreword.

95 3356 51 53 ©
173 3362 100 41 Oct.
303 3363 40 46 1,
373 3363 113 40 1935;
545 3363 65 39 2c.
642 3363 101 40 Oct.
774 3363 82 47 16;
889 3362 82 41 aff.
1002 3363 102 40 Oct.
1135 3363 80 47 15;
1248 3364 43 39 A
1319 3362 168 48 86829;
1522 3362 272 42 California
1824 3364 254 40 historical

162 3429 91 30 soc.
323 3418 278 49 (35-20090)

97 3519 299 68 Haggard,
424 3521 254 55 William
707 3522 208 64 David,
948 3523 170 55 1872-

163 3596 267 70 Surgery,
462 3615 175 50 queen
671 3598 64 54 of
767 3598 95 54 the
896 3606 115 47 arts
1048 3600 111 52 and
1194 3598 160 52 other
1388 3615 205 50 papers
1627 3597 112 52 and
1775 3596 304 70 addresses,

97 3671 1982 149 by William D. Haggard … Foreword by William J. Mayo … Philadelphia and
801 3752 256 67 London,
1081 3751 86 54 W.
1200 3752 66 51 B.
1295 3751 284 54 Saunders
1606 3769 293 51 company,
1928 3754 149 51 1935.

163 3820 802 50 x, 389 p. illus., col. pl. 24 cm .
166 3877 221 41 Includes
413 3878 389 48 bibliographies.

100 3945 51 53 ©
180 3950 100 41 Oct.
307 3951 69 47 11,
406 3950 113 41 1935;
577 3951 66 41 2c.
675 3953 96 39 and
801 3951 80 40 aff.
912 3951 101 41 Oct.
1044 3952 58 40 18;
1158 3952 40 38 A
1229 3951 146 41 87758;
1432 3953 69 39 W.
1534 3953 55 39 B.
1623 3952 248 41 Saunders
1898 3961 68 31 co.

176 4007 276 48 (35-20249)
