2424 4375
1053 4028 99 49 859

109 411 303 63 Forsythe,
440 411 238 55 Robert.

170 486 223 52 Redder
431 486 140 52 than
613 486 95 52 the
746 504 140 48 rose,
924 485 74 67 by
1040 485 215 53 Robert
1295 486 308 66 Forsythe;
1651 485 139 53 with

103 484 1954 131 illustrations
273 561 71 68 by
378 560 280 69 Gropper,
691 560 343 69 Sanderson,
1063 560 266 56 Crockett
1364 562 275 67 Johnson,
1674 561 257 69 Mackey,
1965 562 118 52 Rea

103 640 106 52 and
233 639 221 52 Hilton.
517 639 136 52 New
682 639 178 67 York,
887 638 213 68 Covici,
1125 638 204 54 Friede
1541 671 14 34 [c1935]

171 712 1015 50 4 p. l., 241 p. incl. front., illus. 19½cm.
174 784 284 40 Illustrated
487 784 360 49 lining-papers.

176 840 225 41 Satirical
428 851 181 37 essays.

109 906 50 53 ©
185 912 123 38 June
334 910 68 47 25,
431 910 139 46 1935;
601 911 65 40 2c.
696 912 96 38 and
819 910 79 41 aff.
928 912 128 39 June
1079 911 82 46 27;
1194 912 40 38 A
1260 911 171 48 83820;
1461 910 176 48 Covici,
1668 910 186 50 Friede,
1884 911 89 42 inc.

184 966 246 49 (35-9144)

109 1071 270 63 Furman,
409 1071 305 53 Abraham
742 1072 65 54 L.

181 1147 339 68 Drugstore;
561 1149 98 52 the
694 1165 136 51 saga
868 1148 65 54 of
968 1166 72 35 an
1076 1148 309 54 American
1421 1146 346 70 institution,
1800 1148 76 68 by
1915 1148 71 54 A.
2024 1148 65 53 L.

117 1226 246 51 Furman
389 1226 112 52 and
527 1225 225 54 Harold
779 1226 245 67 Hadley.
1099 1226 139 53 New
1264 1225 179 68 York,
1467 1227 122 52 The
1615 1226 303 67 Macaulay
116 1244 1949 127 company
295 1336 13 33 [
313 1309 18 22 c
336 1306 151 64 1935]

170 1390 83 40 318
283 1399 43 38 p.
385 1388 55 41 19½
472 1390 44 22 cm
521 1418 9 9 .

109 1455 50 53 ©
194 1460 114 47 July
342 1459 40 49 2,
419 1458 112 41 1935;
594 1460 65 39 2c.
697 1460 95 39 and
827 1459 81 40 aff.
945 1460 118 47 July
1096 1460 52 45 5;
1187 1460 40 38 A
1264 1458 169 48 83910;
1473 1460 52 38 A.
1565 1460 51 38 L.
1654 1459 227 47 Furman,
1920 1460 172 39 Mount

173 1516 200 46 Vernon,
403 1517 55 38 N.
489 1517 54 38 Y.
613 1515 250 49 (35-9119)

113 1617 248 64 Georgia
391 1620 111 50 and
537 1621 182 54 South
750 1625 219 47 eastern
1001 1619 202 68 digest,
1235 1620 267 66 covering
1533 1621 77 51 all
1643 1638 148 34 cases
1825 1619 264 67 reported

177 1697 60 51 in
272 1696 245 68 Georgia
554 1702 237 62 reports,
830 1697 181 56 South
1047 1702 220 47 eastern
1301 1702 257 62 reporter
1594 1697 111 52 and
1742 1695 229 54 various
178 1715 1887 126 reports

370 1773 61 52 of
465 1775 166 51 south
668 1780 217 47 eastern
918 1778 173 49 states
1128 1774 151 52 from
1314 1775 227 53 earliest
1575 1775 181 66 times,
1791 1776 140 51 with
173 1793 1892 110 current
328 1851 342 53 cumulative

700 1851 200 69 pocket
932 1853 209 52 service
1172 1852 246 68 keeping
1446 1853 95 52 the
1573 1853 187 68 digest
1790 1855 208 66 always
2032 1860 57 46 to

178 1928 1911 71 date … By the publisher’s editorial staff, volume 29, 30.
179 2009 79 55 St.
289 2009 163 66 Paul,
480 2010 163 52 West
665 2009 334 67 publishing
1026 2027 77 35 co.
1139 2043 13 33 [
1158 2016 17 21 c
1180 2012 131 49 1935
1318 2042 13 33 ]

0 0 0 0 2 v. 26cm.
177 2137 69 41 On
274 2148 138 30 cover:
468 2137 116 41 1805
608 2140 52 38 to
680 2139 127 39 date.

176 2196 130 46 ‘‘Key
333 2195 200 39 number
563 2194 223 48 system.”

452 2250 1476 50 CONTENTS. —v. 2.9. Receivers-Sales.—v. 30. Salvage-Stipulations,
112 2317 1978 53 v. 29, © June 14; 1c. July 13; 1c. and aff. July 15; v. 30, © June 17;
176 2377 64 41 2c.
266 2379 114 47 July
401 2378 54 40 13;
509 2378 82 40 aff.
614 2379 116 47 July
749 2378 55 40 15;
856 2378 39 38 A
917 2378 156 47 84646,
1098 2378 141 39 84647;
1292 2378 136 40 West
1450 2379 106 46 pub.
1581 2389 65 29 co.

112 2477 241 66 Gilman,
381 2483 200 53 James
611 2481 299 65 Franklin,
943 2487 322 50 1850-1929.

181 2559 405 54 Recollections
617 2558 65 54 of
711 2559 170 68 Mary
912 2559 191 54 Baker
1134 2559 189 68 Eddy,
1356 2559 318 54 discoverer
1706 2561 112 52 and
1850 2559 245 54 founder

116 2636 61 52 of
201 2636 291 55 Christian
514 2637 229 68 science,
764 2655 63 35 as
847 2639 299 66 preserved
1171 2638 62 52 in
1255 2637 96 54 the
1372 2637 167 68 diary
1562 2638 228 53 records
1814 2637 64 55 of
1902 2639 194 54 James

117 2714 61 52 F.
210 2714 232 54 Gilman
474 2713 230 54 written
734 2715 212 67 during
975 2716 99 51 the
1101 2714 240 68 making
1368 2714 65 53 of
1461 2715 99 52 the
1591 2715 378 53 illustrations
2002 2715 95 52 for

115 2791 133 54 Mrs.
284 2792 218 68 Eddy’s
534 2810 182 50 poem,
752 2790 197 56 Christ
982 2793 112 52 and
1132 2790 336 69 Christmas,
1501 2791 62 54 in
1600 2795 148 51 1893.
1822 2792 162 55 With
2024 2811 71 34 an

117 2867 1980 71 introductory critique by Gilbert C. Carpenter … and Gilbert
120 2945 1391 70 C. Carpenter, jr. … [Rumford, R. I., c 1935]
183 3021 83 40 122
294 3032 42 37 p.
396 3021 144 39 24½cm.

183 3077 98 40 Ten
308 3076 156 49 copies
488 3076 207 49 printed.

113 3141 49 52 ©
184 3147 113 47 July
316 3145 233 48 14, 1934;
573 3145 65 40 2c.
661 3146 96 39 and
781 3144 82 41 aff.
884 3147 108 38 Jan.
1016 3145 69 46 29,
1110 3144 139 48 1935;
1272 3146 40 38 A
1336 3145 141 40 80607;
1532 3145 189 40 Gilbert
1741 3146 48 40 C.
1813 3146 280 49 Carpenter,

182 3202 73 48 jr.,
284 3203 252 47 Rumford,
570 3203 52 38 R.
655 3204 38 38 I.
762 3200 249 50 (35-9068)

119 3301 153 65 Glen,
302 3303 336 54 Alexander
659 3303 274 57 Richard.

184 3379 207 70 Young
434 3400 126 35 men
605 3380 60 53 in
710 3382 95 52 the
847 3380 223 68 Arctic;
1119 3382 95 51 the
1261 3381 229 55 Oxford
1535 3382 316 67 university
1900 3379 191 56 Arctic

118 3457 318 66 expedition
485 3465 57 46 to
596 3459 384 68 Spitsbergen,
1033 3463 150 62 1933,
1231 3460 75 67 by
1358 3460 70 51 A.
1480 3460 67 51 R.
1600 3458 161 55 Glen.
1836 3460 256 65 London,

121 3533 178 55 Faber
327 3538 110 51 and
470 3537 201 66 Faber,
702 3536 219 54 limited
980 3541 149 63 [1935]

186 3607 1906 50 2 p. l., 7-329 p. illus. (plan) plates, ports., fold. map, dingr. 22½cm.
186 3664 99 41 The
316 3664 287 49 appendices
642 3665 67 49 (p.
741 3666 226 48 261-321)
1008 3676 83 30 are
1121 3666 60 47 by
1214 3665 196 40 various
1441 3665 234 43 members
1708 3664 51 40 of
1790 3664 83 40 the
124 3665 1952 94 expedition
253 3723 95 39 and

380 3722 128 39 form
540 3733 27 30 a
604 3722 314 48 preliminary
950 3724 261 38 statement
1246 3722 51 40 of
1330 3722 82 39 the
1446 3720 232 41 scientific
1714 3721 132 39 work
1881 3722 121 39 done
2035 3722 60 47 by

123 3774 77 40 the
248 3777 288 48 expedition.
595 3779 133 46 They
783 3790 83 29 are
916 3779 247 47 reprinted
1217 3779 126 39 from
1398 3778 80 40 the
1532 3778 300 48 Geographic
1884 3778 207 47 journal,

121 3832 85 41 vol.
234 3841 192 42 LXXXIV,
457 3835 202 48 August,
687 3833 127 42 1934.
874 3835 61 48 cf.
965 3846 43 37 p.
1038 3835 99 40 261.

122 3898 1971 56 © 1c. May 18, 1935; A ad int. 20232; pubd. Apr. 4; A. R. Glen, Oxford,
187 3961 230 48 England.
486 3962 223 49 (35-9123)
