2424 4375
1000 4019 99 49 685

73 401 230 64 Ervine,
331 402 86 54 St.
443 401 154 54 John
627 401 198 65 Greer,
856 406 169 50 1883-

137 477 169 55 God’s
339 478 237 53 soldier:
611 476 243 56 General
885 478 261 55 William
1178 479 206 65 Booth,
1417 478 76 66 by
1528 478 85 55 St.
1647 478 157 54 John
1837 478 215 52 Ervine

129 554 1459 67 … New York, The Macmillan company, 1935.
134 627 26 39 2
222 658 9 9 v.
290 626 187 48 fronts.,
506 638 77 37 pl.,
613 629 149 46 ports.
821 626 116 43 24cm.

136 684 157 49 Taged
331 684 353 47 continuously.

136 739 184 41 “Books
347 739 204 48 quoted”:
610 739 91 42 vol.
773 771 8 17 II,
808 752 44 37 p.
881 740 273 41 1141-1144.

69 808 51 53 ©
150 813 112 46 May
292 811 69 48 21,
397 810 112 40 1935;
571 810 66 40 2c.
672 811 116 39 each
822 811 111 46 May
966 809 82 47 22;
1083 810 40 39 A
1158 809 170 48 83257;
1368 811 65 40 St.
1469 810 127 40 John
1629 810 191 47 Ervine,
1862 811 191 45 Seaton,

133 868 311 48 Devonshire,
476 868 235 47 England.
780 866 249 49 (35-7502)

72 971 221 64 Feiner,
320 972 182 53 Ruth.

140 1049 106 54 Cat
284 1066 183 35 across
505 1049 94 52 the
639 1049 158 67 path,
834 1048 73 69 by
946 1050 158 52 Ruth
1143 1048 232 59 Feiner;
1416 1049 311 53 translated
1770 1049 147 53 from
1958 1050 94 51 the

70 1126 242 53 German
344 1127 74 67 by
450 1127 251 52 Norman
735 1127 342 54 Alexander.
1151 1126 424 68 Philadelphia,
1606 1128 256 57 London,
1895 1128 56 54 J.
1985 1129 64 52 B.

73 1204 325 67 Lippincott
431 1222 279 51 company
766 1209 173 64 [c1935]

137 1279 85 40 380
249 1289 42 37 p.
351 1278 116 41 21cm.

69 1346 49 53 ©
145 1351 75 38 May
283 1349 69 47 20,
382 1349 113 40 1935;
551 1348 67 41 2c.
646 1351 97 38 and
773 1348 80 41 aff.
882 1350 117 46 May
1022 1348 83 47 28;
1137 1349 41 38 A
1208 1348 169 47 83355;
1409 1349 44 40 J.
1484 1350 53 39 B.
1567 1348 277 49 Lippincott
1873 1358 66 30 co.

142 1405 247 50 (35-7521)

70 1510 131 63 Fry,
230 1509 154 53 John
413 1508 335 65 Hemming,
780 1514 170 50 1860-

133 1587 119 52 The
276 1589 182 50 revolt
481 1587 225 66 against
728 1587 207 67 beauty;
990 1586 95 53 the
1109 1605 192 34 source
1326 1589 113 52 and
1463 1588 217 65 genesis
1705 1585 64 54 of

69 1587 1983 145 modernistic art, by John Hemming Fry … decorations by Frederick
69 1742 1980 66 Richardson … New York, London, G. P. Putnam’s sons, 1934.
133 1815 62 47 xi,
221 1815 87 39 212
328 1826 42 37 p.
397 1815 108 40 incl.
530 1816 163 47 front.,
720 1815 128 41 illus.
902 1814 116 42 22cm.

68 1881 50 54 ©
144 1887 114 39 Nov.
284 1886 69 47 12,
378 1885 113 41 1934;
546 1886 68 41 2c.
640 1887 98 39 and
762 1886 81 40 aff.
870 1887 117 39 Nov.
1013 1886 55 41 17;
1123 1886 41 39 A
1189 1885 142 42 77255;
1390 1886 43 40 J.
1460 1886 58 39 H.
1548 1885 110 48 Fry,
1686 1886 117 39 New
1828 1886 142 38 York.

144 1943 277 48 (35-27032)

68 2045 257 64 Garside,
354 2046 211 52 Alston
594 2046 136 65 Hill,
762 2051 170 49 1886-

137 2123 207 53 Cotton
374 2141 132 48 goes
535 2130 58 48 to
620 2124 248 65 market;
904 2143 31 33 a
965 2124 239 66 graphic
1237 2121 347 69 description
1616 2122 63 54 of
1711 2143 30 34 a
1772 2128 164 62 great
70 2125 1956 143 industry,

67 2201 1961 131 by Alston Hill Garside … with forty-nine reproductions from
430 2281 393 66 photographs
859 2280 110 53 and
1002 2286 294 47 seventeen
1331 2279 239 68 graphic
1604 2280 189 52 charts
1830 2280 111 52 and
1978 2297 72 35 an

68 2355 178 55 index.
308 2359 139 51 New
472 2358 178 66 York,
676 2359 307 52 Frederick
1007 2359 70 52 A.
1107 2358 199 55 Stokes
1333 2376 296 49 company,
1655 2360 149 50 1935.

203 2462 8 15 xx,
238 2431 83 38 411
349 2441 42 37 p.
447 2430 163 48 front.,
640 2431 170 47 plates,
839 2431 176 48 diagrs.
1072 2429 146 41 24½cm.

69 2495 49 53 ©
145 2502 111 46 May
285 2501 40 47 6,
353 2500 113 41 1935;
524 2501 66 40 2c.
620 2502 95 39 and
743 2501 81 40 aff.
858 2503 111 46 May
997 2502 29 39 8;
1082 2502 41 38 A
1152 2500 141 41 83002;
1352 2501 53 39 A.
1436 2501 59 39 H.
1528 2499 218 49 Garside,
1782 2498 267 48 Scarsdale,

132 2557 54 40 N.
220 2558 52 40 Y.
342 2558 279 48 (35-27207)

69 2658 203 63 Gauss,
303 2661 248 54 Chester
580 2661 72 54 A.

134 2734 154 55 Sales
322 2737 112 52 and
467 2736 369 68 advertising,
869 2757 30 33 a
933 2736 274 68 practical
1237 2738 229 52 treatise
1497 2737 266 66 covering
1794 2735 95 53 the
68 2753 1957 127 psychology

341 2813 63 54 of
444 2813 206 68 selling
693 2815 111 52 and
846 2814 369 67 advertising,
1257 2814 248 66 analysis
1546 2814 62 52 of
1648 2815 161 63 sales,
68 2813 1955 143 advertising
280 2891 111 52 and
432 2891 74 53 its

548 2892 242 52 relation
831 2896 58 48 to
931 2891 221 67 selling,
1197 2891 424 67 copyrighting,
1663 2891 386 67 typography,

67 2966 305 53 mechanics
430 2968 63 53 of
547 2967 369 68 advertising,
972 2968 353 66 advertising
1380 2968 358 66 department
1794 2974 253 59 systems,

68 3044 105 51 and
201 3045 92 52 the
319 3046 216 52 control
561 3045 63 52 of
650 3044 352 69 advertising
1029 3046 112 52 and
1166 3046 142 52 sales
1335 3063 254 49 expense,
1615 3045 75 67 by
1716 3043 233 56 Chester
1977 3045 71 52 A.

68 3117 1978 72 Gauss … and Lucius I. Wightman … revised by Harry A.
69 3194 1705 71 Bates … Chicago, American technical society, 1935.
134 3267 25 39 2
222 3300 8 9 v.
290 3270 126 41 illus.
445 3268 101 50 (incl.
606 3271 174 49 ports.)
820 3270 166 48 forms,
1017 3272 179 48 diagrs.
1257 3270 115 42 22cm.

134 3324 157 51 Paged
327 3327 351 49 continuously.

70 3390 49 53 ©
142 3397 110 47 May
277 3398 67 46 13,
369 3398 112 40 1935;
533 3397 67 41 2c.
625 3399 117 40 each
767 3399 95 39 and
886 3398 81 39 aff.
993 3399 114 47 May
1133 3398 58 39 16;
1241 3398 41 39 A
1306 3398 143 40 81862;
1504 3398 159 41 Amer.
1689 3399 238 40 technical
1955 3409 92 30 soc.

138 3452 276 51 [Copyright
434 3455 47 40 is.
499 3454 205 41 claimed
728 3465 61 30 on
814 3454 249 49 revisions]
1136 3454 250 49 (35-7561)

70 3550 203 70 Grabo,
304 3557 133 54 Carl
463 3558 223 64 Henry,
717 3561 170 52 1881-

139 3632 1845 70 The meaning of The witch of Atlas, by Carl Grabo …
73 3705 210 71 Chapel
309 3711 146 56 Hill.
482 3713 121 52 The
628 3711 335 69 University
991 3711 63 53 of
1082 3713 186 52 North
1297 3712 268 55 Carolina
1596 3730 172 49 press,
1799 3716 148 51 1935.

138 3780 63 48 ix,
230 3782 85 42 158
341 3794 44 36 p.
443 3784 117 42 22cm.

139 3835 369 52 “Bibliography
536 3839 53 40 of
615 3840 160 40 works
799 3840 124 41 cited
950 3839 49 41 in
1026 3839 160 42 text”:
1216 3851 43 37 p.
1287 3839 215 42 150-152.

72 3887 49 52 ©
145 3894 116 40 Mar.
289 3897 38 47 1,
385 3896 87 41 1935;
525 3897 65 40 2c.
619 3898 116 47 May
759 3897 60 40 20;
872 3896 79 41 aff.
980 3898 113 47 May
1124 3897 58 40 18;
1234 3899 40 37 A
1303 3896 145 42 81895;
1504 3896 280 49 University
1813 3897 52 40 of
1891 3897 156 40 North

137 3949 222 43 Carolina
388 3963 150 37 press.
608 3953 249 49 (35-7434)
