2424 4375
1059 4091 131 48 1411

140 465 187 66 Blatz,
353 466 253 55 William
637 468 193 63 Emet,
862 472 169 50 1895-

207 540 251 69 Nursery
487 541 314 67 education,
828 542 196 68 theory
1054 542 113 53 and
1193 541 263 68 practice,
1483 541 75 67 by
1582 540 259 54 William
1867 540 67 51 E.
1964 541 169 52 Blatz

200 617 1870 70 … and Dorothy Millichamp … and Margaret Fletcher …
137 694 136 54 New
308 695 177 68 York,
516 696 90 55 W.
639 696 249 53 Morrow
922 696 112 53 and
1068 713 295 51 company,
1398 697 151 50 1935.

205 777 78 38 xv,
308 766 86 41 365
420 778 44 37 p.
490 767 109 42 incl.
626 768 168 47 diagr.,
820 767 167 41 forms,
1046 766 118 42 fold.
1190 770 130 46 plan.
1378 768 56 39 21
1437 770 44 22 cm
1485 800 9 9 .

207 827 228 40 Includes
461 838 27 29 a
520 827 271 41 discussion
821 827 51 40 of
901 828 84 40 the
1014 838 225 37 program
1269 827 228 40 followed
1529 829 51 38 at
1615 827 66 41 St.
1715 826 223 49 George’s
1970 827 161 39 school

135 880 80 42 for
241 882 129 40 child
398 882 160 47 study,
587 881 282 48 University
897 881 53 40 of
977 881 225 41 Toronto.

207 938 226 41 Includes
469 937 392 49 bibliographies.

138 994 53 53 ©
218 998 119 49 Aug.
366 998 69 47 28,
465 998 139 46 1935;
636 997 67 41 2c.
735 998 128 47 Sept.
892 998 52 45 6;
978 997 82 40 aff.
1093 998 127 47 Sept.
1250 998 51 45 7;
1335 999 41 38 A
1405 997 170 46 86225;
1608 996 221 40 William
1857 998 208 38 Morrow
2096 998 37 40 &

206 1066 82 38 co.,
317 1055 90 40 inc.
478 1053 279 50 (35-19106)

136 1151 235 66 Blount,
399 1151 193 66 Alma,
622 1157 171 50 1866-

200 1225 1927 72 Using our language, by Alma Blount … Clark S. Northup
130 1303 1973 150 … and Leonidas Warren Payne, jr. … Chicago, Wheeler publishing company, 1935.
203 1456 26 40 5
262 1466 43 32 v.
365 1456 127 41 illus.
522 1455 135 49 (part
690 1456 111 48 col.)
869 1455 117 41 20cm.

202 1512 224 42 Includes
452 1512 393 49 bibliographies.

203 1568 243 50 Prepared
475 1570 260 47 especially
763 1570 79 40 for
869 1570 157 41 Texas
1058 1570 202 40 schools,
1320 1570 62 48 cf.
1411 1569 70 41 To
1509 1570 83 40 the
1622 1570 221 40 teachers
1872 1569 53 40 of
1955 1569 173 41 Texas.

135 1626 388 41 Third-seventh
547 1629 188 45 grades.

133 1685 60 40 3d
218 1686 152 46 grade
394 1686 89 47 bk.,
511 1682 53 53 ©
590 1686 118 47 Aug.
735 1685 70 47 20,
833 1684 139 48 1935;
1002 1686 86 39 4th
1113 1687 153 46 grade
1290 1685 92 47 bk.,
1410 1681 53 53 ©
1486 1686 122 49 Aug.
1636 1685 84 47 22;
1750 1685 87 41 5th
1862 1687 152 46 grade
2038 1684 90 49 bk.,

205 1738 52 53 ©
293 1744 117 46 Aug.
447 1743 54 40 23;
569 1742 85 40 6th
687 1743 149 47 grade
871 1743 89 47 bk.,
996 1738 52 53 ©
1084 1743 119 47 Aug.
1241 1742 82 47 30;
1362 1743 85 39 7th
1483 1743 150 47 grade
1669 1743 90 47 bk.,
1797 1738 54 53 ©
1888 1743 119 47 Aug.
2044 1742 82 46 31;

203 1798 68 41 2c.
300 1800 117 40 each
448 1800 97 39 and
574 1799 108 40 affs.
716 1800 127 47 Sept.
873 1799 81 47 13;
988 1800 41 38 A
1059 1798 348 47 85956-95960;
1440 1799 224 40 Wheeler
1694 1799 109 48 pub.
1836 1809 67 30 co.

216 1855 280 49 (35-19246)

134 1952 178 66 Bone,
337 1952 307 56 Winstead
671 1952 200 66 Paine,
899 1959 172 51 1861-

202 2028 55 53 A
300 2028 220 70 history
567 2029 63 53 of
675 2028 380 56 Cumberland
1099 2027 333 71 university,
1479 2030 326 67 1842-1935,
1849 2028 76 69 by
132 2028 1973 132 Winstead

329 2106 1658 69 Paine Bone … Lebanon, Tenn., The author, 1935.
202 2176 85 42 303
320 2188 43 37 p.
422 2177 164 49 front.,
620 2180 170 47 plates,
823 2180 147 47 ports.
1030 2177 58 41 20½
1118 2180 44 22 cm
1168 2209 8 8 .

133 2247 53 53 ©
214 2252 126 48 Sept.
368 2251 70 48 21,
463 2251 141 47 1935;
633 2251 67 41 2c.
729 2252 99 40 Oct.
857 2253 51 40 7;
938 2251 82 40 aff.
1050 2252 102 40 Oct.
1180 2253 52 45 5;
1263 2253 40 38 A
1331 2251 170 47 87527;
1530 2252 71 40 W.
1630 2253 52 39 P.
1710 2253 148 46 Bone,
1886 2252 240 47 Lebanon,

201 2309 147 40 Tenn.
418 2308 280 48 (35-19112)

134 2405 182 65 Boyd,
342 2406 259 54 Thomas
625 2407 352 65 Alexander,
1007 2412 325 51 1898-1935.

202 2485 152 52 Poor
397 2485 157 55 John
599 2484 186 66 Fitch,
828 2486 263 51 inventor
1137 2485 64 53 of
1242 2485 97 52 the
1382 2487 331 65 steamboat,
1755 2485 76 69 by
1876 2487 248 52 Thomas

132 2559 180 69 Boyd.
388 2559 136 53 New
560 2560 177 55 York,
771 2559 67 55 G.
870 2560 63 53 P.
968 2559 294 55 Putnam’s
1294 2578 127 36 sons
1457 2595 13 34 [
1474 2567 19 21 c
1498 2563 131 49 1935
1638 2594 11 34 ]

200 2630 781 50 7 p. l., 3-315 p. illus. 22 cm .
202 2688 137 46 Maps
368 2697 61 31 on
456 2687 362 48 lining-papers.

202 2744 374 49 Bibliography:
611 2756 45 37 p.
686 2744 214 41 303-307.

133 2814 52 53 ©
220 2819 126 47 Sept.
379 2818 70 48 26,
481 2817 141 48 1935;
655 2817 66 41 2c.
758 2818 100 40 Oct.
892 2818 81 46 10;
1010 2818 82 39 aff.
1128 2818 100 40 Oct.
1262 2817 53 47 9;
1349 2818 42 39 A
1424 2818 169 47 87573;
1631 2819 133 40 Ruth
1799 2819 141 40 Fitch
1975 2820 149 47 Boyd,

200 2876 116 39 New
342 2876 145 39 York.
556 2874 281 49 (35-27333)

132 2968 271 70 Bradley,
432 2972 154 53 John
614 2972 307 65 Hodgdon,
955 2975 170 50 1898-

201 3049 1920 68 Autobiography of earth, by John Hodgdon Bradley … with
130 3126 1992 69 illustrations from drawings by Kenneth M. Adams … New
133 3205 177 66 York,
344 3206 548 66 Coward-McCann,
924 3207 126 66 inc.,
1085 3210 149 49 1935.

202 3279 1028 48 5 p. l., 3-347 p. front., plates. 22½ cm .
133 3342 52 53 ©
210 3348 98 40 Oct.
336 3348 68 47 10,
432 3348 139 47 1935;
599 3347 67 41 2c.
694 3348 100 41 Oct.
821 3348 80 47 16;
931 3348 82 41 aff.
1042 3348 101 41 Oct.
1168 3349 82 47 15;
1279 3350 41 38 A
1346 3349 170 47 86818;
1546 3349 455 48 Coward-McCann,
2030 3351 91 41 inc.

211 3404 278 48 (35-27334)

133 3498 285 67 Brosnan,
449 3501 305 55 Cornelius
779 3503 220 64 James,
1029 3508 170 51 1882-

199 3575 1859 71 History of the state of Idaho, by Cornelius J. Brosnan …
132 3650 1964 74 Rev. ed. New York, Chicago [etc.] C. Scribner’s sons [ c 1935]
199 3723 99 48 xix,
341 3724 70 48 [1],
451 3724 85 41 423
577 3735 42 37 p.
695 3726 86 41 col.
822 3726 162 48 front.,
1027 3728 141 46 illus.,
1208 3728 156 47 plates
1394 3728 134 47 (part
1569 3728 111 48 col.)
1729 3730 148 48 ports.
1908 3730 49 47 (1
1999 3730 112 41 col.)

132 3786 132 39 maps
293 3779 48 48 (1
369 3780 197 48 double)
633 3781 116 41 20cm.

202 3834 272 48 “Readings
507 3836 80 40 for
620 3838 81 39 the
735 3837 222 41 teacher”
994 3840 95 39 and
1122 3839 273 48 “Readings
1429 3839 80 40 for
1541 3840 83 40 the
1657 3840 163 50 pupil”
1854 3844 51 38 at
1940 3843 91 40 end
2067 3839 54 43 of

132 3889 117 41 each
275 3890 179 43 “unit”.

135 3957 52 53 ©
217 3963 124 48 Sept
371 3965 68 48 24,
471 3965 139 47 1935;
642 3967 67 39 2c.
741 3967 102 40 Oct.
870 3968 80 40 11:
984 3967 81 40 aff.
1098 3968 102 40 Oct.
1230 3968 82 46 10;
1345 3969 41 38 A
1416 3968 170 48 87594;
1620 3969 201 41 Charles
1856 3969 266 41 Scribner’s

201 4029 123 31 sons.
393 4021 279 48 (35-19102)
