2424 4375
1030 4076 133 48 1185

100 457 370 65 Hoisington,
496 458 179 53 Louis
701 457 333 65 Benjamin,
1066 463 171 49 1883-

166 533 360 69 Psychology;
576 551 72 34 an
668 535 343 66 elementary
1031 539 137 62 text,
1190 534 75 67 by
1286 534 173 52 Louis
1481 533 307 68 Benjamin
98 533 1960 132 Hoisington

225 654 55 10 …
345 611 139 52 New
511 610 180 67 York,
717 611 121 53 The
862 610 333 53 Macmillan
1222 630 297 47 company,
1547 613 152 52 1935.

166 683 99 48 xxi,
293 684 85 40 557
405 694 45 38 p.
506 683 142 48 illus.,
679 683 179 49 diagrs.
916 682 56 41 20
976 686 15 20 cm
1023 714 11 11 .

169 739 344 41 “References”
540 742 53 39 at
616 740 92 40 end
734 739 51 42 of
809 740 117 41 each
951 740 200 48 chapter
1176 742 169 46 except
1372 741 82 40 the
1478 741 111 40 last.

101 808 51 53 ©
175 813 118 46 Aug.
319 812 70 47 27,
413 811 114 40 1935;
579 811 68 40 2c.
671 812 96 39 and
792 810 81 41 aff.
898 812 118 46 Aug.
1044 812 56 39 28;
1155 812 40 38 A
1218 811 144 40 85651;
1419 811 282 40 Macmillan
1724 823 67 29 co.
177 867 277 50 (35-14985)

100 973 263 63 Hughes,
388 973 228 55 Albert.

100 1048 1978 147 Renamed; Saul becomes Paul, by Albert Hughes … Philadelphia, Pa., The American Bible conference association [ c 1935]
169 1197 685 51 6 p., 1 l., 7-128 p. 19½ cm .
100 1266 51 53 ©
179 1270 115 47 July
324 1269 69 47 31,
425 1269 140 46 1935;
597 1267 68 41 2c.
698 1268 119 47 Aug.
846 1266 80 48 29;
962 1267 83 40 aff.
1077 1268 121 47 Aug.
1229 1267 83 47 27;
1346 1269 43 39 A
1417 1267 169 48 85691;
1620 1269 157 40 Amer.
1812 1268 140 41 Bible

165 1280 1906 85 conference
387 1336 142 37 assn.,
560 1326 91 39 inc.
723 1323 278 49 (35-14989)

97 1428 235 54 Illinois.
405 1430 184 65 Laws,
616 1433 255 62 statutes,
899 1433 100 47 etc.

176 1506 388 55 Smith-Hurd
616 1505 227 53 Illinois
897 1505 307 53 annotated
1255 1510 254 49 statutes.
1599 1508 346 52 Permanent
1996 1509 83 51 ed.

105 1584 364 67 Comprising
505 1584 96 52 the
640 1584 138 53 laws
817 1582 63 53 of
918 1602 31 33 a
988 1584 230 66 general
1259 1584 112 53 and
1411 1590 334 60 permanent
1783 1591 202 48 nature
2026 1587 60 52 in

101 1663 154 52 force
288 1668 59 46 at
382 1662 99 51 the
512 1662 108 52 end
655 1661 63 51 of
752 1661 95 52 the
882 1659 360 69 fifty-eighth
1275 1661 246 54 General
1554 1663 295 67 assembly,
1885 1664 202 52 fourth

102 1741 207 67 special
341 1739 227 67 session,
600 1739 316 53 November
948 1741 84 65 23,
1067 1741 149 51 1934.
1283 1740 163 67 Kept
1475 1747 63 47 to
1567 1740 132 53 date
1730 1742 75 67 by
103 1743 1960 128 cumulative

245 1819 210 51 annual
482 1816 203 68 pocket
711 1821 177 63 parts,
916 1816 140 53 with
1085 1818 363 54 annotations
1476 1817 153 53 from
1656 1819 96 53 the
1782 1839 149 34 cases
99 1839 1964 124 construing

346 1915 63 33 or
433 1894 280 68 applying
737 1895 95 52 the
858 1895 136 54 laws
1022 1895 114 51 and
1158 1895 140 53 with
1324 1896 179 53 tables
1529 1898 114 51 and
1665 1898 188 54 index,
102 1900 1960 127 chapters
241 1973 168 53 83-97

443 2015 55 9 …
566 1974 91 66 By
683 1973 97 52 the
804 1972 338 68 publishers’
1169 1973 266 54 editorial
1461 1972 150 55 staff.
1680 1975 268 70 Chicago,
1975 1979 112 67 Ill.,

105 2052 273 52 Burdette
420 2049 189 56 Smith
647 2068 304 50 company;
995 2049 82 55 St.
1117 2051 165 66 Paul,
1319 2051 204 69 Minn.,
1558 2056 160 52 West
1752 2056 336 69 publishing

106 2128 1836 73 co.; Kansas City, Mo., Vernon law book company [ c 1935]
169 2203 29 38 2
255 2233 8 8 v.
322 2201 56 40 24
381 2204 44 20 cm
429 2233 8 8 .

103 2253 1968 103 CONTENTS. — chapters 83-92. Limitations-Mills and millers. — chapters 93-97. Mines and miners-Ne exeat.
104 2374 220 46 chapters
357 2371 155 46 83-92,
546 2367 53 53 ©
631 2372 119 47 Aug.
785 2371 68 47 15,
885 2369 141 48 1935;
1062 2372 230 46 chapters;
1321 2370 157 49 93-97,
1514 2369 53 53 ©
1598 2374 117 48 Aug.
1751 2375 82 47 16;
1869 2376 68 40 2c.
1971 2378 119 38 each

172 2431 94 38 and
300 2428 106 41 affs.
443 2429 126 47 Sept.
604 2427 54 40 12;
722 2428 42 38 A
796 2427 155 48 85920,
987 2427 140 40 85921;
1192 2429 238 39 Burdette
1464 2429 156 41 Smith
1655 2442 81 35 co.,
1772 2432 190 39 Vernon
1995 2432 97 40 law

176 2487 121 39 book
322 2496 81 37 co.,
425 2486 136 39 West
584 2485 108 47 pub.
718 2495 67 29 co.

105 2588 244 54 Institut
377 2588 481 64 gastronomique
884 2588 69 51 de
980 2587 198 54 l’huile
1205 2587 261 66 Lesieur,
1493 2592 184 51 Paris.

175 2666 155 53 Pour
372 2664 191 54 mieux
605 2681 250 49 manger.
934 2664 186 66 Paris,
1163 2664 313 54 L’Institut
1518 2669 459 65 gastronomique
2023 2670 67 53 de

108 2741 676 66 l’huile Lesieur [ c 1935]
176 2811 1141 51 2 p. l., [7]-220 p. illus., col; plates. 18 ½ cm .
111 2866 1981 53 © May 25, 1935; 1c. July 25; A- Foreign 28546; Société Georges Lesieur
177 2929 47 38 et
250 2928 88 47 fils,
369 2927 154 39 Paris.
596 2924 277 49 (35-14684)

240 3029 831 65 Kan e, William Terence, 1880-
177 3106 93 52 An
307 3124 158 49 essay
500 3106 221 53 toward
759 3124 31 34 a
827 3106 221 65 history
1085 3106 63 51 of
1185 3106 299 52 education
1521 3107 325 53 considered
1888 3110 200 66 chiefly

114 3182 56 53 in
203 3184 75 53 its
317 3183 393 66 development
747 3183 62 52 in
848 3182 95 52 the
982 3187 236 48 western
1258 3183 198 65 world,
1496 3183 73 65 by
1608 3184 88 54 IV.
1736 3183 182 66 Kane,
1990 3230 9 9 S.
2079 3230 7 8 J.

113 3258 264 68 Chicago,
405 3260 112 65 Ill.,
546 3259 217 66 Loyola
791 3257 316 66 university
1135 3276 173 47 press,
1338 3260 150 52 1935.

179 3329 681 51 xvi p., 1 l., 637 p. 20½ cm .
182 3386 385 49 “Bibliographic
595 3385 139 42 note”
765 3388 51 38 at
845 3386 90 40 end
965 3385 51 40 of
1042 3386 117 41 each
1187 3386 213 48 chapter.

114 3440 51 52 ©
192 3445 113 47 July
333 3446 68 45 11,
431 3444 138 46 1935;
598 3442 66 40 2c.
695 3443 119 46 Aug.
847 3442 49 45 8;
932 3441 78 39 aff.
1043 3442 115 47 July
1188 3442 82 46 19;
1301 3443 43 37 A
1370 3442 169 47 84888;
1573 3444 178 47 Loyola
1782 3446 130 40 univ.
1942 3458 149 37 press.

191 3501 274 48 (35-14861)

118 3602 169 64 King,
313 3604 176 51 Mona
513 3602 176 53 Reed.

183 3678 175 66 Patsy
393 3678 150 65 Ann,
576 3677 100 52 her
710 3677 196 65 happy
940 3676 180 63 times,
1156 3676 73 66 by
1265 3677 173 52 Mona
1473 3678 153 53 Reed
1662 3679 190 68 King;
117 3684 1948 137 photographs

357 3755 76 65 by
467 3754 68 54 G.
571 3753 176 52 Allan
783 3751 176 68 King.
1032 3751 270 67 Chicago,
1334 3754 187 65 Rand,
1557 3755 272 68 McNally
1864 3762 44 50 &
118 3779 1948 115 company,
311 3836 20 21 c
335 3833 149 49 1935.

187 3900 83 50 [62]
307 3912 44 38 p.
409 3901 127 40 illus.
595 3900 55 40 17
653 3902 44 21 cm
701 3931 10 10 .

117 3953 52 51 ©
200 3958 113 46 July
343 3958 67 46 30,
444 3956 116 40 1935;
617 3957 67 39 2c.
717 3957 95 38 and
845 3955 80 40 aff.
958 3955 118 47 Aug.
1111 3954 59 40 26;
1229 3955 42 38 A
1303 3955 143 40 85642;
1511 3957 155 49 Rand,
1698 3961 224 48 McNally
1955 3963 37 40 &
2025 3973 52 31 co

195 4013 274 49 (35-14572)
