2424 4375
1216 4065 97 48 1856

302 434 229 67 Theiss,
561 435 192 55 Lewis
785 435 225 64 Edwin,
1043 436 171 54 1878-

371 512 121 54 The
526 511 183 69 flying
742 513 288 66 explorer;
1065 513 128 52 how
1222 533 33 33 a
1288 512 138 55 mail
1461 513 147 68 pilot
1641 517 328 64 penetrated
2007 516 94 53 the
2134 517 159 53 basin

301 588 65 54 of
390 589 97 54 the
513 589 277 69 Amazon,
815 589 74 69 by
914 590 186 53 Lewis
1125 589 68 54 E.
1224 589 216 55 Theiss.
1515 590 337 56 Illustrated
1880 593 75 68 by
1985 593 203 53 Albert
2217 595 78 52 M.

303 667 1585 71 Burkard. Boston, W. A. Wilde company [ c 1935]
371 754 579 50 304 p. front. 19 ½cm .
304 823 53 53 ©
391 827 128 48 Sept.
553 828 69 45 18,
654 826 114 41 1935
786 837 9 35 ;
829 827 66 40 2c.
928 828 110 39 Dec.
1073 827 56 40 30
1147 838 9 30 :
1191 825 82 42 aff.
1305 828 112 39 Dec.
1450 827 58 41 28
1524 839 8 30 :
1569 829 41 38 A
1640 828 143 41 90057
1802 840 9 35 ;
1848 830 70 40 W.
1954 831 54 40 A.
2041 830 156 44 Wilde
2230 843 67 29 co.

384 884 192 48 (36-73)

301 988 273 63 Travers,
599 989 64 54 P.
687 987 64 55 L.

371 1066 170 64 Mary
573 1064 261 68 Poppins
864 1084 180 37 comes
1075 1065 158 60 back,
1264 1066 73 65 by
1368 1068 64 51 P.
1466 1069 64 50 L.
1562 1068 271 56 Travers;
1866 1068 323 53 illustrated
2222 1068 73 66 by

302 1143 170 66 Mary
511 1142 278 67 Shepard.
865 1143 137 52 New
1042 1143 179 60 York,
1260 1145 193 64 Reyna
1461 1143 19 50 1
1517 1148 43 49 &
1598 1143 318 56 Hitchcock
1958 1178 12 33 [
1976 1152 18 20 c
2000 1148 130 49 1935
2138 1180 12 32 ]

373 1215 48 40 xi
450 1226 57 37 p.,
535 1216 23 38 1
623 1247 9 16 l.,
659 1215 85 40 268
770 1226 42 37 p.
844 1215 106 40 incl.
979 1216 164 47 front.,
1172 1216 126 40 illus.
1356 1216 55 39 19½
1444 1218 43 21 cm
1493 1248 9 10 .

371 1287 290 40 Illustrated
688 1286 361 49 lining-papers.

303 1352 53 53 ©
391 1358 119 39 Nov.
548 1358 69 47 14,
655 1356 141 47 1935;
835 1358 67 39 2c.
941 1358 119 39 Nov.
1097 1357 82 47 16;
1220 1357 83 40 aff.
1342 1358 111 39 Dec.
1491 1358 82 45 17;
1614 1358 39 38 A
1692 1358 169 46 88951;
1903 1358 155 40 Helen
2097 1358 199 48 Lyndon

369 1414 194 41 Pamela
598 1415 210 39 Travers
842 1414 121 47 Goff,
998 1413 244 49 Mayfield,
1275 1415 192 48 Sussex,
1502 1415 235 47 England.

384 1471 281 48 (36-27038)

301 1561 272 65 Warden,
605 1563 133 54 Carl
770 1562 173 63 John,
974 1566 172 51 1890-

301 1638 1968 146 Comparative psychology; a comprehensive treatise. Volume I. Principles and methods … by Carl J. Warden …
301 1794 1993 69 Thomas N. Jenkins … [and] Lucien H. Warner … New York,
300 1874 1093 66 The Ronald press company [ c 1935]
370 1944 1925 50 2 p. l. , iii-x, 506 p. illus., diagrs. 22 cm . (Psychology series, A. T.
299 2002 636 50 Poffenberger … editor)
369 2056 349 50 Bibliography
735 2066 10 31 :
774 2057 92 42 vol.
915 2088 10 18 I,
951 2066 45 39 p.
1021 2056 220 42 417-483.

302 2127 53 53 ©
386 2131 100 41 Oct.
519 2132 40 47 4,
590 2131 140 46 1935;
763 2131 67 40 2c.
864 2131 101 40 Oct.
997 2130 81 46 10;
1113 2131 83 39 aff.
1229 2130 102 40 Oct.
1364 2130 51 40 9:
1449 2131 40 38 A
1521 2129 143 41 87582
1681 2140 9 36 ;
1726 2130 189 40 Ronald
1948 2141 135 38 press
2116 2141 67 29 co.

381 2187 192 49 (36-96)

302 2279 258 64 Weston,
590 2276 221 67 Sidney
839 2277 244 64 Adams,
1117 2280 171 51 1877-

365 2354 86 52 To
483 2353 174 54 drink
687 2372 64 35 or
781 2359 100 48 not
914 2360 60 47 to
1008 2352 200 68 drink;
1245 2353 96 53 the
1374 2352 257 70 problem
1662 2351 65 54 of
1757 2352 99 54 the
1886 2351 277 72 beverage
2196 2371 95 36 use

295 2429 65 53 of
395 2431 276 53 alcoholic
706 2430 215 69 liquor;
963 2450 31 34 a
1033 2429 252 70 syllabus
1326 2429 95 53 for
1455 2428 326 55 individual
1820 2429 113 55 and
1971 2446 185 54 group
2196 2449 96 36 use

317 2506 1973 72 [by] Sidney A. Weston … Boston, Chicago, The Pilgrim
295 2589 377 66 press [ c 1935]
366 2657 1061 50 69 p. 19½cm . (Adult education series)
368 2715 376 47 “Bibliography
769 2726 60 28 on
856 2716 83 39 the
963 2715 160 47 liquor
1145 2713 244 49 problem”
1407 2724 10 29 :
1445 2724 44 38 p.
1517 2713 156 41 61-69.

302 2782 53 53 ©
388 2787 100 40 Oct.
524 2787 69 46 28,
625 2786 115 41 1935
757 2797 8 30 :
802 2787 66 40 2c.
904 2787 95 39 and
1034 2785 80 41 aff.
1151 2786 117 40 Nov.
1304 2786 52 46 5;
1392 2787 41 38 A
1467 2786 170 41 88131:
1679 2787 42 40 S.
1758 2787 53 40 A.
1847 2787 212 47 Weston,
2096 2788 195 41 Boston.

379 2843 190 48 (36-62)

299 2933 202 55 Who’s
535 2935 126 52 who
699 2934 58 53 in
793 2935 306 53 American
1134 2940 118 58 art;
1293 2954 30 33 a
1359 2932 396 69 biographical
1791 2935 285 68 directory
2112 2936 62 51 of
368 2954 1899 108 selected

576 3008 195 55 artists
801 3010 59 53 in
893 3011 94 53 the
1020 3009 216 55 United
1273 3009 188 55 States
1493 3008 262 72 working
1784 3008 61 55 in
1878 3010 95 54 the
2004 3010 185 54 media
2225 3009 64 54 of

367 3086 284 70 painting,
674 3087 305 69 sculpture,
1002 3088 242 70 graphic
1267 3094 135 62 arts,
1424 3088 368 68 illustration,
1817 3089 217 69 design,
2059 3089 110 54 and
2193 3089 95 54 the

368 3168 1922 69 handicrafts … v. 1, 1936/37. Washington. D. C.. The
367 3246 306 54 American
701 3247 322 53 federation
1050 3247 63 53 of
1142 3252 133 61 arts,
1306 3251 149 49 1935.

371 3332 44 35 x,
443 3320 85 39 565
554 3330 40 37 p.
651 3319 53 41 23
709 3322 45 21 cm
759 3352 8 7 .
824 3318 226 42 biennial.

301 3376 172 41 Editor
490 3388 7 28 :
530 3376 126 44 1935,
685 3376 137 39 Alice
848 3377 48 40 C.
927 3377 306 41 McGlauflin.

371 3430 281 47 Previously
678 3430 252 47 published
954 3442 54 29 as
1031 3434 112 45 part
1168 3432 53 37 of
1244 3432 80 39 the
1349 3430 252 41 American
1629 3434 78 38 art
1734 3430 194 41 annual.

298 3498 56 52 ©
389 3503 115 38 Nov.
540 3503 70 42 22.
646 3502 140 47 1935;
822 3503 67 40 2c.
926 3503 94 40 and
1057 3503 80 40 aff.
1175 3504 116 39 Nov.
1327 3503 81 39 22:
1448 3503 39 39 A
1523 3502 170 48 89557;
1732 3504 157 41 Amer.
1927 3503 273 40 federation
2239 3504 49 38 of

372 3562 118 43 arts,
515 3560 89 39 inc.
669 3559 278 47 (36-27014)

298 3646 183 67 Wills,
506 3649 275 55 Howard.

370 3725 218 59 Poems,
622 3726 75 65 by
732 3727 254 50 Howard
1022 3726 184 54 Wills.
1278 3725 424 67 Philadelphia,
1736 3728 120 62 Pa.,
1889 3728 138 51 Lees
2061 3730 45 48 &
2140 3725 145 66 Hill,

298 3802 127 62 inc.,
451 3808 18 20 c
474 3804 148 50 1935.

374 3873 669 47 [43] p. illus. 13 × 15½ cm .
302 3937 52 52 ©
385 3942 110 38 Dec.
527 3942 68 40 14.
627 3941 140 41 1935;
800 3943 65 40 2c.
897 3945 94 38 and
1023 3943 81 40 aff.
1137 3945 110 39 Dec.
1280 3944 81 44 18;
1396 3944 39 38 A
1467 3942 169 47 88750;
1673 3943 57 40 H.
1764 3942 153 47 Wills,
1950 3943 142 38 Toms
2126 3941 158 41 River.

371 3998 53 39 N.
458 3998 43 39 J.
574 3998 220 46 (36-131)
