<alto xmlns="http://www.loc.gov/standards/alto/ns-v3#" xmlns:xlink="http://www.w3.org/1999/xlink" xmlns:xsi="http://www.w3.org/2001/XMLSchema-instance" xsi:schemaLocation="http://www.loc.gov/standards/alto/ns-v3# http://www.loc.gov/alto/v3/alto-3-0.xsd"><Description>
<MeasurementUnit>pixel</MeasurementUnit>
<sourceImageInformation>
<fileName>1935_v32_Part1.pdf</fileName>
</sourceImageInformation>
<OCRProcessing ID="IdOcr">
<ocrProcessingStep>
<processingDateTime>2019-01-15</processingDateTime>
<processingSoftware>
<softwareCreator>ABBYY</softwareCreator>
<softwareName>ABBYY Recognition Server</softwareName>
<softwareVersion>4.0</softwareVersion>
</processingSoftware>
</ocrProcessingStep>
</OCRProcessing>
</Description>
<Styles>
<ParagraphStyle ID="StyleId-FFFFFFFF-FFFF-FFFF-FFFF-FFFFFFFFFFFF-" ALIGN="Left" LEFT="0." RIGHT="0." FIRSTLINE="0."/>
<ParagraphStyle ID="StyleId-09A13A44-4F77-4ABE-84F3-84CC8B3C72CE-" ALIGN="Left" LEFT="0." RIGHT="0." FIRSTLINE="0." LINESPACE="7.699999809"/>
<ParagraphStyle ID="StyleId-1F945060-F8CD-4435-B69A-5FF49DB0C586-" ALIGN="Left" LEFT="0." RIGHT="0." FIRSTLINE="-10." LINESPACE="12.19999981"/>
<ParagraphStyle ID="StyleId-C6CAE747-F5A4-4D0D-8D74-D452DA7E2C1C-" ALIGN="Block" LEFT="0." RIGHT="0." FIRSTLINE="-14." LINESPACE="8.350000381"/>
<ParagraphStyle ID="StyleId-FC0F3374-189A-459E-BE29-2DC14180F022-" ALIGN="Left" LEFT="0." RIGHT="0." FIRSTLINE="0."/>
<ParagraphStyle ID="StyleId-49397C49-A894-4B3E-BA5E-1126226BA375-" ALIGN="Left" LEFT="0." RIGHT="0." FIRSTLINE="-12." LINESPACE="11.09000015"/>
<ParagraphStyle ID="StyleId-9E34DD3A-E661-48BD-A3A1-6A3D48346F00-" ALIGN="Block" LEFT="0." RIGHT="0." FIRSTLINE="-14." LINESPACE="11.09000015"/>
<ParagraphStyle ID="StyleId-56CE54AA-A08B-4BAA-8605-F26020A0E36E-" ALIGN="Left" LEFT="0." RIGHT="0." FIRSTLINE="0." LINESPACE="9.399999619"/>
<ParagraphStyle ID="StyleId-77814FFC-C42F-4AA9-9880-EF33B947DEC8-" ALIGN="Left" LEFT="0." RIGHT="0." FIRSTLINE="-11." LINESPACE="11.06999969"/>
<ParagraphStyle ID="StyleId-FDE92EC0-67DC-4C7B-8A24-094B12C38B6C-" ALIGN="Center" LEFT="0." RIGHT="0." FIRSTLINE="0." LINESPACE="11.30000019"/>
<ParagraphStyle ID="StyleId-65180E3B-4C93-4FB8-81EE-E026DD63DBF3-" ALIGN="Left" LEFT="0." RIGHT="0." FIRSTLINE="0." LINESPACE="11.10000038"/>
<ParagraphStyle ID="StyleId-10E885C2-5813-4620-B0AA-0FBA30CF7A32-" ALIGN="Left" LEFT="0." RIGHT="0." FIRSTLINE="0." LINESPACE="9.5"/>
<ParagraphStyle ID="StyleId-913C2DB5-9F02-4067-BAF7-0AED37B60BBE-" ALIGN="Left" LEFT="0." RIGHT="0." FIRSTLINE="0." LINESPACE="6.099999905"/>
<ParagraphStyle ID="StyleId-9C79A9D2-8F08-4A8F-985D-B00E253ED1E5-" ALIGN="Left" LEFT="0." RIGHT="0." FIRSTLINE="0." LINESPACE="4.400000095"/>
<ParagraphStyle ID="StyleId-A41F0407-FEFE-4738-9EC5-E05AFFF62781-" ALIGN="Left" LEFT="0." RIGHT="0." FIRSTLINE="0." LINESPACE="7.300000191"/>
<ParagraphStyle ID="StyleId-61D37176-94E8-408D-9B87-01C406CE8AB2-" ALIGN="Left" LEFT="0." RIGHT="0." FIRSTLINE="0." LINESPACE="8.050000191"/>
</Styles>
<Layout>
<Page ID="Page1545" PHYSICAL_IMG_NR="1545" HEIGHT="4375" WIDTH="2424">
<TopMargin HEIGHT="411" WIDTH="2424" VPOS="0" HPOS="0">
</TopMargin>
<LeftMargin HEIGHT="3756" WIDTH="81" VPOS="411" HPOS="0">
</LeftMargin>
<RightMargin HEIGHT="3756" WIDTH="330" VPOS="411" HPOS="2094">
</RightMargin>
<BottomMargin HEIGHT="208" WIDTH="2424" VPOS="4167" HPOS="0">
</BottomMargin>
<PrintSpace HEIGHT="3756" WIDTH="2013" VPOS="411" HPOS="81">
<TextBlock ID="Page1545_Block1" HEIGHT="110" WIDTH="368" VPOS="4057" HPOS="903" LANG="en-US" STYLEREFS="StyleId-BC11F612-7D85-431D-86DA-CF32905C1550-">
<TextLine HEIGHT="48" WIDTH="132" VPOS="4067" HPOS="989">
<String CONTENT="1545" HEIGHT="48" WIDTH="132" VPOS="4067" HPOS="989"/>
</TextLine>
</TextBlock>
<TextBlock ID="Page1545_Block2" HEIGHT="3647" WIDTH="2013" VPOS="411" HPOS="81" LANG="en-US" CS="1" STYLEREFS="StyleId-04B53FE0-335B-4E4C-90B3-8A5250A48994-">
<Shape>
<Polygon POINTS="81,411 2094,411 2094,4047 140,4047 140,4058 81,4058 81,411"/>
</Shape>
<TextLine HEIGHT="71" WIDTH="1988" VPOS="444" HPOS="96" STYLEREFS="StyleId-01D763CC-0EA8-47DA-A102-BA74710ED7C9-">
<String CONTENT="Accepted" HEIGHT="64" WIDTH="293" VPOS="446" HPOS="96"/>
<SP HEIGHT="52" WIDTH="39" VPOS="447" HPOS="390"/>
<String CONTENT="dental" HEIGHT="52" WIDTH="191" VPOS="447" HPOS="430"/>
<SP HEIGHT="51" WIDTH="39" VPOS="447" HPOS="622"/>
<String CONTENT="remedies," HEIGHT="58" WIDTH="287" VPOS="446" HPOS="662"/>
<SP HEIGHT="39" WIDTH="38" VPOS="465" HPOS="950"/>
<String CONTENT="containing" HEIGHT="67" WIDTH="331" VPOS="447" HPOS="989"/>
<SP HEIGHT="50" WIDTH="37" VPOS="464" HPOS="1321"/>
<String CONTENT="a" HEIGHT="34" WIDTH="32" VPOS="464" HPOS="1359"/>
<SP HEIGHT="52" WIDTH="37" VPOS="446" HPOS="1392"/>
<String CONTENT="list" HEIGHT="53" WIDTH="96" VPOS="446" HPOS="1430"/>
<SP HEIGHT="48" WIDTH="40" VPOS="450" HPOS="1527"/>
<String CONTENT="of" HEIGHT="52" WIDTH="62" VPOS="446" HPOS="1568"/>
<SP HEIGHT="53" WIDTH="37" VPOS="446" HPOS="1631"/>
<String CONTENT="official" HEIGHT="56" WIDTH="198" VPOS="444" HPOS="1669"/>
<SP HEIGHT="53" WIDTH="41" VPOS="447" HPOS="1868"/>
<String CONTENT="drugs" HEIGHT="68" WIDTH="174" VPOS="447" HPOS="1910"/>
</TextLine>
<TextLine HEIGHT="68" WIDTH="1919" VPOS="523" HPOS="165" STYLEREFS="StyleId-01D763CC-0EA8-47DA-A102-BA74710ED7C9-">
<String CONTENT="selected" HEIGHT="51" WIDTH="238" VPOS="525" HPOS="165"/>
<SP HEIGHT="51" WIDTH="40" VPOS="525" HPOS="404"/>
<String CONTENT="to" HEIGHT="46" WIDTH="56" VPOS="531" HPOS="445"/>
<SP HEIGHT="48" WIDTH="41" VPOS="543" HPOS="502"/>
<String CONTENT="promote" HEIGHT="62" WIDTH="255" VPOS="529" HPOS="544"/>
<SP HEIGHT="34" WIDTH="41" VPOS="543" HPOS="800"/>
<String CONTENT="a" HEIGHT="32" WIDTH="30" VPOS="543" HPOS="842"/>
<SP HEIGHT="33" WIDTH="39" VPOS="542" HPOS="873"/>
<String CONTENT="rational" HEIGHT="50" WIDTH="246" VPOS="525" HPOS="913"/>
<SP HEIGHT="50" WIDTH="40" VPOS="525" HPOS="1160"/>
<String CONTENT="dental" HEIGHT="52" WIDTH="192" VPOS="523" HPOS="1201"/>
<SP HEIGHT="52" WIDTH="38" VPOS="523" HPOS="1394"/>
<String CONTENT="materia" HEIGHT="52" WIDTH="240" VPOS="525" HPOS="1433"/>
<SP HEIGHT="33" WIDTH="37" VPOS="543" HPOS="1674"/>
<String CONTENT="medica" HEIGHT="51" WIDTH="218" VPOS="525" HPOS="1712"/>
<SP HEIGHT="33" WIDTH="40" VPOS="544" HPOS="1931"/>
<String CONTENT="and" HEIGHT="51" WIDTH="112" VPOS="526" HPOS="1972"/>
</TextLine>
<TextLine HEIGHT="70" WIDTH="1920" VPOS="598" HPOS="164" STYLEREFS="StyleId-01D763CC-0EA8-47DA-A102-BA74710ED7C9-">
<String CONTENT="descriptions" HEIGHT="68" WIDTH="374" VPOS="600" HPOS="164"/>
<SP HEIGHT="34" WIDTH="27" VPOS="620" HPOS="539"/>
<String CONTENT="of" HEIGHT="52" WIDTH="62" VPOS="601" HPOS="567"/>
<SP HEIGHT="52" WIDTH="27" VPOS="601" HPOS="630"/>
<String CONTENT="acceptable" HEIGHT="68" WIDTH="317" VPOS="600" HPOS="658"/>
<SP HEIGHT="34" WIDTH="27" VPOS="619" HPOS="976"/>
<String CONTENT="nonofficial" HEIGHT="56" WIDTH="314" VPOS="598" HPOS="1004"/>
<SP HEIGHT="50" WIDTH="29" VPOS="602" HPOS="1319"/>
<String CONTENT="articles," HEIGHT="67" WIDTH="242" VPOS="601" HPOS="1349"/>
<SP HEIGHT="63" WIDTH="28" VPOS="605" HPOS="1592"/>
<String CONTENT="1935." HEIGHT="50" WIDTH="148" VPOS="604" HPOS="1621"/>
<SP HEIGHT="55" WIDTH="76" VPOS="601" HPOS="1770"/>
<String CONTENT="Council" HEIGHT="55" WIDTH="237" VPOS="601" HPOS="1847"/>
</TextLine>
<TextLine HEIGHT="68" WIDTH="1920" VPOS="678" HPOS="164" STYLEREFS="StyleId-01D763CC-0EA8-47DA-A102-BA74710ED7C9-">
<String CONTENT="on" HEIGHT="34" WIDTH="71" VPOS="697" HPOS="164"/>
<SP HEIGHT="51" WIDTH="59" VPOS="680" HPOS="236"/>
<String CONTENT="dental" HEIGHT="51" WIDTH="193" VPOS="680" HPOS="296"/>
<SP HEIGHT="50" WIDTH="59" VPOS="680" HPOS="490"/>
<String CONTENT="therapeutics." HEIGHT="68" WIDTH="396" VPOS="678" HPOS="550"/>
<SP HEIGHT="55" WIDTH="75" VPOS="678" HPOS="947"/>
<String CONTENT="Chicago," HEIGHT="68" WIDTH="270" VPOS="678" HPOS="1023"/>
<SP HEIGHT="65" WIDTH="57" VPOS="680" HPOS="1294"/>
<String CONTENT="Ill.," HEIGHT="65" WIDTH="114" VPOS="680" HPOS="1352"/>
<SP HEIGHT="66" WIDTH="56" VPOS="679" HPOS="1467"/>
<String CONTENT="American" HEIGHT="52" WIDTH="306" VPOS="679" HPOS="1524"/>
<SP HEIGHT="53" WIDTH="59" VPOS="680" HPOS="1831"/>
<String CONTENT="dental" HEIGHT="53" WIDTH="193" VPOS="680" HPOS="1891"/>
</TextLine>
<TextLine HEIGHT="64" WIDTH="561" VPOS="759" HPOS="164" STYLEREFS="StyleId-01D763CC-0EA8-47DA-A102-BA74710ED7C9-">
<String CONTENT="association" HEIGHT="52" WIDTH="335" VPOS="759" HPOS="164"/>
<SP HEIGHT="47" WIDTH="32" VPOS="776" HPOS="500"/>
<String CONTENT="[" HEIGHT="33" WIDTH="12" VPOS="790" HPOS="533"/>
<String STYLE="superscript" CONTENT="c" HEIGHT="21" WIDTH="16" VPOS="764" HPOS="552"/>
<String CONTENT="1935]" HEIGHT="63" WIDTH="151" VPOS="760" HPOS="574"/>
</TextLine>
<TextLine HEIGHT="49" WIDTH="329" VPOS="829" HPOS="160">
<String CONTENT="232" HEIGHT="41" WIDTH="84" VPOS="830" HPOS="160"/>
<SP HEIGHT="48" WIDTH="27" VPOS="830" HPOS="245"/>
<String CONTENT="p." HEIGHT="38" WIDTH="43" VPOS="840" HPOS="273"/>
<SP HEIGHT="38" WIDTH="57" VPOS="831" HPOS="317"/>
<String CONTENT="19" HEIGHT="40" WIDTH="53" VPOS="829" HPOS="375"/>
<String STYLE="superscript" CONTENT="cm" HEIGHT="21" WIDTH="45" VPOS="832" HPOS="431"/>
<String CONTENT="." HEIGHT="7" WIDTH="8" VPOS="862" HPOS="481"/>
</TextLine>
<TextLine HEIGHT="53" WIDTH="1990" VPOS="882" HPOS="95" CS="1">
<String CONTENT="&#169;" HEIGHT="53" WIDTH="52" VPOS="882" HPOS="95"/>
<SP HEIGHT="53" WIDTH="40" VPOS="882" HPOS="148"/>
<String CONTENT="Oct." HEIGHT="41" WIDTH="100" VPOS="886" HPOS="189"/>
<SP HEIGHT="39" WIDTH="40" VPOS="887" HPOS="290"/>
<String CONTENT="18," HEIGHT="48" WIDTH="68" VPOS="886" HPOS="331"/>
<SP HEIGHT="47" WIDTH="40" VPOS="887" HPOS="400"/>
<String CS="1" CONTENT="1935;" HEIGHT="40" WIDTH="111" VPOS="886" HPOS="441"/>
<SP HEIGHT="47" WIDTH="42" VPOS="885" HPOS="580"/>
<String CONTENT="2c." HEIGHT="41" WIDTH="67" VPOS="885" HPOS="623"/>
<SP HEIGHT="29" WIDTH="40" VPOS="896" HPOS="691"/>
<String CONTENT="and" HEIGHT="40" WIDTH="95" VPOS="885" HPOS="732"/>
<SP HEIGHT="40" WIDTH="40" VPOS="885" HPOS="828"/>
<String CONTENT="aff." HEIGHT="41" WIDTH="82" VPOS="884" HPOS="869"/>
<SP HEIGHT="39" WIDTH="40" VPOS="886" HPOS="952"/>
<String CONTENT="Nov." HEIGHT="39" WIDTH="118" VPOS="886" HPOS="993"/>
<SP HEIGHT="39" WIDTH="40" VPOS="886" HPOS="1112"/>
<String CS="1" CONTENT="18;" HEIGHT="40" WIDTH="58" VPOS="886" HPOS="1153"/>
<SP HEIGHT="46" WIDTH="42" VPOS="886" HPOS="1236"/>
<!-- cceid 9584E831-6D82-1014-B070-FDFD250A9EDA --><String CONTENT="A" HEIGHT="39" WIDTH="40" VPOS="886" HPOS="1279"/>
<SP HEIGHT="41" WIDTH="39" VPOS="886" HPOS="1320"/>
<String CS="1" CONTENT="89425;" HEIGHT="43" WIDTH="143" VPOS="884" HPOS="1360"/>
<SP HEIGHT="47" WIDTH="44" VPOS="886" HPOS="1531"/>
<String CONTENT="Council" HEIGHT="42" WIDTH="198" VPOS="885" HPOS="1576"/>
<SP HEIGHT="39" WIDTH="41" VPOS="888" HPOS="1775"/>
<String CONTENT="on" HEIGHT="30" WIDTH="61" VPOS="897" HPOS="1817"/>
<SP HEIGHT="39" WIDTH="38" VPOS="887" HPOS="1879"/>
<String CONTENT="dental" HEIGHT="41" WIDTH="167" VPOS="887" HPOS="1918"/>
</TextLine>
<TextLine HEIGHT="50" WIDTH="892" VPOS="942" HPOS="160">
<String CONTENT="therapeutics," HEIGHT="50" WIDTH="342" VPOS="942" HPOS="160"/>
<SP HEIGHT="47" WIDTH="31" VPOS="943" HPOS="503"/>
<String LANG="fr" CONTENT="Amer," HEIGHT="39" WIDTH="158" VPOS="943" HPOS="535"/>
<SP HEIGHT="39" WIDTH="33" VPOS="943" HPOS="694"/>
<String CONTENT="dental" HEIGHT="40" WIDTH="167" VPOS="943" HPOS="728"/>
<SP HEIGHT="37" WIDTH="27" VPOS="945" HPOS="896"/>
<String CONTENT="assn." HEIGHT="30" WIDTH="128" VPOS="952" HPOS="924"/>
</TextLine>
<TextLine HEIGHT="65" WIDTH="946" VPOS="1044" HPOS="93" STYLEREFS="StyleId-65C218DF-CA35-4C36-BD01-99C3FE7D8EE9-">
<String CONTENT="Adams," HEIGHT="65" WIDTH="242" VPOS="1044" HPOS="93"/>
<SP HEIGHT="64" WIDTH="29" VPOS="1045" HPOS="336"/>
<String CONTENT="Grace" HEIGHT="54" WIDTH="185" VPOS="1045" HPOS="366"/>
<SP HEIGHT="54" WIDTH="23" VPOS="1045" HPOS="552"/>
<String CONTENT="Kinckle," HEIGHT="64" WIDTH="263" VPOS="1045" HPOS="576"/>
<SP HEIGHT="60" WIDTH="29" VPOS="1049" HPOS="840"/>
<String CONTENT="1900-" HEIGHT="51" WIDTH="169" VPOS="1048" HPOS="870"/>
</TextLine>
<TextLine HEIGHT="70" WIDTH="1927" VPOS="1120" HPOS="157" STYLEREFS="StyleId-01D763CC-0EA8-47DA-A102-BA74710ED7C9-">
<String CONTENT="Don&#8217;t" HEIGHT="53" WIDTH="174" VPOS="1121" HPOS="157"/>
<SP HEIGHT="53" WIDTH="20" VPOS="1122" HPOS="332"/>
<String CONTENT="be" HEIGHT="53" WIDTH="66" VPOS="1122" HPOS="353"/>
<SP HEIGHT="34" WIDTH="20" VPOS="1141" HPOS="420"/>
<String CONTENT="afraid," HEIGHT="68" WIDTH="211" VPOS="1120" HPOS="441"/>
<SP HEIGHT="67" WIDTH="18" VPOS="1121" HPOS="653"/>
<String CONTENT="by" HEIGHT="69" WIDTH="75" VPOS="1121" HPOS="672"/>
<SP HEIGHT="70" WIDTH="19" VPOS="1120" HPOS="748"/>
<String CONTENT="Grace" HEIGHT="56" WIDTH="180" VPOS="1120" HPOS="768"/>
<SP HEIGHT="53" WIDTH="18" VPOS="1121" HPOS="949"/>
<String CONTENT="Adams." HEIGHT="53" WIDTH="235" VPOS="1121" HPOS="968"/>
<SP HEIGHT="52" WIDTH="73" VPOS="1122" HPOS="1204"/>
<String CONTENT="New" HEIGHT="52" WIDTH="137" VPOS="1122" HPOS="1278"/>
<SP HEIGHT="52" WIDTH="23" VPOS="1121" HPOS="1416"/>
<String CONTENT="York," HEIGHT="69" WIDTH="178" VPOS="1120" HPOS="1440"/>
<SP HEIGHT="67" WIDTH="22" VPOS="1122" HPOS="1619"/>
<String CONTENT="Covici," HEIGHT="69" WIDTH="214" VPOS="1120" HPOS="1642"/>
<SP HEIGHT="67" WIDTH="21" VPOS="1122" HPOS="1857"/>
<String LANG="de" CONTENT="Friede" HEIGHT="53" WIDTH="205" VPOS="1122" HPOS="1879"/>
</TextLine>
<TextLine HEIGHT="64" WIDTH="175" VPOS="1202" HPOS="113" STYLEREFS="StyleId-01D763CC-0EA8-47DA-A102-BA74710ED7C9-">
<String STYLE="superscript" CONTENT="c" HEIGHT="22" WIDTH="18" VPOS="1206" HPOS="113"/>
<String CONTENT="1935]" HEIGHT="64" WIDTH="151" VPOS="1202" HPOS="137"/>
</TextLine>
<TextLine HEIGHT="49" WIDTH="608" VPOS="1272" HPOS="160" CS="1">
<String LANG="en-US" CONTENT="4" HEIGHT="39" WIDTH="30" VPOS="1274" HPOS="160"/>
<SP HEIGHT="47" WIDTH="22" VPOS="1274" HPOS="191"/>
<String LANG="fr" CONTENT="p." HEIGHT="37" WIDTH="42" VPOS="1284" HPOS="214"/>
<SP/>
<String LANG="fr" CS="1" CONTENT="l.,"/>
<SP/>
<String LANG="en-US" CONTENT="11-188" HEIGHT="41" WIDTH="174" VPOS="1272" HPOS="352"/>
<SP HEIGHT="49" WIDTH="22" VPOS="1272" HPOS="527"/>
<String LANG="en-US" CONTENT="p." HEIGHT="37" WIDTH="41" VPOS="1284" HPOS="550"/>
<SP HEIGHT="41" WIDTH="58" VPOS="1272" HPOS="592"/>
<String LANG="en-US" CONTENT="21" HEIGHT="40" WIDTH="53" VPOS="1272" HPOS="651"/>
<String STYLE="superscript" LANG="en-US" CONTENT="cm" HEIGHT="22" WIDTH="44" VPOS="1274" HPOS="710"/>
<String LANG="en-US" CONTENT="." HEIGHT="9" WIDTH="9" VPOS="1304" HPOS="759"/>
</TextLine>
<TextLine HEIGHT="53" WIDTH="1994" VPOS="1326" HPOS="90" CS="1">
<String CONTENT="&#169;" HEIGHT="53" WIDTH="52" VPOS="1326" HPOS="90"/>
<SP HEIGHT="53" WIDTH="25" VPOS="1326" HPOS="143"/>
<String CONTENT="Oct." HEIGHT="41" WIDTH="101" VPOS="1330" HPOS="169"/>
<SP HEIGHT="40" WIDTH="25" VPOS="1330" HPOS="271"/>
<String CONTENT="25," HEIGHT="46" WIDTH="69" VPOS="1330" HPOS="297"/>
<SP HEIGHT="46" WIDTH="24" VPOS="1330" HPOS="367"/>
<String CONTENT="1935;" HEIGHT="46" WIDTH="139" VPOS="1330" HPOS="392"/>
<SP HEIGHT="47" WIDTH="28" VPOS="1329" HPOS="532"/>
<String CONTENT="2c." HEIGHT="40" WIDTH="65" VPOS="1329" HPOS="561"/>
<SP HEIGHT="29" WIDTH="27" VPOS="1340" HPOS="627"/>
<String CONTENT="and" HEIGHT="39" WIDTH="94" VPOS="1330" HPOS="655"/>
<SP HEIGHT="39" WIDTH="25" VPOS="1330" HPOS="750"/>
<String CONTENT="aff." HEIGHT="41" WIDTH="81" VPOS="1328" HPOS="776"/>
<SP HEIGHT="41" WIDTH="26" VPOS="1328" HPOS="858"/>
<String CONTENT="Oct." HEIGHT="41" WIDTH="102" VPOS="1328" HPOS="885"/>
<SP HEIGHT="41" WIDTH="24" VPOS="1328" HPOS="988"/>
<String CONTENT="28;" HEIGHT="47" WIDTH="82" VPOS="1328" HPOS="1013"/>
<SP HEIGHT="46" WIDTH="28" VPOS="1329" HPOS="1096"/>
<!-- cceid 9585220F-6D82-1014-B070-FDFD250A9EDA --><String CONTENT="A" HEIGHT="39" WIDTH="40" VPOS="1329" HPOS="1125"/>
<SP HEIGHT="40" WIDTH="26" VPOS="1329" HPOS="1166"/>
<String CS="1" CONTENT="87977;" HEIGHT="41" WIDTH="142" VPOS="1328" HPOS="1193"/>
<SP HEIGHT="47" WIDTH="31" VPOS="1329" HPOS="1362"/>
<String CONTENT="Grace" HEIGHT="40" WIDTH="153" VPOS="1329" HPOS="1394"/>
<SP HEIGHT="40" WIDTH="25" VPOS="1329" HPOS="1548"/>
<String CONTENT="Adams," HEIGHT="48" WIDTH="195" VPOS="1329" HPOS="1574"/>
<SP HEIGHT="47" WIDTH="25" VPOS="1330" HPOS="1770"/>
<String CONTENT="New" HEIGHT="39" WIDTH="116" VPOS="1330" HPOS="1796"/>
<SP HEIGHT="40" WIDTH="25" VPOS="1330" HPOS="1913"/>
<String CONTENT="York." HEIGHT="41" WIDTH="145" VPOS="1330" HPOS="1939"/>
</TextLine>
<TextLine HEIGHT="47" WIDTH="279" VPOS="1386" HPOS="167">
<String CONTENT="(35-22644)" HEIGHT="47" WIDTH="279" VPOS="1386" HPOS="167"/>
</TextLine>
<TextLine HEIGHT="64" WIDTH="1038" VPOS="1490" HPOS="93" STYLEREFS="StyleId-01D763CC-0EA8-47DA-A102-BA74710ED7C9-">
<String CONTENT="Addams," HEIGHT="64" WIDTH="281" VPOS="1490" HPOS="93"/>
<SP HEIGHT="64" WIDTH="29" VPOS="1490" HPOS="375"/>
<String CONTENT="George" HEIGHT="64" WIDTH="225" VPOS="1490" HPOS="405"/>
<SP HEIGHT="54" WIDTH="26" VPOS="1490" HPOS="631"/>
<String CONTENT="Stanton," HEIGHT="64" WIDTH="271" VPOS="1490" HPOS="658"/>
<SP HEIGHT="59" WIDTH="30" VPOS="1495" HPOS="930"/>
<String CONTENT="1869-" HEIGHT="50" WIDTH="170" VPOS="1495" HPOS="961"/>
</TextLine>
<TextLine HEIGHT="69" WIDTH="1917" VPOS="1566" HPOS="163" STYLEREFS="StyleId-01D763CC-0EA8-47DA-A102-BA74710ED7C9-">
<String CONTENT="A" HEIGHT="52" WIDTH="56" VPOS="1567" HPOS="163"/>
<SP HEIGHT="52" WIDTH="30" VPOS="1567" HPOS="220"/>
<String CONTENT="treatise" HEIGHT="54" WIDTH="229" VPOS="1566" HPOS="251"/>
<SP HEIGHT="34" WIDTH="33" VPOS="1586" HPOS="481"/>
<String CONTENT="on" HEIGHT="35" WIDTH="72" VPOS="1586" HPOS="515"/>
<SP HEIGHT="50" WIDTH="34" VPOS="1584" HPOS="588"/>
<String CONTENT="practice" HEIGHT="68" WIDTH="247" VPOS="1566" HPOS="623"/>
<SP HEIGHT="36" WIDTH="32" VPOS="1584" HPOS="871"/>
<String CONTENT="and" HEIGHT="52" WIDTH="113" VPOS="1567" HPOS="904"/>
<SP HEIGHT="67" WIDTH="32" VPOS="1567" HPOS="1018"/>
<String CONTENT="procedure" HEIGHT="66" WIDTH="309" VPOS="1568" HPOS="1051"/>
<SP HEIGHT="53" WIDTH="34" VPOS="1567" HPOS="1361"/>
<String CONTENT="in" HEIGHT="52" WIDTH="60" VPOS="1567" HPOS="1396"/>
<SP HEIGHT="46" WIDTH="34" VPOS="1574" HPOS="1457"/>
<String CONTENT="the" HEIGHT="53" WIDTH="95" VPOS="1568" HPOS="1492"/>
<SP HEIGHT="49" WIDTH="32" VPOS="1586" HPOS="1588"/>
<String CONTENT="probate" HEIGHT="67" WIDTH="236" VPOS="1568" HPOS="1621"/>
<SP HEIGHT="34" WIDTH="35" VPOS="1587" HPOS="1858"/>
<String CONTENT="courts" HEIGHT="47" WIDTH="186" VPOS="1576" HPOS="1894"/>
</TextLine>
<TextLine HEIGHT="69" WIDTH="1986" VPOS="1643" HPOS="92" STYLEREFS="StyleId-01D763CC-0EA8-47DA-A102-BA74710ED7C9-">
<String CONTENT="of" HEIGHT="52" WIDTH="64" VPOS="1643" HPOS="92"/>
<SP HEIGHT="55" WIDTH="31" VPOS="1643" HPOS="157"/>
<String CONTENT="Ohio," HEIGHT="69" WIDTH="167" VPOS="1643" HPOS="189"/>
<SP HEIGHT="68" WIDTH="31" VPOS="1644" HPOS="357"/>
<String CONTENT="including" HEIGHT="69" WIDTH="297" VPOS="1643" HPOS="389"/>
<SP HEIGHT="62" WIDTH="31" VPOS="1650" HPOS="687"/>
<String CONTENT="the" HEIGHT="54" WIDTH="95" VPOS="1644" HPOS="719"/>
<SP HEIGHT="52" WIDTH="29" VPOS="1646" HPOS="815"/>
<String CONTENT="law" HEIGHT="51" WIDTH="108" VPOS="1646" HPOS="845"/>
<SP HEIGHT="35" WIDTH="32" VPOS="1662" HPOS="954"/>
<String CONTENT="of" HEIGHT="54" WIDTH="64" VPOS="1643" HPOS="987"/>
<SP HEIGHT="54" WIDTH="31" VPOS="1643" HPOS="1052"/>
<String CONTENT="wills," HEIGHT="66" WIDTH="163" VPOS="1643" HPOS="1084"/>
<SP HEIGHT="46" WIDTH="32" VPOS="1663" HPOS="1248"/>
<String CONTENT="administration" HEIGHT="54" WIDTH="463" VPOS="1643" HPOS="1281"/>
<SP HEIGHT="35" WIDTH="33" VPOS="1663" HPOS="1745"/>
<String CONTENT="of" HEIGHT="55" WIDTH="64" VPOS="1643" HPOS="1779"/>
<SP HEIGHT="55" WIDTH="30" VPOS="1643" HPOS="1844"/>
<String CONTENT="estates" HEIGHT="47" WIDTH="203" VPOS="1652" HPOS="1875"/>
</TextLine>
<TextLine HEIGHT="71" WIDTH="1987" VPOS="1720" HPOS="92" STYLEREFS="StyleId-01D763CC-0EA8-47DA-A102-BA74710ED7C9-">
<String CONTENT="and" HEIGHT="53" WIDTH="112" VPOS="1723" HPOS="92"/>
<SP HEIGHT="53" WIDTH="23" VPOS="1723" HPOS="205"/>
<String CONTENT="related" HEIGHT="54" WIDTH="213" VPOS="1722" HPOS="229"/>
<SP HEIGHT="53" WIDTH="22" VPOS="1723" HPOS="443"/>
<String CONTENT="subjects," HEIGHT="68" WIDTH="262" VPOS="1721" HPOS="466"/>
<SP HEIGHT="47" WIDTH="21" VPOS="1741" HPOS="729"/>
<String CONTENT="with" HEIGHT="55" WIDTH="141" VPOS="1720" HPOS="751"/>
<SP HEIGHT="54" WIDTH="24" VPOS="1720" HPOS="893"/>
<String CONTENT="forms" HEIGHT="54" WIDTH="179" VPOS="1720" HPOS="918"/>
<SP HEIGHT="34" WIDTH="22" VPOS="1740" HPOS="1098"/>
<String CONTENT="and" HEIGHT="53" WIDTH="112" VPOS="1722" HPOS="1121"/>
<SP HEIGHT="68" WIDTH="23" VPOS="1720" HPOS="1234"/>
<String CONTENT="journal" HEIGHT="68" WIDTH="228" VPOS="1720" HPOS="1258"/>
<SP HEIGHT="52" WIDTH="23" VPOS="1724" HPOS="1487"/>
<String CONTENT="entries," HEIGHT="68" WIDTH="224" VPOS="1720" HPOS="1511"/>
<SP HEIGHT="66" WIDTH="21" VPOS="1722" HPOS="1736"/>
<String CONTENT="by" HEIGHT="67" WIDTH="75" VPOS="1722" HPOS="1758"/>
<SP HEIGHT="67" WIDTH="24" VPOS="1722" HPOS="1834"/>
<String CONTENT="George" HEIGHT="69" WIDTH="220" VPOS="1722" HPOS="1859"/>
</TextLine>
<TextLine HEIGHT="70" WIDTH="1987" VPOS="1797" HPOS="94" STYLEREFS="StyleId-01D763CC-0EA8-47DA-A102-BA74710ED7C9-">
<String CONTENT="S." HEIGHT="55" WIDTH="56" VPOS="1798" HPOS="94"/>
<SP HEIGHT="52" WIDTH="25" VPOS="1800" HPOS="151"/>
<String CONTENT="Addams" HEIGHT="53" WIDTH="259" VPOS="1799" HPOS="177"/>
<SP HEIGHT="34" WIDTH="32" VPOS="1819" HPOS="437"/>
<String CONTENT="&#8230;" HEIGHT="10" WIDTH="56" VPOS="1843" HPOS="470"/>
<SP HEIGHT="36" WIDTH="32" VPOS="1817" HPOS="527"/>
<String CONTENT="and" HEIGHT="52" WIDTH="113" VPOS="1800" HPOS="560"/>
<SP HEIGHT="55" WIDTH="26" VPOS="1799" HPOS="674"/>
<String CONTENT="Grover" HEIGHT="55" WIDTH="220" VPOS="1799" HPOS="701"/>
<SP HEIGHT="56" WIDTH="27" VPOS="1797" HPOS="922"/>
<String CONTENT="C." HEIGHT="56" WIDTH="62" VPOS="1797" HPOS="950"/>
<SP HEIGHT="53" WIDTH="27" VPOS="1799" HPOS="1013"/>
<String CONTENT="Hosford" HEIGHT="55" WIDTH="263" VPOS="1797" HPOS="1041"/>
<SP HEIGHT="53" WIDTH="32" VPOS="1799" HPOS="1305"/>
<String CONTENT="&#8230;" HEIGHT="10" WIDTH="56" VPOS="1843" HPOS="1338"/>
<SP HEIGHT="51" WIDTH="76" VPOS="1802" HPOS="1395"/>
<String CONTENT="2d" HEIGHT="52" WIDTH="74" VPOS="1802" HPOS="1472"/>
<SP HEIGHT="52" WIDTH="25" VPOS="1802" HPOS="1547"/>
<String CONTENT="ed." HEIGHT="53" WIDTH="84" VPOS="1800" HPOS="1573"/>
<SP HEIGHT="56" WIDTH="75" VPOS="1800" HPOS="1658"/>
<String CONTENT="Cincinnati," HEIGHT="69" WIDTH="347" VPOS="1798" HPOS="1734"/>
</TextLine>
<TextLine HEIGHT="68" WIDTH="1176" VPOS="1876" HPOS="91" STYLEREFS="StyleId-01D763CC-0EA8-47DA-A102-BA74710ED7C9-" CS="1">
<String CONTENT="The" HEIGHT="52" WIDTH="119" VPOS="1877" HPOS="91"/>
<SP HEIGHT="54" WIDTH="24" VPOS="1878" HPOS="211"/>
<String CONTENT="W." HEIGHT="54" WIDTH="89" VPOS="1878" HPOS="236"/>
<SP HEIGHT="55" WIDTH="25" VPOS="1876" HPOS="326"/>
<String CONTENT="H." HEIGHT="55" WIDTH="76" VPOS="1876" HPOS="352"/>
<SP HEIGHT="53" WIDTH="25" VPOS="1878" HPOS="429"/>
<String CONTENT="Anderson" HEIGHT="52" WIDTH="301" VPOS="1878" HPOS="455"/>
<SP HEIGHT="33" WIDTH="26" VPOS="1897" HPOS="757"/>
<String CONTENT="company" HEIGHT="50" WIDTH="278" VPOS="1894" HPOS="784"/>
<SP HEIGHT="50" WIDTH="30" VPOS="1894" HPOS="1063"/>
<String CS="1" CONTENT="["/>
<String STYLE="superscript" CONTENT="c" HEIGHT="22" WIDTH="18" VPOS="1882" HPOS="1111"/>
<String CS="1" CONTENT="1935]" HEIGHT="50" WIDTH="133" VPOS="1880" HPOS="1134"/>
</TextLine>
<TextLine HEIGHT="50" WIDTH="720" VPOS="1948" HPOS="161" STYLEREFS="StyleId-01D763CC-0EA8-47DA-A102-BA74710ED7C9-" CS="1">
<String CONTENT="xxxiv," HEIGHT="49" WIDTH="166" VPOS="1949" HPOS="161"/>
<SP HEIGHT="47" WIDTH="29" VPOS="1951" HPOS="328"/>
<String CONTENT="1647," HEIGHT="48" WIDTH="127" VPOS="1949" HPOS="358"/>
<SP HEIGHT="48" WIDTH="31" VPOS="1949" HPOS="486"/>
<String CONTENT="228" HEIGHT="41" WIDTH="86" VPOS="1949" HPOS="518"/>
<SP HEIGHT="49" WIDTH="28" VPOS="1949" HPOS="605"/>
<String CONTENT="p." HEIGHT="37" WIDTH="43" VPOS="1961" HPOS="634"/>
<SP HEIGHT="41" WIDTH="56" VPOS="1949" HPOS="678"/>
<String CS="1" CONTENT="25&#189;" HEIGHT="41" WIDTH="58" VPOS="1948" HPOS="735"/>
<String STYLE="superscript" CONTENT="cm" HEIGHT="22" WIDTH="44" VPOS="1951" HPOS="824"/>
<String CONTENT="." HEIGHT="10" WIDTH="9" VPOS="1979" HPOS="872"/>
</TextLine>
<TextLine HEIGHT="42" WIDTH="1040" VPOS="2005" HPOS="161">
<String CONTENT="Pocket" HEIGHT="41" WIDTH="180" VPOS="2006" HPOS="161"/>
<SP HEIGHT="40" WIDTH="23" VPOS="2007" HPOS="342"/>
<String CONTENT="device" HEIGHT="41" WIDTH="164" VPOS="2005" HPOS="366"/>
<SP HEIGHT="30" WIDTH="24" VPOS="2016" HPOS="531"/>
<String CONTENT="on" HEIGHT="30" WIDTH="61" VPOS="2016" HPOS="556"/>
<SP HEIGHT="40" WIDTH="22" VPOS="2005" HPOS="618"/>
<String CONTENT="inside" HEIGHT="41" WIDTH="157" VPOS="2005" HPOS="641"/>
<SP HEIGHT="30" WIDTH="23" VPOS="2016" HPOS="799"/>
<String CONTENT="of" HEIGHT="41" WIDTH="50" VPOS="2005" HPOS="823"/>
<SP HEIGHT="41" WIDTH="23" VPOS="2005" HPOS="874"/>
<String CONTENT="back" HEIGHT="41" WIDTH="122" VPOS="2005" HPOS="898"/>
<SP HEIGHT="41" WIDTH="24" VPOS="2005" HPOS="1021"/>
<String CONTENT="cover." HEIGHT="32" WIDTH="155" VPOS="2014" HPOS="1046"/>
</TextLine>
<TextLine HEIGHT="44" WIDTH="1916" VPOS="2059" HPOS="162">
<String CONTENT="Much" HEIGHT="40" WIDTH="147" VPOS="2062" HPOS="162"/>
<SP HEIGHT="40" WIDTH="26" VPOS="2062" HPOS="310"/>
<String CONTENT="of" HEIGHT="40" WIDTH="52" VPOS="2061" HPOS="337"/>
<SP HEIGHT="41" WIDTH="27" VPOS="2061" HPOS="390"/>
<String CONTENT="the" HEIGHT="40" WIDTH="82" VPOS="2062" HPOS="418"/>
<SP HEIGHT="30" WIDTH="26" VPOS="2072" HPOS="501"/>
<String CONTENT="author&#8217;s" HEIGHT="42" WIDTH="219" VPOS="2061" HPOS="528"/>
<SP HEIGHT="39" WIDTH="27" VPOS="2064" HPOS="748"/>
<String CONTENT="text" HEIGHT="39" WIDTH="105" VPOS="2063" HPOS="776"/>
<SP HEIGHT="42" WIDTH="25" VPOS="2060" HPOS="882"/>
<String CONTENT="is" HEIGHT="43" WIDTH="43" VPOS="2060" HPOS="908"/>
<SP HEIGHT="42" WIDTH="27" VPOS="2061" HPOS="952"/>
<String CONTENT="based" HEIGHT="41" WIDTH="148" VPOS="2061" HPOS="980"/>
<SP HEIGHT="39" WIDTH="29" VPOS="2062" HPOS="1129"/>
<String CONTENT="on" HEIGHT="30" WIDTH="60" VPOS="2071" HPOS="1159"/>
<SP HEIGHT="39" WIDTH="29" VPOS="2062" HPOS="1220"/>
<String CONTENT="the" HEIGHT="40" WIDTH="82" VPOS="2061" HPOS="1250"/>
<SP HEIGHT="41" WIDTH="28" VPOS="2060" HPOS="1333"/>
<String CONTENT="fourth" HEIGHT="41" WIDTH="171" VPOS="2060" HPOS="1362"/>
<SP HEIGHT="40" WIDTH="28" VPOS="2061" HPOS="1534"/>
<String CONTENT="edition" HEIGHT="43" WIDTH="183" VPOS="2059" HPOS="1563"/>
<SP HEIGHT="30" WIDTH="29" VPOS="2071" HPOS="1747"/>
<String CONTENT="of" HEIGHT="41" WIDTH="52" VPOS="2060" HPOS="1777"/>
<SP HEIGHT="41" WIDTH="29" VPOS="2060" HPOS="1830"/>
<String CONTENT="Rockel&#8217;s" HEIGHT="41" WIDTH="218" VPOS="2061" HPOS="1860"/>
</TextLine>
<TextLine HEIGHT="106" WIDTH="1969" VPOS="2117" HPOS="92" CS="1">
<String CONTENT="complete" HEIGHT="47" WIDTH="232" VPOS="2119" HPOS="94"/>
<SP HEIGHT="41" WIDTH="31" VPOS="2118" HPOS="327"/>
<String CONTENT="Ohio" HEIGHT="42" WIDTH="123" VPOS="2117" HPOS="359"/>
<SP HEIGHT="38" WIDTH="32" VPOS="2128" HPOS="483"/>
<String CONTENT="probate" HEIGHT="48" WIDTH="200" VPOS="2118" HPOS="516"/>
<SP HEIGHT="37" WIDTH="32" VPOS="2129" HPOS="717"/>
<String CONTENT="practice." HEIGHT="48" WIDTH="225" VPOS="2118" HPOS="750"/>
<SP HEIGHT="39" WIDTH="60" VPOS="2117" HPOS="976"/>
<String CONTENT="Forms" HEIGHT="41" WIDTH="170" VPOS="2117" HPOS="1037"/>
<SP HEIGHT="31" WIDTH="33" VPOS="2127" HPOS="1208"/>
<String CONTENT="compiled," HEIGHT="49" WIDTH="248" VPOS="2117" HPOS="1242"/>
<SP HEIGHT="38" WIDTH="35" VPOS="2127" HPOS="1491"/>
<String CONTENT="arranged" HEIGHT="47" WIDTH="241" VPOS="2119" HPOS="1527"/>
<SP HEIGHT="39" WIDTH="35" VPOS="2119" HPOS="1769"/>
<String CONTENT="and" HEIGHT="40" WIDTH="92" VPOS="2118" HPOS="1805"/>
<SP HEIGHT="40" WIDTH="37" VPOS="2118" HPOS="1898"/>
<String CONTENT="annotated" HEIGHT="88" WIDTH="1969" VPOS="2128" HPOS="92"/>
<SP HEIGHT="41" WIDTH="24" VPOS="2175" HPOS="227"/>
<String CONTENT="by" HEIGHT="48" WIDTH="62" VPOS="2175" HPOS="252"/>
</TextLine>
<TextLine HEIGHT="50" WIDTH="820" VPOS="2174" HPOS="339">
<String CONTENT="Philip" HEIGHT="49" WIDTH="164" VPOS="2175" HPOS="339"/>
<SP HEIGHT="48" WIDTH="22" VPOS="2176" HPOS="504"/>
<String CONTENT="E." HEIGHT="40" WIDTH="52" VPOS="2176" HPOS="527"/>
<SP HEIGHT="40" WIDTH="25" VPOS="2176" HPOS="580"/>
<String CONTENT="Knowlton." HEIGHT="40" WIDTH="275" VPOS="2176" HPOS="606"/>
<SP HEIGHT="30" WIDTH="58" VPOS="2185" HPOS="882"/>
<String CONTENT="cf." HEIGHT="48" WIDTH="61" VPOS="2175" HPOS="941"/>
<SP HEIGHT="41" WIDTH="26" VPOS="2175" HPOS="1003"/>
<String CONTENT="Pref." HEIGHT="41" WIDTH="129" VPOS="2174" HPOS="1030"/>
</TextLine>
<TextLine HEIGHT="53" WIDTH="1992" VPOS="2229" HPOS="89" CS="1">
<String CONTENT="&#169;" HEIGHT="53" WIDTH="50" VPOS="2229" HPOS="89"/>
<SP HEIGHT="53" WIDTH="27" VPOS="2229" HPOS="140"/>
<String CONTENT="Oct." HEIGHT="41" WIDTH="98" VPOS="2233" HPOS="168"/>
<SP HEIGHT="40" WIDTH="27" VPOS="2232" HPOS="267"/>
<String CONTENT="23," HEIGHT="49" WIDTH="69" VPOS="2232" HPOS="295"/>
<SP HEIGHT="48" WIDTH="26" VPOS="2233" HPOS="365"/>
<String CS="1" CONTENT="1935;" HEIGHT="41" WIDTH="113" VPOS="2232" HPOS="392"/>
<SP HEIGHT="48" WIDTH="28" VPOS="2231" HPOS="532"/>
<String CONTENT="2c." HEIGHT="42" WIDTH="67" VPOS="2231" HPOS="561"/>
<SP HEIGHT="41" WIDTH="28" VPOS="2232" HPOS="629"/>
<String CONTENT="Oct." HEIGHT="41" WIDTH="100" VPOS="2232" HPOS="658"/>
<SP HEIGHT="39" WIDTH="28" VPOS="2232" HPOS="759"/>
<String CS="1" CONTENT="24;" HEIGHT="39" WIDTH="55" VPOS="2232" HPOS="788"/>
<SP HEIGHT="35" WIDTH="29" VPOS="2243" HPOS="871"/>
<String CONTENT="aff." HEIGHT="41" WIDTH="81" VPOS="2231" HPOS="901"/>
<SP HEIGHT="40" WIDTH="27" VPOS="2232" HPOS="983"/>
<String CONTENT="Nov." HEIGHT="40" WIDTH="116" VPOS="2232" HPOS="1011"/>
<SP HEIGHT="40" WIDTH="29" VPOS="2232" HPOS="1128"/>
<String CS="1" CONTENT="12;" HEIGHT="39" WIDTH="55" VPOS="2231" HPOS="1158"/>
<SP HEIGHT="45" WIDTH="29" VPOS="2232" HPOS="1240"/>
<!-- cceid 95855A37-6D82-1014-B070-FDFD250A9EDA --><String CONTENT="A" HEIGHT="38" WIDTH="41" VPOS="2232" HPOS="1270"/>
<SP HEIGHT="41" WIDTH="26" VPOS="2230" HPOS="1312"/>
<String CS="1" CONTENT="88002;" HEIGHT="42" WIDTH="142" VPOS="2230" HPOS="1339"/>
<SP HEIGHT="47" WIDTH="29" VPOS="2231" HPOS="1510"/>
<String CONTENT="W." HEIGHT="40" WIDTH="71" VPOS="2231" HPOS="1540"/>
<SP HEIGHT="40" WIDTH="28" VPOS="2231" HPOS="1612"/>
<String CONTENT="H." HEIGHT="40" WIDTH="60" VPOS="2231" HPOS="1641"/>
<SP HEIGHT="40" WIDTH="28" VPOS="2231" HPOS="1702"/>
<String CONTENT="Anderson" HEIGHT="39" WIDTH="253" VPOS="2231" HPOS="1731"/>
<SP HEIGHT="30" WIDTH="27" VPOS="2241" HPOS="1985"/>
<String LANG="ru" CONTENT="co." HEIGHT="29" WIDTH="68" VPOS="2242" HPOS="2013"/>
</TextLine>
<TextLine HEIGHT="48" WIDTH="279" VPOS="2289" HPOS="165">
<String CONTENT="(35-19966)" HEIGHT="48" WIDTH="279" VPOS="2289" HPOS="165"/>
</TextLine>
<TextLine HEIGHT="64" WIDTH="1289" VPOS="2392" HPOS="91" STYLEREFS="StyleId-65C218DF-CA35-4C36-BD01-99C3FE7D8EE9-">
<String CONTENT="American" HEIGHT="54" WIDTH="311" VPOS="2392" HPOS="91"/>
<SP HEIGHT="36" WIDTH="26" VPOS="2410" HPOS="403"/>
<String CONTENT="society" HEIGHT="64" WIDTH="226" VPOS="2392" HPOS="430"/>
<SP HEIGHT="63" WIDTH="24" VPOS="2393" HPOS="657"/>
<String CONTENT="for" HEIGHT="52" WIDTH="96" VPOS="2393" HPOS="682"/>
<SP HEIGHT="49" WIDTH="24" VPOS="2396" HPOS="779"/>
<String CONTENT="testing" HEIGHT="64" WIDTH="228" VPOS="2392" HPOS="804"/>
<SP HEIGHT="47" WIDTH="22" VPOS="2409" HPOS="1033"/>
<String CONTENT="materials." HEIGHT="53" WIDTH="324" VPOS="2392" HPOS="1056"/>
</TextLine>
<TextLine HEIGHT="70" WIDTH="1907" VPOS="2468" HPOS="165" STYLEREFS="StyleId-01D763CC-0EA8-47DA-A102-BA74710ED7C9-">
<String CONTENT="&#8230;" HEIGHT="10" WIDTH="55" VPOS="2513" HPOS="165"/>
<SP HEIGHT="55" WIDTH="39" VPOS="2470" HPOS="221"/>
<String CONTENT="Supplement" HEIGHT="67" WIDTH="372" VPOS="2470" HPOS="261"/>
<SP HEIGHT="64" WIDTH="38" VPOS="2474" HPOS="634"/>
<String CONTENT="[1935]" HEIGHT="65" WIDTH="171" VPOS="2473" HPOS="673"/>
<SP HEIGHT="60" WIDTH="36" VPOS="2476" HPOS="845"/>
<String CONTENT="to" HEIGHT="47" WIDTH="57" VPOS="2476" HPOS="882"/>
<SP HEIGHT="50" WIDTH="34" VPOS="2473" HPOS="940"/>
<String CONTENT="Book" HEIGHT="53" WIDTH="161" VPOS="2470" HPOS="975"/>
<SP HEIGHT="52" WIDTH="31" VPOS="2470" HPOS="1137"/>
<String CONTENT="of" HEIGHT="53" WIDTH="63" VPOS="2469" HPOS="1169"/>
<SP HEIGHT="53" WIDTH="30" VPOS="2469" HPOS="1233"/>
<String LANG="fr" CONTENT="A." HEIGHT="52" WIDTH="70" VPOS="2470" HPOS="1264"/>
<SP HEIGHT="55" WIDTH="36" VPOS="2468" HPOS="1335"/>
<String LANG="fr" CONTENT="S." HEIGHT="55" WIDTH="55" VPOS="2468" HPOS="1372"/>
<SP HEIGHT="52" WIDTH="33" VPOS="2470" HPOS="1428"/>
<String LANG="fr" CONTENT="T." HEIGHT="52" WIDTH="66" VPOS="2470" HPOS="1462"/>
<SP HEIGHT="52" WIDTH="31" VPOS="2470" HPOS="1529"/>
<String CONTENT="M." HEIGHT="52" WIDTH="79" VPOS="2470" HPOS="1561"/>
<SP HEIGHT="33" WIDTH="33" VPOS="2489" HPOS="1641"/>
<String CONTENT="standards" HEIGHT="53" WIDTH="303" VPOS="2469" HPOS="1675"/>
<SP HEIGHT="33" WIDTH="37" VPOS="2489" HPOS="1979"/>
<String CONTENT="&#8230;" HEIGHT="9" WIDTH="55" VPOS="2512" HPOS="2017"/>
</TextLine>
<TextLine HEIGHT="68" WIDTH="1982" VPOS="2547" HPOS="93" STYLEREFS="StyleId-01D763CC-0EA8-47DA-A102-BA74710ED7C9-">
<String CONTENT="Philadelphia," HEIGHT="67" WIDTH="420" VPOS="2548" HPOS="93"/>
<SP HEIGHT="64" WIDTH="52" VPOS="2550" HPOS="514"/>
<String CONTENT="Pa.," HEIGHT="64" WIDTH="120" VPOS="2550" HPOS="567"/>
<SP HEIGHT="65" WIDTH="49" VPOS="2549" HPOS="688"/>
<String CONTENT="American" HEIGHT="53" WIDTH="304" VPOS="2547" HPOS="738"/>
<SP HEIGHT="33" WIDTH="51" VPOS="2567" HPOS="1043"/>
<String CONTENT="society" HEIGHT="67" WIDTH="211" VPOS="2547" HPOS="1095"/>
<SP HEIGHT="67" WIDTH="50" VPOS="2547" HPOS="1307"/>
<String CONTENT="for" HEIGHT="53" WIDTH="95" VPOS="2547" HPOS="1358"/>
<SP HEIGHT="48" WIDTH="47" VPOS="2552" HPOS="1454"/>
<String CONTENT="testing" HEIGHT="67" WIDTH="213" VPOS="2547" HPOS="1502"/>
<SP HEIGHT="49" WIDTH="49" VPOS="2565" HPOS="1716"/>
<String CONTENT="materials," HEIGHT="67" WIDTH="309" VPOS="2547" HPOS="1766"/>
</TextLine>
<TextLine HEIGHT="50" WIDTH="168" VPOS="2629" HPOS="91" STYLEREFS="StyleId-01D763CC-0EA8-47DA-A102-BA74710ED7C9-">
<String STYLE="superscript" CONTENT="c" HEIGHT="21" WIDTH="16" VPOS="2633" HPOS="91"/>
<String CONTENT="1935." HEIGHT="50" WIDTH="146" VPOS="2629" HPOS="113"/>
</TextLine>
<TextLine HEIGHT="48" WIDTH="758" VPOS="2698" HPOS="156" CS="1">
<String CONTENT="4" HEIGHT="38" WIDTH="28" VPOS="2699" HPOS="156"/>
<SP HEIGHT="46" WIDTH="25" VPOS="2699" HPOS="185"/>
<String CONTENT="p." HEIGHT="35" WIDTH="42" VPOS="2710" HPOS="211"/>
<SP/>
<String CS="1" CONTENT="l.,"/>
<SP/>
<String CONTENT="208" HEIGHT="40" WIDTH="87" VPOS="2698" HPOS="353"/>
<SP HEIGHT="48" WIDTH="22" VPOS="2698" HPOS="441"/>
<String CONTENT="p." HEIGHT="36" WIDTH="43" VPOS="2710" HPOS="464"/>
<SP HEIGHT="37" WIDTH="54" VPOS="2700" HPOS="508"/>
<String CONTENT="diagrs." HEIGHT="47" WIDTH="178" VPOS="2698" HPOS="563"/>
<SP HEIGHT="39" WIDTH="56" VPOS="2698" HPOS="742"/>
<String CONTENT="23" HEIGHT="39" WIDTH="54" VPOS="2698" HPOS="799"/>
<String STYLE="superscript" CONTENT="cm" HEIGHT="21" WIDTH="44" VPOS="2700" HPOS="856"/>
<String CONTENT="." HEIGHT="8" WIDTH="9" VPOS="2729" HPOS="905"/>
</TextLine>
<TextLine HEIGHT="53" WIDTH="1988" VPOS="2749" HPOS="93" CS="1">
<String CONTENT="&#169;" HEIGHT="53" WIDTH="50" VPOS="2749" HPOS="93"/>
<SP HEIGHT="53" WIDTH="32" VPOS="2749" HPOS="144"/>
<String CONTENT="Sept." HEIGHT="47" WIDTH="126" VPOS="2755" HPOS="177"/>
<SP HEIGHT="38" WIDTH="32" VPOS="2755" HPOS="304"/>
<String CONTENT="19," HEIGHT="48" WIDTH="68" VPOS="2753" HPOS="337"/>
<SP HEIGHT="47" WIDTH="34" VPOS="2754" HPOS="406"/>
<String CS="1" CONTENT="1935;" HEIGHT="40" WIDTH="115" VPOS="2754" HPOS="441"/>
<SP HEIGHT="47" WIDTH="35" VPOS="2753" HPOS="581"/>
<String CONTENT="2c." HEIGHT="41" WIDTH="66" VPOS="2753" HPOS="617"/>
<SP HEIGHT="39" WIDTH="34" VPOS="2755" HPOS="684"/>
<String CONTENT="Nov." HEIGHT="38" WIDTH="117" VPOS="2755" HPOS="719"/>
<SP HEIGHT="39" WIDTH="34" VPOS="2754" HPOS="837"/>
<String CONTENT="15;" HEIGHT="47" WIDTH="80" VPOS="2753" HPOS="872"/>
<SP HEIGHT="36" WIDTH="36" VPOS="2764" HPOS="953"/>
<String CONTENT="aff." HEIGHT="41" WIDTH="80" VPOS="2752" HPOS="990"/>
<SP HEIGHT="41" WIDTH="39" VPOS="2753" HPOS="1071"/>
<String CONTENT="Sept." HEIGHT="48" WIDTH="126" VPOS="2753" HPOS="1111"/>
<SP HEIGHT="42" WIDTH="34" VPOS="2751" HPOS="1238"/>
<String CONTENT="25;" HEIGHT="48" WIDTH="82" VPOS="2751" HPOS="1273"/>
<SP HEIGHT="46" WIDTH="36" VPOS="2753" HPOS="1356"/>
<!-- cceid 95859956-6D82-1014-B070-FDFD250A9EDA --><String CONTENT="A" HEIGHT="40" WIDTH="40" VPOS="2753" HPOS="1393"/>
<SP HEIGHT="40" WIDTH="33" VPOS="2753" HPOS="1434"/>
<String CONTENT="89376;" HEIGHT="47" WIDTH="169" VPOS="2753" HPOS="1468"/>
<SP HEIGHT="47" WIDTH="37" VPOS="2753" HPOS="1638"/>
<String LANG="fr" CONTENT="Amer." HEIGHT="40" WIDTH="157" VPOS="2753" HPOS="1676"/>
<SP HEIGHT="29" WIDTH="35" VPOS="2764" HPOS="1834"/>
<String LANG="fr" CONTENT="soc." HEIGHT="30" WIDTH="93" VPOS="2763" HPOS="1870"/>
<SP HEIGHT="41" WIDTH="33" VPOS="2752" HPOS="1964"/>
<String CONTENT="for" HEIGHT="40" WIDTH="83" VPOS="2752" HPOS="1998"/>
</TextLine>
<TextLine HEIGHT="49" WIDTH="469" VPOS="2810" HPOS="154">
<String CONTENT="testing" HEIGHT="49" WIDTH="180" VPOS="2810" HPOS="154"/>
<SP HEIGHT="37" WIDTH="21" VPOS="2822" HPOS="335"/>
<String CONTENT="materials." HEIGHT="41" WIDTH="266" VPOS="2810" HPOS="357"/>
</TextLine>
<TextLine HEIGHT="69" WIDTH="992" VPOS="2902" HPOS="93" STYLEREFS="StyleId-01D763CC-0EA8-47DA-A102-BA74710ED7C9-">
<String CONTENT="Antropoff," HEIGHT="69" WIDTH="331" VPOS="2902" HPOS="93"/>
<SP HEIGHT="64" WIDTH="26" VPOS="2907" HPOS="425"/>
<String CONTENT="Andreas" HEIGHT="53" WIDTH="273" VPOS="2907" HPOS="452"/>
<SP HEIGHT="37" WIDTH="25" VPOS="2923" HPOS="726"/>
<String CONTENT="von," HEIGHT="45" WIDTH="130" VPOS="2923" HPOS="752"/>
<SP HEIGHT="56" WIDTH="33" VPOS="2912" HPOS="883"/>
<String CONTENT="1878-" HEIGHT="52" WIDTH="168" VPOS="2908" HPOS="917"/>
</TextLine>
<TextLine HEIGHT="72" WIDTH="1678" VPOS="2980" HPOS="158" STYLEREFS="StyleId-01D763CC-0EA8-47DA-A102-BA74710ED7C9-" CS="1">
<String LANG="en-US" CONTENT="Experimentelle" HEIGHT="69" WIDTH="481" VPOS="2982" HPOS="158"/>
<SP HEIGHT="34" WIDTH="23" VPOS="3002" HPOS="640"/>
<String LANG="de" CONTENT="einf&#252;hrung" HEIGHT="70" WIDTH="354" VPOS="2982" HPOS="664"/>
<SP HEIGHT="70" WIDTH="23" VPOS="2982" HPOS="1019"/>
<String LANG="en-US" CONTENT="in" HEIGHT="53" WIDTH="58" VPOS="2982" HPOS="1043"/>
<SP HEIGHT="53" WIDTH="25" VPOS="2982" HPOS="1102"/>
<String LANG="en-US" CONTENT="die" HEIGHT="55" WIDTH="89" VPOS="2981" HPOS="1128"/>
<SP HEIGHT="35" WIDTH="24" VPOS="3001" HPOS="1218"/>
<String LANG="en-US" CONTENT="chemie," HEIGHT="67" WIDTH="228" VPOS="2980" HPOS="1243"/>
<SP HEIGHT="47" WIDTH="23" VPOS="3000" HPOS="1472"/>
<String LANG="en-US" CONTENT="von" HEIGHT="35" WIDTH="110" VPOS="3000" HPOS="1496"/>
<SP HEIGHT="53" WIDTH="24" VPOS="2981" HPOS="1607"/>
<String LANG="en-US" CONTENT="A." HEIGHT="54" WIDTH="72" VPOS="2981" HPOS="1632"/>
<SP HEIGHT="34" WIDTH="23" VPOS="3001" HPOS="1705"/>
<String LANG="en-US" CONTENT="von" HEIGHT="35" WIDTH="107" VPOS="3000" HPOS="1729"/>
</TextLine>
<TextLine HEIGHT="146" WIDTH="1980" VPOS="2982" HPOS="94" STYLEREFS="StyleId-01D763CC-0EA8-47DA-A102-BA74710ED7C9-" CS="1">
<String CONTENT="Antropoff" HEIGHT="144" WIDTH="1958" VPOS="2982" HPOS="94"/>
<SP HEIGHT="54" WIDTH="57" VPOS="3059" HPOS="210"/>
<String CONTENT="&#8230;" HEIGHT="9" WIDTH="55" VPOS="3104" HPOS="268"/>
<SP HEIGHT="49" WIDTH="77" VPOS="3064" HPOS="324"/>
<String CONTENT="3.," HEIGHT="63" WIDTH="67" VPOS="3064" HPOS="402"/>
<SP HEIGHT="48" WIDTH="53" VPOS="3079" HPOS="470"/>
<String CONTENT="neubearb." HEIGHT="53" WIDTH="296" VPOS="3060" HPOS="524"/>
<SP HEIGHT="34" WIDTH="55" VPOS="3079" HPOS="821"/>
<String LANG="de" CONTENT="aufl.," HEIGHT="67" WIDTH="149" VPOS="3060" HPOS="877"/>
<SP HEIGHT="48" WIDTH="53" VPOS="3079" HPOS="1027"/>
<String LANG="de" CONTENT="mit" HEIGHT="53" WIDTH="106" VPOS="3060" HPOS="1081"/>
<SP HEIGHT="50" WIDTH="56" VPOS="3063" HPOS="1188"/>
<String CONTENT="12" HEIGHT="48" WIDTH="64" VPOS="3063" HPOS="1245"/>
<SP HEIGHT="49" WIDTH="56" VPOS="3063" HPOS="1310"/>
<String CONTENT="abbildungen" HEIGHT="68" WIDTH="385" VPOS="3060" HPOS="1367"/>
<SP HEIGHT="50" WIDTH="54" VPOS="3061" HPOS="1753"/>
<String CONTENT="im" HEIGHT="50" WIDTH="75" VPOS="3061" HPOS="1808"/>
<SP HEIGHT="47" WIDTH="55" VPOS="3064" HPOS="1884"/>
<String CONTENT="text." HEIGHT="49" WIDTH="134" VPOS="3064" HPOS="1940"/>
</TextLine>
<TextLine HEIGHT="70" WIDTH="739" VPOS="3136" HPOS="92" STYLEREFS="StyleId-01D763CC-0EA8-47DA-A102-BA74710ED7C9-">
<String CONTENT="Leipzig," HEIGHT="70" WIDTH="250" VPOS="3136" HPOS="92"/>
<SP HEIGHT="67" WIDTH="34" VPOS="3138" HPOS="343"/>
<String CONTENT="L." HEIGHT="52" WIDTH="66" VPOS="3138" HPOS="378"/>
<SP HEIGHT="52" WIDTH="36" VPOS="3139" HPOS="445"/>
<String CONTENT="Voss," HEIGHT="66" WIDTH="161" VPOS="3139" HPOS="482"/>
<SP HEIGHT="64" WIDTH="36" VPOS="3141" HPOS="644"/>
<String CONTENT="1935." HEIGHT="50" WIDTH="150" VPOS="3141" HPOS="681"/>
</TextLine>
<TextLine HEIGHT="49" WIDTH="711" VPOS="3210" HPOS="158" CS="1">
<String CONTENT="94" HEIGHT="40" WIDTH="55" VPOS="3210" HPOS="158"/>
<SP HEIGHT="47" WIDTH="25" VPOS="3212" HPOS="214"/>
<String CONTENT="p." HEIGHT="37" WIDTH="42" VPOS="3222" HPOS="240"/>
<SP HEIGHT="41" WIDTH="58" VPOS="3211" HPOS="283"/>
<String CONTENT="illus.," HEIGHT="42" WIDTH="142" VPOS="3211" HPOS="342"/>
<SP HEIGHT="41" WIDTH="29" VPOS="3212" HPOS="485"/>
<String CONTENT="diagrs." HEIGHT="48" WIDTH="178" VPOS="3211" HPOS="515"/>
<SP HEIGHT="40" WIDTH="58" VPOS="3210" HPOS="694"/>
<String CONTENT="20" HEIGHT="41" WIDTH="56" VPOS="3210" HPOS="753"/>
<String STYLE="superscript" CS="1" CONTENT="cm" HEIGHT="21" WIDTH="15" VPOS="3213" HPOS="813"/>
<String CONTENT="." HEIGHT="9" WIDTH="9" VPOS="3242" HPOS="860"/>
</TextLine>
<TextLine HEIGHT="111" WIDTH="1731" VPOS="3262" HPOS="91" CS="1">
<String CONTENT="&#169;" HEIGHT="53" WIDTH="50" VPOS="3262" HPOS="91"/>
<SP HEIGHT="53" WIDTH="28" VPOS="3262" HPOS="142"/>
<String CONTENT="Jan." HEIGHT="39" WIDTH="105" VPOS="3268" HPOS="171"/>
<SP HEIGHT="40" WIDTH="29" VPOS="3267" HPOS="277"/>
<String CONTENT="2," HEIGHT="47" WIDTH="39" VPOS="3267" HPOS="307"/>
<SP HEIGHT="45" WIDTH="29" VPOS="3269" HPOS="347"/>
<String CONTENT="1935;" HEIGHT="47" WIDTH="139" VPOS="3267" HPOS="377"/>
<SP/>
<String CS="1" CONTENT="1c."/>
<SP/>
<String CONTENT="July" HEIGHT="47" WIDTH="115" VPOS="3268" HPOS="646"/>
<SP HEIGHT="47" WIDTH="28" VPOS="3268" HPOS="762"/>
<String CONTENT="10;" HEIGHT="47" WIDTH="81" VPOS="3267" HPOS="791"/>
<SP HEIGHT="47" WIDTH="31" VPOS="3267" HPOS="873"/>
<!-- cceid 9585DF96-6D82-1014-B070-FDFD250A9EDA --><String CONTENT="A-Foreign" HEIGHT="48" WIDTH="308" VPOS="3267" HPOS="905"/>
<SP HEIGHT="39" WIDTH="30" VPOS="3267" HPOS="1214"/>
<String CONTENT="28496;" HEIGHT="48" WIDTH="170" VPOS="3266" HPOS="1245"/>
<SP HEIGHT="46" WIDTH="32" VPOS="3268" HPOS="1416"/>
<String CONTENT="Leopold" HEIGHT="48" WIDTH="209" VPOS="3268" HPOS="1449"/>
<SP HEIGHT="39" WIDTH="28" VPOS="3268" HPOS="1659"/>
<String CONTENT="Voss," HEIGHT="39" WIDTH="134" VPOS="3268" HPOS="1688"/>
<SP/>
<String CONTENT="(35-22980)" HEIGHT="49" WIDTH="277" VPOS="3324" HPOS="165"/>
</TextLine>
<TextLine HEIGHT="69" WIDTH="925" VPOS="3415" HPOS="93" STYLEREFS="StyleId-65C218DF-CA35-4C36-BD01-99C3FE7D8EE9-">
<String LANG="de" CONTENT="Apfel," HEIGHT="69" WIDTH="190" VPOS="3415" HPOS="93"/>
<SP HEIGHT="63" WIDTH="27" VPOS="3421" HPOS="284"/>
<String LANG="en-US" CONTENT="Henrietta" HEIGHT="53" WIDTH="318" VPOS="3420" HPOS="312"/>
<SP HEIGHT="53" WIDTH="26" VPOS="3421" HPOS="631"/>
<String LANG="en-US" CONTENT="Veit," HEIGHT="64" WIDTH="155" VPOS="3420" HPOS="658"/>
<SP HEIGHT="59" WIDTH="34" VPOS="3425" HPOS="814"/>
<String LANG="en-US" CONTENT="1905-" HEIGHT="50" WIDTH="169" VPOS="3424" HPOS="849"/>
</TextLine>
<TextLine HEIGHT="70" WIDTH="1925" VPOS="3494" HPOS="154" STYLEREFS="StyleId-01D763CC-0EA8-47DA-A102-BA74710ED7C9-" CS="1">
<String CONTENT="Literary" HEIGHT="70" WIDTH="263" VPOS="3494" HPOS="154"/>
<SP HEIGHT="52" WIDTH="26" VPOS="3512" HPOS="418"/>
<String CONTENT="quotation" HEIGHT="69" WIDTH="293" VPOS="3494" HPOS="445"/>
<SP HEIGHT="34" WIDTH="30" VPOS="3514" HPOS="739"/>
<String CONTENT="and" HEIGHT="53" WIDTH="112" VPOS="3495" HPOS="770"/>
<SP HEIGHT="52" WIDTH="29" VPOS="3495" HPOS="883"/>
<String CONTENT="allusion" HEIGHT="54" WIDTH="242" VPOS="3496" HPOS="913"/>
<SP HEIGHT="52" WIDTH="27" VPOS="3498" HPOS="1156"/>
<String CONTENT="in" HEIGHT="52" WIDTH="62" VPOS="3498" HPOS="1184"/>
<SP HEIGHT="52" WIDTH="28" VPOS="3496" HPOS="1247"/>
<String CONTENT="Demetrius" HEIGHT="54" WIDTH="322" VPOS="3495" HPOS="1276"/>
<SP HEIGHT="52" WIDTH="39" VPOS="3495" HPOS="1599"/>
<String CS="1" CONTENT="&#8719;&#1013;&#961;&#953;&#832;"/>
<SP HEIGHT="50" WIDTH="36" VPOS="3496" HPOS="1774"/>
<String LANG="el" CONTENT="&#941;&#961;&#956;&#951;&#957;&#949;&#943;&#945;&#962;" HEIGHT="64" WIDTH="268" VPOS="3494" HPOS="1811"/>
</TextLine>
<TextLine HEIGHT="72" WIDTH="1973" VPOS="3569" HPOS="100" STYLEREFS="StyleId-01D763CC-0EA8-47DA-A102-BA74710ED7C9-" CS="1">
<String LANG="de" CONTENT="(De" HEIGHT="67" WIDTH="110" VPOS="3570" HPOS="100"/>
<SP HEIGHT="34" WIDTH="28" VPOS="3590" HPOS="211"/>
<String LANG="en-US" CONTENT="elocutione)" HEIGHT="68" WIDTH="335" VPOS="3572" HPOS="240"/>
<SP HEIGHT="66" WIDTH="41" VPOS="3574" HPOS="576"/>
<String LANG="en-US" CONTENT="and" HEIGHT="52" WIDTH="112" VPOS="3573" HPOS="618"/>
<SP HEIGHT="52" WIDTH="28" VPOS="3573" HPOS="731"/>
<String LANG="en-US" CONTENT="Longinus" HEIGHT="69" WIDTH="291" VPOS="3572" HPOS="760"/>
<SP HEIGHT="51" WIDTH="33" VPOS="3573" HPOS="1052"/>
<String LANG="en-US" CS="1" CONTENT="&#8719;&#1013;&#961;&#953;&#832;"/>
<SP HEIGHT="52" WIDTH="31" VPOS="3572" HPOS="1221"/>
<String LANG="el" CONTENT="&#944;&#968;&#959;&#965;" HEIGHT="63" WIDTH="127" VPOS="3572" HPOS="1253"/>
<String LANG="fr" CONTENT="s" HEIGHT="34" WIDTH="22" VPOS="3592" HPOS="1384"/>
<SP HEIGHT="67" WIDTH="39" VPOS="3573" HPOS="1407"/>
<String LANG="de" CONTENT="(De" HEIGHT="68" WIDTH="113" VPOS="3572" HPOS="1447"/>
<SP HEIGHT="36" WIDTH="29" VPOS="3590" HPOS="1561"/>
<String LANG="en-US" CONTENT="sublimitate)" HEIGHT="70" WIDTH="376" VPOS="3569" HPOS="1591"/>
<SP HEIGHT="66" WIDTH="48" VPOS="3573" HPOS="1968"/>
<String LANG="en-US" CONTENT="&#8230;" HEIGHT="10" WIDTH="56" VPOS="3616" HPOS="2017"/>
</TextLine>
<TextLine HEIGHT="71" WIDTH="1521" VPOS="3646" HPOS="90" STYLEREFS="StyleId-01D763CC-0EA8-47DA-A102-BA74710ED7C9-" CS="1">
<String LANG="en-US" CONTENT="by" HEIGHT="70" WIDTH="73" VPOS="3646" HPOS="90"/>
<SP HEIGHT="68" WIDTH="29" VPOS="3648" HPOS="164"/>
<String LANG="en-US" CONTENT="Henrietta" HEIGHT="55" WIDTH="305" VPOS="3648" HPOS="194"/>
<SP HEIGHT="53" WIDTH="31" VPOS="3651" HPOS="500"/>
<String LANG="de" CONTENT="Veit" HEIGHT="56" WIDTH="134" VPOS="3648" HPOS="532"/>
<SP HEIGHT="53" WIDTH="29" VPOS="3650" HPOS="667"/>
<String LANG="de" CONTENT="Apfel" HEIGHT="67" WIDTH="180" VPOS="3650" HPOS="697"/>
<SP HEIGHT="45" WIDTH="37" VPOS="3657" HPOS="878"/>
<String LANG="en-US" CONTENT="&#8230;" HEIGHT="10" WIDTH="56" VPOS="3693" HPOS="916"/>
<SP HEIGHT="34" WIDTH="77" VPOS="3683" HPOS="973"/>
<String LANG="en-US" CS="1" CONTENT="[New" HEIGHT="53" WIDTH="137" VPOS="3651" HPOS="1070"/>
<SP HEIGHT="51" WIDTH="35" VPOS="3652" HPOS="1208"/>
<String LANG="en-US" CONTENT="York," HEIGHT="57" WIDTH="178" VPOS="3651" HPOS="1244"/>
<SP HEIGHT="51" WIDTH="32" VPOS="3657" HPOS="1423"/>
<String STYLE="superscript" LANG="en-US" CONTENT="c" HEIGHT="21" WIDTH="17" VPOS="3657" HPOS="1456"/>
<String LANG="en-US" CS="1" CONTENT="1935]" HEIGHT="49" WIDTH="128" VPOS="3653" HPOS="1483"/>
</TextLine>
<TextLine HEIGHT="52" WIDTH="623" VPOS="3721" HPOS="161" STYLEREFS="StyleId-01D763CC-0EA8-47DA-A102-BA74710ED7C9-" CS="1">
<String CONTENT="6" HEIGHT="40" WIDTH="27" VPOS="3721" HPOS="161"/>
<SP HEIGHT="49" WIDTH="21" VPOS="3721" HPOS="189"/>
<String CONTENT="p." HEIGHT="37" WIDTH="42" VPOS="3733" HPOS="211"/>
<SP/>
<String CS="1" CONTENT="l.,"/>
<SP/>
<String CONTENT="123," HEIGHT="48" WIDTH="97" VPOS="3723" HPOS="352"/>
<SP HEIGHT="30" WIDTH="32" VPOS="3743" HPOS="450"/>
<String CONTENT="[1]" HEIGHT="50" WIDTH="54" VPOS="3723" HPOS="483"/>
<SP HEIGHT="38" WIDTH="27" VPOS="3735" HPOS="538"/>
<String CONTENT="p." HEIGHT="37" WIDTH="42" VPOS="3735" HPOS="566"/>
<SP HEIGHT="40" WIDTH="57" VPOS="3724" HPOS="609"/>
<String CONTENT="23" HEIGHT="41" WIDTH="57" VPOS="3724" HPOS="667"/>
<String STYLE="superscript" CS="1" CONTENT="cm" HEIGHT="20" WIDTH="16" VPOS="3727" HPOS="726"/>
<String CONTENT="." HEIGHT="8" WIDTH="8" VPOS="3756" HPOS="776"/>
</TextLine>
<TextLine HEIGHT="50" WIDTH="1200" VPOS="3777" HPOS="160" CS="1">
<String CONTENT="Thesis" HEIGHT="42" WIDTH="168" VPOS="3777" HPOS="160"/>
<SP HEIGHT="47" WIDTH="36" VPOS="3780" HPOS="329"/>
<String CS="1" CONTENT="(PH." HEIGHT="47" WIDTH="106" VPOS="3780" HPOS="366"/>
<SP HEIGHT="30" WIDTH="28" VPOS="3790" HPOS="473"/>
<String CS="1" CONTENT="D.)&#8212;Columbia" HEIGHT="48" WIDTH="356" VPOS="3779" HPOS="533"/>
<SP HEIGHT="30" WIDTH="27" VPOS="3790" HPOS="890"/>
<String CONTENT="university," HEIGHT="49" WIDTH="284" VPOS="3778" HPOS="918"/>
<SP HEIGHT="47" WIDTH="30" VPOS="3780" HPOS="1203"/>
<String CONTENT="1935." HEIGHT="43" WIDTH="126" VPOS="3778" HPOS="1234"/>
</TextLine>
<TextLine HEIGHT="42" WIDTH="124" VPOS="3831" HPOS="160">
<String CONTENT="Vita." HEIGHT="42" WIDTH="124" VPOS="3831" HPOS="160"/>
</TextLine>
<TextLine HEIGHT="51" WIDTH="694" VPOS="3886" HPOS="160" CS="1">
<String CS="1" CONTENT="Bibliography;" HEIGHT="50" WIDTH="345" VPOS="3886" HPOS="160"/>
<SP HEIGHT="37" WIDTH="33" VPOS="3900" HPOS="531"/>
<String CONTENT="p." HEIGHT="36" WIDTH="41" VPOS="3901" HPOS="565"/>
<SP HEIGHT="39" WIDTH="31" VPOS="3890" HPOS="607"/>
<String CONTENT="118-120." HEIGHT="41" WIDTH="215" VPOS="3889" HPOS="639"/>
</TextLine>
<TextLine HEIGHT="61" WIDTH="1980" VPOS="3935" HPOS="94">
<String CONTENT="&#169;" HEIGHT="53" WIDTH="50" VPOS="3935" HPOS="94"/>
<SP HEIGHT="53" WIDTH="27" VPOS="3935" HPOS="145"/>
<String CONTENT="July" HEIGHT="49" WIDTH="114" VPOS="3942" HPOS="173"/>
<SP HEIGHT="46" WIDTH="26" VPOS="3945" HPOS="288"/>
<String CONTENT="15," HEIGHT="47" WIDTH="67" VPOS="3945" HPOS="315"/>
<SP HEIGHT="46" WIDTH="25" VPOS="3946" HPOS="383"/>
<String CONTENT="1935;" HEIGHT="47" WIDTH="139" VPOS="3945" HPOS="409"/>
<SP HEIGHT="47" WIDTH="30" VPOS="3945" HPOS="549"/>
<String CONTENT="2c." HEIGHT="41" WIDTH="66" VPOS="3945" HPOS="580"/>
<SP HEIGHT="29" WIDTH="28" VPOS="3956" HPOS="647"/>
<String CONTENT="and" HEIGHT="39" WIDTH="94" VPOS="3947" HPOS="676"/>
<SP HEIGHT="39" WIDTH="29" VPOS="3947" HPOS="771"/>
<String CONTENT="aff." HEIGHT="41" WIDTH="81" VPOS="3944" HPOS="801"/>
<SP HEIGHT="39" WIDTH="29" VPOS="3946" HPOS="883"/>
<String CONTENT="Aug." HEIGHT="48" WIDTH="118" VPOS="3946" HPOS="913"/>
<SP HEIGHT="39" WIDTH="30" VPOS="3947" HPOS="1032"/>
<String CONTENT="1;" HEIGHT="46" WIDTH="51" VPOS="3947" HPOS="1063"/>
<SP HEIGHT="46" WIDTH="31" VPOS="3947" HPOS="1115"/>
<!-- cceid 95861A08-6D82-1014-B070-FDFD250A9EDA --><String CONTENT="A" HEIGHT="38" WIDTH="40" VPOS="3947" HPOS="1147"/>
<SP HEIGHT="40" WIDTH="27" VPOS="3947" HPOS="1188"/>
<String CONTENT="84810;" HEIGHT="46" WIDTH="169" VPOS="3947" HPOS="1216"/>
<SP HEIGHT="46" WIDTH="33" VPOS="3947" HPOS="1386"/>
<String LANG="el" CONTENT="&#919;." HEIGHT="42" WIDTH="59" VPOS="3947" HPOS="1420"/>
<SP HEIGHT="41" WIDTH="29" VPOS="3948" HPOS="1480"/>
<String CONTENT="V." HEIGHT="41" WIDTH="51" VPOS="3948" HPOS="1510"/>
<SP HEIGHT="41" WIDTH="30" VPOS="3948" HPOS="1562"/>
<String LANG="de" CONTENT="Apfel," HEIGHT="48" WIDTH="159" VPOS="3948" HPOS="1593"/>
<SP HEIGHT="47" WIDTH="28" VPOS="3949" HPOS="1753"/>
<String CONTENT="New" HEIGHT="39" WIDTH="117" VPOS="3949" HPOS="1782"/>
<SP HEIGHT="39" WIDTH="28" VPOS="3949" HPOS="1900"/>
<String CONTENT="York." HEIGHT="43" WIDTH="145" VPOS="3947" HPOS="1929"/>
</TextLine>
<TextLine HEIGHT="49" WIDTH="275" VPOS="3998" HPOS="168">
<String CONTENT="(35-22629)" HEIGHT="49" WIDTH="275" VPOS="3998" HPOS="168"/>
</TextLine>
</TextBlock>
</PrintSpace>
</Page>
</Layout>
</alto>