<alto xmlns="http://www.loc.gov/standards/alto/ns-v3#" xmlns:xsi="http://www.w3.org/2001/XMLSchema-instance" xsi:schemaLocation="http://www.loc.gov/standards/alto/ns-v3# http://www.loc.gov/alto/v3/alto-3-0.xsd"><Description>
<MeasurementUnit>pixel</MeasurementUnit>
<sourceImageInformation>
<fileName>1935_v32_Part1.pdf</fileName>
</sourceImageInformation>
<OCRProcessing ID="IdOcr">
<ocrProcessingStep>
<processingDateTime>2019-01-15</processingDateTime>
<processingSoftware>
<softwareCreator>ABBYY</softwareCreator>
<softwareName>ABBYY Recognition Server</softwareName>
<softwareVersion>4.0</softwareVersion>
</processingSoftware>
</ocrProcessingStep>
</OCRProcessing>
</Description>
<Styles>
<ParagraphStyle ALIGN="Left" FIRSTLINE="0." ID="StyleId-FFFFFFFF-FFFF-FFFF-FFFF-FFFFFFFFFFFF-" LEFT="0." RIGHT="0." />
<ParagraphStyle ALIGN="Left" FIRSTLINE="0." ID="StyleId-09A13A44-4F77-4ABE-84F3-84CC8B3C72CE-" LEFT="0." LINESPACE="7.699999809" RIGHT="0." />
<ParagraphStyle ALIGN="Left" FIRSTLINE="-10." ID="StyleId-1F945060-F8CD-4435-B69A-5FF49DB0C586-" LEFT="0." LINESPACE="12.19999981" RIGHT="0." />
<ParagraphStyle ALIGN="Block" FIRSTLINE="-14." ID="StyleId-C6CAE747-F5A4-4D0D-8D74-D452DA7E2C1C-" LEFT="0." LINESPACE="8.350000381" RIGHT="0." />
<ParagraphStyle ALIGN="Left" FIRSTLINE="0." ID="StyleId-FC0F3374-189A-459E-BE29-2DC14180F022-" LEFT="0." RIGHT="0." />
<ParagraphStyle ALIGN="Left" FIRSTLINE="-12." ID="StyleId-49397C49-A894-4B3E-BA5E-1126226BA375-" LEFT="0." LINESPACE="11.09000015" RIGHT="0." />
<ParagraphStyle ALIGN="Block" FIRSTLINE="-14." ID="StyleId-9E34DD3A-E661-48BD-A3A1-6A3D48346F00-" LEFT="0." LINESPACE="11.09000015" RIGHT="0." />
<ParagraphStyle ALIGN="Left" FIRSTLINE="0." ID="StyleId-56CE54AA-A08B-4BAA-8605-F26020A0E36E-" LEFT="0." LINESPACE="9.399999619" RIGHT="0." />
<ParagraphStyle ALIGN="Left" FIRSTLINE="-11." ID="StyleId-77814FFC-C42F-4AA9-9880-EF33B947DEC8-" LEFT="0." LINESPACE="11.06999969" RIGHT="0." />
<ParagraphStyle ALIGN="Center" FIRSTLINE="0." ID="StyleId-FDE92EC0-67DC-4C7B-8A24-094B12C38B6C-" LEFT="0." LINESPACE="11.30000019" RIGHT="0." />
<ParagraphStyle ALIGN="Left" FIRSTLINE="0." ID="StyleId-65180E3B-4C93-4FB8-81EE-E026DD63DBF3-" LEFT="0." LINESPACE="11.10000038" RIGHT="0." />
<ParagraphStyle ALIGN="Left" FIRSTLINE="0." ID="StyleId-10E885C2-5813-4620-B0AA-0FBA30CF7A32-" LEFT="0." LINESPACE="9.5" RIGHT="0." />
<ParagraphStyle ALIGN="Left" FIRSTLINE="0." ID="StyleId-913C2DB5-9F02-4067-BAF7-0AED37B60BBE-" LEFT="0." LINESPACE="6.099999905" RIGHT="0." />
<ParagraphStyle ALIGN="Left" FIRSTLINE="0." ID="StyleId-9C79A9D2-8F08-4A8F-985D-B00E253ED1E5-" LEFT="0." LINESPACE="4.400000095" RIGHT="0." />
<ParagraphStyle ALIGN="Left" FIRSTLINE="0." ID="StyleId-A41F0407-FEFE-4738-9EC5-E05AFFF62781-" LEFT="0." LINESPACE="7.300000191" RIGHT="0." />
<ParagraphStyle ALIGN="Left" FIRSTLINE="0." ID="StyleId-61D37176-94E8-408D-9B87-01C406CE8AB2-" LEFT="0." LINESPACE="8.050000191" RIGHT="0." />
</Styles>
<Layout>
<Page HEIGHT="4375" ID="Page475" PHYSICAL_IMG_NR="475" WIDTH="2424">
<TopMargin HEIGHT="435" HPOS="0" VPOS="0" WIDTH="2424">
</TopMargin>
<LeftMargin HEIGHT="3660" HPOS="0" VPOS="435" WIDTH="88">
</LeftMargin>
<RightMargin HEIGHT="3660" HPOS="2114" VPOS="435" WIDTH="310">
</RightMargin>
<BottomMargin HEIGHT="280" HPOS="0" VPOS="4095" WIDTH="2424">
<TextBlock HEIGHT="110" HPOS="989" ID="Page475_Block1" LANG="en-US" STYLEREFS="StyleId-F351DF44-3521-4C26-9294-1D757791C84E-" VPOS="4100" WIDTH="258">
<TextLine HEIGHT="55" HPOS="1057" VPOS="4110" WIDTH="98">
<String CONTENT="471" HEIGHT="55" HPOS="1057" VPOS="4110" WIDTH="98" />
</TextLine>
</TextBlock>
<GraphicalElement HEIGHT="237" HPOS="4" ID="Page475_Block2" VPOS="4095" WIDTH="44" />
<GraphicalElement HEIGHT="155" HPOS="46" ID="Page475_Block3" VPOS="4095" WIDTH="16" />
</BottomMargin>
<PrintSpace HEIGHT="3660" HPOS="88" VPOS="435" WIDTH="2026">
<TextBlock CS="1" HEIGHT="3660" HPOS="88" ID="Page475_Block4" LANG="en-US" STYLEREFS="StyleId-B0739BE7-3C92-4DF3-89DB-9B1A3B313BFB-" VPOS="435" WIDTH="2026">
<TextLine HEIGHT="50" HPOS="171" VPOS="547" WIDTH="1913">
<String CONTENT="&#8220;70" HEIGHT="41" HPOS="171" VPOS="547" WIDTH="86" />
<SP HEIGHT="40" HPOS="258" VPOS="548" WIDTH="22" />
<String CONTENT="copies" HEIGHT="48" HPOS="281" VPOS="548" WIDTH="158" />
<SP HEIGHT="38" HPOS="440" VPOS="559" WIDTH="26" />
<String CONTENT="printed" HEIGHT="49" HPOS="467" VPOS="548" WIDTH="192" />
<SP HEIGHT="40" HPOS="660" VPOS="549" WIDTH="26" />
<String CONTENT="by" HEIGHT="47" HPOS="687" VPOS="549" WIDTH="61" />
<SP HEIGHT="48" HPOS="749" VPOS="548" WIDTH="28" />
<String CONTENT="Gregg" HEIGHT="48" HPOS="778" VPOS="548" WIDTH="156" />
<SP HEIGHT="48" HPOS="935" VPOS="548" WIDTH="26" />
<String CONTENT="Anderson" HEIGHT="41" HPOS="962" VPOS="548" WIDTH="249" />
<SP HEIGHT="29" HPOS="1212" VPOS="558" WIDTH="28" />
<String CONTENT="and" HEIGHT="39" HPOS="1241" VPOS="548" WIDTH="94" />
<SP HEIGHT="39" HPOS="1336" VPOS="548" WIDTH="29" />
<String CONTENT="Harold" HEIGHT="40" HPOS="1366" VPOS="548" WIDTH="187" />
<SP HEIGHT="40" HPOS="1554" VPOS="547" WIDTH="27" />
<String CONTENT="Hugo," HEIGHT="50" HPOS="1582" VPOS="547" WIDTH="155" />
<SP HEIGHT="35" HPOS="1738" VPOS="558" WIDTH="27" />
<String CONTENT="of" HEIGHT="40" HPOS="1766" VPOS="547" WIDTH="51" />
<SP HEIGHT="38" HPOS="1818" VPOS="547" WIDTH="26" />
<String CONTENT="which" HEIGHT="39" HPOS="1845" VPOS="548" WIDTH="155" />
<SP HEIGHT="39" HPOS="2001" VPOS="547" WIDTH="27" />
<String CONTENT="30" HEIGHT="37" HPOS="2029" VPOS="547" WIDTH="55" />
</TextLine>
<TextLine HEIGHT="43" HPOS="99" VPOS="604" WIDTH="361">
<String CONTENT="are" HEIGHT="32" HPOS="99" VPOS="615" WIDTH="84" />
<SP HEIGHT="42" HPOS="184" VPOS="605" WIDTH="25" />
<String CONTENT="for" HEIGHT="41" HPOS="210" VPOS="605" WIDTH="80" />
<SP HEIGHT="29" HPOS="291" VPOS="616" WIDTH="25" />
<String CONTENT="sale.&#8221;" HEIGHT="43" HPOS="317" VPOS="604" WIDTH="143" />
</TextLine>
<TextLine HEIGHT="53" HPOS="101" VPOS="658" WIDTH="1986">
<String CONTENT="&#169;" HEIGHT="53" HPOS="101" VPOS="658" WIDTH="52" />
<SP HEIGHT="53" HPOS="154" VPOS="658" WIDTH="31" />
<String CONTENT="Mar." HEIGHT="39" HPOS="186" VPOS="663" WIDTH="119" />
<SP HEIGHT="40" HPOS="306" VPOS="661" WIDTH="31" />
<String CONTENT="20," HEIGHT="47" HPOS="338" VPOS="661" WIDTH="69" />
<SP HEIGHT="46" HPOS="408" VPOS="662" WIDTH="31" />
<String CONTENT="1035;" HEIGHT="46" HPOS="440" VPOS="661" WIDTH="139" />
<SP HEIGHT="46" HPOS="580" VPOS="661" WIDTH="33" />
<String CONTENT="2c." HEIGHT="40" HPOS="614" VPOS="661" WIDTH="65" />
<SP HEIGHT="29" HPOS="680" VPOS="672" WIDTH="34" />
<String CONTENT="and" HEIGHT="39" HPOS="715" VPOS="662" WIDTH="96" />
<SP HEIGHT="39" HPOS="812" VPOS="662" WIDTH="29" />
<String CONTENT="aff." HEIGHT="41" HPOS="842" VPOS="660" WIDTH="81" />
<SP HEIGHT="40" HPOS="924" VPOS="660" WIDTH="31" />
<String CONTENT="Apr." HEIGHT="48" HPOS="956" VPOS="660" WIDTH="113" />
<SP HEIGHT="38" HPOS="1070" VPOS="662" WIDTH="33" />
<String CONTENT="1;" HEIGHT="45" HPOS="1104" VPOS="662" WIDTH="51" />
<SP HEIGHT="46" HPOS="1156" VPOS="661" WIDTH="33" />
<String CONTENT="A" HEIGHT="39" HPOS="1190" VPOS="661" WIDTH="41" />
<SP HEIGHT="40" HPOS="1232" VPOS="661" WIDTH="31" />
<String CONTENT="82506;" HEIGHT="48" HPOS="1264" VPOS="660" WIDTH="169" />
<SP HEIGHT="47" HPOS="1434" VPOS="661" WIDTH="35" />
<String CONTENT="G." HEIGHT="40" HPOS="1470" VPOS="661" WIDTH="52" />
<SP HEIGHT="39" HPOS="1523" VPOS="661" WIDTH="33" />
<String CONTENT="Anderson," HEIGHT="45" HPOS="1557" VPOS="661" WIDTH="264" />
<SP HEIGHT="46" HPOS="1822" VPOS="660" WIDTH="32" />
<String CONTENT="Meriden," HEIGHT="48" HPOS="1855" VPOS="659" WIDTH="232" />
</TextLine>
<TextLine HEIGHT="48" HPOS="169" VPOS="719" WIDTH="464">
<String CONTENT="Conn." HEIGHT="41" HPOS="169" VPOS="719" WIDTH="144" />
<SP HEIGHT="47" HPOS="314" VPOS="720" WIDTH="69" />
<String CONTENT="(35-5768)" HEIGHT="48" HPOS="384" VPOS="719" WIDTH="249" />
</TextLine>
<TextLine HEIGHT="67" HPOS="99" STYLEREFS="StyleId-38789094-C892-42D3-8283-251FC9996A31-" VPOS="820" WIDTH="799">
<String CONTENT="Attiwill," HEIGHT="67" HPOS="99" VPOS="820" WIDTH="269" />
<SP HEIGHT="64" HPOS="369" VPOS="823" WIDTH="30" />
<String CONTENT="Kenneth," HEIGHT="64" HPOS="400" VPOS="823" WIDTH="293" />
<SP HEIGHT="60" HPOS="694" VPOS="827" WIDTH="33" />
<String CONTENT="1906-" HEIGHT="51" HPOS="728" VPOS="826" WIDTH="170" />
</TextLine>
<TextLine HEIGHT="71" HPOS="169" STYLEREFS="StyleId-92F347E7-64BD-4641-B372-16891ED05B40-" VPOS="896" WIDTH="1912">
<String CONTENT="Thirteen" HEIGHT="56" HPOS="169" VPOS="896" WIDTH="270" />
<SP HEIGHT="32" HPOS="440" VPOS="920" WIDTH="33" />
<String CONTENT="sailed" HEIGHT="55" HPOS="474" VPOS="897" WIDTH="176" />
<SP HEIGHT="52" HPOS="651" VPOS="900" WIDTH="30" />
<String CONTENT="home," HEIGHT="67" HPOS="682" VPOS="900" WIDTH="179" />
<SP HEIGHT="68" HPOS="862" VPOS="899" WIDTH="28" />
<String CONTENT="by" HEIGHT="57" HPOS="891" VPOS="899" WIDTH="75" />
<SP HEIGHT="57" HPOS="967" VPOS="899" WIDTH="30" />
<String CONTENT="Ken" HEIGHT="52" HPOS="998" VPOS="899" WIDTH="129" />
<SP HEIGHT="53" HPOS="1128" VPOS="898" WIDTH="29" />
<String CONTENT="Attiwill" HEIGHT="55" HPOS="1158" VPOS="896" WIDTH="253" />
<SP HEIGHT="52" HPOS="1412" VPOS="899" WIDTH="31" />
<String CONTENT="and" HEIGHT="52" HPOS="1444" VPOS="900" WIDTH="111" />
<SP HEIGHT="54" HPOS="1556" VPOS="899" WIDTH="31" />
<String CONTENT="J." HEIGHT="54" HPOS="1588" VPOS="899" WIDTH="56" />
<SP HEIGHT="55" HPOS="1645" VPOS="898" WIDTH="35" />
<String CONTENT="O." HEIGHT="55" HPOS="1681" LANG="ru" VPOS="898" WIDTH="66" />
<SP HEIGHT="54" HPOS="1748" VPOS="899" WIDTH="35" />
<String CONTENT="C." HEIGHT="54" HPOS="1784" VPOS="899" WIDTH="61" />
<SP HEIGHT="52" HPOS="1846" VPOS="900" WIDTH="35" />
<String CONTENT="Orton." HEIGHT="51" HPOS="1882" VPOS="900" WIDTH="199" />
</TextLine>
<TextLine HEIGHT="68" HPOS="103" STYLEREFS="StyleId-92F347E7-64BD-4641-B372-16891ED05B40-" VPOS="977" WIDTH="1000">
<String CONTENT="London," HEIGHT="65" HPOS="103" VPOS="978" WIDTH="256" />
<SP HEIGHT="64" HPOS="360" VPOS="979" WIDTH="25" />
<String CONTENT="J." HEIGHT="54" HPOS="386" VPOS="979" WIDTH="55" />
<SP HEIGHT="54" HPOS="442" VPOS="978" WIDTH="27" />
<String CONTENT="Long," HEIGHT="67" HPOS="470" VPOS="978" WIDTH="179" />
<SP HEIGHT="66" HPOS="650" VPOS="978" WIDTH="25" />
<String CONTENT="limited" HEIGHT="53" HPOS="676" VPOS="977" WIDTH="222" />
<SP HEIGHT="67" HPOS="899" VPOS="978" WIDTH="33" />
<String CONTENT="[1935]" HEIGHT="64" HPOS="933" VPOS="981" WIDTH="170" />
</TextLine>
<TextLine CS="1" HEIGHT="50" HPOS="168" VPOS="1049" WIDTH="569">
<String CONTENT="2" HEIGHT="40" HPOS="168" VPOS="1050" WIDTH="31" />
<SP HEIGHT="49" HPOS="200" VPOS="1050" WIDTH="17" />
<String CONTENT="p." HEIGHT="37" HPOS="218" VPOS="1062" WIDTH="43" />
<SP />
<String CONTENT="l.," CS="1" />
<SP />
<String CONTENT="9-288" HEIGHT="41" HPOS="356" VPOS="1050" WIDTH="148" />
<SP HEIGHT="48" HPOS="505" VPOS="1050" WIDTH="19" />
<String CONTENT="p." HEIGHT="38" HPOS="525" VPOS="1060" WIDTH="43" />
<SP HEIGHT="39" HPOS="569" VPOS="1051" WIDTH="53" />
<String CONTENT="19" HEIGHT="41" HPOS="623" VPOS="1049" WIDTH="56" />
<String CONTENT="cm" HEIGHT="21" HPOS="679" STYLE="superscript" VPOS="1052" WIDTH="46" />
<String CONTENT="." HEIGHT="9" HPOS="728" VPOS="1081" WIDTH="9" />
</TextLine>
<TextLine CS="1" HEIGHT="58" HPOS="102" VPOS="1099" WIDTH="1787">
<String CONTENT="&#169;" HEIGHT="53" HPOS="102" VPOS="1104" WIDTH="52" />
<SP />
<String CONTENT="1c." CS="1" />
<SP />
<String CONTENT="Apr." HEIGHT="47" HPOS="279" VPOS="1108" WIDTH="112" />
<SP HEIGHT="40" HPOS="392" VPOS="1107" WIDTH="29" />
<String CONTENT="6," HEIGHT="47" HPOS="422" VPOS="1107" WIDTH="39" />
<SP HEIGHT="47" HPOS="462" VPOS="1107" WIDTH="28" />
<String CONTENT="1935;" CS="1" HEIGHT="41" HPOS="491" VPOS="1106" WIDTH="113" />
<SP HEIGHT="46" HPOS="631" VPOS="1107" WIDTH="32" />
<String CONTENT="A" HEIGHT="39" HPOS="664" VPOS="1107" WIDTH="41" />
<SP HEIGHT="39" HPOS="706" VPOS="1107" WIDTH="27" />
<String CONTENT="ad" HEIGHT="39" HPOS="734" VPOS="1107" WIDTH="61" />
<SP HEIGHT="40" HPOS="796" VPOS="1106" WIDTH="28" />
<String CONTENT="int." HEIGHT="41" HPOS="825" VPOS="1106" WIDTH="85" />
<SP HEIGHT="40" HPOS="911" VPOS="1106" WIDTH="28" />
<String CONTENT="20113;" CS="1" HEIGHT="41" HPOS="940" VPOS="1105" WIDTH="142" />
<SP HEIGHT="37" HPOS="1111" VPOS="1116" WIDTH="32" />
<String CONTENT="pubd." HEIGHT="47" HPOS="1144" VPOS="1106" WIDTH="141" />
<SP HEIGHT="39" HPOS="1286" VPOS="1106" WIDTH="29" />
<String CONTENT="Feb." HEIGHT="39" HPOS="1316" VPOS="1106" WIDTH="111" />
<SP HEIGHT="39" HPOS="1428" VPOS="1106" WIDTH="30" />
<String CONTENT="8;" CS="1" HEIGHT="39" HPOS="1459" VPOS="1106" WIDTH="29" />
<SP HEIGHT="46" HPOS="1511" VPOS="1106" WIDTH="32" />
<String CONTENT="K." HEIGHT="38" HPOS="1544" VPOS="1106" WIDTH="58" />
<SP HEIGHT="39" HPOS="1603" VPOS="1105" WIDTH="30" />
<String CONTENT="Attiwill," HEIGHT="49" HPOS="1634" VPOS="1104" WIDTH="223" />
<SP HEIGHT="54" HPOS="1858" VPOS="1099" WIDTH="31" />
<String CONTENT="&#8453;" CS="1" />
</TextLine>
<TextLine CS="1" HEIGHT="106" HPOS="170" VPOS="1106" WIDTH="1919">
<String CONTENT="Australian" HEIGHT="99" HPOS="170" VPOS="1106" WIDTH="1906" />
<SP HEIGHT="38" HPOS="354" VPOS="1174" WIDTH="28" />
<String CONTENT="press" HEIGHT="38" HPOS="383" VPOS="1174" WIDTH="138" />
<SP HEIGHT="30" HPOS="522" VPOS="1174" WIDTH="29" />
<String CONTENT="assn.," HEIGHT="36" HPOS="552" VPOS="1174" WIDTH="142" />
<SP HEIGHT="47" HPOS="695" VPOS="1163" WIDTH="31" />
<String CONTENT="London," HEIGHT="47" HPOS="727" VPOS="1163" WIDTH="210" />
<SP HEIGHT="37" HPOS="938" VPOS="1173" WIDTH="33" />
<String CONTENT="and" HEIGHT="39" HPOS="972" VPOS="1164" WIDTH="95" />
<SP HEIGHT="40" HPOS="1068" VPOS="1163" WIDTH="31" />
<String CONTENT="John" HEIGHT="39" HPOS="1100" VPOS="1163" WIDTH="128" />
<SP HEIGHT="40" HPOS="1229" VPOS="1163" WIDTH="32" />
<String CONTENT="Overton" HEIGHT="40" HPOS="1262" VPOS="1163" WIDTH="211" />
<SP HEIGHT="43" HPOS="1474" VPOS="1160" WIDTH="33" />
<String CONTENT="Cone" HEIGHT="43" HPOS="1508" VPOS="1160" WIDTH="130" />
<SP HEIGHT="40" HPOS="1639" VPOS="1162" WIDTH="32" />
<String CONTENT="Orton," HEIGHT="49" HPOS="1672" VPOS="1162" WIDTH="164" />
<SP HEIGHT="49" HPOS="1837" VPOS="1162" WIDTH="34" />
<String CONTENT="Welwyn" HEIGHT="48" HPOS="1872" VPOS="1162" WIDTH="217" />
</TextLine>
<TextLine HEIGHT="51" HPOS="172" VPOS="1218" WIDTH="1131">
<String CONTENT="Garden" HEIGHT="41" HPOS="172" VPOS="1221" WIDTH="194" />
<SP HEIGHT="40" HPOS="367" VPOS="1221" WIDTH="29" />
<String CONTENT="City," HEIGHT="48" HPOS="397" VPOS="1220" WIDTH="123" />
<SP HEIGHT="47" HPOS="521" VPOS="1221" WIDTH="30" />
<String CONTENT="Herts," HEIGHT="48" HPOS="552" VPOS="1221" WIDTH="164" />
<SP HEIGHT="48" HPOS="717" VPOS="1221" WIDTH="31" />
<String CONTENT="England." HEIGHT="47" HPOS="749" VPOS="1220" WIDTH="234" />
<SP HEIGHT="47" HPOS="984" VPOS="1220" WIDTH="68" />
<String CONTENT="(35-5820)" HEIGHT="49" HPOS="1053" VPOS="1218" WIDTH="250" />
</TextLine>
<TextLine HEIGHT="66" HPOS="98" STYLEREFS="StyleId-38789094-C892-42D3-8283-251FC9996A31-" VPOS="1309" WIDTH="775">
<String CONTENT="Banning," HEIGHT="64" HPOS="98" VPOS="1311" WIDTH="290" />
<SP HEIGHT="63" HPOS="389" VPOS="1312" WIDTH="29" />
<String CONTENT="George" HEIGHT="63" HPOS="419" VPOS="1312" WIDTH="225" />
<SP HEIGHT="54" HPOS="645" VPOS="1310" WIDTH="27" />
<String CONTENT="Hugh." HEIGHT="65" HPOS="673" VPOS="1309" WIDTH="200" />
</TextLine>
<TextLine CS="1" HEIGHT="70" HPOS="234" STYLEREFS="StyleId-92F347E7-64BD-4641-B372-16891ED05B40-" VPOS="1385" WIDTH="1852">
<String CONTENT="&#8230;" CS="1" />
<SP HEIGHT="56" HPOS="234" VPOS="1386" WIDTH="36" />
<String CONTENT="Sailor" HEIGHT="56" HPOS="271" VPOS="1386" WIDTH="188" />
<SP HEIGHT="34" HPOS="460" VPOS="1406" WIDTH="30" />
<String CONTENT="ways," HEIGHT="50" HPOS="491" VPOS="1404" WIDTH="167" />
<SP HEIGHT="65" HPOS="659" VPOS="1386" WIDTH="25" />
<String CONTENT="by" HEIGHT="69" HPOS="685" VPOS="1386" WIDTH="75" />
<SP HEIGHT="68" HPOS="761" VPOS="1387" WIDTH="28" />
<String CONTENT="George" HEIGHT="68" HPOS="790" VPOS="1387" WIDTH="220" />
<SP HEIGHT="51" HPOS="1011" VPOS="1388" WIDTH="27" />
<String CONTENT="H." HEIGHT="52" HPOS="1039" VPOS="1388" WIDTH="76" />
<SP HEIGHT="52" HPOS="1116" VPOS="1388" WIDTH="29" />
<String CONTENT="Banning;" HEIGHT="68" HPOS="1146" VPOS="1385" WIDTH="297" />
<SP HEIGHT="67" HPOS="1444" VPOS="1385" WIDTH="33" />
<String CONTENT="illustrated" HEIGHT="54" HPOS="1478" VPOS="1385" WIDTH="322" />
<SP HEIGHT="53" HPOS="1801" VPOS="1386" WIDTH="26" />
<String CONTENT="by" HEIGHT="67" HPOS="1828" VPOS="1386" WIDTH="76" />
<SP HEIGHT="65" HPOS="1905" VPOS="1388" WIDTH="28" />
<String CONTENT="F." HEIGHT="51" HPOS="1934" LANG="fr" VPOS="1388" WIDTH="66" />
<SP HEIGHT="53" HPOS="2001" VPOS="1387" WIDTH="28" />
<String CONTENT="J." HEIGHT="53" HPOS="2030" VPOS="1387" WIDTH="56" />
</TextLine>
<TextLine HEIGHT="69" HPOS="106" STYLEREFS="StyleId-92F347E7-64BD-4641-B372-16891ED05B40-" VPOS="1463" WIDTH="1417">
<String CONTENT="Siegl." HEIGHT="69" HPOS="106" VPOS="1463" WIDTH="171" />
<SP HEIGHT="53" HPOS="278" VPOS="1465" WIDTH="72" />
<String CONTENT="New" HEIGHT="54" HPOS="351" VPOS="1465" WIDTH="139" />
<SP HEIGHT="52" HPOS="491" VPOS="1466" WIDTH="27" />
<String CONTENT="York," HEIGHT="67" HPOS="519" VPOS="1464" WIDTH="178" />
<SP HEIGHT="64" HPOS="698" VPOS="1467" WIDTH="26" />
<String CONTENT="T." HEIGHT="51" HPOS="725" VPOS="1467" WIDTH="65" />
<SP HEIGHT="53" HPOS="791" VPOS="1466" WIDTH="28" />
<String CONTENT="Nelson" HEIGHT="54" HPOS="820" VPOS="1465" WIDTH="209" />
<SP HEIGHT="34" HPOS="1030" VPOS="1483" WIDTH="28" />
<String CONTENT="and" HEIGHT="52" HPOS="1059" VPOS="1467" WIDTH="112" />
<SP HEIGHT="52" HPOS="1172" VPOS="1467" WIDTH="27" />
<String CONTENT="sons," HEIGHT="46" HPOS="1200" VPOS="1483" WIDTH="145" />
<SP HEIGHT="60" HPOS="1346" VPOS="1469" WIDTH="27" />
<String CONTENT="1935." HEIGHT="49" HPOS="1374" VPOS="1469" WIDTH="149" />
</TextLine>
<TextLine CS="1" HEIGHT="51" HPOS="175" VPOS="1534" WIDTH="1865">
<String CONTENT="vi," HEIGHT="46" HPOS="175" VPOS="1539" WIDTH="62" />
<SP HEIGHT="45" HPOS="238" VPOS="1540" WIDTH="34" />
<String CONTENT="7-68" CS="1" HEIGHT="40" HPOS="273" VPOS="1538" WIDTH="85" />
<SP HEIGHT="45" HPOS="389" VPOS="1538" WIDTH="36" />
<String CONTENT="p." HEIGHT="37" HPOS="426" VPOS="1546" WIDTH="40" />
<SP HEIGHT="41" HPOS="467" VPOS="1537" WIDTH="73" />
<String CONTENT="illus.," HEIGHT="46" HPOS="541" VPOS="1537" WIDTH="141" />
<SP HEIGHT="37" HPOS="683" VPOS="1548" WIDTH="37" />
<String CONTENT="pl." CS="1" HEIGHT="37" HPOS="721" VPOS="1548" WIDTH="61" />
<SP HEIGHT="40" HPOS="783" VPOS="1537" WIDTH="72" />
<String CONTENT="19&#189;" CS="1" HEIGHT="41" HPOS="856" VPOS="1536" WIDTH="56" />
<String CONTENT="cm" HEIGHT="21" HPOS="942" STYLE="superscript" VPOS="1538" WIDTH="44" />
<String CONTENT="." HEIGHT="9" HPOS="991" VPOS="1567" WIDTH="9" />
<SP HEIGHT="47" HPOS="1001" VPOS="1536" WIDTH="83" />
<String CONTENT="(Half-title;" CS="1" HEIGHT="48" HPOS="1085" VPOS="1536" WIDTH="275" />
<SP HEIGHT="41" HPOS="1383" VPOS="1536" WIDTH="50" />
<String CONTENT="Our" HEIGHT="41" HPOS="1434" VPOS="1536" WIDTH="99" />
<SP HEIGHT="29" HPOS="1534" VPOS="1546" WIDTH="35" />
<String CONTENT="changing" HEIGHT="51" HPOS="1570" VPOS="1534" WIDTH="239" />
<SP HEIGHT="39" HPOS="1810" VPOS="1546" WIDTH="36" />
<String CONTENT="world" HEIGHT="39" HPOS="1847" VPOS="1537" WIDTH="150" />
<SP HEIGHT="40" HPOS="1998" VPOS="1537" WIDTH="42" />
<String CONTENT="&#8230;" CS="1" />
</TextLine>
<TextLine CS="1" HEIGHT="46" HPOS="106" VPOS="1595" WIDTH="648">
<String CONTENT="editor;" CS="1" HEIGHT="40" HPOS="106" VPOS="1595" WIDTH="157" />
<SP HEIGHT="39" HPOS="290" VPOS="1596" WIDTH="27" />
<String CONTENT="R." HEIGHT="39" HPOS="318" LANG="fr" VPOS="1596" WIDTH="57" />
<SP HEIGHT="41" HPOS="376" VPOS="1595" WIDTH="27" />
<String CONTENT="G." HEIGHT="41" HPOS="404" VPOS="1595" WIDTH="52" />
<SP HEIGHT="41" HPOS="457" VPOS="1595" WIDTH="29" />
<String CONTENT="Reynolds)" HEIGHT="46" HPOS="487" VPOS="1595" WIDTH="267" />
</TextLine>
<TextLine HEIGHT="49" HPOS="174" VPOS="1649" WIDTH="680">
<String CONTENT="Illustrated" HEIGHT="41" HPOS="174" VPOS="1650" WIDTH="287" />
<SP HEIGHT="42" HPOS="462" VPOS="1649" WIDTH="30" />
<String CONTENT="lining-papers." HEIGHT="49" HPOS="493" VPOS="1649" WIDTH="361" />
</TextLine>
<TextLine HEIGHT="49" HPOS="178" VPOS="1705" WIDTH="927">
<String CONTENT="Series" HEIGHT="42" HPOS="178" VPOS="1705" WIDTH="157" />
<SP HEIGHT="40" HPOS="336" VPOS="1707" WIDTH="24" />
<String CONTENT="title" HEIGHT="40" HPOS="361" VPOS="1707" WIDTH="109" />
<SP HEIGHT="40" HPOS="471" VPOS="1707" WIDTH="22" />
<String CONTENT="in" HEIGHT="39" HPOS="494" VPOS="1707" WIDTH="50" />
<SP HEIGHT="37" HPOS="545" VPOS="1717" WIDTH="22" />
<String CONTENT="part" HEIGHT="44" HPOS="568" VPOS="1710" WIDTH="112" />
<SP HEIGHT="38" HPOS="681" VPOS="1710" WIDTH="23" />
<String CONTENT="at" HEIGHT="39" HPOS="705" VPOS="1709" WIDTH="52" />
<SP HEIGHT="41" HPOS="758" VPOS="1707" WIDTH="23" />
<String CONTENT="head" HEIGHT="40" HPOS="782" VPOS="1707" WIDTH="124" />
<SP HEIGHT="40" HPOS="907" VPOS="1707" WIDTH="24" />
<String CONTENT="of" HEIGHT="41" HPOS="932" VPOS="1706" WIDTH="52" />
<SP HEIGHT="41" HPOS="985" VPOS="1706" WIDTH="22" />
<String CONTENT="t.-p." HEIGHT="47" HPOS="1008" VPOS="1707" WIDTH="97" />
</TextLine>
<TextLine CS="1" HEIGHT="53" HPOS="105" VPOS="1761" WIDTH="1989">
<String CONTENT="&#169;" HEIGHT="53" HPOS="105" VPOS="1761" WIDTH="52" />
<SP HEIGHT="53" HPOS="158" VPOS="1761" WIDTH="29" />
<String CONTENT="Feb." HEIGHT="40" HPOS="188" VPOS="1765" WIDTH="109" />
<SP HEIGHT="39" HPOS="298" VPOS="1766" WIDTH="29" />
<String CONTENT="18," HEIGHT="46" HPOS="328" VPOS="1765" WIDTH="69" />
<SP HEIGHT="45" HPOS="398" VPOS="1766" WIDTH="27" />
<String CONTENT="1935;" CS="1" HEIGHT="40" HPOS="426" VPOS="1765" WIDTH="118" />
<SP HEIGHT="42" HPOS="567" VPOS="1764" WIDTH="32" />
<String CONTENT="2c." HEIGHT="41" HPOS="600" VPOS="1764" WIDTH="66" />
<SP HEIGHT="40" HPOS="667" VPOS="1764" WIDTH="31" />
<String CONTENT="Feb." HEIGHT="40" HPOS="699" VPOS="1764" WIDTH="109" />
<SP HEIGHT="40" HPOS="809" VPOS="1764" WIDTH="29" />
<String CONTENT="21;" CS="1" HEIGHT="39" HPOS="839" VPOS="1764" WIDTH="53" />
<SP HEIGHT="36" HPOS="921" VPOS="1775" WIDTH="32" />
<String CONTENT="aff." HEIGHT="40" HPOS="954" VPOS="1764" WIDTH="81" />
<SP HEIGHT="39" HPOS="1036" VPOS="1764" WIDTH="32" />
<String CONTENT="Feb." HEIGHT="40" HPOS="1069" VPOS="1764" WIDTH="110" />
<SP HEIGHT="39" HPOS="1180" VPOS="1764" WIDTH="31" />
<String CONTENT="23;" CS="1" HEIGHT="39" HPOS="1212" VPOS="1764" WIDTH="59" />
<SP HEIGHT="47" HPOS="1295" VPOS="1763" WIDTH="34" />
<String CONTENT="A" HEIGHT="39" HPOS="1330" VPOS="1763" WIDTH="41" />
<SP HEIGHT="41" HPOS="1372" VPOS="1763" WIDTH="28" />
<String CONTENT="79789;" CS="1" HEIGHT="43" HPOS="1401" VPOS="1761" WIDTH="145" />
<SP HEIGHT="46" HPOS="1570" VPOS="1764" WIDTH="34" />
<String CONTENT="Thomas" HEIGHT="40" HPOS="1605" VPOS="1764" WIDTH="210" />
<SP HEIGHT="40" HPOS="1816" VPOS="1764" WIDTH="30" />
<String CONTENT="Nelson" HEIGHT="38" HPOS="1847" VPOS="1764" WIDTH="179" />
<SP HEIGHT="40" HPOS="2027" VPOS="1763" WIDTH="29" />
<String CONTENT="&amp;" HEIGHT="40" HPOS="2057" VPOS="1763" WIDTH="37" />
</TextLine>
<TextLine HEIGHT="49" HPOS="172" VPOS="1821" WIDTH="444">
<String CONTENT="sons." HEIGHT="29" HPOS="172" VPOS="1833" WIDTH="125" />
<SP HEIGHT="47" HPOS="298" VPOS="1823" WIDTH="68" />
<String CONTENT="(35-5655)" HEIGHT="49" HPOS="367" VPOS="1821" WIDTH="249" />
</TextLine>
<TextLine HEIGHT="67" HPOS="101" STYLEREFS="StyleId-38789094-C892-42D3-8283-251FC9996A31-" VPOS="1894" WIDTH="1111">
<String CONTENT="Bardwell," HEIGHT="67" HPOS="101" LANG="en-US" VPOS="1894" WIDTH="305" />
<SP HEIGHT="63" HPOS="407" VPOS="1898" WIDTH="26" />
<String CONTENT="Richard" HEIGHT="54" HPOS="434" LANG="en-US" VPOS="1896" WIDTH="256" />
<SP HEIGHT="52" HPOS="691" VPOS="1898" WIDTH="27" />
<String CONTENT="Woleben," HEIGHT="66" HPOS="719" LANG="de" VPOS="1895" WIDTH="292" />
<SP HEIGHT="60" HPOS="1012" VPOS="1901" WIDTH="29" />
<String CONTENT="1889-" HEIGHT="50" HPOS="1042" LANG="en-US" VPOS="1901" WIDTH="170" />
</TextLine>
<TextLine CS="1" HEIGHT="131" HPOS="106" STYLEREFS="StyleId-92F347E7-64BD-4641-B372-16891ED05B40-" VPOS="1973" WIDTH="1958">
<String CONTENT="Elementary" HEIGHT="67" HPOS="178" VPOS="1975" WIDTH="365" />
<SP HEIGHT="66" HPOS="544" VPOS="1976" WIDTH="35" />
<String CONTENT="English" HEIGHT="68" HPOS="580" VPOS="1974" WIDTH="244" />
<SP HEIGHT="51" HPOS="825" VPOS="1975" WIDTH="32" />
<String CONTENT="in" HEIGHT="51" HPOS="858" VPOS="1975" WIDTH="57" />
<SP HEIGHT="33" HPOS="916" VPOS="1993" WIDTH="36" />
<String CONTENT="action," HEIGHT="53" HPOS="953" VPOS="1973" WIDTH="201" />
<SP HEIGHT="49" HPOS="1155" VPOS="1992" WIDTH="71" />
<String CONTENT="grade" HEIGHT="68" HPOS="1227" VPOS="1973" WIDTH="178" />
<SP HEIGHT="48" HPOS="1406" VPOS="1979" WIDTH="32" />
<String CONTENT="6." HEIGHT="48" HPOS="1439" VPOS="1979" WIDTH="44" />
<SP HEIGHT="50" HPOS="1484" VPOS="1976" WIDTH="71" />
<String CONTENT="By" HEIGHT="65" HPOS="1556" VPOS="1976" WIDTH="90" />
<SP HEIGHT="66" HPOS="1647" VPOS="1975" WIDTH="32" />
<String CONTENT="R." HEIGHT="52" HPOS="1680" LANG="fr" VPOS="1975" WIDTH="67" />
<SP HEIGHT="53" HPOS="1748" VPOS="1975" WIDTH="32" />
<String CONTENT="W." HEIGHT="53" HPOS="1781" VPOS="1975" WIDTH="89" />
<SP HEIGHT="50" HPOS="1871" VPOS="1977" WIDTH="35" />
<String CONTENT="Bardwell" HEIGHT="131" HPOS="106" VPOS="1973" WIDTH="1958" />
<SP HEIGHT="50" HPOS="232" VPOS="2054" WIDTH="39" />
<String CONTENT="&#8230;" CS="1" />
</TextLine>
<TextLine CS="1" HEIGHT="147" HPOS="106" STYLEREFS="StyleId-92F347E7-64BD-4641-B372-16891ED05B40-" VPOS="2051" WIDTH="1959">
<String CONTENT="Ethel" HEIGHT="51" HPOS="369" VPOS="2052" WIDTH="170" />
<SP HEIGHT="52" HPOS="540" VPOS="2052" WIDTH="32" />
<String CONTENT="Mabie" HEIGHT="53" HPOS="573" VPOS="2051" WIDTH="193" />
<SP HEIGHT="33" HPOS="767" VPOS="2071" WIDTH="35" />
<String CONTENT="&#8230;" CS="1" />
<SP HEIGHT="33" HPOS="860" VPOS="2085" WIDTH="43" />
<String CONTENT="[and]" CS="1" HEIGHT="66" HPOS="923" VPOS="2052" WIDTH="129" />
<SP HEIGHT="65" HPOS="1053" VPOS="2053" WIDTH="39" />
<String CONTENT="J." HEIGHT="54" HPOS="1093" VPOS="2053" WIDTH="54" />
<SP HEIGHT="54" HPOS="1162" VPOS="2052" WIDTH="25" />
<String CONTENT="C." HEIGHT="55" HPOS="1188" VPOS="2052" WIDTH="60" />
<SP HEIGHT="55" HPOS="1249" VPOS="2052" WIDTH="36" />
<String CONTENT="Tressler" HEIGHT="52" HPOS="1286" VPOS="2052" WIDTH="252" />
<SP HEIGHT="34" HPOS="1539" VPOS="2070" WIDTH="38" />
<String CONTENT="&#8230;" CS="1" />
<SP HEIGHT="54" HPOS="1635" VPOS="2052" WIDTH="71" />
<String CONTENT="With" HEIGHT="55" HPOS="1707" VPOS="2051" WIDTH="165" />
<SP HEIGHT="52" HPOS="1873" VPOS="2052" WIDTH="34" />
<String CONTENT="drawings" HEIGHT="146" HPOS="106" VPOS="2052" WIDTH="1959" />
<SP HEIGHT="51" HPOS="233" VPOS="2131" WIDTH="40" />
<String CONTENT="by" HEIGHT="67" HPOS="274" VPOS="2131" WIDTH="74" />
<SP HEIGHT="67" HPOS="349" VPOS="2131" WIDTH="40" />
<String CONTENT="C." HEIGHT="54" HPOS="390" LANG="ru" VPOS="2131" WIDTH="63" />
<SP HEIGHT="51" HPOS="454" VPOS="2132" WIDTH="39" />
<String CONTENT="E." HEIGHT="51" HPOS="494" VPOS="2132" WIDTH="66" />
</TextLine>
<TextLine CS="1" HEIGHT="67" HPOS="605" STYLEREFS="StyleId-92F347E7-64BD-4641-B372-16891ED05B40-" VPOS="2130" WIDTH="1483">
<String CONTENT="B." HEIGHT="50" HPOS="605" VPOS="2133" WIDTH="65" />
<SP HEIGHT="50" HPOS="671" VPOS="2132" WIDTH="43" />
<String CONTENT="Bernard." HEIGHT="52" HPOS="715" VPOS="2130" WIDTH="274" />
<SP HEIGHT="50" HPOS="990" VPOS="2132" WIDTH="75" />
<String CONTENT="Boston," HEIGHT="64" HPOS="1066" VPOS="2132" WIDTH="232" />
<SP HEIGHT="64" HPOS="1299" VPOS="2132" WIDTH="39" />
<String CONTENT="New" HEIGHT="51" HPOS="1339" VPOS="2132" WIDTH="138" />
<SP HEIGHT="52" HPOS="1478" VPOS="2132" WIDTH="39" />
<String CONTENT="York" HEIGHT="54" HPOS="1518" VPOS="2130" WIDTH="163" />
<SP HEIGHT="67" HPOS="1682" VPOS="2130" WIDTH="43" />
<String CONTENT="[etc.]" CS="1" HEIGHT="64" HPOS="1744" VPOS="2133" WIDTH="119" />
<SP HEIGHT="64" HPOS="1864" VPOS="2133" WIDTH="46" />
<String CONTENT="D." HEIGHT="51" HPOS="1911" VPOS="2133" WIDTH="70" />
<SP HEIGHT="54" HPOS="1982" VPOS="2132" WIDTH="45" />
<String CONTENT="C." CS="1" HEIGHT="9" HPOS="2079" VPOS="2174" WIDTH="9" />
</TextLine>
<TextLine CS="1" HEIGHT="66" HPOS="101" STYLEREFS="StyleId-92F347E7-64BD-4641-B372-16891ED05B40-" VPOS="2208" WIDTH="865">
<String CONTENT="Heath" HEIGHT="51" HPOS="101" VPOS="2208" WIDTH="195" />
<SP HEIGHT="52" HPOS="297" VPOS="2208" WIDTH="27" />
<String CONTENT="and" HEIGHT="51" HPOS="325" VPOS="2209" WIDTH="111" />
<SP HEIGHT="51" HPOS="437" VPOS="2209" WIDTH="26" />
<String CONTENT="company" HEIGHT="48" HPOS="464" VPOS="2226" WIDTH="278" />
<SP HEIGHT="47" HPOS="743" VPOS="2227" WIDTH="32" />
<String CONTENT="[" CS="1" />
<String CONTENT="c" HEIGHT="21" HPOS="794" STYLE="superscript" VPOS="2214" WIDTH="17" />
<String CONTENT="1935]" HEIGHT="64" HPOS="817" VPOS="2210" WIDTH="149" />
</TextLine>
<TextLine CS="1" HEIGHT="49" HPOS="174" STYLEREFS="StyleId-92F347E7-64BD-4641-B372-16891ED05B40-" VPOS="2280" WIDTH="659">
<String CONTENT="xiv," HEIGHT="49" HPOS="174" VPOS="2280" WIDTH="96" />
<SP HEIGHT="47" HPOS="271" VPOS="2282" WIDTH="25" />
<String CONTENT="300" HEIGHT="41" HPOS="297" VPOS="2280" WIDTH="88" />
<SP HEIGHT="47" HPOS="386" VPOS="2281" WIDTH="22" />
<String CONTENT="p." HEIGHT="36" HPOS="409" VPOS="2292" WIDTH="41" />
<SP HEIGHT="40" HPOS="451" VPOS="2280" WIDTH="55" />
<String CONTENT="illus." HEIGHT="40" HPOS="507" VPOS="2280" WIDTH="126" />
<SP HEIGHT="38" HPOS="634" VPOS="2282" WIDTH="56" />
<String CONTENT="19&#189;" CS="1" HEIGHT="40" HPOS="691" VPOS="2280" WIDTH="53" />
<String CONTENT="cm" HEIGHT="20" HPOS="778" STYLE="superscript" VPOS="2283" WIDTH="44" />
<String CONTENT="." HEIGHT="9" HPOS="825" VPOS="2311" WIDTH="8" />
</TextLine>
<TextLine CS="1" HEIGHT="53" HPOS="106" VPOS="2333" WIDTH="1986">
<String CONTENT="&#169;" HEIGHT="53" HPOS="106" LANG="en-US" VPOS="2333" WIDTH="52" />
<SP HEIGHT="53" HPOS="159" VPOS="2333" WIDTH="25" />
<String CONTENT="Apr." HEIGHT="47" HPOS="185" LANG="en-US" VPOS="2338" WIDTH="111" />
<SP HEIGHT="38" HPOS="297" VPOS="2338" WIDTH="25" />
<String CONTENT="4," HEIGHT="46" HPOS="323" LANG="en-US" VPOS="2338" WIDTH="41" />
<SP HEIGHT="46" HPOS="365" VPOS="2338" WIDTH="25" />
<String CONTENT="1935;" HEIGHT="47" HPOS="391" LANG="en-US" VPOS="2337" WIDTH="140" />
<SP HEIGHT="47" HPOS="532" VPOS="2337" WIDTH="25" />
<String CONTENT="2c." HEIGHT="40" HPOS="558" LANG="en-US" VPOS="2337" WIDTH="65" />
<SP HEIGHT="29" HPOS="624" VPOS="2347" WIDTH="27" />
<String CONTENT="and" HEIGHT="38" HPOS="652" LANG="en-US" VPOS="2338" WIDTH="95" />
<SP HEIGHT="38" HPOS="748" VPOS="2338" WIDTH="26" />
<String CONTENT="aff." HEIGHT="40" HPOS="775" LANG="en-US" VPOS="2336" WIDTH="80" />
<SP HEIGHT="39" HPOS="856" VPOS="2336" WIDTH="23" />
<String CONTENT="Apr." HEIGHT="48" HPOS="880" LANG="en-US" VPOS="2336" WIDTH="114" />
<SP HEIGHT="39" HPOS="995" VPOS="2337" WIDTH="26" />
<String CONTENT="8;" HEIGHT="46" HPOS="1022" LANG="en-US" VPOS="2337" WIDTH="52" />
<SP HEIGHT="47" HPOS="1075" VPOS="2336" WIDTH="27" />
<String CONTENT="A" HEIGHT="39" HPOS="1103" LANG="en-US" VPOS="2336" WIDTH="41" />
<SP HEIGHT="41" HPOS="1145" VPOS="2336" WIDTH="24" />
<String CONTENT="82402;" CS="1" HEIGHT="41" HPOS="1170" LANG="en-US" VPOS="2336" WIDTH="141" />
<SP HEIGHT="46" HPOS="1339" VPOS="2337" WIDTH="30" />
<String CONTENT="R." HEIGHT="39" HPOS="1370" LANG="fr" VPOS="2337" WIDTH="54" />
<SP HEIGHT="39" HPOS="1425" VPOS="2338" WIDTH="26" />
<String CONTENT="W." HEIGHT="39" HPOS="1452" LANG="fr" VPOS="2338" WIDTH="71" />
<SP HEIGHT="38" HPOS="1524" VPOS="2338" WIDTH="27" />
<String CONTENT="Bardwell" CS="1" HEIGHT="39" HPOS="1552" LANG="fr" VPOS="2338" WIDTH="245" />
<SP HEIGHT="38" HPOS="1798" VPOS="2338" WIDTH="26" />
<String CONTENT="and" HEIGHT="38" HPOS="1825" LANG="en-US" VPOS="2339" WIDTH="94" />
<SP HEIGHT="38" HPOS="1920" VPOS="2339" WIDTH="28" />
<String CONTENT="Ethel" HEIGHT="41" HPOS="1949" LANG="en-US" VPOS="2338" WIDTH="143" />
</TextLine>
<TextLine CS="1" HEIGHT="50" HPOS="177" VPOS="2392" WIDTH="1858">
<String CONTENT="Mabie," HEIGHT="48" HPOS="177" VPOS="2394" WIDTH="173" />
<SP HEIGHT="47" HPOS="351" VPOS="2395" WIDTH="25" />
<String CONTENT="Madison," HEIGHT="47" HPOS="377" VPOS="2393" WIDTH="236" />
<SP HEIGHT="46" HPOS="614" VPOS="2394" WIDTH="26" />
<String CONTENT="Wis.," HEIGHT="49" HPOS="641" VPOS="2392" WIDTH="131" />
<SP HEIGHT="37" HPOS="773" VPOS="2404" WIDTH="27" />
<String CONTENT="and" HEIGHT="40" HPOS="801" VPOS="2394" WIDTH="94" />
<SP HEIGHT="40" HPOS="896" VPOS="2394" WIDTH="27" />
<String CONTENT="J." HEIGHT="40" HPOS="924" VPOS="2394" WIDTH="42" />
<SP HEIGHT="41" HPOS="967" VPOS="2393" WIDTH="27" />
<String CONTENT="C." CS="1" HEIGHT="8" HPOS="1036" VPOS="2425" WIDTH="8" />
<SP HEIGHT="40" HPOS="1045" VPOS="2393" WIDTH="26" />
<String CONTENT="Tressler," HEIGHT="48" HPOS="1072" VPOS="2393" WIDTH="232" />
<SP HEIGHT="47" HPOS="1305" VPOS="2394" WIDTH="25" />
<String CONTENT="Kew" HEIGHT="39" HPOS="1331" VPOS="2394" WIDTH="120" />
<SP HEIGHT="40" HPOS="1452" VPOS="2393" WIDTH="25" />
<String CONTENT="Gardens," HEIGHT="49" HPOS="1478" VPOS="2393" WIDTH="234" />
<SP HEIGHT="47" HPOS="1713" VPOS="2395" WIDTH="24" />
<String CONTENT="L." HEIGHT="38" HPOS="1738" VPOS="2395" WIDTH="51" />
<SP HEIGHT="39" HPOS="1790" VPOS="2394" WIDTH="27" />
<String CONTENT="I.," HEIGHT="47" HPOS="1818" VPOS="2394" WIDTH="53" />
<SP HEIGHT="46" HPOS="1872" VPOS="2395" WIDTH="26" />
<String CONTENT="N." HEIGHT="38" HPOS="1899" VPOS="2395" WIDTH="55" />
<SP HEIGHT="38" HPOS="1955" VPOS="2395" WIDTH="26" />
<String CONTENT="Y." HEIGHT="38" HPOS="1982" VPOS="2395" WIDTH="53" />
</TextLine>
<TextLine HEIGHT="65" HPOS="105" STYLEREFS="StyleId-38789094-C892-42D3-8283-251FC9996A31-" VPOS="2511" WIDTH="942">
<String CONTENT="Barnes," HEIGHT="65" HPOS="105" VPOS="2511" WIDTH="243" />
<SP HEIGHT="63" HPOS="349" VPOS="2513" WIDTH="28" />
<String CONTENT="Albert" HEIGHT="54" HPOS="378" VPOS="2511" WIDTH="208" />
<SP HEIGHT="53" HPOS="587" VPOS="2513" WIDTH="30" />
<String CONTENT="Combs," HEIGHT="62" HPOS="618" VPOS="2512" WIDTH="230" />
<SP HEIGHT="57" HPOS="849" VPOS="2517" WIDTH="30" />
<String CONTENT="1872-" HEIGHT="54" HPOS="880" VPOS="2512" WIDTH="167" />
</TextLine>
<TextLine HEIGHT="68" HPOS="180" STYLEREFS="StyleId-92F347E7-64BD-4641-B372-16891ED05B40-" VPOS="2588" WIDTH="1908">
<String CONTENT="The" HEIGHT="54" HPOS="180" LANG="en-US" VPOS="2588" WIDTH="120" />
<SP HEIGHT="34" HPOS="301" VPOS="2608" WIDTH="40" />
<String CONTENT="art" HEIGHT="47" HPOS="342" LANG="en-US" VPOS="2595" WIDTH="90" />
<SP HEIGHT="48" HPOS="433" VPOS="2595" WIDTH="37" />
<String CONTENT="of" HEIGHT="54" HPOS="471" LANG="en-US" VPOS="2589" WIDTH="65" />
<SP HEIGHT="53" HPOS="537" VPOS="2589" WIDTH="36" />
<String CONTENT="Renoir," HEIGHT="66" HPOS="574" LANG="fr" VPOS="2588" WIDTH="229" />
<SP HEIGHT="65" HPOS="804" VPOS="2589" WIDTH="38" />
<String CONTENT="by" HEIGHT="67" HPOS="843" LANG="en-US" VPOS="2589" WIDTH="74" />
<SP HEIGHT="67" HPOS="918" VPOS="2589" WIDTH="38" />
<String CONTENT="Albert" HEIGHT="54" HPOS="957" LANG="en-US" VPOS="2588" WIDTH="205" />
<SP HEIGHT="54" HPOS="1163" VPOS="2590" WIDTH="40" />
<String CONTENT="C." HEIGHT="54" HPOS="1204" LANG="en-US" VPOS="2590" WIDTH="62" />
<SP HEIGHT="52" HPOS="1267" VPOS="2591" WIDTH="40" />
<String CONTENT="Barnes-and" HEIGHT="53" HPOS="1308" LANG="en-US" VPOS="2590" WIDTH="367" />
<SP HEIGHT="54" HPOS="1676" VPOS="2590" WIDTH="40" />
<String CONTENT="Violette" HEIGHT="55" HPOS="1717" LANG="fr" VPOS="2589" WIDTH="247" />
<SP HEIGHT="51" HPOS="1965" VPOS="2592" WIDTH="38" />
<String CONTENT="De" HEIGHT="51" HPOS="2004" LANG="fr" VPOS="2592" WIDTH="84" />
</TextLine>
<TextLine HEIGHT="68" HPOS="110" STYLEREFS="StyleId-92F347E7-64BD-4641-B372-16891ED05B40-" VPOS="2666" WIDTH="1974">
<String CONTENT="Mazia;" HEIGHT="67" HPOS="110" VPOS="2666" WIDTH="215" />
<SP HEIGHT="46" HPOS="326" VPOS="2687" WIDTH="42" />
<String CONTENT="with" HEIGHT="54" HPOS="369" VPOS="2666" WIDTH="139" />
<SP HEIGHT="51" HPOS="509" VPOS="2669" WIDTH="38" />
<String CONTENT="a" HEIGHT="34" HPOS="548" VPOS="2686" WIDTH="32" />
<SP HEIGHT="53" HPOS="581" VPOS="2667" WIDTH="41" />
<String CONTENT="foreword" HEIGHT="54" HPOS="623" VPOS="2667" WIDTH="281" />
<SP HEIGHT="55" HPOS="905" VPOS="2666" WIDTH="39" />
<String CONTENT="by" HEIGHT="68" HPOS="945" VPOS="2666" WIDTH="75" />
<SP HEIGHT="66" HPOS="1021" VPOS="2668" WIDTH="35" />
<String CONTENT="John" HEIGHT="55" HPOS="1057" VPOS="2667" WIDTH="155" />
<SP HEIGHT="51" HPOS="1213" VPOS="2668" WIDTH="38" />
<String CONTENT="Dewey;" HEIGHT="66" HPOS="1252" VPOS="2668" WIDTH="237" />
<SP HEIGHT="47" HPOS="1490" VPOS="2685" WIDTH="43" />
<String CONTENT="one" HEIGHT="35" HPOS="1534" VPOS="2685" WIDTH="102" />
<SP HEIGHT="51" HPOS="1637" VPOS="2669" WIDTH="39" />
<String CONTENT="hundred" HEIGHT="55" HPOS="1677" VPOS="2668" WIDTH="254" />
<SP HEIGHT="52" HPOS="1932" VPOS="2669" WIDTH="44" />
<String CONTENT="and" HEIGHT="52" HPOS="1977" VPOS="2669" WIDTH="107" />
</TextLine>
<TextLine HEIGHT="69" HPOS="108" STYLEREFS="StyleId-92F347E7-64BD-4641-B372-16891ED05B40-" VPOS="2740" WIDTH="1981">
<String CONTENT="fifty-eight" HEIGHT="69" HPOS="108" VPOS="2740" WIDTH="319" />
<SP HEIGHT="54" HPOS="428" VPOS="2742" WIDTH="22" />
<String CONTENT="illustrations." HEIGHT="58" HPOS="451" VPOS="2742" WIDTH="392" />
<SP HEIGHT="52" HPOS="844" VPOS="2744" WIDTH="72" />
<String CONTENT="New" HEIGHT="52" HPOS="917" VPOS="2744" WIDTH="136" />
<SP HEIGHT="52" HPOS="1054" VPOS="2744" WIDTH="25" />
<String CONTENT="York," HEIGHT="64" HPOS="1080" VPOS="2743" WIDTH="177" />
<SP HEIGHT="63" HPOS="1258" VPOS="2744" WIDTH="21" />
<String CONTENT="Minton," HEIGHT="65" HPOS="1280" VPOS="2743" WIDTH="244" />
<SP HEIGHT="62" HPOS="1525" VPOS="2746" WIDTH="22" />
<String CONTENT="Balch" HEIGHT="56" HPOS="1548" VPOS="2744" WIDTH="181" />
<SP HEIGHT="55" HPOS="1730" VPOS="2745" WIDTH="20" />
<String CONTENT="&amp;" HEIGHT="49" HPOS="1751" VPOS="2748" WIDTH="46" />
<SP HEIGHT="50" HPOS="1798" VPOS="2748" WIDTH="19" />
<String CONTENT="co.," HEIGHT="44" HPOS="1818" LANG="ru" VPOS="2763" WIDTH="97" />
<SP HEIGHT="57" HPOS="1916" VPOS="2750" WIDTH="25" />
<String CONTENT="1935." HEIGHT="49" HPOS="1942" VPOS="2749" WIDTH="147" />
</TextLine>
<TextLine CS="1" HEIGHT="50" HPOS="180" STYLEREFS="StyleId-92F347E7-64BD-4641-B372-16891ED05B40-" VPOS="2814" WIDTH="1241">
<String CONTENT="xxi," HEIGHT="48" HPOS="180" VPOS="2815" WIDTH="98" />
<SP HEIGHT="47" HPOS="279" VPOS="2816" WIDTH="29" />
<String CONTENT="515" HEIGHT="40" HPOS="309" VPOS="2816" WIDTH="86" />
<SP HEIGHT="48" HPOS="396" VPOS="2816" WIDTH="25" />
<String CONTENT="p." HEIGHT="37" HPOS="422" VPOS="2827" WIDTH="43" />
<SP HEIGHT="40" HPOS="466" VPOS="2816" WIDTH="27" />
<String CONTENT="incl." HEIGHT="40" HPOS="494" VPOS="2816" WIDTH="107" />
<SP HEIGHT="37" HPOS="602" VPOS="2826" WIDTH="32" />
<String CONTENT="plates," HEIGHT="46" HPOS="635" VPOS="2817" WIDTH="169" />
<SP HEIGHT="41" HPOS="805" VPOS="2815" WIDTH="57" />
<String CONTENT="front." HEIGHT="40" HPOS="863" VPOS="2815" WIDTH="146" />
<SP HEIGHT="47" HPOS="1010" VPOS="2816" WIDTH="27" />
<String CONTENT="(port.)" HEIGHT="49" HPOS="1038" VPOS="2814" WIDTH="171" />
<SP HEIGHT="47" HPOS="1210" VPOS="2814" WIDTH="66" />
<String CONTENT="23&#189;" CS="1" HEIGHT="41" HPOS="1277" VPOS="2815" WIDTH="54" />
<String CONTENT="cm" HEIGHT="21" HPOS="1364" STYLE="superscript" VPOS="2818" WIDTH="43" />
<String CONTENT="." HEIGHT="9" HPOS="1414" VPOS="2848" WIDTH="7" />
</TextLine>
<TextLine CS="1" HEIGHT="51" HPOS="182" VPOS="2870" WIDTH="1285">
<String CONTENT="&#8220;Publications" HEIGHT="41" HPOS="182" VPOS="2870" WIDTH="356" />
<SP HEIGHT="30" HPOS="539" VPOS="2882" WIDTH="28" />
<String CONTENT="of" HEIGHT="40" HPOS="568" VPOS="2872" WIDTH="51" />
<SP HEIGHT="39" HPOS="620" VPOS="2872" WIDTH="24" />
<String CONTENT="the" HEIGHT="38" HPOS="645" VPOS="2873" WIDTH="82" />
<SP HEIGHT="38" HPOS="728" VPOS="2873" WIDTH="27" />
<String CONTENT="Barnes" HEIGHT="39" HPOS="756" VPOS="2873" WIDTH="184" />
<SP HEIGHT="42" HPOS="941" VPOS="2870" WIDTH="27" />
<String CONTENT="foundation.&#8221;&#8212;p." HEIGHT="49" HPOS="969" VPOS="2870" WIDTH="437" />
<SP HEIGHT="30" HPOS="1407" VPOS="2891" WIDTH="30" />
<String CONTENT="[ii]" CS="1" HEIGHT="50" HPOS="1438" VPOS="2871" WIDTH="29" />
</TextLine>
<TextLine CS="1" HEIGHT="53" HPOS="110" VPOS="2926" WIDTH="1984">
<String CONTENT="&#169;" HEIGHT="53" HPOS="110" VPOS="2926" WIDTH="52" />
<SP HEIGHT="53" HPOS="163" VPOS="2926" WIDTH="28" />
<String CONTENT="Mar." HEIGHT="39" HPOS="192" VPOS="2931" WIDTH="120" />
<SP HEIGHT="40" HPOS="313" VPOS="2930" WIDTH="32" />
<String CONTENT="14," HEIGHT="47" HPOS="346" VPOS="2930" WIDTH="69" />
<SP HEIGHT="47" HPOS="416" VPOS="2930" WIDTH="29" />
<String CONTENT="1935;" CS="1" HEIGHT="41" HPOS="446" VPOS="2929" WIDTH="116" />
<SP HEIGHT="48" HPOS="587" VPOS="2929" WIDTH="30" />
<String CONTENT="2c." HEIGHT="40" HPOS="618" VPOS="2929" WIDTH="66" />
<SP HEIGHT="38" HPOS="685" VPOS="2931" WIDTH="32" />
<String CONTENT="Mar." HEIGHT="38" HPOS="718" VPOS="2931" WIDTH="121" />
<SP HEIGHT="39" HPOS="840" VPOS="2930" WIDTH="31" />
<String CONTENT="15;" HEIGHT="46" HPOS="872" VPOS="2930" WIDTH="80" />
<SP HEIGHT="36" HPOS="953" VPOS="2940" WIDTH="34" />
<String CONTENT="aff." HEIGHT="41" HPOS="988" VPOS="2928" WIDTH="79" />
<SP HEIGHT="39" HPOS="1068" VPOS="2929" WIDTH="31" />
<String CONTENT="Apr." HEIGHT="48" HPOS="1100" VPOS="2929" WIDTH="113" />
<SP HEIGHT="41" HPOS="1214" VPOS="2928" WIDTH="30" />
<String CONTENT="9;" HEIGHT="47" HPOS="1245" VPOS="2928" WIDTH="53" />
<SP HEIGHT="45" HPOS="1299" VPOS="2930" WIDTH="33" />
<String CONTENT="A" HEIGHT="38" HPOS="1333" VPOS="2930" WIDTH="40" />
<SP HEIGHT="40" HPOS="1374" VPOS="2930" WIDTH="29" />
<String CONTENT="82566;" HEIGHT="47" HPOS="1404" VPOS="2929" WIDTH="169" />
<SP HEIGHT="46" HPOS="1574" VPOS="2930" WIDTH="33" />
<String CONTENT="A." HEIGHT="40" HPOS="1608" VPOS="2930" WIDTH="53" />
<SP HEIGHT="41" HPOS="1662" VPOS="2929" WIDTH="33" />
<String CONTENT="C." HEIGHT="41" HPOS="1696" VPOS="2929" WIDTH="48" />
<SP HEIGHT="38" HPOS="1745" VPOS="2932" WIDTH="34" />
<String CONTENT="Barnes" HEIGHT="38" HPOS="1780" VPOS="2932" WIDTH="185" />
<SP HEIGHT="29" HPOS="1966" VPOS="2941" WIDTH="33" />
<String CONTENT="and" HEIGHT="39" HPOS="2000" VPOS="2932" WIDTH="94" />
</TextLine>
<TextLine CS="1" HEIGHT="49" HPOS="178" VPOS="2985" WIDTH="1170">
<String CONTENT="Violette" HEIGHT="42" HPOS="178" LANG="fr" VPOS="2987" WIDTH="211" />
<SP HEIGHT="41" HPOS="390" VPOS="2988" WIDTH="20" />
<String CONTENT="De" HEIGHT="39" HPOS="411" LANG="fr" VPOS="2988" WIDTH="71" />
<SP HEIGHT="39" HPOS="483" VPOS="2988" WIDTH="21" />
<String CONTENT="Mazia," HEIGHT="48" HPOS="505" LANG="en-US" VPOS="2986" WIDTH="174" />
<SP HEIGHT="48" HPOS="680" VPOS="2986" WIDTH="22" />
<String CONTENT="Philadelphia." HEIGHT="48" HPOS="703" LANG="en-US" VPOS="2985" WIDTH="352" />
<SP HEIGHT="47" HPOS="1056" VPOS="2986" WIDTH="68" />
<String CONTENT="(" HEIGHT="47" HPOS="1125" LANG="en-US" VPOS="2986" WIDTH="14" />
<SP HEIGHT="47" HPOS="1140" VPOS="2986" WIDTH="7" />
<String CONTENT="35-5717)" CS="1" HEIGHT="41" HPOS="1148" LANG="en-US" VPOS="2985" WIDTH="200" />
</TextLine>
<TextLine HEIGHT="63" HPOS="108" STYLEREFS="StyleId-38789094-C892-42D3-8283-251FC9996A31-" VPOS="3062" WIDTH="533">
<String CONTENT="Beasley," HEIGHT="63" HPOS="108" VPOS="3062" WIDTH="264" />
<SP HEIGHT="61" HPOS="373" VPOS="3064" WIDTH="23" />
<String CONTENT="Mercer." HEIGHT="53" HPOS="397" VPOS="3064" WIDTH="244" />
</TextLine>
<TextLine CS="1" HEIGHT="145" HPOS="110" STYLEREFS="StyleId-92F347E7-64BD-4641-B372-16891ED05B40-" VPOS="3137" WIDTH="1957">
<String CONTENT="How" HEIGHT="51" HPOS="178" VPOS="3138" WIDTH="150" />
<SP HEIGHT="46" HPOS="329" VPOS="3143" WIDTH="33" />
<String CONTENT="to" HEIGHT="47" HPOS="363" VPOS="3143" WIDTH="59" />
<SP HEIGHT="49" HPOS="423" VPOS="3157" WIDTH="34" />
<String CONTENT="play" HEIGHT="68" HPOS="458" VPOS="3138" WIDTH="138" />
<SP HEIGHT="61" HPOS="597" VPOS="3144" WIDTH="32" />
<String CONTENT="tennis;" HEIGHT="68" HPOS="630" VPOS="3137" WIDTH="213" />
<SP HEIGHT="61" HPOS="844" VPOS="3144" WIDTH="36" />
<String CONTENT="the" HEIGHT="53" HPOS="881" VPOS="3138" WIDTH="97" />
<SP HEIGHT="50" HPOS="979" VPOS="3140" WIDTH="34" />
<String CONTENT="Beasley" HEIGHT="66" HPOS="1014" VPOS="3139" WIDTH="237" />
<SP HEIGHT="48" HPOS="1252" VPOS="3157" WIDTH="35" />
<String CONTENT="system" HEIGHT="63" HPOS="1288" VPOS="3142" WIDTH="208" />
<SP HEIGHT="33" HPOS="1497" VPOS="3158" WIDTH="35" />
<String CONTENT="of" HEIGHT="53" HPOS="1533" VPOS="3138" WIDTH="63" />
<SP HEIGHT="53" HPOS="1597" VPOS="3138" WIDTH="33" />
<String CONTENT="tennis&#183;" HEIGHT="53" HPOS="1631" VPOS="3140" WIDTH="195" />
<SP HEIGHT="51" HPOS="1827" VPOS="3140" WIDTH="26" />
<String CONTENT="instruction," HEIGHT="131" HPOS="110" VPOS="3140" WIDTH="1957" />
<SP HEIGHT="54" HPOS="248" VPOS="3217" WIDTH="23" />
<String CONTENT="by" HEIGHT="65" HPOS="272" VPOS="3217" WIDTH="74" />
</TextLine>
<TextLine CS="1" HEIGHT="67" HPOS="372" STYLEREFS="StyleId-92F347E7-64BD-4641-B372-16891ED05B40-" VPOS="3215" WIDTH="1688">
<String CONTENT="Mercer" HEIGHT="51" HPOS="372" VPOS="3218" WIDTH="217" />
<SP HEIGHT="51" HPOS="590" VPOS="3218" WIDTH="23" />
<String CONTENT="Beasley;" CS="1" HEIGHT="67" HPOS="614" VPOS="3215" WIDTH="237" />
<SP HEIGHT="53" HPOS="878" VPOS="3218" WIDTH="26" />
<String CONTENT="in" HEIGHT="51" HPOS="905" VPOS="3218" WIDTH="62" />
<SP HEIGHT="33" HPOS="968" VPOS="3235" WIDTH="23" />
<String CONTENT="collaboration" HEIGHT="53" HPOS="992" VPOS="3215" WIDTH="408" />
<SP HEIGHT="35" HPOS="1401" VPOS="3234" WIDTH="24" />
<String CONTENT="with" HEIGHT="52" HPOS="1426" VPOS="3217" WIDTH="139" />
<SP HEIGHT="54" HPOS="1566" VPOS="3217" WIDTH="24" />
<String CONTENT="Milton" HEIGHT="53" HPOS="1591" VPOS="3218" WIDTH="211" />
<SP HEIGHT="51" HPOS="1803" VPOS="3219" WIDTH="22" />
<String CONTENT="Holmes;" CS="1" HEIGHT="53" HPOS="1826" VPOS="3219" WIDTH="234" />
</TextLine>
<TextLine HEIGHT="64" HPOS="111" STYLEREFS="StyleId-92F347E7-64BD-4641-B372-16891ED05B40-" VPOS="3293" WIDTH="1980">
<String CONTENT="many" HEIGHT="47" HPOS="111" VPOS="3310" WIDTH="169" />
<SP HEIGHT="63" HPOS="281" VPOS="3294" WIDTH="27" />
<String CONTENT="halftone" HEIGHT="52" HPOS="309" VPOS="3293" WIDTH="260" />
<SP HEIGHT="33" HPOS="570" VPOS="3312" WIDTH="31" />
<String CONTENT="and" HEIGHT="51" HPOS="602" VPOS="3294" WIDTH="110" />
<SP HEIGHT="51" HPOS="713" VPOS="3294" WIDTH="29" />
<String CONTENT="linecut" HEIGHT="51" HPOS="743" VPOS="3294" WIDTH="210" />
<SP HEIGHT="52" HPOS="954" VPOS="3293" WIDTH="27" />
<String CONTENT="illustrations." HEIGHT="53" HPOS="982" VPOS="3293" WIDTH="391" />
<SP HEIGHT="47" HPOS="1374" VPOS="3298" WIDTH="65" />
<String CONTENT="4th" HEIGHT="51" HPOS="1440" VPOS="3295" WIDTH="98" />
<SP HEIGHT="51" HPOS="1539" VPOS="3295" WIDTH="29" />
<String CONTENT="rev." HEIGHT="37" HPOS="1569" VPOS="3310" WIDTH="110" />
<SP HEIGHT="33" HPOS="1680" VPOS="3314" WIDTH="33" />
<String CONTENT="ed." HEIGHT="52" HPOS="1714" VPOS="3295" WIDTH="82" />
<SP HEIGHT="54" HPOS="1797" VPOS="3296" WIDTH="64" />
<String CONTENT="Garden" HEIGHT="54" HPOS="1862" VPOS="3296" WIDTH="229" />
</TextLine>
<TextLine HEIGHT="71" HPOS="112" STYLEREFS="StyleId-92F347E7-64BD-4641-B372-16891ED05B40-" VPOS="3369" WIDTH="1691">
<String CONTENT="City," HEIGHT="68" HPOS="112" VPOS="3369" WIDTH="151" />
<SP HEIGHT="65" HPOS="264" VPOS="3372" WIDTH="25" />
<String CONTENT="N." HEIGHT="50" HPOS="290" VPOS="3372" WIDTH="67" />
<SP HEIGHT="52" HPOS="358" VPOS="3371" WIDTH="28" />
<String CONTENT="Y.," HEIGHT="65" HPOS="387" VPOS="3371" WIDTH="90" />
<SP HEIGHT="64" HPOS="478" VPOS="3372" WIDTH="24" />
<String CONTENT="Doubleday," HEIGHT="67" HPOS="503" VPOS="3370" WIDTH="354" />
<SP HEIGHT="64" HPOS="858" VPOS="3372" WIDTH="24" />
<String CONTENT="Doran" HEIGHT="51" HPOS="883" VPOS="3372" WIDTH="197" />
<SP HEIGHT="50" HPOS="1081" VPOS="3374" WIDTH="25" />
<String CONTENT="&amp;" HEIGHT="50" HPOS="1107" VPOS="3374" WIDTH="45" />
<SP HEIGHT="50" HPOS="1153" VPOS="3374" WIDTH="24" />
<String CONTENT="company," HEIGHT="51" HPOS="1178" VPOS="3389" WIDTH="295" />
<SP HEIGHT="66" HPOS="1474" VPOS="3371" WIDTH="25" />
<String CONTENT="inc.," HEIGHT="67" HPOS="1500" VPOS="3371" WIDTH="125" />
<SP HEIGHT="60" HPOS="1626" VPOS="3378" WIDTH="28" />
<String CONTENT="1935." HEIGHT="49" HPOS="1655" VPOS="3376" WIDTH="148" />
</TextLine>
<TextLine CS="1" HEIGHT="50" HPOS="179" VPOS="3442" WIDTH="1631">
<String CONTENT="xii," HEIGHT="45" HPOS="179" VPOS="3443" WIDTH="82" />
<SP HEIGHT="43" HPOS="262" VPOS="3445" WIDTH="29" />
<String CONTENT="172," HEIGHT="47" HPOS="292" VPOS="3443" WIDTH="97" />
<SP HEIGHT="29" HPOS="390" VPOS="3463" WIDTH="33" />
<String CONTENT="[2]" HEIGHT="49" HPOS="424" VPOS="3443" WIDTH="53" />
<SP HEIGHT="37" HPOS="478" VPOS="3454" WIDTH="31" />
<String CONTENT="p." HEIGHT="36" HPOS="510" VPOS="3454" WIDTH="42" />
<SP HEIGHT="39" HPOS="553" VPOS="3442" WIDTH="57" />
<String CONTENT="front." HEIGHT="39" HPOS="611" VPOS="3442" WIDTH="146" />
<SP HEIGHT="46" HPOS="758" VPOS="3443" WIDTH="29" />
<String CONTENT="(3" HEIGHT="46" HPOS="788" VPOS="3443" WIDTH="48" />
<SP HEIGHT="46" HPOS="837" VPOS="3444" WIDTH="29" />
<String CONTENT="port.)" HEIGHT="48" HPOS="867" VPOS="3442" WIDTH="146" />
<SP HEIGHT="47" HPOS="1014" VPOS="3442" WIDTH="40" />
<String CONTENT="illus.," HEIGHT="46" HPOS="1055" VPOS="3443" WIDTH="142" />
<SP HEIGHT="36" HPOS="1198" VPOS="3455" WIDTH="30" />
<String CONTENT="plates," HEIGHT="47" HPOS="1229" VPOS="3444" WIDTH="169" />
<SP HEIGHT="45" HPOS="1399" VPOS="3445" WIDTH="30" />
<String CONTENT="diagrs." HEIGHT="46" HPOS="1430" VPOS="3444" WIDTH="177" />
<SP HEIGHT="37" HPOS="1608" VPOS="3446" WIDTH="59" />
<String CONTENT="19&#189;" CS="1" HEIGHT="40" HPOS="1668" VPOS="3443" WIDTH="54" />
<String CONTENT="cm" HEIGHT="20" HPOS="1755" STYLE="superscript" VPOS="3447" WIDTH="43" />
<String CONTENT="." HEIGHT="8" HPOS="1802" VPOS="3476" WIDTH="8" />
</TextLine>
<TextLine CS="1" HEIGHT="57" HPOS="115" VPOS="3495" WIDTH="1979">
<String CONTENT="&#169;" HEIGHT="53" HPOS="115" VPOS="3495" WIDTH="51" />
<SP HEIGHT="53" HPOS="167" VPOS="3495" WIDTH="26" />
<String CONTENT="Apr." HEIGHT="48" HPOS="194" VPOS="3499" WIDTH="112" />
<SP HEIGHT="40" HPOS="307" VPOS="3499" WIDTH="27" />
<String CONTENT="1," HEIGHT="47" HPOS="335" VPOS="3499" WIDTH="40" />
<SP HEIGHT="46" HPOS="376" VPOS="3500" WIDTH="27" />
<String CONTENT="1935;" CS="1" HEIGHT="40" HPOS="404" VPOS="3499" WIDTH="113" />
<SP HEIGHT="46" HPOS="544" VPOS="3499" WIDTH="29" />
<String CONTENT="2c." HEIGHT="40" HPOS="574" VPOS="3499" WIDTH="65" />
<SP HEIGHT="30" HPOS="640" VPOS="3509" WIDTH="30" />
<String CONTENT="and" HEIGHT="39" HPOS="671" VPOS="3500" WIDTH="97" />
<SP HEIGHT="39" HPOS="769" VPOS="3500" WIDTH="25" />
<String CONTENT="aff." HEIGHT="40" HPOS="795" VPOS="3499" WIDTH="78" />
<SP HEIGHT="38" HPOS="874" VPOS="3500" WIDTH="29" />
<String CONTENT="Apr." HEIGHT="47" HPOS="904" VPOS="3500" WIDTH="110" />
<SP HEIGHT="41" HPOS="1015" VPOS="3498" WIDTH="28" />
<String CONTENT="9;" CS="1" HEIGHT="41" HPOS="1044" VPOS="3498" WIDTH="26" />
<SP HEIGHT="46" HPOS="1098" VPOS="3500" WIDTH="30" />
<String CONTENT="A" HEIGHT="39" HPOS="1129" VPOS="3500" WIDTH="41" />
<SP HEIGHT="40" HPOS="1171" VPOS="3500" WIDTH="27" />
<String CONTENT="82471;" CS="1" HEIGHT="40" HPOS="1199" VPOS="3500" WIDTH="143" />
<SP HEIGHT="45" HPOS="1369" VPOS="3502" WIDTH="31" />
<String CONTENT="M." HEIGHT="39" HPOS="1401" VPOS="3502" WIDTH="62" />
<SP HEIGHT="38" HPOS="1464" VPOS="3503" WIDTH="30" />
<String CONTENT="Beasley," HEIGHT="47" HPOS="1495" VPOS="3502" WIDTH="217" />
<SP HEIGHT="46" HPOS="1713" VPOS="3502" WIDTH="33" />
<String CONTENT="Spring" HEIGHT="49" HPOS="1747" VPOS="3502" WIDTH="176" />
<SP HEIGHT="46" HPOS="1924" VPOS="3504" WIDTH="26" />
<String CONTENT="Lake," HEIGHT="48" HPOS="1951" VPOS="3504" WIDTH="143" />
</TextLine>
<TextLine HEIGHT="49" HPOS="179" VPOS="3554" WIDTH="442">
<String CONTENT="N." HEIGHT="39" HPOS="179" VPOS="3557" WIDTH="55" />
<SP HEIGHT="39" HPOS="235" VPOS="3557" WIDTH="24" />
<String CONTENT="J." HEIGHT="39" HPOS="260" VPOS="3557" WIDTH="43" />
<SP HEIGHT="47" HPOS="304" VPOS="3556" WIDTH="68" />
<String CONTENT="(35-5861)" HEIGHT="49" HPOS="373" VPOS="3554" WIDTH="248" />
</TextLine>
<TextLine HEIGHT="66" HPOS="113" STYLEREFS="StyleId-38789094-C892-42D3-8283-251FC9996A31-" VPOS="3629" WIDTH="462">
<String CONTENT="Bentley," HEIGHT="66" HPOS="113" VPOS="3629" WIDTH="264" />
<SP HEIGHT="63" HPOS="378" VPOS="3632" WIDTH="25" />
<String CONTENT="John." HEIGHT="54" HPOS="404" VPOS="3632" WIDTH="171" />
</TextLine>
<TextLine HEIGHT="76" HPOS="185" STYLEREFS="StyleId-92F347E7-64BD-4641-B372-16891ED05B40-" VPOS="3704" WIDTH="1908">
<String CONTENT="The" HEIGHT="51" HPOS="185" VPOS="3708" WIDTH="119" />
<SP HEIGHT="54" HPOS="305" VPOS="3707" WIDTH="38" />
<String CONTENT="Griffith" HEIGHT="57" HPOS="344" VPOS="3704" WIDTH="227" />
<SP HEIGHT="52" HPOS="572" VPOS="3708" WIDTH="38" />
<String CONTENT="case," HEIGHT="47" HPOS="611" VPOS="3726" WIDTH="138" />
<SP HEIGHT="46" HPOS="750" VPOS="3727" WIDTH="39" />
<String CONTENT="a" HEIGHT="32" HPOS="790" VPOS="3727" WIDTH="31" />
<SP HEIGHT="48" HPOS="822" VPOS="3727" WIDTH="37" />
<String CONTENT="problem" HEIGHT="66" HPOS="860" VPOS="3709" WIDTH="253" />
<SP HEIGHT="33" HPOS="1114" VPOS="3729" WIDTH="38" />
<String CONTENT="of" HEIGHT="54" HPOS="1153" VPOS="3708" WIDTH="62" />
<SP HEIGHT="55" HPOS="1216" VPOS="3708" WIDTH="37" />
<String CONTENT="inductive" HEIGHT="53" HPOS="1254" VPOS="3710" WIDTH="289" />
<SP HEIGHT="34" HPOS="1544" VPOS="3729" WIDTH="38" />
<String CONTENT="reasoning" HEIGHT="68" HPOS="1583" VPOS="3712" WIDTH="301" />
<SP HEIGHT="48" HPOS="1885" VPOS="3732" WIDTH="38" />
<String CONTENT="again" HEIGHT="66" HPOS="1924" VPOS="3713" WIDTH="169" />
</TextLine>
<TextLine HEIGHT="72" HPOS="114" STYLEREFS="StyleId-92F347E7-64BD-4641-B372-16891ED05B40-" VPOS="3784" WIDTH="1978">
<String CONTENT="with" HEIGHT="51" HPOS="114" VPOS="3784" WIDTH="140" />
<SP HEIGHT="54" HPOS="255" VPOS="3785" WIDTH="27" />
<String CONTENT="Sir" HEIGHT="54" HPOS="283" VPOS="3785" WIDTH="93" />
<SP HEIGHT="49" HPOS="377" VPOS="3787" WIDTH="26" />
<String CONTENT="Richard" HEIGHT="51" HPOS="404" VPOS="3785" WIDTH="251" />
<SP HEIGHT="50" HPOS="656" VPOS="3786" WIDTH="23" />
<String CONTENT="Herrivell," HEIGHT="66" HPOS="680" VPOS="3784" WIDTH="307" />
<SP HEIGHT="64" HPOS="988" VPOS="3786" WIDTH="23" />
<String CONTENT="by" HEIGHT="65" HPOS="1012" VPOS="3786" WIDTH="76" />
<SP HEIGHT="62" HPOS="1089" VPOS="3789" WIDTH="26" />
<String CONTENT="John" HEIGHT="55" HPOS="1116" VPOS="3787" WIDTH="154" />
<SP HEIGHT="48" HPOS="1271" VPOS="3791" WIDTH="28" />
<String CONTENT="Bentley." HEIGHT="65" HPOS="1300" VPOS="3788" WIDTH="254" />
<SP HEIGHT="50" HPOS="1555" VPOS="3790" WIDTH="63" />
<String CONTENT="London," HEIGHT="66" HPOS="1619" VPOS="3790" WIDTH="255" />
<SP HEIGHT="62" HPOS="1875" VPOS="3794" WIDTH="28" />
<String CONTENT="Eldon" HEIGHT="53" HPOS="1904" VPOS="3791" WIDTH="188" />
</TextLine>
<TextLine HEIGHT="66" HPOS="114" STYLEREFS="StyleId-92F347E7-64BD-4641-B372-16891ED05B40-" VPOS="3862" WIDTH="622">
<String CONTENT="press," HEIGHT="48" HPOS="114" VPOS="3879" WIDTH="171" />
<SP HEIGHT="61" HPOS="286" VPOS="3865" WIDTH="25" />
<String CONTENT="limited" HEIGHT="52" HPOS="312" VPOS="3862" WIDTH="219" />
<SP HEIGHT="66" HPOS="532" VPOS="3862" WIDTH="34" />
<String CONTENT="[1935]" HEIGHT="63" HPOS="567" VPOS="3865" WIDTH="169" />
</TextLine>
<TextLine HEIGHT="49" HPOS="182" VPOS="3933" WIDTH="326">
<String CONTENT="286" HEIGHT="41" HPOS="182" VPOS="3933" WIDTH="87" />
<SP HEIGHT="48" HPOS="270" VPOS="3934" WIDTH="23" />
<String CONTENT="p." HEIGHT="38" HPOS="294" VPOS="3944" WIDTH="43" />
<SP HEIGHT="39" HPOS="338" VPOS="3935" WIDTH="54" />
<String CONTENT="19" HEIGHT="40" HPOS="393" VPOS="3934" WIDTH="54" />
<String CONTENT="cm" HEIGHT="22" HPOS="450" STYLE="superscript" VPOS="3935" WIDTH="46" />
<String CONTENT="." HEIGHT="8" HPOS="500" VPOS="3966" WIDTH="8" />
</TextLine>
<TextLine CS="1" HEIGHT="56" HPOS="119" VPOS="3985" WIDTH="1978">
<String CONTENT="&#169;" HEIGHT="53" HPOS="119" VPOS="3985" WIDTH="52" />
<SP />
<String CONTENT="1c." CS="1" />
<SP />
<String CONTENT="Apr." HEIGHT="47" HPOS="309" VPOS="3991" WIDTH="111" />
<SP HEIGHT="38" HPOS="421" VPOS="3991" WIDTH="35" />
<String CONTENT="1," HEIGHT="45" HPOS="457" VPOS="3991" WIDTH="39" />
<SP HEIGHT="46" HPOS="497" VPOS="3990" WIDTH="35" />
<String CONTENT="1935;" HEIGHT="47" HPOS="533" VPOS="3989" WIDTH="140" />
<SP HEIGHT="47" HPOS="674" VPOS="3989" WIDTH="37" />
<String CONTENT="A" HEIGHT="39" HPOS="712" VPOS="3989" WIDTH="41" />
<SP HEIGHT="39" HPOS="754" VPOS="3989" WIDTH="36" />
<String CONTENT="ad" HEIGHT="38" HPOS="791" VPOS="3991" WIDTH="60" />
<SP HEIGHT="40" HPOS="852" VPOS="3989" WIDTH="35" />
<String CONTENT="int." HEIGHT="41" HPOS="888" VPOS="3989" WIDTH="86" />
<SP HEIGHT="38" HPOS="975" VPOS="3992" WIDTH="36" />
<String CONTENT="20080;" HEIGHT="46" HPOS="1012" VPOS="3991" WIDTH="170" />
<SP HEIGHT="39" HPOS="1183" VPOS="4000" WIDTH="37" />
<String CONTENT="pubd." HEIGHT="47" HPOS="1221" VPOS="3992" WIDTH="142" />
<SP HEIGHT="41" HPOS="1364" VPOS="3992" WIDTH="37" />
<String CONTENT="Jan." HEIGHT="41" HPOS="1402" VPOS="3992" WIDTH="108" />
<SP HEIGHT="41" HPOS="1511" VPOS="3993" WIDTH="35" />
<String CONTENT="31;" HEIGHT="48" HPOS="1547" VPOS="3993" WIDTH="83" />
<SP HEIGHT="46" HPOS="1631" VPOS="3995" WIDTH="40" />
<String CONTENT="Cecil" HEIGHT="42" HPOS="1672" VPOS="3994" WIDTH="128" />
<SP HEIGHT="39" HPOS="1801" VPOS="3995" WIDTH="36" />
<String CONTENT="Frederick" HEIGHT="42" HPOS="1838" VPOS="3995" WIDTH="259" />
</TextLine>
<TextLine CS="1" HEIGHT="50" HPOS="187" VPOS="4044" WIDTH="703">
<String CONTENT="Giglio," HEIGHT="50" HPOS="187" LANG="fr" VPOS="4044" WIDTH="168" />
<SP HEIGHT="47" HPOS="356" VPOS="4047" WIDTH="31" />
<String CONTENT="London." HEIGHT="39" HPOS="388" LANG="en-US" VPOS="4047" WIDTH="208" />
<SP HEIGHT="48" HPOS="597" VPOS="4045" WIDTH="69" />
<String CONTENT="(35-5781)" CS="1" HEIGHT="48" HPOS="667" LANG="en-US" VPOS="4045" WIDTH="223" />
</TextLine>
</TextBlock>
</PrintSpace>
</Page>
</Layout>
</alto>