2424 4375
1001 4055 132 50 1521

96 439 185 65 Allen,
309 442 138 51 Mrs.
476 440 104 51 Ida
609 436 282 64 Cogswell
922 435 263 65 (Bailey)
1226 440 170 49 1885-

163 511 1912 71 The budget cook book, by Ida Bailey Allen … [New York]
94 593 119 53 The
243 594 137 51 Best
408 591 182 68 foods,
618 591 105 53 inc.
761 622 12 33 [
778 598 18 21 c
801 593 150 64 1935]

164 668 87 39 127
277 678 43 37 p.
376 666 56 39 22
435 668 43 21 cm
484 697 7 8 .

165 735 200 48 Recipes
393 734 142 48 using
561 744 105 29 new
695 734 178 40 Nucoa.

95 802 51 53 ©
175 808 100 39 Oct.
305 807 69 45 17,
403 806 139 45 1935;
573 806 66 39 2c.
669 806 95 39 and
793 804 80 40 aff.
902 805 102 39 Oct.
1032 804 82 46 23;
1144 805 42 38 A
1214 803 169 48 87908;
1416 805 119 39 Best
1560 804 156 47 foods,
1746 804 89 40 inc.

171 862 278 49 (35-22359)

93 965 167 66 Barr,
290 965 420 67 Stringfellow,
743 967 168 52 1897-

158 1042 278 67 Mazzini;
475 1042 247 68 portrait
758 1041 64 52 of
857 1060 70 33 an
964 1040 160 69 exile,
1158 1041 76 68 by
1270 1039 398 69 Stringfellow
1704 1041 164 51 Barr.
1943 1040 136 51 New

91 1121 178 68 York,
294 1121 77 52 H.
401 1121 145 52 Holt
573 1120 112 53 and
713 1137 278 50 company
1025 1152 12 33 [
1042 1126 18 21 c
1065 1122 133 48 1935
1205 1151 11 33 ]

162 1190 1105 53 viii p., 1 l., 308 p. front. (port.) 22½c m .
163 1265 138 46 Maps
329 1274 61 29 on
416 1262 359 48 lining-papers.

164 1318 438 49 “Bibliographical
633 1316 268 50 appendix”:
962 1329 42 37 p.
1030 1318 217 39 267-277.

89 1386 55 53 ©
172 1391 101 39 Oct.
303 1391 68 46 10,
401 1390 139 45 1935;
572 1390 67 40 2c.
670 1391 95 38 and
793 1389 80 40 aff.
904 1390 102 39 Oct.
1033 1389 80 41 16;
1146 1389 42 38 A
1217 1388 167 41 87723:
1422 1390 41 39 S.
1497 1390 140 46 Barr,
1669 1388 295 49 University,
1995 1390 85 40 Va.

171 1447 276 48 (35-21919)

92 1550 291 63 Barrows,
413 1551 301 63 Marjorie.

162 1626 120 52 The
311 1627 245 50 Frances
586 1625 215 67 Tipton
831 1626 227 50 Hunter
1088 1624 221 68 picture
1334 1624 164 66 book,
1526 1643 182 33 verses
1741 1626 110 50 and
1881 1627 198 50 stories

91 1702 75 70 by
186 1703 276 68 Marjorie
487 1704 281 50 Barrows.
825 1702 230 67 Bacine,
1076 1701 159 67 Wis.,
1256 1701 299 54 Whitman
1577 1701 335 69 publishing
91 1722 1962 128 company
280 1814 12 34 [
297 1787 18 21 c
319 1783 133 50 1935
458 1814 13 33 ]

161 1850 1072 54 2 p. l., 9-61 p. illus. (part col.) 33 cm .
160 1924 288 41 Illustrated
478 1923 362 49 lining-papers.

89 1992 51 53 ©
173 1996 108 40 Feb.
314 1996 70 46 21,
416 1994 139 46 1935;
589 1994 67 40 2c.
691 1995 101 39 Oct.
824 1993 82 47 31;
938 1993 82 40 aff.
1055 1993 99 40 Oct.
1188 1993 82 47 30;
1306 1994 40 38 A
1380 1992 168 48 89092;
1585 1994 250 40 Whitman
1868 1996 109 46 pub.
2010 2006 68 29 co.

171 2052 278 49 (35-21950)

93 2154 216 63 Bragg,
340 2154 145 52 Paul
519 2152 316 64 Chappuis.

157 2230 147 52 Paul
335 2228 61 54 C.
427 2227 241 70 Bragg’s
699 2229 262 66 personal
988 2228 195 53 health
1215 2227 138 54 food
1383 2229 139 52 cook
1550 2228 147 53 book
1725 2229 113 53 and
1866 2249 213 47 menus,

92 2307 70 69 by
181 2308 148 52 Paul
355 2306 294 68 Chappuis
674 2308 212 67 Bragg.
946 2307 292 67 Burbank,
1264 2306 193 69 Calif.,
1478 2309 63 50 P.
1568 2306 62 55 C.
1654 2308 199 68 Bragg
1882 2343 12 33 [
1898 2315 18 20 c
1922 2311 133 48 1935]

159 2381 658 49 3 p. l., 11-201, [1] p. 23½cm.
161 2451 158 40 Blank
346 2462 120 37 page
491 2452 80 39 for
597 2451 159 41 “Your
782 2462 105 29 own
913 2450 212 48 recipes”
1154 2453 50 38 at
1233 2451 104 39 end.

93 2517 50 53 ©
184 2523 126 47 Sept.
351 2523 40 45 5,
430 2521 139 45 1935;
612 2522 66 39 2c.
722 2522 126 47 Sept.
888 2522 80 45 13;
1011 2521 80 40 aff.
1134 2522 125 47 Sept.
1300 2522 82 46 28;
1426 2523 40 38 A
1506 2522 170 46 86510;
1720 2523 50 39 P.
1812 2523 49 40 C.
1903 2524 174 47 Bragg.

159 2578 279 49 [Copyright
466 2579 40 39 is
538 2578 204 40 claimed
772 2589 59 29 on
861 2576 236 42 revisions
1129 2579 96 39 and
1256 2577 260 50 additions]

169 2635 278 48 (35-22356)

93 2737 149 63 Carl,
275 2738 201 54 Ernst.

158 2812 122 55 One
312 2812 226 69 against
567 2813 297 68 England;
896 2814 97 51 the
1023 2814 170 52 death
1223 2813 63 53 of
1314 2812 157 53 Lord
1496 2811 313 54 Kitchener
1841 2813 113 53 and
1981 2814 96 53 the

93 2890 1984 68 plot against the British fleet, by Ernst Carl … New York,
90 2966 65 54 E.
184 2968 65 52 P.
276 2968 223 53 Dutton
524 2970 46 50 &
596 2988 97 47 co.,
719 2970 107 51 inc.
863 3002 11 33 [
879 2976 18 21 c
902 2971 150 64 1935]

158 3041 87 40 288
274 3052 42 36 p.
377 3042 170 47 plates,
579 3044 164 45 ports.,
773 3041 214 41 facsims.
1047 3041 55 40 22½cm.

160 3102 397 48 Autobiography
581 3103 52 40 of
659 3114 28 29 a
715 3103 208 40 German
950 3114 102 37 spy.

161 3158 162 41 “First
349 3158 226 41 edition.”

90 3222 50 53 ©
167 3229 100 40 Oct.
295 3228 69 47 24,
394 3228 112 41 1935;
565 3230 68 39 2c.
664 3231 99 38 and
789 3230 81 39 aff.
902 3231 100 39 Oct.
1033 3230 82 47 25;
1148 3231 42 38 A
1220 3230 167 49 87965;
1422 3233 53 38 E.
1506 3233 50 39 P.
1588 3233 187 40 Dutton
1805 3232 36 40 &
1870 3244 81 31 co.,
1984 3234 89 38 inc.

169 3284 277 48 (35-21920)

94 3384 1981 75 Childcraft … v. 1. Book of verse. Chicago, W. F. Quarrie &
159 3482 276 50 company
650 3500 12 33 [c1935]

159 3524 1342 65 xviii, 302 p. incl. col. front. illus. (part col.) 25½ cm.
199 3596 84 37 Vols.
312 3595 85 39 1-3
424 3604 127 30 were
576 3595 263 48 originally
862 3596 254 47 published
1144 3600 156 38 under
1327 3599 134 40 title:
1493 3600 102 38 The
1622 3599 169 39 child's
1823 3603 249 42 treasury:

92 3648 165 49 editor,
293 3651 113 46 May
439 3651 115 39 Hill.
619 3652 101 39 The
754 3651 254 42 selections
1043 3653 225 41 included
1304 3656 49 37 in
1390 3657 84 38 the
1506 3658 197 44 present
1735 3655 183 39 edition
1954 3656 125 37 have

91 3703 113 41 been
233 3707 177 41 chosen
435 3707 119 40 with
583 3709 83 38 the
694 3709 270 39 assistance
988 3710 53 38 of
1068 3710 134 39 Alice
1232 3711 251 47 Dalgliesh
1513 3712 97 39 and
1640 3712 70 39 W.
1740 3713 56 38 D.
1828 3712 162 38 Howe.

199 3765 83 37 Vols.
310 3764 57 37 4-6
426 3764 122 39 have
580 3765 114 38 been
726 3766 235 45 prepared
992 3768 152 37 under
1176 3769 81 38 the
1290 3767 235 40 direction
1557 3768 52 39 of
1644 3768 43 40 S.
1721 3770 52 37 E.
1807 3768 270 45 Farquhar,

89 3819 254 46 managing
373 3820 169 45 editor,
577 3822 95 37 and
705 3822 274 38 Bernadine
1012 3823 50 38 F.
1098 3824 184 45 Bailey,
1316 3823 240 48 directing
1587 3824 119 39 staff
1736 3825 171 37 editor.

95 3881 49 51 ©
175 3887 124 48 Sept.
329 3890 68 41 21,
427 3889 139 41 1935;
598 3890 64 39 2c.
695 3891 100 39 Oct.
827 3892 50 43 7;
911 3891 81 40 aff.
1025 3892 100 39 Oct.
1159 3894 52 38 5:
1244 3894 39 37 A
1316 3893 169 45 86628;
1518 3895 73 39 W.
1622 3894 51 42 F.
1706 3892 211 51 Quarrie
1945 3892 36 39 &
2009 3902 66 29 co.

163 3944 275 48 [Copyright
464 3946 40 39 is
533 3946 203 39 claimed
763 3957 58 28 on
851 3947 233 41 revisions
1113 3949 94 39 and
1237 3950 222 52 changes]
