2424 4375
1060 4089 131 37 1481

154 457 243 67 Abbott,
422 463 137 51 Mrs.
588 462 147 53 Jane
764 460 240 55 Ludlow
1037 462 259 64 (Drake)
1332 464 173 50 1881-

218 537 138 50 Low
385 536 202 68 bridge
639 537 92 68 [by]
767 538 148 53 Jane
943 536 247 69 Abbott;
1224 536 380 53 illustrations
1632 536 76 67 by
1733 534 223 55 Walter
1987 537 157 66 Pyle.

150 613 423 69 Philadelphia,
606 614 258 69 London,
896 615 55 54 J.
986 616 69 52 B.
1087 614 339 69 Lippincott
1460 630 297 52 company,
1794 616 149 50 1935.

219 700 99 49 317,
353 700 53 50 [1]
440 711 42 38 p.
543 701 86 40 col.
662 701 163 48 front.,
857 701 170 48 plates.
1086 701 56 40 21
1146 703 43 22 cm
1194 734 8 8 .

151 773 51 53 ©
238 778 99 40 Oct.
373 778 70 46 25,
478 777 140 48 1935;
653 778 67 41 2c.
757 780 96 39 and
886 778 82 41 aff.
1005 779 102 40 Oct.
1142 779 83 46 30;
1262 779 41 38 A
1338 778 169 47 89028;
1547 778 123 40 Jane
1705 779 193 47 Abbott,
1936 778 210 42 Buffalo.

228 834 277 48 (35-20296)

149 936 187 63 Allen,
367 938 315 54 Frederick
712 938 210 67 Lewis,
955 943 172 50 1890-

214 1013 1928 72 The lords of creation, by Frederick Lewis Allen … New
148 1091 162 53 York
333 1093 112 52 and
469 1093 259 68 London,
751 1093 236 69 Harper
1008 1093 45 51 &
1078 1094 278 67 brothers,
1386 1096 151 51 1935.

217 1178 84 49 xii,
328 1180 85 41 483
438 1190 42 38 p.
536 1179 173 53 plates,
735 1182 163 46 ports.,
926 1180 190 41 facsim.
1171 1178 58 42 22½
1262 1181 45 22 cm
1308 1210 9 10 .

218 1249 128 42 “The
378 1252 134 45 story
545 1250 54 40 of
629 1251 81 41 the
743 1251 229 42 immense
1003 1250 229 42 financial
1265 1252 95 39 and
1394 1253 251 46 corporate
1682 1252 267 46 expansion
1984 1250 156 41 which

149 1306 111 40 took
285 1307 135 48 place
448 1308 49 40 in
525 1308 82 41 the
637 1307 181 42 United
850 1307 161 43 States
1042 1307 215 42 between
1287 1309 82 40 the
1400 1308 280 48 depression
1710 1308 54 41 of
1789 1309 82 43 the
1903 1308 236 48 eighteen-

146 1362 207 43 nineties
377 1366 96 39 and
499 1366 81 40 the
604 1363 140 42 crisis
772 1365 55 41 of
849 1366 81 42 the
954 1364 678 43 nineteen-thirties.”—Pref.

216 1420 162 43 “First
405 1421 225 43 edition.”

215 1476 231 43 “Sources
477 1480 97 39 and
602 1478 319 49 obligations”:
981 1490 43 39 p.
1052 1478 218 43 465-473.

147 1553 51 53 ©
231 1558 100 40 Oct.
362 1558 69 49 22,
462 1558 113 41 1935;
635 1559 66 40 2c.
736 1559 101 40 Oct.
868 1559 53 39 22;
984 1559 82 41 aff.
1099 1560 102 40 Oct.
1232 1560 57 39 24;
1349 1561 41 38 A
1420 1560 142 41 86991;
1626 1561 51 40 F.
1710 1562 50 39 L.
1794 1561 154 46 Allen,
213 1560 1912 102 Scarsdale,
364 1616 56 38 N.
446 1617 51 37 Y.
570 1616 280 46 (35-20649)

147 1717 314 55 American
488 1720 451 63 foundrymen’s
967 1719 377 58 association.

146 1794 1970 150 Cast metals handbook. 1935 ed. Chicago, American foundrymen’s association [ c 1935]
216 1960 1248 51 7 p. l. , 3-424 p. illus., col. pl., diagrs. 23½ cm .
215 2032 204 40 Preface
445 2032 168 48 signed:
669 2033 55 41 R.
753 2035 52 38 E.
833 2034 248 47 Kennedy,
1108 2033 239 40 technical
1374 2035 259 46 secretary.

217 2090 233 42 Contains
477 2090 393 49 bibliographies.

146 2165 51 53 ©
229 2170 120 47 Aug.
384 2170 70 46 20,
489 2169 117 40 1935;
666 2169 67 40 2c.
771 2170 127 47 Sept.
933 2170 27 38 4;
1023 2168 83 40 aff.
1146 2169 126 47 Sept.
1309 2169 55 40 17;
1429 2168 41 40 A
1505 2169 147 40 83518;
1713 2170 146 39 Amer.
211 2169 1910 98 foundrymen’s
388 2237 142 37 assn.,
561 2226 89 40 inc.
725 2225 279 50 (35-20095)

144 2330 112 52 Art
284 2329 288 54 directors
598 2330 148 65 club,
774 2330 108 55 inc.

215 2409 130 51 14th
376 2408 210 52 annual
616 2408 62 52 of
709 2407 351 67 advertising
1091 2411 104 49 art.
1260 2406 392 55 Illustrations
1682 2407 60 54 in
1770 2406 115 55 this
1913 2410 223 50 volume

146 2504 91 34 are
268 2487 431 67 reproductions
731 2486 63 52 of
826 2486 93 52 the
953 2484 245 54 exhibits
1231 2486 62 50 of
1326 2485 357 67 advertising
1714 2490 90 47 art
1836 2485 299 68 displayed

144 2562 1967 226 by the Art directors club of New York at their annual exhibition in the spring of 1935. New York, The Book service company [ c 1935]
212 2802 1839 52 2 p. l. , 7-120, [40] p. col. front., illus. (part col.) col. plates. 29c m .
145 2879 51 53 ©
227 2885 101 40 Oct.
359 2883 69 48 25,
459 2882 114 41 1935;
632 2883 67 39 2c.
731 2883 95 38 and
857 2881 81 40 aff.
969 2882 117 38 Nov.
1120 2881 26 39 1;
1206 2882 41 37 A
1277 2880 141 41 89099;
1481 2882 96 41 Art)
1604 2881 237 41 directors
1874 2883 121 47 club,
2029 2883 104 47 inc.,

211 2942 117 39 New
357 2941 143 39 York.

144 3043 134 65 Bac,
302 3043 333 53 Ferdinand
662 3041 341 65 Sigismund
1027 3041 180 64 Bach,
1233 3042 206 51 known
1463 3059 60 35 as
1549 3039 353 68 Ferdinand,
1930 3047 169 49 1859-

271 3116 1862 69 … Intimités de la IIIe république. De monsieur Thiers au
145 3197 286 68 président
485 3195 242 64 Carnot;
781 3194 290 55 souvenirs
1122 3196 67 51 de
1240 3195 268 67 jeunesse.
1591 3193 202 67 [Paris]
1851 3196 284 54 Hachette

148 3279 167 64 [1935]

211 3346 670 52 518 p., 1 l. port. 18 ½ cm .
211 3421 63 39 At
299 3421 125 39 head
452 3419 53 40 of
531 3419 111 40 title:
697 3417 278 42 Ferdinand
1000 3417 115 40 Bac.

145 3486 1986 53 © Feb. 20, 1935; 1c. Aug. 21; A-Foreign 28872; Ferdinand Bac, Menton
220 3547 185 48 (A.-M.)
446 3548 198 39 France.
715 3545 278 49 (35-20884)

147 3648 305 68 Benefield,
480 3652 211 62 Barry.

212 3727 237 52 Valiant
483 3728 48 51 is
566 3725 94 53 the
697 3723 157 54 word
891 3723 94 52 for
1022 3722 217 68 Carrie,
1274 3722 77 69 by
1388 3724 189 65 Barry
1614 3724 305 53 Benefield.
1991 3727 139 53 New

147 3800 1075 70 York, Reynal & Hitchcock [ c 1935]
212 3888 83 41 292
331 3901 44 36 p.
433 3888 57 40 20
493 3891 43 20 cm
540 3920 8 8 .

144 3955 51 53 ©
217 3961 99 39 Oct.
339 3961 69 42 23,
431 3960 139 45 1935;
595 3958 66 40 2c.
687 3958 101 40 Oct.
812 3957 80 46 18;
918 3956 80 40 aff.
1024 3956 102 40 Oct.
1149 3955 81 46 25;
1256 3955 41 39 A
1319 3954 169 47 87945;
1515 3957 53 40 B.
1592 3957 257 51 Benefield,
1874 3961 255 49 Peekskill,

211 4017 54 39 N.
297 4017 52 39 Y.
423 4015 277 41 (35-19873)
