2424 4375
1241 4095 136 51 1264

307 474 316 65 Horrabin,
650 477 203 54 James
879 476 263 63 Francis,
1173 483 172 50 1884-

376 550 95 53 An
517 553 144 54 atlas
707 551 64 54 of
814 552 309 67 European
1165 553 223 68 history
1432 553 153 54 from
1629 555 93 52 the
1766 555 109 52 2nd
1922 561 57 47 to
2024 556 95 53 the
2161 555 128 52 20th

306 632 253 66 century,
585 629 77 69 by
688 629 58 55 J.
774 630 67 53 F.
868 629 314 55 Horrabin.
1243 631 140 53 New
1412 632 180 67 York,
1621 633 69 52 A.
1721 633 71 52 A.
1820 632 224 68 Knopf,
2073 635 149 51 1935.

374 702 1040 51 x, 141, iv p., 1 l. incl. 70 maps. 19½ cm .
377 759 161 42 “First
570 759 257 42 American
860 760 227 43 edition.”

308 812 1987 54 © Aug. 12, 1935; 2c. and aff. Aug. 13; A 85468; Alfred A. Knopf, inc.
386 874 279 48 (35-16337)

308 974 297 67 Huebner,
633 977 269 54 Solomon
930 977 279 65 Stephen,
1240 983 170 50 1882-

376 1051 133 54 Life
534 1051 326 69 insurance;
890 1073 32 35 a
951 1052 295 68 textbook;
1277 1053 334 69 completely
1642 1053 218 54 revised
1890 1053 112 53 and
2032 1053 264 69 enlarged

307 1129 1929 56 in collaboration with G. L. Amrhein … and C. A. Kline …
307 1206 1969 147 By S. S. Huebner … New York, London, D. Appleton-Century
467 1286 920 69 company, incorporated [ c 1935]
377 1366 113 37 xxv,
515 1355 85 41 692
625 1367 43 38 p.
729 1356 177 49 diagrs.
966 1356 59 41 20½
1055 1359 44 22 cm
1104 1388 9 10 .

377 1413 350 49 Bibliography
759 1416 54 39 at
846 1414 91 41 end
972 1414 53 41 of
1056 1418 126 37 most
1217 1415 53 40 of
1302 1417 82 38 the
1416 1417 254 47 chapters;
1707 1416 376 49 “Bibliography
2118 1427 60 29 on
2212 1415 85 42 life

309 1470 313 41 insurance”:
653 1481 43 38 p.
723 1471 216 41 673-676.

309 1526 53 53 ©
384 1531 120 48 Aug.
527 1530 70 48 22,
621 1531 113 40 1935;
789 1531 67 40 2c.
877 1532 120 46 Aug.
1021 1530 83 48 26;
1131 1529 82 42 aff.
1236 1531 120 47 Aug.
1378 1530 84 47 27;
1488 1531 39 38 A
1551 1530 170 47 86181;
1748 1532 56 38 D.
1828 1529 470 50 Appleton-Century

378 1598 82 39 co.,
489 1588 91 40 inc.
653 1588 279 49 (35-16558)

311 1675 270 66 Hulbert,
610 1676 230 54 Archer
867 1677 223 64 Butler,
1122 1679 324 62 1873-1933,
1476 1677 83 53 ed.

442 1750 1735 71 … The Oregon crusade; across land and sea to Oregon,
310 1751 1966 147 edited,
478 1830 140 53 with
652 1827 476 71 bibliographical
1165 1847 233 51 résumé,
1437 1831 326 66 1830-1840,
1798 1829 74 69 by
1906 1829 218 53 Archer
310 1829 1967 131 Butler

445 1905 1852 71 Hulbert and Dorothy Printup Hulbert … [Colorado
312 1983 262 70 Springs]
626 1985 122 51 The
796 1983 246 56 Stewart
1090 1985 355 53 commission
1492 1984 65 55 of
1608 1983 278 55 Colorado
1934 1984 209 69 college
2191 1983 109 56 and

316 2061 261 69 [Denver]
609 2061 122 55 The
758 2062 225 54 Denver
1008 2062 193 68 public
1227 2062 218 68 library
1638 2095 12 34 [1935]

379 2133 97 47 xvi,
504 2131 85 43 301
615 2143 44 38 p.
717 2132 163 49 front.,
975 2165 10 17 pl.,
1012 2135 137 47 port.,
1179 2143 137 38 maps
1343 2132 48 48 (1
1418 2134 143 48 fold.)
1629 2134 145 42 24½cm.
1845 2135 267 48 (Overland
2141 2140 49 37 to
2219 2136 79 40 the

311 2189 190 41 Pacific,
561 2201 43 29 v.
636 2189 50 48 5)

380 2246 315 48 Advertising
720 2248 178 38 matter
926 2257 61 29 on
1013 2246 337 48 lining-paper.

382 2302 279 41 Half-title:
693 2303 102 40 The
822 2303 282 45 crusaders;
1137 2304 83 40 the
1248 2304 201 40 Charles
1480 2305 53 38 B.
1573 2304 197 40 Voorhis
1800 2305 150 40 series
1979 2304 52 41 of
2060 2304 237 42 Overland

312 2363 48 37 to
396 2360 82 40 the
510 2359 191 47 Pacific,
737 2370 28 29 a
799 2360 617 47 narrative-documentary
1450 2361 187 46 history
1672 2361 51 39 of
1758 2362 83 40 the
1873 2361 138 49 great
2043 2362 173 48 epochs
2249 2361 50 40 of

313 2415 1986 51 the far West, edited by Archer Butler Hulbert … and Dorothy Printup
313 2473 223 40 Hulbert.

384 2529 162 41 “First
570 2529 219 48 printing
813 2530 189 46 August
1030 2527 156 42 1935.”

317 2585 52 53 ©
398 2590 120 48 Aug.
547 2589 69 46 30,
646 2588 141 47 1935;
817 2589 68 39 2c.
914 2589 95 39 and
1039 2588 82 39 aff.
1156 2588 123 47 Sept.
1311 2587 82 47 16;
1427 2588 41 38 A
1498 2587 169 47 87018;
1699 2589 219 48 Dorothy
1950 2588 210 50 Printup
382 2588 1901 106 Hulbert,

534 2646 236 40 Colorado
805 2644 213 49 Springs,
1050 2644 99 42 Col.
1221 2644 280 48 (35-16188)

315 2734 238 53 Illinois.
627 2735 278 66 Supreme
932 2740 174 46 court.

315 2811 1961 131 Reports of cases at law and in chancery argued and determined …
682 2890 242 54 Volume
958 2892 116 50 360.
1150 2888 350 67 Containing
1536 2906 150 35 cases
1719 2890 62 51 in
1819 2889 184 52 which
2041 2888 254 68 opinions

317 2986 147 34 were
490 2966 133 54 filed
655 2969 63 52 in
748 2967 172 67 April
953 2967 113 52 and
1095 2969 168 63 June,
1297 2969 150 64 1935,
1479 2967 113 52 and
1623 2985 149 34 cases
1803 2967 248 52 wherein

318 2968 1956 144 rehearings
476 3064 151 34 were,
652 3045 204 52 denied
888 3049 61 48 at
976 3046 95 51 the
1102 3046 174 65 April
1308 3045 111 52 and
1450 3047 149 53 June
1632 3049 189 62 terms,
1856 3048 149 49 1935.
2074 3044 221 55 Samuel

318 3124 246 66 Pashley
593 3124 198 64 Irwin,
820 3127 254 54 reporter
1103 3123 63 52 of
1197 3120 289 55 decisions.
1553 3123 425 67 Bloomington,
2009 3124 112 66 Ill.,
2153 3125 142 50 1935.

389 3207 45 35 x,
467 3195 205 49 [11]-704
699 3206 43 38 p.
800 3194 55 40 22½
888 3198 44 20 cm
937 3226 8 9 .

319 3248 53 52 ©
401 3253 126 46 Sept.
555 3251 69 47 25,
653 3250 141 48 1935;
821 3251 65 40 2c.
915 3252 94 39 and
1037 3250 81 41 aff.
1148 3250 103 41 Oct.
1277 3250 53 47 2;
1359 3251 40 38 A
1428 3250 167 47 87386;
1630 3251 193 40 Samuel
1848 3252 51 38 P.
1928 3249 162 49 Irwin,
392 3252 1889 104 Bloomington,
600 3309 74 39 Ill.

321 3395 237 54 Illinois.
634 3396 364 64 University.
1074 3396 389 66 Engineering
1498 3398 349 64 experiment
1878 3399 225 50 station.

391 3471 247 70 Gravity
671 3472 288 53 warm-air
993 3473 263 67 heating;
1294 3471 184 68 digest
1512 3472 63 53 of
1609 3472 273 67 research,
1914 3470 379 69 Engineering

320 3549 350 67 experiment
698 3549 228 68 station,
956 3548 335 68 University
1318 3549 63 52 of
1411 3548 253 67 Illinois;
1697 3548 279 67 compiled
2006 3548 151 53 from

321 3547 1949 148 Engineering
647 3626 349 68 experiment
1027 3626 212 53 station
1271 3626 286 67 bulletins,
1586 3644 117 34 nos.
1739 3628 117 64 112,
1889 3623 115 68 117,
2037 3627 115 64 120,
2185 3624 108 61 141,

326 3705 113 65 188,
470 3707 116 64 189,
616 3706 120 64 230,
764 3706 119 65 246,
910 3705 101 50 266
1041 3700 112 55 and
1184 3701 241 54 circular
1453 3721 88 34 no.
1575 3707 82 61 15,
1686 3701 184 54 issued
1902 3720 58 34 as
1992 3707 215 62 reports
2234 3696 57 55 of

325 3781 252 50 research
626 3799 72 33 on
744 3780 230 67 gravity
1020 3780 291 51 warm-air
1358 3780 237 51 furnace
1638 3779 250 67 heating.
1971 3778 211 52 Edited
2225 3776 67 63 by

321 3854 1949 146 James D. Hoffman … Columbus, O., National warm-air heating
450 3933 111 52 and
591 3932 87 53 air
705 3930 393 71 conditioning
1126 3932 335 53 association
1495 3965 12 33 [
1512 3937 18 22 c
1535 3936 150 62 1935]

392 4003 132 48 iii-x,
553 4004 86 40 516
665 4015 44 37 p.
737 4003 109 42 incl.
874 4005 141 47 illus.,
1045 4006 163 47 ports.,
1236 4003 178 49 diagrs.
1474 4003 54 40 23
1533 4006 43 22 cm
1580 4035 9 11 .
