2424 4375
1166 4081 102 50 452

225 447 1932 76 South eastern digest. March, 1935, cumulative pamphlet …
297 525 81 54 St.
412 531 165 63 Paul,
606 532 161 52 West
796 529 334 68 publishing
1160 549 76 34 co.
1277 564 12 33 [
1292 538 23 20 c
1318 533 151 64 1935]

295 601 88 40 150
408 612 43 37 p.
509 601 57 40 24
568 604 46 21 cm
617 633 9 8 .

225 667 53 53 ©
305 672 121 39 Mar.
451 670 70 50 22;,
547 670 118 42 1935;
717 671 68 41 2c.
813 673 96 39 and
934 672 82 40 aff.
1043 673 114 48 Apr.
1185 672 59 40 26;
1297 673 40 39 A
1363 672 147 41 82680;
1564 674 137 40 West
1724 674 108 48 pub.
1861 685 65 29 co.

224 770 1994 74 Southern digest. March, 1935, cumulative pamphlet … St.
294 852 1039 69 Paul, West publishing co. [ c 1935]
294 925 87 41 180
407 936 43 38 p.
507 926 58 39 24
566 928 44 21 cm
615 957 9 8 .

225 991 53 53 ©
304 997 121 39 Mar.
451 995 69 49 27,
546 996 117 41 1935;
715 996 67 41 2c.
811 998 94 39 and
932 997 81 40 aff.
1040 998 113 47 Apr.
1180 997 59 40 26;
1293 998 40 38 A
1360 996 146 42 82679;
1560 999 137 40 West
1723 997 107 48 pub.
1859 1008 67 30 co.

221 1100 198 64 Steen,
449 1101 386 64 Marguerite.

294 1177 120 53 The
454 1179 268 66 one-eyed
760 1197 184 48 moon,
984 1179 75 66 by
1097 1179 353 66 Marguerite
1490 1178 187 56 Steen.
1752 1181 233 63 Boston,
2025 1178 193 66 Little,

225 1256 227 65 Brown,
486 1256 112 52 and
631 1272 295 50 company,
961 1259 151 51 1935.

292 1326 690 52 5 p. l., 3-310, [1] p. 21 cm .
224 1380 53 53 ©
305 1384 114 48 Apr.
450 1384 69 48 12,
549 1383 118 41 1935;
722 1385 67 40 2c.
820 1386 94 38 and
944 1384 81 41 aff.
1056 1385 113 47 Apr.
1201 1385 82 46 13;
1315 1385 40 38 A
1388 1384 169 47 81424;
1592 1386 62 38 M.
1689 1385 155 46 Steen,
1877 1384 342 47 Grange-over-

295 1441 171 48 Sands,
497 1442 155 40 North
683 1441 309 48 Lancashire,
1024 1442 236 47 England.
1331 1441 251 48 (35-5375)

223 1544 238 64 Strong,
490 1544 247 55 Charles
760 1544 59 57 S.

358 1617 1488 70 … Betrayed! New York, Phoenix press [ c 1935]
296 1689 87 40 256
409 1700 42 37 p.
511 1689 58 40 19½
599 1692 44 21 cm
648 1722 9 10 .

224 1745 53 53 ©
302 1750 114 47 Apr.
443 1751 40 46 1,
512 1749 141 48 1935;
682 1749 69 41 2c.
777 1750 113 47 Apr.
917 1751 53 46 3;
1000 1749 81 41 aff.
1111 1750 113 48 Apr.
1252 1750 81 47 15;
1365 1751 40 38 A
1434 1749 168 48 82499;
1635 1749 216 41 Phoenix
1879 1760 147 38 press.

303 1806 250 49 (35-5302)

221 1909 220 66 Sulzer,
466 1912 138 52 Mrs.
632 1911 285 63 Marjorie
944 1911 251 56 Norrell.

293 1988 195 52 House
527 1988 208 68 plants,
772 1989 235 52 modern
1048 2007 126 34 care
1214 1989 112 52 and
1364 1989 245 66 culture;
1652 2007 31 33 a
1723 1987 275 67 practical
225 1986 1966 132 handbook

409 2067 93 51 for
542 2065 338 54 windowsill
921 2067 323 67 gardeners,
1286 2065 74 69 by
1399 2064 278 69 Marjorie
1717 2065 227 53 Norrell
1987 2064 226 67 Sulzer;

225 2144 377 52 illustrations
625 2145 75 66 by
725 2143 68 54 G.
819 2144 74 51 H.
925 2143 212 55 Sulzer.
1213 2143 232 54 Garden
1471 2143 152 68 City,
1649 2144 69 53 N.
1746 2143 90 68 Y.,
1861 2140 356 70 Doubleday,

223 2222 198 52 Doran
448 2224 45 49 &
520 2239 297 50 company,
845 2221 125 67 inc.,
1001 2225 149 50 1935.

295 2295 1114 48 xiv p., 2 l., 3-156 p. front., illus. 19½cm.
297 2351 161 41 “First
487 2351 227 41 edition.”

223 2403 53 53 ©
303 2409 121 38 Mar.
452 2408 68 47 15,
547 2408 140 47 1935;
717 2408 67 39 2c.
813 2409 94 39 and
936 2407 82 41 aff.
1045 2408 112 46 Apr.
1186 2408 53 46 3;
1268 2408 43 38 A
1336 2407 169 47 81264;
1537 2409 61 39 M.
1628 2409 56 38 N.
1717 2408 179 45 Sulzer,
1927 2406 174 48 Media,
2131 2408 83 39 Pa.

302 2464 250 50 (35-5215)

223 2563 1989 71 Texas jurisprudence … a complete statement of the law and
296 2644 245 66 practice
581 2644 62 51 of
683 2645 93 52 the
815 2649 147 48 state
1000 2645 61 53 of
1102 2646 199 64 Texas,
1339 2645 76 66 by
1449 2645 260 55 William
1747 2646 78 51 M.
1865 2644 347 68 McKinney,

296 2720 1915 68 and other lawyers. Volume 36. Receivers to Roads … San
287 2798 321 67 Francisco,
643 2798 582 68 Bancroft-Whitney
1259 2817 295 49 company,
1592 2802 148 49 1935.

293 2870 81 49 vii,
402 2871 117 40 1002
545 2882 43 37 p.
645 2872 59 39 25
704 2874 45 21 cm
753 2903 9 8 .

222 2923 53 53 ©
303 2928 112 48 Apr.
443 2928 70 47 15,
541 2927 117 40 1935;
713 2928 68 39 2c.
811 2929 93 38 and
933 2928 82 40 aff.
1044 2929 112 46 Apr.
1187 2927 55 39 24;
1301 2928 40 38 A
1370 2927 146 41 82659;
1573 2925 485 48 Bancroft-Whitney
2088 2936 65 30 co.

218 3045 246 65 Turner,
493 3044 315 55 Frederick
837 3045 274 66 Jackson,
1144 3050 324 52 1861-1932.

289 3120 123 53 The
436 3120 216 55 United
678 3119 203 70 States,
910 3123 309 51 1830-1850;
1274 3121 95 53 the
1394 3121 199 52 nation
1618 3121 112 52 and
1755 3120 72 53 its
1854 3118 255 69 sections,
2134 3118 74 70 by

219 3197 310 53 Frederick
571 3198 252 54 Jackson
863 3199 250 66 Turner;
1160 3198 140 52 with
1345 3216 71 34 an
1460 3197 387 53 introduction
1890 3196 77 70 by
2012 3196 194 68 Avery

221 3274 1584 70 Craven. New York, H. Holt and company [ c 1935]
288 3347 95 48 xiv,
415 3346 84 41 602
528 3358 43 37 p.
631 3347 162 47 front.,
823 3357 135 38 maps
987 3348 48 48 (1
1067 3347 142 47 fold.)
1276 3346 56 39 22
1336 3349 44 21 cm
1384 3378 8 9 .

291 3404 100 39 The
415 3402 216 42 author’s
656 3404 284 47 incomplete
963 3403 300 48 manuscript
1286 3414 100 29 was
1410 3403 161 42 edited
1596 3403 60 46 by
1683 3403 62 40 M.
1773 3402 60 40 H.
1861 3401 206 49 Crissey,
2092 3401 114 40 Max

222 3457 1983 50 Farrand and Avery Craven. “Chapter XIII <Taylor administration and
222 3514 1310 52 the compromise of 1850> … was never written.”
225 3568 53 53 ©
302 3575 120 38 Mar.
446 3574 69 48 28,
541 3572 116 41 1935;
706 3573 66 40 2c.
799 3575 112 46 Apr.
938 3574 25 39 5;
1018 3574 82 39 aff.
1125 3574 114 47 Apr.
1266 3573 28 40 6;
1346 3574 40 37 A
1412 3572 142 41 82394;
1611 3574 166 46 Henry
1804 3573 121 40 Holt
1947 3573 36 39 &
2009 3582 80 36 co.,
2117 3573 91 38 inc.

303 3629 250 50 (35-5282)

224 3732 216 64 Tuttle,
469 3734 274 52 Florence
772 3734 190 62 Piper.

296 3808 119 51 The
444 3813 201 61 poetry
674 3810 237 50 readers.
997 3809 90 51 [bk.
1113 3812 52 62 2]
1236 3810 211 64 Poetry
1475 3810 170 64 patch
1673 3810 187 52 house.
1926 3810 90 63 By
226 3807 1955 129 Florence
389 3885 177 66 Piper

227 3884 1953 143 Tuttle … illustrated by Enola Stanton. Brattleboro, Vt., Stephen Daye press [c1935]
