2424 4375
1263 4117 133 48 1332

329 499 318 67 Hendrick,
673 503 227 51 Burton
927 502 187 61 Jesse,
1144 504 171 53 1870-

397 576 121 55 The
548 576 138 55 Lees
717 576 65 54 of
810 574 267 71 Virginia;
1139 576 320 70 biography
1491 577 65 55 of
1587 598 33 34 a
1651 576 223 70 family,
1905 577 74 68 by
2011 577 221 53 Burton
2263 578 54 55 J.

327 653 1857 70 Hendrick … Boston, Little, Brown, and company, 1935.
396 724 1920 53 3 p. l., [Y]-xii p., 2 l., [3]-455 p. front., pl., ports., fold. geneal. tab.
327 781 56 41 25
385 784 45 21 cm
433 813 10 10 .

400 839 93 42 “Of
547 840 99 39 this
701 840 183 40 edition
940 840 138 40 three
1131 840 222 40 hundred
1408 840 159 47 copies
1623 842 125 39 have
1800 842 120 39 been
1975 842 342 48 autographed,

329 897 206 47 printed,
569 897 96 39 and
699 897 161 40 bound
892 896 177 47 wholly
1102 897 149 40 uncut
1285 897 120 40 with
1438 907 149 39 paper
1618 897 171 41 label.”

329 953 1991 53 ©Oct 7, 1935; 2c. and aff. Oct. 10 ׳ ; A 86673; B. J. Hendrick, New
399 1014 142 39 York.
613 1012 280 50 (35-18228)

329 1089 136 65 Hill,
493 1090 174 63 Mary
694 1087 277 65 Laetitia,
1000 1089 180 53 sister.

327 1163 1994 150 … The number and reality of quadrilaterals in-and-circum-scribed to a rational unicuspidal quartic with real tangents
330 1318 1992 73 from the cusp … by Sister Mary Laetitia Hill … Washington,
327 1401 72 52 D.
425 1399 82 68 C.,
531 1400 121 52 The
680 1398 261 56 Catholic
966 1397 319 70 university
1310 1398 65 55 of
1400 1398 283 69 America,
1712 1401 149 51 1935.

399 1468 736 54 2 p. l., 17 p. diagrs. 23 cm .
401 1531 68 40 At
488 1531 125 39 head
639 1530 53 41 of
716 1529 108 41 title:
875 1529 105 40 The
1002 1527 221 42 Catholic
1247 1528 271 48 university
1543 1528 52 41 of
1619 1528 238 41 America.

402 1586 172 41 Thesis
612 1586 108 48 (PH.
747 1584 359 50 D.)—Catholic
1134 1583 271 48 university
1430 1584 52 41 of
1507 1584 236 49 America,
1770 1586 128 41 1935.

335 1641 53 51 ©
421 1643 127 40 June
581 1643 40 47 1,
656 1641 140 47 1935;
833 1641 67 40 2c.
932 1641 96 39 and
1063 1641 82 39 aff.
1180 1641 129 39 June
1341 1642 51 45 7;
1431 1641 42 38 A
1506 1641 169 47 84144;
1714 1641 220 41 Catholic
1970 1642 270 49 university
2273 1644 51 40 of

401 1700 238 39 America.
714 1697 278 49 (35-18214)

333 1774 244 63 Holden,
611 1775 307 62 Raymond
951 1772 314 64 Peckham,
1301 1776 171 49 1894-

407 1852 224 54 Chance
684 1852 103 52 has
838 1871 31 33 a
920 1851 173 67 whip,
1142 1851 74 67 by
1268 1851 302 66 Raymond
1622 1852 247 54 Holden.
1958 1855 138 51 New
2148 1854 174 64 York,

336 1932 61 54 C.
428 1929 311 55 Scribner’s
766 1948 146 47 sons,
943 1932 148 50 1935.

407 2001 579 50 5 p. l., 3-398 p. 21 cm .
337 2057 53 52 ©
422 2061 127 47 Sept.
579 2061 68 46 17,
677 2059 113 40 1935;
850 2060 65 38 2c.
945 2058 101 40 Oct.
1078 2058 53 38 11;
1192 2057 82 41 aff.
1307 2058 101 40 Oct.
1439 2057 54 40 10;
1554 2059 39 38 A
1624 2059 143 40 87589;
1828 2060 201 40 Charles
2064 2059 258 43 Scribner’s

405 2128 125 29 sons.
602 2114 278 49 (35-18566)

335 2194 173 52 Jews.
583 2194 249 64 Liturgy
863 2192 113 52 and
1002 2191 192 52 ritual.

2121 2289 138 62 סדר
1867 2265 192 82 תפלת
1597 2289 210 80 ישורון,
1339 2287 188 60 כמנהג
1063 2265 212 82 קהלות
795 2287 214 80 הקודש
649 2265 96 82 של
333 2289 262 60 היהודים

2023 2385 302 62 הספרדים
1711 2385 262 60 בארצות
1453 2387 212 58 המזרח
1233 2347 172 96 ובכל
949 2387 240 78 מקומות
547 2387 358 58 מושבותיהם
331 2363 168 84 כולל

2115 2459 210 84 תפלות
1939 2459 138 82 לכל
1713 2483 186 58 השנה.
1399 2483 238 60 מתורגם
1097 2457 262 84 לאנגלית
965 2459 92 92 על
835 2483 92 58 ידי
633 2485 164 58 מנחם
517 2483 68 80 בן
335 2487 140 58 משה

443 2555 1882 106 יחזקאל… ניו י אׇ רק, היברו פ אׇ בלישינג ק אׇ מפ אַ ני, תרצ״ה.
407 2679 834 49 4 p. l. , 5-7, 8-320, 8-320 p. 17½cm.
411 2738 163 46 Paged
601 2736 49 39 in
675 2735 244 48 duplicate:
977 2736 206 38 Hebrew
1211 2738 107 37 text
1344 2736 97 38 and
1469 2734 201 49 English
1700 2734 295 41 translation
2024 2746 59 29 on
2112 2734 213 50 opposite

338 2804 160 38 pages.

413 2851 169 39 Added
618 2853 97 44 t.-p.:
783 2848 135 39 Book
953 2847 53 40 of
1040 2857 213 38 prayers.
1318 2847 264 48 Tephilath
1616 2847 251 48 jeshurun.
1935 2847 291 49 Containing
2260 2848 64 40 all

342 2908 84 39 the
452 2916 205 38 prayers
683 2906 81 39 for
791 2907 83 38 the
901 2915 119 37 year
1047 2904 260 47 according
1335 2906 48 38 to
1415 2905 82 39 the
1526 2907 186 36 custom
1741 2904 56 40 of
1825 2906 81 38 the
1932 2905 112 47 holy

2075 2914 231 38 congrega
342 2964 127 39 tions
503 2964 51 39 of
586 2964 82 39 the
704 2961 284 48 Sephardim
1021 2960 50 39 in
1105 2962 81 39 the
1221 2960 168 40 Orient
1423 2961 95 39 and
1552 2961 273 39 elsewhere.
1888 2960 200 48 English
2124 2961 181 40 transla
342 3020 103 40 tion
481 3020 60 47 by
578 3019 254 39 Menahem
869 3019 100 37 Ben
1006 3018 170 39 Moshe
1210 3016 197 40 Zeke’el.
1473 3017 117 39 New
1626 3017 144 47 York,
1809 3017 206 40 Hebrew
2053 3015 272 50 publishing

341 3087 248 37 company,
621 3074 126 41 1935.

344 3129 53 52 ©
429 3134 114 47 May
573 3132 70 47 20,
677 3131 139 47 1935;
851 3130 66 40 2c.
952 3131 115 46 July
1100 3130 82 46 15;
1217 3129 81 40 aff.
1334 3130 115 47 July
1482 3130 81 45 13;
1600 3130 39 38 A
1674 3129 169 47 85052;
1879 3130 207 40 Hebrew
2118 3130 106 47 pub.
2257 3138 63 31 co.

342 3264 174 52 Jews.
590 3264 247 65 Liturgy
866 3263 113 52 and
1006 3262 191 52 ritual.
1270 3262 718 68 Hagadah.,

2097 3328 160 60 הגדה
1975 3306 94 81 של
1784 3331 160 57 פסח.

355 3409 149 66 (The
536 3408 79 54 Co
620 3427 121 35 wen
770 3407 355 68 Haggadah)
1210 3407 120 51 The
1365 3407 172 54 Seder
1568 3406 211 53 service
1805 3407 95 52 for
1928 3410 273 50 Passover
2228 3422 92 35 eve

345 3486 57 51 in
437 3486 94 52 the
567 3487 181 65 home,
782 3485 280 66 arranged
1096 3485 72 66 by
1202 3484 137 53 Mrs.
1376 3483 197 68 Philip
1612 3484 220 54 Cowen.
1902 3486 56 51 A
1991 3482 329 69 completely

345 3564 218 51 revised
604 3562 243 67 English
884 3563 340 51 translation
1261 3560 138 53 with
1437 3579 122 35 new
1596 3567 174 61 notes,
1806 3562 180 53 music
2022 3562 110 51 and

345 3560 1974 134 illustrations. 17th ed. … With a Passover eve calendar for 50
344 3716 1707 68 years … Philadelphia, Pa., J. H. Greenstone, 1935.
415 3788 959 48 xi, 12-128 p. illus., facsim. 20 ½ cm .
416 3843 233 42 Contains
678 3844 166 40 music.

417 3902 205 38 Hebrew
649 3904 106 36 text
779 3901 93 39 and
901 3898 200 48 English
1130 3898 293 41 translation
1452 3909 60 29 on
1540 3899 216 47 opposite
1783 3908 159 38 pages.

349 3953 53 52 ©
431 3957 118 38 Mar.
579 3957 71 46 21,
677 3955 139 47 1935;
847 3956 65 39 2c.
939 3957 95 37 and
1063 3955 81 39 aff.
1174 3956 112 46 Apr.
1316 3956 53 45 1;
1399 3956 40 37 A
1468 3954 168 46 82283;
1669 3955 140 38 Lillie
1840 3953 271 40 Goldsmith
2140 3952 179 41 Cowen,

418 4014 116 38 New
562 4013 144 39 York.
770 4010 277 49 [Copyright
1077 4011 41 40 is
1148 4010 203 40 claimed
1380 4022 60 28 on
1470 4011 197 45 preface
1694 4012 94 38 and
1818 4010 225 39 calendar]
