2424 4375
1173 4059 100 50 486

221 529 394 52 maintenance
653 529 111 51 and
807 527 358 53 lubrication.
1242 528 265 53 Includes
1547 528 341 67 up-to-date,
1927 530 284 67 thorough

224 607 111 51 and
367 605 177 68 easily
575 605 343 53 understood
949 604 371 55 instructions
1348 624 72 34 on
1455 604 302 55 Chevrolet
1788 602 281 72 servicing
2101 607 111 52 and

223 683 207 68 repair,
457 683 280 68 prepared
762 683 76 68 by
865 682 224 69 factory
1114 681 209 55 service
1349 685 224 66 experts
1600 684 112 52 and
1738 683 356 69 suggestions
2122 684 92 54 for

223 759 1929 70 tuning, inspection and trouble shooting, by Victor W. Page …
224 858 31 33 a
286 841 231 51 manual
551 838 64 53 of
648 837 337 54 instruction
1022 838 95 53 for
1148 857 233 49 owners,
1414 857 32 35 a
1480 838 171 69 guide
1685 836 95 55 for
1812 836 210 58 service
2055 857 155 51 men;

225 917 322 53 illustrated
571 917 74 67 by
670 922 112 47 two
806 917 260 52 hundred
1094 917 112 52 and
1230 917 185 68 thirty
1440 917 271 68 specially
1737 918 164 52 made
1925 917 289 68 diagrams

224 996 112 51 and
365 993 410 54 authoritative
802 994 407 68 photographs.
1273 994 55 52 A
1356 1013 122 34 new
1506 1012 113 35 rev.
1648 996 111 51 and
1791 997 106 50 enl.
1927 995 84 53 ed.
2076 997 137 52 New

226 1073 177 67 York,
433 1072 121 53 The
583 1072 256 53 Norman
865 1073 89 53 W.
984 1072 226 68 Henley
1240 1071 333 70 publishing
1603 1091 97 48 co.,
1732 1076 152 50 1935.

294 1158 1318 49 xviii, 665 p. incl. front., illus., diagr. pl. 19½ cm .
222 1225 53 53 ©
299 1230 113 48 Apr.
441 1230 68 47 11,
536 1228 140 48 1935;
705 1228 65 41 2c.
799 1230 93 39 and
921 1228 81 40 aff.
1031 1228 113 48 Apr.
1172 1229 80 46 13;
1284 1229 40 38 A
1351 1227 169 49 81400;
1550 1230 214 39 Norman
1792 1231 70 39 W.
1892 1229 187 47 Henley
2106 1231 109 47 pub.

291 1297 66 30 co.
428 1285 250 50 (35-5690)

231 1391 258 67 [Parker,
517 1390 234 64 Shirley
773 1391 70 51 D.]

296 1465 1916 71 Creative selling and sales psychology … Volumes 1-5.
223 1548 156 63 [New
404 1546 179 65 York]
613 1548 226 50 Bureau
864 1546 61 51 of
947 1545 336 69 specialized
1308 1546 250 53 business
1583 1546 273 69 training,
1880 1546 107 54 inc.
2017 1550 191 65 [c1935]

295 1636 28 38 5
347 1645 40 28 v.
444 1634 162 46 front.,
636 1636 148 44 ports.
841 1634 54 38 18
898 1635 47 20 cm
947 1664 8 8 .

294 1701 216 40 Portrait
536 1700 52 41 of
614 1701 177 40 author
816 1700 193 47 signed:
1040 1699 192 49 Shirley
1257 1699 58 42 D.
1344 1700 197 41 Parker.

568 1770 105 28 CONTENTS.—v.
704 1758 41 41 1.
774 1759 149 41 What
949 1759 45 39 is
1019 1769 255 37 necessary
1304 1761 53 37 toi
1379 1770 194 38 success
1602 1759 50 39 in
1682 1759 289 48 selling.—v.
2004 1759 38 41 2.
221 1759 1977 107 Finding

330 1818 95 39 and
454 1817 285 48 developing
763 1817 368 47 prospects.—v.
1160 1814 42 41 3.
1230 1815 239 48 Evolving
1496 1817 81 39 the
1607 1816 263 40 successful
1902 1817 125 40 sales
2058 1820 161 37 tax.—

225 1886 47 29 v.
309 1873 41 41 4.
390 1875 150 40 What
576 1874 166 40 makes
781 1875 265 38 customers
1085 1873 220 48 buy.—v.
1343 1872 40 41 5.
1425 1873 251 48 Handling
1714 1874 231 40 different
1981 1873 143 41 kinds
2166 1875 51 39 of

219 1933 280 39 customers.

226 1998 53 53 ©
307 2003 121 39 Mar.
456 2001 70 48 28,
554 2000 140 47 1935;
726 2001 66 39 2c.
823 2001 116 41 each
969 2002 95 38 and
1095 1999 108 41 affs.
1232 2000 113 48 Apr.
1377 2000 81 46 15;
1490 2000 40 40 A
1559 1999 345 47 82529-82533;
1937 2001 201 40 Bureau,
2164 2001 51 39 of

291 2059 288 48 specialized
609 2058 221 40 business
863 2057 227 49 training,
1123 2058 89 40 inc.
1283 2056 250 49 (35-5827)

229 2163 350 66 [Partridge,
612 2162 281 64 Bellamy,

296 2241 164 66 Long
496 2239 186 68 night,
717 2240 76 66 by
829 2239 246 53 Thomas
1113 2238 203 67 Bailey
1376 2239 214 67 [pseud.]
1667 2239 138 52 New
1844 2238 179 67 York,
224 2238 1965 132 Godwin
379 2351 13 33 [
397 2323 18 21 c
420 2321 151 62 1935]

295 2402 85 41 287
413 2414 43 38 p.
518 2402 56 41 19½cm.

225 2469 53 53 ©
306 2474 113 46 Apr.
449 2473 68 47 10,
548 2472 139 43 1935;
719 2473 67 40 2c.
815 2473 111 48 Apr.
957 2473 81 46 15;
1071 2473 82 39 aff.
1182 2472 113 48 Apr.
1327 2474 81 45 13;
1441 2473 41 39 A
1511 2473 169 46 81415;
1714 2475 53 38 B.
1798 2472 269 48 Partridge,
2098 2474 115 39 New

293 2531 144 39 York.
507 2530 250 48 (35-5782)

225 2633 232 65 Phelps,
485 2635 173 62 Mary
684 2633 263 53 Merwin.

299 2708 150 54 Kate
479 2709 198 67 Chase,
706 2709 294 52 dominant
1028 2711 307 65 daughter;
1368 2712 94 50 the
1488 2709 105 52 life
1620 2715 155 60 story
1804 2709 63 52 of
1894 2729 32 32 a
1955 2710 259 52 brilliant

230 2803 218 35 woman
474 2787 111 52 and
610 2788 100 50 her
736 2788 221 52 famous
983 2786 208 57 father,
1216 2787 73 53 by
1314 2788 169 65 Mary
1506 2785 241 54 Merwin
1772 2787 228 66 Phelps.
2075 2788 137 53 New

231 2862 178 68 York,
439 2863 245 57 Thomas
714 2866 70 52 Y.
817 2866 242 54 Crowell
1087 2882 278 49 company
1400 2869 189 62 [c1935]

303 2949 1183 50 x p., 1 l., 316 p. front., plates, ports. 23 cm .
304 3020 207 41 “Source
542 3019 280 41 material”;
855 3031 40 37 p.
929 3020 213 39 289-291.

230 3074 52 53 ©
307 3079 112 47 Apr.
446 3079 40 46 4,
513 3078 138 46 1935;
681 3077 65 40 2c.
775 3078 111 48 Apr.
914 3077 52 48 9;
998 3078 82 39 aff.
1107 3078 113 47 Apr.
1247 3077 52 47 6;
1329 3077 41 39 A
1396 3075 169 49 82443;
1595 3076 209 41 Thomas
1833 3078 52 38 Y.
1917 3076 201 40 Crowell
2147 3086 66 31 co.

305 3147 250 50 (35-5649)

229 3248 223 66 Poulet,
482 3251 260 65 Charles,
773 3251 168 55 1887-

299 3329 54 50 A
374 3328 218 66 history
617 3328 63 51 of
702 3329 94 51 the
823 3329 258 54 Catholic
1104 3328 208 53 church
1338 3328 94 51 for
1454 3328 94 51 the
1571 3344 96 35 use
1689 3327 66 53 of
1773 3328 254 65 colleges,
232 3326 1953 145 seminaries,

465 3403 1745 69 and universities, by Dora Charles Poulet … authorized
231 3482 340 53 translation
601 3483 110 51 and
744 3482 336 68 adaptation
1108 3483 153 51 from
1290 3483 96 51 the
1414 3482 200 51 fourth
1644 3482 221 51 French
1895 3481 214 53 edition
2137 3482 74 64 by

234 3559 1974 66 the Rev. Sidney A. Raemers … Volume 2. The modern
232 3636 700 67 period—contemporary
982 3637 208 51 church
1240 3638 235 65 history.
1564 3636 80 55 St.
1696 3636 190 65 Louis,
1934 3636 113 52 Mo.
2098 3637 110 51 and

230 3713 256 65 London,
514 3716 66 50 B.
607 3714 225 53 Herder
856 3714 144 51 book
1027 3732 96 47 co.,
1153 3717 147 48 1935.

297 3799 99 47 xxi,
425 3800 86 39 735
537 3811 41 35 p.
634 3799 54 39 23½cm.

298 3868 348 48 Bibliography
672 3871 53 37 at
751 3869 90 40 end
869 3869 50 38 of
946 3869 120 39 each
1091 3869 211 46 chapter.

232 3935 52 52 ©
311 3940 116 47 May
450 3939 42 47 4,
519 3937 140 47 1935;
689 3938 68 39 2c.
786 3939 112 47 May
927 3939 51 45 6;
1010 3937 80 41 aff.
1120 3938 114 47 May
1262 3937 50 47 8;
1343 3937 43 39 A
1412 3936 168 47 82979;
1613 3938 52 38 B.
1695 3937 189 39 Herder
1910 3937 122 39 book
2060 3946 67 29 co.
