2424 4375
1185 4073 133 49 1016

358 520 261 40 Published
658 522 154 38 under
850 522 82 39 the
970 522 221 49 auspices
1229 524 54 40 of
1322 525 81 40 the
1444 527 230 41 Harvard
1715 529 184 43 council
1940 542 59 28 on
2043 531 232 49 Hispano-

289 575 252 42 American
569 576 199 41 studies,
829 578 59 47 cf.
921 578 130 42 Pref.
1082 578 52 42 of
1163 579 82 42 the
1274 580 225 44 director.

285 629 53 53 ©
361 634 119 46 July
499 634 40 46 8,
563 633 115 41 1935
694 644 11 36 ;
729 635 67 38 2c.
821 635 117 47 July
958 636 54 39 13
1030 646 11 36 ;
1068 636 83 40 aff.
1174 638 118 47 July
1314 638 83 46 18;
1426 639 41 39 A
1489 640 171 47 84685;
1688 640 258 44 President
1969 645 96 38 and
2088 644 190 41 fellows

350 690 51 40 of
429 691 227 40 Harvard
685 693 189 46 college,
902 691 302 50 Cambridge,
1236 695 144 40 Mass.
1452 695 279 49 (35-11142)

282 781 261 64 Touring
570 782 129 53 club
728 782 260 54 italiano.

350 858 269 54 Manuale
649 860 91 52 del
769 859 253 55 turismo.
1089 860 203 68 Milan,
1322 862 259 69 Touring
1610 865 127 52 club
1766 866 256 67 italiano,
2056 872 146 50 1934.

349 930 86 41 944
465 943 41 36 p.
567 932 142 47 illus.,
741 943 150 38 maps,
921 934 169 40 tables.
1152 935 54 38 17
1209 936 43 21 cm
1259 966 8 7 .
1338 935 239 49 (Touring
1605 938 108 39 club
1749 937 218 42 italiano.
280 937 1975 96 Pubblicazione

440 990 281 39 semestrale
749 1000 75 29 no.
852 991 38 46 1,
916 990 175 49 giugno
1120 990 244 49 1934-XII)

281 1042 1913 58 © June 1, 1934; 1c. Sept. 6 ; A-Foreign 25578; Touring club italiano.
284 1163 274 66 Vollmer,
588 1165 258 63 August,
876 1165 170 56 1876-

350 1240 192 57 Crime
575 1242 112 53 and
721 1242 95 54 the
847 1247 146 49 state
1025 1241 199 69 police,
1256 1244 74 66 by
1363 1244 229 66 August
1624 1246 256 55 Vollmer
1914 1248 111 53 and
2059 1249 207 55 Alfred

278 1319 67 53 E.
386 1319 235 54 Parker.
695 1319 294 67 Berkeley,
1027 1320 196 67 Calif.,
1260 1319 336 70 University
1632 1322 63 56 of
1732 1323 326 57 California
2097 1345 172 49 press,

279 1400 151 51 1935.

346 1468 100 49 viii,
478 1468 88 43 226
594 1480 43 38 p.
696 1468 56 39 22½
785 1472 15 20 cm
833 1501 8 9 .

349 1524 441 51 “Bibliographical
823 1524 164 42 notes"
1005 1536 10 30 :
1050 1537 42 37 p.
1123 1524 219 43 210-221.

278 1580 53 53 ©
367 1584 127 40 June
524 1583 69 46 21,
629 1582 140 46 1935;
806 1582 66 40 2c.
910 1582 117 46 July
1060 1583 80 45 15;
1181 1582 81 39 aff.
1301 1583 114 47 July
1449 1583 82 42 22;
1573 1583 40 39 A
1648 1583 169 48 85128;
1857 1586 210 49 Regents
2101 1589 52 35 of
2188 1590 80 40 the

343 1640 138 40 Univ.
513 1640 53 41 of
594 1639 286 46 California,
912 1639 248 48 Berkeley,
1193 1638 143 40 Calif.
1407 1639 279 49 (35-10986)

279 1730 239 65 Walter,
546 1729 180 67 Ahto,
756 1734 171 51 1912-

347 1805 222 71 Racing
594 1806 95 53 the
715 1824 137 50 seas,
876 1805 74 68 by
976 1804 157 54 Ahto
1158 1807 223 53 Walter
1406 1806 111 53 and
1544 1808 141 52 Tom
1713 1807 170 56 Olsen
1902 1829 11 44 ;
1943 1809 319 56 illustrated

281 1880 1959 77 with photographs. New York, Farrar & Rinehart, inc. [ c l 935]
344 1960 29 40 5
394 1971 42 38 p.
500 1990 9 16 l.,
533 1957 86 42 286
642 1969 44 38 p.
743 1957 165 48 front.,
932 1957 172 49 plates,
1131 1958 149 47 ports.
1333 1957 55 39 21
1390 1957 45 23 cm
1440 1988 8 9 .

345 2010 1918 56 “Stories told to my shipmate, Thomas Olsen … and recorded by him,
274 2072 234 50 comprise
554 2082 28 31 a
629 2072 153 48 rough
830 2072 205 41 account
1079 2070 53 41 of
1178 2081 77 37 my
1302 2069 100 41 life.
1480 2070 209 51 [Signed]
1738 2072 127 42 Ahto
1914 2073 347 42 Walter.”—3d

273 2130 185 50 prelim,
488 2128 116 44 leaf.

272 2185 53 53 ©
351 2189 118 47 July
491 2187 70 46 22,
586 2186 114 40 1935
718 2196 8 36 ;
754 2185 67 40 2c.
848 2185 114 47 July
988 2183 55 40 24
1061 2195 8 34 ;
1099 2183 80 41 aff.
1211 2185 116 46 July
1350 2183 55 41 23
1424 2194 8 37 ;
1463 2184 40 39 A
1531 2184 143 41 84722
1692 2196 8 35 ;
1729 2185 52 39 A.
1812 2186 186 41 Walter
2026 2188 94 38 and
2146 2189 116 40 Tom

339 2245 158 46 Olsen,
526 2243 117 41 New
670 2242 143 40 York.
884 2240 279 49 (35-11102)

274 2335 247 63 Walton,
552 2331 196 55 Frank
779 2332 299 60 Emulous,
1110 2337 170 49 1909-

340 2412 122 53 The
507 2427 91 38 sea
645 2408 48 54 is
739 2426 96 50 my
879 2406 331 67 workshop;
1258 2407 264 54 memoirs
1569 2410 64 52 of
1679 2427 32 34 a
1759 2406 106 56 life
1908 2411 182 66 guard
2162 2411 91 70 [by]

270 2489 198 54 Frank
503 2488 67 54 E.
607 2487 252 67 Walton,
894 2485 72 68 jr.
1046 2485 156 68 [New
1241 2485 178 67 York]
1462 2485 69 54 E.
1568 2486 65 53 P.
1673 2485 223 56 Dutton
1933 2490 46 50 &
2015 2505 98 51 co.,
2150 2488 108 56 inc.

292 2570 176 62 [ c 1935]
339 2641 88 39 240
457 2651 41 37 p.
559 2640 28 40 21½
647 2641 43 22 cm
696 2671 9 8 .

342 2697 162 38 “First
537 2693 225 43 edition."

270 2750 53 53 ©
349 2753 126 40 June
501 2751 68 48 19,
597 2751 140 46 1935;
765 2750 64 40 2c.
859 2750 94 40 and
979 2749 81 41 aff.
1086 2750 126 39 June
1238 2748 82 47 20;
1353 2749 40 39 A
1419 2748 169 49 83756;
1620 2751 51 39 E.
1700 2751 50 39 P.
1779 2751 188 41 Dutton
1993 2752 37 41 &
2054 2763 83 38 co.,
2165 2753 90 41 inc.

345 2808 281 51 (35-10423)

268 2899 261 64 Wandel,
559 2897 254 56 William
843 2896 256 55 Hamlin.

337 2977 120 52 The
500 2976 216 52 control
760 2975 63 52 of
867 2973 365 68 competition
1275 2974 60 52 in
1379 2974 99 55 fire
1521 2975 315 66 insurance,
1877 2975 75 66 by
1995 2975 258 55 William

266 3052 239 54 Hamlin
534 3050 261 69 Wandel,
823 3070 96 34 ph.
949 3070 49 34 d.
1063 3051 325 67 Lancaster,
1415 3052 101 52 Pa.
1551 3052 138 66 [The
1716 3050 114 54 Art
1859 3050 262 69 printing
2149 3072 97 48 co.]

266 3134 150 50 1935.

335 3199 576 53 1 p. l. , 5-160 p. 23 cm .
335 3257 246 43 “Selected
612 3254 364 51 bibliography”
993 3267 11 30 ;
1035 3267 43 38 p.
1112 3256 214 41 158-160.

266 3311 53 53 ©
351 3316 125 39 June
506 3314 69 45 23,
606 3314 141 46 1935;
783 3313 64 40 2c.
883 3314 125 40 June
1041 3312 80 43 27;
1159 3311 80 40 aff.
1275 3313 123 39 June
1433 3312 81 47 29;
1551 3313 41 38 A
1627 3312 169 47 85028;
1832 3314 70 40 W.
1939 3315 59 38 H.
2032 3314 216 48 Wandel,

332 3372 132 40 Falls
489 3371 206 46 Church,
720 3372 84 38 Va.
874 3367 278 50 (35-10983)

262 3446 287 61 Webster,
580 3449 249 61 Hutton,
862 3448 168 52 1875-

263 3517 1957 149 Modern European civilization, by Hutton Webster … Boston. New York [etc.] D. C. Heath and company [ c 1935]
333 3672 167 45 xxxvi,
543 3670 100 53 772,
687 3670 158 39 xxxiii
887 3681 44 37 p.
1002 3670 85 41 col.
1131 3669 163 48 front.,
1338 3669 143 47 illus.,
1524 3670 170 47 plates,
1740 3670 162 48 ports.,
1949 3678 135 37 maps
2110 3668 133 48 (part

262 3726 196 47 double)
494 3726 178 47 diagrs.
733 3727 56 40 20½
822 3728 43 22 cm
869 3758 8 9 .

332 3782 343 48 “Suggestions
707 3784 81 39 for
818 3784 193 41 further
1044 3782 172 46 study”
1234 3793 9 30 :
1277 3793 44 36 p.
1353 3780 282 44 xxv-xxxiv
1650 3792 9 37 ;
1697 3781 335 48 bibliography
2066 3784 54 39 at
2152 3781 90 42 end

262 3838 53 38 of
338 3840 125 38 most
486 3839 52 37 of
562 3840 81 38 the
669 3840 237 46 chapters.

261 3891 53 53 ©
337 3897 125 39 June
484 3896 67 46 20,
579 3895 111 42 1935
709 3908 8 35 ;
743 3897 67 40 2c.
835 3898 94 39 and
954 3896 81 41 aff.
1064 3898 115 46 July
1204 3896 53 40 12
1275 3908 9 35 ;
1310 3898 40 38 A
1374 3894 141 43 85019
1533 3907 8 36 ;
1569 3897 61 39 H.
1654 3896 233 48 Webster,
1914 3898 157 38 Menlo
2098 3895 140 48 Park,

330 3949 1504 54 Calif. [Copyright is claimed on revisions and chapter XXX]
336 4009 277 49 (35-10250)
