2424 4375
1191 4061 133 48 1156

281 429 197 66 Riker,
505 432 164 53 Thad
699 433 193 63 Weed,
925 438 168 50 1880-

349 507 1913 72 A short history of modern Europe, by T. W. Riker … New
285 586 171 67 York,
486 587 119 52 The
634 585 332 54 Macmillan
997 606 295 49 company,
1325 593 146 49 1935.

350 658 102 48 xiii,
482 658 85 41 890
594 669 42 37 p.
694 658 151 40 front.
872 658 172 49 (port.)
1082 659 141 47 illus.,
1253 670 137 38 maps
1418 660 134 48 (part
1582 662 197 47 double)
1847 662 56 39 22½
1934 664 16 22 cm
1983 694 10 10 .

353 715 123 40 “For
506 715 195 40 further
732 716 200 48 reading
963 726 53 29 or
1047 716 173 48 study”
1253 721 51 37 at
1336 718 91 40 end
1458 718 52 40 of
1539 720 116 39 each
1688 720 214 47 chapter.

282 783 1715 54 © Aug. 13, 1935; 2c. and aff. Aug. 14; A 85497 ; Macmillan co.
361 844 279 48 (35-13967)

276 946 315 65 Robinson,
621 949 206 64 Henry
854 950 253 63 Morton,
1137 956 169 49 1898-

277 1022 1959 147 Science versus crime, by Henry Morton Robinson … Indianapolis,
588 1100 139 54 New
761 1101 179 66 York,
974 1102 121 53 The
1133 1101 440 54 Bobbs-Merrill
1609 1122 277 51 company
1926 1137 14 35 [
1945 1110 17 22 c
1968 1107 132 51 1935
2107 1138 12 35 ]

347 1172 85 41 303
462 1183 41 38 p.
563 1174 163 47 front.,
754 1174 140 50 illus.,
926 1175 170 47 plates,
1129 1174 212 41 facsims.
1404 1175 54 39 21
1463 1176 44 22 cm
1511 1208 8 8 .

350 1230 160 40 “First
539 1229 227 42 edition.”

279 1284 1803 53 © Aug. 21, 1935 ; 2c. and aff. Aug. 24 ; A 86064 ; Bobbs-Merrill co.
357 1345 279 47 (35-14215)

280 1448 440 64 Royde-Smith,
748 1448 213 53 Naomi
990 1448 294 64 Gwladys.

345 1525 146 52 Jake
509 1543 10 47 ;
547 1543 31 34 a
600 1526 163 52 novel
786 1525 75 67 by
883 1525 204 54 Naomi
1111 1526 199 67 Royde
1336 1524 206 57 Smith.
1601 1527 138 52 New
1764 1526 179 66 York,
1966 1528 120 53 The
278 1528 1962 126 Macmillan
507 1619 296 49 company,
835 1605 151 50 1935.

345 1673 64 48 ix,
441 1673 87 40 446
560 1685 42 37 p.
661 1673 57 40 20½
751 1675 44 22 cm
798 1704 9 10 .

279 1726 1784 53 © Aug. 27, 1935; 2c. and aff. Aug. 28; A 85652; Macmillan co.
357 1786 278 49 (35-13908)

280 1890 247 62 Russell,
557 1889 210 56 Mable.

345 1965 390 55 Illustrations
776 1965 93 53 for
906 1974 91 46 art
1034 1965 273 70 training,
1345 1967 74 67 by
1459 1967 188 53 Mable
1689 1968 222 54 Russell
1953 1971 111 51 and
2106 1966 153 55 Elsie

275 2044 1984 68 Wilson Gwynne; edited by William G. Whitford … Peoria,
274 2123 1073 67 Ill., The Manual arts press [ c 1935]
343 2194 784 49 20 pl. (part col.) 41 × 32½ cm .
346 2252 171 40 Issued
549 2252 48 39 in
629 2251 244 49 portfolio.
934 2252 127 40 Title
1092 2251 126 39 from
1252 2252 126 39 label
1411 2252 227 39 mounted
1673 2262 58 29 on
1766 2261 153 32 cover.

348 2308 122 39 “For
509 2319 83 29 use
629 2308 48 39 in
716 2309 279 39 connection
1037 2309 119 39 with
1196 2309 81 39 the
1314 2309 120 39 book
1477 2308 103 40 ‘Art
1620 2307 215 49 training
1874 2309 207 47 through
2122 2310 137 39 home

277 2365 250 47 problems’
560 2366 60 47 by
651 2366 81 39 the
764 2374 130 31 same
926 2365 246 41 authors.”

348 2421 342 49 “Suggestions
721 2421 78 40 for
832 2421 112 41 use”
977 2425 94 39 and
1106 2421 133 41 “List
1273 2421 51 40 of
1356 2421 355 41 illustrations”
1756 2422 82 49 ([4]
1874 2432 41 38 p.
1975 2421 177 41 23×l5×
2183 2425 15 21 cm
2238 2422 13 48 )

273 2479 100 40 laid
403 2479 65 40 in.

343 2535 192 40 Twelve
563 2536 130 39 color
720 2534 127 41 discs
875 2538 48 37 to
953 2537 56 39 be
1039 2536 227 39 mounted
1296 2546 60 30 on
1385 2536 82 39 the
1498 2535 128 40 color
1655 2536 153 46 chart,
1838 2546 75 31 no.
1945 2535 68 48 13,
2044 2535 48 40 in
274 2546 1966 94 envelope
419 2592 230 47 (10½×13
652 2594 45 22 cm
707 2591 14 48 )
759 2592 100 40 laid
888 2593 62 39 in.

277 2645 1984 53 © June 22, 1935; 2c. July 22; aff. July 20; A 84703; M. Russell and
346 2706 130 39 Elsie
501 2705 185 40 Wilson
716 2706 226 46 Gwynne,
970 2707 157 45 Ames,
1183 2716 42 29 Ia.
1296 2705 277 48 (35-14097)

270 2804 278 66 Schmitz,
578 2807 125 52 Elie
730 2806 240 62 Robert,
1001 2811 168 50 1889-

343 2883 120 53 The
502 2888 233 62 capture
773 2882 63 54 of
875 2882 361 68 inspiration,
1274 2883 73 66 by
1387 2884 66 51 E.
1493 2883 215 52 Robert
1749 2882 280 65 Schmitz;
2071 2880 185 55 edited

274 2960 72 67 by
391 2960 135 54 José
572 2959 352 68 Rodriguez;
976 2960 284 53 foreword
1309 2960 72 67 by
1428 2960 178 52 Merle
1654 2959 162 52 Armi
1822 2964 158 62 tage;
273 2959 1959 131 decorations

449 3037 75 67 by
553 3037 284 55 Giovanni
867 3037 367 67 Napolitano.
1290 3037 138 52 New
1460 3036 177 67 York,
1666 3037 69 52 E.
1762 3036 215 67 Weyhe
2010 3039 171 64 [1935]

342 3095 1914 63 6 p. i., iv, 111 p., 1 l. front. (port.) illus. (incl. music) plates (incl.
274 3166 173 47 music)
474 3166 188 41 facsim.
692 3165 198 49 (music)
920 3166 167 41 tables,
1119 3164 178 49 diagrs.
1326 3165 134 48 (part
1489 3165 142 46 fold.)
1701 3164 55 40 26
1759 3167 44 21 cm
1807 3196 9 9 .

346 3223 128 42 “The
507 3223 107 40 first
647 3222 181 41 edition
863 3223 51 40 of
948 3222 97 40 this
1078 3222 120 39 book
1233 3222 206 39 consists
1473 3222 52 39 of
1558 3220 113 41 1000
1705 3220 158 49 copies
1898 3220 54 41 of
1983 3220 158 39 which
2176 3220 79 40 the

274 3275 1980 52 first 500 are signed by the author … printed at the plant of the Will A.
273 3333 1983 50 Kistler company in Los Angeles … Diagrams, charts and plates were
272 3393 168 39 drawn
465 3392 60 48 by
551 3392 214 40 William
798 3390 179 42 Stutz.”
1032 3390 117 40 This
1177 3400 118 37 copy
1321 3390 189 39 neither
1539 3390 258 39 numbered
1825 3400 86 28 nor
1938 3387 179 46 signed.

343 3450 131 39 Each
500 3450 111 46 part
638 3447 230 49 preceded
896 3448 61 47 by
983 3447 99 40 leaf
1109 3446 115 40 with
1255 3446 235 41 half-title
1517 3449 81 36 not
1628 3445 220 40 included
1878 3445 48 39 in
1955 3444 80 41 the
274 3441 1959 104 pagination
408 3505 50 47 (6
481 3504 185 48 leaves)

343 3562 126 39 “The
500 3562 145 46 study
676 3560 51 41 of
755 3560 283 49 physiology
1071 3559 191 48 applied
1295 3561 47 38 to
1374 3557 227 49 pianistic
1632 3555 565 50 performance.”—Pref.

343 3617 374 48 Bibliography:
744 3627 43 37 p.
815 3617 98 38 111.

277 3666 1977 56 © Apr. 15, 1935 ; 2c. June 8 ; aff. July 5 ; A 83887 : E. R. Schmitz, New
344 3731 144 38 York.
561 3728 277 48 (35-14222)

275 3829 174 58 Seitz,
479 3831 238 63 Robert,
749 3834 167 50 1891-

406 3898 1847 72 … Die häuser im Kolk, roman. Berlin [etc.] P. Zsolnav,
278 3985 148 50 1935.
