2424 4375
1191 4075 135 49 1524

357 521 100 46 viii,
495 519 86 40 368
618 531 44 36 p.
722 521 86 38 col.
845 521 163 47 front.,
1047 520 128 39 illus.
1204 520 133 47 (incl.
1375 520 162 47 maps)
1605 522 25 37 20½
1693 524 14 21 cm
1743 552 9 8 .
1821 523 124 42 (The
1984 524 96 46 Try
2086 533 59 29 on
2184 525 94 38 and

286 576 200 48 Lingley
513 576 189 47 history
730 575 174 48 series)

357 634 158 40 Based
545 643 60 30 on
636 634 80 39 the
748 633 217 40 author’s
994 634 152 39 When
1177 634 188 47 history
1396 635 152 47 began
1578 636 96 38 and
1701 636 100 39 The
1833 636 76 39 old
1942 636 149 41 world
2122 638 139 47 begin

285 691 141 47 nings
457 689 53 40 of
540 690 237 40 America.

287 747 53 52 ©
369 752 119 39 Mar.
519 751 68 43 27,
618 750 139 46 1935;
789 749 69 40 2c.
887 750 126 39 June
1040 749 83 47 24;
1156 749 80 40 aff.
1268 750 119 46 Aug.
1418 750 55 39 15;
1532 750 41 39 A
1604 750 169 42 87603:
1806 752 62 38 M.
1898 751 51 40 G.
1982 751 160 50 Ivelty,
358 751 1906 103 Chicago.
559 805 278 49 (35-22329)

288 911 209 64 Killen,
526 910 234 53 Arthur
787 910 75 55 H.

418 983 1862 72 … Physics, by Arthur H. Killen … Rev. ed. New York,
288 1062 228 55 Oxford
546 1061 146 55 book
721 1079 294 51 company,
1048 1064 150 51 1935.

356 1134 61 48 iv,
448 1133 98 49 285,
580 1133 84 50 [30]
697 1145 43 37 p.
799 1134 142 48 illus.,
972 1134 177 47 diagrs.
1210 1132 56 41 19
1269 1135 43 21 cm
1318 1164 9 8 .
1397 1133 212 48 (Oxford
1639 1136 175 39 review
1846 1137 173 46 series)

358 1195 209 39 “Recent
602 1193 330 40 examination
968 1192 230 49 papers”:
1236 1203 41 38 p.
1317 1192 177 49 [1]—[26]
1530 1196 51 37 at
1617 1193 118 47 end;
1775 1195 252 39 “Answers
2064 1198 48 37 to
285 1196 1978 91 problems”:
490 1258 42 37 p.
564 1246 207 51 [27]—[30]
802 1250 50 37 at
879 1248 106 39 end.

356 1306 175 38 Tables
560 1315 58 29 on
647 1315 42 37 p.
736 1304 40 49 [2]
809 1304 94 40 and
936 1304 54 49 [3]
1020 1303 54 40 of
1100 1314 153 29 cover.

286 1362 52 53 ©
366 1365 101 40 Oct.
497 1366 67 45 11,
594 1363 140 48 1935;
760 1365 67 39 2c.
856 1364 95 39 and
979 1363 80 40 aff.
1090 1363 102 40 Oct.
1220 1363 83 45 21;
1334 1363 39 38 A
1403 1362 168 48 87829;
1604 1363 186 41 Oxford
1820 1365 121 40 book
1970 1376 80 36 co.,
2080 1366 91 40 inc.

366 1421 279 49 (35-21909)

310 1525 216 64 [Kovar,
557 1524 182 53 Edith
770 1524 156 65 May]
965 1524 169 51 1905-

356 1601 178 51 Little
568 1600 222 52 friends
823 1598 151 52 from
1006 1616 172 51 many
1211 1598 182 67 lands,
1426 1598 74 68 by
1532 1598 170 68 Mary
1737 1600 268 52 Windsor
2102 1601 151 52 [pseud.]

287 1678 137 53 with
451 1678 247 68 pictures
723 1677 76 68 by
823 1677 127 67 Roy
973 1678 154 51 Best.
1186 1675 231 68 Racine,
1441 1675 159 69 Wis.,
1622 1674 297 56 Whitman
1946 1677 332 69 publishing

286 1773 296 51 company,
615 1761 18 21 c
639 1757 151 50 1935.

359 1830 83 52 [20]
475 1840 44 38 p.
578 1828 86 41 col.
695 1827 128 41 illus.
881 1825 56 42 33
940 1829 44 21 cm
989 1859 9 9 .

357 1885 287 42 Illustrated
672 1887 99 46 t.-p.
800 1885 49 39 in
878 1884 168 40 colors.

285 1941 52 53 ©
369 1946 109 38 Jan.
510 1943 55 39 30,
613 1942 140 46 1935;
787 1941 66 40 2c.
888 1941 101 40 Oct.
1022 1940 82 41 31;
1141 1939 81 41 aff.
1258 1940 101 40 Oct.
1393 1939 55 40 30:
1511 1941 39 38 A
1581 1941 170 47 89087;
1787 1942 248 41 Whitman
2069 1944 107 48 pub.
2210 1955 65 29 co.

365 1999 279 51 (35-21949)

285 2103 337 64 Kunhardt,
649 2105 139 50 Mrs.
816 2101 288 62 Dorothy.

355 2180 178 52 Little
561 2197 147 48 ones,
737 2177 229 53 written
991 2177 75 67 by
1094 2176 264 68 Dorothy
1385 2176 341 67 Kunhardt;
1758 2177 140 52 with
1926 2177 248 69 pictures
2201 2181 73 66 by

286 2258 156 51 Kurt
465 2255 202 55 Wiese.
736 2254 155 68 [New
919 2253 180 68 York,
1126 2253 122 53 The
1273 2252 220 70 Viking
1520 2272 173 50 press,
1723 2258 151 64 1935]

355 2331 68 48 78,
457 2331 54 49 [1]
541 2339 43 39 p.
645 2328 85 40 col.
760 2327 127 41 illus.
946 2326 57 42 26
1006 2329 43 21 cm
1054 2359 9 9 .

355 2387 287 40 Illustrated
671 2388 98 44 t.-p.
801 2385 95 39 and
927 2383 347 49 lining-papers
1307 2384 47 38 in
1386 2384 168 40 colors.

283 2441 52 53 ©
361 2445 101 40 Oct.
487 2444 70 48 25,
583 2443 141 45 1935;
748 2442 68 39 2c.
842 2441 100 40 Oct.
968 2441 83 45 25;
1080 2440 82 39 aff.
1190 2440 99 40 Oct.
1316 2440 82 46 26;
1428 2441 41 38 A
1494 2440 169 47 88016;
1693 2442 55 38 D.
1778 2442 276 48 Kunhardt,

352 2445 1906 103 Morristown,
520 2501 55 39 N.
602 2500 58 46 J.,
685 2500 95 38 and
806 2499 131 38 Kurt
959 2497 171 47 Wiese,
1158 2497 334 47 Frenchtown,
1519 2498 57 39 N.
1603 2498 42 39 J.
1716 2497 279 50 (35-21956)

289 2605 102 65 [La
423 2603 306 64 Fontaine,
762 2602 146 52 Jean
939 2601 68 52 de]
1066 2603 323 50 1621-1695.

354 2677 326 55 Fontaine’s
707 2677 199 53 fables.
986 2674 246 68 [Racine,
1258 2676 159 65 Wis.,
1444 2675 299 55 Whitman
1770 2678 333 67 publishing
284 2697 1965 128 company,
485 2762 18 21 c
508 2757 152 65 1934]

357 2830 82 51 [48]
475 2840 45 37 p.
582 2827 128 40 illus.
739 2826 135 49 (part
909 2825 110 48 col.)
1087 2823 57 41 32½cm.

352 2887 127 40 Title
508 2885 127 39 from
666 2894 154 30 cover.

633 2940 160 41 CONTENTS.—The
835 2940 320 48 grasshopper
1198 2938 95 40 and
1336 2939 81 39 the
1460 2939 309 42 ant.—Town
1811 2943 77 37 rat
1930 2942 95 39 and
2068 2945 201 46 country

284 3000 252 41 rat.—The
564 2997 116 41 wolf
706 2997 95 39 and
827 2997 79 39 the
934 2995 308 40 lamb.—The
1265 2994 85 41 fox
1377 2996 95 39 and
1500 2996 79 40 the
1607 2997 310 41 stork.—The
1945 2999 323 41 heron.—The

281 3068 127 29 crow
436 3056 96 40 and
559 3056 84 39 the
670 3054 100 41 fox.

280 3111 53 52 ©
360 3115 110 38 Dec.
497 3113 69 46 28,
596 3110 139 47 1934;
765 3110 67 39 2c.
863 3109 101 40 Oct.
992 3109 68 46 31,
1090 3108 139 46 1935;
1261 3107 82 40 aff.
1375 3108 100 40 Oct.
1504 3108 83 47 30;
1618 3110 40 37 A
1688 3108 167 49 89091;
1888 3110 248 41 Whitman
2162 3113 107 46 pub.

348 3182 66 28 co.
485 3168 280 49 (35—21954)

283 3267 239 61 Lamon,
553 3264 220 53 Robert
805 3264 184 56 Scott,
1025 3264 170 51 1906-

279 3336 1959 152 … The Megiddo water system, by Robert S. Lamon. Chicago, Ill.,
615 3417 123 52 The
770 3414 336 69 University
1141 3414 63 52 of
1240 3414 250 69 Chicago
1526 3433 155 48 press
1722 3418 169 63 [1935]

349 3488 1915 52 xii, 38 p.,21. illus. (incl. map, plans) VIII pl. 30½ cm (The University
280 3549 52 40 of
358 3548 207 47 Chicago
593 3547 218 40 Oriental
837 3545 224 41 institute
1088 3544 337 48 publications,
1452 3546 89 39 vol.
1723 3545 13 46 XXXII)

351 3603 302 47 Descriptive
683 3603 281 46 letterpress
991 3611 59 29 on
1077 3609 164 30 versos
1270 3600 165 47 facing
1462 3602 80 38 the
1569 3601 169 47 plates.

279 3656 53 52 ©
360 3660 128 39 June,
511 3659 70 46 28,
607 3658 113 40 1935;
777 3657 65 40 2c.
872 3658 120 46 Aug.
1021 3657 81 46 31;
1136 3656 80 40 aff.
1251 3657 126 48 Sept.
1408 3658 53 45 3;
1493 3659 39 36 A
1562 3658 169 46 85731;
1766 3657 279 49 University
2075 3659 53 40 of
346 3658 1898 105 Chicago,
503 3716 221 46 Chicago.
795 3713 277 48 (35-22353)

279 3804 243 62 Larson,
552 3803 217 62 James,
803 3805 320 49 1841-1921.

348 3876 274 67 Sergeant
656 3877 232 65 Larson,
923 3878 34 48 4
958 3875 40 29 th
1034 3893 134 50 cav.,
1199 3875 74 68 by
1309 3875 190 54 James
1535 3876 231 52 Larson.
1842 3875 115 53 San
1994 3876 264 65 Antonio,

280 3953 285 54 Southern
592 3953 237 65 literary
859 3953 276 67 institute,
1168 3955 148 49 1935.
