2424 4375
1030 4060 96 53 1733

103 435 357 65 Economics,
491 436 286 66 sociology
807 439 43 49 &
880 436 96 52 the
1004 434 234 53 modern
1269 433 180 53 world;
1510 451 187 49 essays
1727 431 59 52 in
1816 432 182 51 honor
2028 431 62 52 of

167 504 1925 73 T. N. Carver, edited by Norman E. Himes … Cambridge,
170 588 268 53 Harvard
467 587 313 68 university
808 604 171 50 press,
1009 589 148 49 1935.

167 658 83 47 xii,
279 657 97 47 327,
410 657 54 50 [2]
495 668 43 38 p.
598 658 136 39 front.
777 657 171 48 (port.)
986 658 178 48 diagrs.
1223 658 119 40 24cm.

168 714 146 40 “This
351 714 202 48 volume,
594 715 266 47 consisting
896 715 51 40 of
984 714 220 47 eighteen
1244 723 175 39 papers
1458 714 61 46 by
1557 713 184 39 former
1779 712 224 40 students
2041 712 52 40 of

100 770 251 41 Professor
386 771 52 40 T.
474 770 56 41 N.
567 770 195 48 Carver,
797 771 79 39 for
909 771 158 48 thirty
1102 776 141 42 years
1289 768 309 50 (1902-1932)
1644 768 249 50 professor
1925 769 54 39 of
101 778 1974 89 political
283 837 226 37 economy
544 827 48 39 in
626 827 229 40 Harvard
891 828 283 47 university,
1210 828 41 39 is
1286 826 253 50 published
1573 838 59 28 on
1667 826 83 39 the
1785 826 220 40 occasion
2042 824 52 39 of

98 883 74 40 his
202 883 271 41 seventieth
501 884 228 47 birthday
770 881 361 49 (1865-1935).”

168 941 225 40 “Edition
428 940 188 40 limited
649 943 49 37 to
731 939 85 41 500
848 939 412 41 hand-numbered
1294 939 173 48 copies,
1500 939 54 40 of
1588 938 156 41 which
1777 937 88 42 375
1896 947 86 31 are
2015 939 79 39 for

99 998 114 39 sale.
273 997 117 38 This
425 997 40 38 is
497 1006 119 38 copy
648 996 202 40 number
878 995 126 42 239.”

100 1051 1992 163 CONTENTS.—pt. 1. Agricultural economics: Agricultural fundamentalism, by J. S. Davis. The Canadian wheat pool in prosperity and depression, by H . S. Patton. Overhead costs in agriculture: a problem
101 1224 46 39 in
184 1222 149 41 social
367 1223 199 47 control,
603 1223 61 47 by
701 1222 55 41 R.
796 1222 45 41 S.
875 1221 154 41 Vaile.
1088 1222 102 40 The
1227 1222 263 47 objectives
1526 1220 53 41 of
1615 1220 242 42 economic
1894 1221 200 47 control,

101 1280 58 47 by
199 1280 53 39 E.
294 1280 43 39 J.
378 1279 382 49 Working.—pt.
799 1278 43 42 2.
882 1279 256 39 Economic
1181 1279 169 45 theory
1394 1279 92 40 and
1530 1278 216 47 history:
1789 1278 304 41 Theoretical

100 1338 189 46 aspects
319 1336 52 39 of
402 1336 82 40 the
514 1336 129 39 scale
675 1335 51 40 of
757 1335 300 48 production,
1089 1336 61 46 by
1183 1336 62 39 M.
1280 1336 61 40 M.
1374 1336 170 39 Bober.
1607 1335 208 39 Interest
1851 1336 49 38 in
1932 1334 133 40 work:

101 1402 128 30 some
260 1392 223 40 research
513 1392 253 48 problems,
797 1391 221 41 methods
1047 1392 95 39 and
1174 1390 191 48 results,
1398 1392 60 47 by
1491 1391 46 40 Z.
1571 1391 50 40 C.
1656 1391 280 41 Dickinson.
1995 1391 102 41 The

101 1447 1996 105 mercantilism of Ger ó nimo de Uzt á riz: a reexamination by E. J. Hamilton. Pioneer life in western Kansas, by John Ise. On the chemical
101 1564 149 47 phase
282 1561 54 41 of
367 1562 82 40 the
480 1560 264 41 industrial
778 1560 286 49 revolution,
1099 1562 62 46 by
1195 1562 52 39 T.
1283 1561 44 41 J.
1363 1561 172 47 Kreps.
1598 1562 139 41 Some
1771 1561 325 49 propositions

100 1630 60 28 on
202 1619 216 46 interest,
458 1619 61 46 by
560 1618 55 39 R.
660 1617 45 40 S.
747 1617 217 39 Meriam.
1029 1617 139 40 Some
1207 1621 191 43 aspects
1438 1618 52 38 of
1530 1618 83 38 the
1655 1619 171 45 theory
1868 1619 52 38 of
1960 1621 108 37 rent:

102 1685 90 29 von
224 1674 203 40 Thünen
457 1685 69 28 vs.
561 1673 224 47 Ricardo,
818 1672 62 48 by
911 1674 157 39 Bertil
1102 1672 160 42 Ohlin.
1321 1672 102 41 The
1455 1677 176 37 nature
1665 1673 52 40 of
1750 1683 89 30 our
1872 1682 225 41 program

102 1731 78 39 for
211 1731 220 39 national
462 1730 243 40 economic
737 1739 239 38 recovery,
1012 1730 59 47 by
1106 1729 48 41 C.
1193 1730 44 40 J.
1274 1729 229 41 Ratzlaff.
1563 1730 234 40 Business
1833 1729 168 49 cycles,
2036 1730 62 47 by

102 1789 43 40 J.
174 1788 50 40 P.
255 1789 262 39 Wernette.
576 1786 102 41 The
707 1785 396 41 rationalization
1134 1785 52 39 of
1214 1786 288 48 production
1530 1788 98 39 and
1658 1787 53 40 of
1741 1786 356 50 reproduction,

103 1845 59 47 by
195 1845 54 39 A.
285 1845 54 39 B.
373 1844 172 40 Wolfe.
606 1841 349 49 Bibliography
1000 1842 67 48 (p.
1102 1841 386 51 243-244).—pt.
1524 1842 44 42 3.
1605 1843 277 48 Sociology:
104 1843 1976 98 Socialism
232 1901 49 39 in
321 1901 172 47 theory
533 1900 95 39 and
670 1899 51 40 in
758 1897 225 50 practice,
1023 1899 62 47 by
1124 1898 52 44 F.
1214 1900 54 39 A.
1310 1900 205 41 Bushee.
1577 1899 264 48 Migration
1882 1902 215 39 between

102 1959 98 46 city
231 1958 96 39 and
358 1959 205 44 country
593 1955 50 41 in
674 1956 83 40 the
788 1954 195 42 Buffalo
1016 1955 343 49 metropolitan
1391 1966 130 38 area,
1554 1957 61 47 by
1647 1957 134 39 Niles
1816 1957 282 49 Carpenter.

105 2014 219 42 Cultural
359 2013 318 48 compulsives:
739 2013 82 39 the
852 2011 217 40 survival
1100 2011 53 39 of
1184 2012 171 47 dogma
1390 2013 50 39 in
1473 2013 81 40 the
1583 2012 225 50 sciences,
1840 2014 61 47 by
1933 2014 71 41 W.
2038 2014 61 40 H.

105 2071 168 41 Crook.
334 2071 116 39 New
484 2069 124 48 light
644 2080 60 28 on
739 2069 82 40 the
854 2077 169 32 causes
1057 2068 53 40 of
1144 2068 82 40 the
1259 2069 243 48 declining
1534 2069 132 41 birth
1703 2073 119 45 rate,
1858 2070 60 48 by
1953 2070 57 41 N.
2045 2069 54 42 E.

105 2129 180 39 Himes.

107 2198 51 53 ©
183 2203 117 38 Nov.
357 2233 8 15 1,
391 2200 112 40 1935;
559 2199 65 39 2c.
652 2199 116 39 Nov.
796 2199 52 45 8;
875 2197 82 40 aff.
984 2198 117 38 Nov.
1127 2197 54 39 11;
1237 2198 43 38 A
1304 2196 144 41 89332;
1505 2197 254 42 President
1786 2199 98 39 and
1910 2199 192 39 fellows

172 2259 52 39 of
249 2259 229 39 Harvard
504 2257 192 48 college,
725 2253 299 49 Cambridge,
1054 2255 146 39 Mass.
1272 2254 279 49 (35-36713)

107 2417 160 64 Ellis,
301 2416 316 65 Havelock,
652 2418 171 51 1859-

238 2506 1864 67 … From Rousseau to Proust. Boston and New York,
109 2589 315 67 Houghton
450 2584 202 56 Mifflin
680 2603 296 49 company,
1003 2588 150 50 1935.

174 2667 1082 54 5 p. l. , 3-410, [1] p. front., ports. 21cm.
109 2739 51 54 ©
189 2744 118 39 Nov.
337 2742 70 48 19,
438 2742 116 41 1935;
610 2742 68 40 2c.
708 2742 119 39 Nov.
855 2741 83 48 25;
973 2740 82 41 aff.
1086 2741 119 40 Nov.
1236 2740 83 47 21·;
1353 2741 42 38 A
1425 2739 169 48 89595;
1626 2741 59 39 H.
1720 2740 136 48 Ellis,
1890 2741 211 39 London:

187 2800 279 48 (35-32223)

111 2952 233 64 Ferber,
374 2954 185 63 Edna,
592 2953 171 52 1887-

180 3039 170 56 Show
385 3040 152 67 boat,
574 3040 76 69 by
690 3040 168 53 Edna
894 3039 241 68 Ferber;
1177 3038 141 53 with
1357 3058 31 33 a
1430 3038 286 54 foreword
1756 3038 76 70 by
1874 3039 227 54 Jerome

110 3118 173 55 Kern.
346 3118 138 53 New
512 3117 180 68 York,
719 3117 121 53 The
866 3117 241 53 Modern
1134 3115 221 70 library
1405 3119 153 64 [1935]

181 3204 45 39 vi
250 3215 58 38 p.,
330 3205 28 38 4
401 3235 22 15 l.,
447 3203 85 41 398
553 3213 43 38 p.
657 3204 55 38 17
716 3205 45 21 cm
763 3235 9 8 .
844 3202 297 50 (Half-title:
1163 3201 103 42 The
1290 3202 198 40 modern
1517 3202 183 46 library
1728 3200 52 41 of
1803 3201 83 40 the
1911 3199 192 42 world’s

112 3259 103 43 best
241 3262 171 47 books)

182 3331 161 40 “First
369 3331 200 39 Modern
599 3331 185 47 library
812 3328 226 43 edition.”

116 3398 50 52 ©
190 3404 116 39 Nov.
330 3402 69 48 25,
425 3403 113 40 1935;
590 3402 68 41 2c.
681 3403 118 38 Nov.
825 3401 54 40 30;
934 3401 81 40 aff.
1042 3401 117 40 Nov.
1186 3400 58 39 26;
1296 3402 40 37 A
1389 3400 117 40 89656;
1560 3402 202 39 Modern
1788 3400 199 47 library,
2014 3400 90 40 inc.

193 3460 278 47 (35-31972)

121 3610 348 66 [Flambard,
498 3612 221 52 Jeanne
747 3610 204 66 Marie]

186 3703 103 52 Les
315 3703 140 51 trois
480 3720 192 47 sœurs,
697 3720 107 49 par
828 3700 184 53 Marie
1040 3701 167 54 Cœur
1264 3701 207 65 pseud.]
1550 3700 185 65 Paris,
1761 3701 82 50 La
119 3698 1963 132 Renaissance
303 3781 77 50 du
403 3780 161 64 livre,
591 3782 149 49 1933.

185 3875 21 35 1
240 3884 41 28 v.
352 3871 361 49 (Bibliothèque
742 3861 170 57 d’Ève)

119 3935 1987 53 © Nov. 15, 1933; 1c. Jan. 23, 1934; A- Foreign 23518; Renaissance du
190 3997 133 41 livre.
