2424 4375
1064 4111 133 53 1485

210 556 154 39 These
389 556 275 47 pamphlets
695 565 82 29 are
809 559 47 36 to
886 556 57 38 be
974 554 138 40 fitted
1144 554 101 40 into
1278 555 85 39 the
1390 555 195 46 pockets
1618 557 52 37 at
1702 555 85 38 the
1814 554 123 39 back
1969 553 53 40 of
2053 554 82 40 the

143 614 214 39 volumes
385 613 53 38 of
463 614 83 38 the
572 614 72 38 set
672 614 48 39 to
748 610 156 41 which
936 612 113 46 they
1076 611 184 47 belong.

143 680 51 52 ©
230 683 100 41 Oct.
364 683 40 47 2,
439 682 113 41 1935;
615 682 65 40 2c.
717 683 121 39 each
871 682 101 40 Oct.
1007 682 51 45 5;
1096 681 82 40 aff.
1216 681 101 40 Oct.
1350 683 53 45 4;
1441 682 40 38 A
1516 681 143 40 88146;
1726 680 176 40 Michie
1936 692 66 29 co.
2039 682 96 39 and

210 740 239 40 Harrison
479 750 66 29 co.

145 843 253 53 Famous
445 862 123 34 new
616 844 154 52 deals
817 842 62 53 of
928 841 249 68 history;
1230 841 333 54 Rousseau’s
1615 841 188 56 Social
1851 846 282 60 contract;

209 917 97 55 Sir
335 920 248 52 Thomas
611 918 207 54 More’s
845 918 246 69 Utopia;
1126 918 241 54 Bacon’s
1396 918 138 53 New
1564 918 286 67 Atlantis;
210 917 1898 132 Campanula’s
450 996 135 69 City
627 996 66 53 of
731 997 96 52 the
869 1015 132 48 sun;
1045 996 140 53 with
1229 1014 32 34 a
1304 994 231 69 preface
1576 996 76 69 by
1694 995 199 70 Harry
1937 995 198 53 Elmer

209 1072 1863 71 Barnes … and an introduction by Charles M. Andrews …
208 1152 138 52 New
372 1151 178 70 York,
573 1151 90 54 W.
690 1151 76 53 H.
791 1151 155 54 Wise
971 1154 44 50 &
1043 1170 98 50 co.,
1168 1155 151 49 1935.

212 1225 27 39 2
261 1235 42 37 p.
329 1226 45 47 L,
398 1225 167 47 iii-xx,
590 1224 86 40 317
697 1234 44 38 p.
791 1224 27 39 2
843 1226 121 46 port.
994 1224 132 49 (incl.
1152 1224 174 48 front.)
1391 1223 57 41 24
1451 1225 45 23 cm
1498 1256 8 8 .

143 1294 51 52 ©
227 1298 122 39 June
377 1298 68 42 15.
476 1295 138 47 1935;
646 1296 67 40 2c.
742 1298 116 46 July
886 1298 52 45 5;
970 1297 80 40 aff.
1083 1297 102 40 Oct.
1216 1298 80 41 11;
1329 1298 41 38 A
1398 1297 169 46 87716;
1601 1298 121 39 Win.
1752 1298 61 39 H.
1844 1299 134 39 Wise
2002 1299 37 40 &
2068 1309 67 30 co.

211 1354 279 49 [Copyright
517 1354 44 38 is
589 1353 203 40 claimed
822 1364 58 28 on
909 1353 211 49 preface]
1193 1353 281 49 (35-20655)

143 1457 266 64 Flouton,
436 1456 169 53 Allen
634 1458 233 64 Brown,
897 1460 172 53 1887-

213 1532 234 56 Outline
475 1534 64 53 of
565 1536 96 51 the
687 1535 110 52 law
825 1534 62 52 of
914 1533 273 69 pleading
1213 1537 112 51 and
1355 1534 264 68 practice,
1647 1537 182 52 under
1855 1537 96 52 the
1981 1536 152 55 Civil

145 1610 246 67 practice
430 1618 91 45 act
560 1614 110 50 and
711 1612 150 52 rules
900 1613 64 51 of
1001 1610 135 55 civil
1176 1612 249 66 practice
1464 1612 65 52 of
1566 1614 97 53 the
1701 1620 145 45 state
1887 1613 64 53 of
1990 1615 138 51 New

146 1687 1987 71 York. 3d ed. By Allen B. Flouton … Brooklyn, N. Y.
150 1765 422 68 [Lithoprinted
610 1768 76 67 by
722 1767 282 53 Edwards
1041 1767 275 67 brothers,
1354 1766 126 67 inc.,
1515 1769 137 52 Ann
1690 1768 208 67 Arbor,
1936 1768 193 69 Mich.]

145 1848 147 50 1935.

211 1916 629 49 2 p. l.. x, 500 p. 27½cm.
142 1977 52 53 ©
221 1982 126 47 Sept.
372 1981 69 46 25,
467 1980 139 48 1935;
635 1981 65 40 2c.
727 1982 95 39 and
849 1981 80 39 aff.
957 1981 102 40 Oct.
1085 1980 82 47 25;
1196 1982 41 38 A
1262 1980 142 41 87952;
1460 1982 55 39 A.
1543 1982 53 39 B.
1624 1981 221 48 Flouton,
1874 1982 261 47 Brooklyn.

219 2037 279 49 (35-19967)

145 2140 415 64 Frankfurter,
592 2140 182 65 Felix,
811 2146 170 50 1882-
1192 2142 85 53 ed.

145 2217 1987 147 Cases and materials on administrative law, by Felix Frankfurter … and J. Forrester Davison … 2d ed. Chicago, The
143 2372 363 56 Foundation
535 2392 175 48 press,
737 2373 125 67 inc.,
894 2378 148 49 1935.

212 2442 103 50 xiii,
349 2444 83 40 651
466 2455 43 37 p.
569 2444 56 40 25½
657 2447 44 21 cm
706 2477 8 8 .
786 2445 98 48 (On
915 2455 163 31 cover:
1110 2443 281 50 University
1425 2446 236 40 casebook
1695 2447 174 47 series)

215 2501 225 41 Includes
476 2502 205 40 “Notes”
718 2502 281 48 containing
1031 2502 403 48 bibliographical
1468 2502 287 41 references.

144 2555 52 53 ©
227 2560 126 47 Sept.
384 2560 68 47 16,
483 2560 112 40 1935;
655 2560 68 39 2c.
756 2560 100 40 Oct.
886 2559 83 47 24;
1004 2560 81 40 aff.
1120 2560 101 40 Oct.
1252 2560 55 39 25;
1368 2560 42 38 A
1440 2558 170 44 87922;
1647 2558 307 42 Foundation
1984 2570 151 37 press,

210 2616 89 40 inc.
369 2615 279 50 (35-19971)

146 2718 342 65 Freedman,
516 2719 181 53 Louis
723 2720 352 64 Alexander,
1106 2723 171 52 1873-

213 2796 173 52 Roses
414 2814 187 50 green,
631 2814 149 35 roses
808 2795 191 69 black;
1031 2815 156 35 verse
1215 2797 198 66 rimed,
1442 2814 156 37 verse
1627 2797 278 66 unrimed,
146 2798 1961 129 rhythmic
288 2891 180 50 prose,
503 2873 75 69 by
611 2873 175 54 Louis
820 2874 329 53 Alexander
1185 2875 332 52 Freedman.
1594 2876 137 52 New
1771 2874 179 67 York,
146 2877 1964 140 London,
299 2952 68 55 G.
397 2953 65 52 P.
490 2953 297 55 Putnam’s
813 2971 144 40 sons,
987 2956 151 50 1935.

215 3022 85 41 viii
327 3035 57 38 p.,
412 3025 24 38 1
485 3055 23 16 l.,
536 3024 173 40 11-171
735 3035 42 37 p.
838 3024 26 39 21½
925 3027 44 20 cm
974 3057 10 8 .

147 3076 50 53 ©
224 3081 126 48 Sept.
374 3081 70 47 19,
468 3081 112 40 1935;
635 3082 65 39 2c.
730 3082 127 48 Sept.
882 3082 82 46 23;
993 3082 81 39 aff.
1102 3082 102 39 Oct.
1230 3081 52 42 9;
1311 3083 39 37 A
1403 3081 115 39 86405;
1576 3081 53 40 G.
1654 3082 50 39 P.
1732 3080 251 41 Putnam’s
2009 3090 124 30 sons.

222 3137 276 48 (35-19956)

149 3238 155 65 Gale,
329 3240 233 53 Arthur
586 3242 212 63 Loran,
829 3247 170 49 1904-

211 3316 1922 69 Making better movies, by Arthur L. Gale … and Russell C.
145 3391 1989 71 Holslag … Rev. ed. Prepared in collaboration with James W.
146 3468 1963 149 Moore … and Frederick G. Beach … New York, N. Y., Amateur cinema league, inc. [ c 1935]
216 3620 82 40 241
328 3633 41 37 p.
430 3622 143 49 illus.,
603 3622 179 49 diagrs.
840 3622 54 40 21½
928 3625 45 22 cm
977 3654 10 10 .

150 3671 50 53 ©
223 3678 115 48 Aug.
366 3679 69 47 23,
460 3678 140 48 1935;
629 3680 66 39 2c.
723 3681 95 38 and
843 3679 81 40 aff.
951 3681 120 46 Aug.
1098 3680 82 46 28;
1210 3680 39 38 A
1277 3679 171 46 86117;
1476 3680 234 39 Amateur
1737 3679 185 41 cinema
1949 3681 185 47 league,

215 3734 87 40 inc.
372 3735 277 48 (35-19846)

152 3830 315 71 Goldstein,
497 3837 218 63 Joseph
745 3839 97 63 M.,
874 3842 172 49 1868-

216 3909 119 53 The
362 3911 373 68 agricultural
764 3913 188 53 crisis:
980 3913 49 53 is
1055 3913 44 52 it
1129 3931 31 34 a
1190 3918 328 62 temporary
1549 3913 257 67 problem
1818 3912 19 54 ?
1909 3915 91 68 By
2026 3913 103 53 Dr.

150 3982 1957 78 J. M. Goldstein … New York, The John Day company [ c 1935]
