2526 4384
1104 4018 99 53 177

155 397 304 54 Abraham
489 399 239 54 Lincoln
756 398 375 67 association,
1160 397 372 71 Springfield,
1560 401 93 51 Ill.

285 476 1866 70 … Papers delivered before the members … Introduction by
155 553 1995 226 Logan Hay … The promise of the first republican administration: Abraham Lincoln, 1860, by Frederic L. Paxson … Lincoln’s power with words, by Paul M. Angle … at Springfield,
156 786 243 69 Illinois,
447 807 72 34 on
566 789 295 68 February
911 792 81 64 12,
1042 792 149 52 1934.
1276 788 372 69 Springfield,
1695 791 113 65 Ill.,
1854 790 297 53 Abraham

152 865 239 52 Lincoln
419 866 354 68 association,
800 870 149 49 1935.

222 939 87 40 100
339 950 41 37 p.
441 939 54 41 23½
529 942 45 21 cm
579 972 8 8 .

157 992 53 52 ©
242 996 109 40 Feb.
383 996 69 48 12,
483 996 140 47 1035;
657 996 66 41 2c.
758 997 110 40 Feb.
901 996 82 48 16;
1018 996 80 41 aff.
1132 996 110 40 Feb.
1277 996 83 47 14;
1394 998 42 38 A
1468 997 170 46 80452;
1673 997 251 40 Abraham
1953 996 200 41 Lincoln

220 1064 127 29 assn.

153 1142 314 54 American
496 1144 224 54 bureau
747 1145 63 52 of
837 1144 296 65 shipping,
1161 1147 140 51 New
1328 1144 178 54 York.

225 1221 219 52 Record
493 1222 64 52 of
602 1222 97 52 the
745 1220 305 55 American
1097 1223 214 51 bureau
1357 1222 63 52 of
1467 1221 294 69 shipping,
1808 1220 341 54 “American

153 1298 1998 149 Lloyds” established 1867 to provide a standard American classification of vessels, 1935 … [Chicago, Ill., R. R. Donnelley &
151 1475 128 36 sons
305 1475 98 48 co.,
431 1460 152 64 1935]

221 1530 132 47 xxix,
383 1530 84 40 834
493 1540 41 38 p.
591 1529 55 41 27
650 1533 44 20 cm
699 1562 8 7 .

223 1587 247 47 “Symbols
499 1588 95 39 and
622 1585 390 41 abbreviations”
1043 1586 229 40 attached
1300 1589 48 37 to
1376 1586 135 40 front
1539 1597 152 29 cover.

159 1639 51 53 ©
234 1644 108 40 Feb.
429 1675 8 17 18,
461 1643 140 48 1935;
625 1643 67 41 2c.
717 1644 96 40 and
837 1643 80 40 aff.
943 1643 110 40 Feb.
1077 1643 82 47 28;
1185 1644 41 38 A
1249 1642 169 47 79838;
1446 1644 157 38 Amer.
1629 1644 183 39 bureau
1839 1643 52 40 of
1914 1641 236 49 shipping.

153 1762 313 54 American
495 1764 112 52 law
635 1766 238 61 reports
898 1763 341 54 annotated.

221 1841 71 54 A.
334 1842 63 50 L.
441 1843 52 51 R
533 1840 344 53 cumulative
918 1839 388 68 index-digest
1345 1839 95 53 for
1482 1840 96 52 the
1615 1858 163 48 years
1824 1842 324 50 1929-1934.

155 1920 135 51 vols.
319 1921 185 52 58-93.
567 1917 313 55 Combined
906 1918 229 53 indexes
1160 1924 58 48 to
1245 1935 149 35 cases
1421 1918 113 52 and
1558 1917 379 54 annotations.
156 1920 1968 145 Supplementing
539 1997 71 55 A.
645 1999 64 50 L.
746 1998 67 51 R.
849 1996 188 67 digest
1069 1995 96 54 for
1196 1996 138 52 vols.
1372 1995 149 53 1-57.
1593 1996 324 67 Rochester,
1951 1999 69 51 N.
2057 1999 91 65 Y.,

152 2074 118 51 The
320 2077 266 65 Lawyers
633 2074 383 68 co-operative
1064 2073 335 69 publishing
1448 2092 307 50 company;
1809 2076 340 67 Northport,

154 2153 49 51 L
249 2152 66 66 I.,
362 2154 68 51 N.
481 2155 90 63 Y.,
620 2152 255 52 Edward
922 2152 329 67 Thompson
1300 2169 307 50 company;
1662 2151 116 55 San
1826 2153 323 68 Francisco,

154 2229 191 57 Calif.,
374 2229 583 67 Bancroft-Whitney
987 2247 296 50 company,
1313 2233 150 49 1935.

221 2304 113 41 1957
365 2316 42 37 p.
468 2303 56 41 25
527 2306 45 21 cm
575 2335 8 8 .

226 2362 72 41 On
324 2372 168 30 cover:
522 2372 41 28 v.
592 2362 41 39 3.
693 2360 403 48 Supplementary
1123 2362 48 37 to
1201 2361 53 37 A.
1284 2360 49 38 L.
1364 2360 54 39 R.
1450 2364 80 37 ten
1561 2371 116 36 year
1704 2360 171 48 digest.

159 2414 50 52 ©
242 2419 108 40 Feb.
384 2418 69 48 22,
486 2417 141 48 1935;
660 2418 66 39 2c.
761 2417 108 40 Feb.
905 2417 82 46 25;
1023 2417 81 40 aff.
1138 2417 110 39 Feb.
1282 2416 84 47 27;
1401 2418 41 38 A
1475 2416 169 47 79833;
1682 2418 229 47 Lawyers
225 2428 1908 87 co-operative
392 2476 108 47 pub.
539 2485 81 37 co.,
661 2475 212 39 Edward
911 2474 274 47 Thompson
1222 2484 66 29 co.
1329 2474 95 39 and
1463 2472 490 50 Bancroft-Whitney
1991 2484 65 30 co.

157 2593 168 65 Beck,
351 2594 204 64 Bodog
576 2592 184 66 Felix,
789 2598 171 50 1868-

226 2672 111 52 Bee
381 2688 201 35 venom
623 2670 274 68 therapy;
940 2671 99 51 bee
1079 2687 217 49 venom,
1339 2669 73 54 its
1454 2672 219 64 nature,
1717 2670 113 52 and
1872 2668 74 54 its
1990 2670 158 53 effect

157 2746 1932 69 on arthritic and rheumatoid conditions, by Bodog F. Beck …
157 2826 134 53 Yew
329 2826 179 68 York,
542 2826 259 67 London,
835 2826 71 53 D.
942 2823 580 70 Appleton-Century
1558 2843 298 50 company,
159 2825 1964 132 incorporated
351 2938 13 33 [
369 2911 18 21 c
393 2908 151 62 1935]

227 2978 70 39 xii
324 2989 57 37 p.,
407 2978 29 39 2
482 3009 22 17 l.,
531 2977 89 41 238
643 2988 43 37 p.
746 2977 56 41 25
805 2980 44 21 cm
854 3008 9 9 .

228 3034 301 48 “Composite
564 3032 394 50 bibliography”:
997 3044 42 38 p.
1074 3033 229 47 217-227;
1341 3032 349 41 “References”
1727 3035 52 39 at
1812 3035 91 39 end
1939 3033 52 40 of
2024 3035 125 39 most

160 3090 49 38 of
236 3090 80 40 the
344 3090 240 48 chapters.

160 3141 50 52 ©
240 3146 108 41 Jan.
378 3147 68 46 30,
478 3147 117 40 1935;
650 3145 67 42 2c.
749 3147 109 39 Feb.
889 3146 54 47 2;
976 3146 82 40 aff.
1087 3146 109 39 Feb.
1228 3146 53 46 6;
1314 3147 41 38 A
1386 3145 168 47 79536;
1589 3148 56 38 D.
1677 3148 473 48 Appleton-Century

219 3214 81 37 co.,
329 3204 89 41 inc.
491 3202 249 50 (35-2956)

156 3275 237 69 Becker,
424 3280 134 53 Carl
586 3280 203 63 Lotus,
823 3279 170 55 1873-

225 3355 323 67 Everyman
577 3357 89 52 his
697 3375 125 34 own
849 3355 310 65 historian;
1192 3374 186 46 essays
1408 3375 71 33 on
1510 3356 220 65 history
1760 3357 112 52 and
1903 3357 243 66 politics,

157 3431 72 55 by
263 3432 139 56 Carl
430 3433 64 53 L.
531 3432 231 53 Becker.
831 3433 141 52 New
1006 3432 181 64 York,
1219 3433 66 51 F.
1323 3431 58 55 S.
1417 3431 198 55 Crofts
1649 3435 45 49 &
1726 3452 96 41 co.,
1860 3437 148 48 1935.

226 3504 528 49 5 p. l., 325 p. 21 cm .
157 3556 50 52 ©
235 3561 108 41 Feb.
371 3562 68 47 18,
466 3560 140 48 1935;
635 3560 67 41 2c.
729 3562 95 39 and
852 3560 81 40 aff.
962 3561 112 40 Feb.
1099 3560 80 47 23;
1209 3561 41 38 A
1278 3559 169 47 79778;
1479 3561 51 39 F.
1561 3561 42 41 S.
1636 3561 165 41 Crofts
1830 3562 35 40 &
1892 3574 53 28 co.,
2001 3563 89 39 inc.

234 3617 248 49 (35-3101)

154 3692 298 68 Beilstein,
482 3693 303 53 Friedrich
814 3693 259 55 Konrad.

223 3770 301 54 Beilsteins
546 3770 306 52 handbuch
876 3770 102 52 der
1001 3770 372 66 organischen
1399 3770 227 54 chemie.
1687 3774 48 50 4.
1761 3771 128 53 aufl.
1952 3774 194 51 Erstes

158 3847 519 68 ergänzungswerk.
771 3848 110 52 Die
939 3847 264 51 literatur
1261 3866 110 33 von
1433 3851 307 51 1910-1919
1799 3851 348 51 umfassend.

158 3922 171 70 Hrsg.
364 3945 111 33 von
508 3925 99 53 der
639 3925 324 53 Deutschen
997 3923 351 56 chemischen
1383 3926 394 70 gesellschaft;
1814 3928 188 59 bearb,
2038 3947 113 37 von
