2424 4375
1178 4044 132 50 1064

352 491 1922 55 3 p. l., 122 p. incl. illus., ports., maps, geneal. tab., coat of arms. 23c m .
359 547 218 41 Selected
617 557 174 40 papers
832 548 156 41 which
1033 560 125 29 were
1199 553 255 45 presented
1496 556 52 37 at
1589 554 197 40 various
1827 556 236 47 meetings
2103 558 51 39 of
2197 557 82 39 the

283 604 295 41 association.
653 605 63 48 cf.
757 605 273 50 Foreword,
1073 607 196 47 signed:
1313 608 152 41 Oscar
1507 610 62 40 M.
1614 610 256 49 Voorhees,
1912 612 229 48 compiler
2182 616 91 38 and

281 661 173 40 editor.

284 731 53 53 ©
367 737 113 46 May
510 735 69 48 29,
609 736 140 46 1935;
782 737 66 39 2c.
877 736 120 48 Aug.
1025 737 53 45 3;
1111 736 82 41 aff.
1224 737 126 40 June
1380 738 28 40 8;
1465 739 41 39 A
1536 739 170 48 85324;
1741 741 105 39 Van
1876 743 243 40 Voorhees
2148 754 128 30 assn.

363 792 280 49 (35-12599)

282 896 368 65 Weckering,
682 897 289 64 Rudolph.

355 972 493 70 Stéréophysique.
939 973 305 56 Nouvelles
1283 974 247 55 théories
1568 994 98 35 sur
1702 977 57 54 la
1799 978 372 54 constitution
2211 980 67 53 de

281 1051 56 54 la
395 1051 239 54 matière
686 1058 55 47 et
794 1051 265 70 l’origine
1114 1053 98 54 des
1271 1059 436 62 rayonnements;
1797 1060 285 50 structure
2137 1058 142 53 dans

280 1129 239 69 l’espace
548 1130 99 53 des
677 1129 224 55 édifices
931 1129 315 70 atomiques
1274 1136 59 49 et
1361 1132 388 55 moléculaires;
1810 1151 292 50 processus
279 1134 1973 143 physiques
495 1208 30 52 à
555 1205 266 72 l’origine
851 1209 98 53 des
976 1214 249 63 spectres
1252 1209 72 54 de
1353 1206 173 72 raies;
1562 1228 134 36 avec
1728 1213 134 51 1000
1894 1210 210 70 figures
2137 1214 140 53 dans

279 1286 1727 71 le texte. Par R. Weckering … Paris, Dunod [ c 1935]
352 1359 907 50 662 p. incl. tables, diagrs. 25 ½ cm .
278 1426 1993 56 © May 10, 1935; 1c. June 8; A- Foreign 28529; R. Weckering, Glacis,
346 1488 321 47 Luxemburg.
738 1487 280 48 (35-12643)

275 1590 216 64 White,
521 1590 216 53 Frank.

408 1666 1859 68 … White on corporations … Bender ed. Sixth cumulative
275 1744 1931 69 supplement, 1934-1935 (By Samuel W. Eager) to volume 9 …
276 1823 250 67 Albany,
554 1825 69 52 N.
653 1824 71 52 Y.
755 1823 111 52 and
895 1823 138 52 New
1063 1822 179 67 York,
1270 1824 70 52 N.
1370 1824 90 62 Y.,
1488 1824 277 53 Matthew
1796 1824 225 53 Bender
2049 1828 45 50 &
274 1844 1968 124 company,
473 1900 416 68 incorporated,
921 1904 148 50 1935.

342 1973 58 41 19
425 1985 41 37 p.
522 1974 55 40 23½cm.

339 2031 67 41 At
431 2031 124 39 head
582 2029 53 41 of
660 2029 109 41 title:
823 2028 127 43 1939.

343 2087 118 40 This
485 2087 251 48 pamphlet
756 2085 41 41 is
824 2089 47 37 to
895 2087 56 39 be
976 2086 137 40 fitted
1137 2085 102 41 into
1266 2086 83 41 the
1371 2087 170 48 pocket
1565 2090 52 37 at
1641 2087 83 40 the
1747 2087 121 40 back
1893 2087 53 39 of
1972 2089 82 38 the
2079 2089 186 41 volume

271 2145 53 40 of
352 2146 84 39 the
458 2146 72 38 set
558 2146 48 38 to
632 2143 161 41 which
817 2143 42 41 it
882 2144 207 47 belongs.

272 2211 53 53 ©
350 2215 118 47 Aug.
495 2215 69 47 15,
592 2214 117 42 1935;
760 2213 66 41 2c.
855 2214 117 47 Aug.
1001 2212 55 41 19;
1114 2213 81 40 aff.
1223 2214 116 46 Aug.
1369 2213 57 40 16;
1479 2214 40 38 A
1548 2213 145 41 85547;
1747 2215 236 39 Matthew
2012 2216 189 38 Bender
2228 2216 36 40 &

339 2281 82 38 co.,
446 2271 93 41 inc.

267 2372 306 66 Williams,
601 2375 168 53 Jesse
796 2372 257 66 Feiring,
1082 2379 167 49 1886-

401 2448 1861 70 … Health and ideals, by Jesse Feiring Williams … Rev.
269 2531 113 53 and
410 2530 107 54 enl.
595 2528 269 70 Chicago,
888 2529 141 54 New
1056 2527 163 54 York
1270 2533 120 62 [etc.]
1425 2529 67 51 B.
1520 2528 79 53 H.
1630 2527 262 56 Sanborn
1916 2530 47 51 &
1985 2547 98 49 co.,
2113 2531 148 50 1935.

338 2604 80 41 vii.
450 2604 69 48 [1],
546 2602 84 40 246
659 2614 43 37 p.
761 2603 162 47 front.,
952 2602 143 46 illus.,
1121 2601 177 47 diagrs.
1358 2601 56 41 20
1417 2604 44 21 cm
1464 2631 10 10 .
1544 2601 325 49 (Wholesome
1900 2601 151 48 living
2079 2602 174 50 series)

337 2659 347 49 Bibliography:
745 2669 42 38 p.
815 2660 218 40 235-241.

268 2725 53 53 ©
349 2731 115 45 July
489 2729 69 46 26,
588 2729 139 45 1935;
757 2730 67 38 2c.
853 2731 95 37 and
976 2729 80 38 aff.
1086 2730 116 45 July
1229 2729 83 45 29;
1344 2729 40 38 A
1413 2727 169 46 85249;
1615 2728 138 46 Benj.
1783 2729 58 37 H.
1875 2729 218 38 Sanborn
2122 2728 36 38 &
2188 2739 67 28 co.

347 2786 280 47 (35-12634)

268 2885 257 65 Winton,
551 2887 256 52 Andrew
835 2885 256 65 Lincoln,
1123 2893 170 48 1864-

337 2965 120 51 The
506 2969 280 49 structure
837 2964 110 52 and
998 2964 374 66 composition
1422 2963 62 52 of
1533 2963 184 67 foods,
1766 2963 75 66 by
1888 2962 251 53 Andrew
2188 2963 63 51 L.

265 3039 1987 68 Winton … and Kate Barber Winton … Volume 2. Vegetables,
265 3120 265 66 legumes,
565 3119 189 52 fruits.
822 3120 161 53 With
1019 3122 99 49 303
1153 3118 377 52 illustrations
1564 3119 73 66 by
1670 3118 95 52 the
1799 3119 249 51 authors.
2113 3118 137 53 New

267 3196 178 66 York,
480 3198 55 53 J.
568 3197 190 66 Wiley
794 3200 44 50 &
871 3215 145 47 sons,
1049 3198 106 51 inc.;
1225 3196 256 66 London,
1518 3195 299 68 Chapman
1851 3198 46 51 &
1930 3196 160 66 Hall,
265 3197 1960 143 limited,
431 3278 150 49 1935.

337 3344 1328 51 2 p. l. , iii-xiv p., 1 l., 904 p. illus., diagrs. 23½ cm .
331 3402 413 49 Bibliographical
770 3402 274 41 foot-notes.

264 3467 53 53 ©
347 3472 117 47 Aug.
496 3472 39 48 8,
567 3471 112 41 1935;
738 3471 66 40 2c.
837 3472 118 47 Aug.
985 3471 82 47 10;
1102 3471 82 40 aff.
1214 3470 119 48 Aug.
1365 3471 82 46 16;
1480 3471 41 38 A
1550 3470 142 41 85510
1693 3483 3 14 1
1710 3480 10 36 ;
1753 3470 52 40 A.
1839 3470 49 39 L.
1922 3469 196 41 Winton
2152 3469 95 39 and

333 3529 129 39 Kate
487 3530 185 39 Barber
699 3528 209 42 Winton,
936 3527 197 47 Wilton,
1160 3528 145 40 Conn.

262 3631 363 63 Woodward,
658 3632 242 63 George,
934 3636 168 49 1863-

328 3707 121 52 The
474 3707 261 52 memoirs
759 3706 63 52 of
848 3726 29 33 a
903 3705 276 54 mediocre
1205 3723 148 47 man,
1378 3704 74 68 by
1476 3703 216 68 George
1716 3701 359 68 Woodward,
2157 3743 10 12 M.
2230 3745 10 10 D.

261 3782 421 68 Philadelphia,
717 3783 206 51 Harris
956 3784 45 49 &
1036 3780 321 67 Partridge,
1389 3783 125 64 inc.,
1551 3783 149 48 1935.

329 3852 1167 50 4 p. l. , 7-216, [1] p. front. (ports.) 18½ cm .
260 3921 53 53 ©
338 3926 126 39 June
488 3925 69 48 25,
583 3925 139 46 1935;
749 3926 67 40 2c.
841 3926 94 39 and
961 3924 81 41 aff.
1071 3925 124 39 June
1219 3925 81 46 28;
1331 3925 39 38 A
1396 3923 169 47 84453;
1596 3923 50 41 G.
1674 3922 302 47 Woodward,
330 3919 1892 112 Philadelphia.
531 3981 278 49 (35-12172)
