2519 4377
1035 4079 130 48 1393

113 427 314 54 American
455 428 112 53 law
596 427 297 55 institute.

183 503 388 53 Restatement
605 503 65 52 of
702 505 96 51 the
831 504 109 52 law
975 502 64 54 of
1072 503 225 54 conflict
1331 503 64 52 of
1429 506 154 64 laws,
1619 522 59 36 as
1714 504 247 68 adopted
1997 505 111 53 and

114 581 397 69 promulgated
540 582 76 68 by
647 582 95 53 the
773 582 306 53 American
1110 582 110 53 law
1251 582 278 67 institute,
1559 581 334 68 containing

113 584 1971 144 Pennsylvania
398 660 379 67 annotations,
802 661 280 65 prepared
1106 661 181 51 under
1312 660 95 52 the
1432 659 254 68 auspices

1713 659 64 53 of
1802 661 96 51 the
113 662 1971 143 Pennsylvania
408 737 103 52 bar
547 737 353 54 association.
974 736 82 55 St.
1095 738 165 65 Paul,
1295 738 203 66 Minn.,

1534 738 305 53 American
1876 737 111 54 law
111 738 1972 130 institute
338 815 338 67 publishers,
708 819 150 50 1936.

184 887 62 49 vi,
279 887 85 41 175
394 899 43 37 p.
496 887 55 41 23½cm.

185 945 160 48 Paged
371 944 342 49 continuously;
769 956 43 32 v.
837 945 27 40 2
891 945 88 40 has
1006 944 270 42 cover-title
1304 945 124 49 only.

184 1002 171 40 Issued
384 1003 103 39 also
517 1012 53 29 as
597 1003 173 47 pocket
798 1002 304 48 supplement
1129 1002 78 40 for
1236 1012 85 30 use
1351 1003 121 39 with
1498 1002 82 40 the
1610 1003 275 39 Institute's
1914 1004 195 47 general

115 1058 204 41 treatise
344 1069 59 30 on
430 1059 81 40 the
539 1060 336 40 Restatement
898 1059 52 40 of
976 1060 81 39 the
1082 1060 96 39 law
1204 1059 51 39 of
1282 1059 195 40 conflict
1500 1059 50 40 of
1576 1061 136 39 laws.

111 1113 55 52 ©
200 1119 112 45 May
347 1118 67 42 18,
449 1117 140 42 1936;
627 1118 68 40 2c.
731 1117 95 39 and
860 1117 80 39 aff.
978 1118 127 39 June
1139 1117 80 41 15;
1255 1117 40 39 A
1331 1116 171 47 94968;
1540 1117 160 40 Amer.
1736 1116 95 39 law
1868 1116 242 48 institute,

181 1173 354 48 Philadelphia.
593 1173 280 48 (36-21782)

181 1262 388 53 Restatement
595 1262 64 53 of
684 1262 95 53 the
804 1262 111 53 law
941 1261 64 54 of
1030 1267 298 62 contracts,
1356 1280 58 34 as
1442 1263 247 66 adopted
1717 1263 112 52 and

112 1262 1970 146 promulgated
315 1339 73 69 by
419 1340 95 53 the
545 1339 306 54 American
880 1341 110 52 law
1020 1340 277 68 institute,
1330 1339 333 68 containing

1696 1340 284 56 Colorado
112 1359 1973 128 annotations,
453 1419 282 67 prepared
776 1420 180 51 under
995 1419 95 52 the
1131 1417 277 53 direction
1448 1417 63 53 of
1550 1418 268 53 Frederic
1858 1420 251 51 Putnam

113 1495 1934 69 Storke … under the auspices of the Denver bar association …
114 1573 83 57 St.
227 1575 164 66 Paul,
421 1574 306 54 American
757 1576 110 53 law
896 1574 261 54 institute
1183 1574 338 68 publishers,
1554 1578 148 50 1936.

183 1649 27 39 2
237 1661 42 30 v.
307 1648 50 40 in
386 1650 40 39 1.
486 1648 55 41 23½cm.

184 1706 161 47 Paged
373 1706 340 47 continuously;
770 1718 42 28 v.
840 1706 27 39 2
895 1707 87 38 has
1010 1704 270 42 cover-title
1305 1705 126 47 only.

184 1762 171 40 Issued
383 1762 102 40 also
511 1772 55 30 as
595 1763 172 47 pocket
797 1762 303 48 supplement
1129 1761 78 40 for
1238 1771 84 31 use
1351 1761 120 40 with
1500 1762 81 40 the
1610 1760 275 41 Institute’s
1914 1762 194 47 general

113 1819 201 41 treatise
342 1830 59 29 on
429 1820 82 40 the
539 1820 337 40 Restatement
902 1820 52 39 of
982 1820 81 40 the
1089 1821 95 38 law
1210 1819 52 40 of
1286 1820 259 39 contracts.

113 1873 52 53 ©
200 1878 114 46 May
345 1878 69 40 18.
450 1877 140 47 1936;
627 1877 68 40 2c.
730 1877 95 39 and
862 1877 82 41 aff.
982 1878 125 39 June
1140 1877 81 46 15;
1259 1877 40 38 A
1333 1875 172 47 94967;
1542 1876 158 39 Amer.
1739 1876 95 38 law
1868 1874 241 47 institute,

181 1933 353 49 Philadelphia.
593 1933 280 48 (36-21784)

109 2020 232 67 Balcke,
370 2023 185 65 Hans,
588 2028 172 49 1894-

181 2099 253 53 Wärme-
475 2099 116 52 und
634 2097 603 67 kälteschutztechnik,
1272 2116 111 34 von
1422 2096 229 68 dr.-ing.
1692 2097 166 52 Hans
1898 2096 212 52 Balcke

174 2173 1925 71 … Mit 54 abbildungen und 33 tafeln im text. Halle (Saale)
113 2253 88 58 W.
237 2254 236 68 Knapp,
508 2257 151 50 1936.

185 2329 83 46 xii,
298 2329 85 39 168
405 2339 43 37 p.
474 2329 110 40 incl.
607 2327 143 49 illus.,
777 2329 170 47 tables,
973 2328 179 47 diagrs.
1204 2327 146 40 24½cm.
1414 2327 195 49 (Added
1634 2328 121 48 t.-p.:
1776 2327 172 48 Kohle,
1974 2327 136 50 koks,

115 2387 101 37 teer;
272 2385 372 46 abhandlungen
668 2395 86 29 zur
779 2383 167 48 praxis
973 2385 84 39 der
1086 2382 301 50 gewinnung,
1414 2384 293 48 Veredelung
1730 2394 45 29 u.
1802 2385 310 47 Verwertung

113 2440 666 48 der brennstoffe. p d. 34)
113 2493 51 53 ©
189 2498 121 39 Mar.
335 2498 70 46 23,
431 2497 112 40 1936;
626 2508 38 30 1c.
691 2498 125 39 June
840 2498 25 40 3;
920 2496 312 48 A-Foreign
1253 2497 171 48 32068;
1454 2497 227 41 Wilhelm
1709 2498 190 48 Knapp.

192 2554 279 48 (36-22044)

111 2642 255 66 Bandas,
391 2644 271 64 Rudolph
689 2644 244 64 George.

184 2722 244 52 Biblical
454 2720 299 68 questions,
818 2722 222 52 volume
1068 2725 46 49 2.
1146 2722 137 52 New
1309 2724 342 50 Testament.
1716 2724 91 65 By
1834 2722 275 67 Rudolph

113 2799 1993 68 G. Bandas … Paterson, N. J., St. Anthony guild press, 1936.
180 2870 701 50 2 p. l., vii-viii, 297 p. 21½cm.
112 2925 53 52 ©
193 2928 109 41 Feb.
331 2929 67 46 10,
429 2928 112 41 1936;
599 2929 67 39 2c.
698 2931 121 40 Mar.
847 2929 83 46 28;
962 2927 81 43 aff.
1077 2929 125 47 Sept.
1233 2928 82 48 22;
1347 2930 41 38 A
1416 2929 171 47 93445;
1620 2929 55 40 R,
1710 2929 53 40 G.
1793 2928 214 48 Bandas,
2040 2930 66 41 St.

183 2986 136 39 Paul.

109 3059 293 65 Barrière,
428 3060 220 56 Pierre.

243 3135 1858 70 … La vie intellectuelle en Périgord, 1550-1800. [Bordeaux]
111 3212 436 68 Delmas [1 936]
179 3281 750 51 3 p. l., 3-587 p., 1 l. 25 ½ cm.
182 3338 231 41 “Sources
448 3340 472 49 bibliographiques”:
986 3354 43 37 p.
1082 3344 40 47 [7]

110 3400 1836 58 © July 20, 1936; 1c. Aug. 27; A- Foreign 32874; Éditions Delmas.
191 3462 279 47 (36-22363)

109 3536 237 64 Batten,
372 3538 200 65 Harry
596 3540 328 66 Mortimer,
954 3548 170 51 1888-

184 3614 282 53 Tameless
504 3616 109 52 and
647 3615 187 68 swift;
868 3637 31 34 a
928 3618 148 53 book
1107 3619 63 53 of
1200 3620 212 52 animal
1445 3621 217 64 stories,

113 3618 1966 148 by H. Mortimer Batten … London and Edinburgh, W. & R.
1782 3695 327 67 Chambers,

113 3766 222 54 limited
428 3771 117 64 [1936]

183 3839 81 48 vii,
296 3860 70 29 [1],
395 3841 85 40 176
508 3853 41 36 p.
579 3842 110 41 incl.
715 3843 164 49 front.,
907 3845 169 47 plates.
1134 3846 57 41 20½cm.

184 3895 246 46 “Original
463 3896 197 44 edition.
692 3898 156 41 1936.”

109 3946 1999 65 © 1c. Sept. 14, 1936; A ad int. 21873; pubd. Aug. 15; W. & R. Chambers,
179 4008 84 40 ltd.
320 4009 277 46 (36-23003)
