<alto xmlns="http://www.loc.gov/standards/alto/ns-v3#" xmlns:xsi="http://www.w3.org/2001/XMLSchema-instance" xsi:schemaLocation="http://www.loc.gov/standards/alto/ns-v3# http://www.loc.gov/alto/v3/alto-3-0.xsd"><Description>
<MeasurementUnit>pixel</MeasurementUnit>
<sourceImageInformation>
<fileName>1936_v33_Part1.pdf</fileName>
</sourceImageInformation>
<OCRProcessing ID="IdOcr">
<ocrProcessingStep>
<processingDateTime>2019-01-18</processingDateTime>
<processingSoftware>
<softwareCreator>ABBYY</softwareCreator>
<softwareName>ABBYY Recognition Server</softwareName>
<softwareVersion>4.0</softwareVersion>
</processingSoftware>
</ocrProcessingStep>
</OCRProcessing>
</Description>
<Styles>
<ParagraphStyle ALIGN="Left" FIRSTLINE="0." ID="StyleId-FFFFFFFF-FFFF-FFFF-FFFF-FFFFFFFFFFFF-" LEFT="0." RIGHT="0." />
<ParagraphStyle ALIGN="Left" FIRSTLINE="0." ID="StyleId-51D50FAC-7A90-4D70-8A96-5EA9D46D1C8B-" LEFT="0." LINESPACE="7.699999809" RIGHT="0." />
<ParagraphStyle ALIGN="Block" FIRSTLINE="-17." ID="StyleId-6BC133E9-7DCB-43C3-8842-A67984A26405-" LEFT="0." LINESPACE="8.340000153" RIGHT="0." />
<ParagraphStyle ALIGN="Left" FIRSTLINE="-13." ID="StyleId-3C3FF860-43E7-46A2-8934-48F305F6F0D6-" LEFT="0." LINESPACE="11.06999969" RIGHT="0." />
<ParagraphStyle ALIGN="Block" FIRSTLINE="-13." ID="StyleId-19220C76-4F8A-4737-B38C-B5F5C17E6040-" LEFT="0." LINESPACE="11.06999969" RIGHT="0." />
<ParagraphStyle ALIGN="Left" FIRSTLINE="0." ID="StyleId-75A0D721-13ED-4F20-9002-B389EC48477D-" LEFT="0." LINESPACE="15.5" RIGHT="0." />
<ParagraphStyle ALIGN="Left" FIRSTLINE="0." ID="StyleId-8A414184-C7A5-4AC7-9B88-7DA4DDE75922-" LEFT="0." LINESPACE="9.399999619" RIGHT="0." />
<ParagraphStyle ALIGN="Left" FIRSTLINE="0." ID="StyleId-1A87970B-111C-4169-99A6-9412976F3C97-" LEFT="0." LINESPACE="10.5" RIGHT="0." />
<ParagraphStyle ALIGN="Block" FIRSTLINE="-17." ID="StyleId-72DB0571-5AE4-41FD-9E11-68C6AC4C437E-" LEFT="0." LINESPACE="8.340000153" RIGHT="0." />
<ParagraphStyle ALIGN="Center" FIRSTLINE="0." ID="StyleId-1AA43056-C388-4697-B10F-72FDAA38FAE1-" LEFT="0." LINESPACE="10.5" RIGHT="0." />
</Styles>
<Layout>
<Page HEIGHT="4377" ID="Page1792" PHYSICAL_IMG_NR="1792" WIDTH="2519">
<TopMargin HEIGHT="382" HPOS="0" VPOS="0" WIDTH="2519">
</TopMargin>
<LeftMargin HEIGHT="3770" HPOS="0" VPOS="382" WIDTH="360">
</LeftMargin>
<RightMargin HEIGHT="3770" HPOS="2406" VPOS="382" WIDTH="113">
</RightMargin>
<BottomMargin HEIGHT="225" HPOS="0" VPOS="4152" WIDTH="2519">
</BottomMargin>
<PrintSpace HEIGHT="3770" HPOS="360" VPOS="382" WIDTH="2046">
<TextBlock HEIGHT="72" HPOS="1306" ID="Page1792_Block1" LANG="en-US" STYLEREFS="StyleId-651B988A-D8D2-455F-99E1-A52FF8219BC8-" VPOS="4080" WIDTH="150">
<TextLine HEIGHT="51" HPOS="1316" VPOS="4090" WIDTH="130">
<String CONTENT="1702" HEIGHT="51" HPOS="1316" VPOS="4090" WIDTH="130" />
</TextLine>
</TextBlock>
<TextBlock CS="1" HEIGHT="3704" HPOS="360" ID="Page1792_Block2" LANG="en-US" STYLEREFS="StyleId-C952A38C-5BA7-4ED8-BF64-88506806FEEE-" VPOS="382" WIDTH="2046">
<TextLine CS="1" HEIGHT="67" HPOS="395" STYLEREFS="StyleId-D12A1771-04E3-4C52-A287-C1AAE7B0F465-" VPOS="392" WIDTH="1027">
<String CONTENT="[Stokes," CS="1" HEIGHT="66" HPOS="395" VPOS="392" WIDTH="234" />
<SP HEIGHT="65" HPOS="630" VPOS="393" WIDTH="28" />
<String CONTENT="Francis" HEIGHT="54" HPOS="659" VPOS="392" WIDTH="250" />
<SP HEIGHT="54" HPOS="910" VPOS="393" WIDTH="25" />
<String CONTENT="William]" CS="1" HEIGHT="55" HPOS="936" VPOS="392" WIDTH="258" />
<SP HEIGHT="59" HPOS="1213" VPOS="400" WIDTH="35" />
<String CONTENT="1883-" HEIGHT="50" HPOS="1249" VPOS="399" WIDTH="173" />
</TextLine>
<TextLine CS="1" HEIGHT="71" HPOS="442" STYLEREFS="StyleId-D12A1771-04E3-4C52-A287-C1AAE7B0F465-" VPOS="469" WIDTH="1925">
<String CONTENT="Murder" HEIGHT="54" HPOS="442" VPOS="470" WIDTH="243" />
<SP HEIGHT="34" HPOS="686" VPOS="489" WIDTH="29" />
<String CONTENT="may" HEIGHT="49" HPOS="716" VPOS="488" WIDTH="134" />
<SP HEIGHT="49" HPOS="851" VPOS="488" WIDTH="32" />
<String CONTENT="pass" HEIGHT="49" HPOS="884" VPOS="488" WIDTH="132" />
<SP HEIGHT="35" HPOS="1017" VPOS="488" WIDTH="32" />
<String CONTENT="unpunished," HEIGHT="69" HPOS="1050" VPOS="469" WIDTH="385" />
<SP HEIGHT="67" HPOS="1436" VPOS="471" WIDTH="32" />
<String CONTENT="by" HEIGHT="68" HPOS="1469" VPOS="471" WIDTH="75" />
<SP HEIGHT="67" HPOS="1545" VPOS="472" WIDTH="33" />
<String CONTENT="Francis" HEIGHT="55" HPOS="1579" VPOS="470" WIDTH="241" />
<SP HEIGHT="53" HPOS="1821" VPOS="472" WIDTH="34" />
<String CONTENT="Everton" HEIGHT="54" HPOS="1856" VPOS="472" WIDTH="256" />
<SP HEIGHT="50" HPOS="2113" VPOS="490" WIDTH="40" />
<String CONTENT="[pseud.]" CS="1" HEIGHT="68" HPOS="2176" VPOS="472" WIDTH="191" />
</TextLine>
<TextLine HEIGHT="71" HPOS="372" STYLEREFS="StyleId-D12A1771-04E3-4C52-A287-C1AAE7B0F465-" VPOS="546" WIDTH="1678">
<String CONTENT="London," HEIGHT="66" HPOS="372" VPOS="549" WIDTH="259" />
<SP HEIGHT="65" HPOS="632" VPOS="550" WIDTH="31" />
<String CONTENT="Pub." HEIGHT="54" HPOS="664" VPOS="548" WIDTH="144" />
<SP HEIGHT="53" HPOS="809" VPOS="549" WIDTH="33" />
<String CONTENT="for" HEIGHT="53" HPOS="843" VPOS="549" WIDTH="96" />
<SP HEIGHT="48" HPOS="940" VPOS="553" WIDTH="29" />
<String CONTENT="the" HEIGHT="53" HPOS="970" VPOS="549" WIDTH="96" />
<SP HEIGHT="55" HPOS="1067" VPOS="549" WIDTH="33" />
<String CONTENT="Crime" HEIGHT="58" HPOS="1101" VPOS="546" WIDTH="191" />
<SP HEIGHT="35" HPOS="1293" VPOS="567" WIDTH="30" />
<String CONTENT="club" HEIGHT="53" HPOS="1324" VPOS="549" WIDTH="130" />
<SP HEIGHT="54" HPOS="1455" VPOS="549" WIDTH="28" />
<String CONTENT="by" HEIGHT="55" HPOS="1484" VPOS="550" WIDTH="76" />
<SP HEIGHT="55" HPOS="1561" VPOS="550" WIDTH="33" />
<String CONTENT="Collins" HEIGHT="55" HPOS="1595" VPOS="550" WIDTH="222" />
<SP HEIGHT="49" HPOS="1818" VPOS="568" WIDTH="36" />
<String CONTENT="[" HEIGHT="34" HPOS="1855" VPOS="583" WIDTH="13" />
<String CONTENT="c" HEIGHT="22" HPOS="1872" STYLE="superscript" VPOS="555" WIDTH="20" />
<String CONTENT="1936]" HEIGHT="64" HPOS="1896" VPOS="553" WIDTH="154" />
</TextLine>
<TextLine CS="1" HEIGHT="51" HPOS="439" VPOS="617" WIDTH="338">
<String CONTENT="284" HEIGHT="41" HPOS="439" LANG="en-US" VPOS="619" WIDTH="88" />
<SP HEIGHT="49" HPOS="528" VPOS="619" WIDTH="24" />
<String CONTENT="p." HEIGHT="39" HPOS="553" LANG="en-US" VPOS="629" WIDTH="45" />
<SP HEIGHT="41" HPOS="599" VPOS="618" WIDTH="59" />
<String CONTENT="19cm." CS="1" HEIGHT="43" HPOS="659" LANG="fr" VPOS="617" WIDTH="118" />
</TextLine>
<TextLine CS="1" HEIGHT="109" HPOS="372" VPOS="688" WIDTH="2001">
<String CONTENT="&#169;" HEIGHT="53" HPOS="372" VPOS="688" WIDTH="53" />
<SP />
<String CONTENT="1c." CS="1" />
<SP HEIGHT="38" HPOS="520" VPOS="693" WIDTH="31" />
<String CONTENT="Dec." HEIGHT="39" HPOS="552" VPOS="693" WIDTH="115" />
<SP HEIGHT="41" HPOS="668" VPOS="691" WIDTH="28" />
<String CONTENT="1," HEIGHT="49" HPOS="697" VPOS="691" WIDTH="40" />
<SP HEIGHT="49" HPOS="738" VPOS="691" WIDTH="24" />
<String CONTENT="1936:" HEIGHT="43" HPOS="763" VPOS="690" WIDTH="143" />
<SP HEIGHT="41" HPOS="907" VPOS="692" WIDTH="30" />
<String CONTENT="A" HEIGHT="39" HPOS="938" VPOS="692" WIDTH="40" />
<SP HEIGHT="39" HPOS="979" VPOS="692" WIDTH="28" />
<String CONTENT="ad" HEIGHT="40" HPOS="1008" VPOS="691" WIDTH="63" />
<SP HEIGHT="40" HPOS="1072" VPOS="691" WIDTH="27" />
<String CONTENT="int." HEIGHT="40" HPOS="1100" VPOS="691" WIDTH="87" />
<SP HEIGHT="40" HPOS="1188" VPOS="691" WIDTH="29" />
<String CONTENT="22125;" HEIGHT="49" HPOS="1218" VPOS="690" WIDTH="172" />
<SP HEIGHT="38" HPOS="1391" VPOS="702" WIDTH="31" />
<String CONTENT="pubd." HEIGHT="48" HPOS="1423" VPOS="692" WIDTH="144" />
<SP HEIGHT="41" HPOS="1568" VPOS="692" WIDTH="30" />
<String CONTENT="Oct." HEIGHT="41" HPOS="1599" VPOS="692" WIDTH="104" />
<SP HEIGHT="41" HPOS="1704" VPOS="692" WIDTH="28" />
<String CONTENT="5;" HEIGHT="48" HPOS="1733" VPOS="692" WIDTH="53" />
<SP HEIGHT="47" HPOS="1787" VPOS="693" WIDTH="33" />
<String CONTENT="F." HEIGHT="40" HPOS="1821" LANG="fr" VPOS="693" WIDTH="52" />
<SP HEIGHT="41" HPOS="1874" VPOS="693" WIDTH="29" />
<String CONTENT="W." HEIGHT="41" HPOS="1904" VPOS="693" WIDTH="73" />
<SP HEIGHT="40" HPOS="1978" VPOS="694" WIDTH="34" />
<String CONTENT="Stokes," HEIGHT="46" HPOS="2013" VPOS="694" WIDTH="185" />
<SP HEIGHT="44" HPOS="2199" VPOS="696" WIDTH="32" />
<String CONTENT="Mansfield," HEIGHT="101" HPOS="372" VPOS="696" WIDTH="2001" />
</TextLine>
<TextLine HEIGHT="49" HPOS="530" VPOS="748" WIDTH="597">
<String CONTENT="England." HEIGHT="48" HPOS="530" VPOS="748" WIDTH="239" />
<SP HEIGHT="49" HPOS="770" VPOS="748" WIDTH="73" />
<String CONTENT="(36-36001)" HEIGHT="49" HPOS="844" VPOS="748" WIDTH="283" />
</TextLine>
<TextLine HEIGHT="67" HPOS="372" STYLEREFS="StyleId-DC896D18-FE6E-41BD-AFA8-25AD650A21D8-" VPOS="851" WIDTH="1272">
<String CONTENT="Sullivan," HEIGHT="66" HPOS="372" VPOS="852" WIDTH="284" />
<SP HEIGHT="66" HPOS="657" VPOS="852" WIDTH="23" />
<String CONTENT="William" HEIGHT="56" HPOS="681" VPOS="851" WIDTH="258" />
<SP HEIGHT="52" HPOS="940" VPOS="853" WIDTH="23" />
<String CONTENT="Laurence," HEIGHT="63" HPOS="964" VPOS="853" WIDTH="323" />
<SP HEIGHT="57" HPOS="1288" VPOS="859" WIDTH="27" />
<String CONTENT="1872-1935." HEIGHT="54" HPOS="1316" VPOS="855" WIDTH="328" />
</TextLine>
<TextLine HEIGHT="71" HPOS="444" STYLEREFS="StyleId-D12A1771-04E3-4C52-A287-C1AAE7B0F465-" VPOS="928" WIDTH="1950">
<String CONTENT="Epigrams" HEIGHT="71" HPOS="444" VPOS="928" WIDTH="317" />
<SP HEIGHT="36" HPOS="762" VPOS="948" WIDTH="27" />
<String CONTENT="and" HEIGHT="53" HPOS="790" VPOS="930" WIDTH="114" />
<SP HEIGHT="53" HPOS="905" VPOS="930" WIDTH="27" />
<String CONTENT="criticisms" HEIGHT="57" HPOS="933" VPOS="928" WIDTH="303" />
<SP HEIGHT="54" HPOS="1237" VPOS="931" WIDTH="26" />
<String CONTENT="in" HEIGHT="54" HPOS="1264" VPOS="931" WIDTH="62" />
<SP HEIGHT="34" HPOS="1327" VPOS="949" WIDTH="28" />
<String CONTENT="miniature," HEIGHT="70" HPOS="1356" VPOS="929" WIDTH="329" />
<SP HEIGHT="68" HPOS="1686" VPOS="931" WIDTH="25" />
<String CONTENT="by" HEIGHT="68" HPOS="1712" VPOS="931" WIDTH="76" />
<SP HEIGHT="68" HPOS="1789" VPOS="931" WIDTH="22" />
<String CONTENT="William" HEIGHT="55" HPOS="1812" VPOS="930" WIDTH="265" />
<SP HEIGHT="53" HPOS="2078" VPOS="932" WIDTH="25" />
<String CONTENT="Laurence" HEIGHT="55" HPOS="2104" VPOS="932" WIDTH="290" />
</TextLine>
<TextLine CS="1" HEIGHT="74" HPOS="375" STYLEREFS="StyleId-D12A1771-04E3-4C52-A287-C1AAE7B0F465-" VPOS="1006" WIDTH="2015">
<String CONTENT="Sullivan" HEIGHT="58" HPOS="375" VPOS="1006" WIDTH="266" />
<SP HEIGHT="35" HPOS="642" VPOS="1026" WIDTH="41" />
<String CONTENT="&#8230;" CS="1" />
<SP HEIGHT="53" HPOS="741" VPOS="1009" WIDTH="76" />
<String CONTENT="Philadelphia," HEIGHT="69" HPOS="818" VPOS="1008" WIDTH="431" />
<SP HEIGHT="68" HPOS="1250" VPOS="1009" WIDTH="34" />
<String CONTENT="Unversity" HEIGHT="70" HPOS="1285" VPOS="1008" WIDTH="318" />
<SP HEIGHT="50" HPOS="1604" VPOS="1028" WIDTH="35" />
<String CONTENT="of" HEIGHT="55" HPOS="1640" VPOS="1008" WIDTH="64" />
<SP HEIGHT="54" HPOS="1705" VPOS="1008" WIDTH="33" />
<String CONTENT="Pennsylvania" HEIGHT="69" HPOS="1739" VPOS="1010" WIDTH="433" />
<SP HEIGHT="50" HPOS="2173" VPOS="1030" WIDTH="31" />
<String CONTENT="press;" HEIGHT="51" HPOS="2205" VPOS="1029" WIDTH="185" />
</TextLine>
<TextLine HEIGHT="71" HPOS="374" STYLEREFS="StyleId-D12A1771-04E3-4C52-A287-C1AAE7B0F465-" VPOS="1085" WIDTH="1686">
<String CONTENT="London," HEIGHT="66" HPOS="374" VPOS="1087" WIDTH="260" />
<SP HEIGHT="67" HPOS="635" VPOS="1086" WIDTH="30" />
<String CONTENT="H." HEIGHT="53" HPOS="666" VPOS="1086" WIDTH="77" />
<SP HEIGHT="53" HPOS="744" VPOS="1086" WIDTH="31" />
<String CONTENT="Milford," HEIGHT="69" HPOS="776" VPOS="1086" WIDTH="271" />
<SP HEIGHT="69" HPOS="1048" VPOS="1086" WIDTH="31" />
<String CONTENT="Oxford" HEIGHT="56" HPOS="1080" VPOS="1086" WIDTH="233" />
<SP HEIGHT="53" HPOS="1314" VPOS="1087" WIDTH="30" />
<String CONTENT="university" HEIGHT="71" HPOS="1345" VPOS="1085" WIDTH="322" />
<SP HEIGHT="50" HPOS="1668" VPOS="1106" WIDTH="29" />
<String CONTENT="press," HEIGHT="49" HPOS="1698" VPOS="1107" WIDTH="177" />
<SP HEIGHT="64" HPOS="1876" VPOS="1092" WIDTH="30" />
<String CONTENT="1936." HEIGHT="51" HPOS="1907" VPOS="1091" WIDTH="153" />
</TextLine>
<TextLine CS="1" HEIGHT="51" HPOS="443" STYLEREFS="StyleId-D12A1771-04E3-4C52-A287-C1AAE7B0F465-" VPOS="1159" WIDTH="506">
<String CONTENT="xiv," HEIGHT="46" HPOS="443" VPOS="1161" WIDTH="97" />
<SP HEIGHT="46" HPOS="541" VPOS="1161" WIDTH="33" />
<String CONTENT="156" HEIGHT="41" HPOS="575" VPOS="1161" WIDTH="88" />
<SP HEIGHT="49" HPOS="664" VPOS="1161" WIDTH="29" />
<String CONTENT="p." HEIGHT="38" HPOS="694" VPOS="1172" WIDTH="45" />
<SP HEIGHT="43" HPOS="740" VPOS="1159" WIDTH="60" />
<String CONTENT="22&#189;" CS="1" HEIGHT="42" HPOS="801" VPOS="1159" WIDTH="60" />
<String CONTENT="cm" HEIGHT="22" HPOS="891" STYLE="superscript" VPOS="1163" WIDTH="45" />
<String CONTENT="." HEIGHT="9" HPOS="941" VPOS="1192" WIDTH="8" />
</TextLine>
<TextLine CS="1" HEIGHT="109" HPOS="375" VPOS="1228" WIDTH="2002">
<String CONTENT="&#169;" HEIGHT="53" HPOS="375" VPOS="1228" WIDTH="52" />
<SP HEIGHT="53" HPOS="428" VPOS="1228" WIDTH="28" />
<String CONTENT="Nov." HEIGHT="40" HPOS="457" VPOS="1233" WIDTH="119" />
<SP HEIGHT="41" HPOS="577" VPOS="1232" WIDTH="29" />
<String CONTENT="13," HEIGHT="49" HPOS="607" VPOS="1231" WIDTH="70" />
<SP HEIGHT="48" HPOS="678" VPOS="1232" WIDTH="28" />
<String CONTENT="1936;" CS="1" HEIGHT="41" HPOS="707" VPOS="1230" WIDTH="117" />
<SP HEIGHT="48" HPOS="851" VPOS="1230" WIDTH="31" />
<String CONTENT="2c." HEIGHT="41" HPOS="883" VPOS="1230" WIDTH="67" />
<SP HEIGHT="29" HPOS="951" VPOS="1241" WIDTH="30" />
<String CONTENT="and" HEIGHT="40" HPOS="982" VPOS="1231" WIDTH="97" />
<SP HEIGHT="40" HPOS="1080" VPOS="1231" WIDTH="28" />
<String CONTENT="aff." HEIGHT="41" HPOS="1109" VPOS="1231" WIDTH="83" />
<SP HEIGHT="40" HPOS="1193" VPOS="1232" WIDTH="28" />
<String CONTENT="Nov." HEIGHT="39" HPOS="1222" VPOS="1232" WIDTH="119" />
<SP HEIGHT="40" HPOS="1342" VPOS="1231" WIDTH="29" />
<String CONTENT="23;" CS="1" HEIGHT="41" HPOS="1372" VPOS="1230" WIDTH="57" />
<SP HEIGHT="47" HPOS="1457" VPOS="1232" WIDTH="31" />
<String CONTENT="A" HEIGHT="39" HPOS="1489" VPOS="1232" WIDTH="43" />
<SP HEIGHT="41" HPOS="1533" VPOS="1231" WIDTH="25" />
<String CONTENT="99987;" CS="1" HEIGHT="42" HPOS="1559" VPOS="1230" WIDTH="146" />
<SP HEIGHT="47" HPOS="1733" VPOS="1233" WIDTH="30" />
<String CONTENT="University" HEIGHT="49" HPOS="1764" VPOS="1231" WIDTH="286" />
<SP HEIGHT="36" HPOS="2051" VPOS="1244" WIDTH="31" />
<String CONTENT="of" HEIGHT="40" HPOS="2083" VPOS="1233" WIDTH="52" />
<SP HEIGHT="40" HPOS="2136" VPOS="1233" WIDTH="30" />
<String CONTENT="Pennsylvania" HEIGHT="95" HPOS="443" VPOS="1234" WIDTH="1934" />
<SP HEIGHT="37" HPOS="592" VPOS="1300" WIDTH="23" />
<String CONTENT="press." HEIGHT="38" HPOS="616" VPOS="1299" WIDTH="153" />
<SP HEIGHT="47" HPOS="770" VPOS="1289" WIDTH="66" />
<String CONTENT="(36-34594)" HEIGHT="50" HPOS="837" VPOS="1287" WIDTH="284" />
</TextLine>
<TextLine HEIGHT="67" HPOS="371" STYLEREFS="StyleId-D12A1771-04E3-4C52-A287-C1AAE7B0F465-" VPOS="1390" WIDTH="1265">
<String CONTENT="Thirkell," HEIGHT="67" HPOS="371" VPOS="1390" WIDTH="282" />
<SP HEIGHT="63" HPOS="654" VPOS="1394" WIDTH="24" />
<String CONTENT="Mrs." HEIGHT="52" HPOS="679" VPOS="1394" WIDTH="141" />
<SP HEIGHT="54" HPOS="821" VPOS="1391" WIDTH="25" />
<String CONTENT="Angela" HEIGHT="65" HPOS="847" VPOS="1391" WIDTH="232" />
<SP HEIGHT="65" HPOS="1080" VPOS="1392" WIDTH="29" />
<String CONTENT="(Mackail)" HEIGHT="67" HPOS="1110" VPOS="1390" WIDTH="318" />
<SP HEIGHT="64" HPOS="1429" VPOS="1392" WIDTH="33" />
<String CONTENT="1890-" HEIGHT="50" HPOS="1463" VPOS="1398" WIDTH="173" />
</TextLine>
<TextLine HEIGHT="71" HPOS="443" STYLEREFS="StyleId-D12A1771-04E3-4C52-A287-C1AAE7B0F465-" VPOS="1466" WIDTH="1945">
<String CONTENT="August" HEIGHT="69" HPOS="443" VPOS="1468" WIDTH="233" />
<SP HEIGHT="54" HPOS="677" VPOS="1468" WIDTH="46" />
<String CONTENT="folly;" HEIGHT="68" HPOS="724" VPOS="1468" WIDTH="179" />
<SP HEIGHT="49" HPOS="904" VPOS="1487" WIDTH="52" />
<String CONTENT="a" HEIGHT="34" HPOS="957" VPOS="1488" WIDTH="30" />
<SP HEIGHT="35" HPOS="988" VPOS="1487" WIDTH="46" />
<String CONTENT="novel" HEIGHT="52" HPOS="1035" VPOS="1469" WIDTH="166" />
<SP HEIGHT="53" HPOS="1202" VPOS="1468" WIDTH="45" />
<String CONTENT="by" HEIGHT="68" HPOS="1248" VPOS="1468" WIDTH="77" />
<SP HEIGHT="69" HPOS="1326" VPOS="1467" WIDTH="46" />
<String CONTENT="Angela" HEIGHT="70" HPOS="1373" VPOS="1467" WIDTH="227" />
<SP HEIGHT="52" HPOS="1601" VPOS="1469" WIDTH="46" />
<String CONTENT="Thirkell." HEIGHT="56" HPOS="1648" VPOS="1466" WIDTH="279" />
<SP HEIGHT="52" HPOS="1928" VPOS="1469" WIDTH="75" />
<String CONTENT="London," HEIGHT="67" HPOS="2004" VPOS="1469" WIDTH="259" />
<SP HEIGHT="67" HPOS="2264" VPOS="1469" WIDTH="47" />
<String CONTENT="H." HEIGHT="54" HPOS="2312" VPOS="1469" WIDTH="76" />
</TextLine>
<TextLine HEIGHT="70" HPOS="378" STYLEREFS="StyleId-D12A1771-04E3-4C52-A287-C1AAE7B0F465-" VPOS="1546" WIDTH="520">
<String CONTENT="Hamilton" HEIGHT="55" HPOS="378" VPOS="1546" WIDTH="304" />
<SP HEIGHT="50" HPOS="683" VPOS="1566" WIDTH="41" />
<String CONTENT="[1936]" HEIGHT="68" HPOS="725" VPOS="1548" WIDTH="173" />
</TextLine>
<TextLine CS="1" HEIGHT="51" HPOS="442" VPOS="1618" WIDTH="447">
<String CONTENT="318," HEIGHT="49" HPOS="442" VPOS="1619" WIDTH="101" />
<SP HEIGHT="32" HPOS="544" VPOS="1637" WIDTH="31" />
<String CONTENT="[1]" HEIGHT="51" HPOS="576" VPOS="1618" WIDTH="57" />
<SP HEIGHT="40" HPOS="634" VPOS="1629" WIDTH="30" />
<String CONTENT="p." HEIGHT="38" HPOS="665" VPOS="1629" WIDTH="44" />
<SP HEIGHT="42" HPOS="710" VPOS="1619" WIDTH="59" />
<String CONTENT="19cm." CS="1" HEIGHT="42" HPOS="770" VPOS="1618" WIDTH="119" />
</TextLine>
<TextLine CS="1" HEIGHT="56" HPOS="373" VPOS="1689" WIDTH="2020">
<String CONTENT="&#169;" HEIGHT="52" HPOS="373" VPOS="1689" WIDTH="52" />
<SP />
<String CONTENT="1c." CS="1" />
<SP HEIGHT="40" HPOS="531" VPOS="1693" WIDTH="38" />
<String CONTENT="Dec." HEIGHT="39" HPOS="570" VPOS="1693" WIDTH="115" />
<SP HEIGHT="40" HPOS="686" VPOS="1691" WIDTH="36" />
<String CONTENT="2," HEIGHT="48" HPOS="723" VPOS="1691" WIDTH="41" />
<SP HEIGHT="47" HPOS="765" VPOS="1692" WIDTH="35" />
<String CONTENT="1936;" HEIGHT="48" HPOS="801" VPOS="1691" WIDTH="142" />
<SP HEIGHT="46" HPOS="944" VPOS="1693" WIDTH="39" />
<String CONTENT="A" HEIGHT="38" HPOS="984" VPOS="1693" WIDTH="41" />
<SP HEIGHT="38" HPOS="1026" VPOS="1693" WIDTH="38" />
<String CONTENT="ad" HEIGHT="40" HPOS="1065" VPOS="1691" WIDTH="62" />
<SP HEIGHT="40" HPOS="1128" VPOS="1691" WIDTH="34" />
<String CONTENT="int." HEIGHT="42" HPOS="1163" VPOS="1691" WIDTH="89" />
<SP HEIGHT="42" HPOS="1253" VPOS="1691" WIDTH="37" />
<String CONTENT="22112;" HEIGHT="49" HPOS="1291" VPOS="1691" WIDTH="173" />
<SP HEIGHT="37" HPOS="1465" VPOS="1703" WIDTH="39" />
<String CONTENT="pubd." HEIGHT="48" HPOS="1505" VPOS="1692" WIDTH="143" />
<SP HEIGHT="42" HPOS="1649" VPOS="1692" WIDTH="41" />
<String CONTENT="Oct." HEIGHT="42" HPOS="1691" VPOS="1692" WIDTH="104" />
<SP HEIGHT="43" HPOS="1796" VPOS="1691" WIDTH="38" />
<String CONTENT="5;" HEIGHT="50" HPOS="1835" VPOS="1691" WIDTH="54" />
<SP HEIGHT="47" HPOS="1890" VPOS="1694" WIDTH="39" />
<String CONTENT="Angela" HEIGHT="47" HPOS="1930" VPOS="1694" WIDTH="189" />
<SP HEIGHT="38" HPOS="2120" VPOS="1696" WIDTH="35" />
<String CONTENT="Thirkell," HEIGHT="51" HPOS="2156" VPOS="1694" WIDTH="237" />
</TextLine>
<TextLine HEIGHT="49" HPOS="446" VPOS="1748" WIDTH="562">
<String CONTENT="London." HEIGHT="40" HPOS="446" VPOS="1749" WIDTH="213" />
<SP HEIGHT="48" HPOS="660" VPOS="1749" WIDTH="63" />
<String CONTENT="(36-36224)" HEIGHT="49" HPOS="724" VPOS="1748" WIDTH="284" />
</TextLine>
<TextLine HEIGHT="68" HPOS="371" STYLEREFS="StyleId-DC896D18-FE6E-41BD-AFA8-25AD650A21D8-" VPOS="1851" WIDTH="1115">
<String CONTENT="Thornton," HEIGHT="65" HPOS="371" VPOS="1854" WIDTH="328" />
<SP HEIGHT="64" HPOS="700" VPOS="1855" WIDTH="22" />
<String CONTENT="Mrs." HEIGHT="53" HPOS="723" VPOS="1855" WIDTH="140" />
<SP HEIGHT="52" HPOS="864" VPOS="1854" WIDTH="23" />
<String CONTENT="Margaret" HEIGHT="64" HPOS="888" VPOS="1854" WIDTH="310" />
<SP HEIGHT="64" HPOS="1199" VPOS="1854" WIDTH="30" />
<String CONTENT="(Waite)" HEIGHT="67" HPOS="1230" VPOS="1851" WIDTH="256" />
</TextLine>
<TextLine HEIGHT="71" HPOS="443" STYLEREFS="StyleId-D12A1771-04E3-4C52-A287-C1AAE7B0F465-" VPOS="1929" WIDTH="1952">
<String CONTENT="The" HEIGHT="53" HPOS="443" VPOS="1930" WIDTH="125" />
<SP HEIGHT="34" HPOS="569" VPOS="1949" WIDTH="51" />
<String CONTENT="new" HEIGHT="35" HPOS="621" VPOS="1949" WIDTH="128" />
<SP HEIGHT="35" HPOS="750" VPOS="1949" WIDTH="54" />
<String CONTENT="era," HEIGHT="48" HPOS="805" VPOS="1950" WIDTH="113" />
<SP HEIGHT="69" HPOS="919" VPOS="1929" WIDTH="53" />
<String CONTENT="by" HEIGHT="68" HPOS="973" VPOS="1929" WIDTH="77" />
<SP HEIGHT="67" HPOS="1051" VPOS="1930" WIDTH="53" />
<String CONTENT="Margaret" HEIGHT="69" HPOS="1105" VPOS="1930" WIDTH="301" />
<SP HEIGHT="51" HPOS="1407" VPOS="1931" WIDTH="49" />
<String CONTENT="Thornton." HEIGHT="55" HPOS="1457" VPOS="1930" WIDTH="318" />
<SP HEIGHT="54" HPOS="1776" VPOS="1930" WIDTH="94" />
<String CONTENT="Chicago," HEIGHT="70" HPOS="1871" VPOS="1930" WIDTH="273" />
<SP HEIGHT="67" HPOS="2145" VPOS="1933" WIDTH="55" />
<String CONTENT="T." HEIGHT="52" HPOS="2201" LANG="fr" VPOS="1933" WIDTH="65" />
<SP HEIGHT="52" HPOS="2267" VPOS="1933" WIDTH="54" />
<String CONTENT="D." HEIGHT="53" HPOS="2322" VPOS="1933" WIDTH="73" />
</TextLine>
<TextLine HEIGHT="70" HPOS="375" STYLEREFS="StyleId-D12A1771-04E3-4C52-A287-C1AAE7B0F465-" VPOS="2008" WIDTH="1142">
<String CONTENT="Thomas" HEIGHT="54" HPOS="375" VPOS="2010" WIDTH="251" />
<SP HEIGHT="50" HPOS="627" VPOS="2028" WIDTH="26" />
<String CONTENT="publishing" HEIGHT="70" HPOS="654" VPOS="2008" WIDTH="342" />
<SP HEIGHT="49" HPOS="997" VPOS="2028" WIDTH="30" />
<String CONTENT="company," HEIGHT="50" HPOS="1028" VPOS="2027" WIDTH="301" />
<SP HEIGHT="64" HPOS="1330" VPOS="2012" WIDTH="33" />
<String CONTENT="1936." HEIGHT="50" HPOS="1364" VPOS="2011" WIDTH="153" />
</TextLine>
<TextLine CS="1" HEIGHT="51" HPOS="443" VPOS="2082" WIDTH="1072">
<String CONTENT="2" HEIGHT="39" HPOS="443" VPOS="2084" WIDTH="27" />
<SP />
<String CONTENT="p." HEIGHT="37" HPOS="498" LANG="fr" VPOS="2095" WIDTH="43" />
<SP />
<String CONTENT="l." CS="1" LANG="fr" />
<String CONTENT="," HEIGHT="17" HPOS="603" VPOS="2115" WIDTH="9" />
<SP HEIGHT="37" HPOS="613" VPOS="2095" WIDTH="26" />
<String CONTENT="vii-xi" HEIGHT="42" HPOS="640" VPOS="2082" WIDTH="152" />
<SP HEIGHT="50" HPOS="793" VPOS="2083" WIDTH="25" />
<String CONTENT="p.," HEIGHT="38" HPOS="819" LANG="fr" VPOS="2095" WIDTH="58" />
<SP HEIGHT="48" HPOS="878" VPOS="2083" WIDTH="25" />
<String CONTENT="1" HEIGHT="40" HPOS="904" VPOS="2083" WIDTH="25" />
<SP />
<String CONTENT="l.," CS="1" HEIGHT="15" HPOS="992" VPOS="2116" WIDTH="9" />
<SP HEIGHT="30" HPOS="1002" VPOS="2103" WIDTH="29" />
<String CONTENT="[15]-124" HEIGHT="50" HPOS="1032" VPOS="2083" WIDTH="207" />
<SP HEIGHT="48" HPOS="1240" VPOS="2084" WIDTH="26" />
<String CONTENT="p." HEIGHT="38" HPOS="1267" VPOS="2094" WIDTH="42" />
<SP HEIGHT="41" HPOS="1310" VPOS="2083" WIDTH="57" />
<String CONTENT="19&#189;c" CS="1" HEIGHT="41" HPOS="1368" VPOS="2082" WIDTH="59" />
<String CONTENT="m" HEIGHT="22" HPOS="1473" STYLE="superscript" VPOS="2084" WIDTH="29" />
<String CONTENT="." HEIGHT="9" HPOS="1507" VPOS="2114" WIDTH="8" />
</TextLine>
<TextLine CS="1" HEIGHT="53" HPOS="373" VPOS="2151" WIDTH="2019">
<String CONTENT="&#169;" HEIGHT="53" HPOS="373" VPOS="2151" WIDTH="53" />
<SP HEIGHT="53" HPOS="427" VPOS="2151" WIDTH="27" />
<String CONTENT="Oct." HEIGHT="41" HPOS="455" VPOS="2155" WIDTH="103" />
<SP HEIGHT="41" HPOS="559" VPOS="2154" WIDTH="26" />
<String CONTENT="20," HEIGHT="48" HPOS="586" VPOS="2154" WIDTH="72" />
<SP HEIGHT="48" HPOS="659" VPOS="2154" WIDTH="26" />
<String CONTENT="1936;" CS="1" HEIGHT="42" HPOS="686" VPOS="2153" WIDTH="118" />
<SP HEIGHT="49" HPOS="830" VPOS="2153" WIDTH="29" />
<String CONTENT="2c." HEIGHT="40" HPOS="860" VPOS="2153" WIDTH="68" />
<SP HEIGHT="39" HPOS="929" VPOS="2154" WIDTH="27" />
<String CONTENT="Nov." HEIGHT="41" HPOS="957" VPOS="2154" WIDTH="120" />
<SP HEIGHT="42" HPOS="1078" VPOS="2153" WIDTH="27" />
<String CONTENT="24;" CS="1" HEIGHT="39" HPOS="1106" VPOS="2153" WIDTH="56" />
<SP HEIGHT="37" HPOS="1190" VPOS="2164" WIDTH="30" />
<String CONTENT="aff." HEIGHT="40" HPOS="1221" VPOS="2153" WIDTH="81" />
<SP HEIGHT="39" HPOS="1303" VPOS="2154" WIDTH="29" />
<String CONTENT="Nov." HEIGHT="39" HPOS="1333" VPOS="2154" WIDTH="119" />
<SP HEIGHT="41" HPOS="1453" VPOS="2152" WIDTH="27" />
<String CONTENT="23;" CS="1" HEIGHT="41" HPOS="1481" VPOS="2152" WIDTH="57" />
<SP HEIGHT="42" HPOS="1565" VPOS="2154" WIDTH="27" />
<String CONTENT="A" HEIGHT="39" HPOS="1593" VPOS="2154" WIDTH="44" />
<SP HEIGHT="41" HPOS="1638" VPOS="2152" WIDTH="24" />
<String CONTENT="99990:" CS="1" HEIGHT="41" HPOS="1663" VPOS="2152" WIDTH="148" />
<SP HEIGHT="40" HPOS="1836" VPOS="2155" WIDTH="34" />
<String CONTENT="T." HEIGHT="40" HPOS="1871" LANG="fr" VPOS="2155" WIDTH="52" />
<SP HEIGHT="39" HPOS="1924" VPOS="2156" WIDTH="28" />
<String CONTENT="D." HEIGHT="39" HPOS="1953" VPOS="2156" WIDTH="57" />
<SP HEIGHT="39" HPOS="2011" VPOS="2156" WIDTH="29" />
<String CONTENT="Thomas" HEIGHT="40" HPOS="2041" VPOS="2155" WIDTH="213" />
<SP HEIGHT="38" HPOS="2255" VPOS="2165" WIDTH="27" />
<String CONTENT="pub." HEIGHT="48" HPOS="2283" VPOS="2155" WIDTH="109" />
</TextLine>
<TextLine HEIGHT="52" HPOS="445" VPOS="2210" WIDTH="420">
<String CONTENT="co." HEIGHT="30" HPOS="445" VPOS="2221" WIDTH="66" />
<SP HEIGHT="51" HPOS="512" VPOS="2211" WIDTH="66" />
<String CONTENT="(36-34388)" HEIGHT="52" HPOS="579" VPOS="2210" WIDTH="286" />
</TextLine>
<TextLine HEIGHT="68" HPOS="372" STYLEREFS="StyleId-D12A1771-04E3-4C52-A287-C1AAE7B0F465-" VPOS="2316" WIDTH="1248">
<String CONTENT="Townsend," HEIGHT="66" HPOS="372" VPOS="2318" WIDTH="349" />
<SP HEIGHT="66" HPOS="722" VPOS="2318" WIDTH="25" />
<String CONTENT="Reginald" HEIGHT="67" HPOS="748" VPOS="2316" WIDTH="291" />
<SP HEIGHT="54" HPOS="1040" VPOS="2317" WIDTH="25" />
<String CONTENT="Townsend," HEIGHT="64" HPOS="1066" VPOS="2317" WIDTH="349" />
<SP HEIGHT="58" HPOS="1416" VPOS="2323" WIDTH="30" />
<String CONTENT="1890-" HEIGHT="51" HPOS="1447" VPOS="2322" WIDTH="173" />
</TextLine>
<TextLine HEIGHT="71" HPOS="443" STYLEREFS="StyleId-D12A1771-04E3-4C52-A287-C1AAE7B0F465-" VPOS="2393" WIDTH="1950">
<String CONTENT="Mother" HEIGHT="54" HPOS="443" VPOS="2395" WIDTH="232" />
<SP HEIGHT="35" HPOS="676" VPOS="2413" WIDTH="41" />
<String CONTENT="of" HEIGHT="55" HPOS="718" VPOS="2393" WIDTH="65" />
<SP HEIGHT="56" HPOS="784" VPOS="2393" WIDTH="41" />
<String CONTENT="clubs." HEIGHT="54" HPOS="826" VPOS="2395" WIDTH="173" />
<SP HEIGHT="52" HPOS="1000" VPOS="2395" WIDTH="75" />
<String CONTENT="Being" HEIGHT="70" HPOS="1076" VPOS="2394" WIDTH="189" />
<SP HEIGHT="63" HPOS="1266" VPOS="2401" WIDTH="41" />
<String CONTENT="the" HEIGHT="53" HPOS="1308" VPOS="2396" WIDTH="96" />
<SP HEIGHT="53" HPOS="1405" VPOS="2396" WIDTH="40" />
<String CONTENT="history" HEIGHT="69" HPOS="1446" VPOS="2394" WIDTH="226" />
<SP HEIGHT="50" HPOS="1673" VPOS="2413" WIDTH="43" />
<String CONTENT="of" HEIGHT="53" HPOS="1717" VPOS="2394" WIDTH="63" />
<SP HEIGHT="54" HPOS="1781" VPOS="2394" WIDTH="42" />
<String CONTENT="the" HEIGHT="52" HPOS="1824" VPOS="2396" WIDTH="97" />
<SP HEIGHT="52" HPOS="1922" VPOS="2396" WIDTH="40" />
<String CONTENT="first" HEIGHT="57" HPOS="1963" VPOS="2395" WIDTH="127" />
<SP HEIGHT="55" HPOS="2091" VPOS="2397" WIDTH="37" />
<String CONTENT="hundred" HEIGHT="54" HPOS="2129" VPOS="2397" WIDTH="264" />
</TextLine>
<TextLine HEIGHT="70" HPOS="373" STYLEREFS="StyleId-D12A1771-04E3-4C52-A287-C1AAE7B0F465-" VPOS="2473" WIDTH="2019">
<String CONTENT="years" HEIGHT="51" HPOS="373" VPOS="2491" WIDTH="164" />
<SP HEIGHT="37" HPOS="538" VPOS="2491" WIDTH="32" />
<String CONTENT="of" HEIGHT="52" HPOS="571" VPOS="2474" WIDTH="65" />
<SP HEIGHT="54" HPOS="637" VPOS="2474" WIDTH="30" />
<String CONTENT="the" HEIGHT="54" HPOS="668" VPOS="2474" WIDTH="97" />
<SP HEIGHT="54" HPOS="766" VPOS="2475" WIDTH="32" />
<String CONTENT="Union" HEIGHT="55" HPOS="799" VPOS="2474" WIDTH="200" />
<SP HEIGHT="35" HPOS="1000" VPOS="2492" WIDTH="31" />
<String CONTENT="club" HEIGHT="53" HPOS="1032" VPOS="2474" WIDTH="129" />
<SP HEIGHT="54" HPOS="1162" VPOS="2474" WIDTH="31" />
<String CONTENT="of" HEIGHT="54" HPOS="1194" VPOS="2474" WIDTH="65" />
<SP HEIGHT="53" HPOS="1260" VPOS="2474" WIDTH="28" />
<String CONTENT="the" HEIGHT="52" HPOS="1289" VPOS="2475" WIDTH="97" />
<SP HEIGHT="34" HPOS="1387" VPOS="2493" WIDTH="30" />
<String CONTENT="city" HEIGHT="68" HPOS="1418" VPOS="2474" WIDTH="119" />
<SP HEIGHT="49" HPOS="1538" VPOS="2493" WIDTH="30" />
<String CONTENT="of" HEIGHT="55" HPOS="1569" VPOS="2473" WIDTH="65" />
<SP HEIGHT="55" HPOS="1635" VPOS="2473" WIDTH="31" />
<String CONTENT="New" HEIGHT="53" HPOS="1667" VPOS="2475" WIDTH="141" />
<SP HEIGHT="52" HPOS="1809" VPOS="2476" WIDTH="34" />
<String CONTENT="York," HEIGHT="68" HPOS="1844" VPOS="2475" WIDTH="182" />
<SP HEIGHT="63" HPOS="2027" VPOS="2480" WIDTH="36" />
<String CONTENT="1836-1936," HEIGHT="62" HPOS="2064" VPOS="2480" WIDTH="328" />
</TextLine>
<TextLine HEIGHT="70" HPOS="375" STYLEREFS="StyleId-D12A1771-04E3-4C52-A287-C1AAE7B0F465-" VPOS="2553" WIDTH="2018">
<String CONTENT="by" HEIGHT="69" HPOS="375" VPOS="2554" WIDTH="73" />
<SP HEIGHT="69" HPOS="449" VPOS="2554" WIDTH="35" />
<String CONTENT="Reginald" HEIGHT="70" HPOS="485" VPOS="2553" WIDTH="290" />
<SP HEIGHT="53" HPOS="776" VPOS="2554" WIDTH="39" />
<String CONTENT="T." HEIGHT="52" HPOS="816" VPOS="2555" WIDTH="65" />
<SP HEIGHT="52" HPOS="882" VPOS="2555" WIDTH="39" />
<String CONTENT="Townsend." HEIGHT="54" HPOS="922" VPOS="2553" WIDTH="340" />
<SP HEIGHT="53" HPOS="1263" VPOS="2553" WIDTH="74" />
<String CONTENT="New" HEIGHT="53" HPOS="1338" VPOS="2553" WIDTH="141" />
<SP HEIGHT="52" HPOS="1480" VPOS="2554" WIDTH="36" />
<String CONTENT="York" HEIGHT="53" HPOS="1517" VPOS="2553" WIDTH="165" />
<SP HEIGHT="68" HPOS="1683" VPOS="2553" WIDTH="43" />
<String CONTENT="[The" HEIGHT="67" HPOS="1727" VPOS="2554" WIDTH="141" />
<SP HEIGHT="52" HPOS="1869" VPOS="2555" WIDTH="36" />
<String CONTENT="Printing" HEIGHT="69" HPOS="1906" VPOS="2553" WIDTH="278" />
<SP HEIGHT="66" HPOS="2185" VPOS="2556" WIDTH="34" />
<String CONTENT="house" HEIGHT="52" HPOS="2220" VPOS="2556" WIDTH="173" />
</TextLine>
<TextLine HEIGHT="70" HPOS="374" STYLEREFS="StyleId-D12A1771-04E3-4C52-A287-C1AAE7B0F465-" VPOS="2632" WIDTH="724">
<String CONTENT="of" HEIGHT="53" HPOS="374" VPOS="2634" WIDTH="64" />
<SP HEIGHT="55" HPOS="439" VPOS="2634" WIDTH="24" />
<String CONTENT="W." HEIGHT="54" HPOS="464" VPOS="2635" WIDTH="90" />
<SP HEIGHT="54" HPOS="555" VPOS="2633" WIDTH="31" />
<String CONTENT="E." HEIGHT="55" HPOS="587" VPOS="2633" WIDTH="68" />
<SP HEIGHT="55" HPOS="656" VPOS="2633" WIDTH="29" />
<String CONTENT="Rudge]" HEIGHT="70" HPOS="686" VPOS="2632" WIDTH="224" />
<SP HEIGHT="64" HPOS="911" VPOS="2637" WIDTH="35" />
<String CONTENT="1936." HEIGHT="51" HPOS="947" VPOS="2636" WIDTH="151" />
</TextLine>
<TextLine CS="1" HEIGHT="50" HPOS="445" VPOS="2704" WIDTH="1696">
<String CONTENT="xii," HEIGHT="48" HPOS="445" VPOS="2706" WIDTH="84" />
<SP HEIGHT="47" HPOS="530" VPOS="2707" WIDTH="27" />
<String CONTENT="237" HEIGHT="41" HPOS="558" VPOS="2706" WIDTH="88" />
<SP HEIGHT="47" HPOS="647" VPOS="2707" WIDTH="27" />
<String CONTENT="p.," HEIGHT="38" HPOS="675" LANG="fr" VPOS="2716" WIDTH="59" />
<SP HEIGHT="49" HPOS="735" VPOS="2705" WIDTH="26" />
<String CONTENT="1" HEIGHT="40" HPOS="762" VPOS="2705" WIDTH="25" />
<SP />
<String CONTENT="l." CS="1" />
<SP HEIGHT="39" HPOS="848" VPOS="2707" WIDTH="28" />
<String CONTENT="incl." HEIGHT="40" HPOS="877" VPOS="2706" WIDTH="110" />
<SP HEIGHT="30" HPOS="988" VPOS="2716" WIDTH="29" />
<String CONTENT="col." HEIGHT="40" HPOS="1018" VPOS="2706" WIDTH="87" />
<SP HEIGHT="40" HPOS="1106" VPOS="2705" WIDTH="26" />
<String CONTENT="front," HEIGHT="40" HPOS="1133" VPOS="2705" WIDTH="152" />
<SP HEIGHT="38" HPOS="1286" VPOS="2715" WIDTH="59" />
<String CONTENT="plates," HEIGHT="48" HPOS="1346" VPOS="2705" WIDTH="172" />
<SP HEIGHT="38" HPOS="1519" VPOS="2715" WIDTH="29" />
<String CONTENT="ports.," HEIGHT="46" HPOS="1549" VPOS="2707" WIDTH="165" />
<SP HEIGHT="48" HPOS="1715" VPOS="2705" WIDTH="27" />
<String CONTENT="facsims." HEIGHT="42" HPOS="1743" VPOS="2704" WIDTH="219" />
<SP HEIGHT="41" HPOS="1963" VPOS="2705" WIDTH="59" />
<String CONTENT="26" HEIGHT="41" HPOS="2023" VPOS="2705" WIDTH="57" />
<String CONTENT="cm" HEIGHT="21" HPOS="2083" STYLE="superscript" VPOS="2708" WIDTH="43" />
<String CONTENT="." HEIGHT="10" HPOS="2132" VPOS="2737" WIDTH="9" />
</TextLine>
<TextLine HEIGHT="51" HPOS="447" VPOS="2762" WIDTH="1948">
<String CONTENT="&#8220;This" HEIGHT="40" HPOS="447" VPOS="2764" WIDTH="148" />
<SP HEIGHT="41" HPOS="596" VPOS="2763" WIDTH="36" />
<String CONTENT="first" HEIGHT="41" HPOS="633" VPOS="2763" WIDTH="111" />
<SP HEIGHT="40" HPOS="745" VPOS="2764" WIDTH="37" />
<String CONTENT="edition," HEIGHT="49" HPOS="783" VPOS="2763" WIDTH="199" />
<SP HEIGHT="38" HPOS="983" VPOS="2774" WIDTH="38" />
<String CONTENT="printed" HEIGHT="50" HPOS="1022" VPOS="2762" WIDTH="196" />
<SP HEIGHT="41" HPOS="1219" VPOS="2763" WIDTH="37" />
<String CONTENT="for" HEIGHT="40" HPOS="1257" VPOS="2763" WIDTH="80" />
<SP HEIGHT="37" HPOS="1338" VPOS="2765" WIDTH="39" />
<String CONTENT="the" HEIGHT="39" HPOS="1378" VPOS="2764" WIDTH="84" />
<SP HEIGHT="30" HPOS="1463" VPOS="2773" WIDTH="33" />
<String CONTENT="members" HEIGHT="40" HPOS="1497" VPOS="2763" WIDTH="239" />
<SP HEIGHT="30" HPOS="1737" VPOS="2773" WIDTH="37" />
<String CONTENT="of" HEIGHT="40" HPOS="1775" VPOS="2763" WIDTH="53" />
<SP HEIGHT="40" HPOS="1829" VPOS="2763" WIDTH="36" />
<String CONTENT="the" HEIGHT="40" HPOS="1866" VPOS="2763" WIDTH="82" />
<SP HEIGHT="41" HPOS="1949" VPOS="2763" WIDTH="39" />
<String CONTENT="Union" HEIGHT="42" HPOS="1989" VPOS="2762" WIDTH="160" />
<SP HEIGHT="30" HPOS="2150" VPOS="2774" WIDTH="38" />
<String CONTENT="club," HEIGHT="50" HPOS="2189" VPOS="2763" WIDTH="123" />
<SP HEIGHT="50" HPOS="2313" VPOS="2763" WIDTH="39" />
<String CONTENT="is" HEIGHT="42" HPOS="2353" VPOS="2763" WIDTH="42" />
</TextLine>
<TextLine CS="1" HEIGHT="50" HPOS="375" VPOS="2820" WIDTH="1370">
<String CONTENT="limited" HEIGHT="42" HPOS="375" VPOS="2822" WIDTH="189" />
<SP HEIGHT="39" HPOS="565" VPOS="2824" WIDTH="26" />
<String CONTENT="to" HEIGHT="39" HPOS="592" VPOS="2824" WIDTH="48" />
<SP HEIGHT="40" HPOS="641" VPOS="2822" WIDTH="28" />
<String CONTENT="1500" HEIGHT="41" HPOS="670" VPOS="2821" WIDTH="115" />
<SP HEIGHT="41" HPOS="786" VPOS="2821" WIDTH="25" />
<String CONTENT="copies" HEIGHT="49" HPOS="812" VPOS="2821" WIDTH="159" />
<SP HEIGHT="30" HPOS="972" VPOS="2832" WIDTH="27" />
<String CONTENT="&#8230;&#8221;&#8212;Leaf" CS="1" HEIGHT="40" HPOS="1054" VPOS="2821" WIDTH="213" />
<SP HEIGHT="40" HPOS="1268" VPOS="2820" WIDTH="22" />
<String CONTENT="following" HEIGHT="49" HPOS="1291" VPOS="2820" WIDTH="257" />
<SP HEIGHT="38" HPOS="1549" VPOS="2831" WIDTH="23" />
<String CONTENT="p." HEIGHT="38" HPOS="1573" VPOS="2831" WIDTH="43" />
<SP HEIGHT="41" HPOS="1617" VPOS="2820" WIDTH="27" />
<String CONTENT="237." HEIGHT="43" HPOS="1645" VPOS="2820" WIDTH="100" />
</TextLine>
<TextLine CS="1" HEIGHT="55" HPOS="376" VPOS="2877" WIDTH="2019">
<String CONTENT="&#169;" HEIGHT="54" HPOS="376" VPOS="2878" WIDTH="53" />
<SP HEIGHT="54" HPOS="430" VPOS="2878" WIDTH="25" />
<String CONTENT="Apr." HEIGHT="48" HPOS="456" VPOS="2882" WIDTH="114" />
<SP HEIGHT="43" HPOS="571" VPOS="2880" WIDTH="27" />
<String CONTENT="22," HEIGHT="49" HPOS="599" VPOS="2880" WIDTH="71" />
<SP HEIGHT="48" HPOS="671" VPOS="2881" WIDTH="26" />
<String CONTENT="1936;" CS="1" HEIGHT="41" HPOS="698" VPOS="2880" WIDTH="116" />
<SP HEIGHT="49" HPOS="841" VPOS="2879" WIDTH="31" />
<String CONTENT="2c." HEIGHT="41" HPOS="873" VPOS="2879" WIDTH="67" />
<SP HEIGHT="30" HPOS="941" VPOS="2891" WIDTH="29" />
<String CONTENT="and" HEIGHT="41" HPOS="971" VPOS="2880" WIDTH="95" />
<SP HEIGHT="40" HPOS="1067" VPOS="2880" WIDTH="26" />
<String CONTENT="aff." HEIGHT="42" HPOS="1094" VPOS="2880" WIDTH="82" />
<SP HEIGHT="42" HPOS="1177" VPOS="2880" WIDTH="31" />
<String CONTENT="Sept." HEIGHT="48" HPOS="1209" VPOS="2880" WIDTH="127" />
<SP HEIGHT="39" HPOS="1337" VPOS="2879" WIDTH="30" />
<String CONTENT="18;" CS="1" HEIGHT="41" HPOS="1368" VPOS="2878" WIDTH="55" />
<SP HEIGHT="47" HPOS="1450" VPOS="2879" WIDTH="31" />
<String CONTENT="A" HEIGHT="40" HPOS="1482" VPOS="2879" WIDTH="41" />
<SP HEIGHT="41" HPOS="1524" VPOS="2878" WIDTH="25" />
<String CONTENT="98501;" CS="1" HEIGHT="42" HPOS="1550" VPOS="2877" WIDTH="146" />
<SP HEIGHT="48" HPOS="1724" VPOS="2879" WIDTH="32" />
<String CONTENT="Union" HEIGHT="43" HPOS="1757" VPOS="2877" WIDTH="161" />
<SP HEIGHT="31" HPOS="1919" VPOS="2888" WIDTH="27" />
<String CONTENT="club," HEIGHT="50" HPOS="1947" VPOS="2878" WIDTH="124" />
<SP HEIGHT="49" HPOS="2072" VPOS="2879" WIDTH="30" />
<String CONTENT="New" HEIGHT="40" HPOS="2103" VPOS="2879" WIDTH="118" />
<SP HEIGHT="39" HPOS="2222" VPOS="2880" WIDTH="26" />
<String CONTENT="York." HEIGHT="42" HPOS="2249" VPOS="2879" WIDTH="146" />
</TextLine>
<TextLine HEIGHT="49" HPOS="456" VPOS="2938" WIDTH="284">
<String CONTENT="(36-34781)" HEIGHT="49" HPOS="456" VPOS="2938" WIDTH="284" />
</TextLine>
<TextLine HEIGHT="70" HPOS="375" STYLEREFS="StyleId-D12A1771-04E3-4C52-A287-C1AAE7B0F465-" VPOS="3039" WIDTH="2017">
<String CONTENT="Uncle" HEIGHT="54" HPOS="375" VPOS="3043" WIDTH="183" />
<SP HEIGHT="52" HPOS="559" VPOS="3044" WIDTH="33" />
<String CONTENT="Toby&#8217;s" HEIGHT="64" HPOS="593" VPOS="3043" WIDTH="218" />
<SP HEIGHT="55" HPOS="812" VPOS="3043" WIDTH="37" />
<String CONTENT="Christmas" HEIGHT="55" HPOS="850" VPOS="3043" WIDTH="323" />
<SP HEIGHT="52" HPOS="1174" VPOS="3042" WIDTH="34" />
<String CONTENT="book," HEIGHT="66" HPOS="1209" VPOS="3041" WIDTH="165" />
<SP HEIGHT="66" HPOS="1375" VPOS="3041" WIDTH="34" />
<String CONTENT="for" HEIGHT="53" HPOS="1410" VPOS="3041" WIDTH="95" />
<SP HEIGHT="34" HPOS="1506" VPOS="3060" WIDTH="35" />
<String CONTENT="all" HEIGHT="54" HPOS="1542" VPOS="3040" WIDTH="77" />
<SP HEIGHT="53" HPOS="1620" VPOS="3040" WIDTH="35" />
<String CONTENT="the" HEIGHT="54" HPOS="1656" VPOS="3041" WIDTH="96" />
<SP HEIGHT="56" HPOS="1753" VPOS="3039" WIDTH="35" />
<String CONTENT="family;" HEIGHT="70" HPOS="1789" VPOS="3039" WIDTH="239" />
<SP HEIGHT="69" HPOS="2029" VPOS="3040" WIDTH="38" />
<String CONTENT="illustrated" HEIGHT="55" HPOS="2068" VPOS="3040" WIDTH="324" />
</TextLine>
<TextLine HEIGHT="71" HPOS="445" STYLEREFS="StyleId-D12A1771-04E3-4C52-A287-C1AAE7B0F465-" VPOS="3119" WIDTH="1950">
<String CONTENT="by" HEIGHT="66" HPOS="445" VPOS="3124" WIDTH="76" />
<SP HEIGHT="65" HPOS="522" VPOS="3125" WIDTH="41" />
<String CONTENT="Julian" HEIGHT="57" HPOS="564" VPOS="3122" WIDTH="205" />
<SP HEIGHT="51" HPOS="770" VPOS="3124" WIDTH="42" />
<String CONTENT="Brazelton." HEIGHT="54" HPOS="813" VPOS="3121" WIDTH="326" />
<SP HEIGHT="54" HPOS="1140" VPOS="3120" WIDTH="74" />
<String CONTENT="New" HEIGHT="54" HPOS="1215" VPOS="3120" WIDTH="141" />
<SP HEIGHT="52" HPOS="1357" VPOS="3121" WIDTH="41" />
<String CONTENT="York" HEIGHT="54" HPOS="1399" VPOS="3119" WIDTH="166" />
<SP HEIGHT="53" HPOS="1566" VPOS="3119" WIDTH="41" />
<String CONTENT="and" HEIGHT="53" HPOS="1608" VPOS="3120" WIDTH="114" />
<SP HEIGHT="53" HPOS="1723" VPOS="3120" WIDTH="40" />
<String CONTENT="London," HEIGHT="68" HPOS="1764" VPOS="3119" WIDTH="262" />
<SP HEIGHT="66" HPOS="2027" VPOS="3121" WIDTH="42" />
<String CONTENT="Harper" HEIGHT="67" HPOS="2070" VPOS="3121" WIDTH="235" />
<SP HEIGHT="50" HPOS="2306" VPOS="3123" WIDTH="43" />
<String CONTENT="&amp;" HEIGHT="50" HPOS="2350" VPOS="3123" WIDTH="45" />
</TextLine>
<TextLine HEIGHT="65" HPOS="443" STYLEREFS="StyleId-D12A1771-04E3-4C52-A287-C1AAE7B0F465-" VPOS="3201" WIDTH="460">
<String CONTENT="brothers," HEIGHT="65" HPOS="443" VPOS="3201" WIDTH="282" />
<SP HEIGHT="61" HPOS="726" VPOS="3205" WIDTH="25" />
<String CONTENT="1936." HEIGHT="50" HPOS="752" VPOS="3203" WIDTH="151" />
</TextLine>
<TextLine CS="1" HEIGHT="53" HPOS="444" VPOS="3270" WIDTH="1028">
<String CONTENT="x" HEIGHT="29" HPOS="444" VPOS="3283" WIDTH="31" />
<SP HEIGHT="40" HPOS="476" VPOS="3283" WIDTH="24" />
<String CONTENT="p.," HEIGHT="38" HPOS="501" LANG="fr" VPOS="3285" WIDTH="59" />
<SP HEIGHT="46" HPOS="561" VPOS="3274" WIDTH="27" />
<String CONTENT="1" HEIGHT="40" HPOS="589" VPOS="3274" WIDTH="25" />
<SP />
<String CONTENT="l.," CS="1" HEIGHT="14" HPOS="677" VPOS="3305" WIDTH="9" />
<SP HEIGHT="47" HPOS="687" VPOS="3272" WIDTH="26" />
<String CONTENT="284" HEIGHT="41" HPOS="714" VPOS="3272" WIDTH="86" />
<SP HEIGHT="49" HPOS="801" VPOS="3273" WIDTH="22" />
<String CONTENT="p." HEIGHT="37" HPOS="824" VPOS="3285" WIDTH="44" />
<SP HEIGHT="40" HPOS="869" VPOS="3272" WIDTH="54" />
<String CONTENT="illus.," HEIGHT="49" HPOS="924" VPOS="3272" WIDTH="144" />
<SP HEIGHT="39" HPOS="1069" VPOS="3282" WIDTH="25" />
<String CONTENT="plates." HEIGHT="50" HPOS="1095" VPOS="3271" WIDTH="173" />
<SP HEIGHT="43" HPOS="1269" VPOS="3270" WIDTH="53" />
<String CONTENT="22&#189;" CS="1" HEIGHT="40" HPOS="1323" VPOS="3270" WIDTH="57" />
<String CONTENT="cm" HEIGHT="23" HPOS="1414" STYLE="superscript" VPOS="3272" WIDTH="45" />
<String CONTENT="." HEIGHT="9" HPOS="1463" VPOS="3303" WIDTH="9" />
</TextLine>
<TextLine HEIGHT="43" HPOS="445" VPOS="3329" WIDTH="426">
<String CONTENT="&#8220;First" HEIGHT="41" HPOS="445" VPOS="3331" WIDTH="163" />
<SP HEIGHT="39" HPOS="609" VPOS="3333" WIDTH="30" />
<String CONTENT="edition.&#8221;" HEIGHT="42" HPOS="640" VPOS="3329" WIDTH="231" />
</TextLine>
<TextLine CS="1" HEIGHT="52" HPOS="445" VPOS="3383" WIDTH="1592">
<String CONTENT="&#8220;Words" HEIGHT="41" HPOS="445" VPOS="3387" WIDTH="203" />
<SP HEIGHT="30" HPOS="649" VPOS="3398" WIDTH="37" />
<String CONTENT="and" HEIGHT="39" HPOS="687" VPOS="3388" WIDTH="98" />
<SP HEIGHT="39" HPOS="786" VPOS="3388" WIDTH="35" />
<String CONTENT="music" HEIGHT="42" HPOS="822" VPOS="3386" WIDTH="156" />
<SP HEIGHT="41" HPOS="979" VPOS="3386" WIDTH="34" />
<String CONTENT="for" HEIGHT="41" HPOS="1014" VPOS="3386" WIDTH="80" />
<SP HEIGHT="42" HPOS="1095" VPOS="3384" WIDTH="36" />
<String CONTENT="Christmas" HEIGHT="43" HPOS="1132" VPOS="3384" WIDTH="276" />
<SP HEIGHT="32" HPOS="1409" VPOS="3395" WIDTH="34" />
<String CONTENT="carols&#8221;:" CS="1" HEIGHT="41" HPOS="1444" VPOS="3385" WIDTH="187" />
<SP HEIGHT="40" HPOS="1662" VPOS="3395" WIDTH="37" />
<String CONTENT="p." HEIGHT="39" HPOS="1700" VPOS="3396" WIDTH="44" />
<SP HEIGHT="30" HPOS="1745" VPOS="3404" WIDTH="41" />
<String CONTENT="[159]-171." HEIGHT="51" HPOS="1787" VPOS="3383" WIDTH="250" />
</TextLine>
<TextLine CS="1" HEIGHT="55" HPOS="376" VPOS="3440" WIDTH="2017">
<String CONTENT="&#169;" HEIGHT="53" HPOS="376" VPOS="3442" WIDTH="53" />
<SP HEIGHT="53" HPOS="430" VPOS="3442" WIDTH="31" />
<String CONTENT="Nov." HEIGHT="39" HPOS="462" VPOS="3446" WIDTH="117" />
<SP HEIGHT="39" HPOS="580" VPOS="3446" WIDTH="34" />
<String CONTENT="17," HEIGHT="47" HPOS="615" VPOS="3445" WIDTH="71" />
<SP HEIGHT="47" HPOS="687" VPOS="3445" WIDTH="31" />
<String CONTENT="1936;" CS="1" HEIGHT="41" HPOS="719" VPOS="3443" WIDTH="115" />
<SP HEIGHT="43" HPOS="861" VPOS="3443" WIDTH="35" />
<String CONTENT="2c." HEIGHT="40" HPOS="897" VPOS="3443" WIDTH="67" />
<SP HEIGHT="38" HPOS="965" VPOS="3445" WIDTH="31" />
<String CONTENT="Nov." HEIGHT="38" HPOS="997" VPOS="3445" WIDTH="119" />
<SP HEIGHT="39" HPOS="1117" VPOS="3444" WIDTH="32" />
<String CONTENT="14;" CS="1" HEIGHT="41" HPOS="1150" VPOS="3442" WIDTH="57" />
<SP HEIGHT="36" HPOS="1233" VPOS="3453" WIDTH="36" />
<String CONTENT="aff." HEIGHT="41" HPOS="1270" VPOS="3442" WIDTH="81" />
<SP HEIGHT="40" HPOS="1352" VPOS="3443" WIDTH="30" />
<String CONTENT="Nov." HEIGHT="39" HPOS="1383" VPOS="3443" WIDTH="117" />
<SP HEIGHT="38" HPOS="1501" VPOS="3443" WIDTH="34" />
<String CONTENT="19;" CS="1" HEIGHT="40" HPOS="1536" VPOS="3441" WIDTH="56" />
<SP HEIGHT="46" HPOS="1619" VPOS="3443" WIDTH="37" />
<String CONTENT="A" HEIGHT="39" HPOS="1657" VPOS="3443" WIDTH="43" />
<SP HEIGHT="40" HPOS="1701" VPOS="3442" WIDTH="27" />
<String CONTENT="100551;" CS="1" HEIGHT="41" HPOS="1729" VPOS="3440" WIDTH="174" />
<SP HEIGHT="47" HPOS="1932" VPOS="3442" WIDTH="35" />
<String CONTENT="Harper" HEIGHT="48" HPOS="1968" VPOS="3442" WIDTH="199" />
<SP HEIGHT="40" HPOS="2168" VPOS="3442" WIDTH="31" />
<String CONTENT="&amp;" HEIGHT="40" HPOS="2200" VPOS="3442" WIDTH="35" />
<SP HEIGHT="40" HPOS="2236" VPOS="3442" WIDTH="32" />
<String CONTENT="bros." HEIGHT="39" HPOS="2269" VPOS="3442" WIDTH="124" />
</TextLine>
<TextLine HEIGHT="50" HPOS="458" VPOS="3502" WIDTH="284">
<String CONTENT="(36-34371)" HEIGHT="50" HPOS="458" VPOS="3502" WIDTH="284" />
</TextLine>
<TextLine HEIGHT="65" HPOS="378" STYLEREFS="StyleId-DC896D18-FE6E-41BD-AFA8-25AD650A21D8-" VPOS="3606" WIDTH="489">
<String CONTENT="Vigerie," HEIGHT="65" HPOS="378" VPOS="3606" WIDTH="257" />
<SP HEIGHT="64" HPOS="636" VPOS="3607" WIDTH="22" />
<String CONTENT="Raoul." HEIGHT="55" HPOS="659" VPOS="3606" WIDTH="208" />
</TextLine>
<TextLine HEIGHT="70" HPOS="446" STYLEREFS="StyleId-D12A1771-04E3-4C52-A287-C1AAE7B0F465-" VPOS="3680" WIDTH="1947">
<String CONTENT="La" HEIGHT="54" HPOS="446" LANG="en-US" VPOS="3685" WIDTH="84" />
<SP HEIGHT="54" HPOS="531" VPOS="3685" WIDTH="30" />
<String CONTENT="locomotive" HEIGHT="54" HPOS="562" LANG="en-US" VPOS="3683" WIDTH="337" />
<SP HEIGHT="33" HPOS="900" VPOS="3703" WIDTH="31" />
<String CONTENT="actuelle," HEIGHT="67" HPOS="932" LANG="fr" VPOS="3683" WIDTH="255" />
<SP HEIGHT="67" HPOS="1188" VPOS="3683" WIDTH="32" />
<String CONTENT="d&#8217;apr&#232;s" HEIGHT="68" HPOS="1221" LANG="fr" VPOS="3682" WIDTH="224" />
<SP HEIGHT="53" HPOS="1446" VPOS="3683" WIDTH="30" />
<String CONTENT="Le" HEIGHT="52" HPOS="1477" LANG="fr" VPOS="3683" WIDTH="80" />
<SP HEIGHT="34" HPOS="1558" VPOS="3701" WIDTH="29" />
<String CONTENT="m&#233;canicien" HEIGHT="55" HPOS="1588" LANG="fr" VPOS="3680" WIDTH="346" />
<SP HEIGHT="52" HPOS="1935" VPOS="3682" WIDTH="30" />
<String CONTENT="de" HEIGHT="52" HPOS="1966" LANG="fr" VPOS="3682" WIDTH="71" />
<SP HEIGHT="35" HPOS="2038" VPOS="3700" WIDTH="28" />
<String CONTENT="chemin" HEIGHT="55" HPOS="2067" LANG="fr" VPOS="3680" WIDTH="223" />
<SP HEIGHT="52" HPOS="2291" VPOS="3681" WIDTH="33" />
<String CONTENT="de" HEIGHT="54" HPOS="2325" LANG="fr" VPOS="3681" WIDTH="68" />
</TextLine>
<TextLine CS="1" HEIGHT="161" HPOS="377" LANG="fr" STYLEREFS="StyleId-D12A1771-04E3-4C52-A287-C1AAE7B0F465-" VPOS="3747" WIDTH="1989">
<String CONTENT="fer" HEIGHT="54" HPOS="377" VPOS="3761" WIDTH="90" />
<SP HEIGHT="52" HPOS="468" VPOS="3764" WIDTH="28" />
<String CONTENT="de" HEIGHT="52" HPOS="497" VPOS="3764" WIDTH="67" />
<SP HEIGHT="53" HPOS="565" VPOS="3762" WIDTH="29" />
<String CONTENT="L.-P." HEIGHT="54" HPOS="595" VPOS="3762" WIDTH="161" />
<SP HEIGHT="55" HPOS="757" VPOS="3761" WIDTH="35" />
<String CONTENT="Gu&#233;don," HEIGHT="67" HPOS="793" VPOS="3761" WIDTH="260" />
<SP HEIGHT="48" HPOS="1054" VPOS="3780" WIDTH="31" />
<String CONTENT="par" HEIGHT="48" HPOS="1086" VPOS="3780" WIDTH="107" />
<SP HEIGHT="53" HPOS="1194" VPOS="3762" WIDTH="32" />
<String CONTENT="Raoul" HEIGHT="53" HPOS="1227" VPOS="3761" WIDTH="186" />
<SP HEIGHT="54" HPOS="1414" VPOS="3761" WIDTH="31" />
<String CONTENT="Vigerie" HEIGHT="69" HPOS="1446" VPOS="3759" WIDTH="237" />
<SP HEIGHT="35" HPOS="1684" VPOS="3779" WIDTH="38" />
<String CONTENT="&#8230;" CS="1" />
<SP HEIGHT="34" HPOS="1778" VPOS="3794" WIDTH="44" />
<String CONTENT="[et]" HEIGHT="64" HPOS="1823" VPOS="3764" WIDTH="90" />
<SP HEIGHT="80" HPOS="1914" VPOS="3747" WIDTH="38" />
<String CONTENT="&#201;mile" HEIGHT="65" HPOS="1953" VPOS="3747" WIDTH="190" />
<SP HEIGHT="52" HPOS="2144" VPOS="3761" WIDTH="32" />
<String CONTENT="Devernay" HEIGHT="147" HPOS="378" VPOS="3761" WIDTH="1988" />
<SP HEIGHT="50" HPOS="490" VPOS="3858" WIDTH="40" />
<String CONTENT="&#8230;" CS="1" />
<SP HEIGHT="53" HPOS="587" VPOS="3841" WIDTH="79" />
<String CONTENT="Pr&#233;face" HEIGHT="55" HPOS="667" VPOS="3838" WIDTH="243" />
<SP HEIGHT="52" HPOS="911" VPOS="3841" WIDTH="33" />
<String CONTENT="de" HEIGHT="52" HPOS="945" VPOS="3841" WIDTH="68" />
</TextLine>
<TextLine CS="1" HEIGHT="68" HPOS="1050" LANG="fr" STYLEREFS="StyleId-D12A1771-04E3-4C52-A287-C1AAE7B0F465-" VPOS="3837" WIDTH="1339">
<String CONTENT="Jean" HEIGHT="55" HPOS="1050" VPOS="3840" WIDTH="148" />
<SP HEIGHT="52" HPOS="1199" VPOS="3840" WIDTH="34" />
<String CONTENT="Lancrenon" HEIGHT="52" HPOS="1234" VPOS="3840" WIDTH="337" />
<SP HEIGHT="36" HPOS="1572" VPOS="3857" WIDTH="38" />
<String CONTENT="&#8230;" CS="1" />
<SP HEIGHT="52" HPOS="1667" VPOS="3840" WIDTH="78" />
<String CONTENT="Paris," HEIGHT="68" HPOS="1746" VPOS="3837" WIDTH="186" />
<SP HEIGHT="67" HPOS="1933" VPOS="3838" WIDTH="35" />
<String CONTENT="Dunod," HEIGHT="65" HPOS="1969" VPOS="3838" WIDTH="232" />
<SP HEIGHT="61" HPOS="2202" VPOS="3842" WIDTH="36" />
<String CONTENT="1936." HEIGHT="51" HPOS="2239" VPOS="3841" WIDTH="150" />
</TextLine>
<TextLine CS="1" HEIGHT="50" HPOS="447" LANG="fr" VPOS="3912" WIDTH="919">
<String CONTENT="xviii," HEIGHT="49" HPOS="447" VPOS="3913" WIDTH="137" />
<SP HEIGHT="49" HPOS="585" VPOS="3913" WIDTH="29" />
<String CONTENT="607" HEIGHT="42" HPOS="615" VPOS="3913" WIDTH="88" />
<SP HEIGHT="46" HPOS="704" VPOS="3915" WIDTH="24" />
<String CONTENT="p." HEIGHT="38" HPOS="729" VPOS="3923" WIDTH="43" />
<SP HEIGHT="42" HPOS="773" VPOS="3912" WIDTH="60" />
<String CONTENT="illus.," HEIGHT="48" HPOS="834" VPOS="3912" WIDTH="142" />
<SP HEIGHT="47" HPOS="977" VPOS="3913" WIDTH="30" />
<String CONTENT="diagrs." HEIGHT="49" HPOS="1008" VPOS="3912" WIDTH="180" />
<SP HEIGHT="42" HPOS="1189" VPOS="3912" WIDTH="60" />
<String CONTENT="21cm." CS="1" HEIGHT="40" HPOS="1250" VPOS="3912" WIDTH="116" />
</TextLine>
<TextLine CS="1" HEIGHT="53" HPOS="377" LANG="fr" VPOS="3968" WIDTH="1593">
<String CONTENT="&#169;" HEIGHT="53" HPOS="377" VPOS="3968" WIDTH="53" />
<SP HEIGHT="53" HPOS="431" VPOS="3968" WIDTH="27" />
<String CONTENT="Aug." HEIGHT="45" HPOS="459" VPOS="3973" WIDTH="118" />
<SP HEIGHT="40" HPOS="578" VPOS="3971" WIDTH="31" />
<String CONTENT="10." HEIGHT="45" HPOS="610" VPOS="3970" WIDTH="69" />
<SP HEIGHT="45" HPOS="680" VPOS="3970" WIDTH="30" />
<String CONTENT="1936:" HEIGHT="43" HPOS="711" VPOS="3969" WIDTH="142" />
<SP />
<String CONTENT="1c." CS="1" />
<SP HEIGHT="39" HPOS="951" VPOS="3971" WIDTH="30" />
<String CONTENT="Oct." HEIGHT="39" HPOS="982" VPOS="3971" WIDTH="102" />
<SP HEIGHT="40" HPOS="1085" VPOS="3970" WIDTH="29" />
<String CONTENT="22:" HEIGHT="43" HPOS="1115" VPOS="3969" WIDTH="82" />
<SP HEIGHT="41" HPOS="1198" VPOS="3971" WIDTH="33" />
<String CONTENT="A-" HEIGHT="38" HPOS="1232" VPOS="3971" WIDTH="101" />
<String CONTENT="Foreign" HEIGHT="48" HPOS="1336" LANG="en-US" VPOS="3968" WIDTH="208" />
<SP HEIGHT="41" HPOS="1545" VPOS="3968" WIDTH="29" />
<String CONTENT="33275;" HEIGHT="47" HPOS="1575" VPOS="3968" WIDTH="172" />
<SP HEIGHT="46" HPOS="1748" VPOS="3969" WIDTH="31" />
<String CONTENT="Dunod." HEIGHT="40" HPOS="1780" VPOS="3968" WIDTH="190" />
</TextLine>
<TextLine HEIGHT="51" HPOS="459" LANG="fr" VPOS="4026" WIDTH="284">
<String CONTENT="(36-36168)" HEIGHT="51" HPOS="459" VPOS="4026" WIDTH="284" />
</TextLine>
</TextBlock>
</PrintSpace>
</Page>
</Layout>
</alto>