2519 4377
1038 4101 132 52 1637

120 464 273 64 Durtain,
419 466 137 63 Luc,
586 470 169 50 1881-

249 556 1706 68 … Le globe sous le bras. [Paris] E. Flammarion [1936]
185 641 456 50 318 p., 2 l. 19cm.
119 708 1882 54 © Oct. 1, 1936; 1c. Oct. 16; A-Foreign 33140; Ernest Flammarion.
199 769 281 48 (36-31226)

118 876 91 52 Du
236 875 126 63 Val,
384 874 320 52 Thaddeus
727 874 236 63 Ernest,
994 879 170 50 1895-

186 965 121 54 The
333 964 218 68 subject
576 963 64 55 of
667 961 225 57 realism
918 961 59 56 in
1004 963 95 55 the
1127 964 193 54 Revue
1347 964 97 54 des
1472 964 146 54 deux
1645 964 231 55 mondes
1915 964 199 68 (1831-

120 1042 1994 69 1865) … [by] Thaddeus Ernest Du Val, jr. Philadelphia,
118 1125 148 50 1936.

184 1208 85 40 149
301 1218 41 38 p.
402 1206 57 40 23
461 1208 43 21 cm
509 1237 8 9 .

184 1276 170 42 Thesis
382 1279 107 47 (PH.
555 1275 387 48 D.)—University
978 1276 52 41 of
1064 1275 373 49 Pennsylvania,
1475 1276 127 41 1936.

186 1334 371 48 Bibliography:
589 1344 42 38 p.
663 1333 98 40 149.

118 1399 54 54 ©
202 1404 127 47 Sept.
359 1403 68 47 28,
460 1403 139 46 1936;
633 1402 67 41 2c.
732 1403 101 41 Oct.
864 1402 83 47 29;
980 1402 82 41 aff.
1095 1402 101 40 Oct.
1230 1401 80 43 16;
1345 1404 40 37 A
1415 1401 171 47 99700;
1619 1403 52 40 T.
1706 1404 50 39 E.
1790 1404 73 38 Du
1898 1403 105 45 Val,
2044 1403 68 47 jr.,

188 1460 352 47 Philadelphia.
609 1458 280 50 (36-30685)

115 1563 295 65 Dwinger,
439 1563 205 54 Edwin
673 1562 197 66 Erich,
901 1567 171 52 1898-

242 1650 1865 71 … Das namenlose heer; erlebnisse in russischer kriegsgefan-
109 1730 316 68 genschaft.
500 1729 165 69 Jena,
699 1730 66 53 E.
800 1729 336 54 Diederichs
1177 1762 12 34 [
1193 1735 19 22 c
1218 1731 151 65 1936]

182 1813 1700 53 67, [1] p., 1 l. front. (port.) 18½ cm . [Deutsche reihe, nr. 35]
183 1884 1926 51 “Kleiner ausschnitt aus … Die armee hinter stacheldraht[; das
111 1938 253 45 sibirische
392 1941 471 51 tagebuch]”—Leaf
887 1944 55 39 at
968 1943 105 41 end.

116 2009 1995 54 © Mar. 17. 1936; 1c. Sept. 14; A-Foreign 33010; Eugen Diederichs
186 2071 176 46 verlag.
430 2070 281 50 (36-30946)

116 2175 209 63 Eager,
353 2175 234 54 Samuel
617 2174 290 65 Watkins,
938 2180 170 49 1900-

186 2270 132 51 1936
349 2267 359 66 supplement
748 2269 118 65 (By
899 2265 228 55 Samuel
1158 2269 87 52 W.
1280 2266 216 67 Eager)
1539 2273 57 47 to
1629 2267 269 53 Bender’s
1928 2267 181 54 forms

115 2339 1994 75 for the Consolidated laws, volumes 1-5, 7, 8 … Albany,
172 2463 10 10 N.
215 2423 89 54 Y.,
334 2423 110 51 and
533 2441 81 33 New
648 2422 178 67 York,
916 2467 9 8 N.
960 2424 90 65 Y.,
1082 2422 78 51 M.
1195 2422 224 53 Bender
1449 2426 43 50 &
1523 2441 296 49 company,
113 2424 1971 133 incorporated,
320 2503 147 51 1936.

184 2586 25 38 7
236 2596 42 32 v.
331 2584 54 39 22
390 2588 43 21 cm
438 2618 9 9 .

184 2655 156 40 These
368 2655 274 48 pamphlets
674 2665 82 30 are
786 2657 49 38 to
864 2655 59 39 be
953 2654 136 41 fitted
1121 2655 102 39 into
1256 2655 81 39 the
1364 2655 198 48 pockets
1594 2658 51 38 at
1678 2655 80 40 the
1791 2656 121 39 back
1944 2656 53 41 of
2025 2657 84 39 the

114 2712 213 39 volumes
356 2712 51 40 of
434 2711 82 41 the
545 2717 72 34 set
646 2715 49 37 to
725 2711 156 39 which
913 2711 113 47 they
1055 2711 184 46 belong.

113 2777 54 54 ©
192 2783 109 38 Dec.
329 2783 40 47 4,
397 2781 140 48 1936;
565 2781 67 42 2c.
660 2781 115 39 each
804 2782 111 40 Dec.
943 2781 52 47 7;
1025 2782 82 40 aff.
1138 2782 108 37 Dec.
1272 2781 52 45 5;
1356 2782 39 38 A
1424 2780 199 49 101147;
1656 2782 234 39 Matthew
1918 2782 191 40 Bender

185 2840 35 39 &
247 2848 82 38 co.,
358 2838 90 41 inc.

113 2944 216 63 Edgar,
354 2943 189 53 David
568 2944 278 55 Stewart.

181 3018 1866 69 Law of torts … 3d ed., 1936, by David Stewart Edgar …
137 3096 1967 69 [and] David Stewart Edgar, jr. … [Brooklyn, Holton-Pal-
111 3182 175 47 metto
315 3194 173 49 press,
517 3175 126 67 inc.,
671 3181 20 22 c
697 3178 150 65 1936]

179 3260 561 50 8 p. l., 256 p. 23 ½cm .
183 3332 132 41 First
345 3333 94 39 and
469 3332 174 40 second
676 3331 210 41 editions
916 3330 254 50 published
1203 3332 152 39 under
1391 3331 133 40 title:
1558 3331 219 41 Outlines
1812 3331 50 40 of
1896 3333 82 39 the
2012 3332 91 39 law

111 3387 50 41 of
185 3391 137 38 torts.

114 3453 54 53 ©
203 3458 126 47 Sept.
366 3457 69 48 21,
473 3456 140 44 1936;
652 3456 68 42 2c.
759 3458 128 47 Sept.
924 3456 82 47 30;
1045 3457 82 39 aff.
1166 3457 101 40 Oct.
1306 3455 81 43 30:
1430 3458 39 38 A
1508 3455 198 48 100235;
1747 3458 55 37 D.
1844 3457 44 40 S.
1928 3456 176 47 Edgar,

183 3514 169 48 Jersey
381 3514 123 47 City,
580 3549 7 7 N.
617 3514 60 47 J.,
708 3514 93 40 and
831 3513 156 41 David
1021 3514 208 41 Stewart
1262 3513 174 46 Edgar,
1464 3512 75 48 jr.,
1572 3513 257 48 Brooklyn.

193 3570 279 49 (36-29856)

112 3674 223 63 Elliott,
360 3676 259 63 Forrest,
648 3680 170 50 1900-

180 3747 238 56 Seasons
447 3768 93 35 are
573 3768 154 49 sure;
759 3767 192 51 poems
979 3749 75 69 by
1085 3750 233 52 Forrest
1351 3748 222 53 Elliott.
1641 3748 138 52 New
1811 3747 181 69 York,
2023 3747 77 52 H.

108 3826 283 54 Harrison
428 3859 12 34 [
445 3833 18 22 c
469 3829 133 51 1936]

178 3910 55 41 64
262 3922 43 38 p.
363 3911 117 41 21cm.

114 3978 53 53 ©
196 3982 126 48 Sept.
352 3983 67 44 35,
450 3983 139 41 1936:
620 3982 67 43 2c.
717 3984 116 39 Nov.
864 3984 52 42 4;
947 3983 81 41 aff.
1061 3984 116 40 Nov.
1208 3983 52 41 5:
1293 3985 38 37 A
1363 3981 198 43 100277:
1592 3983 167 47 Henry
1791 3982 255 40 Harrison.

193 4038 279 48 (36-30950)
