2519 4377
1028 4084 131 51 1075

93 456 222 63 Butler,
342 455 225 63 George
591 452 164 64 Paul,
780 450 81 56 ed.

163 531 242 53 Modern
428 530 212 68 college
659 527 284 69 readings,
964 526 189 54 edited
1173 526 74 68 by
1271 525 134 55 Geo.
1430 524 146 52 Paul
1601 523 219 66 Butler,
1844 521 130 56 Otis
1996 522 89 54 W.

98 600 1991 75 Coan, Alice Dement [ and others] … New York, Prentice-Hall,
97 688 123 66 inc.,
263 689 149 50 1936.

165 759 117 47 xxii,
316 759 86 40 536
430 770 42 37 p.
531 758 56 40 20
590 760 44 21 cm
640 789 8 10 .

168 815 375 48 “Bibliography
581 815 79 39 for
701 815 79 40 the
821 812 224 42 student”
1065 823 9 29 :
1118 823 41 37 p.
1200 810 203 41 517-530
1421 820 8 36 ;
1473 809 376 48 “Bibliography
1887 809 78 40 for
2005 810 82 39 the

97 871 292 42 instructor”
408 883 9 29 :
449 883 41 37 p.
520 871 216 40 531-533.

431 927 530 48 CONTENTS.—Stories.—Essays.

91 994 1997 55 © July 8, 1936; 1c. July 27: 1c. Aug. 8; aff. July 24; A 97287; Prentice-
160 1058 129 47 Hall,
315 1056 91 42 inc.
470 1055 279 49 (36-17984)

93 1162 247 63 Capelle,
368 1160 287 63 Wilhelm,
684 1161 170 53 1871-
1066 1160 83 53 ed.
1176 1160 113 51 and
1317 1162 65 49 tr.

165 1239 108 52 Die
308 1236 423 54 vorsokratiker
747 1255 11 47 ;
795 1237 91 52 die
920 1236 324 68 fragmente
1273 1234 117 52 und
1421 1233 475 69 quellenberichte
96 1233 1970 136 übersetzt
293 1315 117 53 und
471 1313 323 70 eingeleitet
853 1332 108 34 von
1021 1312 273 55 Wilhelm
1356 1312 247 68 Capelle.
1699 1311 258 69 Leipzig,
2018 1311 71 55 A.

96 1394 459 66 Kroner [ c 1935]
166 1479 79 34 XX,
287 1467 97 47 501,
429 1466 53 49 [3]
528 1478 42 36 p.
641 1465 128 41 illus.
799 1465 158 48 (map)
1009 1465 117 40 fold.
1169 1464 95 41 tab.
1336 1463 58 40 18
1395 1467 42 21 cm
1443 1496 9 9 .
1534 1464 13 48 (
1557 1464 254 48 Half-title
1817 1474 15 29 :
1872 1462 217 42 Kröners

97 1523 427 47 taschenausgabe.
583 1523 75 39 bd.
689 1522 109 48 119)

169 1579 380 45 “Abkürzungen
577 1580 84 39 der
689 1578 105 41 titel
824 1589 90 30 von
941 1577 218 49 häufiger
1187 1577 223 41 zitierten
1439 1578 259 40 modernen
97 1577 1975 101 wissenschaftlichen
282 1635 221 42 werken”
522 1647 8 30 :
561 1647 42 37 p.
634 1636 113 49 [502]

433 1692 526 48 CONTENTS.—Einleitung.—Zur
994 1691 361 48 Vorgeschichte
1395 1693 83 39 der
1514 1691 333 48 griechischen
97 1692 1976 106 philosophie
224 1761 9 28 :
267 1748 395 49 kosmogonische
693 1749 233 48 dichtung
958 1749 97 39 und
1091 1747 310 49 prosa.—Die
1436 1748 323 41 altionischen
1790 1749 302 48 naturphilo-

98 1806 561 49 sophen.—Pythagoras
709 1808 97 39 und
856 1805 75 40 die
981 1805 187 40 älteren
1217 1805 404 47 Pythagoreer.—
1623 1806 324 47 Xenophanes
1998 1816 93 31 von

97 1864 327 47 Kolophon.—
429 1862 311 41 Herakleitos
782 1874 91 29 von
913 1861 382 48 Ephesos.—Die
1336 1863 660 48 eleaten.—Empedokles.—
97 1863 1975 105 Anaxagoras.
367 1942 58 5 —
444 1918 285 48 Leukippos.
747 1941 58 5 —
823 1918 285 40 Eklektiker
1149 1920 97 39 und
1287 1918 412 48 epigonen.—Das
1743 1919 222 41 Zeitalter
2008 1921 84 40 der

97 1976 328 49 griechischen
483 1975 300 48 aufklärung
800 1986 8 29 :
868 1975 90 41 Die
1016 1974 253 48 sophistik.
1354 1975 268 42 Demokrit.
1708 1977 90 40 Die
1854 1977 237 48 jüngeren

97 2034 341 47 Pythagoreer.

92 2098 1999 54 © Oct. 3, 1935 ; 1c. Feb. 6, 1936 ; A -Foreign 30330 ; Alfred Kroner
160 2160 180 46 verlag.
407 2159 279 48 (36-17789)

95 2265 254 63 Cappon,
377 2265 209 53 Lester
612 2265 187 54 Jesse.

95 2339 1996 149 Virginia newspapers 1821-1935; a bibliography with historical introduction and notes, by Lester J. Cappon … New
96 2498 178 68 York,
311 2498 257 68 London,
606 2499 72 51 D.
717 2497 580 69 Appleton-Century
1336 2516 297 51 company,
1673 2499 420 68 incorporated,

97 2576 93 53 for
217 2577 96 52 the
341 2576 272 54 Institute
643 2576 94 53 for
766 2577 255 52 research
1052 2575 59 53 in
1140 2577 94 52 the
1265 2576 172 53 social
1467 2576 257 69 sciences,
1755 2578 338 69 University

97 2655 63 52 of
187 2655 287 69 Virginia,
507 2659 149 49 1936.

166 2729 102 49 xiii,
298 2729 85 41 299
412 2739 44 38 p.
515 2729 55 41 23
574 2732 43 20 cm
624 2761 7 8 .
702 2729 178 48 (Guide
913 2732 47 38 to
989 2728 222 48 Virginia
1242 2728 254 42 historical
1528 2729 267 50 materials,
1828 2732 67 47 pt.
1957 2731 15 48 I)

169 2785 128 41 “The
344 2785 281 47 University
673 2786 51 39 of
768 2784 222 49 Virginia
1038 2785 234 40 Institute
1321 2786 77 40 for
1444 2787 229 39 research
1718 2786 48 40 in
1815 2787 81 40 the
1942 2787 147 40 social

96 2841 1186 48 sciences … Institute monograph, no. 22.”
167 2899 131 48 “Key
331 2902 48 37 to
413 2898 254 41 libraries”
704 2910 59 29 on
798 2897 359 49 lining-papers.

167 2955 348 49 Bibliography
533 2967 9 29 :
580 2966 42 37 p.
654 2955 217 41 235-238.

95 3024 53 52 ©
179 3028 117 47 Aug.
330 3029 39 45 7,
402 3026 113 41 1936
533 3037 8 35 ;
577 3027 66 40 2c.
678 3026 94 39 and
806 3025 80 41 aff.
921 3025 118 48 Aug.
1073 3026 53 39 11
1146 3036 8 36 ;
1189 3026 40 39 A
1262 3026 143 40 97334
1423 3037 8 36 ;
1469 3025 282 49 University
1786 3027 51 39 of
1869 3024 222 50 Virginia

165 3083 231 40 Institute
429 3083 77 38 for
541 3083 226 39 research
800 3082 48 39 in
883 3082 84 41 the
997 3082 146 39 social
1180 3082 224 47 sciences,
1442 3082 281 42 Richmond.

176 3140 278 49 (36-18063)

100 3243 163 63 Carr,
292 3242 173 63 John,
498 3244 323 55 1827-1896.

171 3318 56 52 A
256 3318 221 53 Vulcan
511 3337 206 50 among
747 3318 94 53 the
870 3317 358 70 Argonauts;
1263 3318 169 68 being
1462 3316 158 54 vivid
1651 3322 256 63 excerpts
1944 3317 152 53 from

103 3395 156 54 those
292 3401 145 47 most
471 3395 247 69 original
752 3399 44 49 &
832 3397 262 68 amusing
1125 3396 264 52 memoirs
1421 3395 64 53 of
1515 3395 156 55 John
1709 3396 161 67 Carr,
100 3396 1971 144 blacksmith;
339 3472 187 54 edited
559 3473 140 52 with
734 3493 30 33 a
800 3474 227 67 preface
1060 3476 45 50 &
1135 3473 310 69 postscript
1475 3474 74 68 by
1581 3472 186 54 Robin
1806 3474 288 66 Lampson

165 3550 1763 70 … illustrated by “hans”. San Francisco, G. Fields, 1936.
174 3625 24 38 1
226 3636 42 36 p.
330 3655 8 15 l.,
365 3624 85 40 viii
475 3635 57 38 p.,
556 3625 26 39 2
643 3656 9 17 l.,
680 3626 68 48 73,
796 3626 40 49 [5]
863 3638 42 37 p.
965 3626 128 41 illus.
1154 3626 55 39 22
1211 3629 44 21 cm
1262 3658 8 7 .

177 3680 111 40 “500
318 3680 158 48 copies
505 3680 229 48 designed
763 3684 95 39 and
888 3683 126 40 hand
1045 3683 192 48 printed
1267 3683 57 47 by
1356 3683 183 40 Wilder
1566 3681 205 49 Bentley
1799 3677 46 45 &
1873 3682 76 40 his
1980 3683 115 41 wife

107 3737 150 46 Ellen,
284 3737 291 47 apprentice,
604 3739 81 39 the
713 3739 269 48 Archetype
1008 3749 148 37 press,
1184 3739 249 47 Berkeley,
1459 3739 130 48 July,
1619 3738 156 41 1936.”

177 3792 1921 52 “It is the purpose of this brief volume … to preserve, by means of
106 3848 183 41 drastic
325 3849 317 47 abridgment,
681 3852 81 39 the
797 3853 131 47 truly
964 3851 276 48 significant
1276 3853 95 39 and
1410 3851 288 49 interesting
1732 3854 112 46 part
1878 3851 52 41 of
1967 3852 129 41 John

106 3904 161 40 Carrs
295 3907 166 38 record
493 3906 217 48 [Pioneer
737 3909 119 46 days
883 3909 50 39 in
962 3907 424 50 California]”—p.
1414 3907 69 43 iii.

99 3955 52 53 ©
177 3961 115 46 July
318 3961 39 48 9,
385 3961 112 41 1936
516 3973 8 36 ;
554 3963 67 39 2c.
649 3964 97 39 and
773 3964 81 42 aff.
883 3966 117 46 Aug.
1030 3966 24 38 1
1073 3976 8 35 ;
1111 3966 40 38 A
1177 3964 147 41 97220
1339 3976 8 28 :
1378 3965 155 39 Robin
1561 3965 254 49 Lampson,
1845 3965 251 48 Berkeley,

172 4016 143 42 Calif.
381 4018 278 48 (36-17959)
