2519 4377
1323 4168 134 52 1128

393 471 296 69 Wiggam,
719 473 221 66 Lionel,
972 480 172 50 1915-

464 553 337 67 Landscape
842 551 143 53 with
1025 552 240 68 figures;
1310 571 194 49 poems
1546 553 76 68 by
1662 554 203 54 Lionel
1904 555 303 69 Wiggam;
2252 557 163 54 wood

394 630 349 69 engravings
782 631 76 67 by
898 631 251 54 Thomas
1188 633 91 53 W.
1323 631 210 54 Nason.
1629 633 140 53 New
1811 632 184 69 York,
2034 634 123 54 The
2195 635 222 69 Viking

393 727 175 49 press,
601 711 152 52 1936.

464 783 61 40 76
548 793 43 38 p.
652 781 132 41 illus.
845 781 148 41 23½cm.

467 839 293 41 Illustrated
789 841 98 46 t.-p.

468 896 164 40 “First
661 895 186 41 edition
876 895 191 41 limited
1096 896 51 40 to
1177 895 90 42 756
1293 895 206 49 copies.”

396 962 54 55 ©
474 968 128 41 June
629 969 40 48 5,
694 968 143 47 1936;
864 968 68 41 2c.
958 968 129 40 June
1109 968 53 46 5;
1191 966 82 42 aff.
1301 968 128 40 June
1455 968 52 46 6;
1536 968 41 40 A
1604 966 171 50 95559;
1806 969 51 41 L.
1883 969 240 49 Wiggam,
2151 971 264 49 Evanston,

466 1026 76 42 Ill.
609 1025 284 49 (36-27302)

391 1131 205 65 Wilds,
623 1131 204 55 Elmer
854 1131 313 58 Harrison.

465 1208 123 55 The
618 1206 377 56 foundations
1024 1207 65 55 of
1117 1209 239 53 modern
1385 1208 332 67 education;
1751 1208 300 54 historical
2083 1211 112 53 and
395 1210 1995 146 philosophical
700 1286 404 70 backgrounds
1153 1286 94 55 for
1296 1287 97 54 the
1440 1286 444 69 interpretation
1934 1286 64 54 of
2046 1290 368 68 present-day

392 1364 2020 71 educational issues, by Elmer Harrison Wilds … New York,
391 1444 1295 69 Farrar & Rinehart, incorporated [ c 1936]
465 1519 51 41 xi
543 1529 57 39 p.,
626 1521 29 40 2
703 1550 23 17 l.,
752 1518 146 42 3-634
923 1529 43 38 p.
991 1517 112 43 incl.
1126 1518 166 48 front.,
1318 1518 27 40 2
1372 1529 77 38 pl.,
1477 1520 150 47 ports.
1687 1518 57 41 22
1747 1521 44 22 cm
1795 1550 11 10 .

467 1576 297 44 “Collateral
796 1575 260 51 readings”
1088 1579 53 40 at
1170 1577 92 41 end
1292 1575 53 43 of
1374 1576 119 42 each
1526 1577 204 49 chapter
1761 1577 171 49 except
1965 1577 113 41 two.

394 1645 53 54 ©
476 1649 118 48 July
621 1649 71 47 30,
722 1648 142 48 1936;
895 1648 69 43 2c.
994 1649 121 48 Aug.
1146 1649 53 47 1;
1233 1648 83 42 aff.
1348 1648 116 48 July
1494 1649 83 46 31;
1611 1648 41 40 A
1675 1647 176 48 97217;
1884 1649 53 39 E.
1969 1649 62 40 H.
2061 1647 171 52 Wilds,
463 1649 1932 107 Kalamazoo,
673 1706 144 41 Mich.
884 1705 284 50 (36-18420)

388 1811 259 66 Wright,
676 1812 242 56 Howell.

460 1890 207 53 Public
705 1888 352 70 ownership;
1098 1888 277 70 promises
1415 1887 112 54 and
1566 1888 221 53 results.
1862 1889 124 53 The
2022 1893 158 64 story
2218 1889 63 55 of
2316 1889 97 53 the

389 1968 270 69 building
708 1969 114 53 and
874 1966 300 70 operation
1224 1968 64 52 of
1338 1968 98 53 the
1484 1964 317 71 municipal
1850 1967 155 68 light
2057 1968 116 53 and
2221 1986 192 50 power

389 2047 169 68 plant
592 2051 60 50 at
689 2046 259 68 Oberlin,
985 2045 171 68 Ohio,
1191 2046 77 67 by
1303 2045 327 55 consultant
1664 2047 68 52 R.
1769 2046 351 53 Husselman
2158 2047 111 53 and
389 2047 1999 147 village
556 2144 276 50 manager
874 2127 64 52 L.
982 2125 71 54 A.
1101 2124 185 67 Sears,
1329 2124 141 53 with
1514 2124 250 54 detailed
1807 2124 212 68 figures
2063 2143 59 35 as
2163 2131 59 49 to
2265 2130 146 49 costs

390 2205 153 55 from
601 2204 98 54 the
757 2203 200 56 official
1018 2203 176 54 books
1253 2203 113 54 and
1426 2204 245 67 records,
1729 2203 76 63 by
1866 2203 230 55 Howell
2156 2203 253 70 Wright.

389 2284 332 59 Cleveland,
746 2283 87 67 O.,
858 2284 77 53 H.
960 2283 239 67 Wright
1229 2317 12 33 [
1247 2289 17 20 c
1272 2286 150 63 1936]

461 2358 54 41 81
547 2368 44 38 p.
651 2356 119 42 23cm.

392 2425 53 54 ©
470 2429 115 48 May
610 2428 70 48 25,
708 2426 141 49 1936;
875 2427 69 41 2c.
971 2428 116 46 May
1110 2426 84 47 29;
1225 2426 84 41 aff.
1337 2427 128 39 June
1489 2426 55 47 4;
1573 2426 41 40 A
1641 2426 145 41 95554;
1844 2427 59 39 H.
1932 2425 209 49 Wright.

387 2532 358 65 Wyndham,
773 2531 281 65 Richard,
1085 2537 174 50 1896-

460 2610 122 54 The
620 2609 192 69 gentle
849 2627 236 51 savage;
1124 2628 32 34 a
1196 2606 291 57 Sudanese
1524 2607 244 70 journey
1804 2606 63 55 in
1903 2607 98 56 the
2039 2606 269 70 province
2346 2608 64 54 of

389 2687 513 68 Bahr-el-Ghazal,
955 2687 323 67 commonly
1332 2686 184 55 called
1571 2685 156 54 “The
1783 2685 182 70 Bog”,
2020 2686 77 70 by
2151 2687 257 55 Richard

388 2767 351 70 Wyndham.
808 2766 140 54 New
980 2765 183 69 York,
1196 2767 90 55 W.
1318 2766 254 53 Morrow
1605 2765 114 53 and
1751 2783 302 51 company,
2085 2770 152 50 1936.

460 2843 87 40 287
576 2853 43 38 p.
648 2841 111 41 incl.
788 2841 130 40 illus.
948 2839 162 49 (map)
1145 2841 58 40 48
1231 2852 62 37 pl.
1320 2852 61 29 on
1407 2839 56 40 24
1516 2872 9 8 l.
1583 2840 86 41 col.
1698 2839 150 42 front.
1906 2840 56 40 22
1966 2842 16 22 cm
2017 2872 8 9 .

388 2908 54 54 ©
467 2913 121 48 Aug.
617 2912 71 48 12,
716 2911 141 48 1936;
888 2912 68 42 2c.
987 2912 97 40 and
1111 2911 83 42 aff.
1223 2912 121 47 Aug.
1374 2912 83 46 14;
1488 2912 40 40 A
1557 2910 172 48 96921;
1762 2912 57 41 R.
1848 2912 294 49 Wyndham,
2173 2909 232 52 Uckfield,

463 2970 196 47 Sussex,
693 2969 239 49 England.
1005 2969 283 48 (36-18340)

385 3073 391 66 Yakhontoff,
803 3073 211 56 Victor
1037 3074 91 64 A.,
1157 3079 172 50 1881-

460 3149 1944 71 Eyes on Japan, by Victor A. Yakhontoff … New York,
388 3228 557 69 Coward-McCann,
977 3229 108 55 inc.
1123 3263 13 34 [
1140 3236 19 23 c
1164 3232 154 65 1936]

460 3303 1220 50 xv p., 1 l., 329 p. illus., plates, ports. 22 cm .
461 3362 140 47 Maps
631 3372 61 29 on
721 3361 365 48 lining-papers.

460 3417 354 50 Bibliography:
874 3427 43 39 p.
947 3416 220 42 313-318.

388 3484 53 54 ©
474 3489 120 48 Aug.
629 3490 69 49 14,
733 3488 141 47 1936;
911 3489 66 41 2c.
1012 3487 96 42 and
1143 3488 82 40 aff.
1260 3488 120 48 Aug.
1413 3487 84 48 20;
1534 3488 39 39 A
1607 3487 171 48 98023;
1816 3488 459 49 Coward-McCann,
2311 3489 92 42 inc.

470 3547 283 50 (36-38341)

384 3650 233 65 Young,
645 3649 248 57 Francis
919 3652 193 64 Brett,
1142 3656 173 50 1884-

456 3729 118 53 Far
608 3728 198 67 forest,
838 3729 76 66 by
945 3729 240 52 Francis
1217 3730 169 51 Brett
1416 3729 230 67 Young.
1715 3728 140 54 New
1886 3729 181 67 York,
2101 3729 221 67 Reynal
2356 3733 45 50 &

383 3806 324 55 Hitchcock
780 3809 153 65 [c1936]

459 3879 683 49 4 p. l., 3-418 p. 23½ cm .
459 3935 292 41 Illustrated
784 3937 98 47 t.-p.

389 4002 53 53 ©
472 4007 126 47 Sept.
625 4005 42 48 9,
695 4006 140 46 1936;
865 4006 67 40 2c.
963 4006 128 48 Sept.
1121 4006 82 48 12;
1232 4005 83 42 aff.
1345 4005 128 49 Sept.
1498 4005 83 48 10;
1610 4005 41 40 A
1676 4005 172 47 98352;
1877 4005 52 41 F.
1958 4006 55 39 B.
2041 4005 183 47 Young,

457 4005 1925 97 Craycombe
646 4063 166 47 house,
840 4073 72 30 nr.
938 4063 253 48 Pershore,
1219 4061 425 48 Worcestershire,
1674 4061 237 48 England.
