2519 4377
1308 4129 100 49 564

414 510 382 49 “Bibliography
831 511 97 40 and
963 511 257 48 suggested
1259 511 253 40 collateral
1548 510 256 49 readings”:
1873 522 43 38 p.
1953 510 217 42 737-749.

339 564 53 53 ©
424 568 113 48 Apr.
568 568 39 47 6,
641 568 142 46 1936;
819 568 68 40 2c.
920 567 114 48 Apr.
1067 568 82 46 18;
1186 567 82 41 aff.
1302 568 114 48 Apr.
1450 569 82 46 17;
1568 569 41 38 A
1641 568 172 47 92990;
1850 568 379 47 Prentice-Hall,
2261 568 92 40 inc.

418 624 254 49 (36-9871)

339 714 249 65 Fasano,
616 715 339 63 Lawrence,
985 720 172 50 1891-

406 792 188 55 Naval
628 791 163 69 rank,
824 792 76 54 its
932 791 291 69 inception
1259 793 112 53 and
1407 792 425 69 development;
1871 813 34 34 a
1937 793 163 53 short
2133 792 222 68 history

337 870 65 54 of
424 871 99 55 the
547 870 292 56 evolution
866 871 112 53 and
1006 872 315 67 geneology
1348 870 56 69 [!]
1436 870 65 55 of
1528 871 99 54 the
1651 870 172 54 naval
1851 869 199 70 officer,
2077 870 75 68 by
2183 869 173 56 Chief

338 949 239 57 Gunner
603 950 308 54 Lawrence
937 950 244 68 Fasano,
1208 969 58 36 u.
1296 969 41 35 s.
1368 969 58 35 n.
1503 950 139 54 New
1671 948 181 69 York,
1880 949 260 54 Horizon
2167 950 190 68 house,

342 1033 149 51 1936.

412 1103 98 47 226,
542 1102 54 51 [2]
625 1112 43 39 p.
730 1102 164 49 front.,
921 1102 25 40 1
975 1102 143 49 illus.,
1146 1103 170 48 plates,
1344 1104 147 47 ports.
1553 1103 55 39 21½
1641 1104 46 22 cm
1690 1133 9 9 .

413 1159 378 49 Bibliography:
822 1170 42 38 p.
914 1159 102 51 [227]

342 1213 53 53 ©
425 1218 113 48 Apr.
570 1217 39 49 6,
640 1217 115 40 1936;
815 1216 68 41 2c.
914 1218 115 47 Apr.
1059 1218 27 38 4;
1148 1217 83 40 aff.
1263 1216 115 49 Apr.
1411 1217 55 38 14;
1526 1216 42 39 A
1598 1215 145 41 92979;
1806 1215 218 40 Horizon
2054 1216 165 40 house.

425 1273 254 50 (36-9965)

342 1364 327 64 Ferguson,
697 1362 255 56 Wallace
980 1362 292 67 Klippert,
1304 1369 170 50 1902-

342 1437 1992 150 A survey of European civilization. Part I. To 1660 by Wallace K. Ferguson … Part II. Since 1660
1659 1517 637 70 by Geoffrey Bruun …
345 1596 2014 71 Under the editorial supervision of Carl L. Becker … Boston,
343 1677 1639 70 New York [etc.] Houghton Mifflin company [ c 1936]
413 1750 1947 54 xxxiii, [1], 1023, [1], xcii, [1] p. front., illus. (incl. ports.) maps (part
343 1808 201 49 double)
580 1808 155 50 diagr.
793 1810 57 39 22½
883 1812 45 21 cm
932 1841 10 10 .

415 1866 141 48 Maps
588 1876 60 30 on
679 1865 365 50 lining-papers.

415 1921 381 51 Bibliography:
828 1934 43 38 p.
918 1922 275 51 [xiii]-[lxvi]

345 1975 53 54 ©
426 1980 113 48 Apr.
567 1980 68 48 16,
667 1979 115 42 1936;
841 1980 67 41 2c.
940 1982 114 47 May
1083 1981 26 40 8;
1169 1980 82 41 aff.
1284 1982 114 47 May
1428 1982 26 39 7;
1513 1981 42 40 A
1584 1981 143 40 94342;
1788 1983 72 41 W.
1890 1982 60 40 K.
1982 1982 251 48 Ferguson
2262 1982 99 40 and

415 2036 228 50 Geoffrey
671 2039 186 46 Bruun,
886 2039 118 38 New
1033 2038 146 41 York.
1247 2037 252 50 (36-9984)

345 2125 230 67 Fisher,
605 2126 226 66 Irving,
864 2128 173 55 1867-

422 2205 162 67 100%
614 2221 234 51 money;
880 2201 273 73 designed
1181 2210 58 49 to
1266 2204 141 70 keep
1437 2203 276 71 checking
1737 2203 182 54 banks
1948 2207 166 65 100%
2146 2202 212 71 liquid;

345 2287 58 48 to
440 2289 243 62 prevent
714 2281 263 55 inflation
1014 2283 113 53 and
1165 2282 269 55 deflation;
1504 2282 220 71 largely
1761 2288 57 49 to
1854 2302 133 34 cure
2023 2302 64 34 or
2124 2292 238 60 prevent

345 2360 386 69 depressions;
769 2361 113 53 and
914 2366 59 48 to
1007 2361 148 69 wipe
1187 2368 101 47 out
1322 2362 167 53 much
1524 2361 65 54 of
1622 2362 96 54 the
1751 2361 258 53 national
2046 2362 148 52 debt.
2273 2362 87 57 By
348 2438 206 69 Irving

592 2438 1572 71 Fisher … New York, Adelphi company [ c 1936]
417 2510 130 48 xxiv,
580 2510 88 41 257
699 2521 42 37 p.
806 2511 155 48 diagr.
1021 2512 55 38 21
1079 2513 46 21 cm
1130 2541 8 9 .

422 2567 239 41 “Revised
692 2568 198 48 edition,
925 2568 157 42 1936.”

418 2623 329 50 “Completely
783 2624 493 45 rewritten.”—Pref.
1309 2629 48 38 to
1394 2628 82 39 the
1508 2628 60 40 2d
1603 2627 73 41 ed.

419 2681 351 50 Bibliography:
827 2694 43 37 p.
900 2682 218 41 221-224.

348 2738 54 53 ©
432 2743 113 47 Apr.
575 2742 71 48 25,
679 2743 116 40 1935;
852 2742 68 41 2c.
953 2744 121 38 Mar.
1107 2743 69 49 31,
1209 2742 117 41 1936;
1384 2743 84 41 aff.
1502 2744 122 40 Mar.
1656 2744 59 41 28;
1773 2744 40 39 A
1846 2743 144 42 93477;
2053 2745 208 48 Adelphi
2293 2754 68 31 co.

433 2800 253 49 (36-8243)

348 2888 277 68 Flowers,
650 2888 365 67 Montaville,
1045 2894 327 63 1868-1934,
1398 2892 84 54 ed.

416 2967 92 52 Do
535 2964 212 71 special
776 2974 360 48 assessments
1160 2967 305 55 constitute
1493 2988 31 34 a
1550 2967 259 55 national
1837 2968 291 69 problem?
2195 2968 166 55 With

348 3044 135 53 data
526 3044 310 55 submitted
879 3046 59 53 in
982 3066 72 33 an
1095 3048 207 68 appeal
1345 3052 58 48 to
1448 3044 284 56 Franklin
1775 3047 223 53 Delano
2042 3046 320 68 Roosevelt,

351 3124 290 67 president
688 3124 64 54 of
798 3125 96 53 the
941 3126 217 54 United
1209 3124 205 56 States.
1499 3126 124 53 The
1670 3130 181 50 status
1901 3125 64 54 of
2015 3124 344 56 California.

349 3201 2011 73 Compiled and edited by Montaville Flowers … Pasadena,
349 3280 196 71 Calif.,
573 3282 342 54 Montaville
945 3283 253 54 Flowers
1227 3282 317 69 publicists,
1571 3282 124 70 ltd.,
1725 3285 151 51 1934.

421 3357 60 42 vi,
508 3357 69 49 61,
608 3358 56 49 [1]
693 3367 44 38 p.
799 3356 141 48 illus.,
970 3357 171 48 plates.
1202 3358 57 40 30½
1291 3359 16 22 cm
1340 3389 8 9 .

352 3413 52 53 ©
434 3418 116 48 July
581 3418 67 47 15,
683 3416 141 47 1934;
858 3417 66 40 2c.
956 3417 110 40 Jan.
1099 3417 68 47 27,
1200 3417 140 46 1936;
1374 3416 82 40 aff.
1489 3416 121 40 Mar.
1642 3416 82 46 17;
1757 3415 42 40 A
1829 3414 171 48 92353;
2037 3415 62 41 M.
2132 3412 229 47 Flowers,

421 3476 271 46 Pasadena,
722 3473 145 42 Calif.
939 3473 252 48 (36-9946)

352 3562 310 65 Gardiner,
690 3564 186 55 Glenn
904 3563 166 65 Lion,
1099 3570 170 50 1896-

425 3643 198 51 Better
661 3640 423 68 foremanship;
1126 3661 31 33 a
1195 3640 145 53 book
1375 3639 64 54 of
1476 3639 274 69 practical
1788 3639 288 68 questions
2115 3638 110 53 and
350 3657 1988 116 answers
564 3718 335 70 presenting

946 3718 256 56 effective
1248 3723 400 64 management
1692 3717 259 54 methods
2001 3716 93 54 for
2141 3715 220 69 today’s

351 3795 1984 149 foremen, by Glenn Gardiner … 1st ed. New York and London, McGraw-Hill book company, inc., 1936.
424 3961 45 36 x,
496 3950 86 41 323
610 3960 43 37 p.
714 3950 145 40 19½cm.

353 4002 53 53 ©
436 4007 111 47 Apr.
575 4006 68 48 18,
675 4006 141 46 1936;
848 4006 67 41 2c.
946 4008 113 47 Apr.
1090 4008 83 46 23;
1204 4007 83 40 aff.
1318 4007 113 47 Apr.
1463 4007 82 46 22;
1578 4007 40 38 A
1648 4005 171 48 94121;
1854 4005 349 41 McGraw-Hill
2239 4006 121 39 book

424 4074 82 37 co.,
534 4062 90 43 inc.
694 4063 252 49 (36-9823)
