2519 4377
1309 4140 100 57 572

352 450 122 54 The
510 449 488 64 Pharmacopoeia
1039 449 62 53 of
1141 449 97 53 the
1275 449 220 56 United
1536 447 191 57 States
1767 449 65 54 of
1869 449 287 54 America.
2233 450 133 53 11th

420 525 297 54 decennial
742 525 248 54 revision
1028 525 101 69 (U.
1160 523 57 57 S.
1243 526 66 52 P.
1338 524 90 71 xi)
1502 526 93 69 By
1622 523 297 72 authority
1944 523 66 55 of
2029 525 98 53 the
2145 524 221 56 United

424 602 190 56 States
675 603 487 69 pharmacopceial
1225 603 358 70 convention,
1644 604 134 53 held
1841 608 59 49 at
1960 603 407 70 Washington,

421 682 72 55 D.
523 682 85 70 C.,
633 683 142 69 May
804 686 63 49 13
898 683 115 53 and
1046 686 82 66 14,
1160 685 150 51 1930.
1376 682 296 69 Prepared
1698 682 77 71 by
1804 683 95 53 the
1930 682 342 55 Committee
2301 682 90 54 of.

423 762 249 53 revision
712 762 114 53 and
869 761 305 69 published
1214 761 75 71 by
1331 762 99 53 the
1468 762 194 53 Board
1706 761 65 54 of
1810 767 256 49 trustees.
2146 760 221 57 Official

423 840 155 54 from
616 841 154 54 June
811 844 47 66 1,
902 843 153 51 1936.
1132 841 236 68 Easton,
1407 841 122 69 Pa.,
1568 841 175 53 Mack
1779 841 269 71 printing
2084 859 282 53 company

426 922 196 66 [c1936]

421 996 134 46 lxxx,
585 993 87 42 676
700 1004 44 38 p.
774 993 108 41 incl.
914 994 142 49 illus.,
1085 995 172 41 tables.
1317 993 57 41 24
1377 996 43 22 cm
1425 1026 9 10 .

427 1050 189 43 Official
637 1052 103 41 seal
778 1052 80 49 (U.
885 1051 44 41 S.
956 1052 76 48 P.)
1066 1053 231 40 mounted
1325 1063 60 30 on
1413 1062 139 31 verso
1580 1052 52 41 of
1655 1055 98 47 t.-p.

353 1122 54 53 ©
444 1127 112 40 Dec.
593 1126 70 48 16,
701 1124 114 42 1935
834 1137 8 36 ;
880 1125 67 41 2c.
986 1127 122 39 Mar.
1145 1126 69 48 20,
1252 1125 141 45 1936;
1431 1126 83 41 aff.
1551 1128 115 48 Apr.
1704 1128 82 47 13;
1825 1129 40 38 A
1902 1127 173 48 92933;
2116 1130 164 39 Board
2317 1130 52 39 of

423 1186 212 37 trustees
668 1183 51 39 of
750 1184 83 40 the
865 1183 179 40 United
1078 1183 163 41 States
1272 1184 413 48 pharmacopceial
1718 1185 303 48 convention,
2057 1186 224 47 Chicago.

435 1240 254 50 (36-9329)

350 1344 429 64 Philadelphia.
854 1344 327 68 Municipal
1208 1351 176 48 court.

421 1433 176 53 Rules
626 1432 66 54 of
723 1434 97 52 the
850 1433 325 69 Municipal
1208 1439 162 48 court
1403 1433 64 54 of
1499 1434 429 70 Philadelphia,
1962 1435 141 54 with
351 1435 1991 129 historical

465 1517 159 48 notes
653 1513 114 52 and
797 1513 366 53 annotations
1190 1518 58 47 to
1278 1513 266 68 reported
1578 1513 294 54 decisions.
1939 1514 429 69 Philadelphia,

350 1592 123 53 The
505 1592 180 70 Legal
716 1590 395 71 intelligencer
1189 1593 154 67 [c1936]

422 1666 105 39 xxii
551 1677 59 39 p.,
636 1665 87 40 264
744 1665 162 44 numb.
966 1697 7 16 l.,
997 1665 205 42 265-292
1224 1676 43 38 p.
1322 1665 57 40 25
1383 1668 44 21 cm
1430 1697 9 10 .

423 1723 287 42 Loose-leaf.
774 1723 251 48 Irregular
1057 1724 191 48 paging.

424 1781 71 41 On
526 1790 141 33 cover
685 1792 8 30 :
725 1781 268 48 Municipal
1023 1784 139 38 court
1193 1781 144 41 rules.

424 1839 144 42 “Acts
599 1840 52 39 of
680 1839 256 47 Assembly
967 1838 156 42 cited”
1143 1850 8 29 :
1186 1850 42 37 p.
1262 1839 64 40 xi.
1389 1838 179 40 “Table
1600 1838 52 40 of
1684 1848 135 31 cases
1850 1838 157 41 cited”
2025 1850 9 28 :
2069 1850 42 37 p.
2146 1838 221 41 xiii-xxi.

353 1909 52 52 ©
433 1914 111 38 Dec.
574 1913 39 46 1,
641 1912 119 40 1935
775 1922 9 37 ;
815 1912 67 40 2c.
913 1912 96 39 and
1037 1910 82 42 aff.
1152 1912 113 47 May
1295 1912 68 47 11,
1394 1910 141 48 1936;
1567 1912 40 38 A
1635 1910 145 41 95077
1799 1922 8 36 ;
1840 1912 149 48 Legal
2019 1911 349 49 intelligencer.

433 1969 253 49 (36-9960)

350 2074 266 66 Phillips,
644 2074 249 55 Charles
916 2075 222 64 James,
1169 2079 172 50 1863-

424 2163 205 69 Stamp
676 2163 321 70 collecting,
1042 2163 98 53 the
1184 2162 143 69 king
1371 2162 64 52 of
1483 2162 232 54 hobbies
1764 2163 113 52 and
1922 2164 96 52 the
2067 2164 188 69 hobby
2303 2165 64 53 of

353 2238 2013 76 kings, by Charles J. Phillips … New York, N. Y., H. L.
351 2321 326 72 Lindquist,
705 2325 152 50 1936.

420 2396 85 42 408
531 2408 43 38 p.
636 2397 166 48 front.,
831 2396 144 46 illus.,
1001 2395 173 50 plates,
1201 2397 162 46 ports.,
1391 2393 216 42 facsims.
1667 2393 54 40 21
1727 2396 43 22 cm
1775 2425 8 8 .

421 2456 163 40 “First
613 2453 230 43 edition.”

353 2525 53 53 ©
436 2530 102 46 Apr
581 2528 71 48 28,
685 2526 114 42 1936
818 2538 8 35 ;
860 2526 66 41 2c.
959 2527 95 39 and
1087 2525 82 41 aff.
1202 2526 114 47 May
1350 2526 26 38 1
1394 2536 9 36 ;
1437 2525 41 39 A
1508 2523 148 42 93948
1671 2535 9 37 ;
1716 2525 61 40 H.
1808 2525 51 40 L.
1893 2524 273 48 Lindquist.

437 2585 254 49 (36-9949)

351 2689 223 53 Punch.
650 2707 52 35 V.
733 2693 116 58 190,
876 2706 88 35 no.
991 2691 155 62 4951,
1172 2688 144 66 Apr.
1346 2690 82 63 15,
1457 2689 150 50 1936.

352 2771 2014 54 © 1c. June 11, 1936; A ad int. 21528 ; pubd. Apr. 15; Herbert Heather,
422 2834 213 41 London.

352 2938 159 64 Pyle,
537 2938 156 53 John
722 2938 309 62 Freeman,
1061 2941 172 50 1890-

423 3028 338 69 Marketing
806 3026 331 69 principles,
1184 3024 400 70 organization
1632 3024 113 52 and
1791 3022 251 70 policies,
2089 3022 73 70 by
2211 3022 156 54 John

355 3101 2011 139 Freeman Pyle … Rev. ed. New York and London, McGraw-Hill
512 3186 148 54 book
691 3203 300 50 company,
1022 3185 127 66 inc.,
1182 3186 151 50 1936.

425 3262 99 48 viii,
556 3261 89 41 783:
672 3271 42 38 p.
774 3270 138 38 maps
940 3260 48 48 (1
1020 3259 146 46 fold.)
1206 3257 181 49 diagrs.
1447 3257 55 40 23½
1536 3259 44 22 cm
1586 3290 9 9 .

355 3329 53 52 ©
438 3334 113 47 Apr.
583 3332 70 47 25,
687 3329 115 41 1936
819 3341 8 35 ;
860 3329 67 41 2c.
959 3329 95 40 and
1087 3329 82 40 aff.
1201 3330 114 46 Apr.
1349 3326 56 41 29
1424 3339 8 35 ;
1467 3329 39 37 A
1537 3327 142 41 93891
1700 3338 9 35 ;
1746 3326 351 41 McGraw-Hill
2129 3327 123 40 book
2284 3338 83 36 co.,

425 3390 90 41 inc.
582 3386 253 51 (36-9878)

353 3492 311 66 Richards,
694 3491 218 65 Frank,
944 3495 171 50 1884-

423 3565 1941 70 Old soldier sahib, by Private Frank Richards … with an
353 3646 390 56 introduction
778 3647 77 68 by
892 3646 218 53 Robert
1148 3644 232 56 Graves.
1499 3644 138 54 [New
1678 3643 179 68 York]
1902 3643 77 52 H.
2024 3642 188 55 Smith
2255 3643 108 52 and

352 3727 473 67 R. Haas [ c 1936]
424 3801 88 41 310
539 3811 41 38 p.
641 3800 58 40 22
700 3802 45 21 cm
750 3833 9 8 .

429 3849 1934 56 “The story of … [the author’s] pre-war soldiering in India and
359 3912 363 49 Burmah.”—p.
755 3913 68 39 14.

356 3979 53 54 ©
440 3985 112 47 Apr.
588 3984 38 47 6,
660 3982 140 47 1936;
834 3983 68 40 2c.
935 3983 114 47 Apr.
1081 3982 82 45 11;
1199 3981 82 40 aff.
1315 3982 113 46 Apr.
1462 3981 82 45 14;
1581 3980 40 38 A
1652 3977 171 44 93990;
1860 3976 243 41 Harrison
2141 3976 156 41 Smith
2331 3976 36 40 &

428 4042 181 39 Robert
641 4041 152 46 Haas,
826 4040 91 41 inc.
989 4037 252 51 (36-9964)
