2519 4377
1060 4097 98 49 653

227 554 9 16 x,
265 521 85 41 326
380 532 42 37 p.
483 521 127 41 illus.
639 522 131 48 (incl.
801 522 175 48 music)
1045 522 116 41 22cm.

189 578 259 48 Examples
471 578 53 39 of
543 579 80 40 the
647 589 143 37 songs
812 580 250 47 composed
1083 579 61 47 by
1168 578 218 41 children
1410 578 48 39 in
1484 579 81 39 the
1588 578 296 46 elementary
1907 578 174 46 grades:

120 646 40 37 p.
194 635 246 51 [187]-321.

121 692 52 52 ©
199 697 120 38 Mar.
345 695 70 47 28,
441 694 112 41 1936;
605 695 67 40 2c.
699 696 94 38 and
821 695 81 40 aff.
927 696 114 47 Apr.
1068 695 49 38 11;
1178 695 41 38 A
1246 694 140 40 93632;
1447 694 169 47 Silver,
1645 694 211 39 Burdett
1880 702 67 30 co.

200 751 278 49 (36-10737)

121 855 239 62 France,
387 854 185 63 Royal
597 853 244 56 Wilbur.

191 929 405 70 Compromise,
625 929 76 69 by
732 929 183 68 Royal
944 929 229 56 Wilbur
1204 930 232 53 France.
1511 927 423 68 Philadelphia,
118 928 1968 134 Dorrance
312 1009 112 53 and
455 1025 279 51 company
784 1011 156 49 [c1936]

188 1082 85 41 376
303 1092 41 37 p.
403 1081 144 40 19½cm.

119 1134 52 53 ©
197 1140 75 37 May
335 1139 39 45 1,
401 1137 112 40 1936;
569 1136 67 43 2c.
665 1138 113 46 May
803 1135 53 48 9;
886 1136 82 40 aff.
996 1137 114 47 May
1136 1136 53 39 11;
1246 1136 41 38 A
1311 1135 141 40 95101;
1511 1137 247 38 Dorrance
1788 1135 37 40 &
1851 1144 81 37 co.,
1960 1134 91 39 inc.

198 1193 248 50 (36-9936)

119 1296 331 65 Frederick,
479 1297 221 52 Robert
725 1295 278 64 Wendell,
1034 1300 170 50 1899-

188 1373 353 67 Citizenship
576 1373 301 51 education
909 1372 249 68 through
1191 1371 96 53 the
1320 1371 172 54 social
1525 1370 241 67 studies;
1805 1390 30 32 a
121 1370 1969 150 philosophy

277 1448 1831 71 and a program [by] Robert Wendell Frederick … and
119 1526 1996 70 Paul H. Sheats … New York city, Evanston, Ill. [etc.] Row,
118 1609 269 53 Peterson
417 1608 113 53 and
559 1625 280 50 company
875 1609 192 65 [c1936]

190 1682 98 43 viii,
316 1682 84 40 312
426 1693 43 37 p.
524 1682 127 40 illus.
681 1682 159 49 (map)
877 1682 179 47 diagrs.
1110 1679 115 41 21cm.

191 1738 299 48 “Readings”
519 1740 53 38 at
599 1740 92 38 end
722 1738 50 41 of
800 1739 117 39 each
944 1739 200 46 chapter
1171 1740 168 44 except
1368 1737 201 48 chapter
1672 1769 8 7 VII.
1740 1737 247 41 “Selected
119 1739 1976 96 references

338 1806 60 29 on
426 1795 288 48 citizenship
738 1796 256 39 education
1023 1796 94 38 and
1143 1796 82 38 the
1251 1794 150 40 social
1425 1794 213 40 studies”:
1696 1805 42 37 p.
1759 1794 218 41 251-254.

119 1848 53 53 ©
203 1853 78 38 Mar
358 1852 67 47 13,
457 1852 140 47 1936;
627 1852 68 41 2c.
726 1852 115 48 Apr.
873 1852 81 46 11;
990 1852 81 39 aff.
1104 1852 112 47 Apr.
1250 1851 81 47 10;
1367 1852 41 38 A
1440 1850 169 48 93764;
1647 1852 130 47 Row,
1813 1852 231 40 Peterson
2076 1853 37 40 &

189 1918 66 30 co.
325 1907 278 49 (36-10894)

119 2013 193 64 Frost,
341 2013 238 64 Robert,
612 2015 172 53 1875-

191 2089 54 51 A
280 2088 228 53 further
544 2105 192 51 range,
769 2089 75 67 by
879 2088 212 52 Robert
1129 2089 183 51 Frost.
1384 2094 163 46 Book
1580 2106 102 35 six.
1757 2087 136 54 New
1932 2088 178 64 York,

122 2164 736 69 H. Holt and company [c1936]
194 2235 84 41 102
310 2246 57 39 p.,
398 2236 24 40 1
476 2270 7 7 l.
544 2236 147 41 24½cm.

191 2294 174 47 “Eight
392 2294 220 40 hundred
641 2294 96 40 and
768 2294 135 40 three
931 2296 159 45 copies
1118 2294 53 39 of
1198 2295 97 39 this
1323 2295 121 40 book
1474 2306 124 29 were
1626 2295 259 48 especially
1916 2294 191 49 printed

120 2351 94 38 and
243 2350 172 48 bound,
445 2351 94 39 and
569 2351 168 46 signed
764 2351 61 47 by
855 2352 83 38 the
966 2350 220 40 author.”

119 2406 52 52 ©
197 2411 112 47 May
331 2410 69 47 20,
427 2409 81 41 1936;
592 2409 68 41 2c.
687 2410 95 39 and
808 2409 81 40 aff.
916 2410 115 47 May
1054 2409 54 38 22;
1164 2409 40 38 A
1229 2408 143 40 95295;
1429 2410 54 39 R.
1510 2409 156 47 Frost,
1692 2410 241 44 Amherst,
1964 2410 148 39 Mass.

199 2466 278 48 (36-10857)

119 2556 158 62 Gale,
303 2554 324 55 Elizabeth.

190 2628 1919 69 Seven beads of wampum, by Elizabeth Gale … illustrated
118 2710 73 67 by
220 2708 213 53 Robert
461 2708 257 54 Lawson.
784 2708 138 52 New
952 2707 178 69 York,
1160 2707 68 54 G.
1258 2708 64 52 P.
1356 2707 296 54 Putnam’s
1679 2727 129 34 sons
1844 2711 175 64 [c1936]

190 2783 80 47 vii,
297 2781 86 42 298
409 2793 42 37 p.
481 2781 107 41 incl.
617 2782 165 46 front.,
810 2782 127 40 illus.
992 2781 117 41 21cm.

191 2840 285 38 Illustrated
506 2837 363 49 lining-papers.

120 2891 53 54 ©
209 2896 111 47 May
354 2895 69 49 29,
483 2894 84 41 1936;
631 2895 68 40 2c.
736 2895 94 40 and
865 2893 82 42 aff.
983 2894 128 42 June
1143 2894 53 48 1;
1234 2894 40 40 A
1308 2893 171 49 95491;
1518 2896 53 40 E.
1608 2894 132 52 Gale,
1775 2894 337 50 Hackensack,

191 2954 54 39 N.
277 2954 43 39 J.
391 2951 279 49 (36-10942)

120 3041 231 53 Garden
377 3043 181 61 study
582 3040 130 55 club
738 3041 64 52 of
826 3040 324 56 Nashville.

188 3116 242 68 History
457 3116 62 53 of
546 3118 191 54 homes
762 3119 110 52 and
900 3118 242 67 gardens
1166 3117 63 53 of
1254 3119 326 67 Tennessee,
1605 3118 281 67 compiled
1912 3118 75 68 by
2015 3119 94 52 the

120 3194 230 55 Garden
386 3197 170 67 study
589 3195 126 53 club
750 3195 63 52 of
847 3195 311 67 Nashville,
1192 3197 138 53 Mrs.
1365 3196 155 55 John
1556 3197 305 53 Trotwood
1896 3197 214 67 Moore,

120 3273 439 68 collaborating;
610 3274 187 53 edited
844 3274 75 67 by
962 3273 247 53 Roberta
1257 3273 236 56 Seawell
1540 3274 290 54 Brandau.

121 3275 1963 143 [Nashville]
303 3353 142 52 Pub.
475 3351 94 52 for
596 3352 96 53 the
719 3352 231 54 Garden
978 3352 171 67 study
1178 3352 126 52 club
1332 3352 63 53 of
1423 3351 294 54 Nashville
1744 3352 75 68 by
1847 3353 94 52 the

120 3354 1968 129 Parthenon
352 3448 171 47 press,
550 3433 149 50 1936.

194 3500 98 51 503,
322 3502 54 50 [1]
404 3511 42 39 p.
475 3501 109 40 incl.
610 3500 165 49 front.,
803 3502 128 40 illus.
990 3500 146 43 35½m.

193 3560 138 47 Maps
361 3569 60 31 on
452 3558 362 49 lining-papers.

196 3615 100 39 “An
324 3615 180 41 edition
532 3615 188 41 limited
748 3617 49 39 to
822 3615 166 41 fifteen
1018 3616 218 40 hundred
1265 3614 202 50 copies.”

123 3668 52 53 ©
206 3674 118 38 Mar.
355 3673 69 47 25,
456 3673 139 47 1936;
626 3672 66 40 2c.
725 3674 113 46 Apr.
870 3673 51 47 6;
955 3673 81 42 aff.
1068 3675 112 46 Apr.
1213 3674 81 45 11;
1328 3674 40 38 A
1398 3672 171 47 93629;
1604 3673 192 40 Garden
1827 3675 147 46 study
2003 3675 111 38 club

191 3729 52 38 of
263 3729 264 40 Nashville.
598 3729 280 48 (36-10802)

122 3817 323 64 Gehrkens,
472 3818 143 52 Karl
641 3817 240 65 Wilson,
911 3823 171 50 1882-

251 3891 1856 71 … Music in the junior high school (grades 7-9), by Karl
119 3968 1914 71 Wilson Gehrkens … Boston, C. C. Birchard & co. [1936]
