2519 4377
1087 4079 97 49 539

132 446 224 62 Mason,
384 443 315 53 Frederick
727 444 331 62 Lawrence,
1090 449 170 49 1886-

201 532 1922 69 Principles of optometry. Part 1 … by Frederick L. Mason
129 609 1970 132 … San Francisco, Lithotone printed by A. Carlisle & co., Upham
284 693 46 49 &
354 689 298 66 Rutledge,
677 688 125 66 inc.,
823 695 20 20 c
849 692 148 49 1936.

201 774 1072 49 2 p. l., xii, 385 p. illus., diagrs. 23½ cm .
204 842 294 47 “Principles
531 841 51 39 of
611 843 285 46 optometry,
928 844 110 45 part
1091 874 8 15 I,
1135 843 38 38 is
1206 853 26 28 a
1266 852 209 38 progeny
1508 842 51 39 of
1591 842 324 48 ‘Elementary
132 843 1972 102 principles

267 898 51 39 of
355 897 283 49 optometry’
679 897 155 40 which
872 908 98 30 was
1007 899 240 46 produced
1285 899 58 47 by
1382 899 81 39 the
1500 899 191 48 author,
1730 909 53 30 as
1820 910 61 29 an
1920 900 201 47 adjunct

132 957 49 38 to
210 956 124 39 class
365 955 291 40 instruction
687 955 48 39 in
765 955 234 40 theoretic
1030 956 268 46 optometry
1330 959 51 37 at
1412 956 80 40 the
1525 955 278 48 University
1836 955 51 42 of
131 956 1974 103 California,
259 1012 48 39 in
338 1013 80 39 the
447 1021 116 37 year
594 1010 351 41 1932.”—Pref.

133 1081 52 52 ©
217 1085 109 40 Feb.
359 1085 67 45 15,
460 1083 113 41 1836;
634 1084 68 41 2c.
735 1085 93 38 and
864 1082 81 41 aff.
978 1084 113 47 Apr.
1124 1083 26 40 8;
1212 1083 39 38 A
1284 1082 142 41 92801;
1491 1084 51 40 F.
1576 1084 50 42 L.
1658 1085 183 46 Mason,
1877 1084 250 47 Berkeley,

207 1141 143 41 Calif.
427 1140 250 48 (36-9616)

132 1243 303 64 Matheny,
467 1245 150 51 Ezra
646 1244 199 61 Stacy,
879 1243 169 53 1870-
1261 1260 178 49 comp.

202 1332 304 53 American
576 1333 269 67 patriotic
914 1332 294 54 devotions
1281 1332 298 68 [Compiled
1646 1333 75 68 by]
1813 1334 67 53 E.
1952 1333 174 68 Stacy

132 1411 1558 68 Matheny … New York, Association press, 1936.
204 1498 64 48 xi,
301 1498 85 40 432
421 1507 42 37 p.
524 1495 127 42 illus.
682 1496 132 48 (incl.
847 1497 215 47 facsim.)
1130 1496 54 39 21
1189 1498 43 21 cm
1238 1530 8 8 .

205 1569 223 39 Includes
459 1577 200 39 prayers
689 1567 181 41 offered
901 1567 47 39 in
978 1568 79 39 the
1090 1567 121 40 Ohio
1244 1568 189 41 Senate.

134 1637 52 53 ©
225 1643 119 38 Mar.
383 1642 68 46 13,
490 1640 139 47 1936;
668 1640 67 41 2c.
773 1641 114 47 Apr.
926 1641 51 44 8;
1018 1640 82 41 aff.
1138 1641 113 46 Apr.
1289 1639 83 48 28;
1412 1641 40 38 A
1488 1640 171 47 92846;
1703 1642 51 39 E.
1796 1641 45 40 S.
1882 1642 246 47 Matheny,

204 1698 272 45 Columbus,
515 1698 51 42 O.
633 1695 279 51 [Copyright
950 1698 39 39 is
1026 1698 203 39 claimed
1266 1707 58 29 on
1361 1707 104 29 new
1498 1700 194 46 matter]

211 1754 249 48 (36-9655)

134 1858 278 62 Maurois,
442 1857 221 63 André,
693 1862 131 49 1885
843 1891 19 6 -

266 1946 1866 70 … Magiciens et logiciens. Rudyard Kipling—H. G. Wells—
138 2026 257 54 Bernard
430 2024 170 57 Shaw
618 2058 72 7 —
710 2024 170 56 G.-K.
918 2024 334 55 Chesterton
1271 2058 72 6 —
1361 2025 216 68 Joseph
1612 2024 519 69 Conrad—Lytton

138 2103 274 68 Strachey
431 2136 71 6 —
519 2103 321 54 Katherine
873 2102 301 54 Mansfield
1194 2135 71 7 —
1283 2103 177 52 D.-H.
1499 2104 302 53 Lawrence
1820 2137 71 5 —
1910 2104 221 53 Aldous

137 2181 246 68 Huxley.
457 2181 185 68 Paris,
675 2182 67 52 B.
774 2180 235 56 Grasset
1046 2214 13 34 [
1064 2187 17 21 c
1086 2183 132 50 1935]

206 2267 769 51 4 p. l., [11]-365 p., 1 l. 19c m .
208 2337 1644 49 “Ces essais … furent écrits pour la Société des conférences
1883 2343 45 36 et
141 2340 1972 103 formèrent,
284 2406 56 30 en
370 2396 127 47 1935,
525 2398 43 38 le
596 2405 140 30 cours
766 2395 176 41 annuel
972 2396 58 40 de
1058 2394 418 42 celle-ci.”—Note.

208 2452 347 40 “Traductions
583 2452 274 48 françaises
886 2453 81 39 des
998 2453 199 39 auteurs
1228 2450 187 41 étudiés
1447 2455 45 37 et
1525 2453 110 38 liste
1668 2454 82 38 des
1782 2463 236 38 ouvrages
2048 2453 81 48 qui

138 2510 103 39 leur
270 2513 85 37 ont
382 2508 76 41 été
485 2507 255 42 consacrés
767 2519 89 38 par
885 2510 85 39 des
999 2507 239 42 écrivains
1269 2508 248 48 français”:
1580 2519 39 37 p.
1656 2508 246 50 [349]-362.

135 2577 1997 59 © Oct. 20. 1935; 1c. Feb. 20, 1936; A- Foreign 30742; Émile Herzog,
206 2643 207 48 Neuilly,
454 2643 197 41 France.
730 2642 278 48 (36-10140)

136 2746 242 63 Mercer,
406 2746 123 54 Asa
556 2746 206 64 Shinn,
792 2751 171 49 1839-

207 2835 120 52 The
360 2835 249 52 banditti
645 2834 64 53 of
742 2835 100 52 the
872 2833 216 70 plains;
1126 2853 80 49 or,
1237 2834 124 52 The
1393 2834 346 53 cattlemen’s
1775 2834 261 53 invasion
2070 2834 64 52 of

133 2915 311 69 Wyoming
472 2914 57 52 in
560 2915 334 53 1892—“the
924 2916 294 68 crowning
1244 2914 227 69 infamy
1497 2915 63 52 of
1587 2916 98 51 the
1711 2915 183 67 ages.”
139 2916 1970 129 Written

259 2994 73 68 by
362 2994 70 51 A.
466 2993 55 54 S.
552 2994 221 51 Mercer
802 2994 58 51 in
892 2997 148 50 1894.
1107 2994 140 52 This
1278 2994 217 53 edition
1525 2995 208 51 carries
1766 3013 31 33 a
1829 3012 120 34 new
141 2994 1967 130 foreword
333 3073 71 67 by

443 3073 195 52 James
674 3072 260 52 Mitchell
975 3072 207 53 Clarke
1221 3073 112 52 and
1373 3073 379 52 illustrations
1791 3073 73 68 by
1903 3072 229 53 Arvilla

138 3151 233 53 Parker.
454 3150 115 55 San
615 3150 322 68 Francisco,
982 3150 240 54 Printed
1271 3151 93 52 for
1410 3150 220 71 George
1678 3150 194 54 Fields
1918 3152 76 68 by
2040 3152 94 53 the

140 3228 301 54 Grabhorn
471 3248 173 49 press,
677 3233 148 49 1935.

214 3317 577 47 xiv, 136 p. illus. 24½ cm.
141 3383 52 53 ©
220 3389 110 38 Dec.
356 3389 40 45 4,
423 3387 112 40 1935;
592 3388 66 40 2c.
688 3389 120 39 Mar.
833 3388 69 47 28,
931 3388 112 40 1936;
1102 3388 81 40 aff.
1212 3390 121 39 Mar.
1361 3389 55 40 27;
1473 3390 40 38 A
1542 3389 145 40 92634;
1744 3390 182 47 George
1956 3390 179 48 Fields,

212 3445 94 39 San
336 3444 270 40 Francisco.
668 3444 277 49 [Copyright
973 3444 42 40 is
1043 3445 204 40 claimed
1276 3457 58 28 on
1363 3446 243 39 foreword
1633 3447 61 46 by
1723 3446 163 39 James
1917 3446 217 40 Mitchell

211 3501 172 40 Clarke
415 3503 94 38 and
542 3501 327 40 illustrations
903 3502 59 48 by
994 3502 185 39 Arvilla
1217 3502 198 49 Parker]
1489 3502 224 48 (36-9683)

144 3605 498 64 Meschendorfer,
670 3607 197 62 Adolf,
897 3609 170 53 1877-

275 3695 1857 71 … Der Büffelbrunnen, roman. München, A. Langen, G.
145 3774 224 66 Müller,
405 3777 147 51 1935.

215 3845 590 50 353, [1] p., 1 l. 19 ½ cm .
144 3911 1991 56 © Sept. 3, 1935; 1c. Mar. 19, 1936; A-Foreign 30855; Albert Langen-
216 3972 152 48 Georg
391 3973 174 40 Müller
588 3974 180 47 verlag,
791 3984 41 37 g.
854 3984 59 29 m.
938 3975 41 39 b.
1003 3975 45 40 h.
1109 3973 280 48 (36-10004)
