2519 4377
1061 4075 131 50 1855

109 409 353 64 Thompson,
490 406 245 55 Francis
761 407 240 63 Robert,
1031 406 325 55 1857-1927.

180 499 283 54 Matabele
491 499 348 64 Thompson,
866 516 69 34 an
964 495 476 67 autobiography,
1467 495 187 55 edited
1679 497 76 66 by
1778 494 90 55 his
113 491 1973 148 daughter,
266 578 200 65 Nancy
521 575 321 55 Rouillard.
931 574 259 65 London,
1246 574 184 52 Faber
1486 574 109 52 and
1652 575 184 52 Faber
1890 573 222 55 limited

137 658 132 51 [1936]

182 736 84 42 293
300 748 42 38 p.
377 737 109 41 incl.
520 737 135 40 front.
698 735 172 49 (port.)
914 737 22 39 1
974 736 128 41 illus.
1178 736 170 48 plates,
1384 737 163 48 ports.,
1582 735 103 41 fold.
1735 745 125 40 map,
1897 734 216 43 facsims.

110 794 57 41 22½
197 796 45 22 cm
246 827 10 9 .

184 865 129 40 “The
356 863 215 49 political
615 863 157 48 origin
815 863 52 39 of
912 863 240 42 Southern
1199 862 242 41 Rhodesia
1485 863 90 39 lies
1618 862 49 41 in
1711 863 82 41 the
1836 862 276 43 concession

111 920 204 50 granted
347 921 47 39 in
425 919 115 42 1888
567 919 60 49 by
659 919 291 49 Lobengula,
980 919 116 49 king
1127 919 51 40 of
1207 920 82 39 the
1320 918 235 50 Matebili,
1587 922 48 38 to
1666 930 27 30 a
1725 920 255 49 syndicate
112 926 1984 104 consisting
328 978 54 40 of
425 977 127 43 Cecil
599 977 207 46 Rhodes,
851 976 201 44 Charles
1098 976 209 41 Dunnell
1354 977 140 40 Rudd
1542 978 95 39 and
1682 977 204 42 Francis
1933 979 181 40 Robert

112 1036 288 48 Thompson.
476 1034 100 39 The
625 1042 199 32 reasons
873 1033 108 47 why
1031 1032 98 42 this
1176 1032 276 41 concession
1502 1043 101 31 was
1653 1035 176 47 sought
1877 1035 59 47 by
1986 1035 129 42 Cecil

115 1092 203 45 Rhodes,
355 1092 82 39 the
469 1100 166 32 means
671 1091 61 46 by
766 1088 157 42 which
959 1090 59 39 he
1053 1090 226 40 obtained
1316 1090 51 47 it,
1403 1090 95 41 and
1537 1091 80 40 the
1652 1100 107 30 men
1795 1101 125 38 upon
1956 1093 157 39 whom

113 1149 61 39 he
204 1149 149 39 relied
382 1148 79 39 for
493 1156 191 32 success
716 1156 83 30 are
829 1146 248 42 described
1111 1147 47 38 in
1193 1147 98 40 this
1325 1144 362 44 book.”—Pref.

115 1217 53 56 ©
200 1222 66 40 1c.
301 1221 99 41 Oct.
435 1221 67 41 17.
537 1219 141 46 1936;
715 1221 35 37 A
788 1219 59 39 ad
883 1219 83 41 int.
1000 1217 171 43 22059;
1206 1218 143 47 pubd.
1388 1219 127 48 Sept.
1550 1219 53 46 3;
1642 1220 168 47 Nancy
1846 1219 273 49 Rouillard,

188 1280 182 44 Magut,
394 1276 162 44 Natal.
585 1275 151 43 South
764 1275 183 40 Africa.
1019 1273 221 50 (37-255)

114 1440 289 62 Thoreau,
431 1440 205 62 Henry
666 1436 208 66 David,
909 1440 323 53 1817-1862.

182 1528 134 53 Men
341 1526 63 55 of
430 1525 260 57 Concord
716 1526 113 53 and
854 1543 149 36 some
1029 1525 189 54 others
1242 1544 60 35 as
1328 1525 311 71 portrayed
1664 1527 59 53 in
1749 1527 94 54 the
1870 1527 247 55 Journal

113 1604 65 57 of
211 1606 204 69 Henry
449 1604 193 55 David
686 1604 283 69 Thoreau,
1005 1602 189 55 edited
1233 1602 76 71 by
1348 1602 241 57 Francis
1625 1604 79 55 H.
1744 1605 192 70 Allen,
1978 1605 137 55 with

114 1683 378 55 illustrations
519 1683 76 64 by
623 1683 70 52 N.
729 1681 61 56 C.
822 1682 229 67 Wyeth.
1118 1683 234 66 Boston,
1382 1682 322 68 Houghton
1733 1684 204 55 Mifflin
114 1699 1980 135 company,
319 1763 151 52 1936.

186 1848 63 49 xi,
276 1848 86 41 255
386 1858 43 38 p.
490 1848 85 40 col.
606 1847 163 47 front.,
800 1847 144 49 illus.,
972 1846 85 43 col.
1088 1847 172 48 plates.
1320 1846 59 40 24½
1409 1849 45 22 cm
1458 1878 9 8 .

187 1917 133 42 Each
350 1918 133 49 plate
515 1915 341 50 accompanied
887 1916 62 48 by
982 1916 102 43 leaf
1113 1916 119 42 with
1265 1916 294 51 descriptive
1594 1919 294 49 letterpress.

184 1974 289 42 Illustrated
505 1977 98 47 t.-p.
636 1976 96 39 and
766 1973 362 50 lining-papers.

120 2043 52 55 ©
197 2048 118 40 Nov.
341 2046 69 45 24.
438 2045 83 41 1936;
605 2046 68 40 2c.
701 2046 96 40 and
826 2046 82 41 aff.
937 2048 111 41 Dec.
1076 2046 25 40 5;
1160 2048 38 38 A
1227 2045 199 50 101174;
1455 2048 265 48 Houghton
1749 2050 166 40 Mifflin
1945 2063 68 31 co.

199 2103 281 50 (36-35971)

118 2264 225 66 Tillich,
367 2266 165 62 Paul,
562 2269 171 51 1886-

188 2342 120 53 The
353 2339 441 71 interpretation
843 2340 62 54 of
947 2340 240 70 history,
1230 2341 77 69 by
1350 2343 148 53 Paul
1544 2344 243 69 Tillich;
1836 2353 137 64 part
2018 2366 104 36 one

118 2418 313 54 translated
459 2418 74 68 by
561 2418 70 54 N.
661 2418 71 54 A.
762 2418 298 69 Rasetzki;
1093 2425 160 63 parts
1280 2426 131 64 two,
1439 2420 162 57 three
1629 2424 113 53 and
1774 2423 135 55 four
117 2426 1979 128 translated
294 2496 76 69 by
396 2496 137 54 Elsa
561 2496 63 53 L.
654 2496 256 70 Talmey.
973 2496 140 54 New
1140 2496 182 71 York,
1349 2497 62 55 C.
1444 2497 314 58 Scribner’s
1785 2520 157 51 sons;
119 2499 1978 146 London,
279 2573 61 56 C.
374 2572 313 58 Scribner’s
715 2591 146 51 sons,
888 2575 122 67 ltd.,
1042 2577 150 51 1936.

190 2659 83 49 xii,
306 2659 86 42 284
422 2670 43 38 p.
525 2659 55 40 21
585 2661 44 23 cm
633 2691 8 9 .

191 2731 120 41 Part
339 2731 24 39 1
405 2729 486 50 (Autobiographical
921 2731 192 49 sketch)
1152 2732 198 42 written
1382 2733 79 41 for
1492 2734 98 42 this
1622 2736 211 50 edition;
1868 2741 139 47 parts
2037 2741 85 40 2-4

131 2785 383 50 (Philosophical
554 2786 282 50 categories,
880 2787 226 44 Political
1144 2790 283 48 categories,
1468 2791 310 50 Theological
1821 2797 292 50 categories)

120 2842 287 50 translated,
448 2843 120 41 with
604 2854 132 32 some
778 2846 223 45 changes,
1043 2846 126 39 from
1211 2846 198 41 various
1450 2847 225 50 writings
1713 2851 55 41 of
1806 2853 83 40 the
1929 2856 193 40 author.

121 2900 62 47 cf.
210 2911 42 38 p.
287 2899 194 52 [vi]-vii.

125 2968 54 55 ©
203 2974 117 39 Nov.
348 2972 66 48 18,
442 2971 140 48 1936;
611 2974 68 39 2c.
705 2974 116 38 Nov.
847 2972 83 42 25;
960 2974 82 42 aff.
1069 2975 117 39 Nov.
1214 2976 49 38 21;
1327 2978 39 38 A
1397 2976 199 51 100661;
1627 2981 204 41 Charles
1860 2984 268 42 Scribner’s

195 3039 125 30 sons.
391 3028 281 50 (36-36191)

125 3178 231 62 Torres,
386 3177 241 54 Arturo.

193 3264 315 55 Essentials
547 3265 63 54 of
651 3264 270 71 Spanish,
959 3267 74 68 by
1072 3269 219 54 Arturo
1332 3271 223 56 Torres.
1632 3275 140 54 New
1814 3278 184 57 Texas
2039 3283 84 52 ed.

125 3342 1998 84 By Nina Lee Weisinger … Roberta King … [and] Marjorie C.
125 3419 2001 87 Johnston … illustrations by Alberto Cugat. Garden City,
125 3496 69 55 N.
228 3498 90 68 Y.,
349 3497 356 71 Doubleday,
738 3500 197 53 Doran
968 3502 46 52 &
1043 3519 297 54 company,
1372 3503 109 57 inc.
1521 3537 12 35 [
1538 3512 19 21 c
1562 3510 152 67 1936]

196 3583 26 40 2
250 3595 40 29 v.
352 3585 186 45 fronts.,
571 3585 127 40 illus.
728 3586 132 48 (incl.
889 3589 160 48 maps)
1085 3589 27 40 2
1140 3599 62 38 pl.
1262 3589 58 42 20½
1352 3593 14 22 cm
1399 3624 8 8 .

202 3652 1924 70 Include “informational readings in English … concerning the history,
130 3708 80 42 the
233 3713 227 43 customs,
486 3711 81 39 the
592 3711 168 48 ideals,
784 3714 104 45 etc.,
911 3713 55 39 of
988 3711 149 52 Spain
1163 3717 95 39 and
1284 3717 82 41 the
1392 3717 466 56 Spanish-speaking
1881 3729 245 42 countries

128 3764 53 40 of
202 3766 372 40 America.”—v.
603 3768 40 41 1.
674 3767 126 41 Pref.

198 3821 164 42 “First
388 3822 225 44 edition.”

198 3877 101 41 Vol.
326 3877 27 40 2
380 3878 216 43 includes
623 3890 146 37 songs
794 3880 117 41 with
940 3881 166 43 music.

133 3943 53 56 ©
212 3949 116 39 Nov.
358 3949 68 48 20,
457 3949 112 41 1936;
625 3951 68 40 2c.
722 3952 118 38 each
870 3953 93 40 and
996 3954 80 41 aff.
1109 3957 110 40 Dec.
1248 3958 53 46 9;
1334 3960 35 37 A
1404 3960 197 51 100868;
1635 3967 297 44 Doubleday.
1969 3973 159 40 Doran

202 4006 36 40 &
265 4015 80 40 co.,
374 4006 91 41 inc.
535 4006 282 50 (36-35972)
