2519 4377
1113 4126 101 56 789

167 488 373 69 [Republican
582 491 195 62 party.
850 488 275 54 National
1164 488 332 65 committee,
1539 492 325 63 1932-1936]

294 564 1858 70 … Promise and performance: the administration of Franklin
164 646 68 51 D.
271 646 298 52 Roosevelt
607 645 214 51 reveals
859 642 174 55 itself.
1112 642 415 69 [Washington,
1566 644 70 51 D.
1677 643 81 67 C.,
1797 644 357 67 Republican

164 721 253 54 national
445 719 334 67 committee,
808 728 19 21 c
833 724 151 64 1936]

232 794 283 48 cover-title,
547 794 55 40 64
632 806 44 37 p.
735 794 55 42 28
794 796 43 22 cm
842 826 8 8 .

164 862 52 53 ©
251 866 125 41 June
409 865 39 44 8,
484 864 139 41 1936:
661 864 66 40 2c.
764 866 95 38 and
894 864 81 41 aff.
1011 865 126 39 June
1172 865 52 46 8;
1260 865 41 39 A
1333 863 136 41 95621;
1545 864 297 49 Republican
1879 865 118 41 natl.

231 875 1907 88 committee.
479 920 278 50 (36-13162)

162 1025 313 65 Reynolds,
500 1027 203 53 James
725 1025 237 64 Joseph,
990 1026 83 53 ed.

236 1101 1917 69 Reading for enjoyment … compiled and edited by James J.
166 1179 1987 69 Reynolds … and Norma H. Deming … New York, Noble and
166 1258 196 67 Noble,
390 1257 106 54 inc.
533 1293 13 33 [
551 1265 18 21 c
575 1262 151 64 1936]

237 1331 27 41 6
292 1342 43 30 v.
395 1330 127 42 illus.
581 1330 55 40 21
640 1333 44 22 cm
690 1364 9 9 .

238 1401 223 41 Includes
490 1401 177 41 “Short
693 1411 141 39 prose
858 1400 257 41 selections
1141 1400 78 40 for
1245 1400 408 42 memorization”,

166 1473 74 39 bk.
272 1473 38 47 1,
340 1475 65 46 pt.
435 1473 39 46 1,
503 1468 53 53 ©
584 1472 113 48 Apr.
727 1472 69 47 28,
827 1472 139 46 1936;
999 1473 75 39 bk.
1105 1473 37 47 1,
1170 1475 67 46 pt.
1267 1472 40 48 2,
1337 1468 53 53 ©
1419 1472 112 48 Apr.
1561 1472 83 47 29;
1678 1473 75 40 bk.
1783 1472 40 49 2,
1854 1475 64 47 pt.
1951 1473 100 48 1-2,
2081 1472 76 42 bk.

235 1530 40 46 3,
314 1532 65 46 pt.
419 1529 97 49 1-2,
556 1525 52 53 ©
646 1530 114 47 Apr.
798 1530 82 45 24;
920 1529 67 40 2c.
1026 1529 117 41 each
1184 1530 125 39 June
1347 1528 81 43 19;
1470 1529 106 40 affs.
1618 1530 125 40 June
1782 1529 82 47 20;
1904 1529 41 40 A
233 1529 1928 99 96065-96070:

450 1586 150 41 Noble
640 1586 37 41 &
718 1586 164 47 Noble,
926 1584 288 50 publishers,
1259 1584 91 43 inc.
1433 1585 280 50 (36-13052)

164 1689 306 65 Richards,
496 1691 205 62 Henry
724 1689 221 65 Irving.

238 1766 206 55 Cotton
478 1767 112 53 and
623 1768 95 51 the
750 1767 188 67 AAA,
971 1767 74 67 by
1078 1769 201 64 Henry
1313 1768 47 51 I.
1395 1767 297 53 Richards.
1758 1767 401 68 Washington,

166 1846 70 51 D.
264 1844 79 66 C.,
368 1845 119 52 The
513 1843 323 68 Brookings
859 1844 344 67 institution,
1231 1848 148 50 1936.

235 1929 76 35 xv,
344 1916 87 42 389
461 1928 43 38 p.
567 1917 128 41 illus.
739 1916 158 49 (map)
942 1916 177 49 diagrs.
1182 1917 53 39 21
1240 1919 44 22 cm
1289 1949 8 8 .
1372 1916 297 49 (Half-title:
1702 1917 104 40 The
1840 1916 234 43 Institute
2109 1920 53 39 of

166 1973 265 41 economics
454 1974 51 39 of
530 1974 79 40 the
633 1972 270 50 Brookings
929 1972 294 42 institution.
1277 1973 306 41 Publication
1606 1984 74 29 no.
1706 1973 79 47 66)

238 2043 1922 49 “The sixth … of the commodity studies which constitute the second
166 2099 1977 106 phase of … [the Institute of economics’] concurrent study of the Agricultural adjustment act.”—Director’s pref.
168 2224 52 54 ©
255 2229 113 48 Apr.
403 2228 40 48 9,
481 2228 139 44 1936;
660 2227 67 42 2c.
765 2229 113 47 May
915 2227 80 47 16;
1037 2226 81 41 aff.
1160 2228 113 48 May
1310 2227 80 46 11;
1431 2227 41 39 A
1507 2226 170 48 94468;
1716 2226 271 50 Brookings
237 2225 1906 103 institution.
476 2284 279 49 (36-27272)

167 2389 343 64 Rockwood,
540 2390 226 63 George
794 2390 62 61 L,
888 2393 169 50 1868-

240 2464 266 67 Cheever,
534 2464 257 66 Lincoln,
821 2464 111 52 and
960 2464 95 52 the
1082 2480 189 36 causes
1298 2462 63 53 of
1388 2463 94 52 the
1512 2461 132 54 civil
1671 2481 136 49 war,
1833 2463 75 68 by
1938 2461 221 71 George

170 2543 46 52 I.
256 2542 337 53 Rockwood.
669 2542 334 55 Worcester,
1040 2541 189 66 Mass.,
1266 2539 156 54 Priv.
1462 2539 194 69 print.,
1696 2544 147 49 1936.

239 2613 27 40 3
295 2623 43 38 p.
403 2643 9 18 l.,
442 2613 68 47 83,
546 2613 54 49 [1]
635 2624 42 37 p.
738 2611 55 41 19½
825 2614 43 21 cm
874 2643 8 8 .

241 2675 277 41 Half-title:
577 2676 214 40 Cheever
844 2676 95 39 and
996 2675 217 47 slavery;
1273 2675 209 47 running
1538 2674 134 41 title:
1730 2676 182 47 George
1968 2675 189 41 Barrell

171 2732 225 48 Cheever,
431 2732 302 47 protagonist
769 2732 50 39 of
853 2730 247 44 abolition.

242 2789 128 39 “The
402 2788 251 47 following
686 2797 149 38 paper
867 2797 100 30 was
1002 2787 114 40 read
1152 2789 51 38 at
1238 2798 26 29 a
1301 2788 211 47 meeting
1543 2787 52 41 of
1629 2783 82 45 the
1746 2788 257 41 American
170 2791 1972 102 antiquarian
410 2844 180 48 society

625 2845 48 39 in
710 2846 193 45 Boston,
941 2844 135 46 April
1114 2844 67 46 15,
1217 2843 279 41 1936.”—3d
1532 2845 185 47 prelim,
1753 2844 114 43 leaf.

171 2915 53 54 ©
266 2921 79 38 May
422 2919 68 46 29,
532 2918 140 42 1936;
717 2919 67 39 2c.
829 2919 95 39 and
968 2917 82 40 aff.
1096 2918 127 40 June
1266 2918 81 45 11;
1393 2917 41 40 A
1477 2916 170 47 95629;
1695 2918 54 41 G.
1794 2920 37 39 I.
1875 2919 288 48 Rockwood,

240 2977 283 39 Worcester.
588 2974 279 48 (36-13033)

170 3078 200 65 Roehl,
393 3077 328 54 Katherine
747 3076 288 55 McClure.

243 3156 55 51 A
324 3154 328 67 laboratory
680 3153 229 52 manual
939 3152 92 53 for
1059 3153 227 68 general
1317 3151 253 70 zoology,
1597 3152 74 69 by
1699 3154 321 53 Katherine
176 3156 1964 131 McClure
370 3232 199 65 Roehl,
589 3234 59 51 in
668 3229 408 55 collaboration
1104 3230 139 52 with
1266 3230 77 52 H.
1362 3230 78 52 H.
1459 3230 289 53 Newman.
1823 3233 137 51 New
1986 3233 179 66 York,

175 3310 120 54 The
323 3308 332 55 Macmillan
687 3327 296 49 company,
1015 3310 150 50 1936.

246 3384 80 47 vii,
353 3383 57 41 99
433 3395 43 37 p.
531 3384 22 38 1
580 3382 128 41 illus.
763 3382 84 48 22½
851 3384 43 22 cm
900 3413 9 9 .

173 3451 53 52 ©
261 3456 125 38 June
421 3454 67 40 16.
526 3452 140 46 1936;
704 3452 67 40 2c.
808 3452 96 40 and
940 3452 82 41 aff.
1060 3452 126 39 June
1225 3452 81 44 17;
1345 3451 41 40 A
1421 3451 171 48 96022;
1632 3454 280 41 Macmillan
1947 3465 67 31 co.

253 3510 277 46 (36-12951)

234 3610 1927 74 … Ruling case law. Supplement for use during 1936 only.
246 3689 1919 72 Volumes 1-8, R. C. L. perm. supp. … [and] Complete
245 3771 65 51 R.
340 3770 61 54 C.
430 3770 64 51 L.
521 3767 185 52 index.
770 3763 361 58 Cumulative
1156 3765 360 68 supplement
1543 3766 94 54 for
1663 3768 248 55 volumes
1944 3775 98 48 1-2
2071 3773 92 51 for

244 3841 1918 148 use during 1936 only … San Francisco, Calif., Bancroft-Whitney company; Rochester,
1223 3922 69 51 N.
1320 3921 91 64 Y.,
1438 3921 121 53 The
1585 3924 266 67 Lawyers
245 3944 1893 110 co-operative
384 3999 332 67 publishing
743 4015 293 49 company,
1065 4000 148 50 1936.

245 4074 57 39 10
327 4085 42 28 v.
425 4073 56 37 24
483 4074 43 20 cm
532 4103 8 8 .
