2519 4377
1326 4163 102 53 420

356 566 429 70 Philadelphia,
828 567 254 70 Chicago
1144 572 121 63 [etc.]
1311 568 122 53 The
1474 568 157 54 John
1674 566 63 56 C.
1776 566 271 56 Winston
2086 584 280 53 company

376 648 177 65 [ c 1936]
428 718 86 42 259
545 730 44 38 p.
649 719 164 48 front.,
846 720 128 41 illus.
1035 719 146 42 20½cm.

428 776 133 41 Each
588 778 115 47 part
733 779 235 46 preceded
999 777 60 48 by
1091 787 120 39 page
1244 778 119 40 with
1397 777 238 41 half-title
1668 779 84 39 not
1784 776 229 43 included
2043 777 51 41 in
2124 778 81 41 the
356 776 1994 98 pagination
564 834 83 51 ([4]
678 836 69 47 p.)

429 890 175 43 “Faith
633 891 209 49 primer”
880 892 65 48 (p.
991 892 247 50 [237]-259)
1275 894 90 40 has
1389 892 181 49 special
1599 895 97 46 t.-p.

358 947 53 54 ©
440 953 121 40 Mar.
590 952 69 48 10,
687 952 142 41 1936:
859 952 66 41 2c.
956 954 122 39 Mar.
1104 952 83 48 26;
1220 952 82 42 aff.
1332 954 122 40 Mar.
1483 954 83 47 27;
1596 953 41 41 A
1664 953 172 48 92587;
1869 954 48 42 Z.
1947 955 62 41 H.
2040 954 145 49 Copp,
428 952 1927 106 Philadelphia.
710 1010 253 48 (36-8793)

360 1114 240 65 Corliss,
627 1118 139 52 Mrs.
793 1116 223 56 Allene.

433 1192 102 53 It’s
572 1211 112 49 you
725 1193 31 51 I
795 1198 172 59 want,
1006 1193 74 68 by
1119 1192 204 54 Allene
1364 1192 230 55 Corliss.
1672 1193 138 53 New
1856 1192 179 69 York,
2075 1194 216 52 Farrar
2331 1195 44 50 &
361 1269 280 55 Rinehart
671 1270 106 53 inc.
855 1272 132 51 [c1936]

429 1340 27 40 3
485 1352 43 37 p.
593 1373 8 14 l.,
631 1342 143 40 3-241
808 1353 41 37 p.
912 1342 58 40 19½c
1016 1344 27 21 m
1049 1373 8 8 .

361 1398 52 53 ©
438 1403 113 47 Apr.
580 1403 68 46 13,
675 1402 114 40 1936;
845 1403 67 39 2c.
940 1402 114 49 Apr.
1082 1403 81 46 15;
1194 1402 82 41 aff.
1304 1403 113 48 Apr.
1446 1403 82 46 14;
1557 1403 41 39 A
1625 1403 171 47 92944;
1824 1403 54 41 A.
1907 1402 199 50 Corliss,
2137 1404 89 40 Old
430 1405 1929 103 Bennington,
675 1461 76 39 Vt.
823 1460 252 48 (36-8622)

363 1561 370 66 Crittenden,
762 1565 207 64 Henry
994 1565 256 65 Huston,
1283 1569 170 50 1859-
1667 1582 180 49 comp.

434 1641 1881 69 The Crittenden memoirs, compiled by H. H. Crittenden …
368 1721 134 52 New
532 1720 182 54 York,
742 1720 67 55 G.
841 1720 64 53 P.
935 1719 296 54 Putnam’s
1261 1738 146 49 sons,
1436 1723 149 51 1936.

436 1803 76 36 xv,
543 1791 175 41 17-542
748 1803 42 37 p.
852 1791 164 48 front.,
1050 1793 169 47 plates,
1250 1795 163 45 ports.,
1443 1793 118 40 fold,
1592 1793 183 48 geneal.
1808 1792 109 48 tab.,
1948 1792 206 48 facsim.,
2186 1793 108 40 coat
2327 1792 52 41 of

362 1859 145 30 arms.
568 1848 56 41 24
627 1851 15 21 cm
677 1881 8 8 .

363 1906 52 53 ©
443 1911 114 47 Apr.
585 1911 41 45 3,
655 1909 142 46 1936;
828 1910 67 40 2c.
923 1911 95 38 and
1050 1909 82 40 aff.
1162 1909 114 48 Apr.
1307 1910 52 43 6;
1392 1909 39 39 A
1460 1909 171 47 92775;
1666 1911 60 39 H.
1758 1910 61 40 H.
1851 1909 300 49 Crittenden,
2182 1911 197 40 Kansas

435 1968 125 48 City,
585 1969 94 39 Mo.
753 1966 253 49 (36-8665)

365 2071 237 64 Cronin,
630 2071 157 54 John
815 2070 276 57 William.

435 2148 52 52 A
528 2148 412 69 bibliography
983 2146 66 54 of
1087 2146 261 55 William
1391 2148 204 68 Henry
1637 2147 306 68 Harrison,
1987 2148 158 54 John
2188 2148 193 67 Tyler,

363 2228 194 54 James
586 2228 175 53 Knox
791 2227 167 67 Polk,
987 2224 282 71 compiled
1298 2227 35 53 by
1404 2226 157 56 John
1591 2227 89 54 W.
1715 2226 213 56 Cronin
1961 2228 113 53 and
2105 2228 89 53 W.
366 2226 1990 151 Harvey
500 2309 175 66 Wise,
708 2307 70 69 jr.

848 2307 404 69 Washington,
1286 2308 71 51 D.
1395 2306 82 69 C.,
1511 2306 317 54 Riverford
1863 2306 338 70 publishing
368 2325 1987 131 company,
570 2391 151 49 1935.

434 2463 57 40 60½
521 2474 42 36 p.
622 2462 57 40 26
682 2465 45 21 cm
732 2495 8 7 .
811 2462 97 48 (On
940 2472 164 30 cover:
1136 2461 355 41 “Presidential
1523 2460 404 50 bibliographical
1957 2461 166 40 series,
2185 2472 74 30 no.
2292 2459 81 51 6”)

439 2520 225 41 Includes
694 2520 147 39 blank
870 2531 147 37 pages
1047 2522 52 38 at
1129 2520 92 40 end
1251 2519 50 41 of
1330 2520 119 39 each
1479 2517 354 50 bibliography.

367 2574 52 53 ©
452 2579 110 39 Jan.
595 2579 69 45 17,
699 2577 140 47 1936;
876 2577 66 40 2c.
977 2578 95 39 and
1107 2576 81 41 aff.
1224 2578 120 38 Mar.
1379 2576 55 40 10;
1498 2577 40 38 A
1572 2575 171 47 93115;
1778 2577 43 39 J.
1856 2576 71 40 W.
1963 2574 182 42 Cronin
2179 2576 95 39 and
2309 2575 71 40 W.

435 2637 199 46 Harvey
669 2635 145 47 Wise,
846 2635 76 47 jr.,
957 2634 337 48 Washington.
1366 2633 251 48 (36-8653)

369 2739 202 63 Davis,
596 2739 207 53 James
826 2738 265 65 Francis,
1119 2742 172 52 1870-

438 2817 121 52 The
589 2816 142 53 road
760 2823 58 46 to
850 2815 116 55 San
994 2814 251 68 Jacinto,
1275 2815 72 67 by
1377 2815 54 53 J.
1464 2814 198 52 Frank
1690 2812 196 54 Davis.
1964 2812 418 69 Indianapolis,

370 2892 1552 69 New York, The Bobbs-Merrill company [ c 1936]
444 2966 26 39 5
496 2977 43 38 p.
603 2997 9 17 l.,
639 2966 147 40 9-334
811 2976 44 38 p.
915 2965 118 41 20cm.

442 3025 140 47 Maps
616 3033 61 30 on
712 3024 363 47 lining-papers.

442 3081 162 40 “First
638 3080 229 41 edition.”

370 3138 52 54 ©
449 3142 114 48 Apr.
592 3142 69 46 15,
691 3140 140 47 1936;
861 3140 68 40 2c.
958 3141 95 38 and
1082 3139 82 41 aff.
1193 3139 114 47 Apr.
1333 3139 82 46 20;
1447 3139 40 39 A
1516 3139 171 46 92996;
1720 3138 370 41 Bobbs-Merrill
2120 3150 67 30 co.

454 3198 252 49 (36-8770)

375 3300 389 70 [Day-Lewis,
799 3299 172 67 Cecil]
1013 3306 170 49 1904-

443 3380 165 53 Thou
653 3378 144 54 shell
841 3377 64 53 of
947 3377 202 63 death;
1195 3396 30 33 a
1270 3377 161 51 novel
1480 3376 75 65 by
1599 3376 272 54 Nicholas
1916 3376 181 53 Blake
2146 3375 211 68 [pseud.]

370 3458 259 66 London,
656 3457 144 53 Pub.
830 3456 94 53 for
950 3456 94 53 the
1072 3454 189 55 Crime
1287 3455 128 53 club
1445 3455 72 68 by
1544 3454 220 56 Collins
1812 3457 152 64 [1936]

443 3532 87 42 288
558 3543 43 39 p.
663 3531 147 42 19½cm.

443 3588 261 41 American
737 3587 185 42 edition
969 3587 141 49 (New
1146 3587 131 41 York
1312 3588 96 39 and
1445 3587 213 46 London,
1696 3587 194 48 Harper
1927 3586 36 40 &
2000 3585 248 47 brothers)
2295 3586 88 40 has

374 3646 135 41 title:
545 3646 133 41 Shell
707 3645 53 41 of
786 3645 163 41 death.

373 3700 2009 52 © 1c. Apr. 17, 1936; A ad int. 21332; pubd. Mar. 2; Harper & bros.,
443 3761 117 39 New
592 3761 146 39 York.
814 3757 251 50 (36-9467)

375 3852 83 51 De
483 3852 146 64 Puy,
658 3851 255 53 Edward
938 3851 242 63 Spence,
1209 3854 170 51 1872-

508 3921 1874 75 … The long knife … Garden City, N. Y., Pub. for the
375 4003 192 60 Crime
614 4006 148 69 club,
810 4004 125 70 inc.,
979 4004 75 69 by
1103 4002 359 69 Doubleday,
1508 4001 197 53 Doran
1753 4001 112 54 and
1915 4018 299 51 company,
2262 3999 122 65 inc.,

376 4087 148 49 1936.
