2519 4377
1102 4122 131 49 1229

142 480 1287 67 Punch, v . 191, no. 4968, August 5, 1936.
146 560 1998 59 © 1c. Oct. 2, 1936; A ad int. 21856; pubd. Aug. 5; Herbert Heather,
216 625 210 40 London.

144 730 298 62 Punshon,
471 730 219 51 Ernest
717 727 349 61 Robertson,
1098 727 171 54 1872-

216 819 122 52 The
376 817 137 54 bath
552 816 313 70 mysteries,
903 817 75 67 by
1018 817 66 52 E.
1125 817 68 53 R.
1236 815 290 54 Punshon.
1601 814 259 66 London,
1898 814 70 53 V.
147 812 1974 153 Gollancz,
353 898 122 65 ltd.,
507 901 151 50 1936.

219 985 87 42 286
335 995 44 38 p.
438 983 117 42 19cm.

150 1051 1998 54 © 1c. Sept. 3, 1936; A ad int. 21817; pubd. July 6; E. R. Punshon,
219 1112 211 40 London.
496 1110 280 49 (36-20258)

149 1217 258 64 Rounds,
436 1215 163 55 Glen.

305 1305 11 26 Ol’
356 1306 165 62 Paul,
562 1305 96 53 the
697 1304 226 69 mighty
962 1305 225 67 logger;
1231 1303 171 69 being
1439 1321 31 34 a
1510 1309 125 47 true
1680 1307 235 49 account
1955 1302 65 53 of
2057 1303 96 52 the

152 1384 311 68 seemingly
492 1383 310 54 incredible
832 1382 245 68 exploits
1104 1382 113 52 and
1246 1380 324 55 inventions
1599 1380 64 54 of
1689 1381 96 53 the
1814 1388 163 63 great
2005 1382 147 54 Paul

156 1463 262 67 Bunyan,
453 1461 298 69 profusely
783 1461 324 53 illustrated
1141 1461 74 68 by
1251 1460 290 68 drawings
1575 1461 168 52 made
1773 1466 59 48 at
1866 1461 95 52 the
1996 1479 158 36 scene

153 1540 74 69 by
250 1541 96 52 the
373 1541 223 59 author,
621 1539 144 55 Glen
792 1539 251 53 Rounds.
1111 1540 157 66 [New
1292 1539 179 66 York]
1501 1539 260 69 Holiday
1785 1540 191 68 house,
2004 1544 148 50 1936.

226 1629 98 48 132,
359 1629 55 49 [2]
447 1640 43 37 p.
550 1628 164 45 front.,
748 1629 127 40 illus.
937 1628 55 41 19½cm.

156 1696 53 53 ©
242 1701 113 47 Apr.
390 1701 69 47 25,
495 1700 139 48 1936;
673 1701 66 40 2c.
773 1700 99 40 and
906 1700 80 41 aff.
1027 1701 127 47 Sept.
1192 1701 82 48 10;
1313 1702 40 38 A
1387 1700 172 49 98316;
1598 1700 213 49 Holiday
1846 1702 165 48 house,
2047 1702 107 49 inc.,

223 1757 117 39 New
362 1758 143 40 York.
570 1756 281 49 (36-19227)

153 1860 297 64 Ruthven,
478 1861 345 55 Madeleine.

227 1951 302 56 Sondelius
571 1970 155 35 came
766 1958 59 47 to
868 1953 94 52 the
1003 1953 343 68 mountains,
1388 1954 74 67 by
1505 1954 320 54 Madeleine
1869 1956 286 53 Ruthven.

154 2031 111 52 Los
290 2029 265 68 Angeles,
582 2031 121 52 The
730 2031 334 52 Primavera
1090 2049 175 49 press,
1294 2036 149 50 1934.

225 2115 57 42 36
309 2127 43 38 p.
412 2115 117 42 22cm.

226 2186 184 43 Poems.

159 2253 53 54 ©
239 2259 113 47 Apr.
381 2260 69 47 25,
479 2259 114 41 1934;
650 2260 67 41 2c.
747 2261 120 47 Aug.
897 2262 69 47 13,
996 2261 113 41 1936;
1172 2262 80 40 aff.
1283 2264 118 46 Aug.
1433 2263 54 40 12;
1545 2265 43 39 A
1614 2263 145 42 96917;
1820 2266 62 40 M.
1914 2265 243 48 Ruthven,

230 2317 206 46 Beverly
470 2317 143 48 Hills,
647 2317 145 42 Calif.
864 2318 280 50 (36-18879)

159 2421 168 64 Sark,
356 2422 218 64 Sylvia.

232 2511 233 54 Fateful
499 2514 152 67 lady,
684 2514 73 68 by
792 2513 198 69 Sylvia
1026 2513 165 56 Sark.
1259 2516 258 68 London,
1553 2517 159 54 Mills
1744 2520 44 51 &
1823 2520 179 52 Boon,
159 2520 1977 123 limited
308 2594 172 64 [1936]

231 2679 86 39 254
344 2689 44 37 p.
473 2678 85 40 19cm.

162 2744 59 53 ©
277 2758 37 31 1c.
344 2749 119 48 Aug.
497 2749 69 48 29,
600 2750 141 46 1936;
776 2751 41 39 A
849 2751 62 39 ad
943 2751 88 42 int.
1063 2752 171 48 21793;
1271 2754 144 48 pubd.
1451 2756 116 47 July
1600 2757 53 47 3;
1693 2758 44 40 S.
1775 2758 137 41 Sark.
1948 2760 213 40 London.

243 2805 279 50 (36-18905)

163 2910 304 64 Seymour,
492 2913 137 51 Mrs.
658 2912 270 53 Beatrice
955 2913 169 53 Kean
1157 2915 369 65 (Stapleton)

295 3000 1757 74 … Summer of life. London, AY. Heinemann, ltd. [1936]
238 3073 589 49 5 p. l., 3-427 p. 20cm.
235 3130 63 39 At
327 3130 126 39 head
484 3130 51 41 of
566 3130 109 40 title:
737 3132 224 40 Beatrice
991 3133 140 39 Kean
1165 3134 244 46 Seymour.

170 3194 1994 65 © 1c. Sept. 9, 1936; A ad int. 21813; pubd. July 13; B. K. Seymour,
240 3256 210 39 London.
517 3257 280 49 (36-19826)

167 3361 348 65 Shabazian,
545 3362 267 65 Ludwig.

237 3450 192 53 Relief
463 3456 58 47 to
556 3451 256 69 royalty;
845 3452 97 53 the
974 3457 156 64 story
1165 3454 63 53 of
1261 3455 194 54 James
1489 3458 57 53 J.
1580 3459 324 69 Braddock,
1940 3465 224 53 world's

169 3528 1996 81 heavyweight champion, by Lud [pseud.] … foreword by Damon
170 3606 262 53 Runyon.
516 3607 212 67 [Union
772 3608 153 69 City,
967 3610 70 53 N.
1079 3611 76 67 J.,
1197 3611 241 55 Printed
1480 3615 74 67 by
1598 3615 243 55 Hudson
1885 3620 280 68 dispatch,

169 3688 173 62 c1936]

239 3756 1281 55 3 p. l., 191 p. illus., 2 port. (incl. front.) 20cm.
245 3812 161 42 “With
440 3817 94 37 two
567 3815 329 49 photographs
929 3818 96 39 and
1060 3819 223 41 nineteen
1318 3822 327 42 illustrations
1680 3825 58 49 by
1773 3828 81 40 the
1889 3831 220 40 author.”

245 3868 286 42 “Erratum”
562 3871 213 42 inserted
806 3873 211 41 between
1049 3885 145 39 pages
1223 3876 84 40 190
1337 3879 95 38 and
1461 3879 98 41 191.

243 3925 202 43 Preface
473 3926 165 50 signed:
701 3928 100 41 Lud
832 3928 288 44 Shabazian.

178 3992 53 54 ©
261 3998 119 47 Aug.
414 3997 70 48 20,
516 3998 140 45 1936;
692 3998 67 41 2c.
792 3999 96 39 and
922 4000 80 41 aff.
1035 4002 120 47 Aug.
1188 4002 82 48 29;
1306 4005 40 38 A
1379 4005 170 49 97587;
1585 4009 50 40 L.
1672 4010 287 51 Shabazian,
245 4016 1925 87 Grant-wood,
421 4055 55 39 N.
504 4054 43 41 J.
612 4054 280 51 (36-19113)
