2519 4377
1336 4046 65 49 64

357 366 229 65 Kallen,
616 368 259 58 Miriam.

429 444 1940 73 A primary teacher steps out, by Miriam Kallen … with an
358 522 2013 74 introduction by Y. T. Thayer … Boston. New York, Lothrop,
357 602 110 52 Lee
498 605 113 53 and
643 603 266 69 Shepard
940 623 299 51 company,
1270 610 151 51 1936.

430 665 914 61 2 p. l., x, 11-241 p. illus. 19½cm.
432 733 332 49 Biblography
782 745 10 29 :
826 745 44 38 p.
898 735 219 41 219-241.

357 787 51 53 ©
445 792 109 40 Jan.
592 792 70 48 20,
700 792 142 47 1936;
881 793 68 41 2c.
986 794 108 39 Jan.
1135 794 82 47 22;
1256 794 83 41 aff.
1377 795 110 41 Jan.
1524 794 82 47 21;
1647 795 40 39 A
1725 794 171 46 90417;
1938 794 229 47 Lothrop,
2208 794 92 41 Lee
2339 795 36 40 &

429 850 221 48 Shepard
680 861 67 30 co.
816 850 253 50 (36-3088)

358 924 203 65 Kiner,
592 925 206 58 Grace.

517 1001 1858 71 … Man learns to use his world, by Grace Kiner and Dorothea
356 1080 198 54 Davis.
621 1079 273 71 Chicago,
921 1082 218 53 Follett
1168 1082 338 70 publishing
1528 1099 281 51 company
1844 1084 195 65 [c1935]

428 1151 99 49 219,
566 1152 54 49 [1]
658 1163 43 38 p.
764 1153 128 40 illus.
921 1152 136 49 (incl.
1092 1154 163 48 maps)
1324 1155 116 40 21cm.
1515 1155 206 47 (Follett
1755 1155 150 40 social
1940 1155 189 39 science
2162 1154 197 40 readers.

358 1208 123 41 book
508 1209 53 48 4)

429 1267 293 40 Illustrated
754 1266 365 50 lining-papers.

429 1323 265 41 Published
724 1325 278 47 separately
1030 1325 155 41 under
1213 1326 82 40 the
1322 1325 252 49 following
1602 1327 134 39 titles
1755 1336 8 29 :
1793 1328 66 46 pt.
1888 1327 39 46 1,
1958 1326 123 40 How
2111 1327 82 39 the
2221 1326 153 41 world

359 1390 131 38 grew
532 1391 78 39 up,
655 1382 62 47 by
761 1381 156 40 Grace
958 1381 299 48 Kiner.—pt.
1300 1382 40 48 2,
1385 1383 123 39 How
1553 1384 82 39 the
1678 1382 152 41 world
1873 1385 229 46 supports
2144 1393 126 39 man,
2313 1383 60 49 by

358 1439 249 40 Dorothea
640 1439 61 41 H.
736 1439 168 41 Davis.

357 1494 53 54 ©
439 1500 115 47 May
581 1499 71 48 24,
684 1497 118 41 1935;
856 1497 69 41 2c.
955 1499 111 39 Jan.
1096 1497 39 49 2,
1165 1497 118 41 1936;
1338 1498 83 41 aff.
1452 1499 109 39 Jan.
1593 1498 26 40 9
1638 1510 8 31 :
1679 1500 40 38 A
1749 1498 148 41 90238;
1956 1499 181 40 Follett
2168 1500 110 47 pub.
2307 1508 69 32 co.

438 1555 254 50 (36-3519)

357 1631 87 54 La
468 1633 129 52 Due
623 1631 295 55 technical
945 1631 298 66 institute,
1275 1632 285 66 Oakland,
1589 1632 174 67 Calif.

428 1711 85 52 La
552 1711 128 52 Due
718 1715 188 49 motor
945 1716 242 62 tune-up
1226 1710 114 54 and
1378 1710 195 69 repair
1610 1710 290 54 reference
1937 1712 252 62 manual,
358 1729 1993 127 compiled
547 1789 114 53 and
693 1788 191 54 edited
915 1788 77 69 by
1020 1787 99 54 the
1148 1789 256 52 research
1433 1788 137 53 staff
1599 1788 64 54 of
1693 1789 97 54 the
1820 1789 83 53 La
1934 1789 129 54 Due
2093 1787 282 54 technical

359 1868 266 54 institute
658 1869 183 53 under
874 1868 100 54 the
1005 1866 360 70 supervision
1396 1868 65 53 of
1494 1868 73 53 A.
1601 1869 70 54 V.
1707 1868 84 53 La
1827 1868 451 54 Due—director
2312 1868 64 55 of

359 1948 287 67 research;
698 1947 274 54 associate
1016 1948 242 53 editors:
1304 1948 63 52 L.
1418 1946 63 56 C.
1528 1947 162 68 Hall,
1738 1948 67 52 E.
1855 1949 67 53 V.
1972 1947 198 54 Drake
2239 1948 112 53 [and]

357 2026 241 53 Everett
631 2025 195 55 Greer.
903 2025 288 68 Oakland,
1228 2025 196 68 Calif.,
1457 2027 120 53 The
1614 2027 83 52 La
1732 2027 125 53 Due
1895 2025 281 55 technical
359 2027 1991 131 institute
513 2108 193 65 [c1935]

427 2179 1234 50 106, [3] p. illus., III pl. on 2 l., diagrs. 28cm.
358 2232 53 53 ©
444 2237 119 40 Nov.
598 2237 40 49 2,
674 2235 142 50 1935;
852 2236 67 41 2c.
956 2237 98 40 and
1088 2236 82 41 aff.
1207 2237 109 39 Jan.
1351 2236 40 48 6,
1427 2235 113 41 1936;
1604 2237 41 39 A
1678 2235 172 49 91036;
1888 2237 68 40 La
1994 2237 106 40 Due
2136 2236 242 42 technical

429 2293 245 42 institute.
743 2294 253 49 (36-2353)

359 2356 235 65 Leeser,
624 2357 163 65 Otto,
816 2363 173 49 1888-

362 2433 2012 149 Textbook of homeopathic materia medica; inorganic medicinal substances, by Otto Leeser … translated from the German
362 2591 1941 69 by Linn J. Boyd … Philadelphia, Boericke & Tafel, 1935.
429 2663 97 48 xvi,
555 2662 86 41 987
668 2673 44 37 p.
772 2663 118 40 19cm.

433 2720 344 40 “Translation
814 2720 52 39 of
901 2720 215 41 Leeser’s
1152 2721 256 40 Lehrbuch
1445 2721 86 40 der
1564 2720 355 49 homoöpathie,
1962 2721 262 47 Spezieller
2261 2723 84 39 teil;

364 2777 492 49 Arzneimittellehre,
961 2788 10 29 A:
1027 2778 93 39 Die
1172 2777 377 40 mineralischen
1604 2777 435 41 arzneimittel.”—
2042 2778 331 40 Translator’s

358 2836 127 39 note.

430 2891 353 50 Bibliography
801 2905 10 30 :
843 2904 43 38 p.
919 2891 218 42 907-935.

359 2949 52 53 ©
439 2954 119 39 Nov.
589 2954 69 48 15,
688 2953 142 48 1935;
860 2953 65 40 2c.
957 2954 96 39 and
1083 2953 82 39 aff.
1198 2953 108 39 Jan.
1336 2952 70 48 21,
1437 2951 113 40 1936;
1610 2952 40 38 A
1680 2951 171 47 90394;
1885 2952 236 41 Boericke
2153 2953 35 40 &
2217 2953 158 42 Tafel,

424 3011 90 40 inc.
577 3011 254 48 (36-2607)

362 3073 285 65 Lehman,
676 3073 148 54 Paul
852 3075 189 53 Evan.

431 3148 1839 71 The Cougar of Canyon Caballo, by Paul Evan Lehman …
363 3229 138 53 New
529 3227 183 67 York,
739 3226 188 56 Green
955 3227 169 55 circle
1151 3227 193 66 books,
1372 3230 152 51 1936.

430 3300 370 51 254 p. 19 ½c m.
360 3355 52 53 ©
446 3360 109 39 Jan.
588 3358 70 44 29,
691 3359 114 40 1936;
867 3358 68 42 2c.
969 3360 96 39 and
1099 3359 81 40 aff.
1215 3360 111 39 Feb.
1361 3359 24 38 5;
1448 3359 41 38 A
1521 3357 144 40 91600;
1727 3358 93 40 Lee
1855 3358 230 42 Furman,
2120 3358 105 47 inc.,
2260 3359 117 40 New

435 3416 140 40 York.
648 3416 253 48 (36-3133)

362 3478 280 64 Lindsay,
673 3478 244 62 Martin,
951 3485 172 49 1905-

434 3553 237 70 Sledge;
719 3555 97 53 the
864 3555 225 54 British
1134 3554 518 55 trans-Greenland
1698 3551 351 69 expedition,
2100 3556 150 64 1934,
2298 3552 76 69 by

364 3630 2007 72 Marlin Lindsay … with 5 maps, 48 half-tone plates, and
363 3729 302 36 numerous
704 3711 115 53 line
860 3712 397 53 illustrations.
1335 3711 240 53 London
1623 3714 138 63 [etc.]
1811 3709 213 55 Cassell
2072 3711 112 53 and
362 3728 1985 130 company,
560 3790 105 53 ltd.
703 3793 173 65 [1935]

433 3863 64 42 xi.
519 3864 86 40 342
628 3873 44 38 p.
724 3863 164 47 front.,
914 3863 128 41 illus.
1073 3864 132 47 (incl.
1231 3865 161 46 maps)
1424 3864 157 47 plates
1611 3861 47 46 (7
1683 3862 142 41 fold.)
1862 3864 163 45 ports.,
2050 3860 154 48 diagr.
2256 3860 116 41 24cm.

360 3918 2014 53 © 1c. Jan. 14, 1936; A ad int. 21024; pubd. Nov. 18, 1935: M. Lindsay.
434 3980 211 40 London.
718 3979 227 49 (36-3940)
