2519 4377
1294 4128 134 54 1756

332 420 277 64 Hannan,
639 420 177 64 Mary
845 417 278 68 Consilia,
1154 419 181 53 sister.

409 554 56 10 ...
529 511 168 56 Some
753 512 498 66 thermodynamic
1306 512 322 68 properties
1685 512 64 53 of
1803 513 128 53 lead
1990 513 254 53 chloride
2301 511 59 55 in

335 609 246 49 aqueous
612 590 270 68 solution,
913 591 75 67 by
1024 590 183 55 Sister
1238 592 173 67 Mary
1445 590 255 57 Consilia
1734 593 257 52 Hannan
2031 635 56 10 ...
332 592 2003 145 Washington,

588 671 74 53 D.
697 672 83 66 C.,
812 670 121 53 The
968 670 265 55 Catholic
1265 670 322 69 university
1619 671 63 54 of
1717 671 286 66 America,
2039 674 152 50 1936.

405 755 714 51 4 p. l., 22 p. diagr. 23 cm .
407 828 174 41 Thesis
623 829 109 49 (PH.
794 827 211 50 D.)—The
1037 828 225 41 Catholic
1293 828 276 48 university
1602 829 53 40 of
1684 828 241 42 America.

336 896 53 53 ©
432 900 130 49 Sept.
602 899 71 49 16,
712 898 117 42 1936;
898 899 68 42 2c.
1009 899 97 40 and
1149 899 80 40 aff.
1277 901 128 46 Sept.
1446 899 56 39 22;
1574 901 41 38 A
1654 899 147 41 98565;
1873 899 227 42 Catholic
2139 900 133 42 univ.
2314 900 52 41 of

407 957 241 42 America.

335 1063 370 65 Huberman,
730 1063 137 58 Leo.

407 1152 188 56 Man’s
625 1152 250 71 worldly
903 1153 180 70 goods;
1142 1154 100 53 the
1270 1158 158 66 story
1459 1153 65 55 of
1552 1154 99 54 the
1680 1154 209 54 wealth
1921 1154 65 54 of
2015 1154 248 70 nations,
2292 1155 75 69 by

336 1233 115 53 Leo
476 1231 344 55 Huberman
850 1276 57 10 ...
974 1233 141 54 New
1139 1232 166 55 York
1330 1234 113 53 and
1467 1233 262 68 London,
1752 1234 238 68 Harper
2017 1236 45 51 &
2086 1234 280 68 brothers,

338 1314 152 51 1936.

407 1385 85 48 xii,
519 1385 90 41 349
634 1398 45 37 p.
735 1385 146 50 illus.,
909 1386 174 50 plates,
1109 1385 221 42 facsims.
1386 1385 56 42 23
1446 1388 45 22 cm
1496 1419 9 9 .

411 1442 165 41 “First
607 1442 232 42 edition.”

408 1499 360 49 Bibliography;
825 1510 44 39 p.
897 1498 221 43 333-343.

338 1567 53 55 ©
423 1572 119 40 Nov.
576 1572 71 49 17,
681 1571 117 42 1936;
858 1571 68 41 2c.
961 1573 119 40 Nov.
1115 1571 57 39 14;
1236 1571 81 42 aff.
1353 1573 119 39 Nov.
1504 1571 55 41 19;
1624 1573 40 40 A
1698 1571 175 42 100552;
1938 1573 197 49 Harper
2170 1574 36 41 &
2241 1573 125 41 bros.

424 1629 286 50 (36-33935)

337 1735 186 66 Koch,
553 1736 260 55 William
845 1736 339 57 Frederick.

409 1829 251 53 Natural
717 1828 340 69 immunity;
1120 1831 75 52 its
1254 1829 255 54 curative
1569 1828 309 70 chemistry
1937 1831 62 52 in
2054 1830 313 68 neoplasia,

340 1907 239 68 allergy,
611 1907 301 55 infection.
989 1909 56 52 A
1077 1908 154 53 brief
1265 1926 224 51 survey,
1522 1909 75 67 by
1628 1911 150 53 Wm.
1813 1911 65 51 F.
1914 1910 183 53 Koch.
2174 1909 73 54 3d
2281 1908 84 55 ed.

344 1986 267 68 [Detroit]
641 1993 22 21 c
668 1990 152 52 1936.

411 2059 813 50 2 p. l., 3-154 p. illus. 23½cm.
341 2127 53 53 ©
424 2132 121 47 Aug.
574 2130 70 50 28,
677 2130 117 42 1936;
852 2131 69 41 2c.
952 2131 98 40 and
1082 2132 82 40 aff.
1199 2132 129 48 Sept.
1359 2131 27 41 3;
1447 2133 43 39 A
1520 2130 147 42 98239;
1727 2133 71 40 W.
1834 2133 50 40 F.
1917 2131 154 51 Koch,
2103 2131 209 42 Detroit.

341 2253 188 65 Lang,
557 2252 175 57 Cecil.

414 2345 165 52 Boda
618 2345 98 53 the
756 2344 238 69 buffalo,
1037 2345 114 52 and
1194 2345 164 52 other
1398 2344 162 66 tales,
1599 2344 76 69 by
1716 2344 246 55 Lt.-Col.
2007 2344 157 55 Cecil
2203 2345 168 69 Lang

354 2423 215 70 (Skene
598 2423 167 70 Dhu)
809 2468 56 9 ...
934 2425 263 67 London,
1224 2424 78 53 H.
1331 2424 264 69 Jenkins,
1623 2424 225 54 limited
1882 2427 176 66 [1936]

414 2498 807 50 viii p., 1 l., 11-309 p. 20 cm . .
700 2556 199 40 CONTENTS.—Boda
943 2557 85 40 the
1070 2556 559 50 buffalo.—Son-Kutta,
1671 2557 85 40 the
1798 2556 115 39 wild
1958 2556 411 50 dog.—Maliseer,

343 2614 85 41 the
467 2616 141 46 great
647 2615 340 47 carp.—Anay
1026 2614 54 39 of
1118 2614 85 41 the
1243 2615 141 46 great
1423 2614 410 40 tusks.—Bhaloo
1875 2613 84 41 the
2000 2613 370 41 bear.—Dukur

345 2671 82 41 the
459 2673 254 39 Deccanee
743 2671 375 48 boar.—Magar
1152 2671 84 40 the
1268 2670 256 42 crocodile.

345 2739 2028 54 © 1c. Nov. 27, 1936; A ad int. 22091; pubd. Oct. 9; Cecil Frederick
416 2801 158 40 Grant
607 2801 151 49 Lang,
795 2801 197 41 Church
1028 2800 288 49 Crookham,
1353 2801 178 47 Hants,
1568 2799 238 48 England.
427 2857 286 52 (36-35394)

344 2965 256 64 Leavell,
625 2966 141 53 Mrs.
794 2964 245 54 Martha
1071 2964 258 65 (Boone)
1366 2969 173 50 1894-

417 3055 286 71 Building
761 3076 31 34 a
851 3055 299 56 Christian
1206 3057 182 66 home,
1443 3055 77 69 by
1576 3055 237 53 Martha
1870 3058 196 51 Boone
2121 3056 247 53 Leavell.

347 3134 319 69 Nashville,
708 3136 199 68 Tenn.,
947 3136 122 52 The
1109 3135 241 68 Sunday
1388 3135 193 53 school
1618 3135 180 54 board
1838 3134 65 54 of
1942 3136 98 52 the
2083 3135 286 56 Southern

346 3214 839 70 Baptist convention [ c 1936]
420 3290 85 41 172
537 3300 42 38 p.
642 3288 58 41 19
702 3291 44 22 cm
750 3320 9 9 .

423 3345 383 49 “Bibliography
842 3346 96 40 and
974 3346 260 48 suggested
1268 3345 150 40 books
1452 3344 81 40 for
1567 3344 197 41 further
1798 3345 148 47 study
1980 3345 96 39 and
2110 3344 232 48 reading”;

350 3416 42 38 p.
425 3404 219 43 169-172.

351 3474 52 52 ©
434 3479 127 46 Sept.
620 3509 8 17 8,
656 3476 143 49 1936;
829 3476 68 40 2c.
927 3477 102 40 Oct.
1055 3475 82 48 13;
1169 3476 82 39 aff.
1281 3475 101 41 Oct.
1412 3474 81 48 12;
1525 3476 40 38 A
1591 3473 146 41 99712;
1800 3474 198 47 Sunday
2027 3473 164 40 school
2221 3472 152 40 board

423 3534 51 40 of
501 3534 82 41 the
612 3534 246 42 Southern
886 3534 197 48 Baptist
1111 3532 304 41 convention.
1484 3530 283 51 (36-33917)

350 3641 285 63 Lehman,
667 3640 318 53 Frederick
1016 3640 275 53 Edward.

422 3732 191 53 Labor
660 3732 279 53 standard
987 3737 58 47 to
1093 3733 223 66 replace
1362 3731 137 67 gold
1547 3731 112 51 and
1705 3730 173 52 silver
1926 3729 324 67 standards,
2297 3728 74 67 by

352 3813 168 51 Fred.
551 3813 66 51 E.
647 3811 273 52 Lehman.
1021 3811 113 51 [Los
1161 3810 267 67 Angeles,
1456 3816 17 20 c
1479 3812 152 63 1936]

424 3884 290 48 cover-title,
744 3883 86 40 104
858 3894 44 38 p.
962 3882 57 41 23
1022 3886 43 21 cm
1072 3917 8 7 .

354 3950 54 53 ©
437 3955 120 47 Aug.
588 3953 41 49 8,
661 3952 142 50 1936;
837 3952 68 42 2c.
933 3954 118 39 Nov.
1083 3952 84 47 30;
1202 3953 81 39 aff.
1318 3954 117 38 Nov.
1468 3951 56 40 28;
1587 3953 40 38 A
1659 3950 201 47 101042;
1895 3950 127 39 Fred
2056 3951 52 38 E.
2142 3948 229 45 Lehman,

426 4012 92 39 Los
550 4011 222 47 Angeles.
836 4010 283 50 [Copyright
1152 4010 41 38 is
1225 4009 207 40 claimed
1466 4020 59 28 on
1559 4008 265 48 rewriting,
1859 4007 119 40 with
2013 4016 132 30 more
2179 4005 193 49 details]
