2519 4377
1316 4126 101 53 828

367 456 278 65 Morison,
673 456 236 56 Samuel
936 456 177 65 Eliot,
1141 460 172 54 1887-

436 532 185 54 Three
666 533 279 55 centuries
990 533 65 53 of
1099 534 294 68 Harvard,
1441 539 328 64 1636-1936,
1811 535 78 70 by
1935 537 231 55 Samuel
2214 538 157 53 Eliot

364 610 2010 75 Morison … Cambridge, Mass., Harvard university press,
368 694 149 51 1936.

440 763 100 49 viii,
572 763 86 41 512
687 773 43 39 p.
791 764 174 41 double
996 774 125 39 map.
1182 763 59 41 22
1241 766 45 22 cm
1290 796 10 9 .

365 830 53 53 ©
449 835 127 40 June
605 835 69 47 17,
707 834 112 40 1936
838 845 8 32 :
879 834 67 41 2c.
981 836 95 39 and
1106 835 83 40 aff.
1221 835 127 40 June
1377 835 57 40 20
1452 846 9 36 ;
1494 836 41 39 A
1564 835 145 42 95773
1728 848 8 35 ;
1772 836 256 41 President
2060 839 95 39 and
2187 838 189 41 fellows

435 891 53 40 of
511 892 232 40 Harvard
768 892 193 48 college,
987 892 301 48 Cambridge,
1316 893 148 41 Mass.
1528 892 282 49 (36-14160)

364 994 238 67 Mullen,
626 995 156 55 John
808 997 97 66 M.,
932 1015 179 48 comp.

435 1071 171 53 Facts
632 1077 58 48 to
716 1071 134 69 help
875 1090 112 52 you
1015 1072 167 53 know
1212 1073 203 68 Texas,
1442 1072 283 70 compiled
1753 1073 76 70 by
1855 1073 160 55 John
2041 1074 81 54 M.
2153 1074 219 54 Mullen

426 1148 1738 68 … Lincolnton, N. C., Mullen feature syndicate [ c 1936]
432 1223 70 50 48,
536 1224 54 51 [8]
621 1234 43 38 p.
726 1223 55 40 21cm

438 1279 107 43 Seal
571 1282 52 39 of
648 1282 82 40 the
758 1283 130 39 state
914 1281 53 39 of
991 1281 160 41 Texas
1174 1293 61 29 on
1264 1284 98 45 t.-p.

435 1337 160 42 Blank
621 1348 149 38 pages
796 1339 79 40 for
904 1338 206 41 “Notes”
1150 1338 49 49 (8
1225 1341 52 38 at
1303 1340 117 47 end)

435 1394 72 42 On
536 1406 142 31 cover
696 1407 8 29 :
735 1394 288 43 Centennial
1052 1395 198 43 edition.

364 1464 53 53 ©
448 1468 125 40 June
604 1467 70 49 20,
706 1468 115 41 1936
839 1479 8 36 ;
879 1468 68 40 2c.
980 1469 95 39 and
1108 1467 80 41 aff.
1221 1468 126 40 June
1379 1467 83 47 26;
1497 1469 45 49 A,
1566 1467 171 47 96182;
1776 1469 183 39 Mullen
1991 1468 200 41 featurel
435 1468 1924 98 syndicate.
619 1524 283 50 (36-13990)

362 1629 283 54 National
675 1629 278 54 research
986 1628 242 55 council.
1303 1629 267 54 Division
1599 1629 64 68 of
1692 1629 306 69 chemistry
2027 1631 115 52 and
435 1630 1917 131 chemical
548 1708 355 67 technology.

434 1786 235 52 Annual
714 1803 206 50 survey
964 1785 63 53 of
1070 1786 308 52 American
1420 1785 322 68 chemistry,
1824 1785 226 53 volume
2097 1789 80 64 10,
2225 1789 149 51 1935.

366 1864 2010 67 Edited by Clarence J. West … New York, N. Y., Pub. for
364 1943 121 52 The
520 1941 275 55 National
832 1942 256 53 research
1123 1940 219 54 council
1377 1943 74 67 by
1488 1942 285 53 Reinhold
1810 1940 337 71 publishing
361 1961 1990 126 corporation,
598 2024 152 51 1936.

433 2095 86 40 487
547 2106 43 37 p.
648 2093 182 49 diagrs.
888 2092 147 43 21½cm.

362 2147 53 53 ©
439 2152 126 40 June
589 2149 69 49 19,
683 2149 141 49 1936;
850 2150 68 41 2c.
944 2150 95 41 and
1063 2149 82 41 aff.
1171 2151 117 47 July
1312 2150 53 45 2;
1392 2151 40 38 A
1456 2149 172 48 96275;
1656 2151 131 40 Natl.
1814 2152 232 47 academy
2073 2150 52 41 of
2149 2149 225 51 sciences,

435 2208 338 49 Washington.

363 2312 279 65 Nutting,
674 2311 273 63 Wallace,
985 2316 168 50 1861-

434 2388 256 55 Wallace
710 2388 297 70 Nutting’s
1029 2388 352 69 biography;
1405 2388 327 55 illustrated
1756 2389 74 69 by
1852 2390 88 52 six
1962 2390 411 68 photographs.

365 2467 435 70 Framingham,
828 2467 190 68 Mass.,
1050 2466 115 56 Old
1193 2467 308 53 American
1531 2484 280 52 company
1846 2502 13 33 [
1864 2474 17 20 c
1887 2471 135 50 1936
2028 2501 12 33 ]

437 2541 80 48 vii,
546 2541 86 41 295
656 2551 44 39 p.
729 2540 109 42 incl.
870 2541 170 48 plates,
1069 2544 149 45 ports.
1280 2539 56 42 24½
1368 2542 15 22 cm
1419 2576 7 7 .

436 2599 130 41 Title
596 2598 231 49 vignette.

362 2652 54 55 ©
440 2658 126 39 June
590 2657 40 48 2,
656 2656 115 41 1936
790 2667 8 33 ;
825 2656 67 41 2c.
918 2657 96 39 and
1039 2657 83 41 aff.
1148 2657 115 48 May
1287 2655 82 48 29;
1398 2657 40 38 A
1463 2654 144 43 94898
1625 2667 9 36 ;
1662 2657 71 40 W.
1761 2655 223 49 Nutting,
2011 2655 362 49 Framingham,

438 2715 145 40 Mass.
654 2712 282 49 (36-13960)

361 2817 330 55 Oklahoma
718 2818 156 64 City.
952 2817 371 65 Ordinances,
1349 2821 100 49 etc.

432 2892 324 56 Oklahoma
799 2892 135 71 City
974 2892 232 71 general
1248 2892 352 54 ordinances.
1682 2894 134 51 1936
1860 2890 266 71 revision,
2172 2890 62 58 C.
2279 2892 90 55 W.

363 2973 127 53 Van
522 2973 207 69 Eaton,
759 2973 200 53 editor.
1026 2971 244 54 Revised
1299 2972 113 53 and
1442 2971 281 68 compiled
1754 2971 181 54 under
1964 2970 97 54 the
2091 2970 279 54 direction

361 3048 2009 72 and supervision of O. M. Mosier … Harlan Deupree … and
361 3125 2010 72 A. P. Van Meter … as authorized by the City council of the
361 3208 116 70 city
510 3208 64 52 of
606 3207 324 56 Oklahoma
965 3206 151 70 City.
1193 3205 341 68 [Oklahoma
1570 3203 153 72 City]
1762 3205 243 53 Harlow
2036 3201 336 72 publishing

362 3287 384 68 corporation,
778 3288 151 51 1936.

434 3360 65 40 vii
524 3372 58 37 p..
611 3361 23 39 1
696 3391 9 17 l.,
732 3358 86 41 553
845 3368 42 38 p.
949 3358 146 41 23½cm.

435 3417 301 41 “Oklahoma
765 3416 111 47 City
904 3415 223 41 charter”
1147 3426 8 29 :
1183 3426 42 39 p.
1260 3414 159 51 [l]-35.

365 3474 53 53 ©
456 3478 128 40 June
622 3477 69 46 15,
732 3476 141 47 1936;
915 3476 65 39 2c.
1023 3475 127 40 June
1189 3474 81 47 26;
1314 3473 81 40 aff.
1437 3473 125 40 June
1601 3472 83 47 20;
1727 3474 40 38 A
1807 3472 173 47 94723;
2024 3472 201 40 Harlow
2265 3472 109 48 pub.

434 3534 323 50 corporation.
825 3532 281 49 (36-14133)

363 3639 242 62 Parnes,
632 3636 200 54 Louis.

439 3714 225 52 Bauten
699 3713 97 54 des
833 3709 417 55 einzelhandels
1287 3710 116 53 und
1440 3710 123 53 ihre
1599 3709 291 53 Verkehrs-
1929 3708 117 52 und
368 3706 1979 153 Organisationsprobleme,

368 3787 1977 147 von dr. sc. techn. Louis Parnes … mit 303 ansich ten,
653 3870 209 67 planen
909 3869 115 52 und
1075 3866 263 54 tabeilen.
1423 3864 504 70 Zürich-Leipzig,
1976 3863 158 56 Orell
2186 3862 183 55 Füssli

372 3981 12 33 [
390 3954 18 22 c
414 3950 152 64 1935]

439 4021 25 41 3
487 4033 41 37 p.
587 4053 8 16 l.,
618 4020 150 42 3-220
789 4032 42 38 p.
854 4021 109 41 incl.
988 4019 142 47 illus.,
1158 4021 171 47 plates,
1354 4020 153 47 plans,
1533 4018 178 49 diagrs.
1763 4020 172 46 plates.
1989 4017 144 40 29½cm.
