2519 4377
1297 4188 102 51 326

345 491 190 54 South
563 491 255 53 Dakota.
893 493 281 65 Supreme
1205 498 175 47 court.

418 568 1946 75 Reports of cases decided … from decisions of October 9,
350 650 133 49 1933
491 686 7 25 :
498 696 4 7 ,
533 652 58 49 to
624 647 114 53 and
768 647 302 68 including
1100 648 278 53 decisions
1410 649 63 52 of
1505 650 143 67 July
1678 654 85 63 30,
1796 654 151 51 1934.
2024 653 193 67 Notes,
346 654 1993 125 references

604 726 111 52 and
750 726 191 60 index,
974 726 76 67 by
1085 727 148 52 Karl
1268 726 348 69 Goldsmith,
1651 733 164 49 court
1846 736 274 60 reporter,
2194 750 49 34 v.
2281 736 81 49 62.

346 804 215 64 Pierre,
589 805 160 55 State
775 803 339 68 publishing
1136 823 98 48 co.,
1260 808 150 51 1935.

417 877 81 49 vii,
529 877 89 41 690
643 889 44 37 p.
746 877 60 40 24
805 879 45 21 cm
856 910 7 7 .

345 943 54 55 ©
428 948 111 42 Feb.
570 946 70 50 19,
669 946 142 49 1936;
843 947 68 41 2c.
942 946 96 42 and
1068 947 82 41 aff.
1183 947 111 43 Feb.
1323 947 83 48 24;
1441 948 39 40 A
1506 948 173 48 90908;
1714 950 178 48 Myrtle
1926 951 258 48 Morrison,

417 963 1931 91 secretary
567 1006 50 39 of
656 1006 82 40 the
776 1007 128 38 state
907 1015 3 19 1
944 1005 54 40 of
1035 1005 154 41 South
1228 1006 210 48 Dakota,
1478 1006 48 40 in
1568 1009 129 38 trust
1734 1008 81 39 for
1856 1008 82 41 the
1977 1008 176 42 benefit
2193 1011 54 38 of
2284 1012 84 39 the

419 1065 168 46 people
618 1062 55 41 of
701 1062 107 41 said
837 1064 144 46 state,
1013 1061 181 49 Pierre,
1229 1063 44 40 S.
1305 1064 57 39 D.

345 1167 224 66 Staley,
595 1166 211 54 Daniel
833 1166 160 66 Earl,
1023 1172 173 50 1885-

415 1243 139 53 New
578 1243 78 53 oil
679 1242 94 54 for
797 1243 95 53 old
916 1244 204 68 lamps,
1141 1242 75 70 by
1239 1243 209 54 Daniel
1474 1244 67 53 E.
1571 1243 213 69 Staley.
1845 1244 297 69 Whittier,
2165 1245 197 69 Calif.,

343 1321 434 70 D. E. Staley [c1935]
416 1396 85 39 124
526 1407 44 38 p.
631 1396 60 41 18½
722 1399 15 21 cm
770 1427 9 8 .

346 1466 54 53 ©
430 1471 112 40 Dec.
571 1470 72 48 21,
676 1470 113 40 1935;
851 1469 66 41 2c.
950 1471 95 39 and
1078 1467 83 43 aff.
1193 1470 111 41 Jan.
1336 1470 40 49 6,
1407 1469 142 48 1936;
1583 1470 43 40 A
1654 1471 173 48 90179;
1862 1473 56 38 D.
1952 1474 55 40 E.
2043 1473 179 43 Staley.

424 1526 254 51 (36-7987)

344 1633 198 64 Steen,
570 1632 390 65 Marguerite.

478 1707 1878 72 … Auf in den kampf; roman eines matadors. Berlin [etc.]
343 1790 66 52 P.
441 1789 265 68 Zsolnay,
740 1790 152 51 1935.

413 1863 101 49 446,
549 1863 56 50 [1]
638 1873 45 38 p.
742 1862 58 41 20½cm.

417 1920 248 42 “Deutsch
694 1930 94 30 von
818 1919 158 43 Annie
1007 1918 212 43 Polzer.”

343 1989 2020 54 © Oct. 31, 1935; 1c. Feb. 6, 1936; A-Foreign 30308; Paul Zsolnay
413 2051 181 47 verlag,
631 2060 108 37 a.-g.
813 2048 253 50 (36-7848)

343 2154 285 63 Steimen,
651 2154 181 58 Theo.

414 2231 154 56 Ekia
602 2231 248 69 Lilanga
888 2230 119 54 und
1045 2230 91 55 die
1173 2229 532 69 menschenfresser,
1744 2248 111 36 von
1890 2230 161 54 Theo
2093 2230 268 56 Steimen.

343 2308 1253 70 Zürich, Schweizer Spiegel verlag [ c 1936 ]
413 2381 620 49 4 p. l., 11-480 p. 19 cm .
342 2438 2022 54 © Jan. 1, 1936; 1c. Dec. 18, 1935; A-Foreign 30190; Guggenbühl &
412 2500 182 47 Huber,
627 2499 272 41 Schweizer
929 2499 180 48 spiegel
1139 2500 181 46 verlag.
1389 2498 252 48 (36-7820)

342 2603 263 63 Stetson,
632 2603 187 54 Oscar
845 2602 219 65 Frank,
1094 2603 172 55 1875-

414 2679 122 54 The
569 2686 91 47 art
696 2679 65 54 of
797 2683 258 50 ancestor
1091 2679 278 68 hunting;
1410 2697 31 34 a
1479 2677 174 70 guide
1686 2683 60 49 to
1784 2680 281 53 ancestral
2102 2680 256 54 research

344 2756 2016 71 and genealogy, by Oscar Frank Stetson … Brattleboro, Vt.,
344 2836 254 70 Stephen
627 2836 166 69 Daye
823 2854 176 51 press,
1030 2839 152 53 1936.

414 2912 70 44 64,
516 2913 72 49 [4],
616 2912 179 41 67-276
817 2924 43 36 p.
889 2911 110 41 incl.
1026 2912 171 40 forms.
1252 2911 56 40 24½
1341 2913 44 21 cm
1391 2942 9 8 .

343 2966 2016 52 © Mar. 17, 1936; 2c. Mar. 24; aff. Mar. 23; A 92469; O. F. Stetson,
414 3027 315 48 Barrington,
759 3027 54 40 R.
844 3028 36 39 I.
948 3023 253 51 (36-7868)

341 3130 279 65 Stewart,
650 3131 229 64 George
908 3128 248 66 Rippey,
1186 3136 171 49 1895-

418 3207 214 56 Ordeal
658 3208 77 68 by
759 3208 250 69 hunger;
1036 3207 99 52 the
1159 3212 158 63 story
1344 3207 64 53 of
1433 3207 99 53 the
1554 3207 238 53 Donner
1819 3212 191 63 party,
2034 3206 78 68 by
2137 3205 224 69 George

348 3287 66 52 R.
459 3286 266 68 Stewart,
765 3286 101 69 jr.;
910 3286 141 52 with
1093 3284 292 69 drawings
1426 3286 75 68 by
1541 3286 129 68 Ray
1712 3286 290 68 Boynton,
2042 3304 163 48 maps
2247 3285 112 52 and

345 3364 1779 69 other illustrations. New York, H. Holt and company [c1936]
421 3440 84 48 xii,
533 3441 90 41 328
648 3452 42 37 p.
748 3441 167 45 front.,
944 3440 128 41 illus.
1101 3440 188 48 (maps)
1326 3441 171 47 plates,
1526 3440 192 41 facsim.
1774 3439 57 40 22
1834 3442 44 22 cm
1884 3472 9 9 .

418 3498 207 41 “Roster
654 3498 53 40 of
738 3499 82 40 the
851 3499 196 38 Donner
1079 3497 173 50 party”:
1315 3509 43 38 p.
1391 3496 217 42 299-300.

418 3556 313 42 “Condensed
763 3555 239 49 itinerary
1032 3556 53 40 of
1114 3557 83 39 the
1226 3556 198 39 Donner
1453 3554 173 50 party”:
1685 3566 41 37 p.
1758 3554 218 42 301-303.

419 3613 378 48 Bibliography:
827 3625 42 37 p.
897 3612 230 42 305-309:
1159 3613 178 39 “Notes
1364 3613 94 40 and
1489 3611 331 42 references”:
1849 3623 43 37 p.
1918 3610 218 42 311-321.

343 3666 2013 53 © Mar. 26, 1936; 2c. and aff. Mar. 31; A 93455; Henry Holt & co., inc.
422 3727 254 49 (36-7946)

342 3831 209 63 Swem,
579 3832 140 51 Earl
747 3832 217 64 Gregg,
993 3831 171 54 1870-
1378 3848 179 49 comp.

413 3907 1941 68 Virginia historical index … by E. G. Swem … Volume 2.
343 3987 143 53 L-Z.
564 3987 289 60 Roanoke,
900 3989 124 64 Va.,
1069 3988 309 65 Designed,
1422 3985 250 69 printed,
1719 3985 112 53 and
1875 3985 192 53 bound
2113 3985 76 67 by
2233 3985 123 52 The

346 4063 174 56 Stone
563 4066 265 65 printing
870 4066 111 52 and
1025 4064 474 68 manufacturing
1541 4082 298 49 company,
1882 4068 151 48 1936.
