2519 4377
1033 4087 65 47 99

74 461 241 66 [Nilsen,
343 462 201 65 Ernst]

139 536 1922 68 Rita og hennes menn ; roman av Ernst Orvil [ pseud .] Oslo,
69 616 324 65 Gyldendal
426 618 170 63 [1934]

157 689 74 38 1 v.
67 739 1995 53 © Oct. 31, 1934; 1c. Nov. 26; A-Foreign 26336 ; Gyldendal Norsk forlag.
69 861 308 64 Nordhoff,
409 862 244 53 Charles
681 862 285 62 Bernard,
998 862 170 55 1887-

137 936 120 55 The
305 937 315 67 hurricane,
670 935 73 69 by
793 934 235 56 Charles
1076 933 279 54 Nordhoff
1408 936 110 53 and
1569 935 191 54 James
1811 934 248 53 Norman

71 1014 153 53 Hall.
287 1016 233 66 Boston,
547 1014 196 66 Little,
770 1015 229 67 Brown,
1027 1014 111 53 and
1167 1031 297 51 company,
1492 1017 151 49 1936.

135 1086 28 38 4
190 1095 41 37 p.
293 1116 9 16 l.,
334 1084 175 50 [3]-257
536 1095 42 37 p.
638 1085 116 40 21cm.

65 1141 53 52 ©
150 1145 109 40 Feb.
293 1145 68 46 10,
395 1143 116 41 1936
526 1155 9 35 ;
569 1144 68 40 2c.
672 1145 95 39 and
800 1143 82 40 aff.
917 1144 110 39 Feb.
1062 1144 52 38 11
1134 1154 9 35 ;
1178 1144 40 38 A
1252 1142 143 42 90706
1414 1154 8 36 ;
1460 1143 206 41 Charles
1696 1143 239 39 Nordhoff
1968 1144 96 40 and

135 1202 163 39 James
339 1202 214 38 Norman
594 1201 131 47 Hall,
768 1201 219 47 Papeete.
1030 1200 180 48 Tahiti,
1255 1200 189 48 Society
1484 1200 199 40 islands.

146 1257 248 48 (36-4031)

69 1357 264 68 O’Brien,
363 1360 252 52 Edward
644 1359 219 63 Joseph
892 1357 388 65 Harrington,
1311 1362 171 49 1890-
1694 1359 84 53 ed.

137 1435 120 53 The
282 1441 160 61 guest
468 1434 161 67 book,
658 1434 187 53 edited
873 1435 111 52 and
1012 1433 279 68 arranged
1317 1434 76 67 by
1418 1432 253 54 Edward
1700 1432 56 54 J.
1787 1431 246 54 O’Brien
2051 1454 11 39 ;

67 1514 139 51 with
235 1530 28 33 a
293 1510 250 69 prelude,
569 1512 157 53 three
754 1511 310 54 interludes
1092 1512 112 53 and
1233 1528 32 33 a
1293 1510 261 68 postlude
1580 1510 75 68 by
1683 1510 223 52 Arthur
1936 1510 125 54 Cal-

68 1588 401 55 der-Marshall
506 1589 111 54 and
652 1588 155 55 John
845 1588 346 70 Davenport.
1265 1588 256 69 London,
1559 1587 69 53 A.
1668 1587 235 69 Barker,
68 1589 1971 131 limited
216 1670 171 64 [1935]

137 1737 85 40 576
253 1747 44 38 p.
357 1738 127 39 illus.
544 1737 146 40 21½cm.

137 1794 159 39 Blank
333 1804 145 38 pages
514 1794 80 40 for
633 1794 218 41 “Guests’
892 1794 377 49 self-portraits”
1319 1795 251 49 (546-576)

67 1849 1998 53 © 1c. Jan. 7, 1936 ; A ad int. 2:1058 ; pubd. Nov. 11, 1935 ; E. J. H. O'Brien,
135 1910 201 47 Oxford,
368 1912 234 46 England.
673 1909 250 49 (36-4944)

129 2012 1934 69 … Oregon poets; foreword by Ethel Romig Fuller; edited by
136 2088 94 53 the
262 2090 171 52 house
463 2089 63 54 of
557 2089 203 69 Henry
790 2088 301 69 Harrison,
1122 2093 203 64 poetry
1354 2089 309 69 publisher.
1730 2091 139 52 New
1903 2091 162 51 York

143 2200 12 34 [
160 2174 18 21 c
182 2170 153 63 1935]

139 2239 83 42 160
251 2250 44 39 p.
353 2237 147 44 22½cm.

139 2297 63 40 At
227 2298 125 40 head
379 2298 51 40 of
455 2297 109 41 title
580 2308 10 30 :
620 2298 74 39 An
721 2298 262 49 anthology
1012 2298 52 41 of
1087 2298 58 41 50
1169 2298 422 50 contemporaries.

67 2351 52 53 ©
148 2357 110 39 Dec.
286 2356 69 46 31,
385 2355 140 47 1935;
554 2356 68 39 2c.
648 2356 112 40 Jan.
787 2356 70 48 22,
887 2356 141 47 1936;
1059 2356 83 40 aff.
1172 2357 109 39 Jan.
1310 2356 82 47 23;
1425 2358 40 37 A
1494 2356 171 47 90654;
1698 2357 168 47 Henry
135 2358 1915 101 Harrison,
265 2413 118 39 New
411 2413 143 39 York.
626 2412 250 48 (36-4319)

68 2514 291 64 Perlman,
382 2514 254 54 William
662 2515 71 64 J.,
760 2516 83 52 ed.

138 2590 121 53 The
298 2592 210 51 movies
549 2608 70 34 on
661 2592 163 65 trial;
868 2590 94 55 the
1003 2591 170 53 views
1214 2589 112 54 and
1369 2591 260 67 opinions
1670 2591 64 53 of
68 2590 1974 145 outstanding
200 2666 388 68 personalities
623 2673 169 48 anent
825 2685 187 35 screen
1045 2668 437 54 entertainment
1515 2674 130 62 past
1678 2668 113 54 and
1826 2674 241 63 present,

70 2744 277 67 compiled
378 2745 110 52 and
519 2744 186 53 edited
733 2744 75 68 by
838 2743 257 54 William
1125 2744 55 54 J.
1211 2744 283 54 Perlman.
1570 2744 136 53 New
1740 2745 177 68 York,
1946 2747 120 53 The

69 2820 330 54 Macmillan
426 2839 295 50 company,
750 2824 150 49 1936.

138 2892 64 48 xi,
231 2891 86 41 254
345 2904 42 38 p.
449 2893 152 48 diagr.
661 2893 117 42 20cm.

67 2948 53 53 ©
146 2953 110 40 Feb.
281 2954 40 47 4,
349 2952 113 41 1936
479 2963 9 36 ;
517 2952 67 41 2c.
611 2954 96 38 and
732 2952 82 41 aff.
842 2953 110 40 Feb.
980 2953 25 39 5
1024 2964 8 36 ;
1061 2953 40 39 A
1124 2952 143 42 91630
1286 2964 8 36 ;
1323 2954 72 40 W.
1424 2954 42 40 J.
1496 2955 240 47 Perlman,
1765 2955 302 48 Hollywood,

137 3010 143 39 Calif.
349 3009 249 48 (36-4344)

71 3110 260 67 Pierson,
365 3112 226 65 George
622 3112 173 65 Peck,
831 3118 170 49 1862-

69 3187 1995 151 Forty happy years in Japan, 1888-1928, by George P. Pierson and Ida G. Pierson … New York [etc.] Fleming H.
68 3342 197 53 Revell
289 3360 281 51 company
598 3375 14 34 [
616 3348 18 22 c
638 3346 153 64 1936]

141 3415 624 49 1 p. l., 5-130 p. 19 ½cm .
69 3470 52 53 ©
152 3476 108 39 Jan.
293 3476 70 46 18,
395 3475 139 45 1936;
569 3474 65 40 2c.
670 3476 96 38 and
798 3474 80 40 aff.
911 3476 108 39 Jan.
1052 3474 83 48 24;
1170 3476 40 39 A
1242 3475 171 49 90468;
1450 3478 220 48 Fleming
1702 3479 60 40 H.
1797 3479 167 40 Revell
1999 3491 68 29 co.

149 3531 249 49 (36-4280)

73 3621 208 52 Poems
327 3623 94 51 for
465 3623 137 65 boys
647 3622 113 52 and
805 3622 169 67 girls;
1024 3641 31 34 a
1101 3624 282 66 carefully
1427 3624 191 54 edited
1662 3625 295 54 collection
2003 3628 62 51 of

144 3697 348 53 worthwhile
527 3715 208 51 poems,
768 3698 135 52 both
939 3697 250 54 classical
1226 3698 111 52 and
1372 3699 249 67 modern,
1655 3701 126 53 that
1817 3702 248 52 embrace

141 3774 220 67 youth’s
411 3774 278 53 activities
738 3780 112 51 and
899 3775 257 53 interests
1202 3775 184 53 inside
1436 3776 110 52 and
1596 3779 217 51 outside
1861 3778 63 52 of
1970 3781 96 51 the

141 3851 178 67 home,
345 3854 59 50 in
432 3851 227 53 various
686 3850 431 68 environments,
1146 3853 109 52 and
1286 3851 57 52 in
1373 3852 240 54 relation
1640 3861 57 46 to
1726 3861 201 49 nature
1955 3857 112 51 and

141 3928 94 52 the
275 3946 233 36 seasons.
585 3926 368 69 Springfield,
993 3928 190 68 Mass.,
1223 3928 383 69 McLoughlin
1647 3932 272 55 brothers,
1960 3935 105 52 inc.

148 4039 12 32 [
166 4011 17 21 c
189 4008 97 48 1936]
