2519 4377
1011 4104 99 43 297

62 455 313 55 American
406 458 109 51 law
546 461 221 62 reports
800 454 321 52 annotated.
1192 452 207 53 Editor
1431 453 59 52 in
1522 450 171 67 chief,
1725 450 222 67 George
1979 451 76 51 H.

130 535 287 65 Parmele;
463 533 323 66 consulting
830 531 200 67 editor,
1070 530 260 55 William
1373 531 77 51 M.
1495 529 356 64 McKinney;
131 546 1900 133 managing

338 611 228 66 editors,
601 611 208 52 Edwin
845 609 201 66 Stacey
1081 608 204 65 Oakes,
1319 608 214 53 Robert
1567 609 65 51 E.
1667 606 391 65 Heinselman,

132 690 233 53 assisted
406 690 73 65 by
520 689 95 52 the
655 687 417 67 exceptionally
1113 685 367 67 experienced
1522 684 265 53 editorial
131 684 1894 137 organizations

388 768 63 52 of
494 767 93 52 the
628 766 337 66 publishers,
1041 783 51 33 v.
1138 767 114 49 100.
1327 764 323 64 Rochester,
1691 764 68 51 N.
1805 764 90 63 Y.,
1935 763 120 51 The

130 847 266 64 Lawyers
436 843 379 67 co-operative
855 842 334 67 publishing
1228 859 307 49 company;
1581 840 116 55 San
1736 840 321 66 Francisco,

133 922 191 64 Calif.,
356 922 581 66 Bancroft-Whitney
969 938 297 49 company,
1299 922 149 51 1936.

126 996 99 48 viii,
257 996 116 40 1626
400 1007 42 37 p.
503 995 54 39 25½
590 997 44 21 cm
639 1027 8 7 .

62 1063 52 53 ©
144 1067 111 39 Feb.
285 1066 69 46 14,
386 1065 116 40 1936
517 1076 8 35 ;
559 1065 66 40 2c.
661 1064 107 40 Feb.
801 1064 57 39 18
874 1074 8 34 ;
917 1063 82 40 aff.
1033 1063 109 40 Feb.
1176 1062 58 40 19
1248 1073 9 35 ;
1293 1062 40 39 A
1365 1061 142 41 90852
1526 1072 9 35 ;
1570 1059 489 49 Bancroft-Whitney

129 1134 66 29 co.
227 1122 96 40 and
353 1123 227 47 Lawyers
611 1121 322 48 co-operative
966 1120 108 48 pub.
1107 1130 67 29 co.

60 1226 328 63 Anderson,
416 1227 222 61 Troyer
667 1223 209 64 Steele,
908 1229 170 49 1900-

131 1303 121 52 The
288 1301 297 53 command
621 1299 65 53 of
721 1300 97 53 the
855 1298 180 54 Howe
1071 1298 261 53 brothers
1369 1296 215 68 during
1619 1297 96 52 the
1753 1295 304 54 American

63 1379 336 66 revolution,
433 1379 74 66 by
545 1379 219 66 Troyer
801 1376 186 55 Steele
1017 1375 318 52 Anderson.
1412 1373 137 54 New
1588 1374 178 66 York,
1800 1374 258 65 London,

64 1455 228 54 Oxford
323 1454 317 68 university
676 1472 173 50 press,
884 1456 149 50 1936.

129 1527 81 46 vii,
246 1526 54 49 [1]
333 1537 57 37 p.,
421 1526 26 40 3
514 1557 9 17 l.,
554 1525 88 41 368
670 1536 44 37 p.
773 1525 150 39 front.
950 1523 51 49 (2
1032 1524 149 49 port.)
1222 1523 126 41 illus.
1379 1523 184 49 (maps)
1632 1523 55 40 22
1690 1526 43 21 cm
1739 1556 8 9 .

134 1582 161 42 “First
330 1581 226 43 edition.”

132 1639 349 49 Bibliography
499 1650 9 29 :
539 1650 42 37 p.
611 1638 219 41 345-362.

61 1711 52 52 ©
138 1716 121 40 Mar.
284 1714 68 50 19,
378 1714 139 45 1936;
545 1714 66 39 2c.
639 1714 95 39 and
760 1713 82 39 aff.
870 1714 122 39 Mar.
1017 1713 82 45 26;
1128 1712 39 39 A
1193 1711 170 48 93373;
1394 1712 187 40 Oxford
1609 1711 128 41 univ.
1764 1722 150 39 press,
1942 1712 118 40 New

130 1772 143 45 York,
306 1772 89 41 inc.
467 1770 250 49 (36-7753)

62 1873 305 66 Andrews,
393 1874 155 54 John
572 1874 297 62 Bertram,
896 1878 171 50 1880-

130 1950 480 54 Administrative
638 1949 161 56 labor
826 1949 324 68 legislation
1166 1970 12 47 ;
1210 1969 30 33 a
1271 1950 171 67 study
1467 1948 64 54 of
1558 1949 307 54 American
63 1968 1969 113 experience

280 2029 60 53 in
370 2029 96 53 the
497 2028 322 69 delegation
852 2026 64 55 of
947 2027 321 69 legislative
1299 2045 208 50 power,
1538 2027 75 68 by
1645 2028 157 54 John
1835 2029 68 51 B.

64 2029 1969 144 Andrews … New York and London, Harper & brothers, 1936.
133 2180 84 41 231
248 2190 42 38 p.
351 2178 129 41 illus.
508 2178 159 49 (map)
736 2179 55 39 22
795 2182 43 21 cm
843 2210 10 9 .

138 2237 162 41 “First
329 2236 226 41 edition.”

63 2304 52 53 ©
151 2309 109 39 Feb.
294 2308 69 43 20,
400 2307 139 47 1936;
576 2308 67 39 2c.
683 2308 108 39 Feb.
827 2308 82 46 24;
948 2307 82 40 aff.
1068 2309 121 38 Mar.
1225 2308 82 45 20;
1346 2308 41 38 A
1423 2307 169 46 93366;
1632 2308 193 47 Harper
1862 2307 36 40 &
1933 2308 126 39 bros.

140 2365 250 48 (36-7800)

62 2467 230 65 Angell,
319 2469 100 54 Sir
444 2469 284 61 Norman,
758 2469 171 54 1874-

131 2542 141 53 Raw
295 2542 307 69 materials,
628 2543 340 69 population
991 2561 261 50 pressure
1278 2542 113 54 and
1418 2560 137 51 war,
1578 2542 75 70 by
1680 2540 96 57 Sir
1801 2542 256 53 Norman

63 2619 1995 70 Angell … Boston, New York, World peace foundation, 1936.
132 2694 26 40 3
183 2704 43 37 p.
288 2726 8 16 l.,
326 2693 145 51 [5]-46
494 2703 44 38 p.
597 2693 56 41 20½
687 2697 43 20 cm
735 2726 8 8 .
815 2694 189 48 (World
1032 2693 173 40 affairs
1232 2694 160 41 books,
1448 2704 74 30 no.
1548 2694 81 47 14)

62 2762 52 52 ©
139 2766 110 41 Feb.
275 2768 68 46 14,
368 2767 114 40 1936
499 2778 9 35 ;
535 2767 67 40 2c.
629 2767 110 40 Feb.
764 2767 59 39 20
838 2778 8 36 ;
875 2767 81 40 aff.
984 2768 110 39 Feb.
1120 2768 55 38 24
1193 2778 9 35 ;
1230 2768 40 38 A
1295 2766 143 41 90939
1457 2778 8 35 ;
1494 2768 167 39 World
1687 2778 144 37 peace
136 2768 1905 95 foundation.
322 2824 249 47 (36-7710)

127 2927 1909 144 … The Bahá'í world; a biennial international record. Prepared
354 3006 179 52 under
573 3007 95 51 the
710 3006 354 66 supervision
1107 3006 61 53 of
1211 3007 96 52 the
1348 3005 272 54 National
1663 3006 268 67 spiritual

135 3025 1900 124 assembly
374 3082 63 53 of
461 3084 95 51 the
584 3085 232 51 Baha'is
843 3084 63 52 of
932 3085 95 51 the
1054 3084 215 54 United
1299 3084 186 54 States
1515 3085 112 52 and
1657 3084 234 54 Canada
1918 3084 141 52 with

134 3160 95 51 the
261 3164 277 63 approval
574 3161 61 52 of
674 3161 219 67 Shoghi
930 3159 247 55 Effendi.
1253 3162 241 52 Volume
1532 3168 44 46 5.
1650 3166 63 49 89
1748 3164 111 50 and
1896 3166 66 48 90
1998 3163 62 51 of

135 3238 94 53 the
276 3239 204 51 Baha'i
527 3257 109 34 era.
720 3239 172 67 April
942 3242 310 49 1932-1934
1335 3283 10 9 A.
1431 3282 9 10 D.
1534 3241 138 52 New
1719 3241 162 51 York
1927 3240 133 67 city,

136 3315 203 52 Baha'i
366 3316 334 67 publishing
727 3317 334 66 committee,
1091 3320 149 49 1936.

133 3387 98 47 xix,
267 3388 82 39 711
385 3398 42 37 p.
489 3388 190 47 fronts.,
715 3389 142 47 illus.,
894 3391 163 45 ports.,
1093 3399 150 38 maps,
1279 3389 230 48 facsims.,
1545 3389 116 40 fold,
1699 3389 179 41 charts.
1943 3391 57 39 25
2004 3393 43 20 cm
2052 3422 8 8 .

133 3444 180 40 Folded
343 3454 112 38 map
485 3447 227 38 mounted
745 3456 62 28 on
835 3446 122 39 back
989 3455 151 30 cover.

132 3500 231 40 Contains
392 3501 167 40 music.

67 3565 52 53 ©
149 3570 109 40 Feb.
287 3572 41 45 4,
359 3571 112 40 1936
490 3582 8 30 :
531 3571 66 41 2c.
628 3573 95 38 and
754 3571 81 40 aff.
868 3572 109 39 Feb.
1010 3573 54 39 17
1081 3583 9 35 ;
1125 3573 39 38 A
1193 3571 170 46 91779;
1398 3573 129 39 Natl.
1561 3572 228 48 spiritual
1822 3574 241 47 assembly

136 3627 52 38 of
223 3628 83 39 the
341 3623 198 44 Baha'is
576 3628 52 40 of
666 3629 79 39 the
785 3628 176 40 United
1002 3629 160 40 States
1200 3630 94 38 and
1332 3629 212 48 Canada,
1583 3631 135 39 West
1757 3630 305 47 Englewood,

138 3683 54 38 N.
218 3684 43 39 J.

69 3783 264 66 Beasley,
360 3787 282 53 Norman.

141 3859 195 53 Frank
383 3861 188 66 Knox,
619 3861 333 67 American;
1004 3881 32 33 a
1086 3863 160 51 short
1291 3862 342 68 biography,
1681 3862 76 68 by
1807 3861 255 54 Norman

71 3933 250 71 Beasley.
398 3935 228 55 Garden
661 3938 151 67 City,
845 3939 66 52 N.
950 3939 88 67 Y.,
1070 3939 356 69 Doubleday,
1457 3940 199 51 Doran
1689 3940 44 50 &
1766 3957 296 51 company,

73 4011 319 49 inc.. c 1936.
