2519 4377
1084 4075 97 53 689

135 439 313 53 American
475 439 110 52 law
613 438 294 53 institute.

205 518 385 52 Restatement
624 515 62 53 of
720 516 94 52 the
849 516 109 52 law
992 514 62 53 of
1088 532 228 50 agency,
1353 531 58 35 as
1448 514 245 67 adopted
1731 513 110 53 and
134 513 1969 148 promulgated
341 595 73 65 by
453 594 93 50 the
585 592 305 53 American
929 592 109 52 law
1076 590 276 54 institute.
1430 589 351 70 Containing
1819 592 309 67 Maryland

134 669 1997 145 annotations. Prepared by A. James Casner … assisted by Lester A. Ahroon and Edwin W. Lowe, under the auspices of the
133 822 1971 227 Maryland state bar association and Baltimore city bar association. volumes 1-2 … St. Paul, American law institute publishers, 1936.
203 1071 29 39 2
295 1102 8 9 v.
363 1069 146 41 22½cm.

209 1141 71 40 On
309 1150 166 30 cover:
506 1139 180 40 Pocket
714 1138 316 48 supplement.

135 1215 53 54 ©
219 1221 111 45 May
361 1218 68 46 38,
462 1216 139 47 1936;
634 1216 67 40 2c.
733 1216 117 39 each
880 1215 96 39 and
1007 1213 80 41 aff.
1124 1215 126 40 June
1282 1215 81 46 15;
1398 1215 41 39 A
1470 1214 169 48 94957;
1675 1215 158 41 Amer.
1868 1217 97 39 law
209 1216 1904 107 institute,
350 1272 352 49 Philadelphia.

205 1380 385 50 Restatement
617 1376 62 52 of
706 1376 94 52 the
828 1375 108 52 law
964 1374 63 52 of
1052 1377 297 63 contracts,
1377 1393 58 33 as
1464 1375 247 68 adopted
1739 1375 112 53 and
134 1377 1971 147 promulgated
344 1456 74 66 by
460 1456 95 51 the
595 1453 306 53 American
942 1452 108 52 law
1092 1452 276 53 institute.
1450 1451 350 70 Containing
1845 1454 283 54 Colorado

135 1533 377 66 annotations,
542 1531 280 67 prepared
851 1530 179 53 under
1060 1530 96 52 the
1183 1529 276 54 direction
1487 1530 64 53 of
1581 1530 267 54 Frederic
1879 1534 251 53 Putnam

137 1606 1989 70 Storke … under the auspices of the Denver bar association,
134 1686 1995 73 volumes 1-2 … St. Paul, American law institute publishers,
136 1772 148 50 1936.

206 1855 29 39 2
297 1885 8 8 v.
365 1854 145 39 22½cm.

205 1926 72 40 On
308 1935 140 30 cover
467 1934 8 29 :
509 1924 180 39 Pocket
718 1923 317 48 supplement.

135 1997 53 54 ©
219 2003 113 46 May
363 2001 67 47 18,
463 1999 116 42 1936;
635 1999 68 40 2c.
735 2000 117 39 each
884 1999 96 39 and
1011 1997 81 41 aff.
1126 1998 129 40 June
1281 1998 81 47 15;
1395 1998 41 39 A
1467 1998 172 48 94958;
1672 1999 160 41 Amer.
1865 2001 96 39 law
204 1998 1908 108 institute,
354 2056 353 48 Philadelphia.

204 2162 381 50 Restatement
615 2158 63 52 of
704 2159 95 51 the
825 2158 109 52 law
961 2159 62 52 of
1051 2160 298 63 contracts,
1375 2174 59 35 as
1462 2158 247 68 adopted
1738 2160 111 52 and
134 2159 1970 147 promulgated
354 2239 73 66 by
477 2238 94 52 the
621 2235 303 55 American
975 2236 110 52 law
1134 2234 274 55 institute.
1499 2235 350 71 Containing
1900 2235 227 57 Illinois

135 2313 1993 149 annotations, prepared by Harold Wright Holt, under the auspices of the Illinois bar association. volumes 1-2 … St. Paul,
133 2472 201 66 Minn.,
359 2470 306 54 American
692 2470 108 53 law
827 2469 260 54 institute
1113 2470 336 66 publishers,
1478 2473 150 51 1936.

203 2560 28 37 2
256 2570 42 29 V.
352 2557 146 40 22½cm.

207 2629 72 40 On
307 2639 141 29 cover
464 2639 9 29 :
507 2628 180 39 Pocket
712 2627 319 47 supplement.

136 2700 53 54 ©
219 2706 115 47 May
363 2705 68 47 18,
463 2704 115 40 1936;
635 2703 68 41 2c.
734 2704 118 39 each
883 2703 96 39 and
1011 2702 82 41 aff.
1126 2703 126 39 June
1283 2703 81 46 15;
1398 2704 40 38 A
1470 2703 170 47 94960;
1674 2704 159 42 Amer.
1866 2707 94 37 law
205 2705 1905 104 institute,
354 2760 352 49 Philadelphia.

206 2864 383 53 Restatement
614 2863 63 54 of
702 2863 95 52 the
823 2862 109 53 law
960 2862 61 53 of
1048 2866 297 64 contracts,
1372 2880 58 35 as
1459 2862 247 69 adopted
1736 2865 109 52 and
135 2865 1967 143 promulgated
331 2942 74 66 by
430 2942 96 52 the
553 2942 305 51 American
886 2941 109 51 law
1021 2940 275 54 institute.
1362 2941 350 68 Containing
1740 2944 138 52 New
135 2945 1967 127 Hampshire
316 3020 378 65 annotations,
727 3019 280 67 prepared
1040 3020 73 65 by
1149 3019 227 54 Conrad
1411 3021 65 51 E.
1513 3020 186 67 Snow,
1732 3038 127 49 esq.,
1893 3020 235 54 assisted

136 3096 1992 69 by Leonard C. Hardwick, esq. … under the auspices of the New
136 3175 351 66 Hampshire
520 3178 145 50 state
702 3174 102 52 bar
843 3171 334 55 association.
1269 3175 250 51 volumes
1560 3178 98 49 1-2
1750 3218 9 9 ….
1840 3176 81 55 St.
1963 3178 166 66 Paul,

136 3252 302 52 American
464 3252 111 52 law
600 3251 261 53 institute
885 3251 338 67 publishers,
1254 3256 148 49 1936.

206 3338 29 39 2
293 3370 8 8 v.
356 3337 145 40 22½cm.

207 3408 72 40 On
308 3419 139 29 cover
466 3418 8 30 :
505 3408 182 40 Pocket
712 3409 316 47 supplement.

138 3481 53 53 ©
222 3486 113 47 May
365 3485 69 47 18,
466 3484 139 48 1936;
638 3485 67 40 2c.
738 3487 117 39 each
887 3488 95 38 and
1014 3486 87 42 aff.,
1129 3487 127 42 June
1284 3486 82 47 15;
1400 3487 40 38 A
1472 3485 170 49 94959;
1677 3487 158 42 Amer.
1868 3489 94 37 law
208 3486 1904 105 institute,
353 3542 353 48 Philadelphia.

136 3642 235 65 Among
408 3643 284 55 Southern
729 3644 257 68 Baptists.
1077 3646 107 53 vol.
1249 3688 11 24 I,
1298 3645 252 66 1936/37.
1629 3646 364 68 Shreveport,
2028 3649 101 51 La.

253 3725 150 63 [c1936]

211 3806 88 40 560
323 3818 41 36 p.
423 3806 144 40 20½cm.

138 3876 875 48 Compiler: vol. I , J. S. Ramond.
141 3946 52 53 ©
236 3953 111 45 May
389 3952 67 47 12,
499 3951 139 48 1936;
684 3953 66 40 2c.
793 3955 95 38 and
930 3954 85 43 aff.
1057 3956 113 46 May
1214 3955 82 47 15;
1341 3955 40 39 A
1422 3954 169 48 95196;
1637 3955 128 40 John
1807 3956 43 40 S.
1896 3955 235 48 Ramond,

211 4007 303 49 Shreveport,
544 4009 81 40 La.
693 4008 279 49 (36-11253)
