<alto xmlns="http://www.loc.gov/standards/alto/ns-v3#" xmlns:xlink="http://www.w3.org/1999/xlink" xmlns:xsi="http://www.w3.org/2001/XMLSchema-instance" xsi:schemaLocation="http://www.loc.gov/standards/alto/ns-v3# http://www.loc.gov/alto/v3/alto-3-0.xsd"><Description>
<MeasurementUnit>pixel</MeasurementUnit>
<sourceImageInformation>
<fileName>1936_v33_Part1.pdf</fileName>
</sourceImageInformation>
<OCRProcessing ID="IdOcr">
<ocrProcessingStep>
<processingDateTime>2019-01-18</processingDateTime>
<processingSoftware>
<softwareCreator>ABBYY</softwareCreator>
<softwareName>ABBYY Recognition Server</softwareName>
<softwareVersion>4.0</softwareVersion>
</processingSoftware>
</ocrProcessingStep>
</OCRProcessing>
</Description>
<Styles>
<ParagraphStyle ID="StyleId-FFFFFFFF-FFFF-FFFF-FFFF-FFFFFFFFFFFF-" ALIGN="Left" LEFT="0." RIGHT="0." FIRSTLINE="0."/>
<ParagraphStyle ID="StyleId-51D50FAC-7A90-4D70-8A96-5EA9D46D1C8B-" ALIGN="Left" LEFT="0." RIGHT="0." FIRSTLINE="0." LINESPACE="7.699999809"/>
<ParagraphStyle ID="StyleId-6BC133E9-7DCB-43C3-8842-A67984A26405-" ALIGN="Block" LEFT="0." RIGHT="0." FIRSTLINE="-17." LINESPACE="8.340000153"/>
<ParagraphStyle ID="StyleId-3C3FF860-43E7-46A2-8934-48F305F6F0D6-" ALIGN="Left" LEFT="0." RIGHT="0." FIRSTLINE="-13." LINESPACE="11.06999969"/>
<ParagraphStyle ID="StyleId-19220C76-4F8A-4737-B38C-B5F5C17E6040-" ALIGN="Block" LEFT="0." RIGHT="0." FIRSTLINE="-13." LINESPACE="11.06999969"/>
<ParagraphStyle ID="StyleId-75A0D721-13ED-4F20-9002-B389EC48477D-" ALIGN="Left" LEFT="0." RIGHT="0." FIRSTLINE="0." LINESPACE="15.5"/>
<ParagraphStyle ID="StyleId-8A414184-C7A5-4AC7-9B88-7DA4DDE75922-" ALIGN="Left" LEFT="0." RIGHT="0." FIRSTLINE="0." LINESPACE="9.399999619"/>
<ParagraphStyle ID="StyleId-1A87970B-111C-4169-99A6-9412976F3C97-" ALIGN="Left" LEFT="0." RIGHT="0." FIRSTLINE="0." LINESPACE="10.5"/>
<ParagraphStyle ID="StyleId-72DB0571-5AE4-41FD-9E11-68C6AC4C437E-" ALIGN="Block" LEFT="0." RIGHT="0." FIRSTLINE="-17." LINESPACE="8.340000153"/>
<ParagraphStyle ID="StyleId-1AA43056-C388-4697-B10F-72FDAA38FAE1-" ALIGN="Center" LEFT="0." RIGHT="0." FIRSTLINE="0." LINESPACE="10.5"/>
</Styles>
<Layout>
<Page ID="Page1414" PHYSICAL_IMG_NR="1414" HEIGHT="4377" WIDTH="2519">
<TopMargin HEIGHT="422" WIDTH="2519" VPOS="0" HPOS="0">
</TopMargin>
<LeftMargin HEIGHT="3758" WIDTH="352" VPOS="422" HPOS="0">
</LeftMargin>
<RightMargin HEIGHT="3758" WIDTH="103" VPOS="422" HPOS="2416">
</RightMargin>
<BottomMargin HEIGHT="197" WIDTH="2519" VPOS="4180" HPOS="0">
</BottomMargin>
<PrintSpace HEIGHT="3758" WIDTH="2064" VPOS="422" HPOS="352">
<TextBlock ID="Page1414_Block1" HEIGHT="70" WIDTH="154" VPOS="4110" HPOS="1306" LANG="en-US" STYLEREFS="StyleId-25C52F72-8EA6-4215-B58B-AFA858E3B601-">
<TextLine HEIGHT="49" WIDTH="135" VPOS="4120" HPOS="1316">
<String CONTENT="1414" HEIGHT="49" WIDTH="135" VPOS="4120" HPOS="1316"/>
</TextLine>
</TextBlock>
<TextBlock ID="Page1414_Block2" HEIGHT="3690" WIDTH="2064" VPOS="422" HPOS="352" LANG="en-US" CS="1" STYLEREFS="StyleId-8760EE85-6622-4957-B711-521A31073122-">
<TextLine HEIGHT="52" WIDTH="442" VPOS="516" HPOS="453" STYLEREFS="StyleId-75C01872-097E-4653-B800-81188362CC55-" CS="1">
<String CONTENT="594," HEIGHT="48" WIDTH="99" VPOS="516" HPOS="453"/>
<SP HEIGHT="26" WIDTH="32" VPOS="538" HPOS="553"/>
<String CS="1" CONTENT="[2]" HEIGHT="51" WIDTH="41" VPOS="517" HPOS="600"/>
<SP HEIGHT="39" WIDTH="31" VPOS="529" HPOS="642"/>
<String CONTENT="p." HEIGHT="37" WIDTH="43" VPOS="529" HPOS="674"/>
<SP HEIGHT="40" WIDTH="58" VPOS="518" HPOS="718"/>
<String CONTENT="21" HEIGHT="40" WIDTH="57" VPOS="518" HPOS="777"/>
<String STYLE="superscript" CONTENT="cm" HEIGHT="22" WIDTH="45" VPOS="521" HPOS="838"/>
<String CONTENT="." HEIGHT="9" WIDTH="9" VPOS="551" HPOS="886"/>
</TextLine>
<TextLine HEIGHT="64" WIDTH="2018" VPOS="584" HPOS="385" CS="1">
<String CONTENT="&#169;" HEIGHT="54" WIDTH="53" VPOS="584" HPOS="385"/>
<SP HEIGHT="54" WIDTH="30" VPOS="584" HPOS="439"/>
<String CONTENT="Apr." HEIGHT="47" WIDTH="115" VPOS="590" HPOS="470"/>
<SP HEIGHT="41" WIDTH="31" VPOS="590" HPOS="586"/>
<String CONTENT="22," HEIGHT="49" WIDTH="72" VPOS="590" HPOS="618"/>
<SP HEIGHT="48" WIDTH="31" VPOS="591" HPOS="691"/>
<String CONTENT="1936;" HEIGHT="49" WIDTH="142" VPOS="589" HPOS="723"/>
<SP/>
<String CS="1" CONTENT="1c."/>
<SP/>
<String CONTENT="July" HEIGHT="47" WIDTH="117" VPOS="593" HPOS="1004"/>
<SP HEIGHT="45" WIDTH="32" VPOS="595" HPOS="1122"/>
<String CONTENT="17;" HEIGHT="46" WIDTH="82" VPOS="595" HPOS="1155"/>
<SP HEIGHT="46" WIDTH="36" VPOS="595" HPOS="1238"/>
<!-- cceid A5084245-6E3A-1014-83DD-942C093A1DD9 --><String CONTENT="A-Foreign" HEIGHT="48" WIDTH="315" VPOS="594" HPOS="1275"/>
<SP HEIGHT="40" WIDTH="32" VPOS="597" HPOS="1591"/>
<String CONTENT="32528;" HEIGHT="49" WIDTH="171" VPOS="596" HPOS="1624"/>
<SP HEIGHT="46" WIDTH="36" VPOS="599" HPOS="1796"/>
<String CONTENT="Drei" HEIGHT="39" WIDTH="117" VPOS="598" HPOS="1833"/>
<SP HEIGHT="38" WIDTH="36" VPOS="598" HPOS="1951"/>
<String CONTENT="masken" HEIGHT="40" WIDTH="200" VPOS="599" HPOS="1988"/>
<SP HEIGHT="29" WIDTH="33" VPOS="610" HPOS="2189"/>
<String CONTENT="verlag," HEIGHT="48" WIDTH="180" VPOS="600" HPOS="2223"/>
</TextLine>
<TextLine HEIGHT="48" WIDTH="461" VPOS="647" HPOS="456" CS="1">
<String CONTENT="a.-g." HEIGHT="38" WIDTH="104" VPOS="656" HPOS="456"/>
<SP/>
<String CONTENT="(36-22479)" HEIGHT="48" WIDTH="284" VPOS="647" HPOS="633"/>
</TextLine>
<TextLine HEIGHT="69" WIDTH="1071" VPOS="751" HPOS="383" STYLEREFS="StyleId-75C01872-097E-4653-B800-81188362CC55-">
<String CONTENT="Hollister," HEIGHT="66" WIDTH="305" VPOS="751" HPOS="383"/>
<SP HEIGHT="63" WIDTH="26" VPOS="754" HPOS="689"/>
<String CONTENT="Mrs." HEIGHT="52" WIDTH="140" VPOS="754" HPOS="716"/>
<SP HEIGHT="52" WIDTH="27" VPOS="754" HPOS="857"/>
<String CONTENT="Mary" HEIGHT="63" WIDTH="177" VPOS="754" HPOS="885"/>
<SP HEIGHT="64" WIDTH="28" VPOS="755" HPOS="1063"/>
<String CONTENT="(Brewster)" HEIGHT="66" WIDTH="362" VPOS="754" HPOS="1092"/>
</TextLine>
<TextLine HEIGHT="77" WIDTH="1944" VPOS="828" HPOS="456" STYLEREFS="StyleId-4D17826B-EF74-4025-88AB-8391B6A615D9-">
<String CONTENT="Mulberry" HEIGHT="69" WIDTH="302" VPOS="828" HPOS="456"/>
<SP HEIGHT="49" WIDTH="25" VPOS="848" HPOS="759"/>
<String CONTENT="village;" HEIGHT="70" WIDTH="242" VPOS="829" HPOS="785"/>
<SP HEIGHT="50" WIDTH="29" VPOS="848" HPOS="1028"/>
<String CONTENT="a" HEIGHT="34" WIDTH="31" VPOS="849" HPOS="1058"/>
<SP HEIGHT="34" WIDTH="27" VPOS="849" HPOS="1090"/>
<String CONTENT="story" HEIGHT="65" WIDTH="159" VPOS="835" HPOS="1118"/>
<SP HEIGHT="50" WIDTH="26" VPOS="850" HPOS="1278"/>
<String CONTENT="of" HEIGHT="54" WIDTH="65" VPOS="831" HPOS="1305"/>
<SP HEIGHT="54" WIDTH="25" VPOS="831" HPOS="1371"/>
<String CONTENT="country" HEIGHT="64" WIDTH="243" VPOS="838" HPOS="1397"/>
<SP HEIGHT="68" WIDTH="26" VPOS="834" HPOS="1641"/>
<String CONTENT="life" HEIGHT="53" WIDTH="105" VPOS="833" HPOS="1668"/>
<SP HEIGHT="52" WIDTH="29" VPOS="835" HPOS="1774"/>
<String CONTENT="in" HEIGHT="52" WIDTH="59" VPOS="835" HPOS="1804"/>
<SP HEIGHT="55" WIDTH="30" VPOS="834" HPOS="1864"/>
<String CONTENT="China," HEIGHT="58" WIDTH="207" VPOS="834" HPOS="1895"/>
<SP HEIGHT="56" WIDTH="26" VPOS="836" HPOS="2103"/>
<String CONTENT="by" HEIGHT="69" WIDTH="75" VPOS="836" HPOS="2130"/>
<SP HEIGHT="68" WIDTH="26" VPOS="837" HPOS="2206"/>
<String CONTENT="Mary" HEIGHT="68" WIDTH="167" VPOS="837" HPOS="2233"/>
</TextLine>
<TextLine HEIGHT="76" WIDTH="2018" VPOS="908" HPOS="387" STYLEREFS="StyleId-4D17826B-EF74-4025-88AB-8391B6A615D9-" CS="1">
<String CONTENT="Brewster" HEIGHT="52" WIDTH="287" VPOS="908" HPOS="387"/>
<SP HEIGHT="52" WIDTH="29" VPOS="908" HPOS="675"/>
<String CONTENT="Hollister" HEIGHT="53" WIDTH="287" VPOS="908" HPOS="705"/>
<SP HEIGHT="34" WIDTH="37" VPOS="928" HPOS="993"/>
<String CS="1" CONTENT="&#8230;"/>
<SP HEIGHT="52" WIDTH="36" VPOS="910" HPOS="1087"/>
<String CONTENT="illustrated" HEIGHT="54" WIDTH="328" VPOS="910" HPOS="1124"/>
<SP HEIGHT="53" WIDTH="28" VPOS="912" HPOS="1453"/>
<String CONTENT="by" HEIGHT="70" WIDTH="74" VPOS="912" HPOS="1482"/>
<SP HEIGHT="70" WIDTH="31" VPOS="912" HPOS="1557"/>
<String CONTENT="Kurt" HEIGHT="54" WIDTH="156" VPOS="912" HPOS="1589"/>
<SP HEIGHT="55" WIDTH="29" VPOS="914" HPOS="1746"/>
<String CONTENT="Wiese." HEIGHT="55" WIDTH="205" VPOS="914" HPOS="1776"/>
<SP HEIGHT="53" WIDTH="68" VPOS="915" HPOS="1982"/>
<String CONTENT="New" HEIGHT="54" WIDTH="138" VPOS="915" HPOS="2051"/>
<SP HEIGHT="53" WIDTH="34" VPOS="916" HPOS="2190"/>
<String CONTENT="York," HEIGHT="69" WIDTH="180" VPOS="915" HPOS="2225"/>
</TextLine>
<TextLine HEIGHT="71" WIDTH="1005" VPOS="988" HPOS="385" STYLEREFS="StyleId-4D17826B-EF74-4025-88AB-8391B6A615D9-">
<String CONTENT="Dodd," HEIGHT="68" WIDTH="191" VPOS="988" HPOS="385"/>
<SP HEIGHT="68" WIDTH="33" VPOS="988" HPOS="577"/>
<String CONTENT="Mead" HEIGHT="53" WIDTH="174" VPOS="988" HPOS="611"/>
<SP HEIGHT="52" WIDTH="33" VPOS="989" HPOS="786"/>
<String CONTENT="&amp;" HEIGHT="50" WIDTH="48" VPOS="991" HPOS="820"/>
<SP HEIGHT="51" WIDTH="30" VPOS="991" HPOS="869"/>
<String CONTENT="company," HEIGHT="52" WIDTH="301" VPOS="1007" HPOS="900"/>
<SP HEIGHT="64" WIDTH="36" VPOS="995" HPOS="1202"/>
<String CONTENT="1936." HEIGHT="50" WIDTH="151" VPOS="994" HPOS="1239"/>
</TextLine>
<TextLine HEIGHT="52" WIDTH="961" VPOS="1062" HPOS="455" STYLEREFS="StyleId-4D17826B-EF74-4025-88AB-8391B6A615D9-">
<String CONTENT="vii," HEIGHT="49" WIDTH="81" VPOS="1063" HPOS="455"/>
<SP HEIGHT="49" WIDTH="31" VPOS="1063" HPOS="537"/>
<String CONTENT="287" HEIGHT="41" WIDTH="86" VPOS="1063" HPOS="569"/>
<SP HEIGHT="46" WIDTH="30" VPOS="1065" HPOS="656"/>
<String CONTENT="p." HEIGHT="38" WIDTH="45" VPOS="1073" HPOS="687"/>
<SP HEIGHT="42" WIDTH="30" VPOS="1062" HPOS="733"/>
<String CONTENT="incl." HEIGHT="41" WIDTH="111" VPOS="1062" HPOS="764"/>
<SP HEIGHT="39" WIDTH="31" VPOS="1064" HPOS="876"/>
<String CONTENT="front.," HEIGHT="50" WIDTH="165" VPOS="1064" HPOS="908"/>
<SP HEIGHT="49" WIDTH="33" VPOS="1065" HPOS="1074"/>
<String CONTENT="illus." HEIGHT="42" WIDTH="130" VPOS="1065" HPOS="1108"/>
<SP HEIGHT="41" WIDTH="59" VPOS="1066" HPOS="1239"/>
<String CONTENT="21" HEIGHT="40" WIDTH="56" VPOS="1066" HPOS="1299"/>
<String STYLE="superscript" CONTENT="cm" HEIGHT="21" WIDTH="44" VPOS="1069" HPOS="1359"/>
<String CONTENT="." HEIGHT="9" WIDTH="9" VPOS="1098" HPOS="1407"/>
</TextLine>
<TextLine HEIGHT="50" WIDTH="693" VPOS="1135" HPOS="455">
<String CONTENT="Illustrated" HEIGHT="40" WIDTH="294" VPOS="1135" HPOS="455"/>
<SP HEIGHT="39" WIDTH="30" VPOS="1135" HPOS="750"/>
<String CONTENT="lining-papers." HEIGHT="50" WIDTH="367" VPOS="1135" HPOS="781"/>
</TextLine>
<TextLine HEIGHT="110" WIDTH="2003" VPOS="1202" HPOS="383" CS="1">
<String CONTENT="&#169;" HEIGHT="53" WIDTH="54" VPOS="1202" HPOS="383"/>
<SP HEIGHT="53" WIDTH="24" VPOS="1202" HPOS="438"/>
<String CONTENT="Oct." HEIGHT="41" WIDTH="102" VPOS="1206" HPOS="463"/>
<SP HEIGHT="39" WIDTH="29" VPOS="1208" HPOS="566"/>
<String CONTENT="7," HEIGHT="46" WIDTH="39" VPOS="1208" HPOS="596"/>
<SP HEIGHT="47" WIDTH="28" VPOS="1207" HPOS="636"/>
<String CONTENT="1936;" HEIGHT="49" WIDTH="142" VPOS="1205" HPOS="665"/>
<SP HEIGHT="48" WIDTH="29" VPOS="1206" HPOS="808"/>
<String CONTENT="2c." HEIGHT="42" WIDTH="70" VPOS="1206" HPOS="838"/>
<SP HEIGHT="41" WIDTH="29" VPOS="1207" HPOS="909"/>
<String CONTENT="Oct." HEIGHT="42" WIDTH="103" VPOS="1207" HPOS="939"/>
<SP HEIGHT="42" WIDTH="28" VPOS="1207" HPOS="1043"/>
<String CONTENT="9;" HEIGHT="49" WIDTH="53" VPOS="1207" HPOS="1072"/>
<SP HEIGHT="38" WIDTH="31" VPOS="1218" HPOS="1126"/>
<String CS="1" CONTENT="aff."/>
<SP HEIGHT="40" WIDTH="31" VPOS="1209" HPOS="1240"/>
<String CONTENT="Oct." HEIGHT="40" WIDTH="102" VPOS="1209" HPOS="1272"/>
<SP HEIGHT="39" WIDTH="30" VPOS="1210" HPOS="1375"/>
<String CONTENT="10;" HEIGHT="48" WIDTH="81" VPOS="1209" HPOS="1406"/>
<SP HEIGHT="46" WIDTH="33" VPOS="1211" HPOS="1488"/>
<!-- cceid A508822B-6E3A-1014-83DD-942C093A1DD9 --><String CONTENT="A" HEIGHT="38" WIDTH="41" VPOS="1211" HPOS="1522"/>
<SP HEIGHT="41" WIDTH="27" VPOS="1210" HPOS="1564"/>
<String CONTENT="98858;" HEIGHT="49" WIDTH="172" VPOS="1210" HPOS="1592"/>
<SP HEIGHT="47" WIDTH="31" VPOS="1212" HPOS="1765"/>
<String CONTENT="M." HEIGHT="39" WIDTH="64" VPOS="1212" HPOS="1797"/>
<SP HEIGHT="38" WIDTH="29" VPOS="1213" HPOS="1862"/>
<String CONTENT="B." HEIGHT="39" WIDTH="54" VPOS="1213" HPOS="1892"/>
<SP HEIGHT="39" WIDTH="29" VPOS="1213" HPOS="1947"/>
<String CONTENT="Hollister," HEIGHT="50" WIDTH="254" VPOS="1211" HPOS="1977"/>
<SP HEIGHT="47" WIDTH="30" VPOS="1214" HPOS="2232"/>
<String CONTENT="Delaware," HEIGHT="99" WIDTH="1933" VPOS="1213" HPOS="453"/>
<SP HEIGHT="49" WIDTH="29" VPOS="1263" HPOS="598"/>
<String CONTENT="O." HEIGHT="41" WIDTH="52" VPOS="1263" HPOS="628"/>
<SP HEIGHT="49" WIDTH="70" VPOS="1263" HPOS="681"/>
<String CONTENT="(36-21828)" HEIGHT="49" WIDTH="284" VPOS="1263" HPOS="752"/>
</TextLine>
<TextLine HEIGHT="76" WIDTH="2017" VPOS="1366" HPOS="384" STYLEREFS="StyleId-4D17826B-EF74-4025-88AB-8391B6A615D9-">
<String CONTENT="The" HEIGHT="52" WIDTH="122" VPOS="1369" HPOS="384"/>
<SP HEIGHT="52" WIDTH="33" VPOS="1369" HPOS="507"/>
<String CONTENT="Huntington" HEIGHT="68" WIDTH="384" VPOS="1366" HPOS="541"/>
<SP HEIGHT="53" WIDTH="31" VPOS="1370" HPOS="926"/>
<String CONTENT="library" HEIGHT="70" WIDTH="224" VPOS="1368" HPOS="958"/>
<SP HEIGHT="67" WIDTH="31" VPOS="1371" HPOS="1183"/>
<String CONTENT="bulletin," HEIGHT="54" WIDTH="261" VPOS="1371" HPOS="1215"/>
<SP HEIGHT="35" WIDTH="68" VPOS="1390" HPOS="1477"/>
<String CONTENT="number" HEIGHT="52" WIDTH="240" VPOS="1373" HPOS="1546"/>
<SP HEIGHT="49" WIDTH="34" VPOS="1377" HPOS="1787"/>
<String CONTENT="10:" HEIGHT="50" WIDTH="93" VPOS="1376" HPOS="1822"/>
<SP HEIGHT="55" WIDTH="33" VPOS="1374" HPOS="1916"/>
<String CONTENT="October," HEIGHT="68" WIDTH="264" VPOS="1374" HPOS="1950"/>
<SP HEIGHT="63" WIDTH="35" VPOS="1379" HPOS="2215"/>
<String CONTENT="1936." HEIGHT="50" WIDTH="150" VPOS="1378" HPOS="2251"/>
</TextLine>
<TextLine HEIGHT="73" WIDTH="1645" VPOS="1446" HPOS="457" STYLEREFS="StyleId-4D17826B-EF74-4025-88AB-8391B6A615D9-">
<String CONTENT="Cambridge," HEIGHT="69" WIDTH="367" VPOS="1446" HPOS="457"/>
<SP HEIGHT="66" WIDTH="28" VPOS="1449" HPOS="825"/>
<String CONTENT="Mass.," HEIGHT="67" WIDTH="193" VPOS="1449" HPOS="854"/>
<SP HEIGHT="66" WIDTH="30" VPOS="1450" HPOS="1048"/>
<String CONTENT="Harvard" HEIGHT="53" WIDTH="277" VPOS="1450" HPOS="1079"/>
<SP HEIGHT="52" WIDTH="31" VPOS="1450" HPOS="1357"/>
<String CONTENT="university" HEIGHT="69" WIDTH="319" VPOS="1449" HPOS="1389"/>
<SP HEIGHT="48" WIDTH="30" VPOS="1470" HPOS="1709"/>
<String CONTENT="press," HEIGHT="49" WIDTH="175" VPOS="1470" HPOS="1740"/>
<SP HEIGHT="63" WIDTH="33" VPOS="1456" HPOS="1916"/>
<String CONTENT="1936." HEIGHT="51" WIDTH="152" VPOS="1455" HPOS="1950"/>
</TextLine>
<TextLine HEIGHT="64" WIDTH="1950" VPOS="1509" HPOS="453" CS="1">
<String CONTENT="3" HEIGHT="39" WIDTH="27" VPOS="1521" HPOS="453"/>
<SP/>
<String CONTENT="p." HEIGHT="37" WIDTH="44" VPOS="1531" HPOS="516"/>
<SP HEIGHT="40" WIDTH="37" VPOS="1521" HPOS="561"/>
<String CS="1" CONTENT="l.,"/>
<SP HEIGHT="47" WIDTH="38" VPOS="1522" HPOS="643"/>
<String CONTENT="188" HEIGHT="41" WIDTH="88" VPOS="1521" HPOS="682"/>
<SP HEIGHT="48" WIDTH="31" VPOS="1521" HPOS="771"/>
<String CS="1" CONTENT="p.,"/>
<SP/>
<String CS="1" CONTENT="1"/>
<SP/>
<String CS="1" CONTENT="l."/>
<SP HEIGHT="38" WIDTH="66" VPOS="1532" HPOS="994"/>
<String CONTENT="plates," HEIGHT="49" WIDTH="172" VPOS="1522" HPOS="1061"/>
<SP HEIGHT="49" WIDTH="37" VPOS="1522" HPOS="1234"/>
<String CONTENT="facsims." HEIGHT="42" WIDTH="217" VPOS="1522" HPOS="1272"/>
<SP HEIGHT="40" WIDTH="67" VPOS="1524" HPOS="1490"/>
<String CONTENT="24" HEIGHT="39" WIDTH="57" VPOS="1524" HPOS="1558"/>
<String STYLE="superscript" CS="1" CONTENT="cm." HEIGHT="21" WIDTH="15" VPOS="1526" HPOS="1617"/>
<SP HEIGHT="62" WIDTH="71" VPOS="1509" HPOS="1681"/>
<String CONTENT="(Half-title:" HEIGHT="48" WIDTH="301" VPOS="1523" HPOS="1753"/>
<SP HEIGHT="39" WIDTH="36" VPOS="1525" HPOS="2055"/>
<String CONTENT="Huntington" HEIGHT="49" WIDTH="311" VPOS="1524" HPOS="2092"/>
</TextLine>
<TextLine HEIGHT="51" WIDTH="574" VPOS="1577" HPOS="380">
<String CONTENT="library" HEIGHT="49" WIDTH="188" VPOS="1577" HPOS="380"/>
<SP HEIGHT="38" WIDTH="28" VPOS="1589" HPOS="569"/>
<String CONTENT="publications)" HEIGHT="50" WIDTH="356" VPOS="1578" HPOS="598"/>
</TextLine>
<TextLine HEIGHT="114" WIDTH="2003" VPOS="1645" HPOS="383" CS="1">
<String CONTENT="&#169;" HEIGHT="53" WIDTH="53" VPOS="1645" HPOS="383"/>
<SP HEIGHT="53" WIDTH="30" VPOS="1645" HPOS="437"/>
<String CONTENT="Oct." HEIGHT="40" WIDTH="101" VPOS="1650" HPOS="468"/>
<SP HEIGHT="38" WIDTH="31" VPOS="1651" HPOS="570"/>
<String CONTENT="19," HEIGHT="48" WIDTH="70" VPOS="1650" HPOS="602"/>
<SP HEIGHT="47" WIDTH="30" VPOS="1651" HPOS="673"/>
<String CONTENT="1936;" HEIGHT="48" WIDTH="142" VPOS="1650" HPOS="704"/>
<SP HEIGHT="48" WIDTH="32" VPOS="1650" HPOS="847"/>
<String CONTENT="2c." HEIGHT="41" WIDTH="67" VPOS="1650" HPOS="880"/>
<SP HEIGHT="40" WIDTH="33" VPOS="1651" HPOS="948"/>
<String CONTENT="Oct." HEIGHT="40" WIDTH="102" VPOS="1651" HPOS="982"/>
<SP HEIGHT="41" WIDTH="31" VPOS="1650" HPOS="1085"/>
<String CONTENT="22;" HEIGHT="43" WIDTH="83" VPOS="1650" HPOS="1117"/>
<SP HEIGHT="32" WIDTH="34" VPOS="1661" HPOS="1201"/>
<String CS="1" CONTENT="aff."/>
<SP HEIGHT="38" WIDTH="31" VPOS="1652" HPOS="1318"/>
<String CONTENT="Nov." HEIGHT="40" WIDTH="120" VPOS="1652" HPOS="1350"/>
<SP HEIGHT="40" WIDTH="28" VPOS="1652" HPOS="1471"/>
<String CONTENT="2;" HEIGHT="46" WIDTH="53" VPOS="1652" HPOS="1500"/>
<SP HEIGHT="46" WIDTH="34" VPOS="1652" HPOS="1554"/>
<!-- cceid A508C4A5-6E3A-1014-83DD-942C093A1DD9 --><String CONTENT="A" HEIGHT="39" WIDTH="41" VPOS="1652" HPOS="1589"/>
<SP HEIGHT="39" WIDTH="29" VPOS="1652" HPOS="1631"/>
<String CONTENT="100217;" HEIGHT="49" WIDTH="201" VPOS="1651" HPOS="1661"/>
<SP HEIGHT="46" WIDTH="34" VPOS="1654" HPOS="1863"/>
<String CONTENT="President" HEIGHT="43" WIDTH="259" VPOS="1651" HPOS="1898"/>
<SP HEIGHT="39" WIDTH="29" VPOS="1655" HPOS="2158"/>
<String CONTENT="and" HEIGHT="40" WIDTH="98" VPOS="1653" HPOS="2188"/>
<SP HEIGHT="41" WIDTH="29" VPOS="1652" HPOS="2287"/>
<String CONTENT="fellows" HEIGHT="94" WIDTH="1933" VPOS="1652" HPOS="453"/>
<SP HEIGHT="30" WIDTH="26" VPOS="1717" HPOS="574"/>
<String CONTENT="of" HEIGHT="40" WIDTH="53" VPOS="1707" HPOS="601"/>
<SP HEIGHT="40" WIDTH="27" VPOS="1707" HPOS="655"/>
<String CONTENT="Harvard" HEIGHT="39" WIDTH="234" VPOS="1708" HPOS="683"/>
<SP HEIGHT="39" WIDTH="27" VPOS="1708" HPOS="918"/>
<String CONTENT="college," HEIGHT="49" WIDTH="195" VPOS="1708" HPOS="946"/>
<SP HEIGHT="49" WIDTH="29" VPOS="1708" HPOS="1142"/>
<String CONTENT="Cambridge," HEIGHT="51" WIDTH="305" VPOS="1708" HPOS="1172"/>
<SP HEIGHT="49" WIDTH="28" VPOS="1710" HPOS="1478"/>
<String CONTENT="Mass." HEIGHT="40" WIDTH="147" VPOS="1710" HPOS="1507"/>
</TextLine>
<TextLine HEIGHT="66" WIDTH="885" VPOS="1811" HPOS="379" STYLEREFS="StyleId-75C01872-097E-4653-B800-81188362CC55-">
<String CONTENT="Hutchins," HEIGHT="65" WIDTH="321" VPOS="1811" HPOS="379"/>
<SP HEIGHT="63" WIDTH="27" VPOS="1813" HPOS="701"/>
<String CONTENT="Margaret," HEIGHT="64" WIDTH="329" VPOS="1813" HPOS="729"/>
<SP HEIGHT="57" WIDTH="31" VPOS="1819" HPOS="1059"/>
<String CONTENT="1884-" HEIGHT="49" WIDTH="173" VPOS="1819" HPOS="1091"/>
</TextLine>
<TextLine HEIGHT="148" WIDTH="1992" VPOS="1886" HPOS="382" STYLEREFS="StyleId-4D17826B-EF74-4025-88AB-8391B6A615D9-" CS="1">
<String CONTENT="Guide" HEIGHT="55" WIDTH="188" VPOS="1886" HPOS="455"/>
<SP HEIGHT="48" WIDTH="27" VPOS="1893" HPOS="644"/>
<String CONTENT="to" HEIGHT="49" WIDTH="59" VPOS="1893" HPOS="672"/>
<SP HEIGHT="48" WIDTH="28" VPOS="1894" HPOS="732"/>
<String CONTENT="the" HEIGHT="53" WIDTH="97" VPOS="1889" HPOS="761"/>
<SP HEIGHT="35" WIDTH="27" VPOS="1907" HPOS="859"/>
<String CONTENT="use" HEIGHT="36" WIDTH="98" VPOS="1906" HPOS="887"/>
<SP HEIGHT="35" WIDTH="28" VPOS="1907" HPOS="986"/>
<String CONTENT="of" HEIGHT="54" WIDTH="65" VPOS="1888" HPOS="1015"/>
<SP HEIGHT="54" WIDTH="26" VPOS="1888" HPOS="1081"/>
<String CONTENT="libraries;" HEIGHT="65" WIDTH="292" VPOS="1887" HPOS="1108"/>
<SP HEIGHT="45" WIDTH="32" VPOS="1907" HPOS="1401"/>
<String CONTENT="a" HEIGHT="33" WIDTH="31" VPOS="1907" HPOS="1434"/>
<SP HEIGHT="34" WIDTH="28" VPOS="1907" HPOS="1466"/>
<String CONTENT="manual" HEIGHT="53" WIDTH="232" VPOS="1890" HPOS="1495"/>
<SP HEIGHT="52" WIDTH="32" VPOS="1889" HPOS="1728"/>
<String CONTENT="for" HEIGHT="53" WIDTH="95" VPOS="1889" HPOS="1761"/>
<SP HEIGHT="34" WIDTH="28" VPOS="1908" HPOS="1857"/>
<String CONTENT="college" HEIGHT="69" WIDTH="214" VPOS="1889" HPOS="1886"/>
<SP HEIGHT="35" WIDTH="28" VPOS="1907" HPOS="2101"/>
<String CONTENT="and" HEIGHT="53" WIDTH="113" VPOS="1889" HPOS="2130"/>
<SP HEIGHT="53" WIDTH="29" VPOS="1889" HPOS="2244"/>
<String CONTENT="university" HEIGHT="144" WIDTH="1992" VPOS="1890" HPOS="382"/>
<SP HEIGHT="50" WIDTH="30" VPOS="1984" HPOS="598"/>
</TextLine>
<TextLine HEIGHT="148" WIDTH="1992" VPOS="1965" HPOS="381" STYLEREFS="StyleId-4D17826B-EF74-4025-88AB-8391B6A615D9-" CS="1">
<String CONTENT="students," HEIGHT="69" WIDTH="278" VPOS="1966" HPOS="629"/>
<SP HEIGHT="69" WIDTH="28" VPOS="1966" HPOS="908"/>
<String CONTENT="by" HEIGHT="69" WIDTH="75" VPOS="1966" HPOS="937"/>
<SP HEIGHT="69" WIDTH="29" VPOS="1966" HPOS="1013"/>
<String CONTENT="Margaret" HEIGHT="69" WIDTH="300" VPOS="1966" HPOS="1043"/>
<SP HEIGHT="55" WIDTH="32" VPOS="1965" HPOS="1344"/>
<String CONTENT="Hutchins" HEIGHT="55" WIDTH="292" VPOS="1965" HPOS="1377"/>
<SP HEIGHT="34" WIDTH="36" VPOS="1987" HPOS="1670"/>
<String CS="1" CONTENT="&#8230;"/>
<SP HEIGHT="54" WIDTH="34" VPOS="1966" HPOS="1764"/>
<String CONTENT="Alice" HEIGHT="54" WIDTH="163" VPOS="1966" HPOS="1799"/>
<SP HEIGHT="55" WIDTH="35" VPOS="1967" HPOS="1963"/>
<String CONTENT="Sarah" HEIGHT="55" WIDTH="186" VPOS="1967" HPOS="1999"/>
<SP HEIGHT="54" WIDTH="29" VPOS="1968" HPOS="2186"/>
<String CONTENT="Johnson" HEIGHT="129" WIDTH="1992" VPOS="1968" HPOS="381"/>
<SP HEIGHT="34" WIDTH="32" VPOS="2063" HPOS="485"/>
<String CS="1" CONTENT="&#8230;"/>
<SP HEIGHT="33" WIDTH="39" VPOS="2079" HPOS="575"/>
<String CONTENT="[and]" HEIGHT="68" WIDTH="152" VPOS="2044" HPOS="615"/>
<SP HEIGHT="68" WIDTH="30" VPOS="2044" HPOS="768"/>
<String CONTENT="Margaret" HEIGHT="69" WIDTH="300" VPOS="2044" HPOS="799"/>
</TextLine>
<TextLine HEIGHT="56" WIDTH="1267" VPOS="2043" HPOS="1130" STYLEREFS="StyleId-4D17826B-EF74-4025-88AB-8391B6A615D9-" CS="1">
<String CONTENT="Stuart" HEIGHT="55" WIDTH="204" VPOS="2044" HPOS="1130"/>
<SP HEIGHT="53" WIDTH="27" VPOS="2046" HPOS="1335"/>
<String CONTENT="Williams" HEIGHT="56" WIDTH="290" VPOS="2043" HPOS="1363"/>
<SP HEIGHT="35" WIDTH="34" VPOS="2063" HPOS="1654"/>
<String CS="1" CONTENT="&#8230;"/>
<SP HEIGHT="49" WIDTH="79" VPOS="2049" HPOS="1746"/>
<String CONTENT="5th" HEIGHT="51" WIDTH="96" VPOS="2046" HPOS="1826"/>
<SP HEIGHT="52" WIDTH="30" VPOS="2046" HPOS="1923"/>
<String CONTENT="ed." HEIGHT="53" WIDTH="85" VPOS="2045" HPOS="1954"/>
<SP HEIGHT="34" WIDTH="30" VPOS="2064" HPOS="2040"/>
<String CONTENT="rev." HEIGHT="35" WIDTH="113" VPOS="2064" HPOS="2071"/>
<SP HEIGHT="51" WIDTH="75" VPOS="2045" HPOS="2185"/>
<String CONTENT="New" HEIGHT="54" WIDTH="136" VPOS="2045" HPOS="2261"/>
</TextLine>
<TextLine HEIGHT="69" WIDTH="1330" VPOS="2122" HPOS="386" STYLEREFS="StyleId-4D17826B-EF74-4025-88AB-8391B6A615D9-">
<String CONTENT="York," HEIGHT="68" WIDTH="179" VPOS="2122" HPOS="386"/>
<SP HEIGHT="66" WIDTH="28" VPOS="2124" HPOS="566"/>
<String CONTENT="The" HEIGHT="52" WIDTH="123" VPOS="2124" HPOS="595"/>
<SP HEIGHT="54" WIDTH="27" VPOS="2122" HPOS="719"/>
<String CONTENT="H." HEIGHT="55" WIDTH="77" VPOS="2122" HPOS="747"/>
<SP HEIGHT="55" WIDTH="29" VPOS="2122" HPOS="825"/>
<String CONTENT="W." HEIGHT="55" WIDTH="89" VPOS="2122" HPOS="855"/>
<SP HEIGHT="54" WIDTH="30" VPOS="2122" HPOS="945"/>
<String CONTENT="Wilson" HEIGHT="54" WIDTH="223" VPOS="2122" HPOS="976"/>
<SP HEIGHT="35" WIDTH="31" VPOS="2141" HPOS="1200"/>
<String CONTENT="company," HEIGHT="50" WIDTH="301" VPOS="2141" HPOS="1232"/>
<SP HEIGHT="66" WIDTH="30" VPOS="2125" HPOS="1534"/>
<String CONTENT="1936." HEIGHT="51" WIDTH="151" VPOS="2125" HPOS="1565"/>
</TextLine>
<TextLine HEIGHT="50" WIDTH="959" VPOS="2193" HPOS="453" CS="1">
<String CONTENT="xii" HEIGHT="39" WIDTH="70" VPOS="2194" HPOS="453"/>
<SP HEIGHT="48" WIDTH="26" VPOS="2194" HPOS="524"/>
<String CONTENT="p.," HEIGHT="38" WIDTH="58" VPOS="2204" HPOS="551"/>
<SP HEIGHT="46" WIDTH="24" VPOS="2194" HPOS="610"/>
<String CONTENT="1" HEIGHT="39" WIDTH="26" VPOS="2194" HPOS="635"/>
<SP HEIGHT="39" WIDTH="25" VPOS="2194" HPOS="662"/>
<String CS="1" CONTENT="l.,"/>
<SP HEIGHT="48" WIDTH="26" VPOS="2194" HPOS="733"/>
<String CONTENT="252" HEIGHT="40" WIDTH="87" VPOS="2194" HPOS="760"/>
<SP HEIGHT="49" WIDTH="23" VPOS="2194" HPOS="848"/>
<String CONTENT="p." HEIGHT="38" WIDTH="43" VPOS="2205" HPOS="872"/>
<SP HEIGHT="43" WIDTH="27" VPOS="2193" HPOS="916"/>
<String CONTENT="incl." HEIGHT="43" WIDTH="112" VPOS="2193" HPOS="944"/>
<SP HEIGHT="41" WIDTH="25" VPOS="2195" HPOS="1057"/>
<String CONTENT="front." HEIGHT="40" WIDTH="150" VPOS="2195" HPOS="1083"/>
<SP HEIGHT="40" WIDTH="59" VPOS="2195" HPOS="1234"/>
<String CONTENT="20" HEIGHT="41" WIDTH="57" VPOS="2194" HPOS="1294"/>
<String STYLE="superscript" CONTENT="cm" HEIGHT="23" WIDTH="43" VPOS="2196" HPOS="1354"/>
<String CONTENT="." HEIGHT="8" WIDTH="8" VPOS="2227" HPOS="1404"/>
</TextLine>
<TextLine HEIGHT="54" WIDTH="1911" VPOS="2263" HPOS="381" CS="1">
<String CONTENT="&#169;" HEIGHT="54" WIDTH="53" VPOS="2263" HPOS="381"/>
<SP HEIGHT="54" WIDTH="24" VPOS="2263" HPOS="435"/>
<String CONTENT="Aug." HEIGHT="47" WIDTH="120" VPOS="2269" HPOS="460"/>
<SP HEIGHT="39" WIDTH="26" VPOS="2269" HPOS="581"/>
<String CONTENT="31," HEIGHT="47" WIDTH="72" VPOS="2269" HPOS="608"/>
<SP HEIGHT="46" WIDTH="25" VPOS="2270" HPOS="681"/>
<String CONTENT="1936;" HEIGHT="48" WIDTH="141" VPOS="2267" HPOS="707"/>
<SP HEIGHT="47" WIDTH="28" VPOS="2268" HPOS="849"/>
<String CONTENT="2c." HEIGHT="41" WIDTH="68" VPOS="2268" HPOS="878"/>
<SP HEIGHT="41" WIDTH="30" VPOS="2269" HPOS="947"/>
<String CONTENT="Sept." HEIGHT="47" WIDTH="127" VPOS="2269" HPOS="978"/>
<SP HEIGHT="40" WIDTH="28" VPOS="2269" HPOS="1106"/>
<String CONTENT="8;" HEIGHT="47" WIDTH="52" VPOS="2269" HPOS="1135"/>
<SP HEIGHT="37" WIDTH="28" VPOS="2279" HPOS="1188"/>
<String CS="1" CONTENT="aff."/>
<SP HEIGHT="40" WIDTH="29" VPOS="2269" HPOS="1300"/>
<String CONTENT="Oct." HEIGHT="40" WIDTH="102" VPOS="2269" HPOS="1330"/>
<SP HEIGHT="40" WIDTH="27" VPOS="2269" HPOS="1433"/>
<String CONTENT="2;" HEIGHT="47" WIDTH="53" VPOS="2269" HPOS="1461"/>
<SP HEIGHT="46" WIDTH="30" VPOS="2270" HPOS="1515"/>
<!-- cceid A5090681-6E3A-1014-83DD-942C093A1DD9 --><String CONTENT="A" HEIGHT="38" WIDTH="40" VPOS="2270" HPOS="1546"/>
<SP HEIGHT="41" WIDTH="25" VPOS="2268" HPOS="1587"/>
<String CONTENT="98825;" HEIGHT="48" WIDTH="172" VPOS="2268" HPOS="1613"/>
<SP HEIGHT="45" WIDTH="30" VPOS="2271" HPOS="1786"/>
<String CONTENT="H." HEIGHT="39" WIDTH="60" VPOS="2271" HPOS="1817"/>
<SP HEIGHT="39" WIDTH="28" VPOS="2271" HPOS="1878"/>
<String CONTENT="W." HEIGHT="39" WIDTH="71" VPOS="2271" HPOS="1907"/>
<SP HEIGHT="39" WIDTH="28" VPOS="2271" HPOS="1979"/>
<String CONTENT="Wilson" HEIGHT="41" WIDTH="188" VPOS="2269" HPOS="2008"/>
<SP HEIGHT="30" WIDTH="25" VPOS="2280" HPOS="2197"/>
<String CONTENT="co." HEIGHT="32" WIDTH="69" VPOS="2279" HPOS="2223"/>
</TextLine>
<TextLine HEIGHT="49" WIDTH="283" VPOS="2325" HPOS="463">
<String CONTENT="(36-22026)" HEIGHT="49" WIDTH="283" VPOS="2325" HPOS="463"/>
</TextLine>
<TextLine HEIGHT="67" WIDTH="622" VPOS="2430" HPOS="386" STYLEREFS="StyleId-75C01872-097E-4653-B800-81188362CC55-">
<String CONTENT="[Jenkins," HEIGHT="66" WIDTH="287" VPOS="2430" HPOS="386"/>
<SP HEIGHT="65" WIDTH="22" VPOS="2431" HPOS="674"/>
<String CONTENT="James" HEIGHT="53" WIDTH="207" VPOS="2431" HPOS="697"/>
<SP HEIGHT="52" WIDTH="19" VPOS="2432" HPOS="905"/>
<String CONTENT="F.]" HEIGHT="65" WIDTH="83" VPOS="2432" HPOS="925"/>
</TextLine>
<TextLine HEIGHT="68" WIDTH="1949" VPOS="2508" HPOS="450" STYLEREFS="StyleId-4D17826B-EF74-4025-88AB-8391B6A615D9-" CS="1">
<String CONTENT="World," HEIGHT="54" WIDTH="208" VPOS="2509" HPOS="450"/>
<SP HEIGHT="52" WIDTH="37" VPOS="2509" HPOS="659"/>
<String CONTENT="letters" HEIGHT="53" WIDTH="196" VPOS="2509" HPOS="697"/>
<SP HEIGHT="48" WIDTH="43" VPOS="2527" HPOS="894"/>
<String CONTENT="[incorporated]" HEIGHT="68" WIDTH="439" VPOS="2508" HPOS="938"/>
<SP HEIGHT="33" WIDTH="51" VPOS="2543" HPOS="1378"/>
<String CS="1" CONTENT="&#8230;"/>
<SP HEIGHT="55" WIDTH="79" VPOS="2509" HPOS="1486"/>
<String CONTENT="Off" HEIGHT="55" WIDTH="99" VPOS="2509" HPOS="1566"/>
<SP HEIGHT="52" WIDTH="37" VPOS="2509" HPOS="1666"/>
<String CONTENT="the" HEIGHT="52" WIDTH="97" VPOS="2510" HPOS="1704"/>
<SP HEIGHT="34" WIDTH="37" VPOS="2528" HPOS="1802"/>
<String CONTENT="coast" HEIGHT="46" WIDTH="155" VPOS="2518" HPOS="1840"/>
<SP HEIGHT="46" WIDTH="37" VPOS="2518" HPOS="1996"/>
<String CONTENT="of" HEIGHT="52" WIDTH="63" VPOS="2509" HPOS="2034"/>
<SP HEIGHT="55" WIDTH="40" VPOS="2508" HPOS="2098"/>
<String CONTENT="Senegal," HEIGHT="68" WIDTH="260" VPOS="2508" HPOS="2139"/>
</TextLine>
<TextLine HEIGHT="68" WIDTH="2009" VPOS="2587" HPOS="384" STYLEREFS="StyleId-4D17826B-EF74-4025-88AB-8391B6A615D9-" CS="1">
<String CONTENT="Sept." HEIGHT="66" WIDTH="155" VPOS="2588" HPOS="384"/>
<SP HEIGHT="48" WIDTH="37" VPOS="2592" HPOS="540"/>
<String CS="1" CONTENT="17," HEIGHT="22" WIDTH="12" VPOS="2631" HPOS="648"/>
<SP HEIGHT="61" WIDTH="34" VPOS="2592" HPOS="661"/>
<String CONTENT="1936" HEIGHT="50" WIDTH="135" VPOS="2591" HPOS="696"/>
<SP HEIGHT="48" WIDTH="38" VPOS="2593" HPOS="832"/>
<String CS="1" CONTENT="&#8230;"/>
<SP HEIGHT="34" WIDTH="84" VPOS="2621" HPOS="928"/>
<String CONTENT="[Senegal," HEIGHT="68" WIDTH="283" VPOS="2587" HPOS="1013"/>
<SP HEIGHT="65" WIDTH="31" VPOS="2589" HPOS="1297"/>
<String CONTENT="Africa," HEIGHT="68" WIDTH="226" VPOS="2587" HPOS="1329"/>
<SP HEIGHT="66" WIDTH="31" VPOS="2589" HPOS="1556"/>
<String CONTENT="World" HEIGHT="53" WIDTH="206" VPOS="2589" HPOS="1588"/>
<SP HEIGHT="52" WIDTH="33" VPOS="2588" HPOS="1795"/>
<String CONTENT="letters," HEIGHT="66" WIDTH="213" VPOS="2588" HPOS="1829"/>
<SP HEIGHT="67" WIDTH="34" VPOS="2587" HPOS="2043"/>
<String CONTENT="inc.," HEIGHT="67" WIDTH="126" VPOS="2587" HPOS="2078"/>
<SP HEIGHT="62" WIDTH="36" VPOS="2592" HPOS="2205"/>
<String CONTENT="1936]" HEIGHT="64" WIDTH="151" VPOS="2591" HPOS="2242"/>
</TextLine>
<TextLine HEIGHT="49" WIDTH="575" VPOS="2659" HPOS="446" STYLEREFS="StyleId-4D17826B-EF74-4025-88AB-8391B6A615D9-">
<String CONTENT="p." HEIGHT="38" WIDTH="44" VPOS="2670" HPOS="446"/>
<SP HEIGHT="42" WIDTH="32" VPOS="2659" HPOS="491"/>
<String CONTENT="9-12." HEIGHT="41" WIDTH="129" VPOS="2659" HPOS="524"/>
<SP HEIGHT="40" WIDTH="59" VPOS="2660" HPOS="654"/>
<String CONTENT="illus." HEIGHT="41" WIDTH="131" VPOS="2660" HPOS="714"/>
<SP HEIGHT="41" WIDTH="59" VPOS="2660" HPOS="846"/>
<String CONTENT="18" HEIGHT="41" WIDTH="59" VPOS="2660" HPOS="906"/>
<String STYLE="superscript" CONTENT="cm" HEIGHT="21" WIDTH="45" VPOS="2663" HPOS="964"/>
<String CONTENT="." HEIGHT="8" WIDTH="7" VPOS="2691" HPOS="1014"/>
</TextLine>
<TextLine HEIGHT="49" WIDTH="415" VPOS="2717" HPOS="449">
<String CONTENT="Mimeographed." HEIGHT="49" WIDTH="415" VPOS="2717" HPOS="449"/>
</TextLine>
<TextLine HEIGHT="53" WIDTH="2018" VPOS="2783" HPOS="379" CS="1">
<String CONTENT="&#169;" HEIGHT="53" WIDTH="53" VPOS="2783" HPOS="379"/>
<SP/>
<String CS="1" CONTENT="1c."/>
<SP/>
<String CONTENT="Oct." HEIGHT="40" WIDTH="101" VPOS="2788" HPOS="555"/>
<SP HEIGHT="38" WIDTH="28" VPOS="2788" HPOS="657"/>
<String CONTENT="20," HEIGHT="42" WIDTH="71" VPOS="2788" HPOS="686"/>
<SP HEIGHT="41" WIDTH="26" VPOS="2789" HPOS="758"/>
<String CONTENT="1936;" HEIGHT="49" WIDTH="141" VPOS="2786" HPOS="785"/>
<SP HEIGHT="47" WIDTH="29" VPOS="2788" HPOS="927"/>
<!-- cceid A50945F1-6E3A-1014-83DD-942C093A1DD9 --><String CONTENT="A" HEIGHT="39" WIDTH="41" VPOS="2788" HPOS="957"/>
<SP HEIGHT="39" WIDTH="25" VPOS="2788" HPOS="999"/>
<String CONTENT="ad" HEIGHT="39" WIDTH="61" VPOS="2787" HPOS="1025"/>
<SP HEIGHT="39" WIDTH="26" VPOS="2787" HPOS="1087"/>
<String CONTENT="int." HEIGHT="42" WIDTH="87" VPOS="2787" HPOS="1114"/>
<SP HEIGHT="41" WIDTH="24" VPOS="2788" HPOS="1202"/>
<String CONTENT="21977;" HEIGHT="48" WIDTH="172" VPOS="2787" HPOS="1227"/>
<SP HEIGHT="38" WIDTH="28" VPOS="2797" HPOS="1400"/>
<String CONTENT="pubd." HEIGHT="48" WIDTH="145" VPOS="2787" HPOS="1429"/>
<SP HEIGHT="40" WIDTH="29" VPOS="2788" HPOS="1575"/>
<String CONTENT="Sept." HEIGHT="47" WIDTH="128" VPOS="2788" HPOS="1605"/>
<SP HEIGHT="42" WIDTH="26" VPOS="2786" HPOS="1734"/>
<String CONTENT="20;" HEIGHT="49" WIDTH="83" VPOS="2786" HPOS="1761"/>
<SP HEIGHT="47" WIDTH="32" VPOS="2788" HPOS="1845"/>
<String CONTENT="World" HEIGHT="40" WIDTH="169" VPOS="2787" HPOS="1878"/>
<SP HEIGHT="38" WIDTH="27" VPOS="2787" HPOS="2048"/>
<String CONTENT="letters," HEIGHT="47" WIDTH="186" VPOS="2787" HPOS="2076"/>
<SP HEIGHT="49" WIDTH="27" VPOS="2785" HPOS="2263"/>
<String CONTENT="inc.," HEIGHT="47" WIDTH="106" VPOS="2785" HPOS="2291"/>
</TextLine>
<TextLine HEIGHT="48" WIDTH="523" VPOS="2845" HPOS="450">
<String CONTENT="East" HEIGHT="39" WIDTH="122" VPOS="2846" HPOS="450"/>
<SP HEIGHT="39" WIDTH="25" VPOS="2846" HPOS="573"/>
<String CONTENT="Aurora," HEIGHT="47" WIDTH="207" VPOS="2846" HPOS="599"/>
<SP HEIGHT="48" WIDTH="27" VPOS="2845" HPOS="807"/>
<String CONTENT="N." HEIGHT="40" WIDTH="57" VPOS="2845" HPOS="835"/>
<SP HEIGHT="40" WIDTH="26" VPOS="2845" HPOS="893"/>
<String CONTENT="Y." HEIGHT="39" WIDTH="53" VPOS="2845" HPOS="920"/>
</TextLine>
<TextLine HEIGHT="65" WIDTH="672" VPOS="2951" HPOS="378" STYLEREFS="StyleId-75C01872-097E-4653-B800-81188362CC55-">
<String CONTENT="Johnson," HEIGHT="65" WIDTH="288" VPOS="2951" HPOS="378"/>
<SP HEIGHT="64" WIDTH="26" VPOS="2952" HPOS="667"/>
<String CONTENT="Davis" HEIGHT="53" WIDTH="190" VPOS="2951" HPOS="694"/>
<SP HEIGHT="52" WIDTH="21" VPOS="2952" HPOS="885"/>
<String CONTENT="Ben." HEIGHT="53" WIDTH="143" VPOS="2952" HPOS="907"/>
</TextLine>
<TextLine HEIGHT="68" WIDTH="1940" VPOS="3027" HPOS="454" STYLEREFS="StyleId-4D17826B-EF74-4025-88AB-8391B6A615D9-">
<String CONTENT="&#8220;Hills" HEIGHT="52" WIDTH="192" VPOS="3029" HPOS="454"/>
<SP HEIGHT="37" WIDTH="40" VPOS="3046" HPOS="647"/>
<String CONTENT="of" HEIGHT="54" WIDTH="62" VPOS="3029" HPOS="688"/>
<SP HEIGHT="55" WIDTH="40" VPOS="3029" HPOS="751"/>
<String CONTENT="Ohio&#8221;" HEIGHT="56" WIDTH="187" VPOS="3028" HPOS="792"/>
<SP HEIGHT="54" WIDTH="39" VPOS="3028" HPOS="980"/>
<String CONTENT="and" HEIGHT="52" WIDTH="116" VPOS="3030" HPOS="1020"/>
<SP HEIGHT="52" WIDTH="33" VPOS="3030" HPOS="1137"/>
<String CONTENT="other" HEIGHT="52" WIDTH="163" VPOS="3029" HPOS="1171"/>
<SP HEIGHT="48" WIDTH="37" VPOS="3047" HPOS="1335"/>
<String CONTENT="poems," HEIGHT="49" WIDTH="210" VPOS="3046" HPOS="1373"/>
<SP HEIGHT="66" WIDTH="37" VPOS="3029" HPOS="1584"/>
<String CONTENT="by" HEIGHT="66" WIDTH="73" VPOS="3029" HPOS="1622"/>
<SP HEIGHT="65" WIDTH="37" VPOS="3030" HPOS="1696"/>
<String CONTENT="Davis" HEIGHT="52" WIDTH="182" VPOS="3029" HPOS="1734"/>
<SP HEIGHT="51" WIDTH="38" VPOS="3030" HPOS="1917"/>
<String CONTENT="Ben" HEIGHT="51" WIDTH="124" VPOS="3030" HPOS="1956"/>
<SP HEIGHT="54" WIDTH="37" VPOS="3029" HPOS="2081"/>
<String CONTENT="Johnson." HEIGHT="56" WIDTH="275" VPOS="3027" HPOS="2119"/>
</TextLine>
<TextLine HEIGHT="66" WIDTH="1108" VPOS="3107" HPOS="361" STYLEREFS="StyleId-4D17826B-EF74-4025-88AB-8391B6A615D9-">
<String CONTENT="&#8216;Wauseon," HEIGHT="63" WIDTH="322" VPOS="3109" HPOS="361"/>
<SP HEIGHT="65" WIDTH="24" VPOS="3107" HPOS="684"/>
<String CONTENT="O.," HEIGHT="66" WIDTH="87" VPOS="3107" HPOS="709"/>
<SP HEIGHT="64" WIDTH="21" VPOS="3109" HPOS="797"/>
<String CONTENT="D." HEIGHT="52" WIDTH="72" VPOS="3109" HPOS="819"/>
<SP HEIGHT="52" WIDTH="25" VPOS="3109" HPOS="892"/>
<String CONTENT="B." HEIGHT="51" WIDTH="66" VPOS="3109" HPOS="918"/>
<SP HEIGHT="54" WIDTH="26" VPOS="3108" HPOS="985"/>
<String CONTENT="Johnson," HEIGHT="65" WIDTH="279" VPOS="3108" HPOS="1012"/>
<SP HEIGHT="62" WIDTH="27" VPOS="3111" HPOS="1292"/>
<String CONTENT="1936." HEIGHT="49" WIDTH="149" VPOS="3110" HPOS="1320"/>
</TextLine>
<TextLine HEIGHT="49" WIDTH="249" VPOS="3179" HPOS="446" CS="1">
<String CONTENT="92" HEIGHT="40" WIDTH="58" VPOS="3179" HPOS="446"/>
<SP HEIGHT="47" WIDTH="27" VPOS="3181" HPOS="505"/>
<String CONTENT="p." HEIGHT="38" WIDTH="43" VPOS="3190" HPOS="533"/>
<SP HEIGHT="39" WIDTH="61" VPOS="3180" HPOS="577"/>
<String CS="1" CONTENT="18&#189;cm." HEIGHT="40" WIDTH="56" VPOS="3180" HPOS="639"/>
</TextLine>
<TextLine HEIGHT="53" WIDTH="1908" VPOS="3246" HPOS="378" CS="1">
<String CONTENT="&#169;" HEIGHT="53" WIDTH="53" VPOS="3246" HPOS="378"/>
<SP/>
<String CS="1" CONTENT="July"/>
<SP/>
<String CONTENT="18," HEIGHT="49" WIDTH="68" VPOS="3250" HPOS="604"/>
<SP HEIGHT="48" WIDTH="30" VPOS="3251" HPOS="673"/>
<String CONTENT="1936;" HEIGHT="47" WIDTH="141" VPOS="3250" HPOS="704"/>
<SP HEIGHT="47" WIDTH="29" VPOS="3250" HPOS="846"/>
<String CONTENT="2c." HEIGHT="40" WIDTH="66" VPOS="3250" HPOS="876"/>
<SP HEIGHT="39" WIDTH="28" VPOS="3251" HPOS="943"/>
<String CONTENT="July" HEIGHT="47" WIDTH="117" VPOS="3250" HPOS="972"/>
<SP HEIGHT="47" WIDTH="26" VPOS="3250" HPOS="1090"/>
<String CONTENT="23;" HEIGHT="47" WIDTH="82" VPOS="3250" HPOS="1117"/>
<SP HEIGHT="37" WIDTH="32" VPOS="3260" HPOS="1200"/>
<String CS="1" CONTENT="aff."/>
<SP HEIGHT="38" WIDTH="29" VPOS="3251" HPOS="1314"/>
<String CONTENT="Aug" HEIGHT="44" WIDTH="104" VPOS="3251" HPOS="1344"/>
<SP HEIGHT="38" WIDTH="39" VPOS="3250" HPOS="1453"/>
<String CONTENT="21;" HEIGHT="41" WIDTH="82" VPOS="3250" HPOS="1493"/>
<SP HEIGHT="40" WIDTH="30" VPOS="3251" HPOS="1576"/>
<!-- cceid A50986A2-6E3A-1014-83DD-942C093A1DD9 --><String CONTENT="A" HEIGHT="38" WIDTH="42" VPOS="3251" HPOS="1607"/>
<SP HEIGHT="39" WIDTH="24" VPOS="3250" HPOS="1650"/>
<String CONTENT="96581;" HEIGHT="48" WIDTH="172" VPOS="3248" HPOS="1675"/>
<SP HEIGHT="47" WIDTH="31" VPOS="3249" HPOS="1848"/>
<String CONTENT="D." HEIGHT="39" WIDTH="56" VPOS="3249" HPOS="1880"/>
<SP HEIGHT="38" WIDTH="28" VPOS="3250" HPOS="1937"/>
<String CONTENT="B." HEIGHT="39" WIDTH="55" VPOS="3250" HPOS="1966"/>
<SP HEIGHT="40" WIDTH="29" VPOS="3249" HPOS="2022"/>
<String CONTENT="Johnson." HEIGHT="41" WIDTH="234" VPOS="3248" HPOS="2052"/>
</TextLine>
<TextLine HEIGHT="57" WIDTH="2016" VPOS="3410" HPOS="377" STYLEREFS="StyleId-75C01872-097E-4653-B800-81188362CC55-">
<String CONTENT="Joint" HEIGHT="53" WIDTH="164" VPOS="3413" HPOS="377"/>
<SP HEIGHT="52" WIDTH="45" VPOS="3415" HPOS="542"/>
<String CONTENT="committee" HEIGHT="55" WIDTH="343" VPOS="3412" HPOS="588"/>
<SP HEIGHT="36" WIDTH="44" VPOS="3430" HPOS="932"/>
<String CONTENT="of" HEIGHT="53" WIDTH="65" VPOS="3413" HPOS="977"/>
<SP HEIGHT="52" WIDTH="43" VPOS="3413" HPOS="1043"/>
<String CONTENT="the" HEIGHT="53" WIDTH="103" VPOS="3412" HPOS="1087"/>
<SP HEIGHT="52" WIDTH="45" VPOS="3413" HPOS="1191"/>
<String CONTENT="American" HEIGHT="55" WIDTH="318" VPOS="3411" HPOS="1237"/>
<SP HEIGHT="36" WIDTH="46" VPOS="3428" HPOS="1556"/>
<String CONTENT="association" HEIGHT="54" WIDTH="358" VPOS="3410" HPOS="1603"/>
<SP HEIGHT="37" WIDTH="48" VPOS="3427" HPOS="1962"/>
<String CONTENT="of" HEIGHT="53" WIDTH="63" VPOS="3411" HPOS="2011"/>
<SP HEIGHT="52" WIDTH="45" VPOS="3411" HPOS="2075"/>
<String CONTENT="teachers" HEIGHT="54" WIDTH="272" VPOS="3410" HPOS="2121"/>
</TextLine>
<TextLine HEIGHT="69" WIDTH="1567" VPOS="3487" HPOS="449" STYLEREFS="StyleId-75C01872-097E-4653-B800-81188362CC55-">
<String CONTENT="colleges" HEIGHT="64" WIDTH="254" VPOS="3492" HPOS="449"/>
<SP HEIGHT="38" WIDTH="29" VPOS="3507" HPOS="704"/>
<String CONTENT="and" HEIGHT="54" WIDTH="116" VPOS="3491" HPOS="734"/>
<SP HEIGHT="54" WIDTH="32" VPOS="3491" HPOS="851"/>
<String CONTENT="the" HEIGHT="54" WIDTH="103" VPOS="3491" HPOS="884"/>
<SP HEIGHT="53" WIDTH="34" VPOS="3490" HPOS="988"/>
<String CONTENT="American" HEIGHT="55" WIDTH="319" VPOS="3490" HPOS="1023"/>
<SP HEIGHT="52" WIDTH="32" VPOS="3490" HPOS="1343"/>
<String CONTENT="library" HEIGHT="65" WIDTH="227" VPOS="3490" HPOS="1376"/>
<SP HEIGHT="49" WIDTH="31" VPOS="3506" HPOS="1604"/>
<String CONTENT="association." HEIGHT="55" WIDTH="380" VPOS="3487" HPOS="1636"/>
</TextLine>
<TextLine HEIGHT="68" WIDTH="1937" VPOS="3576" HPOS="453" STYLEREFS="StyleId-4D17826B-EF74-4025-88AB-8391B6A615D9-">
<String CONTENT="How" HEIGHT="53" WIDTH="147" VPOS="3580" HPOS="453"/>
<SP HEIGHT="34" WIDTH="42" VPOS="3599" HPOS="601"/>
<String CONTENT="shall" HEIGHT="52" WIDTH="147" VPOS="3581" HPOS="644"/>
<SP HEIGHT="51" WIDTH="39" VPOS="3582" HPOS="792"/>
<String CONTENT="we" HEIGHT="34" WIDTH="83" VPOS="3599" HPOS="832"/>
<SP HEIGHT="35" WIDTH="39" VPOS="3599" HPOS="916"/>
<String CONTENT="educate" HEIGHT="55" WIDTH="235" VPOS="3579" HPOS="956"/>
<SP HEIGHT="49" WIDTH="38" VPOS="3584" HPOS="1192"/>
<String CONTENT="teachers" HEIGHT="53" WIDTH="255" VPOS="3579" HPOS="1231"/>
<SP HEIGHT="35" WIDTH="40" VPOS="3596" HPOS="1487"/>
<String CONTENT="and" HEIGHT="53" WIDTH="114" VPOS="3578" HPOS="1528"/>
<SP HEIGHT="54" WIDTH="40" VPOS="3577" HPOS="1643"/>
<String CONTENT="librarians" HEIGHT="54" WIDTH="310" VPOS="3576" HPOS="1684"/>
<SP HEIGHT="54" WIDTH="41" VPOS="3576" HPOS="1995"/>
<String CONTENT="for" HEIGHT="52" WIDTH="94" VPOS="3576" HPOS="2037"/>
<SP HEIGHT="52" WIDTH="39" VPOS="3576" HPOS="2132"/>
<String CONTENT="library" HEIGHT="68" WIDTH="218" VPOS="3576" HPOS="2172"/>
</TextLine>
<TextLine HEIGHT="72" WIDTH="2011" VPOS="3653" HPOS="379" STYLEREFS="StyleId-4D17826B-EF74-4025-88AB-8391B6A615D9-">
<String CONTENT="service" HEIGHT="53" WIDTH="211" VPOS="3659" HPOS="379"/>
<SP HEIGHT="52" WIDTH="31" VPOS="3658" HPOS="591"/>
<String CONTENT="in" HEIGHT="52" WIDTH="59" VPOS="3658" HPOS="623"/>
<SP HEIGHT="48" WIDTH="31" VPOS="3664" HPOS="683"/>
<String CONTENT="the" HEIGHT="54" WIDTH="96" VPOS="3658" HPOS="715"/>
<SP HEIGHT="34" WIDTH="30" VPOS="3677" HPOS="812"/>
<String CONTENT="school?" HEIGHT="54" WIDTH="226" VPOS="3657" HPOS="843"/>
<SP HEIGHT="53" WIDTH="78" VPOS="3657" HPOS="1070"/>
<String CONTENT="Findings" HEIGHT="69" WIDTH="285" VPOS="3656" HPOS="1149"/>
<SP HEIGHT="35" WIDTH="34" VPOS="3675" HPOS="1435"/>
<String CONTENT="and" HEIGHT="52" WIDTH="113" VPOS="3656" HPOS="1470"/>
<SP HEIGHT="52" WIDTH="34" VPOS="3656" HPOS="1584"/>
<String CONTENT="recommendations" HEIGHT="56" WIDTH="546" VPOS="3653" HPOS="1619"/>
<SP HEIGHT="35" WIDTH="33" VPOS="3672" HPOS="2166"/>
<String CONTENT="of" HEIGHT="54" WIDTH="64" VPOS="3653" HPOS="2200"/>
<SP HEIGHT="53" WIDTH="31" VPOS="3653" HPOS="2265"/>
<String CONTENT="the" HEIGHT="52" WIDTH="93" VPOS="3654" HPOS="2297"/>
</TextLine>
<TextLine HEIGHT="149" WIDTH="2008" VPOS="3731" HPOS="380" STYLEREFS="StyleId-4D17826B-EF74-4025-88AB-8391B6A615D9-" CS="1">
<String CONTENT="Joint" HEIGHT="54" WIDTH="163" VPOS="3736" HPOS="380"/>
<SP HEIGHT="45" WIDTH="36" VPOS="3745" HPOS="544"/>
<String CONTENT="committee" HEIGHT="53" WIDTH="322" VPOS="3736" HPOS="581"/>
<SP HEIGHT="34" WIDTH="31" VPOS="3754" HPOS="904"/>
<String CONTENT="of" HEIGHT="53" WIDTH="64" VPOS="3735" HPOS="936"/>
<SP HEIGHT="54" WIDTH="32" VPOS="3735" HPOS="1001"/>
<String CONTENT="the" HEIGHT="54" WIDTH="97" VPOS="3735" HPOS="1034"/>
<SP HEIGHT="56" WIDTH="34" VPOS="3733" HPOS="1132"/>
<String CONTENT="American" HEIGHT="54" WIDTH="309" VPOS="3733" HPOS="1167"/>
<SP HEIGHT="35" WIDTH="36" VPOS="3752" HPOS="1477"/>
<String CONTENT="association" HEIGHT="54" WIDTH="339" VPOS="3732" HPOS="1514"/>
<SP HEIGHT="34" WIDTH="35" VPOS="3751" HPOS="1854"/>
<String CONTENT="of" HEIGHT="52" WIDTH="64" VPOS="3732" HPOS="1890"/>
<SP HEIGHT="52" WIDTH="34" VPOS="3732" HPOS="1955"/>
<String CONTENT="teachers" HEIGHT="52" WIDTH="254" VPOS="3733" HPOS="1990"/>
<SP HEIGHT="35" WIDTH="35" VPOS="3749" HPOS="2245"/>
<String CONTENT="colleges" HEIGHT="149" WIDTH="1985" VPOS="3731" HPOS="382"/>
<SP HEIGHT="36" WIDTH="47" VPOS="3831" HPOS="529"/>
<String CONTENT="and" HEIGHT="52" WIDTH="113" VPOS="3814" HPOS="577"/>
<SP HEIGHT="52" WIDTH="44" VPOS="3814" HPOS="691"/>
<String CONTENT="the" HEIGHT="52" WIDTH="96" VPOS="3814" HPOS="736"/>
<SP HEIGHT="54" WIDTH="44" VPOS="3812" HPOS="833"/>
<String CONTENT="American" HEIGHT="54" WIDTH="307" VPOS="3812" HPOS="878"/>
<SP HEIGHT="53" WIDTH="47" VPOS="3812" HPOS="1186"/>
<String CONTENT="library" HEIGHT="69" WIDTH="220" VPOS="3811" HPOS="1234"/>
<SP HEIGHT="50" WIDTH="46" VPOS="3830" HPOS="1455"/>
<String CONTENT="association," HEIGHT="69" WIDTH="358" VPOS="3809" HPOS="1502"/>
<SP HEIGHT="49" WIDTH="43" VPOS="3829" HPOS="1861"/>
<String CONTENT="with" HEIGHT="53" WIDTH="140" VPOS="3809" HPOS="1905"/>
<SP HEIGHT="52" WIDTH="47" VPOS="3810" HPOS="2046"/>
<String CONTENT="a" HEIGHT="34" WIDTH="31" VPOS="3826" HPOS="2094"/>
<SP HEIGHT="51" WIDTH="45" VPOS="3810" HPOS="2126"/>
<String CONTENT="library" HEIGHT="70" WIDTH="216" VPOS="3806" HPOS="2172"/>
</TextLine>
<TextLine HEIGHT="59" WIDTH="2010" VPOS="3885" HPOS="379" STYLEREFS="StyleId-4D17826B-EF74-4025-88AB-8391B6A615D9-">
<String CONTENT="science" HEIGHT="53" WIDTH="213" VPOS="3891" HPOS="379"/>
<SP HEIGHT="34" WIDTH="37" VPOS="3910" HPOS="593"/>
<String CONTENT="curriculum" HEIGHT="54" WIDTH="348" VPOS="3890" HPOS="631"/>
<SP HEIGHT="53" WIDTH="37" VPOS="3889" HPOS="980"/>
<String CONTENT="for" HEIGHT="54" WIDTH="96" VPOS="3889" HPOS="1018"/>
<SP HEIGHT="47" WIDTH="34" VPOS="3896" HPOS="1115"/>
<String CONTENT="teachers" HEIGHT="53" WIDTH="255" VPOS="3890" HPOS="1150"/>
<SP HEIGHT="37" WIDTH="39" VPOS="3906" HPOS="1406"/>
<String CONTENT="and" HEIGHT="52" WIDTH="113" VPOS="3889" HPOS="1446"/>
<SP HEIGHT="52" WIDTH="37" VPOS="3889" HPOS="1560"/>
<String CONTENT="teacher-librarians." HEIGHT="55" WIDTH="578" VPOS="3886" HPOS="1598"/>
<SP HEIGHT="54" WIDTH="73" VPOS="3885" HPOS="2177"/>
<String CONTENT="New" HEIGHT="53" WIDTH="138" VPOS="3885" HPOS="2251"/>
</TextLine>
<TextLine HEIGHT="69" WIDTH="1266" VPOS="3967" HPOS="384" STYLEREFS="StyleId-4D17826B-EF74-4025-88AB-8391B6A615D9-">
<String CONTENT="York," HEIGHT="67" WIDTH="176" VPOS="3969" HPOS="384"/>
<SP HEIGHT="68" WIDTH="34" VPOS="3968" HPOS="561"/>
<String CONTENT="Columbia" HEIGHT="55" WIDTH="302" VPOS="3968" HPOS="596"/>
<SP HEIGHT="34" WIDTH="33" VPOS="3987" HPOS="899"/>
<String CONTENT="university" HEIGHT="68" WIDTH="320" VPOS="3967" HPOS="933"/>
<SP HEIGHT="49" WIDTH="32" VPOS="3986" HPOS="1254"/>
<String CONTENT="press," HEIGHT="51" WIDTH="176" VPOS="3984" HPOS="1287"/>
<SP HEIGHT="62" WIDTH="35" VPOS="3970" HPOS="1464"/>
<String CONTENT="1936." HEIGHT="50" WIDTH="150" VPOS="3969" HPOS="1500"/>
</TextLine>
<TextLine HEIGHT="49" WIDTH="521" VPOS="4052" HPOS="448" CS="1">
<String CONTENT="5" HEIGHT="39" WIDTH="26" VPOS="4052" HPOS="448"/>
<SP/>
<String CONTENT="p." HEIGHT="37" WIDTH="42" VPOS="4062" HPOS="508"/>
<SP HEIGHT="40" WIDTH="29" VPOS="4052" HPOS="551"/>
<String CS="1" CONTENT="l.,"/>
<SP HEIGHT="46" WIDTH="36" VPOS="4054" HPOS="625"/>
<String CONTENT="74" HEIGHT="40" WIDTH="53" VPOS="4053" HPOS="662"/>
<SP HEIGHT="48" WIDTH="32" VPOS="4053" HPOS="716"/>
<String CONTENT="p." HEIGHT="38" WIDTH="41" VPOS="4063" HPOS="749"/>
<SP HEIGHT="42" WIDTH="60" VPOS="4052" HPOS="791"/>
<String CONTENT="23" HEIGHT="41" WIDTH="55" VPOS="4052" HPOS="852"/>
<String STYLE="superscript" CONTENT="cm" HEIGHT="22" WIDTH="44" VPOS="4055" HPOS="910"/>
<String CONTENT="." HEIGHT="6" WIDTH="9" VPOS="4085" HPOS="960"/>
</TextLine>
</TextBlock>
</PrintSpace>
</Page>
</Layout>
</alto>