2519 4377
1040 4053 62 48 61

83 483 107 51 and
232 483 161 52 other
429 482 320 67 beverages,
788 479 323 70 originated
1149 479 167 54 while
1355 479 354 69 prohibition
1746 499 114 35 was
1898 479 60 53 in
85 480 1969 145 effect;
269 560 94 53 the
407 559 181 55 whole
628 559 252 53 flavored
922 559 141 53 with
1104 558 201 53 dashes
1346 558 63 53 of
1450 559 223 67 history
1712 557 190 54 mixed
1944 559 60 51 in
2047 577 29 34 a

80 638 202 52 shaker
308 638 63 53 of
399 638 267 52 anecdote
692 637 112 53 and
830 637 196 53 served
1053 636 140 54 with
1221 655 31 34 a
1278 637 195 53 chaser
1498 636 62 55 of
1587 635 381 54 illuminative
83 639 1971 143 information,
449 715 74 68 by
561 715 207 53 Albert
808 714 236 56 Stevens
1083 714 270 55 Crockett
1401 714 308 67 (historian
1747 714 65 52 of
1848 715 97 53 the
1984 716 90 52 old

82 792 558 69 Waldorf-Astoria);
742 792 380 55 illustrations
1180 793 74 68 by
1311 792 286 68 Leighton
1656 792 190 53 Budd.
1941 793 136 53 New

84 871 175 67 York,
287 870 70 53 A.
390 870 58 55 S.
475 870 287 68 Crockett,
793 874 150 50 1935.

149 943 848 50 vii p., 1 l., 177 p. illus. 19½cm.
149 1001 40 38 A
219 1001 210 41 revision
459 1001 53 41 of
539 1003 83 40 the
649 1002 185 48 recipes
865 1002 254 48 published
1149 1002 51 39 in
1228 1003 81 40 the
1337 1001 219 41 author’s
1587 1001 118 40 “Old
1737 1003 223 41 Waldorf
1992 1005 86 39 bar

78 1058 164 49 days”,
273 1059 116 41 New
421 1059 142 48 York,
596 1058 129 44 1931.

77 1113 2002 52 © Dec. 18. 1935; 2c. Dec. 26; aff. Jan. 8, 1936: A 90245; A. S. Crockett.
147 1173 279 49 [Copyright
448 1173 42 39 is
512 1174 206 39 claimed
740 1184 60 30 on
824 1173 213 39 revision
1059 1174 96 38 and
1177 1172 345 49 illustrations]
1587 1173 251 47 (36-3084)

80 1276 194 63 Daele,
301 1276 154 53 Rose
480 1276 207 64 Marie,
716 1277 83 51 ed.

148 1350 173 54 Short
355 1349 220 54 French
607 1368 193 50 poems
835 1350 93 53 for
961 1351 296 53 recitation
1304 1351 122 64 (for
1462 1351 140 51 class
1640 1350 109 51 and
1786 1349 125 52 club
1948 1353 122 64 use)

77 1426 2004 148 selected and edited by Rose-Marie Daele … with an introduction by Professor Claudine Gray … Williamsport, Pa., The
78 1582 231 69 Bayard
339 1600 154 51 press
529 1584 193 67 [c1935]

146 1654 678 49 1 p. l., v-xii, 95 p. 20cm.
76 1711 52 52 ©
167 1715 100 40 Oct.
307 1715 68 47 16,
415 1714 140 46 1935;
596 1714 68 40 2c.
703 1715 98 39 and
837 1714 81 39 aff.
959 1714 109 39 Jan.
1108 1714 69 49 28,
1216 1714 140 45 1936;
1399 1716 39 38 A
1477 1714 171 48 90529;
1692 1717 197 47 Bayard
1928 1725 152 39 press.

147 1772 280 48 [Copyright
457 1771 44 39 is
528 1772 207 39 claimed
764 1781 60 29 on
854 1771 227 40 selection
1115 1771 53 39 (if
1195 1781 162 38 poems
1388 1773 96 38 and
1512 1772 267 40 foot-notes
1795 1784 9 28 :
146 1773 1918 95 introduction;
298 1828 208 48 original
532 1828 183 48 design]
760 1828 14 47 (
803 1828 228 47 36-2575)
1902 1829 88 41 382

77 1929 235 67 Davies,
338 1930 257 55 Thomas
621 1928 336 68 Frederick,
1021 1950 74 48 bp.,
1123 1932 172 53 1872-

145 2007 1839 68 After confirmation, what? By Thomas Frederick Davies …
77 2085 137 52 New
249 2085 178 67 York,
460 2084 361 68 Milwaukee,
851 2084 337 54 Morehouse
1219 2085 337 68 publishing
1589 2104 98 49 co.,
1722 2089 149 50 1936.

145 2156 1063 51 xi:, 123, [1] p. incl. front. (port.) 15cm.
148 2213 158 41 Blank
331 2224 146 40 pages
503 2215 79 42 for
611 2214 204 43 “Notes”
845 2217 53 40 at
923 2216 91 41 end
1044 2215 51 42 of
1121 2216 118 41 each
1267 2216 216 49 chapter.

76 2270 2003 53 © Jan. 2, 1936; 2c. Jan. 8 : aff. Jan. 6; A 91082; Morehouse pub. co.
156 2330 249 48 (36-3124)

78 2419 146 64 Day,
254 2423 138 50 Mrs.
424 2418 230 66 Lillian,
690 2424 167 50 1893-

149 2496 238 54 Murder
439 2497 61 52 in
553 2494 154 69 time,
760 2496 75 68 by
889 2494 217 55 Lillian
1157 2497 132 67 Day
1346 2497 112 53 and
1513 2497 246 53 Norbert
1815 2498 260 53 Lederer.

86 2574 1042 68 [New York] Green circle books [c1936]
142 2648 259 49 297, [1] p. 19½cm.
75 2700 2004 53 © Jan. 20, 1936; 2c. Jan. 22; aff. Feb. 5; A 90638; Lee Furman, inc.,
143 2762 118 39 New
285 2763 143 37 York.
494 2762 251 48 (36-3328)

78 2850 202 66 Defoe,
313 2852 225 65 Daniel,
574 2851 364 55 1661?-1731.

78 2928 1994 300 … Robinson Crusoe, by Daniel Defoe, edited to fit the interests and abilities of young readers by Edward L. Thorndike; illustrated by Henry C. Pitz. New York, D. Appleton-Century company, incorporated [c1936]
147 3231 1862 51 4 p. l., 3-255 p. incl. front., illus. 19½cm. (The Thorndike library)
148 3288 276 43 “Student’s
458 3289 227 42 edition.”

77 3342 1999 52 © Feb. 3, 1936: 2c. Feb. 5; aff. Feb. 6; A 90629: Edward L. Thorndike,
143 3404 116 39 New
292 3404 143 38 York.
505 3404 283 49 [Copyright
818 3404 41 38 is
895 3404 205 40 claimed
1137 3414 60 28 on
1235 3403 185 47 editing
1456 3405 93 37 and
1588 3414 105 29 new
1729 3404 345 48 illustrations]

155 3459 248 49 (36-3139)

78 3549 83 53 De
189 3551 83 52 La
299 3552 183 64 Mare,
510 3550 225 55 Walter
762 3551 173 63 John,
966 3552 171 55 1873-

148 3626 215 68 Poems,
409 3629 131 49 1919
585 3633 58 47 to
689 3628 150 50 1934.
913 3626 92 69 By
1046 3626 222 54 Walter
1311 3626 86 53 De
1441 3626 84 54 La
1569 3625 177 54 Mare.
1819 3625 257 66 London,

82 3702 294 54 Constable
403 3704 109 53 and
542 3721 294 49 company,
862 3703 220 58 limited
1115 3705 170 66 [1935]

147 3774 651 48 xiv p., 1 l., 379 p. 20cm.
149 3829 161 42 “First
342 3829 225 42 edition.”

79 3884 1999 55 © 1c. Jan. 9, 1936; A ad int. 21036; pubd. Nov. 14, 1935; Walter De La
147 3947 149 46 Mare,
323 3947 67 39 Ta
396 3947 137 47 plow,
561 3947 176 46 Bucks,
766 3947 235 47 England.
1067 3947 251 50 (36-4168)
