2519 4377
1288 4119 134 50 1240

331 436 293 65 Kephart,
652 437 252 66 Horace,
936 442 329 51 1862-1931.

406 515 123 53 The
561 514 319 55 Cherokees
914 514 65 55 of
1011 515 97 55 the
1144 514 217 69 Smoky
1396 516 328 54 mountains;
1792 539 30 34 a
1858 517 150 53 little
2041 516 153 53 band
2230 516 128 53 that

336 591 2020 150 has stood against the white tide for three hundred years; rewritten from the papers of Horace Kephart … Ithaca, N. Y.
341 752 141 67 [The
510 749 292 56 Atkinson
833 770 176 50 press]
1048 754 152 52 1936.

403 836 502 51 36 p. illus. 23 cm .
333 905 54 53 ©
422 909 129 48 Sept.
585 909 39 48 5,
660 908 118 41 1936;
837 907 69 42 2c.
943 909 129 48 Sept.
1106 907 26 41 9;
1197 908 82 42 aff.
1319 909 128 48 Sept.
1482 910 26 40 8;
1571 910 43 39 A
1645 908 145 42 97726;
1855 910 165 39 Laura
2056 909 145 40 Mack
405 911 1936 120 Kephart,
578 981 190 49 Ithaca,
809 982 56 39 N.
908 982 55 39 Y.
1038 980 284 50 [Copyright
1363 980 43 40 is
1448 981 207 39 claimed
1697 991 62 30 on
1802 981 241 40 revisions
2084 982 98 40 and
405 981 1936 107 additions]
619 1038 285 50 (36-19280)

334 1146 226 63 Kneen,
587 1144 258 54 Eleanor
870 1144 68 55 G.

407 1221 285 70 Lordless,
717 1222 78 70 by
822 1223 69 55 E.
920 1222 70 56 G.
1019 1222 221 54 Kneen.
1316 1222 140 55 New
1483 1221 183 68 York,
1692 1221 70 58 G.
1790 1224 65 53 P.
1884 1222 300 55 Putnam’s
2212 1241 149 50 sons,

337 1306 153 52 1936.

406 1387 565 52 4 p. l., 300 p. 19½ cm .
337 1458 53 53 ©
429 1463 129 47 Sept.
595 1462 69 50 11,
731 1460 113 48 1936;
883 1460 68 42 2c.
992 1462 129 47 Sept.
1158 1461 83 46 16;
1282 1459 81 41 aff.
1406 1461 129 47 Sept.
1574 1460 83 49 14;
1697 1461 41 39 A
1775 1460 172 48 98425;
1990 1462 53 41 E.
2085 1461 53 40 G.
2174 1460 185 50 Kneen,

405 1519 385 49 Farmborough,
819 1519 178 49 Hants,
1028 1518 240 48 England.
1335 1517 284 50 (36-19247)

335 1626 192 66 Knox,
553 1626 314 65 Raymond
894 1624 251 67 Collyer,
1174 1626 173 55 1876-

409 1703 1950 69 Knowing the Bible, by Raymond C. Knox … Rev. ed.
336 1782 140 54 New
508 1782 182 67 York,
718 1783 124 53 The
869 1782 341 54 Macmillan
1240 1800 300 51 company,
1571 1787 151 50 1936.

409 1867 1895 53 3 p. l., v-xv p., 1 l., 19-281 p. illus., maps (1 double) diagr. 20½ cm .
412 1942 228 41 Includes
674 1940 397 50 bibliographies.

337 2009 54 54 ©
421 2014 128 48 Sept.
578 2014 40 47 1,
646 2012 143 50 1936;
816 2014 68 40 2c.
915 2013 96 40 and
1040 2013 82 41 aff.
1154 2013 130 48 Sept.
1311 2012 54 49 2;
1396 2014 41 39 A
1465 2012 173 49 98204;
1670 2012 287 41 Macmillan
1984 2022 67 33 co.

417 2071 285 51 (36-19210)

344 2176 184 64 Kyne,
555 2176 178 55 Peter
756 2175 290 66 Bernard,
1076 2180 173 50 1880-

413 2251 275 66 Soldiers,
721 2253 204 55 sailors
958 2257 114 53 and
1106 2255 142 68 dogs
1286 2253 111 70 [by]
1435 2254 171 54 Peter
1638 2255 67 53 B.
1741 2254 186 68 Kyne.
2005 2254 140 53 New
2182 2252 179 70 York,

346 2335 70 53 H.
447 2332 62 57 C.
537 2334 222 69 Kinsey
787 2338 43 50 &
859 2352 302 50 company,
1189 2334 126 67 inc.,
1345 2337 151 52 1936.

412 2420 563 50 4 p. l., 274 p. 19½ cm .
343 2488 2019 53 © Sept. 17, 1936; 2c. and aff. Sept. 18; A 97867; P . B. Kyne, San
411 2549 277 40 Francisco.
765 2548 284 51 (36-19257)

343 2654 301 64 Lambert,
671 2653 195 58 Reita.

412 2730 161 69 They
597 2731 129 53 who
749 2731 145 53 have…
1050 2730 110 70 [by]
1190 2731 169 54 Reita
1385 2730 288 55 Lambert.
1734 2730 235 56 Garden
1998 2730 153 69 City,
2176 2731 68 53 N.
2272 2731 90 62 Y.,

344 2810 356 70 Doubleday,
728 2812 200 53 Doran
958 2814 45 51 &
1030 2829 99 49 co.,
1157 2811 127 67 inc.,
1314 2814 150 51 1936.

414 2896 539 52 5 p. l., 273 p. 20 cm .
416 2970 164 41 “First
612 2968 231 43 edition.”

342 3038 53 53 ©
426 3043 120 46 Aug.
581 3044 38 46 7,
653 3042 116 40 1936;
831 3042 68 40 2c.
933 3041 97 40 and
1064 3042 83 41 aff.
1181 3042 129 47 Sept.
1346 3041 55 40 12;
1464 3042 41 39 A
1537 3041 147 41 98377;
1747 3041 146 40 Reita
1927 3041 231 40 Lambert
2191 3040 171 50 Nevin,

412 3100 119 39 New
556 3099 146 41 York.
767 3097 283 50 (36-19219)

345 3203 198 66 Laski,
569 3203 225 54 Harold
824 3203 241 63 Joseph,
1096 3208 172 50 1893-

346 3278 2018 150 The rise of liberalism; the philosophy of a business civilization, by Harold J. Laski … New York and London, Harper
344 3441 45 50 &
418 3437 281 66 brothers,
731 3440 152 51 1936.

448 3509 702 54 x p., 1 l., 327, [1] p. 22½ cm .
421 3581 55 39 In
510 3591 130 31 some
675 3582 173 47 degree
882 3592 65 30 an
979 3581 255 41 historical
1265 3580 313 49 background
1612 3582 49 40 to
1696 3580 83 41 the
1813 3578 220 43 author’s
2069 3579 130 42 “The
2234 3581 129 40 state

352 3638 46 40 in
429 3639 172 47 theory
631 3639 97 39 and
756 3637 244 49 practice”
1029 3638 258 49 published
1318 3638 97 41 last
1444 3648 132 37 year.
1634 3639 60 48 cf.
1729 3637 128 41 Pref.

421 3697 147 40 “Part
608 3697 51 40 of
696 3697 82 41 the
816 3697 123 41 book
975 3707 103 30 was
1116 3697 246 41 delivered
1400 3699 53 39 at
1491 3696 194 49 Trinity
1722 3697 193 49 college,
1955 3696 195 49 Dublin,
2189 3707 56 30 as
2284 3697 81 41 the

352 3753 234 41 Donellan
616 3754 212 41 lectures
855 3754 50 40 in
934 3753 253 50 February
1216 3754 51 41 of
1296 3753 100 42 this
1423 3753 356 50 year.”—Pref.

420 3811 162 41 “First
617 3811 231 42 edition.”
911 3811 198 42 London
1143 3811 186 42 edition
1375 3811 79 49 (G.
1487 3811 141 42 Allen
1661 3812 38 41 &
1732 3811 174 41 Unwin
1944 3811 112 49 ltd.)
2101 3812 89 40 has
2226 3811 135 43 title:

347 3869 100 40 The
477 3869 97 41 rise
604 3868 55 41 of
688 3868 259 50 European
977 3868 283 43 liberalism.

420 3925 206 42 “Notes”
669 3925 198 50 (chiefly
898 3925 431 50 bibliographical)
1356 3936 9 30 :
1397 3937 44 39 p.
1469 3925 220 43 304-327.

351 3992 53 52 ©
440 3997 120 47 Aug.
597 3998 70 46 31,
705 3996 142 49 1936;
886 3997 68 41 2c.
995 3997 129 49 Sept.
1162 3997 53 48 2;
1255 3997 83 41 aff.
1382 3998 129 47 Sept.
1545 3998 53 47 3;
1640 3998 43 39 A
1717 3996 172 49 97655;
1931 3998 197 47 Harper
2165 3998 37 40 &
2237 3996 127 43 bros.

431 4054 284 50 (36-19382)
