2519 4377
1066 4081 128 54 1475

200 521 78 42 vii,
310 522 83 38 130
455 550 7 7 p.
522 520 126 40 illus.
706 520 144 39 21½cm.

199 578 232 39 “Revised
471 577 91 38 and
601 576 260 47 reprinted.
903 576 290 47 September,
1234 574 153 41 1935."

130 643 53 53 ©
214 649 101 39 Oct.
345 648 67 42 15.
445 648 137 39 1935:
616 647 67 38 2c.
715 647 120 38 Mar.
865 647 39 40 2,
936 645 139 42 1936;
1109 645 81 39 aff.
1223 646 112 45 Apr.
1367 645 81 46 16;
1485 645 36 38 A
1553 644 170 44 93696;
1759 644 48 38 C.
1885 675 7 6 G.
1932 645 198 36 Bruner,

205 704 223 46 Wichita,
467 704 123 38 Kan.
662 701 279 50 [Copyright
980 701 42 39 is
1059 701 202 39 claimed
1303 711 57 29 on
1402 699 208 40 revision
1651 699 92 40 and
1784 700 345 45 enlargement]

212 760 279 47 (36-24643)

136 863 362 64 Burroughs,
527 864 200 62 Edgar
753 860 157 65 Rice,
940 863 171 54 1875-

199 950 269 55 Tarzan’s
513 955 176 65 quest,
733 949 72 70 by
849 949 200 70 Edgar
1093 947 138 56 Rice
1273 947 366 70 Burroughs;
1687 946 324 55 illustrated
2057 946 74 70 by

126 1030 55 53 J.
223 1030 171 53 Allen
443 1029 82 55 St.
570 1029 174 52 John.
826 1028 279 67 Tarzana,
1151 1026 194 68 Calif.,
1392 1027 66 52 E.
1504 1027 68 52 R.
1619 1025 356 69 Burroughs,
2020 1025 107 53 inc.

130 1139 12 34 [
148 1113 18 22 c
172 1110 133 51 1936
309 1141 13 34 ]

193 1178 55 41 318
313 1190 41 38 p.
417 1180 160 48 front.,
609 1179 171 48 plates.
841 1178 57 42 19½
929 1180 44 23 cm
976 1209 10 10 .

197 1235 161 42 “First
389 1236 225 41 edition.”

129 1303 53 53 ©
214 1310 126 45 Sept.
376 1309 36 42 1,
447 1309 137 40 1936;
617 1309 67 37 2c.
718 1307 94 39 and
843 1307 82 40 aff.
959 1309 100 39 Oct.
1092 1309 82 45 26;
1211 1309 37 37 A
1280 1307 143 38 99585
1442 1317 8 36 ;
1488 1306 162 47 Edgar
1687 1305 113 40 Rice
1832 1305 298 46 Burroughs,

200 1364 89 40 inc.
358 1364 279 46 (36-24404)

132 1467 299 64 Callahan,
457 1468 152 53 John
635 1469 70 52 D.

204 1554 1867 70 The Catholic attitude toward a familial minimum wage …
135 1633 1999 70 by Reverend John D. Callahan … Washington, D. C., The
135 1712 261 54 Catholic
425 1711 318 55 university
771 1712 64 54 of
860 1713 283 56 America,
1177 1715 149 50 1936.

206 1787 94 47 xiv,
331 1787 84 40 137
444 1797 43 38 p.
543 1786 55 41 23
601 1788 44 22 cm
650 1817 9 9 .

206 1840 1357 50 Thesis ( PH . D.)—Catholic university of America.
208 1898 346 49 Bibliography
571 1909 10 30 ;
611 1909 43 38 p.
681 1898 216 41 129-137.

133 1964 53 53 ©
209 1970 126 38 June
356 1968 38 43 6,
419 1969 139 46 1936;
584 1970 65 37 2c.
676 1968 94 39 and
794 1969 81 40 aff.
901 1969 118 47 Aug.
1046 1968 81 47 20;
1154 1969 39 39 A
1215 1969 171 46 97456;
1415 1968 222 42 Catholic
1661 1967 128 41 univ.
1817 1969 52 40 of
1890 1969 240 41 America.

211 2024 278 48 (36-24619)

132 2128 255 55 Canada.
461 2131 182 62 Laws,
667 2134 256 59 statutes,
947 2135 100 48 etc.

267 2217 1863 70 … Income war tax act. 1936 ed. The complete text of the
132 2293 262 56 “Income
419 2314 119 35 war
562 2301 98 48 tax
688 2295 124 55 act”
837 2296 64 53 of
927 2295 253 69 Canada,
1204 2295 141 55 with
1371 2296 76 53 all
1477 2296 405 67 amendments,
133 2295 1971 146 including
268 2373 159 54 those
464 2374 234 53 enacted
733 2373 75 69 by
846 2374 95 53 the
980 2376 85 51 1st
1099 2374 227 68 session,
1364 2374 131 53 18th
1532 2372 371 69 Parliament,
1940 2372 185 54 which

133 2450 317 67 adjourned
481 2450 150 54 June
664 2454 83 63 23,
780 2454 149 50 1936.
1004 2450 139 55 Also
1176 2449 320 71 legislative
1528 2455 159 50 notes
1720 2451 113 54 and
1867 2450 261 54 valuable

134 2527 192 54 tables.
401 2527 257 55 Indexed
690 2536 58 46 at
777 2546 144 52 page
950 2531 64 51 71
1046 2534 54 48 et
1130 2546 107 51 seq.
1314 2527 137 55 New
1484 2528 180 68 York,
1696 2528 253 70 Chicago
2005 2534 119 61 [etc.]

135 2603 321 56 Commerce
492 2605 253 70 clearing
778 2607 190 67 house,
1005 2606 124 67 inc.,
1162 2607 177 53 Loose
1377 2605 119 54 leaf
1531 2604 211 56 service
1779 2605 248 55 division
2065 2607 63 53 of

133 2682 1210 70 the Corporation trust company [ c 1936]
202 2752 56 40 76
290 2764 42 37 p.
393 2753 54 41 23
451 2755 44 22 cm
499 2785 9 9 .

205 2811 63 39 At
297 2811 124 39 head
451 2810 51 40 of
531 2810 108 42 title
658 2821 9 30 :
701 2811 258 40 Dominion
990 2811 52 41 of
1071 2812 212 41 Canada.

132 2879 53 54 ©
223 2884 114 48 July
375 2885 70 47 21,
482 2883 140 45 1936:
664 2886 68 40 2c.
771 2885 93 39 and
905 2885 81 42 aff.
1027 2887 118 46 Aug.
1186 2886 80 47 15;
1308 2887 39 39 A
1387 2886 170 43 97539:
1601 2887 275 41 Commerce
1915 2887 219 49 clearing

198 2940 162 49 house,
393 2940 89 44 inc.
550 2941 280 48 (36-24384)

131 3044 384 66 Carmichael,
545 3046 295 64 Geoffrey.

204 3133 361 70 Accounting
595 3134 311 69 principles
935 3136 112 53 and
1077 3135 265 70 practice,
1370 3138 75 67 by
1474 3137 267 69 Geoffrey
1774 3138 357 55 Carmichael

197 3211 1933 72 … New York, London [etc.] Longmans, Green and co., 1936.
209 3284 79 41 vii.
316 3285 84 40 243
425 3297 41 37 p.
492 3285 75 41 incl.
624 3286 168 48 diagr.,
816 3287 166 41 forms.
1035 3287 56 40 22
1092 3291 17 20 cm
1142 3320 9 8 .
1208 3288 270 49 [American
1503 3289 222 41 business
1748 3289 382 49 fundamentals,

137 3340 390 48 editor-in-chief,
559 3342 43 41 J.
632 3343 63 40 H.
724 3343 179 50 Moore]

210 3396 71 41 On
308 3407 139 30 cover
463 3409 11 30 :
502 3399 39 38 A
568 3400 235 47 complete
827 3409 183 31 course.

210 3452 163 42 “First
398 3452 225 43 edition.”

131 3517 54 54 ©
216 3524 126 46 Sept.
372 3524 67 43 16,
470 3524 139 45 1936;
642 3526 66 38 2c.
738 3524 95 40 and
863 3525 80 39 aff.
975 3525 102 41 Oct.
1108 3525 80 48 10;
1220 3527 38 39 A
1290 3528 169 41 98870:
1493 3527 286 48 Longmans,
1811 3529 154 38 Green
1999 3530 35 38 &
2063 3538 67 28 co.

212 3580 279 46 (36-24618)

136 3683 402 65 [Cherbonnel,
571 3684 182 67 Alice]
792 3691 169 50 1854-

265 3760 1130 72 … Les tournants. Paris, Plon [ 1936]
206 3831 684 50 2 p. l. , 248 p., 1 l. 18½ cm .
207 3888 229 41 Author’s
463 3890 178 47 pseud.,
668 3891 123 40 Jean
819 3893 57 39 de
903 3893 65 40 La
999 3892 159 45 Brète,
1185 3896 51 38 at
1263 3895 122 39 head
1414 3894 50 41 of
1490 3894 121 40 title.

132 3954 1722 55 © Feb. 6, 1936: 1c. July 11; A-Foreign 32300; Librairie Pl on.
212 4015 278 47 (36-23547)
