2519 4377
1040 4107 130 50 1633

92 470 212 62 Acorn,
330 468 219 54 Robert
573 468 271 52 Edward.

162 545 121 52 The
315 543 192 61 Duke;
547 562 30 33 a
610 542 148 53 book
792 542 173 53 about
992 560 143 48 your
1166 540 112 68 dog
1312 540 111 52 and
1457 538 168 66 mine,
1657 537 75 68 by
1767 536 215 53 Robert
2016 536 67 53 E.

94 614 1991 74 Acorn … [Washington, D. C., R. H. Darby printing company,
93 707 17 21 c
117 702 149 63 1936]

163 785 55 41 95
246 796 40 37 p.
346 785 149 40 front.
552 784 147 39 21½cm.

95 852 53 53 ©
176 856 100 41 Oct.
309 856 68 43 17,
410 853 140 47 1936;
583 854 66 39 2c.
684 853 94 40 and
810 854 83 41 aff.
927 853 102 41 Oct.
1061 853 82 43 24;
1179 853 38 39 A
1248 850 171 48 99590;
1455 852 54 38 R.
1545 852 51 39 E.
1630 851 170 46 Acorn,
166 848 1905 104 Washington.
331 910 280 49 (36-29874)

94 1031 227 52 Adama
348 1047 112 36 van
485 1028 352 65 Scheltema,
864 1027 299 65 Frederik,
1192 1032 172 51 1884-

226 1100 1860 69 … Die kunst unserer vorzeit; mit 204 abbildungen auf 68
95 1182 555 54 kunstdrucktafeln.
743 1180 256 69 Leipzig,
1047 1179 565 70 Bibliographisches
1657 1177 232 56 institut
1935 1194 48 37 a.
2031 1196 53 50 g.

99 1263 171 65 [1936]

166 1342 1162 52 3 p. l., 190, [2] p. LXVIII pl. on 34 l. 25 cm .
165 1413 379 42 “Schrifttum”:
582 1425 42 37 p.
660 1413 234 51 189-[192]

96 1483 1976 108 © Apr. 2, 1936; 1c. July 17; A-Foreign 32555; Bibliographisches institut,
287 1554 105 37 a.-g.
463 1543 279 48 (36-30923)

97 1647 312 54 American
444 1647 280 68 planning
756 1648 109 52 and
899 1647 142 54 civic
1072 1647 238 66 annual;
1347 1666 27 33 a
1409 1648 196 52 record
1634 1647 63 52 of
1731 1652 187 48 recent
1948 1646 143 52 civic

168 1727 245 52 advance
450 1724 299 68 including
788 1726 93 52 the
922 1724 366 68 proceedings
1325 1725 63 53 of
1427 1726 93 51 the
1558 1723 165 57 Joint
1760 1724 330 53 conference

167 1822 69 34 on
277 1803 297 67 planning,
613 1804 132 53 held
786 1809 60 47 at
884 1803 338 65 Richmond,
1262 1802 285 67 Yirginia,
1587 1804 137 65 May
1763 1806 120 62 4-6,
1926 1804 162 64 1936;

165 1882 237 53 selected
440 1900 205 48 papers
684 1881 151 53 from
875 1882 96 52 the
1008 1881 346 56 Conference
1392 1900 69 33 on
1502 1881 93 54 the
1634 1879 270 55 National
1945 1879 148 68 park

167 1960 226 65 service,
418 1959 132 53 held
579 1958 57 53 in
663 1959 400 67 Washington,
1090 1959 70 53 D.
1191 1958 81 66 C.,
1299 1960 262 64 January
1588 1961 189 64 22-24,
1806 1961 161 63 1936;
1997 1959 96 54 the

170 2036 160 56 State
360 2037 145 67 park
536 2037 252 66 regional
822 2037 357 52 conferences
1208 2036 132 54 held
1373 2035 58 53 in
1463 2038 340 66 Minnesota,
168 2037 1898 131 September
293 2118 188 62 26-28,
515 2118 151 54 1935,
696 2115 110 52 and

839 2115 299 56 Alabama,
1168 2113 170 68 April
1367 2118 119 57 2-4,
1519 2117 161 63 1936;
1713 2113 110 55 and
1855 2115 92 53 the
169 2116 1897 130 National
393 2193 328 53 conference
768 2211 70 34 on
883 2197 143 48 state
1074 2193 188 67 parks,
1307 2193 130 52 held

1486 2199 55 47 at
1588 2193 310 58 Hartford,
170 2194 1897 142 Connecticut,
457 2273 149 54 June
636 2275 116 53 1-3,
784 2275 146 49 1936.
995 2271 209 53 Edited
1232 2272 73 66 by
1334 2272 256 52 Harlean
1619 2274 208 53 James.
170 2273 1897 142 Washington,

411 2350 69 53 D.
510 2350 80 64 C.,
615 2350 304 53 American
947 2349 280 67 planning
1253 2348 110 54 and
1391 2349 142 54 civic
1560 2349 352 67 association,
1943 2354 149 50 1936.

173 2435 116 47 xxii,
317 2434 98 49 248,
446 2433 99 50 viii,
575 2435 85 41 170
687 2445 43 38 p.
788 2435 161 48 front.,
978 2435 171 48 plates,
1183 2445 149 38 maps.
1390 2434 56 42 23½c
1495 2437 28 22 m
1528 2467 8 7 .

173 2507 147 38 “Part
390 2504 24 17 II”
442 2505 90 40 has
561 2505 179 48 special
773 2507 95 46 t.-p.
900 2505 95 39 and
1025 2507 226 46 separate
1281 2504 298 49 pagination.

174 2562 71 41 On
274 2572 166 30 cover:
473 2561 126 41 1936.

103 2628 53 54 ©
192 2633 102 40 Oct.
329 2631 69 49 20,
434 2631 141 48 1936;
613 2631 68 42 2c.
717 2631 96 40 and
853 2632 79 39 aff.
971 2632 116 40 Nov.
1125 2631 80 46 16;
1247 2633 37 38 A
1321 2631 171 47 99893;
1534 2633 157 40 Amer.
1729 2631 235 50 planning
2000 2633 95 39 and

173 2689 121 39 civic
322 2699 127 30 assn.

102 2791 314 54 American
442 2790 226 65 society
692 2792 97 52 for
813 2791 229 64 testing
1065 2789 322 56 materials.

178 2870 157 53 Book
375 2870 63 53 of
478 2871 70 52 A.
595 2869 55 57 S.
696 2871 63 52 T.
801 2871 78 52 M.
923 2869 320 66 standards,
1284 2869 186 54 issued
1513 2869 347 68 triennially.
1946 2873 148 52 1936.

106 2946 1991 70 Part 1-2 … Philadelphia, Pa., American society for testing
104 3024 287 55 materials
422 3060 11 32 [
436 3032 20 21 c
462 3029 151 63 1936]

176 3111 25 38 2
230 3122 40 29 v.
326 3111 142 49 illus.,
494 3112 158 47 plates
682 3111 133 48 (part
843 3112 100 47 col.,
973 3113 112 47 part
1113 3111 142 49 fold.)
1292 3111 179 47 diagrs.
1500 3111 134 48 (part
1664 3111 141 44 fold.)
1870 3112 56 41 23½c
1977 3115 26 20 m
2008 3145 8 8 .

516 3180 1245 50 CONTENTS.—pt. 1. Metals.—pt. 2. Non-metallic materials.
107 3247 52 54 ©
186 3252 116 40 Nov.
328 3250 69 49 23,
425 3250 140 48 1936;
595 3251 67 42 2c.
691 3252 116 38 each
835 3253 111 40 Dec.
972 3251 53 47 3;
1055 3252 83 41 aff.
1164 3252 116 39 Nov.
1309 3250 82 49 28;
1418 3253 40 38 A
1485 3250 200 50 101057;
1713 3253 158 40 Amer.
1901 3262 93 32 soc.
2023 3253 79 40 for

179 3308 180 48 testing
387 3307 264 41 materials.

107 3410 263 64 Amram,
394 3408 189 56 David
609 3411 264 63 Werner,
900 3413 171 51 1866-
1282 3411 83 53 ed.

178 3487 421 69 Pennsylvania
633 3486 276 56 Common
939 3488 155 67 pleas
1127 3487 273 69 practice;
1436 3492 255 63 statutes,
1723 3488 166 65 rules,
1923 3488 177 52 forms

110 3566 109 52 and
249 3584 163 35 cases.
487 3566 97 52 4th
615 3566 85 53 ed.
777 3564 252 56 Selected
1060 3567 111 52 and
1203 3567 305 52 annotated
1539 3566 74 67 by
1642 3567 190 52 David
1863 3567 238 52 Werner

111 3642 1929 69 Amram … revised and enlarged by Philip Werner Amram …
111 3721 421 67 Philadelphia,
561 3722 120 65 Pa.,
712 3724 148 50 1936.

179 3807 27 39 2
230 3817 42 38 p.
334 3838 9 15 l.,
371 3807 86 39 447
484 3817 42 37 p.
586 3806 56 40 23
645 3809 44 21 cm
693 3837 9 9 .

182 3877 175 40 “Table
384 3877 51 40 of
462 3878 187 47 reports
676 3876 125 41 cited
830 3877 94 40 and
954 3874 414 44 abbreviations”:
1400 3877 75 40 1st
1501 3877 185 47 prelim,
1715 3877 111 40 leaf.

115 3941 53 53 ©
206 3946 101 41 Oct.
350 3946 67 43 12.
458 3946 140 46 1936;
639 3946 68 41 2c.
749 3947 102 40 Oct.
891 3945 82 47 20;
1016 3946 81 39 aff.
1141 3947 101 41 Oct.
1282 3946 82 47 17;
1407 3947 42 39 A
1486 3945 171 49 99698;
1701 3945 159 50 Philip
1902 3948 201 40 Werner

184 4003 209 41 Amram.
419 4002 351 48 Philadelphia.
841 4001 279 47 (30-29854)
