2519 4377
1049 4072 133 50 1929

131 417 310 64 Agraives,
470 417 146 53 Jean
644 418 34 51 d'.

201 509 79 51 Le
307 507 329 66 maître-coq
671 508 75 50 du
779 507 406 56 Kamtchatka,
1216 525 104 49 par
1351 508 146 52 Jean
1532 506 354 67 d’Agraives.
131 506 1971 132 Illustrations
399 587 67 51 de
495 585 192 52 Hallo.
764 586 183 54 Paris,
976 585 299 57 Hachette,
1308 587 147 50 1936.

225 658 77 40 1 v.
133 723 1881 53 © Sept. 17, 1936; 1c. Dec. 7 ; A- Foreign 33838 ; Librairie Hachette.
129 848 232 61 Armes,
390 846 175 52 Ethel
591 846 205 55 Marie.

204 934 298 59 Stratford
527 935 139 69 hall,
692 935 98 55 the
811 940 164 64 great
998 935 173 55 house
1198 934 64 55 of
1287 935 96 55 the
1409 934 155 68 Lees,
1589 934 75 69 by
1693 934 172 54 Ethel
1893 935 206 53 Armes
2115 953 11 48 ;

131 1014 137 53 with
308 1031 70 36 an
416 1013 388 53 introduction
844 1014 75 66 by
958 1013 282 53 Franklin
1280 1014 72 52 D.
1393 1013 317 52 Roosevelt.
1787 1013 341 66 Richmond,

131 1093 123 65 Va.,
284 1092 234 55 Garrett
549 1091 111 53 and
691 1089 226 69 Massie,
949 1090 416 68 incorporated,
1398 1093 150 49 1936.

202 1165 117 40 xxiv
340 1176 57 37 p.,
421 1165 28 39 2
507 1195 8 15 l.,
539 1165 83 40 575
646 1176 43 36 p.
714 1164 110 41 incl.
848 1164 164 48 front.,
1038 1164 128 40 illus.
1194 1163 133 48 (incl.
1352 1165 164 47 ports.,
1540 1173 151 39 maps,
1717 1164 153 48 plans,
1896 1162 231 50 facsims.,

130 1223 135 40 coats
295 1221 52 41 of
374 1220 156 48 arms)
597 1220 58 42 28
656 1223 44 21 cm
705 1252 9 9 .

203 1278 285 40 Illustrated
519 1276 362 48 lining-papers.

201 1332 348 49 Bibliography
567 1344 9 28 :
609 1344 43 38 p.
687 1331 249 51 [549]-558.

131 1399 54 53 ©
210 1404 110 39 Dec.
348 1403 37 46 7,
413 1402 139 45 1936;
580 1403 66 38 2c.
677 1404 111 38 Dec.
813 1401 53 49 9;
896 1402 81 39 aff.
1006 1403 111 39 Dec.
1187 1412 9 37 8;
1223 1403 41 38 A
1291 1400 199 49 100850;
1521 1402 200 40 Garrett
1750 1403 36 39 &
1813 1402 195 49 Massie,
2036 1403 92 40 inc.

211 1459 221 49 (37-294)

130 1563 259 65 Barrett,
421 1564 224 66 Audry,
680 1582 177 48 comj).

199 1641 176 52 Life's
424 1659 186 50 pages.
689 1643 109 51 Los
842 1641 264 68 Angeles,
1154 1641 194 67 Calif.,
1393 1643 70 52 A.
1513 1643 236 53 Barrett
1792 1641 337 70 publishing

130 1737 96 46 co.,
251 1720 126 65 inc.,
407 1723 148 50 1936.

203 1791 83 40 197
314 1802 43 38 p.
415 1792 128 40 illus.
603 1791 56 41 23½
692 1794 43 22 cm
742 1825 7 7 .

132 1858 1996 53 © July 23, 1936; 1c. Aug. 15; 1c. Aug. 17; aff. Aug. 14; A 97535; A.
203 1920 213 46 Barrett,
445 1920 92 39 Los
565 1919 220 46 Angeles.

129 2021 238 64 Barzee,
397 2022 174 55 Clark
599 2023 199 64 Louis,
829 2028 170 51 1864-

202 2098 227 70 Oregon
462 2099 59 53 in
553 2100 94 52 the
678 2099 263 69 making;
978 2100 111 53 60’s
1120 2105 57 48 to
1206 2119 112 50 gay
1348 2100 128 69 90’s,
1506 2100 75 68 by
1615 2101 62 56 C.
1707 2100 175 55 Louis
1914 2103 214 52 Barzee

128 2176 1972 150 … illustrated by P. J. Rennings. Salem, Or., Statesman publishing company [ c 1936]
201 2330 85 41 140
315 2341 42 38 p.
417 2330 162 48 front.,
614 2331 128 41 illus.
803 2330 55 41 19½
890 2333 44 21 cm
940 2363 8 9 .

203 2388 127 40 “The
360 2389 220 39 contents
611 2387 53 41 of
694 2389 81 39 the
805 2389 189 39 volume
1024 2387 219 41 embrace
1272 2388 80 40 the
1384 2387 266 46 memories,
1682 2388 81 40 the
1794 2387 335 42 observations

131 2445 94 39 and
259 2445 81 40 the
371 2445 223 47 personal
626 2444 309 48 experiences
967 2444 51 40 of
1046 2446 82 39 the
1158 2444 469 42 author.”—Introd.

132 2511 53 53 ©
212 2515 103 41 Oct.
343 2515 69 47 31,
441 2514 115 41 1936
573 2527 8 35 ;
611 2515 68 40 2c.
708 2516 117 38 Nov.
854 2514 55 41 18
927 2526 9 36 ;
969 2515 82 41 aff.
1080 2516 110 38 Dec.
1221 2514 26 40 S
1266 2525 8 36 ;
1306 2516 40 38 A
1375 2513 172 41 101221
1566 2525 9 37 ;
1611 2515 278 41 Statesman
1918 2514 110 49 pub.
2061 2527 67 29 co.

213 2571 220 50 (37-172)

131 2676 142 64 Bay,
302 2677 144 53 Jens
475 2677 321 65 Christian,
826 2679 170 53 1871-

203 2749 1863 71 A second handful of western books, by J. Christian Bay …
134 2828 185 56 Cedar
354 2828 239 69 Rapids,
629 2831 104 66 la.,
768 2827 157 57 Priv.
963 2831 174 67 print,
1178 2829 95 53 for
1308 2830 96 52 the
1443 2828 222 53 friends
1703 2828 64 54 of
1806 2829 96 53 the
1938 2829 189 52 Torch

134 2924 172 50 press,
338 2910 148 50 1936.

201 2976 56 41 56
293 2988 43 38 p.
395 2978 150 41 front,
575 2978 238 48 (facsim.)
884 2978 57 41 20½
972 2981 44 22 cm
1022 3013 8 9 .

202 3034 158 40 “Four
399 3035 219 40 hundred
659 3036 158 46 copies
855 3034 237 49 printed.”

203 3089 130 41 “The
362 3093 219 39 contents
613 3092 54 39 of
699 3092 98 41 this
829 3092 122 40 book
983 3101 126 31 were
1140 3092 226 40 included
1401 3092 48 40 in
1481 3103 27 29 a
1544 3094 149 39 series
1726 3092 53 40 of
1811 3094 208 38 lectures
131 3093 1978 93 before
269 3148 81 39 the
383 3148 282 47 University
697 3148 51 40 of
781 3148 244 48 Michigan
1060 3149 206 47 Library
1301 3149 160 40 school
1497 3150 48 39 in
1580 3149 183 47 March,
1797 3148 156 42 1936.”

133 3214 53 53 ©
211 3220 111 39 Dec.
349 3219 68 47 19,
445 3219 139 42 1936:
614 3219 68 42 2c.
710 3222 109 38 Dec.
848 3220 25 38 28
921 3232 9 36 ;
961 3221 79 39 aff.
1071 3222 110 38 Dec.
1208 3219 82 43 23;
1322 3221 39 39 A
1389 3219 199 50 102062;
1619 3220 156 41 Torch
1802 3231 151 38 press.

213 3274 221 50 (37-319)

131 3380 192 64 Bedel,
351 3381 278 54 Maurice.

200 3457 282 56 MolinofL
521 3458 470 56 Indre-et-Loire.
1031 3478 104 48 par
1174 3460 254 54 Maurice
1468 3460 191 53 Bedel.
1735 3460 395 52 Illustrations

130 3533 66 54 de
224 3536 69 53 A.
321 3536 241 53 Pécoud.
638 3538 186 65 Paris,
852 3538 300 66 Hachette,
1181 3541 151 52 1936.

228 3608 67 38 1 v.
133 3659 1825 54 © July 23, 1936 ; 1c. Dec. 7 ; A-Foreign 33810 ; Librairie Hachette.
132 3782 314 65 Bernhart,
475 3785 238 63 Joseph,
742 3786 83 52 ed.

201 3874 145 51 Vom
393 3881 135 46 wert
576 3876 95 52 des
718 3876 169 52 leibes
934 3876 57 52 in
1040 3877 209 66 antike,
1298 3875 391 56 Christentum
1735 3876 117 53 und
133 3876 1971 141 anthropologie
411 3952 98 51 der

565 3959 344 60 gegenwart,
962 3955 252 66 beiträge
1273 3973 107 36 von
1439 3954 216 68 Joseph
1713 3953 305 56 Bernhart,
2073 3953 55 55 J.
