<alto xmlns="http://www.loc.gov/standards/alto/ns-v3#" xmlns:xsi="http://www.w3.org/2001/XMLSchema-instance" xsi:schemaLocation="http://www.loc.gov/standards/alto/ns-v3# http://www.loc.gov/alto/v3/alto-3-0.xsd"><Description>
<MeasurementUnit>pixel</MeasurementUnit>
<sourceImageInformation>
<fileName>1936_v33_Part1.pdf</fileName>
</sourceImageInformation>
<OCRProcessing ID="IdOcr">
<ocrProcessingStep>
<processingDateTime>2019-01-18</processingDateTime>
<processingSoftware>
<softwareCreator>ABBYY</softwareCreator>
<softwareName>ABBYY Recognition Server</softwareName>
<softwareVersion>4.0</softwareVersion>
</processingSoftware>
</ocrProcessingStep>
</OCRProcessing>
</Description>
<Styles>
<ParagraphStyle ALIGN="Left" FIRSTLINE="0." ID="StyleId-FFFFFFFF-FFFF-FFFF-FFFF-FFFFFFFFFFFF-" LEFT="0." RIGHT="0." />
<ParagraphStyle ALIGN="Left" FIRSTLINE="0." ID="StyleId-51D50FAC-7A90-4D70-8A96-5EA9D46D1C8B-" LEFT="0." LINESPACE="7.699999809" RIGHT="0." />
<ParagraphStyle ALIGN="Block" FIRSTLINE="-17." ID="StyleId-6BC133E9-7DCB-43C3-8842-A67984A26405-" LEFT="0." LINESPACE="8.340000153" RIGHT="0." />
<ParagraphStyle ALIGN="Left" FIRSTLINE="-13." ID="StyleId-3C3FF860-43E7-46A2-8934-48F305F6F0D6-" LEFT="0." LINESPACE="11.06999969" RIGHT="0." />
<ParagraphStyle ALIGN="Block" FIRSTLINE="-13." ID="StyleId-19220C76-4F8A-4737-B38C-B5F5C17E6040-" LEFT="0." LINESPACE="11.06999969" RIGHT="0." />
<ParagraphStyle ALIGN="Left" FIRSTLINE="0." ID="StyleId-75A0D721-13ED-4F20-9002-B389EC48477D-" LEFT="0." LINESPACE="15.5" RIGHT="0." />
<ParagraphStyle ALIGN="Left" FIRSTLINE="0." ID="StyleId-8A414184-C7A5-4AC7-9B88-7DA4DDE75922-" LEFT="0." LINESPACE="9.399999619" RIGHT="0." />
<ParagraphStyle ALIGN="Left" FIRSTLINE="0." ID="StyleId-1A87970B-111C-4169-99A6-9412976F3C97-" LEFT="0." LINESPACE="10.5" RIGHT="0." />
<ParagraphStyle ALIGN="Block" FIRSTLINE="-17." ID="StyleId-72DB0571-5AE4-41FD-9E11-68C6AC4C437E-" LEFT="0." LINESPACE="8.340000153" RIGHT="0." />
<ParagraphStyle ALIGN="Center" FIRSTLINE="0." ID="StyleId-1AA43056-C388-4697-B10F-72FDAA38FAE1-" LEFT="0." LINESPACE="10.5" RIGHT="0." />
</Styles>
<Layout>
<Page HEIGHT="4377" ID="Page373" PHYSICAL_IMG_NR="373" WIDTH="2519">
<TopMargin HEIGHT="426" HPOS="0" VPOS="0" WIDTH="2519">
</TopMargin>
<LeftMargin HEIGHT="3610" HPOS="0" VPOS="426" WIDTH="114">
</LeftMargin>
<RightMargin HEIGHT="3610" HPOS="2138" VPOS="426" WIDTH="381">
</RightMargin>
<BottomMargin HEIGHT="341" HPOS="0" VPOS="4036" WIDTH="2519">
<TextBlock HEIGHT="183" HPOS="1010" ID="Page373_Block1" LANG="en-US" STYLEREFS="StyleId-43B6B042-EF8E-491A-9B22-22044A727D96-" VPOS="4070" WIDTH="406">
<TextLine HEIGHT="52" HPOS="1075" VPOS="4085" WIDTH="98">
<String CONTENT="373" HEIGHT="52" HPOS="1075" VPOS="4085" WIDTH="98" />
</TextLine>
</TextBlock>
</BottomMargin>
<PrintSpace HEIGHT="3610" HPOS="114" VPOS="426" WIDTH="2024">
<TextBlock CS="1" HEIGHT="3610" HPOS="114" ID="Page373_Block2" LANG="en-US" STYLEREFS="StyleId-E43D785B-4543-4A97-AC6C-CEAE5EA730EA-" VPOS="426" WIDTH="2024">
<TextLine HEIGHT="65" HPOS="125" STYLEREFS="StyleId-225DD903-2FFB-4DAD-945A-F2137745AA00-" VPOS="436" WIDTH="928">
<String CONTENT="Mississippi." HEIGHT="65" HPOS="125" VPOS="436" WIDTH="375" />
<SP HEIGHT="52" HPOS="501" VPOS="438" WIDTH="72" />
<String CONTENT="Supreme" HEIGHT="63" HPOS="574" VPOS="438" WIDTH="277" />
<SP HEIGHT="34" HPOS="852" VPOS="454" WIDTH="27" />
<String CONTENT="court." HEIGHT="49" HPOS="880" VPOS="439" WIDTH="173" />
</TextLine>
<TextLine CS="1" HEIGHT="70" HPOS="198" VPOS="510" WIDTH="1922">
<String CONTENT="Cases" HEIGHT="55" HPOS="198" VPOS="514" WIDTH="167" />
<SP HEIGHT="34" HPOS="366" VPOS="533" WIDTH="36" />
<String CONTENT="argued" HEIGHT="66" HPOS="403" VPOS="514" WIDTH="212" />
<SP HEIGHT="51" HPOS="616" VPOS="514" WIDTH="32" />
<String CONTENT="and" HEIGHT="51" HPOS="649" VPOS="514" WIDTH="112" />
<SP HEIGHT="51" HPOS="762" VPOS="514" WIDTH="34" />
<String CONTENT="decided" HEIGHT="52" HPOS="797" VPOS="513" WIDTH="232" />
<SP HEIGHT="50" HPOS="1030" VPOS="513" WIDTH="40" />
<String CONTENT="&#8230;" CS="1" />
<SP HEIGHT="33" HPOS="1126" VPOS="530" WIDTH="38" />
<String CONTENT="at" HEIGHT="47" HPOS="1165" VPOS="516" WIDTH="55" />
<SP HEIGHT="47" HPOS="1221" VPOS="515" WIDTH="34" />
<String CONTENT="the" HEIGHT="52" HPOS="1256" VPOS="511" WIDTH="94" />
<SP HEIGHT="50" HPOS="1351" VPOS="513" WIDTH="34" />
<String CONTENT="March" HEIGHT="52" HPOS="1386" VPOS="511" WIDTH="199" />
<SP HEIGHT="50" HPOS="1586" VPOS="511" WIDTH="35" />
<String CONTENT="term," HEIGHT="61" HPOS="1622" VPOS="514" WIDTH="161" />
<SP HEIGHT="62" HPOS="1784" VPOS="513" WIDTH="36" />
<String CONTENT="1935," HEIGHT="61" HPOS="1821" VPOS="513" WIDTH="151" />
<SP HEIGHT="45" HPOS="1973" VPOS="529" WIDTH="33" />
<String CONTENT="and" HEIGHT="52" HPOS="2007" VPOS="510" WIDTH="113" />
</TextLine>
<TextLine HEIGHT="71" HPOS="128" VPOS="587" WIDTH="1990">
<String CONTENT="September" HEIGHT="66" HPOS="128" VPOS="592" WIDTH="329" />
<SP HEIGHT="47" HPOS="458" VPOS="596" WIDTH="22" />
<String CONTENT="term," HEIGHT="49" HPOS="481" VPOS="596" WIDTH="160" />
<SP HEIGHT="50" HPOS="642" VPOS="595" WIDTH="26" />
<String CONTENT="1935." HEIGHT="49" HPOS="669" VPOS="594" WIDTH="148" />
<SP HEIGHT="33" HPOS="818" VPOS="610" WIDTH="58" />
<String CONTENT="v." HEIGHT="32" HPOS="877" VPOS="610" WIDTH="50" />
<SP HEIGHT="48" HPOS="928" VPOS="594" WIDTH="26" />
<String CONTENT="173." HEIGHT="53" HPOS="955" VPOS="589" WIDTH="114" />
<SP HEIGHT="52" HPOS="1070" VPOS="590" WIDTH="75" />
<String CONTENT="Reported" HEIGHT="65" HPOS="1146" VPOS="590" WIDTH="287" />
<SP HEIGHT="51" HPOS="1434" VPOS="589" WIDTH="22" />
<String CONTENT="by" HEIGHT="66" HPOS="1457" VPOS="589" WIDTH="73" />
<SP HEIGHT="64" HPOS="1531" VPOS="591" WIDTH="23" />
<String CONTENT="Louis" HEIGHT="52" HPOS="1555" VPOS="589" WIDTH="173" />
<SP HEIGHT="51" HPOS="1729" VPOS="589" WIDTH="21" />
<String CONTENT="M." HEIGHT="51" HPOS="1751" VPOS="589" WIDTH="78" />
<SP HEIGHT="52" HPOS="1830" VPOS="590" WIDTH="26" />
<String CONTENT="Jiggitts." HEIGHT="67" HPOS="1857" VPOS="587" WIDTH="261" />
</TextLine>
<TextLine HEIGHT="68" HPOS="128" VPOS="666" WIDTH="1693">
<String CONTENT="Columbia," HEIGHT="66" HPOS="128" VPOS="668" WIDTH="316" />
<SP HEIGHT="64" HPOS="445" VPOS="670" WIDTH="29" />
<String CONTENT="Mo.," HEIGHT="60" HPOS="475" VPOS="670" WIDTH="133" />
<SP HEIGHT="60" HPOS="609" VPOS="670" WIDTH="32" />
<String CONTENT="E." HEIGHT="50" HPOS="642" VPOS="670" WIDTH="67" />
<SP HEIGHT="53" HPOS="710" VPOS="670" WIDTH="29" />
<String CONTENT="W." HEIGHT="53" HPOS="740" VPOS="670" WIDTH="88" />
<SP HEIGHT="54" HPOS="829" VPOS="667" WIDTH="37" />
<String CONTENT="Stephens" HEIGHT="66" HPOS="867" VPOS="667" WIDTH="277" />
<SP HEIGHT="47" HPOS="1145" VPOS="686" WIDTH="29" />
<String CONTENT="publishing" HEIGHT="67" HPOS="1175" VPOS="666" WIDTH="335" />
<SP HEIGHT="48" HPOS="1511" VPOS="684" WIDTH="29" />
<String CONTENT="co.," HEIGHT="47" HPOS="1541" VPOS="685" WIDTH="97" />
<SP HEIGHT="63" HPOS="1639" VPOS="669" WIDTH="32" />
<String CONTENT="1936." HEIGHT="50" HPOS="1672" VPOS="668" WIDTH="149" />
</TextLine>
<TextLine HEIGHT="50" HPOS="196" VPOS="740" WIDTH="470">
<String CONTENT="xii," HEIGHT="48" HPOS="196" VPOS="742" WIDTH="83" />
<SP HEIGHT="48" HPOS="280" VPOS="742" WIDTH="29" />
<String CONTENT="1012" HEIGHT="39" HPOS="310" VPOS="741" WIDTH="118" />
<SP HEIGHT="47" HPOS="429" VPOS="741" WIDTH="21" />
<String CONTENT="p." HEIGHT="36" HPOS="451" VPOS="752" WIDTH="42" />
<SP HEIGHT="40" HPOS="494" VPOS="740" WIDTH="55" />
<String CONTENT="23" HEIGHT="41" HPOS="550" VPOS="740" WIDTH="59" />
<String CONTENT="cm" HEIGHT="20" HPOS="608" STYLE="superscript" VPOS="743" WIDTH="43" />
<String CONTENT="." HEIGHT="7" HPOS="658" VPOS="772" WIDTH="8" />
</TextLine>
<TextLine CS="1" HEIGHT="67" HPOS="127" STYLEREFS="StyleId-FEE5BD19-EC83-4A72-A733-C5FAE7000E2B-" VPOS="780" WIDTH="1995">
<String CONTENT="&#169;" HEIGHT="52" HPOS="127" VPOS="795" WIDTH="53" />
<SP HEIGHT="52" HPOS="181" VPOS="795" WIDTH="26" />
<String CONTENT="Mar." HEIGHT="57" HPOS="208" VPOS="780" WIDTH="124" />
<SP HEIGHT="57" HPOS="333" VPOS="780" WIDTH="25" />
<String CONTENT="6," HEIGHT="46" HPOS="359" VPOS="798" WIDTH="39" />
<SP HEIGHT="46" HPOS="399" VPOS="798" WIDTH="28" />
<String CONTENT="1936;" HEIGHT="45" HPOS="428" VPOS="797" WIDTH="139" />
<SP HEIGHT="46" HPOS="568" VPOS="796" WIDTH="29" />
<String CONTENT="2c." HEIGHT="42" HPOS="598" VPOS="796" WIDTH="67" />
<SP HEIGHT="38" HPOS="666" VPOS="798" WIDTH="31" />
<String CONTENT="Mar." HEIGHT="37" HPOS="698" VPOS="798" WIDTH="120" />
<SP HEIGHT="40" HPOS="819" VPOS="795" WIDTH="27" />
<String CONTENT="9;" CS="1" HEIGHT="40" HPOS="847" VPOS="795" WIDTH="25" />
<SP HEIGHT="36" HPOS="901" VPOS="806" WIDTH="30" />
<String CONTENT="aff." CS="1" />
<SP HEIGHT="41" HPOS="1015" VPOS="796" WIDTH="29" />
<String CONTENT="Mar." HEIGHT="38" HPOS="1045" VPOS="796" WIDTH="121" />
<SP HEIGHT="40" HPOS="1167" VPOS="794" WIDTH="28" />
<String CONTENT="21;" HEIGHT="47" HPOS="1196" VPOS="794" WIDTH="81" />
<SP HEIGHT="46" HPOS="1278" VPOS="795" WIDTH="32" />
<String CONTENT="A" HEIGHT="38" HPOS="1311" VPOS="795" WIDTH="40" />
<SP HEIGHT="40" HPOS="1352" VPOS="794" WIDTH="27" />
<String CONTENT="93278;" HEIGHT="46" HPOS="1380" VPOS="794" WIDTH="170" />
<SP HEIGHT="46" HPOS="1551" VPOS="794" WIDTH="32" />
<String CONTENT="Central" HEIGHT="41" HPOS="1584" VPOS="794" WIDTH="199" />
<SP HEIGHT="39" HPOS="1784" VPOS="794" WIDTH="29" />
<String CONTENT="states" HEIGHT="38" HPOS="1814" VPOS="795" WIDTH="153" />
<SP HEIGHT="39" HPOS="1973" VPOS="794" WIDTH="26" />
<String CONTENT="book" HEIGHT="39" HPOS="2000" VPOS="794" WIDTH="122" />
</TextLine>
<TextLine HEIGHT="47" HPOS="196" STYLEREFS="StyleId-FEE5BD19-EC83-4A72-A733-C5FAE7000E2B-" VPOS="854" WIDTH="493">
<String CONTENT="co.," HEIGHT="36" HPOS="196" VPOS="865" WIDTH="81" />
<SP HEIGHT="47" HPOS="278" VPOS="854" WIDTH="26" />
<String CONTENT="Columbia," HEIGHT="44" HPOS="305" VPOS="854" WIDTH="263" />
<SP HEIGHT="44" HPOS="569" VPOS="854" WIDTH="27" />
<String CONTENT="Mo." HEIGHT="39" HPOS="597" VPOS="854" WIDTH="92" />
</TextLine>
<TextLine HEIGHT="68" HPOS="125" STYLEREFS="StyleId-FEE5BD19-EC83-4A72-A733-C5FAE7000E2B-" VPOS="954" WIDTH="852">
<String CONTENT="Missouri." HEIGHT="54" HPOS="125" VPOS="954" WIDTH="296" />
<SP HEIGHT="53" HPOS="422" VPOS="956" WIDTH="72" />
<String CONTENT="Supreme" HEIGHT="66" HPOS="495" VPOS="956" WIDTH="278" />
<SP HEIGHT="34" HPOS="774" VPOS="973" WIDTH="28" />
<String CONTENT="court." HEIGHT="48" HPOS="803" VPOS="959" WIDTH="174" />
</TextLine>
<TextLine CS="1" HEIGHT="70" HPOS="197" VPOS="1030" WIDTH="1925">
<String CONTENT="Reports" HEIGHT="66" HPOS="197" VPOS="1034" WIDTH="244" />
<SP HEIGHT="34" HPOS="442" VPOS="1051" WIDTH="29" />
<String CONTENT="of" HEIGHT="52" HPOS="472" VPOS="1032" WIDTH="61" />
<SP HEIGHT="52" HPOS="534" VPOS="1032" WIDTH="28" />
<String CONTENT="cases" HEIGHT="34" HPOS="563" VPOS="1051" WIDTH="150" />
<SP HEIGHT="53" HPOS="714" VPOS="1032" WIDTH="30" />
<String CONTENT="determined" HEIGHT="53" HPOS="745" VPOS="1031" WIDTH="349" />
<SP HEIGHT="51" HPOS="1095" VPOS="1032" WIDTH="38" />
<String CONTENT="&#8230;" CS="1" />
<SP HEIGHT="51" HPOS="1189" VPOS="1031" WIDTH="33" />
<String CONTENT="between" HEIGHT="52" HPOS="1223" VPOS="1031" WIDTH="248" />
<SP HEIGHT="50" HPOS="1472" VPOS="1033" WIDTH="31" />
<String CONTENT="November" HEIGHT="53" HPOS="1504" VPOS="1030" WIDTH="317" />
<SP HEIGHT="48" HPOS="1822" VPOS="1033" WIDTH="31" />
<String CONTENT="16," HEIGHT="61" HPOS="1854" VPOS="1033" WIDTH="82" />
<SP HEIGHT="61" HPOS="1937" VPOS="1033" WIDTH="32" />
<String CONTENT="1934," HEIGHT="64" HPOS="1970" VPOS="1032" WIDTH="152" />
</TextLine>
<TextLine CS="1" HEIGHT="145" HPOS="126" VPOS="1108" WIDTH="1971">
<String CONTENT="and" HEIGHT="54" HPOS="127" VPOS="1111" WIDTH="112" />
<SP HEIGHT="54" HPOS="240" VPOS="1111" WIDTH="21" />
<String CONTENT="June" HEIGHT="53" HPOS="262" VPOS="1112" WIDTH="151" />
<SP HEIGHT="47" HPOS="414" VPOS="1114" WIDTH="21" />
<String CONTENT="26," HEIGHT="61" HPOS="436" VPOS="1114" WIDTH="83" />
<SP HEIGHT="60" HPOS="520" VPOS="1115" WIDTH="26" />
<String CONTENT="1935." HEIGHT="48" HPOS="547" VPOS="1115" WIDTH="149" />
<SP HEIGHT="53" HPOS="697" VPOS="1111" WIDTH="71" />
<String CONTENT="John" HEIGHT="54" HPOS="769" VPOS="1110" WIDTH="156" />
<SP HEIGHT="50" HPOS="926" VPOS="1111" WIDTH="23" />
<String CONTENT="Turner" HEIGHT="50" HPOS="950" VPOS="1111" WIDTH="222" />
<SP HEIGHT="52" HPOS="1173" VPOS="1111" WIDTH="22" />
<String CONTENT="White," HEIGHT="65" HPOS="1196" VPOS="1109" WIDTH="209" />
<SP HEIGHT="46" HPOS="1406" VPOS="1128" WIDTH="22" />
<String CONTENT="reporter." CS="1" HEIGHT="60" HPOS="1429" VPOS="1115" WIDTH="256" />
<SP HEIGHT="36" HPOS="1701" VPOS="1125" WIDTH="58" />
<String CONTENT="v." HEIGHT="35" HPOS="1760" VPOS="1125" WIDTH="50" />
<SP HEIGHT="48" HPOS="1811" VPOS="1112" WIDTH="25" />
<String CONTENT="336." HEIGHT="49" HPOS="1837" VPOS="1111" WIDTH="116" />
<SP HEIGHT="54" HPOS="1954" VPOS="1108" WIDTH="62" />
<String CONTENT="Columbia," HEIGHT="137" HPOS="126" VPOS="1108" WIDTH="1971" />
<SP HEIGHT="55" HPOS="359" VPOS="1190" WIDTH="25" />
<String CONTENT="Mo.," HEIGHT="62" HPOS="385" VPOS="1190" WIDTH="133" />
<SP HEIGHT="63" HPOS="519" VPOS="1189" WIDTH="25" />
<String CONTENT="E." HEIGHT="51" HPOS="545" VPOS="1189" WIDTH="65" />
<SP HEIGHT="52" HPOS="611" VPOS="1189" WIDTH="27" />
<String CONTENT="W." HEIGHT="52" HPOS="639" VPOS="1189" WIDTH="89" />
<SP HEIGHT="54" HPOS="729" VPOS="1187" WIDTH="31" />
<String CONTENT="Stephens" HEIGHT="66" HPOS="761" VPOS="1187" WIDTH="277" />
<SP HEIGHT="46" HPOS="1039" VPOS="1206" WIDTH="25" />
<String CONTENT="publishing" HEIGHT="66" HPOS="1065" VPOS="1186" WIDTH="335" />
<SP HEIGHT="46" HPOS="1401" VPOS="1206" WIDTH="23" />
<String CONTENT="co.," HEIGHT="46" HPOS="1425" VPOS="1205" WIDTH="96" />
<SP HEIGHT="60" HPOS="1522" VPOS="1191" WIDTH="30" />
<String CONTENT="1936." HEIGHT="50" HPOS="1553" VPOS="1189" WIDTH="148" />
</TextLine>
<TextLine CS="1" HEIGHT="49" HPOS="197" VPOS="1259" WIDTH="570">
<String CONTENT="xx," HEIGHT="37" HPOS="197" VPOS="1271" WIDTH="80" />
<SP HEIGHT="47" HPOS="278" VPOS="1261" WIDTH="26" />
<String CONTENT="1361," HEIGHT="47" HPOS="305" VPOS="1260" WIDTH="127" />
<SP HEIGHT="35" HPOS="433" VPOS="1272" WIDTH="25" />
<String CONTENT="xx" HEIGHT="28" HPOS="459" VPOS="1271" WIDTH="66" />
<SP HEIGHT="37" HPOS="526" VPOS="1270" WIDTH="25" />
<String CONTENT="p." HEIGHT="37" HPOS="552" VPOS="1270" WIDTH="43" />
<SP HEIGHT="40" HPOS="596" VPOS="1259" WIDTH="55" />
<String CONTENT="24" HEIGHT="39" HPOS="652" VPOS="1259" WIDTH="56" />
<String CONTENT="cm" CS="1" HEIGHT="20" HPOS="711" STYLE="superscript" VPOS="1262" WIDTH="14" />
<String CONTENT="." HEIGHT="8" HPOS="760" VPOS="1289" WIDTH="7" />
</TextLine>
<TextLine CS="1" HEIGHT="108" HPOS="128" STYLEREFS="StyleId-FEE5BD19-EC83-4A72-A733-C5FAE7000E2B-" VPOS="1313" WIDTH="1979">
<String CONTENT="&#169;" HEIGHT="53" HPOS="128" VPOS="1313" WIDTH="52" />
<SP HEIGHT="53" HPOS="181" VPOS="1313" WIDTH="28" />
<String CONTENT="Feb." HEIGHT="41" HPOS="210" VPOS="1317" WIDTH="110" />
<SP HEIGHT="41" HPOS="321" VPOS="1317" WIDTH="27" />
<String CONTENT="5," HEIGHT="47" HPOS="349" VPOS="1317" WIDTH="39" />
<SP HEIGHT="47" HPOS="389" VPOS="1317" WIDTH="29" />
<String CONTENT="1936;" HEIGHT="47" HPOS="419" VPOS="1316" WIDTH="139" />
<SP HEIGHT="47" HPOS="559" VPOS="1316" WIDTH="29" />
<String CONTENT="2c." HEIGHT="40" HPOS="589" VPOS="1316" WIDTH="67" />
<SP HEIGHT="40" HPOS="657" VPOS="1316" WIDTH="31" />
<String CONTENT="Feb." HEIGHT="40" HPOS="689" VPOS="1316" WIDTH="110" />
<SP HEIGHT="39" HPOS="800" VPOS="1317" WIDTH="29" />
<String CONTENT="8;" HEIGHT="45" HPOS="830" VPOS="1317" WIDTH="52" />
<SP HEIGHT="36" HPOS="883" VPOS="1326" WIDTH="31" />
<String CONTENT="aff." HEIGHT="40" HPOS="915" VPOS="1315" WIDTH="83" />
<SP HEIGHT="39" HPOS="999" VPOS="1316" WIDTH="26" />
<String CONTENT="Mar." HEIGHT="39" HPOS="1026" VPOS="1316" WIDTH="121" />
<SP HEIGHT="39" HPOS="1148" VPOS="1316" WIDTH="28" />
<String CONTENT="18;" HEIGHT="45" HPOS="1177" VPOS="1316" WIDTH="81" />
<SP HEIGHT="46" HPOS="1259" VPOS="1315" WIDTH="32" />
<String CONTENT="A" HEIGHT="39" HPOS="1292" VPOS="1315" WIDTH="40" />
<SP HEIGHT="40" HPOS="1333" VPOS="1314" WIDTH="27" />
<String CONTENT="92404;" HEIGHT="48" HPOS="1361" VPOS="1314" WIDTH="171" />
<SP HEIGHT="46" HPOS="1533" VPOS="1316" WIDTH="34" />
<String CONTENT="Eppa" HEIGHT="46" HPOS="1568" VPOS="1316" WIDTH="134" />
<SP HEIGHT="38" HPOS="1703" VPOS="1315" WIDTH="31" />
<String CONTENT="Elliott," HEIGHT="49" HPOS="1735" VPOS="1313" WIDTH="185" />
<SP HEIGHT="47" HPOS="1921" VPOS="1315" WIDTH="31" />
<String CONTENT="Jefferson" HEIGHT="100" HPOS="200" VPOS="1314" WIDTH="1907" />
<SP HEIGHT="41" HPOS="289" VPOS="1373" WIDTH="30" />
<String CONTENT="City," HEIGHT="48" HPOS="320" VPOS="1373" WIDTH="125" />
<SP HEIGHT="47" HPOS="446" VPOS="1374" WIDTH="30" />
<String CONTENT="Mo." HEIGHT="41" HPOS="477" VPOS="1374" WIDTH="92" />
</TextLine>
<TextLine HEIGHT="66" HPOS="126" VPOS="1473" WIDTH="996">
<String CONTENT="Mitchell," HEIGHT="65" HPOS="126" VPOS="1473" WIDTH="281" />
<SP HEIGHT="62" HPOS="408" VPOS="1476" WIDTH="26" />
<String CONTENT="Ulysses" HEIGHT="64" HPOS="435" VPOS="1475" WIDTH="251" />
<SP HEIGHT="55" HPOS="687" VPOS="1474" WIDTH="25" />
<String CONTENT="Grant," HEIGHT="64" HPOS="713" VPOS="1474" WIDTH="206" />
<SP HEIGHT="59" HPOS="920" VPOS="1479" WIDTH="31" />
<String CONTENT="1872-" HEIGHT="55" HPOS="952" VPOS="1475" WIDTH="170" />
</TextLine>
<TextLine CS="1" HEIGHT="70" HPOS="196" VPOS="1551" WIDTH="1923">
<String CONTENT="Algebra;" CS="1" HEIGHT="70" HPOS="196" VPOS="1551" WIDTH="254" />
<SP HEIGHT="49" HPOS="478" VPOS="1571" WIDTH="29" />
<String CONTENT="a" HEIGHT="34" HPOS="508" VPOS="1571" WIDTH="31" />
<SP HEIGHT="34" HPOS="540" VPOS="1571" WIDTH="23" />
<String CONTENT="way" HEIGHT="49" HPOS="564" VPOS="1571" WIDTH="126" />
<SP HEIGHT="49" HPOS="691" VPOS="1571" WIDTH="24" />
<String CONTENT="of" HEIGHT="53" HPOS="716" VPOS="1552" WIDTH="62" />
<SP HEIGHT="52" HPOS="779" VPOS="1552" WIDTH="24" />
<String CONTENT="thinking," HEIGHT="69" HPOS="804" VPOS="1551" WIDTH="288" />
<SP HEIGHT="66" HPOS="1093" VPOS="1552" WIDTH="24" />
<String CONTENT="by" HEIGHT="67" HPOS="1118" VPOS="1552" WIDTH="73" />
<SP HEIGHT="66" HPOS="1192" VPOS="1553" WIDTH="25" />
<String CONTENT="U." HEIGHT="53" HPOS="1218" VPOS="1553" WIDTH="71" />
<SP HEIGHT="55" HPOS="1290" VPOS="1552" WIDTH="27" />
<String CONTENT="G." HEIGHT="55" HPOS="1318" VPOS="1552" WIDTH="68" />
<SP HEIGHT="52" HPOS="1387" VPOS="1552" WIDTH="27" />
<String CONTENT="Mitchell" HEIGHT="53" HPOS="1415" VPOS="1551" WIDTH="260" />
<SP HEIGHT="51" HPOS="1676" VPOS="1552" WIDTH="31" />
<String CONTENT="&#8230;" CS="1" />
<SP HEIGHT="33" HPOS="1765" VPOS="1570" WIDTH="31" />
<String CONTENT="and" HEIGHT="53" HPOS="1797" VPOS="1551" WIDTH="112" />
<SP HEIGHT="52" HPOS="1910" VPOS="1551" WIDTH="25" />
<String CONTENT="Helen" HEIGHT="51" HPOS="1936" VPOS="1552" WIDTH="183" />
</TextLine>
<TextLine CS="1" HEIGHT="67" HPOS="126" VPOS="1630" WIDTH="1992">
<String CONTENT="M." HEIGHT="53" HPOS="126" VPOS="1632" WIDTH="78" />
<SP HEIGHT="54" HPOS="205" VPOS="1633" WIDTH="25" />
<String CONTENT="Walker." HEIGHT="56" HPOS="231" VPOS="1631" WIDTH="252" />
<SP HEIGHT="52" HPOS="484" VPOS="1631" WIDTH="72" />
<String CONTENT="New" HEIGHT="53" HPOS="557" VPOS="1631" WIDTH="139" />
<SP HEIGHT="52" HPOS="697" VPOS="1632" WIDTH="27" />
<String CONTENT="York," HEIGHT="66" HPOS="725" VPOS="1630" WIDTH="178" />
<SP HEIGHT="64" HPOS="904" VPOS="1632" WIDTH="24" />
<String CONTENT="Harcourt," HEIGHT="64" HPOS="929" VPOS="1632" WIDTH="308" />
<SP HEIGHT="64" HPOS="1238" VPOS="1632" WIDTH="26" />
<String CONTENT="Brace" HEIGHT="51" HPOS="1265" VPOS="1632" WIDTH="180" />
<SP HEIGHT="33" HPOS="1446" VPOS="1649" WIDTH="26" />
<String CONTENT="and" HEIGHT="52" HPOS="1473" VPOS="1630" WIDTH="111" />
<SP HEIGHT="52" HPOS="1585" VPOS="1630" WIDTH="27" />
<String CONTENT="company" HEIGHT="48" HPOS="1613" VPOS="1648" WIDTH="278" />
<SP HEIGHT="47" HPOS="1892" VPOS="1649" WIDTH="32" />
<String CONTENT="[" CS="1" />
<String CONTENT="c" HEIGHT="21" HPOS="1943" STYLE="superscript" VPOS="1637" WIDTH="16" />
<String CONTENT="1936]" HEIGHT="63" HPOS="1967" VPOS="1634" WIDTH="151" />
</TextLine>
<TextLine CS="1" HEIGHT="49" HPOS="199" VPOS="1702" WIDTH="904">
<String CONTENT="xvi," HEIGHT="48" HPOS="199" VPOS="1703" WIDTH="96" />
<SP HEIGHT="47" HPOS="296" VPOS="1704" WIDTH="27" />
<String CONTENT="400" HEIGHT="41" HPOS="324" VPOS="1702" WIDTH="88" />
<SP HEIGHT="49" HPOS="413" VPOS="1702" WIDTH="27" />
<String CONTENT="p." HEIGHT="37" HPOS="441" VPOS="1714" WIDTH="43" />
<SP HEIGHT="41" HPOS="485" VPOS="1703" WIDTH="58" />
<String CONTENT="illus.," HEIGHT="47" HPOS="544" VPOS="1703" WIDTH="143" />
<SP HEIGHT="46" HPOS="688" VPOS="1704" WIDTH="29" />
<String CONTENT="diagrs." HEIGHT="47" HPOS="718" VPOS="1704" WIDTH="177" />
<SP HEIGHT="39" HPOS="896" VPOS="1703" WIDTH="60" />
<String CONTENT="20&#189;" CS="1" HEIGHT="40" HPOS="957" VPOS="1702" WIDTH="57" />
<String CONTENT="cm" HEIGHT="22" HPOS="1044" STYLE="superscript" VPOS="1704" WIDTH="44" />
<String CONTENT="." HEIGHT="10" HPOS="1094" VPOS="1733" WIDTH="9" />
</TextLine>
<TextLine HEIGHT="49" HPOS="200" STYLEREFS="StyleId-FEE5BD19-EC83-4A72-A733-C5FAE7000E2B-" VPOS="1759" WIDTH="729">
<String CONTENT="&#8220;Answer" HEIGHT="40" HPOS="200" VPOS="1760" WIDTH="230" />
<SP HEIGHT="39" HPOS="431" VPOS="1760" WIDTH="28" />
<String CONTENT="key&#8221;:" HEIGHT="49" HPOS="460" VPOS="1759" WIDTH="149" />
<SP HEIGHT="38" HPOS="610" VPOS="1770" WIDTH="29" />
<String CONTENT="p." HEIGHT="37" HPOS="640" VPOS="1771" WIDTH="44" />
<SP HEIGHT="41" HPOS="685" VPOS="1760" WIDTH="25" />
<String CONTENT="378-394." HEIGHT="43" HPOS="711" VPOS="1759" WIDTH="218" />
</TextLine>
<TextLine HEIGHT="52" HPOS="128" STYLEREFS="StyleId-FEE5BD19-EC83-4A72-A733-C5FAE7000E2B-" VPOS="1814" WIDTH="1997">
<String CONTENT="&#169;" HEIGHT="52" HPOS="128" VPOS="1814" WIDTH="52" />
<SP HEIGHT="52" HPOS="181" VPOS="1814" WIDTH="30" />
<String CONTENT="Mar." HEIGHT="40" HPOS="212" VPOS="1819" WIDTH="122" />
<SP HEIGHT="41" HPOS="335" VPOS="1818" WIDTH="30" />
<String CONTENT="19," HEIGHT="49" HPOS="366" VPOS="1816" WIDTH="68" />
<SP HEIGHT="46" HPOS="435" VPOS="1819" WIDTH="31" />
<String CONTENT="1936;" HEIGHT="48" HPOS="467" VPOS="1816" WIDTH="140" />
<SP HEIGHT="47" HPOS="608" VPOS="1817" WIDTH="31" />
<String CONTENT="2c." HEIGHT="40" HPOS="640" VPOS="1817" WIDTH="68" />
<SP HEIGHT="39" HPOS="709" VPOS="1818" WIDTH="30" />
<String CONTENT="Mar." HEIGHT="39" HPOS="740" VPOS="1818" WIDTH="120" />
<SP HEIGHT="40" HPOS="861" VPOS="1816" WIDTH="28" />
<String CONTENT="26;" HEIGHT="46" HPOS="890" VPOS="1816" WIDTH="82" />
<SP HEIGHT="35" HPOS="973" VPOS="1827" WIDTH="33" />
<String CONTENT="aff." HEIGHT="41" HPOS="1007" VPOS="1816" WIDTH="82" />
<SP HEIGHT="39" HPOS="1090" VPOS="1818" WIDTH="32" />
<String CONTENT="Mar." HEIGHT="39" HPOS="1123" VPOS="1818" WIDTH="121" />
<SP HEIGHT="39" HPOS="1245" VPOS="1818" WIDTH="30" />
<String CONTENT="27;" HEIGHT="45" HPOS="1276" VPOS="1818" WIDTH="83" />
<SP HEIGHT="47" HPOS="1360" VPOS="1816" WIDTH="33" />
<String CONTENT="A" HEIGHT="39" HPOS="1394" VPOS="1816" WIDTH="40" />
<SP HEIGHT="40" HPOS="1435" VPOS="1816" WIDTH="32" />
<String CONTENT="92558;" HEIGHT="47" HPOS="1468" VPOS="1816" WIDTH="170" />
<SP HEIGHT="46" HPOS="1639" VPOS="1817" WIDTH="33" />
<String CONTENT="Harcourt," HEIGHT="43" HPOS="1673" VPOS="1817" WIDTH="261" />
<SP HEIGHT="42" HPOS="1935" VPOS="1818" WIDTH="36" />
<String CONTENT="Brace" HEIGHT="39" HPOS="1972" VPOS="1818" WIDTH="153" />
</TextLine>
<TextLine CS="1" HEIGHT="48" HPOS="198" STYLEREFS="StyleId-FEE5BD19-EC83-4A72-A733-C5FAE7000E2B-" VPOS="1874" WIDTH="603">
<String CONTENT="&amp;" HEIGHT="40" HPOS="198" VPOS="1875" WIDTH="36" />
<SP HEIGHT="40" HPOS="235" VPOS="1875" WIDTH="33" />
<String CONTENT="co.," HEIGHT="36" HPOS="269" VPOS="1886" WIDTH="81" />
<SP HEIGHT="48" HPOS="351" VPOS="1874" WIDTH="34" />
<String CONTENT="inc." HEIGHT="40" HPOS="386" VPOS="1874" WIDTH="90" />
<SP HEIGHT="48" HPOS="477" VPOS="1874" WIDTH="72" />
<String CONTENT="(36-8404)" HEIGHT="48" HPOS="550" VPOS="1874" WIDTH="251" />
<SP />
</TextLine>
<TextLine HEIGHT="63" HPOS="127" STYLEREFS="StyleId-30BDB5E1-3A60-4D39-8D74-73E18DE4C0CF-" VPOS="1977" WIDTH="553">
<String CONTENT="Navarre," HEIGHT="63" HPOS="127" VPOS="1977" WIDTH="289" />
<SP HEIGHT="62" HPOS="417" VPOS="1978" WIDTH="27" />
<String CONTENT="Claude." HEIGHT="55" HPOS="445" VPOS="1977" WIDTH="235" />
</TextLine>
<TextLine CS="1" HEIGHT="149" HPOS="127" VPOS="2050" WIDTH="1995">
<String CONTENT="&#8230;" CS="1" />
<SP HEIGHT="52" HPOS="259" VPOS="2053" WIDTH="61" />
<String CONTENT="L&#8217;ame" HEIGHT="55" HPOS="321" VPOS="2052" WIDTH="190" />
<SP HEIGHT="36" HPOS="512" VPOS="2071" WIDTH="57" />
<String CONTENT="vol&#233;e," CS="1" HEIGHT="68" HPOS="570" VPOS="2053" WIDTH="173" />
<SP HEIGHT="50" HPOS="744" VPOS="2071" WIDTH="57" />
<String CONTENT="roman." HEIGHT="35" HPOS="802" VPOS="2070" WIDTH="213" />
<SP HEIGHT="52" HPOS="1016" VPOS="2053" WIDTH="94" />
<String CONTENT="Paris," HEIGHT="69" HPOS="1111" VPOS="2051" WIDTH="184" />
<SP HEIGHT="67" HPOS="1296" VPOS="2053" WIDTH="52" />
<String CONTENT="Librairie" HEIGHT="54" HPOS="1349" VPOS="2050" WIDTH="286" />
<SP HEIGHT="52" HPOS="1636" VPOS="2052" WIDTH="55" />
<String CONTENT="des" HEIGHT="53" HPOS="1692" VPOS="2052" WIDTH="96" />
<SP HEIGHT="54" HPOS="1789" VPOS="2053" WIDTH="56" />
<String CONTENT="Champs-&#201;lys&#233;es" HEIGHT="147" HPOS="127" VPOS="2052" WIDTH="1995" />
<SP HEIGHT="47" HPOS="359" VPOS="2151" WIDTH="39" />
<String CONTENT="[1935]" HEIGHT="64" HPOS="399" VPOS="2134" WIDTH="172" />
</TextLine>
<TextLine CS="1" HEIGHT="50" HPOS="196" STYLEREFS="StyleId-FEE5BD19-EC83-4A72-A733-C5FAE7000E2B-" VPOS="2203" WIDTH="774">
<String CONTENT="2" HEIGHT="39" HPOS="196" VPOS="2203" WIDTH="27" />
<SP />
<String CONTENT="p." CS="1" />
<SP />
<String CONTENT="l.," CS="1" HEIGHT="17" HPOS="353" VPOS="2235" WIDTH="9" />
<SP HEIGHT="30" HPOS="363" VPOS="2223" WIDTH="30" />
<String CONTENT="[7]-251" HEIGHT="50" HPOS="394" VPOS="2203" WIDTH="174" />
<SP HEIGHT="48" HPOS="569" VPOS="2205" WIDTH="26" />
<String CONTENT="p.," HEIGHT="37" HPOS="596" VPOS="2216" WIDTH="58" />
<SP HEIGHT="46" HPOS="655" VPOS="2206" WIDTH="30" />
<String CONTENT="1" HEIGHT="38" HPOS="686" VPOS="2206" WIDTH="24" />
<SP HEIGHT="39" HPOS="711" VPOS="2206" WIDTH="28" />
<String CONTENT="l." CS="1" HEIGHT="8" HPOS="760" VPOS="2237" WIDTH="8" />
<SP HEIGHT="39" HPOS="769" VPOS="2206" WIDTH="55" />
<String CONTENT="18&#189;" CS="1" HEIGHT="41" HPOS="825" VPOS="2204" WIDTH="55" />
<String CONTENT="cm" HEIGHT="20" HPOS="914" STYLE="superscript" VPOS="2207" WIDTH="43" />
<String CONTENT="." HEIGHT="8" HPOS="962" VPOS="2236" WIDTH="8" />
</TextLine>
<TextLine CS="1" HEIGHT="53" HPOS="130" STYLEREFS="StyleId-FEE5BD19-EC83-4A72-A733-C5FAE7000E2B-" VPOS="2259" WIDTH="1995">
<String CONTENT="&#169;" HEIGHT="52" HPOS="130" VPOS="2259" WIDTH="52" />
<SP HEIGHT="52" HPOS="183" VPOS="2259" WIDTH="34" />
<String CONTENT="Nov." HEIGHT="38" HPOS="218" VPOS="2264" WIDTH="118" />
<SP HEIGHT="40" HPOS="337" VPOS="2262" WIDTH="36" />
<String CONTENT="20," HEIGHT="48" HPOS="374" VPOS="2262" WIDTH="68" />
<SP HEIGHT="47" HPOS="443" VPOS="2263" WIDTH="37" />
<String CONTENT="1935;" HEIGHT="47" HPOS="481" VPOS="2262" WIDTH="139" />
<SP />
<String CONTENT="1c." CS="1" />
<SP HEIGHT="39" HPOS="729" VPOS="2264" WIDTH="39" />
<String CONTENT="Feb." HEIGHT="39" HPOS="769" VPOS="2264" WIDTH="109" />
<SP HEIGHT="39" HPOS="879" VPOS="2264" WIDTH="37" />
<String CONTENT="17," HEIGHT="48" HPOS="917" VPOS="2264" WIDTH="68" />
<SP HEIGHT="49" HPOS="986" VPOS="2263" WIDTH="38" />
<String CONTENT="1936;" HEIGHT="47" HPOS="1025" VPOS="2262" WIDTH="139" />
<SP HEIGHT="47" HPOS="1165" VPOS="2262" WIDTH="39" />
<String CONTENT="A-Foreign" HEIGHT="49" HPOS="1205" VPOS="2262" WIDTH="310" />
<SP HEIGHT="39" HPOS="1516" VPOS="2263" WIDTH="33" />
<String CONTENT="30566;" HEIGHT="46" HPOS="1550" VPOS="2263" WIDTH="171" />
<SP HEIGHT="46" HPOS="1722" VPOS="2263" WIDTH="40" />
<String CONTENT="Librairie" HEIGHT="41" HPOS="1763" VPOS="2261" WIDTH="239" />
<SP HEIGHT="39" HPOS="2003" VPOS="2263" WIDTH="39" />
<String CONTENT="des" HEIGHT="40" HPOS="2043" VPOS="2263" WIDTH="82" />
</TextLine>
<TextLine CS="1" HEIGHT="49" HPOS="199" STYLEREFS="StyleId-FEE5BD19-EC83-4A72-A733-C5FAE7000E2B-" VPOS="2327" WIDTH="770">
<String CONTENT="Champs-&#201;lys&#233;es." CS="1" HEIGHT="48" HPOS="199" VPOS="2328" WIDTH="441" />
<SP HEIGHT="49" HPOS="641" VPOS="2327" WIDTH="76" />
<String CONTENT="(36-8374)" HEIGHT="49" HPOS="718" VPOS="2327" WIDTH="251" />
</TextLine>
<TextLine HEIGHT="68" HPOS="127" STYLEREFS="StyleId-225DD903-2FFB-4DAD-945A-F2137745AA00-" VPOS="2428" WIDTH="1211">
<String CONTENT="New" HEIGHT="52" HPOS="127" VPOS="2428" WIDTH="145" />
<SP HEIGHT="51" HPOS="273" VPOS="2429" WIDTH="23" />
<String CONTENT="York" HEIGHT="52" HPOS="297" VPOS="2429" WIDTH="161" />
<SP HEIGHT="65" HPOS="459" VPOS="2429" WIDTH="32" />
<String CONTENT="(State)" HEIGHT="64" HPOS="492" VPOS="2432" WIDTH="216" />
<SP HEIGHT="66" HPOS="709" VPOS="2430" WIDTH="85" />
<String CONTENT="Court" HEIGHT="52" HPOS="795" VPOS="2430" WIDTH="178" />
<SP HEIGHT="46" HPOS="974" VPOS="2436" WIDTH="27" />
<String CONTENT="of" HEIGHT="65" HPOS="1002" VPOS="2431" WIDTH="62" />
<SP HEIGHT="65" HPOS="1065" VPOS="2431" WIDTH="23" />
<String CONTENT="appeals." HEIGHT="67" HPOS="1089" VPOS="2429" WIDTH="249" />
</TextLine>
<TextLine CS="1" HEIGHT="68" HPOS="198" VPOS="2506" WIDTH="1926">
<String CONTENT="Reports" HEIGHT="67" HPOS="198" VPOS="2506" WIDTH="245" />
<SP HEIGHT="33" HPOS="444" VPOS="2526" WIDTH="28" />
<String CONTENT="of" HEIGHT="52" HPOS="473" VPOS="2507" WIDTH="62" />
<SP HEIGHT="52" HPOS="536" VPOS="2507" WIDTH="29" />
<String CONTENT="cases" HEIGHT="35" HPOS="566" VPOS="2525" WIDTH="149" />
<SP HEIGHT="51" HPOS="716" VPOS="2508" WIDTH="28" />
<String CONTENT="decided" HEIGHT="52" HPOS="745" VPOS="2507" WIDTH="232" />
<SP HEIGHT="53" HPOS="978" VPOS="2508" WIDTH="36" />
<String CONTENT="&#8230;" CS="1" />
<SP HEIGHT="54" HPOS="1071" VPOS="2507" WIDTH="34" />
<String CONTENT="from" HEIGHT="52" HPOS="1106" VPOS="2507" WIDTH="152" />
<SP HEIGHT="34" HPOS="1259" VPOS="2525" WIDTH="29" />
<String CONTENT="and" HEIGHT="52" HPOS="1289" VPOS="2507" WIDTH="112" />
<SP HEIGHT="53" HPOS="1402" VPOS="2506" WIDTH="26" />
<String CONTENT="including" HEIGHT="68" HPOS="1429" VPOS="2506" WIDTH="298" />
<SP HEIGHT="66" HPOS="1728" VPOS="2508" WIDTH="27" />
<String CONTENT="decisions" HEIGHT="53" HPOS="1756" VPOS="2507" WIDTH="277" />
<SP HEIGHT="34" HPOS="2034" VPOS="2526" WIDTH="28" />
<String CONTENT="of" HEIGHT="51" HPOS="2063" VPOS="2508" WIDTH="61" />
</TextLine>
<TextLine HEIGHT="68" HPOS="128" VPOS="2584" WIDTH="1997">
<String CONTENT="May" HEIGHT="64" HPOS="128" VPOS="2585" WIDTH="140" />
<SP HEIGHT="62" HPOS="269" VPOS="2587" WIDTH="31" />
<String CONTENT="28," HEIGHT="63" HPOS="301" VPOS="2587" WIDTH="84" />
<SP HEIGHT="62" HPOS="386" VPOS="2588" WIDTH="35" />
<String CONTENT="1935," HEIGHT="63" HPOS="422" VPOS="2588" WIDTH="150" />
<SP HEIGHT="62" HPOS="573" VPOS="2589" WIDTH="32" />
<String CONTENT="to" HEIGHT="48" HPOS="606" VPOS="2589" WIDTH="58" />
<SP HEIGHT="51" HPOS="665" VPOS="2586" WIDTH="35" />
<String CONTENT="decisions" HEIGHT="55" HPOS="701" VPOS="2584" WIDTH="274" />
<SP HEIGHT="35" HPOS="976" VPOS="2604" WIDTH="33" />
<String CONTENT="of" HEIGHT="53" HPOS="1010" VPOS="2585" WIDTH="63" />
<SP HEIGHT="52" HPOS="1074" VPOS="2585" WIDTH="34" />
<String CONTENT="November" HEIGHT="52" HPOS="1109" VPOS="2585" WIDTH="317" />
<SP HEIGHT="48" HPOS="1427" VPOS="2588" WIDTH="38" />
<String CONTENT="19," HEIGHT="63" HPOS="1466" VPOS="2588" WIDTH="80" />
<SP HEIGHT="63" HPOS="1547" VPOS="2588" WIDTH="37" />
<String CONTENT="1935," HEIGHT="62" HPOS="1585" VPOS="2588" WIDTH="151" />
<SP HEIGHT="46" HPOS="1737" VPOS="2604" WIDTH="35" />
<String CONTENT="with" HEIGHT="51" HPOS="1773" VPOS="2586" WIDTH="139" />
<SP HEIGHT="51" HPOS="1913" VPOS="2586" WIDTH="36" />
<String CONTENT="notes," HEIGHT="61" HPOS="1950" VPOS="2591" WIDTH="175" />
</TextLine>
<TextLine CS="1" HEIGHT="146" HPOS="123" VPOS="2661" WIDTH="1977">
<String CONTENT="references" HEIGHT="54" HPOS="123" VPOS="2661" WIDTH="312" />
<SP HEIGHT="33" HPOS="436" VPOS="2681" WIDTH="20" />
<String CONTENT="and" HEIGHT="50" HPOS="457" VPOS="2664" WIDTH="111" />
<SP HEIGHT="52" HPOS="569" VPOS="2662" WIDTH="21" />
<String CONTENT="index." HEIGHT="53" HPOS="591" VPOS="2662" WIDTH="187" />
<SP HEIGHT="50" HPOS="779" VPOS="2665" WIDTH="74" />
<String CONTENT="Louis" HEIGHT="53" HPOS="854" VPOS="2663" WIDTH="172" />
<SP HEIGHT="53" HPOS="1027" VPOS="2665" WIDTH="21" />
<String CONTENT="J." HEIGHT="53" HPOS="1049" VPOS="2665" WIDTH="55" />
<SP HEIGHT="52" HPOS="1105" VPOS="2664" WIDTH="22" />
<String CONTENT="Rezzemini," HEIGHT="63" HPOS="1128" VPOS="2663" WIDTH="341" />
<SP HEIGHT="43" HPOS="1470" VPOS="2683" WIDTH="21" />
<String CONTENT="state" HEIGHT="49" HPOS="1492" VPOS="2667" WIDTH="143" />
<SP HEIGHT="33" HPOS="1636" VPOS="2682" WIDTH="21" />
<String CONTENT="reporter." HEIGHT="61" HPOS="1658" VPOS="2669" WIDTH="271" />
<SP HEIGHT="52" HPOS="1930" VPOS="2665" WIDTH="58" />
<String CONTENT="Volume" HEIGHT="128" HPOS="129" VPOS="2665" WIDTH="1971" />
<SP HEIGHT="51" HPOS="255" VPOS="2742" WIDTH="22" />
<String CONTENT="268." HEIGHT="50" HPOS="278" VPOS="2742" WIDTH="116" />
<SP HEIGHT="51" HPOS="395" VPOS="2741" WIDTH="57" />
<String CONTENT="Albany," HEIGHT="65" HPOS="453" VPOS="2741" WIDTH="248" />
<SP HEIGHT="63" HPOS="702" VPOS="2743" WIDTH="23" />
<String CONTENT="J." HEIGHT="52" HPOS="726" VPOS="2743" WIDTH="55" />
<SP HEIGHT="50" HPOS="782" VPOS="2743" WIDTH="26" />
<String CONTENT="B." HEIGHT="50" HPOS="809" VPOS="2743" WIDTH="65" />
<SP HEIGHT="51" HPOS="875" VPOS="2742" WIDTH="25" />
<String CONTENT="Lyon" HEIGHT="65" HPOS="901" VPOS="2742" WIDTH="161" />
<SP HEIGHT="33" HPOS="1063" VPOS="2759" WIDTH="24" />
<String CONTENT="company," HEIGHT="48" HPOS="1088" VPOS="2759" WIDTH="296" />
<SP HEIGHT="62" HPOS="1385" VPOS="2745" WIDTH="27" />
<String CONTENT="1935." HEIGHT="49" HPOS="1413" VPOS="2745" WIDTH="148" />
</TextLine>
<TextLine CS="1" HEIGHT="48" HPOS="202" VPOS="2812" WIDTH="482">
<String CONTENT="xlv," HEIGHT="46" HPOS="202" VPOS="2813" WIDTH="96" />
<SP HEIGHT="46" HPOS="299" VPOS="2813" WIDTH="27" />
<String CONTENT="890" HEIGHT="40" HPOS="327" VPOS="2812" WIDTH="84" />
<SP HEIGHT="36" HPOS="416" VPOS="2824" WIDTH="22" />
<String CONTENT="p." HEIGHT="36" HPOS="439" VPOS="2824" WIDTH="41" />
<SP HEIGHT="38" HPOS="481" VPOS="2813" WIDTH="56" />
<String CONTENT="23&#189;" CS="1" HEIGHT="40" HPOS="538" VPOS="2813" WIDTH="54" />
<String CONTENT="cm" HEIGHT="20" HPOS="626" STYLE="superscript" VPOS="2816" WIDTH="44" />
<String CONTENT="." HEIGHT="8" HPOS="676" VPOS="2845" WIDTH="8" />
</TextLine>
<TextLine HEIGHT="55" HPOS="131" STYLEREFS="StyleId-FEE5BD19-EC83-4A72-A733-C5FAE7000E2B-" VPOS="2864" WIDTH="1993">
<String CONTENT="&#169;" HEIGHT="54" HPOS="131" VPOS="2864" WIDTH="52" />
<SP HEIGHT="54" HPOS="184" VPOS="2864" WIDTH="29" />
<String CONTENT="Feb." HEIGHT="40" HPOS="214" VPOS="2869" WIDTH="109" />
<SP HEIGHT="40" HPOS="324" VPOS="2869" WIDTH="29" />
<String CONTENT="19," HEIGHT="48" HPOS="354" VPOS="2868" WIDTH="69" />
<SP HEIGHT="47" HPOS="424" VPOS="2869" WIDTH="26" />
<String CONTENT="1936;" HEIGHT="47" HPOS="451" VPOS="2868" WIDTH="139" />
<SP HEIGHT="45" HPOS="591" VPOS="2870" WIDTH="32" />
<String CONTENT="2c." HEIGHT="40" HPOS="624" VPOS="2870" WIDTH="68" />
<SP HEIGHT="40" HPOS="693" VPOS="2870" WIDTH="31" />
<String CONTENT="Feb." HEIGHT="40" HPOS="725" VPOS="2870" WIDTH="109" />
<SP HEIGHT="40" HPOS="835" VPOS="2870" WIDTH="30" />
<String CONTENT="28;" HEIGHT="47" HPOS="866" VPOS="2869" WIDTH="82" />
<SP HEIGHT="36" HPOS="949" VPOS="2880" WIDTH="32" />
<String CONTENT="aff." HEIGHT="41" HPOS="982" VPOS="2869" WIDTH="82" />
<SP HEIGHT="41" HPOS="1065" VPOS="2869" WIDTH="32" />
<String CONTENT="Feb." HEIGHT="41" HPOS="1098" VPOS="2869" WIDTH="110" />
<SP HEIGHT="41" HPOS="1209" VPOS="2869" WIDTH="29" />
<String CONTENT="21;" HEIGHT="47" HPOS="1239" VPOS="2869" WIDTH="82" />
<SP HEIGHT="46" HPOS="1322" VPOS="2870" WIDTH="33" />
<String CONTENT="A" HEIGHT="39" HPOS="1356" VPOS="2870" WIDTH="40" />
<SP HEIGHT="41" HPOS="1397" VPOS="2868" WIDTH="30" />
<String CONTENT="92007;" HEIGHT="48" HPOS="1428" VPOS="2868" WIDTH="170" />
<SP HEIGHT="47" HPOS="1599" VPOS="2869" WIDTH="34" />
<String CONTENT="Edward" HEIGHT="41" HPOS="1634" VPOS="2869" WIDTH="210" />
<SP HEIGHT="40" HPOS="1845" VPOS="2870" WIDTH="31" />
<String CONTENT="J." HEIGHT="42" HPOS="1877" VPOS="2870" WIDTH="43" />
<SP HEIGHT="42" HPOS="1921" VPOS="2870" WIDTH="32" />
<String CONTENT="Flynn," HEIGHT="49" HPOS="1954" VPOS="2870" WIDTH="170" />
</TextLine>
<TextLine HEIGHT="48" HPOS="201" STYLEREFS="StyleId-FEE5BD19-EC83-4A72-A733-C5FAE7000E2B-" VPOS="2926" WIDTH="1926">
<String CONTENT="secretary" HEIGHT="46" HPOS="201" VPOS="2928" WIDTH="246" />
<SP HEIGHT="37" HPOS="448" VPOS="2937" WIDTH="32" />
<String CONTENT="of" HEIGHT="38" HPOS="481" VPOS="2927" WIDTH="54" />
<SP HEIGHT="39" HPOS="536" VPOS="2927" WIDTH="29" />
<String CONTENT="the" HEIGHT="39" HPOS="566" VPOS="2928" WIDTH="83" />
<SP HEIGHT="29" HPOS="650" VPOS="2938" WIDTH="33" />
<String CONTENT="state" HEIGHT="38" HPOS="684" VPOS="2929" WIDTH="126" />
<SP HEIGHT="29" HPOS="811" VPOS="2937" WIDTH="35" />
<String CONTENT="of" HEIGHT="39" HPOS="847" VPOS="2927" WIDTH="50" />
<SP HEIGHT="39" HPOS="898" VPOS="2927" WIDTH="33" />
<String CONTENT="New" HEIGHT="38" HPOS="932" VPOS="2928" WIDTH="118" />
<SP HEIGHT="39" HPOS="1051" VPOS="2927" WIDTH="32" />
<String CONTENT="York," HEIGHT="47" HPOS="1084" VPOS="2927" WIDTH="144" />
<SP HEIGHT="48" HPOS="1229" VPOS="2926" WIDTH="34" />
<String CONTENT="in" HEIGHT="40" HPOS="1264" VPOS="2926" WIDTH="50" />
<SP HEIGHT="37" HPOS="1315" VPOS="2929" WIDTH="34" />
<String CONTENT="trust" HEIGHT="38" HPOS="1350" VPOS="2929" WIDTH="128" />
<SP HEIGHT="40" HPOS="1479" VPOS="2927" WIDTH="33" />
<String CONTENT="for" HEIGHT="40" HPOS="1513" VPOS="2927" WIDTH="79" />
<SP HEIGHT="38" HPOS="1593" VPOS="2929" WIDTH="36" />
<String CONTENT="the" HEIGHT="40" HPOS="1630" VPOS="2927" WIDTH="81" />
<SP HEIGHT="40" HPOS="1712" VPOS="2927" WIDTH="33" />
<String CONTENT="benefit" HEIGHT="41" HPOS="1746" VPOS="2926" WIDTH="177" />
<SP HEIGHT="37" HPOS="1924" VPOS="2930" WIDTH="32" />
<String CONTENT="of" HEIGHT="39" HPOS="1957" VPOS="2927" WIDTH="53" />
<SP HEIGHT="41" HPOS="2011" VPOS="2927" WIDTH="33" />
<String CONTENT="the" HEIGHT="41" HPOS="2045" VPOS="2927" WIDTH="82" />
</TextLine>
<TextLine HEIGHT="48" HPOS="201" STYLEREFS="StyleId-FEE5BD19-EC83-4A72-A733-C5FAE7000E2B-" VPOS="2983" WIDTH="774">
<String CONTENT="people" HEIGHT="47" HPOS="201" VPOS="2984" WIDTH="169" />
<SP HEIGHT="29" HPOS="371" VPOS="2993" WIDTH="27" />
<String CONTENT="of" HEIGHT="39" HPOS="399" VPOS="2983" WIDTH="51" />
<SP HEIGHT="40" HPOS="451" VPOS="2983" WIDTH="31" />
<String CONTENT="the" HEIGHT="39" HPOS="483" VPOS="2984" WIDTH="80" />
<SP HEIGHT="29" HPOS="564" VPOS="2994" WIDTH="32" />
<String CONTENT="state," HEIGHT="45" HPOS="597" VPOS="2986" WIDTH="142" />
<SP HEIGHT="47" HPOS="740" VPOS="2984" WIDTH="32" />
<String CONTENT="Albany." HEIGHT="48" HPOS="773" VPOS="2983" WIDTH="202" />
</TextLine>
<TextLine HEIGHT="65" HPOS="130" STYLEREFS="StyleId-30BDB5E1-3A60-4D39-8D74-73E18DE4C0CF-" VPOS="3071" WIDTH="591">
<String CONTENT="Nichols," HEIGHT="65" HPOS="130" VPOS="3071" WIDTH="258" />
<SP HEIGHT="64" HPOS="389" VPOS="3072" WIDTH="27" />
<String CONTENT="Beverley." HEIGHT="64" HPOS="417" VPOS="3072" WIDTH="304" />
</TextLine>
<TextLine CS="1" HEIGHT="68" HPOS="199" VPOS="3148" WIDTH="1401">
<String CONTENT="The" HEIGHT="52" HPOS="199" VPOS="3149" WIDTH="121" />
<SP HEIGHT="53" HPOS="321" VPOS="3148" WIDTH="23" />
<String CONTENT="fool" HEIGHT="54" HPOS="345" VPOS="3148" WIDTH="117" />
<SP HEIGHT="51" HPOS="463" VPOS="3150" WIDTH="23" />
<String CONTENT="hath" HEIGHT="51" HPOS="487" VPOS="3150" WIDTH="140" />
<SP HEIGHT="52" HPOS="628" VPOS="3150" WIDTH="24" />
<String CONTENT="said" HEIGHT="52" HPOS="653" VPOS="3150" WIDTH="124" />
<SP HEIGHT="51" HPOS="778" VPOS="3150" WIDTH="29" />
<String CONTENT="&#8230;" CS="1" />
<SP HEIGHT="32" HPOS="864" VPOS="3184" WIDTH="83" />
<String CONTENT="[4th-5th" HEIGHT="66" HPOS="948" VPOS="3150" WIDTH="251" />
<SP HEIGHT="52" HPOS="1200" VPOS="3149" WIDTH="25" />
<String CONTENT="instalments]" HEIGHT="67" HPOS="1226" VPOS="3149" WIDTH="374" />
</TextLine>
<TextLine HEIGHT="53" HPOS="210" STYLEREFS="StyleId-1081648F-5149-45B8-B0B8-33B928BDEF25-" VPOS="3218" WIDTH="1387">
<String CONTENT="(In" HEIGHT="48" HPOS="210" VPOS="3219" WIDTH="77" />
<SP HEIGHT="42" HPOS="288" VPOS="3218" WIDTH="30" />
<String CONTENT="Nash&#8217;s-Pall" HEIGHT="43" HPOS="319" VPOS="3218" WIDTH="317" />
<SP HEIGHT="41" HPOS="637" VPOS="3219" WIDTH="31" />
<String CONTENT="mall" HEIGHT="41" HPOS="669" VPOS="3219" WIDTH="116" />
<SP HEIGHT="42" HPOS="786" VPOS="3219" WIDTH="30" />
<String CONTENT="magazine," HEIGHT="52" HPOS="817" VPOS="3218" WIDTH="275" />
<SP HEIGHT="51" HPOS="1093" VPOS="3219" WIDTH="27" />
<String CONTENT="Mar.-Apr.," HEIGHT="53" HPOS="1121" VPOS="3218" WIDTH="300" />
<SP HEIGHT="50" HPOS="1422" VPOS="3220" WIDTH="31" />
<String CONTENT="1936)" HEIGHT="51" HPOS="1454" VPOS="3219" WIDTH="143" />
</TextLine>
<TextLine CS="1" HEIGHT="54" HPOS="132" STYLEREFS="StyleId-FEE5BD19-EC83-4A72-A733-C5FAE7000E2B-" VPOS="3273" WIDTH="1990">
<String CONTENT="&#169;" HEIGHT="52" HPOS="132" VPOS="3273" WIDTH="52" />
<SP />
<String CONTENT="1c." CS="1" />
<SP HEIGHT="29" HPOS="288" VPOS="3288" WIDTH="36" />
<String CONTENT="each" HEIGHT="38" HPOS="325" VPOS="3279" WIDTH="116" />
<SP HEIGHT="38" HPOS="442" VPOS="3278" WIDTH="36" />
<String CONTENT="Apr." HEIGHT="48" HPOS="479" VPOS="3278" WIDTH="112" />
<SP HEIGHT="38" HPOS="592" VPOS="3279" WIDTH="39" />
<String CONTENT="10," HEIGHT="47" HPOS="632" VPOS="3278" WIDTH="69" />
<SP HEIGHT="45" HPOS="702" VPOS="3280" WIDTH="38" />
<String CONTENT="1936;" HEIGHT="48" HPOS="741" VPOS="3277" WIDTH="139" />
<SP HEIGHT="46" HPOS="881" VPOS="3279" WIDTH="39" />
<String CONTENT="A" HEIGHT="39" HPOS="921" VPOS="3279" WIDTH="44" />
<SP HEIGHT="39" HPOS="966" VPOS="3279" WIDTH="35" />
<String CONTENT="ad" HEIGHT="38" HPOS="1002" VPOS="3280" WIDTH="60" />
<SP HEIGHT="40" HPOS="1063" VPOS="3278" WIDTH="36" />
<String CONTENT="int." HEIGHT="41" HPOS="1100" VPOS="3278" WIDTH="87" />
<SP HEIGHT="41" HPOS="1188" VPOS="3278" WIDTH="36" />
<String CONTENT="21308;" HEIGHT="47" HPOS="1225" VPOS="3278" WIDTH="169" />
<SP HEIGHT="37" HPOS="1395" VPOS="3290" WIDTH="38" />
<String CONTENT="pubd." HEIGHT="47" HPOS="1434" VPOS="3280" WIDTH="143" />
<SP HEIGHT="43" HPOS="1578" VPOS="3277" WIDTH="38" />
<String CONTENT="Feb." HEIGHT="40" HPOS="1617" VPOS="3277" WIDTH="109" />
<SP HEIGHT="38" HPOS="1727" VPOS="3279" WIDTH="39" />
<String CONTENT="18," HEIGHT="46" HPOS="1767" VPOS="3279" WIDTH="69" />
<SP HEIGHT="45" HPOS="1837" VPOS="3280" WIDTH="39" />
<String CONTENT="Mar." HEIGHT="40" HPOS="1877" VPOS="3280" WIDTH="123" />
<SP HEIGHT="41" HPOS="2001" VPOS="3279" WIDTH="37" />
<String CONTENT="17;" HEIGHT="47" HPOS="2039" VPOS="3279" WIDTH="83" />
</TextLine>
<TextLine HEIGHT="48" HPOS="201" STYLEREFS="StyleId-FEE5BD19-EC83-4A72-A733-C5FAE7000E2B-" VPOS="3333" WIDTH="524">
<String CONTENT="B." HEIGHT="40" HPOS="201" VPOS="3334" WIDTH="54" />
<SP HEIGHT="39" HPOS="256" VPOS="3335" WIDTH="22" />
<String CONTENT="Nichols," HEIGHT="48" HPOS="279" VPOS="3333" WIDTH="210" />
<SP HEIGHT="46" HPOS="490" VPOS="3335" WIDTH="23" />
<String CONTENT="London." HEIGHT="40" HPOS="514" VPOS="3335" WIDTH="211" />
</TextLine>
<TextLine HEIGHT="56" HPOS="132" STYLEREFS="StyleId-225DD903-2FFB-4DAD-945A-F2137745AA00-" VPOS="3421" WIDTH="462">
<String CONTENT="Ohio." HEIGHT="54" HPOS="132" VPOS="3421" WIDTH="166" />
<SP HEIGHT="51" HPOS="299" VPOS="3424" WIDTH="75" />
<String CONTENT="Courts." HEIGHT="53" HPOS="375" VPOS="3424" WIDTH="219" />
</TextLine>
<TextLine HEIGHT="72" HPOS="202" VPOS="3498" WIDTH="1920">
<String CONTENT="Ohio" HEIGHT="57" HPOS="202" VPOS="3498" WIDTH="148" />
<SP HEIGHT="35" HPOS="351" VPOS="3519" WIDTH="29" />
<String CONTENT="opinions." HEIGHT="68" HPOS="381" VPOS="3500" WIDTH="278" />
<SP HEIGHT="52" HPOS="660" VPOS="3503" WIDTH="75" />
<String CONTENT="Reports" HEIGHT="66" HPOS="736" VPOS="3503" WIDTH="244" />
<SP HEIGHT="35" HPOS="981" VPOS="3522" WIDTH="29" />
<String CONTENT="of" HEIGHT="52" HPOS="1011" VPOS="3504" WIDTH="62" />
<SP HEIGHT="52" HPOS="1074" VPOS="3504" WIDTH="31" />
<String CONTENT="cases" HEIGHT="35" HPOS="1106" VPOS="3521" WIDTH="149" />
<SP HEIGHT="35" HPOS="1256" VPOS="3521" WIDTH="32" />
<String CONTENT="argued" HEIGHT="67" HPOS="1289" VPOS="3503" WIDTH="213" />
<SP HEIGHT="53" HPOS="1503" VPOS="3503" WIDTH="31" />
<String CONTENT="and" HEIGHT="53" HPOS="1535" VPOS="3503" WIDTH="111" />
<SP HEIGHT="53" HPOS="1647" VPOS="3503" WIDTH="32" />
<String CONTENT="determined" HEIGHT="53" HPOS="1680" VPOS="3503" WIDTH="350" />
<SP HEIGHT="53" HPOS="2031" VPOS="3503" WIDTH="31" />
<String CONTENT="in" HEIGHT="52" HPOS="2063" VPOS="3504" WIDTH="59" />
</TextLine>
<TextLine HEIGHT="69" HPOS="133" VPOS="3578" WIDTH="1993">
<String CONTENT="the" HEIGHT="52" HPOS="133" VPOS="3578" WIDTH="93" />
<SP HEIGHT="53" HPOS="227" VPOS="3578" WIDTH="29" />
<String CONTENT="Supreme" HEIGHT="66" HPOS="257" VPOS="3578" WIDTH="272" />
<SP HEIGHT="34" HPOS="530" VPOS="3597" WIDTH="25" />
<String CONTENT="court" HEIGHT="46" HPOS="556" VPOS="3586" WIDTH="158" />
<SP HEIGHT="46" HPOS="715" VPOS="3586" WIDTH="27" />
<String CONTENT="of" HEIGHT="51" HPOS="743" VPOS="3580" WIDTH="62" />
<SP HEIGHT="53" HPOS="806" VPOS="3580" WIDTH="28" />
<String CONTENT="Ohio," HEIGHT="66" HPOS="835" VPOS="3579" WIDTH="167" />
<SP HEIGHT="59" HPOS="1003" VPOS="3586" WIDTH="26" />
<String CONTENT="the" HEIGHT="52" HPOS="1030" VPOS="3581" WIDTH="96" />
<SP HEIGHT="54" HPOS="1127" VPOS="3581" WIDTH="28" />
<String CONTENT="Courts" HEIGHT="54" HPOS="1156" VPOS="3581" WIDTH="205" />
<SP HEIGHT="34" HPOS="1362" VPOS="3600" WIDTH="27" />
<String CONTENT="of" HEIGHT="53" HPOS="1390" VPOS="3581" WIDTH="63" />
<SP HEIGHT="52" HPOS="1454" VPOS="3581" WIDTH="28" />
<String CONTENT="appeals" HEIGHT="64" HPOS="1483" VPOS="3583" WIDTH="231" />
<SP HEIGHT="33" HPOS="1715" VPOS="3600" WIDTH="25" />
<String CONTENT="of" HEIGHT="52" HPOS="1741" VPOS="3581" WIDTH="63" />
<SP HEIGHT="55" HPOS="1805" VPOS="3581" WIDTH="28" />
<String CONTENT="Ohio," HEIGHT="64" HPOS="1834" VPOS="3581" WIDTH="168" />
<SP HEIGHT="60" HPOS="2003" VPOS="3585" WIDTH="26" />
<String CONTENT="the" HEIGHT="51" HPOS="2030" VPOS="3582" WIDTH="96" />
</TextLine>
<TextLine HEIGHT="71" HPOS="133" VPOS="3654" WIDTH="1991">
<String CONTENT="nisi" HEIGHT="54" HPOS="133" VPOS="3654" WIDTH="108" />
<SP HEIGHT="65" HPOS="242" VPOS="3657" WIDTH="35" />
<String CONTENT="prius" HEIGHT="66" HPOS="278" VPOS="3656" WIDTH="159" />
<SP HEIGHT="34" HPOS="438" VPOS="3674" WIDTH="34" />
<String CONTENT="courts" HEIGHT="46" HPOS="473" VPOS="3664" WIDTH="188" />
<SP HEIGHT="34" HPOS="662" VPOS="3676" WIDTH="33" />
<String CONTENT="of" HEIGHT="51" HPOS="696" VPOS="3658" WIDTH="61" />
<SP HEIGHT="54" HPOS="758" VPOS="3657" WIDTH="38" />
<String CONTENT="Ohio" HEIGHT="54" HPOS="797" VPOS="3657" WIDTH="149" />
<SP HEIGHT="33" HPOS="947" VPOS="3677" WIDTH="35" />
<String CONTENT="and" HEIGHT="51" HPOS="983" VPOS="3659" WIDTH="111" />
<SP HEIGHT="52" HPOS="1095" VPOS="3659" WIDTH="35" />
<String CONTENT="selected" HEIGHT="53" HPOS="1131" VPOS="3658" WIDTH="238" />
<SP HEIGHT="52" HPOS="1370" VPOS="3659" WIDTH="34" />
<String CONTENT="cases" HEIGHT="34" HPOS="1405" VPOS="3677" WIDTH="148" />
<SP HEIGHT="52" HPOS="1554" VPOS="3659" WIDTH="35" />
<String CONTENT="bearing" HEIGHT="67" HPOS="1590" VPOS="3658" WIDTH="237" />
<SP HEIGHT="47" HPOS="1828" VPOS="3678" WIDTH="35" />
<String CONTENT="on" HEIGHT="33" HPOS="1864" VPOS="3679" WIDTH="71" />
<SP HEIGHT="53" HPOS="1936" VPOS="3659" WIDTH="38" />
<String CONTENT="Ohio" HEIGHT="53" HPOS="1975" VPOS="3659" WIDTH="149" />
</TextLine>
<TextLine HEIGHT="71" HPOS="134" VPOS="3732" WIDTH="1989">
<String CONTENT="law;" HEIGHT="66" HPOS="134" VPOS="3732" WIDTH="135" />
<SP HEIGHT="47" HPOS="270" VPOS="3751" WIDTH="40" />
<String CONTENT="with" HEIGHT="51" HPOS="311" VPOS="3733" WIDTH="139" />
<SP HEIGHT="52" HPOS="451" VPOS="3733" WIDTH="39" />
<String CONTENT="annotations" HEIGHT="53" HPOS="491" VPOS="3735" WIDTH="360" />
<SP HEIGHT="48" HPOS="852" VPOS="3740" WIDTH="34" />
<String CONTENT="to" HEIGHT="47" HPOS="887" VPOS="3740" WIDTH="57" />
<SP HEIGHT="33" HPOS="945" VPOS="3754" WIDTH="37" />
<String CONTENT="all" HEIGHT="53" HPOS="983" VPOS="3734" WIDTH="77" />
<SP HEIGHT="52" HPOS="1061" VPOS="3736" WIDTH="34" />
<String CONTENT="earlier" HEIGHT="51" HPOS="1096" VPOS="3737" WIDTH="203" />
<SP HEIGHT="33" HPOS="1300" VPOS="3754" WIDTH="37" />
<String CONTENT="cases" HEIGHT="34" HPOS="1338" VPOS="3754" WIDTH="148" />
<SP HEIGHT="52" HPOS="1487" VPOS="3736" WIDTH="34" />
<String CONTENT="in" HEIGHT="51" HPOS="1522" VPOS="3736" WIDTH="61" />
<SP HEIGHT="49" HPOS="1584" VPOS="3754" WIDTH="37" />
<String CONTENT="point" HEIGHT="68" HPOS="1622" VPOS="3735" WIDTH="162" />
<SP HEIGHT="50" HPOS="1785" VPOS="3736" WIDTH="37" />
<String CONTENT="in" HEIGHT="52" HPOS="1823" VPOS="3736" WIDTH="59" />
<SP HEIGHT="51" HPOS="1883" VPOS="3738" WIDTH="37" />
<String CONTENT="Page&#8217;s" HEIGHT="67" HPOS="1921" VPOS="3736" WIDTH="202" />
</TextLine>
<TextLine HEIGHT="72" HPOS="135" VPOS="3808" WIDTH="1988">
<String CONTENT="Ohio" HEIGHT="55" HPOS="135" VPOS="3808" WIDTH="147" />
<SP HEIGHT="52" HPOS="283" VPOS="3811" WIDTH="35" />
<String CONTENT="digest," HEIGHT="65" HPOS="319" VPOS="3811" WIDTH="200" />
<SP HEIGHT="56" HPOS="520" VPOS="3813" WIDTH="34" />
<String CONTENT="Lifetime" HEIGHT="54" HPOS="555" VPOS="3811" WIDTH="270" />
<SP HEIGHT="34" HPOS="826" VPOS="3831" WIDTH="33" />
<String CONTENT="edition." HEIGHT="53" HPOS="860" VPOS="3812" WIDTH="231" />
<SP HEIGHT="51" HPOS="1092" VPOS="3815" WIDTH="72" />
<String CONTENT="Volume" HEIGHT="53" HPOS="1165" VPOS="3813" WIDTH="241" />
<SP HEIGHT="47" HPOS="1407" VPOS="3819" WIDTH="32" />
<String CONTENT="4." HEIGHT="47" HPOS="1440" VPOS="3819" WIDTH="48" />
<SP HEIGHT="52" HPOS="1489" VPOS="3814" WIDTH="34" />
<String CONTENT="November," HEIGHT="66" HPOS="1524" VPOS="3814" WIDTH="333" />
<SP HEIGHT="61" HPOS="1858" VPOS="3819" WIDTH="36" />
<String CONTENT="1935" HEIGHT="48" HPOS="1895" VPOS="3818" WIDTH="133" />
<SP HEIGHT="47" HPOS="2029" VPOS="3819" WIDTH="35" />
<String CONTENT="to" HEIGHT="47" HPOS="2065" VPOS="3819" WIDTH="58" />
</TextLine>
<TextLine HEIGHT="72" HPOS="134" VPOS="3886" WIDTH="1985">
<String CONTENT="February," HEIGHT="67" HPOS="134" VPOS="3886" WIDTH="310" />
<SP HEIGHT="58" HPOS="445" VPOS="3893" WIDTH="28" />
<String CONTENT="1936." HEIGHT="49" HPOS="474" VPOS="3891" WIDTH="148" />
<SP HEIGHT="54" HPOS="623" VPOS="3888" WIDTH="76" />
<String CONTENT="Cincinnati," HEIGHT="66" HPOS="700" VPOS="3888" WIDTH="343" />
<SP HEIGHT="63" HPOS="1044" VPOS="3891" WIDTH="25" />
<String CONTENT="The" HEIGHT="52" HPOS="1070" VPOS="3891" WIDTH="120" />
<SP HEIGHT="54" HPOS="1191" VPOS="3890" WIDTH="27" />
<String CONTENT="Ohio" HEIGHT="54" HPOS="1219" VPOS="3890" WIDTH="149" />
<SP HEIGHT="53" HPOS="1369" VPOS="3891" WIDTH="23" />
<String CONTENT="law" HEIGHT="51" HPOS="1393" VPOS="3891" WIDTH="110" />
<SP HEIGHT="32" HPOS="1504" VPOS="3910" WIDTH="26" />
<String CONTENT="reporter" HEIGHT="62" HPOS="1531" VPOS="3896" WIDTH="255" />
<SP HEIGHT="34" HPOS="1787" VPOS="3909" WIDTH="25" />
<String CONTENT="company;" HEIGHT="49" HPOS="1813" VPOS="3909" WIDTH="306" />
</TextLine>
<TextLine CS="1" HEIGHT="71" HPOS="137" VPOS="3964" WIDTH="1609">
<String CONTENT="Cincinnati," HEIGHT="66" HPOS="137" VPOS="3964" WIDTH="343" />
<SP HEIGHT="63" HPOS="481" VPOS="3967" WIDTH="31" />
<String CONTENT="The" HEIGHT="51" HPOS="513" VPOS="3966" WIDTH="119" />
<SP HEIGHT="51" HPOS="633" VPOS="3968" WIDTH="32" />
<String CONTENT="W." HEIGHT="51" HPOS="666" VPOS="3968" WIDTH="88" />
<SP HEIGHT="50" HPOS="755" VPOS="3968" WIDTH="34" />
<String CONTENT="H." HEIGHT="51" HPOS="790" VPOS="3968" WIDTH="76" />
<SP HEIGHT="52" HPOS="867" VPOS="3967" WIDTH="34" />
<String CONTENT="Anderson" HEIGHT="53" HPOS="902" VPOS="3967" WIDTH="301" />
<SP HEIGHT="33" HPOS="1204" VPOS="3987" WIDTH="33" />
<String CONTENT="company" CS="1" HEIGHT="49" HPOS="1238" VPOS="3986" WIDTH="238" />
<SP HEIGHT="54" HPOS="1517" VPOS="3978" WIDTH="33" />
<String CONTENT="[1936]" CS="1" HEIGHT="62" HPOS="1629" VPOS="3973" WIDTH="117" />
</TextLine>
</TextBlock>
</PrintSpace>
</Page>
</Layout>
</alto>