2519 4377
1058 4079 99 49 495

109 432 401 64 Southworth,
538 434 139 50 Mrs.
709 432 291 52 Gertrude
1032 430 158 63 (Van
1221 430 205 63 Duyn)
1467 432 170 53 1874-

181 507 179 68 Early
399 508 139 65 days
576 507 57 52 in
675 506 279 67 America,
996 503 334 67 1492-1789;
1372 506 94 52 the
1505 505 200 68 period
1741 505 64 52 of
112 506 1965 143 exploration,
279 586 95 51 the
406 584 245 53 thirteen
682 582 259 67 colonies,
972 584 94 52 the
1098 581 391 54 intercolonial
1524 599 164 50 wars,
1718 583 95 52 the
1845 583 259 68 struggle

113 662 93 52 for
247 661 436 68 independence,
725 661 110 52 and
878 661 95 51 the
1016 658 275 69 adoption
1334 659 64 53 of
1440 660 93 52 the
1579 659 408 68 Constitution,
2027 661 74 67 by

113 738 280 54 Gertrude
425 739 125 51 Van
586 739 170 65 Duyn
789 737 369 54 Southworth
1192 737 112 52 and
1336 738 155 52 John
1525 737 130 53 Van
1688 738 175 67 Duyn
1897 736 204 55 South-

117 817 193 51 worth.
387 815 296 67 Syracuse,
714 815 66 52 N.
816 816 88 65 Y.,
935 813 136 53 New
1106 814 161 52 York
1301 819 138 64 [etc.]
1477 813 260 69 Iroquois
1768 813 336 71 publishing

113 892 662 69 company, inc. [ c 1936]
181 962 63 48 ix,
281 964 69 50 [1],
387 963 96 42 526,
519 963 121 40 xxiii
675 975 41 37 p.
777 964 126 39 illus.
933 961 133 49 (incl.
1102 962 160 50 maps)
1332 964 143 42 19½cm.

185 1021 71 40 On
284 1031 166 29 cover:
484 1021 37 38 A
554 1021 186 46 history
769 1021 77 38 for
876 1021 371 45 Pennsylvania.

112 1091 52 52 ©
194 1096 113 47 Apr.
340 1096 66 41 15,
440 1094 139 42 1936:
613 1095 67 40 2c.
712 1095 113 47 Apr.
857 1094 82 45 22;
974 1094 82 40 aff.
1089 1095 112 46 Apr.
1234 1095 82 41 20;
1351 1095 40 38 A
1423 1094 144 40 94097;
1632 1096 220 47 Iroquois
1883 1096 108 48 pub.
2024 1106 83 39 co.,

184 1151 90 40 inc.
345 1152 249 48 (36-9310)

109 1256 197 62 Stead,
336 1254 322 64 Christina,
688 1260 169 49 1902-

181 1332 119 52 The
341 1332 248 52 beauties
629 1332 113 52 and
786 1329 197 69 furies,
1023 1331 74 68 by
1140 1330 294 54 Christina
1479 1330 191 55 Stead.
1749 1332 138 53 New
1929 1332 180 68 York,

110 1410 257 67 London,
410 1411 70 53 D.
526 1408 583 69 Appleton-Century
1151 1427 297 51 company,
1492 1410 419 68 incorporated,
1958 1414 150 50 1936.

179 1484 520 48 3 p. l. , 374 p. 20cm.
113 1550 52 53 ©
198 1554 111 47 Apr.
345 1554 68 47 24,
451 1553 138 45 1936;
627 1555 67 39 2c.
732 1555 93 38 and
862 1553 81 40 aff.
982 1554 111 46 Apr.
1131 1553 81 45 27;
1252 1554 40 38 A
1327 1554 171 46 93841;
1539 1555 56 39 D.
1632 1555 477 48 Appleton-Century

182 1622 80 35 co.,
296 1612 89 40 inc.
454 1610 250 49 (36-9347)

110 1714 281 64 Stillwell,
419 1713 235 55 Lucille.

116 1787 1965 147 … John Cabell Breckinridge, by Lucille Stillwell. Caldwell, Id., The Caxton printers, lid., 1936.
183 1937 1259 50 3 p. l. , [5]-196 p. front., plates, ports. 19½ cm .
183 1995 64 39 At
274 1995 123 40 head
427 1994 50 40 of
504 1995 108 39 title:
670 1995 129 38 Born
829 1996 48 38 to
905 1995 55 39 be
989 2005 28 29 a
1045 1996 284 38 statesman.

185 2052 113 46 Map
328 2061 59 29 on
420 2051 335 46 lining-paper.

186 2106 346 48 Bibliography:
596 2118 42 37 p.
692 2106 232 41 [183]-189.

115 2164 53 52 ©
206 2169 113 46 Apr.
359 2168 39 46 1,
439 2166 139 47 1936;
620 2166 67 41 2c.
728 2168 95 38 and
863 2166 81 39 aff.
985 2167 113 47 Apr.
1139 2167 52 45 6;
1234 2167 40 38 A
1313 2166 170 47 92781;
1528 2168 189 40 Caxton
1758 2168 227 48 printers,
2025 2171 84 40 ltd.

193 2224 249 49 (36-9316)

113 2330 262 62 Strauss,
403 2329 193 55 Ivard.

183 2402 191 69 Paint,
416 2403 231 67 powder
690 2403 112 52 and
847 2401 298 68 make-up;
1193 2403 95 52 the
1332 2410 89 45 art
1466 2402 64 53 of
1575 2403 219 54 theater
1840 2405 268 67 make-up

117 2480 148 53 from
291 2482 93 52 the
412 2486 254 47 amateur
694 2481 111 52 and
831 2481 141 52 class
999 2498 157 34 room
1183 2480 314 68 viewpoint
1544 2481 93 69 [by]
1670 2482 176 53 Ivard
1879 2482 229 55 Strauss

174 2557 1287 68 … New Haven, Conn., Sweet & son, 1936.
183 2631 1337 52 219, [34] p. inch front. (port.) illus.. plates. 26 cm .
117 2689 52 52 ©
198 2693 113 47 Apr.
344 2691 68 48 20,
448 2692 111 39 1936;
622 2692 68 39 2c.
725 2693 95 38 and
853 2692 82 39 aff.
970 2692 113 46 Apr.
1118 2691 57 38 22;
1236 2692 39 38 A
1309 2691 143 40 94109;
1521 2694 158 39 Sweet
1711 2694 37 39 &
1779 2706 101 28 son.

193 2748 249 49 (36-9242)

116 2852 268 65 Wallace,
415 2853 216 63 Edgar,
665 2851 323 56 1875-1932.

246 2926 1858 72 … Le talisman mystérieux (The book of all power) [Paris]
115 3005 487 67 Hachette [ 1935]
183 3077 98 46 239,
319 3080 54 48 [1]
407 3089 43 37 p.
510 3078 55 39 19
569 3080 14 20 cm
617 3110 7 7 .
697 3077 92 45 (On
826 3088 162 30 cover:
1019 3077 118 41 “Les
1171 3077 246 40 meilleurs
1453 3089 193 30 romans
1681 3080 305 49 étrangers”)

522 3134 1588 53 CONTENTS.— Le talisman mystérieux. — L’affaire Stretelli.— Le “pick
117 3191 103 48 up”.

119 3249 52 52 ©
209 3253 101 39 Oct.
348 3252 68 47 24,
455 3251 111 39 1933;
634 3252 66 39 1c.
740 3251 108 39 Feb.
889 3252 68 46 17,
996 3251 113 40 1936;
1176 3252 310 49 A-Foreign
1524 3253 143 41 30597;
1737 3255 239 42 Librairie
185 3260 1908 88 Hachette.
423 3307 249 48 (36-9250)

117 3413 269 62 Warden,
416 3412 133 53 Carl
574 3411 173 62 John,
777 3416 169 49 1890-

189 3488 400 68 Comparative
631 3488 377 67 psychology;
1055 3507 27 32 a
1127 3490 455 66 comprehensive
1626 3493 243 55 treatise.
118 3498 1966 122 [Volume
278 3572 48 61 3]
367 3567 375 52 Vertebrates.
814 3568 89 64 By

119 3566 1989 153 Carl J. Warden … Thomas N. Jenkins … Lucien H. Warner … New York, The Ronald press
121 3739 276 49 company
426 3725 191 63 [c1936]

191 3792 1920 56 2 p. l. , iii-x, 5601 p. illus., diagrs. 22 cm . (Psychology series, A. T.
118 3848 629 49 Poffenberger … editor)
191 3905 345 47 Bibliography:
594 3916 42 36 p.
668 3904 216 40 441-535.

124 3957 52 53 ©
207 3962 112 47 Apr.
351 3962 69 46 24,
453 3960 139 47 1936;
627 3961 67 39 2c.
727 3961 113 47 Apr.
873 3958 81 49 29;
991 3956 81 43 aff.
1106 3960 113 47 Apr.
1253 3960 82 48 28;
1370 3962 41 39 A
1443 3963 169 48 93887;
1651 3966 186 42 Ronald
1873 3981 135 36 press
2040 3983 70 31 co.
