2519 4377
1050 4069 130 48 1313

129 429 243 63 Abbott,
401 429 251 53 Eleanor
681 427 319 66 Hallowell,
1034 430 169 54 1872-

199 505 186 69 Being
419 505 150 53 little
606 505 60 53 in
704 505 346 69 Cambridge
1085 507 161 52 when
1284 523 273 50 everyone
1595 505 109 55 else
1742 525 114 34 was
1895 506 116 67 big,
2049 506 72 67 by

132 583 245 54 Eleanor
405 584 309 53 Hallowell
742 584 232 53 Abbott.
1041 584 139 53 New
1210 584 179 67 York,
1416 585 258 65 London,
1702 585 72 52 D.
129 579 1993 151 Appleton-Century
412 680 295 50 company,
737 662 417 67 incorporated,
1188 666 148 50 1936.

197 733 1114 50 4 p. l., 280 p. front, (port.) illus. 21 cm .
126 788 53 52 ©
213 793 127 46 Sept.
373 793 68 46 11,
474 792 140 45 1936;
649 793 67 38 2c.
751 792 95 39 and
878 791 81 40 aff.
997 792 126 47 Sept.
1157 792 82 46 14;
1275 792 40 39 A
1347 791 171 47 98432;
1556 793 57 38 D.
1648 790 476 49 Appleton-Century

195 860 80 37 co.,
303 847 88 40 inc.
461 848 279 48 (36-20308)

125 930 305 55 Alabama.
506 932 181 58 Laws,
717 937 255 60 statutes,
1002 936 99 47 etc.

197 1008 218 55 Second
453 1012 131 48 1936
618 1009 358 66 supplement
1009 1014 56 47 to
1099 1009 92 53 the
1228 1008 278 52 Alabama
1543 1009 133 51 code
1710 1008 63 52 of
1811 1011 149 50 1928.
126 1027 1968 125 containing
382 1087 75 52 all
490 1087 94 52 the
617 1087 228 65 general
877 1087 138 52 laws
1048 1087 230 53 enacted
1314 1092 57 46 at
1403 1087 94 51 the
1529 1087 125 51 first
1685 1085 438 67 extraordinary

123 1164 209 52 session
397 1168 148 49 1936.
624 1164 354 67 Completely
1042 1164 322 53 annotated.
1441 1165 198 54 Under
1699 1165 95 51 the
1856 1162 266 54 editorial

125 1240 1937 68 supervision of A. Hewson Michie and Chas. W. Sublett …
126 1319 477 58 Charlottesville,
626 1321 125 64 Va.,
777 1320 120 53 The
922 1319 212 54 Michie
1159 1337 295 49 company,
1481 1322 148 50 1936.

193 1391 29 39 2
244 1402 44 37 p.
317 1392 43 47 ].,
389 1392 57 39 86
469 1402 43 37 p.
568 1392 54 40 25½
656 1395 45 20 cm
707 1425 7 6 .

125 1444 53 53 ©
204 1448 100 41 Oct.
331 1450 39 45 1,
394 1449 116 40 1936;
561 1448 65 39 2c.
654 1449 102 40 Oct.
781 1450 53 45 7;
864 1448 79 40 aff.
973 1448 101 41 Oct.
1102 1448 51 47 6;
1181 1449 39 38 A
1246 1447 169 47 99228;
1446 1447 179 41 Michie
1648 1458 68 30 co.

126 1527 229 65 Alford,
381 1529 256 53 Thomas
662 1528 270 65 Wildcat,
961 1534 171 50 1860-

197 1603 386 69 Civilization,
616 1624 60 34 as
707 1604 123 54 told
863 1610 57 49 to
956 1605 270 55 Florence
1256 1605 194 53 Drake
1480 1605 75 68 by
1589 1604 248 53 Thomas
1870 1604 252 55 Wildcat

126 1684 230 52 Alford.
431 1682 272 67 Norman,
735 1682 336 69 University
1106 1683 63 52 of
1203 1681 320 56 Oklahoma
1557 1701 173 49 press,
1764 1686 149 49 1936.

195 1753 90 41 xiii
313 1764 57 38 p.,
399 1754 24 39 1
474 1786 23 15 l.,
525 1753 85 41 203
639 1765 58 37 p.,
727 1755 24 39 1
804 1787 9 8 l.
872 1754 163 48 front.,
1065 1755 169 49 plates,
1266 1756 148 47 ports.
1474 1755 55 41 23½
1562 1756 44 22 cm
1612 1786 9 9 .
1690 1753 300 52 (Half-title:
2019 1756 103 40 The

125 1810 296 41 civilization
457 1811 51 39 of
541 1811 82 40 the
656 1811 258 40 American
946 1810 202 48 Indian)

196 1866 397 49 Autobiography
621 1866 52 41 of
701 1878 62 29 an
791 1867 234 40 educated
1054 1868 190 48 Indian,
1274 1868 274 49 prominent
1575 1869 49 39 in
1653 1869 84 40 the
1763 1868 173 42 affairs
1965 1869 53 42 of
2044 1869 77 42 his

126 1922 137 48 tribe,
301 1924 83 40 the
418 1924 237 40 Absentee
698 1924 273 41 Shawnees.

197 1979 161 41 “First
389 1979 226 41 edition.”

123 2034 52 54 ©
205 2040 126 47 Sept.
359 2039 39 47 1,
425 2039 140 47 1936;
593 2039 69 40 2c.
690 2039 96 39 and
812 2039 81 41 aff.
925 2040 127 46 Sept.
1079 2039 83 47 21;
1191 2040 40 38 A
1258 2039 170 48 98518;
1461 2039 283 48 University
1772 2040 51 41 of
1851 2040 273 41 Oklahoma

194 2105 150 38 press.
420 2096 279 47 (36-20438)

123 2176 313 54 American
467 2177 277 53 institute
772 2178 63 52 of
863 2179 391 62 cooperation.

192 2255 304 53 American
528 2255 380 68 cooperation,
943 2260 160 62 1936;
1140 2275 30 34 a
1204 2257 293 52 collection
1530 2257 63 53 of
1624 2276 207 50 papers
1865 2258 114 53 and
123 2259 1975 127 discussions
401 2333 349 68 comprising
779 2335 96 52 the
904 2334 229 53 twelfth
1164 2352 244 35 summer
1441 2333 207 55 session
1681 2335 62 54 of
1772 2336 97 52 the
123 2336 1972 128 American
256 2411 258 53 institute
545 2412 63 53 of
636 2411 362 68 cooperation
1028 2420 57 47 at
1114 2413 94 52 the
1238 2412 337 68 University
1603 2415 62 52 of
1695 2414 244 67 Illinois,
1969 2416 151 54 June

126 2492 185 63 15-19,
352 2494 148 48 1936.
575 2490 400 67 Washington,
1015 2491 72 53 D.
1128 2490 82 59 C.,
1250 2491 120 52 The
1411 2491 304 53 American
1754 2492 264 53 institute
2058 2493 63 53 of

122 2568 361 64 cooperation
520 2602 11 32 [
537 2574 18 21 c
561 2571 151 63 1936]

189 2636 102 52 xiii,
325 2640 85 40 750
438 2651 43 36 p.
540 2639 146 42 23½cm.

123 2691 52 53 ©
208 2696 102 41 Oct.
343 2697 67 47 1.3,
443 2697 114 40 1936;
618 2696 68 40 2c.
721 2697 100 40 Oct.
855 2698 53 38 15;
972 2697 80 40 aff.
1089 2697 101 40 Oct.
1225 2697 58 40 16;
1339 2698 40 39 A
1412 2697 147 41 98950;
1618 2698 146 40 Amer.
1810 2697 229 41 institute
2071 2699 52 41 of

191 2752 322 48 cooperation.

122 2832 199 64 Ancel,
351 2832 270 64 Jacques,
655 2833 172 54 1879-

255 2910 1866 73 … Géopolitique, par Jacques Ancel … Paris, Delagrave,
126 2992 148 50 1936.

192 3060 87 40 120
305 3071 42 37 p.
408 3060 114 41 19cm.
592 3061 365 48 (Bibliothèque
983 3062 251 40 d’histoire
1265 3065 48 38 et
1345 3064 56 39 de
1432 3064 259 48 politique)

194 3116 419 48 “Bibliographie”
645 3119 50 38 at
727 3119 91 39 end
850 3119 52 39 of
929 3119 119 40 each
1080 3119 215 47 chapter.

123 3169 1997 53 © Jan. 15, 1936; 1c. Apr. 18; A-Foreign 31388; Librairie Delagrave.
204 3229 278 49 (36-11209)

123 3302 264 65 Atwood,
413 3304 254 54 Wallace
691 3306 241 64 Walter,
961 3307 170 54 1872-

193 3380 119 53 The
342 3381 161 52 earth
533 3382 111 52 and
676 3382 74 53 its
782 3383 215 66 people.
1067 3384 234 54 6th-7th
1331 3402 178 50 years.
1578 3385 422 68 Pennsylvania
2033 3387 84 52 ed.

124 3458 1990 65 By Wallace W. Atwood and Helen Goss Thomas … Boston,
123 3536 137 51 New
287 3535 161 55 York
478 3541 137 62 [etc.]
645 3537 155 55 Ginn
828 3539 112 52 and
967 3557 280 50 company
1277 3575 12 33 [
1294 3547 18 21 c
1318 3543 150 65 1936]

192 3608 26 38 2
247 3618 43 31 v.
348 3609 175 41 fronts.
566 3609 109 47 (6th
705 3620 68 36 yr.
807 3611 112 47 col.)
957 3611 129 40 illus.
1115 3611 132 49 (incl.
1280 3613 161 49 maps)
1512 3613 57 40 26½
1599 3615 46 21 cm
1648 3645 9 9 .
1728 3613 225 49 (Atwood
122 3621 1983 90 geography
308 3664 174 50 series)

196 3719 65 40 “A
298 3721 83 39 list
418 3722 53 37 of
504 3722 147 38 books
687 3722 77 40 for
804 3723 190 40 outside
1031 3724 257 49 reading”:
1339 3726 72 48 (6th
1483 3727 96 48 vr.)
1624 3736 43 39 p.
1707 3725 111 47 242;
1870 3724 109 49 (7th
2016 3723 97 49 yr.)

121 3786 41 37 p.
193 3775 98 42 272.

124 3832 82 39 6th
234 3842 83 39 yr.,
349 3829 52 53 ©
428 3834 115 46 July
572 3834 68 47 16,
671 3834 112 41 1936;
843 3836 82 39 7th
954 3846 84 38 yr.,
1070 3833 52 53 ©
1151 3838 120 46 Aug.
1301 3838 56 40 28;
1415 3838 67 42 2c.
1512 3839 120 40 each
1662 3838 102 41 Oct.
1795 3838 28 40 8;
1880 3835 109 41 affs.
2019 3835 101 42 Oct.

191 3889 55 39 12;
320 3891 40 38 A
403 3889 157 48 99310,
605 3890 144 40 99311;
825 3892 70 40 W.
941 3893 72 39 TV.
1059 3894 217 47 Atwood,
1322 3895 288 47 Worcester,
1657 3894 97 40 and
1799 3893 156 40 Helen
2001 3892 121 39 Goss

193 3945 223 48 Thomas,
457 3947 195 40 Boston.
726 3947 279 49 [Copyright
1045 3948 42 41 is
1126 3950 205 41 claimed
1373 3961 60 31 on
1472 3960 107 30 new
1620 3949 226 41 material
1888 3948 97 41 and
193 3956 1911 95 corrections]
