2519 4377
1010 4134 98 50 329

62 488 328 65 Anderson,
417 488 157 52 Park
600 486 233 55 Harris.

132 564 126 54 “He
283 564 265 54 knoweth
576 568 99 48 not
700 562 180 67 how”,
908 582 31 33 a
968 567 156 63 story
1150 561 63 55 of
1243 561 240 55 Chinese
1511 561 233 68 Baptist
1771 561 287 52 initiative

124 639 1934 68 … for the information of Baptists and others [by] Park Harris
62 718 1791 67 Anderson … Nashville, Tenn., Broadman press [ c 1936]
132 794 29 39 4
187 804 41 37 p.
257 793 30 40 l.,
331 792 144 40 7-174
499 802 42 37 p.
601 790 127 41 illus.
759 791 132 48 (incl.
919 789 174 50 ports.)
1162 790 56 41 18½
1250 792 43 21 cm
1298 822 10 9 .

60 860 52 53 ©
144 866 120 37 Mar.
296 864 68 48 16,
396 863 140 46 1936;
568 863 67 39 2c.
669 863 121 39 Mar.
820 861 84 47 21;
939 861 82 40 aff.
1055 862 121 39 Mar.
1210 859 80 47 19;
1324 861 44 38 A
1392 860 172 47 92443;
1600 861 278 39 Broadman
1910 869 150 39 press.

138 920 250 50 (36-8094)

61 1024 317 63 Atherton,
403 1026 138 51 Mrs.
571 1022 294 55 Gertrude
892 1020 284 53 Franklin
1206 1021 226 65 (Horn)
1469 1025 170 52 1857-

133 1099 221 54 Golden
392 1099 243 68 peacock
675 1098 90 67 [by]
828 1097 282 54 Gertrude
1144 1096 302 54 Atherton.
1522 1095 218 54 Boston
1775 1096 111 52 and
1923 1097 132 51 New

64 1177 178 66 York,
271 1176 318 69 Houghton
622 1175 201 54 Mifflin
856 1192 298 50 company,
1187 1177 149 51 1936.

131 1247 519 49 3 p. l., 298 p. 21 cm .
60 1318 52 53 ©
145 1323 120 38 Mar.
296 1323 68 46 31,
397 1321 113 41 1936;
567 1321 68 40 2c.
669 1320 111 47 Apr.
814 1320 25 39 6;
902 1319 83 41 aff.
1018 1319 113 48 Apr.
1164 1320 53 45 4;
1252 1320 41 38 A
1324 1320 170 45 92763;
1532 1319 240 41 Gertrude
1805 1320 256 46 Atherton,

133 1380 96 40 San
257 1378 274 42 Francisco.
597 1376 250 49 (36-8052)

60 1481 243 64 Barton,
330 1480 248 54 Wilfred
604 1481 227 61 Mason,
862 1482 325 52 1871-1930.

134 1557 303 69 Symptom
477 1556 308 69 diagnosis,
826 1553 255 72 regional
1125 1555 112 53 and
1278 1556 247 69 general,
1566 1555 75 69 by
1681 1554 253 55 Wilfred
1979 1556 78 52 M.

65 1633 1818 68 Barton … and Wallace M. Yater … 3d ed. New York,
63 1635 1972 147 London,
226 1714 73 52 D.
334 1712 579 69 Appleton-Century
950 1728 296 53 company,
1280 1712 401 68 incorporated
1724 1745 12 34 [
1741 1718 17 21 c
1764 1716 152 64 1936]

132 1785 586 51 7 p. l., 3-891 p. 25 cm .
133 1842 73 42 On
231 1854 167 31 cover:
426 1843 94 41 For
547 1844 117 40 desk
688 1854 98 30 use.

57 1897 53 53 ©
140 1902 112 48 Apr.
285 1902 38 41 1,
357 1900 139 47 1936;
529 1901 67 40 2c.
628 1902 96 39 and
757 1901 80 40 aff.
870 1901 114 47 Apr.
1016 1902 53 45 3;
1105 1901 39 38 A
1176 1900 170 46 92704;
1382 1902 56 38 D.
1469 1900 476 48 Appleton-Century
1978 1912 83 37 co.,

131 1959 90 40 inc.
296 1957 250 49 (36-8038)

66 2060 297 66 [Borduin,
392 2062 232 64 Menno]
662 2062 170 54 1867-

131 2137 177 51 Form
337 2136 63 53 of
429 2136 248 68 baptism
713 2136 330 68 explained;
1078 2136 95 53 the
1209 2134 150 54 fruit
1391 2134 65 54 of
1487 2155 31 34 a
1553 2133 302 72 prayerful
1886 2134 172 70 study

61 2213 1972 150 during many years … Grand Rapids, Mich., Zondervan publishing house [ c 1935 ]
128 2365 87 41 126
239 2376 44 39 p.
343 2366 57 40 20
404 2369 44 21 cm
451 2399 9 9 .

134 2422 202 49 Signed:
367 2423 62 42 M.
458 2423 233 41 Borduin.

61 2478 52 53 ©
135 2484 119 47 Aug.
278 2484 204 47 15,1935:
534 2483 67 40 2c.
627 2484 111 40 Feb.
764 2485 67 46 18,
857 2484 139 46 1936;
1025 2483 82 41 aff.
1133 2484 110 39 Feb.
1269 2484 81 47 19;
1377 2485 40 39 A
1443 2485 170 47 93045;
1642 2485 283 41 Zondervan
1950 2488 110 47 pub.

129 2540 163 40 house.
361 2540 249 49 (36-7986)

62 2642 316 65 Bourman,
403 2643 272 57 Anatole.

137 2719 123 52 The
284 2720 241 68 tragedy
554 2719 64 54 of
645 2717 292 71 Nijinsky,
964 2720 74 68 by
1066 2719 247 54 Anatole
1342 2722 293 53 Bourman
1662 2721 61 52 in
66 2721 1971 128 collaboration

219 2798 140 51 with
392 2798 71 52 D.
498 2798 240 69 Lyman.
809 2799 138 52 New
985 2799 179 67 York,
1199 2799 259 68 London,
1491 2800 345 67 Whittlesey
1871 2800 190 67 house,

63 2874 429 56 McGraw-Hill
526 2876 148 53 book
710 2895 297 51 company,
1044 2878 106 52 inc.
1194 2912 12 34 [
1211 2887 17 22 c
1235 2881 133 50 1936
1374 2911 11 34 ]

134 2962 80 37 xx,
243 2951 85 40 291
356 2962 42 37 p.
456 2952 170 46 plates,
655 2955 150 45 porfs.
861 2952 56 39 24
920 2955 43 21 cm
969 2984 9 8 .

137 3007 214 41 “Second
383 3007 259 49 printing.”

65 3059 52 52 ©
155 3065 122 39 Mar.
317 3064 68 47 16,
425 3064 140 47 1936;
607 3065 68 40 2c.
716 3066 122 40 Mar.
878 3065 81 42 19;
1003 3066 82 39 aff.
1128 3067 121 41 Mar.
1289 3065 82 48 20;
1416 3067 40 39 A
1496 3067 170 47 93440;
1711 3067 350 42 McGraw-Hill

132 3121 121 39 book
275 3132 82 36 co.,
381 3122 90 39 inc.
535 3121 251 49 (36-7960)

63 3222 203 65 Brink,
292 3226 137 51 Mrs.
459 3225 170 53 Carol
652 3224 200 64 Ryrie,
879 3243 177 49 comp.

136 3301 134 52 Best
311 3302 156 52 short
510 3301 199 53 stories
753 3302 94 52 for
888 3303 136 66 boys
1068 3304 112 51 and
1224 3303 163 67 girls:
1458 3305 73 51 2d
1572 3304 310 53 collection.

64 3305 1972 204 Selected and compiled by Carol Ryrie Brink … With new illustrations.
398 3457 312 53 Evanston,
746 3457 112 66 Ill.,
893 3459 138 52 New
1065 3458 162 53 York
1260 3459 115 66 city
1416 3464 137 62 [etc.]
1594 3461 158 65 Row,
1787 3463 274 51 Peterson

68 3533 110 53 and
205 3552 277 50 company
696 3571 10 32 [c1936]

132 3607 87 39 416
247 3618 42 36 p.
350 3607 125 39 illus.
536 3608 54 38 21
593 3610 44 20 cm
644 3640 7 7 .

67 3658 52 52 ©
148 3663 108 40 Feb.
284 3662 68 42 21.
381 3662 115 41 1936;
550 3664 66 40 2c.
648 3665 122 39 Mar.
799 3665 51 46 6;
883 3664 81 41 aff.
994 3666 140 39 Mar..
1146 3666 51 45 5;
1229 3666 43 39 A
1298 3665 170 47 93059;
1501 3667 132 47 Row,
1665 3668 232 39 Peterson
1926 3668 38 40 &
1992 3681 69 28 co.

68 3777 230 65 Brown,
323 3780 254 54 William
605 3782 278 63 Moseley,
912 3788 171 50 1894-

141 3855 405 69 Freemasonry
590 3857 59 52 in
692 3857 268 69 Virginia
1014 3856 363 69 (1733-1936)
1432 3858 299 70 including
1772 3878 31 33 a
1846 3878 186 35 résumé

70 3931 63 51 of
178 3933 94 51 the
358 3933 106 52 history
582 3934 63 52 of
692 3935 95 52 the
835 3934 201 54 Grand
1080 3934 186 69 lodge,
1316 3934 199 54 Grand
1562 3936 251 69 chapter,
1862 3935 199 55 Grand

69 4008 234 67 council,
337 4009 197 54 Grand
569 4012 399 67 commandery
1003 4012 112 51 and
1149 4013 94 52 the
1276 4012 70 53 A.
1383 4013 112 52 and
1528 4014 70 53 A.
1636 4013 250 55 Scottish
1921 4016 137 67 rite;
