2519 4377
1281 4116 133 49 1622

411 511 616 43 “Literaturverzeichnis”;
1097 523 43 38 p.
1180 512 218 43 163-164.

409 569 283 42 “Schriften
722 579 93 30 von
846 570 70 39 dr.
947 568 136 41 Fritz
1113 568 225 41 Künkel”;
1401 580 43 38 p.
1475 569 99 42 165.

339 640 2020 54 © Sept. 9, 1935; 1c. Aug. 18, 1936; A-Foreign 32812; Hippokrates-
410 701 183 49 verlag,
621 710 44 39 g.
690 710 61 31 m.
778 700 43 41 b.
850 699 46 43 h.
964 698 283 50 (36-30658)

337 806 87 53 La
447 806 258 63 Grange,
728 803 208 58 Helen.

412 881 242 69 Clipper
702 881 161 69 ships
908 880 65 54 of
1016 880 270 53 America
1330 881 114 53 and
1491 879 180 56 Great
1715 878 252 68 Britain,
2017 883 339 64 1833-1869;

340 960 141 55 with
523 959 384 70 thirty-seven
949 960 164 54 wood
1155 956 348 73 engravings
1543 959 61 53 in
1648 957 114 55 full
1802 958 155 55 color
1997 958 77 70 by
2116 958 244 70 Jacques

339 1040 84 54 La
451 1039 263 69 Grange;
743 1043 123 50 text
889 1039 77 68 by
992 1038 189 55 Helen
1207 1038 86 53 La
1318 1038 250 69 Grange.
1632 1037 154 56 Over
1814 1037 136 69 fifty
1979 1037 382 69 pen-and-ink

339 1118 294 69 drawings
662 1118 113 53 and
804 1117 168 69 plans
1001 1117 63 53 of
1094 1116 177 69 ships.
1332 1115 369 70 Appendices
1730 1116 64 53 of
1822 1116 283 54 technical
2137 1117 224 67 details,

339 1198 269 52 elements
632 1196 67 54 of
720 1196 173 53 naval
915 1195 382 54 architecture
1320 1196 114 53 and
1456 1195 97 53 the
1578 1200 89 48 art
1692 1194 64 53 of
1780 1194 421 70 shipbuilding,
2225 1213 136 51 spar

339 1273 367 69 dimensions,
732 1275 254 52 abstract
1008 1276 125 67 logs
1158 1273 112 55 and
1298 1273 163 58 other
1489 1272 267 55 features.
1819 1274 139 52 New
1985 1273 182 68 York,
2193 1272 69 56 G.
2292 1275 67 54 P.

339 1352 692 68 Putnam’s sons [ c 1936]
409 1439 65 49 xi,
503 1439 176 42 13-381
705 1450 44 38 p.
807 1440 87 41 col.
921 1439 166 49 front.,
1117 1439 145 49 illus.,
1291 1439 88 41 col.
1408 1439 173 49 plates.
1637 1439 57 40 26½
1727 1441 44 22 cm
1776 1471 9 9 .

410 1510 141 48 Maps
580 1521 61 30 on
668 1509 369 49 lining-papers.

410 1565 355 51 Bibliography;
824 1576 42 39 p.
896 1564 220 43 369-370.

338 1633 53 54 ©
423 1637 103 42 Oct.
558 1636 40 50 9,
631 1636 144 49 1936;
808 1635 68 42 2c.
911 1636 101 42 Oct.
1046 1635 82 48 12;
1166 1635 82 41 aff.
1283 1635 102 41 Oct.
1418 1634 82 49 10;
1535 1635 41 40 A
1606 1634 173 48 99277;
1815 1636 212 47 Jacques
2059 1636 71 38 La
2166 1635 196 47 Grange

411 1695 97 39 and
532 1694 158 40 Helen
714 1694 71 39 La
811 1693 206 49 Grange,
1043 1694 119 39 New
1186 1693 145 39 York.
1396 1691 282 50 (36-30014)

337 1797 238 54 Mabille
600 1798 72 52 de
697 1795 395 66 Poncheville,
1119 1796 223 64 André,
1371 1802 170 49 1886-

408 1915 58 12 ...
493 1873 551 69 Lille-en-Flandre,
1066 1891 107 51 par
1196 1872 72 54 A.
1292 1872 239 54 Mabille
1556 1873 70 52 de
1647 1871 371 55 Poncheville
2048 1914 57 11 ...
2170 1870 188 70 Paris,

332 1952 83 53 La
441 1952 385 54 Renaissance
853 1953 77 52 du
958 1952 164 68 livre,
1152 1953 153 52 1936.

402 2037 99 50 253,
533 2038 55 51 [3]
617 2049 44 38 p.
717 2038 164 48 front.,
910 2038 174 49 plates.
1140 2038 56 40 19
1201 2040 45 22 cm
1248 2070 9 9 .
1327 2037 256 50 (L’épopée
1613 2039 59 40 de
1698 2037 48 42 la
1774 2039 130 40 terre
1931 2038 60 40 de
2019 2036 215 49 France;
333 2036 2004 100 collection
533 2096 112 48 pub.
673 2106 114 31 sous
814 2096 46 40 la
887 2096 240 41 direction
1154 2098 57 39 de
1237 2096 115 41 José
1380 2095 257 50 Germain)

403 2164 427 50 “Bibliographie”;
889 2175 46 40 p.
972 2166 115 51 [254]

338 2234 1938 56 © May 25, 1936; 1c. July 6; A- Foreign 32233; Renaissance du livre.
419 2295 286 53 (36-30941)

337 2400 223 67 Makin,
589 2401 259 56 William
876 2402 222 64 James,
1130 2408 173 49 189T-

410 2479 125 53 Red
567 2497 95 37 sea
694 2497 135 50 spy;
865 2478 172 70 being
1068 2478 230 54 further
1332 2478 342 55 adventures
1709 2478 64 53 of
1806 2480 124 52 Red
1961 2478 173 55 Head
2167 2478 64 54 of
2263 2478 98 54 the

338 2557 124 53 Red
498 2576 110 49 sea,
642 2557 76 68 by
752 2556 265 56 William
1052 2559 56 54 J.
1144 2557 221 53 Makin.
1437 2557 261 67 London,
1733 2557 270 55 Jarrolds
2044 2560 174 66 [1936]

407 2645 87 40 275
526 2657 41 36 p.
629 2645 57 41 19
689 2647 45 21 cm
739 2676 9 9 .

339 2711 2019 53 © 1c. Nov. 7, 1936; A ad int. 21960; pubd. Sept. 17; W. J. Makin,
410 2772 213 41 London.
697 2771 284 51 (36-30332)

357 2877 125 54 [The
505 2876 274 67 Military
800 2877 300 68 engineer]

410 2955 122 53 The
559 2955 293 53 advanced
880 2954 268 69 engineer
1175 2957 249 52 manual.
1486 2957 98 51 4th
1612 2957 84 53 ed.
1761 2957 55 51 A
1842 2956 273 54 textbook
2142 2955 95 54 for
2262 2956 96 53 the

338 3033 248 53 Reserve
616 3032 229 54 officers’
880 3033 261 69 training
1174 3052 164 50 corps
1374 3035 112 52 and
1516 3036 231 67 general
1782 3034 268 68 engineer
2081 3034 275 69 training.

338 3111 382 69 Harrisburg,
765 3112 121 67 Pa.,
930 3111 122 53 The
1095 3112 268 69 Military
1407 3114 212 53 service
1677 3112 339 69 publishing
2077 3130 282 51 company

343 3192 173 64 [1936]

409 3263 1439 50 2 p. l., 327, 470 p. illus. (incl. maps) diagrs. 24 cm .
411 3319 135 41 First
576 3320 186 41 edition
793 3321 244 47 produced
1069 3321 80 40 for
1178 3321 83 41 the
1295 3321 225 48 Military
1551 3321 228 49 engineer
1811 3322 61 47 by
1905 3322 85 40 the
2024 3320 251 49 publisher
2307 3321 50 40 in

338 3375 129 42 1930.

341 3440 52 54 ©
425 3446 121 48 Aug.
580 3445 70 50 22,
686 3445 141 49 1936;
865 3445 68 43 2c.
968 3447 96 39 and
1096 3447 85 41 aff.
1213 3448 118 38 Nov.
1366 3446 53 49 2;
1456 3448 41 39 A
1531 3446 199 44 100210;
1770 3447 224 49 Military
2029 3447 188 41 service
2247 3446 111 50 pub.

410 3513 67 32 co.
541 3502 284 51 (36-30016)

337 3607 210 65 Miller,
575 3609 276 64 Joaquin,
884 3615 133 49 1841
1035 3611 216 53 ?-1913.

410 3685 255 68 Joaquin
701 3685 215 69 Miller,
954 3686 92 54 his
1088 3685 324 56 California
1455 3688 185 66 diary,
1680 3687 318 68 beginning
2037 3687 60 53 in
2139 3691 132 49 1855
2312 3688 46 50 &

340 3764 214 68 ending
593 3765 60 52 in
698 3763 135 55 1857;
904 3764 210 68 edited,
1156 3767 50 50 &
1250 3763 138 55 with
1433 3785 68 33 an
1547 3763 390 56 introduction
1978 3765 75 68 by
2095 3765 156 55 John
2298 3764 56 56 S.

340 3842 287 54 Richards
676 3886 56 10 ...
832 3842 234 69 Seattle,
1112 3843 65 53 F.
1221 3842 332 69 McCaffrey
1600 3850 58 47 at
1705 3844 87 53 his
1839 3845 297 67 Dogwood
2184 3862 173 49 press,

340 3923 150 51 1936.

409 4007 1383 50 6 p. l., 17-106 p. incl. front. (port.) facsims. 24 cm .
