2519 4377
1315 4124 100 54 720

438 516 291 43 References
754 518 79 40 for
858 518 266 41 statistical
1151 518 280 47 symbolism
1450 528 9 31 :
1484 527 43 39 p.
1552 518 158 41 26-27.

367 588 53 54 ©
448 592 114 48 Apr.
591 592 39 47 6,
660 590 118 42 1936
793 602 8 35 ;
833 591 68 40 2c.
933 592 113 47 May
1075 592 56 39 25
1150 602 8 36 ;
1191 591 82 40 aff.
1305 592 113 48 May
1447 591 55 41 27
1521 603 8 35 ;
1561 592 42 39 A
1630 591 147 41 95395
1793 603 9 37 ;
1832 593 61 40 H.
1925 595 63 38 M.
2020 593 212 47 Walker,
2262 595 118 39 New

438 649 144 40 York.
649 648 283 49 (36-11514)

368 753 196 63 Ward,
596 751 411 65 Christopher,
1039 756 171 50 1868-

441 828 95 57 Sir
573 828 268 55 Galahad
879 828 112 53 and
1029 828 162 54 other
1228 826 198 69 rimes;
1467 828 292 69 pass-keys
1799 832 56 49 to
1891 828 96 54 the
2026 829 242 68 classics,
2303 831 74 67 by

369 907 380 68 Christopher
771 906 184 55 Ward
973 924 11 50 ;
1011 906 325 54 illustrated
1363 907 74 68 by
1460 906 256 54 Richard
1741 908 233 68 Taylor.
2034 908 138 53 New
2200 909 179 69 York,

370 987 197 56 Simon
603 986 114 53 and
753 985 288 67 Schuster,
1078 989 151 50 1936.

473 1093 9 16 x,
511 1060 84 42 223
623 1072 45 38 p.
697 1060 111 40 incl.
835 1059 165 49 front.,
1029 1060 129 41 illus.
1213 1059 147 40 22½cm.

367 1129 53 53 ©
448 1134 114 47 May
590 1133 70 45 21,
686 1131 141 46 1936;
859 1132 66 40 2c.
956 1133 113 47 May
1097 1132 83 46 28;
1212 1131 82 41 aff.
1325 1133 114 47 May
1468 1132 82 46 27;
1584 1132 40 39 A
1653 1131 171 48 94672;
1857 1133 49 40 C.
1937 1133 164 47 Ward,
438 1133 1926 105 Wilmington,
570 1191 105 39 Del.
748 1189 283 48 (36-11582)

370 1292 220 65 [Webb,
618 1293 260 52 Herbert
906 1292 303 67 Hodgson]

436 1370 1943 68 The kitchen shower system for brides … [Toronto, Ont.,
364 1449 190 54 Acton
580 1448 338 69 publishing
943 1468 98 49 co.,
1068 1452 152 64 1936]

441 1521 632 51 [11] l. illus. 8½ × 16cm.
436 1581 184 41 Leaves
647 1580 26 39 2
702 1582 49 40 to
778 1580 54 40 11
861 1590 87 31 are
973 1590 225 39 coupons.

366 1649 2012 54 © 1c. May 11, 1936; A ad int. 21624; pubd. May 18; H. H. Webb,
435 1711 228 39 Toronto.

366 1814 251 66 Weelen,
643 1814 150 54 Jean
822 1812 289 55 Edmond.

436 1891 421 69 Rochambeau,
906 1890 193 53 father
1146 1890 113 53 and
1306 1909 129 42 son;
1485 1910 30 33 a
1563 1889 107 54 life
1716 1888 63 54 of
1824 1890 96 53 the
1966 1891 292 53 Maréchal
2307 1890 69 53 de

364 1969 421 70 Rochambeau,
812 1970 76 69 by
914 1970 447 56 Jean-Edmond
1389 1969 231 56 Weelen
1649 1970 113 53 and
1790 1970 94 53 the
1912 1971 247 54 Journal
2189 1969 64 55 of
2283 1971 96 52 the

364 2049 261 56 Vicomte
653 2050 69 53 de
750 2048 402 55 Rochambeau
1193 2048 280 69 (hitherto
1503 2048 414 69 unpublished)
1956 2049 314 55 translated
2305 2049 71 68 by

365 2130 305 53 Lawrence
697 2129 111 52 Lee
833 2127 140 55 with
1003 2147 32 34 a
1061 2126 232 70 preface
1318 2127 76 68 by
1422 2126 227 58 Gilbert
1676 2126 276 56 Chinard.
2029 2129 136 53 New
2197 2129 179 63 York,

364 2208 929 68 H. Holt and company [ c 1936]
436 2282 117 49 xvii,
591 2281 73 51 [1],
698 2280 87 43 285
818 2292 43 37 p.
920 2280 164 49 front.,
1119 2281 24 40 1
1180 2281 142 46 illus.,
1357 2281 171 47 plates,
1564 2282 166 48 ports.,
1764 2289 152 40 maps,
1950 2280 192 42 facsim.
2203 2282 116 42 22cm.

437 2340 131 41 “The
606 2348 106 31 war
749 2338 51 42 in
837 2338 253 48 America;
1130 2349 62 30 an
1231 2337 324 50 unpublished
1592 2338 196 49 journal
1838 2338 314 48 (1780-1783)
2197 2340 59 47 by
2296 2340 81 40 the

369 2397 214 42 Vicomte
615 2398 60 40 de
707 2396 401 42 Rochambeau”:
1142 2408 42 37 p.
1220 2396 251 50 [191]-285.

437 2454 266 44 “Sources”
722 2465 10 30 :
766 2465 43 39 p.
842 2454 217 42 187-189.

364 2523 53 53 ©
447 2528 114 47 May
590 2526 71 48 22,
691 2526 141 48 1936;
865 2527 67 40 2c.
964 2527 96 39 and
1092 2526 83 41 aff.
1208 2527 114 47 May
1352 2526 83 47 27;
1469 2527 41 38 A
1540 2525 171 48 95415;
1746 2527 169 47 Henry
1947 2527 120 40 Holt
2101 2527 36 40 &
2169 2536 82 37 co.,
2285 2526 90 42 inc.

446 2583 283 49 (36-11527)

364 2687 215 65 White,
605 2689 257 54 Terence
889 2688 311 64 Hanbury.

361 2762 1987 150 England have my bones, by T. H. White … London, Collins, 1936.
431 2916 85 42 357
545 2928 43 38 p.
650 2917 127 40 illus.
808 2916 133 49 (incl.
971 2917 177 49 music)
1186 2917 172 48 plates,
1390 2915 180 49 diagrs.
1631 2915 146 41 20½cm.

432 2976 67 38 “A
525 2976 122 39 book
675 2975 149 40 about
849 2976 82 39 the
958 2974 212 48 tangible
1198 2974 102 41 side
1328 2974 52 40 of
1403 2975 203 46 country
1636 2972 323 42 life.”—Pref.

363 3031 2010 53 © 1c. Apr. 27, 1936 ; A ad int. 21357 ; pubd. Mar. 5 ; T. H. White, Stowe,
432 3093 176 47 Bucks,
637 3093 239 47 England.
941 3090 282 50 (36-11262)

366 3195 258 65 Willard,
649 3195 288 54 Barbara.

431 3271 82 53 As
555 3271 94 52 far
689 3290 59 34 as
785 3270 60 53 in
886 3288 88 35 me
1014 3270 120 69 lies,
1172 3270 74 69 by
1289 3269 259 54 Barbara
1590 3268 267 56 Willard.
1936 3269 242 53 London
2244 3275 122 61 [etc.]

360 3350 64 51 T.
451 3349 211 53 Nelson
691 3351 45 50 &
762 3367 147 49 sons,
934 3349 103 53 ltd.
1072 3351 172 65 [1936]

432 3421 592 48 vii, 278 p.. 1 l. 19½cm.
362 3477 2010 53 © 1c. June 2, 1936; A ad int. 21481 ; pubd. Apr. 7 ; B. Willard, Richmond,
435 3539 193 49 Surrey,
664 3539 237 48 England.
971 3537 281 49 (36-11960)

363 3640 260 66 Willard,
648 3643 224 64 Harley
897 3641 277 65 Richard,
1204 3643 170 54 1875-

433 3718 1874 69 Algebra for college students [by] Harley R. Willard …
367 3798 2000 68 [ and] Noah R. Bryan … Chicago, Atlanta [etc.] Scott, Fores
361 3877 802 67 man and company [ c 1936]
435 3948 80 47 vii,
546 3949 85 41 383
662 3960 42 37 p.
764 3948 147 43 23½cm.

363 4001 53 54 ©
449 4008 114 44 May
594 4006 71 47 29,
698 4005 140 48 1936;
873 4007 66 40 2c.
974 4009 94 38 and
1102 4007 82 40 aff.
1220 4009 125 38 June
1380 4007 51 47 2;
1468 4008 39 38 A
1541 4006 170 42 95520:
1750 4007 147 47 Scott,
1932 4007 264 40 Foresman
2231 4008 36 39 &
2299 4018 68 30 co.

443 4062 282 48 (36-11542)
