<alto xmlns="http://www.loc.gov/standards/alto/ns-v3#" xmlns:xlink="http://www.w3.org/1999/xlink" xmlns:xsi="http://www.w3.org/2001/XMLSchema-instance" xsi:schemaLocation="http://www.loc.gov/standards/alto/ns-v3# http://www.loc.gov/alto/v3/alto-3-0.xsd"><Description>
<MeasurementUnit>pixel</MeasurementUnit>
<sourceImageInformation>
<fileName>1936_v33_Part1.pdf</fileName>
</sourceImageInformation>
<OCRProcessing ID="IdOcr">
<ocrProcessingStep>
<processingDateTime>2019-01-18</processingDateTime>
<processingSoftware>
<softwareCreator>ABBYY</softwareCreator>
<softwareName>ABBYY Recognition Server</softwareName>
<softwareVersion>4.0</softwareVersion>
</processingSoftware>
</ocrProcessingStep>
</OCRProcessing>
</Description>
<Styles>
<ParagraphStyle ID="StyleId-FFFFFFFF-FFFF-FFFF-FFFF-FFFFFFFFFFFF-" ALIGN="Left" LEFT="0." RIGHT="0." FIRSTLINE="0."/>
<ParagraphStyle ID="StyleId-51D50FAC-7A90-4D70-8A96-5EA9D46D1C8B-" ALIGN="Left" LEFT="0." RIGHT="0." FIRSTLINE="0." LINESPACE="7.699999809"/>
<ParagraphStyle ID="StyleId-6BC133E9-7DCB-43C3-8842-A67984A26405-" ALIGN="Block" LEFT="0." RIGHT="0." FIRSTLINE="-17." LINESPACE="8.340000153"/>
<ParagraphStyle ID="StyleId-3C3FF860-43E7-46A2-8934-48F305F6F0D6-" ALIGN="Left" LEFT="0." RIGHT="0." FIRSTLINE="-13." LINESPACE="11.06999969"/>
<ParagraphStyle ID="StyleId-19220C76-4F8A-4737-B38C-B5F5C17E6040-" ALIGN="Block" LEFT="0." RIGHT="0." FIRSTLINE="-13." LINESPACE="11.06999969"/>
<ParagraphStyle ID="StyleId-75A0D721-13ED-4F20-9002-B389EC48477D-" ALIGN="Left" LEFT="0." RIGHT="0." FIRSTLINE="0." LINESPACE="15.5"/>
<ParagraphStyle ID="StyleId-8A414184-C7A5-4AC7-9B88-7DA4DDE75922-" ALIGN="Left" LEFT="0." RIGHT="0." FIRSTLINE="0." LINESPACE="9.399999619"/>
<ParagraphStyle ID="StyleId-1A87970B-111C-4169-99A6-9412976F3C97-" ALIGN="Left" LEFT="0." RIGHT="0." FIRSTLINE="0." LINESPACE="10.5"/>
<ParagraphStyle ID="StyleId-72DB0571-5AE4-41FD-9E11-68C6AC4C437E-" ALIGN="Block" LEFT="0." RIGHT="0." FIRSTLINE="-17." LINESPACE="8.340000153"/>
<ParagraphStyle ID="StyleId-1AA43056-C388-4697-B10F-72FDAA38FAE1-" ALIGN="Center" LEFT="0." RIGHT="0." FIRSTLINE="0." LINESPACE="10.5"/>
</Styles>
<Layout>
<Page ID="Page1851" PHYSICAL_IMG_NR="1851" HEIGHT="4377" WIDTH="2519">
<TopMargin HEIGHT="422" WIDTH="2519" VPOS="0" HPOS="0">
</TopMargin>
<LeftMargin HEIGHT="3734" WIDTH="76" VPOS="422" HPOS="0">
</LeftMargin>
<RightMargin HEIGHT="3734" WIDTH="411" VPOS="422" HPOS="2108">
</RightMargin>
<BottomMargin HEIGHT="221" WIDTH="2519" VPOS="4156" HPOS="0">
</BottomMargin>
<PrintSpace HEIGHT="3734" WIDTH="2032" VPOS="422" HPOS="76">
<TextBlock ID="Page1851_Block1" HEIGHT="70" WIDTH="150" VPOS="4086" HPOS="1022" LANG="en-US" STYLEREFS="StyleId-AA5A83AE-7A61-48ED-99BF-B23561EB18A4-">
<TextLine HEIGHT="49" WIDTH="129" VPOS="4096" HPOS="1032">
<String CONTENT="1851" HEIGHT="49" WIDTH="129" VPOS="4096" HPOS="1032"/>
</TextLine>
</TextBlock>
<TextBlock ID="Page1851_Block2" HEIGHT="3630" WIDTH="2032" VPOS="422" HPOS="76" CS="1" STYLEREFS="StyleId-48728DC2-03FF-458D-87C4-4DFB4EA07E25-">
<TextLine HEIGHT="67" WIDTH="877" VPOS="433" HPOS="89" STYLEREFS="StyleId-C87961FA-A3EB-40CB-B814-74717440F39D-" LANG="fr">
<String CONTENT="McPherson," HEIGHT="64" WIDTH="375" VPOS="436" HPOS="89"/>
<SP HEIGHT="64" WIDTH="27" VPOS="436" HPOS="465"/>
<String CONTENT="William," HEIGHT="66" WIDTH="273" VPOS="433" HPOS="493"/>
<SP HEIGHT="57" WIDTH="30" VPOS="442" HPOS="767"/>
<String CONTENT="1864-" HEIGHT="50" WIDTH="168" VPOS="440" HPOS="798"/>
</TextLine>
<TextLine HEIGHT="70" WIDTH="1935" VPOS="524" HPOS="154" STYLEREFS="StyleId-2348DC58-683E-4CC4-8C50-FE88B3B635E3-">
<String LANG="fr" CONTENT="A" HEIGHT="52" WIDTH="56" VPOS="529" HPOS="154"/>
<SP HEIGHT="52" WIDTH="29" VPOS="529" HPOS="211"/>
<String LANG="fr" CONTENT="course" HEIGHT="36" WIDTH="194" VPOS="544" HPOS="241"/>
<SP HEIGHT="53" WIDTH="31" VPOS="526" HPOS="436"/>
<String LANG="en-US" CONTENT="in" HEIGHT="52" WIDTH="59" VPOS="526" HPOS="468"/>
<SP HEIGHT="49" WIDTH="33" VPOS="543" HPOS="528"/>
<String LANG="en-US" CONTENT="general" HEIGHT="66" WIDTH="230" VPOS="526" HPOS="562"/>
<SP HEIGHT="51" WIDTH="34" VPOS="526" HPOS="793"/>
<String LANG="en-US" CONTENT="chemistry," HEIGHT="68" WIDTH="323" VPOS="525" HPOS="828"/>
<SP HEIGHT="67" WIDTH="31" VPOS="526" HPOS="1152"/>
<String LANG="en-US" CONTENT="by" HEIGHT="68" WIDTH="73" VPOS="526" HPOS="1184"/>
<SP HEIGHT="67" WIDTH="31" VPOS="527" HPOS="1258"/>
<String LANG="fr" CONTENT="William" HEIGHT="57" WIDTH="259" VPOS="524" HPOS="1290"/>
<SP HEIGHT="51" WIDTH="34" VPOS="526" HPOS="1550"/>
<String LANG="fr" CONTENT="McPherson" HEIGHT="54" WIDTH="353" VPOS="525" HPOS="1585"/>
<SP HEIGHT="34" WIDTH="36" VPOS="543" HPOS="1939"/>
<String LANG="fr" CONTENT="and" HEIGHT="53" WIDTH="113" VPOS="525" HPOS="1976"/>
</TextLine>
<TextLine HEIGHT="68" WIDTH="2002" VPOS="603" HPOS="87" STYLEREFS="StyleId-2348DC58-683E-4CC4-8C50-FE88B3B635E3-" CS="1">
<String LANG="fr" CONTENT="William" HEIGHT="57" WIDTH="255" VPOS="603" HPOS="87"/>
<SP HEIGHT="52" WIDTH="30" VPOS="604" HPOS="343"/>
<String LANG="fr" CONTENT="Edwards" HEIGHT="54" WIDTH="284" VPOS="603" HPOS="374"/>
<SP HEIGHT="52" WIDTH="26" VPOS="604" HPOS="659"/>
<String LANG="en-US" CONTENT="Henderson" HEIGHT="52" WIDTH="339" VPOS="604" HPOS="686"/>
<SP HEIGHT="34" WIDTH="37" VPOS="622" HPOS="1026"/>
<String LANG="fr" CS="1" CONTENT="&#8230;"/>
<SP HEIGHT="49" WIDTH="76" VPOS="607" HPOS="1120"/>
<String LANG="fr" CONTENT="4th" HEIGHT="52" WIDTH="98" VPOS="604" HPOS="1197"/>
<SP HEIGHT="52" WIDTH="30" VPOS="604" HPOS="1296"/>
<String LANG="fr" CONTENT="ed." HEIGHT="53" WIDTH="84" VPOS="604" HPOS="1327"/>
<SP HEIGHT="52" WIDTH="75" VPOS="605" HPOS="1412"/>
<String LANG="fr" CONTENT="Boston," HEIGHT="66" WIDTH="234" VPOS="605" HPOS="1488"/>
<SP HEIGHT="68" WIDTH="30" VPOS="603" HPOS="1723"/>
<String LANG="fr" CONTENT="New" HEIGHT="54" WIDTH="138" VPOS="603" HPOS="1754"/>
<SP HEIGHT="53" WIDTH="31" VPOS="604" HPOS="1893"/>
<String LANG="fr" CONTENT="York" HEIGHT="54" WIDTH="164" VPOS="603" HPOS="1925"/>
</TextLine>
<TextLine HEIGHT="69" WIDTH="991" VPOS="681" HPOS="89" STYLEREFS="StyleId-2348DC58-683E-4CC4-8C50-FE88B3B635E3-" LANG="fr">
<String CONTENT="[etc.]" HEIGHT="63" WIDTH="137" VPOS="687" HPOS="89"/>
<SP HEIGHT="67" WIDTH="29" VPOS="682" HPOS="227"/>
<String CONTENT="Ginn" HEIGHT="55" WIDTH="156" VPOS="682" HPOS="257"/>
<SP HEIGHT="34" WIDTH="23" VPOS="700" HPOS="414"/>
<String CONTENT="and" HEIGHT="53" WIDTH="112" VPOS="681" HPOS="438"/>
<SP HEIGHT="53" WIDTH="23" VPOS="681" HPOS="551"/>
<String CONTENT="company" HEIGHT="49" WIDTH="281" VPOS="699" HPOS="575"/>
<SP HEIGHT="49" WIDTH="29" VPOS="700" HPOS="857"/>
<String CONTENT="[" HEIGHT="34" WIDTH="12" VPOS="715" HPOS="887"/>
<String STYLE="superscript" CONTENT="c" HEIGHT="22" WIDTH="18" VPOS="687" HPOS="905"/>
<String CONTENT="1936]" HEIGHT="65" WIDTH="151" VPOS="684" HPOS="929"/>
</TextLine>
<TextLine HEIGHT="51" WIDTH="1926" VPOS="752" HPOS="154" LANG="fr" CS="1">
<String CONTENT="viii," HEIGHT="48" WIDTH="100" VPOS="755" HPOS="154"/>
<SP HEIGHT="48" WIDTH="30" VPOS="755" HPOS="255"/>
<String CONTENT="751" HEIGHT="41" WIDTH="84" VPOS="754" HPOS="286"/>
<SP HEIGHT="49" WIDTH="29" VPOS="752" HPOS="371"/>
<String CS="1" CONTENT="(i." HEIGHT="49" WIDTH="55" VPOS="752" HPOS="401"/>
<SP HEIGHT="32" WIDTH="27" VPOS="763" HPOS="457"/>
<String CONTENT="e." HEIGHT="31" WIDTH="37" VPOS="763" HPOS="485"/>
<SP HEIGHT="40" WIDTH="30" VPOS="754" HPOS="523"/>
<String CONTENT="753)" HEIGHT="48" WIDTH="110" VPOS="753" HPOS="554"/>
<SP HEIGHT="49" WIDTH="38" VPOS="753" HPOS="665"/>
<String CONTENT="p." HEIGHT="39" WIDTH="41" VPOS="763" HPOS="704"/>
<SP HEIGHT="40" WIDTH="31" VPOS="752" HPOS="746"/>
<String CS="1" CONTENT="incl." HEIGHT="42" WIDTH="108" VPOS="752" HPOS="778"/>
<SP HEIGHT="40" WIDTH="30" VPOS="752" HPOS="887"/>
<String CONTENT="front.," HEIGHT="49" WIDTH="163" VPOS="752" HPOS="918"/>
<SP HEIGHT="49" WIDTH="32" VPOS="752" HPOS="1082"/>
<String CONTENT="illus.," HEIGHT="48" WIDTH="140" VPOS="752" HPOS="1115"/>
<SP HEIGHT="38" WIDTH="32" VPOS="765" HPOS="1256"/>
<String CONTENT="ports.," HEIGHT="47" WIDTH="163" VPOS="756" HPOS="1289"/>
<SP HEIGHT="47" WIDTH="32" VPOS="755" HPOS="1453"/>
<String CONTENT="diagrs." HEIGHT="49" WIDTH="176" VPOS="754" HPOS="1486"/>
<SP HEIGHT="40" WIDTH="74" VPOS="754" HPOS="1663"/>
<String CONTENT="2" HEIGHT="40" WIDTH="27" VPOS="754" HPOS="1738"/>
<SP HEIGHT="49" WIDTH="27" VPOS="754" HPOS="1766"/>
<String CONTENT="pl." HEIGHT="49" WIDTH="60" VPOS="754" HPOS="1794"/>
<SP HEIGHT="47" WIDTH="31" VPOS="754" HPOS="1855"/>
<String CONTENT="(1" HEIGHT="47" WIDTH="47" VPOS="754" HPOS="1887"/>
<SP HEIGHT="39" WIDTH="32" VPOS="757" HPOS="1935"/>
<String CONTENT="col.)" HEIGHT="48" WIDTH="112" VPOS="754" HPOS="1968"/>
</TextLine>
<TextLine HEIGHT="40" WIDTH="114" VPOS="811" HPOS="82" LANG="fr">
<String CONTENT="24" HEIGHT="40" WIDTH="56" VPOS="811" HPOS="82"/>
<String STYLE="superscript" CONTENT="cm" HEIGHT="23" WIDTH="45" VPOS="812" HPOS="140"/>
<String CONTENT="." HEIGHT="8" WIDTH="8" VPOS="843" HPOS="188"/>
</TextLine>
<TextLine HEIGHT="50" WIDTH="1075" VPOS="865" HPOS="156">
<String LANG="fr" CONTENT="Pages" HEIGHT="47" WIDTH="151" VPOS="868" HPOS="156"/>
<SP HEIGHT="40" WIDTH="24" VPOS="867" HPOS="308"/>
<String LANG="fr" CONTENT="203" HEIGHT="41" WIDTH="85" VPOS="866" HPOS="333"/>
<SP HEIGHT="41" WIDTH="26" VPOS="866" HPOS="419"/>
<String LANG="fr" CONTENT="and" HEIGHT="39" WIDTH="95" VPOS="868" HPOS="446"/>
<SP HEIGHT="41" WIDTH="26" VPOS="866" HPOS="542"/>
<String LANG="fr" CONTENT="204" HEIGHT="41" WIDTH="87" VPOS="866" HPOS="569"/>
<SP HEIGHT="40" WIDTH="25" VPOS="866" HPOS="657"/>
<String LANG="en-US" CONTENT="numbered" HEIGHT="41" WIDTH="261" VPOS="866" HPOS="683"/>
<SP HEIGHT="40" WIDTH="28" VPOS="867" HPOS="945"/>
<String LANG="fr" CONTENT="as" HEIGHT="31" WIDTH="54" VPOS="876" HPOS="974"/>
<SP HEIGHT="42" WIDTH="27" VPOS="865" HPOS="1029"/>
<String LANG="en-US" CONTENT="leaves." HEIGHT="42" WIDTH="174" VPOS="865" HPOS="1057"/>
</TextLine>
<TextLine HEIGHT="49" WIDTH="606" VPOS="923" HPOS="153" LANG="fr">
<String CONTENT="Table" HEIGHT="40" WIDTH="148" VPOS="924" HPOS="153"/>
<SP HEIGHT="31" WIDTH="29" VPOS="934" HPOS="302"/>
<String CONTENT="on" HEIGHT="30" WIDTH="60" VPOS="935" HPOS="332"/>
<SP HEIGHT="39" WIDTH="30" VPOS="924" HPOS="393"/>
<String CONTENT="lining-paper." HEIGHT="49" WIDTH="335" VPOS="923" HPOS="424"/>
</TextLine>
<TextLine HEIGHT="53" WIDTH="2001" VPOS="991" HPOS="87" LANG="fr" CS="1">
<String CONTENT="&#169;" HEIGHT="53" WIDTH="53" VPOS="991" HPOS="87"/>
<SP HEIGHT="53" WIDTH="29" VPOS="991" HPOS="141"/>
<String CONTENT="Nov." HEIGHT="39" WIDTH="117" VPOS="996" HPOS="171"/>
<SP HEIGHT="41" WIDTH="29" VPOS="994" HPOS="289"/>
<String CONTENT="3," HEIGHT="48" WIDTH="41" VPOS="994" HPOS="319"/>
<SP HEIGHT="47" WIDTH="30" VPOS="995" HPOS="361"/>
<String CS="1" CONTENT="1936;" HEIGHT="41" WIDTH="116" VPOS="993" HPOS="392"/>
<SP HEIGHT="47" WIDTH="32" VPOS="993" HPOS="534"/>
<String CONTENT="2c." HEIGHT="43" WIDTH="68" VPOS="993" HPOS="567"/>
<SP HEIGHT="41" WIDTH="32" VPOS="995" HPOS="636"/>
<String CONTENT="Dec." HEIGHT="39" WIDTH="110" VPOS="995" HPOS="669"/>
<SP HEIGHT="41" WIDTH="32" VPOS="993" HPOS="780"/>
<String CS="1" CONTENT="5;" HEIGHT="39" WIDTH="26" VPOS="993" HPOS="813"/>
<SP HEIGHT="35" WIDTH="35" VPOS="1004" HPOS="866"/>
<String CONTENT="aff." HEIGHT="39" WIDTH="81" VPOS="993" HPOS="902"/>
<SP HEIGHT="38" WIDTH="32" VPOS="995" HPOS="984"/>
<String CONTENT="Dec." HEIGHT="38" WIDTH="111" VPOS="995" HPOS="1017"/>
<SP HEIGHT="40" WIDTH="32" VPOS="993" HPOS="1129"/>
<String CS="1" CONTENT="7;" HEIGHT="39" WIDTH="26" VPOS="993" HPOS="1162"/>
<SP HEIGHT="46" WIDTH="32" VPOS="994" HPOS="1215"/>
<!-- cceid A6F29BBB-6E3A-1014-83DD-942C093A1DD9 --><String CONTENT="A" HEIGHT="38" WIDTH="39" VPOS="994" HPOS="1248"/>
<SP HEIGHT="39" WIDTH="31" VPOS="993" HPOS="1288"/>
<String CS="1" CONTENT="101134;" HEIGHT="40" WIDTH="175" VPOS="992" HPOS="1320"/>
<SP HEIGHT="45" WIDTH="35" VPOS="995" HPOS="1520"/>
<String CS="1" CONTENT="W." HEIGHT="7" WIDTH="7" VPOS="1027" HPOS="1620"/>
<SP HEIGHT="40" WIDTH="34" VPOS="994" HPOS="1628"/>
<String CONTENT="McPherson" HEIGHT="40" WIDTH="296" VPOS="992" HPOS="1663"/>
<SP HEIGHT="30" WIDTH="31" VPOS="1002" HPOS="1960"/>
<String CONTENT="and" HEIGHT="38" WIDTH="96" VPOS="993" HPOS="1992"/>
</TextLine>
<TextLine HEIGHT="50" WIDTH="1353" VPOS="1048" HPOS="158" CS="1">
<String LANG="fr" CONTENT="William" HEIGHT="40" WIDTH="213" VPOS="1052" HPOS="158"/>
<SP HEIGHT="38" WIDTH="25" VPOS="1053" HPOS="372"/>
<String LANG="fr" CONTENT="E." HEIGHT="39" WIDTH="51" VPOS="1053" HPOS="398"/>
<SP HEIGHT="40" WIDTH="24" VPOS="1052" HPOS="450"/>
<String LANG="en-US" CONTENT="Henderson," HEIGHT="48" WIDTH="302" VPOS="1050" HPOS="475"/>
<SP HEIGHT="47" WIDTH="27" VPOS="1051" HPOS="778"/>
<String LANG="en-US" CONTENT="Columbus," HEIGHT="48" WIDTH="273" VPOS="1049" HPOS="806"/>
<SP HEIGHT="47" WIDTH="27" VPOS="1050" HPOS="1080"/>
<String LANG="fr" CONTENT="O." HEIGHT="40" WIDTH="51" VPOS="1050" HPOS="1108"/>
<SP HEIGHT="48" WIDTH="69" VPOS="1049" HPOS="1160"/>
<String LANG="fr" CONTENT="(36-35950)" HEIGHT="49" WIDTH="281" VPOS="1048" HPOS="1230"/>
<SP/>
</TextLine>
<TextLine HEIGHT="65" WIDTH="979" VPOS="1156" HPOS="87" LANG="fr">
<String CONTENT="Marks," HEIGHT="63" WIDTH="221" VPOS="1158" HPOS="87"/>
<SP HEIGHT="63" WIDTH="27" VPOS="1158" HPOS="309"/>
<String CONTENT="Henry" HEIGHT="63" WIDTH="205" VPOS="1158" HPOS="337"/>
<SP HEIGHT="64" WIDTH="23" VPOS="1157" HPOS="543"/>
<String CONTENT="Kingdon," HEIGHT="64" WIDTH="295" VPOS="1156" HPOS="567"/>
<SP HEIGHT="56" WIDTH="31" VPOS="1164" HPOS="863"/>
<String CONTENT="1883-" HEIGHT="50" WIDTH="171" VPOS="1161" HPOS="895"/>
</TextLine>
<TextLine HEIGHT="69" WIDTH="1934" VPOS="1245" HPOS="155" CS="1">
<String LANG="en-US" CONTENT="Jew&#8217;s-harp," HEIGHT="68" WIDTH="362" VPOS="1245" HPOS="155"/>
<SP HEIGHT="66" WIDTH="46" VPOS="1245" HPOS="518"/>
<String LANG="en-US" CONTENT="by" HEIGHT="68" WIDTH="76" VPOS="1245" HPOS="565"/>
<SP HEIGHT="67" WIDTH="46" VPOS="1246" HPOS="642"/>
<String LANG="fr" CONTENT="Henry" HEIGHT="68" WIDTH="204" VPOS="1246" HPOS="689"/>
<SP HEIGHT="68" WIDTH="47" VPOS="1246" HPOS="894"/>
<String LANG="fr" CONTENT="K." HEIGHT="52" WIDTH="72" VPOS="1246" HPOS="942"/>
<SP HEIGHT="51" WIDTH="48" VPOS="1247" HPOS="1015"/>
<String LANG="fr" CONTENT="Marks" HEIGHT="53" WIDTH="199" VPOS="1245" HPOS="1064"/>
<SP HEIGHT="33" WIDTH="53" VPOS="1266" HPOS="1264"/>
<String LANG="fr" CS="1" CONTENT="&#8230;"/>
<SP HEIGHT="51" WIDTH="78" VPOS="1247" HPOS="1374"/>
<String LANG="fr" CONTENT="London," HEIGHT="67" WIDTH="259" VPOS="1245" HPOS="1453"/>
<SP HEIGHT="64" WIDTH="46" VPOS="1248" HPOS="1713"/>
<String LANG="fr" CONTENT="P." HEIGHT="52" WIDTH="65" VPOS="1248" HPOS="1760"/>
<SP HEIGHT="52" WIDTH="49" VPOS="1248" HPOS="1826"/>
<String LANG="en-US" CONTENT="Davies" HEIGHT="53" WIDTH="213" VPOS="1247" HPOS="1876"/>
</TextLine>
<TextLine HEIGHT="66" WIDTH="172" VPOS="1329" HPOS="90" LANG="fr">
<String CONTENT="[1936]" HEIGHT="66" WIDTH="172" VPOS="1329" HPOS="90"/>
</TextLine>
<TextLine HEIGHT="50" WIDTH="338" VPOS="1398" HPOS="155" LANG="fr" CS="1">
<String CONTENT="319" HEIGHT="41" WIDTH="89" VPOS="1399" HPOS="155"/>
<SP HEIGHT="49" WIDTH="27" VPOS="1399" HPOS="245"/>
<String CONTENT="p." HEIGHT="38" WIDTH="43" VPOS="1410" HPOS="273"/>
<SP HEIGHT="41" WIDTH="59" VPOS="1399" HPOS="317"/>
<String CS="1" CONTENT="19cm." HEIGHT="42" WIDTH="116" VPOS="1398" HPOS="377"/>
</TextLine>
<TextLine HEIGHT="53" WIDTH="1945" VPOS="1466" HPOS="89" LANG="fr" CS="1">
<String CONTENT="&#169;" HEIGHT="53" WIDTH="52" VPOS="1466" HPOS="89"/>
<SP/>
<String CS="1" CONTENT="1c."/>
<SP HEIGHT="38" WIDTH="28" VPOS="1471" HPOS="231"/>
<String CONTENT="Dec." HEIGHT="38" WIDTH="110" VPOS="1471" HPOS="260"/>
<SP HEIGHT="38" WIDTH="25" VPOS="1469" HPOS="371"/>
<String CONTENT="2," HEIGHT="44" WIDTH="41" VPOS="1469" HPOS="397"/>
<SP HEIGHT="44" WIDTH="25" VPOS="1469" HPOS="439"/>
<String CONTENT="1936;" HEIGHT="48" WIDTH="139" VPOS="1467" HPOS="465"/>
<SP HEIGHT="46" WIDTH="30" VPOS="1469" HPOS="605"/>
<!-- cceid A6F2B322-6E3A-1014-83DD-942C093A1DD9 --><String CONTENT="A" HEIGHT="38" WIDTH="39" VPOS="1469" HPOS="636"/>
<SP HEIGHT="38" WIDTH="24" VPOS="1469" HPOS="676"/>
<String CONTENT="ad" HEIGHT="40" WIDTH="61" VPOS="1467" HPOS="701"/>
<SP HEIGHT="40" WIDTH="26" VPOS="1467" HPOS="763"/>
<String CONTENT="int." HEIGHT="40" WIDTH="86" VPOS="1467" HPOS="790"/>
<SP HEIGHT="41" WIDTH="23" VPOS="1466" HPOS="877"/>
<String CONTENT="22171;" HEIGHT="42" WIDTH="171" VPOS="1466" HPOS="901"/>
<SP HEIGHT="38" WIDTH="28" VPOS="1476" HPOS="1073"/>
<String CONTENT="pubd." HEIGHT="48" WIDTH="142" VPOS="1466" HPOS="1102"/>
<SP HEIGHT="41" WIDTH="28" VPOS="1466" HPOS="1245"/>
<String CONTENT="Oct." HEIGHT="41" WIDTH="101" VPOS="1466" HPOS="1274"/>
<SP HEIGHT="39" WIDTH="28" VPOS="1466" HPOS="1376"/>
<String CS="1" CONTENT="5;" HEIGHT="39" WIDTH="26" VPOS="1466" HPOS="1405"/>
<SP HEIGHT="41" WIDTH="30" VPOS="1467" HPOS="1457"/>
<String CONTENT="H." HEIGHT="40" WIDTH="59" VPOS="1467" HPOS="1488"/>
<SP HEIGHT="40" WIDTH="30" VPOS="1467" HPOS="1548"/>
<String CONTENT="K." HEIGHT="40" WIDTH="56" VPOS="1467" HPOS="1579"/>
<SP HEIGHT="39" WIDTH="29" VPOS="1468" HPOS="1636"/>
<String CONTENT="Marks," HEIGHT="48" WIDTH="182" VPOS="1467" HPOS="1666"/>
<SP HEIGHT="47" WIDTH="28" VPOS="1468" HPOS="1849"/>
<String CONTENT="Paris." HEIGHT="39" WIDTH="156" VPOS="1467" HPOS="1878"/>
</TextLine>
<TextLine HEIGHT="50" WIDTH="222" VPOS="1525" HPOS="168" LANG="fr">
<String CONTENT="(37-111)" HEIGHT="50" WIDTH="222" VPOS="1525" HPOS="168"/>
</TextLine>
<TextLine HEIGHT="64" WIDTH="478" VPOS="1632" HPOS="86" STYLEREFS="StyleId-C87961FA-A3EB-40CB-B814-74717440F39D-" LANG="fr">
<String CONTENT="Martin," HEIGHT="63" WIDTH="241" VPOS="1633" HPOS="86"/>
<SP HEIGHT="63" WIDTH="31" VPOS="1633" HPOS="328"/>
<String CONTENT="Henri." HEIGHT="53" WIDTH="204" VPOS="1632" HPOS="360"/>
</TextLine>
<TextLine HEIGHT="66" WIDTH="1931" VPOS="1721" HPOS="158" STYLEREFS="StyleId-2348DC58-683E-4CC4-8C50-FE88B3B635E3-" LANG="fr">
<String CONTENT="Le" HEIGHT="52" WIDTH="78" VPOS="1725" HPOS="158"/>
<SP HEIGHT="53" WIDTH="49" VPOS="1724" HPOS="237"/>
<String CONTENT="Vieil-Armand," HEIGHT="65" WIDTH="463" VPOS="1722" HPOS="287"/>
<SP HEIGHT="61" WIDTH="52" VPOS="1726" HPOS="751"/>
<String CONTENT="1915," HEIGHT="62" WIDTH="151" VPOS="1725" HPOS="804"/>
<SP HEIGHT="47" WIDTH="49" VPOS="1740" HPOS="956"/>
<String CONTENT="par" HEIGHT="47" WIDTH="105" VPOS="1740" HPOS="1006"/>
<SP HEIGHT="52" WIDTH="47" VPOS="1722" HPOS="1112"/>
<String CONTENT="Henri" HEIGHT="52" WIDTH="185" VPOS="1722" HPOS="1160"/>
<SP HEIGHT="51" WIDTH="50" VPOS="1722" HPOS="1346"/>
<String CONTENT="Martin." HEIGHT="53" WIDTH="235" VPOS="1721" HPOS="1397"/>
<SP HEIGHT="51" WIDTH="86" VPOS="1724" HPOS="1633"/>
<String CONTENT="Pr&#233;face" HEIGHT="53" WIDTH="241" VPOS="1722" HPOS="1720"/>
<SP HEIGHT="52" WIDTH="50" VPOS="1723" HPOS="1962"/>
<String CONTENT="du" HEIGHT="52" WIDTH="76" VPOS="1723" HPOS="2013"/>
</TextLine>
<TextLine HEIGHT="72" WIDTH="2004" VPOS="1796" HPOS="88" STYLEREFS="StyleId-2348DC58-683E-4CC4-8C50-FE88B3B635E3-" LANG="fr">
<String CONTENT="g&#233;n&#233;ral" HEIGHT="67" WIDTH="228" VPOS="1801" HPOS="88"/>
<SP HEIGHT="51" WIDTH="33" VPOS="1801" HPOS="317"/>
<String CONTENT="Tabouis." HEIGHT="53" WIDTH="264" VPOS="1800" HPOS="351"/>
<SP HEIGHT="52" WIDTH="73" VPOS="1801" HPOS="616"/>
<String CONTENT="Avec" HEIGHT="51" WIDTH="153" VPOS="1801" HPOS="690"/>
<SP HEIGHT="34" WIDTH="34" VPOS="1817" HPOS="844"/>
<String CONTENT="croquis" HEIGHT="66" WIDTH="222" VPOS="1800" HPOS="879"/>
<SP HEIGHT="34" WIDTH="33" VPOS="1817" HPOS="1102"/>
<String CONTENT="et" HEIGHT="47" WIDTH="52" VPOS="1804" HPOS="1136"/>
<SP HEIGHT="54" WIDTH="31" VPOS="1797" HPOS="1189"/>
<String CONTENT="dessins" HEIGHT="55" WIDTH="217" VPOS="1796" HPOS="1221"/>
<SP HEIGHT="52" WIDTH="33" VPOS="1799" HPOS="1439"/>
<String CONTENT="de" HEIGHT="52" WIDTH="68" VPOS="1799" HPOS="1473"/>
<SP HEIGHT="52" WIDTH="34" VPOS="1799" HPOS="1542"/>
<String CONTENT="l&#8217;auteur." HEIGHT="54" WIDTH="256" VPOS="1798" HPOS="1577"/>
<SP HEIGHT="52" WIDTH="72" VPOS="1801" HPOS="1834"/>
<String CONTENT="Paris," HEIGHT="68" WIDTH="185" VPOS="1800" HPOS="1907"/>
</TextLine>
<TextLine HEIGHT="65" WIDTH="385" VPOS="1881" HPOS="88" STYLEREFS="StyleId-2348DC58-683E-4CC4-8C50-FE88B3B635E3-" LANG="fr">
<String CONTENT="Payot," HEIGHT="64" WIDTH="204" VPOS="1882" HPOS="88"/>
<SP HEIGHT="63" WIDTH="28" VPOS="1883" HPOS="293"/>
<String CONTENT="1936." HEIGHT="52" WIDTH="151" VPOS="1881" HPOS="322"/>
</TextLine>
<TextLine HEIGHT="49" WIDTH="1933" VPOS="1949" HPOS="161" LANG="fr">
<String CONTENT="1" HEIGHT="37" WIDTH="24" VPOS="1954" HPOS="161"/>
<SP HEIGHT="37" WIDTH="39" VPOS="1954" HPOS="186"/>
<String CONTENT="y." HEIGHT="27" WIDTH="40" VPOS="1963" HPOS="226"/>
<SP HEIGHT="47" WIDTH="70" VPOS="1951" HPOS="267"/>
<String CONTENT="(Collection" HEIGHT="47" WIDTH="289" VPOS="1951" HPOS="338"/>
<SP HEIGHT="39" WIDTH="41" VPOS="1950" HPOS="628"/>
<String CONTENT="de" HEIGHT="41" WIDTH="59" VPOS="1950" HPOS="670"/>
<SP HEIGHT="31" WIDTH="39" VPOS="1960" HPOS="730"/>
<String CONTENT="m&#233;moires," HEIGHT="44" WIDTH="266" VPOS="1949" HPOS="770"/>
<SP HEIGHT="44" WIDTH="43" VPOS="1949" HPOS="1037"/>
<String CONTENT="&#233;tudes" HEIGHT="40" WIDTH="169" VPOS="1949" HPOS="1081"/>
<SP HEIGHT="30" WIDTH="40" VPOS="1959" HPOS="1251"/>
<String CONTENT="et" HEIGHT="36" WIDTH="46" VPOS="1953" HPOS="1292"/>
<SP HEIGHT="40" WIDTH="41" VPOS="1949" HPOS="1339"/>
<String CONTENT="documents" HEIGHT="40" WIDTH="282" VPOS="1949" HPOS="1381"/>
<SP HEIGHT="38" WIDTH="38" VPOS="1959" HPOS="1664"/>
<String CONTENT="pour" HEIGHT="38" WIDTH="122" VPOS="1959" HPOS="1703"/>
<SP HEIGHT="28" WIDTH="41" VPOS="1959" HPOS="1826"/>
<String CONTENT="servir" HEIGHT="39" WIDTH="157" VPOS="1950" HPOS="1868"/>
<SP HEIGHT="39" WIDTH="38" VPOS="1952" HPOS="2026"/>
<String CONTENT="&#224;" HEIGHT="39" WIDTH="29" VPOS="1952" HPOS="2065"/>
</TextLine>
<TextLine HEIGHT="48" WIDTH="863" VPOS="2006" HPOS="123" LANG="fr" CS="1">
<String CS="1" CONTENT="l'histoire" HEIGHT="40" WIDTH="204" VPOS="2009" HPOS="123"/>
<SP HEIGHT="39" WIDTH="26" VPOS="2008" HPOS="328"/>
<String CONTENT="de" HEIGHT="39" WIDTH="57" VPOS="2008" HPOS="355"/>
<SP HEIGHT="40" WIDTH="26" VPOS="2007" HPOS="413"/>
<String CONTENT="la" HEIGHT="40" WIDTH="45" VPOS="2007" HPOS="440"/>
<SP HEIGHT="36" WIDTH="30" VPOS="2018" HPOS="486"/>
<String CONTENT="guerre" HEIGHT="38" WIDTH="174" VPOS="2016" HPOS="517"/>
<SP HEIGHT="31" WIDTH="26" VPOS="2016" HPOS="692"/>
<String CONTENT="mondiale)" HEIGHT="48" WIDTH="267" VPOS="2006" HPOS="719"/>
</TextLine>
<TextLine HEIGHT="54" WIDTH="1567" VPOS="2075" HPOS="90" LANG="fr" CS="1">
<String CONTENT="&#169;" HEIGHT="53" WIDTH="53" VPOS="2076" HPOS="90"/>
<SP HEIGHT="53" WIDTH="29" VPOS="2076" HPOS="144"/>
<String CONTENT="Mar." HEIGHT="40" WIDTH="121" VPOS="2081" HPOS="174"/>
<SP HEIGHT="43" WIDTH="25" VPOS="2078" HPOS="296"/>
<String CONTENT="20," HEIGHT="50" WIDTH="69" VPOS="2078" HPOS="322"/>
<SP HEIGHT="48" WIDTH="28" VPOS="2080" HPOS="392"/>
<String CONTENT="1936;" HEIGHT="44" WIDTH="139" VPOS="2077" HPOS="421"/>
<SP/>
<String CS="1" CONTENT="1c."/>
<SP HEIGHT="39" WIDTH="29" VPOS="2079" HPOS="660"/>
<String CONTENT="May" HEIGHT="45" WIDTH="113" VPOS="2079" HPOS="690"/>
<SP HEIGHT="47" WIDTH="27" VPOS="2077" HPOS="804"/>
<String CONTENT="14;" HEIGHT="47" WIDTH="82" VPOS="2077" HPOS="832"/>
<SP HEIGHT="46" WIDTH="30" VPOS="2078" HPOS="915"/>
<!-- cceid A6F2CA7D-6E3A-1014-83DD-942C093A1DD9 --><String CONTENT="A-" HEIGHT="38" WIDTH="102" VPOS="2078" HPOS="946"/>
<String LANG="en-US" CONTENT="Foreign" HEIGHT="47" WIDTH="207" VPOS="2076" HPOS="1050"/>
<SP HEIGHT="40" WIDTH="26" VPOS="2076" HPOS="1258"/>
<String CONTENT="31813;" HEIGHT="48" WIDTH="172" VPOS="2075" HPOS="1285"/>
<SP HEIGHT="46" WIDTH="29" VPOS="2077" HPOS="1458"/>
<String CONTENT="Payot." HEIGHT="46" WIDTH="169" VPOS="2077" HPOS="1488"/>
</TextLine>
<TextLine HEIGHT="67" WIDTH="1540" VPOS="2181" HPOS="90" STYLEREFS="StyleId-2348DC58-683E-4CC4-8C50-FE88B3B635E3-">
<String LANG="fr" CONTENT="Mawson," HEIGHT="63" WIDTH="280" VPOS="2185" HPOS="90"/>
<SP HEIGHT="65" WIDTH="30" VPOS="2183" HPOS="371"/>
<String LANG="fr" CONTENT="Christopher" HEIGHT="64" WIDTH="390" VPOS="2182" HPOS="402"/>
<SP HEIGHT="53" WIDTH="27" VPOS="2182" HPOS="793"/>
<String LANG="fr" CONTENT="Orlando" HEIGHT="53" WIDTH="257" VPOS="2182" HPOS="821"/>
<SP HEIGHT="53" WIDTH="26" VPOS="2182" HPOS="1079"/>
<String LANG="en-US" CONTENT="Sylvester," HEIGHT="65" WIDTH="323" VPOS="2181" HPOS="1106"/>
<SP HEIGHT="58" WIDTH="28" VPOS="2188" HPOS="1430"/>
<String LANG="fr" CONTENT="1870-" HEIGHT="53" WIDTH="171" VPOS="2184" HPOS="1459"/>
</TextLine>
<TextLine HEIGHT="74" WIDTH="1935" VPOS="2268" HPOS="157" STYLEREFS="StyleId-2348DC58-683E-4CC4-8C50-FE88B3B635E3-" LANG="en-US">
<String CONTENT="Roget&#8217;s" HEIGHT="70" WIDTH="231" VPOS="2272" HPOS="157"/>
<SP HEIGHT="54" WIDTH="40" VPOS="2272" HPOS="389"/>
<String CONTENT="Thesaurus" HEIGHT="54" WIDTH="325" VPOS="2272" HPOS="430"/>
<SP HEIGHT="36" WIDTH="42" VPOS="2290" HPOS="756"/>
<String CONTENT="of" HEIGHT="54" WIDTH="64" VPOS="2271" HPOS="799"/>
<SP HEIGHT="53" WIDTH="39" VPOS="2271" HPOS="864"/>
<String CONTENT="the" HEIGHT="53" WIDTH="96" VPOS="2271" HPOS="904"/>
<SP HEIGHT="53" WIDTH="43" VPOS="2271" HPOS="1001"/>
<String CONTENT="English" HEIGHT="70" WIDTH="247" VPOS="2270" HPOS="1045"/>
<SP HEIGHT="53" WIDTH="41" VPOS="2270" HPOS="1293"/>
<String CONTENT="language" HEIGHT="69" WIDTH="283" VPOS="2271" HPOS="1335"/>
<SP HEIGHT="56" WIDTH="43" VPOS="2268" HPOS="1619"/>
<String CONTENT="in" HEIGHT="56" WIDTH="61" VPOS="2268" HPOS="1663"/>
<SP HEIGHT="53" WIDTH="41" VPOS="2271" HPOS="1725"/>
<String CONTENT="dictionary" HEIGHT="70" WIDTH="325" VPOS="2271" HPOS="1767"/>
</TextLine>
<TextLine HEIGHT="73" WIDTH="2001" VPOS="2347" HPOS="91" STYLEREFS="StyleId-2348DC58-683E-4CC4-8C50-FE88B3B635E3-" LANG="en-US">
<String CONTENT="form;" HEIGHT="68" WIDTH="180" VPOS="2350" HPOS="91"/>
<SP HEIGHT="68" WIDTH="36" VPOS="2350" HPOS="272"/>
<String CONTENT="being" HEIGHT="70" WIDTH="173" VPOS="2350" HPOS="309"/>
<SP HEIGHT="51" WIDTH="33" VPOS="2369" HPOS="483"/>
<String CONTENT="a" HEIGHT="34" WIDTH="31" VPOS="2369" HPOS="517"/>
<SP HEIGHT="50" WIDTH="35" VPOS="2368" HPOS="549"/>
<String CONTENT="presentation" HEIGHT="71" WIDTH="390" VPOS="2347" HPOS="585"/>
<SP HEIGHT="35" WIDTH="35" VPOS="2367" HPOS="976"/>
<String CONTENT="of" HEIGHT="54" WIDTH="64" VPOS="2348" HPOS="1012"/>
<SP HEIGHT="53" WIDTH="35" VPOS="2348" HPOS="1077"/>
<String CONTENT="Roget&#8217;s" HEIGHT="70" WIDTH="231" VPOS="2348" HPOS="1113"/>
<SP HEIGHT="53" WIDTH="34" VPOS="2349" HPOS="1345"/>
<String CONTENT="Thesaurus" HEIGHT="55" WIDTH="325" VPOS="2348" HPOS="1380"/>
<SP HEIGHT="36" WIDTH="35" VPOS="2367" HPOS="1706"/>
<String CONTENT="of" HEIGHT="54" WIDTH="65" VPOS="2348" HPOS="1742"/>
<SP HEIGHT="54" WIDTH="35" VPOS="2348" HPOS="1808"/>
<String CONTENT="English" HEIGHT="69" WIDTH="248" VPOS="2349" HPOS="1844"/>
</TextLine>
<TextLine HEIGHT="70" WIDTH="2004" VPOS="2426" HPOS="90" STYLEREFS="StyleId-2348DC58-683E-4CC4-8C50-FE88B3B635E3-" LANG="en-US">
<String CONTENT="words" HEIGHT="53" WIDTH="183" VPOS="2429" HPOS="90"/>
<SP HEIGHT="34" WIDTH="33" VPOS="2447" HPOS="274"/>
<String CONTENT="and" HEIGHT="52" WIDTH="113" VPOS="2429" HPOS="308"/>
<SP HEIGHT="67" WIDTH="32" VPOS="2429" HPOS="422"/>
<String CONTENT="phrases" HEIGHT="68" WIDTH="235" VPOS="2428" HPOS="455"/>
<SP HEIGHT="54" WIDTH="28" VPOS="2427" HPOS="691"/>
<String CONTENT="in" HEIGHT="54" WIDTH="60" VPOS="2427" HPOS="720"/>
<SP HEIGHT="35" WIDTH="32" VPOS="2446" HPOS="781"/>
<String CONTENT="a" HEIGHT="34" WIDTH="34" VPOS="2446" HPOS="814"/>
<SP HEIGHT="34" WIDTH="28" VPOS="2446" HPOS="849"/>
<String CONTENT="modernized," HEIGHT="68" WIDTH="383" VPOS="2426" HPOS="878"/>
<SP HEIGHT="49" WIDTH="28" VPOS="2445" HPOS="1262"/>
<String CONTENT="more" HEIGHT="36" WIDTH="157" VPOS="2444" HPOS="1291"/>
<SP HEIGHT="35" WIDTH="30" VPOS="2445" HPOS="1449"/>
<String CONTENT="complete" HEIGHT="67" WIDTH="275" VPOS="2428" HPOS="1480"/>
<SP HEIGHT="35" WIDTH="34" VPOS="2445" HPOS="1756"/>
<String CONTENT="and" HEIGHT="53" WIDTH="113" VPOS="2428" HPOS="1791"/>
<SP HEIGHT="53" WIDTH="31" VPOS="2428" HPOS="1905"/>
<String CONTENT="more" HEIGHT="36" WIDTH="157" VPOS="2445" HPOS="1937"/>
</TextLine>
<TextLine HEIGHT="70" WIDTH="2006" VPOS="2504" HPOS="87" STYLEREFS="StyleId-2348DC58-683E-4CC4-8C50-FE88B3B635E3-" LANG="en-US">
<String CONTENT="convenient" HEIGHT="54" WIDTH="337" VPOS="2505" HPOS="87"/>
<SP HEIGHT="52" WIDTH="26" VPOS="2506" HPOS="425"/>
<String CONTENT="dictionary" HEIGHT="69" WIDTH="324" VPOS="2505" HPOS="452"/>
<SP HEIGHT="70" WIDTH="33" VPOS="2504" HPOS="777"/>
<String CONTENT="form," HEIGHT="68" WIDTH="171" VPOS="2504" HPOS="811"/>
<SP HEIGHT="63" WIDTH="30" VPOS="2509" HPOS="983"/>
<String CONTENT="together" HEIGHT="70" WIDTH="260" VPOS="2504" HPOS="1014"/>
<SP HEIGHT="34" WIDTH="30" VPOS="2523" HPOS="1275"/>
<String CONTENT="with" HEIGHT="53" WIDTH="141" VPOS="2504" HPOS="1306"/>
<SP HEIGHT="53" WIDTH="31" VPOS="2504" HPOS="1448"/>
<String CONTENT="briefer" HEIGHT="53" WIDTH="218" VPOS="2504" HPOS="1480"/>
<SP HEIGHT="35" WIDTH="30" VPOS="2523" HPOS="1699"/>
<String CONTENT="synonymies" HEIGHT="70" WIDTH="363" VPOS="2504" HPOS="1730"/>
</TextLine>
<TextLine HEIGHT="71" WIDTH="2001" VPOS="2581" HPOS="91" STYLEREFS="StyleId-2348DC58-683E-4CC4-8C50-FE88B3B635E3-" LANG="en-US">
<String CONTENT="for" HEIGHT="53" WIDTH="93" VPOS="2583" HPOS="91"/>
<SP HEIGHT="47" WIDTH="32" VPOS="2589" HPOS="185"/>
<String CONTENT="the" HEIGHT="53" WIDTH="95" VPOS="2584" HPOS="218"/>
<SP HEIGHT="54" WIDTH="32" VPOS="2583" HPOS="314"/>
<String CONTENT="busy" HEIGHT="69" WIDTH="143" VPOS="2583" HPOS="347"/>
<SP HEIGHT="51" WIDTH="32" VPOS="2601" HPOS="491"/>
<String CONTENT="writer," HEIGHT="67" WIDTH="212" VPOS="2583" HPOS="524"/>
<SP HEIGHT="62" WIDTH="32" VPOS="2588" HPOS="737"/>
<String CONTENT="the" HEIGHT="53" WIDTH="98" VPOS="2583" HPOS="770"/>
<SP HEIGHT="34" WIDTH="29" VPOS="2601" HPOS="869"/>
<String CONTENT="whole" HEIGHT="52" WIDTH="183" VPOS="2583" HPOS="899"/>
<SP HEIGHT="34" WIDTH="32" VPOS="2601" HPOS="1083"/>
<String CONTENT="comprised" HEIGHT="69" WIDTH="319" VPOS="2581" HPOS="1116"/>
<SP HEIGHT="54" WIDTH="33" VPOS="2581" HPOS="1436"/>
<String CONTENT="in" HEIGHT="54" WIDTH="61" VPOS="2581" HPOS="1470"/>
<SP HEIGHT="35" WIDTH="35" VPOS="2601" HPOS="1532"/>
<String CONTENT="one" HEIGHT="35" WIDTH="106" VPOS="2601" HPOS="1568"/>
<SP HEIGHT="35" WIDTH="33" VPOS="2601" HPOS="1675"/>
<String CONTENT="alphabetical" HEIGHT="70" WIDTH="383" VPOS="2581" HPOS="1709"/>
</TextLine>
<TextLine HEIGHT="149" WIDTH="2005" VPOS="2659" HPOS="90" STYLEREFS="StyleId-2348DC58-683E-4CC4-8C50-FE88B3B635E3-" LANG="en-US" CS="1">
<String CONTENT="arrangement," HEIGHT="65" WIDTH="416" VPOS="2665" HPOS="90"/>
<SP HEIGHT="50" WIDTH="31" VPOS="2679" HPOS="507"/>
<String CONTENT="with" HEIGHT="53" WIDTH="141" VPOS="2660" HPOS="539"/>
<SP HEIGHT="52" WIDTH="32" VPOS="2661" HPOS="681"/>
<String CONTENT="an" HEIGHT="34" WIDTH="70" VPOS="2679" HPOS="714"/>
<SP HEIGHT="34" WIDTH="33" VPOS="2679" HPOS="785"/>
<String CONTENT="appendix" HEIGHT="69" WIDTH="292" VPOS="2659" HPOS="819"/>
<SP HEIGHT="36" WIDTH="30" VPOS="2677" HPOS="1112"/>
<String CONTENT="of" HEIGHT="54" WIDTH="64" VPOS="2659" HPOS="1143"/>
<SP HEIGHT="53" WIDTH="30" VPOS="2659" HPOS="1208"/>
<String CONTENT="foreign" HEIGHT="70" WIDTH="230" VPOS="2659" HPOS="1239"/>
<SP HEIGHT="35" WIDTH="30" VPOS="2678" HPOS="1470"/>
<String CONTENT="words" HEIGHT="54" WIDTH="188" VPOS="2660" HPOS="1501"/>
<SP HEIGHT="35" WIDTH="31" VPOS="2679" HPOS="1690"/>
<String CONTENT="and" HEIGHT="53" WIDTH="113" VPOS="2661" HPOS="1722"/>
<SP HEIGHT="53" WIDTH="32" VPOS="2661" HPOS="1836"/>
<String CONTENT="expressions," HEIGHT="129" WIDTH="1979" VPOS="2678" HPOS="91"/>
<SP HEIGHT="68" WIDTH="36" VPOS="2739" HPOS="261"/>
<String CONTENT="by" HEIGHT="69" WIDTH="78" VPOS="2739" HPOS="298"/>
<SP HEIGHT="70" WIDTH="39" VPOS="2738" HPOS="377"/>
<String CONTENT="C." HEIGHT="55" WIDTH="62" VPOS="2738" HPOS="417"/>
<SP HEIGHT="56" WIDTH="42" VPOS="2737" HPOS="480"/>
<String CONTENT="O." HEIGHT="56" WIDTH="68" VPOS="2737" HPOS="523"/>
<SP HEIGHT="56" WIDTH="43" VPOS="2737" HPOS="592"/>
<String CONTENT="Sylvester" HEIGHT="71" WIDTH="291" VPOS="2737" HPOS="636"/>
<SP HEIGHT="53" WIDTH="36" VPOS="2737" HPOS="928"/>
<String CONTENT="Mawson" HEIGHT="54" WIDTH="258" VPOS="2737" HPOS="965"/>
<SP HEIGHT="34" WIDTH="46" VPOS="2756" HPOS="1224"/>
<String CS="1" CONTENT="&#8230;"/>
<SP HEIGHT="56" WIDTH="82" VPOS="2737" HPOS="1329"/>
<String CONTENT="Garden" HEIGHT="56" WIDTH="235" VPOS="2737" HPOS="1412"/>
<SP HEIGHT="55" WIDTH="42" VPOS="2737" HPOS="1648"/>
<String CONTENT="City," HEIGHT="71" WIDTH="153" VPOS="2737" HPOS="1691"/>
<SP HEIGHT="67" WIDTH="41" VPOS="2739" HPOS="1845"/>
<String LANG="fr" CONTENT="N." HEIGHT="54" WIDTH="69" VPOS="2739" HPOS="1887"/>
<SP HEIGHT="55" WIDTH="46" VPOS="2738" HPOS="1957"/>
<String CONTENT="Y.," HEIGHT="68" WIDTH="91" VPOS="2738" HPOS="2004"/>
</TextLine>
<TextLine HEIGHT="71" WIDTH="1421" VPOS="2814" HPOS="90" STYLEREFS="StyleId-2348DC58-683E-4CC4-8C50-FE88B3B635E3-" LANG="en-US">
<String CONTENT="Garden" HEIGHT="56" WIDTH="231" VPOS="2814" HPOS="90"/>
<SP HEIGHT="57" WIDTH="26" VPOS="2815" HPOS="322"/>
<String CONTENT="City" HEIGHT="70" WIDTH="135" VPOS="2815" HPOS="349"/>
<SP HEIGHT="51" WIDTH="25" VPOS="2834" HPOS="485"/>
<String CONTENT="publishing" HEIGHT="70" WIDTH="338" VPOS="2815" HPOS="511"/>
<SP HEIGHT="51" WIDTH="26" VPOS="2834" HPOS="850"/>
<String CONTENT="company," HEIGHT="52" WIDTH="298" VPOS="2833" HPOS="877"/>
<SP HEIGHT="68" WIDTH="25" VPOS="2816" HPOS="1176"/>
<String CONTENT="inc.," HEIGHT="69" WIDTH="127" VPOS="2816" HPOS="1202"/>
<SP HEIGHT="67" WIDTH="29" VPOS="2818" HPOS="1330"/>
<String CONTENT="1936." HEIGHT="51" WIDTH="151" VPOS="2818" HPOS="1360"/>
</TextLine>
<TextLine HEIGHT="51" WIDTH="668" VPOS="2888" HPOS="159" LANG="en-US" CS="1">
<String CONTENT="1" HEIGHT="40" WIDTH="25" VPOS="2890" HPOS="159"/>
<SP HEIGHT="48" WIDTH="27" VPOS="2890" HPOS="185"/>
<String LANG="fr" CS="1" CONTENT="p."/>
<SP/>
<String LANG="fr" CS="1" CONTENT="l."/>
<String CONTENT="," HEIGHT="16" WIDTH="8" VPOS="2922" HPOS="321"/>
<SP HEIGHT="37" WIDTH="29" VPOS="2901" HPOS="330"/>
<String CONTENT="v-x," HEIGHT="40" WIDTH="107" VPOS="2899" HPOS="360"/>
<SP HEIGHT="51" WIDTH="25" VPOS="2888" HPOS="468"/>
<String CONTENT="600" HEIGHT="42" WIDTH="87" VPOS="2888" HPOS="494"/>
<SP HEIGHT="50" WIDTH="23" VPOS="2888" HPOS="582"/>
<String CONTENT="p." HEIGHT="39" WIDTH="43" VPOS="2899" HPOS="606"/>
<SP HEIGHT="42" WIDTH="59" VPOS="2889" HPOS="650"/>
<String CONTENT="25" HEIGHT="42" WIDTH="57" VPOS="2888" HPOS="710"/>
<String STYLE="superscript" CONTENT="cm" HEIGHT="23" WIDTH="44" VPOS="2891" HPOS="770"/>
<String CONTENT="." HEIGHT="9" WIDTH="8" VPOS="2922" HPOS="819"/>
</TextLine>
<TextLine HEIGHT="47" WIDTH="657" VPOS="2946" HPOS="163" LANG="en-US">
<String CONTENT="&#8220;Revised" HEIGHT="41" WIDTH="236" VPOS="2946" HPOS="163"/>
<SP HEIGHT="39" WIDTH="30" VPOS="2948" HPOS="400"/>
<String CONTENT="edition," HEIGHT="47" WIDTH="196" VPOS="2946" HPOS="431"/>
<SP HEIGHT="47" WIDTH="33" VPOS="2946" HPOS="628"/>
<String CONTENT="1936.&#8221;" HEIGHT="41" WIDTH="158" VPOS="2946" HPOS="662"/>
</TextLine>
<TextLine HEIGHT="49" WIDTH="1928" VPOS="3002" HPOS="165" LANG="en-US">
<String CONTENT="Published" HEIGHT="41" WIDTH="261" VPOS="3002" HPOS="165"/>
<SP HEIGHT="39" WIDTH="34" VPOS="3004" HPOS="427"/>
<String CONTENT="also" HEIGHT="40" WIDTH="102" VPOS="3003" HPOS="462"/>
<SP HEIGHT="29" WIDTH="37" VPOS="3014" HPOS="565"/>
<String CONTENT="under" HEIGHT="39" WIDTH="155" VPOS="3004" HPOS="603"/>
<SP HEIGHT="39" WIDTH="31" VPOS="3005" HPOS="759"/>
<String CONTENT="title;" HEIGHT="42" WIDTH="134" VPOS="3002" HPOS="791"/>
<SP HEIGHT="40" WIDTH="36" VPOS="3003" HPOS="926"/>
<String CONTENT="The" HEIGHT="40" WIDTH="103" VPOS="3003" HPOS="963"/>
<SP HEIGHT="40" WIDTH="34" VPOS="3003" HPOS="1067"/>
<String CONTENT="Roget" HEIGHT="47" WIDTH="156" VPOS="3003" HPOS="1102"/>
<SP HEIGHT="40" WIDTH="35" VPOS="3003" HPOS="1259"/>
<String CONTENT="dictionary" HEIGHT="48" WIDTH="275" VPOS="3002" HPOS="1295"/>
<SP HEIGHT="37" WIDTH="36" VPOS="3013" HPOS="1571"/>
<String CONTENT="of" HEIGHT="40" WIDTH="54" VPOS="3004" HPOS="1608"/>
<SP HEIGHT="40" WIDTH="32" VPOS="3004" HPOS="1663"/>
<String CONTENT="synonyms" HEIGHT="37" WIDTH="261" VPOS="3014" HPOS="1696"/>
<SP HEIGHT="30" WIDTH="39" VPOS="3015" HPOS="1958"/>
<String CONTENT="and" HEIGHT="40" WIDTH="95" VPOS="3005" HPOS="1998"/>
</TextLine>
<TextLine HEIGHT="48" WIDTH="270" VPOS="3059" HPOS="91" LANG="en-US">
<String CONTENT="antonyms." HEIGHT="48" WIDTH="270" VPOS="3059" HPOS="91"/>
</TextLine>
<TextLine HEIGHT="109" WIDTH="1983" VPOS="3125" HPOS="96" LANG="en-US" CS="1">
<String CONTENT="&#169;" HEIGHT="54" WIDTH="53" VPOS="3125" HPOS="96"/>
<SP HEIGHT="54" WIDTH="26" VPOS="3125" HPOS="150"/>
<String CONTENT="Oct." HEIGHT="40" WIDTH="101" VPOS="3130" HPOS="177"/>
<SP HEIGHT="41" WIDTH="25" VPOS="3129" HPOS="279"/>
<String CONTENT="8," HEIGHT="46" WIDTH="40" VPOS="3129" HPOS="305"/>
<SP HEIGHT="44" WIDTH="27" VPOS="3131" HPOS="346"/>
<String CONTENT="1936;" HEIGHT="48" WIDTH="141" VPOS="3129" HPOS="374"/>
<SP HEIGHT="48" WIDTH="28" VPOS="3129" HPOS="516"/>
<String CONTENT="2c." HEIGHT="42" WIDTH="67" VPOS="3129" HPOS="545"/>
<SP HEIGHT="31" WIDTH="25" VPOS="3140" HPOS="613"/>
<String CONTENT="and" HEIGHT="39" WIDTH="94" VPOS="3130" HPOS="639"/>
<SP HEIGHT="39" WIDTH="29" VPOS="3130" HPOS="734"/>
<String CONTENT="aff." HEIGHT="41" WIDTH="82" VPOS="3130" HPOS="764"/>
<SP HEIGHT="39" WIDTH="28" VPOS="3132" HPOS="847"/>
<String CONTENT="Dec." HEIGHT="38" WIDTH="110" VPOS="3132" HPOS="876"/>
<SP HEIGHT="40" WIDTH="27" VPOS="3130" HPOS="987"/>
<String CONTENT="9;" HEIGHT="44" WIDTH="52" VPOS="3130" HPOS="1015"/>
<SP HEIGHT="42" WIDTH="30" VPOS="3132" HPOS="1068"/>
<!-- cceid A6F2E6EF-6E3A-1014-83DD-942C093A1DD9 --><String CONTENT="A" HEIGHT="37" WIDTH="38" VPOS="3132" HPOS="1099"/>
<SP HEIGHT="37" WIDTH="29" VPOS="3132" HPOS="1138"/>
<String CONTENT="100870;" HEIGHT="44" WIDTH="198" VPOS="3129" HPOS="1168"/>
<SP HEIGHT="41" WIDTH="32" VPOS="3132" HPOS="1367"/>
<String CONTENT="C." HEIGHT="40" WIDTH="48" VPOS="3132" HPOS="1400"/>
<SP HEIGHT="40" WIDTH="30" VPOS="3132" HPOS="1449"/>
<String CONTENT="O." HEIGHT="40" WIDTH="51" VPOS="3132" HPOS="1480"/>
<SP HEIGHT="39" WIDTH="31" VPOS="3133" HPOS="1532"/>
<String CONTENT="8." HEIGHT="40" WIDTH="45" VPOS="3133" HPOS="1564"/>
<SP HEIGHT="39" WIDTH="29" VPOS="3134" HPOS="1610"/>
<String CONTENT="Mawson." HEIGHT="41" WIDTH="230" VPOS="3134" HPOS="1640"/>
<SP HEIGHT="41" WIDTH="29" VPOS="3134" HPOS="1871"/>
<String CONTENT="Wellesley," HEIGHT="102" WIDTH="1911" VPOS="3132" HPOS="168"/>
<SP HEIGHT="46" WIDTH="31" VPOS="3188" HPOS="257"/>
<String CONTENT="Mass." HEIGHT="38" WIDTH="145" VPOS="3188" HPOS="289"/>
<SP HEIGHT="48" WIDTH="70" VPOS="3186" HPOS="435"/>
<String CONTENT="(36-35973)" HEIGHT="48" WIDTH="281" VPOS="3186" HPOS="506"/>
</TextLine>
<TextLine HEIGHT="66" WIDTH="1220" VPOS="3291" HPOS="97" STYLEREFS="StyleId-C87961FA-A3EB-40CB-B814-74717440F39D-" LANG="en-US">
<String CONTENT="Metcalfe," HEIGHT="65" WIDTH="295" VPOS="3292" HPOS="97"/>
<SP HEIGHT="63" WIDTH="25" VPOS="3294" HPOS="393"/>
<String CONTENT="Thomas" HEIGHT="52" WIDTH="260" VPOS="3294" HPOS="419"/>
<SP HEIGHT="52" WIDTH="26" VPOS="3294" HPOS="680"/>
<String CONTENT="Washington," HEIGHT="66" WIDTH="413" VPOS="3291" HPOS="707"/>
<SP HEIGHT="57" WIDTH="31" VPOS="3300" HPOS="1121"/>
<String CONTENT="1884-" HEIGHT="50" WIDTH="164" VPOS="3298" HPOS="1153"/>
</TextLine>
<TextLine HEIGHT="147" WIDTH="1972" VPOS="3378" HPOS="99" STYLEREFS="StyleId-2348DC58-683E-4CC4-8C50-FE88B3B635E3-" LANG="en-US" CS="1">
<String CONTENT="Quis" HEIGHT="63" WIDTH="141" VPOS="3378" HPOS="170"/>
<SP HEIGHT="36" WIDTH="23" VPOS="3396" HPOS="312"/>
<String CONTENT="separabit;" HEIGHT="68" WIDTH="315" VPOS="3379" HPOS="336"/>
<SP HEIGHT="48" WIDTH="29" VPOS="3398" HPOS="652"/>
<String CONTENT="a" HEIGHT="34" WIDTH="31" VPOS="3398" HPOS="682"/>
<SP HEIGHT="47" WIDTH="23" VPOS="3386" HPOS="714"/>
<String CONTENT="tale" HEIGHT="54" WIDTH="114" VPOS="3379" HPOS="738"/>
<SP HEIGHT="36" WIDTH="24" VPOS="3397" HPOS="853"/>
<String CONTENT="of" HEIGHT="53" WIDTH="64" VPOS="3379" HPOS="878"/>
<SP HEIGHT="54" WIDTH="23" VPOS="3379" HPOS="943"/>
<String CONTENT="the" HEIGHT="54" WIDTH="95" VPOS="3379" HPOS="967"/>
<SP HEIGHT="35" WIDTH="24" VPOS="3398" HPOS="1063"/>
<String CONTENT="military" HEIGHT="69" WIDTH="257" VPOS="3379" HPOS="1088"/>
<SP HEIGHT="68" WIDTH="25" VPOS="3380" HPOS="1346"/>
<String CONTENT="life," HEIGHT="69" WIDTH="123" VPOS="3379" HPOS="1372"/>
<SP HEIGHT="68" WIDTH="22" VPOS="3380" HPOS="1496"/>
<String CONTENT="by" HEIGHT="68" WIDTH="73" VPOS="3380" HPOS="1519"/>
<SP HEIGHT="67" WIDTH="25" VPOS="3381" HPOS="1593"/>
<String CONTENT="Thomas" HEIGHT="53" WIDTH="249" VPOS="3380" HPOS="1619"/>
<SP HEIGHT="53" WIDTH="24" VPOS="3382" HPOS="1869"/>
<String CONTENT="Washington" HEIGHT="140" WIDTH="1972" VPOS="3382" HPOS="99"/>
<SP HEIGHT="52" WIDTH="29" VPOS="3456" HPOS="298"/>
<String CONTENT="Metcalfe." HEIGHT="54" WIDTH="287" VPOS="3455" HPOS="328"/>
<SP HEIGHT="53" WIDTH="76" VPOS="3456" HPOS="616"/>
<String CONTENT="London," HEIGHT="67" WIDTH="258" VPOS="3456" HPOS="693"/>
<SP HEIGHT="66" WIDTH="28" VPOS="3457" HPOS="952"/>
<String CONTENT="I." HEIGHT="54" WIDTH="48" VPOS="3457" HPOS="981"/>
<SP HEIGHT="54" WIDTH="32" VPOS="3457" HPOS="1030"/>
<String CONTENT="Nicholson" HEIGHT="53" WIDTH="308" VPOS="3457" HPOS="1063"/>
<SP HEIGHT="34" WIDTH="33" VPOS="3476" HPOS="1372"/>
<String CONTENT="and" HEIGHT="53" WIDTH="113" VPOS="3457" HPOS="1406"/>
<SP HEIGHT="55" WIDTH="30" VPOS="3457" HPOS="1520"/>
<String CONTENT="Watson," HEIGHT="67" WIDTH="258" VPOS="3458" HPOS="1551"/>
<SP HEIGHT="63" WIDTH="32" VPOS="3462" HPOS="1810"/>
<String CONTENT="1936." HEIGHT="51" WIDTH="150" VPOS="3460" HPOS="1843"/>
</TextLine>
<TextLine HEIGHT="51" WIDTH="733" VPOS="3526" HPOS="167" LANG="en-US" CS="1">
<String CONTENT="6" HEIGHT="41" WIDTH="27" VPOS="3526" HPOS="167"/>
<SP HEIGHT="49" WIDTH="25" VPOS="3526" HPOS="195"/>
<String LANG="fr" CS="1" CONTENT="p."/>
<SP/>
<String LANG="fr" CS="1" CONTENT="l."/>
<String CONTENT="," HEIGHT="16" WIDTH="8" VPOS="3559" HPOS="329"/>
<SP HEIGHT="48" WIDTH="28" VPOS="3527" HPOS="338"/>
<String CONTENT="15-308," HEIGHT="48" WIDTH="186" VPOS="3526" HPOS="367"/>
<SP HEIGHT="30" WIDTH="33" VPOS="3547" HPOS="554"/>
<String CONTENT="[1]" HEIGHT="50" WIDTH="55" VPOS="3527" HPOS="588"/>
<SP HEIGHT="40" WIDTH="32" VPOS="3537" HPOS="644"/>
<String CONTENT="p." HEIGHT="38" WIDTH="43" VPOS="3537" HPOS="677"/>
<SP HEIGHT="41" WIDTH="61" VPOS="3527" HPOS="721"/>
<String CONTENT="19" HEIGHT="42" WIDTH="56" VPOS="3526" HPOS="783"/>
<String STYLE="superscript" CONTENT="cm" HEIGHT="23" WIDTH="45" VPOS="3529" HPOS="841"/>
<String CONTENT="." HEIGHT="9" WIDTH="9" VPOS="3560" HPOS="891"/>
</TextLine>
<TextLine HEIGHT="112" WIDTH="1998" VPOS="3595" HPOS="100" LANG="en-US" CS="1">
<String CONTENT="&#169;" HEIGHT="53" WIDTH="52" VPOS="3595" HPOS="100"/>
<SP/>
<String CS="1" CONTENT="1c."/>
<SP HEIGHT="39" WIDTH="37" VPOS="3601" HPOS="252"/>
<String CONTENT="Dec." HEIGHT="39" WIDTH="110" VPOS="3601" HPOS="290"/>
<SP HEIGHT="37" WIDTH="36" VPOS="3603" HPOS="401"/>
<String CONTENT="12," HEIGHT="48" WIDTH="68" VPOS="3599" HPOS="438"/>
<SP HEIGHT="46" WIDTH="35" VPOS="3601" HPOS="507"/>
<String CONTENT="1936;" HEIGHT="49" WIDTH="141" VPOS="3599" HPOS="543"/>
<SP HEIGHT="45" WIDTH="36" VPOS="3603" HPOS="685"/>
<!-- cceid A6F300F3-6E3A-1014-83DD-942C093A1DD9 --><String CONTENT="A" HEIGHT="37" WIDTH="39" VPOS="3603" HPOS="722"/>
<SP HEIGHT="37" WIDTH="35" VPOS="3603" HPOS="762"/>
<String CONTENT="ad" HEIGHT="38" WIDTH="61" VPOS="3602" HPOS="798"/>
<SP HEIGHT="39" WIDTH="35" VPOS="3601" HPOS="860"/>
<String CONTENT="int." HEIGHT="40" WIDTH="85" VPOS="3601" HPOS="896"/>
<SP HEIGHT="40" WIDTH="35" VPOS="3601" HPOS="982"/>
<String CONTENT="22184;" HEIGHT="48" WIDTH="171" VPOS="3601" HPOS="1018"/>
<SP HEIGHT="37" WIDTH="36" VPOS="3613" HPOS="1190"/>
<String CONTENT="pubd." HEIGHT="47" WIDTH="142" VPOS="3603" HPOS="1227"/>
<SP HEIGHT="41" WIDTH="37" VPOS="3603" HPOS="1370"/>
<String CONTENT="Oct." HEIGHT="41" WIDTH="101" VPOS="3603" HPOS="1408"/>
<SP HEIGHT="39" WIDTH="35" VPOS="3603" HPOS="1510"/>
<String CONTENT="22;" HEIGHT="48" WIDTH="84" VPOS="3603" HPOS="1546"/>
<SP HEIGHT="46" WIDTH="36" VPOS="3605" HPOS="1631"/>
<String CONTENT="T." HEIGHT="39" WIDTH="51" VPOS="3605" HPOS="1668"/>
<SP HEIGHT="38" WIDTH="35" VPOS="3606" HPOS="1720"/>
<String CONTENT="Washington-Metcalfe," HEIGHT="99" WIDTH="1927" VPOS="3605" HPOS="171"/>
<SP HEIGHT="46" WIDTH="37" VPOS="3658" HPOS="413"/>
<String CONTENT="Fitzwarren," HEIGHT="47" WIDTH="316" VPOS="3657" HPOS="451"/>
<SP HEIGHT="35" WIDTH="34" VPOS="3669" HPOS="768"/>
<String CONTENT="nr." HEIGHT="27" WIDTH="71" VPOS="3669" HPOS="803"/>
<SP HEIGHT="38" WIDTH="36" VPOS="3659" HPOS="875"/>
<String CONTENT="Taunton," HEIGHT="48" WIDTH="239" VPOS="3659" HPOS="912"/>
<SP HEIGHT="47" WIDTH="41" VPOS="3660" HPOS="1152"/>
<String CONTENT="Somerset," HEIGHT="46" WIDTH="254" VPOS="3660" HPOS="1194"/>
<SP HEIGHT="45" WIDTH="36" VPOS="3661" HPOS="1449"/>
<String CONTENT="England." HEIGHT="46" WIDTH="236" VPOS="3661" HPOS="1486"/>
</TextLine>
<TextLine HEIGHT="49" WIDTH="221" VPOS="3712" HPOS="180" LANG="en-US">
<String CONTENT="(37-210)" HEIGHT="49" WIDTH="221" VPOS="3712" HPOS="180"/>
</TextLine>
<TextLine HEIGHT="68" WIDTH="836" VPOS="3814" HPOS="101" STYLEREFS="StyleId-C87961FA-A3EB-40CB-B814-74717440F39D-" LANG="en-US">
<String CONTENT="Milks," HEIGHT="67" WIDTH="193" VPOS="3814" HPOS="101"/>
<SP HEIGHT="64" WIDTH="26" VPOS="3817" HPOS="295"/>
<String CONTENT="Howard" HEIGHT="53" WIDTH="255" VPOS="3817" HPOS="322"/>
<SP HEIGHT="53" WIDTH="25" VPOS="3817" HPOS="578"/>
<String CONTENT="Jay," HEIGHT="65" WIDTH="132" VPOS="3817" HPOS="604"/>
<SP HEIGHT="57" WIDTH="29" VPOS="3825" HPOS="737"/>
<String CONTENT="1879-" HEIGHT="53" WIDTH="170" VPOS="3820" HPOS="767"/>
</TextLine>
<TextLine HEIGHT="70" WIDTH="1928" VPOS="3893" HPOS="169" STYLEREFS="StyleId-2348DC58-683E-4CC4-8C50-FE88B3B635E3-" LANG="en-US">
<String CONTENT="Practical" HEIGHT="53" WIDTH="282" VPOS="3893" HPOS="169"/>
<SP HEIGHT="51" WIDTH="59" VPOS="3894" HPOS="452"/>
<String CONTENT="veterinary" HEIGHT="66" WIDTH="323" VPOS="3895" HPOS="512"/>
<SP HEIGHT="48" WIDTH="56" VPOS="3914" HPOS="836"/>
<String CONTENT="pharmacology," HEIGHT="67" WIDTH="462" VPOS="3896" HPOS="893"/>
<SP HEIGHT="47" WIDTH="56" VPOS="3916" HPOS="1356"/>
<String CONTENT="materia" HEIGHT="53" WIDTH="237" VPOS="3898" HPOS="1413"/>
<SP HEIGHT="33" WIDTH="55" VPOS="3918" HPOS="1651"/>
<String CONTENT="medica" HEIGHT="55" WIDTH="217" VPOS="3897" HPOS="1707"/>
<SP HEIGHT="35" WIDTH="60" VPOS="3917" HPOS="1925"/>
<String CONTENT="and" HEIGHT="53" WIDTH="111" VPOS="3898" HPOS="1986"/>
</TextLine>
<TextLine HEIGHT="73" WIDTH="1993" VPOS="3969" HPOS="103" STYLEREFS="StyleId-2348DC58-683E-4CC4-8C50-FE88B3B635E3-" LANG="en-US" CS="1">
<String CONTENT="therapeutics," HEIGHT="68" WIDTH="395" VPOS="3969" HPOS="103"/>
<SP HEIGHT="65" WIDTH="27" VPOS="3972" HPOS="499"/>
<String CONTENT="by" HEIGHT="65" WIDTH="74" VPOS="3972" HPOS="527"/>
<SP HEIGHT="64" WIDTH="30" VPOS="3973" HPOS="602"/>
<String CONTENT="Howard" HEIGHT="52" WIDTH="258" VPOS="3973" HPOS="633"/>
<SP HEIGHT="55" WIDTH="29" VPOS="3973" HPOS="892"/>
<String CONTENT="Jay" HEIGHT="64" WIDTH="115" VPOS="3975" HPOS="922"/>
<SP HEIGHT="64" WIDTH="29" VPOS="3975" HPOS="1038"/>
<String CONTENT="Milks" HEIGHT="52" WIDTH="176" VPOS="3974" HPOS="1068"/>
<SP HEIGHT="33" WIDTH="37" VPOS="3992" HPOS="1245"/>
<String CS="1" CONTENT="&#8230;"/>
<SP HEIGHT="32" WIDTH="36" VPOS="3994" HPOS="1339"/>
<String CONTENT="with" HEIGHT="52" WIDTH="137" VPOS="3975" HPOS="1376"/>
<SP HEIGHT="53" WIDTH="33" VPOS="3975" HPOS="1514"/>
<String CONTENT="a" HEIGHT="34" WIDTH="30" VPOS="3994" HPOS="1548"/>
<SP HEIGHT="35" WIDTH="32" VPOS="3993" HPOS="1579"/>
<String CONTENT="chapter" HEIGHT="66" WIDTH="234" VPOS="3976" HPOS="1612"/>
<SP HEIGHT="35" WIDTH="29" VPOS="3993" HPOS="1847"/>
<String CONTENT="on" HEIGHT="35" WIDTH="71" VPOS="3993" HPOS="1877"/>
<SP HEIGHT="52" WIDTH="31" VPOS="3976" HPOS="1949"/>
<String CONTENT="bio-" HEIGHT="55" WIDTH="115" VPOS="3974" HPOS="1981"/>
</TextLine>
</TextBlock>
</PrintSpace>
</Page>
</Layout>
</alto>