2519 4377
1053 4064 97 53 471

97 438 199 52 Idaho.
370 438 276 65 Supreme
676 443 173 46 court.

168 510 1922 71 Reports of cases argued and determined … By Clay Koelsch
109 589 297 69 (ex-officio
448 590 283 68 reporter)
818 592 240 52 Volume
1102 595 81 47 55.
1261 589 115 54 San
1421 588 321 66 Francisco,
97 587 1994 148 Bancroft-Whitney
394 686 296 49 company,
720 671 148 50 1936.

168 741 117 47 xlix,
313 741 83 40 896
424 752 41 37 p.
522 741 54 38 22½cm.

101 792 1997 54 © Apr. 15, 1936; 2c. Apr. 24: aff. Apr. 25; A 93783; Clay Koelsch, for
171 856 80 37 the
280 854 173 39 benefit
481 854 51 37 of
560 855 83 38 the
669 856 130 37 state
825 853 52 38 of
904 852 165 46 Idaho,
1100 850 156 47 Boise,
1286 852 70 39 Id.

98 953 238 56 Illinois.
410 955 183 65 Laws,
618 960 255 53 statutes,
901 960 100 47 etc.

171 1032 388 54 Smith-Hurd
617 1031 226 53 Illinois
899 1032 305 51 annotated
1262 1035 253 48 statutes.
1610 1032 344 51 Permanent
2010 1029 84 53 ed.

102 1109 368 67 Comprising
509 1110 93 53 the
642 1109 136 52 laws
821 1110 61 51 of
925 1127 31 33 a
995 1110 228 65 general
1267 1109 111 51 and
1420 1113 335 61 permanent
1793 1111 202 49 nature
2035 1108 59 51 in

101 1187 155 52 force
291 1193 56 46 at
383 1187 93 52 the
512 1187 108 52 end
654 1186 64 52 of
753 1187 94 51 the
882 1184 360 68 fifty-eighth
1280 1186 244 54 General
1562 1186 293 66 assembly,
1893 1185 201 52 fourth

98 1265 211 66 special
342 1265 226 63 session,
601 1264 318 52 November
949 1266 85 62 23,
1070 1267 148 49 1934.
1294 1263 155 66 Kept
1484 1269 57 48 to
1575 1264 130 51 date
1738 1264 75 66 by
99 1263 1970 131 cumulative
245 1341 208 52 annual
482 1341 201 67 pocket
714 1346 176 62 parts,
918 1340 139 52 with
1089 1340 360 52 annotations
1480 1340 154 52 from
1662 1342 95 51 the
1787 1359 149 34 cases
99 1359 1971 126 construing
349 1438 63 34 or
436 1418 281 67 applying
739 1419 94 51 the
857 1421 154 62 laws,
1035 1418 111 51 and
1172 1417 138 52 with
1335 1418 179 53 tables
1539 1419 112 51 and
1674 1418 188 53 index,
98 1419 1971 130 chapter
217 1500 113 48 122.
367 1496 247 54 Schools.
685 1499 89 63 By
804 1496 94 52 the
931 1495 338 67 publishers'
1300 1495 266 52 editorial
1599 1493 150 56 staff.
1825 1495 271 68 Chicago,

102 1575 111 66 Ill.,
243 1575 275 52 Burdette
552 1573 188 55 Smith
771 1591 305 50 company;
1113 1573 80 55 St.
1226 1574 165 67 Paul,
1421 1573 201 68 Minn.,
1651 1576 159 53 West
101 1573 1970 146 publishing
225 1671 107 38 co.;
367 1660 136 59 [etc.,
528 1657 119 61 etc.,
836 1686 12 33 c1936]

169 1738 45 34 X,
244 1726 51 39 718
355 1736 41 37 p.
452 1724 145 39 24½cm.

172 1782 115 39 1935
313 1781 294 41 cumulative
634 1782 182 38 annual
842 1781 172 46 pocket
1043 1782 114 46 part
1182 1779 214 41 inserted
1426 1781 48 37 in
1504 1781 170 46 pocket
1704 1791 61 29 on
1792 1781 121 38 back
1942 1790 155 32 cover.

102 1834 1994 52 © Mar. 27, 1936; 2c. and aff. Apr. 18; A 94050; Burdette Smith co.,
173 1895 191 38 Vernon
391 1896 94 37 law
511 1895 121 38 book
660 1904 65 29 co.
754 1895 95 38 and
877 1894 133 39 West
1039 1894 108 46 pub.
1175 1904 66 29 co.

101 1996 165 61 Joad,
296 1996 158 63 Cyril
484 1995 206 53 Edwin
720 1993 380 65 Mitchinson,
1133 2000 171 49 1891-

106 2070 1968 147 Guide to philosophy, by C. E. M. Joad … London, V. Gollancz, ltd., 1936.
171 2222 86 42 592
282 2233 44 39 p.
386 2221 55 41 19
445 2224 42 20 cm
491 2253 10 10 .

176 2280 236 40 “General
441 2279 364 49 bibliography”:
865 2291 42 37 p.
939 2279 83 41 587:
1084 2279 335 49 bibliography
1449 2283 50 37 at
1529 2281 90 39 end
1652 2280 51 40 of
1732 2281 117 40 each
1881 2283 213 47 chapter.

105 2333 53 52 ©
196 2339 65 38 1c.
303 2339 121 38 Mar.
464 2338 38 45 5,
544 2336 140 47 1936;
726 2339 39 37 A
806 2339 60 37 ad
906 2337 87 40 int.
1032 2336 171 42 21152;
1242 2337 142 47 pubd.
1425 2338 109 38 Jan.
1575 2337 51 42 6;
1670 2338 49 40 C.
1761 2339 51 39 E.
1855 2339 62 37 M.
1958 2339 140 48 Joad,

178 2394 209 39 London.
456 2394 251 48 (36-9415)

102 2497 170 63 Kerr,
299 2499 158 51 Evor
483 2498 254 63 Samuel,
768 2503 170 49 1910-

174 2574 122 50 The
332 2573 216 54 United
589 2573 187 55 States
816 2573 174 54 Coast
1024 2573 214 68 guard;
1278 2573 73 52 its
1388 2573 177 67 ships,
1601 2573 203 67 duties,
1840 2574 258 67 stations,

108 2650 1987 70 by Evor Samuel Kerr, jr. … New York, Robert W. Kelly
107 2728 331 68 publishing
467 2729 380 67 corporation,
880 2731 151 51 1935.

172 2801 98 48 103,
304 2802 56 49 [1]
391 2812 44 38 p.
465 2801 109 41 incl.
605 2802 165 49 front.,
801 2803 127 39 illus.
998 2801 55 41 27
1057 2804 44 21 cm
1105 2833 8 9 .

107 2855 1992 54 © Dec. 21, 1935; 2c. Apr. 13, 1936; aff. Apr. 10; A 93652; E. S. Kerr, jr.,
179 2917 264 47 Stapleton,
470 2917 55 37 N.
555 2917 51 37 Y.
675 2916 278 48 (36-27143)

105 3018 339 64 Lancaster,
471 3019 205 62 Henry
703 3018 374 65 Carrington,
1107 3024 170 49 1882-

174 3097 54 50 A
263 3096 219 64 history
515 3095 63 51 of
614 3096 221 53 French
870 3096 278 52 dramatic
1183 3095 294 53 literature
1512 3098 60 50 in
1608 3097 94 52 the
1738 3097 360 52 seventeenth

106 3179 249 60 century,
425 3181 132 58 part
588 3176 46 50 3.
669 3174 119 52 The
823 3174 197 66 period
1053 3173 63 52 of
1147 3173 253 66 Moliere,
1434 3175 326 66 1652-1672,
1791 3176 73 65 by
1896 3176 203 65 Henry

109 3248 1989 70 Carrington Lancaster … volumes 1-2. Baltimore, Md., The
106 3328 182 52 Johns
320 3327 266 66 Hopkins
616 3346 184 48 press;
834 3329 256 58 London,
1121 3330 76 51 H.
1229 3329 264 58 Milford,
1523 3329 223 54 Oxford
1782 3328 316 69 university

109 3423 181 47 press;
323 3410 135 60 [etc.,
483 3411 118 60 etc.]
633 3408 149 51 1936.

176 3477 27 38 2
233 3489 40 27 v.
331 3477 54 38 25
389 3479 43 20 cm
437 3509 9 8 .

110 3528 1989 55 © Apr. 4, 1936; 2c. each and aff. Apr. 16; A 93669: Johns Hopkins press.
113 3621 177 64 Lane,
317 3623 137 51 Mrs.
480 3622 152 52 Rose
664 3621 277 65 (Wilder)
978 3626 166 52 1887-

184 3694 143 54 Give
366 3715 87 34 me
493 3696 228 68 liberty,
761 3698 75 66 by
878 3697 146 53 Rose
1065 3698 222 54 Wilder
1326 3699 170 53 Lane.
1588 3698 138 55 New
1771 3698 178 68 York,
115 3701 1961 137 Toronto,

324 3773 343 68 Longmans,
701 3773 183 54 Green
917 3775 112 52 and
1060 3794 97 48 co.,
1190 3778 148 50 1936.

182 3842 524 49 1 p. l., 62 p. 19½ cm .
184 3898 146 41 “Part
371 3900 51 39 of
460 3901 97 39 this
595 3901 123 39 book
758 3904 237 44 appeared
1039 3904 48 38 in
1127 3904 82 39 the
1250 3904 243 48 Saturday
1535 3907 204 47 evening
1778 3910 106 45 post
1925 3906 49 40 in
2016 3907 82 39 the

114 3955 170 40 article
311 3957 201 39 entitled
545 3956 436 41 ‘Credo’.”—Verso
1012 3959 52 39 of
1091 3960 184 47 prelim,
1307 3960 114 41 leaf.
