2519 4377
1046 4105 132 48 1239

194 540 145 40 “This
376 541 123 39 book
537 541 42 38 is
617 550 28 29 a
685 540 211 40 revision
934 539 53 40 of
1023 540 282 39 Literature
1340 539 97 40 and
1475 539 100 48 life,
1614 538 124 40 book
1776 540 108 47 two,
1927 537 190 49 Special

115 597 348 48 edition.”—cf.
501 599 150 38 Verso
690 597 52 40 of
776 598 97 47 t.-p.

121 666 52 52 ©
212 670 127 46 Sept.
374 670 41 46 4,
452 668 117 40 1936;
632 668 67 39 2c.
738 668 127 47 Sept.
901 668 29 39 8;
994 667 82 41 aff.
1117 668 127 47 Sept.
1282 667 29 40 9;
1373 668 41 38 A
1450 666 144 41 97727;
1665 665 146 49 Scott,
1851 666 267 39 Foresman

189 726 36 40 &
249 736 67 30 co.
1909 721 118 42 7901

120 826 277 66 Hichens,
423 828 222 53 Robert
672 827 267 64 Smythe,
968 832 172 50 1864-

301 902 1815 70 … The sixth of October; a novel. Garden City, N. Y.,
119 982 354 68 Doubleday,
501 984 198 52 Doran
728 986 112 52 and
868 1000 298 50 company,
1193 981 127 69 inc.,
1348 986 151 50 1936.

190 1054 564 51 4 p. l., 370 p. 20 ½cm .
190 1112 67 41 At
283 1112 125 41 head
438 1112 54 40 of
520 1111 109 42 title
645 1122 11 32 :
687 1112 181 41 Robert
897 1112 231 41 Hichens.

193 1168 163 42 “First
386 1168 228 42 edition.”

120 1222 52 53 ©
207 1227 127 46 Sept.
366 1227 39 46 4,
439 1225 113 41 1936;
614 1225 69 41 2c.
717 1226 95 40 and
845 1225 81 41 aff.
962 1226 129 47 Sept.
1124 1226 56 39 12;
1243 1226 41 39 A
1314 1224 148 42 98376;
1519 1226 55 39 R.
1614 1225 45 42 S.
1693 1224 229 49 Hichens,
1957 1225 160 49 Cairo,

188 1285 170 46 Egypt.
425 1283 280 48 (36-19221)

121 1388 271 64 Higgins,
418 1387 252 57 Russell.

192 1464 200 52 Fallen
438 1482 240 50 woman,
721 1464 76 68 by
842 1465 224 53 Russell
1111 1464 270 68 Higgins.
1457 1465 138 52 New
1644 1464 179 67 York,
1870 1464 246 54 Godwin

125 1545 191 65 [c1936]

190 1614 85 42 294
306 1626 44 39 p.
409 1614 146 42 19½cm.

120 1669 52 53 ©
197 1673 115 46 July
336 1673 68 48 24,
432 1673 140 47 1936;
597 1673 67 39 2c.
690 1673 116 47 July
830 1672 83 49 22;
940 1673 83 40 aff.
1052 1673 128 47 Sept.
1206 1672 82 48 16;
1316 1673 42 39 A
1382 1672 172 49 98433;
1584 1672 217 48 Godwin,
1826 1671 292 49 publishers.

198 1728 278 50 (36-19259)
1908 1727 120 43 7903

116 1833 239 54 Illinois.
430 1835 309 65 Appellate
770 1840 202 48 courts.

118 1908 2001 147 Reports of cases determined … with a directory of the judiciary of the state and abstracts of cases designated by the
118 2065 1997 145 courts as not to be reported in full. v. 283. A. D. 1936 … Reported by Basil Jones. Chicago, Callaghan & company, 1936.
189 2226 144 31 XXXV.
364 2215 83 40 682
476 2225 43 38 p.
575 2215 118 40 23cm.

120 2269 52 52 ©
201 2274 126 46 Sept.
353 2272 41 47 2,
421 2273 139 47 1936;
590 2273 68 40 2c.
688 2273 127 48 Sept.
841 2273 52 46 5;
924 2272 83 42 aff.
1038 2273 126 47 Sept.
1194 2272 81 48 19;
1306 2273 42 39 A
1373 2272 171 48 97912;
1576 2273 272 48 Callaghan
1876 2274 35 39 &
1939 2283 65 30 co.

116 2391 239 55 Illinois.
429 2393 277 65 Supreme
733 2398 173 48 court.

118 2468 1999 146 Reports of cases at law and in chancery argued and determined … volume 363. Containing cases in which opinions
118 2643 142 33 were
291 2624 134 52 filed
456 2623 59 52 in
547 2624 175 66 April
757 2625 111 51 and
901 2625 168 65 June,
1102 2627 151 63 1936,
1288 2625 111 51 and
1431 2642 148 35 cases
1612 2625 247 52 wherein
116 2625 1976 142 rehearings
276 2720 143 33 were
452 2701 202 53 denied
689 2708 58 46 at
778 2702 94 52 the
904 2701 174 67 April
1112 2702 112 52 and
1256 2704 151 53 June
1439 2707 191 61 terms,
1665 2705 148 50 1936.
1886 2702 228 55 Samuel

117 2779 245 53 Pashley
393 2777 196 66 Irwin,
620 2783 257 62 reporter
908 2779 62 52 of
1002 2777 289 55 decisions.
1360 2778 426 68 Bloomington,
1817 2779 114 68 Ill.,
1964 2783 150 50 1936.

187 2850 749 51 X p., 1 l., [13]-695 p. 22½cm.
122 2904 53 53 ©
217 2909 126 47 Sept.
383 2908 68 47 16,
491 2908 113 40 1936;
673 2908 68 41 2c.
779 2908 96 39 and
914 2908 82 40 aff.
1039 2908 126 47 Sept.
1206 2908 55 40 19;
1328 2909 41 39 A
1408 2906 147 43 97899;
1625 2908 193 41 Samuel
1859 2910 51 40 P.
1951 2908 165 50 Irwin,

190 2965 350 47 Bloomington,
567 2965 75 41 Ill.

119 3069 284 52 Institute
434 3069 62 52 of
531 3068 191 64 public
753 3067 228 64 affairs,
1020 3069 331 65 University
1386 3069 62 65 of
1484 3069 262 66 Georgia.

189 3146 378 65 Proceedings
600 3145 63 53 of
698 3146 94 52 the
825 3145 272 53 Institute
1132 3145 63 53 of
1229 3145 193 67 public
1458 3145 213 66 affairs,
1704 3146 162 51 tenth
1904 3146 210 51 annual

118 3223 224 65 session,
365 3224 238 64 Athens,
627 3223 267 66 Georgia,
921 3226 253 49 1935-36.
1243 3225 160 64 [Part
1455 3267 8 8 I.
1490 3223 204 54 World
1722 3223 111 52 and
1858 3222 256 53 national

118 3300 297 65 problems.
491 3300 239 63 Athens,
760 3300 105 54 Ga.]
920 3301 121 51 The
1070 3300 336 65 University
1438 3301 63 52 of
1534 3299 248 68 Georgia
1820 3304 193 63 [c1936]

187 3371 65 47 xi,
280 3371 88 40 190
391 3382 43 37 p.
489 3372 146 40 23½cm.
705 3371 240 49 (Bulletin
971 3372 52 40 of
1048 3372 84 40 the
1160 3371 283 49 University
1470 3372 52 39 of
1550 3372 205 48 Georgia.
1828 3372 92 41 vol.
1949 3370 167 50 xxxvi,

118 3439 75 29 no.
223 3428 100 47 10b,
356 3429 127 46 July,
514 3428 138 48 1936)

120 3481 52 52 ©
202 3485 126 47 Sept.
357 3486 39 45 1,
423 3485 113 40 1936;
592 3484 68 41 2c.
692 3485 126 47 Sept.
847 3485 55 39 16;
960 3485 82 40 aff.
1074 3485 126 47 Sept.
1230 3485 57 39 14;
1344 3487 41 37 A
1410 3482 144 43 97806;
1613 3484 235 40 Institute
1875 3484 53 40 of
1954 3482 163 50 public

191 3541 185 49 affairs,
408 3541 139 42 Univ.
583 3541 52 40 of
668 3540 219 50 Georgia.

120 3646 279 63 Johnsen,
426 3646 155 53 Julia
612 3646 214 63 Emily.

287 3719 1824 70 … Freedom of speech, compiled by Julia E. Johnsen. New
123 3796 178 68 York,
327 3798 120 52 The
474 3797 76 53 H.
578 3798 91 52 W.
695 3797 223 55 Wilson
945 3815 297 51 company,
1274 3799 149 52 1936.

194 3868 85 41 317
302 3879 42 38 p.
397 3869 116 41 20cm.
576 3870 124 47 (The
724 3871 246 41 reference
993 3871 143 49 shelf,
1160 3881 43 30 v.
1229 3869 70 49 10,
1325 3880 75 34 no.
1426 3870 51 48 8)

195 3924 373 49 Bibliography:
597 3936 43 38 p.
672 3926 193 50 [11]-73.

123 3979 52 53 ©
206 3984 118 43 Aug.
357 3984 69 45 26,
460 3983 112 41 1936;
633 3984 68 41 2c.
736 3985 127 47 Sept.
894 3986 27 38 4;
984 3985 82 41 aff.
1102 3986 128 46 Sept.
1262 3985 26 40 3;
1351 3985 42 39 A
1422 3983 144 41 97661;
1629 3985 58 38 H.
1722 3985 71 39 W.
1827 3984 187 39 Wilson
2046 3994 67 31 co.

199 4040 278 46 (36-19384)
