2519 4377
1337 4072 134 49 1360

393 385 129 53 Van
552 386 217 64 Doren,
800 384 135 55 Carl
963 383 256 66 Clinton,
1251 390 172 50 1885-

463 462 186 54 Three
678 462 229 67 worlds,
935 462 75 68 by
1040 462 139 56 Carl
1208 463 131 54 Van
1367 464 212 52 Doren.
1645 464 139 53 New
1814 464 167 53 York
2009 465 111 52 and
2152 466 259 67 London,

392 542 235 68 Harper
658 543 50 50 &
737 540 279 68 brothers,
1048 544 150 52 1936.

464 614 606 49 4 p. l., 317 p., 1 l. 22½cm.
464 670 419 50 Autobiography.

467 729 164 41 “First
665 728 230 43 edition.”

749 786 196 41 CONTENTS.—First
982 787 181 40 world;
1204 787 479 41 Pre-war.—Second
1722 788 181 39 world:
1942 788 469 42 Post-war.—Third

394 844 152 40 world:
607 843 121 42 New
754 844 152 41 world
919 842 21 42 ?

390 898 55 53 ©
478 903 128 47 Sept.
636 902 72 46 17,
738 902 141 46 1936;
908 902 68 39 2c.
1009 902 128 48 Sept.
1169 902 81 47 16;
1285 902 80 39 aff.
1401 903 127 47 Sept.
1560 902 83 48 19;
1676 903 41 39 A
1746 903 173 46 98484;
1953 904 116 40 Carl
2098 905 106 39 Van
2237 906 177 45 Doren,

461 960 119 39 New
608 959 147 40 York.
825 958 283 52 (36-27409)

392 1035 131 54 Van
551 1036 198 64 Polen,
781 1037 285 64 Herman,
1098 1041 172 50 1889-

467 1114 122 53 The
618 1117 213 50 master
861 1113 167 68 plan;
1065 1119 377 63 government
1468 1113 245 54 without
1742 1113 283 69 taxation,
2052 1115 76 69 by
2156 1115 256 54 Herman

395 1193 132 53 Van
553 1192 198 54 Polen.
818 1192 236 69 Boston,
1082 1192 125 53 The
1234 1190 382 71 Christopher
1641 1191 340 71 publishing
2006 1194 175 53 house
2217 1227 11 34 [
2233 1201 19 21 c
2258 1198 133 49 1936]

467 1266 680 49 3 p. l., v-xi, 13-78 p. 20½cm.
470 1323 1944 51 “The author reports in this work a conversation … on government
397 1379 209 41 without
636 1379 525 43 taxation.”—Introd.

393 1433 54 54 ©
478 1438 128 40 June
636 1438 71 48 24,
740 1437 142 48 1936;
918 1437 68 41 2c.
1020 1437 116 48 July
1167 1437 83 48 13;
1286 1424 81 53 a&.
1403 1438 118 47 July
1552 1438 83 48 16;
1672 1439 41 39 A
1741 1438 172 49 96504;
1950 1439 321 48 Christopher
2305 1441 109 48 pub.

462 1495 166 41 house.
695 1494 283 50 (36-20495)

392 1571 177 65 Varè,
601 1571 266 67 Daniele,
901 1577 174 51 1880-

392 1650 2000 148 … The last empress. New York, Doubleday, Doran & company, inc., 1936.
464 1803 104 40 xvii
595 1815 59 38 p.,
684 1804 24 39 1
759 1834 24 17 l.,
812 1802 86 41 320
927 1814 42 38 p.
1027 1803 137 42 front.
1208 1802 174 50 (port.)
1410 1803 129 41 illus.
1570 1804 134 48 (incl.
1733 1804 141 50 plan)
1902 1805 173 49 plates.
2133 1805 55 40 21½
2222 1808 43 21 cm
2271 1838 8 8 .

464 1861 215 42 Initials.

465 1919 163 42 “First
649 1918 230 43 edition.”

465 1976 201 43 London
698 1977 186 41 edition
914 1977 68 49 (J.
1013 1976 230 49 Murray)
1270 1978 91 40 has
1393 1977 138 42 title:
1563 1978 102 41 The
1695 1978 97 41 last
1825 1977 51 43 of
1905 1980 85 40 the
2019 1989 270 40 empresses
2320 1980 94 40 and

392 2034 83 42 the
500 2035 205 49 passing
728 2035 129 40 from
884 2036 84 41 the
995 2036 79 40 old
1101 2033 157 43 China
1287 2039 51 37 to
1364 2036 82 41 the
1471 2046 121 31 new.

394 2088 54 54 ©
473 2094 121 47 Aug.
623 2095 39 47 7,
691 2093 142 47 1936;
861 2093 68 40 2c.
958 2093 95 39 and
1082 2093 83 40 aff.
1198 2094 127 47 Sept.
1354 2094 83 46 21;
1468 2094 41 39 A
1538 2092 172 48 98549;
1741 2093 303 49 Doubleday,
2073 2095 168 39 Doran
2270 2094 38 40 &
2334 2104 83 38 co.,

464 2149 91 42 inc.
625 2150 284 50 (36-27448)

392 2227 226 68 Whale,
644 2228 157 55 John
829 2226 232 67 Seldon,
1089 2233 172 51 1896-

464 2308 122 53 The
617 2306 298 55 Christian
944 2324 217 36 answer
1187 2310 59 50 to
1272 2307 96 52 the
1396 2306 259 68 problem
1683 2307 65 53 of
1776 2306 131 69 evil,
1932 2307 78 68 by
2037 2308 57 55 J.
2126 2307 56 56 S.
2210 2307 207 55 Whale

456 2383 1773 70 … London, Student Christian movement press [1936]
465 2458 57 42 96
549 2471 45 37 p.
653 2458 56 41 19½
742 2460 45 22 cm
791 2491 9 9 .

468 2516 190 41 “Books
690 2516 259 49 suggested
979 2516 82 40 for
1089 2514 198 42 further
1316 2513 262 51 reading”:
1612 2526 43 38 p.
1686 2515 159 41 95-96.

393 2569 2024 55 © 1c. Aug. 20, 1936; A ad int. 21766; pubd. June 26; J. S. Whale,
466 2631 305 47 Cambridge,
802 2630 237 49 England.
1107 2629 284 50 (36-20700)

394 2707 363 64 Whiteman,
786 2708 249 54 Luther.

470 2783 181 68 Glory
689 2784 199 68 roads;
926 2784 97 52 the
1060 2782 429 70 psychological
1527 2787 144 48 state
1709 2782 63 53 of
1812 2780 345 70 California,
2192 2782 74 68 by
397 2783 1989 135 Luther
550 2863 334 54 Whiteman
913 2862 113 53 and
1056 2861 230 57 Samuel
1314 2862 64 53 L.
1409 2860 198 55 Lewis.
1684 2860 139 55 New
1855 2861 181 60 York,
2065 2861 250 53 Thomas
2342 2860 72 55 Y.

399 2942 244 54 Crowell
685 2960 282 50 company
1013 2975 11 34 [
1031 2949 18 21 c
1054 2943 133 51 1936
1194 2975 11 33 ]

466 3025 45 29 x.
545 3013 86 40 267
665 3024 43 37 p.
769 3013 27 39 21½
859 3016 44 20 cm
908 3046 8 9 .

470 3070 102 39 “An
611 3072 212 46 attempt
859 3073 49 38 to
946 3071 169 38 record
1155 3071 112 46 only
1303 3080 131 29 some
1472 3070 51 39 of
1560 3071 83 39 the
1681 3070 158 40 better
1876 3070 176 40 known
2093 3071 231 40 crusades
2363 3069 51 41 of

399 3127 81 40 the
513 3127 284 47 depression
832 3137 157 37 years,
1026 3127 96 40 and
1156 3128 49 39 to
1240 3126 190 48 picture
1462 3127 113 47 only
1609 3137 131 30 some
1774 3127 52 40 of
1861 3128 83 40 the
1979 3137 132 30 more
2146 3128 267 47 important

396 3183 53 40 of
481 3186 163 39 recent
680 3182 479 42 messiahs.”—Pref.

396 3241 53 52 ©
478 3245 129 48 Sept.
632 3245 42 47 4,
701 3243 141 44 1936;
871 3244 67 39 2c.
969 3244 129 47 Sept.
1124 3243 83 47 22;
1237 3242 82 41 aff.
1348 3243 128 47 Sept.
1504 3241 82 48 19;
1617 3243 40 38 A
1684 3241 172 49 98507;
1886 3242 213 41 Thomas
2126 3242 53 40 Y.
2211 3242 206 41 Crowell

466 3312 67 30 co.
605 3301 283 48 (36-20437)

395 3377 321 66 Wiessner,
746 3377 294 63 Edmund,
1071 3377 172 54 1875-

467 3455 381 54 Kommentar
877 3472 69 34 zu
977 3453 283 53 Heinrich
1286 3451 416 56 Wittenwilers
1730 3452 176 69 Ring,
1934 3471 113 35 von
2075 3451 338 69 univ.-prof.

396 3533 84 54 dr.
508 3533 276 53 Edmund
809 3533 305 54 Wiessner.
1188 3530 260 71 Leipzig,
1472 3532 67 53 P.
1562 3532 253 67 Reclam,
1840 3530 141 69 jun.,
2008 3532 151 52 1936.

465 3606 86 41 331
569 3618 45 38 p.
666 3607 57 39 21½
756 3609 15 21 cm
806 3639 7 7 .
877 3606 193 50 (Added
1096 3609 122 47 t.-p.:
1240 3607 245 41 Deutsche
1503 3606 259 47 literatur;
1787 3605 276 49 sammlung
2080 3605 335 42 literarischer

397 3663 2017 50 kunst- und kulturdenkmaler in entwicklungsreihen … hrsg. von dr. H.
398 3722 353 40 Kindermann.
816 3722 151 41 Reihe
1005 3722 54 51 [4]
1125 3722 245 40 Realistik
1403 3722 85 41 des
1522 3721 444 49 spätmittelalters.
2047 3720 75 40 [bd.
2156 3718 42 42 3.
395 3720 2000 110 Ergänzungsband])

470 3835 346 50 Commentary
849 3839 50 38 to
931 3837 83 41 the
1046 3835 220 42 author's
1299 3836 186 41 edition
1518 3836 51 41 of
1601 3834 397 42 Wittenweiler’s
2031 3834 140 49 Ring,
2206 3833 208 50 Leipzig,

397 3892 1252 52 1931 (Deutsche literatur … Reihe [4] bd. 3)
396 3947 2002 54 © Mar. 10, 1936; 1c. July 17; A-Foreign 32568; Philipp Reclam jun.
478 4007 284 50 (36-21019)
