2519 4377
1091 4056 133 50 1499

161 407 242 63 Mundy,
432 406 228 64 Talbot,
695 408 170 53 1879-

234 481 272 69 Jimgrim
540 481 112 53 and
685 480 220 53 Allah’s
936 498 184 51 peace,
1148 480 73 68 by
1253 480 209 53 Talbot
1492 478 241 68 Mundy.
1809 477 137 54 New
1983 478 178 67 York,

162 559 258 63 London,
464 559 68 53 D.
578 555 577 71 Appleton-Century
1203 574 296 51 company,
1545 555 418 68 incorporated,
2010 557 147 51 1936.

234 629 80 48 vii,
354 628 85 42 279
476 639 42 38 p.
580 629 146 40 19½cm.

165 685 52 53 ©
247 690 127 47 Sept.
403 688 68 44 23.
502 688 139 47 1936;
673 688 66 39 2c.
772 688 127 47 Sept.
928 688 57 40 28;
1046 687 80 39 aff.
1159 688 126 46 Sept.
1317 686 54 41 29;
1432 688 35 38 A
1499 686 170 47 99631;
1698 687 51 39 T.
1782 686 195 47 Mundy,
2012 686 149 39 South

235 747 308 38 Manchester.
585 744 147 41 Conn.
799 742 279 50 (36-24947)

159 836 392 64 Muselwhite,
579 835 348 53 Katherine.

233 914 122 52 The
397 913 310 68 principles
749 912 111 53 and
906 912 248 68 practice
1195 911 64 54 of
1300 912 236 52 interior
1580 912 344 65 decoration,
1969 930 30 33 a
2045 917 116 47 text

163 992 201 68 giving
416 990 398 54 fundamental
865 991 154 67 laws,
1070 990 237 54 historic
1354 990 414 68 backgrounds,
1821 990 112 53 and
1985 990 179 53 colors

165 1070 138 52 with
347 1087 300 38 numerous
689 1070 154 52 color
882 1068 263 67 schemes,
1191 1066 269 69 designed
1507 1067 93 54 for
1645 1068 360 53 homemaker
2053 1068 108 52 and

164 1148 397 68 professional,
600 1147 75 66 by
716 1145 321 54 Katherine
1078 1146 385 67 Muselwhite;
1512 1146 288 68 drawings
1843 1146 73 67 by
1962 1145 202 54 Albert

164 1226 55 54 J.
259 1227 259 51 Burnett.
595 1225 110 53 Los
739 1224 266 67 Angeles,
1042 1225 138 52 New
1219 1224 162 53 York
1440 1229 119 62 [etc.]
1606 1223 402 58 Suttonhouse,
2047 1224 118 66 ltd.,

163 1307 149 50 1936.

230 1388 77 34 XV,
338 1377 86 39 452
459 1388 39 36 p.
561 1375 142 47 illus.,
736 1377 169 47 plates.
966 1375 144 41 26½cm.

233 1433 231 41 “Sources
498 1434 94 39 and
628 1430 298 43 references”
946 1444 8 28 :
988 1443 41 37 p.
1064 1431 217 41 428-434.

165 1485 52 53 ©
245 1491 126 37 June
399 1490 37 42 1,
466 1487 138 42 1936:
632 1490 67 38 2c.
728 1490 119 42 Aug.
877 1490 50 40 8;
960 1489 80 38 aff.
1073 1488 101 40 Oct.
1207 1489 80 46 13;
1321 1490 38 37 A
1389 1487 198 48 100022;
1623 1487 341 43 Suttonhouse,
1998 1487 82 39 ltd.

245 1546 279 47 (36-25225)

163 1636 279 52 National
468 1636 345 53 conference
838 1636 62 52 of
925 1636 178 53 social
1129 1636 181 53 work.

236 1713 379 67 Proceedings
646 1713 63 53 of
742 1714 92 51 the
868 1712 272 54 National
1173 1713 329 52 conference
1537 1712 63 52 of
1633 1712 172 53 social
1840 1713 173 66 work,
164 1712 1976 145 formerly
376 1790 269 54 National
680 1791 328 53 conference
1043 1792 62 53 of
1138 1790 265 54 charities
1438 1792 112 51 and
1584 1790 356 58 corrections,
1978 1797 56 46 at
2068 1792 96 51 the

164 1870 335 65 sixty-third
550 1869 208 52 annual
807 1871 209 51 session
1061 1870 131 51 held
1241 1871 57 51 in
1345 1869 262 52 Atlantic
1654 1869 152 67 City,
1854 1870 139 52 New
165 1871 1975 142 Jersey,
313 1949 135 64 May
488 1950 185 63 18-23,
711 1950 148 49 1936.
941 1947 289 67 [Chicago,
1267 1947 113 66 Ill.]
1423 1949 142 52 Pub.
1604 1948 95 52 for
1733 1949 121 52 The
1891 1949 272 52 National

165 2025 328 53 conference
534 2026 63 51 of
639 2025 170 53 social
855 2025 174 67 work,
1070 2026 120 53 The
1232 2025 335 68 University
1608 2027 62 51 of
1715 2026 250 67 Chicago
2007 2040 161 53 press

170 2107 192 62 [c1936]

237 2175 63 44 xi,
330 2176 84 38 655
442 2186 42 37 p.
542 2175 164 47 front.,
736 2177 123 46 port.
919 2175 144 39 22½cm.

165 2227 55 54 ©
258 2232 116 40 Nov.
413 2233 40 42 3,
491 2231 116 42 1936;
672 2230 67 42 2c.
779 2232 96 40 and
917 2231 81 42 aff.
1038 2233 117 39 Nov.
1198 2232 53 40 13;
1323 2234 38 38 A
1403 2232 170 48 99843;
1618 2233 110 39 Natl.
1789 2232 284 40 conference
2116 2235 51 38 of

237 2289 145 39 social
416 2289 145 47 work,
592 2289 275 48 Columbus,
899 2289 52 40 O.

164 2379 278 53 National
468 2379 316 54 industrial
808 2380 346 53 conference
1181 2381 199 52 board.

328 2454 1835 71 … Cost of living in the United States, 1914-1936, by M. Ada
166 2533 1999 73 Beney, Conference board Research staff … New York city,
163 2612 273 54 National
467 2612 307 53 industrial
805 2612 330 54 conference
1164 2614 197 68 board,
1391 2615 107 52 inc.
1552 2618 176 64 [c1936]

235 2687 64 46 ix,
325 2686 57 41 99
405 2697 43 38 p.
477 2686 109 40 incl.
615 2686 171 48 tables,
815 2686 179 49 diagrs.
1050 2686 147 43 23½cm.
1265 2687 97 49 (Its
1394 2689 208 49 Studies,
1633 2699 76 32 no.
1737 2688 111 48 228)

239 2743 1926 49 “Prepared by Miss M. Ada Beney … with the assistance of Miss
166 2799 146 41 Edith
344 2801 189 39 Turner
566 2800 96 39 and
696 2800 120 40 Miss
850 2802 184 39 Bertha
1066 2801 623 42 Jacobson.”—Foreword.

167 2854 53 53 ©
257 2860 117 43 Aug.
413 2857 69 48 28,
521 2857 141 48 1936;
702 2857 68 40 2c.
809 2858 94 39 and
944 2859 79 38 aff.
1066 2859 101 39 Oct.
1207 2858 52 41 2:
1300 2860 38 38 A
1378 2859 171 47 98749;
1590 2861 112 38 Natl.
1760 2859 260 40 industrial
236 2871 1913 82 conference
456 2914 163 48 board,
650 2915 90 39 inc.
808 2915 279 48 (36-27418)

163 3004 278 52 National
467 3004 206 63 league
701 3004 63 53 of
789 3021 224 36 women
1040 3009 219 52 voters.

237 3079 1831 71 The program explained; preface by Marguerite M. Wells …
164 3156 399 67 Washington,
584 3156 71 52 D.
682 3155 81 68 C.,
785 3157 121 52 The
928 3158 271 53 National
1221 3162 198 64 league
1445 3160 64 51 of
1530 3179 215 36 women
1771 3168 186 46 voters
1987 3165 171 64 [1936]

239 3229 100 47 viii,
379 3229 55 40 67
475 3240 42 37 p.
584 3229 117 41 23cm.

241 3285 128 39 “The
394 3285 316 47 explanation
738 3286 52 41 of
815 3287 81 40 the
922 3287 189 48 League
1138 3298 224 38 program
1389 3290 113 39 here
1527 3290 256 47 presented
1807 3290 89 41 has
1919 3291 119 40 been
170 3301 1978 87 prepared
348 3341 59 46 by
439 3342 79 39 the
547 3341 218 41 national
796 3352 225 39 program
1051 3343 252 41 chairman
1333 3346 95 39 and
1456 3345 161 41 edited
1646 3346 61 48 by
1737 3346 177 41 Louise
1943 3346 222 42 Leonard

171 3395 429 47 Wright.”—Pref.

242 3452 346 41 “References”
609 3465 8 28 :
649 3464 44 38 p.
722 3453 157 41 57-63.

168 3503 53 54 ©
254 3508 128 49 Sept.
413 3508 68 44 26.
511 3509 140 42 1936:
685 3509 67 40 2c.
785 3511 93 38 and
913 3511 80 40 aff.
1028 3511 102 41 Oct.
1163 3513 52 46 5;
1251 3513 39 39 A
1323 3511 170 44 99199;
1530 3514 112 39 Natl.
1696 3514 167 47 league
1897 3515 52 39 of
1983 3522 180 33 women

238 3568 174 39 voters,
442 3567 88 39 inc.
597 3566 280 50 (36-24622)

162 3640 145 52 New
334 3642 179 52 York.
589 3642 417 64 Metropolitan
1036 3661 269 37 museum
1333 3647 63 51 of
1421 3650 114 52 art.

328 3718 1835 69 … A special exhibition of glass from the museum collections.
167 3793 136 53 New
348 3795 177 66 York,
567 3795 246 55 October
855 3800 62 50 13
956 3802 58 49 to
1054 3799 316 53 November
1411 3803 84 63 29,
1537 3804 148 49 1936.
1803 3802 136 52 [New
1987 3802 176 66 York,

190 3875 149 64 c1936]

234 3944 80 47 vii,
343 3946 56 39 45
426 3956 41 38 p.,
512 3946 26 39 2
586 3978 9 7 l.
656 3947 85 40 col.
771 3948 163 50 front.,
963 3950 168 46 plates.
1192 3949 115 39 22cm.
