2519 4377
1048 4100 129 48 1311

175 522 88 41 280
303 532 43 37 p.
413 519 60 41 20½
502 521 45 22 cm
551 550 9 9 .

107 575 53 52 ©
193 579 119 46 Aug.
348 577 39 47 1,
422 576 140 45 1936;
598 574 68 41 2c.
732 573 66 39 and
833 572 82 42 aff.
950 572 119 46 Aug.
1104 571 83 46 24;
1223 571 40 38 A
1298 569 169 47 98068;
1507 569 52 41 F.
1596 568 49 39 L.
1683 566 164 49 Wood,
1885 566 213 47 Lynden,

175 633 162 42 Wash.
412 630 281 50 (36-18669)

126 736 197 62 [Wood,
349 734 281 52 Lambert
658 729 353 67 Alexander]
1043 733 324 51 1895-1918.

176 813 109 52 His
325 810 114 69 job,
478 812 193 51 letters
710 808 229 53 written
977 806 75 68 by
1092 822 31 34 a
1162 803 352 69 22-year-old
1553 802 314 54 lieutenant
1905 802 59 52 in
2005 802 93 53 the

106 889 178 54 world
312 907 116 34 war
453 894 58 47 to
536 886 88 54 his
651 890 230 64 parents
907 883 112 53 and
1046 883 188 53 others
1260 884 59 52 in
1347 881 246 69 Oregon.
1654 881 299 67 Portland,
1982 879 118 67 Or.,

105 966 240 55 Printed
371 964 77 70 by
475 964 96 55 the
598 961 412 70 Metropolitan
1039 980 173 51 press,
1243 963 151 52 1936.

174 1034 1379 56 3 p. l., xi-xvi, 104 p. front, (mounted port.) 24 cm .
177 1097 41 38 A
246 1106 106 31 new
381 1095 198 42 edition.
637 1095 101 40 The
769 1093 107 41 first
904 1092 183 42 edition
1117 1091 241 41 consisted
1390 1090 52 43 of
1471 1090 111 48 fifty
1612 1090 159 49 copies
1802 1090 79 41 for
1911 1090 191 49 private

104 1152 329 41 distribution,
494 1151 60 48 cf.
589 1150 352 41 Introduction.

108 1206 53 53 ©
190 1211 113 46 May
333 1209 68 49 15,
432 1209 140 46 1936;
604 1209 68 39 2c.
703 1208 126 40 June
855 1208 52 46 4;
942 1206 81 41 aff.
1055 1207 127 39 June
1211 1205 54 48 2;
1298 1206 40 38 A
1368 1204 171 48 95540;
1574 1204 347 48 Metropolitan
1950 1213 153 39 press.

187 1265 279 49 (36-18009)

112 1367 325 70 [Woolfolk,
462 1367 206 55 Josiah
694 1366 177 66 Pitts]
904 1371 172 50 1894-

179 1445 174 55 God’s
396 1444 114 68 lap,
555 1445 74 67 by
672 1444 147 54 Jack
858 1442 324 57 Woodford
1252 1442 210 68 [pseud.]
1541 1443 139 53 New
1724 1444 180 66 York,
107 1443 1970 135 Godwin
256 1527 171 65 [1936]

180 1596 84 43 281
293 1607 45 39 p.
397 1594 146 44 19½cm.

108 1650 54 53 ©
194 1655 118 47 Aug.
345 1654 69 48 25,
449 1652 139 48 1936;
624 1653 68 40 2c.
727 1653 119 46 Aug.
880 1651 81 48 22;
1000 1648 83 45 aff.
1121 1652 126 46 Sept.
1281 1651 82 48 16;
1398 1651 41 39 A
1472 1650 170 49 97839;
1680 1652 44 40 J.
1760 1652 51 41 P.
1846 1652 260 49 Woolfolk,

179 1710 299 48 Hollywood,
509 1709 142 42 Calif.
722 1708 279 49 (36-19262)

240 1810 1725 71 … Three gorgeous hussies. New York, Godwin [ c 1936]
179 1885 88 43 285
297 1896 43 38 p.
399 1885 57 41 19½
487 1888 45 21 cm
537 1919 9 9 .

182 1943 229 40 Author’s
439 1942 179 48 pseud.,
647 1941 193 41 Gordon
872 1941 164 48 Sayre,
1064 1942 51 39 at
1141 1941 124 40 head
1293 1940 53 40 of
1373 1941 122 41 title.

111 1996 54 54 ©
198 2001 127 47 Sept.
356 2000 69 49 21,
458 1999 116 41 1936;
632 1999 68 40 2c.
737 2000 126 47 Sept.
895 1998 84 47 21;
1011 1998 82 39 aff.
1128 1998 128 47 Sept.
1288 1998 83 47 26;
1408 1998 41 39 A
1481 1998 171 47 98677;
1688 1999 43 40 J.
1765 1999 51 40 P.
1849 1998 259 47 Woolfolk,

181 2056 300 47 Hollywood,
515 2056 145 41 Calif.
734 2055 279 48 (36-20240)

109 2159 276 65 Woolley,
409 2160 100 52 Sir
531 2158 248 54 Charles
801 2158 287 62 Leonard,
1116 2163 171 49 1880-

179 2237 323 65 Abraham;
552 2243 187 47 recent
784 2234 335 54 discoveries
1165 2235 111 53 and
1322 2235 246 53 Hebrew
1614 2234 234 69 origins,
1891 2236 75 67 by
2014 2235 94 55 Sir

111 2315 262 52 Leonard
399 2314 278 65 Woolley,
701 2334 48 32 d.
775 2332 142 35 litt.
980 2315 139 51 New
1145 2313 179 66 York,
1353 2313 62 55 C.
1446 2312 311 55 Scribner’s
1783 2331 145 48 sons,
1957 2317 150 50 1936.

181 2374 1033 61 3 p. l., 5-299 p. front. (map) 20½ cm .
115 2439 52 53 ©
192 2443 116 47 July
336 2443 69 47 17,
434 2442 140 47 1936;
605 2442 68 40 2c.
705 2442 114 46 July
847 2441 83 48 21;
962 2442 80 38 aff.
1073 2441 116 47 July
1218 2442 82 47 18;
1330 2441 42 40 A
1401 2441 171 48 96558;
1605 2441 204 41 Charles
1844 2440 267 43 Scribner's

184 2510 124 29 sons.
379 2499 280 48 (36-17874)

113 2602 374 63 Woolworth,
514 2604 138 51 Mrs.
681 2601 197 53 Laura
908 2600 286 65 (Fowler)

185 2677 278 53 Littleton
490 2677 242 67 Fowler,
760 2678 336 65 1803-1846;
1125 2694 31 34 a
1183 2674 340 71 missionary
1552 2681 58 48 to
1636 2676 96 53 the
1762 2675 257 69 republic
2046 2675 64 53 of

116 2753 200 69 Texas,
342 2754 325 67 1837-1846,
693 2753 281 68 compiled
999 2754 113 52 and
1136 2753 189 53 edited
1349 2753 76 69 by
1451 2754 191 52 Laura
1667 2754 225 53 Fowler
1916 2754 192 54 Wool-

118 2829 1915 72 worth (Mrs. J. D. Woolworth) … [Shreveport, La., c 1936]
187 2904 1838 49 3 p. l., 95 p. incl. illus., mounted port., facsims. (1 mounted) 23c m .
189 2958 71 41 On
287 2971 166 30 cover:
480 2961 40 38 A
549 2961 132 40 saint
704 2961 52 39 of
784 2962 81 39 the
890 2960 320 48 saddle-bags.

189 3015 224 42 Includes
443 3016 391 48 bibliographies.

120 3070 52 53 ©
204 3075 116 46 July
353 3076 69 47 31,
458 3073 139 48 1936;
635 3074 68 41 2c.
736 3075 120 47 Aug.
891 3075 52 46 6;
980 3075 82 40 aff.
1097 3076 120 46 Aug.
1252 3076 53 47 5;
1343 3076 43 39 A
1418 3075 171 50 97255;
1627 3077 50 39 L.
1715 3078 50 40 F.
1799 3078 313 48 Woolworth,

191 3131 305 50 Shreveport,
528 3132 83 40 La.
682 3131 279 48 (36-20223)

119 3231 335 65 Workman,
481 3233 199 63 Boyle,
710 3238 170 49 1868-

191 3309 125 66 Boy
320 3309 52 53 le
407 3309 363 53 Workman’s
803 3310 123 53 The
960 3310 117 67 city
1114 3310 129 53 that
1280 3329 170 50 grew,
1489 3331 60 36 as
1586 3312 120 53 told
1748 3318 57 48 to
1848 3313 263 54 Caroline

122 3385 258 68 Walker;
425 3384 396 70 illustrations,
865 3406 34 34 a
941 3388 168 53 series
1153 3387 65 54 of
1260 3389 247 67 original
1552 3408 108 49 pen
1707 3391 287 65 drawings
2041 3392 70 64 by

122 3462 239 55 Harriet
389 3464 231 53 Morton
653 3464 266 68 Holmes;
955 3463 140 54 with
1129 3466 319 55 additional
1480 3467 288 67 drawings
1802 3469 74 65 by
1912 3468 195 66 Orpha

123 3540 245 55 Klinker
394 3540 343 70 Carpenter;
767 3542 288 69 drawings
1084 3542 151 54 from
1260 3543 95 55 old
1383 3545 393 68 photographs
1805 3548 73 65 by
1907 3548 204 52 Daniel

126 3617 55 56 S.
219 3619 356 54 MacManus.
649 3621 114 52 Los
800 3620 266 68 Angeles,
1109 3621 120 54 The
1274 3621 320 55 Southland
1640 3623 333 69 publishing
2048 3643 30 33 co.,

125 3699 130 50 1935
303 3697 37 52 [i.
368 3715 42 35 e.
443 3700 150 64 1936]

191 3769 96 49 xiv,
318 3770 86 40 430
439 3781 41 37 p.
539 3770 136 40 front.
716 3769 171 51 (port.)
931 3770 128 42 illus.
1118 3771 56 40 23
1176 3773 44 22 cm
1223 3802 10 9 .

193 3824 1918 53 “First printing, December, 1935 … Third printing, January, 1936.”
195 3880 141 41 “This
372 3881 121 41 book
527 3892 100 30 was
664 3882 194 41 written
892 3882 258 48 originally
1185 3894 54 30 as
1275 3894 28 30 a
1339 3884 148 40 series
1522 3884 52 40 of
1610 3885 195 40 articles
1843 3885 156 40 which
124 3897 1971 86 appeared
331 3937 131 48 daily
496 3938 49 38 in
579 3938 82 41 the
694 3939 91 39 Los
821 3938 203 49 Angeles
1060 3938 203 49 evening
1293 3939 169 41 herald
1498 3941 94 39 and
1628 3949 195 36 express.

1872 3941 77 39 for
125 3942 1987 91 fifty-seven
295 3993 152 41 issues
476 3993 49 40 in
554 3993 492 42 1935.”—Foreword.
