2519 4377
1041 4087 99 55 507

88 451 147 63 Ogg,
265 450 272 53 Frederic
565 448 238 65 Austin,
836 451 169 54 1878-

156 525 1863 70 Essentials of American government, by Frederic A. Ogg …
86 603 1992 69 and P. Orman Ray … 2d ed. thoroughly rev. New York,
85 680 1989 70 London, D. Appleton-Century company, incorporated [ c 1936]
157 754 99 48 viii,
283 755 83 41 681
394 766 43 38 p.
494 754 115 40 23cm.
675 755 98 48 (On
799 765 162 29 cover:
987 756 100 40 The
1116 753 214 51 Century
1356 755 220 49 political
1601 756 186 41 science
1814 757 175 47 series)

158 812 88 39 “In
272 813 81 41 the
380 813 146 46 main,
556 812 98 40 this
681 813 188 40 volume
899 814 273 45 represents
1200 822 28 30 a
1257 813 346 40 condensation
1633 813 51 41 of
1712 824 87 29 our
88 813 1974 97 Introduction
221 872 49 38 to
301 869 257 41 American
589 871 326 46 government,
948 870 81 40 the
1061 868 111 41 fifth
1205 869 182 41 edition
1422 870 52 40 of
1504 869 156 40 which
1694 880 99 30 was
1826 870 253 49 published

86 929 48 39 in
169 925 349 43 1935.”—Pref.

158 983 345 42 “References”
533 987 51 38 at
611 985 91 40 end
732 984 51 41 of
810 985 117 39 each
956 984 214 48 chapter.

88 1051 52 53 ©
163 1056 112 47 Apr.
302 1055 68 48 20,
396 1055 113 40 1936
527 1066 9 36 ;
564 1055 66 40 2c.
658 1056 112 47 Apr.
798 1054 54 39 22
871 1065 8 36 ;
910 1054 81 41 aff.
1019 1055 113 47 Apr.
1159 1053 54 41 23
1233 1065 8 35 ;
1271 1055 39 38 A
1335 1053 171 48 93758;
1538 1055 51 41 F.
1616 1055 54 40 A.
1700 1054 114 49 Ogg,
1844 1055 239 48 Madison,

157 1113 130 46 Wis.,
317 1112 95 40 and
444 1113 50 40 P.
526 1112 180 40 Orman
738 1112 120 47 Ray,
890 1112 248 46 Berkeley,
1172 1110 143 41 Calif.
1386 1110 250 49 (36-9478)

87 1216 140 62 Oke,
253 1216 276 57 Richard.

156 1292 120 52 The
300 1291 110 69 boy
438 1290 151 53 from
613 1291 237 67 Apulia,
875 1291 74 68 by
976 1289 253 53 Richard
1258 1290 139 54 Oke.
1459 1291 258 66 London,
1744 1290 71 53 A.
1846 1290 238 65 Barker,

90 1371 98 52 ltd.
225 1373 171 63 (1936]

156 1444 89 41 328
269 1455 41 37 p.
367 1444 163 47 front.,
559 1444 184 47 geneal.
772 1444 154 40 tables
954 1442 48 49 (1
1029 1442 145 48 fold.)
1238 1443 117 39 22cm.

157 1499 359 41 “Authorities”
536 1511 8 29 :
577 1511 43 37 p.
651 1499 217 41 321-323.

89 1566 1995 54 © 1c. Apr. 3, 1936 ; A ad int. 21257 ; pubd. Feb. 3 ; Nigel Stansbury
160 1628 192 47 Millett,
383 1628 199 45 Oxford,
617 1628 236 46 England.
924 1625 250 49 (36-9833)

88 1731 380 63 Oppenheim,
498 1730 253 52 Edward
779 1728 264 65 Phillips,
1076 1735 171 49 1866-

219 1804 1866 69 … Un homme d’honneur (The gallows of chance) Traduit
90 1883 1383 69 par G. et P. Caillé. [Paris] Hachette [ 1935]
161 1958 85 40 240
285 1969 42 37 p.
396 1956 143 41 18½cm.
620 1956 96 50 (On
756 1967 167 30 cover:
968 1956 117 41 “Les
1125 1956 246 41 meilleurs
1412 1966 195 31 romans
1647 1956 306 50 étrangers”)

161 2017 62 38 At
250 2016 124 39 head
401 2015 51 39 of
478 2014 108 41 title
604 2025 8 29 :
645 2014 52 41 E.
727 2014 204 48 Phillips
961 2013 309 49 Oppenheim.

88 2082 1998 53 © Oct. 31, 1935 ; 1c. Feb. 20, 1936 ; A-Foreign 30774 ; Librairie Hachette.
169 2142 248 49 (36-9636)

91 2245 245 65 Pieters,
368 2246 301 64 Albertus,
702 2250 171 50 1869-

158 2322 120 52 The
305 2321 145 53 facts
477 2322 112 52 and
614 2320 295 70 mysteries
935 2319 64 53 of
1025 2320 94 52 the
1150 2318 292 55 Christian
1470 2316 151 56 faith
1640 2338 11 49 ;
1681 2339 30 34 a
1740 2320 154 53 brief
91 2324 1969 131 statement
283 2399 64 53 of
386 2400 97 52 the
521 2399 195 68 things
759 2397 322 55 Christians
1122 2397 231 68 believe,
1394 2399 112 52 and
1547 2398 94 53 the
1685 2416 225 37 reasons
1953 2400 131 68 why

92 2475 1992 71 they believe them, by Albertus Pieters … 2d enl. ed. Grand
92 2553 1986 73 Rapids, Mich., Wm. B. Eerdmans publishing company [ c 1933]
160 2629 83 40 213
273 2640 44 37 p.
377 2628 116 42 20cm.

92 2699 52 52 ©
173 2703 101 39 Oct.
302 2703 69 46 14,
399 2701 140 42 1933;
569 2700 66 40 2c.
666 2702 94 38 and
789 2700 81 41 aff.
900 2701 113 47 Apr.
1042 2700 68 48 10,
1140 2700 140 46 1936;
1312 2701 40 39 A
1380 2700 171 49 92869;
1582 2703 121 40 Wm.
1734 2704 54 40 B.
1819 2704 272 40 Eerdmans

161 2760 108 47 pub.
303 2769 65 30 co.
441 2757 250 48 (36-9452)

93 2863 120 52 The
237 2859 419 67 practitioners
678 2861 216 67 library
918 2860 63 54 of
1003 2859 276 55 medicine
1304 2861 110 53 and
1440 2880 252 50 surgery,
1754 2864 223 53 volume
2006 2867 80 50 10.

162 2938 1899 147 Dermatology and syphilology. New York, London, D. Appleton-Century company, incorporated [ c 1936]
165 3090 152 46 lxviii,
351 3090 111 40 1043
494 3100 42 37 p.
595 3090 142 47 illus.,
769 3090 178 47 diagrs.
1006 3089 146 41 25½cm.

167 3146 315 48 Supervising
513 3145 158 41 editor
689 3156 9 29 :
737 3145 182 48 George
956 3147 195 38 Blumer
1170 3157 8 33 ;
1214 3146 243 40 associate
1490 3146 156 42 editor
1666 3158 8 29 :
1713 3147 50 40 C.
1800 3147 105 48 Guy
1943 3149 144 40 Lane.

96 3212 52 52 ©
179 3217 111 47 May
321 3217 39 46 1,
390 3214 112 40 1936
520 3226 9 36 ;
562 3215 67 41 2c.
661 3216 95 38 and
787 3215 81 40 aff.
902 3216 113 46 May
1044 3216 27 37 4
1089 3226 9 35 ;
1132 3216 39 37 A
1203 3214 144 41 93968
1365 3226 8 35 ;
1409 3216 56 42 D.
1497 3216 478 49 Appleton-Century
2007 3227 80 40 co.,

165 3273 89 39 inc.

95 3374 220 53 Punch.
390 3391 49 36 V.
467 3377 114 61 190,
604 3392 87 35 no.
717 3377 152 62 4948,
893 3374 201 52 March
1119 3377 84 61 25,
1229 3378 149 49 1936.

97 3455 1992 53 © 1c. May 22, 1936; A ad int. 21453; pubd. Mar. 25; Herbert Heather,
167 3516 209 40 London.

98 3620 323 63 Randolph,
447 3620 203 55 Helen.

170 3696 118 51 The
336 3701 172 46 secret
555 3695 63 52 of
665 3693 142 57 Casa
856 3693 228 54 Grande
1153 3695 92 67 [by]
1297 3694 182 53 Helen
1529 3694 326 69 Randolph.
1948 3693 138 55 New

106 3770 1383 69 York, Chicago, A. L. Burt company [ c 1936]
171 3841 86 39 250
288 3852 42 36 p.
389 3842 148 40 front.
596 3842 146 40 20½cm.
807 3845 116 47 [Her
954 3844 220 39 Mexican
1210 3845 214 46 mystery
1459 3844 173 40 stories
1666 3844 78 40 for
1778 3845 117 47 girls]

175 3898 284 39 Illustrated
490 3899 361 47 lining-papers.

103 3967 52 51 ©
184 3971 111 47 Apr.
327 3971 67 47 27,
425 3971 112 40 1936
554 3983 9 35 ;
595 3972 68 40 2c.
694 3973 94 38 and
820 3971 81 46 aff.
934 3973 111 46 Apr.
1077 3971 55 41 29
1150 3983 9 36 ;
1192 3973 39 37 A
1262 3971 141 41 93871
1424 3983 9 35 ;
1467 3973 53 40 A.
1553 3973 50 39 L.
1637 3974 123 40 Burt
1791 3984 67 30 co.

181 4027 247 49 (36-9385)
