2519 4377
1334 4191 134 49 1266

385 484 263 65 Asbury,
676 485 278 65 Herbert,
985 490 172 49 1891-

458 563 123 52 The
639 562 226 53 French
922 567 260 62 quarter;
1245 583 72 33 an
1373 563 280 52 informal
1712 563 223 68 history
1994 564 64 54 of
2113 566 97 52 the
2268 566 141 52 New

389 640 244 54 Orleans
677 640 387 67 underworld,
1106 641 76 66 by
1224 641 253 53 Herbert
1519 641 249 68 Asbury.
1849 644 141 52 New
2036 643 181 67 York,
388 644 1996 138 London,
544 720 71 52 A.
642 720 71 52 A.
742 719 224 66 Knopf,
995 722 150 50 1936.

447 791 1963 50 7 p. l., [3]-462, xvi p., 1 l. front., illus., plates, ports., facsims. 22½cm.
391 857 52 53 ©
476 862 101 40 Oct.
609 862 39 47 5,
681 860 115 41 1936;
856 861 68 40 2c.
956 861 97 39 and
1085 861 82 40 aff.
1201 861 102 41 Oct.
1336 862 29 40 8;
1421 862 42 39 A
1493 861 175 41 100005;
1727 862 175 40 Alfred
1933 863 56 39 A.
2020 862 181 48 Knopf,
2234 862 91 41 inc.

395 1023 400 68 [Association
832 1025 64 52 of
935 1025 273 63 casualty
1242 1025 116 53 and
1395 1027 214 62 surety
1645 1024 362 66 executives,
2043 1026 142 53 New
2225 1025 161 54 York]

464 1101 437 54 Miscellaneous
932 1101 139 53 laws
1107 1100 274 70 affecting
1413 1100 346 55 automobile
1791 1100 253 69 liability
2079 1101 112 53 and

393 1100 2015 149 liability insurance. Revised to July 15, 1936. Copyright … by
393 1259 63 52 F.
492 1257 321 54 Robertson
844 1258 193 54 Jones.
1114 1256 139 54 New
1288 1256 164 54 York
1482 1256 115 70 city
1636 1256 385 70 [Association
2053 1257 65 54 of
2152 1259 256 68 casualty

392 1336 114 52 and
543 1341 156 48 surety
776 1335 338 68 executives]
1159 1338 150 51 1936.

462 1407 87 41 110
578 1418 43 37 p.
683 1408 118 42 24cm.

392 1475 53 54 ©
471 1481 120 46 Aug.
618 1480 70 45 27,
716 1480 142 47 1936;
888 1480 67 40 2c.
982 1480 98 40 and
1108 1480 81 40 aff.
1220 1481 129 47 Sept.
1377 1481 82 46 10;
1489 1481 41 39 A
1557 1481 172 47 98329;
1762 1482 50 38 F.
1843 1482 56 40 R.
1929 1482 163 48 Jones,
2120 1482 119 39 New
2265 1480 146 41 York.

472 1537 283 49 (36-19925)

390 1642 224 66 Bailey,
642 1645 209 63 Henry
880 1643 411 65 Christopher,
1323 1647 172 53 1878-

462 1723 55 51 A
543 1722 122 52 clue
694 1722 96 52 for
816 1723 111 52 Mr.
958 1724 256 52 Fortune;
1274 1722 219 68 Reggie
1520 1726 61 51 at
1603 1719 90 55 his
1720 1722 139 69 best,
1883 1722 77 69 by
1987 1724 79 53 H.
2097 1723 63 56 C.
2189 1721 222 70 Bailey.

391 1800 234 55 Garden
659 1800 153 68 City,
842 1802 69 52 N.
944 1802 92 66 Y.,
1065 1801 145 54 Pub.
1242 1802 96 52 for
1369 1802 96 52 the
1499 1800 192 56 Crime
1720 1801 148 68 club,
1899 1801 127 67 inc.,
2055 1801 76 68 by
391 1800 1996 146 Doubleday,

546 1880 202 52 Doran
772 1883 46 50 &
840 1897 282 50 company
1147 1880 128 66 inc.,
1304 1882 151 52 1936.

465 1950 598 51 6 p. l., 3-301 p. 20cm.
464 2008 165 42 “First
660 2008 231 43 edition.”

391 2063 53 53 ©
473 2068 121 45 Aug.
624 2067 72 48 20,
728 2067 114 41 1936;
902 2067 69 40 2c.
1002 2067 98 40 and
1131 2067 82 41 aff.
1248 2068 129 47 Sept.
1407 2067 57 40 21;
1524 2068 41 39 A
1596 2067 146 41 98548;
1801 2068 62 41 H.
1896 2068 49 41 G.
1978 2066 187 51 Bailey,
2198 2067 212 40 London.

476 2124 283 48 (36-19836)

392 2228 298 65 Blaisdell,
717 2229 147 54 Paul
891 2229 224 66 Henry,
1147 2234 172 51 1908-

466 2309 183 51 Three
690 2309 281 53 centuries
1009 2326 72 36 on
1121 2307 485 69 Winnipesaukee
1648 2308 109 68 [by]
1805 2309 149 52 Paul
1995 2308 77 52 H.
2116 2308 292 53 Blaisdell.

397 2386 281 63 Concord,
704 2387 68 52 N.
801 2387 77 52 H.
915 2387 260 67 [Printed
1204 2387 75 67 by
1306 2387 95 53 the
1430 2385 291 56 Rumford
1751 2403 175 52 press]
1961 2390 153 49 1936.

463 2462 55 39 77
545 2471 42 37 p.
649 2461 166 44 front.,
842 2461 173 48 plates,
1044 2461 118 41 fold.
1196 2471 122 38 map.
1381 2459 56 41 24½cm.

392 2513 54 53 ©
469 2518 115 47 Apr.
607 2517 72 47 27,
704 2517 114 41 1936;
872 2517 67 39 2c.
966 2517 97 39 and
1087 2518 82 39 aff.
1199 2517 128 48 Sept.
1353 2517 55 39 11;
1463 2517 41 39 A
1530 2516 172 48 97750;
1731 2517 51 39 P.
1809 2517 61 41 H.
1898 2515 253 50 Blaisdell,
2179 2515 233 50 Concord,

465 2575 55 39 N.
546 2576 60 39 H.
670 2573 283 50 (36-19285)

389 2677 235 66 Blaker,
658 2677 280 65 Richard,
974 2684 172 49 1893-

463 2752 1949 71 But beauty vanishes, by Richard Blaker … Indianapolis,
390 2834 1315 67 New York, The Bobbs-Merrill company [c1936]
462 2909 85 39 375
577 2919 44 37 p.
680 2908 147 41 20½cm.

465 2964 164 41 “First
661 2964 227 40 edition.”

394 3017 52 54 ©
476 3022 102 40 Oct.
608 3023 70 46 14,
708 3020 115 41 1936;
880 3021 68 40 2c.
978 3021 98 39 and
1105 3020 82 42 aff.
1221 3020 102 41 Oct.
1355 3021 55 40 17;
1470 3020 41 40 A
1536 3018 145 42 99405;
1742 3019 57 40 R.
1830 3018 197 48 Blaker,
2059 3017 213 41 London.

391 3141 246 64 Bogart,
666 3141 221 53 Ernest
913 3139 261 66 Ludlow,
1204 3140 174 56 1870-

467 3211 1942 74 Modern industry, by Ernest L. Bogart … and Charles E.
394 3291 2017 70 Landon … 2d ed. New York, London [etc.] Longmans.
397 3373 187 55 Green
615 3373 113 53 and
759 3392 97 43 co.,
889 3375 150 51 1936.

393 3442 1999 106 x p., 1 l., 704 p. illus. (incl. maps) diagrs. 22cm. (On cover: Longmans’ economics series)
468 3560 131 39 “The
627 3560 159 40 entire
815 3560 123 39 book
967 3560 90 39 has
1086 3559 117 40 been
1237 3558 189 41 revised
1458 3559 96 39 and
1582 3558 189 48 largely
1802 3555 493 43 rewritten.”—Pref.

467 3615 445 49 “Bibliographical
945 3614 141 42 note”
1118 3617 52 38 at
1200 3617 92 38 end
1323 3615 52 40 of
1405 3616 126 39 most
1560 3615 52 40 of
1640 3616 83 39 the
1752 3615 243 47 chapters.

395 3671 54 53 ©
478 3676 118 47 Aug.
627 3675 70 49 19,
728 3675 114 41 1936;
900 3675 69 40 2c.
1001 3675 96 39 and
1127 3674 82 41 aff.
1244 3675 127 47 Sept.
1398 3675 28 39 4;
1486 3674 42 39 A
1557 3673 146 41 98274;
1765 3673 292 48 Longmans,
2089 3672 158 41 Green
2277 3671 37 41 &
2343 3680 68 31 co.

477 3732 284 49 (36-19919)

392 3836 301 65 Bowman,
722 3838 206 53 James
955 3837 199 64 Cloyd,
1188 3842 171 49 1880-

464 3915 168 52 Tales
672 3915 152 52 from
864 3933 30 34 a
933 3914 245 53 Finnish
1215 3918 160 62 tupa,
1411 3914 76 65 by
1523 3913 194 54 James
1756 3912 186 66 Cloyd
1980 3912 277 51 Bowman
2295 3908 112 53 and

394 3992 273 66 Margery
715 3993 244 59 Bianco;
1008 3992 154 53 from
1209 4011 30 33 a
1283 3989 344 55 translation
1670 3990 75 66 by
1788 3988 125 54 Aili
1958 3986 447 59 Kolehmainen;

395 4070 260 68 pictured
682 4071 75 66 by
782 4072 193 56 Laura
1002 4072 261 55 Bannon.
1341 4068 270 64 Chicago,
1636 4069 71 52 A.
1733 4065 302 57 Whitman
2061 4069 45 50 &
2132 4083 97 42 co.,
2258 4067 149 50 1936.
