<alto xmlns="http://www.loc.gov/standards/alto/ns-v3#" xmlns:xsi="http://www.w3.org/2001/XMLSchema-instance" xsi:schemaLocation="http://www.loc.gov/standards/alto/ns-v3# http://www.loc.gov/alto/v3/alto-3-0.xsd"><Description>
<MeasurementUnit>pixel</MeasurementUnit>
<sourceImageInformation>
<fileName>1936_v33_Part1.pdf</fileName>
</sourceImageInformation>
<OCRProcessing ID="IdOcr">
<ocrProcessingStep>
<processingDateTime>2019-01-18</processingDateTime>
<processingSoftware>
<softwareCreator>ABBYY</softwareCreator>
<softwareName>ABBYY Recognition Server</softwareName>
<softwareVersion>4.0</softwareVersion>
</processingSoftware>
</ocrProcessingStep>
</OCRProcessing>
</Description>
<Styles>
<ParagraphStyle ALIGN="Left" FIRSTLINE="0." ID="StyleId-FFFFFFFF-FFFF-FFFF-FFFF-FFFFFFFFFFFF-" LEFT="0." RIGHT="0." />
<ParagraphStyle ALIGN="Left" FIRSTLINE="0." ID="StyleId-51D50FAC-7A90-4D70-8A96-5EA9D46D1C8B-" LEFT="0." LINESPACE="7.699999809" RIGHT="0." />
<ParagraphStyle ALIGN="Block" FIRSTLINE="-17." ID="StyleId-6BC133E9-7DCB-43C3-8842-A67984A26405-" LEFT="0." LINESPACE="8.340000153" RIGHT="0." />
<ParagraphStyle ALIGN="Left" FIRSTLINE="-13." ID="StyleId-3C3FF860-43E7-46A2-8934-48F305F6F0D6-" LEFT="0." LINESPACE="11.06999969" RIGHT="0." />
<ParagraphStyle ALIGN="Block" FIRSTLINE="-13." ID="StyleId-19220C76-4F8A-4737-B38C-B5F5C17E6040-" LEFT="0." LINESPACE="11.06999969" RIGHT="0." />
<ParagraphStyle ALIGN="Left" FIRSTLINE="0." ID="StyleId-75A0D721-13ED-4F20-9002-B389EC48477D-" LEFT="0." LINESPACE="15.5" RIGHT="0." />
<ParagraphStyle ALIGN="Left" FIRSTLINE="0." ID="StyleId-8A414184-C7A5-4AC7-9B88-7DA4DDE75922-" LEFT="0." LINESPACE="9.399999619" RIGHT="0." />
<ParagraphStyle ALIGN="Left" FIRSTLINE="0." ID="StyleId-1A87970B-111C-4169-99A6-9412976F3C97-" LEFT="0." LINESPACE="10.5" RIGHT="0." />
<ParagraphStyle ALIGN="Block" FIRSTLINE="-17." ID="StyleId-72DB0571-5AE4-41FD-9E11-68C6AC4C437E-" LEFT="0." LINESPACE="8.340000153" RIGHT="0." />
<ParagraphStyle ALIGN="Center" FIRSTLINE="0." ID="StyleId-1AA43056-C388-4697-B10F-72FDAA38FAE1-" LEFT="0." LINESPACE="10.5" RIGHT="0." />
</Styles>
<Layout>
<Page HEIGHT="4377" ID="Page818" PHYSICAL_IMG_NR="818" WIDTH="2519">
<TopMargin HEIGHT="452" HPOS="0" VPOS="0" WIDTH="2519">
</TopMargin>
<LeftMargin HEIGHT="3758" HPOS="0" VPOS="452" WIDTH="360">
</LeftMargin>
<RightMargin HEIGHT="3758" HPOS="2412" VPOS="452" WIDTH="107">
</RightMargin>
<BottomMargin HEIGHT="167" HPOS="0" VPOS="4210" WIDTH="2519">
</BottomMargin>
<PrintSpace HEIGHT="3758" HPOS="360" VPOS="452" WIDTH="2052">
<TextBlock HEIGHT="72" HPOS="1334" ID="Page818_Block1" LANG="en-US" STYLEREFS="StyleId-E20B92EB-C143-41D4-A39E-29F70E1A1A7C-" VPOS="4138" WIDTH="120">
<TextLine HEIGHT="51" HPOS="1345" VPOS="4148" WIDTH="99">
<String CONTENT="818" HEIGHT="51" HPOS="1345" VPOS="4148" WIDTH="99" />
</TextLine>
</TextBlock>
<TextBlock CS="1" HEIGHT="3694" HPOS="360" ID="Page818_Block2" LANG="en-US" STYLEREFS="StyleId-6D11332C-17F9-47E9-91F0-13978C85B25B-" VPOS="452" WIDTH="2052">
<Shape>
<Polygon POINTS="360,452 2412,452 2412,4064 1168,4064 1168,4146 360,4146 360,452" />
</Shape>
<TextLine HEIGHT="64" HPOS="371" STYLEREFS="StyleId-D9996010-10EC-43D5-99D5-648D492B3E47-" VPOS="462" WIDTH="574">
<String CONTENT="Beasley," HEIGHT="64" HPOS="371" VPOS="462" WIDTH="269" />
<SP HEIGHT="63" HPOS="641" VPOS="463" WIDTH="26" />
<String CONTENT="David" HEIGHT="55" HPOS="668" VPOS="462" WIDTH="191" />
<SP HEIGHT="55" HPOS="860" VPOS="463" WIDTH="26" />
<String CONTENT="S." HEIGHT="55" HPOS="887" VPOS="463" WIDTH="58" />
</TextLine>
<TextLine HEIGHT="72" HPOS="445" STYLEREFS="StyleId-D9996010-10EC-43D5-99D5-648D492B3E47-" VPOS="538" WIDTH="1939">
<String CONTENT="Business" HEIGHT="54" HPOS="445" VPOS="538" WIDTH="270" />
<SP HEIGHT="48" HPOS="716" VPOS="544" WIDTH="31" />
<String CONTENT="technic," HEIGHT="66" HPOS="748" VPOS="540" WIDTH="239" />
<SP HEIGHT="66" HPOS="988" VPOS="540" WIDTH="31" />
<String CONTENT="by" HEIGHT="69" HPOS="1020" VPOS="540" WIDTH="75" />
<SP HEIGHT="67" HPOS="1096" VPOS="542" WIDTH="31" />
<String CONTENT="David" HEIGHT="54" HPOS="1128" VPOS="540" WIDTH="194" />
<SP HEIGHT="55" HPOS="1323" VPOS="541" WIDTH="36" />
<String CONTENT="S." HEIGHT="55" HPOS="1360" VPOS="541" WIDTH="56" />
<SP HEIGHT="50" HPOS="1417" VPOS="543" WIDTH="34" />
<String CONTENT="Beasley;" HEIGHT="68" HPOS="1452" VPOS="541" WIDTH="268" />
<SP HEIGHT="50" HPOS="1721" VPOS="560" WIDTH="36" />
<String CONTENT="prepared" HEIGHT="68" HPOS="1758" VPOS="542" WIDTH="283" />
<SP HEIGHT="53" HPOS="2042" VPOS="542" WIDTH="30" />
<String CONTENT="under" HEIGHT="52" HPOS="2073" VPOS="543" WIDTH="181" />
<SP HEIGHT="47" HPOS="2255" VPOS="548" WIDTH="33" />
<String CONTENT="the" HEIGHT="51" HPOS="2289" VPOS="544" WIDTH="95" />
</TextLine>
<TextLine CS="1" HEIGHT="71" HPOS="371" STYLEREFS="StyleId-D9996010-10EC-43D5-99D5-648D492B3E47-" VPOS="617" WIDTH="1950">
<String CONTENT="supervision" HEIGHT="69" HPOS="371" VPOS="617" WIDTH="358" />
<SP HEIGHT="35" HPOS="730" VPOS="635" WIDTH="29" />
<String CONTENT="of" HEIGHT="53" HPOS="760" VPOS="617" WIDTH="65" />
<SP HEIGHT="54" HPOS="826" VPOS="617" WIDTH="28" />
<String CONTENT="the" HEIGHT="53" HPOS="855" VPOS="618" WIDTH="95" />
<SP HEIGHT="35" HPOS="951" VPOS="637" WIDTH="28" />
<String CONTENT="editorial" HEIGHT="53" HPOS="980" VPOS="619" WIDTH="267" />
<SP HEIGHT="53" HPOS="1248" VPOS="619" WIDTH="29" />
<String CONTENT="board" HEIGHT="52" HPOS="1278" VPOS="620" WIDTH="177" />
<SP HEIGHT="51" HPOS="1456" VPOS="621" WIDTH="30" />
<String CONTENT="of" HEIGHT="53" HPOS="1487" VPOS="619" WIDTH="63" />
<SP HEIGHT="54" HPOS="1551" VPOS="619" WIDTH="28" />
<String CONTENT="the" HEIGHT="53" HPOS="1580" VPOS="620" WIDTH="96" />
<SP HEIGHT="54" HPOS="1677" VPOS="621" WIDTH="27" />
<String CONTENT="University" HEIGHT="68" HPOS="1705" VPOS="620" WIDTH="340" />
<SP HEIGHT="49" HPOS="2046" VPOS="639" WIDTH="28" />
<String CONTENT="society" HEIGHT="66" HPOS="2075" VPOS="622" WIDTH="210" />
<SP HEIGHT="48" HPOS="2286" VPOS="640" WIDTH="35" />
<String CONTENT="&#8230;" CS="1" />
</TextLine>
<TextLine CS="1" HEIGHT="70" HPOS="373" STYLEREFS="StyleId-D9996010-10EC-43D5-99D5-648D492B3E47-" VPOS="697" WIDTH="1815">
<String CONTENT="New" HEIGHT="53" HPOS="373" VPOS="697" WIDTH="139" />
<SP HEIGHT="52" HPOS="513" VPOS="697" WIDTH="35" />
<String CONTENT="York," HEIGHT="69" HPOS="549" VPOS="697" WIDTH="183" />
<SP HEIGHT="68" HPOS="733" VPOS="698" WIDTH="34" />
<String CONTENT="The" HEIGHT="52" HPOS="768" VPOS="698" WIDTH="123" />
<SP HEIGHT="54" HPOS="892" VPOS="698" WIDTH="33" />
<String CONTENT="University" HEIGHT="69" HPOS="926" VPOS="697" WIDTH="338" />
<SP HEIGHT="49" HPOS="1265" VPOS="717" WIDTH="38" />
<String CONTENT="society," HEIGHT="70" HPOS="1304" VPOS="697" WIDTH="230" />
<SP HEIGHT="70" HPOS="1535" VPOS="697" WIDTH="31" />
<String CONTENT="incorporated" HEIGHT="70" HPOS="1567" VPOS="697" WIDTH="401" />
<SP HEIGHT="67" HPOS="1969" VPOS="700" WIDTH="42" />
<String CONTENT="[" CS="1" />
<String CONTENT="c" HEIGHT="21" HPOS="2030" STYLE="superscript" VPOS="707" WIDTH="17" />
<String CONTENT="1936]" CS="1" HEIGHT="50" HPOS="2053" VPOS="704" WIDTH="135" />
</TextLine>
<TextLine CS="1" HEIGHT="53" HPOS="445" STYLEREFS="StyleId-D9996010-10EC-43D5-99D5-648D492B3E47-" VPOS="769" WIDTH="1878">
<String CONTENT="viii," HEIGHT="48" HPOS="445" VPOS="770" WIDTH="101" />
<SP HEIGHT="47" HPOS="547" VPOS="771" WIDTH="30" />
<String CONTENT="129" HEIGHT="42" HPOS="578" VPOS="770" WIDTH="89" />
<SP HEIGHT="48" HPOS="668" VPOS="771" WIDTH="26" />
<String CONTENT="p." HEIGHT="38" HPOS="695" VPOS="781" WIDTH="43" />
<SP HEIGHT="40" HPOS="739" VPOS="771" WIDTH="59" />
<String CONTENT="diagr." HEIGHT="50" HPOS="799" VPOS="769" WIDTH="155" />
<SP HEIGHT="40" HPOS="955" VPOS="771" WIDTH="58" />
<String CONTENT="20&#189;cm." CS="1" HEIGHT="40" HPOS="1014" VPOS="771" WIDTH="146" />
<SP HEIGHT="47" HPOS="1161" VPOS="770" WIDTH="70" />
<String CONTENT="(Personal" HEIGHT="47" HPOS="1232" VPOS="770" WIDTH="258" />
<SP HEIGHT="39" HPOS="1491" VPOS="772" WIDTH="29" />
<String CONTENT="engineering" HEIGHT="50" HPOS="1521" VPOS="771" WIDTH="314" />
<SP HEIGHT="39" HPOS="1836" VPOS="782" WIDTH="27" />
<String CONTENT="series." HEIGHT="41" HPOS="1864" VPOS="772" WIDTH="165" />
<SP HEIGHT="30" HPOS="2030" VPOS="792" WIDTH="63" />
<String CONTENT="[vol." CS="1" HEIGHT="38" HPOS="2108" VPOS="774" WIDTH="90" />
<SP HEIGHT="26" HPOS="2199" VPOS="785" WIDTH="31" />
<String CONTENT="VI])" CS="1" HEIGHT="46" HPOS="2309" VPOS="774" WIDTH="14" />
</TextLine>
<TextLine HEIGHT="49" HPOS="446" STYLEREFS="StyleId-D9996010-10EC-43D5-99D5-648D492B3E47-" VPOS="828" WIDTH="705">
<String CONTENT="Bibliography:" HEIGHT="49" HPOS="446" VPOS="828" WIDTH="381" />
<SP HEIGHT="38" HPOS="828" VPOS="839" WIDTH="29" />
<String CONTENT="p." HEIGHT="38" HPOS="858" VPOS="839" WIDTH="44" />
<SP HEIGHT="40" HPOS="903" VPOS="830" WIDTH="30" />
<String CONTENT="128-129." HEIGHT="42" HPOS="934" VPOS="828" WIDTH="217" />
</TextLine>
<TextLine CS="1" HEIGHT="57" HPOS="374" VPOS="890" WIDTH="2015">
<String CONTENT="&#169;" HEIGHT="54" HPOS="374" VPOS="890" WIDTH="53" />
<SP HEIGHT="54" HPOS="428" VPOS="890" WIDTH="27" />
<String CONTENT="May" HEIGHT="47" HPOS="456" VPOS="896" WIDTH="114" />
<SP HEIGHT="47" HPOS="571" VPOS="896" WIDTH="28" />
<String CONTENT="7," HEIGHT="47" HPOS="600" VPOS="896" WIDTH="39" />
<SP HEIGHT="48" HPOS="640" VPOS="895" WIDTH="28" />
<String CONTENT="1936;" HEIGHT="49" HPOS="669" VPOS="893" WIDTH="142" />
<SP HEIGHT="48" HPOS="812" VPOS="894" WIDTH="29" />
<String CONTENT="2c." HEIGHT="41" HPOS="842" VPOS="894" WIDTH="68" />
<SP HEIGHT="39" HPOS="911" VPOS="896" WIDTH="25" />
<String CONTENT="May" HEIGHT="47" HPOS="937" VPOS="896" WIDTH="115" />
<SP HEIGHT="49" HPOS="1053" VPOS="894" WIDTH="27" />
<String CONTENT="27;" CS="1" HEIGHT="41" HPOS="1081" VPOS="894" WIDTH="55" />
<SP HEIGHT="36" HPOS="1165" VPOS="906" WIDTH="31" />
<String CONTENT="aff." HEIGHT="41" HPOS="1197" VPOS="895" WIDTH="83" />
<SP HEIGHT="40" HPOS="1281" VPOS="896" WIDTH="29" />
<String CONTENT="May" HEIGHT="47" HPOS="1311" VPOS="896" WIDTH="114" />
<SP HEIGHT="48" HPOS="1426" VPOS="895" WIDTH="26" />
<String CONTENT="25;" HEIGHT="48" HPOS="1453" VPOS="895" WIDTH="84" />
<SP HEIGHT="47" HPOS="1538" VPOS="896" WIDTH="29" />
<String CONTENT="A" HEIGHT="40" HPOS="1568" VPOS="896" WIDTH="42" />
<SP HEIGHT="42" HPOS="1611" VPOS="894" WIDTH="28" />
<String CONTENT="95406;" HEIGHT="50" HPOS="1640" VPOS="894" WIDTH="171" />
<SP HEIGHT="47" HPOS="1812" VPOS="897" WIDTH="33" />
<String CONTENT="University" HEIGHT="50" HPOS="1846" VPOS="895" WIDTH="287" />
<SP HEIGHT="38" HPOS="2134" VPOS="907" WIDTH="24" />
<String CONTENT="soc.," HEIGHT="40" HPOS="2159" VPOS="907" WIDTH="109" />
<SP HEIGHT="50" HPOS="2269" VPOS="897" WIDTH="27" />
<String CONTENT="inc." HEIGHT="41" HPOS="2297" VPOS="897" WIDTH="92" />
</TextLine>
<TextLine HEIGHT="48" HPOS="455" VPOS="959" WIDTH="283">
<String CONTENT="(36-13813)" HEIGHT="48" HPOS="455" VPOS="959" WIDTH="283" />
</TextLine>
<TextLine HEIGHT="67" HPOS="373" STYLEREFS="StyleId-D9996010-10EC-43D5-99D5-648D492B3E47-" VPOS="1062" WIDTH="711">
<String CONTENT="Benton," HEIGHT="64" HPOS="373" VPOS="1062" WIDTH="250" />
<SP HEIGHT="63" HPOS="624" VPOS="1063" WIDTH="25" />
<String CONTENT="Roger," HEIGHT="64" HPOS="650" VPOS="1063" WIDTH="214" />
<SP HEIGHT="48" HPOS="865" VPOS="1081" WIDTH="23" />
<String CONTENT="pseud." HEIGHT="66" HPOS="889" VPOS="1063" WIDTH="195" />
</TextLine>
<TextLine HEIGHT="72" HPOS="443" STYLEREFS="StyleId-D9996010-10EC-43D5-99D5-648D492B3E47-" VPOS="1137" WIDTH="1945">
<String CONTENT="Where" HEIGHT="55" HPOS="443" VPOS="1137" WIDTH="208" />
<SP HEIGHT="53" HPOS="652" VPOS="1138" WIDTH="35" />
<String CONTENT="do" HEIGHT="53" HPOS="688" VPOS="1138" WIDTH="72" />
<SP HEIGHT="53" HPOS="761" VPOS="1138" WIDTH="31" />
<String CONTENT="I" HEIGHT="52" HPOS="793" VPOS="1138" WIDTH="32" />
<SP HEIGHT="70" HPOS="826" VPOS="1138" WIDTH="34" />
<String CONTENT="go" HEIGHT="51" HPOS="861" VPOS="1157" WIDTH="72" />
<SP HEIGHT="54" HPOS="934" VPOS="1137" WIDTH="36" />
<String CONTENT="from" HEIGHT="54" HPOS="971" VPOS="1137" WIDTH="153" />
<SP HEIGHT="52" HPOS="1125" VPOS="1139" WIDTH="34" />
<String CONTENT="here?" HEIGHT="54" HPOS="1160" VPOS="1138" WIDTH="166" />
<SP HEIGHT="53" HPOS="1327" VPOS="1138" WIDTH="74" />
<String CONTENT="The" HEIGHT="53" HPOS="1402" VPOS="1139" WIDTH="122" />
<SP HEIGHT="53" HPOS="1525" VPOS="1139" WIDTH="31" />
<String CONTENT="life" HEIGHT="55" HPOS="1557" VPOS="1137" WIDTH="107" />
<SP HEIGHT="36" HPOS="1665" VPOS="1157" WIDTH="33" />
<String CONTENT="story" HEIGHT="65" HPOS="1699" VPOS="1144" WIDTH="157" />
<SP HEIGHT="52" HPOS="1857" VPOS="1157" WIDTH="34" />
<String CONTENT="of" HEIGHT="55" HPOS="1892" VPOS="1138" WIDTH="65" />
<SP HEIGHT="54" HPOS="1958" VPOS="1138" WIDTH="34" />
<String CONTENT="a" HEIGHT="34" HPOS="1993" VPOS="1158" WIDTH="32" />
<SP HEIGHT="54" HPOS="2026" VPOS="1138" WIDTH="36" />
<String CONTENT="forger;" HEIGHT="71" HPOS="2063" VPOS="1138" WIDTH="225" />
<SP HEIGHT="46" HPOS="2289" VPOS="1158" WIDTH="38" />
<String CONTENT="as" HEIGHT="36" HPOS="2328" VPOS="1158" WIDTH="60" />
</TextLine>
<TextLine HEIGHT="73" HPOS="375" STYLEREFS="StyleId-D9996010-10EC-43D5-99D5-648D492B3E47-" VPOS="1215" WIDTH="2013">
<String CONTENT="told" HEIGHT="54" HPOS="375" VPOS="1215" WIDTH="120" />
<SP HEIGHT="53" HPOS="496" VPOS="1217" WIDTH="35" />
<String CONTENT="to" HEIGHT="48" HPOS="532" VPOS="1222" WIDTH="59" />
<SP HEIGHT="54" HPOS="592" VPOS="1216" WIDTH="35" />
<String CONTENT="Robert" HEIGHT="53" HPOS="628" VPOS="1216" WIDTH="217" />
<SP HEIGHT="56" HPOS="846" VPOS="1215" WIDTH="37" />
<String CONTENT="O." HEIGHT="56" HPOS="884" VPOS="1215" WIDTH="68" />
<SP HEIGHT="52" HPOS="953" VPOS="1218" WIDTH="39" />
<String CONTENT="Ballou" HEIGHT="53" HPOS="993" VPOS="1217" WIDTH="210" />
<SP HEIGHT="53" HPOS="1204" VPOS="1217" WIDTH="34" />
<String CONTENT="by" HEIGHT="70" HPOS="1239" VPOS="1217" WIDTH="76" />
<SP HEIGHT="70" HPOS="1316" VPOS="1217" WIDTH="37" />
<String CONTENT="Roger" HEIGHT="70" HPOS="1354" VPOS="1217" WIDTH="191" />
<SP HEIGHT="51" HPOS="1546" VPOS="1219" WIDTH="40" />
<String CONTENT="Benton;" HEIGHT="67" HPOS="1587" VPOS="1219" WIDTH="254" />
<SP HEIGHT="69" HPOS="1842" VPOS="1217" WIDTH="42" />
<String CONTENT="introduction" HEIGHT="54" HPOS="1885" VPOS="1217" WIDTH="391" />
<SP HEIGHT="54" HPOS="2277" VPOS="1217" WIDTH="35" />
<String CONTENT="by" HEIGHT="71" HPOS="2313" VPOS="1217" WIDTH="75" />
</TextLine>
<TextLine CS="1" HEIGHT="72" HPOS="374" STYLEREFS="StyleId-D9996010-10EC-43D5-99D5-648D492B3E47-" VPOS="1293" WIDTH="1776">
<String CONTENT="Lewis" HEIGHT="56" HPOS="374" VPOS="1293" WIDTH="185" />
<SP HEIGHT="53" HPOS="560" VPOS="1296" WIDTH="24" />
<String CONTENT="E." HEIGHT="53" HPOS="585" VPOS="1296" WIDTH="67" />
<SP HEIGHT="53" HPOS="653" VPOS="1296" WIDTH="28" />
<String CONTENT="Lawes" HEIGHT="53" HPOS="682" VPOS="1296" WIDTH="199" />
<SP HEIGHT="34" HPOS="882" VPOS="1315" WIDTH="29" />
<String CONTENT="&#8230;" CS="1" />
<SP HEIGHT="52" HPOS="970" VPOS="1296" WIDTH="65" />
<String CONTENT="New" HEIGHT="52" HPOS="1036" VPOS="1296" WIDTH="139" />
<SP HEIGHT="52" HPOS="1176" VPOS="1296" WIDTH="27" />
<String CONTENT="York," HEIGHT="68" HPOS="1204" VPOS="1295" WIDTH="181" />
<SP HEIGHT="67" HPOS="1386" VPOS="1296" WIDTH="26" />
<String CONTENT="L." HEIGHT="52" HPOS="1413" VPOS="1296" WIDTH="64" />
<SP HEIGHT="52" HPOS="1478" VPOS="1296" WIDTH="28" />
<String CONTENT="Furman," HEIGHT="69" HPOS="1507" VPOS="1296" WIDTH="277" />
<SP HEIGHT="69" HPOS="1785" VPOS="1296" WIDTH="26" />
<String CONTENT="inc." HEIGHT="54" HPOS="1812" VPOS="1296" WIDTH="108" />
<SP HEIGHT="33" HPOS="1921" VPOS="1330" WIDTH="32" />
<String CONTENT="[" CS="1" />
<String CONTENT="c" HEIGHT="22" HPOS="1970" STYLE="superscript" VPOS="1302" WIDTH="22" />
<String CONTENT="1936]" HEIGHT="66" HPOS="1995" VPOS="1298" WIDTH="155" />
</TextLine>
<TextLine CS="1" HEIGHT="50" HPOS="447" VPOS="1368" WIDTH="566">
<String CONTENT="xiii," HEIGHT="49" HPOS="447" VPOS="1369" WIDTH="103" />
<SP HEIGHT="47" HPOS="551" VPOS="1371" WIDTH="34" />
<String CONTENT="13-314" HEIGHT="42" HPOS="586" VPOS="1369" WIDTH="174" />
<SP HEIGHT="48" HPOS="761" VPOS="1369" WIDTH="31" />
<String CONTENT="p." HEIGHT="37" HPOS="793" VPOS="1380" WIDTH="44" />
<SP HEIGHT="40" HPOS="838" VPOS="1368" WIDTH="58" />
<String CONTENT="21cm." CS="1" HEIGHT="42" HPOS="897" VPOS="1368" WIDTH="116" />
</TextLine>
<TextLine CS="1" HEIGHT="53" HPOS="377" VPOS="1434" WIDTH="2015">
<String CONTENT="&#169;" HEIGHT="53" HPOS="377" VPOS="1434" WIDTH="53" />
<SP HEIGHT="53" HPOS="431" VPOS="1434" WIDTH="26" />
<String CONTENT="June" HEIGHT="41" HPOS="458" VPOS="1438" WIDTH="129" />
<SP HEIGHT="40" HPOS="588" VPOS="1439" WIDTH="24" />
<String CONTENT="10," HEIGHT="48" HPOS="613" VPOS="1437" WIDTH="70" />
<SP HEIGHT="48" HPOS="684" VPOS="1437" WIDTH="28" />
<String CONTENT="1936;" CS="1" HEIGHT="41" HPOS="713" VPOS="1437" WIDTH="118" />
<SP HEIGHT="47" HPOS="856" VPOS="1437" WIDTH="30" />
<String CONTENT="2c." HEIGHT="41" HPOS="887" VPOS="1437" WIDTH="66" />
<SP HEIGHT="40" HPOS="954" VPOS="1437" WIDTH="29" />
<String CONTENT="June" HEIGHT="40" HPOS="984" VPOS="1437" WIDTH="130" />
<SP HEIGHT="39" HPOS="1115" VPOS="1437" WIDTH="23" />
<String CONTENT="11;" HEIGHT="47" HPOS="1139" VPOS="1437" WIDTH="82" />
<SP HEIGHT="37" HPOS="1222" VPOS="1447" WIDTH="32" />
<String CONTENT="aff." HEIGHT="41" HPOS="1255" VPOS="1436" WIDTH="82" />
<SP HEIGHT="39" HPOS="1338" VPOS="1438" WIDTH="30" />
<String CONTENT="June" HEIGHT="40" HPOS="1369" VPOS="1438" WIDTH="127" />
<SP HEIGHT="40" HPOS="1497" VPOS="1438" WIDTH="28" />
<String CONTENT="12;" HEIGHT="47" HPOS="1526" VPOS="1437" WIDTH="83" />
<SP HEIGHT="47" HPOS="1610" VPOS="1437" WIDTH="27" />
<String CONTENT="A" HEIGHT="40" HPOS="1638" VPOS="1437" WIDTH="42" />
<SP HEIGHT="41" HPOS="1681" VPOS="1437" WIDTH="27" />
<String CONTENT="94901;" HEIGHT="48" HPOS="1709" VPOS="1437" WIDTH="171" />
<SP HEIGHT="47" HPOS="1881" VPOS="1438" WIDTH="32" />
<String CONTENT="Lee" HEIGHT="41" HPOS="1914" VPOS="1438" WIDTH="93" />
<SP HEIGHT="41" HPOS="2008" VPOS="1438" WIDTH="30" />
<String CONTENT="Furman," HEIGHT="48" HPOS="2039" VPOS="1438" WIDTH="231" />
<SP HEIGHT="49" HPOS="2271" VPOS="1437" WIDTH="29" />
<String CONTENT="inc." HEIGHT="41" HPOS="2301" VPOS="1437" WIDTH="91" />
</TextLine>
<TextLine HEIGHT="48" HPOS="458" VPOS="1501" WIDTH="284">
<String CONTENT="(36-14131)" HEIGHT="48" HPOS="458" VPOS="1501" WIDTH="284" />
</TextLine>
<TextLine HEIGHT="67" HPOS="377" STYLEREFS="StyleId-D9996010-10EC-43D5-99D5-648D492B3E47-" VPOS="1604" WIDTH="898">
<String CONTENT="Brachet," HEIGHT="66" HPOS="377" VPOS="1604" WIDTH="277" />
<SP HEIGHT="66" HPOS="655" VPOS="1604" WIDTH="29" />
<String CONTENT="Albert," HEIGHT="67" HPOS="685" VPOS="1604" WIDTH="230" />
<SP HEIGHT="61" HPOS="916" VPOS="1610" WIDTH="31" />
<String CONTENT="1869-1930." HEIGHT="51" HPOS="948" VPOS="1610" WIDTH="327" />
</TextLine>
<TextLine CS="1" HEIGHT="147" HPOS="379" LANG="fr" STYLEREFS="StyleId-D9996010-10EC-43D5-99D5-648D492B3E47-" VPOS="1680" WIDTH="1989">
<String CONTENT="&#8230;" CS="1" LANG="en-US" />
<SP HEIGHT="51" HPOS="509" VPOS="1682" WIDTH="41" />
<String CONTENT="Trait&#233;" HEIGHT="53" HPOS="551" VPOS="1681" WIDTH="199" />
<SP HEIGHT="53" HPOS="751" VPOS="1681" WIDTH="32" />
<String CONTENT="d&#8217;embryologie" HEIGHT="71" HPOS="784" VPOS="1680" WIDTH="445" />
<SP HEIGHT="52" HPOS="1230" VPOS="1682" WIDTH="34" />
<String CONTENT="des" HEIGHT="52" HPOS="1265" VPOS="1682" WIDTH="96" />
<SP HEIGHT="34" HPOS="1362" VPOS="1700" WIDTH="36" />
<String CONTENT="vert&#233;br&#233;s." HEIGHT="54" HPOS="1399" VPOS="1681" WIDTH="301" />
<SP HEIGHT="51" HPOS="1701" VPOS="1684" WIDTH="71" />
<String CONTENT="2." HEIGHT="50" HPOS="1773" VPOS="1684" WIDTH="48" />
<SP HEIGHT="53" HPOS="1822" VPOS="1681" WIDTH="35" />
<String CONTENT="&#233;d.," HEIGHT="67" HPOS="1858" VPOS="1681" WIDTH="105" />
<SP HEIGHT="48" HPOS="1964" VPOS="1700" WIDTH="37" />
<String CONTENT="rev." HEIGHT="36" HPOS="2002" LANG="en-US" VPOS="1699" WIDTH="113" />
<SP HEIGHT="35" HPOS="2116" VPOS="1700" WIDTH="36" />
<String CONTENT="et" HEIGHT="48" HPOS="2153" VPOS="1686" WIDTH="54" />
<SP HEIGHT="48" HPOS="2208" VPOS="1686" WIDTH="35" />
<String CONTENT="compl&#233;t&#233;e" HEIGHT="128" HPOS="379" VPOS="1699" WIDTH="1989" />
</TextLine>
<TextLine CS="1" HEIGHT="149" HPOS="377" LANG="fr" STYLEREFS="StyleId-D9996010-10EC-43D5-99D5-648D492B3E47-" VPOS="1758" WIDTH="2017">
<String CONTENT="par" HEIGHT="50" HPOS="587" VPOS="1779" WIDTH="107" />
<SP HEIGHT="53" HPOS="695" VPOS="1759" WIDTH="24" />
<String CONTENT="A." HEIGHT="54" HPOS="720" VPOS="1759" WIDTH="70" />
<SP HEIGHT="53" HPOS="791" VPOS="1760" WIDTH="26" />
<String CONTENT="Dalcq" HEIGHT="68" HPOS="818" VPOS="1760" WIDTH="183" />
<SP HEIGHT="50" HPOS="1002" VPOS="1778" WIDTH="27" />
<String CONTENT="et" HEIGHT="48" HPOS="1030" VPOS="1765" WIDTH="54" />
<SP HEIGHT="54" HPOS="1085" VPOS="1760" WIDTH="27" />
<String CONTENT="P." HEIGHT="54" HPOS="1113" VPOS="1760" WIDTH="65" />
<SP HEIGHT="55" HPOS="1179" VPOS="1759" WIDTH="30" />
<String CONTENT="G&#233;rard" HEIGHT="55" HPOS="1210" VPOS="1759" WIDTH="224" />
<SP HEIGHT="53" HPOS="1435" VPOS="1760" WIDTH="34" />
<String CONTENT="&#8230;" CS="1" />
<SP HEIGHT="53" HPOS="1527" VPOS="1759" WIDTH="67" />
<String CONTENT="Avec" HEIGHT="54" HPOS="1595" VPOS="1759" WIDTH="157" />
<SP HEIGHT="51" HPOS="1753" VPOS="1762" WIDTH="29" />
<String CONTENT="603" HEIGHT="50" HPOS="1783" VPOS="1762" WIDTH="100" />
<SP HEIGHT="53" HPOS="1884" VPOS="1758" WIDTH="28" />
<String CONTENT="figures." HEIGHT="70" HPOS="1913" VPOS="1758" WIDTH="227" />
<SP HEIGHT="52" HPOS="2141" VPOS="1760" WIDTH="65" />
<String CONTENT="Paris," HEIGHT="69" HPOS="2207" VPOS="1758" WIDTH="187" />
<SP />
<String CONTENT="Masson" HEIGHT="55" HPOS="377" VPOS="1838" WIDTH="232" />
<SP HEIGHT="34" HPOS="610" VPOS="1858" WIDTH="28" />
<String CONTENT="et" HEIGHT="49" HPOS="639" VPOS="1844" WIDTH="56" />
<SP HEIGHT="49" HPOS="696" VPOS="1844" WIDTH="25" />
<String CONTENT="ci" CS="1" HEIGHT="35" HPOS="722" VPOS="1857" WIDTH="28" />
<String CONTENT="e" HEIGHT="22" HPOS="769" STYLE="superscript" VPOS="1844" WIDTH="19" />
<String CONTENT="," HEIGHT="27" HPOS="792" VPOS="1880" WIDTH="13" />
<SP HEIGHT="65" HPOS="806" VPOS="1842" WIDTH="27" />
<String CONTENT="1935." HEIGHT="51" HPOS="834" VPOS="1841" WIDTH="152" />
</TextLine>
<TextLine CS="1" HEIGHT="49" HPOS="448" LANG="fr" VPOS="1912" WIDTH="777">
<String CONTENT="viii," HEIGHT="47" HPOS="448" VPOS="1912" WIDTH="100" />
<SP />
<String CONTENT="690" HEIGHT="42" HPOS="577" VPOS="1912" WIDTH="87" />
<SP HEIGHT="49" HPOS="665" VPOS="1912" WIDTH="22" />
<String CONTENT="p.," HEIGHT="38" HPOS="688" VPOS="1923" WIDTH="57" />
<SP HEIGHT="47" HPOS="746" VPOS="1912" WIDTH="27" />
<String CONTENT="1" HEIGHT="39" HPOS="774" VPOS="1912" WIDTH="23" />
<SP />
<String CONTENT="l." CS="1" />
<SP HEIGHT="40" HPOS="857" VPOS="1912" WIDTH="60" />
<String CONTENT="illus." HEIGHT="41" HPOS="918" VPOS="1912" WIDTH="130" />
<SP HEIGHT="41" HPOS="1049" VPOS="1912" WIDTH="58" />
<String CONTENT="25" HEIGHT="40" HPOS="1108" VPOS="1912" WIDTH="57" />
<String CONTENT="cm" HEIGHT="22" HPOS="1168" STYLE="superscript" VPOS="1914" WIDTH="46" />
<String CONTENT="." HEIGHT="10" HPOS="1216" VPOS="1943" WIDTH="9" />
</TextLine>
<TextLine CS="1" HEIGHT="42" HPOS="448" VPOS="1969" WIDTH="821">
<String CONTENT="At" HEIGHT="41" HPOS="448" VPOS="1970" WIDTH="66" />
<SP HEIGHT="39" HPOS="515" VPOS="1972" WIDTH="25" />
<String CONTENT="head" HEIGHT="39" HPOS="541" VPOS="1972" WIDTH="127" />
<SP HEIGHT="39" HPOS="669" VPOS="1972" WIDTH="26" />
<String CONTENT="of" HEIGHT="40" HPOS="696" VPOS="1970" WIDTH="53" />
<SP HEIGHT="41" HPOS="750" VPOS="1970" WIDTH="24" />
<String CONTENT="title:" HEIGHT="41" HPOS="775" VPOS="1970" WIDTH="136" />
<SP HEIGHT="41" HPOS="912" VPOS="1969" WIDTH="28" />
<String CONTENT="A." HEIGHT="42" HPOS="941" VPOS="1969" WIDTH="55" />
<SP HEIGHT="41" HPOS="997" VPOS="1970" WIDTH="26" />
<String CONTENT="Brachet" HEIGHT="41" HPOS="1024" VPOS="1970" WIDTH="216" />
<SP HEIGHT="40" HPOS="1241" VPOS="1971" WIDTH="28" />
<String CONTENT="&#8230;" CS="1" />
</TextLine>
<TextLine HEIGHT="50" HPOS="453" VPOS="2025" WIDTH="1670">
<String CONTENT="&#8220;Index" HEIGHT="41" HPOS="453" LANG="en-US" VPOS="2028" WIDTH="183" />
<SP HEIGHT="40" HPOS="637" VPOS="2028" WIDTH="27" />
<String CONTENT="bibliographique&#8221;" HEIGHT="48" HPOS="665" LANG="fr" VPOS="2027" WIDTH="451" />
<SP HEIGHT="41" HPOS="1117" VPOS="2027" WIDTH="28" />
<String CONTENT="at" HEIGHT="39" HPOS="1146" LANG="en-US" VPOS="2029" WIDTH="52" />
<SP HEIGHT="39" HPOS="1199" VPOS="2029" WIDTH="26" />
<String CONTENT="the" HEIGHT="40" HPOS="1226" LANG="en-US" VPOS="2028" WIDTH="82" />
<SP HEIGHT="30" HPOS="1309" VPOS="2038" WIDTH="29" />
<String CONTENT="end" HEIGHT="40" HPOS="1339" LANG="en-US" VPOS="2028" WIDTH="91" />
<SP HEIGHT="40" HPOS="1431" VPOS="2028" WIDTH="27" />
<String CONTENT="of" HEIGHT="40" HPOS="1459" LANG="en-US" VPOS="2027" WIDTH="53" />
<SP HEIGHT="39" HPOS="1513" VPOS="2027" WIDTH="24" />
<String CONTENT="most" HEIGHT="41" HPOS="1538" LANG="en-US" VPOS="2027" WIDTH="127" />
<SP HEIGHT="41" HPOS="1666" VPOS="2027" WIDTH="24" />
<String CONTENT="of" HEIGHT="42" HPOS="1691" LANG="en-US" VPOS="2025" WIDTH="54" />
<SP HEIGHT="42" HPOS="1746" VPOS="2025" WIDTH="23" />
<String CONTENT="the" HEIGHT="43" HPOS="1770" LANG="en-US" VPOS="2026" WIDTH="84" />
<SP HEIGHT="33" HPOS="1855" VPOS="2036" WIDTH="25" />
<String CONTENT="chapters." HEIGHT="49" HPOS="1881" LANG="en-US" VPOS="2026" WIDTH="242" />
</TextLine>
<TextLine CS="1" HEIGHT="54" HPOS="381" VPOS="2092" WIDTH="2015">
<String CONTENT="&#169;" HEIGHT="54" HPOS="381" VPOS="2092" WIDTH="53" />
<SP HEIGHT="54" HPOS="435" VPOS="2092" WIDTH="36" />
<String CONTENT="Nov." HEIGHT="40" HPOS="472" VPOS="2097" WIDTH="119" />
<SP HEIGHT="41" HPOS="592" VPOS="2096" WIDTH="37" />
<String CONTENT="2," HEIGHT="47" HPOS="630" VPOS="2096" WIDTH="41" />
<SP HEIGHT="47" HPOS="672" VPOS="2096" WIDTH="38" />
<String CONTENT="1935;" CS="1" HEIGHT="42" HPOS="711" VPOS="2094" WIDTH="118" />
<SP />
<String CONTENT="1c." CS="1" />
<SP HEIGHT="40" HPOS="960" VPOS="2095" WIDTH="38" />
<String CONTENT="Apr." HEIGHT="48" HPOS="999" VPOS="2095" WIDTH="114" />
<SP HEIGHT="39" HPOS="1114" VPOS="2096" WIDTH="38" />
<String CONTENT="3," HEIGHT="46" HPOS="1153" VPOS="2096" WIDTH="42" />
<SP HEIGHT="48" HPOS="1196" VPOS="2094" WIDTH="37" />
<String CONTENT="1936;" CS="1" HEIGHT="41" HPOS="1234" VPOS="2094" WIDTH="115" />
<SP HEIGHT="47" HPOS="1376" VPOS="2094" WIDTH="40" />
<String CONTENT="A-Foreign" HEIGHT="49" HPOS="1417" VPOS="2094" WIDTH="315" />
<SP HEIGHT="40" HPOS="1733" VPOS="2095" WIDTH="35" />
<String CONTENT="31202;" CS="1" HEIGHT="42" HPOS="1769" VPOS="2093" WIDTH="144" />
<SP HEIGHT="45" HPOS="1941" VPOS="2095" WIDTH="43" />
<String CONTENT="Masson" HEIGHT="39" HPOS="1985" VPOS="2095" WIDTH="199" />
<SP HEIGHT="30" HPOS="2185" VPOS="2104" WIDTH="38" />
<String CONTENT="et" HEIGHT="38" HPOS="2224" LANG="fr" VPOS="2096" WIDTH="50" />
<SP HEIGHT="39" HPOS="2275" VPOS="2096" WIDTH="36" />
<String CONTENT="cie." HEIGHT="43" HPOS="2312" VPOS="2092" WIDTH="84" />
</TextLine>
<TextLine HEIGHT="49" HPOS="463" VPOS="2160" WIDTH="284">
<String CONTENT="(36-13845)" HEIGHT="49" HPOS="463" VPOS="2160" WIDTH="284" />
</TextLine>
<TextLine HEIGHT="65" HPOS="383" STYLEREFS="StyleId-D9996010-10EC-43D5-99D5-648D492B3E47-" VPOS="2263" WIDTH="1004">
<String CONTENT="Bricker," HEIGHT="64" HPOS="383" VPOS="2264" WIDTH="263" />
<SP HEIGHT="63" HPOS="647" VPOS="2265" WIDTH="26" />
<String CONTENT="Herschel" HEIGHT="54" HPOS="674" VPOS="2264" WIDTH="287" />
<SP HEIGHT="52" HPOS="962" VPOS="2264" WIDTH="25" />
<String CONTENT="Leonard," HEIGHT="60" HPOS="988" VPOS="2264" WIDTH="288" />
<SP HEIGHT="42" HPOS="1277" VPOS="2282" WIDTH="25" />
<String CONTENT="ed." HEIGHT="53" HPOS="1303" VPOS="2263" WIDTH="84" />
</TextLine>
<TextLine HEIGHT="72" HPOS="454" STYLEREFS="StyleId-D9996010-10EC-43D5-99D5-648D492B3E47-" VPOS="2337" WIDTH="1941">
<String CONTENT="Our" HEIGHT="56" HPOS="454" VPOS="2340" WIDTH="126" />
<SP HEIGHT="48" HPOS="581" VPOS="2345" WIDTH="28" />
<String CONTENT="theatre" HEIGHT="53" HPOS="610" VPOS="2341" WIDTH="223" />
<SP HEIGHT="48" HPOS="834" VPOS="2346" WIDTH="29" />
<String CONTENT="today;" HEIGHT="68" HPOS="864" VPOS="2341" WIDTH="204" />
<SP HEIGHT="44" HPOS="1069" VPOS="2360" WIDTH="35" />
<String CONTENT="a" HEIGHT="35" HPOS="1105" VPOS="2361" WIDTH="31" />
<SP HEIGHT="37" HPOS="1137" VPOS="2359" WIDTH="31" />
<String CONTENT="composite" HEIGHT="68" HPOS="1169" VPOS="2340" WIDTH="310" />
<SP HEIGHT="53" HPOS="1480" VPOS="2340" WIDTH="30" />
<String CONTENT="handbook" HEIGHT="54" HPOS="1511" VPOS="2339" WIDTH="306" />
<SP HEIGHT="53" HPOS="1818" VPOS="2339" WIDTH="30" />
<String CONTENT="on" HEIGHT="36" HPOS="1849" VPOS="2357" WIDTH="68" />
<SP HEIGHT="49" HPOS="1918" VPOS="2344" WIDTH="36" />
<String CONTENT="the" HEIGHT="53" HPOS="1955" VPOS="2339" WIDTH="96" />
<SP HEIGHT="34" HPOS="2052" VPOS="2358" WIDTH="32" />
<String CONTENT="art," HEIGHT="59" HPOS="2085" VPOS="2344" WIDTH="106" />
<SP HEIGHT="46" HPOS="2192" VPOS="2357" WIDTH="31" />
<String CONTENT="craft," HEIGHT="66" HPOS="2224" VPOS="2337" WIDTH="171" />
</TextLine>
<TextLine CS="1" HEIGHT="147" HPOS="383" STYLEREFS="StyleId-D9996010-10EC-43D5-99D5-648D492B3E47-" VPOS="2418" WIDTH="1988">
<String CONTENT="and" HEIGHT="53" HPOS="383" VPOS="2421" WIDTH="113" />
<SP HEIGHT="53" HPOS="497" VPOS="2421" WIDTH="26" />
<String CONTENT="management" HEIGHT="64" HPOS="524" VPOS="2425" WIDTH="400" />
<SP HEIGHT="48" HPOS="925" VPOS="2425" WIDTH="23" />
<String CONTENT="of" HEIGHT="53" HPOS="949" VPOS="2419" WIDTH="64" />
<SP HEIGHT="53" HPOS="1014" VPOS="2419" WIDTH="20" />
<String CONTENT="the" HEIGHT="52" HPOS="1035" VPOS="2420" WIDTH="96" />
<SP HEIGHT="34" HPOS="1132" VPOS="2438" WIDTH="24" />
<String CONTENT="contemporary" HEIGHT="61" HPOS="1157" VPOS="2425" WIDTH="436" />
<SP HEIGHT="62" HPOS="1594" VPOS="2424" WIDTH="23" />
<String CONTENT="theatre," HEIGHT="66" HPOS="1618" VPOS="2419" WIDTH="238" />
<SP HEIGHT="67" HPOS="1857" VPOS="2418" WIDTH="24" />
<String CONTENT="by" HEIGHT="68" HPOS="1882" VPOS="2418" WIDTH="73" />
<SP HEIGHT="68" HPOS="1956" VPOS="2418" WIDTH="26" />
<String CONTENT="Arthur" HEIGHT="52" HPOS="1983" VPOS="2418" WIDTH="224" />
<SP HEIGHT="52" HPOS="2208" VPOS="2418" WIDTH="24" />
<String CONTENT="Hopkins," HEIGHT="147" HPOS="384" VPOS="2418" WIDTH="1987" />
<SP HEIGHT="64" HPOS="531" VPOS="2501" WIDTH="26" />
<String CONTENT="Brock" HEIGHT="54" HPOS="558" VPOS="2499" WIDTH="190" />
</TextLine>
<TextLine CS="1" HEIGHT="70" HPOS="775" STYLEREFS="StyleId-D9996010-10EC-43D5-99D5-648D492B3E47-" VPOS="2496" WIDTH="1616">
<String CONTENT="Pemberton," HEIGHT="67" HPOS="775" VPOS="2498" WIDTH="360" />
<SP HEIGHT="66" HPOS="1136" VPOS="2499" WIDTH="29" />
<String CONTENT="Alfred" HEIGHT="53" HPOS="1166" VPOS="2498" WIDTH="210" />
<SP HEIGHT="53" HPOS="1377" VPOS="2498" WIDTH="28" />
<String CONTENT="Harding" HEIGHT="69" HPOS="1406" VPOS="2497" WIDTH="274" />
<SP HEIGHT="51" HPOS="1681" VPOS="2515" WIDTH="28" />
<String CONTENT="&#8230;" CS="1" />
<SP HEIGHT="34" HPOS="1766" VPOS="2531" WIDTH="38" />
<String CONTENT="[and" CS="1" HEIGHT="53" HPOS="1824" VPOS="2497" WIDTH="111" />
<SP HEIGHT="53" HPOS="1936" VPOS="2497" WIDTH="28" />
<String CONTENT="others]" HEIGHT="66" HPOS="1965" VPOS="2497" WIDTH="208" />
<SP HEIGHT="48" HPOS="2174" VPOS="2515" WIDTH="31" />
<String CONTENT="edited" HEIGHT="53" HPOS="2206" VPOS="2496" WIDTH="185" />
</TextLine>
<TextLine CS="1" HEIGHT="148" HPOS="385" STYLEREFS="StyleId-D9996010-10EC-43D5-99D5-648D492B3E47-" VPOS="2576" WIDTH="1975">
<String CONTENT="by" HEIGHT="71" HPOS="385" VPOS="2577" WIDTH="75" />
<SP HEIGHT="69" HPOS="461" VPOS="2579" WIDTH="20" />
<String CONTENT="Herschel" HEIGHT="55" HPOS="482" VPOS="2577" WIDTH="279" />
<SP HEIGHT="53" HPOS="762" VPOS="2577" WIDTH="22" />
<String CONTENT="L." HEIGHT="52" HPOS="785" VPOS="2578" WIDTH="62" />
<SP HEIGHT="51" HPOS="848" VPOS="2579" WIDTH="27" />
<String CONTENT="Bricker" HEIGHT="54" HPOS="876" VPOS="2576" WIDTH="239" />
<SP HEIGHT="34" HPOS="1116" VPOS="2595" WIDTH="26" />
<String CONTENT="&#8230;" CS="1" />
<SP HEIGHT="52" HPOS="1198" VPOS="2578" WIDTH="65" />
<String CONTENT="New" HEIGHT="52" HPOS="1264" VPOS="2578" WIDTH="137" />
<SP HEIGHT="51" HPOS="1402" VPOS="2578" WIDTH="26" />
<String CONTENT="York," HEIGHT="66" HPOS="1429" VPOS="2576" WIDTH="178" />
<SP HEIGHT="64" HPOS="1608" VPOS="2578" WIDTH="22" />
<String CONTENT="Los" HEIGHT="51" HPOS="1631" VPOS="2578" WIDTH="111" />
<SP HEIGHT="52" HPOS="1743" VPOS="2577" WIDTH="21" />
<String CONTENT="Angeles," HEIGHT="68" HPOS="1765" VPOS="2576" WIDTH="267" />
<SP HEIGHT="67" HPOS="2033" VPOS="2576" WIDTH="25" />
<String CONTENT="S." HEIGHT="54" HPOS="2059" VPOS="2576" WIDTH="57" />
<SP HEIGHT="51" HPOS="2117" VPOS="2577" WIDTH="25" />
<String CONTENT="French;" CS="1" HEIGHT="52" HPOS="2143" VPOS="2576" WIDTH="217" />
<SP />
<String CONTENT="London," HEIGHT="67" HPOS="387" VPOS="2657" WIDTH="256" />
<SP HEIGHT="67" HPOS="644" VPOS="2657" WIDTH="32" />
<String CONTENT="S." HEIGHT="56" HPOS="677" VPOS="2657" WIDTH="57" />
<SP HEIGHT="52" HPOS="735" VPOS="2659" WIDTH="31" />
<String CONTENT="French," HEIGHT="62" HPOS="767" VPOS="2657" WIDTH="243" />
<SP HEIGHT="63" HPOS="1011" VPOS="2656" WIDTH="28" />
<String CONTENT="ltd.," HEIGHT="65" HPOS="1040" VPOS="2656" WIDTH="121" />
<SP HEIGHT="59" HPOS="1162" VPOS="2662" WIDTH="31" />
<String CONTENT="1936." HEIGHT="50" HPOS="1194" VPOS="2660" WIDTH="150" />
</TextLine>
<TextLine HEIGHT="52" HPOS="459" VPOS="2727" WIDTH="1390">
<String CONTENT="xxvii," HEIGHT="48" HPOS="459" VPOS="2729" WIDTH="151" />
<SP HEIGHT="46" HPOS="611" VPOS="2731" WIDTH="24" />
<String CONTENT="427" HEIGHT="42" HPOS="636" VPOS="2729" WIDTH="88" />
<SP HEIGHT="48" HPOS="725" VPOS="2731" WIDTH="23" />
<String CONTENT="p." HEIGHT="38" HPOS="749" VPOS="2741" WIDTH="43" />
<SP HEIGHT="41" HPOS="793" VPOS="2730" WIDTH="26" />
<String CONTENT="incl." HEIGHT="41" HPOS="820" VPOS="2730" WIDTH="110" />
<SP HEIGHT="41" HPOS="931" VPOS="2730" WIDTH="24" />
<String CONTENT="illus.," HEIGHT="47" HPOS="956" VPOS="2730" WIDTH="143" />
<SP HEIGHT="37" HPOS="1100" VPOS="2740" WIDTH="26" />
<String CONTENT="plates," HEIGHT="47" HPOS="1127" VPOS="2730" WIDTH="171" />
<SP HEIGHT="37" HPOS="1299" VPOS="2739" WIDTH="27" />
<String CONTENT="port.," HEIGHT="46" HPOS="1327" VPOS="2730" WIDTH="135" />
<SP HEIGHT="46" HPOS="1463" VPOS="2729" WIDTH="28" />
<String CONTENT="diagrs." HEIGHT="50" HPOS="1492" VPOS="2727" WIDTH="180" />
<SP HEIGHT="41" HPOS="1673" VPOS="2728" WIDTH="59" />
<String CONTENT="21" HEIGHT="39" HPOS="1733" VPOS="2728" WIDTH="53" />
<String CONTENT="cm" HEIGHT="22" HPOS="1791" STYLE="superscript" VPOS="2729" WIDTH="44" />
<String CONTENT="." HEIGHT="9" HPOS="1841" VPOS="2759" WIDTH="8" />
</TextLine>
<TextLine CS="1" HEIGHT="50" HPOS="461" VPOS="2787" WIDTH="702">
<String CONTENT="Bibliography:" CS="1" HEIGHT="50" HPOS="461" VPOS="2787" WIDTH="351" />
<SP HEIGHT="38" HPOS="840" VPOS="2798" WIDTH="31" />
<String CONTENT="p." HEIGHT="38" HPOS="872" VPOS="2798" WIDTH="41" />
<SP HEIGHT="39" HPOS="914" VPOS="2788" WIDTH="30" />
<String CONTENT="409-415." HEIGHT="41" HPOS="945" VPOS="2787" WIDTH="218" />
</TextLine>
<TextLine CS="1" HEIGHT="55" HPOS="386" VPOS="2850" WIDTH="1817">
<String CONTENT="&#169;" HEIGHT="54" HPOS="386" VPOS="2851" WIDTH="53" />
<SP HEIGHT="54" HPOS="440" VPOS="2851" WIDTH="28" />
<String CONTENT="Mar." HEIGHT="39" HPOS="469" VPOS="2856" WIDTH="122" />
<SP HEIGHT="41" HPOS="592" VPOS="2854" WIDTH="25" />
<String CONTENT="28," HEIGHT="49" HPOS="618" VPOS="2854" WIDTH="71" />
<SP HEIGHT="48" HPOS="690" VPOS="2855" WIDTH="28" />
<String CONTENT="1936;" CS="1" HEIGHT="41" HPOS="719" VPOS="2853" WIDTH="114" />
<SP HEIGHT="48" HPOS="861" VPOS="2853" WIDTH="29" />
<String CONTENT="2c." HEIGHT="41" HPOS="891" VPOS="2853" WIDTH="67" />
<SP HEIGHT="30" HPOS="959" VPOS="2864" WIDTH="29" />
<String CONTENT="and" HEIGHT="39" HPOS="989" VPOS="2855" WIDTH="95" />
<SP HEIGHT="39" HPOS="1085" VPOS="2855" WIDTH="28" />
<String CONTENT="aff." HEIGHT="41" HPOS="1114" VPOS="2853" WIDTH="82" />
<SP HEIGHT="40" HPOS="1197" VPOS="2854" WIDTH="29" />
<String CONTENT="June" HEIGHT="39" HPOS="1227" VPOS="2854" WIDTH="127" />
<SP HEIGHT="40" HPOS="1355" VPOS="2853" WIDTH="28" />
<String CONTENT="17;" CS="1" HEIGHT="39" HPOS="1384" VPOS="2853" WIDTH="55" />
<SP HEIGHT="46" HPOS="1467" VPOS="2852" WIDTH="31" />
<String CONTENT="A" HEIGHT="40" HPOS="1499" VPOS="2852" WIDTH="41" />
<SP HEIGHT="41" HPOS="1541" VPOS="2851" WIDTH="22" />
<String CONTENT="96028;" CS="1" HEIGHT="41" HPOS="1564" VPOS="2851" WIDTH="146" />
<SP HEIGHT="45" HPOS="1737" VPOS="2852" WIDTH="35" />
<String CONTENT="Samuel" HEIGHT="41" HPOS="1773" VPOS="2852" WIDTH="195" />
<SP HEIGHT="41" HPOS="1969" VPOS="2850" WIDTH="30" />
<String CONTENT="French." HEIGHT="41" HPOS="2000" VPOS="2850" WIDTH="203" />
</TextLine>
<TextLine HEIGHT="48" HPOS="466" VPOS="2918" WIDTH="283">
<String CONTENT="(36-27263)" HEIGHT="48" HPOS="466" VPOS="2918" WIDTH="283" />
</TextLine>
<TextLine HEIGHT="67" HPOS="387" STYLEREFS="StyleId-D9996010-10EC-43D5-99D5-648D492B3E47-" VPOS="3019" WIDTH="1097">
<String CONTENT="Bridgman," HEIGHT="66" HPOS="387" VPOS="3020" WIDTH="346" />
<SP HEIGHT="63" HPOS="734" VPOS="3022" WIDTH="25" />
<String CONTENT="Percy" HEIGHT="63" HPOS="760" VPOS="3022" WIDTH="188" />
<SP HEIGHT="63" HPOS="949" VPOS="3022" WIDTH="24" />
<String CONTENT="Williams," HEIGHT="64" HPOS="974" VPOS="3019" WIDTH="308" />
<SP HEIGHT="57" HPOS="1283" VPOS="3026" WIDTH="30" />
<String CONTENT="1882-" HEIGHT="50" HPOS="1314" VPOS="3025" WIDTH="170" />
</TextLine>
<TextLine CS="1" HEIGHT="74" HPOS="461" STYLEREFS="StyleId-D9996010-10EC-43D5-99D5-648D492B3E47-" VPOS="3091" WIDTH="1875">
<String CONTENT="The" HEIGHT="53" HPOS="461" VPOS="3098" WIDTH="122" />
<SP HEIGHT="35" HPOS="584" VPOS="3116" WIDTH="47" />
<String CONTENT="nature" HEIGHT="48" HPOS="632" VPOS="3104" WIDTH="202" />
<SP HEIGHT="34" HPOS="835" VPOS="3116" WIDTH="48" />
<String CONTENT="of" HEIGHT="54" HPOS="884" VPOS="3096" WIDTH="64" />
<SP HEIGHT="69" HPOS="949" VPOS="3096" WIDTH="47" />
<String CONTENT="physical" HEIGHT="70" HPOS="997" VPOS="3095" WIDTH="261" />
<SP HEIGHT="51" HPOS="1259" VPOS="3097" WIDTH="49" />
<String CONTENT="theory," HEIGHT="66" HPOS="1309" VPOS="3096" WIDTH="220" />
<SP HEIGHT="60" HPOS="1530" VPOS="3095" WIDTH="48" />
<String CONTENT="by" HEIGHT="67" HPOS="1579" VPOS="3095" WIDTH="73" />
<SP HEIGHT="68" HPOS="1653" VPOS="3094" WIDTH="49" />
<String CONTENT="P." HEIGHT="53" HPOS="1703" LANG="fr" VPOS="3094" WIDTH="63" />
<SP HEIGHT="52" HPOS="1767" VPOS="3095" WIDTH="48" />
<String CONTENT="W." HEIGHT="52" HPOS="1816" VPOS="3095" WIDTH="89" />
<SP HEIGHT="54" HPOS="1906" VPOS="3093" WIDTH="52" />
<String CONTENT="Bridgman" HEIGHT="70" HPOS="1959" VPOS="3091" WIDTH="322" />
<SP HEIGHT="35" HPOS="2282" VPOS="3111" WIDTH="54" />
<String CONTENT="&#8230;" CS="1" />
</TextLine>
<TextLine CS="1" HEIGHT="150" HPOS="390" STYLEREFS="StyleId-D9996010-10EC-43D5-99D5-648D492B3E47-" VPOS="3169" WIDTH="1984">
<String CONTENT="Published" HEIGHT="53" HPOS="390" VPOS="3175" WIDTH="314" />
<SP HEIGHT="53" HPOS="705" VPOS="3175" WIDTH="33" />
<String CONTENT="on" HEIGHT="34" HPOS="739" VPOS="3194" WIDTH="72" />
<SP HEIGHT="47" HPOS="812" VPOS="3180" WIDTH="30" />
<String CONTENT="the" HEIGHT="53" HPOS="843" VPOS="3175" WIDTH="96" />
<SP HEIGHT="52" HPOS="940" VPOS="3176" WIDTH="30" />
<String CONTENT="Louis" HEIGHT="53" HPOS="971" VPOS="3174" WIDTH="176" />
<SP HEIGHT="56" HPOS="1148" VPOS="3172" WIDTH="30" />
<String CONTENT="Clark" HEIGHT="56" HPOS="1179" VPOS="3172" WIDTH="177" />
<SP HEIGHT="53" HPOS="1357" VPOS="3172" WIDTH="32" />
<String CONTENT="Vanuxem" HEIGHT="54" HPOS="1390" VPOS="3172" WIDTH="295" />
<SP HEIGHT="55" HPOS="1686" VPOS="3171" WIDTH="32" />
<String CONTENT="foundation." HEIGHT="55" HPOS="1719" VPOS="3169" WIDTH="361" />
<SP HEIGHT="52" HPOS="2081" VPOS="3170" WIDTH="87" />
<String CONTENT="Princeton," HEIGHT="148" HPOS="391" VPOS="3170" WIDTH="1983" />
<SP HEIGHT="65" HPOS="508" VPOS="3253" WIDTH="30" />
<String CONTENT="Princeton" HEIGHT="53" HPOS="539" VPOS="3253" WIDTH="307" />
<SP HEIGHT="33" HPOS="847" VPOS="3271" WIDTH="28" />
<String CONTENT="university" HEIGHT="55" HPOS="876" VPOS="3250" WIDTH="317" />
<SP HEIGHT="49" HPOS="1194" VPOS="3270" WIDTH="33" />
<String CONTENT="press," HEIGHT="50" HPOS="1228" VPOS="3269" WIDTH="173" />
<SP HEIGHT="63" HPOS="1402" VPOS="3253" WIDTH="32" />
<String CONTENT="1936." HEIGHT="50" HPOS="1435" VPOS="3253" WIDTH="147" />
</TextLine>
<TextLine CS="1" HEIGHT="50" HPOS="460" VPOS="3323" WIDTH="550">
<String CONTENT="4" HEIGHT="38" HPOS="460" LANG="en-US" VPOS="3325" WIDTH="28" />
<SP HEIGHT="48" HPOS="489" VPOS="3325" WIDTH="29" />
<String CONTENT="p." HEIGHT="38" HPOS="519" LANG="fr" VPOS="3335" WIDTH="42" />
<SP />
<String CONTENT="l." CS="1" LANG="fr" />
<String CONTENT="." HEIGHT="11" HPOS="628" LANG="en-US" VPOS="3355" WIDTH="8" />
<SP HEIGHT="42" HPOS="637" VPOS="3324" WIDTH="32" />
<String CONTENT="138" HEIGHT="41" HPOS="670" LANG="en-US" VPOS="3323" WIDTH="86" />
<SP HEIGHT="47" HPOS="757" VPOS="3324" WIDTH="32" />
<String CONTENT="p." HEIGHT="37" HPOS="790" LANG="en-US" VPOS="3334" WIDTH="41" />
<SP HEIGHT="40" HPOS="832" VPOS="3324" WIDTH="60" />
<String CONTENT="22cm." CS="1" HEIGHT="40" HPOS="893" LANG="en-US" VPOS="3323" WIDTH="117" />
</TextLine>
<TextLine HEIGHT="51" HPOS="463" VPOS="3377" WIDTH="1932">
<String CONTENT="&#8220;In" HEIGHT="39" HPOS="463" VPOS="3381" WIDTH="85" />
<SP HEIGHT="30" HPOS="549" VPOS="3390" WIDTH="36" />
<String CONTENT="expanded" HEIGHT="47" HPOS="586" VPOS="3381" WIDTH="253" />
<SP HEIGHT="39" HPOS="840" VPOS="3380" WIDTH="35" />
<String CONTENT="form" HEIGHT="39" HPOS="876" VPOS="3380" WIDTH="126" />
<SP HEIGHT="38" HPOS="1003" VPOS="3382" WIDTH="37" />
<String CONTENT="the" HEIGHT="39" HPOS="1041" VPOS="3381" WIDTH="82" />
<SP HEIGHT="30" HPOS="1124" VPOS="3390" WIDTH="35" />
<String CONTENT="substance" HEIGHT="40" HPOS="1160" VPOS="3379" WIDTH="259" />
<SP HEIGHT="29" HPOS="1420" VPOS="3389" WIDTH="34" />
<String CONTENT="of" HEIGHT="39" HPOS="1455" VPOS="3379" WIDTH="51" />
<SP HEIGHT="40" HPOS="1507" VPOS="3379" WIDTH="38" />
<String CONTENT="three" HEIGHT="39" HPOS="1546" VPOS="3380" WIDTH="135" />
<SP HEIGHT="39" HPOS="1682" VPOS="3379" WIDTH="36" />
<String CONTENT="Vanuxem" HEIGHT="38" HPOS="1719" VPOS="3379" WIDTH="249" />
<SP HEIGHT="38" HPOS="1969" VPOS="3379" WIDTH="43" />
<String CONTENT="lectures" HEIGHT="38" HPOS="2013" VPOS="3379" WIDTH="207" />
<SP HEIGHT="35" HPOS="2221" VPOS="3387" WIDTH="35" />
<String CONTENT="given" HEIGHT="45" HPOS="2257" VPOS="3377" WIDTH="138" />
</TextLine>
<TextLine HEIGHT="50" HPOS="389" VPOS="3434" WIDTH="1400">
<String CONTENT="at" HEIGHT="37" HPOS="389" VPOS="3440" WIDTH="52" />
<SP HEIGHT="39" HPOS="442" VPOS="3438" WIDTH="29" />
<String CONTENT="Princeton" HEIGHT="41" HPOS="472" VPOS="3437" WIDTH="258" />
<SP HEIGHT="30" HPOS="731" VPOS="3447" WIDTH="28" />
<String CONTENT="university" HEIGHT="48" HPOS="760" VPOS="3436" WIDTH="273" />
<SP HEIGHT="47" HPOS="1034" VPOS="3437" WIDTH="29" />
<String CONTENT="in" HEIGHT="39" HPOS="1064" VPOS="3437" WIDTH="48" />
<SP HEIGHT="39" HPOS="1113" VPOS="3437" WIDTH="30" />
<String CONTENT="December" HEIGHT="41" HPOS="1144" VPOS="3436" WIDTH="262" />
<SP HEIGHT="39" HPOS="1407" VPOS="3436" WIDTH="29" />
<String CONTENT="1935.&#8221;&#8212;Pref." HEIGHT="43" HPOS="1437" VPOS="3434" WIDTH="352" />
</TextLine>
<TextLine HEIGHT="57" HPOS="390" VPOS="3498" WIDTH="2010">
<String CONTENT="&#169;" HEIGHT="53" HPOS="390" VPOS="3502" WIDTH="53" />
<SP HEIGHT="53" HPOS="444" VPOS="3502" WIDTH="35" />
<String CONTENT="May" HEIGHT="48" HPOS="480" VPOS="3507" WIDTH="115" />
<SP HEIGHT="49" HPOS="596" VPOS="3506" WIDTH="35" />
<String CONTENT="32," HEIGHT="49" HPOS="632" VPOS="3504" WIDTH="69" />
<SP HEIGHT="47" HPOS="702" VPOS="3506" WIDTH="38" />
<String CONTENT="1936;" HEIGHT="47" HPOS="741" VPOS="3504" WIDTH="140" />
<SP HEIGHT="46" HPOS="882" VPOS="3505" WIDTH="38" />
<String CONTENT="2c." HEIGHT="41" HPOS="921" VPOS="3505" WIDTH="67" />
<SP HEIGHT="40" HPOS="989" VPOS="3505" WIDTH="35" />
<String CONTENT="June" HEIGHT="40" HPOS="1025" VPOS="3505" WIDTH="126" />
<SP HEIGHT="39" HPOS="1152" VPOS="3504" WIDTH="36" />
<String CONTENT="2;" HEIGHT="46" HPOS="1189" VPOS="3504" WIDTH="53" />
<SP HEIGHT="36" HPOS="1243" VPOS="3514" WIDTH="40" />
<String CONTENT="aff." HEIGHT="42" HPOS="1284" VPOS="3503" WIDTH="82" />
<SP HEIGHT="41" HPOS="1367" VPOS="3504" WIDTH="38" />
<String CONTENT="May" HEIGHT="48" HPOS="1406" VPOS="3504" WIDTH="113" />
<SP HEIGHT="49" HPOS="1520" VPOS="3503" WIDTH="37" />
<String CONTENT="15;" HEIGHT="48" HPOS="1558" VPOS="3502" WIDTH="81" />
<SP HEIGHT="48" HPOS="1640" VPOS="3502" WIDTH="39" />
<String CONTENT="A" HEIGHT="45" HPOS="1680" VPOS="3502" WIDTH="44" />
<SP HEIGHT="46" HPOS="1725" VPOS="3501" WIDTH="32" />
<String CONTENT="95511;" HEIGHT="49" HPOS="1758" VPOS="3501" WIDTH="172" />
<SP HEIGHT="48" HPOS="1931" VPOS="3502" WIDTH="42" />
<String CONTENT="Princeton" HEIGHT="41" HPOS="1974" VPOS="3500" WIDTH="257" />
<SP HEIGHT="28" HPOS="2232" VPOS="3512" WIDTH="38" />
<String CONTENT="univ." HEIGHT="43" HPOS="2271" VPOS="3498" WIDTH="129" />
</TextLine>
<TextLine HEIGHT="51" HPOS="462" VPOS="3568" WIDTH="502">
<String CONTENT="press." HEIGHT="38" HPOS="462" VPOS="3581" WIDTH="149" />
<SP HEIGHT="49" HPOS="612" VPOS="3569" WIDTH="70" />
<String CONTENT="(36-27290)" HEIGHT="50" HPOS="683" VPOS="3568" WIDTH="281" />
</TextLine>
<TextLine HEIGHT="64" HPOS="391" STYLEREFS="StyleId-D9996010-10EC-43D5-99D5-648D492B3E47-" VPOS="3672" WIDTH="687">
<String CONTENT="Charbonneaux," HEIGHT="63" HPOS="391" VPOS="3673" WIDTH="493" />
<SP HEIGHT="64" HPOS="885" VPOS="3672" WIDTH="24" />
<String CONTENT="Jean." HEIGHT="55" HPOS="910" VPOS="3672" WIDTH="168" />
</TextLine>
<TextLine CS="1" HEIGHT="72" HPOS="527" LANG="fr" STYLEREFS="StyleId-D9996010-10EC-43D5-99D5-648D492B3E47-" VPOS="3743" WIDTH="1873">
<String CONTENT="&#8230;" CS="1" LANG="en-US" />
<SP HEIGHT="52" HPOS="527" VPOS="3749" WIDTH="53" />
<String CONTENT="Les" HEIGHT="55" HPOS="581" VPOS="3749" WIDTH="109" />
<SP HEIGHT="50" HPOS="691" VPOS="3754" WIDTH="46" />
<String CONTENT="terres" HEIGHT="48" HPOS="738" VPOS="3754" WIDTH="178" />
<SP HEIGHT="36" HPOS="917" VPOS="3766" WIDTH="49" />
<String CONTENT="cuites" HEIGHT="53" HPOS="967" VPOS="3747" WIDTH="176" />
<SP HEIGHT="49" HPOS="1144" VPOS="3766" WIDTH="48" />
<String CONTENT="grecques;" HEIGHT="51" HPOS="1193" VPOS="3764" WIDTH="294" />
<SP HEIGHT="48" HPOS="1488" VPOS="3765" WIDTH="56" />
<String CONTENT="photographies" HEIGHT="70" HPOS="1545" VPOS="3744" WIDTH="449" />
<SP HEIGHT="55" HPOS="1995" VPOS="3744" WIDTH="46" />
<String CONTENT="de" HEIGHT="52" HPOS="2042" VPOS="3744" WIDTH="70" />
<SP HEIGHT="53" HPOS="2113" VPOS="3743" WIDTH="52" />
<String CONTENT="Songez." HEIGHT="68" HPOS="2166" VPOS="3743" WIDTH="234" />
</TextLine>
<TextLine HEIGHT="68" HPOS="394" LANG="fr" STYLEREFS="StyleId-D9996010-10EC-43D5-99D5-648D492B3E47-" VPOS="3826" WIDTH="782">
<String CONTENT="Paris," HEIGHT="65" HPOS="394" VPOS="3827" WIDTH="184" />
<SP HEIGHT="65" HPOS="579" VPOS="3827" WIDTH="27" />
<String CONTENT="L." HEIGHT="54" HPOS="607" VPOS="3827" WIDTH="65" />
<SP HEIGHT="55" HPOS="673" VPOS="3826" WIDTH="25" />
<String CONTENT="Reynaud," HEIGHT="68" HPOS="699" VPOS="3826" WIDTH="298" />
<SP HEIGHT="62" HPOS="998" VPOS="3830" WIDTH="28" />
<String CONTENT="1936." HEIGHT="50" HPOS="1027" VPOS="3829" WIDTH="149" />
</TextLine>
<TextLine CS="1" HEIGHT="51" HPOS="466" LANG="fr" VPOS="3899" WIDTH="1014">
<String CONTENT="24" HEIGHT="40" HPOS="466" VPOS="3901" WIDTH="56" />
<SP HEIGHT="49" HPOS="523" VPOS="3901" WIDTH="25" />
<String CONTENT="p." HEIGHT="37" HPOS="549" VPOS="3913" WIDTH="43" />
<SP HEIGHT="41" HPOS="593" VPOS="3900" WIDTH="51" />
<String CONTENT="illus.." HEIGHT="41" HPOS="645" VPOS="3900" WIDTH="144" />
<SP HEIGHT="40" HPOS="790" VPOS="3901" WIDTH="25" />
<String CONTENT="88" HEIGHT="41" HPOS="816" VPOS="3900" WIDTH="56" />
<SP HEIGHT="48" HPOS="873" VPOS="3900" WIDTH="24" />
<String CONTENT="pl." HEIGHT="47" HPOS="898" VPOS="3901" WIDTH="61" />
<SP HEIGHT="30" HPOS="960" VPOS="3911" WIDTH="26" />
<String CONTENT="on" HEIGHT="30" HPOS="987" VPOS="3911" WIDTH="58" />
<SP HEIGHT="38" HPOS="1046" VPOS="3902" WIDTH="25" />
<String CONTENT="44" HEIGHT="39" HPOS="1072" VPOS="3901" WIDTH="56" />
<SP />
<String CONTENT="l." CS="1" />
<SP HEIGHT="40" HPOS="1186" VPOS="3900" WIDTH="54" />
<String CONTENT="27" HEIGHT="40" HPOS="1241" VPOS="3900" WIDTH="55" />
<SP HEIGHT="39" HPOS="1297" VPOS="3901" WIDTH="17" />
<String CONTENT="&#215;" CS="1" LANG="en-US" />
<SP HEIGHT="40" HPOS="1346" VPOS="3899" WIDTH="16" />
<String CONTENT="21cm." CS="1" HEIGHT="39" HPOS="1363" VPOS="3899" WIDTH="117" />
</TextLine>
<TextLine HEIGHT="50" HPOS="468" LANG="fr" VPOS="3955" WIDTH="904">
<String CONTENT="&#8220;Bibliographie" HEIGHT="49" HPOS="468" VPOS="3956" WIDTH="395" />
<SP HEIGHT="30" HPOS="864" VPOS="3968" WIDTH="27" />
<String CONTENT="sommaire&#8221;:" HEIGHT="43" HPOS="892" VPOS="3955" WIDTH="309" />
<SP HEIGHT="38" HPOS="1202" VPOS="3967" WIDTH="29" />
<String CONTENT="p." HEIGHT="38" HPOS="1232" VPOS="3967" WIDTH="42" />
<SP HEIGHT="40" HPOS="1275" VPOS="3955" WIDTH="27" />
<String CONTENT="24." HEIGHT="40" HPOS="1303" VPOS="3955" WIDTH="69" />
</TextLine>
<TextLine CS="1" HEIGHT="56" HPOS="393" LANG="fr" VPOS="4015" WIDTH="2009">
<String CONTENT="&#169;" HEIGHT="52" HPOS="393" VPOS="4019" WIDTH="53" />
<SP HEIGHT="52" HPOS="447" VPOS="4019" WIDTH="33" />
<String CONTENT="Jan." HEIGHT="41" HPOS="481" VPOS="4023" WIDTH="109" />
<SP HEIGHT="42" HPOS="591" VPOS="4022" WIDTH="35" />
<String CONTENT="20," HEIGHT="48" HPOS="627" VPOS="4021" WIDTH="70" />
<SP HEIGHT="47" HPOS="698" VPOS="4022" WIDTH="34" />
<String CONTENT="1936;" HEIGHT="46" HPOS="733" VPOS="4021" WIDTH="140" />
<SP />
<String CONTENT="1c." CS="1" />
<SP HEIGHT="40" HPOS="979" VPOS="4022" WIDTH="36" />
<String CONTENT="Apr." HEIGHT="47" HPOS="1016" LANG="en-US" VPOS="4022" WIDTH="114" />
<SP HEIGHT="43" HPOS="1131" VPOS="4021" WIDTH="34" />
<String CONTENT="8;" HEIGHT="43" HPOS="1166" VPOS="4021" WIDTH="51" />
<SP HEIGHT="42" HPOS="1218" VPOS="4022" WIDTH="38" />
<String CONTENT="A-" HEIGHT="38" HPOS="1257" VPOS="4022" WIDTH="101" />
<String CONTENT="Foreign" HEIGHT="45" HPOS="1361" LANG="en-US" VPOS="4019" WIDTH="206" />
<SP HEIGHT="41" HPOS="1568" VPOS="4021" WIDTH="35" />
<String CONTENT="31356;" HEIGHT="43" HPOS="1604" VPOS="4019" WIDTH="170" />
<SP HEIGHT="42" HPOS="1775" VPOS="4019" WIDTH="39" />
<String CONTENT="Librairie" HEIGHT="42" HPOS="1815" VPOS="4017" WIDTH="241" />
<SP HEIGHT="41" HPOS="2057" VPOS="4018" WIDTH="36" />
<String CONTENT="d&#8217;art" HEIGHT="41" HPOS="2094" VPOS="4017" WIDTH="124" />
<SP HEIGHT="41" HPOS="2219" VPOS="4017" WIDTH="36" />
<String CONTENT="Louis" HEIGHT="42" HPOS="2256" VPOS="4015" WIDTH="146" />
</TextLine>
<TextLine HEIGHT="53" HPOS="475" LANG="fr" VPOS="4085" WIDTH="588">
<String CONTENT="Reynaud." HEIGHT="51" HPOS="475" VPOS="4087" WIDTH="240" />
<SP HEIGHT="50" HPOS="716" VPOS="4085" WIDTH="64" />
<String CONTENT="(36-13948)" HEIGHT="50" HPOS="781" VPOS="4085" WIDTH="282" />
</TextLine>
</TextBlock>
</PrintSpace>
</Page>
</Layout>
</alto>