2519 4377
1330 4120 133 49 1158

398 524 460 43 McConnell.—The
892 524 103 41 rôle
1024 524 54 40 of
1114 523 238 47 business,
1386 524 62 48 by
1480 524 162 48 Ralph
1676 525 54 39 E.
1767 523 418 42 Flanders.—The
2220 522 103 43 rôle
2356 524 53 42 of

395 582 329 48 government,
755 581 61 48 by
845 580 205 42 Charles
1077 581 335 47 Nagel.—The
1440 581 102 40 rôle
1568 581 52 40 of
1648 580 273 49 education,
1952 581 62 48 by
2044 581 166 48 Harry
2238 581 171 42 Wood-

398 639 121 39 burn
555 638 173 41 Chase.

389 703 2021 53 © July 27,1936; 2c. and aff. Aug. 8; A 97292; Natl. industrial conference
462 764 166 49 board,
663 764 92 41 inc.
830 763 282 50 (36-18520)

390 868 369 65 Neuberger,
788 868 260 54 Richard
1076 868 66 57 L.

528 942 1879 73 … An army of the aged, by Richard L. Neuberger and
393 1024 208 68 Kelley
629 1025 118 52 Loe;
807 1023 142 54 with
979 1043 71 34 an
1080 1024 394 54 introduction
1501 1024 77 69 by
1606 1025 187 52 Bruce
1819 1024 226 55 Bliven.
2112 1024 297 68 Caldwell,

395 1102 109 67 Id.,
531 1102 123 53 The
684 1101 227 55 Caxton
936 1102 270 69 printers,
1232 1102 124 69 ltd.,
1385 1105 152 51 1936.

465 1175 1138 51 2 p. l., [7]—329 p. incl. front., illus. 19½c m .
467 1233 63 40 At
556 1233 125 40 head
707 1233 51 40 of
784 1233 109 40 title:
951 1233 42 40 A
1018 1232 190 50 history
1234 1233 97 41 and
1357 1232 219 49 analysis
1600 1232 54 43 of
1674 1234 84 41 the
1782 1234 272 40 Townsend
2080 1234 80 40 old
2186 1244 87 38 age
393 1245 1996 84 pension
531 1290 132 48 plan.

395 1354 52 53 ©
471 1359 116 47 July
611 1360 69 49 15,
706 1358 114 42 1936;
874 1359 68 41 2c.
969 1360 117 47 July
1107 1359 56 42 23;
1220 1359 81 42 aff.
1327 1360 117 47 July
1468 1360 57 40 22;
1579 1361 42 39 A
1645 1359 145 42 96600;
1846 1361 193 42 Caxton
2063 1362 229 48 printers,
2320 1362 87 41 ltd.

473 1416 282 49 (36-18516)

390 1520 270 66 Newlun,
689 1521 253 55 Chester
970 1521 162 55 Otto.

462 1598 298 55 Teachers’
808 1599 235 53 manual
1093 1599 96 54 for
1238 1599 104 69 My
1394 1619 128 34 own
1570 1600 303 69 language,
1923 1600 75 69 by
2051 1599 235 56 Chester
2338 1600 68 57 O.

391 1677 2017 71 Newlun … and Lucy H. Meacham … Garden City, N. Y.,
391 1756 1337 68 Doubleday, Doran & company, inc. [ c 1936]
463 1829 504 48 vi p., 1 l., 248 p. 19½cm.
394 1895 52 53 ©
473 1900 121 46 Aug.
621 1899 70 49 11,
721 1898 114 42 1936;
893 1899 68 41 2c.
991 1899 96 39 and
1114 1899 84 40 aff.
1228 1900 120 47 Aug.
1377 1899 58 40 21;
1492 1900 43 39 A
1562 1899 145 41 98024;
1764 1900 49 41 C.
1846 1899 50 42 O.
1927 1900 221 48 Newlun,
2176 1900 231 49 Norman,

464 1956 119 47 Okl,
611 1956 97 40 and
733 1956 132 48 Lucy
892 1957 60 39 H.
979 1956 268 49 Meacham,
1275 1956 229 49 Wichita,
1530 1957 126 41 Kan.

391 2061 177 64 Page,
594 2060 258 55 William
878 2061 279 65 Herbert,
1185 2062 83 52 ed.

523 2136 1884 70 … Page’s Ohio digest. Lifetime edition. Semiannual
390 2216 348 54 cumulative
766 2216 205 70 pocket
1000 2221 160 64 parts
1197 2216 131 69 [for]
1364 2217 253 54 volumes
1650 2221 151 50 1-15.
1904 2219 84 52 To
2018 2217 144 69 July
2193 2220 46 66 1,
2272 2219 135 52 1936

452 2294 1955 71 … Cincinnati, The W. H. Anderson company; Indianapolis,
390 2375 122 53 The
541 2374 447 53 Bobbs-Merrill
1015 2393 282 49 company
1331 2408 13 34 [
1348 2381 19 21 c
1372 2377 152 64 1936]

461 2448 56 40 15
551 2458 43 30 v.
660 2447 55 40 25½cm.

462 2513 156 39 These
647 2512 278 48 pamphlets
956 2522 87 30 are
1073 2514 50 38 to
1154 2512 57 40 be
1241 2511 141 41 fitted
1412 2511 104 41 into
1548 2511 83 42 the
1660 2512 200 49 pockets
1893 2514 52 38 at
1978 2511 83 41 the
2089 2510 124 40 back
2243 2511 52 41 of
2324 2511 86 41 the

391 2569 216 39 volumes
637 2569 52 39 of
717 2569 83 40 the
829 2570 74 38 set
932 2570 49 38 to
1013 2568 159 40 which
1203 2568 114 47 they
1347 2567 185 49 belong.

393 2635 53 53 ©
470 2640 120 46 Aug.
614 2640 70 42 24.
710 2638 114 42 1936;
879 2640 67 40 2c.
972 2639 118 40 each
1117 2639 96 39 and
1239 2638 82 42 aff.
1347 2640 120 46 Aug.
1493 2638 56 41 25;
1604 2639 42 39 A
1669 2638 144 41 97547;
1870 2639 70 40 W.
1969 2639 61 40 H.
2058 2637 253 40 Anderson
2337 2646 68 32 co.

390 2760 251 64 Peattie,
674 2762 138 51 Mrs.
844 2759 215 54 Louise
1091 2758 323 66 (Redfield)

461 2835 310 54 American
819 2854 171 52 acres,
1036 2836 77 70 by
1157 2834 208 57 Louise
1410 2835 262 54 Redfield
1718 2835 241 54 Peattie.
2035 2834 139 55 New
2222 2833 179 68 York,

391 2916 69 56 G.
487 2918 66 54 P.
583 2916 300 55 Putnam’s
910 2935 146 48 sons,
1086 2919 153 52 1936.

463 2989 533 50 4 p. l., 308 p. 21 cm .
391 3043 53 53 ©
468 3048 120 47 Aug.
616 3047 71 48 21,
713 3046 141 48 1936;
883 3046 68 42 2c.
978 3047 95 39 and
1102 3045 83 43 aff.
1213 3047 121 47 Aug.
1361 3046 83 47 28;
1473 3046 40 39 A
1539 3044 171 49 98146;
1741 3046 50 40 L.
1821 3045 54 41 R.
1905 3043 206 49 Peattie,
2141 3043 261 51 Glenview,

465 3105 73 39 Ill.
608 3104 283 49 (36-18556)

391 3208 265 66 Phillips,
683 3208 235 54 Russell
941 3208 70 56 R.

461 3285 190 53 Death
682 3284 208 69 smiles,
920 3284 79 70 by
1027 3284 226 54 Russell
1287 3285 69 53 R.
1389 3283 268 68 Phillips.
1732 3284 140 54 New
1906 3282 182 67 York,

2122 3283 121 52 The
392 3282 1983 151 Macaulay
629 3382 283 50 company
1130 3398 12 34 [c1936]

462 3423 633 64 3 p l., 9-256 p. 19½ cm .
392 3492 53 54 ©
476 3497 119 48 Aug.
630 3495 71 48 20,
733 3494 119 41 1936;
910 3494 68 43 2c.
1010 3496 121 47 Aug.
1163 3494 56 41 26;
1282 3490 82 44 aff.
1399 3494 119 47 Aug.
1552 3493 55 40 21;
1671 3494 40 39 A
1745 3492 144 42 98119;
1954 3491 261 47 Macaulay
2248 3500 68 32 co.

474 3553 282 50 (36-18546)

391 3659 204 52 Power
623 3657 166 65 plant
816 3657 405 65 engineering.

463 3734 109 53 Air
607 3733 417 70 conditioning,
1057 3732 237 70 heating
1328 3733 113 53 and
1475 3730 341 55 ventilation
1871 3731 92 67 [by]
2003 3731 202 51 Power
2239 3730 163 67 plant

394 3811 385 69 engineering.
851 3810 271 71 Chicago,
1158 3812 115 68 Ill.,
1308 3810 305 54 Technical
1650 3809 339 69 publishing
2026 3827 98 49 co.,
2157 3815 18 22 c
2182 3811 150 51 1936.

465 3886 87 41 240
580 3898 42 37 p.
682 3886 143 44 illus.,
854 3885 180 46 diagrs.
1092 3885 55 41 19½cm.

465 3942 162 41 Blank
654 3953 122 37 page
803 3942 79 41 for
911 3941 376 41 “Memoranda”
1325 3940 135 49 (240)

391 3994 53 54 ©
473 4000 116 46 July
617 4000 71 47 22,
719 3999 113 41 1936;
891 3998 66 40 2c.
988 3999 120 47 July
1134 3998 57 41 27;
1251 3998 81 41 aff.
1363 3997 117 48 July
1508 3997 59 42 28;
1623 3997 40 39 A
1694 3995 145 43 97179;
1899 3995 261 41 Technical
2190 3994 110 49 pub.
2330 4004 69 32 co.

474 4056 282 50 (36-18512)
