2597 4361
1464 4165 29 45 22

448 486 238 64 Sutton,
715 485 329 65 Margaret.

451 559 1994 136 … The mysterious half cat, by Margaret Sutton … illustrated
664 638 75 69 by
762 638 234 69 Pelagie
1021 638 213 54 Doane.
1304 637 139 54 New
1470 637 179 68 York,
1675 638 233 56 Grosset
1931 640 47 51 &
2002 638 236 70 Dunlap
2270 674 13 35 [
2287 646 19 22 c
2311 643 135 50 1936
2451 674 14 36 ]

519 712 83 48 vii,
636 710 89 41 215
753 721 44 39 p.
860 710 152 42 front.
1073 709 57 41 19½
1162 712 45 22 cm
1212 742 10 9 .
1292 710 132 48 (Her
1456 711 133 49 Judy
1623 712 178 41 Bolton
1834 714 219 48 mystery
2087 714 201 49 stories)

520 783 291 41 Illustrated
845 782 368 48 lining-papers.

453 839 54 54 ©
536 845 109 39 Jan.
678 844 68 48 15,
775 843 119 41 1936
909 854 8 36 ;
950 842 66 41 2c.
1050 843 108 39 Jan.
1264 852 9 36 17;
1307 841 82 41 aff.
1422 842 110 40 Jan.
1564 842 82 48 18;
1679 842 42 40 A
1750 842 173 48 90362;
1959 843 201 41 Grosset
2191 844 34 40 &
2257 844 213 50 Dunlap,

524 902 92 41 inc.
685 901 253 49 (36-1049)

447 1006 178 66 Targ,
653 1005 275 65 William,
958 1005 174 55 1907-

519 1084 284 54 Lafcadio
843 1085 231 53 Hearn:
1115 1080 126 56 first
1280 1081 248 55 editions
1569 1083 113 53 and
1721 1083 223 68 values;
1990 1102 31 34 a
2062 1083 272 56 checklist
2373 1084 97 54 for

450 1160 2019 70 collectors, by William Targ … Chicago, The Black archer
450 1262 176 49 press,
657 1246 150 50 1935.

523 1315 69 50 51,
626 1315 56 51 [1]
712 1324 42 39 p.
814 1313 152 42 front,
994 1312 243 51 (facsim.)
1304 1312 148 41 20½cm.

522 1372 308 48 Descriptive
862 1371 289 48 letterpress
1178 1382 61 30 on
1268 1380 142 31 verso
1442 1370 52 41 of
1521 1370 333 50 frontispiece.

524 1430 294 40 “Published
849 1428 51 40 in
930 1439 28 30 a
989 1428 194 49 strictly
1213 1427 191 41 limited
1436 1428 184 41 edition
1651 1429 53 40 of
1734 1429 87 40 550
1850 1429 160 49 copies
2043 1430 77 41 for
2152 1431 315 49 subscribers,

453 1487 57 41 50
540 1487 162 48 copies
734 1486 53 41 of
820 1486 161 41 which
1014 1496 86 30 are
1130 1485 197 50 printed
1361 1497 59 29 on
1455 1487 254 40 Inomachi
1741 1488 179 40 vellum
1955 1489 96 39 and
2086 1489 169 47 signed
2290 1490 59 46 by
2387 1491 81 39 the

451 1545 275 49 compiler.”
785 1543 120 42 This
934 1554 119 39 copy
1087 1547 85 38 not
1205 1544 185 49 signed.

519 1602 903 43 Contents.—Introduction.—First
1487 1601 459 43 editions.—Booksi
2012 1604 153 40 about.
2231 1604 237 41 Lafcadio

445 1663 416 39 Hearn.—Index.

453 1716 53 53 ©
537 1721 120 47 Aug.
688 1719 40 48 9,
759 1718 141 43 1935;
934 1718 67 40 2c.
1034 1718 119 48 Aug.
1186 1718 54 41 13;
1304 1717 82 42 aff.
1420 1719 113 39 Dec.
1565 1718 82 46 30;
1684 1719 40 38 A
1754 1717 172 43 90194:
1961 1720 72 40 W.
2066 1719 142 49 Targ,
2242 1719 227 49 Chicago.

535 1776 252 50 (36-1080)

582 1877 1888 71 … Kare American books, valued from $50.00 to $25,000.00 ; a
451 1979 14 32 c
482 1960 241 54 hecklist
759 1960 64 54 of
860 1960 100 53 the
994 1966 243 48 scarcest
1273 1963 46 50 &
1355 1963 148 50 most
1539 1959 266 53 valuable
1843 1959 309 54 American
2190 1957 124 56 first
452 1959 1990 148 editions,
661 2038 190 54 edited
892 2039 76 67 by
1008 2039 264 54 William
1314 2039 174 67 Targ.
1567 2037 272 69 Chicago,
1881 2038 123 54 The
2044 2038 183 53 Black
2268 2038 199 54 archer

455 2138 172 48 press,
655 2121 150 50 1935.

520 2191 57 40 24
613 2202 45 38 p.
718 2190 208 42 18½×10½
960 2192 44 22 cm
1009 2222 9 9 .

525 2248 62 40 At
616 2248 125 40 head
769 2248 53 39 of
851 2247 109 40 title
978 2258 9 30 :
1020 2248 131 40 “The
1179 2246 364 41 book-hunter’s
1574 2247 188 47 guide.”

455 2303 52 53 ©
542 2308 121 38 Mar.
697 2307 38 47 1,
769 2305 141 44 1935;
945 2306 68 40 2c.
1047 2306 119 48 Aug.
1200 2306 25 40 3
1245 2317 8 31 ;
1290 2305 84 41 aff.
1408 2306 113 40 Dec.
1555 2305 84 48 30;
1675 2307 42 38 A
1747 2304 172 49 90193;
1956 2306 72 40 W.
2063 2306 142 48 Targ,
2241 2304 227 51 Chicago.

536 2363 252 50 (36-1081)

450 2464 235 65 Taylor,
715 2465 221 64 Joseph
967 2465 254 66 Russell,
1257 2469 326 50 1868-1933.

521 2542 204 52 Poems
779 2540 93 68 [by]
912 2541 221 69 Joseph
1166 2541 229 54 Russell
1430 2541 233 69 Taylor.
1738 2540 331 71 Columbus,
2104 2541 87 69 O.,
2229 2539 239 56 Charles

451 2622 69 52 A.
548 2620 378 69 Trowbridge
954 2637 99 51 co.;
1081 2623 151 51 1935.

521 2695 26 40 3
576 2705 42 38 p.
681 2727 9 16 l.,
719 2695 131 39 vi-ix
876 2704 58 38 p.,
965 2695 25 39 1
1053 2725 8 16 l.,
1091 2693 86 43 189
1205 2705 44 38 p.
1277 2694 110 41 incl.
1414 2695 174 47 plates,
1650 2692 148 42 front,
1829 2693 173 48 (port.)
2071 2692 56 40 21
2132 2695 44 22 cm
2180 2724 8 8 .

457 2750 52 54 ©
540 2756 111 39 Dec.
684 2755 38 47 1,
754 2753 140 43 1935:
928 2753 65 41 2c.
1028 2756 99 39 and
1154 2754 82 41 aff.
1270 2756 113 38 Dec.
1416 2754 81 47 13;
1533 2754 39 39 A
1605 2752 172 48 90289;
1812 2754 178 40 Esther
2026 2753 215 41 Stafford
2274 2753 195 48 Taylor,

527 2812 277 48 Columbus,
840 2812 51 40 O.
964 2811 224 50 (36-983)

453 2916 391 63 Tchernavin,
870 2916 274 55 Tatiana.

525 2990 1942 73 We soviet women, by Tatiana Tchernavin … translated by
459 3072 67 53 N.
554 3072 345 55 Alexander.
956 3072 139 54 New
1123 3072 182 66 York,
1333 3073 67 54 E.
1428 3075 66 52 P.
1522 3074 226 53 Dutton
1775 3076 46 50 &
1848 3090 99 49 co.,
1971 3071 126 68 inc.,
2126 3075 150 49 1936.

526 3145 87 41 304
639 3155 42 38 p.
710 3144 109 41 incl.
845 3144 149 42 front,
1022 3145 178 51 (port.)
1261 3146 54 40 21
1320 3149 44 22 cm
1370 3179 9 9 .

529 3203 164 41 “First
721 3201 228 42 edition.”

459 3257 52 53 ©
544 3262 110 39 Jan.
685 3260 41 46 2,
757 3259 142 48 1936;
933 3260 68 41 2c.
1033 3262 101 39 and
1164 3261 81 40 aff.
1281 3262 110 39 Jan.
1426 3262 53 47 3;
1515 3262 41 39 A
1587 3260 172 48 91004;
1797 3262 53 39 E.
1884 3261 52 40 P.
1970 3261 188 39 Dutton
2191 3259 37 41 &
2260 3269 83 38 co.,
2377 3259 92 42 inc.

540 3317 197 49 (36-689
777 3316 333 50 Provisional)

455 3421 276 64 Thomas,
760 3421 226 53 Harlan
1016 3423 62 56 C.

527 3494 309 56 Comrades
877 3496 66 53 of
982 3497 208 54 Kiowa
1233 3498 208 70 valley,
1479 3498 77 70 by
1598 3498 232 54 Harlan
1873 3495 63 58 C.
1980 3496 265 54 Thomas.
2326 3495 140 53 New

461 3574 175 67 York,
665 3574 66 53 E.
761 3575 56 54 J.
851 3573 195 70 Clode,
1077 3575 107 54 inc.
1219 3579 195 65 [c1935]

528 3647 84 42 253
642 3659 43 37 p.
744 3647 56 41 19½
833 3650 45 21 cm
882 3679 8 8 .

460 3702 53 53 ©
545 3707 103 41 Oct.
680 3706 68 48 24,
782 3707 142 46 1935;
959 3707 66 40 2c.
1060 3709 96 39 and
1188 3708 83 42 aff.
1305 3710 110 39 Jan.
1451 3710 38 43 8,
1525 3710 141 41 1936:
1703 3710 40 39 A
1776 3709 144 41 91071
1940 3720 8 32 ;
1984 3709 211 39 Edward
2230 3708 43 39 J.
2309 3707 160 50 Clode,

535 3764 89 40 inc.
692 3764 221 48 (36-486)

456 3869 209 64 Tracy,
694 3868 157 54 Yera
875 3869 208 55 Marie.

529 3944 1939 72 Break thou my heart [by] Yera Marie Tracy … Milwaukee,
459 4023 1238 70 The Bruce publishing company [ c 1936]
529 4096 67 40 vii
623 4107 59 39 p.,
709 4097 24 40 1
795 4129 9 16 l.,
831 4096 88 41 317
944 4107 44 40 p.
1050 4096 56 41 19
1109 4099 44 22 cm
1156 4130 10 11 .
