2519 4377
1272 4160 133 50 1228

327 458 261 65 Meader,
615 458 264 66 Stephen
906 460 270 64 Warren,
1205 465 173 51 1898-

400 536 122 53 The
557 534 120 54 will
711 541 59 48 to
806 535 116 54 win
956 535 115 54 and
1104 536 165 54 other
1301 535 222 69 stories,
1555 537 76 68 by
1668 536 257 70 Stephen
1957 537 90 55 W.
2084 537 266 70 Meader;

332 613 327 54 illustrated
705 614 77 68 by
828 614 158 56 John
1034 612 278 56 Gincano.
1388 613 140 55 New
1580 614 181 70 York,
1810 614 314 69 Harcourt,
2171 615 183 55 Brace

331 692 113 53 and
474 710 284 49 company
792 694 194 67 [c1936]

400 763 1135 51 7 p. l., 3-300 p. incl. front., plates. 22cm.
401 821 293 41 Illustrated
731 822 369 49 lining-papers.

329 890 54 54 ©
417 895 130 49 Sept.
578 896 42 48 3,
651 894 121 43 1936;
828 895 70 40 2c.
934 896 129 48 Sept.
1097 897 55 39 14;
1213 897 86 40 aff.
1335 897 129 48 Sept.
1498 896 60 41 12;
1615 897 45 41 A
1689 896 147 43 97798;
1899 899 265 48 Harcourt,
2199 899 158 41 Brace

399 953 37 42 &
464 962 84 42 co.,
580 952 93 44 inc.
742 953 284 51 (36-19165)

328 1059 273 66 Meynell,
631 1061 307 55 Laurence
968 1061 245 65 Walter,
1248 1067 173 50 1899-

419 1138 128 56 “On
589 1139 101 53 the
729 1139 175 70 night
943 1138 66 54 of
1050 1139 96 53 the
1190 1138 296 55 18th…”
1528 1158 33 35 a
1602 1140 169 53 novel
1812 1139 74 69 by
1929 1139 293 54 Laurence
2263 1138 92 55 W.

328 1219 265 54 Mevnell.
660 1219 262 68 London,
954 1219 49 53 I.
1036 1219 316 54 Nicholson
1385 1220 114 53 and
1530 1219 263 68 Watson,
1825 1219 245 67 limited,
2105 1222 151 51 1936.

398 1295 101 47 315,
532 1294 56 50 [1]
619 1305 45 38 p.
723 1293 118 44 19cm.

330 1362 53 53 ©
416 1367 66 39 1c.
518 1367 121 47 Aug.
674 1367 72 48 18,
780 1365 142 50 1936;
960 1367 44 39 A
1037 1366 64 41 ad
1133 1365 89 43 int.
1256 1366 174 48 21757;
1464 1366 146 48 pubd.
1647 1367 129 39 June
1810 1366 83 48 19;
1932 1367 53 41 L.
2019 1367 73 41 W.
2129 1365 226 51 Meynell,

399 1425 121 39 East
545 1423 231 50 Harting,
806 1424 194 48 Sussex,
1029 1423 240 49 England.
1335 1423 283 51 (36-18903)

326 1529 356 65 Monvoisin,
711 1528 359 66 Alexandre,
1103 1531 173 54 1878-

397 1607 84 55 La
514 1607 400 55 conservation
945 1627 107 50 par
1080 1608 53 55 le
1162 1607 158 55 froid
1352 1608 96 54 des
1479 1608 233 54 denrées
1742 1607 369 70 périssables;
2146 1607 207 55 chimie

327 1693 54 47 et
419 1686 434 71 microbiologie
894 1689 97 53 des
1029 1687 327 55 substances
1397 1687 405 54 alimentaires.
1879 1688 357 53 Production
2276 1688 76 53 du

329 1766 173 55 froid.
564 1767 237 68 Emploi
828 1768 77 53 du
931 1767 158 54 froid
1115 1769 143 52 dans
1282 1768 55 52 la
1363 1766 397 56 conservation
1785 1767 97 53 des
1907 1766 255 69 viandes,
2189 1766 164 69 œufs,

329 1846 263 68 produits
627 1847 71 53 de
729 1845 242 71 laiterie,
1006 1865 69 34 en
1108 1846 408 69 sériciculture,
1550 1846 398 68 horticulture,
1982 1846 372 69 floriculture,

329 1925 369 69 boulangerie
726 1930 55 48 et
811 1927 143 52 dans
983 1927 81 53 les
1097 1925 312 54 industries
1440 1926 97 54 des
1567 1926 258 53 boissons
1858 1924 358 70 fermentées,
2247 1944 107 50 par

328 2003 1503 69 A. Monvoisin … 2. écl. Paris, Dunod, 1936.
400 2076 117 51 xvii,
544 2077 88 43 518
653 2088 60 39 p.,
740 2078 145 49 illus.,
910 2079 29 39 4
963 2079 88 42 col.
1077 2090 62 37 pl.
1166 2088 61 30 on
1252 2077 27 40 2
1339 2110 9 16 l.,
1374 2077 181 49 diagrs.
1617 2078 118 42 25cm.

402 2136 258 48 “Ouvrage
689 2135 246 41 couronné
965 2146 90 38 par
1084 2135 296 42 l’Académie
1411 2135 365 49 d’agriculture,
1808 2146 89 38 par
1927 2136 49 39 la

2011 2134 189 42 Société
330 2136 2006 106 d’encouragement
719 2204 125 39 pour
880 2193 280 42 l’industrie
1201 2193 254 41 nationale
1496 2194 48 39 et
1586 2204 90 38 par

1717 2193 346 41 l’Association
2105 2193 249 50 française

329 2254 65 41 du
420 2251 177 43 froid.”

324 2307 1604 54 © May 18, 1936; 1c. July 14; A- Foreign 32347; Dunod.
409 2369 284 50 (36-19127)

328 2471 165 66 Pain,
522 2471 215 67 Philip,
766 2474 54 53 d.
851 2476 136 50 1668
1003 2473 18 53 ?

403 2551 178 67 Daily
625 2549 390 69 meditations,
1062 2550 77 69 by
1182 2548 203 70 Philip
1431 2547 178 70 Pain;
1658 2548 356 68 reproduced
2060 2547 154 54 from
2258 2547 96 53 the

331 2630 251 69 original
623 2628 220 55 edition
880 2628 65 54 of
986 2632 133 50 1668
1157 2629 61 52 in
1255 2629 98 54 the
1390 2627 378 69 Huntington
1805 2626 252 70 library;
2100 2626 142 53 with
2282 2645 72 34 an

331 2708 395 54 introduction
756 2707 76 69 by
862 2708 156 53 Leon
1047 2707 278 53 Howard.
1393 2706 117 56 San
1540 2706 250 68 Marino,
1821 2705 200 69 Calif.,
2049 2706 205 68 Henry
2285 2706 67 56 E.

330 2787 378 69 Huntington
736 2786 222 69 library
987 2787 115 53 and
1131 2792 91 48 art
1250 2786 241 70 gallery,
1521 2789 151 50 1936.

403 2862 58 41 12
491 2873 57 38 p.,
583 2861 25 41 1
680 2893 8 17 l.,
718 2861 192 41 facsim.
953 2859 173 51 (15-36
1156 2860 70 51 p.)
1294 2860 119 42 20cm.
1485 2859 303 50 (Half-title:
1820 2857 314 51 Huntington
2166 2857 187 52 library

332 2919 328 51 publications
672 2919 14 48 )

405 2977 68 40 “A
499 2974 268 51 postscript
793 2976 50 40 to
871 2975 82 40 the
981 2973 202 43 reader”
1210 2974 169 49 signed:
1436 2975 44 40 J.
1511 2975 53 41 T.

404 3032 263 42 Facsimile
704 3033 91 40 has
834 3032 110 41 title:
1014 3031 149 49 Daily
1203 3031 318 41 meditations:
1591 3041 67 38 or,
1703 3030 269 50 Quotidian
2011 3030 342 49 preparations

333 3092 91 48 for,
464 3090 96 41 and
599 3089 392 42 considerations
1031 3088 52 42 of
1122 3089 149 41 death
1311 3090 95 39 and
1447 3088 228 48 eternity.
1745 3089 168 48 Begun
1955 3088 118 49 July
2113 3088 69 49 19,
2223 3088 129 42 1666.

333 3143 2002 110 By Philip Pain: who lately suffering shipwrack, was drowned … Cambridge, Printed by Marmaduke Johnson. 1668.
402 3261 165 41 Verse.

329 3314 53 53 ©
412 3318 121 48 Aug.
563 3316 70 49 19,
664 3316 119 41 1936;
838 3316 68 41 2c.
940 3316 129 48 Sept.
1101 3317 25 39 5;
1184 3315 83 41 aff.
1301 3317 129 47 Sept.
1459 3317 28 38 4;
1548 3316 41 40 A
1617 3315 147 43 98277;
1822 3318 172 46 Henry
2025 3318 53 40 E.

400 3317 1936 98 Huntington
511 3374 189 48 library
728 3373 98 41 and
853 3375 79 39 art
959 3373 203 49 gallery,
1192 3373 99 41 San
1319 3373 207 51 Marino,
1556 3372 146 43 Calif.
1762 3373 285 52 [Copyright
2074 3374 43 41 is
2145 3372 209 42 claimed

394 3443 60 29 on
477 3431 351 50 introduction]
894 3430 283 49 (36-19245)

330 3536 303 66 Panassié,
662 3537 269 64 Hugues.

402 3613 123 54 Hot
561 3612 156 70 jazz;
756 3613 98 54 the
891 3613 174 69 guide
1100 3620 59 48 to
1196 3611 186 71 swing
1417 3612 197 68 music,
1650 3612 77 68 by
1764 3614 241 67 Hugues
2044 3612 301 67 Panassié;

333 3693 316 53 translated
690 3692 76 69 by
804 3693 143 68 Lyle
987 3696 46 50 &
1076 3692 250 52 Eleanor
1364 3691 275 69 Dowling
1681 3691 150 54 from
1874 3692 114 54 “Le
2029 3692 124 68 jazz
2195 3691 151 54 hot”.

335 3771 328 69 Especially
692 3770 221 56 revised
943 3771 76 69 by
1049 3771 100 53 the
1177 3771 208 54 author
1416 3769 95 55 for
1542 3771 96 52 the
1668 3771 245 67 English
1946 3771 286 67 language
2263 3772 84 53 ed.

335 3849 1036 69 New York, M. Witmark & sons [c1936]
404 3922 82 42 xvi
514 3934 58 38 p.,
599 3923 27 40 2
687 3955 10 16 l.,
723 3922 87 42 363
838 3933 44 39 p.
942 3922 149 43 22½cm.

405 3979 285 50 “Appendix:
748 3980 108 41 List
881 3980 52 43 of
958 3981 86 40 hot
1069 3979 225 42 records”:
1349 3991 43 38 p.
1416 3979 218 41 297-356.

333 4035 53 53 ©
407 4039 121 47 Aug.
553 4039 69 47 10,
646 4038 144 48 1936;
816 4038 69 42 2c.
909 4039 122 46 Aug.
1057 4037 56 41 19;
1170 4038 83 41 aff.
1278 4039 120 47 Aug.
1424 4038 56 41 18;
1534 4037 41 40 A
1598 4036 145 42 97443;
1800 4038 62 38 M.
1889 4036 248 41 Witmark
2161 4036 39 41 &
2222 4045 128 32 sons.

415 4095 283 51 (36-19156)
