2519 4377
982 4074 131 49 1031

75 444 243 64 Lebeck,
344 443 210 55 Oskar.

149 520 160 66 Stop,
347 536 99 51 go;
488 519 95 52 the
620 523 160 64 story
816 518 64 53 of
916 516 364 54 Automobile
1316 518 133 68 city,
1488 516 74 69 by
1601 516 188 55 Oskar
1829 516 235 54 Lebeck.

76 598 137 52 New
242 596 177 64 York,
448 594 232 55 Grosset
708 598 44 50 &
781 595 234 68 Dunlap
1051 628 11 33 [
1068 602 18 21 c
1092 598 150 64 1936]

149 670 84 48 [41]
265 680 41 37 p.
362 668 128 40 illus.
520 668 135 47 (part
683 668 111 49 col.)
859 668 56 40 18½
961 680 32 28 x
1010 669 55 40 23½
1098 670 44 22 cm
1147 700 8 9 .

147 725 365 48 Lining-papers
539 725 281 40 illustrated
848 725 50 38 in
926 725 168 39 colors.

72 777 52 53 ©
149 783 117 44 Aug.
292 783 38 43 1,
356 781 139 48 1936;
524 781 66 39 2c.
617 781 95 38 and
740 780 79 40 aff.
848 781 117 46 Aug.
994 780 50 42 5;
1075 782 39 37 A
1140 779 169 43 96744;
1341 780 197 40 Grosset
1567 780 35 40 &
1629 780 208 48 Dunlap,
1865 780 88 40 iuc.

149 836 277 50 (36-17399)

72 942 179 63 Lloyd
282 942 243 63 George,
552 940 210 54 David.

141 1019 108 52 Mr.
280 1019 184 66 Lloyd
495 1017 267 68 George’s
792 1035 116 35 war
937 1018 278 53 memoirs.
1307 1037 50 34 [v.
1389 1022 46 48 5.
1475 1018 368 52 Instalments
1878 1021 185 50 13-28.

73 1095 356 67 Conclusion]

149 1169 79 46 (Iu
259 1164 198 42 London
487 1164 145 51 Daily
663 1163 276 52 telegraph,
969 1163 130 43 June
1127 1165 162 49 29-30,
1320 1163 117 52 July
1469 1164 101 50 1-4,
1601 1164 103 50 6-7,
1733 1164 135 51 9-11,
1900 1165 164 49 13-17,

69 1222 141 49 1936)

71 1277 1992 52 © 1c. each Aug. 13, 1936; A ad int. 21755; pubd. June 29, 30, July 1, 2,
140 1337 39 48 3,
206 1338 40 41 4,
275 1337 37 47 6,
342 1338 36 44 7,
407 1336 39 46 9,
476 1336 67 45 10,
572 1336 67 47 11,
670 1335 68 46 13,
766 1336 67 46 14,
861 1336 68 47 15,
958 1335 68 48 16,
1056 1334 80 47 17;
1168 1336 55 38 D.
1254 1334 150 46 Lloyd
1435 1334 196 48 George,
1660 1333 211 41 London.

71 1455 342 63 McCready,
439 1454 203 63 Agnes
667 1453 67 55 B.

143 1531 53 51 A
227 1530 111 67 day
370 1535 57 47 at
456 1529 217 67 school;
705 1533 124 49 text
855 1528 76 69 by
960 1528 194 68 Agnes
1184 1530 67 51 B.
1282 1527 352 69 McCready;
1670 1528 394 68 photographs

73 1609 73 68 by
189 1608 157 52 Ruth
386 1606 329 55 Alexander
752 1605 251 55 Nichols.
1080 1606 137 53 New
1258 1605 179 69 York,
1476 1605 69 54 E.
1584 1606 65 53 P.
1688 1606 222 53 Dutton
1952 1606 109 53 and

72 1704 296 49 company,
415 1688 150 49 1936.

145 1759 83 49 [80]
261 1770 43 37 p.
365 1758 127 41 illus.
549 1758 55 40 23½
652 1768 33 29 x
702 1757 59 41 20½
791 1760 43 21 cm
838 1789 9 9 .

70 1811 52 52 ©
149 1816 115 46 July
290 1815 69 46 20,
388 1813 139 47 1936;
558 1814 66 39 2c.
651 1814 100 39 and
779 1813 82 42 aff.
890 1813 115 47 July
1033 1813 81 48 21;
1146 1814 39 38 A
1213 1814 170 47 96556;
1417 1816 51 38 E.
1500 1815 49 40 P.
1582 1815 185 39 Dutton
1797 1815 37 39 &
1860 1824 82 39 co.,
1973 1815 91 40 inc.

148 1871 277 48 (36-17320)

68 1975 223 63 Marsh,
318 1974 334 64 Reignette.

141 2048 203 55 Scotch
375 2049 225 68 Plains;
633 2050 95 52 the
756 2053 157 64 story
940 2048 63 54 of
1032 2067 73 34 an
1135 2048 95 53 old
1259 2047 368 71 community,
1653 2048 76 70 by
1759 2046 301 72 Reignette

68 2125 1619 69 Marsh … [New Brunswick, N. J., F. Zimin] c 1936.
138 2197 612 50 85 p. front., pl. 24 cm .
70 2253 52 53 ©
149 2258 115 47 July
292 2258 69 48 21,
391 2258 139 47 1936;
559 2258 69 39 2c.
658 2257 96 39 and
780 2257 82 41 aff.
892 2257 115 47 July
1036 2258 82 47 28;
1150 2259 40 38 A
1219 2258 170 47 97181;
1420 2259 55 38 It.
1507 2258 183 48 Marsh,
1718 2259 157 39 North
138 2257 1910 104 Plainheld,
286 2315 54 38 N.
368 2315 42 39 J.
475 2314 280 48 (36-17255)

67 2417 338 63 Matthews,
432 2419 135 50 Mrs.
595 2415 175 55 Sallie
801 2416 355 66 (Reynolds)
1193 2421 170 50 1861-

138 2491 386 68 Interwoven;
567 2511 31 33 a
637 2491 232 68 pioneer
906 2490 301 70 chronicle,
1244 2491 78 69 by
1362 2490 177 56 Sallie
1580 2492 290 69 Reynolds
69 2492 1967 130 Matthews.

332 2568 283 68 Houston,
651 2569 156 67 Tex.,
841 2569 123 52 The
999 2569 200 53 Anson
1237 2568 174 54 Jones
1448 2587 175 50 press,
1663 2572 150 50 1936.

138 2640 967 50 x p., 2 l., 3-234 p. front. (ports.) 19½cm.
67 2695 52 52 ©
151 2700 112 46 Apr.
297 2700 68 45 15,
401 2698 139 47 1936;
575 2699 67 41 2c.
679 2701 114 45 May
825 2700 81 47 13;
944 2700 81 39 aff.
1062 2701 112 45 May
1209 2700 81 46 18;
1330 2701 42 38 A
1404 2700 169 46 95237;
1614 2701 44 40 S.
1695 2700 55 41 R.
1786 2700 276 46 Matthews,

136 2755 201 50 Albany,
366 2756 113 39 Tex.
545 2755 280 48 (36-17258)

65 2858 225 65 Maura,
316 2856 210 67 Philip,
556 2863 172 50 1859-

137 2932 121 53 The
281 2933 228 68 church,
532 2933 97 53 the
648 2933 271 54 churches
942 2934 113 52 and
1079 2934 96 52 the
1197 2932 295 70 kingdom,
1512 2933 76 70 by
1610 2933 202 69 Philip
1835 2933 223 53 Mauro.

68 3009 397 70 Washington,
492 3011 71 52 D.
594 3010 81 68 C.,
700 3011 121 53 The
848 3011 182 70 Perry
1058 3010 189 55 studio
1461 3043 14 36 [c1936]

135 3082 584 49 9 p. l., 9-283 p. 20 cm .
69 3136 52 53 ©
148 3142 126 38 June
298 3141 69 47 26,
397 3141 139 43 1936;
568 3142 67 40 2c.
666 3142 95 39 and
790 3141 81 41 aff.
900 3142 115 47 July
1044 3142 81 47 18;
1157 3143 42 38 A
1226 3141 170 48 96542;
1429 3143 50 39 P.
1512 3143 183 45 Mauro,
1726 3140 334 48 Washington.

148 3198 277 46 (36-17241)

67 3297 265 55 Michie’s
365 3301 186 65 digest
585 3299 64 54 of
683 3301 308 52 Tennessee
1027 3306 249 61 reports;
1314 3299 170 68 being
1519 3320 32 33 a
1586 3301 275 67 complete

137 3317 1897 125 encyclopedia
429 3379 111 51 and
576 3376 185 68 digest
795 3378 63 51 of
896 3378 76 51 all
1008 3379 93 52 the
1139 3379 307 51 Tennessee
1482 3395 123 35 case
1637 3378 111 51 law
1787 3377 111 52 and

137 3376 1897 129 federal
288 3452 273 55 decisions
598 3455 247 66 relating
878 3462 57 47 to
971 3456 96 53 the
1098 3456 139 51 laws
1272 3455 62 51 of
1368 3455 94 51 the
1497 3460 160 47 state.
1729 3455 201 54 Under
1962 3455 98 51 the

137 3530 261 54 editorial
435 3531 355 67 supervision
827 3532 62 52 of
924 3533 70 53 A.
1032 3533 248 53 Hewson
1314 3533 229 67 Michie,
1581 3531 165 55 Chas.
1784 3533 88 54 W.
138 3531 1895 129 Sublett

271 3609 110 51 and
412 3609 203 52 Beirne
649 3609 291 66 Stedman,
971 3611 138 52 with
1141 3611 93 52 the
1266 3610 409 52 collaboration
1706 3609 63 52 of
1798 3610 260 54 William

138 3685 1894 143 H. Wicker … volume 6. [Demurrer to the evidence to Evidence]
401 3761 161 54 With
606 3763 341 54 cumulative
989 3765 204 65 pocket
1232 3772 132 59 part
1404 3765 225 53 service.
137 3764 1895 130 Charlottesville,
369 3858 65 39 Va.,
460 3840 118 51 The
603 3840 211 53 Michie
840 3859 293 49 company,
1162 3844 149 51 1936.

137 3911 521 47 3 p. l., 556 p. 26c m .
71 3961 52 53 ©
149 3967 117 47 Aug.
295 3967 68 46 18,
391 3966 139 46 1936;
560 3967 66 39 2c.
654 3968 97 39 and
778 3968 80 39 aff.
888 3970 120 45 Aug.
1035 3968 82 48 19;
1144 3969 40 38 A
1212 3967 170 46 96955;
1415 3967 176 41 Michie
1619 3977 66 29 co.
