2519 4377
993 4081 131 48 1403

64 445 258 65 Palfrey,
348 445 255 52 Thomas
630 446 310 62 Rossman,
971 447 168 49 1895-
1352 443 83 52 ed.

132 521 184 55 Petite
354 520 352 69 anthologie;
746 519 212 70 poésies
995 519 308 66 françaises
1345 519 108 67 [by]
1495 519 246 51 Thomas
1780 518 274 52 Rossman

63 589 1991 80 Palfrey … and Samuel Frederic Will … New York, F. S.
62 677 196 54 Crofts
288 678 46 52 &
362 695 98 45 co.,
492 679 149 50 1936.

134 750 62 44 ix,
225 748 87 42 130
338 760 41 38 p.
439 749 56 39 19½
527 751 45 21 cm
575 779 9 9 .

63 810 1911 62 © Sept. 15, 1936; 2c. and aff. Oct. 2; A 98770; F. S. Crofts & co., inc.
142 875 278 50 (36-21656)

64 981 237 63 Parker,
330 981 225 63 George
582 981 275 61 Howard,
888 985 170 49 1864-

138 1056 170 56 Color
337 1055 242 68 changes
609 1055 65 53 of
705 1054 238 54 animals
974 1055 59 53 in
1066 1054 241 54 relation
1337 1061 58 46 to
1425 1071 240 34 nervous
1698 1052 256 69 activity,
1985 1052 73 68 by

66 1125 1991 77 G. H. Parker … Philadelphia, University of Pennsylvania
67 1229 182 50 press;
285 1209 259 68 London,
576 1211 77 51 H.
687 1209 264 55 Milford.
984 1209 230 55 Oxford
1245 1208 318 69 university
1594 1226 175 52 press,
1803 1212 151 49 1936.

136 1284 63 47 ix,
224 1285 55 39 74
299 1294 43 38 p.
394 1283 128 40 illus.
573 1284 55 39 23½
663 1286 44 21 cm
712 1315 8 7 .
781 1283 15 49 (
805 1284 274 48 Half-title:
1104 1282 281 48 University
1409 1283 50 41 of
1481 1283 374 48 Pennsylvania.
1910 1284 147 47 Leidy

66 1339 250 43 memorial
351 1340 233 46 lectures)

139 1397 127 39 “The
305 1398 194 47 present
538 1398 190 38 volume
765 1396 42 41 is
848 1408 26 28 a
917 1398 266 39 somewhat
1221 1396 237 41 extended
1498 1397 127 40 form
1667 1397 50 40 of
1757 1398 81 39 the
1878 1398 180 48 Joseph

67 1453 150 47 Leidy
247 1452 251 41 memorial
528 1454 183 39 lecture
742 1453 50 40 in
825 1453 184 41 science
1041 1453 243 41 delivered
1317 1456 52 38 at
1401 1455 81 39 the
1513 1453 282 49 University
1828 1454 50 39 of
66 1451 1976 110 Pennsylvania
319 1510 169 39 March
515 1509 40 46 3,
584 1507 350 43 1936.’—Pref.

139 1564 346 42 “References”:
545 1577 43 37 p.
618 1565 158 40 66-71.

65 1620 1978 110 CONTENTS. — Introduction. — The dogfish. — The killifish. — Neurohumors.—The nervous system and chromatophores.
64 1746 52 53 ©
146 1751 126 47 Sept.
300 1751 68 48 18,
398 1750 140 48 1936;
567 1752 68 39 2c.
666 1751 94 40 and
788 1752 83 40 aff.
900 1753 126 47 Sept.
1056 1753 82 47 25;
1169 1753 41 39 A
1236 1751 172 50 97974;
1440 1753 284 49 University
1751 1755 53 44 of
133 1752 1907 98 Pennsylvania
299 1818 150 39 press.
506 1808 280 51 (36-21787)

64 1912 446 64 “Petulengro.”

134 1987 201 69 Gypsy
363 1989 223 67 fiddler,
615 1990 75 66 by
722 1988 434 70 “Petulengro”,
1187 1991 189 55 edited
1405 1993 73 67 by
1509 1995 88 53 W.
1632 1997 66 50 B.
1733 1993 325 57 O’Hanlon.

65 2068 135 50 New
229 2065 175 64 York,
428 2066 169 52 Funk
620 2069 46 49 &
688 2067 299 67 Wagnalls
1011 2086 296 51 company,
1333 2074 148 50 1936.

135 2136 527 50 4 p. l. , 278 p. 22cm.
135 2193 409 50 Autobiography.

66 2262 52 52 ©
147 2266 125 47 Sept.
300 2267 69 47 10,
396 2266 113 41 1936;
564 2267 66 38 2c.
661 2266 95 40 and
783 2268 81 39 aff.
896 2269 125 46 Sept.
1051 2270 55 38 15;
1163 2269 40 39 A
1228 2268 143 43 97814;
1428 2271 141 38 Funk
1597 2272 36 39 &
1659 2272 251 47 Wagnalls
1938 2283 69 29 co.

145 2322 279 51 (36-21625)

64 2424 231 66 Pincus,
324 2427 282 64 Gregory,
637 2433 172 50 1903-

137 2500 1921 76 The eggs of mammals, by Gregory Pincus … New York,
68 2578 116 52 The
210 2578 333 53 Macmillan
571 2597 298 52 company,
898 2583 149 51 1936.

140 2650 65 52 ix,
245 2650 85 41 160
370 2661 43 37 p.
484 2652 142 45 illus.,
669 2652 179 49 diagrs.
917 2652 58 40 22
978 2656 45 20 cm
1025 2686 10 8 .
1116 2654 99 48 (On
1255 2664 164 33 cover:
1459 2656 367 49 Experimental
1869 2658 192 50 biology

67 2707 345 48 monographs)

137 2761 373 50 Bibliography:
544 2774 43 38 p.
624 2764 217 42 131-154.

68 2829 52 53 ©
146 2834 125 47 Sept.
297 2835 39 46 8,
359 2834 117 41 1936;
525 2836 67 40 2c.
617 2837 96 38 and
737 2836 80 41 aff.
846 2838 127 47 Sept.
998 2838 25 39 9;
1078 2840 40 38 A
1143 2840 144 41 97714;
1340 2841 283 41 Macmillan
1647 2852 67 31 co.

146 2891 278 49 (36-21436)

69 2995 369 65 Pittsburgh.
512 2997 369 65 University.
952 3003 231 50 Bureau
1223 3001 63 68 of
1324 3003 248 53 business
1610 3007 272 53 research.

138 3071 140 52 Real
321 3078 174 47 estate
536 3073 273 56 statistics
850 3075 93 55 for
985 3077 323 70 Allegheny
1351 3085 225 63 county,
1618 3082 440 68 Pennsylvania.

72 3150 141 53 Base
237 3148 161 55 book.
460 3151 360 71 Pittsburgh,
845 3156 120 66 Pa.,
993 3157 228 53 Bureau
1247 3156 64 53 of
1335 3157 254 55 business
1614 3161 273 66 research,
71 3158 1961 142 University
309 3229 62 52 of
397 3229 359 70 Pittsburgh,
786 3236 149 50 1936.

141 3300 63 47 ix,
239 3300 86 41 150
357 3313 43 37 p.
435 3301 106 41 incl.
577 3303 129 41 illus.
734 3303 185 49 (maps)
947 3306 126 47 plan,
1111 3306 170 52 tables.
1344 3309 57 40 28½
1432 3311 44 21 cm
1480 3340 9 8 .
1564 3309 192 50 (Added
1792 3313 119 47 t.-p.:
71 3309 1971 99 University
293 3356 51 41 of
383 3358 298 49 Pittsburgh.
752 3362 194 39 Bureau
988 3363 50 38 of
1076 3363 223 42 business
1339 3367 224 39 research
1604 3367 265 41 statistical
72 3367 1970 100 handbooks,
257 3425 73 32 no.
359 3415 51 48 1)

69 3467 56 53 ©
157 3473 125 46 Sept.
316 3473 69 46 15,
420 3473 139 47 1936;
596 3475 67 38 2c.
700 3475 94 40 and
829 3476 82 40 aff.
946 3477 127 47 Sept.
1107 3477 82 42 19;
1227 3479 42 39 A
1302 3478 169 48 98580;
1511 3479 282 50 University
1829 3482 51 39 of
137 3478 1906 104 Pittsburgh,
332 3531 194 39 Bureau
552 3531 52 39 of
628 3530 221 43 business
876 3534 239 39 research.
1180 3533 280 53 (36-21769)

69 3629 266 65 Preston,
361 3633 271 53 Carleton
661 3635 204 65 Estey,
893 3638 169 53 1878-

141 3705 118 52 The
298 3705 138 69 high
476 3708 189 53 school
703 3708 210 55 science
951 3712 224 52 teacher
1212 3712 112 53 and
1363 3713 88 53 his
1491 3714 184 67 work;
1718 3734 30 35 a
1789 3715 269 54 textbook

73 3780 91 52 for
189 3783 266 53 teachers’
480 3785 255 69 colleges,
759 3786 315 71 university
1100 3789 385 69 departments
1513 3791 63 54 of
1603 3791 315 68 education,
1944 3794 112 52 and

73 3860 1986 73 normal schools, by Carleton E. Preston … 1st ed. New York
73 3936 108 51 and
209 3937 256 69 London,
494 3939 430 55 McGraw-Hill
950 3942 148 53 book
1124 3960 296 53 company,
1450 3945 125 69 inc.,
1606 3949 149 51 1936.

141 4007 114 49 xvii,
281 4008 84 42 272
390 4020 42 37 p.
492 4010 55 39 21
552 4014 44 21 cm
599 4044 8 8 .
