2519 4377
1370 4135 98 49 126

397 456 430 65 Encyclopedia
862 458 62 53 of
959 458 306 54 American
1299 458 340 67 biography.
1710 459 139 52 New
1884 457 186 54 series.
2147 458 263 65 [Volume

465 539 49 62 4]
591 536 202 53 Under
828 536 95 53 the
956 535 268 54 editorial
1259 536 278 53 direction
1573 536 64 53 of
1671 534 273 57 Winfield
1985 535 162 55 Scott
2177 536 232 65 Downs,

466 614 60 53 in
567 613 339 54 association
946 616 141 51 with
1129 633 30 33 a
1198 615 229 52 notable
1468 615 269 66 advisory
1776 614 197 53 board.
2049 614 138 52 New
2229 613 181 66 York,

467 693 120 52 The
620 694 307 52 American
963 692 295 53 historical
1292 692 229 67 society,
1554 692 127 67 inc.,
1717 696 150 49 1935.

464 764 1417 49 2 p. l., 500 p. front., ports., col. coats of arms. 27½cm.
394 831 53 53 ©
471 836 116 47 July
610 836 70 45 11,
704 836 141 47 1935;
870 835 67 41 2c.
962 836 110 39 Jan.
1097 835 69 48 20,
1191 835 141 45 1936;
1357 835 83 41 aff.
1466 836 108 39 Jan.
1600 836 81 41 18;
1708 836 41 38 A
1772 834 173 48 90391;
1972 835 158 40 Arner.
2155 832 251 44 historical

465 903 107 38 soc.,
612 893 89 40 inc.

398 998 214 66 Fallas,
642 999 154 56 Carl.

467 1076 121 54 The
611 1077 234 52 wooden
871 1076 198 67 pillow
1100 1076 109 67 [by]
1243 1075 136 55 Carl
1402 1076 210 54 Fallas.
1674 1078 140 51 New
1840 1076 181 67 York,
2046 1077 122 51 The
2191 1075 222 68 Viking

396 1173 176 48 press.
605 1158 151 50 1936.

469 1229 26 39 3
524 1240 43 37 p.
618 1260 23 15 l.,
671 1227 145 41 3-311
846 1238 41 37 p.
949 1226 55 40 20½
1038 1229 44 21 cm
1088 1259 8 8 .

395 1291 2019 56 © Jan. 6, 1936; 2c. Jan. 4; aff. Jan. 7; A 90347; C. Fallas, ℅ William
465 1355 323 47 Heinemann,
820 1356 102 45 ltd.,
953 1355 214 41 London.
1239 1354 282 49 (36-27079)

399 1461 213 64 Fargo,
639 1460 200 54 Lucile
869 1462 229 63 Foster,
1130 1466 172 49 1880-

471 1539 1883 67 Preparation for school library work, by Lucile F. Fargo …
398 1618 141 52 New
567 1618 182 65 York,
778 1618 302 55 Columbia
1104 1617 320 67 university
1449 1637 175 48 press,
1654 1622 149 51 1936.

467 1689 1949 50 vii p., 2 l., 190 p. tables (1 fold.) diagr. 23½ cm . (Half-title: Columbia
397 1748 275 48 university
699 1748 192 40 studies
918 1748 49 39 in
998 1748 188 48 library
1217 1747 198 41 service,
1477 1753 84 42 in)

469 1806 272 41 “Selective
770 1804 367 49 bibliography”:
1200 1816 43 37 p.
1279 1805 248 49 [183]-185.

397 1872 53 54 ©
477 1877 111 40 Jan.
615 1877 71 47 30,
714 1876 142 47 1936;
887 1876 67 41 2c.
984 1876 111 40 Feb.
1124 1876 26 40 6:
1209 1876 82 40 aff.
1322 1876 111 40 Feb.
1463 1876 52 42 1;
1546 1877 42 38 A
1614 1875 172 48 90640;
1820 1875 254 41 Columbia
2105 1875 131 42 univ.
2267 1885 151 40 press.

477 1934 283 49 (36-27075)

402 2039 278 63 Farjeon,
711 2038 270 65 Eleanor,
1014 2044 172 49 1881-

535 2116 1883 67 … Portrait of a family … with many illustrations. New
403 2195 181 66 York,
609 2194 312 54 Frederick
946 2195 71 52 A.
1047 2194 203 56 Stokes
1276 2213 298 49 company,
1602 2198 150 50 1936.

469 2268 1111 50 xiv p., 3 l., 456 p. col. front., ports. 21½cm.
472 2328 227 39 Includes
728 2326 169 40 music.

471 2385 200 40 London
696 2383 184 41 edition
917 2384 77 48 (V.
1021 2383 244 47 Gollancz,
1288 2383 111 46 ltd.)
1435 2384 93 38 has
1549 2384 136 39 title:
1712 2383 41 39 A
1778 2393 209 38 nursery
2013 2383 49 38 in
2090 2385 81 38 the
2196 2383 223 41 nineties.

470 2443 74 38 An
574 2444 209 38 account
810 2441 54 40 of
890 2442 82 39 the
1001 2440 223 41 author’s
1249 2441 190 47 family.

401 2508 54 53 ©
481 2513 110 41 Jan.
618 2512 41 41 3.
687 2511 142 47 1936;
859 2511 67 41 2c.
955 2512 110 39 Jan.
1094 2512 52 46 31;
1178 2510 82 41 aff.
1291 2511 109 40 Jan.
1430 2512 24 39 7;
1513 2511 40 39 A
1580 2509 172 44 90212;
1783 2512 53 39 E.
1867 2510 228 48 Farjeon,
2123 2511 212 40 London.

482 2569 284 50 (36-27048)

404 2673 295 65 Fletcher,
729 2674 175 64 Mary
932 2674 403 63 MacMurray.

472 2748 57 53 A
550 2766 207 52 survey
781 2748 66 54 of
868 2749 97 53 the
988 2749 187 69 Algae
1200 2747 185 54 found
1406 2748 61 53 in
1489 2749 96 52 the
1609 2747 297 69 Brooklyn
1929 2747 231 54 botanic
2185 2747 236 69 garden,

403 2826 2016 66 by Mary MacMurray Fletcher … [Richmond Hill, N. Y.] The
403 2907 207 54 author
646 2941 14 34 [
665 2914 18 21 c
688 2908 153 66 1936]

473 2980 55 42 31
562 2993 43 37 p.
668 2982 128 40 illus.
856 2980 58 41 23
918 2983 44 21 cm
965 3012 9 9 .

477 3038 191 41 “Books
696 3040 258 46 suggested
981 3039 80 39 for
1087 3039 397 48 supplementary
1510 3037 188 41 work”:
1727 3048 42 38 p.
1799 3038 68 41 17.

405 3107 53 53 ©
489 3112 108 39 Jan.
629 3111 71 48 27,
732 3112 141 46 1936;
907 3112 67 40 2c.
1008 3112 110 40 Jan.
1150 3112 83 46 30;
1265 3112 82 40 aff.
1382 3113 110 39 Jan.
1523 3112 83 42 28;
1640 3113 42 38 A
1712 3111 172 48 91535;
1921 3113 142 48 Mary
2096 3113 52 41 T.
2184 3113 237 46 Fletcher,

481 3169 270 40 Richmond
778 3168 119 48 Hill,
923 3170 56 39 N.
1005 3170 54 39 Y.
1130 3168 253 49 (36-4966)

409 3271 211 66 Freud,
654 3272 308 65 Sigmund,
997 3278 171 49 1856-

484 3349 482 67 Autobiography
1010 3351 110 66 [by]
1166 3349 284 68 Sigmund
1493 3351 220 56 Freud;
1757 3351 316 52 translated
2114 3351 73 66 by
2228 3351 194 53 James

412 3428 294 66 Strachey.
784 3428 139 53 New
952 3428 180 55 York,
1160 3430 88 52 W.
1276 3430 89 53 W.
1396 3430 223 52 Norton
1646 3432 44 50 &
1718 3447 299 48 company,
2043 3427 127 68 inc.,
2200 3432 150 51 1935.

478 3499 769 51 153 p. front. (port.) 21 cm .
481 3559 157 47 “New,
671 3558 191 41 revised
891 3559 95 39 and
1017 3559 229 46 enlarged
1275 3558 228 41 edition.”

480 3616 198 39 London
709 3615 181 40 edition
932 3615 73 48 (L.
1037 3617 95 38 and
1163 3615 218 47 Virginia
1415 3616 187 49 Woolf)
1640 3617 91 38 has
1760 3615 135 41 title:
1926 3616 76 38 An
408 3615 1998 97 autobiographical
511 3673 160 47 study.

478 3729 161 40 “First
664 3729 241 48 appeared
929 3730 49 38 in
1000 3729 223 40 America
1248 3729 48 39 in
1323 3728 112 41 1927
1470 3728 280 50 (published
1774 3730 60 47 by
1859 3730 274 44 Brentano)
2167 3730 153 38 under
2345 3730 82 39 the

412 3785 2015 49 title of An autobiographical study, but it was … brought out in the same
411 3844 192 39 volume
632 3853 55 30 as
722 3844 205 39 another
962 3854 143 37 essay
1137 3843 53 39 of
1223 3843 129 39 mine
1386 3843 154 40 which
1578 3854 120 36 gave
1734 3843 63 40 its
1832 3841 121 43 title.
1989 3843 101 39 The
2126 3843 213 47 problem
2374 3842 52 40 of

411 3901 343 47 lay-analyses,
793 3903 47 37 to
876 3901 82 39 the
994 3901 154 39 whole
1184 3901 123 38 book
1344 3901 93 38 and
1477 3911 53 28 so
1565 3901 233 39 obscured
1838 3900 81 39 the
1954 3904 195 43 present
2188 3897 238 42 work.”—

409 3956 243 49 Postcript
676 3953 49 52 [!]
757 3956 163 48 (1935)

411 4009 53 53 ©
492 4014 101 40 Oct.
622 4014 69 47 21,
720 4014 140 42 1935;
890 4014 66 40 2c.
986 4014 101 39 Oct.
1115 4013 82 41 25:
1228 4013 81 41 aff.
1336 4014 112 39 Dec.
1477 4013 82 48 20;
1590 4014 39 38 A
1657 4013 138 40 90231:
1862 4013 43 39 S.
1936 4012 175 47 Freud,
2140 4011 200 41 Vienna.

492 4070 282 49 (36-27026)
