2519 4377
1005 4090 98 48 281

64 444 183 63 Abbe,
278 443 246 55 Charles
548 442 335 64 Kittredge,
916 447 324 50 1903-1930.

132 530 130 55 Hill
302 531 181 68 wind;
526 532 193 52 letters
763 532 112 52 and
916 548 192 50 poems
1147 529 65 54 of
1254 529 235 55 Charles
1531 528 310 68 Kittredge
1880 528 179 65 Abbe,

63 611 188 53 edited
278 610 73 55 by
380 609 220 68 George
628 608 177 53 Abbe.
870 608 138 53 New
1037 606 179 67 York,
1244 606 360 54 Association
1633 624 173 50 press,
1838 609 150 49 1936.

133 684 84 42 xii,
245 683 86 41 196
357 694 42 37 p.
454 683 54 39 21
513 685 44 21 cm
562 715 9 8 .

64 736 53 53 ©
155 742 110 38 Dec.
303 741 69 41 30,
413 739 138 41 1935:
593 739 66 39 2c.
699 740 120 37 Mar.
858 737 69 48 20,
967 737 140 46 1936;
1150 737 79 39 aff.
1273 738 120 38 Mar.
1434 736 55 40 19;
1559 737 39 38 A
1638 735 170 46 93267;
1852 735 206 40 General

133 798 148 38 board
314 797 50 39 of
397 797 79 38 the
509 797 52 38 Y.
596 797 62 38 M.
693 796 48 39 C.
774 795 69 46 A.,
876 795 118 38 New
1027 794 143 39 York.
1243 793 250 51 (36-7644)

62 913 242 64 Adams,
329 914 70 57 A.
427 914 253 62 Elwood,
708 918 169 50 1903-

134 1005 120 52 The
291 1022 97 36 use
426 1004 63 53 of
526 1002 262 55 libraries
824 1003 61 52 in
923 1002 194 69 junior
1155 1003 113 52 and
1304 1003 186 52 senior
1528 1000 143 70 high
1709 1001 237 66 schools,
1984 999 74 69 by

64 1077 1995 73 A. Elwood Adams … Los Angeles, Calif., The University of
63 1159 1065 69 Southern California press [ c 1936]
131 1243 45 39 x,
212 1234 83 40 105
329 1245 42 37 p.
406 1234 110 40 incl.
549 1234 168 40 forms.
779 1233 55 40 23½
868 1236 44 21 cm
915 1265 10 9 .
999 1232 264 48 (Southern
1299 1232 273 42 California
1606 1232 256 41 education
60 1243 1980 99 monographs.
314 1302 74 30 no.
421 1291 51 49 8)

133 1349 374 49 Bibliography:
539 1360 43 38 p.
630 1347 205 51 [91]-100.

63 1417 53 52 ©
149 1421 108 39 Feb.
290 1422 38 45 7,
363 1421 138 44 1936;
535 1421 66 38 2c.
635 1420 96 39 and
763 1431 80 29 aff.
879 1420 108 40 Feb.
1019 1419 80 41 24:
1136 1419 40 39 A
1208 1417 170 47 90006;
1417 1417 280 49 University
1732 1419 52 39 of
1818 1419 242 40 Southern

133 1477 286 47 California,
452 1478 94 39 Los
574 1477 220 47 Angeles.
863 1476 250 48 (36-7551)

61 1580 243 65 Adams,
335 1582 274 61 Herbert,
642 1582 171 54 1874-

129 1665 1925 69 A word of six letters, by Herbert Adams … London, Pub.
60 1744 93 52 for
181 1745 95 52 the
307 1744 190 54 Crime
525 1744 127 53 club
683 1744 74 69 by
787 1744 219 54 Collins
1041 1777 13 34 [
1057 1749 20 22 c
1082 1746 133 50 1936]

128 1816 86 42 252
244 1829 43 37 p.
350 1818 55 41 19
409 1820 44 21 cm
456 1850 9 8 .

62 1886 1524 53 © 1c. Mar. 3, 1936; A ad int. 21145; pubd. Jan. 6; H.
1621 1891 194 47 Adams,
131 1891 1911 104 Bournemouth,
351 1949 174 46 Hants,
564 1947 236 47 England.
877 1946 250 50 (36-7638)

61 2049 242 65 Adams,
328 2050 238 64 Joseph,
595 2056 171 49 1863-

132 2140 121 52 The
285 2140 156 52 word
473 2139 63 54 of
569 2139 130 55 God
732 2139 113 53 and
877 2138 400 55 fundamental
1309 2138 257 55 doctrine
1599 2140 112 53 and
1745 2140 309 53 revelation

63 2217 63 54 of
171 2218 95 54 the
311 2236 129 51 ages
486 2217 153 53 from
686 2217 249 55 creation
981 2217 62 55 of
1088 2218 96 54 the
1228 2219 162 53 earth
1434 2223 59 50 to
1538 2218 97 54 the
1677 2222 164 66 great
1884 2219 172 54 white

63 2296 203 53 throne
311 2297 328 68 judgment;
693 2298 117 52 also
858 2316 31 33 a
936 2297 303 53 catechism
1285 2297 64 52 of
1396 2297 167 53 Bible
1611 2298 285 68 questions
1944 2299 113 53 and

62 2374 1972 148 answers pertaining to living a perfect Christian life … Copyright … by Joseph Adams. Indianapolis, Ind., c 1935.
132 2527 85 40 160
246 2538 46 38 p.
352 2527 55 39 19
411 2528 44 21 cm
458 2558 9 9 .

132 2585 71 39 On
241 2595 165 29 cover:
448 2583 279 49 Biography
765 2586 52 38 of
853 2585 179 47 Joseph
1069 2585 195 48 Adams,
1304 2587 95 38 and
1437 2585 76 40 his
1549 2585 181 48 calling
1765 2586 54 40 of
1857 2586 102 41 God
1999 2588 63 47 by

56 2642 83 39 the
170 2642 128 47 Holy
336 2641 150 48 Spirit
518 2642 78 38 for
631 2642 96 40 His
759 2643 195 38 service.

62 2707 53 52 ©
143 2712 111 39 Dec.
282 2711 68 48 20,
380 2712 140 46 1935;
547 2711 67 41 2c.
642 2713 98 38 and
766 2710 82 42 aff.
878 2712 109 40 Feb.
1016 2712 69 47 24,
1115 2711 140 47 1936;
1287 2713 40 38 A
1359 2711 170 48 91894;
1563 2713 43 40 J.

1637 2713 195 47 Adams,
131 2712 1910 104 Indianapolis.
372 2768 248 48 (36-7515)

62 2871 186 65 Allen,
274 2872 155 55 John
457 2873 273 63 Edward,
759 2878 170 51 1889-

129 2962 1925 69 Newspaper makeup, by John E. Allen … New York and
61 3040 256 67 London,
346 3040 231 69 Harper
604 3043 46 50 &
678 3040 276 67 brothers,
984 3044 151 50 1936.

130 3124 33 29 x
187 3125 58 38 p.,
273 3114 26 39 1
359 3144 9 17 l.,
393 3112 85 41 483
504 3125 43 37 p.
601 3114 130 41 illus.
761 3115 132 47 (incl.
920 3114 240 48 facsims.)
1224 3114 55 41 25
1283 3118 43 21 cm
1331 3147 8 8 .

134 3169 1670 53 “Based on a series of articles … that has been appearing in
63 3185 1973 84 consecutive
190 3228 154 40 issues
376 3227 50 41 of
456 3229 81 40 the
568 3227 250 50 ‘Linotype
846 3228 144 42 news’
1019 3228 78 42 for
1127 3230 189 40 several
1345 3229 379 49 years.”—Pref.

133 3285 162 41 “First
331 3284 226 42 edition.”

63 3349 1992 56 © Mar. 19, 1936: 2c. Mar. 19; aff. Mar. 21; A 93317; Harper & bros.
142 3410 249 48 (36-7553)

62 3509 314 57 American
413 3514 220 54 federal
669 3520 98 48 tax
802 3523 248 60 reports;
1089 3536 29 34 a
1157 3517 333 52 convenient
1525 3518 294 52 collection
1857 3517 62 53 of

134 3535 1898 122 unabridged
443 3600 157 45 court
638 3593 276 55 decisions
949 3595 152 52 from
1137 3614 166 47 every
1337 3597 305 50 American
1678 3601 377 47 court—state

134 3669 111 51 and
277 3669 418 53 federal—that
727 3672 101 51 has
861 3672 113 51 had
1006 3673 192 52 before
1230 3673 46 52 it
1311 3674 282 66 problems
1627 3672 216 68 arising
1877 3674 179 52 under

133 3746 92 52 the
266 3745 217 55 federal
523 3752 97 48 tax
661 3751 151 50 laws.
888 3768 50 34 v.
983 3753 78 49 15.
1109 3751 193 65 [Table
1343 3751 61 50 of
1445 3769 149 34 cases
1634 3752 113 52 and
1786 3751 171 52 index
1997 3760 57 44 to

132 3824 221 51 volume
385 3829 80 61 15]
534 3826 138 51 New
701 3827 177 55 York,
907 3828 449 58 Prentice-Hall,
1383 3830 124 56 inc.,
1539 3832 149 49 1936.

130 3906 40 35 v,
201 3894 112 40 1491
345 3907 40 36 p.
447 3897 54 39 25½
535 3899 43 20 cm
583 3929 8 8 .

64 3959 52 52 ©
144 3964 107 41 Jan.
281 3965 66 47 10,
377 3965 139 47 1936;
546 3966 67 40 2c.
642 3969 96 38 and
767 3968 81 39 aff.
879 3969 110 39 Feb.
1019 3970 81 46 17;
1133 3970 39 38 A
1200 3969 170 48 90814;
1402 3971 133 40 West
1563 3971 109 48 pub.
1704 3981 81 36 co.,
1820 3972 66 40 St.
1918 3971 137 40 Paul.
