2519 4377
1318 4140 101 52 280

369 458 219 65 Tsang,
617 458 356 56 Yü-chfiian.

448 579 55 10 ...
546 537 123 53 The
704 537 293 53 functions
1033 536 64 53 of
1130 537 96 52 the
1262 535 184 55 visual
1484 556 158 36 areas
1677 537 63 54 of
1774 538 97 51 the
1907 537 251 52 cerebral
2195 543 192 48 cortex

372 615 64 52 of
469 615 98 53 the
599 621 90 47 rat
724 618 61 52 in
819 616 96 51 the
949 615 265 67 learning
1248 616 112 52 and
1396 617 281 53 retention
1715 616 64 52 of
1811 616 99 52 the
1942 634 173 34 maze.
2213 621 82 62 [pt.
2331 619 31 49 2]

371 695 93 65 By
495 694 313 52 Yü-chüan
839 695 196 66 Tsang
1073 736 55 9 ...
1203 693 335 68 Baltimore,
1571 696 140 65 Md.,
1742 695 124 53 The
1895 694 187 56 Johns
2116 694 271 67 Hopkins

370 791 157 47 press
560 776 195 63 [c1935]

443 866 286 48 cover-title,
757 867 55 38 41
841 877 42 38 p.
913 866 143 49 illus.,
1087 866 180 48 diagrs.
1324 866 55 41 25½
1412 870 44 20 cm
1462 898 7 8 .
1539 867 372 50 (Comparative
1937 868 295 48 psychology
372 878 2000 95 monographs,
688 955 7 8 v.
723 923 69 47 12,
819 933 75 30 no.
921 923 41 48 2,
989 922 149 40 serial
1166 934 74 30 no.
1269 923 68 48 57,
1366 924 237 49 January,
1632 923 140 48 1936)

372 999 52 53 ©
453 1005 113 39 Dec.
595 1003 72 48 27,
698 1002 142 48 1935;
872 1002 68 41 2c.
970 1002 111 41 Jan.
1111 1001 41 50 9,
1181 1002 142 47 1936;
1357 1003 81 40 aff.
1470 1004 111 41 Jan.
1612 1004 53 47 7;
1699 1003 45 40 A
1769 1002 173 48 90266;
1978 1003 157 41 Johns
2163 1004 226 47 Hopkins

442 1078 151 38 press.

369 1170 294 65 Vollrath,
691 1170 294 64 Wilhelm,
1018 1171 171 55 1887-

439 1246 106 54 Th.
577 1246 233 70 Carlyle
836 1247 121 53 und
982 1246 79 53 H.
1091 1245 84 57 St.
1207 1245 426 70 Chamberlain,
1663 1247 138 53 zwei
1833 1245 244 54 freunde
368 1245 1993 150 Deutschlands,
585 1344 113 35 von

733 1327 53 52 d.
824 1327 86 52 dr.
942 1325 279 55 Wilhelm
1254 1326 272 55 Vollrath
1567 1368 57 10 ...
1697 1325 310 69 München,
2043 1325 57 55 J.
2136 1326 66 53 F.
366 1325 1993 149 Lehmann,
593 1408 152 51 1935.

439 1492 87 42 100
551 1505 43 37 p.
660 1492 58 41 19½
750 1495 44 22 cm
798 1525 9 9 .

369 1571 2006 54 © Aug. 1, 1935; 1c. Sept. 3; A-Foreign 29299; J. F. Lehmanns vertag
448 1640 255 50 (36-7432)

369 1743 331 65 Wheatley,
728 1744 177 54 Vera.

442 1820 294 68 Saturday
781 1829 59 47 at
884 1821 368 67 Hazeldines,
1299 1821 74 67 by
1421 1823 152 52 Vera
1619 1822 320 66 Wheatley.
2016 1821 141 53 New
2204 1820 181 68 York,

370 1901 963 66 E. P. Dutton & co., inc. [ c 1936]
435 1984 101 50 286,
567 1984 56 50 [1]
651 1994 45 38 p.
759 1982 148 42 19½cm.

442 2055 164 41 “First
637 2053 230 43 edition.”

367 2134 54 55 ©
446 2140 122 39 Mar.
594 2139 72 49 12,
691 2137 115 42 1936
824 2149 10 36 ;
860 2137 68 42 2c.
956 2139 123 40 Mar.
1106 2137 55 42 13
1180 2148 9 37 ;
1219 2137 83 42 aff.
1329 2138 122 41 Mar.
1476 2137 84 48 26;
1589 2137 41 40 A
1656 2137 144 41 92583
1819 2148 9 37 ;
1859 2139 53 40 E.
1941 2138 52 40 P.
2021 2139 192 40 Dutton
2238 2138 38 41 &
2300 2147 79 40 co.,

435 2203 92 42 inc.
599 2201 255 51 (36-7582)

365 2306 218 66 White,
610 2308 141 53 Mrs.
783 2307 177 53 Alma
990 2304 337 67 (Bridwell)
1369 2311 170 50 1862-

437 2384 252 54 Demons
732 2384 114 53 and
887 2387 257 64 tongues,
1184 2382 77 70 by
1303 2381 173 55 Alma
1516 2382 213 54 White.
1807 2381 347 69 Zarephath,
2193 2381 71 53 N.
2307 2381 75 67 J.,

365 2462 188 54 Pillar
581 2462 65 55 of
673 2462 104 56 fire
810 2496 13 35 [
829 2469 18 22 c
852 2466 153 64 1936]

437 2549 781 52 1 p. l., v-vi, 7-128 p. 18½cm.
437 2621 319 50 Advertising
785 2623 210 40 matter:
1029 2632 44 39 p.
1106 2619 218 45 121-128.

367 2699 52 53 ©
460 2703 111 40 Feb.
611 2703 72 46 21,
724 2702 141 46 1936;
907 2700 67 42 2c:
1016 2701 113 41 Feb,
1168 2701 83 47 29;
1294 2700 82 41 aff.
1418 2700 111 41 Feb.
1569 2700 83 47 27;
1695 2700 41 40 A
1775 2699 173 48 91964;
1993 2700 157 41 Pillar
2187 2700 55 41 of
2279 2700 101 40 fire.

440 2767 287 51 [Copyright
757 2767 43 40 is
836 2765 207 42 claimed
1079 2776 61 30 on
1174 2775 108 30 new
1315 2764 230 41 material
1580 2765 98 40 and
1713 2763 255 51 revisions]
443 2830 254 50 (36-7427)

364 2934 250 65 Winter,
640 2935 157 54 John
823 2934 203 55 Keith.

439 3057 55 8 ...
537 3011 396 69 Impassioned
973 3009 276 70 pygmies.
1325 3009 232 56 Garden
1595 3008 153 68 City,
1784 3008 70 54 N.
1897 3009 90 61 Y.,
2025 3008 355 67 Doubleday,

364 3088 949 71 Doran & company, inc. [ c 1936]
430 3177 555 51 4 p. l., 303 p. 20 ½cm .
433 3250 61 40 At
522 3250 123 40 head
674 3249 52 40 of
752 3248 107 41 title
876 3259 9 29 :
917 3247 150 42 Keith
1094 3245 201 43 Winter.

434 3305 161 42 “First
626 3304 227 43 edition.”

364 3381 52 53 ©
451 3386 120 39 Mar.
606 3384 71 50 20,
713 3383 116 42 1936
844 3394 9 36 ;
890 3384 68 40 2c.
993 3384 96 40 and
1124 3381 83 43 aff.
1243 3383 121 39 Mar.
1400 3381 58 40 24
1474 3392 9 37 ;
1521 3381 41 40 A
1595 3380 145 42 93381
1758 3391 9 37 ;
1805 3380 302 49 Doubleday,
2142 3381 170 39 Doran
2342 3379 38 41 &

434 3460 81 38 co.,
548 3450 91 40 inc.
711 3447 253 50 (36-7477)

367 3552 119 52 The
528 3594 55 9 ...
620 3552 161 52 Year
814 3552 148 52 book
999 3551 63 53 of
1097 3551 95 52 the
1227 3569 115 48 eye,
1376 3568 112 38 ear,
1522 3568 130 33 nose
1689 3548 111 52 and
1837 3548 211 52 throat.
2124 3548 120 51 The
2279 3565 97 48 eye

441 3630 109 66 [by]
597 3632 67 50 E.
703 3631 68 52 V.
812 3632 62 50 L.
915 3632 212 49 Brown
1171 3671 54 9 ...
1271 3628 110 52 and
1421 3627 174 52 Louis
1634 3627 289 52 Bothman
1968 3669 56 9 ...
2104 3626 120 51 The
2264 3644 111 41 ear,

436 3727 130 34 nose
605 3709 112 51 and
755 3709 195 52 throat
987 3688 113 86 [by]
1145 3707 221 66 George
1408 3707 62 51 E.
1514 3704 372 67 Shambaugh
1930 3747 57 9 ...
2030 3705 111 51 and
2182 3704 194 52 Elmer

433 3787 91 53 W.
558 3787 237 65 Hagens
835 3829 54 8 ...
930 3787 111 51 and
1077 3785 220 67 George
1333 3785 65 52 E.
1437 3783 390 66 Shambaugh,
1861 3782 70 67 jr.
1973 3825 56 9 ...
2107 3780 269 69 Chicago,

435 3861 1494 70 The Year book publishers, incorporated [ c 1935]
437 3951 85 39 638
555 3961 43 37 p.
662 3950 143 47 illus.,
838 3950 180 48 diagrs.
1078 3951 145 39 18½cm.

367 4017 52 53 ©
451 4023 109 38 Dec.
591 4020 69 46 10,
691 4019 113 41 1935
823 4031 8 35 ;
862 4020 67 42 2c.
960 4021 109 40 Jan.
1100 4021 39 47 6,
1170 4019 139 41 1936:
1343 4019 80 40 aff.
1456 4019 109 40 Jan.
1595 4019 53 41 4:
1682 4017 41 40 A
1752 4016 143 42 90177
1913 4027 8 37 ;
1954 4017 130 40 Year
2113 4017 121 39 book
438 4016 1920 102 publishers.
665 4077 91 41 inc.
