2519 4377
982 4087 97 50 121

34 464 241 62 Adams,
311 463 275 63 Herbert,
626 463 171 54 1874-

102 540 237 52 Murder
376 537 242 53 without
653 535 150 55 risk!
880 537 91 66 By
1007 534 251 53 Herbert
1293 533 234 53 Adams.
1601 531 428 68 Philadelphia,

33 615 1108 68 London, J. B. Lippincott company [c1936]
104 702 215 48 311 p. 19½cm.
31 773 52 53 ©
113 777 109 40 Feb.
251 777 68 44 18,
350 776 139 46 1936;
520 776 65 40 2c.
617 777 95 38 and
742 774 81 41 aff.
853 775 111 40 Feb.
994 773 82 47 25;
1109 774 40 38 A
1179 772 169 47 90957;
1382 773 43 40 J.
1457 774 53 39 B.
1541 770 279 50 Lippincott
1848 782 66 29 co.

107 833 249 50 (30-5107)

33 935 306 56 Alabama.
413 937 277 64 Supreme
717 940 174 48 court.

34 1008 1969 146 Report of cases argued and determined … during the October term,
387 1094 149 49 1934.
612 1092 91 64 By
748 1090 183 53 Noble
971 1090 80 52 H.
1105 1088 163 67 Seay,
1318 1093 255 61 reporter
1621 1087 63 52 of
1734 1085 289 54 decisions.

36 1169 238 52 Volume
307 1171 115 49 230.
497 1169 81 54 St.
614 1168 165 52 Paul.
812 1169 158 53 West
1005 1164 336 68 publishing
1373 1182 97 39 co.,
1506 1168 151 49 1935.

99 1254 83 47 xii,
214 1254 82 40 787
329 1264 42 37 p.
430 1253 58 39 26½cm.

31 1319 51 53 ©
113 1325 109 38 Dec.
256 1324 39 46 7,
327 1323 140 45 1935;
500 1322 67 41 2c.
600 1323 109 39 Jan.
743 1322 68 47 18,
843 1321 140 45 1930;
1018 1321 81 39 aff.
1135 1321 109 39 Jan.
1276 1320 81 46 20;
1393 1320 43 39 A
1466 1319 171 47 91358;
1673 1318 122 40 Bibb
1830 1319 199 47 Graves,

101 1390 239 38 governor
362 1380 52 40 of
438 1380 251 46 Alabama,
716 1379 79 39 for
820 1389 85 30 use
930 1378 50 41 of
1007 1376 107 42 said
1142 1379 141 45 state,
1312 1378 347 46 Montgomery,
1688 1376 105 39 Ala.

34 1478 1991 71 Amateur telescope making. Albert G. Ingalls, editor … with
101 1553 1926 75 a foreword by Dr. Harlow Shapley … [New York] Munn
101 1640 112 52 and
243 1657 97 48 co.,
370 1641 150 50 1935.

102 1724 84 48 xii,
212 1724 86 40 499
325 1734 44 37 p.
429 1722 141 49 illus.,
600 1724 178 47 diagrs.
839 1722 56 41 20
899 1725 43 21 cm
946 1754 8 8 .

102 1792 71 41 On
200 1803 164 31 cover:
397 1793 241 41 Scientific
665 1794 259 40 American
950 1792 281 49 publishing
1256 1802 67 32 co.

103 1850 214 41 “Fourth
344 1850 196 49 edition,
571 1851 284 47 completely
882 1850 189 40 revised
1098 1850 95 39 and
1221 1848 272 49 enlarged.”

102 1907 225 42 Includes
354 1907 148 40 blank
526 1917 148 38 pages
701 1908 81 40 for
807 1906 220 42 “Notes”.

100 1963 415 49 Bibliographies:
547 1975 43 38 p.
620 1964 219 41 469-480.

31 2032 52 52 ©
110 2037 110 39 Dec.
248 2036 69 48 21,
346 2036 140 48 1935;
516 2036 66 41 2c.
611 2038 97 39 and
736 2036 81 41 aff.
848 2037 110 40 Feb.
986 2038 39 47 5,
1053 2036 140 47 1936;
1225 2037 40 39 A
1294 2035 170 49 90632;
1497 2038 153 38 Munn
1678 2037 37 40 &
1742 2048 83 37 co.,
1854 2037 91 40 inc.

111 2093 249 48 (30-4965)

34 2195 314 54 American
386 2198 363 67 bankruptcy
786 2203 236 62 reports.
1096 2199 139 51 New
1273 2197 186 68 series,
1495 2197 148 53 cited
1681 2197 131 53 Am.
1853 2199 66 51 B.
1960 2199 69 51 R.

115 2276 95 64 (N.
260 2275 85 67 S.)
402 2277 297 66 reporting
743 2277 96 51 the
880 2275 361 68 bankruptcy
1285 2276 276 54 decisions
1606 2276 113 52 and
1766 2275 263 67 opinions

104 2353 59 52 in
195 2353 95 53 the
323 2354 216 54 United
575 2354 188 55 States
796 2353 64 54 of
891 2354 95 53 the
1021 2354 220 53 federal
1276 2359 205 61 courts,
1515 2357 144 51 state
1694 2360 187 47 courts
1916 2355 113 51 and

104 2430 240 54 referees
372 2433 61 51 in
461 2432 378 66 bankruptcy.
914 2431 212 54 Edited
1155 2432 75 66 by
1257 2431 238 54 Francis
1523 2429 277 55 Kelliher.
1864 2450 51 35 v.
1946 2434 82 51 29.

103 2509 247 65 Albany,
387 2510 69 52 N.
495 2511 90 63 Y.,
621 2510 279 52 Matthew
936 2509 225 54 Bender
1195 2513 46 49 &
1278 2527 296 49 company,
1612 2509 419 67 incorporated,

106 2589 150 51 1936.

100 2684 77 38 xv,
209 2672 84 41 800
320 2684 42 36 p.
421 2671 56 40 24
479 2674 44 21 cm
528 2704 9 8 .

33 2737 51 53 ©
112 2742 109 39 Jan.
249 2742 69 48 22,
348 2742 140 47 1936;
519 2742 67 40 2c.
617 2743 109 40 Jan.
756 2742 82 47 24;
868 2742 83 41 aff.
981 2743 108 39 Jan.
1119 2742 83 47 23;
1233 2742 43 39 A
1302 2741 171 48 90454;
1507 2743 238 39 Matthew
1774 2743 190 39 Bender
1996 2743 37 40 &

103 2809 81 37 co.,
213 2799 91 41 inc.

36 2902 1993 68 American book-prices current … Compiled from the auction
106 2982 319 66 catalogues
469 2982 111 52 and
623 2982 189 52 edited
853 2983 75 65 by
969 2984 169 64 Mary
1180 2983 267 52 Houston
1487 2983 261 53 Warren.
1833 3016 69 32 [v.
1946 2985 86 61 41,

108 3062 150 62 1935]
337 3059 138 52 New
502 3059 179 60 York,
708 3061 66 51 R.
804 3061 66 51 R.
899 3059 242 53 Bowker
1167 3078 98 39 co.,
1294 3062 147 50 1936.

169 3176 8 15 xv,
206 3144 85 40 677
319 3155 42 37 p.
417 3144 56 38 22½c
521 3147 28 20 m
554 3175 8 8 .

34 3210 1982 109 © Jan. 6, 1936; 2c. and aff. Jan. 11; A 91177; R. R. Bowker co. [Copyright is claimed
560 3283 62 29 on
649 3271 210 41 revision
889 3274 94 38 and
1012 3283 106 29 new
1142 3272 243 49 material]

37 3373 313 54 American
376 3374 225 64 society
627 3375 97 52 for
751 3375 227 63 testing
1003 3375 324 54 materials.

168 3450 1863 68 … Proceedings of the thirty-eighth annual meeting, held
41 3528 1927 69 at Detroit, Mich., June 24-28, 1935. volume 35. pts. 1-2 …
39 3606 421 67 Philadelphia,
516 3609 120 51 Pa.,
694 3607 304 53 American
1054 3608 210 66 society
1322 3608 93 52 for
1472 3607 213 67 testing
1740 3608 292 54 materials

45 3716 12 32 [c
84 3687 131 49 1935
221 3717 12 33 ]

105 3769 27 38 2
159 3781 43 28 v.
257 3769 142 43 illus..
431 3769 176 46 diagrs.
638 3770 40 45 (1
714 3771 144 47 fold.)
897 3771 154 40 tables
1093 3771 133 47 (part
1256 3771 143 46 fold.)
1466 3770 55 40 23
1525 3772 43 21 cm
1574 3802 9 8 .

37 3839 1979 96 CONTENTS. —pt. I. Committee reports; new and revised tentative standards;
202 3897 237 39 tentative
465 3897 236 39 revisions
727 3896 51 39 of
803 3898 410 48 standards.—pt.
1238 3904 54 33 II.
1318 3898 263 40 Technical
1602 3907 189 39 papers.

39 3959 51 53 ©
112 3965 109 40 Dec.
246 3966 69 47 23,
339 3965 139 48 1935;
502 3967 66 40 2c.
593 3967 118 39 each
736 3967 109 39 Jan.
870 3966 39 48 8,
933 3967 140 46 1936;
1101 3967 80 39 aff.
1208 3968 112 40 Dec.
1344 3967 71 48 27,
1440 3966 141 50 1935;
1608 3968 41 38 A
1673 3966 171 42 90244:
1874 3968 158 41 Amer.

108 4031 91 31 soc.
229 4023 79 39 for
338 4024 181 47 testing
548 4023 266 41 materials.
