2519 4377
1043 4102 133 53 1257

159 562 64 48 ix,
256 562 71 50 [1],
357 559 87 43 325
473 570 43 38 p.
576 560 130 40 illus.
764 559 56 40 22
823 560 45 22 cm
872 589 9 10 .

88 629 52 52 ©
169 632 119 47 Aug.
315 631 70 48 10,
414 631 140 46 1936;
587 629 65 40 2c.
684 630 120 47 Aug.
836 630 81 45 17;
951 627 81 40 aff.
1063 628 120 46 Aug.
1217 626 80 48 12;
1330 627 42 39 A
1401 625 170 48 96941;
1606 626 56 39 D.
1695 625 106 39 Van
1831 622 250 41 Nostrand

157 698 82 38 co.,
270 688 91 40 inc.
431 685 279 50 (36-19787)

89 805 330 63 McGiffert,
446 807 136 51 Mrs.
613 803 292 54 Gertrude
934 800 376 64 Huntington
1342 799 253 65 (Boyce)

161 882 119 51 The
325 888 116 46 tree
487 879 64 52 of
594 878 154 68 time,
791 878 75 67 by
914 876 282 54 Gertrude
1243 873 372 69 Huntington
1659 871 309 55 McGiffert
2020 915 55 10 ...

93 958 135 54 New
263 957 177 68 York,
473 956 66 55 G.
574 956 65 54 P.
672 952 293 56 Putnam’s
999 971 145 51 sons,
1177 954 148 52 1936.

161 1040 742 50 xii p., 1 l., 15-251 p. 21 cm .
162 1111 286 40 Illustrated
480 1110 361 47 lining-papers.

162 1168 183 39 Poems.

93 1237 53 52 ©
178 1242 127 46 Sept.
337 1241 67 46 11,
438 1239 139 47 1936;
610 1239 69 41 2c.
714 1239 127 47 Sept.
876 1238 54 40 16;
992 1237 82 40 aff.
1109 1237 128 48 Sept.
1270 1236 82 47 14;
1387 1237 42 39 A
1460 1236 170 47 97821;
1667 1236 52 40 G.
1750 1236 51 40 P.
1835 1232 251 42 Putnam’s

162 1307 125 30 sons.
355 1295 278 49 (36-19592)

92 1415 286 63 Maxwell,
407 1413 219 56 Elinor.

165 1490 257 53 Another
454 1496 321 60 tomorrow,
809 1488 74 67 by
916 1487 204 53 Elinor
1152 1486 269 53 Maxwell
1458 1528 55 10 ...
1591 1486 139 52 New
1765 1484 178 68 York,
96 1484 1968 139 Arcadia
296 1568 189 66 house,
525 1570 152 51 1936.

167 1655 87 41 287
287 1665 43 39 p.
390 1652 147 43 19½cm.

95 1721 52 52 ©
179 1726 119 46 Aug.
333 1725 68 47 14,
438 1724 116 40 1936;
616 1723 68 39 2c.
721 1723 118 47 Aug.
875 1723 56 38 22;
997 1722 82 41 aff.
1122 1722 124 48 Sept.
1284 1722 59 40 16;
1406 1723 41 38 A
1482 1720 143 42 97843;
1692 1720 212 40 Arcadia
1940 1721 153 39 house

164 1781 339 48 publications.
577 1779 280 49 (36-19442)

95 1886 253 62 Mezger,
379 1885 159 59 Max,
572 1885 172 54 1876-

168 1961 226 52 Monica
425 1978 129 50 goes
586 1965 57 48 to
674 1959 397 68 Madagascar,
1102 1958 76 69 by
1208 1958 141 52 Max
1380 1957 257 69 Mezger;
1671 1957 315 52 translated
2019 1957 73 68 by

100 2039 196 52 Maida
329 2037 61 55 C.
425 2038 291 66 Darnton;
748 2036 326 53 illustrated
1104 2037 75 68 by
1207 2037 175 68 Hugo
1410 2035 267 55 Wilkins.
1743 2036 138 53 New
1915 2036 179 65 York,

101 2115 259 67 Coward,
388 2115 279 67 McCann,
694 2115 106 55 inc.
837 2149 12 33 [
854 2122 18 22 c
877 2118 134 49 1936
1017 2149 12 33 ]

170 2202 88 40 252
284 2213 42 37 p.
354 2202 108 41 incl.
489 2201 163 47 front.,
682 2202 128 41 illus.
866 2202 145 40 21½cm.

99 2268 52 53 ©
184 2273 126 47 Sept.
342 2273 69 47 11,
441 2272 115 41 1936;
613 2272 69 41 2c.
714 2273 96 39 and
841 2273 81 41 aff.
958 2274 126 46 Sept.
1119 2274 55 38 14;
1234 2274 40 38 A
1306 2273 144 41 98367;
1513 2272 456 50 Coward-McCann,
2004 2273 91 39 inc.

179 2329 279 48 (36-19436)

100 2433 316 64 Michigan.
490 2431 369 65 University.
931 2434 139 52 Law
1096 2433 206 54 school.

171 2510 348 68 Dedicatory
547 2508 270 56 exercises
846 2509 63 53 of
936 2510 97 53 the
1059 2511 111 52 law
1196 2510 370 69 quadrangle,
1593 2510 95 52 the
1715 2509 121 69 gift
1863 2509 62 53 of
103 2507 1968 133 William

258 2587 224 54 Wilson
504 2587 176 68 Cook,
703 2586 349 71 comprising
1071 2588 96 53 the
1188 2588 268 68 Lawyers
1480 2588 145 67 club,
1648 2590 152 64 1924,
1823 2588 95 52 the
1939 2587 158 54 John

100 2665 63 52 P.
189 2664 157 55 Cook
366 2665 283 69 building,
674 2669 152 65 1931,
848 2666 96 53 the
964 2666 177 69 Legal
1163 2666 254 54 research
1440 2665 237 69 library,
1700 2669 153 64 1931,
102 2665 1972 130 Hutchins

214 2743 137 68 hall,
377 2746 149 49 1933.
602 2743 153 54 June
780 2747 82 64 15,
890 2746 151 65 1934,
1066 2744 96 53 the
1186 2742 337 71 University
1549 2743 64 54 of
1637 2742 297 71 Michigan
1958 2744 140 53 Law

102 2820 205 53 school.
379 2820 289 69 [Chicago,
696 2821 121 53 The
844 2820 277 55 Lakeside
1150 2838 175 52 press,
1351 2823 70 52 R.
1451 2823 70 52 R.
1550 2821 319 69 Donnelley
1896 2825 46 50 &
1970 2841 128 35 sons

104 2916 294 52 company,
451 2903 153 64 c1935]

176 2985 84 40 106
285 2996 58 38 p.,
372 2985 25 39 1
422 2986 29 39 1.
478 2985 77 40 incl.
614 2985 164 50 front.,
805 2987 128 40 illus.
963 2985 133 48 (inch
1122 2987 174 48 ports.)
1360 2987 148 41 27½cm.

177 3055 265 41 Addresses
472 3056 60 47 by
561 3055 277 41 Alexander
868 3056 53 40 G.
949 3056 242 49 Ruthven,
1221 3056 168 48 Henry
1419 3056 64 41 M.
1513 3057 161 46 Bates,
1705 3058 182 40 Roscoe
1917 3059 182 48 Pound,

111 3111 187 40 Harlan
331 3112 51 40 F.
417 3111 158 49 Stone,
608 3111 165 42 James
807 3112 52 41 O.
891 3112 193 49 Murfin,
1117 3112 194 41 Marvin
1344 3113 54 41 B.
1432 3114 303 47 Rosenberry
1769 3115 95 39 and
1898 3115 203 40 Newton

110 3169 54 40 D.
194 3168 174 42 Baker.

108 3235 52 52 ©
197 3239 127 39 June
358 3239 68 48 18,
463 3239 140 47 1935;
642 3239 68 41 2c.
748 3240 94 38 and
879 3239 83 39 aff.
999 3240 118 47 Aug.
1155 3240 69 47 12,
1262 3238 140 49 1936;
1442 3240 42 39 A
1520 3240 170 48 96855;
1732 3239 283 47 University
2053 3240 53 40 of

179 3295 245 48 Michigan
456 3296 95 38 law
583 3296 177 48 school,
793 3297 109 38 Ann
932 3295 170 42 Arbor.
1175 3295 279 50 (36-19777)

108 3399 296 52 Missouri.
478 3401 182 62 Laws,
686 3405 254 59 statutes,
965 3405 98 46 etc.

185 3518 55 8 ...
270 3474 267 55 Missouri
567 3480 254 61 statutes,
850 3475 323 52 annotated.
1234 3477 345 50 Permanent
1605 3476 82 52 ed.
1754 3479 133 49 1936
110 3493 1969 112 cumulative

332 3553 208 51 annual
588 3553 203 66 pocket
834 3558 158 61 parts
1039 3553 95 52 for
1178 3554 250 51 volumes
1477 3557 133 48 1-15
1662 3597 56 9 ...
1808 3553 81 54 St.
1939 3554 167 67 Paul,

112 3631 200 64 Minn.,
352 3631 158 52 West
552 3630 334 66 publishing
928 3648 108 48 co.;
1082 3631 225 51 Kansas
1352 3630 150 67 City,
1544 3632 134 65 Mo.,
1721 3631 230 53 Yernon
1995 3631 110 52 law

112 3708 472 65 book co. [ c 1935]
184 3793 54 39 15
301 3824 8 8 v.
367 3792 54 40 23½cm.

185 3863 155 38 These
369 3862 273 47 pamphlets
674 3872 82 30 are
789 3864 49 38 to
867 3862 58 40 be
954 3862 138 39 fitted
1123 3862 102 39 into
1256 3862 84 40 the
1368 3862 198 47 pockets
1597 3863 52 37 at
1677 3861 82 39 the
1790 3861 123 39 back
1942 3861 54 40 of
2026 3861 85 40 the

117 3920 213 38 volumes
358 3919 52 39 of
438 3918 81 40 the
548 3919 72 38 set
648 3921 50 37 to
726 3918 158 39 which
916 3918 113 47 they
1058 3918 184 46 belong.

119 3981 51 53 ©
199 3987 117 46 Aug.
345 3987 68 47 17,
443 3986 139 46 1936;
613 3985 68 41 2c.
712 3986 117 39 each
862 3986 127 47 Sept.
1018 3985 55 40 19;
1134 3986 82 40 aff.
1246 3986 127 47 Sept.
1404 3985 55 40 17;
1518 3986 41 38 A
1588 3983 170 49 98519;
1791 3985 193 39 Vernon
2014 3984 97 38 law

188 4042 121 40 book
336 4052 66 31 co.
436 4043 95 38 and
559 4043 136 39 West
722 4042 108 47 pub.
862 4051 66 29 co.
