2519 4377
1306 4101 99 49 988

377 415 254 65 Melady,
660 415 406 66 Evangelista,
1095 416 180 66 sister,
1306 421 170 51 1866-

381 505 1987 148 Ave bells, Centennial ode and other poems, by Sister Evangelista Melady … Cover decorations
1653 588 112 52 and
1803 589 258 69 etchings
2096 589 77 69 by
2210 589 182 57 Sister

382 662 167 53 Anne
583 662 200 55 Pierre
815 663 282 69 Limoges.
1194 663 84 56 [St.
1315 665 167 69 Paul,
1515 665 204 70 Minn.,
1752 667 190 53 North
1979 667 235 56 Central
378 669 1988 141 publishing
631 760 99 50 co.,
767 748 18 22 c
791 744 152 65 1936]

447 815 1331 52 4 p. l. , [7]-108 p., 1 l. illus. (incl. ports.) 22½ cm .
374 883 54 53 ©
451 888 126 39 June
601 887 69 47 16,
694 887 114 41 1936
826 899 8 35 ;
859 887 66 40 2c.
950 888 127 39 June
1100 889 81 47 19;
1209 888 81 41 aff.
1317 889 128 40 June
1466 890 56 40 18
1540 901 8 36 ;
1574 890 43 39 A
1638 888 172 50 95766;
1837 891 316 48 Evangelista
2183 892 206 48 Melady,

451 945 66 41 St.
547 945 137 40 Paul.
754 944 282 49 (36-16569)

376 1050 303 65 Michigan
703 1052 287 63 academy
1012 1051 66 54 of
1100 1051 246 66 science,
1372 1057 129 49 arts
1525 1054 115 52 and
1664 1054 230 56 letters.

447 1142 1939 71 Papers … Editors, Eugene S. McCartney … Alfred H.
374 1221 1988 146 Stockard … Volume 21 … Ann Arbor, University of Michigan press, 1936.
445 1373 1943 52 3 p. l. , v-xv, 757 p., [1] l. illus., plates, maps (part fold.) diagrs.,
373 1430 116 41 fold,
521 1430 156 41 chart.
734 1430 60 39 24
794 1433 44 20 cm
844 1463 8 8 .

375 1498 52 53 ©
456 1503 128 39 June
611 1502 70 48 30,
711 1501 140 48 1936;
884 1501 65 39 2c.
982 1501 96 39 and
1109 1501 81 42 aff.
1222 1502 117 47 July
1368 1501 53 48 9;
1455 1504 40 37 A
1525 1502 171 47 96371;
1728 1503 284 48 University
2044 1504 51 39 of
2126 1504 260 50 Michigan,

445 1561 109 38 Ann
584 1559 170 40 Arbor.

397 1666 227 65 [Mount,
652 1665 259 54 Thomas
941 1666 239 65 Ernest]
1216 1671 171 49 1895-

445 1740 143 55 Five
624 1741 229 70 against
889 1742 95 53 the
1020 1743 128 68 law,
1183 1742 75 69 by
1296 1742 175 56 Stone
1509 1743 163 69 Cody
1733 1744 194 67 [pseud.]
2029 1746 138 52 New
2205 1745 179 66 York,

373 1823 88 54 W.
490 1822 254 54 Morrow
773 1826 45 50 &
846 1840 98 49 co.,
976 1826 151 51 1936.

444 1894 631 51 3 p. l. , 3-283 p. 19½c m .
373 1964 52 52 ©
454 1968 116 46 July
596 1967 70 48 22,
696 1967 142 47 1936;
870 1966 67 40 2c.
969 1967 96 38 and
1095 1967 83 40 aff.
1209 1967 116 46 July
1355 1967 82 43 28;
1471 1968 40 38 A
1539 1967 145 40 97175
1703 1978 8 37 ;
1744 1967 217 41 William
1995 1969 210 38 Morrow
2235 1968 37 40 &
2302 1978 83 39 co.,

442 2025 91 40 inc.
604 2024 282 48 (36-16933)

372 2130 186 64 Nash,
586 2130 248 54 Charles
859 2129 221 64 Edgar.

442 2207 123 53 The
597 2209 124 52 lure
757 2206 63 55 of
853 2206 167 69 Long
1055 2205 208 70 Beach,
1296 2206 76 69 by
1409 2205 237 57 Charles
1682 2205 202 71 Edgar
1919 2206 189 68 Nash;
2146 2206 171 70 being
2353 2224 30 35 a

372 2287 249 53 detailed
667 2291 237 49 account
946 2285 64 54 of
1050 2285 97 54 the
1188 2284 327 68 traditions,
1556 2285 223 69 history
1823 2286 112 53 and
1978 2287 226 67 growth
2245 2285 64 55 of
2351 2304 31 34 a

371 2365 185 69 grand
589 2365 153 54 little
772 2364 191 53 island
995 2363 79 53 off
1106 2364 95 53 the
1233 2364 140 53 New
1405 2363 203 69 Jersey
1640 2368 181 62 coast;
1858 2364 139 53 with
2032 2383 31 34 a
2096 2364 286 55 foreword

372 2443 2012 70 by the Hon. Walter E. Edge … [Long Beach, N. J.] The Long
373 2523 187 53 Beach
590 2523 180 53 board
801 2522 64 52 of
891 2522 183 66 trade,
1105 2524 151 51 1936.

438 2594 1165 51 4 p. l. , 170 p. plates (1 col.) ports. 22½ cm .
370 2664 52 53 ©
451 2669 117 46 July
597 2669 70 46 15,
696 2668 141 46 1936;
868 2668 67 40 2c.
966 2668 117 46 July
1110 2667 83 45 21;
1226 2667 82 40 aff.
1340 2667 116 47 July
1486 2666 82 47 24;
1601 2668 41 38 A
1670 2666 171 48 96597;
1872 2668 135 46 Long
2036 2667 162 39 Beach
2231 2667 152 39 board

439 2726 52 38 of
525 2725 154 49 trade,
717 2725 162 39 Beach
915 2726 187 47 Haven,
1139 2726 55 39 N.
1232 2726 42 38 J.
1349 2723 281 49 (36-16897)

367 2830 282 53 National
677 2831 254 52 selected
960 2828 368 55 morticians.

438 2908 54 53 A
526 2908 214 53 service
773 2907 163 54 book.
1013 2905 291 70 [Chicago,
1340 2908 112 66 Ill.]
1493 2907 122 53 The
1650 2906 274 53 National
1959 2907 239 53 selected
369 2924 1986 117 morticians
612 3020 13 35 [
630 2993 18 22 c
653 2989 154 65 1935]

439 3060 86 41 190
556 3072 46 39 p.
663 3060 56 41 16
722 3062 44 22 cm
770 3093 9 9 .

442 3115 1657 52 “First printing 1925 … revised edition, first printing 1935.”
441 3175 275 50 “Prepared
743 3176 157 40 under
923 3176 83 40 the
1034 3175 306 49 supervision
1372 3174 51 41 of
1450 3175 82 40 the
1561 3174 253 41 Reverend
1841 3173 84 42 Dr.
1954 3172 203 43 Charles
2187 3172 190 44 Carroll

369 3232 497 42 Albertson.”—Pref.

368 3300 52 53 ©
449 3305 113 39 May
588 3305 38 47 1,
655 3302 142 48 1935;
827 3304 67 40 2c.
925 3304 95 38 and
1049 3303 82 40 aff.
1162 3304 125 40 June
1315 3303 69 47 22,
1414 3302 140 43 1936;
1585 3304 41 38 A
1652 3302 171 47 96088;
1856 3303 131 40 Natl.
2018 3302 210 40 selected
438 3312 1924 89 morticians.
697 3360 281 48 (36-16885)

368 3465 259 65 Nichols,
656 3466 139 53 Mrs.
825 3465 317 53 Jeannette
1175 3465 334 66 (Paddock)
1548 3470 171 49 1890-

438 3543 194 55 James
664 3541 189 71 Styles
882 3542 63 54 of
973 3542 310 70 Kingston,
1310 3542 139 54 New
1479 3541 180 69 York,
1688 3541 113 54 and
1830 3540 223 70 George
2084 3540 201 56 Stuart
2313 3539 63 55 of

370 3622 382 68 Schoolcraft,
790 3620 327 70 Michigan;
1159 3620 150 54 their
1349 3621 371 53 descendants
1759 3620 113 53 and
1912 3619 174 53 allied
2126 3619 249 53 families

371 3699 1943 69 with an historical narrative, by Jeannette Paddock Nichols …
370 3778 407 68 Swarthmore,
806 3779 121 67 Pa.,
956 3779 122 53 The
1108 3779 223 64 author,
1363 3780 150 50 1936.

437 3850 1014 52 4 p. l. , 7-214 p. front., ports. 23½ cm .
439 3908 378 50 Bibliography:
850 3921 44 37 p.
926 3908 218 45 171-173.

367 3975 52 53 ©
449 3980 126 38 June
607 3979 69 48 19,
706 3980 114 39 1936
838 3991 9 35 ;
879 3979 67 40 2c.
977 3980 95 38 and
1100 3980 82 38 aff.
1214 3980 127 39 June
1370 3979 83 42 25;
1486 3980 39 38 A
1556 3978 170 47 95827;
1760 3979 44 40 J.
1837 3979 49 39 P.
1919 3978 213 43 Nichols,
440 3976 1915 107 Swarthmore,
612 4037 82 39 Pa.
762 4035 280 49 (36-16902)
