2519 4377
1316 4090 130 51 1702

395 392 234 66 [Stokes,
659 392 250 54 Francis
936 392 258 55 William]
1249 399 173 50 1883-

442 470 243 54 Murder
716 488 134 49 may
884 488 132 49 pass
1050 469 385 69 unpunished,
1469 471 75 68 by
1579 470 241 55 Francis
1856 472 256 54 Everton
2176 472 191 68 [pseud.]

372 549 259 66 London,
664 548 144 54 Pub.
843 549 96 53 for
970 549 96 53 the
1101 546 191 58 Crime
1324 549 130 53 club
1484 550 76 55 by
1595 550 222 55 Collins
1855 583 13 34 [
1872 555 20 22 c
1896 553 154 64 1936]

439 619 88 41 284
553 629 45 39 p.
659 617 118 43 19cm.

372 688 2001 109 © 1c. Dec. 1, 1936: A ad int. 22125; pubd. Oct. 5; F. W. Stokes, Mansfield,
530 748 239 48 England.
844 748 283 49 (36-36001)

372 852 284 66 Sullivan,
681 851 258 56 William
964 853 323 63 Laurence,
1316 855 328 54 1872-1935.

444 928 317 71 Epigrams
790 930 114 53 and
933 928 303 57 criticisms
1264 931 62 54 in
1356 929 329 70 miniature,
1712 931 76 68 by
1812 930 265 55 William
2104 932 290 55 Laurence

375 1006 2015 74 Sullivan … Philadelphia, Unversity of Pennsylvania press;
374 1087 260 66 London,
666 1086 77 53 H.
776 1086 271 69 Milford,
1080 1086 233 56 Oxford
1345 1085 322 71 university
1698 1107 177 49 press,
1907 1091 153 51 1936.

443 1161 97 46 xiv,
575 1161 88 41 156
694 1172 45 38 p.
801 1159 60 42 22½
891 1163 45 22 cm
941 1192 8 9 .

375 1228 52 53 ©
457 1233 119 40 Nov.
607 1231 70 49 13,
707 1230 117 41 1936;
883 1230 67 41 2c.
982 1231 97 40 and
1109 1231 83 41 aff.
1222 1232 119 39 Nov.
1372 1230 57 41 23;
1489 1232 43 39 A
1559 1230 146 42 99987;
1764 1231 286 49 University
2083 1233 52 40 of
443 1234 1934 95 Pennsylvania
616 1299 153 38 press.
837 1287 284 50 (36-34594)

371 1390 282 67 Thirkell,
679 1394 141 52 Mrs.
847 1391 232 65 Angela
1110 1390 318 67 (Mackail)
1463 1398 173 50 1890-

443 1468 233 69 August
724 1468 179 68 folly;
957 1488 30 34 a
1035 1469 166 52 novel
1248 1468 77 68 by
1373 1467 227 70 Angela
1648 1466 279 56 Thirkell.
2004 1469 259 67 London,
2312 1469 76 54 H.

378 1546 304 55 Hamilton
725 1548 173 68 [1936]

442 1619 101 49 318,
576 1618 57 51 [1]
665 1629 44 38 p.
770 1618 119 42 19cm.

373 1689 2020 56 © 1c. Dec. 2, 1936; A ad int. 22112; pubd. Oct. 5; Angela Thirkell,
446 1749 213 40 London.
724 1748 284 49 (36-36224)

371 1854 328 65 Thornton,
723 1855 140 53 Mrs.
888 1854 310 64 Margaret
1230 1851 256 67 (Waite)

443 1930 125 53 The
621 1949 128 35 new
805 1950 113 48 era,
973 1929 77 68 by
1105 1930 301 69 Margaret
1457 1930 318 55 Thornton.
1871 1930 273 70 Chicago,
2201 1933 65 52 T.
2322 1933 73 53 D.

375 2010 251 54 Thomas
654 2008 342 70 publishing
1028 2027 301 50 company,
1364 2011 153 50 1936.

443 2082 1072 51 2 p. l. , vii-xi p., 1 l., [15]-124 p. 19½c m .
373 2151 53 53 ©
455 2155 103 41 Oct.
586 2154 72 48 20,
686 2153 118 42 1936;
860 2153 68 40 2c.
957 2154 120 41 Nov.
1106 2153 56 39 24;
1221 2153 81 40 aff.
1333 2154 119 39 Nov.
1481 2152 57 41 23;
1593 2154 44 39 A
1663 2152 148 41 99990:
1871 2155 52 40 T.
1953 2156 57 39 D.
2041 2155 213 40 Thomas
2283 2155 109 48 pub.

445 2221 66 30 co.
579 2210 286 52 (36-34388)

372 2318 349 66 Townsend,
748 2316 291 67 Reginald
1066 2317 349 64 Townsend,
1447 2322 173 51 1890-

443 2395 232 54 Mother
718 2393 65 55 of
826 2395 173 54 clubs.
1076 2394 189 70 Being
1308 2396 96 53 the
1446 2394 226 69 history
1717 2394 63 53 of
1824 2396 97 52 the
1963 2395 127 57 first
2129 2397 264 54 hundred

373 2491 164 51 years
571 2474 65 52 of
668 2474 97 54 the
799 2474 200 55 Union
1032 2474 129 53 club
1194 2474 65 54 of
1289 2475 97 52 the
1418 2474 119 68 city
1569 2473 65 55 of
1667 2475 141 53 New
1844 2475 182 68 York,
2064 2480 328 62 1836-1936,

375 2554 73 69 by
485 2553 290 70 Reginald
816 2555 65 52 T.
922 2553 340 54 Townsend.
1338 2553 141 53 New
1517 2553 165 53 York
1727 2554 141 67 [The
1906 2553 278 69 Printing
2220 2556 173 52 house

374 2634 64 53 of
464 2635 90 54 W.
587 2633 68 55 E.
686 2632 224 70 Rudge]
947 2636 151 51 1936.

445 2704 1696 50 xii, 237 p., 1 l. incl. col. front, plates, ports., facsims. 26 cm .
447 2764 148 40 “This
633 2763 111 41 first
783 2763 199 49 edition,
1022 2762 196 50 printed
1257 2763 80 40 for
1378 2764 84 39 the
1497 2763 239 40 members
1775 2763 53 40 of
1866 2763 82 40 the
1989 2762 160 42 Union
2189 2763 123 50 club,
2353 2763 42 42 is

375 2822 189 42 limited
592 2824 48 39 to
670 2821 115 41 1500
812 2821 159 49 copies
1054 2821 213 40 …”—Leaf
1291 2820 257 49 following
1573 2831 43 38 p.
1645 2820 100 43 237.

376 2878 53 54 ©
456 2882 114 48 Apr.
599 2880 71 49 22,
698 2880 116 41 1936;
873 2879 67 41 2c.
971 2880 95 41 and
1094 2880 82 42 aff.
1209 2880 127 48 Sept.
1368 2878 55 41 18;
1482 2879 41 40 A
1550 2877 146 42 98501;
1757 2877 161 43 Union
1947 2878 124 50 club,
2103 2879 118 40 New
2249 2879 146 42 York.

456 2938 284 49 (36-34781)

375 3043 183 54 Uncle
593 3043 218 64 Toby’s
850 3043 323 55 Christmas
1209 3041 165 66 book,
1410 3041 95 53 for
1542 3040 77 54 all
1656 3041 96 54 the
1789 3039 239 70 family;
2068 3040 324 55 illustrated

445 3124 76 66 by
564 3122 205 57 Julian
813 3121 326 54 Brazelton.
1215 3120 141 54 New
1399 3119 166 54 York
1608 3120 114 53 and
1764 3119 262 68 London,
2070 3121 235 67 Harper
2350 3123 45 50 &

443 3201 282 65 brothers,
752 3203 151 50 1936.

444 3283 31 29 x
501 3285 59 38 p.,
589 3274 25 40 1
677 3305 9 14 l.,
714 3272 86 41 284
824 3285 44 37 p.
924 3272 144 49 illus.,
1095 3271 173 50 plates.
1323 3270 57 40 22½
1414 3272 45 23 cm
1463 3303 9 9 .

445 3331 163 41 “First
640 3329 231 42 edition.”

445 3387 203 41 “Words
687 3388 98 39 and
822 3386 156 42 music
1014 3386 80 41 for
1132 3384 276 43 Christmas
1444 3385 187 41 carols”:
1700 3396 44 39 p.
1787 3383 250 51 [159]-171.

376 3442 53 53 ©
462 3446 117 39 Nov.
615 3445 71 47 17,
719 3443 115 41 1936;
897 3443 67 40 2c.
997 3445 119 38 Nov.
1150 3442 57 41 14;
1270 3442 81 41 aff.
1383 3443 117 39 Nov.
1536 3441 56 40 19;
1657 3443 43 39 A
1729 3440 174 41 100551;
1968 3442 199 48 Harper
2200 3442 35 40 &
2269 3442 124 39 bros.

458 3502 284 50 (36-34371)

378 3606 257 65 Vigerie,
659 3606 208 55 Raoul.

446 3685 84 54 La
562 3683 337 54 locomotive
932 3683 255 67 actuelle,
1221 3682 224 68 d’après
1477 3683 80 52 Le
1588 3680 346 55 mécanicien
1966 3682 71 52 de
2067 3680 223 55 chemin
2325 3681 68 54 de

377 3747 1989 161 fer de L.-P. Guédon, par Raoul Vigerie … [et] Émile Devernay … Préface de
1050 3837 1339 68 Jean Lancrenon … Paris, Dunod, 1936.
447 3913 137 49 xviii,
615 3913 88 42 607
729 3923 43 38 p.
834 3912 142 48 illus.,
1008 3912 180 49 diagrs.
1250 3912 116 40 21cm.

377 3968 1593 53 © Aug. 10. 1936: 1c. Oct. 22: A- Foreign 33275; Dunod.
459 4026 284 51 (36-36168)
