2519 4377
1003 4060 131 49 1845

152 482 102 47 xiii,
287 481 85 40 186
400 492 43 37 p.
502 483 171 46 plates,
703 483 148 47 ports.
910 480 53 40 21
969 483 43 22 cm
1017 513 10 9 .

154 539 139 47 Maps
323 547 59 30 on
411 536 361 48 lining-papers.

154 594 161 40 “First
347 593 227 41 edition.”

83 644 1998 55 © Dec. 2, 1936; 2c. and aff. Dec. 5; A 101180 ; H . R, Ekins, % Scripps
152 706 230 47 Howard,
418 707 114 38 New
571 706 142 38 York.
786 704 280 48 (36-28570)

82 799 270 62 Escarra,
386 798 166 52 Jean.

152 876 224 64 Images
406 873 67 52 de
547 874 339 65 l'Himalaya:
922 873 387 52 introduction
1342 874 69 51 de
1441 875 146 51 Jean
1626 876 253 50 Escarra.
83 876 1969 134 [Paris,
204 953 235 63 Alpina,
469 958 17 22 c
493 955 96 50 1935]

79 1022 1984 108 cover-title. 2 p. l., xl (i. c. 30) pl. (10 double) on 20 l. 35 cm . (Encyclopédie Alpina illustrée. [2])
154 1139 131 39 Each
313 1138 171 40 double
513 1137 132 48 plate
674 1137 41 40 is
744 1137 206 40 counted
980 1147 54 30 as
1065 1140 107 36 two.

154 1196 166 39 Issued
353 1195 49 39 in
433 1194 245 49 portfolio.

158 1252 332 41 Illustrations
523 1262 58 28 on
614 1261 180 30 covers.

78 1304 2002 63 © Nov. 25, 1935; 1c. May 14, 1936; A-Foreign 32210; Éditions Alpina.
78 1403 315 65 Fairbank,
420 1407 138 51 Mrs.
583 1404 180 54 Janet
793 1403 222 66 (Ayer)

149 1482 144 54 Rich
334 1500 151 47 man,
524 1499 143 49 poor
705 1499 131 35 man
885 1481 109 66 [by]
1041 1482 176 54 Janet
1256 1480 158 66 Ayer
1456 1480 310 54 Fairbank.
1846 1482 235 62 Boston,

79 1562 136 52 New
243 1560 177 64 York,
444 1559 318 66 Houghton
789 1557 202 55 Mifflin
1016 1575 297 50 company,
1342 1560 149 53 1936.

148 1629 555 50 3 p. l. , 626 p. 21 cm .
151 1688 67 38 “A
258 1689 111 46 part
408 1686 52 40 of
501 1685 97 41 this
638 1686 135 46 story
812 1685 89 40 has
941 1686 118 39 been
1097 1685 256 48 published
1391 1684 200 49 serially
1631 1685 48 40 in
1720 1686 81 40 the
1842 1686 232 41 Pictorial

80 1742 175 42 review
287 1743 154 40 under
469 1743 82 40 the
581 1742 110 41 title
722 1742 169 40 ‘There
922 1741 41 40 is
995 1752 27 30 a
1055 1741 158 41 tide’.”

79 1800 53 53 ©
158 1804 112 39 Dec.
295 1803 40 41 4.
362 1801 139 47 1936;
533 1802 67 39 2c.
625 1800 95 40 and
748 1801 82 40 aff.
859 1802 111 38 Dec.
999 1801 53 36 12;
1112 1802 37 37 A
1179 1799 198 48 100918;
1408 1801 43 39 J.
1481 1801 53 39 A.
1565 1799 260 49 Fairbank,
1856 1797 224 49 Chicago.

158 1857 280 51 (36-35990)

78 1948 311 64 Fairburn,
418 1947 189 54 David
639 1947 173 62 Cecil,
844 1952 169 49 1904-

145 2024 175 53 Plant
356 2022 386 70 propagation
781 2021 94 54 for
913 2022 95 52 the
1046 2021 236 70 garden,
1317 2021 76 69 by
1431 2022 103 54 Dr.
1575 2021 194 54 David
1809 2020 63 55 C.
1912 2020 164 54 Fair-

77 2098 2002 71 burn … Garden City, N. Y., Doubleday, Doran and company,
75 2177 126 70 inc.,
231 2182 150 50 1936.

146 2250 747 50 115 p. front., illus. 19 ½cm .
145 2308 175 47 “Many
355 2308 52 41 of
437 2309 82 40 the
552 2308 331 41 illustrations
918 2309 95 39 and
1048 2309 125 39 most
1206 2308 52 39 of
1291 2308 82 40 the
1407 2309 105 39 text
1545 2308 128 39 from
1709 2319 63 29 an
1807 2307 172 42 article
2014 2319 61 29 on

74 2364 137 48 plant
238 2365 319 49 propagation
585 2365 239 48 prepared
853 2365 60 47 by
942 2365 81 40 the
1055 2365 179 39 author
1260 2364 80 41 for
1371 2364 80 41 the
1484 2363 193 41 Garden
1708 2364 205 41 bulletin
74 2364 1982 97 [Missouri
236 2422 242 40 botanical
509 2421 762 50 garden]”—Acknowledgment.

146 2478 163 41 “First
336 2478 226 41 edition.”

78 2533 53 53 ©
160 2538 119 40 Nov.
314 2536 68 48 13,
417 2535 115 41 1936;
595 2535 68 41 2c.
699 2536 91 38 and
828 2535 81 40 aff.
946 2536 112 39 Dec.
1097 2535 81 43 16;
1217 2537 39 38 A
1292 2535 173 41 101287;
1531 2538 55 38 D.
1625 2537 48 41 C.
1713 2537 257 48 Fairburn,
2012 2536 67 41 St.

148 2585 159 49 Louis.
379 2591 280 51 (36-28585)

76 2682 301 64 Fanciulli,
411 2682 311 64 Giuseppe.

144 2761 143 51 Alza
314 2759 266 54 bandiera
606 2760 8 51 !
682 2761 289 51 Romanzo
995 2779 105 47 par
1126 2761 242 66 ragazzi.
1432 2763 45 50 6.
1506 2762 83 51 ed.
1617 2761 301 54 illustrata.
77 2762 1973 143 Firenze,
280 2840 67 52 R.
377 2839 326 66 Bemporad
730 2842 45 49 &
801 2838 66 52 f°.
923 2841 150 65 [1935]

146 2913 26 38 1
202 2922 42 30 v.
315 2912 46 47 (I
393 2911 111 40 libri
537 2911 108 39 dell’
667 2910 285 41 ardimento.
1013 2923 45 28 n.
1090 2910 52 45 2)

77 2964 2001 53 © Dec. 30. 1935; 1c. May 1, 1936; A-Foreign 31682; R. Bemporad &
145 3025 70 40 f.°.

76 3101 324 52 Federated
430 3101 222 53 council
682 3117 72 36 on
783 3103 96 50 art
906 3100 329 54 education.

143 3175 223 54 Textile
406 3177 198 67 design
646 3196 60 35 as
746 3195 72 36 an
858 3178 351 67 occupation.
1286 3178 137 52 New
1465 3178 180 67 York,
1686 3180 69 51 N.
1796 3179 90 66 Y.,
75 3180 1972 128 Federated
308 3254 218 53 council
567 3273 72 34 on
681 3261 89 47 art
810 3254 326 68 education;
1182 3257 137 51 New
1361 3257 259 61 London,
1662 3256 198 64 Conn.,
73 3255 1974 131 Institute
221 3332 64 53 of
315 3334 262 54 women’s
607 3333 381 67 professional
1017 3334 287 52 relations.
1337 3335 280 52 Research
1649 3334 425 67 headquarters,

76 3411 370 56 Connecticut
477 3412 227 67 college,
738 3416 148 50 1936.

145 3485 57 41 48
231 3495 43 38 p.
335 3485 170 47 plates.
565 3484 55 41 23
624 3487 45 21 cm
674 3516 9 9 .

149 3541 118 41 “Art
300 3541 188 41 schools
522 3540 207 50 offering
761 3540 292 42 instruction
1089 3541 47 39 in
1175 3540 170 42 textile
1379 3540 196 50 design”:
1642 3552 42 37 p.
1717 3540 144 42 40-43;
78 3542 1977 96 “Textile
200 3598 188 40 schools
425 3598 94 39 and
558 3598 205 48 colleges
801 3599 95 39 and
936 3597 312 42 universities
1287 3598 119 40 with
1445 3600 333 46 departments
1815 3598 50 40 of
1903 3599 170 40 textile

78 3653 310 48 engineering
419 3654 206 47 offering
658 3655 295 40 instruction
987 3654 48 40 in
1072 3654 171 41 textile
1276 3654 196 49 design”:
1539 3666 41 37 p.
1616 3655 144 40 43-44:
1828 3655 245 45 “Colleges

78 3711 93 39 and
206 3710 313 42 universities
554 3711 207 48 offering
792 3711 292 41 instruction
1121 3711 47 40 in
1205 3711 170 41 textile
1409 3711 166 48 design
1612 3711 47 41 in
1696 3714 77 37 art
1806 3712 94 39 and
1969 3722 103 30 home

77 3768 265 40 economics
373 3768 362 48 departments”:
792 3779 42 39 p.
864 3769 158 40 45-46.

148 3824 170 42 “Some
344 3825 164 48 things
537 3828 51 39 to
614 3825 145 41 read”:
819 3836 42 37 p.
888 3826 159 41 47-48.

77 3876 53 53 ©
160 3881 101 42 Oct.
291 3881 69 48 23,
392 3881 140 46 1936;
566 3881 67 43 2c.
663 3883 118 40 Nov.
812 3882 82 43 25;
929 3882 79 39 aff.
1043 3884 109 37 Dec.
1184 3881 54 43 3;
1273 3884 38 36 A
1346 3880 172 40 100807;
1585 3881 267 40 Federated
1886 3879 183 40 council

147 3948 58 28 on
235 3941 78 37 art
339 3937 259 41 education
628 3939 94 39 and
756 3939 235 39 Institute
1017 3939 54 39 of
1100 3938 224 39 women’s
1355 3937 320 48 professional
1713 3937 246 40 relations.

155 3993 279 49 (36-36166)
