2597 4361
1107 4045 62 48 51

194 483 314 40 Translation
545 483 51 39 of
635 483 125 39 “Der
795 482 170 47 kampf
1004 493 79 29 um
1121 483 87 38 das
1247 481 227 40 hoechste
1512 479 129 49 gut”.
1703 480 270 49 Originally
125 484 1981 104 published,

326 540 127 47 1883,
484 540 153 39 under
667 540 82 38 the
778 539 217 39 author's
1025 539 310 47 pseudonym,
1366 538 164 40 Julius
1564 539 255 45 Mercator,
1852 539 118 40 with
2003 540 120 48 title,

125 599 128 40 “Der
277 598 170 47 kampf
473 607 79 30 um
582 597 75 40 die
687 595 191 42 krone”.

124 667 2001 53 © Dec. 19, 1935; 2c. and aff. Jan. 6. 1936; A 91016: Berchmans Bittle,
193 728 302 39 Milwaukee.
566 725 250 49 (36-1564)

125 830 273 63 Janssen,
428 828 319 64 Johannes,
778 831 326 51 1853-1898.

197 904 370 53 Meditations
603 903 93 52 for
729 904 268 67 religious
1033 902 92 54 for
1160 919 166 52 every
1362 902 110 68 day
1507 901 65 54 of
1604 901 95 52 the
1734 901 391 54 ecclesiastical

125 1000 151 50 year,
308 981 73 69 by
415 980 293 54 Reverend
742 980 154 54 John
930 981 258 67 Janssen,
1222 997 42 35 s.
1298 998 48 36 v.
1380 998 47 34 d.;
1492 978 314 54 translated
1839 979 73 68 by
1948 978 180 55 Sister

126 1056 2001 71 Mary Alicia, S. C. N.; edited by Arthur Preuss … New York,
129 1137 63 53 P.
218 1136 57 54 J.
299 1136 241 69 Kenedy
563 1137 45 50 &
631 1154 127 35 sons
790 1170 13 33 [
808 1142 18 21 c
831 1138 132 49 1935
970 1169 13 34 ]

197 1207 26 39 2
250 1219 43 28 v.
354 1207 56 39 22½
442 1209 44 22 cm
491 1239 8 8 .

198 1265 170 39 Issued
401 1265 49 39 in
484 1273 122 31 case.

474 1334 1653 47 CONTENTS. — I. From the first Sunday in Advent to Pentecost.—II.
128 1390 143 40 From
303 1392 82 39 the
414 1390 131 41 feast
576 1391 51 40 of
659 1392 82 39 the
770 1391 126 48 Holy
928 1390 193 48 Trinity
1154 1393 49 38 to
1235 1392 83 39 the
1349 1391 261 48 beginning
1641 1392 51 39 of
1726 1393 202 40 Advent.

126 1460 2002 53 © Dec. 20. 1935; 2c. each Jan. 3, 1936; aff. Jan. 6; A 91026; P. J. Kenedy
197 1522 35 39 &
262 1532 124 30 sons.
458 1520 250 50 (36-1889)

127 1624 284 64 Johnson,
440 1625 218 63 Harry.

204 1699 286 68 Standing
543 1700 94 51 the
688 1697 137 71 gaff,
874 1700 75 68 by
1002 1698 398 55 “Steamboat”
1454 1699 273 53 Johnson.
1817 1697 310 70 Nashville,

131 1779 192 67 Tenn.,
351 1779 331 53 Parthenon
709 1798 156 49 press
1079 1813 12 33 [c1935]

203 1852 84 39 142
317 1863 41 36 p.
415 1851 164 48 front.,
609 1852 170 48 plates,
809 1855 147 46 ports.
1017 1851 57 41 19½
1105 1854 44 21 cm
1154 1884 9 8 .

203 1920 177 42 Edited
403 1922 97 40 and
525 1923 240 47 arranged
788 1922 81 40 for
891 1921 302 50 publication
1218 1922 63 48 by
1304 1923 72 42 Ed
1403 1921 262 42 Danforth.
1720 1922 62 48 cf.
1807 1923 39 39 A
1873 1923 255 42 foreword.

205 1979 1374 50 “Copyright … [by] Harry (Steamboat) Johnson.”
129 2047 52 53 ©
216 2053 111 39 Dec.
422 2083 9 16 18,
467 2051 141 48 1935;
644 2051 68 41 2c.
748 2053 97 39 and
878 2051 84 41 aff.
999 2052 110 40 Jan.
1145 2052 69 47 10,
1251 2051 141 43 1936;
1428 2053 42 38 A
1504 2051 171 48 91167;
1714 2053 62 40 H.
1817 2053 42 40 S.
1899 2053 231 44 Johnson,

200 2109 250 48 Memphis.
481 2110 146 38 Tenn.
696 2108 249 49 (36-2201)

131 2211 227 65 Kenan,
386 2212 255 54 William
670 2214 187 61 Rand,
889 2216 171 52 1873-

202 2289 245 68 History
473 2289 63 53 of
560 2289 326 69 Randleigh
913 2289 169 54 farm.
1143 2290 307 68 Lockport,
1477 2291 70 52 N.
1581 2292 88 61 Y.,
1696 2292 87 53 W.
1810 2292 68 51 R.
1906 2291 222 58 Kenan,

132 2366 89 69 jr.,
253 2372 149 50 1935.

205 2452 1182 49 3 p. l., [9]-116 p., 1 l. illus. (incl. map) 23½cm.
131 2520 52 53 ©
216 2526 110 38 Dec.
359 2524 70 47 31,
463 2523 139 48 1935;
637 2524 65 40 2c.
737 2526 95 38 and
862 2524 83 40 aff.
979 2525 110 41 Jan.
1122 2525 40 47 8,
1195 2524 141 47 1936;
1373 2525 42 38 A
1446 2523 171 48 91095;
1654 2525 71 39 W.
1760 2525 55 40 R.
1850 2525 186 41 Kenan,
2071 2525 61 48 jr.

211 2581 249 47 (36-1678)

134 2681 352 67 Kinneman,
516 2684 154 53 John
702 2683 301 65 Albertus,
1039 2690 170 49 1895-

204 2759 121 52 The
348 2759 307 53 American
682 2759 231 66 citizen;
942 2778 31 34 a
998 2759 271 53 textbook
1289 2761 61 52 in
1373 2766 370 62 government
1768 2761 111 51 and
1907 2764 226 48 current

137 2837 1935 67 problems, by John A. Kinneman … Richard G. Browne …
135 2914 1975 147 and Robert S. Ellwood … illustrations by' Ralph F. Donaldson. New York and London. Harper & brothers, 1936.
208 3066 100 49 viiij
340 3067 86 40 562
453 3078 42 36 p.
555 3067 129 41 illus.
725 3067 133 48 (incl.
888 3067 164 48 maps)
1090 3067 179 48 diagrs.
1328 3067 56 39 21
1388 3069 45 22 cm
1436 3099 9 8 .

210 3136 162 40 “First
403 3136 225 40 edition.”

211 3191 348 41 “References”
585 3194 52 39 at
663 3193 90 39 end
781 3193 51 39 of
854 3193 119 39 each
997 3195 214 45 chapter.

211 3248 298 40 “Addresses
534 3248 52 40 of
614 3248 417 48 organizations”:
1062 3259 42 37 p.
1135 3248 216 41 538-540.

137 3313 51 52 ©
224 3318 108 39 Jan.
369 3318 69 47 23,
476 3317 139 41 1936:
655 3318 66 39 2c.
759 3319 107 38 Jan.
904 3318 82 41 21:
1028 3318 81 39 aff.
1149 3319 109 39 Jan.
1296 3319 82 40 25:
1418 3321 41 36 A
1496 3319 169 41 90478:
1706 3320 192 46 Harper
1938 3319 35 39 &
2010 3320 124 38 bros.

216 3374 249 48 (36-2188)

141 3475 327 67 KixMiller,
499 3477 272 63 William,
807 3483 169 49 1885-

213 3551 363 55 Foundation
625 3553 171 66 guide
845 3552 93 54 for
984 3556 224 65 payroll
1256 3560 185 57 taxes;
1495 3554 187 56 Social
1732 3553 246 66 security
2029 3557 104 60 act,

143 3635 143 47 state
327 3632 152 52 laws.
556 3633 90 67 By
685 3631 259 54 William
986 3632 334 52 KixMiller.
1398 3632 269 68 Chicago,
1708 3633 123 51 The
146 3632 1965 128 Foundation
294 3727 174 49 press,
494 3708 107 55 inc.
678 3714 150 63 [c1936]

217 3781 80 47 vii,
325 3782 85 39 264
437 3793 43 37 p.
535 3781 57 41 25½
624 3785 44 21 cm
674 3815 7 7 .

217 3851 373 49 Bibliography:
623 3863 41 37 p.
700 3853 216 40 232-233.

144 3918 1994 52 © Jan. 6. 1936; 2c.. Jan. 9: aff. Jan. 8; A 91116: Foundation press, inc.
223 3979 248 43 (36-1671)
