<alto xmlns="http://www.loc.gov/standards/alto/ns-v3#" xmlns:xlink="http://www.w3.org/1999/xlink" xmlns:xsi="http://www.w3.org/2001/XMLSchema-instance" xsi:schemaLocation="http://www.loc.gov/standards/alto/ns-v3# http://www.loc.gov/alto/v3/alto-3-0.xsd"><Description>
<MeasurementUnit>pixel</MeasurementUnit>
<sourceImageInformation>
<fileName>1936_v33_Part1.pdf</fileName>
</sourceImageInformation>
<OCRProcessing ID="IdOcr">
<ocrProcessingStep>
<processingDateTime>2019-01-18</processingDateTime>
<processingSoftware>
<softwareCreator>ABBYY</softwareCreator>
<softwareName>ABBYY Recognition Server</softwareName>
<softwareVersion>4.0</softwareVersion>
</processingSoftware>
</ocrProcessingStep>
</OCRProcessing>
</Description>
<Styles>
<ParagraphStyle ID="StyleId-FFFFFFFF-FFFF-FFFF-FFFF-FFFFFFFFFFFF-" ALIGN="Left" LEFT="0." RIGHT="0." FIRSTLINE="0."/>
<ParagraphStyle ID="StyleId-51D50FAC-7A90-4D70-8A96-5EA9D46D1C8B-" ALIGN="Left" LEFT="0." RIGHT="0." FIRSTLINE="0." LINESPACE="7.699999809"/>
<ParagraphStyle ID="StyleId-6BC133E9-7DCB-43C3-8842-A67984A26405-" ALIGN="Block" LEFT="0." RIGHT="0." FIRSTLINE="-17." LINESPACE="8.340000153"/>
<ParagraphStyle ID="StyleId-3C3FF860-43E7-46A2-8934-48F305F6F0D6-" ALIGN="Left" LEFT="0." RIGHT="0." FIRSTLINE="-13." LINESPACE="11.06999969"/>
<ParagraphStyle ID="StyleId-19220C76-4F8A-4737-B38C-B5F5C17E6040-" ALIGN="Block" LEFT="0." RIGHT="0." FIRSTLINE="-13." LINESPACE="11.06999969"/>
<ParagraphStyle ID="StyleId-75A0D721-13ED-4F20-9002-B389EC48477D-" ALIGN="Left" LEFT="0." RIGHT="0." FIRSTLINE="0." LINESPACE="15.5"/>
<ParagraphStyle ID="StyleId-8A414184-C7A5-4AC7-9B88-7DA4DDE75922-" ALIGN="Left" LEFT="0." RIGHT="0." FIRSTLINE="0." LINESPACE="9.399999619"/>
<ParagraphStyle ID="StyleId-1A87970B-111C-4169-99A6-9412976F3C97-" ALIGN="Left" LEFT="0." RIGHT="0." FIRSTLINE="0." LINESPACE="10.5"/>
<ParagraphStyle ID="StyleId-72DB0571-5AE4-41FD-9E11-68C6AC4C437E-" ALIGN="Block" LEFT="0." RIGHT="0." FIRSTLINE="-17." LINESPACE="8.340000153"/>
<ParagraphStyle ID="StyleId-1AA43056-C388-4697-B10F-72FDAA38FAE1-" ALIGN="Center" LEFT="0." RIGHT="0." FIRSTLINE="0." LINESPACE="10.5"/>
</Styles>
<Layout>
<Page ID="Page1201" PHYSICAL_IMG_NR="1201" HEIGHT="4377" WIDTH="2519">
<TopMargin HEIGHT="496" WIDTH="2519" VPOS="0" HPOS="0">
</TopMargin>
<LeftMargin HEIGHT="3614" WIDTH="50" VPOS="496" HPOS="0">
</LeftMargin>
<RightMargin HEIGHT="3614" WIDTH="449" VPOS="496" HPOS="2070">
</RightMargin>
<BottomMargin HEIGHT="267" WIDTH="2519" VPOS="4110" HPOS="0">
<TextBlock ID="Page1201_Block1" HEIGHT="117" WIDTH="470" VPOS="4162" HPOS="887" LANG="en-US" STYLEREFS="StyleId-52B72632-6D05-436D-BEC7-CFFA1D1938AA-">
<TextLine HEIGHT="51" WIDTH="127" VPOS="4173" HPOS="984">
<String CONTENT="1201" HEIGHT="51" WIDTH="127" VPOS="4173" HPOS="984"/>
</TextLine>
</TextBlock>
</BottomMargin>
<PrintSpace HEIGHT="3614" WIDTH="2020" VPOS="496" HPOS="50">
<TextBlock ID="Page1201_Block2" HEIGHT="3614" WIDTH="2020" VPOS="496" HPOS="50" LANG="en-US" CS="1" STYLEREFS="StyleId-995CA43D-82B2-4899-80FC-CCBAB50807BF-">
<TextLine HEIGHT="63" WIDTH="656" VPOS="506" HPOS="67" STYLEREFS="StyleId-93293A3E-A3F0-4230-BBB2-EEBB1514A670-">
<String LANG="fr" CONTENT="Abraham," HEIGHT="62" WIDTH="323" VPOS="506" HPOS="67"/>
<SP HEIGHT="61" WIDTH="28" VPOS="507" HPOS="391"/>
<String LANG="de" CONTENT="Ephraim." HEIGHT="63" WIDTH="303" VPOS="506" HPOS="420"/>
</TextLine>
<TextLine HEIGHT="70" WIDTH="1861" VPOS="581" HPOS="198" STYLEREFS="StyleId-1DC9759A-1B4D-4AA9-AA95-09F38B0668D9-" CS="1">
<String LANG="fr" CS="1" CONTENT="&#8230;"/>
<SP HEIGHT="52" WIDTH="51" VPOS="583" HPOS="198"/>
<String LANG="fr" CONTENT="A" HEIGHT="52" WIDTH="55" VPOS="583" HPOS="250"/>
<SP HEIGHT="54" WIDTH="51" VPOS="582" HPOS="306"/>
<String CONTENT="Syriac" HEIGHT="67" WIDTH="199" VPOS="582" HPOS="358"/>
<SP HEIGHT="51" WIDTH="47" VPOS="584" HPOS="558"/>
<String CONTENT="hymnal," HEIGHT="67" WIDTH="252" VPOS="583" HPOS="606"/>
<SP HEIGHT="46" WIDTH="50" VPOS="602" HPOS="859"/>
<String CONTENT="edited," HEIGHT="66" WIDTH="206" VPOS="583" HPOS="910"/>
<SP HEIGHT="47" WIDTH="49" VPOS="602" HPOS="1117"/>
<String CONTENT="arranged," HEIGHT="67" WIDTH="298" VPOS="584" HPOS="1167"/>
<SP HEIGHT="48" WIDTH="50" VPOS="602" HPOS="1466"/>
<String CONTENT="published" HEIGHT="69" WIDTH="299" VPOS="581" HPOS="1517"/>
<SP HEIGHT="52" WIDTH="56" VPOS="582" HPOS="1817"/>
<String CS="1" CONTENT="&#8230;"/>
<SP HEIGHT="51" WIDTH="55" VPOS="583" HPOS="1929"/>
<String CONTENT="by" HEIGHT="66" WIDTH="74" VPOS="583" HPOS="1985"/>
</TextLine>
<TextLine HEIGHT="67" WIDTH="1295" VPOS="659" HPOS="69" STYLEREFS="StyleId-1DC9759A-1B4D-4AA9-AA95-09F38B0668D9-">
<String LANG="en-US" CONTENT="Ephraim" HEIGHT="67" WIDTH="278" VPOS="659" HPOS="69"/>
<SP HEIGHT="50" WIDTH="25" VPOS="661" HPOS="348"/>
<String LANG="fr" CONTENT="Abraham." HEIGHT="52" WIDTH="310" VPOS="661" HPOS="374"/>
<SP HEIGHT="54" WIDTH="76" VPOS="660" HPOS="685"/>
<String LANG="en-US" CONTENT="Chicago," HEIGHT="66" WIDTH="267" VPOS="660" HPOS="762"/>
<SP HEIGHT="64" WIDTH="23" VPOS="661" HPOS="1030"/>
<String LANG="en-US" CONTENT="Ill.," HEIGHT="66" WIDTH="112" VPOS="660" HPOS="1054"/>
<SP HEIGHT="60" WIDTH="25" VPOS="666" HPOS="1167"/>
<String STYLE="superscript" LANG="en-US" CONTENT="c" HEIGHT="21" WIDTH="17" VPOS="666" HPOS="1193"/>
<String LANG="en-US" CONTENT="1936." HEIGHT="50" WIDTH="148" VPOS="664" HPOS="1216"/>
</TextLine>
<TextLine HEIGHT="49" WIDTH="918" VPOS="732" HPOS="139" CS="1">
<String CONTENT="7" HEIGHT="40" WIDTH="27" VPOS="732" HPOS="139"/>
<SP HEIGHT="47" WIDTH="25" VPOS="732" HPOS="167"/>
<String CONTENT="p." HEIGHT="37" WIDTH="43" VPOS="742" HPOS="193"/>
<SP/>
<String CS="1" CONTENT="l.," HEIGHT="15" WIDTH="7" VPOS="764" HPOS="302"/>
<SP HEIGHT="29" WIDTH="34" VPOS="752" HPOS="310"/>
<String STYLE="subscript" CONTENT="[" HEIGHT="29" WIDTH="9" VPOS="752" HPOS="345"/>
<String CONTENT="2]-150," HEIGHT="49" WIDTH="174" VPOS="732" HPOS="359"/>
<SP HEIGHT="29" WIDTH="30" VPOS="752" HPOS="534"/>
<String CS="1" CONTENT="[5]" HEIGHT="49" WIDTH="39" VPOS="732" HPOS="578"/>
<SP HEIGHT="38" WIDTH="31" VPOS="743" HPOS="618"/>
<String CONTENT="p." HEIGHT="37" WIDTH="44" VPOS="743" HPOS="650"/>
<SP HEIGHT="40" WIDTH="59" VPOS="732" HPOS="695"/>
<String CONTENT="illus." HEIGHT="40" WIDTH="126" VPOS="732" HPOS="755"/>
<SP HEIGHT="40" WIDTH="57" VPOS="732" HPOS="882"/>
<String CONTENT="21" HEIGHT="39" WIDTH="54" VPOS="732" HPOS="940"/>
<String STYLE="superscript" CONTENT="cm" HEIGHT="21" WIDTH="42" VPOS="734" HPOS="1000"/>
<String CONTENT="." HEIGHT="8" WIDTH="9" VPOS="764" HPOS="1048"/>
</TextLine>
<TextLine HEIGHT="53" WIDTH="1988" VPOS="784" HPOS="69" CS="1">
<String CONTENT="&#169;" HEIGHT="53" WIDTH="52" VPOS="784" HPOS="69"/>
<SP HEIGHT="53" WIDTH="34" VPOS="784" HPOS="122"/>
<String CONTENT="Mar." HEIGHT="39" WIDTH="120" VPOS="790" HPOS="157"/>
<SP HEIGHT="39" WIDTH="34" VPOS="790" HPOS="278"/>
<String CONTENT="12," HEIGHT="46" WIDTH="69" VPOS="789" HPOS="313"/>
<SP HEIGHT="45" WIDTH="33" VPOS="790" HPOS="383"/>
<String CONTENT="1936;" HEIGHT="47" WIDTH="138" VPOS="788" HPOS="417"/>
<SP/>
<String CS="1" CONTENT="1c."/>
<SP HEIGHT="38" WIDTH="35" VPOS="790" HPOS="662"/>
<String CONTENT="Mar." HEIGHT="39" WIDTH="120" VPOS="790" HPOS="698"/>
<SP HEIGHT="40" WIDTH="34" VPOS="789" HPOS="819"/>
<String CONTENT="21;" HEIGHT="46" WIDTH="81" VPOS="789" HPOS="854"/>
<SP/>
<String CS="1" CONTENT="1c."/>
<SP HEIGHT="40" WIDTH="34" VPOS="788" HPOS="1040"/>
<String CONTENT="Apr." HEIGHT="47" WIDTH="113" VPOS="788" HPOS="1075"/>
<SP HEIGHT="40" WIDTH="36" VPOS="788" HPOS="1189"/>
<String CONTENT="16;" HEIGHT="47" WIDTH="80" VPOS="788" HPOS="1226"/>
<SP HEIGHT="37" WIDTH="36" VPOS="798" HPOS="1307"/>
<String CONTENT="aff." HEIGHT="41" WIDTH="82" VPOS="788" HPOS="1344"/>
<SP HEIGHT="41" WIDTH="37" VPOS="788" HPOS="1427"/>
<String CONTENT="June" HEIGHT="40" WIDTH="129" VPOS="788" HPOS="1465"/>
<SP HEIGHT="39" WIDTH="30" VPOS="788" HPOS="1595"/>
<String CONTENT="1;" HEIGHT="47" WIDTH="53" VPOS="788" HPOS="1626"/>
<SP HEIGHT="47" WIDTH="37" VPOS="788" HPOS="1680"/>
<!-- cceid A37EC5E1-6E3A-1014-83DD-942C093A1DD9 --><String CONTENT="A" HEIGHT="39" WIDTH="40" VPOS="788" HPOS="1718"/>
<SP HEIGHT="40" WIDTH="34" VPOS="787" HPOS="1759"/>
<String CONTENT="92975;" HEIGHT="47" WIDTH="170" VPOS="787" HPOS="1794"/>
<SP HEIGHT="45" WIDTH="39" VPOS="789" HPOS="1965"/>
<String CONTENT="E." HEIGHT="40" WIDTH="52" VPOS="789" HPOS="2005"/>
</TextLine>
<TextLine HEIGHT="49" WIDTH="511" VPOS="844" HPOS="137">
<String CONTENT="Abraham," HEIGHT="48" WIDTH="259" VPOS="845" HPOS="137"/>
<SP HEIGHT="48" WIDTH="28" VPOS="845" HPOS="397"/>
<String CONTENT="Chicago." HEIGHT="48" WIDTH="222" VPOS="844" HPOS="426"/>
</TextLine>
<TextLine HEIGHT="67" WIDTH="977" VPOS="946" HPOS="65" STYLEREFS="StyleId-93293A3E-A3F0-4230-BBB2-EEBB1514A670-">
<String CONTENT="Adams," HEIGHT="65" WIDTH="242" VPOS="947" HPOS="65"/>
<SP HEIGHT="63" WIDTH="24" VPOS="949" HPOS="308"/>
<String CONTENT="James" HEIGHT="53" WIDTH="200" VPOS="949" HPOS="333"/>
<SP HEIGHT="53" WIDTH="24" VPOS="949" HPOS="534"/>
<String CONTENT="Truslow," HEIGHT="67" WIDTH="281" VPOS="946" HPOS="559"/>
<SP HEIGHT="60" WIDTH="30" VPOS="953" HPOS="841"/>
<String CONTENT="1878-" HEIGHT="55" WIDTH="170" VPOS="949" HPOS="872"/>
</TextLine>
<TextLine HEIGHT="69" WIDTH="1916" VPOS="1024" HPOS="140" STYLEREFS="StyleId-1DC9759A-1B4D-4AA9-AA95-09F38B0668D9-">
<String CONTENT="[History" HEIGHT="66" WIDTH="260" VPOS="1026" HPOS="140"/>
<SP HEIGHT="47" WIDTH="39" VPOS="1045" HPOS="401"/>
<String CONTENT="of" HEIGHT="52" WIDTH="62" VPOS="1027" HPOS="441"/>
<SP HEIGHT="52" WIDTH="38" VPOS="1027" HPOS="504"/>
<String CONTENT="the" HEIGHT="51" WIDTH="94" VPOS="1027" HPOS="543"/>
<SP HEIGHT="53" WIDTH="39" VPOS="1027" HPOS="638"/>
<String CONTENT="United" HEIGHT="56" WIDTH="214" VPOS="1024" HPOS="678"/>
<SP HEIGHT="55" WIDTH="42" VPOS="1025" HPOS="893"/>
<String CONTENT="States," HEIGHT="68" WIDTH="204" VPOS="1025" HPOS="936"/>
<SP HEIGHT="67" WIDTH="36" VPOS="1026" HPOS="1141"/>
<String CONTENT="by" HEIGHT="67" WIDTH="74" VPOS="1026" HPOS="1178"/>
<SP HEIGHT="67" WIDTH="38" VPOS="1026" HPOS="1253"/>
<String CONTENT="James" HEIGHT="54" WIDTH="193" VPOS="1026" HPOS="1292"/>
<SP HEIGHT="50" WIDTH="36" VPOS="1028" HPOS="1486"/>
<String CONTENT="Truslow" HEIGHT="53" WIDTH="258" VPOS="1025" HPOS="1523"/>
<SP HEIGHT="52" WIDTH="38" VPOS="1025" HPOS="1782"/>
<String CONTENT="Adams," HEIGHT="53" WIDTH="235" VPOS="1025" HPOS="1821"/>
</TextLine>
<TextLine HEIGHT="68" WIDTH="1992" VPOS="1102" HPOS="65" STYLEREFS="StyleId-1DC9759A-1B4D-4AA9-AA95-09F38B0668D9-">
<String CONTENT="volume" HEIGHT="53" WIDTH="221" VPOS="1103" HPOS="65"/>
<SP HEIGHT="48" WIDTH="59" VPOS="1107" HPOS="287"/>
<String CONTENT="5." HEIGHT="49" WIDTH="45" VPOS="1107" HPOS="347"/>
<SP HEIGHT="54" WIDTH="65" VPOS="1103" HPOS="393"/>
<String CONTENT="Cumulative" HEIGHT="55" WIDTH="361" VPOS="1102" HPOS="459"/>
<SP HEIGHT="66" WIDTH="53" VPOS="1104" HPOS="821"/>
<String CONTENT="(loose-leaf)" HEIGHT="67" WIDTH="348" VPOS="1103" HPOS="875"/>
<SP HEIGHT="67" WIDTH="53" VPOS="1103" HPOS="1224"/>
<String CONTENT="history" HEIGHT="67" WIDTH="220" VPOS="1103" HPOS="1278"/>
<SP HEIGHT="48" WIDTH="61" VPOS="1122" HPOS="1499"/>
<String CONTENT="of" HEIGHT="52" WIDTH="62" VPOS="1103" HPOS="1561"/>
<SP HEIGHT="52" WIDTH="58" VPOS="1103" HPOS="1624"/>
<String CONTENT="the" HEIGHT="51" WIDTH="96" VPOS="1104" HPOS="1683"/>
<SP HEIGHT="53" WIDTH="60" VPOS="1105" HPOS="1780"/>
<String CONTENT="United" HEIGHT="55" WIDTH="216" VPOS="1103" HPOS="1841"/>
</TextLine>
<TextLine HEIGHT="67" WIDTH="1986" VPOS="1181" HPOS="69" STYLEREFS="StyleId-1DC9759A-1B4D-4AA9-AA95-09F38B0668D9-" CS="1">
<String CONTENT="States]" HEIGHT="66" WIDTH="203" VPOS="1181" HPOS="69"/>
<SP HEIGHT="48" WIDTH="90" VPOS="1199" HPOS="273"/>
<String CONTENT="chapter" HEIGHT="66" WIDTH="233" VPOS="1182" HPOS="364"/>
<SP HEIGHT="47" WIDTH="49" VPOS="1185" HPOS="598"/>
<String CONTENT="3." HEIGHT="49" WIDTH="46" VPOS="1185" HPOS="648"/>
<SP HEIGHT="51" WIDTH="87" VPOS="1183" HPOS="695"/>
<String CONTENT="The" HEIGHT="51" WIDTH="120" VPOS="1182" HPOS="783"/>
<SP HEIGHT="34" WIDTH="51" VPOS="1199" HPOS="904"/>
<String CONTENT="record" HEIGHT="52" WIDTH="196" VPOS="1182" HPOS="956"/>
<SP HEIGHT="52" WIDTH="49" VPOS="1182" HPOS="1153"/>
<String CONTENT="of" HEIGHT="53" WIDTH="63" VPOS="1181" HPOS="1203"/>
<SP HEIGHT="52" WIDTH="52" VPOS="1181" HPOS="1267"/>
<String CONTENT="1935." HEIGHT="49" WIDTH="148" VPOS="1184" HPOS="1320"/>
<SP HEIGHT="34" WIDTH="80" VPOS="1214" HPOS="1469"/>
<String CS="1" CONTENT="[New" HEIGHT="52" WIDTH="138" VPOS="1182" HPOS="1567"/>
<SP HEIGHT="51" WIDTH="52" VPOS="1182" HPOS="1706"/>
<String CONTENT="York," HEIGHT="67" WIDTH="179" VPOS="1181" HPOS="1759"/>
<SP HEIGHT="67" WIDTH="54" VPOS="1181" HPOS="1939"/>
<String CONTENT="C." HEIGHT="54" WIDTH="61" VPOS="1181" HPOS="1994"/>
</TextLine>
<TextLine HEIGHT="67" WIDTH="684" VPOS="1258" HPOS="66" STYLEREFS="StyleId-1DC9759A-1B4D-4AA9-AA95-09F38B0668D9-">
<String CONTENT="Scribner&#8217;s" HEIGHT="56" WIDTH="308" VPOS="1258" HPOS="66"/>
<SP HEIGHT="33" WIDTH="27" VPOS="1277" HPOS="375"/>
<String CONTENT="sons," HEIGHT="39" WIDTH="144" VPOS="1277" HPOS="403"/>
<SP HEIGHT="51" WIDTH="27" VPOS="1265" HPOS="548"/>
<String STYLE="superscript" CONTENT="c" HEIGHT="20" WIDTH="17" VPOS="1265" HPOS="576"/>
<String CONTENT="1936]" HEIGHT="63" WIDTH="149" VPOS="1262" HPOS="601"/>
</TextLine>
<TextLine HEIGHT="48" WIDTH="975" VPOS="1330" HPOS="134" CS="1">
<String CONTENT="33-64" HEIGHT="40" WIDTH="144" VPOS="1330" HPOS="134"/>
<SP HEIGHT="46" WIDTH="26" VPOS="1331" HPOS="279"/>
<String CONTENT="p." HEIGHT="36" WIDTH="42" VPOS="1341" HPOS="306"/>
<SP HEIGHT="38" WIDTH="58" VPOS="1330" HPOS="349"/>
<String CONTENT="illus.," HEIGHT="47" WIDTH="142" VPOS="1330" HPOS="408"/>
<SP HEIGHT="36" WIDTH="27" VPOS="1341" HPOS="551"/>
<String CONTENT="plates," HEIGHT="47" WIDTH="172" VPOS="1331" HPOS="579"/>
<SP HEIGHT="37" WIDTH="30" VPOS="1341" HPOS="752"/>
<String CONTENT="port." HEIGHT="46" WIDTH="124" VPOS="1332" HPOS="783"/>
<SP HEIGHT="41" WIDTH="54" VPOS="1330" HPOS="908"/>
<String CS="1" CONTENT="23&#189;c" HEIGHT="41" WIDTH="54" VPOS="1330" HPOS="963"/>
<String STYLE="superscript" CONTENT="m" HEIGHT="20" WIDTH="27" VPOS="1333" HPOS="1068"/>
<String CONTENT="." HEIGHT="9" WIDTH="8" VPOS="1363" HPOS="1101"/>
</TextLine>
<TextLine HEIGHT="48" WIDTH="921" VPOS="1386" HPOS="133">
<String CONTENT="Plates" HEIGHT="39" WIDTH="162" VPOS="1387" HPOS="133"/>
<SP HEIGHT="28" WIDTH="32" VPOS="1397" HPOS="296"/>
<String CONTENT="are" HEIGHT="29" WIDTH="82" VPOS="1397" HPOS="329"/>
<SP HEIGHT="37" WIDTH="30" VPOS="1397" HPOS="412"/>
<String CONTENT="printed" HEIGHT="48" WIDTH="192" VPOS="1386" HPOS="443"/>
<SP HEIGHT="38" WIDTH="33" VPOS="1388" HPOS="636"/>
<String CONTENT="on" HEIGHT="29" WIDTH="58" VPOS="1397" HPOS="670"/>
<SP HEIGHT="39" WIDTH="32" VPOS="1387" HPOS="729"/>
<String CONTENT="both" HEIGHT="39" WIDTH="116" VPOS="1387" HPOS="762"/>
<SP HEIGHT="39" WIDTH="31" VPOS="1387" HPOS="879"/>
<String CONTENT="sides." HEIGHT="41" WIDTH="143" VPOS="1386" HPOS="911"/>
</TextLine>
<TextLine HEIGHT="53" WIDTH="1991" VPOS="1438" HPOS="64">
<String CONTENT="&#169;" HEIGHT="53" WIDTH="52" VPOS="1438" HPOS="64"/>
<SP HEIGHT="53" WIDTH="26" VPOS="1438" HPOS="117"/>
<String CONTENT="Aug." HEIGHT="46" WIDTH="118" VPOS="1443" HPOS="144"/>
<SP HEIGHT="39" WIDTH="29" VPOS="1444" HPOS="263"/>
<String CONTENT="1," HEIGHT="47" WIDTH="38" VPOS="1444" HPOS="293"/>
<SP HEIGHT="46" WIDTH="28" VPOS="1445" HPOS="332"/>
<String CONTENT="1936" HEIGHT="41" WIDTH="112" VPOS="1442" HPOS="361"/>
<SP HEIGHT="47" WIDTH="16" VPOS="1443" HPOS="474"/>
<String CONTENT=";" HEIGHT="36" WIDTH="9" VPOS="1454" HPOS="491"/>
<SP HEIGHT="47" WIDTH="29" VPOS="1443" HPOS="501"/>
<String CONTENT="2c." HEIGHT="41" WIDTH="66" VPOS="1443" HPOS="531"/>
<SP HEIGHT="31" WIDTH="28" VPOS="1453" HPOS="598"/>
<String CONTENT="and" HEIGHT="39" WIDTH="96" VPOS="1443" HPOS="627"/>
<SP HEIGHT="39" WIDTH="28" VPOS="1443" HPOS="724"/>
<String CONTENT="aff." HEIGHT="40" WIDTH="81" VPOS="1443" HPOS="753"/>
<SP HEIGHT="40" WIDTH="24" VPOS="1443" HPOS="835"/>
<String CONTENT="Aug." HEIGHT="47" WIDTH="121" VPOS="1443" HPOS="860"/>
<SP HEIGHT="40" WIDTH="27" VPOS="1443" HPOS="982"/>
<String CONTENT="21" HEIGHT="39" WIDTH="55" VPOS="1443" HPOS="1010"/>
<SP HEIGHT="46" WIDTH="16" VPOS="1443" HPOS="1066"/>
<String CONTENT=";" HEIGHT="35" WIDTH="9" VPOS="1454" HPOS="1083"/>
<SP HEIGHT="46" WIDTH="31" VPOS="1443" HPOS="1093"/>
<!-- cceid A37F222B-6E3A-1014-83DD-942C093A1DD9 --><String CONTENT="A" HEIGHT="39" WIDTH="40" VPOS="1443" HPOS="1125"/>
<SP HEIGHT="40" WIDTH="26" VPOS="1442" HPOS="1166"/>
<String CONTENT="98053" HEIGHT="41" WIDTH="143" VPOS="1442" HPOS="1193"/>
<SP HEIGHT="47" WIDTH="17" VPOS="1443" HPOS="1337"/>
<String CONTENT=";" HEIGHT="37" WIDTH="8" VPOS="1453" HPOS="1355"/>
<SP HEIGHT="47" WIDTH="31" VPOS="1443" HPOS="1364"/>
<String CONTENT="Charles" HEIGHT="41" WIDTH="203" VPOS="1443" HPOS="1396"/>
<SP HEIGHT="40" WIDTH="31" VPOS="1444" HPOS="1600"/>
<String CONTENT="Scribner&#8217;s" HEIGHT="43" WIDTH="265" VPOS="1441" HPOS="1632"/>
<SP HEIGHT="29" WIDTH="29" VPOS="1453" HPOS="1898"/>
<String CONTENT="sons." HEIGHT="31" WIDTH="127" VPOS="1453" HPOS="1928"/>
</TextLine>
<TextLine HEIGHT="69" WIDTH="1003" VPOS="1559" HPOS="63" STYLEREFS="StyleId-93293A3E-A3F0-4230-BBB2-EEBB1514A670-">
<String CONTENT="Allen," HEIGHT="66" WIDTH="186" VPOS="1559" HPOS="63"/>
<SP HEIGHT="64" WIDTH="26" VPOS="1561" HPOS="250"/>
<String CONTENT="Arthur" HEIGHT="54" WIDTH="231" VPOS="1561" HPOS="277"/>
<SP HEIGHT="53" WIDTH="24" VPOS="1561" HPOS="509"/>
<String CONTENT="Augustus," HEIGHT="67" WIDTH="330" VPOS="1561" HPOS="534"/>
<SP HEIGHT="61" WIDTH="30" VPOS="1567" HPOS="865"/>
<String CONTENT="1885-" HEIGHT="51" WIDTH="170" VPOS="1566" HPOS="896"/>
</TextLine>
<TextLine HEIGHT="69" WIDTH="1922" VPOS="1637" HPOS="135" STYLEREFS="StyleId-1DC9759A-1B4D-4AA9-AA95-09F38B0668D9-">
<String CONTENT="Ornithology" HEIGHT="69" WIDTH="384" VPOS="1637" HPOS="135"/>
<SP HEIGHT="66" WIDTH="23" VPOS="1639" HPOS="520"/>
<String CONTENT="laboratory" HEIGHT="68" WIDTH="326" VPOS="1638" HPOS="544"/>
<SP HEIGHT="49" WIDTH="26" VPOS="1657" HPOS="871"/>
<String CONTENT="notebook," HEIGHT="64" WIDTH="294" VPOS="1638" HPOS="898"/>
<SP HEIGHT="64" WIDTH="27" VPOS="1638" HPOS="1193"/>
<String CONTENT="for" HEIGHT="53" WIDTH="93" VPOS="1638" HPOS="1221"/>
<SP HEIGHT="33" WIDTH="27" VPOS="1658" HPOS="1315"/>
<String CONTENT="recording" HEIGHT="68" WIDTH="298" VPOS="1638" HPOS="1343"/>
<SP HEIGHT="50" WIDTH="28" VPOS="1656" HPOS="1642"/>
<String CONTENT="observations" HEIGHT="53" WIDTH="386" VPOS="1638" HPOS="1671"/>
</TextLine>
<TextLine HEIGHT="67" WIDTH="1990" VPOS="1716" HPOS="66" STYLEREFS="StyleId-1DC9759A-1B4D-4AA9-AA95-09F38B0668D9-">
<String CONTENT="made" HEIGHT="51" WIDTH="162" VPOS="1718" HPOS="66"/>
<SP HEIGHT="52" WIDTH="33" VPOS="1717" HPOS="229"/>
<String CONTENT="in" HEIGHT="51" WIDTH="57" VPOS="1717" HPOS="263"/>
<SP HEIGHT="47" WIDTH="35" VPOS="1722" HPOS="321"/>
<String CONTENT="the" HEIGHT="52" WIDTH="96" VPOS="1717" HPOS="357"/>
<SP HEIGHT="53" WIDTH="33" VPOS="1716" HPOS="454"/>
<String CONTENT="field" HEIGHT="54" WIDTH="130" VPOS="1716" HPOS="488"/>
<SP HEIGHT="53" WIDTH="38" VPOS="1717" HPOS="619"/>
<String CONTENT="and" HEIGHT="51" WIDTH="112" VPOS="1718" HPOS="658"/>
<SP HEIGHT="52" WIDTH="35" VPOS="1718" HPOS="771"/>
<String CONTENT="studies" HEIGHT="53" WIDTH="214" VPOS="1717" HPOS="807"/>
<SP HEIGHT="35" WIDTH="31" VPOS="1735" HPOS="1022"/>
<String CONTENT="made" HEIGHT="52" WIDTH="167" VPOS="1717" HPOS="1054"/>
<SP HEIGHT="51" WIDTH="32" VPOS="1718" HPOS="1222"/>
<String CONTENT="in" HEIGHT="50" WIDTH="59" VPOS="1718" HPOS="1255"/>
<SP HEIGHT="47" WIDTH="35" VPOS="1722" HPOS="1315"/>
<String CONTENT="the" HEIGHT="53" WIDTH="94" VPOS="1717" HPOS="1351"/>
<SP HEIGHT="52" WIDTH="37" VPOS="1718" HPOS="1446"/>
<String CONTENT="laboratory" HEIGHT="67" WIDTH="327" VPOS="1716" HPOS="1484"/>
<SP HEIGHT="48" WIDTH="37" VPOS="1735" HPOS="1812"/>
<String CONTENT="on" HEIGHT="34" WIDTH="71" VPOS="1735" HPOS="1850"/>
<SP HEIGHT="47" WIDTH="38" VPOS="1722" HPOS="1922"/>
<String CONTENT="the" HEIGHT="52" WIDTH="95" VPOS="1717" HPOS="1961"/>
</TextLine>
<TextLine HEIGHT="69" WIDTH="1990" VPOS="1792" HPOS="66" STYLEREFS="StyleId-1DC9759A-1B4D-4AA9-AA95-09F38B0668D9-" CS="1">
<String CONTENT="birds" HEIGHT="55" WIDTH="155" VPOS="1792" HPOS="66"/>
<SP HEIGHT="34" WIDTH="25" VPOS="1813" HPOS="222"/>
<String CONTENT="of" HEIGHT="53" WIDTH="64" VPOS="1794" HPOS="248"/>
<SP HEIGHT="53" WIDTH="23" VPOS="1794" HPOS="313"/>
<String CONTENT="North" HEIGHT="53" WIDTH="186" VPOS="1794" HPOS="337"/>
<SP HEIGHT="52" WIDTH="25" VPOS="1794" HPOS="524"/>
<String CONTENT="America," HEIGHT="69" WIDTH="283" VPOS="1792" HPOS="550"/>
<SP HEIGHT="67" WIDTH="23" VPOS="1794" HPOS="834"/>
<String CONTENT="by" HEIGHT="67" WIDTH="75" VPOS="1794" HPOS="858"/>
<SP HEIGHT="67" WIDTH="22" VPOS="1794" HPOS="934"/>
<String CONTENT="Arthur" HEIGHT="53" WIDTH="225" VPOS="1794" HPOS="957"/>
<SP HEIGHT="52" WIDTH="22" VPOS="1794" HPOS="1183"/>
<String CONTENT="A." HEIGHT="52" WIDTH="71" VPOS="1794" HPOS="1206"/>
<SP HEIGHT="52" WIDTH="25" VPOS="1794" HPOS="1278"/>
<String CONTENT="Allen" HEIGHT="53" WIDTH="170" VPOS="1794" HPOS="1304"/>
<SP HEIGHT="34" WIDTH="34" VPOS="1813" HPOS="1475"/>
<String CS="1" CONTENT="&#8230;"/>
<SP HEIGHT="33" WIDTH="31" VPOS="1813" HPOS="1567"/>
<String CONTENT="with" HEIGHT="52" WIDTH="138" VPOS="1794" HPOS="1599"/>
<SP HEIGHT="52" WIDTH="29" VPOS="1795" HPOS="1738"/>
<String CONTENT="drawings" HEIGHT="66" WIDTH="288" VPOS="1795" HPOS="1768"/>
</TextLine>
<TextLine HEIGHT="68" WIDTH="1993" VPOS="1871" HPOS="63" STYLEREFS="StyleId-1DC9759A-1B4D-4AA9-AA95-09F38B0668D9-" CS="1">
<String CONTENT="by" HEIGHT="68" WIDTH="76" VPOS="1871" HPOS="63"/>
<SP HEIGHT="66" WIDTH="19" VPOS="1873" HPOS="140"/>
<String CONTENT="L." HEIGHT="51" WIDTH="62" VPOS="1873" HPOS="160"/>
<SP HEIGHT="52" WIDTH="21" VPOS="1872" HPOS="223"/>
<String CONTENT="A." HEIGHT="52" WIDTH="70" VPOS="1872" HPOS="245"/>
<SP HEIGHT="51" WIDTH="25" VPOS="1873" HPOS="316"/>
<String CONTENT="Fuertes," HEIGHT="66" WIDTH="251" VPOS="1873" HPOS="342"/>
<SP HEIGHT="49" WIDTH="19" VPOS="1890" HPOS="594"/>
<String CONTENT="B." HEIGHT="34" WIDTH="49" VPOS="1890" HPOS="614"/>
<SP HEIGHT="35" WIDTH="25" VPOS="1890" HPOS="664"/>
<String CONTENT="S." HEIGHT="35" WIDTH="40" VPOS="1890" HPOS="690"/>
<SP HEIGHT="34" WIDTH="26" VPOS="1891" HPOS="731"/>
<String CONTENT="and" HEIGHT="52" WIDTH="111" VPOS="1873" HPOS="758"/>
<SP HEIGHT="53" WIDTH="23" VPOS="1872" HPOS="870"/>
<String CONTENT="M." HEIGHT="52" WIDTH="78" VPOS="1872" HPOS="894"/>
<SP HEIGHT="51" WIDTH="25" VPOS="1873" HPOS="973"/>
<String CONTENT="D." HEIGHT="51" WIDTH="71" VPOS="1873" HPOS="999"/>
<SP HEIGHT="51" WIDTH="24" VPOS="1873" HPOS="1071"/>
<String CONTENT="Pirnie," HEIGHT="66" WIDTH="214" VPOS="1872" HPOS="1096"/>
<SP HEIGHT="47" WIDTH="22" VPOS="1891" HPOS="1311"/>
<String CS="1" CONTENT="PH." HEIGHT="9" WIDTH="9" VPOS="1915" HPOS="1422"/>
<SP HEIGHT="33" WIDTH="25" VPOS="1891" HPOS="1432"/>
<String CS="1" CONTENT="D." HEIGHT="9" WIDTH="9" VPOS="1914" HPOS="1496"/>
<SP HEIGHT="47" WIDTH="75" VPOS="1876" HPOS="1506"/>
<String CONTENT="3d" HEIGHT="51" WIDTH="70" VPOS="1873" HPOS="1582"/>
<SP HEIGHT="53" WIDTH="24" VPOS="1873" HPOS="1653"/>
<String CONTENT="ed." HEIGHT="53" WIDTH="83" VPOS="1873" HPOS="1678"/>
<SP HEIGHT="50" WIDTH="74" VPOS="1873" HPOS="1762"/>
<String CONTENT="Ithaca," HEIGHT="66" WIDTH="219" VPOS="1873" HPOS="1837"/>
</TextLine>
<TextLine HEIGHT="68" WIDTH="1524" VPOS="1949" HPOS="65" STYLEREFS="StyleId-1DC9759A-1B4D-4AA9-AA95-09F38B0668D9-">
<String LANG="fi" CONTENT="N." HEIGHT="52" WIDTH="68" VPOS="1950" HPOS="65"/>
<SP HEIGHT="52" WIDTH="27" VPOS="1950" HPOS="134"/>
<String CONTENT="Y.," HEIGHT="67" WIDTH="89" VPOS="1950" HPOS="162"/>
<SP HEIGHT="68" WIDTH="26" VPOS="1949" HPOS="252"/>
<String CONTENT="Comstock" HEIGHT="55" WIDTH="299" VPOS="1949" HPOS="279"/>
<SP HEIGHT="67" WIDTH="23" VPOS="1950" HPOS="579"/>
<String CONTENT="publishing" HEIGHT="67" WIDTH="336" VPOS="1950" HPOS="603"/>
<SP HEIGHT="49" WIDTH="21" VPOS="1968" HPOS="940"/>
<String CONTENT="company," HEIGHT="49" WIDTH="296" VPOS="1968" HPOS="962"/>
<SP HEIGHT="67" WIDTH="24" VPOS="1950" HPOS="1259"/>
<String CONTENT="inc.," HEIGHT="67" WIDTH="125" VPOS="1950" HPOS="1284"/>
<SP HEIGHT="64" WIDTH="28" VPOS="1953" HPOS="1410"/>
<String CONTENT="1936." HEIGHT="49" WIDTH="150" VPOS="1953" HPOS="1439"/>
</TextLine>
<TextLine HEIGHT="50" WIDTH="783" VPOS="2022" HPOS="161" CS="1">
<String CS="1" CONTENT="v"/>
<SP HEIGHT="37" WIDTH="25" VPOS="2034" HPOS="161"/>
<String LANG="fr" CONTENT="p.," HEIGHT="37" WIDTH="57" VPOS="2034" HPOS="187"/>
<SP HEIGHT="46" WIDTH="26" VPOS="2024" HPOS="245"/>
<String CONTENT="1" HEIGHT="38" WIDTH="24" VPOS="2024" HPOS="272"/>
<SP HEIGHT="39" WIDTH="29" VPOS="2023" HPOS="297"/>
<String CONTENT="I.," HEIGHT="47" WIDTH="43" VPOS="2023" HPOS="327"/>
<SP HEIGHT="47" WIDTH="26" VPOS="2023" HPOS="371"/>
<String CONTENT="200" HEIGHT="41" WIDTH="84" VPOS="2022" HPOS="398"/>
<SP HEIGHT="48" WIDTH="26" VPOS="2022" HPOS="483"/>
<String CONTENT="p." HEIGHT="37" WIDTH="42" VPOS="2033" HPOS="510"/>
<SP HEIGHT="40" WIDTH="59" VPOS="2023" HPOS="553"/>
<String CONTENT="illus." HEIGHT="41" WIDTH="128" VPOS="2023" HPOS="613"/>
<SP HEIGHT="41" WIDTH="56" VPOS="2023" HPOS="742"/>
<String CONTENT="27p" HEIGHT="49" WIDTH="104" VPOS="2023" HPOS="799"/>
<String STYLE="superscript" CONTENT="m" HEIGHT="20" WIDTH="27" VPOS="2026" HPOS="904"/>
<String CONTENT="." HEIGHT="8" WIDTH="8" VPOS="2053" HPOS="936"/>
</TextLine>
<TextLine HEIGHT="50" WIDTH="567" VPOS="2078" HPOS="130">
<String CONTENT="Map" HEIGHT="48" WIDTH="115" VPOS="2080" HPOS="130"/>
<SP HEIGHT="38" WIDTH="25" VPOS="2090" HPOS="246"/>
<String CONTENT="on" HEIGHT="31" WIDTH="58" VPOS="2089" HPOS="272"/>
<SP HEIGHT="39" WIDTH="32" VPOS="2079" HPOS="331"/>
<String CONTENT="lining-paper." HEIGHT="50" WIDTH="333" VPOS="2078" HPOS="364"/>
</TextLine>
<TextLine HEIGHT="53" WIDTH="1990" VPOS="2130" HPOS="65">
<String CONTENT="&#169;" HEIGHT="53" WIDTH="51" VPOS="2130" HPOS="65"/>
<SP HEIGHT="53" WIDTH="26" VPOS="2130" HPOS="117"/>
<String CONTENT="Aug." HEIGHT="47" WIDTH="119" VPOS="2136" HPOS="144"/>
<SP HEIGHT="41" WIDTH="27" VPOS="2135" HPOS="264"/>
<String CONTENT="20," HEIGHT="48" WIDTH="68" VPOS="2135" HPOS="292"/>
<SP HEIGHT="46" WIDTH="28" VPOS="2137" HPOS="361"/>
<String CONTENT="1936" HEIGHT="42" WIDTH="112" VPOS="2134" HPOS="390"/>
<SP HEIGHT="47" WIDTH="17" VPOS="2136" HPOS="503"/>
<String CONTENT=";" HEIGHT="36" WIDTH="9" VPOS="2147" HPOS="521"/>
<SP HEIGHT="47" WIDTH="29" VPOS="2136" HPOS="531"/>
<String CONTENT="2c." HEIGHT="38" WIDTH="66" VPOS="2136" HPOS="561"/>
<SP HEIGHT="29" WIDTH="30" VPOS="2145" HPOS="628"/>
<String CONTENT="and" HEIGHT="39" WIDTH="94" VPOS="2135" HPOS="659"/>
<SP HEIGHT="39" WIDTH="28" VPOS="2135" HPOS="754"/>
<String CONTENT="aff." HEIGHT="43" WIDTH="81" VPOS="2132" HPOS="783"/>
<SP HEIGHT="39" WIDTH="28" VPOS="2136" HPOS="865"/>
<String CONTENT="Aug." HEIGHT="46" WIDTH="118" VPOS="2136" HPOS="894"/>
<SP HEIGHT="39" WIDTH="29" VPOS="2136" HPOS="1013"/>
<String CONTENT="24" HEIGHT="38" WIDTH="55" VPOS="2136" HPOS="1043"/>
<SP HEIGHT="45" WIDTH="16" VPOS="2137" HPOS="1099"/>
<String CONTENT=";" HEIGHT="36" WIDTH="9" VPOS="2146" HPOS="1116"/>
<SP HEIGHT="47" WIDTH="29" VPOS="2135" HPOS="1126"/>
<!-- cceid A37F78BB-6E3A-1014-83DD-942C093A1DD9 --><String CONTENT="A" HEIGHT="39" WIDTH="40" VPOS="2135" HPOS="1156"/>
<SP HEIGHT="40" WIDTH="26" VPOS="2134" HPOS="1197"/>
<String CONTENT="98089" HEIGHT="41" WIDTH="143" VPOS="2134" HPOS="1224"/>
<SP HEIGHT="47" WIDTH="17" VPOS="2134" HPOS="1368"/>
<String CONTENT=";" HEIGHT="36" WIDTH="8" VPOS="2145" HPOS="1386"/>
<SP HEIGHT="46" WIDTH="33" VPOS="2135" HPOS="1395"/>
<String CONTENT="Comstock" HEIGHT="41" WIDTH="256" VPOS="2134" HPOS="1429"/>
<SP HEIGHT="48" WIDTH="25" VPOS="2134" HPOS="1686"/>
<String CONTENT="pub." HEIGHT="48" WIDTH="110" VPOS="2134" HPOS="1712"/>
<SP HEIGHT="30" WIDTH="26" VPOS="2144" HPOS="1823"/>
<String CONTENT="co.," HEIGHT="35" WIDTH="82" VPOS="2144" HPOS="1850"/>
<SP HEIGHT="45" WIDTH="29" VPOS="2134" HPOS="1933"/>
<String CONTENT="inc." HEIGHT="42" WIDTH="92" VPOS="2134" HPOS="1963"/>
</TextLine>
<TextLine HEIGHT="48" WIDTH="278" VPOS="2191" HPOS="145">
<String CONTENT="(36-19012)" HEIGHT="48" WIDTH="278" VPOS="2191" HPOS="145"/>
</TextLine>
<TextLine HEIGHT="56" WIDTH="1017" VPOS="2281" HPOS="61" STYLEREFS="StyleId-93293A3E-A3F0-4230-BBB2-EEBB1514A670-">
<String CONTENT="American" HEIGHT="54" WIDTH="313" VPOS="2281" HPOS="61"/>
<SP HEIGHT="36" WIDTH="25" VPOS="2299" HPOS="375"/>
<String CONTENT="council" HEIGHT="53" WIDTH="220" VPOS="2282" HPOS="401"/>
<SP HEIGHT="52" WIDTH="26" VPOS="2282" HPOS="622"/>
<String CONTENT="on" HEIGHT="36" WIDTH="72" VPOS="2298" HPOS="649"/>
<SP HEIGHT="36" WIDTH="27" VPOS="2298" HPOS="722"/>
<String CONTENT="education." HEIGHT="55" WIDTH="328" VPOS="2282" HPOS="750"/>
</TextLine>
<TextLine HEIGHT="70" WIDTH="1923" VPOS="2356" HPOS="134" STYLEREFS="StyleId-1DC9759A-1B4D-4AA9-AA95-09F38B0668D9-">
<String CONTENT="American" HEIGHT="52" WIDTH="303" VPOS="2358" HPOS="134"/>
<SP HEIGHT="33" WIDTH="60" VPOS="2377" HPOS="438"/>
<String CONTENT="universities" HEIGHT="53" WIDTH="358" VPOS="2358" HPOS="499"/>
<SP HEIGHT="34" WIDTH="60" VPOS="2377" HPOS="858"/>
<String CONTENT="and" HEIGHT="52" WIDTH="110" VPOS="2359" HPOS="919"/>
<SP HEIGHT="52" WIDTH="57" VPOS="2359" HPOS="1030"/>
<String CONTENT="colleges," HEIGHT="69" WIDTH="256" VPOS="2357" HPOS="1088"/>
<SP HEIGHT="46" WIDTH="57" VPOS="2376" HPOS="1345"/>
<String CONTENT="edited" HEIGHT="54" WIDTH="189" VPOS="2356" HPOS="1403"/>
<SP HEIGHT="53" WIDTH="56" VPOS="2357" HPOS="1593"/>
<String CONTENT="by" HEIGHT="68" WIDTH="75" VPOS="2357" HPOS="1650"/>
<SP HEIGHT="69" WIDTH="61" VPOS="2356" HPOS="1726"/>
<String CONTENT="Clarence" HEIGHT="55" WIDTH="269" VPOS="2356" HPOS="1788"/>
</TextLine>
<TextLine HEIGHT="69" WIDTH="1985" VPOS="2434" HPOS="67" STYLEREFS="StyleId-1DC9759A-1B4D-4AA9-AA95-09F38B0668D9-">
<String CONTENT="Stephen" HEIGHT="69" WIDTH="249" VPOS="2434" HPOS="67"/>
<SP HEIGHT="53" WIDTH="25" VPOS="2435" HPOS="317"/>
<String CONTENT="Marsh" HEIGHT="53" WIDTH="196" VPOS="2435" HPOS="343"/>
<SP HEIGHT="53" WIDTH="28" VPOS="2435" HPOS="540"/>
<String CONTENT="for" HEIGHT="54" WIDTH="93" VPOS="2435" HPOS="569"/>
<SP HEIGHT="47" WIDTH="22" VPOS="2441" HPOS="663"/>
<String CONTENT="the" HEIGHT="53" WIDTH="96" VPOS="2436" HPOS="686"/>
<SP HEIGHT="54" WIDTH="24" VPOS="2435" HPOS="783"/>
<String CONTENT="American" HEIGHT="53" WIDTH="305" VPOS="2435" HPOS="808"/>
<SP HEIGHT="33" WIDTH="28" VPOS="2455" HPOS="1114"/>
<String CONTENT="council" HEIGHT="53" WIDTH="216" VPOS="2435" HPOS="1143"/>
<SP HEIGHT="51" WIDTH="25" VPOS="2436" HPOS="1360"/>
<String CONTENT="on" HEIGHT="34" WIDTH="69" VPOS="2453" HPOS="1386"/>
<SP HEIGHT="35" WIDTH="29" VPOS="2453" HPOS="1456"/>
<String CONTENT="education." HEIGHT="53" WIDTH="315" VPOS="2436" HPOS="1486"/>
<SP HEIGHT="50" WIDTH="67" VPOS="2439" HPOS="1802"/>
<String CONTENT="3d" HEIGHT="52" WIDTH="70" VPOS="2436" HPOS="1870"/>
<SP HEIGHT="52" WIDTH="28" VPOS="2436" HPOS="1941"/>
<String CONTENT="ed." HEIGHT="53" WIDTH="82" VPOS="2436" HPOS="1970"/>
</TextLine>
<TextLine HEIGHT="69" WIDTH="1603" VPOS="2513" HPOS="62" STYLEREFS="StyleId-1DC9759A-1B4D-4AA9-AA95-09F38B0668D9-">
<String CONTENT="Washington," HEIGHT="67" WIDTH="397" VPOS="2513" HPOS="62"/>
<SP HEIGHT="67" WIDTH="26" VPOS="2513" HPOS="460"/>
<String CONTENT="American" HEIGHT="54" WIDTH="305" VPOS="2513" HPOS="487"/>
<SP HEIGHT="33" WIDTH="27" VPOS="2533" HPOS="793"/>
<String CONTENT="council" HEIGHT="52" WIDTH="218" VPOS="2514" HPOS="821"/>
<SP HEIGHT="52" WIDTH="26" VPOS="2514" HPOS="1040"/>
<String CONTENT="on" HEIGHT="35" WIDTH="70" VPOS="2532" HPOS="1067"/>
<SP HEIGHT="34" WIDTH="28" VPOS="2533" HPOS="1138"/>
<String CONTENT="education," HEIGHT="68" WIDTH="317" VPOS="2514" HPOS="1167"/>
<SP HEIGHT="65" WIDTH="28" VPOS="2517" HPOS="1485"/>
<String CONTENT="1936." HEIGHT="51" WIDTH="151" VPOS="2517" HPOS="1514"/>
</TextLine>
<TextLine HEIGHT="49" WIDTH="822" VPOS="2586" HPOS="134" STYLEREFS="StyleId-1DC9759A-1B4D-4AA9-AA95-09F38B0668D9-" CS="1">
<String CONTENT="xviii," HEIGHT="47" WIDTH="134" VPOS="2587" HPOS="134"/>
<SP HEIGHT="46" WIDTH="28" VPOS="2588" HPOS="269"/>
<String CONTENT="1129" HEIGHT="40" WIDTH="115" VPOS="2586" HPOS="298"/>
<SP HEIGHT="49" WIDTH="25" VPOS="2586" HPOS="414"/>
<String CONTENT="p." HEIGHT="37" WIDTH="42" VPOS="2598" HPOS="440"/>
<SP HEIGHT="40" WIDTH="54" VPOS="2587" HPOS="483"/>
<String CONTENT="fold." HEIGHT="40" WIDTH="118" VPOS="2587" HPOS="538"/>
<SP HEIGHT="38" WIDTH="28" VPOS="2589" HPOS="657"/>
<String CONTENT="tab." HEIGHT="41" WIDTH="96" VPOS="2588" HPOS="686"/>
<SP HEIGHT="40" WIDTH="57" VPOS="2589" HPOS="783"/>
<String CONTENT="23" HEIGHT="39" WIDTH="54" VPOS="2588" HPOS="841"/>
<String STYLE="superscript" CS="1" CONTENT="cm" HEIGHT="20" WIDTH="14" VPOS="2591" HPOS="900"/>
<String CONTENT="." HEIGHT="8" WIDTH="8" VPOS="2621" HPOS="948"/>
</TextLine>
<TextLine HEIGHT="47" WIDTH="1178" VPOS="2643" HPOS="136">
<String CONTENT="On" HEIGHT="40" WIDTH="70" VPOS="2643" HPOS="136"/>
<SP HEIGHT="29" WIDTH="25" VPOS="2654" HPOS="207"/>
<String CONTENT="cover" HEIGHT="30" WIDTH="139" VPOS="2653" HPOS="233"/>
<SP HEIGHT="29" WIDTH="16" VPOS="2655" HPOS="373"/>
<String CONTENT=":" HEIGHT="29" WIDTH="9" VPOS="2655" HPOS="390"/>
<SP HEIGHT="39" WIDTH="24" VPOS="2645" HPOS="400"/>
<String CONTENT="A" HEIGHT="37" WIDTH="39" VPOS="2645" HPOS="425"/>
<SP HEIGHT="39" WIDTH="23" VPOS="2643" HPOS="465"/>
<String CONTENT="handbook" HEIGHT="41" WIDTH="255" VPOS="2643" HPOS="489"/>
<SP HEIGHT="38" WIDTH="25" VPOS="2645" HPOS="745"/>
<String CONTENT="of" HEIGHT="38" WIDTH="51" VPOS="2645" HPOS="771"/>
<SP HEIGHT="38" WIDTH="24" VPOS="2645" HPOS="823"/>
<String CONTENT="higher" HEIGHT="46" WIDTH="170" VPOS="2644" HPOS="848"/>
<SP HEIGHT="29" WIDTH="24" VPOS="2655" HPOS="1019"/>
<String CONTENT="education." HEIGHT="41" WIDTH="270" VPOS="2643" HPOS="1044"/>
</TextLine>
<TextLine HEIGHT="49" WIDTH="1916" VPOS="2699" HPOS="136" CS="1">
<String CONTENT="&#8220;First" HEIGHT="40" WIDTH="163" VPOS="2699" HPOS="136"/>
<SP HEIGHT="37" WIDTH="27" VPOS="2702" HPOS="300"/>
<String CONTENT="edition" HEIGHT="41" WIDTH="181" VPOS="2699" HPOS="328"/>
<SP HEIGHT="37" WIDTH="32" VPOS="2710" HPOS="510"/>
<String CONTENT="prepared" HEIGHT="45" WIDTH="234" VPOS="2702" HPOS="543"/>
<SP HEIGHT="39" WIDTH="33" VPOS="2701" HPOS="778"/>
<String CONTENT="in" HEIGHT="38" WIDTH="47" VPOS="2701" HPOS="812"/>
<SP HEIGHT="38" WIDTH="30" VPOS="2701" HPOS="860"/>
<String CONTENT="1928" HEIGHT="39" WIDTH="114" VPOS="2701" HPOS="891"/>
<SP HEIGHT="38" WIDTH="29" VPOS="2701" HPOS="1006"/>
<String CONTENT="by" HEIGHT="47" WIDTH="60" VPOS="2701" HPOS="1036"/>
<SP HEIGHT="47" WIDTH="30" VPOS="2701" HPOS="1097"/>
<String CONTENT="David" HEIGHT="40" WIDTH="156" VPOS="2700" HPOS="1128"/>
<SP HEIGHT="40" WIDTH="35" VPOS="2700" HPOS="1285"/>
<String CONTENT="Allan" HEIGHT="40" WIDTH="140" VPOS="2700" HPOS="1321"/>
<SP HEIGHT="39" WIDTH="31" VPOS="2701" HPOS="1462"/>
<String CONTENT="Robertson" HEIGHT="40" WIDTH="268" VPOS="2701" HPOS="1494"/>
<SP HEIGHT="28" WIDTH="36" VPOS="2712" HPOS="1763"/>
<String CS="1" CONTENT="&#8230;"/>
<SP HEIGHT="29" WIDTH="35" VPOS="2713" HPOS="1845"/>
<String CONTENT="second" HEIGHT="39" WIDTH="171" VPOS="2703" HPOS="1881"/>
</TextLine>
<TextLine HEIGHT="51" WIDTH="1721" VPOS="2754" HPOS="64">
<String CONTENT="edition" HEIGHT="42" WIDTH="182" VPOS="2754" HPOS="64"/>
<SP HEIGHT="37" WIDTH="25" VPOS="2766" HPOS="247"/>
<String CONTENT="prepared" HEIGHT="45" WIDTH="234" VPOS="2758" HPOS="273"/>
<SP HEIGHT="40" WIDTH="26" VPOS="2756" HPOS="508"/>
<String CONTENT="in" HEIGHT="39" WIDTH="47" VPOS="2756" HPOS="535"/>
<SP HEIGHT="38" WIDTH="28" VPOS="2757" HPOS="583"/>
<String CONTENT="1932" HEIGHT="40" WIDTH="113" VPOS="2756" HPOS="612"/>
<SP HEIGHT="39" WIDTH="30" VPOS="2757" HPOS="726"/>
<String CONTENT="by" HEIGHT="47" WIDTH="60" VPOS="2757" HPOS="757"/>
<SP HEIGHT="47" WIDTH="26" VPOS="2757" HPOS="818"/>
<String CONTENT="John" HEIGHT="39" WIDTH="125" VPOS="2757" HPOS="845"/>
<SP HEIGHT="39" WIDTH="29" VPOS="2757" HPOS="971"/>
<String CONTENT="Henry" HEIGHT="47" WIDTH="166" VPOS="2757" HPOS="1001"/>
<SP HEIGHT="46" WIDTH="28" VPOS="2758" HPOS="1168"/>
<String CONTENT="MaeCracken.&#8221;&#8212;p." HEIGHT="48" WIDTH="478" VPOS="2757" HPOS="1197"/>
<SP HEIGHT="28" WIDTH="27" VPOS="2770" HPOS="1676"/>
<String CONTENT="vii." HEIGHT="40" WIDTH="81" VPOS="2758" HPOS="1704"/>
</TextLine>
<TextLine HEIGHT="55" WIDTH="1988" VPOS="2807" HPOS="65">
<String CONTENT="&#169;" HEIGHT="53" WIDTH="52" VPOS="2807" HPOS="65"/>
<SP HEIGHT="53" WIDTH="28" VPOS="2807" HPOS="118"/>
<String CONTENT="May" HEIGHT="46" WIDTH="113" VPOS="2813" HPOS="147"/>
<SP HEIGHT="46" WIDTH="28" VPOS="2813" HPOS="261"/>
<String CONTENT="11," HEIGHT="48" WIDTH="68" VPOS="2813" HPOS="290"/>
<SP HEIGHT="48" WIDTH="29" VPOS="2813" HPOS="359"/>
<String CONTENT="1936;" HEIGHT="47" WIDTH="139" VPOS="2812" HPOS="389"/>
<SP HEIGHT="46" WIDTH="31" VPOS="2813" HPOS="529"/>
<String CONTENT="2c." HEIGHT="40" WIDTH="67" VPOS="2813" HPOS="561"/>
<SP HEIGHT="39" WIDTH="31" VPOS="2814" HPOS="629"/>
<String CONTENT="Aug." HEIGHT="46" WIDTH="117" VPOS="2814" HPOS="661"/>
<SP HEIGHT="38" WIDTH="30" VPOS="2815" HPOS="779"/>
<String CONTENT="31;" HEIGHT="45" WIDTH="82" VPOS="2815" HPOS="810"/>
<SP HEIGHT="36" WIDTH="33" VPOS="2824" HPOS="893"/>
<String CONTENT="aff." HEIGHT="38" WIDTH="80" VPOS="2814" HPOS="927"/>
<SP HEIGHT="38" WIDTH="31" VPOS="2814" HPOS="1008"/>
<String CONTENT="Aug." HEIGHT="47" WIDTH="118" VPOS="2814" HPOS="1040"/>
<SP HEIGHT="38" WIDTH="30" VPOS="2814" HPOS="1159"/>
<String CONTENT="29;" HEIGHT="47" WIDTH="83" VPOS="2814" HPOS="1190"/>
<SP HEIGHT="46" WIDTH="33" VPOS="2815" HPOS="1274"/>
<!-- cceid A37FCB27-6E3A-1014-83DD-942C093A1DD9 --><String CONTENT="A" HEIGHT="38" WIDTH="40" VPOS="2815" HPOS="1308"/>
<SP HEIGHT="40" WIDTH="30" VPOS="2814" HPOS="1349"/>
<String CONTENT="97603;" HEIGHT="48" WIDTH="170" VPOS="2814" HPOS="1380"/>
<SP HEIGHT="46" WIDTH="34" VPOS="2816" HPOS="1551"/>
<String LANG="fi" CONTENT="Amer." HEIGHT="41" WIDTH="158" VPOS="2816" HPOS="1586"/>
<SP HEIGHT="32" WIDTH="28" VPOS="2825" HPOS="1745"/>
<String CONTENT="council" HEIGHT="40" WIDTH="187" VPOS="2814" HPOS="1774"/>
<SP HEIGHT="41" WIDTH="33" VPOS="2815" HPOS="1962"/>
<String CONTENT="on" HEIGHT="31" WIDTH="57" VPOS="2825" HPOS="1996"/>
</TextLine>
<TextLine HEIGHT="51" WIDTH="613" VPOS="2868" HPOS="130" CS="1">
<String CONTENT="education." HEIGHT="42" WIDTH="268" VPOS="2868" HPOS="130"/>
<SP HEIGHT="49" WIDTH="64" VPOS="2869" HPOS="399"/>
<String CS="1" CONTENT="(36-27314)" HEIGHT="50" WIDTH="279" VPOS="2869" HPOS="464"/>
</TextLine>
<TextLine HEIGHT="65" WIDTH="1156" VPOS="2959" HPOS="59" STYLEREFS="StyleId-93293A3E-A3F0-4230-BBB2-EEBB1514A670-">
<String CONTENT="Bacon," HEIGHT="64" WIDTH="212" VPOS="2959" HPOS="59"/>
<SP HEIGHT="62" WIDTH="26" VPOS="2961" HPOS="272"/>
<String CONTENT="Sir" HEIGHT="52" WIDTH="99" VPOS="2961" HPOS="299"/>
<SP HEIGHT="52" WIDTH="21" VPOS="2961" HPOS="399"/>
<String CONTENT="Reginald" HEIGHT="64" WIDTH="286" VPOS="2960" HPOS="421"/>
<SP HEIGHT="52" WIDTH="27" VPOS="2961" HPOS="708"/>
<String CONTENT="Hugh" HEIGHT="63" WIDTH="178" VPOS="2961" HPOS="736"/>
<SP HEIGHT="53" WIDTH="28" VPOS="2961" HPOS="915"/>
<String CONTENT="Spencer." HEIGHT="62" WIDTH="271" VPOS="2962" HPOS="944"/>
</TextLine>
<TextLine HEIGHT="69" WIDTH="1075" VPOS="3036" HPOS="129" STYLEREFS="StyleId-1DC9759A-1B4D-4AA9-AA95-09F38B0668D9-" CS="1">
<String CONTENT="Jellicoe" HEIGHT="54" WIDTH="234" VPOS="3036" HPOS="129"/>
<SP HEIGHT="34" WIDTH="29" VPOS="3056" HPOS="364"/>
<String CONTENT="of" HEIGHT="53" WIDTH="61" VPOS="3037" HPOS="394"/>
<SP HEIGHT="55" WIDTH="30" VPOS="3036" HPOS="456"/>
<String CONTENT="Scapa." HEIGHT="66" WIDTH="199" VPOS="3036" HPOS="487"/>
<SP HEIGHT="32" WIDTH="80" VPOS="3072" HPOS="687"/>
<String CS="1" CONTENT="[Instalment" HEIGHT="52" WIDTH="342" VPOS="3038" HPOS="785"/>
<SP HEIGHT="48" WIDTH="28" VPOS="3043" HPOS="1128"/>
<String CONTENT="3]" HEIGHT="61" WIDTH="47" VPOS="3044" HPOS="1157"/>
</TextLine>
<TextLine HEIGHT="55" WIDTH="1229" VPOS="3104" HPOS="161" STYLEREFS="StyleId-64AD29F0-B336-4151-A617-6E79B8BDD4AB-" CS="1">
<String CS="1" CONTENT="(In" HEIGHT="39" WIDTH="59" VPOS="3108" HPOS="161"/>
<SP HEIGHT="43" WIDTH="30" VPOS="3104" HPOS="221"/>
<String CONTENT="London" HEIGHT="44" WIDTH="199" VPOS="3104" HPOS="252"/>
<SP HEIGHT="43" WIDTH="30" VPOS="3106" HPOS="452"/>
<String CONTENT="Sunday" HEIGHT="52" WIDTH="201" VPOS="3106" HPOS="483"/>
<SP HEIGHT="37" WIDTH="32" VPOS="3121" HPOS="685"/>
<String CONTENT="pictorial," HEIGHT="53" WIDTH="242" VPOS="3105" HPOS="718"/>
<SP HEIGHT="51" WIDTH="31" VPOS="3107" HPOS="961"/>
<String CONTENT="July" HEIGHT="52" WIDTH="116" VPOS="3107" HPOS="993"/>
<SP HEIGHT="49" WIDTH="32" VPOS="3110" HPOS="1110"/>
<String CONTENT="26," HEIGHT="48" WIDTH="71" VPOS="3110" HPOS="1143"/>
<SP HEIGHT="50" WIDTH="32" VPOS="3108" HPOS="1215"/>
<String CONTENT="1936)" HEIGHT="50" WIDTH="142" VPOS="3108" HPOS="1248"/>
</TextLine>
<TextLine HEIGHT="56" WIDTH="1987" VPOS="3159" HPOS="63" CS="1">
<String CONTENT="&#169;" HEIGHT="53" WIDTH="52" VPOS="3159" HPOS="63"/>
<SP/>
<String CS="1" CONTENT="1c."/>
<SP HEIGHT="39" WIDTH="33" VPOS="3166" HPOS="213"/>
<String CONTENT="Sept." HEIGHT="46" WIDTH="125" VPOS="3166" HPOS="247"/>
<SP HEIGHT="38" WIDTH="31" VPOS="3167" HPOS="373"/>
<String CONTENT="19," HEIGHT="48" WIDTH="68" VPOS="3165" HPOS="405"/>
<SP HEIGHT="46" WIDTH="30" VPOS="3167" HPOS="474"/>
<String CONTENT="1936" HEIGHT="40" WIDTH="112" VPOS="3166" HPOS="505"/>
<SP HEIGHT="45" WIDTH="16" VPOS="3167" HPOS="618"/>
<String CONTENT=";" HEIGHT="34" WIDTH="9" VPOS="3178" HPOS="635"/>
<SP HEIGHT="45" WIDTH="33" VPOS="3167" HPOS="645"/>
<!-- cceid A38028D3-6E3A-1014-83DD-942C093A1DD9 --><String CONTENT="A" HEIGHT="38" WIDTH="40" VPOS="3167" HPOS="679"/>
<SP HEIGHT="38" WIDTH="31" VPOS="3167" HPOS="720"/>
<String CONTENT="ad" HEIGHT="39" WIDTH="60" VPOS="3166" HPOS="752"/>
<SP HEIGHT="38" WIDTH="29" VPOS="3166" HPOS="813"/>
<String CONTENT="int." HEIGHT="41" WIDTH="86" VPOS="3166" HPOS="843"/>
<SP HEIGHT="41" WIDTH="30" VPOS="3166" HPOS="930"/>
<String CONTENT="21841" HEIGHT="41" WIDTH="141" VPOS="3166" HPOS="961"/>
<SP HEIGHT="46" WIDTH="17" VPOS="3168" HPOS="1103"/>
<String CONTENT=";" HEIGHT="36" WIDTH="9" VPOS="3178" HPOS="1121"/>
<SP HEIGHT="37" WIDTH="33" VPOS="3178" HPOS="1131"/>
<String CONTENT="pubd." HEIGHT="48" WIDTH="141" VPOS="3167" HPOS="1165"/>
<SP HEIGHT="39" WIDTH="32" VPOS="3169" HPOS="1307"/>
<String CONTENT="July" HEIGHT="46" WIDTH="115" VPOS="3168" HPOS="1340"/>
<SP HEIGHT="46" WIDTH="29" VPOS="3168" HPOS="1456"/>
<String CONTENT="26" HEIGHT="39" WIDTH="57" VPOS="3168" HPOS="1486"/>
<SP HEIGHT="46" WIDTH="15" VPOS="3168" HPOS="1544"/>
<String CONTENT=";" HEIGHT="36" WIDTH="9" VPOS="3178" HPOS="1560"/>
<SP HEIGHT="45" WIDTH="36" VPOS="3169" HPOS="1570"/>
<String LANG="fr" CONTENT="R," HEIGHT="40" WIDTH="53" VPOS="3169" HPOS="1607"/>
<SP HEIGHT="40" WIDTH="34" VPOS="3169" HPOS="1661"/>
<String LANG="fi" CONTENT="H." HEIGHT="39" WIDTH="59" VPOS="3169" HPOS="1696"/>
<SP HEIGHT="39" WIDTH="36" VPOS="3169" HPOS="1756"/>
<String CONTENT="S." HEIGHT="39" WIDTH="43" VPOS="3169" HPOS="1793"/>
<SP HEIGHT="38" WIDTH="36" VPOS="3170" HPOS="1837"/>
<String CONTENT="Bacon," HEIGHT="45" WIDTH="176" VPOS="3170" HPOS="1874"/>
</TextLine>
<TextLine HEIGHT="49" WIDTH="682" VPOS="3222" HPOS="132">
<String CONTENT="Romsey," HEIGHT="48" WIDTH="217" VPOS="3222" HPOS="132"/>
<SP HEIGHT="47" WIDTH="27" VPOS="3223" HPOS="350"/>
<String CONTENT="Hants," HEIGHT="48" WIDTH="173" VPOS="3223" HPOS="378"/>
<SP HEIGHT="47" WIDTH="27" VPOS="3224" HPOS="552"/>
<String CONTENT="England." HEIGHT="46" WIDTH="234" VPOS="3223" HPOS="580"/>
</TextLine>
<TextLine HEIGHT="66" WIDTH="945" VPOS="3309" HPOS="60" STYLEREFS="StyleId-93293A3E-A3F0-4230-BBB2-EEBB1514A670-">
<String CONTENT="Bellah," HEIGHT="64" WIDTH="220" VPOS="3309" HPOS="60"/>
<SP HEIGHT="63" WIDTH="26" VPOS="3310" HPOS="281"/>
<String CONTENT="James" HEIGHT="54" WIDTH="200" VPOS="3310" HPOS="308"/>
<SP HEIGHT="52" WIDTH="28" VPOS="3313" HPOS="509"/>
<String CONTENT="Warner," HEIGHT="62" WIDTH="264" VPOS="3313" HPOS="538"/>
<SP HEIGHT="56" WIDTH="33" VPOS="3319" HPOS="803"/>
<String CONTENT="1899-" HEIGHT="48" WIDTH="168" VPOS="3319" HPOS="837"/>
</TextLine>
<TextLine HEIGHT="69" WIDTH="1920" VPOS="3386" HPOS="130" STYLEREFS="StyleId-1DC9759A-1B4D-4AA9-AA95-09F38B0668D9-" CS="1">
<String CONTENT="The" HEIGHT="53" WIDTH="122" VPOS="3386" HPOS="130"/>
<SP HEIGHT="52" WIDTH="25" VPOS="3387" HPOS="253"/>
<String CONTENT="brass" HEIGHT="52" WIDTH="158" VPOS="3387" HPOS="279"/>
<SP HEIGHT="44" WIDTH="28" VPOS="3406" HPOS="438"/>
<String CONTENT="gong" HEIGHT="48" WIDTH="153" VPOS="3405" HPOS="467"/>
<SP HEIGHT="60" WIDTH="26" VPOS="3393" HPOS="621"/>
<String CONTENT="tree," HEIGHT="57" WIDTH="133" VPOS="3393" HPOS="648"/>
<SP HEIGHT="62" WIDTH="27" VPOS="3388" HPOS="782"/>
<String CONTENT="by" HEIGHT="67" WIDTH="75" VPOS="3388" HPOS="810"/>
<SP HEIGHT="66" WIDTH="26" VPOS="3389" HPOS="886"/>
<String CONTENT="James" HEIGHT="54" WIDTH="192" VPOS="3389" HPOS="913"/>
<SP HEIGHT="53" WIDTH="27" VPOS="3389" HPOS="1106"/>
<String CONTENT="Warner" HEIGHT="53" WIDTH="242" VPOS="3389" HPOS="1134"/>
<SP HEIGHT="52" WIDTH="27" VPOS="3389" HPOS="1377"/>
<String CONTENT="Bellah." HEIGHT="53" WIDTH="220" VPOS="3389" HPOS="1405"/>
<SP HEIGHT="52" WIDTH="73" VPOS="3389" HPOS="1626"/>
<String CONTENT="New" HEIGHT="53" WIDTH="138" VPOS="3389" HPOS="1700"/>
<SP HEIGHT="50" WIDTH="30" VPOS="3390" HPOS="1839"/>
<String CONTENT="York." HEIGHT="52" WIDTH="180" VPOS="3389" HPOS="1870"/>
</TextLine>
<TextLine HEIGHT="72" WIDTH="1918" VPOS="3462" HPOS="61" STYLEREFS="StyleId-1DC9759A-1B4D-4AA9-AA95-09F38B0668D9-">
<String CONTENT="London," HEIGHT="58" WIDTH="255" VPOS="3462" HPOS="61"/>
<SP HEIGHT="56" WIDTH="29" VPOS="3464" HPOS="317"/>
<String CONTENT="D." HEIGHT="51" WIDTH="69" VPOS="3464" HPOS="347"/>
<SP HEIGHT="51" WIDTH="30" VPOS="3464" HPOS="417"/>
<String CONTENT="Appleton-Century" HEIGHT="70" WIDTH="576" VPOS="3463" HPOS="448"/>
<SP HEIGHT="49" WIDTH="30" VPOS="3484" HPOS="1025"/>
<String CONTENT="company," HEIGHT="50" WIDTH="296" VPOS="3484" HPOS="1056"/>
<SP HEIGHT="65" WIDTH="28" VPOS="3465" HPOS="1353"/>
<String CONTENT="incorporated," HEIGHT="69" WIDTH="416" VPOS="3465" HPOS="1382"/>
<SP HEIGHT="62" WIDTH="31" VPOS="3470" HPOS="1799"/>
<String CONTENT="1936." HEIGHT="49" WIDTH="148" VPOS="3469" HPOS="1831"/>
</TextLine>
<TextLine HEIGHT="51" WIDTH="553" VPOS="3532" HPOS="130" CS="1">
<String LANG="en-US" CONTENT="4" HEIGHT="39" WIDTH="27" VPOS="3533" HPOS="130"/>
<SP/>
<String LANG="fr" CONTENT="p." HEIGHT="38" WIDTH="42" VPOS="3543" HPOS="190"/>
<SP HEIGHT="44" WIDTH="29" VPOS="3532" HPOS="233"/>
<String LANG="fr" CS="1" CONTENT="l."/>
<String LANG="en-US" CONTENT="," HEIGHT="15" WIDTH="10" VPOS="3566" HPOS="302"/>
<SP HEIGHT="47" WIDTH="33" VPOS="3534" HPOS="313"/>
<String LANG="en-US" CONTENT="236" HEIGHT="41" WIDTH="84" VPOS="3533" HPOS="347"/>
<SP HEIGHT="49" WIDTH="33" VPOS="3534" HPOS="432"/>
<String LANG="en-US" CONTENT="p." HEIGHT="36" WIDTH="40" VPOS="3547" HPOS="466"/>
<SP HEIGHT="39" WIDTH="59" VPOS="3536" HPOS="507"/>
<String LANG="en-US" CONTENT="20" HEIGHT="40" WIDTH="55" VPOS="3535" HPOS="567"/>
<String STYLE="superscript" LANG="en-US" CONTENT="cm" HEIGHT="22" WIDTH="44" VPOS="3538" HPOS="625"/>
<String LANG="en-US" CONTENT="." HEIGHT="7" WIDTH="8" VPOS="3569" HPOS="675"/>
</TextLine>
<TextLine HEIGHT="59" WIDTH="1992" VPOS="3586" HPOS="60">
<String CONTENT="&#169;" HEIGHT="54" WIDTH="52" VPOS="3586" HPOS="60"/>
<SP HEIGHT="54" WIDTH="25" VPOS="3586" HPOS="113"/>
<String CONTENT="Sept." HEIGHT="47" WIDTH="126" VPOS="3593" HPOS="139"/>
<SP HEIGHT="40" WIDTH="22" VPOS="3595" HPOS="266"/>
<String CONTENT="8," HEIGHT="46" WIDTH="39" VPOS="3595" HPOS="289"/>
<SP HEIGHT="46" WIDTH="22" VPOS="3595" HPOS="329"/>
<String CONTENT="1936;" HEIGHT="47" WIDTH="139" VPOS="3594" HPOS="352"/>
<SP HEIGHT="46" WIDTH="24" VPOS="3595" HPOS="492"/>
<String CONTENT="2c." HEIGHT="39" WIDTH="66" VPOS="3595" HPOS="517"/>
<SP HEIGHT="40" WIDTH="25" VPOS="3596" HPOS="584"/>
<String CONTENT="Sept." HEIGHT="47" WIDTH="128" VPOS="3596" HPOS="610"/>
<SP HEIGHT="39" WIDTH="22" VPOS="3597" HPOS="739"/>
<String CONTENT="10;" HEIGHT="47" WIDTH="80" VPOS="3596" HPOS="762"/>
<SP HEIGHT="37" WIDTH="26" VPOS="3606" HPOS="843"/>
<String CONTENT="aff." HEIGHT="42" WIDTH="81" VPOS="3596" HPOS="870"/>
<SP HEIGHT="40" WIDTH="25" VPOS="3598" HPOS="952"/>
<String CONTENT="Sept." HEIGHT="46" WIDTH="125" VPOS="3598" HPOS="978"/>
<SP HEIGHT="39" WIDTH="23" VPOS="3597" HPOS="1104"/>
<String CONTENT="11;" HEIGHT="48" WIDTH="81" VPOS="3597" HPOS="1128"/>
<SP HEIGHT="47" WIDTH="26" VPOS="3598" HPOS="1210"/>
<!-- cceid A3807C27-6E3A-1014-83DD-942C093A1DD9 --><String CONTENT="A" HEIGHT="38" WIDTH="39" VPOS="3598" HPOS="1237"/>
<SP HEIGHT="41" WIDTH="22" VPOS="3597" HPOS="1277"/>
<String CONTENT="98343" HEIGHT="41" WIDTH="142" VPOS="3597" HPOS="1300"/>
<SP HEIGHT="46" WIDTH="17" VPOS="3598" HPOS="1443"/>
<String CONTENT=";" HEIGHT="36" WIDTH="9" VPOS="3608" HPOS="1461"/>
<SP HEIGHT="45" WIDTH="25" VPOS="3599" HPOS="1471"/>
<String CONTENT="D." HEIGHT="38" WIDTH="55" VPOS="3599" HPOS="1497"/>
<SP HEIGHT="39" WIDTH="24" VPOS="3598" HPOS="1553"/>
<String CONTENT="Appleton-Century" HEIGHT="47" WIDTH="474" VPOS="3598" HPOS="1578"/>
</TextLine>
<TextLine HEIGHT="50" WIDTH="547" VPOS="3649" HPOS="132">
<String CONTENT="co.," HEIGHT="38" WIDTH="80" VPOS="3659" HPOS="132"/>
<SP HEIGHT="48" WIDTH="28" VPOS="3649" HPOS="213"/>
<String CONTENT="inc." HEIGHT="42" WIDTH="90" VPOS="3649" HPOS="242"/>
<SP HEIGHT="47" WIDTH="66" VPOS="3651" HPOS="333"/>
<String CONTENT="(36-19090)" HEIGHT="48" WIDTH="279" VPOS="3651" HPOS="400"/>
</TextLine>
<TextLine HEIGHT="66" WIDTH="490" VPOS="3738" HPOS="60" STYLEREFS="StyleId-93293A3E-A3F0-4230-BBB2-EEBB1514A670-">
<String CONTENT="Belyavin," HEIGHT="66" WIDTH="300" VPOS="3738" HPOS="60"/>
<SP HEIGHT="64" WIDTH="25" VPOS="3740" HPOS="361"/>
<String CONTENT="Paul." HEIGHT="56" WIDTH="163" VPOS="3740" HPOS="387"/>
</TextLine>
<TextLine HEIGHT="73" WIDTH="1919" VPOS="3815" HPOS="133" STYLEREFS="StyleId-1DC9759A-1B4D-4AA9-AA95-09F38B0668D9-">
<String CONTENT="Combustion-chamber" HEIGHT="57" WIDTH="659" VPOS="3815" HPOS="133"/>
<SP HEIGHT="52" WIDTH="37" VPOS="3819" HPOS="793"/>
<String CONTENT="design" HEIGHT="68" WIDTH="193" VPOS="3819" HPOS="831"/>
<SP HEIGHT="51" WIDTH="42" VPOS="3821" HPOS="1025"/>
<String CONTENT="for" HEIGHT="52" WIDTH="93" VPOS="3821" HPOS="1068"/>
<SP HEIGHT="33" WIDTH="39" VPOS="3840" HPOS="1162"/>
<String CONTENT="oil-engines;" HEIGHT="69" WIDTH="363" VPOS="3819" HPOS="1202"/>
<SP HEIGHT="61" WIDTH="40" VPOS="3827" HPOS="1566"/>
<String CONTENT="the" HEIGHT="51" WIDTH="96" VPOS="3823" HPOS="1607"/>
<SP HEIGHT="48" WIDTH="36" VPOS="3840" HPOS="1704"/>
<String CONTENT="principles" HEIGHT="67" WIDTH="311" VPOS="3821" HPOS="1741"/>
</TextLine>
<TextLine HEIGHT="75" WIDTH="1831" VPOS="3891" HPOS="62" STYLEREFS="StyleId-1DC9759A-1B4D-4AA9-AA95-09F38B0668D9-" CS="1">
<String CONTENT="of" HEIGHT="52" WIDTH="63" VPOS="3891" HPOS="62"/>
<SP HEIGHT="54" WIDTH="41" VPOS="3891" HPOS="126"/>
<String CONTENT="the" HEIGHT="53" WIDTH="93" VPOS="3893" HPOS="168"/>
<SP HEIGHT="34" WIDTH="44" VPOS="3912" HPOS="262"/>
<String CONTENT="combustion-chamber" HEIGHT="55" WIDTH="639" VPOS="3895" HPOS="307"/>
<SP HEIGHT="51" WIDTH="44" VPOS="3899" HPOS="947"/>
<String CONTENT="design" HEIGHT="68" WIDTH="198" VPOS="3896" HPOS="992"/>
<SP HEIGHT="51" WIDTH="44" VPOS="3899" HPOS="1191"/>
<String CONTENT="for" HEIGHT="52" WIDTH="93" VPOS="3899" HPOS="1236"/>
<SP HEIGHT="33" WIDTH="44" VPOS="3918" HPOS="1330"/>
<String CONTENT="oil-engines" HEIGHT="67" WIDTH="334" VPOS="3899" HPOS="1375"/>
<SP HEIGHT="33" WIDTH="44" VPOS="3918" HPOS="1710"/>
<String CONTENT="with" HEIGHT="52" WIDTH="138" VPOS="3899" HPOS="1755"/>
</TextLine>
<TextLine HEIGHT="192" WIDTH="1963" VPOS="3918" HPOS="62" STYLEREFS="StyleId-1DC9759A-1B4D-4AA9-AA95-09F38B0668D9-" CS="1">
<String CONTENT="mechanical" HEIGHT="106" WIDTH="1963" VPOS="3918" HPOS="62"/>
<SP HEIGHT="52" WIDTH="36" VPOS="3972" HPOS="311"/>
<String CONTENT="injection" HEIGHT="65" WIDTH="271" VPOS="3972" HPOS="348"/>
<SP HEIGHT="33" WIDTH="37" VPOS="3992" HPOS="620"/>
<String CONTENT="of" HEIGHT="51" WIDTH="62" VPOS="3974" HPOS="658"/>
<SP HEIGHT="51" WIDTH="34" VPOS="3974" HPOS="721"/>
<String CONTENT="fuel," HEIGHT="53" WIDTH="138" VPOS="3974" HPOS="756"/>
<SP HEIGHT="52" WIDTH="34" VPOS="3975" HPOS="895"/>
<String CONTENT="by" HEIGHT="67" WIDTH="73" VPOS="3975" HPOS="930"/>
<SP HEIGHT="65" WIDTH="33" VPOS="3977" HPOS="1004"/>
<String CONTENT="Paul" HEIGHT="51" WIDTH="147" VPOS="3977" HPOS="1038"/>
<SP HEIGHT="51" WIDTH="37" VPOS="3977" HPOS="1186"/>
<String CONTENT="Belyavin," HEIGHT="70" WIDTH="296" VPOS="3976" HPOS="1224"/>
<SP HEIGHT="59" WIDTH="90" VPOS="3977" HPOS="1521"/>
<String CONTENT="London," HEIGHT="69" WIDTH="256" VPOS="3976" HPOS="1612"/>
<SP HEIGHT="69" WIDTH="35" VPOS="3976" HPOS="1869"/>
<String CONTENT="Constable" HEIGHT="124" WIDTH="1963" VPOS="3976" HPOS="62"/>
<SP HEIGHT="49" WIDTH="25" VPOS="4053" HPOS="236"/>
<String CONTENT="&amp;" HEIGHT="49" WIDTH="43" VPOS="4053" HPOS="262"/>
<SP HEIGHT="49" WIDTH="25" VPOS="4053" HPOS="306"/>
<String CS="1" CONTENT="company," HEIGHT="43" WIDTH="293" VPOS="4067" HPOS="332"/>
<SP HEIGHT="59" WIDTH="24" VPOS="4051" HPOS="626"/>
<String CONTENT="ltd." HEIGHT="54" WIDTH="103" VPOS="4051" HPOS="651"/>
<SP HEIGHT="25" WIDTH="33" VPOS="4085" HPOS="755"/>
<String CS="1" CONTENT="[1936]" HEIGHT="50" WIDTH="135" VPOS="4055" HPOS="808"/>
</TextLine>
</TextBlock>
</PrintSpace>
</Page>
</Layout>
</alto>