2519 4377
1327 4141 136 52 1596

367 433 210 65 Brock,
603 433 217 52 Emma
842 431 233 57 Lillian.

435 506 1954 75 Beppo; written and pictured by Emma Brock … Chicago,
363 587 68 53 A.
459 586 303 55 Whitman
790 588 46 52 &
863 605 101 50 co.,
993 590 154 51 1936.

435 660 69 44 79,
537 663 55 49 [1]
619 671 44 38 p.
725 660 130 41 illus.
886 660 136 49 (part
1048 660 113 49 col.)
1230 660 58 42 26
1290 663 45 22 cm
1339 694 10 9 .

436 718 293 41 Illustrated
756 719 99 48 t.-p.
882 718 52 40 in
961 718 172 42 colors.

436 774 207 41 “Junior
668 785 139 38 press
836 774 197 42 books.”

368 844 53 53 ©
457 849 128 47 Sept.
619 848 71 47 15,
727 847 142 48 1936;
906 847 68 43 2c.
1009 849 120 40 Nov.
1163 848 54 48 4;
1255 849 84 41 aff.
1373 850 119 39 Nov.
1528 849 53 48 6;
1619 850 42 40 A
1693 848 202 50 100315;
1934 851 171 40 Albert
2140 851 254 40 Whitman

441 906 36 40 6
503 916 68 30 co.
638 904 285 50 (36-29596)

365 1013 374 66 Broughton,
765 1015 140 53 Mrs.
932 1014 105 53 Ida
1064 1014 144 64 May
1239 1013 312 68 (Linkins)
1589 1020 174 50 1863-

440 1091 320 68 Virginia’s
789 1090 255 56 married
1072 1092 137 67 life;
1246 1111 31 34 a
1308 1092 190 68 sequel
1528 1098 60 51 to
1620 1092 273 69 Virginia
1926 1093 175 69 Lysle
2135 1093 112 69 [by]
2285 1094 107 53 Ida

367 1171 138 54 Mav
542 1171 361 67 Broughton.
981 1172 237 66 Boston,
1257 1170 304 70 Chapman
1598 1175 45 51 &
1679 1171 227 56 Grimes
1948 1205 14 35 [
1965 1178 20 22 c
1990 1175 154 65 1936]

435 1243 87 40 266
548 1254 44 38 p.
652 1242 57 40 21
713 1245 46 22 cm
763 1275 9 10 .

372 1311 54 53 ©
457 1316 101 40 Oct.
589 1315 71 48 29,
691 1315 143 48 1936;
868 1315 66 40 2c.
968 1316 96 40 and
1095 1316 83 40 aff.
1209 1317 118 39 Nov.
1361 1315 53 48 6;
1441 1317 47 39 A
1518 1315 202 48 100302;
1753 1316 256 49 Chapman
2041 1317 37 40 &
2109 1316 205 42 Grimes.

455 1372 285 49 (36-29303)

372 1478 339 65 Calverton,
735 1478 208 55 Victor
967 1478 267 65 Francis,
1263 1484 174 50 1900-

441 1555 121 52 The
593 1573 135 34 man
760 1553 214 71 inside;
1006 1554 173 71 being
1209 1555 95 53 the
1335 1555 200 53 record
1567 1554 65 53 of
1661 1555 96 53 the
1789 1559 236 67 strange
2055 1555 341 54 adventures

370 1634 64 52 of
467 1634 174 54 Allen
680 1634 188 55 Steele
900 1652 211 52 among
1146 1635 99 53 the
1282 1634 211 69 Xulus,
1529 1634 76 70 by
1641 1635 72 54 V.
1751 1635 67 54 F.
1856 1632 341 71 Calverton;
372 1634 2001 133 illustrations

655 1713 78 69 by
775 1712 240 55 Charles
1056 1712 228 54 Alston.
1363 1713 141 54 New
1549 1713 182 68 York,
1777 1712 64 56 C.
1888 1711 317 57 Scribner’s
2250 1731 147 50 sons,

375 1795 149 50 1936.

439 1864 1086 50 xvi p., 2 l., 313 p. front., plates. 20 cm .
375 1921 54 54 ©
459 1926 103 40 Oct.
593 1924 72 49 23,
697 1923 142 49 1936;
875 1924 69 41 2c.
978 1925 103 41 Oct.
1114 1924 83 48 31;
1234 1925 81 39 aff.
1351 1925 102 41 Oct.
1486 1924 83 49 30;
1605 1926 41 39 A
1678 1924 174 49 99738;
1890 1925 206 42 Charles
2133 1924 267 43 Scribner’s

449 1993 126 30 sons.
641 1981 285 50 (36-29612)

373 2088 189 64 Casis,
588 2087 153 54 Lilia
765 2088 194 64 Mary.

507 2162 1285 71 … El mundo español … by Lilia Mary
373 2162 2026 225 Casis … Rebecca Shinn Switzer … [and] Salomay Lauderdale Harrison … Boston,
519 2323 141 52 New
690 2321 167 53 York
1000 2354 29 35 [etc.]
1063 2322 72 53 D.
1167 2320 63 56 C.
1259 2321 198 54 Heath
1486 2322 115 53 and
1631 2339 285 52 company
1949 2353 15 36 [
1966 2327 20 23 c
1992 2323 153 65 1936]

447 2395 26 40 2
503 2406 42 30 v.
607 2395 86 41 col.
727 2395 191 49 fronts.,
950 2394 130 43 illus.
1141 2395 56 41 19
1202 2397 44 23 cm
1248 2428 10 9 .
1330 2394 231 50 (Heath’s
1593 2396 203 40 modem
1826 2395 241 49 language
2102 2394 176 51 series)

444 2452 142 49 Maps
614 2464 62 29 on
704 2452 365 49 lining-papers.

449 2509 68 39 “A
544 2509 216 42 revision
788 2511 98 39 and
915 2520 63 30 an
1006 2509 339 49 enlargement
1372 2510 54 41 of
1452 2509 280 42 Elementes
1760 2511 59 40 de
1850 2509 440 50 espanol.”—Pref.

448 2566 380 49 Bibliography:
857 2577 42 30 v.
925 2568 40 47 1,
990 2577 43 38 p.
1059 2566 233 49 398-402;
1320 2577 42 31 v.
1388 2566 40 49 2,
1455 2576 45 39 p.
1526 2566 221 43 398-402.

380 2637 28 27 v.
460 2627 38 43 1,
536 2622 53 53 ©
627 2626 130 48 Sept.
792 2624 40 50 8,
869 2625 143 48 1936;
1051 2637 43 30 v.
1130 2625 40 50 2,
1207 2622 54 53 ©
1302 2626 128 48 Sept.
1466 2625 53 47 9;
1558 2625 67 41 2c.
1662 2626 120 40 each
1819 2627 97 40 and
1952 2626 111 42 affs.
2102 2628 103 41 Oct.
2241 2626 83 50 12;
2363 2630 42 38 A

451 2683 159 47 99303,
647 2682 174 48 99304;
860 2684 56 38 D.
952 2679 50 45 C.
1039 2683 167 40 Heath
1241 2684 36 40 &
1312 2693 67 30 co.
1450 2682 284 50 [Copyright
1769 2682 43 41 is
1849 2683 209 41 claimed
2094 2695 62 30 on
2191 2684 215 41 revision

455 2741 95 39 and
576 2740 265 50 additions]
908 2739 285 49 (36-29270)

379 2845 211 66 Chase,
621 2846 178 64 Mary
826 2843 187 69 Ellen,
1047 2846 172 55 1887-

451 2924 144 54 This
620 2924 295 68 England,
938 2923 78 69 by
1042 2924 173 67 Mary
1243 2923 170 54 Ellen
1444 2922 198 56 Chase.
1719 2924 140 54 New
1888 2923 183 68 York,
2098 2924 122 54 The

381 2924 1999 132 Macmillan
610 3020 302 51 company,
942 3005 152 52 1936.

452 3076 621 50 7 p. l., 3-198 p. 20½c m .
453 3134 290 41 Illustrated
774 3132 366 50 lining-papers.

386 3187 53 53 ©
467 3192 118 39 Nov.
614 3190 40 49 4,
685 3189 143 49 1936;
860 3189 69 42 2c.
959 3191 120 40 Nov.
1108 3189 52 49 6;
1195 3190 82 40 aff.
1308 3191 119 39 Nov.
1458 3189 53 48 5;
1546 3190 41 39 A
1618 3188 202 48 100291;
1853 3188 286 41 Macmillan
2168 3198 67 30 co.

468 3246 285 50 (36-29243)

386 3351 231 64 Cleary,
641 3351 224 63 Joseph
894 3350 265 64 Francis,
1189 3356 172 50 1909-

386 3425 1996 151 … Canonical limitations on the alienation of church property,
554 3503 1852 72 an historical synopsis and commentary … by Rev. Joseph
387 3581 2022 74 F. Cleary … Washington, D. C., The Catholic university of
386 3665 286 66 America,
702 3668 151 50 1936.

455 3733 1949 56 viii p., 1 l., 141 p. 23 cm . (The Catholic university of America. Canon
388 3799 93 37 law
512 3795 200 42 studies,
774 3806 73 30 no.
880 3795 112 49 100)

456 3852 175 42 Thesis
656 3853 65 49 (J.
782 3884 7 7 C.
850 3851 330 48 D.)—Catholic
1209 3850 272 49 university
1509 3850 51 40 of
1587 3849 240 48 America,
1855 3848 129 41 1936.

455 3910 129 40 Vita.

456 3966 380 49 Bibliography:
871 3978 42 37 p.
946 3964 220 43 127-132.

389 4018 53 53 ©
467 4024 129 40 June
616 4022 40 48 3,
683 4022 142 48 1936;
853 4022 67 41 2c.
948 4022 96 41 and
1070 4022 81 41 aff.
1179 4022 130 40 June
1331 4020 53 47 9;
1413 4020 40 39 A
1478 4018 173 48 95608;
1682 4016 223 44 Catholic
1931 4016 132 41 univ.
2091 4015 52 41 of
2168 4014 240 41 America.

471 4078 285 50 (36-29591)
