2519 4377
1016 4066 100 48 413

62 430 324 64 Raymond,
415 431 229 61 Wayte,
677 434 168 49 1886-

137 518 249 69 Spanish
415 518 305 52 American
754 519 133 66 gold
918 516 170 68 coins,
1119 517 72 66 by
1223 518 205 65 Wayte
1460 516 329 67 Raymond;
1820 515 171 68 being
2024 535 31 33 a

65 594 244 55 detailed
344 596 97 52 list
473 595 63 51 of
568 597 95 52 the
695 596 133 67 gold
863 594 153 54 coins
1049 596 194 51 struck
1274 594 74 67 by
1380 595 93 52 the
1510 593 250 68 Spanish
1792 593 168 68 kings
1995 593 58 54 in

64 672 263 53 America
364 679 60 46 at
457 675 92 51 the
584 673 173 53 mints
792 673 63 52 of
890 672 240 65 Mexico,
1164 672 424 67 Guadalaxara,
1623 672 183 66 Lima,
1839 671 215 66 Potosi,

63 753 239 67 Bogota,
340 753 293 65 Popayan,
671 751 355 66 Guatemala,
1067 749 294 69 Santiago,
1397 750 140 52 with
1577 749 379 54 illustrations
1992 749 63 54 of

66 828 1680 68 all the types. New York, W. Raymond, inc. [ c 1936]
135 903 58 41 48
223 914 40 37 p.
326 902 127 40 illus.
512 902 55 40 23½
618 904 25 20 m
649 933 9 8 .

65 970 53 52 ©
145 975 121 39 Mar.
294 974 68 46 10,
391 974 112 39 1930;
559 975 66 40 2c.
653 974 97 38 and
777 972 82 40 aff.
885 974 120 38 Mar.
1036 973 53 38 14;
1146 973 39 38 A
1213 971 143 41 93151;
1414 973 173 47 Wayte
1616 973 265 46 Raymond,
1911 971 92 43 inc.

146 1031 248 47 (36-8579)

65 1133 293 65 Rebeaud,
386 1134 204 52 Henri.

196 1211 1863 79 … Au service du négus. Paris, Les Éditions de France,
63 1305 18 22 c
84 1302 151 50 1935.

130 1371 673 49 3 p. l., 292 p., 1 l. 18 ½ cm .
60 1444 2001 58 © Nov. 28,1935; 1c. Feb. 17,1936; A- Foreign 30610; Éditions de France.
148 1509 250 48 (36-8724)

65 1616 243 62 Reeves,
337 1616 158 62 Earl,
525 1616 83 53 ed.

139 1705 185 52 Truth
357 1705 172 53 about
555 1705 96 53 the
681 1723 123 35 new
835 1704 125 53 deal
1014 1704 74 68 [by]
1142 1704 214 53 Robert
1386 1705 64 51 L.
1481 1704 187 67 Lund,
1700 1705 256 52 Howard
1993 1705 66 51 E.

72 1781 177 55 Coffin
316 1783 129 66 [and]
495 1783 102 52 Dr.
644 1781 238 55 Charles
922 1782 88 54 W.
1057 1782 262 66 Burkett,
1362 1782 60 53 in
1467 1782 405 54 collaboration
1921 1782 137 53 with

70 1859 141 54 Earl
239 1860 225 54 Reeves.
538 1860 139 54 New
710 1860 179 67 York,
920 1861 270 67 Toronto,
1220 1861 345 67 Longmans,
1598 1860 186 55 Green
1818 1862 111 52 and
1964 1879 98 48 co.,

70 1941 148 50 1936.

136 2022 45 36 x,
210 2011 83 41 117
321 2021 42 38 p.
423 2010 57 41 19½c
526 2013 28 21 m
557 2040 9 9 .

140 2066 160 42 “First
329 2066 222 42 edition.”

472 2124 116 40 CONTENTS.—New
618 2124 107 39 deal
755 2122 348 49 performance,
1132 2124 60 47 by
1220 2123 60 39 H.
1312 2124 51 39 E.
1396 2123 380 42 Coffin.—Truth
1802 2124 143 41 about
1981 2126 80 39 the

68 2179 255 41 American
356 2180 280 48 productive
672 2182 195 45 system,
902 2179 59 49 by
995 2180 55 39 R.
1087 2180 51 40 L.
1173 2179 150 41 Lund.
1339 2203 59 5 —
1415 2181 340 47 Bureaucracy
1791 2182 94 39 and
70 2182 1974 102 confidence,
260 2235 62 49 by
353 2237 60 39 H.
448 2237 52 39 E.

535 2236 160 41 Coffin.
713 2260 59 5 —
788 2236 156 41 Truth
976 2236 148 41 about
1156 2235 83 42 the
1272 2245 105 31 new
1410 2236 123 48 deal,
1566 2236 61 48 by
1662 2236 55 40 R.
1749 2237 49 40 L.
1836 2237 226 43 Lund.—

70 2293 155 40 Truth
253 2293 145 41 about
426 2294 83 40 the
534 2294 129 39 AAA
690 2295 94 38 and
813 2304 86 29 our
925 2293 115 41 food
1068 2293 226 48 supplies,
1321 2294 61 47 by
1411 2294 83 38 Dr.
1522 2293 48 41 C.
1600 2294 70 40 W.
1702 2294 220 40 Burkett.

71 2360 53 52 ©
150 2365 123 39 Mar.
301 2365 67 46 18,
399 2363 138 43 1936;
565 2364 67 41 2c.
664 2366 120 38 Mar.
814 2365 82 46 24;
930 2364 80 39 aff.
1043 2366 121 38 Mar.
1194 2363 82 47 25;
1308 2365 40 38 A
1378 2364 170 47 92545;
1582 2366 52 38 E.
1666 2365 196 46 Reeves,
138 2366 1908 102 Ridgewood,
320 2422 55 38 N.
410 2422 43 39 J.
523 2422 251 47 (36-8501)
1856 2420 117 42 2641

70 2527 180 63 Repp,
279 2527 87 51 Ed
394 2526 158 54 Earl.

136 2613 1923 70 Hell in the saddle, by Ed Earl Repp … New York, Godwin
73 2722 14 34 [
91 2696 20 21 c
115 2693 133 51 1936
253 2724 12 34 ]

137 2764 612 48 4 p. l. , 7-271 p. 19½ cm .
72 2833 52 53 ©
149 2838 114 47 Apr.
290 2837 67 47 10,
386 2836 113 41 1936;
554 2836 66 40 2c.
649 2838 113 47 Apr.
790 2838 52 38 13;
902 2836 80 40 aff.
1011 2837 113 48 Apr.
1154 2838 54 39 18;
1265 2838 39 38 A
1332 2836 143 42 93702;
1532 2838 215 47 Godwin,
1777 2839 287 48 publishers.

150 2893 249 50 (36-8691)

71 2997 273 66 Rickard,
369 2999 153 52 John
548 2997 244 64 Allison,
820 3004 169 49 1892-

204 3074 1858 72 … An outline of ancient, medieval and modern history; a
75 3152 1927 70 digest of the history of civilization, by J. A. Rickard …
72 3231 1528 69 4th ed. New York, Barnes & Noble, inc. [ c 1936]
148 3302 1766 52 5 p. l. , 177, [2] p. illus. (maps) 21 cm . (College outline series)
145 3359 159 41 Blank
331 3369 145 39 pages
503 3359 78 41 for
610 3360 205 40 “Notes”
853 3360 83 49 ([2]
966 3362 50 38 at
1044 3360 116 46 end)

149 3415 346 42 “References”
522 3416 51 40 at
597 3418 90 38 end
717 3417 51 39 of
794 3417 119 39 each
940 3418 200 46 chapter;
1196 3417 347 49 Bibliography:
1600 3429 43 38 p.
1669 3419 98 40 169.

77 3484 51 52 ©
159 3490 120 38 Mar.
310 3489 69 45 25,
408 3488 138 41 1936:
580 3489 66 39 2c.
681 3490 120 38 Mar.
834 3488 81 46 27;
951 3488 80 39 aff.
1066 3490 121 39 Mar.
1218 3489 82 46 31;
1336 3489 40 39 A
1407 3489 142 40 93475;
1613 3491 186 40 Barnes
1831 3493 36 39 &
1899 3493 165 50 Noble,

147 3546 90 40 inc.
311 3547 248 47 (36-8577)

78 3648 240 64 Riddell,
344 3653 138 52 Mrs.
510 3650 295 55 Florence.

78 3723 1961 147 Royal wedding [by] Florence Riddell. Philadelphia, London, J. B. Lippincott company [ c 1936]
142 3873 86 40 315
259 3885 42 38 p.
362 3874 55 40 19½
449 3877 44 21 cm
497 3906 8 8 .

81 3942 53 52 ©
157 3948 113 45 Apr.
296 3946 68 46 10,
390 3946 115 40 1936;
558 3948 65 37 2c.
653 3946 95 40 and
776 3945 81 40 aff.
885 3946 114 47 Apr.
1025 3944 56 40 18;
1138 3945 41 39 A
1204 3944 146 41 94008;
1406 3947 44 40 J.
1478 3948 54 40 B.
1560 3949 278 48 Lippincott
1860 3963 67 30 co.

160 4003 246 48 (36-8685)
