2519 4377
1083 4111 100 48 245

133 459 403 68 [Rutherford,
567 457 219 62 Joseph
817 453 300 68 Franklin]
1155 460 170 48 1869-

197 536 232 64 Riches;
462 534 376 53 information
869 532 184 52 which
1085 531 117 52 will
1235 531 194 52 enable
1459 548 166 47 every
1656 547 202 49 person
1890 532 58 47 to
129 527 1968 141 realize
235 618 61 50 in

324 612 239 53 fullness
590 612 95 51 the
710 615 247 61 greatest
985 610 181 51 desire
1194 608 111 52 and
1334 607 228 53 fondest
1591 607 173 66 hopes
1794 605 62 53 of
128 606 1968 138 humankind.

365 688 329 67 [Brooklyn,
724 690 67 50 N.
822 688 91 65 Y.,
940 687 206 54 Watch
1176 691 175 47 tower
1382 684 165 52 Bible
1576 684 110 53 and
1717 688 148 48 tract
1893 682 228 67 society,

129 767 417 54 International
576 765 165 54 Bible
770 765 256 55 students
1056 763 353 66 association,
1442 766 151 63 1936]

201 841 86 40 379
313 850 43 38 p.
384 840 108 39 incl.
522 841 23 37 1
575 839 142 43 illus.,
744 838 170 47 plates,
975 837 85 40 col.
1091 836 170 47 plates.
1321 835 58 41 18½cm.

202 896 160 40 “First
393 896 216 47 printing
637 894 233 49 1,000,000
898 893 201 49 copies.”

129 964 53 53 ©
211 969 110 39 Feb.
352 968 39 46 1,
423 966 139 43 1936;
594 966 68 40 2c.
692 966 95 39 and
817 965 83 39 aff.
933 965 109 39 Feb.
1074 965 29 39 5;
1161 965 39 38 A
1232 963 143 40 91637;
1438 963 42 40 J.
1516 962 49 40 F.
1596 961 316 48 Rutherford,
196 961 1913 111 Brooklyn.
360 1024 250 47 (36-7153)

129 1119 248 64 Schenk,
405 1119 251 52 Edward
683 1118 318 55 Theodore.

198 1195 319 53 Procedure
558 1194 59 52 in
659 1199 324 61 taxonomy,
1021 1192 301 68 including
1362 1211 31 33 a
1435 1193 222 67 reprint
1698 1190 64 53 of
1804 1192 96 53 the
128 1191 1972 135 International
422 1273 148 52 rules
608 1272 64 52 of
707 1271 310 67 zoological
1055 1270 421 52 nomenclature
1515 1270 140 52 with
1691 1272 334 51 summaries
2063 1269 64 53 of

129 1350 283 68 Opinions
455 1350 272 52 rendered
772 1355 58 48 to
873 1350 95 51 the
1011 1353 227 63 present
1281 1348 158 63 date;
1486 1348 336 67 completely
1865 1348 260 53 indexed.

134 1429 126 67 [By]
303 1428 252 52 Edward
593 1429 65 50 T.
697 1426 224 55 Schenk
959 1429 110 52 and
1107 1427 155 53 John
1297 1426 78 52 H.
1411 1426 357 53 McMasters.
1842 1425 282 56 Stanford

129 1504 353 69 University,
510 1504 194 68 Calif.,
732 1504 280 54 Stanford
1041 1504 318 68 university
1386 1522 183 49 press;
1601 1504 258 57 London,
1886 1504 77 52 H.
131 1504 1971 145 Milford,

312 1583 230 55 Oxford
569 1582 319 69 university
914 1601 156 50 press
1104 1617 12 33 [
1122 1589 17 20 c
1145 1585 150 64 1936]

201 1657 81 47 vii,
311 1658 58 40 72
396 1669 43 37 p.
496 1657 55 40 23½cm.

203 1713 208 40 Revised
436 1715 96 39 and
557 1714 229 47 enlarged
811 1713 183 41 edition
1015 1712 52 41 of
1091 1724 28 29 a
1147 1715 164 45 report
1333 1713 236 47 prepared
1592 1712 50 39 in
1666 1711 114 41 1932
1804 1713 59 46 by
1889 1713 239 46 graduate

132 1770 225 40 students
396 1771 96 38 and
533 1770 273 46 professors
845 1770 52 39 of
939 1769 234 41 Stanford
1213 1768 271 49 university
1527 1770 96 38 and
1658 1768 254 49 published
1957 1769 48 40 in
2046 1771 82 39 the

134 1826 519 47 “Micropaleontology
680 1824 234 41 bulletin”
942 1827 151 39 under
1121 1825 122 48 title,
1272 1825 514 41 “Recommendations
1810 1826 80 39 for
1917 1826 83 39 the
131 1837 1980 85 procedure

330 1882 50 39 in
404 1882 83 40 the
511 1881 295 47 description
830 1882 53 40 of
906 1892 30 30 a
961 1893 105 29 new
1088 1880 419 49 species”.—Pref.

132 1935 53 52 ©
216 1939 108 39 Feb.
357 1939 70 46 26,
456 1937 112 42 1936;
630 1939 68 39 2c.
732 1940 120 38 Mar.
886 1939 52 38 11;
1003 1938 80 40 aff.
1119 1940 121 38 Mar.
1274 1940 28 38 7;
1360 1940 41 37 A
1432 1938 142 40 92191;
1638 1939 165 39 Board
1832 1940 52 39 of
1919 1941 214 39 trustees

206 1996 52 39 of
303 1996 80 39 the
430 1996 182 39 Leland
665 1996 233 40 Stanford
946 1995 167 46 junior
1159 1994 144 47 univ.,
1354 1996 234 39 Stanford
1639 1994 294 47 Universitv,
1986 1996 144 40 Calif.

211 2052 249 47 (36-7100)

132 2147 319 65 Schwartz,
480 2149 179 52 Jacob
688 2150 86 61 R.,
804 2154 170 48 1889-

202 2224 208 69 Cavity
455 2226 368 68 preparation
871 2226 112 53 and
1032 2225 294 55 abutment
1372 2223 383 57 construction
1800 2225 60 54 in
1904 2225 224 69 bridge-

132 2303 170 53 work.
377 2303 56 53 A
460 2305 229 53 treatise
719 2323 70 34 on
819 2305 97 52 the
945 2304 397 54 fundamental
1373 2305 309 67 principles
1712 2305 112 53 and
1854 2306 96 53 the
131 2305 1972 130 technical

312 2382 200 67 phases
543 2380 318 71 governing
890 2383 95 53 the
1018 2383 225 67 cutting
1274 2382 64 54 of
1370 2382 234 54 cavities
1635 2401 65 35 or
1732 2383 397 68 preparations

134 2458 57 54 in
222 2461 229 53 natural
484 2461 149 52 teeth
669 2460 94 53 for
793 2478 274 51 purposes
1101 2460 64 53 of
1199 2461 344 68 anchorage;
1582 2461 336 68 impression
132 2462 1971 128 methods
269 2537 93 54 for

399 2543 259 49 accurate
693 2539 401 67 reproduction
1134 2539 112 53 and
1284 2539 96 53 the
1418 2539 384 53 construction
1842 2539 63 52 of
1945 2540 185 66 inlays

133 2616 111 52 and
284 2615 318 54 abutments
639 2614 61 55 in
737 2617 338 53 accordance
1114 2617 140 52 with
1291 2618 236 53 modern
1565 2616 306 54 successful
1910 2618 219 66 casting

134 2694 351 67 procedures,
511 2694 76 67 by
611 2694 179 54 Jacob
819 2695 67 52 R.
918 2693 291 56 Schwartz
1243 2737 57 10 ...
1377 2695 163 53 With
1568 2694 133 54 four
1726 2695 261 53 hundred
2019 2695 109 55 and

134 2770 333 69 eighty-two
492 2772 247 68 original
765 2773 377 52 illustrations
1166 2773 75 66 by
1266 2773 96 52 the
1388 2773 207 52 author
1619 2774 264 52 executed
1909 2774 58 51 in
1996 2773 131 53 such

132 2847 248 56 medium
413 2850 111 53 and
557 2850 220 55 technic
811 2870 59 35 as
903 2856 60 48 to
996 2849 282 55 facilitate
1309 2851 95 53 the
1439 2852 296 67 portrayal
1770 2850 64 55 of
1867 2851 264 54 intricate

133 2927 345 54 mechanical
512 2929 205 53 details
749 2930 326 53 considered
1115 2930 261 52 essential
1414 2929 94 53 for
1544 2931 95 52 the
1675 2928 455 70 comprehensive

134 3006 170 66 study
333 3005 64 53 of
425 3006 114 53 this
566 3006 338 69 interesting
932 3006 233 68 subject,
1194 3007 75 67 by
1297 3008 95 52 the
1422 3008 462 67 undergraduate
1915 3027 59 35 as
2006 3009 125 51 well

135 3101 61 35 as
219 3083 95 53 the
338 3085 275 66 graduate
639 3085 194 53 dental
857 3085 244 53 student.
1177 3085 312 67 Brooklyn,
1515 3086 69 52 N.
1613 3086 91 67 Y.,
1730 3086 210 53 Dental
1968 3087 163 52 items

135 3160 65 53 of
222 3161 235 53 interest
477 3162 336 68 publishing
837 3181 97 48 co.,
959 3162 106 53 inc.;
1131 3162 274 68 [London]
1434 3163 76 53 H.
1536 3163 328 68 Kimpton’s
1891 3164 240 53 medical

137 3238 332 68 publishing
498 3240 190 66 house,
722 3243 148 50 1936.

204 3311 94 46 xiv,
327 3312 84 39 354
438 3323 41 37 p.
539 3311 143 46 illus.,
711 3313 177 47 diagrs.
951 3313 56 40 25
1009 3315 43 21 cm
1058 3345 9 9 .

205 3367 344 49 Bibliography;
604 3380 42 36 p.
675 3369 214 41 331-333.

140 3419 52 52 ©
228 3425 120 38 Mar.
384 3426 40 43 4,
463 3424 112 40 1936;
640 3425 68 40 2c.
747 3427 120 37 Mar.
906 3426 54 38 10;
1025 3425 81 40 aff.
1146 3427 120 38 Mar.
1304 3426 52 44 6;
1397 3426 40 38 A
1473 3425 170 47 93111;
1685 3427 176 39 Dental
1902 3427 143 40 items
2083 3427 52 40 of

209 3480 203 40 interest
442 3482 108 46 pub.
582 3493 81 35 co.,
695 3482 90 39 inc.
855 3481 249 47 (36-7469)

141 3569 210 63 Scully,
381 3571 215 51 Frank.

211 3643 242 53 Bedside
481 3662 238 39 manna;
752 3646 94 52 the
875 3645 157 53 third
1062 3645 106 53 fun
1197 3645 59 53 in
1283 3645 105 53 bed
1416 3645 163 68 book,
1610 3646 193 54 edited
1828 3645 75 69 by
1934 3644 198 53 Frank

144 3717 195 72 Scully
362 3723 110 51 and
498 3741 70 33 an
593 3723 225 52 all-star
840 3729 117 47 cast
984 3766 57 9 ...
1106 3723 138 53 New
1271 3723 180 68 York,
1478 3722 198 56 Simon
1703 3725 112 52 and
1846 3722 287 69 Schuster,

141 3796 124 68 inc.,
294 3803 148 49 1936.

211 3868 97 49 202,
344 3873 54 48 [1]
427 3882 42 37 p.
530 3873 141 41 illus.,
704 3873 177 48 diagrs.
940 3873 59 41 26
1000 3876 44 21 cm
1047 3905 9 9 .

214 3925 343 51 Bibliography;
615 3940 43 36 p.
691 3929 213 41 198-202.

145 3980 52 52 ©
226 3986 108 40 Feb.
364 3988 68 40 29.
463 3988 112 39 1936;
634 3989 67 39 2c.
733 3990 120 39 Mar.
884 3989 25 39 9;
966 3989 80 40 aff.
1080 3991 120 39 Mar.
1232 3990 28 40 6;
1316 3991 41 38 A
1388 3989 142 41 92151;
1593 3992 50 40 F.
1678 3993 175 46 Scully,
1886 3992 248 47 Burbank,

213 4041 142 41 Calif.
425 4044 249 40 (36-7132)
