2519 4377
1004 4090 127 49 1631

53 405 403 64 McDonough,
482 404 229 53 Marian
740 404 317 63 McIntyre.

123 476 1867 71 Westward to the stars, by Marian McIntyre McDonough …
59 558 318 53 illustrated
415 557 75 67 by
527 555 286 68 Manning
851 557 66 52 de
956 557 70 52 V.
1065 557 125 51 Leo.
1264 553 425 68 Philadelphia,
1729 554 120 52 The
1890 554 158 51 Penn

58 635 331 69 publishing
417 652 279 49 company
734 666 11 33 [
752 640 17 21 c
776 636 133 50 1936]

124 709 85 40 317
238 719 42 37 p.
337 708 163 46 front.,
531 707 144 47 illus.,
705 706 168 48 plates.
932 707 54 38 22
990 709 43 20 cm
1039 738 10 8 .

127 765 284 39 Illustrated
444 763 362 48 lining-papers.

57 822 52 53 ©
136 828 116 38 Nov.
281 826 67 43 10.
378 825 139 48 1936;
547 826 66 39 2c.
643 825 94 38 and
798 825 49 39 aff.
876 826 116 39 Nov.
1026 824 77 42 12:
1135 826 36 38 A
1202 822 170 43 99780:
1405 825 129 38 Penn
1563 833 62 37 pub.
1703 832 66 30 co.

137 882 280 48 (30-30322)

61 985 1359 67 [McKinney, William Mark] 1860- e d.
57 1062 1996 134 … New California digest. Supplement. 1936 for volumes 1-27 … San
437 1143 319 52 Francisco.
788 1141 579 65 Bancroft-Whitney
1395 1159 297 47 company,
1724 1143 148 50 1936.

158 1214 268 40 27 v 23c m .
129 1271 155 39 These
314 1270 273 48 pamphlets
619 1279 84 29 are
735 1273 47 34 to
812 1269 57 38 he
900 1269 136 39 fitted
1069 1269 100 39 into
1203 1269 81 39 the
1315 1269 198 47 pockets
1544 1269 51 38 at
1627 1268 81 39 the
1739 1268 122 39 back
1893 1269 51 37 of
1976 1268 82 41 the

61 1328 214 41 volumes
301 1327 51 38 of
382 1327 79 40 the
490 1328 71 37 set
592 1329 48 36 to
668 1325 157 39 which
852 1325 112 47 they
995 1325 181 46 belong.

60 1386 53 53 ©
138 1391 116 39 Nov.
283 1389 66 43 18,
378 1388 138 42 1936:
545 1388 67 40 2c.
639 1388 116 39 each
785 1388 93 38 and
907 1387 81 41 aff.
1015 1388 118 38 Nov.
1161 1387 81 41 28:
1273 1389 37 38 A
1340 1387 198 47 100634;
1570 1386 487 49 Bancroft-Whitney

129 1457 66 28 co.

59 1550 336 63 Magruder,
425 1548 197 52 Frank
650 1547 245 63 Abbott,
926 1552 171 51 1882-

58 1622 1975 149 Our national government; an introductory course for colleges, by Frank Abbott Magruder … and Catheryn
56 1700 2000 148 Seckler-Hudson … Boston, New York [etc.] Allyn and Bacon [ c 1936]
126 1852 61 47 vi,
219 1852 70 51 [2],
317 1852 99 49 603,
444 1851 57 41 49
530 1862 42 37 p.
632 1852 163 49 front.,
825 1853 142 47 illus.,
997 1853 179 47 diagrs.
1236 1852 55 40 21
1296 1854 44 22 cm
1343 1883 9 9 .

128 1908 294 48 “Suggested
450 1908 301 41 references”
779 1911 52 38 at
857 1910 90 40 end
973 1909 52 43 of
1049 1910 120 40 each
1197 1910 213 47 chapter.

63 1964 1810 53 © Oct. 9, 1936; 2c. Oct. 30; aff. Oct. 31: A 99686; Allyn & Bacon.
144 2023 280 48 (36-30302)

63 2127 222 63 Marsh,
314 2127 227 64 George
567 2129 208 62 Tracy,
806 2129 170 55 1876-

134 2203 120 55 The
289 2203 151 54 river
473 2205 64 53 of
570 2203 179 56 skulls
788 2204 92 68 [by]
936 2203 221 70 George
1191 2204 216 55 Marsh.
1481 2205 428 70 Philadelphia,
1944 2207 122 53 The

65 2282 157 52 Penn
260 2281 333 67 publishing
624 2300 281 50 company
942 2317 12 33 [
959 2290 18 21 c
983 2286 133 49 1936
1122 2317 12 33 ]

134 2354 81 40 311
249 2365 41 38 p.
351 2355 148 40 front.
558 2355 57 41 20
617 2357 45 22 cm
667 2387 10 9 .

138 2412 136 46 Maps
305 2422 57 29 on
393 2411 363 48 lining-papers.

66 2463 53 53 ©
145 2468 116 38 Nov.
290 2468 38 41 2,
359 2467 139 47 1936;
528 2467 67 40 2c.
625 2468 97 40 and
753 2468 80 39 aff.
864 2469 117 39 Nov.
1011 2468 80 43 12;
1123 2470 39 38 A
1191 2468 171 49 99778;
1395 2471 131 39 Penn
1554 2471 111 47 pub.
1695 2480 67 30 co.
148 2523 279 48 (36-30321)

68 2628 142 50 New
235 2628 179 51 York.
489 2628 420 64 Metropolitan
935 2646 269 36 museum
1232 2630 63 52 of
1318 2634 115 50 art.

193 2702 1871 73 … Roman art, a picture book; twenty plates. New York
68 2778 138 66 [The
236 2779 259 54 Museum
526 2798 176 50 press]
739 2784 150 50 1936.

131 2851 1313 57 3 p. l., 20 pl. on 10 l., 1 l. 19 cm . [Picture books]
134 2908 62 41 At
221 2911 122 39 head
372 2910 52 40 of
449 2911 135 40 title:
612 2911 101 41 The
738 2911 345 50 Metropolitan
1113 2923 217 31 museum
1359 2915 51 40 of
1437 2917 91 38 art.

135 2964 124 42 Text
292 2966 193 47 signed:
520 2965 248 44 Christine
800 2969 290 41 Alexander.

70 3018 53 53 ©
157 3026 126 45 Sept.
316 3025 66 43 19.
413 3024 138 42 1936:
583 3025 66 39 2c.
682 3025 96 40 and
808 3026 81 41 aff.
920 3027 101 40 Oct.
1053 3027 47 38 21:
1168 3030 37 38 A
1239 3028 198 45 100048;
1472 3031 347 48 Metropolitan
1849 3043 218 30 museum

142 3080 51 37 of
219 3085 91 35 art.
380 3079 280 49 (36-30313)

70 3182 186 62 Rival,
281 3184 163 54 Paul.

141 3259 119 52 The
296 3258 85 53 six
415 3259 170 54 wives
621 3260 64 52 of
720 3261 200 69 Henry
1069 3306 10 24 VII,
1114 3264 74 66 by
1224 3264 146 52 Paul
1405 3265 200 70 Rival;
1645 3269 314 53 translated
1994 3270 74 68 by

73 3336 111 52 Leo
224 3334 212 54 Gurko.
513 3335 136 55 New
692 3337 177 69 York,
908 3338 66 55 G.
1014 3340 64 53 P.
1119 3340 296 54 Putnam’s
1452 3361 146 51 sons,
1639 3347 149 51 1936.

142 3406 84 39 viii
259 3416 56 38 p..
346 3407 23 38 1
438 3438 8 14 l.,
477 3407 86 41 277
593 3420 42 36 p.
697 3408 145 42 22½cm.

74 3461 52 52 ©
153 3467 101 38 Oct.
281 3465 68 43 23.
379 3466 138 41 1936:
545 3466 65 39 2c.
640 3468 103 41 Oct.
769 3468 82 42 26;
881 3469 81 38 aff.
992 3471 101 39 Oct.
1120 3471 82 41 24:
1232 3474 38 37 A
1298 3472 141 39 99724;
1504 3475 52 39 G.
1586 3476 47 38 P.
1664 3477 250 39 Putnam’s
1943 3489 113 29 sons

155 3521 279 50 (36-30354)

74 3625 315 63 Robinson,
417 3627 262 53 Maurice
708 3629 222 64 Henry,
962 3633 171 53 1867-

70 3698 1971 155 Organizing a business [by] Maurice H. Robinson … Chicago, La Salle extension university, 1936.
139 3849 99 44 viii,
267 3849 86 41 269
382 3860 43 37 p.
484 3850 145 41 21½cm.

77 3903 53 53 ©
162 3909 99 39 Oct.
294 3909 66 43 12,
392 3908 138 42 1936:
560 3909 67 40 2c.
658 3911 93 38 and
783 3912 80 40 aff.
894 3913 116 40 Nov.
1040 3916 52 38 2:
1127 3917 36 36 A
1194 3916 135 38 99701:
1440 3929 24 28 La
1500 3920 129 40 Salle
1659 3923 251 39 extension
1942 3925 128 40 univ.

152 3963 277 49 [Copyright
459 3965 40 38 is
527 3965 203 41 claimed
762 3978 58 28 on
850 3979 103 28 new
985 3973 177 37 matter
1192 3972 93 38 and
1317 3973 250 47 revisions,
158 4020 279 50 (36-30300)
