2519 4377
1299 4113 99 52 760

339 444 158 66 Hull,
527 444 234 55 Gordon
792 444 220 64 Ferrie,
1046 446 171 55 1870-

415 520 96 54 An
539 520 348 69 elementary
914 538 205 51 survey
1151 520 63 53 of
1241 520 239 52 modern
1506 518 248 70 physics,
1782 519 73 68 by
1888 517 236 55 Gordon
2156 518 195 54 Ferrie

344 597 1728 69 Hull … New York, The Macmillan company, 1936.
414 668 1298 50 xxiv p., 1 l., 457 p. front., illus., diagrs. 22cm.
344 725 53 53 ©
431 730 129 40 June
590 729 40 49 9,
666 728 142 49 1936;
844 729 67 41 2c.
947 730 96 39 and
1077 728 82 41 aff.
1194 728 127 40 June
1357 728 54 40 10;
1475 729 42 38 A
1550 727 172 48 94868;
1762 728 52 43 G.
1852 728 50 42 F.
1938 728 134 47 Hull,
2108 729 245 47 Hanover,

413 786 56 41 N.
504 787 60 41 H.
637 786 283 49 (36-12654)

342 889 239 64 Jaques,
609 890 188 55 Edna.

415 965 103 69 My
557 965 231 55 kitchen
831 966 264 69 window,
1136 965 77 70 by
1255 966 169 53 Edna
1465 968 228 67 Jaques.
1769 968 138 52 New
1953 966 179 67 York,
2175 968 55 54 J.
2274 968 76 52 H.

343 1045 666 69 Hopkins & son, inc. [c1936]
416 1118 87 41 126
532 1129 42 39 p.
636 1118 118 44 20cm.

418 1177 185 40 Poems.

419 1232 163 42 “First
611 1232 228 42 edition.”

345 1286 54 54 ©
431 1291 131 40 June
589 1291 41 48 2,
664 1289 142 49 1936;
840 1290 69 41 2c.
945 1291 126 40 June
1104 1290 53 48 3;
1195 1290 82 41 aff.
1312 1291 131 39 June
1471 1291 82 46 13;
1589 1291 45 39 A
1662 1289 172 48 96002;
1872 1291 134 40 John.
2036 1292 61 40 H.
2133 1291 222 48 Hopkins

414 1348 36 40 &
479 1359 99 37 son,
609 1347 91 41 inc.
768 1347 283 51 (36-12679)

342 1452 133 65 Jay,
507 1450 176 66 John,
719 1452 327 55 1745-1829.

420 1527 165 55 Some
631 1527 424 54 conversations
1098 1528 64 52 of
1205 1528 103 54 Dr.
1357 1527 283 54 Franklin
1683 1527 113 53 and
1839 1527 110 54 Mr.
1997 1527 143 69 Jay;
2185 1528 172 70 being

346 1607 96 53 the
474 1604 126 56 first
634 1605 358 71 publication
1026 1605 64 55 of
1124 1625 32 34 a
1188 1604 358 71 manuscript
1579 1605 230 55 written
1843 1605 73 70 by
1953 1605 158 56 John
2147 1607 115 69 Jay
2296 1606 60 54 in

348 1684 168 54 Paris
550 1685 216 69 during
803 1683 324 55 1783-1784.
1204 1684 164 54 With
1404 1703 72 35 an
1512 1684 399 69 introductory
1949 1703 160 51 essay
2144 1703 73 35 on
2253 1685 101 54 Dr.

348 1762 2009 70 Franklin & Mr. Jay by Frank Monaghan … New Haven,
349 1841 198 68 Conn.,
579 1842 122 52 The
734 1841 186 54 Three
952 1841 203 54 monks
1186 1858 175 52 press,
1397 1843 149 52 1936.

417 1912 634 50 1 p. l., 17, [1] p. 23cm.
419 1969 144 40 “Two
595 1970 223 40 hundred
852 1971 95 39 and
979 1970 301 47 forty-seven
1313 1971 159 47 copies
1505 1970 237 50 printed.”

421 2026 182 41 Errata
634 2025 97 50 slip
757 2026 103 41 laid
889 2026 65 42 in.

347 2082 54 54 ©
439 2087 129 40 June
604 2086 71 48 12,
713 2085 142 48 1936;
895 2086 68 41 2c.
1003 2087 130 39 June
1167 2087 82 46 17;
1290 2086 81 41 aff.
1412 2087 127 39 June
1577 2087 82 47 16;
1701 2088 40 38 A
1779 2087 173 48 95717;
1993 2088 158 41 Three
2187 2088 172 41 monks

416 2155 149 37 press.
630 2143 283 49 (36-12633)

344 2247 286 66 Johnson,
656 2247 203 66 Edgar
884 2248 318 65 Augustus
1226 2248 254 57 Jerome.

349 2323 1988 150 Some origins of the modern economic world, by E. A. J. Johnson … New York, The Macmillan company, 1936.
421 2477 81 49 vii,
525 2477 84 41 163
632 2488 43 38 p.
735 2477 119 42 22cm.

348 2530 54 54 ©
431 2535 115 48 May
575 2535 39 46 5,
644 2533 143 50 1936;
819 2535 66 40 2c.
918 2536 96 39 and
1044 2535 83 41 aff.
1159 2536 115 48 May
1304 2536 53 47 6;
1391 2536 42 39 A
1461 2534 172 49 95016;
1666 2535 283 42 Macmillan
1980 2546 68 31 co.

428 2591 283 49 (36-12817)

346 2686 177 66 King,
553 2688 66 54 O.
646 2688 68 56 B.

420 2763 353 70 Interesting
820 2764 149 54 facts
1018 2765 172 52 about
1233 2766 187 53 Texas
1466 2764 59 53 in
1574 2784 31 34 a
1652 2765 265 53 nutshell.
1994 2766 90 53 Ft.
2132 2765 226 67 Worth,

349 2843 156 68 Tex.,
533 2841 68 56 O.
631 2841 68 54 B.
728 2842 166 70 King
924 2845 193 66 [c1936]

422 2913 56 41 64
514 2924 44 39 p.
619 2914 130 41 illus.
778 2914 133 49 (incl.
946 2915 175 48 ports.)
1190 2915 117 42 20cm.

422 2970 71 41 On
523 2980 169 31 cover:
723 2971 159 41 Texas
912 2972 289 49 centennial,
1230 2971 276 44 1836-1936.

423 3026 914 51 “Copyrighted … by O. B. King.”
421 3084 340 41 “Correction”
794 3085 96 48 slip
919 3086 231 39 mounted
1183 3095 61 30 on
1275 3096 44 38 p.
1350 3086 70 41 57.

350 3139 54 53 ©
432 3144 129 42 June
587 3145 39 48 3,
656 3144 115 41 1936;
828 3144 68 41 2c.
928 3146 96 39 and
1053 3143 83 42 aff.
1168 3145 126 40 June
1324 3145 53 39 11;
1437 3145 40 39 A
1507 3144 143 42 95668;
1712 3146 52 40 O.
1796 3147 55 40 B.
1882 3146 144 49 King,
2058 3147 144 39 Knox
2233 3147 124 48 City,

420 3201 114 43 Tex.
601 3201 282 48 (36-12637)

348 3290 364 61 Kruckman,
738 3291 181 55 Herb.

419 3366 136 52 Hol’
591 3385 79 49 up
706 3368 90 68 yo’
832 3368 175 68 head;
1045 3367 228 55 written
1311 3370 112 53 and
1460 3369 325 56 illustrated
1820 3370 74 69 by
1931 3371 162 53 Herb
349 3371 1981 127 Kruckman.
573 3446 139 54 New
741 3446 180 68 York,
951 3446 153 54 Pitel
1133 3447 337 69 publishing
1497 3465 97 50 co.,
1625 3452 148 50 1936.

421 3519 56 41 34
530 3554 8 8 l.
599 3520 173 48 plates.
831 3519 117 43 27cm.

420 3577 103 40 The
548 3577 88 40 life
663 3576 53 41 of
743 3576 166 42 Christ
936 3578 100 40 told
1063 3577 48 40 in
1139 3578 158 48 Negro
1326 3578 192 42 dialect.

424 3633 163 42 “First
618 3633 228 43 edition.”

349 3686 53 54 ©
429 3691 126 41 June
583 3692 38 48 1,
650 3691 140 48 1936;
819 3690 66 42 2c.
913 3692 96 40 and
1036 3691 83 43 aff.
1147 3693 127 40 June
1300 3693 25 41 3;
1384 3694 39 38 A
1450 3692 171 48 95535;
1651 3694 59 40 H.
1740 3693 299 48 Kruckman,
2067 3695 117 40 New
2211 3694 145 41 York.

429 3748 283 48 (36-12675)

347 3836 289 65 Krueger,
666 3837 224 54 Walter
917 3836 274 67 William,
1223 3844 170 50 1890-

421 3913 121 54 The
570 3912 430 55 fundamentals
1025 3913 65 54 of
1116 3914 263 68 personal
1405 3914 262 68 hygiene,
1693 3913 301 70 including
2019 3914 149 54 their
351 3932 1980 111 practical
528 3989 356 69 application
924 3997 56 47 to
1019 3991 291 53 healthful
1348 3991 202 69 living,
1591 3992 72 68 by
1704 3991 220 55 Walter
1961 3993 89 53 W.
2092 3992 262 69 Krueger
