2519 4377
1363 4147 134 51 1252

407 552 2017 54 © Nov. 18, 1935; 1c . July 30, 1936; A-Foreign 32431; Oasa éditrice
478 615 53 38 A.
559 614 304 40 Mondadori.
928 613 283 51 (36-19568)

407 720 229 64 Carter,
662 718 233 53 Russell
924 718 254 64 Gordon,
1208 724 173 50 1892-

481 795 54 53 A
564 795 220 68 patriot
811 795 95 53 lad
937 794 64 55 of
1029 795 96 53 old
1152 795 165 54 West
1341 796 194 66 Point,
1560 795 76 68 by
1665 795 225 53 Russell
1920 794 239 55 Gordon
2190 795 229 58 Carter;

409 873 328 54 illustrated
766 873 75 69 by
868 872 271 55 Frederic
1167 873 72 55 A.
1268 873 321 55 Anderson.
1652 873 432 69 Philadelphia,
2113 874 121 53 The
2263 876 161 52 Penn

410 952 881 70 publishing company [ c 1936]
483 1041 84 39 221
598 1052 44 37 p.
699 1040 165 48 front.,
894 1042 173 47 plates.
1121 1041 59 41 20
1182 1043 44 22 cm
1230 1073 9 9 .

409 1107 53 53 ©
493 1112 127 47 Sept.
649 1113 42 45 4,
720 1111 113 41 1936;
892 1111 66 40 2c.
988 1111 97 40 and
1115 1112 82 40 aff.
1229 1113 129 47 Sept.
1388 1112 55 40 16;
1501 1113 41 39 A
1571 1112 146 41 97834;
1776 1114 134 39 Penn
1938 1113 112 48 pub.
2080 1123 68 31 co.
491 1168 283 48 (36-19448)

409 1272 225 65 Cascio,
666 1273 338 65 Domenico,
1038 1279 173 50 1896-

487 1350 52 52 A
577 1369 123 34 new
742 1351 204 67 theory
985 1369 72 34 on
1095 1351 96 52 the
1230 1349 252 69 etiology
1522 1348 403 71 pathogenesis
1965 1355 308 48 treatment
2313 1350 112 53 and

414 1427 338 69 prevention
793 1428 64 52 of
899 1446 199 35 cancer
1143 1472 56 9 ...
1243 1429 74 67 by
1358 1428 71 53 D.
1474 1426 199 56 Cascio
1719 1472 56 10 ...
1854 1426 141 53 New
2037 1427 182 68 York,
2260 1429 64 53 F.
2370 1428 54 55 S.

414 1506 572 60 Vanni. inc. [ c 1936]
482 1576 945 51 3 p. l., 9-233 p.. 3 1. illus. 21 cm .
485 1648 357 49 “Preliminary
869 1652 167 45 report
1059 1650 386 41 communicated
1473 1652 48 39 to
1548 1652 82 39 the
1655 1651 208 40 medical
1887 1650 121 42 staff
2032 1651 51 40 of
2110 1652 82 40 the
413 1651 1997 95 Gouverneur

564 1706 215 48 hospital
811 1708 55 39 N.
898 1706 222 42 Y.—Oct.
1150 1707 69 46 12,
1253 1705 130 43 1934.
1444 1708 209 40 Kevised
1686 1718 60 29 on
1780 1709 170 40 March
1983 1707 157 42 1936.”

484 1763 353 49 Bibliography;
904 1774 43 38 p.
984 1763 219 42 215-233.

413 1833 54 53 ©
491 1838 127 39 June
643 1837 71 48 30,
741 1838 141 47 1936;
909 1838 68 40 2c.
1003 1838 121 47 Aug.
1152 1838 24 40 8;
1234 1838 82 40 aff.
1343 1838 120 47 Aug.
1489 1838 83 48 20;
1602 1839 41 39 A
1666 1837 146 41 97449;
1868 1840 58 39 D.
1955 1837 185 50 Cascio,
2169 1838 262 47 Brooklyn.

493 1894 284 50 (36-19402)

416 1998 276 68 [Clinton,
721 1998 211 55 Daniel
959 1999 242 67 Joseph]
1236 2005 174 51 1900-

484 2077 231 68 Gomez,
758 2082 199 63 tyrant
1000 2077 65 54 of
1105 2078 97 53 the
1243 2078 215 67 Andes,
1499 2078 78 68 by
1620 2078 250 55 Thomas
1911 2078 233 54 Rourke
2211 2078 195 67 [pseud.]

414 2156 139 55 New
585 2156 181 69 York,
792 2158 90 54 W.
912 2157 254 55 Morrow
1193 2162 47 50 &
1268 2175 300 50 company,
1600 2161 150 51 1936.

574 2263 8 16 xvi,
611 2230 89 43 320
726 2241 43 39 p.
830 2229 165 51 front.,
1025 2231 172 50 plates,
1227 2232 165 48 ports.,
1422 2230 179 50 diagrs.
1663 2231 57 41 22
1723 2233 44 22 cm
1773 2265 8 9 .

486 2303 129 41 Title
646 2303 51 41 in
729 2304 84 40 red
844 2304 96 40 and
970 2303 157 44 black.

488 2361 140 48 Maps
662 2371 60 30 on
752 2361 367 49 lining-papers.

489 2418 163 41 “First
683 2418 230 42 edition.”

490 2475 352 49 Bibliography;
906 2486 44 39 p.
985 2475 220 42 314-315.

417 2542 52 54 ©
509 2548 127 47 Sept.
676 2546 39 49 9,
754 2546 141 48 1936;
935 2546 67 41 2c.
1046 2548 128 47 Sept.
1212 2547 81 47 12;
1337 2546 80 41 aff.
1460 2547 129 48 Sept.
1627 2548 56 38 14;
1751 2547 41 39 A
1828 2546 174 48 98406;
2045 2548 55 39 D.
2142 2548 42 39 J.
2225 2546 209 47 Clinton,

487 2604 340 48 Washington.
897 2604 281 48 (36-19553)

416 2708 236 65 Collins,
682 2708 163 56 Dale.

487 2788 151 52 Race
681 2787 96 53 the
819 2805 121 34 sun.
1023 2787 364 67 [Instalment
1431 2789 46 50 6.
1556 2785 362 68 Conclusion]

498 2876 81 48 (In
618 2870 222 53 Leisure,
877 2870 133 54 Aug.
1049 2872 70 51 11,
1160 2871 144 51 1936)

419 2941 2015 54 © 1c. Oct. 8, 1936; A ad int. 21867; pubd. Aug. 11; D. Collins, London.
418 3065 223 65 Colvin,
672 3066 152 53 Fred
853 3065 278 64 Herbert,
1164 3065 173 56 1867-

490 3142 260 70 Drilling
782 3142 113 53 and
926 3141 301 69 surfacing
1259 3141 279 69 practice;
1573 3138 260 71 drilling,
1863 3140 278 69 reaming,
2172 3138 264 70 tapping,

421 3222 260 68 planing,
712 3221 267 69 shaping,
1010 3220 258 69 slotting,
1298 3218 230 71 milling
1559 3219 114 54 and
1702 3219 336 69 broaching,
2068 3219 75 68 by
2175 3219 152 52 Fred
2359 3219 75 52 H.

420 3298 208 57 Colvin
671 3343 56 9 ...
767 3300 113 52 and
916 3299 200 52 Frank
1149 3299 72 53 A.
1260 3298 240 68 Stanley
1540 3342 56 9 ...
1674 3301 86 51 1st
1792 3297 84 55 ed.
1948 3297 142 53 New
2126 3297 163 53 York
2324 3297 106 53 and

420 3378 260 67 London,
707 3377 432 55 McGraw-Hill
1167 3378 148 53 book
1344 3395 298 50 company,
1670 3376 127 67 inc.,
1827 3379 151 49 1936.

490 3451 96 50 xiv,
617 3451 87 41 431
734 3463 44 38 p.
838 3451 142 47 illus.,
1012 3452 181 49 diagrs.
1253 3450 55 40 23½
1342 3453 45 22 cm
1391 3483 9 9 .

421 3519 54 54 ©
505 3524 120 47 Aug.
656 3524 40 48 6,
728 3522 141 49 1936;
903 3523 66 42 2c.
1001 3524 121 48 Aug.
1154 3523 82 48 20;
1270 3523 81 41 aff.
1384 3523 119 48 Aug.
1537 3522 81 47 11;
1652 3523 40 39 A
1723 3520 172 49 97428;
1930 3520 355 42 McGraw-Hill
2317 3518 122 41 book

493 3592 82 38 co.,
604 3582 90 39 inc.
762 3581 282 49 (36-19767)

421 3688 342 53 Commerce
792 3686 263 64 clearing
1083 3686 204 55 house.

495 3765 124 53 The
649 3770 101 48 tax
782 3765 110 51 law
923 3763 64 54 of
1018 3763 99 54 the
1147 3769 144 48 state
1325 3762 64 54 of
1421 3762 139 53 New
1596 3760 180 68 York,
1812 3778 62 35 as
1906 3759 64 54 of
2003 3759 247 67 August,
2288 3760 149 50 1936.

425 3843 273 53 Indexed.
775 3842 250 68 Albany,
1059 3843 139 51 New
1232 3841 180 67 York,
1446 3840 325 54 Commerce
1805 3838 254 67 clearing
2093 3838 190 64 house,
2314 3836 124 65 inc.,

424 3921 180 53 Loose
638 3920 120 53 leaf
789 3920 215 54 service
1037 3920 249 54 division
1319 3919 65 53 of
1418 3919 95 53 the
1552 3916 384 69 Corporation
1974 3919 151 49 trust
2160 3932 278 49 company

428 4002 194 65 [c1936]

494 4084 529 54 3 p. l., 274 p. 23 cm .
