<alto xmlns="http://www.loc.gov/standards/alto/ns-v3#" xmlns:xsi="http://www.w3.org/2001/XMLSchema-instance" xsi:schemaLocation="http://www.loc.gov/standards/alto/ns-v3# http://www.loc.gov/alto/v3/alto-3-0.xsd"><Description>
<MeasurementUnit>pixel</MeasurementUnit>
<sourceImageInformation>
<fileName>1936_v33_Part1.pdf</fileName>
</sourceImageInformation>
<OCRProcessing ID="IdOcr">
<ocrProcessingStep>
<processingDateTime>2019-01-18</processingDateTime>
<processingSoftware>
<softwareCreator>ABBYY</softwareCreator>
<softwareName>ABBYY Recognition Server</softwareName>
<softwareVersion>4.0</softwareVersion>
</processingSoftware>
</ocrProcessingStep>
</OCRProcessing>
</Description>
<Styles>
<ParagraphStyle ALIGN="Left" FIRSTLINE="0." ID="StyleId-FFFFFFFF-FFFF-FFFF-FFFF-FFFFFFFFFFFF-" LEFT="0." RIGHT="0." />
<ParagraphStyle ALIGN="Left" FIRSTLINE="0." ID="StyleId-51D50FAC-7A90-4D70-8A96-5EA9D46D1C8B-" LEFT="0." LINESPACE="7.699999809" RIGHT="0." />
<ParagraphStyle ALIGN="Block" FIRSTLINE="-17." ID="StyleId-6BC133E9-7DCB-43C3-8842-A67984A26405-" LEFT="0." LINESPACE="8.340000153" RIGHT="0." />
<ParagraphStyle ALIGN="Left" FIRSTLINE="-13." ID="StyleId-3C3FF860-43E7-46A2-8934-48F305F6F0D6-" LEFT="0." LINESPACE="11.06999969" RIGHT="0." />
<ParagraphStyle ALIGN="Block" FIRSTLINE="-13." ID="StyleId-19220C76-4F8A-4737-B38C-B5F5C17E6040-" LEFT="0." LINESPACE="11.06999969" RIGHT="0." />
<ParagraphStyle ALIGN="Left" FIRSTLINE="0." ID="StyleId-75A0D721-13ED-4F20-9002-B389EC48477D-" LEFT="0." LINESPACE="15.5" RIGHT="0." />
<ParagraphStyle ALIGN="Left" FIRSTLINE="0." ID="StyleId-8A414184-C7A5-4AC7-9B88-7DA4DDE75922-" LEFT="0." LINESPACE="9.399999619" RIGHT="0." />
<ParagraphStyle ALIGN="Left" FIRSTLINE="0." ID="StyleId-1A87970B-111C-4169-99A6-9412976F3C97-" LEFT="0." LINESPACE="10.5" RIGHT="0." />
<ParagraphStyle ALIGN="Block" FIRSTLINE="-17." ID="StyleId-72DB0571-5AE4-41FD-9E11-68C6AC4C437E-" LEFT="0." LINESPACE="8.340000153" RIGHT="0." />
<ParagraphStyle ALIGN="Center" FIRSTLINE="0." ID="StyleId-1AA43056-C388-4697-B10F-72FDAA38FAE1-" LEFT="0." LINESPACE="10.5" RIGHT="0." />
</Styles>
<Layout>
<Page HEIGHT="4377" ID="Page1003" PHYSICAL_IMG_NR="1003" WIDTH="2519">
<TopMargin HEIGHT="414" HPOS="0" VPOS="0" WIDTH="2519">
</TopMargin>
<LeftMargin HEIGHT="3716" HPOS="0" VPOS="414" WIDTH="88">
</LeftMargin>
<RightMargin HEIGHT="3716" HPOS="2108" VPOS="414" WIDTH="411">
</RightMargin>
<BottomMargin HEIGHT="247" HPOS="0" VPOS="4130" WIDTH="2519">
</BottomMargin>
<PrintSpace HEIGHT="3716" HPOS="88" VPOS="414" WIDTH="2020">
<TextBlock HEIGHT="72" HPOS="1008" ID="Page1003_Block1" LANG="en-US" STYLEREFS="StyleId-A27B9999-F5C5-4433-B9DB-C579A673624E-" VPOS="4058" WIDTH="152">
<TextLine HEIGHT="51" HPOS="1018" VPOS="4069" WIDTH="131">
<String CONTENT="1003" HEIGHT="51" HPOS="1018" VPOS="4069" WIDTH="131" />
</TextLine>
</TextBlock>
<TextBlock CS="1" HEIGHT="3648" HPOS="88" ID="Page1003_Block2" LANG="en-US" STYLEREFS="StyleId-B8585FA5-AC8C-4943-80B6-320F6BCF0DD5-" VPOS="414" WIDTH="2020">
<TextLine HEIGHT="62" HPOS="102" LANG="fr" STYLEREFS="StyleId-7868C62D-F237-4262-9A46-7C898858FE6C-" VPOS="424" WIDTH="537">
<String CONTENT="Clark," HEIGHT="62" HPOS="102" VPOS="424" WIDTH="191" />
<SP HEIGHT="62" HPOS="294" VPOS="424" WIDTH="29" />
<String CONTENT="George" HEIGHT="62" HPOS="324" VPOS="424" WIDTH="224" />
<SP HEIGHT="51" HPOS="549" VPOS="424" WIDTH="25" />
<String CONTENT="B." HEIGHT="53" HPOS="575" VPOS="424" WIDTH="64" />
</TextLine>
<TextLine CS="1" HEIGHT="148" HPOS="100" STYLEREFS="StyleId-7868C62D-F237-4262-9A46-7C898858FE6C-" VPOS="496" WIDTH="1992">
<String CONTENT="Our" HEIGHT="55" HPOS="172" VPOS="498" WIDTH="121" />
<SP HEIGHT="33" HPOS="294" VPOS="518" WIDTH="46" />
<String CONTENT="masonic" HEIGHT="53" HPOS="341" VPOS="498" WIDTH="248" />
<SP HEIGHT="53" HPOS="590" VPOS="498" WIDTH="45" />
<String CONTENT="heritage," HEIGHT="68" HPOS="636" VPOS="498" WIDTH="274" />
<SP HEIGHT="48" HPOS="911" VPOS="518" WIDTH="47" />
<String CONTENT="a" HEIGHT="34" HPOS="959" LANG="fr" VPOS="518" WIDTH="31" />
<SP HEIGHT="51" HPOS="991" VPOS="515" WIDTH="46" />
<String CONTENT="glimpse" HEIGHT="70" HPOS="1038" VPOS="496" WIDTH="243" />
<SP HEIGHT="35" HPOS="1282" VPOS="516" WIDTH="47" />
<String CONTENT="of" HEIGHT="54" HPOS="1330" VPOS="497" WIDTH="62" />
<SP HEIGHT="52" HPOS="1393" VPOS="497" WIDTH="47" />
<String CONTENT="the" HEIGHT="53" HPOS="1441" VPOS="497" WIDTH="94" />
<SP HEIGHT="53" HPOS="1536" VPOS="497" WIDTH="46" />
<String CONTENT="historical" HEIGHT="54" HPOS="1583" VPOS="496" WIDTH="293" />
<SP HEIGHT="53" HPOS="1877" VPOS="498" WIDTH="47" />
<String CONTENT="background" HEIGHT="147" HPOS="100" VPOS="497" WIDTH="1969" />
<SP HEIGHT="53" HPOS="324" VPOS="577" WIDTH="47" />
<String CONTENT="of" HEIGHT="54" HPOS="372" VPOS="576" WIDTH="62" />
<SP HEIGHT="53" HPOS="435" VPOS="575" WIDTH="48" />
<String CONTENT="freemasonry," HEIGHT="69" HPOS="484" VPOS="575" WIDTH="406" />
<SP HEIGHT="67" HPOS="891" VPOS="576" WIDTH="46" />
<String CONTENT="by" HEIGHT="68" HPOS="938" VPOS="576" WIDTH="75" />
<SP HEIGHT="69" HPOS="1014" VPOS="575" WIDTH="46" />
<String CONTENT="George" HEIGHT="69" HPOS="1061" VPOS="575" WIDTH="221" />
<SP HEIGHT="52" HPOS="1283" VPOS="577" WIDTH="46" />
<String CONTENT="B." HEIGHT="52" HPOS="1330" VPOS="577" WIDTH="68" />
<SP HEIGHT="56" HPOS="1399" VPOS="574" WIDTH="48" />
<String CONTENT="Clark" HEIGHT="56" HPOS="1448" VPOS="574" WIDTH="178" />
<SP />
<String CONTENT="&#8230;" CS="1" />
<SP HEIGHT="34" HPOS="1737" VPOS="608" WIDTH="91" />
<String CONTENT="[Denver," HEIGHT="67" HPOS="1829" VPOS="576" WIDTH="263" />
</TextLine>
<TextLine CS="1" HEIGHT="69" HPOS="102" STYLEREFS="StyleId-7868C62D-F237-4262-9A46-7C898858FE6C-" VPOS="653" WIDTH="1719">
<String CONTENT="Printed" HEIGHT="53" HPOS="102" VPOS="653" WIDTH="237" />
<SP HEIGHT="51" HPOS="340" VPOS="654" WIDTH="28" />
<String CONTENT="by" HEIGHT="67" HPOS="369" VPOS="654" WIDTH="75" />
<SP HEIGHT="68" HPOS="445" VPOS="653" WIDTH="29" />
<String CONTENT="Great" HEIGHT="54" HPOS="475" VPOS="653" WIDTH="179" />
<SP HEIGHT="48" HPOS="655" VPOS="658" WIDTH="28" />
<String CONTENT="western" HEIGHT="48" HPOS="684" VPOS="658" WIDTH="237" />
<SP HEIGHT="49" HPOS="922" VPOS="672" WIDTH="28" />
<String CONTENT="publishing" HEIGHT="69" HPOS="951" VPOS="653" WIDTH="335" />
<SP HEIGHT="50" HPOS="1287" VPOS="672" WIDTH="26" />
<String CONTENT="company]" HEIGHT="52" HPOS="1314" VPOS="669" WIDTH="297" />
<SP HEIGHT="60" HPOS="1612" VPOS="659" WIDTH="34" />
<String CONTENT="c1936." CS="1" HEIGHT="51" HPOS="1669" VPOS="655" WIDTH="152" />
</TextLine>
<TextLine HEIGHT="51" HPOS="169" VPOS="725" WIDTH="1052">
<String CONTENT="96" HEIGHT="40" HPOS="169" VPOS="726" WIDTH="55" />
<SP HEIGHT="48" HPOS="225" VPOS="727" WIDTH="27" />
<String CONTENT="p." HEIGHT="37" HPOS="253" VPOS="738" WIDTH="43" />
<SP HEIGHT="40" HPOS="297" VPOS="726" WIDTH="56" />
<String CONTENT="front.," HEIGHT="48" HPOS="354" VPOS="726" WIDTH="162" />
<SP HEIGHT="49" HPOS="517" VPOS="725" WIDTH="29" />
<String CONTENT="illus." HEIGHT="42" HPOS="547" VPOS="725" WIDTH="128" />
<SP HEIGHT="48" HPOS="676" VPOS="726" WIDTH="27" />
<String CONTENT="(incl." HEIGHT="48" HPOS="704" VPOS="726" WIDTH="133" />
<SP HEIGHT="38" HPOS="838" VPOS="738" WIDTH="26" />
<String CONTENT="ports.)" HEIGHT="50" HPOS="865" VPOS="726" WIDTH="174" />
<SP HEIGHT="47" HPOS="1040" VPOS="726" WIDTH="65" />
<String CONTENT="23cm." HEIGHT="43" HPOS="1106" VPOS="725" WIDTH="115" />
</TextLine>
<TextLine CS="1" HEIGHT="52" HPOS="173" VPOS="780" WIDTH="1918">
<String CONTENT="&#8220;Copyrighted" HEIGHT="51" HPOS="173" VPOS="780" WIDTH="352" />
<SP />
<String CONTENT="&#8230;" CS="1" />
<SP HEIGHT="39" HPOS="613" VPOS="784" WIDTH="37" />
<String CONTENT="by" HEIGHT="47" HPOS="651" VPOS="784" WIDTH="61" />
<SP HEIGHT="46" HPOS="713" VPOS="785" WIDTH="34" />
<String CONTENT="the" HEIGHT="40" HPOS="748" VPOS="784" WIDTH="84" />
<SP HEIGHT="41" HPOS="833" VPOS="783" WIDTH="35" />
<String CONTENT="Grand" HEIGHT="41" HPOS="869" VPOS="783" WIDTH="164" />
<SP HEIGHT="42" HPOS="1034" VPOS="782" WIDTH="35" />
<String CONTENT="lodge" HEIGHT="50" HPOS="1070" VPOS="782" WIDTH="140" />
<SP HEIGHT="41" HPOS="1211" VPOS="784" WIDTH="33" />
<String CONTENT="A." HEIGHT="41" HPOS="1245" VPOS="784" WIDTH="54" />
<SP HEIGHT="41" HPOS="1300" VPOS="784" WIDTH="36" />
<String CONTENT="F." HEIGHT="41" HPOS="1337" VPOS="784" WIDTH="51" />
<SP HEIGHT="31" HPOS="1389" VPOS="794" WIDTH="35" />
<String CONTENT="and" HEIGHT="40" HPOS="1425" VPOS="784" WIDTH="96" />
<SP HEIGHT="42" HPOS="1522" VPOS="782" WIDTH="35" />
<String CONTENT="A." HEIGHT="42" HPOS="1558" VPOS="782" WIDTH="54" />
<SP HEIGHT="41" HPOS="1613" VPOS="783" WIDTH="36" />
<String CONTENT="M." HEIGHT="41" HPOS="1650" VPOS="783" WIDTH="63" />
<SP HEIGHT="29" HPOS="1714" VPOS="795" WIDTH="36" />
<String CONTENT="of" HEIGHT="41" HPOS="1751" VPOS="783" WIDTH="50" />
<SP HEIGHT="41" HPOS="1802" VPOS="782" WIDTH="37" />
<String CONTENT="Colorado," HEIGHT="50" HPOS="1840" VPOS="782" WIDTH="251" />
</TextLine>
<TextLine HEIGHT="48" HPOS="101" VPOS="838" WIDTH="515">
<String CONTENT="Denver," HEIGHT="46" HPOS="101" VPOS="840" WIDTH="200" />
<SP HEIGHT="48" HPOS="302" VPOS="838" WIDTH="34" />
<String CONTENT="Colorado.&#8221;" HEIGHT="43" HPOS="337" VPOS="838" WIDTH="279" />
</TextLine>
<TextLine HEIGHT="49" HPOS="171" VPOS="896" WIDTH="574">
<String CONTENT="Includes" HEIGHT="42" HPOS="171" VPOS="896" WIDTH="223" />
<SP HEIGHT="40" HPOS="395" VPOS="897" WIDTH="29" />
<String CONTENT="biographies." HEIGHT="48" HPOS="425" VPOS="897" WIDTH="320" />
</TextLine>
<TextLine HEIGHT="52" HPOS="172" VPOS="952" WIDTH="1202">
<String CONTENT="&#8220;The" HEIGHT="43" HPOS="172" VPOS="952" WIDTH="127" />
<SP HEIGHT="41" HPOS="300" VPOS="954" WIDTH="25" />
<String CONTENT="literature" HEIGHT="42" HPOS="326" VPOS="953" WIDTH="256" />
<SP HEIGHT="30" HPOS="583" VPOS="965" WIDTH="27" />
<String CONTENT="of" HEIGHT="42" HPOS="611" VPOS="953" WIDTH="52" />
<SP HEIGHT="42" HPOS="664" VPOS="952" WIDTH="24" />
<String CONTENT="freemasonry&#8221;" HEIGHT="49" HPOS="689" VPOS="952" WIDTH="361" />
<SP HEIGHT="42" HPOS="1051" VPOS="953" WIDTH="18" />
<String CONTENT=":" HEIGHT="31" HPOS="1070" VPOS="964" WIDTH="10" />
<SP HEIGHT="39" HPOS="1081" VPOS="964" WIDTH="28" />
<String CONTENT="p." HEIGHT="38" HPOS="1110" VPOS="965" WIDTH="43" />
<SP HEIGHT="30" HPOS="1154" VPOS="974" WIDTH="31" />
<String CONTENT="[85]-90." HEIGHT="52" HPOS="1186" VPOS="952" WIDTH="188" />
</TextLine>
<TextLine CS="1" HEIGHT="53" HPOS="100" VPOS="1007" WIDTH="1995">
<String CONTENT="&#169;" HEIGHT="53" HPOS="100" VPOS="1007" WIDTH="52" />
<SP HEIGHT="53" HPOS="153" VPOS="1007" WIDTH="31" />
<String CONTENT="June" HEIGHT="39" HPOS="185" VPOS="1012" WIDTH="126" />
<SP HEIGHT="38" HPOS="312" VPOS="1012" WIDTH="33" />
<String CONTENT="15." HEIGHT="41" HPOS="346" VPOS="1012" WIDTH="67" />
<SP HEIGHT="40" HPOS="414" VPOS="1013" WIDTH="34" />
<String CONTENT="1936;" CS="1" HEIGHT="41" HPOS="449" VPOS="1010" WIDTH="112" />
<SP HEIGHT="46" HPOS="588" VPOS="1011" WIDTH="35" />
<String CONTENT="2c." HEIGHT="41" HPOS="624" VPOS="1011" WIDTH="67" />
<SP HEIGHT="40" HPOS="692" VPOS="1012" WIDTH="34" />
<String CONTENT="July" HEIGHT="46" HPOS="727" VPOS="1012" WIDTH="114" />
<SP HEIGHT="45" HPOS="842" VPOS="1013" WIDTH="33" />
<String CONTENT="1;" CS="1" HEIGHT="37" HPOS="876" VPOS="1013" WIDTH="23" />
<SP HEIGHT="33" HPOS="927" VPOS="1021" WIDTH="38" />
<String CONTENT="aff." HEIGHT="41" HPOS="966" VPOS="1011" WIDTH="80" />
<SP HEIGHT="40" HPOS="1047" VPOS="1012" WIDTH="34" />
<String CONTENT="June" HEIGHT="39" HPOS="1082" VPOS="1012" WIDTH="127" />
<SP HEIGHT="40" HPOS="1210" VPOS="1012" WIDTH="29" />
<String CONTENT="30;" CS="1" HEIGHT="41" HPOS="1240" VPOS="1011" WIDTH="55" />
<SP HEIGHT="46" HPOS="1323" VPOS="1012" WIDTH="35" />
<String CONTENT="A" HEIGHT="38" HPOS="1359" VPOS="1012" WIDTH="40" />
<SP HEIGHT="39" HPOS="1400" VPOS="1011" WIDTH="31" />
<String CONTENT="96511;" CS="1" HEIGHT="40" HPOS="1432" VPOS="1011" WIDTH="144" />
<SP HEIGHT="45" HPOS="1604" VPOS="1012" WIDTH="38" />
<String CONTENT="Most" HEIGHT="38" HPOS="1643" VPOS="1012" WIDTH="126" />
<SP HEIGHT="38" HPOS="1770" VPOS="1012" WIDTH="34" />
<String CONTENT="worshipful" HEIGHT="48" HPOS="1805" VPOS="1011" WIDTH="290" />
</TextLine>
<TextLine HEIGHT="49" HPOS="169" VPOS="1067" WIDTH="1926">
<String CONTENT="grand" HEIGHT="46" HPOS="169" VPOS="1068" WIDTH="153" />
<SP HEIGHT="38" HPOS="323" VPOS="1068" WIDTH="27" />
<String CONTENT="lodge" HEIGHT="45" HPOS="351" VPOS="1068" WIDTH="135" />
<SP HEIGHT="29" HPOS="487" VPOS="1078" WIDTH="24" />
<String CONTENT="of" HEIGHT="38" HPOS="512" VPOS="1068" WIDTH="53" />
<SP HEIGHT="38" HPOS="566" VPOS="1068" WIDTH="21" />
<String CONTENT="ancient" HEIGHT="40" HPOS="588" VPOS="1068" WIDTH="195" />
<SP HEIGHT="40" HPOS="784" VPOS="1068" WIDTH="23" />
<String CONTENT="free" HEIGHT="39" HPOS="808" VPOS="1068" WIDTH="105" />
<SP HEIGHT="29" HPOS="914" VPOS="1078" WIDTH="24" />
<String CONTENT="and" HEIGHT="39" HPOS="939" VPOS="1068" WIDTH="93" />
<SP HEIGHT="38" HPOS="1033" VPOS="1068" WIDTH="26" />
<String CONTENT="accepted" HEIGHT="47" HPOS="1060" VPOS="1068" WIDTH="225" />
<SP HEIGHT="38" HPOS="1286" VPOS="1068" WIDTH="27" />
<String CONTENT="masons" HEIGHT="32" HPOS="1314" VPOS="1076" WIDTH="192" />
<SP HEIGHT="31" HPOS="1507" VPOS="1076" WIDTH="26" />
<String CONTENT="of" HEIGHT="40" HPOS="1534" VPOS="1067" WIDTH="51" />
<SP HEIGHT="41" HPOS="1586" VPOS="1067" WIDTH="23" />
<String CONTENT="Colorado," HEIGHT="49" HPOS="1610" VPOS="1067" WIDTH="250" />
<SP HEIGHT="47" HPOS="1861" VPOS="1069" WIDTH="26" />
<String CONTENT="Denver." HEIGHT="39" HPOS="1888" VPOS="1069" WIDTH="207" />
</TextLine>
<TextLine HEIGHT="48" HPOS="180" VPOS="1124" WIDTH="278">
<String CONTENT="(36-17023)" HEIGHT="48" HPOS="180" VPOS="1124" WIDTH="278" />
</TextLine>
<TextLine HEIGHT="67" HPOS="104" STYLEREFS="StyleId-7868C62D-F237-4262-9A46-7C898858FE6C-" VPOS="1213" WIDTH="649">
<String CONTENT="[Collins," HEIGHT="65" HPOS="104" VPOS="1214" WIDTH="252" />
<SP HEIGHT="63" HPOS="357" VPOS="1215" WIDTH="27" />
<String CONTENT="Dale]" HEIGHT="67" HPOS="385" VPOS="1213" WIDTH="162" />
<SP HEIGHT="60" HPOS="548" VPOS="1220" WIDTH="33" />
<String CONTENT="1897-" HEIGHT="54" HPOS="582" VPOS="1214" WIDTH="171" />
</TextLine>
<TextLine CS="1" HEIGHT="69" HPOS="273" STYLEREFS="StyleId-7868C62D-F237-4262-9A46-7C898858FE6C-" VPOS="1288" WIDTH="1748">
<String CONTENT="&#8230;" CS="1" />
<SP />
<String CONTENT="Gulls" HEIGHT="55" HPOS="273" VPOS="1289" WIDTH="165" />
<SP HEIGHT="34" HPOS="439" VPOS="1308" WIDTH="31" />
<String CONTENT="against" HEIGHT="67" HPOS="471" VPOS="1289" WIDTH="227" />
<SP HEIGHT="48" HPOS="699" VPOS="1294" WIDTH="27" />
<String CONTENT="the" HEIGHT="52" HPOS="727" VPOS="1289" WIDTH="95" />
<SP HEIGHT="33" HPOS="823" VPOS="1308" WIDTH="29" />
<String CONTENT="sky." HEIGHT="68" HPOS="853" VPOS="1289" WIDTH="119" />
<SP HEIGHT="53" HPOS="973" VPOS="1289" WIDTH="65" />
<String CONTENT="London," HEIGHT="68" HPOS="1039" VPOS="1289" WIDTH="257" />
<SP HEIGHT="68" HPOS="1297" VPOS="1289" WIDTH="27" />
<String CONTENT="M." HEIGHT="53" HPOS="1325" VPOS="1289" WIDTH="80" />
<SP HEIGHT="54" HPOS="1406" VPOS="1289" WIDTH="31" />
<String CONTENT="Joseph," HEIGHT="69" HPOS="1438" VPOS="1288" WIDTH="235" />
<SP HEIGHT="68" HPOS="1674" VPOS="1289" WIDTH="30" />
<String CONTENT="ltd." HEIGHT="53" HPOS="1705" VPOS="1289" WIDTH="103" />
<SP HEIGHT="33" HPOS="1809" VPOS="1322" WIDTH="39" />
<String CONTENT="[1936]" HEIGHT="63" HPOS="1849" VPOS="1292" WIDTH="172" />
</TextLine>
<TextLine CS="1" HEIGHT="50" HPOS="172" VPOS="1362" WIDTH="478">
<String CONTENT="287," HEIGHT="46" HPOS="172" VPOS="1363" WIDTH="98" />
<SP HEIGHT="29" HPOS="271" VPOS="1382" WIDTH="37" />
<String CONTENT="[1]" HEIGHT="48" HPOS="309" VPOS="1364" WIDTH="54" />
<SP HEIGHT="38" HPOS="364" VPOS="1374" WIDTH="36" />
<String CONTENT="p." HEIGHT="37" HPOS="401" VPOS="1374" WIDTH="41" />
<SP HEIGHT="40" HPOS="443" VPOS="1363" WIDTH="61" />
<String CONTENT="19&#189;cm." CS="1" HEIGHT="40" HPOS="505" VPOS="1362" WIDTH="145" />
</TextLine>
<TextLine HEIGHT="49" HPOS="174" VPOS="1417" WIDTH="1408">
<String CONTENT="Author&#8217;s" HEIGHT="40" HPOS="174" VPOS="1419" WIDTH="227" />
<SP HEIGHT="36" HPOS="402" VPOS="1430" WIDTH="26" />
<String CONTENT="pseud.," HEIGHT="45" HPOS="429" VPOS="1421" WIDTH="177" />
<SP HEIGHT="46" HPOS="607" VPOS="1419" WIDTH="28" />
<String CONTENT="Michael" HEIGHT="41" HPOS="636" VPOS="1418" WIDTH="207" />
<SP HEIGHT="42" HPOS="844" VPOS="1417" WIDTH="27" />
<String CONTENT="Copeland," HEIGHT="49" HPOS="872" VPOS="1417" WIDTH="258" />
<SP HEIGHT="37" HPOS="1131" VPOS="1429" WIDTH="24" />
<String CONTENT="at" HEIGHT="39" HPOS="1156" VPOS="1420" WIDTH="52" />
<SP HEIGHT="40" HPOS="1209" VPOS="1419" WIDTH="24" />
<String CONTENT="head" HEIGHT="39" HPOS="1234" VPOS="1419" WIDTH="123" />
<SP HEIGHT="39" HPOS="1358" VPOS="1419" WIDTH="26" />
<String CONTENT="of" HEIGHT="41" HPOS="1385" VPOS="1417" WIDTH="52" />
<SP HEIGHT="42" HPOS="1438" VPOS="1417" WIDTH="22" />
<String CONTENT="title." HEIGHT="41" HPOS="1461" VPOS="1418" WIDTH="121" />
</TextLine>
<TextLine CS="1" HEIGHT="52" HPOS="100" VPOS="1472" WIDTH="1993">
<String CONTENT="&#169;" HEIGHT="52" HPOS="100" VPOS="1472" WIDTH="52" />
<SP />
<String CONTENT="1c." CS="1" />
<SP />
<String CONTENT="June" HEIGHT="38" HPOS="273" VPOS="1477" WIDTH="125" />
<SP HEIGHT="37" HPOS="399" VPOS="1478" WIDTH="23" />
<String CONTENT="18." HEIGHT="40" HPOS="423" VPOS="1477" WIDTH="67" />
<SP HEIGHT="40" HPOS="491" VPOS="1477" WIDTH="26" />
<String CONTENT="1936;" HEIGHT="48" HPOS="518" VPOS="1475" WIDTH="140" />
<SP HEIGHT="46" HPOS="659" VPOS="1477" WIDTH="24" />
<String CONTENT="A" HEIGHT="37" HPOS="684" VPOS="1477" WIDTH="40" />
<SP HEIGHT="38" HPOS="725" VPOS="1477" WIDTH="25" />
<String CONTENT="ad" HEIGHT="40" HPOS="751" VPOS="1475" WIDTH="59" />
<SP HEIGHT="39" HPOS="811" VPOS="1474" WIDTH="25" />
<String CONTENT="int." HEIGHT="41" HPOS="837" VPOS="1474" WIDTH="85" />
<SP HEIGHT="41" HPOS="923" VPOS="1474" WIDTH="24" />
<String CONTENT="21538;" HEIGHT="47" HPOS="948" VPOS="1474" WIDTH="170" />
<SP HEIGHT="37" HPOS="1119" VPOS="1485" WIDTH="28" />
<String CONTENT="pubd." HEIGHT="48" HPOS="1148" VPOS="1474" WIDTH="141" />
<SP HEIGHT="39" HPOS="1290" VPOS="1475" WIDTH="27" />
<String CONTENT="Apr." HEIGHT="47" HPOS="1318" VPOS="1475" WIDTH="111" />
<SP HEIGHT="38" HPOS="1430" VPOS="1475" WIDTH="27" />
<String CONTENT="20;" HEIGHT="47" HPOS="1458" VPOS="1475" WIDTH="82" />
<SP HEIGHT="46" HPOS="1541" VPOS="1476" WIDTH="29" />
<String CONTENT="D." HEIGHT="40" HPOS="1571" VPOS="1476" WIDTH="56" />
<SP HEIGHT="40" HPOS="1628" VPOS="1476" WIDTH="28" />
<String CONTENT="Collins," HEIGHT="48" HPOS="1657" VPOS="1474" WIDTH="196" />
<SP HEIGHT="46" HPOS="1854" VPOS="1476" WIDTH="28" />
<String CONTENT="London." HEIGHT="42" HPOS="1883" VPOS="1474" WIDTH="210" />
</TextLine>
<TextLine HEIGHT="48" HPOS="177" VPOS="1532" WIDTH="278">
<String CONTENT="(36-17403)" HEIGHT="48" HPOS="177" VPOS="1532" WIDTH="278" />
</TextLine>
<TextLine HEIGHT="63" HPOS="101" STYLEREFS="StyleId-7868C62D-F237-4262-9A46-7C898858FE6C-" VPOS="1624" WIDTH="590">
<String CONTENT="Crabbe," HEIGHT="63" HPOS="101" VPOS="1624" WIDTH="243" />
<SP HEIGHT="62" HPOS="345" VPOS="1625" WIDTH="27" />
<String CONTENT="Ernest" HEIGHT="52" HPOS="373" VPOS="1625" WIDTH="218" />
<SP HEIGHT="52" HPOS="592" VPOS="1624" WIDTH="24" />
<String CONTENT="H." HEIGHT="55" HPOS="617" VPOS="1624" WIDTH="74" />
</TextLine>
<TextLine CS="1" HEIGHT="70" HPOS="172" STYLEREFS="StyleId-7868C62D-F237-4262-9A46-7C898858FE6C-" VPOS="1697" WIDTH="1925">
<String CONTENT="General" HEIGHT="54" HPOS="172" VPOS="1700" WIDTH="243" />
<SP HEIGHT="52" HPOS="416" VPOS="1700" WIDTH="21" />
<String CONTENT="business." HEIGHT="53" HPOS="438" VPOS="1700" WIDTH="269" />
<SP HEIGHT="49" HPOS="708" VPOS="1702" WIDTH="74" />
<String CONTENT="3d" HEIGHT="51" HPOS="783" VPOS="1700" WIDTH="71" />
<SP HEIGHT="51" HPOS="855" VPOS="1700" WIDTH="20" />
<String CONTENT="ed." HEIGHT="52" HPOS="876" VPOS="1699" WIDTH="83" />
<SP HEIGHT="50" HPOS="960" VPOS="1700" WIDTH="75" />
<String CONTENT="By" HEIGHT="66" HPOS="1036" VPOS="1700" WIDTH="89" />
<SP HEIGHT="66" HPOS="1126" VPOS="1700" WIDTH="23" />
<String CONTENT="Ernest" HEIGHT="52" HPOS="1150" VPOS="1700" WIDTH="208" />
<SP HEIGHT="52" HPOS="1359" VPOS="1698" WIDTH="19" />
<String CONTENT="H." HEIGHT="53" HPOS="1379" VPOS="1698" WIDTH="77" />
<SP HEIGHT="55" HPOS="1457" VPOS="1697" WIDTH="24" />
<String CONTENT="Crabbe" HEIGHT="55" HPOS="1482" VPOS="1697" WIDTH="220" />
<SP />
<String CONTENT="&#8230;" CS="1" />
<SP HEIGHT="33" HPOS="1788" VPOS="1718" WIDTH="26" />
<String CONTENT="and" HEIGHT="52" HPOS="1815" VPOS="1700" WIDTH="111" />
<SP HEIGHT="54" HPOS="1927" VPOS="1699" WIDTH="26" />
<String CONTENT="Clay" HEIGHT="68" HPOS="1954" VPOS="1699" WIDTH="143" />
</TextLine>
<TextLine CS="1" HEIGHT="70" HPOS="103" STYLEREFS="StyleId-7868C62D-F237-4262-9A46-7C898858FE6C-" VPOS="1775" WIDTH="1994">
<String CONTENT="D." HEIGHT="53" HPOS="103" VPOS="1780" WIDTH="69" />
<SP HEIGHT="56" HPOS="173" VPOS="1777" WIDTH="36" />
<String CONTENT="Slinker" HEIGHT="55" HPOS="210" VPOS="1777" WIDTH="228" />
<SP />
<String CONTENT="&#8230;" CS="1" />
<SP HEIGHT="34" HPOS="531" VPOS="1796" WIDTH="37" />
<String CONTENT="edited" HEIGHT="53" HPOS="569" VPOS="1777" WIDTH="189" />
<SP HEIGHT="53" HPOS="759" VPOS="1776" WIDTH="30" />
<String CONTENT="by" HEIGHT="69" HPOS="790" VPOS="1776" WIDTH="75" />
<SP HEIGHT="68" HPOS="866" VPOS="1777" WIDTH="32" />
<String CONTENT="Benjamin" HEIGHT="69" HPOS="899" VPOS="1775" WIDTH="303" />
<SP HEIGHT="51" HPOS="1203" VPOS="1777" WIDTH="33" />
<String CONTENT="R." HEIGHT="52" HPOS="1237" VPOS="1777" WIDTH="66" />
<SP HEIGHT="51" HPOS="1304" VPOS="1778" WIDTH="30" />
<String CONTENT="Haynes" HEIGHT="66" HPOS="1335" VPOS="1778" WIDTH="235" />
<SP />
<String CONTENT="&#8230;" CS="1" />
<SP HEIGHT="55" HPOS="1669" VPOS="1776" WIDTH="79" />
<String CONTENT="Cincinnati," HEIGHT="69" HPOS="1749" VPOS="1776" WIDTH="348" />
</TextLine>
<TextLine CS="1" HEIGHT="71" HPOS="102" STYLEREFS="StyleId-7868C62D-F237-4262-9A46-7C898858FE6C-" VPOS="1853" WIDTH="1854">
<String CONTENT="New" HEIGHT="52" HPOS="102" VPOS="1857" WIDTH="137" />
<SP HEIGHT="51" HPOS="240" VPOS="1856" WIDTH="27" />
<String CONTENT="York" HEIGHT="52" HPOS="268" VPOS="1855" WIDTH="161" />
<SP HEIGHT="66" HPOS="430" VPOS="1855" WIDTH="30" />
<String CONTENT="[etc.]" CS="1" HEIGHT="61" HPOS="479" VPOS="1860" WIDTH="119" />
<SP HEIGHT="68" HPOS="599" VPOS="1853" WIDTH="33" />
<String CONTENT="South-western" HEIGHT="55" HPOS="633" VPOS="1853" WIDTH="449" />
<SP HEIGHT="49" HPOS="1083" VPOS="1873" WIDTH="26" />
<String CONTENT="publishing" HEIGHT="69" HPOS="1110" VPOS="1854" WIDTH="335" />
<SP HEIGHT="50" HPOS="1446" VPOS="1873" WIDTH="24" />
<String CONTENT="company" HEIGHT="51" HPOS="1471" VPOS="1873" WIDTH="279" />
<SP HEIGHT="50" HPOS="1751" VPOS="1874" WIDTH="30" />
<String CONTENT="[c1936]" CS="1" HEIGHT="49" HPOS="1799" VPOS="1859" WIDTH="157" />
</TextLine>
<TextLine CS="1" HEIGHT="50" HPOS="209" STYLEREFS="StyleId-7868C62D-F237-4262-9A46-7C898858FE6C-" VPOS="1927" WIDTH="1089">
<String CONTENT="x," CS="1" HEIGHT="15" HPOS="209" VPOS="1962" WIDTH="8" />
<SP HEIGHT="46" HPOS="218" VPOS="1931" WIDTH="28" />
<String CONTENT="728" HEIGHT="40" HPOS="247" VPOS="1930" WIDTH="83" />
<SP HEIGHT="46" HPOS="331" VPOS="1930" WIDTH="24" />
<String CONTENT="p." HEIGHT="36" HPOS="356" VPOS="1940" WIDTH="41" />
<SP HEIGHT="41" HPOS="398" VPOS="1928" WIDTH="28" />
<String CONTENT="incl." HEIGHT="40" HPOS="427" VPOS="1928" WIDTH="108" />
<SP HEIGHT="39" HPOS="536" VPOS="1929" WIDTH="27" />
<String CONTENT="illus.," HEIGHT="49" HPOS="564" VPOS="1928" WIDTH="142" />
<SP HEIGHT="48" HPOS="707" VPOS="1929" WIDTH="30" />
<String CONTENT="diagrs.," HEIGHT="48" HPOS="738" VPOS="1928" WIDTH="193" />
<SP HEIGHT="48" HPOS="932" VPOS="1927" WIDTH="26" />
<String CONTENT="forms." HEIGHT="41" HPOS="959" VPOS="1927" WIDTH="167" />
<SP HEIGHT="40" HPOS="1127" VPOS="1928" WIDTH="54" />
<String CONTENT="22cm." HEIGHT="40" HPOS="1182" VPOS="1928" WIDTH="116" />
</TextLine>
<TextLine HEIGHT="50" HPOS="175" VPOS="1985" WIDTH="1726">
<String CONTENT="First" HEIGHT="39" HPOS="175" VPOS="1986" WIDTH="131" />
<SP HEIGHT="46" HPOS="307" VPOS="1987" WIDTH="28" />
<String CONTENT="published" HEIGHT="48" HPOS="336" VPOS="1985" WIDTH="252" />
<SP HEIGHT="39" HPOS="589" VPOS="1985" WIDTH="30" />
<String CONTENT="in" HEIGHT="38" HPOS="620" VPOS="1985" WIDTH="48" />
<SP HEIGHT="38" HPOS="669" VPOS="1985" WIDTH="27" />
<String CONTENT="1927" HEIGHT="40" HPOS="697" VPOS="1985" WIDTH="113" />
<SP HEIGHT="39" HPOS="811" VPOS="1986" WIDTH="27" />
<String CONTENT="under" HEIGHT="38" HPOS="839" VPOS="1986" WIDTH="153" />
<SP HEIGHT="36" HPOS="993" VPOS="1988" WIDTH="27" />
<String CONTENT="title" HEIGHT="39" HPOS="1021" VPOS="1985" WIDTH="106" />
<SP HEIGHT="29" HPOS="1128" VPOS="1995" WIDTH="17" />
<String CONTENT=":" HEIGHT="29" HPOS="1146" VPOS="1995" WIDTH="9" />
<SP HEIGHT="39" HPOS="1156" VPOS="1985" WIDTH="28" />
<String CONTENT="General" HEIGHT="39" HPOS="1185" VPOS="1985" WIDTH="206" />
<SP HEIGHT="39" HPOS="1392" VPOS="1985" WIDTH="29" />
<String CONTENT="business" HEIGHT="40" HPOS="1422" VPOS="1985" WIDTH="221" />
<SP HEIGHT="38" HPOS="1644" VPOS="1987" WIDTH="28" />
<String CONTENT="training." HEIGHT="49" HPOS="1673" VPOS="1986" WIDTH="228" />
</TextLine>
<TextLine CS="1" HEIGHT="53" HPOS="99" VPOS="2038" WIDTH="1996">
<String CONTENT="&#169;" HEIGHT="53" HPOS="99" VPOS="2038" WIDTH="52" />
<SP HEIGHT="53" HPOS="152" VPOS="2038" WIDTH="32" />
<String CONTENT="Apr." HEIGHT="46" HPOS="185" VPOS="2044" WIDTH="110" />
<SP HEIGHT="38" HPOS="296" VPOS="2044" WIDTH="33" />
<String CONTENT="7," HEIGHT="42" HPOS="330" VPOS="2044" WIDTH="39" />
<SP HEIGHT="43" HPOS="370" VPOS="2043" WIDTH="32" />
<String CONTENT="1936;" CS="1" HEIGHT="40" HPOS="403" VPOS="2041" WIDTH="111" />
<SP HEIGHT="43" HPOS="542" VPOS="2041" WIDTH="34" />
<String CONTENT="2c." HEIGHT="40" HPOS="577" VPOS="2041" WIDTH="65" />
<SP HEIGHT="29" HPOS="643" VPOS="2052" WIDTH="35" />
<String CONTENT="and" HEIGHT="38" HPOS="679" VPOS="2042" WIDTH="94" />
<SP HEIGHT="38" HPOS="774" VPOS="2042" WIDTH="31" />
<String CONTENT="aff." HEIGHT="40" HPOS="806" VPOS="2041" WIDTH="81" />
<SP HEIGHT="39" HPOS="888" VPOS="2042" WIDTH="32" />
<String CONTENT="July" HEIGHT="47" HPOS="921" VPOS="2041" WIDTH="114" />
<SP HEIGHT="47" HPOS="1036" VPOS="2041" WIDTH="32" />
<String CONTENT="27;" CS="1" HEIGHT="40" HPOS="1069" VPOS="2041" WIDTH="54" />
<SP HEIGHT="45" HPOS="1151" VPOS="2042" WIDTH="34" />
<String CONTENT="A" HEIGHT="38" HPOS="1186" VPOS="2042" WIDTH="40" />
<SP HEIGHT="41" HPOS="1227" VPOS="2040" WIDTH="27" />
<String CONTENT="96637;" CS="1" HEIGHT="42" HPOS="1255" VPOS="2040" WIDTH="147" />
<SP HEIGHT="47" HPOS="1427" VPOS="2042" WIDTH="38" />
<String CONTENT="South-western" HEIGHT="41" HPOS="1466" VPOS="2042" WIDTH="381" />
<SP HEIGHT="37" HPOS="1848" VPOS="2053" WIDTH="32" />
<String CONTENT="pub." HEIGHT="47" HPOS="1881" VPOS="2043" WIDTH="109" />
<SP HEIGHT="31" HPOS="1991" VPOS="2053" WIDTH="35" />
<String CONTENT="co." HEIGHT="30" HPOS="2027" VPOS="2053" WIDTH="68" />
</TextLine>
<TextLine HEIGHT="48" HPOS="179" VPOS="2099" WIDTH="277">
<String CONTENT="(36-17061)" HEIGHT="48" HPOS="179" VPOS="2099" WIDTH="277" />
</TextLine>
<TextLine HEIGHT="63" HPOS="99" STYLEREFS="StyleId-7868C62D-F237-4262-9A46-7C898858FE6C-" VPOS="2189" WIDTH="697">
<String CONTENT="Dodd," HEIGHT="62" HPOS="99" VPOS="2190" WIDTH="183" />
<SP HEIGHT="63" HPOS="283" VPOS="2189" WIDTH="25" />
<String CONTENT="James" HEIGHT="53" HPOS="309" VPOS="2189" WIDTH="201" />
<SP HEIGHT="52" HPOS="511" VPOS="2189" WIDTH="25" />
<String CONTENT="Harvey." HEIGHT="62" HPOS="537" VPOS="2189" WIDTH="259" />
</TextLine>
<TextLine CS="1" HEIGHT="147" HPOS="100" STYLEREFS="StyleId-7868C62D-F237-4262-9A46-7C898858FE6C-" VPOS="2265" WIDTH="1975">
<String CONTENT="Introductory" HEIGHT="67" HPOS="173" VPOS="2266" WIDTH="406" />
<SP HEIGHT="49" HPOS="580" VPOS="2284" WIDTH="21" />
<String CONTENT="economics," HEIGHT="66" HPOS="602" VPOS="2266" WIDTH="328" />
<SP HEIGHT="67" HPOS="931" VPOS="2265" WIDTH="21" />
<String CONTENT="by" HEIGHT="67" HPOS="953" VPOS="2265" WIDTH="74" />
<SP HEIGHT="66" HPOS="1028" VPOS="2266" WIDTH="22" />
<String CONTENT="James" HEIGHT="52" HPOS="1051" VPOS="2266" WIDTH="193" />
<SP HEIGHT="53" HPOS="1245" VPOS="2265" WIDTH="23" />
<String CONTENT="Harvey" HEIGHT="68" HPOS="1269" VPOS="2265" WIDTH="238" />
<SP HEIGHT="67" HPOS="1508" VPOS="2266" WIDTH="22" />
<String CONTENT="Dodd" HEIGHT="52" HPOS="1531" VPOS="2265" WIDTH="171" />
<SP />
<String CONTENT="&#8230;" CS="1" />
<SP HEIGHT="54" HPOS="1789" VPOS="2267" WIDTH="79" />
<String CONTENT="Cincinnati," HEIGHT="143" HPOS="100" VPOS="2266" WIDTH="1973" />
<SP HEIGHT="65" HPOS="240" VPOS="2344" WIDTH="17" />
<String CONTENT="New" HEIGHT="52" HPOS="258" VPOS="2344" WIDTH="137" />
<SP HEIGHT="52" HPOS="396" VPOS="2344" WIDTH="23" />
<String CONTENT="York" HEIGHT="53" HPOS="420" VPOS="2343" WIDTH="162" />
<SP HEIGHT="66" HPOS="583" VPOS="2343" WIDTH="21" />
<String CONTENT="[etc.]" CS="1" />
<SP HEIGHT="67" HPOS="744" VPOS="2341" WIDTH="24" />
<String CONTENT="South-western" HEIGHT="56" HPOS="769" VPOS="2341" WIDTH="447" />
<SP HEIGHT="50" HPOS="1217" VPOS="2361" WIDTH="23" />
<String CONTENT="publishing" HEIGHT="69" HPOS="1241" VPOS="2343" WIDTH="333" />
<SP HEIGHT="51" HPOS="1575" VPOS="2361" WIDTH="20" />
<String CONTENT="company" HEIGHT="51" HPOS="1596" VPOS="2361" WIDTH="279" />
<SP HEIGHT="50" HPOS="1876" VPOS="2362" WIDTH="23" />
<String CONTENT="[c1936]" CS="1" HEIGHT="62" HPOS="1900" VPOS="2348" WIDTH="175" />
</TextLine>
<TextLine HEIGHT="49" HPOS="173" STYLEREFS="StyleId-7868C62D-F237-4262-9A46-7C898858FE6C-" VPOS="2416" WIDTH="732">
<String CONTENT="516" HEIGHT="40" HPOS="173" VPOS="2417" WIDTH="86" />
<SP HEIGHT="48" HPOS="260" VPOS="2417" WIDTH="27" />
<String CONTENT="p." HEIGHT="37" HPOS="288" VPOS="2428" WIDTH="41" />
<SP HEIGHT="40" HPOS="330" VPOS="2417" WIDTH="55" />
<String CONTENT="illus.," HEIGHT="45" HPOS="386" VPOS="2417" WIDTH="141" />
<SP HEIGHT="44" HPOS="528" VPOS="2418" WIDTH="25" />
<String CONTENT="diagrs." HEIGHT="48" HPOS="554" VPOS="2416" WIDTH="179" />
<SP HEIGHT="40" HPOS="734" VPOS="2417" WIDTH="53" />
<String CONTENT="22cm." HEIGHT="40" HPOS="788" VPOS="2416" WIDTH="117" />
</TextLine>
<TextLine HEIGHT="51" HPOS="176" VPOS="2472" WIDTH="1918">
<String CONTENT="&#8220;A" HEIGHT="39" HPOS="176" VPOS="2474" WIDTH="67" />
<SP HEIGHT="39" HPOS="244" VPOS="2474" WIDTH="26" />
<String CONTENT="selected" HEIGHT="38" HPOS="271" VPOS="2475" WIDTH="206" />
<SP HEIGHT="38" HPOS="478" VPOS="2475" WIDTH="27" />
<String CONTENT="class" HEIGHT="39" HPOS="506" VPOS="2474" WIDTH="125" />
<SP HEIGHT="37" HPOS="632" VPOS="2475" WIDTH="29" />
<String CONTENT="library&#8221;:" HEIGHT="48" HPOS="662" VPOS="2472" WIDTH="239" />
<SP HEIGHT="37" HPOS="902" VPOS="2484" WIDTH="33" />
<String CONTENT="p." HEIGHT="37" HPOS="936" VPOS="2484" WIDTH="43" />
<SP HEIGHT="41" HPOS="980" VPOS="2472" WIDTH="27" />
<String CONTENT="9;" HEIGHT="48" HPOS="1008" VPOS="2472" WIDTH="51" />
<SP HEIGHT="47" HPOS="1060" VPOS="2473" WIDTH="33" />
<String CONTENT="&#8220;A" HEIGHT="39" HPOS="1094" VPOS="2473" WIDTH="67" />
<SP HEIGHT="40" HPOS="1162" VPOS="2473" WIDTH="25" />
<String CONTENT="selected" HEIGHT="40" HPOS="1188" VPOS="2473" WIDTH="207" />
<SP HEIGHT="40" HPOS="1396" VPOS="2473" WIDTH="27" />
<String CONTENT="bibliography&#8221;:" HEIGHT="48" HPOS="1424" VPOS="2474" WIDTH="393" />
<SP HEIGHT="37" HPOS="1818" VPOS="2485" WIDTH="31" />
<String CONTENT="p." HEIGHT="37" HPOS="1850" VPOS="2485" WIDTH="43" />
<SP HEIGHT="40" HPOS="1894" VPOS="2476" WIDTH="29" />
<String CONTENT="10-11;" HEIGHT="48" HPOS="1924" VPOS="2475" WIDTH="170" />
</TextLine>
<TextLine HEIGHT="49" HPOS="106" VPOS="2529" WIDTH="1777">
<String CONTENT="&#8220;Reading" HEIGHT="49" HPOS="106" VPOS="2529" WIDTH="247" />
<SP HEIGHT="38" HPOS="354" VPOS="2540" WIDTH="23" />
<String CONTENT="and" HEIGHT="38" HPOS="378" VPOS="2532" WIDTH="93" />
<SP HEIGHT="38" HPOS="472" VPOS="2532" WIDTH="24" />
<String CONTENT="references&#8221;" HEIGHT="40" HPOS="497" VPOS="2529" WIDTH="301" />
<SP HEIGHT="39" HPOS="799" VPOS="2529" WIDTH="25" />
<String CONTENT="at" HEIGHT="38" HPOS="825" VPOS="2531" WIDTH="52" />
<SP HEIGHT="38" HPOS="878" VPOS="2531" WIDTH="23" />
<String CONTENT="end" HEIGHT="39" HPOS="902" VPOS="2530" WIDTH="90" />
<SP HEIGHT="40" HPOS="993" VPOS="2530" WIDTH="24" />
<String CONTENT="of" HEIGHT="40" HPOS="1018" VPOS="2530" WIDTH="51" />
<SP HEIGHT="38" HPOS="1070" VPOS="2530" WIDTH="22" />
<String CONTENT="each" HEIGHT="39" HPOS="1093" VPOS="2530" WIDTH="117" />
<SP HEIGHT="39" HPOS="1211" VPOS="2530" WIDTH="22" />
<String CONTENT="chapter" HEIGHT="46" HPOS="1234" VPOS="2530" WIDTH="201" />
<SP HEIGHT="30" HPOS="1436" VPOS="2539" WIDTH="23" />
<String CONTENT="except" HEIGHT="45" HPOS="1460" VPOS="2532" WIDTH="169" />
<SP HEIGHT="38" HPOS="1630" VPOS="2532" WIDTH="24" />
<String CONTENT="the" HEIGHT="40" HPOS="1655" VPOS="2531" WIDTH="81" />
<SP HEIGHT="41" HPOS="1737" VPOS="2530" WIDTH="24" />
<String CONTENT="first." HEIGHT="42" HPOS="1762" VPOS="2530" WIDTH="121" />
</TextLine>
<TextLine CS="1" HEIGHT="53" HPOS="101" VPOS="2583" WIDTH="1994">
<String CONTENT="&#169;" HEIGHT="52" HPOS="101" VPOS="2583" WIDTH="52" />
<SP HEIGHT="52" HPOS="154" VPOS="2583" WIDTH="29" />
<String CONTENT="Apr." HEIGHT="46" HPOS="184" VPOS="2588" WIDTH="113" />
<SP HEIGHT="40" HPOS="298" VPOS="2587" WIDTH="34" />
<String CONTENT="8," HEIGHT="47" HPOS="333" VPOS="2587" WIDTH="37" />
<SP HEIGHT="47" HPOS="371" VPOS="2587" WIDTH="33" />
<String CONTENT="1936;" CS="1" HEIGHT="40" HPOS="405" VPOS="2586" WIDTH="113" />
<SP HEIGHT="40" HPOS="545" VPOS="2587" WIDTH="33" />
<String CONTENT="2c." HEIGHT="39" HPOS="579" VPOS="2587" WIDTH="66" />
<SP HEIGHT="30" HPOS="646" VPOS="2596" WIDTH="30" />
<String CONTENT="and" HEIGHT="39" HPOS="677" VPOS="2586" WIDTH="95" />
<SP HEIGHT="39" HPOS="773" VPOS="2586" WIDTH="32" />
<String CONTENT="aff." HEIGHT="41" HPOS="806" VPOS="2586" WIDTH="81" />
<SP HEIGHT="40" HPOS="888" VPOS="2587" WIDTH="32" />
<String CONTENT="July" HEIGHT="47" HPOS="921" VPOS="2586" WIDTH="114" />
<SP HEIGHT="47" HPOS="1036" VPOS="2586" WIDTH="29" />
<String CONTENT="27;" CS="1" HEIGHT="41" HPOS="1066" VPOS="2586" WIDTH="55" />
<SP HEIGHT="45" HPOS="1150" VPOS="2587" WIDTH="33" />
<String CONTENT="A" HEIGHT="40" HPOS="1184" VPOS="2587" WIDTH="44" />
<SP HEIGHT="41" HPOS="1229" VPOS="2586" WIDTH="27" />
<String CONTENT="96634;" CS="1" HEIGHT="40" HPOS="1257" VPOS="2586" WIDTH="144" />
<SP HEIGHT="45" HPOS="1428" VPOS="2588" WIDTH="39" />
<String CONTENT="South-western" HEIGHT="41" HPOS="1468" VPOS="2587" WIDTH="381" />
<SP HEIGHT="37" HPOS="1850" VPOS="2599" WIDTH="32" />
<String CONTENT="pub." HEIGHT="47" HPOS="1883" VPOS="2589" WIDTH="110" />
<SP HEIGHT="32" HPOS="1994" VPOS="2598" WIDTH="34" />
<String CONTENT="co." HEIGHT="30" HPOS="2029" VPOS="2598" WIDTH="66" />
</TextLine>
<TextLine HEIGHT="48" HPOS="181" VPOS="2643" WIDTH="278">
<String CONTENT="(36-17055)" HEIGHT="48" HPOS="181" VPOS="2643" WIDTH="278" />
</TextLine>
<TextLine CS="1" HEIGHT="145" HPOS="102" STYLEREFS="StyleId-7868C62D-F237-4262-9A46-7C898858FE6C-" VPOS="2733" WIDTH="1971">
<String CONTENT="Douglas" HEIGHT="63" HPOS="102" LANG="en-US" VPOS="2735" WIDTH="260" />
<SP HEIGHT="36" HPOS="363" VPOS="2750" WIDTH="43" />
<String CONTENT="and" HEIGHT="52" HPOS="407" LANG="en-US" VPOS="2734" WIDTH="114" />
<SP HEIGHT="53" HPOS="522" VPOS="2734" WIDTH="47" />
<String CONTENT="Clydesdale," HEIGHT="64" HPOS="570" LANG="en-US" VPOS="2733" WIDTH="361" />
<SP HEIGHT="64" HPOS="932" VPOS="2733" WIDTH="46" />
<String CONTENT="Douglas" HEIGHT="63" HPOS="979" LANG="en-US" VPOS="2733" WIDTH="261" />
<SP HEIGHT="52" HPOS="1241" VPOS="2734" WIDTH="44" />
<String CONTENT="Douglas-Hamilton," HEIGHT="67" HPOS="1286" LANG="de" VPOS="2733" WIDTH="613" />
<SP HEIGHT="46" HPOS="1900" VPOS="2754" WIDTH="45" />
<String CONTENT="marquis" HEIGHT="125" HPOS="170" LANG="en-US" VPOS="2753" WIDTH="1903" />
<SP HEIGHT="35" HPOS="293" VPOS="2829" WIDTH="25" />
<String CONTENT="of," HEIGHT="65" HPOS="319" LANG="en-US" VPOS="2812" WIDTH="79" />
<SP HEIGHT="60" HPOS="399" VPOS="2816" WIDTH="26" />
<String CONTENT="1903-" HEIGHT="50" HPOS="426" LANG="en-US" VPOS="2814" WIDTH="170" />
</TextLine>
<TextLine CS="1" HEIGHT="149" HPOS="103" STYLEREFS="StyleId-7868C62D-F237-4262-9A46-7C898858FE6C-" VPOS="2886" WIDTH="1994">
<String CONTENT="The" HEIGHT="53" HPOS="174" VPOS="2888" WIDTH="121" />
<SP HEIGHT="49" HPOS="296" VPOS="2907" WIDTH="29" />
<String CONTENT="pilots&#8217;" HEIGHT="70" HPOS="326" VPOS="2886" WIDTH="191" />
<SP HEIGHT="54" HPOS="518" VPOS="2886" WIDTH="30" />
<String CONTENT="book" HEIGHT="53" HPOS="549" VPOS="2887" WIDTH="147" />
<SP HEIGHT="53" HPOS="697" VPOS="2887" WIDTH="34" />
<String CONTENT="of" HEIGHT="53" HPOS="732" VPOS="2887" WIDTH="64" />
<SP HEIGHT="52" HPOS="797" VPOS="2887" WIDTH="33" />
<String CONTENT="Everest," HEIGHT="67" HPOS="831" VPOS="2887" WIDTH="253" />
<SP HEIGHT="67" HPOS="1085" VPOS="2887" WIDTH="31" />
<String CONTENT="by" HEIGHT="69" HPOS="1117" VPOS="2887" WIDTH="74" />
<SP HEIGHT="70" HPOS="1192" VPOS="2886" WIDTH="34" />
<String CONTENT="Squadron" HEIGHT="70" HPOS="1227" VPOS="2886" WIDTH="300" />
<SP HEIGHT="52" HPOS="1528" VPOS="2888" WIDTH="33" />
<String CONTENT="Leader" HEIGHT="54" HPOS="1562" VPOS="2888" WIDTH="218" />
<SP HEIGHT="48" HPOS="1781" VPOS="2893" WIDTH="32" />
<String CONTENT="the" HEIGHT="53" HPOS="1814" VPOS="2888" WIDTH="95" />
<SP HEIGHT="52" HPOS="1910" VPOS="2889" WIDTH="31" />
<String CONTENT="Marquess" HEIGHT="146" HPOS="103" VPOS="2889" WIDTH="1971" />
<SP HEIGHT="36" HPOS="263" VPOS="2984" WIDTH="41" />
<String CONTENT="of" HEIGHT="51" HPOS="305" VPOS="2968" WIDTH="63" />
<SP HEIGHT="52" HPOS="369" VPOS="2967" WIDTH="40" />
<String CONTENT="Douglas" HEIGHT="68" HPOS="410" VPOS="2966" WIDTH="256" />
<SP HEIGHT="34" HPOS="667" VPOS="2985" WIDTH="42" />
<String CONTENT="and" HEIGHT="52" HPOS="710" VPOS="2966" WIDTH="111" />
<SP HEIGHT="55" HPOS="822" VPOS="2964" WIDTH="41" />
<String CONTENT="Clydesdale" HEIGHT="70" HPOS="864" VPOS="2964" WIDTH="342" />
<SP />
<String CONTENT="&#8230;" CS="1" />
<SP HEIGHT="34" HPOS="1305" VPOS="2985" WIDTH="47" />
<String CONTENT="and" HEIGHT="53" HPOS="1353" VPOS="2966" WIDTH="113" />
<SP HEIGHT="53" HPOS="1467" VPOS="2966" WIDTH="41" />
<String CONTENT="Flight" HEIGHT="68" HPOS="1509" VPOS="2967" WIDTH="201" />
<SP HEIGHT="51" HPOS="1711" VPOS="2968" WIDTH="42" />
<String CONTENT="Lieutenant" HEIGHT="56" HPOS="1754" VPOS="2965" WIDTH="343" />
</TextLine>
<TextLine HEIGHT="70" HPOS="105" STYLEREFS="StyleId-7868C62D-F237-4262-9A46-7C898858FE6C-" VPOS="3042" WIDTH="1992">
<String CONTENT="D." HEIGHT="53" HPOS="105" VPOS="3046" WIDTH="69" />
<SP HEIGHT="55" HPOS="175" VPOS="3044" WIDTH="34" />
<String CONTENT="F." HEIGHT="53" HPOS="210" VPOS="3044" WIDTH="65" />
<SP HEIGHT="53" HPOS="276" VPOS="3044" WIDTH="34" />
<String CONTENT="M&#8217;Intyre;" HEIGHT="69" HPOS="311" VPOS="3043" WIDTH="311" />
<SP HEIGHT="48" HPOS="623" VPOS="3062" WIDTH="39" />
<String CONTENT="with" HEIGHT="53" HPOS="663" VPOS="3042" WIDTH="139" />
<SP HEIGHT="52" HPOS="803" VPOS="3044" WIDTH="31" />
<String CONTENT="a" HEIGHT="33" HPOS="835" VPOS="3063" WIDTH="31" />
<SP HEIGHT="49" HPOS="867" VPOS="3062" WIDTH="33" />
<String CONTENT="preface" HEIGHT="69" HPOS="901" VPOS="3042" WIDTH="228" />
<SP HEIGHT="52" HPOS="1130" VPOS="3044" WIDTH="33" />
<String CONTENT="by" HEIGHT="68" HPOS="1164" VPOS="3044" WIDTH="74" />
<SP HEIGHT="68" HPOS="1239" VPOS="3044" WIDTH="33" />
<String CONTENT="Lt.-Col." HEIGHT="55" HPOS="1273" VPOS="3043" WIDTH="242" />
<SP HEIGHT="46" HPOS="1516" VPOS="3051" WIDTH="34" />
<String CONTENT="the" HEIGHT="53" HPOS="1551" VPOS="3044" WIDTH="95" />
<SP HEIGHT="52" HPOS="1647" VPOS="3046" WIDTH="33" />
<String CONTENT="Rt." HEIGHT="53" HPOS="1681" VPOS="3046" WIDTH="93" />
<SP HEIGHT="53" HPOS="1775" VPOS="3046" WIDTH="36" />
<String CONTENT="Hon." HEIGHT="53" HPOS="1812" VPOS="3046" WIDTH="153" />
<SP HEIGHT="43" HPOS="1966" VPOS="3056" WIDTH="36" />
<String CONTENT="the" HEIGHT="53" HPOS="2003" VPOS="3048" WIDTH="94" />
</TextLine>
<TextLine CS="1" HEIGHT="73" HPOS="103" STYLEREFS="StyleId-7868C62D-F237-4262-9A46-7C898858FE6C-" VPOS="3121" WIDTH="1994">
<String CONTENT="Lord" HEIGHT="53" HPOS="103" VPOS="3122" WIDTH="152" />
<SP HEIGHT="52" HPOS="256" VPOS="3122" WIDTH="32" />
<String CONTENT="Tweedsmuir" HEIGHT="53" HPOS="289" VPOS="3121" WIDTH="386" />
<SP />
<String CONTENT="&#8230;" CS="1" />
<SP HEIGHT="52" HPOS="769" VPOS="3122" WIDTH="70" />
<String CONTENT="London," HEIGHT="65" HPOS="840" VPOS="3122" WIDTH="256" />
<SP HEIGHT="65" HPOS="1097" VPOS="3122" WIDTH="34" />
<String CONTENT="Edinburgh" HEIGHT="70" HPOS="1132" VPOS="3121" WIDTH="345" />
<SP HEIGHT="67" HPOS="1478" VPOS="3123" WIDTH="36" />
<String CONTENT="[etc.]" CS="1" />
<SP HEIGHT="65" HPOS="1653" VPOS="3125" WIDTH="34" />
<String CONTENT="W." HEIGHT="54" HPOS="1688" VPOS="3125" WIDTH="89" />
<SP HEIGHT="53" HPOS="1778" VPOS="3126" WIDTH="32" />
<String CONTENT="Hodge" HEIGHT="69" HPOS="1811" VPOS="3125" WIDTH="207" />
<SP HEIGHT="50" HPOS="2019" VPOS="3128" WIDTH="32" />
<String CONTENT="&amp;" HEIGHT="50" HPOS="2052" VPOS="3128" WIDTH="45" />
</TextLine>
<TextLine HEIGHT="68" HPOS="105" STYLEREFS="StyleId-7868C62D-F237-4262-9A46-7C898858FE6C-" VPOS="3199" WIDTH="751">
<String CONTENT="company," HEIGHT="49" HPOS="105" VPOS="3218" WIDTH="295" />
<SP HEIGHT="66" HPOS="401" VPOS="3199" WIDTH="26" />
<String CONTENT="limited" HEIGHT="52" HPOS="428" VPOS="3199" WIDTH="223" />
<SP HEIGHT="67" HPOS="652" VPOS="3199" WIDTH="33" />
<String CONTENT="[1936]" HEIGHT="64" HPOS="686" VPOS="3202" WIDTH="170" />
</TextLine>
<TextLine HEIGHT="53" HPOS="175" VPOS="3272" WIDTH="1912">
<String CONTENT="xvi," HEIGHT="47" HPOS="175" VPOS="3274" WIDTH="95" />
<SP HEIGHT="48" HPOS="271" VPOS="3273" WIDTH="38" />
<String CONTENT="209" HEIGHT="41" HPOS="310" VPOS="3272" WIDTH="86" />
<SP HEIGHT="49" HPOS="397" VPOS="3272" WIDTH="35" />
<String CONTENT="p." HEIGHT="37" HPOS="433" VPOS="3284" WIDTH="40" />
<SP HEIGHT="38" HPOS="474" VPOS="3274" WIDTH="69" />
<String CONTENT="front.," HEIGHT="44" HPOS="544" VPOS="3274" WIDTH="163" />
<SP HEIGHT="45" HPOS="708" VPOS="3273" WIDTH="39" />
<String CONTENT="illus.," HEIGHT="49" HPOS="748" VPOS="3273" WIDTH="142" />
<SP HEIGHT="38" HPOS="891" VPOS="3284" WIDTH="39" />
<String CONTENT="plates" HEIGHT="48" HPOS="931" VPOS="3274" WIDTH="156" />
<SP HEIGHT="48" HPOS="1088" VPOS="3273" WIDTH="28" />
<String CONTENT="(part" HEIGHT="48" HPOS="1117" VPOS="3273" WIDTH="134" />
<SP HEIGHT="40" HPOS="1252" VPOS="3274" WIDTH="37" />
<String CONTENT="fold.)" HEIGHT="50" HPOS="1290" VPOS="3274" WIDTH="143" />
<SP HEIGHT="46" HPOS="1434" VPOS="3278" WIDTH="49" />
<String CONTENT="ports.," HEIGHT="46" HPOS="1484" VPOS="3277" WIDTH="162" />
<SP HEIGHT="34" HPOS="1647" VPOS="3286" WIDTH="43" />
<String CONTENT="maps" HEIGHT="39" HPOS="1691" VPOS="3285" WIDTH="136" />
<SP HEIGHT="48" HPOS="1828" VPOS="3276" WIDTH="26" />
<String CONTENT="(1" HEIGHT="48" HPOS="1855" VPOS="3276" WIDTH="49" />
<SP HEIGHT="40" HPOS="1905" VPOS="3276" WIDTH="38" />
<String CONTENT="fold.)" HEIGHT="49" HPOS="1944" VPOS="3276" WIDTH="143" />
</TextLine>
<TextLine CS="1" HEIGHT="41" HPOS="105" VPOS="3329" WIDTH="145">
<String CONTENT="23&#189;cm." CS="1" HEIGHT="41" HPOS="105" VPOS="3329" WIDTH="145" />
</TextLine>
<TextLine CS="1" HEIGHT="56" HPOS="104" VPOS="3382" WIDTH="1992">
<String CONTENT="&#169;" HEIGHT="52" HPOS="104" VPOS="3382" WIDTH="52" />
<SP />
<String CONTENT="1c." CS="1" />
<SP />
<String CONTENT="June" HEIGHT="38" HPOS="278" VPOS="3387" WIDTH="128" />
<SP HEIGHT="38" HPOS="407" VPOS="3386" WIDTH="23" />
<String CONTENT="20," HEIGHT="46" HPOS="431" VPOS="3386" WIDTH="69" />
<SP HEIGHT="45" HPOS="501" VPOS="3387" WIDTH="27" />
<String CONTENT="1936;" CS="1" HEIGHT="40" HPOS="529" VPOS="3385" WIDTH="114" />
<SP HEIGHT="45" HPOS="670" VPOS="3387" WIDTH="27" />
<String CONTENT="A" HEIGHT="38" HPOS="698" VPOS="3387" WIDTH="40" />
<SP HEIGHT="38" HPOS="739" VPOS="3387" WIDTH="26" />
<String CONTENT="ad" HEIGHT="39" HPOS="766" VPOS="3386" WIDTH="60" />
<SP HEIGHT="40" HPOS="827" VPOS="3385" WIDTH="28" />
<String CONTENT="int." HEIGHT="41" HPOS="856" VPOS="3385" WIDTH="84" />
<SP HEIGHT="39" HPOS="941" VPOS="3387" WIDTH="25" />
<String CONTENT="21640;" HEIGHT="47" HPOS="967" VPOS="3386" WIDTH="170" />
<SP HEIGHT="37" HPOS="1138" VPOS="3397" WIDTH="29" />
<String CONTENT="pubd." HEIGHT="48" HPOS="1168" VPOS="3386" WIDTH="142" />
<SP HEIGHT="39" HPOS="1311" VPOS="3389" WIDTH="30" />
<String CONTENT="Apr." HEIGHT="46" HPOS="1342" VPOS="3389" WIDTH="112" />
<SP HEIGHT="41" HPOS="1455" VPOS="3388" WIDTH="30" />
<String CONTENT="27;" HEIGHT="46" HPOS="1486" VPOS="3388" WIDTH="81" />
<SP HEIGHT="44" HPOS="1568" VPOS="3390" WIDTH="31" />
<String CONTENT="Doubleday," HEIGHT="49" HPOS="1600" VPOS="3389" WIDTH="297" />
<SP HEIGHT="46" HPOS="1898" VPOS="3392" WIDTH="31" />
<String CONTENT="Doran" HEIGHT="38" HPOS="1930" VPOS="3392" WIDTH="166" />
</TextLine>
<TextLine HEIGHT="49" HPOS="171" VPOS="3442" WIDTH="1143">
<String CONTENT="&amp;" HEIGHT="39" HPOS="171" VPOS="3443" WIDTH="35" />
<SP HEIGHT="39" HPOS="207" VPOS="3443" WIDTH="22" />
<String CONTENT="co.," HEIGHT="35" HPOS="230" VPOS="3453" WIDTH="80" />
<SP HEIGHT="46" HPOS="311" VPOS="3442" WIDTH="24" />
<String CONTENT="inc.," HEIGHT="47" HPOS="336" VPOS="3442" WIDTH="104" />
<SP HEIGHT="47" HPOS="441" VPOS="3442" WIDTH="26" />
<String CONTENT="Garden" HEIGHT="39" HPOS="468" VPOS="3442" WIDTH="192" />
<SP HEIGHT="40" HPOS="661" VPOS="3442" WIDTH="26" />
<String CONTENT="City," HEIGHT="49" HPOS="688" VPOS="3442" WIDTH="122" />
<SP HEIGHT="48" HPOS="811" VPOS="3443" WIDTH="26" />
<String CONTENT="N." HEIGHT="38" HPOS="838" LANG="fi" VPOS="3443" WIDTH="53" />
<SP HEIGHT="38" HPOS="892" VPOS="3443" WIDTH="28" />
<String CONTENT="Y." HEIGHT="40" HPOS="921" VPOS="3443" WIDTH="51" />
<SP HEIGHT="47" HPOS="973" VPOS="3442" WIDTH="62" />
<String CONTENT="(36-17439)" HEIGHT="48" HPOS="1036" VPOS="3442" WIDTH="278" />
</TextLine>
<TextLine HEIGHT="66" HPOS="105" STYLEREFS="StyleId-7868C62D-F237-4262-9A46-7C898858FE6C-" VPOS="3530" WIDTH="702">
<String CONTENT="Flaig," HEIGHT="66" HPOS="105" LANG="en-US" VPOS="3530" WIDTH="183" />
<SP HEIGHT="62" HPOS="289" VPOS="3533" WIDTH="30" />
<String CONTENT="Walther," HEIGHT="64" HPOS="320" LANG="de" VPOS="3531" WIDTH="282" />
<SP HEIGHT="58" HPOS="603" VPOS="3537" WIDTH="32" />
<String CONTENT="1893-" HEIGHT="52" HPOS="636" LANG="en-US" VPOS="3536" WIDTH="171" />
</TextLine>
<TextLine HEIGHT="71" HPOS="173" STYLEREFS="StyleId-7868C62D-F237-4262-9A46-7C898858FE6C-" VPOS="3607" WIDTH="1922">
<String CONTENT="Lawinen!" HEIGHT="53" HPOS="173" LANG="en-US" VPOS="3607" WIDTH="301" />
<SP HEIGHT="53" HPOS="475" VPOS="3607" WIDTH="84" />
<String CONTENT="Abenteuer" HEIGHT="54" HPOS="560" LANG="de" VPOS="3607" WIDTH="323" />
<SP HEIGHT="34" HPOS="884" VPOS="3626" WIDTH="40" />
<String CONTENT="und" HEIGHT="52" HPOS="925" LANG="de" VPOS="3609" WIDTH="118" />
<SP HEIGHT="52" HPOS="1044" VPOS="3609" WIDTH="44" />
<String CONTENT="erfahrung," HEIGHT="71" HPOS="1089" LANG="en-US" VPOS="3607" WIDTH="337" />
<SP HEIGHT="50" HPOS="1427" VPOS="3627" WIDTH="44" />
<String CONTENT="erlebnis" HEIGHT="56" HPOS="1472" LANG="en-US" VPOS="3608" WIDTH="241" />
<SP HEIGHT="36" HPOS="1714" VPOS="3628" WIDTH="45" />
<String CONTENT="und" HEIGHT="53" HPOS="1760" LANG="de" VPOS="3611" WIDTH="117" />
<SP HEIGHT="53" HPOS="1878" VPOS="3611" WIDTH="43" />
<String CONTENT="lehre," HEIGHT="67" HPOS="1922" LANG="de" VPOS="3611" WIDTH="173" />
</TextLine>
<TextLine HEIGHT="70" HPOS="107" LANG="de" STYLEREFS="StyleId-7868C62D-F237-4262-9A46-7C898858FE6C-" VPOS="3684" WIDTH="1988">
<String CONTENT="von" HEIGHT="35" HPOS="107" VPOS="3701" WIDTH="108" />
<SP HEIGHT="54" HPOS="216" VPOS="3684" WIDTH="29" />
<String CONTENT="Walther" HEIGHT="54" HPOS="246" VPOS="3684" WIDTH="262" />
<SP HEIGHT="51" HPOS="509" VPOS="3685" WIDTH="30" />
<String CONTENT="Flaig." HEIGHT="69" HPOS="540" VPOS="3685" WIDTH="188" />
<SP HEIGHT="53" HPOS="729" VPOS="3685" WIDTH="68" />
<String CONTENT="Mit" HEIGHT="53" HPOS="798" VPOS="3685" WIDTH="114" />
<SP HEIGHT="49" HPOS="913" VPOS="3689" WIDTH="34" />
<String CONTENT="120" HEIGHT="50" HPOS="948" VPOS="3688" WIDTH="100" />
<SP HEIGHT="54" HPOS="1049" VPOS="3685" WIDTH="32" />
<String CONTENT="bildern" HEIGHT="54" HPOS="1082" VPOS="3685" WIDTH="226" />
<SP HEIGHT="35" HPOS="1309" VPOS="3704" WIDTH="33" />
<String CONTENT="und" HEIGHT="53" HPOS="1343" VPOS="3686" WIDTH="118" />
<SP HEIGHT="54" HPOS="1462" VPOS="3685" WIDTH="34" />
<String CONTENT="karten" HEIGHT="55" HPOS="1497" VPOS="3685" WIDTH="204" />
<SP HEIGHT="35" HPOS="1702" VPOS="3705" WIDTH="33" />
<String CONTENT="sowie" HEIGHT="55" HPOS="1736" VPOS="3686" WIDTH="167" />
<SP HEIGHT="36" HPOS="1904" VPOS="3705" WIDTH="36" />
<String CONTENT="einer" HEIGHT="54" HPOS="1941" VPOS="3686" WIDTH="154" />
</TextLine>
<TextLine HEIGHT="71" HPOS="109" LANG="de" STYLEREFS="StyleId-7868C62D-F237-4262-9A46-7C898858FE6C-" VPOS="3760" WIDTH="1466">
<String CONTENT="lawinentafel." HEIGHT="54" HPOS="109" VPOS="3760" WIDTH="401" />
<SP HEIGHT="52" HPOS="511" VPOS="3761" WIDTH="57" />
<String CONTENT="Leipzig," HEIGHT="70" HPOS="569" VPOS="3761" WIDTH="258" />
<SP HEIGHT="67" HPOS="828" VPOS="3762" WIDTH="23" />
<String CONTENT="F." HEIGHT="53" HPOS="852" LANG="fi" VPOS="3762" WIDTH="66" />
<SP HEIGHT="54" HPOS="919" VPOS="3761" WIDTH="25" />
<String CONTENT="A." HEIGHT="54" HPOS="945" VPOS="3761" WIDTH="72" />
<SP HEIGHT="52" HPOS="1018" VPOS="3763" WIDTH="27" />
<String CONTENT="Brockhaus," HEIGHT="68" HPOS="1046" VPOS="3761" WIDTH="351" />
<SP HEIGHT="63" HPOS="1398" VPOS="3766" WIDTH="25" />
<String CONTENT="1935." HEIGHT="51" HPOS="1424" VPOS="3766" WIDTH="151" />
</TextLine>
<TextLine CS="1" HEIGHT="52" HPOS="171" VPOS="3832" WIDTH="1233">
<String CONTENT="173" HEIGHT="41" HPOS="171" LANG="de" VPOS="3832" WIDTH="83" />
<SP HEIGHT="49" HPOS="255" VPOS="3832" WIDTH="22" />
<String CONTENT="p.," HEIGHT="37" HPOS="278" LANG="fr" VPOS="3844" WIDTH="56" />
<SP HEIGHT="46" HPOS="335" VPOS="3835" WIDTH="25" />
<String CONTENT="1" HEIGHT="36" HPOS="361" LANG="de" VPOS="3835" WIDTH="20" />
<SP HEIGHT="40" HPOS="382" VPOS="3834" WIDTH="28" />
<String CONTENT="l." CS="1" LANG="de" />
<SP HEIGHT="40" HPOS="441" VPOS="3834" WIDTH="25" />
<String CONTENT="incl." CS="1" HEIGHT="40" HPOS="467" LANG="en-US" VPOS="3834" WIDTH="76" />
<SP HEIGHT="40" HPOS="577" VPOS="3834" WIDTH="24" />
<String CONTENT="front.," HEIGHT="50" HPOS="602" LANG="en-US" VPOS="3834" WIDTH="164" />
<SP HEIGHT="49" HPOS="767" VPOS="3835" WIDTH="23" />
<String CONTENT="illus.," HEIGHT="48" HPOS="791" LANG="de" VPOS="3835" WIDTH="142" />
<SP HEIGHT="47" HPOS="934" VPOS="3836" WIDTH="23" />
<String CONTENT="fold." HEIGHT="41" HPOS="958" LANG="en-US" VPOS="3836" WIDTH="117" />
<SP HEIGHT="40" HPOS="1076" VPOS="3837" WIDTH="23" />
<String CONTENT="tab." HEIGHT="41" HPOS="1100" LANG="en-US" VPOS="3835" WIDTH="98" />
<SP HEIGHT="40" HPOS="1199" VPOS="3835" WIDTH="57" />
<String CONTENT="23" HEIGHT="41" HPOS="1257" LANG="de" VPOS="3835" WIDTH="56" />
<String CONTENT="&#189;c" CS="1" LANG="en-US" />
<String CONTENT="m." HEIGHT="39" HPOS="1363" LANG="de" VPOS="3838" WIDTH="41" />
</TextLine>
<TextLine HEIGHT="52" HPOS="175" LANG="de" VPOS="3888" WIDTH="993">
<String CONTENT="&#8220;Quellen" HEIGHT="48" HPOS="175" VPOS="3888" WIDTH="227" />
<SP HEIGHT="29" HPOS="403" VPOS="3901" WIDTH="27" />
<String CONTENT="und" HEIGHT="38" HPOS="431" VPOS="3892" WIDTH="95" />
<SP HEIGHT="39" HPOS="527" VPOS="3892" WIDTH="29" />
<String CONTENT="Schriften&#8221;" HEIGHT="42" HPOS="557" VPOS="3890" WIDTH="265" />
<SP HEIGHT="41" HPOS="823" VPOS="3891" WIDTH="17" />
<String CONTENT=":" HEIGHT="30" HPOS="841" VPOS="3902" WIDTH="8" />
<SP HEIGHT="38" HPOS="850" VPOS="3902" WIDTH="29" />
<String CONTENT="p." HEIGHT="38" HPOS="880" VPOS="3902" WIDTH="44" />
<SP HEIGHT="44" HPOS="925" VPOS="3892" WIDTH="26" />
<String CONTENT="171-173." HEIGHT="41" HPOS="952" VPOS="3892" WIDTH="216" />
</TextLine>
<TextLine CS="1" HEIGHT="57" HPOS="106" LANG="de" VPOS="3941" WIDTH="1989">
<String CONTENT="&#169;" HEIGHT="53" HPOS="106" VPOS="3941" WIDTH="52" />
<SP HEIGHT="53" HPOS="159" VPOS="3941" WIDTH="27" />
<String CONTENT="Oct." HEIGHT="40" HPOS="187" VPOS="3947" WIDTH="100" />
<SP HEIGHT="38" HPOS="288" VPOS="3949" WIDTH="27" />
<String CONTENT="15," HEIGHT="42" HPOS="316" VPOS="3949" WIDTH="67" />
<SP HEIGHT="42" HPOS="384" VPOS="3949" WIDTH="30" />
<String CONTENT="1935;" HEIGHT="46" HPOS="415" VPOS="3947" WIDTH="139" />
<SP />
<String CONTENT="1c." CS="1" />
<SP />
<String CONTENT="Apr." HEIGHT="46" HPOS="681" LANG="en-US" VPOS="3950" WIDTH="112" />
<SP HEIGHT="39" HPOS="794" VPOS="3950" WIDTH="25" />
<String CONTENT="27," HEIGHT="46" HPOS="820" VPOS="3950" WIDTH="69" />
<SP HEIGHT="45" HPOS="890" VPOS="3951" WIDTH="28" />
<String CONTENT="1936;" HEIGHT="48" HPOS="919" VPOS="3949" WIDTH="138" />
<SP HEIGHT="46" HPOS="1058" VPOS="3951" WIDTH="30" />
<String CONTENT="A" HEIGHT="37" HPOS="1089" LANG="en-US" VPOS="3951" WIDTH="40" />
<String CONTENT="-Foreign" HEIGHT="48" HPOS="1131" VPOS="3950" WIDTH="267" />
<SP HEIGHT="40" HPOS="1399" VPOS="3951" WIDTH="26" />
<String CONTENT="31541;" HEIGHT="47" HPOS="1426" VPOS="3950" WIDTH="170" />
<SP HEIGHT="46" HPOS="1597" VPOS="3951" WIDTH="32" />
<String CONTENT="F." HEIGHT="40" HPOS="1630" LANG="fr" VPOS="3951" WIDTH="49" />
<SP HEIGHT="40" HPOS="1680" VPOS="3951" WIDTH="30" />
<String CONTENT="A." HEIGHT="40" HPOS="1711" LANG="fr" VPOS="3951" WIDTH="52" />
<SP HEIGHT="39" HPOS="1764" VPOS="3952" WIDTH="31" />
<String CONTENT="Brockhaus." HEIGHT="39" HPOS="1796" VPOS="3951" WIDTH="299" />
</TextLine>
<TextLine HEIGHT="49" HPOS="185" LANG="de" VPOS="4003" WIDTH="277">
<String CONTENT="(36-17113)" HEIGHT="49" HPOS="185" VPOS="4003" WIDTH="277" />
</TextLine>
</TextBlock>
</PrintSpace>
</Page>
</Layout>
</alto>