2519 4377
1095 4113 133 49 1465

150 458 238 63 Lemay,
416 456 219 56 Pierre.

283 531 1869 69 … Maine de Biran et la Société médicale de Bergerac, d’après
153 612 50 52 le
243 611 237 69 registre
524 610 95 54 des
660 611 223 54 séances
924 618 52 46 et
1017 612 78 52 les
1137 616 267 62 rapports
1445 607 227 57 inédits.
1748 609 184 69 Paris,
1974 610 179 70 Vigot

153 689 178 53 frères
549 722 11 33 [c1936]

222 762 1444 49 2 p. l., 227 p., 1 l. illus. (inch facsims.) port. 19½ cm .
225 818 1879 50 At head of title: Médecine et philosophie sous le premier empire …
149 885 1806 52 © June 15. 1936; 1c. Aug. 27: A- Foreign 32848; Vigot frères.
230 946 279 48 (36-22056)

149 1049 341 64 Lockwood,
518 1048 254 55 William
799 1048 172 65 Wirt,
1003 1055 170 50 1906-

220 1126 121 52 The
372 1125 226 70 foreign
632 1127 161 53 trade
824 1126 190 69 policy
1046 1126 63 53 of
1138 1128 95 52 the
1265 1127 216 55 United
1516 1127 190 56 States
1744 1127 109 69 [by]
1891 1128 259 55 William

152 1204 2001 69 W. Lockwood, jr. … Prepared for the sixth international
153 1282 329 54 conference
518 1282 63 54 of
617 1284 95 53 the
747 1283 274 54 Institute
1058 1283 63 54 of
1158 1283 211 54 Pacific
1405 1284 288 68 relations,
1728 1292 57 46 to
1822 1285 66 53 be
1926 1285 129 53 held
2096 1292 57 46 at

155 1360 1997 71 Yosemite, California, August 15 to 29, 1936 … New York.
151 1440 305 53 American
488 1440 237 69 council,
754 1441 273 54 Institute
1057 1440 64 54 of
1147 1441 212 53 Pacific
1389 1441 288 66 relations,
1709 1444 147 50 1936.

225 1513 57 42 58
314 1524 42 39 p.
417 1513 55 41 23
476 1515 43 21 cm
524 1545 9 9 .
605 1513 277 50 ([Institute
916 1513 51 41 of
1002 1513 177 41 Pacifie
1213 1514 249 50 relations]
1523 1514 258 40 American
1816 1515 187 40 council
2039 1516 113 40 data

155 1582 186 39 papers,
370 1581 75 33 no.
476 1569 52 49 5)
651 1569 132 52 $0.50

152 1639 53 53 ©
231 1643 114 47 July
373 1645 66 40 16.
470 1643 140 47 1936;
638 1644 68 39 2c.
734 1644 114 46 July
875 1645 51 37 21:
987 1644 82 41 aff.
1097 1646 119 43 Aug.
1243 1645 53 45 4;
1327 1645 39 39 A
1392 1643 170 41 96775:
1595 1646 156 37 Amer,
1781 1642 202 43 council.
223 1642 1913 98 Institute
358 1701 51 37 of
442 1700 176 40 Pacific
651 1700 248 39 relations.
973 1700 280 48 (30-23847)

152 1805 216 64 Mandl,
395 1803 309 65 Vladimír,
734 1809 170 50 1899-

225 1881 209 68 Essays
463 1880 64 54 of
556 1900 31 35 a
616 1882 308 66 European
953 1882 343 67 technocrat,
1323 1882 76 67 by
1426 1881 293 54 Vladimir
1744 1882 221 57 Mandl,
1995 1900 82 34 ll.
2108 1901 45 32 n.

155 1957 1741 71 Los Angeles, Calif., Wetzel publishing co., inc. [ c 1936 ]
229 2032 531 50 5 p. l., 13-79 p. 19½cm.
154 2100 53 52 ©
238 2074 114 69 May
376 2105 38 39 8.
445 2102 112 42 1930;
616 2103 68 41 2c.
716 2104 101 40 Oct.
847 2104 55 39 12;
961 2104 82 40 aff.
1076 2104 101 40 Oct.
1210 2104 53 39 13:
1324 2104 39 38 A
1394 2102 137 42 98891;
1598 2102 178 41 Wetzel
1810 2102 108 48 pub.
1952 2112 84 34 co.,
2067 2102 90 39 inc.

234 2160 280 50 (36-23855)

155 2266 197 62 Mann,
377 2265 173 63 Mary
575 2264 369 63 Emmanuel,
970 2265 179 53 sister.

289 2338 1868 69 … The clausulae of St. Hilary of Poitiers … by Sister Mary
161 2416 1973 148 Emmanuel Mann … Washington, D. C., The Catholic university of America, 1936.
227 2570 96 47 xvi,
360 2569 86 41 130
481 2580 43 38 p.
596 2569 56 40 23
656 2572 44 21 cm
705 2602 9 9 .
799 2569 124 49 (The
961 2568 222 42 Catholic
1219 2568 271 49 university
1528 2569 50 40 of
1617 2567 234 41 America.
1927 2566 232 42 Patristic

158 2625 197 41 studies,
415 2626 90 40 vol.
708 2626 13 48 XLVIII)

227 2681 171 42 Thesis
426 2682 14 48 (PH.
615 2681 307 49 D.)—Catholic
952 2681 268 49 university
1252 2681 51 40 of
1332 2680 236 46 America,
1601 2679 125 42 1936.

231 2738 184 43 “Select
446 2737 365 50 bibliography”;
874 2749 41 38 p.
950 2736 217 42 xiii-xvi.

158 2805 53 53 ©
253 2810 129 39 June
420 2809 67 48 12,
529 2808 141 47 1936;
714 2810 66 37 2c.
823 2809 95 39 and
960 2809 83 40 aff.
1086 2809 125 38 June
1253 2807 80 40 15:
1379 2808 39 38 A
1459 2805 172 41 94940:
1676 2805 223 42 Catholic
1939 2803 130 40 univ.
2112 2804 51 39 of

227 2866 236 42 America.
533 2865 281 50 (36-23906)

160 2970 494 53 Massachusetts.
729 2972 182 51 Laws,
938 2975 256 60 statutes,
1222 2975 99 47 etc.

232 3048 329 52 Annotated
595 3048 138 52 laws
764 3048 62 51 of
860 3046 455 53 Massachusetts.
1390 3047 132 50 1936
1555 3044 343 53 cumulative
165 3043 1971 136 supplement,
367 3124 333 67 containing
734 3124 75 53 all
844 3125 94 53 the
973 3124 225 66 general
1233 3124 138 51 laws
1406 3121 63 54 of
1506 3126 150 53 1933,
1694 3126 150 56 1934,
1879 3124 133 50 1935
2049 3122 109 52 and

164 3198 1998 145 1936 completely annotated, by the editorial staffs of the publishers. volumes 1-10 … Charlottesville. Va., The Michie
165 3376 305 48 company:
519 3358 321 65 Rochester,
882 3358 67 51 N.
998 3358 86 64 Y.,
1126 3357 119 51 The
1289 3358 266 64 Lawyers
1599 3354 381 67 co-operative
164 3355 1973 137 publishing
401 3453 280 48 company
893 3468 10 33 [c1936]

231 3508 55 40 10
319 3518 39 29 v.
421 3508 53 41 23
479 3510 42 21 cm
529 3540 7 9 .

232 3565 154 39 These
417 3565 274 47 pamphlets
721 3574 83 29 are
836 3566 48 37 to
918 3564 56 38 be
1002 3563 137 39 fitted
1173 3563 101 38 into
1306 3562 84 41 the
1418 3562 197 48 pockets
1649 3562 52 39 at
1731 3561 81 39 the
1845 3561 121 38 hack
1999 3560 54 37 of
2082 3560 81 39 the

163 3622 212 38 volumes
402 3621 52 38 of
482 3621 81 38 the
592 3623 72 36 set
695 3624 46 36 to
770 3619 156 39 which
958 3619 113 46 they
1100 3618 184 45 belong.

166 3674 53 53 ©
255 3678 116 39 Nov.
406 3680 40 38 4.
483 3677 137 46 1936;
660 3676 65 39 2c.
764 3676 118 39 each
918 3676 118 39 Nov.
1073 3677 51 45 6;
1166 3677 37 37 A
1241 3674 198 42 100328:
1483 3673 177 40 Michie
1696 3682 66 30 co.
1801 3673 94 38 and
1936 3673 228 45 Lawyers

236 3733 322 47 co-operative
583 3732 109 48 pubd,
721 3742 67 31 co.

167 3839 264 62 Matisse,
456 3838 292 53 Maarten.

240 3914 53 51 A
330 3912 290 52 wanderer
654 3912 153 52 from
840 3931 89 33 sea
967 3915 54 47 to
1053 3930 87 33 sea;
1213 3911 92 52 the
1338 3910 146 52 book
1517 3909 63 52 of
1615 3909 263 52 Maarten
1912 3907 253 65 Matisse,

172 4011 29 32 a
237 3991 294 67 vagabond
565 3992 58 51 in
653 3989 193 53 search
879 3989 64 52 of
973 3989 143 54 God.
1184 3989 256 51 London.
1473 3989 60 50 L.
1568 3986 247 53 Dickson
1847 3986 105 53 ltd.
2147 4019 12 34 [1936]
