2519 4377
1021 4104 100 53 781

89 448 172 64 Cook,
288 448 203 53 James
516 449 97 61 M.,
642 453 172 50 1858-

158 523 153 53 Lane
344 522 63 53 of
437 523 95 52 the
563 522 200 69 Llano,
795 522 170 69 being
995 523 94 53 the
1122 527 156 63 story
1311 522 64 53 of
1408 522 121 55 Jim
1573 521 209 68 (Lane)
1826 521 158 56 Cook
2017 539 58 36 as

89 599 121 53 told
240 606 58 46 to
326 600 64 53 T.
422 600 77 52 M.
534 598 236 69 Pearce;
805 599 323 53 illustrated
1157 600 74 66 by
1262 598 220 54 Walter
1513 600 54 53 J.
1600 597 259 54 Heffron.
88 599 1963 137 Boston,

229 676 194 66 Little,
453 676 228 67 Brown,
710 676 111 53 and
851 693 296 50 company,
1176 678 147 51 1936.

158 744 1059 50 xiv, 269 p. front. (port.) illus. 21½ cm .
157 802 101 40 The
287 802 178 40 author
495 805 51 37 at
576 812 90 30 one
696 803 118 39 time
844 805 222 38 assumed
1101 804 81 40 the
1214 813 140 30 name
1386 803 51 39 of
1469 803 96 40 Jim
1599 804 143 39 Lane.
1803 805 61 48 cf.
1899 815 41 37 p.
1976 805 96 47 144,

88 857 97 42 188.

158 914 138 47 Maps
327 924 59 29 on
418 912 360 49 lining-papers.

86 983 1991 53 © June 12, 1936; 2c. and aff. June 13; A 95673; J. L. Cook and T. M.
155 1044 190 47 Pearce,
371 1044 353 48 Albuquerque,
752 1044 55 39 N.
835 1045 62 38 M.
962 1043 252 46 (36-13037
1228 1046 13 45 )

85 1147 238 64 Cooper,
352 1146 362 55 Williamson
745 1148 132 63 Lee,
908 1153 170 49 1889-

157 1221 199 56 Stuart
382 1223 289 54 Robinson
698 1224 190 52 school
914 1223 111 53 and
1051 1224 74 52 its
1151 1225 156 52 work;
1365 1242 30 34 a
1422 1223 170 69 study
1621 1225 57 50 in
1707 1225 246 66 meeting
1983 1225 92 51 the

88 1301 164 52 needs
288 1300 63 53 of
387 1319 103 35 our
525 1301 188 53 school
750 1301 348 68 community
1135 1303 109 52 and
1286 1302 163 68 plans
1488 1301 91 53 for
1619 1301 193 54 future
1848 1302 227 65 service,

87 1377 1987 71 by W. L. Cooper … Nashville, Tenn., The Parthenon press
107 1461 173 62 [ c 1936]
155 1529 84 39 124
270 1540 42 37 p.
401 1528 29 41 19½
459 1531 44 21 cm
507 1559 9 9 .

83 1587 53 53 ©
166 1592 114 48 May
310 1592 39 47 5,
380 1590 115 43 1936;
553 1592 67 41 2c.
652 1593 96 40 and
780 1592 81 42 aff.
895 1593 112 48 May
1040 1593 53 41 13;
1154 1594 39 38 A
1226 1592 141 41 95161;
1430 1594 71 41 W.
1535 1593 50 41 L.
1618 1593 198 49 Cooper,
1849 1593 226 49 Blackey,

153 1649 90 48 Ky.
305 1648 279 49 (36-12967)

84 1751 323 65 Crawford,
440 1752 262 65 Charles,
737 1758 169 50 1866-

151 1825 327 70 Re-stating
507 1826 284 54 economic
824 1828 219 69 theory,
1076 1829 75 68 by
1187 1826 236 56 Charles
1459 1827 322 55 Crawford.
1876 1828 199 67 [Paola,

82 1903 167 69 Kan.,
274 1904 119 52 The
419 1903 355 69 Republican
801 1923 174 50 press,
1001 1912 17 21 c
1025 1908 133 50 1936
1161 1938 14 35 3

151 1975 84 41 128
261 1987 41 38 p.
363 1976 84 49 20½
452 1979 43 22 cm
499 2010 9 8 .

84 2031 52 52 ©
174 2036 126 39 June
336 2037 40 45 4,
416 2034 139 43 1936:
596 2035 67 40 2c.
702 2038 95 38 and
837 2036 82 40 aff.
960 2037 125 39 June
1123 2037 52 46 8;
1218 2038 41 38 A
1297 2037 171 47 94771;
1510 2037 49 41 C.
1601 2037 269 48 Crawford,
1911 2038 164 44 Paola,

155 2092 122 39 Kan.
345 2092 279 49 (36-13016)

85 2194 262 66 Darling,
373 2195 231 54 Millard
631 2196 200 66 Stacy.

152 2268 274 55 Effective
465 2271 367 69 citizenship;
872 2273 281 68 personal,
1197 2273 333 67 vocational,
1570 2273 111 52 and
1724 2273 350 69 community

79 2344 1996 75 civics, by Millard S. Darling … and Benjamin B. Greenberg
142 2426 1223 68 … New York, Prentice-Hall, inc., 1936.
150 2498 95 47 xvi,
280 2499 85 41 448
397 2509 42 37 p.
476 2499 109 41 incl.
617 2500 163 47 front.,
815 2501 127 40 illus.
1003 2501 178 48 diagrs.
1226 2502 46 46 (1
1312 2499 141 47 fold.)
1522 2499 145 42 21½cm.

152 2555 299 49 “Readings”
479 2559 52 37 at
557 2558 91 39 end
676 2557 51 39 of
751 2558 119 39 each
898 2558 211 47 chapter.

83 2610 53 53 ©
166 2616 114 47 May
311 2615 39 42 5.
383 2614 113 41 1936;
556 2615 67 41 2c.
658 2616 113 47 May
802 2614 53 40 21;
919 2614 82 42 aff.
1035 2616 115 47 May
1179 2615 56 40 26;
1297 2616 40 39 A
1369 2614 147 41 94590;
1577 2615 374 46 Prentice-Hall,
1985 2615 89 39 inc.

162 2671 279 48 (36-13015)

83 2775 369 63 Desjardins,
478 2776 217 56 Lucile.

82 2848 1966 133 Our living church [by] Lucile Desjardins … Leaders’ manual.
266 2928 372 68 Cooperative
676 2930 262 52 vacation
976 2930 209 52 church
1224 2930 189 53 school
1449 2930 127 52 unit
1615 2928 94 54 for
83 2928 1966 145 intermediates,
252 3010 148 49 1936.
469 3006 312 55 Published

817 3007 92 53 for
944 3008 93 52 the
1070 3007 419 53 International
1524 3007 317 54 committee
1878 3025 71 35 on
82 3024 1967 126 cooperative
416 3084 352 68 publication
813 3084 63 54 of
918 3085 261 53 vacation

1224 3085 210 52 church
1479 3085 189 53 school
1711 3082 362 55 curriculum.

82 3160 421 70 Philadelphia,
530 3162 120 52 The
675 3160 395 56 Westminster
1098 3180 174 50 press,
1300 3164 150 51 1936.

150 3233 86 40 222
261 3245 42 38 p.
364 3235 140 46 illus.,
530 3234 179 48 diagrs.
744 3236 49 48 (1
820 3235 141 48 fold.)
1030 3234 55 40 22
1089 3237 44 21 cm
1137 3267 10 9 .
1223 3234 100 42 [The
1349 3234 303 48 cooperative
1678 3234 151 41 series
1856 3234 53 41 of
82 3243 1971 88 vacation
211 3292 177 40 church
416 3292 160 40 school
603 3294 145 48 texts]

154 3348 269 48 “Prepared
457 3348 125 40 from
615 3359 26 29 a
676 3348 289 48 descriptive
996 3348 183 41 outline
1213 3347 257 48 developed
1501 3347 61 47 by
1596 3347 281 41 Protestant
83 3346 1972 98 Christian
215 3405 157 40 forces
403 3405 50 40 of
483 3406 83 39 the
594 3405 179 41 United

807 3404 160 42 States
1001 3405 94 40 and
1126 3404 198 41 Canada
1356 3405 211 48 through
1599 3404 82 41 the
1715 3402 355 43 International

85 3461 182 40 council
295 3462 52 40 of
373 3462 227 47 religious
625 3461 269 47 education,
924 3463 93 39 and
1046 3461 215 41 released
1289 3463 49 39 to
1366 3461 81 41 the
1476 3460 297 41 constituent
83 3458 1973 101 denominations.”

155 3574 161 42 “Book
347 3575 108 40 list”:
516 3586 42 37 p.
589 3575 217 41 201-212.

85 3629 52 53 ©
164 3635 112 46 Apr.
304 3634 68 47 15,
402 3634 113 39 1936;
570 3633 66 41 2c.
668 3635 77 38 May
807 3633 25 39 2;
892 3633 80 40 aff.
1004 3635 114 46 May
1146 3634 23 38 1;
1228 3634 41 38 A
1298 3632 143 42 93994;
1499 3634 50 39 L.
1581 3632 303 48 Desjardins,
157 3631 1900 107 Philadelphia.
436 3690 278 47 (36-13128)

85 3792 272 63 Dickson,
382 3794 234 63 Marcel,
640 3794 55 52 d.
722 3796 148 51 1932.

213 3865 1859 70 … Les églises romanes de l’ancien diocèse de Châlon; Cluny
84 3942 1989 71 et sa région; préface de Marcel Aubert … Mâcon, Imprimerie
87 4019 196 55 Protat
313 4022 176 54 frères
543 4025 151 65 [1935]
