<alto xmlns="http://www.loc.gov/standards/alto/ns-v3#" xmlns:xsi="http://www.w3.org/2001/XMLSchema-instance" xsi:schemaLocation="http://www.loc.gov/standards/alto/ns-v3# http://www.loc.gov/alto/v3/alto-3-0.xsd"><Description>
<MeasurementUnit>pixel</MeasurementUnit>
<sourceImageInformation>
<fileName>1936_v33_Part1.pdf</fileName>
</sourceImageInformation>
<OCRProcessing ID="IdOcr">
<ocrProcessingStep>
<processingDateTime>2019-01-18</processingDateTime>
<processingSoftware>
<softwareCreator>ABBYY</softwareCreator>
<softwareName>ABBYY Recognition Server</softwareName>
<softwareVersion>4.0</softwareVersion>
</processingSoftware>
</ocrProcessingStep>
</OCRProcessing>
</Description>
<Styles>
<ParagraphStyle ALIGN="Left" FIRSTLINE="0." ID="StyleId-FFFFFFFF-FFFF-FFFF-FFFF-FFFFFFFFFFFF-" LEFT="0." RIGHT="0." />
<ParagraphStyle ALIGN="Left" FIRSTLINE="0." ID="StyleId-51D50FAC-7A90-4D70-8A96-5EA9D46D1C8B-" LEFT="0." LINESPACE="7.699999809" RIGHT="0." />
<ParagraphStyle ALIGN="Block" FIRSTLINE="-17." ID="StyleId-6BC133E9-7DCB-43C3-8842-A67984A26405-" LEFT="0." LINESPACE="8.340000153" RIGHT="0." />
<ParagraphStyle ALIGN="Left" FIRSTLINE="-13." ID="StyleId-3C3FF860-43E7-46A2-8934-48F305F6F0D6-" LEFT="0." LINESPACE="11.06999969" RIGHT="0." />
<ParagraphStyle ALIGN="Block" FIRSTLINE="-13." ID="StyleId-19220C76-4F8A-4737-B38C-B5F5C17E6040-" LEFT="0." LINESPACE="11.06999969" RIGHT="0." />
<ParagraphStyle ALIGN="Left" FIRSTLINE="0." ID="StyleId-75A0D721-13ED-4F20-9002-B389EC48477D-" LEFT="0." LINESPACE="15.5" RIGHT="0." />
<ParagraphStyle ALIGN="Left" FIRSTLINE="0." ID="StyleId-8A414184-C7A5-4AC7-9B88-7DA4DDE75922-" LEFT="0." LINESPACE="9.399999619" RIGHT="0." />
<ParagraphStyle ALIGN="Left" FIRSTLINE="0." ID="StyleId-1A87970B-111C-4169-99A6-9412976F3C97-" LEFT="0." LINESPACE="10.5" RIGHT="0." />
<ParagraphStyle ALIGN="Block" FIRSTLINE="-17." ID="StyleId-72DB0571-5AE4-41FD-9E11-68C6AC4C437E-" LEFT="0." LINESPACE="8.340000153" RIGHT="0." />
<ParagraphStyle ALIGN="Center" FIRSTLINE="0." ID="StyleId-1AA43056-C388-4697-B10F-72FDAA38FAE1-" LEFT="0." LINESPACE="10.5" RIGHT="0." />
</Styles>
<Layout>
<Page HEIGHT="4377" ID="Page1432" PHYSICAL_IMG_NR="1432" WIDTH="2519">
<TopMargin HEIGHT="408" HPOS="0" VPOS="0" WIDTH="2519">
</TopMargin>
<LeftMargin HEIGHT="3676" HPOS="0" VPOS="408" WIDTH="194">
</LeftMargin>
<RightMargin HEIGHT="3676" HPOS="2244" VPOS="408" WIDTH="275">
</RightMargin>
<BottomMargin HEIGHT="293" HPOS="0" VPOS="4084" WIDTH="2519">
<TextBlock HEIGHT="156" HPOS="1057" ID="Page1432_Block1" LANG="en-US" STYLEREFS="StyleId-B1A7BBE3-B54B-4E71-8A99-5AAFB3D950C7-" VPOS="4084" WIDTH="522">
<TextLine HEIGHT="48" HPOS="1161" VPOS="4121" WIDTH="133">
<String CONTENT="1432" HEIGHT="48" HPOS="1161" VPOS="4121" WIDTH="133" />
</TextLine>
</TextBlock>
<GraphicalElement HEIGHT="260" HPOS="2486" ID="Page1432_Block2" VPOS="4084" WIDTH="14" />
<GraphicalElement HEIGHT="124" HPOS="2496" ID="Page1432_Block3" VPOS="4212" WIDTH="6" />
</BottomMargin>
<PrintSpace HEIGHT="3676" HPOS="194" VPOS="408" WIDTH="2050">
<TextBlock CS="1" HEIGHT="3676" HPOS="194" ID="Page1432_Block4" LANG="en-US" STYLEREFS="StyleId-6279497D-DE96-4728-BDBF-4FE4B6DCBE74-" VPOS="408" WIDTH="2050">
<TextLine HEIGHT="67" HPOS="205" STYLEREFS="StyleId-BD0660E7-1A5C-41EF-82DF-980656200E83-" VPOS="419" WIDTH="948">
<String CONTENT="Gouwens," HEIGHT="65" HPOS="205" VPOS="421" WIDTH="310" />
<SP HEIGHT="65" HPOS="516" VPOS="421" WIDTH="24" />
<String CONTENT="Teunis" HEIGHT="55" HPOS="541" VPOS="419" WIDTH="224" />
<SP HEIGHT="53" HPOS="766" VPOS="420" WIDTH="23" />
<String CONTENT="Earl," HEIGHT="65" HPOS="790" VPOS="419" WIDTH="160" />
<SP HEIGHT="59" HPOS="951" VPOS="425" WIDTH="29" />
<String CONTENT="1886-" HEIGHT="50" HPOS="981" VPOS="424" WIDTH="172" />
</TextLine>
<TextLine HEIGHT="68" HPOS="278" STYLEREFS="StyleId-9809BAEE-4D12-457F-B117-ABDF7D36CBD3-" VPOS="509" WIDTH="1947">
<String CONTENT="Can" HEIGHT="54" HPOS="278" VPOS="512" WIDTH="123" />
<SP HEIGHT="33" HPOS="402" VPOS="530" WIDTH="45" />
<String CONTENT="we" HEIGHT="34" HPOS="448" VPOS="530" WIDTH="83" />
<SP HEIGHT="34" HPOS="532" VPOS="530" WIDTH="43" />
<String CONTENT="repeat" HEIGHT="61" HPOS="576" VPOS="516" WIDTH="200" />
<SP HEIGHT="49" HPOS="777" VPOS="515" WIDTH="44" />
<String CONTENT="the" HEIGHT="52" HPOS="822" VPOS="511" WIDTH="96" />
<SP HEIGHT="35" HPOS="919" VPOS="528" WIDTH="45" />
<String CONTENT="creed?" HEIGHT="53" HPOS="965" VPOS="510" WIDTH="197" />
<SP HEIGHT="53" HPOS="1163" VPOS="510" WIDTH="78" />
<String CONTENT="An" HEIGHT="52" HPOS="1242" VPOS="510" WIDTH="95" />
<SP HEIGHT="53" HPOS="1338" VPOS="509" WIDTH="46" />
<String CONTENT="interpretation" HEIGHT="67" HPOS="1385" VPOS="509" WIDTH="442" />
<SP HEIGHT="35" HPOS="1828" VPOS="528" WIDTH="49" />
<String CONTENT="of" HEIGHT="54" HPOS="1878" VPOS="509" WIDTH="62" />
<SP HEIGHT="53" HPOS="1941" VPOS="509" WIDTH="46" />
<String CONTENT="difficult" HEIGHT="53" HPOS="1988" VPOS="509" WIDTH="237" />
</TextLine>
<TextLine CS="1" HEIGHT="146" HPOS="204" STYLEREFS="StyleId-9809BAEE-4D12-457F-B117-ABDF7D36CBD3-" VPOS="588" WIDTH="1995">
<String CONTENT="phrases" HEIGHT="67" HPOS="205" VPOS="591" WIDTH="235" />
<SP HEIGHT="53" HPOS="441" VPOS="589" WIDTH="21" />
<String CONTENT="in" HEIGHT="53" HPOS="463" VPOS="589" WIDTH="60" />
<SP HEIGHT="48" HPOS="524" VPOS="594" WIDTH="19" />
<String CONTENT="the" HEIGHT="53" HPOS="544" VPOS="589" WIDTH="97" />
<SP HEIGHT="52" HPOS="642" VPOS="589" WIDTH="22" />
<String CONTENT="Apostles&#8217;" HEIGHT="67" HPOS="665" VPOS="588" WIDTH="289" />
<SP HEIGHT="53" HPOS="955" VPOS="588" WIDTH="22" />
<String CONTENT="creed," HEIGHT="67" HPOS="978" VPOS="588" WIDTH="181" />
<SP HEIGHT="67" HPOS="1160" VPOS="588" WIDTH="22" />
<String CONTENT="by" HEIGHT="67" HPOS="1183" VPOS="588" WIDTH="74" />
<SP HEIGHT="66" HPOS="1258" VPOS="589" WIDTH="19" />
<String CONTENT="Teunis" HEIGHT="52" HPOS="1278" VPOS="588" WIDTH="213" />
<SP HEIGHT="52" HPOS="1492" VPOS="588" WIDTH="23" />
<String CONTENT="E." HEIGHT="54" HPOS="1516" VPOS="588" WIDTH="67" />
<SP HEIGHT="55" HPOS="1584" VPOS="589" WIDTH="25" />
<String CONTENT="Gouwens" HEIGHT="55" HPOS="1610" VPOS="589" WIDTH="284" />
<SP HEIGHT="33" HPOS="1895" VPOS="608" WIDTH="26" />
<String CONTENT="&#8230;" CS="1" />
<SP HEIGHT="53" HPOS="1980" VPOS="588" WIDTH="62" />
<String CONTENT="Nashville," HEIGHT="146" HPOS="204" VPOS="588" WIDTH="1995" />
<SP HEIGHT="65" HPOS="360" VPOS="669" WIDTH="27" />
<String CONTENT="Cokesbury" HEIGHT="67" HPOS="388" VPOS="667" WIDTH="333" />
<SP HEIGHT="49" HPOS="722" VPOS="685" WIDTH="25" />
<String CONTENT="press" HEIGHT="49" HPOS="748" VPOS="685" WIDTH="157" />
<SP HEIGHT="48" HPOS="906" VPOS="686" WIDTH="32" />
<String CONTENT="[" HEIGHT="33" HPOS="939" STYLE="subscript" VPOS="701" WIDTH="12" />
<String CONTENT="c" HEIGHT="21" HPOS="957" STYLE="superscript" VPOS="673" WIDTH="18" />
<String CONTENT="1936" HEIGHT="50" HPOS="980" VPOS="670" WIDTH="135" />
<String CONTENT="]" HEIGHT="34" HPOS="1121" STYLE="subscript" VPOS="700" WIDTH="12" />
</TextLine>
<TextLine CS="1" HEIGHT="50" HPOS="278" VPOS="739" WIDTH="367">
<String CONTENT="144" HEIGHT="39" HPOS="278" VPOS="743" WIDTH="86" />
<SP HEIGHT="46" HPOS="365" VPOS="743" WIDTH="27" />
<String CONTENT="p." HEIGHT="38" HPOS="393" VPOS="751" WIDTH="44" />
<SP HEIGHT="40" HPOS="438" VPOS="741" WIDTH="59" />
<String CONTENT="18&#189;" CS="1" HEIGHT="42" HPOS="498" VPOS="739" WIDTH="56" />
<String CONTENT="cm" HEIGHT="23" HPOS="586" STYLE="superscript" VPOS="741" WIDTH="45" />
<String CONTENT="." HEIGHT="9" HPOS="636" VPOS="773" WIDTH="9" />
</TextLine>
<TextLine HEIGHT="54" HPOS="205" VPOS="796" WIDTH="2022">
<String CONTENT="&#169;" HEIGHT="54" HPOS="205" VPOS="796" WIDTH="54" />
<SP HEIGHT="54" HPOS="260" VPOS="796" WIDTH="30" />
<String CONTENT="Aug." HEIGHT="47" HPOS="291" VPOS="800" WIDTH="120" />
<SP HEIGHT="38" HPOS="412" VPOS="800" WIDTH="35" />
<String CONTENT="12," HEIGHT="48" HPOS="448" VPOS="799" WIDTH="69" />
<SP HEIGHT="49" HPOS="518" VPOS="798" WIDTH="34" />
<String CONTENT="1936" HEIGHT="42" HPOS="553" VPOS="797" WIDTH="118" />
<SP HEIGHT="46" HPOS="672" VPOS="798" WIDTH="15" />
<String CONTENT=";" HEIGHT="36" HPOS="688" VPOS="808" WIDTH="9" />
<SP HEIGHT="47" HPOS="698" VPOS="797" WIDTH="34" />
<String CONTENT="2c." HEIGHT="41" HPOS="733" VPOS="797" WIDTH="70" />
<SP HEIGHT="31" HPOS="804" VPOS="807" WIDTH="36" />
<String CONTENT="and" HEIGHT="39" HPOS="841" VPOS="798" WIDTH="96" />
<SP HEIGHT="38" HPOS="938" VPOS="798" WIDTH="34" />
<String CONTENT="aff." HEIGHT="40" HPOS="973" VPOS="797" WIDTH="82" />
<SP HEIGHT="39" HPOS="1056" VPOS="798" WIDTH="39" />
<String CONTENT="Sept." HEIGHT="47" HPOS="1096" VPOS="798" WIDTH="128" />
<SP HEIGHT="41" HPOS="1225" VPOS="797" WIDTH="35" />
<String CONTENT="24;" HEIGHT="43" HPOS="1261" VPOS="797" WIDTH="82" />
<SP HEIGHT="41" HPOS="1344" VPOS="799" WIDTH="38" />
<String CONTENT="A" HEIGHT="38" HPOS="1383" VPOS="799" WIDTH="38" />
<SP HEIGHT="41" HPOS="1422" VPOS="796" WIDTH="36" />
<String CONTENT="99018;" HEIGHT="48" HPOS="1459" VPOS="796" WIDTH="172" />
<SP HEIGHT="46" HPOS="1632" VPOS="798" WIDTH="37" />
<String CONTENT="Whitmore" HEIGHT="41" HPOS="1670" VPOS="796" WIDTH="273" />
<SP HEIGHT="41" HPOS="1944" VPOS="797" WIDTH="35" />
<String CONTENT="&amp;" HEIGHT="41" HPOS="1980" VPOS="797" WIDTH="38" />
<SP HEIGHT="41" HPOS="2019" VPOS="797" WIDTH="35" />
<String CONTENT="Smith." HEIGHT="44" HPOS="2055" VPOS="796" WIDTH="172" />
</TextLine>
<TextLine HEIGHT="51" HPOS="275" VPOS="854" WIDTH="612">
<String CONTENT="Nashville." HEIGHT="41" HPOS="275" VPOS="856" WIDTH="269" />
<SP HEIGHT="49" HPOS="545" VPOS="855" WIDTH="56" />
<String CONTENT="(36-22229)" HEIGHT="51" HPOS="602" VPOS="854" WIDTH="285" />
</TextLine>
<TextLine HEIGHT="67" HPOS="205" STYLEREFS="StyleId-BD0660E7-1A5C-41EF-82DF-980656200E83-" VPOS="960" WIDTH="961">
<String CONTENT="Hader," HEIGHT="65" HPOS="205" LANG="de" VPOS="962" WIDTH="219" />
<SP HEIGHT="64" HPOS="425" VPOS="963" WIDTH="24" />
<String CONTENT="Mrs." HEIGHT="53" HPOS="450" LANG="en-US" VPOS="963" WIDTH="139" />
<SP HEIGHT="54" HPOS="590" VPOS="961" WIDTH="27" />
<String CONTENT="Berta" HEIGHT="53" HPOS="618" LANG="en-US" VPOS="961" WIDTH="185" />
<SP HEIGHT="65" HPOS="804" VPOS="961" WIDTH="30" />
<String CONTENT="(Hoerner)" HEIGHT="66" HPOS="835" LANG="en-US" VPOS="960" WIDTH="331" />
</TextLine>
<TextLine HEIGHT="70" HPOS="280" STYLEREFS="StyleId-9809BAEE-4D12-457F-B117-ABDF7D36CBD3-" VPOS="1051" WIDTH="1948">
<String CONTENT="Billy" HEIGHT="69" HPOS="280" VPOS="1052" WIDTH="162" />
<SP HEIGHT="68" HPOS="443" VPOS="1053" WIDTH="29" />
<String CONTENT="Butter," HEIGHT="67" HPOS="473" VPOS="1053" WIDTH="227" />
<SP HEIGHT="68" HPOS="701" VPOS="1052" WIDTH="29" />
<String CONTENT="by" HEIGHT="69" HPOS="731" VPOS="1052" WIDTH="75" />
<SP HEIGHT="69" HPOS="807" VPOS="1052" WIDTH="31" />
<String CONTENT="Berta" HEIGHT="52" HPOS="839" VPOS="1052" WIDTH="178" />
<SP HEIGHT="34" HPOS="1018" VPOS="1070" WIDTH="31" />
<String CONTENT="and" HEIGHT="53" HPOS="1050" VPOS="1052" WIDTH="114" />
<SP HEIGHT="53" HPOS="1165" VPOS="1052" WIDTH="33" />
<String CONTENT="Elmer" HEIGHT="55" HPOS="1199" VPOS="1052" WIDTH="198" />
<SP HEIGHT="53" HPOS="1398" VPOS="1054" WIDTH="31" />
<String CONTENT="Hader." HEIGHT="54" HPOS="1430" LANG="de" VPOS="1052" WIDTH="219" />
<SP HEIGHT="52" HPOS="1650" VPOS="1052" WIDTH="68" />
<String CONTENT="New" HEIGHT="52" HPOS="1719" VPOS="1052" WIDTH="138" />
<SP HEIGHT="51" HPOS="1858" VPOS="1052" WIDTH="35" />
<String CONTENT="York," HEIGHT="67" HPOS="1894" VPOS="1052" WIDTH="180" />
<SP HEIGHT="67" HPOS="2075" VPOS="1052" WIDTH="32" />
<String CONTENT="The" HEIGHT="53" HPOS="2108" VPOS="1051" WIDTH="120" />
</TextLine>
<TextLine HEIGHT="67" HPOS="209" STYLEREFS="StyleId-9809BAEE-4D12-457F-B117-ABDF7D36CBD3-" VPOS="1132" WIDTH="858">
<String CONTENT="Macmillan" HEIGHT="54" HPOS="209" VPOS="1132" WIDTH="336" />
<SP HEIGHT="34" HPOS="546" VPOS="1150" WIDTH="31" />
<String CONTENT="company," HEIGHT="52" HPOS="578" VPOS="1147" WIDTH="302" />
<SP HEIGHT="65" HPOS="881" VPOS="1134" WIDTH="32" />
<String CONTENT="1936." HEIGHT="51" HPOS="914" VPOS="1133" WIDTH="153" />
</TextLine>
<TextLine CS="1" HEIGHT="52" HPOS="281" VPOS="1203" WIDTH="1351">
<String CONTENT="92" HEIGHT="41" HPOS="281" VPOS="1207" WIDTH="55" />
<SP HEIGHT="47" HPOS="337" VPOS="1208" WIDTH="27" />
<String CONTENT="p." HEIGHT="37" HPOS="365" VPOS="1218" WIDTH="42" />
<SP HEIGHT="41" HPOS="408" VPOS="1206" WIDTH="28" />
<String CONTENT="incl." HEIGHT="40" HPOS="437" VPOS="1206" WIDTH="110" />
<SP HEIGHT="30" HPOS="548" VPOS="1216" WIDTH="28" />
<String CONTENT="col." HEIGHT="41" HPOS="577" VPOS="1205" WIDTH="87" />
<SP HEIGHT="41" HPOS="665" VPOS="1205" WIDTH="26" />
<String CONTENT="front.," HEIGHT="47" HPOS="692" VPOS="1205" WIDTH="166" />
<SP HEIGHT="47" HPOS="859" VPOS="1205" WIDTH="28" />
<String CONTENT="illus." HEIGHT="41" HPOS="888" VPOS="1204" WIDTH="130" />
<SP HEIGHT="50" HPOS="1019" VPOS="1203" WIDTH="28" />
<String CONTENT="(part" HEIGHT="51" HPOS="1048" VPOS="1203" WIDTH="137" />
<SP HEIGHT="39" HPOS="1186" VPOS="1207" WIDTH="26" />
<String CONTENT="col.)" HEIGHT="47" HPOS="1213" VPOS="1205" WIDTH="114" />
<SP HEIGHT="48" HPOS="1328" VPOS="1204" WIDTH="59" />
<String CONTENT="21" HEIGHT="40" HPOS="1388" VPOS="1204" WIDTH="57" />
<SP HEIGHT="39" HPOS="1446" VPOS="1205" WIDTH="17" />
<String CONTENT="&#215;" CS="1" />
<SP HEIGHT="40" HPOS="1497" VPOS="1204" WIDTH="16" />
<String CONTENT="23" HEIGHT="41" HPOS="1514" VPOS="1204" WIDTH="55" />
<String CONTENT="cm" CS="1" STYLE="superscript" />
<String CONTENT="." HEIGHT="9" HPOS="1622" VPOS="1237" WIDTH="10" />
</TextLine>
<TextLine HEIGHT="49" HPOS="283" VPOS="1261" WIDTH="689">
<String CONTENT="Illustrated" HEIGHT="40" HPOS="283" VPOS="1264" WIDTH="290" />
<SP HEIGHT="39" HPOS="574" VPOS="1264" WIDTH="28" />
<String CONTENT="lining-papers." HEIGHT="49" HPOS="603" VPOS="1261" WIDTH="369" />
</TextLine>
<TextLine HEIGHT="53" HPOS="207" VPOS="1318" WIDTH="2022">
<String CONTENT="&#169;" HEIGHT="53" HPOS="207" VPOS="1318" WIDTH="55" />
<SP HEIGHT="53" HPOS="263" VPOS="1318" WIDTH="31" />
<String CONTENT="Oct." HEIGHT="41" HPOS="295" VPOS="1322" WIDTH="102" />
<SP HEIGHT="41" HPOS="398" VPOS="1322" WIDTH="33" />
<String CONTENT="13," HEIGHT="45" HPOS="432" VPOS="1322" WIDTH="69" />
<SP HEIGHT="46" HPOS="502" VPOS="1321" WIDTH="34" />
<String CONTENT="1936;" HEIGHT="47" HPOS="537" VPOS="1319" WIDTH="142" />
<SP HEIGHT="47" HPOS="680" VPOS="1319" WIDTH="35" />
<String CONTENT="2c." HEIGHT="41" HPOS="716" VPOS="1319" WIDTH="67" />
<SP HEIGHT="41" HPOS="784" VPOS="1319" WIDTH="35" />
<String CONTENT="Oct." HEIGHT="41" HPOS="820" VPOS="1319" WIDTH="102" />
<SP HEIGHT="39" HPOS="923" VPOS="1319" WIDTH="33" />
<String CONTENT="14;" HEIGHT="47" HPOS="957" VPOS="1319" WIDTH="84" />
<SP HEIGHT="37" HPOS="1042" VPOS="1329" WIDTH="36" />
<String CONTENT="aff." HEIGHT="41" HPOS="1079" VPOS="1319" WIDTH="82" />
<SP HEIGHT="41" HPOS="1162" VPOS="1319" WIDTH="35" />
<String CONTENT="Oct." HEIGHT="41" HPOS="1198" VPOS="1319" WIDTH="103" />
<SP HEIGHT="41" HPOS="1302" VPOS="1319" WIDTH="32" />
<String CONTENT="29;" HEIGHT="48" HPOS="1335" VPOS="1318" WIDTH="84" />
<SP HEIGHT="46" HPOS="1420" VPOS="1320" WIDTH="34" />
<String CONTENT="A" HEIGHT="39" HPOS="1455" VPOS="1320" WIDTH="40" />
<SP HEIGHT="40" HPOS="1496" VPOS="1319" WIDTH="35" />
<String CONTENT="99362;" HEIGHT="44" HPOS="1532" VPOS="1318" WIDTH="171" />
<SP HEIGHT="41" HPOS="1704" VPOS="1321" WIDTH="36" />
<String CONTENT="Berta" HEIGHT="39" HPOS="1741" VPOS="1321" WIDTH="149" />
<SP HEIGHT="38" HPOS="1891" VPOS="1321" WIDTH="37" />
<String CONTENT="Hader" HEIGHT="40" HPOS="1929" LANG="de" VPOS="1320" WIDTH="169" />
<SP HEIGHT="30" HPOS="2099" VPOS="1330" WIDTH="35" />
<String CONTENT="and" HEIGHT="40" HPOS="2135" VPOS="1320" WIDTH="94" />
</TextLine>
<TextLine HEIGHT="51" HPOS="279" VPOS="1375" WIDTH="1097">
<String CONTENT="Elmer" HEIGHT="39" HPOS="279" LANG="en-US" VPOS="1380" WIDTH="165" />
<SP HEIGHT="39" HPOS="445" VPOS="1379" WIDTH="22" />
<String CONTENT="Hader," HEIGHT="49" HPOS="468" LANG="de" VPOS="1377" WIDTH="182" />
<SP HEIGHT="49" HPOS="651" VPOS="1377" WIDTH="26" />
<String CONTENT="Nyack," HEIGHT="48" HPOS="678" LANG="en-US" VPOS="1377" WIDTH="183" />
<SP HEIGHT="48" HPOS="862" VPOS="1377" WIDTH="26" />
<String CONTENT="N." HEIGHT="41" HPOS="889" LANG="fi" VPOS="1377" WIDTH="56" />
<SP HEIGHT="41" HPOS="946" VPOS="1377" WIDTH="24" />
<String CONTENT="Y." HEIGHT="40" HPOS="971" LANG="en-US" VPOS="1377" WIDTH="55" />
<SP HEIGHT="48" HPOS="1027" VPOS="1377" WIDTH="65" />
<String CONTENT="(36-22176)" HEIGHT="50" HPOS="1093" LANG="en-US" VPOS="1375" WIDTH="283" />
</TextLine>
<TextLine HEIGHT="65" HPOS="205" STYLEREFS="StyleId-BD0660E7-1A5C-41EF-82DF-980656200E83-" VPOS="1485" WIDTH="815">
<String CONTENT="Halley," HEIGHT="64" HPOS="205" VPOS="1486" WIDTH="231" />
<SP HEIGHT="63" HPOS="437" VPOS="1486" WIDTH="25" />
<String CONTENT="Henry" HEIGHT="63" HPOS="463" VPOS="1486" WIDTH="209" />
<SP HEIGHT="64" HPOS="673" VPOS="1485" WIDTH="23" />
<String CONTENT="Hampton." HEIGHT="63" HPOS="697" VPOS="1485" WIDTH="323" />
</TextLine>
<TextLine HEIGHT="71" HPOS="281" STYLEREFS="StyleId-9809BAEE-4D12-457F-B117-ABDF7D36CBD3-" VPOS="1572" WIDTH="1952">
<String CONTENT="Pocket" HEIGHT="54" HPOS="281" VPOS="1573" WIDTH="216" />
<SP HEIGHT="54" HPOS="498" VPOS="1573" WIDTH="28" />
<String CONTENT="Bible" HEIGHT="56" HPOS="527" VPOS="1572" WIDTH="169" />
<SP HEIGHT="54" HPOS="697" VPOS="1574" WIDTH="26" />
<String CONTENT="hand" HEIGHT="53" HPOS="724" VPOS="1574" WIDTH="157" />
<SP HEIGHT="54" HPOS="882" VPOS="1573" WIDTH="27" />
<String CONTENT="book" HEIGHT="54" HPOS="910" VPOS="1573" WIDTH="147" />
<SP HEIGHT="68" HPOS="1058" VPOS="1573" WIDTH="16" />
<String CONTENT=";" HEIGHT="49" HPOS="1075" VPOS="1592" WIDTH="10" />
<SP HEIGHT="49" HPOS="1086" VPOS="1592" WIDTH="35" />
<String CONTENT="an" HEIGHT="35" HPOS="1122" VPOS="1593" WIDTH="70" />
<SP HEIGHT="34" HPOS="1193" VPOS="1593" WIDTH="31" />
<String CONTENT="abbreviated" HEIGHT="53" HPOS="1225" VPOS="1574" WIDTH="369" />
<SP HEIGHT="53" HPOS="1595" VPOS="1574" WIDTH="33" />
<String CONTENT="Bible" HEIGHT="53" HPOS="1629" VPOS="1574" WIDTH="165" />
<SP HEIGHT="34" HPOS="1795" VPOS="1593" WIDTH="30" />
<String CONTENT="commentary," HEIGHT="64" HPOS="1826" VPOS="1579" WIDTH="407" />
</TextLine>
<TextLine CS="1" HEIGHT="72" HPOS="210" STYLEREFS="StyleId-9809BAEE-4D12-457F-B117-ABDF7D36CBD3-" VPOS="1652" WIDTH="2023">
<String CONTENT="by" HEIGHT="69" HPOS="210" VPOS="1653" WIDTH="75" />
<SP HEIGHT="68" HPOS="286" VPOS="1654" WIDTH="35" />
<String CONTENT="H." HEIGHT="52" HPOS="322" LANG="fi" VPOS="1654" WIDTH="76" />
<SP HEIGHT="52" HPOS="399" VPOS="1653" WIDTH="38" />
<String CONTENT="H." HEIGHT="56" HPOS="438" VPOS="1653" WIDTH="76" />
<SP HEIGHT="55" HPOS="515" VPOS="1654" WIDTH="37" />
<String CONTENT="Halley" HEIGHT="69" HPOS="553" VPOS="1653" WIDTH="217" />
<SP HEIGHT="50" HPOS="771" VPOS="1672" WIDTH="40" />
<String CONTENT="&#8230;" CS="1" />
<SP HEIGHT="48" HPOS="868" VPOS="1658" WIDTH="78" />
<String CONTENT="11th" HEIGHT="53" HPOS="947" VPOS="1653" WIDTH="129" />
<SP HEIGHT="53" HPOS="1077" VPOS="1653" WIDTH="39" />
<String CONTENT="revision." HEIGHT="53" HPOS="1117" VPOS="1654" WIDTH="265" />
<SP HEIGHT="56" HPOS="1383" VPOS="1652" WIDTH="76" />
<String CONTENT="Chicago," HEIGHT="71" HPOS="1460" VPOS="1652" WIDTH="271" />
<SP HEIGHT="68" HPOS="1732" VPOS="1654" WIDTH="37" />
<String CONTENT="H." HEIGHT="53" HPOS="1770" LANG="fi" VPOS="1654" WIDTH="76" />
<SP HEIGHT="53" HPOS="1847" VPOS="1654" WIDTH="34" />
<String CONTENT="H." HEIGHT="53" HPOS="1882" VPOS="1654" WIDTH="79" />
<SP HEIGHT="53" HPOS="1962" VPOS="1654" WIDTH="36" />
<String CONTENT="Halley," CS="1" HEIGHT="70" HPOS="1999" VPOS="1654" WIDTH="234" />
</TextLine>
<TextLine HEIGHT="51" HPOS="210" STYLEREFS="StyleId-9809BAEE-4D12-457F-B117-ABDF7D36CBD3-" VPOS="1736" WIDTH="175">
<String CONTENT="c" HEIGHT="21" HPOS="210" STYLE="superscript" VPOS="1739" WIDTH="17" />
<String CONTENT="1936." HEIGHT="51" HPOS="234" VPOS="1736" WIDTH="151" />
</TextLine>
<TextLine HEIGHT="49" HPOS="284" VPOS="1806" WIDTH="779">
<String CONTENT="828" HEIGHT="41" HPOS="284" VPOS="1806" WIDTH="87" />
<SP HEIGHT="49" HPOS="372" VPOS="1806" WIDTH="32" />
<String CONTENT="p." HEIGHT="37" HPOS="405" VPOS="1818" WIDTH="43" />
<SP HEIGHT="40" HPOS="449" VPOS="1807" WIDTH="69" />
<String CONTENT="illus." HEIGHT="41" HPOS="519" VPOS="1806" WIDTH="128" />
<SP HEIGHT="47" HPOS="648" VPOS="1807" WIDTH="30" />
<String CONTENT="(maps)" HEIGHT="48" HPOS="679" VPOS="1807" WIDTH="188" />
<SP HEIGHT="47" HPOS="868" VPOS="1807" WIDTH="77" />
<String CONTENT="15" HEIGHT="41" HPOS="946" VPOS="1806" WIDTH="55" />
<String CONTENT="cm" HEIGHT="21" HPOS="1004" STYLE="superscript" VPOS="1809" WIDTH="44" />
<String CONTENT="." HEIGHT="9" HPOS="1054" VPOS="1839" WIDTH="9" />
</TextLine>
<TextLine CS="1" HEIGHT="54" HPOS="210" VPOS="1859" WIDTH="1940">
<String CONTENT="&#169;" HEIGHT="54" HPOS="210" VPOS="1859" WIDTH="53" />
<SP HEIGHT="54" HPOS="264" VPOS="1859" WIDTH="25" />
<String CONTENT="Sept." HEIGHT="48" HPOS="290" VPOS="1864" WIDTH="130" />
<SP HEIGHT="41" HPOS="421" VPOS="1865" WIDTH="24" />
<String CONTENT="30," HEIGHT="48" HPOS="446" VPOS="1864" WIDTH="70" />
<SP HEIGHT="47" HPOS="517" VPOS="1865" WIDTH="24" />
<String CONTENT="1936" HEIGHT="42" HPOS="542" VPOS="1863" WIDTH="114" />
<SP HEIGHT="48" HPOS="657" VPOS="1863" WIDTH="18" />
<String CONTENT=";" HEIGHT="36" HPOS="676" VPOS="1875" WIDTH="9" />
<SP HEIGHT="47" HPOS="686" VPOS="1864" WIDTH="27" />
<String CONTENT="2c." HEIGHT="41" HPOS="714" VPOS="1864" WIDTH="68" />
<SP HEIGHT="31" HPOS="783" VPOS="1874" WIDTH="25" />
<String CONTENT="and" HEIGHT="39" HPOS="809" VPOS="1864" WIDTH="96" />
<SP HEIGHT="41" HPOS="906" VPOS="1864" WIDTH="25" />
<String CONTENT="aff." HEIGHT="42" HPOS="932" VPOS="1863" WIDTH="81" />
<SP HEIGHT="42" HPOS="1014" VPOS="1863" WIDTH="28" />
<String CONTENT="Oct." HEIGHT="41" HPOS="1043" VPOS="1863" WIDTH="102" />
<SP HEIGHT="36" HPOS="1146" VPOS="1866" WIDTH="26" />
<String CONTENT="5;" CS="1" HEIGHT="30" HPOS="1217" VPOS="1875" WIDTH="8" />
<SP HEIGHT="39" HPOS="1226" VPOS="1866" WIDTH="29" />
<String CONTENT="A" HEIGHT="37" HPOS="1256" VPOS="1866" WIDTH="39" />
<SP HEIGHT="40" HPOS="1296" VPOS="1863" WIDTH="24" />
<String CONTENT="98784" HEIGHT="42" HPOS="1321" VPOS="1863" WIDTH="145" />
<SP HEIGHT="40" HPOS="1467" VPOS="1866" WIDTH="18" />
<String CONTENT=":" HEIGHT="30" HPOS="1486" VPOS="1876" WIDTH="7" />
<SP HEIGHT="40" HPOS="1494" VPOS="1866" WIDTH="30" />
<String CONTENT="H." HEIGHT="39" HPOS="1525" VPOS="1866" WIDTH="59" />
<SP HEIGHT="39" HPOS="1585" VPOS="1866" WIDTH="28" />
<String CONTENT="H." HEIGHT="39" HPOS="1614" VPOS="1866" WIDTH="59" />
<SP HEIGHT="39" HPOS="1674" VPOS="1866" WIDTH="27" />
<String CONTENT="Halley," CS="1" HEIGHT="45" HPOS="1702" VPOS="1865" WIDTH="194" />
<SP HEIGHT="44" HPOS="1897" VPOS="1866" WIDTH="27" />
<String CONTENT="Chicago." HEIGHT="48" HPOS="1925" VPOS="1865" WIDTH="225" />
</TextLine>
<TextLine HEIGHT="50" HPOS="289" VPOS="1922" WIDTH="283">
<String CONTENT="(36-22367)" HEIGHT="50" HPOS="289" VPOS="1922" WIDTH="283" />
</TextLine>
<TextLine HEIGHT="65" HPOS="208" STYLEREFS="StyleId-BD0660E7-1A5C-41EF-82DF-980656200E83-" VPOS="2029" WIDTH="558">
<String CONTENT="Hayes," HEIGHT="65" HPOS="208" VPOS="2029" WIDTH="222" />
<SP HEIGHT="64" HPOS="431" VPOS="2030" WIDTH="26" />
<String CONTENT="Marjorie." HEIGHT="65" HPOS="458" VPOS="2029" WIDTH="308" />
</TextLine>
<TextLine CS="1" HEIGHT="227" HPOS="212" STYLEREFS="StyleId-9809BAEE-4D12-457F-B117-ABDF7D36CBD3-" VPOS="2120" WIDTH="1998">
<String CONTENT="Wampum" HEIGHT="67" HPOS="282" VPOS="2120" WIDTH="315" />
<SP HEIGHT="36" HPOS="598" VPOS="2136" WIDTH="33" />
<String CONTENT="and" HEIGHT="53" HPOS="632" VPOS="2120" WIDTH="115" />
<SP HEIGHT="54" HPOS="748" VPOS="2120" WIDTH="36" />
<String CONTENT="sixpence," HEIGHT="68" HPOS="785" VPOS="2120" WIDTH="283" />
<SP HEIGHT="65" HPOS="1069" VPOS="2120" WIDTH="37" />
<String CONTENT="by" HEIGHT="69" HPOS="1107" VPOS="2120" WIDTH="75" />
<SP HEIGHT="69" HPOS="1183" VPOS="2120" WIDTH="34" />
<String CONTENT="Marjorie" HEIGHT="69" HPOS="1218" VPOS="2120" WIDTH="281" />
<SP HEIGHT="51" HPOS="1500" VPOS="2121" WIDTH="34" />
<String CONTENT="Hayes;" HEIGHT="67" HPOS="1535" VPOS="2121" WIDTH="225" />
<SP HEIGHT="47" HPOS="1761" VPOS="2140" WIDTH="40" />
<String CONTENT="with" HEIGHT="54" HPOS="1802" VPOS="2120" WIDTH="141" />
<SP HEIGHT="53" HPOS="1944" VPOS="2120" WIDTH="35" />
<String CONTENT="illustrations" HEIGHT="131" HPOS="212" VPOS="2121" WIDTH="1998" />
<SP HEIGHT="54" HPOS="363" VPOS="2198" WIDTH="28" />
<String CONTENT="by" HEIGHT="70" HPOS="392" VPOS="2198" WIDTH="76" />
<SP HEIGHT="70" HPOS="469" VPOS="2198" WIDTH="28" />
<String CONTENT="Eunice" HEIGHT="53" HPOS="498" VPOS="2198" WIDTH="219" />
<SP HEIGHT="56" HPOS="718" VPOS="2197" WIDTH="30" />
<String CONTENT="Stephenson." HEIGHT="71" HPOS="749" VPOS="2197" WIDTH="375" />
<SP HEIGHT="53" HPOS="1125" VPOS="2200" WIDTH="67" />
<String CONTENT="Boston," HEIGHT="68" HPOS="1193" VPOS="2200" WIDTH="234" />
<SP HEIGHT="68" HPOS="1428" VPOS="2200" WIDTH="27" />
<String CONTENT="Little," HEIGHT="71" HPOS="1456" VPOS="2198" WIDTH="197" />
<SP HEIGHT="67" HPOS="1654" VPOS="2202" WIDTH="28" />
<String CONTENT="Brown," HEIGHT="67" HPOS="1683" VPOS="2202" WIDTH="229" />
<SP HEIGHT="49" HPOS="1913" VPOS="2220" WIDTH="30" />
<String CONTENT="and" HEIGHT="54" HPOS="1944" VPOS="2200" WIDTH="114" />
<SP HEIGHT="54" HPOS="2059" VPOS="2200" WIDTH="27" />
<String CONTENT="company," HEIGHT="128" HPOS="213" VPOS="2219" WIDTH="1997" />
<SP HEIGHT="63" HPOS="387" VPOS="2283" WIDTH="35" />
<String CONTENT="1936." HEIGHT="52" HPOS="423" VPOS="2280" WIDTH="151" />
</TextLine>
<TextLine CS="1" HEIGHT="50" HPOS="286" VPOS="2352" WIDTH="1278">
<String CONTENT="xiv," HEIGHT="48" HPOS="286" VPOS="2353" WIDTH="97" />
<SP HEIGHT="48" HPOS="384" VPOS="2353" WIDTH="25" />
<String CONTENT="309" HEIGHT="41" HPOS="410" VPOS="2352" WIDTH="87" />
<SP HEIGHT="49" HPOS="498" VPOS="2352" WIDTH="22" />
<String CONTENT="p.," HEIGHT="38" HPOS="521" LANG="fr" VPOS="2363" WIDTH="58" />
<SP HEIGHT="47" HPOS="580" VPOS="2354" WIDTH="27" />
<String CONTENT="1" HEIGHT="38" HPOS="608" VPOS="2354" WIDTH="24" />
<SP />
<String CONTENT="l." CS="1" />
<SP HEIGHT="41" HPOS="690" VPOS="2353" WIDTH="28" />
<String CONTENT="incl." HEIGHT="40" HPOS="719" VPOS="2353" WIDTH="109" />
<SP HEIGHT="40" HPOS="829" VPOS="2353" WIDTH="25" />
<String CONTENT="front.," HEIGHT="47" HPOS="855" VPOS="2353" WIDTH="164" />
<SP HEIGHT="46" HPOS="1020" VPOS="2354" WIDTH="25" />
<String CONTENT="illus.," HEIGHT="49" HPOS="1046" VPOS="2353" WIDTH="143" />
<SP HEIGHT="38" HPOS="1190" VPOS="2364" WIDTH="26" />
<String CONTENT="plates." HEIGHT="47" HPOS="1217" VPOS="2355" WIDTH="172" />
<SP HEIGHT="39" HPOS="1390" VPOS="2355" WIDTH="55" />
<String CONTENT="21" HEIGHT="39" HPOS="1446" VPOS="2355" WIDTH="55" />
<String CONTENT="cm" CS="1" HEIGHT="21" HPOS="1505" STYLE="superscript" VPOS="2357" WIDTH="16" />
<String CONTENT="." HEIGHT="8" HPOS="1555" VPOS="2387" WIDTH="9" />
</TextLine>
<TextLine HEIGHT="49" HPOS="290" VPOS="2409" WIDTH="686">
<String CONTENT="Illustrated" HEIGHT="40" HPOS="290" VPOS="2410" WIDTH="290" />
<SP HEIGHT="39" HPOS="581" VPOS="2410" WIDTH="26" />
<String CONTENT="lining-papers." HEIGHT="49" HPOS="608" VPOS="2409" WIDTH="368" />
</TextLine>
<TextLine HEIGHT="57" HPOS="213" VPOS="2462" WIDTH="2021">
<String CONTENT="&#169;" HEIGHT="54" HPOS="213" VPOS="2462" WIDTH="52" />
<SP HEIGHT="54" HPOS="266" VPOS="2462" WIDTH="27" />
<String CONTENT="Oct." HEIGHT="40" HPOS="294" VPOS="2467" WIDTH="101" />
<SP HEIGHT="38" HPOS="396" VPOS="2468" WIDTH="26" />
<String CONTENT="13," HEIGHT="48" HPOS="423" VPOS="2467" WIDTH="69" />
<SP HEIGHT="48" HPOS="493" VPOS="2467" WIDTH="26" />
<String CONTENT="1936;" HEIGHT="49" HPOS="520" VPOS="2465" WIDTH="142" />
<SP HEIGHT="48" HPOS="663" VPOS="2466" WIDTH="29" />
<String CONTENT="2c." HEIGHT="42" HPOS="693" VPOS="2466" WIDTH="68" />
<SP HEIGHT="31" HPOS="762" VPOS="2477" WIDTH="27" />
<String CONTENT="and" HEIGHT="39" HPOS="790" VPOS="2467" WIDTH="95" />
<SP HEIGHT="39" HPOS="886" VPOS="2467" WIDTH="27" />
<String CONTENT="aff." HEIGHT="40" HPOS="914" VPOS="2468" WIDTH="82" />
<SP HEIGHT="41" HPOS="997" VPOS="2467" WIDTH="28" />
<String CONTENT="Oct." HEIGHT="42" HPOS="1026" VPOS="2467" WIDTH="103" />
<SP HEIGHT="40" HPOS="1130" VPOS="2469" WIDTH="28" />
<String CONTENT="34:" HEIGHT="39" HPOS="1159" VPOS="2469" WIDTH="81" />
<SP HEIGHT="39" HPOS="1241" VPOS="2469" WIDTH="27" />
<String CONTENT="A" HEIGHT="38" HPOS="1269" VPOS="2469" WIDTH="38" />
<SP HEIGHT="39" HPOS="1308" VPOS="2468" WIDTH="27" />
<String CONTENT="99345;" HEIGHT="42" HPOS="1336" VPOS="2468" WIDTH="172" />
<SP HEIGHT="40" HPOS="1509" VPOS="2470" WIDTH="31" />
<String CONTENT="M." HEIGHT="38" HPOS="1541" LANG="fi" VPOS="2470" WIDTH="61" />
<SP HEIGHT="38" HPOS="1603" VPOS="2470" WIDTH="29" />
<String CONTENT="Hayes," HEIGHT="46" HPOS="1633" LANG="fi" VPOS="2470" WIDTH="180" />
<SP HEIGHT="43" HPOS="1814" VPOS="2470" WIDTH="29" />
<String CONTENT="Chestnut" HEIGHT="42" HPOS="1844" VPOS="2469" WIDTH="242" />
<SP HEIGHT="40" HPOS="2087" VPOS="2470" WIDTH="27" />
<String CONTENT="Hill," HEIGHT="50" HPOS="2115" VPOS="2469" WIDTH="119" />
</TextLine>
<TextLine HEIGHT="49" HPOS="282" VPOS="2524" WIDTH="504">
<String CONTENT="Mass." HEIGHT="40" HPOS="282" VPOS="2524" WIDTH="148" />
<SP HEIGHT="49" HPOS="431" VPOS="2524" WIDTH="71" />
<String CONTENT="(36-22185)" HEIGHT="49" HPOS="503" VPOS="2524" WIDTH="283" />
</TextLine>
<TextLine HEIGHT="65" HPOS="214" STYLEREFS="StyleId-BD0660E7-1A5C-41EF-82DF-980656200E83-" VPOS="2629" WIDTH="442">
<String CONTENT="Helwig," HEIGHT="65" HPOS="214" VPOS="2629" WIDTH="249" />
<SP HEIGHT="63" HPOS="464" VPOS="2630" WIDTH="25" />
<String CONTENT="Paul." HEIGHT="54" HPOS="490" VPOS="2630" WIDTH="166" />
</TextLine>
<TextLine HEIGHT="71" HPOS="289" STYLEREFS="StyleId-9809BAEE-4D12-457F-B117-ABDF7D36CBD3-" VPOS="2721" WIDTH="1943">
<String CONTENT="Charakterologie," HEIGHT="68" HPOS="289" LANG="de" VPOS="2721" WIDTH="529" />
<SP HEIGHT="47" HPOS="819" VPOS="2742" WIDTH="28" />
<String CONTENT="von" HEIGHT="35" HPOS="848" LANG="en-US" VPOS="2741" WIDTH="110" />
<SP HEIGHT="52" HPOS="959" VPOS="2723" WIDTH="30" />
<String CONTENT="dr." HEIGHT="53" HPOS="990" LANG="en-US" VPOS="2723" WIDTH="85" />
<SP HEIGHT="51" HPOS="1076" VPOS="2725" WIDTH="30" />
<String CONTENT="Paul" HEIGHT="53" HPOS="1107" LANG="en-US" VPOS="2723" WIDTH="149" />
<SP HEIGHT="53" HPOS="1257" VPOS="2723" WIDTH="27" />
<String CONTENT="Helwig." HEIGHT="68" HPOS="1285" LANG="en-US" VPOS="2723" WIDTH="249" />
<SP HEIGHT="51" HPOS="1535" VPOS="2726" WIDTH="67" />
<String CONTENT="Mit" HEIGHT="53" HPOS="1603" LANG="de" VPOS="2726" WIDTH="114" />
<SP HEIGHT="49" HPOS="1718" VPOS="2730" WIDTH="32" />
<String CONTENT="12" HEIGHT="48" HPOS="1751" LANG="en-US" VPOS="2729" WIDTH="62" />
<SP HEIGHT="48" HPOS="1814" VPOS="2729" WIDTH="29" />
<String CONTENT="abbildungen" HEIGHT="67" HPOS="1844" LANG="en-US" VPOS="2725" WIDTH="388" />
</TextLine>
<TextLine HEIGHT="71" HPOS="217" LANG="de" STYLEREFS="StyleId-9809BAEE-4D12-457F-B117-ABDF7D36CBD3-" VPOS="2799" WIDTH="2014">
<String CONTENT="auf" HEIGHT="52" HPOS="217" VPOS="2800" WIDTH="103" />
<SP HEIGHT="52" HPOS="321" VPOS="2800" WIDTH="35" />
<String CONTENT="4" HEIGHT="48" HPOS="357" LANG="en-US" VPOS="2804" WIDTH="33" />
<SP HEIGHT="48" HPOS="391" VPOS="2804" WIDTH="34" />
<String CONTENT="tafeln," HEIGHT="67" HPOS="426" VPOS="2799" WIDTH="203" />
<SP HEIGHT="46" HPOS="630" VPOS="2820" WIDTH="35" />
<String CONTENT="sowie" HEIGHT="52" HPOS="666" VPOS="2802" WIDTH="169" />
<SP HEIGHT="33" HPOS="836" VPOS="2821" WIDTH="36" />
<String CONTENT="einer" HEIGHT="51" HPOS="873" VPOS="2803" WIDTH="154" />
<SP HEIGHT="47" HPOS="1028" VPOS="2807" WIDTH="34" />
<String CONTENT="tabelle." HEIGHT="52" HPOS="1063" VPOS="2802" WIDTH="222" />
<SP HEIGHT="51" HPOS="1286" VPOS="2803" WIDTH="76" />
<String CONTENT="Leipzig" HEIGHT="68" HPOS="1363" VPOS="2802" WIDTH="241" />
<SP HEIGHT="48" HPOS="1605" VPOS="2822" WIDTH="35" />
<String CONTENT="und" HEIGHT="52" HPOS="1641" VPOS="2804" WIDTH="118" />
<SP HEIGHT="52" HPOS="1760" VPOS="2804" WIDTH="39" />
<String CONTENT="Berlin," HEIGHT="62" HPOS="1800" VPOS="2803" WIDTH="217" />
<SP HEIGHT="59" HPOS="2018" VPOS="2806" WIDTH="38" />
<String CONTENT="B." HEIGHT="52" HPOS="2057" VPOS="2806" WIDTH="65" />
<SP HEIGHT="54" HPOS="2123" VPOS="2804" WIDTH="39" />
<String CONTENT="G." HEIGHT="54" HPOS="2163" VPOS="2804" WIDTH="68" />
</TextLine>
<TextLine HEIGHT="64" HPOS="215" LANG="de" STYLEREFS="StyleId-9809BAEE-4D12-457F-B117-ABDF7D36CBD3-" VPOS="2880" WIDTH="461">
<String CONTENT="Teubner," HEIGHT="64" HPOS="215" VPOS="2880" WIDTH="279" />
<SP HEIGHT="59" HPOS="495" VPOS="2885" WIDTH="29" />
<String CONTENT="1936." HEIGHT="52" HPOS="525" VPOS="2882" WIDTH="151" />
</TextLine>
<TextLine CS="1" HEIGHT="51" HPOS="284" VPOS="2952" WIDTH="1317">
<String CONTENT="xii," HEIGHT="47" HPOS="284" LANG="de" VPOS="2953" WIDTH="84" />
<SP HEIGHT="47" HPOS="369" VPOS="2953" WIDTH="27" />
<String CONTENT="295" HEIGHT="40" HPOS="397" LANG="de" VPOS="2952" WIDTH="84" />
<SP HEIGHT="47" HPOS="482" VPOS="2954" WIDTH="28" />
<String CONTENT="p." HEIGHT="37" HPOS="511" LANG="fr" VPOS="2964" WIDTH="43" />
<SP HEIGHT="32" HPOS="555" VPOS="2963" WIDTH="58" />
<String CONTENT="IV" CS="1" LANG="fr" />
<SP />
<String CONTENT="pl." CS="1" LANG="fi" />
<String CONTENT="," HEIGHT="16" HPOS="761" LANG="en-US" VPOS="2987" WIDTH="8" />
<SP HEIGHT="47" HPOS="770" VPOS="2956" WIDTH="31" />
<String CONTENT="tables" HEIGHT="40" HPOS="802" LANG="en-US" VPOS="2953" WIDTH="158" />
<SP HEIGHT="48" HPOS="961" VPOS="2953" WIDTH="28" />
<String CONTENT="(1" HEIGHT="48" HPOS="990" LANG="de" VPOS="2953" WIDTH="47" />
<SP HEIGHT="40" HPOS="1038" VPOS="2953" WIDTH="31" />
<String CONTENT="fold.)" HEIGHT="47" HPOS="1070" LANG="en-US" VPOS="2953" WIDTH="145" />
<SP HEIGHT="46" HPOS="1216" VPOS="2954" WIDTH="26" />
<String CONTENT="diagrs." HEIGHT="47" HPOS="1243" LANG="de" VPOS="2953" WIDTH="179" />
<SP HEIGHT="40" HPOS="1423" VPOS="2954" WIDTH="60" />
<String CONTENT="22" HEIGHT="40" HPOS="1484" LANG="de" VPOS="2954" WIDTH="56" />
<String CONTENT="cm" CS="1" HEIGHT="20" HPOS="1544" LANG="de" STYLE="superscript" VPOS="2958" WIDTH="14" />
<String CONTENT="." HEIGHT="8" HPOS="1593" LANG="de" VPOS="2986" WIDTH="8" />
</TextLine>
<TextLine HEIGHT="49" HPOS="288" VPOS="3010" WIDTH="1946">
<String CONTENT="Folded" HEIGHT="39" HPOS="288" LANG="en-US" VPOS="3010" WIDTH="178" />
<SP HEIGHT="38" HPOS="467" VPOS="3011" WIDTH="42" />
<String CONTENT="table" HEIGHT="40" HPOS="510" LANG="en-US" VPOS="3011" WIDTH="130" />
<SP HEIGHT="39" HPOS="641" VPOS="3012" WIDTH="42" />
<String CONTENT="&#8220;Die" HEIGHT="40" HPOS="684" LANG="de" VPOS="3011" WIDTH="118" />
<SP HEIGHT="40" HPOS="803" VPOS="3011" WIDTH="40" />
<String CONTENT="integrations-typen," HEIGHT="49" HPOS="844" LANG="de" VPOS="3010" WIDTH="508" />
<SP HEIGHT="35" HPOS="1353" VPOS="3023" WIDTH="38" />
<String CONTENT="von" HEIGHT="28" HPOS="1392" LANG="de" VPOS="3022" WIDTH="89" />
<SP HEIGHT="37" HPOS="1482" VPOS="3014" WIDTH="45" />
<String CONTENT="E." HEIGHT="39" HPOS="1528" LANG="de" VPOS="3014" WIDTH="52" />
<SP HEIGHT="40" HPOS="1581" VPOS="3013" WIDTH="39" />
<String CONTENT="Ja" HEIGHT="39" HPOS="1621" LANG="de" VPOS="3013" WIDTH="56" />
<SP HEIGHT="29" HPOS="1678" VPOS="3022" WIDTH="8" />
<String CONTENT="en" HEIGHT="28" HPOS="1687" LANG="fr" VPOS="3023" WIDTH="57" />
<SP HEIGHT="28" HPOS="1745" VPOS="3022" WIDTH="5" />
<String CONTENT="sch&quot;" HEIGHT="39" HPOS="1751" LANG="de" VPOS="3012" WIDTH="112" />
<SP HEIGHT="39" HPOS="1864" VPOS="3012" WIDTH="40" />
<String CONTENT="mounted" HEIGHT="38" HPOS="1905" LANG="en-US" VPOS="3014" WIDTH="228" />
<SP HEIGHT="38" HPOS="2134" VPOS="3014" WIDTH="39" />
<String CONTENT="on" HEIGHT="28" HPOS="2174" LANG="en-US" VPOS="3023" WIDTH="60" />
</TextLine>
<TextLine HEIGHT="48" HPOS="211" VPOS="3068" WIDTH="494">
<String CONTENT="back" HEIGHT="40" HPOS="211" VPOS="3068" WIDTH="124" />
<SP HEIGHT="38" HPOS="336" VPOS="3068" WIDTH="31" />
<String CONTENT="lining-paper." HEIGHT="48" HPOS="368" VPOS="3068" WIDTH="337" />
</TextLine>
<TextLine HEIGHT="41" HPOS="285" VPOS="3126" WIDTH="558">
<String CONTENT="Contains" HEIGHT="41" HPOS="285" VPOS="3126" WIDTH="237" />
<SP HEIGHT="28" HPOS="523" VPOS="3136" WIDTH="28" />
<String CONTENT="references." HEIGHT="41" HPOS="552" VPOS="3126" WIDTH="291" />
</TextLine>
<TextLine CS="1" HEIGHT="54" HPOS="216" VPOS="3179" WIDTH="1773">
<String CONTENT="&#169;" HEIGHT="54" HPOS="216" VPOS="3179" WIDTH="53" />
<SP HEIGHT="54" HPOS="270" VPOS="3179" WIDTH="24" />
<String CONTENT="May" HEIGHT="44" HPOS="295" VPOS="3186" WIDTH="113" />
<SP HEIGHT="45" HPOS="409" VPOS="3185" WIDTH="26" />
<String CONTENT="38," HEIGHT="42" HPOS="436" VPOS="3185" WIDTH="68" />
<SP HEIGHT="42" HPOS="505" VPOS="3185" WIDTH="26" />
<String CONTENT="1936;" HEIGHT="47" HPOS="532" VPOS="3183" WIDTH="142" />
<SP HEIGHT="45" HPOS="675" VPOS="3185" WIDTH="28" />
<String CONTENT="1c." HEIGHT="40" HPOS="704" VPOS="3185" WIDTH="66" />
<SP HEIGHT="41" HPOS="771" VPOS="3184" WIDTH="27" />
<String CONTENT="Oct." HEIGHT="41" HPOS="799" VPOS="3184" WIDTH="102" />
<SP HEIGHT="41" HPOS="902" VPOS="3184" WIDTH="28" />
<String CONTENT="22:" HEIGHT="41" HPOS="931" VPOS="3184" WIDTH="83" />
<SP HEIGHT="40" HPOS="1015" VPOS="3185" WIDTH="27" />
<String CONTENT="A-Foreign" HEIGHT="48" HPOS="1043" VPOS="3183" WIDTH="313" />
<SP HEIGHT="39" HPOS="1357" VPOS="3185" WIDTH="25" />
<String CONTENT="33331" HEIGHT="40" HPOS="1383" VPOS="3184" WIDTH="137" />
<SP HEIGHT="40" HPOS="1521" VPOS="3185" WIDTH="24" />
<String CONTENT=":" HEIGHT="30" HPOS="1546" VPOS="3195" WIDTH="8" />
<SP HEIGHT="40" HPOS="1555" VPOS="3185" WIDTH="31" />
<String CONTENT="B." HEIGHT="38" HPOS="1587" VPOS="3185" WIDTH="52" />
<SP HEIGHT="37" HPOS="1640" VPOS="3186" WIDTH="30" />
<String CONTENT="G." CS="1" HEIGHT="7" HPOS="1716" VPOS="3219" WIDTH="7" />
<SP HEIGHT="41" HPOS="1724" VPOS="3185" WIDTH="27" />
<String CONTENT="Teubner." HEIGHT="41" HPOS="1752" VPOS="3184" WIDTH="237" />
</TextLine>
<TextLine HEIGHT="48" HPOS="298" VPOS="3240" WIDTH="366">
<String CONTENT="(AC" HEIGHT="45" HPOS="298" VPOS="3243" WIDTH="118" />
<SP HEIGHT="40" HPOS="417" VPOS="3242" WIDTH="16" />
<String CONTENT="36-2995)" HEIGHT="48" HPOS="434" VPOS="3240" WIDTH="230" />
</TextLine>
<TextLine HEIGHT="65" HPOS="218" STYLEREFS="StyleId-BD0660E7-1A5C-41EF-82DF-980656200E83-" VPOS="3345" WIDTH="700">
<String CONTENT="Hendriksen," HEIGHT="63" HPOS="218" VPOS="3347" WIDTH="396" />
<SP HEIGHT="63" HPOS="615" VPOS="3347" WIDTH="25" />
<String CONTENT="William." HEIGHT="58" HPOS="641" VPOS="3345" WIDTH="277" />
</TextLine>
<TextLine HEIGHT="66" HPOS="291" STYLEREFS="StyleId-9809BAEE-4D12-457F-B117-ABDF7D36CBD3-" VPOS="3423" WIDTH="1944">
<String CONTENT="Faitli" HEIGHT="53" HPOS="291" VPOS="3424" WIDTH="174" />
<SP HEIGHT="34" HPOS="466" VPOS="3442" WIDTH="42" />
<String CONTENT="of" HEIGHT="52" HPOS="509" VPOS="3424" WIDTH="63" />
<SP HEIGHT="53" HPOS="573" VPOS="3424" WIDTH="37" />
<String CONTENT="our" HEIGHT="34" HPOS="611" VPOS="3443" WIDTH="106" />
<SP HEIGHT="53" HPOS="718" VPOS="3423" WIDTH="37" />
<String CONTENT="fathers;" HEIGHT="66" HPOS="756" VPOS="3423" WIDTH="251" />
<SP HEIGHT="47" HPOS="1008" VPOS="3442" WIDTH="44" />
<String CONTENT="a" HEIGHT="33" HPOS="1053" VPOS="3444" WIDTH="31" />
<SP HEIGHT="34" HPOS="1085" VPOS="3443" WIDTH="38" />
<String CONTENT="series" HEIGHT="54" HPOS="1124" VPOS="3423" WIDTH="169" />
<SP HEIGHT="34" HPOS="1294" VPOS="3442" WIDTH="40" />
<String CONTENT="of" HEIGHT="52" HPOS="1335" VPOS="3424" WIDTH="64" />
<SP HEIGHT="52" HPOS="1400" VPOS="3424" WIDTH="37" />
<String CONTENT="catechetical" HEIGHT="53" HPOS="1438" VPOS="3424" WIDTH="364" />
<SP HEIGHT="53" HPOS="1803" VPOS="3425" WIDTH="40" />
<String CONTENT="booklets" HEIGHT="53" HPOS="1844" VPOS="3425" WIDTH="254" />
<SP HEIGHT="52" HPOS="2099" VPOS="3426" WIDTH="41" />
<String CONTENT="for" HEIGHT="52" HPOS="2141" VPOS="3426" WIDTH="94" />
</TextLine>
<TextLine CS="1" HEIGHT="71" HPOS="218" STYLEREFS="StyleId-9809BAEE-4D12-457F-B117-ABDF7D36CBD3-" VPOS="3501" WIDTH="2017">
<String CONTENT="our" HEIGHT="35" HPOS="218" VPOS="3522" WIDTH="104" />
<SP HEIGHT="48" HPOS="323" VPOS="3522" WIDTH="20" />
<String CONTENT="young" HEIGHT="50" HPOS="344" VPOS="3520" WIDTH="195" />
<SP HEIGHT="49" HPOS="540" VPOS="3521" WIDTH="20" />
<String CONTENT="people," HEIGHT="69" HPOS="561" VPOS="3501" WIDTH="221" />
<SP HEIGHT="69" HPOS="783" VPOS="3501" WIDTH="21" />
<String CONTENT="by" HEIGHT="69" HPOS="805" VPOS="3501" WIDTH="75" />
<SP HEIGHT="67" HPOS="881" VPOS="3503" WIDTH="20" />
<String CONTENT="W." HEIGHT="55" HPOS="902" VPOS="3503" WIDTH="89" />
<SP HEIGHT="52" HPOS="992" VPOS="3504" WIDTH="25" />
<String CONTENT="Hendriksen" HEIGHT="56" HPOS="1018" VPOS="3501" WIDTH="368" />
<SP HEIGHT="34" HPOS="1387" VPOS="3521" WIDTH="29" />
<String CONTENT="&#8230;" CS="1" />
<SP HEIGHT="56" HPOS="1473" VPOS="3502" WIDTH="79" />
<String CONTENT="Grand" HEIGHT="56" HPOS="1553" VPOS="3502" WIDTH="199" />
<SP HEIGHT="53" HPOS="1753" VPOS="3503" WIDTH="26" />
<String CONTENT="Rapids," HEIGHT="70" HPOS="1780" VPOS="3502" WIDTH="239" />
<SP HEIGHT="68" HPOS="2020" VPOS="3504" WIDTH="21" />
<String CONTENT="Mich.," HEIGHT="66" HPOS="2042" VPOS="3503" WIDTH="193" />
</TextLine>
<TextLine CS="1" HEIGHT="68" HPOS="218" STYLEREFS="StyleId-9809BAEE-4D12-457F-B117-ABDF7D36CBD3-" VPOS="3580" WIDTH="1127">
<String CONTENT="Zondervan" HEIGHT="51" HPOS="218" VPOS="3583" WIDTH="337" />
<SP HEIGHT="47" HPOS="556" VPOS="3600" WIDTH="25" />
<String CONTENT="publishing" HEIGHT="67" HPOS="582" VPOS="3580" WIDTH="339" />
<SP HEIGHT="66" HPOS="922" VPOS="3581" WIDTH="22" />
<String CONTENT="house" HEIGHT="53" HPOS="945" VPOS="3581" WIDTH="174" />
<SP HEIGHT="61" HPOS="1120" VPOS="3587" WIDTH="30" />
<String CONTENT="[c1936]" CS="1" HEIGHT="64" HPOS="1193" VPOS="3584" WIDTH="152" />
</TextLine>
<TextLine CS="1" HEIGHT="42" HPOS="291" VPOS="3653" WIDTH="278">
<String CONTENT="3" HEIGHT="40" HPOS="291" VPOS="3655" WIDTH="27" />
<SP HEIGHT="40" HPOS="319" VPOS="3655" WIDTH="30" />
<String CONTENT="v." CS="1" HEIGHT="8" HPOS="383" VPOS="3687" WIDTH="8" />
<SP HEIGHT="41" HPOS="392" VPOS="3654" WIDTH="60" />
<String CONTENT="19" HEIGHT="40" HPOS="453" VPOS="3653" WIDTH="56" />
<String CONTENT="cm" HEIGHT="22" HPOS="512" STYLE="superscript" VPOS="3655" WIDTH="43" />
<String CONTENT="." HEIGHT="8" HPOS="561" VPOS="3687" WIDTH="8" />
</TextLine>
<TextLine CS="1" HEIGHT="52" HPOS="294" VPOS="3708" WIDTH="1941">
<String CONTENT="Contents.&#8212;[v." CS="1" HEIGHT="49" HPOS="294" VPOS="3711" WIDTH="405" />
<SP HEIGHT="42" HPOS="700" VPOS="3708" WIDTH="28" />
<String CONTENT="1]" CS="1" HEIGHT="30" HPOS="759" VPOS="3730" WIDTH="11" />
<SP HEIGHT="49" HPOS="771" VPOS="3711" WIDTH="29" />
<String CONTENT="The" HEIGHT="39" HPOS="801" VPOS="3711" WIDTH="101" />
<SP HEIGHT="39" HPOS="903" VPOS="3711" WIDTH="28" />
<String CONTENT="doctrine" HEIGHT="41" HPOS="932" VPOS="3710" WIDTH="218" />
<SP HEIGHT="30" HPOS="1151" VPOS="3720" WIDTH="28" />
<String CONTENT="of" HEIGHT="39" HPOS="1180" VPOS="3710" WIDTH="52" />
<SP HEIGHT="41" HPOS="1233" VPOS="3709" WIDTH="26" />
<String CONTENT="God." HEIGHT="42" HPOS="1260" VPOS="3709" WIDTH="117" />
<SP HEIGHT="40" HPOS="1378" VPOS="3711" WIDTH="59" />
<String CONTENT="The" HEIGHT="39" HPOS="1438" VPOS="3711" WIDTH="101" />
<SP HEIGHT="39" HPOS="1540" VPOS="3712" WIDTH="26" />
<String CONTENT="doctrine" HEIGHT="41" HPOS="1567" VPOS="3710" WIDTH="218" />
<SP HEIGHT="30" HPOS="1786" VPOS="3720" WIDTH="27" />
<String CONTENT="of" HEIGHT="40" HPOS="1814" VPOS="3710" WIDTH="51" />
<SP HEIGHT="41" HPOS="1866" VPOS="3710" WIDTH="26" />
<String CONTENT="creation" HEIGHT="39" HPOS="1893" VPOS="3712" WIDTH="217" />
<SP HEIGHT="29" HPOS="2111" VPOS="3722" WIDTH="29" />
<String CONTENT="and" HEIGHT="39" HPOS="2141" VPOS="3713" WIDTH="94" />
</TextLine>
<TextLine CS="1" HEIGHT="52" HPOS="225" VPOS="3766" WIDTH="2012">
<String CONTENT="the" HEIGHT="38" HPOS="225" VPOS="3770" WIDTH="80" />
<SP HEIGHT="41" HPOS="306" VPOS="3767" WIDTH="33" />
<String CONTENT="fall.&#8212;[v." CS="1" HEIGHT="41" HPOS="340" VPOS="3767" WIDTH="232" />
<SP HEIGHT="42" HPOS="573" VPOS="3766" WIDTH="39" />
<String CONTENT="2]" HEIGHT="52" HPOS="613" VPOS="3766" WIDTH="42" />
<SP HEIGHT="51" HPOS="656" VPOS="3767" WIDTH="40" />
<String CONTENT="The" HEIGHT="40" HPOS="697" VPOS="3767" WIDTH="102" />
<SP HEIGHT="40" HPOS="800" VPOS="3768" WIDTH="37" />
<String CONTENT="doctrine" HEIGHT="41" HPOS="838" VPOS="3767" WIDTH="220" />
<SP HEIGHT="30" HPOS="1059" VPOS="3777" WIDTH="36" />
<String CONTENT="of" HEIGHT="40" HPOS="1096" VPOS="3767" WIDTH="51" />
<SP HEIGHT="41" HPOS="1148" VPOS="3767" WIDTH="37" />
<String CONTENT="Christ." HEIGHT="41" HPOS="1186" VPOS="3767" WIDTH="180" />
<SP HEIGHT="40" HPOS="1367" VPOS="3768" WIDTH="58" />
<String CONTENT="The" HEIGHT="40" HPOS="1426" VPOS="3768" WIDTH="102" />
<SP HEIGHT="40" HPOS="1529" VPOS="3768" WIDTH="39" />
<String CONTENT="doctrine" HEIGHT="40" HPOS="1569" VPOS="3768" WIDTH="218" />
<SP HEIGHT="30" HPOS="1788" VPOS="3778" WIDTH="37" />
<String CONTENT="of" HEIGHT="40" HPOS="1826" VPOS="3767" WIDTH="51" />
<SP HEIGHT="40" HPOS="1878" VPOS="3767" WIDTH="39" />
<String CONTENT="salvation.&#8212;" HEIGHT="41" HPOS="1918" VPOS="3767" WIDTH="319" />
</TextLine>
<TextLine CS="1" HEIGHT="107" HPOS="225" VPOS="3823" WIDTH="2011">
<String CONTENT="[v." CS="1" HEIGHT="30" HPOS="227" VPOS="3845" WIDTH="59" />
<SP HEIGHT="41" HPOS="287" VPOS="3824" WIDTH="30" />
<String CONTENT="3]" HEIGHT="51" HPOS="318" VPOS="3824" WIDTH="42" />
<SP HEIGHT="50" HPOS="361" VPOS="3825" WIDTH="30" />
<String CONTENT="The" HEIGHT="40" HPOS="392" VPOS="3825" WIDTH="102" />
<SP HEIGHT="41" HPOS="495" VPOS="3824" WIDTH="30" />
<String CONTENT="doctrine" HEIGHT="42" HPOS="526" VPOS="3823" WIDTH="221" />
<SP HEIGHT="30" HPOS="748" VPOS="3835" WIDTH="26" />
<String CONTENT="of" HEIGHT="41" HPOS="775" VPOS="3824" WIDTH="52" />
<SP HEIGHT="41" HPOS="828" VPOS="3824" WIDTH="30" />
<String CONTENT="the" HEIGHT="40" HPOS="859" VPOS="3825" WIDTH="81" />
<SP HEIGHT="30" HPOS="941" VPOS="3835" WIDTH="29" />
<String CONTENT="church" HEIGHT="40" HPOS="971" VPOS="3825" WIDTH="181" />
<SP HEIGHT="39" HPOS="1153" VPOS="3825" WIDTH="29" />
<String CONTENT="and" HEIGHT="40" HPOS="1183" VPOS="3825" WIDTH="92" />
<SP HEIGHT="40" HPOS="1276" VPOS="3825" WIDTH="33" />
<String CONTENT="of" HEIGHT="39" HPOS="1310" VPOS="3825" WIDTH="51" />
<SP HEIGHT="39" HPOS="1362" VPOS="3825" WIDTH="29" />
<String CONTENT="the" HEIGHT="38" HPOS="1392" VPOS="3827" WIDTH="82" />
<SP HEIGHT="29" HPOS="1475" VPOS="3836" WIDTH="28" />
<String CONTENT="means" HEIGHT="30" HPOS="1504" VPOS="3835" WIDTH="166" />
<SP HEIGHT="30" HPOS="1671" VPOS="3835" WIDTH="29" />
<String CONTENT="of" HEIGHT="40" HPOS="1701" VPOS="3824" WIDTH="51" />
<SP HEIGHT="48" HPOS="1753" VPOS="3824" WIDTH="28" />
<String CONTENT="grace." HEIGHT="37" HPOS="1782" VPOS="3835" WIDTH="155" />
<SP HEIGHT="39" HPOS="1938" VPOS="3825" WIDTH="61" />
<String CONTENT="The" HEIGHT="40" HPOS="2000" VPOS="3825" WIDTH="101" />
<SP HEIGHT="39" HPOS="2102" VPOS="3826" WIDTH="30" />
<String CONTENT="doctrine" HEIGHT="97" HPOS="225" VPOS="3826" WIDTH="1995" />
<SP HEIGHT="29" HPOS="352" VPOS="3893" WIDTH="28" />
<String CONTENT="of" HEIGHT="39" HPOS="381" VPOS="3883" WIDTH="52" />
<SP HEIGHT="39" HPOS="434" VPOS="3883" WIDTH="27" />
<String CONTENT="the" HEIGHT="39" HPOS="462" VPOS="3883" WIDTH="82" />
<SP HEIGHT="39" HPOS="545" VPOS="3883" WIDTH="25" />
<String CONTENT="last" HEIGHT="40" HPOS="571" VPOS="3883" WIDTH="100" />
<SP HEIGHT="39" HPOS="672" VPOS="3884" WIDTH="28" />
<String CONTENT="things." HEIGHT="48" HPOS="701" VPOS="3882" WIDTH="178" />
<SP HEIGHT="39" HPOS="880" VPOS="3883" WIDTH="62" />
<String CONTENT="Modernism," HEIGHT="49" HPOS="943" VPOS="3881" WIDTH="311" />
<SP HEIGHT="36" HPOS="1255" VPOS="3894" WIDTH="27" />
<String CONTENT="worldly" HEIGHT="48" HPOS="1283" VPOS="3882" WIDTH="204" />
<SP HEIGHT="38" HPOS="1488" VPOS="3892" WIDTH="30" />
<String CONTENT="amusements," HEIGHT="47" HPOS="1519" VPOS="3883" WIDTH="342" />
<SP HEIGHT="44" HPOS="1862" VPOS="3886" WIDTH="30" />
<String CONTENT="the" HEIGHT="39" HPOS="1893" VPOS="3883" WIDTH="82" />
<SP HEIGHT="41" HPOS="1976" VPOS="3882" WIDTH="30" />
<String CONTENT="Sabbath," HEIGHT="41" HPOS="2007" VPOS="3882" WIDTH="229" />
</TextLine>
<TextLine HEIGHT="42" HPOS="225" VPOS="3939" WIDTH="548">
<String CONTENT="the" HEIGHT="39" HPOS="225" VPOS="3940" WIDTH="81" />
<SP HEIGHT="42" HPOS="307" VPOS="3939" WIDTH="29" />
<String CONTENT="Christian" HEIGHT="42" HPOS="337" VPOS="3939" WIDTH="251" />
<SP HEIGHT="40" HPOS="589" VPOS="3940" WIDTH="28" />
<String CONTENT="home." HEIGHT="41" HPOS="618" VPOS="3940" WIDTH="155" />
</TextLine>
<TextLine HEIGHT="54" HPOS="221" VPOS="3993" WIDTH="2015">
<String CONTENT="&#169;" HEIGHT="54" HPOS="221" VPOS="3993" WIDTH="53" />
<SP HEIGHT="54" HPOS="275" VPOS="3993" WIDTH="28" />
<String CONTENT="Aug." HEIGHT="44" HPOS="304" VPOS="3999" WIDTH="118" />
<SP HEIGHT="40" HPOS="423" VPOS="3998" WIDTH="29" />
<String CONTENT="10." HEIGHT="43" HPOS="453" VPOS="3998" WIDTH="69" />
<SP HEIGHT="43" HPOS="523" VPOS="3998" WIDTH="28" />
<String CONTENT="1936:" HEIGHT="41" HPOS="552" VPOS="3997" WIDTH="141" />
<SP HEIGHT="40" HPOS="694" VPOS="3998" WIDTH="29" />
<String CONTENT="2c." HEIGHT="38" HPOS="724" VPOS="3998" WIDTH="66" />
<SP HEIGHT="29" HPOS="791" VPOS="4008" WIDTH="29" />
<String CONTENT="each" HEIGHT="39" HPOS="821" VPOS="3998" WIDTH="117" />
<SP HEIGHT="38" HPOS="939" VPOS="3998" WIDTH="31" />
<String CONTENT="and" HEIGHT="38" HPOS="971" VPOS="3998" WIDTH="93" />
<SP HEIGHT="38" HPOS="1065" VPOS="3998" WIDTH="32" />
<String CONTENT="a" HEIGHT="28" HPOS="1098" VPOS="4008" WIDTH="23" />
<SP HEIGHT="39" HPOS="1122" VPOS="3997" WIDTH="6" />
<String CONTENT="fit's." HEIGHT="40" HPOS="1129" VPOS="3997" WIDTH="75" />
<SP HEIGHT="39" HPOS="1205" VPOS="3998" WIDTH="29" />
<String CONTENT="Aug." HEIGHT="44" HPOS="1235" VPOS="3998" WIDTH="119" />
<SP HEIGHT="39" HPOS="1355" VPOS="3997" WIDTH="30" />
<String CONTENT="24:" HEIGHT="40" HPOS="1386" VPOS="3997" WIDTH="82" />
<SP HEIGHT="38" HPOS="1469" VPOS="3999" WIDTH="31" />
<String CONTENT="A" HEIGHT="37" HPOS="1501" VPOS="3999" WIDTH="38" />
<SP HEIGHT="40" HPOS="1540" VPOS="3996" WIDTH="28" />
<String CONTENT="98065-98067;" HEIGHT="48" HPOS="1569" VPOS="3994" WIDTH="349" />
<SP HEIGHT="46" HPOS="1919" VPOS="3996" WIDTH="32" />
<String CONTENT="Zondervan" HEIGHT="41" HPOS="1952" VPOS="3994" WIDTH="284" />
</TextLine>
<TextLine CS="1" HEIGHT="29" HPOS="390" VPOS="4055" WIDTH="41">
<String CONTENT="pub." CS="1" />
<SP HEIGHT="29" HPOS="390" VPOS="4055" WIDTH="41" />
<String CONTENT="house." CS="1" />
<SP />
<String CONTENT="(36-22225)" CS="1" />
</TextLine>
</TextBlock>
</PrintSpace>
</Page>
</Layout>
</alto>