2519 4377
1017 4078 97 48 143

70 427 400 64 Henningsen,
496 429 124 50 Fru
646 427 203 64 Agnes
877 425 308 54 Kathinka
1212 426 246 64 Mailing
1488 426 371 65 (Andersen)
1898 431 171 50 1868-

145 504 1332 67 ... Le kun. K ø benhavn, Gyldendal, 1935.
143 578 86 41 188
256 588 42 37 p.
359 577 56 39 22
417 579 43 21 cm
465 608 9 7 .

142 635 63 38 At
230 634 125 40 head
383 633 52 39 of
461 633 111 40 title;
625 632 160 48 Agnes
814 632 328 48 Henningsen.

66 700 1987 107 © Oct. 26, 1935; 1c. Jan. 8, 1936; A-Foreign 30173; Gyldendalske boghandel,
359 761 216 41 Nordisk
603 760 175 48 forlag.
851 760 250 48 (36-4832)

68 864 186 63 Hoan,
279 862 208 53 Daniel
513 863 291 64 Webster,
835 869 170 48 1881-

139 939 135 69 City
306 945 398 63 government;
741 941 93 52 the
869 941 196 53 record
1100 940 62 54 of
1195 941 96 53 the
1321 940 343 55 Milwaukee
1697 939 371 70 experiment,

68 1020 73 65 by
178 1020 207 51 Daniel
422 1021 87 52 W.
548 1020 188 51 Hoan.
812 1020 137 51 New
988 1019 178 65 York,
1202 1020 310 65 Harcourt,
1551 1021 179 52 Brace
1770 1019 113 53 and
67 1036 1975 128 company
292 1100 151 63 [c1936]

133 1168 48 40 xi,
226 1169 84 40 365
335 1181 43 36 p.
435 1168 55 39 21
495 1171 44 21 cm
544 1201 8 8 .

135 1226 160 40 “First
326 1225 226 41 edition.”

65 1293 51 52 ©
148 1298 120 39 Mar.
301 1297 68 46 12,
401 1296 140 47 1936;
575 1296 66 40 2c.
676 1297 122 39 Mar.
831 1296 54 39 19;
948 1295 83 41 aff.
1064 1297 121 40 Mar.
1218 1295 83 48 20;
1336 1296 41 39 A
1409 1295 170 48 92366;
1616 1297 262 46 Harcourt,
1912 1297 158 40 Brace

137 1353 36 40 &
202 1364 81 37 co.,
314 1353 90 40 inc.
475 1353 280 48 (36-27174)

68 1455 251 63 Huxley,
347 1455 198 53 Julian
575 1455 202 64 Sorell,
808 1457 170 54 1887-

137 1535 101 52 We
271 1534 333 66 Europeans;
667 1551 32 34 a
728 1551 205 49 survey
964 1533 63 52 of
1058 1532 245 53 “racial”
1334 1533 303 67 problems,
1666 1534 77 67 by
1772 1532 202 56 Julian
2011 1532 55 56 S.

68 1610 233 69 Huxley
337 1654 54 10 ...
425 1612 112 52 and
565 1613 70 52 A.
670 1610 61 56 C.
761 1612 254 52 Haddon
1050 1654 55 10 ...
1139 1610 139 53 with
1307 1631 31 33 a
1367 1610 385 55 contribution
1782 1612 75 67 by
1884 1612 71 53 A.
1986 1613 80 52 M.

70 1688 477 56 Carr-Saunders.
622 1690 139 53 New
800 1690 162 53 York
996 1690 113 53 and
1146 1690 258 66 London,
1440 1691 232 65 Harper
1709 1693 46 50 &
1789 1690 279 67 brothers,

70 1771 149 50 1936.

134 1839 1481 49 vl p., 1 l., 246 p. illus, (maps) plates, diagrs. 21 cm .
66 1906 51 53 ©
142 1910 109 41 Feb.
277 1909 69 47 20,
371 1909 117 40 1936;
537 1909 67 41 2c.
630 1910 111 39 Feb.
767 1909 55 40 19;
877 1908 81 41 aff.
986 1910 121 39 Mar.
1132 1910 27 38 4;
1214 1910 39 38 A
1278 1909 147 40 92232;
1478 1910 44 40 J.
1551 1909 43 41 S.
1620 1910 209 47 Huxley,
1856 1909 214 48 London,

133 1967 169 39 Alfred
329 1968 113 39 Oort
467 1967 224 46 Haddon,
716 1964 301 50 Cambridge,
1044 1967 235 47 England,
1304 1968 99 38 and
1423 1967 277 40 Alexander
1725 1966 182 40 Morris
137 1966 1933 105 Carr-Saunders,
432 2023 200 49 Oxford,
669 2024 235 47 England.

69 2126 179 64 Illick,
280 2127 220 64 Joseph
533 2126 219 64 Simon,
789 2132 170 49 1884-

135 2202 96 52 An
258 2201 214 54 outline
500 2201 65 54 of
592 2203 232 69 general
852 2200 268 72 forestry,
1148 2202 76 70 by
1253 2201 217 70 Joseph
1503 2201 57 56 S.
1591 2201 173 53 Illick
1801 2244 56 10 ...
1927 2201 138 52 Rev.

66 2282 111 52 and
205 2282 105 52 enl.
373 2281 139 53 New
537 2280 181 68 York,
745 2281 218 53 Barnes
990 2281 45 49 &
1062 2281 199 54 Noble,
1289 2281 106 54 inc.
1432 2283 172 64 [1936]

138 2352 1931 52 5 p. l., 275 p. illus. (incl. maps) diagrs. 21 cm . (On cover; College
68 2411 182 42 outline
284 2412 173 48 series)

137 2468 290 42 References
457 2471 52 39 at
537 2470 92 40 end
660 2469 53 41 of
737 2471 119 41 each
883 2471 214 46 chapter.

67 2537 51 52 ©
152 2542 108 39 Jan.
294 2541 69 47 22,
400 2542 139 41 1936;
576 2541 67 41 2c.
680 2544 93 38 and
811 2542 80 40 aff.
928 2543 110 39 Jan.
1073 2541 82 48 29;
1194 2543 40 38 A
1270 2542 147 41 91533;
1479 2544 186 39 Barnes
1703 2543 35 40 &
1775 2543 163 48 Noble,
1977 2543 90 39 inc.

146 2598 250 48 (36-5259)

69 2700 229 65 Jacobs,
328 2702 239 64 Joseph,
601 2706 172 50 1881-
985 2703 84 53 ed.

143 2818 56 10 ...
228 2778 119 50 Bar
367 2777 404 68 examination,
793 2777 285 68 questions
1102 2778 113 53 and
1240 2795 260 35 answers.
1564 2776 367 56 Substantive
1953 2776 110 53 and

70 2853 278 70 adjective
372 2856 128 67 law,
527 2855 75 70 by
630 2854 73 55 A.
733 2856 64 53 L.
832 2854 205 57 Sainer
1068 2899 56 10 ...
1192 2856 98 53 9th
1333 2854 191 71 (1936)
1566 2856 84 54 ed.
1717 2855 139 54 New
1885 2854 181 55 York.

71 2933 67 52 N.
170 2934 89 67 Y.,
294 2933 366 55 Substantive
694 2936 112 51 and
838 2934 279 69 adjective
1150 2934 321 69 publishers
1504 2936 113 52 and
1654 2934 233 55 Central
1918 2933 148 54 book

70 3029 294 52 company,
399 3015 149 50 1936.

143 3084 83 41 501
254 3096 42 37 p.
356 3085 56 40 23½
446 3088 44 20 cm
494 3121 8 8 .

136 3141 63 42 At
226 3144 124 39 head
377 3143 52 40 of
454 3143 109 40 title;
622 3142 185 41 Sainer.
869 3142 188 42 Jacobs.

139 3197 71 42 On
236 3210 141 30 cover;
434 3199 222 41 Sainer’s.
720 3201 176 40 Jacobs
924 3200 91 41 bar
1041 3201 360 41 examinations
1430 3202 97 40 and
1557 3211 230 32 answers.

137 3255 134 42 First
300 3259 48 38 to
379 3257 166 47 eighth
577 3257 211 41 editions
817 3258 61 49 by
913 3258 180 48 Joseph
1126 3258 177 41 Jacobs
1337 3261 96 39 and
1466 3259 148 41 Louis
1646 3259 306 48 Applebome.

139 3312 219 42 “Canons
386 3314 53 39 of
466 3314 180 42 ethics”;
705 3325 44 38 p.
782 3315 246 51 [485]-501.

71 3381 50 52 ©
158 3386 108 40 Feb.
304 3387 38 41 1.
380 3386 139 48 1936;
558 3387 67 40 2c.
664 3389 96 39 and
794 3388 83 40 aff.
916 3389 108 39 Feb.
1063 3388 82 46 25;
1185 3390 40 38 A
1261 3388 170 48 91899;
1472 3390 197 41 Central
1708 3391 122 40 book
1866 3401 67 30 co.
1973 3392 95 39 and

138 3443 245 39 Abraham
416 3444 50 39 L.
502 3443 183 48 Sainer,
720 3445 118 39 New
870 3446 144 41 York.
1086 3446 251 47 (36-3274)

75 3545 170 63 Kent,
279 3547 197 52 Frank
509 3548 386 63 Richardson,
933 3552 169 52 1877-

140 3620 261 54 Without
428 3641 209 49 grease,
664 3624 75 68 by
763 3623 197 53 Frank
984 3624 69 53 R.
1080 3625 155 53 Kent;
1293 3625 259 68 political
1577 3625 291 57 behavior.
1898 3629 167 50 1934-

81 3701 143 51 1936.
265 3701 108 51 and
421 3719 29 33 a
492 3701 292 67 blueprint
828 3701 93 53 for
964 3702 312 55 America’s
1318 3709 148 48 most
1509 3704 143 53 vital
1694 3704 367 67 presidential

73 3775 248 54 election.
385 3778 138 52 New
549 3779 180 55 York.
752 3780 91 52 W.
869 3780 251 52 Morrow
1146 3783 45 50 &
1218 3798 297 52 company,
1543 3784 151 50 1936.

140 3850 133 47 xviii,
301 3850 85 40 334
417 3861 42 37 p.
518 3851 55 39 21
577 3854 46 22 cm.

75 3903 1942 55 © Feb. 19, 1936; 2c. Feb. 21; aff. Feb. 24; A 90901; F. R. Kent, ℅
141 3965 101 40 The
272 3967 268 40 Baltimore
572 3968 113 42 Sun.
714 3969 280 40 Baltimore.
1066 3969 250 51 (36-5269)
