2519 4377
1356 4129 99 50 516

391 464 296 64 D’Apéry,
713 464 159 53 Tello
894 464 168 63 Jaen,
1092 465 169 54 1876-

461 538 337 57 Overbrook
842 540 231 67 Farms;
1119 539 73 54 its
1238 539 294 54 historical
1576 538 391 70 background,
2013 539 224 68 growth
2285 538 112 53 and

391 616 2010 71 community life, by Tello J. d’Apéry, M . D. Overbrook Farms,
390 696 430 69 Philadelphia,
845 696 121 54 The
992 697 202 69 Magee
1221 716 174 49 press,
1425 699 151 51 1936.

498 768 1671 52 x p., 1 l., 101, [1] p. front., plates, port., maps (1 double) 23½cm.
464 827 1936 49 “Three hundred copies of the first edition were printed … this book is
394 885 266 46 registered
691 887 94 39 and
814 885 263 42 numbered
1106 886 128 41 250.”

464 941 162 43 “First
659 942 228 42 edition.”

464 1000 350 42 “References”:
874 1012 42 37 p.
947 1001 216 41 100-101.

395 1056 53 53 ©
476 1061 114 47 Apr.
619 1061 70 46 14,
721 1061 113 40 1936;
890 1062 68 41 2c.
988 1062 114 47 Apr.
1132 1062 56 40 27:
1249 1061 82 41 aff.
1363 1062 113 48 Apr.
1507 1061 59 41 28;
1624 1062 40 39 A
1694 1061 147 42 94180;
1901 1063 184 48 George
2116 1065 71 38 W.
2221 1065 185 47 Magee,

464 1117 75 48 jr.,
569 1118 356 48 Philadelphia.
993 1119 252 48 (36-9543)

396 1206 200 66 Davis,
625 1208 223 54 Harold
877 1209 254 64 Thayer,
1164 1215 171 49 1892-

468 1284 1876 71 A course in general mathematics, by Harold T. Davis …
398 1364 428 70 Bloomington,
860 1366 148 67 Ind.,
1042 1366 120 53 The
1198 1365 299 69 Principia
1531 1383 157 50 press
1746 1368 176 64 [c1935]

466 1439 63 48 xi,
560 1440 88 40 316
679 1451 43 38 p.
784 1440 179 48 diagrs.
1023 1441 55 41 23½cm.

470 1498 141 39 Much
643 1497 52 40 of
725 1498 80 39 the
836 1497 228 41 material
1094 1499 89 39 has
1215 1498 173 48 passed
1422 1498 211 47 through
1668 1497 189 41 several
1887 1495 394 51 mimeographed
398 1497 1994 98 editions.
602 1555 62 48 cf.
698 1554 128 40 Pref.

468 1612 351 49 Bibliography
849 1614 53 39 at
928 1614 91 39 end
1050 1614 51 39 of
1130 1613 201 48 chapter
1363 1623 15 28 i
1410 1624 60 28 on
1505 1613 128 40 “Our
1665 1612 207 41 number
1900 1610 227 50 system”.

398 1666 52 52 ©
474 1671 111 39 Dec.
611 1670 70 46 31,
707 1670 113 40 1935;
874 1670 66 40 2c.
967 1672 95 38 and
1088 1671 82 39 aff.
1196 1671 114 46 Apr.
1338 1670 68 49 10,
1432 1669 114 41 1936;
1601 1670 40 39 A
1666 1669 143 42 92863;
1864 1668 248 51 Principia
2140 1680 150 37 press,
2316 1669 91 41 inc.

478 1726 252 48 (36-9492)

395 1816 249 64 Dörfler,
677 1817 220 65 Anton,
931 1823 170 49 1890-

529 1891 1879 71 … Der tausendjährige krug, roman. Jena, E. Diederichs
401 1975 194 64 [c1935]

468 2045 594 50 2 p. l., 3-293 p. 21cm.
399 2099 2009 53 © Oct. 11, 1935; 1c. Mar. 19, 1936; A-Foreign 30860; Eugen Diederichs
469 2162 179 46 verlag.
715 2160 251 48 (36-9996)

398 2235 297 66 Dominik,
720 2237 169 54 Hans
913 2235 288 67 Joachim,
1232 2237 169 56 1872-

470 2313 426 68 Atomgewicht
937 2316 128 63 500;
1110 2331 193 34 roman
1349 2331 109 35 von
1498 2315 167 51 Hans
1704 2312 295 56 Dominik.
2077 2316 83 49 31.
2199 2312 85 54 bis
2325 2315 82 50 40.

399 2391 803 69 tausend. Berlin, Scherl [c1935]
471 2466 101 48 317,
603 2466 57 51 [1]
690 2477 44 39 p.
867 2468 42 39 19cm.

399 2519 2010 53 © Oct. 16, 1935: 1c. Mar. 19, 1936; A -Foreign 30877; August Scherl,
469 2592 42 36 g.
543 2593 59 28 m.
632 2581 42 40 b.
704 2582 44 40 h.
817 2579 252 49 (36-9998)

401 2656 372 65 Dougherty,
800 2657 204 53 James
1030 2657 224 63 Henry,
1285 2662 171 49 1901-

474 2734 369 68 Elementary
871 2734 190 53 school
1092 2733 395 69 organization
1519 2734 111 53 and
1663 2740 416 61 management,
2110 2734 74 68 by
2214 2736 194 53 James

400 2812 2010 69 Henry Dougherty … Frank Hermon Gorman … [and] Claude
401 2889 2007 71 Anderson Phillips … New York, The Macmillan company,
405 2974 148 51 1936.

543 3041 1609 51 xx p., 1 l., 453 p. fold, tab., diagrs., forms (part fold.) 20½cm.
478 3101 249 41 “Selected
754 3099 302 42 references”
1084 3103 51 38 at
1163 3102 92 39 end
1283 3100 52 40 of
1360 3100 120 40 each
1505 3100 216 49 chapter.

404 3155 53 53 ©
487 3160 114 47 Apr.
633 3159 70 47 21,
736 3158 113 41 1936;
911 3158 68 40 2c.
1012 3159 94 39 and
1140 3158 82 40 aff.
1253 3159 112 47 Apr.
1399 3158 54 38 22;
1516 3159 40 38 A
1589 3158 143 41 94084;
1796 3158 286 41 Macmillan
2111 3169 68 29 co.

484 3215 252 48 (36-9426)

405 3292 307 65 Emerson,
742 3293 246 54 Charles
1016 3293 175 63 Leon,
1225 3298 169 49 1901-

473 3366 1936 72 This is Oregon, by Charles L. Emerson … Portland, Or.,
403 3446 120 54 The
553 3445 420 71 Geographers,
1001 3446 130 69 inc.,
1161 3449 150 51 1936.

474 3519 98 49 207,
611 3541 56 31 [1]
701 3531 44 38 p.
807 3520 127 41 illus.
994 3520 117 41 21cm.

478 3577 161 42 “First
667 3578 229 49 printing,
925 3578 183 43 March,
1137 3577 157 42 1936.”

404 3634 53 53 ©
491 3638 112 48 Apr.
640 3640 38 46 7,
715 3638 140 47 1936;
891 3639 67 40 2c.
993 3639 113 47 Apr.
1140 3639 81 45 15;
1259 3637 82 41 aff.
1377 3639 113 47 Apr.
1527 3638 81 47 13;
1644 3639 40 39 A
1720 3637 171 45 92956;
1931 3639 350 47 Geographers,
2318 3638 91 41 inc.

484 3694 251 47 (36-9540)

407 3771 285 65 Emmett,
721 3771 192 65 Chris,
942 3777 170 50 1886-

474 3843 1934 72 Texas as it was then, by Chris Emmett … a conspectus of
404 3922 94 55 the
542 3925 341 54 adventures
926 3924 64 54 of
1035 3924 219 56 Cabeza
1299 3925 67 53 de
1412 3925 155 54 Yaca
1613 3924 112 53 and
1771 3924 84 53 La
1901 3923 156 56 Salle
2102 3925 59 52 in
2206 3925 199 52 Texas.

407 4000 116 56 San
545 4002 276 70 Antonio,
847 4004 155 68 Tex.,
1028 4004 120 52 The
1176 4003 218 70 Naylor
1418 4020 281 52 company
1745 4005 177 66 [c1935]
