2519 4377
1083 4127 101 57 763

133 491 145 51 New
301 490 159 51 York
493 490 218 66 (State)
797 489 205 53 Courts
1027 490 63 66 of
1112 489 213 52 record.

265 565 1860 68 … The miscellaneous reports; cases decided … other than
134 645 94 52 the
269 644 179 54 Court
485 643 64 53 of
588 644 236 67 appeals
861 644 111 51 and
1011 644 95 52 the
1145 643 310 68 Appellate
1494 641 246 56 division
1779 642 63 53 of
1881 645 96 50 the
133 644 1964 145 Supreme
353 726 175 47 court.
602 720 212 52 Austin
847 722 65 52 B.
947 720 218 68 Griffin,
1200 726 270 62 reporter.
1544 721 242 54 Volume
1823 721 115 68 157,
1975 725 148 50 1936.

138 799 235 68 [Official
403 798 103 66 ed.]
585 797 249 68 Albany,
863 800 54 53 J.
952 800 64 51 B.
1049 800 161 65 Lyon
1242 816 297 50 company,
1571 801 149 50 1936.

203 869 423 50 xiv, 1010 p. 23 ½cm
191 928 85 53 .On
307 938 140 31 coyer
464 938 8 30 :
503 926 116 49 Oct.,
650 926 126 49 1935,
808 929 48 39 to
886 927 123 47 Jan.,
1037 924 127 42 1936.

135 981 1988 53 © June 17, 1936; 2c. and aff. June 22; A 96108; Edward J. Flynn,
205 1044 244 45 secretary
476 1040 52 40 of
552 1044 141 43 state,
720 1042 130 38 state
872 1040 52 39 of
948 1040 117 39 New
1090 1039 144 47 York,
1259 1039 202 47 Albany.

132 1143 144 52 New
306 1143 159 52 York
499 1143 217 66 (State)
800 1142 182 66 Laws,
1011 1147 256 61 statutes,
1294 1147 100 48 ëtc.

204 1218 1922 69 Clevenger’s practice manual of New York … as amended to
133 1296 1969 147 end of legislative session of 1936 … 14th ed. Edited and annotated by Joseph R. Clevenger … New York, Baker,
134 1377 1969 129 Voorhis
259 1456 45 50 &
342 1471 107 47 co.;
493 1453 137 53 New
671 1452 161 53 York
873 1452 111 52 and
1023 1451 249 69 Albany,
1310 1453 278 52 Matthew
1631 1453 224 53 Bender
1894 1457 46 50 &
134 1472 1968 126 company,
328 1530 418 67 incorporated,
776 1532 148 52 1936.

230 1602 276 43 1 v. 25½c m .
204 1661 210 39 Various
441 1659 213 48 pagings.

136 1712 54 54 ©
218 1717 127 40 June
372 1716 69 47 22,
473 1714 115 42 1936
603 1726 9 37 ;
643 1715 68 40 2c.
742 1716 127 39 June
896 1714 82 47 24;
1011 1714 82 41 aff.
1122 1715 125 39 June
1278 1714 83 47 23;
1393 1716 41 38 A
1464 1714 143 42 95802
1625 1726 9 36 ;
1669 1716 238 40 Matthew
1937 1717 191 40 Bender

206 1773 36 40 &
269 1784 80 36 co.,
378 1773 106 46 inc.,
512 1772 96 40 and
635 1772 175 49 Baker,
838 1771 206 40 Voorhis
1073 1771 36 39 &
1136 1782 67 29 co.

135 1874 228 64 Orwell,
392 1874 244 64 George.

202 1948 161 64 Keep
393 1949 95 53 the
520 1948 311 64 aspidistra
865 1948 199 64 flying,
1096 1948 76 64 by
1205 1947 223 65 George
1462 1947 232 56 Orwell.
1763 1949 260 63 London,
2059 1950 66 54 V.

133 2025 290 70 Gollancz,
454 2028 124 68 ltd.,
609 2029 151 52 1936.

205 2100 86 41 318
320 2111 43 38 p.
424 2100 56 41 19
483 2102 43 21 cm
530 2131 8 9 .

138 2155 1990 53 © 1c. June 6, 1936; A ad int. 21498; pubd. Apr. 20; Eric Arthur Blair,
210 2215 310 49 Wallington,
554 2225 70 30 nr.
659 2214 229 48 Baldock,
921 2214 163 49 Herts,
1120 2214 235 49 England.
1427 2213 280 51 (36-12696)

136 2311 170 65 Peck,
330 2311 287 65 Reginald
643 2312 68 53 E.

209 2385 1917 70 Early land holders of Watch Hill … by Reginald E. Peck.
143 2464 316 70 [Westerly,
491 2464 67 55 R.
593 2464 66 68 L,
690 2464 120 52 The
843 2464 173 53 Utter
1049 2480 297 52 company,
1378 2463 266 68 printers,
1676 2469 19 22 c
1699 2465 132 51 1936]

208 2534 68 49 27,
313 2533 55 51 [5]
403 2545 42 38 p.
504 2534 164 48 front.,
700 2534 128 41 illus.
857 2534 50 48 (2
938 2533 163 49 maps)
1172 2533 54 41 23½
1259 2537 44 22 cm
1308 2567 9 10 .

209 2591 144 40 “This
389 2600 149 40 paper
573 2600 102 30 was
710 2590 106 40 first
850 2592 115 39 read
998 2594 53 37 at
1088 2602 25 29 a
1151 2592 212 48 meeting
1395 2591 53 41 of
1483 2593 80 39 the
1600 2593 239 48 Westerly
1874 2593 253 40 historical

138 2648 182 47 society
351 2658 60 29 on
442 2648 114 47 May
588 2647 68 47 21,
691 2646 157 42 1936.“

210 2702 235 42 “Errata”
475 2704 95 48 slip
597 2703 230 40 mounted
856 2713 61 31 on
943 2714 43 37 p.
1017 2703 70 42 27.

140 2759 53 53 ©
228 2763 129 40 June
389 2762 69 49 10,
495 2761 116 42 1936
625 2774 10 35 ;
674 2762 67 40 2c.
778 2763 95 39 and
910 2762 82 40 aff.
1029 2762 125 40 June
1191 2762 82 47 11;
1310 2763 42 39 A
1388 2762 169 48 95661;
1597 2763 55 41 R.
1690 2764 53 40 E.
1778 2763 140 47 Peck,
1955 2764 176 40 Watch

213 2820 116 48 Hill,
359 2820 55 40 R.
444 2820 37 40 I.
548 2818 280 49 (36-12638)

138 2908 241 64 Philips,
406 2908 326 54 Marianne.

206 2982 56 53 A
310 2983 171 53 house
533 2983 60 52 in
641 2983 244 67 Vienna,
936 2983 75 68 by
1062 2982 304 54 Marianne
1417 2982 245 69 Philips.
1751 2983 260 69 London,
2063 2984 65 53 L.

138 3058 248 55 Dickson
419 3062 112 52 and
563 3060 348 69 Thompson,
942 3060 102 54 ltd.
1103 3062 152 66 [1936]

210 3133 647 49 2 p. l. , 295 p., 1 l. 19 cm .
210 3190 317 40 “Translated
555 3190 60 47 by
639 3190 140 40 Irene
808 3189 242 49 Clephane
1076 3184 96 45 and
1198 3189 160 40 David
1387 3188 232 42 Hallett.”

142 3243 1990 54 © 1c. May 26, 1936; A ad int. 21504; pubd. Mar. 30; Harcourt, Brace
210 3305 36 40 &
278 3316 80 36 co.,
391 3305 106 47 inc.,
530 3305 116 39 New
678 3304 145 43 York.
896 3303 279 48 (36-12701)

140 3393 262 65 Phillips,
427 3396 138 51 Mrs.
596 3393 320 54 Catherine
945 3393 241 65 (Coffin)

210 3472 178 53 Jessie
437 3472 223 50 Benton
708 3471 289 65 Fremont,
1044 3492 30 33 a
1121 3488 219 34 woman
1388 3471 125 53 who
1561 3471 163 52 made
1772 3471 239 67 history,
2058 3470 74 67 by

143 3547 1988 69 Catherine Coffin Phillips … San Francisco, Printed by J. H.
141 3626 174 65 Nash,
340 3629 149 50 1935.

213 3698 79 46 vii,
320 3698 84 39 361
432 3708 41 37 p.
502 3698 108 39 incl.
639 3697 143 48 illus.,
810 3697 215 41 facsims.
1083 3698 148 41 front,
1260 3697 172 50 (port.)
1496 3697 59 40 26½
1585 3699 43 22 cm
1634 3728 9 9 .

146 3749 52 53 ©
233 3755 111 40 Dec.
379 3754 67 47 18,
483 3752 139 47 1935;
659 3753 68 41 2c.
762 3754 96 40 and
892 3753 81 40 aff.
1010 3753 124 41 June
1169 3753 69 50 22,
1273 3753 139 48 1936;
1451 3755 40 38 A
1526 3752 170 48 96099;
1736 3753 49 41 C.
1823 3753 50 41 C.
1913 3753 221 49 Phillips,

214 3810 91 40 Los
334 3811 219 46 Angeles.

144 3896 314 65 Plummer,
486 3898 63 52 T.
578 3897 251 54 Arthur.

212 3972 123 52 The
356 3971 172 53 dumb
550 3970 243 70 witness,
814 3972 75 69 by
912 3972 66 53 T.
1001 3971 225 53 Arthur
1247 3971 308 53 Plummer.
1613 3971 260 68 London,
1898 3970 57 56 S.
1983 3970 149 53 Paul

147 4047 41 49 &
215 4067 97 48 co.,
338 4049 102 53 ltd.
497 4052 133 50 [1936]
