2519 4377
1332 4163 101 50 964

448 459 247 55 Cartilla
729 479 142 49 para
904 478 236 37 ensenar
1174 479 31 34 a
1238 461 129 53 leer.
1439 461 189 54 Pedro
1661 462 267 69 Ocharte,
1961 462 243 70 Mexico,
2238 468 151 50 1569.

382 538 129 68 [Los
547 537 269 70 Angeles,
852 538 123 54 The
1009 538 168 54 Press
1214 537 63 55 of
1312 538 183 55 Ward
1530 539 248 68 Ritchie,
1814 541 155 67 1935]

448 610 1459 54 cover-title, 3 p. l., facsim. ([16] p.), 1 l. illus. 20p m .
451 669 225 49 Spanish,
706 669 158 49 Latin,
893 670 97 40 and
1018 680 28 30 a
1075 668 226 43 Mexican
1330 669 178 42 Indian
1534 670 194 43 dialect.

450 726 1939 52 “One hundred and twenty-five copies … have been reproduced with
379 785 81 41 the
491 784 119 40 kind
641 784 292 49 permission
964 784 51 41 of
1047 785 83 40 the
1162 784 311 50 Huntington
1503 786 189 48 library
1722 785 80 42 for
1832 786 193 49 private
2059 787 331 50 distribution,

378 841 50 42 of
461 841 159 40 which
654 841 57 40 50
743 851 85 32 are
860 842 80 40 for
973 843 238 40 members
1244 842 51 41 of
1329 843 81 40 the
1443 843 294 49 Roxburghe
1772 844 109 40 club
1917 845 96 39 and
2048 844 55 41 60
2137 845 79 40 for
377 857 1993 84 members
515 899 52 41 of
594 900 84 40 the
708 900 273 40 Zamorano
1009 898 152 43 club.”

450 956 260 43 Facsimile
737 957 90 41 has
856 957 110 42 title
984 968 9 30 :
1026 955 209 43 Cartilla
1261 968 122 39 para
1412 968 209 31 ensenar
1648 969 30 31 a
1706 959 113 49 leer,
1849 961 325 41 nueuamente
2202 972 189 32 enmen-

377 1015 144 48 dada,
563 1027 29 36 y
633 1015 232 49 quitadas
906 1016 142 40 todas
1088 1015 74 41 las
1203 1015 346 42 abreuiaturas
1590 1027 91 38 que
1722 1018 140 40 antes
1903 1017 149 41 tenia.
2124 1017 268 50 Colophon:

379 1071 187 43 Mexico
591 1084 59 30 en
677 1083 115 30 casa
819 1073 57 42 de
904 1072 158 42 Pedro
1087 1071 226 50 Ocharte,
1342 1072 117 43 1569
1482 1083 133 32 anos.

449 1130 349 48 Introductory
824 1130 231 42 material
1082 1131 61 48 by
1170 1130 61 42 H.
1259 1131 56 40 R.
1345 1132 223 49 Wagner.

380 1184 53 54 ©
467 1189 118 41 Nov.
619 1188 42 48 4,
696 1188 114 40 1935
829 1198 9 36 ;
874 1188 67 40 2c.
977 1188 98 39 and
1109 1188 82 41 aff.
1227 1188 118 40 Nov.
1381 1188 82 48 18;
1501 1190 42 38 A
1578 1188 171 48 91078;
1788 1190 169 46 Henry
1994 1191 51 39 E.
2083 1189 309 49 Huntington

455 1245 182 46 library
669 1245 95 39 and
790 1247 80 39 art
899 1245 199 48 gallery,
1134 1246 96 40 San
1260 1244 207 49 Marino,
1498 1244 146 43 Calif.
1710 1244 283 51 [Copyright
2023 1246 43 39 is
2096 1246 205 40 claimed
2333 1256 60 31 on

448 1302 348 48 introduction,
823 1302 61 47 by
910 1303 169 46 Henry
1105 1303 142 47 Raup
1272 1303 227 48 Wagner]
1566 1301 281 49 (36-16473)

379 1408 239 63 Cattan,
647 1405 239 56 Lucien.

511 1497 1458 68 … Essai sur Walter Pater. Paris, Picart, 1936.
451 1568 662 50 2 p. l. , 212 p., 2 l. 19 cm .
454 1627 305 48 “Appendice
793 1627 375 47 chronologique
1201 1629 47 37 et
1285 1626 447 49 bibliographique”
1753 1637 9 28 :
1799 1638 42 37 p.
1880 1626 250 51 [207]-212.

380 1683 1872 53 © Apr. 4, 1936 ; 1c. May 14 ; A- Foreign 31786 ; L. Cattan, Paris.
461 1743 283 48 (36-16392)

378 1848 438 66 Chamberlain,
846 1847 190 64 Allen,
1067 1848 173 56 1867-

379 1938 2012 149 The annals of the Grand Monadnock, by Allen Chamberlain … Concord, N. H., Society for the protection of New
379 2096 356 71 Hampshire
766 2097 225 68 forests,
1022 2102 150 50 1936.

454 2171 27 40 6
508 2182 42 37 p.
611 2202 9 17 l.,
648 2169 86 41 195
761 2181 44 38 p.
865 2172 158 47 plates
1053 2170 48 49 (1
1127 2170 145 48 fold.)
1308 2171 164 48 ports.,
1500 2170 117 41 fold.
1647 2180 153 39 maps.
1859 2170 148 40 22½cm.

382 2226 52 54 ©
478 2231 127 41 June
647 2229 71 42 12,
763 2228 142 49 1936;
950 2229 67 42 2c.
1063 2229 95 40 and
1204 2228 81 42 aff.
1331 2230 127 39 June
1501 2228 83 49 22;
1630 2229 42 40 A
1714 2228 172 48 96106;
1932 2229 56 40 A.
2033 2228 359 49 Chamberlain,

451 2287 180 48 Pigeon
663 2288 140 47 Cove,
834 2288 148 39 Mass.
1052 2286 282 48 (36-16533)

380 2392 364 65 Chancellor,
772 2389 194 67 Philip
996 2391 418 64 Matthiessen,
1446 2391 172 55 1907-

450 2470 121 52 The
592 2468 309 55 emotional
924 2468 106 55 life
1054 2468 63 54 of
1139 2468 95 53 the
1258 2467 329 69 headsman,
1608 2467 76 69 by
1706 2466 202 70 Philip
1931 2468 81 52 M.
2037 2467 354 55 Chancellor.

403 2549 112 53 [Los
541 2547 269 69 Angeles,
837 2545 243 55 Printed
1107 2547 76 69 by
1208 2547 89 54 W.
1326 2545 247 69 Ritchie,
1602 2550 154 63 1935]

449 2619 798 52 2 p. l. , 13 pl., 1 l. 33 × 25½ cm .
451 2679 172 42 Issued
652 2679 52 39 in
733 2689 124 32 case.

454 2736 132 41 Each
617 2737 133 48 plate
783 2735 344 50 accompanied
1161 2736 61 48 by
1254 2735 101 42 leaf
1387 2735 119 41 with
1540 2734 295 50 descriptive
1865 2735 300 49 letterpress.

453 2794 129 42 “The
610 2794 113 40 first
749 2793 198 49 edition,
978 2792 270 51 consisting
1277 2793 51 42 of
1356 2792 211 50 original
1593 2793 346 49 photographs,
1968 2792 44 41 is
2041 2792 187 42 limited
2258 2794 53 40 to
2336 2792 56 41 27

381 2851 169 51 signed
589 2852 99 39 and
724 2852 265 40 numbered
1026 2852 160 49 copies
1226 2851 52 40 of
1314 2851 159 40 which
1511 2850 56 41 25
1606 2861 84 30 are
1726 2850 82 42 for
1843 2849 193 52 private
2075 2849 317 43 distribution

381 2910 38 40 &
451 2910 27 39 2
510 2910 80 41 for
624 2910 257 49 copyright
914 2909 278 49 purposes.”
1256 2909 119 41 This
1409 2910 42 40 is
1486 2919 28 30 a
1549 2908 257 50 copyright
1838 2919 120 39 copy
1994 2910 97 39 and
2127 2909 41 40 is
2201 2908 192 42 neither

379 2967 169 49 signed
576 2979 89 29 nor
693 2968 279 42 numbered.

455 3024 228 42 “Henker
723 3024 365 42 characterized
1129 3024 61 49 by
1232 3024 181 41 Robert
1452 3021 462 44 Carleton.”—Leaf
1952 3024 56 40 at
2045 3024 106 41 end.

383 3078 52 53 ©
468 3082 101 41 Oct.
603 3083 39 46 5,
676 3082 141 47 1935;
850 3082 67 40 2c.
950 3082 97 39 and
1081 3081 82 42 aff.
1197 3083 113 45 May
1345 3082 68 47 12,
1448 3081 140 47 1936;
1624 3082 40 39 A
1697 3080 171 48 94401;
1905 3082 50 39 P.
1994 3082 62 39 M.
2091 3080 301 47 Chancellor,

453 3138 303 48 Hollywood,
787 3138 146 42 Calif.
997 3137 283 50 (36-16349)

382 3243 251 54 Chester
662 3246 221 61 county
910 3246 96 49 art
1035 3242 377 55 association.

458 3319 320 67 Yesterday
815 3319 60 52 in
911 3318 236 55 Chester
1180 3321 210 65 county
1426 3323 108 62 art,
1566 3316 312 69 sponsored
1913 3316 76 68 by
2026 3316 94 52 the
2157 3315 236 55 Chester

383 3400 210 63 county
630 3402 91 46 art
756 3395 338 54 association
1130 3395 113 53 and
1278 3396 95 53 the
1411 3394 206 54 School
1649 3394 180 53 board
1864 3393 64 53 of
1960 3394 158 54 West
2155 3392 234 55 Chester

444 3472 1429 69 … [West Chester, Pa.] The Art centre, 1936.
457 3545 84 50 [62]
573 3556 42 38 p.
646 3545 110 41 incl.
784 3545 165 49 front.,
980 3546 142 47 illus.,
1154 3547 149 46 ports.
1364 3546 56 38 24½
1453 3548 15 21 cm
1503 3577 8 8 .

455 3601 1933 49 “First impression, limited to 500 copies … Printed for the Centaur
383 3659 2004 48 press … Philadelphia, Pa., by Horace F. Temple, inc., West Chester,
385 3714 111 42 Pa.”

723 3772 285 41 CONTENTS.—Address
1038 3775 49 39 to
1116 3773 76 40 his
1222 3773 237 47 students,
1490 3774 61 46 by
1581 3772 261 48 Benjamin
1871 3772 314 40 West.—The
2214 3771 172 49 golden

383 3838 88 37 age
508 3828 52 40 of
597 3829 203 41 Chester
839 3831 178 45 county
1055 3829 91 48 art,
1186 3830 61 46 by
1286 3829 251 41 Christian
1576 3829 547 47 Brinton.—Benjamin
2164 3829 135 40 West
2338 3828 49 38 in

383 3885 76 39 his
498 3885 255 40 historical
794 3885 323 48 significance,
1157 3886 61 47 by
1259 3886 146 39 Fiske
1442 3885 460 48 Kimball.—Philip
1939 3885 219 47 Derrick,
2201 3885 187 49 printer

383 3943 96 39 and
519 3942 161 47 artist,
722 3943 59 46 by
824 3943 50 39 P.
916 3943 50 40 F.
1010 3943 415 47 Cope.—Thomas
1467 3943 268 39 Buchanan
1777 3942 148 48 Read,
1968 3943 82 39 the
2091 3942 202 47 odyssey
2336 3940 51 40 of

383 4009 62 28 an
475 3999 160 46 artist,
666 3999 61 46 by
757 3999 60 39 H.
850 3999 45 41 S.
925 3998 424 41 Borneman.—On
1384 4000 81 38 the
1493 4001 79 38 art
1600 3998 52 40 of
1683 3999 235 48 painting,
1948 3999 61 46 by
2039 3998 195 46 Bayard
386 3999 1982 103 Taylor.—Bayard
785 4053 220 49 Taylor’s
1056 4054 194 42 artistic
1300 4055 116 47 side,
1468 4056 61 46 by
1579 4055 137 41 Anne
1765 4056 54 40 B.
1870 4056 50 39 L.
1973 4055 413 40 Polk.—William
