2597 4361
1114 4045 65 48 35

195 489 65 47 ix,
293 489 55 40 91
381 499 42 37 p.
483 487 149 41 front,
661 487 170 50 (port.)
876 488 142 46 illus.,
1054 496 150 38 maps,
1240 486 180 48 diagrs.
1482 486 116 40 25cm.
1673 485 299 50 (Half-title:
130 487 1982 100 Harvard
274 546 98 49 city
402 545 235 48 planning
662 546 200 39 studies,
986 545 13 47 IX)

197 601 1935 48 Preface signed: Theodora Kimball Hubbard … Henry Vincent
127 659 251 45 Hubbard.

127 715 54 53 ©
218 720 112 39 Dec.
367 719 70 47 27,
476 717 140 48 1935;
656 718 66 40 2c.
763 720 94 37 and
897 717 54 40 aff.
1021 718 109 40 Jan.
1170 717 39 49 2,
1250 717 140 48 1936;
1431 720 41 38 A
1511 718 144 40 96142;
1725 720 168 47 Henry
1930 719 205 42 Vincent

199 777 249 46 Hubbard,
492 775 265 46 chairman,
804 776 231 39 Harvard
1081 775 128 40 univ.
1256 777 164 38 school
1466 776 52 39 of
1562 776 100 48 city
1706 776 247 49 planning,
198 778 1919 103 Cambridge,
411 834 147 39 Mass.
628 832 253 48 (36-1420)

130 936 263 65 Mander,
425 937 168 54 Carel
622 953 133 47 van,
789 941 326 51 1548-1606.

195 1014 167 52 Hans
403 1013 272 67 Holbein,
717 1032 30 33 a
788 1013 344 69 biography,
1174 1012 77 69 by
1295 1012 167 55 Carel
1507 1031 112 34 van
1660 1014 274 67 Mander;
1982 1013 152 54 from

131 1093 95 52 the
255 1091 441 56 Schilderboeck;
754 1092 318 52 translated
1101 1093 75 67 by
1209 1091 284 54 Constant
1521 1111 112 34 van
1664 1093 71 52 de
1758 1093 172 54 Wall.
1999 1094 139 53 New

133 1172 180 67 York,
343 1171 158 55 Priv.
535 1172 196 68 print.,
763 1176 150 50 1935.

197 1247 70 42 24,
300 1245 55 50 [2]
386 1256 43 37 p.
485 1245 150 40 front,
665 1244 171 50 (port.)
901 1245 118 40 21cm.

203 1303 145 40 “This
381 1302 282 48 biography,
698 1302 51 40 of
780 1303 140 39 Hans
954 1302 223 47 Holbein,
1210 1302 41 40 is
1284 1312 89 31 one
1406 1302 55 41 of
1491 1313 147 38 many
1669 1301 199 41 written
1901 1303 59 49 by
1996 1304 145 41 Carel

132 1359 2006 50 van Mander for his ‘Schilderboeck’ … which was published, in Dutch,
132 1415 2005 51 in 1604 … This edition … has been limited to two hundred copies, and
135 1482 99 31 was
268 1472 194 49 printed
493 1473 60 47 by
589 1473 83 41 the
704 1472 189 41 Morrill
925 1483 150 38 press,
1110 1473 118 40 New
1260 1473 144 48 York,
1439 1473 277 48 December,
1749 1473 158 40 1935.”

131 1528 53 52 ©
217 1533 112 39 Dec.
363 1532 68 47 10,
466 1530 117 41 1935;
641 1531 67 40 2c.
744 1532 110 39 Dec.
888 1531 83 42 23;
1009 1531 81 40 aff.
1127 1532 110 39 Jan.
1272 1532 69 48 13,
1374 1531 142 48 1936;
1552 1532 45 40 A
1626 1530 172 43 91325;
1834 1532 304 41 McFarlane,

202 1590 177 40 Warde
408 1589 38 40 &
474 1589 304 47 McFarlane,
807 1587 106 49 inc.,
945 1589 122 55 New,
1093 1589 144 39 York.
1307 1588 251 49 (36-1523)

133 1690 334 66 Markham,
496 1690 227 65 Edwin,
754 1696 172 50 1852-
1139 1709 179 49 comp.

205 1767 209 68 Poetry
447 1767 64 54 of
541 1767 205 69 youth;
782 1767 236 54 selected
1051 1766 154 54 from
1236 1767 122 53 The
1390 1766 144 53 book
1566 1766 64 53 of
1664 1772 200 62 poetry
1898 1765 112 55 and

137 1785 2004 128 annotated by Edwin Markham … New York, W. H. Wise &
132 1940 295 51 company,
457 1925 151 51 1935.

209 2005 76 36 XV,
317 1993 86 41 493
436 2005 41 36 p.
511 1993 110 41 incl.
655 1994 148 40 front,
831 1993 173 50 (port.)
1046 1995 142 47 illus.,
1224 1994 172 49 plates.
1456 1995 117 39 22cm.

206 2051 287 40 Illustrated
528 2051 362 48 lining-papers.

134 2107 2005 52 © Nov. 15, 1935; 2c. and aff. Jan. 20, 1936; A 91331; Wm. H. Wise & co.,
196 2167 89 41 inc.
341 2168 280 49 [Copyright
644 2168 45 40 is
710 2168 203 40 claimed
938 2178 59 28 on
1022 2169 112 40 title
1155 2169 93 39 and
1274 2178 106 30 new
1404 2171 194 45 matter]
1663 2168 250 47 (36-1717)

138 2270 240 66 Martin,
406 2274 137 51 Mrs.
574 2272 186 53 Helen
796 2269 530 68 (Reimensnyder)
1365 2277 170 50 1868-

209 2349 119 52 The
357 2349 173 53 house
558 2367 72 35 on
657 2349 97 53 the
778 2347 222 68 marsh;
1033 2367 31 34 a
1092 2349 166 52 novel
1285 2349 76 68 by
1390 2348 185 53 Helen
1602 2350 69 51 R.
1700 2349 236 52 Martin.
2002 2348 134 53 New

142 2425 176 66 York,
346 2426 191 67 Dodd,
564 2426 171 52 Mead
761 2428 47 50 &
833 2444 299 50 company,
1159 2429 151 50 1936.

205 2499 857 49 3 p. l., 238 p. illus. (plan) 19½cm.
138 2553 52 53 ©
229 2558 109 39 Jan.
376 2557 70 40 20.
485 2556 116 40 1936;
665 2556 64 40 2c.
768 2557 96 39 and
903 2557 82 40 aff.
1026 2558 110 39 Jan.
1174 2556 83 48 22;
1300 2556 82 41 aff.
1422 2557 110 41 Jan.
1570 2556 83 47 23;
1696 2557 41 38 A
1775 2554 171 48 90443;
1988 2556 153 48 Dodd,

209 2616 143 38 Mead
379 2614 35 40 &
442 2624 81 38 co.,
552 2614 91 40 inc.
710 2613 250 48 (36-1121)

140 2717 386 66 Masterman,
554 2717 155 53 John
737 2717 170 65 Cecil,
939 2722 171 49 1891-

210 2790 1931 71 Fate cannot harm me, by J. C. Masterman … London,
199 2913 11 10 V.
239 2870 269 54 Gollancz
535 2870 121 68 ltd.,
684 2872 148 51 1935.

211 2941 85 40 285
329 2952 43 37 p.
431 2941 116 40 19cm.

140 2997 2003 53 © 1c. Jan. 2, 1936; A ad int. 20982; pubd. Nov. 4, 1935; J. C. Masterman,
211 3058 200 43 Oxford,
444 3059 236 46 England.
750 3057 251 48 (36-1306)

142 3147 241 64 Merrill,
411 3148 71 53 A.
508 3148 247 62 Marion,
784 3149 82 51 ed.

214 3224 456 68 Contemporary
703 3241 172 35 verse.
951 3224 139 51 New
1126 3224 103 68 ed.,
1260 3223 190 54 edited
1486 3224 140 53 with
1661 3242 30 33 a
1729 3224 272 67 prologue
2035 3224 108 52 and

143 3301 1941 68 notes, by A. Marion Merrill … and Grace E. W. Sprague …
147 3380 231 65 Boston,
409 3380 196 65 Little,
635 3381 231 65 Brown,
896 3381 112 51 and
1039 3397 298 50 company,
1371 3383 151 49 1936.

318 3451 1740 51 xxx p., 1 l., 326 p. incl. illus. (incl. ports.) plates, front. 19½cm.
219 3510 224 39 Includes
471 3510 127 40 brief
627 3508 330 49 biographical
981 3510 223 40 sketches
1231 3509 51 40 of
1309 3510 83 40 the
1420 3511 151 45 poets.

146 3561 53 52 ©
239 3567 109 39 Jan.
389 3568 67 38 16.
498 3566 139 46 1936;
680 3567 66 39 2c.
787 3567 95 39 and
923 3566 80 39 aff.
1045 3567 110 38 Jan.
1196 3566 82 41 21;
1321 3567 40 38 A
1400 3566 171 41 90395:
1615 3566 162 47 Little,
1818 3567 190 43 Brown,
2051 3565 96 39 and

215 3633 247 38 company.
534 3622 250 49 (36-1124)

148 3710 296 66 Mesnard,
473 3711 219 55 André.

219 3787 1926 69 A review of French grammar, by André Mesnard … New
153 3864 161 53 York
341 3867 112 52 and
481 3866 255 67 London,
763 3866 233 67 Harper
1022 3870 46 50 &
1093 3866 278 66 brothers,
1402 3870 150 49 1936.

224 3938 642 49 xii p., 1 l., 434 p. 19cm.
