<alto xmlns="http://www.loc.gov/standards/alto/ns-v3#" xmlns:xlink="http://www.w3.org/1999/xlink" xmlns:xsi="http://www.w3.org/2001/XMLSchema-instance" xsi:schemaLocation="http://www.loc.gov/standards/alto/ns-v3# http://www.loc.gov/alto/v3/alto-3-0.xsd"><Description>
<MeasurementUnit>pixel</MeasurementUnit>
<sourceImageInformation>
<fileName>1936_v33_Part1.pdf</fileName>
</sourceImageInformation>
<OCRProcessing ID="IdOcr">
<ocrProcessingStep>
<processingDateTime>2019-01-18</processingDateTime>
<processingSoftware>
<softwareCreator>ABBYY</softwareCreator>
<softwareName>ABBYY Recognition Server</softwareName>
<softwareVersion>4.0</softwareVersion>
</processingSoftware>
</ocrProcessingStep>
</OCRProcessing>
</Description>
<Styles>
<ParagraphStyle ID="StyleId-FFFFFFFF-FFFF-FFFF-FFFF-FFFFFFFFFFFF-" ALIGN="Left" LEFT="0." RIGHT="0." FIRSTLINE="0."/>
<ParagraphStyle ID="StyleId-51D50FAC-7A90-4D70-8A96-5EA9D46D1C8B-" ALIGN="Left" LEFT="0." RIGHT="0." FIRSTLINE="0." LINESPACE="7.699999809"/>
<ParagraphStyle ID="StyleId-6BC133E9-7DCB-43C3-8842-A67984A26405-" ALIGN="Block" LEFT="0." RIGHT="0." FIRSTLINE="-17." LINESPACE="8.340000153"/>
<ParagraphStyle ID="StyleId-3C3FF860-43E7-46A2-8934-48F305F6F0D6-" ALIGN="Left" LEFT="0." RIGHT="0." FIRSTLINE="-13." LINESPACE="11.06999969"/>
<ParagraphStyle ID="StyleId-19220C76-4F8A-4737-B38C-B5F5C17E6040-" ALIGN="Block" LEFT="0." RIGHT="0." FIRSTLINE="-13." LINESPACE="11.06999969"/>
<ParagraphStyle ID="StyleId-75A0D721-13ED-4F20-9002-B389EC48477D-" ALIGN="Left" LEFT="0." RIGHT="0." FIRSTLINE="0." LINESPACE="15.5"/>
<ParagraphStyle ID="StyleId-8A414184-C7A5-4AC7-9B88-7DA4DDE75922-" ALIGN="Left" LEFT="0." RIGHT="0." FIRSTLINE="0." LINESPACE="9.399999619"/>
<ParagraphStyle ID="StyleId-1A87970B-111C-4169-99A6-9412976F3C97-" ALIGN="Left" LEFT="0." RIGHT="0." FIRSTLINE="0." LINESPACE="10.5"/>
<ParagraphStyle ID="StyleId-72DB0571-5AE4-41FD-9E11-68C6AC4C437E-" ALIGN="Block" LEFT="0." RIGHT="0." FIRSTLINE="-17." LINESPACE="8.340000153"/>
<ParagraphStyle ID="StyleId-1AA43056-C388-4697-B10F-72FDAA38FAE1-" ALIGN="Center" LEFT="0." RIGHT="0." FIRSTLINE="0." LINESPACE="10.5"/>
</Styles>
<Layout>
<Page ID="Page720" PHYSICAL_IMG_NR="720" HEIGHT="4377" WIDTH="2519">
<TopMargin HEIGHT="436" WIDTH="2519" VPOS="0" HPOS="0">
</TopMargin>
<LeftMargin HEIGHT="3674" WIDTH="350" VPOS="436" HPOS="0">
</LeftMargin>
<RightMargin HEIGHT="3674" WIDTH="127" VPOS="436" HPOS="2392">
</RightMargin>
<BottomMargin HEIGHT="267" WIDTH="2519" VPOS="4110" HPOS="0">
<TextBlock ID="Page720_Block1" HEIGHT="195" WIDTH="366" VPOS="4110" HPOS="1226" LANG="en-US" STYLEREFS="StyleId-3C7D552D-F8A6-4EEC-84F1-B992A8D2F30D-">
<TextLine HEIGHT="54" WIDTH="100" VPOS="4124" HPOS="1315">
<String CONTENT="720" HEIGHT="54" WIDTH="100" VPOS="4124" HPOS="1315"/>
</TextLine>
</TextBlock>
</BottomMargin>
<PrintSpace HEIGHT="3674" WIDTH="2042" VPOS="436" HPOS="350">
<TextBlock ID="Page720_Block2" HEIGHT="3674" WIDTH="2042" VPOS="436" HPOS="350" LANG="en-US" CS="1" STYLEREFS="StyleId-CC53B1EF-E4B9-4396-8D54-AB957A8299D7-">
<TextLine HEIGHT="50" WIDTH="1272" VPOS="516" HPOS="438">
<String CONTENT="References" HEIGHT="43" WIDTH="291" VPOS="516" HPOS="438"/>
<SP HEIGHT="40" WIDTH="23" VPOS="518" HPOS="730"/>
<String CONTENT="for" HEIGHT="40" WIDTH="79" VPOS="518" HPOS="754"/>
<SP HEIGHT="29" WIDTH="23" VPOS="529" HPOS="834"/>
<String CONTENT="statistical" HEIGHT="41" WIDTH="266" VPOS="518" HPOS="858"/>
<SP HEIGHT="41" WIDTH="25" VPOS="518" HPOS="1125"/>
<String CONTENT="symbolism" HEIGHT="47" WIDTH="280" VPOS="518" HPOS="1151"/>
<SP HEIGHT="31" WIDTH="17" VPOS="528" HPOS="1432"/>
<String CONTENT=":" HEIGHT="31" WIDTH="9" VPOS="528" HPOS="1450"/>
<SP HEIGHT="39" WIDTH="23" VPOS="527" HPOS="1460"/>
<String CONTENT="p." HEIGHT="39" WIDTH="43" VPOS="527" HPOS="1484"/>
<SP HEIGHT="40" WIDTH="23" VPOS="519" HPOS="1528"/>
<String CONTENT="26-27." HEIGHT="41" WIDTH="158" VPOS="518" HPOS="1552"/>
</TextLine>
<TextLine HEIGHT="54" WIDTH="2013" VPOS="588" HPOS="367">
<String CONTENT="&#169;" HEIGHT="54" WIDTH="53" VPOS="588" HPOS="367"/>
<SP HEIGHT="54" WIDTH="26" VPOS="588" HPOS="421"/>
<String CONTENT="Apr." HEIGHT="48" WIDTH="114" VPOS="592" HPOS="448"/>
<SP HEIGHT="39" WIDTH="27" VPOS="592" HPOS="563"/>
<String CONTENT="6," HEIGHT="47" WIDTH="39" VPOS="592" HPOS="591"/>
<SP HEIGHT="47" WIDTH="28" VPOS="592" HPOS="631"/>
<String CONTENT="1936" HEIGHT="42" WIDTH="118" VPOS="590" HPOS="660"/>
<SP HEIGHT="46" WIDTH="13" VPOS="591" HPOS="779"/>
<String CONTENT=";" HEIGHT="35" WIDTH="8" VPOS="602" HPOS="793"/>
<SP HEIGHT="46" WIDTH="30" VPOS="591" HPOS="802"/>
<String CONTENT="2c." HEIGHT="40" WIDTH="68" VPOS="591" HPOS="833"/>
<SP HEIGHT="39" WIDTH="30" VPOS="592" HPOS="902"/>
<String CONTENT="May" HEIGHT="47" WIDTH="113" VPOS="592" HPOS="933"/>
<SP HEIGHT="47" WIDTH="27" VPOS="592" HPOS="1047"/>
<String CONTENT="25" HEIGHT="39" WIDTH="56" VPOS="592" HPOS="1075"/>
<SP HEIGHT="46" WIDTH="17" VPOS="592" HPOS="1132"/>
<String CONTENT=";" HEIGHT="36" WIDTH="8" VPOS="602" HPOS="1150"/>
<SP HEIGHT="36" WIDTH="31" VPOS="602" HPOS="1159"/>
<String CONTENT="aff." HEIGHT="40" WIDTH="82" VPOS="591" HPOS="1191"/>
<SP HEIGHT="38" WIDTH="30" VPOS="592" HPOS="1274"/>
<String CONTENT="May" HEIGHT="48" WIDTH="113" VPOS="592" HPOS="1305"/>
<SP HEIGHT="49" WIDTH="27" VPOS="591" HPOS="1419"/>
<String CONTENT="27" HEIGHT="41" WIDTH="55" VPOS="591" HPOS="1447"/>
<SP HEIGHT="45" WIDTH="17" VPOS="593" HPOS="1503"/>
<String CONTENT=";" HEIGHT="35" WIDTH="8" VPOS="603" HPOS="1521"/>
<SP HEIGHT="46" WIDTH="30" VPOS="592" HPOS="1530"/>
<!-- cceid 9E8C5E93-6E3A-1014-83DD-942C093A1DD9 --><String CONTENT="A" HEIGHT="39" WIDTH="42" VPOS="592" HPOS="1561"/>
<SP HEIGHT="41" WIDTH="25" VPOS="591" HPOS="1604"/>
<String CONTENT="95395" HEIGHT="41" WIDTH="147" VPOS="591" HPOS="1630"/>
<SP HEIGHT="47" WIDTH="14" VPOS="593" HPOS="1778"/>
<String CONTENT=";" HEIGHT="37" WIDTH="9" VPOS="603" HPOS="1793"/>
<SP HEIGHT="47" WIDTH="28" VPOS="593" HPOS="1803"/>
<String LANG="fi" CONTENT="H." HEIGHT="40" WIDTH="61" VPOS="593" HPOS="1832"/>
<SP HEIGHT="38" WIDTH="30" VPOS="595" HPOS="1894"/>
<String CONTENT="M." HEIGHT="38" WIDTH="63" VPOS="595" HPOS="1925"/>
<SP HEIGHT="39" WIDTH="30" VPOS="594" HPOS="1989"/>
<String CONTENT="Walker," HEIGHT="47" WIDTH="212" VPOS="593" HPOS="2020"/>
<SP HEIGHT="45" WIDTH="28" VPOS="595" HPOS="2233"/>
<String CONTENT="New" HEIGHT="39" WIDTH="118" VPOS="595" HPOS="2262"/>
</TextLine>
<TextLine HEIGHT="49" WIDTH="494" VPOS="648" HPOS="438">
<String CONTENT="York." HEIGHT="40" WIDTH="144" VPOS="649" HPOS="438"/>
<SP HEIGHT="49" WIDTH="65" VPOS="648" HPOS="583"/>
<String CONTENT="(36-11514)" HEIGHT="49" WIDTH="283" VPOS="648" HPOS="649"/>
</TextLine>
<TextLine HEIGHT="65" WIDTH="842" VPOS="751" HPOS="368" STYLEREFS="StyleId-C97EF7DD-DEB3-4620-8419-BADA91C2F001-">
<String CONTENT="Ward," HEIGHT="63" WIDTH="196" VPOS="753" HPOS="368"/>
<SP HEIGHT="63" WIDTH="30" VPOS="753" HPOS="565"/>
<String CONTENT="Christopher," HEIGHT="65" WIDTH="411" VPOS="751" HPOS="596"/>
<SP HEIGHT="57" WIDTH="30" VPOS="758" HPOS="1008"/>
<String CONTENT="1868-" HEIGHT="50" WIDTH="171" VPOS="756" HPOS="1039"/>
</TextLine>
<TextLine HEIGHT="72" WIDTH="1936" VPOS="826" HPOS="441" STYLEREFS="StyleId-7379F81B-A418-400A-AC85-DE5B781C49DA-">
<String CONTENT="Sir" HEIGHT="57" WIDTH="95" VPOS="828" HPOS="441"/>
<SP HEIGHT="55" WIDTH="35" VPOS="828" HPOS="537"/>
<String CONTENT="Galahad" HEIGHT="55" WIDTH="268" VPOS="828" HPOS="573"/>
<SP HEIGHT="52" WIDTH="36" VPOS="829" HPOS="842"/>
<String CONTENT="and" HEIGHT="53" WIDTH="112" VPOS="828" HPOS="879"/>
<SP HEIGHT="54" WIDTH="36" VPOS="828" HPOS="992"/>
<String CONTENT="other" HEIGHT="54" WIDTH="162" VPOS="828" HPOS="1029"/>
<SP HEIGHT="33" WIDTH="35" VPOS="847" HPOS="1192"/>
<String CONTENT="rimes;" HEIGHT="69" WIDTH="198" VPOS="826" HPOS="1228"/>
<SP HEIGHT="51" WIDTH="39" VPOS="845" HPOS="1427"/>
<String CONTENT="pass-keys" HEIGHT="69" WIDTH="292" VPOS="828" HPOS="1467"/>
<SP HEIGHT="49" WIDTH="38" VPOS="832" HPOS="1760"/>
<String CONTENT="to" HEIGHT="49" WIDTH="56" VPOS="832" HPOS="1799"/>
<SP HEIGHT="47" WIDTH="34" VPOS="834" HPOS="1856"/>
<String CONTENT="the" HEIGHT="54" WIDTH="96" VPOS="828" HPOS="1891"/>
<SP HEIGHT="34" WIDTH="37" VPOS="848" HPOS="1988"/>
<String CONTENT="classics," HEIGHT="68" WIDTH="242" VPOS="829" HPOS="2026"/>
<SP HEIGHT="66" WIDTH="33" VPOS="831" HPOS="2269"/>
<String CONTENT="by" HEIGHT="67" WIDTH="74" VPOS="831" HPOS="2303"/>
</TextLine>
<TextLine HEIGHT="72" WIDTH="2010" VPOS="906" HPOS="369" STYLEREFS="StyleId-7379F81B-A418-400A-AC85-DE5B781C49DA-">
<String CONTENT="Christopher" HEIGHT="68" WIDTH="380" VPOS="907" HPOS="369"/>
<SP HEIGHT="54" WIDTH="20" VPOS="907" HPOS="750"/>
<String CONTENT="Ward" HEIGHT="55" WIDTH="184" VPOS="906" HPOS="771"/>
<SP HEIGHT="68" WIDTH="16" VPOS="906" HPOS="956"/>
<String CONTENT=";" HEIGHT="50" WIDTH="11" VPOS="924" HPOS="973"/>
<SP HEIGHT="67" WIDTH="25" VPOS="907" HPOS="985"/>
<String CONTENT="illustrated" HEIGHT="54" WIDTH="325" VPOS="906" HPOS="1011"/>
<SP HEIGHT="52" WIDTH="25" VPOS="907" HPOS="1337"/>
<String CONTENT="by" HEIGHT="68" WIDTH="74" VPOS="907" HPOS="1363"/>
<SP HEIGHT="67" WIDTH="21" VPOS="908" HPOS="1438"/>
<String CONTENT="Richard" HEIGHT="54" WIDTH="256" VPOS="906" HPOS="1460"/>
<SP HEIGHT="52" WIDTH="23" VPOS="907" HPOS="1717"/>
<String CONTENT="Taylor." HEIGHT="68" WIDTH="233" VPOS="908" HPOS="1741"/>
<SP HEIGHT="53" WIDTH="58" VPOS="908" HPOS="1975"/>
<String CONTENT="New" HEIGHT="53" WIDTH="138" VPOS="908" HPOS="2034"/>
<SP HEIGHT="51" WIDTH="26" VPOS="909" HPOS="2173"/>
<String CONTENT="York," HEIGHT="69" WIDTH="179" VPOS="909" HPOS="2200"/>
</TextLine>
<TextLine HEIGHT="67" WIDTH="859" VPOS="985" HPOS="370" STYLEREFS="StyleId-7379F81B-A418-400A-AC85-DE5B781C49DA-">
<String CONTENT="Simon" HEIGHT="56" WIDTH="197" VPOS="987" HPOS="370"/>
<SP HEIGHT="33" WIDTH="34" VPOS="1006" HPOS="568"/>
<String CONTENT="and" HEIGHT="53" WIDTH="114" VPOS="986" HPOS="603"/>
<SP HEIGHT="56" WIDTH="34" VPOS="985" HPOS="718"/>
<String CONTENT="Schuster," HEIGHT="67" WIDTH="288" VPOS="985" HPOS="753"/>
<SP HEIGHT="63" WIDTH="35" VPOS="989" HPOS="1042"/>
<String CONTENT="1936." HEIGHT="50" WIDTH="151" VPOS="989" HPOS="1078"/>
</TextLine>
<TextLine HEIGHT="51" WIDTH="887" VPOS="1059" HPOS="473" CS="1">
<String CS="1" CONTENT="x," HEIGHT="16" WIDTH="9" VPOS="1093" HPOS="473"/>
<SP HEIGHT="48" WIDTH="27" VPOS="1061" HPOS="483"/>
<String CONTENT="223" HEIGHT="42" WIDTH="84" VPOS="1060" HPOS="511"/>
<SP HEIGHT="48" WIDTH="26" VPOS="1062" HPOS="596"/>
<String CONTENT="p." HEIGHT="38" WIDTH="45" VPOS="1072" HPOS="623"/>
<SP HEIGHT="40" WIDTH="27" VPOS="1061" HPOS="669"/>
<String CONTENT="incl." HEIGHT="40" WIDTH="111" VPOS="1060" HPOS="697"/>
<SP HEIGHT="41" WIDTH="25" VPOS="1059" HPOS="809"/>
<String CONTENT="front.," HEIGHT="49" WIDTH="165" VPOS="1059" HPOS="835"/>
<SP HEIGHT="48" WIDTH="27" VPOS="1060" HPOS="1001"/>
<String CONTENT="illus." HEIGHT="41" WIDTH="129" VPOS="1060" HPOS="1029"/>
<SP HEIGHT="41" WIDTH="53" VPOS="1059" HPOS="1159"/>
<String CS="1" CONTENT="22&#189;cm." HEIGHT="40" WIDTH="147" VPOS="1059" HPOS="1213"/>
</TextLine>
<TextLine HEIGHT="109" WIDTH="1997" VPOS="1129" HPOS="367" CS="1">
<String CONTENT="&#169;" HEIGHT="53" WIDTH="53" VPOS="1129" HPOS="367"/>
<SP HEIGHT="53" WIDTH="26" VPOS="1129" HPOS="421"/>
<String CONTENT="May" HEIGHT="47" WIDTH="114" VPOS="1134" HPOS="448"/>
<SP HEIGHT="48" WIDTH="26" VPOS="1133" HPOS="563"/>
<String CONTENT="21," HEIGHT="45" WIDTH="70" VPOS="1133" HPOS="590"/>
<SP HEIGHT="46" WIDTH="24" VPOS="1132" HPOS="661"/>
<String CONTENT="1936;" HEIGHT="46" WIDTH="141" VPOS="1131" HPOS="686"/>
<SP HEIGHT="45" WIDTH="30" VPOS="1132" HPOS="828"/>
<String CONTENT="2c." HEIGHT="40" WIDTH="66" VPOS="1132" HPOS="859"/>
<SP HEIGHT="38" WIDTH="29" VPOS="1133" HPOS="926"/>
<String CONTENT="May" HEIGHT="47" WIDTH="113" VPOS="1133" HPOS="956"/>
<SP HEIGHT="48" WIDTH="26" VPOS="1132" HPOS="1070"/>
<String CONTENT="28;" HEIGHT="46" WIDTH="83" VPOS="1132" HPOS="1097"/>
<SP HEIGHT="36" WIDTH="30" VPOS="1142" HPOS="1181"/>
<String CONTENT="aff." HEIGHT="41" WIDTH="82" VPOS="1131" HPOS="1212"/>
<SP HEIGHT="39" WIDTH="29" VPOS="1133" HPOS="1295"/>
<String CONTENT="May" HEIGHT="47" WIDTH="114" VPOS="1133" HPOS="1325"/>
<SP HEIGHT="48" WIDTH="27" VPOS="1132" HPOS="1440"/>
<String CONTENT="27;" HEIGHT="46" WIDTH="82" VPOS="1132" HPOS="1468"/>
<SP HEIGHT="46" WIDTH="32" VPOS="1132" HPOS="1551"/>
<!-- cceid 9E8CE6BE-6E3A-1014-83DD-942C093A1DD9 --><String CONTENT="A" HEIGHT="39" WIDTH="40" VPOS="1132" HPOS="1584"/>
<SP HEIGHT="40" WIDTH="27" VPOS="1131" HPOS="1625"/>
<String CONTENT="94672;" HEIGHT="48" WIDTH="171" VPOS="1131" HPOS="1653"/>
<SP HEIGHT="46" WIDTH="31" VPOS="1133" HPOS="1825"/>
<String CONTENT="C." HEIGHT="40" WIDTH="49" VPOS="1133" HPOS="1857"/>
<SP HEIGHT="40" WIDTH="29" VPOS="1133" HPOS="1907"/>
<String CONTENT="Ward," HEIGHT="47" WIDTH="164" VPOS="1133" HPOS="1937"/>
<SP HEIGHT="46" WIDTH="29" VPOS="1134" HPOS="2102"/>
<String CONTENT="Wilmington," HEIGHT="105" WIDTH="1926" VPOS="1133" HPOS="438"/>
<SP HEIGHT="47" WIDTH="34" VPOS="1191" HPOS="535"/>
<String CONTENT="Del." HEIGHT="39" WIDTH="105" VPOS="1191" HPOS="570"/>
<SP HEIGHT="48" WIDTH="71" VPOS="1189" HPOS="676"/>
<String CONTENT="(36-11582)" HEIGHT="48" WIDTH="283" VPOS="1189" HPOS="748"/>
</TextLine>
<TextLine HEIGHT="67" WIDTH="839" VPOS="1292" HPOS="370" STYLEREFS="StyleId-C97EF7DD-DEB3-4620-8419-BADA91C2F001-">
<String CONTENT="[Webb," HEIGHT="65" WIDTH="220" VPOS="1292" HPOS="370"/>
<SP HEIGHT="63" WIDTH="26" VPOS="1293" HPOS="591"/>
<String CONTENT="Herbert" HEIGHT="52" WIDTH="260" VPOS="1293" HPOS="618"/>
<SP HEIGHT="52" WIDTH="26" VPOS="1293" HPOS="879"/>
<String CONTENT="Hodgson]" HEIGHT="67" WIDTH="303" VPOS="1292" HPOS="906"/>
</TextLine>
<TextLine HEIGHT="68" WIDTH="1943" VPOS="1370" HPOS="436" STYLEREFS="StyleId-7379F81B-A418-400A-AC85-DE5B781C49DA-" CS="1">
<String CONTENT="The" HEIGHT="53" WIDTH="123" VPOS="1371" HPOS="436"/>
<SP HEIGHT="53" WIDTH="36" VPOS="1371" HPOS="560"/>
<String CONTENT="kitchen" HEIGHT="53" WIDTH="232" VPOS="1370" HPOS="597"/>
<SP HEIGHT="35" WIDTH="39" VPOS="1388" HPOS="830"/>
<String CONTENT="shower" HEIGHT="53" WIDTH="219" VPOS="1371" HPOS="870"/>
<SP HEIGHT="34" WIDTH="38" VPOS="1389" HPOS="1090"/>
<String CONTENT="system" HEIGHT="63" WIDTH="209" VPOS="1375" HPOS="1129"/>
<SP HEIGHT="53" WIDTH="39" VPOS="1370" HPOS="1339"/>
<String CONTENT="for" HEIGHT="53" WIDTH="94" VPOS="1370" HPOS="1379"/>
<SP HEIGHT="52" WIDTH="39" VPOS="1371" HPOS="1474"/>
<String CONTENT="brides" HEIGHT="53" WIDTH="193" VPOS="1370" HPOS="1514"/>
<SP HEIGHT="35" WIDTH="42" VPOS="1388" HPOS="1708"/>
<String CS="1" CONTENT="&#8230;"/>
<SP HEIGHT="34" WIDTH="84" VPOS="1404" HPOS="1807"/>
<String CONTENT="[Toronto," HEIGHT="67" WIDTH="290" VPOS="1371" HPOS="1892"/>
<SP HEIGHT="67" WIDTH="40" VPOS="1370" HPOS="2183"/>
<String LANG="fr" CONTENT="Ont.," HEIGHT="68" WIDTH="155" VPOS="1370" HPOS="2224"/>
</TextLine>
<TextLine HEIGHT="69" WIDTH="856" VPOS="1448" HPOS="364" STYLEREFS="StyleId-7379F81B-A418-400A-AC85-DE5B781C49DA-">
<String CONTENT="Acton" HEIGHT="54" WIDTH="190" VPOS="1449" HPOS="364"/>
<SP HEIGHT="50" WIDTH="24" VPOS="1467" HPOS="555"/>
<String CONTENT="publishing" HEIGHT="69" WIDTH="338" VPOS="1448" HPOS="580"/>
<SP HEIGHT="49" WIDTH="23" VPOS="1468" HPOS="919"/>
<String CONTENT="co.," HEIGHT="49" WIDTH="98" VPOS="1468" HPOS="943"/>
<SP HEIGHT="63" WIDTH="25" VPOS="1454" HPOS="1042"/>
<String CONTENT="1936]" HEIGHT="64" WIDTH="152" VPOS="1452" HPOS="1068"/>
</TextLine>
<TextLine HEIGHT="51" WIDTH="632" VPOS="1521" HPOS="441" CS="1">
<String CONTENT="[11]" HEIGHT="49" WIDTH="84" VPOS="1523" HPOS="441"/>
<SP/>
<String CS="1" CONTENT="l."/>
<SP HEIGHT="42" WIDTH="54" VPOS="1521" HPOS="587"/>
<String CONTENT="illus." HEIGHT="42" WIDTH="132" VPOS="1521" HPOS="642"/>
<SP HEIGHT="40" WIDTH="57" VPOS="1523" HPOS="775"/>
<String CS="1" CONTENT="8&#189;" HEIGHT="40" WIDTH="28" VPOS="1523" HPOS="833"/>
<SP HEIGHT="48" WIDTH="16" VPOS="1523" HPOS="889"/>
<String CS="1" CONTENT="&#215;"/>
<SP HEIGHT="39" WIDTH="17" VPOS="1523" HPOS="938"/>
<String CS="1" CONTENT="16cm." HEIGHT="40" WIDTH="117" VPOS="1523" HPOS="956"/>
</TextLine>
<TextLine HEIGHT="49" WIDTH="762" VPOS="1580" HPOS="436">
<String CONTENT="Leaves" HEIGHT="41" WIDTH="184" VPOS="1581" HPOS="436"/>
<SP HEIGHT="41" WIDTH="25" VPOS="1580" HPOS="621"/>
<String CONTENT="2" HEIGHT="39" WIDTH="26" VPOS="1580" HPOS="647"/>
<SP HEIGHT="42" WIDTH="27" VPOS="1580" HPOS="674"/>
<String CONTENT="to" HEIGHT="40" WIDTH="49" VPOS="1582" HPOS="702"/>
<SP HEIGHT="41" WIDTH="25" VPOS="1580" HPOS="752"/>
<String CONTENT="11" HEIGHT="40" WIDTH="54" VPOS="1580" HPOS="778"/>
<SP HEIGHT="41" WIDTH="27" VPOS="1580" HPOS="833"/>
<String CONTENT="are" HEIGHT="31" WIDTH="87" VPOS="1590" HPOS="861"/>
<SP HEIGHT="30" WIDTH="23" VPOS="1591" HPOS="949"/>
<String CONTENT="coupons." HEIGHT="39" WIDTH="225" VPOS="1590" HPOS="973"/>
</TextLine>
<TextLine HEIGHT="54" WIDTH="2012" VPOS="1649" HPOS="366" CS="1">
<String CONTENT="&#169;" HEIGHT="54" WIDTH="53" VPOS="1649" HPOS="366"/>
<SP/>
<String CS="1" CONTENT="1c."/>
<SP HEIGHT="39" WIDTH="40" VPOS="1654" HPOS="526"/>
<String CONTENT="May" HEIGHT="47" WIDTH="115" VPOS="1654" HPOS="567"/>
<SP/>
<String CS="1" CONTENT="11," HEIGHT="16" WIDTH="8" VPOS="1684" HPOS="783"/>
<SP HEIGHT="48" WIDTH="39" VPOS="1652" HPOS="792"/>
<String CONTENT="1936;" HEIGHT="48" WIDTH="141" VPOS="1651" HPOS="832"/>
<SP HEIGHT="47" WIDTH="42" VPOS="1652" HPOS="974"/>
<!-- cceid 9E8D6B63-6E3A-1014-83DD-942C093A1DD9 --><String CONTENT="A" HEIGHT="39" WIDTH="40" VPOS="1652" HPOS="1017"/>
<SP HEIGHT="39" WIDTH="39" VPOS="1652" HPOS="1058"/>
<String CONTENT="ad" HEIGHT="39" WIDTH="62" VPOS="1653" HPOS="1098"/>
<SP HEIGHT="40" WIDTH="39" VPOS="1652" HPOS="1161"/>
<String CONTENT="int." HEIGHT="40" WIDTH="87" VPOS="1652" HPOS="1201"/>
<SP HEIGHT="41" WIDTH="37" VPOS="1651" HPOS="1289"/>
<String CONTENT="21624;" HEIGHT="48" WIDTH="172" VPOS="1650" HPOS="1327"/>
<SP HEIGHT="38" WIDTH="40" VPOS="1662" HPOS="1500"/>
<String CONTENT="pubd." HEIGHT="48" WIDTH="144" VPOS="1652" HPOS="1541"/>
<SP HEIGHT="38" WIDTH="39" VPOS="1653" HPOS="1686"/>
<String CONTENT="May" HEIGHT="47" WIDTH="115" VPOS="1653" HPOS="1726"/>
<SP HEIGHT="48" WIDTH="37" VPOS="1652" HPOS="1842"/>
<String CONTENT="18;" HEIGHT="46" WIDTH="82" VPOS="1652" HPOS="1880"/>
<SP HEIGHT="47" WIDTH="44" VPOS="1651" HPOS="1963"/>
<String LANG="fi" CONTENT="H." HEIGHT="41" WIDTH="60" VPOS="1651" HPOS="2008"/>
<SP HEIGHT="40" WIDTH="43" VPOS="1652" HPOS="2069"/>
<String CONTENT="H." HEIGHT="40" WIDTH="59" VPOS="1652" HPOS="2113"/>
<SP HEIGHT="39" WIDTH="41" VPOS="1653" HPOS="2173"/>
<String CONTENT="Webb," HEIGHT="48" WIDTH="163" VPOS="1652" HPOS="2215"/>
</TextLine>
<TextLine HEIGHT="39" WIDTH="228" VPOS="1711" HPOS="435">
<String CONTENT="Toronto." HEIGHT="39" WIDTH="228" VPOS="1711" HPOS="435"/>
</TextLine>
<TextLine HEIGHT="68" WIDTH="745" VPOS="1812" HPOS="366" STYLEREFS="StyleId-C97EF7DD-DEB3-4620-8419-BADA91C2F001-">
<String CONTENT="Weelen," HEIGHT="66" WIDTH="251" VPOS="1814" HPOS="366"/>
<SP HEIGHT="66" WIDTH="24" VPOS="1814" HPOS="618"/>
<String CONTENT="Jean" HEIGHT="54" WIDTH="150" VPOS="1814" HPOS="643"/>
<SP HEIGHT="52" WIDTH="27" VPOS="1815" HPOS="794"/>
<String CONTENT="Edmond." HEIGHT="55" WIDTH="289" VPOS="1812" HPOS="822"/>
</TextLine>
<TextLine HEIGHT="72" WIDTH="1940" VPOS="1888" HPOS="436" STYLEREFS="StyleId-7379F81B-A418-400A-AC85-DE5B781C49DA-">
<String LANG="en-US" CONTENT="Rochambeau," HEIGHT="69" WIDTH="421" VPOS="1891" HPOS="436"/>
<SP HEIGHT="70" WIDTH="47" VPOS="1890" HPOS="858"/>
<String LANG="en-US" CONTENT="father" HEIGHT="53" WIDTH="193" VPOS="1890" HPOS="906"/>
<SP HEIGHT="33" WIDTH="45" VPOS="1909" HPOS="1100"/>
<String LANG="en-US" CONTENT="and" HEIGHT="53" WIDTH="113" VPOS="1890" HPOS="1146"/>
<SP HEIGHT="54" WIDTH="45" VPOS="1890" HPOS="1260"/>
<String LANG="en-US" CONTENT="son;" HEIGHT="42" WIDTH="129" VPOS="1909" HPOS="1306"/>
<SP HEIGHT="41" WIDTH="48" VPOS="1910" HPOS="1436"/>
<String LANG="en-US" CONTENT="a" HEIGHT="33" WIDTH="30" VPOS="1910" HPOS="1485"/>
<SP HEIGHT="51" WIDTH="46" VPOS="1892" HPOS="1516"/>
<String LANG="en-US" CONTENT="life" HEIGHT="54" WIDTH="107" VPOS="1889" HPOS="1563"/>
<SP HEIGHT="35" WIDTH="44" VPOS="1908" HPOS="1671"/>
<String LANG="en-US" CONTENT="of" HEIGHT="54" WIDTH="63" VPOS="1888" HPOS="1716"/>
<SP HEIGHT="55" WIDTH="43" VPOS="1888" HPOS="1780"/>
<String LANG="en-US" CONTENT="the" HEIGHT="53" WIDTH="96" VPOS="1890" HPOS="1824"/>
<SP HEIGHT="52" WIDTH="44" VPOS="1891" HPOS="1921"/>
<String LANG="fr" CONTENT="Mar&#233;chal" HEIGHT="53" WIDTH="292" VPOS="1891" HPOS="1966"/>
<SP HEIGHT="53" WIDTH="47" VPOS="1890" HPOS="2259"/>
<String LANG="fr" CONTENT="de" HEIGHT="53" WIDTH="69" VPOS="1890" HPOS="2307"/>
</TextLine>
<TextLine HEIGHT="70" WIDTH="2015" VPOS="1969" HPOS="364" STYLEREFS="StyleId-7379F81B-A418-400A-AC85-DE5B781C49DA-">
<String LANG="en-US" CONTENT="Rochambeau," HEIGHT="70" WIDTH="421" VPOS="1969" HPOS="364"/>
<SP HEIGHT="69" WIDTH="25" VPOS="1970" HPOS="786"/>
<String LANG="en-US" CONTENT="by" HEIGHT="69" WIDTH="76" VPOS="1970" HPOS="812"/>
<SP HEIGHT="68" WIDTH="24" VPOS="1971" HPOS="889"/>
<String LANG="fr" CONTENT="Jean-Edmond" HEIGHT="56" WIDTH="447" VPOS="1970" HPOS="914"/>
<SP HEIGHT="55" WIDTH="26" VPOS="1970" HPOS="1362"/>
<String LANG="en-US" CONTENT="Weelen" HEIGHT="56" WIDTH="231" VPOS="1969" HPOS="1389"/>
<SP HEIGHT="36" WIDTH="27" VPOS="1986" HPOS="1621"/>
<String LANG="en-US" CONTENT="and" HEIGHT="53" WIDTH="113" VPOS="1970" HPOS="1649"/>
<SP HEIGHT="53" WIDTH="26" VPOS="1970" HPOS="1763"/>
<String LANG="en-US" CONTENT="the" HEIGHT="53" WIDTH="94" VPOS="1970" HPOS="1790"/>
<SP HEIGHT="54" WIDTH="26" VPOS="1971" HPOS="1885"/>
<String LANG="en-US" CONTENT="Journal" HEIGHT="54" WIDTH="247" VPOS="1971" HPOS="1912"/>
<SP HEIGHT="52" WIDTH="28" VPOS="1972" HPOS="2160"/>
<String LANG="en-US" CONTENT="of" HEIGHT="55" WIDTH="64" VPOS="1969" HPOS="2189"/>
<SP HEIGHT="54" WIDTH="28" VPOS="1969" HPOS="2254"/>
<String LANG="en-US" CONTENT="the" HEIGHT="52" WIDTH="96" VPOS="1971" HPOS="2283"/>
</TextLine>
<TextLine HEIGHT="69" WIDTH="2012" VPOS="2048" HPOS="364" STYLEREFS="StyleId-7379F81B-A418-400A-AC85-DE5B781C49DA-">
<String LANG="fr" CONTENT="Vicomte" HEIGHT="56" WIDTH="261" VPOS="2049" HPOS="364"/>
<SP HEIGHT="53" WIDTH="26" VPOS="2050" HPOS="626"/>
<String LANG="fr" CONTENT="de" HEIGHT="53" WIDTH="69" VPOS="2050" HPOS="653"/>
<SP HEIGHT="53" WIDTH="26" VPOS="2050" HPOS="723"/>
<String CONTENT="Rochambeau" HEIGHT="55" WIDTH="402" VPOS="2048" HPOS="750"/>
<SP HEIGHT="68" WIDTH="39" VPOS="2049" HPOS="1153"/>
<String CONTENT="(hitherto" HEIGHT="69" WIDTH="280" VPOS="2048" HPOS="1193"/>
<SP HEIGHT="36" WIDTH="28" VPOS="2066" HPOS="1474"/>
<String CONTENT="unpublished)" HEIGHT="69" WIDTH="414" VPOS="2048" HPOS="1503"/>
<SP HEIGHT="68" WIDTH="37" VPOS="2049" HPOS="1918"/>
<String CONTENT="translated" HEIGHT="55" WIDTH="314" VPOS="2049" HPOS="1956"/>
<SP HEIGHT="54" WIDTH="33" VPOS="2049" HPOS="2271"/>
<String CONTENT="by" HEIGHT="68" WIDTH="71" VPOS="2049" HPOS="2305"/>
</TextLine>
<TextLine HEIGHT="70" WIDTH="2011" VPOS="2126" HPOS="365" STYLEREFS="StyleId-7379F81B-A418-400A-AC85-DE5B781C49DA-">
<String CONTENT="Lawrence" HEIGHT="53" WIDTH="305" VPOS="2130" HPOS="365"/>
<SP HEIGHT="51" WIDTH="25" VPOS="2129" HPOS="671"/>
<String CONTENT="Lee" HEIGHT="52" WIDTH="111" VPOS="2129" HPOS="697"/>
<SP HEIGHT="35" WIDTH="23" VPOS="2146" HPOS="809"/>
<String CONTENT="with" HEIGHT="55" WIDTH="140" VPOS="2127" HPOS="833"/>
<SP HEIGHT="52" WIDTH="28" VPOS="2129" HPOS="974"/>
<String CONTENT="a" HEIGHT="34" WIDTH="32" VPOS="2147" HPOS="1003"/>
<SP HEIGHT="50" WIDTH="24" VPOS="2146" HPOS="1036"/>
<String CONTENT="preface" HEIGHT="70" WIDTH="232" VPOS="2126" HPOS="1061"/>
<SP HEIGHT="53" WIDTH="23" VPOS="2127" HPOS="1294"/>
<String CONTENT="by" HEIGHT="68" WIDTH="76" VPOS="2127" HPOS="1318"/>
<SP HEIGHT="67" WIDTH="26" VPOS="2128" HPOS="1395"/>
<String CONTENT="Gilbert" HEIGHT="58" WIDTH="227" VPOS="2126" HPOS="1422"/>
<SP HEIGHT="56" WIDTH="25" VPOS="2126" HPOS="1650"/>
<String CONTENT="Chinard." HEIGHT="56" WIDTH="276" VPOS="2126" HPOS="1676"/>
<SP HEIGHT="52" WIDTH="75" VPOS="2129" HPOS="1953"/>
<String CONTENT="New" HEIGHT="53" WIDTH="136" VPOS="2129" HPOS="2029"/>
<SP HEIGHT="52" WIDTH="30" VPOS="2130" HPOS="2166"/>
<String CONTENT="York," HEIGHT="63" WIDTH="179" VPOS="2129" HPOS="2197"/>
</TextLine>
<TextLine HEIGHT="68" WIDTH="929" VPOS="2208" HPOS="364" STYLEREFS="StyleId-7379F81B-A418-400A-AC85-DE5B781C49DA-" CS="1">
<String CONTENT="H." HEIGHT="55" WIDTH="76" VPOS="2209" HPOS="364"/>
<SP HEIGHT="55" WIDTH="25" VPOS="2209" HPOS="441"/>
<String CONTENT="Holt" HEIGHT="55" WIDTH="148" VPOS="2208" HPOS="467"/>
<SP HEIGHT="49" WIDTH="24" VPOS="2213" HPOS="616"/>
<String CONTENT="and" HEIGHT="54" WIDTH="114" VPOS="2208" HPOS="641"/>
<SP HEIGHT="54" WIDTH="26" VPOS="2208" HPOS="756"/>
<String CONTENT="company" HEIGHT="52" WIDTH="282" VPOS="2224" HPOS="783"/>
<SP HEIGHT="50" WIDTH="33" VPOS="2226" HPOS="1066"/>
<String CS="1" CONTENT="["/>
<String STYLE="superscript" CONTENT="c" HEIGHT="22" WIDTH="18" VPOS="2213" HPOS="1117"/>
<String CONTENT="1936]" HEIGHT="65" WIDTH="152" VPOS="2211" HPOS="1141"/>
</TextLine>
<TextLine HEIGHT="52" WIDTH="1883" VPOS="2280" HPOS="436" CS="1">
<String CONTENT="xvii," HEIGHT="49" WIDTH="117" VPOS="2282" HPOS="436"/>
<SP HEIGHT="31" WIDTH="36" VPOS="2301" HPOS="554"/>
<String CONTENT="[1]," HEIGHT="51" WIDTH="73" VPOS="2281" HPOS="591"/>
<SP HEIGHT="49" WIDTH="32" VPOS="2281" HPOS="665"/>
<String CONTENT="285" HEIGHT="43" WIDTH="87" VPOS="2280" HPOS="698"/>
<SP HEIGHT="49" WIDTH="31" VPOS="2280" HPOS="786"/>
<String CONTENT="p." HEIGHT="37" WIDTH="43" VPOS="2292" HPOS="818"/>
<SP HEIGHT="44" WIDTH="57" VPOS="2280" HPOS="862"/>
<String CONTENT="front.," HEIGHT="49" WIDTH="164" VPOS="2280" HPOS="920"/>
<SP HEIGHT="48" WIDTH="33" VPOS="2281" HPOS="1085"/>
<String CONTENT="1" HEIGHT="40" WIDTH="24" VPOS="2281" HPOS="1119"/>
<SP HEIGHT="40" WIDTH="35" VPOS="2281" HPOS="1144"/>
<String CONTENT="illus.," HEIGHT="46" WIDTH="142" VPOS="2281" HPOS="1180"/>
<SP HEIGHT="38" WIDTH="33" VPOS="2290" HPOS="1323"/>
<String CONTENT="plates," HEIGHT="47" WIDTH="171" VPOS="2281" HPOS="1357"/>
<SP HEIGHT="39" WIDTH="34" VPOS="2291" HPOS="1529"/>
<String CONTENT="ports.," HEIGHT="48" WIDTH="166" VPOS="2282" HPOS="1564"/>
<SP HEIGHT="39" WIDTH="32" VPOS="2291" HPOS="1731"/>
<String CONTENT="maps," HEIGHT="40" WIDTH="152" VPOS="2289" HPOS="1764"/>
<SP HEIGHT="49" WIDTH="32" VPOS="2280" HPOS="1917"/>
<String CONTENT="facsim." HEIGHT="42" WIDTH="192" VPOS="2280" HPOS="1950"/>
<SP HEIGHT="40" WIDTH="59" VPOS="2282" HPOS="2143"/>
<String CS="1" CONTENT="22cm." HEIGHT="42" WIDTH="116" VPOS="2282" HPOS="2203"/>
</TextLine>
<TextLine HEIGHT="50" WIDTH="1940" VPOS="2337" HPOS="437">
<String CONTENT="&#8220;The" HEIGHT="41" WIDTH="131" VPOS="2340" HPOS="437"/>
<SP HEIGHT="30" WIDTH="36" VPOS="2351" HPOS="569"/>
<String CONTENT="war" HEIGHT="31" WIDTH="106" VPOS="2348" HPOS="606"/>
<SP HEIGHT="40" WIDTH="35" VPOS="2338" HPOS="713"/>
<String CONTENT="in" HEIGHT="42" WIDTH="51" VPOS="2338" HPOS="749"/>
<SP HEIGHT="42" WIDTH="35" VPOS="2338" HPOS="801"/>
<String CONTENT="America;" HEIGHT="48" WIDTH="253" VPOS="2338" HPOS="837"/>
<SP HEIGHT="37" WIDTH="38" VPOS="2349" HPOS="1091"/>
<String CONTENT="an" HEIGHT="30" WIDTH="62" VPOS="2349" HPOS="1130"/>
<SP HEIGHT="30" WIDTH="37" VPOS="2349" HPOS="1193"/>
<String CONTENT="unpublished" HEIGHT="50" WIDTH="324" VPOS="2337" HPOS="1231"/>
<SP HEIGHT="49" WIDTH="35" VPOS="2338" HPOS="1556"/>
<String CONTENT="journal" HEIGHT="49" WIDTH="196" VPOS="2338" HPOS="1592"/>
<SP HEIGHT="47" WIDTH="48" VPOS="2339" HPOS="1789"/>
<String CONTENT="(1780-1783)" HEIGHT="48" WIDTH="314" VPOS="2338" HPOS="1838"/>
<SP HEIGHT="48" WIDTH="43" VPOS="2338" HPOS="2153"/>
<String CONTENT="by" HEIGHT="47" WIDTH="59" VPOS="2340" HPOS="2197"/>
<SP HEIGHT="45" WIDTH="38" VPOS="2342" HPOS="2257"/>
<String CONTENT="the" HEIGHT="40" WIDTH="81" VPOS="2340" HPOS="2296"/>
</TextLine>
<TextLine HEIGHT="50" WIDTH="1102" VPOS="2396" HPOS="369">
<String LANG="fr" CONTENT="Vicomte" HEIGHT="42" WIDTH="214" VPOS="2397" HPOS="369"/>
<SP HEIGHT="40" WIDTH="30" VPOS="2398" HPOS="584"/>
<String LANG="fr" CONTENT="de" HEIGHT="40" WIDTH="60" VPOS="2398" HPOS="615"/>
<SP HEIGHT="40" WIDTH="30" VPOS="2397" HPOS="676"/>
<String LANG="en-US" CONTENT="Rochambeau&#8221;:" HEIGHT="42" WIDTH="401" VPOS="2396" HPOS="707"/>
<SP HEIGHT="38" WIDTH="32" VPOS="2407" HPOS="1109"/>
<String LANG="en-US" CONTENT="p." HEIGHT="37" WIDTH="42" VPOS="2408" HPOS="1142"/>
<SP HEIGHT="30" WIDTH="34" VPOS="2416" HPOS="1185"/>
<String LANG="en-US" CONTENT="[191]-285." HEIGHT="50" WIDTH="251" VPOS="2396" HPOS="1220"/>
</TextLine>
<TextLine HEIGHT="50" WIDTH="622" VPOS="2454" HPOS="437">
<String CONTENT="&#8220;Sources&#8221;" HEIGHT="44" WIDTH="266" VPOS="2454" HPOS="437"/>
<SP HEIGHT="41" WIDTH="17" VPOS="2454" HPOS="704"/>
<String CONTENT=":" HEIGHT="30" WIDTH="10" VPOS="2465" HPOS="722"/>
<SP HEIGHT="39" WIDTH="32" VPOS="2465" HPOS="733"/>
<String CONTENT="p." HEIGHT="39" WIDTH="43" VPOS="2465" HPOS="766"/>
<SP HEIGHT="41" WIDTH="31" VPOS="2455" HPOS="810"/>
<String CONTENT="187-189." HEIGHT="42" WIDTH="217" VPOS="2454" HPOS="842"/>
</TextLine>
<TextLine HEIGHT="53" WIDTH="2011" VPOS="2523" HPOS="364">
<String CONTENT="&#169;" HEIGHT="53" WIDTH="53" VPOS="2523" HPOS="364"/>
<SP HEIGHT="53" WIDTH="28" VPOS="2523" HPOS="418"/>
<String CONTENT="May" HEIGHT="47" WIDTH="114" VPOS="2528" HPOS="447"/>
<SP HEIGHT="48" WIDTH="27" VPOS="2527" HPOS="562"/>
<String CONTENT="22," HEIGHT="48" WIDTH="71" VPOS="2526" HPOS="590"/>
<SP HEIGHT="47" WIDTH="28" VPOS="2527" HPOS="662"/>
<String CONTENT="1936;" HEIGHT="48" WIDTH="141" VPOS="2526" HPOS="691"/>
<SP HEIGHT="47" WIDTH="31" VPOS="2527" HPOS="833"/>
<String CONTENT="2c." HEIGHT="40" WIDTH="67" VPOS="2527" HPOS="865"/>
<SP HEIGHT="30" WIDTH="30" VPOS="2537" HPOS="933"/>
<String CONTENT="and" HEIGHT="39" WIDTH="96" VPOS="2527" HPOS="964"/>
<SP HEIGHT="39" WIDTH="30" VPOS="2527" HPOS="1061"/>
<String CONTENT="aff." HEIGHT="41" WIDTH="83" VPOS="2526" HPOS="1092"/>
<SP HEIGHT="40" WIDTH="31" VPOS="2527" HPOS="1176"/>
<String CONTENT="May" HEIGHT="47" WIDTH="114" VPOS="2527" HPOS="1208"/>
<SP HEIGHT="48" WIDTH="28" VPOS="2526" HPOS="1323"/>
<String CONTENT="27;" HEIGHT="47" WIDTH="83" VPOS="2526" HPOS="1352"/>
<SP HEIGHT="46" WIDTH="32" VPOS="2527" HPOS="1436"/>
<!-- cceid 9E8DE8B2-6E3A-1014-83DD-942C093A1DD9 --><String CONTENT="A" HEIGHT="38" WIDTH="41" VPOS="2527" HPOS="1469"/>
<SP HEIGHT="41" WIDTH="28" VPOS="2525" HPOS="1511"/>
<String CONTENT="95415;" HEIGHT="48" WIDTH="171" VPOS="2525" HPOS="1540"/>
<SP HEIGHT="46" WIDTH="33" VPOS="2527" HPOS="1712"/>
<String CONTENT="Henry" HEIGHT="47" WIDTH="169" VPOS="2527" HPOS="1746"/>
<SP HEIGHT="47" WIDTH="30" VPOS="2527" HPOS="1916"/>
<String CONTENT="Holt" HEIGHT="40" WIDTH="120" VPOS="2527" HPOS="1947"/>
<SP HEIGHT="40" WIDTH="32" VPOS="2527" HPOS="2068"/>
<String CONTENT="&amp;" HEIGHT="40" WIDTH="36" VPOS="2527" HPOS="2101"/>
<SP HEIGHT="40" WIDTH="30" VPOS="2527" HPOS="2138"/>
<String CONTENT="co.," HEIGHT="37" WIDTH="82" VPOS="2536" HPOS="2169"/>
<SP HEIGHT="47" WIDTH="32" VPOS="2526" HPOS="2252"/>
<String CONTENT="inc." HEIGHT="42" WIDTH="90" VPOS="2526" HPOS="2285"/>
</TextLine>
<TextLine HEIGHT="49" WIDTH="283" VPOS="2583" HPOS="446">
<String CONTENT="(36-11527)" HEIGHT="49" WIDTH="283" VPOS="2583" HPOS="446"/>
</TextLine>
<TextLine HEIGHT="65" WIDTH="836" VPOS="2687" HPOS="364" STYLEREFS="StyleId-C97EF7DD-DEB3-4620-8419-BADA91C2F001-">
<String CONTENT="White," HEIGHT="65" WIDTH="215" VPOS="2687" HPOS="364"/>
<SP HEIGHT="63" WIDTH="24" VPOS="2689" HPOS="580"/>
<String CONTENT="Terence" HEIGHT="54" WIDTH="257" VPOS="2689" HPOS="605"/>
<SP HEIGHT="54" WIDTH="25" VPOS="2689" HPOS="863"/>
<String CONTENT="Hanbury." HEIGHT="64" WIDTH="311" VPOS="2688" HPOS="889"/>
</TextLine>
<TextLine HEIGHT="150" WIDTH="1987" VPOS="2762" HPOS="361" STYLEREFS="StyleId-7379F81B-A418-400A-AC85-DE5B781C49DA-" CS="1">
<String CONTENT="England" HEIGHT="70" WIDTH="274" VPOS="2763" HPOS="431"/>
<SP HEIGHT="53" WIDTH="31" VPOS="2764" HPOS="706"/>
<String CONTENT="have" HEIGHT="53" WIDTH="143" VPOS="2764" HPOS="738"/>
<SP HEIGHT="35" WIDTH="30" VPOS="2782" HPOS="882"/>
<String CONTENT="my" HEIGHT="50" WIDTH="97" VPOS="2783" HPOS="913"/>
<SP HEIGHT="70" WIDTH="29" VPOS="2763" HPOS="1011"/>
<String CONTENT="bones," HEIGHT="68" WIDTH="190" VPOS="2763" HPOS="1041"/>
<SP HEIGHT="68" WIDTH="30" VPOS="2763" HPOS="1232"/>
<String CONTENT="by" HEIGHT="69" WIDTH="75" VPOS="2763" HPOS="1263"/>
<SP HEIGHT="68" WIDTH="29" VPOS="2764" HPOS="1339"/>
<String LANG="fr" CONTENT="T." HEIGHT="52" WIDTH="65" VPOS="2764" HPOS="1369"/>
<SP HEIGHT="53" WIDTH="34" VPOS="2763" HPOS="1435"/>
<String CONTENT="H." HEIGHT="53" WIDTH="78" VPOS="2763" HPOS="1470"/>
<SP HEIGHT="55" WIDTH="32" VPOS="2764" HPOS="1549"/>
<String CONTENT="White" HEIGHT="56" WIDTH="196" VPOS="2763" HPOS="1582"/>
<SP HEIGHT="35" WIDTH="36" VPOS="2782" HPOS="1779"/>
<String CS="1" CONTENT="&#8230;"/>
<SP HEIGHT="53" WIDTH="72" VPOS="2763" HPOS="1873"/>
<String CONTENT="London," HEIGHT="69" WIDTH="262" VPOS="2763" HPOS="1946"/>
<SP HEIGHT="70" WIDTH="32" VPOS="2762" HPOS="2209"/>
<String CONTENT="Collins," HEIGHT="150" WIDTH="1987" VPOS="2762" HPOS="361"/>
<SP HEIGHT="65" WIDTH="29" VPOS="2847" HPOS="490"/>
<String CONTENT="1936." HEIGHT="51" WIDTH="152" VPOS="2845" HPOS="520"/>
</TextLine>
<TextLine HEIGHT="51" WIDTH="1346" VPOS="2915" HPOS="431" CS="1">
<String CONTENT="357" HEIGHT="42" WIDTH="85" VPOS="2916" HPOS="431"/>
<SP HEIGHT="47" WIDTH="27" VPOS="2919" HPOS="517"/>
<String CONTENT="p." HEIGHT="38" WIDTH="43" VPOS="2928" HPOS="545"/>
<SP HEIGHT="42" WIDTH="60" VPOS="2917" HPOS="589"/>
<String CONTENT="illus." HEIGHT="40" WIDTH="127" VPOS="2917" HPOS="650"/>
<SP HEIGHT="48" WIDTH="29" VPOS="2917" HPOS="778"/>
<String CONTENT="(incl." HEIGHT="49" WIDTH="133" VPOS="2916" HPOS="808"/>
<SP HEIGHT="34" WIDTH="28" VPOS="2927" HPOS="942"/>
<String CONTENT="music)" HEIGHT="49" WIDTH="177" VPOS="2917" HPOS="971"/>
<SP HEIGHT="49" WIDTH="36" VPOS="2917" HPOS="1149"/>
<String CONTENT="plates," HEIGHT="48" WIDTH="172" VPOS="2917" HPOS="1186"/>
<SP HEIGHT="46" WIDTH="30" VPOS="2917" HPOS="1359"/>
<String CONTENT="diagrs." HEIGHT="49" WIDTH="180" VPOS="2915" HPOS="1390"/>
<SP HEIGHT="41" WIDTH="59" VPOS="2915" HPOS="1571"/>
<String CS="1" CONTENT="20&#189;cm." HEIGHT="41" WIDTH="146" VPOS="2915" HPOS="1631"/>
</TextLine>
<TextLine HEIGHT="50" WIDTH="1527" VPOS="2972" HPOS="432">
<String CONTENT="&#8220;A" HEIGHT="38" WIDTH="67" VPOS="2976" HPOS="432"/>
<SP HEIGHT="38" WIDTH="24" VPOS="2976" HPOS="500"/>
<String CONTENT="book" HEIGHT="39" WIDTH="122" VPOS="2976" HPOS="525"/>
<SP HEIGHT="39" WIDTH="26" VPOS="2976" HPOS="648"/>
<String CONTENT="about" HEIGHT="40" WIDTH="149" VPOS="2975" HPOS="675"/>
<SP HEIGHT="38" WIDTH="23" VPOS="2977" HPOS="825"/>
<String CONTENT="the" HEIGHT="39" WIDTH="82" VPOS="2976" HPOS="849"/>
<SP HEIGHT="38" WIDTH="25" VPOS="2977" HPOS="932"/>
<String CONTENT="tangible" HEIGHT="48" WIDTH="212" VPOS="2974" HPOS="958"/>
<SP HEIGHT="30" WIDTH="26" VPOS="2985" HPOS="1171"/>
<String CONTENT="side" HEIGHT="41" WIDTH="102" VPOS="2974" HPOS="1198"/>
<SP HEIGHT="30" WIDTH="26" VPOS="2985" HPOS="1301"/>
<String CONTENT="of" HEIGHT="40" WIDTH="52" VPOS="2974" HPOS="1328"/>
<SP HEIGHT="39" WIDTH="21" VPOS="2974" HPOS="1381"/>
<String CONTENT="country" HEIGHT="46" WIDTH="203" VPOS="2975" HPOS="1403"/>
<SP HEIGHT="47" WIDTH="28" VPOS="2974" HPOS="1607"/>
<String CONTENT="life.&#8221;&#8212;Pref." HEIGHT="42" WIDTH="323" VPOS="2972" HPOS="1636"/>
</TextLine>
<TextLine HEIGHT="53" WIDTH="2010" VPOS="3031" HPOS="363" CS="1">
<String CONTENT="&#169;" HEIGHT="53" WIDTH="53" VPOS="3031" HPOS="363"/>
<SP/>
<String CS="1" CONTENT="1c."/>
<SP HEIGHT="39" WIDTH="27" VPOS="3036" HPOS="509"/>
<String CONTENT="Apr." HEIGHT="48" WIDTH="114" VPOS="3036" HPOS="537"/>
<SP HEIGHT="40" WIDTH="25" VPOS="3035" HPOS="652"/>
<String CONTENT="27," HEIGHT="48" WIDTH="70" VPOS="3035" HPOS="678"/>
<SP HEIGHT="47" WIDTH="25" VPOS="3036" HPOS="749"/>
<String CONTENT="1936" HEIGHT="41" WIDTH="118" VPOS="3034" HPOS="775"/>
<SP HEIGHT="47" WIDTH="13" VPOS="3035" HPOS="894"/>
<String CONTENT=";" HEIGHT="37" WIDTH="9" VPOS="3045" HPOS="908"/>
<SP HEIGHT="47" WIDTH="28" VPOS="3035" HPOS="918"/>
<!-- cceid 9E8E716A-6E3A-1014-83DD-942C093A1DD9 --><String CONTENT="A" HEIGHT="38" WIDTH="41" VPOS="3035" HPOS="947"/>
<SP HEIGHT="39" WIDTH="23" VPOS="3035" HPOS="989"/>
<String CONTENT="ad" HEIGHT="38" WIDTH="61" VPOS="3036" HPOS="1013"/>
<SP HEIGHT="40" WIDTH="25" VPOS="3034" HPOS="1075"/>
<String CONTENT="int." HEIGHT="40" WIDTH="86" VPOS="3034" HPOS="1101"/>
<SP HEIGHT="38" WIDTH="27" VPOS="3034" HPOS="1188"/>
<String CONTENT="21357" HEIGHT="40" WIDTH="145" VPOS="3034" HPOS="1216"/>
<SP HEIGHT="45" WIDTH="16" VPOS="3034" HPOS="1362"/>
<String CONTENT=";" HEIGHT="35" WIDTH="8" VPOS="3044" HPOS="1379"/>
<SP HEIGHT="38" WIDTH="29" VPOS="3044" HPOS="1388"/>
<String CONTENT="pubd." HEIGHT="48" WIDTH="142" VPOS="3034" HPOS="1418"/>
<SP HEIGHT="39" WIDTH="28" VPOS="3034" HPOS="1561"/>
<String CONTENT="Mar." HEIGHT="39" WIDTH="120" VPOS="3034" HPOS="1590"/>
<SP HEIGHT="39" WIDTH="27" VPOS="3034" HPOS="1711"/>
<String CONTENT="5" HEIGHT="39" WIDTH="30" VPOS="3034" HPOS="1739"/>
<SP HEIGHT="46" WIDTH="12" VPOS="3034" HPOS="1770"/>
<String CONTENT=";" HEIGHT="37" WIDTH="9" VPOS="3043" HPOS="1783"/>
<SP HEIGHT="46" WIDTH="28" VPOS="3034" HPOS="1793"/>
<String LANG="fr" CONTENT="T." HEIGHT="40" WIDTH="51" VPOS="3034" HPOS="1822"/>
<SP HEIGHT="40" WIDTH="27" VPOS="3034" HPOS="1874"/>
<String CONTENT="H." HEIGHT="40" WIDTH="60" VPOS="3034" HPOS="1902"/>
<SP HEIGHT="40" WIDTH="28" VPOS="3034" HPOS="1963"/>
<String CONTENT="White," HEIGHT="47" WIDTH="177" VPOS="3032" HPOS="1992"/>
<SP HEIGHT="46" WIDTH="30" VPOS="3033" HPOS="2170"/>
<String CONTENT="Stowe," HEIGHT="48" WIDTH="172" VPOS="3033" HPOS="2201"/>
</TextLine>
<TextLine HEIGHT="50" WIDTH="791" VPOS="3090" HPOS="432">
<String CONTENT="Bucks," HEIGHT="47" WIDTH="176" VPOS="3093" HPOS="432"/>
<SP HEIGHT="47" WIDTH="27" VPOS="3093" HPOS="609"/>
<String CONTENT="England." HEIGHT="47" WIDTH="239" VPOS="3093" HPOS="637"/>
<SP HEIGHT="48" WIDTH="63" VPOS="3090" HPOS="877"/>
<String CONTENT="(36-11262)" HEIGHT="50" WIDTH="282" VPOS="3090" HPOS="941"/>
</TextLine>
<TextLine HEIGHT="65" WIDTH="571" VPOS="3195" HPOS="366" STYLEREFS="StyleId-C97EF7DD-DEB3-4620-8419-BADA91C2F001-">
<String CONTENT="Willard," HEIGHT="65" WIDTH="258" VPOS="3195" HPOS="366"/>
<SP HEIGHT="65" WIDTH="23" VPOS="3195" HPOS="625"/>
<String CONTENT="Barbara." HEIGHT="54" WIDTH="288" VPOS="3195" HPOS="649"/>
</TextLine>
<TextLine HEIGHT="71" WIDTH="1935" VPOS="3268" HPOS="431" STYLEREFS="StyleId-7379F81B-A418-400A-AC85-DE5B781C49DA-" CS="1">
<String CONTENT="As" HEIGHT="53" WIDTH="82" VPOS="3271" HPOS="431"/>
<SP HEIGHT="53" WIDTH="40" VPOS="3271" HPOS="514"/>
<String CONTENT="far" HEIGHT="52" WIDTH="94" VPOS="3271" HPOS="555"/>
<SP HEIGHT="33" WIDTH="38" VPOS="3290" HPOS="650"/>
<String CONTENT="as" HEIGHT="34" WIDTH="59" VPOS="3290" HPOS="689"/>
<SP HEIGHT="54" WIDTH="35" VPOS="3270" HPOS="749"/>
<String CONTENT="in" HEIGHT="53" WIDTH="60" VPOS="3270" HPOS="785"/>
<SP HEIGHT="34" WIDTH="39" VPOS="3289" HPOS="846"/>
<String CONTENT="me" HEIGHT="35" WIDTH="88" VPOS="3288" HPOS="886"/>
<SP HEIGHT="52" WIDTH="38" VPOS="3271" HPOS="975"/>
<String CONTENT="lies," HEIGHT="69" WIDTH="120" VPOS="3270" HPOS="1014"/>
<SP HEIGHT="69" WIDTH="36" VPOS="3270" HPOS="1135"/>
<String CONTENT="by" HEIGHT="69" WIDTH="74" VPOS="3270" HPOS="1172"/>
<SP HEIGHT="68" WIDTH="41" VPOS="3271" HPOS="1247"/>
<String CONTENT="Barbara" HEIGHT="54" WIDTH="259" VPOS="3269" HPOS="1289"/>
<SP HEIGHT="54" WIDTH="40" VPOS="3270" HPOS="1549"/>
<String CONTENT="Willard." HEIGHT="56" WIDTH="267" VPOS="3268" HPOS="1590"/>
<SP HEIGHT="52" WIDTH="77" VPOS="3269" HPOS="1858"/>
<String CONTENT="London" HEIGHT="53" WIDTH="242" VPOS="3269" HPOS="1936"/>
<SP HEIGHT="48" WIDTH="47" VPOS="3288" HPOS="2179"/>
<String CS="1" CONTENT="[etc.]" HEIGHT="61" WIDTH="122" VPOS="3275" HPOS="2244"/>
</TextLine>
<TextLine HEIGHT="67" WIDTH="884" VPOS="3349" HPOS="360" STYLEREFS="StyleId-7379F81B-A418-400A-AC85-DE5B781C49DA-">
<String CONTENT="T." HEIGHT="51" WIDTH="64" VPOS="3350" HPOS="360"/>
<SP HEIGHT="52" WIDTH="25" VPOS="3349" HPOS="425"/>
<String CONTENT="Nelson" HEIGHT="53" WIDTH="211" VPOS="3349" HPOS="451"/>
<SP HEIGHT="50" WIDTH="27" VPOS="3351" HPOS="663"/>
<String CONTENT="&amp;" HEIGHT="50" WIDTH="45" VPOS="3351" HPOS="691"/>
<SP HEIGHT="50" WIDTH="24" VPOS="3351" HPOS="737"/>
<String CONTENT="sons," HEIGHT="49" WIDTH="147" VPOS="3367" HPOS="762"/>
<SP HEIGHT="66" WIDTH="23" VPOS="3350" HPOS="910"/>
<String CONTENT="ltd." HEIGHT="53" WIDTH="103" VPOS="3349" HPOS="934"/>
<SP HEIGHT="34" WIDTH="33" VPOS="3382" HPOS="1038"/>
<String CONTENT="[1936]" HEIGHT="65" WIDTH="172" VPOS="3351" HPOS="1072"/>
</TextLine>
<TextLine HEIGHT="48" WIDTH="592" VPOS="3421" HPOS="432" STYLEREFS="StyleId-7379F81B-A418-400A-AC85-DE5B781C49DA-" CS="1">
<String CONTENT="vii," HEIGHT="48" WIDTH="81" VPOS="3421" HPOS="432"/>
<SP HEIGHT="46" WIDTH="24" VPOS="3423" HPOS="514"/>
<String CONTENT="278" HEIGHT="41" WIDTH="85" VPOS="3422" HPOS="539"/>
<SP HEIGHT="47" WIDTH="24" VPOS="3422" HPOS="625"/>
<String LANG="fr" CONTENT="p.." HEIGHT="37" WIDTH="58" VPOS="3432" HPOS="650"/>
<SP HEIGHT="47" WIDTH="28" VPOS="3422" HPOS="709"/>
<String CONTENT="1" HEIGHT="38" WIDTH="16" VPOS="3422" HPOS="738"/>
<SP/>
<String CS="1" CONTENT="l."/>
<SP HEIGHT="38" WIDTH="60" VPOS="3423" HPOS="817"/>
<String CS="1" CONTENT="19&#189;cm." HEIGHT="41" WIDTH="146" VPOS="3421" HPOS="878"/>
</TextLine>
<TextLine HEIGHT="53" WIDTH="2010" VPOS="3477" HPOS="362" CS="1">
<String CONTENT="&#169;" HEIGHT="53" WIDTH="53" VPOS="3477" HPOS="362"/>
<SP/>
<String CS="1" CONTENT="1c."/>
<SP HEIGHT="40" WIDTH="24" VPOS="3482" HPOS="505"/>
<String CONTENT="June" HEIGHT="40" WIDTH="125" VPOS="3482" HPOS="530"/>
<SP HEIGHT="39" WIDTH="23" VPOS="3482" HPOS="656"/>
<String CONTENT="2," HEIGHT="48" WIDTH="39" VPOS="3482" HPOS="680"/>
<SP HEIGHT="47" WIDTH="23" VPOS="3483" HPOS="720"/>
<String CONTENT="1936;" HEIGHT="45" WIDTH="140" VPOS="3482" HPOS="744"/>
<SP HEIGHT="45" WIDTH="25" VPOS="3482" HPOS="885"/>
<!-- cceid 9E8EF3E7-6E3A-1014-83DD-942C093A1DD9 --><String CONTENT="A" HEIGHT="38" WIDTH="38" VPOS="3482" HPOS="911"/>
<SP HEIGHT="38" WIDTH="24" VPOS="3482" HPOS="950"/>
<String CONTENT="ad" HEIGHT="38" WIDTH="60" VPOS="3483" HPOS="975"/>
<SP HEIGHT="40" WIDTH="24" VPOS="3481" HPOS="1036"/>
<String CONTENT="int." HEIGHT="40" WIDTH="85" VPOS="3481" HPOS="1061"/>
<SP HEIGHT="40" WIDTH="23" VPOS="3481" HPOS="1147"/>
<String CONTENT="21481" HEIGHT="40" WIDTH="143" VPOS="3481" HPOS="1171"/>
<SP HEIGHT="47" WIDTH="18" VPOS="3482" HPOS="1315"/>
<String CONTENT=";" HEIGHT="37" WIDTH="8" VPOS="3492" HPOS="1334"/>
<SP HEIGHT="37" WIDTH="27" VPOS="3492" HPOS="1343"/>
<String CONTENT="pubd." HEIGHT="49" WIDTH="141" VPOS="3480" HPOS="1371"/>
<SP HEIGHT="39" WIDTH="25" VPOS="3482" HPOS="1513"/>
<String CONTENT="Apr." HEIGHT="47" WIDTH="112" VPOS="3482" HPOS="1539"/>
<SP HEIGHT="40" WIDTH="24" VPOS="3483" HPOS="1652"/>
<String CONTENT="7" HEIGHT="39" WIDTH="24" VPOS="3483" HPOS="1677"/>
<SP HEIGHT="45" WIDTH="17" VPOS="3483" HPOS="1702"/>
<String CONTENT=";" HEIGHT="36" WIDTH="9" VPOS="3492" HPOS="1720"/>
<SP HEIGHT="45" WIDTH="27" VPOS="3483" HPOS="1730"/>
<String CONTENT="B." HEIGHT="39" WIDTH="53" VPOS="3483" HPOS="1758"/>
<SP HEIGHT="39" WIDTH="25" VPOS="3483" HPOS="1812"/>
<String CONTENT="Willard," HEIGHT="49" WIDTH="221" VPOS="3480" HPOS="1838"/>
<SP HEIGHT="47" WIDTH="27" VPOS="3482" HPOS="2060"/>
<String CONTENT="Richmond," HEIGHT="50" WIDTH="284" VPOS="3480" HPOS="2088"/>
</TextLine>
<TextLine HEIGHT="51" WIDTH="817" VPOS="3537" HPOS="435">
<String CONTENT="Surrey," HEIGHT="49" WIDTH="193" VPOS="3539" HPOS="435"/>
<SP HEIGHT="47" WIDTH="34" VPOS="3540" HPOS="629"/>
<String CONTENT="England." HEIGHT="48" WIDTH="237" VPOS="3539" HPOS="664"/>
<SP HEIGHT="48" WIDTH="68" VPOS="3538" HPOS="902"/>
<String CONTENT="(36-11960)" HEIGHT="49" WIDTH="281" VPOS="3537" HPOS="971"/>
</TextLine>
<TextLine HEIGHT="67" WIDTH="1011" VPOS="3640" HPOS="363" STYLEREFS="StyleId-7379F81B-A418-400A-AC85-DE5B781C49DA-">
<String CONTENT="Willard," HEIGHT="66" WIDTH="260" VPOS="3640" HPOS="363"/>
<SP HEIGHT="62" WIDTH="23" VPOS="3644" HPOS="624"/>
<String CONTENT="Harley" HEIGHT="64" WIDTH="224" VPOS="3643" HPOS="648"/>
<SP HEIGHT="65" WIDTH="23" VPOS="3642" HPOS="873"/>
<String CONTENT="Richard," HEIGHT="65" WIDTH="277" VPOS="3641" HPOS="897"/>
<SP HEIGHT="58" WIDTH="28" VPOS="3648" HPOS="1175"/>
<String CONTENT="1875-" HEIGHT="54" WIDTH="170" VPOS="3643" HPOS="1204"/>
</TextLine>
<TextLine HEIGHT="69" WIDTH="1874" VPOS="3718" HPOS="433" STYLEREFS="StyleId-7379F81B-A418-400A-AC85-DE5B781C49DA-" CS="1">
<String CONTENT="Algebra" HEIGHT="69" WIDTH="256" VPOS="3718" HPOS="433"/>
<SP HEIGHT="52" WIDTH="49" VPOS="3719" HPOS="690"/>
<String CONTENT="for" HEIGHT="52" WIDTH="93" VPOS="3719" HPOS="740"/>
<SP HEIGHT="33" WIDTH="47" VPOS="3738" HPOS="834"/>
<String CONTENT="college" HEIGHT="67" WIDTH="211" VPOS="3720" HPOS="882"/>
<SP HEIGHT="35" WIDTH="44" VPOS="3737" HPOS="1094"/>
<String CONTENT="students" HEIGHT="53" WIDTH="258" VPOS="3719" HPOS="1139"/>
<SP HEIGHT="47" WIDTH="52" VPOS="3739" HPOS="1398"/>
<String CS="1" CONTENT="[by]" HEIGHT="68" WIDTH="92" VPOS="3719" HPOS="1468"/>
<SP HEIGHT="66" WIDTH="51" VPOS="3720" HPOS="1561"/>
<String CONTENT="Harley" HEIGHT="67" WIDTH="223" VPOS="3719" HPOS="1613"/>
<SP HEIGHT="65" WIDTH="48" VPOS="3721" HPOS="1837"/>
<String CONTENT="R." HEIGHT="51" WIDTH="67" VPOS="3721" HPOS="1886"/>
<SP HEIGHT="52" WIDTH="48" VPOS="3721" HPOS="1954"/>
<String CONTENT="Willard" HEIGHT="54" WIDTH="248" VPOS="3719" HPOS="2003"/>
<SP HEIGHT="52" WIDTH="55" VPOS="3720" HPOS="2252"/>
<String CS="1" CONTENT="&#8230;"/>
</TextLine>
<TextLine HEIGHT="68" WIDTH="2000" VPOS="3798" HPOS="367" STYLEREFS="StyleId-7379F81B-A418-400A-AC85-DE5B781C49DA-" CS="1">
<String STYLE="subscript" CONTENT="[" HEIGHT="34" WIDTH="10" VPOS="3830" HPOS="367"/>
<String CONTENT="and]" HEIGHT="66" WIDTH="131" VPOS="3798" HPOS="385"/>
<SP HEIGHT="66" WIDTH="34" VPOS="3798" HPOS="517"/>
<String CONTENT="Noah" HEIGHT="54" WIDTH="165" VPOS="3798" HPOS="552"/>
<SP HEIGHT="52" WIDTH="29" VPOS="3799" HPOS="718"/>
<String CONTENT="R." HEIGHT="52" WIDTH="66" VPOS="3799" HPOS="748"/>
<SP HEIGHT="51" WIDTH="29" VPOS="3800" HPOS="815"/>
<String CONTENT="Bryan" HEIGHT="65" WIDTH="197" VPOS="3800" HPOS="845"/>
<SP HEIGHT="38" WIDTH="34" VPOS="3814" HPOS="1043"/>
<String CS="1" CONTENT="&#8230;"/>
<SP HEIGHT="55" WIDTH="79" VPOS="3799" HPOS="1134"/>
<String CONTENT="Chicago," HEIGHT="68" WIDTH="271" VPOS="3798" HPOS="1214"/>
<SP HEIGHT="66" WIDTH="28" VPOS="3799" HPOS="1486"/>
<String CONTENT="Atlanta" HEIGHT="52" WIDTH="242" VPOS="3799" HPOS="1515"/>
<SP HEIGHT="50" WIDTH="31" VPOS="3816" HPOS="1758"/>
<String CS="1" CONTENT="[etc.]" HEIGHT="61" WIDTH="119" VPOS="3803" HPOS="1808"/>
<SP HEIGHT="66" WIDTH="33" VPOS="3798" HPOS="1928"/>
<String CONTENT="Scott," HEIGHT="66" WIDTH="178" VPOS="3798" HPOS="1962"/>
<SP HEIGHT="64" WIDTH="28" VPOS="3800" HPOS="2141"/>
<String CONTENT="Fores" HEIGHT="52" WIDTH="197" VPOS="3800" HPOS="2170"/>
</TextLine>
<TextLine HEIGHT="67" WIDTH="802" VPOS="3877" HPOS="361" STYLEREFS="StyleId-7379F81B-A418-400A-AC85-DE5B781C49DA-" CS="1">
<String CONTENT="man" HEIGHT="35" WIDTH="134" VPOS="3894" HPOS="361"/>
<SP HEIGHT="35" WIDTH="30" VPOS="3894" HPOS="496"/>
<String CONTENT="and" HEIGHT="53" WIDTH="112" VPOS="3877" HPOS="527"/>
<SP HEIGHT="54" WIDTH="31" VPOS="3877" HPOS="640"/>
<String CONTENT="company" HEIGHT="50" WIDTH="281" VPOS="3894" HPOS="672"/>
<SP HEIGHT="50" WIDTH="32" VPOS="3894" HPOS="954"/>
<String CS="1" CONTENT="["/>
<String STYLE="superscript" CONTENT="c" HEIGHT="23" WIDTH="19" VPOS="3882" HPOS="1005"/>
<String CS="1" CONTENT="1936]" HEIGHT="49" WIDTH="134" VPOS="3881" HPOS="1029"/>
</TextLine>
<TextLine HEIGHT="49" WIDTH="476" VPOS="3948" HPOS="435" STYLEREFS="StyleId-7379F81B-A418-400A-AC85-DE5B781C49DA-" CS="1">
<String CONTENT="vii," HEIGHT="47" WIDTH="80" VPOS="3948" HPOS="435"/>
<SP HEIGHT="46" WIDTH="29" VPOS="3949" HPOS="516"/>
<String CONTENT="383" HEIGHT="41" WIDTH="85" VPOS="3949" HPOS="546"/>
<SP HEIGHT="48" WIDTH="29" VPOS="3949" HPOS="632"/>
<String CONTENT="p." HEIGHT="37" WIDTH="42" VPOS="3960" HPOS="662"/>
<SP HEIGHT="42" WIDTH="58" VPOS="3948" HPOS="705"/>
<String CS="1" CONTENT="23&#189;cm." HEIGHT="43" WIDTH="147" VPOS="3948" HPOS="764"/>
</TextLine>
<TextLine HEIGHT="54" WIDTH="2004" VPOS="4001" HPOS="363">
<String CONTENT="&#169;" HEIGHT="54" WIDTH="53" VPOS="4001" HPOS="363"/>
<SP HEIGHT="54" WIDTH="31" VPOS="4001" HPOS="417"/>
<String CONTENT="May" HEIGHT="44" WIDTH="114" VPOS="4008" HPOS="449"/>
<SP HEIGHT="46" WIDTH="29" VPOS="4006" HPOS="564"/>
<String CONTENT="29," HEIGHT="47" WIDTH="71" VPOS="4006" HPOS="594"/>
<SP HEIGHT="45" WIDTH="31" VPOS="4008" HPOS="666"/>
<String CONTENT="1936;" HEIGHT="48" WIDTH="140" VPOS="4005" HPOS="698"/>
<SP HEIGHT="46" WIDTH="33" VPOS="4007" HPOS="839"/>
<String CONTENT="2c." HEIGHT="40" WIDTH="66" VPOS="4007" HPOS="873"/>
<SP HEIGHT="29" WIDTH="33" VPOS="4018" HPOS="940"/>
<String CONTENT="and" HEIGHT="38" WIDTH="94" VPOS="4009" HPOS="974"/>
<SP HEIGHT="38" WIDTH="32" VPOS="4009" HPOS="1069"/>
<String CONTENT="aff." HEIGHT="40" WIDTH="82" VPOS="4007" HPOS="1102"/>
<SP HEIGHT="38" WIDTH="34" VPOS="4009" HPOS="1185"/>
<String CONTENT="June" HEIGHT="38" WIDTH="125" VPOS="4009" HPOS="1220"/>
<SP HEIGHT="40" WIDTH="33" VPOS="4007" HPOS="1346"/>
<String CONTENT="2;" HEIGHT="47" WIDTH="51" VPOS="4007" HPOS="1380"/>
<SP HEIGHT="46" WIDTH="35" VPOS="4008" HPOS="1432"/>
<!-- cceid 9E8F75C1-6E3A-1014-83DD-942C093A1DD9 --><String CONTENT="A" HEIGHT="38" WIDTH="39" VPOS="4008" HPOS="1468"/>
<SP HEIGHT="41" WIDTH="32" VPOS="4006" HPOS="1508"/>
<String CONTENT="95520:" HEIGHT="42" WIDTH="170" VPOS="4006" HPOS="1541"/>
<SP HEIGHT="41" WIDTH="37" VPOS="4007" HPOS="1712"/>
<String CONTENT="Scott," HEIGHT="47" WIDTH="147" VPOS="4007" HPOS="1750"/>
<SP HEIGHT="47" WIDTH="33" VPOS="4007" HPOS="1898"/>
<String CONTENT="Foresman" HEIGHT="40" WIDTH="264" VPOS="4007" HPOS="1932"/>
<SP HEIGHT="39" WIDTH="33" VPOS="4008" HPOS="2197"/>
<String CONTENT="&amp;" HEIGHT="39" WIDTH="36" VPOS="4008" HPOS="2231"/>
<SP HEIGHT="40" WIDTH="30" VPOS="4008" HPOS="2268"/>
<String CONTENT="co." HEIGHT="30" WIDTH="68" VPOS="4018" HPOS="2299"/>
</TextLine>
<TextLine HEIGHT="48" WIDTH="282" VPOS="4062" HPOS="443">
<String CONTENT="(36-11542)" HEIGHT="48" WIDTH="282" VPOS="4062" HPOS="443"/>
</TextLine>
</TextBlock>
</PrintSpace>
</Page>
</Layout>
</alto>