2519 4377
1316 4130 101 51 864

433 527 353 49 Bibliography
804 536 10 30 :
846 537 43 38 p.
919 526 219 41 213-214.

360 586 53 53 ©
440 591 126 40 June
592 589 71 49 30,
691 588 142 47 1936;
862 589 68 40 2c.
958 589 97 40 and
1082 588 83 42 aff.
1193 589 118 47 July
1340 588 52 47 1;
1423 589 40 39 A
1489 588 172 47 96254;
1694 589 282 40 Macmillan
2006 600 67 30 co.

441 646 283 48 (36-14312)

360 750 291 63 Winther,
679 749 185 55 Oscar
892 748 255 56 Osburn.

433 826 252 68 Express
725 826 113 52 and
876 825 333 68 stagecoach
1248 824 141 53 days
1427 826 60 52 in
1527 823 343 70 California,
1908 825 154 53 from
2101 826 94 52 the
2234 825 135 70 gold

365 902 2005 70 rush to the civil war, by Oscar Osburn Winther … Stanford
363 982 357 68 University,
749 981 194 69 Calif.,
973 981 284 55 Stanford
1282 980 321 70 university
1631 999 185 51 press;
1846 982 260 67 London,
2131 982 77 55 H.
364 983 1981 145 Milford,
552 1059 233 56 Oxford
818 1059 319 69 university
1172 1077 158 51 press
1369 1061 193 67 [c1936]

432 1130 65 49 xi,
526 1130 86 42 197
641 1142 45 38 p.
746 1131 165 49 front.,
940 1130 172 50 plates,
1141 1131 105 41 fold.
1290 1141 152 39 maps,
1473 1131 218 42 facsims.
1754 1132 117 41 20cm.

435 1188 353 49 Bibliography
806 1199 9 29 :
849 1199 44 38 p.
924 1187 218 43 173-186.

360 1244 53 54 ©
442 1250 129 39 June
595 1248 70 49 15,
694 1247 141 48 1936;
867 1247 69 42 2c.
965 1248 130 40 June
1119 1246 84 49 29;
1234 1246 83 42 aff.
1346 1247 131 41 June
1502 1248 83 47 24;
1616 1248 41 39 A
1685 1247 172 48 96223;
1890 1249 164 41 Board
2084 1250 53 39 of
2163 1253 209 39 trustees

429 1306 56 39 of
519 1307 82 39 the
637 1306 186 40 Leland
862 1305 238 41 Stanford
1135 1304 166 49 junior
1338 1303 145 50 univ.,
1524 1305 236 41 Stanford
1800 1304 298 51 University,
2137 1305 145 43 Calif.

442 1362 283 50 (36-13684)

358 1465 282 65 Witman,
665 1465 310 64 Shepherd
1000 1464 249 66 Luther,
1279 1471 172 50 1906-

524 1539 1845 74 … Visual outline of American government, by Shepherd L.
360 1619 2009 72 Witman … 2d ed. New York, Toronto, Longmans, Green
358 1701 113 53 and
503 1719 79 35 co.
660 1702 154 65 [c1936]

430 1772 1943 51 2 p. l., 108 numb. l., 109-114 p. diagrs. 27½cm. (Students outline
358 1831 177 49 series)

431 1886 263 51 “Supreme
724 1889 140 40 court
896 1887 165 42 cases”
1079 1898 9 30 :
1124 1898 43 38 p.
1201 1887 204 41 110-111;
1466 1887 352 50 Bibliography;
1878 1897 44 39 p.
1956 1887 220 42 111-114.

360 1943 53 54 ©
442 1949 130 39 June
595 1948 71 48 17,
694 1946 141 48 1936;
864 1948 69 40 2c.
962 1948 97 41 and
1085 1947 83 44 aff.
1197 1948 129 40 June
1351 1948 83 46 25;
1464 1947 41 40 A
1531 1946 172 47 95825;
1734 1948 291 48 Longmans,
2055 1948 157 41 Green
2241 1948 37 40 &
2304 1957 68 32 co.

441 2004 282 49 (36-14128)

359 2107 1991 148 The World book encyclopedia; modern, pictorial, comprehensive … Chicago, W. F. Quarrie & company [c1936]
430 2260 57 41 19
558 2292 8 7 v.
635 2260 146 49 illus.,
819 2261 161 48 plates
1030 2260 137 49 (part
1206 2261 112 47 col.)
1368 2262 165 48 ports.,
1576 2271 138 38 maps
1765 2262 134 48 (part
1942 2260 200 49 double)
2192 2259 180 49 diagrs.

358 2319 148 40 25½cm.

431 2375 162 47 Paged
624 2373 358 49 continuously.

432 2431 234 40 Revision
700 2431 172 49 editor,
909 2432 44 40 S.
983 2433 53 38 E.
1071 2430 273 49 Farquhar.

431 2489 103 41 Vol.
564 2488 83 41 19:
680 2487 223 48 Reading
931 2488 96 39 and
1058 2488 146 47 study
1234 2487 157 48 guide.

432 2545 130 39 “The
590 2545 170 41 World
788 2545 125 41 book
942 2544 346 48 encyclopedia
1313 2541 339 50 bibliography;
1716 2554 22 28 a
1777 2543 83 40 list
1892 2543 52 41 of
1974 2543 149 40 books
2155 2543 79 39 for
358 2552 1996 98 supplementary
690 2601 218 48 reading,
933 2600 238 49 compiled
1195 2601 61 47 by
1281 2601 167 40 James
1474 2601 53 40 G.
1551 2599 246 50 Hodgson,
1825 2599 212 41 assisted
2063 2600 62 48 by
2150 2602 142 46 Mary
2318 2601 54 40 E.

361 2658 202 41 Foster”
603 2658 79 48 (19
709 2668 45 38 p.
783 2659 51 39 at
862 2658 93 40 end
984 2658 53 38 of
1063 2668 43 29 v.
1135 2658 81 48 18)
1252 2657 91 40 has
1372 2657 184 48 special
1583 2659 98 46 t.-p.

362 2712 53 53 ©
452 2716 116 47 July
603 2715 71 48 13,
710 2714 142 49 1936;
890 2714 68 41 2c.
996 2715 126 40 June
1157 2715 83 46 27;
1280 2713 82 42 aff.
1402 2713 117 48 July
1554 2713 84 48 22;
1674 2713 43 40 A
1751 2712 171 48 95845;
1961 2713 74 41 W.
2074 2713 51 41 F.
2165 2712 208 49 Quarrie

431 2773 36 39 &
498 2782 68 32 co.
631 2770 282 52 [Copyright
946 2771 42 41 is
1020 2770 207 41 claimed
1260 2781 62 29 on
1354 2769 240 41 revisions
1628 2770 95 39 and
1757 2779 107 30 new
1896 2769 244 51 material]

441 2828 283 50 (36-13969)

359 2932 321 64 Wormser,
708 2932 171 53 Isaac
903 2930 282 64 Maurice,
1218 2932 172 55 1887-

528 3007 1844 68 … Illustrative cases on corporations, by I. Maurice Wormser
426 3084 1945 70 … 2d ed. By Robert S. Stevens … A companion book to
367 3164 237 56 Stevens
647 3183 73 35 on
763 3163 410 70 corporations.
1256 3163 83 56 St.
1384 3165 166 66 Paul,
1593 3163 203 69 Minn.,
1838 3165 160 53 West
2040 3163 333 70 publishing

364 3262 98 48 co.,
500 3246 152 50 1936.

435 3317 101 47 viii,
567 3317 85 41 483
685 3328 42 37 p.
786 3317 147 40 23½cm.
1003 3316 289 49 (Hornbook
1325 3326 109 31 case
1465 3316 176 47 series)

437 3374 177 40 “Table
641 3374 53 40 of
720 3372 164 42 cases”
904 3384 8 29 :
943 3385 42 37 p.
1012 3372 201 41 vii-viii.

362 3426 54 53 ©
447 3432 112 44 May
590 3431 69 47 23,
693 3430 117 40 1936;
868 3430 65 39 2c.
966 3430 97 39 and
1095 3429 82 41 aff.
1212 3430 126 39 June
1370 3430 82 47 15;
1487 3430 40 39 A
1559 3428 171 48 94982;
1766 3430 136 41 West
1933 3430 110 48 pub.
2076 3440 67 30 co.

444 3487 281 48 (36-13293)

363 3591 279 64 Wygant,
671 3590 158 54 Elsie
856 3590 177 64 Amy.

434 3668 53 52 A
526 3668 172 67 guide
733 3673 60 48 to
828 3667 241 68 reading
1107 3666 95 54 for
1239 3668 211 64 Texas;
1492 3687 30 33 a
1562 3667 136 53 fifth
1736 3668 216 67 reader,
1990 3669 74 66 by
2105 3668 157 54 Elsie
2297 3668 71 53 A.

365 3744 1981 148 Wygant … and Louise W. Putzke … Chicago, Wheeler publishing company, 1936.
432 3898 95 45 xiv,
557 3898 87 40 370
674 3909 41 37 p.
777 3897 126 41 illus.
965 3897 115 42 20cm.

436 3955 223 39 Includes
693 3953 390 50 bibliographies.

362 4005 54 53 ©
446 4010 127 39 June
602 4010 70 46 12,
704 4010 139 48 1936;
877 4010 66 40 2c.
975 4010 97 40 and
1102 4010 82 41 aff.
1218 4010 127 40 June
1375 4011 82 42 15;
1489 4011 40 39 A
1560 4009 171 49 94937;
1765 4010 225 40 Wheeler
2019 4009 110 49 pub.
2159 4019 68 31 co.

443 4065 282 50 (36-13860)
