2519 4377
1301 4107 101 50 496

346 427 418 65 Washington,
791 426 247 65 George,
1063 445 147 46 pres.
1244 427 65 53 U.
1336 428 80 62 S.,
1444 426 327 54 1732-1799.

419 519 200 52 Terms
659 536 73 34 on
772 517 188 53 which
1000 517 96 53 the
1141 515 181 55 farms
1363 522 59 47 at
1461 518 208 51 Mount
1709 518 234 52 Vernon
1987 536 131 49 may
2161 518 65 52 be
346 519 1991 132 obtained.

635 595 135 56 Feb.
810 597 151 53 1796.
1037 595 254 54 Written
1325 595 76 68 by
1434 595 225 68 George
1693 595 403 69 Washington.
346 598 1992 146 Introductory
619 679 131 48 note
780 674 75 68 by
884 675 65 52 L,
980 675 77 53 H.
1092 674 221 67 Bailey.
1388 675 140 52 New
1561 674 182 66 York,
1771 675 122 53 The
1922 675 228 52 Morrill
2189 695 173 49 press,

349 758 149 51 1936.

420 825 1127 52 6 p., 1 l., facsim. ([4] p.) 1 l. 33 × 22 ½cm.
421 886 148 40 “Five
599 884 223 41 hundred
851 883 160 49 copies
1043 883 238 49 printed.”

348 954 52 54 ©
435 958 109 40 Feb.
578 956 69 49 22,
683 956 141 46 1936;
857 955 66 42 2c.
959 957 96 39 and
1089 955 82 42 aff.
1208 956 110 40 Feb.
1353 955 81 43 27;
1472 956 39 39 A
1547 954 171 47 93252;
1757 956 190 40 Morrill
1983 968 150 37 press.

418 957 1929 107 [Copyright
582 1014 43 41 is
661 1014 205 41 claimed
903 1025 59 28 on
1000 1015 347 46 Introductory
1383 1016 127 46 note]
1588 1012 252 48 (36-9271)

347 1118 201 64 Webb,
577 1118 215 55 Gerald
820 1119 300 61 Bertram,
1150 1119 173 54 1871-

478 1204 1914 72 … Tuberculosis, by Gerald B. Webb … with 17 illustrations.
345 1286 139 53 New
514 1286 182 68 York,
723 1287 66 52 P.
817 1287 67 51 B.
914 1285 248 69 Hoeber,
1189 1285 129 67 inc.,
1347 1287 153 51 1936.

412 1370 77 38 xv,
523 1360 87 41 205
644 1370 45 38 p.
756 1360 142 47 illus.,
933 1360 27 39 2
997 1360 154 48 diagr.
1217 1359 56 40 17
1276 1362 16 20 cm
1324 1391 9 8 .
1411 1358 301 50 (Half-title:
1747 1358 104 42 Clio
1889 1359 215 46 medica;
2146 1371 26 29 a
2212 1362 150 40 series

347 1417 55 41 of
424 1419 208 48 primers
661 1430 60 29 on
751 1419 83 39 the
862 1418 192 46 history
1082 1418 53 40 of
1162 1417 251 41 medicine.
1470 1416 202 41 Editor:
1704 1415 54 45 E.
1790 1417 54 41 B.
1872 1416 331 48 Krumbhaar,
2285 1452 7 8 M.
2355 1451 8 9 D.

440 1478 14 47 XVI)

424 1533 160 42 Series
608 1534 111 41 title
744 1535 51 38 in
819 1535 114 46 part
957 1535 53 39 at
1036 1534 126 40 head
1189 1532 53 42 of
1266 1535 99 46 t.-p.

414 1590 380 51 Bibliography:
830 1601 43 39 p.
911 1590 218 43 185-190.

347 1662 53 53 ©
433 1667 122 39 Mar.
588 1665 70 48 21,
692 1665 113 41 1936;
868 1666 67 40 2c.
970 1667 121 38 Mar.
1124 1665 83 46 24;
1243 1665 82 41 aff.
1360 1667 121 38 Mar.
1515 1665 55 40 25:
1634 1666 40 39 A
1703 1665 172 48 92520;
1913 1668 123 39 Paul
2071 1669 53 39 B.
2160 1669 205 47 Hoeber,

418 1724 91 42 inc.
570 1723 254 48 (36-9332)

346 1827 201 65 Webb,
574 1828 240 56 Steven.

419 1918 234 56 Outlaw
692 1937 196 51 range,
922 1917 74 70 by
1039 1916 211 56 Steven
1288 1917 198 55 Webb.
1563 1918 139 53 New
1744 1917 180 70 York,
1965 1920 67 53 E.
2072 1919 57 54 J.
2171 1918 195 69 Clode,

346 1999 108 53 inc.
492 2032 12 34 [
508 2005 20 22 c
533 2001 154 64 1936]

416 2074 87 40 255
531 2085 45 38 p.
632 2072 147 41 19½cm.

347 2140 54 53 ©
433 2145 111 39 Feb.
577 2143 68 47 19,
681 2142 114 42 1936;
857 2142 67 41 2c.
956 2142 95 40 and
1085 2142 82 40 aff.
1201 2143 114 48 Apr.
1348 2142 83 46 29;
1467 2143 40 38 A
1540 2143 172 47 93878;
1750 2144 212 40 Edward
1998 2145 44 40 J.
2077 2145 160 46 Clode,
2273 2145 90 41 inc.

429 2201 253 48 (36-9338)

346 2306 166 53 West
553 2303 293 66 Virginia.
921 2305 279 66 Supreme
1242 2313 160 45 court
1443 2305 63 65 of
1545 2304 251 66 appeals.

346 2381 1993 147 Report of cases determined … from May 8, 1934 to December 22, 1934, by
935 2462 219 51 Homer
1199 2461 70 53 A.
1317 2462 163 61 Holt,
1526 2465 261 63 attorney
1834 2463 231 66 general
2111 2463 114 53 and
346 2480 1992 114 ex-officio
552 2544 274 63 reporter.
893 2538 244 55 Volume
1169 2543 115 49 115.

1352 2539 417 67 Parkersburg,
1799 2541 120 52 The
1955 2540 193 55 Scholl
346 2540 1993 146 printing
473 2637 300 49 company,
800 2621 151 50 1935.

417 2692 87 46 liii,
535 2692 84 40 848
648 2703 44 37 p.
749 2692 55 40 23c
825 2693 27 21 m
858 2720 8 8 .

348 2758 53 52 ©
432 2761 111 41 Feb.
571 2762 40 47 3,
643 2761 142 45 1936;
819 2760 66 40 2c.
919 2761 111 40 Feb.
1061 2761 83 46 21;
1179 2760 83 40 aff.
1293 2761 113 48 Apr.
1440 2761 81 46 18;
1555 2761 41 39 A
1627 2760 172 47 93718;
1837 2761 138 40 State
2008 2762 51 40 of
2092 2763 135 40 West

418 2762 1928 104 Virginia,
599 2819 306 44 Charleston,
937 2819 72 39 W.
1041 2818 86 39 Va.

348 2921 311 63 Wharton,
684 2924 140 52 Mrs.
856 2920 184 55 Edith
1068 2920 282 54 Newbold
1383 2920 241 66 (Jones)
1665 2927 170 50 1862-

421 3000 122 53 The
578 3000 182 53 world
796 3017 152 50 over,
980 2998 76 68 by
1093 2998 182 54 Edith
1313 2999 300 53 Wharton.
1708 2999 139 53 New
1887 3000 180 67 York,
2105 3001 257 66 London,

350 3079 69 51 D.
453 3076 583 70 Appleton-Century
1066 3094 301 51 company,
1398 3077 419 68 incorporated,
1848 3080 149 50 1936.

420 3153 27 39 5
474 3163 43 38 p.
582 3182 8 15 l.,
616 3149 159 49 3-308,
808 3150 52 50 [1]
893 3161 43 38 p.
998 3150 116 42 20cm.

790 3206 1566 49 CONTENTS. —Charm incorporated. — Pomegranate seed. — Permanent
351 3263 768 43 wave.—Confession.—Roman
1150 3263 316 41 fever.—The
1500 3262 680 50 looking-glass.—Duration.

348 3331 53 52 ©
427 3335 113 47 Apr.
567 3334 69 48 24,
666 3333 113 41 1936;
835 3333 67 41 2c.
930 3335 94 38 and
1053 3334 83 42 aff.
1164 3334 113 47 Apr.
1305 3334 81 41 27;
1418 3335 39 37 A
1485 3334 144 40 93844;
1685 3335 56 39 D.
1771 3334 479 47 Appleton-Century
2278 3345 83 36 co.,

418 3392 90 40 inc.
581 3391 252 48 (36-9233)

347 3494 398 65 Willoughby,
772 3493 255 56 William
1057 3492 303 65 Franklin,
1391 3495 172 54 1867-

419 3569 1876 70 The government of modern states, by W. F. Willoughby …
352 3650 135 52 Rev.
525 3649 113 53 and
674 3649 105 52 enl.
818 3649 84 53 ed.
979 3647 138 54 New
1158 3647 179 67 York,
1371 3647 260 67 London,
1666 3649 71 51 D.
1774 3647 582 69 Appleton-Century

350 3745 299 48 company,
680 3725 403 68 incorporated
1122 3760 12 33 [
1139 3733 18 21 c
1162 3728 133 51 1936]

421 3798 119 44 xxii,
576 3797 86 41 539
694 3809 43 37 p.
798 3798 117 40 23cm.
986 3797 97 49 (On
1119 3810 163 30 cover:
1314 3799 102 39 The
1451 3796 214 50 Century
1698 3798 219 50 political
1952 3799 187 41 science
2173 3797 176 49 series)

422 3855 264 40 Published
723 3856 48 38 in
808 3855 115 40 1919
959 3856 154 40 under
1151 3855 135 41 title:
1326 3855 71 39 An
1433 3855 330 40 introduction
1800 3858 48 37 to
1885 3857 81 39 the
2005 3856 145 48 study
2187 3857 52 39 of
2276 3857 81 39 the

350 3913 315 44 government
696 3911 53 40 of
776 3913 198 38 modern
1006 3913 168 40 states.

350 3981 53 53 ©
429 3986 112 47 Apr.
571 3986 67 46 17,
668 3986 139 45 1936;
835 3986 66 40 2c.
929 3987 94 39 and
1053 3985 81 40 aff.
1162 3986 113 47 Apr.
1304 3987 81 45 18;
1416 3986 39 38 A
1481 3984 171 43 93716;
1684 3986 55 39 D.
1769 3986 478 47 Appleton-Century
2275 3995 83 37 co.,

419 4041 90 43 inc.
577 4043 253 49 (36-9211)
