2519 4377
1342 4103 102 52 1526

375 412 248 65 Gilbert,
649 413 194 65 Mark,
873 414 85 53 ed.

445 488 265 56 Wisdom
758 489 64 55 of
871 489 97 55 the
1017 505 131 50 ages;
1230 490 265 55 fourteen
1545 492 264 54 hundred
1859 498 265 65 concepts
2172 494 63 54 of
2282 498 113 51 two

375 567 264 54 hundred
670 568 290 69 everyday
992 568 250 69 subjects
1273 570 76 68 by
1382 569 136 55 four
1549 571 265 53 hundred
1846 577 165 63 great
2040 572 261 55 thinkers
2333 573 63 54 of

375 645 187 70 thirty
605 646 232 55 nations
883 647 314 70 extending
1242 666 133 36 over
1420 647 109 55 five
1574 650 289 53 thousand
1906 668 185 52 years,
2134 652 262 69 together

377 725 139 53 with
563 745 32 34 a
641 725 234 69 preface
920 726 114 53 and
1080 745 32 34 a
1154 725 140 56 final
1342 728 212 54 section
1600 727 307 55 “X-Y-Z”
1964 729 217 69 (which
2225 731 172 54 latter

374 803 207 54 should
619 806 158 52 solve
812 810 150 49 most
999 804 288 70 problems
1324 806 63 53 in
1423 807 274 69 business,
1735 808 247 69 private,
2021 827 64 35 or
2124 808 273 56 domestic

375 882 135 70 life)
566 883 112 70 [by]
724 883 175 55 Mark
940 883 244 57 Gilbert.
1264 883 234 56 Garden
1541 886 154 70 City,
1736 887 71 52 N.
1851 887 90 70 Y.,
1983 887 234 56 Garden
2260 888 137 71 City

376 961 339 72 publishing
744 981 301 53 company,
1074 964 110 55 inc.
1221 998 13 36 [
1239 970 19 22 c
1262 968 154 65 1936]

444 1037 140 50 xxiii,
614 1036 88 43 382
729 1048 45 39 p.
832 1036 58 42 21
894 1039 46 23 cm
942 1070 10 10 .

377 1091 53 53 ©
461 1096 121 47 Aug.
617 1094 71 44 10.
722 1094 117 42 1936;
900 1095 69 44 2c.
1004 1096 97 40 and
1133 1097 83 39 aff.
1254 1097 102 41 Oct.
1393 1097 55 39 17;
1513 1099 40 38 A
1585 1097 146 41 98989;
1796 1099 195 40 Garden
2025 1099 112 48 City
2169 1100 111 48 pub.
2314 1110 83 39 co.,

448 1153 91 41 inc.
614 1152 286 52 (36-24657)

374 1260 252 66 Gruyer,
654 1261 168 64 Paul,
850 1266 330 53 1868-1930.

509 1336 1881 72 … Napoleon, roi de Pile d’Elbe … [Paris] Hachette [1936]
446 1407 1152 53 251 p., 2 l. 19cm. (La vivante histoire)
445 1465 248 49 Abridged
724 1466 200 41 edition.

378 1506 1932 69 © Apr. 4, 1936; 1c . July 6; A-Foreign 32267; Librairie Hachette.
458 1582 286 54 (36-24958)

374 1690 153 65 Hall,
554 1688 259 56 William
837 1690 188 65 Scott,
1054 1695 173 50 1905-

507 1768 1889 69 … The Journeymen barbers’ international union of America,
375 1844 2021 72 by W. Scott Hall … Baltimore, The Johns Hopkins press,
376 1928 149 52 1936.

447 1998 56 39 121
566 2009 45 37 p.
675 1994 59 43 24½cm.
899 1998 128 47 (The
1060 1998 155 41 Johns
1252 1998 224 48 Hopkins
1516 1998 274 48 university
1827 1998 189 40 studies
2052 1998 53 41 in
2139 1997 258 42 historical

376 2056 98 40 and
502 2055 221 49 political
754 2055 200 40 science.
1018 2055 161 42 Series
1292 2088 9 17 LIV,
1328 2067 76 30 no.
1434 2055 51 49 3)

376 2110 55 54 ©
461 2114 101 40 Oct.
594 2113 41 48 2,
666 2112 117 41 1936;
841 2112 68 40 2c.
940 2112 99 40 and
1069 2112 81 41 aff.
1185 2113 102 41 Oct.
1319 2113 57 38 14;
1435 2114 42 38 A
1507 2111 146 41 98901;
1715 2113 155 40 Johns
1903 2111 225 50 Hopkins
2156 2121 153 40 press.

458 2169 284 51 (36-24908)

372 2277 356 65 Hammond,
756 2276 233 65 George
1011 2276 197 65 Peter,
1238 2281 172 51 1896-

448 2354 122 53 The
603 2360 162 61 story
798 2353 66 53 of
900 2353 141 53 New
1073 2352 245 68 Mexico,
1349 2351 75 55 its
1458 2352 223 69 history
1718 2352 113 53 and
1866 2357 376 63 government
2282 2352 93 68 [by]

376 2429 2019 72 George P. Hammond, PH. D. and Thomas C. Donnelly, PH. D.
375 2510 426 69 Albuquerque,
828 2509 123 53 The
978 2508 342 69 University
1348 2507 66 54 of
1442 2509 140 53 New
1610 2507 226 54 Mexico
1867 2526 177 51 press,
2076 2511 153 52 1936.

446 2584 85 42 331
563 2595 45 38 p.
668 2584 166 47 front.,
865 2583 131 41 illus.
1025 2581 135 49 (incl.
1191 2582 164 49 maps)
1425 2581 118 44 20cm.

450 2640 252 43 “Selected
742 2638 306 43 references”
1087 2641 54 40 at
1178 2639 93 41 end
1311 2639 53 42 of
1401 2640 127 40 most
1565 2638 52 42 of
1656 2638 83 42 the
1777 2639 229 49 chapters;
2077 2637 73 42 “A
2186 2638 210 42 selected

377 2697 84 41 list
489 2696 54 42 of
566 2697 152 41 books
743 2697 98 40 and
867 2694 280 51 magazines
1171 2696 80 39 for
1277 2695 188 49 library
1491 2705 85 32 use
1603 2696 49 40 in
1678 2694 177 43 civics”:
1914 2706 43 38 p.
1986 2694 221 43 319-320.

375 2750 55 53 ©
463 2755 123 47 Aug.
619 2754 45 49 1,
702 2752 115 41 1936;
882 2753 68 40 2c.
988 2753 95 39 and
1122 2752 83 42 aff.
1244 2752 103 41 Oct.
1385 2753 55 39 17;
1506 2752 40 40 A
1584 2750 147 42 99397;
1800 2752 52 40 G.
1892 2753 49 39 P.
1981 2751 278 40 Hammond
2298 2750 97 40 and

446 2812 216 40 Thomas
691 2811 49 42 C.
771 2810 256 49 Donnelly,
1058 2810 358 48 Albuquerque,
1447 2810 57 40 N.
1532 2810 64 40 M.
1691 2807 285 50 (36-23570)

372 2903 232 66 Harris,
633 2902 251 57 Charles
906 2899 277 68 William,
1211 2907 174 50 1880-

446 2975 1944 73 Hydraulics, by Charles W. Harris … New York, J. Wiley
373 3060 45 50 &
451 3076 147 46 sons,
632 3058 108 53 inc.;
807 3057 263 68 London,
1104 3055 303 70 Chapman
1440 3057 45 50 &
1519 3054 162 70 Hall,
1715 3054 242 68 limited,
1995 3056 150 53 1936.

443 3130 99 47 xiv,
577 3129 90 40 220
700 3140 42 38 p.
803 3128 165 49 front.,
1007 3127 144 49 illus.,
1186 3129 180 48 diagrs.
1428 3128 56 40 23½cm.
1711 3126 130 50 $2.75

377 3185 54 53 ©
464 3190 128 47 Sept.
624 3188 72 49 30,
731 3187 116 42 1936;
909 3187 66 40 2c.
1012 3187 95 40 and
1143 3187 81 41 aff.
1260 3187 103 41 Oct.
1397 3187 26 39 7;
1486 3188 40 38 A
1558 3185 137 41 99201;
1769 3187 49 40 G.
1853 3187 71 41 W.
1960 3185 195 48 Harris,
2194 3185 198 42 Seattle.

458 3246 284 49 (36-25234)

371 3338 261 65 Havens,
663 3338 230 64 George
919 3334 382 67 Remington,
1329 3339 172 51 1890-
1714 3335 85 53 ed.

443 3415 158 68 Easy
646 3414 227 53 French
919 3412 287 69 readings,
1253 3412 192 53 edited
1490 3412 76 68 by
1613 3411 222 68 George
1880 3412 68 52 R.
1996 3411 236 52 Havens
2277 3409 112 54 and

374 3490 1918 69 Olin H. Moore … New York, H. Holt and company [c1936]
443 3567 117 48 xvii,
587 3565 101 50 518,
716 3567 132 40 cxvii
872 3576 44 39 p.
971 3566 129 41 illus.
1130 3564 135 51 (incl.
1290 3565 179 48 music)
1505 3575 153 39 maps.
1714 3564 57 40 20½cm.

444 3623 141 51 Maps
619 3635 61 31 on
713 3623 367 50 lining-papers.

375 3678 54 53 ©
463 3682 102 41 Oct.
599 3681 40 47 9,
675 3680 116 41 1936;
853 3679 68 42 2c.
956 3680 98 40 and
1088 3680 83 41 aff.
1208 3680 103 40 Oct.
1344 3679 49 39 21;
1467 3680 42 39 A
1541 3677 146 41 99428;
1750 3679 168 45 Henry
1955 3677 120 40 Holt
2110 3677 37 41 &
2181 3686 84 38 co.,
2299 3676 92 40 inc.

457 3737 284 51 (36-24658)

371 3831 271 65 Holland,
669 3831 155 53 John
852 3829 253 65 Wesley,
1135 3830 172 55 1877-

443 3900 1944 73 Mother’s thimble & other poems … by John W. Holland.
376 3985 294 65 [Chicago,
698 3985 122 54 The
850 3983 227 56 Prairie
1106 4000 175 50 press,
1308 3989 19 22 c
1332 3986 154 64 1936]
