2519 4377
1015 4111 98 50 913

76 463 304 52 Alabama.
454 462 276 65 Supreme
759 466 173 47 court.

146 541 216 65 Report
390 538 63 53 of
483 556 152 34 cases
665 538 212 67 argued
910 538 108 52 and
1051 536 348 54 determined
1438 579 54 10 ...
1529 536 211 67 during
1770 536 95 53 the
75 536 1966 134 October

201 622 172 48 terms
405 619 149 62 1934,
588 619 152 63 1935,
770 616 74 66 by
874 616 180 52 Noble
1085 617 75 51 H.
1197 614 163 67 Seay,
1392 619 255 62 reporter
1680 614 63 52 of
1774 612 290 54 decisions,

76 695 222 53 volume
329 696 115 50 231.
523 692 81 55 St.
638 694 166 58 Paul,
833 695 201 64 Minn.,
1063 695 158 51 West
1251 692 334 67 publishing
1616 710 96 48 co.,
1746 695 148 50 1936.

147 766 97 48 xxi,
278 766 84 41 780
392 776 43 37 p.
496 765 57 40 26½
584 767 46 22 cm
634 798 8 8 .

77 819 53 53 ©
168 824 127 39 June
332 821 69 48 19,
440 820 139 48 1936;
620 821 67 40 2c.
730 822 115 46 July
884 822 80 46 13;
1007 821 81 39 aff.
1130 821 116 46 July
1285 820 81 46 15;
1408 820 42 39 A
1487 819 172 48 96499;
1702 818 122 41 Bibb
1867 818 199 50 Graves,

145 888 233 38 governor
403 878 52 40 of
475 878 251 47 Alabama,
751 878 77 39 for
849 888 84 29 use
957 877 52 40 of
1031 876 105 40 said
1161 877 142 46 state,
1327 877 346 47 Montgomery,
1699 876 106 41 Ala.

75 979 313 55 American
421 981 110 52 law
563 985 221 62 reports
814 981 321 52 annotated.
1205 979 207 53 Editor
1441 980 61 52 in
1535 977 170 69 chief,
1736 979 220 67 George
1987 979 77 53 H.

145 1058 284 66 Parmele;
464 1058 322 67 consulting
816 1056 200 69 editor,
1044 1058 261 53 William
1334 1059 78 51 M.
1443 1056 356 68 McKinney;
145 1074 1898 128 managing

281 1134 227 68 editors,
544 1135 208 53 Edwin
791 1135 202 67 Stacey
1031 1135 186 54 Oakes
1311 1135 96 66 [and]
1449 1135 215 53 Robert
1701 1136 65 51 E.
144 1133 1897 146 Heinselman,

325 1211 234 55 assisted
593 1213 74 66 by
701 1213 94 52 the
828 1213 415 67 exceptionally
1277 1212 366 68 experienced
1677 1210 266 56 editorial
145 1232 1898 125 organizations

542 1291 63 52 of
646 1291 96 53 the
785 1290 335 67 publishers,
1202 1309 50 34 v.
1299 1293 115 50 102.
1493 1291 322 66 Rochester,
1858 1292 70 53 N.
1975 1291 90 67 Y.,

145 1369 119 51 The
299 1369 265 65 Lawyers
600 1369 381 65 co-operative
1016 1366 332 68 publishing
1384 1386 306 48 company;
1732 1367 115 55 San
143 1370 1900 141 Francisco,

334 1445 192 66 Calif.,
556 1444 581 67 Bancroft-Whitney
1165 1462 296 50 company,
1494 1448 148 51 1936.

145 1517 99 47 viii,
274 1518 116 40 1656
415 1528 44 37 p.
517 1517 56 40 25½
605 1520 44 21 cm
653 1548 9 8 .

75 1570 52 54 ©
154 1574 115 48 July
296 1575 38 42 6,
363 1573 139 49 1936;
530 1573 67 42 2c.
626 1574 117 47 July
769 1574 81 47 15;
881 1573 81 40 aff.
992 1574 115 47 July
1135 1573 53 47 9;
1218 1574 41 40 A
1285 1573 171 47 97043;
1487 1573 229 48 Lawyers
1744 1572 323 50 co-operative

144 1631 107 48 pub.
281 1641 67 31 co.
378 1631 95 39 and
498 1630 488 48 Bancroft-Whitney
1014 1640 66 31 co.

74 1734 313 54 American
411 1734 191 64 public
625 1734 204 53 health
856 1734 374 55 association.

146 1810 290 56 Standard
461 1810 258 54 methods
747 1810 94 54 for
867 1810 95 55 the
989 1809 383 54 examination
1400 1810 63 54 of
1490 1815 175 48 water
1692 1810 112 54 and
1831 1828 233 51 sewage.

76 1890 98 51 8th
221 1887 282 54 ed.—first
548 1888 278 69 printing.
908 1888 310 68 Prepared,
1265 1888 291 68 approved
1605 1889 110 52 and
1762 1888 303 68 published

74 1964 210 70 jointly
328 1966 75 68 by
449 1965 97 55 the
590 1965 309 54 American
944 1965 194 69 public
1182 1966 196 53 health
1426 1965 336 54 association
1810 1967 113 52 and
1968 1968 98 53 the

74 2043 303 54 American
411 2049 175 48 water
618 2044 184 53 works
835 2043 352 54 association.
1254 2044 140 52 New
1426 2043 179 69 York,
1637 2044 69 55 N.
1741 2044 91 68 Y.,

75 2044 1967 129 American
228 2121 195 69 public
449 2121 195 53 health
673 2119 352 69 association,
1056 2125 149 50 1936.

143 2195 96 47 xiv,
267 2194 86 41 309
378 2206 44 37 p.
481 2194 142 48 illus.,
652 2194 178 50 diagrs.
888 2194 55 40 24½
976 2197 43 22 cm
1025 2227 8 8 .

142 2251 226 42 Includes
403 2251 390 51 bibliographies.

74 2304 53 53 ©
151 2310 126 39 June
300 2309 68 48 26,
394 2309 139 44 1936;
560 2310 67 40 2c.
654 2310 96 39 and
777 2310 80 42 aff.
885 2310 115 47 July
1025 2311 25 39 3;
1105 2310 42 40 A
1171 2310 142 40 96283;
1370 2311 158 41 Amer,
1553 2310 163 48 public
1740 2311 170 40 health
1936 2321 130 32 assn,

143 2365 96 39 and
266 2366 158 40 Amer,
453 2367 153 38 water
633 2366 161 39 works
822 2376 142 38 assn.,
993 2367 117 38 New
1138 2367 145 40 York.
1351 2366 279 49 (36-15366)

72 2467 291 65 Barrows,
390 2468 304 63 Marjorie.

141 2541 120 52 The
292 2541 186 69 pirate
512 2542 63 54 of
608 2544 179 67 Pooh,
822 2544 112 53 and
970 2545 160 52 other
1163 2544 164 69 plays
1363 2544 93 53 for
1492 2544 274 69 children,
1798 2546 75 69 by
70 2546 1970 140 Marjorie
252 2621 280 54 Barrows.
607 2621 138 52 New
785 2621 181 69 York,
1005 2621 252 70 Chicago
1318 2627 119 63 [etc.]
1483 2623 187 68 Rand,
1706 2623 275 70 McNally
2019 2627 46 51 &

72 2701 503 65 company [ c 1936]
142 2769 85 41 192
258 2781 43 38 p.
361 2770 126 41 illus.
547 2771 145 42 19½cm.

75 2823 52 54 ©
153 2829 113 46 July
293 2830 38 46 6,
358 2828 114 42 1936;
525 2830 68 40 2c.
618 2829 117 48 July
760 2831 46 39 11;
872 2830 80 40 aff.
981 2831 115 47 July
1123 2831 53 40 13;
1234 2831 40 39 A
1299 2830 143 41 96411;
1500 2832 154 48 Rand,
1684 2833 225 47 McNally
1934 2833 38 40 &
1998 2843 68 30 co.

154 2885 277 49 (36-15412)

73 2973 262 65 Bassett,
360 2975 150 54 Sara
533 2976 192 64 Ware,
755 2977 170 54 1872-

147 3090 56 11 ...
237 3050 237 52 Eternal
500 3051 185 67 deeps.
750 3050 230 56 Garden
1010 3050 152 71 City,
1190 3052 70 53 N.
1292 3052 90 67 Y.,
1406 3052 357 70 Doubleday,
1790 3054 198 53 Doran
2019 3056 45 51 &

71 3144 296 52 company,
399 3127 126 69 inc.,
559 3131 150 52 1936.

145 3199 27 40 6
198 3210 43 37 p.
269 3184 157 63 1.7268
450 3211 43 37 p.
554 3200 55 41 19½cm.

145 3256 162 42 “First
337 3257 225 40 edition.”

75 3310 52 53 ©
159 3316 115 47 July
303 3317 40 46 3,
375 3315 141 47 1936;
549 3317 67 39 2c.
651 3316 95 39 and
779 3316 80 39 aff.
895 3317 115 47 July
1042 3318 81 46 13;
1157 3318 48 42 A
1229 3318 170 47 96437;
1438 3319 44 41 S.
1516 3320 71 39 W.
1622 3320 210 48 Bassett,
1867 3320 198 39 Boston.

155 3371 277 47 (36-15257)

72 3458 217 65 Bemis,
319 3460 208 54 Albert
557 3462 264 65 Farwell,
854 3463 169 54 1870-

145 3537 120 53 The
306 3536 265 70 evolving
608 3539 188 54 house,
873 3541 221 53 volume
1137 3545 46 49 3.
1225 3541 269 53 Rational
1537 3540 213 70 design.
1831 3545 88 64 By

74 3542 1965 127 Albert
222 3616 243 52 Farwell
492 3618 206 52 Bemis.
761 3618 360 67 Cambridge,
1143 3621 190 63 Mass.,
1358 3620 120 52 The
1502 3621 364 66 Technology
1893 3639 172 48 press,

74 3692 438 55 Massachusetts
538 3693 259 54 institute
826 3696 63 52 of
915 3696 338 66 technology
1285 3731 12 32 [
1303 3704 17 20 c
1326 3700 132 50 1936
1464 3731 12 33 ]

280 3795 10 10 xxxv.
322 3765 83 40 625
436 3776 44 37 p.
541 3766 87 42 col.
661 3766 163 49 front.,
855 3766 128 41 illus.
1013 3765 100 49 (incl.
1179 3769 164 47 plans)
1384 3770 140 47 port.,
1558 3769 116 43 fold,
1709 3769 142 49 table,
1886 3769 181 48 diagrs.

75 3820 55 41 23½cm.

145 3876 347 48 Bibliography;
553 3878 90 41 vol.
676 3888 73 40 m,
783 3889 44 37 p.
859 3878 216 41 609-611.

77 3928 52 52 ©
162 3933 127 39 June
316 3935 40 44 3,
390 3933 112 40 1936;
565 3934 66 39 2c.
667 3935 126 39 June
826 3936 54 39 18;
943 3935 82 40 aff.
1061 3935 115 47 July
1209 3936 54 38 21;
1329 3937 40 38 A
1401 3936 143 41 96045;
1608 3937 49 38 F.
1695 3937 158 48 Gregg
1887 3938 178 47 Bemis,

147 3989 125 40 Alan
307 3990 48 40 C.
391 3989 176 48 Bemis,
603 3990 188 40 Judson
826 3990 174 49 Bemis,
1037 3993 253 37 executors
1326 3992 53 39 of
1413 3993 81 39 the
1529 3994 156 39 estate
1724 3993 51 40 of
1808 3993 169 40 Albert
2013 3994 53 39 F.

146 4045 175 43 Bemis,
352 4047 194 38 Boston.
