2519 4377
1097 4157 98 51 1663

170 564 84 48 xii,
290 563 85 41 624
411 573 44 38 p.
522 561 143 54 illus.,
701 562 159 47 plates
908 560 136 49 (part
1078 558 111 49 col.)
1234 559 150 47 ports.
1434 556 48 49 (1
1521 555 110 48 col.)
1680 564 138 38 maps
1865 553 49 50 (1
1951 553 143 49 fold.)

99 620 213 41 facsims.
344 619 49 50 (2
420 619 131 47 fold.,
579 619 24 39 1
633 619 112 47 col.)
814 617 117 41 27cm.

452 713 59 6 CONTENTS.—
514 690 99 40 Der
650 700 138 29 raum
827 690 96 39 und
963 688 131 40 seine
1134 696 205 38 grenzen:
1408 684 100 40 Der
1546 684 231 40 deutsche
1818 681 149 42 Osten
2010 682 97 40 und

101 749 89 40 das
228 748 143 46 reich,
408 758 92 29 von
539 746 62 40 M.
639 746 60 39 H.
738 745 195 41 Boehm.
1003 745 100 40 Der
1140 753 139 31 raum
1318 740 426 43 Ostdeutschland,
1785 750 91 30 von
1917 739 190 40 Walter

102 804 198 42 Geisler.
362 804 90 40 Die
481 813 205 37 grenzen
720 803 86 40 der
836 802 278 40 Deutschen
1146 800 64 40 im
1242 801 233 45 ostraum,
1506 808 93 30 von
1630 798 55 39 A.
1720 796 60 42 H.
1814 796 293 48 Ziegfeld.—

105 860 90 41 Die
244 860 256 41 teilräume:
583 858 337 48 Ostpreussen,
973 869 91 29 von
1115 855 114 42 Otto
1279 855 399 41 Weber-Krohse.
1758 854 202 48 Danzig,
2015 863 92 30 von

105 916 145 41 Erich
277 916 212 41 Lindow.
545 914 90 43 Die
663 915 198 48 provinz
890 915 268 47 Pommera,
1188 923 91 30 von
1309 911 147 42 Erich
1486 911 284 41 Murawski.
1825 910 93 42 Die
1947 920 162 39 grenz-

105 975 139 40 mark
279 973 561 48 Posen-Westpreussen,
878 983 91 30 von
1009 971 147 41 Erich
1193 970 283 41 Murawski.
1540 968 436 50 Niederschlesien,
2016 978 94 31 von

105 1031 145 41 W.-E.
284 1031 249 41 Peuckert.
602 1029 380 46 Oberschlesien,
1020 1039 91 30 von
1147 1028 123 40 Karl
1309 1027 252 41 Sczodrok.
1624 1026 358 48 Mecklenburg,
2017 1036 91 30 von

105 1087 138 41 Hans
273 1087 164 41 Witte.
496 1087 91 41 Die
618 1087 140 40 mark
789 1086 365 47 Brandenburg,
1187 1096 93 29 von
1310 1083 253 41 Friedrich
1595 1083 176 48 Lange.
1833 1082 274 41 Grenzland

110 1144 225 48 Sachsen,
389 1155 93 30 von
536 1143 178 41 Moritz
767 1143 213 40 Durach.
1063 1143 89 41 Die
1205 1141 283 48 bayerische
1543 1141 234 48 ostmark,
1832 1151 94 29 von
1982 1140 131 41 Kurt

107 1200 421 50 Trampler.—Die
555 1200 412 40 nachbarstaaten:
1025 1199 90 41 Die
1141 1199 415 41 nachbarstaaten
1583 1198 65 39 im
1680 1196 162 50 Osten,
1874 1208 91 30 von
1998 1196 114 42 Otto

109 1258 253 41 Hoetzsch.
418 1257 91 42 Die
535 1257 496 47 Tschechoslowakei,
1061 1267 92 30 von
1180 1255 176 41 Moritz
1381 1254 378 42 Durach.—Das

1777 1255 112 41 volk:
109 1254 1986 101 Volkstum
254 1317 97 38 und
396 1314 355 41 lebensformen
795 1315 64 38 im
903 1314 264 40 deutschen
1213 1312 164 49 Osten,
1420 1323 92 30 von
1558 1312 124 41 Paul
1727 1312 219 41 Fechter.
2021 1312 91 41 Die

109 1371 274 42 rassischen
424 1371 300 48 grundlagen
766 1372 83 39 des
891 1370 343 41 ostdeutschen
1278 1370 282 46 volkstums,
1604 1380 92 29 von
1738 1369 186 42 Rudolf
1962 1369 148 41 Grau.

110 1428 271 42 Deutsches
452 1427 157 41 vorfeld
649 1428 65 39 im
758 1426 162 47 Osten,
963 1438 92 29 von
1096 1427 59 40 K.
1199 1427 48 41 C.
1290 1426 433 42 Thalheim.—Der
1763 1437 105 38 weg
1909 1427 87 42 der
2041 1436 73 38 ge-

109 1484 216 42 schichte:
381 1485 101 41 Der
509 1486 232 39 deutsche
771 1483 148 42 Osten
950 1484 73 40 bis
1055 1494 106 30 zum
1194 1485 118 40 ende
1346 1486 83 39 des
1460 1485 380 47 ordensstaates,

1869 1494 93 30 von
110 1484 1988 97 Hermann
285 1542 173 40 Aubin.
519 1541 101 41 Der
649 1542 231 40 deutsche
912 1540 148 41 Osten
1093 1551 106 30 vom
1234 1542 119 39 ende
1387 1542 83 40 des
1501 1542 367 40 ordensstaates
1898 1541 76 41 bis
2005 1551 107 31 zum

109 1598 293 49 Weltkriege,
431 1608 91 32 von
553 1597 148 42 Erich
731 1597 244 42 Maschke.
1034 1598 100 41 Der
1163 1599 230 40 deutsche
1425 1596 149 43 Osten
1603 1597 50 42 in
1685 1599 87 41 der
1803 1598 181 50 kriegs-
2015 1599 98 41 und

110 1655 400 48 nachkriegszeit,
538 1666 92 30 von
659 1656 131 40 Kurt
815 1666 91 29 von
933 1655 383 41 Raumer.—Die
1341 1655 280 42 Wirtschaft:
1677 1656 106 41 Das
1808 1658 195 39 werden
2031 1658 84 40 der

111 1712 343 41 ostdeutschen
483 1712 293 48 Wirtschaft,
807 1723 91 30 von
928 1711 187 42 Gustav
1142 1712 174 40 Aubin.
1374 1712 90 41 Die
1495 1714 311 40 ostdeutsche
1835 1714 281 41 Wirtschaft

113 1770 84 39 der
223 1771 289 46 gegenwart,
541 1780 93 29 von
660 1769 58 40 K.
745 1768 48 42 C.
821 1768 425 42 Thalheim.—Die
1273 1770 170 40 kultur:
1500 1770 330 41 Geistesleben
1860 1773 97 39 und
1988 1772 128 40 dich-

112 1826 120 46 tung
264 1827 84 40 des
383 1827 265 39 deutschen
687 1825 188 47 Ostens,
913 1837 92 29 von
1041 1826 254 41 Friedrich
1331 1826 237 42 Andreae.
1628 1827 92 42 Die
1758 1828 358 42 künstlerische

114 1881 212 50 leistung
365 1884 83 39 des
488 1883 264 40 deutschen
795 1882 188 47 Ostens,
1027 1894 92 29 von
1162 1883 191 41 Hubert
1396 1883 390 43 Schrade.—Der
1826 1897 123 32 neue
1992 1886 96 41 bau:

112 1937 99 41 Der
235 1940 231 40 deutsche
492 1938 148 43 Osten
667 1940 73 41 als
766 1940 210 48 aufgabe
1002 1942 97 39 und
1125 1940 73 41 als
1223 1940 309 49 kraftquelle,
1559 1952 93 30 von
1678 1942 59 40 K.
1766 1941 50 42 C.
1843 1943 271 41 Thalheim.

114 1995 89 42 Die
241 1996 353 48 lebensgesetze
631 1998 85 39 des
755 1998 263 40 deutschen
1059 1996 188 50 Ostens,
1287 2008 92 30 von
1416 1998 56 41 A.
1513 1998 61 41 H.
1617 1999 501 48 Ziegfeld.—Schrift-

112 2052 396 42 tums-nachweis
553 2053 66 48 (p.
662 2052 258 52 [603]-610)

118 2120 2003 60 © May 14, 1936; 1c. Aug. 18: A- Foreign 32814; Propyläen-verlag,
189 2192 41 36 g.
262 2192 58 32 m.
350 2182 41 40 b.
421 2182 45 40 h.
535 2181 282 49 (36-32351)

116 2287 126 63 Tyl.

248 2364 1466 73 … Marquita au col d’or. Paris, J. Tallandier [1936]
189 2450 84 41 254
297 2462 44 38 p.
395 2451 57 39 16½cm.
605 2451 100 48 (On
730 2461 142 32 cover
878 2464 15 29 :
920 2453 88 41 Les
1035 2464 195 31 romans
1256 2455 149 41 bleus.
1465 2456 245 49 [Nouvelle
1739 2458 138 42 série.
1933 2472 30 28 no
2017 2461 95 51 10])

122 2518 2004 56 © Mar. 16, 1936; 1c. May 11; A- Foreign 31712; Société d’éditions et
193 2579 58 40 de
287 2578 339 49 publications,
665 2579 155 41 Paris.
898 2579 281 49 (36-32102)

122 2681 152 63 Veit,
302 2682 251 65 Johann,
585 2686 172 50 1852-
969 2685 83 52 ed.

192 2761 326 52 Handbuch
550 2761 99 53 der
680 2762 395 68 gynäkologie.
1144 2768 66 62 3.,
1240 2764 181 68 völlig
1451 2766 299 56 neubearb.
1783 2769 118 53 und

124 2771 1975 120 erweiterte
295 2839 126 52 aufl.
452 2839 96 52 des
576 2839 388 53 Handbuches
992 2841 100 52 der
1120 2842 379 70 gynäkologie
1530 2862 110 34 von
1669 2847 55 55 J.
1755 2847 151 69 Veit,
1935 2849 188 55 bearb.

125 2918 1940 70 von W. Berblinger … [u. a.] Hrsg, von dr. W. Stoeckel …
125 2999 44 48 9.
202 2995 88 53 bd.
323 2996 109 52 Die
460 2995 327 66 bedeutung
816 2997 100 53 der
947 2998 230 53 inneren
1210 3000 281 53 Sekretion
1524 3002 99 53 für
1653 3003 91 54 die
125 3004 1975 121 frauenheilkunde.

410 3073 1656 79 [Bearbeitet von W. Berblinger … C. Clauberg …
129 3152 64 51 E.
229 3152 55 53 J.
321 3151 192 52 Kraus
619 3185 11 32 …]
712 3153 303 58 München,
1051 3156 55 51 J.
1144 3156 63 52 F.
1246 3156 346 69 Bergmann,
1631 3162 148 51 1936.

199 3234 81 49 xii,
313 3235 126 50 1107,
472 3236 56 50 [1]
559 3247 44 38 p.
663 3237 128 41 illus.
833 3240 134 47 (part
998 3239 112 47 col.)
1153 3240 169 42 tables.
1381 3241 116 42 28cm.

201 3306 609 40 “Literaturverzeichnis”:
874 3318 43 38 p.
953 3307 275 44 1047-1055.

131 3372 1886 61 © June 19, 1936; 1c . Dec. 3; A- Foreign 33622; J. F. Bergmann.
130 3495 225 63 Weber,
385 3494 301 54 Johannes
714 3496 221 53 Martin
966 3498 197 54 Erich.

202 3572 112 53 Des
346 3570 295 55 konditors
673 3572 156 55 lehre
856 3573 114 51 und
1045 3575 364 69 vorbereitung
1441 3577 105 53 auf
1577 3577 93 54 die
1698 3581 282 67 gehilfen-
2014 3586 116 52 und

131 3647 516 69 meister-prüfung
672 3650 58 52 in
761 3648 164 69 frage
951 3651 116 52 und
1095 3658 262 49 antwort.
1419 3658 47 50 4.
1493 3656 152 53 verb,
1670 3659 116 52 und
1814 3659 316 57 bedeutend

134 3744 169 34 verm.
331 3726 128 53 aufl.
489 3744 109 34 von:
658 3727 147 52 Vom
831 3727 251 68 lehrling
1109 3748 126 33 zum
1264 3731 244 69 meister,
1536 3733 455 70 herausgegeben
2021 3756 108 38 von

133 3803 54 53 J.
216 3803 78 52 M.
322 3802 175 53 Erich
521 3802 220 54 Weber.
804 3804 113 54 Alit
947 3808 98 49 132
1073 3805 403 70 abbildungen.
1536 3811 595 73 Radebeul-Dresden,

133 3879 519 68 J. M. E. Weber [1936]
204 3965 1046 51 4 p. l., 304 p. front, (port.) illus. 25½cm.
137 4030 52 53 ©
220 4036 120 39 Mar.
370 4034 39 48 5,
440 4033 140 49 1936;
614 4036 66 38 1c.
711 4035 116 47 July
857 4036 81 46 17;
971 4038 40 38 A
1013 4037 269 47 -Foreign
1312 4039 170 48 32560;
1516 4043 43 39 J.
1592 4045 60 39 M.
1686 4044 143 41 Erich
1864 4048 172 38 Weber

204 4091 13 46 (
241 4090 256 49 36-32624)
