2519 4377
1290 4107 102 50 452

322 435 351 63 Devamata,
698 435 181 54 sister.

393 508 91 56 Sri
517 510 425 53 Ramakrishna
971 511 109 53 and
1116 510 83 55 St.
1231 511 240 54 Francis
1501 510 65 55 of
1594 509 204 71 Assisi,
1827 511 74 70 by

321 510 1984 147 Sister Devamata … La Crescenta, Calif., Ananda-Ashrama [ c 1935]
388 661 556 51 3 p. l., 9-98 p. 20cm.
392 733 315 49 Advertising
733 735 206 40 matter:
970 745 44 37 p.
1046 734 190 50 [89]-98.

321 804 2012 53 © Feb. 15, 1936: 2c. and aff. Mar. 16; A 92271; Laura Franklin Glenn,
393 867 66 39 La
494 866 276 47 Crescenta,
802 865 144 41 Calif.
1017 865 252 47 (36-8948)

323 971 262 64 Dugger,
614 970 259 54 Andrew
901 971 264 63 Nugent,
1197 976 170 49 1884-

394 1046 54 53 A
475 1046 221 69 history
724 1045 65 54 of
815 1046 94 53 the
937 1051 124 48 true
1087 1046 231 68 church,
1344 1046 194 54 traced
1570 1045 153 54 from
1750 1048 65 50 33
1842 1064 52 35 a.
1921 1065 49 34 d.
1999 1052 58 48 to
2085 1046 150 69 date,
2258 1045 75 70 by

323 1123 2015 71 A. N. Dugger and C. O. Dodd; a Protestant work … [Salem,
323 1203 88 54 W.
446 1204 125 67 Va.,
602 1204 144 53 Pub.
776 1203 75 70 by
882 1203 71 53 A.
987 1204 70 53 N.
1087 1204 240 69 Dugger
1360 1203 113 54 and
1507 1203 62 55 C.
1603 1202 69 57 O.
1705 1203 173 54 Dodd
1913 1202 95 55 for
2040 1204 98 54 the
2168 1203 168 55 Bible

323 1281 290 59 advocate,
641 1288 19 21 c
666 1283 153 67 1936]

393 1367 76 37 XV,
500 1356 175 41 17-318
704 1366 42 39 p.
809 1356 55 40 19
869 1359 41 21 cm
916 1388 8 8 .

327 1427 53 53 ©
411 1431 110 40 Feb.
553 1430 68 47 12,
654 1430 142 46 1936;
829 1429 67 41 2c.
929 1430 110 40 Feb.
1071 1430 82 46 27;
1188 1430 82 39 aff.
1304 1430 110 39 Feb.
1447 1429 55 40 29;
1563 1430 39 38 A
1634 1429 171 48 91975;
1839 1430 55 40 A.
1925 1430 57 40 N.
2016 1431 195 47 Dugger
2244 1431 93 39 and

399 1489 48 40 C.
476 1488 51 40 O.
554 1488 154 45 Dodd,
739 1488 175 45 Salem,
939 1488 72 39 W.
1036 1488 86 39 Va.
1188 1486 251 48 (36-8955)

328 1593 90 53 Du
447 1592 283 63 Maurier,
759 1592 268 63 Daphne,
1058 1593 171 54 1907-

457 1666 1880 71 … Jamaica inn. Garden City, N. Y., Doubleday, Doran &
324 1764 300 53 company,
653 1747 127 67 inc.,
812 1749 150 51 1936.

396 1820 560 50 5 p. l., 332 p. 20½ cm .
399 1879 290 41 Illustrated
719 1881 97 46 t.-p.

399 1937 164 41 “First
592 1936 230 42 edition.”

331 2012 52 44 (c)
419 2012 113 47 Apr.
570 2012 69 46 17,
676 2010 141 46 1936;
856 2011 68 39 2c.
962 2012 95 39 and
1095 2010 82 40 aff.
1215 2011 113 47 Apr.
1365 2010 83 46 23;
1488 2011 41 39 A
1566 2010 171 47 94137;
1778 2011 210 48 Daphne
2023 2012 63 39 du
2125 2009 217 42 Maurier

400 2068 278 48 Browning,
714 2069 213 39 London.
1001 2067 252 47 (36-8941)

330 2173 251 64 Dunlap,
609 2171 257 56 William
897 2172 175 63 Cook,
1102 2178 171 49 1884—

401 2249 233 64 Quaker
668 2249 301 54 education
1006 2248 59 55 in
1104 2248 317 55 Baltimore
1458 2250 112 54 and
1607 2248 271 69 Virginia
1918 2250 217 68 Yearly
334 2257 1978 141 meetings
488 2328 141 53 with

661 2347 70 33 an
764 2333 236 50 account
1030 2328 64 52 of
1123 2328 211 53 certain
1368 2328 277 68 meetings
1677 2328 64 52 of
1770 2330 300 52 Delaware
2102 2330 111 52 and
2247 2330 95 52 the

333 2409 243 53 Eastern
603 2407 165 54 shore
794 2407 267 55 affiliated
1091 2407 137 53 with
1258 2407 439 68 Philadelphia;
1725 2408 172 53 based
1923 2426 73 34 on
2022 2409 95 51 the
331 2427 1984 127 manuscript
535 2503 240 49 sources,
799 2486 75 68 by
898 2485 263 56 William
1187 2487 62 55 C.
1274 2487 252 66 Dunlap.
1586 2485 429 68 Philadelphia,
2041 2488 121 60 Pa.,
2191 2491 148 51 1936.

406 2558 1197 50 xi, 574 p. illus. (incl. facsims.) diagr. 24 cm.
407 2617 154 41 Cover
595 2616 92 41 has
722 2615 230 48 imprint:
987 2617 102 40 The
1128 2615 194 42 Science
1355 2626 136 38 press
1526 2615 219 50 printing
1775 2626 250 38 company,
2063 2616 280 50 Lancaster,

336 2676 82 40 Pa.

410 2732 171 40 Issued
614 2732 105 39 also
751 2741 54 30 as
838 2729 154 41 thesis
1032 2730 15 49 (PH.
1227 2730 14 47 D.)
1283 2729 283 49 University
1599 2730 53 40 of
1682 2730 376 49 Pennsylvania.

408 2789 379 48 Bibliography:
820 2799 43 37 p.
896 2788 218 42 541-558.

334 2856 54 55 ©
419 2862 122 39 Mar.
573 2861 69 46 24,
676 2858 141 48 1936;
851 2859 67 40 2c.
952 2861 95 38 and
1081 2859 81 40 aff.
1197 2861 122 38 Mar.
1352 2859 83 47 27;
1470 2859 41 39 A
1543 2858 171 49 92594;
1751 2860 71 38 W.
1857 2860 49 41 C.
1942 2861 210 48 Dunlap,
404 2860 1923 107 Philadelphia.
684 2917 252 48 (36-9026)

338 3022 239 64 Eldean,
607 3022 152 52 Fred
786 3021 260 64 August.

409 3098 147 53 How
587 3104 59 47 to
678 3096 120 54 find
829 3096 97 53 the
956 3097 139 65 law;
1131 3115 29 32 a
1196 3096 146 69 legal
1376 3096 286 53 reference
1692 3096 323 67 handbook,
2048 3095 297 69 including

337 3172 2008 73 chapters on brief making, by Fred A. Eldean … 2d ed., by
337 3253 1983 149 Henry J. Brandt … St. Paul, Minn., West publishing company [c1936]
407 3404 776 51 xvi, 826 p. illus., maps. 26 cm.
410 3464 118 41 Part
553 3473 39 31 ii
617 3464 236 49 preceded
878 3464 60 47 by
964 3462 237 42 half-title
1228 3464 83 39 not
1338 3462 223 41 included
1590 3463 48 39 in
1666 3463 82 41 the
1772 3462 192 50 paging.

410 3521 177 43 Pocket
617 3521 165 42 device
814 3532 59 30 on
905 3520 156 42 inside
1093 3520 51 42 of
1174 3521 120 40 back
1325 3530 141 32 cover
1496 3520 78 42 for
1604 3520 353 50 supplemental
1992 3520 240 42 material.

337 3590 53 53 ©
423 3596 120 38 Mar.
575 3594 69 47 26,
680 3593 139 47 1936;
854 3593 66 40 2c.
954 3594 94 38 and
1082 3593 82 39 aff.
1197 3592 114 48 Apr.
1345 3593 82 46 18;
1463 3593 39 38 A
1535 3591 171 47 94028;
1741 3592 134 40 West
1909 3592 109 47 pub.
2052 3601 67 31 co.

418 3650 253 49 (36-8998)

341 3755 305 63 Emerson,
675 3755 227 60 Haven,
932 3754 170 53 1874-

341 3825 2001 149 Alcohol; its effects on man, by Haven Emerson … introduction to teachers by C. J. Anderson … New York, D. Appleton-
342 3983 1003 74 Century company incorporated [c1936]
