2519 4377
1060 4076 97 51 187

119 433 162 63 Carr,
308 432 154 53 John
488 432 276 55 Dickson.

119 502 1992 151 … The Arabian nights murder. New York and London, Harper & brothers, 1936.
186 656 100 48 viii,
312 656 86 41 368
425 667 42 37 p.
527 656 58 41 19½
616 659 44 21 cm
665 689 9 10 .

187 712 161 42 “First
375 713 228 42 edition.”

117 767 53 53 ©
203 773 120 38 Mar.
357 773 39 42 5,
430 772 139 46 1936;
605 773 67 39 2c.
708 774 120 38 Mar.
863 774 53 44 6;
952 772 81 40 aff.
1070 773 121 39 Mar.
1226 774 53 44 7;
1314 772 39 39 A
1387 771 170 47 93072;
1596 772 42 40 J.
1675 772 56 38 D.
1767 770 136 47 Carr,
184 769 1910 106 Kingswood,
366 829 196 47 Bristol,
596 830 236 46 England.
903 828 250 48 (36-6313)

117 904 297 65 Cartmell,
443 905 130 53 Van
601 906 75 53 H.

184 983 56 51 A
278 981 304 54 handbook
621 983 95 52 for
756 983 93 52 the
890 986 255 48 amateur
1185 985 173 63 actor,
1398 982 74 66 by
1511 982 131 54 Yan
1680 982 78 52 H.
1801 979 305 67 Cartmell;

118 1058 296 67 including
451 1059 239 67 George,
729 1079 31 33 a
796 1065 221 47 one-act
1054 1061 154 65 play,
1246 1060 139 52 with
1425 1059 275 66 complete
1736 1062 158 62 stage
115 1056 1971 134 directions
309 1137 111 52 and
466 1156 30 33 a
541 1139 252 64 running
837 1141 384 62 commentary
1266 1136 94 53 for
1404 1137 95 52 the
1543 1136 263 66 director,
1848 1135 262 67 together

118 1214 135 52 with
307 1232 31 34 a
389 1213 341 68 descriptive
781 1213 256 68 glossary
1087 1214 63 53 of
1200 1219 159 62 stage
1408 1219 188 48 terms.
1672 1213 233 55 Garden
1955 1212 153 68 City.

116 1292 67 53 N.
211 1293 90 64 Y.,
324 1292 357 66 Doubleday,
705 1293 196 52 Doran
925 1295 46 50 &
996 1310 97 47 co.,
1118 1291 125 66 inc.,
1270 1295 150 50 1936.

183 1363 97 48 xiv,
309 1363 85 41 203
421 1375 44 37 p.
526 1364 126 40 illus.
711 1363 56 40 22
771 1366 42 21 cm
819 1396 8 8 .

185 1420 162 42 “First
382 1420 226 42 edition.”

115 1475 53 52 ©
202 1479 109 40 Feb,
345 1479 68 47 21,
447 1479 116 40 1936;
623 1479 68 40 2c.
726 1480 95 39 and
856 1478 82 41 aff.
972 1478 111 40 Feb.
1118 1478 82 46 27;
1238 1478 44 41 A
1311 1477 170 47 92003;
1524 1478 49 39 V.
1609 1478 61 39 H.
1706 1476 247 48 Cartmell,
1991 1477 119 40 Glen

185 1536 152 47 Head,
372 1536 49 39 L.
456 1537 52 45 I.,
542 1536 54 38 N.
627 1536 54 39 Y.
753 1534 251 48 (36-6102)

116 1609 260 66 Charles,
405 1610 272 65 Edward,
704 1610 193 66 pseud.

184 1686 126 54 Idle
349 1687 200 66 hands,
589 1688 75 66 by
705 1687 252 53 Edward
998 1686 252 56 Charles.
1326 1688 234 64 Boston,
1601 1687 138 54 New
1780 1685 182 68 York,
113 1686 1972 145 Lothrop,
325 1763 109 52 Lee
462 1763 110 52 and
604 1761 263 70 Shepard
897 1780 297 51 company,
1225 1764 150 51 1936.

181 1834 86 41 312
295 1847 44 37 p.
399 1835 56 41 20
459 1838 43 21 cm
506 1869 8 8 .

115 1890 53 53 ©
208 1896 120 39 Mar.
368 1895 39 47 6,
448 1894 140 42 1936;
631 1894 67 41 2c.
739 1896 121 39 Mar.
900 1896 53 45 7;
996 1894 83 41 aff.
1120 1895 121 40 Mar.
1282 1893 53 48 9;
1378 1895 40 38 A
1458 1894 171 47 92157;
1672 1894 227 48 Lothrop,
1941 1894 95 41 Lee
2075 1895 38 40 &

185 1953 216 46 Sliepard
430 1963 66 29 co.
563 1951 251 49 (36-6316)

115 2026 151 63 Cole,
293 2026 306 63 Alphaeus
622 2026 323 63 Philemon,
976 2028 172 55 1876-

182 2102 269 68 Timothy
501 2101 162 54 Cole:
712 2102 476 68 wood-engraver,
1236 2101 73 69 by
1358 2100 292 69 Alphaeus
1698 2100 64 53 P.
1813 2099 134 55 Cole
1998 2101 112 52 and

114 2179 292 68 Margaret
436 2179 178 52 Ward
649 2179 149 54 Cole.
872 2179 248 53 Limited
1154 2179 83 52 ed.
1313 2178 334 53 Illustrated
1680 2178 140 54 with
1854 2180 257 52 nineteen

114 2257 63 53 of
220 2258 271 68 Timothy
536 2258 178 54 Cole’s
760 2257 161 56 finest
964 2255 545 70 wood-engravings.
1583 2255 137 56 New
1768 2255 177 70 York,
1990 2258 121 54 The

113 2335 238 53 Pioneer
380 2336 312 68 associates,
722 2339 147 51 1935.

183 2406 1870 51 4 p. l. , [Vii]-xx, 172 p. front., 1 illus. (music) plates, ports. 26 cm .
185 2462 1925 51 “This edition … consists of 750 numbered and autographed copies.
113 2518 118 40 This
261 2529 118 38 copy
410 2519 40 40 is
481 2530 75 30 no.
586 2519 128 41 267.”

184 2575 379 41 “Recollections
598 2577 51 39 of
684 2588 79 37 my
796 2577 270 46 childhood,
1102 2579 61 46 by
1195 2577 227 48 Timothy
1459 2577 139 42 Cole”
1618 2589 10 29 :
1664 2589 44 37 p.
1746 2577 246 51 [xvii]-xx.

114 2631 55 53 ©
200 2637 112 39 Dec.
345 2636 69 48 23,
448 2635 141 47 1935;
624 2637 68 39 2c.
729 2638 94 39 and
858 2637 82 39 aff.
977 2637 110 39 Feb.
1120 2636 70 47 21,
1226 2636 140 47 1936;
1404 2637 41 38 A
1478 2635 171 49 91880;
1686 2637 56 40 A.
1778 2638 51 39 P.
1866 2637 114 40 Cole
2015 2638 96 39 and

185 2694 251 46 Margaret
458 2693 149 40 Ward
634 2693 124 48 Cole,
782 2694 116 38 New
924 2693 143 40 York.
1132 2692 249 48 (36-6298)

115 2767 151 64 Cole,
296 2767 225 64 George
549 2768 263 64 Douglas
838 2769 274 62 Howard,
1142 2774 172 50 1889-

186 2842 246 56 Scandal
467 2851 58 47 at
554 2845 208 67 school,
792 2845 77 67 by
900 2846 68 56 G.
1001 2847 71 51 D.
1107 2846 78 53 H.
1219 2847 45 50 &
1294 2847 296 66 Margaret
1623 2844 153 57 Cole.
1848 2845 261 68 London,

114 2919 1325 69 Pub. for the Crime club by Collins [ c 1935]
181 2992 87 41 284
294 3003 43 38 p.
397 2992 56 41 19
457 2995 43 21 cm
504 3025 9 9 .

116 3047 1996 55 © 1c. Jan. 27, 1936; A ad int. 21078; pubd. Dec. 2, 1935; G. D. H. Cole
186 3109 95 39 and
312 3110 250 46 Margaret
592 3110 159 39 Isabel
785 3110 124 46 Cole,
942 3111 218 46 Hendon,
1194 3111 234 47 England.
1500 3110 250 49 (36-6321)

119 3183 356 62 [Commerce
507 3183 262 66 clearing
799 3185 203 66 house]

182 3255 324 56 California
557 3260 113 53 and
721 3260 220 53 federal
988 3261 464 69 unemployment
1499 3261 298 53 insurance
1844 3260 264 69 <payroll

114 3335 191 67 taxes>
379 3336 392 68 Explanation
810 3338 65 53 of
911 3339 96 53 the
1045 3340 127 67 law,
1212 3339 243 53 Federal
1496 3339 173 53 social
1711 3339 246 69 security
2003 3344 106 61 act,

115 3410 324 57 California
487 3416 464 68 unemployment
1000 3417 296 53 insurance
1345 3418 128 64 law,
1522 3417 151 54 rules
1722 3418 110 52 and
114 3416 1969 142 regulations,
309 3492 188 54 charts
527 3494 112 53 and

676 3493 197 70 forms,
904 3495 258 54 indexed.
1237 3496 156 67 [New
1425 3495 180 68 York,
1639 3495 271 70 Chicago,
115 3495 1968 128 Commerce
328 3571 251 70 clearing
614 3573 191 67 house,
844 3574 125 67 inc.,

1007 3575 177 53 Loose
1224 3574 118 53 leaf
1380 3575 209 52 service
1627 3574 246 54 division
1912 3574 64 52 of
2013 3575 94 51 the

115 3644 377 70 Corporation
521 3654 150 50 trust
702 3666 297 55 company,
1032 3655 152 65 1936]

185 3719 85 42 136
297 3732 42 37 p.
398 3722 56 41 23
458 3724 44 22 cm
505 3753 9 9 .
630 3722 131 46 $1.00

187 3776 163 44 “First
370 3779 230 49 printing,
628 3781 235 49 January,
893 3782 157 42 1936.”

191 3833 129 43 “The
343 3837 222 40 material
592 3838 80 40 for
694 3840 99 39 this
817 3840 122 40 book
962 3841 89 40 has
1075 3841 118 41 been
1219 3843 167 39 drawn
1414 3843 126 40 from
1568 3844 83 40 the
1674 3841 128 42 CCH

117 3840 1977 91 Unemployment
277 3893 256 42 insurance
565 3896 558 42 service.”—Foreword.

119 3944 51 53 ©
209 3951 107 40 Jan.
357 3953 67 46 10,
465 3953 116 40 1936;
645 3955 68 40 2c.
754 3957 93 39 and
889 3956 81 41 aff.
1012 3958 109 39 Jan.
1163 3959 82 46 38;
1288 3960 43 40 A
1367 3958 171 48 90377;
1583 3960 274 41 Commerce
1897 3956 217 49 clearing

186 4007 162 49 house,
374 4009 90 41 inc.
529 4011 250 48 (36-5759)
