2519 4377
1009 4090 133 52 1927

100 525 74 40 als
206 525 267 47 grundlage
507 524 258 40 deutscher
799 524 221 40 Zukunft.
1088 524 165 43 Saure.
1290 523 242 41 Wilhelm.
1596 524 113 39 Zum
1748 523 352 41 reichserbhof-

98 583 174 46 gesetz.
339 581 244 47 Reichart,
625 581 168 47 Georg.
862 582 99 40 Das
999 583 179 46 system
1215 582 85 39 der
1337 581 402 47 marktordnung.
1804 581 294 47 Herrmann,

101 638 214 48 Ludwig.
367 638 88 40 Die
505 638 443 48 sozialpolitischen
998 639 376 46 auswirkungen
1427 638 83 40 des
1562 636 538 50 reichsnährstandsge-

100 697 167 39 setzes.
330 696 201 46 Winter,
565 697 60 38 II.
660 697 51 37 E.
746 695 91 40 Die
869 694 317 50 europäische
1218 694 292 40 bauernidee
1543 695 74 39 als
1649 694 271 48 grundlage
1950 704 151 31 neuer

101 753 256 40 deutscher
386 752 393 48 handelspolitik.
838 752 147 47 Fritz,
1017 753 168 46 Georg.
1214 753 99 39 Der
1341 751 231 41 deutsche
1601 751 150 40 bauer
1780 752 74 39 als
1883 752 218 40 erlialter

100 820 92 29 von
224 810 110 38 volk
364 810 97 39 und
495 810 183 39 heimnt
710 809 96 39 und
840 810 73 38 als
988 809 131 39 siedler
1149 809 50 39 in
1231 808 84 39 der
1348 808 200 40 fremde.
1608 808 249 48 Kummer,
1891 810 84 40 Dr.
2010 809 90 40 Die

99 867 297 46 neubildung
427 867 265 40 deutschen
723 865 435 42 bauerntunis.—3.
1192 867 34 39 t.
1261 862 101 43 Das
1397 862 236 42 deutsche
1667 862 298 43 bauerntum
2003 863 96 43 und

99 921 136 44 seine
262 920 193 44 kultur:
486 922 716 46 Scheuermann-Freienbrink,
1231 922 239 40 Wilhelm.
1501 921 92 41 Die
1617 922 369 49 Pflanzenzucht
2016 923 84 39 der

99 982 167 41 urzeit.
327 983 243 46 Petersen,
602 983 71 39 W.
736 981 344 40 Germanische
1113 981 368 39 bauernkultur.
1546 979 203 47 Strobel,
1783 981 153 39 Hans.
1998 980 101 41 Das

99 1038 276 42 bäuerliche
404 1039 304 40 brauehtum.
767 1039 293 45 Boetticlier,
1091 1039 50 39 P.
1198 1038 100 39 Das
1329 1038 234 40 deutsche
1588 1038 313 41 bauerndorf.
1960 1038 139 40 Boet-

101 1096 167 48 ticher,
322 1097 50 39 P.
453 1096 100 39 Das
605 1096 232 40 deutsche
890 1095 324 40 bauernhaus.
1297 1095 244 47 Koeppen,
1593 1095 330 40 Anne-Marie.
2007 1095 92 40 Die

99 1154 229 40 deutsche
355 1151 215 42 bäuerin.
627 1151 293 48 Boettieher,
949 1153 136 39 Paul.
1143 1152 101 40 Das
1271 1152 94 40 lied
1393 1153 83 39 des
1503 1152 196 39 bauern.
1757 1152 175 45 Bauer,
1961 1152 138 41 Karl.

99 1210 98 40 Der
224 1210 150 40 bauer
400 1209 48 39 in
478 1211 84 38 der
591 1210 264 40 deutschen
882 1209 246 49 dichtung.

99 1278 1999 53 © Jan. 28, 1935: 1c. July 17, 1936; A -Foreign 32551; Zentral-verlag,
169 1348 41 38 g.
235 1350 58 29 m.
322 1339 38 38 b.
386 1338 44 42 h.
493 1338 222 48 (37-700)

96 1457 425 64 Shakespeare,
547 1458 273 63 William,
851 1464 324 50 1564-1616.

167 1549 122 53 The
311 1549 275 69 complete
611 1549 185 53 works
819 1548 64 52 of
902 1548 260 54 William
1188 1548 415 70 Shakespeare;
1631 1549 96 53 the
1753 1547 348 72 Cambridge

99 1628 213 54 edition
357 1633 137 60 text,
537 1647 60 36 as
639 1627 189 54 edited
874 1629 73 65 by
989 1626 261 56 William
1293 1627 170 55 Aldis
1506 1628 253 69 Wright,
1800 1628 300 69 including

97 1706 96 54 the
224 1706 235 67 Temple
490 1711 187 61 notes;
712 1706 324 53 illustrated
1069 1706 74 68 by
1176 1706 289 53 Rockwell
1498 1706 174 67 Kent,
1704 1707 140 52 with
1878 1725 30 34 a
99 1709 1976 130 preface
226 1785 77 68 by
340 1784 378 68 Christopher

96 1783 1979 149 Morley … Garden City, N. Y., Doubleday, Doran & company, inc., 1936.
166 1938 29 39 2
219 1950 42 28 v.
321 1938 190 47 fronts.,
539 1937 144 48 illus.,
709 1939 169 48 plates.
934 1937 58 41 32½
1023 1939 45 23 cm
1072 1970 9 8 .

168 1997 160 48 Paged
357 1993 356 49 continuously.

170 2051 146 42 “This
347 2050 182 42 edition
560 2050 44 41 is
631 2050 187 40 limited
850 2052 51 39 to
931 2059 143 31 seven
1104 2050 221 40 hundred
1358 2050 97 40 and
1485 2049 112 48 fifty
1628 2049 174 49 copies,
1833 2051 262 41 numbered

97 2110 94 39 and
218 2108 166 48 signed
411 2108 59 47 by
497 2107 80 40 the
603 2106 147 41 artist
776 2106 50 41 of
851 2106 158 40 which
1037 2106 97 41 this
1162 2106 41 40 is
1228 2116 74 30 no.
1327 2105 129 41 300.”

169 2164 161 40 “First
356 2162 226 44 edition.”

169 2218 1929 51 CONTENTS.—V. 1. The first part of King Henry VI. The second part of
96 2278 130 48 King
251 2278 168 47 Henry
497 2308 7 7 VI.
560 2277 102 39 The
689 2276 131 40 third
848 2277 111 46 part
986 2276 51 40 of
1063 2275 132 49 King
1219 2276 168 47 Henry
1466 2308 8 8 VI.
1530 2276 101 39 The
1658 2278 204 48 tragedy
1889 2279 52 40 of
1967 2279 130 50 King

97 2335 214 40 Richard
407 2365 8 9 III.
473 2333 100 39 The
603 2333 199 47 comedy
833 2332 51 40 of
913 2342 176 30 errors.
1151 2332 100 41 The
1283 2333 204 47 tragedy
1520 2332 52 42 of
1600 2333 142 41 Titus
1775 2334 320 42 Andronicus.

94 2392 101 39 The
214 2391 186 47 taming
423 2389 52 41 of
499 2390 81 39 the
605 2389 173 40 shrew.
831 2389 101 40 The
958 2391 94 37 two
1071 2390 271 46 gentlemen
1361 2388 52 41 of
1436 2389 206 41 Verona.
1698 2389 169 42 Love’s
1884 2392 214 42 labour’s

95 2449 109 39 lost.
255 2447 102 40 The
382 2447 202 46 tragedy
607 2446 52 40 of
683 2446 178 39 Romeo
886 2445 95 40 and
1004 2445 166 40 Juliet.
1224 2446 101 38 The
1348 2447 205 47 tragedy
1577 2447 51 39 of
1650 2446 131 50 King
1803 2447 216 42 Richard
2085 2481 8 9 II.

95 2504 43 40 A
168 2501 515 49 midsummer-night’s
717 2503 181 38 dream.
961 2502 100 40 The
1096 2501 90 40 life
1219 2502 95 39 and
1350 2501 148 41 death
1535 2503 52 40 of
1620 2503 131 49 King
1787 2504 142 41 John.
1996 2507 100 39 The

95 2560 252 40 merchant
373 2559 53 40 of
454 2558 188 41 Venice.
701 2558 102 40 The
826 2557 107 40 first
961 2559 114 47 part
1100 2558 51 40 of
1179 2557 130 49 King
1336 2558 169 49 Henry
1584 2590 10 9 IV.
1650 2560 100 40 The
1780 2563 174 39 second
1985 2567 110 44 part

95 2616 52 40 of
171 2616 131 48 King
329 2616 167 46 Henry
575 2646 10 9 IV.
640 2615 102 39 The
769 2615 87 39 life
884 2615 51 39 of
962 2614 131 48 King
1119 2615 171 47 Henry
1345 2647 9 9 V.
1412 2615 145 40 Much
1584 2617 95 40 ado
1704 2617 148 41 about
1876 2619 218 49 nothing.

95 2673 101 40 The
225 2671 202 48 tragedy
457 2671 51 40 of
534 2671 164 40 Julius
728 2670 174 41 Caesar.
959 2671 67 39 As
1055 2681 95 38 you
1175 2671 98 40 like
1301 2671 52 41 it.
1408 2672 214 40 Twelfth
1652 2673 166 48 night;
1850 2685 67 38 or,
1947 2677 148 41 What

95 2739 93 37 you
213 2727 115 41 will.
382 2728 100 40 The
511 2727 202 48 tragedy
742 2727 51 40 of
820 2727 212 49 Hamlet,
1061 2728 166 48 prince
1255 2728 51 39 of
1334 2727 371 42 Denmark.—v.
1734 2729 41 41 2.
1804 2731 100 41 The
1934 2743 161 39 merry

96 2784 147 41 wives
283 2784 52 41 of
371 2783 241 41 Windsor.
680 2783 194 40 Troilus
914 2785 95 39 and
1051 2783 241 41 Cressida.
1359 2784 118 41 All’s
1518 2786 109 39 well
1665 2787 110 40 that
1814 2789 117 40 ends
1972 2791 122 40 well.

92 2840 224 43 Measure
341 2840 78 40 for
446 2849 235 31 measure.
736 2841 100 40 The
861 2841 204 47 tragedy
1093 2841 51 40 of
1169 2840 204 50 Othello,
1401 2843 82 40 the
1507 2842 137 42 Moor
1672 2844 51 41 of
1749 2845 188 42 Venice.
1994 2848 100 41 The

96 2898 203 49 tragedy
325 2897 52 42 of
400 2897 130 48 King
557 2897 136 42 Lear.
749 2898 100 41 The
876 2899 204 47 tragedy
1106 2897 51 42 of
1183 2899 238 40 Macbeth.
1476 2901 194 48 Antony
1694 2905 96 38 and
1819 2903 274 49 Cleopatra.

95 2956 101 39 The
236 2955 203 47 tragedy
478 2955 51 39 of
568 2954 302 41 Coriolanus.
940 2955 100 40 The
1079 2955 86 40 life
1206 2955 51 39 of
1297 2955 170 41 Timon
1508 2957 52 40 of
1599 2958 200 41 Athens.
1868 2961 226 48 Pericles,

96 3011 163 49 prince
289 3012 55 39 of
372 3012 138 47 Tyre.
574 3011 291 47 Cymbeline.
924 3012 100 40 The
1057 3011 215 41 winter’s
1306 3013 111 39 tale.
1476 3014 101 40 The
1610 3017 219 46 tempest.
1889 3018 102 40 The
96 3019 1980 90 famous
263 3067 189 48 history
480 3067 52 41 of
563 3068 81 40 the
677 3068 86 40 life
794 3067 53 41 of
880 3067 129 48 Kiug
1042 3068 168 47 Henry

1338 3100 8 9 VIII.
1410 3070 161 40 Venus
1604 3072 96 39 and
1732 3072 197 42 Adonis.
1994 3075 100 41 The

96 3133 115 39 rape
233 3124 55 39 of
310 3123 220 41 Lucrece.
588 3123 220 41 Sonnets.
861 3125 42 38 A
924 3122 174 42 lover’s
1123 3124 277 49 complaint.
1451 3126 103 41 The
1579 3127 280 48 passionate
1884 3130 210 49 pilgrim.

94 3180 101 40 The
222 3179 208 49 phoenix
460 3180 94 40 and
585 3180 164 40 turtle.

96 3243 53 53 ©
175 3248 116 39 Nov.
319 3251 70 44 20,
420 3248 137 46 1936;
589 3249 65 38 2c.
687 3248 119 39 each
831 3249 95 39 and
957 3249 81 40 aff.
1070 3251 112 39 Dec.
1209 3250 53 46 4;
1294 3251 40 39 A
1365 3250 198 49 101146;
1597 3253 298 48 Doubleday,
1928 3255 166 38 Doran

165 3305 36 39 &
228 3314 82 37 co.,
338 3304 88 39 inc.
489 3305 281 49 [Copyright
798 3305 40 38 is
866 3304 204 40 claimed
1101 3318 60 29 on
1194 3307 242 48 Synopses
1460 3308 38 40 &
1524 3308 254 41 historical
1793 3311 147 46 data,
166 3310 1910 96 glossary

302 3361 94 39 and
421 3362 234 47 complete
678 3362 211 46 indexes,
914 3362 60 46 by
1000 3364 102 37 Van
1128 3364 58 38 II.
1213 3364 260 46 Cartmell;
1496 3366 336 40 Illustrations
1855 3367 61 46 by
166 3365 1912 91 Rockwell
305 3419 154 45 Kent;
494 3420 131 42 Long
654 3418 329 40 introduction
1015 3419 58 47 by
1108 3419 317 48 Christopher
1456 3422 201 49 Morley]

178 3474 279 48 (36-28593)

93 3577 227 65 Sinker,
349 3580 210 53 Julius.

161 3668 366 68 Minimizing
556 3670 290 53 securities
876 3677 172 48 taxes.
1119 3673 309 52 1936-1937
1459 3674 84 52 ed.
1620 3674 270 67 Chicago,
92 3675 1972 124 Commerce
311 3747 250 67 clearing

600 3749 188 66 house,
829 3750 124 51 inc..
993 3751 321 52 Loose-leaf
1353 3752 209 52 service
1603 3751 244 53 division
1890 3753 63 51 of
1993 3753 97 53 the

96 3823 376 67 Corporation
510 3831 144 46 trust
689 3844 296 49 company,
1076 3846 80 33 New
1189 3829 179 66 York,
1399 3829 69 53 N.
1502 3830 90 66 Y.,
1627 3832 149 49 1936.

164 3896 23 37 l
216 3906 41 27 v.

94 3961 53 53 ©
183 3966 101 40 Oct.
321 3967 36 43 1,
392 3966 140 47 1936;
568 3970 66 37 2c.
674 3970 101 38 Oct.
815 3969 77 46 10;
931 3969 82 41 aff.
1051 3969 100 41 Oct.
1231 3981 8 29 8;
1280 3971 37 38 A
1352 3969 170 48 98862;
1563 3970 273 41 Commerce
1872 3971 216 47 clearing

164 4022 162 48 house,
351 4022 91 42 inc.
