2519 4377
1289 4131 133 48 1034

366 443 205 55 Public
608 445 243 53 utilities
891 449 221 63 reports
1164 445 165 67 (New
1369 445 226 68 series),
1632 446 335 69 containing
2004 446 277 54 decisions
2318 446 64 53 of

437 523 95 53 the
565 524 333 67 regulatory
929 522 388 55 commissions
1352 524 113 52 and
1498 524 63 52 of
1592 529 145 48 state
1773 525 113 52 and
1920 524 220 54 federal
2176 530 207 62 courts,

437 599 1946 72 Henry C. Spurr … editor. Volume 12, 1936. Washington,
438 682 71 51 D.
547 680 81 66 C.,
660 679 327 68 Rochester,
1021 680 69 53 N.
1126 680 91 67 Y.,
1249 680 206 53 Public
1486 680 245 53 utilities
1761 686 241 62 reports,
2034 681 108 53 inc.
2364 715 11 33 [c1936]

438 752 133 51 xxix,
601 752 86 40 600
715 762 44 38 p.
815 751 56 40 25
874 754 45 21 cm
924 784 8 8 .

369 819 52 53 ©
454 823 117 47 July
600 824 70 47 31,
701 822 142 48 1936;
876 822 68 40 2c.
978 823 95 39 and
1107 822 81 41 aff.
1220 823 121 46 Aug.
1371 823 52 46 8;
1458 823 39 38 A
1529 821 171 49 96829;
1736 822 170 40 Public
1937 822 209 40 utilities
2178 824 204 47 reports,

438 880 90 41 inc.

368 983 223 55 Punch,
669 1002 50 35 v.
749 987 116 64 190,
889 1002 88 35 no.
1004 986 155 64 4962,
1186 985 152 54 June
1364 987 84 64 24,
1476 987 149 50 1936.

372 1066 2016 54 © 1c. Aug. 20, 1936; A ad int. 21779; pubd. June 24; Herbert Heather,
435 1128 213 40 London.

369 1232 214 65 Quigg,
609 1232 170 54 Jane.

443 1321 149 55 Jean
625 1320 114 54 and
772 1321 117 54 Jon
921 1339 96 35 are
1047 1320 108 68 six,
1187 1321 74 69 by
1295 1321 148 54 Jane
1475 1320 226 70 Quigg;
1734 1319 251 70 pictures
2023 1321 73 69 by
2129 1322 258 69 Romney

372 1400 145 68 Gay.
579 1399 141 54 New
747 1398 180 70 York,
954 1400 65 52 T.
1049 1399 212 54 Nelson
1289 1400 113 53 and
1427 1419 147 49 sons,
1603 1402 150 51 1936.

440 1474 56 40 54
525 1485 43 38 p.
627 1474 88 40 col.
745 1473 128 42 illus.
930 1473 58 40 22
991 1475 44 21 cm
1040 1505 10 9 .

443 1531 291 41 Illustrated
764 1529 365 49 lining-papers.

371 1595 53 54 ©
455 1600 117 47 July
600 1600 69 47 15,
701 1598 142 50 1936;
876 1599 67 42 2c.
976 1600 117 48 July
1125 1601 81 47 17;
1238 1599 81 43 aff.
1353 1600 116 48 July
1499 1599 83 49 30;
1617 1601 39 40 A
1687 1600 171 50 97190;
1893 1601 212 41 Thomas
2139 1602 180 43 Nelson
2350 1604 38 42 &

436 1667 125 31 sons.
625 1657 282 50 (36-17398)

369 1761 122 52 The
530 1763 68 52 R.
640 1761 67 54 O.
745 1762 64 54 T.
852 1763 60 53 C.
954 1779 194 34 course
1186 1761 63 53 of
1291 1761 77 52 all
1409 1780 165 35 arms.
1656 1795 13 34 [
1674 1780 51 36 v.
1766 1765 51 64 2]
1863 1763 330 54 Advanced.
2311 1764 72 53 [3d

437 1839 83 54 ed.
571 1840 200 67 (rev.)]
852 1840 378 67 Harrisburg,
1267 1842 120 66 Pa.,
1422 1841 121 51 The
1579 1839 265 70 Military
1881 1842 211 52 service
436 1841 1921 144 publishing
562 1937 77 34 co.
857 1952 11 33 [c1936]

438 1990 1485 49 2 p. l., 375 p. illus. (incl. maps) diagrs., forms. 24 cm .
435 2049 130 39 Title
592 2047 191 40 varies:
847 2048 137 39 1st-2d
1020 2047 210 41 editions
1261 2047 126 40 have
1419 2047 136 41 title:
1589 2048 103 40 The
1723 2049 56 40 R.
1815 2048 51 40 O.
1900 2049 52 40 T.
1988 2048 49 41 C.
2071 2049 198 39 manual
2302 2048 78 41 for

361 2106 66 38 all
460 2115 145 30 arms.

365 2172 52 52 ©
442 2176 118 46 Aug.
591 2176 39 47 5,
660 2175 141 47 1936;
832 2175 66 39 2c.
929 2175 97 39 and
1052 2175 83 40 aff.
1166 2175 120 46 Aug.
1316 2174 82 48 12;
1431 2175 42 39 A
1499 2172 172 49 96880;
1706 2173 221 48 Military
1957 2175 188 40 service
2171 2175 109 48 pub.
2312 2184 67 32 co.

438 2232 284 50 [Copyright
745 2232 43 40 is
813 2231 207 41 claimed
1045 2241 60 30 on
1128 2230 252 49 revisions,
1406 2230 297 41 corrections
1729 2231 94 41 and
1850 2231 263 51 additions]

363 2337 329 65 Randolph,
718 2338 193 63 Mary.

436 2427 1946 68 Presidents and first ladies, by Mary Randolph … New
369 2508 175 67 York,
581 2508 262 66 London,
882 2509 70 52 D.
994 2507 585 69 Appleton-Century
1619 2526 298 49 company,
1958 2507 420 70 incorporated,

368 2590 147 51 1936.

432 2657 1438 51 5 p. l., 3-257 p. illus. (facsim.) plates, ports. 20 cm .
436 2717 102 40 The
563 2717 179 40 author
767 2727 101 29 was
895 2715 193 42 “White
1113 2716 170 40 House
1306 2718 248 46 secretary
1578 2716 80 40 for
1684 2726 145 30 seven
1856 2717 416 47 years—through
2300 2718 82 40 the

368 2774 153 39 whole
550 2773 229 47 Coolidge
809 2771 400 41 administration
1242 2772 96 40 and
1364 2774 114 46 part
1508 2772 53 41 of
1589 2772 214 40 Herbert
1833 2771 280 42 Hoover’s”,
2173 2782 61 30 cf.
2266 2783 41 37 p.
2339 2775 41 38 4.

361 2839 53 54 ©
441 2843 114 48 July
582 2844 68 46 24,
680 2843 140 47 1936;
848 2843 67 41 2c.
944 2843 94 39 and
1067 2842 82 42 aff.
1177 2843 115 47 July
1321 2842 82 48 25;
1433 2844 39 38 A
1500 2842 172 48 96631;
1702 2845 56 38 D.
1786 2842 480 48 Appleton-Century
2292 2852 83 38 co.,

435 2901 92 41 inc.
593 2901 282 49 (36-17338)

361 3003 189 65 Rank,
580 3004 161 64 Otto,
772 3009 173 50 1884-

435 3079 188 54 Truth
652 3080 114 53 and
794 3078 237 71 reality;
1061 3098 31 35 a
1122 3078 106 54 life
1254 3079 223 69 history
1505 3078 65 54 of
1596 3079 94 54 the
1718 3079 215 53 human
1961 3078 139 69 will,
2127 3079 76 69 by
2235 3077 139 56 Otto

364 3156 185 55 Rank.
611 3158 140 53 New
779 3156 181 66 York,
987 3157 70 53 A.
1087 3157 72 54 A.
1187 3156 227 70 Knopf,
1445 3159 152 51 1936.

439 3229 899 52 ix, [1] p., 2 l., 3-192, [2] p. 19½c m .
441 3286 326 42 “Authorized
801 3286 296 42 translation
1129 3288 127 40 from
1288 3288 83 40 the
1404 3286 225 48 German,
1664 3286 119 42 with
1817 3297 28 31 a
1879 3287 211 48 preface,
2123 3286 62 49 by
2221 3284 155 43 Jessie

365 3342 161 39 Taff.”

438 3399 164 41 “First
627 3400 261 41 American
912 3399 231 42 edition.”

439 3454 304 50 “Originally
778 3456 256 48 published
1072 3467 54 30 as
1162 3456 259 42 Wahrheit
1458 3458 97 39 und
1594 3455 356 50 wirklichkeit;
1990 3456 215 41 entwurf
2243 3456 134 41 einer

364 3511 302 51 philosophic
701 3514 84 41 des
818 3513 310 42 seelischen.”

364 3579 52 53 ©
448 3585 115 47 July
596 3586 68 48 13,
699 3585 141 49 1936;
874 3584 68 40 2c.
978 3585 94 40 and
1106 3585 82 39 aff.
1223 3586 115 39 July
1374 3586 81 47 15;
1492 3587 37 38 A
1564 3585 171 44 97041;
1772 3586 171 39 Alfred
1981 3588 52 39 A.
2069 3585 178 48 Knopf,
2282 3585 91 39 inc.

442 3641 282 49 (36-17244)

430 3744 138 54 Will
602 3745 274 68 therapy;
909 3763 69 34 an
1012 3745 247 67 analysis
1289 3746 63 51 of
1383 3745 94 52 the
1498 3745 356 68 therapeutic
1877 3763 223 50 process
2122 3743 58 53 in
2204 3750 171 46 terms

360 3822 63 52 of
458 3822 395 69 relationship,
874 3823 74 66 by
984 3823 140 55 Otto
1161 3824 183 52 Rank.
1422 3824 138 52 New
1584 3824 180 57 York,
1785 3825 69 51 A.
1880 3825 68 51 A.
1975 3822 223 68 Knopf,
2223 3825 148 50 1936.

434 3895 745 51 xxv, 291, [1] p., 1 l. 19½ cm .
429 3952 163 40 “First
626 3951 258 40 American
920 3952 227 40 edition.”

435 4008 326 40 “Authorized
795 4008 298 40 translation
1125 4009 124 38 from
1286 4008 82 40 the
1402 4008 224 51 German,
1661 4007 118 39 with
1815 4017 24 29 a
1874 4006 211 48 preface,
2119 4006 61 47 by
2215 4006 157 39 Jessie

359 4065 162 39 Taff.”
