2597 4361
1416 4156 67 50 20

423 549 201 70 Hicks,
659 549 285 69 compiled
980 550 113 52 and
1130 549 286 68 arranged
1451 548 78 69 by
1563 568 31 33 a
1629 556 162 61 great
1828 550 310 68 grandson,
2176 552 122 51 Ben
2333 551 110 52 Lee

427 629 258 55 Seawell.
769 629 184 56 South
999 629 320 54 Pasadena,
1367 626 177 56 Calif.
1598 629 262 67 [Printed
1906 629 75 68 by
2026 630 64 52 L.
2141 629 61 55 C.
2249 629 189 70 Mock]

425 714 151 51 1935.

497 792 1811 53 1 p. l., 139, [1] p. front. (coat of arms) illus. (incl. ports.) 23 cm .
428 834 1782 85 © Dec. 14, 1935; 2c. Dec. 30; aff. Jan. cm 1936; A 90290; B.
2248 868 50 41 L.
498 868 1930 107 Seawell,
650 927 272 40 Pasadena.
989 924 225 50 (36-761)

425 1046 308 64 Seymour,
764 1048 144 53 Otto
939 1044 334 65 Cleveland,
1306 1049 172 50 1891-

494 1120 1954 71 Precious things of the Bible, by Otto C. Seymour … New
424 1202 165 53 York
645 1208 119 62 [etc.]
805 1201 273 70 Fleming
1112 1201 79 53 H.
1227 1201 202 52 Revell
1466 1219 284 51 company
1793 1235 12 33 [
1810 1207 19 21 c
1833 1203 154 66 1935]

496 1291 86 40 147
612 1302 43 37 p.
717 1290 57 41 19½c
822 1291 29 22 m
855 1322 9 9 .

430 1360 53 54 ©
514 1366 114 39 Dec.
662 1366 38 44 7,
732 1362 142 46 1935;
908 1363 69 41 2c.
1010 1363 96 39 and
1139 1361 83 41 aff.
1255 1362 111 40 Jan.
1400 1362 39 41 8.
1474 1360 141 42 1936:
1651 1363 40 38 A
1722 1362 173 42 91062;
1933 1361 226 46 Fleming
2187 1364 60 40 H.
2281 1363 172 41 Revell

501 1433 67 30 co.
635 1420 222 49 (36-726)

426 1540 312 66 Sherman,
766 1542 140 50 Mrs.
938 1538 184 54 Edith
1156 1537 286 67 (Bishop)
1482 1545 172 50 1889-

498 1619 172 67 Polly
718 1618 541 57 what’s-her-name,
1306 1618 75 67 by
1429 1617 183 53 Edith
1661 1617 220 69 Bishop
1932 1617 298 55 Sherman.
429 1618 1995 148 Chicago,
615 1699 121 51 The
763 1698 333 55 Goldsmith
1125 1697 342 68 publishing
1492 1715 283 50 company
1808 1731 13 34 [
1825 1704 19 20 c
1850 1701 134 49 1936
1990 1731 13 34 3

504 1787 25 40 3
558 1797 43 38 p.
667 1818 8 16 l.,
705 1784 178 41 11-250
906 1795 44 38 p.
1008 1783 59 40 19½
1097 1786 43 21 cm
1147 1817 9 8 .

434 1853 53 53 ©
518 1858 110 40 Jan.
660 1857 41 46 2,
732 1855 115 42 1936:
908 1856 66 40 2c.
1008 1856 99 40 and
1136 1855 82 40 aff.
1255 1856 109 40 Jan.
1395 1856 54 40 4:
1485 1855 42 39 A
1556 1853 172 49 90153;
1766 1855 275 41 Goldsmith
2074 1856 109 48 pub.
2213 1866 67 30 co.

512 1915 223 49 (36-411)

430 2029 296 68 Simpson,
752 2031 157 54 John
938 2031 241 64 Ernest,
1212 2034 170 51 1889-

500 2107 126 54 “He
660 2108 126 54 that
821 2107 264 70 giveth”;
1124 2127 31 34 a
1192 2108 172 69 study
1401 2107 65 53 of
1501 2108 97 54 the
1631 2107 381 68 stewardship
2050 2107 65 52 of
2151 2123 205 53 money
2389 2123 63 37 as

428 2185 2018 72 taught in Scripture, by John E. Simpson … New York [etc.]
431 2267 270 70 Fleming
725 2267 78 54 H.
828 2267 201 53 Revell
1057 2285 285 52 company
1373 2300 13 34 [
1391 2272 18 22 c
1415 2269 153 65 1935]

501 2353 57 40 92
587 2366 42 38 p.
691 2355 145 41 19½cm.

438 2425 53 52 ©
521 2430 111 38 Dec.
661 2429 70 47 21,
760 2428 115 39 1935;
934 2428 69 39 2c.
1034 2429 97 38 and
1158 2428 83 39 aff.
1272 2428 95 38 Jan.
1415 2428 39 42 8,
1487 2427 142 42 1936;
1662 2429 41 37 A
1732 2426 174 48 91064;
1942 2428 221 47 Fleming
2193 2428 61 40 H.
2286 2428 171 39 Revell

509 2496 67 29 co.
644 2485 223 48 (36-724)

434 2601 176 69 Sims,
638 2605 139 52 Mrs.
807 2604 234 53 Marian
1074 2603 348 65 (McCamy)
1462 2607 170 51 1899-

505 2681 123 54 The
666 2680 180 54 world
888 2680 142 53 with
1071 2702 33 35 a
1148 2680 161 55 fence
1375 2680 92 69 [by]
1514 2679 232 54 Marian
1788 2679 168 54 Sims.
2033 2679 425 69 Philadelphia,

436 2758 1345 70 London, J. B. Lippincott company [ c 1936]
505 2843 89 42 318
618 2854 45 38 p.
752 2843 27 41 19½c
828 2846 27 22 m
860 2875 11 10 .

442 2914 53 53 ©
524 2919 111 39 Jan.
665 2919 41 47 2,
735 2919 141 47 1936;
909 2919 68 41 2c.
1009 2921 97 39 and
1136 2919 82 41 aff.
1252 2920 109 39 Jan.
1394 2920 82 41 11;
1510 2921 41 37 A
1581 2919 144 40 91143;
1786 2918 196 41 Marian
2014 2918 140 46 Sims,
2189 2919 267 48 Charlotte,

560 3006 7 7 N.
602 2977 49 40 C.
723 2976 223 49 (36-594)

462 3093 269 65 Sinclair,
762 3096 139 54 Mrs.
932 3096 229 54 Bertha
1192 3096 299 66 (Muzzy)]
1529 3098 173 52 1874-

511 3170 144 54 Five
698 3169 181 57 furies
921 3171 66 55 of
1029 3172 264 70 Leaning
1334 3173 221 68 ladder,
1598 3173 74 69 by
1719 3173 69 53 B.
1834 3172 81 53 M.
1962 3173 206 58 Bower
2216 3174 214 67 [pseud.]

444 3250 230 66 Boston,
699 3250 194 68 Little,
920 3251 232 69 Brown,
1178 3253 114 52 and
1320 3270 301 51 company,
1651 3254 152 51 1936.

512 3335 28 39 4
565 3346 42 38 p.
672 3368 8 13 l.,
707 3335 158 49 3-301,
895 3337 55 49 [1]
979 3346 43 39 p.
1085 3337 146 42 19½cm.

446 3403 53 54 ©
533 3408 109 40 Jan.
675 3410 39 40 8.
747 3409 118 40 1936;
919 3410 68 41 2c.
1020 3412 96 38 and
1150 3412 81 38 aff.
1267 3412 109 39 Jan.
1456 3423 8 29 8:
1500 3413 40 38 A
1574 3411 172 48 91072;
1783 3411 163 49 Little,

1982 3412 192 40 Brown,
2208 3412 96 39 and
518 3421 1923 92 company.
726 3466 222 47 (36-404)

444 3581 226 63 Slaker,
695 3585 138 52 Mrs.
860 3584 229 54 Awana
1113 3586 73 53 H.
1211 3586 91 63 K.,
1331 3593 172 48 1864-

515 3659 120 52 The
679 3659 152 54 main
870 3660 246 69 motion;
1159 3681 31 34 a
1228 3662 217 69 primer
1483 3664 63 52 of
1586 3664 455 68 parliamentary
2081 3662 264 69 practice,
2385 3663 72 68 by

447 3737 1574 74 Awana H. K. Slaker … Lincoln, Chicago [etc.]
2059 3741 123 52 The
446 3741 1990 143 University
587 3813 336 71 publishing
948 3834 98 50 co.,
1074 3820 152 50 1936.

519 3903 62 46 vi,
610 3902 85 40 154
721 3913 42 38 p.
825 3902 56 40 17
884 3904 44 21 cm
932 3934 10 9 .

452 3970 2008 56 © Dec. 30, 1935; 2c. Dec. 30: aff. Jan. 2, 1936; A 88991: University pub.
523 4042 65 27 co.
674 4031 265 47 [Copyright
979 4032 40 37 is
1055 4032 205 42 claimed
1299 4045 62 28 on
1398 4034 238 41 revisions
1675 4037 95 38 and
1810 4035 263 50 additions]

535 4088 220 48 (36-906)

2285 4088 86 44 130
