2519 4377
1360 4051 65 43 82

387 363 269 64 McCord,
689 363 241 66 Joseph,
964 371 171 51 1880-

521 436 1880 75 … One way street. Philadelphia, Macrae Smith company,
390 518 151 51 1936.

457 585 87 42 272
567 597 44 38 p.
672 587 59 41 19½
761 590 44 22 cm
810 620 10 9 .

386 641 52 54 ©
470 647 110 40 Feb.
614 647 71 48 10,
719 648 141 48 1936;
894 649 68 42 2c.
997 650 110 41 Feb.
1141 651 82 48 13;
1260 651 82 41 aff.
1376 652 110 40 Feb.
1521 652 82 47 14;
1639 653 43 40 A
1713 651 172 47 91748;
1919 649 380 42 Macrae-Smith
2333 662 67 30 co.

385 806 394 68 Macfarland,
812 808 246 56 Charles
1089 810 304 66 Stedman,
1428 817 171 50 1866-

385 882 1993 152 Contemporary Christian thought, by Charles S. Macfarland … New York [etc.]
1239 966 269 71 Fleming
1535 966 78 54 FI.
1648 968 176 52 Revell
1912 984 252 51 company
2244 970 152 64 [1936]

457 1038 101 51 viii,
590 1039 87 40 204
705 1050 44 38 p.
811 1040 57 40 19½
899 1042 44 22 cm
948 1073 9 9 .

458 1096 137 41 Book
624 1097 220 41 reviews.

457 1153 354 50 Bibliography:
866 1165 44 38 p.
957 1153 236 51 [197]-199.

384 1206 53 53 ©
467 1211 111 40 Jan.
611 1211 71 48 18,
714 1210 142 48 1936;
891 1211 68 41 2c.
990 1213 96 39 and
1120 1212 82 40 aff.
1235 1212 109 40 Jan.
1379 1212 83 48 24;
1497 1213 41 39 A
1571 1211 172 48 90469;
1781 1211 222 49 Fleming
2035 1213 60 39 H.
2132 1212 167 40 Revell
2334 1222 66 31 co.

464 1267 253 49 (36-3818)

386 1371 267 66 Mackey,
685 1371 246 56 Charles
961 1372 249 66 Osborn,
1242 1379 172 50 1903-

457 1447 1943 72 Graphical solutions, by Charles O. Mackey … New York,
387 1527 56 54 J.
490 1528 194 61 Wiley
729 1530 47 51 &
821 1545 148 51 sons,
1013 1528 109 53 inc.;
1202 1527 259 69 London,
1509 1528 304 69 Chapman
1859 1531 47 51 &
1953 1528 163 68 Hall,
2160 1528 242 69 limited,

387 1609 152 53 1936.

455 1679 1420 52 2 p. l. , iii-vii, 130 p. illus., diagrs. 23½ cm . $2.50
457 1737 363 50 “Logarithmic
845 1738 185 42 scales”:
1086 1738 119 42 fold,
1233 1738 154 50 diagr.
1413 1740 51 39 in
1488 1740 173 48 pocket
1688 1742 53 39 at
1766 1741 107 40 end.

384 1792 52 53 ©
477 1797 110 40 Jan.
628 1797 69 47 16,
737 1796 142 48 1936;
920 1796 68 41 2c.
1029 1798 111 39 Jan.
1179 1797 83 42 20;
1305 1808 80 29 aff.
1428 1798 109 39 Jan.
1579 1798 81 47 18;
1701 1799 43 38 A
1781 1797 171 48 90380;
1998 1798 49 40 C.
2090 1798 50 41 O.
2183 1800 217 47 Mackey,

455 1855 187 46 Ithaca,
677 1855 56 40 N.
767 1855 54 39 Y.
893 1853 252 49 (36-3953)

384 1958 421 65 MacPherson,
833 1959 267 55 Duncan.

456 2035 144 56 Golf
645 2034 339 69 simplified;
1038 2055 31 34 a
1115 2036 242 67 graphic
1403 2036 388 68 presentation
1838 2037 63 53 of
1948 2037 278 68 practical
2273 2037 127 69 golf

384 2114 345 53 instruction
757 2115 95 53 for
878 2115 96 52 the
999 2114 274 67 beginner
1300 2115 112 53 and
1442 2115 291 52 advanced
1760 2117 217 66 player.
2042 2116 359 69 Completely

386 2194 327 53 illustrated
757 2192 59 52 in
858 2194 218 52 motion
1119 2192 140 53 with
1300 2193 93 52 the
1434 2193 186 67 newly
1663 2193 312 68 developed
2018 2212 169 51 super
2230 2195 170 68 speed

384 2272 1992 146 camera. 1936 ed. By Duncan MacPherson … [Chicago, William H. Pool company, c 1936]
455 2424 55 40 96
540 2435 43 37 p.
643 2423 130 41 illus.
829 2423 56 39 21
888 2426 15 21 cm
938 2455 8 9 .

384 2476 52 54 ©
463 2482 109 39 Jan.
599 2481 70 47 25,
696 2480 119 41 1936;
866 2481 68 40 2c.
962 2481 96 39 and
1084 2480 82 41 aff.
1194 2480 110 40 Jan.
1330 2480 83 47 30;
1442 2480 40 39 A
1508 2479 171 48 90554;
1709 2481 57 40 D.
1795 2481 331 40 MacPherson
2156 2482 95 40 and
2279 2483 122 40 Wm.

455 2539 59 39 H.
544 2539 117 39 Pool
688 2548 81 38 co.,
798 2538 224 48 Chicago.
1089 2536 252 50 (36-3943)

386 2640 225 65 Marsh,
643 2641 247 54 Harriet
920 2640 190 65 Anne,
1143 2644 325 50 1848-1933.

458 2718 247 69 History
740 2717 64 54 of
836 2718 234 53 Detroit
1102 2716 94 54 for
1229 2736 195 51 young
1458 2717 218 68 people,
1709 2717 75 69 by
1819 2717 246 54 Harriet
2094 2718 71 53 A.
2201 2717 201 55 Marsh

383 2798 113 53 and
520 2798 275 52 Florence
818 2797 71 52 A.
913 2797 217 53 Marsh.
1196 2796 305 68 [Detroit?]
1530 2797 158 52 Priv.
1713 2796 177 69 print.
1922 2796 293 71 [Chicago,
2239 2798 67 54 R.
2331 2798 69 52 R.

389 2877 322 69 Donnelley
740 2878 47 52 &
813 2894 131 36 sons
973 2894 300 52 company]
1310 2879 151 50 1935.

457 2953 132 48 xxiv,
617 2951 91 41 400
733 2963 43 38 p.
804 2951 111 41 incl.
943 2952 166 49 front.,
1137 2951 144 47 illus.,
1310 2953 166 47 ports.,
1504 2952 154 47 plans,
1716 2961 152 40 maps.
1925 2952 56 40 23
1985 2953 45 21 cm
2035 2983 9 10 .

463 3011 146 39 Verso
639 3009 53 40 of
718 3020 115 37 map
857 3009 169 48 facing
1052 3019 44 38 p.
1125 3008 86 42 322
1237 3010 89 39 has
1354 3008 296 49 descriptive
1676 3009 302 48 letterpress.

459 3068 141 48 Maps
629 3078 61 29 on
719 3066 366 49 lining-papers.

458 3125 103 40 The
588 3124 138 39 work
754 3134 102 30 was
885 3124 162 40 closed
1076 3124 49 39 in
1156 3123 116 40 1929
1298 3123 62 48 by
1388 3122 207 41 Harriet
1622 3122 54 41 A.
1708 3123 170 40 Marsh
1908 3121 121 41 with
2061 3123 81 40 the
2173 3122 230 49 chapters

389 3181 262 48 xxv-xxvi,
689 3181 162 40 “Near
880 3180 305 49 neighbors”.
1252 3180 142 42 Since
1425 3182 86 37 her
1547 3180 149 40 death
1728 3179 51 40 in
1814 3179 129 49 1933,
1980 3180 158 40 added
2172 3179 229 41 material

389 3240 89 39 has
516 3239 118 40 been
672 3239 235 48 gathered
946 3239 61 47 by
1046 3238 233 40 Florence
1314 3238 54 41 A.
1407 3238 183 47 Marsh,
1630 3236 225 49 bringing
1892 3238 86 40 the
2013 3237 125 40 book
2173 3238 141 39 down
2351 3239 49 39 to

390 3296 259 40 December
683 3296 71 47 31,
788 3294 129 43 1934.
980 3296 62 48 cf.
1076 3295 130 41 Pref.

463 3353 155 48 Songs
645 3352 122 41 with
794 3352 155 41 music:
1008 3364 43 37 p.
1080 3352 218 41 368-371.

460 3409 251 41 “Historic
743 3409 124 49 trips
900 3410 83 40 for
1013 3419 161 38 young
1208 3409 180 49 people,
1424 3407 241 49 arranged
1700 3408 61 48 by
1793 3407 138 41 Alice
1960 3406 176 45 Louise
2173 3405 196 42 Marsh”:

390 3478 42 38 p.
462 3467 217 41 371-381.

458 3524 353 50 Bibliography:
869 3535 43 38 p.
941 3523 219 43 383-386.

386 3577 52 53 ©
464 3583 108 38 Jan.
599 3583 39 42 3,
665 3582 141 47 1936;
833 3581 68 41 2c.
927 3583 96 39 and
1050 3581 82 41 aff.
1160 3582 111 40 Feb.
1297 3581 52 46 5;
1378 3581 39 39 A
1440 3579 171 41 91615;
1642 3579 232 40 Florence
1899 3579 53 40 A.
1982 3580 182 40 Marsh.
2192 3578 208 41 Detroit.

466 3639 253 48 (36-4008)

389 3727 234 63 Morris,
653 3728 317 54 Frederick
999 3727 234 66 Kuhne,
1265 3733 171 50 1886-

457 3802 124 53 The
607 3802 242 70 making
876 3803 65 53 of
966 3804 97 53 the
1088 3803 189 69 valley;
1336 3821 31 35 a
1395 3801 204 55 billion
1630 3820 163 50 years
1824 3801 173 67 along
2026 3801 95 53 the
2150 3801 245 53 Hudson

393 3879 2004 71 [by] Frederick K. Morris; illustrated by the author … New
390 3958 179 69 York,
598 3960 66 53 T.
694 3960 211 53 Nelson
934 3961 114 52 and
1077 3978 147 52 sons,
1253 3963 151 50 1936.
