<alto xmlns="http://www.loc.gov/standards/alto/ns-v3#" xmlns:xlink="http://www.w3.org/1999/xlink" xmlns:xsi="http://www.w3.org/2001/XMLSchema-instance" xsi:schemaLocation="http://www.loc.gov/standards/alto/ns-v3# http://www.loc.gov/alto/v3/alto-3-0.xsd"><Description>
<MeasurementUnit>pixel</MeasurementUnit>
<sourceImageInformation>
<fileName>1936_v33_Part1.pdf</fileName>
</sourceImageInformation>
<OCRProcessing ID="IdOcr">
<ocrProcessingStep>
<processingDateTime>2019-01-18</processingDateTime>
<processingSoftware>
<softwareCreator>ABBYY</softwareCreator>
<softwareName>ABBYY Recognition Server</softwareName>
<softwareVersion>4.0</softwareVersion>
</processingSoftware>
</ocrProcessingStep>
</OCRProcessing>
</Description>
<Styles>
<ParagraphStyle ID="StyleId-FFFFFFFF-FFFF-FFFF-FFFF-FFFFFFFFFFFF-" ALIGN="Left" LEFT="0." RIGHT="0." FIRSTLINE="0."/>
<ParagraphStyle ID="StyleId-51D50FAC-7A90-4D70-8A96-5EA9D46D1C8B-" ALIGN="Left" LEFT="0." RIGHT="0." FIRSTLINE="0." LINESPACE="7.699999809"/>
<ParagraphStyle ID="StyleId-6BC133E9-7DCB-43C3-8842-A67984A26405-" ALIGN="Block" LEFT="0." RIGHT="0." FIRSTLINE="-17." LINESPACE="8.340000153"/>
<ParagraphStyle ID="StyleId-3C3FF860-43E7-46A2-8934-48F305F6F0D6-" ALIGN="Left" LEFT="0." RIGHT="0." FIRSTLINE="-13." LINESPACE="11.06999969"/>
<ParagraphStyle ID="StyleId-19220C76-4F8A-4737-B38C-B5F5C17E6040-" ALIGN="Block" LEFT="0." RIGHT="0." FIRSTLINE="-13." LINESPACE="11.06999969"/>
<ParagraphStyle ID="StyleId-75A0D721-13ED-4F20-9002-B389EC48477D-" ALIGN="Left" LEFT="0." RIGHT="0." FIRSTLINE="0." LINESPACE="15.5"/>
<ParagraphStyle ID="StyleId-8A414184-C7A5-4AC7-9B88-7DA4DDE75922-" ALIGN="Left" LEFT="0." RIGHT="0." FIRSTLINE="0." LINESPACE="9.399999619"/>
<ParagraphStyle ID="StyleId-1A87970B-111C-4169-99A6-9412976F3C97-" ALIGN="Left" LEFT="0." RIGHT="0." FIRSTLINE="0." LINESPACE="10.5"/>
<ParagraphStyle ID="StyleId-72DB0571-5AE4-41FD-9E11-68C6AC4C437E-" ALIGN="Block" LEFT="0." RIGHT="0." FIRSTLINE="-17." LINESPACE="8.340000153"/>
<ParagraphStyle ID="StyleId-1AA43056-C388-4697-B10F-72FDAA38FAE1-" ALIGN="Center" LEFT="0." RIGHT="0." FIRSTLINE="0." LINESPACE="10.5"/>
</Styles>
<Layout>
<Page ID="Page1159" PHYSICAL_IMG_NR="1159" HEIGHT="4377" WIDTH="2519">
<TopMargin HEIGHT="456" WIDTH="2519" VPOS="0" HPOS="0">
</TopMargin>
<LeftMargin HEIGHT="3700" WIDTH="62" VPOS="456" HPOS="0">
</LeftMargin>
<RightMargin HEIGHT="3700" WIDTH="437" VPOS="456" HPOS="2082">
</RightMargin>
<BottomMargin HEIGHT="221" WIDTH="2519" VPOS="4156" HPOS="0">
</BottomMargin>
<PrintSpace HEIGHT="3700" WIDTH="2020" VPOS="456" HPOS="62">
<TextBlock ID="Page1159_Block1" HEIGHT="68" WIDTH="152" VPOS="4088" HPOS="986" LANG="en-US" STYLEREFS="StyleId-A597E6A0-608F-4FA5-B7BF-B807349B7A17-">
<TextLine HEIGHT="49" WIDTH="132" VPOS="4097" HPOS="996">
<String CONTENT="1159" HEIGHT="49" WIDTH="132" VPOS="4097" HPOS="996"/>
</TextLine>
</TextBlock>
<TextBlock ID="Page1159_Block2" HEIGHT="3636" WIDTH="2020" VPOS="456" HPOS="62" LANG="en-US" CS="1" STYLEREFS="StyleId-2B3D6277-131B-4934-B9E0-F5F3E3109C1C-">
<TextLine HEIGHT="64" WIDTH="853" VPOS="467" HPOS="84" STYLEREFS="StyleId-65774E18-7D63-42AC-8759-6FF539FBFE85-">
<String CONTENT="Quinn," HEIGHT="64" WIDTH="210" VPOS="467" HPOS="84"/>
<SP HEIGHT="62" WIDTH="27" VPOS="469" HPOS="295"/>
<String CONTENT="Elton" HEIGHT="53" WIDTH="174" VPOS="467" HPOS="323"/>
<SP HEIGHT="51" WIDTH="28" VPOS="468" HPOS="498"/>
<String CONTENT="Leroy," HEIGHT="63" WIDTH="208" VPOS="468" HPOS="527"/>
<SP HEIGHT="57" WIDTH="30" VPOS="474" HPOS="736"/>
<String CONTENT="1887-" HEIGHT="54" WIDTH="170" VPOS="469" HPOS="767"/>
</TextLine>
<TextLine HEIGHT="69" WIDTH="1915" VPOS="556" HPOS="156" STYLEREFS="StyleId-9D37547A-B66A-4EC8-924A-3E0C3F085BC0-" CS="1">
<String CONTENT="Carbon" HEIGHT="56" WIDTH="225" VPOS="556" HPOS="156"/>
<SP HEIGHT="52" WIDTH="25" VPOS="558" HPOS="382"/>
<String CONTENT="dioxide," HEIGHT="67" WIDTH="246" VPOS="557" HPOS="408"/>
<SP HEIGHT="67" WIDTH="23" VPOS="557" HPOS="655"/>
<String CONTENT="by" HEIGHT="68" WIDTH="75" VPOS="557" HPOS="679"/>
<SP HEIGHT="68" WIDTH="27" VPOS="557" HPOS="755"/>
<String CONTENT="Elton" HEIGHT="53" WIDTH="174" VPOS="557" HPOS="783"/>
<SP HEIGHT="53" WIDTH="26" VPOS="557" HPOS="958"/>
<String CONTENT="L." HEIGHT="52" WIDTH="63" VPOS="557" HPOS="985"/>
<SP HEIGHT="64" WIDTH="30" VPOS="556" HPOS="1049"/>
<String CONTENT="Quinn" HEIGHT="64" WIDTH="195" VPOS="556" HPOS="1080"/>
<SP HEIGHT="33" WIDTH="32" VPOS="576" HPOS="1276"/>
<String CS="1" CONTENT="&#8230;"/>
<SP HEIGHT="33" WIDTH="34" VPOS="576" HPOS="1366"/>
<String CONTENT="and" HEIGHT="52" WIDTH="110" VPOS="558" HPOS="1401"/>
<SP HEIGHT="55" WIDTH="28" VPOS="556" HPOS="1512"/>
<String CONTENT="Charles" HEIGHT="55" WIDTH="235" VPOS="556" HPOS="1541"/>
<SP HEIGHT="54" WIDTH="28" VPOS="557" HPOS="1777"/>
<String CONTENT="L." HEIGHT="52" WIDTH="63" VPOS="557" HPOS="1806"/>
<SP HEIGHT="53" WIDTH="28" VPOS="558" HPOS="1870"/>
<String CONTENT="Jones" HEIGHT="53" WIDTH="172" VPOS="558" HPOS="1899"/>
</TextLine>
<TextLine HEIGHT="71" WIDTH="1670" VPOS="632" HPOS="146" STYLEREFS="StyleId-9D37547A-B66A-4EC8-924A-3E0C3F085BC0-" CS="1">
<String CS="1" CONTENT="&#8230;"/>
<SP HEIGHT="53" WIDTH="75" VPOS="635" HPOS="146"/>
<String CONTENT="New" HEIGHT="53" WIDTH="137" VPOS="635" HPOS="222"/>
<SP HEIGHT="52" WIDTH="26" VPOS="635" HPOS="360"/>
<String CONTENT="York," HEIGHT="67" WIDTH="178" VPOS="635" HPOS="387"/>
<SP HEIGHT="67" WIDTH="22" VPOS="635" HPOS="566"/>
<String CONTENT="Reinhold" HEIGHT="53" WIDTH="284" VPOS="635" HPOS="589"/>
<SP HEIGHT="67" WIDTH="24" VPOS="636" HPOS="874"/>
<String CONTENT="publishing" HEIGHT="70" WIDTH="333" VPOS="633" HPOS="899"/>
<SP HEIGHT="49" WIDTH="24" VPOS="653" HPOS="1233"/>
<String CONTENT="corporation," HEIGHT="70" WIDTH="379" VPOS="632" HPOS="1258"/>
<SP HEIGHT="63" WIDTH="29" VPOS="639" HPOS="1638"/>
<String CONTENT="1936." HEIGHT="49" WIDTH="148" VPOS="638" HPOS="1668"/>
</TextLine>
<TextLine HEIGHT="53" WIDTH="1918" VPOS="719" HPOS="151" CS="1">
<String CONTENT="294," HEIGHT="47" WIDTH="100" VPOS="723" HPOS="151"/>
<SP HEIGHT="29" WIDTH="46" VPOS="743" HPOS="252"/>
<String CONTENT="[6]" HEIGHT="50" WIDTH="55" VPOS="722" HPOS="299"/>
<SP HEIGHT="38" WIDTH="46" VPOS="733" HPOS="355"/>
<String CONTENT="p." HEIGHT="37" WIDTH="40" VPOS="733" HPOS="402"/>
<SP HEIGHT="39" WIDTH="45" VPOS="722" HPOS="443"/>
<String CONTENT="incl." HEIGHT="40" WIDTH="108" VPOS="722" HPOS="489"/>
<SP HEIGHT="39" WIDTH="46" VPOS="722" HPOS="598"/>
<String CONTENT="illus.," HEIGHT="47" WIDTH="141" VPOS="722" HPOS="645"/>
<SP HEIGHT="45" WIDTH="45" VPOS="724" HPOS="787"/>
<String CONTENT="tables," HEIGHT="47" WIDTH="168" VPOS="722" HPOS="833"/>
<SP HEIGHT="46" WIDTH="43" VPOS="723" HPOS="1002"/>
<String CONTENT="diagrs." HEIGHT="51" WIDTH="177" VPOS="719" HPOS="1046"/>
<SP HEIGHT="39" WIDTH="57" VPOS="722" HPOS="1224"/>
<String CS="1" CONTENT="23&#189;cm." HEIGHT="40" WIDTH="56" VPOS="722" HPOS="1282"/>
<SP HEIGHT="48" WIDTH="85" VPOS="721" HPOS="1428"/>
<String CONTENT="(American" HEIGHT="48" WIDTH="279" VPOS="721" HPOS="1514"/>
<SP HEIGHT="30" WIDTH="45" VPOS="732" HPOS="1794"/>
<String CONTENT="chemical" HEIGHT="42" WIDTH="229" VPOS="721" HPOS="1840"/>
</TextLine>
<TextLine HEIGHT="51" WIDTH="1021" VPOS="777" HPOS="83">
<String CONTENT="society." HEIGHT="47" WIDTH="191" VPOS="780" HPOS="83"/>
<SP HEIGHT="38" WIDTH="59" VPOS="780" HPOS="275"/>
<String CONTENT="Monograph" HEIGHT="48" WIDTH="296" VPOS="779" HPOS="335"/>
<SP HEIGHT="40" WIDTH="30" VPOS="779" HPOS="632"/>
<String CONTENT="series," HEIGHT="42" WIDTH="161" VPOS="777" HPOS="663"/>
<SP HEIGHT="30" WIDTH="62" VPOS="798" HPOS="825"/>
<String CONTENT="[no." HEIGHT="40" WIDTH="87" VPOS="788" HPOS="888"/>
<SP HEIGHT="39" WIDTH="29" VPOS="779" HPOS="976"/>
<String CONTENT="72])" HEIGHT="49" WIDTH="98" VPOS="778" HPOS="1006"/>
</TextLine>
<TextLine HEIGHT="50" WIDTH="1169" VPOS="847" HPOS="151" CS="1">
<String CONTENT="Blank" HEIGHT="40" WIDTH="158" VPOS="849" HPOS="151"/>
<SP HEIGHT="48" WIDTH="24" VPOS="849" HPOS="310"/>
<String CONTENT="pages" HEIGHT="38" WIDTH="144" VPOS="859" HPOS="335"/>
<SP HEIGHT="39" WIDTH="21" VPOS="850" HPOS="480"/>
<String CONTENT="for" HEIGHT="39" WIDTH="78" VPOS="850" HPOS="502"/>
<SP HEIGHT="38" WIDTH="26" VPOS="849" HPOS="581"/>
<String CONTENT="&#8220;Memoranda&#8221;" HEIGHT="42" WIDTH="370" VPOS="847" HPOS="608"/>
<SP HEIGHT="50" WIDTH="36" VPOS="847" HPOS="979"/>
<String CS="1" CONTENT="([6]" HEIGHT="49" WIDTH="79" VPOS="848" HPOS="1016"/>
<SP HEIGHT="36" WIDTH="30" VPOS="861" HPOS="1096"/>
<String CONTENT="at" HEIGHT="39" WIDTH="53" VPOS="851" HPOS="1127"/>
<SP HEIGHT="38" WIDTH="24" VPOS="851" HPOS="1181"/>
<String CONTENT="end)" HEIGHT="47" WIDTH="114" VPOS="850" HPOS="1206"/>
</TextLine>
<TextLine HEIGHT="49" WIDTH="635" VPOS="905" HPOS="153">
<String CONTENT="Includes" HEIGHT="40" WIDTH="221" VPOS="906" HPOS="153"/>
<SP HEIGHT="40" WIDTH="25" VPOS="906" HPOS="375"/>
<String CONTENT="bibliographies." HEIGHT="49" WIDTH="387" VPOS="905" HPOS="401"/>
</TextLine>
<TextLine HEIGHT="53" WIDTH="1990" VPOS="972" HPOS="82" CS="1">
<String CONTENT="&#169;" HEIGHT="53" WIDTH="53" VPOS="972" HPOS="82"/>
<SP HEIGHT="53" WIDTH="21" VPOS="972" HPOS="136"/>
<String CONTENT="Aug." HEIGHT="47" WIDTH="119" VPOS="977" HPOS="158"/>
<SP HEIGHT="40" WIDTH="22" VPOS="977" HPOS="278"/>
<String CONTENT="3," HEIGHT="47" WIDTH="39" VPOS="977" HPOS="301"/>
<SP HEIGHT="47" WIDTH="24" VPOS="977" HPOS="341"/>
<String CS="1" CONTENT="1936;" HEIGHT="41" WIDTH="114" VPOS="976" HPOS="366"/>
<SP HEIGHT="45" WIDTH="25" VPOS="977" HPOS="507"/>
<String CONTENT="2c." HEIGHT="39" WIDTH="67" VPOS="977" HPOS="533"/>
<SP HEIGHT="30" WIDTH="25" VPOS="986" HPOS="601"/>
<String CONTENT="and" HEIGHT="39" WIDTH="95" VPOS="976" HPOS="627"/>
<SP HEIGHT="39" WIDTH="26" VPOS="976" HPOS="723"/>
<String CONTENT="aff." HEIGHT="41" WIDTH="81" VPOS="975" HPOS="750"/>
<SP HEIGHT="40" WIDTH="23" VPOS="976" HPOS="832"/>
<String CONTENT="Aug." HEIGHT="46" WIDTH="119" VPOS="976" HPOS="856"/>
<SP HEIGHT="39" WIDTH="25" VPOS="977" HPOS="976"/>
<String CONTENT="5;" HEIGHT="45" WIDTH="51" VPOS="977" HPOS="1002"/>
<SP HEIGHT="45" WIDTH="27" VPOS="977" HPOS="1054"/>
<!-- cceid A32642C0-6E3A-1014-83DD-942C093A1DD9 --><String CONTENT="A" HEIGHT="38" WIDTH="39" VPOS="977" HPOS="1082"/>
<SP HEIGHT="40" WIDTH="23" VPOS="975" HPOS="1122"/>
<String CS="1" CONTENT="96784;" HEIGHT="41" WIDTH="144" VPOS="975" HPOS="1146"/>
<SP HEIGHT="41" WIDTH="29" VPOS="976" HPOS="1318"/>
<String CONTENT="Reinhold" HEIGHT="40" WIDTH="238" VPOS="975" HPOS="1348"/>
<SP HEIGHT="48" WIDTH="23" VPOS="975" HPOS="1587"/>
<String CONTENT="pub." HEIGHT="48" WIDTH="110" VPOS="975" HPOS="1611"/>
<SP HEIGHT="32" WIDTH="25" VPOS="984" HPOS="1722"/>
<String CONTENT="corporation." HEIGHT="49" WIDTH="324" VPOS="974" HPOS="1748"/>
</TextLine>
<TextLine HEIGHT="48" WIDTH="278" VPOS="1032" HPOS="162">
<String CONTENT="(36-18527)" HEIGHT="48" WIDTH="278" VPOS="1032" HPOS="162"/>
</TextLine>
<TextLine HEIGHT="65" WIDTH="1887" VPOS="1135" HPOS="79" STYLEREFS="StyleId-65774E18-7D63-42AC-8759-6FF539FBFE85-">
<String CONTENT="Reynolds," HEIGHT="63" WIDTH="313" VPOS="1137" HPOS="79"/>
<SP HEIGHT="63" WIDTH="37" VPOS="1137" HPOS="393"/>
<String CONTENT="Gertrude" HEIGHT="53" WIDTH="291" VPOS="1137" HPOS="431"/>
<SP HEIGHT="51" WIDTH="38" VPOS="1138" HPOS="723"/>
<String CONTENT="M." HEIGHT="51" WIDTH="77" VPOS="1138" HPOS="762"/>
<SP HEIGHT="63" WIDTH="30" VPOS="1137" HPOS="840"/>
<String CONTENT="(Robins)" HEIGHT="65" WIDTH="279" VPOS="1135" HPOS="871"/>
<SP HEIGHT="63" WIDTH="46" VPOS="1136" HPOS="1151"/>
<String CONTENT="&#8220;Mrs." HEIGHT="51" WIDTH="169" VPOS="1137" HPOS="1198"/>
<SP HEIGHT="51" WIDTH="40" VPOS="1136" HPOS="1368"/>
<String CONTENT="L." HEIGHT="52" WIDTH="63" VPOS="1136" HPOS="1409"/>
<SP HEIGHT="51" WIDTH="36" VPOS="1137" HPOS="1473"/>
<String CONTENT="B." HEIGHT="52" WIDTH="65" VPOS="1137" HPOS="1510"/>
<SP HEIGHT="52" WIDTH="39" VPOS="1137" HPOS="1576"/>
<String CONTENT="Reynolds.&#8221;" HEIGHT="64" WIDTH="350" VPOS="1135" HPOS="1616"/>
</TextLine>
<TextLine HEIGHT="69" WIDTH="1918" VPOS="1225" HPOS="151" STYLEREFS="StyleId-9D37547A-B66A-4EC8-924A-3E0C3F085BC0-" CS="1">
<String CONTENT="Trouble" HEIGHT="53" WIDTH="244" VPOS="1225" HPOS="151"/>
<SP HEIGHT="34" WIDTH="40" VPOS="1244" HPOS="396"/>
<String CONTENT="at" HEIGHT="47" WIDTH="59" VPOS="1233" HPOS="437"/>
<SP HEIGHT="55" WIDTH="41" VPOS="1225" HPOS="497"/>
<String CONTENT="Glaye" HEIGHT="69" WIDTH="182" VPOS="1225" HPOS="539"/>
<SP HEIGHT="50" WIDTH="49" VPOS="1243" HPOS="722"/>
<String STYLE="subscript" CONTENT="[" HEIGHT="33" WIDTH="11" VPOS="1260" HPOS="772"/>
<String CONTENT="by]" HEIGHT="68" WIDTH="92" VPOS="1226" HPOS="788"/>
<SP HEIGHT="68" WIDTH="47" VPOS="1226" HPOS="881"/>
<String CONTENT="Mrs." HEIGHT="52" WIDTH="137" VPOS="1226" HPOS="929"/>
<SP HEIGHT="51" WIDTH="44" VPOS="1227" HPOS="1067"/>
<String CONTENT="Baillie" HEIGHT="52" WIDTH="208" VPOS="1225" HPOS="1112"/>
<SP HEIGHT="51" WIDTH="43" VPOS="1226" HPOS="1321"/>
<String CONTENT="Reynolds" HEIGHT="66" WIDTH="289" VPOS="1226" HPOS="1365"/>
<SP HEIGHT="34" WIDTH="46" VPOS="1244" HPOS="1655"/>
<String CS="1" CONTENT="&#8230;"/>
<SP HEIGHT="55" WIDTH="77" VPOS="1225" HPOS="1759"/>
<String CONTENT="Garden" HEIGHT="55" WIDTH="232" VPOS="1225" HPOS="1837"/>
</TextLine>
<TextLine HEIGHT="71" WIDTH="1985" VPOS="1301" HPOS="84" STYLEREFS="StyleId-9D37547A-B66A-4EC8-924A-3E0C3F085BC0-">
<String CONTENT="City," HEIGHT="70" WIDTH="150" VPOS="1302" HPOS="84"/>
<SP HEIGHT="69" WIDTH="43" VPOS="1303" HPOS="235"/>
<String CONTENT="N." HEIGHT="53" WIDTH="69" VPOS="1303" HPOS="279"/>
<SP HEIGHT="52" WIDTH="45" VPOS="1304" HPOS="349"/>
<String CONTENT="Y.," HEIGHT="64" WIDTH="88" VPOS="1304" HPOS="395"/>
<SP HEIGHT="63" WIDTH="43" VPOS="1305" HPOS="484"/>
<String CONTENT="Pub." HEIGHT="53" WIDTH="141" VPOS="1304" HPOS="528"/>
<SP HEIGHT="56" WIDTH="47" VPOS="1301" HPOS="670"/>
<String CONTENT="for" HEIGHT="56" WIDTH="93" VPOS="1301" HPOS="718"/>
<SP HEIGHT="49" WIDTH="43" VPOS="1308" HPOS="812"/>
<String CONTENT="the" HEIGHT="52" WIDTH="94" VPOS="1304" HPOS="856"/>
<SP HEIGHT="56" WIDTH="47" VPOS="1303" HPOS="951"/>
<String CONTENT="Crime" HEIGHT="56" WIDTH="190" VPOS="1303" HPOS="999"/>
<SP HEIGHT="36" WIDTH="43" VPOS="1321" HPOS="1190"/>
<String CONTENT="club," HEIGHT="68" WIDTH="144" VPOS="1303" HPOS="1234"/>
<SP HEIGHT="69" WIDTH="44" VPOS="1302" HPOS="1379"/>
<String CONTENT="inc.," HEIGHT="67" WIDTH="125" VPOS="1302" HPOS="1424"/>
<SP HEIGHT="66" WIDTH="40" VPOS="1303" HPOS="1550"/>
<String CONTENT="by" HEIGHT="67" WIDTH="75" VPOS="1303" HPOS="1591"/>
<SP HEIGHT="66" WIDTH="44" VPOS="1304" HPOS="1667"/>
<String CONTENT="Doubleday," HEIGHT="68" WIDTH="357" VPOS="1303" HPOS="1712"/>
</TextLine>
<TextLine HEIGHT="68" WIDTH="925" VPOS="1382" HPOS="79" STYLEREFS="StyleId-9D37547A-B66A-4EC8-924A-3E0C3F085BC0-">
<String CONTENT="Doran" HEIGHT="55" WIDTH="197" VPOS="1382" HPOS="79"/>
<SP HEIGHT="50" WIDTH="27" VPOS="1386" HPOS="277"/>
<String CONTENT="&amp;" HEIGHT="50" WIDTH="45" VPOS="1386" HPOS="305"/>
<SP HEIGHT="50" WIDTH="26" VPOS="1386" HPOS="351"/>
<String CONTENT="company," HEIGHT="50" WIDTH="295" VPOS="1400" HPOS="378"/>
<SP HEIGHT="67" WIDTH="26" VPOS="1382" HPOS="674"/>
<String CONTENT="inc.," HEIGHT="66" WIDTH="126" VPOS="1382" HPOS="701"/>
<SP HEIGHT="60" WIDTH="28" VPOS="1388" HPOS="828"/>
<String CONTENT="1936." HEIGHT="50" WIDTH="147" VPOS="1386" HPOS="857"/>
</TextLine>
<TextLine HEIGHT="49" WIDTH="884" VPOS="1467" HPOS="151" CS="1">
<String CONTENT="4" HEIGHT="39" WIDTH="28" VPOS="1469" HPOS="151"/>
<SP/>
<String CONTENT="p." HEIGHT="37" WIDTH="42" VPOS="1479" HPOS="204"/>
<SP HEIGHT="40" WIDTH="27" VPOS="1468" HPOS="247"/>
<String CS="1" CONTENT="l.,"/>
<SP HEIGHT="37" WIDTH="25" VPOS="1479" HPOS="321"/>
<String CONTENT="vii-viii" HEIGHT="42" WIDTH="187" VPOS="1467" HPOS="347"/>
<SP HEIGHT="48" WIDTH="23" VPOS="1468" HPOS="535"/>
<String CONTENT="p.," HEIGHT="37" WIDTH="57" VPOS="1479" HPOS="559"/>
<SP HEIGHT="46" WIDTH="24" VPOS="1469" HPOS="617"/>
<String CONTENT="1" HEIGHT="39" WIDTH="25" VPOS="1469" HPOS="642"/>
<SP HEIGHT="39" WIDTH="24" VPOS="1469" HPOS="668"/>
<String CS="1" CONTENT="l.,"/>
<SP HEIGHT="47" WIDTH="24" VPOS="1468" HPOS="739"/>
<String CONTENT="302" HEIGHT="41" WIDTH="86" VPOS="1468" HPOS="764"/>
<SP HEIGHT="48" WIDTH="25" VPOS="1468" HPOS="851"/>
<String CONTENT="p." HEIGHT="37" WIDTH="41" VPOS="1479" HPOS="877"/>
<SP HEIGHT="41" WIDTH="59" VPOS="1467" HPOS="919"/>
<String CONTENT="20" HEIGHT="41" WIDTH="56" VPOS="1467" HPOS="979"/>
<String STYLE="superscript" CS="1" CONTENT="cm."/>
</TextLine>
<TextLine HEIGHT="42" WIDTH="416" VPOS="1537" HPOS="153">
<String CONTENT="&#8220;First" HEIGHT="42" WIDTH="162" VPOS="1537" HPOS="153"/>
<SP HEIGHT="38" WIDTH="27" VPOS="1541" HPOS="316"/>
<String CONTENT="edition.&#8221;" HEIGHT="42" WIDTH="225" VPOS="1537" HPOS="344"/>
</TextLine>
<TextLine HEIGHT="54" WIDTH="1991" VPOS="1604" HPOS="81">
<String CONTENT="&#169;" HEIGHT="54" WIDTH="52" VPOS="1604" HPOS="81"/>
<SP HEIGHT="54" WIDTH="22" VPOS="1604" HPOS="134"/>
<String CONTENT="Aug." HEIGHT="48" WIDTH="117" VPOS="1609" HPOS="157"/>
<SP HEIGHT="40" WIDTH="26" VPOS="1608" HPOS="275"/>
<String CONTENT="21," HEIGHT="49" WIDTH="68" VPOS="1608" HPOS="302"/>
<SP HEIGHT="47" WIDTH="25" VPOS="1610" HPOS="371"/>
<String CONTENT="1936;" HEIGHT="48" WIDTH="140" VPOS="1608" HPOS="397"/>
<SP HEIGHT="46" WIDTH="27" VPOS="1610" HPOS="538"/>
<String CONTENT="2c." HEIGHT="39" WIDTH="66" VPOS="1610" HPOS="566"/>
<SP HEIGHT="29" WIDTH="28" VPOS="1620" HPOS="633"/>
<String CONTENT="and" HEIGHT="40" WIDTH="95" VPOS="1609" HPOS="662"/>
<SP HEIGHT="40" WIDTH="24" VPOS="1609" HPOS="758"/>
<String CONTENT="aff." HEIGHT="41" WIDTH="81" VPOS="1609" HPOS="783"/>
<SP HEIGHT="40" WIDTH="25" VPOS="1610" HPOS="865"/>
<String CONTENT="Aug." HEIGHT="47" WIDTH="118" VPOS="1610" HPOS="891"/>
<SP HEIGHT="41" WIDTH="26" VPOS="1609" HPOS="1010"/>
<String CONTENT="25;" HEIGHT="47" WIDTH="82" VPOS="1609" HPOS="1037"/>
<SP HEIGHT="47" WIDTH="27" VPOS="1609" HPOS="1120"/>
<!-- cceid A3269CAE-6E3A-1014-83DD-942C093A1DD9 --><String CONTENT="A" HEIGHT="40" WIDTH="41" VPOS="1609" HPOS="1148"/>
<SP HEIGHT="41" WIDTH="24" VPOS="1608" HPOS="1190"/>
<String CONTENT="98113;" HEIGHT="47" WIDTH="170" VPOS="1608" HPOS="1215"/>
<SP HEIGHT="46" WIDTH="29" VPOS="1609" HPOS="1386"/>
<String CONTENT="Gertrude" HEIGHT="42" WIDTH="241" VPOS="1608" HPOS="1416"/>
<SP HEIGHT="39" WIDTH="26" VPOS="1610" HPOS="1658"/>
<String CONTENT="Minnie" HEIGHT="41" WIDTH="183" VPOS="1608" HPOS="1685"/>
<SP HEIGHT="39" WIDTH="25" VPOS="1610" HPOS="1869"/>
<String CONTENT="Baillie" HEIGHT="45" WIDTH="177" VPOS="1605" HPOS="1895"/>
</TextLine>
<TextLine HEIGHT="49" WIDTH="1171" VPOS="1666" HPOS="150" CS="1">
<String CONTENT="Reynolds," HEIGHT="48" WIDTH="255" VPOS="1667" HPOS="150"/>
<SP HEIGHT="47" WIDTH="27" VPOS="1668" HPOS="406"/>
<String CONTENT="St." HEIGHT="39" WIDTH="66" VPOS="1668" HPOS="434"/>
<SP HEIGHT="39" WIDTH="23" VPOS="1668" HPOS="501"/>
<String CONTENT="Albans," HEIGHT="48" WIDTH="196" VPOS="1667" HPOS="525"/>
<SP HEIGHT="47" WIDTH="25" VPOS="1668" HPOS="722"/>
<String CONTENT="England." HEIGHT="47" WIDTH="234" VPOS="1667" HPOS="748"/>
<SP HEIGHT="47" WIDTH="60" VPOS="1666" HPOS="983"/>
<String CONTENT="(36-18548)" HEIGHT="47" WIDTH="277" VPOS="1666" HPOS="1044"/>
<SP/>
</TextLine>
<TextLine HEIGHT="67" WIDTH="972" VPOS="1769" HPOS="77" STYLEREFS="StyleId-65774E18-7D63-42AC-8759-6FF539FBFE85-">
<String CONTENT="Ripley," HEIGHT="66" WIDTH="224" VPOS="1769" HPOS="77"/>
<SP HEIGHT="62" WIDTH="28" VPOS="1773" HPOS="302"/>
<String CONTENT="Mrs." HEIGHT="51" WIDTH="137" VPOS="1773" HPOS="331"/>
<SP HEIGHT="53" WIDTH="29" VPOS="1771" HPOS="469"/>
<String CONTENT="Katharine" HEIGHT="54" WIDTH="332" VPOS="1771" HPOS="499"/>
<SP HEIGHT="62" WIDTH="29" VPOS="1774" HPOS="832"/>
<String CONTENT="(Ball)" HEIGHT="66" WIDTH="187" VPOS="1770" HPOS="862"/>
</TextLine>
<TextLine HEIGHT="72" WIDTH="1920" VPOS="1858" HPOS="150" STYLEREFS="StyleId-9D37547A-B66A-4EC8-924A-3E0C3F085BC0-">
<String CONTENT="Crowded" HEIGHT="58" WIDTH="277" VPOS="1858" HPOS="150"/>
<SP HEIGHT="55" WIDTH="37" VPOS="1861" HPOS="428"/>
<String CONTENT="house," HEIGHT="66" WIDTH="189" VPOS="1861" HPOS="466"/>
<SP HEIGHT="65" WIDTH="37" VPOS="1862" HPOS="656"/>
<String CONTENT="by" HEIGHT="68" WIDTH="74" VPOS="1862" HPOS="694"/>
<SP HEIGHT="68" WIDTH="39" VPOS="1862" HPOS="769"/>
<String CONTENT="Katharine" HEIGHT="52" WIDTH="323" VPOS="1862" HPOS="809"/>
<SP HEIGHT="50" WIDTH="35" VPOS="1864" HPOS="1133"/>
<String CONTENT="Ball" HEIGHT="53" WIDTH="132" VPOS="1861" HPOS="1169"/>
<SP HEIGHT="52" WIDTH="39" VPOS="1862" HPOS="1302"/>
<String CONTENT="Ripley." HEIGHT="68" WIDTH="226" VPOS="1861" HPOS="1342"/>
<SP HEIGHT="55" WIDTH="73" VPOS="1861" HPOS="1569"/>
<String CONTENT="Garden" HEIGHT="55" WIDTH="232" VPOS="1861" HPOS="1643"/>
<SP HEIGHT="55" WIDTH="40" VPOS="1862" HPOS="1876"/>
<String CONTENT="City," HEIGHT="65" WIDTH="153" VPOS="1862" HPOS="1917"/>
</TextLine>
<TextLine HEIGHT="70" WIDTH="1574" VPOS="1938" HPOS="79" STYLEREFS="StyleId-9D37547A-B66A-4EC8-924A-3E0C3F085BC0-">
<String CONTENT="N." HEIGHT="53" WIDTH="68" VPOS="1939" HPOS="79"/>
<SP HEIGHT="53" WIDTH="35" VPOS="1939" HPOS="148"/>
<String CONTENT="Y.," HEIGHT="68" WIDTH="89" VPOS="1939" HPOS="184"/>
<SP HEIGHT="68" WIDTH="32" VPOS="1939" HPOS="274"/>
<String CONTENT="Doubleday," HEIGHT="70" WIDTH="355" VPOS="1938" HPOS="307"/>
<SP HEIGHT="67" WIDTH="34" VPOS="1941" HPOS="663"/>
<String CONTENT="Doran" HEIGHT="52" WIDTH="197" VPOS="1941" HPOS="698"/>
<SP HEIGHT="51" WIDTH="34" VPOS="1943" HPOS="896"/>
<String CONTENT="&amp;" HEIGHT="51" WIDTH="45" VPOS="1943" HPOS="931"/>
<SP HEIGHT="51" WIDTH="31" VPOS="1943" HPOS="977"/>
<String CONTENT="company," HEIGHT="50" WIDTH="296" VPOS="1957" HPOS="1009"/>
<SP HEIGHT="68" WIDTH="35" VPOS="1939" HPOS="1306"/>
<String CONTENT="inc.," HEIGHT="68" WIDTH="124" VPOS="1939" HPOS="1342"/>
<SP HEIGHT="63" WIDTH="36" VPOS="1944" HPOS="1467"/>
<String CONTENT="1936." HEIGHT="50" WIDTH="149" VPOS="1943" HPOS="1504"/>
</TextLine>
<TextLine HEIGHT="51" WIDTH="527" VPOS="2024" HPOS="148" CS="1">
<String CONTENT="4" HEIGHT="41" WIDTH="29" VPOS="2025" HPOS="148"/>
<SP HEIGHT="50" WIDTH="25" VPOS="2025" HPOS="178"/>
<String CONTENT="p." HEIGHT="39" WIDTH="42" VPOS="2036" HPOS="204"/>
<SP HEIGHT="41" WIDTH="25" VPOS="2025" HPOS="247"/>
<String CS="1" CONTENT="l.,"/>
<SP HEIGHT="49" WIDTH="23" VPOS="2024" HPOS="319"/>
<String CONTENT="276" HEIGHT="42" WIDTH="88" VPOS="2024" HPOS="343"/>
<SP HEIGHT="50" WIDTH="21" VPOS="2024" HPOS="432"/>
<String CONTENT="p." HEIGHT="38" WIDTH="44" VPOS="2036" HPOS="454"/>
<SP HEIGHT="42" WIDTH="56" VPOS="2025" HPOS="499"/>
<String CONTENT="20" HEIGHT="42" WIDTH="58" VPOS="2024" HPOS="556"/>
<String STYLE="superscript" CONTENT="cm" HEIGHT="21" WIDTH="47" VPOS="2028" HPOS="614"/>
<String CONTENT="." HEIGHT="10" WIDTH="11" VPOS="2057" HPOS="664"/>
</TextLine>
<TextLine HEIGHT="43" WIDTH="416" VPOS="2094" HPOS="152">
<String CONTENT="&#8220;First" HEIGHT="41" WIDTH="161" VPOS="2095" HPOS="152"/>
<SP HEIGHT="39" WIDTH="28" VPOS="2097" HPOS="314"/>
<String CONTENT="edition.&#8221;" HEIGHT="43" WIDTH="225" VPOS="2094" HPOS="343"/>
</TextLine>
<TextLine HEIGHT="111" WIDTH="1975" VPOS="2162" HPOS="78" CS="1">
<String CONTENT="&#169;" HEIGHT="53" WIDTH="53" VPOS="2162" HPOS="78"/>
<SP HEIGHT="53" WIDTH="26" VPOS="2162" HPOS="132"/>
<String CONTENT="Aug." HEIGHT="47" WIDTH="119" VPOS="2167" HPOS="159"/>
<SP HEIGHT="40" WIDTH="27" VPOS="2167" HPOS="279"/>
<String CONTENT="21," HEIGHT="47" WIDTH="68" VPOS="2167" HPOS="307"/>
<SP HEIGHT="47" WIDTH="30" VPOS="2167" HPOS="376"/>
<String CONTENT="1936;" HEIGHT="46" WIDTH="139" VPOS="2167" HPOS="407"/>
<SP HEIGHT="46" WIDTH="30" VPOS="2167" HPOS="547"/>
<String CONTENT="2c." HEIGHT="39" WIDTH="65" VPOS="2167" HPOS="578"/>
<SP HEIGHT="28" WIDTH="32" VPOS="2178" HPOS="644"/>
<String CONTENT="and" HEIGHT="39" WIDTH="95" VPOS="2167" HPOS="677"/>
<SP HEIGHT="39" WIDTH="28" VPOS="2167" HPOS="773"/>
<String CONTENT="aff." HEIGHT="40" WIDTH="81" VPOS="2167" HPOS="802"/>
<SP HEIGHT="39" WIDTH="30" VPOS="2168" HPOS="884"/>
<String CONTENT="Aug." HEIGHT="46" WIDTH="119" VPOS="2168" HPOS="915"/>
<SP HEIGHT="41" WIDTH="29" VPOS="2166" HPOS="1035"/>
<String CONTENT="25;" HEIGHT="47" WIDTH="82" VPOS="2166" HPOS="1065"/>
<SP HEIGHT="45" WIDTH="31" VPOS="2168" HPOS="1148"/>
<!-- cceid A326F4D8-6E3A-1014-83DD-942C093A1DD9 --><String CONTENT="A" HEIGHT="38" WIDTH="40" VPOS="2168" HPOS="1180"/>
<SP HEIGHT="41" WIDTH="28" VPOS="2166" HPOS="1221"/>
<String CONTENT="98115;" HEIGHT="46" WIDTH="169" VPOS="2166" HPOS="1250"/>
<SP HEIGHT="45" WIDTH="32" VPOS="2167" HPOS="1420"/>
<String CONTENT="K." HEIGHT="40" WIDTH="58" VPOS="2167" HPOS="1453"/>
<SP HEIGHT="40" WIDTH="31" VPOS="2167" HPOS="1512"/>
<String CONTENT="B." HEIGHT="39" WIDTH="52" VPOS="2167" HPOS="1544"/>
<SP HEIGHT="39" WIDTH="32" VPOS="2167" HPOS="1597"/>
<String CONTENT="Ripley," HEIGHT="49" WIDTH="186" VPOS="2166" HPOS="1630"/>
<SP HEIGHT="48" WIDTH="32" VPOS="2167" HPOS="1817"/>
<String CONTENT="Charleston," HEIGHT="105" WIDTH="1904" VPOS="2166" HPOS="149"/>
<SP HEIGHT="46" WIDTH="24" VPOS="2225" HPOS="246"/>
<String CONTENT="W." HEIGHT="40" WIDTH="71" VPOS="2225" HPOS="271"/>
<SP HEIGHT="46" WIDTH="24" VPOS="2219" HPOS="343"/>
<String CONTENT="Va." HEIGHT="45" WIDTH="85" VPOS="2219" HPOS="368"/>
<SP HEIGHT="47" WIDTH="63" VPOS="2225" HPOS="454"/>
<String CONTENT="(36-18545)" HEIGHT="50" WIDTH="279" VPOS="2223" HPOS="518"/>
</TextLine>
<TextLine HEIGHT="64" WIDTH="628" VPOS="2329" HPOS="76" STYLEREFS="StyleId-65774E18-7D63-42AC-8759-6FF539FBFE85-">
<String CONTENT="Rovner," HEIGHT="63" WIDTH="251" VPOS="2330" HPOS="76"/>
<SP HEIGHT="63" WIDTH="21" VPOS="2330" HPOS="328"/>
<String CONTENT="Maurice" HEIGHT="53" WIDTH="260" VPOS="2329" HPOS="350"/>
<SP HEIGHT="53" WIDTH="25" VPOS="2329" HPOS="611"/>
<String CONTENT="B." HEIGHT="55" WIDTH="67" VPOS="2329" HPOS="637"/>
</TextLine>
<TextLine HEIGHT="70" WIDTH="1921" VPOS="2414" HPOS="147" STYLEREFS="StyleId-9D37547A-B66A-4EC8-924A-3E0C3F085BC0-">
<String CONTENT="Mastery" HEIGHT="67" WIDTH="253" VPOS="2417" HPOS="147"/>
<SP HEIGHT="48" WIDTH="33" VPOS="2436" HPOS="401"/>
<String CONTENT="units" HEIGHT="53" WIDTH="154" VPOS="2417" HPOS="435"/>
<SP HEIGHT="52" WIDTH="32" VPOS="2417" HPOS="590"/>
<String CONTENT="in" HEIGHT="52" WIDTH="59" VPOS="2417" HPOS="623"/>
<SP HEIGHT="54" WIDTH="35" VPOS="2415" HPOS="683"/>
<String CONTENT="American" HEIGHT="54" WIDTH="305" VPOS="2415" HPOS="719"/>
<SP HEIGHT="51" WIDTH="31" VPOS="2417" HPOS="1025"/>
<String CONTENT="history," HEIGHT="67" WIDTH="240" VPOS="2416" HPOS="1057"/>
<SP HEIGHT="68" WIDTH="33" VPOS="2415" HPOS="1298"/>
<String CONTENT="by" HEIGHT="68" WIDTH="74" VPOS="2415" HPOS="1332"/>
<SP HEIGHT="68" WIDTH="34" VPOS="2415" HPOS="1407"/>
<String CONTENT="Maurice" HEIGHT="54" WIDTH="256" VPOS="2414" HPOS="1442"/>
<SP HEIGHT="51" WIDTH="34" VPOS="2416" HPOS="1699"/>
<String CONTENT="B." HEIGHT="53" WIDTH="66" VPOS="2416" HPOS="1734"/>
<SP HEIGHT="54" WIDTH="37" VPOS="2415" HPOS="1801"/>
<String CONTENT="Rovner" HEIGHT="54" WIDTH="229" VPOS="2415" HPOS="1839"/>
</TextLine>
<TextLine HEIGHT="69" WIDTH="1442" VPOS="2493" HPOS="140" STYLEREFS="StyleId-9D37547A-B66A-4EC8-924A-3E0C3F085BC0-" CS="1">
<String CS="1" CONTENT="&#8230;"/>
<SP HEIGHT="53" WIDTH="76" VPOS="2493" HPOS="140"/>
<String CONTENT="New" HEIGHT="54" WIDTH="137" VPOS="2493" HPOS="217"/>
<SP HEIGHT="51" WIDTH="34" VPOS="2494" HPOS="355"/>
<String CONTENT="York," HEIGHT="67" WIDTH="176" VPOS="2494" HPOS="390"/>
<SP HEIGHT="68" WIDTH="34" VPOS="2493" HPOS="567"/>
<String CONTENT="Colonial" HEIGHT="55" WIDTH="261" VPOS="2493" HPOS="602"/>
<SP HEIGHT="52" WIDTH="30" VPOS="2494" HPOS="864"/>
<String CONTENT="book" HEIGHT="52" WIDTH="147" VPOS="2494" HPOS="895"/>
<SP HEIGHT="52" WIDTH="32" VPOS="2494" HPOS="1043"/>
<String CONTENT="company" HEIGHT="52" WIDTH="278" VPOS="2510" HPOS="1076"/>
<SP HEIGHT="60" WIDTH="36" VPOS="2500" HPOS="1355"/>
<String CS="1" CONTENT="[c1936]" HEIGHT="34" WIDTH="12" VPOS="2526" HPOS="1570"/>
</TextLine>
<TextLine HEIGHT="105" WIDTH="1990" VPOS="2577" HPOS="76" STYLEREFS="StyleId-9D37547A-B66A-4EC8-924A-3E0C3F085BC0-" CS="1">
<String CONTENT="vii," HEIGHT="49" WIDTH="81" VPOS="2577" HPOS="146"/>
<SP HEIGHT="48" WIDTH="40" VPOS="2578" HPOS="228"/>
<String CONTENT="301," HEIGHT="49" WIDTH="99" VPOS="2577" HPOS="269"/>
<SP HEIGHT="30" WIDTH="43" VPOS="2597" HPOS="369"/>
<String CONTENT="[11]" HEIGHT="49" WIDTH="83" VPOS="2578" HPOS="413"/>
<SP HEIGHT="38" WIDTH="43" VPOS="2589" HPOS="497"/>
<String CONTENT="p." HEIGHT="38" WIDTH="43" VPOS="2589" HPOS="541"/>
<SP HEIGHT="40" WIDTH="73" VPOS="2578" HPOS="585"/>
<String CONTENT="illus.," HEIGHT="48" WIDTH="142" VPOS="2578" HPOS="659"/>
<SP HEIGHT="47" WIDTH="42" VPOS="2579" HPOS="802"/>
<String CONTENT="diagrs." HEIGHT="49" WIDTH="178" VPOS="2578" HPOS="845"/>
<SP HEIGHT="38" WIDTH="73" VPOS="2579" HPOS="1024"/>
<String CONTENT="19" HEIGHT="41" WIDTH="57" VPOS="2578" HPOS="1098"/>
<String STYLE="superscript" CONTENT="cm" HEIGHT="21" WIDTH="44" VPOS="2580" HPOS="1156"/>
<String CONTENT="." HEIGHT="9" WIDTH="9" VPOS="2610" HPOS="1204"/>
<SP HEIGHT="48" WIDTH="84" VPOS="2578" HPOS="1214"/>
<String CONTENT="(Colonial" HEIGHT="49" WIDTH="243" VPOS="2577" HPOS="1299"/>
<SP HEIGHT="42" WIDTH="41" VPOS="2577" HPOS="1543"/>
<String CONTENT="functional" HEIGHT="41" WIDTH="275" VPOS="2578" HPOS="1585"/>
<SP HEIGHT="41" WIDTH="41" VPOS="2578" HPOS="1861"/>
<String CONTENT="study-texts)" HEIGHT="104" WIDTH="1990" VPOS="2578" HPOS="76"/>
</TextLine>
<TextLine HEIGHT="51" WIDTH="841" VPOS="2704" HPOS="146" CS="1">
<String CONTENT="Text" HEIGHT="40" WIDTH="123" VPOS="2704" HPOS="146"/>
<SP HEIGHT="39" WIDTH="27" VPOS="2705" HPOS="270"/>
<String CONTENT="on" HEIGHT="30" WIDTH="60" VPOS="2713" HPOS="298"/>
<SP HEIGHT="38" WIDTH="24" VPOS="2714" HPOS="359"/>
<String CONTENT="p." HEIGHT="38" WIDTH="42" VPOS="2714" HPOS="384"/>
<SP HEIGHT="30" WIDTH="31" VPOS="2725" HPOS="427"/>
<String CS="1" CONTENT="[2]" HEIGHT="49" WIDTH="40" VPOS="2704" HPOS="472"/>
<SP HEIGHT="38" WIDTH="29" VPOS="2715" HPOS="513"/>
<String CONTENT="and" HEIGHT="39" WIDTH="95" VPOS="2705" HPOS="543"/>
<SP HEIGHT="49" WIDTH="30" VPOS="2705" HPOS="639"/>
<String CONTENT="[3]" HEIGHT="50" WIDTH="55" VPOS="2704" HPOS="670"/>
<SP HEIGHT="39" WIDTH="25" VPOS="2715" HPOS="726"/>
<String CONTENT="of" HEIGHT="40" WIDTH="54" VPOS="2705" HPOS="752"/>
<SP HEIGHT="40" WIDTH="26" VPOS="2705" HPOS="807"/>
<String CONTENT="cover." HEIGHT="31" WIDTH="153" VPOS="2714" HPOS="834"/>
</TextLine>
<TextLine HEIGHT="105" WIDTH="1973" VPOS="2760" HPOS="75" CS="1">
<String CONTENT="&#8220;The" HEIGHT="41" WIDTH="128" VPOS="2760" HPOS="148"/>
<SP HEIGHT="30" WIDTH="32" VPOS="2771" HPOS="277"/>
<String CONTENT="author" HEIGHT="39" WIDTH="178" VPOS="2762" HPOS="310"/>
<SP HEIGHT="38" WIDTH="30" VPOS="2762" HPOS="489"/>
<String CONTENT="has" HEIGHT="38" WIDTH="88" VPOS="2762" HPOS="520"/>
<SP HEIGHT="29" WIDTH="34" VPOS="2771" HPOS="609"/>
<String CONTENT="subordinated" HEIGHT="40" WIDTH="348" VPOS="2762" HPOS="644"/>
<SP HEIGHT="48" WIDTH="30" VPOS="2762" HPOS="993"/>
<String CONTENT="political" HEIGHT="49" WIDTH="217" VPOS="2761" HPOS="1024"/>
<SP HEIGHT="40" WIDTH="33" VPOS="2762" HPOS="1242"/>
<String CONTENT="and" HEIGHT="40" WIDTH="95" VPOS="2762" HPOS="1276"/>
<SP HEIGHT="40" WIDTH="32" VPOS="2762" HPOS="1372"/>
<String CONTENT="military" HEIGHT="49" WIDTH="219" VPOS="2761" HPOS="1405"/>
<SP HEIGHT="48" WIDTH="33" VPOS="2762" HPOS="1625"/>
<String CONTENT="history" HEIGHT="49" WIDTH="188" VPOS="2761" HPOS="1659"/>
<SP HEIGHT="47" WIDTH="33" VPOS="2763" HPOS="1848"/>
<String CONTENT="to" HEIGHT="39" WIDTH="49" VPOS="2763" HPOS="1882"/>
<SP HEIGHT="30" WIDTH="34" VPOS="2772" HPOS="1932"/>
<String CONTENT="economic," HEIGHT="92" WIDTH="1973" VPOS="2772" HPOS="75"/>
<SP HEIGHT="37" WIDTH="31" VPOS="2827" HPOS="245"/>
<String CONTENT="social," HEIGHT="47" WIDTH="163" VPOS="2818" HPOS="277"/>
<SP HEIGHT="38" WIDTH="33" VPOS="2827" HPOS="441"/>
<String CONTENT="and" HEIGHT="39" WIDTH="95" VPOS="2818" HPOS="475"/>
<SP HEIGHT="39" WIDTH="32" VPOS="2818" HPOS="571"/>
<String CONTENT="cultural" HEIGHT="39" WIDTH="212" VPOS="2818" HPOS="604"/>
<SP HEIGHT="39" WIDTH="33" VPOS="2818" HPOS="817"/>
<String CONTENT="history.&#8221;&#8212;Pref." HEIGHT="48" WIDTH="424" VPOS="2817" HPOS="851"/>
</TextLine>
<TextLine HEIGHT="52" WIDTH="1631" VPOS="2873" HPOS="148">
<String CONTENT="&#8220;Regents" HEIGHT="48" WIDTH="238" VPOS="2873" HPOS="148"/>
<SP HEIGHT="30" WIDTH="28" VPOS="2884" HPOS="387"/>
<String CONTENT="examination" HEIGHT="40" WIDTH="332" VPOS="2874" HPOS="416"/>
<SP HEIGHT="39" WIDTH="30" VPOS="2875" HPOS="749"/>
<String CONTENT="in" HEIGHT="39" WIDTH="49" VPOS="2875" HPOS="780"/>
<SP HEIGHT="40" WIDTH="28" VPOS="2874" HPOS="830"/>
<String CONTENT="American" HEIGHT="41" WIDTH="255" VPOS="2874" HPOS="859"/>
<SP HEIGHT="40" WIDTH="30" VPOS="2875" HPOS="1115"/>
<String CONTENT="history&#8221;:" HEIGHT="48" WIDTH="246" VPOS="2873" HPOS="1146"/>
<SP HEIGHT="41" WIDTH="34" VPOS="2884" HPOS="1393"/>
<String CONTENT="[6]" HEIGHT="51" WIDTH="55" VPOS="2874" HPOS="1428"/>
<SP HEIGHT="39" WIDTH="30" VPOS="2886" HPOS="1484"/>
<String CONTENT="p." HEIGHT="38" WIDTH="44" VPOS="2886" HPOS="1515"/>
<SP HEIGHT="32" WIDTH="30" VPOS="2884" HPOS="1560"/>
<String CONTENT="at" HEIGHT="40" WIDTH="52" VPOS="2875" HPOS="1591"/>
<SP HEIGHT="41" WIDTH="28" VPOS="2875" HPOS="1644"/>
<String CONTENT="end." HEIGHT="41" WIDTH="106" VPOS="2875" HPOS="1673"/>
</TextLine>
<TextLine HEIGHT="48" WIDTH="1094" VPOS="2930" HPOS="147">
<String CONTENT="&#8220;Books" HEIGHT="40" WIDTH="186" VPOS="2930" HPOS="147"/>
<SP HEIGHT="38" WIDTH="23" VPOS="2933" HPOS="334"/>
<String CONTENT="to" HEIGHT="38" WIDTH="49" VPOS="2933" HPOS="358"/>
<SP HEIGHT="30" WIDTH="26" VPOS="2941" HPOS="408"/>
<String CONTENT="read&#8221;" HEIGHT="40" WIDTH="144" VPOS="2931" HPOS="435"/>
<SP HEIGHT="40" WIDTH="27" VPOS="2931" HPOS="580"/>
<String CONTENT="at" HEIGHT="37" WIDTH="53" VPOS="2934" HPOS="608"/>
<SP HEIGHT="37" WIDTH="24" VPOS="2934" HPOS="662"/>
<String CONTENT="end" HEIGHT="39" WIDTH="90" VPOS="2932" HPOS="687"/>
<SP HEIGHT="39" WIDTH="26" VPOS="2932" HPOS="778"/>
<String CONTENT="of" HEIGHT="39" WIDTH="51" VPOS="2931" HPOS="805"/>
<SP HEIGHT="40" WIDTH="25" VPOS="2931" HPOS="857"/>
<String CONTENT="each" HEIGHT="39" WIDTH="117" VPOS="2932" HPOS="883"/>
<SP HEIGHT="39" WIDTH="24" VPOS="2932" HPOS="1001"/>
<String CONTENT="chapter." HEIGHT="46" WIDTH="215" VPOS="2932" HPOS="1026"/>
</TextLine>
<TextLine HEIGHT="53" WIDTH="1990" VPOS="2999" HPOS="77">
<String CONTENT="&#169;" HEIGHT="53" WIDTH="54" VPOS="2999" HPOS="77"/>
<SP HEIGHT="53" WIDTH="25" VPOS="2999" HPOS="132"/>
<String CONTENT="Aug." HEIGHT="47" WIDTH="119" VPOS="3004" HPOS="158"/>
<SP HEIGHT="40" WIDTH="29" VPOS="3004" HPOS="278"/>
<String CONTENT="14," HEIGHT="47" WIDTH="68" VPOS="3004" HPOS="308"/>
<SP HEIGHT="46" WIDTH="29" VPOS="3005" HPOS="377"/>
<String CONTENT="1936;" HEIGHT="47" WIDTH="138" VPOS="3003" HPOS="407"/>
<SP HEIGHT="47" WIDTH="31" VPOS="3003" HPOS="546"/>
<String CONTENT="2c." HEIGHT="41" WIDTH="66" VPOS="3003" HPOS="578"/>
<SP HEIGHT="30" WIDTH="30" VPOS="3014" HPOS="645"/>
<String CONTENT="and" HEIGHT="39" WIDTH="96" VPOS="3004" HPOS="676"/>
<SP HEIGHT="39" WIDTH="29" VPOS="3004" HPOS="773"/>
<String CONTENT="aff." HEIGHT="41" WIDTH="81" VPOS="3003" HPOS="803"/>
<SP HEIGHT="39" WIDTH="30" VPOS="3005" HPOS="885"/>
<String CONTENT="Aug." HEIGHT="46" WIDTH="119" VPOS="3005" HPOS="916"/>
<SP HEIGHT="41" WIDTH="29" VPOS="3003" HPOS="1036"/>
<String CONTENT="20;" HEIGHT="47" WIDTH="82" VPOS="3003" HPOS="1066"/>
<SP HEIGHT="45" WIDTH="32" VPOS="3005" HPOS="1149"/>
<!-- cceid A32757F8-6E3A-1014-83DD-942C093A1DD9 --><String CONTENT="A" HEIGHT="38" WIDTH="41" VPOS="3005" HPOS="1182"/>
<SP HEIGHT="41" WIDTH="28" VPOS="3003" HPOS="1224"/>
<String CONTENT="97451;" HEIGHT="47" WIDTH="168" VPOS="3003" HPOS="1253"/>
<SP HEIGHT="46" WIDTH="35" VPOS="3004" HPOS="1422"/>
<String CONTENT="Colonial" HEIGHT="41" WIDTH="218" VPOS="3003" HPOS="1458"/>
<SP HEIGHT="40" WIDTH="28" VPOS="3003" HPOS="1677"/>
<String CONTENT="book" HEIGHT="39" WIDTH="124" VPOS="3004" HPOS="1706"/>
<SP HEIGHT="39" WIDTH="28" VPOS="3004" HPOS="1831"/>
<String CONTENT="co.," HEIGHT="38" WIDTH="83" VPOS="3013" HPOS="1860"/>
<SP HEIGHT="48" WIDTH="30" VPOS="3003" HPOS="1944"/>
<String CONTENT="inc." HEIGHT="40" WIDTH="92" VPOS="3003" HPOS="1975"/>
</TextLine>
<TextLine HEIGHT="47" WIDTH="277" VPOS="3060" HPOS="155">
<String CONTENT="(36-18581)" HEIGHT="47" WIDTH="277" VPOS="3060" HPOS="155"/>
</TextLine>
<TextLine HEIGHT="65" WIDTH="795" VPOS="3163" HPOS="74" STYLEREFS="StyleId-65774E18-7D63-42AC-8759-6FF539FBFE85-">
<String CONTENT="Sender," HEIGHT="64" WIDTH="238" VPOS="3163" HPOS="74"/>
<SP HEIGHT="63" WIDTH="26" VPOS="3164" HPOS="313"/>
<String CONTENT="Ramon" HEIGHT="52" WIDTH="225" VPOS="3164" HPOS="340"/>
<SP HEIGHT="52" WIDTH="27" VPOS="3165" HPOS="566"/>
<String CONTENT="J.," HEIGHT="63" WIDTH="72" VPOS="3165" HPOS="594"/>
<SP HEIGHT="58" WIDTH="31" VPOS="3170" HPOS="667"/>
<String CONTENT="1901-" HEIGHT="48" WIDTH="170" VPOS="3170" HPOS="699"/>
</TextLine>
<TextLine HEIGHT="71" WIDTH="1915" VPOS="3237" HPOS="146" STYLEREFS="StyleId-9D37547A-B66A-4EC8-924A-3E0C3F085BC0-">
<String CONTENT="Seven" HEIGHT="56" WIDTH="180" VPOS="3237" HPOS="146"/>
<SP HEIGHT="34" WIDTH="32" VPOS="3257" HPOS="327"/>
<String CONTENT="red" HEIGHT="52" WIDTH="100" VPOS="3240" HPOS="360"/>
<SP HEIGHT="55" WIDTH="38" VPOS="3239" HPOS="461"/>
<String CONTENT="Sundays," HEIGHT="68" WIDTH="282" VPOS="3239" HPOS="500"/>
<SP HEIGHT="66" WIDTH="33" VPOS="3241" HPOS="783"/>
<String CONTENT="by" HEIGHT="67" WIDTH="74" VPOS="3241" HPOS="817"/>
<SP HEIGHT="67" WIDTH="32" VPOS="3241" HPOS="892"/>
<String CONTENT="Ramon" HEIGHT="52" WIDTH="222" VPOS="3241" HPOS="925"/>
<SP HEIGHT="54" WIDTH="35" VPOS="3241" HPOS="1148"/>
<String CONTENT="J." HEIGHT="54" WIDTH="55" VPOS="3241" HPOS="1184"/>
<SP HEIGHT="56" WIDTH="38" VPOS="3240" HPOS="1240"/>
<String CONTENT="Sender;" HEIGHT="66" WIDTH="241" VPOS="3240" HPOS="1279"/>
<SP HEIGHT="60" WIDTH="39" VPOS="3246" HPOS="1521"/>
<String CONTENT="translated" HEIGHT="52" WIDTH="312" VPOS="3241" HPOS="1561"/>
<SP HEIGHT="54" WIDTH="36" VPOS="3239" HPOS="1874"/>
<String CONTENT="from" HEIGHT="54" WIDTH="150" VPOS="3239" HPOS="1911"/>
</TextLine>
<TextLine HEIGHT="70" WIDTH="1988" VPOS="3316" HPOS="75" STYLEREFS="StyleId-9D37547A-B66A-4EC8-924A-3E0C3F085BC0-" CS="1">
<String CONTENT="the" HEIGHT="53" WIDTH="94" VPOS="3316" HPOS="75"/>
<SP HEIGHT="55" WIDTH="36" VPOS="3316" HPOS="170"/>
<String CONTENT="Spanish" HEIGHT="68" WIDTH="249" VPOS="3316" HPOS="207"/>
<SP HEIGHT="53" WIDTH="34" VPOS="3317" HPOS="457"/>
<String CONTENT="by" HEIGHT="68" WIDTH="74" VPOS="3318" HPOS="492"/>
<SP HEIGHT="68" WIDTH="35" VPOS="3318" HPOS="567"/>
<String CONTENT="Sir" HEIGHT="55" WIDTH="96" VPOS="3318" HPOS="603"/>
<SP HEIGHT="51" WIDTH="34" VPOS="3320" HPOS="700"/>
<String CONTENT="Peter" HEIGHT="51" WIDTH="167" VPOS="3320" HPOS="735"/>
<SP HEIGHT="54" WIDTH="37" VPOS="3319" HPOS="903"/>
<String CONTENT="Chalmers" HEIGHT="54" WIDTH="293" VPOS="3319" HPOS="941"/>
<SP HEIGHT="52" WIDTH="34" VPOS="3319" HPOS="1235"/>
<String CONTENT="Mitchell" HEIGHT="53" WIDTH="260" VPOS="3318" HPOS="1270"/>
<SP HEIGHT="52" WIDTH="42" VPOS="3318" HPOS="1531"/>
<String CS="1" CONTENT="&#8230;"/>
<SP HEIGHT="52" WIDTH="77" VPOS="3319" HPOS="1631"/>
<String CONTENT="New" HEIGHT="52" WIDTH="137" VPOS="3319" HPOS="1709"/>
<SP HEIGHT="51" WIDTH="37" VPOS="3320" HPOS="1847"/>
<String CONTENT="York," HEIGHT="61" WIDTH="178" VPOS="3318" HPOS="1885"/>
</TextLine>
<TextLine HEIGHT="70" WIDTH="1283" VPOS="3394" HPOS="75" STYLEREFS="StyleId-9D37547A-B66A-4EC8-924A-3E0C3F085BC0-">
<String CONTENT="Liveright" HEIGHT="69" WIDTH="299" VPOS="3394" HPOS="75"/>
<SP HEIGHT="61" WIDTH="28" VPOS="3402" HPOS="375"/>
<String CONTENT="publishing" HEIGHT="69" WIDTH="334" VPOS="3395" HPOS="404"/>
<SP HEIGHT="49" WIDTH="28" VPOS="3415" HPOS="739"/>
<String CONTENT="corporation" HEIGHT="68" WIDTH="361" VPOS="3396" HPOS="768"/>
<SP HEIGHT="50" WIDTH="35" VPOS="3414" HPOS="1130"/>
<String STYLE="subscript" CONTENT="[" HEIGHT="33" WIDTH="14" VPOS="3431" HPOS="1166"/>
<String STYLE="superscript" CONTENT="c" HEIGHT="21" WIDTH="17" VPOS="3403" HPOS="1185"/>
<String CONTENT="1936" HEIGHT="50" WIDTH="133" VPOS="3400" HPOS="1207"/>
<String STYLE="subscript" CONTENT="]" HEIGHT="35" WIDTH="14" VPOS="3429" HPOS="1344"/>
</TextLine>
<TextLine HEIGHT="49" WIDTH="685" VPOS="3480" HPOS="147" CS="1">
<String CONTENT="2" HEIGHT="39" WIDTH="27" VPOS="3480" HPOS="147"/>
<SP HEIGHT="48" WIDTH="24" VPOS="3480" HPOS="175"/>
<String CONTENT="p." HEIGHT="36" WIDTH="43" VPOS="3492" HPOS="200"/>
<SP HEIGHT="39" WIDTH="24" VPOS="3482" HPOS="244"/>
<String CS="1" CONTENT="l.,"/>
<SP HEIGHT="47" WIDTH="26" VPOS="3481" HPOS="314"/>
<String CONTENT="7-438," HEIGHT="47" WIDTH="157" VPOS="3480" HPOS="341"/>
<SP HEIGHT="30" WIDTH="30" VPOS="3499" HPOS="499"/>
<String CONTENT="[1]" HEIGHT="48" WIDTH="53" VPOS="3481" HPOS="530"/>
<SP HEIGHT="38" WIDTH="30" VPOS="3491" HPOS="584"/>
<String CONTENT="p." HEIGHT="37" WIDTH="40" VPOS="3491" HPOS="615"/>
<SP HEIGHT="39" WIDTH="60" VPOS="3481" HPOS="656"/>
<String CONTENT="21" HEIGHT="38" WIDTH="53" VPOS="3481" HPOS="717"/>
<String STYLE="superscript" CONTENT="cm" HEIGHT="21" WIDTH="43" VPOS="3483" HPOS="776"/>
<String CONTENT="." HEIGHT="9" WIDTH="7" VPOS="3512" HPOS="825"/>
</TextLine>
<TextLine HEIGHT="52" WIDTH="1985" VPOS="3548" HPOS="77" CS="1">
<String CONTENT="&#169;" HEIGHT="52" WIDTH="52" VPOS="3548" HPOS="77"/>
<SP HEIGHT="52" WIDTH="20" VPOS="3548" HPOS="130"/>
<String CONTENT="Aug." HEIGHT="46" WIDTH="118" VPOS="3553" HPOS="151"/>
<SP HEIGHT="38" WIDTH="23" VPOS="3552" HPOS="270"/>
<String CONTENT="24," HEIGHT="48" WIDTH="68" VPOS="3552" HPOS="294"/>
<SP HEIGHT="47" WIDTH="23" VPOS="3553" HPOS="363"/>
<String CS="1" CONTENT="1936;"/>
<SP HEIGHT="41" WIDTH="26" VPOS="3552" HPOS="527"/>
<String CONTENT="2c." HEIGHT="39" WIDTH="65" VPOS="3552" HPOS="554"/>
<SP HEIGHT="37" WIDTH="24" VPOS="3554" HPOS="620"/>
<String CONTENT="Aug." HEIGHT="46" WIDTH="120" VPOS="3554" HPOS="645"/>
<SP HEIGHT="40" WIDTH="24" VPOS="3552" HPOS="766"/>
<String CONTENT="26;" HEIGHT="47" WIDTH="81" VPOS="3552" HPOS="791"/>
<SP HEIGHT="37" WIDTH="25" VPOS="3562" HPOS="873"/>
<String CONTENT="aff." HEIGHT="40" WIDTH="82" VPOS="3552" HPOS="899"/>
<SP HEIGHT="39" WIDTH="25" VPOS="3553" HPOS="982"/>
<String CONTENT="Aug." HEIGHT="46" WIDTH="117" VPOS="3553" HPOS="1008"/>
<SP HEIGHT="38" WIDTH="25" VPOS="3553" HPOS="1126"/>
<String CONTENT="25;" HEIGHT="45" WIDTH="82" VPOS="3553" HPOS="1152"/>
<SP HEIGHT="45" WIDTH="27" VPOS="3553" HPOS="1235"/>
<!-- cceid A327AED3-6E3A-1014-83DD-942C093A1DD9 --><String CONTENT="A" HEIGHT="39" WIDTH="41" VPOS="3553" HPOS="1263"/>
<SP HEIGHT="41" WIDTH="21" VPOS="3551" HPOS="1305"/>
<String CONTENT="97573;" HEIGHT="48" WIDTH="170" VPOS="3551" HPOS="1327"/>
<SP HEIGHT="47" WIDTH="27" VPOS="3552" HPOS="1498"/>
<String CONTENT="Liveright" HEIGHT="48" WIDTH="251" VPOS="3551" HPOS="1526"/>
<SP HEIGHT="45" WIDTH="22" VPOS="3554" HPOS="1778"/>
<String CONTENT="pub." HEIGHT="47" WIDTH="108" VPOS="3552" HPOS="1801"/>
<SP HEIGHT="30" WIDTH="23" VPOS="3562" HPOS="1910"/>
<String CONTENT="corp." HEIGHT="39" WIDTH="128" VPOS="3561" HPOS="1934"/>
</TextLine>
<TextLine HEIGHT="49" WIDTH="278" VPOS="3607" HPOS="153">
<String CONTENT="(36-18554)" HEIGHT="49" WIDTH="278" VPOS="3607" HPOS="153"/>
</TextLine>
<TextLine HEIGHT="64" WIDTH="653" VPOS="3710" HPOS="73" STYLEREFS="StyleId-65774E18-7D63-42AC-8759-6FF539FBFE85-">
<String CONTENT="Shannon," HEIGHT="64" WIDTH="295" VPOS="3710" HPOS="73"/>
<SP HEIGHT="62" WIDTH="24" VPOS="3712" HPOS="369"/>
<String CONTENT="William" HEIGHT="53" WIDTH="252" VPOS="3711" HPOS="394"/>
<SP HEIGHT="52" WIDTH="24" VPOS="3711" HPOS="647"/>
<String CONTENT="J." HEIGHT="53" WIDTH="54" VPOS="3711" HPOS="672"/>
</TextLine>
<TextLine HEIGHT="71" WIDTH="1908" VPOS="3782" HPOS="146" STYLEREFS="StyleId-9D37547A-B66A-4EC8-924A-3E0C3F085BC0-" CS="1">
<String CONTENT="Camera" HEIGHT="55" WIDTH="237" VPOS="3783" HPOS="146"/>
<SP HEIGHT="47" WIDTH="48" VPOS="3790" HPOS="384"/>
<String CONTENT="trails" HEIGHT="52" WIDTH="163" VPOS="3785" HPOS="433"/>
<SP HEIGHT="45" WIDTH="45" VPOS="3792" HPOS="597"/>
<String CONTENT="through" HEIGHT="67" WIDTH="254" VPOS="3786" HPOS="643"/>
<SP HEIGHT="53" WIDTH="43" VPOS="3786" HPOS="898"/>
<String CONTENT="the" HEIGHT="52" WIDTH="95" VPOS="3787" HPOS="942"/>
<SP HEIGHT="55" WIDTH="51" VPOS="3785" HPOS="1038"/>
<String CONTENT="Southwest" HEIGHT="55" WIDTH="322" VPOS="3785" HPOS="1090"/>
<SP HEIGHT="47" WIDTH="52" VPOS="3791" HPOS="1413"/>
<String CS="1" CONTENT="&#8230;"/>
<SP HEIGHT="52" WIDTH="50" VPOS="3785" HPOS="1522"/>
<String CONTENT="by" HEIGHT="67" WIDTH="75" VPOS="3785" HPOS="1573"/>
<SP HEIGHT="67" WIDTH="47" VPOS="3785" HPOS="1649"/>
<String CONTENT="William" HEIGHT="55" WIDTH="257" VPOS="3782" HPOS="1697"/>
<SP HEIGHT="53" WIDTH="49" VPOS="3785" HPOS="1955"/>
<String CONTENT="J." HEIGHT="53" WIDTH="49" VPOS="3785" HPOS="2005"/>
</TextLine>
<TextLine HEIGHT="145" WIDTH="1982" VPOS="3861" HPOS="73" STYLEREFS="StyleId-9D37547A-B66A-4EC8-924A-3E0C3F085BC0-" CS="1">
<String CONTENT="Shannon" HEIGHT="54" WIDTH="271" VPOS="3861" HPOS="74"/>
<SP HEIGHT="34" WIDTH="34" VPOS="3880" HPOS="346"/>
<String CONTENT="and" HEIGHT="52" WIDTH="109" VPOS="3862" HPOS="381"/>
<SP HEIGHT="52" WIDTH="37" VPOS="3861" HPOS="491"/>
<String CONTENT="Hannah" HEIGHT="53" WIDTH="251" VPOS="3861" HPOS="529"/>
<SP HEIGHT="52" WIDTH="36" VPOS="3862" HPOS="781"/>
<String CONTENT="M." HEIGHT="53" WIDTH="79" VPOS="3862" HPOS="818"/>
<SP HEIGHT="54" WIDTH="38" VPOS="3862" HPOS="898"/>
<String CONTENT="Shannon;" HEIGHT="65" WIDTH="300" VPOS="3862" HPOS="937"/>
<SP HEIGHT="64" WIDTH="39" VPOS="3863" HPOS="1238"/>
<String CONTENT="illustrated" HEIGHT="52" WIDTH="323" VPOS="3861" HPOS="1278"/>
<SP HEIGHT="52" WIDTH="36" VPOS="3861" HPOS="1602"/>
<String CONTENT="with" HEIGHT="51" WIDTH="138" VPOS="3861" HPOS="1639"/>
<SP HEIGHT="51" WIDTH="37" VPOS="3862" HPOS="1778"/>
<String CONTENT="33" HEIGHT="48" WIDTH="64" VPOS="3865" HPOS="1816"/>
<SP HEIGHT="63" WIDTH="36" VPOS="3865" HPOS="1881"/>
<String CONTENT="photographs" HEIGHT="144" WIDTH="1959" VPOS="3862" HPOS="73"/>
<SP HEIGHT="52" WIDTH="25" VPOS="3939" HPOS="347"/>
<String CONTENT="bj" HEIGHT="67" WIDTH="60" VPOS="3939" HPOS="373"/>
<String STYLE="superscript" CONTENT="r" HEIGHT="20" WIDTH="13" VPOS="3957" HPOS="433"/>
<SP HEIGHT="48" WIDTH="25" VPOS="3945" HPOS="447"/>
<String CONTENT="the" HEIGHT="54" WIDTH="95" VPOS="3939" HPOS="473"/>
<SP HEIGHT="35" WIDTH="30" VPOS="3956" HPOS="569"/>
<String CONTENT="authors." HEIGHT="52" WIDTH="247" VPOS="3939" HPOS="600"/>
<SP HEIGHT="53" WIDTH="74" VPOS="3937" HPOS="848"/>
<String CONTENT="Nutley," HEIGHT="69" WIDTH="228" VPOS="3937" HPOS="923"/>
<SP HEIGHT="67" WIDTH="29" VPOS="3939" HPOS="1152"/>
<String CONTENT="N." HEIGHT="52" WIDTH="67" VPOS="3939" HPOS="1182"/>
<SP HEIGHT="53" WIDTH="27" VPOS="3939" HPOS="1250"/>
<String CONTENT="J.," HEIGHT="67" WIDTH="74" VPOS="3939" HPOS="1278"/>
<SP HEIGHT="67" WIDTH="26" VPOS="3939" HPOS="1353"/>
<String CONTENT="Moorfield" HEIGHT="53" WIDTH="300" VPOS="3937" HPOS="1380"/>
<SP HEIGHT="52" WIDTH="27" VPOS="3938" HPOS="1681"/>
<String CONTENT="&amp;" HEIGHT="49" WIDTH="44" VPOS="3939" HPOS="1709"/>
<SP HEIGHT="54" WIDTH="29" VPOS="3937" HPOS="1754"/>
<String CONTENT="Shannon" HEIGHT="54" WIDTH="271" VPOS="3937" HPOS="1784"/>
</TextLine>
<TextLine HEIGHT="64" WIDTH="188" VPOS="4018" HPOS="78" STYLEREFS="StyleId-9D37547A-B66A-4EC8-924A-3E0C3F085BC0-" CS="1">
<String CS="1" CONTENT="[c1936]" HEIGHT="64" WIDTH="188" VPOS="4018" HPOS="78"/>
</TextLine>
</TextBlock>
</PrintSpace>
</Page>
</Layout>
</alto>