<alto xmlns="http://www.loc.gov/standards/alto/ns-v3#" xmlns:xsi="http://www.w3.org/2001/XMLSchema-instance" xsi:schemaLocation="http://www.loc.gov/standards/alto/ns-v3# http://www.loc.gov/alto/v3/alto-3-0.xsd"><Description>
<MeasurementUnit>pixel</MeasurementUnit>
<sourceImageInformation>
<fileName>1936_v33_Part1.pdf</fileName>
</sourceImageInformation>
<OCRProcessing ID="IdOcr">
<ocrProcessingStep>
<processingDateTime>2019-01-18</processingDateTime>
<processingSoftware>
<softwareCreator>ABBYY</softwareCreator>
<softwareName>ABBYY Recognition Server</softwareName>
<softwareVersion>4.0</softwareVersion>
</processingSoftware>
</ocrProcessingStep>
</OCRProcessing>
</Description>
<Styles>
<ParagraphStyle ALIGN="Left" FIRSTLINE="0." ID="StyleId-FFFFFFFF-FFFF-FFFF-FFFF-FFFFFFFFFFFF-" LEFT="0." RIGHT="0." />
<ParagraphStyle ALIGN="Left" FIRSTLINE="0." ID="StyleId-51D50FAC-7A90-4D70-8A96-5EA9D46D1C8B-" LEFT="0." LINESPACE="7.699999809" RIGHT="0." />
<ParagraphStyle ALIGN="Block" FIRSTLINE="-17." ID="StyleId-6BC133E9-7DCB-43C3-8842-A67984A26405-" LEFT="0." LINESPACE="8.340000153" RIGHT="0." />
<ParagraphStyle ALIGN="Left" FIRSTLINE="-13." ID="StyleId-3C3FF860-43E7-46A2-8934-48F305F6F0D6-" LEFT="0." LINESPACE="11.06999969" RIGHT="0." />
<ParagraphStyle ALIGN="Block" FIRSTLINE="-13." ID="StyleId-19220C76-4F8A-4737-B38C-B5F5C17E6040-" LEFT="0." LINESPACE="11.06999969" RIGHT="0." />
<ParagraphStyle ALIGN="Left" FIRSTLINE="0." ID="StyleId-75A0D721-13ED-4F20-9002-B389EC48477D-" LEFT="0." LINESPACE="15.5" RIGHT="0." />
<ParagraphStyle ALIGN="Left" FIRSTLINE="0." ID="StyleId-8A414184-C7A5-4AC7-9B88-7DA4DDE75922-" LEFT="0." LINESPACE="9.399999619" RIGHT="0." />
<ParagraphStyle ALIGN="Left" FIRSTLINE="0." ID="StyleId-1A87970B-111C-4169-99A6-9412976F3C97-" LEFT="0." LINESPACE="10.5" RIGHT="0." />
<ParagraphStyle ALIGN="Block" FIRSTLINE="-17." ID="StyleId-72DB0571-5AE4-41FD-9E11-68C6AC4C437E-" LEFT="0." LINESPACE="8.340000153" RIGHT="0." />
<ParagraphStyle ALIGN="Center" FIRSTLINE="0." ID="StyleId-1AA43056-C388-4697-B10F-72FDAA38FAE1-" LEFT="0." LINESPACE="10.5" RIGHT="0." />
</Styles>
<Layout>
<Page HEIGHT="4377" ID="Page364" PHYSICAL_IMG_NR="364" WIDTH="2519">
<TopMargin HEIGHT="452" HPOS="0" VPOS="0" WIDTH="2519">
</TopMargin>
<LeftMargin HEIGHT="3656" HPOS="0" VPOS="452" WIDTH="400">
</LeftMargin>
<RightMargin HEIGHT="3656" HPOS="2442" VPOS="452" WIDTH="77">
</RightMargin>
<BottomMargin HEIGHT="269" HPOS="0" VPOS="4108" WIDTH="2519">
<TextBlock HEIGHT="70" HPOS="1362" ID="Page364_Block1" LANG="en-US" STYLEREFS="StyleId-13EFCE77-3109-40E0-A5D2-C57297A986BD-" VPOS="4144" WIDTH="124">
<TextLine HEIGHT="49" HPOS="1373" VPOS="4155" WIDTH="103">
<String CONTENT="364" HEIGHT="49" HPOS="1373" VPOS="4155" WIDTH="103" />
</TextLine>
</TextBlock>
</BottomMargin>
<PrintSpace HEIGHT="3656" HPOS="400" VPOS="452" WIDTH="2042">
<TextBlock CS="1" HEIGHT="3656" HPOS="400" ID="Page364_Block2" LANG="en-US" STYLEREFS="StyleId-FBC80582-DA56-4ACF-8B2B-543E4840609A-" VPOS="452" WIDTH="2042">
<TextLine CS="1" HEIGHT="55" HPOS="496" STYLEREFS="StyleId-11239513-A195-4EE0-BD7D-11A06676EEA6-" VPOS="544" WIDTH="1930">
<String CONTENT="(In" HEIGHT="48" HPOS="496" VPOS="548" WIDTH="85" />
<SP HEIGHT="43" HPOS="582" VPOS="546" WIDTH="49" />
<String CONTENT="Pennsylvania" HEIGHT="53" HPOS="632" VPOS="546" WIDTH="373" />
<SP HEIGHT="43" HPOS="1006" VPOS="546" WIDTH="55" />
<String CONTENT="German" HEIGHT="43" HPOS="1062" VPOS="546" WIDTH="217" />
<SP HEIGHT="29" HPOS="1280" VPOS="560" WIDTH="56" />
<String CONTENT="society." HEIGHT="52" HPOS="1337" VPOS="546" WIDTH="205" />
<SP HEIGHT="43" HPOS="1543" VPOS="547" WIDTH="86" />
<String CONTENT="Proceedings" HEIGHT="55" HPOS="1630" VPOS="544" WIDTH="335" />
<SP HEIGHT="29" HPOS="1966" VPOS="560" WIDTH="58" />
<String CONTENT="&#8230;" CS="1" />
<SP HEIGHT="44" HPOS="2077" VPOS="546" WIDTH="60" />
<String CONTENT="1931-1934." HEIGHT="46" HPOS="2138" VPOS="546" WIDTH="288" />
</TextLine>
<TextLine CS="1" HEIGHT="54" HPOS="422" STYLEREFS="StyleId-11239513-A195-4EE0-BD7D-11A06676EEA6-" VPOS="603" WIDTH="2006">
<String CONTENT="[Norristown," HEIGHT="53" HPOS="422" VPOS="603" WIDTH="348" />
<SP HEIGHT="50" HPOS="771" VPOS="605" WIDTH="38" />
<String CONTENT="Pa.]" HEIGHT="51" HPOS="810" VPOS="605" WIDTH="101" />
<SP HEIGHT="51" HPOS="912" VPOS="605" WIDTH="43" />
<String CONTENT="1935." HEIGHT="43" HPOS="956" VPOS="605" WIDTH="134" />
<SP />
<String CONTENT="26&#189;cm." CS="1" HEIGHT="41" HPOS="1158" VPOS="606" WIDTH="161" />
<SP HEIGHT="30" HPOS="1320" VPOS="617" WIDTH="66" />
<String CONTENT="vol." HEIGHT="45" HPOS="1387" VPOS="603" WIDTH="94" />
<SP HEIGHT="34" HPOS="1482" VPOS="614" WIDTH="37" />
<String CONTENT="XLV," CS="1" HEIGHT="16" HPOS="1630" VPOS="637" WIDTH="10" />
<SP HEIGHT="39" HPOS="1641" VPOS="618" WIDTH="40" />
<String CONTENT="p." HEIGHT="39" HPOS="1682" LANG="fr" VPOS="618" WIDTH="46" />
<SP HEIGHT="42" HPOS="1729" VPOS="605" WIDTH="39" />
<String CONTENT="1," HEIGHT="50" HPOS="1769" VPOS="605" WIDTH="40" />
<SP HEIGHT="31" HPOS="1810" VPOS="626" WIDTH="42" />
<String CONTENT="[ii]," CS="1" HEIGHT="52" HPOS="1866" VPOS="603" WIDTH="67" />
<SP HEIGHT="30" HPOS="1934" VPOS="626" WIDTH="43" />
<String CONTENT="[7]-303," CS="1" HEIGHT="52" HPOS="1992" VPOS="604" WIDTH="186" />
<SP HEIGHT="31" HPOS="2179" VPOS="626" WIDTH="41" />
<String CONTENT="[1]" CS="1" HEIGHT="31" HPOS="2221" VPOS="626" WIDTH="56" />
<SP HEIGHT="39" HPOS="2278" VPOS="618" WIDTH="69" />
<String CONTENT="pl.," CS="1" HEIGHT="39" HPOS="2348" VPOS="618" WIDTH="80" />
</TextLine>
<TextLine HEIGHT="53" HPOS="418" STYLEREFS="StyleId-11239513-A195-4EE0-BD7D-11A06676EEA6-" VPOS="660" WIDTH="251">
<String CONTENT="facsims.)" HEIGHT="53" HPOS="418" VPOS="660" WIDTH="251" />
</TextLine>
<TextLine HEIGHT="51" HPOS="487" VPOS="716" WIDTH="708">
<String CONTENT="Bibliography:" HEIGHT="47" HPOS="487" VPOS="719" WIDTH="380" />
<SP HEIGHT="39" HPOS="868" VPOS="728" WIDTH="32" />
<String CONTENT="p." HEIGHT="38" HPOS="901" VPOS="729" WIDTH="43" />
<SP HEIGHT="41" HPOS="945" VPOS="718" WIDTH="31" />
<String CONTENT="223-303." HEIGHT="43" HPOS="977" VPOS="716" WIDTH="218" />
</TextLine>
<TextLine CS="1" HEIGHT="53" HPOS="414" VPOS="775" WIDTH="2011">
<String CONTENT="&#169;" HEIGHT="53" HPOS="414" VPOS="775" WIDTH="53" />
<SP HEIGHT="53" HPOS="468" VPOS="775" WIDTH="30" />
<String CONTENT="Dec." HEIGHT="39" HPOS="499" VPOS="780" WIDTH="113" />
<SP HEIGHT="40" HPOS="613" VPOS="779" WIDTH="30" />
<String CONTENT="24," HEIGHT="48" HPOS="644" VPOS="779" WIDTH="71" />
<SP HEIGHT="48" HPOS="716" VPOS="779" WIDTH="33" />
<String CONTENT="1935;" HEIGHT="47" HPOS="750" VPOS="778" WIDTH="141" />
<SP HEIGHT="47" HPOS="892" VPOS="778" WIDTH="34" />
<String CONTENT="1c." CS="1" HEIGHT="29" HPOS="957" VPOS="789" WIDTH="37" />
<SP HEIGHT="39" HPOS="995" VPOS="779" WIDTH="33" />
<String CONTENT="Dec." HEIGHT="39" HPOS="1029" VPOS="779" WIDTH="112" />
<SP HEIGHT="39" HPOS="1142" VPOS="778" WIDTH="33" />
<String CONTENT="28;" HEIGHT="47" HPOS="1176" VPOS="778" WIDTH="83" />
<SP HEIGHT="46" HPOS="1260" VPOS="779" WIDTH="34" />
<String CONTENT="1c." CS="1" HEIGHT="30" HPOS="1325" VPOS="789" WIDTH="36" />
<SP HEIGHT="40" HPOS="1362" VPOS="779" WIDTH="35" />
<String CONTENT="Feb." HEIGHT="40" HPOS="1398" VPOS="779" WIDTH="110" />
<SP HEIGHT="40" HPOS="1509" VPOS="779" WIDTH="33" />
<String CONTENT="6," HEIGHT="47" HPOS="1543" VPOS="779" WIDTH="40" />
<SP HEIGHT="47" HPOS="1584" VPOS="779" WIDTH="33" />
<String CONTENT="1936;" HEIGHT="47" HPOS="1618" VPOS="778" WIDTH="141" />
<SP HEIGHT="37" HPOS="1760" VPOS="788" WIDTH="36" />
<String CONTENT="aff." HEIGHT="41" HPOS="1797" VPOS="778" WIDTH="83" />
<SP HEIGHT="41" HPOS="1881" VPOS="778" WIDTH="33" />
<String CONTENT="Feb." HEIGHT="41" HPOS="1915" VPOS="778" WIDTH="113" />
<SP HEIGHT="41" HPOS="2029" VPOS="778" WIDTH="31" />
<String CONTENT="27;" HEIGHT="47" HPOS="2061" VPOS="778" WIDTH="83" />
<SP HEIGHT="47" HPOS="2145" VPOS="778" WIDTH="33" />
<String CONTENT="A" HEIGHT="40" HPOS="2179" VPOS="778" WIDTH="44" />
<SP HEIGHT="41" HPOS="2224" VPOS="778" WIDTH="30" />
<String CONTENT="91937;" HEIGHT="47" HPOS="2255" VPOS="778" WIDTH="170" />
</TextLine>
<TextLine HEIGHT="50" HPOS="484" VPOS="835" WIDTH="1039">
<String CONTENT="Pennsylvania" HEIGHT="48" HPOS="484" VPOS="836" WIDTH="362" />
<SP HEIGHT="40" HPOS="847" VPOS="836" WIDTH="24" />
<String CONTENT="German" HEIGHT="40" HPOS="872" VPOS="836" WIDTH="213" />
<SP HEIGHT="30" HPOS="1086" VPOS="845" WIDTH="24" />
<String CONTENT="soc." HEIGHT="29" HPOS="1111" VPOS="846" WIDTH="93" />
<SP HEIGHT="48" HPOS="1205" VPOS="835" WIDTH="64" />
<String CONTENT="(36-8112)" HEIGHT="50" HPOS="1270" VPOS="835" WIDTH="253" />
</TextLine>
<TextLine HEIGHT="65" HPOS="415" STYLEREFS="StyleId-27D1F4A0-3FDB-4224-A0B3-DFC80D731E52-" VPOS="939" WIDTH="1082">
<String CONTENT="Breul," HEIGHT="65" HPOS="415" LANG="de" VPOS="939" WIDTH="194" />
<SP HEIGHT="65" HPOS="610" VPOS="939" WIDTH="25" />
<String CONTENT="Karl" HEIGHT="54" HPOS="636" LANG="en-US" VPOS="939" WIDTH="146" />
<SP HEIGHT="54" HPOS="783" VPOS="939" WIDTH="26" />
<String CONTENT="Hermann," HEIGHT="63" HPOS="810" LANG="en-US" VPOS="939" WIDTH="327" />
<SP HEIGHT="58" HPOS="1138" VPOS="944" WIDTH="30" />
<String CONTENT="1860-1932." HEIGHT="52" HPOS="1169" LANG="en-US" VPOS="944" WIDTH="328" />
</TextLine>
<TextLine HEIGHT="74" HPOS="485" STYLEREFS="StyleId-25A94E60-41D5-4601-975E-025E3AAD1122-" VPOS="1011" WIDTH="1944">
<String CONTENT="Cassell&#8217;s" HEIGHT="55" HPOS="485" VPOS="1015" WIDTH="263" />
<SP HEIGHT="35" HPOS="749" VPOS="1034" WIDTH="34" />
<String CONTENT="new" HEIGHT="35" HPOS="784" VPOS="1034" WIDTH="125" />
<SP HEIGHT="56" HPOS="910" VPOS="1015" WIDTH="38" />
<String CONTENT="German-English" HEIGHT="70" HPOS="949" VPOS="1015" WIDTH="532" />
<SP HEIGHT="53" HPOS="1482" VPOS="1016" WIDTH="38" />
<String CONTENT="dictionary," HEIGHT="71" HPOS="1521" VPOS="1014" WIDTH="345" />
<SP HEIGHT="52" HPOS="1867" VPOS="1033" WIDTH="35" />
<String CONTENT="with" HEIGHT="54" HPOS="1903" VPOS="1014" WIDTH="142" />
<SP HEIGHT="53" HPOS="2046" VPOS="1015" WIDTH="40" />
<String CONTENT="a" HEIGHT="35" HPOS="2087" VPOS="1033" WIDTH="32" />
<SP HEIGHT="51" HPOS="2120" VPOS="1032" WIDTH="39" />
<String CONTENT="phonetic" HEIGHT="72" HPOS="2160" VPOS="1011" WIDTH="269" />
</TextLine>
<TextLine HEIGHT="72" HPOS="413" STYLEREFS="StyleId-25A94E60-41D5-4601-975E-025E3AAD1122-" VPOS="1092" WIDTH="2014">
<String CONTENT="key" HEIGHT="71" HPOS="413" VPOS="1093" WIDTH="106" />
<SP HEIGHT="64" HPOS="520" VPOS="1100" WIDTH="24" />
<String CONTENT="to" HEIGHT="49" HPOS="545" VPOS="1100" WIDTH="59" />
<SP HEIGHT="49" HPOS="605" VPOS="1100" WIDTH="26" />
<String CONTENT="the" HEIGHT="53" HPOS="632" VPOS="1095" WIDTH="96" />
<SP HEIGHT="50" HPOS="729" VPOS="1113" WIDTH="27" />
<String CONTENT="pronunciation" HEIGHT="69" HPOS="757" VPOS="1094" WIDTH="445" />
<SP HEIGHT="35" HPOS="1203" VPOS="1113" WIDTH="28" />
<String CONTENT="of" HEIGHT="53" HPOS="1232" VPOS="1094" WIDTH="65" />
<SP HEIGHT="53" HPOS="1298" VPOS="1094" WIDTH="23" />
<String CONTENT="the" HEIGHT="52" HPOS="1322" VPOS="1095" WIDTH="96" />
<SP HEIGHT="56" HPOS="1419" VPOS="1093" WIDTH="27" />
<String CONTENT="German" HEIGHT="56" HPOS="1447" VPOS="1093" WIDTH="253" />
<SP HEIGHT="35" HPOS="1701" VPOS="1112" WIDTH="26" />
<String CONTENT="words," HEIGHT="68" HPOS="1728" VPOS="1094" WIDTH="206" />
<SP HEIGHT="68" HPOS="1935" VPOS="1094" WIDTH="25" />
<String CONTENT="by" HEIGHT="69" HPOS="1961" VPOS="1094" WIDTH="79" />
<SP HEIGHT="70" HPOS="2041" VPOS="1093" WIDTH="26" />
<String CONTENT="Karl" HEIGHT="54" HPOS="2068" LANG="de" VPOS="1093" WIDTH="149" />
<SP HEIGHT="52" HPOS="2218" VPOS="1094" WIDTH="30" />
<String CONTENT="Breul" HEIGHT="54" HPOS="2249" LANG="de" VPOS="1092" WIDTH="178" />
</TextLine>
<TextLine CS="1" HEIGHT="71" HPOS="476" STYLEREFS="StyleId-25A94E60-41D5-4601-975E-025E3AAD1122-" VPOS="1172" WIDTH="1953">
<String CONTENT="&#8230;" CS="1" />
<SP HEIGHT="47" HPOS="476" VPOS="1179" WIDTH="43" />
<String CONTENT="thoroughly" HEIGHT="70" HPOS="520" VPOS="1173" WIDTH="352" />
<SP HEIGHT="50" HPOS="873" VPOS="1192" WIDTH="39" />
<String CONTENT="rev." HEIGHT="35" HPOS="913" VPOS="1191" WIDTH="115" />
<SP HEIGHT="34" HPOS="1029" VPOS="1192" WIDTH="39" />
<String CONTENT="and" HEIGHT="52" HPOS="1069" VPOS="1174" WIDTH="114" />
<SP HEIGHT="52" HPOS="1184" VPOS="1174" WIDTH="38" />
<String CONTENT="enl." HEIGHT="52" HPOS="1223" VPOS="1174" WIDTH="108" />
<SP HEIGHT="53" HPOS="1332" VPOS="1173" WIDTH="38" />
<String CONTENT="by" HEIGHT="70" HPOS="1371" VPOS="1173" WIDTH="76" />
<SP HEIGHT="70" HPOS="1448" VPOS="1173" WIDTH="39" />
<String CONTENT="J." HEIGHT="54" HPOS="1488" VPOS="1173" WIDTH="56" />
<SP HEIGHT="53" HPOS="1545" VPOS="1173" WIDTH="38" />
<String CONTENT="Heron" HEIGHT="53" HPOS="1584" VPOS="1173" WIDTH="202" />
<SP HEIGHT="53" HPOS="1787" VPOS="1173" WIDTH="38" />
<String CONTENT="Lepper," HEIGHT="69" HPOS="1826" LANG="de" VPOS="1173" WIDTH="248" />
<SP HEIGHT="50" HPOS="2075" VPOS="1192" WIDTH="35" />
<String CONTENT="B" CS="1" LANG="de" />
<String CONTENT="." HEIGHT="11" HPOS="2149" VPOS="1215" WIDTH="11" />
<SP HEIGHT="37" HPOS="2161" VPOS="1189" WIDTH="38" />
<String CONTENT="A.," CS="1" HEIGHT="25" HPOS="2243" VPOS="1214" WIDTH="30" />
<SP HEIGHT="48" HPOS="2274" VPOS="1191" WIDTH="39" />
<String CONTENT="and" HEIGHT="54" HPOS="2314" VPOS="1172" WIDTH="115" />
</TextLine>
<TextLine HEIGHT="69" HPOS="414" STYLEREFS="StyleId-25A94E60-41D5-4601-975E-025E3AAD1122-" VPOS="1254" WIDTH="2015">
<String CONTENT="Rudolph" HEIGHT="68" HPOS="414" LANG="en-US" VPOS="1255" WIDTH="276" />
<SP HEIGHT="51" HPOS="691" VPOS="1256" WIDTH="29" />
<String CONTENT="Kottenhahn." HEIGHT="54" HPOS="721" LANG="de" VPOS="1254" WIDTH="393" />
<SP HEIGHT="33" HPOS="1115" VPOS="1289" WIDTH="72" />
<String CONTENT="[Part" HEIGHT="65" HPOS="1188" LANG="en-US" VPOS="1257" WIDTH="161" />
<SP HEIGHT="49" HPOS="1350" VPOS="1259" WIDTH="31" />
<String CONTENT="1." HEIGHT="49" HPOS="1382" LANG="en-US" VPOS="1259" WIDTH="44" />
<SP HEIGHT="55" HPOS="1427" VPOS="1255" WIDTH="30" />
<String CONTENT="German-English]" HEIGHT="68" HPOS="1458" LANG="en-US" VPOS="1254" WIDTH="548" />
<SP HEIGHT="66" HPOS="2007" VPOS="1256" WIDTH="71" />
<String CONTENT="New" HEIGHT="52" HPOS="2079" LANG="en-US" VPOS="1256" WIDTH="139" />
<SP HEIGHT="52" HPOS="2219" VPOS="1256" WIDTH="29" />
<String CONTENT="York," HEIGHT="68" HPOS="2249" LANG="en-US" VPOS="1254" WIDTH="180" />
</TextLine>
<TextLine CS="1" HEIGHT="67" HPOS="414" STYLEREFS="StyleId-25A94E60-41D5-4601-975E-025E3AAD1122-" VPOS="1333" WIDTH="1178">
<String CONTENT="Funk" HEIGHT="52" HPOS="414" VPOS="1334" WIDTH="172" />
<SP HEIGHT="51" HPOS="587" VPOS="1334" WIDTH="26" />
<String CONTENT="and" HEIGHT="52" HPOS="614" VPOS="1334" WIDTH="114" />
<SP HEIGHT="54" HPOS="729" VPOS="1334" WIDTH="24" />
<String CONTENT="Wagnalls" HEIGHT="66" HPOS="754" VPOS="1333" WIDTH="302" />
<SP HEIGHT="34" HPOS="1057" VPOS="1352" WIDTH="26" />
<String CONTENT="company" HEIGHT="48" HPOS="1084" VPOS="1352" WIDTH="281" />
<SP HEIGHT="46" HPOS="1366" VPOS="1354" WIDTH="31" />
<String CONTENT="[c1936]" CS="1" HEIGHT="64" HPOS="1416" VPOS="1336" WIDTH="176" />
</TextLine>
<TextLine CS="1" HEIGHT="50" HPOS="554" VPOS="1406" WIDTH="593">
<String CONTENT="xv" CS="1" />
<SP HEIGHT="38" HPOS="554" VPOS="1418" WIDTH="24" />
<String CONTENT="p.," HEIGHT="38" HPOS="579" LANG="fr" VPOS="1418" WIDTH="58" />
<SP HEIGHT="47" HPOS="638" VPOS="1407" WIDTH="27" />
<String CONTENT="1" HEIGHT="39" HPOS="666" VPOS="1407" WIDTH="24" />
<SP />
<String CONTENT="l.," CS="1" />
<SP />
<String CONTENT="813" HEIGHT="39" HPOS="789" VPOS="1407" WIDTH="88" />
<SP HEIGHT="47" HPOS="878" VPOS="1407" WIDTH="21" />
<String CONTENT="p." HEIGHT="37" HPOS="900" VPOS="1417" WIDTH="44" />
<SP HEIGHT="40" HPOS="945" VPOS="1406" WIDTH="53" />
<String CONTENT="21&#189;cm." CS="1" HEIGHT="41" HPOS="999" VPOS="1406" WIDTH="148" />
</TextLine>
<TextLine CS="1" HEIGHT="47" HPOS="485" VPOS="1460" WIDTH="1219">
<String CONTENT="On" HEIGHT="41" HPOS="485" VPOS="1461" WIDTH="72" />
<SP HEIGHT="30" HPOS="558" VPOS="1472" WIDTH="25" />
<String CONTENT="cover:" CS="1" HEIGHT="30" HPOS="584" VPOS="1472" WIDTH="142" />
<SP HEIGHT="41" HPOS="753" VPOS="1461" WIDTH="30" />
<String CONTENT="Cassell&#8217;s" HEIGHT="42" HPOS="784" VPOS="1460" WIDTH="228" />
<SP HEIGHT="30" HPOS="1013" VPOS="1471" WIDTH="25" />
<String CONTENT="new" HEIGHT="30" HPOS="1039" VPOS="1472" WIDTH="108" />
<SP HEIGHT="41" HPOS="1148" VPOS="1460" WIDTH="26" />
<String CONTENT="German" HEIGHT="41" HPOS="1175" VPOS="1460" WIDTH="212" />
<SP HEIGHT="40" HPOS="1388" VPOS="1461" WIDTH="25" />
<String CONTENT="dictionary." HEIGHT="47" HPOS="1414" VPOS="1460" WIDTH="290" />
</TextLine>
<TextLine HEIGHT="56" HPOS="486" VPOS="1516" WIDTH="1830">
<String CONTENT="First" HEIGHT="41" HPOS="486" VPOS="1519" WIDTH="134" />
<SP HEIGHT="38" HPOS="621" VPOS="1522" WIDTH="23" />
<String CONTENT="edition," HEIGHT="54" HPOS="645" VPOS="1518" WIDTH="200" />
<SP HEIGHT="43" HPOS="846" VPOS="1529" WIDTH="24" />
<String CONTENT="compiled" HEIGHT="48" HPOS="871" VPOS="1518" WIDTH="235" />
<SP HEIGHT="40" HPOS="1107" VPOS="1519" WIDTH="26" />
<String CONTENT="by" HEIGHT="48" HPOS="1134" VPOS="1519" WIDTH="62" />
<SP HEIGHT="48" HPOS="1197" VPOS="1519" WIDTH="23" />
<String CONTENT="Miss" HEIGHT="42" HPOS="1221" VPOS="1518" WIDTH="121" />
<SP HEIGHT="42" HPOS="1343" VPOS="1518" WIDTH="25" />
<String CONTENT="Elizabeth" HEIGHT="41" HPOS="1369" VPOS="1518" WIDTH="255" />
<SP HEIGHT="40" HPOS="1625" VPOS="1518" WIDTH="25" />
<String CONTENT="Weir," HEIGHT="50" HPOS="1651" VPOS="1517" WIDTH="148" />
<SP HEIGHT="40" HPOS="1800" VPOS="1527" WIDTH="25" />
<String CONTENT="published" HEIGHT="51" HPOS="1826" VPOS="1516" WIDTH="262" />
<SP HEIGHT="42" HPOS="2089" VPOS="1517" WIDTH="21" />
<String CONTENT="in" HEIGHT="41" HPOS="2111" VPOS="1517" WIDTH="51" />
<SP HEIGHT="41" HPOS="2163" VPOS="1517" WIDTH="23" />
<String CONTENT="1888." HEIGHT="43" HPOS="2187" VPOS="1516" WIDTH="129" />
</TextLine>
<TextLine HEIGHT="52" HPOS="486" VPOS="1574" WIDTH="1944">
<String CONTENT="Previously" HEIGHT="50" HPOS="486" VPOS="1576" WIDTH="287" />
<SP HEIGHT="39" HPOS="774" VPOS="1587" WIDTH="41" />
<String CONTENT="published" HEIGHT="49" HPOS="816" VPOS="1576" WIDTH="258" />
<SP HEIGHT="41" HPOS="1075" VPOS="1577" WIDTH="43" />
<String CONTENT="by" HEIGHT="48" HPOS="1119" VPOS="1577" WIDTH="61" />
<SP HEIGHT="48" HPOS="1181" VPOS="1577" WIDTH="40" />
<String CONTENT="D." HEIGHT="41" HPOS="1222" LANG="fr" VPOS="1577" WIDTH="57" />
<SP HEIGHT="43" HPOS="1280" VPOS="1575" WIDTH="45" />
<String CONTENT="C." HEIGHT="43" HPOS="1326" VPOS="1575" WIDTH="50" />
<SP HEIGHT="41" HPOS="1377" VPOS="1577" WIDTH="46" />
<String CONTENT="Heath" HEIGHT="41" HPOS="1424" VPOS="1577" WIDTH="167" />
<SP HEIGHT="41" HPOS="1592" VPOS="1576" WIDTH="44" />
<String CONTENT="&amp;" HEIGHT="41" HPOS="1637" VPOS="1576" WIDTH="37" />
<SP HEIGHT="41" HPOS="1675" VPOS="1576" WIDTH="44" />
<String CONTENT="co." HEIGHT="31" HPOS="1720" VPOS="1586" WIDTH="67" />
<SP HEIGHT="30" HPOS="1788" VPOS="1587" WIDTH="47" />
<String CONTENT="under" HEIGHT="42" HPOS="1836" VPOS="1576" WIDTH="155" />
<SP HEIGHT="40" HPOS="1992" VPOS="1577" WIDTH="44" />
<String CONTENT="title:" HEIGHT="43" HPOS="2037" VPOS="1575" WIDTH="135" />
<SP HEIGHT="42" HPOS="2173" VPOS="1575" WIDTH="48" />
<String CONTENT="Heath&#8217;s" HEIGHT="44" HPOS="2222" VPOS="1574" WIDTH="208" />
</TextLine>
<TextLine HEIGHT="50" HPOS="415" VPOS="1634" WIDTH="2013">
<String CONTENT="German" HEIGHT="42" HPOS="415" VPOS="1634" WIDTH="212" />
<SP HEIGHT="30" HPOS="628" VPOS="1646" WIDTH="19" />
<String CONTENT="and" HEIGHT="40" HPOS="648" VPOS="1636" WIDTH="95" />
<SP HEIGHT="41" HPOS="744" VPOS="1635" WIDTH="24" />
<String CONTENT="English" HEIGHT="49" HPOS="769" VPOS="1634" WIDTH="203" />
<SP HEIGHT="41" HPOS="973" VPOS="1635" WIDTH="22" />
<String CONTENT="dictionary," HEIGHT="47" HPOS="996" VPOS="1636" WIDTH="289" />
<SP HEIGHT="32" HPOS="1286" VPOS="1647" WIDTH="24" />
<String CONTENT="and" HEIGHT="40" HPOS="1311" VPOS="1636" WIDTH="93" />
<SP HEIGHT="40" HPOS="1405" VPOS="1636" WIDTH="24" />
<String CONTENT="by" HEIGHT="47" HPOS="1430" VPOS="1636" WIDTH="58" />
<SP HEIGHT="49" HPOS="1489" VPOS="1634" WIDTH="23" />
<String CONTENT="Cassell" HEIGHT="42" HPOS="1513" VPOS="1634" WIDTH="187" />
<SP HEIGHT="41" HPOS="1701" VPOS="1635" WIDTH="23" />
<String CONTENT="and" HEIGHT="40" HPOS="1725" VPOS="1636" WIDTH="95" />
<SP HEIGHT="40" HPOS="1821" VPOS="1636" WIDTH="22" />
<String CONTENT="company" HEIGHT="39" HPOS="1844" VPOS="1645" WIDTH="238" />
<SP HEIGHT="38" HPOS="2083" VPOS="1645" WIDTH="22" />
<String CONTENT="and" HEIGHT="40" HPOS="2106" VPOS="1636" WIDTH="95" />
<SP HEIGHT="41" HPOS="2202" VPOS="1635" WIDTH="22" />
<String CONTENT="Funk" HEIGHT="41" HPOS="2225" VPOS="1635" WIDTH="143" />
<SP HEIGHT="41" HPOS="2369" VPOS="1634" WIDTH="21" />
<String CONTENT="&amp;" HEIGHT="41" HPOS="2391" VPOS="1634" WIDTH="37" />
</TextLine>
<TextLine CS="1" HEIGHT="52" HPOS="419" VPOS="1691" WIDTH="2010">
<String CONTENT="Wagnalls" HEIGHT="49" HPOS="419" VPOS="1691" WIDTH="248" />
<SP HEIGHT="29" HPOS="668" VPOS="1704" WIDTH="29" />
<String CONTENT="company" HEIGHT="38" HPOS="698" VPOS="1703" WIDTH="236" />
<SP HEIGHT="37" HPOS="935" VPOS="1703" WIDTH="29" />
<String CONTENT="under" HEIGHT="39" HPOS="965" VPOS="1695" WIDTH="155" />
<SP HEIGHT="38" HPOS="1121" VPOS="1696" WIDTH="27" />
<String CONTENT="title:" CS="1" HEIGHT="40" HPOS="1149" VPOS="1694" WIDTH="109" />
<SP HEIGHT="40" HPOS="1286" VPOS="1694" WIDTH="31" />
<String CONTENT="A" HEIGHT="39" HPOS="1318" VPOS="1694" WIDTH="40" />
<SP HEIGHT="40" HPOS="1359" VPOS="1694" WIDTH="27" />
<String CONTENT="new" HEIGHT="31" HPOS="1387" VPOS="1704" WIDTH="108" />
<SP HEIGHT="41" HPOS="1496" VPOS="1693" WIDTH="30" />
<String CONTENT="German" HEIGHT="41" HPOS="1527" VPOS="1693" WIDTH="212" />
<SP HEIGHT="29" HPOS="1740" VPOS="1705" WIDTH="30" />
<String CONTENT="and" HEIGHT="40" HPOS="1771" VPOS="1694" WIDTH="97" />
<SP HEIGHT="41" HPOS="1869" VPOS="1693" WIDTH="30" />
<String CONTENT="English" HEIGHT="49" HPOS="1900" VPOS="1693" WIDTH="207" />
<SP HEIGHT="41" HPOS="2108" VPOS="1694" WIDTH="31" />
<String CONTENT="dictionary." HEIGHT="50" HPOS="2140" VPOS="1693" WIDTH="289" />
</TextLine>
<TextLine HEIGHT="55" HPOS="416" VPOS="1748" WIDTH="2013">
<String CONTENT="&#169;" HEIGHT="54" HPOS="416" VPOS="1748" WIDTH="55" />
<SP HEIGHT="54" HPOS="472" VPOS="1748" WIDTH="30" />
<String CONTENT="Mar." HEIGHT="39" HPOS="503" VPOS="1754" WIDTH="123" />
<SP HEIGHT="39" HPOS="627" VPOS="1754" WIDTH="32" />
<String CONTENT="5," HEIGHT="47" HPOS="660" VPOS="1754" WIDTH="39" />
<SP HEIGHT="47" HPOS="700" VPOS="1754" WIDTH="34" />
<String CONTENT="1936;" HEIGHT="48" HPOS="735" VPOS="1753" WIDTH="141" />
<SP HEIGHT="48" HPOS="877" VPOS="1753" WIDTH="34" />
<String CONTENT="2c." HEIGHT="42" HPOS="912" VPOS="1753" WIDTH="68" />
<SP HEIGHT="30" HPOS="981" VPOS="1765" WIDTH="33" />
<String CONTENT="and" HEIGHT="38" HPOS="1015" VPOS="1755" WIDTH="96" />
<SP HEIGHT="39" HPOS="1112" VPOS="1755" WIDTH="33" />
<String CONTENT="aff." HEIGHT="41" HPOS="1146" VPOS="1753" WIDTH="81" />
<SP HEIGHT="38" HPOS="1228" VPOS="1755" WIDTH="36" />
<String CONTENT="Mar." HEIGHT="39" HPOS="1265" VPOS="1755" WIDTH="122" />
<SP HEIGHT="39" HPOS="1388" VPOS="1755" WIDTH="32" />
<String CONTENT="18;" HEIGHT="47" HPOS="1421" VPOS="1754" WIDTH="83" />
<SP HEIGHT="47" HPOS="1505" VPOS="1754" WIDTH="36" />
<String CONTENT="A" HEIGHT="39" HPOS="1542" VPOS="1754" WIDTH="41" />
<SP HEIGHT="41" HPOS="1584" VPOS="1753" WIDTH="31" />
<String CONTENT="93550;" HEIGHT="49" HPOS="1616" VPOS="1753" WIDTH="172" />
<SP HEIGHT="47" HPOS="1789" VPOS="1755" WIDTH="36" />
<String CONTENT="Funk" HEIGHT="40" HPOS="1826" VPOS="1755" WIDTH="144" />
<SP HEIGHT="40" HPOS="1971" VPOS="1755" WIDTH="32" />
<String CONTENT="&amp;" HEIGHT="40" HPOS="2004" VPOS="1755" WIDTH="37" />
<SP HEIGHT="41" HPOS="2042" VPOS="1755" WIDTH="31" />
<String CONTENT="Wagnalls" HEIGHT="47" HPOS="2074" VPOS="1756" WIDTH="252" />
<SP HEIGHT="29" HPOS="2327" VPOS="1766" WIDTH="34" />
<String CONTENT="co." HEIGHT="30" HPOS="2362" VPOS="1766" WIDTH="67" />
</TextLine>
<TextLine HEIGHT="48" HPOS="495" VPOS="1810" WIDTH="253">
<String CONTENT="(36-8209)" HEIGHT="48" HPOS="495" VPOS="1810" WIDTH="253" />
</TextLine>
<TextLine HEIGHT="68" HPOS="419" STYLEREFS="StyleId-25A94E60-41D5-4601-975E-025E3AAD1122-" VPOS="1911" WIDTH="1022">
<String CONTENT="[Chappie," HEIGHT="68" HPOS="419" VPOS="1911" WIDTH="301" />
<SP HEIGHT="67" HPOS="721" VPOS="1912" WIDTH="24" />
<String CONTENT="John" HEIGHT="55" HPOS="746" VPOS="1912" WIDTH="157" />
<SP HEIGHT="55" HPOS="904" VPOS="1912" WIDTH="25" />
<String CONTENT="Bowman]" HEIGHT="67" HPOS="930" VPOS="1912" WIDTH="304" />
<SP HEIGHT="60" HPOS="1235" VPOS="1919" WIDTH="33" />
<String CONTENT="1899-" HEIGHT="50" HPOS="1269" VPOS="1919" WIDTH="172" />
</TextLine>
<TextLine HEIGHT="72" HPOS="485" STYLEREFS="StyleId-25A94E60-41D5-4601-975E-025E3AAD1122-" VPOS="1988" WIDTH="1946">
<String CONTENT="LaFollette" HEIGHT="53" HPOS="485" VPOS="1990" WIDTH="335" />
<SP HEIGHT="34" HPOS="821" VPOS="2009" WIDTH="34" />
<String CONTENT="road" HEIGHT="53" HPOS="856" VPOS="1989" WIDTH="142" />
<SP HEIGHT="53" HPOS="999" VPOS="1989" WIDTH="32" />
<String CONTENT="to" HEIGHT="47" HPOS="1032" VPOS="1995" WIDTH="59" />
<SP HEIGHT="35" HPOS="1092" VPOS="2008" WIDTH="37" />
<String CONTENT="communism&#8212;must" HEIGHT="54" HPOS="1130" VPOS="1989" WIDTH="600" />
<SP HEIGHT="48" HPOS="1731" VPOS="1994" WIDTH="30" />
<String CONTENT="we" HEIGHT="34" HPOS="1762" VPOS="2009" WIDTH="82" />
<SP HEIGHT="51" HPOS="1845" VPOS="2008" WIDTH="33" />
<String CONTENT="go" HEIGHT="51" HPOS="1879" VPOS="2008" WIDTH="72" />
<SP HEIGHT="52" HPOS="1952" VPOS="1990" WIDTH="38" />
<String CONTENT="further" HEIGHT="52" HPOS="1991" VPOS="1990" WIDTH="230" />
<SP HEIGHT="34" HPOS="2222" VPOS="2009" WIDTH="35" />
<String CONTENT="along" HEIGHT="72" HPOS="2258" VPOS="1988" WIDTH="173" />
</TextLine>
<TextLine CS="1" HEIGHT="71" HPOS="416" STYLEREFS="StyleId-25A94E60-41D5-4601-975E-025E3AAD1122-" VPOS="2066" WIDTH="1762">
<String CONTENT="that" HEIGHT="53" HPOS="416" VPOS="2068" WIDTH="127" />
<SP HEIGHT="48" HPOS="544" VPOS="2073" WIDTH="38" />
<String CONTENT="road?" HEIGHT="53" HPOS="583" VPOS="2068" WIDTH="177" />
<SP HEIGHT="53" HPOS="761" VPOS="2068" WIDTH="80" />
<String CONTENT="A" HEIGHT="52" HPOS="842" VPOS="2068" WIDTH="55" />
<SP HEIGHT="52" HPOS="898" VPOS="2068" WIDTH="37" />
<String CONTENT="book" HEIGHT="53" HPOS="936" VPOS="2068" WIDTH="150" />
<SP HEIGHT="54" HPOS="1087" VPOS="2068" WIDTH="37" />
<String CONTENT="of" HEIGHT="54" HPOS="1125" VPOS="2068" WIDTH="64" />
<SP HEIGHT="52" HPOS="1190" VPOS="2068" WIDTH="41" />
<String CONTENT="facts," HEIGHT="68" HPOS="1232" VPOS="2068" WIDTH="166" />
<SP HEIGHT="49" HPOS="1399" VPOS="2087" WIDTH="40" />
<String CONTENT="evidence," HEIGHT="70" HPOS="1440" VPOS="2066" WIDTH="283" />
<SP HEIGHT="50" HPOS="1724" VPOS="2087" WIDTH="39" />
<String CONTENT="photographs." HEIGHT="69" HPOS="1764" VPOS="2068" WIDTH="414" />
</TextLine>
<TextLine CS="1" HEIGHT="147" HPOS="414" STYLEREFS="StyleId-25A94E60-41D5-4601-975E-025E3AAD1122-" VPOS="2067" WIDTH="1992">
<String CONTENT="[Ashland," HEIGHT="147" HPOS="414" VPOS="2067" WIDTH="1992" />
<SP HEIGHT="67" HPOS="571" VPOS="2147" WIDTH="27" />
<String CONTENT="Wis.," HEIGHT="67" HPOS="599" VPOS="2146" WIDTH="160" />
<SP HEIGHT="61" HPOS="760" VPOS="2152" WIDTH="26" />
<String CONTENT="c1936]" HEIGHT="65" HPOS="787" VPOS="2148" WIDTH="175" />
</TextLine>
<TextLine CS="1" HEIGHT="51" HPOS="545" VPOS="2217" WIDTH="1493">
<String CONTENT="11" CS="1" LANG="fr" />
<SP HEIGHT="49" HPOS="545" VPOS="2217" WIDTH="25" />
<String CONTENT="p." HEIGHT="38" HPOS="571" LANG="fr" VPOS="2228" WIDTH="43" />
<SP />
<String CONTENT="l.," CS="1" LANG="fr" />
<SP />
<String CONTENT="170" HEIGHT="42" HPOS="713" VPOS="2217" WIDTH="89" />
<SP HEIGHT="50" HPOS="803" VPOS="2217" WIDTH="20" />
<String CONTENT="p." HEIGHT="39" HPOS="824" VPOS="2228" WIDTH="43" />
<SP HEIGHT="42" HPOS="868" VPOS="2218" WIDTH="53" />
<String CONTENT="88" HEIGHT="43" HPOS="922" VPOS="2217" WIDTH="57" />
<SP HEIGHT="50" HPOS="980" VPOS="2217" WIDTH="23" />
<String CONTENT="pl." CS="1" HEIGHT="38" HPOS="1004" VPOS="2229" WIDTH="62" />
<SP HEIGHT="49" HPOS="1067" VPOS="2217" WIDTH="28" />
<String CONTENT="(incl." HEIGHT="49" HPOS="1096" VPOS="2217" WIDTH="135" />
<SP HEIGHT="39" HPOS="1232" VPOS="2229" WIDTH="25" />
<String CONTENT="ports.," HEIGHT="47" HPOS="1258" VPOS="2221" WIDTH="163" />
<SP HEIGHT="49" HPOS="1422" VPOS="2218" WIDTH="26" />
<String CONTENT="facsims.)" HEIGHT="49" HPOS="1449" VPOS="2218" WIDTH="242" />
<SP HEIGHT="49" HPOS="1692" VPOS="2218" WIDTH="25" />
<String CONTENT="on" HEIGHT="31" HPOS="1718" VPOS="2229" WIDTH="61" />
<SP HEIGHT="41" HPOS="1780" VPOS="2219" WIDTH="22" />
<String CONTENT="44" HEIGHT="41" HPOS="1803" VPOS="2219" WIDTH="57" />
<SP HEIGHT="40" HPOS="1861" VPOS="2220" WIDTH="24" />
<String CONTENT="l." CS="1" HEIGHT="10" HPOS="1908" VPOS="2250" WIDTH="9" />
<SP HEIGHT="41" HPOS="1918" VPOS="2219" WIDTH="63" />
<String CONTENT="28&#189;cm." CS="1" HEIGHT="43" HPOS="1982" VPOS="2219" WIDTH="56" />
</TextLine>
<TextLine HEIGHT="49" HPOS="490" VPOS="2275" WIDTH="1136">
<String CONTENT="&#8220;By" HEIGHT="47" HPOS="490" VPOS="2276" WIDTH="102" />
<SP HEIGHT="47" HPOS="593" VPOS="2276" WIDTH="25" />
<String CONTENT="John" HEIGHT="40" HPOS="619" VPOS="2276" WIDTH="130" />
<SP HEIGHT="38" HPOS="750" VPOS="2277" WIDTH="25" />
<String CONTENT="B." HEIGHT="39" HPOS="776" VPOS="2277" WIDTH="54" />
<SP HEIGHT="41" HPOS="831" VPOS="2276" WIDTH="30" />
<String CONTENT="Chappie.&#8221;&#8212;4th" HEIGHT="49" HPOS="862" VPOS="2275" WIDTH="406" />
<SP HEIGHT="47" HPOS="1269" VPOS="2277" WIDTH="28" />
<String CONTENT="prelim," HEIGHT="48" HPOS="1298" VPOS="2276" WIDTH="186" />
<SP HEIGHT="41" HPOS="1485" VPOS="2276" WIDTH="26" />
<String CONTENT="leaf." HEIGHT="42" HPOS="1512" VPOS="2276" WIDTH="114" />
</TextLine>
<TextLine CS="1" HEIGHT="55" HPOS="417" VPOS="2332" WIDTH="2013">
<String CONTENT="&#169;" HEIGHT="53" HPOS="417" VPOS="2332" WIDTH="54" />
<SP HEIGHT="53" HPOS="472" VPOS="2332" WIDTH="28" />
<String CONTENT="Mar." HEIGHT="38" HPOS="501" VPOS="2338" WIDTH="122" />
<SP HEIGHT="40" HPOS="624" VPOS="2337" WIDTH="28" />
<String CONTENT="30," HEIGHT="48" HPOS="653" VPOS="2336" WIDTH="70" />
<SP HEIGHT="47" HPOS="724" VPOS="2337" WIDTH="30" />
<String CONTENT="1936;" CS="1" HEIGHT="40" HPOS="755" VPOS="2336" WIDTH="115" />
<SP HEIGHT="46" HPOS="897" VPOS="2337" WIDTH="29" />
<String CONTENT="2c." HEIGHT="40" HPOS="927" VPOS="2337" WIDTH="68" />
<SP HEIGHT="29" HPOS="996" VPOS="2347" WIDTH="29" />
<String CONTENT="and" HEIGHT="39" HPOS="1026" VPOS="2337" WIDTH="96" />
<SP HEIGHT="39" HPOS="1123" VPOS="2337" WIDTH="28" />
<String CONTENT="aff." HEIGHT="41" HPOS="1152" VPOS="2335" WIDTH="82" />
<SP HEIGHT="39" HPOS="1235" VPOS="2337" WIDTH="29" />
<String CONTENT="Apr." HEIGHT="47" HPOS="1265" VPOS="2337" WIDTH="115" />
<SP HEIGHT="41" HPOS="1381" VPOS="2336" WIDTH="28" />
<String CONTENT="6;" CS="1" HEIGHT="40" HPOS="1410" VPOS="2336" WIDTH="25" />
<SP HEIGHT="46" HPOS="1463" VPOS="2337" WIDTH="33" />
<String CONTENT="A" HEIGHT="38" HPOS="1497" VPOS="2337" WIDTH="40" />
<SP HEIGHT="41" HPOS="1538" VPOS="2335" WIDTH="27" />
<String CONTENT="93549;" CS="1" HEIGHT="42" HPOS="1566" VPOS="2335" WIDTH="149" />
<SP HEIGHT="47" HPOS="1739" VPOS="2337" WIDTH="33" />
<String CONTENT="J." HEIGHT="40" HPOS="1773" LANG="fr" VPOS="2337" WIDTH="42" />
<SP HEIGHT="39" HPOS="1816" VPOS="2338" WIDTH="31" />
<String CONTENT="B." HEIGHT="40" HPOS="1848" VPOS="2338" WIDTH="54" />
<SP HEIGHT="41" HPOS="1903" VPOS="2337" WIDTH="31" />
<String CONTENT="Chappie," HEIGHT="50" HPOS="1935" VPOS="2337" WIDTH="229" />
<SP HEIGHT="48" HPOS="2165" VPOS="2339" WIDTH="30" />
<String CONTENT="Ashland," HEIGHT="48" HPOS="2196" VPOS="2338" WIDTH="234" />
</TextLine>
<TextLine HEIGHT="50" HPOS="487" VPOS="2392" WIDTH="439">
<String CONTENT="Wis." HEIGHT="42" HPOS="487" VPOS="2392" WIDTH="117" />
<SP HEIGHT="48" HPOS="605" VPOS="2394" WIDTH="67" />
<String CONTENT="(36-8323)" HEIGHT="49" HPOS="673" VPOS="2393" WIDTH="253" />
</TextLine>
<TextLine HEIGHT="70" HPOS="491" STYLEREFS="StyleId-25A94E60-41D5-4601-975E-025E3AAD1122-" VPOS="2495" WIDTH="1938">
<String CONTENT="A" HEIGHT="52" HPOS="491" VPOS="2497" WIDTH="53" />
<SP HEIGHT="53" HPOS="545" VPOS="2497" WIDTH="27" />
<String CONTENT="complete" HEIGHT="66" HPOS="573" VPOS="2495" WIDTH="288" />
<SP HEIGHT="37" HPOS="862" VPOS="2513" WIDTH="30" />
<String CONTENT="course" HEIGHT="35" HPOS="893" VPOS="2514" WIDTH="194" />
<SP HEIGHT="52" HPOS="1088" VPOS="2497" WIDTH="28" />
<String CONTENT="in" HEIGHT="52" HPOS="1117" VPOS="2497" WIDTH="62" />
<SP HEIGHT="34" HPOS="1180" VPOS="2514" WIDTH="31" />
<String CONTENT="canning;" HEIGHT="68" HPOS="1212" VPOS="2496" WIDTH="275" />
<SP HEIGHT="66" HPOS="1488" VPOS="2496" WIDTH="33" />
<String CONTENT="being" HEIGHT="69" HPOS="1522" VPOS="2495" WIDTH="171" />
<SP HEIGHT="51" HPOS="1694" VPOS="2513" WIDTH="29" />
<String CONTENT="a" HEIGHT="34" HPOS="1724" VPOS="2515" WIDTH="34" />
<SP HEIGHT="48" HPOS="1759" VPOS="2501" WIDTH="27" />
<String CONTENT="thorough" HEIGHT="69" HPOS="1787" VPOS="2496" WIDTH="290" />
<SP HEIGHT="53" HPOS="2078" VPOS="2497" WIDTH="30" />
<String CONTENT="exposition" HEIGHT="70" HPOS="2109" VPOS="2495" WIDTH="320" />
</TextLine>
<TextLine HEIGHT="68" HPOS="419" STYLEREFS="StyleId-25A94E60-41D5-4601-975E-025E3AAD1122-" VPOS="2574" WIDTH="2011">
<String CONTENT="of" HEIGHT="54" HPOS="419" VPOS="2574" WIDTH="64" />
<SP HEIGHT="54" HPOS="484" VPOS="2574" WIDTH="35" />
<String CONTENT="the" HEIGHT="53" HPOS="520" VPOS="2575" WIDTH="98" />
<SP HEIGHT="53" HPOS="619" VPOS="2575" WIDTH="31" />
<String CONTENT="best" HEIGHT="54" HPOS="651" VPOS="2575" WIDTH="123" />
<SP HEIGHT="60" HPOS="775" VPOS="2582" WIDTH="35" />
<String CONTENT="practical" HEIGHT="68" HPOS="811" VPOS="2574" WIDTH="278" />
<SP HEIGHT="52" HPOS="1090" VPOS="2575" WIDTH="33" />
<String CONTENT="methods" HEIGHT="54" HPOS="1124" VPOS="2575" WIDTH="261" />
<SP HEIGHT="36" HPOS="1386" VPOS="2593" WIDTH="37" />
<String CONTENT="of" HEIGHT="53" HPOS="1424" VPOS="2574" WIDTH="64" />
<SP HEIGHT="53" HPOS="1489" VPOS="2574" WIDTH="35" />
<String CONTENT="hermetically" HEIGHT="68" HPOS="1525" VPOS="2574" WIDTH="394" />
<SP HEIGHT="48" HPOS="1920" VPOS="2594" WIDTH="35" />
<String CONTENT="sealing" HEIGHT="67" HPOS="1956" VPOS="2575" WIDTH="220" />
<SP HEIGHT="49" HPOS="2177" VPOS="2593" WIDTH="36" />
<String CONTENT="canned" HEIGHT="53" HPOS="2214" VPOS="2575" WIDTH="216" />
</TextLine>
<TextLine HEIGHT="69" HPOS="419" STYLEREFS="StyleId-25A94E60-41D5-4601-975E-025E3AAD1122-" VPOS="2652" WIDTH="2012">
<String CONTENT="foods," HEIGHT="68" HPOS="419" VPOS="2652" WIDTH="184" />
<SP HEIGHT="48" HPOS="604" VPOS="2672" WIDTH="42" />
<String CONTENT="preserving" HEIGHT="68" HPOS="647" VPOS="2653" WIDTH="337" />
<SP HEIGHT="68" HPOS="985" VPOS="2653" WIDTH="42" />
<String CONTENT="fruits" HEIGHT="53" HPOS="1028" VPOS="2653" WIDTH="177" />
<SP HEIGHT="35" HPOS="1206" VPOS="2671" WIDTH="44" />
<String CONTENT="and" HEIGHT="53" HPOS="1251" VPOS="2653" WIDTH="113" />
<SP HEIGHT="53" HPOS="1365" VPOS="2653" WIDTH="42" />
<String CONTENT="vegetables," HEIGHT="67" HPOS="1408" VPOS="2653" WIDTH="339" />
<SP HEIGHT="46" HPOS="1748" VPOS="2674" WIDTH="42" />
<String CONTENT="and" HEIGHT="55" HPOS="1791" VPOS="2653" WIDTH="114" />
<SP HEIGHT="53" HPOS="1906" VPOS="2653" WIDTH="40" />
<String CONTENT="the" HEIGHT="53" HPOS="1947" VPOS="2654" WIDTH="97" />
<SP HEIGHT="36" HPOS="2045" VPOS="2671" WIDTH="40" />
<String CONTENT="making" HEIGHT="68" HPOS="2086" VPOS="2653" WIDTH="239" />
<SP HEIGHT="50" HPOS="2326" VPOS="2671" WIDTH="40" />
<String CONTENT="of" HEIGHT="55" HPOS="2367" VPOS="2652" WIDTH="64" />
</TextLine>
<TextLine HEIGHT="69" HPOS="418" STYLEREFS="StyleId-25A94E60-41D5-4601-975E-025E3AAD1122-" VPOS="2729" WIDTH="2011">
<String CONTENT="condiments," HEIGHT="68" HPOS="418" VPOS="2730" WIDTH="373" />
<SP HEIGHT="69" HPOS="792" VPOS="2729" WIDTH="36" />
<String CONTENT="flavors" HEIGHT="56" HPOS="829" VPOS="2729" WIDTH="209" />
<SP HEIGHT="35" HPOS="1039" VPOS="2750" WIDTH="40" />
<String CONTENT="and" HEIGHT="53" HPOS="1080" VPOS="2731" WIDTH="114" />
<SP HEIGHT="53" HPOS="1195" VPOS="2731" WIDTH="36" />
<String CONTENT="specialties." HEIGHT="68" HPOS="1232" VPOS="2730" WIDTH="336" />
<SP HEIGHT="49" HPOS="1569" VPOS="2735" WIDTH="75" />
<String CONTENT="6th" HEIGHT="52" HPOS="1645" VPOS="2732" WIDTH="97" />
<SP HEIGHT="51" HPOS="1743" VPOS="2732" WIDTH="38" />
<String CONTENT="ed.," HEIGHT="67" HPOS="1782" VPOS="2731" WIDTH="105" />
<SP HEIGHT="63" HPOS="1888" VPOS="2735" WIDTH="36" />
<String CONTENT="thoroughly" HEIGHT="67" HPOS="1925" VPOS="2731" WIDTH="352" />
<SP HEIGHT="48" HPOS="2278" VPOS="2750" WIDTH="36" />
<String CONTENT="rev." HEIGHT="38" HPOS="2315" VPOS="2748" WIDTH="114" />
</TextLine>
<TextLine HEIGHT="68" HPOS="423" STYLEREFS="StyleId-25A94E60-41D5-4601-975E-025E3AAD1122-" VPOS="2809" WIDTH="1441">
<String CONTENT="[Baltimore," HEIGHT="68" HPOS="423" VPOS="2809" WIDTH="356" />
<SP HEIGHT="65" HPOS="780" VPOS="2811" WIDTH="22" />
<String CONTENT="Press" HEIGHT="52" HPOS="803" VPOS="2811" WIDTH="168" />
<SP HEIGHT="35" HPOS="972" VPOS="2828" WIDTH="23" />
<String CONTENT="of" HEIGHT="53" HPOS="996" VPOS="2809" WIDTH="63" />
<SP HEIGHT="52" HPOS="1060" VPOS="2809" WIDTH="24" />
<String CONTENT="the" HEIGHT="53" HPOS="1085" VPOS="2810" WIDTH="95" />
<SP HEIGHT="55" HPOS="1181" VPOS="2809" WIDTH="25" />
<String CONTENT="Canning" HEIGHT="67" HPOS="1207" VPOS="2809" WIDTH="268" />
<SP HEIGHT="62" HPOS="1476" VPOS="2814" WIDTH="22" />
<String CONTENT="trade]" HEIGHT="66" HPOS="1499" VPOS="2810" WIDTH="181" />
<SP HEIGHT="62" HPOS="1681" VPOS="2814" WIDTH="32" />
<String CONTENT="1936." HEIGHT="52" HPOS="1714" VPOS="2812" WIDTH="150" />
</TextLine>
<TextLine CS="1" HEIGHT="51" HPOS="490" VPOS="2881" WIDTH="885">
<String CONTENT="1" HEIGHT="41" HPOS="490" LANG="en-US" VPOS="2882" WIDTH="26" />
<SP HEIGHT="49" HPOS="517" VPOS="2882" WIDTH="29" />
<String CONTENT="p." HEIGHT="38" HPOS="547" LANG="fr" VPOS="2893" WIDTH="43" />
<SP HEIGHT="41" HPOS="591" VPOS="2883" WIDTH="29" />
<String CONTENT="l." CS="1" LANG="fr" />
<String CONTENT="," HEIGHT="16" HPOS="658" LANG="en-US" VPOS="2914" WIDTH="8" />
<SP HEIGHT="30" HPOS="667" VPOS="2902" WIDTH="34" />
<String CONTENT="[5]-352" HEIGHT="51" HPOS="702" LANG="en-US" VPOS="2881" WIDTH="178" />
<SP HEIGHT="51" HPOS="881" VPOS="2881" WIDTH="28" />
<String CONTENT="p." HEIGHT="39" HPOS="910" LANG="fr" VPOS="2893" WIDTH="42" />
<SP HEIGHT="40" HPOS="953" VPOS="2883" WIDTH="60" />
<String CONTENT="diagr." HEIGHT="50" HPOS="1014" LANG="en-US" VPOS="2881" WIDTH="155" />
<SP HEIGHT="41" HPOS="1170" VPOS="2882" WIDTH="58" />
<String CONTENT="23" HEIGHT="41" HPOS="1229" LANG="fr" VPOS="2882" WIDTH="55" />
<String CONTENT="&#189;" CS="1" LANG="en-US" />
<String CONTENT="cm." HEIGHT="36" HPOS="1318" LANG="fr" VPOS="2885" WIDTH="57" />
</TextLine>
<TextLine HEIGHT="53" HPOS="493" VPOS="2938" WIDTH="935">
<String CONTENT="Advertising" HEIGHT="50" HPOS="493" VPOS="2938" WIDTH="318" />
<SP HEIGHT="38" HPOS="812" VPOS="2950" WIDTH="25" />
<String CONTENT="matter:" HEIGHT="40" HPOS="838" VPOS="2941" WIDTH="208" />
<SP HEIGHT="39" HPOS="1047" VPOS="2950" WIDTH="32" />
<String CONTENT="p." HEIGHT="38" HPOS="1080" VPOS="2951" WIDTH="43" />
<SP HEIGHT="31" HPOS="1124" VPOS="2959" WIDTH="35" />
<String CONTENT="(340]-[346]" HEIGHT="51" HPOS="1160" VPOS="2940" WIDTH="268" />
</TextLine>
<TextLine CS="1" HEIGHT="52" HPOS="418" VPOS="2995" WIDTH="2012">
<String CONTENT="&#169;" HEIGHT="52" HPOS="418" VPOS="2995" WIDTH="54" />
<SP HEIGHT="52" HPOS="473" VPOS="2995" WIDTH="23" />
<String CONTENT="Apr." HEIGHT="48" HPOS="497" VPOS="2999" WIDTH="115" />
<SP HEIGHT="40" HPOS="613" VPOS="2999" WIDTH="27" />
<String CONTENT="1," HEIGHT="47" HPOS="641" VPOS="2999" WIDTH="39" />
<SP HEIGHT="47" HPOS="681" VPOS="2999" WIDTH="27" />
<String CONTENT="1936;" CS="1" HEIGHT="41" HPOS="709" VPOS="2998" WIDTH="118" />
<SP HEIGHT="48" HPOS="851" VPOS="2997" WIDTH="28" />
<String CONTENT="2c." HEIGHT="41" HPOS="880" VPOS="2997" WIDTH="67" />
<SP HEIGHT="29" HPOS="948" VPOS="3009" WIDTH="27" />
<String CONTENT="and" HEIGHT="39" HPOS="976" VPOS="3000" WIDTH="97" />
<SP HEIGHT="39" HPOS="1074" VPOS="3000" WIDTH="26" />
<String CONTENT="aff." HEIGHT="41" HPOS="1101" VPOS="2998" WIDTH="82" />
<SP HEIGHT="40" HPOS="1184" VPOS="2999" WIDTH="26" />
<String CONTENT="Apr." HEIGHT="48" HPOS="1211" VPOS="2999" WIDTH="114" />
<SP HEIGHT="42" HPOS="1326" VPOS="2998" WIDTH="27" />
<String CONTENT="2;" HEIGHT="47" HPOS="1354" VPOS="2998" WIDTH="53" />
<SP HEIGHT="46" HPOS="1408" VPOS="2999" WIDTH="29" />
<String CONTENT="A" HEIGHT="39" HPOS="1438" VPOS="2999" WIDTH="40" />
<SP HEIGHT="40" HPOS="1479" VPOS="2998" WIDTH="26" />
<String CONTENT="93515;" HEIGHT="47" HPOS="1506" VPOS="2998" WIDTH="172" />
<SP HEIGHT="46" HPOS="1679" VPOS="2999" WIDTH="30" />
<String CONTENT="Canning" HEIGHT="50" HPOS="1710" VPOS="2997" WIDTH="224" />
<SP HEIGHT="48" HPOS="1935" VPOS="2999" WIDTH="25" />
<String CONTENT="trade," HEIGHT="46" HPOS="1961" VPOS="2999" WIDTH="156" />
<SP HEIGHT="46" HPOS="2118" VPOS="2999" WIDTH="28" />
<String CONTENT="Baltimore." HEIGHT="41" HPOS="2147" VPOS="2998" WIDTH="283" />
</TextLine>
<TextLine HEIGHT="49" HPOS="499" VPOS="3055" WIDTH="253">
<String CONTENT="(36-8391)" HEIGHT="49" HPOS="499" VPOS="3055" WIDTH="253" />
</TextLine>
<TextLine HEIGHT="66" HPOS="420" STYLEREFS="StyleId-27D1F4A0-3FDB-4224-A0B3-DFC80D731E52-" VPOS="3158" WIDTH="1005">
<String CONTENT="Cooper," HEIGHT="63" HPOS="420" VPOS="3160" WIDTH="242" />
<SP HEIGHT="63" HPOS="663" VPOS="3160" WIDTH="24" />
<String CONTENT="Jesse" HEIGHT="53" HPOS="688" VPOS="3160" WIDTH="169" />
<SP HEIGHT="53" HPOS="858" VPOS="3160" WIDTH="26" />
<String CONTENT="Van" HEIGHT="53" HPOS="885" VPOS="3160" WIDTH="131" />
<SP HEIGHT="53" HPOS="1017" VPOS="3160" WIDTH="27" />
<String CONTENT="Cleft," HEIGHT="66" HPOS="1045" VPOS="3158" WIDTH="176" />
<SP HEIGHT="58" HPOS="1222" VPOS="3166" WIDTH="31" />
<String CONTENT="1882-" HEIGHT="49" HPOS="1254" VPOS="3165" WIDTH="171" />
</TextLine>
<TextLine CS="1" HEIGHT="68" HPOS="552" STYLEREFS="StyleId-25A94E60-41D5-4601-975E-025E3AAD1122-" VPOS="3236" WIDTH="1876">
<String CONTENT="&#8230;" CS="1" />
<SP HEIGHT="51" HPOS="552" VPOS="3240" WIDTH="52" />
<String CONTENT="The" HEIGHT="54" HPOS="605" VPOS="3237" WIDTH="123" />
<SP HEIGHT="35" HPOS="729" VPOS="3255" WIDTH="47" />
<String CONTENT="champion" HEIGHT="68" HPOS="777" VPOS="3236" WIDTH="305" />
<SP HEIGHT="34" HPOS="1083" VPOS="3255" WIDTH="47" />
<String CONTENT="cross" HEIGHT="37" HPOS="1131" VPOS="3255" WIDTH="150" />
<SP HEIGHT="36" HPOS="1282" VPOS="3256" WIDTH="46" />
<String CONTENT="word" HEIGHT="52" HPOS="1329" VPOS="3238" WIDTH="158" />
<SP HEIGHT="66" HPOS="1488" VPOS="3238" WIDTH="49" />
<String CONTENT="puzzle" HEIGHT="65" HPOS="1538" VPOS="3239" WIDTH="199" />
<SP HEIGHT="52" HPOS="1738" VPOS="3237" WIDTH="45" />
<String CONTENT="book;" HEIGHT="66" HPOS="1784" VPOS="3236" WIDTH="174" />
<SP HEIGHT="46" HPOS="1959" VPOS="3256" WIDTH="52" />
<String CONTENT="one" HEIGHT="34" HPOS="2012" VPOS="3256" WIDTH="104" />
<SP HEIGHT="52" HPOS="2117" VPOS="3237" WIDTH="47" />
<String CONTENT="hundred" HEIGHT="52" HPOS="2165" VPOS="3236" WIDTH="263" />
</TextLine>
<TextLine CS="1" HEIGHT="68" HPOS="420" STYLEREFS="StyleId-25A94E60-41D5-4601-975E-025E3AAD1122-" VPOS="3314" WIDTH="1777">
<String CONTENT="original" HEIGHT="68" HPOS="420" VPOS="3314" WIDTH="250" />
<SP HEIGHT="53" HPOS="671" VPOS="3316" WIDTH="35" />
<String CONTENT="cross" HEIGHT="36" HPOS="707" VPOS="3333" WIDTH="151" />
<SP HEIGHT="35" HPOS="859" VPOS="3334" WIDTH="33" />
<String CONTENT="word" HEIGHT="52" HPOS="893" VPOS="3316" WIDTH="157" />
<SP HEIGHT="65" HPOS="1051" VPOS="3316" WIDTH="35" />
<String CONTENT="puzzles" HEIGHT="65" HPOS="1087" VPOS="3316" WIDTH="227" />
<SP HEIGHT="33" HPOS="1315" VPOS="3334" WIDTH="35" />
<String CONTENT="of" HEIGHT="52" HPOS="1351" VPOS="3315" WIDTH="63" />
<SP HEIGHT="52" HPOS="1415" VPOS="3315" WIDTH="32" />
<String CONTENT="varying" HEIGHT="66" HPOS="1448" VPOS="3315" WIDTH="247" />
<SP HEIGHT="48" HPOS="1696" VPOS="3333" WIDTH="34" />
<String CONTENT="grades" HEIGHT="66" HPOS="1731" VPOS="3315" WIDTH="204" />
<SP HEIGHT="53" HPOS="1936" VPOS="3315" WIDTH="36" />
<String CONTENT="for" HEIGHT="51" HPOS="1973" VPOS="3315" WIDTH="94" />
<SP HEIGHT="47" HPOS="2068" VPOS="3319" WIDTH="36" />
<String CONTENT="the" HEIGHT="53" HPOS="2105" VPOS="3314" WIDTH="92" />
</TextLine>
<TextLine CS="1" HEIGHT="146" HPOS="418" STYLEREFS="StyleId-25A94E60-41D5-4601-975E-025E3AAD1122-" VPOS="3313" WIDTH="1986">
<String CONTENT="enjoyment" HEIGHT="133" HPOS="418" VPOS="3313" WIDTH="1986" />
<SP HEIGHT="47" HPOS="576" VPOS="3399" WIDTH="28" />
<String CONTENT="of" HEIGHT="53" HPOS="605" VPOS="3393" WIDTH="64" />
<SP HEIGHT="52" HPOS="670" VPOS="3393" WIDTH="31" />
<String CONTENT="every" HEIGHT="48" HPOS="702" VPOS="3411" WIDTH="168" />
<SP HEIGHT="48" HPOS="871" VPOS="3411" WIDTH="30" />
<String CONTENT="class" HEIGHT="50" HPOS="902" VPOS="3396" WIDTH="142" />
<SP HEIGHT="34" HPOS="1045" VPOS="3412" WIDTH="29" />
<String CONTENT="of" HEIGHT="52" HPOS="1075" VPOS="3394" WIDTH="63" />
<SP HEIGHT="51" HPOS="1139" VPOS="3394" WIDTH="31" />
<String CONTENT="solvers," HEIGHT="66" HPOS="1171" VPOS="3393" WIDTH="230" />
<SP HEIGHT="65" HPOS="1402" VPOS="3394" WIDTH="29" />
<String CONTENT="by" HEIGHT="64" HPOS="1432" VPOS="3394" WIDTH="75" />
<SP HEIGHT="63" HPOS="1508" VPOS="3395" WIDTH="30" />
<String CONTENT="J." HEIGHT="54" HPOS="1539" VPOS="3395" WIDTH="56" />
</TextLine>
<TextLine CS="1" HEIGHT="146" HPOS="420" STYLEREFS="StyleId-25A94E60-41D5-4601-975E-025E3AAD1122-" VPOS="3392" WIDTH="1984">
<String CONTENT="Van" HEIGHT="52" HPOS="1629" VPOS="3394" WIDTH="132" />
<SP HEIGHT="54" HPOS="1762" VPOS="3393" WIDTH="31" />
<String CONTENT="Cleft" HEIGHT="55" HPOS="1794" VPOS="3392" WIDTH="160" />
<SP HEIGHT="55" HPOS="1955" VPOS="3392" WIDTH="33" />
<String CONTENT="Cooper" HEIGHT="66" HPOS="1989" VPOS="3392" WIDTH="221" />
<SP HEIGHT="33" HPOS="2211" VPOS="3411" WIDTH="38" />
<String CONTENT="&#8230;" CS="1" />
<SP HEIGHT="51" HPOS="2306" VPOS="3393" WIDTH="36" />
<String CONTENT="including" HEIGHT="145" HPOS="420" VPOS="3393" WIDTH="1984" />
<SP HEIGHT="48" HPOS="657" VPOS="3490" WIDTH="28" />
<String CONTENT="a" HEIGHT="34" HPOS="686" VPOS="3490" WIDTH="31" />
<SP HEIGHT="53" HPOS="718" VPOS="3471" WIDTH="28" />
<String CONTENT="dictionary" HEIGHT="67" HPOS="747" VPOS="3470" WIDTH="326" />
</TextLine>
<TextLine HEIGHT="66" HPOS="1101" STYLEREFS="StyleId-25A94E60-41D5-4601-975E-025E3AAD1122-" VPOS="3470" WIDTH="1328">
<String CONTENT="of" HEIGHT="52" HPOS="1101" VPOS="3470" WIDTH="63" />
<SP HEIGHT="52" HPOS="1165" VPOS="3470" WIDTH="29" />
<String CONTENT="obscure" HEIGHT="52" HPOS="1195" VPOS="3471" WIDTH="230" />
<SP HEIGHT="33" HPOS="1426" VPOS="3489" WIDTH="29" />
<String CONTENT="words" HEIGHT="52" HPOS="1456" VPOS="3471" WIDTH="185" />
<SP HEIGHT="33" HPOS="1642" VPOS="3489" WIDTH="30" />
<String CONTENT="commonly" HEIGHT="65" HPOS="1673" VPOS="3471" WIDTH="320" />
<SP HEIGHT="47" HPOS="1994" VPOS="3489" WIDTH="28" />
<String CONTENT="used" HEIGHT="52" HPOS="2023" VPOS="3470" WIDTH="135" />
<SP HEIGHT="52" HPOS="2159" VPOS="3470" WIDTH="30" />
<String CONTENT="in" HEIGHT="51" HPOS="2190" VPOS="3471" WIDTH="60" />
<SP HEIGHT="33" HPOS="2251" VPOS="3489" WIDTH="27" />
<String CONTENT="cross" HEIGHT="36" HPOS="2279" VPOS="3487" WIDTH="150" />
</TextLine>
<TextLine CS="1" HEIGHT="147" HPOS="418" STYLEREFS="StyleId-25A94E60-41D5-4601-975E-025E3AAD1122-" VPOS="3547" WIDTH="1984">
<String CONTENT="word" HEIGHT="53" HPOS="418" VPOS="3550" WIDTH="158" />
<SP HEIGHT="66" HPOS="577" VPOS="3550" WIDTH="46" />
<String CONTENT="puzzle" HEIGHT="67" HPOS="624" VPOS="3549" WIDTH="199" />
<SP HEIGHT="34" HPOS="824" VPOS="3568" WIDTH="46" />
<String CONTENT="construction." HEIGHT="55" HPOS="871" VPOS="3548" WIDTH="402" />
<SP HEIGHT="33" HPOS="1274" VPOS="3582" WIDTH="79" />
<String CONTENT="[Series" HEIGHT="67" HPOS="1354" VPOS="3548" WIDTH="205" />
<SP HEIGHT="48" HPOS="1560" VPOS="3553" WIDTH="44" />
<String CONTENT="two]" HEIGHT="62" HPOS="1605" VPOS="3553" WIDTH="130" />
<SP HEIGHT="65" HPOS="1736" VPOS="3550" WIDTH="79" />
<String CONTENT="Philadelphia," HEIGHT="68" HPOS="1816" VPOS="3547" WIDTH="428" />
<SP HEIGHT="64" HPOS="2245" VPOS="3548" WIDTH="49" />
<String CONTENT="Chicago" HEIGHT="146" HPOS="419" VPOS="3548" WIDTH="1983" />
</TextLine>
<TextLine CS="1" HEIGHT="68" HPOS="607" STYLEREFS="StyleId-25A94E60-41D5-4601-975E-025E3AAD1122-" VPOS="3625" WIDTH="1365">
<String CONTENT="[etc.]" CS="1" HEIGHT="63" HPOS="607" VPOS="3630" WIDTH="120" />
<SP HEIGHT="64" HPOS="728" VPOS="3629" WIDTH="29" />
<String CONTENT="The" HEIGHT="53" HPOS="758" VPOS="3627" WIDTH="121" />
<SP HEIGHT="53" HPOS="880" VPOS="3629" WIDTH="23" />
<String CONTENT="John" HEIGHT="54" HPOS="904" VPOS="3628" WIDTH="157" />
<SP HEIGHT="54" HPOS="1062" VPOS="3627" WIDTH="26" />
<String CONTENT="C." HEIGHT="54" HPOS="1089" VPOS="3627" WIDTH="61" />
<SP HEIGHT="53" HPOS="1151" VPOS="3629" WIDTH="22" />
<String CONTENT="Winston" HEIGHT="57" HPOS="1174" VPOS="3625" WIDTH="268" />
<SP HEIGHT="34" HPOS="1443" VPOS="3645" WIDTH="23" />
<String CONTENT="company" HEIGHT="48" HPOS="1467" VPOS="3645" WIDTH="281" />
<SP HEIGHT="47" HPOS="1749" VPOS="3646" WIDTH="28" />
<String CONTENT="[c1936]" CS="1" HEIGHT="63" HPOS="1796" VPOS="3629" WIDTH="176" />
</TextLine>
<TextLine HEIGHT="49" HPOS="494" VPOS="3699" WIDTH="571">
<String CONTENT="223" HEIGHT="39" HPOS="494" VPOS="3701" WIDTH="85" />
<SP HEIGHT="47" HPOS="580" VPOS="3701" WIDTH="28" />
<String CONTENT="p." HEIGHT="37" HPOS="609" VPOS="3711" WIDTH="41" />
<SP HEIGHT="37" HPOS="651" VPOS="3702" WIDTH="59" />
<String CONTENT="diagrs." HEIGHT="49" HPOS="711" VPOS="3699" WIDTH="180" />
<SP HEIGHT="40" HPOS="892" VPOS="3700" WIDTH="57" />
<String CONTENT="21cm." HEIGHT="39" HPOS="950" VPOS="3700" WIDTH="115" />
</TextLine>
<TextLine CS="1" HEIGHT="54" HPOS="420" VPOS="3752" WIDTH="2008">
<String CONTENT="&#169;" HEIGHT="54" HPOS="420" VPOS="3752" WIDTH="54" />
<SP HEIGHT="54" HPOS="475" VPOS="3752" WIDTH="22" />
<String CONTENT="Feb." HEIGHT="42" HPOS="498" VPOS="3757" WIDTH="111" />
<SP HEIGHT="42" HPOS="610" VPOS="3757" WIDTH="21" />
<String CONTENT="18," HEIGHT="46" HPOS="632" VPOS="3757" WIDTH="70" />
<SP HEIGHT="46" HPOS="703" VPOS="3757" WIDTH="25" />
<String CONTENT="1936;" CS="1" HEIGHT="41" HPOS="729" VPOS="3756" WIDTH="114" />
<SP HEIGHT="42" HPOS="870" VPOS="3756" WIDTH="25" />
<String CONTENT="2c." HEIGHT="41" HPOS="896" VPOS="3756" WIDTH="67" />
<SP HEIGHT="40" HPOS="964" VPOS="3757" WIDTH="25" />
<String CONTENT="Mar." HEIGHT="40" HPOS="990" VPOS="3757" WIDTH="121" />
<SP HEIGHT="41" HPOS="1112" VPOS="3756" WIDTH="23" />
<String CONTENT="13;" CS="1" HEIGHT="40" HPOS="1136" VPOS="3756" WIDTH="54" />
<SP HEIGHT="37" HPOS="1219" VPOS="3766" WIDTH="26" />
<String CONTENT="aff." HEIGHT="41" HPOS="1246" VPOS="3755" WIDTH="82" />
<SP HEIGHT="40" HPOS="1329" VPOS="3756" WIDTH="25" />
<String CONTENT="Mar." HEIGHT="41" HPOS="1355" VPOS="3756" WIDTH="121" />
<SP HEIGHT="42" HPOS="1477" VPOS="3755" WIDTH="25" />
<String CONTENT="14;" CS="1" HEIGHT="39" HPOS="1503" VPOS="3755" WIDTH="55" />
<SP HEIGHT="47" HPOS="1585" VPOS="3755" WIDTH="28" />
<String CONTENT="A" HEIGHT="39" HPOS="1614" VPOS="3755" WIDTH="39" />
<SP HEIGHT="40" HPOS="1654" VPOS="3754" WIDTH="23" />
<String CONTENT="93165;" CS="1" HEIGHT="41" HPOS="1678" VPOS="3754" WIDTH="144" />
<SP HEIGHT="47" HPOS="1849" VPOS="3754" WIDTH="28" />
<String CONTENT="John" HEIGHT="40" HPOS="1878" VPOS="3754" WIDTH="129" />
<SP HEIGHT="40" HPOS="2008" VPOS="3755" WIDTH="26" />
<String CONTENT="C." HEIGHT="40" HPOS="2035" VPOS="3755" WIDTH="49" />
<SP HEIGHT="39" HPOS="2085" VPOS="3755" WIDTH="26" />
<String CONTENT="Winston" HEIGHT="41" HPOS="2112" VPOS="3753" WIDTH="224" />
<SP HEIGHT="29" HPOS="2337" VPOS="3765" WIDTH="23" />
<String CONTENT="co." HEIGHT="31" HPOS="2361" VPOS="3763" WIDTH="67" />
</TextLine>
<TextLine HEIGHT="68" HPOS="420" STYLEREFS="StyleId-27D1F4A0-3FDB-4224-A0B3-DFC80D731E52-" VPOS="3873" WIDTH="661">
<String CONTENT="Copeland," HEIGHT="66" HPOS="420" VPOS="3873" WIDTH="314" />
<SP HEIGHT="65" HPOS="735" VPOS="3874" WIDTH="22" />
<String CONTENT="Lewis," HEIGHT="68" HPOS="758" VPOS="3873" WIDTH="212" />
<SP HEIGHT="48" HPOS="971" VPOS="3893" WIDTH="24" />
<String CONTENT="ed." HEIGHT="54" HPOS="996" VPOS="3875" WIDTH="85" />
</TextLine>
<TextLine HEIGHT="72" HPOS="487" STYLEREFS="StyleId-25A94E60-41D5-4601-975E-025E3AAD1122-" VPOS="3947" WIDTH="1941">
<String CONTENT="The" HEIGHT="53" HPOS="487" VPOS="3951" WIDTH="124" />
<SP HEIGHT="35" HPOS="612" VPOS="3969" WIDTH="43" />
<String CONTENT="world&#8217;s" HEIGHT="54" HPOS="656" VPOS="3949" WIDTH="229" />
<SP HEIGHT="52" HPOS="886" VPOS="3951" WIDTH="39" />
<String CONTENT="best" HEIGHT="53" HPOS="926" VPOS="3951" WIDTH="123" />
<SP HEIGHT="69" HPOS="1050" VPOS="3950" WIDTH="38" />
<String CONTENT="jokes," HEIGHT="69" HPOS="1089" VPOS="3950" WIDTH="176" />
<SP HEIGHT="50" HPOS="1266" VPOS="3969" WIDTH="41" />
<String CONTENT="edited" HEIGHT="52" HPOS="1308" VPOS="3950" WIDTH="190" />
<SP HEIGHT="53" HPOS="1499" VPOS="3949" WIDTH="43" />
<String CONTENT="by" HEIGHT="68" HPOS="1543" VPOS="3949" WIDTH="74" />
<SP HEIGHT="68" HPOS="1618" VPOS="3949" WIDTH="44" />
<String CONTENT="Lewis" HEIGHT="55" HPOS="1663" VPOS="3947" WIDTH="183" />
<SP HEIGHT="55" HPOS="1847" VPOS="3948" WIDTH="46" />
<String CONTENT="Copeland." HEIGHT="68" HPOS="1894" VPOS="3948" WIDTH="313" />
<SP HEIGHT="53" HPOS="2208" VPOS="3948" WIDTH="80" />
<String CONTENT="New" HEIGHT="52" HPOS="2289" VPOS="3948" WIDTH="139" />
</TextLine>
<TextLine CS="1" HEIGHT="68" HPOS="420" STYLEREFS="StyleId-25A94E60-41D5-4601-975E-025E3AAD1122-" VPOS="4029" WIDTH="1014">
<String CONTENT="York," HEIGHT="68" HPOS="420" VPOS="4029" WIDTH="180" />
<SP HEIGHT="67" HPOS="601" VPOS="4030" WIDTH="27" />
<String CONTENT="Blue" HEIGHT="53" HPOS="629" VPOS="4029" WIDTH="147" />
<SP HEIGHT="34" HPOS="777" VPOS="4048" WIDTH="24" />
<String CONTENT="ribbon" HEIGHT="53" HPOS="802" VPOS="4029" WIDTH="197" />
<SP HEIGHT="54" HPOS="1000" VPOS="4029" WIDTH="30" />
<String CONTENT="books" HEIGHT="55" HPOS="1031" VPOS="4029" WIDTH="175" />
<SP HEIGHT="48" HPOS="1207" VPOS="4049" WIDTH="33" />
<String CONTENT="[c1936]" CS="1" HEIGHT="64" HPOS="1259" VPOS="4032" WIDTH="175" />
</TextLine>
</TextBlock>
</PrintSpace>
</Page>
</Layout>
</alto>