2519 4377
1345 4146 102 50 312

400 464 237 66 Tickell,
666 466 266 56 Jerrard.

471 556 105 56 See
612 557 130 54 how
780 557 135 68 they
954 576 127 49 run,
1118 556 76 69 by
1233 558 242 53 Jerrard
1516 559 236 53 Tickell.
1845 560 260 67 London,
2146 562 271 66 Toronto,

396 635 91 54 W.
518 635 385 69 Heinemann,
933 636 103 54 ltd.
1075 638 173 66 [1936]

465 722 620 51 4 p. l., 3-320 p. 19½cm.
399 791 53 53 ©
489 796 67 39 1c.
596 796 123 38 Mar.
756 796 40 46 4,
836 793 141 47 1936;
1018 794 42 39 A
1096 795 60 38 ad
1195 793 86 41 int.
1320 795 144 40 21143;
1532 796 143 48 pubd.
1715 796 111 40 Jan.
1864 797 54 46 6;
1962 798 214 40 Edward
2214 799 204 39 Jerrard

466 852 201 47 Tickell,
699 852 213 40 London.
983 850 254 49 (36-7793)

399 956 71 56 U.
498 957 57 55 S.
631 957 186 66 Laws,
843 961 259 62 statutes,
1219 999 10 10 etc.

471 1047 219 56 United
745 1047 189 55 States
987 1048 155 54 Code
1196 1049 326 52 annotated.
1616 1052 133 49 1935
1803 1049 348 53 cumulative
2205 1052 209 51 annual

399 1127 205 67 pocket
629 1129 161 65 parts
815 1128 95 51 for
933 1127 155 52 titles
1118 1129 152 56 1-50,
1296 1127 412 67 Constitution,
1733 1133 161 61 parts
1925 1132 117 62 1-3,
2070 1129 205 54 Tables
2303 1131 111 52 and

400 1203 2016 72 General index … St. Paul, West publishing co.; Brooklyn,
399 1285 67 53 E.
493 1285 333 66 Thompson
850 1302 80 35 co.
963 1317 12 33 [
980 1289 18 21 c
1004 1287 152 63 1936]

463 1371 58 40 62
549 1382 42 29 v.
649 1370 56 40 23½
738 1372 46 21 cm
788 1402 8 8 .

468 1442 158 39 These
653 1441 278 49 pamphlets
964 1451 83 29 are
1079 1441 49 39 to
1159 1440 58 42 be
1245 1439 140 41 fitted
1418 1440 102 40 into
1554 1441 82 40 the
1667 1441 199 48 pockets
1899 1444 55 38 at
1984 1442 83 40 the
2098 1442 122 40 back
2251 1443 51 39 of
2335 1444 82 40 the

462 1500 218 39 volumes
712 1498 52 40 of
794 1499 82 39 the
909 1499 76 38 set
1014 1499 49 38 to
1091 1496 159 41 which
1283 1497 115 48 they
1429 1498 185 48 belong.

399 1567 53 54 ©
481 1571 109 41 Jan.
651 1571 41 47 17,
722 1568 141 48 1936;
893 1569 68 40 2c.
992 1569 119 39 each
1141 1569 95 39 and
1267 1569 82 39 aff.
1381 1568 111 41 Feb.
1523 1568 81 48 17;
1638 1569 42 39 A
1708 1568 172 49 90833;
1914 1570 137 40 West
2081 1571 109 49 pub.
2222 1581 67 31 co.
2319 1573 96 40 and

467 1630 214 39 Edward
710 1628 278 47 Thompson
1018 1637 68 30 co.

396 1733 235 64 Waller,
661 1735 61 53 C.
751 1732 264 57 Charles.

469 1821 1949 71 Isle of the vikings, by Dr. C. Charles Waller … Southold,
401 1903 70 55 N.
504 1904 92 67 Y.,
625 1903 65 54 L.
721 1903 49 52 I.
799 1903 278 52 Traveler
1105 1899 180 71 print,
1318 1904 151 50 1936.

470 1989 784 51 3 p. l., 9-73 p. illus. 20½ cm .
471 2064 118 47 Map
618 2073 64 30 on
710 2061 366 50 lining-papers.

471 2120 241 40 “Limited
742 2119 199 48 edition,
974 2128 92 31 one
1092 2119 224 40 hundred
1349 2117 202 50 copies.”

472 2177 380 49 Bibliography:
887 2187 44 38 p.
963 2175 161 42 69-71.

396 2244 53 55 ©
479 2250 123 39 Mar.
633 2249 41 47 7,
704 2247 118 42 1936;
878 2248 67 40 2c.
977 2248 96 40 and
1104 2247 82 41 aff.
1218 2248 121 40 Mar.
1372 2247 81 46 11;
1487 2247 43 39 A
1558 2247 171 46 92203;
1806 2280 8 8 C.
1846 2247 50 42 C.
1929 2248 196 49 Waller,
2162 2248 249 49 Southold,

463 2307 56 40 N.
545 2308 54 40 Y.
666 2306 252 48 (36-7703)

394 2412 267 63 Watson,
686 2410 228 65 Evelyn
940 2409 194 55 Mabel
1159 2409 252 66 Palmer,
1441 2416 172 49 1886-

463 2502 244 68 Beauty,
730 2500 297 70 signature
1050 2499 64 55 of
1136 2499 159 68 God;
1321 2518 72 34 an
1416 2500 217 53 outline
1658 2499 64 55 of
1747 2499 318 70 aesthetics,
2088 2500 75 69 by
2186 2500 225 70 Evelyn

391 2580 81 54 M.
508 2580 269 68 Watson;
818 2579 142 53 with
998 2579 384 69 anticipation
1420 2579 114 53 and
1573 2578 286 55 footnotes
1898 2580 77 69 by
2010 2579 206 55 Jethra
2254 2580 157 53 Hart

454 2658 1199 69 … Boston, B. Humphries, inc. [ c 1935]
463 2735 52 39 xi
540 2745 58 37 p.,
625 2733 27 40 2
699 2765 24 17 l.,
750 2732 188 48 17-269,
1012 2753 11 29 [1]
1050 2742 44 39 p.
1154 2732 58 41 20½
1245 2734 44 22 cm
1293 2764 8 9 .

465 2790 186 42 Poems.

464 2848 147 42 “Five
636 2849 222 40 hundred
888 2848 160 47 copies
1077 2848 124 40 have
1228 2848 120 41 been
1376 2848 193 48 printed
1598 2859 60 29 on
1687 2847 215 41 Flemish
1932 2847 102 42 laid
2062 2849 124 40 book
2215 2849 191 49 paper.”

394 2919 52 53 ©
474 2924 114 47 Apr.
618 2923 70 47 17,
748 2923 112 47 1935;
891 2922 66 41 2c.
989 2924 123 40 Mar.
1142 2923 68 46 12,
1241 2923 140 46 1936;
1414 2922 82 41 aff.
1527 2924 123 39 Mar.
1681 2923 82 47 13;
1795 2924 41 39 A
1865 2923 173 48 92262;
2073 2926 156 39 Bruce
458 2924 1934 104 Humphries,
669 2981 91 40 inc.
831 2979 252 48 (36-7761)

395 3085 330 64 Wheatley,
752 3086 245 54 Dennis.

462 3177 160 67 They
665 3176 183 54 found
886 3172 289 71 Atlantis;
1219 3195 34 34 a
1290 3176 165 54 novel
1494 3177 74 66 by
1605 3176 219 53 Dennis
1864 3177 318 67 Wheatley.
391 3178 1989 143 London,
549 3254 370 55 Hutchinson
945 3256 46 52 &
1017 3272 99 50 co.,
1141 3254 104 54 ltd.
1302 3258 151 63 [1936]

457 3329 88 41 339
574 3340 42 38 p.
650 3329 111 40 incl.
792 3338 124 38 map.
978 3327 55 41 19
1035 3330 45 22 cm
1084 3358 9 9 .

461 3386 288 40 Illustrated
787 3384 360 49 lining-papers.

390 3451 2016 53 © 1c. Feb. 28, 1936; A ad int. 21132; pubd. Jan. 2; D. Wheatley, London.
473 3512 253 51 (36-7794)

395 3617 238 66 Wilson,
659 3617 299 66 Bingham
982 3616 300 64 Thoburn,
1312 3619 172 53 1867-

464 3706 1878 70 Princess Nicotine; a poem by Bingham Thoburn Wilson …
395 3787 288 53 foreword
716 3787 75 68 by
824 3787 223 53 Walter
1081 3786 179 54 Tivus
1296 3786 198 68 Casey.
1566 3786 111 53 Los
1711 3786 267 69 Angeles,
2012 3787 217 53 Wetzel
393 3787 1987 148 publishing
638 3884 99 49 co.,
766 3865 109 53 inc.
913 3899 13 35 [
931 3872 18 22 c
954 3869 154 64 1936]

463 3951 1392 51 2 p. l., [vii]-xx p., 1 l., 100 p. front. (port.) 20 cm .
394 4020 52 53 ©
480 4025 121 40 Mar.
636 4025 17 37 3
666 4024 38 48 6,
738 4023 140 48 1936;
913 4026 68 39 2c.
1016 4026 121 39 Mar.
1171 4025 82 46 25;
1289 4024 81 41 aff.
1406 4026 121 39 Mar.
1561 4024 83 47 23;
1680 4024 40 40 A
1753 4023 170 48 93364;
1960 4024 185 40 Wetzel
2180 4024 108 48 pub.
2321 4033 82 39 co.,

461 4080 90 41 inc.
617 4082 252 47 (36-7837)
