2519 4377
1065 4100 102 54 227

121 457 452 64 Pennsylvania.
647 460 165 51 Laws
819 501 11 22 ,
857 464 255 60 statutes,
1139 464 99 48 etc.

192 534 280 55 Purdon’s
509 535 423 66 Pennsylvania
971 540 237 48 statutes
1249 536 322 51 annotated.
1647 537 344 51 Permanent
2029 536 83 53 ed.

124 616 132 49 1935
297 612 343 54 cumulative
681 612 209 51 annual
931 612 200 66 pocket
1170 617 158 61 parts
1369 612 94 52 for
1502 613 153 53 titles
1699 613 149 66 1-77,

123 613 1990 143 Constitution, Tables [and] General index … Philadelphia, G. T.
124 766 152 53 Bisel
321 785 304 48 company;
673 765 262 65 Newark,
979 766 186 66 Soney
1207 770 45 49 &
1297 766 145 67 Sage
1486 784 278 50 company
1831 772 119 51 [etc.,
1995 772 120 62 etc.,

146 847 148 62 c 1935]
193 916 60 39 40
311 948 9 9 v.
376 915 144 40 23½cm.

192 974 157 39 These
373 973 272 47 pamphlets
678 982 85 29 are
792 975 48 37 to
872 972 58 39 be
958 971 138 40 fitted
1127 971 101 41 into
1261 973 84 39 the
1373 973 195 47 pockets
1602 975 49 37 at
1686 974 81 39 the
1798 974 120 39 back
1951 973 51 39 of
2037 974 79 40 the

122 1030 218 40 volumes
368 1030 51 39 of
450 1031 84 39 the
563 1031 76 38 set
667 1031 47 37 to
745 1029 156 38 which
936 1029 113 46 they
1080 1028 183 47 belong.

122 1082 52 53 ©
204 1088 110 38 Dec.
344 1085 69 44 23,
446 1086 112 39 1935;
617 1085 69 40 2c.
717 1086 117 38 each
866 1085 109 39 Jan.
1009 1085 67 47 18,
1109 1083 113 41 1936;
1284 1084 79 40 aff.
1398 1085 109 39 Jan.
1540 1084 81 47 20;
1657 1086 40 38 A
1727 1084 170 48 91453;
1934 1085 182 49 George

191 1143 52 40 T.
267 1143 129 39 Bisel
420 1153 81 37 co.,
529 1142 155 47 Soney
705 1142 37 39 &
767 1142 123 46 Sage
910 1151 66 29 co.
1002 1142 93 38 and
1120 1142 132 38 West
1278 1142 108 46 pub.
1412 1151 66 30 co.

120 1246 303 63 Peterson,
453 1243 333 65 Frederick,
818 1249 169 49 1859-

190 1318 1924 69 Creative re-education, by Frederick Peterson … New York,
119 1396 68 56 G.
216 1399 65 52 P.
311 1396 296 55 Putnam’s
636 1415 147 50 sons,
814 1399 151 51 1936.

188 1469 737 50 xix p 1 l., 23-112 p. 19cm.
191 1528 67 39 “A
285 1529 116 40 kind
434 1529 51 39 of
513 1528 382 40 reconstruction
924 1528 52 39 of
1004 1527 300 48 personality
1337 1528 210 48 through
1578 1528 197 49 seeking

1805 1530 95 40 and
117 1529 1979 104 discovering
284 1585 155 42 latent
471 1596 53 30 or
557 1586 225 40 dormant
813 1583 497 50 capacities.”—Pref.

121 1642 52 53 ©
210 1647 110 39 Feb.
356 1647 67 40 14,
461 1644 112 41 1936;
638 1645 68 40 2c.
744 1645 109 40 Feb.
892 1645 79 42 17;
1012 1645 81 41 aff.
1132 1645 110 40 Feb.
1280 1646 53 39 15;
1400 1646 40 39 A
1476 1645 171 49 90785;
1687 1647 53 42 G.
1777 1649 50 39 P.
1865 1649 256 40 Putnam’s

192 1713 125 30 sons.
393 1702 249 49 (36-6921)

119 1806 224 65 Poulet,
371 1806 262 54 Charles.

190 1883 256 52 Histoire
475 1883 75 51 du
581 1881 452 65 Christianisme,
1063 1900 104 47 par
1197 1882 131 52 dom
1360 1882 234 54 Charles
1622 1884 219 54 Poulet.
1907 1886 209 66 Moyen

123 1962 115 65 âge.
310 1960 137 52 fasc.
485 1962 79 50 10.
635 1960 185 65 Paris,
852 1955 234 58 Gabriel
1120 1960 359 52 Beauchesne
1513 1966 54 47 et
1598 1980 83 34 ses
1716 1959 106 69 fils,
1859 1966 149 49 1935.

190 2032 282 46 cover-title,
505 2042 40 37 p.
579 2031 218 40 481-640.
857 2031 143 48 illus.,
1033 2041 124 38 map.
1218 2031 59 40 28½cm.

191 2088 233 42 Contains
455 2087 391 48 bibliographies.

122 2142 52 53 ©
213 2147 110 39 Dec.
363 2146 38 44 1,
441 2144 112 41 1935;
680 2175 8 8 1c.
730 2144 109 40 Feb.
878 2144 68 47 17,
988 2142 115 41 1930;
1166 2144 100 38 A-
1269 2144 207 47 Foreign
1514 2143 144 42 3062:1;
1730 2145 195 41 Gabriel
176 2147 1924 98 Beauchesne
379 2204 47 38 et
455 2212 75 29 ses
559 2201 90 40 fils.

121 2308 373 63 Remington,
523 2307 240 54 Harold.

191 2381 1927 70 Remington on bankruptcy, for use during 1936 … [Pocket
120 2460 1971 146 supplements for] v. 1-3, 5-9 … Rochester, N. Y., The Lawyers co-operative publishing company, 1935.
191 2613 25 39 8
244 2624 42 29 v.
341 2611 115 40 23cm.

193 2669 159 39 These
376 2667 273 49 pamphlets
679 2676 85 28 are
793 2668 48 37 to
872 2665 56 39 be
960 2664 137 40 fitted
1127 2664 102 40 into
1261 2666 81 39 the
1375 2666 200 47 pockets
1604 2669 50 37 at
1688 2667 84 39 the
1801 2667 120 39 back
1954 2669 51 39 of
2038 2670 82 38 the

122 2726 215 38 volumes
365 2723 52 39 of
444 2724 83 39 the
555 2724 76 38 set
658 2724 48 37 to
734 2722 157 39 which
923 2722 112 46 they
1065 2722 183 46 belong.

122 2778 52 53 ©
201 2782 109 39 Jan.
337 2780 69 47 16,
433 2779 139 41 1936;
602 2778 68 40 2c.
698 2778 115 39 each
843 2778 108 39 Jan.
978 2776 81 43 24;
1090 2777 82 40 aff.
1201 2777 110 40 Jan.
1338 2777 83 47 22;
1452 2778 40 38 A
1520 2778 169 42 91413;
1721 2780 60 40 H.
1811 2780 304 46 Remington,

191 2839 117 38 New
330 2836 143 40 York.
528 2834 280 50 [Copyright
830 2834 44 39 is
895 2833 204 40 claimed
1122 2844 61 28 on
1207 2833 246 40 additions
1477 2835 96 38 and
1597 2834 252 51 revisions]

121 2942 199 62 Renié,
347 2941 181 54 Jules.

254 3004 1861 79 … Manuel d’Écriture Sainte, par le r. p. J. Renié … t. 5.
123 3100 106 50 Les
280 3101 146 48 actes
476 3096 95 51 des
623 3094 243 66 apôtres,
914 3093 78 53 les
1043 3093 206 66 épitres
1303 3092 363 69 catholiques,
1719 3095 396 69 l’apocalypse.

123 3176 179 65 Lyon,
328 3176 183 62 Paris,
537 3173 67 51 E.
633 3171 176 66 Vitte,
839 3174 148 49 1935.

193 3241 1299 54 419, [1] p. illus. (incl. maps, part fold.) 18½cm .
193 3299 417 50 “Bibliographie”
642 3302 52 37 at
722 3300 91 38 end
843 3298 52 39 of
923 3300 111 45 part
1064 3298 53 39 of
1147 3298 84 39 the
1257 3299 239 46 chapters.

125 3353 1991 56 © Nov. 30, 1935; 1c . Feb. 17, 1936; A-Foreign 30519; Emmanuel Vitte.
123 3449 181 61 Roan,
329 3448 161 53 Tom.

194 3523 121 52 The
361 3522 220 68 dragon
627 3519 204 55 strikes
877 3519 160 68 back,
1082 3518 75 69 by
1201 3520 143 52 Tom
1391 3519 179 55 Roan.
1645 3522 138 53 New
1832 3524 178 64 York,
2056 3526 54 53 J.

124 3601 437 67 Messner, inc. [c1936]
198 3674 99 47 viii,
326 3674 86 39 278
437 3683 43 37 p.
539 3671 58 40 20½cm.

128 3727 51 53 ©
204 3733 119 38 Mar.
348 3730 68 47 10,
441 3729 112 40 1936;
607 3729 67 39 2c.
699 3728 120 38 Mar.
844 3727 53 39 13;
952 3725 82 41 aff.
1059 3726 122 40 Mar.
1206 3725 54 39 12;
1315 3727 39 37 A
1377 3726 143 41 93147;
1575 3727 168 40 Julian
1770 3730 230 48 Messner,
2025 3732 91 41 inc.

206 3786 247 49 (36-6813)

131 3877 363 64 [Robertson,
523 3873 198 53 Frank
751 3873 266 66 Chester]
1052 3878 169 49 1890-

199 3948 1914 69 Stormy range, by Robert Crane [pseud.] … New York,
128 4029 273 66 Godwin [c1936]
