2519 4377
1356 4120 101 50 484

395 437 382 65 Clendening,
809 438 223 64 Logan,
1066 442 171 50 1884-

466 514 56 53 A
567 514 307 54 handbook
918 519 59 50 to
1023 513 294 54 Pickwick
1361 532 208 51 papers
1638 514 75 69 [by]
1782 516 202 67 Logan
2032 515 374 67 Clendening.

397 594 139 53 New
567 592 180 67 York,
775 594 259 67 London,
1065 594 71 52 A.
1165 594 70 53 A.
1266 592 225 69 Knopf,
1524 597 149 50 1936.

506 698 9 16 x,
543 666 87 41 156
655 677 59 37 p.,
743 667 23 39 1
794 668 32 39 1.
885 666 144 48 illus.,
1058 667 172 47 plates,
1260 676 137 38 maps
1424 667 50 46 (1
1499 666 146 48 fold.)
1711 666 55 40 21½
1800 669 44 21 cm
1849 698 10 10 .

472 724 131 41 “The
635 723 110 41 first
778 723 186 41 edition
1002 755 46 9 ...
1087 723 208 41 consists
1332 724 51 40 of
1419 725 95 39 two
1550 724 247 40 thousand
1827 723 204 49 copies.”

753 781 161 40 CONTENTS.—The
959 782 263 47 centenary
1269 781 51 40 of
1363 780 424 42 Pickwick.—The
1832 781 188 48 history
2067 781 52 40 of
2165 782 245 40 Pickwick

400 838 354 49 papers.—The
779 838 302 48 topography
1104 838 52 41 of
1182 838 245 41 Pickwick
1453 839 356 47 papers.—The
1832 838 338 49 bibliography
2198 839 51 40 of
401 839 1991 96 Pickwick
558 906 176 38 papers
779 896 68 48 (p.

882 894 561 49 137-149)—Summary
1481 895 52 42 of
1565 896 163 47 places
1762 895 277 41 mentioned
2079 895 48 41 in
2166 896 243 41 Pickwick

400 963 174 40 papers
606 964 55 31 or
689 952 276 43 associated
995 953 120 41 with
1144 954 53 40 it.

399 1022 53 53 ©
485 1027 112 47 Apr.
632 1026 69 44 20,
737 1025 117 40 1936;
912 1026 68 41 2c.
1016 1027 95 38 and
1143 1026 83 40 aff.
1260 1026 114 48 Apr.
1408 1026 54 40 23;
1526 1026 40 38 A
1601 1025 143 41 93749;
1807 1025 172 42 Alfred
2015 1027 54 39 A.
2104 1026 180 47 Knopf,
2320 1027 90 40 inc.

481 1083 253 49 (36-9284)

400 1189 333 64 Cleveland,
758 1189 196 64 Roger
978 1187 207 54 Peeke.

470 1264 96 69 Up
594 1265 95 52 the
717 1264 155 67 trail,
900 1264 75 69 by
1004 1264 191 69 Roger
1222 1263 182 53 Peeke
1433 1263 328 54 Cleveland.
1832 1264 357 66 [Worcester,
2219 1264 191 67 Mass.,

399 1343 120 53 The
545 1342 183 54 Davis
756 1361 172 50 press,
956 1342 127 68 inc.]
1118 1346 149 50 1936.

470 1417 57 40 46
555 1428 43 38 p.
662 1417 53 40 17
720 1420 44 20 cm
769 1448 7 8 .

472 1474 146 41 “This
660 1475 184 40 edition
887 1473 42 41 is
972 1474 187 41 limited
1204 1476 47 38 to
1295 1473 84 40 100
1421 1473 263 41 numbered
1727 1473 201 48 copies.”
2002 1474 119 40 This
2166 1484 118 38 copy
2329 1477 83 38 not

400 1532 277 41 numbered.

472 1589 184 43 Poems.

401 1661 2011 53 © Apr. 10, 1936; 2c. Apr. 13; aff. Apr. 14; A 93660; R. P. Cleveland,
476 1722 225 47 Grafton,
745 1723 147 38 Mass.
972 1721 252 48 (36-9258)

400 1825 236 62 Collins,
666 1825 249 54 Francis
940 1823 243 66 Arnold,
1216 1828 172 52 1873-

469 1902 122 53 The
619 1900 158 72 boys’
806 1901 148 54 book
984 1901 66 54 of
1078 1902 189 53 model
1298 1901 351 69 aeroplanes,
1679 1901 328 56 illustrated
2039 1903 140 54 with
397 1903 1992 147 photographs

639 1981 115 53 and
779 1980 311 70 diagrams,
1113 1980 76 70 by
1212 1980 242 54 Francis
1478 1980 73 54 A.
1577 1980 237 55 Collins.
1875 1982 141 53 New
2044 1983 115 53 and
2186 2001 115 35 rev.
2326 1982 85 55 ed.

401 2060 138 54 New
576 2059 183 69 York,
792 2059 261 70 London,
1087 2060 72 52 D.
1198 2058 584 72 Appleton-Century
1816 2078 300 53 company,

401 2061 1988 146 incorporated,
613 2142 153 51 1936.

473 2212 1374 54 vii, 262 p. incl. illus., plates, diagrs. front. 19½cm .
403 2286 54 54 ©
492 2291 113 47 Apr.
641 2291 68 44 17,
748 2289 113 40 1936;
926 2289 66 40 2c.
1031 2288 95 41 and
1164 2288 81 40 aff.
1282 2289 114 47 Apr.
1434 2289 57 39 18;
1555 2289 40 39 A
1632 2288 144 42 93715;
1843 2292 56 39 D.
1936 2291 479 48 Appleton-Century

474 2358 81 37 co.,
583 2347 92 40 inc.
741 2345 251 49 (36-9358)

404 2453 186 62 Crow,
620 2451 230 64 George
878 2451 225 63 Henry.

474 2528 103 69 My
610 2526 401 69 state—Ohio;
1049 2546 72 34 an
1153 2526 292 54 authentic
1478 2526 221 69 history
1734 2527 63 54 of
1830 2529 95 52 the
1957 2529 262 68 Buckeye
2252 2536 163 60 state,

404 2605 74 70 by
520 2605 223 69 George
780 2607 77 52 H.
900 2606 167 54 Crow
1113 2651 56 8 ...
1215 2607 112 51 and
1369 2606 62 55 С.
1475 2608 64 52 P.
1582 2605 191 56 Smith
1818 2651 56 9 ...
1955 2607 329 68 Columbus,
2326 2608 88 67 O.,

402 2684 1269 69 The Ohio teacher service bureau [ c 1935]
477 2759 85 40 512
594 2770 42 37 p.
699 2757 127 41 illus.
856 2757 134 49 (incl.
1024 2758 162 48 maps)
1227 2757 180 48 diagrs.
1467 2757 55 41 23½
1556 2760 16 21 cm
1605 2791 9 8 .

478 2815 164 40 “First
675 2814 231 48 printing,
941 2814 112 41 1931;
1120 2815 173 39 second
1329 2813 231 50 printing,
1596 2815 158 41 1935.”

478 2873 193 42 “Who’s
696 2873 107 41 who
830 2872 48 40 in
908 2872 122 42 Ohio
1057 2873 95 41 and
1182 2871 138 50 why”;
1378 2883 43 38 p.
1451 2872 218 42 505-508.

405 2930 53 53 ©
489 2934 102 40 Oct.
621 2932 70 48 24,
721 2931 113 41 1935;
894 2932 67 41 2c.
992 2932 112 39 Dec.
1135 2931 83 42 26;
1251 2931 82 41 aff.
1366 2933 121 38 Mar.
1519 2932 69 48 28,
1621 2931 140 48 1936;
1795 2933 40 38 A
1866 2933 172 46 94157;
2073 2932 157 41 Jessie
2262 2934 152 48 Crow,

479 2991 200 46 Athens,
705 2989 67 44 O.,
797 2990 96 38 and
918 2988 47 40 С.
991 2989 50 39 P.
1069 2988 172 46 Smith,
1264 2989 224 46 Newark,
1515 2989 51 39 O.
1624 2988 279 50 [Copyright
1929 2989 41 40 is
1996 2990 205 40 claimed
2227 3002 59 29 on
2310 3001 107 29 new

475 3049 196 47 matter]
748 3045 252 49 (36-9275)

404 3150 254 65 Daudet,
688 3149 178 65 Léon,
898 3149 171 56 1867-

479 3225 1365 70 ... Savoir réagir. Paris, A. Michel [ c 1935]
406 3298 1992 107 3 p. l., 9-187 p., 1 l. 15 ½ cm . (On cover ; Les savoirs du temps présent)
406 3411 53 54 ©
496 3416 118 39 Nov.
651 3416 72 46 23,
760 3414 140 47 1935;
998 3447 9 8 1c.
1046 3415 109 39 Feb.
1194 3415 68 45 17,
1301 3413 140 48 1936;
1482 3415 102 38 A-
1587 3414 206 48 Foreign
1828 3414 173 48 30522;
2043 3413 142 41 Albin
2226 3414 189 41 Michel.

487 3471 253 48 (36-9296)

405 3577 254 64 Daudet,
687 3575 219 55 Lucien
934 3575 322 65 Alphonse,
1288 3581 170 50 1883-

482 3696 55 10 ...
580 3653 161 52 Dans
781 3653 232 53 l’ombre
1055 3655 67 51 de
1161 3652 404 67 l’impératrice
1608 3652 283 69 Eugénie;
1936 3654 194 53 lettres
2168 3653 246 66 intimes,

405 3731 284 54 adressées
748 3732 32 51 à
840 3732 260 52 madame
1161 3731 297 68 Alphonse
1519 3733 246 51 Daudet.
1842 3732 186 67 Paris,
2089 3731 323 56 Gallimard

428 3814 176 64 [ c 1935]
478 3881 1288 50 254 p., 1 l . 4 pl. (front., ports., facsim.) 19 cm .
476 3939 64 41 At
567 3941 126 39 head
721 3940 51 40 of
798 3939 108 41 title;
965 3940 179 41 Lucien
1175 3941 208 40 Daudet.
1407 3977 3 5 .

407 3993 53 54 ©
493 3999 109 39 Dec.
637 3997 69 49 12,
741 3998 140 46 1935;
975 4030 7 8 1c.
1016 3998 110 41 Feb.
1159 3998 70 47 20,
1263 3997 140 46 1936;
1440 3998 100 38 A-
1544 3997 207 47 Foreign
1783 3997 172 43 30752;
1994 3996 239 44 Librairie
477 3994 1920 101 Gallimard.
699 4054 252 49 (36-9286)
