2519 4377
1048 4075 96 50 511

98 438 169 53 Vidal
300 441 68 51 de
401 441 81 50 La
517 439 234 64 Blache,
782 439 144 53 Paul
959 438 185 53 Marie
1177 438 237 65 Joseph,
1449 442 325 62 1845-1918,
1805 439 83 53 ed.

167 516 359 67 Géographie
552 516 363 65 universelle;
945 516 223 66 publiée
1193 533 127 36 sous
1343 516 55 52 la
1425 515 276 53 direction
1726 516 69 52 de
1821 518 62 51 P.
1912 516 177 53 Vidal

99 596 67 51 de
205 596 81 50 La
327 595 209 52 Blache
577 599 51 47 et
670 596 61 51 L.
773 592 235 56 Gallois,
1082 598 37 47 t.
1165 597 78 48 13.
1285 592 306 68 Amérique
1630 594 459 66 septentrionale,

98 669 1992 70 par Henri Baulig … lre ptie. Généralités-Canada. Paris,
97 751 70 53 A.
194 750 183 63 Colin,
406 753 148 49 1935.

167 837 26 38 2
218 847 40 37 p.
321 867 8 15 l.,
356 835 97 47 315,
486 835 52 49 [1]
567 846 42 36 p.
665 834 142 46 illus.,
834 835 168 47 plates,
1030 844 149 38 maps,
1206 833 179 49 diagrs.
1440 834 115 39 29cm.

98 917 1994 53 © Nov. 30, 1935; 1c. Apr. 3, 1936; A- Foreign 31184; Max Leclerc &
169 977 98 48 cie.,
300 977 154 40 Paris.

99 1081 213 64 White,
341 1082 250 53 Edward
620 1080 227 63 Albert,
878 1081 170 54 1872-

169 1155 1860 70 Principles of flower arrangement, by Edward A. White …
100 1237 137 52 New
268 1235 179 66 York,
477 1235 70 53 A.
579 1235 64 53 T.
674 1235 88 52 De
791 1235 82 52 La
902 1234 161 51 Mare
1093 1250 296 52 company,
1419 1233 125 69 inc.,
1576 1237 150 50 1936.

169 1322 86 41 199
279 1333 42 38 p.
348 1322 108 40 incl.
484 1323 86 38 col.
595 1320 164 48 front.,
787 1319 126 42 illus.
972 1319 27 40 3
1025 1319 86 41 col.
1138 1320 61 48 pl.
1259 1319 117 43 24cm.

171 1393 180 40 “Third
378 1392 182 42 edition
587 1390 292 49 thoroughly
906 1390 186 41 revised
1122 1391 94 39 and
1245 1390 171 42 reset.”

99 1476 52 52 ©
174 1480 120 39 Mar.
318 1479 39 46 6,
381 1476 138 47 1936;
544 1477 66 40 2c.
634 1477 122 39 Mar.
777 1476 82 46 10;
885 1475 82 41 aff.
992 1476 121 39 Mar.
1138 1475 53 40 13;
1245 1475 41 39 A
1307 1474 143 41 92465;
1504 1476 54 40 A.
1583 1477 51 41 T.
1659 1478 71 38 De
1755 1477 66 39 La
1850 1478 137 39 Mare
2010 1487 83 38 co.,

169 1536 90 39 inc.
325 1533 279 49 (36-27218)

101 1639 201 63 Willis,
333 1638 225 63 George
587 1638 134 63 Lee,
754 1642 170 49 1862-

167 1714 305 68 Kentucky
503 1714 358 66 democracy;
899 1733 31 33 a
963 1711 221 69 history
1218 1711 64 54 of
1315 1712 94 52 the
1445 1716 170 65 party
1650 1714 112 52 and
1798 1713 73 54 its

97 1733 1973 114 representative
409 1790 477 68 members—past
921 1791 113 52 and
1071 1793 243 66 present,
1352 1789 223 70 George
1609 1792 111 53 Lee
1755 1792 210 67 Willis,
2004 1813 90 48 sr.,

99 1872 222 66 author,
357 1869 233 54 assisted
624 1869 76 68 by
737 1889 30 33 a
802 1868 135 55 staff
970 1868 65 53 of
1067 1866 421 70 distinguished
1519 1874 172 63 party
1726 1869 217 56 leaders
1981 1872 110 53 and

99 1946 1995 71 political commentators … Louisville, Democratic historical
97 2027 229 68 society,
362 2029 148 50 1935.

170 2116 29 40 3
259 2147 8 8 v.
320 2113 148 40 front,
498 2110 173 49 (port.)
706 2110 141 47 illus.,
876 2112 169 47 plates,
1074 2111 149 48 ports.
1278 2111 116 42 27cm.

171 2180 787 48 Vols. II and III biographical.
100 2266 53 53 ©
179 2270 112 47 Apr.
318 2269 67 45 16,
412 2266 112 41 1936;
580 2267 67 39 2c.
676 2267 117 39 each
821 2267 94 39 and
943 2266 82 40 aff.
1049 2266 113 48 Apr.
1189 2266 56 40 20;
1301 2267 41 39 A
1367 2266 144 42 92998;
1568 2269 306 42 Democratic
170 2269 1908 97 historical
269 2336 142 36 assn.,
435 2324 90 40 inc.
591 2322 250 49 (36-9135)

100 2426 239 62 Wilson,
365 2426 195 53 Rufus
587 2425 309 63 Rockwell,
925 2430 170 50 1865-

105 2500 1989 150 Lincoln in portraiture, by Rufus Rockwell Wilson … sixty-two portraits. New York, The Press of the pioneers, inc.,
106 2660 146 51 1935.

172 2739 1255 50 317 p., 1 l. incl. front, (port.) LXI port. 24cm.
176 2812 115 40 “Six
330 2812 216 39 hundred
591 2812 94 39 and
726 2810 109 48 fifty
885 2811 132 49 (650)
1066 2812 158 47 copies
1263 2813 123 40 have
1427 2814 116 40 been
1582 2815 208 50 printed,
1830 2816 263 42 numbered

104 2869 95 40 and
228 2868 166 49 signed
423 2869 60 47 by
514 2868 82 41 the
624 2866 220 42 author.”

103 2954 52 52 ©
179 2958 113 47 July
315 2956 203 48 10, 1935;
569 2956 66 40 2c.
661 2957 108 39 Jan.
791 2956 68 46 24,
885 2956 112 40 1936;
1053 2956 81 40 aff.
1159 2958 108 38 Jan.
1294 2958 53 39 23;
1401 2958 40 39 A
1465 2958 144 41 92889;
1663 2960 161 41 Rufus
1851 2962 245 41 Rockwell

174 3014 198 47 Wilson,
404 3014 104 47 inc.,
541 3014 115 38 New
690 3014 143 39 York.
906 3012 249 48 (36-9314)

103 3116 279 64 Winlock,
411 3117 256 52 Herbert
696 3115 225 64 Eustis,
950 3122 170 50 1884-

235 3193 1858 71 … Ed Däkhleh oasis, by H. E. Winlock; journal of a camel
104 3271 117 68 trip
256 3272 164 52 made
451 3271 57 51 in
546 3276 160 63 1908;
744 3273 139 51 with
918 3290 71 34 an
1024 3272 289 68 appendix
1345 3273 76 68 by
1453 3275 240 54 Ludlow
1728 3278 151 53 Bull.
1955 3281 139 52 New

105 3351 179 66 York,
316 3355 149 49 1936.

178 3433 1917 52 xii, 77 p., 2 1. XXXVII pl. (1 fold.; incl. map, plans) on 20 l. 32cm.
117 3492 297 49 (Half-title:
442 3491 99 38 The
573 3492 345 46 Metropolitan
948 3501 217 30 museum
1192 3492 52 39 of
1272 3495 91 39 art.
1424 3495 319 47 Department
1773 3496 51 39 of
1853 3498 243 50 Egyptian

106 3552 92 39 art.
262 3548 358 50 [Publications]
684 3550 90 39 vol.
805 3549 55 47 v)

176 3619 61 39 At
266 3619 123 39 head
419 3618 50 39 of
498 3618 107 40 title:
664 3619 100 39 The
792 3618 344 48 Metropolitan
1164 3629 217 31 museum
1411 3619 53 41 of
1487 3622 93 41 art.

181 3675 91 40 “Of
303 3673 98 41 this
432 3675 122 39 book
585 3675 113 39 four
731 3675 219 40 hundred
979 3675 160 48 copies
1173 3686 125 30 were
1332 3677 192 49 printed
1557 3679 61 47 by
1651 3680 81 40 the
1766 3682 330 43 Southworth-

107 3731 309 40 Anthoensen
445 3741 148 38 press,
626 3732 247 47 Portland,
906 3731 205 41 Maine.”

181 3786 346 48 “Inscriptions
561 3791 52 36 at
644 3787 118 40 Deir
794 3789 43 39 el
870 3789 182 48 Hagar,
1084 3789 60 48 by
1176 3789 201 41 Ludlow
1408 3791 140 39 Bull”:
1611 3803 43 37 p.
1687 3793 157 43 65-77.

179 3843 345 41 “References”:
584 3855 43 37 p.
656 3845 66 39 ix.

107 3910 1992 61 © Jan. 30, 1936; 1c. and aff. Feb. 6; 1c. Feb. 18; A 91826; Metropolitan
178 3981 215 30 museum
419 3971 51 40 of
495 3973 90 45 art,
613 3972 117 38 New
755 3971 142 39 York.
963 3970 250 51 (36-9263)
