2519 4377
1024 4095 101 54 367

75 457 318 65 Franklyn,
420 457 216 65 Julian,
664 457 84 53 ed.

142 539 1922 74 A survey of the occult, edited by Julian Franklyn … with
72 617 1991 74 contributions by Dr. F. E. Budd … J. H. Mozley … S. G.
75 697 1988 70 Soal … and Alastair Baxter. London, A. Barker, limited,
76 780 148 51 1935.

145 850 77 48 vii,
248 851 83 40 301
356 861 42 36 p.
458 848 115 42 22cm.
641 850 200 49 [Arthur
870 849 226 41 Barker’s
1122 849 282 48 companion
1434 849 162 41 series,
1656 859 74 29 no.
1748 849 27 39 2]

143 906 222 42 Includes
401 906 389 49 bibliographies.

74 975 53 53 ©
154 981 65 41 1c.
251 981 120 39 Mar.
401 981 39 47 3,
472 980 139 48 1936;
644 981 41 39 A
715 982 61 39 ad
806 981 86 40 int.
922 981 143 40 21147;
1125 981 141 47 pubd.
1299 981 110 41 Jan.
1442 981 51 47 6;
1527 982 186 39 Arthur
1746 981 201 47 Barker,
1981 982 84 38 ltd.

155 1036 249 48 (36-8443)

76 1137 239 67 Gayley,
344 1139 244 55 Charles
611 1139 174 65 Mills,
813 1143 325 63 1858-1932,
1163 1141 84 52 ed.

144 1228 463 67 Representative
644 1231 245 65 English
926 1230 292 67 comedies,
1254 1230 140 52 with
1431 1229 395 67 introductory
1863 1246 205 50 essays,

76 1325 29 33 a
158 1307 373 66 monograph,
584 1307 112 52 and
749 1312 175 62 notes,
974 1308 180 51 under
1206 1307 97 52 the
1351 1308 229 66 general
1632 1307 315 66 editorship
2004 1305 62 53 of

74 1383 1968 130 Charles Mills Gayley … and Alwin Thaler … Volume 4. Dryden
208 1462 111 50 and
346 1461 87 52 his
461 1461 502 67 contemporaries:
993 1462 227 66 Cowley
1246 1466 57 48 to
1331 1462 316 66 Farquhar.
1723 1463 137 52 New
1888 1461 181 67 York,

75 1539 118 51 The
223 1538 331 52 Macmillan
585 1557 296 49 company,
913 1542 148 50 1936.

143 1612 83 46 xii,
259 1613 82 39 777
372 1623 43 36 p.
473 1610 116 43 20cm.

74 1676 53 53 ©
154 1682 121 40 Mar.
303 1682 68 48 17,
399 1681 112 40 1936;
567 1681 67 41 2c.
663 1682 95 39 and
787 1681 81 42 aff.
897 1682 122 40 Mar.
1048 1681 81 46 18;
1159 1682 41 38 A
1223 1681 171 48 92360;
1427 1681 278 40 Macmillan
1735 1691 68 31 co.

76 1784 128 64 Gill,
232 1785 274 55 Frances.

146 1873 177 56 Chloe
352 1873 159 53 dusts
538 1874 102 54 her
667 1873 241 67 mantel;
940 1893 31 34 a
999 1874 230 68 pioneer
1256 1873 266 54 woman’s
1549 1873 142 69 idyl,
1719 1873 75 68 by
1822 1873 247 52 Frances

78 1950 136 54 Gill.
295 1952 140 52 New
483 1950 179 70 York,
706 1952 122 53 The
871 1952 168 53 Press
1082 1951 65 52 of
1191 1951 96 55 the
1332 1950 276 70 pioneers,
1652 1951 418 68 incorporated,

79 2033 147 49 1935.

146 2101 647 50 6 p. l., 88 p., 1 l. 23½cm.
146 2160 186 40 “Trade
364 2159 227 40 edition.”

77 2226 52 53 ©
161 2230 101 41 Oct.
293 2229 68 49 10,
393 2229 113 42 1935;
564 2230 66 40 2c.
664 2231 109 40 Jan.
804 2230 69 49 24,
904 2230 114 41 1936;
1079 2230 81 41 aff.
1194 2231 109 40 Jan.
1334 2230 54 41 23;
1450 2231 41 39 A
1521 2229 144 42 92887;
1727 2230 160 41 Rufus
146 2230 1908 97 Rockwell
283 2288 197 46 Wilson,
507 2288 104 45 inc.,
640 2289 120 39 New
785 2288 144 39 York.
997 2288 250 47 (36-8381)

78 2390 194 65 Gobel,
299 2389 238 66 Hélène,
567 2392 83 52 ed.

77 2479 1969 143 Quelques nouvelles histoires, edited by Hélène Gobel … Boston,
217 2557 138 53 New
382 2558 160 52 York
591 2563 120 62 [etc.]
743 2558 314 68 Houghton
1086 2558 201 52 Mifflin
1315 2577 279 49 company
1665 2561 151 64 [c1936]

148 2631 1921 50 6 p. l., 139 p. incl. front., illus. 20cm. (Half-title: The plateau series,
77 2689 72 39 ed.
177 2688 62 47 by
267 2688 150 40 Jacob
447 2688 298 49 Greenberg)

79 2754 52 52 ©
161 2759 121 39 Mar.
312 2759 68 46 12,
409 2759 114 39 1936;
580 2758 66 41 2c.
678 2760 112 47 Apr.
822 2760 27 38 6;
906 2758 82 42 aff.
1019 2761 112 46 Apr.
1161 2762 27 36 4;
1249 2761 39 38 A
1318 2759 147 42 92759;
1522 2762 61 39 H.
1615 2761 163 47 Gobel,
1809 2760 262 49 Brooklyn.

157 2813 249 52 (36-8426)

80 2919 349 66 Goldsmith,
456 2922 283 52 Norman.

150 3009 119 52 The
304 3009 259 53 Atlantic
596 3009 137 70 City
765 3009 230 54 murder
1028 3014 268 65 mystery,
1328 3011 75 67 by
1435 3011 254 54 Norman
1724 3011 345 56 Goldsmith.

84 3086 133 52 New
245 3086 178 66 York,
452 3087 122 54 The
599 3087 305 69 Macaulay
933 3106 280 50 company
1245 3092 193 64 [c1936]

149 3158 84 42 255
265 3171 44 37 p.
369 3159 115 42 19cm.

81 3226 52 52 ©
158 3232 113 46 Apr.
297 3231 39 47 6,
364 3230 139 48 1936;
530 3231 68 41 2c.
623 3232 114 47 Apr.
765 3233 53 38 11;
875 3232 82 41 aff.
984 3234 113 46 Apr.
1124 3232 81 48 10;
1236 3234 41 38 A
1301 3232 171 48 92915;
1502 3234 259 47 Macaulay
1787 3243 68 31 co.

161 3287 247 48 (36-8383)

83 3389 248 63 Gordon,
364 3392 324 62 Elizabeth,
724 3398 322 51 1866-1922.

151 3467 118 51 The
297 3469 426 57 turned-into’s;
753 3471 147 53 Jane
928 3470 298 52 Elizabeth
1254 3470 281 53 discovers
1563 3471 97 51 the
1687 3470 215 67 garden
1927 3469 144 67 folk,

82 3545 1987 70 by Elizabeth Gordon … illustrated by Janet Laura Scott.
86 3622 135 51 New
259 3624 176 54 York,
471 3625 119 51 The
627 3625 437 53 Wise-Parslow
1102 3644 278 48 company
1463 3629 151 63 [c1935]

157 3694 913 50 5 p. l., 9-113 p. col. illus. 24½cm.
158 3751 284 40 Illustrated
468 3752 350 49 lining-papers
850 3753 50 39 in
931 3754 167 40 colors.

157 3807 290 47 “Suggested
476 3809 150 47 helps,
655 3810 236 47 prepared
919 3810 62 46 by
1009 3810 43 39 J.
1083 3811 147 38 Earle
1254 3808 270 41 Thomson”:
1584 3820 42 38 p.
1661 3809 216 50 [97]-113.

87 3871 52 52 ©
173 3877 119 40 Mar.
327 3876 68 47 29,
431 3877 116 41 1935;
604 3878 67 41 2c.
708 3880 109 39 Jan.
851 3879 40 47 2,
929 3878 138 42 1936;
1106 3879 82 40 aff.
1225 3881 120 38 Mar.
1382 3878 81 43 19:
1502 3880 42 38 A
1576 3878 170 44 92393;
1785 3880 132 40 Wise
1951 3880 123 39 book

159 3943 79 36 co.,
274 3933 88 40 inc.,
412 3935 114 39 New
561 3936 145 39 York.
774 3934 277 50 [Copyright
1087 3936 41 39 is
1164 3934 202 41 claimed
1403 3946 60 29 on
1503 3936 263 47 Suggested
1803 3937 136 46 helps
1977 3936 95 39 and

160 3989 206 39 revision
398 3991 60 47 by
490 3992 42 39 J.
565 3992 148 39 Earle
741 3992 256 48 Thomson]
1069 3991 250 49 (36-8368)
