2519 4377
1024 4052 98 49 361

96 421 358 64 Allingham,
482 422 298 62 Margery.

165 498 120 52 The
309 498 150 52 devil
485 498 110 52 and
621 498 101 51 her
747 516 114 34 son.
939 497 356 54 Conclusion.

174 568 84 48 (In
288 567 251 49 Answers,
576 567 117 42 Feb.
732 568 69 50 15,
842 567 140 50 1936)

95 622 1993 53 © 1c. Apr. 10, 1936; A ad int. 21307; pubd. Feb. 14; Doubleday, Doran
164 683 35 39 &
227 693 81 37 co.,
338 683 104 47 inc.,
473 682 193 40 Garden
697 682 122 47 City,
850 683 54 38 N.
936 683 52 38 Y.

94 784 1991 67 American art annual … Volume 32. For the year 1935.
162 862 398 65 Washington,
590 864 70 50 D.
695 862 80 65 C.,
803 862 121 52 The
953 862 305 52 American
1288 861 322 54 federation
1642 862 62 52 of
1736 867 115 47 arts
1888 866 193 63 [c1936]

165 934 84 41 549
277 945 29 38 p
375 934 102 41 23cm

93 987 52 53 ©
170 992 120 39 Mar.
313 991 69 47 11,
436 991 111 46 1936;
573 992 66 39 2c.
667 992 94 39 and
786 990 81 41 aff.
894 991 121 39 Mar.
1037 990 54 41 13;
1146 991 41 38 A
1210 989 144 42 93178;
1409 990 157 41 Amer.
1590 989 275 42 federation
1891 991 52 39 of
1967 993 120 39 arts.

91 1109 314 54 American
435 1109 212 64 digest.

163 1186 245 54 Current
436 1185 180 67 digest
652 1185 332 67 (American
1014 1185 187 66 digest
1226 1185 236 66 system)
1535 1186 223 53 volume
1788 1189 79 49 15.
1934 1187 151 52 June

94 1267 46 61 1,
166 1267 150 61 1935,
337 1270 59 47 to
420 1263 307 53 December
750 1266 82 62 31,
859 1266 149 49 1935.
1082 1263 55 52 A
1160 1263 185 66 digest
1368 1262 63 54 of
1456 1262 75 53 all
1557 1267 229 48 current
1808 1262 277 54 decisions

92 1340 63 53 of
193 1341 93 52 the
321 1340 303 53 American
663 1343 187 51 courts
888 1359 59 33 as
985 1340 264 66 reported
1287 1339 59 52 in
1385 1340 94 51 the
1517 1340 273 53 National
1830 1345 255 61 reporter

88 1423 210 61 system
336 1418 112 53 and
483 1418 94 52 the
611 1421 145 49 state
792 1421 239 62 reports,
1068 1416 335 67 continuing
1437 1417 94 52 the
1569 1417 184 52 Third
1791 1416 293 54 decennial

90 1492 1994 70 digest … By the publisher’s editorial staff. St. Paul, West
89 1572 334 67 publishing
449 1592 96 45 co.,
574 1575 149 51 1936.

157 1645 80 49 vii,
268 1645 117 41 2372;
414 1657 42 36 p.
515 1645 115 42 26cm.

90 1698 52 53 ©
179 1703 110 40 Feb.
326 1702 69 48 25,
433 1701 140 47 1936;
613 1702 67 39 2c.
720 1703 121 39 Mar.
879 1701 82 46 23;
999 1700 82 41 aff.
1121 1701 121 40 Mar.
1281 1700 81 47 21;
1404 1701 40 39 A
1482 1700 170 47 92508;
1695 1701 133 40 West
1867 1702 109 46 pub.
2016 1714 66 28 co.

88 1844 317 54 American
443 1844 460 68 jurisprudence;
946 1864 32 33 a
1018 1841 458 71 comprehensive
1514 1849 123 49 text
1676 1849 304 50 statement
2019 1845 63 53 of

155 1920 306 54 American
499 1940 122 34 case
659 1921 127 66 law,
825 1939 59 33 as
923 1920 309 68 developed
1272 1920 60 53 in
1370 1921 96 52 the
1505 1938 149 35 cases
1695 1920 112 53 and
158 1925 1900 126 annotations

335 1999 60 52 in
425 1999 96 52 the
550 1998 331 53 Annotated
914 2002 222 64 reports
1166 2002 227 64 system,
1422 1998 172 68 being
1626 2019 30 34 a
1689 1997 300 69 rewriting
2019 1998 65 53 of

157 2075 219 68 Ruling
408 2093 121 35 case
565 2077 110 50 law
709 2080 58 48 to
804 2075 187 53 reflect
1026 2076 95 52 the
1155 2075 236 52 modern
1429 2075 423 69 developments
1888 2076 63 52 of
1989 2077 93 52 the

157 2151 1924 70 law, by the editorial staff of the publishers … Volumes 1-2
317 2230 115 57 San
491 2232 321 66 Francisco,
874 2230 193 69 Calif.,
1128 2231 582 68 Bancroft-Whitney
1770 2251 307 51 company;

156 2311 320 57 Rochester,
504 2310 68 53 N.
603 2312 91 64 Y.,
721 2310 120 53 The
867 2310 267 66 Lawyers
1162 2308 379 69 co-operative
1570 2311 336 67 publishing
155 2330 1901 123 company
340 2390 190 64 [c1936]

153 2460 302 41 2 v . 25½cm.
87 2517 223 39 Editors:
339 2528 42 29 v.
410 2516 97 47 1-2,
536 2517 71 39 W.
635 2516 53 39 A.
719 2516 208 47 Estrich,
955 2516 53 40 G.
1039 2516 44 41 S.
1114 2515 173 41 Gulick
1316 2518 94 38 and
1438 2517 71 40 W.
1540 2517 61 38 M.
1632 2515 286 49 McKinney.

430 2584 106 28 CONTENTS.—v.
568 2571 40 41 1.
637 2573 373 40 Abandonment
1036 2575 47 38 to
1113 2573 382 41 Affidavits.—v.,
1522 2572 44 41 2.
1592 2573 194 48 Agency
1817 2576 47 38 to
1895 2574 184 48 Appeal

82 2630 96 39 and
209 2640 148 37 error,
391 2629 212 48 §§1-244.

85 2682 52 52 ©
170 2687 121 40 Mar.
323 2686 69 47 25,
427 2685 112 41 1936;
599 2686 67 40 2c.
701 2687 117 39 each
851 2687 94 39 and
980 2686 107 40 affs.
1121 2686 112 48 Apr.
1269 2686 28 38 2;
1357 2686 42 39 A
1429 2685 159 49 92722,
1623 2686 142 40 92723;
152 2686 1910 98 Jurisprudence
327 2743 286 48 publishers,
645 2743 105 47 inc.,
784 2744 277 46 Rochester,
1092 2743 56 39 N.
1180 2743 53 38 Y.
1305 2741 249 50 (36-8419)

83 2830 314 57 American
427 2831 500 64 pharmaceutical
955 2831 376 55 association.

154 2908 120 52 The
315 2907 255 53 national
612 2908 337 67 formulary.
1028 2908 95 51 6th
1165 2907 84 53 ed.
1327 2906 272 54 National
1642 2907 321 67 formulary
2068 2950 11 16 VI,

85 2984 67 53 N.
188 2986 63 51 F.
348 3027 10 9 VI.
425 2984 292 69 Prepared
751 2986 74 66 by
859 2986 95 52 the
989 2983 336 57 Committee
1358 3003 72 34 on
1462 2984 256 53 national
1755 2984 321 69 formulary

83 3061 75 67 by
213 3062 292 67 authority
557 3062 63 52 of
670 3063 96 52 the
817 3060 304 54 American
1173 3061 481 69 pharmaceutical
1709 3062 365 66 association;

84 3136 197 55 official
308 3138 154 53 from
486 3139 150 53 June
662 3143 46 64 1,
736 3142 147 51 1936.
943 3138 400 69 Washington,
1368 3141 70 52 D.
1468 3139 81 67 C.,
1575 3140 302 52 American

84 3141 1969 127 pharmaceutical
441 3216 354 66 association,
826 3219 147 50 1935.

150 3285 102 48 viii,
280 3284 86 41 556
388 3296 43 37 p.
491 3286 54 40 23½cm.

85 3326 1733 69 © Dec. 16, 1935; 2c. and aff. Mar. 28, 1936; A 93434; Amer.
153 3350 1906 91 pharmaceutical
382 3413 127 30 assn.
573 3402 250 49 (36-8328)

83 3490 121 51 The
225 3491 314 55 American
563 3512 136 48 year
722 3493 172 67 book;
922 3516 28 33 a
976 3494 195 53 record
1196 3493 63 54 of
1284 3499 190 49 events
1500 3495 112 53 and
1636 3514 280 49 progress,
1939 3514 136 48 year

154 3571 148 51 1935.
378 3571 224 64 Editor,
629 3572 205 53 Albert
861 3572 275 54 Bushnell
1161 3573 170 64 Hart,
1431 3615 10 9 LL.
1507 3617 9 8 D.;
1578 3574 268 52 associate
1873 3574 201 58 editor,

151 3646 257 52 William
434 3648 78 52 M.
545 3648 290 66 Schuyler.
912 3648 212 53 Edited
1151 3649 140 52 with
1320 3650 94 52 the
1443 3650 360 65 cooperation
1833 3651 62 52 of
1925 3670 30 32 a

151 3670 1898 119 supervisory
465 3725 173 52 board
666 3727 391 65 representing
1078 3725 256 54 national
1357 3728 226 51 learned
1610 3726 266 54 societies.
1936 3729 138 52 New

153 3800 177 65 York,
363 3802 119 51 The
517 3802 305 53 American
858 3822 133 46 year
1024 3803 146 52 book
1203 3804 379 66 corporation,
1620 3807 148 50 1936.

154 3861 1084 62 xxii p., 1 l., 915 p. front.’ (port.) 20cm.
85 3922 53 52 ©
169 3928 119 39 Mar.
321 3930 40 45 3,
392 3929 112 40 1936;
566 3929 66 41 2c.
668 3931 121 40 Mar.
823 3931 53 41 13;
940 3931 82 41 aff.
1056 3932 121 40 Mar.
1212 3931 56 39 14;
1330 3932 40 39 A
1403 3930 145 42 93156;
1609 3932 158 40 Amer.
1802 3943 119 38 year
1951 3934 124 40 book

152 3984 317 48 corporation.
