2519 4377
1100 4075 98 49 699

143 431 143 52 New
311 430 179 53 York.
565 429 417 65 Metropolitan
1010 445 268 38 museum
1304 429 63 52 of
1392 432 115 50 art.

273 505 1861 69 … A guide to the collections. part 1. Ancient and oriental
142 590 117 47 art:
286 585 312 66 Egyptian,
623 584 472 67 Mesopotamian,
1120 584 185 54 Greek
1331 584 109 52 and
1468 586 239 64 Roman,
1734 585 115 50 Far
1875 585 261 67 Eastern,

141 663 151 52 Near
321 663 259 64 Eastern,
609 661 239 53 oriental
880 680 202 34 armor.
1148 662 71 51 2d
1249 662 84 52 ed.
1407 662 137 52 New
1574 661 179 66 York,
1784 665 149 50 1936.

210 745 44 37 x,
286 734 57 40 86
368 745 43 38 p.
471 734 127 40 illus.
639 734 132 49 (incl.
802 735 164 47 plans)
1037 734 146 41 21½cm.

210 792 66 40 At
300 792 123 39 head
450 791 52 40 of
527 791 108 40 title:
691 791 102 40 The
819 790 347 48 Metropolitan
1193 800 216 30 museum
1439 790 52 40 of
1517 792 91 38 art.

213 848 146 39 Plans
387 858 62 28 on
473 858 42 37 p.
547 847 53 49 [2]
632 848 96 39 and
760 847 53 49 [3]
842 847 54 40 of
918 858 140 28 cover
1086 847 54 40 of
1165 858 42 31 v.
1237 847 38 40 1.

217 904 159 46 “5,000
402 904 171 47 copies,
605 903 194 48 printed
831 905 181 46 March,
1046 902 155 41 1936.”

213 962 205 40 Preface
444 961 166 48 signed:
669 961 60 40 H.
761 962 51 39 E.
842 958 233 50 Winlock,
1105 960 224 41 director.

144 1028 53 53 ©
231 1034 119 38 Mar.
385 1032 70 47 28,
490 1032 112 40 1936;
667 1032 66 39 2C.
770 1033 95 38 and
897 1031 82 40 aff.
1014 1032 113 47 Apr.
1161 1032 25 39 3;
1253 1032 40 38 A
1328 1030 142 41 92702;
1537 1030 345 47 Metropolitan
1917 1040 220 29 museum

213 1090 52 39 of
297 1091 92 41 art.
461 1087 279 50 (36-11448)

142 1192 224 65 Nicely,
392 1191 220 55 Harold
639 1190 226 66 Elliott,
894 1197 170 50 1900-

213 1269 176 54 What
420 1267 246 69 religion
693 1268 131 53 does
854 1273 58 48 to
941 1285 146 49 men,
1117 1268 73 67 by
1220 1267 226 53 Harold
1478 1266 208 53 Elliott
1717 1266 216 68 Nicely.
2002 1267 136 52 New

144 1347 163 53 York
333 1347 112 52 and
471 1346 258 65 London,
754 1346 233 67 Harper
1012 1347 46 51 &
1081 1346 277 65 brothers,
1386 1348 149 50 1936.

214 1420 28 42 5
269 1431 43 37 p.
372 1449 9 17 l.,
409 1419 58 41 97
492 1431 43 37 p.
591 1418 146 41 19½cm.

216 1476 163 42 “First
409 1474 226 43 edition.”

146 1542 53 52 ©
235 1548 112 46 May
381 1546 69 47 20,
487 1545 139 47 1936;
664 1546 67 40 2c.
771 1547 112 46 May
918 1545 81 47 20;
1038 1544 81 41 aff.
1155 1546 112 47 May
1303 1545 82 47 22;
1425 1546 40 38 A
1501 1546 170 47 95315;
1712 1547 195 48 Harper
1940 1547 37 39 &
2014 1547 124 41 bros.

225 1602 277 49 (36-11252)

143 1706 260 64 Nichols,
432 1706 224 64 Egbert
683 1707 148 64 Ray,
862 1712 170 49 1884-

212 1781 240 53 Modern
492 1781 290 70 debating,
823 1782 73 69 by
938 1781 218 69 Egbert
1198 1781 127 70 Ray
1367 1781 235 54 Nichols
1645 1782 113 53 and
1801 1782 217 68 Joseph
2060 1782 77 53 H.

146 1858 1970 71 Baccus … New York, W. W. Norton & company, inc., [ c 1936]
211 1932 65 49 xi,
303 1933 86 40 432
416 1943 42 38 p.
519 1931 115 41 21cm.

214 1990 162 41 “First
404 1989 226 42 edition.”

215 2047 374 49 “Bibliography
617 2048 53 40 of
696 2047 256 49 debating”:
1011 2058 42 38 p.
1080 2046 218 43 402-425.

148 2114 54 53 ©
236 2120 113 46 May
382 2119 70 47 28,
488 2119 116 40 1936;
665 2118 68 41 2c.
765 2120 130 40 June
924 2118 26 39 2;
1014 2119 81 41 aff.
1134 2120 130 40 June
1293 2120 26 39 3;
1384 2120 41 38 A
1459 2119 148 41 94719;
1668 2121 72 40 W.
1776 2120 70 40 W.
1884 2120 187 39 Norton
2106 2120 36 40 &

217 2186 81 38 co.,
327 2176 91 41 inc.
484 2175 280 50 (36-11259)

147 2280 280 64 Parkhill,
455 2280 241 56 Wilson.

218 2356 1921 70 The Constitution explained, by Wilson Parkhill … New
153 2434 1113 70 York, Noble and Noble, inc. [ c 1936]
219 2506 86 40 viii
334 2517 57 38 p.,
419 2508 24 39 1
494 2538 23 18 l.,
543 2507 85 40 244
655 2518 44 38 p.
759 2508 128 41 illus.
915 2507 135 49 (incl.
1076 2508 175 48 ports.)
1318 2508 146 42 19½cm.

150 2561 52 52 ©
236 2566 113 47 Apr.
385 2565 69 48 30,
489 2564 117 41 1936;
667 2566 68 41 2c.
772 2567 114 46 May
923 2567 53 38 21;
1043 2566 81 41 aff.
1162 2567 113 47 May
1308 2565 58 41 26;
1429 2566 42 39 A
1506 2565 144 41 94588;
1717 2566 150 40 Noble
1905 2566 36 40 &
1978 2567 163 48 Noble,

219 2623 176 47 pubrs.,
427 2622 90 40 inc.
588 2622 279 50 (36-11156)

147 2723 260 65 Perrine,
435 2724 128 53 Van
590 2725 280 63 Dearing,
900 2730 170 50 1869-

217 2799 1924 70 Let the child draw, by Van Dearing Perrine … New York,
150 2876 305 54 Frederick
480 2877 71 54 A.
581 2876 201 57 Stokes
808 2895 298 52 company,
1135 2880 150 52 1936.

219 2950 1432 51 5 p. l. , 88 p. incl. illus., 17 pl. (incl. col. front.) 20cm.
220 3007 248 41 Half-title:
523 3008 74 40 An
622 3010 301 46 experiment
951 3010 50 39 in
1028 3009 189 41 culture
1244 3008 232 48 building.

221 3064 302 49 Descriptive
546 3065 281 48 letterpress
854 3077 59 29 on
939 3076 165 30 versos
1130 3065 166 49 facing
1319 3065 82 42 the
1423 3066 172 48 plates.

218 3121 74 40 An
338 3124 203 39 account
583 3122 53 39 of
678 3123 82 40 the
805 3122 258 41 children’s
1108 3122 125 41 class
1280 3122 48 40 in
1375 3121 222 49 drawing
1640 3124 263 40 conducted
1952 3122 59 48 by
2062 3123 80 40 the

150 3179 177 39 author
352 3180 49 39 in
425 3179 76 40 his
524 3180 163 40 studio
713 3179 48 40 in
789 3179 266 49 Wyoming,
1082 3179 56 40 N.
1165 3180 44 40 J.

154 3233 53 53 ©
243 3239 112 47 May
389 3238 69 49 22,
496 3237 116 41 1936;
674 3237 67 42 2c.
779 3240 95 38 and
907 3238 82 41 aff.
1027 3240 112 47 May
1174 3239 55 40 27;
1297 3239 40 38 A
1372 3238 144 41 95384;
1584 3238 259 41 Frederick
1878 3239 53 39 A.
1976 3239 170 40 Stokes

223 3305 65 30 co.
359 3295 279 48 (36-11444)

153 3397 266 65 Presber,
446 3397 237 65 Rudolf,
715 3403 324 51 1868-1935.

283 3470 1855 71 … Ich gehe durch mein haus; erinnerungen. Stuttgart [etc.]
153 3550 1004 69 Deutsche verlags-anstalt [ c 1935]
223 3621 1719 51 309 p., 1 l. front., illus. (incl. facsims.) plates, ports. 20 ½ cm.
156 3678 1975 108 © Nov. 13, 1935; 1c. Mar. 19, 1936; A-Foreign 30950; Deutsche verlagsanstalt. (36-11101)
156 3841 184 63 Price,
370 3839 235 66 Lucien,
641 3845 170 50 1883-

226 3915 1922 68 We Northmen, by Lucien Price … Boston, Little, Brown,
157 3994 113 51 and
296 4011 295 48 company,
625 3996 151 48 1936.
