2519 4377
1388 4146 102 51 250

414 469 183 55 Bible.
673 471 266 65 English.
1013 471 330 54 Selections.
1419 475 154 50 1936.

486 560 123 54 The
649 560 170 53 Bible
855 565 293 65 treasury;
1191 579 71 35 an
1304 562 315 68 anthology
1657 560 94 53 for
1790 578 325 51 everyman,
2151 560 76 69 by
2267 561 55 53 J.
2364 560 63 56 C.

417 638 206 69 Squire
655 639 113 54 and
798 640 139 53 Rev.
969 639 70 54 A.
1069 640 70 53 E.
1170 639 219 67 Baker;
1422 639 141 54 with
1594 661 31 33 a
1656 638 289 55 foreword
1975 639 75 68 by
2081 638 237 56 Charles
2347 640 81 52 M.

417 718 1588 69 Sheldon ... New York, Grosset & Dunlap [ c 1936]
485 806 85 47 xii,
603 805 86 41 441
720 817 45 38 p.
825 805 56 41 21
885 808 44 22 cm
934 838 9 9 .

416 874 54 54 ©
503 880 122 39 Mar.
659 879 40 48 2,
734 879 140 47 1936;
907 879 67 40 2c.
1010 879 95 40 and
1140 879 83 42 aff.
1258 881 122 39 Mar.
1414 880 54 46 4;
1505 880 39 39 A
1579 878 145 41 92059;
1790 879 202 41 Grosset
2026 880 36 39 &
2097 879 209 47 Dunlap,
2342 878 90 42 inc.

491 936 284 51 [Copyright
803 937 45 40 is
872 937 207 41 claimed
1109 948 58 30 on
1200 936 274 51 Foreword]
1544 936 253 49 (36-7300)

416 1040 215 63 Boone,
656 1042 135 55 Lee.

495 1175 56 9 ...
588 1130 291 56 Scientific
906 1130 205 54 results
1140 1130 64 54 of
1232 1131 95 53 the
1356 1130 182 53 world
1566 1129 182 55 cruise
1778 1130 64 52 of
1872 1130 96 53 the
1996 1129 173 69 yacht
2196 1128 239 68 “Alva,”

420 1211 153 65 1931,
606 1208 260 56 William
901 1209 74 53 K.
1011 1208 364 69 Vanderbilt,
1410 1207 419 70 commanding.
1909 1209 309 53 Crustacea,;
418 1208 1993 147 Anomura,

666 1288 273 53 Мастита
946 1332 11 24 ,
1022 1288 457 68 Euphausiacea,
1542 1288 271 68 Isopoda,
1877 1286 379 70 Amphipoda
2324 1287 111 52 and

421 1366 485 54 Echinodermata;
981 1365 344 55 Asteroidea
1369 1366 113 53 and
1526 1366 376 67 Echinoidea,
1946 1365 74 68 by
2068 1366 112 52 Lee
2225 1365 210 53 Boone.

420 1443 393 70 Huntington,
846 1444 68 53 N.
956 1444 89 67 Y.,
1082 1443 157 54 Priv.
1276 1443 175 69 print.
1495 1444 361 68 [Richmond,
1890 1441 252 56 Whittet
2175 1445 45 50 &
420 1444 1992 146 Shepperson]
679 1525 149 50 1935.

491 1607 1946 51 263, [1] p. illus., 96 pl. 25 cm . (Bulletin of the Vanderbilt marine
420 1676 234 30 museum,
716 1666 92 40 vol.
894 1666 14 46 VI)

493 1736 352 42 “References”
872 1740 53 39 at
950 1740 93 39 end
1067 1739 52 40 of
1145 1739 322 47 descriptions
1495 1739 52 41 of
1571 1741 198 46 species.

423 1808 54 54 ©
511 1814 110 39 Jan.
653 1813 73 48 26,
761 1812 116 42 1936;
939 1814 67 39 2c.
1041 1814 96 39 and
1173 1812 83 41 aff.
1292 1813 111 41 Feb.
1439 1813 57 41 28;
1560 1814 42 39 A
1632 1812 150 42 90997;
1844 1814 51 39 L.
1928 1815 179 47 Boone,
2141 1815 119 39 New
2293 1814 146 41 York.

504 1870 254 49 (36-7242)

423 1975 233 65 Brown,
680 1977 140 52 Mrs.
848 1976 153 54 Cora
1023 1974 217 54 Lovisa
1271 1974 349 65 (Brackett)

503 2110 55 9 ...
615 2066 123 53 The
789 2067 311 67 European
1151 2065 290 55 cookbook
1492 2065 94 54 for
1640 2066 308 53 American
2002 2068 192 55 homes
2258 2067 180 67 (from

427 2144 174 70 Italy,
630 2144 201 68 Spain,
857 2145 282 68 Portugal
1167 2146 114 51 and
1308 2145 246 67 France)
1590 2145 76 68 by
1690 2146 97 52 the
1811 2147 260 65 Browns,
2100 2146 168 67 Cora,
2293 2148 147 52 Rose

425 2222 2006 72 and Bob. New York, Farrar & Rinehart, incorporated [ c 1936 ]
499 2299 63 47 vi,
590 2298 90 42 400
708 2309 43 38 p.
811 2298 119 41 21cm.

499 2356 292 41 Illustrated
824 2358 99 47 t.-p.

427 2425 53 53 ©
510 2429 110 40 Feb.
649 2429 69 47 27,
750 2427 141 44 1936;
924 2428 66 41 2c.
1023 2429 111 40 Feb.
1165 2428 82 42 29;
1282 2428 82 40 aff.
1397 2428 111 40 Feb.
1539 2428 83 46 28;
1656 2429 39 38 A
1726 2427 149 41 92045;
1933 2428 124 41 Cora
2091 2430 192 43 Brown,
2316 2430 128 40 Rose

499 2487 193 46 Brown,
720 2487 97 39 and
844 2486 181 40 Robert
1054 2485 202 41 Carlton
1284 2486 191 47 Brown,
1504 2486 117 38 New
1649 2485 146 41 York.
1862 2484 253 50 (36-7331)

426 2589 183 62 Buck,
637 2593 140 50 Mrs.
806 2590 173 53 Pearl
1010 2589 518 66 (Sydenstricker)
1566 2594 171 50 1892-

499 2682 122 52 The
669 2680 164 68 exile,
880 2681 76 67 by
1002 2681 173 53 Pearl
1226 2681 55 54 S.
1331 2680 163 53 Buck
1547 2725 55 9 ...
1709 2681 140 53 New
1899 2681 181 66 York,
2129 2681 222 66 Reynal
2398 2685 44 49 &

428 2760 551 67 Hitchcock [ c 1936]
499 2832 618 51 3 p. l., [9]-315 p. 22cm.
431 2903 53 54 ©
516 2906 110 40 Feb.
659 2905 39 47 6,
731 2904 114 41 1936;
906 2904 68 40 2c.
1008 2903 111 41 Feb.
1152 2904 58 40 10;
1265 2903 83 41 aff.
1384 2903 109 41 Feb.
1527 2904 25 39 7;
1612 2903 41 39 A
1684 2902 149 40 91662;
1893 2904 143 39 Pearl
2074 2901 371 50 Sydenstricker

502 2964 138 39 Buck
672 2963 184 46 Walsh,
890 2962 252 47 Hilltown,
1176 2961 83 40 Pa.

429 3067 330 62 Buckham,
786 3066 155 53 John
970 3065 260 64 Wright,
1261 3070 172 50 1864-

506 3170 387 69 Christianity
927 3171 113 53 and
1074 3166 371 72 personality,
1476 3169 75 67 by
1584 3168 157 55 John
1774 3168 237 68 Wright
2045 3168 295 54 Buckham
2384 3211 54 8 ...

434 3252 141 54 New
603 3250 183 68 York,
810 3249 210 53 Round
1047 3248 155 55 table
1228 3267 174 49 press,
1430 3245 126 68 inc.,
1587 3249 149 51 1936.

498 3325 66 48 xi,
594 3325 88 40 192
707 3336 42 37 p.
809 3323 59 41 20
868 3326 16 21 cm
917 3354 8 9 .

426 3391 54 54 ©
504 3396 111 40 Feb.
639 3395 69 47 19,
734 3393 115 42 1936;
900 3393 67 41 2c.
993 3394 122 39 Mar.
1137 3393 26 38 2;
1218 3391 82 42 aff.
1326 3392 110 40 Feb.
1460 3391 59 40 28;
1569 3391 40 39 A
1632 3390 144 41 92048;
1832 3390 173 40 Round
2033 3391 133 40 table
2187 3400 149 37 press,
2357 3388 89 41 inc.

513 3453 253 48 (36-7347)

432 3556 304 64 Buissink,
765 3557 64 54 P.
859 3557 53 54 J.

507 3647 291 68 Frequent
845 3645 269 70 journeys
1163 3650 59 47 to
1270 3642 282 69 Calvary;
1604 3660 81 48 or,
1734 3639 249 55 Various
2031 3639 271 54 exercises
2352 3639 94 53 for

433 3725 98 55 the
564 3743 128 51 way
726 3724 64 54 of
823 3724 97 53 the
954 3741 167 50 cross,
1155 3722 76 70 by
1263 3723 140 52 Rev.
1439 3722 64 51 P.
1539 3720 56 55 J.
1630 3718 277 55 Buissink
1946 3761 57 10 ...
2043 3718 140 54 with
436 3719 1985 137 supplement

639 3803 64 53 of
748 3802 216 54 several
1012 3802 249 69 popular
1308 3800 198 53 forms.
1624 3803 53 49 1st
1721 3797 308 54 American
2075 3797 87 53 ed.
2245 3797 201 55 Grand

434 3881 244 70 Rapids,
703 3880 195 69 Mich.,
925 3881 68 53 F.
1020 3879 76 53 H.
1125 3878 309 70 McGough
1461 3881 46 49 &
1532 3895 119 50 son,
1680 3880 152 49 1935.

506 3957 86 42 149
625 3967 44 38 p.
730 3953 117 43 22cm.

437 4023 53 53 ©
523 4029 119 37 Mar.
676 4026 69 47 15,
777 4025 114 41 1935;
951 4025 67 41 2c.
1051 4026 119 47 Aug.
1204 4023 82 48 29;
1321 4024 82 41 aff.
1435 4024 119 40 Nov.
1584 4022 52 47 6;
1672 4023 39 38 A
1744 4021 169 47 89457;
1950 4021 52 39 F.
2036 4021 59 39 H.
2131 4019 249 46 McGough
2412 4019 37 40 &

507 4095 101 30 son.
673 4082 252 44 (36-7302)
