2519 4377
1359 4116 99 50 534

462 518 69 48 62,
564 519 55 49 [1]
647 529 45 37 p.
749 517 129 42 illus.
934 518 57 41 17
994 519 44 22 cm
1041 549 10 10 .

391 584 55 53 ©
478 589 114 47 Apr.
628 589 68 48 15,
732 588 141 49 1936;
909 589 68 42 2c.
1012 591 96 39 and
1143 590 82 41 aff.
1260 591 114 48 Apr.
1409 589 83 46 30;
1530 590 40 39 A
1601 589 172 43 93940;
1812 591 155 46 Rand,
2007 591 223 48 McNally
2267 591 37 40 &
2336 601 68 31 co.

472 645 254 50 (36-9631)

391 752 192 63 Drew,
612 750 233 55 Gilman
874 752 252 63 Arthur,
1158 758 327 50 1868-1934.

464 840 55 52 A
547 841 331 68 laboratory
908 842 233 51 manual
1171 840 64 53 of
1263 840 383 53 invertebrate
1675 840 258 69 zoology,
1961 840 77 68 by
2069 839 233 54 Gilman
2332 841 70 52 A.

395 917 2007 70 Drew … revised by James A. Dawson … and Leonard P.
397 995 2006 71 Sayles … 5th ed., reset. Philadelphia and London, W. B.
397 1075 291 55 Saunders
725 1094 299 49 company,
1062 1078 149 51 1936.

464 1146 600 49 1 p. l., 5-276 p. 20 cm .
466 1205 226 39 Includes
725 1204 395 48 bibliographies.

394 1275 53 52 ©
483 1279 113 47 Apr.
635 1278 70 49 16,
743 1277 141 48 1936;
920 1277 68 42 2c.
1027 1279 95 39 and
1161 1277 81 41 aff.
1281 1277 114 49 Apr.
1432 1277 83 46 20;
1555 1278 42 38 A
1633 1276 172 49 94065;
1846 1279 71 41 W.
1957 1279 55 39 B.
2055 1279 246 39 Saunders
2339 1289 69 30 co.

473 1334 253 50 (36-9672)

392 1441 245 64 Dumas,
670 1439 357 65 Alexandre,
1063 1443 326 52 1802-1870.

525 1528 1886 69 … Chicot ambassadeur; episodes from “Les quarante-cinq”,
392 1609 209 68 edited,
634 1607 140 55 with
810 1606 410 67 introduction,
1252 1615 159 47 notes
1446 1606 112 54 and
1593 1607 366 69 vocabulary,
1993 1607 73 70 by
2100 1607 204 70 Henry
2337 1608 71 55 A.

392 1683 1517 71 Grubbs … New York, F. S. Crofts & co., 1936.
464 1775 77 36 xv,
570 1763 90 40 225
685 1774 42 37 p.
785 1762 128 42 illus.
944 1761 161 49 (map)
1170 1761 58 41 19
1229 1764 43 21 cm
1279 1795 8 7 .

454 1821 120 38 “Les
597 1818 400 50 quarante-cinq”
1020 1829 102 30 was
1146 1817 197 43 written
1366 1818 49 39 in
1439 1818 352 41 collaboration
1816 1818 118 41 with
1956 1816 220 49 Auguste
2199 1818 212 48 Maquet.

466 1876 379 49 Bibliography:
878 1887 44 38 p.
948 1875 194 41 xiv-xv.

396 1944 52 53 ©
473 1948 114 48 Apr.
613 1947 71 48 30,
710 1946 142 48 1936;
879 1945 67 42 2c.
974 1947 114 47 May
1112 1947 54 45 4;
1196 1945 83 41 aff.
1306 1947 114 46 May
1446 1946 53 46 2;
1530 1947 39 38 A
1593 1946 172 47 94267;
1797 1946 51 43 F.
1879 1946 44 41 S.
1952 1947 167 40 Crofts
2148 1947 34 40 &
2209 1957 82 37 co.,
2318 1948 92 40 inc.

469 2004 286 50 [Copyright
784 2004 41 40 is
858 2003 205 41 claimed
1097 2014 60 29 on
1192 2013 105 29 new
1332 2003 243 50 material]
1650 2002 252 51 (36-9729)

526 2106 1885 69 … Les trois mousquetaires; extrait des Trois mousquetaires
394 2184 2017 69 d’Alexandre Dumas; edited by Harry Vincent Wann … and
395 2263 2016 72 Mary Olga Peters … Philadelphia, Chicago [etc.] The John
396 2344 62 55 C.
489 2344 270 55 Winston
791 2361 282 50 company
1107 2378 13 33 [
1125 2351 18 21 c
1149 2347 133 49 1936
1288 2377 12 34 ]

467 2419 88 41 279
582 2430 42 37 p.
655 2418 112 41 incl.
795 2418 165 49 front.,
991 2418 143 48 illus.,
1163 2428 125 38 map.
1349 2418 53 40 16
1406 2420 43 20 cm
1454 2450 8 8 .
1530 2418 127 47 (The
1685 2418 224 41 Winston
1941 2420 200 39 modern
2172 2420 239 48 language

396 2475 177 50 series)

399 2542 52 53 ©
480 2547 114 47 Apr.
625 2547 69 47 15,
725 2544 141 48 1936;
898 2544 68 42 2c.
994 2546 113 47 May
1139 2545 52 46 1;
1225 2544 81 41 aff.
1338 2545 114 47 May
1482 2545 53 46 2;
1568 2546 40 38 A
1639 2544 172 48 94248;
1845 2547 129 39 John
2007 2547 49 41 C.
2087 2547 225 40 Winston
2343 2558 67 30 co.

477 2603 253 50 (36-9731)

397 2708 252 65 Dunlap,
681 2707 252 66 Knight,
965 2710 171 53 1875-

472 2798 1938 70 Elements of psychology, by Knight Dunlap … with 65
402 2877 396 55 illustrations.
877 2877 83 57 St.
996 2878 191 68 Louis,
1222 2879 123 53 The
1380 2878 62 56 C.
1480 2879 67 55 V.
1584 2878 207 70 Mosby
1822 2896 300 52 company,
2158 2883 149 52 1936.

471 2952 88 41 499
584 2964 43 38 p.
654 2952 112 41 incl.
794 2952 165 49 front.,
990 2952 144 55 illjis.,
1164 2952 179 48 diagrs.
1405 2952 56 39 22½cm.

476 3011 129 39 “The
635 3011 196 47 present
861 3009 191 41 volume
1083 3009 42 39 is
1154 3010 82 40 the
1267 3010 153 40 result
1448 3010 52 40 of
1527 3010 138 40 labor
1693 3011 305 39 commenced
2029 3009 91 41 five
2150 3021 141 37 years
2323 3021 90 38 ago

405 3066 118 41 with
564 3067 81 40 the
686 3066 241 41 intention
966 3066 52 41 of
1056 3067 214 48 revising
1307 3078 78 37 my
1427 3068 261 40 ‘Elements
1726 3067 53 40 of
1815 3067 237 41 scientific
2092 3068 321 48 psychology’,

405 3124 255 49 published
699 3124 50 40 in
788 3123 129 42 1922.
977 3124 103 40 The
1118 3125 168 48 result,
1325 3126 236 47 however,
1600 3126 40 39 is
1679 3136 26 29 a
1745 3125 123 40 book
1906 3125 160 40 which
2103 3126 42 39 is
2183 3125 49 39 in
2268 3135 145 38 many

405 3183 212 47 respects
647 3191 121 38 new,
799 3181 235 48 although
1067 3182 81 40 the
1179 3182 184 40 former
1393 3185 104 38 text
1527 3183 90 39 has
1647 3182 118 41 been
1793 3182 157 49 freely
1983 3183 168 40 drawn
2183 3181 232 50 upon.”—

406 3239 127 43 Pref.

477 3296 350 42 “References”
852 3298 53 38 at
930 3297 91 39 end
1049 3296 52 40 of
1125 3298 119 39 each
1273 3298 202 47 chapter
1499 3299 170 46 except
1695 3298 201 47 chapter
1925 3309 40 29 v.

403 3364 52 53 ©
488 3369 114 48 Apr.
638 3369 68 47 15,
743 3367 139 48 1936;
920 3367 67 41 2c.
1023 3368 113 48 Apr.
1171 3367 82 42 22;
1291 3368 82 41 aff.
1409 3368 114 48 Apr.
1561 3369 82 45 18;
1682 3369 39 38 A
1756 3367 172 43 94099;
1966 3368 51 43 C.
2053 3369 54 40 V.
2144 3368 168 47 Mosby
2346 3378 67 29 co.

482 3425 253 48 (36-9640)

405 3530 297 63 Efīmova,
730 3531 157 54 Nīna
1044 3528 248 56 I͡Akovlevna
1324 3530 438 65 (Sīmonovīch)
1802 3533 172 54 1877-

534 3620 1878 70 … Adventures of a Russian puppet theatre, including its
404 3701 339 53 discoveries
770 3701 58 51 in
855 3700 237 69 making
1117 3701 112 51 and
1260 3699 361 70 performing
1645 3699 137 54 with
1810 3701 451 67 hand-puppets,
408 3700 1980 146 rod-puppets

688 3779 112 52 and
833 3777 487 69 shadow-figures,
1352 3797 125 34 now
1516 3779 276 53 disclosed
1829 3778 92 54 for
1956 3779 105 67 all;
2099 3779 311 53 translated

407 3857 70 67 by
526 3857 181 52 Elena
753 3856 242 53 Mitcoif.
1076 3856 420 69 Birmingham,
1542 3857 194 64 Mich.,
1782 3858 300 67 Puppetry
2132 3857 284 67 imprints,

408 3938 149 50 1935.

478 4008 87 41 199
593 4020 41 37 p.
667 4008 108 42 incl.
805 4009 166 48 front.,
999 4009 128 41 illus.
1156 4008 135 47 (incl.
1322 4009 175 49 ports.)
1560 4010 57 39 22
1621 4012 43 21 cm
1670 4041 9 9 .
