2519 4377
1012 4112 131 49 1169

134 550 88 40 196
245 560 43 38 p.
344 548 117 40 fold.
491 557 124 38 map.
675 547 58 39 22½cm.

67 603 52 53 ©
148 608 109 39 Jan.
287 606 69 46 14,
387 603 140 48 1936;
559 604 67 40 2c.
659 604 110 40 Jan.
799 602 82 47 22;
915 602 82 41 aff.
1029 602 110 40 Feb.
1170 602 83 46 14;
1287 601 41 39 A
1356 600 171 46 91381;
1562 599 55 40 U.
1648 599 52 39 T.
1733 597 214 49 Holmes,
1980 596 77 47 jr.,

139 663 179 47 Ohapel
343 661 117 48 Hill,
485 661 55 39 N.
567 661 63 47 C.,
656 660 97 39 and
776 659 276 40 Alexander
1074 659 60 39 H.
1166 657 190 48 Schütz,
1383 655 275 47 Columbus,
1685 654 51 41 O.

63 762 250 64 Huxley,
342 761 197 55 Julian
570 761 202 61 Sorell,
803 763 170 53 1887-

136 829 1861 76 More simple science: earth and man [by] Julian Huxley …
67 908 1989 72 and E. N. da C. Andrade … with drawings by L. R. Bright-
70 996 121 50 well
226 993 112 52 and
373 992 340 55 Comerford
745 991 254 54 Watson.
1074 990 139 53 New
1246 990 179 67 York,
1458 988 258 66 London,
1748 987 233 68 Harper
2014 987 45 50 &

68 1071 257 52 brothers
542 1103 12 33 [c1936]

137 1138 890 51 5 p. l., 352 p. illus., diagrs. 20½cm.
69 1196 52 53 ©
149 1201 119 47 Aug.
299 1201 69 46 17,
397 1199 139 48 1936;
567 1198 68 41 2c.
665 1199 120 48 Aug.
816 1199 81 46 17;
930 1198 83 41 aff.
1042 1199 120 46 Aug.
1194 1197 81 47 19;
1308 1198 40 38 A
1380 1196 143 41 97465;
1584 1197 43 41 J.
1662 1196 45 41 S.
1739 1195 195 46 Huxley
1965 1194 97 40 and

139 1257 207 39 Edward
372 1256 187 40 Neville
582 1256 60 38 da
669 1255 146 42 Costa
841 1254 241 48 Andrade,
1106 1254 211 40 London.
1381 1252 280 49 (36-18725)

65 1361 304 63 Jackman,
397 1361 146 53 Paul
570 1361 67 55 E.

140 1437 227 55 Success
395 1437 251 68 through
673 1434 411 69 handwriting,
1108 1434 77 68 by
1210 1433 148 54 Paul
1386 1433 70 53 E.
1484 1432 300 66 Jackman,
1812 1432 160 53 John
1997 1431 65 53 T.

69 1515 199 53 Wentz
302 1515 112 51 and
446 1515 188 51 Booth
667 1515 67 52 B.
767 1512 315 56 Goodman.
1151 1511 285 67 Oakland,
1469 1509 195 67 Calif.,
1696 1509 273 53 Institute
2003 1508 61 54 of

68 1592 258 69 personal
359 1592 395 70 development
790 1626 12 34 [
806 1597 19 23 c
830 1594 134 51 1936]

139 1664 959 51 7 p. l., 3-81 p. illus., diagr. 20½ cm .
71 1719 52 53 ©
155 1724 118 46 Aug.
307 1723 69 46 17,
410 1721 141 50 1936;
586 1723 66 41 2c.
689 1723 95 40 and
818 1722 81 42 aff.
934 1723 119 45 Aug.
1086 1720 83 48 22;
1206 1723 39 38 A
1278 1721 170 47 97514;
1488 1720 233 39 Institute
1755 1719 52 39 of
1839 1719 227 48 personal

139 1780 345 47 development.
549 1779 280 51 (36-18690)

68 1884 162 62 Jacy,
260 1882 280 63 Stephen.

142 1955 1866 72 Gold prospecting (quartz and placer) by Stephen Jacy …
74 2037 70 52 2d
170 2037 102 54 ed.,
299 2054 111 34 rev.
437 2037 113 53 and
577 2037 106 52 enl.
744 2037 56 52 A
824 2035 275 69 practical
1137 2034 472 70 (non-technical)
1644 2034 132 53 field
1802 2034 147 53 book
1976 2033 93 54 for

75 2114 294 68 beginners
401 2132 59 36 as
492 2114 126 53 well
650 2133 60 34 as
738 2114 96 53 the
863 2132 154 35 more
1048 2114 366 68 experienced
1445 2113 143 53 class
1619 2112 62 54 of
1712 2120 357 61 prospectors

133 2190 1765 72 … [Portland, Or., Printed by Ryder printing co., c 1936]
145 2266 83 39 244
263 2278 42 36 p.
371 2266 127 42 illus.
562 2268 54 39 15½cm.

77 2318 52 52 ©
163 2323 119 47 Aug.
318 2323 68 47 18,
421 2323 141 48 1936;
598 2324 67 39 2c.
701 2324 118 47 Aug.
855 2323 82 48 24;
975 2323 80 39 aff.
1095 2323 126 48 Sept.
1258 2324 81 47 24;
1377 2325 41 38 A
1453 2322 170 49 98094;
1664 2323 138 47 Gyda
1836 2324 59 40 K.
1932 2324 136 48 Jacy,

144 2380 248 47 Portland,
422 2381 80 41 Or.
568 2380 279 48 (36-18508)

70 2483 282 64 Johnson,
384 2486 226 63 George
641 2485 68 52 E.
739 2484 85 64 Q.,
855 2486 171 53 1874-

143 2559 377 70 Bankruptcy
587 2560 423 69 organization;
1078 2559 300 70 including
1445 2560 211 53 section
1723 2560 140 68 77B,
1930 2560 140 54 with

76 2637 205 67 forms;
311 2657 31 34 a
369 2638 276 69 practical
674 2636 260 71 working
958 2638 231 54 treatise
1214 2638 225 69 tracing
1464 2640 95 53 the
1585 2639 396 68 development
2007 2638 64 54 of

73 2715 193 68 equity
306 2715 379 70 receivership
728 2717 149 54 rules
918 2717 62 52 in
1020 2716 221 53 federal
1282 2721 187 49 courts
1509 2723 59 48 to
1609 2717 94 53 the
1744 2736 222 50 merger
2007 2717 64 54 of

76 2792 452 69 reorganization
563 2794 311 69 principles
910 2793 139 54 with
1082 2794 363 69 bankruptcy
1479 2795 309 68 procedure
77 2796 1970 144 embracing

221 2876 313 64 corporate,
579 2872 273 68 railroad,
900 2873 111 53 and
1060 2876 116 51 real
1224 2878 175 49 estate
1445 2875 504 68 reorganizations,
1995 2874 76 70 by

76 2948 1994 72 George E. Q. Johnson … assisted by the publishers’ editorial
75 3025 148 54 staff.
287 3027 225 54 Kansas
542 3028 154 69 City,
724 3029 133 66 Mo.,
885 3030 231 53 Yernon
1143 3032 110 51 law
1279 3030 147 53 book
1454 3048 307 51 company;
1794 3031 81 55 St.
1905 3032 167 66 Paul,

78 3103 196 68 Minn.,
300 3105 162 55 West
486 3107 337 69 publishing
849 3127 78 34 co.
962 3141 12 34 [
979 3113 18 22 c
1002 3111 151 63 1936]

144 3188 43 36 v,
216 3177 114 40 1086
357 3188 46 38 p.
460 3177 54 43 25
518 3182 44 21 cm
567 3212 8 8 .

80 3229 52 53 ©
157 3234 116 46 July
299 3234 69 47 20,
399 3234 139 43 1936;
569 3236 66 39 2c.
664 3237 96 39 and
788 3237 83 41 aff.
899 3238 119 46 Aug.
1044 3238 84 46 17;
1159 3239 40 38 A
1226 3236 171 50 96970;
1427 3239 136 40 West
1589 3238 110 48 pub.
1728 3249 67 31 co.

159 3290 280 45 (36-18771)

76 3393 154 64 Just,
255 3394 87 55 W.
370 3394 88 65 E.,
484 3397 193 64 pseud.

208 3469 1864 72 … Sozialer individualismus, der weg zum sozialen frieden.
78 3548 208 66 Praha,
308 3548 71 53 A.
406 3550 291 68 Fokorny,
724 3555 150 50 1936.

147 3619 430 48 49 p., 1 l. 21 cm .
82 3672 1992 57 © Feb. 4, 1936; 1c. Feb. 17; A-Foreign 30808; Bruno Deimel, Prague,
151 3732 421 43 Czechoslovakia.
637 3736 280 48 (36-18746)

80 3835 300 65 Kennedy,
406 3836 223 65 Joseph
653 3838 260 65 Patrick,
943 3845 170 49 1888-

153 3910 105 52 I’m
307 3911 94 51 for
446 3911 303 57 Roosevelt
800 3915 109 67 [by]
961 3914 216 68 Joseph
1225 3914 64 54 P.
1337 3915 297 67 Kennedy.
1710 3914 136 53 New
1894 3915 180 68 York,

84 3987 219 67 Reynal
334 3989 44 49 &
407 3987 323 56 Hitchcock
942 4023 14 34 [c1936]
