<alto xmlns="http://www.loc.gov/standards/alto/ns-v3#" xmlns:xsi="http://www.w3.org/2001/XMLSchema-instance" xsi:schemaLocation="http://www.loc.gov/standards/alto/ns-v3# http://www.loc.gov/alto/v3/alto-3-0.xsd"><Description>
<MeasurementUnit>pixel</MeasurementUnit>
<sourceImageInformation>
<fileName>1936_v33_Part1.pdf</fileName>
</sourceImageInformation>
<OCRProcessing ID="IdOcr">
<ocrProcessingStep>
<processingDateTime>2019-01-18</processingDateTime>
<processingSoftware>
<softwareCreator>ABBYY</softwareCreator>
<softwareName>ABBYY Recognition Server</softwareName>
<softwareVersion>4.0</softwareVersion>
</processingSoftware>
</ocrProcessingStep>
</OCRProcessing>
</Description>
<Styles>
<ParagraphStyle ALIGN="Left" FIRSTLINE="0." ID="StyleId-FFFFFFFF-FFFF-FFFF-FFFF-FFFFFFFFFFFF-" LEFT="0." RIGHT="0." />
<ParagraphStyle ALIGN="Left" FIRSTLINE="0." ID="StyleId-51D50FAC-7A90-4D70-8A96-5EA9D46D1C8B-" LEFT="0." LINESPACE="7.699999809" RIGHT="0." />
<ParagraphStyle ALIGN="Block" FIRSTLINE="-17." ID="StyleId-6BC133E9-7DCB-43C3-8842-A67984A26405-" LEFT="0." LINESPACE="8.340000153" RIGHT="0." />
<ParagraphStyle ALIGN="Left" FIRSTLINE="-13." ID="StyleId-3C3FF860-43E7-46A2-8934-48F305F6F0D6-" LEFT="0." LINESPACE="11.06999969" RIGHT="0." />
<ParagraphStyle ALIGN="Block" FIRSTLINE="-13." ID="StyleId-19220C76-4F8A-4737-B38C-B5F5C17E6040-" LEFT="0." LINESPACE="11.06999969" RIGHT="0." />
<ParagraphStyle ALIGN="Left" FIRSTLINE="0." ID="StyleId-75A0D721-13ED-4F20-9002-B389EC48477D-" LEFT="0." LINESPACE="15.5" RIGHT="0." />
<ParagraphStyle ALIGN="Left" FIRSTLINE="0." ID="StyleId-8A414184-C7A5-4AC7-9B88-7DA4DDE75922-" LEFT="0." LINESPACE="9.399999619" RIGHT="0." />
<ParagraphStyle ALIGN="Left" FIRSTLINE="0." ID="StyleId-1A87970B-111C-4169-99A6-9412976F3C97-" LEFT="0." LINESPACE="10.5" RIGHT="0." />
<ParagraphStyle ALIGN="Block" FIRSTLINE="-17." ID="StyleId-72DB0571-5AE4-41FD-9E11-68C6AC4C437E-" LEFT="0." LINESPACE="8.340000153" RIGHT="0." />
<ParagraphStyle ALIGN="Center" FIRSTLINE="0." ID="StyleId-1AA43056-C388-4697-B10F-72FDAA38FAE1-" LEFT="0." LINESPACE="10.5" RIGHT="0." />
</Styles>
<Layout>
<Page HEIGHT="4377" ID="Page85" PHYSICAL_IMG_NR="85" WIDTH="2519">
<TopMargin HEIGHT="400" HPOS="0" VPOS="0" WIDTH="2519">
</TopMargin>
<LeftMargin HEIGHT="3594" HPOS="0" VPOS="400" WIDTH="54">
</LeftMargin>
<RightMargin HEIGHT="3594" HPOS="2080" VPOS="400" WIDTH="439">
</RightMargin>
<BottomMargin HEIGHT="383" HPOS="0" VPOS="3994" WIDTH="2519">
<TextBlock HEIGHT="70" HPOS="1016" ID="Page85_Block1" LANG="en-US" STYLEREFS="StyleId-47E1E1F3-9B05-4EC1-9198-0F75D881D4F7-" VPOS="4028" WIDTH="82">
<TextLine HEIGHT="49" HPOS="1025" VPOS="4039" WIDTH="62">
<String CONTENT="85" HEIGHT="49" HPOS="1025" VPOS="4039" WIDTH="62" />
</TextLine>
</TextBlock>
</BottomMargin>
<PrintSpace HEIGHT="3594" HPOS="54" VPOS="400" WIDTH="2026">
<TextBlock CS="1" HEIGHT="3594" HPOS="54" ID="Page85_Block2" LANG="en-US" STYLEREFS="StyleId-E6450690-90AF-4E10-9CDB-E090718E14A9-" VPOS="400" WIDTH="2026">
<TextLine HEIGHT="64" HPOS="72" LANG="de" STYLEREFS="StyleId-900EB21B-B380-411D-86BF-6171EA9162FA-" VPOS="410" WIDTH="631">
<String CONTENT="Robinson," HEIGHT="64" HPOS="72" VPOS="410" WIDTH="316" />
<SP HEIGHT="64" HPOS="389" VPOS="410" WIDTH="29" />
<String CONTENT="Gregory." HEIGHT="63" HPOS="419" VPOS="410" WIDTH="284" />
</TextLine>
<TextLine CS="1" HEIGHT="148" HPOS="72" STYLEREFS="StyleId-56C444DA-25A1-41B5-8910-0CA74422B820-" VPOS="482" WIDTH="1970">
<String CONTENT="Ships" HEIGHT="69" HPOS="145" VPOS="484" WIDTH="173" />
<SP HEIGHT="47" HPOS="319" VPOS="491" WIDTH="30" />
<String CONTENT="that" HEIGHT="53" HPOS="350" VPOS="485" WIDTH="126" />
<SP HEIGHT="52" HPOS="477" VPOS="485" WIDTH="28" />
<String CONTENT="have" HEIGHT="52" HPOS="506" VPOS="485" WIDTH="144" />
<SP HEIGHT="34" HPOS="651" VPOS="503" WIDTH="32" />
<String CONTENT="made" HEIGHT="54" HPOS="684" VPOS="483" WIDTH="164" />
<SP HEIGHT="53" HPOS="849" VPOS="484" WIDTH="30" />
<String CONTENT="history," HEIGHT="69" HPOS="880" VPOS="483" WIDTH="238" />
<SP HEIGHT="67" HPOS="1119" VPOS="484" WIDTH="31" />
<String CONTENT="by" HEIGHT="68" HPOS="1151" VPOS="484" WIDTH="75" />
<SP HEIGHT="69" HPOS="1227" VPOS="483" WIDTH="31" />
<String CONTENT="Gregory" HEIGHT="69" HPOS="1259" VPOS="483" WIDTH="260" />
<SP HEIGHT="67" HPOS="1520" VPOS="484" WIDTH="30" />
<String CONTENT="Robinson;" HEIGHT="68" HPOS="1551" VPOS="482" WIDTH="320" />
<SP HEIGHT="66" HPOS="1872" VPOS="484" WIDTH="36" />
<String CONTENT="illustrated" HEIGHT="131" HPOS="72" VPOS="484" WIDTH="1970" />
<SP HEIGHT="52" HPOS="259" VPOS="563" WIDTH="24" />
<String CONTENT="with" HEIGHT="52" HPOS="284" VPOS="563" WIDTH="140" />
<SP HEIGHT="66" HPOS="425" VPOS="564" WIDTH="23" />
<String CONTENT="paintings" HEIGHT="68" HPOS="449" VPOS="562" WIDTH="295" />
<SP HEIGHT="36" HPOS="745" VPOS="578" WIDTH="25" />
<String CONTENT="and" HEIGHT="52" HPOS="771" VPOS="560" WIDTH="111" />
</TextLine>
<TextLine HEIGHT="69" HPOS="908" STYLEREFS="StyleId-56C444DA-25A1-41B5-8910-0CA74422B820-" VPOS="561" WIDTH="1159">
<String CONTENT="drawings" HEIGHT="68" HPOS="908" VPOS="561" WIDTH="288" />
<SP HEIGHT="53" HPOS="1197" VPOS="561" WIDTH="24" />
<String CONTENT="by" HEIGHT="68" HPOS="1222" VPOS="561" WIDTH="73" />
<SP HEIGHT="62" HPOS="1296" VPOS="567" WIDTH="23" />
<String CONTENT="the" HEIGHT="52" HPOS="1320" VPOS="562" WIDTH="93" />
<SP HEIGHT="34" HPOS="1414" VPOS="580" WIDTH="25" />
<String CONTENT="author." HEIGHT="52" HPOS="1440" VPOS="562" WIDTH="221" />
<SP HEIGHT="52" HPOS="1662" VPOS="562" WIDTH="59" />
<String CONTENT="New" HEIGHT="52" HPOS="1722" VPOS="562" WIDTH="138" />
<SP HEIGHT="52" HPOS="1861" VPOS="562" WIDTH="25" />
<String CONTENT="York," HEIGHT="68" HPOS="1887" VPOS="562" WIDTH="180" />
</TextLine>
<TextLine HEIGHT="68" HPOS="74" STYLEREFS="StyleId-56C444DA-25A1-41B5-8910-0CA74422B820-" VPOS="640" WIDTH="922">
<String CONTENT="Kennedy" HEIGHT="67" HPOS="74" VPOS="641" WIDTH="277" />
<SP HEIGHT="68" HPOS="352" VPOS="640" WIDTH="29" />
<String CONTENT="brothers," HEIGHT="65" HPOS="382" VPOS="640" WIDTH="276" />
<SP HEIGHT="65" HPOS="659" VPOS="640" WIDTH="27" />
<String CONTENT="inc.," HEIGHT="64" HPOS="687" VPOS="640" WIDTH="127" />
<SP HEIGHT="62" HPOS="815" VPOS="642" WIDTH="30" />
<String CONTENT="1936." HEIGHT="50" HPOS="846" VPOS="642" WIDTH="150" />
</TextLine>
<TextLine CS="1" HEIGHT="51" HPOS="142" VPOS="711" WIDTH="1424">
<String CONTENT="vi" HEIGHT="39" HPOS="142" VPOS="713" WIDTH="50" />
<SP HEIGHT="49" HPOS="193" VPOS="713" WIDTH="24" />
<String CONTENT="p.," HEIGHT="38" HPOS="218" VPOS="724" WIDTH="59" />
<SP HEIGHT="47" HPOS="278" VPOS="715" WIDTH="30" />
<String CONTENT="1" HEIGHT="38" HPOS="309" VPOS="715" WIDTH="24" />
<SP />
<String CONTENT="l.," CS="1" HEIGHT="14" HPOS="399" VPOS="744" WIDTH="9" />
<SP HEIGHT="44" HPOS="409" VPOS="714" WIDTH="30" />
<String CONTENT="139" HEIGHT="40" HPOS="440" VPOS="713" WIDTH="84" />
<SP HEIGHT="47" HPOS="525" VPOS="713" WIDTH="27" />
<String CONTENT="p." HEIGHT="37" HPOS="553" VPOS="723" WIDTH="43" />
<SP HEIGHT="39" HPOS="597" VPOS="713" WIDTH="29" />
<String CONTENT="incl." HEIGHT="40" HPOS="627" VPOS="713" WIDTH="109" />
<SP HEIGHT="38" HPOS="737" VPOS="715" WIDTH="30" />
<String CONTENT="illus.," HEIGHT="46" HPOS="768" VPOS="714" WIDTH="141" />
<SP HEIGHT="36" HPOS="910" VPOS="724" WIDTH="29" />
<String CONTENT="XII" CS="1" />
<SP HEIGHT="29" HPOS="1015" VPOS="723" WIDTH="26" />
<String CONTENT="col." HEIGHT="40" HPOS="1042" VPOS="712" WIDTH="86" />
<SP />
<String CONTENT="pl.," CS="1" HEIGHT="16" HPOS="1227" VPOS="743" WIDTH="8" />
<SP HEIGHT="36" HPOS="1236" VPOS="723" WIDTH="29" />
<String CONTENT="map." HEIGHT="41" HPOS="1266" VPOS="721" WIDTH="126" />
<SP HEIGHT="41" HPOS="1393" VPOS="713" WIDTH="55" />
<String CONTENT="32" HEIGHT="42" HPOS="1449" VPOS="711" WIDTH="56" />
<String CONTENT="cm" HEIGHT="21" HPOS="1509" STYLE="superscript" VPOS="714" WIDTH="44" />
<String CONTENT="." HEIGHT="10" HPOS="1557" VPOS="744" WIDTH="9" />
</TextLine>
<TextLine HEIGHT="49" HPOS="142" VPOS="770" WIDTH="678">
<String CONTENT="Illustrated" HEIGHT="41" HPOS="142" VPOS="770" WIDTH="287" />
<SP HEIGHT="38" HPOS="430" VPOS="771" WIDTH="28" />
<String CONTENT="lining-papers." HEIGHT="49" HPOS="459" VPOS="770" WIDTH="361" />
</TextLine>
<TextLine CS="1" HEIGHT="52" HPOS="71" VPOS="825" WIDTH="1996">
<String CONTENT="&#169;" HEIGHT="52" HPOS="71" VPOS="825" WIDTH="51" />
<SP HEIGHT="52" HPOS="123" VPOS="825" WIDTH="28" />
<String CONTENT="Jan." HEIGHT="39" HPOS="152" VPOS="829" WIDTH="108" />
<SP HEIGHT="39" HPOS="261" VPOS="829" WIDTH="30" />
<String CONTENT="17," HEIGHT="46" HPOS="292" VPOS="829" WIDTH="67" />
<SP HEIGHT="46" HPOS="360" VPOS="829" WIDTH="30" />
<String CONTENT="1936;" CS="1" HEIGHT="41" HPOS="391" VPOS="827" WIDTH="111" />
<SP HEIGHT="46" HPOS="531" VPOS="828" WIDTH="29" />
<String CONTENT="2c." HEIGHT="40" HPOS="561" VPOS="828" WIDTH="67" />
<SP HEIGHT="40" HPOS="629" VPOS="828" WIDTH="31" />
<String CONTENT="Jan." HEIGHT="40" HPOS="661" VPOS="828" WIDTH="109" />
<SP HEIGHT="40" HPOS="771" VPOS="828" WIDTH="26" />
<String CONTENT="20;" HEIGHT="47" HPOS="798" VPOS="827" WIDTH="81" />
<SP HEIGHT="37" HPOS="880" VPOS="837" WIDTH="33" />
<String CONTENT="aff." HEIGHT="39" HPOS="914" VPOS="827" WIDTH="81" />
<SP HEIGHT="38" HPOS="996" VPOS="828" WIDTH="32" />
<String CONTENT="Jan." HEIGHT="39" HPOS="1029" VPOS="828" WIDTH="109" />
<SP HEIGHT="40" HPOS="1139" VPOS="827" WIDTH="28" />
<String CONTENT="21;" HEIGHT="47" HPOS="1168" VPOS="827" WIDTH="84" />
<SP HEIGHT="47" HPOS="1253" VPOS="827" WIDTH="32" />
<String CONTENT="A" HEIGHT="40" HPOS="1286" VPOS="827" WIDTH="40" />
<SP HEIGHT="40" HPOS="1327" VPOS="827" WIDTH="29" />
<String CONTENT="90402;" HEIGHT="46" HPOS="1357" VPOS="827" WIDTH="170" />
<SP HEIGHT="45" HPOS="1528" VPOS="828" WIDTH="34" />
<String CONTENT="Kennedy" HEIGHT="48" HPOS="1563" VPOS="828" WIDTH="235" />
<SP HEIGHT="47" HPOS="1799" VPOS="829" WIDTH="30" />
<String CONTENT="brothers," HEIGHT="48" HPOS="1830" VPOS="829" WIDTH="237" />
</TextLine>
<TextLine HEIGHT="50" HPOS="140" VPOS="884" WIDTH="401">
<String CONTENT="inc." HEIGHT="40" HPOS="140" VPOS="885" WIDTH="89" />
<SP HEIGHT="47" HPOS="230" VPOS="885" WIDTH="61" />
<String CONTENT="(36-3266)" HEIGHT="50" HPOS="292" VPOS="884" WIDTH="249" />
</TextLine>
<TextLine HEIGHT="64" HPOS="72" STYLEREFS="StyleId-56C444DA-25A1-41B5-8910-0CA74422B820-" VPOS="988" WIDTH="1015">
<String CONTENT="Robinson," HEIGHT="64" HPOS="72" VPOS="988" WIDTH="314" />
<SP HEIGHT="63" HPOS="387" VPOS="989" WIDTH="27" />
<String CONTENT="Lewis" HEIGHT="54" HPOS="415" VPOS="988" WIDTH="192" />
<SP HEIGHT="54" HPOS="608" VPOS="988" WIDTH="28" />
<String CONTENT="George," HEIGHT="64" HPOS="637" VPOS="988" WIDTH="246" />
<SP HEIGHT="58" HPOS="884" VPOS="994" WIDTH="32" />
<String CONTENT="1886-" HEIGHT="50" HPOS="917" VPOS="993" WIDTH="170" />
</TextLine>
<TextLine HEIGHT="70" HPOS="143" STYLEREFS="StyleId-56C444DA-25A1-41B5-8910-0CA74422B820-" VPOS="1063" WIDTH="1922">
<String CONTENT="The" HEIGHT="53" HPOS="143" VPOS="1065" WIDTH="119" />
<SP HEIGHT="55" HPOS="263" VPOS="1064" WIDTH="34" />
<String CONTENT="General" HEIGHT="55" HPOS="298" VPOS="1064" WIDTH="242" />
<SP HEIGHT="66" HPOS="541" VPOS="1067" WIDTH="33" />
<String CONTENT="goes" HEIGHT="50" HPOS="575" VPOS="1083" WIDTH="131" />
<SP HEIGHT="48" HPOS="707" VPOS="1069" WIDTH="34" />
<String CONTENT="too" HEIGHT="48" HPOS="742" VPOS="1069" WIDTH="92" />
<SP HEIGHT="53" HPOS="835" VPOS="1064" WIDTH="35" />
<String CONTENT="far," HEIGHT="68" HPOS="871" VPOS="1064" WIDTH="112" />
<SP HEIGHT="68" HPOS="984" VPOS="1064" WIDTH="33" />
<String CONTENT="by" HEIGHT="68" HPOS="1018" VPOS="1064" WIDTH="74" />
<SP HEIGHT="67" HPOS="1093" VPOS="1065" WIDTH="33" />
<String CONTENT="Lewis" HEIGHT="52" HPOS="1127" VPOS="1064" WIDTH="183" />
<SP HEIGHT="51" HPOS="1311" VPOS="1065" WIDTH="33" />
<String CONTENT="Robinson." HEIGHT="54" HPOS="1345" VPOS="1063" WIDTH="308" />
<SP HEIGHT="50" HPOS="1654" VPOS="1065" WIDTH="70" />
<String CONTENT="London," HEIGHT="67" HPOS="1725" VPOS="1064" WIDTH="258" />
<SP HEIGHT="66" HPOS="1984" VPOS="1065" WIDTH="32" />
<String CONTENT="I." HEIGHT="53" HPOS="2017" VPOS="1065" WIDTH="48" />
</TextLine>
<TextLine HEIGHT="67" HPOS="75" STYLEREFS="StyleId-56C444DA-25A1-41B5-8910-0CA74422B820-" VPOS="1142" WIDTH="1197">
<String CONTENT="Nicholson" HEIGHT="53" HPOS="75" VPOS="1142" WIDTH="304" />
<SP HEIGHT="34" HPOS="380" VPOS="1159" WIDTH="32" />
<String CONTENT="and" HEIGHT="52" HPOS="413" VPOS="1143" WIDTH="110" />
<SP HEIGHT="54" HPOS="524" VPOS="1142" WIDTH="30" />
<String CONTENT="Watson," HEIGHT="67" HPOS="555" VPOS="1142" WIDTH="257" />
<SP HEIGHT="66" HPOS="813" VPOS="1143" WIDTH="31" />
<String CONTENT="limited," HEIGHT="67" HPOS="845" VPOS="1142" WIDTH="241" />
<SP HEIGHT="64" HPOS="1087" VPOS="1145" WIDTH="33" />
<String CONTENT="1935." HEIGHT="50" HPOS="1121" VPOS="1145" WIDTH="151" />
</TextLine>
<TextLine HEIGHT="49" HPOS="141" STYLEREFS="StyleId-BFF7B804-24C4-4D4A-B086-8EFD821628F6-" VPOS="1215" WIDTH="333">
<String CONTENT="319" HEIGHT="40" HPOS="141" VPOS="1215" WIDTH="86" />
<SP HEIGHT="49" HPOS="228" VPOS="1215" WIDTH="25" />
<String CONTENT="p." HEIGHT="37" HPOS="254" VPOS="1227" WIDTH="44" />
<SP HEIGHT="39" HPOS="299" VPOS="1216" WIDTH="58" />
<String CONTENT="19" HEIGHT="40" HPOS="358" VPOS="1215" WIDTH="55" />
<String CONTENT="cm" HEIGHT="21" HPOS="417" STYLE="superscript" VPOS="1217" WIDTH="44" />
<String CONTENT="." HEIGHT="9" HPOS="464" VPOS="1247" WIDTH="10" />
</TextLine>
<TextLine CS="1" HEIGHT="110" HPOS="69" VPOS="1269" WIDTH="1982">
<String CONTENT="&#169;" HEIGHT="53" HPOS="69" VPOS="1269" WIDTH="53" />
<SP />
<String CONTENT="1c." CS="1" />
<SP HEIGHT="39" HPOS="217" VPOS="1274" WIDTH="28" />
<String CONTENT="Jan." HEIGHT="40" HPOS="246" VPOS="1274" WIDTH="110" />
<SP HEIGHT="40" HPOS="357" VPOS="1274" WIDTH="27" />
<String CONTENT="18," HEIGHT="46" HPOS="385" VPOS="1274" WIDTH="69" />
<SP HEIGHT="46" HPOS="455" VPOS="1274" WIDTH="27" />
<String CONTENT="1936;" HEIGHT="41" HPOS="483" VPOS="1273" WIDTH="139" />
<SP HEIGHT="39" HPOS="623" VPOS="1275" WIDTH="31" />
<String CONTENT="A" HEIGHT="37" HPOS="655" VPOS="1275" WIDTH="40" />
<SP HEIGHT="38" HPOS="696" VPOS="1275" WIDTH="28" />
<String CONTENT="ad" HEIGHT="38" HPOS="725" VPOS="1275" WIDTH="61" />
<SP HEIGHT="40" HPOS="787" VPOS="1273" WIDTH="28" />
<String CONTENT="int." HEIGHT="40" HPOS="816" VPOS="1273" WIDTH="85" />
<SP HEIGHT="39" HPOS="902" VPOS="1274" WIDTH="29" />
<String CONTENT="21057;" HEIGHT="46" HPOS="932" VPOS="1273" WIDTH="171" />
<SP HEIGHT="37" HPOS="1104" VPOS="1284" WIDTH="28" />
<String CONTENT="pubd." HEIGHT="48" HPOS="1133" VPOS="1273" WIDTH="141" />
<SP HEIGHT="39" HPOS="1275" VPOS="1274" WIDTH="30" />
<String CONTENT="Nov." HEIGHT="38" HPOS="1306" VPOS="1274" WIDTH="115" />
<SP HEIGHT="39" HPOS="1422" VPOS="1273" WIDTH="29" />
<String CONTENT="21," HEIGHT="47" HPOS="1452" VPOS="1273" WIDTH="70" />
<SP HEIGHT="47" HPOS="1523" VPOS="1273" WIDTH="29" />
<String CONTENT="1935;" HEIGHT="47" HPOS="1553" VPOS="1272" WIDTH="140" />
<SP HEIGHT="45" HPOS="1694" VPOS="1274" WIDTH="32" />
<String CONTENT="L." HEIGHT="39" HPOS="1727" VPOS="1274" WIDTH="50" />
<SP HEIGHT="40" HPOS="1778" VPOS="1274" WIDTH="30" />
<String CONTENT="G." HEIGHT="40" HPOS="1809" VPOS="1274" WIDTH="52" />
<SP HEIGHT="38" HPOS="1862" VPOS="1275" WIDTH="31" />
<String CONTENT="Robinson," HEIGHT="101" HPOS="138" VPOS="1275" WIDTH="1913" />
<SP HEIGHT="45" HPOS="238" VPOS="1331" WIDTH="28" />
<String CONTENT="London." HEIGHT="39" HPOS="267" VPOS="1331" WIDTH="210" />
<SP HEIGHT="48" HPOS="478" VPOS="1330" WIDTH="65" />
<String CONTENT="(36-4316)" HEIGHT="49" HPOS="544" VPOS="1330" WIDTH="251" />
</TextLine>
<TextLine HEIGHT="65" HPOS="70" STYLEREFS="StyleId-900EB21B-B380-411D-86BF-6171EA9162FA-" VPOS="1424" WIDTH="1191">
<String CONTENT="Rogers," HEIGHT="65" HPOS="70" VPOS="1424" WIDTH="244" />
<SP HEIGHT="62" HPOS="315" VPOS="1427" WIDTH="24" />
<String CONTENT="Ernest" HEIGHT="51" HPOS="340" VPOS="1427" WIDTH="218" />
<SP HEIGHT="51" HPOS="559" VPOS="1427" WIDTH="26" />
<String CONTENT="Elias," HEIGHT="64" HPOS="586" VPOS="1425" WIDTH="180" />
<SP HEIGHT="59" HPOS="767" VPOS="1430" WIDTH="28" />
<String CONTENT="1866-" HEIGHT="48" HPOS="796" VPOS="1430" WIDTH="169" />
<SP HEIGHT="35" HPOS="966" VPOS="1442" WIDTH="211" />
<String CONTENT="ed." HEIGHT="52" HPOS="1178" VPOS="1427" WIDTH="83" />
</TextLine>
<TextLine CS="1" HEIGHT="146" HPOS="70" STYLEREFS="StyleId-56C444DA-25A1-41B5-8910-0CA74422B820-" VPOS="1503" WIDTH="1974">
<String CONTENT="&#8230;" CS="1" />
<SP HEIGHT="51" HPOS="202" VPOS="1505" WIDTH="49" />
<String CONTENT="New" HEIGHT="51" HPOS="252" VPOS="1505" WIDTH="139" />
<SP HEIGHT="50" HPOS="392" VPOS="1506" WIDTH="42" />
<String CONTENT="London&#8217;s" HEIGHT="54" HPOS="435" VPOS="1504" WIDTH="286" />
<SP HEIGHT="47" HPOS="722" VPOS="1523" WIDTH="45" />
<String CONTENT="participation" HEIGHT="68" HPOS="768" VPOS="1503" WIDTH="411" />
<SP HEIGHT="52" HPOS="1180" VPOS="1503" WIDTH="45" />
<String CONTENT="in" HEIGHT="53" HPOS="1226" VPOS="1503" WIDTH="59" />
<SP HEIGHT="54" HPOS="1286" VPOS="1504" WIDTH="48" />
<String CONTENT="Connecticut&#8217;s" HEIGHT="54" HPOS="1335" VPOS="1504" WIDTH="415" />
<SP HEIGHT="47" HPOS="1751" VPOS="1510" WIDTH="46" />
<String CONTENT="tercentenary," HEIGHT="140" HPOS="70" VPOS="1509" WIDTH="1974" />
<SP HEIGHT="63" HPOS="232" VPOS="1585" WIDTH="46" />
<String CONTENT="1935." HEIGHT="50" HPOS="279" VPOS="1585" WIDTH="148" />
</TextLine>
<TextLine CS="1" HEIGHT="69" HPOS="506" STYLEREFS="StyleId-56C444DA-25A1-41B5-8910-0CA74422B820-" VPOS="1581" WIDTH="1500">
<String CONTENT="Compiled" HEIGHT="69" HPOS="506" VPOS="1581" WIDTH="299" />
<SP HEIGHT="52" HPOS="806" VPOS="1583" WIDTH="47" />
<String CONTENT="and" HEIGHT="52" HPOS="854" VPOS="1583" WIDTH="110" />
<SP HEIGHT="52" HPOS="965" VPOS="1583" WIDTH="46" />
<String CONTENT="edited" HEIGHT="54" HPOS="1012" VPOS="1582" WIDTH="188" />
<SP HEIGHT="53" HPOS="1201" VPOS="1582" WIDTH="44" />
<String CONTENT="by" HEIGHT="68" HPOS="1246" VPOS="1582" WIDTH="75" />
<SP HEIGHT="67" HPOS="1322" VPOS="1583" WIDTH="43" />
<String CONTENT="Ernest" HEIGHT="53" HPOS="1366" VPOS="1583" WIDTH="209" />
<SP HEIGHT="52" HPOS="1576" VPOS="1584" WIDTH="45" />
<String CONTENT="E." HEIGHT="52" HPOS="1622" VPOS="1584" WIDTH="65" />
<SP HEIGHT="52" HPOS="1688" VPOS="1584" WIDTH="48" />
<String CONTENT="Rogers" HEIGHT="66" HPOS="1737" VPOS="1584" WIDTH="217" />
<SP HEIGHT="34" HPOS="1955" VPOS="1604" WIDTH="51" />
<String CONTENT="&#8230;" CS="1" />
</TextLine>
<TextLine CS="1" HEIGHT="144" HPOS="70" STYLEREFS="StyleId-56C444DA-25A1-41B5-8910-0CA74422B820-" VPOS="1660" WIDTH="1973">
<String CONTENT="New" HEIGHT="52" HPOS="71" VPOS="1661" WIDTH="137" />
<SP HEIGHT="51" HPOS="209" VPOS="1662" WIDTH="37" />
<String CONTENT="London," HEIGHT="66" HPOS="247" VPOS="1661" WIDTH="257" />
<SP HEIGHT="66" HPOS="505" VPOS="1661" WIDTH="41" />
<String CONTENT="Conn.," HEIGHT="66" HPOS="547" VPOS="1661" WIDTH="196" />
<SP HEIGHT="64" HPOS="744" VPOS="1663" WIDTH="39" />
<String CONTENT="The" HEIGHT="51" HPOS="784" VPOS="1662" WIDTH="119" />
<SP HEIGHT="51" HPOS="904" VPOS="1663" WIDTH="38" />
<String CONTENT="New" HEIGHT="51" HPOS="943" VPOS="1663" WIDTH="138" />
<SP HEIGHT="50" HPOS="1082" VPOS="1663" WIDTH="38" />
<String CONTENT="London" HEIGHT="52" HPOS="1121" VPOS="1661" WIDTH="239" />
<SP HEIGHT="34" HPOS="1361" VPOS="1679" WIDTH="39" />
<String CONTENT="county" HEIGHT="64" HPOS="1401" VPOS="1664" WIDTH="209" />
<SP HEIGHT="66" HPOS="1611" VPOS="1662" WIDTH="37" />
<String CONTENT="historical" HEIGHT="54" HPOS="1649" VPOS="1660" WIDTH="293" />
<SP HEIGHT="51" HPOS="1943" VPOS="1663" WIDTH="40" />
<String CONTENT="society," HEIGHT="123" HPOS="70" VPOS="1681" WIDTH="1973" />
<SP HEIGHT="62" HPOS="233" VPOS="1742" WIDTH="29" />
<String CONTENT="1935." HEIGHT="49" HPOS="263" VPOS="1742" WIDTH="149" />
</TextLine>
<TextLine CS="1" HEIGHT="105" HPOS="69" VPOS="1810" WIDTH="1981">
<String CONTENT="x" HEIGHT="27" HPOS="140" VPOS="1822" WIDTH="33" />
<SP HEIGHT="37" HPOS="174" VPOS="1822" WIDTH="27" />
<String CONTENT="p.," HEIGHT="37" HPOS="202" VPOS="1822" WIDTH="56" />
<SP HEIGHT="48" HPOS="259" VPOS="1811" WIDTH="29" />
<String CONTENT="1" HEIGHT="38" HPOS="289" VPOS="1811" WIDTH="23" />
<SP />
<String CONTENT="l.," CS="1" HEIGHT="16" HPOS="378" VPOS="1842" WIDTH="8" />
<SP HEIGHT="47" HPOS="387" VPOS="1811" WIDTH="29" />
<String CONTENT="121," HEIGHT="47" HPOS="417" VPOS="1811" WIDTH="100" />
<SP HEIGHT="28" HPOS="518" VPOS="1831" WIDTH="28" />
<String CONTENT="[2]" HEIGHT="48" HPOS="547" VPOS="1811" WIDTH="55" />
<SP HEIGHT="37" HPOS="603" VPOS="1822" WIDTH="32" />
<String CONTENT="p." HEIGHT="37" HPOS="636" VPOS="1822" WIDTH="43" />
<SP HEIGHT="41" HPOS="680" VPOS="1811" WIDTH="56" />
<String CONTENT="front.," HEIGHT="48" HPOS="737" VPOS="1811" WIDTH="164" />
<SP HEIGHT="49" HPOS="902" VPOS="1810" WIDTH="29" />
<String CONTENT="illus." HEIGHT="41" HPOS="932" VPOS="1810" WIDTH="129" />
<SP HEIGHT="48" HPOS="1062" VPOS="1810" WIDTH="28" />
<String CONTENT="(incl." HEIGHT="48" HPOS="1091" VPOS="1810" WIDTH="132" />
<SP HEIGHT="28" HPOS="1224" VPOS="1822" WIDTH="30" />
<String CONTENT="map)" HEIGHT="47" HPOS="1255" VPOS="1812" WIDTH="136" />
<SP HEIGHT="48" HPOS="1392" VPOS="1811" WIDTH="65" />
<String CONTENT="23" HEIGHT="40" HPOS="1458" VPOS="1811" WIDTH="55" />
<String CONTENT="cm" HEIGHT="21" HPOS="1518" STYLE="superscript" VPOS="1813" WIDTH="43" />
<String CONTENT="." HEIGHT="8" HPOS="1568" VPOS="1843" WIDTH="7" />
<SP HEIGHT="47" HPOS="1576" VPOS="1811" WIDTH="70" />
<String CONTENT="(The" HEIGHT="47" HPOS="1647" VPOS="1811" WIDTH="125" />
<SP HEIGHT="38" HPOS="1773" VPOS="1812" WIDTH="27" />
<String CONTENT="New" HEIGHT="39" HPOS="1801" VPOS="1812" WIDTH="116" />
<SP HEIGHT="38" HPOS="1918" VPOS="1813" WIDTH="31" />
<String CONTENT="London" HEIGHT="94" HPOS="69" VPOS="1813" WIDTH="1981" />
<SP HEIGHT="29" HPOS="163" VPOS="1878" WIDTH="21" />
<String CONTENT="county" HEIGHT="45" HPOS="185" VPOS="1870" WIDTH="177" />
</TextLine>
<TextLine CS="1" HEIGHT="49" HPOS="386" VPOS="1867" WIDTH="1437">
<String CONTENT="historical" HEIGHT="41" HPOS="386" VPOS="1867" WIDTH="253" />
<SP HEIGHT="39" HPOS="640" VPOS="1868" WIDTH="23" />
<String CONTENT="society." HEIGHT="47" HPOS="664" VPOS="1868" WIDTH="195" />
<SP HEIGHT="40" HPOS="860" VPOS="1868" WIDTH="54" />
<String CONTENT="Occasional" HEIGHT="39" HPOS="915" VPOS="1868" WIDTH="284" />
<SP HEIGHT="47" HPOS="1200" VPOS="1868" WIDTH="24" />
<String CONTENT="publications," HEIGHT="48" HPOS="1225" VPOS="1867" WIDTH="338" />
<SP HEIGHT="28" HPOS="1564" VPOS="1879" WIDTH="53" />
<String CONTENT="vol." HEIGHT="39" HPOS="1618" VPOS="1869" WIDTH="92" />
<SP HEIGHT="29" HPOS="1711" VPOS="1879" WIDTH="26" />
<String CONTENT="III)" CS="1" HEIGHT="46" HPOS="1810" VPOS="1870" WIDTH="13" />
</TextLine>
<TextLine HEIGHT="49" HPOS="140" VPOS="1923" WIDTH="891">
<String CONTENT="&#8220;Edition" HEIGHT="41" HPOS="140" VPOS="1923" WIDTH="227" />
<SP HEIGHT="37" HPOS="368" VPOS="1926" WIDTH="31" />
<String CONTENT="limited" HEIGHT="40" HPOS="400" VPOS="1924" WIDTH="189" />
<SP HEIGHT="39" HPOS="590" VPOS="1926" WIDTH="33" />
<String CONTENT="to" HEIGHT="38" HPOS="624" VPOS="1927" WIDTH="51" />
<SP HEIGHT="40" HPOS="676" VPOS="1925" WIDTH="33" />
<String CONTENT="500" HEIGHT="39" HPOS="710" VPOS="1925" WIDTH="88" />
<SP HEIGHT="39" HPOS="799" VPOS="1925" WIDTH="30" />
<String CONTENT="copies.&#8221;" HEIGHT="48" HPOS="830" VPOS="1924" WIDTH="201" />
</TextLine>
<TextLine CS="1" HEIGHT="54" HPOS="69" VPOS="1977" WIDTH="1999">
<String CONTENT="&#169;" HEIGHT="52" HPOS="69" VPOS="1977" WIDTH="51" />
<SP HEIGHT="52" HPOS="121" VPOS="1977" WIDTH="25" />
<String CONTENT="Jan." HEIGHT="39" HPOS="147" VPOS="1982" WIDTH="109" />
<SP HEIGHT="40" HPOS="257" VPOS="1981" WIDTH="25" />
<String CONTENT="22," HEIGHT="48" HPOS="283" VPOS="1981" WIDTH="69" />
<SP HEIGHT="47" HPOS="353" VPOS="1982" WIDTH="25" />
<String CONTENT="1936;" HEIGHT="47" HPOS="379" VPOS="1981" WIDTH="140" />
<SP HEIGHT="47" HPOS="520" VPOS="1981" WIDTH="26" />
<String CONTENT="2c." HEIGHT="40" HPOS="547" VPOS="1981" WIDTH="65" />
<SP HEIGHT="39" HPOS="613" VPOS="1982" WIDTH="28" />
<String CONTENT="Jan." HEIGHT="39" HPOS="642" VPOS="1982" WIDTH="111" />
<SP HEIGHT="40" HPOS="754" VPOS="1981" WIDTH="25" />
<String CONTENT="24;" HEIGHT="47" HPOS="780" VPOS="1981" WIDTH="82" />
<SP HEIGHT="36" HPOS="863" VPOS="1992" WIDTH="26" />
<String CONTENT="aff." HEIGHT="40" HPOS="890" VPOS="1981" WIDTH="82" />
<SP HEIGHT="39" HPOS="973" VPOS="1982" WIDTH="29" />
<String CONTENT="Jan." HEIGHT="39" HPOS="1003" VPOS="1982" WIDTH="108" />
<SP HEIGHT="40" HPOS="1112" VPOS="1981" WIDTH="25" />
<String CONTENT="23;" HEIGHT="46" HPOS="1138" VPOS="1981" WIDTH="82" />
<SP HEIGHT="46" HPOS="1221" VPOS="1981" WIDTH="28" />
<String CONTENT="A" HEIGHT="39" HPOS="1250" VPOS="1981" WIDTH="39" />
<SP HEIGHT="40" HPOS="1290" VPOS="1980" WIDTH="26" />
<String CONTENT="90455;" CS="1" HEIGHT="40" HPOS="1317" VPOS="1980" WIDTH="143" />
<SP HEIGHT="46" HPOS="1488" VPOS="1981" WIDTH="29" />
<String CONTENT="New" HEIGHT="40" HPOS="1518" VPOS="1981" WIDTH="116" />
<SP HEIGHT="40" HPOS="1635" VPOS="1981" WIDTH="27" />
<String CONTENT="London" HEIGHT="40" HPOS="1663" VPOS="1981" WIDTH="198" />
<SP HEIGHT="30" HPOS="1862" VPOS="1992" WIDTH="26" />
<String CONTENT="county" HEIGHT="47" HPOS="1889" VPOS="1984" WIDTH="179" />
</TextLine>
<TextLine HEIGHT="50" HPOS="138" VPOS="2037" WIDTH="693">
<String CONTENT="historical" HEIGHT="41" HPOS="138" VPOS="2037" WIDTH="251" />
<SP HEIGHT="38" HPOS="390" VPOS="2040" WIDTH="30" />
<String CONTENT="soc." HEIGHT="30" HPOS="421" VPOS="2048" WIDTH="92" />
<SP HEIGHT="48" HPOS="514" VPOS="2039" WIDTH="66" />
<String CONTENT="(36-3787)" HEIGHT="49" HPOS="581" VPOS="2038" WIDTH="250" />
</TextLine>
<TextLine HEIGHT="64" HPOS="69" STYLEREFS="StyleId-900EB21B-B380-411D-86BF-6171EA9162FA-" VPOS="2127" WIDTH="637">
<String CONTENT="Rosevear," HEIGHT="64" HPOS="69" VPOS="2127" WIDTH="314" />
<SP HEIGHT="63" HPOS="384" VPOS="2128" WIDTH="25" />
<String CONTENT="Kenneth." HEIGHT="53" HPOS="410" VPOS="2127" WIDTH="296" />
</TextLine>
<TextLine CS="1" HEIGHT="69" HPOS="138" STYLEREFS="StyleId-56C444DA-25A1-41B5-8910-0CA74422B820-" VPOS="2204" WIDTH="1929">
<String CONTENT="Aquarium" HEIGHT="67" HPOS="138" VPOS="2204" WIDTH="320" />
<SP HEIGHT="34" HPOS="459" VPOS="2223" WIDTH="34" />
<String CONTENT="of" HEIGHT="53" HPOS="494" VPOS="2204" WIDTH="63" />
<SP HEIGHT="53" HPOS="558" VPOS="2204" WIDTH="35" />
<String CONTENT="dream," HEIGHT="66" HPOS="594" VPOS="2205" WIDTH="211" />
<SP HEIGHT="67" HPOS="806" VPOS="2204" WIDTH="33" />
<String CONTENT="by" HEIGHT="68" HPOS="840" VPOS="2204" WIDTH="75" />
<SP HEIGHT="67" HPOS="916" VPOS="2205" WIDTH="31" />
<String CONTENT="Kenneth" HEIGHT="52" HPOS="948" VPOS="2205" WIDTH="266" />
<SP HEIGHT="52" HPOS="1215" VPOS="2205" WIDTH="35" />
<String CONTENT="Rosevear" HEIGHT="52" HPOS="1251" VPOS="2206" WIDTH="283" />
<SP HEIGHT="34" HPOS="1535" VPOS="2223" WIDTH="40" />
<String CONTENT="&#8230;" CS="1" />
<SP HEIGHT="54" HPOS="1634" VPOS="2205" WIDTH="76" />
<String CONTENT="New" HEIGHT="54" HPOS="1711" VPOS="2205" WIDTH="138" />
<SP HEIGHT="52" HPOS="1850" VPOS="2206" WIDTH="35" />
<String CONTENT="York," HEIGHT="68" HPOS="1886" VPOS="2205" WIDTH="181" />
</TextLine>
<TextLine HEIGHT="67" HPOS="70" STYLEREFS="StyleId-56C444DA-25A1-41B5-8910-0CA74422B820-" VPOS="2283" WIDTH="1044">
<String CONTENT="N." HEIGHT="52" HPOS="70" VPOS="2284" WIDTH="69" />
<SP HEIGHT="51" HPOS="140" VPOS="2285" WIDTH="25" />
<String CONTENT="Y.," HEIGHT="64" HPOS="166" VPOS="2285" WIDTH="88" />
<SP HEIGHT="64" HPOS="255" VPOS="2285" WIDTH="23" />
<String CONTENT="The" HEIGHT="52" HPOS="279" VPOS="2283" WIDTH="119" />
<SP HEIGHT="50" HPOS="399" VPOS="2285" WIDTH="24" />
<String CONTENT="Parnassus" HEIGHT="50" HPOS="424" VPOS="2285" WIDTH="315" />
<SP HEIGHT="48" HPOS="740" VPOS="2302" WIDTH="22" />
<String CONTENT="press," HEIGHT="48" HPOS="763" VPOS="2302" WIDTH="174" />
<SP HEIGHT="61" HPOS="938" VPOS="2287" WIDTH="26" />
<String CONTENT="1935." HEIGHT="48" HPOS="965" VPOS="2287" WIDTH="149" />
</TextLine>
<TextLine HEIGHT="50" HPOS="137" VPOS="2354" WIDTH="1206">
<String CONTENT="72" HEIGHT="40" HPOS="137" VPOS="2356" WIDTH="56" />
<SP HEIGHT="48" HPOS="194" VPOS="2356" WIDTH="25" />
<String CONTENT="p." HEIGHT="37" HPOS="220" VPOS="2367" WIDTH="43" />
<SP HEIGHT="40" HPOS="264" VPOS="2355" WIDTH="53" />
<String CONTENT="24" HEIGHT="39" HPOS="318" VPOS="2355" WIDTH="57" />
<String CONTENT="cm" HEIGHT="20" HPOS="377" STYLE="superscript" VPOS="2358" WIDTH="44" />
<String CONTENT="." HEIGHT="8" HPOS="427" VPOS="2388" WIDTH="8" />
<SP HEIGHT="48" HPOS="436" VPOS="2355" WIDTH="67" />
<String CONTENT="(His" HEIGHT="48" HPOS="504" VPOS="2355" WIDTH="113" />
<SP HEIGHT="39" HPOS="618" VPOS="2356" WIDTH="28" />
<String CONTENT="A" HEIGHT="38" HPOS="647" VPOS="2356" WIDTH="41" />
<SP HEIGHT="39" HPOS="689" VPOS="2356" WIDTH="27" />
<String CONTENT="book" HEIGHT="39" HPOS="717" VPOS="2356" WIDTH="122" />
<SP HEIGHT="38" HPOS="840" VPOS="2357" WIDTH="27" />
<String CONTENT="of" HEIGHT="39" HPOS="868" VPOS="2356" WIDTH="51" />
<SP HEIGHT="40" HPOS="920" VPOS="2355" WIDTH="29" />
<String CONTENT="Genesis," HEIGHT="40" HPOS="950" VPOS="2355" WIDTH="213" />
<SP HEIGHT="28" HPOS="1164" VPOS="2367" WIDTH="54" />
<String CONTENT="v." HEIGHT="29" HPOS="1219" VPOS="2367" WIDTH="42" />
<SP HEIGHT="40" HPOS="1262" VPOS="2356" WIDTH="30" />
<String CONTENT="1)" HEIGHT="48" HPOS="1293" VPOS="2354" WIDTH="50" />
</TextLine>
<TextLine HEIGHT="39" HPOS="136" VPOS="2413" WIDTH="183">
<String CONTENT="Poems." HEIGHT="39" HPOS="136" VPOS="2413" WIDTH="183" />
</TextLine>
<TextLine CS="1" HEIGHT="48" HPOS="138" VPOS="2468" WIDTH="1929">
<String CONTENT="&#8220;150" HEIGHT="39" HPOS="138" VPOS="2469" WIDTH="114" />
<SP HEIGHT="40" HPOS="253" VPOS="2469" WIDTH="32" />
<String CONTENT="copies" HEIGHT="47" HPOS="286" VPOS="2469" WIDTH="158" />
<SP HEIGHT="29" HPOS="445" VPOS="2480" WIDTH="38" />
<String CONTENT="&#8230;" CS="1" />
<SP HEIGHT="39" HPOS="530" VPOS="2470" WIDTH="36" />
<String CONTENT="have" HEIGHT="39" HPOS="567" VPOS="2470" WIDTH="124" />
<SP HEIGHT="39" HPOS="692" VPOS="2470" WIDTH="35" />
<String CONTENT="been" HEIGHT="38" HPOS="728" VPOS="2470" WIDTH="116" />
<SP HEIGHT="37" HPOS="845" VPOS="2479" WIDTH="34" />
<String CONTENT="printed" HEIGHT="48" HPOS="880" VPOS="2468" WIDTH="193" />
<SP HEIGHT="38" HPOS="1074" VPOS="2470" WIDTH="38" />
<String CONTENT="&#8230;" CS="1" />
<SP HEIGHT="29" HPOS="1160" VPOS="2479" WIDTH="38" />
<String CONTENT="on" HEIGHT="29" HPOS="1199" VPOS="2479" WIDTH="58" />
<SP HEIGHT="39" HPOS="1258" VPOS="2468" WIDTH="34" />
<String CONTENT="Agecroft" HEIGHT="48" HPOS="1293" VPOS="2468" WIDTH="235" />
<SP HEIGHT="38" HPOS="1529" VPOS="2470" WIDTH="32" />
<String CONTENT="text" HEIGHT="39" HPOS="1562" VPOS="2470" WIDTH="106" />
<SP HEIGHT="45" HPOS="1669" VPOS="2471" WIDTH="34" />
<String CONTENT="paper." HEIGHT="38" HPOS="1704" VPOS="2478" WIDTH="162" />
<SP HEIGHT="40" HPOS="1867" VPOS="2470" WIDTH="66" />
<String CONTENT="Each" HEIGHT="39" HPOS="1934" VPOS="2470" WIDTH="133" />
</TextLine>
<TextLine HEIGHT="49" HPOS="67" VPOS="2524" WIDTH="1835">
<String CONTENT="copy" HEIGHT="38" HPOS="67" VPOS="2535" WIDTH="118" />
<SP HEIGHT="46" HPOS="186" VPOS="2527" WIDTH="22" />
<String CONTENT="has" HEIGHT="38" HPOS="209" VPOS="2527" WIDTH="88" />
<SP HEIGHT="40" HPOS="298" VPOS="2526" WIDTH="27" />
<String CONTENT="been" HEIGHT="40" HPOS="326" VPOS="2526" WIDTH="115" />
<SP HEIGHT="29" HPOS="442" VPOS="2536" WIDTH="27" />
<String CONTENT="autographed" HEIGHT="47" HPOS="470" VPOS="2526" WIDTH="336" />
<SP HEIGHT="39" HPOS="807" VPOS="2526" WIDTH="24" />
<String CONTENT="by" HEIGHT="47" HPOS="832" VPOS="2526" WIDTH="61" />
<SP HEIGHT="45" HPOS="894" VPOS="2528" WIDTH="27" />
<String CONTENT="the" HEIGHT="39" HPOS="922" VPOS="2526" WIDTH="81" />
<SP HEIGHT="30" HPOS="1004" VPOS="2535" WIDTH="26" />
<String CONTENT="author," HEIGHT="46" HPOS="1031" VPOS="2526" WIDTH="189" />
<SP HEIGHT="36" HPOS="1221" VPOS="2536" WIDTH="28" />
<String CONTENT="and" HEIGHT="38" HPOS="1250" VPOS="2526" WIDTH="98" />
<SP HEIGHT="38" HPOS="1349" VPOS="2526" WIDTH="26" />
<String CONTENT="this" HEIGHT="40" HPOS="1376" VPOS="2525" WIDTH="101" />
<SP HEIGHT="40" HPOS="1478" VPOS="2525" WIDTH="24" />
<String CONTENT="is" HEIGHT="39" HPOS="1503" VPOS="2525" WIDTH="41" />
<SP HEIGHT="28" HPOS="1545" VPOS="2536" WIDTH="28" />
<String CONTENT="number" HEIGHT="38" HPOS="1574" VPOS="2526" WIDTH="200" />
<SP HEIGHT="40" HPOS="1775" VPOS="2525" WIDTH="26" />
<String CONTENT="98.&#8221;" HEIGHT="42" HPOS="1802" VPOS="2524" WIDTH="100" />
</TextLine>
<TextLine CS="1" HEIGHT="53" HPOS="68" VPOS="2578" WIDTH="1999">
<String CONTENT="&#169;" HEIGHT="53" HPOS="68" VPOS="2578" WIDTH="51" />
<SP HEIGHT="53" HPOS="120" VPOS="2578" WIDTH="28" />
<String CONTENT="Dec." HEIGHT="39" HPOS="149" VPOS="2583" WIDTH="110" />
<SP HEIGHT="39" HPOS="260" VPOS="2583" WIDTH="30" />
<String CONTENT="7," HEIGHT="46" HPOS="291" VPOS="2583" WIDTH="38" />
<SP HEIGHT="46" HPOS="330" VPOS="2583" WIDTH="30" />
<String CONTENT="1935;" CS="1" HEIGHT="40" HPOS="361" VPOS="2582" WIDTH="113" />
<SP HEIGHT="47" HPOS="502" VPOS="2582" WIDTH="31" />
<String CONTENT="2c." HEIGHT="40" HPOS="534" VPOS="2582" WIDTH="67" />
<SP HEIGHT="29" HPOS="602" VPOS="2593" WIDTH="30" />
<String CONTENT="and" HEIGHT="38" HPOS="633" VPOS="2584" WIDTH="95" />
<SP HEIGHT="38" HPOS="729" VPOS="2584" WIDTH="29" />
<String CONTENT="aff." HEIGHT="40" HPOS="759" VPOS="2582" WIDTH="82" />
<SP HEIGHT="40" HPOS="842" VPOS="2582" WIDTH="29" />
<String CONTENT="Jan." HEIGHT="40" HPOS="872" VPOS="2582" WIDTH="110" />
<SP HEIGHT="41" HPOS="983" VPOS="2581" WIDTH="29" />
<String CONTENT="28," HEIGHT="49" HPOS="1013" VPOS="2581" WIDTH="69" />
<SP HEIGHT="47" HPOS="1083" VPOS="2583" WIDTH="30" />
<String CONTENT="1936;" HEIGHT="41" HPOS="1114" VPOS="2582" WIDTH="140" />
<SP HEIGHT="41" HPOS="1255" VPOS="2582" WIDTH="32" />
<String CONTENT="A" HEIGHT="38" HPOS="1288" VPOS="2582" WIDTH="41" />
<SP HEIGHT="40" HPOS="1330" VPOS="2581" WIDTH="29" />
<String CONTENT="90516;" HEIGHT="47" HPOS="1360" VPOS="2581" WIDTH="171" />
<SP HEIGHT="46" HPOS="1532" VPOS="2582" WIDTH="32" />
<String CONTENT="K." HEIGHT="38" HPOS="1565" VPOS="2582" WIDTH="58" />
<SP HEIGHT="38" HPOS="1624" VPOS="2582" WIDTH="32" />
<String CONTENT="Rosevear," HEIGHT="46" HPOS="1657" VPOS="2582" WIDTH="258" />
<SP HEIGHT="45" HPOS="1916" VPOS="2583" WIDTH="32" />
<String CONTENT="New" HEIGHT="39" HPOS="1949" VPOS="2583" WIDTH="118" />
</TextLine>
<TextLine HEIGHT="48" HPOS="136" VPOS="2639" WIDTH="467">
<String CONTENT="York." HEIGHT="39" HPOS="136" VPOS="2640" WIDTH="145" />
<SP HEIGHT="48" HPOS="282" VPOS="2639" WIDTH="70" />
<String CONTENT="(36-3681)" HEIGHT="48" HPOS="353" VPOS="2639" WIDTH="250" />
</TextLine>
<TextLine HEIGHT="64" HPOS="68" STYLEREFS="StyleId-900EB21B-B380-411D-86BF-6171EA9162FA-" VPOS="2728" WIDTH="725">
<String CONTENT="Rustgard," HEIGHT="64" HPOS="68" VPOS="2728" WIDTH="321" />
<SP HEIGHT="64" HPOS="390" VPOS="2728" WIDTH="27" />
<String CONTENT="John," HEIGHT="63" HPOS="418" VPOS="2728" WIDTH="174" />
<SP HEIGHT="57" HPOS="593" VPOS="2734" WIDTH="28" />
<String CONTENT="1863-" HEIGHT="50" HPOS="622" VPOS="2732" WIDTH="171" />
</TextLine>
<TextLine CS="1" HEIGHT="149" HPOS="71" STYLEREFS="StyleId-56C444DA-25A1-41B5-8910-0CA74422B820-" VPOS="2800" WIDTH="1995">
<String CONTENT="The" HEIGHT="53" HPOS="137" VPOS="2803" WIDTH="121" />
<SP HEIGHT="48" HPOS="259" VPOS="2821" WIDTH="26" />
<String CONTENT="problem" HEIGHT="67" HPOS="286" VPOS="2802" WIDTH="254" />
<SP HEIGHT="34" HPOS="541" VPOS="2821" WIDTH="27" />
<String CONTENT="of" HEIGHT="52" HPOS="569" VPOS="2802" WIDTH="63" />
<SP HEIGHT="68" HPOS="633" VPOS="2802" WIDTH="26" />
<String CONTENT="poverty;" HEIGHT="61" HPOS="660" VPOS="2809" WIDTH="267" />
<SP HEIGHT="48" HPOS="928" VPOS="2820" WIDTH="31" />
<String CONTENT="a" HEIGHT="33" HPOS="960" VPOS="2821" WIDTH="31" />
<SP HEIGHT="49" HPOS="992" VPOS="2820" WIDTH="27" />
<String CONTENT="plain" HEIGHT="68" HPOS="1020" VPOS="2801" WIDTH="159" />
<SP HEIGHT="34" HPOS="1180" VPOS="2820" WIDTH="27" />
<String CONTENT="statement" HEIGHT="48" HPOS="1208" VPOS="2806" WIDTH="299" />
<SP HEIGHT="47" HPOS="1508" VPOS="2806" WIDTH="26" />
<String CONTENT="of" HEIGHT="53" HPOS="1535" VPOS="2800" WIDTH="62" />
<SP HEIGHT="52" HPOS="1598" VPOS="2800" WIDTH="27" />
<String CONTENT="economic" HEIGHT="52" HPOS="1626" VPOS="2801" WIDTH="280" />
<SP HEIGHT="53" HPOS="1907" VPOS="2800" WIDTH="28" />
<String CONTENT="fundamentals," HEIGHT="147" HPOS="71" VPOS="2800" WIDTH="1971" />
<SP HEIGHT="67" HPOS="398" VPOS="2880" WIDTH="42" />
<String CONTENT="by" HEIGHT="69" HPOS="441" VPOS="2880" WIDTH="73" />
<SP HEIGHT="69" HPOS="515" VPOS="2880" WIDTH="42" />
<String CONTENT="John" HEIGHT="54" HPOS="558" VPOS="2880" WIDTH="154" />
<SP HEIGHT="51" HPOS="713" VPOS="2880" WIDTH="43" />
<String CONTENT="Rustgard." HEIGHT="69" HPOS="757" VPOS="2879" WIDTH="305" />
<SP HEIGHT="49" HPOS="1063" VPOS="2882" WIDTH="91" />
<String CONTENT="2d" HEIGHT="52" HPOS="1155" VPOS="2878" WIDTH="71" />
<SP HEIGHT="53" HPOS="1227" VPOS="2878" WIDTH="42" />
<String CONTENT="ed.," HEIGHT="68" HPOS="1270" VPOS="2878" WIDTH="103" />
<SP HEIGHT="49" HPOS="1374" VPOS="2897" WIDTH="41" />
<String CONTENT="rev." HEIGHT="37" HPOS="1416" VPOS="2897" WIDTH="112" />
<SP HEIGHT="34" HPOS="1529" VPOS="2896" WIDTH="45" />
<String CONTENT="and" HEIGHT="54" HPOS="1575" VPOS="2879" WIDTH="112" />
<SP HEIGHT="54" HPOS="1688" VPOS="2879" WIDTH="42" />
<String CONTENT="enl." HEIGHT="53" HPOS="1731" VPOS="2878" WIDTH="104" />
<SP HEIGHT="53" HPOS="1836" VPOS="2878" WIDTH="91" />
<String CONTENT="New" HEIGHT="55" HPOS="1928" VPOS="2878" WIDTH="138" />
</TextLine>
<TextLine HEIGHT="70" HPOS="71" STYLEREFS="StyleId-56C444DA-25A1-41B5-8910-0CA74422B820-" VPOS="2956" WIDTH="1996">
<String CONTENT="York," HEIGHT="69" HPOS="71" VPOS="2957" WIDTH="175" />
<SP HEIGHT="68" HPOS="247" VPOS="2958" WIDTH="41" />
<String CONTENT="London," HEIGHT="57" HPOS="289" VPOS="2958" WIDTH="253" />
<SP HEIGHT="57" HPOS="543" VPOS="2958" WIDTH="42" />
<String CONTENT="D." HEIGHT="54" HPOS="586" VPOS="2958" WIDTH="69" />
<SP HEIGHT="55" HPOS="656" VPOS="2957" WIDTH="44" />
<String CONTENT="Appleton-Century" HEIGHT="69" HPOS="701" VPOS="2956" WIDTH="571" />
<SP HEIGHT="50" HPOS="1273" VPOS="2975" WIDTH="42" />
<String CONTENT="company," HEIGHT="51" HPOS="1316" VPOS="2974" WIDTH="292" />
<SP HEIGHT="66" HPOS="1609" VPOS="2958" WIDTH="41" />
<String CONTENT="incorporated," HEIGHT="69" HPOS="1651" VPOS="2956" WIDTH="416" />
</TextLine>
<TextLine HEIGHT="49" HPOS="71" STYLEREFS="StyleId-56C444DA-25A1-41B5-8910-0CA74422B820-" VPOS="3037" WIDTH="147">
<String CONTENT="1936." HEIGHT="49" HPOS="71" VPOS="3037" WIDTH="147" />
</TextLine>
<TextLine CS="1" HEIGHT="49" HPOS="138" VPOS="3105" WIDTH="1049">
<String CONTENT="xv" HEIGHT="29" HPOS="138" VPOS="3116" WIDTH="65" />
<SP HEIGHT="37" HPOS="204" VPOS="3116" WIDTH="23" />
<String CONTENT="p.," HEIGHT="37" HPOS="228" VPOS="3116" WIDTH="58" />
<SP HEIGHT="47" HPOS="287" VPOS="3106" WIDTH="25" />
<String CONTENT="1" HEIGHT="38" HPOS="313" VPOS="3106" WIDTH="23" />
<SP />
<String CONTENT="l.," CS="1" HEIGHT="17" HPOS="401" VPOS="3137" WIDTH="8" />
<SP HEIGHT="48" HPOS="410" VPOS="3106" WIDTH="27" />
<String CONTENT="289" HEIGHT="40" HPOS="438" VPOS="3106" WIDTH="85" />
<SP HEIGHT="47" HPOS="524" VPOS="3106" WIDTH="26" />
<String CONTENT="p." HEIGHT="36" HPOS="551" VPOS="3117" WIDTH="43" />
<SP />
<String CONTENT="front." CS="1" />
<SP HEIGHT="47" HPOS="803" VPOS="3105" WIDTH="27" />
<String CONTENT="(port.)" HEIGHT="48" HPOS="831" VPOS="3105" WIDTH="172" />
<SP HEIGHT="47" HPOS="1004" VPOS="3105" WIDTH="66" />
<String CONTENT="19" HEIGHT="40" HPOS="1071" VPOS="3105" WIDTH="56" />
<String CONTENT="cm" HEIGHT="21" HPOS="1130" STYLE="superscript" VPOS="3108" WIDTH="44" />
<String CONTENT="." HEIGHT="8" HPOS="1178" VPOS="3138" WIDTH="9" />
</TextLine>
<TextLine HEIGHT="56" HPOS="67" VPOS="3160" WIDTH="1997">
<String CONTENT="&#169;" HEIGHT="53" HPOS="67" VPOS="3160" WIDTH="52" />
<SP HEIGHT="53" HPOS="120" VPOS="3160" WIDTH="26" />
<String CONTENT="Jan." HEIGHT="39" HPOS="147" VPOS="3166" WIDTH="108" />
<SP HEIGHT="39" HPOS="256" VPOS="3166" WIDTH="27" />
<String CONTENT="31," HEIGHT="47" HPOS="284" VPOS="3166" WIDTH="69" />
<SP HEIGHT="46" HPOS="354" VPOS="3167" WIDTH="28" />
<String CONTENT="1936;" HEIGHT="47" HPOS="383" VPOS="3165" WIDTH="139" />
<SP HEIGHT="45" HPOS="523" VPOS="3167" WIDTH="31" />
<String CONTENT="2c." HEIGHT="39" HPOS="555" VPOS="3167" WIDTH="65" />
<SP HEIGHT="29" HPOS="621" VPOS="3177" WIDTH="30" />
<String CONTENT="and" HEIGHT="38" HPOS="652" VPOS="3167" WIDTH="96" />
<SP HEIGHT="38" HPOS="749" VPOS="3167" WIDTH="27" />
<String CONTENT="aff." HEIGHT="40" HPOS="777" VPOS="3165" WIDTH="80" />
<SP HEIGHT="38" HPOS="858" VPOS="3166" WIDTH="30" />
<String CONTENT="Feb." HEIGHT="39" HPOS="889" VPOS="3166" WIDTH="110" />
<SP HEIGHT="39" HPOS="1000" VPOS="3166" WIDTH="27" />
<String CONTENT="4;" HEIGHT="46" HPOS="1028" VPOS="3166" WIDTH="53" />
<SP HEIGHT="48" HPOS="1082" VPOS="3164" WIDTH="30" />
<String CONTENT="A" HEIGHT="40" HPOS="1113" VPOS="3164" WIDTH="40" />
<SP HEIGHT="41" HPOS="1154" VPOS="3164" WIDTH="28" />
<String CONTENT="90600;" HEIGHT="48" HPOS="1183" VPOS="3164" WIDTH="170" />
<SP HEIGHT="46" HPOS="1354" VPOS="3166" WIDTH="31" />
<String CONTENT="D." HEIGHT="39" HPOS="1386" VPOS="3166" WIDTH="57" />
<SP HEIGHT="39" HPOS="1444" VPOS="3166" WIDTH="30" />
<String CONTENT="Appleton-Century" HEIGHT="49" HPOS="1475" VPOS="3165" WIDTH="476" />
<SP HEIGHT="36" HPOS="1952" VPOS="3178" WIDTH="29" />
<String CONTENT="co.," HEIGHT="40" HPOS="1982" VPOS="3176" WIDTH="82" />
</TextLine>
<TextLine HEIGHT="49" HPOS="134" VPOS="3221" WIDTH="408">
<String CONTENT="inc." HEIGHT="41" HPOS="134" VPOS="3221" WIDTH="89" />
<SP HEIGHT="47" HPOS="224" VPOS="3223" WIDTH="68" />
<String CONTENT="(36-3779)" HEIGHT="47" HPOS="293" VPOS="3223" WIDTH="249" />
</TextLine>
<TextLine HEIGHT="66" HPOS="69" STYLEREFS="StyleId-900EB21B-B380-411D-86BF-6171EA9162FA-" VPOS="3309" WIDTH="919">
<String CONTENT="Schell," HEIGHT="65" HPOS="69" VPOS="3309" WIDTH="205" />
<SP HEIGHT="63" HPOS="275" VPOS="3311" WIDTH="26" />
<String CONTENT="Erwin" HEIGHT="53" HPOS="302" VPOS="3310" WIDTH="199" />
<SP HEIGHT="51" HPOS="502" VPOS="3312" WIDTH="26" />
<String CONTENT="Haskell," HEIGHT="65" HPOS="529" VPOS="3310" WIDTH="261" />
<SP HEIGHT="58" HPOS="791" VPOS="3317" WIDTH="27" />
<String CONTENT="1889-" HEIGHT="49" HPOS="819" VPOS="3316" WIDTH="169" />
</TextLine>
<TextLine HEIGHT="70" HPOS="134" STYLEREFS="StyleId-56C444DA-25A1-41B5-8910-0CA74422B820-" VPOS="3384" WIDTH="1926">
<String CONTENT="Administrative" HEIGHT="55" HPOS="134" VPOS="3384" WIDTH="480" />
<SP HEIGHT="49" HPOS="615" VPOS="3404" WIDTH="38" />
<String CONTENT="proficiency" HEIGHT="69" HPOS="654" VPOS="3385" WIDTH="344" />
<SP HEIGHT="69" HPOS="999" VPOS="3385" WIDTH="40" />
<String CONTENT="in" HEIGHT="53" HPOS="1040" VPOS="3385" WIDTH="59" />
<SP HEIGHT="53" HPOS="1100" VPOS="3385" WIDTH="40" />
<String CONTENT="business," HEIGHT="68" HPOS="1141" VPOS="3385" WIDTH="270" />
<SP HEIGHT="68" HPOS="1412" VPOS="3385" WIDTH="41" />
<String CONTENT="by" HEIGHT="69" HPOS="1454" VPOS="3385" WIDTH="76" />
<SP HEIGHT="68" HPOS="1531" VPOS="3386" WIDTH="41" />
<String CONTENT="Erwin" HEIGHT="53" HPOS="1573" VPOS="3386" WIDTH="200" />
<SP HEIGHT="52" HPOS="1774" VPOS="3387" WIDTH="43" />
<String CONTENT="Haskell" HEIGHT="54" HPOS="1818" VPOS="3385" WIDTH="242" />
</TextLine>
<TextLine CS="1" HEIGHT="72" HPOS="67" STYLEREFS="StyleId-56C444DA-25A1-41B5-8910-0CA74422B820-" VPOS="3459" WIDTH="1992">
<String CONTENT="Schell" HEIGHT="56" HPOS="67" VPOS="3459" WIDTH="187" />
<SP HEIGHT="51" HPOS="255" VPOS="3463" WIDTH="31" />
<String CONTENT="&#8230;" CS="1" />
<SP HEIGHT="49" HPOS="343" VPOS="3466" WIDTH="68" />
<String CONTENT="1st" HEIGHT="49" HPOS="412" VPOS="3466" WIDTH="81" />
<SP HEIGHT="47" HPOS="494" VPOS="3469" WIDTH="25" />
<String CONTENT="ed." HEIGHT="52" HPOS="520" VPOS="3464" WIDTH="83" />
<SP HEIGHT="52" HPOS="604" VPOS="3464" WIDTH="64" />
<String CONTENT="New" HEIGHT="52" HPOS="669" VPOS="3464" WIDTH="139" />
<SP HEIGHT="51" HPOS="809" VPOS="3464" WIDTH="27" />
<String CONTENT="York" HEIGHT="52" HPOS="837" VPOS="3463" WIDTH="163" />
<SP HEIGHT="53" HPOS="1001" VPOS="3463" WIDTH="24" />
<String CONTENT="and" HEIGHT="52" HPOS="1026" VPOS="3464" WIDTH="112" />
<SP HEIGHT="52" HPOS="1139" VPOS="3464" WIDTH="25" />
<String CONTENT="London," HEIGHT="68" HPOS="1165" VPOS="3463" WIDTH="259" />
<SP HEIGHT="68" HPOS="1425" VPOS="3463" WIDTH="27" />
<String CONTENT="McGraw-Hill" HEIGHT="56" HPOS="1453" VPOS="3462" WIDTH="430" />
<SP HEIGHT="53" HPOS="1884" VPOS="3464" WIDTH="28" />
<String CONTENT="book" HEIGHT="53" HPOS="1913" VPOS="3464" WIDTH="146" />
</TextLine>
<TextLine HEIGHT="69" HPOS="65" STYLEREFS="StyleId-56C444DA-25A1-41B5-8910-0CA74422B820-" VPOS="3541" WIDTH="634">
<String CONTENT="company," HEIGHT="53" HPOS="65" VPOS="3557" WIDTH="294" />
<SP HEIGHT="68" HPOS="360" VPOS="3541" WIDTH="26" />
<String CONTENT="inc.," HEIGHT="68" HPOS="387" VPOS="3541" WIDTH="126" />
<SP HEIGHT="63" HPOS="514" VPOS="3546" WIDTH="34" />
<String CONTENT="1936." HEIGHT="52" HPOS="549" VPOS="3542" WIDTH="150" />
</TextLine>
<TextLine HEIGHT="56" HPOS="66" VPOS="3611" WIDTH="1995">
<String CONTENT="&#169;" HEIGHT="52" HPOS="66" VPOS="3611" WIDTH="52" />
<SP HEIGHT="52" HPOS="119" VPOS="3611" WIDTH="25" />
<String CONTENT="Jan." HEIGHT="40" HPOS="145" VPOS="3617" WIDTH="108" />
<SP HEIGHT="39" HPOS="254" VPOS="3618" WIDTH="28" />
<String CONTENT="6," HEIGHT="45" HPOS="283" VPOS="3618" WIDTH="39" />
<SP HEIGHT="45" HPOS="323" VPOS="3618" WIDTH="27" />
<String CONTENT="1936;" HEIGHT="42" HPOS="351" VPOS="3615" WIDTH="139" />
<SP HEIGHT="40" HPOS="491" VPOS="3617" WIDTH="29" />
<String CONTENT="2c." HEIGHT="40" HPOS="521" VPOS="3617" WIDTH="66" />
<SP HEIGHT="40" HPOS="588" VPOS="3617" WIDTH="29" />
<String CONTENT="Jan." HEIGHT="39" HPOS="618" VPOS="3617" WIDTH="108" />
<SP HEIGHT="38" HPOS="727" VPOS="3618" WIDTH="27" />
<String CONTENT="4;" HEIGHT="45" HPOS="755" VPOS="3618" WIDTH="54" />
<SP HEIGHT="35" HPOS="810" VPOS="3628" WIDTH="31" />
<String CONTENT="aff." HEIGHT="41" HPOS="842" VPOS="3617" WIDTH="81" />
<SP HEIGHT="41" HPOS="924" VPOS="3617" WIDTH="28" />
<String CONTENT="Jan." HEIGHT="40" HPOS="953" VPOS="3617" WIDTH="109" />
<SP HEIGHT="41" HPOS="1063" VPOS="3615" WIDTH="26" />
<String CONTENT="9;" HEIGHT="48" HPOS="1090" VPOS="3615" WIDTH="53" />
<SP HEIGHT="46" HPOS="1144" VPOS="3617" WIDTH="29" />
<String CONTENT="A" HEIGHT="39" HPOS="1174" VPOS="3617" WIDTH="41" />
<SP HEIGHT="41" HPOS="1216" VPOS="3615" WIDTH="25" />
<String CONTENT="90227;" HEIGHT="49" HPOS="1242" VPOS="3615" WIDTH="171" />
<SP HEIGHT="45" HPOS="1414" VPOS="3619" WIDTH="30" />
<String CONTENT="McGraw-Hill" HEIGHT="41" HPOS="1445" VPOS="3617" WIDTH="350" />
<SP HEIGHT="39" HPOS="1796" VPOS="3619" WIDTH="29" />
<String CONTENT="book" HEIGHT="39" HPOS="1826" VPOS="3619" WIDTH="123" />
<SP HEIGHT="41" HPOS="1950" VPOS="3619" WIDTH="27" />
<String CONTENT="co.," HEIGHT="40" HPOS="1978" VPOS="3627" WIDTH="83" />
</TextLine>
<TextLine HEIGHT="49" HPOS="133" VPOS="3672" WIDTH="407">
<String CONTENT="inc." HEIGHT="41" HPOS="133" VPOS="3672" WIDTH="90" />
<SP HEIGHT="47" HPOS="224" VPOS="3673" WIDTH="66" />
<String CONTENT="(36-3933)" HEIGHT="49" HPOS="291" VPOS="3672" WIDTH="249" />
</TextLine>
<TextLine HEIGHT="66" HPOS="66" STYLEREFS="StyleId-900EB21B-B380-411D-86BF-6171EA9162FA-" VPOS="3759" WIDTH="946">
<String CONTENT="Shryock," HEIGHT="64" HPOS="66" VPOS="3759" WIDTH="282" />
<SP HEIGHT="61" HPOS="349" VPOS="3762" WIDTH="27" />
<String CONTENT="John" HEIGHT="52" HPOS="377" VPOS="3762" WIDTH="153" />
<SP HEIGHT="50" HPOS="531" VPOS="3763" WIDTH="29" />
<String CONTENT="Knight," HEIGHT="63" HPOS="561" VPOS="3762" WIDTH="249" />
<SP HEIGHT="56" HPOS="811" VPOS="3769" WIDTH="30" />
<String CONTENT="1890-" HEIGHT="49" HPOS="842" VPOS="3768" WIDTH="170" />
</TextLine>
<TextLine HEIGHT="70" HPOS="135" STYLEREFS="StyleId-56C444DA-25A1-41B5-8910-0CA74422B820-" VPOS="3838" WIDTH="1920">
<String CONTENT="Desire" HEIGHT="52" HPOS="135" VPOS="3838" WIDTH="197" />
<SP HEIGHT="33" HPOS="333" VPOS="3857" WIDTH="36" />
<String CONTENT="and" HEIGHT="50" HPOS="370" VPOS="3840" WIDTH="109" />
<SP HEIGHT="50" HPOS="480" VPOS="3840" WIDTH="37" />
<String CONTENT="the" HEIGHT="52" HPOS="518" VPOS="3840" WIDTH="92" />
<SP HEIGHT="34" HPOS="611" VPOS="3858" WIDTH="36" />
<String CONTENT="universe;" HEIGHT="65" HPOS="648" VPOS="3841" WIDTH="287" />
<SP HEIGHT="48" HPOS="936" VPOS="3858" WIDTH="40" />
<String CONTENT="a" HEIGHT="34" HPOS="977" VPOS="3858" WIDTH="31" />
<SP HEIGHT="35" HPOS="1009" VPOS="3858" WIDTH="35" />
<String CONTENT="study" HEIGHT="66" HPOS="1045" VPOS="3840" WIDTH="172" />
<SP HEIGHT="49" HPOS="1218" VPOS="3857" WIDTH="35" />
<String CONTENT="of" HEIGHT="52" HPOS="1254" VPOS="3839" WIDTH="63" />
<SP HEIGHT="52" HPOS="1318" VPOS="3839" WIDTH="33" />
<String CONTENT="religions," HEIGHT="68" HPOS="1352" VPOS="3839" WIDTH="288" />
<SP HEIGHT="66" HPOS="1641" VPOS="3841" WIDTH="34" />
<String CONTENT="by" HEIGHT="67" HPOS="1676" VPOS="3841" WIDTH="75" />
<SP HEIGHT="66" HPOS="1752" VPOS="3842" WIDTH="35" />
<String CONTENT="John" HEIGHT="53" HPOS="1788" VPOS="3842" WIDTH="155" />
<SP HEIGHT="52" HPOS="1944" VPOS="3842" WIDTH="36" />
<String CONTENT="K." HEIGHT="54" HPOS="1981" VPOS="3842" WIDTH="74" />
</TextLine>
<TextLine CS="1" HEIGHT="70" HPOS="70" STYLEREFS="StyleId-56C444DA-25A1-41B5-8910-0CA74422B820-" VPOS="3913" WIDTH="1685">
<String CONTENT="Shryock" HEIGHT="67" HPOS="70" VPOS="3913" WIDTH="253" />
<SP HEIGHT="52" HPOS="324" VPOS="3915" WIDTH="37" />
<String CONTENT="&#8230;" CS="1" />
<SP HEIGHT="49" HPOS="418" VPOS="3918" WIDTH="77" />
<String CONTENT="Philadelphia," HEIGHT="67" HPOS="496" VPOS="3916" WIDTH="424" />
<SP HEIGHT="64" HPOS="921" VPOS="3919" WIDTH="34" />
<String CONTENT="The" HEIGHT="51" HPOS="956" VPOS="3918" WIDTH="119" />
<SP HEIGHT="54" HPOS="1076" VPOS="3917" WIDTH="34" />
<String CONTENT="Centaur" HEIGHT="54" HPOS="1111" VPOS="3917" WIDTH="250" />
<SP HEIGHT="40" HPOS="1362" VPOS="3936" WIDTH="33" />
<String CONTENT="press," HEIGHT="44" HPOS="1396" VPOS="3936" WIDTH="173" />
<SP HEIGHT="59" HPOS="1570" VPOS="3921" WIDTH="35" />
<String CONTENT="1935." HEIGHT="50" HPOS="1606" VPOS="3921" WIDTH="149" />
</TextLine>
</TextBlock>
</PrintSpace>
</Page>
</Layout>
</alto>