2519 4377
1301 4138 100 55 770

420 532 58 42 19
507 543 42 39 p.
609 532 56 41 23½cm.

422 590 64 41 At
510 590 125 41 head
661 589 52 42 of
741 588 108 42 title;
906 589 101 40 The
1034 589 285 40 Newcomen
1349 587 193 49 society.
1604 587 258 43 American
1890 589 197 41 branch.

423 646 146 41 “This
600 646 202 41 address
833 655 102 32 was
966 645 243 42 delivered
1239 645 62 48 by
1331 644 262 42 invitation
1625 645 166 41 before
1821 645 83 42 the
1936 645 258 42 American
352 647 1990 97 Newcomen
543 714 61 30 on
630 703 224 48 January
878 702 70 47 21,
975 702 117 41 1936
1117 704 54 39 at
1195 701 354 49 Philadelphia,
1577 702 178 49 during
1778 701 82 42 the
1886 703 137 40 Watt
2051 702 311 49 bicentenary

351 759 50 40 in
433 760 81 41 the
544 759 181 42 United
758 758 207 43 States.”

352 812 53 54 ©
442 818 114 47 May
592 817 70 48 15,
695 815 141 47 1936;
874 816 68 43 2c.
979 817 115 47 May
1127 815 82 47 22;
1249 815 82 41 aff.
1368 816 115 48 May
1517 814 83 48 27;
1639 814 42 41 A
1714 813 173 48 95419;
1929 815 45 41 S.
2012 816 62 39 M.
2110 814 255 49 Vauclain,

419 872 359 50 Philadelphia.
843 872 282 49 (36-12845)

352 977 153 67 Veit,
535 979 163 57 Otto.

428 1099 55 9 ...
530 1055 109 54 Die
680 1054 196 69 tragik
916 1054 97 54 des
1052 1053 364 55 technischen
1458 1051 314 69 Zeitalters;
1814 1052 231 54 mensch
2084 1051 119 54 und
354 1071 1979 116 maschine
580 1132 80 54 im
697 1135 80 52 19.
813 1132 401 68 jahrhundert.
1292 1131 219 67 Berlin,
1550 1129 56 56 S.
1644 1130 252 68 Fischer,
1933 1133 150 51 1935.

422 1203 88 41 226
537 1214 58 39 p.,
627 1204 25 40 1
709 1235 8 10 l.
778 1191 155 61 diagr.
994 1203 56 41 22
1053 1206 44 22 cm
1102 1236 9 9 .

423 1259 527 50 “Literatur-anhang”;
1011 1271 44 38 p.
1089 1259 250 52 [223]-226.

351 1317 53 53 ©
434 1322 118 39 Nov.
585 1321 70 48 14,
687 1319 118 42 1935;
893 1331 37 30 1c.
963 1321 122 40 Mar.
1118 1319 70 49 19,
1220 1319 118 41 1936;
1396 1319 314 49 A-Foreign
1740 1318 144 42 30967;
1951 1319 45 41 S.
2030 1318 206 42 Fischer
2262 1328 103 31 ver-

421 1379 92 47 lag,
542 1388 104 39 a.-g.
712 1376 282 50 (36-12482)

349 1481 166 65 Wall,
541 1479 358 67 Alexander,
929 1482 172 56 1879-

423 1559 152 54 How
601 1564 60 49 to
690 1558 261 55 evaluate
978 1556 270 57 financial
1277 1562 350 65 statements,
1652 1557 80 70 by
1756 1556 331 54 Alexander
2115 1557 157 55 Wall
2303 1599 56 11 ...

352 1640 140 51 New
522 1637 164 54 York
716 1637 112 53 and
856 1638 260 64 London,
1146 1638 234 67 Harper
1408 1640 47 50 &
1480 1635 281 68 brothers,
1790 1639 149 50 1936.

460 1742 8 17 x,
490 1712 90 41 319
598 1723 44 38 p.
704 1712 180 48 diagrs.
944 1712 58 40 24
1004 1714 45 22 cm
1053 1743 9 9 .

425 1767 1938 51 Part II , Case reports, consists of a series of cases for study, in which
354 1826 82 39 the
459 1825 263 49 principles
740 1825 259 48 explained
1022 1824 51 41 in
1096 1827 112 47 part
1230 1835 19 30 i
1270 1835 84 31 are
1374 1827 88 46 put
1484 1824 103 41 into
1609 1825 165 41 actual
1801 1834 98 31 use.
1953 1824 62 49 cf.
2042 1824 273 41 Foreword.

426 1881 162 42 “First
609 1881 229 42 edition.”

349 1935 53 54 ©
432 1940 127 40 June
590 1939 39 48 8,
660 1938 143 49 1936;
836 1938 68 42 2c.
936 1940 130 40 June
1094 1939 53 47 6;
1182 1938 82 41 aff.
1297 1939 130 40 June
1456 1938 82 47 10;
1572 1938 45 42 A
1645 1937 171 48 94841;
1851 1939 195 49 Harper
2080 1938 36 41 &
2147 1939 125 40 bros.

428 1995 283 49 (36-12825)

349 2098 238 65 Welter,
616 2098 285 55 Gustave.

427 2218 56 10 ...
529 2175 262 54 Histoire
832 2176 69 54 de
940 2177 56 52 la
1037 2175 204 54 Russie
1284 2175 389 68 communiste,
1715 2172 328 57 1917-1935.
2121 2174 242 55 Préface

348 2254 70 55 de
446 2254 242 55 Francis
716 2254 235 55 Delaisi.
1017 2254 186 70 Paris,
1230 2255 207 69 Payot,
1466 2258 152 51 1935.

418 2329 1146 50 222 p. 22 ½ cm . (Bibliothèque historique)
418 2387 65 41 At
508 2388 126 41 head
662 2388 52 40 of
740 2386 110 42 title;
911 2418 45 10 ...
988 2387 52 42 G.
1068 2389 197 40 Welter.

348 2441 54 53 ©
429 2445 129 49 Sept.
583 2444 69 49 17,
679 2445 115 41 1935;
878 2456 37 30 1c.
942 2446 112 40 Feb.
1080 2446 68 48 17,
1176 2444 116 41 1936;
1345 2443 311 50 A-Foreign
1682 2443 149 42 30498;
1883 2445 170 47 Payot.

429 2502 283 49 (36-12108)

348 2603 448 67 Yeats-Brown,
824 2604 248 55 Francis
1095 2605 249 55 Charles
1369 2604 279 65 Claypon,
1677 2610 172 50 1886-

425 2723 56 10 ...
522 2681 243 54 Lancier
803 2681 75 54 du
918 2682 255 68 Bengale
1222 2682 251 69 (Bengal
1510 2681 219 69 lancer)
1776 2680 226 54 traduit
2038 2699 105 50 par
2178 2682 78 51 M.
2296 2682 64 53 L.

348 2759 1047 69 Chaulin. [Paris] Hachette [ 1935]
420 2833 99 49 259,
556 2834 55 50 [1]
646 2844 44 38 p.
751 2833 147 42 18½cm.

420 2890 64 42 At
509 2890 125 43 head
662 2890 53 43 of
740 2890 108 42 title;
904 2890 52 43 F.
983 2891 150 42 Yeats
1160 2892 193 41 Brown.

421 2946 403 50 Autobiography
850 2948 53 41 of
924 2960 27 29 a
977 2948 189 41 British
1191 2950 200 47 cavalry
1416 2949 158 41 officer
1600 2948 48 40 in
1669 2958 207 39 pre-war
1901 2948 144 41 India
2071 2951 95 40 and
2191 2959 62 30 on
2278 2950 85 42 the

351 3005 208 40 western
594 3004 150 48 front,
784 3005 108 40 who
926 3007 127 39 later
1090 3006 193 40 became
1320 3017 26 29 a
1386 3006 211 40 member
1634 3005 51 42 of
1721 3007 86 40 the
1842 3007 157 48 Royal
2037 3006 150 49 flying
2220 3016 140 39 corps

350 3059 49 41 in
428 3061 369 48 Mesopotamia.
852 3062 102 41 The
981 3061 184 50 closing
1192 3063 227 48 chapters
1447 3072 204 31 concern
1678 3062 77 41 his
1781 3063 297 48 subsequent
2100 3065 182 39 travels
2312 3063 49 41 in

353 3116 139 41 India
527 3118 96 39 and
654 3117 109 48 give
793 3118 76 41 his
900 3119 378 48 interpretation
1315 3119 51 41 of
1397 3120 82 40 the
1512 3118 167 42 Hindu
1713 3120 289 49 philosophy
2036 3121 210 48 through
2279 3121 81 40 the

351 3172 209 41 medium
589 3173 52 41 of
670 3174 76 41 his
775 3186 106 29 own
908 3177 226 46 personal
1164 3175 297 49 experience.

349 3227 1992 109 © Nov. 28, 1935; 1c. Feb. 20, 1936; A-Foreign 30775; Librairie Hachette. (36-11242)
347 3389 221 64 Yellen,
597 3392 256 64 Samuel,
885 3397 172 50 1906-

418 3467 308 55 American
763 3470 162 53 labor
962 3471 302 68 struggles,
1303 3472 74 67 by
1417 3471 228 56 Samuel
1686 3472 219 54 Yellen.
2000 3475 138 52 New
2179 3472 179 68 York,

349 3549 311 58 Harcourt,
687 3550 182 53 Brace
895 3550 111 52 and
1032 3568 279 50 company
1343 3585 12 33 [
1361 3558 18 21 c
1385 3556 133 49 1936
1524 3585 12 34 ]

428 3621 134 46 xviii,
593 3621 86 42 398
710 3633 41 37 p.
813 3621 128 41 illus.
972 3622 133 48 (incl.
1134 3623 163 48 maps)
1336 3625 173 47 plates.
1570 3624 55 40 22
1628 3627 45 21 cm
1679 3658 8 8 .

419 3676 162 42 “First
609 3678 231 42 edition.”

425 3736 177 39 “Notes
637 3737 94 38 and
770 3735 303 42 references”;
1139 3748 41 37 p.
1217 3737 218 41 359-381.

698 3793 163 39 CONTENTS.—The
888 3792 214 41 railroad
1132 3792 245 49 uprisings
1403 3794 53 39 of
1482 3794 677 48 1877.—Haymarket.—The
348 3796 1993 92 Homestead
527 3848 444 42 lockout.—Strike
1012 3852 50 38 at
1108 3849 604 49 Pullman.—Anthracite,
1760 3850 293 43 1902.—The
2098 3851 262 41 Lawrence

350 3905 418 48 strike.—Bloody
801 3906 423 45 Ludlow.-—Steel,
1260 3905 294 42 1919.—The
1581 3908 233 39 southern
1849 3907 172 43 textile
2053 3906 180 42 strikes
2264 3908 96 40 and

349 3960 706 49 Gastonia.—Longshoremen
1088 3974 61 29 on
1183 3963 82 40 the
1300 3965 122 39 west
1452 3965 149 39 coast.

350 4013 53 53 ©
432 4016 109 42 Feb.
573 4019 67 46 13,
673 4018 113 41 1936;
844 4019 66 40 2c.
941 4020 95 39 and
1067 4019 82 41 aff.
1181 4019 108 40 Feb.
1320 4019 81 45 21;
1435 4021 38 38 A
1501 4019 172 47 91855;
1710 4020 43 41 S.
1787 4020 181 49 Yellen,
2001 4019 354 47 Bloomington,

423 4075 103 39 Ind.
594 4075 256 46 (36-27097
862 4077 13 47 )
