2519 4377
1373 4155 103 49 364

496 544 1930 55 (In Pennsylvania German society. Proceedings … 1931-1934.
422 603 348 53 [Norristown,
810 605 101 51 Pa.]
956 605 134 43 1935.
1158 606 161 41 26½cm.
1387 603 94 45 vol.
1630 637 10 16 XLV,
1682 618 46 39 p.
1769 605 40 50 1,
1866 603 67 52 [ii],
1992 604 186 52 [7]-303,
2221 626 56 31 [1]
2348 618 80 39 pl.,

418 660 251 53 facsims.)

487 719 380 47 Bibliography:
901 729 43 38 p.
977 716 218 43 223-303.

414 775 53 53 ©
499 780 113 39 Dec.
644 779 71 48 24,
750 778 141 47 1935;
957 789 37 29 1c.
1029 779 112 39 Dec.
1176 778 83 47 28;
1325 789 36 30 1c.
1398 779 110 40 Feb.
1543 779 40 47 6,
1618 778 141 47 1936;
1797 778 83 41 aff.
1915 778 113 41 Feb.
2061 778 83 47 27;
2179 778 44 40 A
2255 778 170 47 91937;

484 836 362 48 Pennsylvania
872 836 213 40 German
1111 846 93 29 soc.
1270 835 253 50 (36-8112)

415 939 194 65 Breul,
636 939 146 54 Karl
810 939 327 63 Hermann,
1169 944 328 52 1860-1932.

485 1015 263 55 Cassell’s
784 1034 125 35 new
949 1015 532 70 German-English
1521 1014 345 71 dictionary,
1903 1014 142 54 with
2087 1033 32 35 a
2160 1011 269 72 phonetic

413 1093 106 71 key
545 1100 59 49 to
632 1095 96 53 the
757 1094 445 69 pronunciation
1232 1094 65 53 of
1322 1095 96 52 the
1447 1093 253 56 German
1728 1094 206 68 words,
1961 1094 79 69 by
2068 1093 149 54 Karl
2249 1092 178 54 Breul

476 1172 1953 71 … thoroughly rev. and enl. by J. Heron Lepper, B . A., and
414 1255 276 68 Rudolph
721 1254 393 54 Kottenhahn.
1188 1257 161 65 [Part
1382 1259 44 49 1.
1458 1254 548 68 German-English]
2079 1256 139 52 New
2249 1254 180 68 York,

414 1334 172 52 Funk
614 1334 114 52 and
754 1333 302 66 Wagnalls
1084 1352 281 48 company
1416 1336 176 64 [c1936]

554 1406 593 50 xv p., 1 l., 813 p. 21½cm.
485 1461 72 41 On
584 1472 142 30 cover:
784 1460 228 42 Cassell’s
1039 1472 108 30 new
1175 1460 212 41 German
1414 1460 290 47 dictionary.

486 1519 134 41 First
645 1518 200 54 edition,
871 1518 235 48 compiled
1134 1519 62 48 by
1221 1518 121 42 Miss
1369 1518 255 41 Elizabeth
1651 1517 148 50 Weir,
1826 1516 262 51 published
2111 1517 51 41 in
2187 1516 129 43 1888.

486 1576 287 50 Previously
816 1576 258 49 published
1119 1577 61 48 by
1222 1577 57 41 D.
1326 1575 50 43 C.
1424 1577 167 41 Heath
1637 1576 37 41 &
1720 1586 67 31 co.
1836 1576 155 42 under
2037 1575 135 43 title:
2222 1574 208 44 Heath’s

415 1634 212 42 German
648 1636 95 40 and
769 1634 203 49 English
996 1636 289 47 dictionary,
1311 1636 93 40 and
1430 1636 58 47 by
1513 1634 187 42 Cassell
1725 1636 95 40 and
1844 1645 238 39 company
2106 1636 95 40 and
2225 1635 143 41 Funk
2391 1634 37 41 &

419 1691 248 49 Wagnalls
698 1703 236 38 company
965 1695 155 39 under
1149 1694 109 40 title:
1318 1694 40 39 A
1387 1704 108 31 new
1527 1693 212 41 German
1771 1694 97 40 and
1900 1693 207 49 English
2140 1693 289 50 dictionary.

416 1748 55 54 ©
503 1754 123 39 Mar.
660 1754 39 47 5,
735 1753 141 48 1936;
912 1753 68 42 2c.
1015 1755 96 38 and
1146 1753 81 41 aff.
1265 1755 122 39 Mar.
1421 1754 83 47 18;
1542 1754 41 39 A
1616 1753 172 49 93550;
1826 1755 144 40 Funk
2004 1755 37 40 &
2074 1756 252 47 Wagnalls
2362 1766 67 30 co.

495 1810 253 48 (36-8209)

419 1911 301 68 [Chappie,
746 1912 157 55 John
930 1912 304 67 Bowman]
1269 1919 172 50 1899-

485 1990 335 53 LaFollette
856 1989 142 53 road
1032 1995 59 47 to
1130 1989 600 54 communism—must
1762 2009 82 34 we
1879 2008 72 51 go
1991 1990 230 52 further
2258 1988 173 72 along

416 2068 127 53 that
583 2068 177 53 road?
842 2068 55 52 A
936 2068 150 53 book
1125 2068 64 54 of
1232 2068 166 68 facts,
1440 2066 283 70 evidence,
1764 2068 414 69 photographs.

414 2067 1992 147 [Ashland,
599 2146 160 67 Wis.,
787 2148 175 65 c1936]

545 2217 1493 51 11 p. l., 170 p. 88 pl. (incl. ports., facsims.) on 44 l. 28½cm.
490 2276 102 47 “By
619 2276 130 40 John
776 2277 54 39 B.
862 2275 406 49 Chappie.”—4th
1298 2276 186 48 prelim,
1512 2276 114 42 leaf.

417 2332 54 53 ©
501 2338 122 38 Mar.
653 2336 70 48 30,
755 2336 115 40 1936;
927 2337 68 40 2c.
1026 2337 96 39 and
1152 2335 82 41 aff.
1265 2337 115 47 Apr.
1410 2336 25 40 6;
1497 2337 40 38 A
1566 2335 149 42 93549;
1773 2337 42 40 J.
1848 2338 54 40 B.
1935 2337 229 50 Chappie,
2196 2338 234 48 Ashland,

487 2392 117 42 Wis.
673 2393 253 49 (36-8323)

491 2497 53 52 A
573 2495 288 66 complete
893 2514 194 35 course
1117 2497 62 52 in
1212 2496 275 68 canning;
1522 2495 171 69 being
1724 2515 34 34 a
1787 2496 290 69 thorough
2109 2495 320 70 exposition

419 2574 64 54 of
520 2575 98 53 the
651 2575 123 54 best
811 2574 278 68 practical
1124 2575 261 54 methods
1424 2574 64 53 of
1525 2574 394 68 hermetically
1956 2575 220 67 sealing
2214 2575 216 53 canned

419 2652 184 68 foods,
647 2653 337 68 preserving
1028 2653 177 53 fruits
1251 2653 113 53 and
1408 2653 339 67 vegetables,
1791 2653 114 55 and
1947 2654 97 53 the
2086 2653 239 68 making
2367 2652 64 55 of

418 2730 373 68 condiments,
829 2729 209 56 flavors
1080 2731 114 53 and
1232 2730 336 68 specialties.
1645 2732 97 52 6th
1782 2731 105 67 ed.,
1925 2731 352 67 thoroughly
2315 2748 114 38 rev.

423 2809 356 68 [Baltimore,
803 2811 168 52 Press
996 2809 63 53 of
1085 2810 95 53 the
1207 2809 268 67 Canning
1499 2810 181 66 trade]
1714 2812 150 52 1936.

490 2881 885 51 1 p. l. , [5]-352 p. diagr. 23 ½ cm.
493 2938 318 50 Advertising
838 2941 208 40 matter:
1080 2951 43 38 p.
1160 2940 268 51 (340]-[346]

418 2995 54 52 ©
497 2999 115 48 Apr.
641 2999 39 47 1,
709 2998 118 41 1936;
880 2997 67 41 2c.
976 3000 97 39 and
1101 2998 82 41 aff.
1211 2999 114 48 Apr.
1354 2998 53 47 2;
1438 2999 40 39 A
1506 2998 172 47 93515;
1710 2997 224 50 Canning
1961 2999 156 46 trade,
2147 2998 283 41 Baltimore.

499 3055 253 49 (36-8391)

420 3160 242 63 Cooper,
688 3160 169 53 Jesse
885 3160 131 53 Van
1045 3158 176 66 Cleft,
1254 3165 171 49 1882-

552 3236 1876 68 … The champion cross word puzzle book; one hundred
420 3314 250 68 original
707 3333 151 36 cross
893 3316 157 52 word
1087 3316 227 65 puzzles
1351 3315 63 52 of
1448 3315 247 66 varying
1731 3315 204 66 grades
1973 3315 94 51 for
2105 3314 92 53 the

418 3313 1986 133 enjoyment
605 3393 64 53 of
702 3411 168 48 every
902 3396 142 50 class
1075 3394 63 52 of
1171 3393 230 66 solvers,
1432 3394 75 64 by
1539 3395 56 54 J.

420 3392 1984 146 Van Cleft Cooper … including a dictionary
1101 3470 63 52 of
1195 3471 230 52 obscure
1456 3471 185 52 words
1673 3471 320 65 commonly
2023 3470 135 52 used
2190 3471 60 51 in
2279 3487 150 36 cross

418 3550 158 53 word
624 3549 199 67 puzzle
871 3548 402 55 construction.
1354 3548 205 67 [Series
1605 3553 130 62 two]
1816 3547 428 68 Philadelphia,
419 3548 1983 146 Chicago

607 3630 120 63 [etc.]
758 3627 121 53 The
904 3628 157 54 John
1089 3627 61 54 C.
1174 3625 268 57 Winston
1467 3645 281 48 company
1796 3629 176 63 [c1936]

494 3701 85 39 223
609 3711 41 37 p.
711 3699 180 49 diagrs.
950 3700 115 39 21cm.

420 3752 54 54 ©
498 3757 111 42 Feb.
632 3757 70 46 18,
729 3756 114 41 1936;
896 3756 67 41 2c.
990 3757 121 40 Mar.
1136 3756 54 40 13;
1246 3755 82 41 aff.
1355 3756 121 41 Mar.
1503 3755 55 39 14;
1614 3755 39 39 A
1678 3754 144 41 93165;
1878 3754 129 40 John
2035 3755 49 40 C.
2112 3753 224 41 Winston
2361 3763 67 31 co.

420 3873 314 66 Copeland,
758 3873 212 68 Lewis,
996 3875 85 54 ed.

487 3951 124 53 The
656 3949 229 54 world’s
926 3951 123 53 best
1089 3950 176 69 jokes,
1308 3950 190 52 edited
1543 3949 74 68 by
1663 3947 183 55 Lewis
1894 3948 313 68 Copeland.
2289 3948 139 52 New

420 4029 180 68 York,
629 4029 147 53 Blue
802 4029 197 53 ribbon
1031 4029 175 55 books
1259 4032 175 64 [c1936]
