2519 4377
1003 4095 61 45 1025

97 439 312 53 American
438 440 230 64 mining
692 457 295 47 congress.

171 534 130 49 1936
348 550 134 46 year
529 531 147 52 book
723 550 69 33 on
840 532 115 51 coal
1008 531 148 52 mine
1205 530 464 54 mechanization.
1755 530 211 53 Edited
2017 532 73 66 by

101 606 1989 70 E. K. Coombes … Washington, D. C., The American mining
95 703 275 49 congress,
396 692 17 21 c
419 689 149 49 1936.

162 758 84 40 326
278 769 43 36 p.
382 758 126 39 illus.
539 757 132 45 (incl.
708 760 172 47 ports.)
923 758 176 48 diagrs.
1164 759 54 39 23
1224 761 14 21 cm
1273 791 7 7 .

96 824 53 52 ©
177 828 115 47 July
323 829 68 42 27.
422 827 139 41 1936;
596 829 65 38 2c.
696 828 93 39 and
821 828 81 40 aff.
935 829 118 44 Aug.
1085 830 26 38 7;
1172 829 41 38 A
1242 827 143 41 97307;
1444 829 157 38 Amer,
1635 826 184 47 mining
1849 836 240 31 congress.

94 946 336 65 Archibald,
459 948 307 63 Raymond
794 946 185 64 Clare,
1011 948 168 54 1875-

164 1035 233 56 Outline
433 1036 63 53 of
530 1037 94 53 the
663 1037 221 68 history
921 1035 64 54 of
1018 1036 411 68 mathematics,
1464 1037 75 67 by
1576 1037 302 67 Raymond
1919 1037 168 54 Clare

91 1113 1971 148 Archibald … 3d ed., rev. and enl. … Oberlin, O., Mathematical association of America, inc., 1936.
164 1268 24 38 1
216 1277 44 37 p.
286 1267 44 46 l.,
360 1266 57 40 62
443 1277 43 37 p.
545 1267 54 40 23
603 1269 43 21 cm
652 1299 10 9 .

169 1323 145 40 “This
344 1322 182 41 outline
559 1322 206 41 consists
798 1323 50 39 of
880 1325 94 38 two
1006 1323 209 40 lectures
1248 1323 242 40 delivered
1524 1324 52 38 at
1609 1323 80 40 the
1721 1323 284 49 University
2039 1325 50 39 of

96 1380 271 40 Minnesota
397 1379 50 39 in
476 1380 277 48 September
779 1380 127 48 1931,
934 1381 51 39 at
1012 1390 28 30 a
1066 1389 210 31 summer
1304 1380 161 40 school
1490 1380 78 40 for
1595 1380 311 48 engineering
94 1383 1976 92 teachers

207 1436 257 48 organized
501 1437 59 47 by
597 1438 81 39 the
717 1436 190 49 Society
942 1437 78 39 for
1057 1438 80 38 the
1174 1436 271 48 promotion
1484 1437 51 40 of
1573 1437 310 48 engineering
95 1439 1971 96 education.”—Pref.
459 1496 48 38 to
533 1495 82 40 the
640 1494 61 41 2d
728 1495 71 40 ed.

167 1551 85 39 “In
293 1550 99 40 this
434 1551 181 40 edition
659 1561 115 37 very
818 1561 259 30 numerous
1121 1552 208 47 changes
1373 1552 92 39 and
1512 1552 245 40 additions
1804 1553 121 39 have
1970 1553 114 39 been

93 1607 521 44 introduced.”—Pref.
647 1612 49 37 to
727 1610 80 40 the
835 1609 59 44 3d
927 1610 70 40 ed.

165 1665 305 42 “Literature
497 1666 84 40 list
611 1668 95 39 and
734 1666 166 41 notes”;
957 1677 42 38 p.
1030 1666 156 41 51-62.

91 1732 53 53 ©
175 1738 125 39 June
329 1738 38 46 1,
399 1736 113 41 1936;
569 1737 67 40 2c.
668 1738 129 38 June
823 1737 54 40 17;
938 1738 81 39 aff.
1053 1737 111 47 July
1196 1738 51 45 8;
1281 1738 41 38 A
1350 1737 171 46 97071;
1556 1738 370 40 Mathematical
1956 1746 130 31 assn,

161 1794 51 38 of
243 1793 235 45 America,
515 1794 88 40 inc.
676 1794 279 47 (36-17353)

89 1898 223 64 Bailey,
338 1899 205 63 Henry
570 1898 407 64 Christopher.

160 1976 121 52 The
305 1976 144 52 dead
472 1976 199 52 leaves.

164 2049 83 47 (In
277 2044 230 43 Windsor
542 2044 275 52 magazine,
850 2044 132 52 July,
1018 2045 143 49 1936)

91 2100 1993 53 © 1c. Aug 20, 1936; A ad int. 21767; pubd. June 25; H. C. Bailey,
160 2161 210 40 London.

88 2266 260 61 Barrett,
374 2267 135 50 Mrs.
536 2264 332 54 Katharine
892 2264 162 54 Ruth
1087 2262 206 68 (Ellis)
1330 2267 169 52 1879-

161 2343 159 66 Katy
350 2341 64 52 of
444 2342 95 53 the
569 2341 238 68 eighties;
870 2340 128 70 sing
1032 2359 142 50 song
1202 2341 245 68 rhymes,
1474 2340 75 67 by
1581 2339 323 54 Katharine
1937 2339 148 53 Ellis

94 2420 248 52 Barrett.
409 2418 186 54 Cedar
625 2419 239 67 Rapids,
933 2439 65 47 Ia.,
1029 2419 120 51 The
1181 2418 186 52 Torch
1398 2437 155 49 press
1592 2451 12 33 [
1609 2425 19 20 c
1632 2421 153 63 1936]

163 2492 740 49 83 p. front. (port.) 20½ cm .
90 2545 53 52 ©
182 2550 115 46 July
336 2551 39 45 7,
416 2549 113 40 1936;
597 2548 67 41 2c.
705 2549 116 46 July
859 2550 82 41 15;
983 2548 80 40 aff.
1105 2548 115 47 July
1261 2550 79 45 13;
1380 2549 40 38 A
1459 2548 171 46 97159;
1673 2549 59 39 K.
1773 2549 52 39 E.
1867 2548 215 41 Barrett,

160 2605 218 47 Cornish,
454 2639 8 7 N.
491 2607 58 38 H.
618 2605 279 46 (36-17322)

87 2709 252 64 Baruch,
367 2712 135 51 Mrs.
531 2710 270 63 Dorothy
827 2709 242 54 Walter.

161 2785 121 52 The
305 2784 185 67 funny
512 2785 149 52 little
682 2786 69 51 boy,
831 2786 74 67 by
928 2785 263 67 Dorothy
1211 2785 222 53 Walter
1456 2784 228 53 Baruch;
1740 2785 247 67 pictures
2010 2785 72 68 by

91 2862 203 56 Lietta.
367 2864 233 66 Boston,
637 2863 138 52 New
814 2863 179 67 York,
1029 2863 276 68 Lothrop,
1339 2863 109 52 Lee
1485 2862 112 54 and
1639 2862 260 70 Shepard
90 2882 1967 126 company.
304 2944 149 51 1936.

165 3014 787 49 [36] p. col. illus. 18½ × 17 cm .
162 3072 286 39 Illustrated
479 3073 97 45 t.-p.
605 3072 96 39 and
729 3071 362 47 lining-papers.

87 3123 53 52 ©
175 3128 114 46 July
324 3127 68 43 20.
428 3128 138 41 1936;
604 3127 68 39 2c.
710 3127 114 46 July
857 3127 81 46 21;
978 3127 81 40 aff.
1095 3127 113 46 July
1244 3127 82 46 30;
1365 3128 43 39 A
1440 3127 169 48 97187;
1650 3128 227 48 Lotlirop,
1915 3129 94 41 Lee
2047 3130 35 39 &

161 3183 217 48 Shepard
406 3193 66 31 co.
540 3183 279 48 (36-17327)

87 3286 282 63 Bernard,
398 3286 155 55 José.

86 3351 1973 154 … Le mort dans la forêt, roman policier. Paris, Les Éditions de France, c 1936.
156 3511 1663 50 2 p. l., 248 p., 1 l. 18 ½ cm . (On cover; A ne pas lire la nuit)
87 3568 1993 58 © Mar. 25, 1936; 1c. May 11; A- Foreign 31730; Éditions de France.
169 3633 277 49 (36-17422)

88 3733 274 67 Bigelow,
389 3737 254 53 Howard
674 3738 246 63 French,
951 3743 168 49 1896-

159 3813 226 65 Family
424 3814 213 52 finance;
710 3833 30 33 a
779 3814 170 66 study
987 3814 58 51 in
1083 3815 95 51 the
1216 3814 309 53 economics
1564 3814 63 52 of
1666 3813 412 68 consumption,

91 3889 1926 69 by Howard F. Bigelow … edited by Benjamin R. Andrews …
91 3965 1826 71 Chicago, Philadelphia, J. B. Lippincott company [ c 1936]
