2519 4377
89 440 185 65 Allen,
300 439 238 53 Merritt
564 437 319 66 Parmelee,
912 442 168 51 1892-

158 527 258 55 Raiders’
462 528 198 68 hoard,
707 527 74 69 by
828 528 232 53 Merritt
1108 527 290 54 Parmelee
1446 527 188 53 Allen.
1708 528 135 52 New
1897 528 178 66 York,

87 610 267 64 Toronto,
382 608 343 67 Longmans,
754 606 185 54 Green
969 607 112 52 and
1112 624 96 48 co.,
1239 610 148 49 1936.

159 681 26 40 3
215 691 42 37 p.
324 711 9 18 l.,
364 680 86 40 262
479 690 42 37 p.
582 679 129 41 illus.
771 678 57 41 19½
858 681 15 21 cm
907 711 8 8 .

159 738 286 40 Illustrated
478 736 362 48 lining-papers.

160 794 161 41 “First
353 793 225 42 edition.”

87 863 54 52 ©
169 867 114 46 July
311 866 68 44 22,
409 866 139 46 1936;
578 865 66 40 2c.
677 864 94 40 and
800 860 82 46 aff.
912 864 116 47 July
1056 864 82 46 30;
1172 865 39 39 A
1240 863 169 43 97206;
1443 865 284 48 Longmans,
1760 864 155 40 Green
1944 865 38 39 &
2009 875 67 30 co.

167 923 278 48 (36-16926)

86 1024 1989 69 American law and procedure, volume l. Prepared under the
154 1100 1922 70 editorial supervision of James Parker Hall … Introduction
155 1179 1921 69 by James Parker Hall … Contracts, by Harry Sanger
155 1257 1859 67 Richards … Quasi-contracts, by Walter Wheeler Cook …
154 1334 1919 70 Agency, by Charles Andrews Huston … [Chicago, La
155 1414 151 54 Salle
333 1414 288 52 extension
648 1412 332 67 university,
1005 1419 17 21 c
1028 1415 150 64 1936]

155 1488 56 38 12
232 1497 41 37 p.
335 1519 7 15 l.,
370 1486 78 46 liv,
475 1487 84 39 378
585 1484 29 42 i.
642 1497 37 29 e.
704 1486 90 41 380
813 1497 44 36 p.
912 1486 55 39 23½
999 1487 45 21 cm
1050 1516 8 9 .

86 1553 51 52 ©
172 1557 115 47 July
320 1556 39 47 2,
395 1555 138 41 1936:
568 1555 66 39 2c.
671 1556 115 46 July
819 1556 83 45 31;
941 1555 81 39 aff.
1057 1556 119 45 Aug.
1212 1556 51 44 1;
1300 1555 42 39 A
1375 1554 171 47 97218;
1583 1554 203 40 LaSalle
1823 1554 252 41 extension

154 1614 129 39 univ.
345 1613 278 49 [Copyright
654 1613 44 39 is
730 1612 204 39 claimed
965 1622 59 29 on
1054 1621 105 30 new
1190 1622 118 37 copy
1339 1612 96 39 and
1468 1610 250 51 revisions]

84 1716 263 64 Ardagh,
374 1718 161 53 Alice
562 1719 97 62 M.,
685 1718 52 51 d.
770 1720 147 49 1936.

155 1792 1918 70 For me to live, by Alice M. Ardagh … Chicago, The Bible
84 1872 259 54 institute
376 1872 345 68 Colportage
751 1871 144 54 ass’n
933 1907 12 31 [
950 1879 17 22 c
973 1875 150 64 1936]

155 1945 87 42 208
268 1956 44 38 p.
370 1944 58 42 20
428 1946 45 23 cm
476 1974 10 10 .

80 2011 53 53 ©
155 2016 125 39 June
302 2015 68 48 11,
393 2014 139 47 1936;
558 2014 66 40 2c.
649 2014 94 39 and
766 2014 82 40 aff.
872 2014 115 47 July
1008 2014 82 47 25;
1116 2015 40 38 A
1178 2013 169 48 97148;
1374 2014 138 40 Bible
1538 2013 225 42 institute
1787 2014 289 49 Colportage

154 2082 127 30 assn,
313 2072 51 39 of
394 2070 221 48 Chicago.
688 2071 277 48 (36-16938)

84 2175 287 63 Atwater,
401 2175 193 55 Elton.

154 2249 325 71 Organized
523 2248 194 57 efforts
760 2249 60 54 in
866 2249 96 55 the
1004 2248 217 56 United
1267 2248 188 57 States
1499 2250 220 54 toward
1767 2269 185 52 peace,
1999 2251 74 71 by

85 2328 172 53 Elton
282 2328 275 53 Atwater.
619 2328 400 69 Washington,
1048 2328 72 53 D.
1151 2327 82 69 C.,
1264 2328 120 52 The
1411 2327 205 70 Digest
1644 2347 173 50 press,
82 2328 1964 130 American
213 2404 333 71 university,

576 2405 296 55 Graduate
899 2406 207 67 school,
1139 2411 17 22 c
1161 2408 150 51 1936.

151 2480 25 38 1
201 2489 45 38 p.
308 2511 8 16 l.,
343 2480 56 39 47
424 2489 44 38 p.
528 2479 58 40 28
587 2481 44 21 cm
635 2511 9 9 .

150 2535 509 49 Photolithographed.

151 2592 143 40 From
325 2592 355 42 International
710 2592 94 41 law
834 2593 93 39 and
960 2591 245 48 relations,
1235 2590 255 49 published
1519 2591 61 48 by
1609 2592 81 42 the
1718 2592 173 49 Digest
1919 2603 151 39 press,

85 2647 252 43 American
368 2649 283 50 university,
685 2648 250 41 Graduate
967 2649 174 48 school,
1174 2647 333 49 Washington,
1537 2648 59 43 D.
1625 2647 50 43 C.

84 2717 52 52 ©
159 2722 112 46 May
292 2723 39 44 1,
355 2721 139 48 1936;
521 2721 66 40 2c.
614 2722 126 39 June
764 2722 51 45 5;
843 2721 80 39 aff.
949 2721 116 46 July
1089 2721 82 41 28:
1196 2721 40 38 A
1260 2720 171 47 94765;
1458 2723 52 38 E.
1535 2721 232 48 Atwater,
1793 2722 278 49 Rochester,

152 2778 54 39 N.
230 2778 52 39 Y.
345 2778 277 48 (36-13470)

82 2878 220 66 Bailey,
329 2879 161 55 Alice
519 2881 240 63 Cooper.

153 2955 1917 70 Footprints in the dust, by Alice Cooper Bailey … New
84 3033 179 68 York,
298 3036 268 67 Toronto,
599 3036 344 67 Longmans,
977 3035 185 54 Green
1198 3038 112 51 and
1344 3053 96 48 co.,
1476 3039 149 50 1936.

152 3107 26 40 3
206 3118 41 37 p.
313 3138 8 17 l.,
351 3107 86 40 255
464 3118 41 37 p.
565 3107 164 48 front.,
758 3108 131 40 illus.
948 3107 58 41 20½
1036 3109 44 22 cm
1085 3140 8 8 .

154 3164 287 40 Illustrated
473 3163 363 50 lining-papers.

156 3220 161 41 “First
346 3220 226 42 edition.”

83 3287 53 52 ©
163 3292 116 46 July
302 3291 69 47 22,
401 3292 111 39 1936:
571 3292 66 38 2c.
668 3292 96 38 and
794 3291 79 40 aff.
905 3292 115 47 July
1049 3292 81 46 30;
1163 3292 39 39 A
1233 3291 170 47 97207;
1437 3293 285 47 Longmans,
1754 3294 156 39 Green
1940 3295 36 39 &
2005 3303 67 30 co.

163 3347 277 48 (36-16927)

81 3450 219 65 Bailey,
325 3452 230 52 Rosalie
582 3451 263 63 Fellows,
874 3458 169 49 1908-

152 3529 562 67 Pre-revolutionary
760 3530 191 52 Dutch
997 3531 198 52 houses
1242 3531 111 52 and
1400 3530 249 53 families
1693 3529 58 53 in
1798 3531 273 53 northern

82 3606 137 52 New
269 3607 199 65 Jersey
521 3608 111 51 and
685 3609 268 51 southern
1005 3610 137 51 New
1194 3608 178 65 York,
1423 3609 73 66 by
1550 3607 225 55 Rosalie
1828 3609 242 53 Fellows

84 3683 217 66 Bailey,
373 3727 9 9 A.
453 3726 8 8 B.;
527 3685 138 51 with
698 3704 69 33 an
799 3685 387 53 introduction
1216 3687 74 64 by
1321 3684 280 53 Franklin
1634 3688 70 51 D.
1740 3688 326 63 Roosevelt;

81 3761 402 67 photography
514 3762 73 65 by
617 3762 296 67 Margaret
944 3764 85 51 De
1061 3764 78 52 M.
1175 3765 238 56 Brown;
1450 3765 279 66 prepared
1762 3764 182 52 under
1974 3765 96 53 the

85 3837 252 68 auspices
374 3839 62 51 of
477 3839 93 52 the
609 3840 258 53 Holland
907 3841 208 65 society
1156 3841 63 51 of
1260 3842 137 50 New
1441 3842 176 52 York.
1711 3843 138 51 New
1890 3843 179 67 York,

81 3916 88 52 W.
195 3917 248 50 Morrow
465 3920 44 48 &
532 3934 295 50 company,
856 3921 146 49 1936.

154 3987 1401 51 10 p. l., 11-612 p., 1 l. incl. front., illus., plan. 29 cm .
