2519 4377
1305 4130 139 52 2028

366 421 316 66 Hastings,
713 422 259 53 Howard
1004 420 377 66 Livingston,
1414 423 175 56 1887-

437 498 241 55 Animal
702 497 110 56 life
833 497 60 55 in
918 498 97 55 the
1038 498 349 69 wilderness,
1412 498 76 69 by
1513 499 261 54 Howard
1800 501 65 54 L.
1891 501 286 69 Hastings;
367 501 2003 131 illustrated
595 577 79 69 by
708 576 98 55 the
843 576 226 55 author.

1142 576 142 54 New
1320 577 184 68 York,
1543 576 255 70 Cupples
1836 581 46 51 &
1918 579 158 54 Leon
2113 598 283 52 company

372 658 198 67 [c1936]

437 728 1412 52 2 p. l. , 7-314 p. col. front., illus., col. plates. 24cm.
439 787 295 41 Illustrated
763 788 100 48 t.-p.
892 786 98 40 and
1020 786 193 40 colored
1244 784 369 51 lining-papers.

368 841 53 54 ©
448 845 104 41 Oct.
579 843 69 50 15,
677 842 117 42 1936;
847 842 69 42 2c.
943 844 113 38 Dec.
1085 841 57 40 10;
1199 842 82 40 aff.
1308 843 114 41 Dec.
1452 843 56 39 11;
1566 845 42 38 A
1634 842 176 42 100928;
1867 845 212 48 Cupples
2107 847 37 40 &
2169 848 130 40 Leon
2327 856 68 35 co.

448 900 257 52 (37-1376)

366 1010 256 64 Hengst,
654 1007 211 57 Guido.

438 1087 111 54 Die
620 1084 595 69 Ölfarbentechniken,
1285 1103 112 35 von
1469 1085 194 55 Guido
1732 1088 246 68 Hengst.
2086 1090 309 69 München,

367 1168 70 55 G.
464 1169 72 53 D.
563 1168 91 54 W.
737 1165 222 67 Callwey,
988 1167 152 51 1936.

442 1240 25 39 1
500 1249 42 36 v,
613 1238 128 50 (Das
772 1236 355 46 berufswissen
1159 1236 85 40 des
1276 1236 173 40 maler-
1476 1236 101 40 und
1608 1236 557 44 lackiererhandwerks.
2225 1239 77 44 bd.
2335 1242 52 49 6)

368 1293 2028 56 © Aug. 22, “1936; 1c. Oct. 22; A -Foreign 33406; Georg D. W. Callwey.
365 1419 244 64 Jordan,
638 1416 273 57 Pascual.

437 1494 428 56 Anschauliche
913 1495 492 68 quantentheorie,
1451 1496 124 52 eine
1621 1495 362 71 einführung
2028 1500 63 51 in
2139 1500 92 53 die
368 1518 2002 113 moderne
582 1574 339 69 auffassung
961 1574 101 54 der
1103 1573 721 71 quantenerscheinungen,

1866 1593 113 37 von
2023 1578 83 55 dr.
2150 1579 245 55 Pascual

366 1657 243 56 Jordan.
688 1652 220 70 Berlin,
936 1655 56 55 J.
1026 1652 301 69 Springer,
1360 1656 150 52 1936.

467 1731 72 40 1 v.
369 1782 1883 57 © June 20, 1936; 1c. Dec. 3; A — Foreign 33645; Julius Springer.
367 1909 242 64 Klages,
638 1906 272 65 Ludwig.

439 1986 112 55 Die
593 1984 366 70 grundlagen
1004 1983 102 53 der
1149 1982 517 69 charakterkunde,
1710 2002 112 35 von
1866 1986 249 69 Ludwig
2160 1988 235 69 Klages.

369 2068 48 55 7.
451 2085 54 35 u.
541 2069 48 51 8.
623 2064 349 54 verbesserte
1005 2062 130 53 aufl.
1206 2061 261 68 Leipzig,
1499 2063 56 54 J.
1590 2062 73 54 A.
1699 2064 205 67 Barth,
1940 2066 154 55 1936.

441 2139 26 41 1
496 2150 43 30 v.

369 2189 2029 59 © June 12, 1936; 1c. Oct. 22; A —F’oreign 33405; Johann Ambrosius
441 2253 175 45 Barth.

368 2316 478 66 Krishnamurti,
876 2313 200 57 Jiddu.

439 2396 321 56 Authentic
806 2397 201 65 report
1052 2391 63 54 of
1164 2392 355 67 twenty-five
1567 2391 153 53 talks
1769 2392 172 68 given
1989 2394 76 68 by
368 2395 2004 140 Krishnamurti
587 2475 65 54 in
689 2472 175 56 Latin
903 2471 286 54 America.

1266 2469 370 70 Hollywood,
1677 2470 198 69 Calif.,
1913 2472 124 53 The
2079 2473 135 56 Star
368 2474 2004 147 publishing
613 2558 172 60 trust,
815 2553 152 51 1936.

440 2625 88 44 168
556 2637 46 39 p.
662 2624 148 41 22½cm.

370 2677 2026 60 © Mar. 30, 1936; 1c.. and aff. Apr. 13; 1c. Apr. 29; A 94217; Star pub.
441 2743 147 41 trust.

370 2843 315 67 Lansdale,
711 2843 226 55 Robert
961 2841 251 56 Tucker.

441 2922 124 55 The
610 2918 475 58 administration
1127 2917 68 56 of
1235 2918 98 55 old
1379 2936 107 52 age
1530 2918 308 55 assistance
1882 2919 63 55 in
1989 2920 162 55 three
2194 2925 201 50 states:

369 3000 469 68 Massachusetts,
869 2997 142 56 New
1041 2997 205 70 Jersey
1280 2999 47 51 &
1360 2996 142 54 New
1535 2997 183 69 York,
1751 2997 78 71 by
1862 2997 218 56 Robert
2116 2999 67 54 T.
371 2999 2003 150 Lansdale,
551 3082 197 67 Agnes
782 3078 191 69 Leisy,
1006 3076 306 56 Elizabeth

1345 3079 168 67 Long
1570 3078 112 53 [and]
1740 3080 200 67 Byron
1976 3081 66 53 T.
2076 3078 225 70 Hippie
2335 3079 64 55 of

372 3163 95 54 the
491 3157 344 60 Committee
858 3176 73 36 on
954 3157 196 68 public
1174 3156 489 69 administration,
1688 3157 191 56 Social
1903 3158 215 54 science
2140 3159 258 55 research

371 3233 1992 71 council … Chicago, Ill., Public administration service, 1936.
440 3311 28 42 3
496 3322 43 39 p.
605 3342 9 18 l.,
645 3308 59 43 78
730 3319 45 39 p.
834 3308 181 48 diagrs.
1076 3307 59 42 26½c
1184 3310 28 22 m
1216 3340 9 9 .
1294 3306 215 52 ([Public
1538 3306 406 43 administration
1977 3307 200 52 service]
371 3307 2009 104 Publication
564 3378 76 32 no.
671 3366 81 49 53)
879 3364 134 52 $1.00

443 3424 161 42 While
642 3424 85 42 the
767 3421 290 43 Committee
1096 3432 60 30 on
1195 3420 164 50 public
1396 3420 405 42 administration
1840 3432 231 38 sponsors
2110 3423 100 41 this
2251 3423 147 49 study

373 3483 97 41 and
489 3482 87 41 the
598 3479 304 51 publication
925 3478 54 41 of
998 3478 101 42 this
1123 3477 198 42 interim
1345 3479 180 48 report,
1547 3479 84 40 the
1653 3480 292 40 statements
1969 3481 77 40 set
2068 3479 137 43 forth
2228 3479 168 43 herein

373 3549 85 31 are
483 3539 140 42 those
649 3537 55 42 of
729 3537 83 42 the
841 3534 120 45 staff
989 3534 160 43 which
1176 3536 240 49 prepared
1444 3535 52 47 it,
1524 3536 100 41 and
1647 3537 88 41 not
1761 3536 139 42 those
1928 3536 55 42 of
2007 3538 84 42 the
2121 3537 277 43 committee

373 3607 55 29 or
453 3597 82 41 the
564 3595 161 42 Social
754 3593 187 43 science
969 3592 227 42 research
1223 3593 204 41 council,
1487 3594 62 48 cf.
1578 3593 277 43 Foreword.

375 3650 53 54 ©
463 3655 103 41 Oct.
602 3653 40 49 6,
678 3652 117 42 1936;
857 3652 70 42 2c.
962 3651 97 41 and
1094 3651 82 40 aff.
1214 3651 103 42 Oct.
1353 3650 56 41 28;
1475 3653 41 39 A
1550 3651 176 42 100133;
1792 3653 171 41 Public
1996 3654 404 42 administration

446 3711 199 41 service.
716 3709 254 51 (37-1201)

379 3811 306 69 [Lécuyer,
709 3814 172 53 Mme.
908 3811 240 56 Andrée
1184 3813 330 67 (Husson)]
1550 3819 172 50 1885-

508 3890 1755 70 … Du couvent aux cortès. Paris, A. Fayard et ci e [1936]
444 3964 28 40 2
498 3976 45 39 p.
609 3996 9 17 l.,
666 3963 177 52 [7]-254,
877 3963 56 53 [2]
962 3976 45 38 p.
1064 3964 57 42 19
1124 3966 45 23 cm
1173 3996 10 11 .

446 4022 233 42 Author’s
706 4023 183 49 pseud.,
916 4022 167 42 André
1110 4020 211 51 Corthis,
1349 4024 53 40 at
1427 4023 126 41 head
1584 4023 53 42 of
1662 4022 124 43 title.
