2519 4377
1327 4143 100 52 952

370 452 289 65 Langfitt,
688 453 129 63 Roy
846 452 308 63 Emerson,
1183 456 173 50 1894-

442 540 1878 71 The small high school at work [by] R. Emerson Langfitt …
372 618 2011 71 Frank W. Cyr … and N. William Newsom … New York,
374 700 333 55 Cincinnati
750 732 12 34 [
768 703 120 63 etc.]
928 698 309 53 American
1271 697 148 54 book
1453 716 281 51 company
1774 732 13 34 [
1790 704 20 22 c
1815 701 152 65 1936]

441 773 66 48 xi,
539 772 86 41 660
655 784 44 38 p.
758 772 166 49 front.,
957 773 143 48 illus.,
1132 772 171 49 plates,
1337 772 181 49 diagrs.
1576 772 57 41 20½
1666 774 45 22 cm
1714 804 8 9 .
1795 770 301 52 (Half-title:
2127 772 256 43 American

370 830 260 42 education
659 830 165 49 series,
854 830 54 42 G.
938 830 56 41 D.
1026 829 216 50 Strayer,
1271 829 197 49 general
1497 829 183 50 editor)

445 888 250 42 “Selected
724 887 304 42 references”
1059 889 52 39 at
1139 888 92 41 end
1261 887 53 42 of
1340 888 119 41 each
1487 888 203 49 chapter
1717 890 171 47 except
1914 888 84 41 the
2026 889 111 40 last.

374 956 53 55 ©
460 960 116 49 July
610 960 39 47 6,
685 959 141 49 1936;
862 960 68 42 2c.
967 960 92 40 and
1096 960 82 40 aff.
1214 959 116 48 July
1364 959 52 44 8;
1452 960 41 40 A
1527 959 171 48 95951;
1734 961 160 40 Amer.
1929 959 124 41 book
2086 970 68 32 co.

454 1018 283 49 (36-16187)

372 1123 403 63 Lazarevskii,
805 1123 311 56 Vladimir.

446 1215 203 54 Under
703 1214 97 53 the
851 1213 298 54 bolshevik
1205 1213 278 69 uniform,
1535 1214 76 68 by
1665 1214 293 53 Vladimir
2012 1213 373 69 Lazarevski;

377 1293 319 53 translated
718 1292 76 69 by
819 1292 152 68 Una,
994 1292 138 70 lady
1158 1291 379 70 Troubridge.
1598 1292 260 69 London,
1883 1294 66 52 T.
1976 1293 413 68 Butterworth,

375 1371 104 54 ltd.
521 1375 174 64 [1936]

447 1445 100 49 319,
591 1445 55 51 [1]
687 1456 45 38 p.
799 1445 58 40 22
859 1447 46 22 cm
909 1476 9 10 .

450 1502 165 41 “First
641 1502 259 49 published
928 1501 158 42 1936.”

375 1569 2013 111 © 1c. Apr. 28, 1936; A ad int. 21493; pubd. Mar. 9; Thornton Butter-worth,
647 1631 86 39 ltd.
801 1630 282 50 (36-16213)

374 1736 81 54 Le
480 1736 208 65 Maire,
714 1735 263 58 Eveline.

511 1810 1278 71 … Plaisir des dieux. Paris, Plon [1936]
445 1884 28 39 2
502 1895 45 38 p.
611 1915 9 17 l.,
655 1883 177 51 [7]—255
864 1895 43 38 p.
967 1883 56 41 19
1027 1886 44 21 cm
1075 1917 9 9 .

376 1954 1810 54 © Jan. 27, 1936; 1c. Apr. 8 ; A- Foreign 31292; Librairie Plon.
457 2015 283 50 (36-16236)

375 2120 208 66 Libby,
610 2120 195 65 Philip
832 2119 194 56 Allan.

509 2196 1879 72 … A personnel study of junior college students, by Philip
377 2275 2011 71 Allan Libby … [Los Angeles] The University of Southern
377 2356 328 56 California
736 2374 157 51 press
932 2358 173 65 [1936]

445 2429 27 41 5
504 2441 44 38 p.
618 2461 9 17 l.,
660 2430 59 40 66
747 2441 44 38 p.
852 2428 56 41 23
912 2431 45 21 cm
961 2461 8 8 .
1041 2429 125 49 (The
1198 2428 285 49 University
1516 2429 51 41 of
1600 2428 243 42 Southern
1877 2427 275 43 California
2185 2430 201 42 studies.

376 2488 276 41 Education
680 2497 106 39 ser.,
819 2498 75 30 no.
926 2486 80 50 10)

449 2543 327 51 “Containing
799 2545 246 48 approved
1069 2544 222 49 portions
1317 2543 51 41 of
1391 2554 29 30 a
1446 2543 320 42 dissertation
1789 2545 230 48 accepted
2045 2545 60 48 by
2129 2546 83 40 the
374 2543 1998 100 Council
470 2614 62 30 on
561 2603 242 49 graduate
834 2603 146 47 study
1011 2602 98 40 and
1140 2602 228 40 research
1403 2601 299 50 [University
1734 2601 52 41 of
1820 2600 242 43 Southern
2096 2600 289 53 California]

426 2657 1452 52 … for the degree of doctor of philosophy, June, 1935.”
449 2716 1939 51 “This monograph … deal[s] with the scholastic equipment and the
375 2774 263 42 scholastic
668 2774 335 41 achievement
1033 2774 52 41 of
1114 2785 28 30 a
1173 2774 209 42 selected
1412 2784 153 39 group
1595 2773 52 43 of
1675 2774 166 48 junior
1871 2774 180 50 college
2081 2777 224 40 students
2335 2778 52 39 at

375 2832 84 41 the
488 2831 286 49 University
805 2831 52 42 of
888 2830 244 43 Southern
1161 2829 513 44 California.”—Pref.

447 2889 379 51 Bibliography:
860 2901 44 38 p.
940 2888 189 53 [63]-66.

377 2958 2012 54 © Apr. 15, 1936 ; 2c. Apr. 29 ; aff. Apr. 28 ; A 94195 ; University of
449 3019 241 42 Southern
717 3018 289 48 California,
1031 3020 92 38 Los
1148 3019 221 47 Angeles.
1434 3018 281 48 (36-16188)

376 3123 225 65 Lynch,
628 3122 282 56 Patricia.

448 3199 123 53 The
614 3199 224 68 donkey
879 3216 132 51 goes
1050 3197 267 70 visiting;
1359 3198 96 52 the
1494 3203 157 62 story
1690 3197 65 52 of
1795 3216 71 33 an
1906 3196 189 54 island
2133 3194 255 71 holiday,

379 3277 74 68 by
500 3275 256 54 Patricia
799 3277 230 68 Lynch;
1078 3275 327 53 illustrated
1449 3276 75 67 by
1573 3274 223 69 George
1842 3274 330 53 Altendorf.
2248 3272 137 54 New

382 3354 1175 68 York, E. P. Dutton & co., inc. [ c 1936]
452 3424 1593 50 6 p. l. , 229 p. col. front., illus., plates (part col.) 19½ cm .
450 3482 234 49 “English
715 3483 136 40 title:
885 3483 102 39 The
1020 3481 326 42 turf-cutter’s
1380 3482 188 47 donkey
1600 3491 112 39 goes
1743 3480 245 49 visiting.”

448 3539 291 41 Illustrated
770 3538 365 49 lining-papers.

451 3597 162 41 “First
645 3595 229 43 edition.”

377 3666 53 54 ©
458 3671 79 39 July
601 3670 70 49 20,
703 3668 140 48 1936;
873 3668 67 42 2c.
972 3669 94 39 and
1096 3668 82 41 aff.
1208 3669 116 47 July
1353 3668 53 39 21
1428 3680 8 29 :
1468 3670 37 37 A
1535 3667 171 48 97093;
1739 3669 52 40 E.
1822 3669 49 38 P.
1902 3669 187 38 Dutton
2119 3668 36 39 &
2183 3675 82 40 co.,
2295 3666 91 41 inc.

458 3727 282 48 (36-15927)

378 3831 181 64 Lyon,
588 3831 282 53 Leverett
898 3829 256 63 Samuel,
1184 3835 170 50 1885-

445 3907 123 53 The
603 3907 313 53 economics
952 3906 64 53 of
1052 3923 147 52 open
1235 3907 156 66 price
1423 3912 256 62 systems,
1713 3904 76 69 by
1824 3904 266 52 Leverett
2125 3901 58 57 S.
2218 3901 164 69 Lyon

377 3985 111 53 and
533 3984 205 54 Victor
776 3983 342 54 Abramson.
1198 3982 404 69 Washington,
1644 3982 72 53 D.
1765 3979 81 71 C.,
1890 3981 123 52 The
2059 3977 324 71 Brookings

378 4060 345 68 institution,
757 4065 151 50 1936.
