2519 4377
1023 4100 100 49 253

84 461 265 65 [Conger,
376 459 213 66 Beach]

148 532 1927 69 World letters, incorporated … Sao Paulo, United States of
83 610 1993 69 Brazil, February 20, 1936 … [Sao Paulo, United States of
81 690 211 58 Brazil,
316 690 204 55 World
545 692 212 63 letters,
783 689 125 67 inc.]
942 695 17 21 c
965 692 149 50 1936.

145 775 43 37 p.
220 762 156 41 89-92.
440 762 128 41 illus.
629 762 58 40 28
686 764 16 21 cm
737 794 8 8 .

151 820 406 47 Mimeographed.

80 873 1997 53 © 1c. Mar. 21, 1936; A ad int. 21213; pubd. Feb. 20, 1936; World letters,
151 933 103 49 inc.,
285 935 119 38 East
432 933 204 48 Aurora,
666 932 56 41 N.
752 932 53 40 Y.

80 1036 243 64 Cordell,
351 1035 253 55 William
632 1036 276 62 Howard,
940 1039 169 49 1908-
1321 1035 82 52 ed.

149 1114 304 53 American
490 1115 191 65 points
715 1113 62 53 of
810 1112 171 67 view;
1020 1131 30 33 a
1087 1111 242 53 reader’s
1366 1111 187 67 guide,
1592 1115 151 63 1935,
1780 1111 188 53 edited
2002 1112 75 66 by

78 1192 259 54 William
369 1193 76 51 H.
480 1192 230 55 Cordell
744 1192 111 50 and
887 1191 270 65 Kathryn
1191 1190 111 54 Coe
1338 1189 245 55 Cordell.
1660 1189 231 54 Garden
1925 1190 153 66 City,

80 1272 68 51 N.
181 1271 90 64 Y.,
300 1269 356 66 Doubleday,
685 1270 197 51 Doran
912 1272 45 49 &
986 1286 297 48 company,
1313 1267 124 67 inc.,
1470 1270 149 49 1936.

149 1343 118 38 xxiv
293 1353 57 37 p.,
380 1343 24 37 1
467 1373 8 14 l.,
503 1341 84 39 461
617 1352 43 36 p.
718 1341 25 38 20½
807 1343 42 20 cm
854 1371 8 8 .

149 1400 160 39 “First
341 1397 225 41 edition.”

80 1452 52 52 ©
160 1456 109 39 Feb.
296 1455 70 47 21,
392 1454 139 47 1936;
561 1453 67 41 2c.
656 1455 96 39 and
780 1453 81 41 aff.
891 1453 110 40 Feb.
1029 1453 82 46 28;
1141 1453 40 38 A
1208 1451 171 43 92036;
1410 1452 299 47 Doubleday,
1737 1452 168 38 Doran
1932 1452 36 40 &
1996 1460 66 31 co.,
148 1512 90 41 inc.

81 1618 194 61 Cross,
301 1617 240 52 Reuben
566 1617 68 53 R.

148 1691 193 69 Tying
374 1691 307 53 American
717 1695 158 48 trout
907 1690 180 67 lures;
1128 1707 27 32 a
1196 1689 280 68 practical
1509 1688 172 69 guide
1720 1694 56 48 to
1813 1688 95 53 the
79 1706 1975 116 production
341 1768 64 53 of
434 1769 107 67 dry
568 1768 139 67 flies,

736 1772 108 49 wet
873 1768 139 66 flies,
1040 1768 246 67 nymphs
1318 1767 112 51 and
1457 1766 284 53 bucktails
1772 1766 95 52 for
80 1767 1974 133 pleasure
207 1847 111 52 and
347 1845 190 69 profit,

565 1846 74 67 by
670 1845 234 53 Reuben
930 1845 67 53 R.
1029 1844 197 68 Cross;
1259 1844 327 53 illustrated
1615 1844 141 52 with
1788 1843 292 69 diagrams

79 1924 113 52 and
224 1923 263 69 pictures.
564 1922 138 54 New
740 1923 179 67 York,
951 1922 190 67 Dodd,
1174 1922 169 52 Mead
1379 1923 45 50 &
1458 1939 297 51 company,
1791 1924 148 51 1936.

147 2006 77 36 xv,
254 1994 55 40 55
335 2005 43 37 p.
438 1994 163 49 front.,
629 1994 143 47 illus.,
800 1994 170 48 plates,
999 1996 122 46 port.
1182 1993 57 41 19½
1270 1996 45 21 cm
1318 2027 9 8 .

150 2051 285 40 Illustrated
468 2051 363 48 lining-papers.

80 2107 52 52 ©
156 2111 109 40 Feb.
288 2110 69 47 28,
383 2110 139 48 1936;
548 2111 68 40 2c.
641 2112 123 39 Mar.
788 2110 53 41 2;
869 2109 82 41 aff.
978 2111 120 38 Mar.
1123 2110 54 46 4;
1205 2110 43 39 A
1269 2108 170 49 92093;
1469 2110 153 48 Dodd,
1650 2111 142 39 Mead
1818 2110 36 40 &
1878 2119 81 39 co.,
1986 2111 92 40 inc.

160 2168 249 48 (36-7381)

83 2272 222 65 [Dame,
332 2272 231 53 Arthur
588 2273 178 65 Kent]
801 2275 171 51 1860-
1184 2272 83 53 ed.

148 2350 57 52 A
231 2350 181 66 digest
444 2349 63 53 of
534 2350 95 52 the
660 2350 274 52 decisions
965 2349 62 51 of
1054 2350 93 50 the
1181 2349 274 67 Supreme
1483 2355 162 46 court
1673 2349 62 51 of
1765 2349 312 67 Nebraska,

80 2428 263 65 reported
377 2427 59 51 in
470 2428 293 51 Nebraska
797 2432 220 62 reports
1051 2428 250 50 volumes
1339 2426 256 67 117-128,
1630 2446 29 33 a
1694 2432 130 61 part
1859 2428 62 51 of
1960 2430 117 64 129,

80 2505 111 52 and
225 2504 59 52 in
317 2505 96 52 the
444 2505 430 52 Northwestern
909 2509 255 63 reporter
1199 2504 249 52 volumes
1482 2507 260 63 221-260,
1775 2505 74 66 by
1883 2504 194 68 Ralph

82 2582 1994 67 S. Moseley … Third cumulative supplement to Dame and
79 2660 293 66 Moseley’s
407 2660 293 52 Nebraska
734 2660 200 66 digest.
1005 2661 341 51 Abatement
1381 2661 111 50 and
1527 2659 215 53 revival
1776 2666 57 48 to
1866 2661 211 53 Words

81 2738 111 51 and
217 2738 247 66 phrases.
543 2736 81 54 St.
650 2737 192 55 Louis,
866 2739 134 65 Mo.,
1024 2738 247 51 Thomas
1297 2737 109 52 law
1431 2737 146 52 book
1602 2756 296 49 company,
1925 2742 149 49 1936.

150 2811 24 38 1
203 2821 43 37 p.
309 2840 8 16 l.,
346 2810 83 40 751
458 2820 43 37 p.
557 2809 57 40 26
614 2811 47 21 cm
665 2841 9 9 .

80 2862 52 54 ©
164 2867 109 40 Jan.
305 2867 69 47 17,
405 2865 139 48 1936;
578 2866 67 41 2c.
679 2867 109 40 Jan.
820 2866 82 48 18;
936 2865 82 42 aff.
1051 2866 109 41 Jan.
1190 2866 83 48 22;
1308 2867 44 39 A
1381 2866 170 47 91346;
1586 2867 215 40 Thomas
1826 2868 95 39 law
1954 2868 124 40 book

149 2935 67 29 co.

85 3010 228 65 [Digest
349 3013 62 53 of
444 3014 95 51 the
571 3013 217 55 United
827 3013 186 54 States
1051 3013 273 67 Supreme
1360 3019 162 47 court
1555 3015 263 66 Reports]
1897 3013 180 54 Court

150 3093 148 51 rules
345 3091 326 66 (including
705 3092 94 52 the
835 3095 228 62 general
1098 3092 192 51 orders
1325 3092 58 51 in
1418 3091 377 67 bankruptcy,
1834 3092 109 51 and
1981 3092 94 51 the

150 3167 1924 69 copyright rules) Supplement no. 3 … of volume 1-A of
150 3245 1865 68 the Digest of the United States Supreme court Reports …
151 3323 321 56 Rochester,
501 3324 68 51 N.
599 3325 89 53 Y.,
716 3324 118 52 The
862 3325 267 65 Lawyers
1158 3325 379 65 co-operative
1565 3324 336 67 publishing
151 3343 1901 123 company,
350 3404 148 49 1934.

152 3472 86 39 160
263 3482 41 37 p.
362 3471 59 39 24
421 3474 44 20 cm
470 3502 8 8 .

153 3528 118 40 This
310 3529 249 47 pamphlet
597 3528 42 41 is
680 3531 47 38 to
768 3529 58 42 be
864 3528 139 41 fitted
1043 3528 102 43 into
1187 3530 83 40 the
1309 3530 174 49 pocket
1521 3533 55 38 at
1615 3530 85 41 the
1737 3530 122 41 back
1899 3530 54 40 of
1995 3531 81 40 the

84 3586 188 38 volume
298 3586 53 38 of
376 3586 82 39 the
484 3588 76 37 set
585 3589 48 36 to
662 3586 157 40 which
847 3586 42 40 it
914 3587 209 46 belongs.

84 3636 52 52 ©
169 3641 109 40 Jan.
308 3640 68 45 29,
413 3641 139 43 1936;
589 3641 66 41 2c.
692 3644 94 37 and
822 3642 82 40 aff.
940 3643 109 39 Jan.
1085 3643 82 46 31;
1205 3643 44 39 A
1280 3641 169 48 91564;
1488 3643 229 48 Lawyers
1753 3643 325 47 co-operative

153 3697 107 47 pub.
289 3708 65 29 co.

84 3782 1966 148 Digest of the United States Supreme court Reports. Supplements … [for]
670 3865 1402 68 volumes 1-9 … for use during 1936 only.
154 3939 319 58 Rochester,
500 3942 69 51 N.
600 3943 90 54 Y.,
718 3943 118 51 The
865 3944 265 64 Lawyers
1159 3943 378 66 co-operative
1566 3942 333 67 publishing
157 3962 1892 120 company,
351 4021 147 50 1935.
