2519 4377
1001 4077 132 49 1405

43 429 307 64 Richards,
378 429 220 52 Robert
627 426 319 62 Hallowell,
975 431 170 49 1844-

114 507 213 52 Robert
391 504 307 53 Hallowell
763 503 299 64 Richards,
1125 502 88 51 his
1277 500 178 52 mark.
1548 501 232 62 Boston,
1844 494 195 55 Little,

48 586 225 60 Brown,
299 581 110 54 and
435 599 297 48 company,
762 584 148 50 1936.

118 647 1470 54 5 p. l., [3]-329 p. front, (port.) 1 illus., map. 22½ cm .
116 707 410 47 Autobiography.

48 764 52 52 ©
127 769 126 46 Sept.
278 767 69 46 25,
373 766 112 40 1936;
540 767 66 38 2c.
632 765 96 39 and
754 765 81 39 aff.
864 765 126 46 Sept.
1017 763 55 39 26;
1128 764 40 37 A
1193 762 142 40 98661;
1390 763 54 37 R.
1473 762 59 39 H.
1561 760 255 47 Richards,
1844 761 197 39 Boston.

128 824 277 47 (36-21600)

49 915 271 63 Roberts,
347 914 224 54 Walter
598 913 237 55 Nelson.

121 987 1924 71 The Filipino church … part 2. An emerging church. The
51 1076 154 60 story
237 1070 62 52 of
329 1070 94 52 the
456 1069 395 66 development
884 1067 61 51 of
978 1085 71 34 an
1084 1066 335 66 indigenous
1453 1065 346 66 evangelical
1834 1065 210 51 church

52 1149 58 51 in
162 1149 92 52 the
305 1145 334 67 Philippine
691 1145 214 53 islands
958 1163 57 33 as
1068 1144 256 52 revealed
1376 1144 58 51 in
1483 1144 94 51 the
1629 1142 158 53 work
1837 1142 63 53 of
1950 1143 96 51 the

54 1225 228 56 Church
318 1226 61 51 of
414 1225 93 51 the
543 1222 217 55 United
792 1222 265 53 brethren
1092 1223 62 51 in
1188 1221 212 57 Christ,
1435 1221 74 66 by
1545 1223 136 50 Rev.
1717 1221 221 52 Walter
1976 1222 69 51 N.

53 1298 1994 69 Roberts … Dayton, O., The Foreign missionary society and
53 1381 94 52 the
172 1378 284 55 Women’s
481 1378 339 64 missionary
848 1376 352 65 association,
1227 1376 216 55 United
1470 1376 269 53 brethren
1764 1376 60 51 in
1852 1377 196 54 Christ

99 1461 150 62 [c1936]

123 1529 83 47 xii,
231 1529 86 40 158
335 1539 44 37 p.
432 1528 162 47 front.,
619 1528 172 47 plates,
817 1528 162 46 ports.,
1007 1536 149 37 maps.
1210 1526 56 40 20½
1298 1529 45 20 cm
1348 1558 9 9 .

53 1583 51 53 ©
137 1587 117 48 Aug.
289 1586 69 48 21,
392 1585 112 41 1936;
565 1584 67 41 2c.
671 1585 126 47 Sept.
832 1584 55 40 26;
950 1583 81 41 aff.
1068 1584 128 48 Sept.
1230 1584 55 39 24;
1349 1584 41 39 A
1423 1583 143 41 98645;
1630 1584 71 40 W.
1736 1584 55 39 N.
1829 1583 221 49 Roberts,

124 1646 207 46 Dayton,
356 1644 50 40 O.

53 1733 189 63 Rolfe,
269 1733 315 55 Frederick
610 1731 273 64 William,
912 1737 325 50 1860-1913.

185 1808 1864 69 … Hubert’s Arthur; being certain curious documents found
57 1905 206 51 among
302 1888 94 52 the
433 1887 240 68 literary
711 1887 244 53 remains
992 1886 64 53 of
1092 1888 111 53 Mr.
1244 1888 70 52 N.
1358 1886 81 68 C.,
1478 1888 132 53 here
1651 1888 284 67 produced
1977 1888 73 67 by

56 1967 282 67 Prospero
389 1967 112 52 and
553 1965 270 67 Caliban;
875 1964 140 54 with
1066 1984 72 34 an
1187 1964 389 55 introduction
1623 1966 76 67 by
1749 1967 70 53 A.
1871 1968 53 52 J.
1982 1968 67 53 A.

58 2044 257 70 Symons.
390 2044 239 52 London
669 2049 136 62 [etc.]
843 2044 215 55 Cassell
1092 2045 111 51 and
1236 2062 297 49 company,
1565 2045 101 52 ltd.
1707 2049 152 62 [1935]

128 2117 555 50 2 p. l. , 453 p. 22½ cm .
128 2175 66 40 At
219 2176 123 39 head
367 2174 52 40 of
444 2174 107 40 title:
606 2172 261 42 Frederick
895 2172 156 47 Rolfe,
1080 2172 149 41 baron
1260 2172 167 41 Corvo.

131 2231 128 41 “The
285 2241 140 31 name
452 2230 263 50 ‘Prospero’
741 2230 164 42 masks
930 2230 80 42 the
1036 2240 90 39 pen
1154 2229 51 41 of
1232 2230 261 41 Frederick
1521 2230 215 42 William
1761 2231 156 48 Rolfe,
1945 2232 109 39 self-

61 2287 1996 52 styled Baron Corvo; that of ‘Caliban’, Mr. C. H. C. Pirie-Gordon … [The
62 2346 135 49 book]
233 2356 126 30 owes
391 2346 139 40 much
567 2346 50 39 of
651 2346 64 40 its
748 2347 259 45 structure,
1043 2344 64 41 its
1142 2346 240 46 carefully
1419 2346 234 48 prepared
1689 2348 367 47 contemporary

63 2404 120 39 local
212 2404 176 46 colour,
417 2404 93 39 and
542 2403 62 40 its
633 2404 230 46 heraldry
891 2406 47 37 to
970 2404 88 39 Mr.
1089 2402 635 42 Pirie-Gordon.”—Introd.

61 2458 1998 52 © 1c. Jan. 16, 1936; A ad int. 21074; pubd. Nov. 18, 1935; Alphonse
129 2519 164 39 James
324 2518 166 40 Albert
524 2518 215 46 Symons,
771 2517 210 39 London.
1053 2515 279 49 (36-22336)

61 2608 250 62 Santini,
337 2608 188 55 Piero.

130 2683 1927 67 The forward impulse, by Piero Santini … illustrated with
64 2762 392 66 photographs
492 2762 111 52 and
641 2761 139 52 with
819 2761 250 54 sketches
1104 2762 75 66 by
1214 2763 148 52 Paul
1400 2764 229 52 Brown.
1703 2764 138 52 New
1881 2765 179 59 York,

64 2840 367 65 Huntington
459 2857 171 48 press.
661 2842 149 51 1936.

133 2921 77 36 xv,
235 2910 97 47 119,
364 2911 53 48 [1]
443 2920 41 37 p.
508 2910 108 39 incl.
639 2910 158 47 plates.
865 2910 161 47 front.,
1052 2910 170 47 plates.
1278 2910 145 41 25½cm.

137 2966 224 41 “Edition
392 2966 181 40 limited
600 2969 48 37 to
675 2966 85 40 950
787 2966 200 47 copies.”

65 3020 53 53 ©
145 3025 119 47 Aug.
292 3026 68 45 17,
389 3024 112 40 1936;
558 3024 67 39 2c.
654 3024 94 38 and
779 3024 82 39 aff.
893 3025 126 46 Sept.
1048 3026 25 39 5;
1131 3026 39 38 A
1199 3025 147 42 98289;
1402 3028 50 39 P.
1485 3028 206 49 Santini,
1720 3030 118 38 New
1866 3031 145 40 York.

145 3080 279 49 (36-21589)

65 3170 264 64 Sapiens,
358 3172 193 64 pseud.

199 3247 1864 68 … Une hypothèse: la devaluation française de 1936. Paris,
70 3326 64 52 B.
166 3324 233 56 Grasset
434 3328 170 64 [1936]

141 3397 87 41 236
256 3408 56 37 p.,
343 3397 24 39 1
419 3429 9 8 l.
489 3397 54 40 19
546 3400 43 20 cm
595 3429 8 7 .

69 3456 1980 111 © Feb. 20, 1936; 1c. June 4; A- Foreign 32101; Éditions Bernard Grasset. (36-22159)
72 3610 242 61 Sardou,
343 3607 320 65 Victorien,
698 3615 322 49 1831-1908.

75 3686 1991 144 … Théâtre complet. [v.] 7. Paméla, Marchande de frivolités, Spiritisme, La piste. L’oncle Sam. Paris, A. Michel
97 3844 175 63 [ c 1936]
142 3912 88 41 729
255 3923 57 38 p.,
340 3913 26 39 2
417 3946 8 9 l.
453 3912 109 41 inch
591 3913 172 47 plates.
929 3945 8 7 19cm.

76 3965 1703 56 © July 20, 1936; 1c. Oct. 22; A- Foreign 33280; Albin Michel.
