2519 4377
1022 4097 99 48 203

83 449 250 63 Bonner,
361 449 174 63 Mary
561 447 280 66 Graham,
872 453 170 49 1890-

152 522 274 54 Rainbow
467 529 58 47 at
564 522 185 68 night,
788 522 74 68 by
900 521 169 68 Mary
1110 520 251 55 Graham
1404 522 242 52 Bonner.
1721 522 135 52 New
1902 523 176 68 York,

83 601 63 53 L.
178 602 270 66 Furman,
479 602 107 53 inc.
622 634 12 33 [
640 607 18 21 c
664 602 132 49 1936]

149 670 566 50 4 p. l., 11-319 p. 19½cm.
81 728 1996 53 © Mar. 9, 1936; 2c. and aff. Mar. 12! A 93120'; M. G. Bonner, New York.
162 787 249 48 (36-6662)

79 891 303 64 Brackett,
412 890 229 64 Jeffrey
670 889 387 63 Richardson,
1092 895 168 49 1860-

148 969 122 54 The
310 966 454 71 transportation
807 966 256 69 problem
1107 966 59 54 in
1210 966 306 55 American
1560 968 172 54 social

1775 968 173 66 work,
78 969 1974 146 including
332 1065 73 35 an
428 1051 237 49 account
686 1045 65 56 of
772 1046 97 54 the
890 1045 191 68 origin
1104 1046 113 53 and
1242 1046 396 68 development

80 1045 1998 148 of the Transportation agreement, by Jeffrey R. Brackett … New York,
79 1204 221 54 Russell
334 1202 146 69 Sage
513 1202 361 67 foundation,
907 1204 150 51 1936.

144 1275 1929 50 2 p. l., 3-38 p. 23 cm . (On cover: [Russell Sage foundation, New York.
79 1333 291 49 Pamphlets]
433 1333 38 40 G
490 1332 50 48 1)

81 1387 52 53 ©
160 1392 109 39 Jan.
296 1391 39 47 8,
364 1390 117 40 1936;
536 1390 66 40 2c.
631 1390 97 39 and
757 1388 82 42 aff.
868 1390 108 39 Jan.
1007 1388 81 47 14;
1122 1389 39 39 A
1190 1387 171 48 90294;
1394 1389 197 40 Russell
1620 1389 124 47 Sage
1770 1387 308 42 foundation.

159 1447 250 49 (36-6747)

79 1550 179 67 Britt,
293 1549 228 66 Albert,
560 1551 171 54 1874-

149 1625 1753 70 The great biographers, by Albert Britt … New York,
79 1627 1974 144 London,
228 1705 341 68 Whittlesey
592 1705 190 67 house,
805 1704 429 54 McGraw-Hill
1258 1703 146 54 book
1426 1722 298 50 company,
1743 1704 108 53 inc.
1879 1738 13 33 [
1897 1710 16 20 c
1920 1708 134 49 1936]

149 1780 65 48 xi,
243 1781 86 39 223
358 1791 43 37 p.
461 1778 58 41 19½
549 1781 44 21 cm
597 1810 9 9 .

153 1836 162 40 “First
350 1835 227 41 edition.”

80 1889 53 53 ©
163 1893 110 40 Feb.
302 1893 68 47 17,
400 1892 140 46 1936;
572 1892 65 40 2c.
670 1892 112 40 Feb.
813 1891 81 46 18;
928 1890 81 41 aff.
1042 1891 109 40 Feb.
1180 1890 83 47 20;
1297 1891 39 39 A
1367 1891 170 47 90873;
1573 1890 351 41 McGraw-Hill
1954 1893 126 39 book

150 1961 82 36 co.,
258 1950 90 40 inc.
412 1948 251 49 (36-6445)

78 2040 231 62 Brown,
336 2038 219 54 Nelson
585 2038 369 63 Courtlandt,
986 2043 171 50 1885-

146 2113 822 70 Logging—transportation;
999 2113 95 52 the
1124 2112 312 69 principles
1466 2112 114 53 and
1606 2112 259 54 methods
1894 2110 64 55 of
1980 2112 95 69 log

78 2191 451 70 transportation
570 2192 59 52 in
671 2192 95 52 the
807 2191 217 55 United
1067 2189 187 56 States
1294 2191 113 52 and
1450 2189 254 71 Canada,
1745 2191 77 71 by
1862 2191 211 53 Nelson

77 2269 1973 149 Courtlandt Brown … New York, J. Wiley & sons, inc.; London,
238 2349 299 69 Chapman
563 2351 47 51 &
634 2349 162 68 Hall,
824 2348 240 68 limited,
1095 2351 151 50 1936.

147 2432 76 38 xv,
248 2424 85 40 327
361 2434 43 37 p.
464 2422 141 48 illus.,
635 2423 178 47 diagrs.
874 2421 56 42 23½
962 2424 45 22 cm
1011 2454 8 7 .
1136 2421 130 49 $4.00

147 2479 433 50 “Supplementary
615 2482 49 39 to
703 2479 548 49 ‘Logging—principles
1288 2481 95 39 and
1418 2478 268 50 practices’,
1720 2480 63 48 by
1821 2481 82 41 the
1941 2490 133 32 same

76 2538 190 51 author,
295 2538 256 48 published
581 2539 50 39 in
661 2537 350 42 1934.”—Pref.

146 2594 372 49 Bibliography;
547 2605 44 38 p.
621 2594 217 42 297-323.

81 2650 52 53 ©
174 2654 110 40 Feb.
323 2655 70 46 11,
433 2654 139 47 1936;
614 2655 68 39 2c.
725 2654 109 41 Feb.
875 2655 82 46 15;
1000 2653 81 41 aff.
1124 2654 108 40 Feb.
1276 2655 81 46 14;
1400 2655 43 40 A
1480 2655 171 48 91764;
1695 2657 56 40 N.
1792 2657 49 40 C.
1883 2658 192 48 Brown,

152 2712 250 47 Syracuse.
471 2710 250 49 (36-6605)

79 2799 215 64 Bruen,
325 2800 335 53 Alexander
691 2800 132 64 Jay,
858 2806 169 49 1910-

147 2874 1863 72 The new deal with Mephistopheles; heading for disaster …
78 2954 1989 70 by Alexander Jay Bruen, jr., M. A. New York [Duttons, inc.]
81 3034 148 51 1935.

147 3105 615 49 4 p. l., 86 p., 1 l. 21 cm .
81 3160 1993 55 © Dec. 4. 1935; 2c. Mar. 6, 1936; aff. Mar. 7; A 93076; A. J. Bruen, jr.,
151 3222 116 39 New
304 3222 144 39 York.
519 3221 250 50 (36-6596)

79 3309 181 66 Brim,
341 3310 219 65 Vincenz,
589 3314 171 53 1897-

150 3385 340 68 Alcibiades,
535 3387 232 53 beloved
814 3387 62 52 of
920 3387 138 68 gods
1106 3387 112 53 and
1263 3407 127 33 men
1536 3420 13 34 [by]
1655 3386 193 53 Vincenz
1895 3387 179 53 Brun.

81 3462 135 52 New
245 3462 176 68 York,
448 3462 65 54 G.
542 3464 63 52 P.
636 3464 294 53 Putnam’s
956 3482 143 50 sons,
1129 3467 147 50 1935.

148 3533 540 50 4 p. l., 312 p. 21 cm .
82 3590 52 53 ©
157 3595 117 39 Nov.
300 3596 68 46 15,
393 3595 116 40 1935;
561 3596 66 39 2c.
653 3596 117 39 Nov.
796 3596 82 46 25;
906 3596 81 40 aff.
1016 3598 121 40 Mar.
1164 3598 39 45 7,
1230 3596 140 47 1936;
1398 3597 40 39 A
1464 3596 169 45 93110;
1665 3597 52 40 G.
1746 3598 49 40 P.
1824 3597 251 41 Putnam’s

150 3661 124 30 sons.
338 3651 250 48 (36-6659)

81 3737 274 67 Buckley,
384 3740 208 55 Albert
622 3741 268 64 Coulson,
924 3744 169 53 1873-

81 3814 1963 144 … Nursing mental and nervous diseases, from the viewpoints
305 3892 61 52 of
400 3892 244 69 biology,
681 3893 346 69 psychology
1064 3894 110 52 and
1211 3894 337 68 neurology;
1589 3915 30 34 a
1655 3894 290 54 text-book
1984 3895 87 51 for

82 3985 93 36 use
211 3969 60 52 in
307 3971 217 52 schools
562 3971 94 52 for
693 3972 96 51 the
824 3970 257 70 training
1117 3972 63 52 of
1220 3989 213 54 nurses,
1469 3973 75 70 by
1582 3973 206 53 Albert
1829 3971 244 56 Coulson
