2519 4377
1317 4081 134 50 1380

358 359 321 66 Desmond,
712 360 196 65 Shaw,
943 362 173 54 1877-

432 435 246 55 London
714 437 184 68 pride,
933 437 77 69 by
1046 436 172 56 Shaw
1254 439 293 54 Desmond
1589 484 55 9 ...
1721 440 261 68 London,
2016 441 367 55 Hutchinson

361 517 46 51 &
441 533 99 50 co.,
572 515 107 53 ltd.
743 518 153 64 [1936]

434 600 32 29 x
493 601 57 37 p.,
579 590 25 39 1
666 622 8 15 l.,
703 589 177 41 13-958
906 601 42 37 p.
1006 590 116 41 19cm.

437 646 123 41 “2nd
595 646 337 48 impression.”

360 698 1812 59 © 1c. Sept. 9, 1936; A ad int. 21812; pubd. July 23; S. Desmond,
433 709 1936 102 Twickenham,
659 762 238 47 England.
970 760 284 50 (36-22192)

363 864 309 66 Dillaway,
699 867 274 55 Newton.

436 944 259 68 Prophet
727 943 63 55 of
824 940 298 71 America;
1160 944 278 54 Emerson
1474 945 113 54 and
1620 945 97 56 the
1749 946 288 69 problems
2071 946 63 55 of
2168 947 219 70 to-day,

366 1022 71 69 by
466 1022 242 54 Newton
737 1022 293 69 Dillaway
1062 1067 56 10 ...
1199 1023 236 68 Boston,
1462 1024 197 69 Little,
1687 1026 232 67 Brown,
1947 1026 112 52 and
2088 1044 299 51 company,

369 1104 146 51 1936.

435 1173 1168 52 ix p., 2 l., [3]-423 p. front. (port.) 21½cm.
363 1228 53 53 ©
450 1234 127 47 Sept.
607 1233 70 47 28,
708 1233 142 47 1936;
881 1234 69 41 2c.
980 1234 97 39 and
1109 1234 81 42 aff.
1224 1235 129 47 Sept.
1382 1233 85 49 29;
1496 1235 41 39 A
1565 1234 173 48 98690;
1770 1236 56 39 N.
1857 1234 263 49 Dillaway,
2151 1234 237 51 Reading,

435 1291 148 39 Mass.
656 1290 284 50 (36-21176)

366 1393 186 67 Dodd,
580 1395 232 53 Walter
838 1394 321 65 Fairleigh,
1193 1401 172 49 1880-

440 1472 380 68 Supplement
849 1478 59 48 to
940 1473 219 53 Dodd’s
1193 1473 170 55 Cases
1395 1491 73 34 on
1499 1472 435 54 constitutional
1964 1474 130 66 law,
2125 1475 75 67 by
366 1475 1998 129 Walter

479 1553 64 52 F.
572 1552 174 53 Dodd
780 1595 56 9 ...
917 1553 72 51 3d
1016 1553 84 52 ed.
1181 1552 81 55 St.
1292 1552 166 69 Paul,
1485 1554 162 53 West
1673 1551 352 70 publishings
2039 1571 98 50 co.,
2166 1556 150 51 1936.

433 1625 137 50 xviii,
604 1627 88 39 334
725 1636 44 38 p.
829 1626 148 40 25½cm.
1049 1626 285 48 (American
1368 1626 238 40 casebook
1640 1626 179 48 series;
1853 1627 210 40 Warren
2097 1627 55 40 A.
2190 1627 199 50 Seavey,

436 1684 198 48 general
666 1683 184 49 editor)

366 1736 53 54 ©
449 1741 129 48 Sept.
606 1741 70 47 30,
706 1740 115 41 1936;
878 1741 68 39 2c.
976 1741 102 41 Oct.
1108 1741 83 42 15;
1222 1740 83 42 aff.
1335 1741 102 40 Oct.
1465 1739 83 49 20;
1580 1741 41 39 A
1648 1740 172 48 99498;
1852 1741 138 40 West
2016 1740 112 48 pub.
2158 1750 67 30 co.

367 1861 326 65 Edgerton,
727 1861 256 53 Edward
1013 1862 116 64 Ira,
1162 1862 171 54 1877-

440 1936 249 55 General
711 1937 428 67 mathematics;
1166 1956 30 34 a
1220 1937 161 53 third
1405 1954 195 36 course
1624 1936 62 53 in
1709 1936 96 53 the
1827 1954 126 35 new
1975 1935 416 67 mathematics,

370 2015 74 70 by
465 2016 256 52 Edward
746 2015 49 53 I.
821 2016 300 69 Edgerton
1150 2059 56 9 ...
1237 2016 112 52 and
1375 2016 186 68 Perry
1585 2014 71 53 A.
1683 2013 321 70 Carpenter
2033 2057 57 10 ...
2153 2014 238 66 Boston,

369 2092 138 54 New
535 2094 165 53 York
750 2099 120 62 [etc.]
901 2094 182 69 Allyn
1112 2094 113 53 and
1252 2095 194 52 Bacon
1479 2127 13 33 [
1496 2099 18 23 c
1520 2096 153 65 1936]

439 2177 41 36 v,
512 2168 98 48 420,
640 2168 28 39 4
697 2178 42 38 p.
802 2168 165 42 front.,
997 2168 144 47 illus.,
1171 2167 182 49 diagrs.
1415 2167 56 40 19½
1505 2169 45 22 cm
1553 2199 8 9 .

442 2224 328 42 “Protractor,
799 2225 145 50 ruler,
971 2227 94 40 and
1093 2225 206 49 square”
1326 2225 50 41 in
1400 2225 174 49 pocket
1601 2226 53 40 at
1681 2225 106 41 end.

369 2280 53 54 ©
448 2286 122 47 Aug.
597 2285 72 48 24,
697 2285 142 48 1936;
869 2285 68 42 2c.
966 2286 129 47 Sept.
1124 2286 24 39 5;
1207 2285 82 40 aff.
1323 2286 127 47 Sept.
1477 2286 55 46 4;
1562 2285 42 40 A
1630 2283 173 50 97679;
1832 2284 148 48 Allyn
2006 2286 39 39 &
2073 2286 177 38 Bacon.

452 2342 285 48 (36-21431)

369 2447 252 65 Feeney,
649 2447 291 66 Leonard,
970 2448 172 55 1897-

447 2523 159 69 Song
643 2524 95 52 for
776 2546 31 33 a
844 2524 251 68 listener,
1131 2523 75 69 by
1246 2524 264 53 Leonard
1550 2525 241 67 Feeney,
1830 2541 41 35 s.
1912 2542 47 34 j.
2035 2524 140 52 New
2216 2522 179 67 York,

373 2603 122 52 The
524 2602 341 54 Macmillan
897 2620 300 51 company,
1231 2605 151 50 1936.

445 2678 28 38 4
505 2688 42 37 p.
617 2708 7 12 l.,
655 2678 56 40 33
745 2688 43 37 p.
849 2676 146 40 19½cm.

370 2729 54 54 ©
455 2734 128 48 Sept.
609 2733 71 50 29,
709 2733 142 48 1936;
881 2734 68 40 2c.
979 2734 96 39 and
1104 2734 81 39 aff.
1219 2734 128 48 Sept.
1376 2733 83 48 30;
1487 2734 43 39 A
1556 2732 173 49 99072;
1761 2733 286 41 Macmillan
2076 2743 67 30 co.

451 2791 285 50 (36-21490)

374 2896 236 67 Filmer,
639 2898 226 64 Henry.

447 2975 125 52 The
593 2980 254 63 pageant
871 2973 65 54 of
960 2974 229 66 Persia;
1219 2993 29 34 a
1278 2975 197 52 record
1502 2973 65 54 of
1590 2974 185 53 travel
1796 2973 77 68 by
1897 2977 189 49 motor
2111 2972 57 53 in
2196 2972 198 53 Persia

377 3053 140 53 with
562 3071 70 35 an
676 3061 238 46 account
953 3055 64 52 of
1056 3053 74 53 its
1171 3051 228 55 ancient
1437 3053 113 53 and
1588 3052 237 53 modern
1864 3070 175 50 ways,
2077 3052 75 68 by
2190 3052 204 66 Henry

377 3132 219 52 Filmer
633 3175 56 9 ...
765 3130 423 69 Indianapolis,
1221 3132 140 52 New
1395 3131 181 66 York,
1610 3131 122 53 The
1766 3130 445 54 Bobbs-Merrill
375 3149 1995 130 company
577 3243 13 35 [
593 3216 19 22 c
617 3213 156 64 1936]

450 3283 124 41 xxiii
602 3295 58 38 p.,
686 3285 25 38 1
774 3315 9 17 l.,
808 3284 176 40 27-422
1011 3295 41 37 p.
1110 3284 163 40 front.,
1302 3285 171 47 plates,
1503 3285 122 46 port.
1679 3284 117 40 24cm.

451 3342 141 46 Maps
625 3351 60 30 on
714 3339 364 49 lining-papers.

451 3396 381 49 Bibliography:
864 3408 43 37 p.
953 3395 236 50 [385]-395.

374 3449 54 54 ©
458 3455 129 47 Sept.
614 3453 71 49 23,
714 3453 141 47 1936;
883 3453 67 41 2c.
979 3453 96 39 and
1104 3453 81 40 aff.
1218 3454 129 47 Sept.
1374 3453 83 47 28;
1489 3454 40 38 A
1555 3452 173 49 99024;
1760 3453 373 40 Bobbs-Merrill
2161 3463 68 32 co.

457 3511 283 50 (36-21133)

377 3617 158 53 Four
570 3618 175 53 hours
781 3637 31 34 a
846 3636 163 49 year;
1050 3636 31 34 a
1116 3616 399 68 picture-book
1550 3623 157 60 story
1744 3616 63 53 of
1845 3617 163 52 Time
2045 3615 153 54 inc.’s
2236 3614 159 53 third

448 3694 186 69 major
658 3694 341 70 publishing
1022 3694 434 53 venture—The
1480 3693 195 53 march
1701 3692 64 55 of
1787 3693 154 53 time.
2025 3692 157 68 [New
2210 3691 179 66 York]

446 3773 165 53 Time
640 3772 130 68 inc.,
803 3776 154 50 1936.

448 3846 66 48 69,
563 3845 42 51 [2]
634 3857 44 38 p.
737 3846 128 41 illus.
895 3845 134 49 (incl.
1058 3848 165 47 ports.,
1251 3844 163 50 maps)
1480 3843 117 43 38cm.

450 3902 320 42 “Foreword”
802 3904 196 48 signed:
1032 3903 101 42 The
1162 3904 184 40 editors
1375 3903 51 40 of
1455 3902 148 40 Time.

374 3956 55 55 ©
453 3962 126 38 June
603 3961 70 46 10,
698 3960 140 43 1936;
865 3961 66 41 2c.
957 3961 97 40 and
1078 3961 82 41 aff.
1189 3961 128 47 Sept.
1341 3959 83 48 19;
1451 3960 41 39 A
1515 3959 172 47 97942;
1716 3957 149 50 Time,
1889 3957 108 48 inc.,
2022 3958 118 38 New
2165 3956 145 40 York.
510 4018 230 55 (36-21177)
