2519 4377
1417 4143 101 51 362

439 460 261 66 Antrim,
733 464 198 51 Doron
963 463 210 64 Kemp,
1206 466 172 50 1890-
1591 464 85 52 ed.

509 538 150 53 Paul
681 536 350 70 Whiteman,
1056 538 223 69 Jimmy
1305 538 240 70 Dorsey,
1570 539 175 69 Rudy
1768 538 219 70 Vallee,
2012 539 249 54 Freddie
2287 540 166 67 Rich,

439 615 148 56 Glen
625 617 179 73 Gray,
842 617 200 53 Frank
1077 616 268 69 Skinner,
1384 617 177 54 Enric
1597 616 396 70 Madriguera,
2029 618 222 70 Jimmy
2288 619 165 67 Dale,

437 695 181 54 Merle
643 697 307 67 Johnston,
973 695 133 70 Guy
1130 695 344 68 Lombardo,
1496 695 166 55 Uriel
1685 696 182 54 Davis
1893 697 115 53 and
2033 697 167 54 Duke

437 697 1990 130 Ellington
569 775 131 69 give
733 774 150 54 their
914 779 204 49 secrets
1151 773 64 55 of
1247 775 177 53 dance
1454 774 153 54 band
1641 793 242 50 success;
1921 775 191 54 edited
2146 776 75 69 by
2253 777 197 53 Doron

438 852 2009 72 K. Antrim … [New York, Famous stars publishing co., c1936]
509 927 57 42 87
600 939 42 38 p.
706 928 127 40 illus.
864 928 198 48 (ports.)
1131 927 118 43 22cm.

442 997 2014 54 © Jan. 13, 1936; 2c. Jan. 15; aff. Jan. 14; A 90314; Famous; stars pub.
517 1070 68 30 co.
653 1059 254 49 (36-5135)

442 1162 245 65 Arnold,
713 1162 256 56 William
996 1163 276 55 Erastus.

515 1239 52 53 A
594 1240 224 68 history
843 1239 64 54 of
934 1238 349 55 Methodism
1309 1239 60 53 in
1397 1239 325 69 Kentucky,
1750 1239 74 68 by
1849 1240 139 53 Rev.
2016 1240 89 54 W.
2135 1241 68 51 E.
2232 1239 224 54 Arnold

505 1318 1578 69 … Volume 1. From 1783 to 1820. [Louisville, Ky.,
2107 1320 122 54 The
444 1322 1988 130 Pentecostal
647 1397 338 68 publishing
1012 1416 299 48 company]
1344 1398 223 53 Herald
1596 1417 175 47 press,
1802 1401 149 49 1935.

516 1470 1349 51 2 p. l., iv p., 1 l., 429 p. front., plates, ports. 20½cm.
448 1539 2013 52 © Dec. 12, 1935; 2c. and aff. Jan. 2, 1936; A 90389; W. E. Arnold,
516 1599 319 49 Winchester,
871 1599 92 49 Ky.
1037 1597 252 50 (36-8254)

447 1704 218 65 Aubin,
692 1703 223 54 Robert
943 1702 244 65 Arnold,
1218 1707 173 50 1900-

517 1778 469 71 Topographical
1023 1783 202 65 poetry
1263 1779 59 53 in
1513 1782 260 64 XVIII-century
1808 1777 293 70 England,
2135 1777 74 69 by
2248 1777 214 55 Robert

446 1857 1992 136 Arnold Aubin … New York, The Modern language association
602 1938 66 53 of
698 1937 287 66 America,
1019 1940 151 50 1936.

520 2012 85 50 xii,
641 2011 90 42 419
766 2024 43 37 p.
875 2012 166 49 front.,
1078 2013 171 48 plates.
1315 2012 116 40 23cm.
1507 2010 302 50 (Half-title:
1845 2011 104 41 The
1983 2012 204 41 Modern
2223 2012 241 49 language

449 2069 299 43 association
777 2069 54 42 of
856 2068 240 42 America.
1149 2068 271 50 Revolving
1445 2068 124 41 fund
1600 2067 166 43 series,
1886 2067 16 49 VI)

522 2125 452 51 “Bibliographies”:
1034 2137 43 38 p.
1108 2125 249 50 [297]-391.
1417 2125 270 41 “Relevant
1710 2124 190 42 works”:
1956 2136 45 39 p.
2027 2125 219 42 392-394.

450 2194 55 54 ©
535 2199 110 42 Jan.
678 2199 70 46 28,
781 2197 141 46 1936;
957 2197 67 40 2c.
1058 2196 111 41 Feb.
1203 2197 82 46 17;
1320 2194 82 42 aff.
1437 2197 122 40 Mar.
1592 2196 55 39 12;
1710 2197 40 39 A
1782 2196 171 48 91187;
1992 2198 202 40 Modern
2224 2199 241 46 language

521 2268 128 29 assn,
681 2257 51 39 of
760 2255 237 41 America.
1066 2254 253 50 (36-8428)

452 2359 271 66 Barclay,
752 2358 257 66 Hartley
1035 2358 202 65 Wade,
1270 2363 173 51 1903-

522 2435 1941 70 Ford production methods, by Hartley W. Barclay … New
455 2517 162 53 York
644 2516 114 53 and
784 2516 260 67 London,
1070 2516 233 67 Harper
1330 2518 45 50 &
1400 2514 278 67 brothers,
1707 2518 150 50 1936.

527 2588 153 48 iii-ix,
711 2588 88 41 219
829 2599 43 38 p.
932 2587 144 49 illus.,
1110 2589 26 40 3
1168 2587 120 42 fold,
1322 2588 141 48 plans
1491 2586 48 48 (1
1574 2587 48 40 in
1658 2586 196 50 pocket)
1897 2585 182 50 diagrs.
2139 2586 269 42 29½×23cm.

530 2628 187 66 Mainly
756 2656 27 29 a
822 2645 299 48 description
1159 2645 52 41 of
1248 2645 82 40 the
1368 2644 149 40 River
1554 2644 167 48 Rouge
1758 2645 138 48 plant
1934 2643 54 41 of
2025 2645 82 39 the
2145 2644 126 41 Ford
2311 2647 156 38 motor

456 2714 251 38 company.

530 2761 164 41 “First
722 2758 229 43 edition.”

528 2817 103 41 The
655 2816 230 41 material
910 2815 50 41 in
983 2815 100 42 this
1105 2816 123 43 book
1251 2816 108 40 first
1382 2816 242 49 appeared
1650 2814 51 41 in
1726 2815 107 41 Mill
1858 2816 96 40 and
1979 2815 209 48 factory,
2248 2816 61 49 cf.
2336 2815 131 42 Pref.

528 2873 354 51 Bibliography
907 2875 54 41 at
986 2874 92 41 end
1106 2873 51 41 of
1183 2873 203 49 chapter
1412 2883 61 31 on
1499 2872 151 43 River
1676 2872 166 50 Rouge
1868 2873 154 49 plant.

458 2930 53 53 ©
550 2934 115 48 Apr.
705 2934 41 46 2,
786 2933 118 40 1936;
966 2932 68 42 2c.
1076 2934 122 40 Mar.
1237 2932 55 41 31;
1362 2932 82 40 aff.
1486 2932 114 48 Apr.
1638 2933 28 38 4;
1736 2932 41 39 A
1815 2931 150 42 93528;
2032 2933 197 48 Harper
2267 2933 37 39 &
2342 2933 126 40 bros.

538 2990 254 49 (36-8340)

456 3092 372 67 Baudelaire,
856 3092 249 56 Charles
1128 3091 222 65 Pierre,
1381 3094 326 54 1821-1867.

526 3171 256 53 Flowers
815 3171 65 53 of
910 3170 130 67 evil,
1075 3169 154 53 from
1262 3170 97 52 the
1391 3169 224 53 French
1649 3168 64 54 of
1748 3167 238 55 Charles
2019 3168 345 55 Baudelaire
2396 3168 75 69 by

457 3249 226 69 George
711 3248 202 53 Dillon
969 3246 130 69 [and]
1137 3249 169 52 Edna
1339 3247 83 56 St.
1456 3247 248 55 Vincent
1732 3247 210 68 Millay;
2003 3245 140 55 with
2173 3247 96 52 the

456 3246 1988 136 original
581 3333 150 50 texts
760 3327 113 53 and
901 3326 141 53 with
1066 3346 31 33 a
1127 3326 235 69 preface
1385 3327 76 67 by
1485 3326 146 54 Miss
1655 3325 225 68 Millay.
1946 3326 139 53 New
2115 3326 180 67 York,
458 3327 1986 147 London,
611 3406 238 68 Harper
873 3407 46 51 &
942 3404 279 69 brothers,
1249 3408 152 51 1936.

531 3480 169 48 xxxix,
729 3480 89 41 282
843 3491 58 38 p.,
929 3481 23 39 1
979 3482 30 39 1.
1064 3480 147 41 22½cm.

532 3536 191 43 French
750 3537 97 41 and
874 3535 204 51 English
1107 3548 59 31 on
1194 3535 220 51 opposite
1440 3547 160 39 pages.

534 3593 166 43 “First
731 3593 229 42 edition.”

461 3647 54 54 ©
542 3652 114 47 Apr.
686 3650 40 49 2,
756 3650 113 41 1936;
928 3652 67 39 2c.
1026 3652 122 38 Mar.
1176 3650 54 41 31;
1291 3650 82 40 aff.
1405 3650 113 48 Apr.
1543 3650 27 39 4:
1630 3650 40 38 A
1700 3648 144 42 93524;
1906 3650 184 47 George
2122 3648 176 48 Dillon,
531 3647 1922 109 Richmond,
726 3709 96 39 and
857 3709 138 39 Edna
1033 3708 67 40 St.
1137 3707 208 40 Vincent
1377 3706 170 49 Millay
1583 3705 301 48 Boissevain,
1919 3706 283 49 Austerlitz,
2239 3707 55 40 N.
2331 3707 54 40 Y.

543 3765 253 48 (36-8362)

461 3866 303 66 Benedict,
799 3868 245 65 Gaston,
1080 3872 172 50 1900-

595 3942 1875 68 … Français. Premier livre … Méthode directe progressive.
463 4025 46 50 3.
538 4023 84 55 cd.
699 4024 318 64 Lausanne,
1101 4022 212 55 Éditions
1340 4025 115 50 Pro
1481 4023 188 52 schola
1705 4025 172 63 [1935]
