2519 4377
1045 4072 100 55 787

117 440 318 64 Michigan.
510 442 274 64 Supreme
813 449 173 45 court.

188 530 1919 69 Michigan reports; cases decided … from September 10 to
118 610 305 53 December
462 613 79 61 10,
582 611 148 50 1935.
807 608 207 54 Hiram
1052 610 61 54 C.
1154 610 183 65 Bond,
1374 614 142 49 state
1553 615 271 62 reporter,
1898 629 50 33 v.
1989 610 117 53 273.

119 692 84 48 1st
227 688 84 53 ed.
388 686 265 67 Chicago.
684 687 319 66 Callaghan
1033 688 110 51 and
1172 705 295 49 company,
1498 689 148 51 1936.

190 759 152 47 xlviii,
373 759 57 40 800
483 771 42 36 p.
582 759 54 40 23
639 762 46 20 cm
691 792 8 8 .

119 827 53 52 ©
207 831 125 40 June
367 830 68 47 26,
473 828 139 46 1936;
651 830 68 39 2c.
758 830 94 41 and
891 829 80 40 aff;
1009 830 125 41 June
1170 828 82 48 29;
1292 830 40 39 A
1367 828 171 48 96230;
1579 828 180 42 Orville
1800 831 51 39 E.
1890 830 217 48 Atwood,

189 889 244 44 secretary
475 886 50 39 of
567 888 128 38 state
735 886 77 39 for
856 887 80 40 the
979 888 126 38 state
1148 886 51 39 of
1242 884 258 49 Michigan,
1543 884 226 49 Lansing,
1813 884 142 42 Mich.

116 1002 317 66 Michigan.
505 1002 365 64 University.
941 1005 154 66 Dept.
1145 1005 62 63 of
1238 1003 340 53 intramural
1608 1009 204 62 sports.

189 1087 202 67 Sports
421 1087 93 51 for
544 1087 311 53 recreation
887 1087 110 52 and
1030 1087 126 52 how
1189 1091 56 47 to
1277 1087 135 67 play
1446 1088 170 64 them,
1647 1087 74 67 by
1752 1087 95 53 the
1879 1086 133 53 staff
2045 1086 63 53 of

117 1166 94 52 the
254 1165 350 52 Intramural
648 1170 185 61 sports
875 1164 377 67 department,
1296 1164 332 68 University
1673 1164 63 54 of
1778 1163 326 69 Michigan;

117 1244 94 51 the
256 1243 259 51 authors:
558 1243 70 52 A.
672 1243 71 51 A.
788 1244 210 63 James,
1041 1243 156 54 John
1239 1243 334 64 Johnstone,
1618 1243 67 53 E.
1730 1244 70 51 D.
1845 1242 262 53 Mitchell

141 1319 1967 68 [and others] … edited by Elmer D. Mitchell. New York,
115 1399 69 51 A.
213 1398 54 54 S.
296 1399 218 51 Barnes
538 1398 109 52 and
675 1414 295 50 company,
994 1396 414 68 incorporated,
1437 1401 148 50 1936.

185 1482 45 36 x,
257 1470 87 40 467
370 1481 41 37 p.
469 1470 142 46 illus.,
643 1469 178 48 diagrs.
880 1469 55 40 23½
967 1471 44 21 cm
1016 1502 9 8 .

186 1525 347 49 Bibliography
565 1529 51 37 at
649 1527 91 39 end
773 1526 53 40 of
853 1527 116 39 each
1003 1526 213 47 chapter.

117 1593 52 54 ©
197 1598 113 39 May
337 1597 68 47 11,
434 1596 116 42 1936;
603 1596 66 41 2c.
701 1597 94 39 and
824 1596 82 41 aff.
937 1597 112 47 May
1078 1596 81 46 14;
1190 1596 41 39 A
1258 1594 171 49 94421;
1461 1596 53 41 A.
1548 1596 43 41 S.
1622 1597 186 40 Barnes
1838 1596 36 41 &
1903 1605 84 39 co.,
2016 1597 91 40 inc.

196 1654 278 49 (36-27269)

115 1755 281 66 Millikan,
422 1756 221 53 Robert
669 1755 307 63 Andrews,
1005 1761 169 50 1868-

187 1830 1920 70 New elementary physics, by Robert Andrews Millikan … and
117 1908 1993 70 Henry Gordon Gale … being a revision of the author’s Elements
117 1986 1966 147 of ph y sics done in collaboration with James P. Coyle … Boston, New York [etc.] Ginn and company [ c 1936]
187 2139 96 48 xiv,
309 2139 85 41 637
417 2151 42 36 p.
514 2141 86 39 col.
626 2140 164 42 front.,
818 2139 140 49 illus.,
984 2140 156 47 plates
1169 2138 48 49 (2
1244 2139 113 48 col.)
1391 2141 162 46 ports.,
1579 2149 150 38 maps,
1757 2139 179 49 diagrs.
1990 2140 55 40 20
2046 2143 47 21 cm
2096 2173 10 9 .

188 2196 133 40 First
346 2196 252 48 published
624 2197 153 39 under
804 2195 133 41 title:
965 2196 40 39 A
1029 2196 106 40 first
1161 2206 168 30 course
1354 2196 48 39 in
1428 2196 206 48 physics.

116 2262 53 54 ©
205 2267 112 48 Apr.
355 2266 69 48 24,
463 2266 139 47 1936;
643 2267 68 41 2c.
751 2268 125 39 June
914 2267 51 43 5;
1007 2266 81 40 aff.
1129 2268 127 39 June
1291 2268 53 40 4:
1386 2267 41 39 A
1464 2267 169 41 94761;
1676 2268 55 41 B.
1771 2268 54 42 A.
1866 2268 239 48 Millikan,

184 2324 266 46 Pasadena,
482 2323 157 46 Calif.,
671 2324 94 39 and
795 2324 167 47 Henry
992 2323 52 40 G.
1076 2323 132 47 Gale,
1235 2323 222 48 Chicago.
1521 2321 279 52 [Copyright
1830 2324 41 41 is
1900 2322 205 43 claimed

184 2391 60 29 on
271 2379 225 49 revision]
567 2379 278 48 (36-12953)

111 2483 203 64 Millin,
342 2486 136 51 Mrs.
505 2483 189 55 Sarah
724 2484 290 53 Gertrude
1046 2483 312 65 (Liebson)

183 2561 119 53 The
332 2560 105 52 life
469 2560 63 53 of
564 2560 243 54 General
843 2561 208 54 Smuts.
1132 2594 12 33 [
1150 2579 51 34 v.
1235 2564 47 49 2.
1358 2561 180 67 chap.]
1580 2564 184 50 10-21.

191 2632 85 46 (In
300 2630 383 51 Johannesburg
714 2631 130 50 Star,
874 2631 117 51 May
1023 2632 163 49 27-30,
1216 2630 127 43 June
1376 2631 100 50 1-6,
1506 2632 41 49 8,
1579 2632 41 49 9,
1653 2630 141 50 1936)

113 2698 1991 54 © 1c. each July 22, 1936; A ad int. 21668; pubd. May 27, 28, 29, 30,
183 2761 125 38 June
350 2761 38 45 1,
428 2759 40 48 2,
509 2761 41 46 3,
590 2761 40 46 4,
672 2761 40 47 5,
754 2760 39 49 6,
836 2760 39 46 8,
918 2760 52 46 9;
1017 2760 156 40 Sarah
1218 2760 238 41 Gertrude
1500 2759 172 49 Millin,
1717 2760 387 47 Johannesburg,

184 2816 151 40 South
365 2816 184 42 Africa.

110 2921 358 63 Mortensen,
496 2920 273 56 William.

182 2997 279 52 Monsters
496 3000 44 49 &
575 2997 329 53 madonnas,
941 2995 74 69 by
1052 2996 258 54 William
1345 2998 342 52 Mortensen.
1765 2997 116 55 San
112 2998 1963 141 Francisco,
307 3073 193 68 Calif.,
535 3074 239 55 Camera
806 3073 153 54 craft
989 3074 333 68 publishing
1353 3093 278 49 company
1669 3109 12 33 [
1686 3082 18 21 c
1709 3079 151 63 1936]

182 3146 694 49 34 l. illus., plates. 31 cm .
185 3203 71 41 On
285 3213 165 31 cover;
483 3204 39 39 A
550 3204 121 41 book
702 3204 51 39 of
781 3204 234 40 methods.

184 3260 198 40 Printed
409 3270 58 29 on
497 3260 171 40 double
696 3262 160 38 leaves
880 3261 163 40 folded
1070 3259 48 40 in
1146 3260 204 41 Chinese
1378 3260 138 49 style.

184 3316 129 39 “The
343 3318 77 39 art
450 3316 51 39 of
530 3316 564 49 photography.”—Leaf
1122 3317 68 42 10.

520 3373 914 49 CONTENTS.—Characters.—Nudes.—Grotesques.

111 3439 52 52 ©
195 3444 124 39 June
352 3444 39 44 5,
422 3443 139 45 1936;
595 3444 68 39 2c.
696 3445 95 38 and
824 3444 81 39 aff.
939 3445 125 39 June
1097 3445 80 46 16;
1213 3445 41 38 A
1285 3444 170 47 95716;
1490 3445 202 41 Camera
1727 3445 129 41 craft
1890 3446 109 46 pub.
2034 3455 66 30 co.

191 3499 277 50 (36-12963)

108 3605 302 63 Newman,
437 3605 250 52 Horatio
710 3605 276 62 Hackett,
1016 3607 168 54 1875-

183 3679 1855 70 Outlines of general zoology, by Horatio Hackett Newman …
111 3757 71 52 3d
211 3757 83 52 ed.
358 3757 135 51 New
524 3758 179 66 York,
731 3757 119 52 The
879 3758 333 53 Macmillan
1238 3776 297 50 company,
1565 3761 149 50 1936.

182 3830 148 47 xxvii,
359 3830 79 40 661
473 3843 39 35 p.
569 3830 126 41 illus.
725 3830 133 47 (incl.
886 3831 173 48 ports.)
1095 3831 178 49 diagrs.
1326 3832 56 38 22
1385 3835 44 21 cm
1433 3862 9 9 .

183 3885 370 49 Bibliography:
587 3899 39 36 p.
654 3887 216 41 607-610.

109 3950 53 52 ©
195 3956 124 38 June
353 3955 67 45 16,
455 3954 137 48 1936;
630 3957 67 39 2c.
731 3958 96 38 and
861 3956 81 40 aff.
978 3958 125 39 June
1138 3957 81 46 17;
1256 3958 40 38 A
1331 3957 169 46 96025;
1539 3957 279 41 Macmillan
1855 3969 67 29 co.

189 4009 277 49 (36-12952)
