2519 4377
1305 4100 98 49 982

417 492 1154 51 93 p. 22 cm . (Marxist library … vol. II)
345 561 53 54 ©
431 566 119 47 Aug.
585 566 69 48 31,
691 565 114 41 1935;
868 565 68 40 2c.
968 566 97 38 and
1100 566 82 39 all.
1218 567 126 38 June
1378 567 69 46 17,
1483 566 141 47 1936;
1661 567 40 38 A
1737 566 171 48 96041;
1950 568 258 40 Internatl.
416 568 1922 94 publishers

618 632 82 39 co.,
727 622 90 40 inc.
875 622 282 50 [Copyright
1183 622 42 39 is
1252 622 206 40 claimed
1487 634 57 28 on
1573 622 186 48 editing
1784 623 61 47 by
1873 624 278 39 Alexander
414 623 1924 106 Trachtenberg]
699 679 280 48 (36-13815)

344 785 246 53 Federal
618 784 217 65 digest.

416 863 244 52 Federal
695 862 214 68 digest;
948 862 138 54 vols.
1123 862 134 54 1-78
1292 862 244 53 Federal
1569 868 274 61 reporter,
1876 864 72 52 2d
1984 862 195 68 series;
2218 863 136 54 vols.

347 945 133 50 1-11
514 941 243 53 Federal
788 941 361 68 supplement;
1213 940 137 56 vols.
1383 945 170 49 45-55
1586 940 276 69 Supreme
1891 947 161 48 court
2083 947 272 63 reporter.

347 1020 367 55 Cumulative
746 1020 153 52 table
932 1020 63 52 of
1029 1037 148 35 cases
1214 1019 267 68 affirmed,
1515 1021 259 52 reversed
1809 1039 64 34 or
1908 1020 286 69 modified,
346 1040 1986 126 supplementing
730 1099 112 52 and
873 1097 338 68 continuing
1239 1104 58 47 to
1327 1099 133 52 date
1486 1097 378 54 information
1893 1100 169 66 given
2093 1099 58 52 in
2181 1100 178 53 Table

347 1177 63 51 of
443 1195 150 35 cases
626 1176 277 68 digested,
935 1177 136 53 vols.
1107 1180 170 49 1-300
1309 1177 243 52 Federal
1586 1183 285 62 reporter;
1909 1178 136 54 vols.
2085 1183 135 48 1-44
347 1178 1987 145 Supreme
573 1263 164 46 court
770 1260 274 63 reporter.
1119 1255 84 55 St.
1239 1255 166 68 Paul,

1439 1257 161 53 West
1634 1256 335 68 publishing
2005 1275 78 35 co.
2126 1291 11 33 [
2143 1263 19 21 c
2167 1260 133 49 1936
2307 1291 12 33 ]

416 1342 60 41 80
502 1353 44 37 p.
607 1341 148 41 25½cm.

346 1408 1670 55 © Jan. 24, 1936; 2c. and aff. Feb. 17; A 90811; West pub. co.
349 1518 265 63 Fellows,
639 1517 216 54 Muriel
880 1517 75 57 H.

421 1594 123 55 The
584 1594 139 55 land
763 1592 64 56 of
866 1594 152 54 little
1056 1593 157 68 rain;
1256 1614 31 34 a
1327 1600 158 63 story
1523 1593 65 55 of
1626 1593 162 70 Hopi
1829 1594 217 55 Indian
2084 1596 277 67 children,

350 1674 232 54 written
616 1674 115 55 and
764 1673 327 56 illustrated
1126 1673 76 69 by
1234 1672 213 55 Muriel
1482 1674 77 54 H.
1596 1674 261 54 Fellows.
1932 1675 429 69 Philadelphia,

351 1753 254 70 Chicago
656 1757 121 65 [etc.]
810 1754 122 53 The
956 1753 159 56 John
1142 1753 62 56 C.
1232 1751 270 57 Winston
1529 1771 298 50 company,
1856 1757 150 51 1936.

423 1827 84 41 121
537 1838 43 39 p.
611 1826 112 42 incl.
754 1827 88 42 col.
869 1826 166 50 front.,
1065 1826 130 41 illus.
1221 1825 139 51 (part
1388 1825 113 48 col.)
1569 1826 56 42 23
1628 1828 44 23 cm
1677 1858 9 10 .

423 1885 293 42 Illustrated
745 1883 368 51 lining-papers.

351 1953 54 54 ©
434 1957 115 47 July
580 1957 68 48 15,
679 1955 140 48 1936;
848 1956 69 41 2c.
947 1955 96 40 and
1074 1953 81 43 aff.
1185 1955 117 47 July
1330 1955 84 47 25;
1446 1956 41 38 A
1515 1954 172 48 97153;
1720 1955 129 40 John
1880 1956 50 40 C.
1960 1955 225 41 Winston
2214 1965 68 31 co.

432 2013 283 50 (36-16937)

352 2120 181 64 Field,
559 2119 198 55 Oliver
780 2119 197 55 Peter.

424 2197 56 53 A
505 2196 270 55 selection
800 2195 64 53 of
891 2215 151 36 cases
1070 2195 113 52 and
1212 2194 337 53 authorities
1575 2213 72 34 on
1675 2193 432 54 constitutional
2132 2194 130 70 law,
2291 2194 75 70 by

356 2273 2010 72 Oliver Peter Field … 2d ed. … Chicago, Callaghan and
354 2374 300 51 company,
685 2357 152 52 1936.

427 2431 167 47 xxxvi,
622 2430 116 41 1097
766 2441 44 38 p.
870 2429 57 40 26
930 2432 43 21 cm
980 2462 8 8 .
1059 2429 258 47 (National
1345 2430 236 39 casebook
1609 2429 175 48 series)

354 2498 54 54 ©
433 2502 127 40 June
582 2501 70 48 29,
679 2501 141 48 1936;
848 2501 67 41 2c.
942 2501 117 47 July
1083 2501 53 47 2;
1165 2501 83 41 aff.
1274 2502 120 46 Aug.
1421 2502 52 46 5;
1502 2503 41 37 A
1568 2499 171 49 95905;
1769 2501 272 48 Callaghan
2068 2503 37 40 &
2131 2511 68 31 co.

435 2558 284 50 (36-14859)

355 2663 319 65 Frohman,
703 2663 227 65 Daniel,
963 2668 171 49 1851-

426 2742 210 52 Daniel
676 2741 294 53 Frohman
1011 2745 283 63 presents;
1340 2759 70 33 an
1453 2738 476 70 autobiography.
2007 2742 138 52 New
2189 2740 179 68 York,

359 2818 964 68 C. Kendall & W. Sharp [ c 1935]
427 2904 76 38 xv,
534 2893 85 41 397
648 2904 44 37 p.
721 2892 109 40 incl.
860 2891 165 49 front.,
1055 2892 172 48 plates,
1257 2893 150 46 ports.
1465 2890 56 41 22½
1554 2894 15 21 cm
1604 2925 8 7 .

359 2961 52 53 ©
444 2966 112 39 Dec.
590 2965 39 40 5.
665 2963 140 47 1935;
841 2963 68 39 2c.
944 2964 112 39 Dec.
1090 2962 51 41 6:
1179 2961 83 41 aff.
1295 2963 120 38 Mar.
1453 2961 67 47 19,
1556 2961 140 47 1936;
1734 2963 39 38 A
1807 2961 172 47 92686;
2017 2963 57 39 D.
2111 2961 259 47 Frohman,

429 3022 116 39 New
574 3020 143 40 York.
784 3020 223 47 (36-545)

359 3124 283 66 Gilmour,
671 3124 276 64 Richard,
975 3125 110 66 bp.,
1114 3127 326 50 1824-1891.

431 3204 166 54 Bible
625 3203 251 68 history;
910 3202 334 68 containing
1272 3202 96 53 the
1398 3207 147 48 most
1574 3201 354 53 remarkable
1958 3207 192 47 events
2181 3200 63 53 of
2274 3202 95 51 the

362 3282 115 55 Old
513 3282 112 53 and
659 3283 139 52 New
832 3283 373 52 Testaments.
1282 3282 83 52 To
1402 3281 187 52 which
1622 3281 103 52 has
1760 3280 138 52 been
1934 3280 185 53 added
2155 3299 31 33 a
363 3298 1981 132 compendium
690 3360 65 53 of
802 3361 212 52 church
1065 3360 237 67 history.
1379 3360 117 52 For
1548 3360 99 51 the
1695 3377 96 35 use
1842 3357 63 53 of
1958 3359 95 52 the
2109 3358 261 55 Catholic

362 3440 219 53 schools
605 3438 62 52 in
691 3439 95 53 the
809 3439 218 54 United
1054 3439 204 55 States.
1337 3439 90 67 By
1453 3437 184 68 Right
1661 3438 138 53 Rev.
1826 3436 256 54 Richard
2107 3437 264 55 Gilmour

425 3515 1807 71 … New York, Cincinnati [etc.] Benziger brothers, 1936.
437 3588 1623 53 6, 6a-6b, 7-350 p. incl. front., illus. 4 maps on 2 l. 19 cm .
363 3660 52 53 ©
451 3665 111 45 May
597 3664 70 43 26,
701 3661 140 43 1936:
877 3661 67 41 2c.
980 3662 94 39 and
1106 3661 83 41 aff.
1224 3661 116 47 July
1373 3661 53 46 3;
1464 3662 39 38 A
1538 3659 171 47 96292;
1749 3659 235 48 Benziger
2019 3659 124 39 bros.
435 3658 1921 107 [Copyright
596 3720 41 38 is
670 3719 205 41 claimed

907 3730 60 28 on
997 3730 43 36 p.
1070 3717 219 49 316-325]
1363 3716 281 48 (36-16696)

435 3823 167 54 Bible
629 3823 251 69 history;
913 3822 334 68 containing
1277 3822 94 51 the
1402 3826 147 48 most
1577 3820 354 53 remarkable
1961 3825 192 47 events
2184 3817 64 53 of
2276 3817 95 52 the

367 3901 115 55 Old
512 3902 112 53 and
659 3903 139 52 New
828 3903 371 52 Testaments.
1276 3901 84 53 To
1393 3899 185 52 which
1611 3899 47 53 is
1692 3899 184 52 added
1909 3917 31 33 a
1972 3895 400 69 compendium

366 3979 65 54 of
462 3981 211 52 church
705 3979 238 54 history.
1020 3981 117 50 For
1167 3981 97 51 the
1293 3996 96 36 use
1419 3977 64 54 of
1515 3978 95 52 the
1643 3976 260 56 Catholic
1935 3975 219 54 schools
2188 3975 58 50 in
2281 3975 90 53 the
