2519 4377
1023 4100 129 49 1935

80 456 139 62 Ley,
254 453 341 54 Madeleine.

150 533 81 51 La
270 529 122 53 nuit
430 532 66 51 de
535 530 51 52 la
627 528 163 55 Saint
834 528 256 68 Sylvain,
1129 548 104 48 par
1272 527 317 54 Madeleine
1627 530 132 64 Ley.
1853 527 231 66 Images

81 609 189 66 d’Edy
299 608 279 67 Legrand.
655 609 184 52 Paris,
870 606 481 67 Calmann-Lévy.
1386 609 146 50 1936.

153 683 23 37 l
239 715 8 8 v.

82 747 53 53 ©
172 751 110 40 Feb.
318 750 39 42 5.
396 748 140 49 1936;
605 759 21 28 1c.
684 751 121 37 Mar.
843 749 56 38 20;
967 748 308 42 A-Foreign
1313 748 171 46 31111;
1528 746 401 48 Calmann-Lévy.

81 870 185 63 Lund,
293 869 149 52 Fred
469 869 201 63 Bates,
701 872 169 50 1865-

154 989 55 9 ...
245 945 185 56 Greek
458 942 293 70 medicine,
781 944 73 68 by
884 945 150 53 Fred
1064 945 67 52 B.
1161 944 166 52 Lund
1365 988 55 9 ...
1456 942 136 53 with
1622 943 30 53 7
1682 941 397 55 illustrations.

78 1025 139 53 New
247 1024 179 66 York,
453 1025 65 51 P.
550 1025 65 52 B.
646 1023 245 67 Hoeber,
921 1022 124 65 inc.,
1077 1026 149 49 1936.

151 1097 102 49 xiii,
285 1099 70 49 [1],
385 1097 97 48 161,
512 1099 54 50 [1]
595 1108 42 38 p.
664 1097 110 41 incl.
799 1097 164 49 front.,
991 1098 128 39 illus.
1174 1097 54 39 17
1232 1098 43 22 cm
1280 1128 8 8 .
1354 1095 276 49 (Half-title;
1679 1094 106 42 Clio
1809 1095 187 41 inedica;
2053 1107 27 29 a

81 1155 150 41 series
258 1155 50 40 of
333 1154 206 49 primers
567 1165 59 29 on
653 1155 83 40 the
763 1153 189 49 history
980 1154 51 40 of
1056 1153 249 41 medicine.
1362 1153 170 41 Editor;
1590 1153 52 40 E.
1672 1152 52 40 B.
1755 1152 326 47 Krumbhaar,

127 1244 9 9 M.
201 1245 9 8 D.
407 1212 14 47 XVIII)

154 1267 158 43 Series
339 1269 108 41 title
474 1269 50 39 in
550 1271 113 46 part
690 1271 52 38 at
769 1269 123 40 head
922 1268 51 40 of
1000 1270 97 46 t.-p.

152 1326 347 49 Bibliography;
559 1337 43 38 p.
634 1326 97 40 155.

85 1394 53 53 ©
170 1399 109 38 Dec.
310 1399 37 41 1.
379 1397 114 39 1936
550 1398 65 37 2c.
648 1399 112 38 Dec.
787 1398 52 40 2;
872 1396 83 41 aff.
987 1398 109 37 Dec.
1128 1395 53 48 3;
1216 1397 37 38 A
1285 1394 199 48 100778;
1519 1395 118 39 Paul
1672 1396 53 39 B.
1758 1395 203 47 Hoeber,
1994 1395 90 41 inc.

166 1454 220 48 (37-775)

84 1550 348 65 Lundholm,
462 1550 205 65 Helge,
701 1555 170 49 1891-

154 1626 122 53 The
301 1626 351 69 psychology
682 1624 67 54 of
773 1624 193 69 belief,
994 1625 75 69 by
1097 1625 189 69 Helge
1311 1624 329 54 Lundholm
1676 1668 56 9 ...
1801 1624 284 68 Durham,

85 1702 68 55 N.
183 1702 81 70 C.,
291 1702 166 54 Duke
483 1703 320 69 university
828 1721 174 50 press,
1034 1704 150 52 1936.

156 1776 78 47 vii,
262 1776 85 40 245
373 1786 43 38 p.
471 1775 55 41 23½
561 1778 44 21 cm
608 1808 8 7 .
683 1776 277 48 (Half-title;
1008 1776 139 40 Duke
1177 1776 273 48 university
1476 1775 349 49 publications)

158 1832 443 48 “Bibliographical
634 1832 300 41 references”;
996 1842 42 38 p.
1088 1831 234 51 [244]-245.

88 1901 52 53 ©
172 1907 108 38 Dec.
310 1906 70 43 12,
410 1904 139 48 1936;
580 1904 66 40 2c.
679 1907 110 37 Dec.
821 1904 80 48 18;
932 1905 79 38 aff.
1047 1906 108 40 Dec.
1187 1904 80 42 19;
1301 1906 39 38 A
1371 1904 172 40 101377;
1609 1905 139 39 Duke
1776 1904 129 41 univ.
1937 1913 150 40 press.

169 1961 220 48 (37-617)

111 2051 463 64 [Mahner-Mons,
598 2051 188 65 HanS]

158 2126 307 54 Damballa
504 2126 157 53 ruft!
741 2126 116 52 Ein
895 2144 198 35 roman
1132 2145 101 34 aus
1271 2126 187 66 Haiti,
1498 2144 110 35 von
1649 2127 165 52 Hans
90 2128 1974 130 Possendorf

275 2203 1790 70 [pseud.] 2. aufl., 6.-9. tausend. Leipzig, O. Janke [ c 1935]
157 2277 925 51 303, [1] p. illus. (facsim.) 18 ½ cm .
90 2344 1885 53 © May 14, 1936; 1c. Dec. 3; A- Foreign 33614; Otto Janke. verlag.
171 2404 250 49 (37-1152)

114 2496 173 62 [Mary
319 2495 164 53 Ruth
518 2496 62 52 of
614 2495 103 53 the
749 2495 241 53 Blessed
1026 2496 366 64 Sacrament,
1426 2495 166 54 steter]
1650 2499 170 50 1895-

163 2569 180 56 Stella
369 2570 284 55 matutina;
716 2589 26 33 a
773 2576 118 48 star
919 2577 172 61 story.
1168 2571 186 52 North
1383 2570 369 69 Providence,
1786 2572 60 53 R.
1877 2572 66 66 I.,
1969 2572 121 54 The

93 2647 343 54 Franciscan
467 2647 382 54 missionaries
882 2648 63 53 of
976 2649 190 66 Mary,
1199 2656 17 21 c
1221 2650 150 52 1936.

164 2718 85 50 [31]
280 2728 42 38 p.
349 2718 111 41 incl.
490 2719 141 48 illus.,
664 2719 86 40 col.
780 2720 171 47 plates.
1010 2720 55 40 23½
1099 2722 44 21 cm
1148 2752 9 8 .

165 2775 151 40 “Text
346 2776 96 39 and
471 2775 329 40 illustrations
829 2776 61 47 by
921 2776 204 47 Marylis
1159 2778 167 48 [pseud.]”

93 2829 53 54 ©
172 2835 110 39 Dec.
309 2833 41 48 5,
376 2832 114 42 1936;
544 2832 67 41 2c.
639 2835 111 39 Dec.
776 2833 48 39 21;
890 2834 79 40 aff.
999 2836 110 38 Dec.
1138 2835 55 38 19;
1250 2836 38 38 A
1318 2834 173 40 101458;
1550 2835 295 39 Franciscan
165 2836 1910 95 missionaries
317 2890 52 39 of
392 2891 152 47 Mary.
608 2889 222 50 (37-729)

95 2981 339 63 Maugham,
462 2981 253 53 William
740 2982 319 63 Somerset,
1089 2985 169 52 1874-

169 3099 57 10 ...
272 3056 84 56 Of
394 3058 211 52 human
645 3057 287 69 bondage;
973 3057 324 54 illustrated
1337 3059 75 67 by
1451 3059 310 68 Randolph
1806 3058 288 56 Schwabe.

97 3133 230 56 Garden
361 3133 151 70 City,
543 3135 69 52 N.
643 3134 92 68 Y.,
765 3135 355 68 Doubleday,
1151 3137 198 51 Doran
1380 3138 45 51 &
1456 3154 297 51 company,
1783 3138 126 66 inc.,
1944 3141 150 50 1936.

167 3208 1290 50 3 p. l., v-x p., 1 l., 684 p. front., plates. 24½ cm .
167 3265 63 39 At
258 3265 122 39 head
409 3265 52 39 of
488 3265 108 40 title;
717 3296 9 9 W.
757 3264 241 42 Somerset
1028 3266 276 47 Maugham.

170 3320 94 41 “Of
289 3319 98 41 this
415 3320 187 40 limited
631 3320 218 49 printing
877 3321 52 41 of
957 3322 81 39 the
1064 3321 106 41 first
1200 3322 280 41 illustrated
1507 3322 183 41 edition
1723 3354 49 9 ...
1805 3324 136 40 there
1970 3326 124 40 have

100 3375 115 41 been
256 3375 192 49 printed
485 3377 81 39 751
611 3375 159 50 copies
810 3376 166 48 signed
1017 3377 61 48 by
1119 3378 80 40 the
1237 3378 178 40 author
1455 3379 95 39 and
1591 3379 82 40 the
1712 3379 291 50 illustrator,
2043 3382 52 39 of

100 3432 154 40 which
290 3433 99 40 this
424 3432 41 41 is
500 3432 203 41 number
737 3432 127 40 687.”

101 3483 52 53 ©
179 3489 109 39 Dec.
314 3490 40 45 4,
385 3487 139 48 1936;
553 3488 66 40 2c.
648 3489 95 38 and
771 3488 82 41 aff.
883 3490 109 39 Dec.
1020 3488 53 40 16;
1130 3491 38 36 A
1197 3489 169 39 101291;
1428 3491 296 47 Doubleday,
1756 3494 163 39 Doran
1950 3496 35 38 &
2042 3503 25 27 co.,

174 3545 88 41 inc.
337 3545 263 48 [Copyright
631 3546 41 39 is
700 3545 204 39 claimed
935 3556 58 29 on
1022 3546 196 47 preface
1248 3547 95 38 and
1375 3546 343 52 illustrations]
181 3601 135 45 (37-786)

101 3693 218 64 Meyer,
347 3694 300 53 Heinrich.

172 3767 309 55 Deutsches
551 3769 392 69 Übungsbuch,
1015 3773 554 67 zusammengestellt
1636 3791 109 35 von
1819 3774 279 54 Heinrich

103 3844 194 55 Meyer
325 3890 55 9 ...
449 3848 137 52 New
615 3848 178 66 York,
821 3848 448 68 Prentice-Hall,
1298 3849 124 68 inc.,
1453 3854 148 50 1936.

241 3950 9 12 xv,
287 3921 85 40 118
406 3932 42 37 p.
509 3922 55 40 19
567 3924 44 21 cm
616 3953 8 8 .

106 3970 53 53 ©
186 3975 125 48 Sept.
337 3976 68 43 25.
434 3976 138 44 1936;
600 3978 67 40 2c.
695 3979 116 40 Nov.
911 3990 7 29 18;
948 3979 82 39 aff.
1165 4011 8 7 Nov.
1199 3978 55 38 25;
1310 3981 37 37 A
1434 3979 114 40 100683;
1605 3981 375 47 Prentice-Hall,
2008 3983 90 41 inc.

185 4030 220 49 (37-781)
