<alto xmlns="http://www.loc.gov/standards/alto/ns-v3#" xmlns:xsi="http://www.w3.org/2001/XMLSchema-instance" xsi:schemaLocation="http://www.loc.gov/standards/alto/ns-v3# http://www.loc.gov/alto/v3/alto-3-0.xsd"><Description>
<MeasurementUnit>pixel</MeasurementUnit>
<sourceImageInformation>
<fileName>1936_v33_Part1.pdf</fileName>
</sourceImageInformation>
<OCRProcessing ID="IdOcr">
<ocrProcessingStep>
<processingDateTime>2019-01-18</processingDateTime>
<processingSoftware>
<softwareCreator>ABBYY</softwareCreator>
<softwareName>ABBYY Recognition Server</softwareName>
<softwareVersion>4.0</softwareVersion>
</processingSoftware>
</ocrProcessingStep>
</OCRProcessing>
</Description>
<Styles>
<ParagraphStyle ALIGN="Left" FIRSTLINE="0." ID="StyleId-FFFFFFFF-FFFF-FFFF-FFFF-FFFFFFFFFFFF-" LEFT="0." RIGHT="0." />
<ParagraphStyle ALIGN="Left" FIRSTLINE="0." ID="StyleId-51D50FAC-7A90-4D70-8A96-5EA9D46D1C8B-" LEFT="0." LINESPACE="7.699999809" RIGHT="0." />
<ParagraphStyle ALIGN="Block" FIRSTLINE="-17." ID="StyleId-6BC133E9-7DCB-43C3-8842-A67984A26405-" LEFT="0." LINESPACE="8.340000153" RIGHT="0." />
<ParagraphStyle ALIGN="Left" FIRSTLINE="-13." ID="StyleId-3C3FF860-43E7-46A2-8934-48F305F6F0D6-" LEFT="0." LINESPACE="11.06999969" RIGHT="0." />
<ParagraphStyle ALIGN="Block" FIRSTLINE="-13." ID="StyleId-19220C76-4F8A-4737-B38C-B5F5C17E6040-" LEFT="0." LINESPACE="11.06999969" RIGHT="0." />
<ParagraphStyle ALIGN="Left" FIRSTLINE="0." ID="StyleId-75A0D721-13ED-4F20-9002-B389EC48477D-" LEFT="0." LINESPACE="15.5" RIGHT="0." />
<ParagraphStyle ALIGN="Left" FIRSTLINE="0." ID="StyleId-8A414184-C7A5-4AC7-9B88-7DA4DDE75922-" LEFT="0." LINESPACE="9.399999619" RIGHT="0." />
<ParagraphStyle ALIGN="Left" FIRSTLINE="0." ID="StyleId-1A87970B-111C-4169-99A6-9412976F3C97-" LEFT="0." LINESPACE="10.5" RIGHT="0." />
<ParagraphStyle ALIGN="Block" FIRSTLINE="-17." ID="StyleId-72DB0571-5AE4-41FD-9E11-68C6AC4C437E-" LEFT="0." LINESPACE="8.340000153" RIGHT="0." />
<ParagraphStyle ALIGN="Center" FIRSTLINE="0." ID="StyleId-1AA43056-C388-4697-B10F-72FDAA38FAE1-" LEFT="0." LINESPACE="10.5" RIGHT="0." />
</Styles>
<Layout>
<Page HEIGHT="4377" ID="Page274" PHYSICAL_IMG_NR="274" WIDTH="2519">
<TopMargin HEIGHT="450" HPOS="0" VPOS="0" WIDTH="2519">
</TopMargin>
<LeftMargin HEIGHT="3782" HPOS="0" VPOS="450" WIDTH="340">
</LeftMargin>
<RightMargin HEIGHT="3782" HPOS="2378" VPOS="450" WIDTH="141">
</RightMargin>
<BottomMargin HEIGHT="145" HPOS="0" VPOS="4232" WIDTH="2519">
</BottomMargin>
<PrintSpace HEIGHT="3782" HPOS="340" VPOS="450" WIDTH="2038">
<TextBlock HEIGHT="72" HPOS="1294" ID="Page274_Block1" LANG="en-US" STYLEREFS="StyleId-813801CF-255C-482D-932A-C2B91A6ACCBE-" VPOS="4160" WIDTH="124">
<TextLine HEIGHT="53" HPOS="1304" VPOS="4169" WIDTH="103">
<String CONTENT="274" HEIGHT="53" HPOS="1304" VPOS="4169" WIDTH="103" />
</TextLine>
</TextBlock>
<TextBlock CS="1" HEIGHT="3718" HPOS="340" ID="Page274_Block2" LANG="en-US" STYLEREFS="StyleId-3D68979F-E3C3-45F8-8A3C-C8C406D982A8-" VPOS="450" WIDTH="2038">
<TextLine HEIGHT="67" HPOS="355" STYLEREFS="StyleId-9A7BD283-8A6E-44B2-A26B-DFEC7CE3907D-" VPOS="492" WIDTH="756">
<String CONTENT="Linfield," HEIGHT="66" HPOS="355" VPOS="492" WIDTH="266" />
<SP HEIGHT="63" HPOS="622" VPOS="495" WIDTH="25" />
<String CONTENT="Mary" HEIGHT="64" HPOS="648" VPOS="495" WIDTH="176" />
<SP HEIGHT="64" HPOS="825" VPOS="495" WIDTH="22" />
<String CONTENT="Barrow." HEIGHT="56" HPOS="848" VPOS="495" WIDTH="263" />
</TextLine>
<TextLine CS="1" HEIGHT="74" HPOS="422" STYLEREFS="StyleId-CE7B16DF-3DDF-4BBA-96BF-B7CCA13ABCE7-" VPOS="569" WIDTH="1944">
<String CONTENT="Day" HEIGHT="68" HPOS="422" VPOS="570" WIDTH="132" />
<SP HEIGHT="50" HPOS="555" VPOS="588" WIDTH="33" />
<String CONTENT="of" HEIGHT="54" HPOS="589" VPOS="569" WIDTH="65" />
<SP HEIGHT="54" HPOS="655" VPOS="569" WIDTH="35" />
<String CONTENT="victory" HEIGHT="69" HPOS="691" VPOS="570" WIDTH="222" />
<SP HEIGHT="51" HPOS="914" VPOS="588" WIDTH="40" />
<String CONTENT="[by]" CS="1" HEIGHT="69" HPOS="971" VPOS="571" WIDTH="94" />
<SP HEIGHT="66" HPOS="1066" VPOS="573" WIDTH="42" />
<String CONTENT="Mary" HEIGHT="69" HPOS="1109" VPOS="573" WIDTH="170" />
<SP HEIGHT="67" HPOS="1280" VPOS="575" WIDTH="38" />
<String CONTENT="Barrow" HEIGHT="53" HPOS="1319" VPOS="575" WIDTH="238" />
<SP HEIGHT="51" HPOS="1558" VPOS="575" WIDTH="37" />
<String CONTENT="Linfield." HEIGHT="54" HPOS="1596" VPOS="573" WIDTH="265" />
<SP HEIGHT="56" HPOS="1862" VPOS="573" WIDTH="74" />
<String CONTENT="Garden" HEIGHT="56" HPOS="1937" VPOS="573" WIDTH="233" />
<SP HEIGHT="56" HPOS="2171" VPOS="574" WIDTH="42" />
<String CONTENT="City," HEIGHT="69" HPOS="2214" VPOS="574" WIDTH="152" />
</TextLine>
<TextLine HEIGHT="73" HPOS="354" STYLEREFS="StyleId-CE7B16DF-3DDF-4BBA-96BF-B7CCA13ABCE7-" VPOS="648" WIDTH="1616">
<String CONTENT="N." HEIGHT="53" HPOS="354" VPOS="649" WIDTH="68" />
<SP HEIGHT="53" HPOS="423" VPOS="648" WIDTH="30" />
<String CONTENT="Y.," HEIGHT="68" HPOS="454" VPOS="648" WIDTH="91" />
<SP HEIGHT="67" HPOS="546" VPOS="649" WIDTH="26" />
<String CONTENT="Doubleday," HEIGHT="70" HPOS="573" VPOS="648" WIDTH="359" />
<SP HEIGHT="68" HPOS="933" VPOS="650" WIDTH="27" />
<String CONTENT="Doran" HEIGHT="54" HPOS="961" VPOS="650" WIDTH="199" />
<SP HEIGHT="35" HPOS="1161" VPOS="670" WIDTH="28" />
<String CONTENT="and" HEIGHT="52" HPOS="1190" VPOS="653" WIDTH="112" />
<SP HEIGHT="53" HPOS="1303" VPOS="653" WIDTH="29" />
<String CONTENT="company," HEIGHT="50" HPOS="1333" VPOS="671" WIDTH="299" />
<SP HEIGHT="63" HPOS="1633" VPOS="654" WIDTH="28" />
<String CONTENT="inc.," HEIGHT="64" HPOS="1662" VPOS="654" WIDTH="127" />
<SP HEIGHT="61" HPOS="1790" VPOS="657" WIDTH="29" />
<String CONTENT="1936." HEIGHT="50" HPOS="1820" VPOS="655" WIDTH="150" />
</TextLine>
<TextLine CS="1" HEIGHT="51" HPOS="420" VPOS="735" WIDTH="555">
<String CONTENT="4" HEIGHT="39" HPOS="420" LANG="en-US" VPOS="738" WIDTH="27" />
<SP />
<String CONTENT="p." HEIGHT="39" HPOS="474" LANG="fr" VPOS="747" WIDTH="42" />
<SP />
<String CONTENT="l.," CS="1" LANG="fr" />
<SP />
<String CONTENT="239" HEIGHT="41" HPOS="613" LANG="en-US" VPOS="735" WIDTH="89" />
<SP HEIGHT="50" HPOS="703" VPOS="735" WIDTH="23" />
<String CONTENT="p." HEIGHT="38" HPOS="727" LANG="en-US" VPOS="747" WIDTH="43" />
<SP HEIGHT="40" HPOS="771" VPOS="736" WIDTH="57" />
<String CONTENT="20&#189;" CS="1" HEIGHT="41" HPOS="829" LANG="en-US" VPOS="736" WIDTH="60" />
<String CONTENT="cm" HEIGHT="22" HPOS="918" LANG="en-US" STYLE="superscript" VPOS="739" WIDTH="45" />
<String CONTENT="." HEIGHT="9" HPOS="966" LANG="en-US" VPOS="769" WIDTH="9" />
</TextLine>
<TextLine HEIGHT="41" HPOS="421" VPOS="806" WIDTH="424">
<String CONTENT="&#8220;First" HEIGHT="41" HPOS="421" VPOS="806" WIDTH="162" />
<SP HEIGHT="38" HPOS="584" VPOS="809" WIDTH="32" />
<String CONTENT="edition.&#8221;" HEIGHT="41" HPOS="617" VPOS="806" WIDTH="228" />
</TextLine>
<TextLine HEIGHT="55" HPOS="354" VPOS="872" WIDTH="2013">
<String CONTENT="&#169;" HEIGHT="53" HPOS="354" VPOS="872" WIDTH="53" />
<SP HEIGHT="53" HPOS="408" VPOS="872" WIDTH="33" />
<String CONTENT="Mar." HEIGHT="39" HPOS="442" VPOS="878" WIDTH="123" />
<SP HEIGHT="40" HPOS="566" VPOS="877" WIDTH="32" />
<String CONTENT="20." HEIGHT="43" HPOS="599" VPOS="877" WIDTH="72" />
<SP HEIGHT="41" HPOS="672" VPOS="879" WIDTH="33" />
<String CONTENT="1936;" HEIGHT="48" HPOS="706" VPOS="876" WIDTH="140" />
<SP HEIGHT="46" HPOS="847" VPOS="878" WIDTH="36" />
<String CONTENT="2c." HEIGHT="41" HPOS="884" VPOS="878" WIDTH="67" />
<SP HEIGHT="29" HPOS="952" VPOS="890" WIDTH="34" />
<String CONTENT="and" HEIGHT="39" HPOS="987" VPOS="880" WIDTH="94" />
<SP HEIGHT="39" HPOS="1082" VPOS="880" WIDTH="36" />
<String CONTENT="aff." HEIGHT="40" HPOS="1119" VPOS="879" WIDTH="80" />
<SP HEIGHT="38" HPOS="1200" VPOS="881" WIDTH="37" />
<String CONTENT="Mar." HEIGHT="40" HPOS="1238" VPOS="881" WIDTH="123" />
<SP HEIGHT="41" HPOS="1362" VPOS="880" WIDTH="32" />
<String CONTENT="23;" HEIGHT="43" HPOS="1395" VPOS="880" WIDTH="83" />
<SP HEIGHT="41" HPOS="1479" VPOS="882" WIDTH="38" />
<String CONTENT="A" HEIGHT="38" HPOS="1518" VPOS="882" WIDTH="41" />
<SP HEIGHT="40" HPOS="1560" VPOS="880" WIDTH="31" />
<String CONTENT="93385" HEIGHT="40" HPOS="1592" VPOS="880" WIDTH="145" />
<SP HEIGHT="43" HPOS="1738" VPOS="881" WIDTH="16" />
<String CONTENT=";" HEIGHT="33" HPOS="1755" VPOS="891" WIDTH="9" />
<SP HEIGHT="43" HPOS="1765" VPOS="881" WIDTH="39" />
<String CONTENT="M." HEIGHT="40" HPOS="1805" LANG="fr" VPOS="881" WIDTH="62" />
<SP HEIGHT="40" HPOS="1868" VPOS="881" WIDTH="33" />
<String CONTENT="B." HEIGHT="40" HPOS="1902" VPOS="881" WIDTH="54" />
<SP HEIGHT="40" HPOS="1957" VPOS="881" WIDTH="36" />
<String CONTENT="Linfield," HEIGHT="48" HPOS="1994" VPOS="879" WIDTH="219" />
<SP HEIGHT="46" HPOS="2214" VPOS="881" WIDTH="36" />
<String CONTENT="New" HEIGHT="40" HPOS="2251" VPOS="881" WIDTH="116" />
</TextLine>
<TextLine HEIGHT="50" HPOS="427" VPOS="934" WIDTH="548">
<String CONTENT="Orleans." HEIGHT="42" HPOS="427" VPOS="934" WIDTH="219" />
<SP HEIGHT="49" HPOS="647" VPOS="935" WIDTH="76" />
<String CONTENT="(36-7480)" HEIGHT="49" HPOS="724" VPOS="935" WIDTH="251" />
</TextLine>
<TextLine HEIGHT="67" HPOS="353" STYLEREFS="StyleId-9A7BD283-8A6E-44B2-A26B-DFEC7CE3907D-" VPOS="1039" WIDTH="919">
<String CONTENT="Livingstone," HEIGHT="65" HPOS="353" VPOS="1039" WIDTH="410" />
<SP HEIGHT="63" HPOS="764" VPOS="1041" WIDTH="25" />
<String CONTENT="David" HEIGHT="53" HPOS="790" VPOS="1041" WIDTH="190" />
<SP HEIGHT="54" HPOS="981" VPOS="1042" WIDTH="26" />
<String CONTENT="Stanley." HEIGHT="65" HPOS="1008" VPOS="1041" WIDTH="264" />
</TextLine>
<TextLine CS="1" HEIGHT="149" HPOS="354" STYLEREFS="StyleId-CE7B16DF-3DDF-4BBA-96BF-B7CCA13ABCE7-" VPOS="1118" WIDTH="2012">
<String CONTENT="Full" HEIGHT="52" HPOS="425" VPOS="1118" WIDTH="135" />
<SP HEIGHT="52" HPOS="561" VPOS="1119" WIDTH="28" />
<String CONTENT="and" HEIGHT="53" HPOS="590" VPOS="1118" WIDTH="114" />
<SP HEIGHT="53" HPOS="705" VPOS="1118" WIDTH="28" />
<String CONTENT="by" HEIGHT="66" HPOS="734" VPOS="1119" WIDTH="75" />
<SP HEIGHT="48" HPOS="810" VPOS="1138" WIDTH="32" />
<String CONTENT="[b" CS="1" />
<String CONTENT="y]" HEIGHT="48" HPOS="899" LANG="ru" VPOS="1138" WIDTH="54" />
<SP HEIGHT="66" HPOS="954" VPOS="1120" WIDTH="32" />
<String CONTENT="David" HEIGHT="53" HPOS="987" VPOS="1120" WIDTH="193" />
<SP HEIGHT="55" HPOS="1181" VPOS="1119" WIDTH="31" />
<String CONTENT="Stanley" HEIGHT="67" HPOS="1213" VPOS="1119" WIDTH="237" />
<SP HEIGHT="64" HPOS="1451" VPOS="1122" WIDTH="28" />
<String CONTENT="Livingstone;" HEIGHT="65" HPOS="1480" VPOS="1121" WIDTH="403" />
<SP HEIGHT="45" HPOS="1884" VPOS="1139" WIDTH="31" />
<String CONTENT="with" HEIGHT="52" HPOS="1916" VPOS="1120" WIDTH="140" />
<SP HEIGHT="52" HPOS="2057" VPOS="1120" WIDTH="31" />
<String CONTENT="an" HEIGHT="33" HPOS="2089" VPOS="1139" WIDTH="71" />
<SP HEIGHT="51" HPOS="2161" VPOS="1121" WIDTH="26" />
<String CONTENT="introduction" HEIGHT="130" HPOS="354" VPOS="1121" WIDTH="1987" />
<SP HEIGHT="54" HPOS="590" VPOS="1196" WIDTH="43" />
<String CONTENT="by" HEIGHT="68" HPOS="634" VPOS="1196" WIDTH="76" />
<SP HEIGHT="66" HPOS="711" VPOS="1198" WIDTH="41" />
<String CONTENT="William" HEIGHT="56" HPOS="753" VPOS="1196" WIDTH="263" />
<SP HEIGHT="51" HPOS="1017" VPOS="1200" WIDTH="44" />
<String CONTENT="McFee." HEIGHT="52" HPOS="1062" VPOS="1200" WIDTH="226" />
<SP HEIGHT="52" HPOS="1289" VPOS="1200" WIDTH="74" />
<String CONTENT="New" HEIGHT="52" HPOS="1364" VPOS="1200" WIDTH="137" />
<SP HEIGHT="52" HPOS="1502" VPOS="1199" WIDTH="49" />
<String CONTENT="York," HEIGHT="64" HPOS="1552" VPOS="1199" WIDTH="181" />
<SP HEIGHT="64" HPOS="1734" VPOS="1199" WIDTH="45" />
<String CONTENT="Dodge" HEIGHT="65" HPOS="1780" VPOS="1199" WIDTH="205" />
<SP HEIGHT="48" HPOS="1986" VPOS="1217" WIDTH="45" />
<String CONTENT="publishing" HEIGHT="69" HPOS="2032" VPOS="1198" WIDTH="334" />
</TextLine>
<TextLine CS="1" HEIGHT="65" HPOS="352" STYLEREFS="StyleId-CE7B16DF-3DDF-4BBA-96BF-B7CCA13ABCE7-" VPOS="1277" WIDTH="510">
<String CONTENT="company" HEIGHT="49" HPOS="352" VPOS="1293" WIDTH="281" />
<SP HEIGHT="48" HPOS="634" VPOS="1294" WIDTH="33" />
<String CONTENT="[" CS="1" />
<String CONTENT="c" HEIGHT="22" HPOS="685" STYLE="superscript" VPOS="1281" WIDTH="20" />
<String CONTENT="1936]" HEIGHT="65" HPOS="709" VPOS="1277" WIDTH="153" />
</TextLine>
<TextLine CS="1" HEIGHT="48" HPOS="493" VPOS="1345" WIDTH="567">
<String CONTENT="xx," CS="1" HEIGHT="17" HPOS="493" VPOS="1376" WIDTH="9" />
<SP HEIGHT="48" HPOS="503" VPOS="1345" WIDTH="29" />
<String CONTENT="233" HEIGHT="41" HPOS="533" VPOS="1345" WIDTH="85" />
<SP HEIGHT="47" HPOS="619" VPOS="1346" WIDTH="28" />
<String CONTENT="p." HEIGHT="38" HPOS="648" VPOS="1355" WIDTH="47" />
<SP HEIGHT="40" HPOS="696" VPOS="1346" WIDTH="57" />
<String CONTENT="illus." HEIGHT="42" HPOS="754" VPOS="1345" WIDTH="129" />
<SP HEIGHT="42" HPOS="884" VPOS="1345" WIDTH="59" />
<String CONTENT="21" HEIGHT="40" HPOS="944" VPOS="1345" WIDTH="53" />
<String CONTENT="cm" HEIGHT="22" HPOS="1001" STYLE="superscript" VPOS="1348" WIDTH="45" />
<String CONTENT="." HEIGHT="8" HPOS="1051" VPOS="1379" WIDTH="9" />
</TextLine>
<TextLine HEIGHT="42" HPOS="426" VPOS="1416" WIDTH="424">
<String CONTENT="&#8220;First" HEIGHT="42" HPOS="426" VPOS="1416" WIDTH="164" />
<SP HEIGHT="40" HPOS="591" VPOS="1418" WIDTH="28" />
<String CONTENT="edition.&#8221;" HEIGHT="41" HPOS="620" VPOS="1416" WIDTH="230" />
</TextLine>
<TextLine HEIGHT="53" HPOS="353" VPOS="1489" WIDTH="2015">
<String CONTENT="&#169;" HEIGHT="53" HPOS="353" VPOS="1489" WIDTH="52" />
<SP HEIGHT="53" HPOS="406" VPOS="1489" WIDTH="28" />
<String CONTENT="Feb." HEIGHT="41" HPOS="435" VPOS="1493" WIDTH="112" />
<SP HEIGHT="42" HPOS="548" VPOS="1492" WIDTH="25" />
<String CONTENT="28," HEIGHT="49" HPOS="574" VPOS="1492" WIDTH="71" />
<SP HEIGHT="47" HPOS="646" VPOS="1494" WIDTH="30" />
<String CONTENT="1936;" HEIGHT="47" HPOS="677" VPOS="1492" WIDTH="141" />
<SP HEIGHT="47" HPOS="819" VPOS="1492" WIDTH="29" />
<String CONTENT="2c." HEIGHT="41" HPOS="849" VPOS="1492" WIDTH="68" />
<SP HEIGHT="40" HPOS="918" VPOS="1493" WIDTH="26" />
<String CONTENT="Mar." HEIGHT="40" HPOS="945" VPOS="1493" WIDTH="122" />
<SP HEIGHT="41" HPOS="1068" VPOS="1492" WIDTH="27" />
<String CONTENT="27;" HEIGHT="47" HPOS="1096" VPOS="1492" WIDTH="84" />
<SP HEIGHT="36" HPOS="1181" VPOS="1503" WIDTH="31" />
<String CONTENT="aff." HEIGHT="41" HPOS="1213" VPOS="1492" WIDTH="83" />
<SP HEIGHT="39" HPOS="1297" VPOS="1494" WIDTH="30" />
<String CONTENT="Mar." HEIGHT="39" HPOS="1328" VPOS="1494" WIDTH="121" />
<SP HEIGHT="41" HPOS="1450" VPOS="1492" WIDTH="28" />
<String CONTENT="26;" HEIGHT="48" HPOS="1479" VPOS="1492" WIDTH="82" />
<SP HEIGHT="47" HPOS="1562" VPOS="1493" WIDTH="33" />
<String CONTENT="A" HEIGHT="39" HPOS="1596" VPOS="1493" WIDTH="41" />
<SP HEIGHT="40" HPOS="1638" VPOS="1492" WIDTH="26" />
<String CONTENT="93395" HEIGHT="42" HPOS="1665" VPOS="1491" WIDTH="144" />
<SP HEIGHT="43" HPOS="1810" VPOS="1493" WIDTH="16" />
<String CONTENT=";" HEIGHT="33" HPOS="1827" VPOS="1503" WIDTH="9" />
<SP HEIGHT="42" HPOS="1837" VPOS="1494" WIDTH="33" />
<String CONTENT="D." HEIGHT="39" HPOS="1871" LANG="fr" VPOS="1494" WIDTH="57" />
<SP HEIGHT="40" HPOS="1929" VPOS="1494" WIDTH="33" />
<String CONTENT="S." HEIGHT="40" HPOS="1963" VPOS="1494" WIDTH="44" />
<SP HEIGHT="40" HPOS="2008" VPOS="1494" WIDTH="29" />
<String CONTENT="Livingstone," HEIGHT="50" HPOS="2038" VPOS="1492" WIDTH="330" />
</TextLine>
<TextLine HEIGHT="49" HPOS="422" VPOS="1549" WIDTH="621">
<String CONTENT="New" HEIGHT="39" HPOS="422" VPOS="1551" WIDTH="117" />
<SP HEIGHT="39" HPOS="540" VPOS="1551" WIDTH="30" />
<String CONTENT="York." HEIGHT="41" HPOS="571" VPOS="1550" WIDTH="147" />
<SP HEIGHT="48" HPOS="719" VPOS="1550" WIDTH="71" />
<String CONTENT="(36-7581)" HEIGHT="49" HPOS="791" VPOS="1549" WIDTH="252" />
</TextLine>
<TextLine HEIGHT="65" HPOS="351" STYLEREFS="StyleId-9A7BD283-8A6E-44B2-A26B-DFEC7CE3907D-" VPOS="1654" WIDTH="1265">
<String CONTENT="Lovejoy," HEIGHT="64" HPOS="351" VPOS="1655" WIDTH="283" />
<SP HEIGHT="62" HPOS="635" VPOS="1656" WIDTH="26" />
<String CONTENT="Luther" HEIGHT="54" HPOS="662" VPOS="1655" WIDTH="228" />
<SP HEIGHT="52" HPOS="891" VPOS="1656" WIDTH="27" />
<String CONTENT="Ellsworth," HEIGHT="65" HPOS="919" VPOS="1654" WIDTH="338" />
<SP HEIGHT="57" HPOS="1258" VPOS="1662" WIDTH="29" />
<String CONTENT="1864-1936." HEIGHT="52" HPOS="1288" VPOS="1660" WIDTH="328" />
</TextLine>
<TextLine HEIGHT="70" HPOS="423" STYLEREFS="StyleId-CE7B16DF-3DDF-4BBA-96BF-B7CCA13ABCE7-" VPOS="1731" WIDTH="1943">
<String CONTENT="The" HEIGHT="54" HPOS="423" VPOS="1733" WIDTH="121" />
<SP HEIGHT="36" HPOS="545" VPOS="1751" WIDTH="35" />
<String CONTENT="church" HEIGHT="53" HPOS="581" VPOS="1732" WIDTH="213" />
<SP HEIGHT="53" HPOS="795" VPOS="1732" WIDTH="35" />
<String CONTENT="we" HEIGHT="34" HPOS="831" VPOS="1752" WIDTH="80" />
<SP HEIGHT="53" HPOS="912" VPOS="1733" WIDTH="33" />
<String CONTENT="love;" HEIGHT="64" HPOS="946" VPOS="1733" WIDTH="154" />
<SP HEIGHT="47" HPOS="1101" VPOS="1750" WIDTH="37" />
<String CONTENT="a" HEIGHT="34" HPOS="1139" VPOS="1752" WIDTH="30" />
<SP HEIGHT="55" HPOS="1170" VPOS="1731" WIDTH="34" />
<String CONTENT="book" HEIGHT="54" HPOS="1205" VPOS="1731" WIDTH="148" />
<SP HEIGHT="52" HPOS="1354" VPOS="1732" WIDTH="31" />
<String CONTENT="of" HEIGHT="53" HPOS="1386" VPOS="1731" WIDTH="64" />
<SP HEIGHT="53" HPOS="1451" VPOS="1731" WIDTH="33" />
<String CONTENT="remembrance," HEIGHT="67" HPOS="1485" VPOS="1733" WIDTH="436" />
<SP HEIGHT="48" HPOS="1922" VPOS="1752" WIDTH="35" />
<String CONTENT="a" HEIGHT="33" HPOS="1958" VPOS="1752" WIDTH="32" />
<SP HEIGHT="34" HPOS="1991" VPOS="1751" WIDTH="34" />
<String CONTENT="companion" HEIGHT="68" HPOS="2026" VPOS="1733" WIDTH="340" />
</TextLine>
<TextLine HEIGHT="70" HPOS="353" STYLEREFS="StyleId-CE7B16DF-3DDF-4BBA-96BF-B7CCA13ABCE7-" VPOS="1810" WIDTH="2013">
<String CONTENT="for" HEIGHT="51" HPOS="353" VPOS="1813" WIDTH="94" />
<SP HEIGHT="45" HPOS="448" VPOS="1820" WIDTH="30" />
<String CONTENT="the" HEIGHT="52" HPOS="479" VPOS="1813" WIDTH="95" />
<SP HEIGHT="51" HPOS="575" VPOS="1829" WIDTH="29" />
<String CONTENT="quiet" HEIGHT="69" HPOS="605" VPOS="1811" WIDTH="159" />
<SP HEIGHT="53" HPOS="765" VPOS="1811" WIDTH="26" />
<String CONTENT="hour," HEIGHT="67" HPOS="792" VPOS="1811" WIDTH="165" />
<SP HEIGHT="48" HPOS="958" VPOS="1830" WIDTH="30" />
<String CONTENT="a" HEIGHT="34" HPOS="989" VPOS="1830" WIDTH="31" />
<SP HEIGHT="35" HPOS="1021" VPOS="1829" WIDTH="29" />
<String CONTENT="manual" HEIGHT="51" HPOS="1051" VPOS="1813" WIDTH="233" />
<SP HEIGHT="51" HPOS="1285" VPOS="1813" WIDTH="31" />
<String CONTENT="of" HEIGHT="53" HPOS="1317" VPOS="1810" WIDTH="63" />
<SP HEIGHT="53" HPOS="1381" VPOS="1810" WIDTH="28" />
<String CONTENT="instruction" HEIGHT="53" HPOS="1410" VPOS="1811" WIDTH="344" />
<SP HEIGHT="51" HPOS="1755" VPOS="1811" WIDTH="33" />
<String CONTENT="for" HEIGHT="53" HPOS="1789" VPOS="1811" WIDTH="95" />
<SP HEIGHT="34" HPOS="1885" VPOS="1830" WIDTH="30" />
<String CONTENT="every" HEIGHT="51" HPOS="1916" VPOS="1828" WIDTH="170" />
<SP HEIGHT="48" HPOS="2087" VPOS="1831" WIDTH="30" />
<String CONTENT="member" HEIGHT="53" HPOS="2118" VPOS="1812" WIDTH="248" />
</TextLine>
<TextLine CS="1" HEIGHT="70" HPOS="355" STYLEREFS="StyleId-CE7B16DF-3DDF-4BBA-96BF-B7CCA13ABCE7-" VPOS="1889" WIDTH="1836">
<String CONTENT="&#8212;old" HEIGHT="52" HPOS="355" VPOS="1891" WIDTH="164" />
<SP HEIGHT="52" HPOS="520" VPOS="1891" WIDTH="39" />
<String CONTENT="and" HEIGHT="53" HPOS="560" VPOS="1890" WIDTH="114" />
<SP HEIGHT="69" HPOS="675" VPOS="1890" WIDTH="37" />
<String CONTENT="young" HEIGHT="52" HPOS="713" VPOS="1907" WIDTH="195" />
<SP HEIGHT="50" HPOS="909" VPOS="1908" WIDTH="43" />
<String CONTENT="[by]" HEIGHT="69" HPOS="953" VPOS="1889" WIDTH="110" />
<SP HEIGHT="67" HPOS="1064" VPOS="1889" WIDTH="43" />
<String CONTENT="Luther" HEIGHT="53" HPOS="1108" VPOS="1889" WIDTH="221" />
<SP HEIGHT="52" HPOS="1330" VPOS="1890" WIDTH="36" />
<String CONTENT="E." HEIGHT="53" HPOS="1367" VPOS="1890" WIDTH="69" />
<SP HEIGHT="54" HPOS="1437" VPOS="1889" WIDTH="39" />
<String CONTENT="Lovejoy." HEIGHT="69" HPOS="1477" VPOS="1889" WIDTH="273" />
<SP HEIGHT="53" HPOS="1751" VPOS="1889" WIDTH="74" />
<String CONTENT="New" HEIGHT="53" HPOS="1826" VPOS="1889" WIDTH="141" />
<SP HEIGHT="53" HPOS="1968" VPOS="1889" WIDTH="41" />
<String CONTENT="York," HEIGHT="69" HPOS="2010" VPOS="1889" WIDTH="181" />
</TextLine>
<TextLine CS="1" HEIGHT="148" HPOS="353" STYLEREFS="StyleId-CE7B16DF-3DDF-4BBA-96BF-B7CCA13ABCE7-" VPOS="1890" WIDTH="1988">
<String CONTENT="Cincinnati" HEIGHT="133" HPOS="353" VPOS="1890" WIDTH="1988" />
<SP HEIGHT="65" HPOS="568" VPOS="1971" WIDTH="34" />
<String CONTENT="[etc.]" CS="1" HEIGHT="61" HPOS="621" VPOS="1974" WIDTH="121" />
<SP HEIGHT="65" HPOS="743" VPOS="1970" WIDTH="33" />
<String CONTENT="The" HEIGHT="52" HPOS="777" VPOS="1969" WIDTH="121" />
<SP HEIGHT="53" HPOS="899" VPOS="1968" WIDTH="27" />
<String CONTENT="Abingdon" HEIGHT="71" HPOS="927" VPOS="1967" WIDTH="315" />
<SP HEIGHT="51" HPOS="1243" VPOS="1986" WIDTH="28" />
<String CONTENT="press" HEIGHT="51" HPOS="1272" VPOS="1986" WIDTH="156" />
<SP HEIGHT="49" HPOS="1429" VPOS="1987" WIDTH="34" />
<String CONTENT="[" CS="1" />
<String CONTENT="c" HEIGHT="22" HPOS="1480" STYLE="superscript" VPOS="1975" WIDTH="19" />
<String CONTENT="1935]" HEIGHT="64" HPOS="1504" VPOS="1972" WIDTH="153" />
</TextLine>
<TextLine CS="1" HEIGHT="50" HPOS="420" VPOS="2043" WIDTH="308">
<String CONTENT="39" HEIGHT="43" HPOS="420" VPOS="2043" WIDTH="60" />
<SP HEIGHT="49" HPOS="481" VPOS="2044" WIDTH="23" />
<String CONTENT="p." HEIGHT="38" HPOS="505" VPOS="2055" WIDTH="44" />
<SP HEIGHT="42" HPOS="550" VPOS="2043" WIDTH="60" />
<String CONTENT="17cm." CS="1" HEIGHT="41" HPOS="611" VPOS="2043" WIDTH="117" />
</TextLine>
<TextLine HEIGHT="51" HPOS="424" VPOS="2114" WIDTH="1939">
<String CONTENT="&#8220;The" HEIGHT="41" HPOS="424" VPOS="2115" WIDTH="130" />
<SP HEIGHT="30" HPOS="555" VPOS="2126" WIDTH="41" />
<String CONTENT="name" HEIGHT="32" HPOS="597" VPOS="2124" WIDTH="143" />
<SP HEIGHT="30" HPOS="741" VPOS="2126" WIDTH="42" />
<String CONTENT="of" HEIGHT="42" HPOS="784" VPOS="2114" WIDTH="52" />
<SP HEIGHT="41" HPOS="837" VPOS="2114" WIDTH="39" />
<String CONTENT="my" HEIGHT="37" HPOS="877" VPOS="2126" WIDTH="80" />
<SP HEIGHT="39" HPOS="958" VPOS="2124" WIDTH="41" />
<String CONTENT="church&#8221;" HEIGHT="41" HPOS="1000" VPOS="2114" WIDTH="211" />
<SP HEIGHT="38" HPOS="1212" VPOS="2115" WIDTH="43" />
<String CONTENT="and" HEIGHT="38" HPOS="1256" VPOS="2115" WIDTH="94" />
<SP HEIGHT="39" HPOS="1351" VPOS="2114" WIDTH="45" />
<String CONTENT="&#8220;My" HEIGHT="48" HPOS="1397" VPOS="2114" WIDTH="110" />
<SP HEIGHT="36" HPOS="1508" VPOS="2126" WIDTH="42" />
<String CONTENT="covenant" HEIGHT="39" HPOS="1551" VPOS="2117" WIDTH="239" />
<SP HEIGHT="38" HPOS="1791" VPOS="2117" WIDTH="41" />
<String CONTENT="with" HEIGHT="39" HPOS="1833" VPOS="2116" WIDTH="119" />
<SP HEIGHT="39" HPOS="1953" VPOS="2116" WIDTH="44" />
<String CONTENT="God" HEIGHT="40" HPOS="1998" VPOS="2115" WIDTH="102" />
<SP HEIGHT="41" HPOS="2101" VPOS="2115" WIDTH="43" />
<String CONTENT="and" HEIGHT="39" HPOS="2145" VPOS="2117" WIDTH="95" />
<SP HEIGHT="39" HPOS="2241" VPOS="2117" WIDTH="42" />
<String CONTENT="my" HEIGHT="38" HPOS="2284" VPOS="2127" WIDTH="79" />
</TextLine>
<TextLine CS="1" HEIGHT="52" HPOS="351" VPOS="2172" WIDTH="935">
<String CONTENT="church&#8221;" HEIGHT="41" HPOS="351" VPOS="2173" WIDTH="210" />
<SP HEIGHT="41" HPOS="562" VPOS="2173" WIDTH="28" />
<String CONTENT="on" HEIGHT="29" HPOS="591" VPOS="2185" WIDTH="61" />
<SP HEIGHT="38" HPOS="653" VPOS="2184" WIDTH="24" />
<String CONTENT="p." HEIGHT="38" HPOS="678" VPOS="2184" WIDTH="44" />
<SP HEIGHT="30" HPOS="723" VPOS="2194" WIDTH="31" />
<String CONTENT="[2]" CS="1" HEIGHT="51" HPOS="767" VPOS="2172" WIDTH="42" />
<SP HEIGHT="40" HPOS="810" VPOS="2183" WIDTH="29" />
<String CONTENT="and" HEIGHT="39" HPOS="840" VPOS="2174" WIDTH="95" />
<SP HEIGHT="50" HPOS="936" VPOS="2174" WIDTH="31" />
<String CONTENT="[3]" CS="1" HEIGHT="51" HPOS="981" VPOS="2172" WIDTH="42" />
<SP HEIGHT="39" HPOS="1024" VPOS="2184" WIDTH="28" />
<String CONTENT="of" HEIGHT="41" HPOS="1053" VPOS="2172" WIDTH="53" />
<SP HEIGHT="41" HPOS="1107" VPOS="2172" WIDTH="24" />
<String CONTENT="cover." HEIGHT="29" HPOS="1132" VPOS="2184" WIDTH="154" />
</TextLine>
<TextLine HEIGHT="53" HPOS="353" VPOS="2243" WIDTH="2013">
<String CONTENT="&#169;" HEIGHT="53" HPOS="353" VPOS="2243" WIDTH="53" />
<SP HEIGHT="53" HPOS="407" VPOS="2243" WIDTH="35" />
<String CONTENT="Dec." HEIGHT="40" HPOS="443" VPOS="2247" WIDTH="111" />
<SP HEIGHT="40" HPOS="555" VPOS="2247" WIDTH="38" />
<String CONTENT="31," HEIGHT="49" HPOS="594" VPOS="2246" WIDTH="71" />
<SP HEIGHT="49" HPOS="666" VPOS="2246" WIDTH="36" />
<String CONTENT="1935;" HEIGHT="45" HPOS="703" VPOS="2244" WIDTH="142" />
<SP HEIGHT="44" HPOS="846" VPOS="2245" WIDTH="38" />
<String CONTENT="2c." HEIGHT="41" HPOS="885" VPOS="2245" WIDTH="66" />
<SP HEIGHT="29" HPOS="952" VPOS="2257" WIDTH="39" />
<String CONTENT="and" HEIGHT="40" HPOS="992" VPOS="2246" WIDTH="96" />
<SP HEIGHT="39" HPOS="1089" VPOS="2246" WIDTH="37" />
<String CONTENT="aff." HEIGHT="42" HPOS="1127" VPOS="2244" WIDTH="82" />
<SP HEIGHT="41" HPOS="1210" VPOS="2245" WIDTH="39" />
<String CONTENT="Jan." HEIGHT="41" HPOS="1250" VPOS="2245" WIDTH="109" />
<SP HEIGHT="41" HPOS="1360" VPOS="2245" WIDTH="37" />
<String CONTENT="2." HEIGHT="42" HPOS="1398" VPOS="2245" WIDTH="39" />
<SP HEIGHT="42" HPOS="1438" VPOS="2245" WIDTH="40" />
<String CONTENT="1936;" HEIGHT="44" HPOS="1479" VPOS="2243" WIDTH="140" />
<SP HEIGHT="42" HPOS="1620" VPOS="2245" WIDTH="41" />
<String CONTENT="A" HEIGHT="39" HPOS="1662" VPOS="2245" WIDTH="40" />
<SP HEIGHT="40" HPOS="1703" VPOS="2245" WIDTH="38" />
<String CONTENT="88964;" HEIGHT="49" HPOS="1742" VPOS="2243" WIDTH="170" />
<SP HEIGHT="47" HPOS="1913" VPOS="2245" WIDTH="38" />
<String CONTENT="L." HEIGHT="42" HPOS="1952" VPOS="2245" WIDTH="52" />
<SP HEIGHT="42" HPOS="2005" VPOS="2245" WIDTH="39" />
<String CONTENT="E," HEIGHT="40" HPOS="2045" VPOS="2245" WIDTH="51" />
<SP HEIGHT="40" HPOS="2097" VPOS="2245" WIDTH="40" />
<String CONTENT="Lovejoy," HEIGHT="50" HPOS="2138" VPOS="2245" WIDTH="228" />
</TextLine>
<TextLine HEIGHT="50" HPOS="421" VPOS="2303" WIDTH="552">
<String CONTENT="Chicago." HEIGHT="48" HPOS="421" VPOS="2305" WIDTH="225" />
<SP HEIGHT="48" HPOS="647" VPOS="2304" WIDTH="73" />
<String CONTENT="(36-7430)" HEIGHT="49" HPOS="721" VPOS="2303" WIDTH="252" />
</TextLine>
<TextLine HEIGHT="65" HPOS="352" STYLEREFS="StyleId-9A7BD283-8A6E-44B2-A26B-DFEC7CE3907D-" VPOS="2407" WIDTH="598">
<String CONTENT="McKenna," HEIGHT="63" HPOS="352" VPOS="2409" WIDTH="325" />
<SP HEIGHT="63" HPOS="678" VPOS="2409" WIDTH="25" />
<String CONTENT="Evelyn." HEIGHT="65" HPOS="704" VPOS="2407" WIDTH="246" />
</TextLine>
<TextLine HEIGHT="69" HPOS="424" STYLEREFS="StyleId-CE7B16DF-3DDF-4BBA-96BF-B7CCA13ABCE7-" VPOS="2483" WIDTH="1940">
<String CONTENT="First" HEIGHT="53" HPOS="424" VPOS="2486" WIDTH="159" />
<SP HEIGHT="52" HPOS="584" VPOS="2486" WIDTH="33" />
<String CONTENT="in" HEIGHT="53" HPOS="618" VPOS="2486" WIDTH="60" />
<SP HEIGHT="33" HPOS="679" VPOS="2506" WIDTH="32" />
<String CONTENT="my" HEIGHT="49" HPOS="712" VPOS="2503" WIDTH="96" />
<SP HEIGHT="67" HPOS="809" VPOS="2485" WIDTH="34" />
<String CONTENT="heart," HEIGHT="66" HPOS="844" VPOS="2485" WIDTH="183" />
<SP HEIGHT="66" HPOS="1028" VPOS="2485" WIDTH="33" />
<String CONTENT="by" HEIGHT="66" HPOS="1062" VPOS="2485" WIDTH="75" />
<SP HEIGHT="65" HPOS="1138" VPOS="2486" WIDTH="34" />
<String CONTENT="Evelyn" HEIGHT="66" HPOS="1173" VPOS="2484" WIDTH="222" />
<SP HEIGHT="51" HPOS="1396" VPOS="2485" WIDTH="35" />
<String CONTENT="McKenna;" HEIGHT="65" HPOS="1432" VPOS="2484" WIDTH="331" />
<SP HEIGHT="46" HPOS="1764" VPOS="2503" WIDTH="38" />
<String CONTENT="a" HEIGHT="33" HPOS="1803" VPOS="2503" WIDTH="31" />
<SP HEIGHT="33" HPOS="1835" VPOS="2503" WIDTH="35" />
<String CONTENT="romance." HEIGHT="37" HPOS="1871" VPOS="2501" WIDTH="279" />
<SP HEIGHT="55" HPOS="2151" VPOS="2483" WIDTH="73" />
<String CONTENT="New" HEIGHT="54" HPOS="2225" VPOS="2483" WIDTH="139" />
</TextLine>
<TextLine CS="1" HEIGHT="66" HPOS="358" STYLEREFS="StyleId-CE7B16DF-3DDF-4BBA-96BF-B7CCA13ABCE7-" VPOS="2564" WIDTH="875">
<String CONTENT="York," HEIGHT="65" HPOS="358" VPOS="2565" WIDTH="175" />
<SP HEIGHT="64" HPOS="534" VPOS="2566" WIDTH="25" />
<String CONTENT="Phoenix" HEIGHT="53" HPOS="560" VPOS="2564" WIDTH="261" />
<SP HEIGHT="47" HPOS="822" VPOS="2582" WIDTH="27" />
<String CONTENT="press" HEIGHT="47" HPOS="850" VPOS="2582" WIDTH="157" />
<SP HEIGHT="61" HPOS="1008" VPOS="2568" WIDTH="30" />
<String CONTENT="[c1936]" CS="1" HEIGHT="63" HPOS="1080" VPOS="2565" WIDTH="153" />
</TextLine>
<TextLine CS="1" HEIGHT="50" HPOS="420" VPOS="2646" WIDTH="369">
<String CONTENT="252" HEIGHT="40" HPOS="420" VPOS="2648" WIDTH="86" />
<SP HEIGHT="48" HPOS="507" VPOS="2648" WIDTH="27" />
<String CONTENT="p." HEIGHT="38" HPOS="535" VPOS="2658" WIDTH="42" />
<SP HEIGHT="42" HPOS="578" VPOS="2647" WIDTH="62" />
<String CONTENT="19&#189;cm." CS="1" HEIGHT="42" HPOS="641" VPOS="2646" WIDTH="148" />
</TextLine>
<TextLine HEIGHT="54" HPOS="353" VPOS="2718" WIDTH="2013">
<String CONTENT="&#169;" HEIGHT="53" HPOS="353" VPOS="2719" WIDTH="52" />
<SP HEIGHT="53" HPOS="406" VPOS="2719" WIDTH="37" />
<String CONTENT="Mar." HEIGHT="38" HPOS="444" VPOS="2724" WIDTH="121" />
<SP HEIGHT="38" HPOS="566" VPOS="2722" WIDTH="37" />
<String CONTENT="2." HEIGHT="43" HPOS="604" VPOS="2722" WIDTH="39" />
<SP HEIGHT="43" HPOS="644" VPOS="2722" WIDTH="41" />
<String CONTENT="1936;" HEIGHT="43" HPOS="686" VPOS="2720" WIDTH="140" />
<SP HEIGHT="43" HPOS="827" VPOS="2720" WIDTH="39" />
<String CONTENT="2c." HEIGHT="41" HPOS="867" VPOS="2720" WIDTH="67" />
<SP HEIGHT="41" HPOS="935" VPOS="2720" WIDTH="38" />
<String CONTENT="Feb." HEIGHT="40" HPOS="974" VPOS="2720" WIDTH="112" />
<SP HEIGHT="41" HPOS="1087" VPOS="2719" WIDTH="38" />
<String CONTENT="27" HEIGHT="41" HPOS="1126" VPOS="2719" WIDTH="56" />
<SP HEIGHT="41" HPOS="1183" VPOS="2721" WIDTH="16" />
<String CONTENT=";" HEIGHT="32" HPOS="1200" VPOS="2730" WIDTH="9" />
<SP HEIGHT="32" HPOS="1210" VPOS="2730" WIDTH="41" />
<String CONTENT="aff." HEIGHT="40" HPOS="1252" VPOS="2719" WIDTH="83" />
<SP HEIGHT="39" HPOS="1336" VPOS="2720" WIDTH="39" />
<String CONTENT="Mar." HEIGHT="39" HPOS="1376" VPOS="2720" WIDTH="121" />
<SP HEIGHT="41" HPOS="1498" VPOS="2718" WIDTH="38" />
<String CONTENT="25;" HEIGHT="47" HPOS="1537" VPOS="2718" WIDTH="82" />
<SP HEIGHT="46" HPOS="1620" VPOS="2719" WIDTH="42" />
<String CONTENT="A" HEIGHT="38" HPOS="1663" VPOS="2719" WIDTH="40" />
<SP HEIGHT="38" HPOS="1704" VPOS="2719" WIDTH="36" />
<String CONTENT="92475;" HEIGHT="48" HPOS="1741" VPOS="2719" WIDTH="173" />
<SP HEIGHT="47" HPOS="1915" VPOS="2720" WIDTH="41" />
<String CONTENT="Phoenix" HEIGHT="41" HPOS="1957" VPOS="2718" WIDTH="219" />
<SP HEIGHT="38" HPOS="2177" VPOS="2730" WIDTH="38" />
<String CONTENT="press." HEIGHT="40" HPOS="2216" VPOS="2728" WIDTH="150" />
</TextLine>
<TextLine HEIGHT="50" HPOS="433" VPOS="2779" WIDTH="252">
<String CONTENT="(36-7590)" HEIGHT="50" HPOS="433" VPOS="2779" WIDTH="252" />
</TextLine>
<TextLine HEIGHT="69" HPOS="351" STYLEREFS="StyleId-9A7BD283-8A6E-44B2-A26B-DFEC7CE3907D-" VPOS="2880" WIDTH="1076">
<String CONTENT="Miller," HEIGHT="65" HPOS="351" VPOS="2884" WIDTH="209" />
<SP HEIGHT="64" HPOS="561" VPOS="2885" WIDTH="27" />
<String CONTENT="Mrs." HEIGHT="53" HPOS="589" VPOS="2885" WIDTH="139" />
<SP HEIGHT="53" HPOS="729" VPOS="2884" WIDTH="28" />
<String CONTENT="Madeleine" HEIGHT="55" HPOS="758" VPOS="2881" WIDTH="327" />
<SP HEIGHT="65" HPOS="1086" VPOS="2881" WIDTH="31" />
<String CONTENT="(Sweeny)" HEIGHT="66" HPOS="1118" VPOS="2880" WIDTH="309" />
</TextLine>
<TextLine CS="1" HEIGHT="153" HPOS="353" STYLEREFS="StyleId-CE7B16DF-3DDF-4BBA-96BF-B7CCA13ABCE7-" VPOS="2955" WIDTH="1986">
<String CONTENT="Footprints" HEIGHT="69" HPOS="424" VPOS="2961" WIDTH="338" />
<SP HEIGHT="55" HPOS="763" VPOS="2960" WIDTH="38" />
<String CONTENT="in" HEIGHT="53" HPOS="802" VPOS="2960" WIDTH="61" />
<SP HEIGHT="52" HPOS="864" VPOS="2960" WIDTH="36" />
<String CONTENT="Palestine;" HEIGHT="69" HPOS="901" VPOS="2955" WIDTH="318" />
<SP HEIGHT="47" HPOS="1220" VPOS="2977" WIDTH="40" />
<String CONTENT="where" HEIGHT="54" HPOS="1261" VPOS="2958" WIDTH="187" />
<SP HEIGHT="49" HPOS="1449" VPOS="2963" WIDTH="35" />
<String CONTENT="the" HEIGHT="52" HPOS="1485" VPOS="2958" WIDTH="96" />
<SP HEIGHT="52" HPOS="1582" VPOS="2958" WIDTH="37" />
<String CONTENT="East" HEIGHT="53" HPOS="1620" VPOS="2958" WIDTH="144" />
<SP HEIGHT="53" HPOS="1765" VPOS="2958" WIDTH="34" />
<String CONTENT="begins," HEIGHT="69" HPOS="1800" VPOS="2958" WIDTH="218" />
<SP HEIGHT="67" HPOS="2019" VPOS="2958" WIDTH="35" />
<String CONTENT="by" HEIGHT="68" HPOS="2055" VPOS="2958" WIDTH="75" />
<SP HEIGHT="68" HPOS="2131" VPOS="2958" WIDTH="35" />
<String CONTENT="Madeleine" HEIGHT="136" HPOS="353" VPOS="2958" WIDTH="1986" />
<SP HEIGHT="56" HPOS="500" VPOS="3040" WIDTH="32" />
<String CONTENT="Sweeny" HEIGHT="68" HPOS="533" VPOS="3040" WIDTH="239" />
</TextLine>
<TextLine HEIGHT="71" HPOS="805" STYLEREFS="StyleId-CE7B16DF-3DDF-4BBA-96BF-B7CCA13ABCE7-" VPOS="3036" WIDTH="1559">
<String CONTENT="Miller" HEIGHT="54" HPOS="805" VPOS="3038" WIDTH="197" />
<SP HEIGHT="71" HPOS="1003" VPOS="3036" WIDTH="42" />
<String CONTENT="(Mrs." HEIGHT="71" HPOS="1046" VPOS="3036" WIDTH="167" />
<SP HEIGHT="54" HPOS="1214" VPOS="3037" WIDTH="33" />
<String CONTENT="J." HEIGHT="54" HPOS="1248" VPOS="3037" WIDTH="57" />
<SP HEIGHT="53" HPOS="1306" VPOS="3037" WIDTH="33" />
<String CONTENT="Lane" HEIGHT="53" HPOS="1340" VPOS="3037" WIDTH="156" />
<SP HEIGHT="54" HPOS="1497" VPOS="3036" WIDTH="32" />
<String CONTENT="Miller)" HEIGHT="68" HPOS="1530" VPOS="3036" WIDTH="223" />
<SP HEIGHT="68" HPOS="1754" VPOS="3036" WIDTH="44" />
<String CONTENT="commendation" HEIGHT="53" HPOS="1799" VPOS="3037" WIDTH="456" />
<SP HEIGHT="52" HPOS="2256" VPOS="3037" WIDTH="32" />
<String CONTENT="by" HEIGHT="69" HPOS="2289" VPOS="3037" WIDTH="75" />
</TextLine>
<TextLine CS="1" HEIGHT="72" HPOS="356" STYLEREFS="StyleId-CE7B16DF-3DDF-4BBA-96BF-B7CCA13ABCE7-" VPOS="3115" WIDTH="2007">
<String CONTENT="Viscount" HEIGHT="52" HPOS="356" VPOS="3121" WIDTH="277" />
<SP HEIGHT="52" HPOS="634" VPOS="3119" WIDTH="34" />
<String CONTENT="Allenby," HEIGHT="70" HPOS="669" VPOS="3117" WIDTH="269" />
<SP HEIGHT="49" HPOS="939" VPOS="3136" WIDTH="37" />
<String CONTENT="F." CS="1" HEIGHT="9" HPOS="1013" VPOS="3161" WIDTH="10" />
<SP HEIGHT="34" HPOS="1024" VPOS="3136" WIDTH="38" />
<String CONTENT="M." CS="1" HEIGHT="10" HPOS="1119" VPOS="3160" WIDTH="10" />
<SP HEIGHT="48" HPOS="1130" VPOS="3135" WIDTH="17" />
<String CONTENT=";" HEIGHT="48" HPOS="1148" VPOS="3135" WIDTH="12" />
<SP HEIGHT="48" HPOS="1161" VPOS="3135" WIDTH="39" />
<String CONTENT="all" HEIGHT="51" HPOS="1201" VPOS="3118" WIDTH="77" />
<SP HEIGHT="65" HPOS="1279" VPOS="3119" WIDTH="38" />
<String CONTENT="photographs" HEIGHT="69" HPOS="1318" VPOS="3115" WIDTH="395" />
<SP HEIGHT="52" HPOS="1714" VPOS="3116" WIDTH="36" />
<String CONTENT="by" HEIGHT="68" HPOS="1751" VPOS="3116" WIDTH="76" />
<SP HEIGHT="68" HPOS="1828" VPOS="3116" WIDTH="35" />
<String CONTENT="J." HEIGHT="54" HPOS="1864" VPOS="3116" WIDTH="56" />
<SP HEIGHT="53" HPOS="1921" VPOS="3116" WIDTH="36" />
<String CONTENT="Lane" HEIGHT="53" HPOS="1958" VPOS="3116" WIDTH="158" />
<SP HEIGHT="53" HPOS="2117" VPOS="3116" WIDTH="35" />
<String CONTENT="Miller." HEIGHT="55" HPOS="2153" VPOS="3115" WIDTH="210" />
</TextLine>
<TextLine CS="1" HEIGHT="70" HPOS="354" STYLEREFS="StyleId-CE7B16DF-3DDF-4BBA-96BF-B7CCA13ABCE7-" VPOS="3195" WIDTH="1707">
<String CONTENT="New" HEIGHT="52" HPOS="354" VPOS="3200" WIDTH="137" />
<SP HEIGHT="53" HPOS="492" VPOS="3199" WIDTH="31" />
<String CONTENT="York" HEIGHT="53" HPOS="524" VPOS="3198" WIDTH="165" />
<SP HEIGHT="67" HPOS="690" VPOS="3198" WIDTH="34" />
<String CONTENT="[etc.]" CS="1" HEIGHT="62" HPOS="742" VPOS="3202" WIDTH="122" />
<SP HEIGHT="67" HPOS="865" VPOS="3197" WIDTH="37" />
<String CONTENT="Fleming" HEIGHT="70" HPOS="903" VPOS="3195" WIDTH="268" />
<SP HEIGHT="69" HPOS="1172" VPOS="3196" WIDTH="31" />
<String CONTENT="H." HEIGHT="53" HPOS="1204" VPOS="3196" WIDTH="75" />
<SP HEIGHT="53" HPOS="1280" VPOS="3196" WIDTH="33" />
<String CONTENT="Revell" HEIGHT="53" HPOS="1314" VPOS="3195" WIDTH="199" />
<SP HEIGHT="52" HPOS="1514" VPOS="3195" WIDTH="32" />
<String CONTENT="company" HEIGHT="50" HPOS="1547" VPOS="3213" WIDTH="281" />
<SP HEIGHT="49" HPOS="1829" VPOS="3214" WIDTH="36" />
<String CONTENT="[" HEIGHT="34" HPOS="1866" VPOS="3228" WIDTH="12" />
<String CONTENT="c" HEIGHT="22" HPOS="1883" STYLE="superscript" VPOS="3201" WIDTH="18" />
<String CONTENT="1936]" HEIGHT="64" HPOS="1906" VPOS="3198" WIDTH="155" />
</TextLine>
<TextLine HEIGHT="55" HPOS="422" VPOS="3269" WIDTH="865">
<String CONTENT="223," HEIGHT="49" HPOS="422" VPOS="3272" WIDTH="100" />
<SP HEIGHT="31" HPOS="523" VPOS="3292" WIDTH="33" />
<String CONTENT="[1]" HEIGHT="51" HPOS="557" VPOS="3273" WIDTH="54" />
<SP HEIGHT="42" HPOS="612" VPOS="3282" WIDTH="29" />
<String CONTENT="p." HEIGHT="38" HPOS="642" VPOS="3282" WIDTH="45" />
<SP HEIGHT="42" HPOS="688" VPOS="3270" WIDTH="55" />
<String CONTENT="front.," HEIGHT="51" HPOS="744" VPOS="3270" WIDTH="165" />
<SP HEIGHT="39" HPOS="910" VPOS="3282" WIDTH="28" />
<String CONTENT="plates." HEIGHT="49" HPOS="939" VPOS="3272" WIDTH="173" />
<SP HEIGHT="41" HPOS="1113" VPOS="3270" WIDTH="55" />
<String CONTENT="22" HEIGHT="40" HPOS="1169" VPOS="3269" WIDTH="56" />
<String CONTENT="cm" HEIGHT="21" HPOS="1229" STYLE="superscript" VPOS="3272" WIDTH="45" />
<String CONTENT="." HEIGHT="8" HPOS="1278" VPOS="3302" WIDTH="9" />
</TextLine>
<TextLine HEIGHT="49" HPOS="423" VPOS="3344" WIDTH="693">
<String CONTENT="Illustrated" HEIGHT="41" HPOS="423" VPOS="3346" WIDTH="290" />
<SP HEIGHT="41" HPOS="714" VPOS="3344" WIDTH="35" />
<String CONTENT="lining-papers." HEIGHT="49" HPOS="750" VPOS="3344" WIDTH="366" />
</TextLine>
<TextLine HEIGHT="55" HPOS="352" VPOS="3412" WIDTH="2011">
<String CONTENT="&#169;" HEIGHT="54" HPOS="352" VPOS="3413" WIDTH="53" />
<SP HEIGHT="54" HPOS="406" VPOS="3413" WIDTH="30" />
<String CONTENT="Feb." HEIGHT="39" HPOS="437" VPOS="3418" WIDTH="110" />
<SP HEIGHT="40" HPOS="548" VPOS="3417" WIDTH="31" />
<String CONTENT="21," HEIGHT="47" HPOS="580" VPOS="3417" WIDTH="70" />
<SP HEIGHT="47" HPOS="651" VPOS="3417" WIDTH="30" />
<String CONTENT="1936" HEIGHT="40" HPOS="682" VPOS="3416" WIDTH="119" />
<SP HEIGHT="47" HPOS="802" VPOS="3416" WIDTH="12" />
<String CONTENT=";" HEIGHT="36" HPOS="815" VPOS="3427" WIDTH="9" />
<SP HEIGHT="47" HPOS="825" VPOS="3416" WIDTH="33" />
<String CONTENT="2c." HEIGHT="40" HPOS="859" VPOS="3416" WIDTH="67" />
<SP HEIGHT="30" HPOS="927" VPOS="3426" WIDTH="32" />
<String CONTENT="and" HEIGHT="38" HPOS="960" VPOS="3417" WIDTH="95" />
<SP HEIGHT="38" HPOS="1056" VPOS="3417" WIDTH="31" />
<String CONTENT="aff." HEIGHT="44" HPOS="1088" VPOS="3412" WIDTH="82" />
<SP HEIGHT="41" HPOS="1171" VPOS="3415" WIDTH="34" />
<String CONTENT="Feb." HEIGHT="40" HPOS="1206" VPOS="3415" WIDTH="109" />
<SP HEIGHT="41" HPOS="1316" VPOS="3414" WIDTH="32" />
<String CONTENT="26;" HEIGHT="41" HPOS="1349" VPOS="3414" WIDTH="82" />
<SP HEIGHT="41" HPOS="1432" VPOS="3414" WIDTH="34" />
<String CONTENT="A" HEIGHT="39" HPOS="1467" VPOS="3414" WIDTH="40" />
<SP HEIGHT="41" HPOS="1508" VPOS="3412" WIDTH="30" />
<String CONTENT="92189;" HEIGHT="43" HPOS="1539" VPOS="3412" WIDTH="172" />
<SP HEIGHT="41" HPOS="1712" VPOS="3414" WIDTH="36" />
<String CONTENT="Fleming" HEIGHT="48" HPOS="1749" VPOS="3413" WIDTH="223" />
<SP HEIGHT="46" HPOS="1973" VPOS="3415" WIDTH="25" />
<String CONTENT="H." HEIGHT="38" HPOS="1999" VPOS="3415" WIDTH="61" />
<SP HEIGHT="39" HPOS="2061" VPOS="3414" WIDTH="33" />
<String CONTENT="Revell" HEIGHT="41" HPOS="2095" VPOS="3413" WIDTH="167" />
<SP HEIGHT="38" HPOS="2263" VPOS="3415" WIDTH="31" />
<String CONTENT="co." HEIGHT="33" HPOS="2295" LANG="ru" VPOS="3422" WIDTH="68" />
</TextLine>
<TextLine HEIGHT="49" HPOS="436" VPOS="3474" WIDTH="254">
<String CONTENT="(36-7416)" HEIGHT="49" HPOS="436" VPOS="3474" WIDTH="254" />
</TextLine>
<TextLine HEIGHT="65" HPOS="351" STYLEREFS="StyleId-9A7BD283-8A6E-44B2-A26B-DFEC7CE3907D-" VPOS="3578" WIDTH="872">
<String CONTENT="Mirick," HEIGHT="62" HPOS="351" VPOS="3581" WIDTH="230" />
<SP HEIGHT="63" HPOS="582" VPOS="3580" WIDTH="29" />
<String CONTENT="Gordon" HEIGHT="54" HPOS="612" VPOS="3580" WIDTH="235" />
<SP HEIGHT="52" HPOS="848" VPOS="3580" WIDTH="26" />
<String CONTENT="Richmond." HEIGHT="54" HPOS="875" VPOS="3578" WIDTH="348" />
</TextLine>
<TextLine HEIGHT="72" HPOS="425" STYLEREFS="StyleId-CE7B16DF-3DDF-4BBA-96BF-B7CCA13ABCE7-" VPOS="3654" WIDTH="1935">
<String CONTENT="Solid" HEIGHT="55" HPOS="425" VPOS="3656" WIDTH="163" />
<SP HEIGHT="68" HPOS="589" VPOS="3658" WIDTH="29" />
<String CONTENT="geometry" HEIGHT="65" HPOS="619" VPOS="3661" WIDTH="293" />
<SP HEIGHT="50" HPOS="913" VPOS="3674" WIDTH="31" />
<String CONTENT="and" HEIGHT="52" HPOS="945" VPOS="3657" WIDTH="108" />
<SP HEIGHT="54" HPOS="1054" VPOS="3655" WIDTH="32" />
<String CONTENT="its" HEIGHT="54" HPOS="1087" VPOS="3655" WIDTH="73" />
<SP HEIGHT="35" HPOS="1161" VPOS="3674" WIDTH="29" />
<String CONTENT="uses." HEIGHT="35" HPOS="1191" VPOS="3673" WIDTH="140" />
<SP HEIGHT="52" HPOS="1332" VPOS="3655" WIDTH="74" />
<String CONTENT="Enl." HEIGHT="53" HPOS="1407" VPOS="3654" WIDTH="132" />
<SP HEIGHT="35" HPOS="1540" VPOS="3672" WIDTH="32" />
<String CONTENT="and" HEIGHT="51" HPOS="1573" VPOS="3655" WIDTH="108" />
<SP HEIGHT="51" HPOS="1682" VPOS="3655" WIDTH="36" />
<String CONTENT="rev." HEIGHT="34" HPOS="1719" VPOS="3671" WIDTH="111" />
<SP HEIGHT="50" HPOS="1831" VPOS="3655" WIDTH="69" />
<String CONTENT="By" HEIGHT="66" HPOS="1901" VPOS="3655" WIDTH="90" />
<SP HEIGHT="67" HPOS="1992" VPOS="3654" WIDTH="29" />
<String CONTENT="Gordon" HEIGHT="55" HPOS="2022" VPOS="3654" WIDTH="237" />
<SP HEIGHT="51" HPOS="2260" VPOS="3655" WIDTH="30" />
<String CONTENT="R." HEIGHT="52" HPOS="2291" VPOS="3655" WIDTH="69" />
</TextLine>
<TextLine HEIGHT="70" HPOS="352" STYLEREFS="StyleId-CE7B16DF-3DDF-4BBA-96BF-B7CCA13ABCE7-" VPOS="3732" WIDTH="2008">
<String CONTENT="Mirick" HEIGHT="53" HPOS="352" VPOS="3735" WIDTH="215" />
<SP HEIGHT="52" HPOS="568" VPOS="3737" WIDTH="29" />
<String CONTENT="..." HEIGHT="10" HPOS="598" VPOS="3780" WIDTH="55" />
<SP HEIGHT="54" HPOS="654" VPOS="3736" WIDTH="32" />
<String CONTENT="Marquis" HEIGHT="66" HPOS="687" VPOS="3736" WIDTH="259" />
<SP HEIGHT="53" HPOS="947" VPOS="3736" WIDTH="26" />
<String CONTENT="J." HEIGHT="53" HPOS="974" VPOS="3736" WIDTH="55" />
<SP HEIGHT="53" HPOS="1030" VPOS="3736" WIDTH="28" />
<String CONTENT="Newell" HEIGHT="53" HPOS="1059" VPOS="3734" WIDTH="215" />
<SP HEIGHT="53" HPOS="1275" VPOS="3734" WIDTH="32" />
<String CONTENT="..." HEIGHT="8" HPOS="1308" VPOS="3779" WIDTH="53" />
<SP HEIGHT="55" HPOS="1362" VPOS="3732" WIDTH="32" />
<String CONTENT="George" HEIGHT="68" HPOS="1395" VPOS="3732" WIDTH="221" />
<SP HEIGHT="51" HPOS="1617" VPOS="3733" WIDTH="25" />
<String CONTENT="A." HEIGHT="51" HPOS="1643" VPOS="3733" WIDTH="71" />
<SP HEIGHT="51" HPOS="1715" VPOS="3733" WIDTH="26" />
<String CONTENT="Harper" HEIGHT="66" HPOS="1742" VPOS="3733" WIDTH="235" />
<SP HEIGHT="34" HPOS="1978" VPOS="3751" WIDTH="30" />
<String CONTENT="..." HEIGHT="8" HPOS="2009" VPOS="3777" WIDTH="55" />
<SP HEIGHT="33" HPOS="2065" VPOS="3752" WIDTH="31" />
<String CONTENT="with" HEIGHT="52" HPOS="2097" VPOS="3732" WIDTH="139" />
<SP HEIGHT="51" HPOS="2237" VPOS="3733" WIDTH="28" />
<String CONTENT="the" HEIGHT="51" HPOS="2266" VPOS="3733" WIDTH="94" />
</TextLine>
<TextLine HEIGHT="71" HPOS="352" STYLEREFS="StyleId-CE7B16DF-3DDF-4BBA-96BF-B7CCA13ABCE7-" VPOS="3811" WIDTH="2008">
<String CONTENT="cooperation" HEIGHT="68" HPOS="352" VPOS="3813" WIDTH="365" />
<SP HEIGHT="35" HPOS="718" VPOS="3833" WIDTH="25" />
<String CONTENT="of" HEIGHT="55" HPOS="744" VPOS="3813" WIDTH="64" />
<SP HEIGHT="56" HPOS="809" VPOS="3813" WIDTH="20" />
<String CONTENT="George" HEIGHT="69" HPOS="830" VPOS="3813" WIDTH="222" />
<SP HEIGHT="53" HPOS="1053" VPOS="3815" WIDTH="21" />
<String CONTENT="Walker" HEIGHT="56" HPOS="1075" VPOS="3812" WIDTH="237" />
<SP HEIGHT="51" HPOS="1313" VPOS="3813" WIDTH="22" />
<String CONTENT="Mullins" HEIGHT="53" HPOS="1336" VPOS="3811" WIDTH="241" />
<SP HEIGHT="33" HPOS="1578" VPOS="3831" WIDTH="28" />
<String CONTENT="..." HEIGHT="9" HPOS="1607" VPOS="3855" WIDTH="55" />
<SP HEIGHT="52" HPOS="1663" VPOS="3811" WIDTH="80" />
<String CONTENT="Evanston," HEIGHT="57" HPOS="1744" VPOS="3811" WIDTH="315" />
<SP HEIGHT="56" HPOS="2060" VPOS="3812" WIDTH="23" />
<String CONTENT="Ill.," HEIGHT="61" HPOS="2084" VPOS="3812" WIDTH="113" />
<SP HEIGHT="62" HPOS="2198" VPOS="3811" WIDTH="23" />
<String CONTENT="New" HEIGHT="52" HPOS="2222" VPOS="3811" WIDTH="138" />
</TextLine>
<TextLine CS="1" HEIGHT="69" HPOS="354" STYLEREFS="StyleId-CE7B16DF-3DDF-4BBA-96BF-B7CCA13ABCE7-" VPOS="3891" WIDTH="1506">
<String CONTENT="York" HEIGHT="52" HPOS="354" VPOS="3894" WIDTH="164" />
<SP HEIGHT="66" HPOS="519" VPOS="3894" WIDTH="31" />
<String CONTENT="[etc.]" CS="1" HEIGHT="61" HPOS="569" VPOS="3899" WIDTH="120" />
<SP HEIGHT="66" HPOS="690" VPOS="3894" WIDTH="31" />
<String CONTENT="Row," HEIGHT="65" HPOS="722" VPOS="3894" WIDTH="160" />
<SP HEIGHT="65" HPOS="883" VPOS="3894" WIDTH="27" />
<String CONTENT="Peterson" HEIGHT="52" HPOS="911" VPOS="3894" WIDTH="272" />
<SP HEIGHT="33" HPOS="1184" VPOS="3910" WIDTH="29" />
<String CONTENT="and" HEIGHT="52" HPOS="1214" VPOS="3891" WIDTH="112" />
<SP HEIGHT="52" HPOS="1327" VPOS="3891" WIDTH="25" />
<String CONTENT="company" HEIGHT="47" HPOS="1353" VPOS="3908" WIDTH="277" />
<SP HEIGHT="48" HPOS="1631" VPOS="3908" WIDTH="36" />
<String CONTENT="[" CS="1" />
<String CONTENT="c" HEIGHT="21" HPOS="1684" STYLE="superscript" VPOS="3897" WIDTH="18" />
<String CONTENT="1935]" HEIGHT="62" HPOS="1710" VPOS="3893" WIDTH="150" />
</TextLine>
<TextLine CS="1" HEIGHT="52" HPOS="426" VPOS="3975" WIDTH="1498">
<String CONTENT="XV" HEIGHT="29" HPOS="426" VPOS="3991" WIDTH="64" />
<SP HEIGHT="37" HPOS="491" VPOS="3990" WIDTH="23" />
<String CONTENT="p.," HEIGHT="37" HPOS="515" LANG="fr" VPOS="3990" WIDTH="57" />
<SP HEIGHT="47" HPOS="573" VPOS="3980" WIDTH="28" />
<String CONTENT="1" HEIGHT="38" HPOS="602" VPOS="3980" WIDTH="24" />
<SP />
<String CONTENT="l.," CS="1" />
<SP />
<String CONTENT="181" HEIGHT="41" HPOS="727" VPOS="3978" WIDTH="84" />
<SP HEIGHT="48" HPOS="812" VPOS="3979" WIDTH="27" />
<String CONTENT="p.," HEIGHT="38" HPOS="840" LANG="fr" VPOS="3989" WIDTH="58" />
<SP HEIGHT="47" HPOS="899" VPOS="3980" WIDTH="26" />
<String CONTENT="1" HEIGHT="38" HPOS="926" VPOS="3980" WIDTH="24" />
<SP />
<String CONTENT="l.," CS="1" />
<SP />
<String CONTENT="xxi-xxv" HEIGHT="40" HPOS="1049" VPOS="3978" WIDTH="218" />
<SP HEIGHT="37" HPOS="1268" VPOS="3988" WIDTH="22" />
<String CONTENT="p." HEIGHT="37" HPOS="1291" VPOS="3988" WIDTH="42" />
<SP HEIGHT="39" HPOS="1334" VPOS="3977" WIDTH="60" />
<String CONTENT="illus.," HEIGHT="47" HPOS="1395" VPOS="3977" WIDTH="143" />
<SP HEIGHT="47" HPOS="1539" VPOS="3977" WIDTH="27" />
<String CONTENT="diagrs." HEIGHT="46" HPOS="1567" VPOS="3977" WIDTH="179" />
<SP HEIGHT="40" HPOS="1747" VPOS="3975" WIDTH="60" />
<String CONTENT="21" HEIGHT="39" HPOS="1808" VPOS="3975" WIDTH="52" />
<String CONTENT="cm" HEIGHT="22" HPOS="1866" STYLE="superscript" VPOS="3977" WIDTH="44" />
<String CONTENT="." HEIGHT="8" HPOS="1916" VPOS="4007" WIDTH="8" />
</TextLine>
<TextLine CS="1" HEIGHT="54" HPOS="352" VPOS="4046" WIDTH="2010">
<String CONTENT="&#169;" HEIGHT="53" HPOS="352" VPOS="4047" WIDTH="53" />
<SP HEIGHT="53" HPOS="406" VPOS="4047" WIDTH="28" />
<String CONTENT="Dec." HEIGHT="40" HPOS="435" VPOS="4052" WIDTH="112" />
<SP HEIGHT="41" HPOS="548" VPOS="4051" WIDTH="26" />
<String CONTENT="21," HEIGHT="46" HPOS="575" VPOS="4051" WIDTH="71" />
<SP HEIGHT="46" HPOS="647" VPOS="4051" WIDTH="27" />
<String CONTENT="1935;" HEIGHT="48" HPOS="675" VPOS="4049" WIDTH="141" />
<SP HEIGHT="47" HPOS="817" VPOS="4050" WIDTH="30" />
<String CONTENT="2c." CS="1" HEIGHT="41" HPOS="848" VPOS="4050" WIDTH="67" />
<SP HEIGHT="39" HPOS="916" VPOS="4052" WIDTH="30" />
<String CONTENT="Mar." HEIGHT="38" HPOS="947" VPOS="4052" WIDTH="119" />
<SP HEIGHT="40" HPOS="1067" VPOS="4050" WIDTH="30" />
<String CONTENT="6," HEIGHT="47" HPOS="1098" VPOS="4050" WIDTH="39" />
<SP HEIGHT="46" HPOS="1138" VPOS="4051" WIDTH="29" />
<String CONTENT="1936;" HEIGHT="47" HPOS="1168" VPOS="4049" WIDTH="140" />
<SP HEIGHT="36" HPOS="1309" VPOS="4060" WIDTH="30" />
<String CONTENT="aff." HEIGHT="40" HPOS="1340" VPOS="4049" WIDTH="80" />
<SP HEIGHT="38" HPOS="1421" VPOS="4049" WIDTH="33" />
<String CONTENT="Mar." HEIGHT="39" HPOS="1455" VPOS="4049" WIDTH="120" />
<SP HEIGHT="40" HPOS="1576" VPOS="4048" WIDTH="29" />
<String CONTENT="5;" HEIGHT="41" HPOS="1606" VPOS="4048" WIDTH="52" />
<SP HEIGHT="40" HPOS="1659" VPOS="4049" WIDTH="32" />
<String CONTENT="A" HEIGHT="37" HPOS="1692" VPOS="4049" WIDTH="38" />
<SP HEIGHT="40" HPOS="1731" VPOS="4046" WIDTH="28" />
<String CONTENT="93058;" HEIGHT="43" HPOS="1760" VPOS="4046" WIDTH="172" />
<SP HEIGHT="42" HPOS="1933" VPOS="4047" WIDTH="33" />
<String CONTENT="Row," HEIGHT="42" HPOS="1967" VPOS="4047" WIDTH="133" />
<SP HEIGHT="42" HPOS="2101" VPOS="4047" WIDTH="29" />
<String CONTENT="Peterson" HEIGHT="39" HPOS="2131" VPOS="4047" WIDTH="231" />
</TextLine>
<TextLine HEIGHT="51" HPOS="424" VPOS="4107" WIDTH="461">
<String CONTENT="&amp;" HEIGHT="40" HPOS="424" LANG="en-US" VPOS="4108" WIDTH="35" />
<SP HEIGHT="40" HPOS="460" VPOS="4108" WIDTH="31" />
<String CONTENT="co." HEIGHT="30" HPOS="492" LANG="ru" VPOS="4118" WIDTH="67" />
<SP HEIGHT="49" HPOS="560" VPOS="4108" WIDTH="71" />
<String CONTENT="(36-7404)" HEIGHT="51" HPOS="632" LANG="en-US" VPOS="4107" WIDTH="253" />
</TextLine>
</TextBlock>
</PrintSpace>
</Page>
</Layout>
</alto>