2519 4377
1033 4122 103 54 237

91 479 245 61 Curran,
365 476 226 62 George
616 475 135 63 Leo,
778 493 178 47 comp.

157 552 203 54 World
397 549 266 69 daylight
699 549 202 69 saving
936 550 155 55 time,
1125 548 75 69 by
1237 548 223 68 George
1492 548 114 52 Leo
1644 547 243 68 Curran,
1990 590 9 10 PS.
2075 590 10 10 D.

88 625 1973 151 and Irene Hume Taylor, PH. B. Chicago, Ill., Curran publishing company [ c 1935]
160 780 659 50 95, [1] p. l illus. 21½ cm .
161 837 160 39 “Each
351 836 122 40 book
501 836 49 39 in
574 836 100 40 this
701 834 182 41 edition
913 835 41 40 is
984 834 304 40 numbered.”
1348 833 117 40 This
1494 844 118 37 copy
1642 835 82 38 not
1753 834 277 39 numbered.

161 893 145 39 “This
329 893 122 40 book
474 893 41 39 is
538 903 27 29 a
591 891 312 47 compilation
927 891 51 41 of
1001 892 79 39 the
1101 891 198 40 various
1323 891 116 39 time
1461 891 209 47 changes
1694 891 140 39 made
89 891 1980 99 throughout
200 950 80 40 the
307 950 151 39 world
485 949 130 41 since
642 949 82 40 the
749 947 230 49 adoption
1005 948 52 40 of
1085 948 80 40 the
1192 946 267 50 Gregorian
1486 946 466 42 calendar.”—Pref.

162 1006 305 47 “Copyright,
494 1006 247 47 pamphlet
772 1004 195 49 edition,
999 1004 127 41 1931.
1187 1004 278 48 Copyright,
1498 1004 127 47 1935,
1656 1005 172 39 second
1860 1003 227 41 edition.”

159 1063 375 47 Bibliography:
566 1073 43 37 p.
640 1061 85 50 [96]

90 1128 52 52 ©
179 1132 125 47 Sept.
340 1132 38 47 1,
413 1132 139 41 1935;
587 1131 67 40 2c.
691 1132 96 39 and
821 1131 82 40 aff.
939 1131 109 39 Jan.
1083 1130 70 48 20,
1187 1130 140 47 1936;
1365 1131 41 38 A
1439 1130 170 47 91915;
1649 1131 191 40 Curran
1874 1131 108 48 pub.
2019 1141 68 30 co.

169 1188 249 48 (36-7099)

88 1276 203 66 Daley,
322 1277 220 63 Joseph
574 1277 174 64 John,
783 1277 171 54 1875-

157 1354 55 51 A
241 1353 151 53 saint
421 1352 63 53 of
509 1353 202 67 today;
745 1352 268 52 Teresian
1042 1352 227 67 pastels,
1295 1352 76 68 by
1401 1352 216 68 Joseph
1646 1352 55 53 J.
1732 1353 203 67 Daley,
1999 1394 9 10 S.
2075 1395 10 10 J.

89 1430 1456 68 New York, The Devin-Adair company [ c 1936]
159 1505 82 39 xiv
261 1516 57 36 p.,
346 1505 25 38 2
417 1535 23 14 l.,
466 1504 86 40 265
573 1516 43 37 p.
669 1504 56 39 19½
757 1507 44 20 cm
805 1536 9 9 .

90 1557 52 53 ©
178 1562 109 39 Feb.
322 1561 69 47 25,
429 1561 138 46 1936;
605 1561 67 40 2c.
710 1561 110 40 Feb.
857 1561 81 47 28;
978 1560 82 40 aff.
1098 1560 109 41 Feb.
1244 1559 82 48 29;
1365 1562 40 38 A
1442 1560 171 48 91973;
1654 1560 329 40 Devin-Adair
2019 1572 68 30 co.

169 1618 250 49 (36-7022)

89 1708 277 65 Daniells,
397 1709 232 53 Arthur
661 1709 350 63 Grosvenor,
1044 1714 324 49 1858-1935.

161 1785 121 52 The
321 1784 238 69 abiding
594 1784 119 69 gift
750 1784 63 53 of
849 1786 307 67 prophecy,
1191 1785 76 68 by
1305 1786 226 51 Arthur
1566 1786 325 54 Grosvenor
89 1787 1972 130 Daniells.
303 1862 304 54 Mountain
637 1863 180 68 View,
849 1862 194 69 Calif.,
1071 1863 241 67 Omaha,
1340 1863 139 54 Neb.
1535 1870 119 61 [etc.]
1688 1863 212 54 Pacific
1930 1882 157 49 press

90 1941 933 68 publishing association [ c 1936]
162 2014 86 41 378
278 2025 41 37 p.
379 2014 136 39 front.
557 2013 173 49 (port.)
798 2014 58 40 20½
886 2016 44 21 cm
935 2047 9 9 .

90 2068 53 52 ©
171 2073 108 38 Jan.
309 2073 69 45 14,
408 2071 116 40 1936;
577 2071 66 40 2c.
676 2073 97 38 and
802 2071 81 41 aff.
915 2072 109 40 Jan.
1054 2071 82 47 27;
1169 2072 41 38 A
1238 2070 170 47 91448;
1444 2072 179 39 Pacific
1651 2082 135 37 press
1818 2072 108 47 pub.
1957 2081 130 30 assn.

171 2129 248 47 (36-7156)

90 2218 343 64 Daughters
461 2218 63 53 of
553 2218 102 53 the
683 2217 315 55 American
1026 2216 350 55 revolution.
1454 2218 262 67 Georgia.
159 2218 1904 130 Hawkinsville
320 2297 248 66 chapter.

161 2372 245 69 History
447 2373 64 52 of
549 2372 238 54 Pulaski
831 2381 225 60 county,
1100 2372 274 69 Georgia;
1422 2373 197 54 official
1661 2375 238 65 history,
93 2393 1971 125 compiled
283 2452 74 67 by
392 2451 95 53 the
523 2451 421 53 Hawkinsville
980 2452 252 67 chapter,
1268 2452 328 67 Daughters
1634 2453 63 51 of
1732 2453 95 52 the
92 2452 1969 129 American
237 2528 335 54 revolution.
647 2529 259 68 Atlanta,
948 2530 124 67 Ga.,
1115 2533 168 50 Press
1324 2529 64 52 of
1429 2531 89 54 W.
1562 2532 89 53 W.
1693 2533 210 50 Brown
92 2531 1971 145 publishing
336 2626 280 49 company
652 2643 13 33 [
669 2615 19 20 c
694 2612 132 49 1935
832 2641 12 33 ]

165 2678 97 50 599,
297 2680 55 50 [1]
385 2690 43 37 p.
488 2679 128 40 illus.
645 2680 135 48 (incl.
812 2684 163 44 ports.,
1009 2680 216 48 facsim.)
1267 2681 117 41 fold.
1420 2681 96 41 tab.
1576 2681 55 39 24
1634 2683 44 22 cm
1684 2713 8 8 .

165 2737 212 48 “Editor,
410 2738 115 39 Mrs.
554 2738 52 39 T.
637 2738 60 40 H.
728 2737 584 48 Bridges.”—Foreword.

166 2793 370 49 “Biographical
567 2794 279 41 sketches”:
878 2805 42 38 p.
955 2793 248 51 [298]-444.

167 2850 274 48 “Marriage
474 2851 195 39 records
697 2851 52 39 of
781 2851 203 41 Pulaski
1015 2851 234 48 county”:
1282 2863 44 38 p.
1359 2851 249 51 [445]-588.

164 2908 349 48 Bibliography
553 2908 230 49 (partial):
853 2919 43 38 p.
932 2909 114 49 [445]

92 2961 53 52 ©
186 2967 108 38 Dec.
338 2966 68 47 12,
449 2966 139 46 1935;
631 2966 68 40 2c.
742 2967 95 39 and
879 2966 82 40 aff.
1004 2968 121 38 Mar.
1169 2967 39 46 5,
1250 2966 140 47 1936;
1435 2968 44 38 A
1516 2966 171 48 93022;
1732 2967 359 41 Hawkinsville

162 3023 212 46 chapter,
411 3023 279 47 Daughters
727 3023 51 38 of
813 3023 81 39 the
930 3024 157 37 Amer.
1125 3024 286 47 revolution,
1449 3023 368 49 Hawkinsville,
1858 3024 84 41 Ga.

176 3079 248 47 (36-7170)

93 3168 276 64 Downey,
397 3168 309 56 Sheridan.

162 3245 154 66 Why
343 3246 31 51 I
402 3245 211 53 believe
640 3249 61 51 in
729 3246 95 52 the
852 3247 317 52 Townsend
1197 3246 156 67 plan,
1380 3246 76 67 by
1488 3247 283 54 Sheridan
1800 3248 284 66 Downey;

95 3322 385 53 introduction
530 3323 75 66 by
654 3324 103 51 Dr.
809 3325 65 51 F.
927 3324 68 52 E.
1044 3324 334 53 Townsend.
1457 3323 384 68 Sacramento,
1893 3324 195 63 Calif.,

97 3398 282 54 Sheridan
404 3400 256 66 Downey
688 3401 333 66 publishing
1048 3419 297 49 company,
1374 3405 149 50 1936.

167 3471 85 40 122
279 3481 43 37 p.
381 3470 145 41 23½cm.

169 3527 161 41 “First
359 3528 225 41 edition.”

170 3584 183 40 “Radio
378 3586 203 39 address
605 3586 61 47 by
696 3586 208 48 Stephen
929 3587 72 41 W.
1026 3587 229 48 Downey,
1283 3587 244 41 delivered
1550 3588 129 48 July,
1707 3588 172 41 1932”;
1907 3600 43 37 p.
99 3588 1992 93 119-122.

97 3693 52 52 ©
177 3699 107 39 Jan.
313 3698 68 48 29,
411 3699 139 46 1936;
582 3700 66 40 2c.
680 3700 110 39 Feb.
821 3700 80 47 13;
933 3701 82 40 aff.
1046 3702 121 39 Mar.
1198 3702 51 38 11;
1309 3702 43 38 A
1379 3701 171 47 92207;
1586 3702 43 40 S.
1661 3704 228 45 Downey,
166 3703 1903 93 Sacramento,
377 3755 143 42 Calif.
595 3756 250 47 (36-7029)

99 3842 158 63 Ellis,
285 3845 314 63 Havelock,
627 3852 171 49 1859-

171 3918 1853 74 Studies in the psychology of sex, by Havelock Ellis …
101 3996 1052 74 New York, Bandom house [ c 1936]
