2519 4377
1316 4120 135 49 1414

453 516 99 48 594,
600 517 41 51 [2]
674 529 43 37 p.
777 518 57 40 21
838 521 45 22 cm
886 551 9 9 .

385 584 2018 64 © Apr. 22, 1936; 1c. July 17; A-Foreign 32528; Drei masken verlag,
456 656 104 38 a.-g.
633 647 284 48 (36-22479)

383 751 305 66 Hollister,
716 754 140 52 Mrs.
885 754 177 63 Mary
1092 754 362 66 (Brewster)

456 828 302 69 Mulberry
785 829 242 70 village;
1058 849 31 34 a
1118 835 159 65 story
1305 831 65 54 of
1397 838 243 64 country
1668 833 105 53 life
1804 835 59 52 in
1895 834 207 58 China,
2130 836 75 69 by
2233 837 167 68 Mary

387 908 2018 76 Brewster Hollister … illustrated by Kurt Wiese. New York,
385 988 191 68 Dodd,
611 988 174 53 Mead
820 991 48 50 &
900 1007 301 52 company,
1239 994 151 50 1936.

455 1063 81 49 vii,
569 1063 86 41 287
687 1073 45 38 p.
764 1062 111 41 incl.
908 1064 165 50 front.,
1108 1065 130 42 illus.
1299 1066 56 40 21
1359 1069 44 21 cm
1407 1098 9 9 .

455 1135 294 40 Illustrated
781 1135 367 50 lining-papers.

383 1202 2003 110 © Oct. 7, 1936; 2c. Oct. 9; aff. Oct. 10; A 98858; M. B. Hollister, Delaware, O. (36-21828)
384 1369 122 52 The
541 1366 384 68 Huntington
958 1368 224 70 library
1215 1371 261 54 bulletin,
1546 1373 240 52 number
1822 1376 93 50 10:
1950 1374 264 68 October,
2251 1378 150 50 1936.

457 1446 367 69 Cambridge,
854 1449 193 67 Mass.,
1079 1450 277 53 Harvard
1389 1449 319 69 university
1740 1470 175 49 press,
1950 1455 152 51 1936.

453 1509 1950 64 3 p. l., 188 p., 1 l. plates, facsims. 24 cm. (Half-title: Huntington
380 1577 188 49 library
598 1578 356 50 publications)

383 1645 2003 114 © Oct. 19, 1936; 2c. Oct. 22; aff. Nov. 2; A 100217; President and fellows of Harvard college, Cambridge, Mass.
379 1811 321 65 Hutchins,
729 1813 329 64 Margaret,
1091 1819 173 49 1884-

455 1886 188 55 Guide
672 1893 59 49 to
761 1889 97 53 the
887 1906 98 36 use
1015 1888 65 54 of
1108 1887 292 65 libraries;
1434 1907 31 33 a
1495 1890 232 53 manual
1761 1889 95 53 for
1886 1889 214 69 college
2130 1889 113 53 and
382 1890 1992 144 university

381 1965 1992 148 students, by Margaret Hutchins … Alice Sarah Johnson … [and] Margaret
1130 2043 1267 56 Stuart Williams … 5th ed. rev. New
386 2122 179 68 York,
595 2124 123 52 The
747 2122 77 55 H.
855 2122 89 55 W.
976 2122 223 54 Wilson
1232 2141 301 50 company,
1565 2125 151 51 1936.

453 2193 959 50 xii p., 1 l., 252 p. incl. front. 20 cm .
381 2263 1911 54 © Aug. 31, 1936; 2c. Sept. 8; aff. Oct. 2; A 98825; H. W. Wilson co.
463 2325 283 49 (36-22026)

386 2430 287 66 [Jenkins,
697 2431 207 53 James
925 2432 83 65 F.]

450 2508 1949 68 World, letters [incorporated] … Off the coast of Senegal,
384 2587 2009 68 Sept. 17, 1936 … [Senegal, Africa, World letters, inc., 1936]
446 2670 44 38 p.
524 2659 129 41 9-12.
714 2660 131 41 illus.
906 2660 59 41 18
964 2663 45 21 cm
1014 2691 7 8 .

449 2717 415 49 Mimeographed.

379 2783 2018 53 © 1c. Oct. 20, 1936; A ad int. 21977; pubd. Sept. 20; World letters, inc.,
450 2846 122 39 East
599 2846 207 47 Aurora,
835 2845 57 40 N.
920 2845 53 39 Y.

378 2951 288 65 Johnson,
694 2951 190 53 Davis
907 2952 143 53 Ben.

454 3029 192 52 “Hills
688 3029 62 54 of
792 3028 187 56 Ohio”
1020 3030 116 52 and
1171 3029 163 52 other
1373 3046 210 49 poems,
1622 3029 73 66 by
1734 3029 182 52 Davis
1956 3030 124 51 Ben
2119 3027 275 56 Johnson.

361 3109 322 63 ‘Wauseon,
709 3107 87 66 O.,
819 3109 72 52 D.
918 3109 66 51 B.
1012 3108 279 65 Johnson,
1320 3110 149 49 1936.

446 3179 58 40 92
533 3190 43 38 p.
639 3180 56 40 18½cm.

378 3246 1908 53 © July 18, 1936; 2c. July 23; aff. Aug 21; A 96581; D. B. Johnson.
377 3413 164 53 Joint
588 3412 343 55 committee
977 3413 65 53 of
1087 3412 103 53 the
1237 3411 318 55 American
1603 3410 358 54 association
2011 3411 63 53 of
2121 3410 272 54 teachers

449 3492 254 64 colleges
734 3491 116 54 and
884 3491 103 54 the
1023 3490 319 55 American
1376 3490 227 65 library
1636 3487 380 55 association.

453 3580 147 53 How
644 3581 147 52 shall
832 3599 83 34 we
956 3579 235 55 educate
1231 3579 255 53 teachers
1528 3578 114 53 and
1684 3576 310 54 librarians
2037 3576 94 52 for
2172 3576 218 68 library

379 3659 211 53 service
623 3658 59 52 in
715 3658 96 54 the
843 3657 226 54 school?
1149 3656 285 69 Findings
1470 3656 113 52 and
1619 3653 546 56 recommendations
2200 3653 64 54 of
2297 3654 93 52 the

380 3736 163 54 Joint
581 3736 322 53 committee
936 3735 64 53 of
1034 3735 97 54 the
1167 3733 309 54 American
1514 3732 339 54 association
1890 3732 64 52 of
1990 3733 254 52 teachers
382 3731 1985 149 colleges
577 3814 113 52 and
736 3814 96 52 the
878 3812 307 54 American
1234 3811 220 69 library
1502 3809 358 69 association,
1905 3809 140 53 with
2094 3826 31 34 a
2172 3806 216 70 library

379 3891 213 53 science
631 3890 348 54 curriculum
1018 3889 96 54 for
1150 3890 255 53 teachers
1446 3889 113 52 and
1598 3886 578 55 teacher-librarians.
2251 3885 138 53 New

384 3969 176 67 York,
596 3968 302 55 Columbia
933 3967 320 68 university
1287 3984 176 51 press,
1500 3969 150 50 1936.

448 4052 521 49 5 p. l., 74 p. 23 cm .
