<alto xmlns="http://www.loc.gov/standards/alto/ns-v3#" xmlns:xsi="http://www.w3.org/2001/XMLSchema-instance" xsi:schemaLocation="http://www.loc.gov/standards/alto/ns-v3# http://www.loc.gov/alto/v3/alto-3-0.xsd"><Description>
<MeasurementUnit>pixel</MeasurementUnit>
<sourceImageInformation>
<fileName>1936_v33_Part1.pdf</fileName>
</sourceImageInformation>
<OCRProcessing ID="IdOcr">
<ocrProcessingStep>
<processingDateTime>2019-01-18</processingDateTime>
<processingSoftware>
<softwareCreator>ABBYY</softwareCreator>
<softwareName>ABBYY Recognition Server</softwareName>
<softwareVersion>4.0</softwareVersion>
</processingSoftware>
</ocrProcessingStep>
</OCRProcessing>
</Description>
<Styles>
<ParagraphStyle ALIGN="Left" FIRSTLINE="0." ID="StyleId-FFFFFFFF-FFFF-FFFF-FFFF-FFFFFFFFFFFF-" LEFT="0." RIGHT="0." />
<ParagraphStyle ALIGN="Left" FIRSTLINE="0." ID="StyleId-51D50FAC-7A90-4D70-8A96-5EA9D46D1C8B-" LEFT="0." LINESPACE="7.699999809" RIGHT="0." />
<ParagraphStyle ALIGN="Block" FIRSTLINE="-17." ID="StyleId-6BC133E9-7DCB-43C3-8842-A67984A26405-" LEFT="0." LINESPACE="8.340000153" RIGHT="0." />
<ParagraphStyle ALIGN="Left" FIRSTLINE="-13." ID="StyleId-3C3FF860-43E7-46A2-8934-48F305F6F0D6-" LEFT="0." LINESPACE="11.06999969" RIGHT="0." />
<ParagraphStyle ALIGN="Block" FIRSTLINE="-13." ID="StyleId-19220C76-4F8A-4737-B38C-B5F5C17E6040-" LEFT="0." LINESPACE="11.06999969" RIGHT="0." />
<ParagraphStyle ALIGN="Left" FIRSTLINE="0." ID="StyleId-75A0D721-13ED-4F20-9002-B389EC48477D-" LEFT="0." LINESPACE="15.5" RIGHT="0." />
<ParagraphStyle ALIGN="Left" FIRSTLINE="0." ID="StyleId-8A414184-C7A5-4AC7-9B88-7DA4DDE75922-" LEFT="0." LINESPACE="9.399999619" RIGHT="0." />
<ParagraphStyle ALIGN="Left" FIRSTLINE="0." ID="StyleId-1A87970B-111C-4169-99A6-9412976F3C97-" LEFT="0." LINESPACE="10.5" RIGHT="0." />
<ParagraphStyle ALIGN="Block" FIRSTLINE="-17." ID="StyleId-72DB0571-5AE4-41FD-9E11-68C6AC4C437E-" LEFT="0." LINESPACE="8.340000153" RIGHT="0." />
<ParagraphStyle ALIGN="Center" FIRSTLINE="0." ID="StyleId-1AA43056-C388-4697-B10F-72FDAA38FAE1-" LEFT="0." LINESPACE="10.5" RIGHT="0." />
</Styles>
<Layout>
<Page HEIGHT="4377" ID="Page356" PHYSICAL_IMG_NR="356" WIDTH="2519">
<TopMargin HEIGHT="514" HPOS="0" VPOS="0" WIDTH="2519">
</TopMargin>
<LeftMargin HEIGHT="3688" HPOS="0" VPOS="514" WIDTH="368">
</LeftMargin>
<RightMargin HEIGHT="3688" HPOS="2414" VPOS="514" WIDTH="105">
</RightMargin>
<BottomMargin HEIGHT="175" HPOS="0" VPOS="4202" WIDTH="2519">
<TextBlock HEIGHT="70" HPOS="1324" ID="Page356_Block1" LANG="en-US" STYLEREFS="StyleId-47257C5A-D272-4050-B5F0-B071231EB402-" VPOS="4202" WIDTH="120">
<TextLine HEIGHT="48" HPOS="1334" VPOS="4213" WIDTH="100">
<String CONTENT="356" HEIGHT="48" HPOS="1334" VPOS="4213" WIDTH="100" />
</TextLine>
</TextBlock>
</BottomMargin>
<PrintSpace HEIGHT="3688" HPOS="368" VPOS="514" WIDTH="2046">
<TextBlock CS="1" HEIGHT="3688" HPOS="368" ID="Page356_Block2" LANG="en-US" STYLEREFS="StyleId-CBDFA36E-A299-41AA-8226-19863C1C38E4-" VPOS="514" WIDTH="2046">
<TextLine HEIGHT="42" HPOS="460" VPOS="676" WIDTH="1041">
<String CONTENT="At" HEIGHT="39" HPOS="460" VPOS="678" WIDTH="65" />
<SP HEIGHT="40" HPOS="526" VPOS="677" WIDTH="24" />
<String CONTENT="head" HEIGHT="41" HPOS="551" VPOS="677" WIDTH="126" />
<SP HEIGHT="40" HPOS="678" VPOS="678" WIDTH="23" />
<String CONTENT="of" HEIGHT="42" HPOS="702" VPOS="676" WIDTH="54" />
<SP HEIGHT="42" HPOS="757" VPOS="676" WIDTH="21" />
<String CONTENT="title" HEIGHT="42" HPOS="779" VPOS="676" WIDTH="111" />
<SP HEIGHT="31" HPOS="891" VPOS="686" WIDTH="15" />
<String CONTENT=":" HEIGHT="29" HPOS="907" VPOS="688" WIDTH="9" />
<SP HEIGHT="39" HPOS="917" VPOS="678" WIDTH="25" />
<String CONTENT="Mrs." HEIGHT="39" HPOS="943" VPOS="678" WIDTH="116" />
<SP HEIGHT="40" HPOS="1060" VPOS="677" WIDTH="25" />
<String CONTENT="Fremont" HEIGHT="40" HPOS="1086" VPOS="677" WIDTH="230" />
<SP HEIGHT="41" HPOS="1317" VPOS="677" WIDTH="24" />
<String CONTENT="Older." HEIGHT="42" HPOS="1342" VPOS="676" WIDTH="159" />
</TextLine>
<TextLine HEIGHT="41" HPOS="462" VPOS="733" WIDTH="424">
<String CONTENT="&#8220;First" HEIGHT="40" HPOS="462" VPOS="734" WIDTH="163" />
<SP HEIGHT="39" HPOS="626" VPOS="735" WIDTH="31" />
<String CONTENT="edition.&#8221;" HEIGHT="41" HPOS="658" VPOS="733" WIDTH="228" />
</TextLine>
<TextLine CS="1" HEIGHT="53" HPOS="389" VPOS="801" WIDTH="2013">
<String CONTENT="&#169;" HEIGHT="53" HPOS="389" VPOS="801" WIDTH="52" />
<SP HEIGHT="53" HPOS="442" VPOS="801" WIDTH="29" />
<String CONTENT="Apr." HEIGHT="48" HPOS="472" VPOS="806" WIDTH="115" />
<SP HEIGHT="41" HPOS="588" VPOS="805" WIDTH="31" />
<String CONTENT="6," HEIGHT="47" HPOS="620" VPOS="805" WIDTH="40" />
<SP HEIGHT="46" HPOS="661" VPOS="806" WIDTH="31" />
<String CONTENT="1936;" CS="1" HEIGHT="40" HPOS="693" VPOS="805" WIDTH="117" />
<SP HEIGHT="48" HPOS="835" VPOS="804" WIDTH="32" />
<String CONTENT="2c." HEIGHT="41" HPOS="868" VPOS="804" WIDTH="68" />
<SP HEIGHT="30" HPOS="937" VPOS="815" WIDTH="31" />
<String CONTENT="and" HEIGHT="39" HPOS="969" VPOS="805" WIDTH="96" />
<SP HEIGHT="39" HPOS="1066" VPOS="805" WIDTH="31" />
<String CONTENT="a" HEIGHT="28" HPOS="1098" LANG="fr" VPOS="815" WIDTH="25" />
<SP HEIGHT="39" HPOS="1124" VPOS="804" WIDTH="5" />
<String CONTENT="ff." HEIGHT="39" HPOS="1130" LANG="de" VPOS="804" WIDTH="50" />
<SP HEIGHT="38" HPOS="1181" VPOS="805" WIDTH="33" />
<String CONTENT="Apr." HEIGHT="47" HPOS="1215" VPOS="805" WIDTH="113" />
<SP HEIGHT="39" HPOS="1329" VPOS="806" WIDTH="32" />
<String CONTENT="7;" CS="1" HEIGHT="39" HPOS="1362" VPOS="806" WIDTH="25" />
<SP HEIGHT="46" HPOS="1415" VPOS="805" WIDTH="34" />
<String CONTENT="A" HEIGHT="38" HPOS="1450" VPOS="805" WIDTH="41" />
<SP HEIGHT="40" HPOS="1492" VPOS="804" WIDTH="30" />
<String CONTENT="92874;" CS="1" HEIGHT="41" HPOS="1523" VPOS="803" WIDTH="145" />
<SP HEIGHT="45" HPOS="1695" VPOS="805" WIDTH="35" />
<String CONTENT="E." HEIGHT="41" HPOS="1731" LANG="fi" VPOS="805" WIDTH="52" />
<SP HEIGHT="42" HPOS="1784" VPOS="804" WIDTH="32" />
<String CONTENT="P." HEIGHT="41" HPOS="1817" VPOS="804" WIDTH="50" />
<SP HEIGHT="41" HPOS="1868" VPOS="804" WIDTH="33" />
<String CONTENT="Dutton" HEIGHT="39" HPOS="1902" VPOS="804" WIDTH="188" />
<SP HEIGHT="40" HPOS="2091" VPOS="804" WIDTH="32" />
<String CONTENT="&amp;" HEIGHT="40" HPOS="2124" VPOS="804" WIDTH="36" />
<SP HEIGHT="40" HPOS="2161" VPOS="804" WIDTH="32" />
<String CONTENT="co.," HEIGHT="38" HPOS="2194" VPOS="814" WIDTH="82" />
<SP HEIGHT="48" HPOS="2277" VPOS="804" WIDTH="32" />
<String CONTENT="inc." HEIGHT="42" HPOS="2310" VPOS="804" WIDTH="92" />
</TextLine>
<TextLine HEIGHT="48" HPOS="467" VPOS="863" WIDTH="254">
<String CONTENT="(36-8263)" HEIGHT="48" HPOS="467" VPOS="863" WIDTH="254" />
</TextLine>
<TextLine HEIGHT="66" HPOS="388" STYLEREFS="StyleId-97B3EA89-75B6-45FF-B696-A889CA70334B-" VPOS="966" WIDTH="511">
<String CONTENT="Ordioni," HEIGHT="66" HPOS="388" VPOS="966" WIDTH="261" />
<SP HEIGHT="66" HPOS="650" VPOS="966" WIDTH="25" />
<String CONTENT="Pierre." HEIGHT="55" HPOS="676" VPOS="966" WIDTH="223" />
</TextLine>
<TextLine CS="1" HEIGHT="71" HPOS="553" STYLEREFS="StyleId-97B3EA89-75B6-45FF-B696-A889CA70334B-" VPOS="1040" WIDTH="1850">
<String CONTENT="&#8230;" CS="1" LANG="en-US" />
<SP />
<String CONTENT="Pozzo" HEIGHT="53" HPOS="553" LANG="en-US" VPOS="1043" WIDTH="186" />
<SP HEIGHT="53" HPOS="740" VPOS="1043" WIDTH="28" />
<String CONTENT="di" HEIGHT="53" HPOS="769" LANG="de" VPOS="1043" WIDTH="59" />
<SP HEIGHT="53" HPOS="829" VPOS="1043" WIDTH="28" />
<String CONTENT="Borgo," HEIGHT="68" HPOS="858" LANG="de" VPOS="1043" WIDTH="212" />
<SP HEIGHT="68" HPOS="1071" VPOS="1042" WIDTH="26" />
<String CONTENT="diplomate" HEIGHT="70" HPOS="1098" LANG="fr" VPOS="1041" WIDTH="312" />
<SP HEIGHT="53" HPOS="1411" VPOS="1042" WIDTH="28" />
<String CONTENT="de" HEIGHT="53" HPOS="1440" LANG="fr" VPOS="1042" WIDTH="68" />
<SP HEIGHT="54" HPOS="1509" VPOS="1041" WIDTH="27" />
<String CONTENT="l&#8217;Europe" HEIGHT="69" HPOS="1537" LANG="fr" VPOS="1041" WIDTH="273" />
<SP HEIGHT="54" HPOS="1811" VPOS="1040" WIDTH="28" />
<String CONTENT="fran&#231;aise." HEIGHT="66" HPOS="1840" LANG="fr" VPOS="1040" WIDTH="301" />
<SP HEIGHT="52" HPOS="2142" VPOS="1041" WIDTH="76" />
<String CONTENT="Paris," HEIGHT="68" HPOS="2219" LANG="fr" VPOS="1041" WIDTH="184" />
</TextLine>
<TextLine HEIGHT="69" HPOS="388" LANG="fr" STYLEREFS="StyleId-97B3EA89-75B6-45FF-B696-A889CA70334B-" VPOS="1121" WIDTH="353">
<String CONTENT="Plon" HEIGHT="54" HPOS="388" VPOS="1121" WIDTH="148" />
<SP HEIGHT="50" HPOS="537" VPOS="1140" WIDTH="30" />
<String CONTENT="[1935]" HEIGHT="67" HPOS="568" VPOS="1123" WIDTH="173" />
</TextLine>
<TextLine CS="1" HEIGHT="51" HPOS="456" LANG="fr" VPOS="1191" WIDTH="715">
<String CONTENT="4" HEIGHT="39" HPOS="456" VPOS="1194" WIDTH="29" />
<SP />
<String CONTENT="p." HEIGHT="39" HPOS="507" VPOS="1203" WIDTH="44" />
<SP />
<String CONTENT="l.," CS="1" />
<SP HEIGHT="40" HPOS="621" VPOS="1202" WIDTH="24" />
<String CONTENT="x," CS="1" HEIGHT="17" HPOS="684" VPOS="1224" WIDTH="8" />
<SP HEIGHT="48" HPOS="693" VPOS="1193" WIDTH="25" />
<String CONTENT="299" HEIGHT="41" HPOS="719" VPOS="1192" WIDTH="88" />
<SP HEIGHT="49" HPOS="808" VPOS="1192" WIDTH="21" />
<String CONTENT="p.," HEIGHT="38" HPOS="830" VPOS="1203" WIDTH="57" />
<SP HEIGHT="46" HPOS="888" VPOS="1195" WIDTH="24" />
<String CONTENT="1" HEIGHT="39" HPOS="913" VPOS="1195" WIDTH="25" />
<SP HEIGHT="42" HPOS="939" VPOS="1192" WIDTH="24" />
<String CONTENT="l." CS="1" HEIGHT="8" HPOS="985" VPOS="1225" WIDTH="8" />
<SP HEIGHT="40" HPOS="994" VPOS="1193" WIDTH="59" />
<String CONTENT="19cm." HEIGHT="41" HPOS="1054" VPOS="1191" WIDTH="117" />
</TextLine>
<TextLine CS="1" HEIGHT="53" HPOS="386" LANG="fr" VPOS="1250" WIDTH="2015">
<String CONTENT="&#169;" HEIGHT="53" HPOS="386" VPOS="1250" WIDTH="52" />
<SP HEIGHT="53" HPOS="439" VPOS="1250" WIDTH="31" />
<String CONTENT="Nov." HEIGHT="39" HPOS="471" VPOS="1255" WIDTH="118" />
<SP HEIGHT="40" HPOS="590" VPOS="1253" WIDTH="30" />
<String CONTENT="20," HEIGHT="49" HPOS="621" VPOS="1253" WIDTH="72" />
<SP HEIGHT="48" HPOS="694" VPOS="1254" WIDTH="33" />
<String CONTENT="1935;" HEIGHT="47" HPOS="728" VPOS="1252" WIDTH="141" />
<SP />
<String CONTENT="1c." CS="1" />
<SP />
<String CONTENT="Feb." HEIGHT="40" HPOS="1005" VPOS="1252" WIDTH="113" />
<SP HEIGHT="40" HPOS="1119" VPOS="1252" WIDTH="32" />
<String CONTENT="17," HEIGHT="49" HPOS="1152" VPOS="1252" WIDTH="69" />
<SP HEIGHT="49" HPOS="1222" VPOS="1252" WIDTH="34" />
<String CONTENT="1936;" HEIGHT="47" HPOS="1257" VPOS="1252" WIDTH="141" />
<SP HEIGHT="46" HPOS="1399" VPOS="1253" WIDTH="34" />
<String CONTENT="A-" HEIGHT="38" HPOS="1434" VPOS="1253" WIDTH="103" />
<String CONTENT="Foreign" HEIGHT="48" HPOS="1539" LANG="de" VPOS="1251" WIDTH="207" />
<SP HEIGHT="40" HPOS="1747" VPOS="1252" WIDTH="33" />
<String CONTENT="30542;" HEIGHT="48" HPOS="1781" VPOS="1251" WIDTH="172" />
<SP HEIGHT="47" HPOS="1954" VPOS="1252" WIDTH="37" />
<String CONTENT="Librairie" HEIGHT="41" HPOS="1992" VPOS="1251" WIDTH="241" />
<SP HEIGHT="39" HPOS="2234" VPOS="1253" WIDTH="32" />
<String CONTENT="Plon." HEIGHT="39" HPOS="2267" VPOS="1252" WIDTH="134" />
</TextLine>
<TextLine HEIGHT="49" HPOS="469" LANG="fr" VPOS="1311" WIDTH="253">
<String CONTENT="(36-8227)" HEIGHT="49" HPOS="469" VPOS="1311" WIDTH="253" />
</TextLine>
<TextLine HEIGHT="69" HPOS="387" STYLEREFS="StyleId-97B3EA89-75B6-45FF-B696-A889CA70334B-" VPOS="1415" WIDTH="2012">
<String CONTENT="Over" HEIGHT="54" HPOS="387" VPOS="1415" WIDTH="157" />
<SP HEIGHT="53" HPOS="545" VPOS="1417" WIDTH="26" />
<String CONTENT="in" HEIGHT="53" HPOS="572" VPOS="1417" WIDTH="61" />
<SP HEIGHT="47" HPOS="634" VPOS="1422" WIDTH="29" />
<String CONTENT="the" HEIGHT="53" HPOS="664" VPOS="1417" WIDTH="96" />
<SP HEIGHT="35" HPOS="761" VPOS="1435" WIDTH="26" />
<String CONTENT="meadow;" HEIGHT="67" HPOS="788" VPOS="1416" WIDTH="285" />
<SP HEIGHT="49" HPOS="1074" VPOS="1434" WIDTH="33" />
<String CONTENT="an" HEIGHT="34" HPOS="1108" LANG="fr" VPOS="1434" WIDTH="73" />
<SP HEIGHT="35" HPOS="1182" VPOS="1434" WIDTH="28" />
<String CONTENT="old" HEIGHT="53" HPOS="1211" VPOS="1417" WIDTH="94" />
<SP HEIGHT="53" HPOS="1306" VPOS="1417" WIDTH="28" />
<String CONTENT="nursery" HEIGHT="50" HPOS="1335" LANG="fr" VPOS="1434" WIDTH="241" />
<SP HEIGHT="49" HPOS="1577" VPOS="1435" WIDTH="28" />
<String CONTENT="song" HEIGHT="49" HPOS="1606" VPOS="1434" WIDTH="144" />
<SP HEIGHT="68" HPOS="1751" VPOS="1415" WIDTH="26" />
<String CONTENT="illustrated" HEIGHT="55" HPOS="1778" VPOS="1415" WIDTH="328" />
<SP HEIGHT="53" HPOS="2107" VPOS="1416" WIDTH="32" />
<String CONTENT="by" HEIGHT="67" HPOS="2140" VPOS="1417" WIDTH="72" />
<SP HEIGHT="67" HPOS="2213" VPOS="1417" WIDTH="29" />
<String CONTENT="John" HEIGHT="56" HPOS="2243" VPOS="1416" WIDTH="156" />
</TextLine>
<TextLine CS="1" HEIGHT="148" HPOS="455" STYLEREFS="StyleId-97B3EA89-75B6-45FF-B696-A889CA70334B-" VPOS="1493" WIDTH="1922">
<String CONTENT="Anthony" HEIGHT="68" HPOS="456" VPOS="1493" WIDTH="281" />
<SP HEIGHT="68" HPOS="738" VPOS="1493" WIDTH="26" />
<String CONTENT="Hartell." HEIGHT="53" HPOS="765" VPOS="1493" WIDTH="250" />
<SP HEIGHT="53" HPOS="1016" VPOS="1493" WIDTH="65" />
<String CONTENT="New" HEIGHT="53" HPOS="1082" VPOS="1493" WIDTH="138" />
<SP HEIGHT="52" HPOS="1221" VPOS="1493" WIDTH="30" />
<String CONTENT="York" HEIGHT="52" HPOS="1252" VPOS="1493" WIDTH="162" />
<SP HEIGHT="54" HPOS="1415" VPOS="1493" WIDTH="24" />
<String CONTENT="and" HEIGHT="54" HPOS="1440" VPOS="1493" WIDTH="114" />
<SP HEIGHT="52" HPOS="1555" VPOS="1493" WIDTH="27" />
<String CONTENT="London," HEIGHT="68" HPOS="1583" VPOS="1493" WIDTH="260" />
<SP HEIGHT="68" HPOS="1844" VPOS="1493" WIDTH="27" />
<String CONTENT="Harper" HEIGHT="67" HPOS="1872" VPOS="1493" WIDTH="236" />
<SP HEIGHT="50" HPOS="2109" VPOS="1495" WIDTH="25" />
<String CONTENT="&amp;" HEIGHT="50" HPOS="2135" VPOS="1495" WIDTH="46" />
<SP HEIGHT="51" HPOS="2182" VPOS="1494" WIDTH="26" />
<String CONTENT="brothers," HEIGHT="148" HPOS="455" VPOS="1493" WIDTH="1922" />
<SP HEIGHT="64" HPOS="561" VPOS="1577" WIDTH="41" />
<String CONTENT="1936." HEIGHT="51" HPOS="603" VPOS="1575" WIDTH="153" />
</TextLine>
<TextLine CS="1" HEIGHT="50" HPOS="461" VPOS="1648" WIDTH="761">
<String CONTENT="[24]" HEIGHT="49" HPOS="461" VPOS="1649" WIDTH="84" />
<SP HEIGHT="39" HPOS="546" VPOS="1659" WIDTH="28" />
<String CONTENT="p." HEIGHT="38" HPOS="575" VPOS="1659" WIDTH="42" />
<SP HEIGHT="30" HPOS="618" VPOS="1659" WIDTH="60" />
<String CONTENT="col." HEIGHT="41" HPOS="679" VPOS="1648" WIDTH="87" />
<SP HEIGHT="40" HPOS="767" VPOS="1648" WIDTH="26" />
<String CONTENT="illus." HEIGHT="41" HPOS="794" VPOS="1648" WIDTH="130" />
<SP HEIGHT="41" HPOS="925" VPOS="1648" WIDTH="53" />
<String CONTENT="24&#215;33cm." CS="1" HEIGHT="41" HPOS="979" VPOS="1648" WIDTH="243" />
</TextLine>
<TextLine HEIGHT="49" HPOS="458" VPOS="1703" WIDTH="646">
<String CONTENT="Music" HEIGHT="40" HPOS="458" VPOS="1705" WIDTH="160" />
<SP HEIGHT="31" HPOS="619" VPOS="1715" WIDTH="26" />
<String CONTENT="on" HEIGHT="31" HPOS="646" VPOS="1715" WIDTH="62" />
<SP HEIGHT="39" HPOS="709" VPOS="1705" WIDTH="27" />
<String CONTENT="lining-papers." HEIGHT="49" HPOS="737" VPOS="1703" WIDTH="367" />
</TextLine>
<TextLine CS="1" HEIGHT="53" HPOS="386" VPOS="1758" WIDTH="1924">
<String CONTENT="&#169;" HEIGHT="53" HPOS="386" VPOS="1758" WIDTH="55" />
<SP HEIGHT="53" HPOS="442" VPOS="1758" WIDTH="29" />
<String CONTENT="Apr." HEIGHT="46" HPOS="472" VPOS="1763" WIDTH="114" />
<SP HEIGHT="40" HPOS="587" VPOS="1762" WIDTH="32" />
<String CONTENT="2," HEIGHT="47" HPOS="620" VPOS="1762" WIDTH="40" />
<SP HEIGHT="47" HPOS="661" VPOS="1762" WIDTH="32" />
<String CONTENT="1936;" CS="1" HEIGHT="40" HPOS="694" VPOS="1761" WIDTH="115" />
<SP HEIGHT="49" HPOS="836" VPOS="1760" WIDTH="34" />
<String CONTENT="2c." HEIGHT="41" HPOS="871" VPOS="1760" WIDTH="68" />
<SP HEIGHT="39" HPOS="940" VPOS="1762" WIDTH="33" />
<String CONTENT="Mar." HEIGHT="39" HPOS="974" VPOS="1762" WIDTH="123" />
<SP HEIGHT="41" HPOS="1098" VPOS="1760" WIDTH="31" />
<String CONTENT="31;" CS="1" HEIGHT="40" HPOS="1130" VPOS="1760" WIDTH="55" />
<SP HEIGHT="37" HPOS="1214" VPOS="1770" WIDTH="35" />
<String CONTENT="aff." CS="1" HEIGHT="41" HPOS="1250" VPOS="1759" WIDTH="82" />
<SP HEIGHT="39" HPOS="1333" VPOS="1760" WIDTH="33" />
<String CONTENT="Apr." HEIGHT="48" HPOS="1367" VPOS="1760" WIDTH="114" />
<SP HEIGHT="40" HPOS="1482" VPOS="1760" WIDTH="32" />
<String CONTENT="4;" CS="1" HEIGHT="39" HPOS="1515" VPOS="1760" WIDTH="28" />
<SP HEIGHT="42" HPOS="1570" VPOS="1760" WIDTH="32" />
<String CONTENT="A" HEIGHT="39" HPOS="1603" VPOS="1760" WIDTH="40" />
<SP HEIGHT="40" HPOS="1644" VPOS="1759" WIDTH="32" />
<String CONTENT="93527;" CS="1" HEIGHT="42" HPOS="1677" VPOS="1759" WIDTH="144" />
<SP HEIGHT="47" HPOS="1849" VPOS="1761" WIDTH="35" />
<String CONTENT="Harper" HEIGHT="48" HPOS="1885" VPOS="1761" WIDTH="195" />
<SP HEIGHT="41" HPOS="2081" VPOS="1761" WIDTH="34" />
<String CONTENT="&amp;" HEIGHT="41" HPOS="2116" VPOS="1761" WIDTH="37" />
<SP HEIGHT="41" HPOS="2154" VPOS="1761" WIDTH="30" />
<String CONTENT="bros." HEIGHT="41" HPOS="2185" VPOS="1761" WIDTH="125" />
</TextLine>
<TextLine HEIGHT="49" HPOS="464" VPOS="1819" WIDTH="253">
<String CONTENT="(36-8270)" HEIGHT="49" HPOS="464" VPOS="1819" WIDTH="253" />
</TextLine>
<TextLine HEIGHT="66" HPOS="384" STYLEREFS="StyleId-97B3EA89-75B6-45FF-B696-A889CA70334B-" VPOS="1908" WIDTH="880">
<String CONTENT="Page," HEIGHT="64" HPOS="384" VPOS="1910" WIDTH="177" />
<SP HEIGHT="62" HPOS="562" VPOS="1911" WIDTH="26" />
<String CONTENT="William" HEIGHT="56" HPOS="589" VPOS="1908" WIDTH="257" />
<SP HEIGHT="52" HPOS="847" VPOS="1910" WIDTH="25" />
<String CONTENT="Herbert," HEIGHT="63" HPOS="873" VPOS="1909" WIDTH="280" />
<SP HEIGHT="44" HPOS="1154" VPOS="1928" WIDTH="25" />
<String CONTENT="ed." HEIGHT="53" HPOS="1180" VPOS="1909" WIDTH="84" />
</TextLine>
<TextLine CS="1" HEIGHT="69" HPOS="588" STYLEREFS="StyleId-97B3EA89-75B6-45FF-B696-A889CA70334B-" VPOS="1986" WIDTH="1812">
<String CONTENT="&#8230;" CS="1" />
<SP />
<String CONTENT="Page&#8217;s" HEIGHT="67" HPOS="588" VPOS="1988" WIDTH="204" />
<SP HEIGHT="55" HPOS="793" VPOS="1987" WIDTH="67" />
<String CONTENT="Ohio" HEIGHT="55" HPOS="861" VPOS="1987" WIDTH="150" />
<SP HEIGHT="52" HPOS="1012" VPOS="1987" WIDTH="66" />
<String CONTENT="digest." HEIGHT="68" HPOS="1079" VPOS="1986" WIDTH="201" />
<SP HEIGHT="52" HPOS="1281" VPOS="1988" WIDTH="75" />
<String CONTENT="Lifetime" HEIGHT="53" HPOS="1357" VPOS="1986" WIDTH="274" />
<SP HEIGHT="34" HPOS="1632" VPOS="2005" WIDTH="67" />
<String CONTENT="edition." HEIGHT="53" HPOS="1700" VPOS="1987" WIDTH="232" />
<SP HEIGHT="55" HPOS="1933" VPOS="1987" WIDTH="97" />
<String CONTENT="Semiannual" HEIGHT="55" HPOS="2031" VPOS="1987" WIDTH="369" />
</TextLine>
<TextLine HEIGHT="69" HPOS="385" STYLEREFS="StyleId-97B3EA89-75B6-45FF-B696-A889CA70334B-" VPOS="2065" WIDTH="2015">
<String CONTENT="cumulative" HEIGHT="53" HPOS="385" VPOS="2066" WIDTH="350" />
<SP HEIGHT="48" HPOS="736" VPOS="2085" WIDTH="34" />
<String CONTENT="pocket" HEIGHT="67" HPOS="771" VPOS="2066" WIDTH="204" />
<SP HEIGHT="60" HPOS="976" VPOS="2072" WIDTH="38" />
<String CONTENT="parts" HEIGHT="62" HPOS="1015" VPOS="2070" WIDTH="160" />
<SP HEIGHT="46" HPOS="1176" VPOS="2086" WIDTH="44" />
<String CONTENT="[for]" HEIGHT="67" HPOS="1221" VPOS="2065" WIDTH="130" />
<SP HEIGHT="46" HPOS="1352" VPOS="2085" WIDTH="45" />
<String CONTENT="volumes" HEIGHT="52" HPOS="1398" VPOS="2066" WIDTH="251" />
<SP HEIGHT="47" HPOS="1650" VPOS="2070" WIDTH="43" />
<String CONTENT="1-15." HEIGHT="50" HPOS="1694" VPOS="2068" WIDTH="151" />
<SP HEIGHT="51" HPOS="1846" VPOS="2067" WIDTH="74" />
<String CONTENT="To" HEIGHT="52" HPOS="1921" VPOS="2067" WIDTH="85" />
<SP HEIGHT="53" HPOS="2007" VPOS="2068" WIDTH="38" />
<String CONTENT="January" HEIGHT="66" HPOS="2046" VPOS="2068" WIDTH="263" />
<SP HEIGHT="64" HPOS="2310" VPOS="2070" WIDTH="43" />
<String CONTENT="1," HEIGHT="64" HPOS="2354" VPOS="2070" WIDTH="46" />
</TextLine>
<TextLine CS="1" HEIGHT="149" HPOS="385" STYLEREFS="StyleId-97B3EA89-75B6-45FF-B696-A889CA70334B-" VPOS="2143" WIDTH="1989">
<String CONTENT="1936" HEIGHT="49" HPOS="388" VPOS="2148" WIDTH="134" />
<SP />
<String CONTENT="&#8230;" CS="1" />
<SP HEIGHT="55" HPOS="619" VPOS="2144" WIDTH="75" />
<String CONTENT="Cincinnati," HEIGHT="67" HPOS="695" VPOS="2143" WIDTH="349" />
<SP HEIGHT="65" HPOS="1045" VPOS="2145" WIDTH="33" />
<String CONTENT="The" HEIGHT="51" HPOS="1079" VPOS="2145" WIDTH="121" />
<SP HEIGHT="53" HPOS="1201" VPOS="2145" WIDTH="32" />
<String CONTENT="W." HEIGHT="53" HPOS="1234" VPOS="2145" WIDTH="87" />
<SP HEIGHT="51" HPOS="1322" VPOS="2145" WIDTH="36" />
<String CONTENT="H." HEIGHT="51" HPOS="1359" VPOS="2145" WIDTH="76" />
<SP HEIGHT="52" HPOS="1436" VPOS="2144" WIDTH="34" />
<String CONTENT="Anderson" HEIGHT="52" HPOS="1471" VPOS="2144" WIDTH="303" />
<SP HEIGHT="34" HPOS="1775" VPOS="2162" WIDTH="35" />
<String CONTENT="company;" HEIGHT="50" HPOS="1811" VPOS="2162" WIDTH="310" />
<SP HEIGHT="66" HPOS="2122" VPOS="2145" WIDTH="39" />
<String CONTENT="Indianapolis," HEIGHT="147" HPOS="385" VPOS="2145" WIDTH="1989" />
<SP HEIGHT="67" HPOS="586" VPOS="2224" WIDTH="24" />
<String CONTENT="The" HEIGHT="53" HPOS="611" VPOS="2223" WIDTH="123" />
<SP HEIGHT="52" HPOS="735" VPOS="2224" WIDTH="25" />
<String CONTENT="Bobbs-Meirill" HEIGHT="55" HPOS="761" VPOS="2221" WIDTH="447" />
<SP HEIGHT="53" HPOS="1209" VPOS="2221" WIDTH="26" />
<String CONTENT="company" HEIGHT="50" HPOS="1236" VPOS="2240" WIDTH="281" />
<SP HEIGHT="49" HPOS="1518" VPOS="2241" WIDTH="30" />
<String CONTENT="[c1936]" CS="1" HEIGHT="63" HPOS="1568" VPOS="2226" WIDTH="175" />
</TextLine>
<TextLine CS="1" HEIGHT="41" HPOS="454" VPOS="2297" WIDTH="333">
<String CONTENT="14" HEIGHT="38" HPOS="454" VPOS="2299" WIDTH="54" />
<SP HEIGHT="37" HPOS="509" VPOS="2300" WIDTH="29" />
<String CONTENT="v." CS="1" HEIGHT="8" HPOS="574" VPOS="2330" WIDTH="8" />
<SP HEIGHT="41" HPOS="583" VPOS="2297" WIDTH="55" />
<String CONTENT="25&#189;cm." CS="1" HEIGHT="40" HPOS="639" VPOS="2297" WIDTH="148" />
</TextLine>
<TextLine HEIGHT="50" HPOS="459" VPOS="2353" WIDTH="1943">
<String CONTENT="These" HEIGHT="39" HPOS="459" VPOS="2356" WIDTH="157" />
<SP HEIGHT="38" HPOS="617" VPOS="2365" WIDTH="27" />
<String CONTENT="pamphlets" HEIGHT="48" HPOS="645" VPOS="2355" WIDTH="276" />
<SP HEIGHT="29" HPOS="922" VPOS="2365" WIDTH="30" />
<String CONTENT="are" HEIGHT="29" HPOS="953" VPOS="2365" WIDTH="85" />
<SP HEIGHT="37" HPOS="1039" VPOS="2357" WIDTH="29" />
<String CONTENT="to" HEIGHT="37" HPOS="1069" VPOS="2357" WIDTH="48" />
<SP HEIGHT="39" HPOS="1118" VPOS="2355" WIDTH="30" />
<String CONTENT="be" HEIGHT="38" HPOS="1149" VPOS="2355" WIDTH="55" />
<SP HEIGHT="40" HPOS="1205" VPOS="2353" WIDTH="29" />
<String CONTENT="fitted" HEIGHT="40" HPOS="1235" VPOS="2353" WIDTH="138" />
<SP HEIGHT="40" HPOS="1374" VPOS="2353" WIDTH="31" />
<String CONTENT="into" HEIGHT="40" HPOS="1406" VPOS="2353" WIDTH="102" />
<SP HEIGHT="37" HPOS="1509" VPOS="2356" WIDTH="30" />
<String CONTENT="the" HEIGHT="39" HPOS="1540" VPOS="2354" WIDTH="81" />
<SP HEIGHT="39" HPOS="1622" VPOS="2363" WIDTH="29" />
<String CONTENT="pockets" HEIGHT="48" HPOS="1652" VPOS="2354" WIDTH="198" />
<SP HEIGHT="29" HPOS="1851" VPOS="2364" WIDTH="31" />
<String CONTENT="at" HEIGHT="38" HPOS="1883" VPOS="2355" WIDTH="51" />
<SP HEIGHT="39" HPOS="1935" VPOS="2355" WIDTH="31" />
<String CONTENT="the" HEIGHT="40" HPOS="1967" VPOS="2354" WIDTH="85" />
<SP HEIGHT="39" HPOS="2053" VPOS="2354" WIDTH="26" />
<String CONTENT="back" HEIGHT="39" HPOS="2080" VPOS="2354" WIDTH="122" />
<SP HEIGHT="40" HPOS="2203" VPOS="2354" WIDTH="30" />
<String CONTENT="of" HEIGHT="40" HPOS="2234" VPOS="2354" WIDTH="53" />
<SP HEIGHT="41" HPOS="2288" VPOS="2354" WIDTH="28" />
<String CONTENT="the" HEIGHT="39" HPOS="2317" VPOS="2356" WIDTH="85" />
</TextLine>
<TextLine HEIGHT="47" HPOS="377" VPOS="2412" WIDTH="1135">
<String CONTENT="volumes" HEIGHT="40" HPOS="377" VPOS="2414" WIDTH="216" />
<SP HEIGHT="29" HPOS="594" VPOS="2424" WIDTH="29" />
<String CONTENT="of" HEIGHT="40" HPOS="624" VPOS="2413" WIDTH="53" />
<SP HEIGHT="39" HPOS="678" VPOS="2413" WIDTH="26" />
<String CONTENT="the" HEIGHT="39" HPOS="705" VPOS="2414" WIDTH="84" />
<SP HEIGHT="30" HPOS="790" VPOS="2423" WIDTH="24" />
<String CONTENT="set" HEIGHT="37" HPOS="815" VPOS="2415" WIDTH="73" />
<SP HEIGHT="37" HPOS="889" VPOS="2415" WIDTH="27" />
<String CONTENT="to" HEIGHT="37" HPOS="917" VPOS="2415" WIDTH="48" />
<SP HEIGHT="30" HPOS="966" VPOS="2423" WIDTH="27" />
<String CONTENT="which" HEIGHT="40" HPOS="994" VPOS="2413" WIDTH="159" />
<SP HEIGHT="40" HPOS="1154" VPOS="2413" WIDTH="29" />
<String CONTENT="they" HEIGHT="46" HPOS="1184" VPOS="2413" WIDTH="114" />
<SP HEIGHT="47" HPOS="1299" VPOS="2412" WIDTH="28" />
<String CONTENT="belong." HEIGHT="47" HPOS="1328" VPOS="2412" WIDTH="184" />
</TextLine>
<TextLine CS="1" HEIGHT="53" HPOS="384" VPOS="2467" WIDTH="2013">
<String CONTENT="&#169;" HEIGHT="53" HPOS="384" VPOS="2467" WIDTH="53" />
<SP HEIGHT="53" HPOS="438" VPOS="2467" WIDTH="26" />
<String CONTENT="Mar." HEIGHT="38" HPOS="465" VPOS="2473" WIDTH="121" />
<SP HEIGHT="40" HPOS="587" VPOS="2471" WIDTH="23" />
<String CONTENT="9," HEIGHT="47" HPOS="611" VPOS="2471" WIDTH="39" />
<SP HEIGHT="46" HPOS="651" VPOS="2472" WIDTH="28" />
<String CONTENT="1936;" CS="1" HEIGHT="41" HPOS="680" VPOS="2469" WIDTH="114" />
<SP HEIGHT="46" HPOS="822" VPOS="2470" WIDTH="27" />
<String CONTENT="2c." HEIGHT="40" HPOS="850" VPOS="2470" WIDTH="67" />
<SP HEIGHT="28" HPOS="918" VPOS="2482" WIDTH="23" />
<String CONTENT="each" HEIGHT="39" HPOS="942" VPOS="2471" WIDTH="124" />
<SP HEIGHT="38" HPOS="1067" VPOS="2471" WIDTH="24" />
<String CONTENT="and" HEIGHT="38" HPOS="1092" VPOS="2471" WIDTH="95" />
<SP HEIGHT="38" HPOS="1188" VPOS="2471" WIDTH="26" />
<String CONTENT="aff." HEIGHT="41" HPOS="1215" VPOS="2469" WIDTH="81" />
<SP HEIGHT="39" HPOS="1297" VPOS="2471" WIDTH="28" />
<String CONTENT="Mar." HEIGHT="39" HPOS="1326" VPOS="2471" WIDTH="121" />
<SP HEIGHT="39" HPOS="1448" VPOS="2471" WIDTH="28" />
<String CONTENT="11;" CS="1" HEIGHT="39" HPOS="1477" VPOS="2469" WIDTH="53" />
<SP HEIGHT="47" HPOS="1559" VPOS="2470" WIDTH="29" />
<String CONTENT="A" HEIGHT="39" HPOS="1589" VPOS="2470" WIDTH="42" />
<SP HEIGHT="41" HPOS="1632" VPOS="2468" WIDTH="23" />
<String CONTENT="92171" HEIGHT="42" HPOS="1656" VPOS="2468" WIDTH="142" />
<SP HEIGHT="41" HPOS="1799" VPOS="2470" WIDTH="18" />
<String CONTENT=":" HEIGHT="31" HPOS="1818" VPOS="2480" WIDTH="9" />
<SP HEIGHT="40" HPOS="1828" VPOS="2471" WIDTH="28" />
<String CONTENT="W." HEIGHT="39" HPOS="1857" VPOS="2471" WIDTH="72" />
<SP HEIGHT="40" HPOS="1930" VPOS="2470" WIDTH="28" />
<String CONTENT="H." HEIGHT="40" HPOS="1959" VPOS="2470" WIDTH="61" />
<SP HEIGHT="40" HPOS="2021" VPOS="2470" WIDTH="26" />
<String CONTENT="Anderson" HEIGHT="39" HPOS="2048" VPOS="2470" WIDTH="255" />
<SP HEIGHT="30" HPOS="2304" VPOS="2481" WIDTH="24" />
<String CONTENT="co." HEIGHT="31" HPOS="2329" VPOS="2480" WIDTH="68" />
</TextLine>
<TextLine HEIGHT="66" HPOS="383" STYLEREFS="StyleId-97B3EA89-75B6-45FF-B696-A889CA70334B-" VPOS="2560" WIDTH="601">
<String CONTENT="Patrick," HEIGHT="66" HPOS="383" VPOS="2560" WIDTH="261" />
<SP HEIGHT="66" HPOS="645" VPOS="2560" WIDTH="27" />
<String CONTENT="Q.," HEIGHT="65" HPOS="673" VPOS="2560" WIDTH="86" />
<SP HEIGHT="47" HPOS="760" VPOS="2579" WIDTH="26" />
<String CONTENT="pseud." HEIGHT="65" HPOS="787" VPOS="2561" WIDTH="197" />
</TextLine>
<TextLine CS="1" HEIGHT="148" HPOS="380" STYLEREFS="StyleId-97B3EA89-75B6-45FF-B696-A889CA70334B-" VPOS="2636" WIDTH="1995">
<String CONTENT="Death" HEIGHT="53" HPOS="454" VPOS="2637" WIDTH="190" />
<SP HEIGHT="68" HPOS="645" VPOS="2637" WIDTH="30" />
<String CONTENT="goes" HEIGHT="51" HPOS="676" VPOS="2654" WIDTH="134" />
<SP HEIGHT="48" HPOS="811" VPOS="2642" WIDTH="27" />
<String CONTENT="to" HEIGHT="48" HPOS="839" VPOS="2642" WIDTH="59" />
<SP HEIGHT="36" HPOS="899" VPOS="2655" WIDTH="29" />
<String CONTENT="school;" CS="1" HEIGHT="55" HPOS="929" VPOS="2636" WIDTH="192" />
<SP HEIGHT="48" HPOS="1149" VPOS="2656" WIDTH="35" />
<String CONTENT="a" HEIGHT="34" HPOS="1185" VPOS="2656" WIDTH="32" />
<SP HEIGHT="35" HPOS="1218" VPOS="2655" WIDTH="27" />
<String CONTENT="mystery" HEIGHT="65" HPOS="1246" VPOS="2641" WIDTH="253" />
<SP HEIGHT="51" HPOS="1500" VPOS="2655" WIDTH="29" />
<String CONTENT="story" HEIGHT="65" HPOS="1530" VPOS="2641" WIDTH="159" />
<SP HEIGHT="68" HPOS="1690" VPOS="2638" WIDTH="24" />
<String CONTENT="by" HEIGHT="68" HPOS="1715" VPOS="2638" WIDTH="76" />
<SP HEIGHT="69" HPOS="1792" VPOS="2637" WIDTH="30" />
<String CONTENT="Q." HEIGHT="65" HPOS="1823" VPOS="2637" WIDTH="69" />
<SP HEIGHT="52" HPOS="1893" VPOS="2639" WIDTH="32" />
<String CONTENT="Patrick." HEIGHT="54" HPOS="1926" VPOS="2638" WIDTH="255" />
<SP HEIGHT="53" HPOS="2182" VPOS="2639" WIDTH="67" />
<String CONTENT="London," HEIGHT="144" HPOS="380" VPOS="2639" WIDTH="1995" />
<SP HEIGHT="67" HPOS="515" VPOS="2716" WIDTH="24" />
<String CONTENT="Toronto" HEIGHT="52" HPOS="540" VPOS="2716" WIDTH="256" />
<SP HEIGHT="46" HPOS="797" VPOS="2734" WIDTH="34" />
<String CONTENT="[etc.]" CS="1" />
<SP HEIGHT="68" HPOS="972" VPOS="2714" WIDTH="35" />
<String CONTENT="Cassell" HEIGHT="56" HPOS="1008" VPOS="2714" WIDTH="214" />
<SP HEIGHT="51" HPOS="1223" VPOS="2717" WIDTH="30" />
<String CONTENT="and" HEIGHT="53" HPOS="1254" VPOS="2716" WIDTH="110" />
<SP HEIGHT="53" HPOS="1365" VPOS="2716" WIDTH="28" />
<String CONTENT="company," HEIGHT="51" HPOS="1394" VPOS="2733" WIDTH="299" />
<SP HEIGHT="68" HPOS="1694" VPOS="2716" WIDTH="23" />
<String CONTENT="ltd." HEIGHT="54" HPOS="1718" VPOS="2716" WIDTH="105" />
<SP HEIGHT="34" HPOS="1824" VPOS="2750" WIDTH="35" />
<String CONTENT="[1936]" CS="1" />
</TextLine>
<TextLine HEIGHT="51" HPOS="454" VPOS="2789" WIDTH="452">
<String CONTENT="314," HEIGHT="48" HPOS="454" VPOS="2790" WIDTH="99" />
<SP HEIGHT="31" HPOS="554" VPOS="2809" WIDTH="37" />
<String CONTENT="[1]" HEIGHT="49" HPOS="592" VPOS="2791" WIDTH="56" />
<SP HEIGHT="39" HPOS="649" VPOS="2801" WIDTH="36" />
<String CONTENT="p." HEIGHT="38" HPOS="686" VPOS="2801" WIDTH="43" />
<SP HEIGHT="40" HPOS="730" VPOS="2790" WIDTH="59" />
<String CONTENT="19cm." HEIGHT="41" HPOS="790" VPOS="2789" WIDTH="116" />
</TextLine>
<TextLine CS="1" HEIGHT="55" HPOS="383" VPOS="2843" WIDTH="2013">
<String CONTENT="&#169;" HEIGHT="53" HPOS="383" VPOS="2843" WIDTH="53" />
<SP />
<String CONTENT="1c." CS="1" />
<SP />
<String CONTENT="Mar." HEIGHT="39" HPOS="551" VPOS="2848" WIDTH="122" />
<SP HEIGHT="40" HPOS="674" VPOS="2847" WIDTH="24" />
<String CONTENT="6," HEIGHT="48" HPOS="699" VPOS="2847" WIDTH="39" />
<SP HEIGHT="47" HPOS="739" VPOS="2848" WIDTH="24" />
<String CONTENT="1936;" CS="1" HEIGHT="41" HPOS="764" VPOS="2846" WIDTH="113" />
<SP HEIGHT="46" HPOS="905" VPOS="2847" WIDTH="25" />
<String CONTENT="A" HEIGHT="39" HPOS="931" VPOS="2847" WIDTH="42" />
<SP HEIGHT="39" HPOS="974" VPOS="2847" WIDTH="21" />
<String CONTENT="ad" HEIGHT="39" HPOS="996" VPOS="2848" WIDTH="64" />
<SP HEIGHT="40" HPOS="1061" VPOS="2847" WIDTH="20" />
<String CONTENT="int." HEIGHT="40" HPOS="1082" VPOS="2847" WIDTH="86" />
<SP HEIGHT="39" HPOS="1169" VPOS="2847" WIDTH="22" />
<String CONTENT="21227;" CS="1" HEIGHT="42" HPOS="1192" VPOS="2846" WIDTH="146" />
<SP HEIGHT="37" HPOS="1366" VPOS="2858" WIDTH="26" />
<String CONTENT="pubd." HEIGHT="47" HPOS="1393" VPOS="2848" WIDTH="142" />
<SP HEIGHT="40" HPOS="1536" VPOS="2848" WIDTH="26" />
<String CONTENT="Jan." HEIGHT="39" HPOS="1563" VPOS="2848" WIDTH="108" />
<SP HEIGHT="40" HPOS="1672" VPOS="2847" WIDTH="23" />
<String CONTENT="9;" CS="1" HEIGHT="40" HPOS="1696" VPOS="2847" WIDTH="27" />
<SP HEIGHT="47" HPOS="1750" VPOS="2849" WIDTH="27" />
<String CONTENT="Richard" HEIGHT="40" HPOS="1778" VPOS="2849" WIDTH="217" />
<SP HEIGHT="41" HPOS="1996" VPOS="2849" WIDTH="24" />
<String CONTENT="Wilson" HEIGHT="42" HPOS="2021" VPOS="2848" WIDTH="188" />
<SP HEIGHT="41" HPOS="2210" VPOS="2849" WIDTH="22" />
<String CONTENT="Webb," HEIGHT="49" HPOS="2233" VPOS="2849" WIDTH="163" />
</TextLine>
<TextLine HEIGHT="48" HPOS="454" VPOS="2905" WIDTH="690">
<String CONTENT="Philadelphia." HEIGHT="48" HPOS="454" VPOS="2905" WIDTH="357" />
<SP HEIGHT="48" HPOS="812" VPOS="2905" WIDTH="79" />
<String CONTENT="(36-8273)" HEIGHT="48" HPOS="892" VPOS="2905" WIDTH="252" />
</TextLine>
<TextLine HEIGHT="72" HPOS="383" STYLEREFS="StyleId-97B3EA89-75B6-45FF-B696-A889CA70334B-" VPOS="2993" WIDTH="1416">
<String CONTENT="Payne," HEIGHT="67" HPOS="383" VPOS="2993" WIDTH="219" />
<SP HEIGHT="64" HPOS="603" VPOS="2996" WIDTH="29" />
<String CONTENT="William" HEIGHT="55" HPOS="633" VPOS="2995" WIDTH="258" />
<SP HEIGHT="52" HPOS="892" VPOS="2996" WIDTH="29" />
<String CONTENT="Howard," HEIGHT="65" HPOS="922" VPOS="2996" WIDTH="277" />
<SP HEIGHT="62" HPOS="1200" VPOS="2999" WIDTH="32" />
<String CONTENT="1909-" HEIGHT="51" HPOS="1233" VPOS="2999" WIDTH="173" />
<SP HEIGHT="35" HPOS="1407" VPOS="3017" WIDTH="211" />
<String CONTENT="comp." HEIGHT="51" HPOS="1619" VPOS="3014" WIDTH="180" />
</TextLine>
<TextLine HEIGHT="73" HPOS="455" STYLEREFS="StyleId-97B3EA89-75B6-45FF-B696-A889CA70334B-" VPOS="3072" WIDTH="1941">
<String CONTENT="Folks" HEIGHT="55" HPOS="455" VPOS="3072" WIDTH="178" />
<SP HEIGHT="35" HPOS="634" VPOS="3092" WIDTH="28" />
<String CONTENT="say" HEIGHT="51" HPOS="663" VPOS="3090" WIDTH="100" />
<SP HEIGHT="51" HPOS="764" VPOS="3090" WIDTH="27" />
<String CONTENT="of" HEIGHT="54" HPOS="792" VPOS="3073" WIDTH="65" />
<SP HEIGHT="55" HPOS="858" VPOS="3073" WIDTH="27" />
<String CONTENT="Will" HEIGHT="55" HPOS="886" VPOS="3073" WIDTH="143" />
<SP HEIGHT="54" HPOS="1030" VPOS="3072" WIDTH="27" />
<String CONTENT="Rogers;" HEIGHT="69" HPOS="1058" VPOS="3072" WIDTH="247" />
<SP HEIGHT="47" HPOS="1306" VPOS="3093" WIDTH="33" />
<String CONTENT="a" HEIGHT="33" HPOS="1340" VPOS="3094" WIDTH="31" />
<SP HEIGHT="34" HPOS="1372" VPOS="3093" WIDTH="30" />
<String CONTENT="memorial" HEIGHT="52" HPOS="1403" VPOS="3075" WIDTH="296" />
<SP HEIGHT="52" HPOS="1700" VPOS="3076" WIDTH="31" />
<String CONTENT="anecdotage;" HEIGHT="69" HPOS="1732" VPOS="3076" WIDTH="374" />
<SP HEIGHT="50" HPOS="2107" VPOS="3095" WIDTH="34" />
<String CONTENT="auspices" HEIGHT="71" HPOS="2142" VPOS="3073" WIDTH="254" />
</TextLine>
<TextLine HEIGHT="72" HPOS="385" STYLEREFS="StyleId-97B3EA89-75B6-45FF-B696-A889CA70334B-" VPOS="3150" WIDTH="2008">
<String CONTENT="the" HEIGHT="55" HPOS="385" VPOS="3151" WIDTH="96" />
<SP HEIGHT="57" HPOS="482" VPOS="3150" WIDTH="42" />
<String CONTENT="Oklahoma" HEIGHT="57" HPOS="525" VPOS="3150" WIDTH="327" />
<SP HEIGHT="35" HPOS="853" VPOS="3170" WIDTH="40" />
<String CONTENT="society" HEIGHT="69" HPOS="894" VPOS="3151" WIDTH="214" />
<SP HEIGHT="51" HPOS="1109" VPOS="3169" WIDTH="40" />
<String CONTENT="of" HEIGHT="55" HPOS="1150" VPOS="3150" WIDTH="66" />
<SP HEIGHT="56" HPOS="1217" VPOS="3150" WIDTH="41" />
<String CONTENT="Washington," HEIGHT="70" HPOS="1259" VPOS="3151" WIDTH="402" />
<SP HEIGHT="66" HPOS="1662" VPOS="3154" WIDTH="43" />
<String CONTENT="D." HEIGHT="52" HPOS="1706" VPOS="3154" WIDTH="70" />
<SP HEIGHT="56" HPOS="1777" VPOS="3152" WIDTH="48" />
<String CONTENT="C.," HEIGHT="69" HPOS="1826" VPOS="3152" WIDTH="82" />
<SP HEIGHT="48" HPOS="1909" VPOS="3173" WIDTH="42" />
<String CONTENT="compiled" HEIGHT="68" HPOS="1952" VPOS="3154" WIDTH="283" />
<SP HEIGHT="52" HPOS="2236" VPOS="3155" WIDTH="45" />
<String CONTENT="and" HEIGHT="51" HPOS="2282" VPOS="3155" WIDTH="111" />
</TextLine>
<TextLine CS="1" HEIGHT="149" HPOS="385" STYLEREFS="StyleId-97B3EA89-75B6-45FF-B696-A889CA70334B-" VPOS="3227" WIDTH="2009">
<String CONTENT="edited" HEIGHT="54" HPOS="385" VPOS="3230" WIDTH="192" />
<SP HEIGHT="54" HPOS="578" VPOS="3230" WIDTH="20" />
<String CONTENT="by" HEIGHT="68" HPOS="599" VPOS="3230" WIDTH="78" />
<SP HEIGHT="69" HPOS="678" VPOS="3229" WIDTH="21" />
<String CONTENT="William" HEIGHT="57" HPOS="700" VPOS="3227" WIDTH="263" />
<SP HEIGHT="54" HPOS="964" VPOS="3229" WIDTH="22" />
<String CONTENT="Howard" HEIGHT="55" HPOS="987" VPOS="3229" WIDTH="259" />
<SP HEIGHT="54" HPOS="1247" VPOS="3230" WIDTH="26" />
<String CONTENT="Payne" HEIGHT="67" HPOS="1274" VPOS="3231" WIDTH="196" />
<SP HEIGHT="35" HPOS="1471" VPOS="3250" WIDTH="24" />
<String CONTENT="and" HEIGHT="52" HPOS="1496" VPOS="3232" WIDTH="113" />
<SP HEIGHT="55" HPOS="1610" VPOS="3231" WIDTH="25" />
<String CONTENT="Jake" HEIGHT="55" HPOS="1636" VPOS="3231" WIDTH="147" />
<SP HEIGHT="56" HPOS="1784" VPOS="3230" WIDTH="25" />
<String CONTENT="G." HEIGHT="56" HPOS="1810" VPOS="3230" WIDTH="68" />
<SP HEIGHT="52" HPOS="1879" VPOS="3232" WIDTH="26" />
<String CONTENT="Lyons;" HEIGHT="68" HPOS="1906" VPOS="3232" WIDTH="222" />
<SP HEIGHT="69" HPOS="2129" VPOS="3231" WIDTH="29" />
<String CONTENT="frontispiece" HEIGHT="145" HPOS="389" VPOS="3231" WIDTH="1981" />
<SP HEIGHT="53" HPOS="543" VPOS="3308" WIDTH="35" />
<String CONTENT="by" HEIGHT="68" HPOS="579" VPOS="3308" WIDTH="75" />
<SP HEIGHT="68" HPOS="655" VPOS="3308" WIDTH="41" />
<String CONTENT="Herndon" HEIGHT="54" HPOS="697" VPOS="3308" WIDTH="283" />
<SP HEIGHT="53" HPOS="981" VPOS="3308" WIDTH="39" />
<String CONTENT="Davis." HEIGHT="54" HPOS="1021" VPOS="3308" WIDTH="198" />
<SP HEIGHT="54" HPOS="1220" VPOS="3309" WIDTH="74" />
<String CONTENT="New" HEIGHT="54" HPOS="1295" VPOS="3309" WIDTH="140" />
<SP HEIGHT="53" HPOS="1436" VPOS="3309" WIDTH="42" />
<String CONTENT="York," HEIGHT="66" HPOS="1479" VPOS="3309" WIDTH="181" />
<SP HEIGHT="67" HPOS="1661" VPOS="3308" WIDTH="39" />
<String CONTENT="G." HEIGHT="56" HPOS="1701" LANG="fr" VPOS="3308" WIDTH="67" />
<SP HEIGHT="53" HPOS="1769" VPOS="3310" WIDTH="45" />
<String CONTENT="P." HEIGHT="53" HPOS="1815" VPOS="3310" WIDTH="66" />
<SP HEIGHT="52" HPOS="1882" VPOS="3311" WIDTH="43" />
<String CONTENT="Putnam&#8217;s" HEIGHT="53" HPOS="1926" VPOS="3310" WIDTH="301" />
<SP HEIGHT="34" HPOS="2228" VPOS="3329" WIDTH="37" />
<String CONTENT="sons" HEIGHT="34" HPOS="2266" VPOS="3329" WIDTH="128" />
</TextLine>
<TextLine HEIGHT="65" HPOS="387" STYLEREFS="StyleId-97B3EA89-75B6-45FF-B696-A889CA70334B-" VPOS="3389" WIDTH="193">
<String CONTENT="[c1936]" HEIGHT="65" HPOS="387" VPOS="3389" WIDTH="193" />
</TextLine>
<TextLine CS="1" HEIGHT="51" HPOS="517" VPOS="3458" WIDTH="933">
<String CONTENT="xv," CS="1" HEIGHT="15" HPOS="517" VPOS="3492" WIDTH="9" />
<SP HEIGHT="47" HPOS="527" VPOS="3460" WIDTH="30" />
<String CONTENT="224" HEIGHT="40" HPOS="558" VPOS="3459" WIDTH="86" />
<SP HEIGHT="48" HPOS="645" VPOS="3460" WIDTH="28" />
<String CONTENT="p." HEIGHT="38" HPOS="674" VPOS="3470" WIDTH="42" />
<SP HEIGHT="40" HPOS="717" VPOS="3458" WIDTH="28" />
<String CONTENT="incl." HEIGHT="43" HPOS="746" VPOS="3458" WIDTH="109" />
<SP HEIGHT="40" HPOS="856" VPOS="3459" WIDTH="30" />
<String CONTENT="front." CS="1" />
<SP HEIGHT="49" HPOS="1036" VPOS="3459" WIDTH="28" />
<String CONTENT="(port.)" HEIGHT="50" HPOS="1065" VPOS="3459" WIDTH="173" />
<SP HEIGHT="49" HPOS="1239" VPOS="3459" WIDTH="64" />
<String CONTENT="19&#189;cm." CS="1" HEIGHT="42" HPOS="1304" VPOS="3458" WIDTH="146" />
</TextLine>
<TextLine HEIGHT="55" HPOS="384" VPOS="3512" WIDTH="2013">
<String CONTENT="&#169;" HEIGHT="55" HPOS="384" VPOS="3512" WIDTH="53" />
<SP HEIGHT="55" HPOS="438" VPOS="3512" WIDTH="27" />
<String CONTENT="Mar." HEIGHT="40" HPOS="466" VPOS="3518" WIDTH="121" />
<SP HEIGHT="42" HPOS="588" VPOS="3516" WIDTH="28" />
<String CONTENT="27," HEIGHT="48" HPOS="617" VPOS="3516" WIDTH="70" />
<SP HEIGHT="46" HPOS="688" VPOS="3518" WIDTH="29" />
<String CONTENT="1936;" HEIGHT="48" HPOS="718" VPOS="3517" WIDTH="140" />
<SP HEIGHT="48" HPOS="859" VPOS="3517" WIDTH="30" />
<String CONTENT="2c." HEIGHT="41" HPOS="890" VPOS="3517" WIDTH="68" />
<SP HEIGHT="40" HPOS="959" VPOS="3518" WIDTH="29" />
<String CONTENT="Mar." HEIGHT="40" HPOS="989" VPOS="3518" WIDTH="122" />
<SP HEIGHT="40" HPOS="1112" VPOS="3518" WIDTH="25" />
<String CONTENT="30;" HEIGHT="48" HPOS="1138" VPOS="3517" WIDTH="84" />
<SP HEIGHT="38" HPOS="1223" VPOS="3527" WIDTH="31" />
<String CONTENT="aff." HEIGHT="41" HPOS="1255" VPOS="3516" WIDTH="82" />
<SP HEIGHT="38" HPOS="1338" VPOS="3518" WIDTH="31" />
<String CONTENT="Mar." HEIGHT="41" HPOS="1370" VPOS="3518" WIDTH="121" />
<SP HEIGHT="43" HPOS="1492" VPOS="3516" WIDTH="27" />
<String CONTENT="28;" HEIGHT="50" HPOS="1520" VPOS="3516" WIDTH="82" />
<SP HEIGHT="47" HPOS="1603" VPOS="3519" WIDTH="31" />
<String CONTENT="A" HEIGHT="39" HPOS="1635" VPOS="3519" WIDTH="40" />
<SP HEIGHT="42" HPOS="1676" VPOS="3516" WIDTH="27" />
<String CONTENT="93551;" HEIGHT="44" HPOS="1704" VPOS="3516" WIDTH="172" />
<SP HEIGHT="41" HPOS="1877" VPOS="3519" WIDTH="31" />
<String CONTENT="W." HEIGHT="42" HPOS="1909" LANG="fr" VPOS="3519" WIDTH="72" />
<SP HEIGHT="43" HPOS="1982" VPOS="3518" WIDTH="30" />
<String CONTENT="H." HEIGHT="41" HPOS="2013" VPOS="3518" WIDTH="60" />
<SP HEIGHT="41" HPOS="2074" VPOS="3518" WIDTH="31" />
<String CONTENT="Payne" HEIGHT="47" HPOS="2106" VPOS="3518" WIDTH="163" />
<SP HEIGHT="31" HPOS="2270" VPOS="3528" WIDTH="28" />
<String CONTENT="and" HEIGHT="41" HPOS="2299" VPOS="3518" WIDTH="98" />
</TextLine>
<TextLine CS="1" HEIGHT="51" HPOS="453" VPOS="3575" WIDTH="1078">
<String CONTENT="Jake" HEIGHT="40" HPOS="453" VPOS="3576" WIDTH="126" />
<SP HEIGHT="40" HPOS="580" VPOS="3576" WIDTH="20" />
<String CONTENT="G." HEIGHT="41" HPOS="601" VPOS="3576" WIDTH="52" />
<SP HEIGHT="41" HPOS="654" VPOS="3576" WIDTH="25" />
<String CONTENT="Lyons," HEIGHT="48" HPOS="680" VPOS="3576" WIDTH="173" />
<SP HEIGHT="47" HPOS="854" VPOS="3577" WIDTH="24" />
<String CONTENT="Washington." HEIGHT="48" HPOS="879" VPOS="3575" WIDTH="337" />
<SP HEIGHT="47" HPOS="1217" VPOS="3575" WIDTH="61" />
<String CONTENT="(36-8284)" CS="1" HEIGHT="51" HPOS="1279" VPOS="3575" WIDTH="252" />
</TextLine>
<TextLine HEIGHT="66" HPOS="383" STYLEREFS="StyleId-97B3EA89-75B6-45FF-B696-A889CA70334B-" VPOS="3664" WIDTH="1280">
<String CONTENT="Planck," HEIGHT="63" HPOS="383" VPOS="3664" WIDTH="236" />
<SP HEIGHT="61" HPOS="620" VPOS="3666" WIDTH="23" />
<String CONTENT="Max" HEIGHT="52" HPOS="644" VPOS="3666" WIDTH="140" />
<SP HEIGHT="52" HPOS="785" VPOS="3666" WIDTH="26" />
<String CONTENT="Karl" HEIGHT="52" HPOS="812" VPOS="3666" WIDTH="144" />
<SP HEIGHT="52" HPOS="957" VPOS="3666" WIDTH="25" />
<String CONTENT="Ernst" HEIGHT="52" HPOS="983" VPOS="3667" WIDTH="185" />
<SP HEIGHT="53" HPOS="1169" VPOS="3666" WIDTH="26" />
<String CONTENT="Ludwig," HEIGHT="65" HPOS="1196" VPOS="3665" WIDTH="265" />
<SP HEIGHT="57" HPOS="1462" VPOS="3673" WIDTH="28" />
<String CONTENT="1858-" HEIGHT="50" HPOS="1491" VPOS="3672" WIDTH="172" />
</TextLine>
<TextLine CS="1" HEIGHT="227" HPOS="382" STYLEREFS="StyleId-97B3EA89-75B6-45FF-B696-A889CA70334B-" VPOS="3741" WIDTH="1986">
<String CONTENT="The" HEIGHT="52" HPOS="456" VPOS="3741" WIDTH="122" />
<SP HEIGHT="49" HPOS="579" VPOS="3759" WIDTH="38" />
<String CONTENT="philosophy" HEIGHT="69" HPOS="618" VPOS="3742" WIDTH="349" />
<SP HEIGHT="50" HPOS="968" VPOS="3761" WIDTH="36" />
<String CONTENT="of" HEIGHT="52" HPOS="1005" VPOS="3743" WIDTH="64" />
<SP HEIGHT="67" HPOS="1070" VPOS="3743" WIDTH="38" />
<String CONTENT="physics," HEIGHT="69" HPOS="1109" VPOS="3743" WIDTH="247" />
<SP HEIGHT="69" HPOS="1357" VPOS="3743" WIDTH="39" />
<String CONTENT="by" HEIGHT="69" HPOS="1397" VPOS="3743" WIDTH="76" />
<SP HEIGHT="67" HPOS="1474" VPOS="3745" WIDTH="37" />
<String CONTENT="Dr." HEIGHT="52" HPOS="1512" VPOS="3745" WIDTH="102" />
<SP HEIGHT="52" HPOS="1615" VPOS="3745" WIDTH="43" />
<String CONTENT="Max" HEIGHT="52" HPOS="1659" VPOS="3745" WIDTH="138" />
<SP HEIGHT="52" HPOS="1798" VPOS="3746" WIDTH="39" />
<String CONTENT="Planck" HEIGHT="53" HPOS="1838" VPOS="3745" WIDTH="223" />
<SP />
<String CONTENT="&#8230;" CS="1" />
<SP HEIGHT="48" HPOS="2164" VPOS="3751" WIDTH="44" />
<String CONTENT="translated" HEIGHT="123" HPOS="384" VPOS="3751" WIDTH="1984" />
<SP HEIGHT="54" HPOS="536" VPOS="3820" WIDTH="29" />
<String CONTENT="by" HEIGHT="67" HPOS="566" VPOS="3820" WIDTH="75" />
<SP HEIGHT="66" HPOS="642" VPOS="3821" WIDTH="28" />
<String CONTENT="W." HEIGHT="54" HPOS="671" LANG="fr" VPOS="3821" WIDTH="90" />
<SP HEIGHT="53" HPOS="762" VPOS="3821" WIDTH="31" />
<String CONTENT="H." HEIGHT="54" HPOS="794" VPOS="3821" WIDTH="77" />
<SP HEIGHT="54" HPOS="872" VPOS="3822" WIDTH="33" />
<String CONTENT="Johnston." HEIGHT="55" HPOS="906" VPOS="3821" WIDTH="304" />
<SP HEIGHT="53" HPOS="1211" VPOS="3822" WIDTH="74" />
<String CONTENT="New" HEIGHT="53" HPOS="1286" VPOS="3822" WIDTH="138" />
<SP HEIGHT="52" HPOS="1425" VPOS="3823" WIDTH="30" />
<String CONTENT="York," HEIGHT="68" HPOS="1456" VPOS="3822" WIDTH="179" />
<SP HEIGHT="67" HPOS="1636" VPOS="3823" WIDTH="29" />
<String CONTENT="W." HEIGHT="54" HPOS="1666" LANG="fr" VPOS="3823" WIDTH="90" />
<SP HEIGHT="55" HPOS="1757" VPOS="3823" WIDTH="32" />
<String CONTENT="W." HEIGHT="55" HPOS="1790" VPOS="3823" WIDTH="90" />
<SP HEIGHT="54" HPOS="1881" VPOS="3823" WIDTH="32" />
<String CONTENT="Norton" HEIGHT="54" HPOS="1914" VPOS="3823" WIDTH="224" />
<SP HEIGHT="50" HPOS="2139" VPOS="3826" WIDTH="28" />
<String CONTENT="&amp;" HEIGHT="50" HPOS="2168" VPOS="3826" WIDTH="46" />
<SP HEIGHT="50" HPOS="2215" VPOS="3826" WIDTH="28" />
<String CONTENT="company," HEIGHT="125" HPOS="382" VPOS="3841" WIDTH="1983" />
<SP HEIGHT="68" HPOS="553" VPOS="3898" WIDTH="27" />
<String CONTENT="inc." HEIGHT="54" HPOS="581" VPOS="3898" WIDTH="108" />
<SP HEIGHT="33" HPOS="690" VPOS="3933" WIDTH="34" />
<String CONTENT="[c1936]" HEIGHT="66" HPOS="725" VPOS="3902" WIDTH="193" />
</TextLine>
<TextLine HEIGHT="48" HPOS="455" VPOS="3971" WIDTH="341">
<String CONTENT="128" HEIGHT="41" HPOS="455" VPOS="3971" WIDTH="89" />
<SP HEIGHT="48" HPOS="545" VPOS="3971" WIDTH="27" />
<String CONTENT="p." HEIGHT="38" HPOS="573" VPOS="3981" WIDTH="43" />
<SP HEIGHT="39" HPOS="617" VPOS="3971" WIDTH="60" />
<String CONTENT="22cm." HEIGHT="41" HPOS="678" VPOS="3971" WIDTH="118" />
</TextLine>
<TextLine HEIGHT="43" HPOS="457" VPOS="4027" WIDTH="426">
<String CONTENT="&#8220;First" HEIGHT="41" HPOS="457" VPOS="4027" WIDTH="164" />
<SP HEIGHT="40" HPOS="622" VPOS="4029" WIDTH="30" />
<String CONTENT="edition.&#8221;" HEIGHT="43" HPOS="653" VPOS="4027" WIDTH="230" />
</TextLine>
<TextLine CS="1" HEIGHT="55" HPOS="382" VPOS="4080" WIDTH="2008">
<String CONTENT="&#169;" HEIGHT="54" HPOS="382" VPOS="4080" WIDTH="52" />
<SP HEIGHT="54" HPOS="435" VPOS="4080" WIDTH="26" />
<String CONTENT="Mar." HEIGHT="40" HPOS="462" VPOS="4086" WIDTH="121" />
<SP HEIGHT="40" HPOS="584" VPOS="4086" WIDTH="27" />
<String CONTENT="5," HEIGHT="47" HPOS="612" VPOS="4086" WIDTH="39" />
<SP HEIGHT="47" HPOS="652" VPOS="4086" WIDTH="26" />
<String CONTENT="1936;" CS="1" HEIGHT="41" HPOS="679" VPOS="4085" WIDTH="117" />
<SP HEIGHT="47" HPOS="822" VPOS="4086" WIDTH="26" />
<String CONTENT="2c." HEIGHT="41" HPOS="849" VPOS="4086" WIDTH="67" />
<SP HEIGHT="29" HPOS="917" VPOS="4097" WIDTH="27" />
<String CONTENT="and" HEIGHT="40" HPOS="945" VPOS="4087" WIDTH="96" />
<SP HEIGHT="40" HPOS="1042" VPOS="4087" WIDTH="25" />
<String CONTENT="aff." HEIGHT="42" HPOS="1068" VPOS="4086" WIDTH="82" />
<SP HEIGHT="40" HPOS="1151" VPOS="4088" WIDTH="28" />
<String CONTENT="Mar." HEIGHT="40" HPOS="1180" VPOS="4088" WIDTH="121" />
<SP HEIGHT="40" HPOS="1302" VPOS="4088" WIDTH="26" />
<String CONTENT="12;" HEIGHT="48" HPOS="1329" VPOS="4086" WIDTH="82" />
<SP HEIGHT="46" HPOS="1412" VPOS="4088" WIDTH="28" />
<String CONTENT="A" HEIGHT="38" HPOS="1441" VPOS="4088" WIDTH="40" />
<SP HEIGHT="40" HPOS="1482" VPOS="4086" WIDTH="24" />
<String CONTENT="92240;" HEIGHT="48" HPOS="1507" VPOS="4086" WIDTH="172" />
<SP HEIGHT="46" HPOS="1680" VPOS="4088" WIDTH="29" />
<String CONTENT="W." HEIGHT="40" HPOS="1710" LANG="fr" VPOS="4088" WIDTH="70" />
<SP HEIGHT="40" HPOS="1781" VPOS="4088" WIDTH="28" />
<String CONTENT="W." HEIGHT="40" HPOS="1810" VPOS="4088" WIDTH="71" />
<SP HEIGHT="40" HPOS="1882" VPOS="4088" WIDTH="28" />
<String CONTENT="Norton" HEIGHT="40" HPOS="1911" VPOS="4088" WIDTH="185" />
<SP HEIGHT="40" HPOS="2097" VPOS="4088" WIDTH="29" />
<String CONTENT="&amp;" HEIGHT="40" HPOS="2127" VPOS="4088" WIDTH="36" />
<SP HEIGHT="40" HPOS="2164" VPOS="4088" WIDTH="24" />
<String CONTENT="co.," HEIGHT="38" HPOS="2189" VPOS="4097" WIDTH="83" />
<SP HEIGHT="48" HPOS="2273" VPOS="4087" WIDTH="25" />
<String CONTENT="inc." HEIGHT="41" HPOS="2299" VPOS="4087" WIDTH="91" />
</TextLine>
<TextLine HEIGHT="50" HPOS="464" VPOS="4142" WIDTH="253">
<String CONTENT="(36-8178)" HEIGHT="50" HPOS="464" VPOS="4142" WIDTH="253" />
</TextLine>
</TextBlock>
</PrintSpace>
</Page>
</Layout>
</alto>