2519 4377
1012 4110 133 45 2055

91 459 236 64 Newell,
359 459 251 52 Edward
638 458 320 63 Theodore,
992 461 169 50 1886-

159 535 120 54 The
312 533 228 57 Seleuid
602 533 33 66 [!]
670 532 261 69 coinages
961 531 64 54 of
1055 532 168 68 Tyre,
1254 549 30 33 a
1317 528 377 69 supplement,
1723 527 75 70 by
1830 525 256 55 Edward

89 613 65 52 T.
178 612 230 54 Newell.
467 611 137 52 New
629 610 179 67 York,
828 611 120 52 The
970 609 304 52 American
1298 604 363 56 numismatic
1681 604 228 69 society,
1933 606 151 51 1936.

162 677 1923 56 2 p. l., 34 p., 1 l. V pl. 17cm. (Half-title: Numismatic notes and
91 742 334 47 monographs.
503 750 74 34 [no.
606 738 98 50 73])

93 809 53 54 ©
176 813 102 41 Oct.
306 812 69 43 16.
405 811 139 42 1936;
572 813 66 39 2c.
672 812 107 38 Dec.
809 811 47 37 21;
923 810 81 39 aff.
1036 811 110 40 Dec.
1248 820 8 30 18;
1289 808 39 38 A
1358 805 112 41 100988;
1588 808 157 38 Amer.
1776 804 315 41 numismatic

163 878 91 31 soc.
319 867 251 48 (37-1722)

91 971 349 63 Nicolaides,
470 971 298 65 Nicholas,
802 976 168 50 1888-

158 1049 81 52 At
259 1049 95 54 the
376 1050 165 52 dawn
567 1048 63 55 of
651 1051 96 51 the
768 1047 356 55 millennium;
1182 1071 30 32 a
1234 1047 271 55 scientific
1531 1047 111 53 and
1670 1044 417 70 philosophical

90 1125 227 54 treatise
349 1125 93 52 for
472 1127 94 52 the
599 1128 407 52 advancement
1038 1126 62 55 of
1131 1127 332 66 knowledge
1496 1125 111 53 and
1639 1125 96 52 the
1764 1123 324 69 promotion

92 1204 63 54 of
204 1205 178 52 world
434 1223 183 49 peace,
666 1205 75 67 by
791 1205 269 53 Nicholas
1112 1204 338 53 Nicolaides.
1529 1203 116 56 San
1694 1202 202 67 Diego,
1949 1202 140 65 Cal.,

93 1283 134 69 City
260 1284 262 68 printing
550 1302 79 36 co.
665 1287 192 65 [c1936]

162 1357 97 43 113,
293 1358 55 50 [1]
380 1368 43 37 p.
452 1356 107 41 incl.
590 1358 153 47 diagr.
804 1357 147 41 21½cm.

94 1423 54 53 ©
187 1428 111 39 Dec.
338 1426 38 43 5.
418 1426 140 47 1936;
599 1427 68 39 2c.
708 1427 93 38 and
842 1426 83 41 aff.
969 1428 109 37 Dec.
1119 1425 78 42 10;
1245 1426 37 38 A
1324 1423 199 48 100886;
1568 1424 56 41 N.
1665 1421 292 48 Nicolaides,
2000 1422 92 39 Los

165 1483 217 43 Angeles.
451 1482 253 48 (37-1645)

94 1586 332 63 O’Donnell,
458 1586 244 54 Francis
733 1587 205 64 Henry
967 1586 418 66 Etherington,
1419 1590 169 52 1862-

163 1660 124 57 Our
318 1662 259 69 religion,
607 1663 76 68 by
712 1663 238 53 Francis
983 1663 76 52 H.
1093 1663 66 53 E.
1194 1663 113 53 and
1338 1662 273 53 Florence
1644 1662 72 52 D.
1750 1659 339 57 O’Donnell.

94 1737 117 56 San
237 1740 322 56 Francisco,
589 1739 195 69 Calif.,
812 1739 251 69 Phillips
1090 1741 110 52 and
1230 1740 130 54 Van
1388 1739 195 56 Orden
1610 1756 299 51 company,
1938 1740 150 50 1936.

163 1812 58 40 32
245 1823 43 38 p.
350 1812 145 42 15½cm.

95 1880 53 53 ©
185 1885 127 47 Sept.
345 1882 69 47 21,
451 1883 140 47 1936;
627 1884 68 39 2c.
732 1883 94 40 and
858 1884 82 41 aff.
978 1884 127 47 Sept.
1140 1883 83 47 25;
1261 1884 37 38 A
1333 1881 171 49 99149;
1542 1883 50 38 F.
1628 1884 61 39 H.
1725 1884 53 39 E.
1814 1881 280 50 O’Donnell,

167 1940 236 47 Oakland,
434 1939 144 43 Calif.
645 1939 252 49 (37-1968)

94 2042 381 66 Oppenheim,
503 2044 252 53 Edward
783 2042 264 66 Phillips,
1076 2049 169 50 1866-

266 2117 1815 72 … Millionnaires malgré tout (The inevitable millionaires)
92 2196 246 54 Traduit
396 2216 105 50 par
557 2198 222 52 Jeanne
835 2196 603 71 Fournier-Pargoire.
1538 2196 204 69 [Paris]
1806 2196 286 53 Hachette

99 2278 172 66 [1936]

165 2347 84 42 253
273 2359 58 38 p.,
360 2349 24 39 1
431 2379 8 9 l.
498 2349 115 41 19cm.
681 2349 96 48 (On
805 2359 163 31 cover:
997 2349 118 41 “Les
1144 2349 245 40 meilleurs
1420 2358 193 31 romans
1640 2347 305 50 étrangers”)

163 2406 64 40 At
253 2405 122 41 head
405 2406 51 39 of
481 2405 106 41 title
605 2416 9 28 :
642 2405 53 41 E.
723 2405 208 49 Phillips
955 2404 310 50 Oppenheim.

96 2459 53 53 ©
176 2463 126 47 Sept.
326 2462 69 42 24.
421 2462 139 42 1936;
588 2464 64 39 1c.
682 2464 109 40 Dec.
816 2463 52 42 7;
897 2462 309 46 A-Foreign
1229 2460 171 49 33760;
1430 2461 243 42 Librairie
1697 2463 256 40 Hachette.

179 2518 251 49 (37-1555)

95 2623 436 63 Pennsylvania
557 2627 187 48 water
772 2623 50 53 &
850 2639 193 48 power
1071 2639 305 48 company.

163 2700 96 52 Ice
301 2700 110 52 and
456 2699 194 68 floods,
693 2700 307 54 Holtwood
1046 2701 111 52 and
1203 2699 138 56 Safe
1384 2700 249 68 Harbor,
1674 2701 222 67 March,
1940 2703 151 50 1936.

99 2777 352 67 [Baltimore]
487 2778 422 67 Pennsylvania
942 2783 176 48 water
1148 2781 45 49 &
1223 2796 188 50 power
1442 2796 298 50 company,
1772 2778 138 56 Safe
93 2779 1975 129 Harbor
222 2860 174 49 water
425 2874 190 50 power
644 2857 364 68 corporation
1040 2859 191 65 [c1936]

163 2929 1284 50 3 p. l. , 9-157 p. incl. front., illus., ports. 28½cm.
165 2985 335 42 Illustrations
529 2998 59 30 on
619 2989 97 47 t.-p.
748 2989 95 38 and
873 2986 363 50 lining-papers.

167 3043 260 42 Published
453 3043 78 42 for
560 3045 81 41 the
670 3046 269 46 employees
968 3045 53 40 of
1045 3046 81 39 the
1155 3044 358 48 Pennsylvania
1539 3047 153 40 water
1720 3045 37 40 &
1784 3057 160 37 power
95 3057 1979 91 company
251 3101 95 39 and
379 3100 114 42 Safe
522 3102 195 41 Harbor
748 3104 151 39 water
927 3112 161 38 power
1116 3101 308 49 corporation
1453 3112 55 30 as
1536 3112 29 30 a
1595 3102 144 40 token
1770 3102 52 42 of
97 3104 1978 94 appreciation
237 3157 52 40 of
325 3158 128 41 their
492 3158 308 49 cooperation
842 3159 178 49 during
1056 3159 81 41 the
1176 3159 70 41 ice
1287 3169 117 30 runs
1442 3160 94 39 and
1578 3158 150 42 floods
1767 3160 50 40 of
1857 3159 129 42 1936.
2054 3162 36 38 A

97 3213 178 50 replica
314 3214 52 41 of
399 3225 27 30 a
462 3215 174 42 bronze
674 3216 153 41 tablet
863 3217 48 38 in
950 3216 296 49 recognition
1284 3216 51 41 of
1370 3217 136 40 these
1543 3216 209 42 services
1790 3227 207 39 appears
2034 3230 58 30 on

94 3272 82 41 the
210 3282 152 31 cover.

99 3324 53 53 ©
181 3328 99 41 Oct.
307 3327 69 48 20,
404 3327 140 42 1936;
570 3329 66 40 2c.
667 3329 101 41 Oct.
795 3328 47 39 21;
906 3329 82 40 aff.
1017 3329 99 41 Oct.
1145 3328 82 41 28;
1257 3329 38 38 A
1324 3327 199 49 100245;
1554 3330 355 47 Pennsylvania
1942 3332 152 39 water

169 3384 35 40 &
231 3394 161 37 power
420 3395 65 28 co.
518 3385 91 38 and
643 3385 116 39 Safe
788 3385 194 40 Harbor
1010 3387 151 36 water
1190 3395 161 37 power
1381 3395 126 39 corp.

179 3439 249 49 (37-1698)

97 3543 299 66 Petersen,
428 3547 182 53 Hans.

168 3621 312 53 Grundriss
514 3624 99 51 der
643 3625 301 65 histologie
979 3625 114 51 und
1128 3624 519 69 mikroskopischen
1683 3627 279 53 anatomie
1997 3628 95 53 des

98 3700 321 52 menschen:
461 3701 244 67 biologie
745 3703 98 52 der
882 3702 520 67 mikroskopischen
1443 3705 498 68 grössenordnung
1983 3725 105 35 vor

98 3776 162 52 Hans
307 3780 280 51 Petersen.
668 3781 104 51 Mit
822 3780 383 66 abbildungen
1255 3781 115 52 und
1419 3780 154 54 einer
1618 3781 266 68 farbigen
1929 3784 160 53 tafel.

100 3854 212 53 Berlin.
340 3857 54 51 J.
426 3854 279 68 Springer
759 3862 149 62 [1936]

169 3925 25 39 1
256 3958 9 9 v.

101 3975 1847 59 © Oct. 13, 1936: 1c. Dec. 15; A -Foreign 33887 : Julius Springer.
