2519 4377
1285 4104 102 54 742

396 503 171 48 xxviii,
596 504 87 40 369
711 516 43 37 p.
811 506 119 41 fold,
962 508 111 49 tab.,
1102 507 117 41 fold,
1250 507 155 49 diagr.
1461 508 58 40 23½cm.

327 556 52 53 ©
415 562 114 47 May
563 561 71 48 25,
671 561 141 48 1936;
849 563 67 40 2c.
954 565 114 47 May
1102 564 83 46 26;
1224 564 81 40 aff.
1343 565 129 40 June
1505 566 82 45 17;
1625 566 40 38 A
1701 565 172 48 94652;
1913 565 253 42 Columbia
2205 568 130 40 univ.

396 628 150 37 press.
612 618 285 49 [Copyright
926 620 43 40 is
1001 620 205 40 claimed
1240 631 60 30 on
1334 620 332 41 introduction
1696 623 62 47 by
1792 622 160 48 Ralph
1986 623 191 47 Robey;
396 624 1925 91 foreword
558 675 60 47 by
647 675 233 41 Nicholas
909 678 203 46 Murray
1143 678 200 46 Butler;
1375 678 146 39 index
1551 679 61 48 by
1642 680 141 47 Mary
1813 680 167 48 Irwin]

325 764 198 66 Greig,
548 766 250 67 Maysie,
825 772 173 51 1902-

394 841 1942 75 Touching the clouds [by] Maysie Greig. Garden City, N. Y.,
323 920 360 71 Doubleday,
711 921 200 54 Doran
939 922 114 55 and
1082 941 99 51 co.,
1207 922 127 69 inc.,
1364 925 150 53 1936.

395 994 415 50 4 p. l., 292 p. 19½cm.
397 1051 163 42 “First
590 1053 229 40 edition.”

327 1106 54 54 ©
410 1111 127 42 June
566 1114 40 44 5,
636 1111 141 48 1936;
810 1111 67 42 2c.
908 1113 95 39 and
1036 1112 82 41 aff.
1149 1113 131 40 June
1307 1113 82 42 18;
1421 1113 40 39 A
1492 1112 171 47 95729;
1695 1114 62 40 M.
1791 1114 159 47 Greig,
1984 1115 212 40 London.

409 1168 283 49 (36-12311)

326 1258 244 64 Groves,
597 1261 139 52 Mrs.
768 1259 226 64 Gladys
1022 1259 373 66 (Hoagland)

396 1336 122 53 The
551 1336 252 54 married
838 1355 251 49 woman;
1128 1356 32 34 a
1193 1338 277 67 practical
1504 1337 174 68 guide
1711 1342 60 50 to
1804 1339 200 68 happy
2037 1339 304 68 marriage,

329 1414 2011 70 by Gladys H. Groves and Bobert A. Boss … New York,
325 1492 362 69 Greenberg [c1936]
395 1564 69 49 ix,
484 1563 87 43 278
596 1574 45 40 p.
701 1565 119 44 21cm.

330 1620 54 54 ©
418 1626 122 42 Mar.
578 1626 68 47 18,
685 1624 141 49 1936;
860 1625 68 41 2c.
965 1626 115 48 Apr.
1116 1626 53 42 6;
1208 1625 83 42 aff.
1328 1627 122 39 Mar.
1487 1626 84 42 23;
1611 1627 40 39 A
1687 1626 172 48 92780;
1900 1626 289 48 Greenberg,
399 1628 1925 101 publisher,
591 1683 92 40 inc.
750 1682 281 48 (36-12361)

327 1769 334 55 Handbuch
695 1772 100 53 der
832 1771 458 55 arbeitstechnik.
1404 1772 69 53 hft.
1508 1776 47 49 3.
1593 1770 410 70 Erdarbeiten;
2040 1774 154 67 hrsg.

2230 1789 110 35 von

399 1850 99 52 der
541 1850 434 68 Beichsleitung
1017 1851 97 52 des
1157 1849 476 69 arbeitsdienstes,
1677 1852 142 51 Amt
1862 1852 99 52 für

397 1850 1919 146 arbeitsplanung
587 1930 118 51 und
739 1928 562 69 arbeitsausbildung
1333 1930 117 52 und
1480 1930 128 52 dem
1641 1929 570 54 Beichskuratorium
2243 1928 99 55 für

400 2006 582 54 Wirtschaftlichkeit.
1057 2006 243 70 Leipzig
1356 2008 118 52 und
1534 2007 217 68 Berlin,
1809 2011 66 51 B.
1935 2009 71 54 G.
2063 2008 279 68 Teubner,

402 2089 150 50 1935.

402 2158 823 50 vi, 183, [1] p. illus., diagrs. 19½cm.
331 2211 2012 55 © Dec. 13, 1935; 1c. June 3, 1936; A- Foreign 31982; B. G. Teubner.
328 2307 229 65 Haury,
584 2306 156 54 Emil
765 2306 244 67 Walter,
1040 2312 170 50 1904-

399 2383 1943 70 The Mogollon culture of southwestern New Mexico … by
331 2463 158 53 Emil
515 2464 89 54 W.
633 2464 226 66 Haury.
935 2463 199 68 Globe,
1162 2464 178 67 Ariz.,
1368 2463 158 54 Priv.
1558 2464 175 67 print,
1763 2463 95 53 for
1885 2464 97 53 the
2009 2461 335 69 Medallion,

329 2541 136 55 Gila
489 2541 227 68 pueblo,
742 2545 151 51 1936.

404 2612 63 47 ix,
506 2611 87 41 146
629 2622 45 38 p.
735 2612 128 40 illus.
893 2612 135 48 (incl.
1067 2611 166 49 plans)
1280 2612 171 49 plates,
1492 2613 155 41 tables
1675 2612 48 48 (1
1762 2612 145 48 fold.)
1954 2613 180 47 diagrs.
2194 2611 57 41 25½cm.

343 2668 290 50 (Medallion
665 2678 189 38 papers,
914 2678 76 32 no.
1021 2669 91 48 xx)

403 2725 119 40 This
562 2728 166 45 report
766 2726 41 39 is
848 2727 263 39 concerned
1154 2727 120 39 with
1315 2727 82 38 the
1436 2726 316 40 excavations
1792 2727 49 39 in
1882 2726 242 48 Mogollon
2163 2725 182 48 village

332 2782 96 40 and
461 2781 180 42 Harris
675 2783 192 47 village,
932 2783 62 48 cf.
1030 2783 185 41 Introd.

404 2839 352 48 Bibliography:
817 2850 42 37 p.
892 2838 217 42 137-141.

336 2895 52 54 ©
422 2901 115 47 May
569 2899 69 47 25,
674 2899 141 48 1936;
851 2899 67 41 2c.
954 2899 97 41 and
1084 2898 82 43 aff.
1202 2901 113 46 May
1348 2898 81 43 28:
1466 2901 41 38 A
1540 2898 173 44 94655:
1751 2899 107 41 Gila
1894 2899 188 49 pueblo.

416 2956 282 48 (36-12393)

332 3045 420 65 Hitschmann,
781 3046 261 62 Eduard,
1072 3048 171 54 1871-

466 3122 1879 69 … Frigidity in women; its characteristics and treatment, by
334 3198 1985 134 Dr. Eduard Hitschmann and Dr. Edmund Bergler … authorized
619 3275 1724 72 translation by Polly Leeds Weil … Washington and
336 3360 137 52 New
511 3358 182 67 York,
728 3358 258 54 Nervous
1023 3358 111 53 and
1172 3357 212 54 mental
1423 3357 215 54 disease
1674 3357 338 68 publishing
2047 3374 298 51 company,

338 3441 149 50 1936.

438 3539 8 17 v,
486 3507 57 42 76
580 3518 42 39 p.
693 3507 180 49 diagrs.
942 3506 146 42 23½cm.
1170 3506 245 50 (Nervous
1454 3508 94 40 and
1590 3506 183 42 mental
1813 3505 191 43 disease
2047 3504 295 50 monograph

335 3564 163 50 series,
530 3577 73 30 no.
633 3565 81 50 60)

337 3621 54 53 ©
428 3627 114 46 May
578 3625 70 48 26,
686 3624 140 43 1936:
867 3624 65 40 2c.
972 3624 95 40 and
1104 3623 82 41 aff.
1225 3624 125 40 June
1387 3623 53 47 3;
1481 3625 39 38 A
1558 3622 171 43 94732;
1770 3624 220 39 Nervous
2028 3623 95 40 and
2163 3622 181 41 mental

409 3682 192 40 disease
628 3682 107 48 pub.
768 3693 67 29 co.
906 3680 281 49 (36-12363)

336 3771 288 64 Hopkins,
652 3772 255 53 Edward
936 3771 186 55 Scott.

409 3842 1937 75 Water purification control, by Edward S. Hopkins … 2d ed.
339 3928 334 67 Baltimore,
700 3928 122 51 The
849 3927 290 54 Williams
1166 3928 46 50 &
1238 3925 251 55 Wilkins
1515 3943 299 50 company,
1847 3927 146 50 1936.

407 4003 64 46 ix,
501 4003 83 41 184
613 4013 42 38 p.
714 4002 143 49 illus.,
886 4002 180 49 diagrs.
1124 4001 117 43 22cm.
