2519 4377
1068 4127 101 50 921

210 526 85 41 518
325 538 43 37 p.
427 527 169 48 plates,
630 529 149 47 ports.
837 528 86 47 261
926 529 44 22 cm
975 559 8 8 .

135 582 1994 54 © Oct. 31, 1935; 1c. Apr. 27, 1936; A- Foreign 31547; Reimar Hobbing,
204 652 42 39 g.
273 653 61 32 m.
359 643 43 41 b.
427 642 45 40 h.
541 642 280 49 (36-15606)

134 747 215 64 Heyer,
377 746 338 66 Georgette,
742 751 169 50 1902-

208 822 239 66 Behold,
472 822 176 54 here’s
672 823 218 67 poison,
912 822 75 68 by
1013 822 304 68 Georgette
1339 821 208 69 Heyer.
1609 821 259 67 London,
1891 819 242 53 Hodder

137 900 113 53 and
281 899 341 70 Stoughton,
648 899 223 54 limited
904 902 172 66 [1936]

205 974 374 49 320 p. 19 ½ ст .
135 1027 1995 52 © 1c. July 16, 1936; A ad int. 21637; pubd. May 25; Georgette Rougier,
205 1087 222 47 Slinfold,
458 1089 192 47 Sussex,
681 1088 235 47 England.
981 1086 279 49 (36-15970)

134 1192 237 64 Howell,
399 1191 303 55 Christine
724 1193 218 52 Moore.

206 1270 224 67 Beauty
470 1269 220 52 culture
731 1269 113 52 and
887 1287 126 34 care
1054 1268 65 54 of
1159 1269 95 55 the
1296 1268 145 69 hair,
1483 1269 74 68 by
1601 1268 290 56 Christine
1932 1269 198 52 Moore

135 1345 226 54 Howell
401 1389 57 11 ...
537 1347 138 53 New
710 1347 355 68 Brunswick,
1099 1347 70 54 N.
1206 1349 75 67 J.,
1314 1346 129 54 Hill
1479 1346 334 69 publishing
1849 1365 280 50 company

140 1459 14 34 [
158 1432 18 22 c
180 1429 152 65 1936]

205 1498 164 48 iii-xv,
400 1498 83 40 123
514 1509 42 37 p.
616 1498 130 42 illus.
805 1498 145 41 23½cm.

135 1551 1995 54 © June 29, 1936; 2c. and aff. July 7; A 96330; С. M. Howell, New
203 1612 300 49 Brunswick,
527 1613 56 41 N.
609 1614 43 41 J.
719 1613 280 48 (36-15562)

131 1715 239 53 Illinois.
443 1717 183 65 Laws,
651 1721 255 61 statutes,
933 1722 100 47 etc.

209 1792 390 55 Smith-Hurd
653 1793 231 52 Illinois
936 1792 307 53 annotated
1296 1798 255 49 statutes.
1639 1796 350 51 Permanent
2041 1793 83 53 ed.

136 1870 366 68 Comprising
542 1872 94 51 the
678 1871 138 52 laws
856 1871 63 52 of
960 1890 32 34 a
1030 1872 229 67 general
1302 1873 111 52 and
1455 1878 335 61 permanent
1826 1877 203 48 nature
2070 1870 59 53 in

135 1949 152 53 force
320 1955 60 47 at
409 1950 95 52 the
535 1949 109 53 end
676 1949 62 54 of
771 1950 96 52 the
900 1950 158 53 third
1090 1949 208 68 special
1330 1949 211 53 session
1574 1950 62 52 of
1670 1950 98 53 the
1796 1949 332 68 fifty-ninth

133 2027 243 55 General
409 2027 277 67 assembly
717 2026 173 68 April
923 2031 49 63 2,
1007 2031 150 49 1936.
1232 2028 160 67 Kept
1422 2032 58 48 to
1514 2028 133 53 date
1675 2028 76 67 by
1784 2027 345 53 cumulative

134 2106 208 51 annual
389 2105 205 67 pocket
637 2110 177 62 parts,
862 2105 139 52 with
1050 2104 361 54 annotations
1460 2105 154 53 from
1661 2106 96 52 the
1803 2124 150 35 cases
133 2124 1971 126 construing

381 2202 63 35 or
469 2184 282 66 applying
773 2184 96 52 the
895 2183 137 52 laws
1059 2184 112 51 and
1196 2184 140 51 with
1361 2184 183 52 tables
1569 2184 112 52 and
1706 2184 188 52 index,
132 2184 1971 130 chapters
285 2262 184 53 63-73.

513 2261 245 55 General
801 2262 640 67 assembly-insurance.
1521 2265 91 64 By
1653 2263 97 52 the
1789 2263 339 67 publishers’

132 2340 265 53 editorial
434 2340 152 53 staff.
667 2339 269 67 Chicago,
977 2340 113 67 Ill.,
1133 2340 279 52 Burdette
1456 2339 189 55 Smith
1688 2357 307 51 company;
2044 2341 84 55 St.

133 2418 163 66 Paul,
317 2417 202 66 Minn.,
543 2419 161 54 West
728 2418 334 67 publishing
1087 2435 77 36 co.;
1248 2423 119 62 [etc.,
1394 2424 119 60 etc.,
1538 2424 18 21 c
1562 2421 151 65 1936]

237 2522 9 17 x,
274 2490 89 41 969
385 2500 45 38 p.
486 2490 56 39 24
544 2492 44 21 cm
594 2523 8 9 .

133 2542 55 53 ©
218 2547 126 40 June
376 2547 69 49 22,
479 2546 116 41 1936;
654 2546 68 39 2c.
758 2546 115 47 July
906 2547 81 46 13;
1025 2546 82 41 aff.
1143 2546 117 48 July
1294 2547 81 46 15;
1411 2547 43 39 A
1486 2545 171 48 96498;
1695 2546 238 41 Burdette
1970 2546 161 42 Smith

202 2613 82 39 co.,
314 2604 192 39 Vernon
538 2603 95 39 law
662 2603 125 39 book
811 2613 68 30 co.
910 2603 96 39 and
1036 2603 134 40 West
1199 2602 110 49 pub.
1341 2612 66 30 co.

129 2698 507 66 Jeske-Chomski,
664 2700 243 62 Teodor,
936 2704 326 51 185P-1920.

203 2777 122 52 The
358 2777 112 53 last
501 2777 270 67 Homans,
807 2774 264 56 “Ostatni
1107 2775 401 69 Rzymianie”;
1547 2795 31 35 a
1612 2778 114 52 tale
1761 2775 64 55 of
1859 2777 97 52 the
1990 2777 138 53 time

133 2854 63 55 of
235 2854 349 55 Theodosius
623 2854 97 55 the
760 2854 194 69 Great,
991 2854 76 69 by
1105 2854 296 54 Theodore
1437 2853 476 58 Jeske-Choinski;
1987 2854 140 55 with

133 2932 285 54 foreword
444 2933 113 53 and
584 2931 447 71 archaeological
1056 2937 132 48 note
1212 2933 75 68 by
1313 2932 68 56 G.
1409 2934 189 67 Barry
1626 2932 263 55 O’Toole.

132 2931 1970 148 Pittsburgh,
367 3012 119 66 Pa.,
519 3011 121 53 The
672 3010 406 69 Pittsburgher
1112 3009 263 70 printing
1406 3013 46 51 &
1483 3011 156 68 publ.
1673 3029 78 35 co.
1792 3043 14 36 [
1810 3017 18 22 c
1833 3014 153 64 1936]

200 3083 967 51 2 p. l., xiv, 459, [1] p. plates. 20 cm .
204 3140 132 40 Each
365 3141 200 48 chapter
594 3142 235 47 preceded
859 3142 59 47 by
947 3140 236 42 half-title
1211 3144 86 38 not
1323 3141 226 41 included
1578 3141 51 40 in
1656 3142 82 40 the
1767 3142 192 49 paging.

132 3193 52 53 ©
217 3198 115 47 July
362 3198 39 48 2,
435 3197 140 48 1936;
607 3198 70 41 2c.
710 3198 97 39 and
839 3198 82 41 aff.
955 3198 114 47 July
1102 3199 82 47 14;
1219 3199 43 39 A
1291 3197 170 49 96422;
1499 3198 183 48 George
1715 3199 160 46 Barry
1909 3198 215 51 O’Toole,

202 3254 298 48 Pittsburgh.
564 3254 280 48 (36-15380)

128 3350 196 64 Jones,
352 3350 198 53 Rufus
576 3350 307 65 Matthew,
914 3356 170 49 1863-

201 3428 119 52 The
342 3428 304 66 testimony
672 3427 62 53 of
760 3429 94 51 the
877 3428 139 66 soul,
1039 3429 73 66 by
1137 3428 190 53 Rufus
1351 3429 81 53 M.
1457 3430 175 53 Jones
1661 3473 56 10 ...
1780 3428 139 54 New
1944 3427 180 67 York,

129 3505 121 53 The
270 3505 333 53 Macmillan
627 3523 296 51 company,
949 3508 148 52 1936.

198 3578 635 48 vi p., 1 l., 215 p. 20½ cm .
132 3629 52 54 ©
208 3636 114 46 Apr.
349 3635 67 48 16,
443 3634 113 41 1936;
612 3634 67 41 2c.
708 3635 94 39 and
830 3634 82 44 aff.
941 3636 113 46 Apr.
1082 3636 54 39 17;
1190 3636 40 38 A
1256 3633 141 42 92971;
1455 3633 283 41 Macmillan
1765 3642 67 33 co.

130 3724 331 65 Lawrence,
485 3725 355 54 Rosamond.

203 3799 408 55 Conversation
646 3801 61 52 in
742 3801 231 67 heaven,
1005 3801 74 67 by
1114 3800 325 53 Rosamond
1472 3800 318 52 Lawrence.
1864 3799 259 68 London,

129 3877 240 53 Hodder
397 3878 113 52 and
543 3876 324 70 Stoughton
922 3881 150 63 [1936]

199 3950 99 48 315,
339 3951 55 48 [1]
433 3961 42 38 p.
540 3949 56 41 19½
628 3953 45 21 cm
678 3982 9 9 .

130 4001 1990 57 © 1c. July 6, 1936; A ad int. 21609; pubd. May 7; R. Lawrence, Oxford,
197 4062 235 46 England.
497 4061 279 47 (30-15973)
