<alto xmlns="http://www.loc.gov/standards/alto/ns-v3#" xmlns:xsi="http://www.w3.org/2001/XMLSchema-instance" xsi:schemaLocation="http://www.loc.gov/standards/alto/ns-v3# http://www.loc.gov/alto/v3/alto-3-0.xsd"><Description>
<MeasurementUnit>pixel</MeasurementUnit>
<sourceImageInformation>
<fileName>1936_v33_Part1.pdf</fileName>
</sourceImageInformation>
<OCRProcessing ID="IdOcr">
<ocrProcessingStep>
<processingDateTime>2019-01-18</processingDateTime>
<processingSoftware>
<softwareCreator>ABBYY</softwareCreator>
<softwareName>ABBYY Recognition Server</softwareName>
<softwareVersion>4.0</softwareVersion>
</processingSoftware>
</ocrProcessingStep>
</OCRProcessing>
</Description>
<Styles>
<ParagraphStyle ALIGN="Left" FIRSTLINE="0." ID="StyleId-FFFFFFFF-FFFF-FFFF-FFFF-FFFFFFFFFFFF-" LEFT="0." RIGHT="0." />
<ParagraphStyle ALIGN="Left" FIRSTLINE="0." ID="StyleId-51D50FAC-7A90-4D70-8A96-5EA9D46D1C8B-" LEFT="0." LINESPACE="7.699999809" RIGHT="0." />
<ParagraphStyle ALIGN="Block" FIRSTLINE="-17." ID="StyleId-6BC133E9-7DCB-43C3-8842-A67984A26405-" LEFT="0." LINESPACE="8.340000153" RIGHT="0." />
<ParagraphStyle ALIGN="Left" FIRSTLINE="-13." ID="StyleId-3C3FF860-43E7-46A2-8934-48F305F6F0D6-" LEFT="0." LINESPACE="11.06999969" RIGHT="0." />
<ParagraphStyle ALIGN="Block" FIRSTLINE="-13." ID="StyleId-19220C76-4F8A-4737-B38C-B5F5C17E6040-" LEFT="0." LINESPACE="11.06999969" RIGHT="0." />
<ParagraphStyle ALIGN="Left" FIRSTLINE="0." ID="StyleId-75A0D721-13ED-4F20-9002-B389EC48477D-" LEFT="0." LINESPACE="15.5" RIGHT="0." />
<ParagraphStyle ALIGN="Left" FIRSTLINE="0." ID="StyleId-8A414184-C7A5-4AC7-9B88-7DA4DDE75922-" LEFT="0." LINESPACE="9.399999619" RIGHT="0." />
<ParagraphStyle ALIGN="Left" FIRSTLINE="0." ID="StyleId-1A87970B-111C-4169-99A6-9412976F3C97-" LEFT="0." LINESPACE="10.5" RIGHT="0." />
<ParagraphStyle ALIGN="Block" FIRSTLINE="-17." ID="StyleId-72DB0571-5AE4-41FD-9E11-68C6AC4C437E-" LEFT="0." LINESPACE="8.340000153" RIGHT="0." />
<ParagraphStyle ALIGN="Center" FIRSTLINE="0." ID="StyleId-1AA43056-C388-4697-B10F-72FDAA38FAE1-" LEFT="0." LINESPACE="10.5" RIGHT="0." />
</Styles>
<Layout>
<Page HEIGHT="4377" ID="Page1043" PHYSICAL_IMG_NR="1043" WIDTH="2519">
<TopMargin HEIGHT="452" HPOS="0" VPOS="0" WIDTH="2519">
</TopMargin>
<LeftMargin HEIGHT="3612" HPOS="0" VPOS="452" WIDTH="104">
</LeftMargin>
<RightMargin HEIGHT="3612" HPOS="2122" VPOS="452" WIDTH="397">
</RightMargin>
<BottomMargin HEIGHT="313" HPOS="0" VPOS="4064" WIDTH="2519">
<TextBlock HEIGHT="72" HPOS="1024" ID="Page1043_Block1" LANG="en-US" STYLEREFS="StyleId-9E485DDF-FE1F-4A3D-A5F5-60A08F535A44-" VPOS="4102" WIDTH="152">
<TextLine HEIGHT="50" HPOS="1034" VPOS="4113" WIDTH="131">
<String CONTENT="1043" HEIGHT="50" HPOS="1034" VPOS="4113" WIDTH="131" />
</TextLine>
</TextBlock>
</BottomMargin>
<PrintSpace HEIGHT="3612" HPOS="104" VPOS="452" WIDTH="2018">
<TextBlock CS="1" HEIGHT="3612" HPOS="104" ID="Page1043_Block2" LANG="en-US" STYLEREFS="StyleId-F1F25FF4-8C17-4EB9-BE45-42D978F88703-" VPOS="452" WIDTH="2018">
<TextLine HEIGHT="65" HPOS="123" STYLEREFS="StyleId-D0F6DBF9-2011-4083-A099-9FF4FD469F5D-" VPOS="462" WIDTH="695">
<String CONTENT="Crumb," HEIGHT="64" HPOS="123" VPOS="463" WIDTH="233" />
<SP HEIGHT="63" HPOS="357" VPOS="464" WIDTH="29" />
<String CONTENT="Frederick" HEIGHT="53" HPOS="387" VPOS="462" WIDTH="314" />
<SP HEIGHT="54" HPOS="702" VPOS="462" WIDTH="27" />
<String CONTENT="W." HEIGHT="52" HPOS="730" VPOS="464" WIDTH="88" />
</TextLine>
<TextLine HEIGHT="71" HPOS="191" STYLEREFS="StyleId-03DDD7FA-1DED-4D10-8D74-ADA96D162BE8-" VPOS="548" WIDTH="1921">
<String CONTENT="Tom" HEIGHT="51" HPOS="191" VPOS="552" WIDTH="139" />
<SP HEIGHT="64" HPOS="331" VPOS="549" WIDTH="33" />
<String CONTENT="Quick," HEIGHT="68" HPOS="365" VPOS="549" WIDTH="202" />
<SP HEIGHT="49" HPOS="568" VPOS="568" WIDTH="31" />
<String CONTENT="early" HEIGHT="69" HPOS="600" VPOS="550" WIDTH="157" />
<SP HEIGHT="69" HPOS="758" VPOS="550" WIDTH="31" />
<String CONTENT="American," HEIGHT="67" HPOS="790" VPOS="549" WIDTH="323" />
<SP HEIGHT="67" HPOS="1114" VPOS="549" WIDTH="32" />
<String CONTENT="by" HEIGHT="69" HPOS="1147" VPOS="549" WIDTH="76" />
<SP HEIGHT="68" HPOS="1224" VPOS="550" WIDTH="30" />
<String CONTENT="Frederick" HEIGHT="54" HPOS="1255" VPOS="548" WIDTH="309" />
<SP HEIGHT="55" HPOS="1565" VPOS="548" WIDTH="26" />
<String CONTENT="W." HEIGHT="54" HPOS="1592" VPOS="549" WIDTH="92" />
<SP HEIGHT="55" HPOS="1685" VPOS="548" WIDTH="36" />
<String CONTENT="Crumb;" HEIGHT="68" HPOS="1722" VPOS="548" WIDTH="242" />
<SP HEIGHT="48" HPOS="1965" VPOS="568" WIDTH="38" />
<String CONTENT="end" HEIGHT="53" HPOS="2004" VPOS="550" WIDTH="108" />
</TextLine>
<TextLine HEIGHT="71" HPOS="122" STYLEREFS="StyleId-03DDD7FA-1DED-4D10-8D74-ADA96D162BE8-" VPOS="626" WIDTH="1988">
<String CONTENT="papers" HEIGHT="51" HPOS="122" VPOS="646" WIDTH="202" />
<SP HEIGHT="34" HPOS="325" VPOS="647" WIDTH="41" />
<String CONTENT="and" HEIGHT="52" HPOS="367" VPOS="628" WIDTH="111" />
<SP HEIGHT="52" HPOS="479" VPOS="628" WIDTH="45" />
<String CONTENT="decorations" HEIGHT="53" HPOS="525" VPOS="628" WIDTH="353" />
<SP HEIGHT="53" HPOS="879" VPOS="628" WIDTH="41" />
<String CONTENT="by" HEIGHT="69" HPOS="921" VPOS="628" WIDTH="74" />
<SP HEIGHT="69" HPOS="996" VPOS="628" WIDTH="42" />
<String CONTENT="Helen" HEIGHT="52" HPOS="1039" VPOS="627" WIDTH="185" />
<SP HEIGHT="52" HPOS="1225" VPOS="627" WIDTH="42" />
<String CONTENT="E." HEIGHT="55" HPOS="1268" VPOS="627" WIDTH="67" />
<SP HEIGHT="54" HPOS="1336" VPOS="628" WIDTH="47" />
<String CONTENT="Banks." HEIGHT="54" HPOS="1384" VPOS="626" WIDTH="210" />
<SP HEIGHT="54" HPOS="1595" VPOS="626" WIDTH="78" />
<String CONTENT="Narrowsburg," HEIGHT="70" HPOS="1674" VPOS="626" WIDTH="436" />
</TextLine>
<TextLine HEIGHT="69" HPOS="121" STYLEREFS="StyleId-03DDD7FA-1DED-4D10-8D74-ADA96D162BE8-" VPOS="705" WIDTH="1244">
<String CONTENT="N." HEIGHT="53" HPOS="121" VPOS="706" WIDTH="67" />
<SP HEIGHT="52" HPOS="189" VPOS="707" WIDTH="25" />
<String CONTENT="Y.," HEIGHT="67" HPOS="215" VPOS="707" WIDTH="89" />
<SP HEIGHT="67" HPOS="305" VPOS="707" WIDTH="25" />
<String CONTENT="The" HEIGHT="52" HPOS="331" VPOS="706" WIDTH="121" />
<SP HEIGHT="53" HPOS="453" VPOS="705" WIDTH="22" />
<String CONTENT="Delaware" HEIGHT="53" HPOS="476" VPOS="705" WIDTH="297" />
<SP HEIGHT="34" HPOS="774" VPOS="724" WIDTH="25" />
<String CONTENT="valley" HEIGHT="69" HPOS="800" VPOS="705" WIDTH="188" />
<SP HEIGHT="51" HPOS="989" VPOS="723" WIDTH="23" />
<String CONTENT="press," HEIGHT="51" HPOS="1013" VPOS="722" WIDTH="173" />
<SP HEIGHT="64" HPOS="1187" VPOS="708" WIDTH="27" />
<String CONTENT="1936." HEIGHT="50" HPOS="1215" VPOS="707" WIDTH="150" />
</TextLine>
<TextLine CS="1" HEIGHT="52" HPOS="189" VPOS="788" WIDTH="1484">
<String CONTENT="2" HEIGHT="40" HPOS="189" VPOS="792" WIDTH="26" />
<SP />
<String CONTENT="p." HEIGHT="38" HPOS="238" VPOS="802" WIDTH="42" />
<SP HEIGHT="39" HPOS="281" VPOS="793" WIDTH="23" />
<String CONTENT="l.," CS="1" />
<SP HEIGHT="48" HPOS="348" VPOS="792" WIDTH="24" />
<String CONTENT="iv" HEIGHT="39" HPOS="373" VPOS="792" WIDTH="46" />
<SP HEIGHT="37" HPOS="420" VPOS="801" WIDTH="20" />
<String CONTENT="p.," HEIGHT="38" HPOS="441" VPOS="801" WIDTH="57" />
<SP HEIGHT="48" HPOS="499" VPOS="791" WIDTH="25" />
<String CONTENT="1" HEIGHT="38" HPOS="525" VPOS="791" WIDTH="23" />
<SP HEIGHT="38" HPOS="549" VPOS="791" WIDTH="25" />
<String CONTENT="l.," CS="1" />
<SP HEIGHT="46" HPOS="619" VPOS="791" WIDTH="23" />
<String CONTENT="85" HEIGHT="42" HPOS="643" VPOS="790" WIDTH="56" />
<SP HEIGHT="48" HPOS="700" VPOS="790" WIDTH="21" />
<String CONTENT="p.," CS="1" />
<SP />
<String CONTENT="1" CS="1" />
<SP />
<String CONTENT="l." CS="1" />
<SP HEIGHT="41" HPOS="885" VPOS="790" WIDTH="59" />
<String CONTENT="front." CS="1" />
<SP HEIGHT="48" HPOS="1093" VPOS="790" WIDTH="28" />
<String CONTENT="(port.)" HEIGHT="48" HPOS="1122" VPOS="790" WIDTH="171" />
<SP HEIGHT="48" HPOS="1294" VPOS="790" WIDTH="31" />
<String CONTENT="plates." HEIGHT="48" HPOS="1326" VPOS="789" WIDTH="171" />
<SP HEIGHT="42" HPOS="1498" VPOS="788" WIDTH="57" />
<String CONTENT="20" HEIGHT="41" HPOS="1556" VPOS="788" WIDTH="57" />
<String CONTENT="cm" HEIGHT="21" HPOS="1616" STYLE="superscript" VPOS="792" WIDTH="44" />
<String CONTENT="." HEIGHT="9" HPOS="1664" VPOS="822" WIDTH="9" />
</TextLine>
<TextLine CS="1" HEIGHT="106" HPOS="117" VPOS="859" WIDTH="1977">
<String CONTENT="&#8220;Reference" HEIGHT="40" HPOS="191" VPOS="862" WIDTH="290" />
<SP HEIGHT="30" HPOS="482" VPOS="871" WIDTH="38" />
<String CONTENT="material" HEIGHT="41" HPOS="521" VPOS="860" WIDTH="227" />
<SP HEIGHT="38" HPOS="749" VPOS="862" WIDTH="36" />
<String CONTENT="and" HEIGHT="39" HPOS="786" VPOS="862" WIDTH="96" />
<SP HEIGHT="40" HPOS="883" VPOS="861" WIDTH="39" />
<String CONTENT="items" HEIGHT="40" HPOS="923" VPOS="861" WIDTH="142" />
<SP HEIGHT="30" HPOS="1066" VPOS="871" WIDTH="40" />
<String CONTENT="of" HEIGHT="42" HPOS="1107" VPOS="859" WIDTH="53" />
<SP HEIGHT="39" HPOS="1161" VPOS="859" WIDTH="35" />
<String CONTENT="Americana" HEIGHT="41" HPOS="1197" VPOS="859" WIDTH="289" />
<SP HEIGHT="30" HPOS="1487" VPOS="870" WIDTH="38" />
<String CONTENT="which" HEIGHT="40" HPOS="1526" VPOS="859" WIDTH="157" />
<SP HEIGHT="38" HPOS="1684" VPOS="861" WIDTH="41" />
<String CONTENT="contain" HEIGHT="39" HPOS="1726" VPOS="861" WIDTH="195" />
<SP HEIGHT="30" HPOS="1922" VPOS="870" WIDTH="42" />
<String CONTENT="references" HEIGHT="100" HPOS="117" VPOS="859" WIDTH="1977" />
<SP HEIGHT="38" HPOS="254" VPOS="921" WIDTH="24" />
<String CONTENT="to" HEIGHT="38" HPOS="279" VPOS="921" WIDTH="47" />
<SP HEIGHT="41" HPOS="327" VPOS="918" WIDTH="23" />
<String CONTENT="Tom" HEIGHT="40" HPOS="351" VPOS="918" WIDTH="118" />
<SP HEIGHT="48" HPOS="470" VPOS="917" WIDTH="27" />
<String CONTENT="Quick&#8221;:" HEIGHT="48" HPOS="498" VPOS="917" WIDTH="209" />
<SP HEIGHT="39" HPOS="708" VPOS="918" WIDTH="27" />
<String CONTENT="1" HEIGHT="39" HPOS="736" VPOS="918" WIDTH="25" />
<SP HEIGHT="40" HPOS="762" VPOS="917" WIDTH="27" />
<String CONTENT="leaf" HEIGHT="40" HPOS="790" VPOS="917" WIDTH="102" />
<SP HEIGHT="40" HPOS="893" VPOS="917" WIDTH="22" />
<String CONTENT="at" HEIGHT="38" HPOS="916" VPOS="919" WIDTH="52" />
<SP HEIGHT="38" HPOS="969" VPOS="919" WIDTH="26" />
<String CONTENT="end." HEIGHT="39" HPOS="996" VPOS="918" WIDTH="105" />
</TextLine>
<TextLine CS="1" HEIGHT="52" HPOS="122" VPOS="988" WIDTH="1990">
<String CONTENT="&#169;" HEIGHT="52" HPOS="122" VPOS="988" WIDTH="52" />
<SP HEIGHT="52" HPOS="175" VPOS="988" WIDTH="37" />
<String CONTENT="June" HEIGHT="39" HPOS="213" VPOS="993" WIDTH="126" />
<SP HEIGHT="38" HPOS="340" VPOS="992" WIDTH="37" />
<String CONTENT="20," HEIGHT="46" HPOS="378" VPOS="992" WIDTH="68" />
<SP HEIGHT="46" HPOS="447" VPOS="992" WIDTH="40" />
<String CONTENT="1936;" HEIGHT="47" HPOS="488" VPOS="991" WIDTH="139" />
<SP HEIGHT="48" HPOS="628" VPOS="990" WIDTH="41" />
<String CONTENT="2c." HEIGHT="39" HPOS="670" VPOS="990" WIDTH="65" />
<SP HEIGHT="29" HPOS="736" VPOS="1000" WIDTH="41" />
<String CONTENT="and" HEIGHT="39" HPOS="778" VPOS="990" WIDTH="95" />
<SP HEIGHT="39" HPOS="874" VPOS="990" WIDTH="39" />
<String CONTENT="aff." CS="1" />
<SP HEIGHT="40" HPOS="996" VPOS="991" WIDTH="41" />
<String CONTENT="July" HEIGHT="46" HPOS="1038" VPOS="990" WIDTH="115" />
<SP HEIGHT="45" HPOS="1154" VPOS="991" WIDTH="40" />
<String CONTENT="6;" HEIGHT="44" HPOS="1195" VPOS="991" WIDTH="52" />
<SP HEIGHT="44" HPOS="1248" VPOS="991" WIDTH="41" />
<String CONTENT="A" HEIGHT="37" HPOS="1290" VPOS="991" WIDTH="39" />
<SP HEIGHT="41" HPOS="1330" VPOS="988" WIDTH="36" />
<String CONTENT="95931;" HEIGHT="48" HPOS="1367" VPOS="988" WIDTH="171" />
<SP HEIGHT="46" HPOS="1539" VPOS="990" WIDTH="41" />
<String CONTENT="Arthur" HEIGHT="40" HPOS="1581" VPOS="989" WIDTH="186" />
<SP HEIGHT="38" HPOS="1768" VPOS="991" WIDTH="41" />
<String CONTENT="N." HEIGHT="39" HPOS="1810" VPOS="991" WIDTH="54" />
<SP HEIGHT="39" HPOS="1865" VPOS="991" WIDTH="43" />
<String CONTENT="Meyers," HEIGHT="46" HPOS="1909" VPOS="991" WIDTH="203" />
</TextLine>
<TextLine HEIGHT="50" HPOS="192" VPOS="1046" WIDTH="879">
<String CONTENT="Narrowsburg," HEIGHT="46" HPOS="192" VPOS="1048" WIDTH="364" />
<SP HEIGHT="46" HPOS="557" VPOS="1048" WIDTH="28" />
<String CONTENT="N." HEIGHT="41" HPOS="586" VPOS="1048" WIDTH="56" />
<SP HEIGHT="41" HPOS="643" VPOS="1048" WIDTH="28" />
<String CONTENT="Y." HEIGHT="40" HPOS="672" VPOS="1048" WIDTH="52" />
<SP HEIGHT="48" HPOS="725" VPOS="1047" WIDTH="66" />
<String CONTENT="(36-14560)" HEIGHT="50" HPOS="792" VPOS="1046" WIDTH="279" />
</TextLine>
<TextLine HEIGHT="63" HPOS="120" STYLEREFS="StyleId-D0F6DBF9-2011-4083-A099-9FF4FD469F5D-" VPOS="1150" WIDTH="735">
<String CONTENT="Culbertson," HEIGHT="62" HPOS="120" VPOS="1151" WIDTH="365" />
<SP HEIGHT="62" HPOS="486" VPOS="1151" WIDTH="35" />
<String CONTENT="Ely," HEIGHT="63" HPOS="522" VPOS="1150" WIDTH="128" />
<SP HEIGHT="58" HPOS="651" VPOS="1155" WIDTH="34" />
<String CONTENT="1891-" HEIGHT="50" HPOS="686" VPOS="1154" WIDTH="169" />
</TextLine>
<TextLine HEIGHT="71" HPOS="189" STYLEREFS="StyleId-03DDD7FA-1DED-4D10-8D74-ADA96D162BE8-" VPOS="1236" WIDTH="1917">
<String CONTENT="Contract" HEIGHT="54" HPOS="189" VPOS="1239" WIDTH="269" />
<SP HEIGHT="54" HPOS="459" VPOS="1238" WIDTH="35" />
<String CONTENT="bridge" HEIGHT="69" HPOS="495" VPOS="1238" WIDTH="203" />
<SP HEIGHT="35" HPOS="699" VPOS="1256" WIDTH="37" />
<String CONTENT="complete;" HEIGHT="68" HPOS="737" VPOS="1238" WIDTH="301" />
<SP HEIGHT="67" HPOS="1039" VPOS="1238" WIDTH="43" />
<String CONTENT="The" HEIGHT="54" HPOS="1083" VPOS="1237" WIDTH="121" />
<SP HEIGHT="50" HPOS="1205" VPOS="1256" WIDTH="40" />
<String CONTENT="gold" HEIGHT="69" HPOS="1246" VPOS="1237" WIDTH="136" />
<SP HEIGHT="54" HPOS="1383" VPOS="1237" WIDTH="37" />
<String CONTENT="book" HEIGHT="55" HPOS="1421" VPOS="1237" WIDTH="147" />
<SP HEIGHT="55" HPOS="1569" VPOS="1237" WIDTH="40" />
<String CONTENT="of" HEIGHT="56" HPOS="1610" VPOS="1236" WIDTH="65" />
<SP HEIGHT="55" HPOS="1676" VPOS="1236" WIDTH="34" />
<String CONTENT="bidding" HEIGHT="70" HPOS="1711" VPOS="1237" WIDTH="246" />
<SP HEIGHT="51" HPOS="1958" VPOS="1256" WIDTH="38" />
<String CONTENT="and" HEIGHT="53" HPOS="1997" VPOS="1238" WIDTH="109" />
</TextLine>
<TextLine CS="1" HEIGHT="71" HPOS="121" STYLEREFS="StyleId-03DDD7FA-1DED-4D10-8D74-ADA96D162BE8-" VPOS="1313" WIDTH="1988">
<String CONTENT="play," HEIGHT="67" HPOS="121" VPOS="1317" WIDTH="147" />
<SP HEIGHT="52" HPOS="269" VPOS="1317" WIDTH="28" />
<String CONTENT="by" HEIGHT="67" HPOS="298" VPOS="1317" WIDTH="74" />
<SP HEIGHT="68" HPOS="373" VPOS="1316" WIDTH="28" />
<String CONTENT="Ely" HEIGHT="68" HPOS="402" VPOS="1316" WIDTH="112" />
<SP HEIGHT="70" HPOS="515" VPOS="1314" WIDTH="30" />
<String CONTENT="Culbertson" HEIGHT="56" HPOS="546" VPOS="1314" WIDTH="337" />
<SP HEIGHT="34" HPOS="884" VPOS="1334" WIDTH="34" />
<String CONTENT="&#8230;" CS="1" />
<SP HEIGHT="53" HPOS="975" VPOS="1315" WIDTH="68" />
<String CONTENT="Philadelphia," HEIGHT="68" HPOS="1044" VPOS="1314" WIDTH="426" />
<SP HEIGHT="69" HPOS="1471" VPOS="1313" WIDTH="31" />
<String CONTENT="Chicago," HEIGHT="71" HPOS="1503" VPOS="1313" WIDTH="270" />
<SP HEIGHT="69" HPOS="1774" VPOS="1315" WIDTH="26" />
<String CONTENT="The" HEIGHT="54" HPOS="1801" VPOS="1315" WIDTH="120" />
<SP HEIGHT="54" HPOS="1922" VPOS="1315" WIDTH="31" />
<String CONTENT="John" HEIGHT="54" HPOS="1954" VPOS="1315" WIDTH="155" />
</TextLine>
<TextLine HEIGHT="68" HPOS="118" STYLEREFS="StyleId-03DDD7FA-1DED-4D10-8D74-ADA96D162BE8-" VPOS="1393" WIDTH="868">
<String CONTENT="C." HEIGHT="55" HPOS="118" VPOS="1393" WIDTH="60" />
<SP HEIGHT="53" HPOS="179" VPOS="1394" WIDTH="29" />
<String CONTENT="Winston" HEIGHT="53" HPOS="209" VPOS="1394" WIDTH="264" />
<SP HEIGHT="35" HPOS="474" VPOS="1411" WIDTH="30" />
<String CONTENT="company," HEIGHT="51" HPOS="505" VPOS="1410" WIDTH="297" />
<SP HEIGHT="64" HPOS="803" VPOS="1396" WIDTH="32" />
<String CONTENT="1936." HEIGHT="51" HPOS="836" VPOS="1395" WIDTH="150" />
</TextLine>
<TextLine CS="1" HEIGHT="49" HPOS="182" STYLEREFS="StyleId-03DDD7FA-1DED-4D10-8D74-ADA96D162BE8-" VPOS="1477" WIDTH="931">
<String CONTENT="xxx," HEIGHT="36" HPOS="182" VPOS="1489" WIDTH="113" />
<SP HEIGHT="47" HPOS="296" VPOS="1478" WIDTH="34" />
<String CONTENT="608" HEIGHT="42" HPOS="331" VPOS="1477" WIDTH="85" />
<SP HEIGHT="48" HPOS="417" VPOS="1478" WIDTH="29" />
<String CONTENT="p." HEIGHT="38" HPOS="447" VPOS="1488" WIDTH="43" />
<SP HEIGHT="40" HPOS="491" VPOS="1477" WIDTH="59" />
<String CONTENT="front." CS="1" />
<SP HEIGHT="48" HPOS="700" VPOS="1478" WIDTH="28" />
<String CONTENT="(port.)" HEIGHT="48" HPOS="729" VPOS="1478" WIDTH="170" />
<SP HEIGHT="49" HPOS="900" VPOS="1477" WIDTH="66" />
<String CONTENT="17&#189;cm." CS="1" HEIGHT="41" HPOS="967" VPOS="1477" WIDTH="146" />
</TextLine>
<TextLine HEIGHT="49" HPOS="184" VPOS="1547" WIDTH="607">
<String CONTENT="Text" HEIGHT="41" HPOS="184" VPOS="1548" WIDTH="123" />
<SP HEIGHT="38" HPOS="308" VPOS="1551" WIDTH="29" />
<String CONTENT="on" HEIGHT="29" HPOS="338" VPOS="1559" WIDTH="60" />
<SP HEIGHT="39" HPOS="399" VPOS="1549" WIDTH="33" />
<String CONTENT="lining-papers." HEIGHT="49" HPOS="433" VPOS="1547" WIDTH="358" />
</TextLine>
<TextLine CS="1" HEIGHT="52" HPOS="119" VPOS="1617" WIDTH="1991">
<String CONTENT="&#169;" HEIGHT="52" HPOS="119" VPOS="1617" WIDTH="53" />
<SP HEIGHT="52" HPOS="173" VPOS="1617" WIDTH="31" />
<String CONTENT="June" HEIGHT="39" HPOS="205" VPOS="1622" WIDTH="125" />
<SP HEIGHT="39" HPOS="331" VPOS="1622" WIDTH="31" />
<String CONTENT="30," HEIGHT="47" HPOS="363" VPOS="1621" WIDTH="69" />
<SP HEIGHT="46" HPOS="433" VPOS="1622" WIDTH="32" />
<String CONTENT="1936;" HEIGHT="48" HPOS="466" VPOS="1619" WIDTH="140" />
<SP HEIGHT="47" HPOS="607" VPOS="1620" WIDTH="34" />
<String CONTENT="2c." HEIGHT="42" HPOS="642" VPOS="1620" WIDTH="69" />
<SP HEIGHT="32" HPOS="712" VPOS="1630" WIDTH="31" />
<String CONTENT="and" HEIGHT="39" HPOS="744" VPOS="1620" WIDTH="97" />
<SP HEIGHT="39" HPOS="842" VPOS="1620" WIDTH="27" />
<String CONTENT="aff." CS="1" />
<SP HEIGHT="40" HPOS="953" VPOS="1621" WIDTH="33" />
<String CONTENT="July" HEIGHT="46" HPOS="987" VPOS="1620" WIDTH="115" />
<SP HEIGHT="46" HPOS="1103" VPOS="1620" WIDTH="34" />
<String CONTENT="25;" HEIGHT="46" HPOS="1138" VPOS="1620" WIDTH="81" />
<SP HEIGHT="45" HPOS="1220" VPOS="1621" WIDTH="34" />
<String CONTENT="A" HEIGHT="38" HPOS="1255" VPOS="1621" WIDTH="41" />
<SP HEIGHT="40" HPOS="1297" VPOS="1620" WIDTH="32" />
<String CONTENT="97150;" CS="1" HEIGHT="40" HPOS="1330" VPOS="1620" WIDTH="143" />
<SP HEIGHT="46" HPOS="1501" VPOS="1621" WIDTH="37" />
<String CONTENT="John" HEIGHT="40" HPOS="1539" VPOS="1620" WIDTH="125" />
<SP HEIGHT="40" HPOS="1665" VPOS="1621" WIDTH="35" />
<String CONTENT="C." CS="1" HEIGHT="8" HPOS="1742" VPOS="1653" WIDTH="8" />
<SP HEIGHT="39" HPOS="1751" VPOS="1622" WIDTH="34" />
<String CONTENT="Winston" HEIGHT="41" HPOS="1786" VPOS="1620" WIDTH="223" />
<SP HEIGHT="30" HPOS="2010" VPOS="1631" WIDTH="33" />
<String CONTENT="co." HEIGHT="30" HPOS="2044" VPOS="1631" WIDTH="66" />
</TextLine>
<TextLine HEIGHT="48" HPOS="200" VPOS="1677" WIDTH="278">
<String CONTENT="(36-17463)" HEIGHT="48" HPOS="200" VPOS="1677" WIDTH="278" />
</TextLine>
<TextLine HEIGHT="70" HPOS="187" STYLEREFS="StyleId-03DDD7FA-1DED-4D10-8D74-ADA96D162BE8-" VPOS="1775" WIDTH="1923">
<String CONTENT="Culbertson&#8217;s" HEIGHT="55" HPOS="187" VPOS="1775" WIDTH="381" />
<SP HEIGHT="34" HPOS="569" VPOS="1796" WIDTH="38" />
<String CONTENT="summary" HEIGHT="51" HPOS="608" VPOS="1794" WIDTH="290" />
<SP HEIGHT="51" HPOS="899" VPOS="1794" WIDTH="36" />
<String CONTENT="of" HEIGHT="55" HPOS="936" VPOS="1775" WIDTH="64" />
<SP HEIGHT="54" HPOS="1001" VPOS="1775" WIDTH="36" />
<String CONTENT="contract" HEIGHT="48" HPOS="1038" VPOS="1781" WIDTH="255" />
<SP HEIGHT="53" HPOS="1294" VPOS="1776" WIDTH="35" />
<String CONTENT="bridge;" HEIGHT="70" HPOS="1330" VPOS="1775" WIDTH="231" />
<SP HEIGHT="50" HPOS="1562" VPOS="1795" WIDTH="39" />
<String CONTENT="new" HEIGHT="35" HPOS="1602" VPOS="1795" WIDTH="123" />
<SP HEIGHT="55" HPOS="1726" VPOS="1776" WIDTH="42" />
<String CONTENT="Culbertson" HEIGHT="55" HPOS="1769" VPOS="1776" WIDTH="341" />
</TextLine>
<TextLine HEIGHT="71" HPOS="115" STYLEREFS="StyleId-03DDD7FA-1DED-4D10-8D74-ADA96D162BE8-" VPOS="1852" WIDTH="1995">
<String CONTENT="system" HEIGHT="63" HPOS="115" VPOS="1858" WIDTH="206" />
<SP HEIGHT="33" HPOS="322" VPOS="1873" WIDTH="39" />
<String CONTENT="as" HEIGHT="34" HPOS="362" VPOS="1873" WIDTH="58" />
<SP HEIGHT="49" HPOS="421" VPOS="1872" WIDTH="39" />
<String CONTENT="presented" HEIGHT="67" HPOS="461" VPOS="1854" WIDTH="296" />
<SP HEIGHT="54" HPOS="758" VPOS="1853" WIDTH="39" />
<String CONTENT="in" HEIGHT="53" HPOS="798" VPOS="1853" WIDTH="61" />
<SP HEIGHT="48" HPOS="860" VPOS="1859" WIDTH="37" />
<String CONTENT="the" HEIGHT="53" HPOS="898" VPOS="1854" WIDTH="97" />
<SP HEIGHT="56" HPOS="996" VPOS="1852" WIDTH="37" />
<String CONTENT="Gold" HEIGHT="56" HPOS="1034" VPOS="1852" WIDTH="152" />
<SP HEIGHT="53" HPOS="1187" VPOS="1853" WIDTH="36" />
<String CONTENT="book" HEIGHT="53" HPOS="1224" VPOS="1853" WIDTH="148" />
<SP HEIGHT="54" HPOS="1373" VPOS="1853" WIDTH="35" />
<String CONTENT="of" HEIGHT="54" HPOS="1409" VPOS="1853" WIDTH="64" />
<SP HEIGHT="54" HPOS="1474" VPOS="1853" WIDTH="38" />
<String CONTENT="bidding" HEIGHT="70" HPOS="1513" VPOS="1853" WIDTH="245" />
<SP HEIGHT="50" HPOS="1759" VPOS="1873" WIDTH="38" />
<String CONTENT="and" HEIGHT="53" HPOS="1798" VPOS="1855" WIDTH="113" />
<SP HEIGHT="68" HPOS="1912" VPOS="1855" WIDTH="41" />
<String CONTENT="play," HEIGHT="69" HPOS="1954" VPOS="1854" WIDTH="156" />
</TextLine>
<TextLine CS="1" HEIGHT="71" HPOS="116" STYLEREFS="StyleId-03DDD7FA-1DED-4D10-8D74-ADA96D162BE8-" VPOS="1929" WIDTH="1992">
<String CONTENT="by" HEIGHT="69" HPOS="116" VPOS="1931" WIDTH="73" />
<SP HEIGHT="69" HPOS="190" VPOS="1931" WIDTH="37" />
<String CONTENT="Ely" HEIGHT="69" HPOS="228" VPOS="1931" WIDTH="112" />
<SP HEIGHT="70" HPOS="341" VPOS="1930" WIDTH="40" />
<String CONTENT="Culbertson" HEIGHT="56" HPOS="382" VPOS="1930" WIDTH="338" />
<SP HEIGHT="34" HPOS="721" VPOS="1950" WIDTH="43" />
<String CONTENT="&#8230;" CS="1" />
<SP HEIGHT="52" HPOS="823" VPOS="1932" WIDTH="78" />
<String CONTENT="Philadelphia," HEIGHT="69" HPOS="902" VPOS="1930" WIDTH="427" />
<SP HEIGHT="70" HPOS="1330" VPOS="1929" WIDTH="39" />
<String CONTENT="Chicago," HEIGHT="70" HPOS="1370" VPOS="1929" WIDTH="272" />
<SP HEIGHT="66" HPOS="1643" VPOS="1932" WIDTH="39" />
<String CONTENT="The" HEIGHT="52" HPOS="1683" VPOS="1932" WIDTH="122" />
<SP HEIGHT="55" HPOS="1806" VPOS="1931" WIDTH="36" />
<String CONTENT="John" HEIGHT="55" HPOS="1843" VPOS="1931" WIDTH="160" />
<SP HEIGHT="56" HPOS="2004" VPOS="1930" WIDTH="41" />
<String CONTENT="C." HEIGHT="56" HPOS="2046" VPOS="1930" WIDTH="62" />
</TextLine>
<TextLine HEIGHT="72" HPOS="117" STYLEREFS="StyleId-03DDD7FA-1DED-4D10-8D74-ADA96D162BE8-" VPOS="2006" WIDTH="770">
<String CONTENT="Winston" HEIGHT="56" HPOS="117" VPOS="2006" WIDTH="261" />
<SP HEIGHT="34" HPOS="379" VPOS="2027" WIDTH="28" />
<String CONTENT="company," HEIGHT="51" HPOS="408" VPOS="2027" WIDTH="298" />
<SP HEIGHT="65" HPOS="707" VPOS="2012" WIDTH="30" />
<String CONTENT="1936." HEIGHT="51" HPOS="738" VPOS="2011" WIDTH="149" />
</TextLine>
<TextLine HEIGHT="49" HPOS="184" VPOS="2093" WIDTH="304">
<String CONTENT="80" HEIGHT="41" HPOS="184" VPOS="2093" WIDTH="56" />
<SP HEIGHT="49" HPOS="241" VPOS="2093" WIDTH="30" />
<String CONTENT="p." HEIGHT="38" HPOS="272" VPOS="2104" WIDTH="42" />
<SP HEIGHT="38" HPOS="315" VPOS="2096" WIDTH="58" />
<String CONTENT="15" HEIGHT="40" HPOS="374" VPOS="2094" WIDTH="55" />
<String CONTENT="cm" HEIGHT="20" HPOS="433" STYLE="superscript" VPOS="2097" WIDTH="43" />
<String CONTENT="." HEIGHT="9" HPOS="480" VPOS="2125" WIDTH="8" />
</TextLine>
<TextLine CS="1" HEIGHT="51" HPOS="184" VPOS="2163" WIDTH="835">
<String CONTENT="Text" HEIGHT="41" HPOS="184" VPOS="2163" WIDTH="123" />
<SP HEIGHT="36" HPOS="308" VPOS="2168" WIDTH="26" />
<String CONTENT="on" HEIGHT="30" HPOS="335" VPOS="2174" WIDTH="59" />
<SP HEIGHT="37" HPOS="395" VPOS="2174" WIDTH="22" />
<String CONTENT="p." HEIGHT="37" HPOS="418" VPOS="2174" WIDTH="42" />
<SP HEIGHT="30" HPOS="461" VPOS="2184" WIDTH="32" />
<String CONTENT="[2]" CS="1" HEIGHT="49" HPOS="507" VPOS="2164" WIDTH="41" />
<SP HEIGHT="39" HPOS="549" VPOS="2174" WIDTH="28" />
<String CONTENT="and" HEIGHT="39" HPOS="578" VPOS="2165" WIDTH="99" />
<SP HEIGHT="49" HPOS="678" VPOS="2165" WIDTH="25" />
<String CONTENT="[3]" HEIGHT="51" HPOS="704" VPOS="2163" WIDTH="57" />
<SP HEIGHT="39" HPOS="762" VPOS="2174" WIDTH="25" />
<String CONTENT="of" HEIGHT="40" HPOS="788" VPOS="2164" WIDTH="52" />
<SP HEIGHT="40" HPOS="841" VPOS="2164" WIDTH="24" />
<String CONTENT="cover." HEIGHT="31" HPOS="866" VPOS="2173" WIDTH="153" />
</TextLine>
<TextLine HEIGHT="54" HPOS="119" VPOS="2231" WIDTH="1992">
<String CONTENT="&#169;" HEIGHT="54" HPOS="119" VPOS="2231" WIDTH="53" />
<SP HEIGHT="54" HPOS="173" VPOS="2231" WIDTH="33" />
<String CONTENT="July" HEIGHT="48" HPOS="207" VPOS="2235" WIDTH="114" />
<SP HEIGHT="46" HPOS="322" VPOS="2237" WIDTH="34" />
<String CONTENT="1," HEIGHT="47" HPOS="357" VPOS="2237" WIDTH="38" />
<SP HEIGHT="48" HPOS="396" VPOS="2236" WIDTH="36" />
<String CONTENT="1936;" HEIGHT="49" HPOS="433" VPOS="2234" WIDTH="138" />
<SP HEIGHT="49" HPOS="572" VPOS="2234" WIDTH="38" />
<String CONTENT="2c." HEIGHT="43" HPOS="611" VPOS="2234" WIDTH="67" />
<SP HEIGHT="32" HPOS="679" VPOS="2245" WIDTH="36" />
<String CONTENT="and" HEIGHT="40" HPOS="716" VPOS="2235" WIDTH="95" />
<SP HEIGHT="40" HPOS="812" VPOS="2235" WIDTH="37" />
<String CONTENT="aff." HEIGHT="41" HPOS="850" VPOS="2235" WIDTH="82" />
<SP HEIGHT="41" HPOS="933" VPOS="2235" WIDTH="35" />
<String CONTENT="July" HEIGHT="47" HPOS="969" VPOS="2235" WIDTH="114" />
<SP HEIGHT="47" HPOS="1084" VPOS="2235" WIDTH="33" />
<String CONTENT="25;" HEIGHT="47" HPOS="1118" VPOS="2235" WIDTH="82" />
<SP HEIGHT="45" HPOS="1201" VPOS="2237" WIDTH="37" />
<String CONTENT="A" HEIGHT="38" HPOS="1239" VPOS="2237" WIDTH="41" />
<SP HEIGHT="42" HPOS="1281" VPOS="2234" WIDTH="34" />
<String CONTENT="97149;" HEIGHT="49" HPOS="1316" VPOS="2234" WIDTH="170" />
<SP HEIGHT="47" HPOS="1487" VPOS="2236" WIDTH="40" />
<String CONTENT="John" HEIGHT="42" HPOS="1528" VPOS="2235" WIDTH="128" />
<SP HEIGHT="41" HPOS="1657" VPOS="2236" WIDTH="36" />
<String CONTENT="C." HEIGHT="41" HPOS="1694" VPOS="2236" WIDTH="48" />
<SP HEIGHT="43" HPOS="1743" VPOS="2235" WIDTH="38" />
<String CONTENT="Winston" HEIGHT="43" HPOS="1782" VPOS="2235" WIDTH="225" />
<SP HEIGHT="31" HPOS="2008" VPOS="2246" WIDTH="34" />
<String CONTENT="co." HEIGHT="31" HPOS="2043" VPOS="2246" WIDTH="68" />
</TextLine>
<TextLine HEIGHT="50" HPOS="192" VPOS="2292" WIDTH="1358">
<String CONTENT="[Copyright" HEIGHT="49" HPOS="192" VPOS="2293" WIDTH="278" />
<SP HEIGHT="38" HPOS="471" VPOS="2294" WIDTH="29" />
<String CONTENT="is" HEIGHT="37" HPOS="501" VPOS="2294" WIDTH="39" />
<SP HEIGHT="28" HPOS="541" VPOS="2304" WIDTH="29" />
<String CONTENT="claimed" HEIGHT="40" HPOS="571" VPOS="2293" WIDTH="205" />
<SP HEIGHT="39" HPOS="777" VPOS="2293" WIDTH="28" />
<String CONTENT="on" HEIGHT="29" HPOS="806" VPOS="2302" WIDTH="59" />
<SP HEIGHT="29" HPOS="866" VPOS="2302" WIDTH="28" />
<String CONTENT="revisions" HEIGHT="40" HPOS="895" VPOS="2292" WIDTH="238" />
<SP HEIGHT="30" HPOS="1134" VPOS="2302" WIDTH="30" />
<String CONTENT="and" HEIGHT="39" HPOS="1165" VPOS="2292" WIDTH="94" />
<SP HEIGHT="39" HPOS="1260" VPOS="2292" WIDTH="30" />
<String CONTENT="additions!" HEIGHT="41" HPOS="1291" VPOS="2292" WIDTH="259" />
</TextLine>
<TextLine HEIGHT="49" HPOS="198" VPOS="2349" WIDTH="278">
<String CONTENT="(36-17462)" HEIGHT="49" HPOS="198" VPOS="2349" WIDTH="278" />
</TextLine>
<TextLine HEIGHT="63" HPOS="119" STYLEREFS="StyleId-D0F6DBF9-2011-4083-A099-9FF4FD469F5D-" VPOS="2453" WIDTH="418">
<String CONTENT="Dixon," HEIGHT="63" HPOS="119" VPOS="2453" WIDTH="208" />
<SP HEIGHT="61" HPOS="328" VPOS="2455" WIDTH="27" />
<String CONTENT="Ruth." HEIGHT="53" HPOS="356" VPOS="2454" WIDTH="181" />
</TextLine>
<TextLine HEIGHT="69" HPOS="194" STYLEREFS="StyleId-03DDD7FA-1DED-4D10-8D74-ADA96D162BE8-" VPOS="2542" WIDTH="1913">
<String CONTENT="Yip" HEIGHT="68" HPOS="194" VPOS="2543" WIDTH="115" />
<SP HEIGHT="50" HPOS="310" VPOS="2561" WIDTH="27" />
<String CONTENT="and" HEIGHT="52" HPOS="338" VPOS="2544" WIDTH="111" />
<SP HEIGHT="52" HPOS="450" VPOS="2543" WIDTH="28" />
<String CONTENT="Yap;" HEIGHT="68" HPOS="479" VPOS="2543" WIDTH="158" />
<SP HEIGHT="50" HPOS="638" VPOS="2561" WIDTH="31" />
<String CONTENT="photographs" HEIGHT="68" HPOS="670" VPOS="2543" WIDTH="394" />
<SP HEIGHT="52" HPOS="1065" VPOS="2543" WIDTH="25" />
<String CONTENT="by" HEIGHT="64" HPOS="1091" VPOS="2543" WIDTH="76" />
<SP HEIGHT="65" HPOS="1168" VPOS="2542" WIDTH="23" />
<String CONTENT="Harry" HEIGHT="68" HPOS="1192" VPOS="2542" WIDTH="198" />
<SP HEIGHT="67" HPOS="1391" VPOS="2543" WIDTH="27" />
<String CONTENT="Whittier" HEIGHT="53" HPOS="1419" VPOS="2542" WIDTH="274" />
<SP HEIGHT="50" HPOS="1694" VPOS="2544" WIDTH="27" />
<String CONTENT="Frees;" HEIGHT="66" HPOS="1722" VPOS="2544" WIDTH="197" />
<SP HEIGHT="50" HPOS="1920" VPOS="2560" WIDTH="30" />
<String CONTENT="story" HEIGHT="62" HPOS="1951" VPOS="2548" WIDTH="156" />
</TextLine>
<TextLine HEIGHT="72" HPOS="122" STYLEREFS="StyleId-03DDD7FA-1DED-4D10-8D74-ADA96D162BE8-" VPOS="2617" WIDTH="1985">
<String CONTENT="by" HEIGHT="67" HPOS="122" VPOS="2621" WIDTH="70" />
<SP HEIGHT="67" HPOS="193" VPOS="2621" WIDTH="42" />
<String CONTENT="Ruth" HEIGHT="51" HPOS="236" VPOS="2621" WIDTH="158" />
<SP HEIGHT="52" HPOS="395" VPOS="2620" WIDTH="41" />
<String CONTENT="Dixon." HEIGHT="52" HPOS="437" VPOS="2620" WIDTH="206" />
<SP HEIGHT="52" HPOS="644" VPOS="2619" WIDTH="76" />
<String CONTENT="New" HEIGHT="55" HPOS="721" VPOS="2619" WIDTH="137" />
<SP HEIGHT="52" HPOS="859" VPOS="2619" WIDTH="41" />
<String CONTENT="York," HEIGHT="67" HPOS="901" VPOS="2619" WIDTH="178" />
<SP HEIGHT="68" HPOS="1080" VPOS="2618" WIDTH="42" />
<String CONTENT="Chicago" HEIGHT="71" HPOS="1123" VPOS="2617" WIDTH="251" />
<SP HEIGHT="50" HPOS="1375" VPOS="2638" WIDTH="48" />
<String CONTENT="[etc.]" HEIGHT="63" HPOS="1424" VPOS="2625" WIDTH="137" />
<SP HEIGHT="67" HPOS="1562" VPOS="2620" WIDTH="47" />
<String CONTENT="Rand," HEIGHT="59" HPOS="1610" VPOS="2620" WIDTH="186" />
<SP HEIGHT="58" HPOS="1797" VPOS="2621" WIDTH="40" />
<String CONTENT="McNally" HEIGHT="68" HPOS="1838" VPOS="2621" WIDTH="269" />
</TextLine>
<TextLine HEIGHT="67" HPOS="120" STYLEREFS="StyleId-03DDD7FA-1DED-4D10-8D74-ADA96D162BE8-" VPOS="2699" WIDTH="592">
<String CONTENT="&amp;" HEIGHT="49" HPOS="120" VPOS="2699" WIDTH="44" />
<SP HEIGHT="51" HPOS="165" VPOS="2699" WIDTH="35" />
<String CONTENT="company" HEIGHT="50" HPOS="201" VPOS="2716" WIDTH="276" />
<SP HEIGHT="49" HPOS="478" VPOS="2716" WIDTH="42" />
<String CONTENT="[" HEIGHT="34" HPOS="521" VPOS="2731" WIDTH="12" />
<String CONTENT="c" HEIGHT="22" HPOS="538" STYLE="superscript" VPOS="2704" WIDTH="17" />
<String CONTENT="1936]" HEIGHT="66" HPOS="560" VPOS="2699" WIDTH="152" />
</TextLine>
<TextLine HEIGHT="51" HPOS="193" VPOS="2780" WIDTH="649">
<String CONTENT="[33]" HEIGHT="51" HPOS="193" VPOS="2780" WIDTH="83" />
<SP HEIGHT="38" HPOS="277" VPOS="2792" WIDTH="34" />
<String CONTENT="p." HEIGHT="37" HPOS="312" VPOS="2792" WIDTH="43" />
<SP HEIGHT="38" HPOS="356" VPOS="2782" WIDTH="59" />
<String CONTENT="illus." HEIGHT="39" HPOS="416" VPOS="2781" WIDTH="127" />
<SP HEIGHT="39" HPOS="544" VPOS="2781" WIDTH="57" />
<String CONTENT="21" HEIGHT="39" HPOS="602" VPOS="2781" WIDTH="56" />
<SP HEIGHT="38" HPOS="659" VPOS="2782" WIDTH="17" />
<String CONTENT="x" HEIGHT="28" HPOS="677" VPOS="2791" WIDTH="31" />
<SP HEIGHT="39" HPOS="709" VPOS="2781" WIDTH="16" />
<String CONTENT="19" HEIGHT="40" HPOS="726" VPOS="2781" WIDTH="55" />
<String CONTENT="cm" HEIGHT="21" HPOS="784" STYLE="superscript" VPOS="2783" WIDTH="43" />
<String CONTENT="." HEIGHT="8" HPOS="834" VPOS="2816" WIDTH="8" />
</TextLine>
<TextLine HEIGHT="47" HPOS="193" VPOS="2852" WIDTH="676">
<String CONTENT="Illustrated" HEIGHT="39" HPOS="193" VPOS="2852" WIDTH="285" />
<SP HEIGHT="39" HPOS="479" VPOS="2852" WIDTH="29" />
<String CONTENT="lining-papers." HEIGHT="47" HPOS="509" VPOS="2852" WIDTH="360" />
</TextLine>
<TextLine HEIGHT="53" HPOS="121" VPOS="2921" WIDTH="1856">
<String CONTENT="&#169;" HEIGHT="53" HPOS="121" VPOS="2921" WIDTH="52" />
<SP HEIGHT="53" HPOS="174" VPOS="2921" WIDTH="25" />
<String CONTENT="July" HEIGHT="46" HPOS="200" VPOS="2926" WIDTH="114" />
<SP HEIGHT="45" HPOS="315" VPOS="2927" WIDTH="23" />
<String CONTENT="30," HEIGHT="46" HPOS="339" VPOS="2926" WIDTH="68" />
<SP HEIGHT="45" HPOS="408" VPOS="2927" WIDTH="25" />
<String CONTENT="1936;" HEIGHT="45" HPOS="434" VPOS="2926" WIDTH="139" />
<SP HEIGHT="45" HPOS="574" VPOS="2926" WIDTH="26" />
<String CONTENT="2c." HEIGHT="40" HPOS="601" VPOS="2926" WIDTH="66" />
<SP HEIGHT="30" HPOS="668" VPOS="2936" WIDTH="26" />
<String CONTENT="and" HEIGHT="39" HPOS="695" VPOS="2926" WIDTH="93" />
<SP HEIGHT="40" HPOS="789" VPOS="2926" WIDTH="25" />
<String CONTENT="aff." HEIGHT="41" HPOS="815" VPOS="2925" WIDTH="81" />
<SP HEIGHT="39" HPOS="897" VPOS="2926" WIDTH="26" />
<String CONTENT="Aug." HEIGHT="46" HPOS="924" VPOS="2926" WIDTH="118" />
<SP HEIGHT="40" HPOS="1043" VPOS="2926" WIDTH="25" />
<String CONTENT="5;" HEIGHT="46" HPOS="1069" VPOS="2926" WIDTH="52" />
<SP HEIGHT="45" HPOS="1122" VPOS="2927" WIDTH="27" />
<String CONTENT="A" HEIGHT="37" HPOS="1150" VPOS="2927" WIDTH="39" />
<SP HEIGHT="41" HPOS="1190" VPOS="2924" WIDTH="25" />
<String CONTENT="96732;" HEIGHT="47" HPOS="1216" VPOS="2924" WIDTH="169" />
<SP HEIGHT="45" HPOS="1386" VPOS="2926" WIDTH="30" />
<String CONTENT="Rand," HEIGHT="48" HPOS="1417" VPOS="2926" WIDTH="153" />
<SP HEIGHT="47" HPOS="1571" VPOS="2927" WIDTH="28" />
<String CONTENT="McNally" HEIGHT="47" HPOS="1600" VPOS="2927" WIDTH="223" />
<SP HEIGHT="46" HPOS="1824" VPOS="2928" WIDTH="24" />
<String CONTENT="&amp;" HEIGHT="39" HPOS="1849" VPOS="2928" WIDTH="36" />
<SP HEIGHT="39" HPOS="1886" VPOS="2928" WIDTH="21" />
<String CONTENT="co." HEIGHT="32" HPOS="1908" VPOS="2936" WIDTH="69" />
</TextLine>
<TextLine HEIGHT="48" HPOS="199" VPOS="2982" WIDTH="278">
<String CONTENT="(36-17478)" HEIGHT="48" HPOS="199" VPOS="2982" WIDTH="278" />
</TextLine>
<TextLine HEIGHT="64" HPOS="119" STYLEREFS="StyleId-D0F6DBF9-2011-4083-A099-9FF4FD469F5D-" VPOS="3086" WIDTH="782">
<String CONTENT="Dos" HEIGHT="52" HPOS="119" VPOS="3086" WIDTH="119" />
<SP HEIGHT="51" HPOS="239" VPOS="3087" WIDTH="25" />
<String CONTENT="Passos," HEIGHT="62" HPOS="265" VPOS="3087" WIDTH="233" />
<SP HEIGHT="63" HPOS="499" VPOS="3086" WIDTH="27" />
<String CONTENT="John," HEIGHT="64" HPOS="527" VPOS="3086" WIDTH="173" />
<SP HEIGHT="57" HPOS="701" VPOS="3093" WIDTH="29" />
<String CONTENT="1896-" HEIGHT="49" HPOS="731" VPOS="3091" WIDTH="170" />
</TextLine>
<TextLine CS="1" HEIGHT="147" HPOS="122" STYLEREFS="StyleId-03DDD7FA-1DED-4D10-8D74-ADA96D162BE8-" VPOS="3173" WIDTH="1961">
<String CONTENT="&#8230;" CS="1" />
<SP HEIGHT="51" HPOS="251" VPOS="3176" WIDTH="36" />
<String CONTENT="The" HEIGHT="52" HPOS="288" VPOS="3175" WIDTH="121" />
<SP HEIGHT="52" HPOS="410" VPOS="3175" WIDTH="31" />
<String CONTENT="big" HEIGHT="68" HPOS="442" VPOS="3175" WIDTH="100" />
<SP HEIGHT="50" HPOS="543" VPOS="3193" WIDTH="29" />
<String CONTENT="money." HEIGHT="51" HPOS="573" VPOS="3192" WIDTH="218" />
<SP HEIGHT="54" HPOS="792" VPOS="3173" WIDTH="72" />
<String CONTENT="New" HEIGHT="55" HPOS="865" VPOS="3173" WIDTH="139" />
<SP HEIGHT="53" HPOS="1005" VPOS="3173" WIDTH="34" />
<String CONTENT="York," HEIGHT="69" HPOS="1040" VPOS="3173" WIDTH="180" />
<SP HEIGHT="67" HPOS="1221" VPOS="3175" WIDTH="32" />
<String CONTENT="Harcourt," HEIGHT="66" HPOS="1254" VPOS="3175" WIDTH="309" />
<SP HEIGHT="66" HPOS="1564" VPOS="3175" WIDTH="35" />
<String CONTENT="Brace" HEIGHT="53" HPOS="1600" VPOS="3175" WIDTH="180" />
<SP HEIGHT="35" HPOS="1781" VPOS="3193" WIDTH="33" />
<String CONTENT="and" HEIGHT="52" HPOS="1815" VPOS="3175" WIDTH="112" />
<SP HEIGHT="53" HPOS="1928" VPOS="3175" WIDTH="33" />
<String CONTENT="company" HEIGHT="126" HPOS="122" VPOS="3193" WIDTH="1961" />
<SP HEIGHT="50" HPOS="273" VPOS="3270" WIDTH="31" />
<String CONTENT="[" HEIGHT="35" HPOS="305" VPOS="3285" WIDTH="13" />
<String CONTENT="c" HEIGHT="21" HPOS="323" STYLE="superscript" VPOS="3258" WIDTH="17" />
<String CONTENT="1936]" HEIGHT="64" HPOS="345" VPOS="3254" WIDTH="151" />
</TextLine>
<TextLine CS="1" HEIGHT="49" HPOS="191" STYLEREFS="StyleId-03DDD7FA-1DED-4D10-8D74-ADA96D162BE8-" VPOS="3335" WIDTH="398">
<String CONTENT="viii," HEIGHT="48" HPOS="191" VPOS="3336" WIDTH="99" />
<SP HEIGHT="48" HPOS="291" VPOS="3336" WIDTH="27" />
<String CONTENT="561" HEIGHT="40" HPOS="319" VPOS="3336" WIDTH="83" />
<SP HEIGHT="47" HPOS="403" VPOS="3337" WIDTH="28" />
<String CONTENT="p." HEIGHT="37" HPOS="432" VPOS="3347" WIDTH="42" />
<SP HEIGHT="40" HPOS="475" VPOS="3337" WIDTH="59" />
<String CONTENT="19&#189;cm." CS="1" HEIGHT="41" HPOS="535" VPOS="3335" WIDTH="54" />
</TextLine>
<TextLine HEIGHT="41" HPOS="193" VPOS="3406" WIDTH="419">
<String CONTENT="&#8220;First" HEIGHT="39" HPOS="193" VPOS="3407" WIDTH="159" />
<SP HEIGHT="37" HPOS="353" VPOS="3409" WIDTH="33" />
<String CONTENT="edition.&#8221;" HEIGHT="41" HPOS="387" VPOS="3406" WIDTH="225" />
</TextLine>
<TextLine CS="1" HEIGHT="53" HPOS="123" VPOS="3475" WIDTH="1988">
<String CONTENT="&#169;" HEIGHT="52" HPOS="123" VPOS="3475" WIDTH="52" />
<SP HEIGHT="52" HPOS="176" VPOS="3475" WIDTH="25" />
<String CONTENT="Aug." HEIGHT="44" HPOS="202" VPOS="3481" WIDTH="118" />
<SP HEIGHT="39" HPOS="321" VPOS="3480" WIDTH="29" />
<String CONTENT="6," HEIGHT="46" HPOS="351" VPOS="3480" WIDTH="39" />
<SP HEIGHT="46" HPOS="391" VPOS="3480" WIDTH="28" />
<String CONTENT="1936;" CS="1" />
<SP HEIGHT="40" HPOS="559" VPOS="3480" WIDTH="30" />
<String CONTENT="2c." HEIGHT="40" HPOS="590" VPOS="3480" WIDTH="68" />
<SP HEIGHT="30" HPOS="659" VPOS="3490" WIDTH="29" />
<String CONTENT="and" HEIGHT="39" HPOS="689" VPOS="3480" WIDTH="96" />
<SP HEIGHT="39" HPOS="786" VPOS="3480" WIDTH="28" />
<String CONTENT="aff." HEIGHT="41" HPOS="815" VPOS="3479" WIDTH="80" />
<SP HEIGHT="39" HPOS="896" VPOS="3481" WIDTH="30" />
<String CONTENT="Aug." HEIGHT="45" HPOS="927" VPOS="3481" WIDTH="117" />
<SP HEIGHT="40" HPOS="1045" VPOS="3481" WIDTH="30" />
<String CONTENT="8;" HEIGHT="46" HPOS="1076" VPOS="3481" WIDTH="51" />
<SP HEIGHT="46" HPOS="1128" VPOS="3481" WIDTH="32" />
<String CONTENT="A" HEIGHT="38" HPOS="1161" VPOS="3481" WIDTH="37" />
<SP HEIGHT="40" HPOS="1199" VPOS="3480" WIDTH="29" />
<String CONTENT="97327;" HEIGHT="46" HPOS="1229" VPOS="3480" WIDTH="170" />
<SP HEIGHT="46" HPOS="1400" VPOS="3480" WIDTH="33" />
<String CONTENT="J." HEIGHT="41" HPOS="1434" VPOS="3480" WIDTH="42" />
<SP HEIGHT="40" HPOS="1477" VPOS="3481" WIDTH="31" />
<String CONTENT="Dos" HEIGHT="38" HPOS="1509" VPOS="3481" WIDTH="98" />
<SP HEIGHT="38" HPOS="1608" VPOS="3481" WIDTH="32" />
<String CONTENT="Passos," HEIGHT="47" HPOS="1641" VPOS="3481" WIDTH="189" />
<SP HEIGHT="48" HPOS="1831" VPOS="3480" WIDTH="28" />
<String CONTENT="Province-" HEIGHT="42" HPOS="1860" VPOS="3478" WIDTH="251" />
</TextLine>
<TextLine HEIGHT="50" HPOS="194" VPOS="3536" WIDTH="669">
<String CONTENT="town," HEIGHT="47" HPOS="194" VPOS="3539" WIDTH="139" />
<SP HEIGHT="48" HPOS="334" VPOS="3538" WIDTH="33" />
<String CONTENT="Mass." HEIGHT="39" HPOS="368" VPOS="3538" WIDTH="144" />
<SP HEIGHT="47" HPOS="513" VPOS="3536" WIDTH="70" />
<String CONTENT="(36-17476)" HEIGHT="47" HPOS="584" VPOS="3536" WIDTH="279" />
</TextLine>
<TextLine HEIGHT="65" HPOS="122" STYLEREFS="StyleId-03DDD7FA-1DED-4D10-8D74-ADA96D162BE8-" VPOS="3640" WIDTH="1026">
<String CONTENT="Etherton," HEIGHT="64" HPOS="122" VPOS="3640" WIDTH="308" />
<SP HEIGHT="63" HPOS="431" VPOS="3641" WIDTH="28" />
<String CONTENT="Percy" HEIGHT="62" HPOS="460" VPOS="3641" WIDTH="186" />
<SP HEIGHT="62" HPOS="647" VPOS="3641" WIDTH="26" />
<String CONTENT="Thomas," HEIGHT="65" HPOS="674" VPOS="3640" WIDTH="273" />
<SP HEIGHT="58" HPOS="948" VPOS="3647" WIDTH="31" />
<String CONTENT="1879-" HEIGHT="53" HPOS="980" VPOS="3643" WIDTH="168" />
</TextLine>
<TextLine CS="1" HEIGHT="68" HPOS="190" STYLEREFS="StyleId-03DDD7FA-1DED-4D10-8D74-ADA96D162BE8-" VPOS="3730" WIDTH="1857">
<String CONTENT="The" HEIGHT="52" HPOS="190" VPOS="3730" WIDTH="119" />
<SP HEIGHT="47" HPOS="310" VPOS="3735" WIDTH="32" />
<String CONTENT="trail" HEIGHT="52" HPOS="343" VPOS="3732" WIDTH="134" />
<SP HEIGHT="52" HPOS="478" VPOS="3732" WIDTH="32" />
<String CONTENT="of" HEIGHT="54" HPOS="511" VPOS="3730" WIDTH="62" />
<SP HEIGHT="53" HPOS="574" VPOS="3730" WIDTH="31" />
<String CONTENT="the" HEIGHT="53" HPOS="606" VPOS="3730" WIDTH="96" />
<SP HEIGHT="34" HPOS="703" VPOS="3749" WIDTH="33" />
<String CONTENT="conquerors" HEIGHT="51" HPOS="737" VPOS="3747" WIDTH="333" />
<SP HEIGHT="47" HPOS="1071" VPOS="3750" WIDTH="38" />
<String CONTENT="[by" CS="1" HEIGHT="66" HPOS="1110" VPOS="3731" WIDTH="51" />
<SP HEIGHT="66" HPOS="1220" VPOS="3730" WIDTH="39" />
<String CONTENT="Colonel" HEIGHT="55" HPOS="1260" VPOS="3730" WIDTH="232" />
<SP HEIGHT="50" HPOS="1493" VPOS="3732" WIDTH="32" />
<String CONTENT="P." HEIGHT="50" HPOS="1526" VPOS="3732" WIDTH="64" />
<SP HEIGHT="51" HPOS="1591" VPOS="3731" WIDTH="34" />
<String CONTENT="T." HEIGHT="51" HPOS="1626" VPOS="3731" WIDTH="64" />
<SP HEIGHT="51" HPOS="1691" VPOS="3731" WIDTH="34" />
<String CONTENT="Etherton" HEIGHT="52" HPOS="1726" VPOS="3731" WIDTH="280" />
<SP HEIGHT="32" HPOS="2007" VPOS="3750" WIDTH="40" />
<String CONTENT="&#8230;" CS="1" />
</TextLine>
<TextLine CS="1" HEIGHT="66" HPOS="122" STYLEREFS="StyleId-03DDD7FA-1DED-4D10-8D74-ADA96D162BE8-" VPOS="3807" WIDTH="1817">
<String CONTENT="and" HEIGHT="52" HPOS="122" VPOS="3807" WIDTH="110" />
<SP HEIGHT="53" HPOS="233" VPOS="3807" WIDTH="30" />
<String CONTENT="Vernon" HEIGHT="52" HPOS="264" VPOS="3808" WIDTH="228" />
<SP HEIGHT="51" HPOS="493" VPOS="3809" WIDTH="30" />
<String CONTENT="Barlow" HEIGHT="52" HPOS="524" VPOS="3808" WIDTH="231" />
<SP HEIGHT="33" HPOS="756" VPOS="3827" WIDTH="34" />
<String CONTENT="&#8230;" CS="1" />
<SP HEIGHT="53" HPOS="848" VPOS="3808" WIDTH="67" />
<String CONTENT="London," HEIGHT="62" HPOS="916" VPOS="3807" WIDTH="257" />
<SP HEIGHT="61" HPOS="1174" VPOS="3808" WIDTH="29" />
<String CONTENT="Jarrolds," HEIGHT="65" HPOS="1204" VPOS="3808" WIDTH="280" />
<SP HEIGHT="65" HPOS="1485" VPOS="3808" WIDTH="30" />
<String CONTENT="limited," HEIGHT="57" HPOS="1516" VPOS="3807" WIDTH="239" />
<SP HEIGHT="53" HPOS="1756" VPOS="3811" WIDTH="33" />
<String CONTENT="1936." HEIGHT="49" HPOS="1790" VPOS="3811" WIDTH="149" />
</TextLine>
<TextLine HEIGHT="51" HPOS="189" VPOS="3878" WIDTH="1038">
<String CONTENT="286" HEIGHT="40" HPOS="189" VPOS="3878" WIDTH="85" />
<SP HEIGHT="49" HPOS="275" VPOS="3879" WIDTH="24" />
<String CONTENT="p." HEIGHT="37" HPOS="300" VPOS="3891" WIDTH="43" />
<SP HEIGHT="41" HPOS="344" VPOS="3879" WIDTH="52" />
<String CONTENT="front.," HEIGHT="47" HPOS="397" VPOS="3879" WIDTH="163" />
<SP HEIGHT="37" HPOS="561" VPOS="3891" WIDTH="25" />
<String CONTENT="plates," HEIGHT="48" HPOS="587" VPOS="3880" WIDTH="171" />
<SP HEIGHT="47" HPOS="759" VPOS="3881" WIDTH="25" />
<String CONTENT="fold." HEIGHT="42" HPOS="785" VPOS="3881" WIDTH="118" />
<SP HEIGHT="30" HPOS="904" VPOS="3892" WIDTH="26" />
<String CONTENT="map." HEIGHT="38" HPOS="931" VPOS="3891" WIDTH="124" />
<SP HEIGHT="41" HPOS="1056" VPOS="3880" WIDTH="55" />
<String CONTENT="22" HEIGHT="39" HPOS="1112" VPOS="3879" WIDTH="54" />
<String CONTENT="cm" HEIGHT="21" HPOS="1170" STYLE="superscript" VPOS="3883" WIDTH="44" />
<String CONTENT="." HEIGHT="9" HPOS="1218" VPOS="3912" WIDTH="9" />
</TextLine>
<TextLine CS="1" HEIGHT="53" HPOS="124" VPOS="3945" WIDTH="1984">
<String CONTENT="&#169;" HEIGHT="52" HPOS="124" VPOS="3945" WIDTH="52" />
<SP />
<String CONTENT="1c." CS="1" />
<SP />
<String CONTENT="June" HEIGHT="39" HPOS="309" VPOS="3951" WIDTH="126" />
<SP HEIGHT="38" HPOS="436" VPOS="3951" WIDTH="32" />
<String CONTENT="25," HEIGHT="44" HPOS="469" VPOS="3951" WIDTH="67" />
<SP HEIGHT="43" HPOS="537" VPOS="3952" WIDTH="35" />
<String CONTENT="1936;" HEIGHT="46" HPOS="573" VPOS="3951" WIDTH="138" />
<SP HEIGHT="44" HPOS="712" VPOS="3953" WIDTH="36" />
<String CONTENT="A" HEIGHT="38" HPOS="749" VPOS="3953" WIDTH="41" />
<SP HEIGHT="38" HPOS="791" VPOS="3953" WIDTH="31" />
<String CONTENT="ad" HEIGHT="39" HPOS="823" VPOS="3952" WIDTH="59" />
<SP HEIGHT="39" HPOS="883" VPOS="3951" WIDTH="33" />
<String CONTENT="int." HEIGHT="40" HPOS="917" VPOS="3951" WIDTH="87" />
<SP HEIGHT="40" HPOS="1005" VPOS="3951" WIDTH="35" />
<String CONTENT="21662;" HEIGHT="42" HPOS="1041" VPOS="3951" WIDTH="170" />
<SP HEIGHT="37" HPOS="1212" VPOS="3961" WIDTH="36" />
<String CONTENT="pubd." HEIGHT="47" HPOS="1249" VPOS="3951" WIDTH="141" />
<SP HEIGHT="38" HPOS="1391" VPOS="3953" WIDTH="36" />
<String CONTENT="Apr." HEIGHT="45" HPOS="1428" VPOS="3953" WIDTH="111" />
<SP HEIGHT="40" HPOS="1540" VPOS="3952" WIDTH="34" />
<String CONTENT="30;" HEIGHT="41" HPOS="1575" VPOS="3951" WIDTH="82" />
<SP HEIGHT="40" HPOS="1658" VPOS="3952" WIDTH="38" />
<String CONTENT="P." HEIGHT="40" HPOS="1697" VPOS="3952" WIDTH="49" />
<SP HEIGHT="41" HPOS="1747" VPOS="3951" WIDTH="34" />
<String CONTENT="T." HEIGHT="37" HPOS="1782" VPOS="3951" WIDTH="51" />
<SP HEIGHT="37" HPOS="1834" VPOS="3952" WIDTH="37" />
<String CONTENT="Etherton" HEIGHT="39" HPOS="1872" VPOS="3951" WIDTH="236" />
</TextLine>
<TextLine HEIGHT="48" HPOS="191" VPOS="4007" WIDTH="1122">
<String CONTENT="and" HEIGHT="38" HPOS="191" VPOS="4007" WIDTH="94" />
<SP HEIGHT="39" HPOS="286" VPOS="4007" WIDTH="24" />
<String CONTENT="Vernon" HEIGHT="38" HPOS="311" VPOS="4008" WIDTH="189" />
<SP HEIGHT="36" HPOS="501" VPOS="4009" WIDTH="27" />
<String CONTENT="Barlow," HEIGHT="47" HPOS="529" VPOS="4008" WIDTH="204" />
<SP HEIGHT="47" HPOS="734" VPOS="4008" WIDTH="24" />
<String CONTENT="London." HEIGHT="40" HPOS="759" VPOS="4008" WIDTH="210" />
<SP HEIGHT="48" HPOS="970" VPOS="4007" WIDTH="63" />
<String CONTENT="(36-17820)" HEIGHT="48" HPOS="1034" VPOS="4007" WIDTH="279" />
</TextLine>
</TextBlock>
</PrintSpace>
</Page>
</Layout>
</alto>