2519 4377
997 4142 130 49 1735

83 479 338 64 Rainsford,
450 480 257 53 Frances
732 479 379 64 Bernadette,
1142 484 170 50 1903-

153 570 119 52 The
302 569 112 52 Isle
442 568 63 52 of
534 567 162 55 Good
727 567 211 65 Intent,
964 568 73 67 by
1069 569 62 52 F.
1162 567 346 54 Bernadette
1534 566 333 54 Rainsford.
83 568 1975 133 Boston,

226 644 1337 68 The Christopher publishing house [ c 1936 ]
150 714 745 49 2 p. l., vii-x, 11-50 p. 20½cm.
82 786 53 53 ©
171 790 100 40 Oct.
310 789 65 42 16.
414 789 112 39 1930;
589 789 67 40 2c.
695 791 101 38 Oct.
833 790 55 36 28:
954 789 82 40 all.
1072 793 100 35 Oct.
1208 788 82 42 30;
1331 791 38 37 A
1406 788 170 41 99040:
1618 788 318 48 Christopher
1973 789 109 47 pub.

153 847 160 39 house.
382 845 282 48 (30-33123)

81 949 281 64 Rexford,
390 950 198 53 Frank
616 949 244 63 Adison,
891 951 170 54 1876-

154 1040 236 54 Bevond
440 1040 94 53 the
585 1039 219 67 school;
859 1057 31 34 a
940 1040 270 53 textbook
1258 1057 73 35 on
1381 1039 158 52 work
1590 1038 113 53 and
1751 1037 204 70 living,
2005 1039 73 68 by

89 1115 1992 70 Frank A. Rexford … Charles M. Smith … Sarah Lansburg
85 1193 1995 69 Sellin … [and] Paul F. Frabbito … New York, H. Holt and
81 1290 278 50 company
397 1306 12 34 [c
437 1275 132 49 1936
577 1305 10 34 ]

149 1353 79 38 xx,
260 1343 85 40 413
378 1353 42 37 p.
482 1343 85 39 col.
604 1342 163 47 front.,
804 1343 141 47 illus.,
982 1342 178 48 cliagrs.
1221 1342 56 41 20½c
1327 1345 26 22 m
1358 1376 9 9 .

151 1399 71 41 On
258 1409 140 30 cover:
463 1399 206 40 Revised
704 1400 197 42 edition.

150 1455 347 49 Bibliography:
561 1466 43 38 p.
638 1454 218 42 395-408.

81 1525 53 53 ©
163 1529 101 40 Oct.
293 1527 69 48 29,
392 1527 141 43 1930;
564 1529 66 37 2c.
659 1528 94 40 and
785 1528 82 40 aff.
897 1529 117 38 Nov.
1045 1529 81 39 20:
1160 1530 37 36 A
1233 1527 196 47 100565;
1463 1529 167 46 Henry
1662 1529 119 41 Holt
1811 1530 35 39 &
1876 1539 80 39 co.,
1990 1529 90 42 inc.

156 1585 280 51 [Copyright
472 1585 39 39 is
542 1584 207 42 claimed
781 1596 60 29 on
874 1584 246 40 additions
1154 1584 93 40 and
1282 1583 251 52 revisions]

160 1642 279 49 (36-32881)

78 1747 308 64 Richards,
415 1747 235 55 Claude.

149 1836 184 53 Home
368 1836 242 67 evening
641 1835 307 53 handbook
981 1835 94 52 for
1108 1852 97 36 use
1236 1834 64 54 of
1334 1840 231 63 parents
1599 1834 112 53 and

1745 1835 159 53 older
79 1835 1972 145 children,
271 1914 75 67 by
388 1911 217 56 Claude
644 1912 299 53 Richards.
1019 1911 271 69 Adopted
1330 1931 58 35 as
1424 1910 200 55 official
1662 1911 174 70 guide
1870 1913 75 68 by
1982 1914 97 52 the

78 1991 302 67 Highland
420 1991 156 52 stake
616 1990 64 52 of
717 1991 95 53 the
852 1989 228 56 Church
1122 1989 64 54 of
1223 1990 167 54 Jesus
1429 1987 196 58 Christ
1662 1989 65 54 of
1763 1991 314 69 latter-day

79 2064 1974 149 saints … 1st ed., 1936. Salt Lake City, Deseret book company [c1936]
146 2215 1303 50 2 p. l., 84 p. incl. forms, plates, ports. 19½c m .
78 2286 53 53 ©
165 2292 110 37 May
307 2290 70 47 20,
410 2289 85 40 1936;
586 2288 66 40 2c.
689 2289 102 41 Oct.
825 2288 82 41 20:
941 2289 82 40 aff.
1057 2289 102 41 Oct.
1193 2289 82 40 23:
1313 2291 42 38 A
1384 2288 146 41 99587;
1594 2291 49 41 C.
1680 2290 257 50 Richards,
1976 2292 104 41 Salt

150 2348 130 39 Lake
310 2346 123 47 City.
505 2345 280 47 (30-33318)

76 2450 354 64 Rundquist,
459 2451 252 52 Edward
740 2450 229 63 Alfred,
999 2456 170 49 1906-

148 2541 358 65 Personality
545 2540 57 52 in
640 2541 94 52 the
771 2541 325 65 depression;
1164 2559 27 33 a
1231 2541 172 65 study
1439 2541 59 52 in
1534 2540 96 53 the
1665 2549 412 46 measurement

77 2616 1997 69 of attitudes, by Edward A. Rundquist … and Raymond F.
79 2695 1997 68 Sletto … Minneapolis. The Fniversitv of Minnesota press.
80 2779 144 48 1936.

76 2844 1984 99 xxii. 398 p. incl. table's. 21½ cm . (Half-title: … University of Minnesota.
259 2904 101 40 The
394 2904 235 39 Institute
664 2903 52 38 of
748 2903 128 38 child
914 2903 213 40 welfare.
1194 2903 297 47 Monograph
1530 2902 151 40 series
1714 2913 74 29 no.
1914 2912 9 37 XII)

76 2970 53 53 ©
154 2974 101 40 Oct.
279 2973 69 48 12,
372 2972 141 48 1936;
539 2973 67 40 2c.
632 2973 97 39 and
754 2973 81 40 aff.
862 2974 110 39 Dec.
998 2973 48 38 21:
1108 2974 38 38 A
1171 2973 198 47 101443;
1400 2972 283 49 University
1709 2973 52 39 of
1787 2971 288 51 [Minnesota,

202 3026 717 52 ℅ Li via Appel, Minneapolis.
74 3135 353 64 Sauvageot,
457 3136 293 63 Marcelle,
783 3141 325 49 1900-1934.

206 3209 1868 70 … Commentaire; avec un avant-propos de Charles Du Bos.
133 3307 125 34 Nouv.
296 3288 103 66 éd.,
435 3289 330 67 augmentée
801 3288 69 55 de
909 3306 171 51 pages
1118 3289 319 53 retrouvées
1473 3295 55 47 et
1566 3288 319 68 fragments

77 3295 1975 124 posthumes
298 3365 279 54 recueillis
603 3384 106 50 par
737 3366 145 54 Jean
912 3367 256 52 Mouton.
1233 3367 186 65 Paris,
1450 3365 175 56 Stock
1662 3366 333 68 (Delamain
2022 3374 52 47 et

80 3443 358 69 Boutelleau)
484 3447 171 64 [1936]

146 3518 82 39 172
257 3529 40 37 p.
354 3518 148 40 front,
532 3517 173 49 (port.)
767 3519 54 40 17
825 3520 42 21 cm
874 3551 8 8 .
950 3518 63 49 (A
1042 3520 46 38 la
1116 3518 304 49 promenade.
1484 3517 83 51 [9])

75 3583 1978 100 © June 25, 1936; 1c. Aug. 27: A- Foreign 33132; Librairie Stock, Delamain
301 3650 46 34 et
374 3645 301 41 Boutelleau.
740 3645 280 45 (36-34599)

73 3745 291 67 Simenon,
393 3747 277 65 Georges,
700 3753 171 50 1903-

203 3823 1860 67 … Les demoiselles de Concarneau. Paris, Gallimard [ c 1936]
142 3895 748 49 2 p. l., 7-250 p., 1 l. 18 ½c m .
142 3951 61 38 At
231 3951 122 39 head
384 3951 52 41 of
462 3951 107 40 title:
629 3952 239 41 Simenon.

75 4013 1992 54 © July 20, 1936; 1c. Oct. 22: A-Foreign 33183: Librairie Gallimard.
151 4074 279 51 (36-34598)
