2519 4377
1353 4132 99 49 562

381 445 220 64 Brady,
626 446 215 53 Marna
868 445 278 59 Venable.

454 534 316 70 Tumbling
809 534 94 55 for
938 534 173 71 girls;
1151 558 31 33 a
1221 536 305 56 handbook
1566 538 93 54 for
1696 539 252 55 teachers
1988 540 112 53 and
2136 541 258 54 students

383 612 1987 134 in high school and college, by Marna Venable Brady … illustrated with 41
860 694 363 69 engravings.
1287 693 428 71 Philadelphia,
1740 696 115 53 Lea
1881 700 46 50 &
1952 696 264 71 Febiger,
2243 702 151 50 1936.

455 782 83 40 100
569 793 44 38 p.
674 780 164 50 front.,
871 782 128 41 illus.
1057 782 57 41 20½
1148 785 43 21 cm
1196 815 9 9 .

454 851 380 51 Bibliography:
866 864 44 39 p.
940 854 70 40 95.

384 920 54 55 ©
465 926 123 38 Mar.
615 924 70 50 20,
715 924 141 49 1936;
886 925 68 43 2c.
985 927 121 38 Mar.
1134 926 84 47 20;
1251 923 82 42 aff.
1364 926 123 40 Mar.
1516 925 83 48 21;
1630 926 40 39 A
1701 926 142 42 93287;
1905 928 97 40 Lea
2030 928 36 40 &
2098 927 218 50 Febiger.

464 982 254 49 (36-9807)

383 1102 290 65 Bronson,
701 1102 238 56 Wilfrid
968 1104 368 64 Swancourt,
1366 1110 172 50 1894-

455 1195 199 54 Water
703 1195 220 68 people,
970 1194 230 54 written
1249 1195 113 53 and
1412 1194 322 55 illustrated
1783 1195 75 66 by
1903 1196 249 56 Wilfrid
385 1197 1989 129 Swancourt
614 1276 279 51 Bronson.
969 1274 140 53 New

1176 1273 181 68 York,
1424 1274 121 53 The
1610 1273 444 57 Wise-Parslow
2119 1294 281 49 company

390 1355 194 65 [c1935]

460 1438 85 41 119
576 1449 41 37 p.
681 1438 86 41 col.
799 1437 128 41 illus.
989 1437 56 41 24
1047 1440 44 22 cm
1097 1470 8 9 .

463 1510 288 41 Illustrated
782 1508 351 50 lining-papers
1162 1510 49 39 in
1242 1510 144 41 color.

463 1566 299 50 “Suggested
797 1566 150 50 helps,
982 1567 238 49 prepared
1255 1567 61 49 by
1350 1567 170 41 Bessie
1554 1567 293 41 Blackstone
1883 1567 287 42 Coleman”:
2212 1579 40 39 p.
390 1569 2011 99 105-119.

388 1694 53 53 ©
472 1698 102 41 Oct.
598 1697 72 48 25,
700 1696 140 48 1935;
871 1697 68 40 2c.
969 1697 110 40 Jan.
1108 1697 41 47 2,
1179 1696 141 48 1936;
1353 1697 82 41 aff.
1466 1698 123 40 Mar.
1618 1697 83 47 19;
1732 1697 41 40 A
1802 1698 172 46 92394;
2005 1698 133 41 Wise
2166 1699 123 39 book
2318 1708 83 36 co.,

458 1754 106 49 inc.,
591 1756 118 39 New
735 1755 145 42 York.
945 1754 281 48 (36-27137)

389 1860 216 63 Cabell,
630 1860 207 54 James
861 1860 255 63 Branch,
1147 1861 171 54 1879-

458 1947 1942 72 Preface to the past, by James Branch Cabell … New York,
387 2028 68 54 R.
486 2029 80 53 M.
593 2027 280 56 McBride
900 2027 46 51 &
975 2046 284 51 company
1295 2061 13 34 [
1312 2033 19 23 c
1336 2030 153 65 1936]

461 2115 99 42 viii.
586 2115 88 42 309
700 2125 44 39 p.
805 2114 57 42 19½
894 2117 43 22 cm
942 2146 9 9 .

463 2186 37 40 A
524 2186 315 49 compilation
864 2186 52 41 of
941 2186 82 41 the
1045 2186 222 48 prefaces
1292 2189 47 38 to
1368 2187 80 40 the
1475 2186 217 42 volumes
1718 2185 55 41 of
1797 2186 81 42 the
1908 2184 280 42 Storisende
2218 2185 184 41 edition

389 2243 53 42 of
472 2245 80 42 the
587 2244 311 49 “Biography
926 2244 52 42 of
1008 2245 81 41 the
1119 2244 88 43 life
1239 2243 52 43 of
1321 2243 241 50 Manuel”,
1595 2245 224 48 together
1850 2244 119 42 with
2003 2243 91 44 five
2129 2243 269 44 additional

391 2302 210 43 “notes”,
663 2304 61 47 cf.
754 2313 43 38 p.
827 2301 99 43 3-4.

463 2360 163 42 “First
659 2359 228 43 edition.”

393 2430 52 53 ©
474 2435 111 39 Feb.
614 2435 69 48 17,
712 2433 113 42 1936;
883 2434 67 40 2c.
980 2435 122 39 Mar.
1130 2433 83 47 27;
1244 2434 81 39 aff.
1357 2435 121 39 Mar.
1508 2434 83 47 26;
1622 2434 41 40 A
1690 2434 172 48 93437;
1894 2436 44 41 J.
1969 2437 55 39 B.

2051 2437 181 46 Cabell,
463 2435 1924 97 Richmond.
689 2491 281 49 (36-27087)

393 2596 303 55 Canadian
724 2596 230 65 mining
981 2597 224 53 bureau
1233 2596 393 65 corporation.

465 2687 330 54 Bombshell
822 2687 61 52 in
909 2688 156 67 price
1091 2687 169 53 affair
1285 2688 270 67 expected
1583 2687 153 53 from
1761 2691 229 51 Pacona
2017 2707 78 35 co.
2123 2707 72 34 on
2221 2689 183 53 brand

392 2786 123 34 new
539 2767 196 67 equity
758 2766 144 54 deal.

475 2854 81 49 (In
583 2850 257 44 Canadian
870 2849 235 43 financial
1134 2849 43 43 &
1205 2848 192 54 mining
1428 2849 203 53 bureau,
1662 2849 123 54 Apr.
1817 2851 71 51 11,
1920 2850 144 51 1936)

396 2922 2011 53 © 1c. May 4, 1936; A ad int. 21440; pubd. Apr. 9; Canadian mining
465 2984 185 40 bureau
679 2982 323 49 corporation,
1031 2983 256 40 Montreal.

395 3086 255 66 Cleator,
675 3085 194 66 Philip
897 3085 228 65 Ellaby,
1155 3092 171 50 1908-

468 3177 246 55 Rockets
749 3176 254 69 through
1037 3194 194 50 space;
1272 3176 97 54 the
1406 3177 166 52 dawn
1610 3175 64 54 of
1712 3176 455 67 interplanetary
2208 3176 198 65 travel,

399 3256 74 68 by
502 3257 66 53 P.
603 3256 68 53 E.
707 3255 245 56 Cleator.
1027 3255 140 53 New
1202 3254 179 66 York,
1414 3253 198 56 Simon
1648 3255 113 52 and
1796 3253 289 65 Schuster,
2122 3256 147 51 1936.

467 3325 1933 54 4 p. l., 7-227 p., 1 l. front., illus., plates, ports., facsim., diagrs. 22 cm .
469 3384 377 44 “References”:
883 3396 41 38 p.
961 3384 217 42 211-212.

399 3453 52 53 ©
483 3458 114 47 Apr.
629 3456 70 48 29,
730 3455 117 42 1936;
904 3455 68 41 2c.
1004 3455 97 40 and
1134 3455 81 40 aff.
1250 3455 113 48 May
1396 3455 52 46 1;
1484 3455 40 39 A
1558 3454 172 46 93920;
1768 3452 165 43 Simon
1966 3453 38 41 &
2037 3454 246 45 Schuster,
2317 3453 90 41 inc.

482 3513 252 50 (36-9971)

398 3619 177 64 Cobb,
602 3619 228 55 Walter
856 3619 218 63 Frank,
1104 3624 170 50 1883-

468 3704 1938 73 Health for body and mind, by Walter Frank Cobb … New
401 3787 177 67 York,
621 3787 261 68 London,
925 3787 70 52 D.
1041 3785 581 69 Appleton-Century
1666 3803 298 50 company,
2007 3784 399 67 incorporated

421 3869 178 64 [ c 1936]
470 3939 117 50 xvii,
615 3940 88 41 534
726 3951 43 38 p.
826 3938 130 43 illus.
1006 3939 59 41 20½
1095 3941 44 22 cm
1143 3971 10 10 .

401 4007 53 52 ©
477 4011 113 48 Apr.
615 4010 70 48 10,
711 4010 141 47 1936;
881 4010 67 41 2c.
975 4010 113 48 Apr.
1114 4011 82 46 13;
1224 4010 83 41 aff.
1333 4010 114 48 Apr.
1473 4009 81 46 14;
1583 4009 40 39 A
1645 4008 172 48 93638;
1846 4009 57 41 D.
1929 4006 477 51 Appleton-Century

470 4078 82 39 co.,
584 4067 91 41 inc.
746 4067 252 50 (36-9811)
