<alto xmlns="http://www.loc.gov/standards/alto/ns-v3#" xmlns:xsi="http://www.w3.org/2001/XMLSchema-instance" xsi:schemaLocation="http://www.loc.gov/standards/alto/ns-v3# http://www.loc.gov/alto/v3/alto-3-0.xsd"><Description>
<MeasurementUnit>pixel</MeasurementUnit>
<sourceImageInformation>
<fileName>1936_v33_Part1.pdf</fileName>
</sourceImageInformation>
<OCRProcessing ID="IdOcr">
<ocrProcessingStep>
<processingDateTime>2019-01-18</processingDateTime>
<processingSoftware>
<softwareCreator>ABBYY</softwareCreator>
<softwareName>ABBYY Recognition Server</softwareName>
<softwareVersion>4.0</softwareVersion>
</processingSoftware>
</ocrProcessingStep>
</OCRProcessing>
</Description>
<Styles>
<ParagraphStyle ALIGN="Left" FIRSTLINE="0." ID="StyleId-FFFFFFFF-FFFF-FFFF-FFFF-FFFFFFFFFFFF-" LEFT="0." RIGHT="0." />
<ParagraphStyle ALIGN="Left" FIRSTLINE="0." ID="StyleId-51D50FAC-7A90-4D70-8A96-5EA9D46D1C8B-" LEFT="0." LINESPACE="7.699999809" RIGHT="0." />
<ParagraphStyle ALIGN="Block" FIRSTLINE="-17." ID="StyleId-6BC133E9-7DCB-43C3-8842-A67984A26405-" LEFT="0." LINESPACE="8.340000153" RIGHT="0." />
<ParagraphStyle ALIGN="Left" FIRSTLINE="-13." ID="StyleId-3C3FF860-43E7-46A2-8934-48F305F6F0D6-" LEFT="0." LINESPACE="11.06999969" RIGHT="0." />
<ParagraphStyle ALIGN="Block" FIRSTLINE="-13." ID="StyleId-19220C76-4F8A-4737-B38C-B5F5C17E6040-" LEFT="0." LINESPACE="11.06999969" RIGHT="0." />
<ParagraphStyle ALIGN="Left" FIRSTLINE="0." ID="StyleId-75A0D721-13ED-4F20-9002-B389EC48477D-" LEFT="0." LINESPACE="15.5" RIGHT="0." />
<ParagraphStyle ALIGN="Left" FIRSTLINE="0." ID="StyleId-8A414184-C7A5-4AC7-9B88-7DA4DDE75922-" LEFT="0." LINESPACE="9.399999619" RIGHT="0." />
<ParagraphStyle ALIGN="Left" FIRSTLINE="0." ID="StyleId-1A87970B-111C-4169-99A6-9412976F3C97-" LEFT="0." LINESPACE="10.5" RIGHT="0." />
<ParagraphStyle ALIGN="Block" FIRSTLINE="-17." ID="StyleId-72DB0571-5AE4-41FD-9E11-68C6AC4C437E-" LEFT="0." LINESPACE="8.340000153" RIGHT="0." />
<ParagraphStyle ALIGN="Center" FIRSTLINE="0." ID="StyleId-1AA43056-C388-4697-B10F-72FDAA38FAE1-" LEFT="0." LINESPACE="10.5" RIGHT="0." />
</Styles>
<Layout>
<Page HEIGHT="4377" ID="Page1156" PHYSICAL_IMG_NR="1156" WIDTH="2519">
<TopMargin HEIGHT="456" HPOS="0" VPOS="0" WIDTH="2519">
</TopMargin>
<LeftMargin HEIGHT="3744" HPOS="0" VPOS="456" WIDTH="382">
</LeftMargin>
<RightMargin HEIGHT="3744" HPOS="2428" VPOS="456" WIDTH="91">
</RightMargin>
<BottomMargin HEIGHT="177" HPOS="0" VPOS="4200" WIDTH="2519">
</BottomMargin>
<PrintSpace HEIGHT="3744" HPOS="382" VPOS="456" WIDTH="2046">
<TextBlock HEIGHT="70" HPOS="1328" ID="Page1156_Block1" LANG="en-US" STYLEREFS="StyleId-A597E6A0-608F-4FA5-B7BF-B807349B7A17-" VPOS="4130" WIDTH="154">
<TextLine HEIGHT="50" HPOS="1338" VPOS="4140" WIDTH="133">
<String CONTENT="1156" HEIGHT="50" HPOS="1338" VPOS="4140" WIDTH="133" />
</TextLine>
</TextBlock>
<TextBlock CS="1" HEIGHT="3678" HPOS="382" ID="Page1156_Block2" LANG="en-US" STYLEREFS="StyleId-2B3D6277-131B-4934-B9E0-F5F3E3109C1C-" VPOS="456" WIDTH="2046">
<TextLine HEIGHT="66" HPOS="398" STYLEREFS="StyleId-65774E18-7D63-42AC-8759-6FF539FBFE85-" VPOS="466" WIDTH="459">
<String CONTENT="Gay," HEIGHT="65" HPOS="398" VPOS="466" WIDTH="147" />
<SP HEIGHT="63" HPOS="546" VPOS="468" WIDTH="22" />
<String CONTENT="Romney." HEIGHT="64" HPOS="569" VPOS="468" WIDTH="288" />
</TextLine>
<TextLine HEIGHT="75" HPOS="470" STYLEREFS="StyleId-9D37547A-B66A-4EC8-924A-3E0C3F085BC0-" VPOS="544" WIDTH="1941">
<String CONTENT="Peter&#8217;s" HEIGHT="54" HPOS="470" VPOS="544" WIDTH="216" />
<SP HEIGHT="34" HPOS="687" VPOS="564" WIDTH="33" />
<String CONTENT="adventure;" HEIGHT="68" HPOS="721" VPOS="546" WIDTH="342" />
<SP HEIGHT="48" HPOS="1064" VPOS="566" WIDTH="33" />
<String CONTENT="written" HEIGHT="54" HPOS="1098" VPOS="547" WIDTH="230" />
<SP HEIGHT="35" HPOS="1329" VPOS="566" WIDTH="31" />
<String CONTENT="and" HEIGHT="53" HPOS="1361" VPOS="549" WIDTH="112" />
<SP HEIGHT="54" HPOS="1474" VPOS="548" WIDTH="34" />
<String CONTENT="illustrated" HEIGHT="54" HPOS="1509" VPOS="548" WIDTH="326" />
<SP HEIGHT="53" HPOS="1836" VPOS="550" WIDTH="32" />
<String CONTENT="by" HEIGHT="68" HPOS="1869" VPOS="550" WIDTH="72" />
<SP HEIGHT="65" HPOS="1942" VPOS="553" WIDTH="34" />
<String CONTENT="Romney" HEIGHT="66" HPOS="1977" VPOS="553" WIDTH="258" />
<SP HEIGHT="67" HPOS="2236" VPOS="552" WIDTH="30" />
<String CONTENT="Gay." HEIGHT="67" HPOS="2267" VPOS="552" WIDTH="144" />
</TextLine>
<TextLine HEIGHT="72" HPOS="399" STYLEREFS="StyleId-9D37547A-B66A-4EC8-924A-3E0C3F085BC0-" VPOS="623" WIDTH="1445">
<String CONTENT="Racine," HEIGHT="69" HPOS="399" VPOS="623" WIDTH="231" />
<SP HEIGHT="67" HPOS="631" VPOS="625" WIDTH="27" />
<String CONTENT="Wis.," HEIGHT="69" HPOS="659" VPOS="624" WIDTH="161" />
<SP HEIGHT="67" HPOS="821" VPOS="626" WIDTH="26" />
<String CONTENT="Whitman" HEIGHT="55" HPOS="848" VPOS="625" WIDTH="300" />
<SP HEIGHT="50" HPOS="1149" VPOS="644" WIDTH="28" />
<String CONTENT="publishing" HEIGHT="69" HPOS="1178" VPOS="626" WIDTH="338" />
<SP HEIGHT="49" HPOS="1517" VPOS="646" WIDTH="26" />
<String CONTENT="co.," HEIGHT="49" HPOS="1544" VPOS="646" WIDTH="97" />
<SP HEIGHT="60" HPOS="1642" VPOS="635" WIDTH="29" />
<String CONTENT="c" HEIGHT="22" HPOS="1672" STYLE="superscript" VPOS="635" WIDTH="17" />
<String CONTENT="1936." HEIGHT="50" HPOS="1694" VPOS="632" WIDTH="150" />
</TextLine>
<TextLine HEIGHT="51" HPOS="474" VPOS="710" WIDTH="862">
<String CONTENT="[32]" HEIGHT="51" HPOS="474" VPOS="710" WIDTH="85" />
<SP HEIGHT="40" HPOS="560" VPOS="721" WIDTH="38" />
<String CONTENT="p." HEIGHT="39" HPOS="599" VPOS="721" WIDTH="44" />
<SP HEIGHT="42" HPOS="644" VPOS="710" WIDTH="60" />
<String CONTENT="illus." HEIGHT="41" HPOS="705" VPOS="710" WIDTH="129" />
<SP HEIGHT="50" HPOS="835" VPOS="711" WIDTH="27" />
<String CONTENT="(part" HEIGHT="50" HPOS="863" VPOS="711" WIDTH="138" />
<SP HEIGHT="39" HPOS="1002" VPOS="714" WIDTH="33" />
<String CONTENT="col.)" HEIGHT="47" HPOS="1036" VPOS="713" WIDTH="114" />
<SP HEIGHT="47" HPOS="1151" VPOS="713" WIDTH="66" />
<String CONTENT="21" HEIGHT="40" HPOS="1218" VPOS="713" WIDTH="54" />
<String CONTENT="cm" HEIGHT="21" HPOS="1277" STYLE="superscript" VPOS="715" WIDTH="44" />
<String CONTENT="." HEIGHT="10" HPOS="1326" VPOS="744" WIDTH="10" />
</TextLine>
<TextLine CS="1" HEIGHT="56" HPOS="399" VPOS="778" WIDTH="2016">
<String CONTENT="&#169;" HEIGHT="53" HPOS="399" VPOS="778" WIDTH="53" />
<SP HEIGHT="53" HPOS="453" VPOS="778" WIDTH="30" />
<String CONTENT="Aug." HEIGHT="47" HPOS="484" VPOS="783" WIDTH="120" />
<SP HEIGHT="39" HPOS="605" VPOS="784" WIDTH="29" />
<String CONTENT="4," HEIGHT="45" HPOS="635" VPOS="784" WIDTH="43" />
<SP HEIGHT="46" HPOS="679" VPOS="783" WIDTH="30" />
<String CONTENT="1936;" HEIGHT="50" HPOS="710" VPOS="781" WIDTH="141" />
<SP HEIGHT="48" HPOS="852" VPOS="783" WIDTH="31" />
<String CONTENT="2c." HEIGHT="41" HPOS="884" VPOS="783" WIDTH="69" />
<SP HEIGHT="40" HPOS="954" VPOS="784" WIDTH="30" />
<String CONTENT="Aug." HEIGHT="47" HPOS="985" VPOS="784" WIDTH="121" />
<SP HEIGHT="40" HPOS="1107" VPOS="784" WIDTH="30" />
<String CONTENT="21;" HEIGHT="47" HPOS="1138" VPOS="784" WIDTH="84" />
<SP HEIGHT="38" HPOS="1223" VPOS="793" WIDTH="33" />
<String CONTENT="aff." CS="1" />
<SP HEIGHT="38" HPOS="1340" VPOS="785" WIDTH="31" />
<String CONTENT="Aug." HEIGHT="47" HPOS="1372" VPOS="785" WIDTH="120" />
<SP HEIGHT="40" HPOS="1493" VPOS="785" WIDTH="32" />
<String CONTENT="20;" CS="1" HEIGHT="40" HPOS="1526" VPOS="785" WIDTH="59" />
<SP HEIGHT="47" HPOS="1610" VPOS="786" WIDTH="31" />
<String CONTENT="A" HEIGHT="39" HPOS="1642" VPOS="786" WIDTH="42" />
<SP HEIGHT="41" HPOS="1685" VPOS="785" WIDTH="26" />
<String CONTENT="97551;" HEIGHT="47" HPOS="1712" VPOS="785" WIDTH="171" />
<SP HEIGHT="45" HPOS="1884" VPOS="787" WIDTH="34" />
<String CONTENT="Whitman" HEIGHT="41" HPOS="1919" VPOS="785" WIDTH="253" />
<SP HEIGHT="37" HPOS="2173" VPOS="797" WIDTH="29" />
<String CONTENT="pub." HEIGHT="48" HPOS="2203" VPOS="786" WIDTH="109" />
<SP HEIGHT="31" HPOS="2313" VPOS="797" WIDTH="33" />
<String CONTENT="co." HEIGHT="34" HPOS="2347" VPOS="796" WIDTH="68" />
</TextLine>
<TextLine CS="1" HEIGHT="48" HPOS="479" VPOS="839" WIDTH="283">
<String CONTENT="(36-18542)" HEIGHT="48" HPOS="479" VPOS="839" WIDTH="283" />
<SP />
</TextLine>
<TextLine HEIGHT="64" HPOS="397" STYLEREFS="StyleId-65774E18-7D63-42AC-8759-6FF539FBFE85-" VPOS="945" WIDTH="372">
<String CONTENT="Hark," HEIGHT="64" HPOS="397" VPOS="945" WIDTH="186" />
<SP HEIGHT="64" HPOS="584" VPOS="945" WIDTH="27" />
<String CONTENT="Ann." HEIGHT="55" HPOS="612" VPOS="945" WIDTH="157" />
</TextLine>
<TextLine HEIGHT="72" HPOS="469" STYLEREFS="StyleId-9D37547A-B66A-4EC8-924A-3E0C3F085BC0-" VPOS="1023" WIDTH="1943">
<String CONTENT="The" HEIGHT="53" HPOS="469" VPOS="1023" WIDTH="122" />
<SP HEIGHT="34" HPOS="592" VPOS="1042" WIDTH="43" />
<String CONTENT="seminary&#8217;s" HEIGHT="68" HPOS="636" VPOS="1023" WIDTH="332" />
<SP HEIGHT="34" HPOS="969" VPOS="1042" WIDTH="44" />
<String CONTENT="secret," HEIGHT="61" HPOS="1014" VPOS="1030" WIDTH="193" />
<SP HEIGHT="66" HPOS="1208" VPOS="1025" WIDTH="43" />
<String CONTENT="by" HEIGHT="67" HPOS="1252" VPOS="1025" WIDTH="76" />
<SP HEIGHT="66" HPOS="1329" VPOS="1026" WIDTH="42" />
<String CONTENT="Ann" HEIGHT="52" HPOS="1372" VPOS="1026" WIDTH="136" />
<SP HEIGHT="52" HPOS="1509" VPOS="1025" WIDTH="44" />
<String CONTENT="Hark;" HEIGHT="66" HPOS="1554" VPOS="1025" WIDTH="197" />
<SP HEIGHT="65" HPOS="1752" VPOS="1026" WIDTH="46" />
<String CONTENT="illustrations" HEIGHT="54" HPOS="1799" VPOS="1025" WIDTH="386" />
<SP HEIGHT="52" HPOS="2186" VPOS="1028" WIDTH="41" />
<String CONTENT="by" HEIGHT="67" HPOS="2228" VPOS="1028" WIDTH="75" />
<SP HEIGHT="66" HPOS="2304" VPOS="1029" WIDTH="42" />
<String CONTENT="F." HEIGHT="53" HPOS="2347" VPOS="1029" WIDTH="65" />
</TextLine>
<TextLine CS="1" HEIGHT="145" HPOS="398" STYLEREFS="StyleId-9D37547A-B66A-4EC8-924A-3E0C3F085BC0-" VPOS="1102" WIDTH="1993">
<String CONTENT="Sands" HEIGHT="55" HPOS="400" VPOS="1102" WIDTH="187" />
<SP HEIGHT="51" HPOS="588" VPOS="1103" WIDTH="28" />
<String CONTENT="Brunner." HEIGHT="53" HPOS="617" VPOS="1103" WIDTH="283" />
<SP HEIGHT="53" HPOS="901" VPOS="1103" WIDTH="65" />
<String CONTENT="Philadelphia," HEIGHT="69" HPOS="967" VPOS="1102" WIDTH="430" />
<SP HEIGHT="66" HPOS="1398" VPOS="1105" WIDTH="25" />
<String CONTENT="London," HEIGHT="67" HPOS="1424" VPOS="1104" WIDTH="261" />
<SP HEIGHT="65" HPOS="1686" VPOS="1106" WIDTH="27" />
<String CONTENT="J." HEIGHT="54" HPOS="1714" VPOS="1106" WIDTH="55" />
<SP HEIGHT="51" HPOS="1770" VPOS="1107" WIDTH="31" />
<String CONTENT="B." HEIGHT="51" HPOS="1802" VPOS="1107" WIDTH="66" />
<SP HEIGHT="53" HPOS="1869" VPOS="1105" WIDTH="28" />
<String CONTENT="Lippincott" HEIGHT="69" HPOS="1898" VPOS="1103" WIDTH="340" />
<SP HEIGHT="47" HPOS="2239" VPOS="1111" WIDTH="29" />
<String CONTENT="company" HEIGHT="123" HPOS="398" VPOS="1124" WIDTH="1993" />
<SP HEIGHT="47" HPOS="554" VPOS="1200" WIDTH="31" />
<String CONTENT="[" HEIGHT="33" HPOS="586" STYLE="subscript" VPOS="1214" WIDTH="12" />
<String CONTENT="c" HEIGHT="21" HPOS="604" STYLE="superscript" VPOS="1186" WIDTH="18" />
<String CONTENT="1936" HEIGHT="50" HPOS="627" VPOS="1183" WIDTH="135" />
<String CONTENT="]" HEIGHT="33" HPOS="768" STYLE="subscript" VPOS="1214" WIDTH="12" />
</TextLine>
<TextLine HEIGHT="50" HPOS="466" VPOS="1265" WIDTH="895">
<String CONTENT="309" HEIGHT="41" HPOS="466" VPOS="1265" WIDTH="85" />
<SP HEIGHT="49" HPOS="552" VPOS="1265" WIDTH="31" />
<String CONTENT="p." HEIGHT="38" HPOS="584" VPOS="1276" WIDTH="44" />
<SP HEIGHT="31" HPOS="629" VPOS="1276" WIDTH="61" />
<String CONTENT="col." HEIGHT="40" HPOS="691" VPOS="1266" WIDTH="86" />
<SP HEIGHT="39" HPOS="778" VPOS="1266" WIDTH="33" />
<String CONTENT="front.," HEIGHT="49" HPOS="812" VPOS="1266" WIDTH="164" />
<SP HEIGHT="38" HPOS="977" VPOS="1277" WIDTH="32" />
<String CONTENT="plates." HEIGHT="48" HPOS="1010" VPOS="1267" WIDTH="173" />
<SP HEIGHT="40" HPOS="1184" VPOS="1266" WIDTH="58" />
<String CONTENT="21" HEIGHT="41" HPOS="1243" VPOS="1266" WIDTH="56" />
<String CONTENT="cm" HEIGHT="21" HPOS="1303" STYLE="superscript" VPOS="1269" WIDTH="44" />
<String CONTENT="." HEIGHT="9" HPOS="1352" VPOS="1300" WIDTH="9" />
</TextLine>
<TextLine CS="1" HEIGHT="56" HPOS="397" VPOS="1333" WIDTH="2018">
<String CONTENT="&#169;" HEIGHT="54" HPOS="397" VPOS="1333" WIDTH="53" />
<SP HEIGHT="54" HPOS="451" VPOS="1333" WIDTH="25" />
<String CONTENT="Aug." HEIGHT="46" HPOS="477" VPOS="1339" WIDTH="121" />
<SP HEIGHT="40" HPOS="599" VPOS="1338" WIDTH="28" />
<String CONTENT="14," HEIGHT="47" HPOS="628" VPOS="1338" WIDTH="72" />
<SP HEIGHT="47" HPOS="701" VPOS="1338" WIDTH="27" />
<String CONTENT="1936;" HEIGHT="49" HPOS="729" VPOS="1336" WIDTH="142" />
<SP HEIGHT="47" HPOS="872" VPOS="1338" WIDTH="29" />
<String CONTENT="2c." HEIGHT="41" HPOS="902" VPOS="1338" WIDTH="68" />
<SP HEIGHT="31" HPOS="971" VPOS="1348" WIDTH="30" />
<String CONTENT="and" HEIGHT="40" HPOS="1002" VPOS="1338" WIDTH="97" />
<SP HEIGHT="40" HPOS="1100" VPOS="1338" WIDTH="27" />
<String CONTENT="aff." CS="1" />
<SP HEIGHT="41" HPOS="1211" VPOS="1339" WIDTH="28" />
<String CONTENT="Aug." HEIGHT="47" HPOS="1240" VPOS="1339" WIDTH="121" />
<SP HEIGHT="41" HPOS="1362" VPOS="1338" WIDTH="28" />
<String CONTENT="25;" HEIGHT="48" HPOS="1391" VPOS="1338" WIDTH="84" />
<SP HEIGHT="46" HPOS="1476" VPOS="1340" WIDTH="30" />
<String CONTENT="A" HEIGHT="39" HPOS="1507" VPOS="1340" WIDTH="41" />
<SP HEIGHT="41" HPOS="1549" VPOS="1339" WIDTH="29" />
<String CONTENT="98152;" HEIGHT="48" HPOS="1579" VPOS="1339" WIDTH="172" />
<SP HEIGHT="47" HPOS="1752" VPOS="1340" WIDTH="31" />
<String CONTENT="A." HEIGHT="41" HPOS="1784" VPOS="1340" WIDTH="55" />
<SP HEIGHT="40" HPOS="1840" VPOS="1341" WIDTH="29" />
<String CONTENT="Hark," HEIGHT="48" HPOS="1870" VPOS="1340" WIDTH="156" />
<SP HEIGHT="47" HPOS="2027" VPOS="1341" WIDTH="29" />
<String CONTENT="Philadelphia." HEIGHT="49" HPOS="2057" VPOS="1340" WIDTH="358" />
</TextLine>
<TextLine HEIGHT="51" HPOS="479" VPOS="1395" WIDTH="284">
<String CONTENT="(36-18558)" HEIGHT="51" HPOS="479" VPOS="1395" WIDTH="284" />
</TextLine>
<TextLine HEIGHT="67" HPOS="396" STYLEREFS="StyleId-65774E18-7D63-42AC-8759-6FF539FBFE85-" VPOS="1498" WIDTH="927">
<String CONTENT="Hart," HEIGHT="64" HPOS="396" VPOS="1500" WIDTH="175" />
<SP HEIGHT="63" HPOS="572" VPOS="1501" WIDTH="26" />
<String CONTENT="William" HEIGHT="56" HPOS="599" VPOS="1498" WIDTH="259" />
<SP HEIGHT="54" HPOS="859" VPOS="1499" WIDTH="26" />
<String CONTENT="LeRoy," HEIGHT="66" HPOS="886" VPOS="1499" WIDTH="233" />
<SP HEIGHT="59" HPOS="1120" VPOS="1506" WIDTH="29" />
<String CONTENT="1892-" HEIGHT="50" HPOS="1150" VPOS="1505" WIDTH="173" />
</TextLine>
<TextLine HEIGHT="70" HPOS="469" STYLEREFS="StyleId-9D37547A-B66A-4EC8-924A-3E0C3F085BC0-" VPOS="1577" WIDTH="1947">
<String CONTENT="Introduction" HEIGHT="55" HPOS="469" VPOS="1577" WIDTH="407" />
<SP HEIGHT="49" HPOS="877" VPOS="1583" WIDTH="28" />
<String CONTENT="to" HEIGHT="49" HPOS="906" VPOS="1583" WIDTH="59" />
<SP HEIGHT="49" HPOS="966" VPOS="1583" WIDTH="30" />
<String CONTENT="the" HEIGHT="54" HPOS="997" VPOS="1578" WIDTH="98" />
<SP HEIGHT="36" HPOS="1096" VPOS="1596" WIDTH="27" />
<String CONTENT="mathematics" HEIGHT="55" HPOS="1124" VPOS="1578" WIDTH="401" />
<SP HEIGHT="37" HPOS="1526" VPOS="1596" WIDTH="28" />
<String CONTENT="of" HEIGHT="54" HPOS="1555" VPOS="1578" WIDTH="65" />
<SP HEIGHT="54" HPOS="1621" VPOS="1578" WIDTH="28" />
<String CONTENT="business," HEIGHT="69" HPOS="1650" VPOS="1578" WIDTH="272" />
<SP HEIGHT="68" HPOS="1923" VPOS="1579" WIDTH="27" />
<String CONTENT="by" HEIGHT="68" HPOS="1951" VPOS="1579" WIDTH="77" />
<SP HEIGHT="67" HPOS="2029" VPOS="1580" WIDTH="30" />
<String CONTENT="William" HEIGHT="56" HPOS="2060" VPOS="1579" WIDTH="261" />
<SP HEIGHT="53" HPOS="2322" VPOS="1580" WIDTH="29" />
<String CONTENT="L." HEIGHT="52" HPOS="2352" VPOS="1580" WIDTH="64" />
</TextLine>
<TextLine CS="1" HEIGHT="71" HPOS="398" STYLEREFS="StyleId-9D37547A-B66A-4EC8-924A-3E0C3F085BC0-" VPOS="1657" WIDTH="2018">
<String CONTENT="Hart" HEIGHT="53" HPOS="398" VPOS="1657" WIDTH="158" />
<SP HEIGHT="47" HPOS="557" VPOS="1663" WIDTH="34" />
<String CONTENT="&#8230;" CS="1" />
<SP HEIGHT="52" HPOS="650" VPOS="1658" WIDTH="74" />
<String CONTENT="Boston," HEIGHT="68" HPOS="725" VPOS="1658" WIDTH="237" />
<SP HEIGHT="69" HPOS="963" VPOS="1657" WIDTH="31" />
<String CONTENT="New" HEIGHT="55" HPOS="995" VPOS="1657" WIDTH="141" />
<SP HEIGHT="54" HPOS="1137" VPOS="1657" WIDTH="31" />
<String CONTENT="York" HEIGHT="54" HPOS="1169" VPOS="1657" WIDTH="164" />
<SP HEIGHT="68" HPOS="1334" VPOS="1658" WIDTH="35" />
<String CONTENT="[etc.]" HEIGHT="63" HPOS="1370" VPOS="1663" WIDTH="138" />
<SP HEIGHT="68" HPOS="1509" VPOS="1658" WIDTH="38" />
<String CONTENT="D." HEIGHT="53" HPOS="1548" VPOS="1658" WIDTH="72" />
<SP HEIGHT="56" HPOS="1621" VPOS="1657" WIDTH="37" />
<String CONTENT="C." HEIGHT="56" HPOS="1659" VPOS="1657" WIDTH="61" />
<SP HEIGHT="53" HPOS="1721" VPOS="1658" WIDTH="30" />
<String CONTENT="Heath" HEIGHT="53" HPOS="1752" VPOS="1658" WIDTH="196" />
<SP HEIGHT="53" HPOS="1949" VPOS="1659" WIDTH="37" />
<String CONTENT="and" HEIGHT="53" HPOS="1987" VPOS="1659" WIDTH="111" />
<SP HEIGHT="53" HPOS="2099" VPOS="1659" WIDTH="36" />
<String CONTENT="company" HEIGHT="51" HPOS="2136" VPOS="1677" WIDTH="280" />
</TextLine>
<TextLine HEIGHT="65" HPOS="404" STYLEREFS="StyleId-9D37547A-B66A-4EC8-924A-3E0C3F085BC0-" VPOS="1738" WIDTH="194">
<String CONTENT="[" HEIGHT="34" HPOS="404" STYLE="subscript" VPOS="1769" WIDTH="13" />
<String CONTENT="c" HEIGHT="22" HPOS="422" STYLE="superscript" VPOS="1743" WIDTH="18" />
<String CONTENT="1936" HEIGHT="52" HPOS="445" VPOS="1738" WIDTH="135" />
<String CONTENT="]" HEIGHT="34" HPOS="585" STYLE="subscript" VPOS="1769" WIDTH="13" />
</TextLine>
<TextLine HEIGHT="51" HPOS="462" VPOS="1810" WIDTH="1177">
<String CONTENT="vii," HEIGHT="50" HPOS="462" VPOS="1810" WIDTH="86" />
<SP HEIGHT="49" HPOS="549" VPOS="1811" WIDTH="23" />
<String CONTENT="321," HEIGHT="48" HPOS="573" VPOS="1811" WIDTH="102" />
<SP HEIGHT="48" HPOS="676" VPOS="1811" WIDTH="22" />
<String CONTENT="20," HEIGHT="48" HPOS="699" VPOS="1811" WIDTH="71" />
<SP HEIGHT="48" HPOS="771" VPOS="1811" WIDTH="23" />
<String CONTENT="80" HEIGHT="41" HPOS="795" VPOS="1811" WIDTH="58" />
<SP HEIGHT="50" HPOS="854" VPOS="1811" WIDTH="21" />
<String CONTENT="p." HEIGHT="39" HPOS="876" VPOS="1822" WIDTH="42" />
<SP HEIGHT="40" HPOS="919" VPOS="1811" WIDTH="25" />
<String CONTENT="incl." HEIGHT="41" HPOS="945" VPOS="1811" WIDTH="110" />
<SP HEIGHT="40" HPOS="1056" VPOS="1812" WIDTH="26" />
<String CONTENT="tables," HEIGHT="49" HPOS="1083" VPOS="1811" WIDTH="171" />
<SP HEIGHT="48" HPOS="1255" VPOS="1812" WIDTH="25" />
<String CONTENT="diagrs." HEIGHT="49" HPOS="1281" VPOS="1811" WIDTH="179" />
<SP HEIGHT="40" HPOS="1461" VPOS="1811" WIDTH="58" />
<String CONTENT="20" HEIGHT="40" HPOS="1520" VPOS="1811" WIDTH="58" />
<String CONTENT="cm" HEIGHT="22" HPOS="1581" STYLE="superscript" VPOS="1813" WIDTH="44" />
<String CONTENT="." HEIGHT="9" HPOS="1630" VPOS="1844" WIDTH="9" />
</TextLine>
<TextLine HEIGHT="50" HPOS="470" VPOS="1880" WIDTH="1946">
<String CONTENT="&#8220;A" HEIGHT="41" HPOS="470" VPOS="1880" WIDTH="70" />
<SP HEIGHT="41" HPOS="541" VPOS="1880" WIDTH="23" />
<String CONTENT="mimeographed" HEIGHT="49" HPOS="565" VPOS="1881" WIDTH="397" />
<SP HEIGHT="41" HPOS="963" VPOS="1882" WIDTH="25" />
<String CONTENT="version" HEIGHT="41" HPOS="989" VPOS="1881" WIDTH="196" />
<SP HEIGHT="30" HPOS="1186" VPOS="1893" WIDTH="25" />
<String CONTENT="of" HEIGHT="41" HPOS="1212" VPOS="1882" WIDTH="51" />
<SP HEIGHT="41" HPOS="1264" VPOS="1882" WIDTH="27" />
<String CONTENT="the" HEIGHT="41" HPOS="1292" VPOS="1882" WIDTH="83" />
<SP HEIGHT="39" HPOS="1376" VPOS="1884" WIDTH="25" />
<String CONTENT="text" HEIGHT="39" HPOS="1402" VPOS="1884" WIDTH="104" />
<SP HEIGHT="39" HPOS="1507" VPOS="1884" WIDTH="28" />
<String CONTENT="was" HEIGHT="30" HPOS="1536" VPOS="1892" WIDTH="100" />
<SP HEIGHT="30" HPOS="1637" VPOS="1892" WIDTH="28" />
<String CONTENT="used" HEIGHT="40" HPOS="1666" VPOS="1883" WIDTH="117" />
<SP HEIGHT="41" HPOS="1784" VPOS="1882" WIDTH="25" />
<String CONTENT="for" HEIGHT="40" HPOS="1810" VPOS="1882" WIDTH="77" />
<SP HEIGHT="37" HPOS="1888" VPOS="1886" WIDTH="29" />
<String CONTENT="three" HEIGHT="41" HPOS="1918" VPOS="1882" WIDTH="137" />
<SP HEIGHT="38" HPOS="2056" VPOS="1892" WIDTH="26" />
<String CONTENT="years" HEIGHT="37" HPOS="2083" VPOS="1893" WIDTH="142" />
<SP HEIGHT="40" HPOS="2226" VPOS="1883" WIDTH="26" />
<String CONTENT="in" HEIGHT="39" HPOS="2253" VPOS="1883" WIDTH="48" />
<SP HEIGHT="38" HPOS="2302" VPOS="1886" WIDTH="31" />
<String CONTENT="the" HEIGHT="41" HPOS="2334" VPOS="1883" WIDTH="82" />
</TextLine>
<TextLine HEIGHT="51" HPOS="399" VPOS="1937" WIDTH="1510">
<String CONTENT="General" HEIGHT="42" HPOS="399" VPOS="1938" WIDTH="207" />
<SP HEIGHT="39" HPOS="607" VPOS="1940" WIDTH="23" />
<String CONTENT="college" HEIGHT="48" HPOS="631" VPOS="1939" WIDTH="179" />
<SP HEIGHT="30" HPOS="811" VPOS="1950" WIDTH="20" />
<String CONTENT="of" HEIGHT="40" HPOS="832" VPOS="1940" WIDTH="51" />
<SP HEIGHT="41" HPOS="884" VPOS="1940" WIDTH="22" />
<String CONTENT="the" HEIGHT="42" HPOS="907" VPOS="1939" WIDTH="82" />
<SP HEIGHT="41" HPOS="990" VPOS="1940" WIDTH="19" />
<String CONTENT="University" HEIGHT="50" HPOS="1010" VPOS="1938" WIDTH="285" />
<SP HEIGHT="38" HPOS="1296" VPOS="1950" WIDTH="24" />
<String CONTENT="of" HEIGHT="41" HPOS="1321" VPOS="1939" WIDTH="51" />
<SP HEIGHT="40" HPOS="1373" VPOS="1939" WIDTH="22" />
<String CONTENT="Minnesota.&#8221;&#8212;Pref." HEIGHT="43" HPOS="1396" VPOS="1937" WIDTH="513" />
</TextLine>
<TextLine HEIGHT="50" HPOS="470" VPOS="1996" WIDTH="1287">
<String CONTENT="&#8220;Answers" HEIGHT="42" HPOS="470" VPOS="1996" WIDTH="257" />
<SP HEIGHT="39" HPOS="728" VPOS="1999" WIDTH="25" />
<String CONTENT="to" HEIGHT="39" HPOS="754" VPOS="1999" WIDTH="49" />
<SP HEIGHT="31" HPOS="804" VPOS="2006" WIDTH="25" />
<String CONTENT="exercises&#8221;:" HEIGHT="42" HPOS="830" VPOS="1996" WIDTH="299" />
<SP HEIGHT="42" HPOS="1130" VPOS="1996" WIDTH="26" />
<String CONTENT="20" HEIGHT="41" HPOS="1157" VPOS="1996" WIDTH="60" />
<SP HEIGHT="50" HPOS="1218" VPOS="1996" WIDTH="22" />
<String CONTENT="p." HEIGHT="39" HPOS="1241" VPOS="2007" WIDTH="42" />
<SP HEIGHT="40" HPOS="1284" VPOS="1997" WIDTH="25" />
<String CONTENT="following" HEIGHT="49" HPOS="1310" VPOS="1996" WIDTH="250" />
<SP HEIGHT="39" HPOS="1561" VPOS="2007" WIDTH="24" />
<String CONTENT="p." HEIGHT="38" HPOS="1586" VPOS="2008" WIDTH="45" />
<SP HEIGHT="41" HPOS="1632" VPOS="1996" WIDTH="24" />
<String CONTENT="321." HEIGHT="40" HPOS="1657" VPOS="1996" WIDTH="100" />
</TextLine>
<TextLine HEIGHT="54" HPOS="398" VPOS="2062" WIDTH="2016">
<String CONTENT="&#169;" HEIGHT="53" HPOS="398" VPOS="2062" WIDTH="53" />
<SP HEIGHT="53" HPOS="452" VPOS="2062" WIDTH="29" />
<String CONTENT="Aug." HEIGHT="47" HPOS="482" VPOS="2067" WIDTH="119" />
<SP HEIGHT="40" HPOS="602" VPOS="2068" WIDTH="31" />
<String CONTENT="4," HEIGHT="48" HPOS="634" VPOS="2068" WIDTH="41" />
<SP HEIGHT="48" HPOS="676" VPOS="2068" WIDTH="31" />
<String CONTENT="1936;" HEIGHT="49" HPOS="708" VPOS="2066" WIDTH="142" />
<SP HEIGHT="48" HPOS="851" VPOS="2067" WIDTH="32" />
<String CONTENT="2c." HEIGHT="40" HPOS="884" VPOS="2067" WIDTH="68" />
<SP HEIGHT="39" HPOS="953" VPOS="2068" WIDTH="32" />
<String CONTENT="Aug." HEIGHT="47" HPOS="986" VPOS="2068" WIDTH="121" />
<SP HEIGHT="40" HPOS="1108" VPOS="2068" WIDTH="33" />
<String CONTENT="10;" HEIGHT="48" HPOS="1142" VPOS="2067" WIDTH="83" />
<SP HEIGHT="38" HPOS="1226" VPOS="2077" WIDTH="34" />
<String CONTENT="aff." HEIGHT="41" HPOS="1261" VPOS="2067" WIDTH="82" />
<SP HEIGHT="40" HPOS="1344" VPOS="2068" WIDTH="33" />
<String CONTENT="Aug." HEIGHT="46" HPOS="1378" VPOS="2068" WIDTH="121" />
<SP HEIGHT="41" HPOS="1500" VPOS="2067" WIDTH="33" />
<String CONTENT="8;" HEIGHT="47" HPOS="1534" VPOS="2067" WIDTH="51" />
<SP HEIGHT="47" HPOS="1586" VPOS="2067" WIDTH="34" />
<String CONTENT="A" HEIGHT="39" HPOS="1621" VPOS="2067" WIDTH="41" />
<SP HEIGHT="41" HPOS="1663" VPOS="2065" WIDTH="31" />
<String CONTENT="96823;" HEIGHT="48" HPOS="1695" VPOS="2065" WIDTH="172" />
<SP HEIGHT="45" HPOS="1868" VPOS="2068" WIDTH="35" />
<String CONTENT="D." HEIGHT="38" HPOS="1904" VPOS="2068" WIDTH="56" />
<SP HEIGHT="41" HPOS="1961" VPOS="2066" WIDTH="35" />
<String CONTENT="C." HEIGHT="41" HPOS="1997" VPOS="2066" WIDTH="48" />
<SP HEIGHT="38" HPOS="2046" VPOS="2067" WIDTH="34" />
<String CONTENT="Heath" HEIGHT="40" HPOS="2081" VPOS="2065" WIDTH="166" />
<SP HEIGHT="42" HPOS="2248" VPOS="2065" WIDTH="29" />
<String CONTENT="&amp;" HEIGHT="41" HPOS="2278" VPOS="2066" WIDTH="39" />
<SP HEIGHT="41" HPOS="2318" VPOS="2066" WIDTH="28" />
<String CONTENT="co." HEIGHT="29" HPOS="2347" VPOS="2076" WIDTH="67" />
</TextLine>
<TextLine HEIGHT="50" HPOS="480" VPOS="2123" WIDTH="283">
<String CONTENT="(36-18525)" HEIGHT="50" HPOS="480" VPOS="2123" WIDTH="283" />
</TextLine>
<TextLine HEIGHT="66" HPOS="397" STYLEREFS="StyleId-65774E18-7D63-42AC-8759-6FF539FBFE85-" VPOS="2228" WIDTH="710">
<String CONTENT="Hollander," HEIGHT="66" HPOS="397" VPOS="2228" WIDTH="339" />
<SP HEIGHT="65" HPOS="737" VPOS="2229" WIDTH="23" />
<String CONTENT="Herbert" HEIGHT="56" HPOS="761" VPOS="2228" WIDTH="261" />
<SP HEIGHT="56" HPOS="1023" VPOS="2229" WIDTH="25" />
<String CONTENT="S." HEIGHT="56" HPOS="1049" VPOS="2229" WIDTH="58" />
</TextLine>
<TextLine HEIGHT="71" HPOS="473" STYLEREFS="StyleId-9D37547A-B66A-4EC8-924A-3E0C3F085BC0-" VPOS="2303" WIDTH="1944">
<String CONTENT="Spoils!" HEIGHT="69" HPOS="473" VPOS="2305" WIDTH="226" />
<SP HEIGHT="53" HPOS="700" VPOS="2306" WIDTH="89" />
<String CONTENT="By" HEIGHT="67" HPOS="790" VPOS="2307" WIDTH="93" />
<SP HEIGHT="68" HPOS="884" VPOS="2306" WIDTH="45" />
<String CONTENT="Herbert" HEIGHT="53" HPOS="930" VPOS="2306" WIDTH="255" />
<SP HEIGHT="56" HPOS="1186" VPOS="2304" WIDTH="46" />
<String CONTENT="S." HEIGHT="57" HPOS="1233" VPOS="2304" WIDTH="58" />
<SP HEIGHT="55" HPOS="1292" VPOS="2306" WIDTH="44" />
<String CONTENT="Hollander." HEIGHT="55" HPOS="1337" VPOS="2305" WIDTH="343" />
<SP HEIGHT="54" HPOS="1681" VPOS="2306" WIDTH="79" />
<String CONTENT="Washington," HEIGHT="70" HPOS="1761" VPOS="2304" WIDTH="406" />
<SP HEIGHT="68" HPOS="2168" VPOS="2305" WIDTH="44" />
<String CONTENT="D." HEIGHT="52" HPOS="2213" VPOS="2305" WIDTH="72" />
<SP HEIGHT="56" HPOS="2286" VPOS="2303" WIDTH="48" />
<String CONTENT="C.," HEIGHT="70" HPOS="2335" VPOS="2303" WIDTH="82" />
</TextLine>
<TextLine CS="1" HEIGHT="67" HPOS="400" STYLEREFS="StyleId-9D37547A-B66A-4EC8-924A-3E0C3F085BC0-" VPOS="2385" WIDTH="586">
<String CONTENT="W." HEIGHT="54" HPOS="400" VPOS="2385" WIDTH="87" />
<SP HEIGHT="54" HPOS="488" VPOS="2385" WIDTH="27" />
<String CONTENT="Ullman" HEIGHT="54" HPOS="516" VPOS="2385" WIDTH="241" />
<SP HEIGHT="50" HPOS="758" VPOS="2402" WIDTH="32" />
<String CONTENT="[" HEIGHT="34" HPOS="791" STYLE="subscript" VPOS="2418" WIDTH="13" />
<String CONTENT="c1" CS="1" HEIGHT="22" HPOS="808" STYLE="superscript" VPOS="2391" WIDTH="18" />
<String CONTENT="936" HEIGHT="51" HPOS="866" VPOS="2387" WIDTH="102" />
<String CONTENT="]" HEIGHT="34" HPOS="973" STYLE="subscript" VPOS="2418" WIDTH="13" />
</TextLine>
<TextLine HEIGHT="50" HPOS="471" STYLEREFS="StyleId-9D37547A-B66A-4EC8-924A-3E0C3F085BC0-" VPOS="2458" WIDTH="524">
<String CONTENT="vii," HEIGHT="49" HPOS="471" VPOS="2458" WIDTH="81" />
<SP HEIGHT="48" HPOS="553" VPOS="2459" WIDTH="36" />
<String CONTENT="9-127" HEIGHT="41" HPOS="590" VPOS="2459" WIDTH="146" />
<SP HEIGHT="48" HPOS="737" VPOS="2460" WIDTH="32" />
<String CONTENT="p." HEIGHT="38" HPOS="770" VPOS="2470" WIDTH="44" />
<SP HEIGHT="43" HPOS="815" VPOS="2458" WIDTH="62" />
<String CONTENT="20" HEIGHT="41" HPOS="878" VPOS="2458" WIDTH="58" />
<String CONTENT="cm" HEIGHT="21" HPOS="938" STYLE="superscript" VPOS="2461" WIDTH="45" />
<String CONTENT="." HEIGHT="10" HPOS="987" VPOS="2490" WIDTH="8" />
</TextLine>
<TextLine HEIGHT="50" HPOS="473" VPOS="2528" WIDTH="1001">
<String CONTENT="&#8220;Selected" HEIGHT="41" HPOS="473" VPOS="2529" WIDTH="250" />
<SP HEIGHT="40" HPOS="724" VPOS="2529" WIDTH="27" />
<String CONTENT="bibliography&#8221;:" HEIGHT="50" HPOS="752" VPOS="2528" WIDTH="398" />
<SP HEIGHT="38" HPOS="1151" VPOS="2540" WIDTH="29" />
<String CONTENT="p." HEIGHT="37" HPOS="1181" VPOS="2541" WIDTH="44" />
<SP HEIGHT="39" HPOS="1226" VPOS="2530" WIDTH="29" />
<String CONTENT="120-122." HEIGHT="43" HPOS="1256" VPOS="2528" WIDTH="218" />
</TextLine>
<TextLine HEIGHT="53" HPOS="397" VPOS="2595" WIDTH="1823">
<String CONTENT="&#169;" HEIGHT="53" HPOS="397" VPOS="2595" WIDTH="53" />
<SP HEIGHT="53" HPOS="451" VPOS="2595" WIDTH="23" />
<String CONTENT="Aug." HEIGHT="47" HPOS="475" VPOS="2601" WIDTH="119" />
<SP HEIGHT="38" HPOS="595" VPOS="2601" WIDTH="27" />
<String CONTENT="11," HEIGHT="47" HPOS="623" VPOS="2601" WIDTH="71" />
<SP HEIGHT="46" HPOS="695" VPOS="2602" WIDTH="25" />
<String CONTENT="1936;" HEIGHT="48" HPOS="721" VPOS="2600" WIDTH="143" />
<SP HEIGHT="47" HPOS="865" VPOS="2601" WIDTH="27" />
<String CONTENT="2c." HEIGHT="40" HPOS="893" VPOS="2601" WIDTH="68" />
<SP HEIGHT="31" HPOS="962" VPOS="2610" WIDTH="28" />
<String CONTENT="and" HEIGHT="40" HPOS="991" VPOS="2600" WIDTH="97" />
<SP HEIGHT="40" HPOS="1089" VPOS="2600" WIDTH="25" />
<String CONTENT="aff." HEIGHT="41" HPOS="1115" VPOS="2600" WIDTH="83" />
<SP HEIGHT="40" HPOS="1199" VPOS="2601" WIDTH="26" />
<String CONTENT="Aug." HEIGHT="47" HPOS="1226" VPOS="2601" WIDTH="121" />
<SP HEIGHT="40" HPOS="1348" VPOS="2601" WIDTH="26" />
<String CONTENT="11;" HEIGHT="47" HPOS="1375" VPOS="2600" WIDTH="83" />
<SP HEIGHT="46" HPOS="1459" VPOS="2601" WIDTH="28" />
<String CONTENT="A" HEIGHT="38" HPOS="1488" VPOS="2601" WIDTH="42" />
<SP HEIGHT="40" HPOS="1531" VPOS="2599" WIDTH="25" />
<String CONTENT="97342;" HEIGHT="49" HPOS="1557" VPOS="2599" WIDTH="173" />
<SP HEIGHT="47" HPOS="1731" VPOS="2601" WIDTH="30" />
<String CONTENT="William" HEIGHT="41" HPOS="1762" VPOS="2600" WIDTH="218" />
<SP HEIGHT="40" HPOS="1981" VPOS="2601" WIDTH="28" />
<String CONTENT="Ullman." HEIGHT="41" HPOS="2010" VPOS="2601" WIDTH="210" />
</TextLine>
<TextLine HEIGHT="49" HPOS="478" VPOS="2657" WIDTH="284">
<String CONTENT="(36-18519)" HEIGHT="49" HPOS="478" VPOS="2657" WIDTH="284" />
</TextLine>
<TextLine HEIGHT="68" HPOS="393" STYLEREFS="StyleId-19588C60-AD9A-432F-B5DA-2FFB1ECBD88F-" VPOS="2762" WIDTH="920">
<String CONTENT="Illinois." HEIGHT="54" HPOS="393" VPOS="2762" WIDTH="243" />
<SP HEIGHT="51" HPOS="637" VPOS="2766" WIDTH="74" />
<String CONTENT="Laws," HEIGHT="64" HPOS="712" VPOS="2766" WIDTH="185" />
<SP HEIGHT="48" HPOS="898" VPOS="2782" WIDTH="26" />
<String CONTENT="statutes," HEIGHT="59" HPOS="925" VPOS="2770" WIDTH="258" />
<SP HEIGHT="46" HPOS="1184" VPOS="2783" WIDTH="28" />
<String CONTENT="etc." HEIGHT="47" HPOS="1213" VPOS="2770" WIDTH="100" />
</TextLine>
<TextLine HEIGHT="70" HPOS="466" STYLEREFS="StyleId-9D37547A-B66A-4EC8-924A-3E0C3F085BC0-" VPOS="2840" WIDTH="1948">
<String CONTENT="Jones" HEIGHT="54" HPOS="466" VPOS="2842" WIDTH="175" />
<SP HEIGHT="51" HPOS="642" VPOS="2843" WIDTH="57" />
<String CONTENT="Illinois" HEIGHT="55" HPOS="700" VPOS="2840" WIDTH="229" />
<SP HEIGHT="36" HPOS="930" VPOS="2859" WIDTH="53" />
<String CONTENT="statutes" HEIGHT="47" HPOS="984" VPOS="2847" WIDTH="240" />
<SP HEIGHT="34" HPOS="1225" VPOS="2860" WIDTH="56" />
<String CONTENT="annotated," HEIGHT="68" HPOS="1282" VPOS="2841" WIDTH="327" />
<SP HEIGHT="49" HPOS="1610" VPOS="2860" WIDTH="54" />
<String CONTENT="embracing" HEIGHT="69" HPOS="1665" VPOS="2841" WIDTH="329" />
<SP HEIGHT="51" HPOS="1995" VPOS="2859" WIDTH="56" />
<String CONTENT="all" HEIGHT="53" HPOS="2052" VPOS="2840" WIDTH="78" />
<SP HEIGHT="70" HPOS="2131" VPOS="2840" WIDTH="53" />
<String CONTENT="general" HEIGHT="70" HPOS="2185" VPOS="2840" WIDTH="229" />
</TextLine>
<TextLine HEIGHT="67" HPOS="396" STYLEREFS="StyleId-9D37547A-B66A-4EC8-924A-3E0C3F085BC0-" VPOS="2920" WIDTH="2017">
<String CONTENT="law's" HEIGHT="53" HPOS="396" VPOS="2920" WIDTH="142" />
<SP HEIGHT="37" HPOS="539" VPOS="2939" WIDTH="37" />
<String CONTENT="of" HEIGHT="56" HPOS="577" VPOS="2920" WIDTH="64" />
<SP HEIGHT="52" HPOS="642" VPOS="2920" WIDTH="42" />
<String CONTENT="the" HEIGHT="52" HPOS="685" VPOS="2922" WIDTH="95" />
<SP HEIGHT="34" HPOS="781" VPOS="2940" WIDTH="41" />
<String CONTENT="state" HEIGHT="47" HPOS="823" VPOS="2927" WIDTH="145" />
<SP HEIGHT="35" HPOS="969" VPOS="2939" WIDTH="41" />
<String CONTENT="of" HEIGHT="52" HPOS="1011" VPOS="2921" WIDTH="62" />
<SP HEIGHT="53" HPOS="1074" VPOS="2921" WIDTH="43" />
<String CONTENT="Illinois" HEIGHT="54" HPOS="1118" VPOS="2920" WIDTH="229" />
<SP HEIGHT="51" HPOS="1348" VPOS="2922" WIDTH="41" />
<String CONTENT="in" HEIGHT="51" HPOS="1390" VPOS="2922" WIDTH="61" />
<SP HEIGHT="52" HPOS="1452" VPOS="2920" WIDTH="41" />
<String CONTENT="force" HEIGHT="53" HPOS="1494" VPOS="2920" WIDTH="157" />
<SP HEIGHT="54" HPOS="1652" VPOS="2921" WIDTH="42" />
<String CONTENT="October" HEIGHT="54" HPOS="1695" VPOS="2921" WIDTH="246" />
<SP HEIGHT="48" HPOS="1942" VPOS="2924" WIDTH="44" />
<String CONTENT="1," HEIGHT="63" HPOS="1987" VPOS="2924" WIDTH="46" />
<SP HEIGHT="62" HPOS="2034" VPOS="2925" WIDTH="44" />
<String CONTENT="1934," HEIGHT="64" HPOS="2079" VPOS="2923" WIDTH="151" />
<SP HEIGHT="48" HPOS="2231" VPOS="2939" WIDTH="41" />
<String CONTENT="with" HEIGHT="52" HPOS="2273" VPOS="2920" WIDTH="140" />
</TextLine>
<TextLine HEIGHT="69" HPOS="396" STYLEREFS="StyleId-9D37547A-B66A-4EC8-924A-3E0C3F085BC0-" VPOS="2998" WIDTH="2019">
<String CONTENT="complete" HEIGHT="67" HPOS="396" VPOS="3000" WIDTH="279" />
<SP HEIGHT="34" HPOS="676" VPOS="3018" WIDTH="52" />
<String CONTENT="annotations," HEIGHT="69" HPOS="729" VPOS="2998" WIDTH="382" />
<SP HEIGHT="49" HPOS="1112" VPOS="3018" WIDTH="49" />
<String CONTENT="compiled" HEIGHT="68" HPOS="1162" VPOS="2999" WIDTH="284" />
<SP HEIGHT="52" HPOS="1447" VPOS="3001" WIDTH="51" />
<String CONTENT="and" HEIGHT="51" HPOS="1499" VPOS="3000" WIDTH="112" />
<SP HEIGHT="51" HPOS="1612" VPOS="3000" WIDTH="48" />
<String CONTENT="edited" HEIGHT="52" HPOS="1661" VPOS="2999" WIDTH="190" />
<SP HEIGHT="52" HPOS="1852" VPOS="2999" WIDTH="48" />
<String CONTENT="by" HEIGHT="66" HPOS="1901" VPOS="3000" WIDTH="76" />
<SP HEIGHT="66" HPOS="1978" VPOS="3000" WIDTH="50" />
<String CONTENT="Basil" HEIGHT="52" HPOS="2029" VPOS="2999" WIDTH="158" />
<SP HEIGHT="54" HPOS="2188" VPOS="2999" WIDTH="51" />
<String CONTENT="Jones" HEIGHT="53" HPOS="2240" VPOS="3000" WIDTH="175" />
</TextLine>
<TextLine CS="1" HEIGHT="69" HPOS="400" STYLEREFS="StyleId-9D37547A-B66A-4EC8-924A-3E0C3F085BC0-" VPOS="3076" WIDTH="2014">
<String CONTENT="and" HEIGHT="52" HPOS="400" VPOS="3078" WIDTH="112" />
<SP HEIGHT="52" HPOS="513" VPOS="3078" WIDTH="43" />
<String CONTENT="Frank" HEIGHT="52" HPOS="557" VPOS="3078" WIDTH="199" />
<SP HEIGHT="53" HPOS="757" VPOS="3078" WIDTH="40" />
<String CONTENT="D." HEIGHT="52" HPOS="798" VPOS="3079" WIDTH="72" />
<SP HEIGHT="52" HPOS="871" VPOS="3079" WIDTH="44" />
<String CONTENT="Moore." HEIGHT="52" HPOS="916" VPOS="3079" WIDTH="214" />
<SP HEIGHT="32" HPOS="1131" VPOS="3113" WIDTH="86" />
<String CONTENT="[v." CS="1" HEIGHT="34" HPOS="1236" VPOS="3097" WIDTH="51" />
<SP HEIGHT="50" HPOS="1288" VPOS="3081" WIDTH="41" />
<String CONTENT="27]" HEIGHT="67" HPOS="1330" VPOS="3077" WIDTH="86" />
<SP HEIGHT="67" HPOS="1417" VPOS="3077" WIDTH="51" />
<String CONTENT="Seat" HEIGHT="55" HPOS="1469" VPOS="3077" WIDTH="134" />
<SP HEIGHT="46" HPOS="1604" VPOS="3083" WIDTH="43" />
<String CONTENT="of" HEIGHT="53" HPOS="1648" VPOS="3076" WIDTH="64" />
<SP HEIGHT="69" HPOS="1713" VPOS="3076" WIDTH="41" />
<String CONTENT="government-Torrens" HEIGHT="66" HPOS="1755" VPOS="3079" WIDTH="659" />
</TextLine>
<TextLine HEIGHT="68" HPOS="399" STYLEREFS="StyleId-9D37547A-B66A-4EC8-924A-3E0C3F085BC0-" VPOS="3156" WIDTH="1464">
<String CONTENT="act." HEIGHT="47" HPOS="399" VPOS="3162" WIDTH="104" />
<SP HEIGHT="54" HPOS="504" VPOS="3156" WIDTH="76" />
<String CONTENT="Chicago," HEIGHT="68" HPOS="581" VPOS="3156" WIDTH="272" />
<SP HEIGHT="68" HPOS="854" VPOS="3156" WIDTH="29" />
<String CONTENT="Callaghan" HEIGHT="68" HPOS="884" VPOS="3156" WIDTH="325" />
<SP HEIGHT="34" HPOS="1210" VPOS="3175" WIDTH="28" />
<String CONTENT="and" HEIGHT="53" HPOS="1239" VPOS="3156" WIDTH="111" />
<SP HEIGHT="52" HPOS="1351" VPOS="3156" WIDTH="29" />
<String CONTENT="company," HEIGHT="49" HPOS="1381" VPOS="3174" WIDTH="298" />
<SP HEIGHT="54" HPOS="1680" VPOS="3161" WIDTH="32" />
<String CONTENT="1936." HEIGHT="51" HPOS="1713" VPOS="3159" WIDTH="150" />
</TextLine>
<TextLine CS="1" HEIGHT="49" HPOS="467" VPOS="3229" WIDTH="489">
<String CONTENT="3" HEIGHT="40" HPOS="467" VPOS="3230" WIDTH="25" />
<SP />
<String CONTENT="p." HEIGHT="38" HPOS="523" VPOS="3240" WIDTH="44" />
<SP HEIGHT="40" HPOS="568" VPOS="3230" WIDTH="30" />
<String CONTENT="l.," HEIGHT="48" HPOS="599" VPOS="3230" WIDTH="43" />
<SP HEIGHT="48" HPOS="643" VPOS="3230" WIDTH="34" />
<String CONTENT="501" HEIGHT="40" HPOS="678" VPOS="3229" WIDTH="85" />
<SP HEIGHT="48" HPOS="764" VPOS="3229" WIDTH="31" />
<String CONTENT="p." HEIGHT="38" HPOS="796" VPOS="3239" WIDTH="43" />
<SP HEIGHT="40" HPOS="840" VPOS="3229" WIDTH="59" />
<String CONTENT="24&#189;cm." CS="1" HEIGHT="39" HPOS="900" VPOS="3229" WIDTH="56" />
</TextLine>
<TextLine HEIGHT="48" HPOS="468" VPOS="3298" WIDTH="1185">
<String CONTENT="&#8220;Table" HEIGHT="40" HPOS="468" VPOS="3299" WIDTH="177" />
<SP HEIGHT="30" HPOS="646" VPOS="3309" WIDTH="33" />
<String CONTENT="of" HEIGHT="40" HPOS="680" VPOS="3299" WIDTH="52" />
<SP HEIGHT="39" HPOS="733" VPOS="3299" WIDTH="29" />
<String CONTENT="contents&#8221;" HEIGHT="40" HPOS="763" VPOS="3298" WIDTH="251" />
<SP HEIGHT="42" HPOS="1015" VPOS="3298" WIDTH="35" />
<String CONTENT="on" HEIGHT="30" HPOS="1051" VPOS="3310" WIDTH="60" />
<SP HEIGHT="39" HPOS="1112" VPOS="3299" WIDTH="32" />
<String CONTENT="front" HEIGHT="39" HPOS="1145" VPOS="3299" WIDTH="135" />
<SP HEIGHT="40" HPOS="1281" VPOS="3298" WIDTH="33" />
<String CONTENT="lining-paper." HEIGHT="48" HPOS="1315" VPOS="3298" WIDTH="338" />
</TextLine>
<TextLine CS="1" HEIGHT="53" HPOS="398" VPOS="3366" WIDTH="2013">
<String CONTENT="&#169;" HEIGHT="53" HPOS="398" VPOS="3366" WIDTH="52" />
<SP HEIGHT="53" HPOS="451" VPOS="3366" WIDTH="32" />
<String CONTENT="Aug." HEIGHT="47" HPOS="484" VPOS="3371" WIDTH="120" />
<SP HEIGHT="41" HPOS="605" VPOS="3371" WIDTH="32" />
<String CONTENT="17," HEIGHT="48" HPOS="638" VPOS="3371" WIDTH="69" />
<SP HEIGHT="47" HPOS="708" VPOS="3372" WIDTH="33" />
<String CONTENT="1936;" HEIGHT="47" HPOS="742" VPOS="3370" WIDTH="141" />
<SP HEIGHT="48" HPOS="884" VPOS="3369" WIDTH="31" />
<String CONTENT="2c." HEIGHT="42" HPOS="916" VPOS="3369" WIDTH="69" />
<SP HEIGHT="40" HPOS="986" VPOS="3371" WIDTH="32" />
<String CONTENT="Aug." HEIGHT="46" HPOS="1019" VPOS="3371" WIDTH="119" />
<SP HEIGHT="40" HPOS="1139" VPOS="3370" WIDTH="31" />
<String CONTENT="22:" CS="1" HEIGHT="39" HPOS="1171" VPOS="3369" WIDTH="56" />
<SP HEIGHT="33" HPOS="1256" VPOS="3379" WIDTH="36" />
<String CONTENT="aff." HEIGHT="40" HPOS="1293" VPOS="3370" WIDTH="82" />
<SP HEIGHT="39" HPOS="1376" VPOS="3371" WIDTH="33" />
<String CONTENT="Aug." HEIGHT="46" HPOS="1410" VPOS="3371" WIDTH="119" />
<SP HEIGHT="40" HPOS="1530" VPOS="3369" WIDTH="33" />
<String CONTENT="24;" HEIGHT="47" HPOS="1564" VPOS="3369" WIDTH="83" />
<SP HEIGHT="45" HPOS="1648" VPOS="3371" WIDTH="35" />
<String CONTENT="A" HEIGHT="37" HPOS="1684" VPOS="3371" WIDTH="42" />
<SP HEIGHT="41" HPOS="1727" VPOS="3368" WIDTH="30" />
<String CONTENT="98071;" HEIGHT="49" HPOS="1758" VPOS="3368" WIDTH="171" />
<SP HEIGHT="48" HPOS="1930" VPOS="3369" WIDTH="37" />
<String CONTENT="Callaghan" HEIGHT="50" HPOS="1968" VPOS="3366" WIDTH="272" />
<SP HEIGHT="40" HPOS="2241" VPOS="3369" WIDTH="33" />
<String CONTENT="&amp;" HEIGHT="40" HPOS="2275" VPOS="3369" WIDTH="37" />
<SP HEIGHT="40" HPOS="2313" VPOS="3369" WIDTH="31" />
<String CONTENT="co." HEIGHT="30" HPOS="2345" VPOS="3378" WIDTH="66" />
</TextLine>
<TextLine HEIGHT="65" HPOS="397" STYLEREFS="StyleId-65774E18-7D63-42AC-8759-6FF539FBFE85-" VPOS="3490" WIDTH="578">
<String CONTENT="Jordan," HEIGHT="64" HPOS="397" VPOS="3491" WIDTH="240" />
<SP HEIGHT="64" HPOS="638" VPOS="3491" WIDTH="25" />
<String CONTENT="Paul" HEIGHT="55" HPOS="664" VPOS="3490" WIDTH="145" />
<SP HEIGHT="53" HPOS="810" VPOS="3490" WIDTH="24" />
<String CONTENT="Roe." HEIGHT="56" HPOS="835" VPOS="3491" WIDTH="140" />
</TextLine>
<TextLine HEIGHT="58" HPOS="471" STYLEREFS="StyleId-9D37547A-B66A-4EC8-924A-3E0C3F085BC0-" VPOS="3565" WIDTH="1943">
<String CONTENT="Ventilation" HEIGHT="56" HPOS="471" VPOS="3567" WIDTH="359" />
<SP HEIGHT="34" HPOS="831" VPOS="3586" WIDTH="32" />
<String CONTENT="manual" HEIGHT="54" HPOS="864" VPOS="3566" WIDTH="233" />
<SP HEIGHT="53" HPOS="1098" VPOS="3565" WIDTH="35" />
<String CONTENT="for" HEIGHT="54" HPOS="1134" VPOS="3565" WIDTH="95" />
<SP HEIGHT="33" HPOS="1230" VPOS="3586" WIDTH="31" />
<String CONTENT="sheet" HEIGHT="54" HPOS="1262" VPOS="3566" WIDTH="154" />
<SP HEIGHT="47" HPOS="1417" VPOS="3573" WIDTH="32" />
<String CONTENT="metal" HEIGHT="52" HPOS="1450" VPOS="3567" WIDTH="174" />
<SP HEIGHT="51" HPOS="1625" VPOS="3567" WIDTH="32" />
<String CONTENT="contractors." HEIGHT="49" HPOS="1658" VPOS="3570" WIDTH="367" />
<SP HEIGHT="52" HPOS="2026" VPOS="3566" WIDTH="67" />
<String CONTENT="A" HEIGHT="52" HPOS="2094" VPOS="3566" WIDTH="55" />
<SP HEIGHT="54" HPOS="2150" VPOS="3566" WIDTH="30" />
<String CONTENT="treatise" HEIGHT="55" HPOS="2181" VPOS="3565" WIDTH="233" />
</TextLine>
<TextLine HEIGHT="69" HPOS="400" STYLEREFS="StyleId-9D37547A-B66A-4EC8-924A-3E0C3F085BC0-" VPOS="3645" WIDTH="2014">
<String CONTENT="on" HEIGHT="35" HPOS="400" VPOS="3665" WIDTH="70" />
<SP HEIGHT="47" HPOS="471" VPOS="3653" WIDTH="37" />
<String CONTENT="the" HEIGHT="54" HPOS="509" VPOS="3647" WIDTH="95" />
<SP HEIGHT="48" HPOS="605" VPOS="3653" WIDTH="35" />
<String CONTENT="type" HEIGHT="61" HPOS="641" VPOS="3653" WIDTH="137" />
<SP HEIGHT="35" HPOS="779" VPOS="3665" WIDTH="35" />
<String CONTENT="of" HEIGHT="55" HPOS="815" VPOS="3645" WIDTH="65" />
<SP HEIGHT="53" HPOS="881" VPOS="3645" WIDTH="35" />
<String CONTENT="ventilation" HEIGHT="54" HPOS="917" VPOS="3645" WIDTH="344" />
<SP HEIGHT="34" HPOS="1262" VPOS="3664" WIDTH="37" />
<String CONTENT="which" HEIGHT="53" HPOS="1300" VPOS="3645" WIDTH="187" />
<SP HEIGHT="54" HPOS="1488" VPOS="3645" WIDTH="36" />
<String CONTENT="sheet" HEIGHT="54" HPOS="1525" VPOS="3645" WIDTH="155" />
<SP HEIGHT="48" HPOS="1681" VPOS="3650" WIDTH="34" />
<String CONTENT="metal" HEIGHT="53" HPOS="1716" VPOS="3645" WIDTH="174" />
<SP HEIGHT="53" HPOS="1891" VPOS="3645" WIDTH="38" />
<String CONTENT="contractors" HEIGHT="49" HPOS="1930" VPOS="3649" WIDTH="350" />
<SP HEIGHT="35" HPOS="2281" VPOS="3663" WIDTH="37" />
<String CONTENT="are" HEIGHT="36" HPOS="2319" VPOS="3663" WIDTH="95" />
</TextLine>
<TextLine HEIGHT="70" HPOS="399" STYLEREFS="StyleId-9D37547A-B66A-4EC8-924A-3E0C3F085BC0-" VPOS="3723" WIDTH="2014">
<String CONTENT="called" HEIGHT="53" HPOS="399" VPOS="3725" WIDTH="181" />
<SP HEIGHT="52" HPOS="581" VPOS="3726" WIDTH="38" />
<String CONTENT="upon" HEIGHT="50" HPOS="620" VPOS="3742" WIDTH="156" />
<SP HEIGHT="47" HPOS="777" VPOS="3731" WIDTH="41" />
<String CONTENT="to" HEIGHT="48" HPOS="819" VPOS="3731" WIDTH="59" />
<SP HEIGHT="51" HPOS="879" VPOS="3742" WIDTH="36" />
<String CONTENT="plan" HEIGHT="68" HPOS="916" VPOS="3725" WIDTH="140" />
<SP HEIGHT="35" HPOS="1057" VPOS="3743" WIDTH="37" />
<String CONTENT="and" HEIGHT="53" HPOS="1095" VPOS="3725" WIDTH="112" />
<SP HEIGHT="53" HPOS="1208" VPOS="3725" WIDTH="38" />
<String CONTENT="install." HEIGHT="53" HPOS="1247" VPOS="3724" WIDTH="215" />
<SP HEIGHT="53" HPOS="1463" VPOS="3724" WIDTH="71" />
<String CONTENT="By" HEIGHT="68" HPOS="1535" VPOS="3724" WIDTH="91" />
<SP HEIGHT="68" HPOS="1627" VPOS="3724" WIDTH="35" />
<String CONTENT="Paul" HEIGHT="52" HPOS="1663" VPOS="3724" WIDTH="148" />
<SP HEIGHT="53" HPOS="1812" VPOS="3724" WIDTH="37" />
<String CONTENT="R." HEIGHT="53" HPOS="1850" VPOS="3724" WIDTH="68" />
<SP HEIGHT="54" HPOS="1919" VPOS="3723" WIDTH="36" />
<String CONTENT="Jordan." HEIGHT="54" HPOS="1956" VPOS="3723" WIDTH="243" />
<SP HEIGHT="52" HPOS="2200" VPOS="3725" WIDTH="73" />
<String CONTENT="New" HEIGHT="52" HPOS="2274" VPOS="3725" WIDTH="139" />
</TextLine>
<TextLine HEIGHT="69" HPOS="406" STYLEREFS="StyleId-9D37547A-B66A-4EC8-924A-3E0C3F085BC0-" VPOS="3802" WIDTH="986">
<String CONTENT="York," HEIGHT="67" HPOS="406" VPOS="3803" WIDTH="174" />
<SP HEIGHT="66" HPOS="581" VPOS="3804" WIDTH="25" />
<String CONTENT="N." HEIGHT="54" HPOS="607" VPOS="3804" WIDTH="71" />
<SP HEIGHT="55" HPOS="679" VPOS="3803" WIDTH="31" />
<String CONTENT="Y.," HEIGHT="65" HPOS="711" VPOS="3803" WIDTH="88" />
<SP HEIGHT="64" HPOS="800" VPOS="3804" WIDTH="28" />
<String CONTENT="E." HEIGHT="52" HPOS="829" VPOS="3804" WIDTH="67" />
<SP HEIGHT="52" HPOS="897" VPOS="3803" WIDTH="27" />
<String CONTENT="A." HEIGHT="55" HPOS="925" VPOS="3803" WIDTH="73" />
<SP HEIGHT="56" HPOS="999" VPOS="3802" WIDTH="30" />
<String CONTENT="Scott," HEIGHT="69" HPOS="1030" VPOS="3802" WIDTH="178" />
<SP HEIGHT="64" HPOS="1209" VPOS="3807" WIDTH="31" />
<String CONTENT="1936." HEIGHT="51" HPOS="1241" VPOS="3805" WIDTH="151" />
</TextLine>
<TextLine CS="1" HEIGHT="51" HPOS="473" VPOS="3876" WIDTH="1511">
<String CONTENT="xii," HEIGHT="47" HPOS="473" VPOS="3878" WIDTH="83" />
<SP HEIGHT="47" HPOS="557" VPOS="3878" WIDTH="27" />
<String CONTENT="95," HEIGHT="45" HPOS="585" VPOS="3878" WIDTH="68" />
<SP HEIGHT="30" HPOS="654" VPOS="3897" WIDTH="29" />
<String CONTENT="[2]," HEIGHT="50" HPOS="684" VPOS="3877" WIDTH="71" />
<SP HEIGHT="47" HPOS="756" VPOS="3877" WIDTH="27" />
<String CONTENT="96-165," HEIGHT="43" HPOS="784" VPOS="3877" WIDTH="188" />
<SP HEIGHT="31" HPOS="973" VPOS="3896" WIDTH="30" />
<String CONTENT="[2]," CS="1" HEIGHT="49" HPOS="1017" VPOS="3877" WIDTH="59" />
<SP HEIGHT="43" HPOS="1077" VPOS="3879" WIDTH="26" />
<String CONTENT="166-351" HEIGHT="41" HPOS="1104" VPOS="3877" WIDTH="202" />
<SP HEIGHT="48" HPOS="1307" VPOS="3877" WIDTH="27" />
<String CONTENT="p." HEIGHT="37" HPOS="1335" VPOS="3888" WIDTH="43" />
<SP HEIGHT="41" HPOS="1379" VPOS="3876" WIDTH="54" />
<String CONTENT="illus.," HEIGHT="48" HPOS="1434" VPOS="3876" WIDTH="143" />
<SP HEIGHT="47" HPOS="1578" VPOS="3877" WIDTH="24" />
<String CONTENT="diagrs." HEIGHT="48" HPOS="1603" VPOS="3877" WIDTH="180" />
<SP HEIGHT="40" HPOS="1784" VPOS="3878" WIDTH="53" />
<String CONTENT="18&#189;" CS="1" HEIGHT="41" HPOS="1838" VPOS="3876" WIDTH="56" />
<String CONTENT="cm" HEIGHT="22" HPOS="1926" STYLE="superscript" VPOS="3877" WIDTH="43" />
<String CONTENT="." HEIGHT="9" HPOS="1976" VPOS="3907" WIDTH="8" />
</TextLine>
<TextLine HEIGHT="51" HPOS="475" VPOS="3945" WIDTH="1880">
<String CONTENT="Some" HEIGHT="41" HPOS="475" VPOS="3947" WIDTH="139" />
<SP HEIGHT="30" HPOS="615" VPOS="3958" WIDTH="22" />
<String CONTENT="of" HEIGHT="39" HPOS="638" VPOS="3949" WIDTH="52" />
<SP HEIGHT="39" HPOS="691" VPOS="3949" WIDTH="25" />
<String CONTENT="the" HEIGHT="40" HPOS="717" VPOS="3948" WIDTH="82" />
<SP HEIGHT="39" HPOS="800" VPOS="3957" WIDTH="24" />
<String CONTENT="parts" HEIGHT="47" HPOS="825" VPOS="3949" WIDTH="138" />
<SP HEIGHT="38" HPOS="964" VPOS="3958" WIDTH="23" />
<String CONTENT="preceded" HEIGHT="48" HPOS="988" VPOS="3948" WIDTH="232" />
<SP HEIGHT="39" HPOS="1221" VPOS="3948" WIDTH="26" />
<String CONTENT="by" HEIGHT="47" HPOS="1248" VPOS="3948" WIDTH="62" />
<SP HEIGHT="47" HPOS="1311" VPOS="3948" WIDTH="20" />
<String CONTENT="half-titles" HEIGHT="41" HPOS="1332" VPOS="3947" WIDTH="264" />
<SP HEIGHT="30" HPOS="1597" VPOS="3957" WIDTH="24" />
<String CONTENT="not" HEIGHT="38" HPOS="1622" VPOS="3949" WIDTH="82" />
<SP HEIGHT="40" HPOS="1705" VPOS="3947" WIDTH="24" />
<String CONTENT="included" HEIGHT="40" HPOS="1730" VPOS="3947" WIDTH="224" />
<SP HEIGHT="40" HPOS="1955" VPOS="3946" WIDTH="27" />
<String CONTENT="in" HEIGHT="40" HPOS="1983" VPOS="3946" WIDTH="49" />
<SP HEIGHT="37" HPOS="2033" VPOS="3949" WIDTH="24" />
<String CONTENT="the" HEIGHT="39" HPOS="2058" VPOS="3947" WIDTH="80" />
<SP HEIGHT="38" HPOS="2139" VPOS="3956" WIDTH="24" />
<String CONTENT="paging." HEIGHT="50" HPOS="2164" VPOS="3945" WIDTH="191" />
</TextLine>
<TextLine HEIGHT="53" HPOS="399" VPOS="4013" WIDTH="1821">
<String CONTENT="&#169;" HEIGHT="53" HPOS="399" VPOS="4013" WIDTH="52" />
<SP HEIGHT="53" HPOS="452" VPOS="4013" WIDTH="23" />
<String CONTENT="Aug." HEIGHT="46" HPOS="476" VPOS="4019" WIDTH="119" />
<SP HEIGHT="39" HPOS="596" VPOS="4019" WIDTH="25" />
<String CONTENT="3," HEIGHT="47" HPOS="622" VPOS="4019" WIDTH="41" />
<SP HEIGHT="47" HPOS="664" VPOS="4019" WIDTH="24" />
<String CONTENT="1936;" HEIGHT="49" HPOS="689" VPOS="4017" WIDTH="141" />
<SP HEIGHT="48" HPOS="831" VPOS="4018" WIDTH="25" />
<String CONTENT="2c." HEIGHT="42" HPOS="857" VPOS="4018" WIDTH="69" />
<SP HEIGHT="41" HPOS="927" VPOS="4019" WIDTH="24" />
<String CONTENT="Aug." HEIGHT="47" HPOS="952" VPOS="4019" WIDTH="120" />
<SP HEIGHT="40" HPOS="1073" VPOS="4019" WIDTH="25" />
<String CONTENT="7;" HEIGHT="47" HPOS="1099" VPOS="4019" WIDTH="54" />
<SP HEIGHT="38" HPOS="1154" VPOS="4028" WIDTH="26" />
<String CONTENT="aff." HEIGHT="42" HPOS="1181" VPOS="4017" WIDTH="82" />
<SP HEIGHT="40" HPOS="1264" VPOS="4019" WIDTH="27" />
<String CONTENT="Aug." HEIGHT="47" HPOS="1292" VPOS="4019" WIDTH="118" />
<SP HEIGHT="39" HPOS="1411" VPOS="4020" WIDTH="26" />
<String CONTENT="8;" HEIGHT="40" HPOS="1438" VPOS="4020" WIDTH="52" />
<SP HEIGHT="41" HPOS="1491" VPOS="4019" WIDTH="29" />
<String CONTENT="A" HEIGHT="38" HPOS="1521" VPOS="4019" WIDTH="39" />
<SP HEIGHT="41" HPOS="1561" VPOS="4017" WIDTH="23" />
<String CONTENT="97300;" HEIGHT="48" HPOS="1585" VPOS="4017" WIDTH="172" />
<SP HEIGHT="46" HPOS="1758" VPOS="4019" WIDTH="29" />
<String CONTENT="Edwin" HEIGHT="40" HPOS="1788" VPOS="4017" WIDTH="173" />
<SP HEIGHT="39" HPOS="1962" VPOS="4018" WIDTH="25" />
<String CONTENT="A." HEIGHT="39" HPOS="1988" VPOS="4018" WIDTH="53" />
<SP HEIGHT="41" HPOS="2042" VPOS="4017" WIDTH="29" />
<String CONTENT="Scott." HEIGHT="41" HPOS="2072" VPOS="4017" WIDTH="148" />
</TextLine>
<TextLine HEIGHT="51" HPOS="479" VPOS="4074" WIDTH="283">
<String CONTENT="(36-18507)" HEIGHT="51" HPOS="479" VPOS="4074" WIDTH="283" />
</TextLine>
</TextBlock>
</PrintSpace>
</Page>
</Layout>
</alto>