2519 4377
1316 4089 98 53 710

346 431 354 67 Flickinger,
723 434 130 63 Roy
878 432 240 66 Caston,
1147 434 171 54 1876-

415 511 122 54 The
570 510 189 55 Greek
788 511 223 54 theater
1043 511 114 53 and
1190 510 74 54 its
1297 511 218 67 drama,
1547 510 76 69 by
1658 511 126 67 Roy
1821 510 60 56 C.
1919 508 332 71 Flickinger
2291 554 56 10 ...

345 587 2003 70 4th ed. Chicago, Ill., The University of Chicago press [ c 1936]
418 661 169 49 xxviii,
616 662 88 42 385
732 672 44 39 p.
835 663 164 48 front.,
1028 663 143 48 illus.,
1199 661 172 50 plates,
1402 660 178 51 diagrs.
1640 662 56 41 24½
1728 665 45 22 cm
1776 694 9 8 .

932 731 1424 50 PARTIAL CONTENTS.—The influence of religious origin.—The influence
347 790 52 40 of
431 790 166 41 choral
633 789 170 50 origin.
822 812 59 6 —
897 790 102 40 The
1033 788 239 43 influence
1306 789 53 41 of
1392 790 174 40 actors.
1584 812 59 5 —
1658 789 101 40 The
1796 789 236 41 influence
2069 789 53 41 of
2156 787 196 43 festival

348 847 547 47 arrangements.—The
923 846 238 41 influence
1192 846 51 41 of
1273 845 219 50 physical
1523 846 450 41 conditions.—The
2002 845 355 42 unities.—The

349 904 235 41 influence
623 904 52 40 of
712 903 220 42 national
970 904 212 40 customs
1220 904 95 40 and
1356 903 147 41 ideas.
1523 926 56 6 —
1596 903 101 40 The
1733 902 236 41 influence
2006 902 52 41 of
2098 902 255 41 theatrical

350 961 278 49 machinery
660 962 96 41 and
786 961 241 42 dramatic
1056 959 668 44 conventions.—Theatrical
1758 960 205 41 records.

346 1027 53 54 ©
431 1034 113 46 May
576 1033 68 48 12,
678 1032 115 41 1936;
854 1032 69 41 2c.
956 1033 97 39 and
1085 1032 82 41 aff.
1203 1033 129 39 June
1362 1032 52 47 1;
1450 1032 41 39 A
1522 1029 145 42 94696;
1732 1030 284 48 University
2050 1030 52 40 of
2133 1029 226 48 Chicago,

421 1090 225 48 Chicago.
715 1089 283 49 (36-11686)

346 1194 142 63 Fox,
513 1194 195 54 Jessie
728 1194 284 63 Douglas.

416 1271 216 67 Lovely
683 1270 261 69 journey,
993 1270 75 69 by
1117 1269 182 55 Jessie
1350 1268 260 70 Douglas
1660 1269 125 51 Fox
1842 1310 55 9 ...
1990 1267 139 52 New
2181 1266 182 65 York,

345 1348 1166 69 Thomas Y. Crowell company [ c 1936]
418 1436 89 41 314
531 1447 43 38 p.
627 1435 61 42 20
688 1438 45 22 cm
736 1468 9 8 .

347 1502 54 54 ©
428 1507 125 40 June
582 1508 38 47 5,
647 1506 143 48 1936;
820 1507 69 41 2c.
919 1508 129 39 June
1074 1507 82 48 10;
1190 1506 81 41 aff.
1302 1507 130 39 June
1457 1505 53 49 9;
1542 1507 43 39 A
1611 1505 172 50 95618;
1817 1506 43 41 J.
1891 1507 57 39 D.
1980 1506 115 48 Fox,
2125 1505 234 47 Yonkers,

418 1565 55 40 N.
505 1565 53 40 Y.
630 1564 283 50 (36-11547)

349 1670 243 54 France.
667 1670 299 55 Ministère
990 1670 69 53 de
1084 1670 59 54 la
1162 1670 224 66 justice.

424 1790 57 10 ...
521 1748 226 52 French
779 1746 236 69 opinion
1050 1764 71 35 on
1154 1747 96 52 the
1283 1747 218 54 United
1539 1746 189 55 States
1766 1747 112 52 and
1912 1745 242 68 Mexico,
2192 1748 170 50 1860-

352 1826 134 54 1867;
556 1831 249 49 extracts
849 1825 152 54 from
1040 1827 97 52 the
1176 1832 223 62 reports
1440 1824 65 54 of
1543 1826 96 52 the
1678 1843 340 51 procureurs
2057 1824 304 68 généraux,

350 1904 282 69 compiled
659 1907 114 52 and
798 1905 190 54 edited
1015 1906 76 68 by
1116 1906 170 68 Lynn
1312 1906 79 53 M.
1422 1906 143 55 Case
1593 1949 56 9 ...
1729 1906 139 52 New
1896 1903 181 68 York,
2104 1903 258 68 London,

348 1983 1724 70 D. Appleton-Century company, incorporated [ c 1936]
422 2058 140 48 xxiii,
594 2057 89 41 452
715 2068 44 39 p.
819 2057 130 41 illus.
976 2057 163 51 (map)
1206 2058 56 40 23
1265 2059 44 22 cm
1315 2089 9 9 .

423 2128 65 40 At
517 2129 127 40 head
674 2128 52 40 of
754 2127 112 41 title;
921 2128 102 40 The
1053 2127 259 41 American
1344 2127 256 41 historical
1631 2127 310 41 association.

426 2185 275 48 “Prepared
737 2186 97 40 and
871 2185 257 49 published
1167 2185 156 40 under
1361 2186 82 39 the
1482 2183 237 43 direction
1759 2185 52 40 of
1850 2186 82 39 the
1972 2185 257 40 American
355 2185 1991 100 historical

554 2242 298 43 association
879 2242 130 42 from
1038 2244 82 40 the
1147 2243 186 41 income
1360 2243 51 42 of
1437 2244 82 40 the
1545 2243 170 41 Albert
1742 2243 44 41 J.
1814 2242 268 50 Beveridge
2111 2242 251 41 memorial

349 2301 275 50 fund.”—p.
663 2302 54 50 [2]

426 2358 263 40 “Extracts
724 2389 47 9 ...
805 2368 84 30 are
922 2357 66 40 all
1019 2357 129 40 from
1182 2359 81 39 the
1296 2359 189 47 reports
1519 2357 52 41 of
1601 2358 82 40 the
1714 2367 292 39 procureurs
2035 2356 246 49 généraux
2316 2359 47 38 to

355 2414 83 40 the
470 2413 257 42 Ministère
759 2415 58 40 de
849 2415 47 40 la
929 2414 179 49 justice
1145 2425 122 40 [now
1301 2415 49 40 in
1387 2416 97 49 the]
1522 2415 234 41 Archives
1789 2416 277 40 nationales
2103 2447 47 9 ...
2212 2413 151 44 series

355 2473 84 40 BB
442 2467 38 29 30
483 2472 147 50 .”—p.
664 2471 101 44 xxi.

353 2540 53 53 ©
436 2545 117 47 May
580 2545 70 50 27,
684 2544 114 41 1936;
858 2544 67 40 2c.
959 2545 98 39 and
1086 2544 83 41 aff.
1202 2545 115 47 May
1347 2543 60 40 29;
1464 2545 41 38 A
1536 2543 146 41 95426;
1742 2545 161 40 Amer,
1932 2544 256 40 historical
2222 2552 144 40 assn.,

423 2601 339 48 Washington.
827 2601 281 48 (36-11530)

354 2706 348 65 Freedman,
729 2706 183 54 Louis
935 2706 356 65 Alexander,
1322 2707 171 54 1873-

427 2782 220 69 Simple
676 2782 316 68 insanities,
1020 2782 315 54 reflections
1365 2781 59 53 in
1453 2782 158 67 rime,
1638 2783 76 67 by
1742 2781 174 55 Louis
1944 2783 72 53 A.
2045 2782 321 53 Freedman

360 2904 56 10 ...
489 2861 141 54 New
665 2860 181 70 York,
879 2859 70 57 G.
982 2861 67 55 P.
1083 2860 297 55 Putnam’s
1414 2879 147 49 sons,
1596 2863 153 52 1936.

426 2949 715 49 viii p., 1 l., 11-94 p. 21 cm .
355 3016 54 53 ©
433 3021 114 47 May
571 3019 69 48 22,
667 3019 140 48 1936;
832 3019 68 44 2c.
927 3021 114 47 May
1064 3019 83 48 25;
1175 3019 82 42 aff.
1286 3021 113 47 May
1424 3019 55 41 23;
1534 3020 41 38 A
1600 3018 172 48 94576;
1803 3019 51 40 G.
1883 3020 50 40 P.
1961 3017 252 42 Putnam’s
2240 3028 126 32 sons.

437 3076 283 49 (36-11569)

357 3181 311 67 Goodrich,
696 3182 233 54 Arthur
958 3182 335 64 Frederick,
1325 3184 170 54 1878-

431 3260 125 52 You
598 3257 275 53 wouldn’t
909 3258 212 52 believe
1158 3259 63 66 it,
1258 3259 75 68 by
1369 3259 225 51 Arthur
1629 3257 308 54 Goodrich.
2012 3258 138 52 New
2190 3257 178 67 York,

358 3338 256 67 London,
646 3337 73 53 D.
749 3335 583 70 Appleton-Century
1365 3355 298 50 company,
1697 3336 421 68 incorporated,
2148 3339 149 49 1936.

427 3422 584 52 3 p. l., 230 p. 19½ cm .
359 3492 53 54 ©
436 3497 129 39 June
588 3497 39 48 5,
654 3494 141 49 1936;
823 3495 66 40 2c.
916 3496 127 39 June
1068 3496 52 46 8;
1150 3495 81 41 aff.
1258 3496 127 39 June
1410 3495 53 47 9;
1492 3496 39 39 A
1555 3495 171 48 95582;
1755 3497 186 39 Arthur
1969 3493 255 50 Goodrich,
2252 3496 116 39 New

429 3554 145 40 York.
640 3553 283 49 (36-11553)

360 3655 409 67 Hinzelmann,
798 3657 139 53 Elsa
964 3658 97 63 M.,
1091 3662 170 49 1896-

435 3776 56 10 ...
528 3735 150 52 Zwei
711 3733 276 53 mädchen
1020 3734 194 53 stehen
1248 3736 78 51 im
1357 3733 189 68 leben;
1582 3734 124 54 eine
1737 3733 313 69 erzählung
2084 3734 97 51 für
2213 3734 155 52 mäd-

360 3810 2005 71 chen von 13 bis 17 jahren. Zürich-Leipzig, Orell Füssli [ c 1935]
433 3899 85 41 187
546 3911 41 37 p.
620 3900 111 40 incl.
759 3899 143 48 illus.,
931 3901 171 47 plates.
1161 3900 115 40 20cm.

362 3964 2006 54 © Oct. 10, 1935; 1c. Mar. 19, 1936; A- Foreign 30863; Orell Füssli
434 4028 178 46 verlag.
687 4026 281 49 (36-11497)
