2519 4377
1050 4067 101 53 457

103 431 406 64 Landsteiner,
535 432 162 62 Karl,
728 437 168 49 1868-

169 509 121 51 The
319 505 312 69 specificity
661 506 64 54 of
753 505 330 69 serological
1119 506 292 66 reactions,
1438 506 75 67 by
1540 506 147 52 Karl
1716 505 377 54 Landsteiner

160 582 1828 70 … Springfield, Ill., Baltimore, Md., C. C. Thomas [ c 1936]
171 656 906 50 vii, 178 p., 1 l. incl. tables. 23p m .
171 715 206 40 German
407 714 182 40 edition
615 712 253 49 published
898 713 179 46 Berlin,
1106 712 125 41 1933.
1286 713 60 48 cf.
1373 724 42 37 p.
1443 712 80 42 vii.

171 772 228 39 Erratum
427 772 93 46 slip
547 771 214 39 inserted
790 771 213 38 between
1032 781 42 36 p.
1101 769 54 49 [2]
1187 770 93 39 and
1307 769 40 39 3.

171 828 223 39 Includes
424 825 391 49 bibliographies.

100 879 52 52 ©
183 883 108 39 Feb.
323 883 68 43 25,
423 883 139 45 1936;
596 882 68 41 2c.
693 883 113 46 Apr.
839 882 51 41 6;
925 881 82 40 aff.
1039 882 113 46 Apr.
1184 883 53 44 4;
1272 882 39 38 A
1343 881 170 47 93560;
1549 882 202 40 Charles
1785 882 49 41 C.
1865 882 226 41 Thomas.

179 940 248 48 (36-8906)

99 1042 238 64 Lavine,
366 1042 286 52 Emanuel
679 1042 222 62 Henry,
932 1046 168 49 1886-

170 1116 1923 68 Cheese it—the cops! By Emanuel H. Lavine … New York,
101 1196 120 53 The
252 1195 315 69 Vanguard
600 1213 173 50 press,
806 1197 151 50 1936.

170 1267 602 50 ix p., 2 l., 3-307 p. 21 cm.
101 1322 52 53 ©
188 1326 108 39 Feb.
331 1326 69 46 27,
436 1325 140 47 1936;
613 1325 67 40 2c.
716 1327 94 38 and
847 1324 81 41 aff.
964 1326 113 46 Apr.
1113 1325 81 45 11;
1232 1325 41 38 A
1308 1324 169 46 93625;
1516 1325 262 46 Vanguard
1814 1334 151 38 press,
2003 1326 89 38 inc.

181 1382 249 48 (36-8985)

101 1485 133 62 Lee,
257 1488 138 50 Mrs.
424 1485 274 53 Melicent
724 1485 325 54 Humason.

177 1557 1855 71 Children of banana land, by Melicent Humason Lee …
104 1639 322 54 illustrated
454 1639 74 67 by
558 1636 183 54 Leslie
772 1638 85 53 W.
889 1638 124 52 Lee.
1090 1636 135 53 New
1258 1636 178 66 York,
1466 1637 248 51 Thomas
1749 1637 67 52 Y.
1851 1635 239 55 Crowell

104 1734 276 49 company
416 1750 12 33 [
433 1723 17 20 c
456 1718 131 50 1936
593 1749 12 33 ]

173 1786 97 48 157,
304 1787 53 48 [1]
389 1797 42 37 p.
460 1787 109 39 incl.
597 1786 164 47 front.,
791 1787 127 39 illus.
979 1786 55 39 24½
1067 1789 43 20 cm
1115 1819 9 9 .

172 1843 285 40 Illustrated
496 1843 360 47 lining-papers.

103 1899 51 52 ©
181 1904 112 46 Apr.
323 1904 66 46 17,
419 1902 139 47 1936;
587 1901 66 41 2c.
682 1903 113 47 Apr.
823 1901 81 43 22;
936 1901 80 40 aff.
1045 1902 113 47 Apr.
1186 1901 82 47 21;
1299 1902 39 38 A
1366 1900 170 49 93743;
1568 1902 209 40 Thomas
1807 1903 53 40 Y.
1890 1903 206 40 Crowell

171 1971 67 29 co.
304 1959 249 48 (36-9082)

101 2062 200 63 Lipke,
327 2062 151 63 Kay.

175 2136 1921 68 Life is for living; a novel, by Kay Lipke … New York,
108 2215 306 52 Frederick
441 2215 68 54 A.
542 2213 201 55 Stokes
772 2231 294 52 company,
1098 2217 147 50 1936.

178 2285 461 49 5 p. l., 289 p. 19½cm.
104 2342 52 52 ©
183 2347 112 46 Apr.
325 2346 66 47 16,
422 2344 138 42 1936;
592 2346 67 39 2c.
689 2346 94 39 and
813 2345 81 41 aff.
924 2346 113 47 Apr.
1064 2345 82 42 21;
1179 2346 39 38 A
1247 2344 169 48 93733;
1451 2345 259 40 Frederick
1740 2347 53 38 A.
1828 2346 171 39 Stokes
2029 2354 67 32 co.

183 2401 248 49 (36-9080)

102 2507 359 63 McMurray,
491 2506 220 63 Joseph
743 2506 170 53 Fred.

174 2581 1919 69 The schoolmaster chats, by J. Fred McMurray … 1st ed.
101 2659 260 66 Keokuk,
389 2661 102 66 la.,
519 2661 119 51 The
670 2662 525 51 Extra-curricular
1222 2660 335 68 publishing
1584 2678 278 50 company
1898 2695 11 33 [
1915 2669 17 20 c
1938 2665 134 48 1936
2081 2695 9 33 ]

177 2732 97 49 164,
317 2734 53 48 [1]
415 2744 42 37 p.
518 2732 128 41 illus.
676 2733 196 48 (ports.)
940 2732 54 40 23½cm.

179 2790 175 46 “Many
396 2789 234 48 practical
675 2789 160 48 points
877 2789 288 48 concerning
1206 2790 83 39 the
1329 2799 174 38 proper
1545 2790 215 39 attitude
1802 2789 51 39 of
1897 2792 200 46 patrons

108 2846 211 40 towards
350 2846 80 40 the
458 2846 187 39 schools
678 2847 114 47 [told
819 2846 49 41 in
896 2848 133 45 story
1057 2845 366 49 form]”—Pref.

105 2899 52 54 ©
186 2905 107 39 Feb.
323 2905 68 46 15,
420 2903 139 43 1936:
589 2903 66 41 2c.
685 2906 94 38 and
809 2904 81 40 aff.
918 2905 112 47 Apr.
1060 2904 52 46 6;
1143 2905 39 38 A
1212 2904 141 40 93543;
1415 2904 445 40 Extra-curricular
1891 2905 108 47 pub.
2030 2915 68 29 co.

187 2960 248 48 (36-9021)

104 3061 474 53 Massachusetts
636 3063 182 65 digest
878 3063 323 52 annotated.
1296 3066 131 48 1935
1487 3064 341 52 cumulative
1887 3062 210 53 annual

177 3140 1921 67 pocket parts … [ for] vols. 1-20 … Boston, Mass., Little,
178 3218 225 65 Brown,
436 3218 110 51 and
578 3235 307 49 company;
922 3217 81 54 St.
1036 3220 164 58 Paul,
1230 3219 200 64 Minn.,
1462 3220 160 53 West
1652 3218 335 67 publishing
2019 3235 77 36 co.

181 3328 11 32 [
199 3301 16 20 c
222 3298 132 49 1936
359 3328 12 33 ]

174 3366 55 40 20
258 3379 41 30 v.
355 3367 55 39 25
413 3370 43 20 cm
462 3398 8 8 .

178 3424 153 39 These
362 3424 271 46 pamphlets
665 3434 83 28 are
780 3426 47 36 to
859 3424 54 39 be
945 3422 136 41 fitted
1114 3423 101 40 into
1245 3424 80 39 the
1357 3424 199 47 pockets
1584 3426 52 37 at
1669 3424 81 39 the
1781 3424 121 38 back
1935 3423 52 39 of
2019 3424 82 39 the

106 3480 213 39 volumes
347 3479 51 39 of
426 3480 80 39 the
533 3483 71 36 set
634 3482 48 37 to
711 3480 156 39 which
898 3480 112 46 they
1038 3480 182 47 belong.

109 3531 52 53 ©
190 3536 118 40 Mar.
339 3535 65 47 12,
435 3535 137 47 1936;
604 3535 67 41 2c.
701 3536 113 40 each
847 3535 94 40 and
969 3534 82 42 aff.
1080 3537 113 46 Apr.
1223 3536 80 42 18;
1336 3536 40 39 A
1404 3534 170 48 94016;
1604 3536 132 40 West
1767 3536 108 47 pub.
1905 3546 68 30 co.
2003 3536 96 40 and

180 3592 160 48 Little,
368 3594 189 44 Brown,
582 3594 97 38 and
704 3603 247 36 company.

109 3680 214 61 Moore,
351 3680 188 62 Hight
569 3681 79 64 C.,
682 3682 168 53 1871-

114 3753 1958 140 New Testament biographies [by] Hight C. Moore … Nashville,
288 3832 963 68 Tenn., Broadman press [ c 1935]
183 3901 974 52 5 p. l., 9-232 p. illus. (maps) 20c m .
180 3957 131 43 Each
334 3963 111 45 part
471 3961 101 40 also
598 3961 253 46 published
880 3962 289 48 separately.
