2519 4377
1047 4088 101 55 379

173 517 87 40 100
286 527 41 38 p.
384 516 54 40 21
443 519 44 21 cm
491 549 9 9 .

174 573 266 47 Classified,
468 572 120 41 with
617 573 179 40 author
823 572 159 40 index.

108 626 52 52 ©
186 631 114 47 Apr.
325 630 39 47 3,
394 630 113 39 1936;
565 629 66 40 2c.
663 631 95 38 and
786 629 82 41 aff.
898 630 113 47 Apr.
1041 629 29 39 6;
1125 630 40 38 A
1193 627 142 43 92771;
1398 631 62 40 M.
1491 631 52 39 E.
1575 630 202 47 Chayer,
1809 631 118 40 New
1956 631 146 39 York.

184 686 279 49 (36-27193)

111 761 212 66 [Clark,
353 762 236 53 Briscoe
619 761 264 53 Baldwin]

175 840 137 52 New
345 838 161 53 York
534 839 108 51 law
672 838 62 53 of
765 838 282 67 damages.
1116 841 130 48 1935
1281 838 342 54 cumulative
1656 841 209 50 annual
1899 840 202 66 pocket

105 916 1996 70 parts for volumes 1-2 … Brooklyn, N. Y., Edward Thompson
105 1012 279 49 company
417 1028 12 33 [
434 1001 18 21 c
457 998 151 63 1936]

174 1067 30 39 2
229 1079 43 28 v.
330 1067 144 40 22½cm.

176 1124 157 39 These
361 1124 272 47 pamphlets
665 1134 86 29 are
779 1126 48 38 to
887 1133 26 29 be
944 1123 138 39 fitted
1115 1123 102 40 into
1250 1125 81 39 the
1359 1124 200 47 pockets
1588 1127 50 37 at
1671 1124 85 41 the
1785 1125 120 39 back
1938 1125 53 39 of
2023 1126 81 40 the

103 1181 215 39 volumes
346 1181 53 40 of
424 1181 80 39 the
532 1183 75 37 set
633 1183 49 37 to
711 1180 157 39 which
897 1181 113 46 they
1039 1180 183 47 belong.

106 1233 52 52 ©
201 1237 109 40 Feb.
351 1238 40 45 7,
433 1235 139 48 1936;
616 1235 67 43 2c.
725 1237 117 39 each
887 1237 120 39 Mar.
1049 1236 83 47 23;
1177 1236 81 40 aff.
1303 1237 120 38 Mar.
1466 1236 82 48 21;
1590 1237 43 38 A
1672 1235 171 49 92499;
1890 1238 211 39 Edward

175 1294 273 47 Thompson
471 1303 67 32 co.

104 1368 121 52 The
254 1368 312 63 Colophon.
653 1368 298 65 (Indexes)

174 1446 202 66 Index,
423 1446 94 51 the
566 1445 316 67 Colophon,
932 1448 327 63 1930-1935,
1306 1447 249 50 volumes
1631 1487 11 24 I,
1740 1487 11 25 II,
1873 1486 11 24 III,
1994 1489 11 24 IV,
2089 1489 11 25 V,

103 1529 215 61 twenty
345 1528 186 62 parts;
560 1523 141 52 with
729 1543 31 34 a
786 1523 220 66 history
1034 1522 63 53 of
1124 1523 95 52 the
1247 1525 291 65 quarterly
1564 1524 74 67 by
1666 1524 155 54 John
1848 1525 65 53 T.

104 1525 1973 129 Winterich
322 1601 112 53 and
472 1602 55 52 A
565 1601 202 68 listing
805 1600 62 54 of
906 1606 162 63 types
1109 1603 49 50 &
1200 1620 223 49 papers,
1460 1601 75 68 by
1572 1603 169 53 Peter
1780 1601 320 56 Beilenson.

104 1681 138 52 New
269 1680 179 66 York,
475 1680 121 52 The
625 1680 315 67 Colophon,
971 1683 148 50 1935.

170 1754 69 45 47,
275 1752 112 49 [137]
419 1763 42 37 p.
519 1752 56 39 24
577 1754 15 21 cm
626 1784 9 9 .

175 1809 70 41 On
276 1819 141 30 cover:
476 1810 166 47 Index,
675 1808 207 49 original
914 1808 164 47 series,
1110 1809 81 42 the
1222 1808 260 49 Colophon,
1515 1808 275 49 1930-1935,
1822 1810 216 41 volumes
2094 1843 8 16 I,

102 1876 51 37 II,
251 1898 8 15 III,
350 1898 7 10 IV.
426 1898 7 7 V.

178 1921 1926 49 “The printing of 1250 copies of the Index … was completed by the
105 1980 191 46 Pynson
328 1979 212 47 printers
572 1979 49 38 in
653 1978 264 40 December
949 1988 117 30 mcm
1222 1977 38 39 XXXV.”

177 2035 246 47 Compiled
452 2036 60 46 by
541 2036 59 38 H.
629 2035 55 40 A.
716 2034 213 41 Mattice.
989 2035 61 46 of.
1080 2045 41 37 p.
1152 2034 69 41 16.

105 2088 52 52 ©
188 2093 111 39 Dec.
331 2092 68 46 30,
429 2090 140 48 1935;
603 2091 68 40 2c.
704 2092 99 39 and
832 2090 82 41 aff.
948 2091 109 39 Jan.
1089 2089 69 50 29,
1192 2089 140 48 1936;
1368 2091 40 38 A
1440 2090 171 48 91526;
1648 2092 192 47 Pynson
1874 2092 228 48 printers,

173 2148 104 46 inc.,
313 2149 116 39 New
463 2149 145 39 York.
683 2147 225 49 (30-6701
927 2159 30 27 x
961 2142 16 27 1
987 2147 15 47 )

104 2224 238 65 Cooper,
369 2224 160 55 Duff.

172 2301 161 68 Haig
357 2301 217 67 speaks.
673 2305 81 63 [pt.
782 2304 32 48 2]
911 2302 370 51 Instalments
1310 2304 115 50 6-9.

183 2374 77 47 (In
291 2371 200 43 London
518 2371 202 51 Sunday
748 2370 243 52 pictorial,
1019 2371 125 43 Mar.
1172 2373 40 48 8,
1242 2373 70 48 15,
1339 2373 71 48 22,
1439 2372 72 49 29,
1540 2371 143 49 1936)

104 2414 1967 66 © 1c. each May 2, 1936; A ad int. 21378; pubd. Mar. 8, 15, 22, 29;
172 2489 171 39 Alfred
371 2487 118 40 Duff
515 2488 197 48 Cooper,
741 2488 212 39 London.

107 2562 258 68 [Davids,
393 2564 288 63 Berkeley
707 2563 313 67 Reynolds]

173 2642 138 51 New
356 2641 162 52 York
563 2641 110 51 law
719 2641 62 51 of
827 2640 163 53 wills.
1067 2643 130 49 1935
1248 2640 342 53 cumulative
1639 2643 210 49 annual
1896 2640 203 67 pocket

102 2718 1970 145 parts for volumes 1-2 … Brooklyn, N. Y., Edward Thompson company [ c 1936]
172 2868 28 40 2
227 2881 43 29 v.
327 2868 54 40 22½
414 2871 43 22 cm
463 2902 8 8 .

176 2927 156 40 These
360 2927 272 46 pamphlets
664 2937 83 30 are
779 2928 48 38 to
859 2926 58 39 be
943 2925 136 40 fitted
1111 2926 101 39 into
1245 2926 83 40 the
1357 2926 195 47 pockets
1585 2927 51 38 at
1668 2926 82 39 the
1780 2925 122 40 back
1934 2925 55 39 of
2018 2925 83 40 the

102 2984 215 39 volumes
345 2983 53 39 of
423 2984 81 39 the
528 2986 77 37 set
632 2985 49 38 to
710 2983 158 39 which
896 2983 115 46 they
1038 2983 182 46 belong.

105 3036 52 52 ©
182 3040 108 40 Feb.
315 3041 39 46 7,
378 3040 112 39 1936;
544 3039 67 41 2c.
636 3040 117 41 each
779 3040 121 39 Mar.
925 3038 55 40 23;
1035 3038 81 41 aff.
1142 3040 119 38 Mar.
1288 3038 53 39 21;
1398 3039 39 38 A
1461 3037 143 41 92500;
1661 3039 210 39 Edward
175 3039 1910 97 Thompson
284 3107 66 29 co.

104 3172 381 64 D’Erlanger,
515 3172 218 64 Harry,
800 3189 154 35 baron.

172 3247 122 52 The
337 3248 109 51 last
489 3247 208 68 plague
743 3246 64 53 of
850 3247 217 68 Egypt,
1111 3246 75 69 by
1232 3247 193 52 Baron
1472 3246 199 69 Harry
1716 3245 379 68 D’Erlanger.

104 3324 257 68 London,
392 3325 64 51 L.
491 3324 253 53 Dickson
777 3327 46 50 &
856 3325 350 67 Thompson,
1239 3323 223 54 limited
1525 3326 153 66 [1936]

173 3395 85 40 304
279 3408 43 36 p.
376 3397 161 48 front.,
563 3398 173 47 plates,
758 3400 163 45 ports.,
949 3407 123 38 map,
1097 3396 189 42 facsim.
1339 3395 54 41 22½
1427 3399 43 21 cm
1475 3428 9 9 .

174 3451 140 50 Maps
342 3465 59 28 on
428 3454 361 48 lining-papers.

107 3507 1991 55 © 1c. Mar. 5, 1936; A ad int. 21187; pubd. Jan. 15; Levat Dickson and
176 3570 285 47 Thompson,
486 3572 86 41 ltd.
635 3571 251 48 (36-8518)

107 3645 312 64 Drastrup,
449 3646 221 54 Elmar.

238 3720 1859 71 … Fordi de uclfører saa store bedrifter. København, Gyl
109 3796 221 59 clendal,
362 3802 146 48 1935.

177 3866 83 40 123
290 3877 42 37 p.
395 3869 168 46 plates.
624 3869 55 39 21
683 3871 44 21 cm
732 3901 9 8 .

109 3921 1991 58 © Sept. 14, 1935; 1c. Jan. 8, 1936; A-Foreign 30170; Gyldendalske
177 3983 280 47 boghandel,
483 3985 211 39 Nordisk
719 3986 173 44 forlag.
957 3986 249 44 (36-8671)
1889 3986 118 41 2423
