2519 4377
1070 4128 131 50 1643

135 461 341 63 Macdonell,
503 460 320 54 Archibald
855 461 250 63 Gordon,
1139 466 169 49 1895-

202 552 183 53 Lords
409 553 112 52 and
543 558 255 61 masters,
819 551 76 68 by
916 553 70 50 A.
1012 550 67 56 G.
1105 552 337 52 Macdonell.
1517 552 258 66 London,
1800 551 331 53 Macmillan

132 632 45 50 &
203 649 97 48 co.,
325 631 122 66 ltd.,
476 632 150 51 1936.

200 717 28 40 3
254 728 40 37 p.
359 747 8 15 l.,
394 715 87 41 356
507 726 43 38 p.
609 715 57 40 19½
699 718 43 22 cm
746 746 9 9 .

133 783 1999 53 © 1c. Nov. 11, 1936; A ad int. 21984 : pubd. Oct. 20: A. Cx. Macdonell,
206 843 301 47 Godalming,
537 843 193 46 Surrey,
760 842 235 47 England.
1062 840 280 49 (36-31577)

132 946 289 65 Maloney,
445 946 258 54 Richard
728 945 238 65 Joseph.

201 1023 341 54 Mechanics’
590 1023 161 68 liens,
799 1024 237 53 selected
1086 1041 149 35 cases
1287 1023 110 52 and
1448 1028 255 62 statutes,
1754 1023 74 66 by
1879 1023 250 53 Richard

133 1099 1998 71 Joseph Maloney … [Brooklyn] Brooklyn law school, St.
132 1181 303 53 Lawrence
478 1180 336 68 university,
861 1182 149 50 1936.

200 1268 59 39 42
286 1278 41 38 p.
387 1266 54 41 23
446 1269 43 21 cm
493 1298 8 8 .

135 1333 53 53 ©
214 1339 111 45 Apr.
353 1337 39 41 9.
423 1336 139 41 1936:
592 1337 68 39 2c.
689 1336 94 39 and
811 1336 82 40 aff.
923 1337 112 46 Apr.
1068 1336 77 41 10;
1177 1337 41 38 A
1243 1334 145 41 93688
1406 1346 8 30 :
1446 1336 53 40 R.
1528 1336 44 40 J.
1605 1335 238 47 Maloney,
1875 1335 260 46 Brooklyn.

215 1393 280 47 (30-29853)

133 1496 236 64 Massie,
401 1496 190 64 Chris,
622 1502 171 49 1880-

265 1573 1866 68 … Falcon road. New York, Toronto, Longmans, Green and
134 1671 96 48 co.,
257 1656 148 51 1936.

198 1737 64 42 ix.
292 1736 85 41 462
405 1746 44 39 p.
509 1736 54 40 21
569 1738 43 22 cm
617 1768 8 9 .

202 1805 198 42 London
434 1806 183 41 edition
666 1805 71 50 (S.
772 1806 127 49 Low,
936 1806 220 41 Marston
1194 1805 36 41 &
1264 1816 81 38 co.,
1384 1807 110 48 ltd.)
1542 1807 89 39 has
1667 1806 135 41 title;
1844 1805 289 48 Hallelujah

131 1863 188 41 chorus.

203 1919 162 42 “First
398 1918 228 42 edition.”

137 1988 53 54 ©
228 1995 127 44 Sept.
394 1992 68 41 23.
504 1992 140 42 1936:
685 1993 67 37 2c.
794 1992 92 39 and
928 1991 80 40 aff.
1051 1992 101 40 Oct.
1194 1991 81 41 10:
1319 1994 38 37 A
1397 1991 171 42 99761:
1652 2024 7 7 C.
1703 1993 194 42 Massie.
1941 1993 193 48 Pinner,

208 2049 281 43 Middlesex.
522 2049 235 47 England.
826 2047 280 48 (30-30703)

134 2155 223 63 Meade,
382 2153 198 54 Julian
607 2154 389 56 Rutherford.

204 2231 191 67 Teeny
437 2230 113 53 and
589 2230 98 53 the
724 2229 107 54 tall
870 2246 150 51 man,
1062 2229 74 69 by
1178 2230 202 54 Julian
1420 2229 68 54 R.
1528 2229 232 69 Meade;
1804 2229 327 54 illustrated

134 2305 1996 71 by Grace Pauli … Garden City, N. Y., Doubleday, Doran
134 2386 45 50 &
213 2403 297 50 company,
543 2386 128 67 inc.,
703 2387 148 51 1936.

206 2469 1035 50 5 p. l. , 155 p. incl. front., illus. 23 cm .
207 2540 202 41 “Junior
436 2540 192 41 books.”

208 2595 161 43 “First
409 2596 227 42 edition.”

138 2666 53 53 ©
221 2670 102 41 Oct.
352 2670 70 48 23,
454 2669 114 40 1930
584 2681 10 35 ;
629 2671 68 39 2c.
729 2670 94 39 and
855 2671 81 39 aff.
969 2671 118 40 Nov.
1118 2670 25 38 2
1162 2681 8 36 ;
1206 2671 42 39 A
1278 2669 144 40 100368
1468 2681 9 31 :
1512 2671 43 40 J.
1590 2671 54 41 R.
1678 2671 182 46 Meade,
1895 2671 241 49 Danville,

208 2728 85 39 Va.
357 2726 280 48 (36-30929)

141 2831 264 66 [Megaw,
432 2830 233 53 Arthur
690 2830 262 67 Stanley]
985 2831 170 54 1872-

208 2910 121 52 The
351 2915 299 47 testament
676 2909 62 53 of
764 2928 127 33 man
913 2928 10 33 :
954 2927 70 35 an
1053 2909 310 66 anthology
1391 2909 62 52 of
1479 2910 94 53 the
1600 2909 185 68 spirit,
1811 2910 73 67 by
1910 2911 225 52 Arthur

141 2986 1497 68 Stanley [pseud.] … London, V. Gollancz, 1936.
209 3073 63 42 ix.
302 3073 83 39 002
412 3084 43 36 p.
513 3073 53 39 19
569 3076 44 20 cm
619 3106 8 7 .

140 3138 1995 54 © 1c. Nov. 3, 1930; A ad int. 21937 : pubd. Sept. 7 : A. S. Megaw. Belfast,
212 3199 153 39 North
398 3200 209 41 Ireland.

137 3303 251 63 Millard,
415 3303 182 54 Oscar
622 3305 68 51 E.

210 3378 409 68 Burgomaster
664 3380 156 66 Max,
867 3379 74 68 by
992 3378 177 55 Oscar
1216 3380 67 52 E.
1331 3379 240 52 Millard
1620 3378 57 53 in
1725 3378 411 54 collaboration

143 3455 1991 70 with Auguste Vierset … with a preface by Count Carton de
141 3534 203 53 Wiart.
435 3533 163 54 With
647 3536 65 51 18
759 3532 394 56 illustrations.
1244 3533 259 70 London,
1550 3533 365 55 Hutchinson
1961 3534 46 52 &
2055 3553 78 35 co.

147 3614 169 65 [1936]

269 3696 25 39 287
321 3706 44 37 p.
427 3695 162 47 front.,
621 3697 170 48 plates,
821 3698 162 48 ports.,
1013 3697 214 41 facsims.
1288 3698 55 39 24
1346 3701 44 21 cm
1395 3731 8 9 .

212 3766 51 39 “I
295 3776 77 30 am
405 3767 176 47 wholly
614 3767 295 48 responsible
939 3768 79 40 for
1049 3769 81 40 the
1160 3773 341 43 arrangement
1533 3770 94 39 and
1660 3771 162 39 actual
1855 3770 198 48 writing
2082 3770 53 40 of

141 3823 82 39 the
250 3823 135 39 book.
449 3823 100 40 The
576 3823 134 40 work
738 3826 88 38 has
854 3825 117 39 been
998 3824 234 47 compiled
1262 3825 125 40 from
1416 3836 27 29 a
1471 3835 129 31 mass
1628 3826 51 39 of
1706 3827 136 39 notes
1872 3826 94 39 and
1995 3826 139 41 other

141 3879 224 39 material
410 3879 167 47 placed
623 3882 53 38 at
720 3891 78 36 my
843 3881 215 47 disposal
1103 3883 60 46 by
1210 3883 62 39 M.
1319 3881 570 50 Vierset.”—Foreword,
1935 3883 167 47 signed
2121 3893 9 30 :

142 3933 149 41 Oscar
326 3936 52 39 E.
415 3935 211 41 Millard.

145 4003 1990 54 © 1c. Oct. 30. 1936: A ad int. 21923; pubd. Sept. 3; O. E. Millard,
0 0 0 0 London. (36-31509)
