2519 4377
1272 4091 134 51 1582

339 396 369 66 Neubecker,
738 396 277 64 William,
1048 402 174 50 1864-

409 475 124 53 The
569 475 292 53 universal
898 475 160 53 sheet
1091 475 174 52 metal
1304 478 232 64 pattern
1573 479 212 63 cutter;
1827 496 31 34 a
1898 473 464 70 comprehensive

338 554 235 53 treatise
612 572 75 35 on
725 553 79 54 all
842 553 278 54 branches
1160 553 62 54 of
1262 554 157 53 sheet
1456 554 174 53 metal
1671 558 233 64 pattern
1943 554 418 68 development,

339 631 1998 147 volume 2. Architectural sheet metal work … by William Neubecker. 5th ed., with
1065 709 294 69 appendix
1391 729 74 35 on
1493 711 96 53 the
1622 711 352 53 fabrication
2005 711 63 55 of
2100 711 262 54 stainless

340 790 154 67 steel,
528 790 77 67 by
640 790 98 52 the
772 790 308 53 Technical
1116 790 152 67 staff,
1304 789 282 69 Republic
1620 791 135 52 steel
1794 809 152 49 corp.
2019 790 341 54 Illustrated

337 869 78 68 by
435 887 194 35 means
653 868 65 54 of
739 868 105 55 724
864 868 250 68 original
1138 867 348 69 engravings
1507 870 264 66 showing
1795 869 77 53 all
1894 869 262 54 methods
2180 870 182 53 under

337 951 328 65 treatment,
702 966 59 35 as
796 947 131 54 well
962 965 59 35 as
1056 945 356 71 perspective
1444 947 173 55 views
1653 948 62 54 of
1751 948 97 54 the
1883 947 247 70 subjects
2167 948 63 54 of
2266 949 96 55 the

339 1031 232 64 pattern
598 1027 116 53 and
739 1027 164 54 other
931 1026 499 68 demonstrations,
1456 1026 60 53 in
1544 1026 151 54 their
1722 1028 244 53 finished
1996 1033 161 48 state.
2222 1029 140 53 New
340 1105 181 68 York,
551 1108 69 52 N.
653 1107 93 66 Y.,
775 1106 123 53 The

927 1105 158 55 sheet
1111 1105 175 54 metal
1317 1106 359 68 publication
1707 1124 300 50 company,
2041 1109 150 52 1936.

410 1178 87 40 412
525 1190 44 38 p.
628 1179 147 48 illus.,
807 1178 180 49 diagrs.
1047 1178 57 41 29
1106 1181 16 21 cm
1155 1211 8 7 .

341 1246 53 53 ©
432 1250 119 41 Nov.
592 1250 70 49 19,
702 1249 144 49 1936;
888 1248 68 43 2c.
996 1250 119 41 Nov.
1156 1249 83 48 27;
1281 1249 84 41 aff.
1406 1251 120 40 Nov.
1568 1249 83 48 25;
1694 1252 40 37 A
1776 1249 201 43 101008:
2026 1251 146 41 Sheet
2213 1251 149 41 metal

410 1306 305 49 publication
771 1318 39 30 co.

337 1414 148 53 New
509 1412 167 55 York
735 1413 194 67 (State)
1017 1411 182 53 Court
1227 1413 65 67 of
1315 1413 252 66 appeals.

409 1489 1952 71 Reports of cases decided … from and including decisions
338 1570 66 54 of
433 1569 177 70 April
646 1573 84 65 15,
766 1573 152 65 1936,
951 1574 59 50 to
1047 1569 114 54 and
1195 1569 303 69 including
1531 1569 279 55 decisions
1846 1569 63 55 of
1944 1571 145 69 July
2123 1575 48 65 8,
2209 1575 152 66 1936,

337 1650 142 55 with
519 1655 179 62 notes,
738 1650 318 54 references
1095 1650 113 53 and
1245 1649 190 53 index.
1512 1649 175 54 Louis
1730 1652 55 54 J.
1827 1649 347 70 Rezzemini,
2215 1655 146 51 state

338 1734 275 63 reporter.
680 1728 247 55 Volume
955 1727 119 55 271.
1140 1727 252 68 Albany,
1422 1730 56 54 J.
1511 1730 66 52 B.
1608 1730 165 67 Lyon
1804 1747 300 50 company,
2137 1733 152 52 1936.

410 1802 169 49 xxxix,
611 1801 88 41 798
726 1812 45 38 p.
829 1800 58 42 23½
920 1804 45 21 cm
970 1834 9 9 .

340 1869 2020 53 © Nov. 4, 1936; 2c. Nov. 18; aff. Nov. 16; A 99911; Edward J. Flynn,
410 1931 253 46 secretary
689 1929 52 42 of
762 1929 143 49 state,
933 1929 130 40 state
1087 1929 52 40 of
1162 1929 119 40 New
1305 1929 148 48 York,
1479 1928 205 49 Albany.

335 2034 355 64 Parkinson,
714 2033 261 54 Thomas
1001 2033 294 64 Ignatius,
1327 2039 172 50 1881-

409 2113 171 55 Cases
636 2113 115 54 and
806 2112 294 54 materials
1155 2131 72 33 on
1281 2112 345 68 legislation.
1720 2113 245 54 Revised
2024 2117 150 51 1936.
2269 2116 92 68 By

337 2194 250 52 Thomas
612 2194 49 52 I.
688 2192 342 55 Parkinson,
1108 2211 50 34 v.
1187 2195 46 50 2.
1335 2192 140 53 [New
1504 2192 181 69 York,
1713 2199 17 21 c
1736 2195 153 67 1936]

410 2268 60 49 iv,
502 2266 208 42 443-707
739 2277 44 39 p.
842 2266 58 40 27½c
949 2269 29 21 m
982 2300 9 8 .

412 2325 259 41 “Revenue
709 2322 229 50 revision,
976 2322 144 42 1932“
1142 2336 7 27 :
1191 2335 22 28 a
1257 2324 251 47 pamphlet
1547 2323 53 40 of
1636 2323 56 40 15
1732 2324 163 39 leaves
1932 2325 175 47 pasted
2146 2323 49 40 in
2236 2325 124 40 back

339 2383 52 39 of
419 2382 137 42 book.

338 2448 55 54 ©
418 2453 120 41 Nov.
570 2452 70 50 11,
672 2450 117 42 1936;
847 2450 69 42 2c.
948 2450 97 41 and
1075 2450 82 42 aff.
1188 2452 118 39 Nov.
1339 2450 57 41 16;
1456 2452 39 38 A
1527 2449 175 41 100495;
1763 2452 50 38 T.
1849 2453 36 39 I.
1919 2451 291 50 Parkinson,
2240 2453 119 39 New

409 2510 145 40 York.

332 2611 1265 69 Pr ī shv ī n, M ī kha ī l Mīkhaĭlovīch, 1873-
469 2690 1888 72 … Jen sheng: the root of life; English version by George
334 2770 1959 71 Walton and Philip Gibbons; foreword by Julian S. Huxley …
336 2852 140 56 New
507 2851 182 70 York,
717 2851 69 57 G.
814 2853 66 54 P.
910 2851 301 56 Putnam’s
1239 2869 149 51 sons,
1416 2853 151 54 1936.

406 2927 71 42 vii
500 2937 59 39 p.,
587 2927 25 40 1
676 2957 10 19 l.,
714 2926 87 42 177
826 2937 43 38 p.
897 2925 112 44 incl.
1036 2925 167 49 front.,
1231 2924 129 42 illus.
1420 2925 55 40 21
1480 2927 45 22 cm
1529 2956 9 10 .

406 2986 66 41 At
499 2985 126 41 head
655 2984 54 41 of
737 2985 111 41 title
865 2994 10 31 :
907 2983 210 42 Mikhail
1147 2982 246 43 Prishvin.

339 3054 53 53 ©
426 3059 128 47 Sept.
586 3056 70 48 25,
690 3056 117 40 1936;
865 3055 69 41 2c.
970 3056 129 48 Sept.
1132 3054 57 42 30;
1252 3055 81 41 aff.
1371 3055 129 48 Sept.
1532 3054 55 40 29;
1651 3056 41 39 A
1720 3053 147 42 98721;
1932 3055 54 42 G.
2019 3055 51 41 P.
2104 3053 254 41 Putnam’s

410 3125 127 31 sons.
601 3112 285 51 (36-28995)

334 3218 225 54 Punch,
635 3239 51 34 v.
714 3222 119 64 191,
857 3237 89 35 no.
972 3217 156 69 4977,
1154 3218 126 56 Oct.
1307 3217 228 69 7,1936.

336 3302 2019 56 © 1c. Dec. 2, 1936; A ad int. 22105; pubd. Oct. 7; Herbert Heather,
408 3364 214 41 London.

333 3468 313 65 Regardie,
672 3467 207 60 Israel.

403 3545 105 71 My
537 3545 378 56 Rosicrucian
947 3545 342 66 adventure;
1323 3564 31 34 a
1386 3542 388 56 contribution
1805 3549 59 48 to
1897 3563 30 34 a
1959 3547 189 50 recent
2180 3541 174 69 phase

330 3624 64 53 of
417 3625 96 54 the
533 3624 225 70 history
781 3624 65 53 of
866 3624 206 69 magic,
1095 3624 113 54 and
1231 3642 31 34 a
1284 3623 173 69 study
1480 3623 57 52 in
1558 3623 98 53 the
1678 3622 301 68 technique
2001 3620 64 54 of
2089 3620 263 70 theurgy.

335 3698 2018 75 By Israel Regardie … Chicago, G. Engelke, The Aries press,
334 3786 151 50 1936.

402 3855 702 51 4 p. l. , 7-144, [1] p. 22 cm .
405 3913 228 43 Includes
671 3913 306 49 advertising
1012 3914 196 41 matter.

337 3968 53 53 ©
420 3972 81 40 July
567 3971 70 48 27,
668 3971 143 49 1936;
843 3970 67 41 2c.
941 3971 94 40 and
1067 3970 83 41 aff.
1182 3970 120 41 Aug.
1334 3969 52 49 8;
1422 3971 38 38 A
1490 3968 171 43 97320;
1700 3970 36 39 I.
1766 3967 256 48 Regardie,
2055 3966 211 41 London.

419 4028 284 50 (36-29039)
