2519 4377
1379 4108 98 49 150

428 424 216 67 Smith,
676 427 222 64 Joseph
929 428 252 66 Russell,
1216 431 172 53 1874-

498 503 311 55 American
836 506 164 52 lands
1030 507 112 52 and
1171 508 247 66 peoples,
1446 508 75 66 by
1549 511 56 53 J.
1634 509 225 53 Russell
1892 509 190 56 Smith
2118 553 56 8 ...
428 509 1991 139 Sacramento,

677 582 327 55 California
1041 589 144 49 state
1223 585 362 66 department
1624 587 62 53 of
1724 587 320 67 education,
2084 591 150 51 1935.

495 655 100 48 viii,
630 656 89 40 394
748 666 45 38 p.
857 658 86 39 col.
976 657 166 48 front.,
1176 657 128 40 illus.
1336 656 134 48 (incl.
1505 661 163 48 maps)
1712 660 180 48 diagrs.
1955 659 57 41 25
2016 662 44 20 cm
2065 691 8 8 .
2146 659 297 49 (California

426 714 133 40 state
584 713 177 47 series)

499 770 191 41 “Books
719 772 113 39 that
857 771 167 41 enrich
1055 772 81 40 the
1166 771 146 49 study
1342 772 52 40 of
1423 773 305 49 geography”;
1791 785 42 37 p.
1864 774 99 40 381.

425 837 52 53 ©
509 841 128 48 Sept.
668 842 70 48 30,
767 841 118 41 1935;
941 843 67 40 2c.
1041 843 110 41 Jan.
1183 843 39 48 6,
1255 842 141 48 1936;
1430 843 82 41 aff.
1544 844 109 40 Jan.
1685 845 53 45 7;
1771 845 43 38 A
1840 844 172 47 90204;
2047 845 128 40 John
2208 846 50 40 C.
496 843 1930 96 Winston
636 910 83 37 co.,

777 899 357 48 Philadelphia.
1239 900 282 49 [Copyright
1578 901 40 41 is
1675 901 206 41 claimed
1936 911 62 30 on
2053 901 240 42 revisions;
2349 903 96 40 and

495 956 225 42 addition]
829 957 283 50 (36-27508)

428 1061 240 66 Society
705 1064 64 52 of
806 1062 320 54 American
1164 1063 312 65 foresters,
1518 1064 398 67 Washington,
1952 1067 73 51 D.
2068 1067 61 52 G.

498 1140 395 54 Professional
923 1140 252 68 forestry
1206 1141 219 53 schools
1455 1148 211 61 report,
1697 1142 203 67 giving
1929 1143 95 53 the
2056 1141 389 69 comparative

426 1223 183 49 status
641 1219 66 53 of
736 1219 159 53 those
926 1218 359 56 institutions
1315 1220 128 53 that
1476 1217 213 56 offered
1722 1221 374 53 instructions
2129 1220 61 53 in
425 1221 1993 130 professional

636 1297 253 67 forestry
917 1296 95 53 for
1036 1297 94 52 the
1156 1298 189 53 school
1372 1317 153 48 year,
1553 1302 239 49 1934-35;
1851 1299 284 67 prepared
2160 1299 75 68 by
2260 1301 78 52 H.
2365 1301 77 53 H.

428 1376 322 66 Chapman,
793 1376 310 66 president,
1149 1374 227 69 Society
1419 1375 64 53 of
1523 1377 308 53 American
1874 1378 287 53 foresters.
427 1379 1992 142 Washington,

679 1440 1397 94 D. C., Society of American foresters, 1935.
494 1527 104 48 xiii,
629 1528 86 39 174
746 1538 42 37 p.
849 1525 180 49 diagrs.
1089 1527 49 38 21½
1178 1528 45 22 cm
1228 1559 8 8 .

496 1585 164 41 “First
689 1582 228 43 edition.”

425 1652 52 53 ©
522 1657 110 39 Jan.
678 1656 69 47 15,
791 1654 119 41 1936;
979 1654 68 41 2c.
1092 1656 95 39 and
1233 1655 82 41 aff.
1360 1656 109 40 Jan.
1514 1656 83 46 22;
1645 1656 42 39 A
1730 1656 170 47 91383;
1952 1656 193 49 Society
2189 1657 54 40 of
2283 1657 160 42 Amer,

494 1714 254 39 foresters.
815 1711 282 50 (36-27553)

425 1816 264 66 Stokley,
715 1816 223 64 James,
967 1822 173 50 1900-

498 1893 165 56 Stars
702 1894 113 53 and
847 1893 325 68 telescopes,
1204 1893 76 69 by
1315 1894 195 54 James
1549 1893 238 69 Stokley
1828 1937 56 10 ...
1960 1893 234 69 preface
2227 1893 76 69 by
2339 1895 103 52 Dr.

424 1974 224 54 Walter
677 1971 57 56 S.
759 1971 222 54 Adams
1013 2015 56 10 ...
1136 1972 140 53 New
1304 1972 162 52 York
1493 1973 113 52 and
1632 1973 261 67 London,
1918 1973 236 68 Harper
2182 1975 46 50 &

424 1973 1996 147 brothers,
562 2054 154 50 1936.

496 2124 1473 51 xiii p., 1 l., 319 p. front., illus., plates, diagrs. 22½ cm .
499 2183 164 40 “First
695 2181 229 43 edition.”

497 2239 353 49 Bibliography;
908 2249 42 39 p.
979 2237 218 43 295-298.

423 2306 53 54 ©
505 2310 110 40 Feb.
646 2309 70 49 20,
747 2309 118 42 1936;
922 2310 67 40 2c.
1021 2310 111 41 Feb.
1165 2309 58 40 19;
1280 2309 82 40 aff.
1394 2311 122 39 Mar.
1547 2311 27 37 4;
1634 2310 42 39 A
1704 2308 145 43 92231;
1910 2311 195 48 Harper
2137 2311 36 41 &
2204 2311 125 40 bros.

503 2367 283 49 (36-27187)

423 2471 211 54 Texas.
700 2470 372 66 University.
1135 2470 269 54 Division
1432 2472 63 65 of
1520 2472 310 52 extension.
1896 2474 234 52 Bureau
2157 2474 64 65 of
2248 2472 196 67 public

495 2551 194 54 school
716 2552 281 52 interests.

504 2670 55 10 ...
591 2627 343 55 Centennial
963 2626 409 55 declamations
1408 2660 12 33 [
1424 2626 75 70 by
1527 2626 114 67 the]
1676 2627 230 52 Bureau
1935 2625 67 54 of
2028 2626 195 69 public
2251 2625 191 55 school

426 2707 282 68 interests,
737 2707 268 52 Division
1035 2705 64 54 of
1129 2706 310 53 extension.
1505 2706 230 68 Austin,
1765 2707 156 67 Tex.,
1950 2706 123 53 The
2103 2706 341 70 University

431 2790 174 64 [1935]

497 2862 89 41 236
606 2873 42 38 p.
673 2861 111 42 incl.
806 2861 192 42 facsim.
1035 2861 57 40 22
1095 2864 15 21 cm
1144 2894 9 9 .
1202 2861 126 50 (The
1353 2860 285 51 University
1661 2861 52 42 of
1737 2862 159 41 Texas
1920 2861 222 43 bulletin,
2195 2872 61 31 no
2296 2862 115 42 3542;

427 2921 270 39 November
729 2920 39 48 8,
797 2920 140 48 1935)

499 2979 239 46 Excerpts
774 2977 129 40 from
941 2978 272 48 addresses,
1250 2988 168 37 essays
1457 2978 96 39 and
1590 2978 171 40 letters
1800 2976 207 41 relative
2044 2979 49 39 to
2133 2979 81 39 the
2252 2977 189 49 history

426 3036 53 38 of
510 3036 175 42 Texas,
720 3035 236 49 compiled
991 3036 153 39 under
1178 3036 82 39 the
1296 3034 237 40 direction
1568 3035 54 39 of
1654 3035 52 39 E.
1742 3034 49 41 C.
1825 3034 192 40 Barker
2052 3035 97 40 and
2183 3033 162 42 edited
2379 3035 61 49 by

429 3094 102 47 Roy
578 3093 249 40 Bedichek
870 3092 80 40 for
994 3093 83 40 the
1123 3102 85 33 use
1255 3092 50 40 of
1354 3093 81 39 the
1483 3090 282 49 University
1813 3090 396 42 interscholastic
2256 3092 183 48 league.

424 3151 61 47 cf.
520 3150 275 41 Foreword.

423 3216 52 53 ©
506 3221 112 39 Dec.
651 3221 69 42 10,
751 3220 113 41 1935;
926 3222 67 38 2c.
1026 3221 110 40 Jan,
1168 3220 69 47 10,
1270 3219 140 43 1936;
1447 3219 80 41 aff.
1562 3221 107 38 Jan.
1703 3220 27 39 7;
1791 3219 40 39 A
1864 3218 171 48 91118;
2074 3219 282 48 University
2388 3220 52 40 of

492 3278 174 43 Texas,
702 3277 191 47 Austin,
929 3279 115 39 Tex.
1118 3277 281 48 (36-27510)

424 3381 71 53 U.
522 3382 57 53 S.
655 3382 279 65 Supreme
962 3388 175 47 court.

497 3459 169 54 Cases
711 3460 215 66 argued
973 3460 111 51 and
1130 3459 234 52 decided
1416 3502 55 8 ...
1521 3458 246 55 October
1809 3462 164 62 term,
2018 3461 151 52 1934,
2215 3457 57 52 in
2318 3460 118 64 293,

424 3535 1805 73 294, 295 U. S. book 79. Lawyers’ ed. Complete with
424 3536 1986 133 headlines,
613 3616 326 60 headnotes,
971 3620 330 49 statements
1334 3616 63 52 of
1429 3635 167 44 cases,
1628 3616 191 65 points
1854 3615 111 52 and
2003 3614 336 54 authorities
2373 3615 62 51 of

423 3696 245 53 counsel,
706 3694 303 59 footnotes,
1048 3695 111 51 and
1199 3693 238 68 parallel
1480 3693 330 56 references,
1849 3694 74 65 by
1961 3694 96 51 the
2094 3692 341 67 publishers’

423 3771 264 53 editorial
733 3769 152 55 staff.
964 3773 325 53 Rochester,
1333 3774 68 51 N.
1447 3774 91 55 Y.,
1579 3772 120 51 The
1741 3773 268 64 Lawyers
2051 3772 382 66 co-operative

424 3849 337 67 publishing
789 3868 298 48 company,
1117 3854 150 50 1935.

491 3922 694 49 1874 [i. e. 1886] p. 24½cm.
421 3981 52 53 ©
507 3987 109 38 Dec.
647 3985 70 41 24.
749 3985 117 40 1935;
923 3986 67 39 2c.
1025 3987 109 39 Dec.
1163 3986 54 40 31;
1281 3986 81 40 aff.
1397 3987 110 40 Dec.
1540 3986 82 47 28;
1656 3985 43 40 A
1727 3984 171 48 90113;
1934 3985 231 48 Lawyers
492 3994 1921 88 co-operative
617 4043 110 48 pub.
756 4053 65 29 co.
