2519 4377
987 4129 133 51 1747

51 479 297 62 Merriam,
381 478 243 55 Charles
653 477 273 62 Edward,
959 478 168 53 1874-

122 569 122 53 The
284 568 115 53 role
441 566 63 54 of
544 566 228 69 politics
811 567 59 52 in
912 565 171 53 social
1126 564 232 69 change,
1398 564 73 68 by
1515 563 236 56 Charles
1794 563 251 53 Edward

53 647 289 52 Merriam.
418 645 140 52 New
601 643 180 68 York,
821 644 138 53 New
1000 641 162 56 York
1204 642 315 67 university
1563 660 183 49 press;
1791 641 259 66 London,

52 725 75 52 H.
155 723 266 65 Milford,
449 720 229 57 Oxford
706 720 317 67 university
1050 737 174 50 press,
1254 723 149 50 1936.

122 791 1925 54 5 p. l., 13-149 p. 23½ cm . (Half-title; James Stokes lectureship on
52 853 205 48 politics.
325 854 115 38 New
479 852 131 40 York
650 849 285 47 university.
1005 848 172 42 Stokes
1216 848 317 48 foundation)

52 918 1995 56 © Nov. 10, 1936; 2c. and aff. Nov. 11; A 100415; New York univ., New
126 981 142 40 York.
328 978 279 51 (36-28567)

50 1099 208 63 Miller,
286 1098 234 55 Samuel
547 1098 262 62 Charles,
836 1114 82 36 ed.

124 1187 140 55 Oral
298 1187 290 67 diagnosis
620 1186 112 53 and
763 1188 303 50 treatment
1099 1183 308 69 planning;
1444 1202 31 34 a
1508 1183 269 53 textbook
1810 1183 94 53 for
53 1188 1971 130 students

248 1264 112 53 and
394 1263 401 68 practitioners
828 1262 62 54 of
925 1262 281 68 dentistry
1242 1261 113 54 and
1386 1259 293 69 medicine,
1710 1261 74 68 by
1821 1259 227 55 Samuel

54 1342 234 55 Charles
324 1341 210 67 Miller,
608 1385 9 9 D.
692 1384 9 9 D.
772 1383 9 11 S.
830 1339 239 68 (editor)
1122 1383 56 9 ...
1221 1339 112 53 and
1369 1343 355 63 twenty-two
54 1339 1968 144 contributors;

234 1419 137 52 with
407 1437 71 33 an
513 1417 391 54 introduction
938 1417 73 67 by
1047 1416 170 53 Allen
1251 1417 64 53 T.
1353 1416 273 54 Newman
1668 1460 57 10 ...
1764 1414 108 55 five
54 1417 1974 132 hundred
225 1496 111 52 and

369 1496 294 67 sixty-two
696 1494 379 52 illustrations
1108 1492 299 70 including
1436 1492 196 54 fifteen
1666 1494 152 52 color
1852 1494 196 68 plates.

53 1571 1614 70 Philadelphia, P. Blakiston’s son & co., inc. [ c 1936]
123 1645 94 47 xiv,
281 1644 56 41 620
368 1656 41 36 p.
443 1645 109 40 incl.
583 1645 87 40 col.
700 1644 164 47 front.,
900 1645 126 38 illus.
1056 1644 135 48 (part
1223 1644 112 48 col.)
1377 1645 25 39 2
1436 1645 152 48 diagr.
1649 1645 55 40 23½
1737 1647 43 21 cm
1786 1678 9 9 .

123 1702 179 40 Folded
338 1702 129 47 plate
504 1701 230 40 mounted
771 1711 58 29 on
866 1700 337 49 lining-paper.

123 1758 347 48 Bibliography
505 1760 51 38 at
589 1758 91 39 end
716 1756 51 41 of
798 1758 118 39 each
949 1758 201 46 chapter
1183 1760 169 45 except
1387 1758 82 41 the
1500 1758 122 42 first.

54 1827 53 53 ©
134 1832 116 38 Nov.
278 1831 39 47 9,
348 1830 83 40 1936;
517 1829 67 41 2c.
615 1831 96 38 and
740 1829 81 40 aff.
850 1830 117 40 Nov.
998 1831 80 45 10;
1111 1830 39 38 A
1178 1829 144 39 99785;
1381 1831 48 39 P.
1460 1830 299 39 Blakiston’s
1789 1842 85 27 son
1905 1831 37 40 &
1968 1842 83 38 co.,

124 1888 88 39 inc.
271 1890 12 45 (
294 1886 232 42 36-33693
537 1888 14 47 )

52 1990 239 64 Moltke,
321 1990 371 65 Constantin,
718 1990 249 65 freiherr
993 2006 129 49 von,
1155 1996 170 49 1863-

128 2122 55 10 ...
232 2079 193 70 Gegen
467 2080 107 53 den
616 2078 172 54 wind.
867 2079 445 69 Braunschweig
1377 2085 120 61 [etc.]
1545 2080 67 55 G.
1656 2082 397 53 Westermann

57 2161 171 64 [1936]

123 2230 85 43 188
236 2242 57 40 p.,
323 2231 24 40 1
377 2230 29 42 1.
466 2229 162 52 front.,
659 2231 142 49 illus.,
829 2233 150 48 ports.
1040 2230 54 42 19
1096 2232 46 22 cm
1146 2263 8 9 .

56 2272 1918 80 © Mar 23, 1936; 1c. Sept. 14; A-Foreign 33032; Georg Westermann.
135 2359 280 49 (36-34806)

53 2463 372 66 Molyneaux,
455 2465 193 63 Peter,
682 2470 171 50 1882-

126 2555 121 52 The
284 2554 279 53 romantic
597 2560 119 48 story
791 2554 64 53 of
889 2554 185 54 Texas
1115 2555 110 67 Ьy]
1269 2554 169 54 Peter
1473 2554 363 68 Molyneaux.
1913 2553 138 54 New

58 2631 162 53 York
257 2631 111 53 and
401 2631 218 68 Dallas,
655 2633 122 51 The
815 2632 263 55 Cordova
1115 2650 174 49 press,
1324 2632 126 67 inc.,
1488 2634 148 51 1936.

157 2701 636 50 x p., 2 l., 463 p. 23½ cm .
57 2770 53 54 ©
132 2776 118 40 Nov.
278 2774 68 48 16,
373 2774 140 48 1936;
543 2776 67 40 2c.
638 2776 93 39 and
762 2776 79 39 aff.
872 2777 116 39 Nov.
1016 2776 82 47 23;
1130 2778 40 38 A
1197 2776 199 48 100651;
1429 2777 219 41 Cordova
1675 2788 152 39 press,
1857 2778 89 40 inc.

137 2831 280 50 (36-33684)

55 2936 190 65 Moon,
270 2938 191 63 Parry
484 2937 228 64 Hiram,
741 2944 170 49 1898-

131 3070 55 9 ...
219 3028 120 51 The
366 3028 270 53 scientific
665 3029 147 53 basis
840 3030 62 52 of
930 3029 392 68 illuminating
1352 3032 383 65 engineering,
1762 3032 74 66 by
1866 3033 186 64 Parry

56 3105 170 53 Moon
261 3148 56 8 ...
431 3112 48 45 1st
508 3106 84 53 ed.
668 3107 138 52 New
837 3107 160 53 York
1026 3109 112 52 and
1165 3108 258 67 London,
1451 3107 428 56 McGraw-Hill
1907 3109 147 53 book

58 3199 294 49 company,
380 3182 123 65 inc.,
535 3187 150 51 1936.

127 3254 1926 55 xii, 608 p. illus., diagrs. (1 fold.) 23½ cm . (Electrical engineering
60 3310 154 46 texts)

131 3366 145 39 “This
303 3366 122 40 book
457 3366 40 40 is
527 3376 62 30 an
619 3368 276 46 outgrowth
926 3368 51 40 of
1006 3367 390 49 mimeographed
1428 3371 136 38 notes
1593 3369 157 41 which
1782 3371 122 40 have
1936 3372 115 39 been

62 3421 113 39 used
218 3421 77 39 for
337 3432 26 29 a
404 3422 200 40 number
645 3423 52 40 of
736 3432 141 37 years
918 3423 49 39 in
1010 3423 225 47 teaching
1278 3425 331 48 illuminating
1650 3426 309 49 engineering
2003 3430 49 38 at

62 3477 382 40 Massachusetts
474 3478 225 41 institute
732 3478 51 40 of
815 3479 520 48 technology.”—Pref.

131 3533 347 50 Bibliography
507 3536 51 39 at
585 3535 93 40 end
707 3534 52 41 of
784 3534 118 41 each
930 3534 213 50 chapter.

63 3597 1991 113 © Oct. 16,. 1936; 1c. Oct. 23; 1c. Nov. 16; aff. Nov. 6; A 99913; McGraw-Hill book co., inc. (36-33449)
62 3761 229 67 Morris,
318 3766 323 63 Margaret.

132 3851 314 72 Maternity
499 3855 112 53 and
666 3856 445 67 post-operative
1163 3857 268 54 exercises
1486 3858 56 52 in
1598 3857 288 70 diagrams
1941 3859 111 53 and

66 3931 178 51 words
280 3931 74 68 by
390 3931 296 68 Margaret
721 3933 210 53 Morris
973 3977 56 9 ...
1070 3934 58 53 in
1164 3934 407 55 collaboration
1608 3937 138 52 with
1783 3936 78 53 M.
66 3937 1962 123 Bandell

234 4051 55 9 ...
359 4008 372 68 (twenty-one
783 4011 297 67 exercises)
1181 4012 401 55 Introduction
1635 4020 58 47 to
1744 4014 309 68 maternity
