2519 4377
1349 4131 100 49 408

452 539 1353 50 xiv p., 1 l., 349, 29 p. front., illus., diagrs. 21 cm .
458 609 131 41 “The
627 610 229 40 material
897 610 227 41 included
1164 610 50 40 in
1255 612 100 40 this
1396 612 123 40 book
1558 613 155 39 forms
1755 614 81 39 the
1876 614 151 39 latter
2069 612 107 41 half
2218 613 52 40 of
2311 612 82 43 the

381 666 220 41 author’s
630 676 109 31 new
768 668 119 48 text,
917 668 235 48 Building
1179 668 671 48 citizenship.”—Foreword.

454 724 199 40 “Places
687 724 82 40 for
796 723 198 41 further
1027 723 350 42 information”
1413 729 51 36 at
1499 727 92 40 end
1625 726 51 39 of
1709 728 118 39 each
1863 728 215 46 chapter.

383 793 53 53 ©
460 799 121 38 Mar.
605 798 72 48 20,
700 797 114 41 1936;
867 798 67 41 2c.
958 799 115 47 Apr.
1096 797 53 48 9;
1176 798 81 40 aff.
1281 799 115 48 Apr.
1422 799 24 39 8;
1501 799 41 38 A
1565 798 143 40 92851;
1764 800 145 47 Allyn
1936 799 38 40 &
1997 801 177 39 Bacon.
454 800 1924 103 [Copyright
613 856 41 39 is
680 856 206 39 claimed
913 866 62 29 on
1000 857 225 47 changes]
1299 855 251 48 (36-8662)

381 959 241 55 Illinois.
697 961 185 66 Laws,
906 968 258 58 statutes,
1190 970 99 45 etc.

452 1054 174 53 Jones
655 1053 229 53 Illinois
913 1057 240 50 statutes
1181 1054 328 66 annotated,
1537 1054 329 67 embracing
1895 1055 77 51 all
2001 1054 229 67 general
2257 1054 138 53 laws

384 1130 63 53 of
475 1131 96 53 the
599 1134 146 50 state
776 1131 63 53 of
869 1132 229 54 Illinois
1128 1131 60 52 in
1217 1131 156 53 force
1406 1132 246 55 October
1685 1136 47 63 1,
1766 1137 150 61 1934,
1947 1132 142 53 with
2119 1131 278 68 complete

385 1208 382 67 annotations,
807 1209 283 67 compiled
1131 1210 113 52 and
1284 1210 190 53 edited
1511 1211 77 66 by
1626 1210 161 53 Basil
1828 1213 175 53 Jones
2045 1211 112 52 and
2198 1211 199 51 Frank

383 1289 71 51 D.
508 1288 215 52 Moore.
819 1321 68 33 [v.
941 1290 85 65 23]
1084 1287 205 54 Public
1343 1288 705 67 accountants-Replevin.
2125 1288 270 68 Chicago,

384 1366 325 66 Callaghan
737 1366 112 52 and
876 1384 298 49 company,
1203 1369 150 50 1936.

454 1450 561 50 3 p. l., 461 p. 24½cm.
460 1523 176 39 “Table
667 1522 53 40 of
745 1521 251 41 contents”
1027 1532 60 29 on
1115 1522 136 39 front
1281 1521 363 48 lining-papers.

385 1589 52 54 ©
461 1595 121 39 Mar.
605 1594 71 48 24,
700 1592 117 42 1936;
867 1593 67 41 2c.
959 1594 95 39 and
1079 1593 82 41 aff.
1186 1594 121 40 Mar.
1331 1593 56 40 26;
1440 1594 40 39 A
1505 1592 143 42 93400;
1703 1593 272 49 Callaghan
1999 1594 36 41 &
2059 1604 67 31 co.

457 1697 393 55 Smith-Hurd
908 1698 229 53 Illinois
1195 1698 309 53 annotated
1560 1701 255 50 statutes.
1909 1701 347 50 Permanent
2312 1698 84 53 ed.

387 1780 133 49 1935
568 1776 348 53 cumulative
961 1777 212 52 annual
1218 1776 204 67 pocket
1468 1782 132 61 part
1648 1776 95 52 for
1789 1776 265 67 chapters
2102 1779 295 49 121-121½.

385 1856 193 53 Roads
624 1856 113 51 and
782 1854 432 67 bridges-Sales
1267 1897 55 9 ...
1404 1853 270 68 Chicago,
1721 1854 112 67 Ill.,
1881 1855 280 52 Burdette
2209 1853 190 56 Smith

385 1932 1747 68 company; St. Paul, Minn., West publishing co. [ c 1936]
458 2021 61 40 48
543 2032 43 37 p.
646 2020 148 41 23½cm.

457 2091 119 40 This
600 2092 249 47 pamphlet
875 2091 41 40 is
941 2093 52 38 to
1015 2091 58 39 be
1095 2090 139 40 fitted
1259 2090 102 40 into
1386 2091 84 39 the
1493 2090 173 48 pocket
1691 2092 52 38 at
1770 2091 80 40 the
1877 2091 124 39 back
2026 2089 54 41 of
2104 2091 80 39 the
2211 2091 191 40 volume

387 2149 51 40 of
465 2151 83 38 the
574 2152 72 37 set
676 2151 47 38 to
752 2148 159 40 which
937 2148 43 40 it
1003 2148 211 47 belongs.

388 2216 52 54 ©
468 2220 110 40 Feb.
606 2219 70 49 29,
704 2218 142 48 1936;
875 2218 67 42 2c.
972 2219 122 40 Mar.
1121 2217 55 42 23;
1234 2217 81 41 aff.
1346 2218 122 40 Mar.
1493 2217 82 43 21;
1607 2218 40 39 A
1675 2216 170 49 92498;
1877 2218 242 40 Burdette
2147 2217 157 42 Smith
2333 2226 67 31 co.

458 2279 96 39 and
581 2279 136 39 West
745 2278 110 48 pub.
886 2287 66 30 co.

386 2384 355 51 Inter-state
805 2385 133 61 post
998 2382 292 63 graduate
1350 2378 248 55 medical
1659 2378 359 55 association
2080 2380 62 53 of
2203 2379 197 53 North

458 2474 296 56 America.

461 2555 132 50 1935
622 2552 373 67 proceedings
1024 2552 63 52 of
1115 2551 96 53 the
1237 2549 424 55 International
1691 2550 279 66 assembly
2000 2548 64 54 of
2091 2550 96 51 the
388 2550 1989 135 Interstate

581 2636 133 62 post
759 2630 279 67 graduate
1087 2628 241 53 medical
1380 2628 338 52 association
1768 2627 62 52 of
1881 2628 187 53 North
2118 2626 284 68 America,

389 2709 231 53 Detroit
670 2708 296 66 assembly,
1013 2706 248 66 Detroit,
1308 2706 316 67 Michigan,
1673 2706 246 55 October
1968 2710 67 48 14
2080 2711 58 47 to
2189 2710 80 63 18,
390 2705 1987 136 inclusive.

658 2790 149 49 1935.
890 2785 378 67 [Milwaukee]
1309 2786 335 51 Inter-state
1683 2789 127 62 post
1846 2784 281 67 graduate
2162 2783 240 54 medical

392 2866 339 54 association
758 2864 63 54 of
847 2865 187 53 North
1063 2863 266 54 America
1362 2897 12 33 [
1379 2869 18 20 c
1404 2866 150 64 1936]

461 2953 103 47 xiii,
593 2951 86 41 395
708 2963 43 37 p.
810 2951 145 47 illus.,
986 2962 76 37 pl.,
1093 2953 164 46 ports.,
1285 2949 179 48 diagrs.
1528 2948 117 42 28cm.

393 3020 52 52 ©
476 3025 123 38 Mar.
631 3022 41 47 2,
705 3021 140 47 1936;
880 3021 67 39 2c.
981 3022 122 39 Mar.
1138 3020 81 46 14;
1255 3020 83 41 aff.
1372 3021 122 39 Mar.
1527 3020 81 46 13;
1644 3020 40 38 A
1717 3018 171 48 93203;
1924 3018 218 41 William
2175 3019 53 38 B.
2263 3018 139 47 Peck,

464 3081 247 47 Freeport,
738 3080 74 39 Ill.

392 3184 199 64 Jacob,
621 3184 216 52 Naomi
869 3182 322 64 Ellington,
1224 3187 171 49 1889-

468 3274 221 52 Barren
718 3272 189 68 metal,
935 3273 74 67 by
1041 3271 202 52 Naomi
1276 3270 196 54 Jacob.
1547 3270 259 63 London,
1837 3268 365 53 Hutchinson
2231 3269 45 49 &
2306 3285 97 49 co.,

398 3353 100 52 ltd.
537 3353 171 67 [1936]

465 3423 87 41 320
580 3434 42 37 p.
684 3422 116 41 19cm.

396 3491 1991 111 © 1c. Apr. 22, 1936; A ad int. 21336; pubd. Mar. 12; Naomi Jacob, London. (36-9389)
396 3659 177 64 King,
600 3659 66 54 O.
694 3660 66 53 B.

469 3749 122 53 The
629 3766 261 35 romance
929 3747 63 52 of
1031 3747 252 67 Poverty
1322 3745 248 68 Hollow,
1608 3745 75 68 by
1720 3744 67 54 O.
1830 3746 65 51 B.
1935 3744 178 68 King.
2186 3744 218 51 Dallas.

399 3829 154 65 Tex.,
585 3826 290 55 Southern
905 3825 220 68 library
1157 3823 336 54 association
1530 3857 12 34 [
1548 3830 18 21 c
1572 3826 151 63 1936]

467 3899 666 51 4 p. l., [11]-77 p. 19½cm.
399 3967 53 54 ©
475 3973 110 39 Jan.
609 3971 38 46 6,
674 3971 113 39 1936;
839 3970 66 40 2c.
932 3970 109 40 Feb.
1065 3969 57 39 20;
1174 3968 81 40 aff.
1281 3969 109 40 Jan.
1414 3967 54 39 24;
1522 3967 36 38 A
1585 3966 143 40 93655;
1787 3966 240 40 Southern
2053 3964 184 48 library
2261 3973 143 32 assn.,

472 4030 101 46 Roy
601 4028 52 40 R.
683 4027 170 41 Smith,
881 4027 185 39 Dallas.
1138 4025 251 48 (36-8547)
