2519 4377
1288 4128 100 49 862

409 526 1334 52 viii p., 1 l., 47 p. front., pl., ports., map. 19½cm.
412 598 240 41 “Written
685 598 52 40 in
766 598 117 42 1860
911 600 96 39 and
1036 608 110 31 now
1175 598 258 49 published
1460 599 80 42 for
1570 601 84 40 the
1682 599 109 42 first
1820 600 117 41 time;
1999 611 63 30 an
2095 602 252 42 authentic

339 658 207 38 account
583 655 53 40 of
675 655 112 42 that
825 655 157 49 tragic
1020 658 143 39 event
1200 655 49 40 in
1288 657 84 40 the
1409 657 190 49 history
1638 657 51 40 of
1728 658 174 49 Texas,
1941 659 237 48 compiled
2219 659 127 41 from

339 712 131 42 facts
506 714 177 40 known
719 715 49 39 to
807 714 82 40 the
927 714 180 41 author
1145 715 96 40 and
1278 716 265 46 supported
1581 715 61 48 by
1681 715 230 42 evidence
1948 715 53 42 of
2037 717 165 40 others
2240 718 108 40 who

340 780 127 30 were
506 769 256 42 witnesses
802 772 49 39 to
894 771 81 40 the
1018 771 128 48 siege
1186 772 97 40 and
1322 772 93 40 fall
1454 772 53 41 of
1546 772 83 41 the
1668 773 186 48 Alamo,
1894 774 222 48 together
2156 773 121 43 with
2319 786 26 30 a

339 827 169 41 sketch
534 827 53 41 of
610 827 84 41 the
718 827 88 41 life
832 828 52 40 of
907 829 82 40 the
1013 830 178 39 author
1216 830 62 47 by
1301 829 77 40 his
1405 831 637 47 grand-daughter—Annie
2069 832 54 40 B.
337 832 1993 95 Sutherland.”

337 953 54 54 ©
420 957 129 42 June
573 957 69 49 12,
673 956 142 49 1936;
848 958 67 42 2c.
944 958 130 41 June
1100 958 82 48 24;
1214 957 83 42 aff.
1328 959 131 40 June
1484 957 83 49 23;
1601 959 44 40 A
1671 958 145 42 96222;
1877 960 160 42 Annie
2065 961 53 41 B.
406 960 1924 104 Sutherland,
565 1015 302 49 Floresville,
895 1016 114 40 Tex.
1079 1015 281 50 (36-14310)

333 1118 274 66 Tardieu,
632 1118 205 54 André
859 1118 203 55 Pierre
1089 1119 236 54 Gabriel
1350 1119 279 66 Amédée,
1657 1121 172 56 1876-

503 1197 1838 70 … La revolution à refaire. 1. Le souverain captif. [Paris]
336 1275 66 55 E.
430 1275 394 56 Flammarion
856 1279 174 65 [1936]

406 1355 488 50 282 p., 2 l. 18 ½ cm.
404 1425 67 41 At
493 1426 126 40 head
647 1424 55 41 of
728 1424 109 42 title
855 1435 9 30 :
894 1425 166 42 André
1087 1425 228 42 Tardieu.

335 1494 2013 54 © Apr. 9, 1936; 1c. Apr. 23; A- Foreign 31497; Ernest Flammarion.
417 1554 283 50 (36-14259)

331 1658 520 66 Tasset-Nissolle,
876 1648 330 68 Élisabeth.

506 1726 1379 79 … Conquérantes. Paris, Éditions “Je sers” [1936]
404 1808 1319 53 3 p. l., [9]-250 p., 2 l. illus. (plan) ports. 19cm.
686 1879 1660 60 CONTENTS. —Élisabeth Fry. —Florence Barclay.—Joséphine Butler.—
332 1942 264 46 Catherine
634 1945 173 42 Booth.
810 1969 61 5 —
871 1945 269 42 Emmeline
1178 1946 297 41 Pankhurst.
1478 1945 334 42 —Katherine
1848 1944 273 42 Mansfield.
2124 1945 220 40 —Renée

333 2003 58 41 de
421 2002 192 43 Benoît.

335 2071 2014 54 © Mar. 9, 1936; 1c. May 11; A- Foreign 31691; Société commerciale
407 2132 232 43 d’édition
666 2136 48 38 et
737 2135 58 39 de
819 2132 236 49 librairie,
1080 2132 156 41 Paris.
1302 2131 282 49 (36-14262)

331 2238 243 67 Traver,
601 2238 188 55 Amos
811 2237 175 59 John.

405 2315 55 54 A
499 2315 298 54 Lutheran
840 2315 324 70 handbook,
1206 2316 76 69 by
1322 2317 179 53 Amos
1544 2316 155 54 John
1742 2317 234 52 Traver.
335 2314 1985 150 Philadelphia,
525 2395 122 67 Pa.,
683 2396 122 53 The
839 2397 194 52 Board
1073 2395 64 54 of
1171 2394 356 69 publication
1564 2393 64 56 of
1662 2395 96 53 the
1794 2394 219 55 United
2050 2395 295 52 Lutheran

332 2474 642 69 church in America [c1936]
406 2547 57 43 96
493 2558 43 40 p.
596 2547 148 42 20½cm.

407 2617 381 51 Bibliography;
817 2629 42 39 p.
889 2617 160 43 95-96.

335 2686 1992 108 © June 18, 1936; 2c. June 22; aff. June 23; A 95796; Board of publication of the United Lutheran church in America. (36-14263)
332 2852 285 66 Tressler,
644 2853 182 56 Jacob
857 2853 200 65 Cloyd,
1089 2858 172 51 1882-

403 2928 1940 71 Junior English in action. bk. 1. By J. C. Tressler … and
334 3007 2010 71 Marguerite B. Shelmadine … cartoons by A. B. Savrann.
335 3092 234 62 Boston,
605 3090 140 53 New
781 3089 164 53 York
986 3095 138 61 [etc.]
1163 3090 70 52 D.
1275 3089 61 54 C.
1374 3088 194 52 Heath
1606 3088 110 51 and
1754 3103 280 51 company
2075 3089 193 64 [c1936]

406 3162 96 48 xiv,
528 3162 85 41 402
641 3174 58 37 p.,
727 3163 25 39 1
801 3195 9 8 l.
866 3164 86 39 col.
977 3163 166 47 front.,
1173 3162 127 40 illus.
1358 3160 145 41 19½cm.

407 3231 74 41 On
508 3241 141 31 cover
668 3242 10 31 :
708 3232 120 40 New
854 3231 133 40 York
1016 3233 130 39 state
1177 3229 196 42 edition.

408 3289 189 40 “Model
625 3288 81 40 for
733 3298 226 38 progress
985 3287 184 49 graph”
1199 3299 58 30 on
1287 3288 122 40 back
1435 3286 338 49 lining-paper.

337 3358 53 53 ©
425 3362 126 40 June
587 3362 41 46 4,
667 3361 140 47 1936;
848 3361 68 41 2c.
953 3361 129 40 June
1118 3361 81 42 13;
1241 3359 81 41 aff.
1361 3359 130 42 June
1524 3358 83 48 23;
1646 3358 44 39 A
1724 3356 172 49 95789;
1939 3358 45 40 J.
2023 3358 49 41 C.
2110 3358 234 47 Tressler,

406 3420 120 38 Kew
555 3419 235 47 Gardens,
820 3418 50 39 L.
902 3418 51 47 I.,
984 3417 56 41 N.
1070 3417 68 48 Y.,
1166 3417 95 40 and
1293 3415 301 48 Marguerite
1622 3416 53 39 B.
1709 3413 323 49 Shelmadine,
2065 3415 279 48 Rochester,

404 3477 56 38 N.
487 3477 51 40 Y.
603 3474 282 49 (36-13664)

332 3579 344 67 Tschiffely,
705 3578 173 54 Aimé
907 3577 183 65 Felix,
1122 3583 169 50 1895-

408 3657 200 53 Bridle
639 3656 188 69 paths,
857 3656 75 67 by
961 3655 70 55 A.
1063 3655 66 52 F.
1161 3653 329 68 Tschiffely.
1557 3652 259 66 London,
1842 3653 89 53 W.
1963 3652 380 64 Heinemann,

336 3737 102 52 ltd.
477 3739 173 65 [1936]

408 3811 25 39 3
461 3822 41 37 p.
531 3812 30 38 1.,
602 3810 98 48 193,
735 3811 54 49 [1]
819 3821 42 37 p.
923 3809 128 41 illus.
1089 3807 135 51 (incl.
1253 3806 160 50 maps)
1482 3806 147 42 22½cm.

408 3880 129 40 Title
568 3879 230 48 vignette.

410 3936 161 40 “First
603 3935 255 49 published
891 3934 158 42 1936.”

337 4002 2006 53 © 1c. June 13, 1936; A ad int. 21524; pubd. May 25; A. F. Tschiffely,
408 4063 212 40 London.
688 4062 281 48 (36-14753)
