2519 4377
1073 4127 98 49 933

126 474 215 55 Colloid
364 474 348 66 symposium
733 472 382 67 monograph;
1142 490 206 49 papers
1370 472 296 66 presented
1690 476 58 48 at
1768 472 96 51 the
1883 470 232 54 twelfth

193 553 348 66 symposium
580 570 71 32 on
690 551 205 52 colloid
935 550 321 66 chemistry,
1293 550 218 66 Ithaca,
1550 550 139 52 New
1729 549 178 67 York,
1946 550 169 65 June,

197 626 1918 69 1935, edited by Harry Boyer Weiser … Baltimore, The
193 707 286 55 Williams
505 708 43 49 &
574 706 250 53 Wilkins
850 724 293 48 company,
1173 708 148 49 1936.

194 781 1128 52 2 p. l., 150 p. illus., tables, diagrs. 26 cm .
127 850 52 53 ©
209 855 114 46 July
352 853 41 47 9,
423 852 139 47 1936;
594 853 69 42 2c.
694 852 94 39 and
820 852 80 41 aff.
933 852 114 47 July
1079 853 80 45 17;
1193 853 39 37 A
1263 850 170 47 97066;
1468 851 242 40 Williams
1741 852 37 39 &
1810 850 210 42 Wilkins
2047 860 68 29 co.

126 975 224 61 Comer,
377 974 169 51 Burt.

197 1049 121 53 The
349 1050 112 50 tale
492 1047 64 53 of
586 1066 31 33 a
651 1048 128 65 fox;
813 1067 59 33 as
901 1047 266 53 Kansans
1198 1047 166 52 know
1396 1044 213 54 Alfred
1641 1046 80 52 M.
1752 1047 259 67 Landon,
2045 1047 71 67 by

130 1129 146 49 Burt
302 1125 217 55 Comer.
584 1123 270 67 Wichita,
881 1124 169 66 Kan.,
1079 1125 66 51 B.
1175 1122 202 55 Comer
1451 1126 151 64 [c1936]

198 1199 98 47 viii,
329 1198 86 40 119
445 1209 40 37 p.
546 1198 129 39 illus.
704 1197 172 48 (port.)
949 1196 54 40 19½
1036 1199 43 21 cm
1085 1228 9 8 .

127 1265 1681 53 © July 9, 1936; 2c. July 15; aff. July 13; A 97028; B. Comer.
205 1325 277 48 (36-15682)

126 1429 253 62 Condon,
409 1428 246 52 Randall
684 1428 242 62 Judson,
959 1431 325 60 1862-1932,
1315 1427 83 53 ed.

257 1503 1859 70 … The great conquest, edited by Randall J. Condon … and
129 1581 1986 71 Benjamin Veit … Boston, Little, Brown, and company, 1936.
197 1656 115 48 xvii,
339 1655 99 49 351,
471 1656 55 49 [1]
556 1666 43 37 p.
660 1656 85 40 col.
775 1656 162 48 front.,
966 1655 129 41 illus.
1154 1654 57 42 18½
1242 1658 45 21 cm
1291 1688 9 9 .
1370 1655 125 49 (The
1522 1666 106 31 new
1656 1656 219 41 Atlantic
1906 1659 211 47 readers,

127 1715 122 40 book
275 1714 53 47 4)

127 1779 52 53 ©
215 1784 113 46 May
360 1784 39 46 4,
435 1782 117 41 1936;
611 1782 68 40 2c.
715 1782 96 40 and
846 1782 81 41 aff.
965 1783 112 46 May
1112 1781 52 47 9;
1203 1784 40 37 A
1277 1781 171 48 94381;
1488 1782 162 50 Little,
1687 1784 191 48 Brown,
1916 1783 96 38 and
2050 1793 67 31 co.

198 1839 279 49 [Copyright
506 1838 42 40 is
578 1837 206 41 claimed
813 1849 60 29 on
904 1848 106 29 new
1041 1840 194 48 matter]
1307 1839 280 49 (36-15880)

258 1940 1858 69 … High and far, edited by Randall J. Condon … and Ida
126 2018 1919 70 May Lind … Boston, Little, Brown, and company, 1936.
198 2090 115 49 xvii,
343 2091 98 49 353,
474 2091 54 50 [1]
560 2102 42 37 p.
665 2092 84 39 col.
778 2091 162 48 front.,
969 2092 128 40 illus.
1157 2091 57 40 18½
1245 2094 44 21 cm
1294 2124 9 9 .
1373 2092 127 47 (The
1525 2103 107 30 new
1659 2092 218 41 Atlantic
1906 2094 211 48 readers,

129 2150 121 40 book
275 2149 53 48 2)

127 2216 52 53 ©
203 2222 113 46 May
338 2221 40 47 4,
404 2218 112 42 1936;
569 2220 67 40 2c.
663 2220 95 39 and
782 2219 80 41 aff.
888 2221 113 46 May
1025 2219 52 48 9;
1104 2221 40 38 A
1169 2218 142 42 94379;
1367 2220 161 49 Little,
1557 2222 189 47 Brown,
1771 2221 36 41 &
1830 2230 68 32 co.
196 2221 1905 103 [Copyright
350 2277 42 39 is
416 2277 204 39 claimed
645 2287 59 28 on
731 2286 104 29 new
861 2278 191 46 matter]
1119 2277 279 47 (36-15881)

258 2377 1858 70 … Outward bound, edited by Randall J. Condon … and
128 2455 305 69 Benjamin
460 2457 136 54 Veit
625 2501 57 14 .,.
762 2459 233 64 Boston,
1021 2457 194 67 Little,
1242 2460 229 64 Brown,
1500 2459 110 52 and
1640 2476 297 50 company,
1967 2462 148 49 1936.

200 2540 79 36 xx,
311 2528 99 48 367,
445 2530 54 49 [1]
534 2539 44 37 p.
638 2531 87 41 col.
757 2529 163 49 front.,
956 2529 127 41 illus.
1143 2530 58 40 18½
1231 2532 43 21 cm
1279 2561 9 9 .
1360 2531 124 48 (The
1515 2540 107 31 new
1654 2530 219 41 Atlantic
1907 2532 210 48 readers,

128 2587 123 40 book
279 2586 50 49 5)

130 2653 51 53 ©
214 2659 113 45 May
360 2659 41 46 4,
437 2658 138 47 1936;
612 2657 68 41 2c.
717 2658 94 39 and
847 2658 81 40 aff.
967 2660 113 45 May
1114 2658 53 47 9;
1205 2659 43 38 A
1282 2657 141 41 94382;
1490 2658 162 47 Little,
1691 2661 190 46 Brown,
1920 2660 95 38 and
2052 2669 67 32 co.

202 2714 278 49 [Copyright
514 2715 43 39 is
588 2714 204 39 claimed
827 2725 60 29 on
919 2725 105 30 new
1059 2716 193 48 matter]
1326 2714 279 48 (36-15882)

260 2817 1860 68 … The understanding prince, edited by Randall J. Condon
191 2895 1929 70 … and Ida May Lind … Boston, Little, Brown, and company,
131 2977 149 50 1936.

200 3045 98 48 xxi,
329 3046 98 47 341,
461 3047 55 48 [1]
550 3057 42 37 p.
652 3048 85 39 col.
770 3046 162 49 front.,
963 3046 128 42 illus.
1151 3046 57 41 18½
1239 3049 44 21 cm
1288 3079 8 9 .
1367 3048 126 47 (The
1521 3058 106 30 new
1660 3047 217 42 Atlantic
1910 3049 211 48 readers,

131 3103 121 40 book
278 3102 51 49 1)

130 3169 53 52 ©
217 3175 113 46 May
362 3175 41 46 4,
438 3173 138 48 1936;
615 3175 68 39 2c.
721 3175 93 38 and
851 3174 81 42 aff.
969 3176 114 46 May
1118 3175 52 47 9;
1207 3177 45 38 A
1284 3175 169 47 94378;
1493 3175 162 47 Little,
1694 3177 190 49 Brown,
1920 3176 96 39 and
2053 3186 67 30 co.

201 3230 279 49 [Copyright
508 3230 42 39 is
577 3230 204 40 claimed
812 3242 59 29 on
899 3242 106 29 new
1033 3234 192 47 matter]
1296 3232 278 46 (36-15878)

262 3332 1796 70 … The wonderful tune, edited by Randall J. Condon …
133 3410 1988 71 and Ida May Lind … Boston, Little, Brown, and company,
133 3493 149 52 1936.

203 3562 115 47 xvii,
345 3561 99 48 411,
478 3563 54 48 [1]
562 3573 42 37 p.
666 3564 85 39 col.
779 3563 163 49 front.,
973 3564 127 40 illus.
1161 3564 55 40 18½
1248 3567 43 21 cm
1296 3595 9 9 .
1375 3565 125 48 (The
1527 3575 106 30 new
1662 3565 218 40 Atlantic
1910 3566 211 47 readers,

133 3619 122 40 book
282 3619 53 48 3)

131 3685 53 53 ©
219 3691 111 45 May
363 3692 40 46 4,
439 3689 139 47 1936;
615 3690 67 40 2c.
719 3691 96 39 and
851 3691 80 39 aff.
969 3693 112 45 May
1115 3691 54 47 9;
1209 3694 38 37 A
1283 3692 169 46 94380;
1493 3692 161 48 Little,
1692 3694 190 46 Brown,
1921 3693 96 38 and
2054 3702 66 32 co.

204 3746 277 48 [Copyright
509 3747 41 39 is
578 3747 206 39 claimed
812 3758 57 29 on
899 3758 105 28 new
1030 3751 193 46 matter]
1293 3748 279 49 (36-15879)

132 3848 200 65 Davis,
358 3850 192 53 Lewis
574 3851 132 63 Jay,
736 3856 168 49 1865-

267 3924 1794 71 … Our kinsmen: a family history, by Lewis J. Davis …
135 4002 298 67 Portland,
464 4002 98 54 Or.
615 4004 121 52 [The
765 4004 411 67 Metropolitan
1202 4022 173 50 press]
1411 4008 149 51 1936.
