2519 4377
1009 4061 99 49 461

118 500 1094 49 3 v . 25cm. (American casebook series)
124 558 293 43 Cover-title.

54 642 98 30 nos.
181 632 38 45 1,
248 631 39 41 2,
316 626 52 52 ©
399 631 119 38 Mar.
547 629 68 43 20,
646 629 139 40 1936;
818 628 65 40 2c.
914 628 116 39 each
1060 628 94 38 and
1186 627 82 39 aff.
1299 627 113 47 Apr.
1444 627 79 42 18;
1556 637 74 28 no.
1661 627 39 40 3,
1732 621 52 52 ©
1814 626 112 46 Apr.
1959 625 82 43 20;

125 687 80 40 aff.
233 688 113 46 May
371 686 81 45 20;
481 687 39 37 A
547 685 158 48 94023,
732 685 169 45 94613;
931 685 131 38 West
1091 684 108 47 pub.
1227 694 67 29 co.
1362 681 249 49 (36-8997)

54 788 224 64 Special
314 788 270 52 libraries
620 786 375 54 association.
1072 787 322 61 Chemistry
1432 786 227 52 section.

127 864 192 54 Union
352 864 90 51 list
477 863 63 51 of
573 861 273 67 journals,
880 860 386 69 proceedings,
1300 859 238 53 annuals
1572 859 112 53 and
1718 859 160 51 other
56 858 1963 136 serials
172 942 58 52 in
263 942 94 52 the
391 940 269 54 chemical
694 938 261 54 libraries
989 938 63 53 of
1085 938 96 53 the
1217 936 324 69 Chemistry
1575 934 468 56 section-Science

59 1019 332 68 technology
430 1016 244 54 division
711 1017 63 52 of
811 1018 94 51 the
941 1015 224 69 Special
1202 1015 261 52 libraries
1501 1014 351 54 association.
58 1014 1963 135 Edited
213 1097 72 66 by
331 1095 205 54 Hester
580 1095 66 53 A.
694 1095 299 52 Wetmore.
1069 1092 275 69 Rahway,
1388 1093 67 53 N.
1499 1094 75 66 J.,
1617 1093 196 52 Merck
1857 1093 46 49 &
1946 1110 98 49 co.,

61 1174 121 65 inc.,
211 1175 148 51 1935.

126 1244 85 40 317
240 1244 159 40 numb.
430 1244 28 39 1.
519 1244 114 40 26cm.

131 1300 404 47 Mimeographed.

129 1357 283 46 “Directory
443 1356 51 40 of
524 1356 225 39 libraries”;
840 1356 160 39 leaves
1033 1355 97 40 6-9.

54 1413 52 52 ©
139 1418 111 40 Dec.
283 1418 39 45 1,
356 1416 112 41 1935
530 1416 67 39 2c.
632 1416 121 38 Mar.
785 1415 67 45 12,
888 1413 139 48 1936;
1065 1414 82 40 aff.
1180 1415 113 47 Apr.
1328 1414 51 46 8;
1418 1414 38 38 A
1491 1413 170 47 92842;
1701 1415 176 39 Hester
1913 1413 136 40 Anne

123 1473 255 46 Wetmore,
401 1473 201 47 Albany.
667 1470 249 49 (36-9014)

56 1577 260 63 Surtees,
344 1576 172 53 John.

128 1653 253 67 Nursery
406 1658 116 47 cost
551 1652 249 66 finding,
832 1670 29 33 a
890 1656 121 47 text
1036 1651 144 52 book
1211 1650 92 54 for
1330 1651 94 53 the
1451 1669 95 34 use
1575 1649 63 55 of
1665 1669 385 49 nurserymen,

58 1729 134 53 both
230 1729 298 53 wholesale
563 1730 112 52 and
714 1728 183 66 retail,
935 1745 248 52 growers
1220 1728 63 54 of
1322 1728 147 53 fruit
1508 1734 161 60 trees,
1710 1728 339 68 perennials,

57 1812 118 63 etc.,
216 1809 111 53 and
367 1808 304 67 landscape
712 1808 316 67 designers;
1072 1826 30 33 a
1142 1807 229 52 manual
1411 1806 64 52 of
1514 1812 118 47 cost
1673 1807 222 66 finding
1936 1807 110 53 and

58 1884 329 69 estimating
419 1902 70 35 on
523 1885 275 53 standard
833 1885 275 67 methods,
1142 1884 267 69 covering
1442 1891 114 47 cost
1592 1885 64 52 of
1691 1885 359 68 production,

59 1963 388 53 maintenance
470 1963 58 52 in
555 1964 94 51 the
678 1981 253 50 nursery,
958 1966 109 52 and
1095 1963 303 67 landscape
1426 1963 174 68 work,
1627 1965 257 66 together
1911 1963 137 53 with

59 2040 177 53 tables
276 2039 64 53 of
380 2041 222 67 growth
643 2039 65 54 of
747 2042 207 66 plants,
997 2041 160 52 labor
1199 2042 206 64 charts,
1448 2043 255 51 estimate
1746 2043 303 66 examples,

60 2118 260 69 working
362 2119 230 67 graphs,
635 2123 120 62 etc.,
799 2119 75 68 by
916 2119 155 55 John
1118 2119 243 55 Surtees.
1436 2120 138 53 New
1620 2120 178 67 York,
1844 2122 68 51 N.
1962 2122 88 65 Y.,

58 2197 71 52 A.
156 2198 64 51 T.
244 2197 86 52 De
356 2198 82 53 La
465 2198 161 51 Mare
652 2214 296 51 company,
974 2196 124 68 inc,,
1130 2201 147 50 1936.

131 2271 83 47 xii,
245 2271 84 40 188
360 2282 42 36 p.
432 2271 108 39 inch
573 2270 167 40 forms.
801 2271 146 41 23½cm.

61 2325 52 52 ©
141 2330 121 38 Mar.
290 2327 69 48 19,
387 2327 139 46 1936;
555 2327 67 40 2c.
653 2330 121 38 Mar.
802 2327 82 47 21;
916 2328 81 39 aff.
1026 2329 121 38 Mar.
1175 2328 82 46 23;
1288 2329 40 38 A
1354 2327 171 47 92419;
1556 2328 52 39 A.
1639 2328 51 40 T.
1720 2330 71 39 De
1821 2330 65 38 La
1919 2331 135 40 Mare

129 2395 80 37 co.,
234 2385 88 39 inc.
386 2384 248 47 (36-9029)

59 2487 273 64 Tildsley,
362 2488 153 52 John
547 2488 132 63 Lee,
715 2489 167 53 1867-

232 2562 1820 71 … The mounting waste of the American secondary school,
63 2640 1990 71 by John L. Tildsley … Cambridge, Harvard university press,
64 2724 148 50 1936.

133 2791 1274 48 3 p. l., 91 p. 18cm. (The Inglis lectures, 1936)
64 2846 52 53 ©
150 2851 109 39 Jan.
295 2850 67 47 11,
397 2850 113 39 1936,
571 2850 66 38 2c.
670 2851 99 38 and
805 2849 81 40 aff.
921 2849 113 47 Apr.
1071 2849 50 42 8;
1160 2850 40 38 A
1236 2849 169 42 92838:
1446 2850 252 41 President
1736 2853 95 38 and
1866 2852 191 42 fellows

130 2909 51 38 of
208 2909 227 38 Harvard
464 2907 190 47 college,
684 2905 300 49 Cambridge,
1014 2908 146 39 Mass.
1227 2906 224 48 (36-9020)

63 3010 229 64 Tobias,
321 3011 52 53 J.
403 3011 240 61 Carroll,
677 3015 168 49 1899-

133 3087 118 51 The
276 3085 272 54 student’s
577 3087 230 50 manual
835 3084 62 54 of
925 3084 367 68 microscopic
1319 3086 298 68 technique
1646 3087 139 54 with
65 3088 1968 129 instructions
242 3163 92 52 for
366 3162 625 69 photo-micrography,
1019 3163 140 52 with
1187 3163 65 52 79
1282 3163 407 69 illustrations;
1723 3165 75 68 by
1828 3168 56 53 J.
67 3168 1966 125 Carroll
210 3241 223 52 Tobias.
510 3242 231 64 Boston,
776 3240 189 65 Mass.,
1002 3239 305 54 American
1345 3240 421 70 photographic
68 3244 1964 142 publishing
198 3337 96 47 co.,
330 3321 149 49 1936.

136 3391 114 47 xvii,
275 3392 87 40 210
388 3403 43 36 p.
486 3391 142 45 illus.,
660 3390 179 49 diagrs.
893 3390 115 40 24cm.

64 3444 52 52 ©
143 3450 119 37 Mar.
288 3448 68 46 26,
385 3448 110 39 1936;
551 3447 66 40 2c.
645 3448 113 47 Apr.
786 3448 53 39 15;
898 3447 80 40 aff.
1006 3448 113 47 Apr.
1147 3448 55 39 16;
1257 3448 40 39 A
1324 3448 143 40 93666;
1523 3450 157 40 Amer.
1707 3452 350 50 photographic

139 3505 107 48 pub.
275 3515 66 30 co.
408 3503 248 50 (36-8907)

69 3605 276 64 Treidler,
374 3606 249 63 Adolph.

140 3681 283 52 Bermuda;
478 3684 29 49 8
531 3679 430 68 reproductions
984 3681 58 51 in
1066 3681 151 52 color
1237 3682 152 52 from
1408 3681 294 71 paintings
1724 3684 75 69 by
1820 3686 237 69 Adolph

71 3758 1964 72 Treidler. [ Philadelphia, Printed by E. Stern & co., inc., c1936]
144 3831 712 49 [4] p., 8 col. pl. 43½ × 37cm.
143 3888 169 39 Issued
337 3887 48 39 in
416 3887 244 47 portfolio.

74 3938 52 53 ©
157 3943 107 39 Feb.
297 3944 69 46 26,
399 3943 112 40 1936;
572 3944 66 38 2c.
675 3944 120 38 Mar.
829 3942 25 38 2;
919 3942 81 39 aff.
1035 3942 120 39 Mar.
1191 3942 55 40 17;
1308 3944 40 38 A
1381 3943 143 42 92573;
1587 3947 54 40 A.
1676 3949 230 43 Treidler,
1943 3953 117 38 New

142 3999 141 40 York.
353 3999 247 48 (36-8968)
