2519 4377
1065 4102 96 50 185

118 456 317 54 American
459 457 111 52 law
596 454 297 54 institute.

251 527 1858 60 … Administration of the criminal law. Official draft, with
118 606 1965 151 commentaries … Philadelphia, Pa., The American law institute, 1935.
190 762 86 40 187
303 772 44 38 p.
406 761 55 41 23
465 763 44 21 cm
514 792 9 9 .

191 831 65 41 At
278 832 124 39 head
428 831 52 40 of
506 830 135 41 title:
670 831 101 39 The
798 827 256 43 American
1080 829 94 40 law
1200 828 242 42 institute.

193 887 198 48 Subject
422 888 230 40 covered:
689 887 185 40 Double
906 886 251 48 jeopardy.
1216 886 251 47 Reporter,
1500 885 73 42 W.
1610 885 53 41 E.
1698 884 181 41 Mikell.

119 956 52 53 ©
201 961 118 47 Aug.
351 959 70 48 15,
452 960 140 46 1935;
626 960 68 40 2c.
728 960 94 39 and
854 958 81 41 aff.
969 958 109 40 Feb.
1110 958 69 50 21,
1209 956 140 49 1936;
1384 958 40 39 A
1455 956 171 48 91864;
1661 957 159 41 Amer.
1853 958 94 40 law
189 956 1910 102 institute.
371 1017 250 48 (36-6066)

119 1119 325 63 Andersen,
473 1120 195 62 Knud,
701 1124 170 50 1890-

247 1190 1766 72 … Fra armod til rigdom. København, Gyldendal, 1935.
188 1266 87 41 202
299 1278 45 38 p.
403 1267 55 39 21½
492 1269 45 22 cm
540 1303 9 8 .

186 1324 42 39 A
252 1325 152 41 novel.

118 1392 2000 54 © Nov. 20, 1935; 1c. Jan. 8, 1936; A-Foreign 30171; Gyldendalske
187 1454 282 47 boghandel,
503 1453 212 40 Nordisk
745 1453 175 48 forlag.
991 1452 251 48 (36-6794)

116 1556 223 65 Bailey,
366 1557 176 56 Belle.

190 1635 213 55 Stories
440 1635 62 52 of
537 1636 296 51 Delaware
869 1640 208 61 county
1111 1634 239 67 history,
1384 1634 267 67 covering
1684 1635 95 52 the
1816 1634 198 67 period
2052 1636 62 52 of

118 1712 1995 67 rapid development from 1850 to 1870 … written for the youth
119 1790 61 53 of
223 1791 174 65 today
442 1791 111 51 and
595 1791 158 53 those
795 1790 306 53 interested
1143 1789 60 53 in
1245 1791 95 52 the
1384 1794 146 63 past,
1573 1791 74 65 by
1690 1789 159 55 Belle
1893 1791 219 67 Bailey.

116 1868 375 66 Manchester,
556 1887 65 47 Ia.,
653 1871 150 50 1935.

184 1942 58 39 64
268 1952 43 37 p.
368 1941 126 39 illus.
552 1940 60 41 27½
640 1942 45 21 cm
690 1973 9 8 .

189 2011 71 40 On
285 2021 166 30 cover:
480 2012 260 39 Delaware
764 2012 177 46 county
967 2010 202 48 history,
1198 2010 117 41 1850
1340 2013 48 38 to
1415 2010 128 41 1870.
1600 2011 191 40 volume
1861 2043 8 8 II.

118 2076 53 53 ©
196 2082 110 38 Dec.
333 2082 67 44 11,
428 2080 140 46 1935;
596 2080 67 41 2c.
691 2081 112 39 Dec.
831 2080 68 48 16,
927 2079 139 47 1935;
1096 2079 81 40 aff.
1205 2080 109 39 Jan.
1341 2081 39 47 6,
1408 2079 140 47 1936;
1579 2081 40 39 A
1645 2079 170 48 90257;
1846 2082 52 38 B.
1929 2078 186 49 Bailey,

187 2139 320 46 Manchester,
568 2148 42 29 Ia.

118 2239 244 67 Barker,
391 2240 194 66 Cicely
610 2243 191 64 Mary,
829 2260 178 48 comp.

189 2317 115 56 Old
329 2318 225 69 rhymes
583 2319 95 52 for
704 2320 77 53 all
807 2318 190 68 times;
1030 2318 267 55 collected
1325 2321 112 53 and
1463 2319 325 53 illustrated
1815 2320 74 68 by
1919 2320 194 67 Cicely

117 2397 171 68 Mary
312 2397 236 53 Barker.
623 2397 448 68 Poughkeepsie,
1095 2399 69 52 N.
1192 2399 90 66 Y.,
1306 2397 217 53 Artists
1550 2398 113 53 and
1687 2398 221 53 writers
1933 2399 181 67 guild,

119 2476 124 66 inc.,
273 2484 18 22 c
295 2480 151 50 1935.

189 2546 1396 50 3 p. l. , 11-76 p. col. front., illus., col. plates. 25 cm .
191 2618 73 41 On
290 2628 166 31 cover;
488 2618 298 41 Authorized
815 2618 257 40 American
1102 2619 198 41 edition.

190 2675 260 41 Foreword
479 2675 196 48 signed:
710 2676 149 39 Edith
888 2676 179 47 Kovar,
1100 2676 171 42 editor.

119 2741 52 53 ©
200 2747 117 40 Nov.
350 2746 69 47 25,
453 2745 140 47 1935;
628 2746 68 40 2c.
731 2748 121 38 Mar.
886 2747 39 46 5,
960 2745 139 47 1936;
1136 2746 82 40 aff.
1252 2747 111 39 Feb.
1397 2747 82 46 28;
1517 2747 43 38 A
1592 2746 170 48 93048;
1798 2746 185 41 Artists
2019 2748 95 39 and

187 2803 193 40 writers
414 2803 146 48 guild,
597 2803 89 40 inc.
754 2802 282 50 [Copyright
1069 2803 44 39 is:
1144 2801 205 42 claimed
1384 2814 60 28 on
1478 2803 258 49 foreword]

202 2859 250 50 (36-6325)

190 2960 250 70 Rhymes
482 2980 123 34 new
651 2963 112 52 and
807 2962 112 68 old,
963 2963 267 53 collected
1277 2963 112 53 and
1433 2962 325 56 illustrated
1800 2963 74 68 by
1920 2963 193 67 Cicely

118 3038 170 70 Mary
313 3039 235 54 Barker.
623 3040 448 68 Poughkeepsie,
1094 3042 69 53 N.
1190 3042 91 67 Y.,
1304 3040 218 54 Artists
1548 3041 112 53 and
1684 3041 221 55 writers
1934 3042 179 66 guild,

118 3116 126 69 inc.,
272 3124 18 22 c
295 3122 149 50 1935.

190 3190 1394 50 3 p. l. , 11-76 p. col. front., illus., col. plates. 25 cm .
192 3260 72 41 On
292 3270 168 31 cover:
491 3261 297 41 Authorized
816 3262 257 40 American
1103 3263 198 40 edition.

192 3316 258 42 Foreword
479 3318 166 48 signed
665 3329 9 29 :
705 3318 148 41 Edith
882 3319 180 47 Kovar,
1089 3319 171 41 editor.

120 3383 53 53 ©
204 3388 117 40 Nov.
355 3389 68 47 25,
457 3389 140 45 1935;
633 3390 68 39 2c.
733 3391 120 38 Mar.
888 3391 40 46 5,
962 3389 139 47 1936;
1138 3390 81 40 aff.
1255 3391 111 39 Feb.
1401 3390 82 47 28;
1518 3392 41 38 A
1592 3390 171 48 93047;
1799 3390 185 41 Artists
2020 3392 95 39 and

190 3444 191 41 writers
421 3446 146 48 guild,
608 3446 91 40 inc.
771 3445 280 49 [Copyright
1090 3446 42 40 is
1172 3447 203 40 claimed
1417 3456 60 29 on
1517 3447 258 49 foreword]

198 3500 247 49 (36-6324)

119 3604 318 65 Barnhart,
469 3606 260 54 Thomas
758 3607 333 64 Frederick,
1127 3614 165 50 1902-

188 3682 236 66 Weekly
467 3702 333 48 newspaper
844 3691 413 60 management,
1301 3685 73 66 by
1419 3686 247 52 Thomas
1709 3686 65 52 F.
1820 3684 293 53 Barnhart

121 3760 1968 142 … New York, London, D. Appleton-Century company, incorporated, 1936.
190 3906 100 48 viii,
318 3907 85 39 444
427 3919 43 37 p.
497 3907 109 41 incl.
635 3909 143 43 illus.,
805 3909 167 40 forms.
1026 3909 56 40 20½
1115 3912 43 21 cm
1164 3942 8 8 .

122 3972 52 53 ©
202 3977 108 41 Feb.
338 3978 39 48 6,
404 3979 138 46 1936;
573 3979 66 40 2c.
669 3980 110 40 Feb.
807 3980 81 47 10;
920 3981 82 40 aff.
1031 3981 112 40 Feb.
1170 3982 83 46 11;
1285 3982 41 39 A
1353 3980 170 49 90719;
1555 3983 58 39 D.
1640 3980 476 49 Appleton-Century

189 4045 80 38 co.,
300 4035 90 40 inc.
460 4035 250 48 (36-6105)
