2519 4377
1321 4127 103 50 2006

394 430 267 65 Shastid,
686 430 261 55 Thomas
974 430 154 65 Hall,
1159 436 173 51 1866-

463 521 200 70 Light,
693 521 101 54 the
825 540 120 35 raw
974 521 268 54 material
1275 521 67 54 of
1373 520 206 72 vision,
1606 521 79 72 by
1716 522 254 56 Thomas
2001 522 146 55 Hall
2184 522 237 57 Shastid

457 598 1183 72 … Ann Arbor, Mich., G. Wahr, 1936.
466 673 58 41 64
554 684 44 38 p.
661 674 130 40 illus.
851 673 149 42 23½cm.

469 730 1955 51 “The … essay is merely a sketch introductory to a much larger work
396 788 2027 50 on a similar subject … The title of the forthcoming book will be ‘The
395 844 159 42 vision
580 845 198 48 factory
801 846 53 41 in
880 845 212 42 animals
1118 848 97 39 and
1242 846 51 40 in
1319 845 372 43 men’.”—Note.

397 914 54 54 ©
478 919 113 39 Dec.
617 917 73 51 24,
719 917 142 48 1936;
892 918 68 41 2c.
991 918 96 40 and
1117 918 84 41 aff.
1229 920 114 39 Dec.
1372 918 83 48 29;
1488 920 41 39 A
1558 918 202 50 102080;
1793 921 51 38 T.
1876 921 61 41 H.
1972 920 214 51 Shastid,
2218 922 204 39 Duluth.

478 975 226 50 (37-800)

394 1080 274 66 Stevens,
695 1081 231 54 Donald
951 1081 59 56 S.

465 1170 301 70 Destined,
797 1170 79 71 by
906 1171 235 55 Donald
1179 1170 59 58 S.
1278 1171 254 56 Stevens.
1606 1173 238 68 Boston,
1880 1173 127 54 The
2043 1171 380 71 Christopher

394 1248 778 72 publishing house [ c 1936]
465 1323 90 41 118
580 1334 45 38 p.
686 1323 58 41 20½
777 1326 45 21 cm
826 1355 8 9 .

396 1392 54 54 ©
484 1396 118 47 July
634 1395 72 43 20.
742 1395 143 49 1936;
922 1396 69 42 2c.
1027 1397 121 47 Aug.
1183 1397 54 48 1;
1275 1397 82 42 aff.
1394 1397 118 47 July
1547 1397 84 48 31;
1668 1398 42 39 A
1743 1396 174 49 96708;
1954 1397 324 48 Christopher
2312 1398 111 48 pub.

469 1453 165 41 house.
702 1452 225 52 (37-808)

392 1561 275 64 Stevens,
695 1558 275 58 Wallace.

467 1650 178 57 Owl’s
679 1651 191 54 clover
926 1650 77 71 [by]
1058 1650 260 58 Wallace
1353 1651 256 56 Stevens.
1680 1652 133 54 New
1855 1652 184 69 York,
2072 1653 124 53 The

392 1652 2006 133 Alcestis
503 1749 161 50 press
705 1765 12 34 [
723 1738 18 21 c
747 1733 155 67 1936]

464 1805 713 50 4 p. l., 11-65 p, 1 l. 24 cm .
468 1861 1956 50 “This first edition … is strictly limited to 105 copies signed by the
393 1920 195 41 author.
643 1919 122 42 This
790 1919 46 41 is
859 1919 219 49 number,
1104 1920 87 41 out
1216 1919 53 42 of
1295 1919 197 42 series.”

465 1976 189 42 Poems.

393 2042 55 55 ©
477 2047 119 41 Nov.
624 2046 42 49 5,
697 2046 143 48 1936;
871 2046 69 42 2c.
973 2047 103 42 Oct.
1108 2045 83 44 30;
1223 2046 84 41 aff.
1337 2047 119 40 Nov.
1489 2046 83 49 10;
1605 2048 42 39 A
1678 2046 203 49 101189;
1914 2049 74 40 W.
2023 2048 217 47 Stevens,
465 2050 1940 95 Hartford.
661 2104 226 49 (37-955)

389 2209 165 65 Taft,
586 2210 253 66 Lorado,
875 2216 174 50 1860-

461 2304 1961 71 Lorado Taft’s “Little museum” … arranged and described by
391 2383 2029 71 Lorado Taft … no. 1. Greek sculpture. Worcester, Mass.,
391 2463 122 52 The
543 2462 210 56 School
782 2470 119 47 arts
927 2462 300 69 magazine
1259 2497 12 34 [
1277 2469 16 21 c
1300 2466 135 49 1936
1441 2496 12 34 ]

463 2536 71 49 99,
567 2536 55 50 [1]
653 2547 44 38 p.
755 2546 64 39 pl.
876 2535 58 41 23½
966 2539 46 21 cm
1017 2569 9 8 .

463 2593 88 42 No.
583 2593 39 40 1.:
687 2593 242 40 “Number
961 2592 88 42 115
1075 2593 52 40 of
1157 2594 86 40 the
1271 2593 110 39 first
1412 2592 227 43 edition.”

463 2651 134 40 Each
630 2651 194 39 volume
853 2650 346 49 accompanied
1233 2650 65 48 by
1327 2649 287 41 “Teacher’s
1644 2649 299 42 instruction
1976 2649 117 50 set”,
2127 2661 28 29 a
2185 2651 235 47 portfolio

392 2708 121 40 with
538 2708 338 48 photographs
903 2710 49 38 to
978 2708 60 40 be
1062 2709 82 39 cut
1170 2709 85 39 out
1282 2707 98 40 and
1406 2707 233 40 mounted
1667 2718 59 29 on
1754 2707 254 48 plyboard.

394 2775 53 54 ©
488 2780 129 40 June
656 2779 71 49 18,
798 2778 113 49 1936;
954 2778 69 42 2c.
1062 2779 98 39 and
1200 2779 83 40 aff.
1325 2779 130 39 June
1493 2777 83 49 20;
1621 2778 43 40 A
1702 2777 174 49 95777;
1920 2777 157 41 Davis
2116 2789 154 38 press,
2311 2778 108 50 inc.,

464 2838 291 40 Worcester.
820 2835 285 51 (36-13944)

389 2942 232 65 Tellier,
649 2941 222 66 André,
903 2947 174 51 1902-

464 3033 326 70 Vagabond
820 3033 195 70 April,
1045 3033 76 70 by
1149 3033 204 53 Andre
1382 3032 242 69 Tellier;
1657 3032 143 53 with
1830 3032 294 70 drawings
2154 3033 75 67 by
391 3033 2003 134 Clinton
526 3113 253 54 Balmer.
849 3112 290 69 Madison,
1171 3112 70 56 N.
1277 3113 75 66 J.,
1386 3112 122 54 The
1543 3111 225 55 Golden
1800 3111 145 54 hind
1980 3130 176 50 press,
2194 3116 151 50 1936.

463 3186 1283 50 5 p. l. , 9 numb. 1., 1 l. incl. front., illus. 24½ cm .
466 3242 1949 51 “The first edition … consists of 300 copies numbered and signed by
391 3303 86 40 the
505 3302 182 40 author
716 3302 96 39 and
842 3301 85 40 the
955 3301 151 41 artist
1134 3301 52 41 of
1215 3301 161 40 which
1407 3299 89 42 150
1524 3300 163 48 copies
1713 3310 85 31 are
1826 3299 81 41 for
1939 3298 147 43 sale.”
2145 3300 120 41 This
2298 3312 118 40 copy

391 3361 85 39 not
504 3358 267 42 numbered
802 3369 55 30 or
887 3357 184 50 signed.

466 3415 223 42 Sonnets.

393 3481 53 54 ©
475 3486 112 39 Dec.
619 3485 71 48 11,
721 3484 142 44 1936;
897 3484 68 41 2c.
998 3484 95 40 and
1126 3484 81 41 aff.
1239 3485 113 39 Dec.
1384 3483 83 48 14;
1500 3484 44 39 A
1569 3482 202 49 101247;
1805 3484 54 41 A.
1893 3483 195 51 Tellier,
2120 3486 119 40 New
2270 3486 145 41 York.

474 3541 225 53 (37-952)

396 3647 378 67 [Thompson,
800 3646 160 55 Elsie
987 3646 336 66 Pickering]
1358 3652 173 50 1903-

465 3738 271 69 Dancing
765 3738 334 68 marathon;
1135 3756 31 34 a
1195 3738 168 53 novel
1391 3737 75 69 by
1498 3736 207 54 Elodie
1735 3736 182 56 Leeds
1951 3738 235 68 [pseud.]
395 3737 1994 140 London,
555 3816 191 55 Hurst
773 3818 46 50 &
845 3816 286 68 Blackett,
1159 3815 104 56 ltd.
1300 3818 172 66 [1936]

463 3888 87 41 288
586 3899 44 38 p.
693 3888 58 41 19½
781 3891 45 21 cm
831 3919 9 11 .

393 3959 2019 53 © 1c. Nov. 24, 1936; A ad int. 22050; pubd. Sept. 28; E. P. Thompson,
466 4019 225 49 Virginia
721 4021 183 47 Water,
937 4021 196 47 Surrey,
1160 4020 239 44 England.
1468 4019 254 51 (37-1329)
