2519 4377
1324 4099 98 49 1888

460 473 1951 53 2 p. l., 284, [1] p. 20 cm . ( Half-title ; Grote’sche Sammlung von werken
389 530 440 50 zeitgenössischer
857 532 367 40 schriftsteiler,
1284 532 78 42 bd.
1397 532 113 51 219)

390 585 2021 54 © Oct. 29, 1935; 1c. Oct. 22, 1936; A -Foreign 33420; G. Grote’scbe
492 645 562 49 verlagsbuchhandlung.

387 751 275 64 Sibelius,
684 751 296 56 Johanna.

386 825 1999 151 Komm wieder, Irene ! Roman Von Johanna Sibelius. Berlin, Ullstein [ c 1936]
454 979 1389 53 245, [1] p., 1 l. 17 cm . ( On cover; Ullstein bücher)
388 1035 1742 55 © Feb. 20, 1936; 1c. June 3; A-Foreign 32069; Ullstein a.-g.
471 1096 227 51 (37-336)

385 1203 223 64 Stratz,
636 1202 242 67 Rudolf,
910 1208 174 51 1864-

462 1276 1666 73 ... Panik in Odessa; roman. Berlin, Scherl [ c 1936]
455 1351 99 49 212,
587 1353 55 50 [1]
670 1362 44 39 p.
775 1352 59 41 19
835 1355 45 22 cm
883 1384 9 9 .

453 1410 65 40 At
546 1411 128 40 head
702 1410 54 41 of
780 1410 112 41 title;
950 1410 229 49 Rudolph
1208 1409 180 47 Stratz.

387 1465 2024 56 © June 30, 1936; 1c. Dec. 3; A-Foreign 33600; August Scherl, g. m. b. h.
471 1525 225 50 (37-344)

384 1631 324 67 Thwaites,
734 1632 244 55 Reuben
1006 1631 165 66 Gold,
1200 1637 329 52 1853-1913.

462 1753 58 10 ...
550 1709 56 53 A
629 1709 226 69 history
882 1709 64 53 of
970 1709 99 56 the
1092 1708 222 58 United
1341 1709 207 69 States,
1575 1710 75 68 by
1676 1710 235 54 Reuben
1938 1709 154 56 Gold
2118 1710 290 55 Thwaites

391 1832 57 10 ...
487 1788 115 53 and
634 1785 211 57 Calvin
875 1787 191 70 Noyes
1097 1787 257 54 Kendall
1391 1831 57 11 ...
1487 1786 224 55 revised
1740 1788 77 69 by
1852 1788 273 54 Frederic
2156 1789 65 54 L.
386 1788 1996 132 Paxson
533 1910 57 10 ...
672 1865 237 69 Boston,

946 1866 142 54 New
1128 1865 167 54 York
1354 1870 122 64 [etc.]
1519 1865 324 70 Houghton
1879 1865 209 54 Mifflin
2126 1884 281 53 company
392 1946 195 67 [c1936]

455 2014 102 50 xxi,
591 2015 73 50 [1],
696 2015 100 48 596,
827 2016 90 40 xlii
947 2026 45 39 p.
1053 2015 130 43 illus.
1211 2014 137 49 (part
1377 2016 114 49 col.)
1530 2025 138 40 maps
1697 2016 49 50 (1
1778 2015 201 50 double)
2017 2018 181 48 diagrs.
2258 2017 58 41 20½
2347 2019 45 22 cm
2397 2050 9 11 .

394 2072 128 50 (The
559 2073 205 48 Tappan
803 2072 215 42 Kendall
1054 2073 258 49 histories)

461 2130 241 42 “Revised
738 2131 98 40 and
872 2131 233 47 enlarged
1140 2129 229 43 edition.”

458 2187 418 42 “Recommended
908 2186 258 49 readings”
1200 2189 52 40 at
1284 2188 93 40 end
1407 2188 52 40 of
1491 2198 131 30 some
1653 2188 52 40 of
1735 2187 86 42 the
1848 2188 245 51 chapters.

459 2245 239 42 Previous
739 2244 213 43 editions
994 2245 126 42 have
1163 2244 112 43 title;
1347 2244 43 41 A
1432 2245 191 49 history
1666 2245 55 42 of
1762 2245 84 43 the
1889 2246 183 43 United
2119 2246 166 43 States
2326 2248 82 42 for

383 2313 251 39 grammar
668 2303 205 41 schools.

386 2360 54 54 ©
469 2365 114 40 Dec.
614 2363 72 48 14,
715 2362 117 41 1936;
890 2362 68 41 2c.
991 2364 112 39 Dec.
1136 2362 56 40 19;
1254 2362 80 39 aff.
1368 2363 111 39 Dec.
1513 2361 56 41 18;
1631 2363 41 39 A
1703 2361 175 41 101372;
1940 2363 269 48 Houghton
2240 2363 169 41 Mifflin

457 2431 68 30 co.
597 2419 285 50 (36-37510)

382 2527 312 66 Toulouse,
717 2526 223 66 Joseph
964 2526 74 54 H.

457 2603 245 54 Pioneer
739 2608 158 64 posts
934 2602 64 54 of
1035 2603 213 67 Texas;
1291 2600 284 71 compiled
1615 2601 155 54 from
1806 2602 98 55 the
1941 2601 230 54 records
2209 2602 65 53 of
2310 2603 96 53 the

382 2681 144 55 War
560 2682 384 69 department,
974 2680 77 69 by
1085 2680 220 69 Joseph
1339 2679 77 54 H.
1452 2678 286 55 Toulouse
1773 2679 115 54 and
1920 2680 198 56 James
2153 2681 67 52 R.
384 2682 1996 132 Toulouse.
635 2758 119 56 San

787 2757 275 70 Antonio,
1099 2759 158 67 Tex.,
1290 2758 123 55 The
1447 2757 223 69 Naylor
1706 2775 302 51 company,
2045 2761 150 51 1936.

453 2830 105 47 xiii,
593 2830 88 41 166
714 2842 44 37 p.
818 2830 152 41 front,
998 2828 163 51 (map)
1202 2829 173 50 plates,
1410 2831 165 48 ports.,
1609 2830 156 48 plans.
1825 2831 149 41 23½cm.

386 2887 54 55 ©
472 2892 102 42 Oct.
607 2890 71 52 31,
711 2889 116 42 1936;
888 2889 67 43 2c.
988 2890 119 41 Nov.
1141 2888 56 42 27;
1261 2889 81 42 aff.
1377 2890 112 41 Dec.
1522 2888 28 41 5;
1612 2889 42 41 A
1685 2887 178 43 101123;
1922 2889 187 49 Naylor
2140 2901 69 30 co.

467 2948 286 51 (36-37513)

381 3042 251 63 Turner,
662 3040 229 54 Walter
921 3040 222 63 James,
1176 3045 172 49 1889-

455 3119 206 66 Henry
689 3118 320 53 Airbubble
1038 3118 59 52 in
1126 3118 195 52 search
1349 3117 63 53 of
1441 3136 30 34 a
1498 3116 443 55 circumference
1967 3120 59 51 to
2053 3116 92 54 his
2170 3117 203 54 breath;

384 3197 172 68 being
586 3198 96 52 the
716 3198 204 52 second
950 3193 359 70 hemisphere
1342 3196 63 52 of
1437 3196 97 52 the
1564 3194 224 69 history
1820 3195 64 53 of
1913 3196 207 65 Henry
384 3196 1995 147 Airbubble,

516 3276 75 67 by
614 3277 92 54 W.
732 3276 55 54 J.
814 3277 241 52 Turner.
1131 3274 260 68 London,
1414 3276 56 53 J.
1495 3275 81 53 M.
1601 3276 155 52 Dent
1781 3277 45 50 &
1849 3291 148 49 sons,
2019 3273 106 56 ltd.
2175 3278 153 63 [1936]

456 3348 86 42 303
568 3359 43 38 p.
675 3348 56 40 19
734 3351 43 21 cm
784 3381 7 8 .

386 3401 2016 55 © 1c. Dec. 11, 1936; A ad int. 22176; pubd. Oct. 15; W. J. Turner,
455 3463 215 40 London.
732 3462 223 49 (37-433)

383 3556 269 65 Warner,
681 3555 218 56 Oliver.

455 3631 160 55 Hero
654 3632 66 53 of
757 3633 96 53 the
891 3630 373 68 restoration;
1306 3649 26 34 a
1375 3630 107 54 life
1520 3630 64 54 of
1625 3629 245 56 General
1910 3628 223 70 George
2171 3628 231 68 Monck,

387 3705 1825 72 1st duke of Albemarle, K . G ., by Oliver Warner; with 16
385 3705 1991 137 illustrations.
722 3787 261 67 London,
1015 3787 286 68 Jarrolds,
1333 3786 225 54 limited
1616 3788 151 66 [1936]

454 3859 87 41 288
568 3870 44 37 p.
673 3859 165 50 front.,
869 3861 150 47 ports.
1079 3859 57 39 22
1138 3861 45 22 cm
1189 3892 8 8 .

455 3916 173 41 “Some
658 3915 324 42 authorities”;
1043 3927 44 38 p.
1116 3916 218 41 279-282.

385 3972 2014 54 © 1c. Dec. 10, 1936; A ad int. 22163; pubd. Oct. 15; O. Warner, London.
466 4032 225 51 (37-406)
