<alto xmlns="http://www.loc.gov/standards/alto/ns-v3#" xmlns:xlink="http://www.w3.org/1999/xlink" xmlns:xsi="http://www.w3.org/2001/XMLSchema-instance" xsi:schemaLocation="http://www.loc.gov/standards/alto/ns-v3# http://www.loc.gov/alto/v3/alto-3-0.xsd"><Description>
<MeasurementUnit>pixel</MeasurementUnit>
<sourceImageInformation>
<fileName>1936_v33_Part1.pdf</fileName>
</sourceImageInformation>
<OCRProcessing ID="IdOcr">
<ocrProcessingStep>
<processingDateTime>2019-01-18</processingDateTime>
<processingSoftware>
<softwareCreator>ABBYY</softwareCreator>
<softwareName>ABBYY Recognition Server</softwareName>
<softwareVersion>4.0</softwareVersion>
</processingSoftware>
</ocrProcessingStep>
</OCRProcessing>
</Description>
<Styles>
<ParagraphStyle ID="StyleId-FFFFFFFF-FFFF-FFFF-FFFF-FFFFFFFFFFFF-" ALIGN="Left" LEFT="0." RIGHT="0." FIRSTLINE="0."/>
<ParagraphStyle ID="StyleId-51D50FAC-7A90-4D70-8A96-5EA9D46D1C8B-" ALIGN="Left" LEFT="0." RIGHT="0." FIRSTLINE="0." LINESPACE="7.699999809"/>
<ParagraphStyle ID="StyleId-6BC133E9-7DCB-43C3-8842-A67984A26405-" ALIGN="Block" LEFT="0." RIGHT="0." FIRSTLINE="-17." LINESPACE="8.340000153"/>
<ParagraphStyle ID="StyleId-3C3FF860-43E7-46A2-8934-48F305F6F0D6-" ALIGN="Left" LEFT="0." RIGHT="0." FIRSTLINE="-13." LINESPACE="11.06999969"/>
<ParagraphStyle ID="StyleId-19220C76-4F8A-4737-B38C-B5F5C17E6040-" ALIGN="Block" LEFT="0." RIGHT="0." FIRSTLINE="-13." LINESPACE="11.06999969"/>
<ParagraphStyle ID="StyleId-75A0D721-13ED-4F20-9002-B389EC48477D-" ALIGN="Left" LEFT="0." RIGHT="0." FIRSTLINE="0." LINESPACE="15.5"/>
<ParagraphStyle ID="StyleId-8A414184-C7A5-4AC7-9B88-7DA4DDE75922-" ALIGN="Left" LEFT="0." RIGHT="0." FIRSTLINE="0." LINESPACE="9.399999619"/>
<ParagraphStyle ID="StyleId-1A87970B-111C-4169-99A6-9412976F3C97-" ALIGN="Left" LEFT="0." RIGHT="0." FIRSTLINE="0." LINESPACE="10.5"/>
<ParagraphStyle ID="StyleId-72DB0571-5AE4-41FD-9E11-68C6AC4C437E-" ALIGN="Block" LEFT="0." RIGHT="0." FIRSTLINE="-17." LINESPACE="8.340000153"/>
<ParagraphStyle ID="StyleId-1AA43056-C388-4697-B10F-72FDAA38FAE1-" ALIGN="Center" LEFT="0." RIGHT="0." FIRSTLINE="0." LINESPACE="10.5"/>
</Styles>
<Layout>
<Page ID="Page96" PHYSICAL_IMG_NR="96" HEIGHT="4377" WIDTH="2519">
<TopMargin HEIGHT="392" WIDTH="2519" VPOS="0" HPOS="0">
</TopMargin>
<LeftMargin HEIGHT="3740" WIDTH="394" VPOS="392" HPOS="0">
</LeftMargin>
<RightMargin HEIGHT="3740" WIDTH="81" VPOS="392" HPOS="2438">
</RightMargin>
<BottomMargin HEIGHT="245" WIDTH="2519" VPOS="4132" HPOS="0">
</BottomMargin>
<PrintSpace HEIGHT="3740" WIDTH="2044" VPOS="392" HPOS="394">
<TextBlock ID="Page96_Block1" HEIGHT="68" WIDTH="86" VPOS="4064" HPOS="1368" LANG="en-US" STYLEREFS="StyleId-48D994DB-B619-4083-A49C-2C6F9E534569-">
<TextLine HEIGHT="49" WIDTH="64" VPOS="4073" HPOS="1379">
<String CONTENT="96" HEIGHT="49" WIDTH="64" VPOS="4073" HPOS="1379"/>
</TextLine>
</TextBlock>
<TextBlock ID="Page96_Block2" HEIGHT="3674" WIDTH="2044" VPOS="392" HPOS="394" LANG="en-US" CS="1" STYLEREFS="StyleId-638E5FEC-99D9-41F8-AF8F-5338EE240551-">
<TextLine HEIGHT="72" WIDTH="1949" VPOS="402" HPOS="471" STYLEREFS="StyleId-C7A68DDB-C343-4ED7-B8CB-B33633228456-" CS="1">
<String CS="1" CONTENT="&#8230;"/>
<SP HEIGHT="53" WIDTH="33" VPOS="407" HPOS="471"/>
<String LANG="de" CONTENT="Indiana" HEIGHT="55" WIDTH="251" VPOS="405" HPOS="505"/>
<SP HEIGHT="51" WIDTH="27" VPOS="423" HPOS="757"/>
<String CONTENT="poets" HEIGHT="64" WIDTH="160" VPOS="410" HPOS="785"/>
<SP HEIGHT="48" WIDTH="15" VPOS="424" HPOS="946"/>
<String LANG="de" CONTENT=";" HEIGHT="48" WIDTH="11" VPOS="424" HPOS="962"/>
<SP HEIGHT="68" WIDTH="33" VPOS="404" HPOS="974"/>
<String CONTENT="foreword" HEIGHT="54" WIDTH="289" VPOS="404" HPOS="1008"/>
<SP HEIGHT="53" WIDTH="28" VPOS="404" HPOS="1298"/>
<String CONTENT="by" HEIGHT="67" WIDTH="74" VPOS="405" HPOS="1327"/>
<SP HEIGHT="66" WIDTH="29" VPOS="406" HPOS="1402"/>
<String CONTENT="E." HEIGHT="53" WIDTH="67" VPOS="406" HPOS="1432"/>
<SP HEIGHT="53" WIDTH="29" VPOS="406" HPOS="1500"/>
<String CONTENT="Merrill" HEIGHT="55" WIDTH="226" VPOS="403" HPOS="1530"/>
<SP HEIGHT="53" WIDTH="30" VPOS="405" HPOS="1757"/>
<String CONTENT="Root" HEIGHT="52" WIDTH="149" VPOS="406" HPOS="1788"/>
<SP HEIGHT="59" WIDTH="16" VPOS="411" HPOS="1938"/>
<String CONTENT=";" HEIGHT="48" WIDTH="11" VPOS="422" HPOS="1955"/>
<SP HEIGHT="48" WIDTH="32" VPOS="422" HPOS="1967"/>
<String CONTENT="edited" HEIGHT="54" WIDTH="191" VPOS="402" HPOS="2000"/>
<SP HEIGHT="53" WIDTH="26" VPOS="402" HPOS="2192"/>
<String CONTENT="by" HEIGHT="67" WIDTH="77" VPOS="403" HPOS="2219"/>
<SP HEIGHT="63" WIDTH="26" VPOS="407" HPOS="2297"/>
<String CONTENT="the" HEIGHT="52" WIDTH="96" VPOS="402" HPOS="2324"/>
</TextLine>
<TextLine HEIGHT="72" WIDTH="1838" VPOS="480" HPOS="478" STYLEREFS="StyleId-C7A68DDB-C343-4ED7-B8CB-B33633228456-" CS="1">
<String CONTENT="house" HEIGHT="54" WIDTH="174" VPOS="483" HPOS="478"/>
<SP HEIGHT="36" WIDTH="33" VPOS="501" HPOS="653"/>
<String CONTENT="of" HEIGHT="53" WIDTH="64" VPOS="484" HPOS="687"/>
<SP HEIGHT="54" WIDTH="32" VPOS="482" HPOS="752"/>
<String CONTENT="Henry" HEIGHT="70" WIDTH="205" VPOS="482" HPOS="785"/>
<SP HEIGHT="70" WIDTH="30" VPOS="482" HPOS="991"/>
<String CONTENT="Harrison," HEIGHT="68" WIDTH="305" VPOS="481" HPOS="1022"/>
<SP HEIGHT="50" WIDTH="32" VPOS="500" HPOS="1328"/>
<String CONTENT="publisher." HEIGHT="68" WIDTH="311" VPOS="482" HPOS="1361"/>
<SP HEIGHT="54" WIDTH="67" VPOS="482" HPOS="1673"/>
<String CONTENT="New" HEIGHT="53" WIDTH="141" VPOS="482" HPOS="1741"/>
<SP HEIGHT="55" WIDTH="33" VPOS="480" HPOS="1883"/>
<String CONTENT="York" HEIGHT="53" WIDTH="164" VPOS="480" HPOS="1917"/>
<SP HEIGHT="66" WIDTH="38" VPOS="480" HPOS="2082"/>
<String CS="1" CONTENT="["/>
<String STYLE="superscript" CONTENT="c" HEIGHT="21" WIDTH="18" VPOS="486" HPOS="2139"/>
<String CONTENT="1935]" HEIGHT="64" WIDTH="154" VPOS="482" HPOS="2162"/>
</TextLine>
<TextLine HEIGHT="52" WIDTH="364" VPOS="568" HPOS="482" CS="1">
<String CONTENT="160" HEIGHT="41" WIDTH="83" VPOS="570" HPOS="482"/>
<SP HEIGHT="50" WIDTH="25" VPOS="570" HPOS="566"/>
<String CONTENT="p." HEIGHT="39" WIDTH="44" VPOS="581" HPOS="592"/>
<SP HEIGHT="40" WIDTH="60" VPOS="568" HPOS="637"/>
<String CS="1" CONTENT="22&#189;cm." HEIGHT="41" WIDTH="148" VPOS="568" HPOS="698"/>
</TextLine>
<TextLine HEIGHT="52" WIDTH="1458" VPOS="639" HPOS="482">
<String CONTENT="At" HEIGHT="40" WIDTH="62" VPOS="642" HPOS="482"/>
<SP HEIGHT="40" WIDTH="27" VPOS="642" HPOS="545"/>
<String CONTENT="head" HEIGHT="40" WIDTH="126" VPOS="642" HPOS="573"/>
<SP HEIGHT="40" WIDTH="30" VPOS="642" HPOS="700"/>
<String CONTENT="of" HEIGHT="42" WIDTH="52" VPOS="640" HPOS="731"/>
<SP HEIGHT="41" WIDTH="25" VPOS="640" HPOS="784"/>
<String CONTENT="title" HEIGHT="41" WIDTH="110" VPOS="640" HPOS="810"/>
<SP HEIGHT="30" WIDTH="16" VPOS="651" HPOS="921"/>
<String CONTENT=":" HEIGHT="29" WIDTH="9" VPOS="652" HPOS="938"/>
<SP HEIGHT="41" WIDTH="32" VPOS="640" HPOS="948"/>
<String CONTENT="An" HEIGHT="40" WIDTH="75" VPOS="640" HPOS="981"/>
<SP HEIGHT="30" WIDTH="28" VPOS="651" HPOS="1057"/>
<String CONTENT="anthology" HEIGHT="50" WIDTH="263" VPOS="639" HPOS="1086"/>
<SP HEIGHT="37" WIDTH="31" VPOS="651" HPOS="1350"/>
<String CONTENT="of" HEIGHT="41" WIDTH="52" VPOS="640" HPOS="1382"/>
<SP HEIGHT="40" WIDTH="25" VPOS="640" HPOS="1435"/>
<String CONTENT="48" HEIGHT="41" WIDTH="58" VPOS="640" HPOS="1461"/>
<SP HEIGHT="41" WIDTH="28" VPOS="640" HPOS="1520"/>
<String CONTENT="living" HEIGHT="50" WIDTH="155" VPOS="641" HPOS="1549"/>
<SP HEIGHT="39" WIDTH="25" VPOS="652" HPOS="1705"/>
<String CONTENT="writers." HEIGHT="41" WIDTH="209" VPOS="640" HPOS="1731"/>
</TextLine>
<TextLine HEIGHT="110" WIDTH="1999" VPOS="708" HPOS="406" CS="1">
<String CONTENT="&#169;" HEIGHT="53" WIDTH="53" VPOS="709" HPOS="406"/>
<SP HEIGHT="53" WIDTH="26" VPOS="709" HPOS="460"/>
<String CONTENT="Dec." HEIGHT="39" WIDTH="112" VPOS="715" HPOS="487"/>
<SP HEIGHT="40" WIDTH="24" VPOS="714" HPOS="600"/>
<String CONTENT="31," HEIGHT="48" WIDTH="71" VPOS="714" HPOS="625"/>
<SP HEIGHT="48" WIDTH="28" VPOS="714" HPOS="697"/>
<String CONTENT="1935;" HEIGHT="48" WIDTH="141" VPOS="712" HPOS="726"/>
<SP HEIGHT="47" WIDTH="30" VPOS="713" HPOS="868"/>
<String CONTENT="2c." HEIGHT="40" WIDTH="67" VPOS="713" HPOS="899"/>
<SP HEIGHT="41" WIDTH="28" VPOS="712" HPOS="967"/>
<String CONTENT="Jan." HEIGHT="40" WIDTH="111" VPOS="712" HPOS="996"/>
<SP HEIGHT="40" WIDTH="28" VPOS="711" HPOS="1108"/>
<String CONTENT="22," HEIGHT="48" WIDTH="71" VPOS="711" HPOS="1137"/>
<SP HEIGHT="47" WIDTH="27" VPOS="712" HPOS="1209"/>
<String CONTENT="1936;" HEIGHT="49" WIDTH="140" VPOS="710" HPOS="1237"/>
<SP HEIGHT="37" WIDTH="32" VPOS="722" HPOS="1378"/>
<String CONTENT="aff." HEIGHT="40" WIDTH="82" VPOS="712" HPOS="1411"/>
<SP HEIGHT="40" WIDTH="28" VPOS="712" HPOS="1494"/>
<String CONTENT="Jan." HEIGHT="40" WIDTH="110" VPOS="712" HPOS="1523"/>
<SP HEIGHT="40" WIDTH="27" VPOS="712" HPOS="1634"/>
<String CONTENT="23;" HEIGHT="46" WIDTH="83" VPOS="712" HPOS="1662"/>
<SP HEIGHT="46" WIDTH="31" VPOS="712" HPOS="1746"/>
<!-- cceid 94B3039E-6E3A-1014-83DD-942C093A1DD9 --><String CONTENT="A" HEIGHT="39" WIDTH="40" VPOS="712" HPOS="1778"/>
<SP HEIGHT="40" WIDTH="29" VPOS="711" HPOS="1819"/>
<String CONTENT="90652;" HEIGHT="48" WIDTH="171" VPOS="709" HPOS="1849"/>
<SP HEIGHT="47" WIDTH="32" VPOS="710" HPOS="2021"/>
<String CONTENT="Henry" HEIGHT="48" WIDTH="168" VPOS="710" HPOS="2054"/>
<SP HEIGHT="48" WIDTH="29" VPOS="710" HPOS="2223"/>
<String CONTENT="Harrison," HEIGHT="110" WIDTH="1928" VPOS="708" HPOS="477"/>
<SP HEIGHT="46" WIDTH="28" VPOS="772" HPOS="577"/>
<String CONTENT="New" HEIGHT="39" WIDTH="120" VPOS="772" HPOS="606"/>
<SP HEIGHT="39" WIDTH="24" VPOS="772" HPOS="727"/>
<String CONTENT="York." HEIGHT="40" WIDTH="145" VPOS="771" HPOS="752"/>
<SP HEIGHT="49" WIDTH="65" VPOS="768" HPOS="898"/>
<String CONTENT="(36-4318)" HEIGHT="49" WIDTH="253" VPOS="768" HPOS="964"/>
</TextLine>
<TextLine HEIGHT="72" WIDTH="1910" VPOS="870" HPOS="472" STYLEREFS="StyleId-C7A68DDB-C343-4ED7-B8CB-B33633228456-" CS="1">
<String CS="1" CONTENT="&#8230;"/>
<SP HEIGHT="53" WIDTH="35" VPOS="875" HPOS="472"/>
<String CONTENT="Iowa" HEIGHT="53" WIDTH="158" VPOS="875" HPOS="508"/>
<SP HEIGHT="51" WIDTH="30" VPOS="891" HPOS="667"/>
<String CONTENT="poets;" HEIGHT="63" WIDTH="189" VPOS="879" HPOS="698"/>
<SP HEIGHT="68" WIDTH="34" VPOS="873" HPOS="888"/>
<String CONTENT="frontispiece" HEIGHT="70" WIDTH="373" VPOS="870" HPOS="923"/>
<SP HEIGHT="53" WIDTH="31" VPOS="873" HPOS="1297"/>
<String CONTENT="by" HEIGHT="67" WIDTH="73" VPOS="873" HPOS="1329"/>
<SP HEIGHT="67" WIDTH="33" VPOS="873" HPOS="1403"/>
<String CONTENT="Grant" HEIGHT="55" WIDTH="190" VPOS="873" HPOS="1437"/>
<SP HEIGHT="53" WIDTH="27" VPOS="874" HPOS="1628"/>
<String CONTENT="Wood;" HEIGHT="66" WIDTH="216" VPOS="873" HPOS="1656"/>
<SP HEIGHT="65" WIDTH="34" VPOS="874" HPOS="1873"/>
<String CONTENT="literary" HEIGHT="68" WIDTH="241" VPOS="871" HPOS="1908"/>
<SP HEIGHT="49" WIDTH="29" VPOS="890" HPOS="2150"/>
<String CONTENT="map" HEIGHT="49" WIDTH="134" VPOS="889" HPOS="2180"/>
<SP HEIGHT="68" WIDTH="31" VPOS="870" HPOS="2315"/>
<String CS="1" CONTENT="by" HEIGHT="53" WIDTH="35" VPOS="870" HPOS="2347"/>
</TextLine>
<TextLine HEIGHT="151" WIDTH="1919" VPOS="947" HPOS="479" STYLEREFS="StyleId-C7A68DDB-C343-4ED7-B8CB-B33633228456-" CS="1">
<String CONTENT="Harriet" HEIGHT="56" WIDTH="242" VPOS="950" HPOS="482"/>
<SP HEIGHT="56" WIDTH="23" VPOS="950" HPOS="725"/>
<String CONTENT="Macy" HEIGHT="71" WIDTH="172" VPOS="950" HPOS="749"/>
<SP HEIGHT="52" WIDTH="15" VPOS="969" HPOS="922"/>
<String CONTENT=";" HEIGHT="49" WIDTH="11" VPOS="969" HPOS="938"/>
<SP HEIGHT="49" WIDTH="29" VPOS="969" HPOS="950"/>
<String CONTENT="edited" HEIGHT="56" WIDTH="191" VPOS="949" HPOS="980"/>
<SP HEIGHT="55" WIDTH="24" VPOS="949" HPOS="1172"/>
<String CONTENT="by" HEIGHT="70" WIDTH="76" VPOS="949" HPOS="1197"/>
<SP HEIGHT="65" WIDTH="26" VPOS="954" HPOS="1274"/>
<String CONTENT="the" HEIGHT="56" WIDTH="97" VPOS="949" HPOS="1301"/>
<SP HEIGHT="54" WIDTH="24" VPOS="951" HPOS="1399"/>
<String CONTENT="house" HEIGHT="54" WIDTH="174" VPOS="951" HPOS="1424"/>
<SP HEIGHT="34" WIDTH="25" VPOS="971" HPOS="1599"/>
<String CONTENT="of" HEIGHT="55" WIDTH="64" VPOS="950" HPOS="1625"/>
<SP HEIGHT="54" WIDTH="24" VPOS="950" HPOS="1690"/>
<String CONTENT="Henry" HEIGHT="68" WIDTH="204" VPOS="950" HPOS="1715"/>
<SP HEIGHT="71" WIDTH="27" VPOS="947" HPOS="1920"/>
<String CONTENT="Harrison," HEIGHT="70" WIDTH="304" VPOS="947" HPOS="1948"/>
<SP HEIGHT="52" WIDTH="28" VPOS="966" HPOS="2253"/>
<String CONTENT="publisher." HEIGHT="136" WIDTH="1919" VPOS="948" HPOS="479"/>
<SP HEIGHT="54" WIDTH="65" VPOS="1030" HPOS="672"/>
<String CONTENT="New" HEIGHT="53" WIDTH="142" VPOS="1030" HPOS="738"/>
<SP HEIGHT="54" WIDTH="27" VPOS="1029" HPOS="881"/>
<String CONTENT="York" HEIGHT="54" WIDTH="166" VPOS="1029" HPOS="909"/>
<SP HEIGHT="69" WIDTH="30" VPOS="1029" HPOS="1076"/>
<String CS="1" CONTENT="["/>
<String STYLE="superscript" CS="1" CONTENT="c"/>
<String CONTENT="1935]" HEIGHT="65" WIDTH="154" VPOS="1032" HPOS="1148"/>
</TextLine>
<TextLine HEIGHT="51" WIDTH="696" VPOS="1115" HPOS="479" CS="1">
<String CONTENT="221" HEIGHT="41" WIDTH="87" VPOS="1117" HPOS="479"/>
<SP HEIGHT="48" WIDTH="27" VPOS="1118" HPOS="567"/>
<String CONTENT="p." HEIGHT="38" WIDTH="44" VPOS="1128" HPOS="595"/>
<SP HEIGHT="41" WIDTH="32" VPOS="1117" HPOS="640"/>
<String CONTENT="incl." HEIGHT="40" WIDTH="111" VPOS="1117" HPOS="673"/>
<SP HEIGHT="42" WIDTH="30" VPOS="1115" HPOS="785"/>
<String CONTENT="front." HEIGHT="42" WIDTH="152" VPOS="1115" HPOS="816"/>
<SP HEIGHT="42" WIDTH="57" VPOS="1115" HPOS="969"/>
<String CS="1" CONTENT="22&#189;cm." HEIGHT="50" WIDTH="148" VPOS="1115" HPOS="1027"/>
</TextLine>
<TextLine HEIGHT="50" WIDTH="1943" VPOS="1185" HPOS="480">
<String CONTENT="At" HEIGHT="42" WIDTH="64" VPOS="1186" HPOS="480"/>
<SP HEIGHT="41" WIDTH="33" VPOS="1187" HPOS="545"/>
<String CONTENT="head" HEIGHT="41" WIDTH="127" VPOS="1187" HPOS="579"/>
<SP HEIGHT="39" WIDTH="35" VPOS="1188" HPOS="707"/>
<String CONTENT="of" HEIGHT="40" WIDTH="51" VPOS="1187" HPOS="743"/>
<SP HEIGHT="40" WIDTH="33" VPOS="1187" HPOS="795"/>
<String CONTENT="title" HEIGHT="41" WIDTH="110" VPOS="1187" HPOS="829"/>
<SP HEIGHT="30" WIDTH="16" VPOS="1198" HPOS="940"/>
<String CONTENT=":" HEIGHT="28" WIDTH="8" VPOS="1198" HPOS="957"/>
<SP HEIGHT="39" WIDTH="39" VPOS="1187" HPOS="966"/>
<String CONTENT="An" HEIGHT="39" WIDTH="74" VPOS="1187" HPOS="1006"/>
<SP HEIGHT="30" WIDTH="36" VPOS="1196" HPOS="1081"/>
<String CONTENT="anthology" HEIGHT="49" WIDTH="264" VPOS="1186" HPOS="1118"/>
<SP HEIGHT="37" WIDTH="36" VPOS="1198" HPOS="1383"/>
<String CONTENT="of" HEIGHT="40" WIDTH="51" VPOS="1187" HPOS="1420"/>
<SP HEIGHT="40" WIDTH="36" VPOS="1187" HPOS="1472"/>
<String CONTENT="69" HEIGHT="41" WIDTH="57" VPOS="1186" HPOS="1509"/>
<SP HEIGHT="41" WIDTH="33" VPOS="1186" HPOS="1567"/>
<String CONTENT="contemporaries" HEIGHT="49" WIDTH="414" VPOS="1186" HPOS="1601"/>
<SP HEIGHT="36" WIDTH="15" VPOS="1196" HPOS="2016"/>
<String CONTENT=";" HEIGHT="36" WIDTH="9" VPOS="1196" HPOS="2032"/>
<SP HEIGHT="47" WIDTH="38" VPOS="1185" HPOS="2042"/>
<String CONTENT="foreword" HEIGHT="42" WIDTH="243" VPOS="1185" HPOS="2081"/>
<SP HEIGHT="40" WIDTH="37" VPOS="1186" HPOS="2325"/>
<String CONTENT="by" HEIGHT="47" WIDTH="60" VPOS="1187" HPOS="2363"/>
</TextLine>
<TextLine HEIGHT="51" WIDTH="462" VPOS="1243" HPOS="409">
<String CONTENT="Jay" HEIGHT="50" WIDTH="96" VPOS="1243" HPOS="409"/>
<SP HEIGHT="48" WIDTH="28" VPOS="1245" HPOS="506"/>
<String CONTENT="G." HEIGHT="41" WIDTH="54" VPOS="1245" HPOS="535"/>
<SP HEIGHT="42" WIDTH="30" VPOS="1244" HPOS="590"/>
<String CONTENT="Sigmund." HEIGHT="50" WIDTH="250" VPOS="1244" HPOS="621"/>
</TextLine>
<TextLine HEIGHT="51" WIDTH="1145" VPOS="1301" HPOS="483">
<String CONTENT="&#8220;Literary" HEIGHT="50" WIDTH="257" VPOS="1301" HPOS="483"/>
<SP HEIGHT="38" WIDTH="23" VPOS="1313" HPOS="741"/>
<String CONTENT="map" HEIGHT="40" WIDTH="114" VPOS="1312" HPOS="765"/>
<SP HEIGHT="39" WIDTH="25" VPOS="1313" HPOS="880"/>
<String CONTENT="of" HEIGHT="41" WIDTH="53" VPOS="1302" HPOS="906"/>
<SP HEIGHT="40" WIDTH="24" VPOS="1302" HPOS="960"/>
<String CONTENT="Iowa&#8221;" HEIGHT="42" WIDTH="164" VPOS="1301" HPOS="985"/>
<SP HEIGHT="41" WIDTH="26" VPOS="1301" HPOS="1150"/>
<String CONTENT="on" HEIGHT="31" WIDTH="61" VPOS="1311" HPOS="1177"/>
<SP HEIGHT="40" WIDTH="25" VPOS="1302" HPOS="1239"/>
<String CONTENT="lining-papers." HEIGHT="49" WIDTH="363" VPOS="1302" HPOS="1265"/>
</TextLine>
<TextLine HEIGHT="109" WIDTH="2001" VPOS="1371" HPOS="406" CS="1">
<String CONTENT="&#169;" HEIGHT="53" WIDTH="53" VPOS="1371" HPOS="406"/>
<SP HEIGHT="53" WIDTH="26" VPOS="1371" HPOS="460"/>
<String CONTENT="Dec." HEIGHT="39" WIDTH="112" VPOS="1376" HPOS="487"/>
<SP HEIGHT="40" WIDTH="28" VPOS="1375" HPOS="600"/>
<String CONTENT="15," HEIGHT="48" WIDTH="70" VPOS="1375" HPOS="629"/>
<SP HEIGHT="47" WIDTH="28" VPOS="1376" HPOS="700"/>
<String CONTENT="1935;" HEIGHT="47" WIDTH="141" VPOS="1374" HPOS="729"/>
<SP HEIGHT="48" WIDTH="29" VPOS="1373" HPOS="871"/>
<String CONTENT="2c." HEIGHT="41" WIDTH="67" VPOS="1373" HPOS="901"/>
<SP HEIGHT="39" WIDTH="29" VPOS="1375" HPOS="969"/>
<String CONTENT="Jan." HEIGHT="39" WIDTH="110" VPOS="1375" HPOS="999"/>
<SP HEIGHT="41" WIDTH="28" VPOS="1373" HPOS="1110"/>
<String CONTENT="22," HEIGHT="49" WIDTH="70" VPOS="1373" HPOS="1139"/>
<SP HEIGHT="48" WIDTH="27" VPOS="1374" HPOS="1210"/>
<String CONTENT="1936;" HEIGHT="48" WIDTH="140" VPOS="1373" HPOS="1238"/>
<SP HEIGHT="36" WIDTH="32" VPOS="1385" HPOS="1379"/>
<String CONTENT="aff." HEIGHT="41" WIDTH="81" VPOS="1374" HPOS="1412"/>
<SP HEIGHT="40" WIDTH="31" VPOS="1375" HPOS="1494"/>
<String CONTENT="Jan." HEIGHT="39" WIDTH="107" VPOS="1375" HPOS="1526"/>
<SP HEIGHT="39" WIDTH="30" VPOS="1374" HPOS="1634"/>
<String CONTENT="23;" HEIGHT="46" WIDTH="83" VPOS="1374" HPOS="1665"/>
<SP HEIGHT="46" WIDTH="31" VPOS="1374" HPOS="1749"/>
<!-- cceid 94B3C1ED-6E3A-1014-83DD-942C093A1DD9 --><String CONTENT="A" HEIGHT="38" WIDTH="40" VPOS="1374" HPOS="1781"/>
<SP HEIGHT="40" WIDTH="25" VPOS="1373" HPOS="1822"/>
<String CONTENT="90656;" HEIGHT="48" WIDTH="173" VPOS="1372" HPOS="1848"/>
<SP HEIGHT="46" WIDTH="32" VPOS="1374" HPOS="2022"/>
<String CONTENT="Henry" HEIGHT="46" WIDTH="168" VPOS="1374" HPOS="2055"/>
<SP HEIGHT="47" WIDTH="29" VPOS="1373" HPOS="2224"/>
<String CONTENT="Harrison," HEIGHT="108" WIDTH="1928" VPOS="1372" HPOS="479"/>
<SP HEIGHT="47" WIDTH="23" VPOS="1433" HPOS="580"/>
<String CONTENT="New" HEIGHT="39" WIDTH="118" VPOS="1433" HPOS="604"/>
<SP HEIGHT="38" WIDTH="23" VPOS="1433" HPOS="723"/>
<String CONTENT="York." HEIGHT="38" WIDTH="145" VPOS="1433" HPOS="747"/>
<SP HEIGHT="48" WIDTH="62" VPOS="1431" HPOS="893"/>
<String CONTENT="(36-4326)" HEIGHT="48" WIDTH="254" VPOS="1431" HPOS="956"/>
</TextLine>
<TextLine HEIGHT="67" WIDTH="711" VPOS="1534" HPOS="408" STYLEREFS="StyleId-C7A68DDB-C343-4ED7-B8CB-B33633228456-">
<String CONTENT="Irwin," HEIGHT="66" WIDTH="199" VPOS="1534" HPOS="408"/>
<SP HEIGHT="64" WIDTH="27" VPOS="1536" HPOS="608"/>
<String CONTENT="Wallace," HEIGHT="67" WIDTH="276" VPOS="1534" HPOS="636"/>
<SP HEIGHT="61" WIDTH="31" VPOS="1540" HPOS="913"/>
<String CONTENT="1876-" HEIGHT="55" WIDTH="174" VPOS="1536" HPOS="945"/>
</TextLine>
<TextLine HEIGHT="72" WIDTH="1941" VPOS="1624" HPOS="481" STYLEREFS="StyleId-C7A68DDB-C343-4ED7-B8CB-B33633228456-">
<String CONTENT="Young" HEIGHT="69" WIDTH="214" VPOS="1627" HPOS="481"/>
<SP HEIGHT="52" WIDTH="41" VPOS="1644" HPOS="696"/>
<String CONTENT="wife," HEIGHT="70" WIDTH="154" VPOS="1624" HPOS="738"/>
<SP HEIGHT="69" WIDTH="42" VPOS="1625" HPOS="893"/>
<String CONTENT="by" HEIGHT="70" WIDTH="76" VPOS="1625" HPOS="936"/>
<SP HEIGHT="70" WIDTH="40" VPOS="1625" HPOS="1013"/>
<String CONTENT="Wallace" HEIGHT="55" WIDTH="257" VPOS="1625" HPOS="1054"/>
<SP HEIGHT="53" WIDTH="38" VPOS="1625" HPOS="1312"/>
<String CONTENT="Irwin." HEIGHT="54" WIDTH="200" VPOS="1625" HPOS="1351"/>
<SP HEIGHT="54" WIDTH="79" VPOS="1625" HPOS="1552"/>
<String CONTENT="New" HEIGHT="53" WIDTH="141" VPOS="1625" HPOS="1632"/>
<SP HEIGHT="54" WIDTH="42" VPOS="1624" HPOS="1774"/>
<String CONTENT="York," HEIGHT="69" WIDTH="182" VPOS="1624" HPOS="1817"/>
<SP HEIGHT="69" WIDTH="42" VPOS="1624" HPOS="2000"/>
<String CONTENT="London," HEIGHT="71" WIDTH="262" VPOS="1624" HPOS="2043"/>
<SP HEIGHT="70" WIDTH="41" VPOS="1625" HPOS="2306"/>
<String CONTENT="D." HEIGHT="53" WIDTH="74" VPOS="1625" HPOS="2348"/>
</TextLine>
<TextLine HEIGHT="70" WIDTH="1548" VPOS="1703" HPOS="406" STYLEREFS="StyleId-C7A68DDB-C343-4ED7-B8CB-B33633228456-">
<String CONTENT="Appleton-Century" HEIGHT="70" WIDTH="586" VPOS="1703" HPOS="406"/>
<SP HEIGHT="51" WIDTH="26" VPOS="1722" HPOS="993"/>
<String CONTENT="company," HEIGHT="52" WIDTH="300" VPOS="1721" HPOS="1020"/>
<SP HEIGHT="69" WIDTH="27" VPOS="1704" HPOS="1321"/>
<String CONTENT="incorporated," HEIGHT="68" WIDTH="421" VPOS="1704" HPOS="1349"/>
<SP HEIGHT="65" WIDTH="30" VPOS="1707" HPOS="1771"/>
<String CONTENT="1936." HEIGHT="51" WIDTH="152" VPOS="1706" HPOS="1802"/>
</TextLine>
<TextLine HEIGHT="51" WIDTH="537" VPOS="1789" HPOS="477" CS="1">
<String CONTENT="3" HEIGHT="41" WIDTH="26" VPOS="1791" HPOS="477"/>
<SP/>
<String CONTENT="p." HEIGHT="38" WIDTH="44" VPOS="1802" HPOS="531"/>
<SP HEIGHT="40" WIDTH="28" VPOS="1793" HPOS="576"/>
<String CS="1" CONTENT="l.," HEIGHT="17" WIDTH="8" VPOS="1822" HPOS="640"/>
<SP HEIGHT="49" WIDTH="28" VPOS="1790" HPOS="649"/>
<String CONTENT="310" HEIGHT="42" WIDTH="89" VPOS="1789" HPOS="678"/>
<SP HEIGHT="49" WIDTH="22" VPOS="1789" HPOS="768"/>
<String CONTENT="p." HEIGHT="38" WIDTH="46" VPOS="1800" HPOS="791"/>
<SP HEIGHT="40" WIDTH="57" VPOS="1790" HPOS="838"/>
<String CS="1" CONTENT="20cm." HEIGHT="41" WIDTH="118" VPOS="1789" HPOS="896"/>
</TextLine>
<TextLine HEIGHT="50" WIDTH="1943" VPOS="1860" HPOS="479">
<String CONTENT="&#8220;This" HEIGHT="42" WIDTH="147" VPOS="1860" HPOS="479"/>
<SP HEIGHT="30" WIDTH="37" VPOS="1872" HPOS="627"/>
<String CONTENT="novel" HEIGHT="40" WIDTH="141" VPOS="1862" HPOS="665"/>
<SP HEIGHT="39" WIDTH="38" VPOS="1862" HPOS="807"/>
<String CONTENT="was" HEIGHT="30" WIDTH="103" VPOS="1871" HPOS="846"/>
<SP HEIGHT="38" WIDTH="34" VPOS="1871" HPOS="950"/>
<String CONTENT="published" HEIGHT="48" WIDTH="259" VPOS="1861" HPOS="985"/>
<SP HEIGHT="39" WIDTH="37" VPOS="1863" HPOS="1245"/>
<String CONTENT="serially" HEIGHT="49" WIDTH="199" VPOS="1861" HPOS="1283"/>
<SP HEIGHT="38" WIDTH="37" VPOS="1872" HPOS="1483"/>
<String CONTENT="under" HEIGHT="40" WIDTH="155" VPOS="1862" HPOS="1521"/>
<SP HEIGHT="38" WIDTH="34" VPOS="1864" HPOS="1677"/>
<String CONTENT="the" HEIGHT="40" WIDTH="84" VPOS="1862" HPOS="1712"/>
<SP HEIGHT="39" WIDTH="38" VPOS="1864" HPOS="1797"/>
<String CONTENT="title" HEIGHT="42" WIDTH="109" VPOS="1861" HPOS="1836"/>
<SP HEIGHT="31" WIDTH="16" VPOS="1872" HPOS="1946"/>
<String CONTENT=":" HEIGHT="30" WIDTH="11" VPOS="1872" HPOS="1963"/>
<SP HEIGHT="41" WIDTH="44" VPOS="1861" HPOS="1975"/>
<String CONTENT="She" HEIGHT="43" WIDTH="94" VPOS="1861" HPOS="2020"/>
<SP HEIGHT="32" WIDTH="38" VPOS="1872" HPOS="2115"/>
<String CONTENT="made" HEIGHT="40" WIDTH="141" VPOS="1864" HPOS="2154"/>
<SP HEIGHT="41" WIDTH="39" VPOS="1863" HPOS="2296"/>
<String CONTENT="her" HEIGHT="41" WIDTH="86" VPOS="1863" HPOS="2336"/>
</TextLine>
<TextLine HEIGHT="43" WIDTH="135" VPOS="1916" HPOS="405">
<String CONTENT="bed.&#8221;" HEIGHT="43" WIDTH="135" VPOS="1916" HPOS="405"/>
</TextLine>
<TextLine HEIGHT="53" WIDTH="2022" VPOS="1988" HPOS="406" CS="1">
<String CONTENT="&#169;" HEIGHT="53" WIDTH="52" VPOS="1988" HPOS="406"/>
<SP HEIGHT="53" WIDTH="36" VPOS="1988" HPOS="459"/>
<String CONTENT="Feb." HEIGHT="41" WIDTH="109" VPOS="1992" HPOS="496"/>
<SP HEIGHT="38" WIDTH="37" VPOS="1994" HPOS="606"/>
<String CONTENT="14," HEIGHT="46" WIDTH="70" VPOS="1994" HPOS="644"/>
<SP HEIGHT="45" WIDTH="33" VPOS="1995" HPOS="715"/>
<String CONTENT="1936" HEIGHT="41" WIDTH="119" VPOS="1992" HPOS="749"/>
<SP HEIGHT="43" WIDTH="13" VPOS="1993" HPOS="869"/>
<String CONTENT=";" HEIGHT="31" WIDTH="7" VPOS="2005" HPOS="883"/>
<SP HEIGHT="43" WIDTH="37" VPOS="1993" HPOS="891"/>
<String CONTENT="2c." HEIGHT="40" WIDTH="68" VPOS="1993" HPOS="929"/>
<SP HEIGHT="40" WIDTH="37" VPOS="1993" HPOS="998"/>
<String CONTENT="Feb." HEIGHT="40" WIDTH="111" VPOS="1993" HPOS="1036"/>
<SP HEIGHT="39" WIDTH="37" VPOS="1994" HPOS="1148"/>
<String CONTENT="17" HEIGHT="39" WIDTH="55" VPOS="1994" HPOS="1186"/>
<SP HEIGHT="42" WIDTH="16" VPOS="1994" HPOS="1242"/>
<String CONTENT=";" HEIGHT="31" WIDTH="8" VPOS="2005" HPOS="1259"/>
<SP HEIGHT="32" WIDTH="39" VPOS="2004" HPOS="1268"/>
<String CONTENT="aff." HEIGHT="40" WIDTH="81" VPOS="1993" HPOS="1308"/>
<SP HEIGHT="38" WIDTH="37" VPOS="1994" HPOS="1390"/>
<String CONTENT="Feb." HEIGHT="40" WIDTH="110" VPOS="1994" HPOS="1428"/>
<SP HEIGHT="39" WIDTH="37" VPOS="1995" HPOS="1539"/>
<String CS="1" CONTENT="18:" HEIGHT="30" WIDTH="8" VPOS="2005" HPOS="1651"/>
<SP HEIGHT="40" WIDTH="37" VPOS="1995" HPOS="1660"/>
<!-- cceid 94B48D8C-6E3A-1014-83DD-942C093A1DD9 --><String CONTENT="A" HEIGHT="38" WIDTH="42" VPOS="1995" HPOS="1698"/>
<SP HEIGHT="40" WIDTH="33" VPOS="1994" HPOS="1741"/>
<String CONTENT="90840" HEIGHT="41" WIDTH="149" VPOS="1994" HPOS="1775"/>
<SP HEIGHT="40" WIDTH="13" VPOS="1995" HPOS="1925"/>
<String CONTENT=":" HEIGHT="29" WIDTH="8" VPOS="2006" HPOS="1939"/>
<SP HEIGHT="39" WIDTH="40" VPOS="1996" HPOS="1948"/>
<String CONTENT="W." HEIGHT="39" WIDTH="72" VPOS="1996" HPOS="1989"/>
<SP HEIGHT="39" WIDTH="37" VPOS="1996" HPOS="2062"/>
<String CONTENT="Irwin," HEIGHT="46" WIDTH="164" VPOS="1995" HPOS="2100"/>
<SP HEIGHT="44" WIDTH="39" VPOS="1997" HPOS="2265"/>
<String CONTENT="East" HEIGHT="38" WIDTH="123" VPOS="1997" HPOS="2305"/>
</TextLine>
<TextLine HEIGHT="49" WIDTH="1091" VPOS="2050" HPOS="480">
<String CONTENT="Setauket," HEIGHT="48" WIDTH="250" VPOS="2050" HPOS="480"/>
<SP HEIGHT="47" WIDTH="24" VPOS="2051" HPOS="731"/>
<String CONTENT="Long" HEIGHT="48" WIDTH="137" VPOS="2051" HPOS="756"/>
<SP HEIGHT="47" WIDTH="19" VPOS="2052" HPOS="894"/>
<String CONTENT="Island," HEIGHT="47" WIDTH="183" VPOS="2051" HPOS="914"/>
<SP HEIGHT="47" WIDTH="22" VPOS="2051" HPOS="1098"/>
<String LANG="fi" CONTENT="N." HEIGHT="39" WIDTH="56" VPOS="2051" HPOS="1121"/>
<SP HEIGHT="39" WIDTH="23" VPOS="2051" HPOS="1178"/>
<String CONTENT="Y." HEIGHT="40" WIDTH="54" VPOS="2051" HPOS="1202"/>
<SP HEIGHT="48" WIDTH="61" VPOS="2050" HPOS="1257"/>
<String CONTENT="(36-4465)" HEIGHT="48" WIDTH="252" VPOS="2050" HPOS="1319"/>
</TextLine>
<TextLine HEIGHT="65" WIDTH="402" VPOS="2156" HPOS="409" STYLEREFS="StyleId-C7A68DDB-C343-4ED7-B8CB-B33633228456-">
<String CONTENT="James," HEIGHT="65" WIDTH="221" VPOS="2156" HPOS="409"/>
<SP HEIGHT="64" WIDTH="28" VPOS="2157" HPOS="631"/>
<String CONTENT="Dan." HEIGHT="56" WIDTH="151" VPOS="2157" HPOS="660"/>
</TextLine>
<TextLine HEIGHT="73" WIDTH="1946" VPOS="2245" HPOS="478" STYLEREFS="StyleId-C7A68DDB-C343-4ED7-B8CB-B33633228456-" CS="1">
<String CONTENT="Rustlers" HEIGHT="54" WIDTH="265" VPOS="2246" HPOS="478"/>
<SP HEIGHT="35" WIDTH="29" VPOS="2265" HPOS="744"/>
<String CONTENT="on" HEIGHT="35" WIDTH="74" VPOS="2265" HPOS="774"/>
<SP HEIGHT="49" WIDTH="27" VPOS="2251" HPOS="849"/>
<String CONTENT="the" HEIGHT="56" WIDTH="98" VPOS="2245" HPOS="877"/>
<SP HEIGHT="57" WIDTH="32" VPOS="2245" HPOS="976"/>
<String CONTENT="Smoky" HEIGHT="71" WIDTH="218" VPOS="2245" HPOS="1009"/>
<SP HEIGHT="65" WIDTH="29" VPOS="2251" HPOS="1228"/>
<String CONTENT="trail," HEIGHT="70" WIDTH="154" VPOS="2245" HPOS="1258"/>
<SP HEIGHT="69" WIDTH="28" VPOS="2246" HPOS="1413"/>
<String CONTENT="by" HEIGHT="70" WIDTH="75" VPOS="2246" HPOS="1442"/>
<SP HEIGHT="69" WIDTH="28" VPOS="2247" HPOS="1518"/>
<String CONTENT="Dan" HEIGHT="53" WIDTH="133" VPOS="2247" HPOS="1547"/>
<SP HEIGHT="54" WIDTH="27" VPOS="2247" HPOS="1681"/>
<String CONTENT="James" HEIGHT="54" WIDTH="195" VPOS="2247" HPOS="1709"/>
<SP HEIGHT="35" WIDTH="35" VPOS="2266" HPOS="1905"/>
<String CS="1" CONTENT="&#8230;"/>
<SP HEIGHT="54" WIDTH="69" VPOS="2247" HPOS="2001"/>
<String CONTENT="New" HEIGHT="55" WIDTH="140" VPOS="2247" HPOS="2071"/>
<SP HEIGHT="53" WIDTH="31" VPOS="2249" HPOS="2212"/>
<String CONTENT="York," HEIGHT="69" WIDTH="180" VPOS="2249" HPOS="2244"/>
</TextLine>
<TextLine HEIGHT="69" WIDTH="479" VPOS="2325" HPOS="409" STYLEREFS="StyleId-C7A68DDB-C343-4ED7-B8CB-B33633228456-">
<String CONTENT="Godwin" HEIGHT="55" WIDTH="250" VPOS="2325" HPOS="409"/>
<SP HEIGHT="49" WIDTH="32" VPOS="2345" HPOS="660"/>
<String CONTENT="[" HEIGHT="34" WIDTH="13" VPOS="2360" HPOS="693"/>
<String STYLE="superscript" CONTENT="c" HEIGHT="22" WIDTH="18" VPOS="2332" HPOS="711"/>
<String CONTENT="1936]" HEIGHT="66" WIDTH="153" VPOS="2328" HPOS="735"/>
</TextLine>
<TextLine HEIGHT="52" WIDTH="367" VPOS="2412" HPOS="480" CS="1">
<String CONTENT="287" HEIGHT="41" WIDTH="87" VPOS="2414" HPOS="480"/>
<SP HEIGHT="50" WIDTH="25" VPOS="2414" HPOS="568"/>
<String CONTENT="p." HEIGHT="39" WIDTH="45" VPOS="2425" HPOS="594"/>
<SP HEIGHT="42" WIDTH="59" VPOS="2412" HPOS="640"/>
<String CS="1" CONTENT="19&#189;cm." HEIGHT="42" WIDTH="147" VPOS="2412" HPOS="700"/>
</TextLine>
<TextLine HEIGHT="54" WIDTH="2018" VPOS="2481" HPOS="406">
<String CONTENT="&#169;" HEIGHT="53" WIDTH="52" VPOS="2481" HPOS="406"/>
<SP HEIGHT="53" WIDTH="32" VPOS="2481" HPOS="459"/>
<String CONTENT="Feb." HEIGHT="40" WIDTH="111" VPOS="2485" HPOS="492"/>
<SP HEIGHT="40" WIDTH="30" VPOS="2485" HPOS="604"/>
<String CONTENT="3," HEIGHT="48" WIDTH="41" VPOS="2485" HPOS="635"/>
<SP HEIGHT="48" WIDTH="32" VPOS="2485" HPOS="677"/>
<String CONTENT="1936" HEIGHT="42" WIDTH="118" VPOS="2483" HPOS="710"/>
<SP HEIGHT="47" WIDTH="13" VPOS="2485" HPOS="829"/>
<String CONTENT=";" HEIGHT="36" WIDTH="8" VPOS="2496" HPOS="843"/>
<SP HEIGHT="48" WIDTH="33" VPOS="2484" HPOS="852"/>
<String CONTENT="2c." HEIGHT="41" WIDTH="67" VPOS="2484" HPOS="886"/>
<SP HEIGHT="40" WIDTH="33" VPOS="2485" HPOS="954"/>
<String CONTENT="Feb." HEIGHT="40" WIDTH="111" VPOS="2485" HPOS="988"/>
<SP HEIGHT="40" WIDTH="33" VPOS="2485" HPOS="1100"/>
<String CONTENT="17" HEIGHT="40" WIDTH="55" VPOS="2485" HPOS="1134"/>
<SP HEIGHT="46" WIDTH="16" VPOS="2486" HPOS="1190"/>
<String CONTENT=";" HEIGHT="37" WIDTH="9" VPOS="2495" HPOS="1207"/>
<SP HEIGHT="37" WIDTH="33" VPOS="2495" HPOS="1217"/>
<String CONTENT="aff." HEIGHT="41" WIDTH="82" VPOS="2484" HPOS="1251"/>
<SP HEIGHT="40" WIDTH="34" VPOS="2485" HPOS="1334"/>
<String CONTENT="Feb." HEIGHT="39" WIDTH="108" VPOS="2485" HPOS="1369"/>
<SP HEIGHT="40" WIDTH="34" VPOS="2484" HPOS="1478"/>
<String CONTENT="6" HEIGHT="40" WIDTH="25" VPOS="2484" HPOS="1513"/>
<SP HEIGHT="47" WIDTH="16" VPOS="2484" HPOS="1539"/>
<String CONTENT=";" HEIGHT="36" WIDTH="9" VPOS="2495" HPOS="1556"/>
<SP HEIGHT="46" WIDTH="34" VPOS="2485" HPOS="1566"/>
<!-- cceid 94B55403-6E3A-1014-83DD-942C093A1DD9 --><String CONTENT="A" HEIGHT="39" WIDTH="40" VPOS="2485" HPOS="1601"/>
<SP HEIGHT="40" WIDTH="31" VPOS="2484" HPOS="1642"/>
<String CONTENT="91791" HEIGHT="41" WIDTH="144" VPOS="2484" HPOS="1674"/>
<SP HEIGHT="46" WIDTH="17" VPOS="2486" HPOS="1819"/>
<String CONTENT=";" HEIGHT="36" WIDTH="9" VPOS="2496" HPOS="1837"/>
<SP HEIGHT="47" WIDTH="33" VPOS="2485" HPOS="1847"/>
<String CONTENT="Godwin," HEIGHT="49" WIDTH="219" VPOS="2484" HPOS="1881"/>
<SP HEIGHT="38" WIDTH="33" VPOS="2497" HPOS="2101"/>
<String CONTENT="publishers." HEIGHT="50" WIDTH="289" VPOS="2485" HPOS="2135"/>
</TextLine>
<TextLine HEIGHT="48" WIDTH="253" VPOS="2542" HPOS="487">
<String CONTENT="(36-4301)" HEIGHT="48" WIDTH="253" VPOS="2542" HPOS="487"/>
</TextLine>
<TextLine HEIGHT="67" WIDTH="754" VPOS="2644" HPOS="407" STYLEREFS="StyleId-C7A68DDB-C343-4ED7-B8CB-B33633228456-">
<String CONTENT="Jameson," HEIGHT="67" WIDTH="301" VPOS="2644" HPOS="407"/>
<SP HEIGHT="64" WIDTH="27" VPOS="2647" HPOS="709"/>
<String CONTENT="Storm," HEIGHT="64" WIDTH="219" VPOS="2647" HPOS="737"/>
<SP HEIGHT="59" WIDTH="30" VPOS="2652" HPOS="957"/>
<String CONTENT="1897-" HEIGHT="55" WIDTH="173" VPOS="2647" HPOS="988"/>
</TextLine>
<TextLine HEIGHT="70" WIDTH="1944" VPOS="2734" HPOS="481" STYLEREFS="StyleId-C7A68DDB-C343-4ED7-B8CB-B33633228456-">
<String CONTENT="In" HEIGHT="51" WIDTH="73" VPOS="2738" HPOS="481"/>
<SP HEIGHT="47" WIDTH="38" VPOS="2743" HPOS="555"/>
<String CONTENT="the" HEIGHT="53" WIDTH="97" VPOS="2737" HPOS="594"/>
<SP HEIGHT="34" WIDTH="41" VPOS="2756" HPOS="692"/>
<String CONTENT="second" HEIGHT="53" WIDTH="203" VPOS="2737" HPOS="734"/>
<SP HEIGHT="66" WIDTH="39" VPOS="2737" HPOS="938"/>
<String CONTENT="year," HEIGHT="48" WIDTH="154" VPOS="2755" HPOS="978"/>
<SP HEIGHT="67" WIDTH="40" VPOS="2736" HPOS="1133"/>
<String CONTENT="by" HEIGHT="67" WIDTH="75" VPOS="2736" HPOS="1174"/>
<SP HEIGHT="69" WIDTH="42" VPOS="2734" HPOS="1250"/>
<String CONTENT="Storm" HEIGHT="56" WIDTH="195" VPOS="2734" HPOS="1293"/>
<SP HEIGHT="54" WIDTH="38" VPOS="2737" HPOS="1489"/>
<String CONTENT="Jameson." HEIGHT="54" WIDTH="287" VPOS="2737" HPOS="1528"/>
<SP HEIGHT="53" WIDTH="78" VPOS="2737" HPOS="1816"/>
<String CONTENT="New" HEIGHT="53" WIDTH="140" VPOS="2737" HPOS="1895"/>
<SP HEIGHT="52" WIDTH="41" VPOS="2738" HPOS="2036"/>
<String CONTENT="York," HEIGHT="67" WIDTH="181" VPOS="2737" HPOS="2078"/>
<SP HEIGHT="66" WIDTH="41" VPOS="2738" HPOS="2260"/>
<String CONTENT="The" HEIGHT="52" WIDTH="123" VPOS="2737" HPOS="2302"/>
</TextLine>
<TextLine HEIGHT="67" WIDTH="838" VPOS="2815" HPOS="409" STYLEREFS="StyleId-C7A68DDB-C343-4ED7-B8CB-B33633228456-">
<String CONTENT="Macmillan" HEIGHT="53" WIDTH="336" VPOS="2815" HPOS="409"/>
<SP HEIGHT="33" WIDTH="23" VPOS="2834" HPOS="746"/>
<String CONTENT="company," HEIGHT="48" WIDTH="300" VPOS="2834" HPOS="770"/>
<SP HEIGHT="63" WIDTH="25" VPOS="2819" HPOS="1071"/>
<String CONTENT="1936." HEIGHT="51" WIDTH="150" VPOS="2818" HPOS="1097"/>
</TextLine>
<TextLine HEIGHT="50" WIDTH="611" VPOS="2888" HPOS="475" CS="1">
<String CONTENT="5" HEIGHT="40" WIDTH="27" VPOS="2889" HPOS="475"/>
<SP/>
<String CONTENT="p." HEIGHT="37" WIDTH="42" VPOS="2901" HPOS="527"/>
<SP/>
<String CS="1" CONTENT="l.," HEIGHT="16" WIDTH="8" VPOS="2921" HPOS="635"/>
<SP HEIGHT="48" WIDTH="26" VPOS="2889" HPOS="644"/>
<String CONTENT="3-3.11" HEIGHT="42" WIDTH="145" VPOS="2888" HPOS="671"/>
<SP HEIGHT="50" WIDTH="25" VPOS="2888" HPOS="817"/>
<String CONTENT="p." HEIGHT="37" WIDTH="43" VPOS="2901" HPOS="843"/>
<SP HEIGHT="42" WIDTH="51" VPOS="2888" HPOS="887"/>
<String CS="1" CONTENT="20&#189;cm." HEIGHT="41" WIDTH="147" VPOS="2888" HPOS="939"/>
</TextLine>
<TextLine HEIGHT="52" WIDTH="1926" VPOS="2956" HPOS="407">
<String CONTENT="&#169;" HEIGHT="52" WIDTH="52" VPOS="2956" HPOS="407"/>
<SP HEIGHT="52" WIDTH="25" VPOS="2956" HPOS="460"/>
<String CONTENT="Feb." HEIGHT="40" WIDTH="111" VPOS="2960" HPOS="486"/>
<SP HEIGHT="39" WIDTH="24" VPOS="2961" HPOS="598"/>
<String CONTENT="18," HEIGHT="46" WIDTH="70" VPOS="2961" HPOS="623"/>
<SP HEIGHT="46" WIDTH="24" VPOS="2961" HPOS="694"/>
<String CONTENT="1936" HEIGHT="42" WIDTH="114" VPOS="2958" HPOS="719"/>
<SP HEIGHT="47" WIDTH="17" VPOS="2960" HPOS="834"/>
<String CONTENT=";" HEIGHT="37" WIDTH="8" VPOS="2970" HPOS="852"/>
<SP HEIGHT="48" WIDTH="25" VPOS="2959" HPOS="861"/>
<String CONTENT="2c." HEIGHT="41" WIDTH="67" VPOS="2959" HPOS="887"/>
<SP HEIGHT="29" WIDTH="25" VPOS="2971" HPOS="955"/>
<String CONTENT="and" HEIGHT="39" WIDTH="97" VPOS="2961" HPOS="981"/>
<SP HEIGHT="39" WIDTH="24" VPOS="2961" HPOS="1079"/>
<String CONTENT="aff." HEIGHT="40" WIDTH="81" VPOS="2959" HPOS="1104"/>
<SP HEIGHT="38" WIDTH="27" VPOS="2959" HPOS="1186"/>
<String CONTENT="Feb." HEIGHT="40" WIDTH="111" VPOS="2959" HPOS="1214"/>
<SP HEIGHT="41" WIDTH="25" VPOS="2958" HPOS="1326"/>
<String CONTENT="19" HEIGHT="40" WIDTH="55" VPOS="2958" HPOS="1352"/>
<SP HEIGHT="48" WIDTH="17" VPOS="2958" HPOS="1408"/>
<String CONTENT=";" HEIGHT="37" WIDTH="9" VPOS="2969" HPOS="1426"/>
<SP HEIGHT="47" WIDTH="26" VPOS="2959" HPOS="1436"/>
<!-- cceid 94B616AF-6E3A-1014-83DD-942C093A1DD9 --><String CONTENT="A" HEIGHT="39" WIDTH="40" VPOS="2959" HPOS="1463"/>
<SP HEIGHT="40" WIDTH="25" VPOS="2958" HPOS="1504"/>
<String CONTENT="91841" HEIGHT="41" WIDTH="143" VPOS="2958" HPOS="1530"/>
<SP HEIGHT="47" WIDTH="17" VPOS="2958" HPOS="1674"/>
<String CONTENT=";" HEIGHT="37" WIDTH="9" VPOS="2968" HPOS="1692"/>
<SP HEIGHT="46" WIDTH="28" VPOS="2959" HPOS="1702"/>
<String CONTENT="Macmillan" HEIGHT="39" WIDTH="282" VPOS="2959" HPOS="1731"/>
<SP HEIGHT="29" WIDTH="26" VPOS="2970" HPOS="2014"/>
<String CONTENT="co." HEIGHT="29" WIDTH="68" VPOS="2970" HPOS="2041"/>
<SP HEIGHT="42" WIDTH="135" VPOS="2958" HPOS="2110"/>
<String CONTENT="607" HEIGHT="43" WIDTH="87" VPOS="2958" HPOS="2246"/>
</TextLine>
<TextLine HEIGHT="70" WIDTH="1949" VPOS="3060" HPOS="472" STYLEREFS="StyleId-C7A68DDB-C343-4ED7-B8CB-B33633228456-" CS="1">
<String CS="1" CONTENT="&#8230;"/>
<SP HEIGHT="52" WIDTH="42" VPOS="3062" HPOS="472"/>
<String CONTENT="Kansas" HEIGHT="53" WIDTH="242" VPOS="3062" HPOS="515"/>
<SP HEIGHT="51" WIDTH="34" VPOS="3079" HPOS="758"/>
<String CONTENT="poets;" HEIGHT="62" WIDTH="190" VPOS="3068" HPOS="793"/>
<SP HEIGHT="68" WIDTH="42" VPOS="3062" HPOS="984"/>
<String CONTENT="foreword" HEIGHT="52" WIDTH="289" VPOS="3062" HPOS="1027"/>
<SP HEIGHT="51" WIDTH="39" VPOS="3063" HPOS="1317"/>
<String CONTENT="by" HEIGHT="67" WIDTH="75" VPOS="3063" HPOS="1357"/>
<SP HEIGHT="68" WIDTH="37" VPOS="3062" HPOS="1433"/>
<String CONTENT="May" HEIGHT="66" WIDTH="139" VPOS="3062" HPOS="1471"/>
<SP HEIGHT="65" WIDTH="36" VPOS="3063" HPOS="1611"/>
<String CONTENT="Williams" HEIGHT="56" WIDTH="290" VPOS="3060" HPOS="1648"/>
<SP HEIGHT="54" WIDTH="38" VPOS="3064" HPOS="1939"/>
<String CONTENT="Ward;" HEIGHT="67" WIDTH="211" VPOS="3063" HPOS="1978"/>
<SP HEIGHT="48" WIDTH="41" VPOS="3082" HPOS="2190"/>
<String CONTENT="edited" HEIGHT="53" WIDTH="189" VPOS="3063" HPOS="2232"/>
</TextLine>
<TextLine HEIGHT="72" WIDTH="1944" VPOS="3137" HPOS="481" STYLEREFS="StyleId-C7A68DDB-C343-4ED7-B8CB-B33633228456-">
<String CONTENT="by" HEIGHT="68" WIDTH="75" VPOS="3140" HPOS="481"/>
<SP HEIGHT="63" WIDTH="44" VPOS="3145" HPOS="557"/>
<String CONTENT="the" HEIGHT="52" WIDTH="96" VPOS="3140" HPOS="602"/>
<SP HEIGHT="52" WIDTH="44" VPOS="3140" HPOS="699"/>
<String CONTENT="house" HEIGHT="53" WIDTH="175" VPOS="3140" HPOS="744"/>
<SP HEIGHT="34" WIDTH="44" VPOS="3159" HPOS="920"/>
<String CONTENT="of" HEIGHT="54" WIDTH="64" VPOS="3139" HPOS="965"/>
<SP HEIGHT="52" WIDTH="46" VPOS="3139" HPOS="1030"/>
<String CONTENT="Henry" HEIGHT="70" WIDTH="205" VPOS="3139" HPOS="1077"/>
<SP HEIGHT="70" WIDTH="44" VPOS="3139" HPOS="1283"/>
<String CONTENT="Harrison," HEIGHT="70" WIDTH="303" VPOS="3137" HPOS="1328"/>
<SP HEIGHT="50" WIDTH="45" VPOS="3157" HPOS="1632"/>
<String CONTENT="publisher." HEIGHT="69" WIDTH="313" VPOS="3138" HPOS="1678"/>
<SP HEIGHT="53" WIDTH="81" VPOS="3139" HPOS="1992"/>
<String CONTENT="New" HEIGHT="54" WIDTH="139" VPOS="3139" HPOS="2074"/>
<SP HEIGHT="53" WIDTH="48" VPOS="3140" HPOS="2214"/>
<String CONTENT="York" HEIGHT="52" WIDTH="162" VPOS="3140" HPOS="2263"/>
</TextLine>
<TextLine HEIGHT="64" WIDTH="155" VPOS="3221" HPOS="525" STYLEREFS="StyleId-C7A68DDB-C343-4ED7-B8CB-B33633228456-" CS="1">
<String CS="1" CONTENT="[c1935]" HEIGHT="64" WIDTH="155" VPOS="3221" HPOS="525"/>
</TextLine>
<TextLine HEIGHT="51" WIDTH="641" VPOS="3290" HPOS="479" CS="1">
<String CONTENT="8" HEIGHT="40" WIDTH="27" VPOS="3291" HPOS="479"/>
<SP HEIGHT="50" WIDTH="23" VPOS="3291" HPOS="507"/>
<String CONTENT="p." HEIGHT="38" WIDTH="43" VPOS="3303" HPOS="531"/>
<SP/>
<String CS="1" CONTENT="l.," HEIGHT="15" WIDTH="8" VPOS="3324" HPOS="638"/>
<SP HEIGHT="47" WIDTH="25" VPOS="3292" HPOS="647"/>
<String CONTENT="19-207" HEIGHT="41" WIDTH="175" VPOS="3290" HPOS="673"/>
<SP HEIGHT="48" WIDTH="24" VPOS="3292" HPOS="849"/>
<String CONTENT="p." HEIGHT="38" WIDTH="44" VPOS="3302" HPOS="874"/>
<SP HEIGHT="41" WIDTH="52" VPOS="3290" HPOS="919"/>
<String CS="1" CONTENT="22&#189;cm." HEIGHT="44" WIDTH="148" VPOS="3290" HPOS="972"/>
</TextLine>
<TextLine HEIGHT="50" WIDTH="1456" VPOS="3348" HPOS="481">
<String CONTENT="At" HEIGHT="40" WIDTH="63" VPOS="3348" HPOS="481"/>
<SP HEIGHT="38" WIDTH="23" VPOS="3350" HPOS="545"/>
<String CONTENT="head" HEIGHT="40" WIDTH="127" VPOS="3349" HPOS="569"/>
<SP HEIGHT="40" WIDTH="24" VPOS="3349" HPOS="697"/>
<String CONTENT="of" HEIGHT="40" WIDTH="51" VPOS="3349" HPOS="722"/>
<SP HEIGHT="39" WIDTH="23" VPOS="3349" HPOS="774"/>
<String CONTENT="title" HEIGHT="41" WIDTH="112" VPOS="3348" HPOS="798"/>
<SP HEIGHT="29" WIDTH="13" VPOS="3359" HPOS="911"/>
<String CONTENT=":" HEIGHT="28" WIDTH="9" VPOS="3360" HPOS="925"/>
<SP HEIGHT="38" WIDTH="28" VPOS="3350" HPOS="935"/>
<String CONTENT="An" HEIGHT="39" WIDTH="73" VPOS="3350" HPOS="964"/>
<SP HEIGHT="29" WIDTH="23" VPOS="3360" HPOS="1038"/>
<String CONTENT="anthology" HEIGHT="50" WIDTH="265" VPOS="3348" HPOS="1062"/>
<SP HEIGHT="38" WIDTH="26" VPOS="3360" HPOS="1328"/>
<String CONTENT="of" HEIGHT="40" WIDTH="51" VPOS="3349" HPOS="1355"/>
<SP HEIGHT="40" WIDTH="23" VPOS="3349" HPOS="1407"/>
<String CONTENT="63" HEIGHT="40" WIDTH="56" VPOS="3349" HPOS="1431"/>
<SP HEIGHT="41" WIDTH="24" VPOS="3349" HPOS="1488"/>
<String CONTENT="contemporaries." HEIGHT="48" WIDTH="424" VPOS="3349" HPOS="1513"/>
</TextLine>
<TextLine HEIGHT="111" WIDTH="1999" VPOS="3416" HPOS="405" CS="1">
<String CONTENT="&#169;" HEIGHT="53" WIDTH="53" VPOS="3416" HPOS="405"/>
<SP HEIGHT="53" WIDTH="28" VPOS="3416" HPOS="459"/>
<String CONTENT="Dec." HEIGHT="39" WIDTH="110" VPOS="3422" HPOS="488"/>
<SP HEIGHT="39" WIDTH="28" VPOS="3421" HPOS="599"/>
<String CONTENT="31," HEIGHT="47" WIDTH="70" VPOS="3421" HPOS="628"/>
<SP HEIGHT="47" WIDTH="28" VPOS="3421" HPOS="699"/>
<String CONTENT="1935" HEIGHT="40" WIDTH="115" VPOS="3421" HPOS="728"/>
<SP HEIGHT="46" WIDTH="17" VPOS="3421" HPOS="844"/>
<String CONTENT=";" HEIGHT="35" WIDTH="8" VPOS="3432" HPOS="862"/>
<SP HEIGHT="46" WIDTH="29" VPOS="3421" HPOS="871"/>
<String CONTENT="2c." HEIGHT="40" WIDTH="68" VPOS="3421" HPOS="901"/>
<SP HEIGHT="38" WIDTH="29" VPOS="3422" HPOS="970"/>
<String CONTENT="Jan." HEIGHT="39" WIDTH="109" VPOS="3422" HPOS="1000"/>
<SP HEIGHT="40" WIDTH="28" VPOS="3421" HPOS="1110"/>
<String CONTENT="22," HEIGHT="48" WIDTH="69" VPOS="3421" HPOS="1139"/>
<SP HEIGHT="47" WIDTH="25" VPOS="3422" HPOS="1209"/>
<String CONTENT="1936" HEIGHT="40" WIDTH="119" VPOS="3421" HPOS="1235"/>
<SP HEIGHT="48" WIDTH="12" VPOS="3421" HPOS="1355"/>
<String CONTENT=";" HEIGHT="37" WIDTH="9" VPOS="3432" HPOS="1368"/>
<SP HEIGHT="37" WIDTH="31" VPOS="3432" HPOS="1378"/>
<String CONTENT="aff." HEIGHT="42" WIDTH="81" VPOS="3419" HPOS="1410"/>
<SP HEIGHT="40" WIDTH="31" VPOS="3421" HPOS="1492"/>
<String CONTENT="Jan." HEIGHT="40" WIDTH="107" VPOS="3421" HPOS="1524"/>
<SP HEIGHT="39" WIDTH="30" VPOS="3421" HPOS="1632"/>
<String CONTENT="23" HEIGHT="39" WIDTH="54" VPOS="3421" HPOS="1663"/>
<SP HEIGHT="46" WIDTH="17" VPOS="3421" HPOS="1718"/>
<String CONTENT=";" HEIGHT="36" WIDTH="9" VPOS="3431" HPOS="1736"/>
<SP HEIGHT="45" WIDTH="30" VPOS="3422" HPOS="1746"/>
<!-- cceid 94B6D97B-6E3A-1014-83DD-942C093A1DD9 --><String CONTENT="A" HEIGHT="37" WIDTH="40" VPOS="3422" HPOS="1777"/>
<SP HEIGHT="39" WIDTH="29" VPOS="3420" HPOS="1818"/>
<String CONTENT="90659" HEIGHT="40" WIDTH="148" VPOS="3420" HPOS="1848"/>
<SP HEIGHT="43" WIDTH="13" VPOS="3420" HPOS="1997"/>
<String CONTENT=";" HEIGHT="32" WIDTH="8" VPOS="3431" HPOS="2011"/>
<SP HEIGHT="41" WIDTH="32" VPOS="3422" HPOS="2020"/>
<String CONTENT="Henry" HEIGHT="47" WIDTH="169" VPOS="3422" HPOS="2053"/>
<SP HEIGHT="47" WIDTH="28" VPOS="3422" HPOS="2223"/>
<String CONTENT="Harrison," HEIGHT="103" WIDTH="1929" VPOS="3422" HPOS="475"/>
<SP HEIGHT="46" WIDTH="26" VPOS="3479" HPOS="575"/>
<String CONTENT="New" HEIGHT="39" WIDTH="119" VPOS="3479" HPOS="602"/>
<SP HEIGHT="39" WIDTH="26" VPOS="3479" HPOS="722"/>
<String CONTENT="York." HEIGHT="39" WIDTH="145" VPOS="3479" HPOS="749"/>
<SP HEIGHT="49" WIDTH="66" VPOS="3478" HPOS="895"/>
<String CONTENT="(36-4328)" HEIGHT="50" WIDTH="252" VPOS="3477" HPOS="962"/>
</TextLine>
<TextLine HEIGHT="67" WIDTH="1111" VPOS="3582" HPOS="409" STYLEREFS="StyleId-C7A68DDB-C343-4ED7-B8CB-B33633228456-">
<String CONTENT="Kempton," HEIGHT="65" WIDTH="316" VPOS="3582" HPOS="409"/>
<SP HEIGHT="64" WIDTH="27" VPOS="3583" HPOS="726"/>
<String CONTENT="Kenneth" HEIGHT="53" WIDTH="281" VPOS="3583" HPOS="754"/>
<SP HEIGHT="53" WIDTH="26" VPOS="3583" HPOS="1036"/>
<String CONTENT="Payson," HEIGHT="66" WIDTH="255" VPOS="3583" HPOS="1063"/>
<SP HEIGHT="58" WIDTH="31" VPOS="3591" HPOS="1319"/>
<String CONTENT="1891-" HEIGHT="49" WIDTH="169" VPOS="3590" HPOS="1351"/>
</TextLine>
<TextLine HEIGHT="72" WIDTH="1940" VPOS="3669" HPOS="478" STYLEREFS="StyleId-C7A68DDB-C343-4ED7-B8CB-B33633228456-" CS="1">
<String CONTENT="Old" HEIGHT="59" WIDTH="115" VPOS="3669" HPOS="478"/>
<SP HEIGHT="52" WIDTH="47" VPOS="3676" HPOS="594"/>
<String CONTENT="man" HEIGHT="34" WIDTH="132" VPOS="3688" HPOS="642"/>
<SP HEIGHT="55" WIDTH="49" VPOS="3669" HPOS="775"/>
<String CONTENT="Greenlaw," HEIGHT="71" WIDTH="314" VPOS="3669" HPOS="825"/>
<SP HEIGHT="68" WIDTH="46" VPOS="3672" HPOS="1140"/>
<String CONTENT="by" HEIGHT="68" WIDTH="74" VPOS="3672" HPOS="1187"/>
<SP HEIGHT="69" WIDTH="46" VPOS="3671" HPOS="1262"/>
<String CONTENT="Kenneth" HEIGHT="54" WIDTH="268" VPOS="3671" HPOS="1309"/>
<SP HEIGHT="52" WIDTH="45" VPOS="3671" HPOS="1578"/>
<String CONTENT="Payson" HEIGHT="70" WIDTH="227" VPOS="3671" HPOS="1624"/>
<SP HEIGHT="53" WIDTH="46" VPOS="3670" HPOS="1852"/>
<String CONTENT="Kempton." HEIGHT="69" WIDTH="306" VPOS="3670" HPOS="1899"/>
<SP HEIGHT="50" WIDTH="77" VPOS="3673" HPOS="2206"/>
<String CONTENT="New" HEIGHT="53" WIDTH="134" VPOS="3673" HPOS="2284"/>
</TextLine>
<TextLine HEIGHT="72" WIDTH="1559" VPOS="3748" HPOS="415" STYLEREFS="StyleId-C7A68DDB-C343-4ED7-B8CB-B33633228456-">
<String CONTENT="York," HEIGHT="67" WIDTH="173" VPOS="3748" HPOS="415"/>
<SP HEIGHT="66" WIDTH="32" VPOS="3749" HPOS="589"/>
<String CONTENT="Farrar" HEIGHT="52" WIDTH="214" VPOS="3749" HPOS="622"/>
<SP HEIGHT="33" WIDTH="31" VPOS="3767" HPOS="837"/>
<String CONTENT="and" HEIGHT="52" WIDTH="111" VPOS="3748" HPOS="869"/>
<SP HEIGHT="52" WIDTH="30" VPOS="3748" HPOS="981"/>
<String CONTENT="Rinehart," HEIGHT="72" WIDTH="298" VPOS="3748" HPOS="1012"/>
<SP HEIGHT="69" WIDTH="29" VPOS="3751" HPOS="1311"/>
<String CONTENT="incorporated" HEIGHT="69" WIDTH="398" VPOS="3749" HPOS="1341"/>
<SP HEIGHT="69" WIDTH="38" VPOS="3749" HPOS="1740"/>
<String STYLE="subscript" CONTENT="[" HEIGHT="33" WIDTH="13" VPOS="3785" HPOS="1779"/>
<String STYLE="superscript" CONTENT="c" HEIGHT="21" WIDTH="16" VPOS="3756" HPOS="1798"/>
<String CONTENT="1936" HEIGHT="50" WIDTH="132" VPOS="3751" HPOS="1821"/>
<String STYLE="subscript" CONTENT="]" HEIGHT="34" WIDTH="13" VPOS="3783" HPOS="1961"/>
</TextLine>
<TextLine HEIGHT="50" WIDTH="593" VPOS="3818" HPOS="479" CS="1">
<String CONTENT="5" HEIGHT="38" WIDTH="25" VPOS="3818" HPOS="479"/>
<SP HEIGHT="48" WIDTH="27" VPOS="3818" HPOS="505"/>
<String CONTENT="p." HEIGHT="37" WIDTH="42" VPOS="3829" HPOS="533"/>
<SP/>
<String CS="1" CONTENT="l.," HEIGHT="15" WIDTH="9" VPOS="3850" HPOS="639"/>
<SP HEIGHT="46" WIDTH="28" VPOS="3819" HPOS="649"/>
<String CONTENT="3-303" HEIGHT="41" WIDTH="144" VPOS="3819" HPOS="678"/>
<SP HEIGHT="48" WIDTH="28" VPOS="3820" HPOS="823"/>
<String CONTENT="p." HEIGHT="38" WIDTH="43" VPOS="3830" HPOS="852"/>
<SP HEIGHT="41" WIDTH="59" VPOS="3819" HPOS="896"/>
<String CS="1" CONTENT="20cm." HEIGHT="42" WIDTH="116" VPOS="3819" HPOS="956"/>
</TextLine>
<TextLine HEIGHT="48" WIDTH="413" VPOS="3876" HPOS="478">
<String CONTENT="Illustrated" HEIGHT="40" WIDTH="290" VPOS="3876" HPOS="478"/>
<SP HEIGHT="39" WIDTH="25" VPOS="3877" HPOS="769"/>
<String CONTENT="t.-p." HEIGHT="46" WIDTH="96" VPOS="3878" HPOS="795"/>
</TextLine>
<TextLine HEIGHT="57" WIDTH="2015" VPOS="3943" HPOS="405">
<String CONTENT="&#169;" HEIGHT="53" WIDTH="53" VPOS="3943" HPOS="405"/>
<SP HEIGHT="53" WIDTH="36" VPOS="3943" HPOS="459"/>
<String CONTENT="Feb." HEIGHT="40" WIDTH="109" VPOS="3948" HPOS="496"/>
<SP HEIGHT="40" WIDTH="36" VPOS="3949" HPOS="606"/>
<String CONTENT="10," HEIGHT="44" WIDTH="68" VPOS="3948" HPOS="643"/>
<SP HEIGHT="42" WIDTH="34" VPOS="3950" HPOS="712"/>
<String CONTENT="1936;" HEIGHT="46" WIDTH="141" VPOS="3950" HPOS="747"/>
<SP HEIGHT="45" WIDTH="37" VPOS="3951" HPOS="889"/>
<String CONTENT="2c." HEIGHT="39" WIDTH="67" VPOS="3951" HPOS="927"/>
<SP HEIGHT="40" WIDTH="37" VPOS="3950" HPOS="995"/>
<String CONTENT="Feb." HEIGHT="40" WIDTH="109" VPOS="3950" HPOS="1033"/>
<SP HEIGHT="38" WIDTH="35" VPOS="3951" HPOS="1143"/>
<String CONTENT="12;" HEIGHT="42" WIDTH="82" VPOS="3951" HPOS="1179"/>
<SP HEIGHT="31" WIDTH="39" VPOS="3962" HPOS="1262"/>
<String CONTENT="aff." HEIGHT="41" WIDTH="81" VPOS="3951" HPOS="1302"/>
<SP HEIGHT="38" WIDTH="38" VPOS="3953" HPOS="1384"/>
<String CONTENT="Feb." HEIGHT="40" WIDTH="110" VPOS="3953" HPOS="1423"/>
<SP HEIGHT="39" WIDTH="33" VPOS="3953" HPOS="1534"/>
<String CONTENT="11:" HEIGHT="41" WIDTH="82" VPOS="3953" HPOS="1568"/>
<SP HEIGHT="42" WIDTH="37" VPOS="3952" HPOS="1651"/>
<!-- cceid 94B7A60C-6E3A-1014-83DD-942C093A1DD9 --><String CONTENT="A" HEIGHT="38" WIDTH="39" VPOS="3952" HPOS="1689"/>
<SP HEIGHT="38" WIDTH="36" VPOS="3952" HPOS="1729"/>
<String CONTENT="91709;" HEIGHT="43" WIDTH="170" VPOS="3951" HPOS="1766"/>
<SP HEIGHT="42" WIDTH="40" VPOS="3952" HPOS="1937"/>
<String LANG="fi" CONTENT="K." HEIGHT="40" WIDTH="58" VPOS="3952" HPOS="1978"/>
<SP HEIGHT="39" WIDTH="38" VPOS="3953" HPOS="2037"/>
<String CONTENT="P." HEIGHT="40" WIDTH="49" VPOS="3953" HPOS="2076"/>
<SP HEIGHT="40" WIDTH="37" VPOS="3953" HPOS="2126"/>
<String CONTENT="Kempton," HEIGHT="47" WIDTH="256" VPOS="3953" HPOS="2164"/>
</TextLine>
<TextLine HEIGHT="51" WIDTH="825" VPOS="4005" HPOS="474">
<String CONTENT="Newtonville," HEIGHT="48" WIDTH="337" VPOS="4005" HPOS="474"/>
<SP HEIGHT="46" WIDTH="24" VPOS="4007" HPOS="812"/>
<String CONTENT="Mass." HEIGHT="40" WIDTH="146" VPOS="4007" HPOS="837"/>
<SP HEIGHT="46" WIDTH="61" VPOS="4007" HPOS="984"/>
<String CONTENT="(36-4087)" HEIGHT="49" WIDTH="253" VPOS="4007" HPOS="1046"/>
</TextLine>
</TextBlock>
</PrintSpace>
</Page>
</Layout>
</alto>