2519 4377
1019 4106 134 52 1787

123 595 10 10 B.
199 594 9 9 C.
241 550 112 52 and
379 549 121 53 The
529 553 261 63 precepts
817 546 65 52 of
909 544 372 69 Ptah-Hotep
1313 545 147 52 circa
1489 546 309 51 3580-3536
1866 587 9 10 B.
1943 587 30 25 C.,
88 563 1971 133 reprinted
355 625 58 53 in
450 624 317 55 condensed
805 624 151 53 form

991 624 251 66 through
1278 623 95 52 the
1408 627 259 62 courtesy
1704 621 65 54 of
1803 622 95 52 the
88 621 1972 136 original
242 703 292 69 publisher
572 702 152 52 from
757 701 123 52 The
917 699 182 54 oldest
1134 700 173 52 books
1344 700 58 52 in
1441 700 93 52 the
1571 698 200 68 world,
1807 699 75 69 by
1920 699 164 53 Isaac

86 783 181 65 Mver,
338 825 9 9 L.
416 823 10 10 L.
496 823 9 9 B.
586 778 351 69 [Baltimore,
967 776 241 55 Printed
1240 777 73 68 by
1347 775 408 56 Horn-Shafer
1787 794 299 52 company,

89 863 149 62 1935]

156 926 1463 52 7 p. l., 19-47 p., 2 l. IV facsim. (incl. front.) 22 cm .
158 986 371 46 “Introductory
565 983 141 42 note”
745 983 235 48 compiled
1016 984 61 47 by
1114 984 121 39 Paul
1276 984 51 42 E.
1364 984 191 40 Vernon
1593 985 125 39 from
1757 985 80 41 the
1875 984 206 49 original

85 1043 344 41 introduction.

161 1099 294 41 “Seventeen
502 1097 221 40 hundred
769 1097 95 40 and
910 1096 111 47 fifty
1066 1097 159 47 copies
1269 1097 51 39 of
1364 1097 102 40 The
1513 1097 155 41 oldest
1712 1098 147 40 books
1906 1099 48 38 in
2003 1099 81 39 the

86 1152 1998 51 world printed … by the Horn-Shafer company at Baltimore in 1935.
85 1213 101 40 The
224 1213 341 46 arrangement
603 1210 96 39 and
739 1210 81 40 the
859 1209 304 48 typography
1204 1211 40 39 is
1283 1211 62 46 by
1382 1210 127 40 John
1549 1209 51 42 F.
1643 1210 248 42 Osbourne
1931 1212 154 40 under

87 1270 159 39 whose
286 1267 302 49 supervision
629 1266 98 41 this
766 1267 192 39 volume
997 1275 100 30 was
1138 1267 191 47 printed
1369 1266 95 40 and
1506 1267 202 41 bound.”

88 1338 53 53 ©
183 1344 124 45 Sept.
349 1343 38 41 1,
428 1339 139 46 1935;
609 1340 67 38 2c.
717 1338 115 47 July
872 1337 69 49 28,
982 1337 139 46 1936;
1165 1337 82 41 aff.
1289 1338 114 46 July
1444 1339 82 46 27;
1571 1340 37 37 A
1650 1337 170 43 96664;
1865 1340 128 39 John
2037 1341 50 38 F.

160 1399 260 40 Osbourne.
454 1396 281 40 Baltimore.
807 1393 281 50 (36-33952)

88 1503 211 64 Keyes,
327 1502 253 53 Edward
605 1500 499 63 Loughborough,
1134 1502 170 52 1873-

158 1589 1867 73 Urology, by Edward L. Keyes … and Russell S. Ferguson …
86 1671 95 52 6th
211 1672 103 66 ed.,
341 1670 140 53 with
510 1670 156 53 three
693 1668 262 52 hundred
985 1668 111 52 and
1126 1667 343 69 forty-three
1497 1668 378 55 illustrations
1903 1670 60 53 in
1993 1671 94 52 the

86 1754 136 62 text,
259 1748 111 53 and
406 1751 295 50 seventeen
737 1746 200 69 plates,
971 1746 158 53 three
1164 1745 63 55 of
1268 1746 180 52 which
1484 1765 92 34 are
1612 1747 59 52 in
1707 1747 168 54 color.
1946 1748 140 54 New

88 1826 177 55 York,
308 1825 257 67 London,
607 1825 71 52 D.
722 1822 580 70 Appleton-Century
1345 1841 297 52 company,
1684 1826 402 68 incorporated

87 1938 12 35 [
105 1911 17 22 c
128 1908 151 63 1936]

157 1978 107 39 xxii
288 1988 59 37 p.,
375 1977 25 38 1
463 2008 9 17 l.,
500 1974 85 41 707
612 1985 44 38 p.
716 1975 88 41 col.
830 1974 165 48 front.,
1025 1973 143 48 illus.,
1196 1973 25 38 2
1249 1975 87 41 col.
1365 1977 171 46 plates,
1564 1976 180 49 diagrs.
1804 1975 147 43 25½cm.

159 2034 118 41 Part
303 2033 52 41 of
380 2033 81 41 the
488 2030 330 43 illustrations
843 2040 84 32 are
953 2031 261 41 numbered
1242 2041 55 31 as
1324 2032 171 48 plates.

161 2092 127 40 “The
329 2090 195 49 general
564 2089 190 41 scheme
794 2088 51 41 of
883 2089 83 41 the
1004 2086 227 50 previous
1270 2088 185 41 edition
1495 2090 89 39 has
1626 2089 115 42 been
1783 2091 214 42 adhered
2041 2096 48 39 to

87 2149 183 49 though
297 2158 143 36 every
470 2146 202 49 chapter
699 2146 89 41 has
816 2145 118 41 been
962 2144 489 42 rewritten.”—Pref.

89 2215 53 54 ©
169 2219 101 41 Oct.
296 2217 67 42 19.
393 2215 138 49 1936;
559 2216 68 41 2c.
656 2216 102 41 Oct.
785 2214 82 48 23;
897 2215 82 39 aff.
1006 2215 118 39 Nov.
1151 2215 82 47 11;
1262 2216 39 37 A
1327 2213 172 49 99817;
1530 2216 54 38 D.
1613 2216 445 48 Appleton-Century

157 2285 82 39 co.,
267 2275 89 40 inc.
423 2272 280 50 (36-34582)

88 2376 295 64 Killough,
409 2376 229 53 Lillian.

158 2464 224 68 Lilting
426 2465 159 67 lines,
629 2465 76 67 by
750 2464 215 53 Lillian
1011 2465 299 68 Killough.
1387 2466 218 67 Dallas,
1652 2469 154 64 Tex.,
1854 2468 235 68 Mathis,

89 2545 700 65 Van Nort & co. [ c 1936]
156 2616 55 41 67
244 2627 44 39 p.
347 2615 117 41 20cm.

90 2681 53 54 ©
181 2685 100 41 Oct.
319 2684 69 49 19,
425 2683 141 49 1936;
605 2683 68 41 2c.
710 2685 97 39 and
844 2684 83 40 aff.
965 2686 117 38 Nov.
1122 2684 81 48 19;
1244 2687 40 38 A
1323 2685 199 42 100558:
1564 2688 50 39 L.
1654 2687 246 49 Killough,
1941 2690 151 46 Eagle

159 2742 144 48 Lake,
330 2742 114 40 Tex.
512 2740 281 49 (36-34368)

89 2842 184 67 Kube,
302 2842 290 66 Wilhelm,
623 2846 171 52 1887-
1006 2845 83 53 ed.

159 2923 317 52 Almanach
521 2923 100 53 der
664 2922 703 55 nationalsozialistischen
1410 2926 336 56 revolution,
90 2929 1974 137 herausgegeben
304 3019 106 33 von
449 3000 429 67 oberprasident

915 3001 270 53 Wilhelm
1225 3003 183 55 Kube,
1446 3010 165 46 unter
1650 3005 289 54 mitarbeit
1980 3025 109 34 von

91 3078 160 53 Willi
281 3078 254 53 Bischoff
559 3079 117 52 und
705 3079 83 52 dr.
818 3080 185 51 Heinz
1032 3081 196 53 Weiss.
1306 3080 111 52 Mit
1447 3082 467 66 vergleichenden
89 3086 1972 123 bilddokumenten
490 3157 99 51 der
611 3157 125 52 zeit.
860 3160 121 49 l.-20.

1004 3158 253 52 tausend.
1336 3159 214 56 Berlin,
1575 3163 514 68 Brunnen-verlag,

91 3235 86 53 W.
207 3234 254 52 Bischoff
514 3237 151 63 [1933]

161 3305 97 41 227.
294 3306 55 50 [3]
384 3317 42 37 p.
488 3306 126 39 illus.
645 3306 132 48 (incl.
812 3309 174 47 ports.)
1054 3306 56 41 23
1113 3310 43 21 cm
1162 3340 8 8 .

93 3369 52 54 ©
175 3374 101 41 Oct.
307 3373 68 47 22,
407 3373 139 48 1933;
580 3375 65 39 1c.
680 3375 127 47 Sept.
837 3374 70 48 20,
938 3375 139 46 1934;
1112 3377 310 40 A-Foreign
1453 3378 170 42 32186;
1658 3380 432 45 Brunnen-verlag.

164 3430 129 40 Willi
321 3430 229 48 Bischoff,
576 3440 40 36 g.
695 3464 8 8 m.
727 3431 42 40 b.
794 3431 44 40 h.
900 3430 281 51 (3&-11601)

93 3531 249 65 Künkel,
369 3532 180 65 Fritz,
578 3540 170 50 1889-

161 3608 176 54 What
365 3610 46 51 it
435 3628 191 38 means
651 3619 60 47 to
737 3629 156 50 grow
921 3631 105 49 up;
1057 3633 31 34 a
1114 3613 171 69 guide
1313 3616 58 51 in
1398 3617 454 67 understanding
1878 3620 94 51 the
95 3620 1971 132 development
448 3687 64 53 of

544 3688 309 65 character,
885 3690 75 67 by
993 3691 160 52 Fritz
1188 3691 249 60 Kiinkel,
1526 3737 9 8 M.
1605 3737 29 23 D.,
1668 3696 315 53 translated
2017 3697 73 66 by

98 3763 253 53 Barbara
395 3765 536 69 Keppel-Compton
980 3768 109 53 and
1134 3768 198 54 Hulda
1378 3769 272 54 Niebuhr.
1730 3773 138 52 New
1911 3774 179 64 York,

97 3837 59 55 C.
190 3838 309 57 Scribner’s
528 3860 156 35 sons:
718 3843 257 57 London,
1007 3845 60 54 C.
1101 3844 312 57 Scribner’s
1443 3866 146 48 sons,
1620 3849 120 67 ltd.,
1772 3853 149 51 1936.

164 3913 64 45 xi,
263 3913 86 41 180
383 3924 40 37 p.
488 3913 144 42 19½cm.

96 3975 52 53 ©
173 3981 115 40 Nov.
315 3980 69 45 18.
411 3981 140 47 1930;
579 3983 67 40 2c.
674 3985 115 38 Nov.
817 3984 81 42 25;
929 3987 81 39 aff.
1037 3988 116 39 Nov.
1182 3988 46 38 21;
1294 3990 39 38 A
1362 3988 198 47 100663;
1592 3991 202 40 Charles
1825 3991 265 41 Scribner's

166 4045 123 31 sons.
359 4037 279 48 (36-34387)
