2519 4377
1244 4160 98 51 196

289 470 327 67 Salvatore,
646 472 147 53 Paul
824 471 175 65 John,
1034 477 171 50 1895-

361 546 261 55 Favart’s
664 547 384 70 unpublished
1087 549 194 68 plays;
1323 549 96 53 the
1459 548 109 54 rise
1610 548 62 53 of
1712 548 94 52 the
1846 547 246 69 popular
2132 549 177 52 comic

291 624 1658 71 opera, by Paul J. Salvatore … New York [1935]
359 696 99 48 xiv,
505 697 100 50 407,
659 698 55 50 [1]
764 709 43 37 p.
872 697 57 41 20½
960 700 45 21 cm
1010 730 8 8 .
1093 697 360 49 (Publications
1501 701 52 40 of
1601 702 82 39 the
1732 700 236 40 Institute
2018 700 51 40 of
2116 700 189 41 French

289 754 201 49 studies,
520 754 117 49 inc.)

359 812 174 40 Thesis
571 812 109 48 (PH.
743 811 360 49 D.)—Columbia
1132 814 287 49 university,
1448 813 128 44 1935.

360 869 130 41 Vita.

364 926 1944 49 “A dated list of the … plays of Favart which have never hitherto
288 984 119 41 been
437 984 225 41 studied”
681 995 10 30 :
720 995 43 38 p.
795 984 201 42 xii-xiv.
1058 985 350 49 Bibliography
1426 997 10 29 :
1467 998 44 38 p.
1540 987 221 42 401-407.

290 1041 53 53 ©
368 1046 120 47 Aug.
515 1045 70 50 14,
611 1045 120 40 1935
745 1055 9 37 ;
781 1044 69 42 2c.
877 1045 111 40 Jan.
1014 1043 69 49 10,
1111 1044 114 40 1936
1244 1056 8 35 ;
1282 1045 82 41 aff.
1393 1046 109 40 Jan.
1529 1045 26 41 9
1573 1058 9 35 ;
1611 1047 43 38 A
1678 1046 146 40 902,60
1842 1057 8 36 ;
1881 1047 50 40 P.
1960 1047 45 41 J.
2036 1047 269 49 Salvatore,

360 1104 120 39 New
503 1103 144 39 York.
716 1101 252 49 (36-6288)

288 1206 211 65 Sands,
530 1205 258 56 William
820 1204 305 67 Franklin,
1159 1211 172 51 1874-

359 1284 123 53 The
514 1288 231 63 present
775 1281 296 54 condition
1102 1282 65 53 of
1199 1283 95 52 the
1327 1283 211 58 church
1570 1285 60 50 in
1662 1284 243 64 Mexico,
1939 1284 74 68 by
2045 1285 260 54 William

289 1360 2017 70 Franklin Sands … Washington, D. C., Saint Matthew’s book
286 1441 155 66 stall,
472 1443 151 51 1935.

359 1513 842 50 cover-title, 1 p. l. , 22 p. 22½ cm .
289 1568 53 54 ©
369 1573 111 40 Dec.
507 1573 70 47 31,
604 1571 143 44 1935;
776 1571 67 42 2c.
871 1572 98 40 and
993 1571 83 41 aff.
1105 1572 110 40 Jan.
1243 1571 40 48 2,
1312 1570 140 49 1936;
1482 1573 41 39 A
1548 1571 172 50 90101;
1751 1573 72 41 W.
1894 1604 9 9 F.
1936 1573 171 50 Sands,
360 1573 1928 105 Washington.
619 1629 254 50 (36-6357)

287 1734 247 64 Sardou,
562 1733 324 65 Victorien,
919 1739 326 50 1831-1908.

421 1813 1883 69 … Théâtre complet. 6. Thermidor. Odette. Robespierre.
287 1894 185 63 Paris,
501 1893 72 52 A.
605 1890 213 55 Michel
858 1894 173 64 [1935]

358 1967 27 37 4
413 1976 41 37 p.
521 1996 8 16 l.,
561 1964 181 49 [9]-602:
767 1975 57 37 p.,
854 1965 19 38 1
942 1996 8 14 l.,
985 1964 53 49 [2]
1070 1975 43 37 p.
1173 1965 171 47 plates,
1374 1966 149 47 ports.
1584 1965 56 40 19
1642 1967 49 23 cm
1693 1998 8 7 .

290 2018 2013 53 © Nov. 23, 1935; 1c. Feb, 17, 1936; A- Foreign 30527; Albin Michel.
287 2142 205 64 Sayre,
521 2142 208 53 James
754 2140 209 57 Willis.

358 2217 141 53 This
528 2217 116 69 city
676 2216 63 54 of
769 2235 148 51 ours,
944 2216 75 69 by
1048 2216 55 54 J.
1136 2216 190 54 Willis
1357 2215 193 71 Sayre.
1628 2216 313 55 Published
1973 2218 73 69 by
287 2218 1962 148 authority

409 2294 1834 70 of the Board of directors, Seattle school district no. 1 …
293 2374 252 70 [Seattle,
573 2382 17 21 c
596 2377 153 65 1936]

357 2445 1089 50 3 p. l. , 191 p. illus. (incl. port.) 24 cm .
288 2504 53 53 ©
368 2508 111 40 Feb.
505 2507 69 46 25,
602 2506 142 43 1936:
774 2506 67 41 2c.
870 2507 122 39 Mar.
1020 2505 25 39 2
1064 2517 8 29 :
1103 2505 82 41 aff.
1215 2505 109 40 Feb.
1353 2504 82 48 29;
1466 2506 41 38 A
1530 2505 171 47 91977;
1734 2507 41 40 J.
1805 2507 71 41 W.
1908 2508 167 48 Sayre,
2105 2507 199 41 Seattle.

370 2564 253 49 (36-6123)

357 2668 203 54 Secret
598 2668 251 68 symbols
885 2667 64 52 of
985 2666 97 53 the
1119 2665 399 54 Rosicrucians
1535 2688 11 43 ;
1588 2685 71 34 an
1697 2676 162 45 exact
1894 2667 410 69 reproduction

288 2747 63 51 of
385 2746 96 53 the
515 2744 269 70 original,
816 2745 104 53 but
950 2744 142 53 with
1125 2744 95 53 the
1254 2744 250 55 German
1539 2749 123 48 text
1688 2745 119 52 and
1841 2749 175 50 terms
2049 2744 253 70 literally

287 2823 335 55 translated.
700 2822 274 71 Chicago,
1016 2823 69 55 G.
1128 2822 277 70 Engelke,
1447 2822 121 53 The
1611 2821 169 54 Aries
1820 2841 178 51 press,
2042 2827 151 50 1935.

357 2896 1458 53 5 p. l. , 3-57 (i. e. 95) p. incl. illus., plates. 45½ x 31 cm .
358 2957 157 41 Extra
550 2957 265 41 numbered
847 2966 148 40 pages
1027 2957 217 41 inserted
1279 2956 95 40 and
1408 2967 129 30 some
1570 2956 51 41 of
1653 2957 83 40 the
1767 2966 148 40 pages
1946 2958 266 41 numbered
2245 2968 55 30 as

285 3017 178 41 leaves.

360 3072 319 41 Translation
718 3072 51 42 of
806 3075 140 46 parts
986 3083 91 30 one
1113 3073 97 39 and
1250 3073 96 39 two
1387 3071 51 41 of
1477 3071 257 41 “Geheime
1772 3072 188 49 figuren
2000 3073 86 41 der

286 3084 1998 153 R osenkreuzer aus dem 16 und 17 Jahrhundert”, published anonymously in Altona,
440 3188 279 41 1785-1788.

361 3245 243 42 “Aureum
644 3246 217 41 seculum
900 3245 288 48 redivivum,
1228 3246 111 39 that
1376 3245 55 46 is,
1470 3245 101 40 The
1610 3255 117 37 very
1767 3245 195 41 ancient
2003 3246 173 48 golden
2213 3256 88 39 age

288 3302 1996 51 having passed away which now hath risen again … by Henricus Ma
287 3362 248 41 dathanus
560 3360 227 52 [pseud.]”
806 3372 10 29 :
849 3372 44 38 p.
915 3359 159 43 20-23.

360 3419 69 38 “A
460 3420 173 49 golden
663 3420 204 41 treatise
897 3420 149 40 about
1077 3420 82 40 the
1187 3416 352 51 philosopher’s
1568 3420 151 44 stone,
1750 3418 60 47 by
1840 3428 28 30 a
1900 3418 104 40 still
2033 3418 154 49 living
2214 3418 78 41 bui

287 3477 245 41 unknown
560 3476 342 50 philosopher”
921 3486 10 31 :
964 3487 44 37 p.
1038 3475 159 48 38-45,
1226 3475 225 41 45a-45b.

360 3534 352 50 Bibliography
729 3546 9 29 :
771 3535 85 40 4th
877 3534 187 50 prelim,
1087 3534 113 42 leaf.

289 3602 53 52 ©
379 3607 117 39 Nov.
534 3606 69 48 20,
640 3607 115 40 1935
774 3618 8 36 ;
821 3607 67 40 2c.
927 3608 111 39 Dec.
1077 3607 29 38 5
1121 3617 7 31 ;
1166 3605 82 41 aff.
1287 3606 112 39 Dec.
1436 3604 54 39 21
1510 3616 9 35 ;
1559 3605 39 38 A
1637 3603 147 41 88990'
1799 3615 8 31 :
1850 3604 185 47 George
2074 3604 226 47 Engelke.

369 3663 251 48 (36-5492)

287 3767 246 63 Selsam,
562 3768 156 53 John
745 3768 165 56 Paul.

360 3844 121 52 The
517 3844 429 68 Pennsylvania
984 3843 374 55 constitution
1394 3843 64 53 of
1496 3843 162 60 1776;
1700 3861 26 33 a
1770 3842 172 66 study
1983 3842 52 52 in
290 3843 1981 147 revolutionary

548 3920 1574 71 democracy, by J. Paul Selsam … Philadelphia,
292 3920 1978 148 University
543 3999 65 54 of
645 4001 428 69 Pennsylvania
1111 4019 184 50 press;
1340 4000 259 64 London,
1638 4000 75 53 H.
1758 3998 266 55 Milford.
2068 3996 225 57 Oxford

291 4079 319 69 university
642 4098 175 50 press,
853 4085 150 49 1936.
