2519 4377
1262 4131 103 49 426

385 527 855 51 xvi p., 1 l., 19-406 p., 1 l. 22 cm .
389 599 352 50 Bibliography
759 609 10 31 :
799 610 44 38 p.
872 597 220 42 382-390.

311 667 54 53 ©
387 672 114 47 Apr.
524 672 38 47 7,
587 669 142 48 1936;
755 670 65 40 2c.
845 670 115 48 Apr.
984 668 26 41 9
1028 680 9 37 ;
1063 669 83 41 aff.
1169 669 116 49 Apr.
1308 669 81 48 16;
1417 670 41 39 A
1479 669 143 40 92981
1642 679 9 38 ;
1678 669 51 39 F.
1754 669 273 48 Lundberg,
2051 669 117 40 New
2191 666 146 43 York.

398 727 252 50 (36-8695)

315 832 326 66 McKenna,
671 833 284 64 Stephen,
989 838 171 49 1888-

385 910 194 55 While
607 908 66 54 of
704 910 182 52 sound
914 909 161 53 mind
1094 929 11 49 ;
1139 928 31 34 a
1201 910 165 52 novel
1397 909 76 70 by
1508 908 254 70 Stephen
1793 908 324 55 McKenna.
314 908 1995 150 London,
473 990 375 52 Hutchinson
872 992 47 50 &
946 1008 98 50 co.,
1071 988 104 55 ltd.
1231 993 134 49 [1936]

385 1065 71 40 xii
484 1076 58 38 p.,
571 1065 25 39 1
660 1095 9 18 l.,
699 1064 176 42 15-496
902 1076 44 39 p.
1004 1063 56 42 19
1064 1067 43 21 cm
1113 1098 8 7 .

317 1131 2002 112 © 1c. Apr. 18, 1936; A ad int. 21330; pubd. Feb. 20; S. McKenna, London. (36-9472)
313 1298 292 67 Malcolm,
633 1299 230 65 George
890 1299 255 64 Arthur,
1174 1305 173 50 1881-

384 1376 122 54 The
542 1376 475 54 commonwealth
1051 1376 64 53 of
1151 1376 95 53 the
1283 1375 388 69 Philippines,
1707 1377 72 67 by
1816 1375 224 69 George
2078 1377 71 51 A.
312 1375 1994 134 Malcolm

553 1455 1781 69 … New York, London, D. Appleton-Century company,
315 1535 421 67 incorporated,
768 1537 151 50 1936.

385 1608 137 50 xviii,
549 1609 84 41 511
662 1621 43 37 p.
762 1607 164 51 front.,
955 1610 171 48 plates,
1154 1612 165 46 ports.,
1347 1608 117 42 fold,
1494 1619 125 39 map,
1648 1608 181 49 diagrs.
1884 1607 55 40 23
1943 1610 44 21 cm
1993 1640 8 9 .

387 1681 364 42 “Constitution
782 1683 52 39 of
862 1683 82 40 the
973 1681 332 49 Philippines”
1325 1693 9 30 :
1362 1692 41 38 p.
1431 1681 220 42 435-458.

315 1749 52 53 ©
402 1754 122 40 Mar.
559 1754 70 47 27,
667 1753 141 47 1936;
844 1753 68 40 2c.
945 1755 97 39 and
1077 1753 82 41 aff.
1197 1754 121 39 Mar.
1354 1752 82 48 30;
1474 1754 40 38 A
1549 1751 173 44 92648;
1761 1754 58 40 D.
1854 1751 481 49 Appleton-Century

384 1823 82 38 co.,
497 1811 92 42 inc.
662 1812 228 49 (36-8737
900 1812 15 48 )

312 1917 501 53 Massachusetts.
888 1919 185 64 Laws,
1101 1924 258 60 statutes,
1386 1924 100 46 etc.

312 1994 2021 147 Annotated laws of Massachusetts. 1936 semi-annual supplement … Charlottesville, Va., The Michie company; Rochester,
313 2154 69 52 N.
412 2154 91 62 Y.,
531 2152 121 52 The
680 2153 271 66 Lawyers
979 2151 384 68 co-operative
1391 2152 339 67 publishing
1756 2168 283 51 company
2071 2184 14 35 [
2090 2156 17 21 c
2113 2153 134 50 1936]

385 2225 55 43 82
469 2236 43 40 p.
573 2225 56 42 23
631 2227 47 24 cm
683 2258 10 9 .

313 2294 53 53 ©
398 2299 114 47 Apr.
544 2298 42 48 3,
617 2297 116 40 1936
751 2308 8 36 ;
795 2297 67 41 2c.
896 2298 95 39 and
1025 2297 82 40 aff.
1141 2298 113 47 Apr.
1287 2298 25 39 8
1330 2308 8 35 ;
1375 2297 40 39 A
1447 2296 144 41 92835
1611 2307 8 37 ;
1657 2296 177 40 Michie
1868 2306 67 30 co.
1969 2297 98 39 and
2100 2296 233 47 Lawyers

385 2356 326 48 co-operative
745 2356 110 48 pub.
891 2366 67 30 co.

311 2461 344 65 Middleton,
683 2461 239 55 Lamar.

431 2537 1900 69 … The rape of Africa. New York, H. Smith and R. Haas,
313 2621 150 49 1936.

382 2691 85 41 331
497 2702 41 38 p.
598 2690 166 47 front.,
792 2691 129 41 illus.
950 2689 135 50 (incl.
1115 2691 163 47 maps)
1312 2692 163 48 ports.,
1505 2690 180 50 diagrs.
1743 2691 56 40 22
1802 2693 44 21 cm
1851 2722 10 10 .

385 2761 448 49 “Bibliographical
863 2760 142 42 note”
1023 2772 11 32 :
1066 2772 45 39 p.
1142 2760 101 44 309.

314 2843 53 54 ©
405 2849 123 39 Mar.
565 2848 69 48 30',
675 2848 140 45 1936;
855 2847 67 41 2c.
961 2848 97 40 and
1095 2847 82 41 aff.
1216 2848 115 48 Apr.
1368 2848 52 46 1;
1461 2848 43 40 A
1540 2846 171 49 92653;
1753 2847 247 41 Harrison
2039 2846 158 42 Smith
2234 2846 96 41 and

383 2901 1670 54 Robert Haas, inc., ℅ Random house, New York. (36-8740)
312 3012 277 62 Molotov,
617 3010 359 55 Viacheslav
1007 3011 443 65 Mikhailovich,
1484 3018 169 49 1890-

443 3087 1881 68 … The international situation and the Soviet union. [New
315 3165 1208 70 York] International publishers [ c 1935]
378 3240 58 39 47
467 3251 43 37 p.
573 3240 128 41 illus.
731 3240 172 48 (port.)
974 3241 56 40 18½
1062 3243 44 21 cm
1112 3274 8 8 .

382 3299 64 40 At
473 3299 123 40 head
625 3299 54 39 of
705 3297 109 43 title
831 3309 9 30 :
872 3298 52 41 V.
954 3299 62 42 M.
1046 3299 228 41 Molotov.

383 3354 213 49 “Report
626 3366 61 29 on
721 3357 82 40 the
836 3357 134 39 work
1007 3356 52 40 of
1093 3358 84 39 the
1210 3359 314 46 government
1560 3359 49 38 at
1648 3357 81 40 the
1764 3358 201 40 seventh
2001 3355 240 50 Congress
2276 3357 51 40 of

312 3412 181 41 soviets
520 3413 53 40 of
597 3413 84 41 the
707 3413 56 42 U.
793 3413 43 41 S.
867 3413 45 41 S.
941 3413 190 49 R.”—p.
1157 3413 41 41 3.

312 3481 53 53 ©
388 3486 120 40 Mar.
532 3486 70 48 21,
627 3485 114 42 1935
760 3497 9 37 ;
792 3486 68 42 2c.
885 3488 121 39 Mar.
1031 3486 70 48 28,
1126 3485 114 42 1936
1258 3497 9 37 ;
1294 3487 82 40 aff.
1402 3489 112 39 Dec.
1538 3487 70 49 24,
1633 3487 114 41 1935
1766 3500 8 31 ;
1803 3489 40 38 A
1867 3488 140 41 92891
2030 3500 9 37 ;
2068 3488 257 42 Internatl.

383 3545 276 47 publishers
694 3556 82 36 co.,
812 3545 90 40 inc.
974 3545 251 45 (36-8714)

312 3649 371 65 Morehouse,
709 3653 140 53 Mrs.
876 3651 294 53 Kathleen
1203 3652 262 64 (Moore)

386 3724 146 54 Rain
574 3745 71 33 on
685 3727 94 52 the
818 3728 136 65 just,
993 3728 72 67 by
1105 3727 284 52 Kathleen
1430 3727 353 53 Morehouse.
1860 3727 140 54 New
2041 3728 181 69 York,
2259 3729 65 55 L.

313 3805 638 69 Furman, inc. [ c 1936]
380 3877 87 41 319
498 3889 43 37 p.
600 3877 61 41 19½
689 3881 45 21 cm
740 3911 8 9 .

384 3935 290 40 Illustrated
705 3938 97 46 t.-p.

315 4000 53 54 ©
404 4005 113 47 Apr.
554 4005 70 47 13,
662 4004 118 42 1936
794 4016 10 36 ;
842 4005 68 41 2c.
949 4006 95 40 and
1081 4005 82 41 aff.
1202 4007 113 47 Apr.
1353 4006 81 46 16;
1475 4007 31 37 A
1551 4005 26 27 9
1579 4005 110 40 3691
1713 4017 8 30 :
1762 4007 45 38 V
1862 4007 300 44 Morehouse,
2202 4006 123 41 Oak-

386 4064 177 47 woods,
590 4063 55 41 N.
674 4063 51 42 C.
795 4063 227 47 (36-8617)
