2519 4377
1333 4059 134 53 1780

376 372 269 65 Balyeat,
672 374 132 63 Ray
826 373 257 63 Morton,
1110 377 172 51 1889-

445 450 262 69 Allergic
753 449 272 68 diseases;
1075 449 151 53 their
1274 448 291 71 diagnosis
1614 451 112 52 and
1772 456 326 62 treatment,
2142 453 76 68 by
2263 454 129 67 Ray

378 527 2016 69 M. Balyeat … assisted by Ralph Bowen … illustrated with 132
374 606 365 70 engravings,
766 604 302 70 including
1092 609 30 50 8
1146 607 60 52 in
1232 606 196 53 colors.
1491 607 101 52 4th
1616 606 105 68 ed.,
1746 626 114 35 rev.
1888 608 113 53 and
2026 608 108 53 enl.
374 609 1995 144 Philadelphia,

654 685 66 53 F.
751 683 70 54 A.
853 684 182 55 Davis
1065 701 299 52 company,
1394 686 152 52 1936.

446 769 77 38 xv,
555 757 178 41 17-516
759 768 44 38 p.
863 757 166 48 front.,
1060 760 144 46 illus.,
1237 758 87 41 col.
1353 757 173 49 plates,
1559 761 164 47 ports.,
1756 760 181 48 diagrs.
1998 758 56 39 22½
2088 761 44 22 cm
2137 791 8 9 .

447 816 228 41 Includes
711 814 367 44 “References”.

379 883 1932 53 © Sept. 8, 1936; 2c. Nov. 12; aff. Nov. 13: A 99892; F. A. Davis co.
460 943 284 50 (36-34586)

379 1051 244 64 Barton,
647 1049 229 54 Walter
901 1049 225 64 Elbert,
1154 1055 174 49 1886-

449 1126 245 53 Federal
722 1125 220 53 income
971 1126 114 52 and
1115 1129 176 49 estate
1319 1129 102 49 tax
1447 1125 157 69 laws,
1633 1124 347 70 correlated;
2010 1125 175 72 being
2215 1145 31 35 a
379 1145 1994 113 correlation

653 1203 68 54 of
746 1204 95 53 the
871 1204 233 53 Income
1136 1209 99 47 tax
1267 1208 118 49 acts
1416 1202 65 55 of
1512 1206 155 66 1924,
1700 1206 154 66 1926,
1886 1206 158 69 1928,
2074 1207 154 69 1932,
2261 1208 137 50 1934

378 1284 113 52 and
525 1285 155 65 1936,
714 1282 142 53 with
891 1282 410 68 amendments,
1335 1282 115 53 and
1483 1282 97 53 the
1615 1282 203 53 Estate
1851 1287 101 49 tax
1989 1288 118 49 acts
2143 1283 65 54 of
2245 1286 153 64 1916,

382 1360 151 68 1917,
566 1364 155 65 1918,
756 1363 153 66 1921,
943 1363 137 50 1924
1109 1361 115 52 and
1258 1363 153 65 1926,
1442 1360 141 53 with
1616 1361 409 54 amendments.
2094 1361 142 55 Also
380 1379 1993 129 containing

635 1439 96 53 the
764 1438 134 55 Gift
930 1444 101 47 tax
1061 1443 118 49 acts
1210 1438 65 54 of
1309 1441 138 50 1924
1477 1439 113 53 and
1626 1441 154 66 1932,
1812 1438 141 54 with
1990 1440 409 67 amendments,

380 1518 91 52 the
509 1536 188 35 excess
731 1517 202 69 profits
970 1518 113 53 and
1119 1517 214 69 capital
1371 1517 160 54 stock
1564 1523 159 48 taxes
1758 1516 260 71 imposed
2055 1515 152 59 since
2246 1521 152 64 1933,

383 1595 139 55 with
554 1597 410 67 amendments,
996 1596 97 54 the
1124 1595 326 70 provisions
1484 1594 65 55 of
1582 1595 98 55 the
1712 1601 91 50 act
1838 1595 65 56 of
1938 1599 137 52 1936
2109 1596 143 55 with
380 1596 1997 132 reference

609 1681 59 48 to
701 1674 201 70 unjust
936 1675 357 53 enrichment
1329 1675 114 53 and
1479 1673 243 56 refunds
1757 1674 66 55 of
1856 1674 331 71 processing
2222 1681 178 62 taxes,

381 1754 114 53 and
539 1754 96 53 the
679 1753 247 54 Revised
971 1757 240 50 statutes
1256 1753 327 69 applicable
1626 1759 59 49 to
1730 1752 223 55 federal
2000 1754 280 69 taxation,
2325 1754 76 70 by

382 1830 2017 72 Walter E. Barton … and Carroll W. Browning … 7th ed.
382 1910 272 70 Chicago,
687 1910 325 70 Callaghan
1042 1911 114 53 and
1187 1928 301 51 company,
1522 1912 152 51 1936.

453 1984 138 48 xxiii,
623 1983 87 42 516
736 1994 44 38 p.
841 1984 58 40 26
902 1986 45 22 cm
950 2019 9 6 .

385 2039 2020 53 © Nov. 19. 1936; 2c. Nov. 23: aff. Nov. 21: A 100627; W. E. Barton,
458 2100 339 48 Washington.
862 2099 282 49 (36-34571)

386 2204 320 64 Beresney,
733 2202 286 66 Timothy
1043 2202 72 57 A.

518 2281 1887 67 … Elementary Russian for use in the Russian schools in the
388 2360 1992 133 United States, first year [by] Timothy A. Beresney … Pushkin Russian
821 2438 209 67 school,
1074 2439 134 52 29th
1252 2438 216 53 branch
1514 2438 64 53 of
1620 2439 96 52 the
1759 2438 283 57 ROOVA
387 2439 1993 132 “Cooperation”.
643 2518 158 66 [New
844 2517 165 54 York
1050 2517 133 67 city,
1226 2519 65 51 T.
1335 2518 72 52 A.

1450 2518 314 66 Beresney;
1812 2516 352 68 Southbury,
2207 2516 199 67 Conn.,

388 2598 204 52 Alatas
617 2615 99 46 co.,
744 2595 361 68 Churaevka,
1130 2602 18 23 c
1153 2598 135 50 1936
1294 2630 12 33 ]

455 2670 59 42 48
542 2681 44 38 p.
645 2668 58 42 26
707 2671 45 22 cm
755 2701 9 9 .

460 2727 65 40 At
561 2727 128 41 head
729 2726 53 41 of
819 2726 138 41 title:
996 2725 114 41 29th
1150 2726 184 40 branch
1375 2725 52 42 of
1466 2727 84 40 the
1588 2725 216 42 Russian
1843 2724 335 43 consolidated
2217 2727 191 41 mutual

386 2784 82 40 aid
498 2784 184 49 society
710 2784 53 40 of
788 2783 226 41 America
1053 2783 80 50 (R.
1163 2782 52 42 O.
1246 2781 52 43 O.
1326 2783 55 41 V.
1408 2782 81 51 A.)

461 2836 1428 53 Added t.-p.: Зπементарный курс русского языка.
391 2921 2020 54 © Sept. 5, 1936; 2c. Sept. 22; aff. Oct. 21; A 100288; 29th Branch of
463 2983 82 39 the
574 2981 217 41 Russian
818 2981 334 42 consolidated
1182 2982 187 39 mutual
1400 2981 81 40 aid
1511 2990 91 31 soc.
1633 2980 51 41 of
1711 2980 239 50 America,
1981 2981 119 39 New
2124 2981 146 40 York.

472 3038 284 49 (36-34383)

390 3145 198 65 Bortz,
618 3144 256 54 Edward
902 3144 233 64 LeRoy,
1166 3149 171 50 1896-

463 3221 53 53 A
557 3221 249 54 diabetic
846 3222 233 52 manual
1120 3220 94 53 for
1257 3220 405 68 practitioners
1704 3221 114 53 and
1861 3220 270 68 patients,
2171 3220 77 67 by
392 3220 1986 133 Edward

585 3298 1819 69 L. Bortz … with a foreword by George Morris Piersol
452 3379 1223 69 … Philadelphia, F. A. Davis co., 1936.
463 3450 959 51 xxi, 23-222 p. illus., 2 col. pl. 20½cm.
466 3511 144 42 “Diet
636 3510 147 43 card”
812 3510 102 42 laid
943 3510 64 44 in.

468 3569 140 41 Some
637 3569 54 40 of
721 3569 84 40 the
836 3569 229 47 chapters
1095 3569 126 39 have
1248 3567 120 40 been
1400 3565 198 42 written
1631 3566 61 48 by
1723 3564 291 50 specialists.

395 3624 53 53 ©
507 3628 45 38 July
614 3627 72 47 29,
709 3626 142 43 1936;
879 3626 67 39 2c.
974 3627 117 38 Nov.
1118 3624 54 41 12;
1229 3625 82 40 aff.
1338 3626 120 39 Nov.
1484 3623 83 42 13:
1595 3625 41 39 A
1661 3622 172 43 99889;
1864 3623 53 41 F.
1944 3623 53 38 A.
2027 3620 153 40 Davis
2207 3631 67 30 co.

476 3683 284 49 (36-34789)

395 3783 198 67 Boyle,
620 3788 151 64 Kay,
799 3789 173 50 1903-
1185 3784 85 53 ed.

466 3867 100 51 365
607 3868 158 65 days,
805 3863 190 54 edited
1034 3863 75 67 by
1147 3863 134 68 Kay
1318 3862 198 68 Boyle,
1553 3863 291 51 Laurence
1881 3859 135 54 Vail
2062 3858 149 68 [and]
2256 3856 152 54 Nina

394 3942 307 58 Conarain.
780 3944 139 53 New
954 3942 182 69 York,
1172 3942 312 65 Harcourt,
1518 3942 182 51 Brace
1738 3938 109 52 and
1886 3955 282 49 company
2391 3967 11 33 [c1936]
