2519 4377
1052 4066 101 54 247

99 444 291 63 Stockley,
420 443 275 63 Cynthia.

169 521 181 53 Three
377 521 207 52 sisters.
665 519 359 66 [Instalment
1050 522 48 62 2]

180 608 79 47 (In
289 604 84 50 My
402 603 156 50 home,
588 602 131 50 Feb.,
752 602 141 50 1936)

101 672 53 53 ©
213 687 37 29 1c.
280 677 119 38 Mar.
432 676 69 46 20,
534 674 116 41 1930;
709 676 39 38 A
780 676 61 38 ad
874 674 85 40 int.
993 674 169 43 21211;
1198 675 140 47 pubd.
1373 675 108 39 Jan.
1515 674 83 46 24;
1634 674 222 47 Dorothy
1885 674 210 47 Wymer,

171 733 245 47 Worthen,
459 733 156 46 Salop,
656 732 235 47 England.

100 836 307 64 Strachey,
436 836 172 55 John.

173 913 186 55 Social
387 912 205 65 credit;
624 932 71 32 an
723 912 280 53 economic
1031 911 247 68 analysis
1305 912 74 66 by
1405 911 156 54 John
1592 911 291 68 Strachey.
102 913 1968 135 London,

274 993 69 52 V.
387 990 272 56 Gollancz
705 991 120 66 ltd.,
870 989 210 68 jointly
1123 990 139 52 with
1307 990 119 52 The
1470 989 288 56 Workers’
1802 990 292 68 bookshop

101 1069 120 65 ltd.,
251 1073 149 49 1936.

171 1155 55 40 24
254 1166 44 37 p.
355 1154 54 39 22
412 1157 44 21 cm
462 1187 8 7 .

103 1221 1994 53 © 1c. Mar. 28, 1936; A ad int. 21236; pubd. Feb. 3; J. Strachey, London.
101 1344 227 62 Stuart,
355 1343 260 54 Graham
642 1343 223 61 Henry,
894 1344 169 53 1887-

169 1418 305 54 American
511 1417 335 69 diplomatic
880 1418 112 52 and
1027 1417 261 54 consular
1324 1417 266 68 practice,
1621 1417 74 68 by
1729 1416 258 56 Graham
2020 1418 77 53 H.

103 1497 201 55 Stuart
333 1540 55 9 ...
454 1497 138 52 New
618 1496 180 67 York,
819 1496 258 66 London,
1099 1496 71 52 D.
1195 1494 581 70 Appleton-Century
1801 1513 298 51 company,

101 1576 397 68 incorporated
534 1578 171 65 [1936]

173 1663 64 47 xi,
267 1663 87 40 560
378 1674 44 37 p.
480 1662 56 41 23
540 1664 43 21 cm
588 1694 8 9 .

174 1734 139 46 Maps
341 1743 60 29 on
428 1730 362 49 lining-papers.

175 1789 69 40 “A
271 1789 207 40 selected
507 1788 85 41 list
617 1788 53 41 of
697 1788 148 40 books
873 1786 282 50 containing
1182 1787 226 41 material
1438 1787 278 50 pertaining
1741 1790 49 38 to
1816 1788 284 49 diplomatic

103 1847 95 40 and
226 1846 225 40 consular
477 1843 241 50 practice”;
776 1856 42 37 p.
847 1844 214 41 524-533.

103 1914 53 53 ©
181 1918 109 40 Feb.
315 1918 69 45 24,
411 1916 112 41 1936;
577 1917 66 39 2c.
672 1917 109 39 Feb.
807 1916 56 39 26;
918 1916 82 39 aff.
1026 1916 110 39 Feb.
1163 1915 58 41 27;
1274 1916 42 39 A
1339 1915 146 41 91940;
1541 1918 56 39 D.
1624 1917 477 48 Appleton-Century

171 1985 81 37 co.,
286 1974 89 40 inc.
447 1972 250 49 (36-7085)

103 2076 279 65 Sullivan,
411 2076 190 64 Mark,
632 2077 172 54 1874-

177 2194 57 11 ...
274 2151 123 56 Our
431 2150 180 69 times,
650 2153 309 50 1900-1925
1002 2193 55 9 ...
1135 2149 302 54 Avondale
1474 2150 85 53 ed.
1634 2150 140 53 New
1813 2151 181 68 York,
2035 2150 62 55 C.

105 2229 311 57 Scribner’s
443 2244 127 39 sons;
626 2229 259 67 London,
914 2228 62 56 C.
1009 2227 313 57 Scribner’s
1350 2246 146 51 sons,
1525 2228 122 70 ltd.,
1676 2231 150 52 1935.

171 2305 27 40 6
257 2337 9 9 v.
297 2305 187 46 fronts.,
517 2304 126 40 illus.
675 2303 130 49 (incl.
839 2303 229 48 facsims.,
1101 2301 177 50 music)
1318 2304 163 46 ports.,
1515 2302 179 49 diagrs.
1753 2302 57 40 24½
1842 2305 43 22 cm
1891 2336 8 8 .

176 2375 182 41 “Seven
393 2376 218 39 hundred
651 2376 94 38 and
782 2376 202 46 seventy
1019 2375 99 39 sets
1154 2374 124 41 have
1314 2374 117 40 been
1467 2373 194 48 printed
1701 2376 96 39 and
1835 2376 166 47 signed
2040 2375 60 47 by

106 2432 80 40 the
223 2434 203 45 author;
466 2434 182 45 twenty
686 2434 98 38 sets
822 2443 82 29 are
941 2433 80 38 for
1055 2432 332 47 presentation
1429 2433 95 39 and
1562 2442 144 30 seven
1744 2433 221 41 hundred
2005 2435 94 39 and

104 2488 112 49 fifty
240 2492 98 38 sets
364 2500 81 30 are
470 2490 78 38 for
573 2488 368 48 subscription.”
993 2489 118 41 This
1136 2490 73 39 set
1232 2489 42 40 is
1299 2489 79 40 for
1399 2491 347 46 presentation.

449 2583 93 17 CONTENTS.—I.
568 2560 101 40 The
698 2561 112 38 turn
836 2560 52 39 of
914 2561 80 39 the
1021 2561 335 45 century.—II.
1380 2561 223 40 America
1632 2560 185 50 finding
1842 2562 257 40 herself.—

167 2648 11 10 III.
216 2617 215 41 Pre-war
466 2617 370 40 America.—IV.
876 2617 100 40 The
1015 2627 104 30 war
1155 2617 180 47 begins,
1376 2617 389 43 1909-1914.—V.
1806 2619 125 41 Over
1972 2621 126 43 here,

175 2677 126 40 ner’s
328 2688 125 28 sons.
513 2676 281 50 [Copyright,
819 2676 41 40 is
888 2676 205 40 claimed
1120 2686 58 29 on
1208 2677 211 49 preface]
1488 2678 250 47 (36-7107)

107 2744 53 52 ©
189 2749 108 38 Jan.
328 2748 68 46 15,
427 2747 139 45 1936;
598 2746 56 40 2c
682 2748 116 38 each
831 2746 109 40 Feb.
971 2747 53 45 4;
1055 2746 81 40 aff.
1169 2748 121 39 Mar.
1323 2748 80 45 14;
1437 2748 42 38 A
1507 2747 171 48 92313;
1713 2749 202 41 Charles
178 2749 1907 95 Scribner’s
337 2813 124 30 sons.
526 2802 279 50 [Copyright
840 2803 41 39 is
916 2803 205 39 claimed
1154 2814 60 28 on
1248 2803 216 49 Preface]
1541 2805 250 49 (36-7107)

107 2907 375 63 Sutherland,
509 2906 277 64 Halliday
813 2905 237 66 Gibson,
1080 2912 170 49 1882-

177 2984 165 52 Laws
366 2982 65 54 of
455 2981 122 68 life,
603 2983 76 66 by
705 2981 281 68 Halliday
1015 2981 366 55 Sutherland.
1468 2984 139 53 [New
1635 2983 179 69 York]
1847 2985 184 55 Sheed
2058 2989 47 50 &

105 3062 199 65 Ward,
342 3063 149 50 1936.

214 3165 8 15 v,
251 3135 86 40 270
362 3145 42 37 p.
461 3133 142 47 illus.,
631 3133 178 48 diagrs.
867 3133 58 40 19½
953 3135 45 21 cm
1003 3164 9 9 .

110 3202 53 52 ©
193 3206 108 39 Jan.
332 3204 69 47 29,
435 3203 111 41 1936;
608 3204 67 39 2c.
706 3204 95 39 and
834 3204 81 39 aff.
949 3204 109 39 Feb.
1089 3204 53 46 3;
1173 3204 43 39 A
1245 3203 170 48 93031;
1451 3206 60 40 H.
1547 3206 309 50 Sutherland,
1891 3208 211 41 London.

189 3261 249 48 (36-7089)

108 3365 229 64 Tayler,
362 3364 254 55 William
641 3362 307 55 Lonsdale.

179 3440 239 54 Federal
452 3444 170 50 states
656 3440 113 52 and
799 3439 161 54 labor
991 3438 256 68 treaties;
1280 3439 271 55 relations
1582 3444 65 52 of
1680 3442 219 55 federal
1932 3449 173 49 states

110 3523 59 48 to
200 3518 94 54 the
325 3516 420 54 International
776 3516 162 54 labor
968 3516 396 70 organization
1406 3517 61 70 (a
1495 3520 172 69 study
1695 3520 64 53 of
1789 3521 96 53 the
1914 3521 188 71 origin

114 3597 114 53 and
256 3597 349 67 application
639 3596 63 51 of
733 3601 105 46 art.
873 3599 81 63 19,
981 3613 122 50 par.
1136 3599 49 63 9,
1215 3594 65 55 of
1309 3596 77 53 its
1414 3596 399 71 constitution)
1856 3599 75 69 by
116 3600 1965 127 William

279 3675 280 52 Lonsdale
590 3675 210 66 Tayler
835 3716 55 9 ...
926 3673 139 52 with
1098 3692 31 34 a
1162 3673 286 54 foreword
1479 3675 76 69 by
1587 3675 228 56 Samuel
1848 3679 259 55 McCune

115 3752 252 69 Lindsay
401 3795 55 10 ...
526 3753 138 52 New
698 3751 162 53 York
895 3751 231 68 [Apollo
1155 3769 174 50 press]
1368 3756 150 50 1935.

185 3827 82 39 171
297 3837 43 37 p.
401 3826 58 39 22
460 3829 15 20 cm
508 3857 8 8 .

185 3881 347 49 Bibliography;
590 3892 44 38 p.
662 3881 215 41 159-167.

116 3947 52 52 ©
204 3953 108 38 Dec.
350 3952 69 47 28,
456 3952 112 39 1935;
636 3952 66 38 2c.
741 3952 95 38 and
875 3950 80 40 aff.
996 3951 111 39 Dec.
1144 3950 61 41 30;
1269 3952 41 38 A
1346 3951 147 42 90115;
1557 3956 70 39 W.
1667 3957 50 39 L.
1757 3958 189 47 Tayler,
1986 3961 118 40 New

185 4008 142 41 York.
390 4008 249 46 (36-7084)
