2519 4377
1006 4072 129 48 1429

163 512 288 40 “Published
489 513 127 38 from
656 513 82 39 the
774 513 227 47 proceeds
1039 513 53 40 of
1129 514 83 39 the
1249 511 232 42 Hermine
1522 511 266 42 Schonthal
1826 512 253 40 memorial

93 569 291 48 publication
419 568 165 39 fund.”

87 622 50 53 ©
170 628 125 44 Sept.
326 625 69 47 20,
427 624 139 47 1930;
599 624 68 40 2c.
702 624 126 47 Sept.
861 624 82 48 30;
978 624 81 39 aff.
1096 625 125 47 Sept.
1254 625 82 48 26;
1370 626 39 38 A
1439 624 170 48 99051;
1646 624 158 41 Union
1836 624 53 40 of
1917 626 160 39 Amer.

155 681 205 40 Hebrew
385 681 380 47 congregations.
830 680 279 49 (36-22372)

88 787 234 60 Cooper,
349 785 226 53 Lettice
602 784 212 63 Ulpha.

157 860 118 51 The
300 877 120 34 new
446 858 187 68 house,
659 859 75 68 by
756 859 216 53 Lettice
1002 859 236 68 Cooper.
1300 861 137 52 New
1467 860 178 67 York,
1671 861 121 51 The
88 860 1963 130 Macmillan
217 954 295 51 company,
550 939 150 51 1936.

157 1011 85 39 319
280 1022 39 36 p.
387 1011 56 38 20½cm.

85 1062 51 53 ©
161 1067 100 40 Oct.
288 1068 66 41 13,
379 1067 139 40 1936:
545 1066 66 41 2c.
638 1067 95 38 and
757 1066 81 41 aff.
864 1067 102 40 Oct.
992 1067 55 39 14;
1101 1067 41 39 A
1166 1065 144 42 99359;
1368 1067 282 40 Macmillan
1673 1077 68 32 co.

163 1123 278 49 (36-22182)

87 1227 243 62 Corwin,
358 1227 249 53 Edward
636 1227 253 64 Samuel,
919 1232 164 50 1878-

155 1305 83 50 The
317 1322 304 35 commerce
664 1323 189 48 power
896 1322 192 35 versus
1131 1309 171 48 states
1347 1303 200 69 rights.
1644 1306 193 51 “Back
1881 1312 57 47 to
1981 1306 96 52 the

86 1381 1989 147 Constitution.” By Edward S. Corwin … Princeton, Princeton university press; London, H. Milford, Oxford university
89 1556 165 45 press,
286 1540 146 49 1936.

148 1608 403 48 xiv, 276 p . 19½cm.
84 1662 50 53 ©
158 1668 117 43 Aug.
301 1668 39 40 4,
368 1665 138 41 1936:
534 1666 66 39 2c.
628 1666 103 42 Oct.
757 1666 25 39 2;
839 1667 80 38 aff.
951 1667 127 47 Sept.
1106 1667 55 39 29;
1218 1668 38 38 A
1284 1665 143 43 99107;
1482 1666 259 41 Princeton
1769 1668 128 40 univ.
1925 1676 152 38 press.

161 1722 277 47 (36-17502)

87 1824 244 65 Craigie.
374 1827 97 51 Sir
505 1826 254 54 William
798 1826 352 65 Alexander,
1193 1828 168 53 1867-
1573 1829 83 52 ed.

203 1903 1873 70 A dictionary of American English on historical principles,
83 1981 1993 67 edited by Sir William Craigie … with the collaboration of
84 2059 1990 67 James R. Hulbert … George Watson, associate editor, Mitford
89 2138 70 50 M.
196 2138 289 54 Mathews,
517 2137 264 52 assistant
811 2136 183 54 editor
1049 2138 108 51 [and]
1214 2138 169 52 Allen
1413 2138 236 54 Walker
1679 2139 177 64 Read,
87 2139 1962 128 assistant
211 2214 197 53 editor.
477 2217 89 50 Pt.
604 2219 43 49 1.
681 2216 382 67 A-Baggage.
1141 2214 267 69 Chicago,
1441 2216 112 64 Ill.,
1588 2216 118 53 The
1740 2217 335 67 University

85 2293 59 50 of
170 2293 250 60 Chicago
444 2311 154 47 press
628 2296 172 63 [1936]

187 2344 410 69 x. [2]. 116 p. 30cm.
83 2417 51 53 ©
163 2423 125 46 Sept.
349 2455 7 8 8.
384 2422 138 42 1936;
553 2422 66 38 2c.
649 2422 102 40 Oct.
779 2422 52 40 2:
864 2420 82 42 aff.
976 2422 102 41 Oct.
1108 2424 51 41 5;
1192 2423 39 39 A
1257 2422 115 39 99168;
1461 2421 282 48 University
1771 2423 51 38 of
1851 2420 224 53 Chicago,

151 2478 221 45 Chicago.
430 2478 279 50 (36-21500)

84 2582 285 64 Crapullo,
400 2583 224 63 George
653 2583 304 64 Anthony,
988 2589 170 49 1890-

154 2657 1922 71 Messages to modern youth, by George A. Crapullo … New
88 2735 158 53 York
277 2742 136 60 [etc.]
447 2735 267 69 Fleming
738 2736 76 53 H.
844 2737 197 52 Revell
1070 2754 280 50 company
1383 2741 192 63 [c1936]

155 2808 54 40 84
247 2820 41 37 p.
355 2810 55 39 19½cm.

85 2859 50 54 ©
161 2865 99 42 Oct.
285 2867 39 46 3,
350 2866 140 42 1936:
518 2866 66 41 2c.
612 2866 96 40 and
733 2866 83 42 aff.
844 2866 101 41 Oct.
975 2867 52 47 6;
1055 2866 40 40 A
1121 2865 170 49 98788;
1322 2867 221 49 Fleming
1568 2868 58 40 H.
1656 2868 166 40 Revell
1850 2877 68 33 co.

158 2923 278 49 (36-22368)

86 3026 357 64 Cummings,
472 3026 197 54 Oliver
695 3027 264 56 DeWolf.

156 3101 453 68 Administering
654 3102 292 55 Christian
988 3102 298 54 education
1330 3103 59 52 in
1431 3104 95 53 the
1566 3105 145 52 local
1756 3105 239 66 church;
2043 3123 30 33 a

88 3180 216 52 manual
336 3180 92 52 for
455 3181 93 52 the
576 3181 210 52 church
812 3181 178 52 board
1017 3181 62 52 of
1108 3180 293 55 Christian
1429 3180 317 68 education,
1772 3182 76 67 by
1874 3182 200 55 Oliver

88 3257 1985 69 DeWolf Cummings … Philadelphia, Boston [etc.] The Judson
88 3352 148 46 press
267 3337 171 63 [1936]

157 3404 82 40 106
265 3416 40 37 p.
334 3405 108 40 inch
471 3407 153 46 plans,
655 3406 194 49 diagrs.,
874 3405 155 42 forms.
1102 3406 103 41 fold.
1249 3407 154 49 diagr.
1463 3406 58 42 19½cm.

155 3462 345 48 Bibliography
517 3473 10 29 :
558 3473 43 37 p.
633 3462 216 42 100-106.

87 3514 49 53 ©
161 3521 107 46 Apr.
294 3521 67 42 15.
388 3519 138 43 1936:
554 3520 66 42 2c.
645 3520 96 40 and
769 3520 80 43 aff.
876 3522 118 41 Aug.
1021 3522 52 41 8:
1102 3522 39 39 A
1165 3521 144 42 97314;
1365 3521 187 41 Judson
1576 3530 151 34 press.

162 3578 275 46 (36-22224)

87 3679 362 65 Desiardins,
477 3682 216 56 Lucile.

153 3758 116 51 The
341 3759 183 52 pioneer
549 3760 360 64 department
934 3760 64 53 of
1022 3760 63 52 the
1143 3759 228 66 church,
1395 3760 76 66 by
1494 3759 196 54 Lucile
1714 3759 357 67 Desjardins.

92 3834 37 49 A
445 3835 289 66 program-building
766 3837 147 52 book
947 3837 95 52 for
1077 3837 218 53 leaders
1332 3836 64 53 of
1430 3836 396 53 intermediate
1860 3854 213 50 groups

90 3909 1982 72 in the local church. Philadelphia, Boston [etc.] The Judson
91 4005 90 45 press
268 3994 151 60 [1936]
