2519 4377
1359 4052 64 48 60

380 380 218 65 Calley,
627 381 206 54 James
860 380 264 66 Willard,
1157 383 171 55 1872-

451 457 295 69 Complete
784 475 219 37 courses
1043 458 58 53 in
1142 458 133 53 civil
1316 458 238 66 service;
1596 455 275 72 practical
1910 458 211 51 lessons
2161 472 70 34 on
379 455 1995 148 subjects
562 536 235 53 covered
842 537 59 52 in
944 534 141 69 first,
1128 536 219 67 second,
1392 536 112 53 and
1548 534 159 55 third
1750 532 176 70 grade
1968 533 431 69 examinations,

384 614 141 52 with
580 616 359 66 suggestions
992 612 94 54 for
1139 613 171 69 study
1365 613 112 54 and
1530 612 215 69 sample
1798 609 386 56 examination
380 628 1991 132 questions,

579 693 271 52 exercises
884 691 113 54 and
1028 693 300 66 problems,
1360 691 74 69 by
1469 691 193 54 James
1694 691 90 54 W.
1822 688 214 69 Calley.
2113 689 98 52 5th
2244 690 157 53 ed.—

381 787 131 48 rev.,
544 772 151 50 1936.
772 769 267 69 Bayside,
1069 769 70 51 N.
1170 769 91 68 Y.,
1293 768 152 56 Civil
1477 769 210 55 service
1718 766 337 71 publishing
2086 785 77 35 co.
2382 802 12 34 [c1936]

449 840 87 41 272
565 840 53 49 (i.
655 854 38 30 e.
728 841 112 48 279)
882 852 43 38 p.
986 840 57 42 19½c
1092 843 27 21 m
1124 873 9 9 .

454 897 72 41 On
567 908 169 30 cover:
782 899 185 40 Mental
1009 900 135 47 tests,
1186 898 251 49 questions
1478 900 94 39 and
1613 909 218 30 answers
1870 899 79 40 for
1992 898 206 48 railway
2241 899 154 49 postal

379 953 147 50 clerk,
564 954 118 42 mail
722 956 198 48 carrier,
960 956 245 48 inspector
1242 956 52 41 of
1330 958 227 47 customs,
1596 969 43 38 p.
1678 968 40 30 o.
1756 956 147 48 clerk,
1942 956 161 50 patrol
2141 958 257 47 inspector,

380 1014 367 48 stenographer,
781 1014 284 47 immigrant
1098 1014 257 48 inspector,
1391 1016 166 46 typist.

380 1069 2020 54 © Jan. 2, 1936; 2c. Jan. 6; aff. Jan 31: A 91561; Civil service pub. co.
462 1131 254 49 (36-3495)

384 1219 348 68 Chambers,
764 1221 224 54 Robert
1019 1219 275 67 William,
1330 1227 326 50 1865-1933.

450 1298 122 52 The
594 1297 116 69 girl
731 1297 62 52 in
814 1297 209 69 golden
1044 1315 151 51 rags,
1217 1297 75 69 by
1313 1298 218 54 Robert
1552 1300 90 53 W.
1668 1298 330 56 Chambers.
2055 1298 142 53 New
2220 1298 182 66 York,

382 1375 261 68 London,
674 1376 72 53 D.
778 1374 586 71 Appleton-Century
1395 1394 299 51 company,
1726 1374 422 70 incorporated,
2180 1379 149 49 1936.

453 1450 27 40 3
509 1461 44 38 p.
584 1450 45 47 L,
659 1448 87 41 314
775 1460 43 38 p.
879 1448 60 43 20
940 1451 44 22 cm
987 1481 10 10 .

381 1503 54 54 ©
476 1509 110 39 Jan.
626 1508 71 47 31,
738 1507 142 47 1936;
922 1508 67 39 2c.
1033 1509 95 39 and
1169 1507 81 40 aff.
1295 1508 111 40 Feb.
1447 1509 53 41 3;
1544 1509 39 38 A
1625 1508 172 47 91587;
1841 1508 137 41 Elsie
2017 1509 60 38 M.
2121 1509 281 48 Chambers,

455 1564 315 49 Broadalbin,
796 1566 56 39 N.
878 1566 53 39 Y.
996 1565 253 48 (36-3137)

385 1657 153 62 Cole,
563 1658 140 52 Mrs.
729 1657 216 54 Maude
971 1657 66 52 E.
1070 1656 397 65 (Craighead)

456 1733 370 70 Clay-bound
956 1766 12 34 [by]
1000 1732 214 55 Maude
1240 1734 69 52 E.
1338 1733 153 56 Cole.
1553 1734 220 68 Dallas,
1797 1735 156 66 Tex.,
1979 1733 123 54 The
382 1733 1994 149 Kaleidograph
603 1830 159 51 press
979 1845 12 35 [c1935]

454 1885 691 51 xi p., 1 l., 15-82 p. 20 cm .
455 1944 187 43 Poems.

383 1998 54 54 ©
464 2004 113 39 Dec.
606 2002 72 47 30,
706 2001 118 41 1935;
879 2000 68 42 2c.
977 2002 111 40 Jan.
1117 2001 70 48 27,
1218 2001 140 42 1936;
1390 2001 80 40 aff.
1504 2002 109 40 Jan.
1644 2002 82 47 24;
1759 2003 41 39 A
1829 2001 173 49 91463;
2036 2002 369 50 Kaleidograph

452 2070 151 38 press.
670 2058 253 49 (36-3114)

386 2148 296 67 Coolidge,
713 2149 185 64 Dane,
932 2153 173 52 1873-

523 2226 1880 71 … Rawhide Johnny. New York, E. P. Dutton & co., inc.,
390 2309 151 53 1936.

447 2377 92 43 282
568 2390 44 38 p.
673 2378 57 41 19½c
779 2382 29 21 m
812 2413 9 9 .

456 2438 162 42 “First
648 2439 227 41 edition.”

384 2492 53 53 ©
464 2497 110 39 Feb.
601 2498 40 46 4,
671 2497 116 40 1936;
840 2496 68 41 2c.
936 2497 112 39 Feb.
1075 2496 52 46 6;
1158 2494 81 42 aff.
1269 2496 111 41 Feb.
1407 2496 52 46 5;
1489 2496 42 39 A
1556 2495 171 47 90630;
1758 2497 53 39 E.
1840 2497 50 40 P.
1919 2498 190 39 Dutton
2138 2498 35 39 &
2201 2507 82 38 co.,
2311 2499 92 40 inc.

464 2554 254 47 (36-3325)

387 2636 197 65 Craig,
610 2638 62 53 C.
697 2638 88 56 W.
810 2636 296 54 Thurlow.

459 2712 1945 71 Paraguayan interlude, by C. W. Thurlow Craig … London,
387 2792 72 53 A.
491 2793 242 67 Barker,
763 2793 104 53 ltd.
924 2796 153 65 [1935]

455 2867 87 42 319
572 2879 41 38 p.
675 2868 165 46 front.,
872 2869 173 48 plates,
1076 2870 149 48 ports.
1285 2867 55 41 22
1343 2869 44 22 cm
1394 2899 8 9 .

385 2922 2017 54 © 1c. Jan. 2, 1936; A ad int. 21035; pubd. Nov. 4, 1935; C. W. T. Craig,
456 2984 213 40 London.
733 2983 252 48 (36-4009)

388 3059 209 64 Crane,
625 3060 288 53 Nathalia
942 3060 172 54 Clara
1143 3060 182 64 Ruth,
1358 3065 171 49 1913-

386 3135 2009 149 … Swear by the night and other poems; with an introduction by Louis Untermeyer. New York, Random house [ c 1936 ]
456 3288 57 41 59
544 3299 45 38 p.
649 3287 57 41 23½c
756 3290 27 22 m
788 3320 9 9 .

459 3346 62 40 At
547 3346 127 40 head
702 3345 52 41 of
780 3344 137 43 title:
948 3346 236 41 Nathalia
1213 3345 171 43 Crane.

386 3398 52 53 ©
473 3403 110 40 Jan.
617 3403 71 46 27,
724 3403 118 40 1936;
901 3405 68 39 2c.
1005 3406 96 38 and
1136 3404 82 42 aff.
1254 3405 110 39 Jan.
1400 3403 55 41 29:
1520 3404 39 39 A
1594 3403 172 41 91514;
1804 3403 238 40 Nathalia
2077 3404 171 42 Crane.
2285 3406 118 39 New

454 3460 145 40 York.
668 3461 253 48 (36-3117)

387 3535 302 68 Crockett,
718 3537 211 54 Albert
959 3539 271 63 Stevens,
1262 3540 173 55 1873-

457 3613 122 53 The
604 3615 96 53 old
725 3614 539 55 Waldorf-Astoria
1289 3616 104 52 bar
1419 3614 175 67 book;
1624 3613 140 54 with
1791 3614 390 54 amendments
2207 3616 109 52 due
2342 3620 59 47 to

387 3694 192 67 repeal
613 3692 65 55 of
711 3693 97 54 the
995 3693 93 68 XVIIIth;
1126 3694 203 69 giving
1361 3694 96 53 the
1492 3698 216 49 correct
1738 3692 214 69 recipes
1989 3692 95 54 for
2116 3692 109 54 five
388 3694 1985 129 hundred
577 3770 273 55 cocktails
897 3772 113 53 and
1055 3773 192 52 mixed
1295 3772 201 54 drinks
1540 3773 208 53 known
1795 3771 114 53 and
1954 3772 199 53 served
2201 3779 58 47 at
2305 3774 94 52 the

390 3848 227 54 world’s
662 3855 147 48 most
854 3849 226 55 famous
1126 3851 159 53 brass
1329 3851 108 54 rail
1482 3850 196 54 before
1724 3849 374 70 prohibition,
2140 3851 260 68 together

391 3927 131 58 with
556 3945 155 38 more
737 3928 142 53 than
905 3947 104 35 one
1035 3930 264 53 hundred
1325 3929 343 54 established
1699 3929 279 53 formulas
2007 3928 94 54 for
2129 3929 268 55 cocktails
