2519 4377
1050 4076 100 49 455

111 520 74 64 by
217 519 225 52 Harold
480 518 60 54 C.
577 518 180 53 Hind.
833 519 278 65 Diagram
1146 517 63 52 of
1245 518 95 52 the
1372 516 241 67 playing
1646 516 248 66 position
1930 515 63 52 of
2031 534 71 33 an

112 592 1988 69 orchestra; photographs of each instrument … Paris, New
113 673 160 52 York
307 672 114 66 city
460 678 137 60 [etc.]
635 672 248 52 Hawkes
918 675 43 49 &
994 690 98 35 son
1126 672 293 65 (London)
1466 670 120 66 ltd.,
1621 676 18 21 c
1646 673 148 49 1936.

180 745 82 48 [35]
297 756 40 35 p.
399 744 142 45 illus.,
574 746 226 37 mounted
834 746 170 45 plates,
1038 743 176 47 diagrs.
1275 742 53 39 21½
1378 755 30 27 x
1427 743 60 40 28
1486 745 43 20 cm
1536 776 8 8 .

110 796 1992 53 © 1c. May 11, 1936; A ad int. 21411; pubd. Apr. 29; Hawkes & son
189 857 244 47 (London)
470 858 85 39 ltd.

113 959 264 65 Holland,
407 960 226 63 Rupert
663 961 273 62 Sargent,
971 962 169 53 1878-

182 1037 120 51 The
345 1054 90 34 sea
478 1041 187 47 scouts
706 1035 63 52 of
812 1033 363 54 Birch-Bark
1218 1032 203 69 island,
1464 1034 75 68 by
1586 1033 222 68 Rupert
1854 1032 242 69 Sargent

112 1109 1986 70 Holland … with illustrations by Walter Pyle. Philadelphia,
112 1190 255 64 London,
401 1191 53 53 J.
492 1191 65 50 B.
593 1189 338 68 Lippincott
967 1207 277 50 company
1285 1222 12 33 [
1303 1195 16 21 c
1324 1190 151 65 1936]

180 1259 98 48 300,
314 1261 53 49 [1]
402 1272 42 36 p.
505 1261 84 39 col.
621 1260 164 45 front.,
819 1260 170 48 plates,
1022 1270 124 38 map.
1206 1261 53 38 21
1264 1263 43 21 cm
1314 1293 8 9 .

182 1318 138 46 Maps
351 1327 58 29 on
441 1317 359 47 lining-papers.

108 1372 52 53 ©
190 1378 113 46 Apr.
334 1378 69 45 14,
430 1376 116 40 1936:
601 1376 67 40 2c.
701 1376 94 39 and
826 1376 82 40 aff.
939 1376 112 48 Apr.
1084 1376 81 45 24;
1199 1376 39 38 A
1270 1376 170 46 94138;
1475 1376 54 40 R.
1566 1377 43 39 S.
1642 1376 227 46 Holland,
1903 1376 198 46 Wayne,

178 1434 80 38 Pa.
326 1432 248 49 (36-9087)

109 1535 293 64 Hummel,
427 1536 233 52 Arthur
683 1534 272 65 William,
983 1540 170 49 1884-
1364 1536 84 52 ed.

241 1613 1855 68 … Some eminent Chinese of the seventeenth century;
108 1695 352 64 twenty-two
491 1691 365 68 biographies
890 1690 149 54 from
1071 1710 31 33 a
1134 1692 281 67 proposed
1445 1691 319 68 dictionary
1797 1691 64 52 of
1892 1691 208 68 Chhng

110 1769 245 68 dynasty
391 1768 350 70 biography;
781 1769 225 53 Arthur
1040 1771 89 53 W.
1168 1770 288 65 Hummel,
1493 1769 198 54 editor.
1768 1770 332 67 Baltimore,

108 1848 138 67 Md.,
275 1848 272 63 Waverly
579 1866 174 50 press,
784 1848 125 67 inc.,
945 1851 149 50 1936.

181 1920 62 48 vi,
269 1920 55 39 21
356 1931 42 37 p.
457 1920 55 40 27
516 1922 44 21 cm
564 1952 9 8 .

181 1977 62 39 At
270 1977 122 39 head
421 1977 51 39 of
497 1977 136 40 title:
666 1976 248 48 Specimen
942 1975 322 49 biographies.

182 2033 101 39 The
322 2031 309 48 compilation
672 2035 45 38 is
756 2044 26 29 a
826 2033 186 48 project
1055 2033 51 40 of
1147 2035 81 38 the
1268 2032 223 41 Division
1533 2032 51 40 of
1625 2032 259 41 orientalia
1926 2033 53 39 of
2020 2036 81 38 the

115 2088 201 47 Library
360 2088 52 40 of
455 2089 248 48 Congress,
746 2090 259 47 sponsored
1051 2090 60 47 by
1155 2090 81 39 the
1280 2089 255 40 American
1581 2090 184 39 council
1809 2089 52 40 of
1903 2090 196 41 learned

111 2146 235 40 societies,
407 2147 59 47 cf.
500 2146 272 42 Foreword.

107 2199 52 53 ©
192 2204 113 47 Apr.
339 2204 41 43 3.
415 2203 139 46 1936;
593 2203 66 40 2c.
695 2205 113 46 Apr.
843 2204 81 45 13;
963 2203 81 40 aff.
1080 2204 113 46 Apr.
1227 2203 81 46 11;
1346 2204 39 38 A
1423 2203 169 46 93631;
1632 2205 157 39 Amer.
1827 2204 187 40 council
2052 2204 50 39 of

181 2262 193 38 learned
412 2260 235 49 societies,
686 2262 334 47 Washington.
1096 2260 249 48 (36-8915)

107 2362 238 55 Illinois.
419 2365 182 64 Laws,
626 2370 255 59 statutes,
908 2372 98 45 etc.

181 2440 387 54 Smith-Hurd
625 2441 226 53 Illinois
908 2441 307 52 annotated
1270 2443 253 50 statutes.
1616 2443 346 50 Permanent
2016 2440 85 54 ed.

111 2518 366 66 Comprising
516 2519 93 51 the
649 2518 138 52 laws
827 2517 62 53 of
932 2537 30 32 a
1003 2519 227 65 general
1272 2518 111 52 and
1425 2523 333 61 permanent
1798 2524 202 46 nature
2041 2518 60 52 in

110 2595 153 51 force
306 2601 59 46 at
403 2596 93 52 the
537 2596 104 51 end
684 2595 63 51 of
786 2596 94 51 the
921 2593 358 68 fifty-eighth
1321 2595 244 54 General
1607 2596 294 66 assembly,
1941 2596 158 52 third

108 2674 210 64 special
344 2672 226 66 session,
596 2673 139 54 May
765 2676 81 61 11,
876 2676 148 49 1934.
1100 2673 158 65 Kept
1284 2680 57 46 to
1370 2673 130 53 date
1528 2673 75 66 by
1631 2673 344 52 cumulative
108 2692 1968 109 annual

274 2750 201 65 pocket
507 2755 177 60 parts,
715 2749 139 52 with
888 2749 360 55 annotations
1278 2749 153 52 from
1462 2750 95 52 the
1589 2767 149 37 cases
1769 2750 332 67 construing

109 2845 63 33 or
199 2827 281 66 applying
507 2827 93 51 the
629 2827 152 51 laws.
847 2826 243 54 General
1120 2826 186 54 index.
1372 2829 90 64 By
1490 2827 95 52 the
1616 2826 338 67 publishers’
108 2828 1966 129 editorial
303 2902 150 55 staff.
530 2903 269 68 Chicago,
826 2904 112 66 Ill.,
966 2905 275 51 Burdette
1272 2904 187 55 Smith
1488 2923 305 49 company;
1826 2905 82 54 St.
1936 2905 165 65 Paul,

108 2984 157 52 West
293 2981 333 67 publishing
653 3000 108 47 co.;
798 2987 136 60 [etc.,
962 2987 119 60 etc.,
1107 2988 17 20 c
1130 2985 134 48 1934]

178 3053 553 48 iv p., 1 l., 796 p. 24½cm.
177 3109 116 41 1935
315 3110 296 40 cumulative
637 3112 182 37 annual
848 3111 169 47 pocket
1046 3114 112 43 part
1184 3110 213 40 inserted
1428 3110 48 39 in
1506 3111 171 48 pocket
1707 3121 58 28 on
1796 3112 120 38 back
1946 3121 155 30 cover.

110 3162 52 53 ©
197 3168 120 39 Mar.
350 3167 69 47 27,
455 3166 112 40 1936;
632 3167 67 39 2c.
733 3168 114 47 Apr.
884 3167 79 45 18;
1002 3166 80 40 aff.
1118 3167 113 47 Apr.
1267 3168 53 38 17:
1386 3168 39 37 A
1459 3166 172 47 94049;
1670 3168 236 40 Burdette
1945 3168 157 40 Smith

180 3234 80 36 co.,
293 3224 190 39 Vernon
517 3225 94 37 law
643 3224 122 39 book
799 3234 66 29 co.
900 3224 93 38 and
1028 3224 133 39 West
1194 3224 108 46 pub.
1335 3234 67 29 co.

109 3314 234 63 Jaquet,
373 3313 336 64 Josephine.

181 3390 31 51 I
255 3390 227 52 wander
522 3391 111 52 and
673 3392 31 51 I
745 3389 233 68 ponder,
1016 3391 74 66 by
1133 3390 267 53 Madame
1439 3392 224 66 Jaquet.
1739 3392 138 52 New
1919 3390 180 67 York,

110 3468 203 52 Illions
343 3486 172 48 press,
548 3473 149 49 1936.

183 3539 952 49 4 p. l., 5-121 p. front, (port.) 19½cm.
184 3596 101 39 The
314 3597 216 39 author’s
558 3596 306 48 experiences
892 3608 53 29 as
974 3608 24 28 a
1029 3597 179 48 beauty
1234 3597 243 41 culturist.

112 3649 53 52 ©
199 3655 119 38 Mar.
352 3654 69 43 25.
456 3654 138 46 1936;
631 3655 68 39 2c:
734 3656 92 38 and
863 3654 81 40 aff.
980 3656 112 46 Apr.
1127 3655 51 41 6:
1218 3655 39 38 A
1291 3653 170 47 92745;
1500 3655 43 39 J.
1580 3654 191 48 Jaquet,
1807 3654 117 38 New
1957 3655 144 39 York.

191 3709 248 50 (36-9034)

113 3799 223 64 Jillson,
363 3800 239 53 Willard
630 3802 211 61 Rouse,
873 3807 169 48 1890-

246 3873 1851 69 … Big Bone lick; an outline of its history, geology and
117 3951 397 70 paleontology
546 3959 58 46 to
637 3952 186 53 which
855 3954 47 51 is
935 3953 182 52 added
1152 3971 71 33 an
1258 3951 306 53 annotated
1594 3950 406 70 bibliography
2035 3951 63 53 of
