2519 4377
1067 4084 97 50 543

107 439 315 64 Sarachek,
446 438 238 64 Joseph,
712 443 168 49 1892-

287 510 1813 58 … Faith and reason: the conflict over the rationalism of
108 588 1970 150 Maimonides, by Joseph Sarachek … Volume 1. Williamsport, Pa., The Bayard press, 1935.
179 739 1229 52 1 p. l., v-xiv, 295 p. 21cm. (Oriental series)
182 799 101 39 Vol.
311 809 18 29 I
355 797 161 40 issued
546 798 102 38 also
675 806 54 31 as
758 796 150 41 thesis
946 796 106 48 (ph.
1082 795 64 46 n.)
1182 794 248 42 Columbia
1462 794 284 48 university.

182 854 346 48 Bibliography
546 864 9 28 :
587 854 90 40 vol.
730 885 8 15 I,
769 864 42 37 p.
842 853 215 41 275-278.

109 909 52 52 ©
189 914 109 40 Jan.
325 912 69 41 24.
424 911 138 46 1936;
593 911 66 40 2c.
690 912 95 38 and
811 910 80 41 aff.
922 911 109 39 Jan.
1060 910 82 46 30;
1174 910 39 38 A
1242 910 170 45 90553;
1445 910 44 40 J.
1521 908 259 48 Sarachek,
1811 910 116 37 New
1958 909 145 40 York.

190 969 248 48 (36-9650)

108 1071 267 65 Shapiro,
404 1074 199 61 Harry
631 1071 218 64 Lionel,
884 1077 166 49 1902-

180 1150 118 52 The
333 1149 253 66 heritage
622 1149 63 51 of
720 1149 92 51 the
849 1150 256 64 Bounty;
1144 1148 94 53 the
1270 1153 156 61 story
1461 1147 63 52 of
1560 1146 256 54 Pitcairn
1853 1147 251 67 through

109 1227 84 52 six
223 1226 374 67 generations,
626 1227 74 65 by
728 1227 195 65 Harry
953 1228 62 51 L.
1051 1223 262 68 Shapiro.
1381 1227 138 50 New
1550 1224 179 66 York,
1760 1224 199 55 Simon
1991 1225 112 53 and

113 1305 283 63 Schuster,
424 1308 148 49 1936.

182 1388 75 37 XV,
286 1376 99 43 329.
461 1395 10 29 [1]
502 1387 42 37 p.
601 1376 170 48 plates,
802 1376 148 47 ports.
1008 1374 147 40 23½cm.

111 1429 53 53 ©
188 1433 112 48 Apr.
329 1433 69 45 21,
428 1431 113 41 1936;
597 1432 68 40 2c.
695 1432 112 47 Apr.
837 1431 53 41 23;
951 1430 81 41 aff.
1064 1432 112 46 May
1204 1430 30 39 2;
1288 1431 41 39 A
1358 1430 143 41 93967;
1561 1431 61 40 H.
1652 1431 50 40 L.
1736 1430 220 48 Shapiro,
1988 1432 118 39 New

181 1490 143 40 York.

111 1592 209 64 Sheen,
353 1592 212 53 Fulton
596 1591 174 63 John,
805 1596 170 51 1895-

183 1668 249 69 Calvary
478 1670 110 52 and
635 1670 94 51 the
771 1688 176 48 mass;
994 1688 30 33 a
1068 1669 192 52 missal
1307 1669 355 67 companion,
1708 1669 73 67 by
1825 1671 92 51 Rt.
1965 1671 138 53 Rev.

112 1746 1988 69 Fulton J. Sheen … New York, P. J. Kenedy & sons [c1936]
185 1820 624 49 5 p. l., 3-112 p. 16½cm.
113 1875 52 52 ©
193 1879 113 47 Apr.
337 1878 39 46 1,
407 1878 139 46 1936;
577 1878 67 40 2c.
676 1877 112 48 Apr.
820 1878 51 45 8;
906 1877 80 39 aff.
1019 1877 113 48 Apr.
1160 1876 56 47 4;
1248 1877 40 38 A
1319 1876 170 48 93597;
1524 1878 50 39 P.
1603 1878 43 39 J.
1680 1878 200 47 Kenedy
1914 1878 35 39 &
1979 1886 128 33 sons.

193 1934 249 48 (36-9642)

117 2036 267 66 [Shneur,
413 2036 259 65 Zalman]
711 2037 169 55 1887-

184 2113 162 53 Noah
383 2113 253 67 Pandre;
676 2135 29 32 a
743 2113 161 52 novel
942 2113 73 67 by
1052 2112 233 55 Salman
1324 2113 318 66 Schneour;
1682 2114 314 53 translated
2033 2115 73 66 by

114 2190 214 69 Joseph
366 2191 299 53 Leftwich.
742 2192 255 66 London,
1034 2193 63 51 L.
1133 2190 250 54 Dickson
1422 2195 46 49 &
1502 2192 346 68 Thompson,
1885 2193 222 54 limited

119 2275 171 64 [1936]

189 2343 63 49 ix,
280 2343 86 41 322
393 2354 42 37 p.
496 2342 115 41 19cm.

115 2397 52 53 ©
193 2402 65 39 1c.
289 2401 109 39 Feb.
429 2401 69 45 21,
529 2399 112 41 1936;
702 2400 41 39 A
772 2401 61 39 ad
864 2399 86 41 int.
982 2398 143 41 21250;
1185 2400 140 47 pubd.
1358 2401 108 39 Jan.
1499 2400 55 40 27;
1618 2401 196 40 Salman
1850 2401 259 49 Schneour,

184 2458 249 46 Fontenay
466 2456 157 41 s-Bois
667 2456 211 49 (Seine),
914 2456 198 40 France.
1184 2456 279 48 (36-10354)

115 2559 313 63 Simmons,
455 2561 259 52 Thomas
739 2559 163 54 Paul.

188 2637 57 53 A
271 2634 324 70 systematic
619 2637 171 66 study
819 2635 64 54 of
909 2635 167 54 Bible
1103 2635 256 54 doctrine;
1416 2655 31 35 a
1478 2636 206 68 logical
1713 2643 401 63 arrangement

121 2716 111 52 and
264 2734 33 33 a
328 2714 244 68 diligent
601 2719 307 48 treatment
937 2712 64 54 of
1030 2714 97 52 the
1156 2713 291 68 teachings
1481 2713 66 54 of
1578 2713 177 56 God’s
1781 2715 137 68 holy
1953 2717 157 53 word

123 2792 93 54 for
244 2792 96 53 the
365 2809 239 50 average
632 2791 270 67 preacher
932 2791 111 53 and
1072 2791 98 53 the
1196 2791 260 53 studious
1484 2795 246 64 layman,
1759 2792 74 68 by
1864 2794 250 53 Thomas

121 2868 1992 69 Paul Simmons … Ashland, Ky., Baptist book and Bible
121 2949 188 65 house,
339 2951 148 51 1936.

190 3020 65 49 ix,
282 3021 173 40 11-505
482 3032 41 37 p.
583 3021 116 40 23cm.

189 3077 311 47 Advertising
526 3078 178 40 matter
722 3087 9 29 :
763 3087 42 37 p.
837 3075 216 42 504-505.

121 3130 52 53 ©
209 3136 119 38 Mar.
364 3134 69 47 27,
469 3133 116 41 1936;
647 3133 67 41 2c.
752 3134 119 38 Mar.
909 3132 82 47 30;
1030 3131 82 41 aff.
1148 3132 114 48 Apr.
1299 3133 52 44 6;
1390 3133 41 38 A
1467 3131 171 49 93556;
1676 3134 52 39 T.
1767 3135 49 40 P.
1858 3135 253 50 Simmons,

188 3192 231 46 Ashland,
446 3191 90 46 Ky.
598 3189 250 47 (36-9711)

120 3290 213 60 Smith,
359 3292 231 53 Arthur
618 3293 234 51 Denner
879 3290 240 63 Howell,
1151 3296 168 49 1880-

194 3366 1918 69 Gods divide, by A. D. Howell Smith … London, Watts &
122 3465 78 35 co.
236 3450 170 65 [1936]

230 3551 9 14 v,
268 3519 85 41 314
383 3530 41 37 p.
485 3518 54 40 19cm.

124 3573 1990 58 © 1c. Mar. 16, 1936; A ad int. 21197; pubd. Jan 30; A. D. H. Smith,
194 3634 209 39 London.
474 3632 279 47 (36-10356)

126 3737 307 63 Sorenson,
466 3737 274 62 Herbert,
775 3741 168 49 1898-

199 3811 285 55 Statistics
536 3812 92 52 for
681 3810 256 53 students
990 3810 63 53 of
1105 3810 349 70 psychology
1507 3812 112 53 and
1669 3813 319 71 education,
2039 3818 75 69 by

129 3887 1960 146 Herbert Sorenson … 1st ed. New York and London, McGraw-Hill book company, inc., 1936.
