2519 4377
1372 4061 64 53 72

418 379 216 65 White,
665 381 280 64 Wendell,
979 389 171 49 1895-

488 456 121 52 The
651 457 351 71 psychology
1046 459 63 53 of
1151 460 230 68 dealing
1422 461 142 54 with
1608 461 231 70 people;
1885 459 311 71 appealing
2236 468 59 47 to
2337 464 97 54 the

417 534 1953 75 want for a feeling of personal worth, by Wendell White …
416 610 138 54 New
588 612 179 69 York,
799 614 121 54 The
950 614 334 56 Macmillan
1318 633 295 53 company,
1647 620 150 50 1936.

485 696 659 51 xiv p., 1 l., 256 p. 20 cm .
413 766 53 53 ©
497 772 109 39 Jan.
637 772 71 48 21,
740 773 117 40 1936;
914 774 67 40 2c.
1014 774 96 40 and
1141 775 83 40 aff.
1255 776 110 40 Jan.
1396 777 83 46 22;
1513 777 41 39 A
1586 777 171 47 91387;
1793 777 285 41 Macmillan
2109 787 67 31 co.
493 829 254 49 (36-2125)

413 933 333 68 Whitelaw,
775 936 210 56 David.

485 1013 423 55 “Cross-sums”;
967 1034 29 33 a
1021 1034 124 34 new
1168 1016 243 68 pastime
1438 1017 95 55 for
1558 1019 339 52 cross-word
1922 1018 134 54 fans
2084 1019 113 52 and
2222 1019 209 69 others,

413 1092 1603 72 by David Whitelaw … [London] G. Bles [1935]
481 1180 796 49 63, [1] p. diagrs. 11 × 17 ½cm .
482 1250 308 42 “Solutions”;
852 1262 43 37 p.
931 1251 189 50 [61]-63.

409 1317 2020 55 © 1c. Jan. 3, 1936; A ad int. 20988; pubd. Nov. 8, 1935; D. Whitelaw,
480 1380 211 46 Roeden,
721 1380 193 49 Sussex,
941 1381 239 47 England.
1244 1380 252 48 (36-3942)

410 1482 269 68 Widney,
709 1485 222 64 Joseph
959 1485 310 64 Pomeroy,
1301 1490 173 50 1841-

479 1560 122 54 The
644 1560 160 55 three
848 1561 326 69 Americas;
1221 1560 151 55 their
1419 1562 178 55 racial
1645 1567 130 65 past
1822 1562 113 54 and
1983 1562 97 54 the
2126 1561 299 54 dominant

408 1640 2016 71 racial factors of their future, by Joseph Widney … Los
405 1717 271 71 Angeles,
730 1719 197 69 Calif.,
980 1720 214 54 Pacific
1249 1719 337 71 publishing
1640 1738 300 52 company,
1995 1719 430 54 Times-mirror

405 1802 388 65 press [ c 1935]
475 1873 100 49 xix,
611 1873 89 41 306
728 1883 45 38 p.
833 1872 138 42 front.
1013 1873 172 49 (port.)
1254 1872 56 42 23½
1344 1875 44 21 cm
1393 1906 8 8 .

477 1944 44 39 A
555 1944 342 41 continuation
930 1944 52 41 of
1016 1946 83 39 the
1136 1946 134 47 story
1306 1945 52 40 of
1392 1955 112 30 race
1537 1943 291 49 migrations
1862 1955 56 30 as
1955 1944 104 41 told
2095 1944 50 40 in
2183 1944 239 41 Race-life

406 2001 52 40 of
481 2003 83 40 the
590 2003 170 47 Aryan
784 2003 208 47 peoples,
1055 2003 61 48 cf.
1144 2002 276 45 Foreword.

404 2072 53 54 ©
486 2078 115 47 May
629 2077 71 47 10,
729 2076 142 47 1935;
901 2076 67 41 2c.
999 2078 96 39 and
1124 2076 82 41 aff.
1238 2077 109 40 Jan.
1377 2077 68 47 18,
1476 2075 141 48 1936;
1650 2077 43 39 A
1719 2076 171 47 90369;
1923 2078 44 40 J.
1999 2078 50 39 P.
2080 2077 220 47 Widney,
2331 2077 94 39 Los

474 2135 223 48 Angeles.
761 2134 253 48 (36-1842)

405 2238 273 68 Wilkins,
705 2240 161 55 Lura
891 2242 80 55 M.

477 2317 190 56 “Over
691 2318 195 53 there”;
941 2316 314 55 chronicles
1278 2317 65 55 of
1367 2336 72 35 an
1465 2316 245 70 English
1737 2316 267 70 engineer
2027 2320 181 67 “gone
2231 2318 190 54 west”,

406 2396 254 55 dictated
686 2403 58 47 to
772 2399 157 52 Lura
955 2398 80 54 M.
1062 2397 268 54 Wilkins.
1394 2397 219 67 Akron,
1643 2396 87 67 O.,
1759 2397 122 55 Sun
1909 2395 338 70 publishing
403 2415 1991 130 company
597 2512 12 33 [
613 2483 19 21 c
638 2480 153 64 1935]

476 2551 87 40 137
589 2561 44 37 p.
690 2549 58 41 20
749 2552 44 21 cm
799 2582 9 8 .

402 2619 53 53 ©
489 2624 112 38 Dec.
637 2623 41 46 3,
714 2621 140 47 1935;
891 2622 67 40 2c.
994 2623 95 39 and
1125 2621 82 40 aff.
1244 2621 110 40 Jan.
1389 2620 69 48 29,
1491 2619 116 41 1936;
1670 2621 42 38 A
1745 2619 171 47 91492;
1958 2620 101 40 Sun
2094 2621 109 47 pub.
2239 2630 68 29 co.

484 2680 253 48 (36-2212)

402 2784 253 65 Wiliam,
688 2785 191 52 Franz
909 2784 234 64 Michel,
1176 2789 172 49 1894-

475 2862 124 53 The
628 2861 107 55 life
765 2861 65 54 of
856 2863 168 55 Jesus
1054 2861 198 55 Christ
1279 2860 58 52 in
1368 2861 97 53 the
1492 2860 136 53 land
1658 2858 64 54 of
1750 2859 183 53 Israel
1962 2859 115 53 and
2108 2875 209 51 among
2342 2861 75 53 its

403 2942 220 67 people,
654 2942 77 67 by
761 2943 103 52 Dr.
898 2943 190 51 Franz
1120 2940 215 54 Michel
1367 2938 265 68 Wiliam;
1667 2938 319 53 translated
2019 2939 114 52 and
2167 2939 249 66 adapted

403 3019 121 54 into
568 3020 248 68 English
859 3019 153 55 from
1053 3021 95 52 the
1192 3019 200 53 fourth
1433 3017 220 55 revised
1696 3019 112 52 and
1849 3017 272 68 enlarged
2164 3017 252 54 German

403 3098 246 68 edition;
687 3099 189 54 edited
905 3099 76 68 by
1010 3100 138 52 Rev.
1179 3100 243 52 Newton
1453 3098 348 66 Thompson,
1864 3139 8 9 S.
1941 3139 9 9 T.
2020 3140 9 9 D.
2109 3095 83 56 St.
2222 3095 193 68 Louis,

401 3178 134 67 Mo.,
563 3180 114 51 and
705 3178 260 67 London,
991 3180 67 52 B.
1087 3178 229 53 Herder
1340 3177 148 52 book
1514 3194 98 48 co.,
1640 3179 149 50 1936.

474 3251 65 47 xi,
570 3251 89 40 488
688 3262 43 37 p.
762 3250 108 41 incl.
902 3251 137 40 front.
1082 3251 162 48 (map)
1313 3250 55 40 23½
1402 3252 42 21 cm
1451 3282 8 8 .

399 3320 53 53 ©
487 3325 111 39 Jan.
633 3324 25 38 2,
710 3323 114 40 1936;
889 3324 67 39 2c.
994 3324 97 39 Jan.
1139 3323 53 42 2;
1230 3334 25 29 a
1263 3323 50 40 if.
1351 3323 109 39 Jan.
1493 3322 52 46 6;
1585 3321 38 38 A
1659 3320 147 40 91049;
1871 3321 53 39 B.
1961 3320 194 39 Herder
2188 3321 124 38 book
2347 3331 68 30 co.

478 3381 253 46 (36-2383)

405 3483 304 67 Williams,
744 3484 265 65 Charles,
1046 3488 171 50 1886-
1432 3502 83 35 ed.

470 3563 121 51 The
619 3580 121 34 new
770 3561 144 53 book
942 3562 62 52 of
1033 3561 245 69 English
1310 3579 172 50 verse,
1508 3557 189 57 edited
1726 3559 74 67 by
1831 3556 236 56 Charles
2097 3555 288 55 Williams;

401 3641 270 53 associate
723 3639 212 54 editors;
1016 3640 153 52 Lord
1224 3639 192 53 David
1471 3637 169 67 Cecil,
1694 3636 206 53 Ernest
1954 3634 87 53 De
2094 3633 319 56 Selincourt

405 3718 148 68 [and]
603 3717 66 51 E.
714 3717 79 53 M.
839 3717 85 52 W.
968 3717 279 68 Tillyard.
1325 3717 135 51 New
1509 3714 175 68 York,
1727 3714 120 53 The
1891 3712 330 54 Macmillan
399 3731 1987 133 company,
601 3798 152 50 1936.

470 3867 635 49 2 p. l., 3-828 p. 20½ cm .
397 3938 53 53 ©
484 3942 110 40 Jan.
629 3942 70 41 28.
736 3941 113 40 1936;
914 3942 67 40 2c.
1019 3943 94 38 and
1150 3942 82 41 aff.
1267 3941 109 40 Jan.
1413 3942 60 38 29;
1534 3941 38 39 A
1607 3939 144 40 91503;
1820 3938 282 40 Macmillan
2138 3950 68 29 co.

479 3999 253 48 (36-2572)
