2519 4377
1288 4112 133 49 1302

694 474 292 48 CONTENTS.—Auguste
1031 474 169 41 Comte
1248 476 97 39 and
1392 476 81 40 the
1521 474 181 42 United
1754 474 163 42 States
1964 473 168 42 before
2179 472 189 43 1852.—

350 527 186 50 George
567 529 266 42 Frederick
866 531 278 41 Holmes.—
1145 531 102 41 The
1282 532 411 48 correspondence
1726 531 52 40 of
1810 531 220 48 Auguste
2066 530 167 43 Comte
2270 532 94 41 and

351 584 184 50 George
572 587 265 41 Frederick
872 587 215 42 Holmes.

351 640 53 53 ©
440 645 121 48 Aug.
600 645 69 49 10,
708 644 116 42 1936
842 657 8 37 ;
889 645 67 40 2c.
995 646 120 48 Aug.
1155 647 56 40 17
1228 658 9 36 ;
1278 646 83 41 aff.
1400 647 121 48 Aug.
1559 646 59 40 24
1634 658 10 37 ;
1684 648 42 39 A
1762 647 149 41 98055
1927 658 8 37 ;
1977 646 258 41 President
2274 646 98 41 and

416 702 192 40 fellows
640 702 54 40 of
724 703 235 40 Harvard
989 703 195 48 college,
1219 703 304 49 Cambridge,
1556 705 148 40 Mass.
1776 704 284 51 (36-20228)

348 765 370 66 Henderson,
748 766 207 54 James
983 766 291 65 Dougald,
1309 772 174 50 1883-

421 843 350 68 Lilliputian
809 862 383 50 newspapers,
1228 843 77 68 by
1344 844 194 54 James
1577 845 72 52 D.
1689 845 360 66 Henderson,
2088 845 283 52 scrivener

351 921 2020 71 of the Lxivmos; foreword by R. W. G. Vail … Worcester,
350 1001 192 68 Mass.,
569 1001 72 52 A.
670 1001 56 55 J.
756 1000 83 57 St.
872 1001 183 70 Onge,
1085 1004 153 51 1936.

421 1075 56 39 95
521 1086 41 38 p.
606 1075 110 41 incl.
760 1075 215 41 facsims.
1051 1076 150 41 front,
1245 1076 173 49 (port.)
1467 1075 215 42 facsims.
1729 1076 136 49 (part
1908 1076 116 41 fold,
2071 1077 49 39 in
2165 1076 197 49 pocket)

349 1131 56 40 19½
436 1133 46 23 cm
487 1164 9 10 .

423 1188 145 41 “This
606 1189 191 41 limited
835 1188 184 42 edition
1057 1190 53 40 of
1145 1189 117 41 1000
1300 1190 160 49 copies
1499 1190 92 41 has
1624 1189 120 41 been
1783 1189 231 49 designed
2051 1190 61 47 by
2152 1188 217 42 William

351 1245 2018 51 Dana Orcutt and was printed … at the Plimpton press of Norwood,
349 1300 177 42 Mass.”

348 1354 54 54 ©
427 1360 121 47 Aug.
573 1359 72 49 24,
672 1359 143 49 1936;
842 1361 69 41 2c.
939 1360 96 40 and
1061 1360 84 41 aff.
1171 1361 121 46 Aug.
1319 1360 84 47 28;
1433 1360 41 39 A
1500 1359 172 46 97613;
1701 1360 43 39 J.
1773 1361 57 38 D.
1858 1359 305 47 Henderson,
420 1357 1934 109 Brookline,
561 1419 150 40 Mass.
778 1417 283 49 (36-20353)

349 1480 204 65 Hilles,
580 1483 142 51 Mrs.
749 1481 189 54 Helen
970 1480 243 67 (Train)

421 1557 151 70 Play
614 1562 190 67 street,
844 1558 78 70 by
963 1558 188 55 Helen
1194 1558 182 55 Train
1417 1557 220 70 Hilles;
1683 1557 141 53 with
1868 1556 385 56 illustrations
2296 1556 76 69 by

349 1636 1574 70 Zhenya Gay. New York, Random house [ c 1936]
420 1711 89 41 238
539 1722 44 37 p.
642 1711 167 49 front.,
840 1713 174 47 plates.
1074 1711 55 41 21
1151 1714 27 21 cm
1184 1744 9 9 .

349 1764 53 53 ©
431 1769 128 48 Sept.
588 1769 68 48 21,
685 1768 118 42 1936
818 1780 9 37 ;
856 1769 68 41 2c.
954 1770 129 47 Sept.
1109 1770 57 39 25
1184 1781 9 36 ;
1224 1768 82 42 aff.
1338 1769 129 48 Sept.
1494 1769 56 40 23
1569 1780 8 37 ;
1608 1770 41 38 A
1675 1767 145 42 98669
1838 1779 9 37 ;
1879 1769 60 39 H.
1968 1768 53 40 T.
2050 1767 174 49 Hilles,
2253 1768 120 40 New

418 1827 147 40 York.
639 1826 284 49 (36-20246)

348 1888 322 67 Hindman,
697 1887 157 67 Lita,
885 1894 173 51 1899-

419 1965 348 70 Michigan’s
795 1967 157 54 Irish
981 1966 155 69 hills,
1163 1967 75 68 by
1267 1968 65 52 L.
1363 1966 319 55 Hindman.
1758 1966 235 68 Albion,
2024 1965 196 68 Mich.,
2249 1966 122 53 The

348 2044 156 55 Elite
537 2045 342 70 publishing
909 2064 301 51 company,
1243 2049 152 51 1936.

421 2118 622 50 3 p. l. , 3-299 p. 19½ cm .
351 2172 53 53 ©
440 2177 120 47 Aug.
597 2176 72 48 25,
706 2176 118 42 1936
839 2188 8 37 ;
886 2177 68 41 2c.
995 2178 129 48 Sept.
1162 2178 59 39 18
1235 2188 9 36 ;
1284 2176 83 41 aff.
1409 2177 129 48 Sept.
1575 2176 60 40 16
1649 2187 9 37 ;
1697 2177 42 38 A
1774 2175 144 42 98463
1937 2187 8 37 ;
1988 2175 131 41 Elite
2153 2175 111 48 pub.
2301 2186 70 31 co.

431 2233 284 51 (36-20248)

347 2298 287 64 Hispanic
662 2297 230 65 society
917 2298 65 53 of
1007 2297 298 56 America.

423 2374 323 71 Catalogue
772 2374 66 54 of
867 2374 596 69 Hispano-Moresque
1497 2378 231 65 pottery
1756 2372 60 54 in
1848 2373 96 53 the
1978 2372 301 54 collection
2307 2369 67 56 of

352 2455 101 53 the
482 2454 291 69 Hispanic
807 2454 213 70 society
1056 2453 66 54 of
1155 2453 289 68 America,
1480 2454 78 68 by
1593 2453 163 54 Alice
1792 2453 227 54 Wilson
2058 2453 312 70 Frothing-

352 2531 2020 72 ham … With ninety-nine illustrations. New York, Printed
352 2612 75 71 by
457 2614 172 53 order
658 2612 65 55 of
753 2614 96 53 the
879 2618 261 64 trustees,
1173 2615 151 53 1936.

422 2686 1806 52 lxxxii, 291 p., 1 l. front., XLVIII pl. on 24 l. 19 cm . (Half-title:
349 2688 2005 106 Hispanic
515 2747 140 39 notes
684 2746 37 41 &
749 2745 326 49 monographs
1093 2756 9 37 ;
1135 2755 183 39 essays,
1348 2745 204 49 studies,
1582 2745 97 40 and
1706 2745 131 40 brief
1863 2744 314 50 biographies
2205 2745 166 41 issued

349 2804 60 47 by
442 2804 83 40 the
560 2802 242 49 Hispanic
835 2803 185 48 society
1054 2803 53 40 of
1137 2800 253 52 America)

422 2860 353 42 “References”
796 2872 10 29 :
839 2870 43 39 p.
916 2860 219 42 261-270.

351 2915 53 52 ©
449 2919 117 47 July
607 2918 71 50 23,
724 2918 142 47 1936;
911 2918 69 41 2c.
1025 2918 98 40 and
1166 2918 83 39 aff.
1297 2917 117 47 July
1456 2917 84 47 29;
1587 2919 42 38 A
1673 2917 172 48 96653;
1893 2916 240 49 Hispanic
2179 2926 93 30 soc.
2319 2916 52 41 of

420 2975 240 51 America,
691 2976 118 39 New
837 2975 146 41 York.
1053 2974 283 49 (36-20213)

348 3038 260 65 Holmes,
638 3039 230 64 George
895 3036 301 66 Winslow,
1229 3039 172 55 1876-

350 3113 1993 148 Roentgen interpretation; a manual for students and practitioners, by George W. Holmes … and Howard E. Ruggles …
351 3271 98 53 5th
502 3290 84 34 ed.
642 3271 355 68 thoroughly
1049 3289 113 34 rev.
1258 3269 341 53 Illustrated
1652 3269 141 53 with
1846 3272 100 51 243
2001 3267 362 71 engravings.

355 3349 424 68 Philadelphia,
809 3349 116 52 Lea
957 3350 46 49 &
1036 3347 262 69 Febiger,
1331 3349 152 53 1936.

419 3419 87 41 356
537 3430 43 38 p.
645 3420 144 48 illus.,
823 3420 180 47 diagrs.
1064 3419 57 40 24
1123 3422 45 21 cm
1173 3453 8 8 .

350 3475 53 53 ©
437 3480 129 47 Sept.
601 3479 69 48 15,
705 3478 142 49 1936;
883 3479 68 41 2c.
986 3479 97 40 and
1117 3479 82 40 aff.
1237 3480 127 46 Sept.
1400 3478 83 49 16;
1519 3479 43 39 A
1592 3478 173 48 97856;
1803 3479 97 39 Lea
1935 3479 38 40 &
2005 3477 218 49 Febiger.

432 3536 283 50 (36-20398)

348 3601 346 64 Houghton,
722 3599 135 56 Will
884 3601 75 53 H.

421 3675 121 53 The
578 3674 189 71 living
804 3674 215 70 Christ,
1057 3675 113 53 and
1211 3675 162 53 other
1413 3675 197 68 gospel
1649 3692 298 50 messages,
1986 3674 76 69 by
2100 3674 143 54 Will
2285 3673 78 53 H.

352 3751 2010 71 Houghton … Chicago, The Bible institute colportage ass’n.
353 3864 12 33 [
371 3837 17 20 c
395 3834 152 64 1936]

420 3903 84 41 123
531 3915 43 38 p.
636 3904 56 40 19
696 3907 45 21 cm
744 3935 9 10 .

352 3959 52 52 ©
443 3964 129 39 June
606 3964 69 47 13,
713 3962 141 48 1936;
894 3963 68 40 2c.
1000 3963 96 39 and
1135 3963 82 41 aff.
1256 3963 121 48 Aug.
1415 3963 83 47 26;
1538 3963 42 39 A
1615 3961 172 50 98110;
1829 3962 141 40 Bible
2007 3962 233 40 institute
455 3961 1893 97 colportage

656 4030 129 28 assn,
819 4020 53 38 of
903 4019 225 39 Chicago,
1224 4019 259 39 (36-20235)
