2519 4377
1034 4093 135 50 2035

117 450 259 64 Ehrlich,
406 452 224 61 Eugen.

186 526 416 56 Fundamental
643 525 307 69 principles
986 525 62 52 of
1084 526 93 51 the
1215 522 286 68 sociology
1537 523 62 52 of
1636 522 127 68 law,
1799 523 72 67 by
1910 523 201 67 Eugen

118 605 254 55 Ehrlich,
409 603 313 55 translated
759 603 73 67 by
867 603 221 53 Walter
1123 601 184 54 Lewis
1343 602 160 64 Moll,
1539 602 139 51 with
1717 620 70 34 an
115 598 1974 142 introduction
273 683 73 66 by

387 684 209 51 Roscoe
639 682 221 53 Pound.
937 679 364 69 Cambridge,
1342 681 189 63 Mass.,
1572 679 272 54 Harvard
114 674 1976 158 university
253 777 172 52 press,
454 763 148 50 1936.

186 835 16 35 1
238 842 43 31 v.
349 831 252 48 (Harvard
631 829 188 41 studies
849 831 48 39 in
926 829 384 48 jurisprudence,
1371 828 91 41 vol.
1492 827 54 48 v)

115 886 53 54 ©
203 890 117 40 Nov.
356 889 69 46 10,
461 887 139 47 1930;
635 887 68 40 2c.
739 887 117 40 Nov.
895 887 79 40 12:
1012 887 82 39 aff.
1134 887 117 40 Nov.
1362 896 8 36 18;
1410 887 39 38 A
1487 883 199 44 100532;
1727 884 255 42 President
2021 886 94 40 and

185 945 188 41 fellows
401 945 51 40 of
480 943 228 41 Harvard
737 943 192 48 college,
959 941 301 49 Cambridge,
1292 944 144 39 Mass.

117 1022 287 63 Fletcher,
437 1021 257 54 Herbert
729 1021 256 64 Hervey,
1021 1026 170 50 1855-

184 1099 54 52 A
264 1098 221 69 history
512 1097 63 54 of
603 1098 99 53 the
727 1096 228 56 Church
985 1096 64 54 of
1076 1097 123 55 Our
1230 1095 263 67 Saviour,
1520 1097 330 54 Protestant
115 1092 1977 158 Episcopal,

268 1176 56 54 in
362 1177 350 69 Longwood,
748 1175 463 68 Massachusetts,
1248 1175 152 54 from
1439 1173 75 56 its
1553 1175 289 72 founding
1879 1177 59 53 in
1983 1179 133 51 1868

115 1263 57 47 to
217 1258 150 66 1936,
410 1256 228 52 written
682 1255 112 54 and
837 1255 281 68 compiled
1162 1261 60 47 at
1259 1255 98 53 the
1396 1260 224 64 request
1662 1253 66 55 of
1769 1255 95 54 the
1907 1255 208 55 Parish

115 1330 2003 74 council of the church, by Herbert H. Fletcher … Brookline,
117 1415 188 68 Mass.,
335 1414 206 53 Parish
573 1413 219 54 council
822 1412 64 54 of
917 1413 94 53 the
1042 1413 229 68 church,
1305 1416 149 50 1936.

184 1489 96 47 xvi,
310 1487 88 41 173
425 1498 44 38 p.
523 1487 165 49 front.,
718 1487 172 50 plates,
922 1488 150 48 ports.
1130 1486 56 42 21½c
1236 1490 27 22 m
1267 1518 9 10 .

186 1542 514 48 “Acknowledgment”;
761 1554 43 41 p.
840 1544 82 51 [vii]

116 1599 52 54 ©
196 1604 109 40 Dec.
336 1601 68 48 16,
432 1601 140 46 1936;
601 1601 69 41 2c.
699 1601 94 41 and
823 1600 81 42 aff.
937 1602 112 39 Dec.
1078 1599 80 44 19;
1191 1602 39 39 A
1261 1599 196 49 101398;
1487 1601 58 40 H.
1578 1601 59 40 H.
1669 1600 238 45 Fletcher.
187 1598 1914 114 Brookline,
327 1661 147 38 Mass.
539 1657 254 51 (37-1466)

114 1737 302 64 Florenne,
448 1736 176 56 Yves.

247 1809 1869 74 … Le hameau de la solitude; roman. Paris, Mercvre de
117 1891 234 68 France,
393 1893 148 51 1934.

184 1959 472 51 323 p., 1 l. 19 cm .
115 2017 2003 58 © Oct. 19, 1934; 1c. Dec. 3, 1936; A- Foreign 33681; Mercure de France.
196 2075 250 51 (37-1481)

246 2139 1799 71 … Le visage nu; roman. Paris, Mercvre de France, 1935.
186 2208 684 56 4 p. l., [7]-282 p., 1 l. 18½cm.
116 2266 2002 57 © Feb. 15, 1935; 1c. Dec. 3, 1936; A- Foreign 33685; Mercure de France.
196 2324 250 52 (37-1409)

116 2402 231 63 Fulton,
378 2403 285 53 Eleanore
692 2404 166 53 Jane.

185 2482 90 50 An
312 2480 168 52 index
510 2487 57 47 to
597 2481 95 51 the
723 2480 117 53 will
875 2482 172 52 books
1079 2482 111 53 and
1224 2484 263 53 intestate
1520 2486 223 53 records
1776 2486 62 53 of
116 2485 1975 130 Lancaster
231 2563 226 62 county,
488 2559 442 68 Pennsylvania,
964 2560 326 66 1729-1850,
1322 2561 137 53 with
1495 2582 70 33 an
1596 2563 292 55 historical
1922 2566 194 54 sketch

116 2635 2003 74 and classified bibliography … Prepared by Eleanore Jane
116 2713 212 55 Fulton
371 2714 110 52 and
525 2715 256 54 Barbara
828 2715 232 67 Kendig
1101 2714 203 70 Mylin.
1388 2720 343 64 [Lancaster,
1774 2724 119 64 Pa.,
115 2719 1971 142 Intelligencer
388 2791 261 67 printing
675 2810 97 48 co.]
808 2796 147 50 1936.

185 2862 1343 53 3 p. l., ix, [1], 136 p. front., plates, ports. 23½ cm .
187 2919 348 48 Bibliography:
598 2932 43 36 p.
678 2920 215 41 111-136.

117 2972 1987 59 © Nov. 10. 1936; 2c. and aff. Nov. 25; A 101030; E. J. Fulton, Lancaster
188 3033 80 39 Pa.

117 3109 217 64 Hayes,
362 3111 246 64 Bridget
634 3113 64 53 T.

185 3186 120 55 The
349 3205 126 35 sure
522 3207 124 48 way
691 3187 297 56 minimum
1034 3191 291 55 essentials
1367 3195 63 52 of
1476 3203 212 46 correct
1733 3198 264 68 English,
2041 3201 75 68 by

117 3264 1972 135 Bridget T. Hayes … and Esther R. Challman … Revised edition.
293 3344 135 52 with
470 3345 155 52 word
664 3345 171 68 study
873 3347 111 52 and
1020 3350 374 66 composition
1435 3351 183 53 added
1657 3354 73 66 by
1771 3355 238 69 Bridget
2049 3360 66 53 T.

118 3420 1975 79 Hayes … Minneapolis. Minn., Correct English service [ c1 936]
190 3491 867 56 1 p. l., v-xiv, 210, [30] p. 23½ cm .
120 3543 1981 108 © Nov. 24. 1936; 2c. and aff. Nov. 27: A 100695: B. T. Haves. Minneapolis.
120 3671 221 65 Imann,
372 3675 277 65 Georges.

189 3749 104 54 Les
339 3753 300 53 étendards
686 3755 65 52 rie
799 3756 218 56 l’enfer,
1065 3777 104 48 par
1215 3760 249 67 Georges
1512 3765 221 53 Tmann.
1818 3769 181 52 Paris.
2050 3772 61 49 B.

120 3825 230 56 Grasset
382 3833 172 64 [1936,

192 3899 23 38 1
245 3908 42 32 v.

121 3957 1995 67 © July 15, 1936; 1c. Dec. 7: A- Foreign 33749: Éditions Bernard
193 4017 212 42 Grasset.
