2519 4377
1275 4130 97 51 182

317 450 247 63 Turner,
591 450 157 54 John
776 449 224 64 Victor,
1030 455 172 50 1900-

387 527 310 54 Homicide
743 528 202 66 haven,
992 528 75 67 by
1114 529 57 53 J.
1218 529 71 53 V.
1338 530 239 53 Turner.
1654 531 140 52 New
1843 530 181 66 York,
2070 532 259 67 London,

317 607 72 53 D.
429 606 586 68 Appleton-Century
1055 624 299 49 company,
1394 606 420 70 incorporated,
1856 611 152 52 1936.

387 690 44 38 v,
462 679 89 41 279
578 690 44 39 p.
684 679 58 40 19½
773 681 44 22 cm
820 710 11 10 .

315 747 53 53 ©
412 751 110 41 Feb,
565 752 70 47 24,
680 750 141 47 1936;
865 751 66 39 20.
978 750 111 41 Feb.
1133 750 83 48 26;
1262 750 81 41 aff.
1388 751 110 41 Feb.
1542 752 82 47 27;
1671 753 40 39 A
1754 751 172 48 91938;
2020 785 8 9 D.
386 753 1945 103 Appleton-Century
631 820 82 36 co.,
743 808 91 40 inc.
904 806 252 49 (36-5814)

316 915 220 65 Tuttle,
566 913 230 57 Wilbur
826 914 61 56 C.

387 990 207 70 Henry
621 991 100 53 the
746 988 217 70 sheriff,
988 990 77 69 by
1093 990 90 54 W.
1214 988 63 56 C.
1306 990 212 54 Tuttle.
1586 992 216 52 Boston
1833 991 113 52 and
1979 991 138 53 New
2150 990 179 69 York,

316 1069 321 71 Houghton
664 1068 207 54 Mifflin
901 1087 301 51 company,
1233 1071 151 51 1936.

387 1145 26 40 3
436 1154 42 38 p.
538 1175 8 15 l.,
576 1142 177 53 [3]-283
778 1153 44 38 p.
883 1142 56 40 19½
972 1144 45 22 cm
1020 1177 10 9 .

389 1202 147 41 “This
577 1204 135 44 story
754 1202 91 39 has
885 1202 244 47 appeared
1172 1201 200 47 serially
1415 1202 154 40 under
1610 1202 83 41 the
1734 1201 122 47 title,
1902 1201 117 42 ‘The
2061 1203 174 41 sheriff
2277 1202 50 42 of

315 1258 158 42 Tonto
501 1258 189 43 town’.”

314 1330 53 53 ©
400 1334 110 40 Feb.
545 1334 69 47 25,
650 1332 140 47 1936;
824 1334 67 39 2c.
927 1334 122 39 Mar.
1083 1333 53 46 5;
1172 1332 81 42 aff.
1288 1334 121 40 Mar.
1443 1335 54 45 4;
1534 1334 40 40 A
1607 1334 171 44 92127;
1816 1336 71 41 W.
1922 1336 52 41 C.
2007 1336 182 48 Tuttle,
2224 1337 108 39 Van

383 1392 151 47 Nuys,
565 1390 145 42 Calif.
781 1389 253 49 (36-5938)

317 1495 234 65 Verrill,
582 1494 271 65 Alpheus
880 1496 212 65 Hyatt,
1126 1497 173 54 1871-

450 1570 1877 72 … They found gold; the story of successful treasure hunts.
315 1651 141 53 New
480 1651 182 69 York,
689 1650 69 56 G.
784 1652 66 52 P.
877 1650 299 55 Putnam’s
1203 1669 129 36 sons
1366 1685 13 34 [
1381 1657 21 22 c
1407 1654 153 65 1936]

387 1726 123 41 xviii
540 1737 59 38 p.,
630 1727 25 38 1
720 1757 9 17 l.,
761 1725 86 41 267
876 1736 43 38 p.
953 1726 110 40 incl.
1096 1726 149 41 front,
1276 1726 158 49 (map)
1474 1725 130 41 illus.
1663 1726 158 49 plates.
1896 1725 55 40 21
1955 1727 46 23 cm
2004 1757 9 9 .

386 1784 66 42 At
475 1786 126 40 head
627 1784 53 40 of
703 1784 137 41 title:
869 1784 55 41 A.
952 1784 160 48 Hyatt
1136 1783 192 46 Verrill.

384 1842 304 49 Tail-pieces.

386 1899 141 49 Maps
555 1911 61 30 on
645 1899 364 49 lining-papers.

314 1970 53 53 ©
403 1974 112 40 Feb.
552 1974 69 48 14,
661 1974 140 45 1936;
841 1974 67 40 2c.
947 1974 110 40 Feb.
1095 1974 81 46 17;
1217 1974 82 40 aff.
1339 1974 110 41 Feb.
1488 1975 80 41 15:
1608 1976 40 39 A
1684 1975 172 44 90786;
1899 1976 52 40 G.
1992 1977 50 40 P.
2079 1976 255 41 Putnam’s

385 2042 126 30 sons.
585 2030 253 50 (36-5926)

317 2136 245 65 Vesper,
591 2135 153 66 Will,
778 2141 173 50 1882-

392 2211 138 58 Sam
578 2213 61 53 in
694 2212 491 68 Schnabelweide;
1241 2213 123 55 eine
1417 2213 208 70 lustige
1673 2213 657 71 kleinstadtgeschichte,

317 2310 111 36 von
457 2293 143 56 Will
630 2294 248 67 Vesper;
911 2293 208 67 edited,
1147 2292 141 54 with
1316 2298 176 62 notes,
1522 2294 271 53 exercises
1823 2295 112 52 and
1965 2294 365 68 vocabulary,

317 2371 1939 71 by Jane F. Goodloe … New York, F. S. Crofts & co., 1936.
389 2446 118 49 xvii,
535 2445 88 42 218
651 2457 45 37 p.
755 2445 131 41 illus.
946 2445 58 41 19½
1034 2448 44 21 cm
1083 2477 9 9 .

392 2503 330 42 “Authorized
751 2502 228 42 edition.”

315 2572 53 54 ©
399 2576 111 40 Feb.
539 2575 69 47 15,
637 2575 118 40 1936;
812 2575 67 40 2c.
911 2574 111 41 Feb.
1052 2574 82 46 18;
1167 2574 86 39 aff.
1282 2574 111 40 Feb.
1424 2573 82 47 20;
1540 2573 40 40 A
1609 2573 171 47 90860;
1817 2575 51 40 F.
1903 2574 45 41 S.
1983 2575 166 41 Crofts
2180 2576 38 40 &
2247 2585 82 38 co.,

383 2632 92 42 inc.
543 2631 253 50 (36-5649)

317 2737 274 65 Vlachos,
618 2736 286 55 Nicholas
929 2736 279 65 Panagis,
1240 2739 171 53 1875-

389 2816 206 53 Hellas
627 2816 114 52 and
776 2814 350 68 Hellenism;
1166 2832 31 34 a
1231 2813 173 54 social
1441 2813 113 53 and
1590 2813 247 53 cultural
1874 2813 223 70 history
2134 2813 64 54 of
320 2831 1986 119 ancient

504 2892 1827 72 Greece, by Nicholas P. Vlachos … Boston, New York
319 2974 1038 69 [etc.] Ginn and company [ c 1936]
390 3051 64 45 ix,
481 3051 86 40 428
595 3061 40 37 p.
663 3049 108 41 incl.
799 3049 165 43 front.,
992 3049 130 40 illus.
1177 3049 26 38 3
1232 3058 136 38 maps
1406 3046 50 49 (2
1483 3046 199 49 double)
1746 3046 61 42 20
1807 3049 43 22 cm
1856 3079 9 9 .

390 3108 379 48 Bibliography:
803 3117 43 37 p.
878 3106 233 45 415-418;
1150 3104 345 49 “Suggestions
1526 3105 80 39 for
1639 3104 231 49 reading”
1904 3107 52 39 at
1990 3107 91 40 end
2116 3106 52 41 of
2199 3116 131 31 some

319 3166 53 40 of
398 3167 85 40 the
508 3164 226 41 sections.

316 3233 53 53 ©
409 3237 110 40 Jan.
559 3237 40 47 3,
642 3235 141 45 1936;
826 3234 66 41 2c.
937 3234 110 40 Feb.
1089 3234 81 42 19;
1214 3233 81 40 aff.
1340 3234 109 40 Feb.
1492 3233 82 46 17;
1618 3233 42 39 A
1698 3232 171 47 91809;
1912 3234 56 41 N.
2012 3234 51 40 P.
2105 3234 224 48 Vlachos,

388 3294 345 45 Swarthmore,
761 3293 82 39 Pa.
911 3290 251 49 (36-5810)

318 3398 384 65 Walgamott,
735 3397 247 55 Charles
1011 3395 253 65 Shirley,
1298 3401 171 50 1856-

318 3469 1983 153 … Six decades back [by] Charles Shirley Walgamott; illustrated by B.
723 3552 75 53 H.
827 3552 159 53 Hall.
1049 3551 296 58 Caldwell,
1369 3551 108 67 Id.,
1504 3550 121 52 The
1654 3548 224 55 Caxton
1908 3549 268 69 printers,
2205 3550 122 65 ltd.,

318 3634 151 52 1936.

388 3704 85 44 358
499 3717 43 37 p.
604 3705 87 44 col.
718 3705 163 42 front.,
913 3704 143 46 illus.,
1083 3705 158 47 plates
1270 3703 43 47 (1
1350 3702 111 47 col.)
1530 3701 55 42 23½
1619 3703 44 22 cm
1666 3732 10 10 .

386 3763 63 41 At
475 3764 121 41 head
623 3763 53 40 of
700 3763 133 40 title:
861 3763 34 38 A
925 3762 150 41 series
1100 3762 52 40 of
1174 3760 254 42 historical
1452 3760 222 41 sketches
1698 3759 54 41 of
1774 3759 136 47 early
1935 3760 122 46 days
2081 3759 50 40 in
2156 3759 168 41 Idaho.

389 3820 288 41 Illustrated
714 3820 362 48 lining-papers.

387 3877 130 41 Most
538 3877 54 42 of
614 3877 82 41 the
719 3878 227 47 chapters
971 3887 126 31 were
1120 3875 256 50 published
1403 3876 50 39 in
1477 3876 84 40 the
1586 3874 219 42 author’s
1832 3873 419 43 “Reminiscences
2275 3874 53 42 of

318 3935 136 47 early
484 3934 165 49 days”.

317 4004 53 54 ©
406 4009 107 38 Feb.
551 4009 67 47 15,
655 4007 141 48 1936;
834 4009 66 40 2c.
937 4009 110 41 Feb.
1081 4007 82 43 25;
1202 4008 81 41 aff.
1321 4009 109 39 Feb.
1467 4008 82 47 24;
1588 4009 40 38 A
1661 4005 171 50 90949;
1872 4008 190 41 Caxton
2099 4006 227 49 printers,

388 4067 86 40 ltd.
542 4065 253 49 (36-5623)
