2519 4377
1008 4105 99 48 235

65 466 182 63 Boyd,
275 466 219 63 James,
526 471 171 49 1888-

194 536 1859 73 … Drums, by James Boyd; with an introduction by Henry
65 615 1989 71 Seidel Canby … New York, Chicago [etc.] C. Scribner’s sons
86 698 175 65 [ c 1936]
131 781 80 47 vii,
237 781 87 41 492
350 792 41 37 p.
453 781 55 40 19½
541 783 42 21 cm
589 813 8 8 .
668 781 222 48 (Modern
919 781 235 40 standard
1184 780 228 49 authors)

66 850 52 52 ©
149 854 110 40 Feb.
290 856 39 40 1,
358 854 139 46 1936;
529 855 26 38 2
559 867 37 27 c.
629 856 121 38 Mar.
783 854 80 45 18;
898 854 81 40 aff.
1013 855 121 39 Mar.
1166 854 81 45 16;
1281 854 39 39 A
1351 852 170 46 92340;
1557 854 200 40 Charles
1793 852 267 42 Scribner's

134 922 125 29 sons.
322 911 278 49 [Copyright
631 911 42 39 is
704 911 204 39 claimed
938 921 59 28 on
1028 909 344 49 introduction]
1444 910 250 47 (36-7118)

63 1014 308 65 Buettner,
399 1016 137 52 Mrs.
565 1015 187 63 Daisy
781 1014 237 64 Gibson,
1050 1015 170 54 1877-

136 1090 122 55 The
290 1090 214 68 primer
540 1091 63 52 of
636 1109 143 49 pure
810 1090 405 68 spiritualism;
1256 1110 31 33 a
1323 1088 400 56 foundational
1755 1095 122 48 text
1910 1091 148 52 book

68 1166 93 54 for
199 1168 78 52 all
314 1169 391 67 spiritualists,
743 1169 155 53 units
936 1167 64 55 of
1040 1169 94 52 the
1173 1170 164 51 Band
1378 1168 64 53 of
1481 1187 140 48 pure
1659 1168 397 68 spiritualism,

66 1246 1930 68 and students of psychic research, by Daisy Gibson Buettner …
67 1322 117 56 San
210 1324 319 68 Francisco,
558 1324 193 68 Calif.,
781 1327 276 50 Buettner
1083 1343 173 49 press,
1287 1329 148 49 1936.

137 1409 135 49 xviii,
303 1409 86 41 196
415 1409 53 49 (i.
500 1422 37 29 e.
567 1410 110 48 208)
713 1422 42 37 p.
786 1411 109 40 incl.
924 1410 136 40 front.
1102 1409 171 49 (port.)
1312 1411 143 48 illus.,
1487 1411 170 48 plates.
1717 1411 53 39 21
1775 1413 16 21 cm
1825 1442 9 9 .

139 1482 153 39 Extra
320 1481 262 40 numbered
609 1491 148 38 pages
786 1481 228 42 inserted.

66 1549 53 52 ©
145 1553 109 39 Jan.
284 1553 67 47 11,
382 1551 116 41 1936;
551 1553 65 39 2c.
646 1553 110 40 Jan.
785 1552 82 47 29;
898 1552 83 41 aff.
1011 1552 110 40 Feb.
1151 1553 52 45 1;
1235 1553 40 38 A
1304 1552 170 47 91592;
1508 1555 56 38 D.
1597 1553 51 40 G.
1680 1554 251 46 Buettner,
1962 1554 96 40 San

136 1609 272 41 Francisco.
482 1609 249 49 (36-7158)

65 1715 188 63 Bunn,
280 1714 242 54 Harriet
549 1715 65 55 F.

134 1788 198 55 Circus
365 1789 128 68 boy,
526 1788 76 70 by
634 1788 240 54 Harriet
909 1789 64 51 F.
1010 1789 200 66 Bunn;
1247 1788 323 53 illustrated
1605 1788 77 69 by
1718 1788 222 70 George
1975 1789 79 53 M.

64 1866 297 56 Richards.
431 1867 137 53 New
600 1866 182 68 York,
815 1867 122 53 The
967 1866 335 53 Macmillan
1333 1884 298 52 company,
1668 1869 149 52 1936.

132 1952 720 50 6 p. l., 194 p. illus. 21 cm .
66 2023 53 54 ©
150 2029 119 38 Mar.
301 2028 69 46 17,
400 2026 139 47 1936;
572 2027 66 40 2c.
671 2028 93 39 and
797 2026 82 41 aff.
910 2028 121 38 Mar.
1063 2027 81 46 18;
1178 2027 41 38 A
1248 2026 170 47 92359;
1454 2027 281 40 Macmillan
1766 2040 66 28 co.

145 2084 250 49 (36-7115)

66 2188 341 64 Chambers,
439 2187 252 62 Oswald,
725 2187 323 55 187T-1917.

136 2265 122 53 The
277 2265 158 67 place
457 2265 63 52 of
543 2265 162 67 help;
733 2284 31 33 a
786 2264 147 53 book
955 2264 64 53 of
1044 2264 322 54 devotional
1391 2264 265 68 readings
1701 2265 92 68 [by]
1824 2266 231 55 Oswald

70 2341 1849 70 Chambers … New York, Dodd, Mead & company, 1936.
138 2429 86 40 viii
252 2441 57 36 p.,
338 2429 24 39 1
413 2460 22 16 l.,
462 2429 87 40 286
575 2440 42 36 p.
678 2429 57 40 18½
765 2431 44 21 cm
814 2460 9 8 .

67 2498 52 53 ©
144 2502 109 39 Feb.
277 2502 69 47 28,
370 2500 116 41 1936;
536 2501 66 40 2c.
627 2502 122 38 Mar.
773 2500 53 47 2;
854 2500 82 41 aff.
961 2502 121 37 Mar.
1107 2501 53 46 4;
1188 2501 40 38 A
1252 2499 169 47 92091;
1450 2501 153 47 Dodd,
1630 2502 141 39 Mead
1798 2501 36 39 &
1858 2511 67 30 co.,
1967 2502 91 41 inc.

146 2558 249 47 (36-7147)

66 2660 297 65 Chekhov,
388 2661 200 52 Anton
614 2659 336 64 Pavlovich,
980 2664 323 50 1860-1904.

196 2734 1859 70 … Plays: The seagull, The cherry orchard, On the high
64 2815 157 66 road,
249 2814 124 53 The
398 2813 285 69 wedding,
715 2813 120 52 The
866 2812 286 69 proposal,
1183 2813 121 52 The
1336 2812 389 70 anniversary,
1755 2814 123 53 The
1904 2814 154 67 bear,

65 2892 119 55 The
220 2892 157 54 three
411 2891 222 68 sisters;
674 2892 286 53 woodcuts
995 2891 75 68 by
1109 2891 258 53 Howard
1407 2889 215 57 Simon.
1697 2891 138 55 New
1875 2892 181 68 York,

64 2971 120 52 The
210 2972 184 52 Three
417 2970 178 54 sirens
622 2988 173 50 press,
825 2973 149 50 1935.

132 3042 1316 52 4 p. l., 3-328 p. incl. front., illus. plates. 21½ cm .
135 3115 62 40 At
225 3116 123 40 head
376 3115 53 40 of
455 3114 133 41 title:
617 3114 162 41 Anton
808 3113 241 42 Chekhov.

137 3171 224 41 Includes
387 3172 102 40 also
513 3171 69 39 “A
607 3172 256 47 tragedian
889 3172 49 39 in
963 3171 124 48 spite
1115 3171 52 40 of
1188 3170 239 43 himself”.

69 3242 52 52 ©
152 3246 101 40 Oct.
283 3246 39 46 1,
353 3244 139 47 1935;
525 3245 67 40 2c.
625 3245 109 39 Feb.
769 3246 37 45 7,
838 3244 140 46 1936;
1013 3243 82 41 aff.
1126 3245 121 39 Mar.
1280 3245 52 45 5;
1367 3245 43 39 A
1438 3244 170 49 93024;
1644 3248 286 39 Illustrated
137 3248 1904 93 editions
306 3312 81 36 co.,
431 3302 103 47 inc.,
575 3302 119 38 New
734 3301 144 40 York.
954 3299 278 50 [Copyright
1275 3301 41 40 is
1360 3300 206 42 claimed
1609 3313 59 30 on
1712 3302 344 51 illustrations]

147 3358 248 48 (36-7130)

70 3459 325 64 Chideckel,
423 3459 279 62 Maurice,
733 3461 169 53 1876-

139 3536 119 53 The
293 3536 198 68 single,
526 3536 95 53 the
658 3536 253 69 engaged
949 3536 112 53 and
1091 3536 96 55 the
1219 3534 267 65 married,
1521 3535 74 68 by
1632 3536 258 54 Maurice
71 3536 1962 143 Chideckel,
306 3633 65 33 m.
400 3634 48 32 d.;
507 3614 139 52 with
676 3634 31 32 a
737 3614 229 67 preface
993 3615 74 65 by
1095 3615 65 51 T.
1193 3613 209 55 Swann
1431 3614 275 69 Harding
1731 3616 112 51 and
1875 3634 70 33 an
70 3615 1963 129 introduction
414 3693 75 66 by
511 3692 102 52 Dr.
640 3691 301 66 Benjamin
974 3691 56 55 S.
1056 3691 342 53 Abeshouso.
1462 3693 137 51 New
1627 3693 180 65 York,
71 3694 1963 127 Eugenics
169 3769 333 69 publishing
527 3788 296 49 company,
851 3768 105 54 inc.
992 3802 12 33 [
1009 3776 18 21 c
1033 3773 133 48 1936]

141 3842 170 48 xxxiii,
339 3843 99 45 268,
484 3844 41 48 [2]
553 3854 42 37 p.
652 3844 55 38 21
711 3845 44 22 cm
759 3875 8 7 .

143 3910 329 42 “Authorities
500 3912 278 41 consulted”:
839 3924 42 36 p.
914 3912 112 49 [269]

73 3975 51 53 ©
154 3981 107 40 Feb.
291 3981 67 43 19,
390 3981 116 41 1936;
561 3982 65 40 2c.
661 3984 108 38 Feb.
801 3983 82 45 24;
917 3983 82 40 aff.
1031 3983 109 40 Feb.
1172 3982 81 47 25;
1287 3984 41 39 A
1358 3983 168 48 91922;
1563 3985 237 49 Eugenics
1832 3986 109 48 pub.
1975 3995 81 39 co.,

142 4037 88 41 inc.
301 4039 247 48 (36-7090)
