2519 4377
997 4057 132 53 1857

61 401 260 63 Ahearn,
348 401 225 54 Daniel.

129 491 243 68 Charity
402 491 131 68 girl,
562 490 76 67 by
666 489 212 67 Danny
908 487 248 53 Ahearn.
1223 487 138 53 New
1394 485 178 68 York,
1601 486 121 53 The
1751 485 303 68 Macaulay

59 569 493 63 company [ c 1936]
129 642 86 41 256
245 653 43 38 p.
350 640 54 41 19
407 642 43 21 cm
455 672 9 8 .

63 709 53 54 ©
144 714 112 39 Dec.
289 713 68 41 14.
389 711 139 47 1936;
562 711 65 38 2c.
661 710 95 39 and
820 710 50 41 aff.
904 710 111 41 Dec.
1048 709 80 47 15;
1158 710 42 38 A
1234 707 199 49 101292;
1470 708 257 47 Macaulay
1761 719 67 29 co.

143 768 279 51 (36-36430)

60 875 186 60 Allen,
329 917 13 13 O.
374 873 227 63 Fisher,
635 877 171 50 1851-

131 964 122 54 The
275 964 116 68 city
415 962 64 55 of
501 963 265 53 Houston
791 961 151 54 from
966 961 325 54 wilderness
1315 966 57 48 to
1397 960 247 69 wonder,
1667 960 75 69 by
1766 961 103 53 Dr.
1955 1004 10 10 O.
1993 961 65 54 F.

61 1043 188 54 Allen.
315 1041 252 68 Temple,
595 1042 155 66 Tex.,
779 1047 18 23 c
803 1043 150 50 1936.

130 1112 982 53 4 p. l., 55 p. front. (3 port.) 19½ cm .
131 1171 230 42 Author’s
386 1181 140 30 name
554 1181 60 30 on
640 1172 97 46 t.-p.
766 1170 201 40 covered
996 1169 61 48 by
1084 1168 255 49 copyright
1365 1169 139 40 label.

63 1239 53 53 ©
141 1242 101 42 Oct.
267 1242 70 47 20,
364 1241 113 40 1936;
530 1242 66 38 1c.
624 1240 101 41 Oct.
752 1238 82 47 24;
892 1249 37 30 1c.
956 1238 94 39 and
1077 1239 81 40 aff.
1188 1239 116 40 Nov.
1333 1238 80 48 10;
1444 1239 38 39 A
1513 1238 199 48 100937;
1743 1240 51 41 O.
1825 1241 48 38 F.
1902 1240 156 48 Allen,

136 1299 206 48 Temple.
368 1300 113 38 Tex.
546 1296 280 49 (36-36471)

60 1403 318 64 Altsheler,
405 1404 204 63 Brent,
637 1419 179 47 comp.

130 1480 245 53 Natural
405 1479 220 69 history
652 1478 398 68 index-guide;
1082 1478 170 53 index
1281 1483 57 49 to
1367 1478 95 53 the
1489 1478 173 54 books
1691 1479 58 52 in
1780 1479 279 67 libraries,

61 1557 171 71 guide
259 1563 56 50 to
347 1558 194 69 things
570 1557 229 53 natural
826 1556 59 52 in
915 1557 96 53 the
1041 1556 149 69 field,
1219 1557 184 52 where
1434 1557 112 53 and
1572 1558 129 52 how
1729 1562 58 48 to
1818 1557 118 55 find
1964 1559 95 51 the

61 1643 144 48 most
241 1636 317 69 important
593 1635 213 69 objects
841 1635 63 53 of
936 1639 228 51 natural
1201 1635 234 54 interest
1471 1635 59 53 in
1568 1636 76 52 all
1680 1636 282 55 countries
1999 1656 60 35 as

62 1714 289 55 described
395 1714 58 53 in
496 1716 97 53 the
632 1714 233 69 leading
906 1713 174 54 books
1120 1714 76 68 by
1238 1715 96 52 the
1378 1714 245 68 popular
1666 1716 233 53 authors
1945 1717 112 52 and

61 1794 359 53 well-known
460 1794 289 67 explorers
787 1793 64 52 of
885 1791 229 55 various
1150 1792 417 69 nationalities;
1611 1811 30 34 a
1682 1812 170 48 super
1886 1794 174 53 index

61 1878 57 49 to
153 1876 139 50 2000
324 1872 173 53 books
534 1872 231 68 printed
803 1871 60 52 in
900 1871 263 69 English,
1198 1889 71 35 an
1306 1871 389 53 introduction
1731 1877 59 49 to
1827 1873 231 52 natural

60 1949 1973 148 history; Brent Altsheler, compiler … Louisville, Ky., Natural history publishing company, 1936.
132 2104 84 42 311
249 2115 43 38 p.
351 2103 58 40 26
409 2105 44 22 cm
457 2134 10 9 .

63 2170 1981 110 © Sept. 30, 1936; 2c. Dec. 7; aff. Dec. 5; A 100841; B. Altsheler, Louisville. (36-36585)
62 2335 313 54 American
405 2331 501 67 pharmaceutical
932 2331 375 57 association.

133 2413 122 53 The
288 2409 479 71 pharmaceutical
802 2409 188 68 recipe
1019 2407 160 55 book.
1272 2410 72 52 2d
1379 2410 84 53 ed.
1568 2409 94 68 (R.
1698 2411 65 51 B.
1852 2409 17 68 II)
1975 2412 88 66 By

64 2490 292 68 authority
402 2489 64 53 of
510 2489 95 53 the
651 2488 309 54 American
1006 2488 479 68 pharmaceutical
1534 2489 353 67 association,
66 2509 1971 128 prepared
270 2569 74 68 by
377 2569 94 52 the
503 2567 346 54 committees
883 2585 72 35 on
986 2567 186 67 recipe
1202 2566 147 53 book
1381 2567 112 53 and
1528 2586 70 35 on
1631 2567 280 54 unofficial
64 2568 1975 133 formulas
287 2646 63 54 of
389 2648 94 52 the
522 2646 306 53 American
869 2646 481 68 pharmaceutical
1393 2644 352 56 association.
65 2648 1974 146 [Washington,
307 2727 71 51 D.
410 2724 82 68 C.]
526 2726 124 53 The
677 2724 305 54 American
1014 2724 479 68 pharmaceutical
1524 2723 354 70 association,
1913 2729 147 49 1936.

130 2799 101 44 xiii,
261 2800 85 40 529
376 2810 40 38 p.
477 2799 56 39 24
536 2801 44 22 cm
583 2829 9 9 .

133 2856 210 41 “Official
373 2854 145 50 copy”
544 2853 93 52 slip
664 2857 227 39 mounted
920 2865 60 30 on
1007 2864 139 32 verso
1175 2855 51 41 of
1253 2857 95 46 t.-p.

67 2923 1978 108 © Nov. 5, 1936; 2c. Nov. 14; aff. Nov. 12; A 101080; Amer. pharmaceutical assn. (36-36176)
66 3085 377 65 Armstrong,
470 3085 197 61 Louis,
698 3090 169 49 1900-

139 3162 197 68 Swing
360 3162 128 53 that
508 3158 196 70 music,
728 3161 76 68 by
824 3161 176 54 Louis
1023 3162 363 68 Armstrong,
1411 3163 138 53 with
1577 3182 71 34 an
1675 3163 388 54 introduction

66 3241 73 67 by
161 3241 171 66 Rudy
355 3240 211 53 Vallee.
640 3236 189 56 Music
849 3238 210 55 section
1082 3239 188 54 edited
1293 3240 76 67 by
1390 3240 227 54 Horace
1639 3240 262 56 Gerlach,
1925 3242 136 53 with

67 3316 1999 147 special examples of swing music contributed by Benny Goodman, Tommy Dorsey, Joe Venuti [and others] … London,
72 3474 133 52 New
234 3472 161 53 York
429 3477 136 62 [etc.]
595 3472 347 68 Longmans,
970 3470 185 57 Green
1184 3474 112 53 and
1325 3491 97 48 co.,
1451 3477 148 50 1936.

136 3545 1319 50 xii p., 1 l., 136 p., 11 fold. 1. front., ports. 22 cm .
136 3605 221 39 Includes
383 3614 25 27 a
433 3603 143 48 piano
599 3612 137 31 score
755 3602 60 47 by
840 3602 80 40 the
945 3602 178 40 author
1145 3604 94 39 and
1264 3604 190 40 Horace
1480 3604 220 47 Gerlach,
1726 3607 337 47 accompanied

69 3659 58 48 by
158 3659 389 48 improvisations
578 3657 220 49 supplied
829 3658 62 47 by
921 3660 79 39 ten
1030 3658 264 41 musicians
1322 3660 78 39 for
1430 3659 128 42 their
1589 3661 268 47 particular
68 3662 1979 94 instruments
248 3715 76 47 (11
353 3715 116 40 fold.
497 3714 55 47 1.)
621 3716 40 37 A
689 3713 211 49 portrait
925 3713 52 41 of
1003 3714 82 42 the
1112 3715 238 41 musician
1380 3725 205 39 appears
1615 3727 59 29 on
1701 3727 138 31 verso
1869 3719 51 38 of
1949 3719 116 39 each

68 3771 377 48 improvisation.

139 3828 158 41 “First
331 3825 223 43 edition.”

71 3893 1995 53 © Nov. 4. 1936; 2c. and aff. Nov. 14; A 100469; L. Armstrong, ℅ Joe
143 3954 182 43 Glaser.
354 3955 116 38 New
500 3953 142 39 York.
711 3950 280 50 (36-36408)
