2519 4377
1029 4085 97 50 985

114 427 1988 68 The insurance bar; a directory of eminent lawyers … and the
186 506 271 54 Selective
493 505 183 66 digest
712 506 62 51 of
806 506 94 52 the
934 506 108 51 law
1079 505 62 52 of
1174 507 294 51 insurance
1506 507 110 51 and
1653 507 214 52 related
1903 507 198 65 topics,

249 588 24 47 11th
346 583 209 52 annual
590 584 103 64 ed.,
726 585 167 63 June,
929 586 148 49 1936.
1155 584 210 51 Edited
1400 584 73 66 by
1509 584 66 52 R.
1610 585 88 53 W.
1735 582 365 55 Martindale.

183 659 1486 68 Chicago. Ill., The Bar list publishing co. [ c 1936]
179 747 98 48 344,
311 747 110 49 [654]
451 757 43 36 p.
547 746 54 40 23
605 748 46 21 cm
654 777 9 8 .

180 817 130 38 Each
341 818 110 45 part
480 816 90 39 has
600 815 179 48 special
810 818 95 45 t.-p.

112 883 53 52 ©
191 887 115 39 July
334 887 69 47 30’,
433 885 138 43 1936;
602 886 67 41 2c.
700 886 94 39 and
823 885 81 40 aff.
934 887 118 41 Aug.
1081 886 52 42 3;
1166 887 39 37 A
1233 885 169 42 96718;
1436 887 99 37 Bar
1565 885 82 39 list
1676 886 108 47 pub.
1815 896 66 29 co.

110 1049 120 52 The
253 1046 430 54 International
708 1046 216 67 library
950 1046 62 54 of
1036 1047 177 51 music
1237 1046 94 53 for
1353 1046 163 53 home
1542 1047 112 53 and
1679 1046 217 68 studio;
1923 1047 179 53 music

179 1123 1812 68 literature … New York, The University society [ c 1936]
180 1213 25 38 2
234 1223 40 27 v.
334 1211 187 46 fronts.,
552 1210 127 39 illus.
709 1209 131 48 (incl.
871 1209 229 47 facsims.,
1133 1209 176 47 music)
1349 1210 170 47 plates,
1551 1211 148 45 ports.
1759 1210 26 38 28½
1848 1212 43 20 cm
1896 1241 7 7 .

533 1277 1566 49 CONTENTS. — I. The history of music. Critical and biographical
111 1336 219 39 sketches
359 1335 51 39 of
435 1336 82 38 the
544 1334 148 47 epoch
718 1334 192 39 makers
940 1333 50 40 of
1018 1334 282 40 music.—II.
1328 1335 100 39 The
1456 1335 187 45 history
1673 1335 50 40 of
1750 1334 167 41 music.
109 1336 1974 96 Critical
229 1392 94 39 and
347 1390 331 48 biographical

705 1390 220 40 sketches
951 1390 50 40 of
1027 1392 81 38 the
1134 1391 148 47 epoch
1307 1391 192 39 makers
1526 1391 50 39 of
1601 1392 166 39 music.
109 1393 1973 103 Pronouncing
220 1447 271 47 dictionary
524 1447 51 39 of
603 1446 202 40 musical
839 1449 162 37 terms.
1063 1446 342 48 Biographical
1436 1448 272 46 dictionary
1739 1448 52 40 of
1819 1448 279 41 musicians.

111 1518 51 52 ©
198 1522 125 39 June
357 1521 68 46 16,
461 1520 139 45 1936;
637 1519 67 39 2c.
743 1519 115 39 each
894 1519 115 46 July
1045 1519 51 46 6;
1138 1519 81 39 aff.
1255 1520 126 38 June
1415 1520 82 46 20;
1536 1521 40 38 A
1611 1519 169 47 95932;
1822 1520 282 47 University

180 1588 105 33 soc.,
315 1578 89 39 inc.
470 1576 279 48 (36-16986)

106 1684 230 63 Jacobs,
361 1683 238 64 Joseph,
629 1683 172 54 1879-

178 1771 121 52 The
331 1772 422 65 sacramentary
786 1766 291 70 teachings
1113 1767 63 54 of
1209 1768 96 52 the
1340 1768 228 68 church,
1601 1769 75 68 by
1709 1770 139 51 Rev.
1885 1769 215 68 Joseph

108 1846 1841 69 Jacobs … Boston, Meador publishing company, 1936.
176 1934 86 41 248
293 1945 43 37 p.
396 1932 55 41 21
454 1935 44 21 cm
502 1965 9 9 .

109 2001 51 53 ©
196 2006 125 38 June
354 2005 69 47 27,
458 2004 140 46 1936;
635 2004 68 39 2c.
740 2004 115 46 July
889 2004 52 46 3;
981 2003 81 40 aff.
1099 2004 115 46 July
1250 2004 52 46 6;
1341 2005 40 37 A
1417 2003 170 47 95937;
1626 2005 44 40 J.
1708 2004 189 47 Jacobs,
177 2005 1907 103 Wadsworth,
373 2062 123 38 Kan.
559 2060 279 47 (36-16888)

105 2163 172 65 Joffe,
307 2164 178 53 Jacob
515 2163 254 63 Samuel,
801 2164 170 55 1887-

175 2252 1927 71 Pedology, by Jacob S. Joffe … with an introduction by the
106 2332 1967 148 late Curtis F. Marbut … New Brunswick, N. J., Rutgers university press, 1936.
173 2502 97 46 xvi,
303 2501 83 40 575
417 2511 43 38 p.
489 2500 111 41 incl.
631 2501 144 47 illus.,
807 2501 169 48 tables,
1011 2500 178 48 diagrs.
1250 2500 149 41 front,
1428 2501 139 48 (fold,
1602 2502 136 47 map)
1810 2501 55 40 23½
1898 2504 44 21 cm
1947 2534 9 9 .

176 2570 162 41 “First
365 2570 258 49 printing.”

177 2628 69 39 “A
278 2628 207 40 selected
517 2627 87 40 list
636 2627 51 40 of
720 2627 149 40 books
902 2627 95 39 and
1031 2627 323 47 monographs
1389 2638 59 29 on
1483 2626 116 41 soils
1635 2627 120 40 with
1790 2627 183 49 special
105 2628 1977 97 reference
308 2686 47 38 to
387 2682 291 50 pedology”:
714 2694 42 37 p.

790 2683 229 47 546-547;
1057 2682 347 41 “References”
1438 2685 55 39 at
1519 2684 95 40 end
1648 2684 52 40 of
1730 2685 120 39 each
1883 2686 215 47 chapter.

106 2750 53 52 ©
184 2755 126 38 June
335 2754 70 47 26,
431 2752 139 47 1936;
600 2752 67 41 2c.
693 2753 94 38 and
817 2753 81 40 aff.
927 2754 125 38 June
1078 2753 55 39 30;
1190 2754 40 38 A
1257 2752 170 48 97050;
1457 2754 43 40 J.
1532 2754 44 40 S.
1639 2753 106 48 Joffe,
1774 2755 117 38 New
174 2755 1907 103 Brunswick,
338 2811 54 38 N.
422 2811 42 38 J.
531 2808 279 49 (36-16922)

103 2917 345 63 Jorgenson,
475 2916 320 54 Theodore.

178 3004 291 69 Norway’s
503 3005 242 52 relation
777 3011 57 46 to
871 3003 424 54 Scandinavian
1325 3002 302 68 unionism,
1664 3002 324 68 1815-1871,
2022 3005 70 67 by

105 3079 1989 71 Theodore Jorgenson … Northfield, Minn., St. Olaf college
105 3178 173 49 press,
311 3163 148 51 1935.

175 3241 29 28 v
232 3241 56 37 p.,
319 3230 27 38 2
410 3261 8 16 l.,
452 3230 175 49 [3]-530
655 3241 43 36 p.
758 3230 55 38 22½
846 3232 44 21 cm
895 3262 8 8 .

175 3287 373 47 Bibliography:
583 3297 43 37 p.
662 3286 245 50 [466]-515.

105 3354 52 52 ©
189 3359 124 39 June
346 3359 67 45 10,
445 3358 139 47 1936;
619 3358 66 41 2c.
721 3360 124 38 June
875 3359 82 46 22;
995 3358 79 41 aff.
1109 3360 125 38 June
1267 3360 81 46 18;
1384 3361 40 37 A
1456 3359 171 47 96105;
1667 3361 67 39 St.
1769 3360 115 39 Olaf
1915 3360 180 46 college

172 3425 149 37 press.
392 3415 278 47 (36-13868)

103 3518 184 62 Kuck,
312 3518 247 54 Loraine
587 3519 66 55 E.

103 3607 1988 147 The tropical garden, its design, horticulture and plant materials, by Loraine E. Kuck and Richard C. Tongg … New
105 3765 174 66 York,
311 3765 119 51 The
463 3765 333 51 Macmillan
828 3782 295 50 company,
1160 3767 148 49 1936.

173 3838 1234 49 x p., 1 l., 378 p. xvi pl. (incl. front.) 22½ cm .
168 3895 160 39 “First
357 3894 257 48 printing.”

101 3960 52 52 ©
181 3964 115 46 July
325 3964 67 46 14,
422 3963 139 47 1936;
594 3963 66 39 2c.
691 3964 95 40 and
816 3964 81 39 aff.
927 3964 116 46 July
1072 3964 81 46 15;
1186 3966 39 36 A
1256 3963 169 46 97056;
1459 3962 280 40 Macmillan
1769 3973 67 30 co.

182 4018 276 50 (36-16920)
