2597 4361
1134 4064 67 49 49

232 498 377 47 Bibliography:
643 507 43 37 p.
718 496 217 40 273-275.

163 568 52 53 ©
243 573 107 39 Jan.
382 571 39 48 9,
453 570 140 47 1936;
625 570 68 40 2c.
722 570 98 39 and
845 568 81 40 aff.
958 569 109 39 Jan.
1098 568 81 42 18;
1212 568 40 38 A
1281 567 172 48 91310;
1486 568 135 39 Book
1650 569 126 38 sales
1808 577 195 39 agency.

242 628 251 49 (36-2061)

163 732 223 63 Henry,
413 731 155 54 John
594 729 270 63 Michael,
895 735 169 49 1883-

235 808 149 54 Nine
409 808 175 54 above
608 810 97 52 the
727 808 138 65 law;
895 826 104 35 our
1024 807 277 68 Supreme
1325 812 163 48 court
1518 807 91 67 [by]
1656 806 159 56 John
1839 807 80 53 M.
1946 807 219 67 Henry.

165 884 1443 71 Pittsburgh, Pa., R. T. Lewis company [ c 1936]
236 959 748 51 2 p. l., [iii]-v, 300 p. 27½ cm .
163 1029 52 53 ©
252 1033 109 39 Jan.
400 1032 69 46 18,
509 1030 140 48 1936;
689 1031 65 40 2c.
795 1032 96 38 and
930 1030 81 40 aff.
1051 1031 109 39 Jan.
1200 1029 83 47 20;
1324 1030 43 43 A
1403 1028 170 43 91311;
1616 1030 43 39 J.
1701 1030 63 38 M.
1801 1029 181 47 Henry,
234 1027 1918 110 Pittsburgh.
473 1088 251 49 (36-1670)

164 1193 277 65 Herbert,
471 1193 152 52 Alan
654 1192 260 64 Patrick,
950 1197 168 49 1890-

239 1270 353 54 Uncommon
637 1269 137 67 law;
821 1268 173 69 being
1037 1266 268 70 sixty-six
1348 1265 346 70 misleading
1735 1283 168 49 cases,
1949 1264 217 53 revised

164 1348 113 52 and
308 1348 266 53 collected
604 1348 59 51 in
695 1366 102 34 one
826 1347 242 67 volume,
1098 1345 301 69 including
1428 1351 95 47 ten
1556 1363 150 35 cases
1736 1350 101 48 not
1866 1343 297 70 published

165 1424 212 71 before,
402 1426 75 68 by
503 1426 70 52 A.
599 1427 65 51 P.
691 1425 278 67 Herbert;
1000 1424 140 53 with
1170 1443 71 34 an
1266 1422 393 55 introduction
1681 1423 76 70 by
1785 1424 155 53 Lord
1967 1422 200 54 Atkin.

165 1504 258 68 London,
447 1504 274 53 Methuen
744 1507 47 50 &
813 1522 98 50 co.,
939 1504 102 53 ltd.
1076 1506 172 64 [1935]

236 1579 118 48 xxii,
381 1578 87 40 494
493 1588 43 37 p.
597 1577 56 41 19
656 1580 44 21 cm
703 1609 9 8 .

238 1635 162 42 “First
422 1635 256 48 published
705 1635 49 39 in
781 1635 100 41 this
907 1635 126 40 form
1062 1635 50 39 in
1140 1633 158 42 1935.”

239 1692 156 42 “Most
418 1693 51 40 of
491 1694 136 39 these
650 1702 135 31 cases
807 1703 129 30 were
954 1692 261 49 originally
1234 1692 224 47 reported
1480 1691 49 40 in
1552 1693 83 40 the
1656 1702 147 38 pages
1827 1692 51 40 of
166 1692 2004 104 Punch.”—p.
239 1759 40 32 v.

165 1819 2006 53 © 1c. Jan. 10, 1936; A ad int. 21017; pubd. Nov. 15, 1935; A. P. Herbert,
234 1881 212 41 London.
513 1881 250 48 (36-2341)

168 1984 235 63 Hough,
430 1987 137 51 Mrs.
595 1986 213 52 Maude
836 1984 195 55 Clark.

238 2061 172 53 Lines
435 2080 71 34 on
534 2061 123 67 life,
684 2061 73 68 by
784 2061 212 53 Maude
1027 2061 177 54 Clark
1231 2061 234 69 Hough.
1532 2062 137 52 New
1698 2062 162 52 York
1889 2063 134 67 city,
2052 2062 120 53 The

167 2140 580 68 Poets press [ c 1936]
237 2214 54 41 52
321 2226 58 37 p.,
410 2216 24 38 1
487 2247 8 8 l.
554 2215 59 41 18½
643 2217 44 22 cm
692 2247 9 8 .

238 2272 184 41 Poems.

240 2329 163 42 “First
429 2328 227 41 edition.”

168 2395 52 53 ©
249 2400 107 39 Jan.
387 2400 68 46 17,
483 2400 117 40 1936;
654 2399 67 41 2c.
750 2402 96 38 and
876 2400 82 40 aff.
989 2401 109 39 Jan.
1128 2400 81 43 18;
1242 2401 40 38 A
1311 2399 171 48 90368;
1515 2402 62 39 M.
1609 2401 48 40 C.
1689 2401 190 48 Hough,
1912 2402 260 46 Brooklyn.

246 2455 250 48 (36-1727)

171 2557 281 66 Hovious,
481 2558 188 56 Carol.

241 2632 321 69 Following
596 2634 229 67 printed
859 2635 191 66 trails;
1088 2633 195 69 things
1317 2640 59 49 to
1410 2636 157 51 learn
1603 2634 173 53 about
1810 2635 254 67 reading,
2101 2633 72 68 by

172 2710 2001 71 Carol Hovious … Boston, New York [etc.] D. C. Heath and
172 2806 277 51 company
479 2823 13 34 [
497 2795 18 22 c
520 2792 151 65 1936]

240 2871 45 34 x,
313 2860 83 41 371
426 2871 43 37 p.
530 2861 142 47 illus.,
701 2860 178 48 diagrs.
940 2861 58 40 20½
1027 2863 45 21 cm
1077 2893 9 8 .

240 2917 123 40 Text
393 2918 95 39 and
519 2928 222 37 progress
771 2919 165 39 charts
967 2929 60 29 on
1058 2919 362 48 lining-papers.

169 2986 52 52 ©
256 2990 59 39 Jan
400 2990 40 44 2,
477 2991 140 46 1936;
654 2991 66 39 2c.
757 2993 95 38 and
889 2991 81 40 aff.
1008 2992 109 39 Jan.
1155 2992 81 47 13;
1275 2993 39 38 A
1351 2991 143 41 91150;
1562 2993 49 40 C.
1651 2992 231 49 Hovious,
1922 2992 250 47 Hollister,

240 3047 142 40 Calif.
447 3048 251 47 (36-1882)

173 3148 265 65 Hughes,
465 3149 212 66 Philip,
708 3155 170 49 1895-

241 3225 55 51 A
330 3225 220 69 history
587 3225 63 53 of
685 3226 94 53 the
817 3226 238 63 church;
1094 3246 72 38 an
1206 3227 392 69 introductory
1636 3228 186 68 study,
1861 3228 71 68 by
1973 3228 198 67 Philip

173 3305 1929 70 Hughes … v. 1-2. New York, Sheed & Ward, inc., 1935.
239 3377 29 37 2
295 3389 40 28 v.
395 3378 104 39 fold.
544 3388 125 38 map,
697 3379 102 39 fold.
846 3380 169 40 tables.
1075 3380 55 38 22
1133 3383 44 19 cm
1183 3412 8 7 .

244 3431 225 40 Includes
500 3431 390 48 bibliographies.

173 3501 41 28 v.
242 3491 39 47 1,
311 3486 52 52 ©
393 3491 100 40 Oct.
523 3492 67 46 11,
620 3492 116 39 1935;
789 3491 67 41 2c.
887 3493 111 39 Dec.
1028 3493 81 42 14;
1141 3493 80 39 aff.
1254 3495 111 38 Dec.
1396 3494 80 42 11;
1510 3506 41 28 v.
1582 3495 39 40 2.
1652 3490 52 52 ©
1736 3494 101 40 Oct.
1866 3494 55 39 23;
1980 3494 66 40 2c.
2079 3495 94 38 and

243 3547 79 39 aff.
348 3549 109 38 Dec.
481 3549 80 41 14;
588 3549 40 38 A
651 3549 156 46 91214,
830 3548 143 40 91215;
1030 3551 154 38 Sheed
1207 3550 35 39 &
1267 3551 163 48 Ward,
1454 3550 91 41 inc.
1602 3550 279 49 [Copyright
1906 3550 44 40 is
1969 3550 205 40 claimed

243 3613 60 29 on
332 3615 42 36 p.
405 3604 181 48 vii-xii,
617 3604 204 42 379-397
848 3605 51 39 of
928 3618 41 27 v.
1000 3607 24 38 1
1056 3608 94 38 and
1181 3608 65 38 all
1278 3607 51 39 of
1357 3619 42 28 v.
1430 3607 41 48 2]
1543 3607 250 47 (36-1887)

177 3703 250 67 Hunter,
458 3707 220 54 Estelle
707 3708 175 64 Belle,
914 3714 170 49 1885-

247 3781 50 51 A
326 3801 120 34 new
472 3782 403 70 self-teaching
901 3802 194 36 course
1120 3786 58 52 in
1205 3786 276 68 practical
1505 3787 247 68 English
1780 3786 112 54 and
1919 3785 253 53 effective

175 3859 217 66 speech,
442 3862 349 69 comprising
836 3863 346 69 vocabulary
1230 3863 412 69 development,
1688 3881 307 52 grammar,
177 3882 1970 123 pronunciation,
571 3940 380 68 enunciation,
998 3942 113 52 and
1157 3943 97 52 the
1301 3942 402 55 fundamental
1750 3941 309 70 principles
2107 3941 62 53 of
