2519 4377
982 4131 97 49 315

43 486 251 64 Bryson,
323 484 314 54 Frederick
666 485 349 62 Robertson,
1045 487 169 52 1878-

114 562 121 53 The
266 560 164 69 point
458 560 64 54 of
552 560 181 54 honor
763 562 60 53 in
853 560 546 68 sixteenth-century
1432 560 157 66 Italy:
1652 578 71 34 an
1757 564 190 60 aspect
1978 559 63 52 of

45 640 95 52 the
183 638 105 54 life
329 638 64 53 of
437 638 94 53 the
577 638 341 68 gentleman,
963 638 74 66 by
1080 637 310 54 Frederick
1433 637 316 53 Robertson
1799 639 240 65 Bryson.

43 714 1234 69 New York, Columbia university [ c 1935]
113 791 27 39 4
167 801 42 37 p.
271 821 9 16 l.,
304 789 87 40 129
413 801 43 37 p.
509 789 57 40 20½
596 791 44 21 cm
645 820 8 8 .
725 787 356 49 (Publications
1102 788 52 40 of
1180 789 81 39 the
1288 787 233 42 Institute
1548 788 52 40 of
1626 788 186 40 French
1839 787 200 45 studies,

44 846 116 48 inc.)

115 903 171 40 Issued
313 903 103 39 also
443 912 55 30 as
523 902 112 48 part
662 901 52 41 of
738 900 152 42 thesis
918 900 109 47 (PH.
1086 900 34 47 D.)
1159 899 282 49 University
1468 900 52 41 of
1547 899 222 50 Chicago.

115 958 347 49 Bibliography:
516 969 42 38 p.
588 957 215 41 123-127.

45 1012 52 53 ©
130 1016 119 48 Aug.
283 1016 39 48 5,
357 1015 117 40 1935;
534 1016 66 39 2c.
635 1015 97 39 and
766 1013 81 41 aff.
884 1014 109 39 Feb.
1030 1014 67 47 10,
1134 1013 113 40 1936;
1310 1014 40 39 A
1384 1014 172 47 91688;
1594 1014 54 41 G.
1682 1015 51 40 L.
1768 1024 95 29 van
111 1015 1916 105 Roosbroeck,
327 1074 116 38 New
474 1072 144 40 York.
686 1070 250 48 (36-7869)

42 1145 217 64 Byron,
294 1147 225 63 George
555 1146 232 54 Gordon
820 1144 146 53 Noël
999 1146 219 61 Byron,
1251 1145 101 52 6th
1386 1145 193 64 baron,
1613 1145 326 54 1788-1824.

175 1220 1867 70 … Childe Harold’s pilgrimage and other romantic poems,
42 1298 2000 69 edited by Samuel C. Chew … Garden City, N. Y., Doubleday,
41 1379 199 53 Doran
270 1380 45 50 &
345 1396 296 49 company,
670 1378 107 52 inc.
814 1411 12 33 [
832 1384 17 21 c
855 1380 134 49 1936]

145 1483 7 10 L.
196 1452 82 40 521
322 1463 41 36 p.
431 1452 136 39 front.
610 1452 172 49 (port.)
860 1451 57 40 18½
947 1453 43 21 cm
997 1483 8 9 .
1085 1450 299 48 (Half-title:
1424 1451 101 40 The
1570 1451 470 47 Doubleday-Doran

43 1508 151 41 series
217 1508 50 40 in
291 1508 285 47 literature;
604 1508 56 40 R.
690 1507 189 49 Shafer,
905 1509 194 47 general
1127 1507 182 48 editor)

111 1565 65 40 At
201 1565 124 39 head
352 1564 52 41 of
429 1565 108 40 title:
593 1564 128 40 Lord
742 1565 179 48 Byron.

114 1622 163 40 “First
303 1620 227 42 edition.”

114 1678 246 41 “Selected
388 1676 365 49 bibliography”:
812 1687 43 38 p.
880 1676 162 40 xlii-L.

42 1730 52 53 ©
131 1736 119 38 Mar.
285 1735 68 47 13,
389 1733 113 41 1936;
565 1734 65 41 2c.
668 1734 95 40 and
797 1733 80 40 aff.
914 1734 120 39 Mar.
1068 1734 55 39 17;
1185 1733 41 39 A
1258 1732 143 42 93382;
1467 1735 298 47 Doubleday,
1803 1736 170 39 Doran
2007 1736 37 40 &

113 1802 80 36 co.,
232 1791 90 40 inc.
393 1790 280 49 [Copyright
713 1791 42 38 is
794 1789 205 41 claimed
1036 1801 59 29 on
1135 1789 208 49 preface,
1382 1790 345 50 introduction,
1767 1794 142 38 notes
1945 1793 98 39 and

108 1848 159 47 index,
297 1849 61 47 by
388 1848 179 39 Robert
601 1847 192 40 Shaffer
825 1847 95 39 and
953 1847 193 40 Samuel
1177 1847 50 40 C.
1257 1846 160 50 Chew]
1487 1847 250 48 (36-7857)

43 1921 341 56 California.
457 1923 245 53 District
730 1928 185 49 courts
945 1922 63 66 of
1033 1922 221 66 appeal.

113 1998 1927 69 Reports of cases determined … April 4, 1935, to May 15,
45 2081 149 49 1935.
269 2077 308 67 Randolph
624 2078 69 52 V.
740 2078 283 66 Whiting,
1069 2082 283 62 reporter;
1400 2078 204 66 Henry
1649 2079 65 51 F.
1759 2077 281 68 Wrigley,

40 2154 258 55 William
334 2156 62 51 F.
430 2156 298 64 Traverso,
760 2157 146 52 Wm,
943 2152 338 70 Nankervis,
1313 2154 90 67 jr.,
1436 2155 270 53 assistant
1738 2161 299 61 reporters.

42 2232 240 55 Volume
325 2236 29 49 6
387 2232 125 67 (2d)
601 2232 117 56 San
759 2232 321 68 Francisco,
1119 2232 583 68 Bancroft-Whitney
1742 2251 298 51 company,

44 2315 149 50 1935.

107 2383 165 48 xxxvi,
303 2383 89 40 905
417 2395 42 36 p.
518 2383 54 39 22½
605 2386 44 20 cm
654 2415 11 9 .

42 2436 52 53 ©
127 2441 109 40 Jan.
270 2440 70 48 29,
371 2440 141 47 1936;
549 2440 67 40 2c.
653 2441 96 39 and
783 2440 82 41 aff.
902 2440 110 40 Feb.
1048 2439 81 46 10;
1166 2440 44 39 A
1240 2439 170 48 91898;
1449 2439 488 49 Bancroft-Whitney
1972 2452 68 29 co.

114 2569 1924 69 Reports of cases determined … May 15, 1935, to June 22,
46 2651 147 49 1935.
270 2649 309 66 Randolph
625 2650 68 52 V.
739 2649 284 66 Whiting,
1068 2653 283 62 reporter;
1400 2649 204 66 Henry
1650 2650 65 52 F.
1759 2648 279 68 Wrigley,

41 2725 259 55 William
334 2728 64 51 F.
431 2728 297 64 Traverso,
758 2728 147 52 Wm.
940 2726 338 66 Nankervis,
1312 2726 90 66 jr.,
1437 2725 267 53 assistant
1736 2731 302 62 reporters.

43 2803 240 53 Volume
319 2803 31 53 7
397 2802 126 67 (2d)
611 2802 117 55 San
764 2803 321 66 Francisco,
1123 2804 583 66 Bancroft-Whitney
1741 2822 298 49 company,

46 2885 148 49 1936.

106 2954 164 48 xxxvi,
301 2954 83 40 906
415 2965 42 37 p.
516 2954 55 39 22½
604 2957 14 20 cm
653 2987 9 7 .

41 3006 52 53 ©
124 3011 110 40 Feb.
266 3011 68 47 18,
365 3010 116 41 1936;
538 3010 66 41 2c.
638 3011 110 40 Feb.
780 3011 57 40 26;
897 3011 82 41 aff.
1013 3011 110 39 Feb.
1156 3010 56 39 24;
1274 3011 40 39 A
1346 3009 143 41 90964;
1552 3009 488 49 Bancroft-Whitney

111 3077 65 29 co.

45 3126 342 55 California.
461 3130 182 65 Laws,
666 3135 256 58 statutes,
947 3135 99 47 etc.

117 3202 374 70 Supplement
531 3204 63 53 of
635 3207 133 50 1935
808 3210 57 47 to
905 3203 295 69 Deering’s
1242 3203 182 56 Codes
1465 3204 112 53 and
1619 3203 242 54 General
1900 3203 138 53 laws

44 3280 63 52 of
152 3283 130 51 1931
330 3282 112 51 and
485 3287 57 46 to
586 3282 363 54 Treadwell’s
995 3281 402 55 Constitution.
1496 3280 140 54 This
1677 3281 363 68 supplement

45 3363 258 47 connects
350 3358 140 52 with
537 3359 111 52 and
695 3360 290 52 continues
1030 3358 297 69 Deering’s
1371 3359 359 68 supplement
1775 3358 64 53 of
1889 3362 149 49 1933.

45 3434 58 51 It
143 3435 182 54 shows
364 3436 96 52 the
500 3437 243 67 changes
787 3436 271 69 affecting
1098 3438 93 51 the
1236 3436 180 55 Codes
1460 3436 112 52 and
1615 3435 241 54 General
1900 3437 139 51 laws

45 3510 64 52 of
135 3511 322 55 California
482 3513 164 54 made
671 3514 75 68 by
771 3514 95 54 the
890 3512 356 71 Legislature
1272 3514 64 53 of
1365 3517 149 64 1935,
1534 3514 111 53 and
1673 3514 94 53 the
1797 3514 242 66 changes

47 3589 161 52 made
245 3590 58 51 in
341 3591 96 52 the
473 3591 370 53 constitution
882 3592 63 52 of
984 3590 339 57 California.
1398 3592 58 52 It
1495 3593 116 52 also
1652 3592 253 53 includes
1945 3593 92 51 the

47 3664 323 70 Insurance,
406 3667 264 69 Military
708 3669 111 52 and
857 3672 277 59 veterans,
1172 3670 213 54 Streets
1424 3669 113 53 and
1571 3669 319 69 highways,
1927 3670 111 51 and

47 3740 1995 74 Vehicle codes of 1935 … By Curtis Hillyer. San Francisco.
47 3817 578 68 Bancroft-Whitney
661 3841 296 50 company,
992 3827 148 49 1936.

117 3890 129 46 xxiv,
276 3889 114 40 2304
418 3902 42 36 p.
521 3893 53 39 23½
608 3896 14 20 cm
656 3926 9 7 .

119 3943 70 41 On
221 3955 166 31 cover:
422 3949 165 42 Codes,
617 3951 122 38 laws
772 3952 93 38 and
899 3952 369 40 constitutional
1301 3954 332 40 amendments
1667 3954 52 40 of
1752 3953 285 43 California.

43 3998 52 52 ©
126 4003 120 40 Mar.
276 4006 68 46 16,
378 4007 139 47 1936;
552 4007 67 42 2c.
653 4010 96 39 and
782 4009 81 40 aff.
899 4011 121 40 Mar.
1052 4011 82 46 23;
1170 4012 42 38 A
1243 4011 171 49 92425;
1451 4012 486 47 Bancroft-Whitney
1974 4023 66 30 co.

125 4058 247 52 (36-7931)
