2519 4377
1334 4213 100 48 356

460 678 65 39 At
551 677 126 41 head
702 676 54 42 of
779 676 111 42 title
907 688 9 29 :
943 678 116 39 Mrs.
1086 677 230 40 Fremont
1342 676 159 42 Older.

462 734 163 40 “First
658 733 228 41 edition.”

389 801 52 53 ©
472 806 115 48 Apr.
620 805 40 47 6,
693 805 117 40 1936;
868 804 68 41 2c.
969 805 96 39 and
1098 815 25 28 a
1130 804 50 39 ff.
1215 805 113 47 Apr.
1362 806 25 39 7;
1450 805 41 38 A
1523 803 145 41 92874;
1731 805 52 41 E.
1817 804 50 41 P.
1902 804 188 39 Dutton
2124 804 36 40 &
2194 814 82 38 co.,
2310 804 92 42 inc.

467 863 254 48 (36-8263)

388 966 261 66 Ordioni,
676 966 223 55 Pierre.

553 1040 1850 71 … Pozzo di Borgo, diplomate de l’Europe française. Paris,
388 1121 148 54 Plon
568 1123 173 67 [1935]

456 1191 715 51 4 p. l., x, 299 p., 1 l. 19cm.
386 1250 2015 53 © Nov. 20, 1935; 1c. Feb. 17, 1936; A- Foreign 30542; Librairie Plon.
469 1311 253 49 (36-8227)

387 1415 157 54 Over
572 1417 61 53 in
664 1417 96 53 the
788 1416 285 67 meadow;
1108 1434 73 34 an
1211 1417 94 53 old
1335 1434 241 50 nursery
1606 1434 144 49 song
1778 1415 328 55 illustrated
2140 1417 72 67 by
2243 1416 156 56 John

456 1493 281 68 Anthony
765 1493 250 53 Hartell.
1082 1493 138 53 New
1252 1493 162 52 York
1440 1493 114 54 and
1583 1493 260 68 London,
1872 1493 236 67 Harper
2135 1495 46 50 &
455 1493 1922 148 brothers,
603 1575 153 51 1936.

461 1649 84 49 [24]
575 1659 42 38 p.
679 1648 87 41 col.
794 1648 130 41 illus.
979 1648 243 41 24×33cm.

458 1705 160 40 Music
646 1715 62 31 on
737 1703 367 49 lining-papers.

386 1758 55 53 ©
472 1763 114 46 Apr.
620 1762 40 47 2,
694 1761 115 40 1936;
871 1760 68 41 2c.
974 1762 123 39 Mar.
1130 1760 55 40 31;
1250 1759 82 41 aff.
1367 1760 114 48 Apr.
1515 1760 28 39 4;
1603 1760 40 39 A
1677 1759 144 42 93527;
1885 1761 195 48 Harper
2116 1761 37 41 &
2185 1761 125 41 bros.

464 1819 253 49 (36-8270)

384 1910 177 64 Page,
589 1908 257 56 William
873 1909 280 63 Herbert,
1180 1909 84 53 ed.

588 1986 1812 69 … Page’s Ohio digest. Lifetime edition. Semiannual
385 2066 350 53 cumulative
771 2066 204 67 pocket
1015 2070 160 62 parts
1221 2065 130 67 [for]
1398 2066 251 52 volumes
1694 2068 151 50 1-15.
1921 2067 85 52 To
2046 2068 263 66 January
2354 2070 46 64 1,

385 2143 1989 149 1936 … Cincinnati, The W. H. Anderson company; Indianapolis, The Bobbs-Meirill company [c1936]
454 2299 54 38 14
574 2330 8 8 v.
639 2297 148 40 25½cm.

459 2356 157 39 These
645 2355 276 48 pamphlets
953 2365 85 29 are
1069 2357 48 37 to
1149 2355 55 38 be
1235 2353 138 40 fitted
1406 2353 102 40 into
1540 2354 81 39 the
1652 2354 198 48 pockets
1883 2355 51 38 at
1967 2354 85 40 the
2080 2354 122 39 back
2234 2354 53 40 of
2317 2356 85 39 the

377 2414 216 40 volumes
624 2413 53 40 of
705 2414 84 39 the
815 2415 73 37 set
917 2415 48 37 to
994 2413 159 40 which
1184 2413 114 46 they
1328 2412 184 47 belong.

384 2467 53 53 ©
465 2473 121 38 Mar.
611 2471 39 47 9,
680 2469 114 41 1936;
850 2470 67 40 2c.
942 2471 124 39 each
1092 2471 95 38 and
1215 2469 81 41 aff.
1326 2471 121 39 Mar.
1477 2469 53 39 11;
1589 2470 42 39 A
1656 2468 142 42 92171
1818 2480 9 31 :
1857 2471 72 39 W.
1959 2470 61 40 H.
2048 2470 255 39 Anderson
2329 2480 68 31 co.

383 2560 261 66 Patrick,
673 2560 86 65 Q.,
787 2561 197 65 pseud.

380 2636 1995 148 Death goes to school; a mystery story by Q. Patrick. London, Toronto [etc.] Cassell and company, ltd. [1936]
454 2790 99 48 314,
592 2791 56 49 [1]
686 2801 43 38 p.
790 2789 116 41 19cm.

383 2843 2013 55 © 1c. Mar. 6, 1936; A ad int. 21227; pubd. Jan. 9; Richard Wilson Webb,
454 2905 357 48 Philadelphia.
892 2905 252 48 (36-8273)

383 2993 219 67 Payne,
633 2995 258 55 William
922 2996 277 65 Howard,
1233 2999 173 51 1909-
1619 3014 180 51 comp.

455 3072 178 55 Folks
663 3090 100 51 say
792 3073 65 54 of
886 3073 143 55 Will
1058 3072 247 69 Rogers;
1340 3094 31 33 a
1403 3075 296 52 memorial
1732 3076 374 69 anecdotage;
2142 3073 254 71 auspices

385 3151 96 55 the
525 3150 327 57 Oklahoma
894 3151 214 69 society
1150 3150 66 55 of
1259 3151 402 70 Washington,
1706 3154 70 52 D.
1826 3152 82 69 C.,
1952 3154 283 68 compiled
2282 3155 111 51 and

385 3230 192 54 edited
599 3230 78 68 by
700 3227 263 57 William
987 3229 259 55 Howard
1274 3231 196 67 Payne
1496 3232 113 52 and
1636 3231 147 55 Jake
1810 3230 68 56 G.
1906 3232 222 68 Lyons;
389 3231 1981 145 frontispiece
579 3308 75 68 by
697 3308 283 54 Herndon
1021 3308 198 54 Davis.
1295 3309 140 54 New
1479 3309 181 66 York,
1701 3308 67 56 G.
1815 3310 66 53 P.
1926 3310 301 53 Putnam’s
2266 3329 128 34 sons

387 3389 193 65 [c1936]

517 3458 933 51 xv, 224 p. incl. front. (port.) 19½cm.
384 3512 53 55 ©
466 3518 121 40 Mar.
617 3516 70 48 27,
718 3517 140 48 1936;
890 3517 68 41 2c.
989 3518 122 40 Mar.
1138 3517 84 48 30;
1255 3516 82 41 aff.
1370 3518 121 41 Mar.
1520 3516 82 50 28;
1635 3519 40 39 A
1704 3516 172 44 93551;
1909 3519 72 42 W.
2013 3518 60 41 H.
2106 3518 163 47 Payne
2299 3518 98 41 and

453 3576 126 40 Jake
601 3576 52 41 G.
680 3576 173 48 Lyons,
879 3575 337 48 Washington.
1279 3575 252 51 (36-8284)

383 3664 236 63 Planck,
644 3666 140 52 Max
812 3666 144 52 Karl
983 3667 185 52 Ernst
1196 3665 265 65 Ludwig,
1491 3672 172 50 1858-

382 3741 1986 227 The philosophy of physics, by Dr. Max Planck … translated by W. H. Johnston. New York, W. W. Norton & company, inc. [c1936]
455 3971 89 41 128
573 3981 43 38 p.
678 3971 118 41 22cm.

457 4027 164 41 “First
653 4027 230 43 edition.”

382 4080 52 54 ©
462 4086 121 40 Mar.
612 4086 39 47 5,
679 4085 117 41 1936;
849 4086 67 41 2c.
945 4087 96 40 and
1068 4086 82 42 aff.
1180 4088 121 40 Mar.
1329 4086 82 48 12;
1441 4088 40 38 A
1507 4086 172 48 92240;
1710 4088 70 40 W.
1810 4088 71 40 W.
1911 4088 185 40 Norton
2127 4088 36 40 &
2189 4097 83 38 co.,
2299 4087 91 41 inc.

464 4142 253 50 (36-8178)
