<alto xmlns="http://www.loc.gov/standards/alto/ns-v3#" xmlns:xsi="http://www.w3.org/2001/XMLSchema-instance" xsi:schemaLocation="http://www.loc.gov/standards/alto/ns-v3# http://www.loc.gov/alto/v3/alto-3-0.xsd"><Description>
<MeasurementUnit>pixel</MeasurementUnit>
<sourceImageInformation>
<fileName>1936_v33_Part1.pdf</fileName>
</sourceImageInformation>
<OCRProcessing ID="IdOcr">
<ocrProcessingStep>
<processingDateTime>2019-01-18</processingDateTime>
<processingSoftware>
<softwareCreator>ABBYY</softwareCreator>
<softwareName>ABBYY Recognition Server</softwareName>
<softwareVersion>4.0</softwareVersion>
</processingSoftware>
</ocrProcessingStep>
</OCRProcessing>
</Description>
<Styles>
<ParagraphStyle ALIGN="Left" FIRSTLINE="0." ID="StyleId-FFFFFFFF-FFFF-FFFF-FFFF-FFFFFFFFFFFF-" LEFT="0." RIGHT="0." />
<ParagraphStyle ALIGN="Left" FIRSTLINE="0." ID="StyleId-51D50FAC-7A90-4D70-8A96-5EA9D46D1C8B-" LEFT="0." LINESPACE="7.699999809" RIGHT="0." />
<ParagraphStyle ALIGN="Block" FIRSTLINE="-17." ID="StyleId-6BC133E9-7DCB-43C3-8842-A67984A26405-" LEFT="0." LINESPACE="8.340000153" RIGHT="0." />
<ParagraphStyle ALIGN="Left" FIRSTLINE="-13." ID="StyleId-3C3FF860-43E7-46A2-8934-48F305F6F0D6-" LEFT="0." LINESPACE="11.06999969" RIGHT="0." />
<ParagraphStyle ALIGN="Block" FIRSTLINE="-13." ID="StyleId-19220C76-4F8A-4737-B38C-B5F5C17E6040-" LEFT="0." LINESPACE="11.06999969" RIGHT="0." />
<ParagraphStyle ALIGN="Left" FIRSTLINE="0." ID="StyleId-75A0D721-13ED-4F20-9002-B389EC48477D-" LEFT="0." LINESPACE="15.5" RIGHT="0." />
<ParagraphStyle ALIGN="Left" FIRSTLINE="0." ID="StyleId-8A414184-C7A5-4AC7-9B88-7DA4DDE75922-" LEFT="0." LINESPACE="9.399999619" RIGHT="0." />
<ParagraphStyle ALIGN="Left" FIRSTLINE="0." ID="StyleId-1A87970B-111C-4169-99A6-9412976F3C97-" LEFT="0." LINESPACE="10.5" RIGHT="0." />
<ParagraphStyle ALIGN="Block" FIRSTLINE="-17." ID="StyleId-72DB0571-5AE4-41FD-9E11-68C6AC4C437E-" LEFT="0." LINESPACE="8.340000153" RIGHT="0." />
<ParagraphStyle ALIGN="Center" FIRSTLINE="0." ID="StyleId-1AA43056-C388-4697-B10F-72FDAA38FAE1-" LEFT="0." LINESPACE="10.5" RIGHT="0." />
</Styles>
<Layout>
<Page HEIGHT="4377" ID="Page264" PHYSICAL_IMG_NR="264" WIDTH="2519">
<TopMargin HEIGHT="448" HPOS="0" VPOS="0" WIDTH="2519">
</TopMargin>
<LeftMargin HEIGHT="3652" HPOS="0" VPOS="448" WIDTH="360">
</LeftMargin>
<RightMargin HEIGHT="3652" HPOS="2404" VPOS="448" WIDTH="115">
</RightMargin>
<BottomMargin HEIGHT="277" HPOS="0" VPOS="4100" WIDTH="2519">
<TextBlock HEIGHT="70" HPOS="1312" ID="Page264_Block1" LANG="en-US" STYLEREFS="StyleId-392222B7-A3B5-471E-A6F6-A970FF382C4C-" VPOS="4138" WIDTH="124">
<TextLine HEIGHT="50" HPOS="1322" VPOS="4148" WIDTH="103">
<String CONTENT="264" HEIGHT="50" HPOS="1322" VPOS="4148" WIDTH="103" />
</TextLine>
</TextBlock>
</BottomMargin>
<PrintSpace HEIGHT="3652" HPOS="360" VPOS="448" WIDTH="2044">
<TextBlock CS="1" HEIGHT="3652" HPOS="360" ID="Page264_Block2" LANG="en-US" STYLEREFS="StyleId-FE3106F2-642F-4785-ABC1-76F6BC5D3987-" VPOS="448" WIDTH="2044">
<TextLine CS="1" HEIGHT="45" HPOS="730" VPOS="531" WIDTH="1662">
<String CONTENT="CONTENTS.&#8212;Revelation.&#8212;The" CS="1" HEIGHT="42" HPOS="730" VPOS="531" WIDTH="531" />
<SP HEIGHT="41" HPOS="1262" VPOS="532" WIDTH="66" />
<String CONTENT="incarnation.&#8212;Sin" HEIGHT="42" HPOS="1329" VPOS="532" WIDTH="477" />
<SP HEIGHT="29" HPOS="1807" VPOS="543" WIDTH="65" />
<String CONTENT="and" HEIGHT="39" HPOS="1873" VPOS="533" WIDTH="96" />
<SP HEIGHT="40" HPOS="1970" VPOS="533" WIDTH="68" />
<String CONTENT="atonement.&#8212;" HEIGHT="42" HPOS="2039" VPOS="534" WIDTH="353" />
</TextLine>
<TextLine HEIGHT="51" HPOS="378" VPOS="587" WIDTH="917">
<String CONTENT="Christianity," HEIGHT="51" HPOS="378" VPOS="587" WIDTH="343" />
<SP HEIGHT="35" HPOS="722" VPOS="602" WIDTH="31" />
<String CONTENT="ethics," HEIGHT="47" HPOS="754" VPOS="590" WIDTH="169" />
<SP HEIGHT="37" HPOS="924" VPOS="600" WIDTH="31" />
<String CONTENT="and" HEIGHT="39" HPOS="956" VPOS="591" WIDTH="98" />
<SP HEIGHT="47" HPOS="1055" VPOS="591" WIDTH="30" />
<String CONTENT="politics." HEIGHT="49" HPOS="1086" VPOS="589" WIDTH="209" />
</TextLine>
<TextLine CS="1" HEIGHT="53" HPOS="378" VPOS="644" WIDTH="1875">
<String CONTENT="&#169;" HEIGHT="53" HPOS="378" VPOS="644" WIDTH="54" />
<SP HEIGHT="53" HPOS="433" VPOS="644" WIDTH="26" />
<String CONTENT="Feb." HEIGHT="40" HPOS="460" VPOS="648" WIDTH="109" />
<SP HEIGHT="38" HPOS="570" VPOS="649" WIDTH="28" />
<String CONTENT="10," HEIGHT="48" HPOS="599" VPOS="648" WIDTH="69" />
<SP HEIGHT="47" HPOS="669" VPOS="649" WIDTH="28" />
<String CONTENT="1936;" CS="1" HEIGHT="47" HPOS="698" VPOS="648" WIDTH="141" />
<SP HEIGHT="47" HPOS="840" VPOS="648" WIDTH="29" />
<String CONTENT="2c." HEIGHT="40" HPOS="870" VPOS="648" WIDTH="67" />
<SP HEIGHT="29" HPOS="938" VPOS="659" WIDTH="27" />
<String CONTENT="and" HEIGHT="38" HPOS="966" VPOS="650" WIDTH="96" />
<SP HEIGHT="38" HPOS="1063" VPOS="650" WIDTH="28" />
<String CONTENT="aff." CS="1" />
<SP HEIGHT="41" HPOS="1175" VPOS="647" WIDTH="28" />
<String CONTENT="Feb." HEIGHT="40" HPOS="1204" VPOS="647" WIDTH="111" />
<SP HEIGHT="39" HPOS="1316" VPOS="648" WIDTH="28" />
<String CONTENT="17;" CS="1" HEIGHT="36" HPOS="1418" VPOS="658" WIDTH="8" />
<SP HEIGHT="46" HPOS="1427" VPOS="648" WIDTH="29" />
<String CONTENT="A" HEIGHT="39" HPOS="1457" VPOS="648" WIDTH="41" />
<SP HEIGHT="40" HPOS="1499" VPOS="648" WIDTH="26" />
<String CONTENT="90835;" HEIGHT="47" HPOS="1526" VPOS="648" WIDTH="171" />
<SP HEIGHT="45" HPOS="1698" VPOS="650" WIDTH="31" />
<String CONTENT="Morehouse" HEIGHT="39" HPOS="1730" VPOS="649" WIDTH="290" />
<SP HEIGHT="38" HPOS="2021" VPOS="659" WIDTH="25" />
<String CONTENT="pub." HEIGHT="48" HPOS="2047" VPOS="649" WIDTH="108" />
<SP HEIGHT="29" HPOS="2156" VPOS="660" WIDTH="29" />
<String CONTENT="co." HEIGHT="30" HPOS="2186" VPOS="659" WIDTH="67" />
</TextLine>
<TextLine HEIGHT="50" HPOS="458" VPOS="705" WIDTH="254">
<String CONTENT="(36-7297)" HEIGHT="50" HPOS="458" VPOS="705" WIDTH="254" />
</TextLine>
<TextLine HEIGHT="67" HPOS="375" STYLEREFS="StyleId-C29515EF-A2DF-40CC-9B7D-70F2F6CCEBC8-" VPOS="809" WIDTH="948">
<String CONTENT="Trexler," HEIGHT="66" HPOS="375" VPOS="810" WIDTH="261" />
<SP HEIGHT="64" HPOS="637" VPOS="812" WIDTH="27" />
<String CONTENT="Samuel" HEIGHT="55" HPOS="665" VPOS="811" WIDTH="238" />
<SP HEIGHT="54" HPOS="904" VPOS="811" WIDTH="26" />
<String CONTENT="Geiss," HEIGHT="64" HPOS="931" VPOS="809" WIDTH="189" />
<SP HEIGHT="57" HPOS="1121" VPOS="816" WIDTH="30" />
<String CONTENT="1877-" HEIGHT="54" HPOS="1152" VPOS="811" WIDTH="171" />
</TextLine>
<TextLine HEIGHT="70" HPOS="449" STYLEREFS="StyleId-764732C4-73A3-4CFE-8F8B-4C78D816E01A-" VPOS="886" WIDTH="1942">
<String CONTENT="Out" HEIGHT="56" HPOS="449" VPOS="886" WIDTH="122" />
<SP HEIGHT="48" HPOS="572" VPOS="894" WIDTH="22" />
<String CONTENT="of" HEIGHT="54" HPOS="595" VPOS="888" WIDTH="64" />
<SP HEIGHT="53" HPOS="660" VPOS="888" WIDTH="23" />
<String CONTENT="thirty-five" HEIGHT="70" HPOS="684" VPOS="886" WIDTH="322" />
<SP HEIGHT="50" HPOS="1007" VPOS="906" WIDTH="24" />
<String CONTENT="years;" HEIGHT="52" HPOS="1032" VPOS="904" WIDTH="193" />
<SP HEIGHT="67" HPOS="1226" VPOS="886" WIDTH="28" />
<String CONTENT="being" HEIGHT="69" HPOS="1255" VPOS="886" WIDTH="172" />
<SP HEIGHT="68" HPOS="1428" VPOS="887" WIDTH="22" />
<String CONTENT="leaves" HEIGHT="53" HPOS="1451" VPOS="887" WIDTH="184" />
<SP HEIGHT="54" HPOS="1636" VPOS="886" WIDTH="26" />
<String CONTENT="from" HEIGHT="53" HPOS="1663" VPOS="886" WIDTH="154" />
<SP HEIGHT="48" HPOS="1818" VPOS="892" WIDTH="23" />
<String CONTENT="the" HEIGHT="53" HPOS="1842" VPOS="887" WIDTH="96" />
<SP HEIGHT="52" HPOS="1939" VPOS="888" WIDTH="24" />
<String CONTENT="life" HEIGHT="54" HPOS="1964" VPOS="886" WIDTH="107" />
<SP HEIGHT="53" HPOS="2072" VPOS="887" WIDTH="24" />
<String CONTENT="book" HEIGHT="53" HPOS="2097" VPOS="887" WIDTH="147" />
<SP HEIGHT="53" HPOS="2245" VPOS="887" WIDTH="25" />
<String CONTENT="of" HEIGHT="54" HPOS="2271" VPOS="886" WIDTH="62" />
<SP HEIGHT="54" HPOS="2334" VPOS="886" WIDTH="26" />
<String CONTENT="a" HEIGHT="33" HPOS="2361" VPOS="907" WIDTH="30" />
</TextLine>
<TextLine HEIGHT="71" HPOS="377" STYLEREFS="StyleId-764732C4-73A3-4CFE-8F8B-4C78D816E01A-" VPOS="965" WIDTH="2011">
<String CONTENT="Lutheran" HEIGHT="55" HPOS="377" VPOS="966" WIDTH="299" />
<SP HEIGHT="50" HPOS="677" VPOS="986" WIDTH="39" />
<String CONTENT="pastor" HEIGHT="63" HPOS="717" VPOS="973" WIDTH="196" />
<SP HEIGHT="33" HPOS="914" VPOS="987" WIDTH="40" />
<String CONTENT="who" HEIGHT="55" HPOS="955" VPOS="966" WIDTH="128" />
<SP HEIGHT="55" HPOS="1084" VPOS="966" WIDTH="39" />
<String CONTENT="looks" HEIGHT="54" HPOS="1124" VPOS="965" WIDTH="159" />
<SP HEIGHT="34" HPOS="1284" VPOS="986" WIDTH="41" />
<String CONTENT="out" HEIGHT="47" HPOS="1326" VPOS="973" WIDTH="99" />
<SP HEIGHT="47" HPOS="1426" VPOS="973" WIDTH="39" />
<String CONTENT="on" HEIGHT="35" HPOS="1466" VPOS="985" WIDTH="72" />
<SP HEIGHT="46" HPOS="1539" VPOS="974" WIDTH="39" />
<String CONTENT="the" HEIGHT="52" HPOS="1579" VPOS="968" WIDTH="96" />
<SP HEIGHT="34" HPOS="1676" VPOS="986" WIDTH="41" />
<String CONTENT="world" HEIGHT="55" HPOS="1718" VPOS="965" WIDTH="182" />
<SP HEIGHT="54" HPOS="1901" VPOS="965" WIDTH="40" />
<String CONTENT="and" HEIGHT="53" HPOS="1942" VPOS="966" WIDTH="114" />
<SP HEIGHT="53" HPOS="2057" VPOS="966" WIDTH="38" />
<String CONTENT="sees" HEIGHT="35" HPOS="2096" VPOS="985" WIDTH="115" />
<SP HEIGHT="51" HPOS="2212" VPOS="968" WIDTH="40" />
<String CONTENT="both" HEIGHT="52" HPOS="2253" VPOS="968" WIDTH="135" />
</TextLine>
<TextLine CS="1" HEIGHT="71" HPOS="376" STYLEREFS="StyleId-764732C4-73A3-4CFE-8F8B-4C78D816E01A-" VPOS="1045" WIDTH="2015">
<String CONTENT="good" HEIGHT="68" HPOS="376" VPOS="1047" WIDTH="149" />
<SP HEIGHT="52" HPOS="526" VPOS="1047" WIDTH="37" />
<String CONTENT="and" HEIGHT="53" HPOS="564" VPOS="1046" WIDTH="115" />
<SP HEIGHT="54" HPOS="680" VPOS="1046" WIDTH="36" />
<String CONTENT="evil." HEIGHT="54" HPOS="717" VPOS="1046" WIDTH="129" />
<SP HEIGHT="52" HPOS="847" VPOS="1048" WIDTH="73" />
<String CONTENT="By" HEIGHT="68" HPOS="921" VPOS="1048" WIDTH="91" />
<SP HEIGHT="71" HPOS="1013" VPOS="1045" WIDTH="39" />
<String CONTENT="Samuel" HEIGHT="56" HPOS="1053" VPOS="1045" WIDTH="231" />
<SP HEIGHT="53" HPOS="1285" VPOS="1046" WIDTH="34" />
<String CONTENT="Trexler" HEIGHT="53" HPOS="1320" VPOS="1046" WIDTH="239" />
<SP HEIGHT="33" HPOS="1560" VPOS="1066" WIDTH="39" />
<String CONTENT="&#8230;" CS="1" />
<SP HEIGHT="53" HPOS="1658" VPOS="1046" WIDTH="76" />
<String CONTENT="New" HEIGHT="52" HPOS="1735" VPOS="1046" WIDTH="140" />
<SP HEIGHT="52" HPOS="1876" VPOS="1046" WIDTH="40" />
<String CONTENT="York," HEIGHT="68" HPOS="1917" VPOS="1045" WIDTH="179" />
<SP HEIGHT="67" HPOS="2097" VPOS="1046" WIDTH="34" />
<String CONTENT="London," HEIGHT="67" HPOS="2132" VPOS="1046" WIDTH="259" />
</TextLine>
<TextLine HEIGHT="70" HPOS="377" STYLEREFS="StyleId-764732C4-73A3-4CFE-8F8B-4C78D816E01A-" VPOS="1124" WIDTH="855">
<String CONTENT="G." HEIGHT="54" HPOS="377" VPOS="1125" WIDTH="67" />
<SP HEIGHT="51" HPOS="445" VPOS="1127" WIDTH="31" />
<String CONTENT="P." HEIGHT="52" HPOS="477" VPOS="1127" WIDTH="65" />
<SP HEIGHT="53" HPOS="543" VPOS="1126" WIDTH="29" />
<String CONTENT="Putnam&#8217;s" HEIGHT="55" HPOS="573" VPOS="1124" WIDTH="300" />
<SP HEIGHT="34" HPOS="874" VPOS="1145" WIDTH="25" />
<String CONTENT="sons," HEIGHT="52" HPOS="900" VPOS="1142" WIDTH="148" />
<SP HEIGHT="66" HPOS="1049" VPOS="1128" WIDTH="28" />
<String CONTENT="1936." HEIGHT="50" HPOS="1078" VPOS="1128" WIDTH="154" />
</TextLine>
<TextLine CS="1" HEIGHT="50" HPOS="447" VPOS="1199" WIDTH="794">
<String CONTENT="159" HEIGHT="41" HPOS="447" VPOS="1200" WIDTH="85" />
<SP HEIGHT="49" HPOS="533" VPOS="1200" WIDTH="33" />
<String CONTENT="p." HEIGHT="38" HPOS="567" VPOS="1211" WIDTH="44" />
<SP HEIGHT="40" HPOS="612" VPOS="1199" WIDTH="59" />
<String CONTENT="front." CS="1" />
<SP HEIGHT="49" HPOS="824" VPOS="1199" WIDTH="27" />
<String CONTENT="(port.)" HEIGHT="49" HPOS="852" VPOS="1199" WIDTH="173" />
<SP HEIGHT="48" HPOS="1026" VPOS="1199" WIDTH="67" />
<String CONTENT="21&#189;" CS="1" HEIGHT="40" HPOS="1094" VPOS="1199" WIDTH="56" />
<String CONTENT="cm" HEIGHT="21" HPOS="1184" STYLE="superscript" VPOS="1201" WIDTH="45" />
<String CONTENT="." HEIGHT="9" HPOS="1232" VPOS="1231" WIDTH="9" />
</TextLine>
<TextLine CS="1" HEIGHT="54" HPOS="377" VPOS="1254" WIDTH="2015">
<String CONTENT="&#169;" HEIGHT="54" HPOS="377" VPOS="1254" WIDTH="53" />
<SP HEIGHT="54" HPOS="431" VPOS="1254" WIDTH="32" />
<String CONTENT="Mar." HEIGHT="39" HPOS="464" VPOS="1260" WIDTH="122" />
<SP HEIGHT="40" HPOS="587" VPOS="1259" WIDTH="34" />
<String CONTENT="13," HEIGHT="46" HPOS="622" VPOS="1259" WIDTH="69" />
<SP HEIGHT="47" HPOS="692" VPOS="1258" WIDTH="33" />
<String CONTENT="1936;" HEIGHT="46" HPOS="726" VPOS="1257" WIDTH="141" />
<SP HEIGHT="45" HPOS="868" VPOS="1258" WIDTH="34" />
<String CONTENT="2" HEIGHT="38" HPOS="903" VPOS="1258" WIDTH="26" />
<SP HEIGHT="40" HPOS="930" VPOS="1258" WIDTH="3" />
<String CONTENT="c." HEIGHT="29" HPOS="934" VPOS="1269" WIDTH="37" />
<SP HEIGHT="39" HPOS="972" VPOS="1259" WIDTH="34" />
<String CONTENT="Mar." HEIGHT="39" HPOS="1007" VPOS="1259" WIDTH="121" />
<SP HEIGHT="39" HPOS="1129" VPOS="1258" WIDTH="35" />
<String CONTENT="16:" HEIGHT="41" HPOS="1165" VPOS="1258" WIDTH="82" />
<SP HEIGHT="31" HPOS="1248" VPOS="1268" WIDTH="33" />
<String CONTENT="aff." CS="1" HEIGHT="40" HPOS="1282" VPOS="1257" WIDTH="82" />
<SP HEIGHT="38" HPOS="1365" VPOS="1259" WIDTH="34" />
<String CONTENT="Mar." HEIGHT="40" HPOS="1400" VPOS="1259" WIDTH="122" />
<SP HEIGHT="45" HPOS="1523" VPOS="1254" WIDTH="34" />
<String CONTENT="14:" HEIGHT="45" HPOS="1558" VPOS="1254" WIDTH="81" />
<SP HEIGHT="41" HPOS="1640" VPOS="1258" WIDTH="36" />
<String CONTENT="A" HEIGHT="39" HPOS="1677" VPOS="1258" WIDTH="40" />
<SP HEIGHT="41" HPOS="1718" VPOS="1256" WIDTH="32" />
<String CONTENT="92305;" HEIGHT="48" HPOS="1751" VPOS="1256" WIDTH="172" />
<SP HEIGHT="47" HPOS="1924" VPOS="1257" WIDTH="37" />
<String CONTENT="G." HEIGHT="40" HPOS="1962" VPOS="1257" WIDTH="53" />
<SP HEIGHT="39" HPOS="2016" VPOS="1258" WIDTH="36" />
<String CONTENT="P." HEIGHT="39" HPOS="2053" VPOS="1258" WIDTH="50" />
<SP HEIGHT="40" HPOS="2104" VPOS="1257" WIDTH="35" />
<String CONTENT="Putnam&#8217;s" HEIGHT="42" HPOS="2140" VPOS="1257" WIDTH="252" />
</TextLine>
<TextLine HEIGHT="51" HPOS="447" VPOS="1314" WIDTH="443">
<String CONTENT="sons." HEIGHT="31" HPOS="447" VPOS="1326" WIDTH="126" />
<SP HEIGHT="49" HPOS="574" VPOS="1316" WIDTH="62" />
<String CONTENT="(36-7292)" HEIGHT="51" HPOS="637" VPOS="1314" WIDTH="253" />
</TextLine>
<TextLine HEIGHT="55" HPOS="374" STYLEREFS="StyleId-BF68F7D2-3B74-4327-811E-FAFA87B1A13B-" VPOS="1420" WIDTH="645">
<String CONTENT="U." HEIGHT="54" HPOS="374" VPOS="1420" WIDTH="72" />
<SP HEIGHT="54" HPOS="447" VPOS="1421" WIDTH="25" />
<String CONTENT="S." HEIGHT="54" HPOS="473" VPOS="1421" WIDTH="59" />
<SP HEIGHT="53" HPOS="533" VPOS="1421" WIDTH="75" />
<String CONTENT="Constitution." HEIGHT="53" HPOS="609" VPOS="1421" WIDTH="410" />
</TextLine>
<TextLine HEIGHT="69" HPOS="446" STYLEREFS="StyleId-764732C4-73A3-4CFE-8F8B-4C78D816E01A-" VPOS="1493" WIDTH="1947">
<String CONTENT="The" HEIGHT="53" HPOS="446" VPOS="1496" WIDTH="122" />
<SP HEIGHT="55" HPOS="569" VPOS="1495" WIDTH="44" />
<String CONTENT="Constitution" HEIGHT="55" HPOS="614" VPOS="1495" WIDTH="395" />
<SP HEIGHT="34" HPOS="1010" VPOS="1514" WIDTH="41" />
<String CONTENT="of" HEIGHT="53" HPOS="1052" VPOS="1495" WIDTH="64" />
<SP HEIGHT="53" HPOS="1117" VPOS="1495" WIDTH="39" />
<String CONTENT="the" HEIGHT="52" HPOS="1157" VPOS="1496" WIDTH="96" />
<SP HEIGHT="54" HPOS="1254" VPOS="1496" WIDTH="41" />
<String CONTENT="United" HEIGHT="56" HPOS="1296" VPOS="1494" WIDTH="219" />
<SP HEIGHT="55" HPOS="1516" VPOS="1495" WIDTH="45" />
<String CONTENT="States," HEIGHT="67" HPOS="1562" VPOS="1495" WIDTH="207" />
<SP HEIGHT="48" HPOS="1770" VPOS="1514" WIDTH="42" />
<String CONTENT="edited" HEIGHT="54" HPOS="1813" VPOS="1493" WIDTH="193" />
<SP HEIGHT="53" HPOS="2007" VPOS="1494" WIDTH="43" />
<String CONTENT="with" HEIGHT="54" HPOS="2051" VPOS="1493" WIDTH="142" />
<SP HEIGHT="52" HPOS="2194" VPOS="1495" WIDTH="39" />
<String CONTENT="notes" HEIGHT="48" HPOS="2234" VPOS="1500" WIDTH="159" />
</TextLine>
<TextLine CS="1" HEIGHT="71" HPOS="376" STYLEREFS="StyleId-764732C4-73A3-4CFE-8F8B-4C78D816E01A-" VPOS="1572" WIDTH="1893">
<String CONTENT="and" HEIGHT="54" HPOS="376" VPOS="1575" WIDTH="113" />
<SP HEIGHT="54" HPOS="490" VPOS="1575" WIDTH="38" />
<String CONTENT="charts" HEIGHT="54" HPOS="529" VPOS="1575" WIDTH="193" />
<SP HEIGHT="53" HPOS="723" VPOS="1575" WIDTH="35" />
<String CONTENT="by" HEIGHT="68" HPOS="759" VPOS="1575" WIDTH="75" />
<SP HEIGHT="69" HPOS="835" VPOS="1574" WIDTH="35" />
<String CONTENT="William" HEIGHT="55" HPOS="871" VPOS="1573" WIDTH="261" />
<SP HEIGHT="53" HPOS="1133" VPOS="1574" WIDTH="37" />
<String CONTENT="K." HEIGHT="54" HPOS="1171" VPOS="1574" WIDTH="67" />
<SP HEIGHT="56" HPOS="1239" VPOS="1572" WIDTH="37" />
<String CONTENT="Barnes;" HEIGHT="71" HPOS="1277" VPOS="1572" WIDTH="247" />
<SP HEIGHT="51" HPOS="1525" VPOS="1592" WIDTH="39" />
<String CONTENT="with" HEIGHT="53" HPOS="1565" VPOS="1573" WIDTH="144" />
<SP HEIGHT="53" HPOS="1710" VPOS="1574" WIDTH="37" />
<String CONTENT="an" HEIGHT="35" HPOS="1748" VPOS="1592" WIDTH="72" />
<SP HEIGHT="54" HPOS="1821" VPOS="1573" WIDTH="36" />
<String CONTENT="introduction," HEIGHT="69" HPOS="1858" VPOS="1573" WIDTH="411" />
</TextLine>
<TextLine CS="1" HEIGHT="130" HPOS="375" STYLEREFS="StyleId-764732C4-73A3-4CFE-8F8B-4C78D816E01A-" VPOS="1593" WIDTH="1992">
<String CONTENT="reprinted" HEIGHT="130" HPOS="375" VPOS="1593" WIDTH="1992" />
<SP HEIGHT="52" HPOS="609" VPOS="1654" WIDTH="39" />
<String CONTENT="from" HEIGHT="52" HPOS="649" VPOS="1654" WIDTH="155" />
<SP HEIGHT="52" HPOS="805" VPOS="1653" WIDTH="39" />
<String CONTENT="An" HEIGHT="52" HPOS="845" VPOS="1653" WIDTH="94" />
<SP HEIGHT="34" HPOS="940" VPOS="1671" WIDTH="38" />
<String CONTENT="outline" HEIGHT="53" HPOS="979" VPOS="1652" WIDTH="218" />
<SP HEIGHT="34" HPOS="1198" VPOS="1671" WIDTH="39" />
<String CONTENT="of" HEIGHT="53" HPOS="1238" VPOS="1652" WIDTH="64" />
<SP HEIGHT="52" HPOS="1303" VPOS="1652" WIDTH="37" />
<String CONTENT="American" HEIGHT="54" HPOS="1341" VPOS="1651" WIDTH="308" />
<SP HEIGHT="50" HPOS="1650" VPOS="1671" WIDTH="37" />
<String CONTENT="government," HEIGHT="63" HPOS="1688" VPOS="1658" WIDTH="391" />
</TextLine>
<TextLine CS="1" HEIGHT="147" HPOS="373" STYLEREFS="StyleId-764732C4-73A3-4CFE-8F8B-4C78D816E01A-" VPOS="1653" WIDTH="1992">
<String CONTENT="by" HEIGHT="68" HPOS="2120" VPOS="1653" WIDTH="74" />
<SP HEIGHT="66" HPOS="2195" VPOS="1655" WIDTH="39" />
<String CONTENT="Wallace" HEIGHT="132" HPOS="373" VPOS="1654" WIDTH="1992" />
<SP HEIGHT="56" HPOS="494" VPOS="1732" WIDTH="29" />
<String CONTENT="S." HEIGHT="56" HPOS="524" VPOS="1732" WIDTH="56" />
<SP HEIGHT="55" HPOS="581" VPOS="1731" WIDTH="35" />
<String CONTENT="Sayre," HEIGHT="69" HPOS="617" VPOS="1731" WIDTH="198" />
<SP HEIGHT="51" HPOS="816" VPOS="1748" WIDTH="29" />
<String CONTENT="PH." CS="1" />
<SP />
<String CONTENT="D." CS="1" HEIGHT="10" HPOS="1017" VPOS="1774" WIDTH="9" />
<SP HEIGHT="54" HPOS="1027" VPOS="1730" WIDTH="74" />
<String CONTENT="New" HEIGHT="53" HPOS="1102" VPOS="1730" WIDTH="140" />
<SP HEIGHT="52" HPOS="1243" VPOS="1731" WIDTH="32" />
<String CONTENT="York," HEIGHT="66" HPOS="1276" VPOS="1731" WIDTH="180" />
<SP HEIGHT="65" HPOS="1457" VPOS="1732" WIDTH="29" />
<String CONTENT="Barnes" HEIGHT="52" HPOS="1487" VPOS="1732" WIDTH="219" />
<SP HEIGHT="52" HPOS="1707" VPOS="1732" WIDTH="30" />
<String CONTENT="&amp;" HEIGHT="50" HPOS="1738" VPOS="1732" WIDTH="45" />
<SP HEIGHT="52" HPOS="1784" VPOS="1731" WIDTH="30" />
<String CONTENT="Noble," HEIGHT="68" HPOS="1815" VPOS="1731" WIDTH="200" />
<SP HEIGHT="67" HPOS="2016" VPOS="1732" WIDTH="31" />
<String CONTENT="inc." HEIGHT="53" HPOS="2048" VPOS="1732" WIDTH="105" />
<SP />
<String CONTENT="[c1936]" CS="1" />
</TextLine>
<TextLine CS="1" HEIGHT="49" HPOS="443" STYLEREFS="StyleId-764732C4-73A3-4CFE-8F8B-4C78D816E01A-" VPOS="1803" WIDTH="742">
<String CONTENT="2" HEIGHT="39" HPOS="443" VPOS="1803" WIDTH="27" />
<SP HEIGHT="48" HPOS="471" VPOS="1803" WIDTH="25" />
<String CONTENT="p." HEIGHT="37" HPOS="497" VPOS="1814" WIDTH="43" />
<SP HEIGHT="39" HPOS="541" VPOS="1804" WIDTH="25" />
<String CONTENT="l.," CS="1" />
<SP HEIGHT="48" HPOS="612" VPOS="1804" WIDTH="24" />
<String CONTENT="44" HEIGHT="39" HPOS="637" VPOS="1804" WIDTH="59" />
<SP HEIGHT="48" HPOS="697" VPOS="1804" WIDTH="23" />
<String CONTENT="p." HEIGHT="38" HPOS="721" VPOS="1814" WIDTH="43" />
<SP HEIGHT="40" HPOS="765" VPOS="1804" WIDTH="60" />
<String CONTENT="diagrs." HEIGHT="47" HPOS="826" VPOS="1804" WIDTH="181" />
<SP HEIGHT="41" HPOS="1008" VPOS="1803" WIDTH="58" />
<String CONTENT="21" HEIGHT="39" HPOS="1067" VPOS="1803" WIDTH="56" />
<String CONTENT="cm" HEIGHT="21" HPOS="1127" STYLE="superscript" VPOS="1805" WIDTH="44" />
<String CONTENT="." HEIGHT="8" HPOS="1177" VPOS="1836" WIDTH="8" />
</TextLine>
<TextLine CS="1" HEIGHT="48" HPOS="446" VPOS="1860" WIDTH="1203">
<String CONTENT="&#8220;References&#8221;:" CS="1" HEIGHT="41" HPOS="446" VPOS="1860" WIDTH="351" />
<SP HEIGHT="37" HPOS="828" VPOS="1871" WIDTH="26" />
<String CONTENT="p." HEIGHT="37" HPOS="855" VPOS="1871" WIDTH="44" />
<SP HEIGHT="41" HPOS="900" VPOS="1861" WIDTH="26" />
<String CONTENT="8;" HEIGHT="47" HPOS="927" VPOS="1861" WIDTH="53" />
<SP HEIGHT="47" HPOS="981" VPOS="1861" WIDTH="28" />
<String CONTENT="Bibliography:" HEIGHT="48" HPOS="1010" VPOS="1860" WIDTH="379" />
<SP HEIGHT="37" HPOS="1390" VPOS="1871" WIDTH="28" />
<String CONTENT="p." HEIGHT="37" HPOS="1419" VPOS="1871" WIDTH="43" />
<SP HEIGHT="40" HPOS="1463" VPOS="1861" WIDTH="24" />
<String CONTENT="42-44." HEIGHT="40" HPOS="1488" VPOS="1860" WIDTH="161" />
</TextLine>
<TextLine CS="1" HEIGHT="53" HPOS="375" VPOS="1918" WIDTH="2013">
<String CONTENT="&#169;" HEIGHT="53" HPOS="375" VPOS="1918" WIDTH="53" />
<SP HEIGHT="53" HPOS="429" VPOS="1918" WIDTH="36" />
<String CONTENT="Mar." HEIGHT="39" HPOS="466" VPOS="1923" WIDTH="123" />
<SP HEIGHT="41" HPOS="590" VPOS="1921" WIDTH="34" />
<String CONTENT="2," HEIGHT="49" HPOS="625" VPOS="1921" WIDTH="42" />
<SP HEIGHT="48" HPOS="668" VPOS="1922" WIDTH="38" />
<String CONTENT="1936;" CS="1" HEIGHT="41" HPOS="707" VPOS="1921" WIDTH="117" />
<SP HEIGHT="47" HPOS="849" VPOS="1921" WIDTH="38" />
<String CONTENT="2c." HEIGHT="41" HPOS="888" VPOS="1921" WIDTH="69" />
<SP HEIGHT="30" HPOS="958" VPOS="1932" WIDTH="35" />
<String CONTENT="and" HEIGHT="39" HPOS="994" VPOS="1922" WIDTH="96" />
<SP HEIGHT="39" HPOS="1091" VPOS="1922" WIDTH="36" />
<String CONTENT="aff." HEIGHT="40" HPOS="1128" VPOS="1920" WIDTH="82" />
<SP HEIGHT="39" HPOS="1211" VPOS="1921" WIDTH="38" />
<String CONTENT="Mar." HEIGHT="39" HPOS="1250" VPOS="1921" WIDTH="121" />
<SP HEIGHT="39" HPOS="1372" VPOS="1921" WIDTH="36" />
<String CONTENT="4;" HEIGHT="46" HPOS="1409" VPOS="1921" WIDTH="54" />
<SP HEIGHT="46" HPOS="1464" VPOS="1921" WIDTH="38" />
<String CONTENT="A" HEIGHT="38" HPOS="1503" VPOS="1921" WIDTH="41" />
<SP HEIGHT="40" HPOS="1545" VPOS="1920" WIDTH="31" />
<String CONTENT="92104;" HEIGHT="48" HPOS="1577" VPOS="1919" WIDTH="173" />
<SP HEIGHT="45" HPOS="1751" VPOS="1922" WIDTH="41" />
<String CONTENT="Barnes" HEIGHT="39" HPOS="1793" VPOS="1922" WIDTH="188" />
<SP HEIGHT="41" HPOS="1982" VPOS="1921" WIDTH="37" />
<String CONTENT="&amp;" HEIGHT="41" HPOS="2020" VPOS="1921" WIDTH="36" />
<SP HEIGHT="41" HPOS="2057" VPOS="1921" WIDTH="35" />
<String CONTENT="Noble," HEIGHT="48" HPOS="2093" VPOS="1922" WIDTH="165" />
<SP HEIGHT="48" HPOS="2259" VPOS="1922" WIDTH="36" />
<String CONTENT="inc." HEIGHT="41" HPOS="2296" VPOS="1922" WIDTH="92" />
</TextLine>
<TextLine HEIGHT="50" HPOS="454" VPOS="1979" WIDTH="254">
<String CONTENT="(36-7235)" HEIGHT="50" HPOS="454" VPOS="1979" WIDTH="254" />
</TextLine>
<TextLine CS="1" HEIGHT="68" HPOS="373" STYLEREFS="StyleId-764732C4-73A3-4CFE-8F8B-4C78D816E01A-" VPOS="2082" WIDTH="1703">
<String CONTENT="The" HEIGHT="53" HPOS="373" VPOS="2084" WIDTH="121" />
<SP HEIGHT="53" HPOS="495" VPOS="2084" WIDTH="38" />
<String CONTENT="United" HEIGHT="55" HPOS="534" VPOS="2082" WIDTH="226" />
<SP HEIGHT="54" HPOS="761" VPOS="2083" WIDTH="34" />
<String CONTENT="States" HEIGHT="54" HPOS="796" VPOS="2083" WIDTH="208" />
<SP HEIGHT="51" HPOS="1005" VPOS="2098" WIDTH="33" />
<String CONTENT="patents" HEIGHT="63" HPOS="1039" VPOS="2086" WIDTH="229" />
<SP HEIGHT="50" HPOS="1269" VPOS="2099" WIDTH="38" />
<String CONTENT="quarterly" HEIGHT="67" HPOS="1308" VPOS="2082" WIDTH="292" />
<SP HEIGHT="49" HPOS="1601" VPOS="2100" WIDTH="45" />
<String CONTENT="&#8230;" CS="1" />
<SP HEIGHT="33" HPOS="1703" VPOS="2100" WIDTH="44" />
<String CONTENT="reports" HEIGHT="65" HPOS="1748" VPOS="2085" WIDTH="222" />
<SP HEIGHT="35" HPOS="1971" VPOS="2101" WIDTH="41" />
<String CONTENT="of" HEIGHT="54" HPOS="2013" VPOS="2082" WIDTH="63" />
</TextLine>
<TextLine CS="1" HEIGHT="129" HPOS="443" STYLEREFS="StyleId-764732C4-73A3-4CFE-8F8B-4C78D816E01A-" VPOS="2100" WIDTH="1945">
<String CONTENT="cases" HEIGHT="36" HPOS="2115" VPOS="2100" WIDTH="150" />
<SP HEIGHT="33" HPOS="2266" VPOS="2102" WIDTH="38" />
<String CONTENT="relating" HEIGHT="127" HPOS="443" VPOS="2102" WIDTH="1920" />
<SP HEIGHT="60" HPOS="631" VPOS="2169" WIDTH="37" />
<String CONTENT="to" HEIGHT="46" HPOS="669" VPOS="2169" WIDTH="59" />
<SP HEIGHT="50" HPOS="729" VPOS="2179" WIDTH="37" />
<String CONTENT="patents," HEIGHT="63" HPOS="767" VPOS="2166" WIDTH="247" />
<SP HEIGHT="61" HPOS="1015" VPOS="2166" WIDTH="36" />
<String CONTENT="trade" HEIGHT="52" HPOS="1052" VPOS="2161" WIDTH="164" />
<SP HEIGHT="34" HPOS="1217" VPOS="2179" WIDTH="38" />
<String CONTENT="marks" HEIGHT="53" HPOS="1256" VPOS="2160" WIDTH="191" />
<SP HEIGHT="34" HPOS="1448" VPOS="2179" WIDTH="40" />
<String CONTENT="and" HEIGHT="52" HPOS="1489" VPOS="2161" WIDTH="111" />
<SP HEIGHT="51" HPOS="1601" VPOS="2161" WIDTH="41" />
<String CONTENT="copyrights" HEIGHT="67" HPOS="1643" VPOS="2161" WIDTH="336" />
<SP HEIGHT="33" HPOS="1980" VPOS="2182" WIDTH="44" />
<String CONTENT="&#8230;" CS="1" />
<SP HEIGHT="34" HPOS="2082" VPOS="2180" WIDTH="80" />
<String CONTENT="volume" HEIGHT="53" HPOS="2163" VPOS="2161" WIDTH="225" />
</TextLine>
<TextLine CS="1" HEIGHT="72" HPOS="442" STYLEREFS="StyleId-764732C4-73A3-4CFE-8F8B-4C78D816E01A-" VPOS="2237" WIDTH="1946">
<String CONTENT="26" HEIGHT="50" HPOS="442" VPOS="2244" WIDTH="67" />
<SP HEIGHT="52" HPOS="510" VPOS="2244" WIDTH="40" />
<String CONTENT="&#8230;" CS="1" />
<SP HEIGHT="54" HPOS="608" VPOS="2242" WIDTH="75" />
<String CONTENT="Washington," HEIGHT="68" HPOS="684" VPOS="2239" WIDTH="405" />
<SP HEIGHT="63" HPOS="1090" VPOS="2242" WIDTH="33" />
<String CONTENT="D." HEIGHT="51" HPOS="1124" VPOS="2242" WIDTH="71" />
<SP HEIGHT="56" HPOS="1196" VPOS="2239" WIDTH="39" />
<String CONTENT="C.," HEIGHT="67" HPOS="1236" VPOS="2239" WIDTH="81" />
<SP HEIGHT="64" HPOS="1318" VPOS="2242" WIDTH="33" />
<String CONTENT="The" HEIGHT="54" HPOS="1352" VPOS="2239" WIDTH="120" />
<SP HEIGHT="51" HPOS="1473" VPOS="2241" WIDTH="36" />
<String CONTENT="Bureau" HEIGHT="51" HPOS="1510" VPOS="2241" WIDTH="230" />
<SP HEIGHT="33" HPOS="1741" VPOS="2259" WIDTH="35" />
<String CONTENT="of" HEIGHT="53" HPOS="1777" VPOS="2239" WIDTH="63" />
<SP HEIGHT="52" HPOS="1841" VPOS="2239" WIDTH="35" />
<String CONTENT="national" HEIGHT="54" HPOS="1877" VPOS="2239" WIDTH="259" />
<SP HEIGHT="55" HPOS="2137" VPOS="2239" WIDTH="35" />
<String CONTENT="affairs," HEIGHT="72" HPOS="2173" VPOS="2237" WIDTH="215" />
</TextLine>
<TextLine HEIGHT="66" HPOS="440" STYLEREFS="StyleId-764732C4-73A3-4CFE-8F8B-4C78D816E01A-" VPOS="2321" WIDTH="336">
<String CONTENT="inc." HEIGHT="53" HPOS="440" VPOS="2321" WIDTH="108" />
<SP HEIGHT="33" HPOS="549" VPOS="2354" WIDTH="32" />
<String CONTENT="[" HEIGHT="33" HPOS="582" VPOS="2354" WIDTH="11" />
<String CONTENT="c" HEIGHT="20" HPOS="599" STYLE="superscript" VPOS="2327" WIDTH="18" />
<String CONTENT="1935]" HEIGHT="64" HPOS="623" VPOS="2323" WIDTH="153" />
</TextLine>
<TextLine CS="1" HEIGHT="51" HPOS="444" VPOS="2391" WIDTH="730">
<String CONTENT="vii," HEIGHT="48" HPOS="444" VPOS="2394" WIDTH="81" />
<SP HEIGHT="47" HPOS="526" VPOS="2395" WIDTH="31" />
<String CONTENT="409" HEIGHT="41" HPOS="558" VPOS="2392" WIDTH="85" />
<SP HEIGHT="37" HPOS="649" VPOS="2404" WIDTH="30" />
<String CONTENT="p." HEIGHT="37" HPOS="680" VPOS="2404" WIDTH="42" />
<SP HEIGHT="39" HPOS="723" VPOS="2394" WIDTH="62" />
<String CONTENT="diagrs." HEIGHT="48" HPOS="786" VPOS="2392" WIDTH="180" />
<SP HEIGHT="41" HPOS="967" VPOS="2391" WIDTH="60" />
<String CONTENT="23&#189;" CS="1" HEIGHT="42" HPOS="1028" VPOS="2391" WIDTH="56" />
<String CONTENT="cm" HEIGHT="21" HPOS="1117" STYLE="superscript" VPOS="2394" WIDTH="45" />
<String CONTENT="." HEIGHT="8" HPOS="1166" VPOS="2423" WIDTH="8" />
</TextLine>
<TextLine HEIGHT="50" HPOS="444" VPOS="2448" WIDTH="758">
<String CONTENT="On" HEIGHT="40" HPOS="444" VPOS="2452" WIDTH="72" />
<SP HEIGHT="29" HPOS="517" VPOS="2462" WIDTH="29" />
<String CONTENT="cover:" HEIGHT="30" HPOS="547" VPOS="2461" WIDTH="169" />
<SP HEIGHT="40" HPOS="717" VPOS="2450" WIDTH="32" />
<String CONTENT="July-Sept.," HEIGHT="49" HPOS="750" VPOS="2449" WIDTH="296" />
<SP HEIGHT="47" HPOS="1047" VPOS="2450" WIDTH="27" />
<String CONTENT="1935." HEIGHT="42" HPOS="1075" VPOS="2448" WIDTH="127" />
</TextLine>
<TextLine HEIGHT="54" HPOS="373" VPOS="2504" WIDTH="2013">
<String CONTENT="&#169;" HEIGHT="53" HPOS="373" VPOS="2505" WIDTH="52" />
<SP HEIGHT="53" HPOS="426" VPOS="2505" WIDTH="30" />
<String CONTENT="Jan." HEIGHT="40" HPOS="457" VPOS="2509" WIDTH="110" />
<SP HEIGHT="40" HPOS="568" VPOS="2509" WIDTH="28" />
<String CONTENT="3," HEIGHT="46" HPOS="597" VPOS="2509" WIDTH="41" />
<SP HEIGHT="47" HPOS="639" VPOS="2508" WIDTH="30" />
<String CONTENT="1936;" HEIGHT="48" HPOS="670" VPOS="2506" WIDTH="141" />
<SP HEIGHT="47" HPOS="812" VPOS="2507" WIDTH="33" />
<String CONTENT="2c." HEIGHT="40" HPOS="846" VPOS="2507" WIDTH="67" />
<SP HEIGHT="29" HPOS="914" VPOS="2518" WIDTH="31" />
<String CONTENT="and" HEIGHT="38" HPOS="946" VPOS="2508" WIDTH="97" />
<SP HEIGHT="38" HPOS="1044" VPOS="2508" WIDTH="29" />
<String CONTENT="aff." HEIGHT="39" HPOS="1074" VPOS="2506" WIDTH="82" />
<SP HEIGHT="39" HPOS="1157" VPOS="2506" WIDTH="33" />
<String CONTENT="Jan." HEIGHT="39" HPOS="1191" VPOS="2506" WIDTH="110" />
<SP HEIGHT="39" HPOS="1302" VPOS="2506" WIDTH="32" />
<String CONTENT="22;" HEIGHT="46" HPOS="1335" VPOS="2505" WIDTH="81" />
<SP HEIGHT="46" HPOS="1417" VPOS="2505" WIDTH="34" />
<String CONTENT="A" HEIGHT="39" HPOS="1452" VPOS="2505" WIDTH="40" />
<SP HEIGHT="40" HPOS="1493" VPOS="2504" WIDTH="29" />
<String CONTENT="91382;" HEIGHT="48" HPOS="1523" VPOS="2504" WIDTH="171" />
<SP HEIGHT="46" HPOS="1695" VPOS="2506" WIDTH="35" />
<String CONTENT="Bureau" HEIGHT="40" HPOS="1731" VPOS="2506" WIDTH="197" />
<SP HEIGHT="29" HPOS="1929" VPOS="2517" WIDTH="32" />
<String CONTENT="of" HEIGHT="40" HPOS="1962" VPOS="2506" WIDTH="56" />
<SP HEIGHT="39" HPOS="2019" VPOS="2506" WIDTH="26" />
<String CONTENT="natl." HEIGHT="40" HPOS="2046" VPOS="2506" WIDTH="119" />
<SP HEIGHT="29" HPOS="2166" VPOS="2517" WIDTH="32" />
<String CONTENT="affairs," HEIGHT="48" HPOS="2199" VPOS="2506" WIDTH="187" />
</TextLine>
<TextLine HEIGHT="41" HPOS="442" VPOS="2565" WIDTH="92">
<String CONTENT="inc." HEIGHT="41" HPOS="442" VPOS="2565" WIDTH="92" />
</TextLine>
<TextLine HEIGHT="65" HPOS="371" STYLEREFS="StyleId-C29515EF-A2DF-40CC-9B7D-70F2F6CCEBC8-" VPOS="2653" WIDTH="964">
<String CONTENT="Urbanitzky," HEIGHT="65" HPOS="371" VPOS="2653" WIDTH="395" />
<SP HEIGHT="65" HPOS="767" VPOS="2653" WIDTH="25" />
<String CONTENT="Grete" HEIGHT="54" HPOS="793" VPOS="2653" WIDTH="180" />
<SP HEIGHT="38" HPOS="974" VPOS="2668" WIDTH="24" />
<String CONTENT="von," HEIGHT="47" HPOS="999" VPOS="2668" WIDTH="134" />
<SP HEIGHT="57" HPOS="1134" VPOS="2658" WIDTH="28" />
<String CONTENT="1893-" HEIGHT="50" HPOS="1163" VPOS="2657" WIDTH="172" />
</TextLine>
<TextLine CS="1" HEIGHT="72" HPOS="502" STYLEREFS="StyleId-764732C4-73A3-4CFE-8F8B-4C78D816E01A-" VPOS="2726" WIDTH="1882">
<String CONTENT="&#8230;" CS="1" />
<SP HEIGHT="53" HPOS="502" VPOS="2730" WIDTH="46" />
<String CONTENT="Heimkehr" HEIGHT="55" HPOS="549" VPOS="2728" WIDTH="323" />
<SP HEIGHT="33" HPOS="873" VPOS="2748" WIDTH="42" />
<String CONTENT="zur" HEIGHT="34" HPOS="916" VPOS="2747" WIDTH="102" />
<SP HEIGHT="52" HPOS="1019" VPOS="2729" WIDTH="41" />
<String CONTENT="liebe," HEIGHT="68" HPOS="1061" VPOS="2728" WIDTH="162" />
<SP HEIGHT="49" HPOS="1224" VPOS="2747" WIDTH="43" />
<String CONTENT="roman." HEIGHT="35" HPOS="1268" VPOS="2745" WIDTH="216" />
<SP HEIGHT="52" HPOS="1485" VPOS="2728" WIDTH="81" />
<String CONTENT="Berlin" HEIGHT="54" HPOS="1567" VPOS="2726" WIDTH="201" />
<SP HEIGHT="48" HPOS="1769" VPOS="2746" WIDTH="48" />
<String CONTENT="[etc.]" HEIGHT="63" HPOS="1818" VPOS="2732" WIDTH="139" />
<SP HEIGHT="66" HPOS="1958" VPOS="2729" WIDTH="51" />
<String CONTENT="P." HEIGHT="52" HPOS="2010" VPOS="2729" WIDTH="65" />
<SP HEIGHT="52" HPOS="2076" VPOS="2729" WIDTH="45" />
<String CONTENT="Zsolnay," HEIGHT="69" HPOS="2122" VPOS="2729" WIDTH="262" />
</TextLine>
<TextLine HEIGHT="52" HPOS="371" STYLEREFS="StyleId-764732C4-73A3-4CFE-8F8B-4C78D816E01A-" VPOS="2811" WIDTH="152">
<String CONTENT="1935." HEIGHT="52" HPOS="371" VPOS="2811" WIDTH="152" />
</TextLine>
<TextLine CS="1" HEIGHT="54" HPOS="441" VPOS="2881" WIDTH="563">
<String CONTENT="332," HEIGHT="49" HPOS="441" VPOS="2881" WIDTH="99" />
<SP HEIGHT="30" HPOS="541" VPOS="2905" WIDTH="31" />
<String CONTENT="[1]" HEIGHT="52" HPOS="573" VPOS="2883" WIDTH="56" />
<SP HEIGHT="41" HPOS="630" VPOS="2893" WIDTH="29" />
<String CONTENT="p." HEIGHT="38" HPOS="660" VPOS="2893" WIDTH="45" />
<SP HEIGHT="40" HPOS="706" VPOS="2881" WIDTH="58" />
<String CONTENT="19" HEIGHT="42" HPOS="765" VPOS="2881" WIDTH="56" />
<SP HEIGHT="42" HPOS="822" VPOS="2881" WIDTH="16" />
<String CONTENT="x" HEIGHT="29" HPOS="839" VPOS="2892" WIDTH="31" />
<SP HEIGHT="40" HPOS="871" VPOS="2882" WIDTH="16" />
<String CONTENT="11" CS="1" />
<String CONTENT="cm" HEIGHT="22" HPOS="948" STYLE="superscript" VPOS="2884" WIDTH="44" />
<String CONTENT="." HEIGHT="9" HPOS="995" VPOS="2914" WIDTH="9" />
</TextLine>
<TextLine HEIGHT="43" HPOS="440" VPOS="2939" WIDTH="436">
<String CONTENT="&#8220;1.-8." HEIGHT="42" HPOS="440" VPOS="2940" WIDTH="144" />
<SP HEIGHT="38" HPOS="585" VPOS="2944" WIDTH="37" />
<String CONTENT="tausend.&#8221;" HEIGHT="43" HPOS="623" VPOS="2939" WIDTH="253" />
</TextLine>
<TextLine CS="1" HEIGHT="54" HPOS="372" VPOS="2996" WIDTH="2015">
<String CONTENT="&#169;" HEIGHT="53" HPOS="372" VPOS="2996" WIDTH="54" />
<SP HEIGHT="53" HPOS="427" VPOS="2996" WIDTH="40" />
<String CONTENT="Oct." HEIGHT="40" HPOS="468" VPOS="3001" WIDTH="102" />
<SP HEIGHT="38" HPOS="571" VPOS="3002" WIDTH="37" />
<String CONTENT="17," HEIGHT="44" HPOS="609" VPOS="3002" WIDTH="70" />
<SP HEIGHT="45" HPOS="680" VPOS="3001" WIDTH="41" />
<String CONTENT="1935;" HEIGHT="42" HPOS="722" VPOS="3000" WIDTH="141" />
<SP />
<String CONTENT="1c." CS="1" />
<SP />
<String CONTENT="Feb." HEIGHT="39" HPOS="1018" VPOS="3000" WIDTH="110" />
<SP HEIGHT="40" HPOS="1129" VPOS="2999" WIDTH="42" />
<String CONTENT="6," HEIGHT="48" HPOS="1172" VPOS="2999" WIDTH="39" />
<SP HEIGHT="47" HPOS="1212" VPOS="3000" WIDTH="41" />
<String CONTENT="1936;" HEIGHT="46" HPOS="1254" VPOS="2999" WIDTH="140" />
<SP HEIGHT="46" HPOS="1395" VPOS="2999" WIDTH="44" />
<String CONTENT="A-Foreign" HEIGHT="48" HPOS="1440" VPOS="2999" WIDTH="310" />
<SP HEIGHT="39" HPOS="1751" VPOS="3001" WIDTH="39" />
<String CONTENT="30305;" HEIGHT="48" HPOS="1791" VPOS="2999" WIDTH="172" />
<SP HEIGHT="46" HPOS="1964" VPOS="3001" WIDTH="45" />
<String CONTENT="Paul" HEIGHT="39" HPOS="2010" VPOS="3001" WIDTH="122" />
<SP HEIGHT="39" HPOS="2133" VPOS="3001" WIDTH="44" />
<String CONTENT="Zsolnay" HEIGHT="49" HPOS="2178" VPOS="3001" WIDTH="209" />
</TextLine>
<TextLine CS="1" HEIGHT="50" HPOS="442" VPOS="3056" WIDTH="645">
<String CONTENT="verlag," HEIGHT="46" HPOS="442" VPOS="3060" WIDTH="180" />
<SP HEIGHT="36" HPOS="623" VPOS="3069" WIDTH="32" />
<String CONTENT="a.-g." HEIGHT="37" HPOS="656" VPOS="3069" WIDTH="106" />
<SP />
<String CONTENT="(36-7226)" CS="1" HEIGHT="50" HPOS="835" VPOS="3056" WIDTH="252" />
</TextLine>
<TextLine HEIGHT="65" HPOS="371" STYLEREFS="StyleId-764732C4-73A3-4CFE-8F8B-4C78D816E01A-" VPOS="3146" WIDTH="1128">
<String CONTENT="Vaughan," HEIGHT="65" HPOS="371" VPOS="3146" WIDTH="314" />
<SP HEIGHT="63" HPOS="686" VPOS="3148" WIDTH="28" />
<String CONTENT="Wayland" HEIGHT="65" HPOS="715" VPOS="3146" WIDTH="290" />
<SP HEIGHT="53" HPOS="1006" VPOS="3147" WIDTH="30" />
<String CONTENT="Farries," HEIGHT="64" HPOS="1037" VPOS="3146" WIDTH="258" />
<SP HEIGHT="56" HPOS="1296" VPOS="3154" WIDTH="32" />
<String CONTENT="1901-" HEIGHT="49" HPOS="1329" VPOS="3153" WIDTH="170" />
</TextLine>
<TextLine CS="1" HEIGHT="70" HPOS="442" STYLEREFS="StyleId-764732C4-73A3-4CFE-8F8B-4C78D816E01A-" VPOS="3222" WIDTH="1940">
<String CONTENT="General" HEIGHT="56" HPOS="442" VPOS="3222" WIDTH="247" />
<SP HEIGHT="66" HPOS="690" VPOS="3226" WIDTH="36" />
<String CONTENT="psychology," HEIGHT="70" HPOS="727" VPOS="3222" WIDTH="373" />
<SP HEIGHT="67" HPOS="1101" VPOS="3223" WIDTH="36" />
<String CONTENT="by" HEIGHT="68" HPOS="1138" VPOS="3223" WIDTH="74" />
<SP HEIGHT="69" HPOS="1213" VPOS="3222" WIDTH="35" />
<String CONTENT="Wayland" HEIGHT="70" HPOS="1249" VPOS="3222" WIDTH="290" />
<SP HEIGHT="53" HPOS="1540" VPOS="3222" WIDTH="37" />
<String CONTENT="F." HEIGHT="51" HPOS="1578" VPOS="3223" WIDTH="66" />
<SP HEIGHT="53" HPOS="1645" VPOS="3222" WIDTH="38" />
<String CONTENT="Vaughan" HEIGHT="70" HPOS="1684" VPOS="3222" WIDTH="288" />
<SP HEIGHT="34" HPOS="1973" VPOS="3240" WIDTH="41" />
<String CONTENT="&#8230;" CS="1" />
<SP HEIGHT="56" HPOS="2072" VPOS="3222" WIDTH="78" />
<String CONTENT="Garden" HEIGHT="56" HPOS="2151" VPOS="3222" WIDTH="231" />
</TextLine>
<TextLine CS="1" HEIGHT="70" HPOS="373" STYLEREFS="StyleId-764732C4-73A3-4CFE-8F8B-4C78D816E01A-" VPOS="3301" WIDTH="1798">
<String CONTENT="City," HEIGHT="69" HPOS="373" VPOS="3302" WIDTH="154" />
<SP HEIGHT="67" HPOS="528" VPOS="3302" WIDTH="31" />
<String CONTENT="N." HEIGHT="53" HPOS="560" VPOS="3302" WIDTH="70" />
<SP HEIGHT="53" HPOS="631" VPOS="3302" WIDTH="36" />
<String CONTENT="Y.," HEIGHT="67" HPOS="668" VPOS="3302" WIDTH="92" />
<SP HEIGHT="67" HPOS="761" VPOS="3302" WIDTH="31" />
<String CONTENT="Doubleday," HEIGHT="69" HPOS="793" VPOS="3301" WIDTH="360" />
<SP HEIGHT="68" HPOS="1154" VPOS="3301" WIDTH="30" />
<String CONTENT="Doran" HEIGHT="53" HPOS="1185" VPOS="3301" WIDTH="199" />
<SP HEIGHT="51" HPOS="1385" VPOS="3303" WIDTH="33" />
<String CONTENT="&amp;" HEIGHT="51" HPOS="1419" VPOS="3303" WIDTH="46" />
<SP HEIGHT="51" HPOS="1466" VPOS="3303" WIDTH="30" />
<String CONTENT="company," HEIGHT="53" HPOS="1497" VPOS="3317" WIDTH="297" />
<SP HEIGHT="68" HPOS="1795" VPOS="3301" WIDTH="31" />
<String CONTENT="inc." HEIGHT="52" HPOS="1827" VPOS="3301" WIDTH="107" />
<SP />
<String CONTENT="[c1936]" CS="1" HEIGHT="34" HPOS="2161" VPOS="3334" WIDTH="10" />
</TextLine>
<TextLine CS="1" HEIGHT="50" HPOS="442" STYLEREFS="StyleId-764732C4-73A3-4CFE-8F8B-4C78D816E01A-" VPOS="3375" WIDTH="1310">
<String CONTENT="xxi," HEIGHT="47" HPOS="442" VPOS="3376" WIDTH="99" />
<SP HEIGHT="48" HPOS="542" VPOS="3375" WIDTH="24" />
<String CONTENT="634" HEIGHT="40" HPOS="567" VPOS="3375" WIDTH="85" />
<SP HEIGHT="48" HPOS="653" VPOS="3376" WIDTH="23" />
<String CONTENT="p." HEIGHT="37" HPOS="677" VPOS="3387" WIDTH="43" />
<SP HEIGHT="39" HPOS="721" VPOS="3375" WIDTH="53" />
<String CONTENT="illus.," HEIGHT="49" HPOS="775" VPOS="3375" WIDTH="142" />
<SP HEIGHT="49" HPOS="918" VPOS="3375" WIDTH="25" />
<String CONTENT="2" HEIGHT="39" HPOS="944" VPOS="3375" WIDTH="26" />
<SP HEIGHT="40" HPOS="971" VPOS="3375" WIDTH="23" />
<String CONTENT="col." HEIGHT="40" HPOS="995" VPOS="3377" WIDTH="87" />
<SP />
<String CONTENT="pl." CS="1" />
<SP />
<String CONTENT="on" HEIGHT="30" HPOS="1196" VPOS="3387" WIDTH="59" />
<SP HEIGHT="39" HPOS="1256" VPOS="3376" WIDTH="25" />
<String CONTENT="1" HEIGHT="39" HPOS="1282" VPOS="3376" WIDTH="25" />
<SP HEIGHT="39" HPOS="1308" VPOS="3376" WIDTH="23" />
<String CONTENT="l.," CS="1" />
<SP HEIGHT="46" HPOS="1376" VPOS="3377" WIDTH="25" />
<String CONTENT="diagrs." HEIGHT="49" HPOS="1402" VPOS="3376" WIDTH="180" />
<SP HEIGHT="40" HPOS="1583" VPOS="3376" WIDTH="51" />
<String CONTENT="21" HEIGHT="39" HPOS="1635" VPOS="3376" WIDTH="55" />
<String CONTENT="cm" HEIGHT="21" HPOS="1694" STYLE="superscript" VPOS="3378" WIDTH="44" />
<String CONTENT="." HEIGHT="9" HPOS="1743" VPOS="3407" WIDTH="9" />
</TextLine>
<TextLine HEIGHT="42" HPOS="442" VPOS="3433" WIDTH="429">
<String CONTENT="&#8220;First" HEIGHT="41" HPOS="442" VPOS="3434" WIDTH="163" />
<SP HEIGHT="39" HPOS="606" VPOS="3436" WIDTH="34" />
<String CONTENT="edition.&#8221;" HEIGHT="42" HPOS="641" VPOS="3433" WIDTH="230" />
</TextLine>
<TextLine HEIGHT="50" HPOS="442" VPOS="3490" WIDTH="1357">
<String CONTENT="References" HEIGHT="41" HPOS="442" VPOS="3491" WIDTH="294" />
<SP HEIGHT="29" HPOS="737" VPOS="3502" WIDTH="27" />
<String CONTENT="under" HEIGHT="40" HPOS="765" VPOS="3491" WIDTH="155" />
<SP HEIGHT="40" HPOS="921" VPOS="3490" WIDTH="28" />
<String CONTENT="&#8220;Projects&#8221;" HEIGHT="47" HPOS="950" VPOS="3490" WIDTH="277" />
<SP HEIGHT="40" HPOS="1228" VPOS="3491" WIDTH="29" />
<String CONTENT="and" HEIGHT="39" HPOS="1258" VPOS="3492" WIDTH="94" />
<SP HEIGHT="41" HPOS="1353" VPOS="3490" WIDTH="32" />
<String CONTENT="&#8220;Experiments&#8221;." HEIGHT="50" HPOS="1386" VPOS="3490" WIDTH="413" />
</TextLine>
<TextLine HEIGHT="53" HPOS="372" VPOS="3547" WIDTH="2009">
<String CONTENT="&#169;" HEIGHT="53" HPOS="372" VPOS="3547" WIDTH="52" />
<SP HEIGHT="53" HPOS="425" VPOS="3547" WIDTH="25" />
<String CONTENT="Feb." HEIGHT="40" HPOS="451" VPOS="3551" WIDTH="108" />
<SP HEIGHT="38" HPOS="560" VPOS="3551" WIDTH="27" />
<String CONTENT="28," HEIGHT="43" HPOS="588" VPOS="3551" WIDTH="68" />
<SP HEIGHT="43" HPOS="657" VPOS="3551" WIDTH="28" />
<String CONTENT="1936;" HEIGHT="42" HPOS="686" VPOS="3550" WIDTH="140" />
<SP HEIGHT="41" HPOS="827" VPOS="3551" WIDTH="27" />
<String CONTENT="2c." HEIGHT="39" HPOS="855" VPOS="3551" WIDTH="67" />
<SP HEIGHT="29" HPOS="923" VPOS="3561" WIDTH="25" />
<String CONTENT="and" HEIGHT="38" HPOS="949" VPOS="3552" WIDTH="99" />
<SP HEIGHT="38" HPOS="1049" VPOS="3552" WIDTH="24" />
<String CONTENT="aff." HEIGHT="41" HPOS="1074" VPOS="3550" WIDTH="81" />
<SP HEIGHT="39" HPOS="1156" VPOS="3552" WIDTH="27" />
<String CONTENT="Mar." HEIGHT="38" HPOS="1184" VPOS="3552" WIDTH="121" />
<SP HEIGHT="39" HPOS="1306" VPOS="3551" WIDTH="28" />
<String CONTENT="12;" HEIGHT="41" HPOS="1335" VPOS="3550" WIDTH="81" />
<SP HEIGHT="41" HPOS="1417" VPOS="3550" WIDTH="28" />
<String CONTENT="A" HEIGHT="39" HPOS="1446" VPOS="3550" WIDTH="42" />
<SP HEIGHT="40" HPOS="1489" VPOS="3549" WIDTH="21" />
<String CONTENT="93133;" HEIGHT="46" HPOS="1511" VPOS="3549" WIDTH="171" />
<SP HEIGHT="45" HPOS="1683" VPOS="3550" WIDTH="29" />
<String CONTENT="Doubleday." HEIGHT="47" HPOS="1713" VPOS="3550" WIDTH="300" />
<SP HEIGHT="41" HPOS="2014" VPOS="3551" WIDTH="27" />
<String CONTENT="Doran" HEIGHT="39" HPOS="2042" VPOS="3551" WIDTH="166" />
<SP HEIGHT="39" HPOS="2209" VPOS="3551" WIDTH="27" />
<String CONTENT="&amp;" HEIGHT="39" HPOS="2237" VPOS="3551" WIDTH="35" />
<SP HEIGHT="40" HPOS="2273" VPOS="3551" WIDTH="25" />
<String CONTENT="co.," HEIGHT="38" HPOS="2299" VPOS="3560" WIDTH="82" />
</TextLine>
<TextLine HEIGHT="49" HPOS="441" VPOS="3607" WIDTH="416">
<String CONTENT="inc." HEIGHT="39" HPOS="441" VPOS="3609" WIDTH="90" />
<SP HEIGHT="48" HPOS="532" VPOS="3608" WIDTH="71" />
<String CONTENT="(36-7296)" HEIGHT="49" HPOS="604" VPOS="3607" WIDTH="253" />
</TextLine>
<TextLine HEIGHT="64" HPOS="370" STYLEREFS="StyleId-C29515EF-A2DF-40CC-9B7D-70F2F6CCEBC8-" VPOS="3697" WIDTH="1283">
<String CONTENT="Whitney," HEIGHT="64" HPOS="370" VPOS="3697" WIDTH="301" />
<SP HEIGHT="62" HPOS="672" VPOS="3698" WIDTH="27" />
<String CONTENT="Gertrude" HEIGHT="53" HPOS="700" VPOS="3698" WIDTH="294" />
<SP HEIGHT="54" HPOS="995" VPOS="3698" WIDTH="26" />
<String CONTENT="Clara" HEIGHT="54" HPOS="1022" VPOS="3698" WIDTH="174" />
<SP HEIGHT="53" HPOS="1197" VPOS="3698" WIDTH="20" />
<String CONTENT="Louise," HEIGHT="64" HPOS="1218" VPOS="3697" WIDTH="233" />
<SP HEIGHT="57" HPOS="1452" VPOS="3704" WIDTH="29" />
<String CONTENT="1899-" HEIGHT="50" HPOS="1482" VPOS="3702" WIDTH="171" />
</TextLine>
<TextLine CS="1" HEIGHT="69" HPOS="444" STYLEREFS="StyleId-764732C4-73A3-4CFE-8F8B-4C78D816E01A-" VPOS="3773" WIDTH="1874">
<String CONTENT="Sled" HEIGHT="55" HPOS="444" VPOS="3773" WIDTH="135" />
<SP HEIGHT="52" HPOS="580" VPOS="3775" WIDTH="27" />
<String CONTENT="against" HEIGHT="69" HPOS="608" VPOS="3773" WIDTH="228" />
<SP HEIGHT="48" HPOS="837" VPOS="3779" WIDTH="27" />
<String CONTENT="the" HEIGHT="52" HPOS="865" VPOS="3776" WIDTH="95" />
<SP HEIGHT="53" HPOS="961" VPOS="3775" WIDTH="27" />
<String CONTENT="door;" HEIGHT="65" HPOS="989" VPOS="3775" WIDTH="166" />
<SP HEIGHT="49" HPOS="1156" VPOS="3793" WIDTH="32" />
<String CONTENT="poems" HEIGHT="50" HPOS="1189" VPOS="3792" WIDTH="191" />
<SP HEIGHT="53" HPOS="1381" VPOS="3774" WIDTH="24" />
<String CONTENT="by" HEIGHT="68" HPOS="1406" VPOS="3774" WIDTH="74" />
<SP HEIGHT="67" HPOS="1481" VPOS="3775" WIDTH="27" />
<String CONTENT="Gertrude" HEIGHT="56" HPOS="1509" VPOS="3774" WIDTH="285" />
<SP HEIGHT="55" HPOS="1795" VPOS="3773" WIDTH="29" />
<String CONTENT="C." HEIGHT="55" HPOS="1825" VPOS="3773" WIDTH="62" />
<SP HEIGHT="50" HPOS="1888" VPOS="3776" WIDTH="27" />
<String CONTENT="L." HEIGHT="51" HPOS="1916" VPOS="3776" WIDTH="65" />
<SP HEIGHT="54" HPOS="1982" VPOS="3775" WIDTH="27" />
<String CONTENT="Whitney" HEIGHT="67" HPOS="2010" VPOS="3775" WIDTH="275" />
<SP HEIGHT="47" HPOS="2286" VPOS="3795" WIDTH="32" />
<String CONTENT="&#8230;" CS="1" />
</TextLine>
<TextLine CS="1" HEIGHT="68" HPOS="371" STYLEREFS="StyleId-764732C4-73A3-4CFE-8F8B-4C78D816E01A-" VPOS="3853" WIDTH="876">
<String CONTENT="Boston," HEIGHT="65" HPOS="371" VPOS="3856" WIDTH="236" />
<SP HEIGHT="66" HPOS="608" VPOS="3855" WIDTH="30" />
<String CONTENT="B." HEIGHT="52" HPOS="639" VPOS="3855" WIDTH="67" />
<SP HEIGHT="53" HPOS="707" VPOS="3854" WIDTH="29" />
<String CONTENT="Humphries," HEIGHT="67" HPOS="737" VPOS="3854" WIDTH="375" />
<SP HEIGHT="60" HPOS="1113" VPOS="3853" WIDTH="27" />
<String CONTENT="inc." HEIGHT="54" HPOS="1141" VPOS="3853" WIDTH="106" />
<SP />
<String CONTENT="[c1936]" CS="1" />
</TextLine>
<TextLine CS="1" HEIGHT="48" HPOS="445" VPOS="3926" WIDTH="248">
<String CONTENT="51" HEIGHT="40" HPOS="445" VPOS="3926" WIDTH="54" />
<SP HEIGHT="47" HPOS="500" VPOS="3927" WIDTH="29" />
<String CONTENT="p." HEIGHT="37" HPOS="530" VPOS="3937" WIDTH="42" />
<SP HEIGHT="39" HPOS="573" VPOS="3926" WIDTH="60" />
<String CONTENT="20&#189;cm." CS="1" HEIGHT="40" HPOS="634" VPOS="3926" WIDTH="59" />
</TextLine>
<TextLine CS="1" HEIGHT="53" HPOS="373" VPOS="3981" WIDTH="2006">
<String CONTENT="&#169;" HEIGHT="53" HPOS="373" VPOS="3981" WIDTH="53" />
<SP HEIGHT="53" HPOS="427" VPOS="3981" WIDTH="40" />
<String CONTENT="May" HEIGHT="45" HPOS="468" VPOS="3986" WIDTH="114" />
<SP HEIGHT="46" HPOS="583" VPOS="3985" WIDTH="39" />
<String CONTENT="14," HEIGHT="47" HPOS="623" VPOS="3985" WIDTH="69" />
<SP HEIGHT="48" HPOS="693" VPOS="3984" WIDTH="41" />
<String CONTENT="1935;" CS="1" HEIGHT="41" HPOS="735" VPOS="3982" WIDTH="117" />
<SP HEIGHT="41" HPOS="876" VPOS="3984" WIDTH="42" />
<String CONTENT="2c." HEIGHT="40" HPOS="919" VPOS="3984" WIDTH="67" />
<SP HEIGHT="39" HPOS="987" VPOS="3985" WIDTH="40" />
<String CONTENT="Mar." HEIGHT="38" HPOS="1028" VPOS="3985" WIDTH="121" />
<SP HEIGHT="38" HPOS="1150" VPOS="3984" WIDTH="41" />
<String CONTENT="5," HEIGHT="47" HPOS="1192" VPOS="3984" WIDTH="39" />
<SP HEIGHT="47" HPOS="1232" VPOS="3984" WIDTH="40" />
<String CONTENT="1936;" HEIGHT="42" HPOS="1273" VPOS="3983" WIDTH="141" />
<SP HEIGHT="31" HPOS="1415" VPOS="3994" WIDTH="42" />
<String CONTENT="aff." HEIGHT="40" HPOS="1458" VPOS="3983" WIDTH="82" />
<SP HEIGHT="39" HPOS="1541" VPOS="3984" WIDTH="42" />
<String CONTENT="Mar." HEIGHT="40" HPOS="1584" VPOS="3984" WIDTH="122" />
<SP HEIGHT="40" HPOS="1707" VPOS="3984" WIDTH="38" />
<String CONTENT="3:" HEIGHT="41" HPOS="1746" VPOS="3984" WIDTH="54" />
<SP HEIGHT="41" HPOS="1801" VPOS="3984" WIDTH="43" />
<String CONTENT="A" HEIGHT="38" HPOS="1845" VPOS="3984" WIDTH="40" />
<SP HEIGHT="40" HPOS="1886" VPOS="3983" WIDTH="38" />
<String CONTENT="92142;" HEIGHT="43" HPOS="1925" VPOS="3982" WIDTH="171" />
<SP HEIGHT="42" HPOS="2097" VPOS="3983" WIDTH="44" />
<String CONTENT="G." HEIGHT="41" HPOS="2142" VPOS="3983" WIDTH="52" />
<SP HEIGHT="40" HPOS="2195" VPOS="3983" WIDTH="41" />
<String CONTENT="C." HEIGHT="40" HPOS="2237" VPOS="3983" WIDTH="48" />
<SP HEIGHT="39" HPOS="2286" VPOS="3984" WIDTH="42" />
<String CONTENT="L." HEIGHT="39" HPOS="2329" VPOS="3984" WIDTH="50" />
</TextLine>
<TextLine HEIGHT="49" HPOS="442" VPOS="4040" WIDTH="885">
<String CONTENT="Whitney," HEIGHT="47" HPOS="442" VPOS="4042" WIDTH="241" />
<SP HEIGHT="45" HPOS="684" VPOS="4041" WIDTH="30" />
<String CONTENT="New" HEIGHT="39" HPOS="715" VPOS="4041" WIDTH="117" />
<SP HEIGHT="39" HPOS="833" VPOS="4041" WIDTH="27" />
<String CONTENT="York." HEIGHT="40" HPOS="861" VPOS="4041" WIDTH="144" />
<SP HEIGHT="47" HPOS="1006" VPOS="4041" WIDTH="68" />
<String CONTENT="(36-7270)" HEIGHT="49" HPOS="1075" VPOS="4040" WIDTH="252" />
</TextLine>
</TextBlock>
</PrintSpace>
</Page>
</Layout>
</alto>