2519 4377
1001 4043 132 50 1861

217 482 916 50 xv p., 1 l., 203 p. incl. tables. 19 ½cm .
156 539 180 49 Report
373 539 51 39 of
459 549 27 30 a
525 539 204 41 biracial
767 550 152 38 group
955 540 52 40 of
1042 540 205 41 medical
1283 542 196 47 experts
1515 541 94 39 and
1649 541 190 47 laymen
1879 553 58 29 on

81 552 1982 84 conditions
290 599 52 38 at
371 596 201 41 Harlem
600 596 227 49 hospital,
883 597 62 47 cf.
974 597 272 41 Foreword.

85 661 53 53 ©
163 667 117 39 Nov.
306 664 68 44 20.
403 665 138 43 1936:
569 666 66 38 2c.
665 666 116 40 Nov.
808 665 55 38 20:
921 666 80 40 aff.
1030 666 117 40 Nov.
1173 666 50 38 21;
1286 667 38 38 A
1353 665 198 48 100659;
1583 666 202 40 Charles
1816 666 266 40 Scribner’s

155 733 125 30 sons.
341 721 280 49 (36-36421)

83 825 253 64 Dacqué,
363 826 217 64 Edgar,
609 827 170 54 1878-

215 913 1865 70 … Versteinertes leben; fossilien in 116 Originalaufnahmen
83 992 1868 70 und mit 16 z eichnungen. Berlin [etc.] Atlantis-verlag [1936]
153 1067 1068 49 131, [1] p. illus., 48 pl. on 24 l. 25 ½ cm.
83 1133 53 53 ©
165 1138 120 40 Mar.
315 1137 69 44 26.
415 1136 138 42 1936:
615 1148 36 28 1c.
684 1137 114 47 July
829 1137 80 47 17;
943 1138 39 38 A
984 1138 268 41 -Foreign
1282 1137 170 42 32513:
1486 1138 217 40 Atlantis
1737 1139 179 46 verlag,
1948 1149 41 35 g.
2021 1151 59 27 m.

154 1194 39 38 b.
256 1227 7 7 h.
327 1193 279 48 (36-36558)

81 1298 319 62 Danforth,
427 1298 208 54 Stuart
662 1299 232 63 Taylor,
924 1304 169 49 1900-

153 1387 1867 69 Los p á jaros de Puerto Rico, por Stuart T. Danforth …
84 1465 1998 71 diez l á minas en colores por Frances W . Horne. New York,
84 1541 250 71 Chicago
389 1548 117 62 [etc.]
543 1544 187 69 Rand,
761 1544 272 69 McNally
1064 1546 47 50 &
1137 1563 281 51 company
1470 1548 158 49 [c1936]

188 1651 8 14 x,
224 1617 84 42 198
335 1629 43 38 p.
406 1618 108 41 incl.
544 1618 164 49 front.,
736 1618 129 41 illus.
921 1630 31 29 x
981 1620 86 39 col.
1095 1630 62 37 pl.
1212 1619 59 40 20½cm.

152 1674 349 48 Bibliography:
556 1685 41 37 p.
621 1676 28 38 4;
707 1674 393 41 “Publicaciones
1126 1675 139 40 sobre
1288 1676 72 40 los
1386 1674 199 50 pâjaros
1612 1676 57 40 de
1696 1676 179 41 Puerto
1902 1676 146 42 Rico”:

80 1741 42 37 p.
153 1730 217 43 180-187.

81 1796 53 53 ©
169 1801 117 40 Nov.
323 1800 68 42 27.
430 1799 83 39 1936:
608 1799 67 39 2c.
714 1801 111 39 Dec.
862 1799 81 47 10;
983 1799 81 41 aff.
1105 1801 109 39 Dec.
1250 1798 53 49 9;
1343 1802 40 37 A
1421 1800 199 49 101215;
1661 1802 154 48 Rand,
1855 1803 225 47 McNally

150 1857 36 40 &
208 1866 66 31 co.
337 1856 279 48 (36-36556)

78 1960 285 65 Danville,
392 1961 284 55 Bernard.

210 2048 1321 70 … Le lac d’Annecy. Paris. Alpina [ c1936]
79 2102 1978 122 1 p. l., 5-16 p., 1 l. LXII pl. on 31 l., map. 17½cm. (La France illustrée)
148 2234 115 48 Map
295 2244 58 30 on
385 2244 43 38 p.
460 2234 26 40 4
520 2233 51 41 of
602 2243 153 31 cover.

150 2290 259 49 “Imprimé
443 2301 58 30 en
538 2291 188 41 Italie.”

77 2368 53 53 ©
161 2373 110 46 July
296 2372 70 43 21,
394 2371 139 48 1936;
620 2404 8 7 1c.
659 2372 101 41 Oct.
787 2371 82 44 22;
900 2372 99 39 A-
1003 2371 205 47 Foreign
1236 2371 171 43 33173:
1440 2363 224 50 Éditions
1692 2373 191 49 Alpina.

158 2427 280 50 (36-36963)

211 2528 1863 71 … Le lac Léman; photos de Jean Roubier. Paris, Alpina
80 2609 170 66 [1936]

146 2677 1798 51 15 p., 1 1. LXII pl. on 31 l., map. 17½cm. (La France illustrée)
149 2736 115 47 Map
295 2745 61 29 on
387 2746 42 37 p.
463 2736 28 38 4
522 2735 52 40 of
607 2744 154 31 cover.

149 2790 258 49 “Imprimé
437 2801 58 30 en
529 2791 188 41 Italie.”

76 2863 1805 60 © July 21, 1936; 1c. Oct. 22: A- Foreign 33171; Éditions Alpina.
157 2928 281 49 (36-36958)

76 3034 207 64 David,
309 3034 219 53 Robert
554 3035 209 52 Beebe.

147 3110 153 52 Finn
336 3111 262 66 Burnett,
633 3110 437 56 frontiersman;
1108 3110 97 52 the
1238 3109 105 54 life
1379 3112 112 50 and
1528 3110 339 53 adventures
1902 3109 64 53 of
2003 3128 70 33 an

77 3186 212 54 Indian
330 3186 224 69 fighter,
594 3186 138 54 mail
776 3188 167 52 coach
989 3188 208 66 driver,
1239 3188 198 64 miner,
1481 3187 228 67 pioneer
1752 3189 323 66 cattleman,

78 3265 353 67 participant
470 3264 58 53 in
570 3266 98 51 the
708 3265 242 52 Powder
989 3265 152 52 river
1180 3265 347 67 expedition,
1570 3264 262 53 survivor
1873 3265 64 52 of
1981 3267 94 52 the

77 3341 113 69 hay
221 3341 130 54 field
382 3341 162 69 fight,
576 3344 270 52 associate
877 3342 63 53 of
970 3343 121 53 Jim
1123 3343 248 67 Bridger
1402 3343 112 52 and
1548 3342 172 55 Chief
1826 3343 248 68 Washakie,

77 3419 74 68 by
197 3419 213 54 Robert
456 3420 180 53 Beebe
682 3420 209 53 David.
975 3419 294 55 Glendale.
1319 3419 194 67 Calif.,
1559 3420 122 53 The
1726 3421 224 54 Arthur
1996 3422 77 53 H.

79 3496 176 57 Clark
282 3516 296 50 company,
608 3498 151 54 1937.

144 3571 85 41 378
257 3582 42 37 p.
327 3571 108 41 incl.
464 3571 148 41 front,
641 3571 174 48 (port.)
852 3573 170 47 plates.
1078 3572 26 38 2
1132 3573 61 46 pl.
1247 3571 56 39 24½cm.

148 3627 84 39 “In
263 3627 75 41 his
367 3628 127 39 later
521 3637 157 38 years,
706 3628 209 40 Burnett
945 3629 184 39 related
1159 3629 52 38 at
1238 3628 165 47 length
1433 3627 77 40 his
1539 3627 195 48 pioneer
1762 3627 309 47 experiences

79 3685 47 38 to
159 3683 78 40 his
267 3683 429 48 grand-daughter,
729 3684 106 39 who
868 3685 73 39 set
973 3683 130 41 them
1137 3683 139 40 down
1307 3683 252 40 verbatim.
1621 3684 45 39 It
1698 3683 41 40 is
1773 3683 126 40 from
1935 3685 135 40 these

77 3739 246 40 extensive
347 3741 136 38 notes
509 3739 121 47 that,
658 3739 79 40 for
762 3740 81 40 the
869 3739 106 41 first
1002 3739 129 42 time,
1159 3740 81 39 the
1265 3739 93 39 full
1383 3741 134 45 story
1544 3739 51 40 of
1621 3739 249 41 Burnett’s

78 3741 1974 93 adventurous
281 3795 87 41 life
403 3796 93 39 and
533 3794 249 42 extensive
817 3797 94 39 and
946 3797 226 39 accurate
1206 3796 333 40 observations
1572 3806 58 30 on

1668 3796 209 40 frontier
77 3798 1975 92 conditions
230 3852 93 38 and
350 3853 166 38 events
543 3851 41 41 is
611 3851 115 41 here
752 3852 140 40 made
917 3851 478 41 available.”—Pref.

78 3915 1991 54 © Dec. 7, 1936; 2c. and aff. Dec. 11; A 100916: R. B. David, Casper.
148 3978 100 39 Wy.
311 3977 279 50 (36-36462)
