2519 4377
1314 4169 134 54 1174

378 485 351 54 Protestant
761 485 314 65 Episcopal
1102 486 223 54 church
1354 486 59 54 in
1442 488 104 53 the
1575 488 72 54 U.
1675 489 57 55 S.
1762 489 72 53 A.
1908 491 284 53 Forward
447 510 1925 109 movement
631 564 377 54 commission.

450 655 155 68 Why
643 655 68 53 be
750 673 30 33 a
819 654 330 56 Christian?
1232 655 168 55 Clues
1437 661 59 47 to
1536 674 30 33 a
1608 654 297 57 Christian
1944 656 349 71 philosophy
2333 660 63 52 of

382 732 123 54 life.
584 732 350 69 Cincinnati,
989 732 87 69 O.,
1129 733 122 54 The
1308 734 280 53 Forward
1641 741 322 47 movement
2018 736 377 71 commission,

379 812 334 53 Protestant
747 811 314 70 Episcopal
1097 812 230 68 church,
1364 814 150 52 1936.

450 881 86 42 103
572 893 43 38 p.
678 883 56 40 19cm.

450 940 354 49 Bibliography:
867 951 43 38 p.
942 940 189 41 99-101.

379 998 54 53 ©
465 1003 127 39 June
624 1002 71 47 15,
728 1001 118 41 1936;
905 1001 68 41 2c.
1009 1002 95 39 and
1139 1002 82 40 aff.
1256 1002 129 40 June
1415 1002 84 46 24;
1535 1003 43 39 A
1606 1002 172 49 95815;
1817 1005 285 40 Protestant
2138 1005 258 48 Episcopal

450 1060 197 48 church,
679 1059 235 40 Forward
944 1061 274 38 movement
1247 1059 325 42 commission.
1641 1060 282 49 (36-18631)

377 1165 1616 56 Red cross. U . S. American national Red cross.
550 1257 1843 69 … Lecture and group discussion course on home and farm
379 1338 257 53 accident
681 1336 355 68 prevention.
1111 1335 405 71 Washington,
1554 1338 72 52 D.
1669 1336 82 69 C.,
1791 1338 122 53 The
1951 1338 310 53 American
380 1358 1992 113 national
598 1416 126 52 Red
760 1434 150 35 cross
952 1418 194 64 [c1936]

452 1489 1942 55 79 p. 28 × 21½cm. ([Red cross. U. S. American national Red cross]
382 1552 52 37 A.
463 1549 56 40 R.
550 1548 49 41 C.
634 1547 240 50 [Circular]
904 1546 130 41 1027.
1092 1547 204 48 August,
1328 1546 140 49 1936)

452 1606 72 41 On
561 1615 141 31 cover
721 1616 8 29 :
770 1604 165 48 Group
968 1603 274 42 discussion
1276 1604 230 41 material
1542 1617 60 29 on
1638 1604 224 43 accident
1892 1606 301 49 prevention,
2231 1607 47 40 in
2314 1609 82 40 the

381 1666 151 45 home,
569 1673 60 30 on
665 1663 83 39 the
781 1662 146 40 farm.

452 1717 681 50 “Sources—Bibliography”
1153 1729 9 30 :
1198 1730 44 38 p.
1272 1718 160 43 11-12.

379 1773 53 53 ©
462 1778 120 47 Aug.
615 1778 40 47 7,
688 1775 119 41 1936;
863 1776 67 39 2c.
965 1776 97 39 and
1095 1773 81 43 aff.
1210 1776 121 47 Aug.
1364 1776 58 39 12;
1483 1777 41 38 A
1553 1776 144 42 96891;
1761 1778 160 41 Amer.
1953 1778 122 42 natl.
2110 1780 104 39 Red
2247 1789 147 32 cross.

458 1834 283 49 (36-18673)

376 1939 266 65 Reisner,
667 1941 140 52 Mrs.
836 1937 311 54 Elizabeth
1179 1938 328 65 (Johnson)
1542 1939 84 53 ed.

448 2028 245 54 Parents
738 2029 112 52 and
896 2029 98 54 the
1039 2027 374 68 automobile;
1462 2047 31 34 a
1536 2026 353 71 symposium
1931 2029 77 68 by
2052 2035 235 63 parents
2329 2030 64 53 of

375 2107 262 55 children
672 2106 60 53 in
766 2108 96 52 the
895 2106 225 54 Horace
1155 2106 182 53 Mann
1372 2106 220 54 schools
1628 2106 113 53 and
1776 2105 242 55 Lincoln
2056 2108 208 68 school,
377 2109 1991 130 edited
524 2186 76 68 by
629 2185 306 52 Elizabeth
965 2186 55 53 J.
1052 2183 256 68 Reisner,
1336 2184 242 55 Harriet
1608 2184 68 53 de
1709 2183 144 55 Onís
1908 2185 131 67 [and]
2075 2185 207 54 Thalia
2312 2187 79 53 M.

380 2265 247 68 Stolper.
706 2264 139 54 New
881 2264 164 52 York
1076 2263 136 68 city,
1246 2264 279 52 Teachers
1563 2263 228 69 college,
1830 2263 302 56 Columbia
377 2264 1993 147 university,
543 2345 151 51 1936.

446 2413 933 50 3 p. l., 64 p. illus., diagrs. 23cm.
448 2471 227 41 Includes
707 2470 395 48 bibliographies.

380 2527 53 54 ©
468 2532 117 46 July
619 2531 72 48 30,
727 2530 142 48 1936;
903 2530 69 40 2c.
1009 2530 122 47 Aug.
1166 2530 68 46 4;.
1260 2530 82 39 aff.
1379 2530 119 46 Aug.
1538 2530 52 47 6;
1628 2531 42 38 A
1706 2530 171 48 97258;
1918 2531 244 39 Teachers
2200 2532 192 47 college,

447 2588 254 41 Columbia
732 2587 130 41 univ.
933 2586 282 49 (36-18733)

373 2694 259 64 Rewald,
659 2694 176 56 John.

548 2769 1464 67 … Cézanne et Zola. Paris, A. Sedrowski, 1936.
447 2842 1561 52 3 p. l., [ix]-xiii, 202 p., 2 l. plates, ports., facsim. 25cm.
450 2902 120 40 “Les
605 2903 285 41 documents
926 2901 293 49 principaux
1253 2902 60 40 de
1346 2903 126 39 cette
1508 2901 143 41 étude
1689 2903 110 39 sont
1832 2901 146 41 d’une
2009 2903 112 47 part
2156 2903 47 40 la
378 2913 1997 94 correspondance
677 2959 203 41 d’Émile
900 2960 115 40 Zola
1040 2962 50 38 et
1111 2961 70 39 les
1205 2958 299 41 manuscrits
1528 2960 57 39 de
1608 2969 77 30 ses
1708 2969 196 30 romans
1928 2960 28 40 à
1979 2961 47 38 la
2051 2960 341 49 Bibliothèque

377 3016 1827 51 nationale … et d’autre part les lettres de Paul Cézanne.”—p. [179]
448 3074 298 48 “Catalogue
778 3075 84 39 des
890 3075 172 40 lettres
1093 3075 57 39 de
1180 3075 123 39 Paul
1336 3073 249 42 Cézanne”
1605 3085 9 29 :
1646 3085 43 38 p.
1722 3074 252 50 [181]-184.

449 3132 426 49 “Bibliographie”
894 3143 10 29 :
939 3142 44 39 p.
1022 3131 250 52 [185]-194.

376 3188 2014 59 © May 25, 1936; 1c. July 11; A- Foreign 32298; Éditions A. Sedrowski.
456 3254 283 50 (36-18664)

372 3359 222 64 Röpke,
622 3358 295 66 Wilhelm,
949 3364 171 50 1899-

448 3432 1940 72 Crises and cycles, by Wilhelm Röpke … Adapted from the
375 3510 2012 73 German and revised by Vera C. Smith … London [etc.] W.
374 3591 890 70 Hodge & company, limited [1936]
448 3665 65 48 xi,
540 3665 87 40 224
653 3676 44 37 p.
757 3665 146 40 25½cm.

449 3721 95 41 “As
579 3733 25 29 a
643 3722 293 41 foundation
971 3721 80 42 for
1085 3722 100 40 this
1219 3722 124 40 book
1378 3732 86 30 use
1502 3722 91 40 has
1629 3721 119 41 been
1784 3721 140 41 made
1961 3721 54 40 of
2051 3721 82 41 the
2170 3720 219 40 author’s

377 3777 2010 50 treatise on Krise und konjunktur … Large parts have been translated,
377 3834 2010 50 with many alterations, from the German … while other parts written in
377 3890 203 47 English
609 3892 64 47 by
700 3893 82 40 the
809 3893 179 40 author
1015 3893 125 40 have
1166 3893 118 40 been
1313 3891 394 42 added.”—Pref.

447 3947 413 49 Bibliographical
893 3949 277 41 foot-notes.

377 4002 2009 109 © 1c. July 21, 1936; A ad int. 21722; pubd. May 27; W. Röpke, Istanbul- Kadiköy,
718 4064 280 48 Nühürdar,
1028 4064 209 47 Turkey.
1306 4063 282 49 (36-18990)
