2519 4377
1258 4126 134 51 1604

427 512 62 38 (In
519 508 160 43 Home
712 508 144 52 Chat,
890 509 106 45 Oct.
1032 510 219 44 10-Nov.
1284 512 72 50 14,
1391 512 144 50 1936)

326 564 2016 59 © 1 c. each Dec. 4, 1936 ; A ad int. 22118 ; pubd. Oct. 7, 14, 21, 28, Nov.
396 624 41 49 4,
465 625 56 39 11
539 636 9 37 ;
580 625 303 49 Doubleday,
915 627 168 39 Doran
1113 626 37 41 &
1178 636 83 39 co.,
1292 627 106 50 inc.,
1431 628 196 40 Garden
1659 628 124 49 City,
1814 630 57 40 N.
1901 630 55 41 Y.

322 728 373 64 Pietranton,
721 730 202 54 Frank
948 730 73 57 A.

394 805 246 69 History
679 806 63 53 of
778 806 263 54 Weirton
1076 807 115 53 and
1229 806 330 70 Holliday’s
1598 807 153 55 Cove
1788 808 114 54 and
1938 808 108 54 life
2082 809 64 53 of
2184 809 55 55 J.
2278 808 61 56 C.

322 882 307 70 Williams,
661 884 75 68 by
771 884 200 54 Frank
1002 884 71 54 A.
1108 883 371 71 Pietranton;
1518 886 336 69 containing
1887 886 304 55 statistical
2228 887 113 54 and

323 960 331 56 directorial
738 962 383 55 information
1205 963 112 54 and
1403 966 101 52 100
1583 964 403 71 biographical
2068 966 269 54 sketches.

327 1040 1434 71 [Pittsburgh, Pittsburgh printing co., c 1936]
391 1112 86 40 134
510 1123 43 38 p.
614 1112 56 40 21½
704 1114 45 22 cm
754 1144 9 9 .

390 1169 320 49 Advertising
742 1171 210 40 matter:
987 1182 44 38 p.
1066 1171 130 41 7-13.

394 1225 379 50 “Biographical
806 1227 252 41 sketches”
1079 1239 9 30 :
1124 1239 44 38 p.
1205 1228 188 43 66-134.

322 1282 54 54 ©
403 1286 103 41 Oct.
533 1286 70 48 20,
632 1286 118 40 1936
767 1297 9 37 ;
805 1286 68 40 2c.
904 1287 96 39 and
1028 1287 81 39 aff.
1142 1287 102 41 Oct.
1273 1286 56 41 28
1347 1299 9 36 ;
1388 1288 39 39 A
1457 1286 174 42 100131
1650 1300 8 32 ;
1692 1290 50 39 F.
1772 1289 54 40 A.
1854 1289 304 49 Pietranton,
394 1289 1932 102 Holliday’s
559 1344 141 49 Cove,
728 1345 71 39 W.
828 1345 86 39 Va.
982 1342 284 52 (36-29834)

320 1448 289 66 Pushkin,
635 1448 340 55 Aleksandr
1000 1450 400 64 Sergi͡eevich,
1432 1455 328 52 1799-1837.

389 1526 59 54 A
481 1525 300 55 collection
816 1526 65 55 of
914 1528 162 53 short
1109 1527 193 70 lyrics,
1333 1528 77 69 by
1441 1528 282 69 Pushkin,
1757 1530 146 53 done
1932 1530 125 54 into
2092 1530 249 70 English

321 1625 159 37 verse
516 1605 78 72 by
631 1606 176 71 Mary
845 1606 245 55 Kremer
1131 1606 161 71 Gray
1333 1606 158 56 from
1526 1608 98 54 the
1661 1608 193 56 literal
1891 1610 347 54 translation
2278 1609 63 55 of

318 1687 152 53 Ivan
503 1685 207 56 Panin.
784 1686 315 70 Hartford,
1137 1687 199 68 Conn.,
1374 1687 160 56 Priv.
1570 1690 197 67 print.,
1806 1692 152 52 1936.

390 1760 1292 51 4 p. l. , 24, [6] p. mounted front, (port.) 23 cm .
394 1818 1949 52 “Two hundred copies … were printed on the eve of the centenary of
321 1876 264 42 Pushkin’s
611 1877 152 41 death
801 1876 164 50 (1937)
999 1876 52 41 of
1079 1876 161 41 which
1264 1876 100 41 this
1391 1878 44 40 is
1461 1887 75 31 no.
1564 1876 129 43 109.”

391 1934 384 50 Bibliography:
807 1945 44 39 p.
890 1933 84 52 [30]

321 1989 53 53 ©
398 1994 111 40 Jan.
537 1992 41 49 2,
605 1992 144 48 1936;
779 1992 68 40 2c.
876 1993 97 40 and
1000 1992 83 41 aff.
1113 1994 111 40 Jan.
1252 1992 53 48 3;
1337 1994 40 38 A
1404 1991 172 49 88996;
1608 1994 143 46 Mary
1778 1992 209 41 Kremer
2016 1993 146 48 Gray,
391 1993 1934 99 Hartford.
582 2049 284 50 (36-29544)

318 2155 338 64 Recording
676 2154 52 54 &
751 2153 328 56 statistical
1105 2154 395 65 corporation.

390 2232 123 54 The
541 2230 198 71 public
763 2230 201 70 utility
993 2231 115 53 and
1136 2231 97 53 the
1262 2235 124 49 rate
1414 2229 274 70 problem.
1765 2230 140 53 New
1937 2230 182 68 York,
2146 2229 69 55 N.
2248 2229 91 62 Y.,

320 2310 330 69 Recording
682 2311 45 51 &
758 2309 308 55 statistical
1097 2308 369 69 corporation
1504 2344 13 33 [
1519 2316 20 21 c
1545 2311 133 52 1936
1684 2342 13 35 ]

390 2381 1406 50 1 p. l., 5-34 p., 11. 1 mounted illus., diagrs. 21 cm .
320 2438 53 53 ©
407 2442 102 41 Oct.
541 2441 70 49 30,
645 2440 117 42 1936
780 2452 8 37 ;
823 2440 68 42 2c.
926 2441 97 39 and
1056 2440 81 40 aff.
1173 2441 103 40 Oct.
1310 2439 55 41 31
1384 2451 9 36 ;
1429 2441 41 38 A
1502 2439 175 40 100183
1695 2451 8 36 ;
1737 2440 277 48 Recording
2046 2440 98 40 and
391 2439 1932 100 statistical
538 2498 326 49 corporation.
932 2496 284 51 (36-29567)

318 2602 271 67 Ridings,
615 2604 142 55 Sam
781 2603 65 56 P.

388 2681 124 52 The
545 2679 300 56 Chisholm
874 2678 138 55 trail
1029 2699 11 48 ;
1078 2697 25 33 a
1139 2677 223 69 history
1395 2677 65 54 of
1493 2678 97 54 the
1622 2676 229 55 world’s
1882 2682 253 64 greatest
2165 2677 172 54 cattle

319 2758 155 68 trail,
509 2758 266 69 together
812 2757 144 53 with
991 2777 31 34 a
1060 2755 352 70 description
1449 2755 64 54 of
1549 2756 96 53 the
1684 2773 253 52 persons,
1976 2774 31 35 a
2043 2754 293 55 narrative

319 2836 65 53 of
429 2836 97 54 the
573 2841 211 64 events,
834 2835 113 53 and
993 2834 430 54 reminiscences
1472 2834 314 54 associated
1833 2831 144 57 with
2023 2834 97 53 the
2167 2851 167 37 same.

319 2910 1994 152 By Sam P. Ridings … Guthrie, Okia., Co-operative publishing company [ c 1936]
389 3064 27 41 6
447 3075 44 38 p.
560 3095 9 17 l.,
603 3064 85 41 591
720 3076 44 37 p.
795 3064 113 41 incl.
940 3064 152 41 front,
1121 3063 174 49 (port.)
1339 3064 129 40 illus.
1529 3063 119 41 fold.
1681 3074 126 38 map.
1868 3063 56 41 23½
1958 3066 45 22 cm
2008 3096 9 9 .

321 3121 53 53 ©
404 3125 102 41 Oct.
533 3124 71 49 31,
634 3123 117 41 1936
768 3135 9 37 ;
808 3123 68 41 2c.
904 3123 96 40 and
1031 3123 80 40 aff.
1143 3124 118 38 Nov.
1292 3122 27 39 4
1337 3134 7 35 ;
1378 3123 40 39 A
1449 3121 174 41 100254
1641 3134 8 36 ;
1686 3123 44 40 S.
1762 3123 50 39 P.
1845 3122 222 49 Ridings,
2098 3122 240 50 Medford,

392 3182 105 41 Old.
569 3180 284 51 (36-29833)

318 3286 353 65 Rocheleau,
699 3284 258 56 William
987 3284 266 56 Francis.

389 3361 505 70 Transportation,
936 3361 76 68 by
1054 3360 89 54 W.
1190 3361 64 52 F.
1300 3359 339 54 Rocheleau.
1715 3359 138 54 Rev.
1900 3359 86 53 ed.
2064 3357 271 71 Chicago,

320 3442 138 52 New
488 3440 182 67 York,
697 3439 70 55 A.
799 3439 302 68 Flanagan
1130 3455 299 52 company,
1459 3440 149 51 1936.

388 3511 87 42 290
520 3522 44 38 p.
624 3511 166 49 front.,
837 3511 129 41 illus.
996 3510 134 48 (incl.
1178 3510 138 49 map)
1371 3511 172 48 plates,
1591 3511 154 48 diagr.
1806 3510 56 41 18½
1894 3512 44 21 cm
1942 3542 10 10 .
2052 3512 72 42 (On
2171 3520 164 33 cover:

319 3569 151 41 Great
504 3568 261 42 American
801 3569 268 40 industries
1104 3568 176 48 series)

321 3626 52 54 ©
402 3630 103 41 Oct.
532 3628 70 50 27,
631 3628 143 48 1936;
804 3628 67 41 2c.
899 3628 97 39 and
1025 3627 82 40 aff.
1135 3627 102 41 Oct.
1266 3626 82 42 29:
1378 3628 41 38 A
1447 3626 172 39 100157
1639 3638 8 30 ;
1680 3628 52 39 A.
1764 3627 255 47 Flanagan
2048 3636 68 31 co.

402 3685 284 51 (36-29564)

319 3792 322 65 Rothrock,
669 3793 174 62 Mary
868 3790 239 65 Utopia,
1137 3795 168 50 1890-

389 3867 173 54 Disco
567 3867 204 69 vering
823 3868 333 54 Tennessee,
1214 3866 75 66 by
1345 3866 171 66 Mary
1575 3865 72 54 U.
1705 3864 311 53 Rothrock.
2112 3861 220 71 Chapel

319 3945 147 66 Hill,
498 3947 124 52 The
653 3944 341 68 University
1030 3943 64 54 of
1127 3943 189 53 North
1353 3942 272 55 Carolina
1663 3959 157 51 press
1858 3975 13 35 [
1877 3948 17 22 c
1899 3943 134 51 1936
2039 3975 12 34 ]

393 4017 84 48 xii,
505 4017 88 41 498
619 4028 45 38 p.
692 4017 111 41 incl.
830 4017 165 46 front.,
1023 4015 129 41 illus.
1212 4015 57 40 20½
1302 4017 44 22 cm
1351 4049 8 8 .
