2519 4377
1295 4223 136 54 1716

424 599 336 40 “Litteratur”
791 601 52 38 at
873 600 93 40 end
996 600 52 41 of
1079 600 226 41 sections.

351 653 54 54 ©
442 659 120 39 Nov.
602 657 71 48 19,
711 656 143 49 1936;
896 658 67 41 1c.
1004 659 113 40 Dec.
1154 657 83 48 12;
1278 658 317 48 A-Foreign
1632 658 173 49 33866;
1847 659 346 49 Aktiebolaget
2231 662 52 41 P.
2323 663 53 40 A.

421 715 238 40 Norstedt
690 715 38 40 &
757 715 156 41 söner.

349 821 330 66 Hamilton,
705 822 212 56 Bruce.

421 898 228 54 Middle
673 899 144 54 class
841 898 254 70 murder,
1117 898 77 70 by
1221 900 187 53 Bruce
1432 899 325 56 Hamilton.
1819 900 262 69 London,
2103 901 273 54 Methuen

350 980 46 51 &
424 996 99 49 co.,
551 978 107 53 ltd.
696 981 176 64 [1936]

422 1052 26 41 3
480 1063 43 38 p.
590 1083 8 15 l.,
627 1052 103 48 249,
763 1052 55 50 [1]
850 1063 44 38 p.
953 1051 59 42 19½
1042 1054 45 22 cm
1091 1084 10 10 .

353 1105 52 53 ©
443 1109 67 40 1c.
550 1110 121 41 Nov.
709 1108 71 49 21,
820 1108 117 41 1936
955 1120 8 36 ;
1002 1110 42 38 A
1082 1109 63 39 ad
1184 1108 88 42 int.
1311 1107 146 41 22043
1476 1120 8 36 ;
1526 1109 145 48 pubd.
1716 1110 128 47 Sept.
1885 1109 57 39 24
1960 1121 7 36 ;
2012 1111 53 40 B.
2107 1109 271 50 Hamilton,

427 1166 326 50 Beaminster,
779 1168 193 46 Dorset,
1002 1166 238 48 England.
1306 1165 284 50 (36-34404)

350 1272 223 66 Hayes,
600 1272 253 65 Bridget
878 1273 66 56 T.

422 1351 122 53 The
588 1369 130 35 sure
759 1369 129 49 way
931 1349 381 70 composition
1354 1349 96 56 for
1493 1351 255 67 seventh,
1789 1351 220 68 eighth,
2054 1351 113 54 and
2209 1350 170 56 ninth

350 1428 2004 149 grades, junior high school, by Bridget T. Hayes … Minneapolis, Minn., Correct English service [ c 1936]
422 1582 82 50 vii,
541 1581 90 43 168
661 1593 44 39 p.
768 1582 58 41 24
829 1585 45 21 cm
878 1615 9 9 .

425 1641 73 40 On
527 1650 144 31 cover
689 1650 9 30 :
730 1640 104 41 The
861 1650 114 31 sure
1002 1650 109 38 way
1141 1639 321 49 composition
1492 1640 36 41 &
1557 1650 262 39 grammar.

425 1698 166 40 “First
622 1696 230 42 edition.”

424 1755 136 41 With
593 1754 100 40 this
723 1754 43 41 is
798 1754 164 41 bound
994 1754 83 41 the
1110 1752 222 43 author’s
1361 1754 103 40 The
1496 1763 116 31 sure
1639 1763 110 39 way
1781 1764 250 38 grammar
2063 1754 81 41 for
2176 1756 205 40 seventh

351 1813 98 39 and
486 1811 170 48 eighth
696 1811 191 48 grades,
928 1811 168 48 junior
1135 1809 117 50 high
1292 1810 179 41 school.
1541 1811 117 41 Rev.
1699 1812 73 40 ed.
1842 1811 343 50 Minneapolis,
2227 1811 152 42 Minn.

368 1868 151 50 [ c 1936]
425 1925 253 49 “Reading
704 1925 112 40 lists
843 1924 81 41 for
950 1923 168 49 junior
1146 1922 117 49 high
1291 1922 194 42 school”
1505 1935 9 29 :
1544 1934 44 39 p.
1617 1922 219 43 149-150.

353 1979 52 53 ©
429 1984 114 46 May
566 1982 71 49 25,
662 1981 117 42 1936
796 1993 9 37 ;
831 1981 68 42 2c.
924 1982 119 39 Nov.
1067 1980 27 39 2
1112 1992 9 37 ;
1150 1979 80 41 aff.
1258 1980 101 41 Oct.
1387 1980 55 40 31
1461 1992 8 37 ;
1497 1982 41 38 A
1562 1979 146 42 99693
1727 1992 8 37 ;
1765 1983 53 39 B.
1842 1982 51 41 T.
1921 1983 181 48 Hayes,
424 1982 1937 99 Minneapolis.
593 2038 287 52 (36-32376)

351 2145 372 65 Hazelwood,
752 2143 204 57 Elmer
982 2144 272 65 Clayton,
1285 2149 173 50 1903-

422 2225 216 56 Poetrv
667 2223 281 70 portraits
965 2242 11 50 ;
1009 2222 158 54 word
1198 2222 253 70 pictures
1480 2222 64 55 of
1571 2221 108 56 life
1709 2220 59 55 in
1797 2240 176 53 verse,
2002 2223 75 69 by
2107 2223 68 56 E.
352 2222 2003 135 Clayton
483 2303 372 54 Hazelwood.
932 2302 331 67 Plainfield,
1296 2303 70 54 N.
1401 2304 76 66 J.,
1509 2302 123 54 The
1663 2303 288 53 Recorder
1985 2321 158 50 press
2181 2336 13 35 [
2197 2309 20 22 c
2221 2306 134 50 1936]

424 2378 86 40 127
543 2389 44 37 p.
647 2376 62 42 20½c
755 2378 28 22 m
788 2408 10 9 .

354 2431 53 53 ©
441 2435 119 40 Nov.
595 2434 42 48 2,
672 2433 118 41 1936
808 2445 8 37 ;
854 2432 68 40 2c.
958 2434 119 39 Nov.
1113 2431 27 41 9
1158 2443 9 37 ;
1206 2432 83 40 aff.
1325 2432 119 41 Nov.
1481 2432 26 39 7
1525 2443 9 31 ;
1573 2432 41 39 A
1649 2430 176 41 100339
1843 2443 8 36 ;
1893 2433 52 40 E.
1983 2432 48 42 O.
2069 2433 310 48 Hazelwood,

426 2492 195 48 Fulton,
648 2492 58 40 N.
733 2492 54 39 Y.
858 2489 285 50 (36-32379)

352 2583 288 65 Hoerner,
667 2582 264 54 Herbert
955 2597 133 49 von,
1118 2586 175 50 188T-

486 2658 1892 69 … Die kutscherin des zaren : erzählung. Stuttgart, J. Engel -
351 2741 175 53 horns
552 2739 198 55 nachf.
784 2742 174 64 [1936]

424 2809 70 51 79,
535 2810 56 50 [1]
629 2820 46 38 p.
735 2809 57 41 19
795 2811 45 22 cm
845 2842 8 8 .

424 2867 144 42 “1.-5.
601 2867 211 42 tausend
830 2877 9 31 :
873 2866 128 50 april
1032 2864 160 45 1936.”

353 2924 2026 55 © Mar. 27, 1936 ; 1c. June 3 ; A-Foreign 31997 ; J. Engelhorns nachf.
435 2984 286 51 (36-34153)

354 3079 186 62 Hone,
567 3076 224 65 Joseph
818 3075 313 63 Maunsell,
1162 3080 172 51 1882-

422 3153 123 54 The
569 3151 109 55 life
704 3151 67 55 of
794 3150 225 71 George
1043 3151 218 69 Moore,
1285 3150 78 71 by
1390 3150 221 69 Joseph
1636 3150 171 53 Hone
1824 3168 12 50 ;
1866 3149 144 54 with
2037 3168 74 35 an
2140 3154 240 51 account

351 3231 65 53 of
446 3230 90 56 his
566 3232 113 53 last
710 3248 165 52 years
906 3230 77 70 by
1013 3229 91 55 his
1134 3228 142 55 cook
1305 3229 116 54 and
1451 3227 384 70 housekeeper
1868 3226 177 57 Clara
2077 3226 300 57 Warville.

351 3310 140 53 New
521 3310 184 69 York,
730 3309 123 54 The
880 3308 341 54 Macmillan
1249 3325 302 52 company,
1582 3308 153 53 1936.

423 3383 85 41 515
540 3394 43 38 p.
644 3383 167 48 front.,
844 3382 172 48 plates,
1051 3383 152 48 ports.
1263 3381 58 40 24
1323 3383 45 22 cm
1372 3414 10 10 .

428 3441 130 41 “The
603 3440 337 41 achievement
985 3440 53 40 of
1082 3439 185 48 George
1313 3438 179 49 Moore,
1537 3437 64 48 by
1646 3438 247 41 Desmond
1943 3435 405 49 Shawe-Taylor”
2366 3446 10 30 :

351 3508 43 39 p.
430 3495 254 54 [465]-492.

424 3555 339 41 “Authorities
794 3556 96 40 and
919 3553 533 49 acknowledgments”;
1484 3562 45 39 p.
1562 3552 160 51 [9]-12.

424 3611 130 43 “The
581 3612 163 41 works
772 3612 54 41 of
851 3611 184 49 George
1062 3611 166 41 Moore
1246 3621 10 30 :
1286 3621 28 31 a
1342 3612 138 40 short
1508 3610 369 49 bibliography”
1896 3620 10 30 :
1936 3620 45 38 p.
2026 3608 239 52 [498]-502.

356 3667 53 54 ©
438 3673 118 39 Nov.
588 3670 70 48 10,
688 3670 142 49 1936;
862 3670 68 41 2c.
962 3670 96 40 and
1088 3670 82 40 aff.
1202 3670 118 41 Nov.
1353 3669 50 40 11
1426 3681 8 35 ;
1468 3671 39 38 A
1537 3669 173 43 99769;
1746 3670 182 47 Joseph
1960 3670 154 47 Hone,
2145 3667 232 48 Killiney,

427 3729 79 41 Co.
533 3728 197 49 Dublin,
757 3728 212 41 Ireland.
1033 3726 283 50 (36-32356)

353 3820 288 63 Johnson,
670 3820 194 65 Anna,
896 3824 171 50 1892-

426 3897 222 66 Viking
681 3915 175 49 verse,
890 3897 75 67 by
997 3897 173 52 Anna
1204 3897 279 55 Johnson.
1564 3895 149 68 [Salt
1745 3895 157 53 Lake
1939 3893 154 69 City]
2132 3893 242 55 Printed

354 3976 75 66 by
454 3976 97 53 the
576 3977 238 53 Deseret
837 3994 154 34 news
1018 3991 157 51 press
1205 4008 12 34 [
1223 3980 18 22 c
1246 3977 153 65 1936]

427 4049 23 39 1
483 4060 42 37 p.
592 4080 9 13 l.,
632 4048 118 41 5-69
777 4060 43 37 p.
877 4048 56 40 19
936 4050 44 22 cm
985 4079 8 8 .

357 4101 54 53 ©
442 4106 102 40 Oct.
573 4105 69 48 31,
676 4104 143 47 1936;
852 4103 67 41 2c.
954 4104 95 39 and
1081 4104 82 40 aff.
1197 4104 118 39 Nov.
1347 4102 53 42 9:
1437 4104 39 38 A
1510 4101 199 41 100378:
1746 4103 52 38 A.
1834 4101 236 47 Johnson,
2106 4100 106 42 Salt
2244 4099 132 40 Lake

0 0 0 0 City. (36-32369)
