2519 4377
1303 4153 134 55 1732

361 464 217 67 Fuller,
604 467 312 64 Margaret
942 466 239 67 Witter,
1212 468 174 57 1872-

433 557 124 53 The
597 559 280 66 complete
915 557 226 68 history
1182 557 65 53 of
1284 558 99 53 the
1422 557 206 70 deluge
1667 560 61 53 in
1766 577 159 36 verse
1965 559 116 54 and
2120 559 270 71 pictures,

361 634 76 69 by
493 635 305 68 Margaret
854 635 216 54 Fuller.
1164 635 336 69 Windham,
1558 636 199 70 Conn.,
1813 637 331 55 Hawthorn
2197 639 194 69 house,

364 715 152 52 1936.

433 798 759 50 55 p., 2 l. col. illus. 22 cm .
432 870 206 42 Colored
671 871 307 41 illustration
1011 882 62 30 on
1103 873 100 48 t.-p.

433 927 95 43 “Of
557 927 104 42 this
688 927 111 44 first
827 928 186 43 edition
1044 927 87 44 975
1163 930 161 49 copies
1354 941 129 32 were
1513 932 197 50 printed
1741 934 53 41 at
1827 933 279 42 Hawthorn
2137 932 195 45 house.”

362 999 53 53 ©
450 1004 102 40 Oct.
589 1003 70 50 15,
694 1003 143 49 1936;
872 1003 69 41 2c.
977 1005 97 39 and
1108 1005 81 40 aff.
1226 1005 102 41 Oct.
1364 1005 83 49 31;
1484 1007 38 39 A
1558 1005 173 43 99677:
1771 1009 253 46 Margaret

2059 1008 181 50 Fuller,
434 1009 1941 91 Norwich
588 1062 165 48 Town,
784 1061 148 42 Conn.
998 1061 285 49 (36-33390)

362 1163 202 69 Gibbs,
588 1168 104 54 Sir
711 1165 196 67 Philip
933 1166 330 66 Hamilton,
1290 1169 173 56 1877-

493 1256 1891 75 … Cities of refuge. London, Hutchinson & co., ltd. [1936]
433 1346 603 49 4 p. l., 7-477 p. 19cm.
432 1419 64 40 At
523 1419 127 40 head
678 1418 54 40 of
758 1417 139 42 title:
924 1418 43 40 A
992 1419 144 40 novel
1162 1418 62 49 by
1248 1418 166 49 Philip
1442 1418 164 42 Gibbs.

362 1486 2030 54 © 1c. Nov. 27, 1936; A ad int. 22078; pubd. Oct. 1; Philip Gibbs, London.
444 1547 286 50 (36-34612)

363 1655 374 65 Grodzinski,
763 1655 167 58 Paul.

429 1745 672 69 Diamant-werkzeuge;
1153 1745 361 70 darstellung
1563 1746 100 53 der
1712 1746 365 69 anwendung
2124 1746 97 54 des
359 1746 2006 132 diamanten

631 1825 62 52 in
756 1824 263 54 industrie
1056 1825 121 52 und
1216 1825 274 68 gewerbe,
1530 1844 113 34 von
1683 1824 290 70 dipl.-ing.
2013 1826 151 52 Paul
362 1825 2003 132 Grodzinski.

658 1903 116 53 Mit
829 1906 102 50 130
986 1903 394 70 abbildungen
1431 1904 123 53 und
1608 1907 69 50 30
1728 1903 205 54 tafeln.
2026 1904 221 68 Berlin,
2301 1905 80 54 M.

356 1983 225 69 Krayn,
628 1985 154 51 1936.

428 2056 887 52 214 p., 1 l. illus., diagrs. 15 cm .
431 2113 358 43 “Schrifttum”
819 2117 53 39 at
899 2116 93 40 end
1021 2115 51 41 of
1099 2117 129 39 most
1255 2115 52 40 of
1334 2116 83 40 the
1445 2115 244 49 chapters.

362 2182 1714 54 © Apr. 22, 1936; 1c. Aug. 18; A-Foreign 32738; M. Krayn.
445 2243 286 51 (36-34578)

360 2351 256 66 Harrell,
644 2353 220 54 Costen
889 2352 246 63 Jordan,
1162 2357 173 50 1885-

432 2443 124 53 The
598 2441 235 54 radiant
872 2443 195 67 heart;
1108 2439 220 57 studies
1371 2441 60 53 in
1472 2440 198 55 Paul’s
1710 2441 169 54 letter
1920 2446 59 48 to
2024 2440 95 54 the
361 2438 2002 151 Philippians,

591 2521 78 68 by
721 2519 211 56 Costen
982 2520 55 55 J.
1089 2518 255 55 Harrell.
1438 2518 320 70 Nashville,
1805 2520 200 67 Tenn.,
2055 2517 331 71 Cokesbury

360 2616 159 51 press
557 2601 195 66 [c1936]

431 2669 59 42 80
523 2680 45 39 p.
629 2670 58 41 18½c
736 2672 29 22 m
769 2701 9 9 .

362 2739 54 54 ©
447 2745 129 47 Sept.
605 2743 71 48 22,
707 2743 143 49 1936;
882 2743 67 40 2c.
981 2745 118 39 Nov.
1130 2744 53 46 7;
1216 2743 83 41 aff.
1330 2744 118 39 Nov.
1480 2742 53 45 9;
1567 2744 39 38 A
1635 2742 173 42 99743;
1844 2742 275 42 Whitmore
2148 2743 37 41 &
2217 2742 172 43 Smith,

433 2801 272 49 Nashville,
731 2802 149 40 Tenn.
946 2800 285 49 (36-33119)

360 2907 316 66 Hastings,
703 2908 242 64 Hester,
976 2912 174 51 1909-

497 2993 1891 72 … Man and beast in French thought of the eighteenth
362 3081 259 63 century,
671 3076 77 70 by
799 3074 212 55 Hester
1065 3073 301 71 Hastings.
1442 3073 339 70 Baltimore,
1833 3073 142 68 Md.,
2026 3073 123 54 The
2201 3072 187 56 Johns

362 3153 270 70 Hopkins
661 3172 188 51 press;
881 3153 264 70 London,
1173 3153 78 55 H.
1280 3152 271 70 Milford,
1581 3151 233 56 Oxford
1843 3149 323 71 university
2197 3167 187 54 press;

384 3238 121 57 [etc.,
541 3238 122 60 etc.]
705 3235 150 52 1936.

432 3303 88 41 297
560 3314 43 38 p.
665 3304 57 40 26
725 3306 45 21 cm
775 3335 9 9 .
859 3304 127 48 (The
1027 3303 156 42 Johns
1224 3304 226 48 Hopkins
1492 3304 188 41 studies
1720 3303 51 41 in
1814 3304 246 40 Romance
2100 3303 286 41 literatures

362 3361 96 40 and
493 3361 284 47 languages,
838 3360 92 41 vol.
1119 3361 15 47 XXVII)

437 3418 172 40 Issued
639 3418 105 40 also
776 3427 55 31 as
862 3418 155 40 thesis
1059 3416 15 49 (PH.
1254 3417 15 49 D.)
1310 3418 156 40 Johns
1495 3417 226 50 Hopkins
1753 3416 290 49 university.

431 3474 383 49 Bibliography:
854 3486 43 38 p.
935 3473 221 44 283-292.

363 3545 53 53 ©
451 3550 129 47 Sept.
612 3548 72 50 22,
718 3549 141 48 1936;
896 3548 67 41 2c.
999 3549 97 39 and
1130 3548 81 41 aff.
1247 3548 102 40 Oct.
1386 3548 81 47 14;
1505 3549 39 38 A
1576 3546 173 49 98902;
1787 3547 156 40 Johns
1979 3546 224 49 Hopkins
2236 3555 152 40 press.

444 3606 284 49 (36-33109)

360 3710 242 54 Illinois.
678 3713 186 64 Laws,
888 3717 259 60 statutes,
1172 3716 102 47 etc.

435 3799 395 56 Smith-Hurd
886 3801 230 53 Illinois
1174 3801 310 52 annotated
1544 3805 255 49 statutes.
1894 3803 350 50 Permanent
2300 3798 84 52 ed.

364 3878 374 69 Comprising
778 3881 96 51 the
915 3882 140 50 laws
1096 3879 63 52 of
1200 3899 28 33 a
1274 3879 231 67 general
1548 3879 111 51 and
1701 3885 339 60 permanent
2081 3882 203 47 nature
2324 3875 61 52 in

363 3958 158 52 force
567 3963 59 48 at
670 3959 96 52 the
810 3958 110 53 end
964 3957 63 53 of
1069 3959 94 50 the
1209 3956 331 67 fifty-ninth
1586 3956 248 54 General
1880 3955 300 67 assembly,
2224 3951 161 56 third

361 4036 208 66 special
607 4035 228 68 session,
868 4036 172 66 April
1076 4039 49 62 2,
1160 4039 152 54 1936,
1345 4036 140 52 with
1521 4035 365 52 annotations
1919 4034 155 52 from
2105 4034 96 52 the
2235 4050 150 34 cases
