2519 4377
1057 4079 98 52 701

190 516 239 47 “Chapter
464 514 40 47 9,
545 513 247 49 ‘Building
825 525 65 36 up
923 512 237 48 colonies',
1196 514 93 38 and
1328 513 200 47 chapter
1566 512 68 47 10,
1675 512 142 38 ‘Food
1857 510 255 48 chamber’,

119 573 94 39 and
240 575 109 44 part
376 571 51 39 of
452 572 199 47 chapter
681 571 38 46 (3,
747 581 126 29 were
899 568 195 42 written
1122 570 61 46 by
1212 570 61 39 M.
1302 570 42 38 J.
1374 567 211 48 Deyell.’’

119 625 53 53 ©
201 630 121 38 Mar.
351 627 67 46 30,
449 627 115 40 1936;
619 626 66 40 2c.
716 628 94 38 and
841 626 81 40 aff.
954 627 112 46 May
1095 626 26 40 7;
1181 626 40 38 A
1249 624 146 41 94385;
1451 625 54 39 A.
1538 625 37 38 I.
1606 624 124 39 Root
1760 634 67 29 co.

196 684 278 47 (36-11168)

118 787 240 63 Sander,
390 785 221 64 Ulrich,
646 790 171 50 1892-

190 856 1497 73 ... Jungens, roman. Jena, E. Diederichs [ c 1935]
187 932 622 51 2 p. l., 3-245 p. 20½ cm .
189 992 195 41 “Erstes
412 992 72 40 bis
513 992 214 39 sechstes
759 988 248 43 tausend.”

119 1048 53 52 ©
209 1052 101 40 Oct.
346 1052 68 46 27,
452 1051 112 39 1935;
631 1051 65 38 1c.
736 1051 121 39 Mar.
895 1048 68 49 19,
1002 1048 112 41 1936;
1182 1048 308 48 A-Foreign
1529 1047 144 41 30861;
1741 1048 166 46 Eugen
190 1046 1906 102 Diederichs
355 1108 177 47 verlag.
606 1106 279 48 (36-11274)

117 1210 349 61 Schemann,
497 1207 265 65 Ludwig,
796 1213 169 49 1852-

119 1279 1966 151 Hans von Bülow im lichte dec Wahrheit, von Ludwig Schemann. Regensburg, G. Bosse [ 1935]
192 1432 56 41 97
271 1443 42 38 p.
362 1432 134 41 front.
539 1432 173 48 (port.)
771 1432 56 40 18
829 1433 43 21 cm
878 1463 8 9 .
949 1432 275 49 (Half-title;
1267 1432 103 39 Von
1395 1431 257 40 deutscher
1673 1431 173 48 musik,
1873 1432 74 41 bd.
1970 1429 82 47 46)

119 1489 1995 53 © Oct. 15, 1935; 1c. Mar. 19, 1936; A-Foreign 31016; Gustav Bosse
188 1551 178 46 verlag.
436 1548 280 49 (36-11226)

117 1655 214 62 Schug,
360 1653 253 52 Howard
641 1652 242 54 Lesher.

186 1730 172 52 Latin
392 1746 219 35 sources
646 1727 64 53 of
744 1727 255 55 Berceo’s
1037 1724 291 57 Sacrificio
1365 1725 67 53 de
1465 1727 57 51 la
1553 1725 161 66 misa,
1748 1725 74 68 by
1855 1725 260 53 Howard

116 1807 210 53 Lesher
349 1805 193 69 Schug
570 1848 56 10 ...
691 1805 314 68 Nashville,
1028 1806 196 66 Tenn.,
1246 1804 222 69 George
1491 1804 269 68 Peabody
1785 1804 211 69 college
2021 1804 93 53 for

119 1885 265 63 teachers,
417 1887 149 49 1936.

188 1959 64 47 xi,
294 1958 87 40 112
419 1970 42 37 p.
503 1958 109 41 incl.
652 1958 149 41 front,
831 1957 238 48 (facsim.)
1146 1957 55 40 23
1204 1960 44 21 cm
1254 1989 8 8 .
1365 1956 254 48 (Half-title;
1682 1956 341 42 Contribution
2065 1960 48 38 to

119 2015 270 46 education,
419 2015 108 48 pub.
556 2015 152 40 under
736 2016 81 39 the
843 2015 235 41 direction
1104 2015 52 40 of
1185 2014 182 48 George
1390 2014 225 48 Peabody
1642 2015 178 47 college
1848 2014 79 40 for
118 2015 1979 104 teachers,
240 2081 74 30 no.
346 2071 109 47 171)

188 2127 172 40 Thesis
388 2127 107 47 (PH.
553 2125 289 50 D.)—George
865 2127 223 48 Peabody
1112 2128 178 48 college
1313 2127 80 40 for
1416 2128 235 47 teachers,
1677 2127 128 40 1933.

189 2184 221 41 Without
442 2184 151 40 thesis
619 2186 125 37 note.

191 2240 127 40 “The
350 2250 206 39 purpose
595 2272 46 9 ...
678 2240 88 41 has
802 2241 116 40 been
953 2242 49 40 to
1036 2239 234 43 establish
1306 2240 81 41 the
1423 2239 107 42 fact
1562 2241 110 41 that
1704 2251 87 31 ms.
1826 2241 85 41 298
1946 2241 52 42 of
2033 2243 80 40 the

120 2298 228 40 National
373 2298 185 47 library
584 2297 51 41 of
661 2297 192 41 Madrid
880 2298 41 39 is
947 2299 81 39 the
1054 2308 169 30 source
1247 2298 51 40 of
1323 2298 213 40 Gonzalo
1557 2299 59 39 de
1641 2298 221 41 Berceo’s

1884 2300 57 38 El
118 2299 1977 96 sacrificio
254 2355 58 39 de
342 2355 46 39 la
420 2353 166 41 misa.”
588 2364 104 37 —p.
724 2354 97 41 109.

190 2409 143 41 Latin
369 2412 104 38 text
508 2412 94 38 and
640 2410 201 47 English
876 2409 294 41 translation
1208 2411 51 39 of
1291 2422 86 29 ms.
1412 2410 85 42 298
1528 2411 53 41 of
1615 2412 81 39 the
1730 2412 268 41 Biblioteca
117 2423 1977 91 nacional,
319 2467 192 39 Madrid;
572 2478 41 36 p.
644 2467 159 40 24-99.

118 2519 53 53 ©
197 2524 121 39 Mar.
346 2523 68 47 19,
443 2523 139 46 1936;
610 2524 67 39 2c.
705 2525 95 38 and
829 2524 81 39 aff.
939 2525 121 38 Mar.
1089 2524 82 46 30;
1203 2524 41 39 A
1270 2523 170 48 92882;
1472 2525 183 48 George
1684 2527 190 39 Peabody
1936 2528 179 47 college

186 2580 79 39 for
304 2581 234 39 teachers.
609 2579 279 48 (36-11493)

116 2675 256 64 Schultz,
400 2676 319 53 Archibald
748 2676 208 55 David.

184 2750 122 53 The
330 2750 155 54 fiscal
514 2751 271 53 situation
813 2752 57 52 in
901 2751 168 70 Ohio,
1097 2752 73 68 by
1198 2751 157 54 Arch
1384 2753 71 52 D.
1488 2752 233 55 Schultz
1755 2797 57 11 ...
117 2754 1971 141 Columbus,
259 2828 87 57 O.,
371 2828 149 55 Ohio
547 2830 264 52 chamber
839 2830 64 53 of
927 2846 307 37 commerce
1265 2863 13 34 [
1282 2836 18 22 c
1306 2834 151 63 1935]

185 2904 63 47 xi,
275 2904 87 41 188
386 2914 44 37 p.
490 2903 55 41 23
549 2906 43 21 cm
598 2937 7 8 .

118 2958 53 52 ©
201 2962 127 47 Sept.
357 2962 69 46 24,
456 2963 112 40 1935;
626 2963 67 39 2c.
724 2964 95 39 and
848 2963 81 40 aff.
963 2964 114 47 May
1106 2964 68 47 18,
1205 2963 115 41 1936;
1379 2964 40 38 A
1448 2963 143 40 95212;
1650 2964 121 41 Ohio
1803 2965 228 40 chamber
2060 2966 53 39 of

186 3029 276 30 commerce.
533 3019 279 49 (36-11510)

118 3108 355 62 Schumann,
502 3110 161 53 Otto.

187 3185 222 67 Meyers
450 3186 352 67 opernbuch;
846 3186 356 68 einfiihrung
1240 3185 60 53 in
1341 3185 91 54 die
1472 3192 166 47 wort-
1678 3187 117 53 und
1837 3186 276 53 tonkunst

118 3279 231 35 unserer
373 3262 481 68 spielplanopern,
882 3280 111 34 von
1022 3261 137 54 Otto
1190 3263 343 54 Schumann.
1605 3261 257 69 Leipzig,

119 3262 1964 143 Bibliographisches
513 3338 246 67 institut,
786 3358 46 33 a.
861 3358 52 49 g.
948 3341 170 65 [1935]

190 3407 96 48 543,
318 3409 53 48 [1]
403 3420 41 36 p.
502 3410 125 39 illus.
655 3409 152 47 (plan,
835 3410 176 44 music)
1076 3410 54 40 19
1132 3413 44 20 cm
1182 3443 7 7 .

117 3463 1996 55 © Nov. 7, 1935; 1c. Apr. 19, 1936; A-Foreign 31044; Bibliographisches
186 3524 211 48 institut,
430 3536 104 36 a.-g.
608 3525 279 48 (36-11230)

117 3614 193 61 Sears,
335 3613 178 53 Louis
536 3614 241 63 Martin,
806 3620 169 48 1885-

187 3689 55 52 A
277 3689 219 67 history
533 3690 63 53 of
633 3689 302 53 American
976 3689 225 70 foreign
1240 3690 286 67 relations,
1562 3691 75 67 by
1672 3691 175 53 Louis
1886 3690 220 53 Martin

119 3765 165 55 Sears
314 3809 56 10 ...
436 3768 71 51 3d
535 3768 103 65 ed.,
664 3786 111 34 rev.
804 3770 112 51 and
943 3769 105 54 enl.
1111 3770 138 52 New
1276 3769 179 67 York,
1484 3771 247 51 Thomas
1759 3770 70 51 Y.
1860 3769 243 55 Crowell

117 3849 501 63 company [ c 1936]
189 3916 97 48 xiv,
314 3901 86 56 706
430 3927 41 37 p.
532 3917 55 39 22
590 3920 42 21 cm
638 3949 9 8 .

190 3971 214 41 “Fourth
434 3972 228 49 printing.
722 3974 133 41 First
884 3974 217 48 printing
1127 3974 50 39 of
1205 3973 131 42 third
1366 3973 195 48 edition,
1590 3973 156 41 1936.”
