2519 4377
1305 4132 138 51 2032

446 523 415 49 Mimeographed.

375 592 54 54 ©
465 597 123 47 Aug.
628 594 71 51 28,
742 594 143 49 1936;
927 595 68 40 2c.
1038 596 113 39 Dec.
1194 594 84 49 31;
1322 595 85 41 aff.
1452 596 130 48 Sept.
1623 595 54 49 4;
1719 597 42 39 A
1801 595 175 50 98242;
2021 596 287 50 University
2348 599 53 41 of

445 651 366 49 Pennsylvania
834 662 153 39 press.

371 756 394 66 Tocqueville,
806 756 210 55 Alexis
1053 755 250 56 Charles
1339 758 188 52 Henri
1565 757 266 55 Maurice
1870 758 191 55 Clerel
2098 760 89 64 de,
2229 766 172 50 1805-

445 840 152 51 1859.

443 927 304 55 Autorität
779 927 119 55 und
932 927 254 69 freiheit,
1220 945 113 37 von
1362 928 71 54 A.
1469 928 62 56 C.
1568 929 68 54 de
1669 929 396 69 Tocqueville;
2101 930 300 70 schritten,

372 1009 173 53 reden
593 1009 121 52 und
764 1005 185 56 briete
1000 1007 355 69 ausgewählt
1405 1009 118 53 und
1573 1005 327 71 eingeleitet
1946 1028 115 36 von
2107 1011 154 67 prof.
2314 1012 85 55 dr.

373 1087 211 54 Albert
616 1086 290 56 Salomon.
975 1086 228 67 Zürich,
1236 1087 254 52 Rascher
1520 1091 46 50 &
1598 1087 119 67 cie.,
1750 1106 47 35 a.
1832 1106 72 49 g.,
1939 1091 152 52 1936.

445 1174 27 40 1
501 1185 44 31 v.

374 1243 54 54 ©
464 1247 112 42 Jan.
612 1245 71 50 10,
720 1244 142 49 1936;
903 1246 65 39 1c.
1007 1247 112 38 Dec.
1156 1245 54 48 4;
1250 1245 41 40 A
1291 1242 274 50 -Foreign
1598 1243 174 50 33638;
1810 1245 221 40 Rascher
2067 1247 37 41 &
2139 1246 101 50 cie.,
2279 1258 121 39 a.-g.,

445 1305 183 48 verlag.

372 1411 213 63 Verth,
613 1411 143 53 Max
783 1426 124 38 zur.

445 1502 391 67 Behandlung
887 1500 102 53 der
1038 1500 408 68 Verletzungen
1495 1501 120 53 und
1666 1500 335 70 eiterungen
2054 1521 71 34 an
2176 1502 224 70 fingern

373 1583 119 53 und
520 1582 176 68 hand,
724 1598 113 35 von
863 1579 294 70 professor
1184 1580 85 54 dr.
1296 1580 81 53 M.
1406 1597 101 35 zur
1534 1579 201 55 Verth.
1801 1583 48 52 2.
1880 1580 131 54 aufl.
2077 1581 117 56 Mit
373 1582 2002 147 abbildungen.

699 1660 220 67 Berlin,
952 1661 56 54 J.
1045 1657 285 71 Springer
1389 1662 153 65 [1936]

444 1748 83 49 vii,
560 1747 85 41 164
678 1758 45 38 p.
784 1746 146 49 illus.,
964 1745 182 49 diagrs.
1206 1744 57 40 22
1266 1747 46 22 cm
1317 1777 8 9 .

374 1817 1879 54 © July 1, 1936; 1c. Dec. 3; A -Foreign 33549; Julius Springer.
373 1942 262 65 Voegeli,
668 1940 202 58 Adolf.

448 2032 546 67 Soviet-Russland;
1065 2031 204 67 Städte,
1336 2035 259 64 steppen,
1659 2030 173 69 berge
1895 2032 123 53 und
2081 2034 317 54 menschen.

373 2112 319 55 Reisebuch
732 2111 150 54 eines
921 2109 467 68 unabhängigen,
1425 2128 111 35 von
1576 2110 82 53 dr.
1700 2109 189 54 Adolf
1927 2111 226 68 Voegli.
2228 2114 174 68 Bern,

372 2194 78 52 H.
479 2192 223 66 Huber,
730 2192 152 51 1936.

447 2279 26 40 1
502 2290 43 30 v.

375 2345 2026 56 © Oct. 26, 1936; 1c. Nov. 6; A-Foreign 33450; Verlag Hans Huber.
373 2471 170 66 Volk,
576 2470 157 58 Carl.

447 2551 121 52 Das
619 2546 606 55 maschinenzeichnen
1279 2546 97 52 des
1429 2544 460 70 konstrukteurs,
1942 2563 113 37 von
2108 2546 288 72 dipl.-ing.

375 2630 138 56 Carl
546 2627 170 55 Volk.
786 2630 48 49 4.
870 2626 347 52 verbesserte
1252 2623 129 55 aufl.
1458 2622 114 55 Mit
1606 2623 408 69 abbildungen.
2091 2627 219 67 Berlin,
2341 2629 57 55 J.

377 2708 283 67 Springer
853 2739 14 35 [1936]

449 2788 700 55 2 p. l., 80 p. diagrs. 22½cm.
375 2857 1883 59 © Aug. 24, 1936; 1c. Dec. 15; A -Foreign 33886; Julius Springer.
373 2988 280 64 Wagner,
683 2984 280 56 Richard.

446 3064 237 53 Tristan
732 3063 121 53 und
903 3061 211 67 Isolde,
1167 3078 111 34 von
1330 3059 258 54 Richard
1636 3060 271 68 Wagner.
1996 3060 404 71 Vollständige

375 3142 539 69 regiebearbeitung
953 3139 331 53 sämtlicher
1327 3137 229 69 partien
1596 3136 108 55 mit
1742 3136 506 72 notenbeispielen,
2288 3157 111 37 von

374 3224 172 52 Anna
613 3218 580 67 Bahr-Mildenburg.
1296 3216 259 68 Leipzig,
1620 3216 781 58 Musikwissenschaftlicher

375 3301 218 66 verlag,
619 3318 53 48 g.
700 3318 72 35 m.
801 3298 52 53 b.
880 3298 75 66 h.,
985 3300 151 50 1936.

447 3388 27 40 1
502 3397 44 30 v.

375 3450 2008 105 © May 15, 1936; 1c. Oct. 22; A -Foreign 33386; Musikwissenschaftlicher
630 3513 183 49 verlag,
839 3522 41 39 g.
909 3521 59 33 m.
994 3511 42 41 b.
1063 3510 44 41 h.

375 3621 448 62 Wassermann,
855 3617 211 55 Jakob.

448 3698 309 67 Tagebuch
802 3714 101 36 aus
946 3696 128 53 dem
1118 3694 236 59 winkel;
1403 3693 386 68 erzählungen
1832 3694 119 53 und
1997 3693 259 54 aufsätze
2299 3712 99 35 aus

376 3779 129 52 dem
538 3776 281 65 nachlass,
852 3793 111 34 von
997 3773 191 57 Jakob
1222 3774 423 53 Wassermann.
1718 3772 389 68 Amsterdam,
2143 3772 255 64 Querido

376 3856 202 69 verlag [1935]
448 3944 19 38 1
502 3953 43 31 v.

378 4005 1940 56 © Nov. 1, 1935: 1c. Apr. 22, 1936; A -Foreign 31478; Querido verlag.
