2519 4377
1340 4104 135 49 1320

384 412 448 66 Gravengaard,
859 414 170 54 Hans
1056 415 196 59 Peter,
1285 420 172 50 1896-

456 490 323 56 Christmas
820 491 203 69 again!
1106 494 93 67 By
1236 494 167 52 Hans
1446 495 169 52 Peter
1654 493 434 69 Gravengaard.
2170 497 232 64 Boston,

384 570 306 68 Chapman
717 574 46 51 &
788 570 229 57 Grimes
1050 607 13 33 [
1068 580 18 22 c
1091 576 136 50 1936
1232 607 13 33 ]

455 644 89 41 319
571 655 44 38 p.
677 644 58 41 20c
753 647 29 21 m
785 676 9 9 .

385 704 53 54 ©
474 709 128 48 Sept.
638 708 69 49 19,
742 708 143 48 1936;
921 710 68 38 2c.
1023 710 97 39 and
1156 710 82 40 aff.
1276 711 129 47 Sept.
1440 710 83 47 26;
1558 712 40 38 A
1632 710 172 48 98642;
1842 711 255 48 Chapman
2131 712 36 40 &
2203 711 203 40 Grimes.

465 765 283 50 (36-20369)

385 871 211 64 Green,
625 870 206 55 Janies
858 870 340 66 Benjamin,
1230 873 173 55 1871-

458 948 1886 72 Studies in the Holy Spirit, by James Benjamin Green …
385 1028 1665 71 New York [etc.] Fleming H. Re veil company [ c 1936]
459 1102 87 41 126
576 1113 44 38 p.
681 1102 58 42 19½cm.

461 1161 185 40 “These
671 1160 188 41 studies
882 1172 128 30 were
1033 1160 264 50 originally
1319 1160 143 50 given
1485 1162 52 40 in
1559 1162 83 40 the
1662 1163 271 39 Extension
1957 1162 163 41 school
2143 1162 53 41 of
389 1162 2002 97 Columbia
505 1217 294 49 theological
837 1219 248 49 seminary
1123 1220 269 41 conducted
1431 1219 50 41 in
1519 1220 83 40 the
1639 1219 99 50 city
1776 1219 52 41 of
1864 1220 206 41 Atlanta
2109 1219 179 50 during
2325 1221 83 41 the

388 1275 177 42 winter
599 1276 54 42 of
687 1275 502 45 1935.”—Foreword.

458 1333 383 51 Bibliography:
872 1345 45 39 p.
946 1334 100 42 126.

387 1393 53 54 ©
469 1399 118 47 Aug.
619 1397 71 49 28,
720 1397 115 42 1936;
895 1397 67 41 2c.
994 1398 97 40 and
1121 1399 83 40 aff.
1239 1400 128 47 Sept.
1400 1400 83 47 11;
1513 1400 40 39 A
1584 1399 172 48 98394;
1792 1399 224 48 Fleming
2048 1400 61 41 H.
2140 1400 169 39 Revell
2339 1408 69 31 co.

469 1455 285 48 (36-20421)

386 1560 356 66 Hammond,
770 1563 140 53 Mrs.
937 1560 179 55 Hilda
1147 1560 279 68 (Phelps)

460 1638 106 54 Let
591 1638 259 54 freedom
876 1638 133 69 ring
1040 1638 111 70 [by]
1184 1638 185 53 Hilda
1394 1638 214 69 Phelps
1636 1637 350 53 Hammond.
2063 1638 138 52 New
2231 1636 179 71 York,

392 1716 214 53 Farrar
644 1719 51 51 &
735 1717 301 64 Rinehart,
1073 1717 404 69 incorporated
1522 1751 12 34 [
1540 1724 18 21 c
1562 1718 153 66 1936]

458 1788 649 49 5 p. l., 3-302 p. 21½ cm .
390 1851 52 53 ©
486 1856 128 47 Sept.
653 1856 72 48 21,
768 1855 142 48 1936;
954 1855 67 40 2c.
1065 1856 95 39 and
1199 1854 82 42 aff.
1327 1855 128 48 Sept.
1496 1854 83 48 22;
1623 1856 43 38 A
1703 1854 174 49 98596;
1920 1857 62 39 H.
2025 1857 49 38 P.
2118 1855 291 47 Hammond,

458 1913 119 39 New
610 1913 222 41 Orleans.
904 1912 284 49 (36-20436)

387 2019 278 52 Harvard
702 2015 355 66 university.
1133 2019 234 51 Bureau
1400 2018 97 66 for
1529 2016 288 54 economic
1847 2018 262 52 research
2141 2018 64 52 in
2237 2019 176 52 Latin

455 2098 287 52 America.

451 2176 121 51 The
596 2174 285 53 economic
903 2173 300 54 literature
1224 2175 64 52 of
1308 2172 176 54 Latin
1505 2174 286 66 America,
1816 2193 31 33 a
1870 2175 278 53 tentative
389 2173 1998 149 bibliography,
643 2253 284 69 compiled
979 2253 75 68 by
1105 2254 97 53 the
1252 2252 136 54 staff
1438 2252 62 54 of
1550 2253 97 54 the
1698 2254 231 52 Bureau
1981 2252 95 53 for
2126 2252 285 54 economic

388 2334 259 53 research
694 2333 60 52 in
798 2331 175 55 Latin
1018 2334 286 65 America,
1349 2332 277 53 Harvard
1672 2330 338 69 university,
2091 2332 225 53 volume
2362 2335 47 50 2.

389 2412 368 67 Cambridge,
786 2412 276 53 Harvard
1091 2410 281 54 university
1441 2430 175 48 press,
1648 2415 150 50 1936.

461 2485 122 40 xviii
611 2496 60 39 p.,
701 2486 26 39 1
777 2517 24 16 l.,
829 2485 87 41 348
944 2495 44 38 p.
1045 2484 56 41 23
1106 2487 44 21 cm
1156 2518 8 8 .

392 2545 53 54 ©
485 2549 129 48 Sept.
652 2549 41 48 8,
733 2548 115 41 1936;
913 2548 68 39 2c.
1023 2548 129 47 Sept.
1191 2548 56 40 17;
1315 2547 81 41 aff.
1439 2547 127 48 Sept.
1605 2546 82 48 24;
1729 2548 40 38 A
1806 2545 174 49 98604;
2021 2545 258 41 President
2317 2546 95 40 and

461 2606 192 41 fellows
682 2605 53 41 of
762 2605 232 40 Harvard
1024 2605 194 48 college,
1247 2603 305 49 Cambridge,
1584 2606 147 38 Mass.

388 2711 309 66 Haultain,
723 2711 223 54 Robert
971 2709 284 58 Mitchell.

462 2789 305 54 Financial
791 2788 261 67 training
1077 2788 95 53 for
1196 2806 144 48 your
1364 2806 101 33 son
1491 2787 112 52 and
1631 2787 299 66 daughter.

473 2864 82 49 (In
590 2859 260 45 Canadian
882 2859 281 51 insurance,
1197 2858 132 52 Aug.
1367 2859 70 50 18,
1474 2857 143 52 1936)

393 2924 53 54 ©
482 2929 67 40 1c.
586 2929 104 40 Oct.
727 2929 39 47 7,
803 2926 142 47 1936;
985 2927 41 39 A
1061 2926 62 39 ad
1160 2925 87 40 int.
1285 2924 172 43 21899;
1496 2924 144 48 pubd.
1678 2925 121 45 Aug.
1836 2923 83 48 18;
1959 2924 57 40 R.
2055 2925 63 38 M.
2157 2921 256 50 Haultain,

465 2987 117 39 Port
608 2987 154 47 Hope,
791 2985 125 48 Ont.,
941 2983 216 42 Canada.

395 3088 229 66 Heiser,
651 3088 208 55 Victor
887 3088 250 64 George,
1168 3088 171 55 1873-

464 3168 91 51 An
581 3165 309 54 American
913 3164 244 54 doctor’s
1180 3164 269 69 odyssey;
1477 3163 341 53 adventures
1840 3162 61 53 in
1925 3160 297 69 forty-five
396 3178 1993 135 countries,
589 3246 76 67 by
703 3243 204 56 Victor
945 3242 225 69 Heiser,
1210 3262 67 34 m.
1318 3261 49 34 d.
1443 3242 140 53 New
1624 3241 181 67 York,
1843 3241 92 54 W.
1975 3240 90 54 W.
2107 3239 223 54 Norton
2368 3241 45 51 &

395 3342 300 51 company,
726 3324 109 53 inc.
874 3324 195 67 [c1936]

466 3398 101 47 viii,
598 3398 87 41 544
713 3409 44 38 p.
815 3396 137 42 front.
996 3396 173 50 (port.)
1210 3395 128 41 illus.
1396 3393 55 40 24½
1485 3396 43 22 cm
1534 3426 8 9 .

467 3455 140 51 Maps
639 3466 62 31 on
731 3454 366 50 lining-papers.

468 3513 162 42 “First
667 3511 229 44 edition.”

398 3568 53 53 ©
489 3573 119 43 Aug.
647 3571 70 48 29,
756 3570 141 47 1936;
936 3569 68 40 2c.
1047 3570 128 46 Sept.
1214 3569 82 46 16;
1337 3569 83 39 aff.
1463 3568 128 47 Sept.
1632 3567 53 47 2;
1725 3568 40 38 A
1803 3565 172 42 97633;
2018 3565 166 39 Victor
2225 3564 190 48 Heiser,

468 3630 117 38 New
611 3629 145 40 York.
822 3625 283 50 (36-27369)

398 3733 255 64 Higdon,
682 3731 192 55 David
903 3731 278 65 Andrew,
1213 3733 169 54 1871-

471 3811 122 53 The
629 3813 109 53 end
774 3809 65 54 of
873 3810 97 53 the
1004 3809 183 53 world
1224 3808 113 53 and
1376 3807 95 53 the
1510 3807 181 54 world
1727 3812 58 47 to
1822 3823 172 50 come,
2031 3805 75 67 by
2143 3805 97 53 the
2275 3804 138 54 Rev.

400 3883 1990 154 D. A. Higdon … Louisville, Ky., The Standard printing company, incorporated, 1936.
471 4040 663 52 4 p. l., [3]-218 p. 21½ cm .
