<alto xmlns="http://www.loc.gov/standards/alto/ns-v3#" xmlns:xsi="http://www.w3.org/2001/XMLSchema-instance" xsi:schemaLocation="http://www.loc.gov/standards/alto/ns-v3# http://www.loc.gov/alto/v3/alto-3-0.xsd"><Description>
<MeasurementUnit>pixel</MeasurementUnit>
<sourceImageInformation>
<fileName>1936_v33_Part1.pdf</fileName>
</sourceImageInformation>
<OCRProcessing ID="IdOcr">
<ocrProcessingStep>
<processingDateTime>2019-01-18</processingDateTime>
<processingSoftware>
<softwareCreator>ABBYY</softwareCreator>
<softwareName>ABBYY Recognition Server</softwareName>
<softwareVersion>4.0</softwareVersion>
</processingSoftware>
</ocrProcessingStep>
</OCRProcessing>
</Description>
<Styles>
<ParagraphStyle ALIGN="Left" FIRSTLINE="0." ID="StyleId-FFFFFFFF-FFFF-FFFF-FFFF-FFFFFFFFFFFF-" LEFT="0." RIGHT="0." />
<ParagraphStyle ALIGN="Left" FIRSTLINE="0." ID="StyleId-51D50FAC-7A90-4D70-8A96-5EA9D46D1C8B-" LEFT="0." LINESPACE="7.699999809" RIGHT="0." />
<ParagraphStyle ALIGN="Block" FIRSTLINE="-17." ID="StyleId-6BC133E9-7DCB-43C3-8842-A67984A26405-" LEFT="0." LINESPACE="8.340000153" RIGHT="0." />
<ParagraphStyle ALIGN="Left" FIRSTLINE="-13." ID="StyleId-3C3FF860-43E7-46A2-8934-48F305F6F0D6-" LEFT="0." LINESPACE="11.06999969" RIGHT="0." />
<ParagraphStyle ALIGN="Block" FIRSTLINE="-13." ID="StyleId-19220C76-4F8A-4737-B38C-B5F5C17E6040-" LEFT="0." LINESPACE="11.06999969" RIGHT="0." />
<ParagraphStyle ALIGN="Left" FIRSTLINE="0." ID="StyleId-75A0D721-13ED-4F20-9002-B389EC48477D-" LEFT="0." LINESPACE="15.5" RIGHT="0." />
<ParagraphStyle ALIGN="Left" FIRSTLINE="0." ID="StyleId-8A414184-C7A5-4AC7-9B88-7DA4DDE75922-" LEFT="0." LINESPACE="9.399999619" RIGHT="0." />
<ParagraphStyle ALIGN="Left" FIRSTLINE="0." ID="StyleId-1A87970B-111C-4169-99A6-9412976F3C97-" LEFT="0." LINESPACE="10.5" RIGHT="0." />
<ParagraphStyle ALIGN="Block" FIRSTLINE="-17." ID="StyleId-72DB0571-5AE4-41FD-9E11-68C6AC4C437E-" LEFT="0." LINESPACE="8.340000153" RIGHT="0." />
<ParagraphStyle ALIGN="Center" FIRSTLINE="0." ID="StyleId-1AA43056-C388-4697-B10F-72FDAA38FAE1-" LEFT="0." LINESPACE="10.5" RIGHT="0." />
</Styles>
<Layout>
<Page HEIGHT="4377" ID="Page636" PHYSICAL_IMG_NR="636" WIDTH="2519">
<TopMargin HEIGHT="396" HPOS="0" VPOS="0" WIDTH="2519">
</TopMargin>
<LeftMargin HEIGHT="3726" HPOS="0" VPOS="396" WIDTH="338">
</LeftMargin>
<RightMargin HEIGHT="3726" HPOS="2386" VPOS="396" WIDTH="133">
</RightMargin>
<BottomMargin HEIGHT="255" HPOS="0" VPOS="4122" WIDTH="2519">
</BottomMargin>
<PrintSpace HEIGHT="3726" HPOS="338" VPOS="396" WIDTH="2048">
<TextBlock HEIGHT="72" HPOS="1314" ID="Page636_Block1" LANG="en-US" STYLEREFS="StyleId-4F9C3ED7-C4B5-4E6F-BF38-B3E9B4031DAA-" VPOS="4050" WIDTH="120">
<TextLine HEIGHT="50" HPOS="1324" VPOS="4061" WIDTH="99">
<String CONTENT="636" HEIGHT="50" HPOS="1324" VPOS="4061" WIDTH="99" />
</TextLine>
</TextBlock>
<TextBlock CS="1" HEIGHT="3664" HPOS="338" ID="Page636_Block2" LANG="en-US" STYLEREFS="StyleId-A27D2E85-9046-4DC2-8BE1-8CE91C87D292-" VPOS="396" WIDTH="2048">
<Shape>
<Polygon POINTS="338,396 2386,396 2386,4012 1233,4012 1233,4060 338,4060 338,396" />
</Shape>
<TextLine HEIGHT="65" HPOS="348" STYLEREFS="StyleId-555DDEF3-D8E5-4392-A3C3-ACCE22B665D7-" VPOS="406" WIDTH="721">
<String CONTENT="Cochran," HEIGHT="65" HPOS="348" VPOS="406" WIDTH="285" />
<SP HEIGHT="64" HPOS="634" VPOS="407" WIDTH="30" />
<String CONTENT="Grace," HEIGHT="64" HPOS="665" VPOS="407" WIDTH="203" />
<SP HEIGHT="57" HPOS="869" VPOS="414" WIDTH="28" />
<String CONTENT="1889-" HEIGHT="49" HPOS="898" VPOS="413" WIDTH="171" />
</TextLine>
<TextLine CS="1" HEIGHT="71" HPOS="420" STYLEREFS="StyleId-E8BFD35B-5792-410C-9613-ECD36F3D5118-" VPOS="483" WIDTH="1936">
<String CONTENT="Basic" HEIGHT="53" HPOS="420" VPOS="484" WIDTH="170" />
<SP HEIGHT="51" HPOS="591" VPOS="485" WIDTH="31" />
<String CONTENT="French:" CS="1" HEIGHT="52" HPOS="623" VPOS="485" WIDTH="227" />
<SP HEIGHT="53" HPOS="910" VPOS="483" WIDTH="33" />
<String CONTENT="Avant" HEIGHT="54" HPOS="944" VPOS="483" WIDTH="200" />
<SP HEIGHT="52" HPOS="1145" VPOS="485" WIDTH="31" />
<String CONTENT="de" HEIGHT="52" HPOS="1177" VPOS="485" WIDTH="68" />
<SP HEIGHT="51" HPOS="1246" VPOS="486" WIDTH="33" />
<String CONTENT="lire," HEIGHT="66" HPOS="1280" VPOS="485" WIDTH="122" />
<SP HEIGHT="67" HPOS="1403" VPOS="484" WIDTH="36" />
<String CONTENT="Si" HEIGHT="55" HPOS="1440" VPOS="484" WIDTH="61" />
<SP HEIGHT="51" HPOS="1502" VPOS="486" WIDTH="33" />
<String CONTENT="nous" HEIGHT="34" HPOS="1536" VPOS="503" WIDTH="141" />
<SP HEIGHT="51" HPOS="1678" VPOS="486" WIDTH="32" />
<String CONTENT="lisions," HEIGHT="67" HPOS="1711" VPOS="485" WIDTH="216" />
<SP HEIGHT="66" HPOS="1928" VPOS="486" WIDTH="32" />
<String CONTENT="Pierrille," HEIGHT="68" HPOS="1961" VPOS="485" WIDTH="285" />
<SP HEIGHT="67" HPOS="2247" VPOS="486" WIDTH="34" />
<String CONTENT="by" HEIGHT="68" HPOS="2282" VPOS="486" WIDTH="74" />
</TextLine>
<TextLine CS="1" HEIGHT="132" HPOS="348" STYLEREFS="StyleId-E8BFD35B-5792-410C-9613-ECD36F3D5118-" VPOS="562" WIDTH="2006">
<String CONTENT="Grace" HEIGHT="54" HPOS="348" VPOS="562" WIDTH="183" />
<SP HEIGHT="55" HPOS="532" VPOS="562" WIDTH="36" />
<String CONTENT="Cochran" HEIGHT="55" HPOS="569" VPOS="562" WIDTH="263" />
<SP HEIGHT="34" HPOS="833" VPOS="581" WIDTH="40" />
<String CONTENT="&#8230;" CS="1" />
<SP HEIGHT="53" HPOS="932" VPOS="562" WIDTH="39" />
<String CONTENT="Helen" HEIGHT="54" HPOS="972" VPOS="562" WIDTH="186" />
<SP HEIGHT="51" HPOS="1159" VPOS="564" WIDTH="32" />
<String CONTENT="M." HEIGHT="52" HPOS="1192" VPOS="564" WIDTH="80" />
<SP HEIGHT="52" HPOS="1273" VPOS="564" WIDTH="37" />
<String CONTENT="Eddy" HEIGHT="68" HPOS="1311" VPOS="563" WIDTH="175" />
<SP HEIGHT="49" HPOS="1487" VPOS="582" WIDTH="40" />
<String CONTENT="&#8230;" CS="1" />
<SP HEIGHT="34" HPOS="1585" VPOS="596" WIDTH="46" />
<String CONTENT="[and]" CS="1" HEIGHT="66" HPOS="1651" VPOS="564" WIDTH="131" />
<SP HEIGHT="67" HPOS="1783" VPOS="563" WIDTH="41" />
<String CONTENT="Isabelle" HEIGHT="54" HPOS="1825" VPOS="563" WIDTH="243" />
<SP HEIGHT="55" HPOS="2069" VPOS="564" WIDTH="36" />
<String CONTENT="C." HEIGHT="55" HPOS="2106" VPOS="564" WIDTH="63" />
<SP HEIGHT="51" HPOS="2170" VPOS="565" WIDTH="35" />
<String CONTENT="Red-field" HEIGHT="128" HPOS="349" VPOS="565" WIDTH="2005" />
<SP HEIGHT="52" HPOS="482" VPOS="641" WIDTH="29" />
<String CONTENT="&#8230;" CS="1" />
<SP HEIGHT="52" HPOS="569" VPOS="641" WIDTH="30" />
<String CONTENT="illustrated" HEIGHT="53" HPOS="600" VPOS="641" WIDTH="326" />
</TextLine>
<TextLine HEIGHT="69" HPOS="953" STYLEREFS="StyleId-E8BFD35B-5792-410C-9613-ECD36F3D5118-" VPOS="641" WIDTH="1404">
<String CONTENT="by" HEIGHT="69" HPOS="953" VPOS="641" WIDTH="76" />
<SP HEIGHT="69" HPOS="1030" VPOS="641" WIDTH="26" />
<String CONTENT="Clara" HEIGHT="55" HPOS="1057" VPOS="641" WIDTH="171" />
<SP HEIGHT="52" HPOS="1229" VPOS="642" WIDTH="28" />
<String CONTENT="Atwood" HEIGHT="53" HPOS="1258" VPOS="641" WIDTH="246" />
<SP HEIGHT="53" HPOS="1505" VPOS="641" WIDTH="26" />
<String CONTENT="Fitts." HEIGHT="54" HPOS="1532" VPOS="641" WIDTH="169" />
<SP HEIGHT="52" HPOS="1702" VPOS="643" WIDTH="63" />
<String CONTENT="Boston," HEIGHT="67" HPOS="1766" VPOS="643" WIDTH="235" />
<SP HEIGHT="67" HPOS="2002" VPOS="643" WIDTH="24" />
<String CONTENT="New" HEIGHT="53" HPOS="2027" VPOS="643" WIDTH="140" />
<SP HEIGHT="52" HPOS="2168" VPOS="644" WIDTH="28" />
<String CONTENT="York" HEIGHT="53" HPOS="2197" VPOS="643" WIDTH="160" />
</TextLine>
<TextLine CS="1" HEIGHT="70" HPOS="372" STYLEREFS="StyleId-E8BFD35B-5792-410C-9613-ECD36F3D5118-" VPOS="718" WIDTH="1225">
<String CONTENT="[etc.]" CS="1" HEIGHT="62" HPOS="372" VPOS="724" WIDTH="120" />
<SP HEIGHT="66" HPOS="493" VPOS="720" WIDTH="33" />
<String CONTENT="D." HEIGHT="52" HPOS="527" VPOS="720" WIDTH="71" />
<SP HEIGHT="55" HPOS="599" VPOS="719" WIDTH="29" />
<String CONTENT="C." HEIGHT="55" HPOS="629" VPOS="719" WIDTH="63" />
<SP HEIGHT="54" HPOS="693" VPOS="718" WIDTH="30" />
<String CONTENT="Heath" HEIGHT="54" HPOS="724" VPOS="718" WIDTH="194" />
<SP HEIGHT="53" HPOS="919" VPOS="719" WIDTH="27" />
<String CONTENT="and" HEIGHT="52" HPOS="947" VPOS="721" WIDTH="112" />
<SP HEIGHT="52" HPOS="1060" VPOS="721" WIDTH="28" />
<String CONTENT="company" HEIGHT="50" HPOS="1089" VPOS="738" WIDTH="280" />
<SP HEIGHT="49" HPOS="1370" VPOS="739" WIDTH="32" />
<String CONTENT="[" CS="1" />
<String CONTENT="c" HEIGHT="21" HPOS="1421" STYLE="superscript" VPOS="727" WIDTH="18" />
<String CONTENT="1936]" HEIGHT="64" HPOS="1443" VPOS="723" WIDTH="154" />
</TextLine>
<TextLine CS="1" HEIGHT="110" HPOS="348" VPOS="803" WIDTH="2011">
<String CONTENT="2" HEIGHT="39" HPOS="419" VPOS="803" WIDTH="27" />
<SP HEIGHT="51" HPOS="447" VPOS="803" WIDTH="24" />
<String CONTENT="p." HEIGHT="38" HPOS="472" VPOS="816" WIDTH="44" />
<SP />
<String CONTENT="l.," CS="1" HEIGHT="16" HPOS="578" VPOS="836" WIDTH="9" />
<SP HEIGHT="46" HPOS="588" VPOS="806" WIDTH="26" />
<String CONTENT="iii-xiv," HEIGHT="48" HPOS="615" VPOS="805" WIDTH="187" />
<SP HEIGHT="47" HPOS="803" VPOS="806" WIDTH="27" />
<String CONTENT="597" HEIGHT="42" HPOS="831" VPOS="805" WIDTH="86" />
<SP HEIGHT="48" HPOS="918" VPOS="807" WIDTH="24" />
<String CONTENT="p." HEIGHT="38" HPOS="943" VPOS="817" WIDTH="44" />
<SP HEIGHT="39" HPOS="988" VPOS="807" WIDTH="25" />
<String CONTENT="incl." HEIGHT="42" HPOS="1014" VPOS="807" WIDTH="112" />
<SP HEIGHT="43" HPOS="1127" VPOS="806" WIDTH="25" />
<String CONTENT="front," HEIGHT="41" HPOS="1153" VPOS="806" WIDTH="151" />
<SP HEIGHT="49" HPOS="1305" VPOS="806" WIDTH="28" />
<String CONTENT="(map)" HEIGHT="49" HPOS="1334" VPOS="806" WIDTH="159" />
<SP HEIGHT="48" HPOS="1494" VPOS="806" WIDTH="37" />
<String CONTENT="illus." HEIGHT="42" HPOS="1532" VPOS="806" WIDTH="128" />
<SP HEIGHT="40" HPOS="1661" VPOS="807" WIDTH="56" />
<String CONTENT="19&#189;" CS="1" HEIGHT="42" HPOS="1718" VPOS="806" WIDTH="55" />
<String CONTENT="cm" HEIGHT="22" HPOS="1806" STYLE="superscript" VPOS="808" WIDTH="44" />
<String CONTENT="." HEIGHT="9" HPOS="1854" VPOS="838" WIDTH="9" />
<SP />
<String CONTENT="(Half-title:" HEIGHT="49" HPOS="1931" VPOS="806" WIDTH="300" />
<SP HEIGHT="38" HPOS="2232" VPOS="809" WIDTH="24" />
<String CONTENT="The" HEIGHT="42" HPOS="2257" VPOS="809" WIDTH="102" />
<SP />
<String CONTENT="Heath-Chicago" HEIGHT="51" HPOS="348" VPOS="862" WIDTH="400" />
<SP HEIGHT="41" HPOS="749" VPOS="863" WIDTH="37" />
<String CONTENT="French" HEIGHT="42" HPOS="787" VPOS="863" WIDTH="186" />
<SP HEIGHT="40" HPOS="974" VPOS="865" WIDTH="35" />
<String CONTENT="series)" HEIGHT="48" HPOS="1010" VPOS="865" WIDTH="175" />
</TextLine>
<TextLine HEIGHT="50" HPOS="424" VPOS="935" WIDTH="1939">
<String CONTENT="A" HEIGHT="39" HPOS="424" VPOS="935" WIDTH="38" />
<SP HEIGHT="40" HPOS="463" VPOS="935" WIDTH="28" />
<String CONTENT="revised" HEIGHT="42" HPOS="492" VPOS="935" WIDTH="190" />
<SP HEIGHT="41" HPOS="683" VPOS="936" WIDTH="26" />
<String CONTENT="edition" HEIGHT="41" HPOS="710" VPOS="936" WIDTH="185" />
<SP HEIGHT="40" HPOS="896" VPOS="937" WIDTH="27" />
<String CONTENT="in" HEIGHT="40" HPOS="924" VPOS="937" WIDTH="50" />
<SP HEIGHT="30" HPOS="975" VPOS="947" WIDTH="27" />
<String CONTENT="one" HEIGHT="31" HPOS="1003" VPOS="947" WIDTH="88" />
<SP HEIGHT="31" HPOS="1092" VPOS="947" WIDTH="27" />
<String CONTENT="volume" HEIGHT="42" HPOS="1120" VPOS="936" WIDTH="190" />
<SP HEIGHT="31" HPOS="1311" VPOS="948" WIDTH="29" />
<String CONTENT="of" HEIGHT="43" HPOS="1341" VPOS="936" WIDTH="51" />
<SP HEIGHT="40" HPOS="1393" VPOS="936" WIDTH="30" />
<String CONTENT="Si" HEIGHT="41" HPOS="1424" VPOS="936" WIDTH="50" />
<SP HEIGHT="40" HPOS="1475" VPOS="937" WIDTH="26" />
<String CONTENT="nous" HEIGHT="32" HPOS="1502" VPOS="946" WIDTH="122" />
<SP HEIGHT="40" HPOS="1625" VPOS="937" WIDTH="26" />
<String CONTENT="lisions," HEIGHT="44" HPOS="1652" VPOS="936" WIDTH="184" />
<SP HEIGHT="43" HPOS="1837" VPOS="937" WIDTH="28" />
<String CONTENT="by" HEIGHT="48" HPOS="1866" VPOS="937" WIDTH="60" />
<SP HEIGHT="49" HPOS="1927" VPOS="936" WIDTH="28" />
<String CONTENT="Grace" HEIGHT="43" HPOS="1956" VPOS="936" WIDTH="154" />
<SP HEIGHT="43" HPOS="2111" VPOS="936" WIDTH="28" />
<String CONTENT="Cochran" HEIGHT="42" HPOS="2140" VPOS="936" WIDTH="223" />
</TextLine>
<TextLine HEIGHT="52" HPOS="351" VPOS="993" WIDTH="2009">
<String CONTENT="and" HEIGHT="39" HPOS="351" VPOS="993" WIDTH="96" />
<SP HEIGHT="39" HPOS="448" VPOS="993" WIDTH="24" />
<String CONTENT="Helen" HEIGHT="41" HPOS="473" VPOS="993" WIDTH="157" />
<SP HEIGHT="39" HPOS="631" VPOS="993" WIDTH="24" />
<String CONTENT="M." HEIGHT="40" HPOS="656" VPOS="993" WIDTH="64" />
<SP HEIGHT="39" HPOS="721" VPOS="994" WIDTH="28" />
<String CONTENT="Eddy" HEIGHT="48" HPOS="750" VPOS="994" WIDTH="139" />
<SP HEIGHT="38" HPOS="890" VPOS="1004" WIDTH="25" />
<String CONTENT="and" HEIGHT="39" HPOS="916" VPOS="995" WIDTH="96" />
<SP HEIGHT="39" HPOS="1013" VPOS="995" WIDTH="24" />
<String CONTENT="Pierrille," HEIGHT="47" HPOS="1038" VPOS="994" WIDTH="239" />
<SP HEIGHT="46" HPOS="1278" VPOS="995" WIDTH="27" />
<String CONTENT="by" HEIGHT="47" HPOS="1306" VPOS="995" WIDTH="58" />
<SP HEIGHT="49" HPOS="1365" VPOS="993" WIDTH="25" />
<String CONTENT="Jules" HEIGHT="43" HPOS="1391" VPOS="993" WIDTH="138" />
<SP HEIGHT="42" HPOS="1530" VPOS="993" WIDTH="25" />
<String CONTENT="Claretie" HEIGHT="43" HPOS="1556" VPOS="993" WIDTH="215" />
<SP HEIGHT="38" HPOS="1772" VPOS="1006" WIDTH="24" />
<String CONTENT="published" HEIGHT="49" HPOS="1797" VPOS="995" WIDTH="257" />
<SP HEIGHT="39" HPOS="2055" VPOS="996" WIDTH="25" />
<String CONTENT="separately" HEIGHT="49" HPOS="2081" VPOS="996" WIDTH="279" />
</TextLine>
<TextLine CS="1" HEIGHT="106" HPOS="352" VPOS="1050" WIDTH="2010">
<String CONTENT="in" HEIGHT="39" HPOS="352" VPOS="1050" WIDTH="49" />
<SP HEIGHT="38" HPOS="402" VPOS="1052" WIDTH="28" />
<String CONTENT="1929" HEIGHT="41" HPOS="431" VPOS="1050" WIDTH="115" />
<SP HEIGHT="41" HPOS="547" VPOS="1050" WIDTH="27" />
<String CONTENT="and" HEIGHT="39" HPOS="575" VPOS="1052" WIDTH="97" />
<SP HEIGHT="40" HPOS="673" VPOS="1051" WIDTH="29" />
<String CONTENT="1930" HEIGHT="40" HPOS="703" VPOS="1051" WIDTH="114" />
<SP HEIGHT="41" HPOS="818" VPOS="1051" WIDTH="25" />
<String CONTENT="and" HEIGHT="39" HPOS="844" VPOS="1053" WIDTH="96" />
<SP HEIGHT="39" HPOS="941" VPOS="1053" WIDTH="30" />
<String CONTENT="twenty-six" HEIGHT="47" HPOS="972" VPOS="1052" WIDTH="280" />
<SP HEIGHT="40" HPOS="1253" VPOS="1052" WIDTH="28" />
<String CONTENT="lessons" HEIGHT="41" HPOS="1282" VPOS="1052" WIDTH="186" />
<SP HEIGHT="30" HPOS="1469" VPOS="1063" WIDTH="28" />
<String CONTENT="of" HEIGHT="41" HPOS="1498" VPOS="1052" WIDTH="51" />
<SP HEIGHT="40" HPOS="1550" VPOS="1052" WIDTH="27" />
<String CONTENT="an" HEIGHT="29" HPOS="1578" VPOS="1063" WIDTH="63" />
<SP HEIGHT="30" HPOS="1642" VPOS="1064" WIDTH="26" />
<String CONTENT="entirely" HEIGHT="48" HPOS="1669" VPOS="1052" WIDTH="208" />
<SP HEIGHT="36" HPOS="1878" VPOS="1064" WIDTH="29" />
<String CONTENT="new" HEIGHT="31" HPOS="1908" VPOS="1063" WIDTH="106" />
<SP HEIGHT="30" HPOS="2015" VPOS="1063" WIDTH="28" />
<String CONTENT="recognition-type" HEIGHT="103" HPOS="352" VPOS="1053" WIDTH="2010" />
</TextLine>
<TextLine HEIGHT="48" HPOS="490" VPOS="1109" WIDTH="948">
<String CONTENT="grammar," HEIGHT="40" HPOS="490" VPOS="1117" WIDTH="263" />
<SP HEIGHT="45" HPOS="754" VPOS="1109" WIDTH="26" />
<String CONTENT="Avant" HEIGHT="41" HPOS="781" VPOS="1109" WIDTH="163" />
<SP HEIGHT="40" HPOS="945" VPOS="1110" WIDTH="25" />
<String CONTENT="de" HEIGHT="40" HPOS="971" VPOS="1110" WIDTH="58" />
<SP HEIGHT="40" HPOS="1030" VPOS="1110" WIDTH="25" />
<String CONTENT="lire." HEIGHT="42" HPOS="1056" VPOS="1109" WIDTH="105" />
<SP HEIGHT="30" HPOS="1162" VPOS="1120" WIDTH="55" />
<String CONTENT="cf." HEIGHT="47" HPOS="1218" VPOS="1110" WIDTH="61" />
<SP HEIGHT="41" HPOS="1280" VPOS="1109" WIDTH="27" />
<String CONTENT="Pref." HEIGHT="42" HPOS="1308" VPOS="1109" WIDTH="130" />
</TextLine>
<TextLine HEIGHT="49" HPOS="424" VPOS="1167" WIDTH="748">
<String CONTENT="Includes" HEIGHT="39" HPOS="424" VPOS="1168" WIDTH="228" />
<SP HEIGHT="29" HPOS="653" VPOS="1178" WIDTH="27" />
<String CONTENT="songs" HEIGHT="38" HPOS="681" VPOS="1178" WIDTH="145" />
<SP HEIGHT="28" HPOS="827" VPOS="1179" WIDTH="26" />
<String CONTENT="with" HEIGHT="41" HPOS="854" VPOS="1167" WIDTH="120" />
<SP HEIGHT="38" HPOS="975" VPOS="1169" WIDTH="29" />
<String CONTENT="music." HEIGHT="42" HPOS="1005" VPOS="1168" WIDTH="167" />
</TextLine>
<TextLine HEIGHT="53" HPOS="353" VPOS="1239" WIDTH="2010">
<String CONTENT="&#169;" HEIGHT="53" HPOS="353" VPOS="1239" WIDTH="53" />
<SP HEIGHT="53" HPOS="407" VPOS="1239" WIDTH="26" />
<String CONTENT="Apr." HEIGHT="47" HPOS="434" VPOS="1244" WIDTH="115" />
<SP HEIGHT="42" HPOS="550" VPOS="1244" WIDTH="29" />
<String CONTENT="24," HEIGHT="46" HPOS="580" VPOS="1244" WIDTH="69" />
<SP HEIGHT="45" HPOS="650" VPOS="1245" WIDTH="31" />
<String CONTENT="1936:" HEIGHT="42" HPOS="682" VPOS="1244" WIDTH="141" />
<SP HEIGHT="40" HPOS="824" VPOS="1246" WIDTH="31" />
<String CONTENT="2c." HEIGHT="39" HPOS="856" VPOS="1246" WIDTH="65" />
<SP HEIGHT="28" HPOS="922" VPOS="1256" WIDTH="32" />
<String CONTENT="and" HEIGHT="38" HPOS="955" VPOS="1246" WIDTH="96" />
<SP HEIGHT="38" HPOS="1052" VPOS="1246" WIDTH="30" />
<String CONTENT="aff." HEIGHT="41" HPOS="1083" VPOS="1244" WIDTH="82" />
<SP HEIGHT="39" HPOS="1166" VPOS="1246" WIDTH="32" />
<String CONTENT="May" HEIGHT="46" HPOS="1199" VPOS="1246" WIDTH="114" />
<SP HEIGHT="46" HPOS="1314" VPOS="1246" WIDTH="31" />
<String CONTENT="16:" HEIGHT="42" HPOS="1346" VPOS="1245" WIDTH="81" />
<SP HEIGHT="41" HPOS="1428" VPOS="1246" WIDTH="34" />
<String CONTENT="A" HEIGHT="37" HPOS="1463" VPOS="1246" WIDTH="39" />
<SP HEIGHT="40" HPOS="1503" VPOS="1244" WIDTH="30" />
<String CONTENT="95220:" HEIGHT="42" HPOS="1534" VPOS="1244" WIDTH="171" />
<SP HEIGHT="41" HPOS="1706" VPOS="1245" WIDTH="34" />
<String CONTENT="G." HEIGHT="40" HPOS="1741" VPOS="1245" WIDTH="52" />
<SP HEIGHT="39" HPOS="1794" VPOS="1246" WIDTH="33" />
<String CONTENT="Cbchran" HEIGHT="40" HPOS="1828" VPOS="1245" WIDTH="222" />
<SP HEIGHT="29" HPOS="2051" VPOS="1255" WIDTH="28" />
<String CONTENT="and" HEIGHT="38" HPOS="2080" VPOS="1246" WIDTH="95" />
<SP HEIGHT="39" HPOS="2176" VPOS="1245" WIDTH="32" />
<String CONTENT="Helen" HEIGHT="38" HPOS="2209" VPOS="1245" WIDTH="154" />
</TextLine>
<TextLine CS="1" HEIGHT="49" HPOS="425" VPOS="1301" WIDTH="1650">
<String CONTENT="M." HEIGHT="38" HPOS="425" VPOS="1302" WIDTH="60" />
<SP HEIGHT="37" HPOS="486" VPOS="1303" WIDTH="30" />
<String CONTENT="Eddy," HEIGHT="48" HPOS="517" VPOS="1301" WIDTH="155" />
<SP HEIGHT="44" HPOS="673" VPOS="1303" WIDTH="29" />
<String CONTENT="Iowa" HEIGHT="38" HPOS="703" VPOS="1303" WIDTH="130" />
<SP HEIGHT="40" HPOS="834" VPOS="1302" WIDTH="30" />
<String CONTENT="City," HEIGHT="49" HPOS="865" VPOS="1301" WIDTH="124" />
<SP HEIGHT="46" HPOS="990" VPOS="1304" WIDTH="33" />
<String CONTENT="Ia.," CS="1" HEIGHT="37" HPOS="1052" VPOS="1313" WIDTH="55" />
<SP HEIGHT="38" HPOS="1108" VPOS="1312" WIDTH="31" />
<String CONTENT="and" HEIGHT="38" HPOS="1140" VPOS="1303" WIDTH="94" />
<SP HEIGHT="38" HPOS="1235" VPOS="1303" WIDTH="32" />
<String CONTENT="Isabelle" HEIGHT="39" HPOS="1268" VPOS="1302" WIDTH="209" />
<SP HEIGHT="40" HPOS="1478" VPOS="1302" WIDTH="26" />
<String CONTENT="C." HEIGHT="40" HPOS="1505" VPOS="1302" WIDTH="49" />
<SP HEIGHT="40" HPOS="1555" VPOS="1302" WIDTH="30" />
<String CONTENT="Redfield," HEIGHT="48" HPOS="1586" VPOS="1301" WIDTH="232" />
<SP HEIGHT="47" HPOS="1819" VPOS="1302" WIDTH="31" />
<String CONTENT="Chicago." HEIGHT="48" HPOS="1851" VPOS="1301" WIDTH="224" />
</TextLine>
<TextLine HEIGHT="48" HPOS="433" VPOS="1357" WIDTH="282">
<String CONTENT="(36-10595)" HEIGHT="48" HPOS="433" VPOS="1357" WIDTH="282" />
</TextLine>
<TextLine HEIGHT="63" HPOS="354" STYLEREFS="StyleId-555DDEF3-D8E5-4392-A3C3-ACCE22B665D7-" VPOS="1462" WIDTH="1179">
<String CONTENT="Cooper," HEIGHT="63" HPOS="354" VPOS="1462" WIDTH="241" />
<SP HEIGHT="62" HPOS="596" VPOS="1462" WIDTH="23" />
<String CONTENT="James" HEIGHT="54" HPOS="620" VPOS="1462" WIDTH="204" />
<SP HEIGHT="54" HPOS="825" VPOS="1462" WIDTH="23" />
<String CONTENT="Fenimore," HEIGHT="62" HPOS="849" VPOS="1462" WIDTH="329" />
<SP HEIGHT="56" HPOS="1179" VPOS="1468" WIDTH="26" />
<String CONTENT="1789-1851." HEIGHT="55" HPOS="1206" VPOS="1463" WIDTH="327" />
</TextLine>
<TextLine CS="1" HEIGHT="71" HPOS="487" STYLEREFS="StyleId-E8BFD35B-5792-410C-9613-ECD36F3D5118-" VPOS="1536" WIDTH="1878">
<String CONTENT="&#8230;" CS="1" />
<SP HEIGHT="52" HPOS="487" VPOS="1539" WIDTH="25" />
<String CONTENT="Representative" HEIGHT="68" HPOS="513" VPOS="1539" WIDTH="471" />
<SP HEIGHT="34" HPOS="985" VPOS="1557" WIDTH="22" />
<String CONTENT="selections," HEIGHT="65" HPOS="1008" VPOS="1538" WIDTH="313" />
<SP HEIGHT="45" HPOS="1322" VPOS="1558" WIDTH="22" />
<String CONTENT="with" HEIGHT="54" HPOS="1345" VPOS="1537" WIDTH="138" />
<SP HEIGHT="52" HPOS="1484" VPOS="1539" WIDTH="22" />
<String CONTENT="introduction," HEIGHT="68" HPOS="1507" VPOS="1537" WIDTH="409" />
<SP HEIGHT="68" HPOS="1917" VPOS="1537" WIDTH="21" />
<String CONTENT="bibliography," HEIGHT="70" HPOS="1939" VPOS="1536" WIDTH="426" />
</TextLine>
<TextLine CS="1" HEIGHT="72" HPOS="356" STYLEREFS="StyleId-E8BFD35B-5792-410C-9613-ECD36F3D5118-" VPOS="1615" WIDTH="2003">
<String CONTENT="and" HEIGHT="52" HPOS="356" VPOS="1617" WIDTH="112" />
<SP HEIGHT="52" HPOS="469" VPOS="1617" WIDTH="23" />
<String CONTENT="notes," HEIGHT="62" HPOS="493" VPOS="1622" WIDTH="177" />
<SP HEIGHT="66" HPOS="671" VPOS="1618" WIDTH="22" />
<String CONTENT="by" HEIGHT="69" HPOS="694" VPOS="1618" WIDTH="75" />
<SP HEIGHT="68" HPOS="770" VPOS="1619" WIDTH="21" />
<String CONTENT="Robert" HEIGHT="53" HPOS="792" VPOS="1618" WIDTH="219" />
<SP HEIGHT="51" HPOS="1012" VPOS="1619" WIDTH="18" />
<String CONTENT="E." HEIGHT="52" HPOS="1031" VPOS="1619" WIDTH="68" />
<SP HEIGHT="55" HPOS="1100" VPOS="1618" WIDTH="26" />
<String CONTENT="Spiller" HEIGHT="69" HPOS="1127" VPOS="1618" WIDTH="215" />
<SP HEIGHT="33" HPOS="1343" VPOS="1637" WIDTH="28" />
<String CONTENT="&#8230;" CS="1" />
<SP HEIGHT="52" HPOS="1428" VPOS="1618" WIDTH="62" />
<String CONTENT="New" HEIGHT="52" HPOS="1491" VPOS="1618" WIDTH="139" />
<SP HEIGHT="52" HPOS="1631" VPOS="1617" WIDTH="24" />
<String CONTENT="York," HEIGHT="67" HPOS="1656" VPOS="1617" WIDTH="180" />
<SP HEIGHT="67" HPOS="1837" VPOS="1617" WIDTH="22" />
<String CONTENT="Cincinnati" HEIGHT="56" HPOS="1860" VPOS="1615" WIDTH="328" />
<SP HEIGHT="66" HPOS="2189" VPOS="1618" WIDTH="32" />
<String CONTENT="[etc.]" CS="1" HEIGHT="61" HPOS="2241" VPOS="1621" WIDTH="118" />
</TextLine>
<TextLine HEIGHT="69" HPOS="357" STYLEREFS="StyleId-E8BFD35B-5792-410C-9613-ECD36F3D5118-" VPOS="1696" WIDTH="1019">
<String CONTENT="American" HEIGHT="54" HPOS="357" VPOS="1696" WIDTH="305" />
<SP HEIGHT="53" HPOS="663" VPOS="1696" WIDTH="28" />
<String CONTENT="book" HEIGHT="54" HPOS="692" VPOS="1696" WIDTH="148" />
<SP HEIGHT="53" HPOS="841" VPOS="1696" WIDTH="25" />
<String CONTENT="company" HEIGHT="50" HPOS="867" VPOS="1715" WIDTH="280" />
<SP HEIGHT="49" HPOS="1148" VPOS="1716" WIDTH="33" />
<String CONTENT="[" HEIGHT="33" HPOS="1182" STYLE="subscript" VPOS="1731" WIDTH="13" />
<String CONTENT="c" HEIGHT="21" HPOS="1200" STYLE="superscript" VPOS="1704" WIDTH="18" />
<String CONTENT="1936" HEIGHT="49" HPOS="1222" VPOS="1700" WIDTH="136" />
<String CONTENT="]" HEIGHT="34" HPOS="1363" STYLE="subscript" VPOS="1730" WIDTH="13" />
</TextLine>
<TextLine CS="1" HEIGHT="52" HPOS="427" VPOS="1782" WIDTH="1929">
<String CONTENT="cii," HEIGHT="48" HPOS="427" VPOS="1784" WIDTH="76" />
<SP HEIGHT="48" HPOS="504" VPOS="1784" WIDTH="22" />
<String CONTENT="350" HEIGHT="42" HPOS="527" VPOS="1784" WIDTH="87" />
<SP HEIGHT="49" HPOS="615" VPOS="1784" WIDTH="20" />
<String CONTENT="p." HEIGHT="37" HPOS="636" VPOS="1796" WIDTH="45" />
<SP HEIGHT="41" HPOS="682" VPOS="1784" WIDTH="50" />
<String CONTENT="front," HEIGHT="41" HPOS="733" VPOS="1784" WIDTH="150" />
<SP HEIGHT="47" HPOS="884" VPOS="1784" WIDTH="28" />
<String CONTENT="(port.)" HEIGHT="50" HPOS="913" VPOS="1784" WIDTH="172" />
<SP HEIGHT="47" HPOS="1086" VPOS="1785" WIDTH="61" />
<String CONTENT="18&#189;" CS="1" HEIGHT="41" HPOS="1148" VPOS="1784" WIDTH="55" />
<String CONTENT="cm" HEIGHT="21" HPOS="1236" STYLE="superscript" VPOS="1786" WIDTH="44" />
<String CONTENT="." HEIGHT="9" HPOS="1284" VPOS="1815" WIDTH="9" />
<SP HEIGHT="48" HPOS="1294" VPOS="1784" WIDTH="63" />
<String CONTENT="(Half-title:" HEIGHT="50" HPOS="1358" VPOS="1782" WIDTH="300" />
<SP HEIGHT="40" HPOS="1659" VPOS="1784" WIDTH="22" />
<String CONTENT="American" HEIGHT="42" HPOS="1682" VPOS="1783" WIDTH="256" />
<SP HEIGHT="28" HPOS="1939" VPOS="1794" WIDTH="24" />
<String CONTENT="writers" HEIGHT="42" HPOS="1964" VPOS="1782" WIDTH="194" />
<SP HEIGHT="29" HPOS="2159" VPOS="1794" WIDTH="21" />
<String CONTENT="series)" HEIGHT="48" HPOS="2181" VPOS="1784" WIDTH="175" />
</TextLine>
<TextLine HEIGHT="50" HPOS="430" VPOS="1856" WIDTH="1061">
<String CONTENT="&#8220;Selected" HEIGHT="43" HPOS="430" VPOS="1856" WIDTH="249" />
<SP HEIGHT="40" HPOS="680" VPOS="1857" WIDTH="28" />
<String CONTENT="bibliography&#8221;:" HEIGHT="50" HPOS="709" VPOS="1856" WIDTH="395" />
<SP HEIGHT="38" HPOS="1105" VPOS="1868" WIDTH="30" />
<String CONTENT="p." HEIGHT="37" HPOS="1136" VPOS="1869" WIDTH="43" />
<SP HEIGHT="39" HPOS="1180" VPOS="1859" WIDTH="26" />
<String CONTENT="lxxxix-cii." HEIGHT="41" HPOS="1207" VPOS="1856" WIDTH="284" />
</TextLine>
<TextLine HEIGHT="53" HPOS="357" VPOS="1931" WIDTH="1788">
<String CONTENT="&#169;" HEIGHT="53" HPOS="357" VPOS="1931" WIDTH="53" />
<SP HEIGHT="53" HPOS="411" VPOS="1931" WIDTH="28" />
<String CONTENT="May" HEIGHT="47" HPOS="440" VPOS="1936" WIDTH="114" />
<SP HEIGHT="48" HPOS="555" VPOS="1935" WIDTH="27" />
<String CONTENT="13," HEIGHT="47" HPOS="583" VPOS="1935" WIDTH="70" />
<SP HEIGHT="46" HPOS="654" VPOS="1936" WIDTH="30" />
<String CONTENT="1936;" HEIGHT="47" HPOS="685" VPOS="1935" WIDTH="140" />
<SP HEIGHT="47" HPOS="826" VPOS="1935" WIDTH="30" />
<String CONTENT="2c." HEIGHT="40" HPOS="857" VPOS="1935" WIDTH="68" />
<SP HEIGHT="29" HPOS="926" VPOS="1946" WIDTH="30" />
<String CONTENT="and" HEIGHT="39" HPOS="957" VPOS="1936" WIDTH="96" />
<SP HEIGHT="39" HPOS="1054" VPOS="1936" WIDTH="28" />
<String CONTENT="aff." HEIGHT="40" HPOS="1083" VPOS="1935" WIDTH="81" />
<SP HEIGHT="38" HPOS="1165" VPOS="1936" WIDTH="30" />
<String CONTENT="May" HEIGHT="47" HPOS="1196" VPOS="1936" WIDTH="114" />
<SP HEIGHT="48" HPOS="1311" VPOS="1935" WIDTH="29" />
<String CONTENT="18;" HEIGHT="46" HPOS="1341" VPOS="1935" WIDTH="82" />
<SP HEIGHT="46" HPOS="1424" VPOS="1935" WIDTH="31" />
<String CONTENT="A" HEIGHT="38" HPOS="1456" VPOS="1935" WIDTH="40" />
<SP HEIGHT="40" HPOS="1497" VPOS="1934" WIDTH="28" />
<String CONTENT="95259;" HEIGHT="47" HPOS="1526" VPOS="1934" WIDTH="171" />
<SP HEIGHT="47" HPOS="1698" VPOS="1934" WIDTH="32" />
<String CONTENT="Amer." HEIGHT="40" HPOS="1731" VPOS="1934" WIDTH="160" />
<SP HEIGHT="40" HPOS="1892" VPOS="1934" WIDTH="30" />
<String CONTENT="book" HEIGHT="40" HPOS="1923" VPOS="1934" WIDTH="125" />
<SP HEIGHT="40" HPOS="2049" VPOS="1934" WIDTH="27" />
<String CONTENT="co." HEIGHT="30" HPOS="2077" VPOS="1944" WIDTH="68" />
</TextLine>
<TextLine HEIGHT="47" HPOS="437" VPOS="1992" WIDTH="283">
<String CONTENT="(36-10603)" HEIGHT="47" HPOS="437" VPOS="1992" WIDTH="283" />
</TextLine>
<TextLine HEIGHT="65" HPOS="358" STYLEREFS="StyleId-555DDEF3-D8E5-4392-A3C3-ACCE22B665D7-" VPOS="2096" WIDTH="712">
<String CONTENT="Cottier," HEIGHT="64" HPOS="358" VPOS="2096" WIDTH="244" />
<SP HEIGHT="63" HPOS="603" VPOS="2097" WIDTH="24" />
<String CONTENT="Joseph," HEIGHT="64" HPOS="628" VPOS="2097" WIDTH="242" />
<SP HEIGHT="55" HPOS="871" VPOS="2104" WIDTH="28" />
<String CONTENT="1899-" HEIGHT="50" HPOS="900" VPOS="2102" WIDTH="170" />
</TextLine>
<TextLine HEIGHT="71" HPOS="430" STYLEREFS="StyleId-E8BFD35B-5792-410C-9613-ECD36F3D5118-" VPOS="2171" WIDTH="1936">
<String CONTENT="Map" HEIGHT="68" HPOS="430" VPOS="2174" WIDTH="141" />
<SP HEIGHT="50" HPOS="572" VPOS="2192" WIDTH="49" />
<String CONTENT="makers," HEIGHT="68" HPOS="622" VPOS="2173" WIDTH="242" />
<SP HEIGHT="67" HPOS="865" VPOS="2174" WIDTH="48" />
<String CONTENT="by" HEIGHT="68" HPOS="914" VPOS="2174" WIDTH="76" />
<SP HEIGHT="67" HPOS="991" VPOS="2175" WIDTH="47" />
<String CONTENT="Joseph" HEIGHT="67" HPOS="1039" VPOS="2175" WIDTH="219" />
<SP HEIGHT="54" HPOS="1259" VPOS="2173" WIDTH="50" />
<String CONTENT="Cottier" HEIGHT="54" HPOS="1310" VPOS="2173" WIDTH="220" />
<SP HEIGHT="35" HPOS="1531" VPOS="2192" WIDTH="48" />
<String CONTENT="and" HEIGHT="53" HPOS="1580" VPOS="2173" WIDTH="112" />
<SP HEIGHT="53" HPOS="1693" VPOS="2173" WIDTH="49" />
<String CONTENT="Haym" HEIGHT="67" HPOS="1743" VPOS="2174" WIDTH="196" />
<SP HEIGHT="54" HPOS="1940" VPOS="2172" WIDTH="50" />
<String CONTENT="Jaffe;" HEIGHT="66" HPOS="1991" VPOS="2172" WIDTH="181" />
<SP HEIGHT="47" HPOS="2173" VPOS="2191" WIDTH="54" />
<String CONTENT="with" HEIGHT="52" HPOS="2228" VPOS="2171" WIDTH="138" />
</TextLine>
<TextLine HEIGHT="71" HPOS="363" STYLEREFS="StyleId-E8BFD35B-5792-410C-9613-ECD36F3D5118-" VPOS="2251" WIDTH="2002">
<String CONTENT="illustrations" HEIGHT="58" HPOS="363" VPOS="2251" WIDTH="379" />
<SP HEIGHT="55" HPOS="743" VPOS="2252" WIDTH="45" />
<String CONTENT="by" HEIGHT="70" HPOS="789" VPOS="2252" WIDTH="76" />
<SP HEIGHT="68" HPOS="866" VPOS="2254" WIDTH="47" />
<String CONTENT="Frank" HEIGHT="54" HPOS="914" VPOS="2252" WIDTH="198" />
<SP HEIGHT="54" HPOS="1113" VPOS="2252" WIDTH="44" />
<String CONTENT="Butler." HEIGHT="54" HPOS="1158" VPOS="2253" WIDTH="220" />
<SP HEIGHT="54" HPOS="1379" VPOS="2253" WIDTH="74" />
<String CONTENT="Boston," HEIGHT="67" HPOS="1454" VPOS="2253" WIDTH="234" />
<SP HEIGHT="67" HPOS="1689" VPOS="2253" WIDTH="45" />
<String CONTENT="Little," HEIGHT="68" HPOS="1735" VPOS="2251" WIDTH="196" />
<SP HEIGHT="66" HPOS="1932" VPOS="2253" WIDTH="46" />
<String CONTENT="Brown," HEIGHT="60" HPOS="1979" VPOS="2253" WIDTH="229" />
<SP HEIGHT="43" HPOS="2209" VPOS="2270" WIDTH="46" />
<String CONTENT="and" HEIGHT="53" HPOS="2256" VPOS="2251" WIDTH="109" />
</TextLine>
<TextLine HEIGHT="65" HPOS="358" STYLEREFS="StyleId-E8BFD35B-5792-410C-9613-ECD36F3D5118-" VPOS="2337" WIDTH="483">
<String CONTENT="company," HEIGHT="51" HPOS="358" VPOS="2351" WIDTH="298" />
<SP HEIGHT="61" HPOS="657" VPOS="2340" WIDTH="33" />
<String CONTENT="1936." HEIGHT="51" HPOS="691" VPOS="2337" WIDTH="150" />
</TextLine>
<TextLine CS="1" HEIGHT="50" HPOS="434" VPOS="2418" WIDTH="878">
<String CONTENT="viii," HEIGHT="48" HPOS="434" VPOS="2420" WIDTH="100" />
<SP HEIGHT="48" HPOS="535" VPOS="2420" WIDTH="26" />
<String CONTENT="310" HEIGHT="41" HPOS="562" VPOS="2419" WIDTH="88" />
<SP HEIGHT="49" HPOS="651" VPOS="2419" WIDTH="27" />
<String CONTENT="p." HEIGHT="38" HPOS="679" VPOS="2430" WIDTH="43" />
<SP HEIGHT="40" HPOS="723" VPOS="2419" WIDTH="58" />
<String CONTENT="front.," HEIGHT="44" HPOS="782" VPOS="2419" WIDTH="164" />
<SP HEIGHT="44" HPOS="947" VPOS="2419" WIDTH="29" />
<String CONTENT="illus." HEIGHT="42" HPOS="977" VPOS="2419" WIDTH="129" />
<SP HEIGHT="43" HPOS="1107" VPOS="2418" WIDTH="57" />
<String CONTENT="21&#189;" CS="1" HEIGHT="40" HPOS="1165" VPOS="2418" WIDTH="54" />
<String CONTENT="cm" HEIGHT="22" HPOS="1254" STYLE="superscript" VPOS="2420" WIDTH="43" />
<String CONTENT="." HEIGHT="9" HPOS="1304" VPOS="2451" WIDTH="8" />
</TextLine>
<TextLine HEIGHT="53" HPOS="362" VPOS="2495" WIDTH="2010">
<String CONTENT="&#169;" HEIGHT="53" HPOS="362" VPOS="2495" WIDTH="53" />
<SP HEIGHT="53" HPOS="416" VPOS="2495" WIDTH="31" />
<String CONTENT="Apr." HEIGHT="47" HPOS="448" VPOS="2500" WIDTH="113" />
<SP HEIGHT="42" HPOS="562" VPOS="2498" WIDTH="32" />
<String CONTENT="22." HEIGHT="41" HPOS="595" VPOS="2498" WIDTH="70" />
<SP HEIGHT="40" HPOS="666" VPOS="2499" WIDTH="31" />
<String CONTENT="1936;" HEIGHT="45" HPOS="698" VPOS="2498" WIDTH="141" />
<SP HEIGHT="46" HPOS="840" VPOS="2497" WIDTH="33" />
<String CONTENT="2c." HEIGHT="41" HPOS="874" VPOS="2497" WIDTH="68" />
<SP HEIGHT="29" HPOS="943" VPOS="2509" WIDTH="33" />
<String CONTENT="and" HEIGHT="38" HPOS="977" VPOS="2499" WIDTH="97" />
<SP HEIGHT="38" HPOS="1075" VPOS="2499" WIDTH="32" />
<String CONTENT="aff." HEIGHT="40" HPOS="1108" VPOS="2497" WIDTH="81" />
<SP HEIGHT="40" HPOS="1190" VPOS="2497" WIDTH="33" />
<String CONTENT="Apr." HEIGHT="48" HPOS="1224" VPOS="2497" WIDTH="114" />
<SP HEIGHT="39" HPOS="1339" VPOS="2497" WIDTH="33" />
<String CONTENT="23;" HEIGHT="46" HPOS="1373" VPOS="2497" WIDTH="83" />
<SP HEIGHT="46" HPOS="1457" VPOS="2497" WIDTH="36" />
<String CONTENT="A" HEIGHT="38" HPOS="1494" VPOS="2497" WIDTH="39" />
<SP HEIGHT="39" HPOS="1534" VPOS="2496" WIDTH="33" />
<String CONTENT="93774;" HEIGHT="47" HPOS="1568" VPOS="2496" WIDTH="170" />
<SP HEIGHT="46" HPOS="1739" VPOS="2497" WIDTH="37" />
<String CONTENT="J." HEIGHT="39" HPOS="1777" VPOS="2497" WIDTH="44" />
<SP HEIGHT="40" HPOS="1822" VPOS="2496" WIDTH="34" />
<String CONTENT="Cottier" HEIGHT="40" HPOS="1857" VPOS="2496" WIDTH="190" />
<SP HEIGHT="28" HPOS="2048" VPOS="2506" WIDTH="29" />
<String CONTENT="and" HEIGHT="39" HPOS="2078" VPOS="2496" WIDTH="95" />
<SP HEIGHT="40" HPOS="2174" VPOS="2495" WIDTH="35" />
<String CONTENT="Haym" HEIGHT="47" HPOS="2210" VPOS="2495" WIDTH="162" />
</TextLine>
<TextLine HEIGHT="49" HPOS="433" VPOS="2554" WIDTH="883">
<String CONTENT="Jaffe," HEIGHT="47" HPOS="433" VPOS="2556" WIDTH="143" />
<SP HEIGHT="46" HPOS="577" VPOS="2557" WIDTH="31" />
<String CONTENT="Philadelphia." HEIGHT="49" HPOS="609" VPOS="2554" WIDTH="356" />
<SP HEIGHT="47" HPOS="966" VPOS="2554" WIDTH="69" />
<String CONTENT="(36-10633)" HEIGHT="48" HPOS="1036" VPOS="2554" WIDTH="280" />
</TextLine>
<TextLine HEIGHT="66" HPOS="363" STYLEREFS="StyleId-555DDEF3-D8E5-4392-A3C3-ACCE22B665D7-" VPOS="2658" WIDTH="1057">
<String CONTENT="Cowardin," HEIGHT="66" HPOS="363" VPOS="2658" WIDTH="328" />
<SP HEIGHT="64" HPOS="692" VPOS="2660" WIDTH="25" />
<String CONTENT="Samuel" HEIGHT="55" HPOS="718" VPOS="2659" WIDTH="237" />
<SP HEIGHT="52" HPOS="956" VPOS="2659" WIDTH="23" />
<String CONTENT="Pendleton," HEIGHT="63" HPOS="980" VPOS="2658" WIDTH="343" />
<SP HEIGHT="64" HPOS="1324" VPOS="2658" WIDTH="23" />
<String CONTENT="jr." HEIGHT="64" HPOS="1348" VPOS="2658" WIDTH="72" />
</TextLine>
<TextLine CS="1" HEIGHT="153" HPOS="365" STYLEREFS="StyleId-E8BFD35B-5792-410C-9613-ECD36F3D5118-" VPOS="2730" WIDTH="1982">
<String CONTENT="The" HEIGHT="52" HPOS="433" VPOS="2737" WIDTH="121" />
<SP HEIGHT="34" HPOS="555" VPOS="2755" WIDTH="26" />
<String CONTENT="study" HEIGHT="69" HPOS="582" VPOS="2736" WIDTH="174" />
<SP HEIGHT="50" HPOS="757" VPOS="2755" WIDTH="28" />
<String CONTENT="of" HEIGHT="55" HPOS="786" VPOS="2734" WIDTH="64" />
<SP HEIGHT="53" HPOS="851" VPOS="2734" WIDTH="24" />
<String CONTENT="English" HEIGHT="69" HPOS="876" VPOS="2734" WIDTH="249" />
<SP HEIGHT="53" HPOS="1126" VPOS="2734" WIDTH="27" />
<String CONTENT="literature," HEIGHT="66" HPOS="1154" VPOS="2734" WIDTH="314" />
<SP HEIGHT="67" HPOS="1469" VPOS="2733" WIDTH="27" />
<String CONTENT="by" HEIGHT="67" HPOS="1497" VPOS="2733" WIDTH="73" />
<SP HEIGHT="68" HPOS="1571" VPOS="2732" WIDTH="29" />
<String CONTENT="Samuel" HEIGHT="55" HPOS="1601" VPOS="2732" WIDTH="229" />
<SP HEIGHT="53" HPOS="1831" VPOS="2732" WIDTH="29" />
<String CONTENT="Pendleton" HEIGHT="53" HPOS="1861" VPOS="2731" WIDTH="318" />
<SP HEIGHT="56" HPOS="2180" VPOS="2730" WIDTH="30" />
<String CONTENT="Cowardin," HEIGHT="152" HPOS="365" VPOS="2730" WIDTH="1982" />
<SP HEIGHT="69" HPOS="551" VPOS="2814" WIDTH="35" />
<String CONTENT="jr." HEIGHT="69" HPOS="587" VPOS="2814" WIDTH="72" />
<SP HEIGHT="10" HPOS="660" VPOS="2856" WIDTH="43" />
<String CONTENT="&#8230;" CS="1" />
</TextLine>
<TextLine CS="1" HEIGHT="67" HPOS="805" STYLEREFS="StyleId-E8BFD35B-5792-410C-9613-ECD36F3D5118-" VPOS="2809" WIDTH="1568">
<String CONTENT="and" HEIGHT="53" HPOS="805" VPOS="2814" WIDTH="113" />
<SP HEIGHT="52" HPOS="919" VPOS="2814" WIDTH="36" />
<String CONTENT="Paul" HEIGHT="52" HPOS="956" VPOS="2814" WIDTH="146" />
<SP HEIGHT="52" HPOS="1103" VPOS="2813" WIDTH="38" />
<String CONTENT="Elmer" HEIGHT="53" HPOS="1142" VPOS="2813" WIDTH="197" />
<SP HEIGHT="54" HPOS="1340" VPOS="2812" WIDTH="35" />
<String CONTENT="More" HEIGHT="53" HPOS="1376" VPOS="2812" WIDTH="164" />
<SP HEIGHT="35" HPOS="1541" VPOS="2829" WIDTH="39" />
<String CONTENT="&#8230;" CS="1" />
<SP HEIGHT="53" HPOS="1638" VPOS="2811" WIDTH="75" />
<String CONTENT="New" HEIGHT="52" HPOS="1714" VPOS="2811" WIDTH="139" />
<SP HEIGHT="52" HPOS="1854" VPOS="2810" WIDTH="38" />
<String CONTENT="York," HEIGHT="66" HPOS="1893" VPOS="2810" WIDTH="181" />
<SP HEIGHT="66" HPOS="2075" VPOS="2810" WIDTH="37" />
<String CONTENT="H." HEIGHT="51" HPOS="2113" VPOS="2810" WIDTH="75" />
<SP HEIGHT="52" HPOS="2189" VPOS="2809" WIDTH="37" />
<String CONTENT="Holt" HEIGHT="53" HPOS="2227" VPOS="2809" WIDTH="146" />
</TextLine>
<TextLine CS="1" HEIGHT="68" HPOS="365" STYLEREFS="StyleId-E8BFD35B-5792-410C-9613-ECD36F3D5118-" VPOS="2894" WIDTH="660">
<String CONTENT="and" HEIGHT="53" HPOS="365" VPOS="2894" WIDTH="112" />
<SP HEIGHT="53" HPOS="478" VPOS="2894" WIDTH="32" />
<String CONTENT="company" HEIGHT="52" HPOS="511" VPOS="2910" WIDTH="282" />
<SP HEIGHT="49" HPOS="794" VPOS="2912" WIDTH="35" />
<String CONTENT="[" CS="1" />
<String CONTENT="c" HEIGHT="22" HPOS="847" STYLE="superscript" VPOS="2899" WIDTH="20" />
<String CONTENT="1936]" HEIGHT="64" HPOS="871" VPOS="2895" WIDTH="154" />
</TextLine>
<TextLine CS="1" HEIGHT="52" HPOS="434" VPOS="2966" WIDTH="551">
<String CONTENT="5" HEIGHT="41" HPOS="434" VPOS="2969" WIDTH="27" />
<SP />
<String CONTENT="p." HEIGHT="38" HPOS="486" VPOS="2980" WIDTH="45" />
<SP />
<String CONTENT="l.," CS="1" HEIGHT="17" HPOS="593" VPOS="2999" WIDTH="8" />
<SP HEIGHT="48" HPOS="602" VPOS="2968" WIDTH="24" />
<String CONTENT="405" HEIGHT="40" HPOS="627" VPOS="2967" WIDTH="87" />
<SP HEIGHT="48" HPOS="715" VPOS="2968" WIDTH="24" />
<String CONTENT="p." HEIGHT="38" HPOS="740" VPOS="2978" WIDTH="44" />
<SP HEIGHT="41" HPOS="785" VPOS="2966" WIDTH="52" />
<String CONTENT="20&#189;" CS="1" HEIGHT="41" HPOS="838" VPOS="2966" WIDTH="57" />
<String CONTENT="cm" HEIGHT="21" HPOS="928" STYLE="superscript" VPOS="2969" WIDTH="43" />
<String CONTENT="." HEIGHT="8" HPOS="976" VPOS="2999" WIDTH="9" />
</TextLine>
<TextLine HEIGHT="42" HPOS="435" VPOS="3037" WIDTH="765">
<String CONTENT="Includes" HEIGHT="42" HPOS="435" VPOS="3037" WIDTH="229" />
<SP HEIGHT="30" HPOS="665" VPOS="3049" WIDTH="26" />
<String CONTENT="music" HEIGHT="41" HPOS="692" VPOS="3038" WIDTH="155" />
<SP HEIGHT="31" HPOS="848" VPOS="3048" WIDTH="29" />
<String CONTENT="with" HEIGHT="41" HPOS="878" VPOS="3037" WIDTH="118" />
<SP HEIGHT="39" HPOS="997" VPOS="3038" WIDTH="29" />
<String CONTENT="words." HEIGHT="41" HPOS="1027" VPOS="3038" WIDTH="173" />
</TextLine>
<TextLine CS="1" HEIGHT="55" HPOS="367" VPOS="3112" WIDTH="2007">
<String CONTENT="&#169;" HEIGHT="54" HPOS="367" VPOS="3113" WIDTH="53" />
<SP HEIGHT="54" HPOS="421" VPOS="3113" WIDTH="31" />
<String CONTENT="May" HEIGHT="46" HPOS="453" VPOS="3119" WIDTH="113" />
<SP HEIGHT="48" HPOS="567" VPOS="3117" WIDTH="32" />
<String CONTENT="6," HEIGHT="47" HPOS="600" VPOS="3117" WIDTH="40" />
<SP HEIGHT="46" HPOS="641" VPOS="3118" WIDTH="32" />
<String CONTENT="1936;" HEIGHT="46" HPOS="674" VPOS="3116" WIDTH="141" />
<SP HEIGHT="45" HPOS="816" VPOS="3117" WIDTH="33" />
<String CONTENT="2c." HEIGHT="40" HPOS="850" VPOS="3117" WIDTH="67" />
<SP HEIGHT="29" HPOS="918" VPOS="3127" WIDTH="33" />
<String CONTENT="and" HEIGHT="38" HPOS="952" VPOS="3118" WIDTH="94" />
<SP HEIGHT="38" HPOS="1047" VPOS="3118" WIDTH="32" />
<String CONTENT="aff." HEIGHT="39" HPOS="1080" VPOS="3116" WIDTH="81" />
<SP HEIGHT="38" HPOS="1162" VPOS="3117" WIDTH="34" />
<String CONTENT="May" CS="1" HEIGHT="38" HPOS="1197" VPOS="3117" WIDTH="78" />
<SP HEIGHT="39" HPOS="1311" VPOS="3116" WIDTH="32" />
<String CONTENT="16;" HEIGHT="45" HPOS="1344" VPOS="3116" WIDTH="81" />
<SP HEIGHT="45" HPOS="1426" VPOS="3116" WIDTH="33" />
<String CONTENT="A" HEIGHT="38" HPOS="1460" VPOS="3116" WIDTH="40" />
<SP HEIGHT="40" HPOS="1501" VPOS="3114" WIDTH="32" />
<String CONTENT="94464;" HEIGHT="47" HPOS="1534" VPOS="3114" WIDTH="171" />
<SP HEIGHT="46" HPOS="1706" VPOS="3115" WIDTH="36" />
<String CONTENT="Henry" HEIGHT="46" HPOS="1743" VPOS="3115" WIDTH="169" />
<SP HEIGHT="47" HPOS="1913" VPOS="3114" WIDTH="32" />
<String CONTENT="Holt" HEIGHT="40" HPOS="1946" VPOS="3113" WIDTH="118" />
<SP HEIGHT="40" HPOS="2065" VPOS="3113" WIDTH="33" />
<String CONTENT="&amp;" HEIGHT="39" HPOS="2099" VPOS="3113" WIDTH="34" />
<SP HEIGHT="39" HPOS="2134" VPOS="3113" WIDTH="32" />
<String CONTENT="co.," HEIGHT="32" HPOS="2167" VPOS="3122" WIDTH="82" />
<SP HEIGHT="42" HPOS="2250" VPOS="3112" WIDTH="31" />
<String CONTENT="inc." HEIGHT="39" HPOS="2282" VPOS="3112" WIDTH="92" />
</TextLine>
<TextLine HEIGHT="50" HPOS="450" VPOS="3173" WIDTH="283">
<String CONTENT="(36-10598)" HEIGHT="50" HPOS="450" VPOS="3173" WIDTH="283" />
</TextLine>
<TextLine HEIGHT="69" HPOS="368" STYLEREFS="StyleId-555DDEF3-D8E5-4392-A3C3-ACCE22B665D7-" VPOS="3274" WIDTH="1484">
<String CONTENT="Coxon," HEIGHT="64" HPOS="368" VPOS="3279" WIDTH="215" />
<SP HEIGHT="63" HPOS="584" VPOS="3280" WIDTH="38" />
<String CONTENT="Muriel" HEIGHT="53" HPOS="623" VPOS="3279" WIDTH="213" />
<SP HEIGHT="64" HPOS="837" VPOS="3279" WIDTH="31" />
<String CONTENT="(Hine)" HEIGHT="67" HPOS="869" VPOS="3276" WIDTH="212" />
<SP HEIGHT="64" HPOS="1082" VPOS="3277" WIDTH="45" />
<String CONTENT="&#8220;Mrs." HEIGHT="52" HPOS="1128" VPOS="3278" WIDTH="172" />
<SP HEIGHT="54" HPOS="1301" VPOS="3277" WIDTH="37" />
<String CONTENT="Sidney" HEIGHT="64" HPOS="1339" VPOS="3275" WIDTH="221" />
<SP HEIGHT="63" HPOS="1561" VPOS="3276" WIDTH="36" />
<String CONTENT="Coxon.&#8221;" HEIGHT="55" HPOS="1598" VPOS="3274" WIDTH="254" />
</TextLine>
<TextLine CS="1" HEIGHT="152" HPOS="367" STYLEREFS="StyleId-E8BFD35B-5792-410C-9613-ECD36F3D5118-" VPOS="3350" WIDTH="2006">
<String CONTENT="A" HEIGHT="52" HPOS="438" VPOS="3356" WIDTH="54" />
<SP HEIGHT="53" HPOS="493" VPOS="3355" WIDTH="35" />
<String CONTENT="different" HEIGHT="54" HPOS="529" VPOS="3355" WIDTH="270" />
<SP HEIGHT="46" HPOS="800" VPOS="3361" WIDTH="33" />
<String CONTENT="woman," HEIGHT="50" HPOS="834" VPOS="3372" WIDTH="238" />
<SP HEIGHT="68" HPOS="1073" VPOS="3354" WIDTH="36" />
<String CONTENT="by" HEIGHT="67" HPOS="1110" VPOS="3354" WIDTH="74" />
<SP HEIGHT="66" HPOS="1185" VPOS="3355" WIDTH="34" />
<String CONTENT="Muriel" HEIGHT="53" HPOS="1220" VPOS="3353" WIDTH="211" />
<SP HEIGHT="52" HPOS="1432" VPOS="3354" WIDTH="36" />
<String CONTENT="Hine." HEIGHT="54" HPOS="1469" VPOS="3352" WIDTH="171" />
<SP HEIGHT="53" HPOS="1641" VPOS="3352" WIDTH="74" />
<String CONTENT="New" HEIGHT="52" HPOS="1716" VPOS="3352" WIDTH="138" />
<SP HEIGHT="51" HPOS="1855" VPOS="3352" WIDTH="40" />
<String CONTENT="York," HEIGHT="66" HPOS="1896" VPOS="3350" WIDTH="180" />
<SP HEIGHT="65" HPOS="2077" VPOS="3351" WIDTH="38" />
<String CONTENT="London," HEIGHT="65" HPOS="2116" VPOS="3350" WIDTH="257" />
<SP />
<String CONTENT="D." HEIGHT="53" HPOS="367" VPOS="3434" WIDTH="71" />
<SP />
<String CONTENT="Appleton-Century" HEIGHT="69" HPOS="479" VPOS="3433" WIDTH="581" />
<SP HEIGHT="48" HPOS="1061" VPOS="3452" WIDTH="39" />
<String CONTENT="company," HEIGHT="50" HPOS="1101" VPOS="3450" WIDTH="298" />
<SP HEIGHT="67" HPOS="1400" VPOS="3431" WIDTH="40" />
<String CONTENT="incorporated," HEIGHT="68" HPOS="1441" VPOS="3430" WIDTH="417" />
<SP HEIGHT="62" HPOS="1859" VPOS="3435" WIDTH="42" />
<String CONTENT="1936." HEIGHT="50" HPOS="1902" VPOS="3432" WIDTH="151" />
</TextLine>
<TextLine CS="1" HEIGHT="52" HPOS="440" VPOS="3517" WIDTH="617">
<String CONTENT="5" HEIGHT="41" HPOS="440" VPOS="3519" WIDTH="28" />
<SP HEIGHT="50" HPOS="469" VPOS="3519" WIDTH="22" />
<String CONTENT="p." HEIGHT="39" HPOS="492" VPOS="3530" WIDTH="43" />
<SP />
<String CONTENT="l.," CS="1" HEIGHT="18" HPOS="597" VPOS="3550" WIDTH="10" />
<SP HEIGHT="49" HPOS="608" VPOS="3519" WIDTH="24" />
<String CONTENT="3-360" HEIGHT="43" HPOS="633" VPOS="3517" WIDTH="148" />
<SP HEIGHT="50" HPOS="782" VPOS="3517" WIDTH="23" />
<String CONTENT="p." HEIGHT="39" HPOS="806" VPOS="3528" WIDTH="42" />
<SP HEIGHT="40" HPOS="849" VPOS="3518" WIDTH="60" />
<String CONTENT="19&#189;cm." CS="1" HEIGHT="43" HPOS="910" VPOS="3517" WIDTH="147" />
</TextLine>
<TextLine HEIGHT="56" HPOS="369" VPOS="3585" WIDTH="2008">
<String CONTENT="&#169;" HEIGHT="54" HPOS="369" VPOS="3587" WIDTH="54" />
<SP HEIGHT="54" HPOS="424" VPOS="3587" WIDTH="33" />
<String CONTENT="May" HEIGHT="39" HPOS="458" VPOS="3593" WIDTH="113" />
<SP HEIGHT="41" HPOS="572" VPOS="3591" WIDTH="32" />
<String CONTENT="22," HEIGHT="46" HPOS="605" VPOS="3591" WIDTH="69" />
<SP HEIGHT="46" HPOS="675" VPOS="3591" WIDTH="33" />
<String CONTENT="1936;" HEIGHT="46" HPOS="709" VPOS="3590" WIDTH="142" />
<SP HEIGHT="46" HPOS="852" VPOS="3590" WIDTH="37" />
<String CONTENT="2c." HEIGHT="40" HPOS="890" VPOS="3590" WIDTH="66" />
<SP HEIGHT="28" HPOS="957" VPOS="3601" WIDTH="37" />
<String CONTENT="and" HEIGHT="38" HPOS="995" VPOS="3591" WIDTH="94" />
<SP HEIGHT="38" HPOS="1090" VPOS="3591" WIDTH="37" />
<String CONTENT="aff." HEIGHT="42" HPOS="1128" VPOS="3589" WIDTH="82" />
<SP HEIGHT="40" HPOS="1211" VPOS="3591" WIDTH="36" />
<String CONTENT="May" HEIGHT="45" HPOS="1248" VPOS="3591" WIDTH="112" />
<SP HEIGHT="47" HPOS="1361" VPOS="3589" WIDTH="35" />
<String CONTENT="25:" HEIGHT="39" HPOS="1397" VPOS="3589" WIDTH="82" />
<SP HEIGHT="39" HPOS="1480" VPOS="3589" WIDTH="38" />
<String CONTENT="A" HEIGHT="38" HPOS="1519" VPOS="3589" WIDTH="39" />
<SP HEIGHT="41" HPOS="1559" VPOS="3586" WIDTH="33" />
<String CONTENT="95370;" HEIGHT="46" HPOS="1593" VPOS="3586" WIDTH="171" />
<SP HEIGHT="45" HPOS="1765" VPOS="3587" WIDTH="39" />
<String CONTENT="D." HEIGHT="38" HPOS="1805" VPOS="3587" WIDTH="55" />
<SP HEIGHT="39" HPOS="1861" VPOS="3586" WIDTH="37" />
<String CONTENT="Appleton-Century" HEIGHT="48" HPOS="1899" VPOS="3585" WIDTH="478" />
</TextLine>
<TextLine HEIGHT="51" HPOS="442" VPOS="3645" WIDTH="553">
<String CONTENT="co.," HEIGHT="36" HPOS="442" VPOS="3660" WIDTH="82" />
<SP HEIGHT="48" HPOS="525" VPOS="3648" WIDTH="28" />
<String CONTENT="inc." HEIGHT="40" HPOS="554" VPOS="3648" WIDTH="89" />
<SP HEIGHT="48" HPOS="644" VPOS="3647" WIDTH="70" />
<String CONTENT="(36-10529)" HEIGHT="50" HPOS="715" VPOS="3645" WIDTH="280" />
</TextLine>
<TextLine HEIGHT="66" HPOS="369" STYLEREFS="StyleId-555DDEF3-D8E5-4392-A3C3-ACCE22B665D7-" VPOS="3748" WIDTH="929">
<String CONTENT="Davis," HEIGHT="64" HPOS="369" VPOS="3750" WIDTH="201" />
<SP HEIGHT="63" HPOS="571" VPOS="3751" WIDTH="27" />
<String CONTENT="Raymond" HEIGHT="62" HPOS="599" VPOS="3751" WIDTH="309" />
<SP HEIGHT="53" HPOS="909" VPOS="3750" WIDTH="28" />
<String CONTENT="Earl," HEIGHT="64" HPOS="938" VPOS="3748" WIDTH="157" />
<SP HEIGHT="56" HPOS="1096" VPOS="3756" WIDTH="30" />
<String CONTENT="1885-" HEIGHT="50" HPOS="1127" VPOS="3754" WIDTH="171" />
</TextLine>
<TextLine HEIGHT="84" HPOS="441" STYLEREFS="StyleId-E8BFD35B-5792-410C-9613-ECD36F3D5118-" VPOS="3818" WIDTH="1935">
<String CONTENT="Elementary" HEIGHT="66" HPOS="441" VPOS="3828" WIDTH="370" />
<SP HEIGHT="48" HPOS="812" VPOS="3846" WIDTH="25" />
<String CONTENT="plane" HEIGHT="67" HPOS="838" VPOS="3827" WIDTH="169" />
<SP HEIGHT="34" HPOS="1008" VPOS="3844" WIDTH="27" />
<String CONTENT="surveying;" HEIGHT="77" HPOS="1036" VPOS="3825" WIDTH="334" />
<SP HEIGHT="59" HPOS="1371" VPOS="3832" WIDTH="31" />
<String CONTENT="text" HEIGHT="46" HPOS="1403" VPOS="3831" WIDTH="120" />
<SP HEIGHT="45" HPOS="1524" VPOS="3831" WIDTH="26" />
<String CONTENT="and" HEIGHT="52" HPOS="1551" VPOS="3824" WIDTH="113" />
<SP HEIGHT="52" HPOS="1665" VPOS="3824" WIDTH="26" />
<String CONTENT="manual," HEIGHT="57" HPOS="1692" VPOS="3823" WIDTH="249" />
<SP HEIGHT="58" HPOS="1942" VPOS="3822" WIDTH="26" />
<String CONTENT="by" HEIGHT="67" HPOS="1969" VPOS="3822" WIDTH="75" />
<SP HEIGHT="67" HPOS="2045" VPOS="3822" WIDTH="27" />
<String CONTENT="Raymond" HEIGHT="70" HPOS="2073" VPOS="3818" WIDTH="303" />
</TextLine>
<TextLine CS="1" HEIGHT="69" HPOS="370" STYLEREFS="StyleId-E8BFD35B-5792-410C-9613-ECD36F3D5118-" VPOS="3897" WIDTH="2005">
<String CONTENT="E." HEIGHT="54" HPOS="370" VPOS="3905" WIDTH="67" />
<SP HEIGHT="53" HPOS="438" VPOS="3906" WIDTH="38" />
<String CONTENT="Davis" HEIGHT="52" HPOS="477" VPOS="3906" WIDTH="183" />
<SP HEIGHT="33" HPOS="661" VPOS="3925" WIDTH="41" />
<String CONTENT="&#8230;" CS="1" />
<SP HEIGHT="47" HPOS="760" VPOS="3910" WIDTH="80" />
<String CONTENT="1st" HEIGHT="47" HPOS="841" VPOS="3910" WIDTH="84" />
<SP HEIGHT="47" HPOS="926" VPOS="3910" WIDTH="36" />
<String CONTENT="ed." HEIGHT="52" HPOS="963" VPOS="3905" WIDTH="84" />
<SP HEIGHT="51" HPOS="1048" VPOS="3906" WIDTH="72" />
<String CONTENT="New" HEIGHT="51" HPOS="1121" VPOS="3906" WIDTH="138" />
<SP HEIGHT="50" HPOS="1260" VPOS="3905" WIDTH="40" />
<String CONTENT="York" HEIGHT="52" HPOS="1301" VPOS="3903" WIDTH="161" />
<SP HEIGHT="51" HPOS="1463" VPOS="3903" WIDTH="38" />
<String CONTENT="and" HEIGHT="52" HPOS="1502" VPOS="3902" WIDTH="111" />
<SP HEIGHT="52" HPOS="1614" VPOS="3902" WIDTH="35" />
<String CONTENT="London," HEIGHT="64" HPOS="1650" VPOS="3902" WIDTH="259" />
<SP HEIGHT="65" HPOS="1910" VPOS="3901" WIDTH="35" />
<String CONTENT="McGraw-Hill" HEIGHT="57" HPOS="1946" VPOS="3897" WIDTH="429" />
</TextLine>
<TextLine HEIGHT="70" HPOS="370" STYLEREFS="StyleId-E8BFD35B-5792-410C-9613-ECD36F3D5118-" VPOS="3983" WIDTH="794">
<String CONTENT="Look" HEIGHT="52" HPOS="370" VPOS="3984" WIDTH="145" />
<SP HEIGHT="53" HPOS="516" VPOS="3984" WIDTH="22" />
<String CONTENT="company," HEIGHT="51" HPOS="539" VPOS="4002" WIDTH="299" />
<SP HEIGHT="65" HPOS="839" VPOS="3983" WIDTH="23" />
<String CONTENT="inc.," HEIGHT="66" HPOS="863" VPOS="3983" WIDTH="124" />
<SP HEIGHT="61" HPOS="988" VPOS="3988" WIDTH="26" />
<String CONTENT="1936." HEIGHT="49" HPOS="1015" VPOS="3987" WIDTH="149" />
</TextLine>
</TextBlock>
</PrintSpace>
</Page>
</Layout>
</alto>