2519 4377
1266 4173 133 54 1278

402 538 67 48 xi,
501 537 85 41 235
617 548 44 38 p.
722 537 130 41 illus.
912 537 57 41 20½
1001 540 45 22 cm
1050 569 10 9 .

405 595 142 48 Maps
578 605 61 29 on
670 593 367 49 lining-papers.

408 651 276 48 “Designed
716 651 258 49 primarily
1011 652 48 40 to
1092 651 169 41 follow
1294 652 83 41 the
1409 652 222 41 author’s
1665 652 227 51 previous
1923 654 120 49 text,
2079 653 271 49 Beginning

332 707 454 42 German.”—Pref.

333 764 54 54 ©
415 769 128 48 Sept.
569 769 69 48 15,
666 767 141 48 1936;
834 768 67 39 2c.
929 768 97 39 and
1052 768 82 41 aff.
1164 768 128 48 Sept.
1319 768 82 47 16;
1429 768 41 40 A
1495 768 172 47 97846;
1697 768 286 41 Macmillan
2009 778 67 32 co.

415 825 285 49 (36-19812)

330 928 1134 68 Scott, Sir Walter, b art., 1771-1832.
401 1009 287 67 Ivanhoe;
742 1009 75 67 by
872 1008 96 56 Sir
1017 1009 224 55 Walter
1293 1008 189 69 Scott;
1538 1007 279 70 abridged
1870 1010 112 52 and
2034 1008 193 55 edited
2278 1009 73 68 by

329 1087 1832 69 Lucile Waldo … & Hal Waldo. New York, Chicago,
330 1089 1999 143 Harcourt,
536 1166 183 54 Brace
746 1166 113 53 and
885 1183 299 50 company,
1212 1169 151 51 1936.

402 1238 86 49 xii,
517 1238 89 43 227
635 1248 45 39 p.
740 1238 56 40 21
800 1240 45 22 cm
849 1269 11 11 .

333 1292 54 54 ©
420 1297 130 48 Sept.
582 1296 40 48 1,
653 1295 144 48 1936;
830 1295 68 40 2c.
935 1297 129 47 Sept.
1097 1297 83 47 14;
1216 1295 82 42 aff.
1335 1296 130 49 Sept.
1497 1296 83 48 12;
1616 1297 41 40 A
1689 1295 172 49 97796;
1898 1296 265 49 Harcourt,
2198 1297 157 39 Brace

402 1355 36 40 &
467 1364 83 37 co.,
582 1353 91 40 inc.
745 1353 283 50 (36-19839)

328 1457 283 65 Selchow,
637 1457 302 65 Bogislav,
963 1458 255 67 freiherr
1241 1473 134 50 von,
1405 1459 172 55 1877-

405 1535 287 53 Deutsche
738 1534 180 69 köpfe
965 1533 80 54 im
1091 1534 261 54 Zeitalter
1400 1532 334 55 Friedrichs
1782 1534 97 54 des
1928 1533 266 69 Grossen,
2241 1553 110 34 von

332 1614 279 67 Bogislav
645 1633 112 34 von
793 1614 273 55 Selchow.
1142 1612 260 71 Leipzig,
1434 1614 76 53 K.
1546 1615 64 53 F.
1645 1613 254 54 Koehler
1937 1617 173 65 [1936]

401 1685 88 41 259
520 1696 44 37 p.
625 1685 57 39 22½
715 1688 45 21 cm
765 1718 8 9 .

402 1742 320 41 “Zeittafel”:
757 1754 43 37 p.
852 1742 237 50 [251]-259.

333 1798 2019 54 © Mar. 5, 1936; 1c. June 3; A -Foreign 32017; K. F. Koehler, g. m.
402 1860 42 41 b.
473 1861 46 40 h.
589 1860 284 48 (36-19808)

327 1963 322 67 Sollmann,
673 1964 215 54 Torald
915 1964 327 67 Hermann,
1270 1966 174 55 1874-

330 2041 1998 307 A manual of pharmacology and its applications to therapeutics and toxicology, by Torald Sollmann … 5th ed., entirely reset. Philadelphia and London, W. B. Saunders company, 1936.
397 2352 1037 51 1 p. l., 9-1190 p. illus., diagrs. 25 cm .
400 2411 380 48 Bibliography:
815 2421 43 38 p.
895 2410 279 43 1063-1167.

327 2464 56 53 ©
411 2468 128 48 Sept.
566 2469 39 48 3,
632 2468 143 47 1936;
802 2467 69 41 2c.
900 2468 129 47 Sept.
1057 2467 82 48 10;
1170 2466 82 41 aff.
1281 2467 127 47 Sept.
1438 2466 82 47 12;
1548 2467 42 39 A
1616 2465 173 49 98350;
1818 2467 73 41 W.
1919 2467 56 40 B.
2006 2466 248 41 Saunders
2281 2476 67 31 co.

411 2524 284 50 (36-19940)

325 2629 411 65 Southworth,
761 2628 156 54 Alva
937 2627 255 59 Tisdale.

401 2707 123 52 The
553 2725 260 34 common
839 2723 157 37 sense
1023 2705 65 53 of
1115 2706 96 53 the
1242 2703 395 57 Constitution
1666 2704 114 53 and
1807 2703 238 70 leading
2074 2704 275 69 Supreme

328 2782 2018 71 court decisions, by A. T. Southworth … Rev. ed. Boston,
326 2861 1323 70 New York [etc.] Allyn and Bacon [ c 1936]
398 2934 909 50 1 p. l., xiv p., 1 l., 148 p. 19½ cm .
401 2992 266 40 Published
696 2993 50 38 in
774 2991 116 41 1924
919 2992 156 40 under
1103 2992 137 41 title:
1272 2992 103 39 The
1403 3002 217 30 common
1651 3002 140 30 sense
1817 2992 56 41 of
1899 2993 85 40 the
2013 2992 331 42 Constitution

329 3047 51 40 of
411 3049 84 40 the
527 3049 181 40 United
740 3048 179 41 States.

329 3103 55 54 ©
419 3108 121 48 Aug.
577 3108 70 48 28,
685 3107 119 41 1936;
866 3107 68 41 2c.
974 3108 129 47 Sept.
1141 3108 25 39 5;
1236 3107 82 42 aff.
1360 3108 129 47 Sept.
1524 3108 54 47 4;
1619 3107 41 40 A
1697 3107 172 49 97678;
1909 3107 147 48 Allyn
2095 3109 39 40 &
2169 3108 177 39 Bacon.

409 3164 284 49 (36-19921)

325 3268 198 65 Steed,
547 3269 210 64 Henry
781 3268 330 65 Wickham,
1140 3271 172 54 1871-

401 3344 163 53 Vital
605 3363 199 50 peace;
849 3363 30 34 a
921 3345 173 68 study
1135 3345 64 53 of
1239 3344 167 69 risks,
1444 3345 77 68 by
1561 3345 205 68 Henry
1808 3344 306 55 Wickham
2158 3344 184 55 Steed.

329 3421 140 55 New
501 3422 181 68 York,
712 3423 121 52 The
863 3421 338 55 Macmillan
1230 3441 299 50 company,
1562 3425 149 51 1936.

398 3494 68 39 vii
497 3504 58 38 p.,
586 3494 24 39 1
664 3526 22 14 l.,
718 3494 85 40 346
832 3505 42 38 p.
935 3494 57 39 22
996 3497 44 21 cm
1046 3527 8 9 .

329 3550 53 53 ©
417 3556 127 47 Sept.
577 3555 70 48 15,
680 3555 142 47 1936;
856 3554 67 41 2c.
956 3554 97 40 and
1085 3554 80 40 aff.
1203 3555 128 47 Sept.
1364 3555 83 48 16;
1481 3555 41 40 A
1555 3554 172 49 97852;
1762 3554 285 41 Macmillan
2080 3565 68 30 co.

409 3611 284 49 (36-19936)

324 3701 202 66 Stöhr,
555 3701 255 66 Philipp,
844 3708 327 50 1849-1911.

399 3780 57 53 A
490 3781 297 53 text-book
823 3780 66 54 of
924 3781 308 68 histology,
1272 3781 283 68 arranged
1594 3799 156 50 upon
1790 3801 72 34 an
1902 3781 439 67 embryological

329 3858 2013 68 basis, by J. Lewis Bremer … 5th ed. of “Lewis and Stöhr”.
330 3937 157 54 Four
522 3938 266 54 hundred
826 3939 112 52 and
975 3937 271 69 fifty-five
1285 3938 398 68 illustrations,
1720 3936 302 70 thirty-six
2059 3938 64 53 of
2158 3938 180 52 which

330 4034 93 35 are
474 4017 56 51 in
582 4017 169 52 color.
845 4016 429 68 Philadelphia,
1324 4017 65 52 P.
1442 4016 349 57 Blakiston’s
1843 4035 98 35 son
1995 4019 46 51 &
2090 4035 96 49 co.,
2241 4017 99 52 inc.

332 4127 13 34 [
349 4101 19 22 c
374 4097 151 65 1936]
