2519 4377
1056 4067 132 51 1563

176 492 190 68 Mass.,
397 491 59 53 in
487 491 182 53 honor
702 490 63 53 of
798 490 87 53 his
918 489 232 54 sixtieth
1182 487 290 69 birthday,
1505 485 296 70 February
1839 484 82 70 17,
1957 486 151 51 1936.

182 570 351 66 [Baltimore,
559 567 241 54 Printed
826 573 61 48 at
912 568 94 52 the
1029 565 271 69 Waverly
1329 582 173 51 press,
1527 562 127 70 inc.,
1681 569 18 22 c
1704 563 152 65 1936]

179 651 78 38 xx,
285 641 114 41 1000
425 651 42 38 p.
525 641 135 40 front.
703 641 171 48 (port.)
910 640 142 47 illus.,
1079 639 179 48 diagrs.
1312 637 55 42 23½
1401 639 43 22 cm
1448 668 9 10 .

182 698 209 42 “Robert
418 699 52 40 T.
497 698 211 47 Monroe,
737 696 200 42 editor.”

184 749 346 47 “References”
557 756 51 39 at
635 755 90 39 end
754 753 52 40 of
830 756 124 38 most
981 752 53 41 of
1057 754 79 40 the
1164 753 238 47 chapters.

118 810 53 53 ©
200 814 127 47 Sept.
355 813 67 48 17,
451 811 139 47 1936;
619 810 69 41 2c.
719 812 128 47 Sept.
874 810 82 42 22;
986 811 82 40 aff.
1099 810 100 42 Oct.
1227 808 82 48 20;
1338 812 38 37 A
1405 808 170 42 98572:
1610 810 170 37 Robert
1816 810 53 39 T.
1901 810 210 42 Monroe,

190 871 194 39 Boston.
450 866 281 51 (36-25539)

118 970 356 66 Mississippi
511 973 201 66 digest,
749 975 131 49 1818
917 977 57 47 to
1008 972 158 64 date;
1205 970 267 66 covering
1506 968 345 68 Mississippi
1891 976 221 59 reports

188 1051 109 51 and
336 1049 281 56 Southern
654 1055 272 60 reporter,
961 1067 59 34 as
1055 1048 125 53 well
1217 1067 58 34 as
1310 1046 348 68 Mississippi
1694 1064 148 35 cases
1877 1045 234 55 decided

190 1128 55 51 in
283 1128 92 52 the
411 1127 218 53 federal
668 1126 240 54 District
948 1127 111 52 and
1097 1124 221 58 Circuit
1352 1131 204 49 courts.
1596 1124 218 55 Circuit
1852 1131 162 46 court
2050 1123 63 53 of

190 1201 1921 71 appeals and Supreme court of the United States … with
188 1288 223 47 current
460 1281 343 53 cumulative
851 1281 200 67 pocket
1099 1282 209 51 service.
1407 1281 223 53 volume
1676 1284 45 49 9.

189 1281 1926 146 Insurance-Kidnapping.
666 1358 81 56 St.
782 1359 163 67 Paul,
976 1361 157 53 West
1169 1358 332 67 publishing
1533 1377 77 34 co.
1648 1392 12 34 [
1666 1364 18 21 c
1690 1361 151 63 1936]

192 1432 98 48 viii,
319 1432 84 40 504
431 1442 42 38 p.
532 1430 56 41 26
591 1434 44 21 cm
640 1465 8 9 .

121 1485 53 54 ©
198 1490 101 40 Oct.
325 1488 69 44 20,
420 1487 140 49 1936;
587 1487 67 41 2c.
682 1488 95 40 and
802 1487 82 42 aff.
910 1488 118 40 Nov.
1057 1486 79 43 16;
1167 1490 38 37 A
1231 1486 170 44 99882;
1431 1488 132 40 West
1591 1497 62 38 pub.
1726 1497 67 30 co.

117 1595 301 52 Montana.
491 1595 183 64 Laws,
701 1598 255 59 statutes,
983 1597 99 49 etc.

189 1670 121 53 The
344 1669 219 54 revised
599 1670 163 53 codes
796 1668 64 54 of
890 1670 279 52 Montana
1204 1669 63 52 of
1304 1673 151 64 1935,
1492 1670 332 68 containing
1860 1671 95 52 the
120 1689 1970 112 permanent
384 1748 138 53 laws
555 1747 65 53 of
652 1748 97 52 the
781 1753 144 48 state
962 1748 57 52 in
1055 1747 155 54 force
1245 1756 60 47 at
1338 1748 95 52 the
1468 1748 145 53 close
1647 1748 65 53 of
1746 1749 93 53 the

121 1754 1991 141 twenty-fourth Legislative assembly of 1935 … Compiled, revised and
121 1906 306 53 annotated
457 1906 180 52 under
666 1904 234 68 chapter
929 1908 83 64 89,
1043 1904 137 54 laws
1210 1904 63 53 of
1304 1908 133 50 1933
1469 1906 111 51 and
1611 1906 262 67 chapters
1906 1909 63 49 13
2002 1907 112 52 and

121 1986 83 66 32,
243 1985 138 51 laws
420 1983 64 55 of
525 1986 153 64 1935,
717 1984 112 53 and
870 1982 302 69 published
1213 1983 180 53 under
1435 1984 235 67 chapter
1713 1987 116 63 161,
1872 1985 138 53 laws
2053 1984 63 53 of

120 2061 1971 147 1935. Harold K. Anderson, Carl McFarland, code commissioners; Wesley W. Wertz, assistant code commissioner …
122 2218 236 70 Helena,
384 2218 161 57 State
567 2217 335 71 publishing
924 2236 307 50 company;
1257 2218 178 56 Great
1459 2218 176 69 Falls,
1657 2218 254 56 Tribune
123 2219 1971 147 printing
246 2301 46 51 &
319 2297 211 68 supply
556 2315 281 51 company
870 2332 13 34 [
885 2306 20 21 c
910 2301 151 64 1936]

193 2371 27 40 5
245 2382 43 29 v.
347 2370 58 40 26
406 2371 44 23 cm
455 2401 9 10 .

471 2438 105 30 CONTENTS.—v.
603 2424 105 44 1-2.
731 2426 225 41 Political
980 2427 237 40 code.—v.
1242 2425 42 42 3.
1307 2427 123 40 Civil
1456 2428 236 39 code.—v.
1711 2425 45 42 4.
1780 2427 126 42 Code
1930 2428 53 40 of
2005 2428 113 42 civil

124 2484 383 48 procedure.—v.
535 2481 44 44 5.
607 2484 149 40 Penal
785 2484 129 43 code.

125 2537 54 54 ©
210 2542 124 40 June
365 2541 68 49 25,
467 2540 140 49 1936;
641 2540 67 40 2c.
741 2541 119 40 each
893 2542 102 40 Oct.
1028 2541 51 41 5;
1114 2541 81 40 aff.
1233 2541 101 41 Oct.
1367 2540 53 48 2;
1455 2543 42 38 A
1527 2540 172 44 99165;
1738 2542 139 41 State
1907 2542 110 47 pub.
2051 2552 67 30 co.

193 2599 96 39 and
316 2598 212 41 Tribune
553 2597 219 49 printing
799 2598 35 40 &
861 2598 172 48 supply
1060 2607 67 31 co.
1193 2596 280 49 (36-28176)

123 2704 190 62 Moon,
338 2705 136 51 Mrs.
501 2702 188 54 Grace
718 2702 275 65 (Purdie)

197 2777 247 69 Singing
483 2779 187 66 sands,
708 2780 74 66 by
823 2779 180 54 Grace
1043 2781 200 65 Moon;
1288 2779 323 53 illustrated
1651 2779 75 68 by
1768 2779 133 55 Carl
1943 2782 175 51 Moon

187 2856 1932 70 … Garden City. N. Y., Doubleday, Doran & company, inc.,
126 2939 147 51 1936.

197 3007 1282 49 6 p. l., 3-245 p. col. front., illus., plates. 21 cm .
197 3064 286 40 Illustrated
525 3067 95 45 t.-p.
663 3065 95 39 and
799 3064 361 47 lining-papers.

199 3120 201 41 “Junior
432 3120 189 40 books.”

198 3177 160 40 “First
389 3176 225 41 edition.”

128 3230 53 53 ©
211 3234 101 41 Oct.
342 3233 40 49 9,
412 3232 140 44 1936;
584 3232 67 41 2c.
683 3233 94 40 and
810 3233 81 41 aff.
920 3233 102 41 Oct.
1057 3232 80 43 16;
1171 3235 39 37 A
1242 3232 172 41 100349;
1520 3244 109 29 Grace
1661 3236 156 46 Moon,
1851 3233 269 40 Pasadena.

206 3289 280 50 (36-27438)

123 3379 405 65 Muggeridge,
557 3379 289 55 Malcolm.

196 3456 120 52 The
348 3463 221 47 earnest
599 3454 235 67 atheist;
870 3473 31 34 a
932 3455 171 69 study
1134 3455 63 53 of
1231 3454 228 56 Samuel
1493 3457 220 66 Butler,
1744 3456 73 68 by
1852 3455 269 53 Malcolm

125 3534 395 70 Muggeridge.
585 3534 259 68 London,
872 3533 156 70 Eyre
1053 3536 47 51 &
1128 3532 437 71 Spottiswoode,
1596 3537 148 51 1936.

194 3610 97 47 xxi,
323 3608 99 48 265,
458 3609 55 49 [1]
547 3619 43 37 p.
652 3608 136 40 front.
830 3608 171 49 (port.)
1070 3608 55 40 22
1128 3611 44 21 cm
1177 3641 9 9 .

197 3666 160 39 “First
387 3664 192 49 printed
611 3666 190 46 August
834 3664 156 42 1936.”

130 3718 1991 53 © 1c. Oct. 24, 1936; A ad int. 21906; pubd. Aug. 28; M. Muggeridge.
201 3778 347 46 Whatlington,
581 3779 192 47 Sussex,
804 3779 235 47 England.
1105 3777 280 48 (36-28729)

127 3869 245 63 Nabert,
400 3869 241 55 Jeanne.

261 3944 1181 69 … Les termagies … Paris, Plon [1936]
