2519 4377
1309 4126 133 52 1734

365 425 279 65 Manzini,
676 424 250 56 Gianna.

497 499 1485 68 … Un filo de brezza. [Milano] Panorama [1936]
435 572 780 51 4 p. l., 11-209 p., 1 l. 18½ cm .
718 630 253 41 CONTENTS.—Musica
1005 631 51 39 in
1090 629 377 50 piazza.—Casa
1504 631 51 40 di
1591 630 161 48 riposo
1801 630 253 49 (romanzo
2090 631 61 40 da
2186 630 133 49 fare)
2331 654 60 5 —

366 687 320 42 Colori.—Un
720 687 74 48 po’
831 689 51 40 di
916 686 788 50 gente.—Candore.—Gentilina.

367 756 2007 109 © July 1, 1936; 1c. July 14; A-Foreign 32284; Panorama, casa editrice italiana. (36-34841)
364 923 272 64 Morgan,
663 922 198 56 Mona.

435 998 293 67 “Hamlet,
763 999 96 54 the
894 997 236 55 Dane!”
1217 998 97 53 An
1349 998 374 69 explanation
1760 998 65 54 of
1858 999 98 53 the
1995 1003 127 50 true
365 999 1999 132 character
484 1077 64 54 of
579 1076 240 56 Hamlet
851 1077 114 54 and
996 1076 97 55 the
1124 1076 273 70 meaning
1429 1076 64 53 of
1525 1077 98 55 the
1658 1077 156 68 play,
1846 1077 123 53 told
2005 1077 96 53 for
2133 1079 97 52 the
2262 1077 127 55 first

366 1157 138 53 time
535 1156 75 68 by
644 1175 34 34 a
709 1155 221 69 player,
960 1155 178 54 Mona
1170 1155 251 68 Morgan
1465 1153 88 65 (in
1588 1154 414 55 collaboration
2038 1155 142 54 with
2214 1156 70 53 A.
2320 1157 68 53 B.

368 1233 400 68 Cruikshank)
854 1232 430 70 Philadelphia,
1324 1232 306 54 Patterson
1669 1234 45 51 &
1753 1234 196 53 White
1991 1253 97 48 co.,
2130 1237 150 51 1936.

434 1305 512 49 4 p. l., 54 p. 16 cm .
439 1363 164 41 “First
637 1362 192 41 limited
864 1360 230 43 edition.”

367 1433 53 53 ©
448 1436 103 41 Oct.
576 1435 72 48 20,
674 1435 144 49 1936;
846 1434 67 41 2c.
943 1435 97 40 and
1068 1435 82 41 aff.
1176 1435 102 40 Oct.
1307 1434 83 48 30;
1419 1436 42 39 A
1486 1434 172 49 99664;
1690 1437 62 39 M.
1784 1438 220 46 Morgan,
2032 1436 357 50 Philadelphia.

449 1492 286 50 (36-33387)

364 1599 258 64 Morton,
647 1598 212 65 Henry
882 1598 240 55 Canova
1148 1596 250 67 Vollam,
1428 1603 173 50 1892-

433 1674 76 55 In
545 1675 98 54 the
682 1680 154 64 steps
876 1673 66 56 of
984 1673 86 58 St.
1111 1674 169 69 Paul,
1319 1674 78 70 by
1437 1674 79 54 H.
1557 1675 72 55 V.
1669 1675 251 54 Morton.
1998 1675 166 55 With
2206 1694 181 51 maps.

361 1752 344 56 Illustrated
750 1752 156 55 from
948 1753 402 70 photographs
1393 1753 76 70 by
1512 1751 175 72 Mary
1732 1754 115 53 and
1891 1753 78 55 H.
2018 1755 72 54 V.
2135 1754 251 54 Morton.

362 1832 142 53 New
530 1832 183 69 York,
738 1832 194 69 Dodd,
957 1832 175 54 Mead
1159 1832 46 50 &
1232 1849 302 52 company,
1564 1834 153 51 1936.

432 1907 65 46 xi,
527 1906 88 42 499
641 1916 46 38 p.
747 1906 166 49 front.,
945 1905 160 50 plates
1133 1906 138 49 (part
1300 1905 201 50 double)
1569 1904 57 41 21
1631 1907 43 23 cm
1679 1938 10 9 .

432 1962 144 50 Maps
611 1975 62 30 on
710 1963 367 50 lining-papers.

434 2020 230 42 Includes
694 2021 170 42 music.

435 2077 382 50 Bibliography:
848 2088 45 40 p.
921 2077 221 46 484-487.

367 2147 53 53 ©
450 2152 119 40 Nov.
597 2150 71 48 18,
697 2150 143 49 1936;
869 2151 69 40 2c.
968 2152 119 41 Nov.
1113 2150 82 44 23;
1228 2151 83 40 aff.
1341 2152 120 40 Nov.
1490 2150 84 49 20;
1605 2153 42 39 A
1675 2151 172 43 99954;
1881 2153 155 49 Dodd,
2068 2154 144 39 Mead
2242 2153 37 40 &
2307 2163 82 32 co.,

439 2208 90 41 inc.
597 2207 285 51 (36-33128)

366 2313 168 54 Ohio.
613 2315 210 53 Counts
848 2315 65 66 of
934 2315 254 66 appeals.

437 2392 1953 70 Reports of cases argued and determined … Reported by
365 2475 55 51 J.
457 2473 63 51 L.
555 2473 89 54 W.
680 2473 264 65 Henney,
979 2472 181 55 Court
1195 2472 63 53 of
1296 2472 234 67 appeals
1566 2478 276 61 reporter,
1878 2473 236 55 Clinton
2151 2473 237 66 Collins,

365 2552 77 52 H.
489 2553 64 50 L.
601 2552 266 64 Connett,
913 2551 268 53 assistant
1226 2555 303 62 reporters.
1612 2551 244 54 Volume
1905 2555 80 51 52.
2034 2551 218 56 Official
2301 2553 84 54 ed.

369 2630 330 65 Columbus,
725 2630 122 53 The
872 2631 65 51 F.
962 2630 57 54 J.
1044 2630 156 53 Heer
1226 2630 266 66 printing
1518 2648 98 49 co.,
1644 2633 151 51 1936.

439 2702 119 48 xlix,
587 2702 87 40 644
700 2713 42 37 p.
800 2701 57 40 22½
890 2705 45 21 cm
939 2732 8 8 .

368 2755 53 54 ©
454 2761 113 38 Dec.
600 2758 41 50 8,
679 2758 142 48 1936;
858 2758 66 40 2c.
961 2759 97 40 and
1092 2759 83 41 aff.
1211 2760 112 39 Dec.
1359 2758 82 42 11;
1480 2760 40 38 A
1555 2757 201 50 100915;
1796 2760 43 41 J.
1875 2761 50 39 L.
1961 2761 74 41 W.
2072 2761 204 47 Henney
2310 2760 79 40 for

439 2817 85 39 the
551 2818 132 39 state
712 2816 53 40 of
793 2816 139 48 Ohio,
963 2815 279 48 Columbus,
1273 2816 51 41 O.

364 2923 249 65 Penton,
636 2923 205 54 Brian.

437 2998 1943 72 Giant’s stride; a novel, by Brian Penton … London [etc.]
367 3079 217 56 Cassell
616 3080 114 52 and
758 3098 301 49 company,
1087 3079 226 54 limited
1348 3084 172 64 [1936]

439 3152 687 50 ix p., 2 l., 3-531 p. 22cm.
437 3210 43 40 A
508 3211 166 48 sequel
706 3212 50 38 to
787 3211 84 40 the
899 3209 220 42 author’s
1149 3210 323 41 Landtakers.

368 3262 1968 55 © 1c. Nov. 19, 1936; A ad int. 22027; pubd. Sept. 24; B. Penton, ℅
440 3322 419 44 Commonwealth
892 3325 146 48 bank,
1079 3325 206 50 Sydney,
1322 3326 119 38 New
1480 3325 153 40 South
1671 3325 177 41 Wales.
1889 3324 269 40 Australia.

450 3381 284 50 (36-34620)

366 3485 340 68 Persenius,
734 3486 146 55 Jons
906 3487 277 65 Magnus,
1213 3492 175 50 1866-

441 3564 325 55 Catechism
791 3564 173 54 based
992 3583 72 34 on
1093 3564 96 54 the
1217 3564 169 53 Bible
1413 3564 112 52 and
1554 3562 267 55 Luther’s
1851 3563 184 56 Small
2063 3562 322 67 catechism,

369 3641 95 54 for
503 3640 790 64 confirmation-instruction,
1332 3640 166 55 Bible
1537 3641 236 57 schools,
1808 3641 168 53 Bible
2014 3641 221 68 classes,
2271 3640 114 55 and

368 3720 210 67 homes,
616 3719 167 54 Bible
820 3719 297 69 teachings
1154 3738 73 35 on
1264 3720 95 53 the
1396 3717 184 67 topics
1618 3719 63 53 of
1716 3718 267 54 Luther’s
2021 3719 182 55 Small
370 3723 1992 142 catechism,

603 3795 1779 71 by J. M. Persenius … [Rock Island, Ill., Augustana
368 3875 148 52 book
543 3893 258 48 concern,
829 3882 18 22 c
852 3877 152 65 1936]

439 3944 86 41 160
557 3956 43 38 p.
661 3946 57 40 15½
750 3948 45 22 cm
800 3977 10 10 .

370 4000 52 53 ©
456 4006 127 47 Sept.
617 4005 69 48 12,
718 4005 143 44 1936;
895 4005 68 41 2c.
998 4006 127 47 Sept.
1156 4005 69 48 16,
1260 4006 81 40 aff.
1378 4007 126 46 Sept.
1539 4005 82 41 30:
1658 4008 38 37 A
1727 4005 172 42 99105;
1936 4007 44 40 J.
2017 4008 59 38 M.
2112 4005 274 47 Persenius,

441 4063 258 49 Kewanee,
725 4063 74 40 Ill.
865 4061 284 52 (36-33120)
