2519 4377
1051 4103 97 49 103

92 459 661 65 Wingfield-Stratford,
783 458 178 53 Esmé
991 459 170 63 Cecil,
1194 464 168 49 1882-

160 550 119 52 The
331 548 225 53 harvest
612 547 62 52 of
727 549 235 66 victory,
1020 548 324 65 1918-1920,
1401 546 72 66 by
1528 545 169 52 Esme
1751 543 334 69 Wingfield-

92 622 1994 70 Stratford … with 5 maps. London, G. Routledge and sons,
89 706 119 65 ltd.,
239 706 147 50 1935.

158 791 83 45 xii,
270 790 86 40 472
383 802 43 37 p.
456 790 109 41 incl.
592 791 28 39 5
646 799 152 39 maps.
857 788 116 42 22cm.

164 857 102 40 “An
307 858 145 40 effort
493 861 47 36 to
583 858 152 40 assist
776 859 49 38 in
870 859 81 39 the
995 858 407 47 comprehension,
1448 857 127 39 from
1620 867 27 30 a
1692 856 188 41 British
92 857 1976 104 standpoint,

267 913 984 49 of … our immediate past.”—Introd.
88 985 1999 52 © 1c. Dec. 27. 1935; A ad int. 21025; pubd. Oct. 31; E. C. Wingfield-
161 1046 262 47 Stratford,
448 1046 369 46 Berkhamsted,
843 1046 163 47 Herts,
1033 1045 235 47 England.
1332 1043 250 48 (36-2560)

92 1150 410 64 Woodthorpe,
536 1150 189 63 Ralph
760 1150 228 54 Carter.

222 1234 1865 70 … The shadow on the downs. Garden City, N. Y., Pub. for
91 1315 94 52 the
222 1315 190 55 Crime
450 1315 145 68 club,
634 1315 126 67 inc.,
798 1315 72 68 by
907 1313 357 69 Doubleday,
1303 1314 199 53 Doran
1538 1314 46 50 &
1622 1331 299 52 company,
1958 1312 129 69 inc.,

91 1396 149 52 1935.

162 1465 460 50 6 p. l., 290 p. 19½cm.
159 1526 65 38 At
249 1525 125 39 head
398 1523 52 41 of
476 1523 108 41 title:
639 1524 55 40 R.
721 1522 49 42 G.
799 1523 338 47 Woodthorpe.

162 1581 161 42 “First
350 1579 226 44 edition.”

89 1652 52 53 ©
170 1657 112 39 Dec.
311 1657 69 46 27,
411 1655 112 40 1935;
582 1656 65 39 2c.
681 1656 97 39 and
807 1654 82 40 aff.
920 1655 110 39 Jan.
1062 1655 39 48 6,
1132 1655 116 40 1936;
1303 1655 41 39 A
1375 1654 142 41 91051;
1579 1656 55 39 R.
1667 1656 48 41 C.
1748 1656 340 47 Woodthorpe,

159 1712 251 49 Brighton,
437 1713 236 48 England.
738 1710 221 50 (36-489)

96 1816 325 67 (Woolfolk,
451 1816 207 53 Josiah
686 1815 126 54 Pitts]
902 1820 169 50 1894-

167 1905 1918 69 She liked the man; a novel [by] Jack Woodford [pseu d .]
90 1982 645 68 New York, Godwin [c1936]
158 2055 362 51 285 p. 19 ½cm .
91 2126 1985 108 © Jan. 9 1936; 2c. Jan. 17; aff. Jan. 18; A 90350; J. P. Woolfolk, Hollywood, Calif. (36-934)
95 2291 197 63 Wooll,
323 2292 272 63 Edward,
625 2293 172 54 1878-

226 2379 1699 70 … Libel. Philadelphia, Macrae Smith company, 1936.
166 2454 546 50 5 p. l., 33-317 p. 19½cm.
167 2512 212 41 “Second
408 2512 261 48 printing.”

91 2579 53 53 ©
174 2583 110 40 Feb.
314 2583 68 47 10,
412 2582 116 41 1936;
584 2583 66 39 2c.
683 2584 95 38 and
808 2582 81 41 aff.
922 2583 110 39 Feb.
1063 2582 55 40 24;
1178 2583 41 38 A
1248 2581 144 41 90924;
1452 2581 376 42 Macrae-Smith
1858 2593 66 29 co.

171 2640 249 47 (36-4913)

95 2744 333 53 Worcester
454 2748 95 49 art
576 2760 289 46 museum,
896 2744 331 62 Worcester,
1251 2745 171 51 Mass.

329 2830 1766 72 XVIIth century painting in New England; a catalogue of an
97 2911 316 54 exhibition
443 2912 134 53 held
611 2918 59 47 at
701 2912 96 53 the
826 2912 319 54 Worcester
1179 2916 92 48 art
1301 2929 255 35 museum
1588 2910 63 53 in
1684 2910 410 54 collaboration

100 2989 136 54 with
263 2991 95 52 the
382 2990 307 53 American
716 2990 364 67 antiquarian
1103 2989 229 69 society,
1358 2989 142 69 July
1528 2989 113 53 and
1666 2989 248 68 August,
1942 2991 153 64 1934,

99 3066 1934 70 compiled and edited for the committee by Louisa Dresser …
101 3145 1995 70 with a laboratory report by Alan Burroughs … Worcester,
99 3224 188 66 Mass.,
318 3225 118 52 The
467 3225 283 66 Trustees,
779 3225 319 53 Worcester
1129 3229 90 47 art
1244 3242 274 48 museum,
1547 3227 152 51 1935.

169 3296 1658 50 1 p. l., 7-187 p. incl. illus., ports., geneal. tables, front. 26cm.
171 3353 73 41 On
283 3365 140 30 cover:
493 3356 100 40 The
633 3353 115 41 1934
787 3354 268 41 exhibition
1096 3355 51 40 of
1292 3356 53 39 XVIIth
1386 3356 203 47 century
1627 3354 224 50 painting
1888 3355 49 39 in
1980 3355 113 42 New

102 3411 233 49 England,
365 3413 271 39 Worcester
666 3415 78 37 art
772 3422 233 32 museum.

171 3469 257 41 Foreword
455 3470 165 47 signed:
679 3468 230 42 Clarence
935 3469 44 41 S.
1008 3469 246 49 Brigham,
1280 3469 78 40 for
1382 3471 81 40 the
1488 3469 287 41 committee.

171 3525 224 43 Includes
420 3526 392 49 bibliographies.

447 3585 161 40 CONTENTS.—The
634 3585 97 40 rise
756 3585 96 39 and
876 3585 334 48 development
1234 3584 51 41 of
1306 3586 80 39 art
1410 3585 49 39 in
1484 3586 82 40 the
1589 3585 388 41 Massachusetts
2003 3586 91 46 bay

101 3639 509 51 colony.—Catalogue
640 3642 51 40 of
720 3641 354 49 portraits.—A
1104 3643 163 47 report
1296 3653 60 29 on
1386 3643 81 39 the
1497 3642 155 47 X-ray
1681 3641 332 42 examination
2045 3642 51 41 of

103 3699 312 39 seventeenth
446 3701 201 45 century
679 3698 256 41 American
964 3698 248 50 paintings
1241 3699 248 41 exhibited
1520 3701 53 38 at
1603 3700 82 40 the
1714 3700 274 40 Worcester
2018 3702 80 38 art

104 3765 230 35 museum,
374 3756 60 46 by
472 3756 123 39 Alan
637 3755 547 49 Burroughs.—Record
1222 3755 52 41 of
1309 3756 359 47 examination;
1710 3756 288 49 inscription
2037 3767 60 30 on

105 3813 79 39 the
219 3812 120 39 back
376 3813 50 39 of
461 3813 81 39 the
576 3822 180 31 canvas
790 3813 288 48 supporting
1110 3823 28 29 a
1170 3813 214 48 portrait
1418 3813 108 40 said
1560 3815 51 38 to
1644 3813 55 42 be
1732 3814 51 40 of
1814 3815 82 40 the
1932 3813 161 48 artist,

104 3868 246 41 Jeremiah
378 3868 244 42 Dummer.

103 3936 51 52 ©
178 3941 109 39 Dec.
315 3940 69 46 31,
411 3940 140 47 1935;
579 3941 67 40 2c.
675 3941 109 39 Jan.
811 3940 39 48 2,
878 3939 140 48 1936;
1048 3940 81 41 aff.
1160 3941 108 46 Jan.
1297 3940 82 47 16;
1409 3941 43 39 A
1476 3940 170 46 91426;
1678 3942 230 39 Trustees
1938 3941 53 40 of
2017 3941 82 40 the

171 3998 272 39 Worcester
472 4000 77 37 art
579 4008 233 30 museum.
881 3997 250 48 (36-3275)
