2519 4377
1288 4139 98 48 692

325 461 277 63 Chicago.
669 459 369 64 University.
1103 460 263 54 Oriental
1387 460 280 53 institute.
1728 458 366 67 Epigraphic
2114 476 221 48 survey.

456 535 1884 69 … Reliéfs and inscriptions at Karnak … by the Epigraphic
328 612 2012 71 survey; field director, Harold Hayden Nelson … Chicago, Ill.,
327 697 120 52 The
474 695 337 67 University
839 694 63 53 of
932 695 251 68 Chicago
1210 712 158 50 press
1419 698 152 63 [1936]

396 771 28 38 2
457 781 41 28 v.
561 769 192 47 fronts.,
788 769 158 47 plates
976 768 134 49 (part
1144 768 144 47 fold.)
1331 769 154 47 plans.
1550 767 213 41 60½×48
1761 770 15 21 cm
1812 799 8 9 .
1894 767 130 48 (The
2057 766 283 49 University

326 827 51 40 of
408 826 210 48 Chicago
650 825 222 41 Oriental
903 825 228 41 institute
1162 824 342 50 publications,
1535 826 92 39 vol.
1762 856 9 17 XXV,
1947 823 13 48 XXXV)

679 901 95 33 CONTENTS.—I.
801 895 204 40 Ramses
1096 894 35 41 III’s
1158 896 177 45 temple
1359 893 172 41 within
1560 894 82 41 the
1669 895 140 47 great
1828 893 243 41 inclosure
2096 893 50 40 of
2174 893 167 46 Amon,

329 954 64 48 pt.
445 976 127 19 I.—II.
604 952 205 41 Ramses
902 952 36 42 III’s
964 953 177 47 temple
1170 951 173 42 within
1372 952 82 41 the
1482 952 139 48 great
1646 950 243 42 inclosure
1917 951 50 42 of
1995 951 168 48 Amon,
2193 953 66 47 pt.
2332 983 9 17 II,
329 1012 94 38 and
450 1010 203 41 Ramses
746 1009 35 41 III’s
808 1011 176 47 temple
1012 1010 47 39 in
1089 1010 81 40 the
1196 1009 215 48 precinct
1432 1009 53 41 of
1512 1010 121 40 Mut.

329 1076 53 53 ©
413 1082 113 46 May
559 1082 39 46 5,
632 1081 115 40 1936;
809 1080 66 41 2c.
910 1082 118 39 each
1061 1081 96 39 and
1192 1080 108 41 affs.
1334 1081 127 40 June
1494 1081 24 39 1;
1582 1081 40 39 A
1656 1080 158 49 94697,
1848 1080 145 42 94698;
2059 1080 283 50 University

399 1138 53 40 of
480 1138 225 48 Chicago,
740 1138 224 48 Chicago.
1033 1137 256 48 (36-11240)

329 1241 230 66 Clarke,
582 1242 193 53 Isabel
802 1243 350 54 Constance.

464 1316 1876 71 … Byton et Shelley; une amitié tragique; traduit et adapté
333 1414 104 51 par
468 1396 262 54 madame
763 1395 67 54 G.
863 1394 357 55 d’Estensan.
1288 1394 186 67 Paris,
1506 1395 284 54 Hachette
1828 1398 172 66 [1935]

403 1467 1090 51 253, [1] p. 20 ½ cm . [Le rayon d’histoire]
405 1538 62 40 At
496 1538 125 40 head
649 1538 52 40 of
730 1537 110 41 title:
902 1538 159 40 Isabel
1093 1538 190 41 Clarke.

404 1593 396 50 “Bibliographie
827 1595 83 40 des
936 1593 291 50 principaux
1253 1604 237 40 ouvrages
1516 1595 272 42 consultés”:
1852 1606 42 39 p.
1938 1596 101 51 [250]

331 1665 2012 53 © Nov. 7, 1935; 1c. Feb. 20, 1936; A- Foreign 30776; Librairie Hachette.
412 1725 282 49 (36-11193)

331 1832 179 64 Cody,
534 1829 340 55 Alexander
899 1830 175 64 John,
1105 1836 171 50 1886-

402 1910 210 53 Looms
647 1907 95 54 for
774 1908 277 68 sanctity;
1091 1907 363 55 conferences
1485 1913 57 49 to
1579 1908 289 69 religious,
1902 1908 76 68 by
2015 1909 328 54 Alexander

331 1986 1987 148 J. Cody … San Francisco, Calif., University of San Francisco press, 1935.
402 2140 55 41 63
487 2150 43 38 p.
590 2139 59 40 20½
681 2141 44 21 cm
728 2169 9 9 .

406 2210 162 40 “First
599 2209 300 49 impression,
932 2209 277 48 December,
1242 2208 157 41 1935.”

333 2277 53 53 ©
419 2282 112 39 Dec.
569 2281 69 47 15,
674 2280 141 47 1935;
853 2280 67 41 2c.
956 2281 96 39 and
1088 2280 82 42 aff.
1207 2280 109 40 Jan.
1353 2282 39 45 8,
1429 2280 140 47 1936;
1607 2281 40 39 A
1682 2279 172 49 91094;
1891 2281 54 41 A.
1984 2282 41 39 J.
2063 2281 145 48 Cody,
2249 2282 95 40 San

405 2338 274 40 Francisco.
743 2337 281 49 (36-11483)

333 2441 261 65 Colman,
623 2442 132 63 Roy
783 2440 306 64 Clarkson,
1121 2446 172 50 1884-

405 2519 121 52 The
567 2518 200 53 devil’s
808 2518 366 68 playground
1218 2518 112 52 and
1373 2518 96 53 the
1508 2536 111 49 sea,
1660 2518 73 67 by
1774 2519 69 52 R.
1887 2518 279 54 Clarkson
333 2519 1985 130 Colman.
554 2596 102 68 [La
685 2595 177 68 Jolla,
890 2594 197 70 Calif.,
1113 2596 70 53 R.
1213 2596 63 54 C.
1307 2595 260 69 Colman,
1598 2600 152 64 1936]

403 2670 138 49 xxiii,
574 2670 57 41 89
660 2681 45 38 p.
765 2671 129 41 illus.
955 2669 55 41 19
1013 2672 44 21 cm
1062 2702 9 9 .

409 2727 1937 50 “500 copies of this first edition have been published … This book
334 2785 41 40 is
404 2796 74 29 no.
508 2784 128 41 169.”
696 2784 177 50 Signed
904 2785 58 48 by
992 2786 82 40 the
1102 2786 192 40 author.

409 2840 1354 44 “The cover … is made of California redwood.”
405 2901 184 41 Poems.

335 2967 53 53 ©
419 2972 114 47 May
565 2972 69 46 15,
666 2970 141 49 1936;
840 2971 67 42 2c.
941 2971 95 41 and
1068 2971 82 41 aff.
1184 2973 114 47 May
1330 2972 82 47 25;
1447 2972 41 39 A
1518 2971 172 47 95340;
1726 2972 54 39 R.
1816 2972 50 41 C.
1900 2973 217 40 Colman.

416 3028 282 49 (36-11577)

334 3130 197 65 Craig,
557 3131 248 63 Hardin,
835 3132 172 55 1875-

404 3208 120 54 The
557 3208 315 53 enchanted
898 3209 180 68 glass;
1114 3210 97 53 the
1240 3209 379 54 Elizabethan
1647 3210 160 52 mind
1839 3209 57 53 in
1926 3208 314 70 literature,
2273 3210 73 69 by

333 3287 233 54 Hardin
602 3285 195 69 Craig.
869 3287 138 52 New
1045 3287 178 70 York,
1259 3287 228 55 Oxford
1525 3287 317 70 university
1877 3307 176 50 press,
2091 3293 149 49 1936.

405 3361 52 40 ix
486 3372 57 38 p.,
576 3361 27 40 2
653 3392 24 14 l.,
707 3361 85 41 293
820 3373 43 37 p.
921 3361 55 41 21
981 3364 44 22 cm
1030 3392 8 8 .

408 3418 163 41 “First
608 3417 229 42 edition.”

408 3474 445 49 “Bibliographical
883 3473 166 41 notes”:
1108 3486 43 37 p.
1178 3475 217 41 265-288.

336 3539 53 54 ©
428 3546 113 46 May
581 3545 68 47 28,
692 3543 139 50 1936;
873 3546 66 39 2c.
980 3548 94 38 and
1116 3547 82 40 aff.
1240 3548 125 40 June
1404 3549 53 46 3;
1500 3549 42 39 A
1578 3548 171 48 94710;
1794 3550 188 40 Oxford
2024 3550 128 40 univ.
2194 3561 150 38 press,

405 3603 117 38 New
554 3603 144 48 York,
729 3603 90 41 inc.
887 3603 281 47 (36-11491)

336 3703 261 67 Fischer,
624 3706 198 65 Louis,
854 3711 173 51 1864-

407 3781 120 53 The
565 3781 150 70 baby
751 3786 112 52 and
901 3783 263 70 growing
1200 3784 182 69 child;
1426 3785 235 70 feeding
1698 3789 113 53 and
1850 3787 195 53 health
2083 3807 125 34 care
2249 3788 93 52 for

339 3858 2001 73 physicians, mothers, and nurses, by Louis Fischer … New
336 3937 164 53 York
533 3939 113 53 and
681 3940 257 67 London,
971 3942 170 52 Funk
1171 3945 47 50 &
1249 3942 300 67 Wagnalls
1584 3961 296 49 company,
1917 3948 150 50 1936.

411 4012 82 40 xvi
534 4021 59 38 p.,
635 4011 25 40 1
724 4043 22 17 l.,
791 4011 86 42 260
917 4022 41 38 p.
1021 4014 163 49 front.,
1227 4015 142 49 illus.,
1411 4016 156 47 plates
1596 4016 136 48 (part
1774 4017 112 49 col.)
1937 4017 194 49 diagrs.,
2177 4019 161 40 forms.

344 4068 48 38 19½
425 4070 44 22 cm.
