2519 4377
1166 4114 95 41 155

226 470 277 64 [Procter,
538 469 200 62 Bryan
773 465 234 66 Waller
1049 467 323 54 1787-1874.

291 544 121 52 The
448 544 237 67 literary
722 541 383 54 recollections
1142 541 63 53 of
1244 543 188 66 Barry
1471 541 289 54 Cornwall
1818 540 215 68 [pseud.]
2076 539 137 54 with

223 618 1929 69 an introduction and notes by Richard Willard Armour …
223 702 231 65 Boston,
480 698 239 54 Meador
745 696 334 70 publishing
1107 715 296 50 company,
1433 700 149 50 1936.

290 772 84 41 133
394 784 44 38 p.
496 772 136 41 front.
676 772 170 48 (port.)
914 770 117 41 23cm.

293 829 128 42 “The
449 830 252 48 following
728 830 41 39 is
797 840 27 29 a
855 829 192 48 portion
1078 828 110 48 only
1219 828 51 40 of
1297 829 81 40 the
1406 828 255 40 materials
1690 827 162 41 edited
1881 828 60 47 by
1974 827 240 49 Coventry

223 887 223 40 Patmore
471 887 97 39 and
591 886 255 49 published
872 887 49 38 in
946 885 113 41 1877
1085 886 60 47 by
1174 885 51 40 G.
1254 886 104 40 Bell
1383 886 96 39 and
1506 895 111 30 sons
1643 885 154 40 under
1822 885 82 41 the
1930 884 109 42 title
2066 885 52 41 of
2141 886 72 39 An

222 944 450 50 autobiographical
692 942 482 50 fragment.”—Pref.

219 1015 52 52 ©
299 1019 108 39 Jan.
436 1018 39 40 2.
505 1017 140 45 1936;
677 1017 66 38 2c.
776 1016 108 39 Feb.
916 1014 80 41 19;
1031 1014 81 41 aff.
1144 1015 108 39 Feb.
1281 1015 81 41 24;
1395 1015 39 38 A
1495 1013 139 43 90922;
1669 1015 210 38 Edward
1911 1014 58 40 K.
2003 1015 214 47 Meador,

288 1076 195 38 Boston.
553 1072 279 50 [Copyright
867 1071 43 40 is
948 1071 200 40 claimed
1189 1083 58 27 on
1287 1070 330 41 introduction
1655 1071 95 39 and
1788 1073 152 46 notes]

296 1131 250 48 (36-5486)

221 1233 337 65 Puchstein,
588 1232 209 52 Albert
829 1229 332 65 Frederick,
1194 1235 170 49 1886-

292 1307 1924 69 Alternating-current machines, by A. F. Puchstein … and
223 1384 1994 71 T. C. Lloyd … New York, J. Wiley & sons, inc.; London,
224 1467 296 66 Chapman
551 1468 46 50 &
624 1464 160 67 Hall,
812 1464 239 66 limited,
1082 1467 149 49 1936.

295 1539 99 47 viii,
429 1538 85 40 582
547 1548 43 37 p.
650 1536 142 46 illus.,
827 1537 178 47 diagrs.
1064 1535 56 40 23½
1153 1537 15 21 cm
1201 1565 9 9 .
1327 1533 131 50 $5.00

296 1594 375 49 Bibliography:
706 1604 42 38 p.
781 1592 229 48 545-548;
1045 1591 348 49 Bibliography
1424 1594 53 39 at
1507 1593 92 40 end
1631 1592 51 41 of
1715 1592 135 41 three
1881 1593 52 40 of
1966 1594 81 40 the
225 1595 1976 100 chapters.

219 1722 51 52 ©
299 1726 109 39 Jan.
435 1724 69 47 27,
533 1722 140 47 1936;
704 1723 66 39 2c.
799 1723 95 39 and
921 1722 81 39 aff.
1032 1722 108 39 Jan.
1169 1721 81 46 29;
1282 1722 39 38 A
1350 1721 170 42 91499;
1553 1723 53 40 A.
1636 1722 51 39 F.
1718 1722 276 48 Puchstein,
287 1724 1915 104 Springfield,
441 1781 65 47 O.,
533 1781 94 39 and
654 1781 117 37 Tom
800 1780 46 40 C.
874 1780 164 47 Lloyd,
1066 1780 182 38 Yellow
1278 1778 212 48 Springs,
1521 1779 50 40 O.
1639 1779 251 48 (36-5457)

222 1884 201 53 Punch.
516 1903 51 34 v.
596 1888 116 60 189,
736 1902 89 34 no.
849 1886 154 62 4934,
1028 1884 131 51 Dec.
1189 1886 80 61 18,
1296 1886 149 49 1935.

220 1967 2000 53 © 1c. Feb. 17, 1936; A ad int. 21109; pubd. Dec. 18, 1935; Herbert
289 2026 233 49 Heather,
561 2027 212 39 London.

222 2130 201 53 Punch.
517 2147 50 36 v.
595 2134 116 53 189,
735 2148 89 34 no.
850 2133 153 62 4935,
1028 2131 132 52 Dec.
1186 2132 83 63 25,
1296 2132 149 49 1935.

220 2213 1998 54 © 1c. Feb. 20, 1936; A ad int. 21123; pubd. Dec. 25, 1935; Herbert
288 2275 231 46 Heather,
557 2274 211 39 London.

222 2376 237 64 Rachie,
492 2376 181 64 Elias,
709 2378 169 54 1875-

289 2451 283 69 Building
612 2451 295 68 America;
953 2450 141 54 “Let
1139 2469 62 35 us
1245 2450 110 54 rise
1396 2469 78 50 up
1519 2451 112 52 and
1673 2450 216 69 build”,
1932 2452 78 70 by
2056 2451 159 53 Elias

220 2528 1995 71 Rachie … Minneapolis, Minn., Building America company,
222 2610 150 51 1936.

289 2679 86 41 320
405 2692 42 37 p.
507 2682 76 46 pi.,
616 2681 172 42 double
819 2691 147 37 maps,
999 2681 154 47 diagr.
1212 2679 144 41 23½cm.

219 2742 52 52 ©
303 2746 109 40 Feb.
444 2746 68 47 19,
544 2745 117 41 1936;
718 2747 66 39 2c.
818 2746 108 40 Feb.
958 2747 83 46 24;
1074 2746 81 40 aff.
1189 2747 108 39 Feb.
1328 2746 81 47 21;
1444 2748 41 38 A
1516 2747 169 47 91883;
1721 2749 51 38 E.
1807 2747 196 50 Rachie,
288 2749 1912 101 Minneapolis.
524 2803 250 47 (36-5631)

222 2906 210 63 Reeve,
459 2907 233 53 Arthur
719 2907 335 64 Benjamin,
1086 2913 170 50 1880-

290 2981 120 52 The
431 2987 145 47 stars
600 3000 212 34 scream
837 2983 255 66 murder;
1121 3003 29 33 a
1179 2982 176 69 Craig
1380 2983 280 68 Kennedy
1684 2985 183 66 novel,
1889 2984 75 69 by
1990 2983 223 53 Arthur

222 3060 65 51 B.
315 3059 198 54 Reeve.
577 3060 138 52 New
742 3060 179 67 York,
945 3060 257 68 London,
1229 3061 71 51 D.
1327 3060 579 71 Appleton-Century
1934 3078 278 53 company

220 3136 416 69 incorporated,
672 3140 149 49 1936.

291 3208 47 40 vi
367 3220 57 37 p.,
457 3211 24 38 1
530 3242 23 14 l.,
582 3209 85 41 307
697 3221 42 37 p.
801 3211 145 40 19½cm.
1009 3212 160 49 [Tired
1198 3211 222 41 business
1451 3212 153 41 man’s
1634 3212 186 48 library
1850 3213 53 40 of
1932 3214 279 44 adventure,

220 3266 249 42 detective,
501 3268 93 38 and
627 3270 213 45 mystery
869 3269 179 48 novels]

219 3320 53 53 ©
308 3325 109 40 Feb.
453 3326 68 47 28,
559 3327 113 39 1936;
737 3326 66 40 2c.
841 3328 97 38 and
973 3327 82 40 aff.
1094 3328 109 41 Feb.
1238 3327 81 47 29;
1358 3329 42 39 A
1434 3328 170 48 91992;
1646 3331 55 39 D.
1740 3330 477 50 Appleton-Century

289 3393 80 37 co.,
398 3383 90 39 inc.
554 3383 251 47 (36-5511)

222 3482 382 68 Richardson,
637 3486 138 52 Mrs.
811 3485 235 53 Eudora
1077 3486 321 66 (Ramsay)
1442 3492 169 49 1892-

223 3561 1993 230 The woman speaker; a hand-book and study course on public speaking, by Eudora Ramsay Richardson … with a foreword by Geline MacDonald Bowman … Richmond, Va. 5
224 3794 244 52 Whittet
496 3797 46 49 &
572 3794 380 69 Shepperson,
983 3799 150 52 1936.

294 3866 84 39 121
397 3877 44 38 p.
500 3866 116 43 20cm.

294 3922 375 50 Bibliography:
701 3937 44 36 p.
766 3926 157 41 51-52.

221 3974 1975 96 © Feb. 19, 1936; 2c. and aff. Feb. 21; A 91854; E. R. Richardson, Richmond. (36-5488)
