2519 4377
1295 4158 134 50 1198

432 547 241 42 “General
717 547 397 50 bibliography”;
1159 558 45 39 p.
1248 548 235 49 448-452;
1530 548 353 49 Bibliography
1928 550 53 40 at
2025 550 92 40 end
2163 549 51 41 of
2257 551 119 40 each

361 604 216 48 chapter.

365 660 53 53 ©
457 664 117 47 July
610 664 71 47 14,
721 662 119 42 1936;
904 662 68 43 2c.
1013 664 118 47 July
1169 663 84 49 25;
1296 664 83 42 aff.
1420 664 117 48 July
1577 664 84 48 24;
1704 666 44 39 A
1784 664 173 49 96642;
2003 665 285 49 University
2327 666 55 41 of

432 719 227 50 Chicago,
688 720 225 49 Chicago.
974 720 285 50 [Copyright
1287 721 42 40 is
1358 721 207 40 claimed
1594 732 60 29 on
1682 732 108 29 new
1818 724 196 48 matter]

442 778 284 49 (36-18922)

359 867 224 66 Ogden,
614 868 230 65 George
871 866 418 67 Washington,
1322 870 173 54 1871-

431 946 121 54 The
588 946 172 69 ghost
794 946 159 69 road,
989 946 76 68 by
1101 945 222 70 George
1361 946 90 56 W.
1492 945 221 70 Ogden.
1790 946 139 55 New
1968 946 182 68 York,
2189 946 191 69 Dodd,

359 1026 172 53 Mead
558 1027 46 51 &
634 1044 301 50 company,
965 1028 152 51 1936.

429 1099 48 41 vi
505 1110 57 38 p.,
591 1100 24 39 1
683 1132 9 16 l.,
722 1099 101 40 264.
839 1110 42 38 p.
943 1099 56 40 19
1001 1102 47 21 cm
1050 1129 9 10 .

362 1151 53 54 ©
442 1156 121 47 Aug.
591 1156 71 49 20,
692 1156 142 47 1936;
864 1156 68 41 2c.
961 1157 121 47 Aug.
1108 1156 83 47 25;
1223 1155 85 42 aff.
1335 1157 121 46 Aug.
1485 1156 85 48 22;
1600 1156 44 39 A
1669 1155 173 48 97636;
1877 1156 53 41 G.
1961 1157 71 39 W.
2064 1155 178 48 Ogden,
2273 1155 108 41 Van

430 1215 150 47 Nuys,
613 1213 147 42 Calif.
830 1212 283 51 (36-18970)

359 1304 264 66 Oldfield,
651 1304 230 56 Walter
906 1304 280 64 Herbert,
1218 1306 173 55 1879-

430 1381 349 71 Pioneering
818 1380 62 54 in
916 1381 311 70 Kwangsi;
1271 1382 97 52 the
1407 1387 158 63 story
1606 1381 63 52 of
1709 1380 266 54 Alliance
2014 1380 265 54 missions
2319 1381 62 53 in

360 1459 2020 71 South China, by W. H. Oldfield … Harrisburg, Pa., Christian
358 1540 403 70 publications,
790 1540 108 54 inc.
936 1574 12 34 [
953 1550 18 22 c
977 1544 153 64 1936]

430 1617 86 41 208
545 1627 43 38 p.
648 1616 166 49 front.,
842 1616 175 48 plates,
1049 1618 151 47 ports.
1259 1616 57 41 20½
1349 1618 44 21 cm
1399 1647 7 8 .

360 1670 52 54 ©
442 1676 129 39 June
597 1674 71 49 23,
699 1674 141 47 1936;
872 1674 69 42 2c.
970 1674 97 39 and
1099 1674 82 41 aff.
1212 1674 118 47 July
1359 1673 84 42 28;
1472 1674 42 39 A
1544 1672 172 49 97180;
1751 1672 254 43 Christian
2035 1671 343 52 publications,

430 1732 92 40 inc.
594 1731 283 49 (36-18864)

355 1823 461 64 Pennsylvania.

426 1900 361 54 Workmen’s
843 1899 428 69 compensation
1326 1900 362 68 supplement
1741 1904 58 48 to
1856 1901 386 67 Department
357 1919 1998 127 reports
541 1979 65 53 of

629 1979 447 68 Pennsylvania,
1101 1977 334 69 containing
1460 1978 223 68 rulings
1710 1979 113 53 and
1848 1979 239 53 selected
2113 1978 267 69 opinions

357 2058 62 51 of
454 2058 94 54 the
583 2057 361 56 Workmen’s
979 2057 427 68 compensation
1440 2057 197 68 board,
1673 2057 263 68 opinions
1973 2058 63 53 of
2070 2058 96 52 the
356 2063 1998 140 attorney

490 2136 250 67 general,
765 2136 96 52 the
884 2137 232 52 various
1142 2141 189 48 courts
1356 2135 63 53 of
1445 2136 426 67 Pennsylvania
1899 2137 114 52 and
2037 2137 97 52 the
2158 2136 221 55 United

358 2216 192 56 States
584 2215 278 68 Supreme
892 2219 179 65 court,
1102 2212 302 71 involving
1435 2215 95 53 the
1559 2215 359 55 Workmen’s
1952 2215 428 70 compensation

354 2295 114 52 law
505 2295 63 51 of
607 2294 430 68 Pennsylvania
1074 2294 214 67 during
1324 2294 96 53 the
1457 2313 136 48 year
1634 2298 150 50 1935.
1860 2295 217 53 Edited
2112 2295 77 68 by
2227 2295 149 53 Karl

357 2371 2019 71 E. Richards … [Harrisburg, Pa., Telegraph printing co.,
355 2458 18 21 c
378 2455 152 63 1936]

428 2525 91 40 483
545 2535 43 37 p.
649 2524 59 39 24
710 2526 45 21 cm
760 2557 8 8 .

429 2580 1947 49 Reprinted from volume XXI of Department reports of Pennsylvania.
362 2634 53 54 ©
455 2639 121 47 Aug.
619 2640 42 45 7,
702 2637 141 47 1936;
886 2637 70 42 2c.
998 2637 97 40 and
1137 2637 82 40 aff.
1264 2638 121 47 Aug.
1426 2638 84 48 26;
1554 2639 42 38 A
1637 2636 172 48 98144;
1855 2638 126 39 Karl
2021 2640 53 40 E.
2118 2638 257 49 Richards,

429 2696 320 48 Harrisburg,
778 2695 82 39 Pa.

354 2787 216 64 Poage,
600 2787 229 64 George
857 2785 324 65 Rawlings.

427 2864 203 68 Henry
659 2863 144 69 Clay
828 2863 113 57 and
964 2863 99 54 the
1082 2862 181 70 Whig
1285 2868 189 64 party,
1496 2863 77 69 by
1597 2863 222 69 George
1843 2864 298 68 Rawlings
2167 2865 207 68 Poage.

359 2943 220 68 Chapel
609 2943 149 67 Hill,
785 2944 121 52 The
935 2940 339 70 University
1304 2942 64 53 of
1397 2943 187 53 North
1617 2942 271 55 Carolina
1921 2963 174 48 press,
2129 2947 148 49 1936.

426 3017 27 41 6
484 3029 43 37 p.
596 3049 8 16 l.,
638 3017 86 40 295
758 3028 43 37 p.
861 3016 147 40 front,
1040 3016 172 49 (port.)
1279 3016 57 41 23½
1368 3018 46 21 cm
1417 3048 9 8 .

429 3073 378 49 Bibliography:
839 3084 42 38 p.
918 3072 249 50 [279]-283.

360 3126 53 53 ©
439 3132 120 46 Aug.
587 3131 69 48 24,
686 3130 141 48 1936;
857 3130 67 39 2c.
956 3130 129 48 Sept.
1111 3131 52 45 1;
1195 3129 83 41 aff.
1310 3130 128 47 Sept.
1467 3130 52 45 2;
1550 3131 42 38 A
1620 3129 172 48 98231;
1825 3128 285 49 University
2137 3129 53 41 of
2216 3129 158 40 North

429 3188 231 40 Carolina
691 3197 152 39 press.
914 3186 283 51 (36-18979)

356 3278 321 66 Prokosch,
704 3278 295 56 Frederic.

428 3355 121 54 The
601 3355 291 68 assassins,
941 3355 76 68 by
1069 3355 271 53 Frederic
1389 3354 309 55 Prokosch.
1749 3355 262 66 London,
2064 3354 211 56 Chatto
2326 3358 46 50 &

357 3435 263 67 Windus,
672 3438 150 51 1936.

430 3506 542 51 vii, 46 p., 1 l. 22 cm .
431 3566 185 41 Poems.

360 3620 2010 53 © 1c. Aug. 6, 1936; A ad int. 21728; pubd. June 11: Harper & bros.,
430 3682 117 38 New
571 3681 145 41 York.
779 3679 282 50 (36-19048)

358 3771 229 64 Quilici,
614 3772 189 64 Nello,
831 3777 172 50 1890-

493 3847 1531 66 … Banca romana. Milano, A. Mondadori [1935]
429 3920 26 39 7
493 3931 41 37 p.
610 3951 8 15 l.,
659 3919 187 47 17-730,
892 3919 55 50 [1]
988 3931 43 37 p.
1092 3920 171 48 plates,
1304 3921 163 47 ports.,
1505 3920 217 40 facsims.
1784 3921 54 39 23½
1872 3922 43 21 cm
1921 3952 8 8 .
2001 3921 116 44 (His
2159 3921 120 39 Fine
2317 3919 51 42 di

358 3977 172 39 secolo.
594 3975 84 50 [1])

360 4031 2010 54 © Nov. 15, 1935; 1c. July 10, 1936; A-Foreign 32432; Casa editrice A.
432 4093 304 41 Mondadori.
802 4092 282 50 (36-19086)
