2519 4377
1317 4158 135 50 1220

360 455 243 64 Cooper,
630 456 152 54 Cora
808 457 159 63 May.

433 546 161 67 “Aw,
633 547 120 67 just
792 548 110 52 call
942 567 88 34 me
1073 547 200 69 Sam”;
1314 549 98 53 the
1450 549 231 68 journal
1723 551 63 53 of
1824 550 285 68 Minerva,
2146 551 141 52 wife
2323 551 64 53 of

359 626 184 54 Uncle
580 626 155 59 Sam,
769 627 75 54 by
879 628 149 54 Cora
1061 628 141 64 May
1239 628 238 64 Cooper.
1549 627 254 56 Limited
1838 630 85 53 ed.
2001 630 387 62 [Hollywood,

360 704 196 67 Calif.,
582 712 18 20 c
606 708 154 64 1936]

433 793 535 48 1 p. l. , 447 p. 22 cm .
364 860 53 54 ©
451 866 113 47 Apr.
601 866 40 47 3,
676 865 143 47 1936;
853 865 69 40 2c.
958 866 115 48 Apr.
1109 866 53 46 6;
1200 866 84 41 aff.
1320 867 114 48 Apr.
1470 867 83 47 16;
1591 867 42 39 A
1667 866 174 49 92982;
1883 868 50 41 C.
1970 870 64 40 M.
2071 869 186 47 Cooper
2291 869 99 40 and

429 923 223 39 Leonard
681 923 67 40 St.
774 922 136 42 Clair
934 923 198 50 Cooper,
1157 924 305 49 Hollywood,
1489 924 145 42 Calif.

363 1029 185 64 Creel,
579 1029 249 54 Herrlee
861 1029 300 65 Glessner,
1196 1036 173 49 1905-

436 1120 124 55 The
596 1120 157 53 birth
796 1121 65 53 of
903 1120 218 69 China;
1164 1140 29 34 a
1236 1140 207 50 survey
1484 1121 65 55 of
1590 1122 99 54 the
1729 1121 310 56 formative
2085 1123 198 68 period
2327 1124 63 52 of

366 1198 244 56 Chinese
652 1200 375 68 civilization,
1066 1200 77 69 by
1183 1200 243 55 Herrlee
1468 1200 268 56 Glessner
1781 1201 162 55 Creel
1994 1245 56 10 ...
2130 1203 259 53 London.

365 1278 55 55 J.
452 1278 158 69 Cape
641 1282 175 65 [1936]

434 1353 1954 50 2 p. l., 3-395, [1] p. front., illus. (plan) xv pl., fold, map, diagr. 20½ cm .
437 1410 146 40 “This
621 1411 123 39 book
780 1411 318 41 summarizes
1135 1411 83 41 the
1253 1411 181 41 results
1471 1411 51 41 of
1557 1412 114 40 four
1707 1422 144 38 years
1888 1413 50 38 of
1977 1443 48 8 ...
2067 1413 222 39 research
2330 1423 56 27 on

366 1468 204 47 nothing
596 1468 86 41 but
710 1469 81 40 the
819 1468 191 48 history
1039 1468 51 41 of
1118 1468 207 42 Chinese
1354 1469 191 41 culture
1574 1468 178 49 during
1778 1469 82 40 the
1891 1468 165 50 period
2088 1469 51 40 of
366 1470 2004 103 approximately
578 1525 235 40 1400-600
842 1536 38 29 B.
913 1524 263 42 c.”—Pref.

438 1583 247 42 “Selected
723 1582 366 51 bibliography”
1108 1593 10 31 :
1156 1594 42 39 p.
1235 1582 218 42 381-388.

367 1649 2025 55 © 1c. Aug. 26, 1936 ; A ad int. 21782 ; pubd. July 3 ; H. G. Creel, Chicago.
448 1712 284 49 (36-19427)

369 1818 266 67 [Crosby,
663 1819 191 65 Percy
879 1819 121 52 Leo]
1051 1823 173 50 1891-

436 1909 186 54 Three
655 1909 192 55 cheers
881 1909 96 54 for
1008 1909 97 52 the
1137 1909 119 69 red,
1289 1909 100 54 red
1423 1909 114 54 and
1570 1907 117 55 red.
1756 1908 274 67 McLean,
2062 1908 128 67 Va.,
365 1908 2001 134 Freedom
528 2005 159 52 press
724 2022 13 34 [
742 1993 18 23 c
764 1991 155 65 1936]

437 2062 91 40 xiii
553 2074 60 37 p.,
640 2064 25 39 1
728 2094 8 15 l.,
763 2062 86 41 507
874 2074 44 38 p.
972 2063 167 47 front.,
1166 2062 174 50 plates.
1394 2060 58 42 24
1455 2063 44 22 cm
1504 2094 8 8 .

439 2120 163 42 “First
635 2120 231 42 edition.”

439 2174 472 44 Contents.—book
947 2185 33 33 I.
1018 2177 397 49 Regimentation
1453 2177 54 42 of
1540 2179 87 40 the
1659 2173 345 54 press.—book
2083 2207 12 10 II.
2134 2177 254 41 American

368 2232 563 54 intelligentsia.—book
1029 2267 10 10 III.
1074 2237 102 42 The
1209 2246 106 32 new
1348 2235 521 51 deal.—Appendices;
1905 2236 104 41 Red
2045 2237 101 49 plot
2181 2236 125 40 aims
2341 2238 50 38 at

365 2294 263 49 Treasury.
692 2295 220 41 Atheism
932 2306 9 29 :
976 2306 28 30 a
1039 2295 241 50 dialogue.

372 2362 53 54 ©
466 2367 129 48 Sept.
637 2367 40 49 1,
718 2366 142 47 1936;
904 2367 68 41 2c.
1013 2368 120 46 Aug.
1174 2368 83 46 31;
1303 2366 81 41 aff.
1430 2367 130 47 Sept.
1602 2366 54 47 2;
1699 2366 41 40 A
1781 2364 172 49 98235;
1997 2366 154 47 Percy
2193 2365 200 48 Crosby,

442 2425 228 48 McLean,
699 2425 86 39 Va.
855 2424 315 48 (36-19110).

369 2526 353 66 Damrosch,
750 2529 201 53 Frank
978 2528 210 65 Heino,
1219 2534 172 50 1859-

444 2620 276 54 Institute
765 2620 65 54 of
874 2621 239 53 musical
1159 2627 108 61 art,
1314 2624 330 62 1905-1926,
1689 2619 75 68 by
1808 2620 201 52 Frank
2055 2620 335 52 Damrosch.

375 2696 2011 72 [New York] Priv. print, for Juilliard school of music [ c 1936]
443 2786 49 40 vi
519 2797 58 38 p.,
604 2787 24 39 1
692 2817 9 17 l.,
727 2786 86 41 272
839 2797 43 38 p.
941 2787 166 48 front.,
1136 2787 27 39 2
1189 2788 137 47 port..
1373 2785 55 40 21
1433 2788 44 22 cm
1483 2818 9 9 .

373 2855 55 54 ©
460 2860 120 47 Aug.
617 2859 70 45 18,
724 2858 115 41 1936
857 2869 9 38 ;
902 2859 67 39 2c.
1006 2859 121 48 Aug.
1164 2858 56 41 28
1238 2869 8 37 ;
1289 2858 82 41 aff.
1412 2858 129 48 Sept.
1578 2857 24 39 1
1622 2867 9 38 ;
1669 2857 41 40 A
1744 2855 146 43 98211
1909 2867 8 38 ;
1958 2854 236 43 Juilliard
2231 2856 162 40 school

444 2918 54 38 of
523 2917 170 41 music.
758 2917 283 48 (36-19151)

371 3022 323 65 Davidson,
722 3022 311 54 Elizabeth
1056 3023 76 52 H.

443 3116 122 52 The
617 3113 434 56 establishment
1103 3114 63 53 of
1217 3114 97 53 the
1368 3113 246 68 English
1668 3112 211 53 church
1929 3112 62 52 in
2042 3110 351 54 continental

371 3194 311 54 American
740 3192 263 65 colonies,
1062 3194 75 67 by
1200 3192 302 53 Elizabeth
1562 3193 77 52 H.
1699 3190 317 54 Davidson.
2113 3190 282 67 Durham,

372 3272 1128 67 N. C., Duke university press [ c 1936]
444 3345 60 42 94
530 3357 44 37 p.
635 3346 56 40 23½
725 3348 44 21 cm
776 3379 7 7 .
856 3344 295 49 (Historical
1182 3354 178 38 papers
1394 3343 52 41 of
1478 3343 82 40 the
1595 3342 196 48 Trinity
1823 3341 182 48 college
2037 3339 256 41 historical
374 3351 2005 99 society.
577 3402 152 41 series
762 3403 90 46 xx)

378 3470 52 52 ©
465 3476 124 38 Mar.
624 3475 42 47 1,
702 3472 141 48 1936;
880 3472 68 42 2c.
986 3474 123 38 Mar.
1145 3472 53 47 2;
1236 3471 81 41 aff.
1356 3472 123 39 Mar.
1514 3471 53 46 4;
1605 3470 42 39 A
1682 3469 173 47 92056;
1897 3469 140 39 Duke
2074 3467 132 42 univ.
2243 3476 151 39 press.

375 3592 204 65 Davis,
606 3597 140 51 Mrs.
773 3593 251 53 Lavinia
1058 3591 243 66 (Riker)
1336 3596 173 50 1909-

450 3684 121 53 The
606 3684 137 66 keys
776 3689 59 47 to
870 3683 96 52 the
1000 3682 135 68 city,
1171 3681 341 53 adventures
1548 3678 59 53 in
1645 3678 139 53 New
1822 3677 180 65 York,
2038 3677 73 67 by
2148 3675 243 52 Lavinia

379 3761 208 67 Davis;
622 3760 382 54 illustrations
1032 3760 76 67 by
1141 3760 156 52 Nora
1326 3756 325 69 Benjamin.
1728 3755 139 54 New
1898 3755 181 64 York,
2110 3753 60 55 C.
378 3752 1991 140 Scribner’s
558 3857 157 46 sons;
748 3838 263 68 London,
1045 3837 63 55 C.
1143 3834 314 57 Scribner’s
1491 3852 148 50 sons,
1669 3833 124 68 ltd.,
1829 3834 151 52 1936.

448 3908 905 51 4 p. l. . 264 p. incl. plates. 21 cm .
451 3968 139 47 Maps
628 3977 59 30 on
724 3966 367 49 lining-papers.

379 4035 52 55 ©
459 4041 120 46 Aug.
607 4039 72 47 28,
709 4038 115 41 1936
842 4050 9 36 ;
882 4039 68 41 2c.
984 4040 128 46 Sept.
1144 4039 58 38 15
1218 4049 8 36 ;
1259 4038 83 39 aff.
1376 4037 128 47 Sept.
1532 4035 29 41 9
1577 4046 9 37 ;
1619 4036 42 39 A
1685 4035 145 41 98384
1849 4045 8 37 ;
1891 4033 205 42 Charles
2130 4031 266 42 Scribner's

475 4107 100 29 sons.
641 4094 284 42 (36-19164)
