2519 4377
1305 4111 132 49 1068

373 429 205 65 Nolde,
608 430 146 54 Otto
780 431 172 55 Fred.

445 506 105 69 My
589 525 187 50 group
815 507 267 68 sessions;
1124 527 31 34 a
1193 510 173 66 study
1405 508 64 53 of
1506 509 95 52 the
1639 509 212 53 church
1888 510 223 52 worker
2150 511 113 53 and
2301 510 89 56 his

374 604 186 51 group
588 586 259 69 sessions,
874 586 76 69 by
979 586 69 56 O.
1076 587 153 54 Fred
1255 587 185 54 Nolde
1468 589 112 52 and
1609 589 149 51 Paul
1784 589 56 54 J.
1866 589 155 53 Hoh.
2097 590 293 67 Prepared

376 663 182 55 under
592 665 98 53 the
724 664 257 69 auspices
1017 665 64 52 of
1112 667 97 52 the
1243 666 211 54 Parish
1490 667 113 53 and
1640 667 213 53 church
1886 668 193 53 school
2114 668 178 53 board
2328 668 65 53 of

375 743 95 52 the
508 743 220 55 United
765 744 298 53 Lutheran
1098 744 213 54 church
1346 744 62 53 in
1443 744 284 55 America.
1802 746 430 69 Philadelphia,
2271 749 120 64 Pa.,

377 822 120 55 The
523 823 220 54 United
770 823 298 54 Lutheran
1097 823 359 68 publication
1482 826 174 52 house
1689 858 13 35 [
1703 831 21 22 c
1729 829 152 64 1936]

447 909 57 42 94
532 921 43 38 p.
636 908 60 42 18
696 912 44 21 cm
744 941 10 10 .

368 978 56 53 ©
456 983 127 39 June
617 982 71 47 30,
723 982 141 47 1936;
901 982 68 40 2c.
1005 982 116 47 July
1157 982 51 47 6;
1247 982 82 41 aff.
1366 983 117 47 July
1516 984 55 46 7;
1609 984 42 38 A
1684 983 171 47 97074;
1894 983 167 40 Board
2096 983 52 41 of
439 984 1935 95 publication
571 1039 52 40 of
653 1040 84 38 the
769 1039 179 41 United
981 1039 252 39 Lutheran
1265 1039 182 39 church
1480 1039 50 40 in
1562 1039 238 49 America,
1834 1037 358 52 Philadelphia.

451 1096 284 49 (36-17860)

373 1201 303 64 Oliphant,
705 1200 259 55 William
994 1201 263 65 Landon,
1290 1206 171 50 1900-

448 1280 121 52 The
619 1278 454 68 Oliphant-Rice
1123 1278 201 54 debate
1376 1297 71 33 on
1500 1284 44 48 1.
1595 1279 223 53 Return
1869 1278 64 53 of
1984 1280 96 53 the
2130 1280 154 54 Jews
2333 1284 58 48 to

373 1357 341 69 Jerusalem,
736 1362 49 51 2.
809 1360 276 52 Personal
1108 1357 164 69 reign
1293 1357 65 54 of
1383 1357 199 56 Christ
1605 1363 59 49 at
1687 1359 339 65 Jerusalem,
2052 1362 46 49 3.
2125 1359 266 66 Baptism

375 1436 94 54 for
492 1436 298 54 remission
814 1436 64 53 of
900 1436 135 69 sins,
1058 1440 47 50 4.
1130 1438 308 67 Apostasy.
1502 1435 334 55 Conducted
1861 1442 60 49 at
1942 1437 221 68 Dallas,
2189 1439 202 66 Texas,

374 1516 266 68 January
677 1520 80 64 15,
792 1519 83 63 16,
908 1516 82 66 17,
1025 1520 81 64 18,
1142 1519 153 63 1935,
1326 1517 114 52 and
1470 1516 266 68 January
1767 1519 85 64 22,
1884 1519 84 64 23,
2002 1520 86 64 24,
2118 1520 86 64 25,
2239 1520 150 50 1935.

377 1593 545 71 Stenographically
961 1595 267 68 reported
1267 1594 76 69 by
1380 1593 204 56 Misses
1622 1594 292 55 Maudelle
1957 1594 281 57 Stramler
2278 1597 114 54 and

374 1674 279 54 Blanchie
691 1676 243 51 Burton.
1010 1673 232 69 Austin,
1278 1676 156 65 Tex.,
1470 1673 166 54 Firm
1671 1673 348 54 foundation
2055 1675 338 69 publishing

373 1755 190 67 house,
594 1758 154 50 1935.

449 1841 85 42 572
564 1852 43 39 p.
670 1841 27 40 2
728 1842 125 47 port.
882 1839 134 51 (incl.
1050 1839 178 48 front.)
1297 1839 54 41 23½
1385 1842 45 21 cm
1435 1874 9 9 .

371 1911 53 53 ©
457 1917 112 37 Dec.
601 1914 73 47 20,
707 1912 113 42 1935;
885 1913 68 40 2c.
989 1913 95 40 and
1118 1913 83 41 aff.
1236 1914 128 39 June
1398 1914 38 46 1,
1472 1912 141 48 1936;
1650 1914 40 39 A
1724 1912 173 47 95525;
1932 1912 134 39 Firm
2101 1911 293 41 foundation

441 1973 110 47 pub.
581 1972 166 40 house.
819 1971 282 48 (36-17867)

376 2076 334 65 Pellegrini,
738 2075 232 65 Angelo
995 2076 80 56 M.

377 2149 2011 154 Argumentation and public discussion, by Angelo M. Pellegrini … and Brents Stirling … Boston, New York [etc.]
379 2313 70 56 D.
481 2312 63 56 C.
573 2311 196 54 Heath
800 2310 113 54 and
940 2328 282 50 company
1297 2312 153 65 [c1936]

448 2399 78 37 xv,
552 2386 88 41 415
668 2397 45 39 p.
772 2385 61 41 20½
862 2387 46 22 cm
911 2417 9 9 .

453 2455 334 50 “Readings”:
820 2466 44 38 p.
902 2454 249 51 [163]-334.

372 2525 52 54 ©
456 2530 127 40 June
612 2528 71 42 30,
711 2527 118 40 1936;
887 2526 65 39 2c.
986 2527 120 46 Aug.
1138 2525 82 43 10;
1255 2525 82 39 aff.
1370 2526 120 46 Aug.
1524 2525 51 42 8;
1609 2526 39 38 A
1682 2524 172 48 96824;
1888 2526 57 39 D.
1980 2526 49 40 C.
2062 2525 165 40 Heath
2258 2525 37 40 &
2325 2533 68 32 co.

453 2585 283 51 (36-17994)

373 2693 181 52 Perez
585 2691 266 65 Escrich,
882 2689 281 63 Enrique,
1196 2688 327 55 1829-1897.

508 2763 1885 74 … Fortuna, por Enrique Perez Escrich; edited, with notes,
376 2847 441 56 direct-method
861 2846 274 52 exercises
1183 2845 113 52 and
1342 2843 366 69 vocabulary,
1753 2843 76 70 by
1875 2842 222 70 Gladys
2144 2844 248 68 Aspasia

377 2921 2015 72 Barnes … Oklahoma City, Harlow publishing corporation,
377 3009 150 51 1936.

447 3095 51 39 ix
532 3106 59 37 p.,
625 3094 25 39 1
706 3124 23 15 l.,
765 3091 87 41 106
884 3102 45 39 p.
992 3091 55 40 19½
1080 3092 45 21 cm
1128 3122 10 9 .
1213 3090 124 47 (The
1372 3088 202 41 Harlow
1611 3088 211 50 Spanish
1857 3087 175 48 series)

371 3163 53 53 ©
451 3166 115 47 July
594 3166 70 46 25,
693 3163 140 48 1936;
862 3163 69 40 2c.
959 3164 120 46 Aug.
1108 3163 53 42 3;
1192 3161 82 40 aff.
1300 3163 121 45 Aug.
1449 3161 52 46 1;
1532 3161 40 38 A
1600 3158 171 49 97222;
1803 3159 204 39 Harlow
2034 3158 110 48 pub.
438 3167 1935 96 corporation.
611 3221 283 51 [Copyright
916 3220 43 39 is
982 3219 206 40 claimed
1213 3231 59 26 on
1296 3214 346 50 introduction,
1668 3218 153 45 notes,
1845 3216 242 39 exercises
2112 3214 95 41 and
2229 3213 162 50 index]

452 3279 282 50 (36-17826)

377 3385 219 65 Pierce,
625 3385 246 63 Harvey
898 3382 322 61 Cushman,
1252 3386 171 50 1859-

452 3462 182 56 Seven
668 3460 199 54 Pierce
901 3457 279 68 families;
1221 3477 30 34 a
1286 3457 198 53 record
1520 3455 65 53 of
1617 3454 203 68 births,
1856 3454 201 53 deaths
2097 3453 113 52 and
380 3470 1988 141 marriages
608 3540 65 54 of
712 3540 96 55 the
850 3538 129 55 first
1017 3556 168 36 seven
1227 3534 361 72 generations
1631 3533 65 54 of
1737 3533 226 54 Pierces
2006 3532 60 53 in
2108 3532 285 68 America,

379 3621 302 67 including
717 3641 30 33 a
786 3619 197 52 record
1020 3616 64 54 of
1118 3616 95 52 the
1251 3615 371 54 descendants
1657 3613 65 53 of
1756 3612 175 53 Abial
1967 3611 197 53 Peirce
2204 3615 57 49 to
2298 3611 94 52 the

382 3704 243 63 present,
666 3696 270 55 collected
975 3696 76 54 by
1090 3697 238 51 Harvev
1371 3693 290 55 Cushman
1700 3691 213 53 Pierce.
1989 3690 403 68 Washington,

379 3779 70 51 D.
490 3777 81 66 C.,
609 3779 152 50 1936.

452 3851 153 48 xlviii,
635 3851 87 41 324
751 3861 43 37 p.
855 3849 26 40 2
910 3851 125 47 port.
1094 3849 56 40 24
1154 3851 44 21 cm
1203 3880 9 9 .

453 3922 378 48 Bibliography;
865 3932 44 38 p.
938 3920 66 41 xi.

369 3989 53 53 ©
448 3995 116 43 Aug.
590 3992 66 46 10,
682 3992 141 47 1936;
848 3991 67 40 2c.
942 3991 94 39 and
1062 3990 82 40 aff.
1170 3991 119 46 Aug.
1314 3990 81 41 14;
1422 3989 41 39 A
1486 3987 172 47 96909;
1686 3988 59 39 H.
1772 3987 48 40 C.
1848 3985 180 47 Pierce,
2055 3981 337 49 Washington.

457 4049 283 49 (36-17960)
