2519 4377
987 4079 132 49 1819

139 505 84 40 117
260 514 43 38 p.
362 504 162 47 front.,
563 504 170 48 plates,
770 506 147 47 ports.
977 505 116 41 21cm.

71 574 53 53 ©
195 588 70 30 Nov.
291 577 69 44 25,
387 576 138 41 1936:
553 578 66 39 2c.
648 577 93 39 and
769 577 83 42 aff.
880 578 114 38 Nov.
1022 578 55 38 27;
1133 580 37 37 A
1200 576 198 48 100700;
1431 579 48 38 E.
1510 579 49 39 P.
1589 579 182 38 Dutton
1804 579 36 39 &
1865 588 82 33 co.,
1977 577 88 40 inc.

152 632 280 49 (36-35171)

71 736 300 65 Brouillet,
400 738 224 62 George
652 737 275 65 Antoine,
960 741 169 52 1857-

69 826 1974 145 Voice manual, by George Antoine Brouillet, D . M. D. Brookline, Mass., 1936.
137 979 56 39 67
222 989 41 38 p.
325 977 123 41 illus.
479 977 129 48 (incl.
641 977 177 48 music)
887 979 143 39 17½cm.

70 1045 52 53 ©
150 1051 126 45 Sept.
302 1048 67 47 10,
394 1047 139 42 1936:
560 1048 66 40 2c.
652 1048 96 39 and
773 1048 81 40 aff.
881 1048 100 40 Oct.
1008 1047 51 41 3:
1089 1050 36 37 A
1151 1047 171 48 99132;
1351 1048 51 40 G.
1430 1050 52 37 A.
1510 1048 254 47 Brouillet,
1792 1048 275 51 Brookline,

139 1107 145 39 Mass.
351 1104 279 50 (36-35213)

68 1211 214 62 Brush,
309 1210 265 54 Gerome.

138 1304 213 51 Boston
383 1301 320 66 symphony
734 1301 315 66 orchestra;
1082 1301 260 53 charcoal
1375 1300 290 68 drawings
1696 1302 61 52 of
1791 1302 73 53 its
69 1321 1973 111 members
229 1379 138 53 with
410 1376 394 69 biographical
845 1378 269 67 sketches,
1154 1379 73 66 by
1268 1378 240 55 Gerome
1551 1380 204 53 Brush.
1833 1383 234 64 Boston,

68 1459 237 52 Printed
333 1457 93 54 for
449 1457 95 52 the
570 1456 326 65 Orchestra,
923 1459 148 50 1936.

135 1529 81 50 vii,
245 1528 99 48 218,
378 1530 54 49 [1]
465 1540 40 37 p.
568 1527 125 42 illus.
724 1527 196 51 (ports.)
988 1528 114 40 26cm.

135 1587 169 40 Issued
334 1586 47 41 in
413 1595 120 33 case.

136 1644 68 39 “A
231 1643 229 48 specially
487 1644 158 39 bound
674 1642 187 41 limited
891 1642 178 42 edition
1097 1643 51 40 of
1173 1642 86 41 300
1286 1643 159 48 copies
1472 1644 51 39 of
1552 1643 97 40 this
1679 1643 120 40 book
1830 1645 88 39 has
1948 1645 116 40 been

66 1699 204 48 printed,
301 1700 95 39 and
428 1698 166 50 signed
628 1700 60 47 by
718 1699 82 42 the
830 1699 160 43 artist,
1023 1699 48 39 in
1106 1698 292 48 September,
1431 1698 127 41 1936.
1619 1699 117 41 This
1767 1700 43 40 is
1843 1709 117 39 copy
1994 1710 71 32 no.

62 1755 127 41 300.”

66 1822 53 54 ©
153 1829 126 45 Sept.
313 1827 67 47 12,
416 1826 138 46 1936;
590 1827 68 40 2c.
692 1826 95 39 and
821 1826 82 40 aff.
939 1826 101 41 Oct.
1076 1825 80 41 15;
1194 1828 39 37 A
1265 1824 170 43 98923:
1476 1827 182 38 Boston
1693 1825 267 48 symphony
137 1838 1913 86 orchestra.
378 1883 89 40 inc.,
520 1885 195 39 Boston.
787 1881 281 50 (36-35207)

65 1985 434 54 Bühnenkunst
530 2006 87 32 am
648 1987 409 54 Goetheanum.
1147 2005 68 47 [v.]
1248 1990 47 49 2.
1325 1986 222 52 Rudolf
1578 1986 251 56 Steiners
135 1994 1903 123 mysteriendramen.

579 2066 162 65 Hrsg.
789 2082 110 34 von
931 2065 100 51 der
1067 2064 235 54 Sektion
1336 2063 99 53 für
1469 2066 240 52 redende
1741 2066 118 51 und
133 2066 1905 129 musische
298 2143 202 51 künste
544 2161 87 33 am
678 2142 409 55 Goetheanum.
1131 2143 284 52 Dornach.
1494 2143 286 66 Dornach,
1828 2143 234 54 Sektion

135 2222 97 52 für
272 2221 238 53 redende
550 2220 115 53 und
705 2221 277 52 musische
1021 2220 201 53 künste
1263 2238 89 34 am
1391 2220 409 55 Goetheanum.
1843 2225 148 50 1936.

137 2296 21 37 1
202 2306 42 36 p.
306 2325 8 7 l.,
373 2293 113 37 5-89
527 2305 41 36 p.
643 2294 129 40 illus.
802 2293 132 48 (incl.
1008 2297 92 36 port.;
1173 2298 111 43 part
1327 2293 113 48 col.)
1493 2293 225 39 mounted
1763 2294 84 38 col.
1892 2294 172 47 plates.

63 2351 297 41 20 ½ × 24 ½ cm.
64 2419 2001 53 © Sept. 29. 1936: 1c. Dec. 28; A- Foreign 33909: Sektion für redende
141 2480 97 38 und
267 2478 240 40 musische
537 2479 174 39 künste
738 2489 75 29 am
844 2478 346 40 Goetheanum.

63 2582 248 65 Calmer,
339 2582 218 65 Edgar.

131 2674 185 54 When
349 2673 169 67 night
551 2672 285 67 descends,
867 2674 74 66 by
976 2673 200 67 Edgar
1213 2672 242 55 Calmer.
1531 2673 138 53 New
1707 2673 180 67 York,
64 2673 1975 131 Farrar
179 2755 44 50 &
246 2751 296 67 Rinehart,
566 2751 401 67 incorporated
1015 2754 173 64 [c1936]

133 2820 586 49 7 p. l., 3-342 p. 20cm.
63 2876 1977 100 “This first edition … is limited to 1250 copies … signed by the author; Number 41.”
63 3004 53 53 ©
145 3009 119 39 Nov.
296 3007 69 48 20,
400 3007 114 40 1936;
576 3007 66 40 2c.
677 3008 118 40 Nov.
828 3007 56 39 23;
948 3007 82 40 aff.
1064 3007 117 38 Nov.
1216 3006 55 38 21;
1336 3008 38 37 A
1410 3006 145 39 99944;
1619 3008 52 39 E.
1707 3007 204 43 Calmer.
1945 3009 117 38 New

133 3065 143 39 York.
339 3063 281 49 (36-35018)

64 3169 432 64 Caulaincourt,
537 3169 267 53 Armand
845 3168 302 64 Augustin
1188 3168 196 65 Louis,
1423 3169 251 66 marquis
1712 3169 90 65 de,
1840 3170 112 54 duc
1990 3169 69 54 de

134 3247 236 53 Vicence
376 3290 11 21 ,
419 3247 326 54 1773-1827.

132 3336 88 53 No
270 3354 167 51 peace
488 3336 140 53 with
679 3336 325 68 Napoleon!
1114 3334 361 68 Concluding
1523 3335 96 53 the
1669 3334 274 55 Memoirs
1994 3335 64 53 of

64 3414 241 55 General
339 3414 67 52 de
442 3411 427 70 Caulaincourt,
900 3413 149 54 duke
1083 3413 64 52 of
1180 3412 244 54 Vicenza;
1493 3411 154 55 from
1680 3411 97 54 the
1810 3410 247 71 original

64 3491 260 52 memoirs
363 3509 59 36 as
458 3490 189 55 edited
686 3490 74 69 by
797 3491 144 55 Jean
981 3490 323 67 Hanoteau,
1341 3488 334 68 translated,
1714 3486 190 57 edited
1943 3489 112 53 and

64 3567 138 54 with
253 3587 70 35 an
373 3567 388 55 introduction
812 3568 75 67 by
940 3567 219 68 George
1209 3566 246 54 Libaire.
1549 3566 137 54 New
1739 3565 179 69 York,
1968 3567 88 53 W.

63 3645 247 54 Morrow
344 3646 113 53 and
488 3663 280 50 company
804 3647 190 66 [c1936]

131 3714 1094 51 6 p. l., 3-286 p. front., pl., ports. 24cm.
132 3771 311 42 Translation
477 3773 52 39 of
557 3773 81 40 the
670 3772 133 41 third
833 3773 98 40 and
960 3774 99 39 last
1086 3773 190 40 volume
1307 3773 53 39 of
1391 3772 255 40 Mémoires
1676 3774 63 39 du
1768 3771 195 50 général
1997 3773 58 40 de

63 3825 345 44 Caulaincourt
426 3839 9 29 :
478 3829 226 45 L’agonie
746 3830 58 39 de
845 3828 396 41 Fontainebleau.

133 3883 161 42 “First
328 3883 259 49 printing.”

64 3951 53 53 ©
148 3957 116 39 Nov.
299 3957 69 44 27,
406 3956 112 41 1936;
582 3957 67 42 2c.
687 3959 110 39 Dec.
833 3957 53 42 4:
925 3958 82 41 aff.
1043 3959 109 38 Dec.
1190 3957 51 40 5:
1281 3959 37 37 A
1358 3956 163 40 101081
1548 3969 7 28 :
1595 3956 213 40 William
1848 3957 209 38 Morrow

133 4013 35 39 &
191 4023 65 29 co.,
300 4014 90 40 inc.
457 4013 281 49 (36-35176)
