2597 4361
1326 4127 66 49 14

436 514 28 41 5
491 525 45 39 p.
599 545 9 16 l.,
636 513 146 42 3-307
809 525 45 39 p.
914 513 149 44 20½cm.

369 581 55 54 ©
454 586 112 40 Jan.
598 586 68 48 14,
698 585 141 43 1936;
873 585 66 42 2c.
974 588 96 38 and
1100 586 85 41 aff.
1218 587 111 41 Jan.
1360 587 82 47 15;
1475 587 45 40 A
1547 586 174 48 91206;
1754 588 59 38 H.
1848 587 57 41 R,
1938 588 203 49 Jordan,
2176 588 212 40 London.

449 643 223 47 (36-785)

389 745 192 66 [Karig,
625 747 246 68 Walter]
907 751 172 50 1898-

499 823 1864 71 … The secret at the Hermitage, by Carolyn Keene [pseud.]
429 901 1957 70 … illustrated by Ferdinand E. Warren. New York, Grosset
363 980 546 70 & Dunlap [ c 1936]
434 1063 43 38 v,
510 1052 89 42 218
627 1063 45 39 p.
730 1052 152 42 front.
943 1051 58 42 19½
1032 1054 44 22 cm
1082 1085 9 9 .
1162 1052 118 50 (His
1314 1054 143 40 Dana
1489 1053 120 50 girls
1640 1056 217 48 mystery
1891 1056 202 48 stories)

434 1123 294 42 Illustrated
760 1123 367 49 lining-papers.

361 1194 54 54 ©
446 1199 111 42 Jan.
588 1200 69 40 15.
688 1198 141 47 1936;
861 1199 75 40 2c..
959 1199 110 40 Jan.
1102 1199 82 46 17;
1218 1198 83 41 aff.
1333 1199 111 41 Jan.
1476 1199 82 47 18;
1592 1199 41 39 A
1664 1198 173 43 90361;
1873 1200 206 41 Grosset
2107 1201 39 40 &
2175 1201 211 49 Dunlap,

432 1256 91 42 inc.
603 1257 253 49 (36-1047)

363 1361 227 66 Knoop,
620 1362 178 54 Faith
825 1361 307 66 Yingling.

433 1439 326 55 Arkansas:
794 1441 305 67 yesterday
1135 1440 113 53 and
1283 1440 206 67 today;
1529 1459 32 35 a
1596 1440 225 68 history
1856 1440 63 54 of
1954 1440 299 56 Arkansas
2289 1441 94 54 for

362 1518 2020 70 elementary grades, by Faith Yingling Knoop … and James
363 1596 2019 72 R. Grant … Chicago, Philadelphia, J. B. Lippincott company
366 1712 13 34 [
384 1684 20 22 c
408 1681 154 65 1935]

431 1761 1434 50 viii, 350 p. front. (fold, map) illus. (1 col.) 19 cm .
365 1833 53 54 ©
446 1838 112 40 Dec.
587 1837 70 49 27,
686 1837 140 42 1935;
857 1837 68 41 2c.
954 1838 98 39 and
1079 1836 83 41 aff.
1190 1837 112 40 Jan.
1330 1836 40 49 2,
1400 1835 143 48 1936;
1571 1837 41 39 A
1641 1836 171 48 90111;
1845 1837 43 40 J.
1920 1838 54 39 B.
2005 1835 283 51 Lippincott
2314 1848 66 31 co.

447 1894 222 50 (36-279)

362 2001 371 66 Kottenhoff,
760 2003 140 52 Mrs.
930 2000 205 55 Carrie
1161 2000 279 65 Rossing.

431 2078 208 54 Dishes
663 2082 58 49 to
746 2078 118 54 suit
888 2078 96 54 the
1011 2076 306 70 epicurean
1342 2080 165 66 taste,
1532 2077 77 69 by
1636 2075 201 57 Carrie
1861 2076 253 70 Rossing
359 2076 1995 149 Kottenhoff,

537 2159 62 53 in
642 2156 413 54 collaboration
1098 2155 142 54 with
1281 2156 174 53 Anna
1495 2155 224 54 Larson
1762 2154 197 57 Strom
2004 2199 61 17 ..,
2144 2157 213 53 Boston

359 2234 1341 71 The Christopher publishing house [ c 1936]
429 2310 88 42 239
543 2321 45 39 p.
647 2309 58 42 20½
736 2311 46 22 cm
785 2340 11 10 .

362 2378 54 54 ©
453 2383 112 40 Jan.
601 2382 41 47 3,
679 2380 141 48 1936;
859 2380 67 41 2c.
963 2381 111 40 Jan.
1111 2380 53 48 2;
1204 2380 83 41 aff.
1325 2381 109 39 Jan.
1474 2380 84 47 11;
1597 2380 41 39 A
1675 2378 173 49 91160;
1890 2380 50 41 G.
1979 2380 56 41 R.
2074 2380 303 47 Kottenlioff,

434 2440 258 40 Hartford.
759 2438 224 47 (36-860)

356 2544 288 66 Lathrop,
674 2543 228 55 Gilbert
930 2544 71 54 A.

427 2622 376 67 Whispering
847 2622 155 60 rails,
1046 2622 76 66 by
1167 2620 230 56 Gilbert
1439 2622 71 52 A.
1557 2621 279 67 Lathrop.
1938 2619 272 68 Chicago,
2254 2620 123 54 The

357 2700 332 56 Goldsmith
717 2699 336 68 publishing
1081 2717 283 50 company
1395 2734 12 33 [
1412 2706 19 21 c
1437 2701 153 66 1936]

432 2776 29 39 3
486 2786 42 37 p.
593 2806 8 15 l.,
629 2773 173 40 11-252
830 2784 43 37 p.
930 2773 146 40 19½cm.

361 2842 53 54 ©
456 2847 109 38 Jan.
611 2845 39 41 2.
696 2843 140 43 1936:
884 2845 66 39 2c.
997 2845 96 39 and
1139 2844 81 40 aff.
1268 2844 109 40 Jan.
1421 2845 54 46 4;
1523 2844 41 39 A
1608 2842 173 48 90149;
1829 2842 277 41 Goldsmith
2151 2843 108 48 pub.
2306 2853 68 30 co.

441 2902 224 49 (36-412)

359 3006 139 52 Law
543 3007 175 54 books
762 3007 112 52 and
919 3006 151 53 their
1114 3024 124 36 use:
1289 3025 31 33 a
1364 3004 234 54 manual
1642 3005 64 52 of
1749 3005 151 68 legal
1944 3003 427 69 bibliography,

431 3086 150 67 legal
619 3085 258 52 research
916 3086 113 52 and
1063 3082 156 55 brief
1255 3084 240 69 making
1533 3083 94 53 for
1665 3084 242 67 lawyers
1944 3083 113 53 and
2096 3082 276 65 students,

429 3162 281 69 compiled
739 3162 307 69 according
1073 3169 58 48 to
1157 3162 157 55 ideas
1341 3164 114 52 and
1482 3162 360 69 suggestions
1868 3161 81 67 of,
1977 3162 111 53 and
427 3160 1917 150 containing
554 3240 417 56 contributions
1000 3240 152 55 from

1180 3241 341 54 instructors
1548 3241 65 54 of
1639 3241 150 68 legal
1818 3239 408 69 bibliography
2257 3241 108 52 and

428 3318 155 54 brief
620 3319 252 69 making.
948 3321 98 52 6th
1085 3321 85 53 ed.
1246 3320 328 66 Rochester,
1613 3321 71 52 N.
1726 3320 90 66 Y.,
1854 3320 138 52 New
2033 3319 163 51 York
2235 3317 133 69 city.

422 3398 1568 69 The Lawyers co-operative publishing co. [ c 1936]
428 3473 52 40 xi
507 3483 57 38 p.,
590 3473 25 39 1
678 3504 9 15 l.,
715 3472 86 41 679
827 3483 43 37 p.
930 3473 57 40 26
990 3476 43 20 cm
1039 3505 9 8 .

360 3541 53 53 ©
444 3546 109 39 Jan.
584 3545 40 40 2.
656 3544 140 42 1936;
831 3545 66 39 2c.
930 3544 110 40 Jan.
1072 3545 51 41 7;
1160 3544 78 39 aff.
1274 3545 110 40 Jan.
1415 3546 53 44 4;
1503 3545 41 38 A
1576 3543 171 41 91059:
1782 3543 231 47 Lawyers
2046 3538 327 50 co-operative

433 3603 107 47 pub.
566 3613 66 28 co.
698 3601 222 47 (36-503)

356 3708 335 62 Lawrence,
719 3705 339 65 Josephine.

425 3776 1942 75 If I have four apples, by Josephine Lawrence … New York,
353 3858 312 55 Frederick
691 3858 70 54 A.
791 3858 203 55 Stokes
1023 3877 300 52 company,
1352 3863 152 50 1935.

427 3931 27 41 3
482 3943 42 38 p.
589 3964 9 15 l.,
623 3931 145 42 3-314
794 3942 44 37 p.
898 3931 147 42 21½cm.

360 4000 53 53 ©
457 4005 109 39 Dec.
609 4004 69 42 30.
722 4004 139 39 1935:
906 4004 65 40 2c.
1016 4005 96 39 and
1155 4005 82 41 aff.
1281 4006 110 40 Jan.
1433 4005 40 49 2,
1518 4004 151 47 1936;.
1704 4005 43 39 A
1786 4002 172 48 90118;
2004 4002 44 40 J.
2092 4001 273 39 Lawrence.

428 4061 225 46 Newark,
683 4062 55 39 N.
769 4062 42 40 J.
880 4061 222 47 (36-213)
