2519 4377
0 0 0 0 1611
66 401 278 65 Croisset,
375 401 245 54 Francis
646 403 89 63 de,
766 403 171 54 1877-

194 478 1424 69 … Le dragon blessé. Paris, B. Grasset [1936]
134 551 85 41 277
247 562 57 38 p.,
332 551 24 40 1
409 584 9 10 l.
477 551 147 44 18½cm.

408 620 1655 49 CONTENTS. — Canton.—Macao.— Shang-Haï. —Nankin.—Impressions de
64 676 164 40 Pékin.
231 677 834 48 —Mandchukuo.—Hsin-King.—
1066 677 266 41 Traversée
1371 679 63 39 du
1475 678 172 48 Japon.

63 745 1998 60 © May 22, 1936; 1c. July 14; A-Foreign 32391; Éditions Bernard
135 811 216 42 Grasset.
422 811 280 49 (36-30361)

63 914 250 65 Daudet,
340 913 320 67 Alphonse,
690 918 325 53 1840-1897.

63 991 2001 147 … Lettres de mon moulin; edited with notes, syntax, exercises, and vocabularies by Edwin B. Williams … New York,
62 1149 119 52 The
215 1149 332 52 Macmillan
578 1167 298 50 company,
912 1152 148 50 1936.

131 1220 79 48 vii,
239 1222 82 39 121
351 1232 41 38 p.
452 1221 57 41 20½
541 1223 43 22 cm
589 1254 10 10 .

62 1284 53 54 ©
146 1290 116 40 Nov.
294 1290 39 47 4,
368 1289 139 48 1936;
539 1290 69 41 2c.
638 1291 118 39 Nov.
832 1301 9 36 6;
878 1290 81 40 aff.
991 1291 118 39 Nov.
1142 1290 52 48 5;
1230 1291 39 38 A
1303 1289 171 39 100294;
1538 1289 283 39 Macmillan
1853 1299 68 30 co.

142 1345 280 49 (36-30034)

62 1451 90 51 Du
219 1451 215 64 Castel,
500 1450 315 67 Françoise
868 1449 456 67 (Paul-Dubois)
1413 1451 168 51 "Mme.
1651 1439 250 64 Étienne
1968 1451 90 51 Du

130 1528 252 54 Castel.”

192 1604 1869 71 … Ma grand-mère, Christine de Pizan. [Paris] Hachette
64 1687 171 65 [1936]

130 1756 87 43 208
250 1768 43 37 p.
353 1756 56 41 24
444 1757 62 48 pl.
533 1756 135 50 (incl.
702 1756 176 49 front.)
946 1756 54 40 21½
1034 1759 44 22 cm
1083 1788 8 9 .

126 1836 65 39 At
220 1835 125 41 head
373 1835 53 41 of
453 1834 135 43 title:
622 1836 230 41 Madame
880 1825 206 52 Étienne
1115 1836 80 40 Du
1223 1835 179 43 Castel.

133 1891 420 50 “Bibliographie”:
611 1903 43 38 p.
703 1892 235 50 [199]-204.

61 1959 1915 53 © Apr. 23. 1936; 1c. July 6; A- Foreign 32263; Librairie Hachette.
141 2018 279 43 (36-30376)

61 2122 157 64 Duff,
251 2122 261 65 Charles,
545 2128 172 50 1894-

129 2198 120 54 The
275 2199 159 53 truth
464 2199 173 54 about
665 2198 309 55 Columbus
1002 2199 112 53 and
1141 2199 94 54 the
1263 2199 295 67 discovery
1586 2197 64 53 of
1675 2197 285 67 America,
1987 2197 73 68 by

62 2278 234 54 Charles
326 2279 141 52 Duff;
529 2281 140 51 with
700 2299 72 33 an
798 2279 390 53 introduction
1218 2279 74 67 by
1321 2276 200 69 Philip
1553 2277 299 55 Guedalla.
1921 2277 137 52 New

61 2357 886 67 York, Random house [ c 1936]
130 2440 64 28 xv
219 2440 56 37 p.,
303 2429 23 39 1
374 2461 23 15 l.,
426 2429 84 41 296
538 2441 42 37 p.
636 2429 77 49 pl.,
742 2430 28 38 2
796 2432 122 46 port.
948 2428 134 48 (incl.
1108 2428 176 48 front.)
1318 2428 26 39 2
1370 2427 191 41 facsim.
1617 2427 55 39 22
1675 2429 15 21 cm
1725 2458 8 9 .

131 2497 120 41 Coat
278 2497 51 41 of
353 2508 131 29 arms
508 2507 60 30 on
596 2500 97 46 t.-p.;
753 2508 136 38 maps
918 2509 59 29 on
1006 2498 362 47 lining-papers.

133 2553 68 40 “A
234 2553 291 48 chronology
560 2554 51 40 of
643 2555 83 39 the
762 2553 237 49 principal
1037 2556 166 38 events
1240 2553 211 48 relating
1485 2554 48 40 to
1568 2553 82 40 the
1685 2552 88 40 life
1810 2552 51 41 of
61 2553 1980 103 Christopher
259 2608 259 42 Columbus
545 2611 95 39 and
671 2611 84 39 the
777 2609 254 48 discovery
1055 2609 53 41 of
1132 2608 252 42 America”:
1443 2619 42 38 p.
1514 2608 217 42 279-288.

133 2665 166 39 “Brief
324 2665 338 48 bibliography
690 2665 208 48 relating
926 2667 48 38 to
1005 2665 317 48 Christopher
1353 2664 260 41 Columbus
1642 2666 96 39 and
1766 2666 83 40 the
61 2665 1980 103 discovery
181 2720 52 41 of
268 2720 253 41 America”:
590 2732 42 37 p.
669 2720 203 42 289-293;
942 2721 257 41 “Abstract
1235 2721 53 39 of
1326 2722 81 39 the
1446 2721 222 48 writings
1706 2721 52 40 of
1797 2720 261 42 Columbus

61 2776 223 40 himself”:
344 2787 42 38 p.
413 2776 217 41 295-296.

61 2841 53 53 ©
141 2845 100 41 Oct.
271 2846 67 45 12,
365 2846 84 38 1936;
533 2847 66 37 2c.
630 2846 101 41 Oct.
761 2846 81 42 19;
872 2846 81 39 aff.
983 2847 100 38 Oct.
1114 2847 54 38 17;
1227 2848 38 37 A
1296 2845 171 40 100239;
1527 2847 218 41 Random
1774 2847 163 43 house,
1967 2848 91 41 inc.

141 2901 279 49 (36-28540)

61 3006 297 63 Eckstein,
386 3007 246 64 Gustav,
662 3013 169 49 1890-

133 3080 255 68 Canary;
420 3083 96 53 the
544 3083 223 67 history
794 3082 64 54 of
887 3103 28 33 a
950 3083 226 68 family,
1207 3084 74 67 by
1311 3083 222 55 Gustav
1564 3084 286 53 Eckstein.
1918 3086 138 50 New

63 3159 162 52 York
253 3160 109 52 and
393 3160 257 67 London,
681 3161 232 66 Harper
943 3163 45 50 &
1017 3160 277 66 brothers,
1327 3164 150 50 1936.

129 3232 721 50 4 p. l., 3-281, [1] p. 22½ cm .
132 3293 160 40 “First
328 3293 226 41 edition.”

60 3358 53 54 ©
148 3363 100 41 Oct.
282 3362 69 45 29,
388 3362 113 41 1936;
563 3363 67 42 2c.
667 3364 101 40 Oct.
802 3363 56 40 28;
924 3364 80 41 aff.
1041 3364 101 41 Oct.
1176 3364 47 40 31;
1296 3366 38 38 A
1369 3364 144 40 99670;
1580 3365 51 39 G.
1669 3365 242 42 Eckstein.
130 3366 1909 94 Cincinnati.
394 3418 281 49 (36-30023)

58 3521 273 65 Farjeon,
361 3522 268 65 Eleanor,
659 3528 168 51 1881-

123 3596 119 53 Ten
270 3597 193 69 saints,
490 3598 76 69 by
594 3599 249 53 Eleanor
872 3599 278 68 Farjeon;
1184 3600 140 52 with
1356 3600 379 56 illustrations
1761 3601 76 69 by
1867 3601 183 52 Helen

58 3670 217 57 Sewell.
356 3675 257 69 London,
658 3677 137 52 New
842 3677 163 53 York
1053 3682 138 62 [etc.]
1242 3676 229 56 Oxford
1516 3677 317 70 university
1879 3695 174 50 press,

57 3753 149 51 1936.

124 3822 84 40 124
236 3834 42 37 p.
309 3825 105 39 incl.
444 3826 85 40 col.
555 3826 164 49 front.,
746 3828 84 40 col.
859 3827 171 48 plates.
1091 3827 55 39 24½
1180 3829 43 22 cm
1227 3859 9 9 .

125 3879 161 42 “First
319 3880 227 41 edition.”

60 3945 54 54 ©
142 3951 101 40 Oct.
273 3951 68 46 29,
373 3952 139 44 1936;
543 3952 67 42 2c.
638 3955 119 39 Nov.
786 3953 27 40 6;
872 3954 82 41 aff.
986 3956 115 39 Nov.
1134 3955 24 38 7;
1218 3957 39 37 A
1290 3954 197 44 100342;
1523 3955 186 41 Oxford
1741 3955 128 40 univ.
1903 3966 151 37 press,

130 4007 116 39 New
273 4009 143 37 York.
446 4009 88 37 inc.
601 4008 254 38 (36-28542)
