2519 4377
1120 4080 96 49 199

162 433 182 61 West,
370 432 277 63 Rebecca,
674 431 192 66 pseud.

232 509 119 52 The
399 507 272 67 thinking
718 508 126 52 reed
899 508 109 66 [by]
1062 507 248 53 Rebecca
1358 509 175 52 West.
1619 508 136 51 New
1807 505 179 67 York,
2035 507 121 52 The

163 586 217 66 Viking
405 605 172 47 press,
604 589 149 48 1936.

232 658 588 48 4 p. l. , 3-431 p. 21 cm .
162 724 52 53 ©
249 729 121 40 Mar.
404 729 39 47 6,
480 728 116 40 1936
610 738 9 36 ;
658 728 66 39 2c.
760 728 94 39 and
890 727 81 39 aff.
1007 728 120 40 Man
1165 728 51 44 7;
1255 726 38 39 A
1329 726 170 45 92492;
1579 724 114 50 Cicily
1729 726 158 39 Isabel
1926 724 230 42 Fairfield

234 785 246 47 Andrews,
516 785 210 39 London.

163 887 267 64 Wethey,
458 887 219 53 Harold
707 886 225 54 Edwin.

232 962 96 55 Gil
358 962 67 54 de
455 961 150 56 Siloe
636 963 111 52 and
774 961 89 54 his
891 961 217 67 school;
1142 982 28 32 a
1202 960 169 69 study
1402 960 61 53 of
1492 962 112 52 late
1636 959 208 55 Gothic
1872 961 288 67 sculpture

164 1040 56 52 in
263 1041 240 67 Burgos,
545 1040 72 68 by
662 1039 223 53 Harold
929 1039 68 54 E.
1041 1039 253 67 Wethey.
1372 1037 359 69 Cambridge,
1773 1038 190 68 Mass.,
163 1038 1971 133 Harvard
330 1119 312 66 university
672 1135 170 50 press,
875 1119 147 50 1936.

230 1187 1929 51 xiv, 151 p., 1 l. front., 82 pl. on 41 l., plan. 29½c m . (Half-title: Har-
161 1245 381 41 vard-Radcliffe
570 1245 96 41 fine
693 1247 102 38 arts
824 1244 175 48 series)

232 1303 270 47 “Abridged
531 1300 365 49 bibliography”
915 1313 10 29 :
956 1312 43 37 p.
1033 1300 246 51 [141]-144.

164 1373 52 53 ©
251 1377 110 39 Feb.
396 1377 39 47 6,
470 1376 117 40 1936
601 1387 8 30 ;
646 1376 68 39 2c.
749 1376 94 38 and
878 1374 81 40 aff.
998 1375 110 39 Feb.
1145 1374 54 39 10
1218 1384 8 35 ;
1265 1374 39 39 A
1340 1373 142 41 90711
1501 1385 9 35 ;
1549 1373 257 42 President
1836 1375 100 40 and
1968 1375 193 41 fellows

233 1433 50 40 of
315 1434 226 38 Harvard
575 1433 191 46 college,
799 1430 300 48 Cambridge,
1133 1432 144 38 Mass.
1349 1430 251 48 (36-6296)

164 1535 324 64 Wheatley,
517 1534 255 55 William
802 1534 238 63 Alonzo,
1074 1539 171 50 1869-

233 1612 282 69 Building
562 1612 291 53 character
902 1610 111 53 and
1062 1609 379 69 personality;
1493 1630 31 33 a
1571 1609 310 55 discussion
1931 1616 122 47 text
2101 1610 58 55 in

162 1689 344 56 orientation
535 1691 112 52 and
676 1690 278 68 guidance
983 1689 93 52 for
1105 1689 358 68 high-school
1493 1690 276 67 students,
1796 1689 75 68 by
1901 1689 259 54 William

162 1767 1997 69 A. Wheatley … and Royce R. Mallory … Boston, New York
167 1846 994 68 [etc.] Ginn and company [ c 1936]
270 1952 9 17 x,
302 1921 98 45 361,
429 1921 54 49 [1]
511 1931 43 37 p.
608 1920 144 48 illus.,
779 1919 178 50 diagrs.
1013 1920 58 40 19½
1100 1921 43 22 cm
1148 1951 10 9 .

235 1977 224 41 Includes
489 1975 390 49 bibliographies.

166 2044 53 53 ©
251 2047 109 42 Feb.
394 2048 69 47 20,
499 2047 140 47 1936;
676 2047 66 40 2c.
777 2048 110 39 Feb.
922 2047 83 42 28;
1042 2046 82 41 aff.
1162 2047 109 39 Feb.
1307 2047 82 45 27;
1426 2047 42 38 A
1501 2046 169 47 92002;
1708 2048 71 39 W.
1815 2048 52 38 A.
1905 2049 256 48 Wheatley

236 2106 95 39 and
364 2105 162 47 Royce
554 2105 54 40 R.
644 2105 222 47 Mallory,
900 2103 256 48 Edinboro,
1191 2104 82 39 Pa.
1345 2103 250 48 (36-6078)

165 2208 215 66 White,
413 2208 153 54 John
598 2209 207 62 Zenas,
839 2213 169 50 1854-

235 2285 203 53 Public
468 2287 112 52 and
611 2286 225 67 private
865 2289 292 64 property,
1186 2285 141 52 with
1358 2284 286 54 reference
1675 2291 59 48 to
1767 2287 216 52 several
167 2288 1965 128 decisions
348 2363 75 68 by
458 2364 94 52 the
587 2363 276 67 Supreme
896 2369 160 46 court
1089 2362 64 54 of
1183 2364 96 51 the
1312 2363 217 54 United
1566 2363 205 68 States,
1802 2365 77 67 by
1911 2366 154 54 John
2102 2367 55 52 Z.

166 2441 1819 70 White … Greenville, Penn’s., The Beaver press [ c 1935]
238 2514 98 49 312,
369 2514 56 50 [5]
454 2525 44 37 p.
557 2514 58 41 19½
645 2517 16 21 cm
694 2547 9 8 .

166 2583 54 53 ©
249 2589 120 38 Mar.
397 2587 70 46 22,
496 2585 112 41 1935
626 2597 9 35 ;
666 2585 67 41 2c.
763 2587 92 38 and
887 2585 80 41 aff.
1000 2586 109 39 Feb.
1138 2586 41 46 3,
1210 2584 117 42 1936
1341 2596 8 36 ;
1381 2586 39 39 A
1449 2585 147 41 91660
1611 2596 9 36 ;
1653 2587 204 40 Charles
1885 2588 55 40 R.
1970 2588 192 48 Eckert,

237 2645 200 45 Beaver,
471 2644 81 39 Pa.
623 2642 251 48 (36-6069)

167 2747 401 65 Whitehouse,
599 2748 167 54 Eula.

237 2825 182 51 Texas
462 2823 217 54 flowers
723 2823 58 51 in
826 2823 229 52 natural
1095 2823 207 65 colors;
1351 2822 299 69 including
1692 2842 173 49 many
1907 2842 256 35 common

169 2903 188 67 plants
381 2901 64 54 of
473 2902 95 52 the
601 2901 339 62 Southwest,
967 2902 34 52 by
1072 2901 149 52 Eula
1250 2899 369 56 Whitehouse
1635 2920 11 48 ;
1679 2901 381 55 illustrations
2091 2904 73 68 by

168 2981 94 53 the
305 2980 221 53 author.
606 2978 229 69 Austin,
864 2981 169 65 .Tex.,
1076 2978 156 54 Priv.
1278 2979 150 68 pub.,
1473 2979 344 55 distributed
1862 2981 74 68 by
1982 2982 182 54 Texas

167 3058 548 66 book store [ c 1936]
239 3132 96 47 xvi,
362 3132 83 39 212
470 3143 41 37 p.
541 3132 108 39 incl.
677 3132 86 41 col.
788 3132 162 41 front.,
977 3133 86 39 col.
1091 3131 128 40 illus.
1268 3131 54 39 21
1326 3133 45 21 cm
1375 3164 10 9 .

171 3198 53 52 ©
252 3202 110 40 Feb.
393 3202 68 46 24,
494 3202 139 44 1936;
667 3202 65 39 2c.
766 3203 94 38 and
892 3200 81 41 aff.
1008 3203 121 38 Mar.
1161 3201 52 46 2;
1249 3202 40 38 A
1319 3200 171 48 92020;
1525 3203 52 39 E.
1610 3202 328 49 Whitehouse,
1970 3202 194 49 Austin,

240 3258 113 40 Tex.
417 3258 251 48 (36-6086)

175 3360 411 66 [Whitehurst,
613 3362 173 62 Mary
812 3361 89 66 K,]
932 3362 82 51 ed.

241 3438 355 53 Brooksville
637 3439 111 51 and
790 3438 314 53 Hernando
1146 3444 225 61 county,
1412 3438 253 53 Florida.
1742 3440 306 52 Presented
2092 3440 73 65 by

172 3516 312 53 Hernando
510 3522 208 60 county
746 3518 69 51 Y.
842 3518 88 53 W.
961 3516 61 55 C.
1048 3517 70 53 A.
1185 3515 394 69 [Brooksville,
1605 3515 142 69 Fla.,
1774 3518 120 53 The
171 3517 1969 129 Brooksville
336 3593 137 57 Sun,
503 3598 150 62 1936]

244 3665 282 47 cover-title,
560 3666 81 49 [80]
674 3678 42 36 p.
774 3666 128 40 illus.
931 3665 132 48 (incl.
1095 3665 173 48 ports.)
1307 3666 170 48 plates.
1535 3665 60 40 22,
1593 3669 46 20 cm
1643 3698 8 9 .

245 3724 113 47 Map
384 3734 60 28 on
472 3734 42 36 p.
560 3723 40 48 [3]
629 3723 52 38 of
708 3732 152 31 cover.

247 3778 274 48 “Compiled
558 3780 93 38 and
690 3779 159 39 edited
886 3779 61 47 by
985 3780 141 46 Mary
1161 3779 59 40 K.
1258 3777 333 48 Whitehurst;
1631 3781 106 38 text
1773 3779 62 47 by
1872 3778 151 40 Edith
176 3779 1972 95 Fulton
275 3846 9 35 ;
331 3835 305 47 biographies
682 3835 59 47 by
787 3836 139 46 Mary
970 3836 54 40 A.
1070 3834 212 49 Coogler,
1328 3835 211 40 assisted
1581 3835 62 48 by
1686 3835 141 48 Mary
1872 3836 54 39 B.
175 3834 1977 105 Springstead.”—p.
498 3893 54 47 [4]

178 3955 52 53 ©
268 3961 108 38 Jan.
417 3961 68 45 25,
527 3960 140 46 1936;
709 3960 66 39 2c.
816 3961 95 38 and
952 3960 83 40 aff.
1074 3960 110 40 Jan.
1224 3959 83 48 28;
1349 3960 40 38 A
1428 3958 170 48 90532;
1642 3961 61 39 M.
1746 3960 59 42 K.
1846 3958 320 49 Whitehurst,

245 4017 316 49 Brooksville,
597 4017 102 39 Fla.
772 4015 249 50 (36-6121)
