<alto xmlns="http://www.loc.gov/standards/alto/ns-v3#" xmlns:xlink="http://www.w3.org/1999/xlink" xmlns:xsi="http://www.w3.org/2001/XMLSchema-instance" xsi:schemaLocation="http://www.loc.gov/standards/alto/ns-v3# http://www.loc.gov/alto/v3/alto-3-0.xsd"><Description>
<MeasurementUnit>pixel</MeasurementUnit>
<sourceImageInformation>
<fileName>1936_v33_Part1.pdf</fileName>
</sourceImageInformation>
<OCRProcessing ID="IdOcr">
<ocrProcessingStep>
<processingDateTime>2019-01-18</processingDateTime>
<processingSoftware>
<softwareCreator>ABBYY</softwareCreator>
<softwareName>ABBYY Recognition Server</softwareName>
<softwareVersion>4.0</softwareVersion>
</processingSoftware>
</ocrProcessingStep>
</OCRProcessing>
</Description>
<Styles>
<ParagraphStyle ID="StyleId-FFFFFFFF-FFFF-FFFF-FFFF-FFFFFFFFFFFF-" ALIGN="Left" LEFT="0." RIGHT="0." FIRSTLINE="0."/>
<ParagraphStyle ID="StyleId-51D50FAC-7A90-4D70-8A96-5EA9D46D1C8B-" ALIGN="Left" LEFT="0." RIGHT="0." FIRSTLINE="0." LINESPACE="7.699999809"/>
<ParagraphStyle ID="StyleId-6BC133E9-7DCB-43C3-8842-A67984A26405-" ALIGN="Block" LEFT="0." RIGHT="0." FIRSTLINE="-17." LINESPACE="8.340000153"/>
<ParagraphStyle ID="StyleId-3C3FF860-43E7-46A2-8934-48F305F6F0D6-" ALIGN="Left" LEFT="0." RIGHT="0." FIRSTLINE="-13." LINESPACE="11.06999969"/>
<ParagraphStyle ID="StyleId-19220C76-4F8A-4737-B38C-B5F5C17E6040-" ALIGN="Block" LEFT="0." RIGHT="0." FIRSTLINE="-13." LINESPACE="11.06999969"/>
<ParagraphStyle ID="StyleId-75A0D721-13ED-4F20-9002-B389EC48477D-" ALIGN="Left" LEFT="0." RIGHT="0." FIRSTLINE="0." LINESPACE="15.5"/>
<ParagraphStyle ID="StyleId-8A414184-C7A5-4AC7-9B88-7DA4DDE75922-" ALIGN="Left" LEFT="0." RIGHT="0." FIRSTLINE="0." LINESPACE="9.399999619"/>
<ParagraphStyle ID="StyleId-1A87970B-111C-4169-99A6-9412976F3C97-" ALIGN="Left" LEFT="0." RIGHT="0." FIRSTLINE="0." LINESPACE="10.5"/>
<ParagraphStyle ID="StyleId-72DB0571-5AE4-41FD-9E11-68C6AC4C437E-" ALIGN="Block" LEFT="0." RIGHT="0." FIRSTLINE="-17." LINESPACE="8.340000153"/>
<ParagraphStyle ID="StyleId-1AA43056-C388-4697-B10F-72FDAA38FAE1-" ALIGN="Center" LEFT="0." RIGHT="0." FIRSTLINE="0." LINESPACE="10.5"/>
</Styles>
<Layout>
<Page ID="Page1456" PHYSICAL_IMG_NR="1456" HEIGHT="4377" WIDTH="2519">
<TopMargin HEIGHT="410" WIDTH="2519" VPOS="0" HPOS="0">
</TopMargin>
<LeftMargin HEIGHT="3795" WIDTH="230" VPOS="410" HPOS="0">
</LeftMargin>
<RightMargin HEIGHT="3795" WIDTH="239" VPOS="410" HPOS="2280">
</RightMargin>
<BottomMargin HEIGHT="172" WIDTH="2519" VPOS="4205" HPOS="0">
</BottomMargin>
<PrintSpace HEIGHT="3795" WIDTH="2050" VPOS="410" HPOS="230">
<TextBlock ID="Page1456_Block1" HEIGHT="100" WIDTH="265" VPOS="4105" HPOS="1118" LANG="en-US" STYLEREFS="StyleId-6178E373-8E90-4BE0-8D0A-8DA16FFEACFB-">
<TextLine HEIGHT="51" WIDTH="137" VPOS="4125" HPOS="1178">
<String CONTENT="1456" HEIGHT="51" WIDTH="137" VPOS="4125" HPOS="1178"/>
</TextLine>
</TextBlock>
<TextBlock ID="Page1456_Block2" HEIGHT="3704" WIDTH="2050" VPOS="410" HPOS="230" CS="1" STYLEREFS="StyleId-0C0E9FC4-77E9-454C-99C8-804F817215B9-">
<TextLine HEIGHT="66" WIDTH="356" VPOS="421" HPOS="246" LANG="en-US">
<String CONTENT="Wu," HEIGHT="65" WIDTH="130" VPOS="421" HPOS="246"/>
<SP HEIGHT="65" WIDTH="27" VPOS="421" HPOS="377"/>
<String CONTENT="Yung." HEIGHT="66" WIDTH="197" VPOS="421" HPOS="405"/>
</TextLine>
<TextLine HEIGHT="72" WIDTH="1950" VPOS="499" HPOS="320" LANG="en-US">
<String CONTENT="The" HEIGHT="53" WIDTH="122" VPOS="500" HPOS="320"/>
<SP HEIGHT="53" WIDTH="38" VPOS="500" HPOS="443"/>
<String CONTENT="flight" HEIGHT="68" WIDTH="171" VPOS="499" HPOS="482"/>
<SP HEIGHT="49" WIDTH="38" VPOS="504" HPOS="654"/>
<String CONTENT="of" HEIGHT="52" WIDTH="63" VPOS="501" HPOS="693"/>
<SP HEIGHT="52" WIDTH="38" VPOS="501" HPOS="757"/>
<String CONTENT="an" HEIGHT="35" WIDTH="71" VPOS="518" HPOS="796"/>
<SP HEIGHT="34" WIDTH="39" VPOS="518" HPOS="868"/>
<String CONTENT="empress," HEIGHT="50" WIDTH="267" VPOS="518" HPOS="908"/>
<SP HEIGHT="61" WIDTH="37" VPOS="506" HPOS="1176"/>
<String CONTENT="told" HEIGHT="53" WIDTH="124" VPOS="501" HPOS="1214"/>
<SP HEIGHT="53" WIDTH="38" VPOS="501" HPOS="1339"/>
<String CONTENT="by" HEIGHT="67" WIDTH="75" VPOS="502" HPOS="1378"/>
<SP HEIGHT="65" WIDTH="34" VPOS="504" HPOS="1454"/>
<String CONTENT="Wu" HEIGHT="53" WIDTH="115" VPOS="504" HPOS="1489"/>
<SP HEIGHT="52" WIDTH="38" VPOS="503" HPOS="1605"/>
<String CONTENT="Yung," HEIGHT="68" WIDTH="196" VPOS="503" HPOS="1644"/>
<SP HEIGHT="49" WIDTH="38" VPOS="522" HPOS="1841"/>
<String CONTENT="whose" HEIGHT="53" WIDTH="188" VPOS="504" HPOS="1880"/>
<SP HEIGHT="35" WIDTH="38" VPOS="522" HPOS="2069"/>
<String CONTENT="other" HEIGHT="53" WIDTH="162" VPOS="505" HPOS="2108"/>
</TextLine>
<TextLine HEIGHT="71" WIDTH="2024" VPOS="577" HPOS="245" LANG="en-US" CS="1">
<String CONTENT="name" HEIGHT="35" WIDTH="166" VPOS="596" HPOS="245"/>
<SP HEIGHT="53" WIDTH="32" VPOS="577" HPOS="412"/>
<String CONTENT="is" HEIGHT="53" WIDTH="49" VPOS="577" HPOS="445"/>
<SP HEIGHT="52" WIDTH="34" VPOS="579" HPOS="495"/>
<String LANG="de" CS="1" CONTENT="Y&#252;-ch'uan;" HEIGHT="65" WIDTH="357" VPOS="578" HPOS="530"/>
<SP HEIGHT="59" WIDTH="35" VPOS="584" HPOS="888"/>
<String CONTENT="transcribed" HEIGHT="54" WIDTH="358" VPOS="579" HPOS="924"/>
<SP HEIGHT="53" WIDTH="33" VPOS="580" HPOS="1283"/>
<String CONTENT="by" HEIGHT="67" WIDTH="76" VPOS="580" HPOS="1317"/>
<SP HEIGHT="66" WIDTH="32" VPOS="581" HPOS="1394"/>
<String CONTENT="Lin" HEIGHT="53" WIDTH="111" VPOS="580" HPOS="1427"/>
<SP HEIGHT="52" WIDTH="35" VPOS="581" HPOS="1539"/>
<String CONTENT="K&#8217;un;" HEIGHT="68" WIDTH="185" VPOS="580" HPOS="1575"/>
<SP HEIGHT="62" WIDTH="35" VPOS="586" HPOS="1761"/>
<String CONTENT="translated" HEIGHT="53" WIDTH="320" VPOS="583" HPOS="1797"/>
<SP HEIGHT="53" WIDTH="36" VPOS="583" HPOS="2118"/>
<String CONTENT="and" HEIGHT="53" WIDTH="114" VPOS="584" HPOS="2155"/>
</TextLine>
<TextLine HEIGHT="132" WIDTH="1998" VPOS="655" HPOS="247" LANG="en-US" CS="1">
<String CONTENT="edited" HEIGHT="54" WIDTH="191" VPOS="655" HPOS="247"/>
<SP HEIGHT="53" WIDTH="35" VPOS="656" HPOS="439"/>
<String CONTENT="by" HEIGHT="66" WIDTH="76" VPOS="656" HPOS="475"/>
<SP HEIGHT="66" WIDTH="34" VPOS="656" HPOS="552"/>
<String CONTENT="Ida" HEIGHT="53" WIDTH="111" VPOS="656" HPOS="587"/>
<SP HEIGHT="52" WIDTH="38" VPOS="657" HPOS="699"/>
<String CONTENT="Pruitt;" HEIGHT="69" WIDTH="226" VPOS="655" HPOS="738"/>
<SP HEIGHT="65" WIDTH="37" VPOS="659" HPOS="965"/>
<String CONTENT="introduction" HEIGHT="55" WIDTH="395" VPOS="657" HPOS="1003"/>
<SP HEIGHT="52" WIDTH="35" VPOS="659" HPOS="1399"/>
<String CONTENT="by" HEIGHT="68" WIDTH="77" VPOS="659" HPOS="1435"/>
<SP HEIGHT="67" WIDTH="34" VPOS="660" HPOS="1513"/>
<String CONTENT="Kenneth" HEIGHT="52" WIDTH="269" VPOS="660" HPOS="1548"/>
<SP HEIGHT="56" WIDTH="40" VPOS="659" HPOS="1818"/>
<String CONTENT="Scott" HEIGHT="56" WIDTH="161" VPOS="659" HPOS="1859"/>
<SP HEIGHT="52" WIDTH="36" VPOS="661" HPOS="2021"/>
<String CONTENT="Latourette." HEIGHT="126" WIDTH="1998" VPOS="661" HPOS="247"/>
</TextLine>
<TextLine HEIGHT="70" WIDTH="1288" VPOS="734" HPOS="483" LANG="en-US">
<String CONTENT="New" HEIGHT="53" WIDTH="140" VPOS="734" HPOS="483"/>
<SP HEIGHT="52" WIDTH="22" VPOS="735" HPOS="624"/>
<String CONTENT="Haven," HEIGHT="66" WIDTH="227" VPOS="735" HPOS="647"/>
<SP HEIGHT="64" WIDTH="25" VPOS="737" HPOS="875"/>
<String CONTENT="Yale" HEIGHT="54" WIDTH="147" VPOS="735" HPOS="901"/>
<SP HEIGHT="36" WIDTH="21" VPOS="753" HPOS="1049"/>
<String CONTENT="university" HEIGHT="67" WIDTH="321" VPOS="736" HPOS="1071"/>
<SP HEIGHT="49" WIDTH="23" VPOS="755" HPOS="1393"/>
<String CONTENT="press," HEIGHT="50" WIDTH="175" VPOS="754" HPOS="1417"/>
<SP HEIGHT="62" WIDTH="26" VPOS="742" HPOS="1593"/>
<String CONTENT="1936." HEIGHT="51" WIDTH="151" VPOS="741" HPOS="1620"/>
</TextLine>
<TextLine HEIGHT="52" WIDTH="1070" VPOS="805" HPOS="319" LANG="en-US" CS="1">
<String CONTENT="xxiii," HEIGHT="50" WIDTH="140" VPOS="805" HPOS="319"/>
<SP HEIGHT="49" WIDTH="30" VPOS="806" HPOS="460"/>
<String CONTENT="222" HEIGHT="40" WIDTH="89" VPOS="806" HPOS="491"/>
<SP HEIGHT="49" WIDTH="26" VPOS="806" HPOS="581"/>
<String CONTENT="p." HEIGHT="38" WIDTH="43" VPOS="817" HPOS="608"/>
<SP HEIGHT="37" WIDTH="60" VPOS="818" HPOS="652"/>
<String CONTENT="plates," HEIGHT="48" WIDTH="173" VPOS="808" HPOS="713"/>
<SP HEIGHT="39" WIDTH="29" VPOS="818" HPOS="887"/>
<String CONTENT="port.," HEIGHT="48" WIDTH="138" VPOS="809" HPOS="917"/>
<SP HEIGHT="38" WIDTH="27" VPOS="819" HPOS="1056"/>
<String CONTENT="map." HEIGHT="38" WIDTH="126" VPOS="818" HPOS="1084"/>
<SP HEIGHT="41" WIDTH="59" VPOS="809" HPOS="1211"/>
<String CS="1" CONTENT="21cm." HEIGHT="42" WIDTH="118" VPOS="809" HPOS="1271"/>
</TextLine>
<TextLine HEIGHT="49" WIDTH="962" VPOS="865" HPOS="318" STYLEREFS="StyleId-85E09269-B7FA-454A-88D7-92CAA7669D4B-" LANG="en-US">
<String CONTENT="Title" HEIGHT="41" WIDTH="129" VPOS="865" HPOS="318"/>
<SP HEIGHT="31" WIDTH="28" VPOS="875" HPOS="448"/>
<String CONTENT="on" HEIGHT="30" WIDTH="61" VPOS="876" HPOS="477"/>
<SP HEIGHT="39" WIDTH="29" VPOS="867" HPOS="539"/>
<String CONTENT="two" HEIGHT="38" WIDTH="97" VPOS="867" HPOS="569"/>
<SP HEIGHT="40" WIDTH="26" VPOS="865" HPOS="667"/>
<String CONTENT="leaves," HEIGHT="48" WIDTH="179" VPOS="865" HPOS="694"/>
<SP HEIGHT="35" WIDTH="29" VPOS="878" HPOS="874"/>
<String CONTENT="with" HEIGHT="40" WIDTH="121" VPOS="866" HPOS="904"/>
<SP HEIGHT="47" WIDTH="27" VPOS="867" HPOS="1026"/>
<String CONTENT="portrait." HEIGHT="47" WIDTH="226" VPOS="867" HPOS="1054"/>
</TextLine>
<TextLine HEIGHT="52" WIDTH="337" VPOS="921" HPOS="319" STYLEREFS="StyleId-85E09269-B7FA-454A-88D7-92CAA7669D4B-" LANG="en-US">
<String CONTENT="Head-pieces." HEIGHT="52" WIDTH="337" VPOS="921" HPOS="319"/>
</TextLine>
<TextLine HEIGHT="55" WIDTH="1825" VPOS="978" HPOS="246" STYLEREFS="StyleId-85E09269-B7FA-454A-88D7-92CAA7669D4B-" LANG="en-US" CS="1">
<String CONTENT="&#169;" HEIGHT="54" WIDTH="53" VPOS="978" HPOS="246"/>
<SP HEIGHT="54" WIDTH="30" VPOS="978" HPOS="300"/>
<String CONTENT="Sept." HEIGHT="48" WIDTH="129" VPOS="983" HPOS="331"/>
<SP HEIGHT="41" WIDTH="27" VPOS="982" HPOS="461"/>
<String CONTENT="22," HEIGHT="50" WIDTH="71" VPOS="981" HPOS="489"/>
<SP HEIGHT="49" WIDTH="29" VPOS="982" HPOS="561"/>
<String CS="1" CONTENT="1936;" HEIGHT="41" WIDTH="117" VPOS="982" HPOS="591"/>
<SP HEIGHT="47" WIDTH="31" VPOS="982" HPOS="736"/>
<String CS="1" CONTENT="2c." HEIGHT="39" WIDTH="67" VPOS="982" HPOS="768"/>
<SP HEIGHT="29" WIDTH="31" VPOS="993" HPOS="836"/>
<String CONTENT="and" HEIGHT="39" WIDTH="95" VPOS="983" HPOS="868"/>
<SP HEIGHT="39" WIDTH="29" VPOS="983" HPOS="964"/>
<String CONTENT="aff." HEIGHT="39" WIDTH="82" VPOS="983" HPOS="994"/>
<SP HEIGHT="42" WIDTH="33" VPOS="983" HPOS="1077"/>
<String CONTENT="Oct." HEIGHT="42" WIDTH="102" VPOS="983" HPOS="1111"/>
<SP HEIGHT="40" WIDTH="31" VPOS="984" HPOS="1214"/>
<String CS="1" CONTENT="5;" HEIGHT="39" WIDTH="25" VPOS="984" HPOS="1246"/>
<SP HEIGHT="42" WIDTH="30" VPOS="984" HPOS="1298"/>
<!-- cceid A54A4946-6E3A-1014-83DD-942C093A1DD9 --><String CONTENT="A" HEIGHT="39" WIDTH="40" VPOS="984" HPOS="1329"/>
<SP HEIGHT="40" WIDTH="28" VPOS="984" HPOS="1370"/>
<String CS="1" CONTENT="99179;" HEIGHT="42" WIDTH="144" VPOS="983" HPOS="1399"/>
<SP HEIGHT="47" WIDTH="32" VPOS="985" HPOS="1571"/>
<String CONTENT="Yale" HEIGHT="39" WIDTH="121" VPOS="985" HPOS="1604"/>
<SP HEIGHT="29" WIDTH="30" VPOS="995" HPOS="1726"/>
<String CS="1" CONTENT="univ." HEIGHT="41" WIDTH="130" VPOS="984" HPOS="1757"/>
<SP HEIGHT="38" WIDTH="29" VPOS="995" HPOS="1888"/>
<String CONTENT="press." HEIGHT="39" WIDTH="153" VPOS="994" HPOS="1918"/>
</TextLine>
<TextLine HEIGHT="48" WIDTH="285" VPOS="1040" HPOS="327" STYLEREFS="StyleId-85E09269-B7FA-454A-88D7-92CAA7669D4B-" LANG="en-US">
<String CONTENT="(36-22218)" HEIGHT="48" WIDTH="285" VPOS="1040" HPOS="327"/>
</TextLine>
<TextLine HEIGHT="67" WIDTH="1163" VPOS="1130" HPOS="243" LANG="en-US">
<String CONTENT="Youngken," HEIGHT="66" WIDTH="352" VPOS="1130" HPOS="243"/>
<SP HEIGHT="66" WIDTH="25" VPOS="1130" HPOS="596"/>
<String LANG="de" CONTENT="Heber" HEIGHT="53" WIDTH="201" VPOS="1130" HPOS="622"/>
<SP HEIGHT="53" WIDTH="26" VPOS="1132" HPOS="824"/>
<String CONTENT="Wilkinson," HEIGHT="67" WIDTH="351" VPOS="1130" HPOS="851"/>
<SP HEIGHT="60" WIDTH="31" VPOS="1137" HPOS="1203"/>
<String CONTENT="1885-" HEIGHT="50" WIDTH="171" VPOS="1137" HPOS="1235"/>
</TextLine>
<TextLine HEIGHT="73" WIDTH="1889" VPOS="1206" HPOS="315" LANG="en-US" CS="1">
<String CONTENT="A" HEIGHT="54" WIDTH="57" VPOS="1206" HPOS="315"/>
<SP HEIGHT="55" WIDTH="31" VPOS="1206" HPOS="373"/>
<String CONTENT="text" HEIGHT="49" WIDTH="123" VPOS="1212" HPOS="405"/>
<SP HEIGHT="53" WIDTH="24" VPOS="1207" HPOS="529"/>
<String CONTENT="book" HEIGHT="53" WIDTH="149" VPOS="1207" HPOS="554"/>
<SP HEIGHT="53" WIDTH="30" VPOS="1207" HPOS="704"/>
<String CONTENT="of" HEIGHT="54" WIDTH="65" VPOS="1206" HPOS="735"/>
<SP HEIGHT="70" WIDTH="29" VPOS="1206" HPOS="801"/>
<String CONTENT="pharmacognosy," HEIGHT="70" WIDTH="516" VPOS="1208" HPOS="831"/>
<SP HEIGHT="69" WIDTH="29" VPOS="1207" HPOS="1348"/>
<String CONTENT="by" HEIGHT="71" WIDTH="77" VPOS="1207" HPOS="1378"/>
<SP HEIGHT="70" WIDTH="31" VPOS="1208" HPOS="1456"/>
<String LANG="de" CONTENT="Heber" HEIGHT="55" WIDTH="194" VPOS="1207" HPOS="1488"/>
<SP HEIGHT="55" WIDTH="28" VPOS="1208" HPOS="1683"/>
<String CONTENT="W." HEIGHT="55" WIDTH="90" VPOS="1208" HPOS="1712"/>
<SP HEIGHT="52" WIDTH="34" VPOS="1209" HPOS="1803"/>
<String CONTENT="Youngken" HEIGHT="71" WIDTH="327" VPOS="1208" HPOS="1838"/>
<SP HEIGHT="34" WIDTH="38" VPOS="1227" HPOS="2166"/>
<String CS="1" CONTENT="&#8230;"/>
</TextLine>
<TextLine HEIGHT="72" WIDTH="2023" VPOS="1285" HPOS="245" LANG="en-US">
<String CONTENT="4th" HEIGHT="53" WIDTH="101" VPOS="1286" HPOS="245"/>
<SP HEIGHT="54" WIDTH="35" VPOS="1286" HPOS="347"/>
<String CONTENT="ed." HEIGHT="54" WIDTH="84" VPOS="1286" HPOS="383"/>
<SP HEIGHT="34" WIDTH="36" VPOS="1305" HPOS="468"/>
<String CONTENT="rev." HEIGHT="34" WIDTH="115" VPOS="1305" HPOS="505"/>
<SP HEIGHT="36" WIDTH="37" VPOS="1304" HPOS="621"/>
<String CONTENT="and" HEIGHT="54" WIDTH="115" VPOS="1286" HPOS="659"/>
<SP HEIGHT="54" WIDTH="35" VPOS="1286" HPOS="775"/>
<String CONTENT="enl.," HEIGHT="68" WIDTH="127" VPOS="1287" HPOS="811"/>
<SP HEIGHT="50" WIDTH="39" VPOS="1305" HPOS="939"/>
<String CONTENT="with" HEIGHT="55" WIDTH="141" VPOS="1285" HPOS="979"/>
<SP HEIGHT="52" WIDTH="34" VPOS="1287" HPOS="1121"/>
<String CONTENT="469" HEIGHT="50" WIDTH="101" VPOS="1290" HPOS="1156"/>
<SP HEIGHT="53" WIDTH="37" VPOS="1287" HPOS="1258"/>
<String CONTENT="illustrations" HEIGHT="55" WIDTH="386" VPOS="1286" HPOS="1296"/>
<SP HEIGHT="36" WIDTH="33" VPOS="1305" HPOS="1683"/>
<String CONTENT="containing" HEIGHT="71" WIDTH="338" VPOS="1286" HPOS="1717"/>
<SP HEIGHT="52" WIDTH="37" VPOS="1305" HPOS="2056"/>
<String CONTENT="about" HEIGHT="55" WIDTH="174" VPOS="1285" HPOS="2094"/>
</TextLine>
<TextLine HEIGHT="71" WIDTH="2026" VPOS="1363" HPOS="241" LANG="en-US">
<String CONTENT="1500" HEIGHT="51" WIDTH="137" VPOS="1366" HPOS="241"/>
<SP HEIGHT="52" WIDTH="47" VPOS="1365" HPOS="379"/>
<String CONTENT="figures." HEIGHT="70" WIDTH="228" VPOS="1364" HPOS="427"/>
<SP HEIGHT="52" WIDTH="87" VPOS="1366" HPOS="656"/>
<String CONTENT="Philadelphia," HEIGHT="70" WIDTH="433" VPOS="1364" HPOS="744"/>
<SP HEIGHT="67" WIDTH="49" VPOS="1366" HPOS="1178"/>
<String CONTENT="P." HEIGHT="52" WIDTH="66" VPOS="1366" HPOS="1228"/>
<SP HEIGHT="52" WIDTH="54" VPOS="1366" HPOS="1295"/>
<String CONTENT="Blakiston&#8217;s" HEIGHT="56" WIDTH="353" VPOS="1363" HPOS="1350"/>
<SP HEIGHT="36" WIDTH="47" VPOS="1383" HPOS="1704"/>
<String CONTENT="son" HEIGHT="36" WIDTH="100" VPOS="1383" HPOS="1752"/>
<SP HEIGHT="52" WIDTH="53" VPOS="1367" HPOS="1853"/>
<String CONTENT="&amp;" HEIGHT="51" WIDTH="46" VPOS="1367" HPOS="1907"/>
<SP HEIGHT="51" WIDTH="52" VPOS="1367" HPOS="1954"/>
<String CONTENT="co.," HEIGHT="50" WIDTH="99" VPOS="1384" HPOS="2007"/>
<SP HEIGHT="69" WIDTH="51" VPOS="1365" HPOS="2107"/>
<String CONTENT="inc." HEIGHT="54" WIDTH="108" VPOS="1365" HPOS="2159"/>
</TextLine>
<TextLine HEIGHT="0" WIDTH="0" VPOS="0" HPOS="0" LANG="en-US" CS="1">
<String CS="1" CONTENT="[c1936]"/>
</TextLine>
<TextLine HEIGHT="50" WIDTH="649" VPOS="1516" HPOS="315" STYLEREFS="StyleId-85E09269-B7FA-454A-88D7-92CAA7669D4B-" LANG="en-US" CS="1">
<String CONTENT="xiv," HEIGHT="48" WIDTH="96" VPOS="1516" HPOS="315"/>
<SP HEIGHT="47" WIDTH="25" VPOS="1517" HPOS="412"/>
<String CONTENT="924" HEIGHT="42" WIDTH="86" VPOS="1516" HPOS="438"/>
<SP HEIGHT="47" WIDTH="25" VPOS="1519" HPOS="525"/>
<String CONTENT="p." HEIGHT="38" WIDTH="42" VPOS="1528" HPOS="551"/>
<SP HEIGHT="40" WIDTH="60" VPOS="1517" HPOS="594"/>
<String CONTENT="illus." HEIGHT="42" WIDTH="131" VPOS="1517" HPOS="655"/>
<SP HEIGHT="41" WIDTH="59" VPOS="1518" HPOS="787"/>
<String CS="1" CONTENT="24cm." HEIGHT="41" WIDTH="117" VPOS="1517" HPOS="847"/>
</TextLine>
<TextLine HEIGHT="52" WIDTH="581" VPOS="1572" HPOS="317" STYLEREFS="StyleId-85E09269-B7FA-454A-88D7-92CAA7669D4B-" LANG="en-US">
<String CONTENT="Bibliography:" HEIGHT="52" WIDTH="379" VPOS="1572" HPOS="317"/>
<SP HEIGHT="39" WIDTH="27" VPOS="1585" HPOS="697"/>
<String CONTENT="p." HEIGHT="39" WIDTH="43" VPOS="1585" HPOS="725"/>
<SP HEIGHT="43" WIDTH="28" VPOS="1574" HPOS="769"/>
<String CONTENT="873." HEIGHT="43" WIDTH="100" VPOS="1574" HPOS="798"/>
</TextLine>
<TextLine HEIGHT="54" WIDTH="2023" VPOS="1629" HPOS="244" STYLEREFS="StyleId-85E09269-B7FA-454A-88D7-92CAA7669D4B-" LANG="en-US">
<String CONTENT="&#169;" HEIGHT="54" WIDTH="54" VPOS="1629" HPOS="244"/>
<SP HEIGHT="54" WIDTH="28" VPOS="1629" HPOS="299"/>
<String CONTENT="Sept." HEIGHT="48" WIDTH="129" VPOS="1634" HPOS="328"/>
<SP HEIGHT="40" WIDTH="26" VPOS="1635" HPOS="458"/>
<String CONTENT="30," HEIGHT="49" WIDTH="71" VPOS="1634" HPOS="485"/>
<SP HEIGHT="48" WIDTH="28" VPOS="1635" HPOS="557"/>
<String CONTENT="1936;" HEIGHT="48" WIDTH="143" VPOS="1634" HPOS="586"/>
<SP HEIGHT="47" WIDTH="29" VPOS="1635" HPOS="730"/>
<String CONTENT="2c." HEIGHT="41" WIDTH="68" VPOS="1635" HPOS="760"/>
<SP HEIGHT="31" WIDTH="28" VPOS="1645" HPOS="829"/>
<String CONTENT="and" HEIGHT="41" WIDTH="96" VPOS="1634" HPOS="858"/>
<SP HEIGHT="40" WIDTH="28" VPOS="1634" HPOS="955"/>
<String CONTENT="aff." HEIGHT="41" WIDTH="82" VPOS="1634" HPOS="984"/>
<SP HEIGHT="40" WIDTH="31" VPOS="1635" HPOS="1067"/>
<String CONTENT="Oct." HEIGHT="40" WIDTH="101" VPOS="1635" HPOS="1099"/>
<SP HEIGHT="40" WIDTH="30" VPOS="1635" HPOS="1201"/>
<String CONTENT="1;" HEIGHT="47" WIDTH="52" VPOS="1635" HPOS="1232"/>
<SP HEIGHT="46" WIDTH="28" VPOS="1636" HPOS="1285"/>
<!-- cceid A54A8A9F-6E3A-1014-83DD-942C093A1DD9 --><String CONTENT="A" HEIGHT="39" WIDTH="40" VPOS="1636" HPOS="1314"/>
<SP HEIGHT="39" WIDTH="27" VPOS="1636" HPOS="1355"/>
<String CONTENT="99098;" HEIGHT="48" WIDTH="173" VPOS="1635" HPOS="1383"/>
<SP HEIGHT="47" WIDTH="30" VPOS="1636" HPOS="1557"/>
<String CONTENT="P." HEIGHT="39" WIDTH="52" VPOS="1636" HPOS="1588"/>
<SP HEIGHT="39" WIDTH="29" VPOS="1636" HPOS="1641"/>
<String CONTENT="Blakiston&#8217;s" HEIGHT="40" WIDTH="304" VPOS="1635" HPOS="1671"/>
<SP HEIGHT="30" WIDTH="28" VPOS="1645" HPOS="1976"/>
<String CONTENT="son" HEIGHT="31" WIDTH="86" VPOS="1645" HPOS="2005"/>
<SP HEIGHT="39" WIDTH="27" VPOS="1637" HPOS="2092"/>
<String CONTENT="&amp;" HEIGHT="39" WIDTH="39" VPOS="1637" HPOS="2120"/>
<SP HEIGHT="39" WIDTH="23" VPOS="1637" HPOS="2160"/>
<String CONTENT="co.," HEIGHT="39" WIDTH="83" VPOS="1644" HPOS="2184"/>
</TextLine>
<TextLine HEIGHT="49" WIDTH="451" VPOS="1691" HPOS="314" STYLEREFS="StyleId-85E09269-B7FA-454A-88D7-92CAA7669D4B-" LANG="en-US">
<String CONTENT="inc." HEIGHT="41" WIDTH="92" VPOS="1691" HPOS="314"/>
<SP HEIGHT="48" WIDTH="73" VPOS="1692" HPOS="407"/>
<String CONTENT="(36-21444)" HEIGHT="48" WIDTH="284" VPOS="1692" HPOS="481"/>
</TextLine>
<TextLine HEIGHT="68" WIDTH="686" VPOS="1782" HPOS="243" LANG="en-US">
<String CONTENT="Zakrzewska," HEIGHT="68" WIDTH="411" VPOS="1782" HPOS="243"/>
<SP HEIGHT="65" WIDTH="26" VPOS="1785" HPOS="655"/>
<String CONTENT="Helena." HEIGHT="54" WIDTH="247" VPOS="1784" HPOS="682"/>
</TextLine>
<TextLine HEIGHT="70" WIDTH="1678" VPOS="1861" HPOS="378" LANG="fr" CS="1">
<String LANG="en-US" CS="1" CONTENT="&#8230;"/>
<SP HEIGHT="52" WIDTH="24" VPOS="1862" HPOS="378"/>
<String CONTENT="Le" HEIGHT="54" WIDTH="81" VPOS="1862" HPOS="403"/>
<SP HEIGHT="35" WIDTH="19" VPOS="1881" HPOS="485"/>
<String CONTENT="manoir" HEIGHT="53" WIDTH="227" VPOS="1862" HPOS="505"/>
<SP HEIGHT="35" WIDTH="22" VPOS="1881" HPOS="733"/>
<String CS="1" CONTENT="enchant&#233;;" HEIGHT="55" WIDTH="276" VPOS="1861" HPOS="756"/>
<SP HEIGHT="48" WIDTH="26" VPOS="1881" HPOS="1061"/>
<String LANG="en-US" CONTENT="roman," HEIGHT="50" WIDTH="218" VPOS="1881" HPOS="1088"/>
<SP HEIGHT="49" WIDTH="22" VPOS="1882" HPOS="1307"/>
<String CONTENT="adapt&#233;" HEIGHT="69" WIDTH="210" VPOS="1862" HPOS="1330"/>
<SP HEIGHT="53" WIDTH="20" VPOS="1863" HPOS="1541"/>
<String CONTENT="du" HEIGHT="53" WIDTH="77" VPOS="1863" HPOS="1562"/>
<SP HEIGHT="48" WIDTH="22" VPOS="1881" HPOS="1640"/>
<String CONTENT="polonais" HEIGHT="67" WIDTH="260" VPOS="1862" HPOS="1663"/>
<SP HEIGHT="48" WIDTH="22" VPOS="1881" HPOS="1924"/>
<String CONTENT="par" HEIGHT="48" WIDTH="109" VPOS="1881" HPOS="1947"/>
</TextLine>
<TextLine HEIGHT="159" WIDTH="2025" VPOS="1850" HPOS="245" LANG="fr" CS="1">
<String CONTENT="&#201;lisabeth" HEIGHT="144" WIDTH="1998" VPOS="1850" HPOS="245"/>
<SP HEIGHT="56" WIDTH="42" VPOS="1940" HPOS="379"/>
<String LANG="de" CONTENT="Julia;" HEIGHT="68" WIDTH="192" VPOS="1939" HPOS="422"/>
<SP HEIGHT="66" WIDTH="46" VPOS="1941" HPOS="615"/>
<String CONTENT="illustrations" HEIGHT="55" WIDTH="386" VPOS="1940" HPOS="662"/>
<SP HEIGHT="53" WIDTH="42" VPOS="1941" HPOS="1049"/>
<String CONTENT="de" HEIGHT="54" WIDTH="69" VPOS="1941" HPOS="1092"/>
<SP HEIGHT="53" WIDTH="41" VPOS="1942" HPOS="1162"/>
<String CONTENT="Zophia" HEIGHT="67" WIDTH="221" VPOS="1942" HPOS="1204"/>
<SP HEIGHT="53" WIDTH="41" VPOS="1943" HPOS="1426"/>
<String CONTENT="Piramowicz;" HEIGHT="69" WIDTH="407" VPOS="1940" HPOS="1468"/>
<SP HEIGHT="50" WIDTH="45" VPOS="1959" HPOS="1876"/>
<String CONTENT="pr&#233;face" HEIGHT="69" WIDTH="235" VPOS="1940" HPOS="1922"/>
<SP HEIGHT="53" WIDTH="41" VPOS="1941" HPOS="2158"/>
<String CONTENT="de" HEIGHT="53" WIDTH="70" VPOS="1941" HPOS="2200"/>
</TextLine>
<TextLine HEIGHT="70" WIDTH="2018" VPOS="2018" HPOS="244" LANG="fr" CS="1">
<String LANG="de" CONTENT="Fortunat" HEIGHT="53" WIDTH="288" VPOS="2020" HPOS="244"/>
<SP HEIGHT="56" WIDTH="26" VPOS="2018" HPOS="533"/>
<String CONTENT="Strowski" HEIGHT="56" WIDTH="279" VPOS="2018" HPOS="560"/>
<SP HEIGHT="52" WIDTH="33" VPOS="2021" HPOS="840"/>
<String CS="1" CONTENT="&#8230;"/>
<SP HEIGHT="52" WIDTH="78" VPOS="2021" HPOS="931"/>
<String CONTENT="Paris," HEIGHT="65" WIDTH="186" VPOS="2018" HPOS="1010"/>
<SP HEIGHT="62" WIDTH="24" VPOS="2021" HPOS="1197"/>
<String CONTENT="Descl&#233;e," HEIGHT="66" WIDTH="250" VPOS="2020" HPOS="1222"/>
<SP HEIGHT="65" WIDTH="24" VPOS="2021" HPOS="1473"/>
<String CONTENT="de" HEIGHT="53" WIDTH="69" VPOS="2021" HPOS="1498"/>
<SP HEIGHT="52" WIDTH="23" VPOS="2022" HPOS="1568"/>
<String CONTENT="Brouwer" HEIGHT="52" WIDTH="277" VPOS="2022" HPOS="1592"/>
<SP HEIGHT="37" WIDTH="22" VPOS="2038" HPOS="1870"/>
<String CONTENT="et" HEIGHT="48" WIDTH="56" VPOS="2028" HPOS="1893"/>
<SP HEIGHT="48" WIDTH="25" VPOS="2028" HPOS="1950"/>
<String CONTENT="cie" HEIGHT="54" WIDTH="80" VPOS="2019" HPOS="1976"/>
<SP HEIGHT="49" WIDTH="31" VPOS="2039" HPOS="2057"/>
<String CONTENT="[1936]" HEIGHT="65" WIDTH="173" VPOS="2023" HPOS="2089"/>
</TextLine>
<TextLine HEIGHT="51" WIDTH="1949" VPOS="2091" HPOS="317" CS="1">
<String LANG="fr" CONTENT="2" HEIGHT="40" WIDTH="28" VPOS="2092" HPOS="317"/>
<SP HEIGHT="49" WIDTH="34" VPOS="2092" HPOS="346"/>
<String LANG="fr" CONTENT="p." HEIGHT="39" WIDTH="43" VPOS="2102" HPOS="381"/>
<SP/>
<String LANG="fr" CS="1" CONTENT="l.,"/>
<SP/>
<String LANG="fr" CONTENT="[7]-286" HEIGHT="50" WIDTH="181" VPOS="2091" HPOS="551"/>
<SP HEIGHT="50" WIDTH="33" VPOS="2091" HPOS="733"/>
<String LANG="fr" CONTENT="p.," HEIGHT="38" WIDTH="58" VPOS="2103" HPOS="767"/>
<SP HEIGHT="48" WIDTH="38" VPOS="2093" HPOS="826"/>
<String LANG="fr" CONTENT="1" HEIGHT="40" WIDTH="24" VPOS="2093" HPOS="865"/>
<SP HEIGHT="40" WIDTH="35" VPOS="2093" HPOS="890"/>
<String LANG="fr" CS="1" CONTENT="l." HEIGHT="9" WIDTH="9" VPOS="2125" HPOS="948"/>
<SP HEIGHT="42" WIDTH="36" VPOS="2092" HPOS="958"/>
<String LANG="en-US" CS="1" CONTENT="incl." HEIGHT="40" WIDTH="78" VPOS="2092" HPOS="995"/>
<SP HEIGHT="47" WIDTH="35" VPOS="2094" HPOS="1107"/>
<String LANG="fr" CONTENT="plates." HEIGHT="48" WIDTH="173" VPOS="2093" HPOS="1143"/>
<SP HEIGHT="41" WIDTH="60" VPOS="2093" HPOS="1317"/>
<String LANG="fr" CS="1" CONTENT="19" HEIGHT="41" WIDTH="27" VPOS="2093" HPOS="1407"/>
<String LANG="en-US" CS="1" CONTENT="&#215;1"/>
<String LANG="fr" CONTENT="5cm." HEIGHT="41" WIDTH="86" VPOS="2093" HPOS="1532"/>
<SP HEIGHT="49" WIDTH="68" VPOS="2093" HPOS="1619"/>
<String LANG="en-US" CONTENT="(On" HEIGHT="49" WIDTH="102" VPOS="2093" HPOS="1688"/>
<SP HEIGHT="31" WIDTH="34" VPOS="2103" HPOS="1791"/>
<String LANG="en-US" CONTENT="cover:" HEIGHT="31" WIDTH="166" VPOS="2103" HPOS="1826"/>
<SP HEIGHT="40" WIDTH="36" VPOS="2093" HPOS="1993"/>
<String LANG="fr" CONTENT="Pour" HEIGHT="40" WIDTH="129" VPOS="2093" HPOS="2030"/>
<SP HEIGHT="37" WIDTH="36" VPOS="2095" HPOS="2160"/>
<String LANG="fr" CONTENT="les" HEIGHT="38" WIDTH="69" VPOS="2095" HPOS="2197"/>
</TextLine>
<TextLine HEIGHT="51" WIDTH="783" VPOS="2150" HPOS="245" LANG="fr">
<String CONTENT="moins" HEIGHT="42" WIDTH="158" VPOS="2150" HPOS="245"/>
<SP HEIGHT="40" WIDTH="28" VPOS="2151" HPOS="404"/>
<String CONTENT="de" HEIGHT="40" WIDTH="59" VPOS="2151" HPOS="433"/>
<SP HEIGHT="41" WIDTH="26" VPOS="2150" HPOS="493"/>
<String CONTENT="15" HEIGHT="40" WIDTH="57" VPOS="2150" HPOS="520"/>
<SP HEIGHT="41" WIDTH="26" VPOS="2150" HPOS="578"/>
<String CONTENT="ans." HEIGHT="30" WIDTH="104" VPOS="2161" HPOS="605"/>
<SP HEIGHT="31" WIDTH="63" VPOS="2170" HPOS="710"/>
<String CONTENT="[S&#233;rie" HEIGHT="51" WIDTH="153" VPOS="2150" HPOS="774"/>
<SP HEIGHT="30" WIDTH="26" VPOS="2162" HPOS="928"/>
<String CONTENT="A])" HEIGHT="48" WIDTH="73" VPOS="2152" HPOS="955"/>
</TextLine>
<TextLine HEIGHT="55" WIDTH="2023" VPOS="2205" HPOS="243" STYLEREFS="StyleId-85E09269-B7FA-454A-88D7-92CAA7669D4B-" CS="1">
<String LANG="fr" CONTENT="&#169;" HEIGHT="55" WIDTH="53" VPOS="2205" HPOS="243"/>
<SP HEIGHT="55" WIDTH="33" VPOS="2205" HPOS="297"/>
<String LANG="en-US" CONTENT="July" HEIGHT="48" WIDTH="118" VPOS="2209" HPOS="331"/>
<SP HEIGHT="47" WIDTH="32" VPOS="2210" HPOS="450"/>
<String LANG="fr" CONTENT="3," HEIGHT="48" WIDTH="40" VPOS="2210" HPOS="483"/>
<SP HEIGHT="49" WIDTH="34" VPOS="2209" HPOS="524"/>
<String LANG="fr" CS="1" CONTENT="1936;" HEIGHT="41" WIDTH="116" VPOS="2209" HPOS="559"/>
<SP/>
<String LANG="fr" CS="1" CONTENT="1c."/>
<SP/>
<String LANG="fr" CONTENT="Aug." HEIGHT="49" WIDTH="121" VPOS="2209" HPOS="841"/>
<SP HEIGHT="41" WIDTH="34" VPOS="2209" HPOS="963"/>
<String LANG="fr" CS="1" CONTENT="27;" HEIGHT="41" WIDTH="58" VPOS="2209" HPOS="998"/>
<SP HEIGHT="41" WIDTH="38" VPOS="2210" HPOS="1082"/>
<!-- cceid A54AC8E3-6E3A-1014-83DD-942C093A1DD9 --><String LANG="fr" CONTENT="A-" HEIGHT="39" WIDTH="103" VPOS="2210" HPOS="1121"/>
<String LANG="en-US" CONTENT="Foreign" HEIGHT="45" WIDTH="209" VPOS="2208" HPOS="1226"/>
<SP HEIGHT="39" WIDTH="33" VPOS="2211" HPOS="1436"/>
<String LANG="fr" CS="1" CONTENT="32855;" HEIGHT="42" WIDTH="145" VPOS="2208" HPOS="1470"/>
<SP HEIGHT="48" WIDTH="37" VPOS="2210" HPOS="1644"/>
<String LANG="fr" CONTENT="Descl&#233;e," HEIGHT="50" WIDTH="216" VPOS="2208" HPOS="1682"/>
<SP HEIGHT="50" WIDTH="36" VPOS="2208" HPOS="1899"/>
<String LANG="fr" CONTENT="de" HEIGHT="40" WIDTH="60" VPOS="2208" HPOS="1936"/>
<SP HEIGHT="40" WIDTH="33" VPOS="2208" HPOS="1997"/>
<String LANG="fr" CONTENT="Brouwer" HEIGHT="40" WIDTH="235" VPOS="2208" HPOS="2031"/>
</TextLine>
<TextLine HEIGHT="49" WIDTH="517" VPOS="2267" HPOS="314" STYLEREFS="StyleId-85E09269-B7FA-454A-88D7-92CAA7669D4B-" LANG="fr">
<String CONTENT="et" HEIGHT="38" WIDTH="48" VPOS="2269" HPOS="314"/>
<SP HEIGHT="38" WIDTH="28" VPOS="2269" HPOS="363"/>
<String CONTENT="cie." HEIGHT="42" WIDTH="85" VPOS="2267" HPOS="392"/>
<SP HEIGHT="48" WIDTH="68" VPOS="2268" HPOS="478"/>
<String CONTENT="(36-22213)" HEIGHT="49" WIDTH="284" VPOS="2267" HPOS="547"/>
</TextLine>
<TextLine HEIGHT="69" WIDTH="1161" VPOS="2357" HPOS="242">
<String LANG="fr" CONTENT="Zedtwitz," HEIGHT="65" WIDTH="307" VPOS="2357" HPOS="242"/>
<SP HEIGHT="63" WIDTH="26" VPOS="2359" HPOS="550"/>
<String LANG="fr" CONTENT="Franz" HEIGHT="53" WIDTH="193" VPOS="2359" HPOS="577"/>
<SP HEIGHT="52" WIDTH="26" VPOS="2359" HPOS="771"/>
<String LANG="de" CONTENT="Xaver," HEIGHT="65" WIDTH="219" VPOS="2359" HPOS="798"/>
<SP HEIGHT="48" WIDTH="27" VPOS="2378" HPOS="1018"/>
<String LANG="de" CONTENT="graf," HEIGHT="66" WIDTH="154" VPOS="2360" HPOS="1046"/>
<SP HEIGHT="62" WIDTH="29" VPOS="2363" HPOS="1201"/>
<String LANG="fr" CONTENT="1906-" HEIGHT="51" WIDTH="172" VPOS="2362" HPOS="1231"/>
</TextLine>
<TextLine HEIGHT="71" WIDTH="1888" VPOS="2434" HPOS="380" LANG="de" CS="1">
<String LANG="fr" CS="1" CONTENT="&#8230;"/>
<SP HEIGHT="56" WIDTH="37" VPOS="2434" HPOS="380"/>
<String CONTENT="Schwingen" HEIGHT="71" WIDTH="346" VPOS="2434" HPOS="418"/>
<SP HEIGHT="50" WIDTH="28" VPOS="2439" HPOS="765"/>
<String CONTENT="&#252;ber" HEIGHT="53" WIDTH="141" VPOS="2436" HPOS="794"/>
<SP HEIGHT="54" WIDTH="29" VPOS="2435" HPOS="936"/>
<String CONTENT="feld" HEIGHT="54" WIDTH="122" VPOS="2435" HPOS="966"/>
<SP HEIGHT="53" WIDTH="26" VPOS="2436" HPOS="1089"/>
<String CONTENT="und" HEIGHT="53" WIDTH="119" VPOS="2436" HPOS="1116"/>
<SP HEIGHT="53" WIDTH="30" VPOS="2436" HPOS="1236"/>
<String CONTENT="flur;" HEIGHT="67" WIDTH="138" VPOS="2435" HPOS="1267"/>
<SP HEIGHT="67" WIDTH="31" VPOS="2435" HPOS="1406"/>
<String CONTENT="bilder" HEIGHT="54" WIDTH="188" VPOS="2434" HPOS="1438"/>
<SP HEIGHT="34" WIDTH="29" VPOS="2454" HPOS="1627"/>
<String CONTENT="aus" HEIGHT="36" WIDTH="100" VPOS="2453" HPOS="1657"/>
<SP HEIGHT="54" WIDTH="31" VPOS="2435" HPOS="1758"/>
<String CONTENT="der" HEIGHT="53" WIDTH="100" VPOS="2435" HPOS="1790"/>
<SP HEIGHT="54" WIDTH="26" VPOS="2434" HPOS="1891"/>
<String CONTENT="heimischen" HEIGHT="54" WIDTH="350" VPOS="2434" HPOS="1918"/>
</TextLine>
<TextLine HEIGHT="72" WIDTH="2020" VPOS="2512" HPOS="248" LANG="de">
<String CONTENT="vogelwelt," HEIGHT="69" WIDTH="318" VPOS="2515" HPOS="248"/>
<SP HEIGHT="49" WIDTH="36" VPOS="2533" HPOS="567"/>
<String CONTENT="mit" HEIGHT="54" WIDTH="110" VPOS="2513" HPOS="604"/>
<SP HEIGHT="47" WIDTH="33" VPOS="2520" HPOS="715"/>
<String CONTENT="vielen" HEIGHT="53" WIDTH="185" VPOS="2514" HPOS="749"/>
<SP HEIGHT="50" WIDTH="38" VPOS="2533" HPOS="935"/>
<String CONTENT="ganzseittigen" HEIGHT="71" WIDTH="419" VPOS="2512" HPOS="974"/>
<SP HEIGHT="48" WIDTH="35" VPOS="2520" HPOS="1394"/>
<String CONTENT="tiefdruckbildern." HEIGHT="56" WIDTH="542" VPOS="2512" HPOS="1430"/>
<SP HEIGHT="53" WIDTH="76" VPOS="2515" HPOS="1973"/>
<String CONTENT="Berlin," HEIGHT="69" WIDTH="218" VPOS="2512" HPOS="2050"/>
</TextLine>
<TextLine HEIGHT="69" WIDTH="657" VPOS="2593" HPOS="248" LANG="de">
<String CONTENT="Safari-verlag" HEIGHT="69" WIDTH="429" VPOS="2593" HPOS="248"/>
<SP HEIGHT="50" WIDTH="31" VPOS="2612" HPOS="678"/>
<String CONTENT="[c1934]" HEIGHT="65" WIDTH="195" VPOS="2596" HPOS="710"/>
</TextLine>
<TextLine HEIGHT="51" WIDTH="775" VPOS="2667" HPOS="317" STYLEREFS="StyleId-85E09269-B7FA-454A-88D7-92CAA7669D4B-" CS="1">
<String LANG="de" CONTENT="284." HEIGHT="40" WIDTH="100" VPOS="2668" HPOS="317"/>
<SP HEIGHT="30" WIDTH="32" VPOS="2688" HPOS="418"/>
<String LANG="de" CONTENT="[3]" HEIGHT="49" WIDTH="54" VPOS="2669" HPOS="451"/>
<SP HEIGHT="38" WIDTH="29" VPOS="2679" HPOS="506"/>
<String LANG="de" CONTENT="p." HEIGHT="37" WIDTH="43" VPOS="2679" HPOS="536"/>
<SP HEIGHT="41" WIDTH="26" VPOS="2667" HPOS="580"/>
<String LANG="en-US" CS="1" CONTENT="incl." HEIGHT="41" WIDTH="78" VPOS="2667" HPOS="607"/>
<SP HEIGHT="47" WIDTH="25" VPOS="2669" HPOS="720"/>
<String LANG="en-US" CONTENT="plates." HEIGHT="47" WIDTH="174" VPOS="2669" HPOS="746"/>
<SP HEIGHT="40" WIDTH="52" VPOS="2668" HPOS="921"/>
<String LANG="de" CONTENT="24cm." HEIGHT="40" WIDTH="118" VPOS="2668" HPOS="974"/>
</TextLine>
<TextLine HEIGHT="50" WIDTH="1059" VPOS="2723" HPOS="318" STYLEREFS="StyleId-85E09269-B7FA-454A-88D7-92CAA7669D4B-" LANG="en-US" CS="1">
<String CONTENT="At" HEIGHT="41" WIDTH="65" VPOS="2725" HPOS="318"/>
<SP HEIGHT="41" WIDTH="21" VPOS="2725" HPOS="384"/>
<String CONTENT="head" HEIGHT="40" WIDTH="127" VPOS="2725" HPOS="406"/>
<SP HEIGHT="40" WIDTH="25" VPOS="2726" HPOS="534"/>
<String CONTENT="of" HEIGHT="41" WIDTH="52" VPOS="2725" HPOS="560"/>
<SP HEIGHT="39" WIDTH="21" VPOS="2725" HPOS="613"/>
<String CS="1" CONTENT="title:" HEIGHT="41" WIDTH="111" VPOS="2724" HPOS="635"/>
<SP HEIGHT="43" WIDTH="28" VPOS="2724" HPOS="773"/>
<String CONTENT="Franz" HEIGHT="41" WIDTH="161" VPOS="2724" HPOS="802"/>
<SP HEIGHT="37" WIDTH="22" VPOS="2736" HPOS="964"/>
<String CONTENT="graf" HEIGHT="48" WIDTH="114" VPOS="2725" HPOS="987"/>
<SP HEIGHT="40" WIDTH="24" VPOS="2725" HPOS="1102"/>
<String CONTENT="Zedtwitz." HEIGHT="42" WIDTH="250" VPOS="2723" HPOS="1127"/>
</TextLine>
<TextLine HEIGHT="54" WIDTH="2021" VPOS="2777" HPOS="242" STYLEREFS="StyleId-85E09269-B7FA-454A-88D7-92CAA7669D4B-" LANG="en-US" CS="1">
<String CONTENT="&#169;" HEIGHT="54" WIDTH="53" VPOS="2777" HPOS="242"/>
<SP HEIGHT="54" WIDTH="34" VPOS="2777" HPOS="296"/>
<String CONTENT="Dec." HEIGHT="41" WIDTH="112" VPOS="2783" HPOS="331"/>
<SP HEIGHT="41" WIDTH="33" VPOS="2783" HPOS="444"/>
<String CONTENT="31," HEIGHT="47" WIDTH="70" VPOS="2783" HPOS="478"/>
<SP HEIGHT="48" WIDTH="35" VPOS="2782" HPOS="549"/>
<String CS="1" CONTENT="1934;" HEIGHT="42" WIDTH="116" VPOS="2781" HPOS="585"/>
<SP/>
<String CS="1" CONTENT="1c."/>
<SP/>
<String CONTENT="Aug." HEIGHT="47" WIDTH="122" VPOS="2782" HPOS="869"/>
<SP HEIGHT="41" WIDTH="34" VPOS="2782" HPOS="992"/>
<String CS="1" CONTENT="18," HEIGHT="48" WIDTH="39" VPOS="2782" HPOS="1058"/>
<SP HEIGHT="48" WIDTH="35" VPOS="2782" HPOS="1098"/>
<String CS="1" CONTENT="1936:" HEIGHT="40" WIDTH="115" VPOS="2782" HPOS="1134"/>
<SP HEIGHT="41" WIDTH="37" VPOS="2782" HPOS="1277"/>
<!-- cceid A54B0A3F-6E3A-1014-83DD-942C093A1DD9 --><String CONTENT="A-Foreign" HEIGHT="49" WIDTH="315" VPOS="2780" HPOS="1315"/>
<SP HEIGHT="41" WIDTH="30" VPOS="2782" HPOS="1631"/>
<String CS="1" CONTENT="32687;" HEIGHT="42" WIDTH="146" VPOS="2781" HPOS="1662"/>
<SP HEIGHT="47" WIDTH="41" VPOS="2782" HPOS="1836"/>
<String CONTENT="Safari" HEIGHT="42" WIDTH="170" VPOS="2781" HPOS="1878"/>
<SP HEIGHT="40" WIDTH="31" VPOS="2781" HPOS="2049"/>
<String CONTENT="verlag," HEIGHT="48" WIDTH="182" VPOS="2781" HPOS="2081"/>
</TextLine>
<TextLine HEIGHT="49" WIDTH="626" VPOS="2838" HPOS="315" STYLEREFS="StyleId-85E09269-B7FA-454A-88D7-92CAA7669D4B-" LANG="en-US">
<String CONTENT="g." HEIGHT="38" WIDTH="40" VPOS="2849" HPOS="315"/>
<SP HEIGHT="29" WIDTH="28" VPOS="2849" HPOS="356"/>
<String CONTENT="m." HEIGHT="31" WIDTH="60" VPOS="2849" HPOS="385"/>
<SP HEIGHT="41" WIDTH="26" VPOS="2839" HPOS="446"/>
<String CONTENT="b." HEIGHT="40" WIDTH="42" VPOS="2839" HPOS="473"/>
<SP HEIGHT="39" WIDTH="26" VPOS="2840" HPOS="516"/>
<String CONTENT="h." HEIGHT="40" WIDTH="47" VPOS="2840" HPOS="543"/>
<SP HEIGHT="48" WIDTH="66" VPOS="2838" HPOS="591"/>
<String CONTENT="(36-21141)" HEIGHT="48" WIDTH="283" VPOS="2838" HPOS="658"/>
</TextLine>
<TextLine HEIGHT="70" WIDTH="1888" VPOS="2928" HPOS="378" LANG="de" CS="1">
<String LANG="en-US" CS="1" CONTENT="&#8230;"/>
<SP HEIGHT="54" WIDTH="28" VPOS="2930" HPOS="378"/>
<String CONTENT="Wunderbare" HEIGHT="55" WIDTH="400" VPOS="2929" HPOS="407"/>
<SP HEIGHT="52" WIDTH="23" VPOS="2930" HPOS="808"/>
<String CONTENT="kleine" HEIGHT="54" WIDTH="191" VPOS="2929" HPOS="832"/>
<SP HEIGHT="34" WIDTH="23" VPOS="2949" HPOS="1024"/>
<String LANG="fi" CONTENT="Tvelt;" HEIGHT="66" WIDTH="160" VPOS="2930" HPOS="1048"/>
<SP HEIGHT="47" WIDTH="31" VPOS="2949" HPOS="1209"/>
<String CONTENT="ein" HEIGHT="53" WIDTH="89" VPOS="2932" HPOS="1241"/>
<SP HEIGHT="53" WIDTH="25" VPOS="2930" HPOS="1331"/>
<String CONTENT="buch" HEIGHT="53" WIDTH="148" VPOS="2930" HPOS="1357"/>
<SP HEIGHT="52" WIDTH="27" VPOS="2930" HPOS="1506"/>
<String CONTENT="von" HEIGHT="35" WIDTH="111" VPOS="2947" HPOS="1534"/>
<SP HEIGHT="53" WIDTH="25" VPOS="2929" HPOS="1646"/>
<String CONTENT="heimischem" HEIGHT="55" WIDTH="369" VPOS="2929" HPOS="1672"/>
<SP HEIGHT="50" WIDTH="24" VPOS="2948" HPOS="2042"/>
<String CONTENT="getier," HEIGHT="70" WIDTH="199" VPOS="2928" HPOS="2067"/>
</TextLine>
<TextLine HEIGHT="71" WIDTH="2021" VPOS="3007" HPOS="246" LANG="de">
<String CONTENT="mit" HEIGHT="59" WIDTH="105" VPOS="3009" HPOS="246"/>
<SP HEIGHT="47" WIDTH="35" VPOS="3016" HPOS="352"/>
<String CONTENT="vielen" HEIGHT="54" WIDTH="183" VPOS="3008" HPOS="388"/>
<SP HEIGHT="48" WIDTH="39" VPOS="3028" HPOS="572"/>
<String CONTENT="ganzseitigen" HEIGHT="71" WIDTH="391" VPOS="3007" HPOS="612"/>
<SP HEIGHT="48" WIDTH="36" VPOS="3014" HPOS="1004"/>
<String CONTENT="tiefdruckbildern" HEIGHT="55" WIDTH="522" VPOS="3008" HPOS="1041"/>
<SP HEIGHT="35" WIDTH="33" VPOS="3028" HPOS="1564"/>
<String CONTENT="und" HEIGHT="52" WIDTH="119" VPOS="3009" HPOS="1598"/>
<SP HEIGHT="52" WIDTH="36" VPOS="3009" HPOS="1718"/>
<String CONTENT="einem" HEIGHT="53" WIDTH="182" VPOS="3009" HPOS="1755"/>
<SP HEIGHT="35" WIDTH="33" VPOS="3027" HPOS="1938"/>
<String CONTENT="nachwort" HEIGHT="53" WIDTH="295" VPOS="3008" HPOS="1972"/>
</TextLine>
<TextLine HEIGHT="70" WIDTH="1570" VPOS="3086" HPOS="247" LANG="de" CS="1">
<String CONTENT="von" HEIGHT="33" WIDTH="111" VPOS="3107" HPOS="247"/>
<SP HEIGHT="52" WIDTH="23" VPOS="3089" HPOS="359"/>
<String CONTENT="dr." HEIGHT="53" WIDTH="85" VPOS="3089" HPOS="383"/>
<SP HEIGHT="55" WIDTH="24" VPOS="3087" HPOS="469"/>
<String CONTENT="Otto" HEIGHT="55" WIDTH="141" VPOS="3087" HPOS="494"/>
<SP HEIGHT="56" WIDTH="25" VPOS="3086" HPOS="636"/>
<String CONTENT="Gross." HEIGHT="56" WIDTH="193" VPOS="3086" HPOS="662"/>
<SP HEIGHT="52" WIDTH="60" VPOS="3088" HPOS="856"/>
<String CONTENT="Berlin," HEIGHT="58" WIDTH="218" VPOS="3087" HPOS="917"/>
<SP HEIGHT="58" WIDTH="27" VPOS="3087" HPOS="1136"/>
<String CONTENT="Safari-verlag" HEIGHT="69" WIDTH="428" VPOS="3087" HPOS="1164"/>
<SP HEIGHT="49" WIDTH="28" VPOS="3107" HPOS="1593"/>
<String CS="1" CONTENT="[c1934]" HEIGHT="64" WIDTH="177" VPOS="3091" HPOS="1640"/>
</TextLine>
<TextLine HEIGHT="50" WIDTH="902" VPOS="3162" HPOS="317" STYLEREFS="StyleId-85E09269-B7FA-454A-88D7-92CAA7669D4B-" CS="1">
<String LANG="de" CONTENT="313," HEIGHT="48" WIDTH="99" VPOS="3162" HPOS="317"/>
<SP HEIGHT="30" WIDTH="30" VPOS="3182" HPOS="417"/>
<String LANG="de" CS="1" CONTENT="[1]" HEIGHT="30" WIDTH="54" VPOS="3182" HPOS="448"/>
<SP HEIGHT="39" WIDTH="29" VPOS="3173" HPOS="503"/>
<String LANG="fr" CONTENT="p.," HEIGHT="37" WIDTH="57" VPOS="3173" HPOS="533"/>
<SP HEIGHT="47" WIDTH="27" VPOS="3162" HPOS="591"/>
<String LANG="de" CONTENT="1" HEIGHT="39" WIDTH="25" VPOS="3162" HPOS="619"/>
<SP HEIGHT="39" WIDTH="26" VPOS="3162" HPOS="645"/>
<String LANG="de" CS="1" CONTENT="l." HEIGHT="8" WIDTH="7" VPOS="3195" HPOS="693"/>
<SP HEIGHT="41" WIDTH="29" VPOS="3162" HPOS="701"/>
<String LANG="en-US" CS="1" CONTENT="incl." HEIGHT="39" WIDTH="77" VPOS="3162" HPOS="731"/>
<SP HEIGHT="46" WIDTH="27" VPOS="3164" HPOS="842"/>
<String LANG="en-US" CONTENT="plates." HEIGHT="48" WIDTH="173" VPOS="3162" HPOS="870"/>
<SP HEIGHT="40" WIDTH="56" VPOS="3163" HPOS="1044"/>
<String LANG="de" CS="1" CONTENT="24cm." HEIGHT="41" WIDTH="118" VPOS="3162" HPOS="1101"/>
</TextLine>
<TextLine HEIGHT="49" WIDTH="1073" VPOS="3219" HPOS="317" STYLEREFS="StyleId-85E09269-B7FA-454A-88D7-92CAA7669D4B-" LANG="en-US">
<String CONTENT="At" HEIGHT="40" WIDTH="66" VPOS="3219" HPOS="317"/>
<SP HEIGHT="39" WIDTH="24" VPOS="3220" HPOS="384"/>
<String CONTENT="head" HEIGHT="39" WIDTH="125" VPOS="3220" HPOS="409"/>
<SP HEIGHT="39" WIDTH="26" VPOS="3220" HPOS="535"/>
<String CONTENT="of" HEIGHT="40" WIDTH="53" VPOS="3219" HPOS="562"/>
<SP HEIGHT="40" WIDTH="23" VPOS="3219" HPOS="616"/>
<String CONTENT="title:" HEIGHT="40" WIDTH="137" VPOS="3219" HPOS="640"/>
<SP HEIGHT="40" WIDTH="32" VPOS="3219" HPOS="778"/>
<String CONTENT="Franz" HEIGHT="40" WIDTH="161" VPOS="3219" HPOS="811"/>
<SP HEIGHT="38" WIDTH="26" VPOS="3230" HPOS="973"/>
<String CONTENT="graf" HEIGHT="49" WIDTH="113" VPOS="3219" HPOS="1000"/>
<SP HEIGHT="39" WIDTH="25" VPOS="3219" HPOS="1114"/>
<String CONTENT="Zedtwitz." HEIGHT="40" WIDTH="250" VPOS="3219" HPOS="1140"/>
</TextLine>
<TextLine HEIGHT="53" WIDTH="2019" VPOS="3271" HPOS="242" STYLEREFS="StyleId-85E09269-B7FA-454A-88D7-92CAA7669D4B-" LANG="en-US" CS="1">
<String CONTENT="&#169;" HEIGHT="53" WIDTH="56" VPOS="3271" HPOS="242"/>
<SP HEIGHT="53" WIDTH="30" VPOS="3271" HPOS="299"/>
<String CONTENT="Dec." HEIGHT="40" WIDTH="112" VPOS="3277" HPOS="330"/>
<SP HEIGHT="40" WIDTH="35" VPOS="3277" HPOS="443"/>
<String CS="1" CONTENT="15." HEIGHT="40" WIDTH="39" VPOS="3276" HPOS="509"/>
<SP HEIGHT="39" WIDTH="35" VPOS="3277" HPOS="549"/>
<String CONTENT="1934:" HEIGHT="42" WIDTH="142" VPOS="3274" HPOS="585"/>
<SP/>
<String CS="1" CONTENT="1c."/>
<SP/>
<String CONTENT="Aug." HEIGHT="46" WIDTH="120" VPOS="3276" HPOS="871"/>
<SP HEIGHT="39" WIDTH="34" VPOS="3277" HPOS="992"/>
<String CONTENT="18," HEIGHT="46" WIDTH="70" VPOS="3277" HPOS="1027"/>
<SP HEIGHT="46" WIDTH="32" VPOS="3277" HPOS="1098"/>
<String CS="1" CONTENT="1936;" HEIGHT="40" WIDTH="114" VPOS="3276" HPOS="1131"/>
<SP HEIGHT="46" WIDTH="37" VPOS="3276" HPOS="1273"/>
<!-- cceid A54B4818-6E3A-1014-83DD-942C093A1DD9 --><String CONTENT="A-Foreign" HEIGHT="47" WIDTH="313" VPOS="3275" HPOS="1311"/>
<SP HEIGHT="40" WIDTH="35" VPOS="3276" HPOS="1625"/>
<String CONTENT="32686;" HEIGHT="47" WIDTH="171" VPOS="3276" HPOS="1661"/>
<SP HEIGHT="45" WIDTH="42" VPOS="3278" HPOS="1833"/>
<String CONTENT="Safari" HEIGHT="40" WIDTH="166" VPOS="3276" HPOS="1876"/>
<SP HEIGHT="38" WIDTH="38" VPOS="3277" HPOS="2043"/>
<String CONTENT="verlag," HEIGHT="47" WIDTH="179" VPOS="3276" HPOS="2082"/>
</TextLine>
<TextLine HEIGHT="50" WIDTH="630" VPOS="3332" HPOS="313" STYLEREFS="StyleId-85E09269-B7FA-454A-88D7-92CAA7669D4B-" LANG="en-US">
<String CONTENT="g." HEIGHT="35" WIDTH="41" VPOS="3343" HPOS="313"/>
<SP HEIGHT="31" WIDTH="29" VPOS="3342" HPOS="355"/>
<String CONTENT="m." HEIGHT="31" WIDTH="59" VPOS="3342" HPOS="385"/>
<SP HEIGHT="41" WIDTH="27" VPOS="3332" HPOS="445"/>
<String CONTENT="b." HEIGHT="41" WIDTH="42" VPOS="3332" HPOS="473"/>
<SP HEIGHT="40" WIDTH="28" VPOS="3333" HPOS="516"/>
<String CONTENT="h." HEIGHT="41" WIDTH="45" VPOS="3333" HPOS="545"/>
<SP HEIGHT="49" WIDTH="69" VPOS="3332" HPOS="591"/>
<String CONTENT="(36-21792)" HEIGHT="50" WIDTH="282" VPOS="3332" HPOS="661"/>
</TextLine>
<TextLine HEIGHT="65" WIDTH="496" VPOS="3423" HPOS="243" LANG="en-US" CS="1">
<String CS="1" CONTENT="Zh&#299;tkova," HEIGHT="65" WIDTH="312" VPOS="3423" HPOS="243"/>
<SP HEIGHT="64" WIDTH="25" VPOS="3424" HPOS="556"/>
<String CONTENT="A." HEIGHT="53" WIDTH="71" VPOS="3424" HPOS="582"/>
<SP HEIGHT="53" WIDTH="26" VPOS="3425" HPOS="654"/>
<String CONTENT="S." HEIGHT="53" WIDTH="58" VPOS="3425" HPOS="681"/>
</TextLine>
<TextLine HEIGHT="72" WIDTH="1944" VPOS="3498" HPOS="317" LANG="en-US">
<String CONTENT="Some" HEIGHT="57" WIDTH="166" VPOS="3498" HPOS="317"/>
<SP HEIGHT="36" WIDTH="26" VPOS="3518" HPOS="484"/>
<String CONTENT="methods" HEIGHT="55" WIDTH="263" VPOS="3500" HPOS="511"/>
<SP HEIGHT="56" WIDTH="27" VPOS="3499" HPOS="775"/>
<String CONTENT="for" HEIGHT="55" WIDTH="95" VPOS="3499" HPOS="803"/>
<SP HEIGHT="50" WIDTH="23" VPOS="3504" HPOS="899"/>
<String CONTENT="the" HEIGHT="55" WIDTH="99" VPOS="3500" HPOS="923"/>
<SP HEIGHT="55" WIDTH="26" VPOS="3500" HPOS="1023"/>
<String CONTENT="detection" HEIGHT="55" WIDTH="283" VPOS="3500" HPOS="1050"/>
<SP HEIGHT="35" WIDTH="27" VPOS="3519" HPOS="1334"/>
<String CONTENT="and" HEIGHT="54" WIDTH="114" VPOS="3501" HPOS="1362"/>
<SP HEIGHT="55" WIDTH="27" VPOS="3501" HPOS="1477"/>
<String CONTENT="estimation" HEIGHT="56" WIDTH="326" VPOS="3500" HPOS="1505"/>
<SP HEIGHT="36" WIDTH="28" VPOS="3518" HPOS="1832"/>
<String CONTENT="of" HEIGHT="56" WIDTH="64" VPOS="3498" HPOS="1861"/>
<SP HEIGHT="72" WIDTH="26" VPOS="3498" HPOS="1926"/>
<String CONTENT="poisonous" HEIGHT="70" WIDTH="308" VPOS="3500" HPOS="1953"/>
</TextLine>
<TextLine HEIGHT="132" WIDTH="1993" VPOS="3578" HPOS="241" LANG="en-US" CS="1">
<String CONTENT="gases" HEIGHT="51" WIDTH="161" VPOS="3596" HPOS="241"/>
<SP HEIGHT="34" WIDTH="26" VPOS="3599" HPOS="403"/>
<String CONTENT="and" HEIGHT="53" WIDTH="114" VPOS="3580" HPOS="430"/>
<SP HEIGHT="53" WIDTH="29" VPOS="3580" HPOS="545"/>
<String CONTENT="vapors" HEIGHT="51" WIDTH="210" VPOS="3597" HPOS="575"/>
<SP HEIGHT="53" WIDTH="27" VPOS="3580" HPOS="786"/>
<String CONTENT="in" HEIGHT="52" WIDTH="58" VPOS="3580" HPOS="814"/>
<SP HEIGHT="49" WIDTH="27" VPOS="3584" HPOS="873"/>
<String CONTENT="the" HEIGHT="53" WIDTH="96" VPOS="3580" HPOS="901"/>
<SP HEIGHT="35" WIDTH="28" VPOS="3598" HPOS="998"/>
<String CS="1" CONTENT="air;" HEIGHT="53" WIDTH="87" VPOS="3579" HPOS="1027"/>
<SP HEIGHT="48" WIDTH="30" VPOS="3599" HPOS="1143"/>
<String CONTENT="a" HEIGHT="34" WIDTH="30" VPOS="3599" HPOS="1174"/>
<SP HEIGHT="49" WIDTH="29" VPOS="3599" HPOS="1205"/>
<String CONTENT="practical" HEIGHT="69" WIDTH="279" VPOS="3579" HPOS="1235"/>
<SP HEIGHT="52" WIDTH="27" VPOS="3581" HPOS="1515"/>
<String CONTENT="manual" HEIGHT="52" WIDTH="233" VPOS="3581" HPOS="1543"/>
<SP HEIGHT="54" WIDTH="32" VPOS="3578" HPOS="1777"/>
<String CONTENT="for" HEIGHT="55" WIDTH="95" VPOS="3578" HPOS="1810"/>
<SP HEIGHT="47" WIDTH="28" VPOS="3585" HPOS="1906"/>
<String CONTENT="the" HEIGHT="53" WIDTH="96" VPOS="3580" HPOS="1935"/>
<SP HEIGHT="55" WIDTH="32" VPOS="3578" HPOS="2032"/>
<String CONTENT="industrial" HEIGHT="132" WIDTH="1990" VPOS="3578" HPOS="244"/>
</TextLine>
<TextLine HEIGHT="72" WIDTH="1640" VPOS="3655" HPOS="406" LANG="en-US" CS="1">
<String CONTENT="hygienist," HEIGHT="71" WIDTH="310" VPOS="3656" HPOS="406"/>
<SP HEIGHT="68" WIDTH="25" VPOS="3658" HPOS="717"/>
<String CONTENT="by" HEIGHT="69" WIDTH="77" VPOS="3658" HPOS="743"/>
<SP HEIGHT="69" WIDTH="25" VPOS="3658" HPOS="821"/>
<String CONTENT="A." HEIGHT="52" WIDTH="70" VPOS="3658" HPOS="847"/>
<SP HEIGHT="56" WIDTH="33" VPOS="3657" HPOS="918"/>
<String CONTENT="S." HEIGHT="56" WIDTH="55" VPOS="3657" HPOS="952"/>
<SP HEIGHT="51" WIDTH="28" VPOS="3660" HPOS="1008"/>
<String CONTENT="Zhitkova" HEIGHT="54" WIDTH="280" VPOS="3658" HPOS="1037"/>
<SP HEIGHT="34" WIDTH="35" VPOS="3677" HPOS="1318"/>
<String CS="1" CONTENT="&#8230;"/>
<SP HEIGHT="34" WIDTH="32" VPOS="3677" HPOS="1411"/>
<String CONTENT="edited" HEIGHT="56" WIDTH="190" VPOS="3655" HPOS="1444"/>
<SP HEIGHT="52" WIDTH="27" VPOS="3659" HPOS="1635"/>
<String CONTENT="and" HEIGHT="53" WIDTH="113" VPOS="3658" HPOS="1663"/>
<SP HEIGHT="53" WIDTH="28" VPOS="3658" HPOS="1777"/>
<String CONTENT="with" HEIGHT="53" WIDTH="139" VPOS="3657" HPOS="1806"/>
<SP HEIGHT="52" WIDTH="31" VPOS="3658" HPOS="1946"/>
<String CONTENT="an" HEIGHT="34" WIDTH="68" VPOS="3676" HPOS="1978"/>
</TextLine>
<TextLine HEIGHT="148" WIDTH="2015" VPOS="3657" HPOS="247" LANG="en-US" CS="1">
<String CONTENT="introduction" HEIGHT="132" WIDTH="1986" VPOS="3657" HPOS="247"/>
<SP HEIGHT="53" WIDTH="41" VPOS="3736" HPOS="480"/>
<String CONTENT="by" HEIGHT="69" WIDTH="75" VPOS="3736" HPOS="522"/>
<SP HEIGHT="68" WIDTH="39" VPOS="3737" HPOS="598"/>
<String CONTENT="Professor" HEIGHT="54" WIDTH="305" VPOS="3736" HPOS="638"/>
<SP HEIGHT="56" WIDTH="45" VPOS="3736" HPOS="944"/>
<String LANG="fi" CONTENT="S." HEIGHT="56" WIDTH="56" VPOS="3736" HPOS="990"/>
<SP HEIGHT="53" WIDTH="44" VPOS="3737" HPOS="1047"/>
<String CONTENT="I." HEIGHT="53" WIDTH="47" VPOS="3737" HPOS="1092"/>
<SP HEIGHT="53" WIDTH="44" VPOS="3737" HPOS="1140"/>
<String CONTENT="Kaplun" HEIGHT="68" WIDTH="238" VPOS="3737" HPOS="1185"/>
<SP HEIGHT="34" WIDTH="51" VPOS="3755" HPOS="1424"/>
<String CS="1" CONTENT="&#8230;"/>
<SP HEIGHT="49" WIDTH="46" VPOS="3740" HPOS="1533"/>
<String CONTENT="translated" HEIGHT="53" WIDTH="318" VPOS="3736" HPOS="1580"/>
<SP HEIGHT="53" WIDTH="42" VPOS="3736" HPOS="1899"/>
<String CONTENT="under" HEIGHT="53" WIDTH="182" VPOS="3736" HPOS="1942"/>
<SP HEIGHT="47" WIDTH="40" VPOS="3741" HPOS="2125"/>
<String CONTENT="the" HEIGHT="53" WIDTH="96" VPOS="3735" HPOS="2166"/>
</TextLine>
<TextLine HEIGHT="71" WIDTH="1643" VPOS="3812" HPOS="243" LANG="en-US" CS="1">
<String CONTENT="direction" HEIGHT="55" WIDTH="278" VPOS="3812" HPOS="243"/>
<SP HEIGHT="35" WIDTH="25" VPOS="3833" HPOS="522"/>
<String CONTENT="of" HEIGHT="54" WIDTH="65" VPOS="3814" HPOS="548"/>
<SP HEIGHT="55" WIDTH="19" VPOS="3814" HPOS="614"/>
<String CONTENT="Joseph" HEIGHT="69" WIDTH="218" VPOS="3814" HPOS="634"/>
<SP HEIGHT="52" WIDTH="24" VPOS="3815" HPOS="853"/>
<String CONTENT="B." HEIGHT="52" WIDTH="66" VPOS="3816" HPOS="878"/>
<SP HEIGHT="52" WIDTH="27" VPOS="3816" HPOS="945"/>
<String CONTENT="Ficklen" HEIGHT="53" WIDTH="237" VPOS="3815" HPOS="973"/>
<SP HEIGHT="35" WIDTH="30" VPOS="3833" HPOS="1211"/>
<String CS="1" CONTENT="&#8230;"/>
<SP HEIGHT="35" WIDTH="71" VPOS="3847" HPOS="1299"/>
<String CONTENT="[Hartford]" HEIGHT="68" WIDTH="330" VPOS="3814" HPOS="1371"/>
<SP HEIGHT="64" WIDTH="32" VPOS="3818" HPOS="1702"/>
<String CONTENT="1936." HEIGHT="50" WIDTH="151" VPOS="3817" HPOS="1735"/>
</TextLine>
<TextLine HEIGHT="50" WIDTH="604" VPOS="3886" HPOS="314" LANG="en-US" CS="1">
<String CONTENT="xiii," HEIGHT="45" WIDTH="104" VPOS="3886" HPOS="314"/>
<SP HEIGHT="43" WIDTH="30" VPOS="3888" HPOS="419"/>
<String CONTENT="198" HEIGHT="42" WIDTH="86" VPOS="3887" HPOS="450"/>
<SP HEIGHT="49" WIDTH="29" VPOS="3887" HPOS="537"/>
<String CONTENT="p." HEIGHT="39" WIDTH="43" VPOS="3897" HPOS="567"/>
<SP HEIGHT="40" WIDTH="60" VPOS="3887" HPOS="611"/>
<String CONTENT="illus." HEIGHT="41" WIDTH="129" VPOS="3887" HPOS="672"/>
<SP HEIGHT="40" WIDTH="60" VPOS="3888" HPOS="802"/>
<String CS="1" CONTENT="23&#189;cm." HEIGHT="42" WIDTH="55" VPOS="3887" HPOS="863"/>
</TextLine>
<TextLine HEIGHT="52" WIDTH="700" VPOS="3941" HPOS="316" STYLEREFS="StyleId-85E09269-B7FA-454A-88D7-92CAA7669D4B-" LANG="en-US">
<String CONTENT="Bibliography:" HEIGHT="52" WIDTH="379" VPOS="3941" HPOS="316"/>
<SP HEIGHT="39" WIDTH="28" VPOS="3954" HPOS="696"/>
<String CONTENT="p." HEIGHT="39" WIDTH="44" VPOS="3954" HPOS="725"/>
<SP HEIGHT="41" WIDTH="26" VPOS="3945" HPOS="770"/>
<String CONTENT="187-192." HEIGHT="42" WIDTH="219" VPOS="3945" HPOS="797"/>
</TextLine>
<TextLine HEIGHT="112" WIDTH="1999" VPOS="3998" HPOS="242" STYLEREFS="StyleId-85E09269-B7FA-454A-88D7-92CAA7669D4B-" LANG="en-US" CS="1">
<String CONTENT="&#169;" HEIGHT="53" WIDTH="53" VPOS="3998" HPOS="242"/>
<SP HEIGHT="53" WIDTH="21" VPOS="3998" HPOS="296"/>
<String CONTENT="Aug." HEIGHT="43" WIDTH="120" VPOS="4003" HPOS="318"/>
<SP HEIGHT="41" WIDTH="24" VPOS="4003" HPOS="439"/>
<String CONTENT="24," HEIGHT="47" WIDTH="68" VPOS="4003" HPOS="464"/>
<SP HEIGHT="45" WIDTH="24" VPOS="4005" HPOS="533"/>
<String CONTENT="1936:" HEIGHT="43" WIDTH="142" VPOS="4003" HPOS="558"/>
<SP HEIGHT="42" WIDTH="25" VPOS="4004" HPOS="701"/>
<String CONTENT="2c." HEIGHT="40" WIDTH="68" VPOS="4004" HPOS="727"/>
<SP HEIGHT="30" WIDTH="25" VPOS="4014" HPOS="796"/>
<String CONTENT="and" HEIGHT="40" WIDTH="94" VPOS="4004" HPOS="822"/>
<SP HEIGHT="39" WIDTH="24" VPOS="4004" HPOS="917"/>
<String CONTENT="aff." HEIGHT="41" WIDTH="81" VPOS="4004" HPOS="942"/>
<SP HEIGHT="40" WIDTH="28" VPOS="4005" HPOS="1024"/>
<String CONTENT="Sept." HEIGHT="47" WIDTH="128" VPOS="4005" HPOS="1053"/>
<SP HEIGHT="41" WIDTH="25" VPOS="4005" HPOS="1182"/>
<String CS="1" CONTENT="16:" HEIGHT="40" WIDTH="55" VPOS="4005" HPOS="1208"/>
<SP HEIGHT="41" WIDTH="26" VPOS="4005" HPOS="1291"/>
<!-- cceid A54B8648-6E3A-1014-83DD-942C093A1DD9 --><String CONTENT="A" HEIGHT="39" WIDTH="40" VPOS="4005" HPOS="1318"/>
<SP HEIGHT="41" WIDTH="21" VPOS="4003" HPOS="1359"/>
<String CS="1" CONTENT="97837;" HEIGHT="43" WIDTH="145" VPOS="4003" HPOS="1381"/>
<SP HEIGHT="47" WIDTH="28" VPOS="4005" HPOS="1553"/>
<String CONTENT="Joseph" HEIGHT="48" WIDTH="180" VPOS="4004" HPOS="1582"/>
<SP HEIGHT="40" WIDTH="24" VPOS="4004" HPOS="1763"/>
<String CONTENT="B." HEIGHT="39" WIDTH="53" VPOS="4005" HPOS="1788"/>
<SP HEIGHT="38" WIDTH="28" VPOS="4005" HPOS="1842"/>
<String CONTENT="Ficklen," HEIGHT="48" WIDTH="213" VPOS="4003" HPOS="1871"/>
<SP HEIGHT="48" WIDTH="26" VPOS="4003" HPOS="2085"/>
<String CONTENT="Hartford." HEIGHT="98" WIDTH="1930" VPOS="4002" HPOS="311"/>
<SP HEIGHT="47" WIDTH="70" VPOS="4061" HPOS="437"/>
<String CONTENT="(36-21430)" HEIGHT="49" WIDTH="284" VPOS="4061" HPOS="508"/>
</TextLine>
</TextBlock>
</PrintSpace>
</Page>
</Layout>
</alto>