2519 4377
1335 4127 135 49 1254

397 451 380 64 Dracontius,
804 451 268 54 Blossius
1099 451 312 65 Aemilius,
1437 453 101 55 5th
1565 460 142 48 cent.

469 527 303 55 Dracontii
807 528 366 68 Satisfactio;
1206 530 140 53 with
1380 531 409 67 introduction,
1820 537 138 61 text,
1993 532 341 53 translation
2368 534 44 50 &

398 614 388 61 commentary
834 650 56 10 ...
961 607 94 69 [by]
1105 606 182 57 Sister
1327 609 79 52 M.
1452 607 82 56 St.
1579 609 312 68 Margaret.
1987 610 426 67 Philadelphia,

405 689 145 50 1936.

467 758 616 50 3 p. l., 5-115 p. 22 ½cm .
468 815 172 41 Thesis
670 815 106 48 (PH.
840 820 34 46 D.)
914 815 283 50 University
1226 816 51 40 of
1306 816 375 49 Pennsylvania,
1710 816 127 41 1936.

467 874 102 38 The
609 875 109 38 text
759 872 42 41 is
842 873 127 39 from
1015 873 93 41 vol.
1152 884 28 29 v
1224 873 51 40 of
1319 874 180 40 Poetae
1544 873 145 40 latini
1734 873 211 40 minores;
2022 876 106 46 post
2176 874 236 40 Aemilvm

398 928 249 43 Baehrens
680 931 175 40 itervm
889 929 243 43 recensvit
1163 928 277 44 Fridericvs
1473 930 225 41 Vollmer.
1760 930 208 49 Lipsiae,
2002 931 128 40 1914.

467 986 352 51 Bibliography;
877 998 42 39 p.
952 988 128 41 7-11.

397 1053 52 53 ©
473 1058 120 47 Aug.
620 1059 69 47 15,
714 1058 116 41 1936;
882 1058 68 41 2c.
974 1058 121 48 Aug.
1122 1057 56 40 22;
1234 1057 83 42 aff.
1342 1059 120 46 Aug.
1488 1058 56 39 21;
1599 1058 43 39 A
1666 1057 145 42 98045;
1868 1058 327 40 Immaculata
2220 1056 195 52 college,

468 1115 341 48 Immaculata,
837 1115 84 41 Pa.
986 1114 284 49 (36-19422)

395 1218 145 52 Duff
545 1235 87 48 us,
660 1219 224 54 Robert
910 1218 249 64 Luther,
1190 1223 171 51 1888-

468 1296 353 70 Democracy
850 1301 187 49 enters
1066 1296 213 68 college;
1340 1316 34 35 a
1401 1295 175 69 study
1603 1294 65 55 of
1695 1294 97 53 the
1820 1293 111 55 rise
1960 1295 113 53 and
2104 1294 218 55 decline
2351 1293 63 55 of

396 1375 95 53 the
525 1374 288 53 academic
844 1373 276 69 lockstep,
1153 1374 76 69 by
1261 1374 70 53 R.
1366 1374 66 53 L.
1465 1372 229 54 Duffus.
1768 1373 140 54 New
1944 1373 182 67 York,
2159 1373 256 70 Chicago

418 1451 931 70 [etc.] C. Scribner’s sons [ c 1936]
465 1527 65 48 ix,
561 1526 87 40 244
678 1537 45 39 p.
781 1525 119 43 21cm.

469 1583 147 41 “This
640 1584 149 49 study
812 1584 91 42 has
926 1584 119 43 been
1067 1585 143 41 made
1233 1584 158 42 under
1413 1584 82 42 the
1519 1583 223 51 auspices
1767 1583 51 43 of
1841 1585 84 41 the
1949 1582 238 52 Carnegie
396 1583 2000 100 foundation
543 1642 81 41 for
671 1643 83 40 the
798 1642 355 42 advancement
1199 1642 54 41 of
1295 1642 598 50 teaching.”—Foreword
1939 1643 99 39 and
392 1642 2007 100 acknowledgments.

395 1766 53 53 ©
474 1771 120 47 Aug.
625 1769 70 50 28,
724 1769 119 42 1936;
898 1769 68 43 2c.
999 1771 129 48 Sept.
1156 1770 57 40 15;
1273 1770 83 43 aff.
1389 1770 129 48 Sept.
1547 1769 30 41 9;
1634 1770 45 40 A
1704 1769 148 42 98383;
1910 1769 206 41 Charles
2147 1768 269 43 Scribner’s

466 1837 126 30 sons.
662 1827 283 49 (36-19778)

394 1932 184 65 Eden,
606 1931 147 65 Rob,
779 1932 197 66 pseud.

468 2009 158 53 Love
652 2026 66 35 or
742 2025 223 52 money,
993 2008 78 68 by
1097 2007 128 55 Rob
1252 2007 182 54 Eden.
1499 2007 139 54 New
1667 2007 183 68 York,
1877 2008 57 53 J.
1962 2007 78 54 H.
2070 2006 272 69 Hopkins
2371 2008 46 51 &

395 2088 502 67 son, inc. [ c 1936]
469 2161 88 41 256
593 2173 43 38 p.
701 2161 56 41 19½
789 2163 45 22 cm
839 2192 9 10 .

395 2213 53 55 ©
484 2218 130 49 Sept.
648 2219 69 49 15,
754 2218 141 48 1936;
930 2218 69 42 2c.
1036 2218 97 41 and
1168 2218 83 42 aff.
1289 2219 127 48 Sept.
1452 2218 83 48 17;
1572 2218 42 40 A
1646 2216 147 44 98440;
1859 2218 130 41 John
2024 2218 60 41 H.
2121 2215 224 51 Hopkins
2380 2216 39 42 &

467 2286 100 38 son,
595 2276 92 40 inc.
754 2275 284 51 (36-19441)

395 2382 310 64 Emerson,
736 2381 272 56 Caroline
1034 2381 72 54 D.

469 2457 264 54 Father’s
766 2457 100 70 big
898 2458 463 68 improvements,
1392 2457 75 69 by
1503 2456 269 56 Caroline
1805 2457 71 52 D.
1912 2456 307 68 Emerson;
397 2456 1997 134 illustrated

629 2536 76 69 by
746 2536 300 70 Margaret
1086 2536 175 70 Ayer.
1340 2537 140 53 New
1525 2536 180 69 York,
1744 2536 313 54 Frederick
2097 2537 73 53 A.
2214 2534 203 56 Stokes

396 2633 302 52 company,
748 2617 153 52 1936.

470 2689 759 50 5 p. l., 148 p. illus. 19½cm .
471 2747 294 41 Illustrated
793 2746 367 49 lining-papers.

395 2812 53 54 ©
484 2817 129 49 Sept.
678 2817 39 49 10,
752 2818 116 40 1936;
930 2817 68 42 2c.
1033 2819 97 39 and
1164 2818 83 42 aff.
1284 2819 129 47 Sept.
1447 2819 56 39 15;
1568 2819 43 39 A
1641 2818 149 41 98443;
1852 2818 265 40 Frederick
2149 2819 56 41 A.
2243 2819 172 41 Stokes

466 2884 66 32 co.
603 2875 285 51 (36-19438)

395 2981 209 65 Evers,
631 2981 209 55 Helen.

469 3057 122 53 The
639 3076 194 51 merry
882 3076 211 51 mouse,
1144 3058 75 69 by
1270 3059 188 54 Helen
1508 3063 46 50 &
1603 3059 112 54 Alf
1767 3060 196 53 Evers.
2040 3060 140 53 New
2232 3058 181 66 York,

396 3137 1292 69 Farrar & Rinehart, incorporated [ c 1936]
471 3209 565 52 [63] p. illus. 16 ½cm .
469 3267 293 41 Illustrated
793 3267 366 50 lining-papers.

395 3320 54 53 ©
481 3324 127 49 Sept.
641 3326 40 46 8,
714 3325 141 48 1936;
889 3325 68 41 2c.
992 3326 127 48 Sept.
1154 3326 82 47 10;
1272 3325 82 41 aff.
1389 3326 129 48 Sept.
1550 3325 53 49 9;
1638 3326 42 40 A
1710 3324 172 49 98320;
1919 3326 62 40 H.
2015 3326 153 39 Evers
2201 3324 97 40 and
2328 3324 87 41 Alf

466 3384 166 47 Evers,
668 3382 271 48 Trumbull,
974 3383 147 40 Conn.
1196 3382 282 51 (36-19563)

395 3485 248 53 Federal
690 3490 274 64 reporter.
1051 3486 218 55 Second
1315 3486 188 53 series.
1587 3486 169 54 Cases
1803 3487 217 68 argued
2069 3486 113 53 and
464 3486 1923 132 determined
686 3565 59 52 in
770 3565 96 53 the
893 3566 219 54 United
1142 3564 189 55 States
1359 3564 222 55 Circuit
1606 3571 190 47 courts
1823 3565 62 52 of
1913 3564 252 67 appeals,
2193 3563 218 55 United

469 3642 187 55 States
687 3643 181 55 Court
891 3643 63 53 of
981 3643 236 67 appeals
1244 3642 94 53 for
1364 3644 95 52 the
1486 3642 247 53 District
1758 3643 63 53 of
1848 3641 321 68 Columbia,
2194 3641 218 56 United

469 3720 190 55 States
693 3721 180 55 Court
903 3721 63 52 of
996 3726 246 48 customs
1275 3722 112 51 and
1419 3724 203 65 patent
1652 3721 253 68 appeals,
1938 3720 142 52 with
2110 3720 108 67 key
465 3737 1922 114 number

617 3799 382 53 annotations,
1075 3799 225 52 volume
1354 3802 65 49 82
1452 3799 128 67 (2d)
1643 3799 384 67 April-June,
2082 3801 150 51 1936.
2326 3797 82 55 St.

466 3877 166 66 Paul,
664 3876 203 67 Minn.,
896 3878 164 53 West
1088 3875 339 68 publishing
1456 3895 98 48 co.,
1587 3880 150 49 1936.

570 3948 1209 49 xxxvi, 1114 p. incl. front. (map) diagr. 26½ cm .
395 4001 53 54 ©
478 4007 120 46 Aug.
629 4006 69 48 13,
731 4005 114 41 1936;
904 4006 68 41 2c.
1006 4006 128 48 Sept.
1166 4005 54 40 21;
1282 4006 83 40 aff.
1400 4005 127 48 Sept.
1560 4006 57 39 17;
1675 4006 41 38 A
1745 4004 146 41 98529;
1952 4005 137 39 West
2115 4003 111 48 pub.
2257 4012 67 30 co.
