2519 4377
990 4113 101 53 287

44 472 142 64 Gile,
215 472 216 53 Louisa
458 472 183 64 Boyd.

112 544 1925 71 Thundering hoofs, by Louisa Boyd Gile … Boston, The
45 623 1158 70 Christopher publishing house [ c 1936]
111 700 30 39 2
165 711 43 36 p.
270 730 8 16 l.,
303 697 200 46 vii-viii,
529 698 113 40 9-34
670 709 42 38 p.
768 696 145 42 19½cm.

114 756 183 39 Poems.

42 808 52 52 ©
119 813 120 38 Mar.
268 811 67 47 12,
363 810 139 48 1936;
531 810 64 40 2c.
624 811 95 38 and
747 809 80 40 aff.
858 810 121 39 Mar.
1008 808 81 48 19;
1120 809 39 38 A
1186 807 144 41 93255;
1389 808 315 47 Christopher
1734 808 107 47 pub.
1872 808 164 39 house.

120 867 248 49 (36-7653)

43 955 221 65 Gogol',
293 955 212 54 Nikolaĭ
555 953 378 66 Vasīl'evīch,
965 959 324 51 1809-1852.

107 1033 163 52 Dead
294 1032 169 68 souls,
488 1032 76 69 by
589 1031 234 54 Nikolai
850 1029 215 70 Gogol;
1096 1029 139 53 with
1263 1048 71 34 an
1364 1029 388 53 introduction
1781 1029 75 69 by

41 1026 1969 150 Clifford Odets. New York, The Modern library [ c 1936]
108 1183 27 41 6
158 1194 43 38 p.
263 1215 9 17 l.,
299 1182 174 41 11-265
496 1192 45 39 p.
592 1182 55 40 17
650 1184 46 22 cm
698 1213 10 10 .
771 1181 299 51 (Half-title:
1094 1180 101 42 The
1222 1181 196 40 modern
1445 1180 186 48 library
1655 1181 53 39 of
1732 1181 81 39 the
1840 1179 194 41 world’s

39 1240 103 41 best
170 1241 172 48 books)

108 1297 290 41 Translated
427 1298 62 47 by
519 1296 270 41 Constance
818 1296 219 42 Garnett.

110 1355 160 41 “First
303 1355 199 40 Modern
537 1355 184 46 library
754 1353 225 41 edition.”

40 1410 52 53 ©
126 1416 120 38 Mar.
281 1414 68 46 25,
386 1414 138 46 1936;
561 1414 67 40 2c.
666 1415 92 38 and
795 1412 82 42 aff.
915 1414 121 39 Mar.
1072 1413 82 46 27;
1193 1413 39 38 A
1267 1412 169 47 92590;
1475 1413 199 39 Modern
1711 1411 198 50 library,
1946 1412 91 41 inc.

113 1471 277 49 [Copyright
419 1471 41 39 is
485 1471 204 39 claimed
715 1481 64 29 on
804 1470 343 47 introduction]
1216 1469 250 49 (36-7620)

43 1559 302 65 Griswold,
373 1560 198 53 Frank
598 1559 179 64 Gray,
806 1564 170 50 1854-

113 1636 175 53 After
343 1637 301 67 thoughts;
704 1636 385 53 recollections
1143 1636 65 53 of
1262 1636 198 53 Frank
1516 1637 159 67 Gray
1731 1636 305 56 Griswold.

50 1715 155 67 [New
251 1714 178 68 York]
480 1714 156 54 Priv.
685 1714 175 68 print.
914 1714 319 68 [Norwood,
1278 1714 190 68 Mass.,
1512 1714 297 68 Plimpton
1857 1734 174 49 press]

46 1797 147 50 1936.

115 1866 27 39 5
165 1876 43 38 p.
268 1896 9 17 l.,
305 1864 127 49 ix-x,
462 1865 87 40 202
573 1875 44 39 p.
677 1864 150 41 front.
886 1864 55 41 23½c
990 1866 29 22 m
1023 1896 9 10 .

119 1923 130 38 “The
292 1922 183 39 edition
517 1921 52 40 of
611 1921 102 40 this
753 1922 191 40 volume
985 1920 41 40 is
1070 1920 187 42 limited
1302 1923 47 38 to
1391 1932 90 29 one
1520 1922 221 40 hundred
1783 1923 96 39 and
1923 1922 111 49 fifty

44 1979 202 48 copies.”

39 2033 52 53 ©
125 2037 110 40 Feb.
270 2035 67 48 19,
373 2035 139 47 1936;
548 2035 66 41 2c.
651 2037 98 38 and
781 2036 82 39 aff.
899 2035 110 40 Feb.
1045 2035 82 47 24;
1166 2036 42 38 A
1240 2034 171 48 90015;
1451 2035 50 40 F.
1540 2035 52 41 G.
1630 2035 255 49 Griswold,
1921 2037 120 40 New

113 2094 143 39 York.
323 2092 248 49 (36-7664)

43 2184 257 63 Harvey,
326 2183 262 64 Godfrey
611 2183 260 53 Thomas
892 2182 300 55 Benedict.

110 2259 151 53 Duet
305 2259 59 51 in
405 2258 251 68 Kerath;
702 2277 31 34 a
776 2258 166 53 novel
985 2258 73 69 by
1104 2255 68 57 G.
1218 2258 66 53 T.
1330 2258 67 52 B.
1440 2257 254 70 Harvey.
1775 2259 262 67 London,

40 2336 366 53 Hutchinson
433 2339 45 50 &
507 2354 98 50 co.,
634 2337 104 52 ltd.
793 2337 152 64 [1936]

110 2408 84 42 288
220 2421 42 37 p.
317 2410 55 40 19
377 2412 42 20 cm
423 2441 8 8 .
503 2410 157 47 (First
686 2410 139 39 novel
855 2409 195 46 library,
1111 2418 73 30 no.
1211 2409 82 48 47)

41 2465 1997 53 © 1c. Mar. 7, 1936; A ad int. 21164; pubd. Jan. 9; G. T. B. Harvey,
111 2526 312 47 Pudukottai,
457 2525 300 40 Pudukottai
791 2528 141 46 state,
971 2525 154 40 South
1159 2523 156 42 India.
1389 2525 251 49 (36-7632)

43 2618 259 61 Hayner,
329 2617 263 51 Norman
619 2614 322 64 Sylvester.

45 2686 1965 151 Hotel life, by Norman S. Hayner … Chapel Hill, The University of North Carolina press, 1936.
111 2841 26 40 6
162 2851 43 38 p.
269 2873 9 15 l.,
308 2840 85 41 195
419 2851 44 37 p.
523 2840 54 39 22
582 2843 43 20 cm
630 2873 8 8 .

113 2897 244 44 “Selected
391 2897 392 49 bibliography”:
822 2909 41 37 p.
916 2895 231 52 [183]-185.

45 2955 52 52 ©
123 2960 110 39 Feb.
259 2958 69 49 27,
357 2957 139 48 1936;
526 2958 66 39 2c.
621 2959 122 38 Mar.
770 2958 53 46 2;
854 2957 81 41 aff.
964 2959 121 39 Mar.
1114 2958 81 46 14;
1223 2958 40 38 A
1291 2957 170 49 93152;
1494 2958 281 49 University
1802 2960 55 39 of
1882 2960 160 40 North

115 3016 227 40 Carolina
376 3025 147 38 press.
597 3014 250 49 (36-7540)

49 3106 270 64 Hedrick,
346 3106 220 55 Elinor.

117 3182 162 52 Kites
310 3181 113 54 and
455 3180 258 53 kimonos
767 3180 93 67 [by]
900 3179 204 54 Elinor
1137 3178 258 55 Hedrick
1429 3181 112 52 and
1572 3181 304 69 Kathryne
1910 3183 131 52 Van

49 3260 152 67 Noy;
233 3258 323 53 illustrated
583 3258 76 68 by
689 3256 178 69 Bunji
897 3258 267 68 Tagawa.
1248 3257 139 53 [New
1415 3257 180 68 York]
1631 3259 121 53 The
49 3259 1967 130 Macmillan
170 3354 296 49 company,
498 3338 149 49 1936.

120 3409 1002 48 vi, 255 p. incl. front., illus. pl. 19 cm .
122 3466 125 47 Song
274 3466 117 39 with
424 3465 178 40 music:
631 3476 43 36 p.
705 3466 70 39 41.

49 3517 51 54 ©
126 3523 119 39 Mar.
275 3522 67 43 17,
371 3521 139 48 1936;
542 3521 66 41 2c.
637 3522 95 39 and
760 3520 81 41 aff.
872 3522 121 40 Mar.
1021 3520 55 41 18;
1134 3521 42 40 A
1202 3519 170 50 92357;
1405 3520 283 42 Macmillan
1714 3532 68 32 co.

128 3579 247 48 (36-7639)

51 3668 201 62 Home,
279 3668 268 54 Michael.

120 3742 118 52 The
281 3743 263 68 questing
582 3761 161 45 man;
789 3761 31 33 a
863 3743 184 66 novel,
1086 3742 76 69 by
1204 3742 247 52 Michael
1495 3742 203 57 Home.
1778 3743 261 67 London,

50 3817 141 54 Rich
223 3823 43 49 &
297 3820 227 66 Cowan,
553 3821 102 52 ltd.
713 3823 151 64 [1936]

120 3891 24 40 5
170 3903 41 36 p.
274 3925 8 14 l.,
310 3893 85 40 336
421 3904 43 37 p.
523 3893 147 41 20½cm.

53 3946 1986 55 © 1c. Mar. 5, 1936; A ad int. 21150; pubd. Jan. 17: Christopher Bush,
120 4008 217 48 Beckley,
369 4010 191 41 Sussex,
589 4010 235 44 England.
889 4008 249 48 (36-7636)
