2519 4377
1075 4101 99 54 947

136 432 245 64 Burton,
405 431 255 54 William
685 432 73 55 H.

137 506 1991 147 Children’s civic information, 1924-1935, by William H. Burton … assisted by Virginia N. Burton, Carlotta Crowley
137 662 1991 69 Briedwell … Russel I. Damon [and others] … Los Angeles,
136 738 1889 71 Calif., The University of Southern California press [ c 1936]
206 812 119 48 xxii,
357 811 86 42 307
475 823 43 38 p.
551 813 110 40 incl.
695 813 169 48 tables,
898 813 179 49 diagrs.
1135 812 56 40 23½
1224 815 44 22 cm
1272 844 9 9 .
1353 813 266 49 (Southern
1652 812 271 42 California
135 816 1975 93 education
264 870 323 48 monographs.
658 881 73 30 no.
761 870 51 48 7)

136 923 52 53 ©
215 928 125 40 June
367 926 67 48 12,
464 926 138 44 1936;
633 927 67 43 2c.
729 927 95 39 and
854 926 80 42 aff.
963 928 125 40 June
1115 927 81 47 30;
1228 927 39 39 A
1296 926 169 49 95872;
1498 926 281 49 University
1808 928 51 40 of
1887 928 240 42 Southern

205 983 284 44 California,
517 985 92 38 Los
635 985 218 46 Angeles.
919 984 278 48 (36-16186)

135 1088 172 64 Cary,
333 1087 197 65 Joyce,
561 1092 169 50 1888-

205 1164 121 53 The
362 1162 248 54 African
646 1162 188 69 witch,
869 1163 75 69 by
978 1163 177 69 Joyce
1192 1163 168 68 Cary.
1433 1164 258 68 London,
1725 1165 69 53 V.
1834 1164 293 68 Gollancz,

134 1240 123 68 ltd.,
285 1244 149 50 1936.

203 1313 88 41 448
315 1325 43 37 p.
416 1313 58 41 20
475 1316 43 21 cm
523 1346 8 9 .

136 1366 52 53 ©
214 1372 65 37 1c.
308 1371 124 39 June
459 1370 70 47 30,
556 1370 139 47 1936;
725 1371 39 39 A
789 1371 60 39 ad
876 1370 87 41 int.
989 1370 170 47 21602;
1189 1370 143 48 pubd.
1362 1373 112 45 May
1500 1372 54 46 4;
1584 1372 187 39 Arthur
1800 1373 147 46 Joyce
1977 1373 151 40 Lunel

205 1427 140 47 Cary,
375 1426 199 48 Oxford,
605 1427 236 47 England.
910 1426 279 48 (36-16200)

135 1528 263 55 Catholic
426 1528 333 64 university
783 1529 64 53 of
872 1528 293 56 America.

202 1603 122 53 The
348 1608 185 66 treaty
555 1604 65 54 of
643 1604 168 55 Paris
835 1603 64 55 of
925 1603 133 56 1783;
1112 1604 96 55 the
1231 1604 124 55 first
1383 1601 174 58 fruits
1583 1604 63 56 of

136 1606 1964 129 Franco-American
296 1682 390 68 cooperation;
728 1683 289 53 addresses
1054 1683 61 53 in
1150 1682 498 55 commemoration
1684 1683 65 54 of
1785 1684 97 54 the

135 1685 1967 127 sesquicentennial
488 1759 64 53 of
588 1760 74 53 its
695 1760 248 70 signing,
979 1763 30 49 3
1051 1759 330 70 September
1421 1760 152 69 1783,
1611 1761 287 55 delivered
1934 1768 60 49 at
2030 1763 99 53 the

134 1835 260 56 Catholic
420 1836 318 70 university
765 1837 64 54 of
855 1837 283 69 America,
1161 1840 70 50 20
1256 1838 320 53 November
1604 1841 151 52 1933.
132 1839 1971 143 Washington,
282 1918 150 51 1935.

203 1986 57 41 45
290 1998 44 38 p.
393 1988 128 43 illus.
566 1987 262 50 (facsims.)
896 1988 56 41 23½cm.
1112 1988 99 49 (Its
1242 1987 333 42 Publications
1607 1988 52 41 of
1692 1990 84 40 the
1807 1989 321 49 Department

132 2043 52 40 of
207 2046 217 48 politics)

202 2101 257 41 Foreword
492 2101 193 47 signed:
718 2102 59 39 H.
811 2101 70 40 W.
918 2102 43 50 [i.
992 2113 37 30 e.
1060 2101 212 41 Herbert
1299 2101 208 50 Wright]

476 2158 161 41 CONTENTS.—The
671 2158 271 47 university
977 2157 292 42 celebration
1305 2158 52 40 of
1392 2159 80 40 the
1510 2156 615 50 sesquicentennial.—The

133 2216 309 39 antecedents
469 2215 51 39 of
545 2215 79 40 the
650 2216 175 47 treaty,
851 2214 62 49 by
936 2215 43 40 J.
1007 2214 43 41 J.
1078 2214 319 49 Meng.—The
1424 2213 308 51 significance
1759 2215 53 42 of
1838 2216 83 41 the
1947 2216 177 48 treaty,

133 2270 59 48 by
220 2272 253 41 Elizabeth
502 2271 44 42 S.
575 2272 294 41 Kite.—The
897 2273 163 47 treaty
1088 2273 95 40 and
1214 2272 465 41 Franco-American
1710 2272 323 50 cooperation,
2064 2273 61 46 by

131 2327 164 43 André
321 2331 58 39 de
403 2328 521 48 Laboulaye.—Letter
947 2328 286 48 concerning
1258 2328 450 49 sesquicentennial,
1735 2329 62 47 by
1822 2330 43 40 J.
1892 2329 54 42 B.
1978 2328 147 42 Scott.

135 2383 52 53 ©
219 2389 110 40 Dec.
359 2387 68 47 28,
459 2387 113 41 1935;
633 2387 67 40 2c.
732 2387 94 40 and
859 2386 80 41 aff.
972 2387 127 40 June
1130 2387 70 47 12,
1230 2387 113 40 1936;
1405 2387 39 39 A
1472 2386 146 41 94917;
1677 2387 211 40 Herbert
1920 2384 206 49 Wright,

205 2443 331 48 Washington.
605 2442 278 49 (36-16184)

135 2530 349 55 Childcraft.
583 2549 49 36 [v.
660 2535 47 50 6.
734 2533 121 52 The
879 2532 153 53 child
1061 2537 59 47 at
1145 2532 153 67 play]
1366 2533 214 53 Parent
1606 2533 186 67 guide,
1856 2533 271 66 Chicago,

202 2609 1050 68 W. F. Quarrie & company [ c 1935]
203 2681 80 49 vii,
312 2682 84 39 224
424 2692 43 37 p.
522 2681 127 40 illus.
708 2682 54 40 25½
795 2684 44 21 cm
844 2714 8 8 .

205 2739 128 40 Vols.
360 2739 89 39 4-6
475 2738 125 39 have
627 2738 119 39 been
775 2737 236 48 prepared
1043 2737 152 39 under
1226 2736 82 41 the
1339 2737 237 41 direction
1606 2736 53 41 of
1692 2737 42 41 S.
1769 2738 52 40 E.
1855 2737 271 49 Farqunar,

134 2794 260 48 managing
427 2793 168 48 editor,
632 2794 94 39 and
762 2793 274 40 Bernadine
1071 2796 36 38 I.
1143 2792 184 49 Bailey,
1363 2793 239 47 directing
1636 2793 119 39 staff
1788 2793 170 42 editor.

135 2847 53 54 ©
210 2852 111 40 Dec.
345 2851 67 48 10,
439 2849 112 41 1935;
604 2850 67 39 2c.
698 2850 94 39 and
819 2850 81 39 aff.
927 2851 109 39 Jan.
1062 2850 68 47 18,
1157 2849 112 41 1936;
1325 2850 39 39 A
1389 2849 143 41 90334;
1587 2850 71 39 W.
1687 2850 50 40 F.
1765 2850 208 47 Quarrie
1999 2850 36 40 &
2059 2861 67 30 co.

136 2993 1964 147 Childcraft. [v. 6. The child at play] Teacher guide. Chicago, W. F. Quarrie & company [ c 1935]
202 3145 80 48 vii,
311 3145 85 40 219
423 3156 42 37 p.
521 3145 145 40 2½cm.

206 3202 128 39 Vols.
364 3202 88 39 4—6
478 3202 124 39 have
632 3201 119 39 been
780 3200 236 49 prepared
1049 3200 151 39 under
1231 3200 82 39 the
1345 3199 235 40 direction
1612 3199 52 41 of
1696 3200 45 41 S.
1770 3201 51 38 E.
1855 3199 273 50 Farquhar,

137 3257 259 46 managing
430 3256 169 48 editor,
636 3257 96 38 and
770 3257 275 39 Bernadine
1083 3259 36 38 I.
1158 3256 184 48 Bailey,
1381 3256 239 45 directing
1656 3255 118 41 staff
1810 3256 170 40 editor.

137 3310 52 52 ©
212 3316 111 39 Dec.
346 3314 69 48 20,
441 3313 112 40 1935;
609 3314 68 40 2c.
703 3313 95 39 and
822 3314 80 38 aff.
928 3314 109 39 Jan.
1062 3314 69 47 18,
1156 3312 112 41 1936;
1323 3313 39 39 A
1388 3312 145 42 90335;
1586 3314 71 39 W.
1685 3313 51 41 F.
1764 3312 206 47 Quarrie
1998 3313 36 39 &
2059 3322 66 30 co.

133 3401 221 66 Chism,
382 3402 189 54 Leslie
600 3403 133 64 Lee,
767 3407 170 50 1900-

205 3478 121 54 The
355 3478 284 54 economic
668 3477 205 71 ability
901 3478 64 54 of
994 3479 96 54 the
1117 3482 172 50 states
1318 3483 59 49 to
1406 3477 217 54 finance
1653 3477 195 70 public
1875 3476 219 54 schools;

138 3557 92 53 the
266 3557 203 67 ability
505 3557 62 54 of
601 3557 97 54 the
733 3557 226 53 various
993 3561 172 50 states
1198 3562 60 49 to
1293 3557 143 53 raise
1471 3563 100 48 tax
1606 3573 238 36 revenue
1876 3555 182 53 under
2094 3574 31 34 a

135 3637 207 64 system
373 3634 63 53 of
467 3634 257 54 taxation
755 3635 172 54 based
958 3653 72 36 on
1058 3635 95 53 the
1182 3635 184 54 model
1399 3635 136 67 plan
1568 3633 63 54 of
1661 3638 145 49 state
1837 3633 111 53 and
1981 3633 144 53 local

138 3711 272 68 taxation,
447 3711 139 53 with
623 3713 209 67 special
871 3711 285 54 reference
1191 3718 59 48 to
1286 3712 95 53 the
1417 3711 236 54 relative
1690 3710 203 67 ability
1930 3709 65 55 of
2030 3710 98 53 the

135 3787 1993 71 states to support education, by Leslie L. Chism … New York
137 3864 131 68 city,
296 3866 276 53 Teachers
600 3867 227 68 college,
855 3868 300 55 Columbia
1183 3867 336 67 university,
1548 3868 151 51 1936.

205 3938 62 47 vi,
300 3938 83 40 169
411 3950 44 37 p.
514 3939 54 40 23½
602 3942 43 21 cm
649 3971 11 9 .
729 3941 264 48 (Teachers
1023 3942 191 47 college,
1245 3939 248 43 Columbia
1527 3938 285 49 university.
134 3937 1975 98 Contributions
291 3997 51 39 to
368 3996 270 49 education,
669 4008 73 30 no.
772 3997 109 49 669)
