2519 4377
1113 4061 133 49 1555

248 490 87 41 304
362 501 44 38 p.
469 491 126 40 illus.
625 490 132 48 (incl.
790 490 161 48 maps)
991 490 178 48 diagrs.
1198 489 136 49 (part
1364 486 142 49 fold.)
1576 488 54 39 24½cm.

251 560 178 41 Folded
461 561 245 47 diagrams
736 561 46 39 in
812 561 183 47 pocket.

180 629 53 53 ©
265 634 111 47 Apr.
408 632 68 49 21,
509 632 140 46 1930;
684 633 65 39 1c.
782 632 114 46 July
928 632 80 45 17;
1043 630 310 47 A-Foreign
1382 629 171 47 32531;
1591 628 269 40 Deutscher
1895 629 166 44 verlag
2093 628 81 39 für

251 689 172 48 Politik
453 690 94 39 und
581 689 292 46 Wirtschaft,
904 699 40 36 g.
979 699 56 29 in.
1068 688 39 40 h.
1141 688 43 39 h.
1254 685 279 50 (36-28762)

179 794 324 64 Bogardus,
531 794 222 62 Emory
779 792 279 64 Stephen,
1089 797 170 50 1882-

248 868 401 54 Introduction
683 873 57 46 to
772 867 173 53 social
977 867 283 66 research;
1298 885 32 34 a
1362 870 121 49 text
1517 864 113 53 and
1666 863 285 54 reference
1984 862 188 69 study,

183 946 245 54 wherein
465 963 94 37 are
599 944 299 71 presented
937 942 228 56 various
1204 942 257 56 methods
1501 942 64 54 of
1604 941 172 55 social
1815 942 256 54 research
2114 941 58 54 in

181 1045 30 33 a
238 1030 274 63 compact,
536 1023 334 54 convenient
898 1023 167 53 form.
1141 1023 90 51 Bv
1258 1023 215 66 Emory
1505 1020 56 56 S.
1591 1020 303 69 Bogardus
1927 1063 57 10 ...
2063 1021 109 51 Los

184 1097 1829 73 Angeles, Calif., New York [etc.] Suttonhouse, ltd. [ c 1936]
181 1175 1973 101 xi p., 1 l., 237 p. illus. (maps) diagrs. 23½ cm . [University of Southern California.
641 1234 170 41 School
842 1234 50 40 of
922 1235 222 40 research
1173 1235 163 40 series,
1397 1243 74 31 no.
1499 1233 70 51 14]

251 1290 281 48 University
565 1290 51 40 of
651 1291 240 41 Southern
926 1290 287 42 California.
1276 1291 158 41 Social
1465 1291 185 40 science
1683 1290 164 41 series,
1906 1300 75 31 no.
2017 1291 70 40 17.

252 1347 161 41 “First
445 1346 227 42 edition.”

253 1403 67 40 “A
359 1402 365 49 bibliography”;
797 1415 41 37 p.
879 1402 217 41 226-233.
1158 1402 68 41 “A
1267 1403 336 48 bibliography
1645 1403 51 41 of
1735 1402 407 49 bibliographies”;

182 1471 39 37 p.
251 1459 99 41 234.

181 1529 53 53 ©
261 1534 128 48 Sept.
415 1533 69 47 25,
513 1533 140 47 1936;
686 1534 67 40 2c.
786 1536 127 45 Sept.
942 1534 81 46 16;
1056 1533 80 41 aff.
1167 1533 100 41 Oct.
1298 1531 82 49 13;
1412 1534 39 38 A
1482 1531 198 49 100019;
1716 1533 342 48 Suttonhouse,
2093 1533 83 40 ltd.

262 1590 279 50 (36-27472)

180 1698 388 63 Brent-Dyer,
595 1697 202 53 Elinor
822 1698 191 62 Mary.

242 1771 76 54 Jo
343 1776 223 49 returns
593 1777 57 48 to
679 1772 94 53 the
801 1770 203 56 Chalet
1033 1770 207 70 school,
1266 1769 76 71 by
1370 1767 204 56 Elinor
1602 1770 80 54 M.
1711 1770 367 70 Brent-Dyer
2112 1811 56 12 ...

176 1848 320 55 illustrated
530 1849 77 69 by
641 1848 153 55 Nina
831 1849 73 53 K.
943 1847 242 71 Brisley.
1257 1848 239 53 London
1533 1848 112 53 and
1684 1847 366 70 Edinburgh,
2083 1847 91 55 W.

172 1929 44 50 &
248 1927 66 53 K.
349 1926 327 69 Chambers,
708 1927 221 54 limited
990 1929 152 65 [1936]

247 1997 85 42 303
362 2010 43 38 p.
466 1999 162 47 front.,
660 1999 171 48 plates.
891 1999 56 41 19
951 2002 44 22 cm
998 2032 9 8 .

249 2054 248 50 “Original
525 2056 196 48 edition,
752 2055 157 43 1936.”

182 2122 1996 53 © 1c. Sept. 14, 1936; A ad int. 21874; pubd. Aug. 15; W. & R. Chambers,
253 2183 83 41 ltd.
410 2183 281 50 (36-25554)

180 2289 189 64 Brett,
397 2292 136 51 Mrs.
561 2289 202 64 Agnes
795 2289 325 65 (Baldwin)
1157 2291 170 54 1876-

259 2408 55 10 ...
362 2365 251 55 Ancient
652 2363 242 55 oriental
937 2366 142 54 seals
1120 2365 60 54 in
1221 2366 97 52 the
1359 2365 295 55 collection
1696 2366 64 53 of
1801 2365 139 55 Mrs.
1984 2366 194 68 Agnes

190 2441 262 55 Baldwin
489 2443 184 67 Brett,
712 2443 34 53 by
826 2443 165 54 Hans
1029 2442 277 70 Henning
1345 2462 109 34 von
1499 2443 100 53 der
1639 2443 193 55 Osten.
1909 2443 270 68 Chicago,

186 2520 110 67 Ill.,
325 2520 121 53 The
474 2519 337 69 University
840 2520 64 53 of
934 2520 252 69 Chicago
1215 2539 156 48 press
1427 2524 152 64 [1936]

250 2593 1926 49 xi, 76 p., 1l. illus., XII pl. 30½cm. (The University of Chicago Oriental
187 2650 223 41 institute
436 2649 339 49 publications,
804 2651 91 40 vol.
1108 2652 13 48 XXXVII)

257 2711 243 43 “Selected
534 2711 365 49 bibliography”;
960 2723 41 37 p.
1033 2711 157 41 62-70.

184 2775 52 54 ©
266 2782 127 46 Sept.
420 2779 41 49 8,
488 2779 141 48 1936;
661 2780 66 39 2c.
755 2781 101 41 Oct.
883 2780 53 49 2;
967 2781 81 39 aff.
1079 2781 101 41 Oct.
1210 2782 52 46 5;
1293 2783 37 38 A
1359 2781 172 48 99169;
1563 2782 282 49 University
1873 2783 52 39 of
1953 2783 224 45 Chicago,

255 2837 223 49 Chicago.
546 2837 280 49 (36-25523)

186 2943 225 63 Brown,
439 2942 163 55 Paul.

246 3016 139 53 War
417 3016 191 69 Paint,
642 3036 71 34 an
746 3017 212 54 Indian
994 3035 152 51 pony
1202 3017 75 69 [by]
1336 3018 146 52 Paul
1520 3019 228 52 Brown.
1820 3018 137 55 New
1999 3017 176 53 York.

187 3097 59 53 C.
283 3096 310 56 Scribner’s
626 3115 156 45 sons;
818 3098 256 63 London,
1109 3098 61 54 C.
1208 3097 312 55 Scribner’s
1551 3115 146 38 sons,
1729 3098 121 53 ltd..
1888 3102 148 49 1936.

252 3165 84 52 [96]
371 3178 41 38 p.
475 3168 126 40 illus.
662 3168 55 40 27
722 3170 43 22 cm
769 3200 9 9 .

186 3233 53 53 ©
272 3238 128 47 Sept.
432 3238 67 46 11,
532 3237 141 48 1936;
705 3238 67 41 2c.
807 3239 101 40 Oct.
942 3238 52 46 8;
1030 3239 80 38 aff.
1144 3239 102 41 Oct.
1276 3238 82 47 20;
1395 3240 40 39 A
1466 3238 172 49 99497;
1675 3240 203 41 Charles
1914 3240 266 40 Scribner’s

256 3304 124 30 sons.
445 3293 280 50 (36-28508)

185 3397 340 54 California.
603 3400 362 53 Curriculum
992 3400 372 53 commission.

258 3473 294 55 Teachers’
594 3475 171 66 guide
810 3481 57 48 to
912 3476 151 52 child
1108 3476 397 65 development
1546 3476 58 54 in
1647 3476 94 54 the
1785 3477 396 54 intermediate

188 3552 219 67 grades,
449 3553 278 66 prepared
769 3553 180 53 under
987 3554 95 54 the
1121 3553 276 54 direction
1435 3554 63 52 of
1540 3555 96 53 the
1675 3554 325 55 California
2037 3560 144 50 state

190 3628 359 55 Curriculum
575 3629 373 55 commission.
1010 3630 384 69 Sacramento,
1421 3631 323 55 California
1766 3637 146 49 state

189 3634 1969 125 Department
370 3705 63 54 of
461 3705 316 67 education,
810 3711 148 50 1936.

257 3779 856 48 xxviii, 631 p. illus., pl. 23½ cm .
260 3835 67 39 “A
357 3834 282 48 companion
668 3837 187 39 volume
885 3841 47 37 to
962 3837 254 41 Teachers’
1247 3839 142 45 guide
1421 3842 46 38 to
1501 3839 126 41 child
190 3841 1973 90 development—manual
296 3892 77 40 for
398 3891 345 48 kindergarten
769 3894 92 39 and
891 3893 215 48 primary
1136 3895 233 42 teachers,
1396 3898 234 46 prepared
1659 3898 153 38 under
1837 3899 80 38 the
1945 3898 235 41 direction

191 3947 50 41 of
268 3948 80 40 the
376 3949 127 39 state
532 3947 307 42 Curriculum
869 3949 303 42 commission
1203 3953 94 38 and
1328 3952 253 48 published
1611 3953 49 41 in
1688 3953 494 43 1930.”—Foreword.
