2519 4377
1245 4159 134 52 1650

366 533 83 49 vii,
481 532 86 41 548
595 543 45 38 p.
700 532 130 40 illus.
861 533 137 48 (part
1029 531 113 48 col.)
1184 531 180 48 diagrs.
1422 529 57 42 26
1482 533 44 22 cm
1531 560 8 9 .

370 603 237 42 Contains
637 602 398 49 bibliographies.

298 671 1847 54 © .July 14, 1936; 1c. Dec. 3; A- Foreign 33647; Julius Springer.
299 794 380 64 Chittenden,
708 792 212 54 Hiram
949 793 245 65 Martin,
1226 791 328 56 1859-1917.

370 874 121 52 The
519 870 310 56 American
857 871 100 53 fur
984 872 165 53 trade
1179 871 63 53 of
1270 871 95 53 the
1396 870 94 54 far
1516 873 162 53 West
1710 871 110 67 [by]
1854 870 214 54 Hiram
2096 871 223 53 Martin

301 951 378 67 Chittenden;
727 971 30 34 a
797 951 226 68 history
1067 950 63 53 of
1173 950 234 69 pioneer
1449 948 238 70 trading
1728 955 157 63 posts
1928 954 48 51 &
2017 950 159 69 early
2219 950 99 54 fur

299 1030 325 69 companies
653 1030 64 53 of
746 1030 96 54 the
872 1030 275 54 Missouri
1176 1029 189 68 valley
1394 1031 46 50 &
1467 1029 201 68 Rocky
1697 1029 329 54 mountains
2056 1034 46 50 &
2130 1031 63 52 of
2223 1031 95 53 the

300 1110 275 53 overland
625 1127 310 36 commerce
983 1109 141 52 with
1177 1107 181 56 Santa
1408 1109 109 65 Fé;
1570 1109 142 53 with
1760 1109 396 54 introduction
2207 1111 113 52 and

301 1187 2019 149 notes by Stallo Vinton and sketch of the author by Dr. Edmond S. Meany … New York, The Press of the pioneers,
301 1349 126 62 inc.,
456 1349 151 50 1935.

372 1419 26 38 2
460 1452 9 9 v.
526 1419 167 46 front.,
790 1450 8 16 pl.,
827 1419 167 49 ports.,
1023 1417 117 41 fold,
1171 1427 111 38 map
1321 1417 74 49 (in
1423 1418 174 47 pocket
1626 1417 52 41 of
1706 1428 43 29 v.
1778 1417 53 49 2)
1897 1417 57 42 23½
1987 1421 44 21 cm
2035 1450 9 9 .

374 1489 164 49 Paged
567 1488 359 48 continuously.

374 1547 134 39 First
537 1545 261 49 published
829 1544 128 41 1902.

376 1604 131 41 “The
533 1604 86 41 fur
642 1602 143 42 trade
812 1602 53 41 of
890 1603 84 40 the
1000 1601 144 42 south
1173 1602 134 50 west,
1335 1601 61 49 by
1424 1602 86 41 the
1533 1601 187 42 editor”
1740 1615 9 29 :
1778 1614 43 32 v.
1849 1602 40 51 2,
1916 1614 44 39 p.
1989 1602 219 44 973-978.

372 1661 356 49 Bibliography
746 1671 9 30 :
793 1671 44 31 v.
873 1660 40 51 2,
950 1670 44 38 p.
1032 1658 219 42 979-981.

304 1729 2019 54 © May 16, 1935 ; 2c. each May 28, 1936 ; aff. Nov. 4 ; A 100413 ; Press
374 1790 53 40 of
457 1790 85 41 the
571 1788 241 50 pioneers,
845 1786 91 41 inc.
1003 1786 283 51 [Copyright
1318 1786 43 40 is
1393 1786 207 41 claimed
1636 1797 63 30 on
1730 1797 107 30 new
1870 1789 197 50 matter]

385 1845 253 51 (35-7326)

304 1953 84 53 De
413 1952 86 54 La
524 1950 219 66 Roche,
769 1950 188 64 Mazo,
987 1953 174 52 1885-

372 2029 367 67 Whiteoaks;
778 2049 31 34 a
844 2027 157 69 play,
1035 2028 76 67 by
1143 2028 169 52 Mazo
1348 2029 87 51 De
1469 2028 84 52 La
1590 2028 207 54 Roche.
1873 2028 261 69 London,
306 2029 1993 134 Macmillan
534 2108 114 54 and
675 2124 99 50 co.,
799 2104 245 69 limited,
1072 2109 153 51 1936.

373 2191 649 53 3 p. l. , 107, [1] p. 19 cm .
305 2262 2019 55 © 1c. Nov. 5, 1936 ; A ad int. 21957 ; pubd. Sept. 29 ; M. De La Boche,
375 2324 81 41 Col
465 2323 127 49 wall,
616 2332 75 31 nr.
715 2321 238 48 Malvern,
978 2319 427 50 Worcestershire,
1431 2320 240 48 England.
1734 2320 285 53 (36-32367)

304 2427 299 65 Dermine,
631 2426 172 57 Jean.

304 2495 1991 155 … La vie spirituelle du père de Foucauld. [Bruxelles] Éditions de la Cité chrétienne, 1935.
377 2668 769 54 2 p. l., [7]-138, [2] p. 19 ½c m .
306 2738 2020 65 © Dec. 15, 1935 ; 1c. Aug. 27, 1936 ; A- Foreign 32837 ; Éditions de la
378 2808 108 42 Cité
511 2805 298 42 chrétienne.
879 2803 284 50 (36-31746)

306 2920 260 64 DeWitt,
591 2916 374 68 Marguerite
990 2918 67 54 E.

376 2997 290 55 Practical
714 2996 261 54 methods
1024 2996 62 53 in
1135 2995 196 53 choral
1379 2993 297 71 speaking,
1723 2996 76 69 by
1847 2997 358 69 Marguerite
2255 2999 66 53 E.

306 3078 240 54 DeWitt
606 3076 115 53 and
780 3075 206 54 others.
1084 3076 235 65 Boston,
1379 3075 192 67 Mass.,
1631 3076 353 67 Expression
2043 3094 282 53 company

328 3159 177 64 [ c 1936]
319 3225 590 66 “ 3 p. l. , 253 p. 20 cm .
381 3317 204 43 “Choric
619 3326 141 31 verse
792 3316 201 40 drama”
1013 3328 8 29 :
1058 3327 43 37 p.
1138 3315 205 41 239-243
1362 3327 8 37 ;
1412 3317 211 41 “Recent
1658 3318 171 48 poetry
1866 3318 78 40 for
1980 3318 164 41 choric
2180 3319 113 41 use”
2313 3331 10 30 :

307 3395 43 38 p.
379 3381 232 48 245-246;
645 3380 349 41 “Dramatized
1024 3378 250 42 ballads”:
1307 3390 43 38 p.
1382 3379 113 47 247;
1530 3379 381 50 Bibliography:
1945 3392 45 38 p.
2021 3381 218 42 249-253.

308 3455 2016 53 © Oct. 13, 1936 ; 2c. and aff. Nov. 6 ; A 99784 ; M. E. DeWitt, New York.
388 3520 285 51 (36-28728)

305 3630 219 66 Drury,
550 3632 199 63 Wells,
779 3636 329 51 1851-1932.

306 3706 2016 150 An editor on the Comstock lode, by Wells Drury; foreword by Ella Bishop Drury … New York, Toronto, Farrar
303 3864 1037 71 & Rinehart, incorporated [ c 1936]
448 3982 9 18 xx,
486 3951 86 41 343
605 3963 41 36 p.
707 3950 167 51 front.,
901 3951 130 43 illus.
1060 3951 161 51 (map)
1260 3953 174 49 plates,
1460 3954 165 48 ports.,
1654 3952 156 50 diagr.
1870 3953 56 41 23½c
1977 3955 28 22 m
2009 3983 9 10 .

307 4019 53 53 ©
389 4023 102 41 Oct.
521 4021 71 49 26,
623 4022 141 43 1936:
897 4024 101 41 Oct:.
1029 4023 82 49 28;
1145 4024 81 40 aff.
1260 4024 102 41 Oct.
1392 4023 83 48 27;
1509 4025 41 38 A
1578 4023 173 44 99142;
1784 4024 196 47 Aubrey
2012 4025 178 48 Drury,
2227 4025 96 38 San

380 4085 275 43 Francisco.
721 4086 283 50 (36-30915)
