2519 4377
1308 4157 134 52 1258

363 466 265 65 Moberg,
656 463 277 65 Vilhelm,
961 469 173 50 1898-

443 586 56 10 ...
543 541 168 54 Weib
750 540 151 54 eines
941 558 262 47 mannes;
1247 540 91 53 ein
1379 557 200 35 roman
1621 557 99 37 ans
1762 539 129 53 dem
1932 537 314 55 Schweden
2285 539 97 53 des

368 616 1621 70 18. jahrhunderts. Berlin [ etc.] P. Zsolnay, 1936.
436 689 475 52 267, [1] p. 19 ½cm .
434 748 66 41 At
528 748 126 41 head
684 746 54 42 of
764 747 112 41 title;
933 747 230 41 Wilhelm
1191 745 212 49 Moberg.

437 804 359 41 “Autorisierte
829 802 326 49 Übersetzung
1187 813 91 31 aus
1313 804 110 40 dem
1459 803 363 42 schwedischen
1856 814 93 31 von
1986 804 224 41 Walther
365 802 2002 100 Hjalmar
506 860 203 42 Kotas.”

437 918 144 41 “1.-5.
612 915 254 44 tausend.”

364 988 2020 53 © Mar. 7, 1936; 1c. July 17; A — Foreign 32671; Paul Zsolnay verlag,
435 1060 41 37 g.
504 1059 61 31 m.
593 1049 43 41 b.
664 1049 48 42 h.
779 1047 283 50 (36-19597)

363 1151 234 64 Moffat,
625 1150 343 55 Alexander
994 1149 219 67 White,
1244 1155 174 51 1891-

429 1229 123 53 The
573 1229 193 70 galley
787 1226 189 73 guide.
1052 1226 56 54 A
1131 1229 206 68 purely
1357 1227 435 54 humanitarian
1814 1227 177 69 work,
2014 1228 252 68 planned
2288 1234 99 47 out

364 1307 64 55 of
477 1306 423 56 consideration
948 1306 97 54 for
1093 1307 99 53 the
1240 1306 282 70 digestive
1570 1310 315 65 apparatus
1935 1306 65 54 of
2047 1307 160 53 those
2256 1307 128 53 who

365 1385 355 56 cruise—the
766 1386 189 69 thing,
1005 1384 153 54 after
1207 1385 96 68 all,
1351 1403 158 51 upon
1557 1386 189 52 which
1793 1403 216 37 success
2059 1405 63 34 or
2172 1386 213 54 failure

367 1464 220 71 largely
622 1464 270 70 depends.
967 1466 94 67 By
1095 1463 152 54 Alex
1280 1465 91 55 W.
1406 1462 225 55 Moffat.
1708 1464 142 53 New
1885 1464 183 69 York,
2102 1464 283 70 Kennedy

366 1544 276 69 brothers,
674 1542 423 71 incorporated,
1130 1545 153 52 1936.

474 1651 8 16 x,
530 1617 85 41 181
660 1628 45 39 p.
779 1617 130 41 illus.
982 1617 55 41 18
1041 1620 45 21 cm
1089 1649 10 10 .
1171 1617 101 49 (On
1315 1625 143 32 cover;
1523 1617 244 51 Yachting
1811 1619 310 48 handbooks)

364 1684 54 53 ©
444 1689 121 47 Aug.
591 1688 71 48 10,
689 1686 119 42 1936;
860 1687 69 41 2c.
955 1688 122 48 Aug.
1103 1687 60 40 20;
1215 1687 83 42 aff.
1324 1688 122 47 Aug.
1473 1688 55 40 11;
1586 1689 45 39 A
1655 1688 147 41 97464;
1857 1689 239 48 Kennedy
2124 1689 141 49 bros.,
2293 1690 92 42 inc.

446 1743 285 52 (36-19769)

363 1850 322 64 Monahan,
716 1849 104 55 Oci
849 1847 271 67 Kendall,
1153 1855 173 50 1892-

438 1928 130 68 Gay
606 1927 249 67 Waters,
890 1926 77 71 by
1008 1926 69 56 O.
1118 1926 76 54 K.
1233 1926 313 56 Monahan.
1621 1925 433 71 Philadelphia,
2093 1930 295 53 Dorrance

367 2007 116 54 and
517 2024 285 51 company
844 2038 14 35 [
861 2011 20 22 c
885 2008 155 64 1936]

439 2081 87 41 217
563 2092 43 38 p.
781 2112 10 9 19cm.

365 2146 53 53 ©
451 2151 122 47 Aug.
607 2151 41 47 5,
682 2149 143 49 1936;
860 2150 70 42 2c.
967 2150 130 48 Sept.
1131 2150 83 48 10;
1249 2147 82 45 aff.
1371 2151 128 48 Sept.
1533 2151 84 48 11;
1653 2152 42 39 A
1729 2151 172 50 97745;
1940 2153 52 41 O.
2029 2154 59 40 K.
2124 2154 262 50 Monahan,

436 2208 135 47 Long
603 2207 171 40 Island
809 2206 126 49 City,
968 2208 56 39 N.
1059 2208 54 39 Y.
1188 2206 282 51 (36-19437)

362 2314 273 65 Morgan,
664 2314 238 54 Arthur
930 2315 240 64 Ernest,
1202 2317 173 54 1878-

438 2393 121 54 The
610 2394 140 67 long
801 2393 159 68 road,
1012 2392 77 68 by
1140 2392 228 54 Arthur
1422 2393 68 53 E.
1545 2394 247 68 Morgan
1854 2438 56 9 ...
1973 2395 286 54 foreword
2311 2397 74 67 by

366 2473 267 67 Dorothy
668 2471 260 56 Canfield
958 2469 221 56 Fisher.
1254 2472 406 68 Washington,
1693 2473 72 52 D.
1799 2473 82 68 C.,
1916 2474 275 54 National
2222 2475 166 53 home

367 2550 219 69 library
620 2550 365 67 foundation,
1020 2553 152 52 1936.

505 2657 10 17 xv,
543 2626 86 38 144
656 2636 43 38 p.
761 2626 57 39 17
820 2627 44 21 cm
869 2655 8 8 .
949 2623 101 50 (On
1075 2634 143 32 cover;
1265 2623 233 43 National
1525 2625 141 42 home
1690 2625 212 50 library)

438 2683 130 40 “The
601 2683 111 40 first
745 2682 137 41 three
918 2682 228 49 chapters
1188 2713 48 9 ...
1277 2692 128 30 were
1440 2682 112 41 first
1583 2682 244 41 delivered
1864 2694 54 30 as
1956 2684 210 40 lectures
2204 2696 59 28 on
2304 2685 80 40 the

365 2738 365 43 Alden-Tuthill
758 2739 294 41 foundation
1081 2741 54 40 at
1158 2738 85 43 the
1270 2738 209 50 Chicago
1509 2739 285 49 theological
1826 2739 261 49 seminary,
2117 2740 158 41 1936.”

713 2795 1670 50 CONTENTS. — Limitations in government and industry.—Specifications
365 2853 81 41 for
474 2854 222 40 national
727 2853 437 42 character.—The
1192 2854 115 49 long
1335 2852 361 43 road.—Cases.

366 2920 58 53 ©
459 2925 122 47 Aug.
621 2926 71 46 14,
732 2925 118 40 1936;
915 2924 68 41 2c.
1025 2925 98 40 and
1160 2924 85 42 aff.
1288 2925 129 48 Sept.
1456 2925 28 39 5;
1550 2925 42 39 A
1631 2923 146 42 97667;
1845 2925 133 41 Natl.
2019 2924 142 41 home
2199 2924 188 49 library

433 2981 309 41 foundation.
807 2981 283 49 (36-19532)

363 3086 333 53 Nebraska.
771 3088 281 65 Supreme
1089 3092 177 47 court.

436 3164 250 66 Reports
733 3163 66 54 of
846 3182 152 35 cases
1051 3206 56 11 ...
1164 3163 332 68 September
1545 3167 162 62 term,
1757 3166 153 64 1935,
1959 3164 114 52 and
2122 3164 264 67 January

364 3246 165 62 term,
574 3245 137 49 1936
758 3284 56 10 ...
897 3242 228 53 volume
1167 3244 115 51 130.
1362 3242 204 67 Henry
1605 3243 68 51 P.
1720 3240 298 69 Stoddart,
2060 3241 198 53 official

364 3260 1997 126 reporter.
653 3320 262 67 Lincoln,
954 3320 159 67 Neb.,
1156 3318 211 56 Claflin
1407 3318 265 69 printing
1712 3337 300 50 company,
2055 3323 151 50 1936.

506 3424 8 17 xv,
547 3393 89 40 977
664 3402 44 38 p.
770 3391 61 41 22½cm.

438 3450 74 40 On
539 3448 204 49 binding;
802 3450 119 41 Nov.
952 3449 70 49 22,
1056 3448 265 48 1935-May
1352 3448 69 49 11,
1454 3448 131 41 1936.

368 3503 53 54 ©
447 3508 116 47 July
587 3507 72 49 30,
684 3505 142 50 1936;
854 3506 69 42 2c.
948 3507 121 47 Aug.
1096 3506 56 40 22;
1208 3506 82 40 aff.
1320 3506 129 48 Sept.
1476 3505 55 40 21;
1589 3506 41 39 A
1655 3504 172 49 98589;
1858 3506 170 48 Henry
2057 3506 51 42 P.
2138 3505 247 49 Stoddart,

441 3566 223 47 reporter
712 3564 54 39 of
812 3564 83 40 the
948 3565 236 46 Supreme
1231 3564 153 47 court,
1434 3563 79 39 for
1563 3563 83 40 the
1695 3563 178 40 benefit
1923 3562 54 41 of
2024 3563 86 41 the
2157 3564 132 39 state
2335 3564 54 39 of

440 3622 270 48 Nebraska,
739 3621 215 48 Lincoln,
986 3620 116 41 Neb.

366 3725 147 52 New
550 3726 215 64 Jersey
802 3724 205 68 digest,
1045 3724 329 66 annotated,
1410 3723 269 67 covering
1717 3724 76 52 all
1831 3741 152 35 cases
2021 3724 266 67 reported
2324 3723 61 52 in

438 3804 139 52 New
620 3805 203 65 Jersey
866 3806 223 64 reports
1133 3803 112 52 and
1287 3801 262 53 Atlantic
1593 3806 272 62 reporter.
1941 3803 248 66 August,
2234 3805 151 55 1936,

439 3880 347 55 cumulative
850 3880 301 67 pamphlet
1218 3923 56 9 ...
1344 3878 141 53 with
1548 3879 153 53 table
1766 3879 62 52 of
1893 3897 151 35 cases
2110 3880 273 67 digested.

440 3959 266 66 Newark,
748 3959 69 53 N.
862 3960 75 65 J.,
983 3958 188 66 Soney
1211 3962 46 49 &
1300 3957 149 68 Sage
1490 3976 309 48 company;
1849 3956 82 56 St.
1976 3958 166 66 Paul,
2183 3959 201 62 Minn.,

437 4036 862 67 West publishing co. [ c 1936]
