2519 4377
1050 4095 132 53 1753

117 443 353 65 Alexander,
504 444 253 52 Edward
790 443 70 55 A.

187 534 330 66 Amending
555 534 92 53 the
687 534 215 54 United
947 532 187 56 States
1175 533 404 56 Constitution.
1657 535 117 51 “To
1814 533 64 52 be
1919 551 63 33 or
2021 538 96 46 not

119 618 55 47 to
218 612 263 53 be—that
524 611 47 53 is
615 613 93 52 the
751 611 307 68 question'’.
1136 613 88 52 Bv
1271 611 252 53 Edward
1566 613 71 52 A.
1681 611 329 53 Alexander
2059 653 55 9 ...

197 709 82 33 [New
303 690 179 56 York,
568 734 8 9 N.
606 692 89 54 Y.,
725 693 151 63 1936]

188 763 284 47 cover-title,
501 762 54 39 14
586 773 42 38 p.
690 761 55 41 23
748 765 44 21 cm
796 794 8 7 .

117 828 53 53 ©
203 832 115 46 July
348 830 70 49 23,
451 831 141 48 1936;
625 830 67 41 2c.
726 832 115 47 July
874 831 81 48 24;
990 833 81 38 aff.
1105 833 120 46 Aug.
1257 831 82 48 27;
1375 832 41 39 A
1445 830 171 48 98163;
1654 832 52 39 E.
1741 832 52 38 A.
1828 829 292 47 Alexander,

186 889 117 39 New
327 888 145 41 York.

117 992 378 66 Armstrong,
522 994 241 63 Robert,
794 999 172 50 1884-

187 1082 121 52 The
333 1081 395 55 mathematics
757 1082 64 54 of
846 1082 256 68 casualty
1130 1081 404 55 cancellations
1581 1081 93 69 [by]
1709 1082 214 53 Robert
117 1083 1980 145 Armstrong.
392 1159 111 54 Los
532 1159 267 69 Angeles,
829 1160 312 54 Insurance
1171 1160 315 67 textbooks,
1520 1164 150 50 1936.

187 1233 674 50 2 p. l., [7]-379 p. 20½ cm .
190 1290 231 39 Erratum
448 1290 96 47 slip
568 1290 215 39 inserted
810 1290 215 40 between
1052 1299 145 39 pages
1225 1289 56 40 34
1306 1290 97 39 and
1428 1289 71 41 35.

116 1354 55 54 ©
207 1360 119 47 Aug.
363 1358 69 44 24.
471 1358 115 41 1936;
651 1358 69 40 2c.
760 1358 96 40 and
895 1358 81 40 aff.
1016 1359 117 40 Nov.
1172 1358 26 40 9;
1266 1359 42 39 A
1347 1357 173 41 100382;
1637 1391 8 9 R.
1684 1360 303 47 Armstrong,
2030 1361 91 38 Los

186 1416 219 47 Angeles.
472 1414 282 49 (30-33936)

116 1518 401 65 Bessis, J. V .
192 1653 55 9 ...
286 1607 220 57 Galilee;
567 1628 91 50 ou,
687 1610 84 54 La
803 1610 280 69 mystique
1116 1610 70 54 de
1212 1609 105 55 l’or;
1380 1609 230 70 preface
1641 1610 72 54 de
1741 1610 239 54 Francis
119 1610 1978 132 Delaisi.
336 1689 185 68 Paris,
551 1689 287 54 Librairie
868 1691 76 52 du
979 1689 559 68 Quatre-septembre
1594 1692 151 65 [1936]

186 1762 85 41 179
300 1773 57 39 p.,
388 1763 29 39 2
465 1793 9 9 l.
535 1762 55 41 18½
622 1765 45 22 cm
672 1794 8 9 .

118 1828 2004 53 © Mar. 15, 1936; 1c. May 11; A-Foreign 31694; J. V. Bessis, Paris.
198 1888 280 50 (36-35550)

118 1992 181 54 Bible.
372 1996 71 51 N.
475 1997 62 51 T.
605 1994 253 67 Gospels.
923 1995 264 66 English.
1251 1995 362 53 Harmonies.
1677 1998 154 51 1936.

187 2070 123 53 The
357 2071 309 68 composite
717 2071 211 69 Gospel
980 2072 65 55 of
1094 2072 124 56 Our
1266 2073 155 52 Lord
1473 2073 113 54 and
1640 2071 262 67 Saviour,
1952 2074 167 53 Jesus

120 2148 222 70 Christ;
395 2150 171 69 being
616 2170 31 33 a
700 2150 308 68 composite
1058 2156 400 63 arrangement
1506 2150 58 53 in
1614 2169 103 35 one
1766 2150 353 54 consecutive

118 2233 157 64 story
319 2227 65 54 of
428 2230 96 55 the
568 2234 192 50 events
806 2229 64 55 of
912 2229 90 55 his
1046 2229 176 69 birth,
1264 2229 123 67 life,
1433 2230 204 67 words,
1682 2230 203 67 works,
1930 2230 189 66 death,

121 2307 372 53 resurrection
548 2308 113 53 and
716 2307 288 55 ascension
1058 2327 59 35 as
1168 2309 269 53 recorded
1487 2309 76 67 by
1612 2310 95 51 the
1759 2308 360 68 evangelists,

121 2386 166 56 Saint
320 2388 297 67 Matthew,
654 2387 168 56 Saint
856 2387 188 68 Mark,
1081 2387 167 56 Saint
1282 2388 160 53 Luke
1479 2388 113 53 and
1632 2387 168 56 Saint
1833 2389 186 64 John;
2063 2387 54 52 in

123 2465 182 53 which
344 2483 168 50 every
551 2471 165 48 event
753 2467 271 53 narrated
1063 2466 75 68 by
1178 2484 111 50 any
1329 2465 64 54 of
1431 2466 96 53 the
1566 2465 342 69 evangelists
1950 2466 46 54 is
119 2466 1974 143 included,

364 2561 145 36 none
537 2543 172 70 being
739 2544 348 68 duplicated,
1119 2547 282 66 arranged
1434 2544 62 53 in
1525 2545 95 52 the
1652 2545 271 67 probable
1953 2546 166 52 order

123 2621 54 53 in
216 2623 186 53 which
440 2623 97 53 the
572 2629 193 50 events
800 2623 267 53 occurred;
1133 2629 58 48 to
1227 2622 186 54 which
1452 2641 94 35 are
1584 2623 184 53 added
1807 2623 312 65 historical,

118 2700 405 70 geographical
581 2703 113 52 and
751 2701 419 69 chronological
1228 2707 175 61 notes,
1460 2701 331 56 references,
1849 2701 270 67 probable

119 2779 157 54 dates
310 2780 113 52 and
458 2780 219 52 textual
713 2782 112 53 and
860 2779 214 69 topical
1110 2779 244 54 indexes.
1433 2779 212 54 Edited
1679 2779 76 68 by
1794 2780 209 55 Seneca
2041 2781 76 52 X.

122 2857 1627 70 Swimme ... Fort Worth, Tex., The editor [ c 1936]
190 2932 823 50 2 p. l., vii-xxiv, 257 p. 20½ cm .
191 2992 129 47 Page
351 2989 153 52 [xxiii]
537 2990 263 41 numbered
828 2990 68 41 23.

120 3057 52 53 ©
199 3062 100 40 Oct.
329 3060 69 47 27,
428 3060 139 47 1936;
599 3060 68 40 2c.
698 3060 102 41 Oct.
828 3060 53 39 31;
944 3060 81 40 aff.
1057 3060 101 40 Oct.
1189 3059 56 40 30;
1304 3061 39 38 A
1372 3058 145 41 99678;
1582 3060 175 39 Seneca
1791 3060 58 39 X.
1884 3059 237 41 Swimme,

191 3119 117 40 Fort
334 3118 186 40 Worth.
589 3116 281 48 (36-33916)

120 3222 239 63 Boland,
389 3223 210 53 Stuart
627 3224 254 52 Morton.

190 3298 377 67 Immortalia,
614 3299 76 67 by
742 3298 199 55 Stuart
992 3301 229 51 Morton
1272 3297 242 54 Boland.
1606 3332 12 33 [
1626 3297 116 55 San
1792 3298 323 66 Francisco]

124 3376 331 54 Universitv
483 3395 173 49 press,
690 3380 149 51 1936.

190 3448 625 50 5 p. l., 65, [1] p. 17½ cm .
122 3516 52 54 ©
202 3521 112 47 Apr.
343 3519 70 45 15.
442 3518 140 44 1936;
613 3518 66 40 2c.
711 3519 115 48 July
854 3519 83 48 27;
968 3519 82 41 aff.
1079 3520 119 47 Aug.
1228 3518 82 48 25;
1342 3520 41 39 A
1411 3517 144 42 98133;
1619 3518 43 42 S.
1695 3519 61 40 M.
1789 3517 203 43 Boland.
2026 3519 94 38 San

193 3575 273 43 Francisco.

122 3680 186 65 Boris,
335 3681 160 55 Otto.

125 3755 1970 147 ... Addi; die geschichte eines Storches mit bildern von professor Walter Klemm ... Stuttgart, K . Thienemanns [ c 1935]
193 3906 675 50 191 p. illus. 19½ × 15cm.
125 3974 1997 52 © Aus. 12. 1935; 1c. July 17. 1936; A- Foreign 32504; K. Thienemanns
194 4017 176 61 veriag.
441 4033 280 45 (30-35576)
