2519 4377
1048 4084 98 51 617

112 534 237 65 facture,
387 532 357 53 installation
785 533 111 51 and
935 550 98 35 use
1071 531 63 52 of
1173 532 77 51 oil
1289 531 236 53 burners
1565 532 60 52 in
1664 531 288 53 moderate
1993 530 114 54 size

107 613 221 52 heaters
362 611 300 68 including
695 629 31 34 a
762 611 275 67 complete
1073 611 77 51 oil
1185 610 237 69 heating
1456 610 400 69 terminology,
109 610 1999 149 tables-diagrams-data.

664 689 410 68 Philadelphia
1111 690 112 51 and
1262 689 258 67 London,
1561 689 56 55 J.
1657 689 68 52 B.
1765 688 342 70 Lippincott

106 788 279 49 company
443 771 175 64 [c1936]

178 843 100 50 viii,
303 843 86 40 456
415 853 43 38 p.
512 843 143 48 illus.,
684 842 179 48 diagrs.
901 841 48 50 (2
978 841 142 48 fold.)
1154 842 156 40 forms
1346 843 53 48 (2
1422 842 144 48 fold.)
1630 841 147 43 19½cm.

176 900 374 48 Bibliography:
582 910 42 37 p.
654 898 100 41 402.

111 968 52 52 ©
194 972 113 47 Apr.
344 970 38 48 9,
419 971 113 40 1936;
597 971 68 39 2c.
702 971 94 38 and
834 969 81 40 aff.
953 970 112 46 Apr.
1102 970 55 39 18;
1224 970 42 38 A
1300 968 143 42 94007;
1513 971 59 39 H.
1610 971 54 40 A.
1703 970 197 48 Kunitz,
1939 971 165 48 Rocky

179 1027 155 50 Point,
367 1028 135 47 Long
529 1027 180 45 Island,
740 1027 56 41 N.
828 1027 53 39 Y.
950 1024 281 49 (36-10459)

107 1131 250 63 Leavell,
386 1130 155 54 Ullin
571 1129 299 64 Whitney.

178 1222 120 51 The
330 1221 255 66 friendly
614 1221 160 53 hour.
842 1220 90 53 bk.
968 1224 44 48 8.
1045 1219 215 68 Living
1290 1221 111 51 and
1432 1238 246 50 serving,
1709 1221 75 67 by
1814 1221 167 54 Ullin
2012 1223 90 53 W.

107 1297 1894 69 Leavell … Elizabeth G. Breckinridge … Mary Browning …
107 1375 1973 132 [and] Hattie Follis. Illustrated by G. Carlson, and B. Westmacott.
407 1454 138 51 New
597 1453 179 66 York,
828 1452 326 55 Cincinnati
1212 1458 137 62 [etc.]
1403 1454 305 52 American
1760 1455 146 52 book
107 1474 1972 125 company
293 1534 191 65 [c1936]

178 1605 87 41 528
291 1617 42 37 p.
390 1606 85 39 col.
504 1604 165 47 front.,
700 1603 128 41 illus.
886 1602 143 41 19½cm.

109 1672 53 53 ©
186 1678 114 45 May
323 1676 68 46 16,
417 1674 116 41 1936;
582 1675 68 40 2c.
678 1675 94 39 and
797 1673 81 42 aff.
906 1675 114 47 May
1042 1674 55 39 25;
1152 1675 40 38 A
1218 1674 146 40 95356;
1415 1675 160 41 Amer.
1602 1676 121 39 book
1750 1685 67 31 co.

107 1781 159 65 Leip,
295 1782 183 63 Hans,
511 1786 172 49 1893-

178 1870 1925 69 Die klabauterflagge [von] Hans Leip … herausgeber, Nils
108 1948 1856 69 G. Sahlin … New York, Farrar & Rinehart, inc., 1936.
206 2023 26 38 1
294 2053 8 9 v.
359 2021 137 41 front.
539 2021 171 48 (port.)
778 2021 145 41 18½cm.

178 2078 170 42 Issued
380 2079 51 39 in
462 2078 159 41 folder
652 2078 143 48 form,
827 2080 85 40 the
941 2080 137 39 notes
1108 2079 142 48 (with
1282 2081 112 47 t.-p.,
1426 2079 56 40 43
1513 2080 68 48 p.)
1623 2082 229 39 attached
1887 2083 48 38 to
1966 2081 136 41 front

107 2146 153 37 cover,
293 2137 81 40 the
406 2136 296 48 vocabulary
745 2136 79 48 (64
856 2137 67 48 p.)
966 2138 50 39 to
1048 2137 122 39 back
1201 2147 141 31 cover
1374 2139 52 39 at
1458 2138 92 40 end
1583 2136 51 42 of
1666 2139 158 38 which
1857 2139 41 39 is
1931 2148 28 30 a
1994 2149 108 31 case

107 2193 281 49 containing
413 2194 81 40 the
520 2193 190 41 volume
738 2193 51 40 of
816 2193 209 41 German
1052 2195 105 39 text
1194 2193 93 48 (79,
1318 2194 54 50 [1]
1401 2195 68 48 p.)

177 2250 101 42 The
303 2253 138 39 notes
466 2251 95 40 and
589 2250 296 49 vocabulary
910 2262 126 30 were
1061 2251 194 49 printed
1282 2251 50 40 in
1359 2252 81 42 the
1467 2251 180 42 United
1677 2251 176 50 States,
1881 2254 81 40 the
107 2253 1979 95 German
247 2311 105 39 text
379 2319 103 30 was
507 2308 195 49 printed
730 2309 50 39 in
808 2308 255 48 Germany.

177 2365 1925 51 The German text has t.-p.: … Die klabauterflagge; oder, Atje Potts
109 2422 1997 52 erste und höchst merkwürdige grosse fahrt … Leipzig, Insel-verlag
109 2479 164 50 [c1935]
301 2480 119 40 with
447 2480 149 41 series
621 2481 113 40 note
760 2492 60 29 on
848 2491 166 30 cover:
1045 2480 377 42 Insel-bücherei
1447 2492 72 29 nr.
1546 2481 99 41 448.

109 2547 52 53 ©
187 2553 113 46 Apr.
327 2552 68 47 13,
423 2551 117 41 1936;
593 2552 68 40 2c.
689 2553 114 47 Apr.
832 2552 57 39 15;
947 2552 81 40 aff.
1058 2552 114 47 May
1201 2552 24 39 5;
1283 2553 41 38 A
1351 2551 142 41 95032;
1553 2552 106 40 Nils
1690 2552 52 40 G.
1775 2552 183 49 Sahlin,
1988 2552 117 39 New

178 2609 184 39 Haven.
433 2608 281 50 [Copyright
749 2609 41 39 is
825 2608 207 40 claimed
1067 2619 59 28 on
1162 2611 137 37 notes
1336 2610 96 38 and
1468 2609 310 48 vocabulary]

191 2665 278 47 (36-10301)

107 2767 214 64 Lodge,
348 2769 207 62 Henry
580 2768 202 63 Cabot,
811 2769 83 51 ed.

107 2854 1993 226 The history of nations. Henry Cabot Lodge … editor-in-chief … [Memorial ed.] New York, P. F. Collier & son corporation [c1936]
177 3085 59 40 26
263 3098 41 27 V.
362 3086 161 39 fronts.
567 3085 134 48 (part
731 3085 111 48 col.)
881 3086 141 46 illus.,
1055 3087 156 46 plates
1254 3085 134 48 (part
1419 3085 112 47 col.)
1571 3086 162 46 ports.,
1766 3094 151 39 maps,
1949 3086 154 47 plans.

106 3142 117 41 23cm.

178 3199 180 39 Binder
403 3199 206 39 lettered
655 3197 233 48 “History
933 3198 50 40 of
1027 3197 208 41 nations.
1307 3197 70 43 26.
1451 3196 230 40 Revision
1725 3196 227 49 service”,
108 3206 1977 89 constitutes
332 3266 42 28 V.
400 3254 59 40 26
483 3254 51 39 of
560 3257 86 37 set.

109 3319 53 52 ©
188 3324 111 47 Apr.
329 3324 68 46 10,
427 3323 117 40 1936;
599 3323 67 40 2c.
697 3324 126 39 June
851 3323 25 40 3;
936 3322 82 40 aff.
1044 3324 116 46 May
1189 3323 56 40 28;
1304 3323 42 38 A
1373 3321 147 41 94730;
1576 3323 52 39 P.
1659 3323 51 40 F.
1743 3322 175 41 Collier
1949 3322 36 39 &
2016 3331 86 30 son

177 3391 125 37 corp.
365 3380 277 48 [Copyright
670 3380 44 39 is
743 3379 203 40 claimed
977 3389 59 30 on
1064 3389 108 29 new
1198 3378 227 40 material
1455 3380 94 38 and
1580 3378 224 49 revision]

107 3481 331 64 McCaskill,
465 3481 197 53 Oliver
688 3482 79 52 Le
793 3483 145 63 Roy,
966 3483 83 51 ed.

179 3575 131 48 1936
350 3573 359 66 supplement
836 3605 11 33 [to]
893 3573 225 51 Illinois
1162 3571 150 56 Civil
1354 3574 246 65 practice
1642 3578 90 47 act
1773 3571 326 67 annotated,

107 3644 1992 72 with forms [by] O. L. McCaskill, editor … Chicago, Ill.,
107 3727 120 51 The
254 3727 361 52 Foundation
641 3746 173 48 press,
842 3728 104 52 inc.
982 3731 192 63 [c1936]

213 3832 8 15 x,
252 3799 84 39 334
366 3809 42 37 p.
465 3798 143 40 25½cm.

178 3853 144 41 “1936
347 3855 224 39 edition.”

109 3919 51 52 ©
190 3924 110 46 Apr.
333 3924 67 46 15,
431 3923 114 40 1936;
601 3923 68 42 2c.
702 3926 112 45 May
845 3925 57 38 15;
959 3924 81 40 aff.
1073 3925 112 47 May
1217 3924 56 39 16;
1331 3924 40 39 A
1403 3923 145 41 95236;
1608 3922 306 41 Foundation
1946 3932 151 39 press,

178 3979 89 40 inc.
332 3979 278 49 [Copyright
641 3980 42 39 is
714 3981 202 39 claimed
949 3990 60 28 on
1039 3991 106 29 new
1176 3982 194 46 matter]
