2519 4377
1314 4114 141 52 1524

442 505 296 42 “Sources”:
767 516 45 39 p.
839 505 86 43 281;
983 506 381 50 Bibliography:
1396 518 43 39 p.
1469 507 220 45 283-287.

368 560 53 53 ©
453 564 102 41 Oct.
584 564 39 48 1,
655 562 117 42 1936;
832 563 68 42 2c.
933 565 103 41 Oct.
1067 564 26 40 3;
1156 565 81 40 aff.
1271 565 104 42 Oct.
1404 565 28 41 9;
1492 567 40 39 A
1563 565 149 42 99286;
1772 567 44 41 J.
1850 567 51 41 F.
1934 567 263 48 Copeland,

440 568 1932 102 Mansfield,
595 623 150 40 Mass.
817 620 283 50 (36-24911)

368 728 231 63 Corpus
632 725 149 70 juris
815 728 309 53 secundum;
1192 747 31 34 a
1260 728 279 68 complete
1573 732 368 51 restatement
1976 730 64 53 of
2075 730 96 53 the
2208 730 180 53 entire

438 804 311 56 American
784 806 114 53 law
935 824 60 35 as
1033 807 314 67 developed
1384 808 76 67 by
1501 807 78 53 all
1617 807 268 68 reported
1922 826 170 49 cases,
2129 809 77 67 by

439 808 1926 209 William Mack … and Donald J. Kiser … assisted by the combined
637 963 269 55 editorial
935 964 162 55 staffs
1123 964 64 54 of
1214 965 95 53 the
1336 963 309 56 American
1670 965 112 54 law
1807 964 149 56 book
1983 986 78 34 co.
2091 968 113 52 and
2229 969 164 53 West

440 1042 339 69 publishing
823 1061 78 35 co.
1000 1044 226 53 volume
1270 1048 47 50 3.
1387 1043 238 69 [Agency
1650 1047 63 66 §§
1739 1048 100 51 138
1882 1049 59 51 to
1987 1044 398 68 end-Appeal]

441 1122 317 67 Brooklyn,
793 1123 69 53 N.
901 1124 92 64 Y.,
1029 1123 121 53 The
1184 1122 309 54 American
1530 1123 111 54 law
1673 1122 150 55 book
1856 1141 79 37 co.
2161 1157 13 34 [c1936]

442 1194 118 50 xxii,
592 1194 117 42 1565
737 1206 45 38 p.
841 1194 57 41 26
900 1198 44 22 cm
950 1229 8 8 .

371 1262 53 53 ©
456 1266 103 41 Oct.
590 1265 70 47 22,
693 1265 118 41 1936;
871 1266 66 40 2c.
971 1266 96 41 and
1096 1266 82 41 aff.
1212 1268 119 39 Nov.
1364 1265 57 42 16;
1481 1267 42 40 A
1552 1265 148 42 99878;
1761 1267 161 41 Amer.
1952 1267 99 39 law
2080 1267 128 40 book
2239 1277 67 30 co.

368 1388 141 61 Cox,
534 1386 280 66 Ignatius
839 1386 210 67 Wiley,
1080 1392 173 51 1883-

441 1465 241 67 Liberty;
750 1465 73 54 its
863 1483 94 36 use
997 1466 112 53 and
1148 1466 185 52 abuse.
1409 1465 244 54 Volume
1719 1509 10 11 I.
1769 1464 170 56 Basic
1980 1464 310 69 principles
2328 1465 64 54 of

370 1542 1996 149 ethics. By Ignatius W. Cox … New York, Fordham university press [ c 1936]
445 1697 61 46 vi,
539 1696 87 42 168
656 1707 45 39 p.
762 1696 58 40 22
823 1700 46 21 cm
873 1730 9 8 .

443 1752 137 41 “List
608 1751 56 42 of
690 1751 151 42 books
871 1751 81 41 for
982 1751 203 42 advised
1218 1751 232 50 reading”;
1514 1764 43 29 v.
1591 1752 40 50 1,
1663 1763 44 39 p.
1740 1750 219 44 152-153.

373 1821 53 53 ©
459 1826 129 47 Sept.
619 1824 72 51 21,
721 1824 117 42 1936;
897 1824 67 41 2c.
998 1825 96 41 and
1122 1825 82 41 aff.
1241 1825 129 49 Sept.
1402 1824 57 41 26;
1520 1825 42 40 A
1590 1824 148 43 98646;
1799 1824 247 42 Fordham
2078 1823 131 42 univ.
2241 1834 153 40 press.

452 1881 287 50 (36-23289)

374 1987 264 65 Darrow,
664 1987 149 55 Karl
835 1986 316 65 Kelchner,
1179 1992 173 52 1891-

444 2063 1951 72 The renaissance of physics, by Karl K. Darrow … New
377 2144 177 70 York,
581 2144 127 54 The
732 2144 339 54 Macmillan
1099 2162 302 51 company,
1431 2146 153 52 1936.

444 2217 1323 53 6 p. l., 306 p. front., illus., plates, diagrs. 22 cm .
442 2279 76 40 An
552 2277 271 50 expansion
857 2277 55 42 of
942 2289 30 31 a
1005 2288 174 31 course
1209 2277 53 42 of
1297 2277 212 41 lectures
1544 2276 171 43 before
1746 2276 84 42 the
1862 2276 184 42 Lowell
2081 2275 232 43 institute
2344 2275 49 41 in

377 2337 193 40 Boston,
631 2335 64 50 cf.
727 2335 533 49 Acknowledgements.

443 2393 165 41 “First
627 2391 267 51 printing.”

376 2461 53 53 ©
461 2466 129 47 Sept.
618 2463 72 50 29,
720 2464 117 41 1936;
894 2464 67 40 2c.
994 2463 97 41 and
1122 2463 81 41 aff.
1239 2464 128 47 Sept.
1395 2462 57 41 30;
1512 2464 39 39 A
1582 2461 146 42 99073;
1787 2461 285 41 Macmillan
2105 2472 67 30 co.

458 2521 285 51 (36-23250)

374 2628 363 65 Davenport,
763 2627 140 54 Mrs.
930 2625 245 61 Marcia.

449 2700 1948 72 Of Lena Geyer, by Marcia Davenport … New York,
379 2783 61 53 C.
471 2780 317 58 Scribner’s
814 2799 149 49 sons,
992 2783 152 52 1936.

448 2855 536 54 3 p. l., 473 p. 21cm.
378 2924 53 53 ©
465 2928 128 48 Sept.
627 2927 71 48 14,
730 2926 116 42 1936;
906 2926 67 41 2c.
1009 2927 103 41 Oct.
1142 2926 27 41 8;
1233 2926 82 41 aff.
1350 2926 102 41 Oct.
1487 2924 57 41 20;
1605 2926 41 40 A
1677 2923 147 43 99489;
1886 2925 207 41 Charles
2130 2924 268 42 Scribner’s

450 2995 126 30 sons.
645 2984 285 50 (36-23529)

377 3090 223 64 Dodge,
629 3091 140 52 Mrs.
800 3089 104 53 Ida
935 3088 242 66 (Flood)
1216 3090 173 54 1879-

449 3164 1946 71 Our Arizona, by Ida Flood Dodge … New York, Chicago
491 3245 847 69 [etc .] C. Scribner’s sons [c1936]
449 3330 45 35 x,
523 3318 86 41 201
637 3330 44 38 p.
739 3320 88 40 col.
856 3319 166 49 front.,
1053 3318 129 41 illus.
1241 3318 57 40 19
1300 3321 44 21 cm
1351 3351 8 8 .

451 3377 115 49 Map
597 3387 62 30 on
690 3375 366 50 lining-papers.

450 3433 354 49 Bibliography:
865 3444 43 38 p.
944 3432 98 42 187.

380 3488 54 53 ©
468 3492 103 41 Oct.
608 3492 40 48 7,
682 3490 117 41 1936;
862 3490 67 40 2c.
966 3490 103 41 Oct.
1105 3490 53 38 21;
1222 3490 83 40 aff.
1342 3489 103 41 Oct.
1481 3489 57 39 20;
1603 3489 39 38 A
1676 3486 146 41 98993;
1887 3486 206 42 Charles
2131 3484 269 41 Scribner's

451 3559 125 31 sons.
643 3549 286 50 [Copyright
961 3548 42 41 is
1036 3547 207 41 claimed
1277 3558 62 29 on
1370 3555 107 31 new
1512 3547 180 39 matter
1726 3543 97 42 and
1856 3542 256 51 revisions]

461 3605 286 51 (36-25268)

377 3711 175 65 Doro,
580 3711 277 55 Edward.

450 3779 1884 77 Shiloh; fragments on a famous theme by Edward Doro …
378 3865 139 54 New
545 3864 183 56 York,
755 3864 68 55 G.
854 3865 65 54 P.
948 3863 301 55 Putnam’s
1274 3881 150 48 sons,
1452 3864 153 51 1936.

447 3937 59 43 85
534 3949 45 40 p.
636 3937 58 40 24½cm.

380 3992 55 53 ©
479 3996 103 41 Oct.
624 3996 72 43 32,
739 3995 141 40 1936:
924 3993 67 41 2c.
1037 3995 103 41 Oct.
1183 3994 57 40 17;
1312 3992 83 42 aff.
1441 3992 104 41 Oct.
1588 3991 57 40 16;
1716 3992 40 39 A
1799 3989 146 41 98968;
2019 3990 53 40 E.
2116 3989 144 45 Doro,
2306 3988 92 38 Los

451 4052 223 48 Angeles.
747 4051 282 49 (36-24655)
