2519 4377
1310 4107 136 50 1920

375 405 249 64 Winter,
651 405 157 54 John
839 405 266 63 Garrett,
1134 410 172 49 1881-
1509 404 84 53 ed.

374 494 1997 136 … Papyri in the University of Michigan collection; miscellaneous
643 575 230 68 papyri,
907 574 191 53 edited
1132 575 74 67 by
1241 575 157 55 John
1433 575 237 55 Garrett
1702 575 244 55 Winter.
2018 576 137 52 Ann
2188 576 210 67 Arbor,

376 656 339 65 University
742 654 63 52 of
833 653 300 67 Michigan
1160 671 175 49 press,
1366 656 150 51 1936.

450 725 1952 51 xviii, 390 p., 1 l. VII pl., diagrs. 28 cm . (Half-title: University of
378 785 250 49 Michigan
660 784 202 41 studies.
924 782 316 41 Humanistic
1273 783 166 41 series,
1500 783 93 41 vol.
1700 783 15 48 XL)

449 844 63 39 At
540 842 128 42 head
696 841 53 41 of
775 841 109 41 title
904 853 8 28 :
941 840 251 48 Michigan
1220 840 189 48 papyri,
1440 840 92 42 vol.
1629 871 8 9 III.

451 900 134 40 “List
617 899 54 40 of
701 897 394 42 abbreviations”
1116 909 9 29 :
1160 908 43 38 p.
1236 897 235 41 xv-xviii.

378 969 54 54 ©
457 975 112 38 Dec.
596 971 70 50 14,
693 970 116 41 1936
827 982 8 35 ;
864 969 68 42 2c.
959 970 96 39 and
1081 969 82 40 aff.
1191 971 113 38 Dec.
1331 968 56 39 21
1406 980 8 36 ;
1444 970 40 39 A
1512 968 175 41 101401
1704 980 10 37 ;
1747 969 283 49 University
2059 971 52 42 of
2136 969 264 50 Michigan,

449 1031 111 39 Ann
586 1029 172 40 Arbor.
828 1026 285 51 (36-28401)

377 1133 246 67 Wittke,
652 1133 138 57 Carl
814 1131 339 65 Frederick,
1183 1137 173 51 1892-

377 1222 2000 152 German-Americans and the world war (with special emphasis on Ohio’s German-language press) by Carl Wittke …
380 1381 331 69 Columbus,
744 1380 88 70 O.,
863 1380 124 54 The
1017 1379 152 56 Ohio
1200 1385 148 49 state
1380 1378 432 71 archaeological
1845 1380 115 55 and
1988 1381 297 55 historical
376 1401 2000 130 society,
578 1464 153 51 1936.

448 1537 65 48 xi,
540 1536 86 41 223
653 1546 45 38 p.
752 1532 58 43 23½
843 1536 45 22 cm
892 1566 9 9 .
968 1533 305 49 (Half-title:
1300 1531 143 52 [Ohio
1467 1534 130 40 state
1624 1533 372 49 archæological
2021 1535 97 40 and
2143 1534 257 44 historical

376 1594 199 50 society]
636 1592 125 43 Ohio
788 1590 258 44 historical
1074 1589 297 44 collections,
1425 1590 93 42 vol.
1546 1589 55 50 v)

448 1650 420 50 Bibliographical
898 1650 280 41 foot-notes.

378 1719 54 54 ©
455 1723 118 39 Nov.
600 1721 70 49 16,
698 1720 142 48 1936;
868 1720 68 41 2c.
966 1719 96 40 and
1089 1719 83 40 aff.
1199 1720 114 39 Dec.
1339 1718 53 47 2;
1422 1720 41 38 A
1490 1718 201 48 100794;
1723 1719 123 42 Ohio
1874 1721 130 40 state
2030 1722 370 48 archæological

449 1779 97 41 and
575 1778 259 40 historical
864 1776 198 49 society.
1132 1775 284 50 (36-36464)

376 1882 234 68 Waller,
637 1883 215 65 Johan,
882 1883 173 56 1878-

512 1972 1891 74 … Zest for life; recollections of a philosophic traveller,
378 2056 321 54 translated
739 2054 156 54 from
933 2054 100 54 the
1070 2053 228 54 Danish
1336 2053 78 70 by
1456 2051 223 57 Claude
1717 2054 236 69 Napier.
2032 2054 262 71 London,
2333 2056 66 53 L.

376 2135 258 55 Dickson
667 2135 226 53 limited
952 2137 155 65 [1936]

447 2208 793 55 4 p. l. , [3]-257 p., 1 l. 20½ cm .
378 2279 2022 54 © 1c. Nov. 25, 1936 ; A ad int. 22071 ; pubd. Sept. 28 ; Alfred A. Knopf,
449 2340 107 50 inc.,
589 2341 119 39 New
741 2339 146 40 York.
960 2337 284 49 (36-35766)

374 2445 197 65 Wolff,
597 2445 291 64 Theodor,
918 2449 173 51 1868-

447 2534 1951 71 Through two decades, by Theodor Wolff … translated by
377 2617 67 53 E.
473 2617 90 54 W.
594 2615 226 54 Dickes.
897 2613 243 54 London
1193 2618 122 62 [etc.]
1347 2614 90 54 W.
1469 2613 368 54 Heinemann
1864 2613 106 54 ltd.
2029 2616 153 66 [1936]

447 2689 29 40 4
501 2700 43 38 p.
608 2719 8 16 l.,
646 2687 199 49 vii-xiv,
872 2687 88 41 324
985 2697 44 38 p.
1085 2688 150 47 ports.
1289 2686 57 40 22½
1379 2688 44 22 cm
1429 2719 9 8 .

450 2745 166 40 “First
639 2744 259 49 published
925 2743 50 41 in
1001 2743 209 41 German
1238 2743 49 40 in
1315 2742 130 48 1936,
1472 2743 155 40 under
1652 2743 83 41 the
1760 2742 111 42 title
1897 2743 101 40 Der
2021 2745 196 40 marsch
2243 2745 155 42 durch

376 2802 120 40 zwei
519 2802 308 48 Jahrzehnte,
854 2801 64 48 by
941 2801 159 40 Allert
1126 2801 60 40 de
1213 2800 177 47 Lange,
1417 2799 358 41 Amsterdam.”

378 2868 2020 55 © 1c. Dec. 15, 1936; A ad int. 22204; pubd. Oct. 19; E. W. Dickes,
453 2930 274 49 Stockport,
765 2927 249 50 Cheshire,
1051 2928 237 48 England.
1366 2927 223 49 (37-635)

379 3034 340 64 Workman,
746 3034 170 54 Rona
939 3033 239 56 Morris.

446 3124 136 56 Just
628 3123 238 71 loggin’,
911 3124 77 68 by
1036 3124 167 54 Rona
1251 3124 214 55 Morris
1513 3124 334 56 Workman.
1924 3126 303 68 Portland,
2277 3126 118 67 Or.,

375 3203 840 70 Metropolitan press [ c 1936]
449 3278 59 41 46
537 3289 43 39 p.
641 3277 59 41 20
703 3281 44 21 cm
751 3310 9 9 .

450 3336 293 41 Illustrated
770 3335 367 49 lining-papers.

449 3394 187 40 Poems.

379 3460 53 53 ©
473 3464 103 41 Oct.
618 3464 70 48 15,
731 3463 142 47 1936;
916 3463 68 41 2c.
1027 3463 96 39 and
1166 3463 82 41 aff.
1292 3464 112 38 Dec.
1448 3462 83 48 24;
1576 3464 42 39 A
1659 3461 201 49 102032;
1906 3463 54 40 R.
2008 3464 61 40 M.
2115 3463 280 48 Workman,

453 3522 171 40 Forest
652 3522 173 49 Grove,
852 3521 80 41 Or.
997 3519 224 50 (37-220)

377 3628 247 64 Wrynn,
650 3627 310 64 Anthony.

452 3703 278 56 Someone
770 3704 128 54 who
939 3703 120 55 will
1099 3709 102 48 not
1238 3703 217 54 believe
1495 3703 65 68 it,
1599 3704 113 53 and
1753 3722 209 49 poems,
2002 3703 75 69 by
2116 3704 279 67 Anthony

378 3783 241 69 Wrynn.
696 3782 430 70 Philadelphia,
1156 3782 202 54 Ritten
1390 3783 191 65 house,
1615 3786 150 51 1936.

451 3857 82 46 vii,
564 3857 58 41 29
651 3868 44 37 p.
755 3856 56 41 23
815 3859 45 22 cm
865 3890 9 8 .

452 3915 164 40 “First
645 3913 231 43 edition.”

380 3981 54 54 ©
462 3986 112 39 Dec.
603 3985 70 48 16,
702 3984 140 47 1936;
871 3984 68 43 2c.
968 3985 96 41 and
1093 3982 82 44 aff.
1204 3986 112 39 Dec.
1346 3983 82 48 18;
1459 3985 40 39 A
1526 3982 201 49 101379;
1759 3982 169 42 Ritten
1954 3983 166 41 house.

462 4041 225 51 (37-228)
