2519 4377
1018 4084 100 50 381

86 449 116 49 Der
243 463 203 47 grosse
489 447 253 63 Herder;
788 445 529 67 nachschlagewerk
1360 446 98 51 für
1499 444 197 54 wissen
1741 447 117 51 und
1901 446 176 52 leben.
153 527 66 50 4.,
255 523 178 66 völlig

466 524 299 51 neubearb.
803 522 127 53 aufl.
969 542 106 32 von
1113 524 252 53 Herders
1400 523 677 54 konversationslexikon.

157 604 96 53 10.,
284 605 98 61 11.,
413 605 78 48 12.
521 602 89 51 bd.
677 602 280 51 Reue-Zz.
1034 601 283 67 Freiburg
1344 603 78 51 im
1454 602 296 66 Breisgau,
1779 602 227 52 Herder
2035 606 45 49 &

154 697 96 47 co.,
275 697 52 48 g.
350 697 71 33 m.
447 679 50 51 b.
523 679 53 51 h.
610 682 172 63 [1935]

152 752 25 38 3
211 763 41 27 v.
313 751 127 39 illus.
470 750 132 46 (incl.
635 753 163 45 ports.,
833 751 153 47 plans,
1020 749 177 48 music)
1240 752 158 46 plates
1425 751 137 48 (part
1593 752 100 46 col.,
1729 753 111 45 part
1873 751 199 48 double)

83 818 140 36 maps
248 807 137 47 (part
412 808 197 45 double)
650 808 179 47 diagrs.
891 807 54 38 24½
979 809 43 20 cm
1028 839 8 7 .

157 864 122 39 Text
307 874 59 29 on
395 874 163 29 versos
586 863 53 39 of
665 866 110 45 part
803 862 51 40 of
883 864 82 39 the
992 864 155 46 plates
1177 864 93 39 and
1301 873 150 38 maps.

86 916 1995 54 © Sept. 27, 1935: 1c. each Mar. 19, 1936; A-Foreign 30909; Herder
159 978 35 39 &
228 988 81 36 co.,
345 988 41 37 g.
421 989 60 27 m.
518 978 40 39 b.
628 1010 8 8 h.

83 1080 151 63 Hall,
265 1081 206 62 Henry
501 1080 162 63 Clay,
696 1085 170 49 1860-

153 1157 251 54 Razuka,
433 1176 30 33 a
493 1156 479 68 Susquehannoek
1001 1157 250 67 princess
1281 1158 111 51 and
1423 1158 160 52 other
1611 1158 266 53 Harford
1907 1176 174 50 verse,

84 1236 74 66 by
187 1236 203 66 Henry
422 1235 143 67 Clay
594 1236 159 52 Hall.
830 1235 103 51 Bel
963 1236 126 65 Air,
1118 1236 139 65 Md.,
1288 1236 119 51 The
1441 1235 102 53 Bel
1573 1235 109 53 Air
1711 1236 183 68 times,
1928 1239 151 51 1935.

153 1307 83 40 119
264 1318 42 37 p.
364 1306 54 40 19½
452 1310 43 20 cm
500 1339 8 8 .

157 1364 160 39 “First
356 1363 228 48 printing,
625 1364 280 46 November,
947 1361 156 42 1935.”

85 1416 1995 52 © Dec. 14, 1935; 2c. Dec. 17: aff. Dec. 16; A 88716; H. C. Hall, Bel
160 1477 100 47 Air,
307 1478 95 38 Md.
485 1476 279 49 (36-38334)

83 1579 314 65 Haringer,
426 1579 206 64 Jakob,
664 1585 172 50 1883-

210 1644 1866 81 … Vermischte Schriften. Salzburg, Leipzig, A. Pustet [ c 1935]
152 1731 87 39 255
272 1742 42 36 p.
380 1730 55 40 19½
467 1732 44 21 cm
516 1762 9 9 .

84 1782 1995 53 © Oct. 4, 1935; 1c. Feb. 6, 1936; A-Foreign 30426; Verlag Anton
152 1844 184 40 Pustet.
409 1842 251 49 (36-8559)

82 1945 121 52 The
230 1947 240 62 Harvey
495 1945 244 64 society,
763 1948 137 50 New
930 1946 176 52 York.

153 2024 119 51 The
315 2025 236 65 Harvey
593 2025 256 65 lectures,
892 2022 285 53 delivered
1220 2023 180 51 under
1443 2023 96 52 the
1581 2023 254 67 auspices
1879 2024 62 53 of
1983 2025 94 51 the

83 2102 236 65 Harvey
349 2103 209 64 society
591 2101 61 52 of
686 2102 138 51 New
855 2100 178 66 York,
1068 2104 325 51 1934-1935,
1426 2101 179 52 under
1636 2102 96 51 the
1763 2107 316 63 patronage

84 2178 62 52 of
173 2180 94 52 the
297 2180 138 51 New
465 2179 161 52 York
653 2179 270 66 academy
952 2178 61 51 of
1042 2178 293 67 medicine,
1362 2179 74 66 by
1465 2181 101 51 Dr.
1597 2182 147 52 Wm.
1776 2182 300 50 Bosworth

86 2257 205 65 Castle,
333 2260 101 50 Dr.
479 2259 65 51 E.
590 2257 62 55 C.
695 2258 217 65 Dodds,
955 2259 101 51 Dr.
1099 2255 259 56 William
1403 2257 308 68 Cumming
1753 2260 145 51 Rose
1964 2260 113 52 [and

82 2336 205 65 others]
370 2334 183 54 Series
585 2338 81 49 30.
744 2335 331 65 Baltimore,
1107 2336 119 50 The
1256 2335 287 55 Williams
1575 2337 45 50 &
1651 2335 248 55 Wilkins
83 2356 1971 123 company.
281 2416 148 50 1936.

152 2485 87 40 270
264 2496 42 37 p.
363 2485 141 45 illus.,
535 2486 170 47 plates,
736 2484 179 48 diagrs.
972 2484 54 39 21
1030 2487 44 20 cm
1080 2518 7 7 .

83 2538 1994 52 © Feb. 19, 1936; 2c. and aff. Feb. 24; A 90912; Williams & Wilkins co.
82 2645 341 63 Hedworth,
449 2645 285 56 Barbara.

153 2720 129 53 You
314 2720 146 52 can’t
491 2725 150 47 trust
671 2738 143 48 men,
847 2720 72 67 by
952 2719 259 53 Barbara
1245 2717 335 54 Hedworth.
1656 2718 257 68 London,
82 2721 1972 128 Jarrolds
269 2799 170 66 [1936]

151 2868 85 41 288
263 2879 43 38 p.
366 2867 56 41 19
424 2870 43 21 cm
471 2901 10 9 .

83 2925 1993 52 © 1c. Mar. 12, 1936; A ad int. 21179; pubd. Jan. 16; Mary Susan Lee,
155 2985 280 46 Richmond,
465 2985 191 47 Surrey,
687 2985 234 46 England.
987 2983 250 49 (36-8624)

84 3068 179 63 Henz,
291 3067 236 63 Rudolf,
559 3069 170 52 1897-

79 3141 1970 147 … Döblinger hymnen; gedichte. Salzburg-Leipzig, A. Pustet [1935]
151 3292 488 50 102 p. 19½ × 11 cm .
83 3346 1992 53 © Nov. 23, 1935; 1c. Feb. 6, 1936; A-Foreign 30423; Verlag Anton
152 3408 182 40 Pustet.
399 3407 248 48 (36-8697)

81 3496 273 64 Herbert,
384 3496 149 53 Alan
564 3496 259 63 Patrick,
857 3501 169 50 1890-

149 3570 174 54 What
367 3591 30 33 a
443 3573 157 52 word
620 3572 11 52 !
716 3572 187 68 Being
947 3590 73 34 an
1065 3578 236 46 account
1346 3571 65 53 of
1456 3572 95 53 the
1596 3570 311 70 principles
1955 3572 112 52 and

83 3667 258 50 progress
373 3651 63 52 of
468 3651 112 54 The
610 3652 157 52 word
800 3652 133 51 war’
967 3651 309 53 conducted
1310 3649 59 53 in
1404 3651 253 66 ‘Punch’,
1689 3657 60 46 to
1781 3651 98 53 the
1911 3657 160 61 great

82 3723 406 69 improvement
516 3728 111 52 and
655 3727 221 69 delight
904 3726 63 53 of
994 3727 94 53 the
1116 3727 219 68 people,
1359 3726 113 53 and
1500 3726 98 53 the
1622 3726 214 70 lasting
1864 3727 206 54 benefit

79 3801 64 52 of
170 3803 95 53 the
289 3803 185 69 king’s
505 3805 262 68 English,
796 3805 139 52 with
966 3823 171 51 many
1168 3804 297 69 ingenious
1493 3804 269 54 exercises
1794 3806 112 54 and
80 3806 1965 125 horrible
242 3883 299 66 examples,
564 3882 74 69 by
660 3883 71 51 A.
757 3884 64 51 P.

846 3883 266 52 Herbert.
1173 3881 232 55 Garden
1430 3881 152 71 City,
1608 3883 69 53 N.
1702 3883 90 67 Y.,
80 3883 1963 143 Doubleday,
229 3958 194 52 Doran
451 3960 111 52 and
588 3977 298 52 company,
912 3960 126 68 inc.,
1067 3962 150 51 1936.
