2519 4377
1360 4167 102 50 314

525 579 1827 70 … United States and Canada, by Harlan H. Barrows …
416 659 1993 69 [and] Edith Putnam Parker … New York, Newark [etc.]
393 737 191 56 Silver
613 739 251 53 Burdett
894 757 301 51 company,
1225 748 19 22 c
1249 743 151 50 1936.

463 813 69 48 iii,
563 814 72 50 [1],
664 813 90 41 252
779 825 43 38 p.
880 814 129 41 illus.
1039 814 134 48 (inch
1203 815 162 47 maps)
1430 815 57 41 26½
1519 818 15 21 cm
1569 848 8 7 .

473 872 66 40 At
564 872 127 40 head
718 872 53 40 of
799 871 135 41 title:
964 872 104 40 The
1094 872 438 42 Barrows-Parker
1560 873 276 49 geography
1865 872 167 41 series.

471 928 288 49 Previously
810 929 255 49 published
1118 930 153 41 under
1323 929 137 43 title:
1513 930 303 49 Geography,
1871 930 179 41 United
2105 930 164 42 States
2320 933 94 41 and

399 987 216 42 Canada.

470 1045 191 40 “Books
693 1045 259 49 suggested
983 1044 82 41 for
1095 1046 138 39 extra
1270 1043 260 51 reading”:
1561 1055 44 39 p.
1638 1044 99 42 248.

397 1112 53 53 ©
490 1117 110 40 Feb.
640 1117 70 45 29,
751 1116 141 46 1936;
932 1118 69 39 2c.
1041 1118 95 38 and
1177 1116 82 41 aff.
1300 1117 122 41 Mar.
1463 1118 82 44 17;
1587 1117 40 39 A
1667 1116 171 48 93210;
1885 1116 173 50 Silver,
2098 1119 213 39 Burdett
2347 1130 69 29 co.

467 1174 283 51 [Copyright
777 1175 41 39 is
845 1173 205 41 claimed
1078 1185 59 29 on
1166 1173 253 50 revisions]
1487 1174 253 50 (36-7964)

397 1277 170 65 Bass,
595 1280 139 52 Mrs.
762 1278 187 53 Altha
977 1277 162 54 Leah
1172 1277 400 66 (Bierbower)
1611 1283 173 50 1892-

474 1369 290 55 Cherokee
790 1387 324 51 messenger
1144 1402 13 35 [
1161 1368 93 69 by]
1287 1369 213 53 Althea
1529 1370 159 51 Bass.
1754 1368 278 68 Norman,
2058 1368 188 68 Okla.,
403 1368 1988 150 University
650 1448 66 53 of
748 1448 324 55 Oklahoma
1106 1467 177 50 press,
1317 1452 151 49 1936.

472 1524 89 41 348
585 1535 57 38 p.,
671 1525 24 38 1
744 1556 7 8 l.
807 1534 76 38 pl.,
911 1523 26 39 2
963 1526 124 46 port.
1116 1523 133 49 (incl.
1277 1523 176 48 front.)
1488 1534 126 39 map,
1641 1523 218 41 facsims.
1915 1523 57 41 23½
2005 1526 44 21 cm
2053 1555 9 9 .
2122 1524 117 50 [The
403 1523 1995 100 civilization
595 1581 53 42 of
679 1581 82 42 the
792 1580 259 42 American
1083 1581 193 50 Indian]

399 1652 53 53 ©
491 1657 123 40 Mar.
652 1655 72 48 23,
762 1654 118 41 1936;
943 1654 68 41 2c.
1052 1656 122 38 Mar.
1212 1654 83 46 31;
1338 1654 83 41 aff.
1462 1656 122 39 Mar.
1622 1654 83 48 30;
1747 1654 44 40 A
1826 1654 173 48 92650;
2044 1654 283 50 University
2366 1656 54 42 of

467 1714 272 40 Oklahoma
777 1723 148 38 press.
1003 1711 253 49 (36-7949)

399 1818 214 64 Bauer,
641 1816 194 66 Ralph
864 1817 265 64 Stanley,
1160 1823 166 50 1883-

402 1906 2014 151 The law of business; a text on business law for use in colleges, by Ralph S. Bauer and Laurence R. Simpson … St.
400 2064 166 69 Paul,
597 2064 162 55 West
791 2063 339 71 publishing
1160 2082 78 35 co.
1298 2066 152 66 [1936]

472 2137 152 46 xxxii,
653 2136 87 41 649
768 2147 43 38 p.
872 2135 56 41 23½
961 2138 15 22 cm
1011 2166 8 9 .

474 2195 178 40 “Table
680 2194 52 40 of
757 2193 194 42 cases”:
981 2205 43 37 p.
1052 2193 293 41 xxii-xxxii.

402 2267 53 53 ©
496 2271 111 40 Feb.
648 2272 41 47 7,
730 2270 118 40 1936;
915 2269 66 41 2c.
1024 2271 122 39 Mar.
1186 2270 83 46 23;
1312 2267 82 42 aff.
1437 2270 122 40 Mar.
1600 2269 82 46 21;
1726 2269 41 39 A
1807 2269 173 48 92517;
2024 2271 137 40 West
2199 2271 110 48 pub.
2351 2282 69 30 co.

482 2327 253 50 (36-7930)

403 2433 244 65 Bokser,
678 2433 124 53 Ben
831 2430 161 66 Zion,
1026 2431 172 56 1907-

472 2508 301 53 Pharisaic
809 2507 269 55 Judaism
1114 2507 60 52 in
1209 2505 337 69 transition;
1584 2507 68 52 R.
1690 2504 227 55 Eliezer
1952 2506 99 53 the
2088 2506 178 56 Great
2303 2506 113 54 and

400 2586 219 56 Jewish
653 2585 451 55 reconstruction
1136 2584 153 55 after
1322 2586 96 52 the
1452 2604 119 34 war
1603 2585 140 53 with
1777 2586 199 69 Rome,
2010 2587 75 69 by
2120 2587 123 52 Ben
2277 2586 139 54 Zion

404 2665 235 69 Bokser,
664 2684 99 35 ph.
788 2686 48 33 d.
897 2665 140 54 New
1065 2664 181 68 York,
1272 2664 182 53 Bloch
1480 2663 339 72 publishing
1845 2682 302 52 company,
2173 2669 151 51 1935.

474 2750 45 38 x,
550 2740 86 41 195
666 2750 43 39 p.
770 2738 56 41 23
830 2741 45 22 cm
878 2770 9 10 .

476 2797 172 41 Issued
677 2798 103 40 also
806 2808 56 30 as
887 2797 155 41 thesis
1079 2797 108 48 (PH.
1244 2799 34 47 D.)
1312 2795 254 41 Columbia
1592 2796 287 48 university.

475 2855 379 50 Bibliography:
885 2865 43 39 p.
959 2854 218 41 160-167.

402 2926 53 53 ©
484 2930 117 48 July
628 2930 40 48 3,
699 2929 141 48 1935;
871 2929 68 41 2c.
970 2931 121 38 Mar.
1123 2929 68 47 14,
1222 2928 141 47 1936;
1396 2928 81 41 aff.
1510 2930 122 39 Mar.
1664 2930 82 46 13;
1778 2930 43 39 A
1850 2929 172 49 92269;
2056 2932 54 39 B.
2143 2932 47 40 Z.
2222 2932 201 47 Bokser,

472 2988 174 40 Forest
680 2987 145 47 Hills,
858 2987 56 40 N.
950 2987 54 40 Y.
1078 2985 251 49 (36-7992)

405 3091 308 63 Boylston,
741 3090 260 54 Herbert
1029 3089 274 63 Melville,
1334 3095 171 50 1881-

476 3168 97 54 An
597 3167 393 54 introduction
1013 3171 59 49 to
1097 3167 95 52 the
1215 3165 348 70 metallurgy
1585 3166 64 52 of
1675 3165 126 55 iron
1826 3169 114 52 and
1961 3168 156 66 steel,
2140 3169 74 67 by
2238 3170 78 52 H.
2340 3170 80 52 M.

407 3245 2015 69 Boylston … 2d ed. New York, J. Wiley & sons, inc.; London,
406 3324 307 69 Chapman
741 3326 47 51 &
812 3324 163 65 Hall,
1002 3323 244 68 limited,
1278 3327 150 50 1936.

480 3399 119 45 xxii,
627 3399 86 41 563
740 3409 42 38 p.
810 3398 111 41 inch
944 3398 164 49 front.,
1136 3399 143 46 illus.,
1306 3399 179 47 diagrs.
1540 3398 55 40 23½
1629 3400 43 21 cm
1677 3429 9 9 .
1786 3396 132 51 $5.00

481 3456 73 41 On
578 3466 170 30 cover:
782 3456 116 40 Iron
926 3456 97 40 and
1050 3455 136 41 steel.

481 3512 227 42 Includes
736 3510 396 51 bibliographies.

410 3580 2013 54 © Mar. 6, 1936; 2c. Mar. 11; aff. Mar. 10; A 93116; H. M. Boylston,
481 3642 277 40 Cleveland.
826 3640 252 50 (36-7967)

409 3744 210 64 Breck,
645 3744 176 54 Flora
847 3746 69 57 E.

480 3818 143 56 Jobs
669 3819 95 54 for
804 3820 96 53 the
943 3820 330 70 perplexed,
1316 3819 74 70 by
1434 3818 175 54 Flora
1656 3819 68 53 E.
1771 3819 204 54 Breck.
2057 3820 139 54 New
2246 3819 180 68 York,

409 3897 1163 71 Thomas Y. Crowell company [ c 1936]
480 3971 89 41 viii
593 3982 60 40 p.,
682 3971 26 40 1
770 4003 8 16 l.,
805 3970 146 42 9-155
976 3982 44 38 p.
1082 3972 56 40 19½
1170 3975 44 21 cm
1219 4003 8 9 .

410 4038 2016 55 © Mar. 20, 1936; 2c. Mar. 25; aff. Mar. 24; A 93348; Thomas Y. Crowell
483 4114 67 28 co.
615 4101 253 45 (36-7909)
