<alto xmlns="http://www.loc.gov/standards/alto/ns-v3#" xmlns:xsi="http://www.w3.org/2001/XMLSchema-instance" xsi:schemaLocation="http://www.loc.gov/standards/alto/ns-v3# http://www.loc.gov/alto/v3/alto-3-0.xsd"><Description>
<MeasurementUnit>pixel</MeasurementUnit>
<sourceImageInformation>
<fileName>1936_v33_Part1.pdf</fileName>
</sourceImageInformation>
<OCRProcessing ID="IdOcr">
<ocrProcessingStep>
<processingDateTime>2019-01-18</processingDateTime>
<processingSoftware>
<softwareCreator>ABBYY</softwareCreator>
<softwareName>ABBYY Recognition Server</softwareName>
<softwareVersion>4.0</softwareVersion>
</processingSoftware>
</ocrProcessingStep>
</OCRProcessing>
</Description>
<Styles>
<ParagraphStyle ALIGN="Left" FIRSTLINE="0." ID="StyleId-FFFFFFFF-FFFF-FFFF-FFFF-FFFFFFFFFFFF-" LEFT="0." RIGHT="0." />
<ParagraphStyle ALIGN="Left" FIRSTLINE="0." ID="StyleId-51D50FAC-7A90-4D70-8A96-5EA9D46D1C8B-" LEFT="0." LINESPACE="7.699999809" RIGHT="0." />
<ParagraphStyle ALIGN="Block" FIRSTLINE="-17." ID="StyleId-6BC133E9-7DCB-43C3-8842-A67984A26405-" LEFT="0." LINESPACE="8.340000153" RIGHT="0." />
<ParagraphStyle ALIGN="Left" FIRSTLINE="-13." ID="StyleId-3C3FF860-43E7-46A2-8934-48F305F6F0D6-" LEFT="0." LINESPACE="11.06999969" RIGHT="0." />
<ParagraphStyle ALIGN="Block" FIRSTLINE="-13." ID="StyleId-19220C76-4F8A-4737-B38C-B5F5C17E6040-" LEFT="0." LINESPACE="11.06999969" RIGHT="0." />
<ParagraphStyle ALIGN="Left" FIRSTLINE="0." ID="StyleId-75A0D721-13ED-4F20-9002-B389EC48477D-" LEFT="0." LINESPACE="15.5" RIGHT="0." />
<ParagraphStyle ALIGN="Left" FIRSTLINE="0." ID="StyleId-8A414184-C7A5-4AC7-9B88-7DA4DDE75922-" LEFT="0." LINESPACE="9.399999619" RIGHT="0." />
<ParagraphStyle ALIGN="Left" FIRSTLINE="0." ID="StyleId-1A87970B-111C-4169-99A6-9412976F3C97-" LEFT="0." LINESPACE="10.5" RIGHT="0." />
<ParagraphStyle ALIGN="Block" FIRSTLINE="-17." ID="StyleId-72DB0571-5AE4-41FD-9E11-68C6AC4C437E-" LEFT="0." LINESPACE="8.340000153" RIGHT="0." />
<ParagraphStyle ALIGN="Center" FIRSTLINE="0." ID="StyleId-1AA43056-C388-4697-B10F-72FDAA38FAE1-" LEFT="0." LINESPACE="10.5" RIGHT="0." />
</Styles>
<Layout>
<Page HEIGHT="4377" ID="Page697" PHYSICAL_IMG_NR="697" WIDTH="2519">
<TopMargin HEIGHT="428" HPOS="0" VPOS="0" WIDTH="2519">
</TopMargin>
<LeftMargin HEIGHT="3608" HPOS="0" VPOS="428" WIDTH="114">
</LeftMargin>
<RightMargin HEIGHT="3608" HPOS="2134" VPOS="428" WIDTH="385">
</RightMargin>
<BottomMargin HEIGHT="341" HPOS="0" VPOS="4036" WIDTH="2519">
<TextBlock HEIGHT="199" HPOS="988" ID="Page697_Block1" LANG="en-US" STYLEREFS="StyleId-4A77B109-6B3A-481B-90A1-DE26F11B964C-" VPOS="4070" WIDTH="544">
<TextLine HEIGHT="53" HPOS="1073" VPOS="4083" WIDTH="100">
<String CONTENT="697" HEIGHT="53" HPOS="1073" VPOS="4083" WIDTH="100" />
</TextLine>
</TextBlock>
</BottomMargin>
<PrintSpace HEIGHT="3608" HPOS="114" VPOS="428" WIDTH="2020">
<TextBlock CS="1" HEIGHT="3608" HPOS="114" ID="Page697_Block2" LANG="en-US" STYLEREFS="StyleId-33E76F21-3D55-46AC-93D6-5FC0AAD6DAB3-" VPOS="428" WIDTH="2020">
<TextLine HEIGHT="65" HPOS="128" STYLEREFS="StyleId-B9DD5270-9C62-4055-B9F4-9EB7C52088FD-" VPOS="439" WIDTH="752">
<String CONTENT="Maderno," HEIGHT="62" HPOS="128" VPOS="442" WIDTH="296" />
<SP HEIGHT="64" HPOS="425" VPOS="440" WIDTH="26" />
<String CONTENT="Alfred," HEIGHT="63" HPOS="452" VPOS="439" WIDTH="229" />
<SP HEIGHT="58" HPOS="682" VPOS="444" WIDTH="28" />
<String CONTENT="1886-" HEIGHT="50" HPOS="711" VPOS="443" WIDTH="169" />
</TextLine>
<TextLine CS="1" HEIGHT="73" HPOS="258" LANG="de" STYLEREFS="StyleId-4C86E25E-66D5-4339-8CCE-528061127F98-" VPOS="510" WIDTH="1862">
<String CONTENT="&#8230;" CS="1" LANG="en-US" />
<SP HEIGHT="53" HPOS="258" VPOS="516" WIDTH="37" />
<String CONTENT="K&#246;niginnen;" HEIGHT="69" HPOS="296" VPOS="514" WIDTH="398" />
<SP HEIGHT="50" HPOS="695" VPOS="531" WIDTH="36" />
<String CONTENT="gekr&#246;nte" HEIGHT="68" HPOS="732" VPOS="513" WIDTH="270" />
<SP HEIGHT="53" HPOS="1003" VPOS="513" WIDTH="34" />
<String CONTENT="frauen" HEIGHT="53" HPOS="1038" LANG="en-US" VPOS="513" WIDTH="203" />
<SP HEIGHT="52" HPOS="1242" VPOS="512" WIDTH="34" />
<String CONTENT="des" HEIGHT="52" HPOS="1277" VPOS="512" WIDTH="94" />
<SP HEIGHT="53" HPOS="1372" VPOS="511" WIDTH="33" />
<String CONTENT="deutschen" HEIGHT="53" HPOS="1406" VPOS="511" WIDTH="303" />
<SP HEIGHT="34" HPOS="1710" VPOS="529" WIDTH="32" />
<String CONTENT="mittelalters," HEIGHT="67" HPOS="1743" VPOS="510" WIDTH="377" />
</TextLine>
<TextLine HEIGHT="72" HPOS="128" LANG="de" STYLEREFS="StyleId-4C86E25E-66D5-4339-8CCE-528061127F98-" VPOS="588" WIDTH="1992">
<String CONTENT="ihre" HEIGHT="53" HPOS="128" VPOS="595" WIDTH="121" />
<SP HEIGHT="33" HPOS="250" VPOS="614" WIDTH="38" />
<String CONTENT="zeit," HEIGHT="65" HPOS="289" VPOS="595" WIDTH="125" />
<SP HEIGHT="65" HPOS="415" VPOS="595" WIDTH="37" />
<String CONTENT="ihre" HEIGHT="53" HPOS="453" VPOS="593" WIDTH="124" />
<SP HEIGHT="52" HPOS="578" VPOS="593" WIDTH="37" />
<String CONTENT="leben," HEIGHT="68" HPOS="616" VPOS="591" WIDTH="178" />
<SP HEIGHT="68" HPOS="795" VPOS="591" WIDTH="38" />
<String CONTENT="ihre" HEIGHT="53" HPOS="834" VPOS="591" WIDTH="124" />
<SP HEIGHT="51" HPOS="959" VPOS="593" WIDTH="35" />
<String CONTENT="letzten" HEIGHT="51" HPOS="995" VPOS="593" WIDTH="206" />
<SP HEIGHT="34" HPOS="1202" VPOS="609" WIDTH="39" />
<String CONTENT="ruhest&#228;tten." HEIGHT="54" HPOS="1242" VPOS="589" WIDTH="367" />
<SP HEIGHT="34" HPOS="1610" VPOS="621" WIDTH="82" />
<String CONTENT="[Berlin," HEIGHT="67" HPOS="1693" VPOS="588" WIDTH="233" />
<SP HEIGHT="66" HPOS="1927" VPOS="589" WIDTH="39" />
<String CONTENT="Keil," HEIGHT="67" HPOS="1967" VPOS="588" WIDTH="153" />
</TextLine>
<TextLine HEIGHT="62" HPOS="128" LANG="de" STYLEREFS="StyleId-4C86E25E-66D5-4339-8CCE-528061127F98-" VPOS="677" WIDTH="152">
<String CONTENT="1935]" HEIGHT="62" HPOS="128" VPOS="677" WIDTH="152" />
</TextLine>
<TextLine CS="1" HEIGHT="56" HPOS="196" VPOS="740" WIDTH="1442">
<String CONTENT="215," HEIGHT="48" HPOS="196" LANG="de" VPOS="744" WIDTH="98" />
<SP HEIGHT="30" HPOS="295" VPOS="766" WIDTH="30" />
<String CONTENT="[1]" HEIGHT="51" HPOS="326" LANG="de" VPOS="745" WIDTH="55" />
<SP HEIGHT="39" HPOS="382" VPOS="755" WIDTH="26" />
<String CONTENT="p." HEIGHT="38" HPOS="409" LANG="de" VPOS="755" WIDTH="43" />
<SP HEIGHT="43" HPOS="453" VPOS="742" WIDTH="52" />
<String CONTENT="front.," HEIGHT="49" HPOS="506" LANG="de" VPOS="742" WIDTH="165" />
<SP HEIGHT="49" HPOS="672" VPOS="742" WIDTH="23" />
<String CONTENT="38" HEIGHT="41" HPOS="696" LANG="de" VPOS="742" WIDTH="57" />
<SP HEIGHT="50" HPOS="754" VPOS="742" WIDTH="23" />
<String CONTENT="pl." CS="1" HEIGHT="38" HPOS="778" LANG="en-US" VPOS="754" WIDTH="63" />
<SP HEIGHT="45" HPOS="842" VPOS="742" WIDTH="28" />
<String CONTENT="(incl." HEIGHT="45" HPOS="871" LANG="de" VPOS="742" WIDTH="132" />
<SP HEIGHT="37" HPOS="1004" VPOS="753" WIDTH="24" />
<String CONTENT="ports.)" HEIGHT="48" HPOS="1029" LANG="en-US" VPOS="742" WIDTH="174" />
<SP HEIGHT="47" HPOS="1204" VPOS="742" WIDTH="35" />
<String CONTENT="on" HEIGHT="30" HPOS="1240" LANG="en-US" VPOS="752" WIDTH="60" />
<SP HEIGHT="40" HPOS="1301" VPOS="741" WIDTH="25" />
<String CONTENT="19" HEIGHT="41" HPOS="1327" LANG="de" VPOS="741" WIDTH="57" />
<SP HEIGHT="41" HPOS="1385" VPOS="741" WIDTH="22" />
<String CONTENT="1." HEIGHT="41" HPOS="1408" LANG="de" VPOS="741" WIDTH="29" />
<SP HEIGHT="42" HPOS="1438" VPOS="740" WIDTH="53" />
<String CONTENT="21" HEIGHT="39" HPOS="1492" LANG="de" VPOS="740" WIDTH="55" />
<String CONTENT="&#189;" CS="1" LANG="en-US" />
<String CONTENT="cm" HEIGHT="23" HPOS="1581" LANG="de" STYLE="superscript" VPOS="741" WIDTH="44" />
<String CONTENT="." HEIGHT="9" HPOS="1628" LANG="de" VPOS="772" WIDTH="10" />
</TextLine>
<TextLine CS="1" HEIGHT="54" HPOS="127" VPOS="809" WIDTH="1908">
<String CONTENT="&#169;" HEIGHT="53" HPOS="127" LANG="de" VPOS="810" WIDTH="53" />
<SP HEIGHT="53" HPOS="181" VPOS="810" WIDTH="30" />
<String CONTENT="Oct." HEIGHT="41" HPOS="212" LANG="en-US" VPOS="814" WIDTH="102" />
<SP HEIGHT="40" HPOS="315" VPOS="813" WIDTH="26" />
<String CONTENT="30," HEIGHT="47" HPOS="342" LANG="de" VPOS="813" WIDTH="70" />
<SP HEIGHT="47" HPOS="413" VPOS="813" WIDTH="33" />
<String CONTENT="1935;" CS="1" HEIGHT="41" HPOS="447" LANG="de" VPOS="811" WIDTH="112" />
<SP />
<String CONTENT="1c." CS="1" LANG="de" />
<SP HEIGHT="39" HPOS="690" VPOS="814" WIDTH="33" />
<String CONTENT="Mar." HEIGHT="39" HPOS="724" LANG="en-US" VPOS="814" WIDTH="122" />
<SP HEIGHT="40" HPOS="847" VPOS="813" WIDTH="32" />
<String CONTENT="19," HEIGHT="47" HPOS="880" LANG="en-US" VPOS="811" WIDTH="67" />
<SP HEIGHT="45" HPOS="948" VPOS="813" WIDTH="34" />
<String CONTENT="1936;" CS="1" HEIGHT="41" HPOS="983" LANG="en-US" VPOS="811" WIDTH="117" />
<SP HEIGHT="46" HPOS="1124" VPOS="812" WIDTH="35" />
<String CONTENT="A-Foreign" HEIGHT="47" HPOS="1160" LANG="en-US" VPOS="812" WIDTH="309" />
<SP HEIGHT="40" HPOS="1470" VPOS="811" WIDTH="31" />
<String CONTENT="30891;" CS="1" HEIGHT="42" HPOS="1502" LANG="en-US" VPOS="809" WIDTH="142" />
<SP HEIGHT="46" HPOS="1674" VPOS="811" WIDTH="34" />
<String CONTENT="Keil" HEIGHT="39" HPOS="1709" LANG="de" VPOS="810" WIDTH="109" />
<SP HEIGHT="38" HPOS="1819" VPOS="812" WIDTH="34" />
<String CONTENT="verlag." HEIGHT="45" HPOS="1854" LANG="en-US" VPOS="812" WIDTH="181" />
</TextLine>
<TextLine HEIGHT="48" HPOS="207" VPOS="870" WIDTH="279">
<String CONTENT="(36-11179)" HEIGHT="48" HPOS="207" VPOS="870" WIDTH="279" />
</TextLine>
<TextLine HEIGHT="65" HPOS="125" STYLEREFS="StyleId-B9DD5270-9C62-4055-B9F4-9EB7C52088FD-" VPOS="974" WIDTH="962">
<String CONTENT="Majors," HEIGHT="64" HPOS="125" VPOS="975" WIDTH="246" />
<SP HEIGHT="63" HPOS="372" VPOS="976" WIDTH="21" />
<String CONTENT="Mrs." HEIGHT="52" HPOS="394" VPOS="976" WIDTH="137" />
<SP HEIGHT="53" HPOS="532" VPOS="975" WIDTH="26" />
<String CONTENT="Edna" HEIGHT="53" HPOS="559" VPOS="974" WIDTH="169" />
<SP HEIGHT="53" HPOS="729" VPOS="974" WIDTH="22" />
<String CONTENT="Coe," HEIGHT="64" HPOS="752" VPOS="974" WIDTH="130" />
<SP HEIGHT="48" HPOS="883" VPOS="990" WIDTH="24" />
<String CONTENT="comp." HEIGHT="49" HPOS="908" VPOS="990" WIDTH="179" />
</TextLine>
<TextLine HEIGHT="72" HPOS="198" STYLEREFS="StyleId-4C86E25E-66D5-4339-8CCE-528061127F98-" VPOS="1044" WIDTH="1921">
<String CONTENT="Sheaves" HEIGHT="56" HPOS="198" VPOS="1048" WIDTH="246" />
<SP HEIGHT="34" HPOS="445" VPOS="1067" WIDTH="45" />
<String CONTENT="we" HEIGHT="34" HPOS="491" VPOS="1067" WIDTH="80" />
<SP HEIGHT="52" HPOS="572" VPOS="1049" WIDTH="42" />
<String CONTENT="have" HEIGHT="52" HPOS="615" VPOS="1049" WIDTH="143" />
<SP HEIGHT="53" HPOS="759" VPOS="1048" WIDTH="43" />
<String CONTENT="bound," HEIGHT="67" HPOS="803" VPOS="1048" WIDTH="209" />
<SP HEIGHT="49" HPOS="1013" VPOS="1066" WIDTH="44" />
<String CONTENT="compiled" HEIGHT="68" HPOS="1058" VPOS="1047" WIDTH="280" />
<SP HEIGHT="53" HPOS="1339" VPOS="1047" WIDTH="44" />
<String CONTENT="by" HEIGHT="69" HPOS="1384" VPOS="1047" WIDTH="77" />
<SP HEIGHT="69" HPOS="1462" VPOS="1047" WIDTH="43" />
<String CONTENT="Edna" HEIGHT="53" HPOS="1506" VPOS="1047" WIDTH="169" />
<SP HEIGHT="55" HPOS="1676" VPOS="1045" WIDTH="46" />
<String CONTENT="Coe" HEIGHT="55" HPOS="1723" VPOS="1045" WIDTH="113" />
<SP HEIGHT="54" HPOS="1837" VPOS="1045" WIDTH="45" />
<String CONTENT="Majors." HEIGHT="70" HPOS="1883" VPOS="1044" WIDTH="236" />
</TextLine>
<TextLine CS="1" HEIGHT="70" HPOS="125" STYLEREFS="StyleId-4C86E25E-66D5-4339-8CCE-528061127F98-" VPOS="1125" WIDTH="1796">
<String CONTENT="Abilene," HEIGHT="69" HPOS="125" VPOS="1126" WIDTH="259" />
<SP HEIGHT="67" HPOS="385" VPOS="1128" WIDTH="35" />
<String CONTENT="Tex.," HEIGHT="66" HPOS="421" VPOS="1128" WIDTH="153" />
<SP HEIGHT="68" HPOS="575" VPOS="1126" WIDTH="35" />
<String CONTENT="Abilene" HEIGHT="53" HPOS="611" VPOS="1125" WIDTH="245" />
<SP HEIGHT="49" HPOS="857" VPOS="1144" WIDTH="33" />
<String CONTENT="printing" HEIGHT="69" HPOS="891" VPOS="1125" WIDTH="264" />
<SP HEIGHT="69" HPOS="1156" VPOS="1125" WIDTH="34" />
<String CONTENT="&amp;" HEIGHT="51" HPOS="1191" VPOS="1125" WIDTH="46" />
<SP HEIGHT="53" HPOS="1238" VPOS="1125" WIDTH="33" />
<String CONTENT="stationery" HEIGHT="69" HPOS="1272" VPOS="1125" WIDTH="313" />
<SP HEIGHT="51" HPOS="1586" VPOS="1143" WIDTH="36" />
<String CONTENT="co." HEIGHT="35" HPOS="1623" VPOS="1143" WIDTH="78" />
<SP HEIGHT="33" HPOS="1702" VPOS="1158" WIDTH="45" />
<String CONTENT="[" CS="1" />
<String CONTENT="c" HEIGHT="21" HPOS="1765" STYLE="superscript" VPOS="1130" WIDTH="18" />
<String CONTENT="1936]" CS="1" HEIGHT="51" HPOS="1788" VPOS="1126" WIDTH="133" />
</TextLine>
<TextLine CS="1" HEIGHT="49" HPOS="197" STYLEREFS="StyleId-4C86E25E-66D5-4339-8CCE-528061127F98-" VPOS="1199" WIDTH="368">
<String CONTENT="x," HEIGHT="37" HPOS="197" VPOS="1211" WIDTH="45" />
<SP HEIGHT="48" HPOS="243" VPOS="1200" WIDTH="23" />
<String CONTENT="67" CS="1" HEIGHT="39" HPOS="296" VPOS="1201" WIDTH="25" />
<SP HEIGHT="47" HPOS="322" VPOS="1201" WIDTH="24" />
<String CONTENT="p." HEIGHT="38" HPOS="347" VPOS="1210" WIDTH="42" />
<SP HEIGHT="41" HPOS="390" VPOS="1199" WIDTH="58" />
<String CONTENT="20" HEIGHT="40" HPOS="449" VPOS="1199" WIDTH="57" />
<String CONTENT="cm" HEIGHT="21" HPOS="509" STYLE="superscript" VPOS="1201" WIDTH="43" />
<String CONTENT="." HEIGHT="8" HPOS="557" VPOS="1232" WIDTH="8" />
</TextLine>
<TextLine HEIGHT="51" HPOS="198" VPOS="1252" WIDTH="1926">
<String CONTENT="&#8220;Poems" HEIGHT="42" HPOS="198" VPOS="1256" WIDTH="197" />
<SP HEIGHT="41" HPOS="396" VPOS="1257" WIDTH="28" />
<String CONTENT="from" HEIGHT="39" HPOS="425" VPOS="1257" WIDTH="125" />
<SP HEIGHT="38" HPOS="551" VPOS="1258" WIDTH="29" />
<String CONTENT="the" HEIGHT="39" HPOS="581" VPOS="1257" WIDTH="82" />
<SP HEIGHT="40" HPOS="664" VPOS="1256" WIDTH="30" />
<String CONTENT="&#8216;four" HEIGHT="40" HPOS="695" VPOS="1256" WIDTH="126" />
<SP HEIGHT="30" HPOS="822" VPOS="1266" WIDTH="28" />
<String CONTENT="corners&#8217;" HEIGHT="41" HPOS="851" VPOS="1255" WIDTH="208" />
<SP HEIGHT="41" HPOS="1060" VPOS="1255" WIDTH="30" />
<String CONTENT="of" HEIGHT="41" HPOS="1091" VPOS="1255" WIDTH="52" />
<SP HEIGHT="39" HPOS="1144" VPOS="1255" WIDTH="27" />
<String CONTENT="sixth" HEIGHT="40" HPOS="1172" VPOS="1255" WIDTH="131" />
<SP HEIGHT="40" HPOS="1304" VPOS="1255" WIDTH="31" />
<String CONTENT="district," HEIGHT="49" HPOS="1336" VPOS="1254" WIDTH="206" />
<SP HEIGHT="48" HPOS="1543" VPOS="1255" WIDTH="30" />
<String CONTENT="Texas" HEIGHT="40" HPOS="1574" VPOS="1255" WIDTH="159" />
<SP HEIGHT="41" HPOS="1734" VPOS="1254" WIDTH="27" />
<String CONTENT="federation" HEIGHT="41" HPOS="1762" VPOS="1253" WIDTH="277" />
<SP HEIGHT="30" HPOS="2040" VPOS="1264" WIDTH="30" />
<String CONTENT="of" HEIGHT="42" HPOS="2071" VPOS="1252" WIDTH="53" />
</TextLine>
<TextLine HEIGHT="42" HPOS="125" VPOS="1312" WIDTH="771">
<String CONTENT="women&#8217;s" HEIGHT="40" HPOS="125" VPOS="1314" WIDTH="223" />
<SP HEIGHT="30" HPOS="349" VPOS="1324" WIDTH="34" />
<String CONTENT="clubs.&#8221;&#8212;Foreword." HEIGHT="42" HPOS="384" VPOS="1312" WIDTH="512" />
</TextLine>
<TextLine CS="1" HEIGHT="53" HPOS="128" VPOS="1380" WIDTH="1994">
<String CONTENT="&#169;" HEIGHT="53" HPOS="128" VPOS="1380" WIDTH="53" />
<SP HEIGHT="53" HPOS="182" VPOS="1380" WIDTH="28" />
<String CONTENT="May" HEIGHT="47" HPOS="211" VPOS="1386" WIDTH="112" />
<SP HEIGHT="48" HPOS="324" VPOS="1385" WIDTH="28" />
<String CONTENT="26," HEIGHT="48" HPOS="353" VPOS="1385" WIDTH="69" />
<SP HEIGHT="46" HPOS="423" VPOS="1387" WIDTH="29" />
<String CONTENT="1936;" HEIGHT="48" HPOS="453" VPOS="1384" WIDTH="139" />
<SP HEIGHT="47" HPOS="593" VPOS="1385" WIDTH="32" />
<String CONTENT="2c." CS="1" HEIGHT="40" HPOS="626" VPOS="1385" WIDTH="55" />
<SP HEIGHT="31" HPOS="698" VPOS="1395" WIDTH="25" />
<String CONTENT="and" HEIGHT="38" HPOS="724" VPOS="1386" WIDTH="95" />
<SP HEIGHT="38" HPOS="820" VPOS="1386" WIDTH="29" />
<String CONTENT="aff." HEIGHT="41" HPOS="850" VPOS="1384" WIDTH="82" />
<SP HEIGHT="41" HPOS="933" VPOS="1384" WIDTH="30" />
<String CONTENT="June" HEIGHT="40" HPOS="964" VPOS="1384" WIDTH="125" />
<SP HEIGHT="40" HPOS="1090" VPOS="1384" WIDTH="30" />
<String CONTENT="1;" HEIGHT="48" HPOS="1121" VPOS="1384" WIDTH="52" />
<SP HEIGHT="49" HPOS="1174" VPOS="1383" WIDTH="32" />
<String CONTENT="A" HEIGHT="40" HPOS="1207" VPOS="1383" WIDTH="40" />
<SP HEIGHT="40" HPOS="1248" VPOS="1383" WIDTH="29" />
<String CONTENT="95443;" HEIGHT="47" HPOS="1278" VPOS="1384" WIDTH="171" />
<SP HEIGHT="46" HPOS="1450" VPOS="1385" WIDTH="35" />
<String CONTENT="E." HEIGHT="39" HPOS="1486" VPOS="1385" WIDTH="51" />
<SP HEIGHT="41" HPOS="1538" VPOS="1384" WIDTH="32" />
<String CONTENT="O." HEIGHT="41" HPOS="1571" VPOS="1384" WIDTH="50" />
<SP HEIGHT="40" HPOS="1622" VPOS="1385" WIDTH="29" />
<String CONTENT="Majors," HEIGHT="49" HPOS="1652" VPOS="1383" WIDTH="199" />
<SP HEIGHT="48" HPOS="1852" VPOS="1384" WIDTH="32" />
<String CONTENT="Colorado" HEIGHT="41" HPOS="1885" VPOS="1383" WIDTH="237" />
</TextLine>
<TextLine HEIGHT="48" HPOS="202" VPOS="1441" WIDTH="610">
<String CONTENT="City," HEIGHT="48" HPOS="202" VPOS="1441" WIDTH="122" />
<SP HEIGHT="47" HPOS="325" VPOS="1442" WIDTH="26" />
<String CONTENT="Tex." HEIGHT="41" HPOS="352" VPOS="1442" WIDTH="112" />
<SP HEIGHT="47" HPOS="465" VPOS="1442" WIDTH="65" />
<String CONTENT="(36-11264)" HEIGHT="47" HPOS="531" VPOS="1442" WIDTH="281" />
</TextLine>
<TextLine HEIGHT="65" HPOS="126" STYLEREFS="StyleId-B9DD5270-9C62-4055-B9F4-9EB7C52088FD-" VPOS="1543" WIDTH="1103">
<String CONTENT="Matthews," HEIGHT="65" HPOS="126" VPOS="1543" WIDTH="338" />
<SP HEIGHT="63" HPOS="465" VPOS="1545" WIDTH="24" />
<String CONTENT="Mary" HEIGHT="63" HPOS="490" VPOS="1545" WIDTH="175" />
<SP HEIGHT="64" HPOS="666" VPOS="1544" WIDTH="21" />
<String CONTENT="Lockwood," HEIGHT="63" HPOS="688" VPOS="1543" WIDTH="341" />
<SP HEIGHT="56" HPOS="1030" VPOS="1550" WIDTH="28" />
<String CONTENT="1882-" HEIGHT="50" HPOS="1059" VPOS="1549" WIDTH="170" />
</TextLine>
<TextLine HEIGHT="70" HPOS="199" STYLEREFS="StyleId-4C86E25E-66D5-4339-8CCE-528061127F98-" VPOS="1620" WIDTH="1922">
<String CONTENT="Clothing;" HEIGHT="70" HPOS="199" VPOS="1620" WIDTH="302" />
<SP HEIGHT="49" HPOS="502" VPOS="1641" WIDTH="33" />
<String CONTENT="selection" HEIGHT="53" HPOS="536" VPOS="1621" WIDTH="264" />
<SP HEIGHT="33" HPOS="801" VPOS="1640" WIDTH="33" />
<String CONTENT="and" HEIGHT="52" HPOS="835" VPOS="1622" WIDTH="110" />
<SP HEIGHT="52" HPOS="946" VPOS="1622" WIDTH="31" />
<String CONTENT="care," HEIGHT="46" HPOS="978" VPOS="1640" WIDTH="143" />
<SP HEIGHT="64" HPOS="1122" VPOS="1622" WIDTH="31" />
<String CONTENT="by" HEIGHT="67" HPOS="1154" VPOS="1622" WIDTH="74" />
<SP HEIGHT="67" HPOS="1229" VPOS="1622" WIDTH="30" />
<String CONTENT="Mary" HEIGHT="67" HPOS="1260" VPOS="1622" WIDTH="170" />
<SP HEIGHT="67" HPOS="1431" VPOS="1622" WIDTH="30" />
<String CONTENT="Lockwood" HEIGHT="54" HPOS="1462" VPOS="1621" WIDTH="318" />
<SP HEIGHT="52" HPOS="1781" VPOS="1623" WIDTH="33" />
<String CONTENT="Matthews" HEIGHT="52" HPOS="1815" VPOS="1622" WIDTH="306" />
</TextLine>
<TextLine CS="1" HEIGHT="68" HPOS="190" STYLEREFS="StyleId-4C86E25E-66D5-4339-8CCE-528061127F98-" VPOS="1700" WIDTH="1456">
<String CONTENT="&#8230;" CS="1" />
<SP HEIGHT="52" HPOS="190" VPOS="1700" WIDTH="77" />
<String CONTENT="Boston," HEIGHT="66" HPOS="268" VPOS="1700" WIDTH="232" />
<SP HEIGHT="65" HPOS="501" VPOS="1701" WIDTH="30" />
<String CONTENT="Little," HEIGHT="67" HPOS="532" VPOS="1700" WIDTH="195" />
<SP HEIGHT="65" HPOS="728" VPOS="1702" WIDTH="32" />
<String CONTENT="Brown," HEIGHT="64" HPOS="761" VPOS="1702" WIDTH="229" />
<SP HEIGHT="48" HPOS="991" VPOS="1718" WIDTH="31" />
<String CONTENT="and" HEIGHT="52" HPOS="1023" VPOS="1701" WIDTH="110" />
<SP HEIGHT="52" HPOS="1134" VPOS="1701" WIDTH="34" />
<String CONTENT="company," HEIGHT="52" HPOS="1169" VPOS="1716" WIDTH="296" />
<SP HEIGHT="62" HPOS="1466" VPOS="1705" WIDTH="32" />
<String CONTENT="1936." HEIGHT="50" HPOS="1499" VPOS="1703" WIDTH="147" />
</TextLine>
<TextLine CS="1" HEIGHT="50" HPOS="199" VPOS="1771" WIDTH="912">
<String CONTENT="xiii," HEIGHT="50" HPOS="199" VPOS="1771" WIDTH="105" />
<SP />
<String CONTENT="407" HEIGHT="42" HPOS="334" VPOS="1771" WIDTH="87" />
<SP HEIGHT="46" HPOS="422" VPOS="1773" WIDTH="27" />
<String CONTENT="p." HEIGHT="37" HPOS="450" VPOS="1782" WIDTH="43" />
<SP HEIGHT="41" HPOS="494" VPOS="1771" WIDTH="58" />
<String CONTENT="illus.," HEIGHT="50" HPOS="553" VPOS="1771" WIDTH="143" />
<SP HEIGHT="38" HPOS="697" VPOS="1783" WIDTH="29" />
<String CONTENT="col." HEIGHT="42" HPOS="727" VPOS="1772" WIDTH="86" />
<SP HEIGHT="37" HPOS="814" VPOS="1784" WIDTH="28" />
<String CONTENT="pl." CS="1" HEIGHT="37" HPOS="843" VPOS="1784" WIDTH="61" />
<SP HEIGHT="42" HPOS="905" VPOS="1771" WIDTH="59" />
<String CONTENT="21&#189;" CS="1" HEIGHT="40" HPOS="965" VPOS="1771" WIDTH="55" />
<String CONTENT="cm" HEIGHT="22" HPOS="1053" STYLE="superscript" VPOS="1774" WIDTH="44" />
<String CONTENT="." HEIGHT="9" HPOS="1101" VPOS="1803" WIDTH="10" />
</TextLine>
<TextLine HEIGHT="49" HPOS="202" VPOS="1829" WIDTH="646">
<String CONTENT="Includes" HEIGHT="41" HPOS="202" VPOS="1829" WIDTH="223" />
<SP HEIGHT="39" HPOS="426" VPOS="1830" WIDTH="30" />
<String CONTENT="bibliographies." HEIGHT="49" HPOS="457" VPOS="1829" WIDTH="391" />
</TextLine>
<TextLine CS="1" HEIGHT="54" HPOS="128" VPOS="1882" WIDTH="1993">
<String CONTENT="&#169;" HEIGHT="53" HPOS="128" VPOS="1882" WIDTH="54" />
<SP HEIGHT="53" HPOS="183" VPOS="1882" WIDTH="33" />
<String CONTENT="May" HEIGHT="47" HPOS="217" VPOS="1888" WIDTH="112" />
<SP HEIGHT="49" HPOS="330" VPOS="1886" WIDTH="29" />
<String CONTENT="21," HEIGHT="50" HPOS="360" VPOS="1886" WIDTH="68" />
<SP HEIGHT="49" HPOS="429" VPOS="1887" WIDTH="36" />
<String CONTENT="1936;" CS="1" HEIGHT="41" HPOS="466" VPOS="1885" WIDTH="116" />
<SP HEIGHT="48" HPOS="606" VPOS="1886" WIDTH="35" />
<String CONTENT="2c." HEIGHT="41" HPOS="642" VPOS="1886" WIDTH="68" />
<SP HEIGHT="28" HPOS="711" VPOS="1898" WIDTH="34" />
<String CONTENT="and" HEIGHT="38" HPOS="746" VPOS="1888" WIDTH="96" />
<SP HEIGHT="38" HPOS="843" VPOS="1888" WIDTH="35" />
<String CONTENT="aff." HEIGHT="41" HPOS="879" VPOS="1886" WIDTH="80" />
<SP HEIGHT="39" HPOS="960" VPOS="1888" WIDTH="37" />
<String CONTENT="May" HEIGHT="47" HPOS="998" VPOS="1888" WIDTH="112" />
<SP HEIGHT="48" HPOS="1111" VPOS="1887" WIDTH="34" />
<String CONTENT="23;" HEIGHT="47" HPOS="1146" VPOS="1887" WIDTH="82" />
<SP HEIGHT="47" HPOS="1229" VPOS="1887" WIDTH="36" />
<String CONTENT="A" HEIGHT="39" HPOS="1266" VPOS="1887" WIDTH="41" />
<SP HEIGHT="41" HPOS="1308" VPOS="1886" WIDTH="32" />
<String CONTENT="95335;" HEIGHT="48" HPOS="1341" VPOS="1886" WIDTH="170" />
<SP HEIGHT="46" HPOS="1512" VPOS="1888" WIDTH="39" />
<String CONTENT="M." HEIGHT="40" HPOS="1552" VPOS="1888" WIDTH="63" />
<SP HEIGHT="41" HPOS="1616" VPOS="1887" WIDTH="36" />
<String CONTENT="L." HEIGHT="42" HPOS="1653" VPOS="1887" WIDTH="50" />
<SP HEIGHT="41" HPOS="1704" VPOS="1888" WIDTH="37" />
<String CONTENT="Matthews," HEIGHT="46" HPOS="1742" VPOS="1888" WIDTH="275" />
<SP HEIGHT="46" HPOS="2018" VPOS="1888" WIDTH="35" />
<String CONTENT="La" HEIGHT="40" HPOS="2054" VPOS="1888" WIDTH="67" />
</TextLine>
<TextLine HEIGHT="48" HPOS="199" VPOS="1943" WIDTH="695">
<String CONTENT="Fayette," HEIGHT="47" HPOS="199" VPOS="1944" WIDTH="217" />
<SP HEIGHT="45" HPOS="417" VPOS="1945" WIDTH="26" />
<String CONTENT="Ind." HEIGHT="39" HPOS="444" VPOS="1944" WIDTH="103" />
<SP HEIGHT="48" HPOS="548" VPOS="1943" WIDTH="67" />
<String CONTENT="(36-11453)" HEIGHT="48" HPOS="616" VPOS="1943" WIDTH="278" />
</TextLine>
<TextLine HEIGHT="66" HPOS="127" STYLEREFS="StyleId-B9DD5270-9C62-4055-B9F4-9EB7C52088FD-" VPOS="2044" WIDTH="1391">
<String CONTENT="Minneapolis." HEIGHT="65" HPOS="127" VPOS="2044" WIDTH="404" />
<SP HEIGHT="53" HPOS="532" VPOS="2046" WIDTH="72" />
<String CONTENT="Public" HEIGHT="55" HPOS="605" VPOS="2044" WIDTH="203" />
<SP HEIGHT="55" HPOS="809" VPOS="2044" WIDTH="27" />
<String CONTENT="library." HEIGHT="64" HPOS="837" VPOS="2044" WIDTH="241" />
<SP HEIGHT="51" HPOS="1079" VPOS="2047" WIDTH="73" />
<String CONTENT="Music" HEIGHT="51" HPOS="1153" VPOS="2047" WIDTH="186" />
<SP HEIGHT="52" HPOS="1340" VPOS="2046" WIDTH="24" />
<String CONTENT="dept." HEIGHT="64" HPOS="1365" VPOS="2046" WIDTH="153" />
</TextLine>
<TextLine HEIGHT="69" HPOS="202" STYLEREFS="StyleId-4C86E25E-66D5-4339-8CCE-528061127F98-" VPOS="2120" WIDTH="1918">
<String CONTENT="An" HEIGHT="53" HPOS="202" VPOS="2120" WIDTH="92" />
<SP HEIGHT="52" HPOS="295" VPOS="2121" WIDTH="26" />
<String CONTENT="index" HEIGHT="54" HPOS="322" VPOS="2121" WIDTH="169" />
<SP HEIGHT="48" HPOS="492" VPOS="2125" WIDTH="26" />
<String CONTENT="to" HEIGHT="49" HPOS="519" VPOS="2125" WIDTH="56" />
<SP HEIGHT="53" HPOS="576" VPOS="2121" WIDTH="26" />
<String CONTENT="folk" HEIGHT="53" HPOS="603" VPOS="2121" WIDTH="127" />
<SP HEIGHT="53" HPOS="731" VPOS="2120" WIDTH="23" />
<String CONTENT="dances" HEIGHT="54" HPOS="755" VPOS="2120" WIDTH="204" />
<SP HEIGHT="35" HPOS="960" VPOS="2139" WIDTH="25" />
<String CONTENT="and" HEIGHT="53" HPOS="986" VPOS="2121" WIDTH="111" />
<SP HEIGHT="53" HPOS="1098" VPOS="2121" WIDTH="25" />
<String CONTENT="singing" HEIGHT="68" HPOS="1124" VPOS="2121" WIDTH="232" />
<SP HEIGHT="50" HPOS="1357" VPOS="2139" WIDTH="24" />
<String CONTENT="games," HEIGHT="51" HPOS="1382" VPOS="2138" WIDTH="207" />
<SP HEIGHT="49" HPOS="1590" VPOS="2138" WIDTH="27" />
<String CONTENT="compiled" HEIGHT="68" HPOS="1618" VPOS="2120" WIDTH="278" />
<SP HEIGHT="52" HPOS="1897" VPOS="2120" WIDTH="28" />
<String CONTENT="by" HEIGHT="67" HPOS="1926" VPOS="2121" WIDTH="71" />
<SP HEIGHT="61" HPOS="1998" VPOS="2127" WIDTH="28" />
<String CONTENT="the" HEIGHT="52" HPOS="2027" VPOS="2121" WIDTH="93" />
</TextLine>
<TextLine HEIGHT="71" HPOS="131" STYLEREFS="StyleId-4C86E25E-66D5-4339-8CCE-528061127F98-" VPOS="2197" WIDTH="1986">
<String CONTENT="staff" HEIGHT="52" HPOS="131" VPOS="2199" WIDTH="134" />
<SP HEIGHT="52" HPOS="266" VPOS="2199" WIDTH="42" />
<String CONTENT="of" HEIGHT="53" HPOS="309" VPOS="2198" WIDTH="64" />
<SP HEIGHT="53" HPOS="374" VPOS="2198" WIDTH="43" />
<String CONTENT="the" HEIGHT="53" HPOS="418" VPOS="2198" WIDTH="94" />
<SP HEIGHT="53" HPOS="513" VPOS="2198" WIDTH="43" />
<String CONTENT="Music" HEIGHT="53" HPOS="557" VPOS="2198" WIDTH="187" />
<SP HEIGHT="53" HPOS="745" VPOS="2198" WIDTH="43" />
<String CONTENT="department," HEIGHT="70" HPOS="789" VPOS="2198" WIDTH="378" />
<SP HEIGHT="69" HPOS="1168" VPOS="2198" WIDTH="45" />
<String CONTENT="Minneapolis" HEIGHT="70" HPOS="1214" VPOS="2197" WIDTH="383" />
<SP HEIGHT="51" HPOS="1598" VPOS="2216" WIDTH="47" />
<String CONTENT="public" HEIGHT="70" HPOS="1646" VPOS="2197" WIDTH="194" />
<SP HEIGHT="51" HPOS="1841" VPOS="2199" WIDTH="44" />
<String CONTENT="library." HEIGHT="69" HPOS="1886" VPOS="2198" WIDTH="231" />
</TextLine>
<TextLine HEIGHT="71" HPOS="132" STYLEREFS="StyleId-4C86E25E-66D5-4339-8CCE-528061127F98-" VPOS="2274" WIDTH="1431">
<String CONTENT="Chicago." HEIGHT="68" HPOS="132" VPOS="2274" WIDTH="267" />
<SP HEIGHT="56" HPOS="400" VPOS="2276" WIDTH="32" />
<String CONTENT="American" HEIGHT="54" HPOS="433" VPOS="2276" WIDTH="305" />
<SP HEIGHT="53" HPOS="739" VPOS="2277" WIDTH="30" />
<String CONTENT="library" HEIGHT="69" HPOS="770" VPOS="2276" WIDTH="218" />
<SP HEIGHT="50" HPOS="989" VPOS="2295" WIDTH="34" />
<String CONTENT="association," HEIGHT="68" HPOS="1024" VPOS="2275" WIDTH="353" />
<SP HEIGHT="63" HPOS="1378" VPOS="2280" WIDTH="35" />
<String CONTENT="1936." HEIGHT="51" HPOS="1414" VPOS="2279" WIDTH="149" />
</TextLine>
<TextLine CS="1" HEIGHT="50" HPOS="199" VPOS="2346" WIDTH="472">
<String CONTENT="xiv," HEIGHT="47" HPOS="199" VPOS="2346" WIDTH="95" />
<SP />
<String CONTENT="202" HEIGHT="41" HPOS="316" VPOS="2346" WIDTH="85" />
<SP HEIGHT="50" HPOS="402" VPOS="2346" WIDTH="18" />
<String CONTENT="p." HEIGHT="38" HPOS="421" VPOS="2358" WIDTH="43" />
<SP HEIGHT="40" HPOS="465" VPOS="2347" WIDTH="58" />
<String CONTENT="23&#189;" CS="1" HEIGHT="41" HPOS="524" VPOS="2347" WIDTH="55" />
<String CONTENT="cm" HEIGHT="22" HPOS="611" STYLE="superscript" VPOS="2349" WIDTH="44" />
<String CONTENT="." HEIGHT="9" HPOS="662" VPOS="2380" WIDTH="9" />
</TextLine>
<TextLine HEIGHT="51" HPOS="201" VPOS="2403" WIDTH="1917">
<String CONTENT="&#8220;The" HEIGHT="39" HPOS="201" VPOS="2403" WIDTH="128" />
<SP HEIGHT="29" HPOS="330" VPOS="2413" WIDTH="29" />
<String CONTENT="scope" HEIGHT="38" HPOS="360" VPOS="2413" WIDTH="139" />
<SP HEIGHT="31" HPOS="500" VPOS="2413" WIDTH="28" />
<String CONTENT="of" HEIGHT="40" HPOS="529" VPOS="2404" WIDTH="53" />
<SP HEIGHT="41" HPOS="583" VPOS="2404" WIDTH="25" />
<String CONTENT="the" HEIGHT="40" HPOS="609" VPOS="2405" WIDTH="83" />
<SP HEIGHT="40" HPOS="693" VPOS="2404" WIDTH="28" />
<String CONTENT="index" HEIGHT="40" HPOS="722" VPOS="2404" WIDTH="145" />
<SP HEIGHT="39" HPOS="868" VPOS="2405" WIDTH="27" />
<String CONTENT="has" HEIGHT="39" HPOS="896" VPOS="2405" WIDTH="88" />
<SP HEIGHT="39" HPOS="985" VPOS="2406" WIDTH="31" />
<String CONTENT="been" HEIGHT="39" HPOS="1017" VPOS="2406" WIDTH="117" />
<SP HEIGHT="30" HPOS="1135" VPOS="2415" WIDTH="28" />
<String CONTENT="enlarged" HEIGHT="48" HPOS="1164" VPOS="2404" WIDTH="228" />
<SP HEIGHT="41" HPOS="1393" VPOS="2405" WIDTH="28" />
<String CONTENT="to" HEIGHT="38" HPOS="1422" VPOS="2408" WIDTH="49" />
<SP HEIGHT="39" HPOS="1472" VPOS="2406" WIDTH="32" />
<String CONTENT="include" HEIGHT="40" HPOS="1505" VPOS="2405" WIDTH="190" />
<SP HEIGHT="33" HPOS="1696" VPOS="2414" WIDTH="29" />
<String CONTENT="classic" HEIGHT="41" HPOS="1726" VPOS="2406" WIDTH="172" />
<SP HEIGHT="38" HPOS="1899" VPOS="2408" WIDTH="29" />
<String CONTENT="dances," HEIGHT="46" HPOS="1929" VPOS="2408" WIDTH="189" />
</TextLine>
<TextLine CS="1" HEIGHT="104" HPOS="132" VPOS="2460" WIDTH="1969">
<String CONTENT="tap" HEIGHT="47" HPOS="132" VPOS="2461" WIDTH="82" />
<SP HEIGHT="39" HPOS="215" VPOS="2469" WIDTH="26" />
<String CONTENT="and" HEIGHT="39" HPOS="242" VPOS="2460" WIDTH="93" />
<SP HEIGHT="39" HPOS="336" VPOS="2460" WIDTH="29" />
<String CONTENT="clog," HEIGHT="47" HPOS="366" VPOS="2460" WIDTH="116" />
<SP HEIGHT="37" HPOS="483" VPOS="2470" WIDTH="28" />
<String CONTENT="and" HEIGHT="39" HPOS="512" VPOS="2461" WIDTH="94" />
<SP HEIGHT="39" HPOS="607" VPOS="2461" WIDTH="26" />
<String CONTENT="some" HEIGHT="30" HPOS="634" VPOS="2470" WIDTH="131" />
<SP HEIGHT="30" HPOS="766" VPOS="2470" WIDTH="26" />
<String CONTENT="of" HEIGHT="39" HPOS="793" VPOS="2461" WIDTH="51" />
<SP HEIGHT="40" HPOS="845" VPOS="2461" WIDTH="28" />
<String CONTENT="the" HEIGHT="39" HPOS="874" VPOS="2462" WIDTH="80" />
<SP HEIGHT="30" HPOS="955" VPOS="2471" WIDTH="25" />
<String CONTENT="earlier" HEIGHT="41" HPOS="981" VPOS="2460" WIDTH="178" />
<SP HEIGHT="30" HPOS="1160" VPOS="2471" WIDTH="26" />
<String CONTENT="square" HEIGHT="38" HPOS="1187" VPOS="2471" WIDTH="175" />
<SP HEIGHT="29" HPOS="1363" VPOS="2472" WIDTH="26" />
<String CONTENT="and" HEIGHT="38" HPOS="1390" VPOS="2463" WIDTH="95" />
<SP HEIGHT="39" HPOS="1486" VPOS="2463" WIDTH="30" />
<String CONTENT="contra" HEIGHT="38" HPOS="1517" VPOS="2464" WIDTH="167" />
<SP HEIGHT="39" HPOS="1685" VPOS="2463" WIDTH="28" />
<String CONTENT="dances" HEIGHT="39" HPOS="1714" VPOS="2463" WIDTH="175" />
<SP HEIGHT="26" HPOS="1890" VPOS="2476" WIDTH="33" />
<String CONTENT="&#8230;" CS="1" />
<SP HEIGHT="39" HPOS="1970" VPOS="2463" WIDTH="61" />
<String CONTENT="Entries" HEIGHT="92" HPOS="132" VPOS="2463" WIDTH="1969" />
<SP HEIGHT="29" HPOS="249" VPOS="2526" WIDTH="24" />
<String CONTENT="are" HEIGHT="30" HPOS="274" VPOS="2526" WIDTH="83" />
<SP HEIGHT="30" HPOS="358" VPOS="2526" WIDTH="20" />
<String CONTENT="made" HEIGHT="39" HPOS="379" VPOS="2517" WIDTH="140" />
<SP HEIGHT="30" HPOS="520" VPOS="2526" WIDTH="23" />
<String CONTENT="under" HEIGHT="40" HPOS="544" VPOS="2517" WIDTH="154" />
<SP HEIGHT="38" HPOS="699" VPOS="2519" WIDTH="21" />
<String CONTENT="title" HEIGHT="41" HPOS="721" VPOS="2517" WIDTH="109" />
<SP HEIGHT="31" HPOS="831" VPOS="2526" WIDTH="21" />
<String CONTENT="and" HEIGHT="39" HPOS="853" VPOS="2518" WIDTH="94" />
<SP HEIGHT="39" HPOS="948" VPOS="2518" WIDTH="23" />
<String CONTENT="nationality.&#8221;&#8212;Pref." HEIGHT="47" HPOS="972" VPOS="2517" WIDTH="531" />
</TextLine>
<TextLine CS="1" HEIGHT="50" HPOS="201" VPOS="2571" WIDTH="1132">
<String CONTENT="&#8220;List" HEIGHT="42" HPOS="201" VPOS="2571" WIDTH="134" />
<SP HEIGHT="39" HPOS="336" VPOS="2574" WIDTH="27" />
<String CONTENT="of" HEIGHT="40" HPOS="364" VPOS="2572" WIDTH="52" />
<SP HEIGHT="41" HPOS="417" VPOS="2572" WIDTH="24" />
<String CONTENT="collections" HEIGHT="40" HPOS="442" VPOS="2573" WIDTH="278" />
<SP HEIGHT="41" HPOS="721" VPOS="2572" WIDTH="26" />
<String CONTENT="indexed&#8221;:" CS="1" HEIGHT="41" HPOS="748" VPOS="2572" WIDTH="235" />
<SP HEIGHT="38" HPOS="1011" VPOS="2583" WIDTH="32" />
<String CONTENT="p." HEIGHT="38" HPOS="1044" VPOS="2583" WIDTH="42" />
<SP HEIGHT="45" HPOS="1087" VPOS="2571" WIDTH="20" />
<String CONTENT="199-202." HEIGHT="44" HPOS="1108" VPOS="2571" WIDTH="225" />
</TextLine>
<TextLine CS="1" HEIGHT="54" HPOS="131" VPOS="2627" WIDTH="1991">
<String CONTENT="&#169;" HEIGHT="53" HPOS="131" VPOS="2627" WIDTH="53" />
<SP HEIGHT="53" HPOS="185" VPOS="2627" WIDTH="34" />
<String CONTENT="May" HEIGHT="46" HPOS="220" VPOS="2633" WIDTH="113" />
<SP HEIGHT="46" HPOS="334" VPOS="2633" WIDTH="34" />
<String CONTENT="13," HEIGHT="45" HPOS="369" VPOS="2633" WIDTH="69" />
<SP HEIGHT="45" HPOS="439" VPOS="2633" WIDTH="36" />
<String CONTENT="1936;" HEIGHT="47" HPOS="476" VPOS="2632" WIDTH="139" />
<SP HEIGHT="48" HPOS="616" VPOS="2631" WIDTH="38" />
<String CONTENT="2c." HEIGHT="41" HPOS="655" VPOS="2631" WIDTH="67" />
<SP HEIGHT="29" HPOS="723" VPOS="2643" WIDTH="36" />
<String CONTENT="and" HEIGHT="38" HPOS="760" VPOS="2634" WIDTH="94" />
<SP HEIGHT="38" HPOS="855" VPOS="2634" WIDTH="36" />
<String CONTENT="aff." HEIGHT="42" HPOS="892" VPOS="2632" WIDTH="83" />
<SP HEIGHT="41" HPOS="976" VPOS="2633" WIDTH="37" />
<String CONTENT="May" HEIGHT="47" HPOS="1014" VPOS="2633" WIDTH="114" />
<SP HEIGHT="47" HPOS="1129" VPOS="2633" WIDTH="36" />
<String CONTENT="18;" HEIGHT="47" HPOS="1166" VPOS="2633" WIDTH="80" />
<SP HEIGHT="46" HPOS="1247" VPOS="2634" WIDTH="39" />
<String CONTENT="A" HEIGHT="38" HPOS="1287" VPOS="2634" WIDTH="40" />
<SP HEIGHT="41" HPOS="1328" VPOS="2631" WIDTH="35" />
<String CONTENT="95270;" HEIGHT="48" HPOS="1364" VPOS="2631" WIDTH="171" />
<SP HEIGHT="46" HPOS="1536" VPOS="2633" WIDTH="39" />
<String CONTENT="Amer." CS="1" HEIGHT="39" HPOS="1576" LANG="fr" VPOS="2633" WIDTH="145" />
<SP HEIGHT="39" HPOS="1735" VPOS="2635" WIDTH="36" />
<String CONTENT="library" HEIGHT="49" HPOS="1772" VPOS="2632" WIDTH="187" />
<SP HEIGHT="36" HPOS="1960" VPOS="2645" WIDTH="34" />
<String CONTENT="assn." HEIGHT="30" HPOS="1995" VPOS="2644" WIDTH="127" />
</TextLine>
<TextLine HEIGHT="50" HPOS="210" VPOS="2687" WIDTH="278">
<String CONTENT="(36-11219)" HEIGHT="50" HPOS="210" VPOS="2687" WIDTH="278" />
</TextLine>
<TextLine HEIGHT="66" HPOS="128" STYLEREFS="StyleId-B9DD5270-9C62-4055-B9F4-9EB7C52088FD-" VPOS="2788" WIDTH="553">
<String CONTENT="Mitchell," HEIGHT="66" HPOS="128" VPOS="2788" WIDTH="279" />
<SP HEIGHT="63" HPOS="408" VPOS="2791" WIDTH="24" />
<String CONTENT="Horace." HEIGHT="53" HPOS="433" VPOS="2791" WIDTH="248" />
</TextLine>
<TextLine HEIGHT="70" HPOS="200" STYLEREFS="StyleId-4C86E25E-66D5-4339-8CCE-528061127F98-" VPOS="2867" WIDTH="1922">
<String CONTENT="Raising" HEIGHT="68" HPOS="200" VPOS="2867" WIDTH="239" />
<SP HEIGHT="49" HPOS="440" VPOS="2886" WIDTH="48" />
<String CONTENT="game" HEIGHT="48" HPOS="489" VPOS="2887" WIDTH="161" />
<SP HEIGHT="53" HPOS="651" VPOS="2868" WIDTH="51" />
<String CONTENT="birds," HEIGHT="68" HPOS="703" VPOS="2868" WIDTH="174" />
<SP HEIGHT="67" HPOS="878" VPOS="2869" WIDTH="48" />
<String CONTENT="by" HEIGHT="68" HPOS="927" VPOS="2869" WIDTH="74" />
<SP HEIGHT="67" HPOS="1002" VPOS="2870" WIDTH="49" />
<String CONTENT="Horace" HEIGHT="52" HPOS="1052" VPOS="2870" WIDTH="224" />
<SP HEIGHT="52" HPOS="1277" VPOS="2871" WIDTH="50" />
<String CONTENT="Mitchell;" HEIGHT="68" HPOS="1328" VPOS="2869" WIDTH="288" />
<SP HEIGHT="68" HPOS="1617" VPOS="2869" WIDTH="54" />
<String CONTENT="illustrated" HEIGHT="54" HPOS="1672" VPOS="2869" WIDTH="324" />
<SP HEIGHT="53" HPOS="1997" VPOS="2869" WIDTH="50" />
<String CONTENT="by" HEIGHT="67" HPOS="2048" VPOS="2870" WIDTH="74" />
</TextLine>
<TextLine CS="1" HEIGHT="144" HPOS="129" STYLEREFS="StyleId-4C86E25E-66D5-4339-8CCE-528061127F98-" VPOS="2946" WIDTH="1970">
<String CONTENT="Roland" HEIGHT="52" HPOS="130" VPOS="2946" WIDTH="226" />
<SP HEIGHT="52" HPOS="357" VPOS="2947" WIDTH="34" />
<String CONTENT="V." HEIGHT="52" HPOS="392" VPOS="2947" WIDTH="68" />
<SP HEIGHT="54" HPOS="461" VPOS="2946" WIDTH="40" />
<String CONTENT="Shutts." HEIGHT="54" HPOS="502" VPOS="2946" WIDTH="217" />
<SP HEIGHT="51" HPOS="720" VPOS="2949" WIDTH="72" />
<String CONTENT="Philadelphia," HEIGHT="68" HPOS="793" VPOS="2947" WIDTH="424" />
<SP HEIGHT="65" HPOS="1218" VPOS="2949" WIDTH="34" />
<String CONTENT="The" HEIGHT="51" HPOS="1253" VPOS="2949" WIDTH="119" />
<SP HEIGHT="50" HPOS="1373" VPOS="2950" WIDTH="35" />
<String CONTENT="Penn" HEIGHT="50" HPOS="1409" VPOS="2950" WIDTH="159" />
<SP HEIGHT="48" HPOS="1569" VPOS="2967" WIDTH="36" />
<String CONTENT="publishing" HEIGHT="68" HPOS="1606" VPOS="2948" WIDTH="333" />
<SP HEIGHT="49" HPOS="1940" VPOS="2967" WIDTH="37" />
<String CONTENT="company" HEIGHT="123" HPOS="129" VPOS="2966" WIDTH="1970" />
<SP HEIGHT="48" HPOS="283" VPOS="3042" WIDTH="29" />
<String CONTENT="[" HEIGHT="33" HPOS="313" VPOS="3057" WIDTH="12" />
<String CONTENT="c" HEIGHT="20" HPOS="331" STYLE="superscript" VPOS="3030" WIDTH="17" />
<String CONTENT="1936]" HEIGHT="63" HPOS="355" VPOS="3027" WIDTH="149" />
</TextLine>
<TextLine CS="1" HEIGHT="51" HPOS="199" VPOS="3095" WIDTH="1558">
<String CONTENT="xiii" HEIGHT="40" HPOS="199" VPOS="3095" WIDTH="87" />
<SP HEIGHT="47" HPOS="287" VPOS="3096" WIDTH="28" />
<String CONTENT="p.," HEIGHT="36" HPOS="316" LANG="fr" VPOS="3107" WIDTH="57" />
<SP HEIGHT="46" HPOS="374" VPOS="3097" WIDTH="26" />
<String CONTENT="1" HEIGHT="38" HPOS="401" VPOS="3097" WIDTH="23" />
<SP HEIGHT="38" HPOS="425" VPOS="3097" WIDTH="24" />
<String CONTENT="l.," CS="1" HEIGHT="15" HPOS="471" VPOS="3128" WIDTH="22" />
<SP HEIGHT="45" HPOS="494" VPOS="3098" WIDTH="27" />
<String CONTENT="15-315" HEIGHT="39" HPOS="522" VPOS="3097" WIDTH="176" />
<SP HEIGHT="48" HPOS="699" VPOS="3097" WIDTH="22" />
<String CONTENT="p." HEIGHT="37" HPOS="722" VPOS="3108" WIDTH="43" />
<SP HEIGHT="29" HPOS="766" VPOS="3108" WIDTH="55" />
<String CONTENT="col." HEIGHT="40" HPOS="822" VPOS="3098" WIDTH="86" />
<SP HEIGHT="41" HPOS="909" VPOS="3097" WIDTH="26" />
<String CONTENT="front.," HEIGHT="47" HPOS="936" VPOS="3097" WIDTH="163" />
<SP HEIGHT="46" HPOS="1100" VPOS="3098" WIDTH="27" />
<String CONTENT="illus.," HEIGHT="48" HPOS="1128" VPOS="3098" WIDTH="142" />
<SP HEIGHT="37" HPOS="1271" VPOS="3109" WIDTH="27" />
<String CONTENT="col." HEIGHT="40" HPOS="1299" VPOS="3099" WIDTH="86" />
<SP HEIGHT="37" HPOS="1386" VPOS="3109" WIDTH="28" />
<String CONTENT="plates." HEIGHT="47" HPOS="1415" VPOS="3099" WIDTH="169" />
<SP HEIGHT="39" HPOS="1585" VPOS="3098" WIDTH="54" />
<String CONTENT="23" HEIGHT="40" HPOS="1640" VPOS="3098" WIDTH="55" />
<String CONTENT="cm" HEIGHT="20" HPOS="1698" STYLE="superscript" VPOS="3101" WIDTH="45" />
<String CONTENT="." HEIGHT="8" HPOS="1748" VPOS="3130" WIDTH="9" />
</TextLine>
<TextLine HEIGHT="49" HPOS="200" VPOS="3152" WIDTH="677">
<String CONTENT="Illustrated" HEIGHT="39" HPOS="200" VPOS="3153" WIDTH="286" />
<SP HEIGHT="38" HPOS="487" VPOS="3154" WIDTH="28" />
<String CONTENT="lining-papers." HEIGHT="49" HPOS="516" VPOS="3152" WIDTH="361" />
</TextLine>
<TextLine HEIGHT="56" HPOS="132" VPOS="3203" WIDTH="1707">
<String CONTENT="&#169;" HEIGHT="53" HPOS="132" VPOS="3203" WIDTH="52" />
<SP HEIGHT="53" HPOS="185" VPOS="3203" WIDTH="31" />
<String CONTENT="May" HEIGHT="47" HPOS="217" VPOS="3209" WIDTH="111" />
<SP HEIGHT="46" HPOS="329" VPOS="3210" WIDTH="31" />
<String CONTENT="1," HEIGHT="45" HPOS="361" VPOS="3210" WIDTH="38" />
<SP HEIGHT="45" HPOS="400" VPOS="3210" WIDTH="31" />
<String CONTENT="1936;" HEIGHT="47" HPOS="432" VPOS="3208" WIDTH="140" />
<SP HEIGHT="46" HPOS="573" VPOS="3209" WIDTH="33" />
<String CONTENT="2c." HEIGHT="40" HPOS="607" VPOS="3209" WIDTH="67" />
<SP HEIGHT="29" HPOS="675" VPOS="3220" WIDTH="32" />
<String CONTENT="and" HEIGHT="38" HPOS="708" VPOS="3211" WIDTH="93" />
<SP HEIGHT="38" HPOS="802" VPOS="3211" WIDTH="33" />
<String CONTENT="aff." HEIGHT="43" HPOS="836" VPOS="3209" WIDTH="82" />
<SP HEIGHT="41" HPOS="919" VPOS="3211" WIDTH="32" />
<String CONTENT="May" HEIGHT="47" HPOS="952" VPOS="3211" WIDTH="114" />
<SP HEIGHT="49" HPOS="1067" VPOS="3209" WIDTH="29" />
<String CONTENT="9;" HEIGHT="48" HPOS="1097" VPOS="3209" WIDTH="53" />
<SP HEIGHT="46" HPOS="1151" VPOS="3211" WIDTH="33" />
<String CONTENT="A" HEIGHT="38" HPOS="1185" VPOS="3211" WIDTH="41" />
<SP HEIGHT="40" HPOS="1227" VPOS="3209" WIDTH="28" />
<String CONTENT="95075;" HEIGHT="48" HPOS="1256" VPOS="3209" WIDTH="171" />
<SP HEIGHT="46" HPOS="1428" VPOS="3211" WIDTH="34" />
<String CONTENT="Penn" HEIGHT="39" HPOS="1463" VPOS="3211" WIDTH="133" />
<SP HEIGHT="38" HPOS="1597" VPOS="3221" WIDTH="31" />
<String CONTENT="pub." HEIGHT="48" HPOS="1629" VPOS="3211" WIDTH="108" />
<SP HEIGHT="29" HPOS="1738" VPOS="3222" WIDTH="33" />
<String CONTENT="co." HEIGHT="30" HPOS="1772" VPOS="3221" WIDTH="67" />
</TextLine>
<TextLine HEIGHT="50" HPOS="211" VPOS="3264" WIDTH="278">
<String CONTENT="(36-11167)" HEIGHT="50" HPOS="211" VPOS="3264" WIDTH="278" />
</TextLine>
<TextLine HEIGHT="65" HPOS="130" STYLEREFS="StyleId-B9DD5270-9C62-4055-B9F4-9EB7C52088FD-" VPOS="3365" WIDTH="645">
<String CONTENT="Mittendorf," HEIGHT="65" HPOS="130" LANG="de" VPOS="3365" WIDTH="372" />
<SP HEIGHT="63" HPOS="503" VPOS="3367" WIDTH="24" />
<String CONTENT="Gustav." HEIGHT="55" HPOS="528" LANG="en-US" VPOS="3367" WIDTH="247" />
</TextLine>
<TextLine CS="1" HEIGHT="69" HPOS="262" LANG="de" STYLEREFS="StyleId-4C86E25E-66D5-4339-8CCE-528061127F98-" VPOS="3442" WIDTH="1857">
<String CONTENT="&#8230;" CS="1" LANG="en-US" />
<SP HEIGHT="53" HPOS="262" VPOS="3442" WIDTH="47" />
<String CONTENT="Unter" HEIGHT="53" HPOS="310" VPOS="3442" WIDTH="184" />
<SP HEIGHT="33" HPOS="495" VPOS="3462" WIDTH="42" />
<String CONTENT="zwergmenschen" HEIGHT="67" HPOS="538" VPOS="3444" WIDTH="483" />
<SP HEIGHT="33" HPOS="1022" VPOS="3462" WIDTH="44" />
<String CONTENT="und" HEIGHT="51" HPOS="1067" VPOS="3445" WIDTH="116" />
<SP HEIGHT="52" HPOS="1184" VPOS="3445" WIDTH="45" />
<String CONTENT="riesenaffen." HEIGHT="55" HPOS="1230" VPOS="3443" WIDTH="348" />
<SP HEIGHT="52" HPOS="1579" VPOS="3446" WIDTH="80" />
<String CONTENT="Berlin," HEIGHT="66" HPOS="1660" LANG="en-US" VPOS="3444" WIDTH="216" />
<SP HEIGHT="65" HPOS="1877" VPOS="3445" WIDTH="46" />
<String CONTENT="Scherl" HEIGHT="54" HPOS="1924" VPOS="3445" WIDTH="195" />
</TextLine>
<TextLine HEIGHT="64" HPOS="136" STYLEREFS="StyleId-4C86E25E-66D5-4339-8CCE-528061127F98-" VPOS="3523" WIDTH="171">
<String CONTENT="[1935]" HEIGHT="64" HPOS="136" VPOS="3523" WIDTH="171" />
</TextLine>
<TextLine CS="1" HEIGHT="52" HPOS="202" VPOS="3592" WIDTH="979">
<String CONTENT="238," HEIGHT="47" HPOS="202" VPOS="3592" WIDTH="98" />
<SP HEIGHT="29" HPOS="301" VPOS="3613" WIDTH="30" />
<String CONTENT="[1]" HEIGHT="48" HPOS="332" VPOS="3594" WIDTH="54" />
<SP HEIGHT="37" HPOS="387" VPOS="3605" WIDTH="28" />
<String CONTENT="p." HEIGHT="37" HPOS="416" VPOS="3605" WIDTH="42" />
<SP HEIGHT="36" HPOS="459" VPOS="3606" WIDTH="53" />
<String CONTENT="plates," HEIGHT="48" HPOS="513" VPOS="3594" WIDTH="171" />
<SP HEIGHT="48" HPOS="685" VPOS="3594" WIDTH="27" />
<String CONTENT="fold." HEIGHT="41" HPOS="713" VPOS="3594" WIDTH="116" />
<SP HEIGHT="28" HPOS="830" VPOS="3607" WIDTH="26" />
<String CONTENT="map." HEIGHT="39" HPOS="857" VPOS="3605" WIDTH="124" />
<SP HEIGHT="41" HPOS="982" VPOS="3595" WIDTH="55" />
<String CONTENT="21&#189;" CS="1" HEIGHT="40" HPOS="1038" VPOS="3595" WIDTH="52" />
<String CONTENT="cm" CS="1" HEIGHT="21" HPOS="1125" STYLE="superscript" VPOS="3598" WIDTH="15" />
<String CONTENT="." HEIGHT="9" HPOS="1173" VPOS="3630" WIDTH="8" />
</TextLine>
<TextLine CS="1" HEIGHT="56" HPOS="133" VPOS="3645" WIDTH="1989">
<String CONTENT="&#169;" HEIGHT="52" HPOS="133" VPOS="3645" WIDTH="53" />
<SP HEIGHT="52" HPOS="187" VPOS="3645" WIDTH="28" />
<String CONTENT="Nov." HEIGHT="39" HPOS="216" VPOS="3650" WIDTH="116" />
<SP HEIGHT="39" HPOS="333" VPOS="3650" WIDTH="30" />
<String CONTENT="28," HEIGHT="48" HPOS="364" VPOS="3650" WIDTH="68" />
<SP HEIGHT="47" HPOS="433" VPOS="3651" WIDTH="33" />
<String CONTENT="1935;" HEIGHT="48" HPOS="467" VPOS="3650" WIDTH="138" />
<SP />
<String CONTENT="1c." CS="1" />
<SP HEIGHT="37" HPOS="708" VPOS="3654" WIDTH="32" />
<String CONTENT="Mar." HEIGHT="38" HPOS="741" VPOS="3654" WIDTH="119" />
<SP HEIGHT="38" HPOS="861" VPOS="3654" WIDTH="31" />
<String CONTENT="19," HEIGHT="47" HPOS="893" VPOS="3653" WIDTH="69" />
<SP HEIGHT="47" HPOS="963" VPOS="3653" WIDTH="30" />
<String CONTENT="1936;" HEIGHT="47" HPOS="994" VPOS="3652" WIDTH="140" />
<SP HEIGHT="45" HPOS="1135" VPOS="3654" WIDTH="32" />
<String CONTENT="A-Foreign" HEIGHT="48" HPOS="1168" VPOS="3653" WIDTH="310" />
<SP HEIGHT="40" HPOS="1479" VPOS="3654" WIDTH="31" />
<String CONTENT="30881;" HEIGHT="46" HPOS="1511" VPOS="3653" WIDTH="170" />
<SP HEIGHT="46" HPOS="1682" VPOS="3653" WIDTH="34" />
<String CONTENT="August" HEIGHT="47" HPOS="1717" VPOS="3653" WIDTH="189" />
<SP HEIGHT="39" HPOS="1907" VPOS="3653" WIDTH="34" />
<String CONTENT="Scherl," HEIGHT="46" HPOS="1942" LANG="de" VPOS="3653" WIDTH="180" />
</TextLine>
<TextLine CS="1" HEIGHT="48" HPOS="202" LANG="fr" VPOS="3707" WIDTH="615">
<String CONTENT="g." HEIGHT="36" HPOS="202" VPOS="3716" WIDTH="41" />
<SP HEIGHT="29" HPOS="244" VPOS="3717" WIDTH="27" />
<String CONTENT="m." HEIGHT="30" HPOS="272" VPOS="3717" WIDTH="58" />
<SP HEIGHT="40" HPOS="331" VPOS="3707" WIDTH="27" />
<String CONTENT="b." HEIGHT="39" HPOS="359" VPOS="3707" WIDTH="40" />
<SP HEIGHT="37" HPOS="400" VPOS="3709" WIDTH="28" />
<String CONTENT="h." HEIGHT="38" HPOS="429" VPOS="3709" WIDTH="43" />
<SP HEIGHT="47" HPOS="473" VPOS="3708" WIDTH="64" />
<String CONTENT="(36-11177)" HEIGHT="48" HPOS="538" VPOS="3707" WIDTH="279" />
<SP />
</TextLine>
<TextLine HEIGHT="66" HPOS="131" LANG="fr" STYLEREFS="StyleId-B9DD5270-9C62-4055-B9F4-9EB7C52088FD-" VPOS="3808" WIDTH="862">
<String CONTENT="Montandon," HEIGHT="65" HPOS="131" VPOS="3808" WIDTH="378" />
<SP HEIGHT="63" HPOS="510" VPOS="3810" WIDTH="33" />
<String CONTENT="George," HEIGHT="64" HPOS="544" VPOS="3810" WIDTH="244" />
<SP HEIGHT="57" HPOS="789" VPOS="3817" WIDTH="35" />
<String CONTENT="1879-" HEIGHT="54" HPOS="825" VPOS="3812" WIDTH="168" />
</TextLine>
<TextLine CS="1" HEIGHT="71" HPOS="263" LANG="fr" STYLEREFS="StyleId-4C86E25E-66D5-4339-8CCE-528061127F98-" VPOS="3883" WIDTH="1861">
<String CONTENT="&#8230;" CS="1" />
<SP HEIGHT="51" HPOS="263" VPOS="3884" WIDTH="41" />
<String CONTENT="L&#8217;ethnie" HEIGHT="54" HPOS="305" VPOS="3883" WIDTH="256" />
<SP HEIGHT="52" HPOS="562" VPOS="3884" WIDTH="35" />
<String CONTENT="fran&#231;aise" HEIGHT="66" HPOS="598" VPOS="3884" WIDTH="283" />
<SP HEIGHT="33" HPOS="882" VPOS="3906" WIDTH="39" />
<String CONTENT="&#8230;" CS="1" />
<SP HEIGHT="51" HPOS="978" VPOS="3887" WIDTH="75" />
<String CONTENT="Avec" HEIGHT="51" HPOS="1054" VPOS="3887" WIDTH="154" />
<SP HEIGHT="46" HPOS="1209" VPOS="3894" WIDTH="37" />
<String CONTENT="5" HEIGHT="46" HPOS="1247" VPOS="3894" WIDTH="27" />
<SP HEIGHT="54" HPOS="1275" VPOS="3886" WIDTH="36" />
<String CONTENT="figures," HEIGHT="68" HPOS="1312" VPOS="3886" WIDTH="224" />
<SP HEIGHT="57" HPOS="1537" VPOS="3890" WIDTH="36" />
<String CONTENT="33" HEIGHT="48" HPOS="1574" VPOS="3890" WIDTH="65" />
<SP HEIGHT="49" HPOS="1640" VPOS="3890" WIDTH="37" />
<String CONTENT="cartes" HEIGHT="48" HPOS="1678" VPOS="3892" WIDTH="177" />
<SP HEIGHT="51" HPOS="1856" VPOS="3889" WIDTH="37" />
<String CONTENT="dans" HEIGHT="53" HPOS="1894" VPOS="3889" WIDTH="141" />
<SP HEIGHT="54" HPOS="2036" VPOS="3888" WIDTH="36" />
<String CONTENT="le" HEIGHT="53" HPOS="2073" VPOS="3888" WIDTH="51" />
</TextLine>
<TextLine HEIGHT="70" HPOS="131" LANG="fr" STYLEREFS="StyleId-4C86E25E-66D5-4339-8CCE-528061127F98-" VPOS="3962" WIDTH="1620">
<String CONTENT="texte" HEIGHT="49" HPOS="131" VPOS="3964" WIDTH="150" />
<SP HEIGHT="33" HPOS="282" VPOS="3979" WIDTH="24" />
<String CONTENT="et" HEIGHT="46" HPOS="307" VPOS="3966" WIDTH="55" />
<SP HEIGHT="47" HPOS="363" VPOS="3965" WIDTH="22" />
<String CONTENT="48" HEIGHT="48" HPOS="386" VPOS="3965" WIDTH="66" />
<SP HEIGHT="59" HPOS="453" VPOS="3965" WIDTH="24" />
<String CONTENT="planches" HEIGHT="62" HPOS="478" VPOS="3962" WIDTH="267" />
<SP HEIGHT="53" HPOS="746" VPOS="3963" WIDTH="24" />
<String CONTENT="hors" HEIGHT="53" HPOS="771" VPOS="3963" WIDTH="131" />
<SP HEIGHT="47" HPOS="903" VPOS="3969" WIDTH="26" />
<String CONTENT="texte." HEIGHT="47" HPOS="930" VPOS="3969" WIDTH="165" />
<SP HEIGHT="51" HPOS="1096" VPOS="3965" WIDTH="62" />
<String CONTENT="Paris," HEIGHT="67" HPOS="1159" VPOS="3964" WIDTH="183" />
<SP HEIGHT="66" HPOS="1343" VPOS="3965" WIDTH="25" />
<String CONTENT="Payot," HEIGHT="67" HPOS="1369" VPOS="3965" WIDTH="204" />
<SP HEIGHT="62" HPOS="1574" VPOS="3968" WIDTH="29" />
<String CONTENT="1935." HEIGHT="49" HPOS="1604" VPOS="3968" WIDTH="147" />
</TextLine>
</TextBlock>
</PrintSpace>
</Page>
</Layout>
</alto>