2597 4361
1112 4055 65 52 37

152 404 225 65 Pedler,
407 407 139 51 Mrs.
577 406 307 62 Margaret
915 403 212 65 (Bass)

286 477 1874 73 … The shining cloud … Garden City, N. Y., Doubleday,
154 557 196 53 Doran
375 559 45 50 &
445 574 294 50 company,
763 557 128 64 inc.,
918 558 151 53 1936.

224 627 513 50 6 p. l., 329 p. 20cm.
221 686 66 41 At
313 686 125 40 head
464 685 54 40 of
543 686 109 40 title:
710 686 250 46 Margaret
986 685 189 41 Pedler.

224 742 163 41 “First
415 741 228 41 edition.”

152 799 2010 53 © Jan. 17, 1936: 2c. and aff. Jan. 23; A 91406; Doubleday, Doran &
222 871 81 36 co.,
333 860 88 39 inc.
493 859 249 49 (36-1300)

152 964 264 64 Proctor,
442 963 192 55 David
660 963 229 56 Milton.

223 1040 125 68 Pay
387 1040 138 67 day;
564 1038 192 55 letters
796 1039 149 53 from
984 1039 130 53 Van
1154 1038 169 55 Cleve
1360 1039 151 68 Ball,
1549 1057 31 33 a
1618 1038 270 53 Missouri
1929 1039 232 70 farmer,

154 1124 58 47 to
243 1118 89 54 his
363 1135 99 36 son
492 1118 60 52 in
585 1117 227 68 college,
845 1117 74 69 by
952 1117 192 54 David
1176 1116 209 53 Milton
1420 1117 253 53 Proctor.
1748 1117 226 54 Kansas
2010 1116 152 71 City,

153 1197 135 67 Mo.,
318 1196 210 52 Brown
559 1195 147 54 book
735 1212 280 51 company
1049 1197 194 66 [c1936]

221 1269 812 50 154 p. incl. front., 1 illus. 20½cm.
152 1324 53 52 ©
243 1329 109 39 Jan.
392 1328 53 39 16,
498 1326 140 47 1936;
679 1327 66 40 2c.
785 1328 109 39 Jan.
933 1327 82 40 21:
1058 1327 82 40 aff.
1181 1327 110 40 Jan.
1329 1327 83 47 20;
1454 1327 40 39 A
1533 1326 171 48 91375;
1747 1329 56 38 D.
1845 1329 61 38 M.
1946 1329 214 46 Proctor,

224 1385 196 40 Kansas
450 1385 125 48 City,
606 1386 93 39 Mo.
768 1384 251 48 (36-1243)

152 1487 378 55 Providence.
604 1491 156 64 Dept.
805 1488 63 66 of
892 1488 197 65 public
1114 1487 235 54 schools.

224 1564 328 54 Handbook
585 1565 62 53 of
677 1564 295 53 historical
1004 1564 134 55 sites
1171 1564 60 53 in
1262 1564 204 54 Rhode
1498 1564 200 53 Island;
1763 1563 304 70 published
2098 1566 61 52 in

155 1644 331 53 connection
522 1645 142 52 with
698 1643 97 55 the
831 1648 394 63 tercentenary
1260 1643 344 54 celebration
1641 1642 64 55 of
1739 1643 96 53 the
1872 1643 287 70 founding

158 1722 63 54 of
276 1722 372 53 Providence.
736 1721 371 69 Providence,
1159 1722 70 53 R.
1284 1722 69 68 I.,
1407 1722 384 69 Department
1845 1722 64 54 of
1962 1722 194 69 public

151 1801 238 67 schools,
426 1804 152 50 1936.

224 1875 57 41 96
308 1886 45 38 p.
412 1875 144 48 illus.,
584 1874 120 42 fold.
731 1885 127 40 map.
914 1874 118 42 23cm.

225 1925 377 56 Bibliography:
635 1944 44 38 p.
711 1932 160 42 88-89.

152 1987 53 53 ©
230 1992 110 39 Jan.
364 1990 41 49 9,
431 1991 141 47 1936;
601 1990 65 41 2c.
696 1991 108 40 Jan.
833 1991 82 47 11;
944 1990 82 41 aff.
1056 1991 109 41 Jan.
1194 1990 81 47 10;
1306 1991 40 39 A
1372 1989 171 48 90275;
1574 1991 321 47 Department
1921 1991 54 40 of
2002 1992 159 47 public

221 2049 201 47 schools,
454 2049 309 47 Providence,
795 2049 55 39 R.
883 2049 37 40 I.
990 2047 251 48 (36-1260)

151 2148 311 68 Richards,
493 2152 202 65 Harry
723 2152 244 66 Sanger,
1000 2155 326 51 1868-1929.

225 2227 168 56 Cases
440 2247 71 35 on
560 2229 222 67 private
832 2228 404 68 corporations,
1285 2227 238 56 selected
1575 2227 152 54 from
1776 2225 275 56 decisions
2099 2227 61 53 of

152 2302 1946 72 English and American courts, by Harry Sanger Richards …
154 2382 2006 70 3d ed. by Sveinbjorn Johnson … St. Paul, West publishing
153 2477 97 46 co.,
310 2462 100 50 1936.

221 2529 117 49 lxiv,
368 2530 86 41 968
484 2542 43 37 p.
587 2531 116 40 26cm.
774 2531 282 47 (American
1085 2532 236 40 casebook
1352 2533 177 46 series)

151 2586 53 53 ©
232 2592 110 39 Dec.
372 2592 69 47 31,
469 2591 141 46 1935;
641 2591 67 40 2c.
737 2592 108 39 Jan.
876 2592 69 46 18,
975 2590 141 48 1936;
1148 2591 82 40 aff.
1261 2592 110 39 Jan.
1401 2592 83 39 20:
1518 2593 39 38 A
1586 2591 171 48 91359;
1790 2592 135 41 West
1951 2593 109 47 pub.
2091 2601 68 31 co.

231 2647 251 48 (36-1246)

152 2751 388 65 Richardson,
569 2753 192 53 Mabel
789 2752 307 65 Kingsley.

284 2828 1876 70 … Killdeer, by Mabel Kingsley Richardson. Philadelphia,
151 2906 293 54 Dorrance
473 2910 45 49 &
548 2926 279 50 company
882 2911 174 64 [c1936]

223 2982 55 39 97
305 2993 43 37 p.
404 2981 144 40 19½cm.
616 2983 405 47 (Contemporary
1049 2986 136 45 poets
1213 2982 53 39 of
1292 2984 263 45 Dorrance,
1583 2983 111 48 143)

151 3034 2007 53 © Dec. 12, 1935: 2c. Jan. 2, 1936; aff. Jan. 6; A 91021; Dorrance & co.,
219 3096 89 39 inc.
378 3096 251 48 (36-1729)

152 3198 214 66 Roche,
394 3199 234 53 Arthur
658 3201 254 63 Somers,
945 3207 325 48 1883-1935.

224 3275 120 53 The
370 3281 119 48 star
515 3276 63 52 of
602 3275 308 70 midnight,
936 3277 75 68 by
1038 3277 225 52 Arthur
1291 3276 226 56 Somers
1540 3276 208 54 Roche.
1810 3276 140 53 New
1976 3275 179 67 York,

153 3353 173 53 Dodd,
369 3354 170 52 Mead
567 3356 46 50 &
640 3371 297 52 company,
966 3357 153 50 1936.

223 3426 561 50 3 p. l., 243 p. 19½cm.
151 3480 52 52 ©
234 3485 109 39 Jan.
373 3484 69 48 20,
474 3485 140 46 1936;
645 3486 67 40 2c.
742 3487 110 39 Jan.
882 3486 82 46 22;
998 3486 81 40 aff.
1112 3487 109 39 Jan.
1253 3487 82 40 23;
1369 3488 40 37 A
1440 3485 171 42 90442:
1648 3485 152 46 Dodd,
1834 3487 141 38 Mead
2009 3486 36 39 &
2072 3497 82 35 co.,

219 3541 90 41 inc.
374 3542 251 47 (36-1122)

150 3644 245 65 Rogers,
423 3646 227 53 Walter
677 3647 84 62 E.,
793 3652 170 48 1890-

222 3721 140 53 Tree
391 3721 216 53 flowers
636 3723 62 51 of
725 3725 194 64 forest,
946 3722 162 68 park,
1135 3722 113 53 and
1273 3727 190 62 street,
1488 3722 77 69 by
1589 3722 222 55 Walter
1838 3721 68 53 E.
1932 3721 218 67 Rogers

213 3798 1936 71 … the drawings from nature by Olga A. Smith … Appleton,
151 3876 157 67 Wis.,
340 3876 122 52 The
495 3877 223 66 author,
749 3881 152 50 1935.

221 3949 1348 51 9 p. l., 500 p., 1 l. incl. illus., plates, front. 27cm.
