2519 4377
984 4108 96 50 153

53 467 317 66 Altrocchi,
404 468 137 52 Mrs.
576 464 159 55 Julia
764 464 273 66 (Cooley)
1082 471 170 48 1893-

122 543 171 56 Snow
320 542 234 55 covered
582 558 258 51 wagons;
873 559 31 34 a
932 540 230 68 pioneer
1190 540 152 69 epic;
1371 542 94 52 the
1493 542 235 53 Donner
1756 547 169 63 party

54 560 1993 130 expedition, 1846-1847, by Julia Cooley Altrocchi … New York,
51 701 121 52 The
199 698 334 54 Macmillan
561 715 297 51 company,
890 700 150 50 1936.

119 773 137 49 xxiii,
283 771 99 49 202,
458 791 10 30 [1]
497 783 44 37 p.
594 770 56 41 23
654 774 45 20 cm
703 804 8 9 .

119 830 139 50 Maps
280 841 59 30 on
360 829 362 49 lining-papers.

122 888 145 41 Short
292 886 335 49 bibliography
652 885 224 42 included
905 885 49 40 in
981 886 82 40 the
1087 885 211 48 preface.

48 955 51 54 ©
136 959 109 41 Feb.
282 958 70 48 24,
389 957 140 48 1930;
567 957 66 41 2c.
672 958 94 39 and
804 956 81 42 aff.
924 956 110 41 Feb.
1068 956 83 47 25;
1190 956 41 40 A
1266 954 171 50 91911;
1479 956 280 41 Macmillan
1798 966 66 33 co.

126 1016 249 48 (36-5479)

50 1120 312 54 American
389 1119 327 64 petroleum
744 1117 296 57 institute.

116 1198 305 57 American
451 1197 315 66 petroleum
795 1196 295 66 industry;
1125 1214 30 34 a
1185 1214 204 48 survey
1420 1195 64 53 of
1512 1195 98 54 the
1638 1201 227 61 present
50 1195 1970 133 position
214 1275 62 53 of
320 1276 95 52 the
460 1275 314 66 petroleum
819 1274 267 65 industry
1133 1274 111 52 and
1290 1272 73 53 its
1409 1273 232 52 outlook
1683 1274 221 52 toward
1950 1275 95 52 the

49 1354 208 52 future.
321 1354 137 51 New
488 1352 179 66 York,
694 1353 68 52 N.
791 1353 89 64 Y.,
907 1351 306 53 American
1241 1351 316 66 petroleum
1586 1351 276 67 institute,
1894 1356 149 49 1935.

113 1425 95 48 xiv,
238 1424 85 41 229
352 1437 42 36 p.
454 1425 178 47 diagrs.
690 1424 54 40 23
749 1426 14 21 cm
797 1456 8 8 .

114 1482 346 48 Bibliography
489 1484 51 38 at
571 1481 91 40 end
695 1481 54 39 of
777 1482 203 47 chapter
1006 1480 128 41 four.

45 1548 52 53 ©
129 1553 109 39 Jan.
272 1552 69 46 21,
376 1551 139 46 1930;
549 1550 66 41 2c.
650 1551 98 39 and
781 1550 81 40 aff.
898 1550 111 40 Feb.
1041 1551 53 45 4;
1131 1550 39 39 A
1204 1549 170 47 90614;
1412 1551 157 38 Amer.
1607 1551 265 47 petroleum
114 1550 1914 100 institute.
295 1609 250 49 (36-5444)

48 1715 256 62 Andrus,
336 1715 258 52 Frances
620 1713 249 57 Naoma.

116 1787 1866 70 The evolution of happiness, by Frances Naoma Andrus …
49 1864 1565 71 Boston, The Christopher publishing house [ c 1936]
116 1938 957 51 ix, 11-184 p. front. (port.) 20½c m .
44 1996 51 53 ©
121 2001 109 39 Feb.
261 2000 68 45 17,
358 1998 141 47 1930;
529 1999 68 40 2c.
627 2000 99 38 and
752 1998 83 40 aff.
864 1998 111 40 Feb.
1004 1997 82 47 21;
1118 1997 41 39 A
1188 1997 170 47 91867;
1391 1996 320 49 Christopher
1737 1998 109 47 pub.
1878 1998 164 41 house.

121 2055 249 50 (36-5497)

46 2156 265 55 Atlantic
345 2162 281 61 reporter;
665 2175 149 35 cases
849 2156 214 67 argued
1099 2156 111 51 and
1246 2156 351 52 determined
1629 2156 61 52 in
1724 2156 96 53 the
1853 2161 189 47 courts

115 2235 62 54 of
223 2234 386 68 Connecticut,
653 2235 316 67 Delaware,
1012 2233 211 68 Maine,
1265 2233 328 69 Maryland,
1638 2235 139 53 New
114 2235 1902 144 Hampshire,
321 2315 138 52 New
499 2315 220 65 Jersey,
759 2311 441 68 Pennsylvania,
1242 2312 201 52 Rhode
1484 2312 219 67 Island,
1744 2314 297 66 Vermont,

115 2391 137 53 with
296 2392 109 65 key
446 2392 238 51 number
728 2389 377 54 annotations.
1188 2391 240 52 Volume
1477 2393 114 49 180.
114 2390 1928 144 September-November,
483 2471 150 50 1935.
712 2468 81 55 St.
828 2469 165 65 Paul,
1024 2470 158 53 West
1216 2467 337 67 publishing
1585 2486 96 46 co.,
1717 2471 149 50 1935.

109 2541 95 42 xiv,
239 2540 114 41 1029
386 2552 42 37 p.
491 2540 55 41 26
548 2544 16 19 cm
598 2573 8 8 .

44 2594 50 53 ©
121 2600 109 39 Dec.
259 2598 69 47 20,
357 2597 139 47 1935;
527 2597 66 41 2c.
623 2598 111 39 Jan.
763 2598 68 45 18,
861 2596 140 47 1930;
1032 2595 83 42 aff.
1145 2597 109 40 Jan.
1284 2596 81 47 20;
1398 2597 41 39 A
1466 2595 171 48 91363;
1670 2597 135 40 West
1833 2598 108 47 pub.
1973 2607 68 32 co.

55 2701 138 64 Bell,
219 2701 265 52 Bernard
512 2700 261 64 Iddings,
804 2706 170 48 1886-

113 2779 56 51 A
212 2778 261 54 Catholic
513 2777 158 53 looks
716 2782 56 47 at
813 2778 89 51 his
945 2777 207 65 world;
1198 2795 71 33 an
1313 2778 288 66 approach
1642 2781 58 49 to
1743 2777 294 55 Christian

45 2853 1967 146 sociology, by Bernard Iddings Bell … New York, Milwaukee, Morehouse publishing co., 1936.
112 3006 87 40 130
226 3018 43 36 p.
330 3005 53 40 19
384 3008 46 22 cm
436 3038 8 9 .
515 3005 297 47 (Half-title:
844 3006 104 39 The
976 3003 236 49 layman’s
1246 3004 208 49 library)

45 3058 49 52 ©
123 3063 107 39 Feb.
257 3063 68 46 17,
355 3062 140 47 1936;
525 3061 67 41 2c.
623 3062 110 40 Feb.
763 3062 82 46 24;
877 3062 82 40 aff.
988 3062 110 40 Feb.
1128 3061 82 47 21;
1243 3062 39 39 A
1311 3061 170 46 91881;
1515 3062 285 40 Morehouse
1830 3063 109 47 pub.
1970 3074 67 29 co.

121 3118 248 48 (36-5240)

47 3218 244 66 Benson,
322 3222 152 52 Eon.
506 3220 323 64 Theodora,
863 3226 172 50 1906-

112 3296 119 52 The
275 3294 380 55 unambitious
700 3293 256 71 journey,
999 3295 75 68 by
1118 3296 95 52 the
1257 3297 152 52 Hon.
1454 3294 296 54 Theodora
1798 3295 239 53 Benson.

46 3372 249 68 London,
322 3372 297 68 Chapman
645 3373 113 52 and
782 3373 138 52 Hall
975 3375 131 49 [1935].

151 3474 8 15 x,
188 3443 98 48 282,
319 3443 55 50 [1]
406 3454 42 37 p.
509 3444 170 47 plates,
712 3446 147 47 ports.
920 3445 55 38 22
978 3447 43 21 cm
1027 3477 8 8 .

114 3500 137 48 Maps
281 3510 59 29 on
369 3500 361 48 lining-papers.

45 3554 50 53 ©
133 3561 65 39 1c.
238 3561 108 40 Jan.
386 3561 69 47 24,
493 3560 139 41 1936:
675 3561 40 38 A
755 3562 60 38 ad
856 3560 85 40 int.
982 3560 170 48 21060;
1194 3562 142 47 pubd.
1376 3562 116 39 Nov.
1535 3562 70 47 25,
1645 3561 139 47 1935;
1829 3563 208 39 Eleanor

110 3616 248 41 Theodora
385 3618 135 47 Roby
546 3618 208 47 Benson,
781 3618 210 40 London.
1056 3617 250 49 (36-5231)

47 3716 175 56 Bible.
295 3721 70 50 N.
403 3722 62 50 T.
539 3720 187 51 Mark.
805 3721 198 52 Greek.
1078 3724 152 50 1936.

113 3793 118 54 The
281 3793 207 68 Gospel
534 3794 64 52 of
645 3793 168 54 Saint
856 3794 187 66 Mark,
1090 3796 294 66 presented
1431 3797 59 51 in
1540 3795 183 54 Greek
49 3796 1988 126 thought-units
233 3872 109 51 and
380 3869 323 56 sense-lines
740 3871 136 53 with
915 3890 30 33 a
985 3878 380 62 commentary
1400 3873 74 68 by
1513 3873 190 53 James
1742 3873 70 51 A.
1850 3873 189 53 Kleist

48 3945 1965 146 … Milwaukee, New York [etc.] The Bruce publishing company [ c 1936 ]
