2519 4377
1025 4061 131 47 1833

81 403 241 62 Lomax,
349 403 152 53 John
527 403 220 62 Avery,
777 403 170 52 1872-
1159 400 84 53 ed.

147 480 192 69 Negro
364 479 127 54 folk
513 496 169 51 songs
707 497 60 35 as
792 493 146 52 sung
960 477 75 68 by
1060 476 155 54 Lead
1240 475 186 68 Belly,
1451 474 174 69 “king
1648 474 63 54 of
1735 474 95 53 the
77 473 1979 153 twelvestring
299 558 194 68 guitar
529 556 228 68 players
793 554 64 54 of
894 554 95 53 the
1023 553 235 68 world”,
1293 552 300 69 long-time
1629 551 223 54 convict
1886 551 60 53 in
1985 553 93 52 the

82 632 425 71 penitentiaries
550 633 63 54 of
658 633 184 53 Texas
886 632 110 53 and
1042 631 338 65 Louisiana;
1427 628 372 69 transcribed,
1841 630 238 64 selected

79 707 2001 72 and edited by John A. Lomax and Alan Lomax … New York,
78 790 120 54 The
226 787 336 55 Macmillan
589 805 299 51 company,
919 790 150 50 1936.

150 862 95 48 xiv,
273 861 85 40 242
388 872 43 39 p.
490 860 150 42 front,
670 860 171 50 (port.)
911 860 55 39 24
970 862 43 22 cm
1017 891 10 10 .

152 919 129 41 “The
322 918 133 40 main
496 919 124 47 body
665 919 51 40 of
756 918 83 41 the
880 919 269 47 song-texts
1191 916 208 41 consists
1443 916 52 41 of
1537 916 377 49 transcriptions
1954 917 127 41 from

82 977 193 41 records
309 987 72 30 we
414 977 141 40 made
590 977 122 39 with
746 986 62 30 an
843 976 373 40 instantaneous
1252 975 268 40 aluminum
1558 974 254 49 recording
1846 974 236 47 machine,

80 1034 80 40 the
197 1036 229 46 property
464 1033 52 41 of
551 1033 81 41 the
669 1033 209 41 Archive
916 1033 50 40 of
1003 1032 258 41 American
1299 1031 245 49 folk-song
1578 1030 53 41 of
1666 1032 83 41 the
1787 1031 207 48 Library
2033 1031 52 41 of

82 1088 250 51 Congress.
405 1090 120 41 This
568 1089 223 42 machine
839 1090 95 40 and
982 1091 135 40 these
1165 1090 194 40 records
1407 1100 126 30 were
1581 1090 117 40 used
1744 1089 211 49 through
2003 1090 82 40 the

79 1149 224 46 courtesy
342 1147 51 42 of
430 1148 81 40 the
550 1147 206 48 Library
794 1147 51 42 of
884 1145 251 51 Congress.
1204 1147 84 39 Dr.
1326 1145 185 50 George
1550 1145 192 50 Herzog
1778 1145 304 43 transcribed

82 1204 80 40 the
187 1204 244 47 melodies,
459 1214 55 30 as
540 1205 168 40 herein
734 1204 209 49 printed,
971 1204 127 41 from
1126 1205 135 40 these
1288 1213 132 31 same
1446 1202 437 48 discs.”—Introd.,
1911 1214 43 38 p.
1982 1203 102 40 xiii.

82 1257 53 53 ©
163 1262 118 39 Nov.
310 1261 68 47 24,
409 1260 140 48 1930;
581 1261 66 39 2c.
678 1262 118 39 Nov.
826 1261 82 48 25;
942 1262 80 38 aff.
1056 1262 116 38 Nov.
1203 1259 82 49 27;
1318 1260 43 41 A
1388 1259 199 46 101011;
1620 1259 282 41 Macmillan
1934 1270 68 29 co.

164 1317 280 49 (36-28573)

81 1421 307 63 Lormeau,
417 1420 220 57 André.

213 1486 1867 80 … Le duel des revenants. Paris, Éditions Baudinière [ c 1936]
154 1570 622 51 2 p. l. [7]-249 p. 19 cm .
153 1630 62 38 At
247 1629 125 39 head
404 1628 52 41 of
486 1628 110 41 title
614 1640 8 29 :
659 1628 166 40 André
855 1629 251 38 Lormeau.

85 1683 2003 59 © Feb. 20, 1936 ; 1c. May 7 ; A- Foreign 31773 ; Éditions Baudinière.
87 1811 298 66 [Lothrop,
427 1814 138 51 Mrs.
609 1810 246 55 Harriet
895 1810 261 55 Mulford
1188 1811 268 66 (Stone)]
1507 1816 325 50 1844-1924.

216 1887 1712 69 … Five little Peppers and how they grew, by Margaret
82 1886 1981 147 Sidney
254 1965 194 68 [pseud.]
517 1965 139 53 with
700 1965 380 55 illustrations
1123 1966 76 68 by
1242 1965 223 70 George
1507 1964 267 70 Giguère.
1854 1967 232 52 Boston,

84 2043 112 53 and
231 2043 138 53 New
406 2043 180 67 York,
622 2043 319 69 Houghton
977 2042 204 55 Mifflin
1217 2061 298 52 company,
1555 2046 148 50 1936.

151 2114 89 41 384
267 2127 45 38 p.
371 2116 87 41 col.
488 2116 164 48 front.,
685 2117 159 49 plates
871 2117 136 48 (part
1038 2117 112 48 col.)
1218 2116 55 40 22
1278 2119 43 22 cm
1325 2149 9 9 .
1404 2117 280 47 (Riverside
1715 2117 280 49 bookshelf)

85 2168 54 54 ©
172 2174 113 40 Dec.
320 2173 40 46 4,
395 2172 115 41 1936
527 2184 9 37 ;
572 2172 67 41 2c.
677 2174 97 40 and
810 2174 83 41 aff.
929 2176 112 38 Dec.
1078 2173 54 40 12
1151 2185 9 36 ;
1200 2175 39 38 A
1275 2173 174 41 100917
1466 2185 9 36 ;
1516 2174 263 45 Houghton
1818 2173 170 41 Mifflin
2021 2184 66 30 co.

156 2230 281 50 [Copyright
458 2230 42 41 is
521 2230 207 42 claimed
750 2241 61 31 on
832 2231 344 48 illustrations]
1241 2229 281 50 (36-35615)

85 2331 315 67 Loveman,
427 2334 175 64 Amy.

175 2407 1915 73 “I’m looking for a book..” [by] Amy Loveman … New
89 2487 179 68 York,
295 2488 191 67 Dodd,
515 2489 172 53 Mead
715 2492 48 50 &
791 2508 298 50 company,
1123 2493 149 50 1936.

158 2561 65 49 ix,
252 2560 87 42 360
365 2572 43 38 p.
465 2560 59 42 20½
554 2565 44 21 cm
603 2595 9 9 .

160 2617 146 41 “This
332 2618 124 41 book
482 2619 147 40 offers
658 2630 28 30 a
712 2620 96 40 few
835 2621 138 39 short
999 2623 108 37 cuts
1135 2623 48 38 to
1209 2631 227 38 program
1467 2619 199 50 making
1694 2621 95 40 and
1819 2624 48 38 to
1892 2623 196 46 general

86 2673 584 50 reading.”—Foreword.

87 2727 53 53 ©
172 2732 112 40 Dec.
316 2731 40 50 3,
390 2731 114 42 1936
521 2743 9 36 ;
566 2731 67 41 2c.
665 2734 111 39 Dec.
811 2735 24 38 7
854 2745 8 32 ;
900 2734 82 39 aff.
1018 2735 108 37 Dec.
1163 2734 55 39 17
1235 2744 10 36 ;
1281 2735 40 38 A
1355 2733 173 41 101368
1546 2745 8 37 ;
1592 2735 54 39 A.
1681 2735 257 46 Loveman,
1974 2735 118 39 New

160 2788 144 42 York.
365 2787 280 51 (36-28595)

88 2878 294 66 Lowther,
409 2878 222 56 Minnie
658 2880 266 57 Kendall.

157 2955 466 56 Blennerhassett
649 2957 187 56 island
865 2960 60 51 in
951 2975 261 37 romance
1238 2960 111 52 and
1377 2960 241 67 tragedy
1635 2980 11 47 ;
1676 2961 94 52 the
1798 2961 291 53 authentic

86 3037 159 65 story
272 3034 63 52 of
363 3034 466 55 Blennerhassett
852 3036 205 68 island,
1081 3037 140 54 with
1247 3038 96 51 the
1371 3040 154 50 Burr
1552 3038 227 67 episode
1807 3038 281 54 entwined

89 3110 171 55 about
303 3110 73 70 it;
422 3113 95 52 the
563 3130 260 37 romance
866 3115 112 53 and
1023 3120 252 63 mystery
1318 3114 63 54 of
1424 3116 95 53 the
1564 3116 521 67 Blennerhassetts;

89 3190 154 52 Burr
291 3190 179 53 under
518 3189 306 70 footlights
872 3193 112 53 and
1032 3193 288 67 shadows;
1371 3194 242 67 tragedy
1659 3194 64 54 of
1769 3195 320 53 Theodosia

92 3268 1996 71 Burr, by Minnie Kendall Lowther … Kutland, Vt., The
89 3345 1052 71 Tuttle publishing co., inc. [ c 1936]
161 3418 848 50 200 p. incl. front., illus. 19 ½ cm .
93 3472 53 53 ©
179 3477 119 40 Nov.
336 3476 68 48 12,
443 3476 140 48 1936;
621 3476 69 42 2c.
729 3479 110 39 Dec.
878 3477 53 42 2:
972 3478 80 39 aff.
1092 3480 111 38 Dec.
1242 3478 53 42 3:
1334 3480 39 38 A
1412 3478 199 48 100784;
1653 3480 61 39 M.
1754 3479 59 40 K.
1851 3479 242 46 Lowther,

163 3533 348 50 Parkersburg,
542 3534 72 42 W.
644 3535 86 40 Va.
800 3533 280 51 (36-35582)

92 3624 331 66 McGuffey,
449 3625 256 55 William
731 3626 260 63 Holmes,
1021 3631 323 51 1800-1873.

161 3699 114 56 Old
307 3701 276 55 favorites
613 3703 153 54 from
797 3705 95 53 the
920 3704 310 66 McGuffey
1259 3704 243 68 readers,
1534 3705 188 54 edited
1750 3706 75 67 by
1853 3707 237 65 Harvey

93 3777 1998 73 C. Minnich … associate editors: Henry Ford, James M. Cox,
93 3854 1995 74 Hamlin Garland … [and others] 1836-1936. New York,
96 3933 1563 74 Cincinnati [etc.] American book company [ c 1936]
