2519 4377
1352 4101 99 50 1088

382 426 341 67 Schneider,
751 428 260 53 Herbert
1041 427 272 66 Wallace,
1344 434 171 50 1892-

453 520 122 52 The
607 518 200 55 fascist
836 527 373 59 government
1239 519 64 54 of
1331 520 159 68 Italy
1542 522 92 67 [by]
1669 522 254 54 Herbert
1947 524 91 55 W.
2072 523 327 56 Schneider.

383 597 140 54 New
558 596 183 70 York,
774 597 71 53 D.
881 598 131 53 Van
1045 597 295 54 Nostrand
1374 616 300 51 company,
1707 600 128 67 inc.,
1872 602 151 52 1936.

451 684 86 49 xii,
567 683 85 42 173
682 695 44 38 p.
782 682 58 41 22
843 686 44 22 cm
891 715 10 9 .

453 755 141 52 Maps
627 768 62 30 on
722 757 367 50 lining-papers.

455 813 447 51 “Bibliographical
934 813 332 43 references”:
1296 826 44 38 p.
1372 813 217 43 155-163.

382 882 54 53 ©
464 887 128 40 June
621 887 72 47 17,
722 885 141 48 1936;
895 886 66 40 2c.
994 887 127 40 June
1150 886 83 47 22;
1263 887 83 40 aff.
1380 887 119 48 Aug.
1532 886 81 48 12;
1647 888 40 39 A
1718 887 171 49 96883;
1924 890 57 39 D.
2016 891 106 38 Van
2152 890 249 41 Nostrand

450 954 82 37 co.,
564 943 90 43 inc.
725 943 283 49 (36-18007)

381 1051 229 66 Schott,
639 1052 189 64 Egon.

513 1139 1886 70 … Windstarke 10; erlebnisse eines weltenbummlers unter
379 1217 1613 71 hochseefischern. Hamburg, Broschek & co. [ c 1935]
453 1306 85 42 183
565 1318 44 38 p.
672 1307 128 40 illus.
831 1306 134 50 (incl.
997 1307 136 50 map)
1170 1307 175 49 plates.
1404 1306 106 51 19½
1511 1308 29 23 cm
1543 1338 10 10 .

383 1378 2018 53 © Sept. 24, 1935; 1c. Apr. 30, 1936; A-Foreign 31587; Verlagsbuch-
446 1438 255 47 handlung
725 1437 250 41 Broscliek
999 1438 38 40 &
1059 1446 68 31 co.
1192 1436 282 49 (36-17807)

381 1544 326 64 Schwartz,
732 1545 139 52 Mrs.
898 1542 224 54 Esther
1146 1543 66 55 L.

457 1634 77 57 So
560 1653 114 50 you
705 1639 156 49 want
891 1640 60 48 to
981 1632 195 54 write!
1245 1634 152 53 How
1426 1639 58 48 to
1511 1632 165 55 make
1705 1651 204 52 money
1939 1635 74 69 by
2043 1636 255 69 writing,
2330 1638 70 67 by

388 1711 1902 72 Esther L. Schwartz. New York city, Phoenix press [ c 1936]
455 1800 507 52 2 p. l. , 52 p. 22 cm .
381 1873 53 53 ©
468 1876 119 47 Aug.
620 1876 42 47 4,
698 1873 114 42 1936
830 1884 9 37 ;
875 1874 68 39 2c.
979 1872 97 40 and
1109 1869 83 44 aff.
1227 1873 120 48 Aug.
1383 1874 52 44 7;
1474 1873 40 40 A
1544 1872 173 49 96806;
1758 1875 53 40 E.
1848 1875 50 41 L.
1938 1875 265 50 Schwartz,
450 1878 1932 105 Crompond,
621 1933 56 40 N.
705 1932 55 41 Y.
826 1929 284 51 (36-17997)

380 2038 401 65 Shepardson,
808 2037 130 53 Ken
966 2038 201 52 Foote.

453 2130 360 67 Furnishing
839 2130 96 53 the
961 2129 166 54 home
1155 2128 272 68 grounds,
1454 2129 75 67 by
1556 2130 128 52 Ken
1715 2131 64 52 F.
1810 2128 386 70 Shepardson.
2261 2133 137 53 New

384 2210 179 69 York,
592 2208 346 55 Milwaukee
991 2213 121 63 [etc.]
1148 2208 122 54 The
1300 2210 185 51 Bruce
1515 2206 339 71 publishing
1882 2226 282 53 company
2201 2245 12 34 [
2220 2216 16 22 c
2243 2214 134 51 1936]

451 2299 58 40 45
536 2310 41 38 p.
604 2299 109 39 incl.
741 2299 165 49 front.,
935 2298 142 47 illus.,
1106 2294 178 51 diagrs.
1346 2297 56 40 23½
1435 2299 44 21 cm
1484 2328 7 8 .

382 2367 53 54 ©
465 2372 127 40 June
621 2370 72 48 29,
723 2370 118 41 1936
856 2381 8 36 ;
899 2370 67 40 2c.
996 2369 96 39 and
1122 2369 83 41 aff.
1238 2369 116 47 July
1385 2370 81 44 13;
1500 2369 40 40 A
1570 2369 173 48 97012;
1776 2370 159 40 Bruce
1964 2370 110 48 pub.
2107 2380 67 33 co.

463 2427 283 49 (36-18084)

380 2535 122 53 The
556 2533 219 54 Source
826 2531 177 67 book;
1060 2550 73 35 an
1185 2530 411 55 international
1650 2531 400 69 encyclopedic
2104 2531 294 69 authority

456 2612 229 53 written
730 2610 154 52 from
924 2609 96 55 the
1062 2628 124 35 new
1231 2609 183 54 world
1455 2607 332 69 viewpoint,
1826 2611 284 67 prepared
2150 2610 75 68 by
2268 2628 129 37 over

454 2696 113 48 two
601 2688 266 54 hundred
903 2686 340 58 authorities
1275 2686 59 55 in
1369 2688 96 53 the
1500 2687 161 54 fields
1696 2686 65 54 of
1793 2687 318 57 literature,
2147 2694 107 57 art,
2287 2691 109 53 and

451 2767 1815 68 science … Chicago, Source research council, inc., 1936.
457 2856 59 42 10
538 2867 42 31 v.
642 2855 145 50 illus.,
813 2855 160 50 plates
1007 2855 138 50 (part
1168 2855 102 48 col.,
1300 2856 113 49 part
1434 2853 201 51 double)
1667 2855 165 50 ports.,
1857 2864 139 40 maps
2031 2854 135 50 (part
2191 2855 197 50 double)

387 2916 169 43 tables,
589 2913 181 50 diagrs.
830 2913 58 41 24½c
937 2915 28 22 m
970 2946 10 11 .

458 2986 162 49 Paged
648 2984 359 50 continuously.

380 3053 54 54 ©
467 3058 117 47 July
616 3057 70 44 20,
720 3056 141 47 1936;
896 3056 68 41 2c.
996 3056 120 40 each
1151 3056 96 39 and
1281 3055 81 41 aff.
1398 3056 120 48 Aug.
1550 3056 82 48 11;
1670 3056 45 41 A
1745 3056 171 48 97341;
1957 3058 180 40 Source
2173 3058 226 40 research

449 3114 202 47 council,
681 3114 91 41 inc.
835 3113 284 50 [Copyright
1147 3112 43 40 is
1220 3111 208 41 claimed
1456 3123 60 30 on
1545 3123 108 30 new
1682 3114 195 49 matter]

463 3171 283 49 (36-17992)

382 3275 299 54 Standard
718 3274 426 67 Pennsylvania
1180 3273 275 68 practice;
1493 3294 32 34 a
1558 3274 277 67 complete
1869 3277 303 51 statement
2206 3275 62 52 of
2303 3275 95 52 the

454 3354 248 66 practice
740 3355 60 52 in
836 3352 132 53 civil
1007 3371 151 34 cases
1193 3352 58 52 in
1288 3352 97 52 the
1421 3352 210 55 Courts
1665 3352 63 54 of
1765 3370 257 36 common
2057 3352 175 68 pleas.
452 3352 1918 147 Municipal
711 3439 158 46 court
914 3431 63 53 of
1019 3430 428 68 Philadelphia,
1491 3430 227 69 County
1762 3437 164 48 court
1966 3431 65 52 of
2071 3431 324 68 Allegheny

453 3515 228 63 county,
729 3511 111 52 and
888 3510 59 53 in
993 3510 94 52 the
1137 3508 276 69 Superior
1460 3510 111 53 and
1621 3508 278 70 Supreme
1944 3513 205 50 courts.
2232 3509 161 55 With

453 3589 197 54 forms.
726 3592 89 64 By
850 3590 95 52 the
983 3588 322 69 publishers
1340 3588 267 53 editorial
1644 3588 161 66 staff;
1844 3589 152 53 Hon.
2036 3589 211 52 Robert
2286 3607 110 34 von

451 3666 405 57 Moschzisker,
891 3667 326 66 consulting
1250 3667 201 53 editor,
1524 3685 51 35 v.
1610 3670 45 50 9.
1704 3666 293 68 [Appeals-]
2073 3667 322 61 Rochester,

453 3747 138 52 New
629 3745 182 58 York,
847 3746 121 52 The
1002 3746 268 66 Lawyers
1306 3744 383 68 co-operative
1724 3743 336 69 publishing
2097 3763 298 50 company,

454 3827 152 50 1936.

447 3910 81 48 vii,
566 3909 84 42 797
686 3920 44 38 p.
796 3909 149 40 front,
976 3908 172 50 (port.)
1222 3908 56 42 23½c
1328 3912 28 20 m
1361 3940 9 9 .

387 3976 53 53 ©
481 3981 121 45 Aug.
643 3980 69 49 10,
756 3979 141 47 1936;
940 3980 68 41 2c.
1050 3980 120 47 Aug.
1212 3980 82 47 13;
1340 3979 81 41 aff.
1464 3979 121 48 Aug.
1627 3979 82 48 12;
1756 3979 38 39 A
1836 3978 172 46 96901;
2053 3978 230 47 Lawyers
452 3988 1923 97 cooperative
731 4037 109 48 pub.
870 4046 53 29 co.
