2519 4377
1252 4117 135 53 1474

317 526 141 52 with
485 544 69 33 an
580 525 174 54 index
779 530 58 49 to
862 526 94 53 the
982 526 170 52 series
1177 531 57 48 to
1260 526 146 53 date.
1485 526 271 68 Chicago,
1779 528 311 53 American
2111 528 220 66 library

317 602 357 67 association,
706 607 150 49 1936.

381 679 25 39 3
434 687 42 38 p.
543 710 8 16 l.,
581 676 148 41 5-140
790 709 8 8 p.
858 676 58 42 23
916 679 44 22 cm
967 707 7 7 .

317 742 2016 54 © Oct. 80, 1936; 2c. Nov. 5; aff. Nov. 4; A 99805; Amer. library assn.
315 867 179 64 Asch,
524 867 261 65 Shalom,
816 872 172 51 1880-

449 943 1882 71 … Der krieg geht weiter; roman. Deutsch von Siegfried
318 1023 272 56 Schmitz.
666 1024 387 68 Amsterdam,
1083 1026 71 52 A.
1186 1026 88 52 De
1302 1026 215 66 Lange,
1549 1029 150 51 1936.

388 1097 100 48 653,
519 1097 55 51 [1]
604 1108 45 38 p.
710 1097 58 41 20
769 1100 45 22 cm
819 1130 9 9 .

389 1156 64 40 At
481 1156 125 41 head
636 1155 53 41 of
717 1156 109 41 title
844 1166 9 31 :
884 1156 226 42 Schalom
1138 1156 142 41 Asch.

390 1213 201 42 Printed
625 1213 51 40 in
709 1213 425 43 Czechoslovakia.

313 1281 2023 53 © Feb. 3. 1936; 1c. Apr. 28; A-Foreign 32903 ; Verlag Allert de Lange.
395 1342 284 47 (36-23312)

316 1447 270 55 Atlanta.
668 1449 371 63 Ordinances,
1066 1454 100 47 etc.

394 1525 379 66 Supplement
808 1525 64 53 of
906 1529 134 49 1936
1074 1532 58 47 to
1168 1526 121 53 The
1321 1526 134 53 code
1490 1526 62 51 of
1590 1528 134 51 1924
1757 1525 63 53 of
1854 1526 96 51 the
1983 1524 115 68 city
2133 1526 63 52 of
318 1524 1992 133 Atlanta.
569 1605 295 66 Prepared
889 1605 182 53 under
1096 1605 93 54 the
1216 1603 356 69 supervision
1600 1604 63 54 of
1686 1605 97 53 the
1807 1606 139 52 Law
1974 1605 360 67 department

319 1683 63 53 of
417 1684 94 52 the
546 1684 117 66 city
697 1684 64 53 of
795 1684 264 65 Atlanta,
1092 1684 146 54 Jack
1274 1684 61 54 C.
1373 1683 241 68 Savage,
1648 1683 117 68 city
1799 1688 291 63 attorney;
318 1684 1993 131 Courtland

493 1762 57 55 S.
585 1761 177 55 Winn
799 1763 113 53 and
945 1763 167 53 Bond
1149 1763 275 66 Almand,
1460 1763 270 53 assistant
1763 1763 116 66 city
1915 1767 309 62 attorneys,
2261 1763 73 67 by

317 1840 263 55 William
627 1843 89 53 W.
766 1843 286 51 Brewton.
1129 1841 263 66 Atlanta,
1437 1841 126 60 Ga.,
1611 1843 122 51 The
1780 1841 135 56 City
1963 1840 64 54 of
2073 1841 263 68 Atlanta,

320 1922 150 51 1936.

381 1991 82 49 vii,
493 1992 86 41 275
609 2003 44 38 p.
712 1991 56 42 23½
801 1995 45 21 cm
852 2024 8 9 .

316 2059 1723 54 © Nov. 2, 1936; 2c. and aff. Nov. 9; A 99748; City of Atlanta.
316 2167 424 67 Barberousse,
769 2167 303 68 François.

449 2244 1861 71 … Les jours aux volets clos; roman. Paris, Gallimard [ 1936]
389 2318 722 51 3 p. l. , 9-251 p., 1 l. 19 cm .
315 2375 2020 53 © July 2. 1936; 1c. Aug. 27; A-Foreign 32860; Librairie Gallimard.
395 2435 283 48 (36-23550)

316 2539 245 65 Barker,
589 2538 293 66 Lewellys
905 2539 305 62 Franklin,
1240 2541 171 54 1867-

381 2614 141 55 Live
546 2616 141 69 long
711 2616 114 53 and
850 2615 67 54 be
944 2616 227 69 happy;
1202 2615 129 53 how
1357 2621 58 48 to
1445 2615 247 70 prolong
1716 2632 145 52 your
1935 2614 59 54 life
2021 2615 113 53 and
2163 2612 169 72 enjoy

312 2691 1764 72 it, by Lewellys F. Barker … New York, London, D.
309 2692 1999 149 Appleton-Century
725 2790 302 51 company,
1056 2772 421 70 incorporated,
1513 2775 151 51 1936.

382 2845 86 40 viii
492 2856 59 40 p.,
579 2846 25 39 1
667 2877 8 16 l.,
701 2845 87 41 224
813 2856 44 38 p.
918 2846 56 41 19½
1007 2848 45 22 cm
1055 2879 10 8 .

314 2901 53 53 ©
398 2906 103 40 Oct.
532 2906 40 40 9.
604 2906 115 40 1936
737 2917 8 31 ;
780 2906 67 39 2c.
880 2906 95 39 and
1008 2906 82 40 aff.
1123 2906 101 41 Oct.
1259 2906 54 40 14
1332 2917 8 28 :
1376 2907 39 38 A
1445 2905 145 41 99337
1609 2917 8 35 ;
1649 2907 57 38 D.
1741 2905 477 48 Appleton-Century
2252 2917 83 30 co.,

385 2962 91 40 inc.
544 2962 284 48 (36-24412)

317 3066 278 64 Bennett,
626 3067 232 65 George
887 3068 274 65 Edward,
1194 3074 172 49 1889-

390 3145 413 67 Bookkeeping
834 3146 314 67 principles
1181 3145 111 53 and
1325 3144 268 69 practice,
1622 3146 75 66 by
1730 3145 221 66 George
1987 3146 65 52 E.
2087 3147 247 50 Bennett

380 3223 1951 68 … New York, London [ etc.] Longmans, Green and co., 1936.
385 3296 65 46 ix,
472 3296 88 40 223
579 3307 43 37 p.
648 3296 111 41 incl.
786 3296 194 49 diagrs.,
1006 3296 166 42 forms.
1227 3297 56 38 22
1285 3300 45 20 cm
1337 3330 7 7 .
1403 3296 272 50 [American
1701 3297 223 39 business
1951 3295 381 42 fundamentals,

310 3352 398 48 editor-in-chief,
738 3354 44 40 J.
812 3355 62 41 H.
906 3355 179 48 Moore]

384 3410 71 40 On
487 3420 141 29 cover
647 3422 9 28 :
688 3411 41 38 A
758 3411 238 46 complete
1023 3420 184 31 course.

382 3466 161 40 “First
575 3466 227 40 edition.”

315 3519 1938 54 © Sept. 16, 1936; 2c. and aff. Oct. 10; A 98871 ; Longmans. Green & co.
396 3580 283 50 (36-24616)

317 3684 249 66 Bruner,
595 3686 136 54 Carl
760 3686 247 64 George,
1036 3691 171 50 1899-

388 3764 54 52 A
486 3764 232 52 manual
759 3764 66 52 of
870 3764 293 66 approved
1209 3761 276 70 practices
1530 3764 59 51 in
1633 3760 282 68 printing,
1956 3761 76 65 by
2078 3759 135 55 Carl
2256 3759 71 54 G.

320 3843 240 56 Bruner,
589 3843 207 53 Ernest
830 3841 56 56 S.
918 3843 335 53 Newcombe
1289 3842 148 66 [and]
1473 3841 188 54 Glenn
1690 3841 71 54 U.
1792 3837 285 66 Richard;
2110 3837 219 53 revised

316 3921 55 50 in
428 3923 131 49 1935
606 3921 74 67 by
727 3921 96 52 the
869 3921 252 53 teachers
1167 3920 62 52 of
1277 3920 262 66 printing
1589 3918 57 51 in
1690 3919 97 54 the
1832 3916 254 56 Wichita
2136 3915 193 67 public

315 3995 1900 68 schools … Wichita, Kan.. Wichita public schools, 1935.
