2519 4377
1060 4093 99 50 965

112 523 236 40 Marshall
375 522 215 47 Swayne,
615 521 202 41 Chester
841 520 216 47 county’s
1080 521 214 46 sculptor
1315 520 53 39 of
1391 518 213 50 Lincoln,
1627 519 60 49 by
1709 518 55 43 A.
1790 519 49 42 C.
1865 521 236 45 Myers.—

113 580 198 40 Wilmer
339 577 341 48 Worthington
711 578 254 44 Thomson,
995 577 158 39 editor
1179 577 97 39 and
1306 576 204 49 painter,
1540 577 60 46 by
1631 576 167 47 Henry
1829 577 270 46 Pleasants,

111 635 224 48 jr.—Our
373 644 105 29 own
518 633 183 47 George
740 633 138 49 Cope,
918 634 59 47 by
1017 633 167 47 Henry
1223 633 268 47 Pleasants,
1531 632 164 47 jr.—A
1735 632 194 47 Quaker
114 634 1969 105 illustrator,
313 691 212 40 William
553 691 52 39 T.
638 690 234 47 Smedley,
901 691 59 46 by
990 689 248 42 Christian
1270 688 517 48 Brinton.—Findings
1816 690 95 39 and
1942 689 160 48 glean

113 749 104 47 ings
246 748 286 46 concerning
561 748 81 38 the
670 746 92 41 Art
788 746 176 48 centre,
995 747 58 46 by
1082 745 59 42 H.
1172 746 51 41 T.
1253 746 151 40 Price.

113 818 52 52 ©
190 823 78 38 May
325 822 68 46 23,
419 821 112 40 1936
550 831 8 35 ;
587 820 67 41 2c.
680 820 94 39 and
802 819 80 41 aff.
910 820 125 39 June
1059 819 24 39 3
1103 829 8 36 ;
1141 820 37 37 A
1205 817 168 48 94728;
1403 819 50 40 C.
1481 817 218 48 Brinton,
1726 819 134 40 West
1886 817 216 47 Chester,

181 879 81 39 Pa.
329 877 278 49 (36-16584)

111 982 273 63 Chicago.
446 979 366 64 University.
876 980 260 53 Oriental
1160 979 276 53 institute.

112 1068 1992 225 … Studies in ancient oriental civilization, no. 12. Historical records of Ramses in ; the texts in Medinet Habu, volumes I and n, translated with explanatory notes by William
113 1306 63 52 F.
219 1305 293 66 Edgerton
556 1304 112 51 and
709 1303 157 54 John
906 1303 71 52 A.
1018 1302 237 56 Wilson.
1333 1302 269 69 Chicago,
1643 1303 114 68 Ill.,
1798 1304 121 51 The
111 1304 1967 144 University
349 1381 62 52 of
436 1381 251 67 Chicago
713 1398 157 50 press
973 1382 99 52 [c1936]

182 1452 766 51 XV, 157 p., 1 l. diagr. 30cm.
113 1521 52 53 ©
196 1526 119 38 Mar.
345 1524 67 47 24,
443 1523 138 47 1936;
613 1524 67 38 2c.
709 1524 112 46 Apr.
851 1522 82 47 23;
962 1522 81 39 aff.
1074 1522 113 47 Apr.
1217 1522 82 47 24;
1331 1523 40 38 A
1402 1522 169 48 94145;
1606 1522 281 48 University
1918 1523 51 39 of
182 1523 1907 107 Chicago,
340 1579 223 49 Chicago.

113 1685 308 55 Cleveland
448 1700 271 37 museum
746 1684 64 53 of
835 1686 116 53 art.

185 1774 312 69 Catalogue
540 1774 63 52 of
647 1775 96 52 the
786 1772 294 53 twentieth
1124 1772 370 68 anniversary
1539 1770 318 55 exhibition
1900 1773 63 52 of
2008 1774 95 53 the

114 1851 308 55 Cleveland
454 1869 253 35 museum
739 1850 63 53 of
835 1856 105 58 art,
973 1850 97 54 the
1101 1847 198 55 official
1332 1856 89 48 art
1451 1850 219 53 exhibit
1702 1850 62 52 of
1796 1851 94 52 the
1927 1849 178 58 Great

117 1930 152 53 lakes
326 1928 336 69 exposition.
758 1930 83 51 1st
900 1927 83 53 ed.
1080 1927 150 53 June
1289 1926 397 69 twenty-sixth
1744 1933 57 47 to
1862 1926 244 55 October

118 2007 215 66 fourth,
377 2008 148 50 1936.
626 2003 327 69 [Cleveland,
995 2004 240 53 Printed
1278 2005 74 67 by
1395 2005 95 52 the
1531 2004 270 53 Artcraft
1842 2004 265 70 printing

116 2103 294 48 company,
493 2086 118 64 c1936]

183 2152 918 50 149 p., 1 l. front., plates. 23½ cm .
114 2223 52 54 ©
191 2228 127 40 June
341 2227 69 49 24,
438 2225 138 48 1936;
605 2226 67 39 2c.
700 2225 115 48 July
842 2226 51 47 8;
921 2224 81 42 aff.
1031 2225 114 47 July
1171 2226 52 46 3;
1253 2226 39 39 A
1319 2224 170 49 96344;
1520 2226 261 41 Cleveland
1812 2235 216 31 museum
2057 2225 52 43 of

185 2286 91 46 art,
305 2283 273 41 Cleveland.
646 2283 280 49 (36-16587)

114 2386 310 64 Converse,
453 2386 145 53 Paul
625 2385 287 65 Dulaney,
945 2391 169 49 1889-

187 2473 1919 69 Essentials of distribution, by Paul D. Converse … New
119 2551 176 67 York,
326 2550 447 69 Prentice-Hall,
803 2551 125 68 inc.,
958 2554 148 51 1936.

186 2623 114 45 xvii,
333 2622 84 41 588
445 2633 43 38 p.
549 2623 141 47 illus.,
722 2622 168 49 tables,
922 2624 178 46 diagrs.
1160 2623 54 38 21
1219 2625 43 21 cm
1268 2656 7 9 ,

115 2691 52 53 ©
196 2696 125 39 June
349 2696 39 48 5,
412 2694 142 49 1936;
587 2695 66 41 2c.
685 2696 125 39 June
840 2695 80 47 18;
954 2695 82 41 aff.
1067 2695 125 40 June
1221 2695 82 44 20;
1336 2696 39 39 A
1405 2694 170 48 95778;
1609 2694 375 50 Prentice-Hall,
2017 2696 89 39 inc.

195 2752 278 48 (36-16489)

115 2856 530 65 Coomaraswamy,
673 2856 250 54 Ananda
949 2855 275 66 Kentish,
1255 2857 169 55 1877-

187 2944 216 53 Patron
447 2945 109 52 and
602 2945 182 68 artist,
826 2944 479 69 pre-renaissance
1348 2945 113 53 and
1505 2944 250 67 modern,
1798 2945 75 69 by
1917 2946 69 52 A.
2030 2946 73 52 K.

120 3023 489 67 Coomaraswamy
636 3022 112 52 and
774 3023 68 53 A.
871 3022 251 55 Graham
1150 3022 197 68 Carey.
1424 3021 237 68 Norton,
1687 3022 190 67 Mass.,
122 3023 1958 128 Wheaton
249 3099 209 67 college
488 3117 175 49 press,
694 3101 147 51 1936.

186 3169 27 39 2
240 3180 42 37 p.
347 3199 8 17 l.,
383 3169 113 41 7-69
525 3180 41 37 p.
627 3171 23 38 1
682 3170 126 39 illus.
868 3169 56 41 20½
956 3172 45 22 cm
1005 3202 9 9 .

190 3226 228 40 Lectures
457 3226 243 40 delivered
740 3226 48 39 in
829 3226 249 48 February
1116 3226 116 40 1936
1270 3227 152 40 under
1463 3229 80 38 the
1583 3229 314 47 sponsorship
1934 3228 52 40 of
2024 3229 81 40 the

119 3282 317 47 Department
470 3282 51 39 of
554 3284 77 37 art
666 3284 94 38 and
797 3283 80 40 the
911 3283 89 39 Art
1034 3284 108 39 club
1177 3283 51 40 of
1262 3284 238 40 Wheaton
1537 3285 190 47 college.

456 3339 171 39 CONTENTS.—The
659 3339 187 39 normal
877 3339 122 40 view
1028 3339 51 39 of
1111 3341 91 47 art,
1234 3340 59 46 by
1322 3340 55 40 A.
1410 3341 57 39 K.
119 3339 1969 102 Coomaraswamy.—Liberty
258 3395 93 39 and
386 3394 253 48 discipline
673 3395 49 39 in
757 3395 82 40 the
870 3394 115 40 four
1017 3395 192 40 artistic
1244 3397 268 40 essentials,
1548 3398 59 46 by
1644 3397 54 41 A.
1735 3397 52 41 G.
1824 3398 169 46 Carey.

119 3449 52 52 ©
196 3454 114 46 July
337 3453 37 48 6,
403 3453 114 40 1936
533 3464 8 35 ;
570 3454 66 40 2c.
664 3454 115 46 July
804 3452 54 48 9;
888 3453 81 40 aff.
998 3453 114 46 July
1140 3456 24 38 7
1184 3464 8 34 ;
1223 3455 39 38 A
1285 3453 144 41 95986
1448 3465 8 35 ;
1487 3455 237 39 Wheaton
1753 3455 179 46 college
1956 3455 157 48 press.

198 3510 278 50 (36-16588)

117 3612 1699 68 The cyclopedia of medicine … George Morris Piersol …
190 3613 1919 143 editor-in-chief [and] Edward L. Bortz … assistant editor … 190
189 3766 391 53 illustrations,
666 3768 220 52 volume
933 3772 80 49 13.
1063 3767 268 54 Revision
1376 3766 223 55 service.
1684 3768 425 68 Philadelphia,

189 3843 63 53 F.
275 3846 69 49 A.
371 3843 177 53 Davis
574 3863 295 50 company,
895 3849 149 50 1936.

189 3915 97 47 xxi,
316 3916 111 40 1063
455 3926 42 37 p.
557 3916 142 48 illus.,
726 3916 179 49 diagrs.
963 3917 57 40 26
1020 3920 16 20 cm
1071 3949 8 9 .

122 3966 53 53 ©
208 3972 114 46 July
357 3972 68 46 24,
461 3971 139 47 1936;
636 3972 67 42 2c.
738 3973 114 47 July
886 3973 82 46 30;
1006 3973 81 41 aff.
1124 3973 114 47 July
1272 3972 83 49 29;
1393 3974 43 39 A
1467 3972 171 48 96681;
1677 3974 51 41 F.
1764 3974 53 38 A.
1854 3972 154 42 Davis
2041 3983 67 31 co.
