2519 4377
1313 4104 133 49 1824

381 389 217 65 Soifer,
626 391 311 64 Margaret
964 390 73 58 K.

453 482 164 55 With
646 486 270 63 puppets,
943 482 203 53 mimes
1172 483 114 52 and
1316 483 261 54 shadows
1612 484 110 67 [by]
1758 485 300 67 Margaret
2085 485 74 54 K.
2193 485 210 56 Soifer.

382 562 139 52 New
547 559 183 68 York,
753 560 123 53 The
902 560 244 55 Furrow
1169 579 160 49 press
1360 595 13 34 [
1377 567 20 22 c
1402 564 153 66 1936]

448 631 27 40 2
501 642 43 38 p.
607 662 9 19 l.,
644 631 89 41 132
756 642 45 38 p.
856 631 59 42 19½c
963 634 27 21 m
995 664 8 9 .

450 687 229 43 Includes
707 699 143 38 songs
878 690 122 40 with
1027 689 168 42 music.

452 745 415 42 “Recommended
895 745 208 42 books”:
1139 757 44 38 p.
1210 746 219 46 117-130.

384 815 1820 55 © Nov. 5, 1936; 2c. and aff. Nov. 30; A 101047; Furrow press.
465 874 285 50 (36-35197)

381 983 197 64 Stern,
605 982 276 56 Michael.

452 1075 123 54 The
612 1072 175 56 white
822 1074 205 67 ticket;
1069 1073 489 56 commercialized
1596 1075 121 55 vice
1754 1076 61 54 in
1851 1077 96 53 the
1984 1076 261 56 machine
2284 1097 120 50 age,

381 1154 154 52 from
570 1154 97 53 the
703 1153 202 54 official
941 1154 228 53 records
1204 1159 59 47 at
1298 1154 97 54 the
1433 1155 139 54 New
1610 1155 165 54 York
1809 1154 251 57 District
2095 1156 309 69 attorney’s

380 1233 168 67 office,
592 1233 77 67 by
714 1231 250 55 Michael
1015 1231 187 56 Stern.
1279 1233 141 54 New
1466 1233 166 54 York
1678 1233 135 68 city,
1859 1235 278 53 National
2184 1235 220 69 library

381 1314 385 65 press [ c 1936]
448 1382 27 40 3
509 1393 43 38 p.
623 1414 8 17 l.,
666 1381 148 41 9-255
846 1393 44 37 p.
951 1382 26 39 21½c
1057 1383 29 22 m
1090 1414 8 9 .

382 1452 52 53 ©
473 1458 115 46 May
627 1455 71 48 21,
738 1454 142 49 1936;
920 1454 69 42 2c.
1029 1456 119 40 Nov.
1188 1454 83 48 16;
1316 1454 80 40 aff.
1436 1456 120 41 Nov.
1595 1455 84 49 17;
1719 1456 42 40 A
1800 1454 203 50 100497;
2046 1457 114 40 Natl.
2218 1457 187 49 library

450 1523 151 39 press.
669 1511 285 51 (36-35230)

377 1622 267 63 Strauss,
672 1620 138 55 Lea.

448 1712 377 67 Philosophie
855 1712 118 53 und
1002 1717 186 63 gesetz
1206 1731 12 49 ;
1249 1713 258 67 beitrage
1536 1731 130 34 zum
1693 1713 365 53 Verständnis
2086 1712 318 56 Maimunis

377 1793 118 52 und
525 1791 185 54 seiner
740 1790 316 68 Vorläufer,
1089 1810 111 34 von
1232 1792 115 53 Leo
1382 1790 248 56 Strauss.
1701 1792 219 67 Berlin,
1954 1791 294 55 Schocken
376 1810 2001 128 Verlag
506 1874 175 65 [1935]

449 1943 86 41 122
561 1955 45 39 p.
665 1944 106 50 22p
771 1947 30 22 m
805 1978 8 8 .

378 2011 2023 54 © Nov. 15, 1935 ; 1c. Apr. 30, 1936 : A -Foreign 31590 ; Schocken verlag.
374 2135 186 66 Thiel,
588 2135 240 58 Rudolf.

446 2215 222 54 Luther
710 2232 112 36 von
868 2217 133 52 1483
1046 2213 87 55 bis
1179 2217 152 54 1522,
1375 2232 111 34 von
1531 2213 225 55 Rudolf
1801 2212 185 56 Thiel.
2067 2214 220 68 Berlin,
2332 2216 66 53 P.

375 2295 134 54 Neff
542 2298 174 65 [1933]

447 2368 100 49 371,
581 2368 56 50 [1]
670 2379 43 38 p.
772 2369 151 47 ports.
982 2366 58 40 22
1042 2370 45 21 cm
1092 2400 9 8 .

377 2436 2022 53 © Nov. 30, 1933 ; 1c. Apr. 30, 1936 ; A -Foreign 31585 ; Paul Neff verlag,
446 2508 42 36 g.
517 2507 61 32 m.
605 2497 42 39 b.
676 2496 45 41 h.

373 2603 325 65 Thrasher,
728 2601 280 56 Frederic
1032 2601 232 65 Milton,
1296 2607 173 51 1892-

445 2681 122 55 The
602 2699 184 50 gang;
827 2700 31 34 a
891 2681 177 67 study
1102 2681 64 53 of
1202 2684 153 63 1,313
1390 2698 183 50 gangs
1608 2680 61 53 in
1705 2679 274 68 Chicago,
2013 2680 76 67 by
2125 2679 272 54 Frederic

378 2756 2019 70 M. Thrasher … 2d rev. ed. Chicago, Ill., The University
373 2838 753 68 of Chicago press [ c 1936]
444 2909 100 49 xxi,
573 2909 86 41 605
685 2920 42 38 p.
789 2909 130 42 illus.
947 2908 136 49 (incl.
1110 2909 246 49 facsims.)
1392 2909 181 49 diagrs.
1634 2908 57 42 20
1693 2910 45 23 cm
1743 2941 10 10 .
1820 2908 303 51 (Half-title:
2150 2909 103 41 The

373 2907 2004 108 University
589 2966 55 41 of
680 2967 212 48 Chicago
928 2966 308 48 sociological
1273 2965 177 49 series)

446 3023 284 49 “Chicago’s
764 3022 275 50 gangland”
1058 3034 10 30 :
1102 3024 167 40 folded
1301 3034 115 38 map
1448 3024 50 40 in
1530 3023 233 49 envelope
1793 3023 102 41 laid
1929 3016 65 48 in.

445 3081 251 41 “Selected
729 3079 369 49 bibliography”
1118 3091 10 30 :
1163 3091 43 39 p.
1242 3080 220 42 554-580.

374 3151 53 53 ©
461 3155 103 41 Oct.
597 3154 40 44 6.
673 3154 141 41 1936:
851 3155 67 40 2c.
952 3154 98 40 and
1086 3154 80 40 aff.
1201 3156 119 40 Nov.
1356 3153 55 41 13
1429 3164 9 38 ;
1475 3155 41 39 A
1549 3153 145 42 99841
1712 3164 10 37 ;
1757 3153 288 48 University
2081 3153 51 41 of
2166 3151 228 52 Chicago,

445 3212 227 48 Chicago.
741 3211 284 50 (36-35233)

372 3316 282 65 Yasiliev,
684 3317 341 54 Alexander
1056 3317 498 65 Alexandrovich,
1587 3318 173 55 1867-

444 3395 122 54 The
614 3394 185 55 Goths
846 3395 60 53 in
952 3395 98 53 the
1098 3395 229 55 Crimea
1380 3429 12 34 [
1396 3394 95 69 by]
1543 3393 332 54 Alexander
1922 3391 470 56 Alexandrovich

373 3472 2019 68 Vasiliev … Cambridge, Mass., The Mediaeval academy of
373 3552 286 68 America,
696 3555 151 51 1936.

443 3635 45 37 X,
523 3623 85 41 292
640 3635 45 38 p.
745 3624 119 41 fold.
901 3634 125 38 map.
1087 3624 59 40 26
1147 3626 43 22 cm
1197 3656 8 9 .
1276 3623 303 51 (Half-title:
1613 3624 329 49 Monographs
1976 3623 52 42 of
2064 3624 82 41 the
371 3623 2002 97 Mediaeval

479 3681 235 48 academy
741 3680 56 41 of
822 3681 241 46 America,
1092 3691 75 31 no.
1198 3681 81 48 11)

443 3738 132 40 “The
606 3738 302 49 publication
940 3738 54 41 of
1026 3739 99 40 this
1156 3739 124 40 book
1312 3749 103 30 was
1445 3738 143 40 made
1619 3737 212 51 possible
1860 3739 62 47 by
1953 3739 171 47 grants
2154 3737 53 41 of
2239 3736 150 42 funds

373 3796 49 39 to
456 3795 82 40 the
574 3795 246 48 Academy
855 3795 130 39 from
1022 3795 84 41 the
1142 3795 238 47 Carnegie
1413 3794 311 48 corporation
1761 3794 53 41 of
1849 3795 118 40 New
2004 3795 132 40 York
2173 3795 96 40 and
2306 3795 83 40 the

371 3851 259 41 American
662 3852 188 40 council
878 3851 54 41 of
958 3852 200 40 learned
1189 3851 267 42 societies.”

443 3908 418 49 Bibliographical
895 3908 280 40 foot-notes.

372 3977 53 53 ©
453 3982 117 39 Nov.
596 3980 70 50 24,
697 3981 116 41 1936
830 3993 9 32 ;
870 3981 67 42 2c.
969 3981 95 40 and
1093 3982 82 40 aff.
1205 3982 119 40 Nov.
1353 3981 83 48 27;
1467 3983 40 38 A
1536 3979 201 49 101029;
1770 3979 275 41 Mediaeval
2077 3980 231 46 academy
2340 3978 51 41 of

0 0 0 0 America. (36-35173)
