2519 4377
1337 4153 99 52 822

441 566 118 42 This
582 567 255 48 pamphlet
859 567 46 40 is
925 568 49 39 to
1001 567 57 39 be
1081 566 140 40 fitted
1246 566 102 40 into
1375 568 85 39 the
1481 568 172 46 pocket
1677 569 55 38 at
1755 568 81 40 the
1861 568 123 39 back
2010 568 52 39 of
2087 568 83 39 the
2194 567 192 40 volume

372 633 53 40 of
451 634 85 40 the
562 634 74 39 set
666 634 49 39 to
743 630 162 42 which
933 630 43 43 it
1002 631 214 49 belongs.

373 706 53 55 ©
448 711 131 40 June
597 709 73 49 30,
694 709 141 48 1936;
860 708 68 43 2c.
952 709 96 41 and
1073 708 83 42 aff.
1181 709 117 49 July
1320 709 54 47 2;
1402 709 42 39 A
1466 707 172 50 95906;
1666 708 217 43 William
1908 710 214 41 Edward
2145 710 240 49 Baldwin,

444 774 278 42 Cleveland.

371 874 432 67 Geannopulos,
831 875 207 54 James
1062 875 302 64 Nicholas,
1396 881 170 50 1883-

446 952 277 59 Mother’s
760 951 171 68 wish;
970 951 109 55 life
1113 958 159 63 story
1312 951 64 54 of
1414 970 31 34 a
1485 951 106 55 life
1628 951 278 70 prisoner,
1947 953 325 67 1883-1936,
2313 953 69 69 by

374 1027 1986 73 J. N. Geannopulos … [St. Louis, A. B. Smith printing co.]
374 1116 18 22 c
397 1112 148 50 1936.

447 1179 26 41 3
502 1191 42 37 p.
611 1213 8 16 l.,
651 1180 146 40 5-122
827 1192 43 38 p.
931 1180 165 48 front.,
1194 1211 8 16 pl.,
1233 1184 162 46 ports.,
1425 1182 167 39 music.
1654 1181 56 40 20
1713 1183 43 21 cm
1762 1214 8 8 .

446 1250 282 41 Half-title:
766 1252 81 47 My
881 1249 90 43 life
1001 1251 50 39 in
1086 1251 179 41 Greece
1298 1253 94 38 and
1428 1263 77 37 my
1540 1251 89 41 life
1664 1253 48 38 in
1748 1254 238 39 America.

374 1329 54 54 ©
459 1335 113 47 Apr.
602 1332 71 49 22,
706 1331 118 43 1936
839 1344 9 36 ;
882 1332 69 42 2c.
986 1334 97 39 and
1116 1332 83 42 aff.
1234 1333 115 48 May
1382 1333 26 40 6
1425 1343 10 37 ;
1471 1333 44 40 A
1544 1332 146 42 95022
1708 1345 8 36 ;
1753 1334 45 41 J.
1831 1334 57 42 N.
1925 1333 356 49 Geannopulos,
2319 1334 68 41 St.

445 1397 161 41 Louis.
672 1395 282 51 (36-13869)

372 1500 181 64 Gray,
577 1500 158 54 Kate
760 1501 79 56 M.

443 1575 1943 72 The history of Springfield, by Kate M. Gray … [East
375 1654 376 71 Springfield,
790 1655 70 55 N.
902 1656 57 53 Y.]
1039 1655 144 54 Pub.
1221 1656 76 70 by
1334 1655 248 56 General
1619 1656 195 54 James
1857 1654 236 56 Clinton
2134 1655 254 68 chapter,

371 1733 333 71 Daughters
732 1733 65 55 of
825 1733 309 55 American
1165 1734 341 69 revolution,
1539 1736 151 52 1935.

443 1807 919 50 5 p. l. , 3-251 p. fold. map. 24 cm .
445 1877 72 41 On
545 1889 143 30 cover
704 1888 9 30 :
742 1879 101 40 The
867 1878 192 49 history
1085 1879 54 40 of
1165 1877 305 50 Springfield,
1499 1879 118 40 New
1643 1878 145 41 York.

441 1934 228 44 Includes
705 1936 139 41 short
878 1936 318 48 genealogies.

373 2012 54 54 ©
451 2017 128 48 Sept.
603 2015 210 51 10,1935
829 2028 10 37 ;
862 2017 69 41 2c.
955 2017 129 41 June
1103 2015 212 50 25,1936
1330 2028 9 36 ;
1366 2016 81 41 aff.
1473 2017 128 40 June
1623 2016 57 40 24
1697 2028 9 36 ;
1731 2017 42 39 A
1792 2015 148 43 95828
1955 2027 9 37 ;
1992 2016 208 42 General
2224 2015 166 42 James

448 2081 196 42 Clinton
676 2082 217 48 chapter,
924 2091 75 31 no.
1031 2080 100 47 640,
1162 2082 57 40 D.
1252 2082 56 40 A.
1340 2081 71 47 R.,
1443 2081 124 40 East
1599 2079 305 51 Springfield,
1937 2080 57 43 N.
2025 2081 55 40 Y.

456 2144 284 51 (36-13989)

376 2250 495 65 Gustaf-Janson,
903 2249 204 58 Gösta.

448 2327 122 53 The
597 2327 98 52 old
722 2326 180 54 man’s
929 2327 229 68 coming
1190 2327 111 67 [by]
1338 2325 177 55 Gösta
1548 2324 492 68 Gustaf-Janson;
2072 2324 314 53 translated

379 2404 154 54 from
565 2405 98 53 the
699 2403 261 55 Swedish
992 2404 94 53 for
1121 2405 94 53 the
1248 2404 126 52 first
1409 2404 134 54 time
1577 2404 74 67 by
1689 2402 215 55 Claude
1940 2402 233 68 Napier.
2251 2400 136 55 New

382 2483 178 65 York,
589 2483 71 54 A.
691 2482 71 53 A.
794 2481 227 69 Knopf,
1053 2484 151 53 1936.

447 2553 760 50 4 p. l. , 3-494 p., 1 l. 20½ cm .
378 2632 53 53 ©
462 2636 127 41 June
617 2635 72 49 29,
720 2635 142 48 1936;
894 2634 68 42 2c.
995 2636 96 40 and
1123 2634 82 42 aff.
1238 2634 126 43 June
1396 2633 83 48 30;
1512 2635 41 39 A
1586 2633 172 48 96250;
1792 2634 174 40 Alfred
1998 2635 54 40 A.
2086 2633 180 49 Knopf,
2299 2634 92 39 inc.

457 2699 284 51 (36-13877)

376 2799 153 65 Hall,
558 2800 263 54 Maurice
851 2800 325 65 Crowther,
1210 2805 171 51 1881-

450 2876 240 57 Control
733 2877 65 54 of
842 2876 215 56 animal
1101 2877 307 70 parasites;
1452 2877 232 70 general
1728 2877 314 69 principles
2086 2877 113 54 and
2242 2877 147 53 their

378 2957 2010 70 application, by Maurice C. Hall … Evanston, Ill., The North
377 3036 959 69 American veterinarian [ c 1936]
450 3108 1041 51 3 p. l. , 9-162 p. illus., diagrs. 23½ cm .
380 3177 206 53 ©Mar.
618 3181 70 48 25,
724 3181 117 41 1936
856 3192 9 36 ;
901 3181 68 41 2c.
1003 3182 113 48 Apr.
1151 3181 52 47 6;
1241 3180 82 42 aff.
1359 3181 114 48 May
1507 3181 81 46 14;
1624 3181 40 38 A
1699 3179 170 47 88820;
1909 3181 159 39 North
2101 3181 159 38 Amer.
450 3182 1924 103 veterinarian,
744 3239 90 40 inc.
903 3237 281 49 (36-13821)

380 3343 219 64 Haller,
628 3344 323 65 Johannes,
985 3349 170 50 1865-

511 3416 1807 71 … Nikolaus I. und Pseudoisidor. Stuttgart, Cotta, 1936.
451 3493 27 39 4
499 3504 44 37 p.
608 3524 7 15 l.,
645 3492 99 49 203,
778 3494 55 49 [1]
859 3502 43 38 p.
963 3491 56 40 24½
1053 3495 44 21 cm
1101 3526 8 8 .

382 3562 2010 53 © Dec. 6, 1935 ; 1c. Mar. 19, 1936 ; A-Foreign 30962 ; J. G. Cotta’sche
452 3624 380 48 buchhandlung
861 3623 297 49 nachfolger.
1227 3620 281 50 (36-13982)

383 3725 324 66 Hamilton,
736 3726 277 55 Clarence
1042 3727 209 64 Grant,
1280 3731 171 50 1865-

455 3802 1874 69 Outlines of music history, by Clarence G. Hamilton …
384 3879 1982 149 Rev. and enl. … Boston, New York, Oliver Ditson company; Chicago, Lyon & Healy, inc.; [etc., etc., c 1936]
456 4030 167 47 xxxix,
660 4029 86 41 308
782 4040 42 38 p.
885 4030 163 48 front.,
1085 4030 127 40 illus.
1242 4031 132 46 (incl.
1414 4032 161 46 ports.,
1614 4040 150 37 maps,
1802 4029 178 47 music)
2050 4029 56 40 20½
2137 4030 43 22 cm
2187 4060 7 8 .
2265 4027 125 48 (The

387 4087 152 39 music
573 4087 224 40 students
833 4087 209 47 library)
