2519 4377
1022 4100 97 51 531

91 456 209 62 Beard,
329 455 242 55 Charles
600 454 238 65 Austin,
870 456 169 54 1874-

162 532 120 52 The
315 532 149 52 devil
497 530 200 69 theory
728 530 62 54 of
824 547 144 50 war;
1004 549 69 34 an
1105 530 230 69 inquiry
1366 532 121 53 into
1518 532 95 53 the
1643 537 201 48 nature
1876 532 62 54 of
93 531 1964 147 history

253 610 110 52 and
395 609 94 53 the
520 607 324 70 possibility
877 608 62 54 of
969 608 244 69 keeping
1244 615 101 47 out
1374 609 61 54 of
1469 628 134 48 war,
1633 609 75 68 by
1741 610 237 55 Charles
2010 611 70 52 A.

92 686 1618 69 Beard … New York, The Vanguard press [ c 1936]
161 759 82 41 124
272 771 43 38 p.
372 759 55 40 20
431 761 43 21 cm
479 792 9 9 .

164 817 100 39 “An
303 816 264 49 expansion
608 816 52 39 of
698 817 135 40 three
872 816 197 41 articles
1106 816 255 48 published
1400 818 48 40 in
1488 818 81 40 the
1608 817 113 42 New
1764 819 316 46 republic"—

91 874 258 47 Prefatory
376 875 126 40 note.

161 930 287 42 “Erratum”
477 929 94 51 slip
598 931 227 41 mounted
856 941 58 30 on
944 941 42 38 p.
1019 931 55 50 [7]

163 988 72 40 An
270 988 216 48 analysis
521 988 52 41 of
606 988 259 48 testimony
900 988 140 49 given
1076 989 51 40 to
1159 989 80 40 the
1276 988 188 49 Special
1497 989 272 41 committee
1804 991 49 39 to
89 990 1973 103 investigate

238 1046 80 40 the
354 1045 265 40 munitions
655 1045 241 47 industry,
937 1045 52 40 U.
1029 1045 44 41 S.
1113 1044 188 48 Senate,
1339 1047 95 39 and
1470 1056 27 29 a
1536 1048 220 46 proposal
1797 1046 77 39 for
1910 1047 168 42 future

90 1102 254 42 American
377 1102 174 41 action.

89 1169 53 53 ©
169 1173 112 48 Apr.
311 1174 68 42 27,
409 1172 139 47 1936;
579 1173 65 39 2c.
677 1174 112 46 May
818 1173 52 46 6;
902 1172 82 41 aff.
1015 1173 112 47 May
1157 1173 52 46 5;
1242 1172 40 39 A
1311 1171 169 47 94299;
1514 1173 262 48 Vanguard
1810 1184 147 37 press,
1991 1172 89 43 inc.

167 1229 249 49 (36-9792)

87 1333 311 63 Benchley,
428 1333 219 53 Robert
678 1331 262 65 Charles,
972 1338 170 49 1889-

288 1414 93 47 ten
412 1426 161 51 years
602 1409 61 51 in
693 1430 30 33 a
753 1407 316 69 quandary,
1100 1407 111 53 and
1241 1407 127 54 how
1398 1408 134 68 they
1560 1426 171 51 grew,
1760 1408 74 68 by
1864 1408 217 53 Robert

90 1487 299 67 Benchley.
460 1487 137 52 New
635 1487 162 52 York
832 1486 111 52 and
977 1485 256 69 London,
1271 1486 229 68 Harper
1536 1488 46 50 &
1614 1485 275 67 brothers,
1928 1490 150 48 1936.

158 1544 822 65 viii p., 1 l., 361 p. illus. 21 cm .
158 1618 285 41 Illustrated
483 1620 95 46 t.-p.

157 1675 159 40 “First
349 1674 226 42 edition.”

88 1729 1992 52 © May 1, 1936; 2c. May 1; aff. May 4; A 95005; R. C. Benchley,
154 1790 116 39 New
296 1790 143 42 York.
509 1788 250 49 (36-9634)

85 1893 163 53 Bible,
335 1893 262 65 English.
666 1892 327 55 Selections.
1063 1896 153 50 1936.
1304 1891 371 53 Authorized.

156 1969 121 53 The
319 1970 224 52 readers
583 1968 193 68 Bible;
821 1968 268 68 designed
1134 1966 91 55 for
1268 1968 229 68 general
1538 1968 253 69 reading.
1868 1970 71 51 In
1983 1969 94 52 the

87 2048 281 67 language
398 2046 63 53 of
494 2048 95 52 the
620 2047 163 67 King
813 2048 193 54 James
1039 2046 238 53 version.
1353 2045 240 54 Printed
1628 2045 59 53 in
1723 2052 227 47 current
87 2047 1965 147 literary

301 2124 167 53 form.
549 2127 126 66 [By]
733 2123 235 55 Charles
1017 2125 70 53 A.
1137 2123 325 68 McAlpine.
1538 2124 139 53 New
1729 2125 179 67 York,
1956 2127 121 51 The

86 2203 311 57 Coverdale
429 2203 165 55 Bible
626 2221 156 50 press
820 2238 11 33 [
837 2209 18 22 c
860 2206 151 65 1936]

155 2277 98 48 545,
301 2277 40 50 [6]
372 2288 42 38 p.
474 2277 54 39 21½cm.

86 2331 52 53 ©
171 2336 113 47 Apr.
320 2334 40 47 9,
396 2335 139 40 1936;
573 2334 65 40 2c.
677 2335 95 39 and
808 2333 81 41 aff.
925 2333 114 48 Apr.
1074 2333 81 46 20;
1196 2333 39 39 A
1270 2332 171 48 94079;
1480 2333 203 40 Charles
1718 2333 56 41 A.
1811 2333 266 50 McAlpine,

153 2392 258 47 Brooklyn.
478 2390 250 49 (36-9653)

83 2495 313 62 Bradford,
424 2497 136 51 Mrs.
588 2492 218 65 Myrtle
832 2492 232 64 Taylor.

158 2572 52 53 U
248 2572 78 51 Le
367 2570 141 67 Lah,
551 2569 252 68 princess
844 2567 63 53 of
947 2567 115 52 Hir
1104 2566 74 53 Ri
1221 2567 82 52 Hi
1348 2566 130 55 Gua
1518 2565 65 55 of
1628 2566 181 55 South
1854 2569 222 67 Tampa

84 2649 135 68 bay;
263 2647 282 53 Florida’s
583 2646 388 53 Pocahontas!
1049 2645 124 53 The
1208 2645 123 53 first
1372 2663 262 35 romance
1671 2646 62 52 in
1769 2646 308 53 American

84 2729 237 67 history,
344 2728 102 51 her
469 2726 149 52 life’s
643 2726 167 52 deeds
836 2744 70 33 an
932 2725 289 52 immortal
1245 2742 168 50 song;
1440 2724 164 54 time:
1631 2724 172 68 April
1834 2729 81 63 15,
1944 2729 133 51 1528

83 2814 62 47 to
177 2807 136 67 May
349 2809 84 63 25,
469 2808 152 63 1539,
654 2804 76 68 by
764 2803 218 68 Myrtle
1014 2803 215 68 Taylor
1264 2802 313 54 Bradford.
1656 2802 240 70 [Miami,
1932 2806 146 67 Fla.,

82 2886 336 62 McMurray
448 2882 264 66 printing
739 2902 97 46 co.,
865 2892 20 23 c
890 2885 151 63 1936]

152 2959 495 51 2 p. l., 62 p. 19 cm .
84 3014 1990 53 © Mar. 16, 1936; 2c. Mar. 25; aff. Apr. 13; A 92927; M. T. Bradford,
151 3074 181 47 Miami,
368 3074 101 39 Fla.
542 3072 250 49 (36-9687)

82 3177 295 64 Brooklyn
409 3176 288 67 (Diocese)
781 3175 281 54 Diocesan
1096 3173 261 68 building
1396 3176 370 54 commission.

153 3253 296 68 Building,
474 3258 146 62 past,
646 3256 243 64 present,
919 3251 210 67 future,
1155 3252 214 53 diocese
1392 3251 63 52 of
1484 3252 310 68 Brooklyn.
82 3254 1969 146 Brooklyn,

226 3332 69 52 N.
326 3332 90 62 Y.,
445 3330 277 52 Diocesan
752 3329 265 67 building
1046 3328 375 67 commission,
1448 3337 18 21 c
1472 3333 148 50 1936.

152 3406 87 40 216
257 3417 43 37 p.
327 3404 109 41 incl.
464 3405 141 45 illus.,
634 3405 163 46 ports.,
825 3413 124 37 map,
975 3403 152 48 plans.
1183 3403 56 40 34
1242 3405 44 21 cm
1292 3434 8 9 .

154 3463 113 41 Rev.
297 3461 143 39 Allan
469 3461 51 38 T.
553 3460 278 46 Pendleton,
863 3460 258 46 secretary.

153 3516 312 49 Advertising
491 3517 179 39 matter:
727 3526 42 37 p.
795 3513 214 43 130-210.

82 3572 53 52 ©
163 3577 121 39 Mar.
311 3575 69 45 31,
410 3573 138 44 1936;
580 3573 67 39 2c.
678 3573 92 38 and
801 3571 82 40 aff.
912 3572 113 47 Apr.
1054 3571 82 41 20:
1169 3571 40 39 A
1237 3571 169 41 94000:
1441 3573 238 40 Diocesan

1709 3574 218 50 building
152 3587 1904 84 commission
381 3631 50 39 of
460 3631 78 39 the
570 3630 186 38 Roman
790 3627 220 41 Catholic
1040 3628 186 40 diocese
1257 3628 50 40 of
1337 3630 259 47 Brooklyn,
1627 3631 55 39 N.
1715 3632 51 38 Y.

165 3687 247 48 (36-9736)

84 3791 277 61 Burgess,
392 3788 211 62 Gelett,
636 3791 171 49 1866-

153 3866 117 51 Too
310 3864 144 68 good
494 3860 261 70 looking;
797 3861 94 51 the
929 3878 263 34 romance
1227 3859 64 53 of
1329 3861 394 54 Flossidoodle
1759 3862 199 67 Dario,
1998 3864 77 68 by

82 3939 1989 148 Gelett Burgess … Indianapolis, New York, The Bobbs-Merrill company [c1936]
