2519 4377
1345 4088 133 49 1406

405 398 236 65 Sarton,
672 399 248 63 George,
951 402 171 50 1884-

478 474 123 53 The
630 474 173 69 study
832 473 63 52 of
926 473 98 53 the
1050 473 221 69 history
1305 472 64 54 of
1397 472 416 70 mathematics,
1843 473 75 70 by
1951 472 223 71 George
2210 471 210 56 Sarton

469 550 1743 71 … Cambridge, Mass., Harvard university press, 1936.
477 624 984 52 4 p. l., [3]-112 p., 1 l. cliagrs. 22 cm .
479 682 281 41 Half-title:
795 682 101 40 The
930 684 145 46 study
1108 682 52 40 of
1192 684 81 39 the
1305 682 191 47 history
1530 682 53 40 of
1616 682 372 46 mathematics;
2023 681 144 49 being
2201 683 79 40 the
409 682 1994 98 substance
597 740 52 40 of
673 740 82 40 the
778 739 262 48 inaugural
1064 741 185 39 lecture
1273 739 51 40 of
1346 750 26 29 a
1400 748 169 32 course
1595 750 61 29 on
1682 740 83 39 the
1786 738 191 49 history
2003 739 52 40 of
2081 740 341 41 mathematics

409 797 47 38 in
484 797 233 40 Harvard
742 796 287 47 university,
1056 796 244 41 delivered
1327 796 252 47 February
1604 796 41 47 4,
1670 795 129 42 1936.

481 853 382 48 “Bibliography
901 853 52 39 of
988 854 82 39 the
1107 854 190 47 history
1334 853 53 40 of
1425 852 398 41 mathematics”;
1864 863 42 37 p.
1951 852 204 51 [39]65;
409 854 1995 103 “Biographies
569 910 53 41 of
647 912 201 38 modern
876 909 488 41 mathematicians”:
1395 920 43 38 p.
1468 909 191 51 [67]-98.

406 980 53 53 ©
484 984 121 47 Aug.
635 983 71 48 10,
735 983 141 42 1936;
908 984 68 39 2c.
1005 984 121 45 Aug.
1156 984 81 45 17;
1271 983 82 40 aff.
1383 984 120 45 Aug.
1533 984 83 46 24;
1648 984 43 38 A
1718 982 172 47 98056;
1924 983 260 42 President
2214 985 95 39 and
475 985 1930 96 fellows
621 1041 53 39 of
700 1041 233 40 Harvard
959 1041 195 47 college,
1184 1039 305 49 Cambridge,
1517 1042 149 38 Mass.
1733 1041 284 49 (36-21435)

478 1140 1882 72 The study of the history of science, by George Sarton …
409 1219 368 71 Cambridge,
801 1221 191 67 Mass.,
1017 1220 278 54 Harvard
1319 1219 321 70 university
1666 1239 174 50 press,
1871 1224 152 50 1936.

477 1293 984 52 4 p. l., [3]-75 p. illus., diagrs. 22 cm .
478 1351 282 41 Half-title:
794 1351 101 41 The
928 1353 147 46 study
1108 1352 51 39 of
1193 1353 82 39 the
1310 1351 191 47 history
1534 1351 52 41 of
1620 1351 213 48 science;
1868 1351 145 49 being
2045 1352 83 40 the
2163 1352 259 41 substance

408 1407 52 40 of
491 1410 83 40 the
609 1409 264 47 inaugural
909 1408 183 41 lecture
1130 1408 51 41 of
1216 1409 83 40 the
1334 1408 248 48 seminary
1619 1419 60 30 on
1715 1409 82 40 the
1832 1409 191 47 history
2060 1409 51 40 of
2149 1410 185 40 science
2372 1409 50 41 in

411 1464 227 42 Harvard
668 1465 273 49 university
969 1466 244 40 delivered
1240 1477 59 29 on
1328 1465 208 42 October
1559 1465 41 48 4,
1627 1464 129 43 1935.

479 1521 379 49 Bibliography:
890 1532 45 38 p.
985 1521 177 51 [53]-70.

405 1592 53 54 ©
485 1597 120 47 Aug.
636 1596 69 49 10,
735 1596 142 48 1936;
909 1596 67 41 2c.
1004 1596 120 48 Aug.
1155 1596 82 47 17;
1270 1596 83 41 aff.
1384 1597 120 47 Aug.
1536 1596 83 47 24;
1651 1597 41 39 A
1720 1595 172 49 98057;
1927 1597 259 43 President
2214 1598 96 39 and
476 1599 1931 95 fellows
623 1654 52 39 of
698 1654 230 40 Harvard
958 1654 194 48 college,
1182 1653 305 49 Cambridge,
1516 1656 148 38 Mass.
1733 1654 283 50 (36-21433)

404 1759 475 65 Schmidtmann,
908 1759 357 56 Waldemar.

477 1835 202 68 Devil;
712 1835 95 53 the
838 1833 106 55 life
975 1839 160 65 story
1166 1833 65 55 of
1264 1854 31 34 a
1328 1834 252 55 chamois
1611 1833 59 54 in
1706 1835 95 54 the
1834 1835 283 54 Austrian
2149 1836 166 69 Alps,
2349 1836 75 71 by

407 1912 334 55 Waldemar
778 1912 472 69 Schmidtmann;
1290 1914 318 53 translated
1646 1914 75 69 by
1759 1914 95 54 the
1893 1915 237 66 author;
406 1913 1993 132 illustrations
589 1992 79 69 by
697 1992 91 54 W.
822 2010 112 35 von
967 1992 371 69 Freyschlag.
1408 1992 140 53 New
1583 1992 183 69 York,
1798 1993 261 68 London,
2095 1993 72 54 D.

407 1993 1991 146 Appleton-Century
820 2088 300 52 company,
1149 2071 422 68 incorporated,
1604 2072 151 53 1936.

478 2157 46 37 x,
557 2146 87 40 214
676 2157 43 37 p.
780 2146 164 48 front.,
980 2146 129 41 illus.
1169 2146 58 40 20
1229 2148 44 20 cm
1279 2177 7 8 .

405 2214 53 54 ©
483 2219 128 48 Sept.
637 2219 70 48 11,
732 2217 142 49 1936;
901 2218 68 41 2c.
994 2218 94 39 and
1114 2218 81 40 aff.
1225 2219 128 47 Sept.
1379 2219 81 42 14;
1488 2219 40 39 A
1553 2217 171 49 98359;
1753 2219 56 40 D.
1836 2218 448 49 Appleton-Century
2341 2229 83 40 co.,

473 2276 92 40 inc.
624 2275 284 50 (36-21439)

405 2380 332 66 Schorling,
765 2381 270 66 Raleigh,
1065 2381 174 54 1887-

408 2459 1988 147 Modern-school mathematics, book 3. By Raleigh Schorling … John R. Clark … and Roland R. Smith …
407 2539 1991 139 Yonkerson-Hudson,
812 2619 69 51 N.
923 2619 90 64 Y.,
1049 2616 206 56 World
1292 2617 147 53 book
1478 2636 282 48 company
1804 2651 12 34 [
1822 2624 17 20 c
1845 2620 135 50 1936]

471 2691 136 47 xviii,
629 2691 87 40 462
737 2701 44 38 p.
842 2691 144 47 illus.,
1010 2690 180 48 diagrs.
1252 2689 55 41 19½
1340 2693 44 21 cm
1391 2724 8 8 .

405 2744 54 54 ©
489 2749 128 47 Sept.
644 2748 71 43 29.
744 2748 143 47 1936;
917 2748 68 40 2c.
1016 2748 101 40 Oct.
1146 2749 53 45 3;
1234 2747 81 40 aff.
1347 2747 102 42 Oct.
1478 2747 84 47 22;
1594 2749 42 38 A
1660 2747 202 47 100064;
1895 2747 169 40 World
2096 2747 121 40 book
2245 2758 69 29 co.

406 2868 194 66 Shaw,
629 2869 229 65 George
884 2869 288 65 Bernard,
1201 2874 172 50 1856-

476 2948 262 54 William
774 2948 213 52 Morris
1025 2967 59 33 as
1121 2950 32 50 I
1188 2948 162 51 knew
1388 2946 138 67 him,
1561 2947 74 66 by
1670 2948 221 66 George
1930 2948 263 52 Bernard
2233 2947 188 55 Shaw.

407 3027 316 53 Published
766 3029 61 51 in
872 3027 176 54 Great
1096 3025 231 54 Britain
1382 3026 295 66 (London)
1733 3026 61 51 in
1837 3044 29 34 a
1911 3026 226 52 volume
2183 3026 238 53 entitled

407 3106 296 53 “William
737 3103 230 59 Morris,
1003 3105 183 55 artist,
1221 3104 212 65 writer,
1468 3103 304 67 socialist”,
1804 3104 75 67 by
1913 3106 140 65 May
2087 3104 230 57 Morris,
2351 3123 70 33 on

406 3185 93 53 the
524 3185 126 53 first
675 3185 113 65 day
812 3184 62 51 of
898 3184 160 65 July,
1086 3186 150 50 1936.
1319 3183 277 65 [London,
1624 3185 152 63 1936]

472 3256 287 48 cover-title,
788 3256 67 50 [27]
894 3267 43 37 p.
998 3256 55 40 23½
1088 3258 45 22 cm
1137 3288 8 8 .

477 3314 231 40 Mounted
750 3314 158 45 galley
949 3313 163 40 sheets
1151 3312 121 40 with
1312 3311 303 49 manuscript
1656 3311 298 40 corrections
1994 3312 61 46 by
2094 3311 81 40 the
2214 3312 206 46 author;

403 3383 43 37 p.
479 3372 84 49 [24]
593 3371 96 39 and
725 3371 83 50 [26]
840 3371 91 40 left
959 3370 162 40 blank.

477 3429 103 39 The
602 3428 112 41 title
736 3429 41 38 is
802 3427 315 48 typewritten
1142 3437 59 29 on
1229 3426 123 39 label
1380 3425 231 40 mounted
1635 3436 60 29 on
1720 3434 155 31 cover.

405 3482 53 53 ©
486 3487 65 39 1c.
580 3487 121 40 Aug.
730 3486 38 46 6,
798 3484 113 41 1936;
970 3485 39 38 A
1039 3484 61 39 ad
1128 3484 87 40 int.
1244 3482 171 43 21798;
1447 3482 144 48 pubd.
1621 3482 116 47 July
1766 3483 53 46 1;
1852 3483 53 39 G.
1935 3483 55 40 B.
2023 3482 157 41 Shaw.
2211 3482 211 39 London.

406 3647 236 64 Shirley
674 3645 291 64 Temple’s
998 3646 148 54 book
1177 3645 64 54 of
1274 3644 157 67 fairy
1462 3644 158 54 tales.
1690 3643 221 67 Akron,
1946 3643 87 67 O.,
2068 3644 137 52 New
2241 3642 180 54 York,

477 3722 1338 69 The Saalfield publishing company [ c 1936]
480 3796 113 50 [248]
626 3807 42 37 p.
731 3795 85 41 col.
846 3795 164 45 front.,
1042 3795 142 48 illus.,
1214 3796 149 47 ports.
1424 3793 57 40 24
1484 3796 45 22 cm
1532 3825 9 9 .

479 3852 287 42 Illustrated
798 3852 364 48 lining-papers.

408 3908 53 53 ©
497 3913 120 45 Aug.
654 3911 71 47 20,
763 3911 118 40 1936;
945 3911 66 38 2c.
1052 3910 103 41 Oct.
1194 3911 25 38 5;
1286 3909 82 41 aff.
1410 3910 101 40 Oct.
1551 3910 51 46 1;
1643 3910 40 38 A
1719 3907 146 41 98827;
1936 3907 230 41 Saalfield
2205 3907 109 47 pub.
2354 3918 65 27 co.

479 3968 284 50 [Copyright
789 3969 42 38 is
857 3966 206 42 claimed
1087 3978 59 29 on
1175 3966 192 47 Shirley
1392 3966 197 48 Temple
1617 3964 331 40 illustrations]

488 4025 283 48 (36-21645)
