<alto xmlns="http://www.loc.gov/standards/alto/ns-v3#" xmlns:xsi="http://www.w3.org/2001/XMLSchema-instance" xsi:schemaLocation="http://www.loc.gov/standards/alto/ns-v3# http://www.loc.gov/alto/v3/alto-3-0.xsd"><Description>
<MeasurementUnit>pixel</MeasurementUnit>
<sourceImageInformation>
<fileName>1936_v33_Part1.pdf</fileName>
</sourceImageInformation>
<OCRProcessing ID="IdOcr">
<ocrProcessingStep>
<processingDateTime>2019-01-18</processingDateTime>
<processingSoftware>
<softwareCreator>ABBYY</softwareCreator>
<softwareName>ABBYY Recognition Server</softwareName>
<softwareVersion>4.0</softwareVersion>
</processingSoftware>
</ocrProcessingStep>
</OCRProcessing>
</Description>
<Styles>
<ParagraphStyle ALIGN="Left" FIRSTLINE="0." ID="StyleId-FFFFFFFF-FFFF-FFFF-FFFF-FFFFFFFFFFFF-" LEFT="0." RIGHT="0." />
<ParagraphStyle ALIGN="Left" FIRSTLINE="0." ID="StyleId-51D50FAC-7A90-4D70-8A96-5EA9D46D1C8B-" LEFT="0." LINESPACE="7.699999809" RIGHT="0." />
<ParagraphStyle ALIGN="Block" FIRSTLINE="-17." ID="StyleId-6BC133E9-7DCB-43C3-8842-A67984A26405-" LEFT="0." LINESPACE="8.340000153" RIGHT="0." />
<ParagraphStyle ALIGN="Left" FIRSTLINE="-13." ID="StyleId-3C3FF860-43E7-46A2-8934-48F305F6F0D6-" LEFT="0." LINESPACE="11.06999969" RIGHT="0." />
<ParagraphStyle ALIGN="Block" FIRSTLINE="-13." ID="StyleId-19220C76-4F8A-4737-B38C-B5F5C17E6040-" LEFT="0." LINESPACE="11.06999969" RIGHT="0." />
<ParagraphStyle ALIGN="Left" FIRSTLINE="0." ID="StyleId-75A0D721-13ED-4F20-9002-B389EC48477D-" LEFT="0." LINESPACE="15.5" RIGHT="0." />
<ParagraphStyle ALIGN="Left" FIRSTLINE="0." ID="StyleId-8A414184-C7A5-4AC7-9B88-7DA4DDE75922-" LEFT="0." LINESPACE="9.399999619" RIGHT="0." />
<ParagraphStyle ALIGN="Left" FIRSTLINE="0." ID="StyleId-1A87970B-111C-4169-99A6-9412976F3C97-" LEFT="0." LINESPACE="10.5" RIGHT="0." />
<ParagraphStyle ALIGN="Block" FIRSTLINE="-17." ID="StyleId-72DB0571-5AE4-41FD-9E11-68C6AC4C437E-" LEFT="0." LINESPACE="8.340000153" RIGHT="0." />
<ParagraphStyle ALIGN="Center" FIRSTLINE="0." ID="StyleId-1AA43056-C388-4697-B10F-72FDAA38FAE1-" LEFT="0." LINESPACE="10.5" RIGHT="0." />
</Styles>
<Layout>
<Page HEIGHT="4377" ID="Page192" PHYSICAL_IMG_NR="192" WIDTH="2519">
<TopMargin HEIGHT="424" HPOS="0" VPOS="0" WIDTH="2519">
</TopMargin>
<LeftMargin HEIGHT="3905" HPOS="0" VPOS="424" WIDTH="320">
</LeftMargin>
<RightMargin HEIGHT="3905" HPOS="2364" VPOS="424" WIDTH="155">
</RightMargin>
<BottomMargin HEIGHT="48" HPOS="0" VPOS="4329" WIDTH="2519">
</BottomMargin>
<PrintSpace HEIGHT="3905" HPOS="320" VPOS="424" WIDTH="2044">
<TextBlock CS="1" HEIGHT="197" HPOS="1061" ID="Page192_Block1" LANG="en-US" STYLEREFS="StyleId-6E22BC81-2A6B-4F43-A3F8-924011C2B26E-" VPOS="4132" WIDTH="573">
<TextLine CS="1" HEIGHT="39" HPOS="1357" VPOS="4132" WIDTH="32">
<String CONTENT="192" CS="1" HEIGHT="39" HPOS="1357" VPOS="4132" WIDTH="32" />
</TextLine>
</TextBlock>
<TextBlock CS="1" HEIGHT="3662" HPOS="320" ID="Page192_Block2" STYLEREFS="StyleId-BA61165F-BB36-4B6F-857F-06C297F51DA4-" VPOS="424" WIDTH="2044">
<TextLine HEIGHT="67" HPOS="330" LANG="en-US" STYLEREFS="StyleId-453210E1-648D-4BB6-97BF-CF45A018F281-" VPOS="435" WIDTH="1273">
<String CONTENT="Lehmann," HEIGHT="67" HPOS="330" VPOS="435" WIDTH="328" />
<SP HEIGHT="66" HPOS="659" VPOS="436" WIDTH="29" />
<String CONTENT="Julius" HEIGHT="56" HPOS="689" VPOS="435" WIDTH="195" />
<SP HEIGHT="54" HPOS="885" VPOS="437" WIDTH="30" />
<String CONTENT="Friedrich," HEIGHT="65" HPOS="916" VPOS="436" WIDTH="325" />
<SP HEIGHT="60" HPOS="1242" VPOS="441" WIDTH="32" />
<String CONTENT="1864-1935." HEIGHT="52" HPOS="1275" VPOS="441" WIDTH="328" />
</TextLine>
<TextLine CS="1" HEIGHT="147" HPOS="330" STYLEREFS="StyleId-AF4DB50E-6C66-428E-936E-DBBD5C56436A-" VPOS="513" WIDTH="2017">
<String CONTENT="Verleger" HEIGHT="68" HPOS="404" LANG="de" VPOS="514" WIDTH="273" />
<SP HEIGHT="53" HPOS="678" VPOS="517" WIDTH="30" />
<String CONTENT="J." HEIGHT="53" HPOS="709" LANG="en-US" VPOS="517" WIDTH="56" />
<SP HEIGHT="52" HPOS="766" VPOS="516" WIDTH="33" />
<String CONTENT="F." HEIGHT="53" HPOS="800" LANG="en-US" VPOS="516" WIDTH="67" />
<SP HEIGHT="54" HPOS="868" VPOS="515" WIDTH="29" />
<String CONTENT="Lehmann;" HEIGHT="65" HPOS="898" LANG="en-US" VPOS="515" WIDTH="327" />
<SP HEIGHT="47" HPOS="1226" VPOS="533" WIDTH="35" />
<String CONTENT="ein" HEIGHT="52" HPOS="1262" LANG="de" VPOS="515" WIDTH="92" />
<SP HEIGHT="52" HPOS="1355" VPOS="514" WIDTH="31" />
<String CONTENT="leben" HEIGHT="53" HPOS="1387" LANG="de" VPOS="514" WIDTH="161" />
<SP HEIGHT="54" HPOS="1549" VPOS="514" WIDTH="31" />
<String CONTENT="im" HEIGHT="54" HPOS="1581" LANG="de" VPOS="514" WIDTH="79" />
<SP HEIGHT="53" HPOS="1661" VPOS="514" WIDTH="28" />
<String CONTENT="kampf" HEIGHT="68" HPOS="1690" LANG="de" VPOS="513" WIDTH="211" />
<SP HEIGHT="53" HPOS="1902" VPOS="513" WIDTH="32" />
<String CONTENT="f&#252;r" HEIGHT="53" HPOS="1935" LANG="de" VPOS="513" WIDTH="101" />
<SP HEIGHT="51" HPOS="2037" VPOS="515" WIDTH="30" />
<String CONTENT="Deutschland" HEIGHT="133" HPOS="330" LANG="fi" VPOS="513" WIDTH="1993" />
<SP HEIGHT="66" HPOS="468" VPOS="594" WIDTH="16" />
<String CONTENT=";" HEIGHT="48" HPOS="485" LANG="fi" VPOS="612" WIDTH="11" />
<SP HEIGHT="67" HPOS="497" VPOS="593" WIDTH="66" />
<String CONTENT="lebenslauf" HEIGHT="54" HPOS="564" LANG="de" VPOS="593" WIDTH="324" />
<SP HEIGHT="53" HPOS="889" VPOS="593" WIDTH="61" />
<String CONTENT="und" HEIGHT="52" HPOS="951" LANG="de" VPOS="593" WIDTH="119" />
<SP HEIGHT="52" HPOS="1071" VPOS="593" WIDTH="60" />
<String CONTENT="briefe," HEIGHT="69" HPOS="1132" LANG="de" VPOS="591" WIDTH="203" />
<SP HEIGHT="67" HPOS="1336" VPOS="593" WIDTH="61" />
<String CONTENT="herausgegeben" HEIGHT="67" HPOS="1398" LANG="de" VPOS="593" WIDTH="459" />
<SP HEIGHT="34" HPOS="1858" VPOS="610" WIDTH="62" />
<String CONTENT="von" HEIGHT="35" HPOS="1921" LANG="de" VPOS="610" WIDTH="114" />
<SP HEIGHT="52" HPOS="2036" VPOS="593" WIDTH="61" />
<String CONTENT="Melanie" HEIGHT="54" HPOS="2098" LANG="de" VPOS="591" WIDTH="249" />
</TextLine>
<TextLine HEIGHT="68" HPOS="333" LANG="de" STYLEREFS="StyleId-AF4DB50E-6C66-428E-936E-DBBD5C56436A-" VPOS="671" WIDTH="1948">
<String CONTENT="Lehmann;" HEIGHT="65" HPOS="333" VPOS="673" WIDTH="325" />
<SP HEIGHT="48" HPOS="659" VPOS="690" WIDTH="34" />
<String CONTENT="mit" HEIGHT="53" HPOS="694" VPOS="671" WIDTH="110" />
<SP HEIGHT="49" HPOS="805" VPOS="675" WIDTH="29" />
<String CONTENT="12" HEIGHT="49" HPOS="835" VPOS="674" WIDTH="65" />
<SP HEIGHT="52" HPOS="901" VPOS="672" WIDTH="29" />
<String CONTENT="bildern." HEIGHT="53" HPOS="931" VPOS="671" WIDTH="243" />
<SP HEIGHT="53" HPOS="1175" VPOS="671" WIDTH="74" />
<String CONTENT="M&#252;nchen," HEIGHT="68" HPOS="1250" VPOS="671" WIDTH="308" />
<SP HEIGHT="66" HPOS="1559" VPOS="673" WIDTH="29" />
<String CONTENT="J." HEIGHT="54" HPOS="1589" VPOS="673" WIDTH="56" />
<SP HEIGHT="52" HPOS="1646" VPOS="673" WIDTH="32" />
<String CONTENT="F." HEIGHT="52" HPOS="1679" VPOS="673" WIDTH="65" />
<SP HEIGHT="54" HPOS="1745" VPOS="671" WIDTH="32" />
<String CONTENT="Lehmann," HEIGHT="66" HPOS="1778" VPOS="671" WIDTH="317" />
<SP HEIGHT="63" HPOS="2096" VPOS="674" WIDTH="33" />
<String CONTENT="1935." HEIGHT="52" HPOS="2130" VPOS="672" WIDTH="151" />
</TextLine>
<TextLine HEIGHT="51" HPOS="401" STYLEREFS="StyleId-AF4DB50E-6C66-428E-936E-DBBD5C56436A-" VPOS="741" WIDTH="930">
<String CONTENT="288" HEIGHT="42" HPOS="401" LANG="de" VPOS="742" WIDTH="85" />
<SP HEIGHT="49" HPOS="487" VPOS="743" WIDTH="27" />
<String CONTENT="p." HEIGHT="38" HPOS="515" LANG="de" VPOS="754" WIDTH="44" />
<SP HEIGHT="39" HPOS="560" VPOS="744" WIDTH="58" />
<String CONTENT="front.," HEIGHT="48" HPOS="619" LANG="en-US" VPOS="744" WIDTH="166" />
<SP HEIGHT="48" HPOS="786" VPOS="744" WIDTH="33" />
<String CONTENT="illus.," HEIGHT="47" HPOS="820" LANG="de" VPOS="743" WIDTH="144" />
<SP HEIGHT="37" HPOS="965" VPOS="753" WIDTH="33" />
<String CONTENT="ports." HEIGHT="46" HPOS="999" LANG="en-US" VPOS="744" WIDTH="150" />
<SP HEIGHT="43" HPOS="1150" VPOS="741" WIDTH="62" />
<String CONTENT="21" HEIGHT="40" HPOS="1213" LANG="de" VPOS="741" WIDTH="54" />
<String CONTENT="cm" HEIGHT="22" HPOS="1272" LANG="de" STYLE="superscript" VPOS="744" WIDTH="46" />
<String CONTENT="." HEIGHT="9" HPOS="1321" LANG="de" VPOS="774" WIDTH="10" />
</TextLine>
<TextLine CS="1" HEIGHT="54" HPOS="332" LANG="de" VPOS="812" WIDTH="2017">
<String CONTENT="&#169;" HEIGHT="54" HPOS="332" VPOS="812" WIDTH="53" />
<SP HEIGHT="54" HPOS="386" VPOS="812" WIDTH="29" />
<String CONTENT="Oct." HEIGHT="42" HPOS="416" VPOS="817" WIDTH="102" />
<SP HEIGHT="40" HPOS="519" VPOS="817" WIDTH="29" />
<String CONTENT="14," HEIGHT="47" HPOS="549" VPOS="817" WIDTH="70" />
<SP HEIGHT="46" HPOS="620" VPOS="818" WIDTH="28" />
<String CONTENT="1935;" HEIGHT="47" HPOS="649" VPOS="817" WIDTH="142" />
<SP />
<String CONTENT="1c." CS="1" />
<SP HEIGHT="39" HPOS="892" VPOS="817" WIDTH="29" />
<String CONTENT="Dec." HEIGHT="39" HPOS="922" LANG="fr" VPOS="817" WIDTH="112" />
<SP HEIGHT="39" HPOS="1035" VPOS="817" WIDTH="30" />
<String CONTENT="T;" HEIGHT="45" HPOS="1066" LANG="fr" VPOS="817" WIDTH="52" />
<SP HEIGHT="47" HPOS="1119" VPOS="815" WIDTH="28" />
<String CONTENT="A" HEIGHT="39" HPOS="1148" LANG="en-US" VPOS="815" WIDTH="40" />
<String CONTENT="-Foreign" HEIGHT="48" HPOS="1190" VPOS="815" WIDTH="271" />
<SP HEIGHT="40" HPOS="1462" VPOS="816" WIDTH="28" />
<String CONTENT="30212;" HEIGHT="47" HPOS="1491" VPOS="816" WIDTH="172" />
<SP HEIGHT="47" HPOS="1664" VPOS="816" WIDTH="33" />
<String CONTENT="J." HEIGHT="41" HPOS="1698" VPOS="816" WIDTH="43" />
<SP HEIGHT="41" HPOS="1742" VPOS="816" WIDTH="32" />
<String CONTENT="F." HEIGHT="38" HPOS="1775" VPOS="816" WIDTH="49" />
<SP HEIGHT="39" HPOS="1825" VPOS="815" WIDTH="33" />
<String CONTENT="Lehmanns" HEIGHT="41" HPOS="1859" VPOS="815" WIDTH="280" />
<SP HEIGHT="29" HPOS="2140" VPOS="827" WIDTH="26" />
<String CONTENT="vertag." HEIGHT="46" HPOS="2167" VPOS="815" WIDTH="182" />
</TextLine>
<TextLine HEIGHT="51" HPOS="412" LANG="de" VPOS="874" WIDTH="253">
<String CONTENT="(36-6303)" HEIGHT="51" HPOS="412" VPOS="874" WIDTH="253" />
</TextLine>
<TextLine HEIGHT="65" HPOS="331" STYLEREFS="StyleId-EA18251B-3B41-4F16-A535-B7F86F7AF68C-" VPOS="978" WIDTH="673">
<String CONTENT="Lexow," HEIGHT="64" HPOS="331" LANG="de" VPOS="979" WIDTH="233" />
<SP HEIGHT="62" HPOS="565" VPOS="981" WIDTH="26" />
<String CONTENT="Einar" HEIGHT="53" HPOS="592" LANG="fi" VPOS="978" WIDTH="188" />
<SP HEIGHT="53" HPOS="781" VPOS="980" WIDTH="21" />
<String CONTENT="Jacob." HEIGHT="54" HPOS="803" LANG="de" VPOS="979" WIDTH="201" />
</TextLine>
<TextLine CS="1" HEIGHT="148" HPOS="333" LANG="de" STYLEREFS="StyleId-AF4DB50E-6C66-428E-936E-DBBD5C56436A-" VPOS="1055" WIDTH="1995">
<String CONTENT="Verdens" HEIGHT="53" HPOS="401" VPOS="1058" WIDTH="259" />
<SP HEIGHT="54" HPOS="661" VPOS="1057" WIDTH="31" />
<String CONTENT="kunsthistorie." HEIGHT="56" HPOS="693" VPOS="1055" WIDTH="432" />
<SP HEIGHT="34" HPOS="1126" VPOS="1089" WIDTH="76" />
<String CONTENT="[bd.]" HEIGHT="67" HPOS="1203" VPOS="1056" WIDTH="128" />
<SP HEIGHT="63" HPOS="1332" VPOS="1059" WIDTH="39" />
<String CONTENT="6." HEIGHT="50" HPOS="1372" VPOS="1059" WIDTH="46" />
<SP HEIGHT="55" HPOS="1419" VPOS="1056" WIDTH="40" />
<String CONTENT="Gammel" HEIGHT="56" HPOS="1460" VPOS="1055" WIDTH="263" />
<SP HEIGHT="52" HPOS="1724" VPOS="1055" WIDTH="30" />
<String CONTENT="kunst" HEIGHT="53" HPOS="1755" VPOS="1056" WIDTH="174" />
<SP HEIGHT="47" HPOS="1930" VPOS="1062" WIDTH="31" />
<String CONTENT="utenfor" HEIGHT="54" HPOS="1962" VPOS="1055" WIDTH="236" />
<SP HEIGHT="52" HPOS="2199" VPOS="1056" WIDTH="34" />
<String CONTENT="Europa." HEIGHT="147" HPOS="333" VPOS="1056" WIDTH="1995" />
<SP HEIGHT="55" HPOS="491" VPOS="1135" WIDTH="76" />
<String CONTENT="Oslo," HEIGHT="68" HPOS="568" VPOS="1135" WIDTH="158" />
<SP HEIGHT="66" HPOS="727" VPOS="1137" WIDTH="26" />
<String CONTENT="H." HEIGHT="52" HPOS="754" VPOS="1137" WIDTH="78" />
<SP HEIGHT="54" HPOS="833" VPOS="1135" WIDTH="29" />
<String CONTENT="Aschehoug" HEIGHT="67" HPOS="863" VPOS="1135" WIDTH="348" />
<SP HEIGHT="64" HPOS="1212" VPOS="1138" WIDTH="27" />
<String CONTENT="&amp;" HEIGHT="50" HPOS="1240" VPOS="1138" WIDTH="46" />
<SP HEIGHT="50" HPOS="1287" VPOS="1138" WIDTH="29" />
<String CONTENT="co." HEIGHT="35" HPOS="1317" VPOS="1153" WIDTH="77" />
<SP HEIGHT="66" HPOS="1395" VPOS="1136" WIDTH="34" />
<String CONTENT="(W." HEIGHT="66" HPOS="1430" VPOS="1136" WIDTH="115" />
<SP HEIGHT="52" HPOS="1546" VPOS="1137" WIDTH="30" />
<String CONTENT="Nygaard)" HEIGHT="68" HPOS="1577" VPOS="1135" WIDTH="308" />
<SP HEIGHT="66" HPOS="1886" VPOS="1136" WIDTH="42" />
<String CONTENT="1935." HEIGHT="50" HPOS="1929" VPOS="1138" WIDTH="151" />
</TextLine>
<TextLine CS="1" HEIGHT="51" HPOS="430" VPOS="1207" WIDTH="949">
<String CONTENT="5" HEIGHT="38" HPOS="430" LANG="de" VPOS="1211" WIDTH="25" />
<SP HEIGHT="47" HPOS="456" VPOS="1211" WIDTH="28" />
<String CONTENT="p." HEIGHT="37" HPOS="485" LANG="de" VPOS="1221" WIDTH="42" />
<SP />
<String CONTENT="l.," CS="1" HEIGHT="17" HPOS="594" LANG="de" VPOS="1240" WIDTH="8" />
<SP HEIGHT="49" HPOS="603" VPOS="1208" WIDTH="29" />
<String CONTENT="235" HEIGHT="41" HPOS="633" LANG="de" VPOS="1208" WIDTH="91" />
<SP HEIGHT="48" HPOS="725" VPOS="1209" WIDTH="24" />
<String CONTENT="p." HEIGHT="38" HPOS="750" LANG="de" VPOS="1219" WIDTH="44" />
<SP HEIGHT="41" HPOS="795" VPOS="1208" WIDTH="59" />
<String CONTENT="illus.," HEIGHT="50" HPOS="855" LANG="de" VPOS="1208" WIDTH="144" />
<SP HEIGHT="40" HPOS="1000" VPOS="1218" WIDTH="28" />
<String CONTENT="plates." HEIGHT="47" HPOS="1029" LANG="en-US" VPOS="1209" WIDTH="174" />
<SP HEIGHT="42" HPOS="1204" VPOS="1207" WIDTH="57" />
<String CONTENT="26" HEIGHT="41" HPOS="1262" LANG="de" VPOS="1207" WIDTH="55" />
<String CONTENT="cm" HEIGHT="20" HPOS="1320" LANG="de" STYLE="superscript" VPOS="1211" WIDTH="46" />
<String CONTENT="." HEIGHT="8" HPOS="1370" LANG="de" VPOS="1241" WIDTH="9" />
</TextLine>
<TextLine HEIGHT="49" HPOS="402" VPOS="1265" WIDTH="821">
<String CONTENT="Plates" HEIGHT="39" HPOS="402" LANG="de" VPOS="1268" WIDTH="165" />
<SP HEIGHT="37" HPOS="568" VPOS="1277" WIDTH="33" />
<String CONTENT="printed" HEIGHT="47" HPOS="602" LANG="en-US" VPOS="1267" WIDTH="198" />
<SP HEIGHT="39" HPOS="801" VPOS="1267" WIDTH="31" />
<String CONTENT="on" HEIGHT="29" HPOS="833" LANG="en-US" VPOS="1276" WIDTH="59" />
<SP HEIGHT="38" HPOS="893" VPOS="1267" WIDTH="34" />
<String CONTENT="both" HEIGHT="40" HPOS="928" LANG="en-US" VPOS="1266" WIDTH="117" />
<SP HEIGHT="40" HPOS="1046" VPOS="1266" WIDTH="32" />
<String CONTENT="sides." HEIGHT="41" HPOS="1079" LANG="en-US" VPOS="1265" WIDTH="144" />
</TextLine>
<TextLine CS="1" HEIGHT="54" HPOS="335" VPOS="1319" WIDTH="2019">
<String CONTENT="&#169;" HEIGHT="54" HPOS="335" LANG="en-US" VPOS="1319" WIDTH="52" />
<SP HEIGHT="54" HPOS="388" VPOS="1319" WIDTH="39" />
<String CONTENT="Sept." HEIGHT="47" HPOS="428" LANG="fr" VPOS="1325" WIDTH="128" />
<SP HEIGHT="41" HPOS="557" VPOS="1323" WIDTH="36" />
<String CONTENT="28," HEIGHT="48" HPOS="594" LANG="en-US" VPOS="1323" WIDTH="71" />
<SP HEIGHT="47" HPOS="666" VPOS="1324" WIDTH="35" />
<String CONTENT="1935;" HEIGHT="48" HPOS="702" LANG="en-US" VPOS="1323" WIDTH="142" />
<SP />
<String CONTENT="1c." CS="1" LANG="en-US" />
<SP HEIGHT="42" HPOS="953" VPOS="1322" WIDTH="36" />
<String CONTENT="Feb." HEIGHT="40" HPOS="990" LANG="de" VPOS="1322" WIDTH="111" />
<SP HEIGHT="39" HPOS="1102" VPOS="1323" WIDTH="37" />
<String CONTENT="5," HEIGHT="48" HPOS="1140" LANG="fr" VPOS="1323" WIDTH="39" />
<SP HEIGHT="48" HPOS="1180" VPOS="1323" WIDTH="37" />
<String CONTENT="1936;" HEIGHT="48" HPOS="1218" LANG="fr" VPOS="1321" WIDTH="140" />
<SP HEIGHT="46" HPOS="1359" VPOS="1323" WIDTH="39" />
<String CONTENT="A-" HEIGHT="38" HPOS="1399" LANG="fr" VPOS="1323" WIDTH="100" />
<String CONTENT="Foreign" HEIGHT="49" HPOS="1503" LANG="de" VPOS="1321" WIDTH="207" />
<SP HEIGHT="40" HPOS="1711" VPOS="1322" WIDTH="36" />
<String CONTENT="30276;" HEIGHT="48" HPOS="1748" LANG="fr" VPOS="1320" WIDTH="173" />
<SP HEIGHT="47" HPOS="1922" VPOS="1321" WIDTH="40" />
<String CONTENT="H." HEIGHT="41" HPOS="1963" LANG="fi" VPOS="1321" WIDTH="62" />
<SP HEIGHT="41" HPOS="2026" VPOS="1321" WIDTH="35" />
<String CONTENT="Aschehoug" HEIGHT="48" HPOS="2062" LANG="fi" VPOS="1321" WIDTH="292" />
</TextLine>
<TextLine HEIGHT="50" HPOS="405" LANG="fi" VPOS="1379" WIDTH="596">
<String CONTENT="&amp;" HEIGHT="40" HPOS="405" VPOS="1381" WIDTH="37" />
<SP HEIGHT="40" HPOS="443" VPOS="1381" WIDTH="39" />
<String CONTENT="co." HEIGHT="29" HPOS="483" VPOS="1392" WIDTH="66" />
<SP HEIGHT="49" HPOS="550" VPOS="1380" WIDTH="53" />
<String CONTENT="(W." HEIGHT="49" HPOS="604" VPOS="1380" WIDTH="96" />
<SP HEIGHT="40" HPOS="701" VPOS="1381" WIDTH="41" />
<String CONTENT="Nygaard)" HEIGHT="49" HPOS="743" VPOS="1379" WIDTH="258" />
</TextLine>
<TextLine HEIGHT="65" HPOS="332" STYLEREFS="StyleId-EA18251B-3B41-4F16-A535-B7F86F7AF68C-" VPOS="1485" WIDTH="700">
<String CONTENT="Long," HEIGHT="65" HPOS="332" LANG="fi" VPOS="1485" WIDTH="185" />
<SP HEIGHT="63" HPOS="518" VPOS="1487" WIDTH="28" />
<String CONTENT="Ernest" HEIGHT="52" HPOS="547" LANG="fi" VPOS="1487" WIDTH="222" />
<SP HEIGHT="54" HPOS="770" VPOS="1485" WIDTH="24" />
<String CONTENT="Laurie." HEIGHT="55" HPOS="795" LANG="en-US" VPOS="1485" WIDTH="237" />
</TextLine>
<TextLine CS="1" HEIGHT="74" HPOS="405" LANG="fi" STYLEREFS="StyleId-AF4DB50E-6C66-428E-936E-DBBD5C56436A-" VPOS="1557" WIDTH="1947">
<String CONTENT="Flynn," HEIGHT="69" HPOS="405" VPOS="1562" WIDTH="209" />
<SP HEIGHT="70" HPOS="615" VPOS="1561" WIDTH="25" />
<String CONTENT="A." HEIGHT="54" HPOS="641" VPOS="1561" WIDTH="71" />
<SP HEIGHT="55" HPOS="713" VPOS="1560" WIDTH="26" />
<String CONTENT="B.," HEIGHT="70" HPOS="740" VPOS="1560" WIDTH="87" />
<SP HEIGHT="70" HPOS="828" VPOS="1560" WIDTH="25" />
<String CONTENT="by" HEIGHT="69" HPOS="854" LANG="en-US" VPOS="1560" WIDTH="73" />
<SP HEIGHT="69" HPOS="928" VPOS="1560" WIDTH="24" />
<String CONTENT="E." HEIGHT="54" HPOS="953" VPOS="1560" WIDTH="67" />
<SP HEIGHT="54" HPOS="1021" VPOS="1560" WIDTH="28" />
<String CONTENT="Laurie" HEIGHT="53" HPOS="1050" LANG="en-US" VPOS="1560" WIDTH="208" />
<SP HEIGHT="53" HPOS="1259" VPOS="1560" WIDTH="25" />
<String CONTENT="Long&#8230;" CS="1" HEIGHT="68" HPOS="1285" VPOS="1560" WIDTH="165" />
<SP HEIGHT="54" HPOS="1528" VPOS="1559" WIDTH="66" />
<String CONTENT="London" HEIGHT="51" HPOS="1595" VPOS="1559" WIDTH="239" />
<SP HEIGHT="35" HPOS="1835" VPOS="1577" WIDTH="27" />
<String CONTENT="and" HEIGHT="52" HPOS="1863" VPOS="1562" WIDTH="113" />
<SP HEIGHT="56" HPOS="1977" VPOS="1558" WIDTH="26" />
<String CONTENT="Melbourne," HEIGHT="70" HPOS="2004" VPOS="1557" WIDTH="348" />
</TextLine>
<TextLine HEIGHT="70" HPOS="334" STYLEREFS="StyleId-AF4DB50E-6C66-428E-936E-DBBD5C56436A-" VPOS="1639" WIDTH="1075">
<String CONTENT="Ward," HEIGHT="69" HPOS="334" LANG="en-US" VPOS="1639" WIDTH="197" />
<SP HEIGHT="67" HPOS="532" VPOS="1641" WIDTH="34" />
<String CONTENT="Lock" HEIGHT="52" HPOS="567" LANG="en-US" VPOS="1640" WIDTH="155" />
<SP HEIGHT="51" HPOS="723" VPOS="1640" WIDTH="34" />
<String CONTENT="&amp;" HEIGHT="50" HPOS="758" LANG="fi" VPOS="1641" WIDTH="46" />
<SP HEIGHT="52" HPOS="805" VPOS="1641" WIDTH="33" />
<String CONTENT="co.," HEIGHT="51" HPOS="839" LANG="fi" VPOS="1658" WIDTH="97" />
<SP HEIGHT="68" HPOS="937" VPOS="1641" WIDTH="33" />
<String CONTENT="limited" HEIGHT="53" HPOS="971" LANG="en-US" VPOS="1640" WIDTH="224" />
<SP HEIGHT="68" HPOS="1196" VPOS="1640" WIDTH="39" />
<String CONTENT="[1936]" HEIGHT="67" HPOS="1236" LANG="fi" VPOS="1641" WIDTH="173" />
</TextLine>
<TextLine HEIGHT="50" HPOS="402" LANG="fi" VPOS="1710" WIDTH="338">
<String CONTENT="320" HEIGHT="41" HPOS="402" VPOS="1710" WIDTH="88" />
<SP HEIGHT="49" HPOS="491" VPOS="1711" WIDTH="26" />
<String CONTENT="p." HEIGHT="38" HPOS="518" VPOS="1722" WIDTH="43" />
<SP HEIGHT="40" HPOS="562" VPOS="1712" WIDTH="58" />
<String CONTENT="19" HEIGHT="40" HPOS="621" VPOS="1711" WIDTH="57" />
<String CONTENT="cm" HEIGHT="21" HPOS="682" STYLE="superscript" VPOS="1714" WIDTH="44" />
<String CONTENT="." HEIGHT="8" HPOS="731" VPOS="1744" WIDTH="9" />
</TextLine>
<TextLine CS="1" HEIGHT="53" HPOS="335" VPOS="1769" WIDTH="2016">
<String CONTENT="&#169;" HEIGHT="53" HPOS="335" LANG="fi" VPOS="1769" WIDTH="53" />
<SP />
<String CONTENT="1c." CS="1" LANG="fi" />
<SP HEIGHT="40" HPOS="486" VPOS="1773" WIDTH="32" />
<String CONTENT="Feb." HEIGHT="39" HPOS="519" LANG="en-US" VPOS="1773" WIDTH="112" />
<SP HEIGHT="39" HPOS="632" VPOS="1773" WIDTH="30" />
<String CONTENT="27," HEIGHT="47" HPOS="663" LANG="fi" VPOS="1773" WIDTH="70" />
<SP HEIGHT="48" HPOS="734" VPOS="1772" WIDTH="31" />
<String CONTENT="1936;" HEIGHT="47" HPOS="766" LANG="fi" VPOS="1771" WIDTH="142" />
<SP HEIGHT="46" HPOS="909" VPOS="1772" WIDTH="32" />
<String CONTENT="A" HEIGHT="38" HPOS="942" LANG="fi" VPOS="1772" WIDTH="40" />
<SP HEIGHT="38" HPOS="983" VPOS="1772" WIDTH="32" />
<String CONTENT="ad" HEIGHT="38" HPOS="1016" LANG="de" VPOS="1773" WIDTH="61" />
<SP HEIGHT="40" HPOS="1078" VPOS="1771" WIDTH="29" />
<String CONTENT="int." HEIGHT="40" HPOS="1108" LANG="de" VPOS="1771" WIDTH="88" />
<SP HEIGHT="41" HPOS="1197" VPOS="1770" WIDTH="30" />
<String CONTENT="21125;" HEIGHT="48" HPOS="1228" LANG="fr" VPOS="1770" WIDTH="170" />
<SP HEIGHT="39" HPOS="1399" VPOS="1781" WIDTH="33" />
<String CONTENT="pubd." HEIGHT="49" HPOS="1433" LANG="fr" VPOS="1771" WIDTH="144" />
<SP HEIGHT="40" HPOS="1578" VPOS="1771" WIDTH="32" />
<String CONTENT="Jan." HEIGHT="40" HPOS="1611" LANG="de" VPOS="1771" WIDTH="110" />
<SP HEIGHT="40" HPOS="1722" VPOS="1771" WIDTH="30" />
<String CONTENT="3;" HEIGHT="46" HPOS="1753" LANG="fr" VPOS="1771" WIDTH="53" />
<SP HEIGHT="46" HPOS="1807" VPOS="1771" WIDTH="36" />
<String CONTENT="E." HEIGHT="39" HPOS="1844" LANG="fi" VPOS="1771" WIDTH="51" />
<SP HEIGHT="38" HPOS="1896" VPOS="1771" WIDTH="33" />
<String CONTENT="L." HEIGHT="40" HPOS="1930" LANG="fi" VPOS="1771" WIDTH="52" />
<SP HEIGHT="41" HPOS="1983" VPOS="1770" WIDTH="32" />
<String CONTENT="Long," HEIGHT="49" HPOS="2016" LANG="fi" VPOS="1770" WIDTH="146" />
<SP HEIGHT="50" HPOS="2163" VPOS="1769" WIDTH="35" />
<String CONTENT="Gridea" HEIGHT="41" HPOS="2199" LANG="fi" VPOS="1769" WIDTH="152" />
</TextLine>
<TextLine HEIGHT="51" HPOS="404" LANG="fi" VPOS="1827" WIDTH="949">
<String CONTENT="Park," HEIGHT="48" HPOS="404" VPOS="1830" WIDTH="145" />
<SP HEIGHT="47" HPOS="550" VPOS="1831" WIDTH="32" />
<String CONTENT="Essex," HEIGHT="47" HPOS="583" VPOS="1831" WIDTH="169" />
<SP HEIGHT="48" HPOS="753" VPOS="1830" WIDTH="34" />
<String CONTENT="England." HEIGHT="47" HPOS="788" VPOS="1830" WIDTH="238" />
<SP HEIGHT="49" HPOS="1027" VPOS="1828" WIDTH="72" />
<String CONTENT="(36--6479)" HEIGHT="50" HPOS="1100" VPOS="1827" WIDTH="253" />
</TextLine>
<TextLine HEIGHT="68" HPOS="333" LANG="en-US" STYLEREFS="StyleId-9F8C9276-DC88-4234-AC57-F8EF61E5D86F-" VPOS="1933" WIDTH="1015">
<String CONTENT="Louisiana." HEIGHT="55" HPOS="333" VPOS="1933" WIDTH="340" />
<SP HEIGHT="51" HPOS="674" VPOS="1937" WIDTH="73" />
<String CONTENT="Laws" HEIGHT="50" HPOS="748" VPOS="1937" WIDTH="167" />
<String CONTENT="," HEIGHT="24" HPOS="923" LANG="fi" VPOS="1977" WIDTH="11" />
<SP HEIGHT="48" HPOS="935" VPOS="1953" WIDTH="25" />
<String CONTENT="statutes" HEIGHT="48" HPOS="961" VPOS="1940" WIDTH="240" />
<String CONTENT="," HEIGHT="24" HPOS="1208" LANG="fi" VPOS="1976" WIDTH="11" />
<SP HEIGHT="47" HPOS="1220" VPOS="1953" WIDTH="27" />
<String CONTENT="etc." HEIGHT="46" HPOS="1248" VPOS="1940" WIDTH="100" />
</TextLine>
<TextLine CS="1" HEIGHT="57" HPOS="467" LANG="en-US" STYLEREFS="StyleId-AF4DB50E-6C66-428E-936E-DBBD5C56436A-" VPOS="2010" WIDTH="1881">
<String CONTENT="&#8230;" CS="1" />
<SP HEIGHT="55" HPOS="467" VPOS="2012" WIDTH="42" />
<String CONTENT="Civil" HEIGHT="55" HPOS="510" VPOS="2012" WIDTH="156" />
<SP HEIGHT="51" HPOS="667" VPOS="2015" WIDTH="34" />
<String CONTENT="code" HEIGHT="52" HPOS="702" VPOS="2013" WIDTH="135" />
<SP HEIGHT="34" HPOS="838" VPOS="2031" WIDTH="34" />
<String CONTENT="of" HEIGHT="53" HPOS="873" VPOS="2012" WIDTH="63" />
<SP HEIGHT="51" HPOS="937" VPOS="2012" WIDTH="34" />
<String CONTENT="the" HEIGHT="51" HPOS="972" VPOS="2013" WIDTH="96" />
<SP HEIGHT="33" HPOS="1069" VPOS="2031" WIDTH="34" />
<String CONTENT="state" HEIGHT="49" HPOS="1104" VPOS="2015" WIDTH="146" />
<SP HEIGHT="34" HPOS="1251" VPOS="2030" WIDTH="33" />
<String CONTENT="of" HEIGHT="53" HPOS="1285" VPOS="2011" WIDTH="62" />
<SP HEIGHT="52" HPOS="1348" VPOS="2011" WIDTH="33" />
<String CONTENT="Louisiana." HEIGHT="54" HPOS="1382" VPOS="2010" WIDTH="327" />
<SP HEIGHT="51" HPOS="1710" VPOS="2012" WIDTH="72" />
<String CONTENT="Revision" HEIGHT="53" HPOS="1783" VPOS="2010" WIDTH="273" />
<SP HEIGHT="34" HPOS="2057" VPOS="2028" WIDTH="37" />
<String CONTENT="of" HEIGHT="52" HPOS="2095" VPOS="2010" WIDTH="64" />
<SP HEIGHT="52" HPOS="2160" VPOS="2010" WIDTH="38" />
<String CONTENT="1870." HEIGHT="53" HPOS="2199" VPOS="2011" WIDTH="149" />
</TextLine>
<TextLine CS="1" HEIGHT="69" HPOS="335" LANG="en-US" STYLEREFS="StyleId-AF4DB50E-6C66-428E-936E-DBBD5C56436A-" VPOS="2089" WIDTH="2014">
<String CONTENT="Edited" HEIGHT="53" HPOS="335" VPOS="2091" WIDTH="214" />
<SP HEIGHT="52" HPOS="550" VPOS="2091" WIDTH="39" />
<String CONTENT="by" HEIGHT="67" HPOS="590" VPOS="2091" WIDTH="76" />
<SP HEIGHT="65" HPOS="667" VPOS="2093" WIDTH="37" />
<String CONTENT="Benjamin" HEIGHT="68" HPOS="705" VPOS="2090" WIDTH="313" />
<SP HEIGHT="53" HPOS="1019" VPOS="2092" WIDTH="34" />
<String CONTENT="Wall" HEIGHT="55" HPOS="1054" VPOS="2090" WIDTH="156" />
<SP HEIGHT="51" HPOS="1211" VPOS="2090" WIDTH="39" />
<String CONTENT="Dart" HEIGHT="52" HPOS="1251" VPOS="2091" WIDTH="150" />
<SP HEIGHT="47" HPOS="1402" VPOS="2096" WIDTH="45" />
<String CONTENT="&#8230;" CS="1" />
<SP HEIGHT="33" HPOS="1504" VPOS="2108" WIDTH="44" />
<String CONTENT="annotated" HEIGHT="52" HPOS="1549" VPOS="2089" WIDTH="309" />
<SP HEIGHT="53" HPOS="1859" VPOS="2089" WIDTH="37" />
<String CONTENT="by" HEIGHT="67" HPOS="1897" VPOS="2090" WIDTH="77" />
<SP HEIGHT="68" HPOS="1975" VPOS="2089" WIDTH="39" />
<String CONTENT="George" HEIGHT="67" HPOS="2015" VPOS="2089" WIDTH="222" />
<SP HEIGHT="52" HPOS="2238" VPOS="2090" WIDTH="38" />
<String CONTENT="A." HEIGHT="52" HPOS="2277" VPOS="2090" WIDTH="72" />
</TextLine>
<TextLine CS="1" HEIGHT="71" HPOS="332" LANG="en-US" STYLEREFS="StyleId-AF4DB50E-6C66-428E-936E-DBBD5C56436A-" VPOS="2164" WIDTH="2018">
<String CONTENT="Wilson" HEIGHT="55" HPOS="332" VPOS="2169" WIDTH="226" />
<SP HEIGHT="33" HPOS="559" VPOS="2188" WIDTH="48" />
<String CONTENT="&#8230;" CS="1" />
<SP HEIGHT="33" HPOS="665" VPOS="2188" WIDTH="48" />
<String CONTENT="assisted" HEIGHT="55" HPOS="714" VPOS="2167" WIDTH="238" />
<SP HEIGHT="52" HPOS="953" VPOS="2169" WIDTH="42" />
<String CONTENT="by" HEIGHT="65" HPOS="996" VPOS="2169" WIDTH="70" />
<SP HEIGHT="61" HPOS="1067" VPOS="2173" WIDTH="45" />
<String CONTENT="the" HEIGHT="51" HPOS="1113" VPOS="2169" WIDTH="98" />
<SP HEIGHT="49" HPOS="1212" VPOS="2186" WIDTH="43" />
<String CONTENT="publisher&#8217;s" HEIGHT="69" HPOS="1256" VPOS="2166" WIDTH="340" />
<SP HEIGHT="35" HPOS="1597" VPOS="2186" WIDTH="43" />
<String CONTENT="editorial" HEIGHT="53" HPOS="1641" VPOS="2167" WIDTH="267" />
<SP HEIGHT="53" HPOS="1909" VPOS="2168" WIDTH="46" />
<String CONTENT="staff." HEIGHT="57" HPOS="1956" VPOS="2164" WIDTH="151" />
<SP HEIGHT="33" HPOS="2108" VPOS="2202" WIDTH="87" />
<String CONTENT="[1935" HEIGHT="64" HPOS="2196" VPOS="2171" WIDTH="154" />
</TextLine>
<TextLine HEIGHT="70" HPOS="334" LANG="en-US" STYLEREFS="StyleId-AF4DB50E-6C66-428E-936E-DBBD5C56436A-" VPOS="2245" WIDTH="2017">
<String CONTENT="cumulative" HEIGHT="55" HPOS="334" VPOS="2247" WIDTH="350" />
<SP HEIGHT="34" HPOS="685" VPOS="2267" WIDTH="56" />
<String CONTENT="annual" HEIGHT="52" HPOS="742" VPOS="2248" WIDTH="212" />
<SP HEIGHT="67" HPOS="955" VPOS="2248" WIDTH="57" />
<String CONTENT="pocket" HEIGHT="69" HPOS="1013" VPOS="2246" WIDTH="203" />
<SP HEIGHT="49" HPOS="1217" VPOS="2250" WIDTH="56" />
<String CONTENT="supplement." HEIGHT="70" HPOS="1274" VPOS="2245" WIDTH="378" />
<SP HEIGHT="51" HPOS="1653" VPOS="2248" WIDTH="95" />
<String CONTENT="Indianapolis," HEIGHT="69" HPOS="1749" VPOS="2246" WIDTH="420" />
<SP HEIGHT="65" HPOS="2170" VPOS="2248" WIDTH="59" />
<String CONTENT="The" HEIGHT="53" HPOS="2230" VPOS="2247" WIDTH="121" />
</TextLine>
<TextLine HEIGHT="66" HPOS="333" LANG="en-US" STYLEREFS="StyleId-AF4DB50E-6C66-428E-936E-DBBD5C56436A-" VPOS="2327" WIDTH="988">
<String CONTENT="Bobbs-Merrill" HEIGHT="55" HPOS="333" VPOS="2327" WIDTH="446" />
<SP HEIGHT="51" HPOS="780" VPOS="2327" WIDTH="31" />
<String CONTENT="company]" HEIGHT="49" HPOS="812" VPOS="2344" WIDTH="300" />
<SP HEIGHT="61" HPOS="1113" VPOS="2332" WIDTH="34" />
<String CONTENT="c" HEIGHT="21" HPOS="1148" STYLE="superscript" VPOS="2332" WIDTH="18" />
<String CONTENT="1935." HEIGHT="51" HPOS="1172" VPOS="2329" WIDTH="149" />
</TextLine>
<TextLine CS="1" HEIGHT="51" HPOS="406" LANG="en-US" VPOS="2399" WIDTH="560">
<String CONTENT="1" HEIGHT="39" HPOS="406" VPOS="2402" WIDTH="25" />
<SP HEIGHT="47" HPOS="432" VPOS="2402" WIDTH="27" />
<String CONTENT="p," HEIGHT="37" HPOS="460" VPOS="2412" WIDTH="42" />
<SP HEIGHT="38" HPOS="503" VPOS="2402" WIDTH="27" />
<String CONTENT="l.," HEIGHT="48" HPOS="531" VPOS="2402" WIDTH="45" />
<SP HEIGHT="49" HPOS="577" VPOS="2401" WIDTH="27" />
<String CONTENT="142" HEIGHT="40" HPOS="605" VPOS="2400" WIDTH="91" />
<SP HEIGHT="48" HPOS="697" VPOS="2400" WIDTH="21" />
<String CONTENT="p." HEIGHT="37" HPOS="719" VPOS="2411" WIDTH="44" />
<SP HEIGHT="42" HPOS="764" VPOS="2399" WIDTH="53" />
<String CONTENT="25&#189;" CS="1" HEIGHT="40" HPOS="818" VPOS="2399" WIDTH="60" />
<String CONTENT="cm" HEIGHT="21" HPOS="907" STYLE="superscript" VPOS="2401" WIDTH="46" />
<String CONTENT="." HEIGHT="9" HPOS="957" VPOS="2431" WIDTH="9" />
</TextLine>
<TextLine HEIGHT="50" HPOS="407" LANG="en-US" VPOS="2455" WIDTH="1946">
<String CONTENT="This" HEIGHT="40" HPOS="407" VPOS="2458" WIDTH="118" />
<SP HEIGHT="37" HPOS="526" VPOS="2468" WIDTH="23" />
<String CONTENT="pamphlet" HEIGHT="47" HPOS="550" VPOS="2458" WIDTH="255" />
<SP HEIGHT="40" HPOS="806" VPOS="2456" WIDTH="18" />
<String CONTENT="is" HEIGHT="41" HPOS="825" VPOS="2456" WIDTH="46" />
<SP HEIGHT="38" HPOS="872" VPOS="2459" WIDTH="18" />
<String CONTENT="to" HEIGHT="37" HPOS="891" VPOS="2459" WIDTH="50" />
<SP HEIGHT="39" HPOS="942" VPOS="2457" WIDTH="22" />
<String CONTENT="be" HEIGHT="39" HPOS="965" VPOS="2457" WIDTH="56" />
<SP HEIGHT="39" HPOS="1022" VPOS="2456" WIDTH="23" />
<String CONTENT="fitted" HEIGHT="39" HPOS="1046" VPOS="2456" WIDTH="140" />
<SP HEIGHT="40" HPOS="1187" VPOS="2455" WIDTH="24" />
<String CONTENT="into" HEIGHT="40" HPOS="1212" VPOS="2455" WIDTH="102" />
<SP HEIGHT="38" HPOS="1315" VPOS="2458" WIDTH="25" />
<String CONTENT="the" HEIGHT="40" HPOS="1341" VPOS="2456" WIDTH="81" />
<SP HEIGHT="36" HPOS="1423" VPOS="2466" WIDTH="22" />
<String CONTENT="pocket" HEIGHT="47" HPOS="1446" VPOS="2455" WIDTH="171" />
<SP HEIGHT="38" HPOS="1618" VPOS="2457" WIDTH="24" />
<String CONTENT="at" HEIGHT="38" HPOS="1643" VPOS="2457" WIDTH="51" />
<SP HEIGHT="38" HPOS="1695" VPOS="2457" WIDTH="25" />
<String CONTENT="the" HEIGHT="39" HPOS="1721" VPOS="2456" WIDTH="85" />
<SP HEIGHT="39" HPOS="1807" VPOS="2456" WIDTH="18" />
<String CONTENT="back" HEIGHT="40" HPOS="1826" VPOS="2456" WIDTH="123" />
<SP HEIGHT="38" HPOS="1950" VPOS="2456" WIDTH="25" />
<String CONTENT="of" HEIGHT="40" HPOS="1976" VPOS="2455" WIDTH="52" />
<SP HEIGHT="41" HPOS="2029" VPOS="2455" WIDTH="23" />
<String CONTENT="the" HEIGHT="39" HPOS="2053" VPOS="2457" WIDTH="83" />
<SP HEIGHT="31" HPOS="2137" VPOS="2466" WIDTH="22" />
<String CONTENT="volume" HEIGHT="41" HPOS="2160" VPOS="2456" WIDTH="193" />
</TextLine>
<TextLine HEIGHT="47" HPOS="334" LANG="en-US" VPOS="2512" WIDTH="903">
<String CONTENT="of" HEIGHT="38" HPOS="334" VPOS="2516" WIDTH="52" />
<SP HEIGHT="39" HPOS="387" VPOS="2516" WIDTH="37" />
<String CONTENT="the" HEIGHT="39" HPOS="425" VPOS="2516" WIDTH="85" />
<SP HEIGHT="30" HPOS="511" VPOS="2525" WIDTH="33" />
<String CONTENT="set" HEIGHT="37" HPOS="545" VPOS="2517" WIDTH="78" />
<SP HEIGHT="37" HPOS="624" VPOS="2517" WIDTH="35" />
<String CONTENT="to" HEIGHT="37" HPOS="660" VPOS="2517" WIDTH="52" />
<SP HEIGHT="29" HPOS="713" VPOS="2524" WIDTH="34" />
<String CONTENT="which" HEIGHT="41" HPOS="748" VPOS="2512" WIDTH="159" />
<SP HEIGHT="39" HPOS="908" VPOS="2513" WIDTH="38" />
<String CONTENT="it" HEIGHT="40" HPOS="947" VPOS="2513" WIDTH="42" />
<SP HEIGHT="40" HPOS="990" VPOS="2513" WIDTH="35" />
<String CONTENT="belongs." HEIGHT="46" HPOS="1026" VPOS="2513" WIDTH="211" />
</TextLine>
<TextLine CS="1" HEIGHT="54" HPOS="335" LANG="en-US" VPOS="2567" WIDTH="2016">
<String CONTENT="&#169;" HEIGHT="53" HPOS="335" VPOS="2568" WIDTH="52" />
<SP HEIGHT="53" HPOS="388" VPOS="2568" WIDTH="26" />
<String CONTENT="Dec." HEIGHT="39" HPOS="415" VPOS="2573" WIDTH="112" />
<SP HEIGHT="41" HPOS="528" VPOS="2571" WIDTH="27" />
<String CONTENT="20," HEIGHT="49" HPOS="556" VPOS="2571" WIDTH="70" />
<SP HEIGHT="48" HPOS="627" VPOS="2572" WIDTH="28" />
<String CONTENT="1935" HEIGHT="41" HPOS="656" VPOS="2570" WIDTH="114" />
<SP HEIGHT="47" HPOS="771" VPOS="2571" WIDTH="17" />
<String CONTENT=";" HEIGHT="37" HPOS="789" VPOS="2581" WIDTH="9" />
<SP HEIGHT="48" HPOS="799" VPOS="2570" WIDTH="30" />
<String CONTENT="2c." HEIGHT="41" HPOS="830" VPOS="2570" WIDTH="67" />
<SP HEIGHT="40" HPOS="898" VPOS="2571" WIDTH="29" />
<String CONTENT="Jan." HEIGHT="39" HPOS="928" VPOS="2571" WIDTH="109" />
<SP HEIGHT="37" HPOS="1038" VPOS="2571" WIDTH="30" />
<String CONTENT="13," HEIGHT="48" HPOS="1069" VPOS="2570" WIDTH="69" />
<SP HEIGHT="48" HPOS="1139" VPOS="2570" WIDTH="28" />
<String CONTENT="1936" HEIGHT="40" HPOS="1168" VPOS="2568" WIDTH="114" />
<SP HEIGHT="47" HPOS="1283" VPOS="2569" WIDTH="17" />
<String CONTENT=";" HEIGHT="36" HPOS="1301" VPOS="2580" WIDTH="8" />
<SP />
<String CONTENT="aff." CS="1" />
<SP HEIGHT="40" HPOS="1425" VPOS="2569" WIDTH="25" />
<String CONTENT="Jan." HEIGHT="40" HPOS="1451" VPOS="2569" WIDTH="110" />
<SP HEIGHT="40" HPOS="1562" VPOS="2569" WIDTH="28" />
<String CONTENT="17" HEIGHT="39" HPOS="1591" VPOS="2569" WIDTH="56" />
<SP HEIGHT="47" HPOS="1648" VPOS="2569" WIDTH="16" />
<String CONTENT=";" HEIGHT="37" HPOS="1665" VPOS="2579" WIDTH="8" />
<SP HEIGHT="47" HPOS="1674" VPOS="2569" WIDTH="31" />
<String CONTENT="A" HEIGHT="38" HPOS="1706" VPOS="2569" WIDTH="40" />
<SP HEIGHT="41" HPOS="1747" VPOS="2567" WIDTH="26" />
<String CONTENT="91282" HEIGHT="42" HPOS="1774" VPOS="2567" WIDTH="145" />
<SP HEIGHT="49" HPOS="1920" VPOS="2568" WIDTH="17" />
<String CONTENT=";" HEIGHT="37" HPOS="1938" VPOS="2580" WIDTH="8" />
<SP HEIGHT="46" HPOS="1947" VPOS="2571" WIDTH="33" />
<String CONTENT="Bobbs-Merrill" HEIGHT="43" HPOS="1981" VPOS="2568" WIDTH="370" />
</TextLine>
<TextLine HEIGHT="30" HPOS="408" LANG="en-US" VPOS="2640" WIDTH="66">
<String CONTENT="co." HEIGHT="30" HPOS="408" VPOS="2640" WIDTH="66" />
</TextLine>
<TextLine CS="1" HEIGHT="71" HPOS="467" LANG="en-US" STYLEREFS="StyleId-AF4DB50E-6C66-428E-936E-DBBD5C56436A-" VPOS="2727" WIDTH="1582">
<String CONTENT="&#8230;" CS="1" />
<SP HEIGHT="54" HPOS="467" VPOS="2732" WIDTH="35" />
<String CONTENT="Combined" HEIGHT="55" HPOS="503" VPOS="2731" WIDTH="316" />
<SP HEIGHT="66" HPOS="820" VPOS="2732" WIDTH="27" />
<String CONTENT="general" HEIGHT="65" HPOS="848" VPOS="2733" WIDTH="229" />
<SP HEIGHT="54" HPOS="1078" VPOS="2729" WIDTH="28" />
<String CONTENT="indexes" HEIGHT="53" HPOS="1107" VPOS="2729" WIDTH="230" />
<SP HEIGHT="34" HPOS="1338" VPOS="2748" WIDTH="31" />
<String CONTENT="and" HEIGHT="52" HPOS="1370" VPOS="2729" WIDTH="112" />
<SP HEIGHT="52" HPOS="1483" VPOS="2729" WIDTH="27" />
<String CONTENT="tables," HEIGHT="69" HPOS="1511" VPOS="2727" WIDTH="197" />
<SP HEIGHT="66" HPOS="1709" VPOS="2730" WIDTH="27" />
<String CONTENT="Louisiana" HEIGHT="53" HPOS="1737" VPOS="2729" WIDTH="312" />
</TextLine>
<TextLine CS="1" HEIGHT="146" HPOS="334" LANG="en-US" STYLEREFS="StyleId-AF4DB50E-6C66-428E-936E-DBBD5C56436A-" VPOS="2730" WIDTH="2017">
<String CONTENT="constitution," HEIGHT="146" HPOS="334" VPOS="2730" WIDTH="1991" />
<SP HEIGHT="48" HPOS="475" VPOS="2828" WIDTH="25" />
<String CONTENT="codes" HEIGHT="55" HPOS="501" VPOS="2810" WIDTH="164" />
<SP HEIGHT="36" HPOS="666" VPOS="2829" WIDTH="27" />
<String CONTENT="and" HEIGHT="52" HPOS="694" VPOS="2810" WIDTH="113" />
<SP HEIGHT="52" HPOS="808" VPOS="2810" WIDTH="25" />
<String CONTENT="statutes," HEIGHT="49" HPOS="834" VPOS="2812" WIDTH="257" />
<SP HEIGHT="34" HPOS="1092" VPOS="2827" WIDTH="61" />
<String CONTENT="volume" HEIGHT="52" HPOS="1154" VPOS="2808" WIDTH="224" />
<SP HEIGHT="48" HPOS="1379" VPOS="2811" WIDTH="25" />
<String CONTENT="4." HEIGHT="48" HPOS="1405" VPOS="2811" WIDTH="47" />
<SP HEIGHT="51" HPOS="1453" VPOS="2808" WIDTH="62" />
<String CONTENT="Edited" HEIGHT="52" HPOS="1516" VPOS="2807" WIDTH="214" />
<SP HEIGHT="52" HPOS="1731" VPOS="2807" WIDTH="24" />
<String CONTENT="by" HEIGHT="67" HPOS="1756" VPOS="2807" WIDTH="76" />
<SP HEIGHT="64" HPOS="1833" VPOS="2810" WIDTH="25" />
<String CONTENT="Benjamin" HEIGHT="68" HPOS="1859" VPOS="2807" WIDTH="310" />
<SP HEIGHT="53" HPOS="2170" VPOS="2810" WIDTH="23" />
<String CONTENT="Wall" HEIGHT="53" HPOS="2194" VPOS="2810" WIDTH="157" />
</TextLine>
<TextLine CS="1" HEIGHT="70" HPOS="335" LANG="en-US" STYLEREFS="StyleId-AF4DB50E-6C66-428E-936E-DBBD5C56436A-" VPOS="2885" WIDTH="2015">
<String CONTENT="Dart" HEIGHT="53" HPOS="335" VPOS="2890" WIDTH="151" />
<SP HEIGHT="47" HPOS="487" VPOS="2896" WIDTH="46" />
<String CONTENT="&#8230;" CS="1" />
<SP HEIGHT="34" HPOS="590" VPOS="2907" WIDTH="47" />
<String CONTENT="annotated" HEIGHT="54" HPOS="638" VPOS="2887" WIDTH="310" />
<SP HEIGHT="53" HPOS="949" VPOS="2887" WIDTH="38" />
<String CONTENT="by" HEIGHT="67" HPOS="988" VPOS="2887" WIDTH="76" />
<SP HEIGHT="68" HPOS="1065" VPOS="2886" WIDTH="38" />
<String CONTENT="George" HEIGHT="68" HPOS="1104" VPOS="2886" WIDTH="223" />
<SP HEIGHT="53" HPOS="1328" VPOS="2886" WIDTH="39" />
<String CONTENT="A." HEIGHT="53" HPOS="1368" VPOS="2886" WIDTH="72" />
<SP HEIGHT="53" HPOS="1441" VPOS="2887" WIDTH="39" />
<String CONTENT="Wilson" HEIGHT="55" HPOS="1481" VPOS="2885" WIDTH="224" />
<SP HEIGHT="33" HPOS="1706" VPOS="2905" WIDTH="47" />
<String CONTENT="&#8230;" CS="1" />
<SP HEIGHT="33" HPOS="1810" VPOS="2905" WIDTH="47" />
<String CONTENT="assisted" HEIGHT="56" HPOS="1858" VPOS="2885" WIDTH="239" />
<SP HEIGHT="53" HPOS="2098" VPOS="2887" WIDTH="39" />
<String CONTENT="by" HEIGHT="68" HPOS="2138" VPOS="2887" WIDTH="76" />
<SP HEIGHT="63" HPOS="2215" VPOS="2892" WIDTH="36" />
<String CONTENT="the" HEIGHT="53" HPOS="2252" VPOS="2888" WIDTH="98" />
</TextLine>
<TextLine HEIGHT="73" HPOS="334" LANG="en-US" STYLEREFS="StyleId-AF4DB50E-6C66-428E-936E-DBBD5C56436A-" VPOS="2962" WIDTH="2016">
<String CONTENT="publisher&#8217;s" HEIGHT="68" HPOS="334" VPOS="2967" WIDTH="342" />
<SP HEIGHT="35" HPOS="677" VPOS="2985" WIDTH="48" />
<String CONTENT="editorial" HEIGHT="53" HPOS="726" VPOS="2966" WIDTH="267" />
<SP HEIGHT="52" HPOS="994" VPOS="2966" WIDTH="47" />
<String CONTENT="staff." HEIGHT="56" HPOS="1042" VPOS="2962" WIDTH="150" />
<SP HEIGHT="33" HPOS="1193" VPOS="2999" WIDTH="91" />
<String CONTENT="c" HEIGHT="33" HPOS="1285" STYLE="subscript" VPOS="2999" WIDTH="12" />
<String CONTENT="1935" HEIGHT="49" HPOS="1306" VPOS="2968" WIDTH="133" />
<SP HEIGHT="47" HPOS="1440" VPOS="2970" WIDTH="47" />
<String CONTENT="cumulative" HEIGHT="53" HPOS="1488" VPOS="2964" WIDTH="346" />
<SP HEIGHT="33" HPOS="1835" VPOS="2984" WIDTH="47" />
<String CONTENT="annual" HEIGHT="51" HPOS="1883" VPOS="2968" WIDTH="215" />
<SP HEIGHT="66" HPOS="2099" VPOS="2968" WIDTH="47" />
<String CONTENT="pocket" HEIGHT="67" HPOS="2147" VPOS="2967" WIDTH="203" />
</TextLine>
<TextLine CS="1" HEIGHT="70" HPOS="334" LANG="en-US" STYLEREFS="StyleId-AF4DB50E-6C66-428E-936E-DBBD5C56436A-" VPOS="3043" WIDTH="2014">
<String CONTENT="supplement." HEIGHT="68" HPOS="334" VPOS="3045" WIDTH="379" />
<SP HEIGHT="51" HPOS="714" VPOS="3046" WIDTH="60" />
<String CONTENT="Indianapolis," HEIGHT="67" HPOS="775" VPOS="3044" WIDTH="421" />
<SP HEIGHT="66" HPOS="1197" VPOS="3044" WIDTH="24" />
<String CONTENT="The" HEIGHT="51" HPOS="1222" VPOS="3044" WIDTH="121" />
<SP HEIGHT="50" HPOS="1344" VPOS="3046" WIDTH="26" />
<String CONTENT="Bobbs-Merrill" HEIGHT="53" HPOS="1371" VPOS="3043" WIDTH="445" />
<SP HEIGHT="51" HPOS="1817" VPOS="3044" WIDTH="24" />
<String CONTENT="company]" HEIGHT="50" HPOS="1842" VPOS="3062" WIDTH="300" />
<SP HEIGHT="61" HPOS="2143" VPOS="3051" WIDTH="28" />
<String CONTENT="c1935." CS="1" HEIGHT="49" HPOS="2198" VPOS="3048" WIDTH="150" />
</TextLine>
<TextLine CS="1" HEIGHT="50" HPOS="406" LANG="en-US" STYLEREFS="StyleId-AF4DB50E-6C66-428E-936E-DBBD5C56436A-" VPOS="3117" WIDTH="560">
<String CONTENT="1" HEIGHT="39" HPOS="406" VPOS="3120" WIDTH="25" />
<SP HEIGHT="47" HPOS="432" VPOS="3120" WIDTH="26" />
<String CONTENT="p." HEIGHT="37" HPOS="459" VPOS="3130" WIDTH="43" />
<SP HEIGHT="39" HPOS="503" VPOS="3120" WIDTH="25" />
<String CONTENT="1," HEIGHT="46" HPOS="529" VPOS="3120" WIDTH="45" />
<SP HEIGHT="47" HPOS="575" VPOS="3119" WIDTH="28" />
<String CONTENT="143" HEIGHT="39" HPOS="604" VPOS="3118" WIDTH="85" />
<SP HEIGHT="47" HPOS="690" VPOS="3118" WIDTH="27" />
<String CONTENT="p." HEIGHT="36" HPOS="718" VPOS="3129" WIDTH="43" />
<SP HEIGHT="41" HPOS="762" VPOS="3117" WIDTH="57" />
<String CONTENT="25&#189;" CS="1" HEIGHT="39" HPOS="820" VPOS="3117" WIDTH="54" />
<String CONTENT="cm" HEIGHT="21" HPOS="908" STYLE="superscript" VPOS="3119" WIDTH="43" />
<String CONTENT="." HEIGHT="8" HPOS="959" VPOS="3149" WIDTH="7" />
</TextLine>
<TextLine HEIGHT="50" HPOS="408" LANG="en-US" VPOS="3172" WIDTH="1942">
<String CONTENT="This" HEIGHT="38" HPOS="408" VPOS="3176" WIDTH="118" />
<SP HEIGHT="36" HPOS="527" VPOS="3186" WIDTH="23" />
<String CONTENT="pamphlet" HEIGHT="47" HPOS="551" VPOS="3175" WIDTH="254" />
<SP HEIGHT="40" HPOS="806" VPOS="3174" WIDTH="19" />
<String CONTENT="is" HEIGHT="40" HPOS="826" VPOS="3174" WIDTH="41" />
<SP HEIGHT="38" HPOS="868" VPOS="3176" WIDTH="24" />
<String CONTENT="to" HEIGHT="37" HPOS="893" VPOS="3176" WIDTH="48" />
<SP HEIGHT="39" HPOS="946" VPOS="3174" WIDTH="19" />
<String CONTENT="be" HEIGHT="39" HPOS="966" VPOS="3174" WIDTH="56" />
<SP HEIGHT="40" HPOS="1023" VPOS="3173" WIDTH="23" />
<String CONTENT="fitted" HEIGHT="40" HPOS="1047" VPOS="3173" WIDTH="138" />
<SP HEIGHT="40" HPOS="1186" VPOS="3173" WIDTH="25" />
<String CONTENT="into" HEIGHT="41" HPOS="1212" VPOS="3173" WIDTH="101" />
<SP HEIGHT="39" HPOS="1314" VPOS="3175" WIDTH="26" />
<String CONTENT="the" HEIGHT="40" HPOS="1341" VPOS="3174" WIDTH="83" />
<SP HEIGHT="37" HPOS="1425" VPOS="3183" WIDTH="21" />
<String CONTENT="pocket" HEIGHT="48" HPOS="1447" VPOS="3172" WIDTH="170" />
<SP HEIGHT="38" HPOS="1618" VPOS="3174" WIDTH="24" />
<String CONTENT="at" HEIGHT="38" HPOS="1643" VPOS="3174" WIDTH="55" />
<SP HEIGHT="38" HPOS="1699" VPOS="3174" WIDTH="21" />
<String CONTENT="the" HEIGHT="39" HPOS="1721" VPOS="3173" WIDTH="84" />
<SP HEIGHT="39" HPOS="1806" VPOS="3173" WIDTH="19" />
<String CONTENT="back" HEIGHT="39" HPOS="1826" VPOS="3173" WIDTH="123" />
<SP HEIGHT="39" HPOS="1950" VPOS="3173" WIDTH="24" />
<String CONTENT="of" HEIGHT="39" HPOS="1975" VPOS="3173" WIDTH="51" />
<SP HEIGHT="41" HPOS="2027" VPOS="3173" WIDTH="24" />
<String CONTENT="the" HEIGHT="39" HPOS="2052" VPOS="3175" WIDTH="81" />
<SP HEIGHT="29" HPOS="2134" VPOS="3185" WIDTH="23" />
<String CONTENT="volume" HEIGHT="42" HPOS="2158" VPOS="3173" WIDTH="192" />
</TextLine>
<TextLine HEIGHT="46" HPOS="334" LANG="en-US" VPOS="3230" WIDTH="903">
<String CONTENT="of" HEIGHT="37" HPOS="334" VPOS="3233" WIDTH="52" />
<SP HEIGHT="39" HPOS="387" VPOS="3233" WIDTH="38" />
<String CONTENT="the" HEIGHT="39" HPOS="426" VPOS="3233" WIDTH="85" />
<SP HEIGHT="29" HPOS="512" VPOS="3243" WIDTH="32" />
<String CONTENT="set" HEIGHT="38" HPOS="545" VPOS="3234" WIDTH="78" />
<SP HEIGHT="38" HPOS="624" VPOS="3234" WIDTH="35" />
<String CONTENT="to" HEIGHT="37" HPOS="660" VPOS="3235" WIDTH="49" />
<SP HEIGHT="28" HPOS="710" VPOS="3242" WIDTH="37" />
<String CONTENT="which" HEIGHT="40" HPOS="748" VPOS="3230" WIDTH="159" />
<SP HEIGHT="38" HPOS="908" VPOS="3231" WIDTH="38" />
<String CONTENT="it" HEIGHT="39" HPOS="947" VPOS="3231" WIDTH="42" />
<SP HEIGHT="39" HPOS="990" VPOS="3231" WIDTH="35" />
<String CONTENT="belongs." HEIGHT="45" HPOS="1026" VPOS="3231" WIDTH="211" />
</TextLine>
<TextLine HEIGHT="54" HPOS="337" LANG="en-US" VPOS="3284" WIDTH="2012">
<String CONTENT="&#169;" HEIGHT="53" HPOS="337" VPOS="3285" WIDTH="52" />
<SP HEIGHT="53" HPOS="390" VPOS="3285" WIDTH="24" />
<String CONTENT="Dec." HEIGHT="38" HPOS="415" VPOS="3291" WIDTH="111" />
<SP HEIGHT="40" HPOS="527" VPOS="3289" WIDTH="27" />
<String CONTENT="20," HEIGHT="47" HPOS="555" VPOS="3289" WIDTH="69" />
<SP HEIGHT="47" HPOS="625" VPOS="3289" WIDTH="28" />
<String CONTENT="1935;" HEIGHT="47" HPOS="654" VPOS="3288" WIDTH="142" />
<SP HEIGHT="47" HPOS="797" VPOS="3288" WIDTH="29" />
<String CONTENT="2c." HEIGHT="39" HPOS="827" VPOS="3288" WIDTH="67" />
<SP HEIGHT="39" HPOS="895" VPOS="3288" WIDTH="30" />
<String CONTENT="Jan." HEIGHT="39" HPOS="926" VPOS="3288" WIDTH="109" />
<SP HEIGHT="40" HPOS="1036" VPOS="3287" WIDTH="28" />
<String CONTENT="13," HEIGHT="47" HPOS="1065" VPOS="3287" WIDTH="69" />
<SP HEIGHT="46" HPOS="1135" VPOS="3288" WIDTH="29" />
<String CONTENT="1936;" HEIGHT="47" HPOS="1165" VPOS="3286" WIDTH="141" />
<SP HEIGHT="37" HPOS="1307" VPOS="3296" WIDTH="31" />
<String CONTENT="aff." HEIGHT="42" HPOS="1339" LANG="de" VPOS="3284" WIDTH="81" />
<SP HEIGHT="40" HPOS="1421" VPOS="3286" WIDTH="28" />
<String CONTENT="Jan." HEIGHT="39" HPOS="1450" VPOS="3286" WIDTH="109" />
<SP HEIGHT="40" HPOS="1560" VPOS="3285" WIDTH="29" />
<String CONTENT="17;" HEIGHT="48" HPOS="1590" VPOS="3285" WIDTH="82" />
<SP HEIGHT="48" HPOS="1673" VPOS="3285" WIDTH="29" />
<String CONTENT="A" HEIGHT="39" HPOS="1703" VPOS="3285" WIDTH="41" />
<SP HEIGHT="40" HPOS="1745" VPOS="3285" WIDTH="28" />
<String CONTENT="91280" HEIGHT="42" HPOS="1774" VPOS="3284" WIDTH="143" />
<SP HEIGHT="49" HPOS="1918" VPOS="3285" WIDTH="17" />
<String CONTENT=";" HEIGHT="37" HPOS="1936" VPOS="3297" WIDTH="9" />
<SP HEIGHT="47" HPOS="1946" VPOS="3287" WIDTH="32" />
<String CONTENT="Bobbs-Merrill" HEIGHT="39" HPOS="1979" VPOS="3287" WIDTH="370" />
</TextLine>
<TextLine HEIGHT="28" HPOS="405" LANG="en-US" VPOS="3357" WIDTH="66">
<String CONTENT="co." HEIGHT="28" HPOS="405" VPOS="3357" WIDTH="66" />
</TextLine>
<TextLine CS="1" HEIGHT="149" HPOS="334" LANG="en-US" STYLEREFS="StyleId-AF4DB50E-6C66-428E-936E-DBBD5C56436A-" VPOS="3444" WIDTH="1989">
<String CONTENT="&#8230;" CS="1" />
<SP HEIGHT="54" HPOS="468" VPOS="3447" WIDTH="35" />
<String CONTENT="Constitutions" HEIGHT="54" HPOS="504" VPOS="3447" WIDTH="422" />
<SP HEIGHT="34" HPOS="927" VPOS="3465" WIDTH="32" />
<String CONTENT="of" HEIGHT="52" HPOS="960" VPOS="3446" WIDTH="62" />
<SP HEIGHT="51" HPOS="1023" VPOS="3446" WIDTH="31" />
<String CONTENT="the" HEIGHT="51" HPOS="1055" VPOS="3447" WIDTH="95" />
<SP HEIGHT="35" HPOS="1151" VPOS="3465" WIDTH="29" />
<String CONTENT="state" HEIGHT="50" HPOS="1181" VPOS="3450" WIDTH="145" />
<SP HEIGHT="33" HPOS="1327" VPOS="3465" WIDTH="29" />
<String CONTENT="of" HEIGHT="52" HPOS="1357" VPOS="3445" WIDTH="63" />
<SP HEIGHT="52" HPOS="1421" VPOS="3445" WIDTH="29" />
<String CONTENT="Louisiana." HEIGHT="54" HPOS="1451" VPOS="3444" WIDTH="325" />
<SP HEIGHT="51" HPOS="1777" VPOS="3447" WIDTH="69" />
<String CONTENT="Edited" HEIGHT="53" HPOS="1847" VPOS="3446" WIDTH="214" />
<SP HEIGHT="53" HPOS="2062" VPOS="3446" WIDTH="31" />
<String CONTENT="by" HEIGHT="67" HPOS="2094" VPOS="3447" WIDTH="74" />
<SP HEIGHT="66" HPOS="2169" VPOS="3448" WIDTH="31" />
<String CONTENT="Benjamin" HEIGHT="145" HPOS="334" VPOS="3448" WIDTH="1989" />
</TextLine>
<TextLine CS="1" HEIGHT="68" HPOS="541" LANG="en-US" STYLEREFS="StyleId-AF4DB50E-6C66-428E-936E-DBBD5C56436A-" VPOS="3523" WIDTH="1806">
<String CONTENT="Wall" HEIGHT="55" HPOS="541" VPOS="3526" WIDTH="156" />
<SP HEIGHT="52" HPOS="698" VPOS="3527" WIDTH="22" />
<String CONTENT="Dart" HEIGHT="54" HPOS="721" VPOS="3527" WIDTH="150" />
<SP HEIGHT="48" HPOS="872" VPOS="3533" WIDTH="27" />
<String CONTENT="&#8230;" CS="1" />
<SP HEIGHT="34" HPOS="957" VPOS="3543" WIDTH="30" />
<String CONTENT="annotated" HEIGHT="53" HPOS="988" VPOS="3525" WIDTH="307" />
<SP HEIGHT="52" HPOS="1296" VPOS="3524" WIDTH="25" />
<String CONTENT="by" HEIGHT="67" HPOS="1322" VPOS="3524" WIDTH="74" />
<SP HEIGHT="68" HPOS="1397" VPOS="3523" WIDTH="25" />
<String CONTENT="George" HEIGHT="68" HPOS="1423" VPOS="3523" WIDTH="221" />
<SP HEIGHT="52" HPOS="1645" VPOS="3524" WIDTH="22" />
<String CONTENT="A." HEIGHT="52" HPOS="1668" VPOS="3524" WIDTH="70" />
<SP HEIGHT="54" HPOS="1739" VPOS="3525" WIDTH="27" />
<String CONTENT="Wilson" HEIGHT="56" HPOS="1767" VPOS="3523" WIDTH="223" />
<SP HEIGHT="34" HPOS="1991" VPOS="3543" WIDTH="30" />
<String CONTENT="&#8230;" CS="1" />
<SP HEIGHT="34" HPOS="2078" VPOS="3543" WIDTH="31" />
<String CONTENT="assisted" HEIGHT="54" HPOS="2110" VPOS="3524" WIDTH="237" />
</TextLine>
<TextLine CS="1" HEIGHT="73" HPOS="334" LANG="en-US" STYLEREFS="StyleId-AF4DB50E-6C66-428E-936E-DBBD5C56436A-" VPOS="3599" WIDTH="2014">
<String CONTENT="by" HEIGHT="67" HPOS="334" VPOS="3605" WIDTH="74" />
<SP HEIGHT="62" HPOS="409" VPOS="3610" WIDTH="45" />
<String CONTENT="the" HEIGHT="52" HPOS="455" VPOS="3605" WIDTH="95" />
<SP HEIGHT="48" HPOS="551" VPOS="3623" WIDTH="45" />
<String CONTENT="publisher&#8217;s" HEIGHT="68" HPOS="597" VPOS="3603" WIDTH="341" />
<SP HEIGHT="34" HPOS="939" VPOS="3622" WIDTH="47" />
<String CONTENT="editorial" HEIGHT="52" HPOS="987" VPOS="3603" WIDTH="267" />
<SP HEIGHT="52" HPOS="1255" VPOS="3604" WIDTH="44" />
<String CONTENT="staff." HEIGHT="57" HPOS="1300" VPOS="3599" WIDTH="150" />
<SP HEIGHT="33" HPOS="1451" VPOS="3636" WIDTH="89" />
<String CONTENT="[1935" CS="1" HEIGHT="49" HPOS="1562" VPOS="3606" WIDTH="131" />
<SP HEIGHT="46" HPOS="1694" VPOS="3609" WIDTH="46" />
<String CONTENT="cumulative" HEIGHT="53" HPOS="1741" VPOS="3603" WIDTH="346" />
<SP HEIGHT="33" HPOS="2088" VPOS="3623" WIDTH="47" />
<String CONTENT="annual" HEIGHT="51" HPOS="2136" VPOS="3605" WIDTH="212" />
</TextLine>
<TextLine CS="1" HEIGHT="148" HPOS="334" LANG="en-US" STYLEREFS="StyleId-AF4DB50E-6C66-428E-936E-DBBD5C56436A-" VPOS="3680" WIDTH="1989">
<String CONTENT="pocket" HEIGHT="68" HPOS="334" VPOS="3682" WIDTH="202" />
<SP HEIGHT="46" HPOS="537" VPOS="3688" WIDTH="51" />
<String CONTENT="supplement." HEIGHT="67" HPOS="589" VPOS="3682" WIDTH="378" />
<SP HEIGHT="51" HPOS="968" VPOS="3684" WIDTH="88" />
<String CONTENT="Indianapolis," HEIGHT="68" HPOS="1057" VPOS="3680" WIDTH="418" />
<SP HEIGHT="66" HPOS="1476" VPOS="3682" WIDTH="50" />
<String CONTENT="The" HEIGHT="51" HPOS="1527" VPOS="3682" WIDTH="121" />
<SP HEIGHT="50" HPOS="1649" VPOS="3683" WIDTH="51" />
<String CONTENT="Bobbs-Merrill" HEIGHT="53" HPOS="1701" VPOS="3681" WIDTH="447" />
<SP HEIGHT="52" HPOS="2149" VPOS="3682" WIDTH="52" />
<String CONTENT="company]" HEIGHT="128" HPOS="334" VPOS="3700" WIDTH="1989" />
<SP HEIGHT="61" HPOS="507" VPOS="3766" WIDTH="32" />
<String CONTENT="c" HEIGHT="21" HPOS="540" STYLE="superscript" VPOS="3766" WIDTH="18" />
<String CONTENT="1935." HEIGHT="50" HPOS="564" VPOS="3763" WIDTH="151" />
</TextLine>
<TextLine CS="1" HEIGHT="49" HPOS="408" LANG="en-US" VPOS="3832" WIDTH="526">
<String CONTENT="l" HEIGHT="38" HPOS="408" VPOS="3835" WIDTH="23" />
<SP HEIGHT="46" HPOS="432" VPOS="3835" WIDTH="27" />
<String CONTENT="p." HEIGHT="36" HPOS="460" VPOS="3845" WIDTH="43" />
<SP HEIGHT="40" HPOS="504" VPOS="3834" WIDTH="26" />
<String CONTENT="l.," HEIGHT="46" HPOS="531" VPOS="3834" WIDTH="44" />
<SP HEIGHT="46" HPOS="576" VPOS="3834" WIDTH="27" />
<String CONTENT="71" HEIGHT="39" HPOS="604" VPOS="3834" WIDTH="55" />
<SP HEIGHT="46" HPOS="660" VPOS="3834" WIDTH="28" />
<String CONTENT="p." HEIGHT="37" HPOS="689" VPOS="3843" WIDTH="43" />
<SP HEIGHT="41" HPOS="733" VPOS="3832" WIDTH="56" />
<String CONTENT="25&#189;" CS="1" HEIGHT="40" HPOS="790" VPOS="3832" WIDTH="55" />
<String CONTENT="cm" HEIGHT="21" HPOS="878" STYLE="superscript" VPOS="3834" WIDTH="44" />
<String CONTENT="." HEIGHT="8" HPOS="926" VPOS="3863" WIDTH="8" />
</TextLine>
<TextLine HEIGHT="49" HPOS="408" LANG="en-US" VPOS="3888" WIDTH="1938">
<String CONTENT="This" HEIGHT="39" HPOS="408" VPOS="3890" WIDTH="117" />
<SP HEIGHT="37" HPOS="526" VPOS="3900" WIDTH="23" />
<String CONTENT="pamphlet" HEIGHT="47" HPOS="550" VPOS="3890" WIDTH="255" />
<SP HEIGHT="40" HPOS="806" VPOS="3889" WIDTH="18" />
<String CONTENT="is" HEIGHT="39" HPOS="825" VPOS="3889" WIDTH="46" />
<SP HEIGHT="38" HPOS="872" VPOS="3891" WIDTH="19" />
<String CONTENT="to" HEIGHT="38" HPOS="892" VPOS="3891" WIDTH="48" />
<SP HEIGHT="38" HPOS="941" VPOS="3890" WIDTH="23" />
<String CONTENT="be" HEIGHT="39" HPOS="965" VPOS="3890" WIDTH="59" />
<SP HEIGHT="40" HPOS="1025" VPOS="3889" WIDTH="19" />
<String CONTENT="fitted" HEIGHT="39" HPOS="1045" VPOS="3889" WIDTH="139" />
<SP HEIGHT="39" HPOS="1185" VPOS="3889" WIDTH="24" />
<String CONTENT="into" HEIGHT="40" HPOS="1210" VPOS="3889" WIDTH="101" />
<SP HEIGHT="38" HPOS="1312" VPOS="3891" WIDTH="26" />
<String CONTENT="the" HEIGHT="40" HPOS="1339" VPOS="3890" WIDTH="80" />
<SP HEIGHT="37" HPOS="1420" VPOS="3899" WIDTH="23" />
<String CONTENT="pocket" HEIGHT="48" HPOS="1444" VPOS="3888" WIDTH="171" />
<SP HEIGHT="38" HPOS="1616" VPOS="3890" WIDTH="24" />
<String CONTENT="at" HEIGHT="38" HPOS="1641" VPOS="3890" WIDTH="55" />
<SP HEIGHT="38" HPOS="1697" VPOS="3890" WIDTH="21" />
<String CONTENT="the" HEIGHT="39" HPOS="1719" VPOS="3889" WIDTH="81" />
<SP HEIGHT="40" HPOS="1801" VPOS="3888" WIDTH="21" />
<String CONTENT="back" HEIGHT="39" HPOS="1823" VPOS="3888" WIDTH="123" />
<SP HEIGHT="39" HPOS="1947" VPOS="3888" WIDTH="24" />
<String CONTENT="of" HEIGHT="39" HPOS="1972" VPOS="3888" WIDTH="51" />
<SP HEIGHT="40" HPOS="2024" VPOS="3888" WIDTH="25" />
<String CONTENT="the" HEIGHT="40" HPOS="2050" VPOS="3889" WIDTH="81" />
<SP HEIGHT="30" HPOS="2132" VPOS="3899" WIDTH="23" />
<String CONTENT="volume" HEIGHT="42" HPOS="2156" VPOS="3888" WIDTH="190" />
</TextLine>
<TextLine HEIGHT="46" HPOS="334" LANG="en-US" VPOS="3944" WIDTH="901">
<String CONTENT="of" HEIGHT="39" HPOS="334" VPOS="3946" WIDTH="53" />
<SP HEIGHT="40" HPOS="388" VPOS="3946" WIDTH="36" />
<String CONTENT="the" HEIGHT="39" HPOS="425" VPOS="3947" WIDTH="85" />
<SP HEIGHT="28" HPOS="511" VPOS="3958" WIDTH="32" />
<String CONTENT="set" HEIGHT="37" HPOS="544" VPOS="3949" WIDTH="75" />
<SP HEIGHT="37" HPOS="620" VPOS="3949" WIDTH="38" />
<String CONTENT="to" HEIGHT="37" HPOS="659" VPOS="3949" WIDTH="52" />
<SP HEIGHT="29" HPOS="712" VPOS="3956" WIDTH="34" />
<String CONTENT="which" HEIGHT="41" HPOS="747" VPOS="3944" WIDTH="158" />
<SP HEIGHT="38" HPOS="906" VPOS="3946" WIDTH="39" />
<String CONTENT="it" HEIGHT="40" HPOS="946" VPOS="3946" WIDTH="42" />
<SP HEIGHT="40" HPOS="989" VPOS="3946" WIDTH="34" />
<String CONTENT="belongs." HEIGHT="44" HPOS="1024" VPOS="3946" WIDTH="211" />
</TextLine>
<TextLine CS="1" HEIGHT="52" HPOS="335" LANG="en-US" VPOS="3999" WIDTH="2010">
<String CONTENT="&#169;" HEIGHT="52" HPOS="335" VPOS="3999" WIDTH="53" />
<SP HEIGHT="52" HPOS="389" VPOS="3999" WIDTH="26" />
<String CONTENT="Dec." HEIGHT="39" HPOS="416" VPOS="4004" WIDTH="113" />
<SP HEIGHT="39" HPOS="530" VPOS="4004" WIDTH="27" />
<String CONTENT="20," HEIGHT="48" HPOS="558" VPOS="4002" WIDTH="70" />
<SP HEIGHT="47" HPOS="629" VPOS="4003" WIDTH="29" />
<String CONTENT="1935;" HEIGHT="47" HPOS="659" VPOS="4002" WIDTH="141" />
<SP HEIGHT="46" HPOS="801" VPOS="4003" WIDTH="29" />
<String CONTENT="2c." HEIGHT="39" HPOS="831" VPOS="4003" WIDTH="67" />
<SP HEIGHT="39" HPOS="899" VPOS="4003" WIDTH="28" />
<String CONTENT="Jan." HEIGHT="39" HPOS="928" VPOS="4003" WIDTH="109" />
<SP HEIGHT="38" HPOS="1038" VPOS="4003" WIDTH="30" />
<String CONTENT="13," HEIGHT="48" HPOS="1069" VPOS="4003" WIDTH="67" />
<SP HEIGHT="49" HPOS="1137" VPOS="4002" WIDTH="25" />
<String CONTENT="1936;" HEIGHT="48" HPOS="1163" VPOS="4001" WIDTH="140" />
<SP HEIGHT="37" HPOS="1304" VPOS="4012" WIDTH="32" />
<String CONTENT="aff." CS="1" HEIGHT="41" HPOS="1337" VPOS="4001" WIDTH="81" />
<SP HEIGHT="40" HPOS="1419" VPOS="4002" WIDTH="29" />
<String CONTENT="Jan." HEIGHT="39" HPOS="1449" VPOS="4002" WIDTH="109" />
<SP HEIGHT="39" HPOS="1559" VPOS="4002" WIDTH="29" />
<String CONTENT="17;" HEIGHT="42" HPOS="1589" VPOS="4002" WIDTH="81" />
<SP HEIGHT="43" HPOS="1671" VPOS="4001" WIDTH="31" />
<String CONTENT="A" HEIGHT="38" HPOS="1703" VPOS="4001" WIDTH="40" />
<SP HEIGHT="38" HPOS="1744" VPOS="4001" WIDTH="26" />
<String CONTENT="91281;" HEIGHT="41" HPOS="1771" VPOS="4001" WIDTH="170" />
<SP HEIGHT="40" HPOS="1942" VPOS="4002" WIDTH="34" />
<String CONTENT="Bobbs-Merrill" HEIGHT="41" HPOS="1977" VPOS="3999" WIDTH="368" />
</TextLine>
</TextBlock>
</PrintSpace>
</Page>
</Layout>
</alto>