<alto xmlns="http://www.loc.gov/standards/alto/ns-v3#" xmlns:xsi="http://www.w3.org/2001/XMLSchema-instance" xsi:schemaLocation="http://www.loc.gov/standards/alto/ns-v3# http://www.loc.gov/alto/v3/alto-3-0.xsd"><Description>
<MeasurementUnit>pixel</MeasurementUnit>
<sourceImageInformation>
<fileName>1936_v33_Part1.pdf</fileName>
</sourceImageInformation>
<OCRProcessing ID="IdOcr">
<ocrProcessingStep>
<processingDateTime>2019-01-18</processingDateTime>
<processingSoftware>
<softwareCreator>ABBYY</softwareCreator>
<softwareName>ABBYY Recognition Server</softwareName>
<softwareVersion>4.0</softwareVersion>
</processingSoftware>
</ocrProcessingStep>
</OCRProcessing>
</Description>
<Styles>
<ParagraphStyle ALIGN="Left" FIRSTLINE="0." ID="StyleId-FFFFFFFF-FFFF-FFFF-FFFF-FFFFFFFFFFFF-" LEFT="0." RIGHT="0." />
<ParagraphStyle ALIGN="Left" FIRSTLINE="0." ID="StyleId-51D50FAC-7A90-4D70-8A96-5EA9D46D1C8B-" LEFT="0." LINESPACE="7.699999809" RIGHT="0." />
<ParagraphStyle ALIGN="Block" FIRSTLINE="-17." ID="StyleId-6BC133E9-7DCB-43C3-8842-A67984A26405-" LEFT="0." LINESPACE="8.340000153" RIGHT="0." />
<ParagraphStyle ALIGN="Left" FIRSTLINE="-13." ID="StyleId-3C3FF860-43E7-46A2-8934-48F305F6F0D6-" LEFT="0." LINESPACE="11.06999969" RIGHT="0." />
<ParagraphStyle ALIGN="Block" FIRSTLINE="-13." ID="StyleId-19220C76-4F8A-4737-B38C-B5F5C17E6040-" LEFT="0." LINESPACE="11.06999969" RIGHT="0." />
<ParagraphStyle ALIGN="Left" FIRSTLINE="0." ID="StyleId-75A0D721-13ED-4F20-9002-B389EC48477D-" LEFT="0." LINESPACE="15.5" RIGHT="0." />
<ParagraphStyle ALIGN="Left" FIRSTLINE="0." ID="StyleId-8A414184-C7A5-4AC7-9B88-7DA4DDE75922-" LEFT="0." LINESPACE="9.399999619" RIGHT="0." />
<ParagraphStyle ALIGN="Left" FIRSTLINE="0." ID="StyleId-1A87970B-111C-4169-99A6-9412976F3C97-" LEFT="0." LINESPACE="10.5" RIGHT="0." />
<ParagraphStyle ALIGN="Block" FIRSTLINE="-17." ID="StyleId-72DB0571-5AE4-41FD-9E11-68C6AC4C437E-" LEFT="0." LINESPACE="8.340000153" RIGHT="0." />
<ParagraphStyle ALIGN="Center" FIRSTLINE="0." ID="StyleId-1AA43056-C388-4697-B10F-72FDAA38FAE1-" LEFT="0." LINESPACE="10.5" RIGHT="0." />
</Styles>
<Layout>
<Page HEIGHT="4377" ID="Page1136" PHYSICAL_IMG_NR="1136" WIDTH="2519">
<TopMargin HEIGHT="407" HPOS="0" VPOS="0" WIDTH="2519">
</TopMargin>
<LeftMargin HEIGHT="3754" HPOS="0" VPOS="407" WIDTH="336">
</LeftMargin>
<RightMargin HEIGHT="3754" HPOS="2430" VPOS="407" WIDTH="89">
</RightMargin>
<BottomMargin HEIGHT="216" HPOS="0" VPOS="4161" WIDTH="2519">
<TextBlock HEIGHT="115" HPOS="1283" ID="Page1136_Block1" LANG="en-US" STYLEREFS="StyleId-2E986DF9-6A39-4B3A-B5F2-BECA770535D1-" VPOS="4180" WIDTH="311">
<TextLine HEIGHT="51" HPOS="1325" VPOS="4182" WIDTH="136">
<String CONTENT="1136" HEIGHT="51" HPOS="1325" VPOS="4182" WIDTH="136" />
</TextLine>
</TextBlock>
</BottomMargin>
<PrintSpace HEIGHT="3754" HPOS="336" VPOS="407" WIDTH="2094">
<TextBlock CS="1" HEIGHT="3754" HPOS="374" ID="Page1136_Block2" LANG="en-US" STYLEREFS="StyleId-D78AC6EB-A6FD-4D4E-9B00-F1EF88A01EFC-" VPOS="407" WIDTH="2056">
<TextLine HEIGHT="41" HPOS="463" VPOS="553" WIDTH="288">
<String CONTENT="3" HEIGHT="40" HPOS="463" VPOS="554" WIDTH="26" />
<SP HEIGHT="40" HPOS="490" VPOS="554" WIDTH="37" />
<String CONTENT="v." HEIGHT="28" HPOS="528" VPOS="564" WIDTH="43" />
<SP HEIGHT="39" HPOS="572" VPOS="553" WIDTH="59" />
<String CONTENT="25" HEIGHT="40" HPOS="632" VPOS="553" WIDTH="57" />
<String CONTENT="cm" HEIGHT="20" HPOS="693" STYLE="superscript" VPOS="556" WIDTH="43" />
<String CONTENT="." HEIGHT="7" HPOS="743" VPOS="586" WIDTH="8" />
</TextLine>
<TextLine HEIGHT="49" HPOS="465" VPOS="609" WIDTH="1951">
<String CONTENT="These" HEIGHT="39" HPOS="465" VPOS="611" WIDTH="158" />
<SP HEIGHT="37" HPOS="624" VPOS="620" WIDTH="24" />
<String CONTENT="pamphlets" HEIGHT="48" HPOS="649" VPOS="610" WIDTH="281" />
<SP HEIGHT="29" HPOS="931" VPOS="620" WIDTH="31" />
<String CONTENT="are" HEIGHT="30" HPOS="963" VPOS="620" WIDTH="84" />
<SP HEIGHT="37" HPOS="1048" VPOS="613" WIDTH="28" />
<String CONTENT="to" HEIGHT="38" HPOS="1077" VPOS="613" WIDTH="50" />
<SP HEIGHT="41" HPOS="1128" VPOS="610" WIDTH="25" />
<String CONTENT="be" HEIGHT="39" HPOS="1154" VPOS="610" WIDTH="57" />
<SP HEIGHT="40" HPOS="1212" VPOS="609" WIDTH="31" />
<String CONTENT="fitted" HEIGHT="41" HPOS="1244" VPOS="609" WIDTH="140" />
<SP HEIGHT="40" HPOS="1385" VPOS="609" WIDTH="29" />
<String CONTENT="into" HEIGHT="39" HPOS="1415" VPOS="609" WIDTH="104" />
<SP HEIGHT="38" HPOS="1520" VPOS="611" WIDTH="30" />
<String CONTENT="the" HEIGHT="39" HPOS="1551" VPOS="610" WIDTH="84" />
<SP HEIGHT="39" HPOS="1636" VPOS="619" WIDTH="28" />
<String CONTENT="pockets" HEIGHT="48" HPOS="1665" VPOS="610" WIDTH="199" />
<SP HEIGHT="30" HPOS="1865" VPOS="620" WIDTH="31" />
<String CONTENT="at" HEIGHT="38" HPOS="1897" VPOS="611" WIDTH="51" />
<SP HEIGHT="38" HPOS="1949" VPOS="611" WIDTH="34" />
<String CONTENT="the" HEIGHT="41" HPOS="1984" VPOS="609" WIDTH="81" />
<SP HEIGHT="40" HPOS="2066" VPOS="610" WIDTH="28" />
<String CONTENT="back" HEIGHT="40" HPOS="2095" VPOS="610" WIDTH="125" />
<SP HEIGHT="41" HPOS="2221" VPOS="610" WIDTH="29" />
<String CONTENT="of" HEIGHT="41" HPOS="2251" VPOS="610" WIDTH="53" />
<SP HEIGHT="40" HPOS="2305" VPOS="610" WIDTH="26" />
<String CONTENT="the" HEIGHT="41" HPOS="2332" VPOS="611" WIDTH="84" />
</TextLine>
<TextLine HEIGHT="48" HPOS="393" VPOS="667" WIDTH="1150">
<String CONTENT="volumes" HEIGHT="40" HPOS="393" VPOS="668" WIDTH="219" />
<SP HEIGHT="30" HPOS="613" VPOS="678" WIDTH="28" />
<String CONTENT="of" HEIGHT="39" HPOS="642" VPOS="668" WIDTH="53" />
<SP HEIGHT="39" HPOS="696" VPOS="668" WIDTH="28" />
<String CONTENT="the" HEIGHT="40" HPOS="725" VPOS="667" WIDTH="82" />
<SP HEIGHT="29" HPOS="808" VPOS="678" WIDTH="28" />
<String CONTENT="set" HEIGHT="39" HPOS="837" VPOS="669" WIDTH="73" />
<SP HEIGHT="39" HPOS="911" VPOS="669" WIDTH="28" />
<String CONTENT="to" HEIGHT="38" HPOS="940" VPOS="669" WIDTH="49" />
<SP HEIGHT="29" HPOS="990" VPOS="678" WIDTH="29" />
<String CONTENT="which" HEIGHT="39" HPOS="1020" VPOS="667" WIDTH="159" />
<SP HEIGHT="40" HPOS="1180" VPOS="667" WIDTH="29" />
<String CONTENT="they" HEIGHT="47" HPOS="1210" VPOS="667" WIDTH="117" />
<SP HEIGHT="47" HPOS="1328" VPOS="667" WIDTH="28" />
<String CONTENT="belong." HEIGHT="48" HPOS="1357" VPOS="667" WIDTH="186" />
</TextLine>
<TextLine CS="1" HEIGHT="54" HPOS="394" VPOS="733" WIDTH="2020">
<String CONTENT="&#169;" HEIGHT="54" HPOS="394" VPOS="733" WIDTH="53" />
<SP HEIGHT="54" HPOS="448" VPOS="733" WIDTH="21" />
<String CONTENT="July" HEIGHT="47" HPOS="470" VPOS="738" WIDTH="116" />
<SP HEIGHT="46" HPOS="587" VPOS="739" WIDTH="22" />
<String CONTENT="31," HEIGHT="45" HPOS="610" VPOS="738" WIDTH="69" />
<SP HEIGHT="44" HPOS="680" VPOS="739" WIDTH="24" />
<String CONTENT="1936;" CS="1" HEIGHT="41" HPOS="705" VPOS="737" WIDTH="114" />
<SP HEIGHT="46" HPOS="847" VPOS="738" WIDTH="25" />
<String CONTENT="2c." HEIGHT="39" HPOS="873" VPOS="738" WIDTH="68" />
<SP HEIGHT="29" HPOS="942" VPOS="748" WIDTH="23" />
<String CONTENT="each" HEIGHT="41" HPOS="966" VPOS="736" WIDTH="119" />
<SP HEIGHT="40" HPOS="1086" VPOS="736" WIDTH="23" />
<String CONTENT="and" HEIGHT="39" HPOS="1110" VPOS="737" WIDTH="97" />
<SP HEIGHT="39" HPOS="1208" VPOS="737" WIDTH="23" />
<String CONTENT="aff." HEIGHT="40" HPOS="1232" VPOS="736" WIDTH="81" />
<SP HEIGHT="39" HPOS="1314" VPOS="737" WIDTH="24" />
<String CONTENT="Aug." HEIGHT="48" HPOS="1339" VPOS="737" WIDTH="119" />
<SP HEIGHT="40" HPOS="1459" VPOS="737" WIDTH="27" />
<String CONTENT="17;" CS="1" HEIGHT="40" HPOS="1487" VPOS="737" WIDTH="55" />
<SP HEIGHT="47" HPOS="1570" VPOS="737" WIDTH="25" />
<String CONTENT="A" HEIGHT="40" HPOS="1596" VPOS="737" WIDTH="41" />
<SP HEIGHT="40" HPOS="1638" VPOS="737" WIDTH="21" />
<String CONTENT="96961;" CS="1" HEIGHT="41" HPOS="1660" VPOS="736" WIDTH="145" />
<SP HEIGHT="47" HPOS="1834" VPOS="738" WIDTH="25" />
<String CONTENT="Vernon" HEIGHT="40" HPOS="1860" VPOS="738" WIDTH="196" />
<SP HEIGHT="39" HPOS="2057" VPOS="738" WIDTH="23" />
<String CONTENT="law" HEIGHT="39" HPOS="2081" VPOS="738" WIDTH="95" />
<SP HEIGHT="39" HPOS="2177" VPOS="738" WIDTH="21" />
<String CONTENT="book" HEIGHT="41" HPOS="2199" VPOS="738" WIDTH="125" />
<SP HEIGHT="39" HPOS="2325" VPOS="738" WIDTH="21" />
<String CONTENT="co." HEIGHT="30" HPOS="2347" LANG="ru" VPOS="748" WIDTH="67" />
</TextLine>
<TextLine HEIGHT="65" HPOS="391" STYLEREFS="StyleId-D7C46650-76C2-4315-ACC5-4842743DA672-" VPOS="857" WIDTH="644">
<String CONTENT="Tolten," HEIGHT="65" HPOS="391" VPOS="857" WIDTH="227" />
<SP HEIGHT="63" HPOS="619" VPOS="859" WIDTH="24" />
<String CONTENT="Hans," HEIGHT="62" HPOS="644" VPOS="859" WIDTH="188" />
<SP HEIGHT="58" HPOS="833" VPOS="863" WIDTH="28" />
<String CONTENT="1888-" HEIGHT="50" HPOS="862" VPOS="862" WIDTH="173" />
</TextLine>
<TextLine HEIGHT="71" HPOS="472" STYLEREFS="StyleId-43025635-4A47-4F65-A96E-5BEA363DB1E8-" VPOS="933" WIDTH="1948">
<String CONTENT="..." HEIGHT="9" HPOS="472" VPOS="981" WIDTH="55" />
<SP HEIGHT="52" HPOS="528" VPOS="938" WIDTH="61" />
<String CONTENT="Enchanting" HEIGHT="69" HPOS="590" VPOS="935" WIDTH="376" />
<SP HEIGHT="51" HPOS="967" VPOS="953" WIDTH="53" />
<String CONTENT="wilderness," HEIGHT="70" HPOS="1021" VPOS="934" WIDTH="349" />
<SP HEIGHT="51" HPOS="1371" VPOS="953" WIDTH="55" />
<String CONTENT="adventures" HEIGHT="56" HPOS="1427" VPOS="934" WIDTH="344" />
<SP HEIGHT="55" HPOS="1772" VPOS="935" WIDTH="50" />
<String CONTENT="in" HEIGHT="55" HPOS="1823" VPOS="935" WIDTH="64" />
<SP HEIGHT="57" HPOS="1888" VPOS="933" WIDTH="53" />
<String CONTENT="darkest" HEIGHT="58" HPOS="1942" VPOS="933" WIDTH="236" />
<SP HEIGHT="59" HPOS="2179" VPOS="934" WIDTH="54" />
<String CONTENT="South" HEIGHT="59" HPOS="2234" VPOS="934" WIDTH="186" />
</TextLine>
<TextLine CS="1" HEIGHT="72" HPOS="394" STYLEREFS="StyleId-43025635-4A47-4F65-A96E-5BEA363DB1E8-" VPOS="1012" WIDTH="2026">
<String CONTENT="America;" CS="1" HEIGHT="54" HPOS="394" VPOS="1015" WIDTH="269" />
<SP HEIGHT="61" HPOS="691" VPOS="1020" WIDTH="30" />
<String CONTENT="translated" HEIGHT="54" HPOS="722" VPOS="1015" WIDTH="319" />
<SP HEIGHT="54" HPOS="1042" VPOS="1014" WIDTH="24" />
<String CONTENT="from" HEIGHT="55" HPOS="1067" VPOS="1014" WIDTH="155" />
<SP HEIGHT="49" HPOS="1223" VPOS="1020" WIDTH="23" />
<String CONTENT="the" HEIGHT="53" HPOS="1247" VPOS="1016" WIDTH="99" />
<SP HEIGHT="57" HPOS="1347" VPOS="1015" WIDTH="24" />
<String CONTENT="German" HEIGHT="57" HPOS="1372" VPOS="1015" WIDTH="257" />
<SP HEIGHT="55" HPOS="1630" VPOS="1014" WIDTH="20" />
<String CONTENT="by" HEIGHT="70" HPOS="1651" VPOS="1014" WIDTH="80" />
<SP HEIGHT="69" HPOS="1732" VPOS="1015" WIDTH="22" />
<String CONTENT="Ferdi" HEIGHT="57" HPOS="1755" VPOS="1012" WIDTH="176" />
<SP HEIGHT="55" HPOS="1932" VPOS="1014" WIDTH="24" />
<String CONTENT="Loesch." HEIGHT="56" HPOS="1957" VPOS="1014" WIDTH="234" />
<SP HEIGHT="58" HPOS="2192" VPOS="1015" WIDTH="58" />
<String CONTENT="With" HEIGHT="58" HPOS="2251" VPOS="1015" WIDTH="169" />
</TextLine>
<TextLine HEIGHT="69" HPOS="391" STYLEREFS="StyleId-43025635-4A47-4F65-A96E-5BEA363DB1E8-" VPOS="1093" WIDTH="2017">
<String CONTENT="23" HEIGHT="49" HPOS="391" VPOS="1097" WIDTH="66" />
<SP HEIGHT="52" HPOS="458" VPOS="1094" WIDTH="31" />
<String CONTENT="illustrations" HEIGHT="54" HPOS="490" VPOS="1093" WIDTH="386" />
<SP HEIGHT="33" HPOS="877" VPOS="1113" WIDTH="34" />
<String CONTENT="and" HEIGHT="52" HPOS="912" VPOS="1093" WIDTH="113" />
<SP HEIGHT="53" HPOS="1026" VPOS="1093" WIDTH="31" />
<String CONTENT="a" HEIGHT="33" HPOS="1058" VPOS="1113" WIDTH="29" />
<SP HEIGHT="34" HPOS="1088" VPOS="1112" WIDTH="32" />
<String CONTENT="map." HEIGHT="49" HPOS="1121" VPOS="1112" WIDTH="151" />
<SP HEIGHT="51" HPOS="1273" VPOS="1095" WIDTH="68" />
<String CONTENT="London," HEIGHT="66" HPOS="1342" VPOS="1094" WIDTH="259" />
<SP HEIGHT="66" HPOS="1602" VPOS="1094" WIDTH="35" />
<String CONTENT="Selwyn" HEIGHT="67" HPOS="1638" VPOS="1094" WIDTH="230" />
<SP HEIGHT="50" HPOS="1869" VPOS="1097" WIDTH="31" />
<String CONTENT="&amp;" HEIGHT="50" HPOS="1901" VPOS="1097" WIDTH="46" />
<SP HEIGHT="52" HPOS="1948" VPOS="1095" WIDTH="31" />
<String CONTENT="Blount" HEIGHT="52" HPOS="1980" VPOS="1094" WIDTH="217" />
<SP HEIGHT="63" HPOS="2198" VPOS="1099" WIDTH="38" />
<String CONTENT="[1936]" HEIGHT="64" HPOS="2237" VPOS="1098" WIDTH="171" />
</TextLine>
<TextLine CS="1" HEIGHT="49" HPOS="464" STYLEREFS="StyleId-43025635-4A47-4F65-A96E-5BEA363DB1E8-" VPOS="1166" WIDTH="1608">
<String CONTENT="285" HEIGHT="40" HPOS="464" VPOS="1168" WIDTH="89" />
<SP HEIGHT="47" HPOS="554" VPOS="1168" WIDTH="18" />
<String CONTENT="p." HEIGHT="37" HPOS="573" VPOS="1178" WIDTH="44" />
<SP HEIGHT="41" HPOS="618" VPOS="1166" WIDTH="23" />
<String CONTENT="incl." HEIGHT="41" HPOS="642" VPOS="1166" WIDTH="111" />
<SP />
<String CONTENT="front." CS="1" />
<SP />
<String CONTENT="(port.)" HEIGHT="47" HPOS="966" VPOS="1168" WIDTH="175" />
<SP HEIGHT="49" HPOS="1142" VPOS="1166" WIDTH="32" />
<String CONTENT="illus." HEIGHT="40" HPOS="1175" VPOS="1166" WIDTH="130" />
<SP HEIGHT="48" HPOS="1306" VPOS="1167" WIDTH="33" />
<String CONTENT="(map)" HEIGHT="48" HPOS="1340" VPOS="1167" WIDTH="161" />
<SP HEIGHT="47" HPOS="1502" VPOS="1167" WIDTH="66" />
<String CONTENT="plates," HEIGHT="48" HPOS="1569" VPOS="1167" WIDTH="174" />
<SP HEIGHT="38" HPOS="1744" VPOS="1177" WIDTH="24" />
<String CONTENT="port." HEIGHT="46" HPOS="1769" VPOS="1168" WIDTH="125" />
<SP HEIGHT="40" HPOS="1895" VPOS="1166" WIDTH="59" />
<String CONTENT="22" HEIGHT="39" HPOS="1955" VPOS="1166" WIDTH="55" />
<String CONTENT="cm" HEIGHT="20" HPOS="2015" STYLE="superscript" VPOS="1169" WIDTH="43" />
<String CONTENT="." HEIGHT="8" HPOS="2064" VPOS="1199" WIDTH="8" />
</TextLine>
<TextLine HEIGHT="50" HPOS="463" VPOS="1222" WIDTH="1841">
<String CONTENT="The" HEIGHT="39" HPOS="463" VPOS="1225" WIDTH="102" />
<SP HEIGHT="30" HPOS="566" VPOS="1234" WIDTH="26" />
<String CONTENT="author&#8217;s" HEIGHT="41" HPOS="593" VPOS="1223" WIDTH="221" />
<SP HEIGHT="29" HPOS="815" VPOS="1234" WIDTH="25" />
<String CONTENT="adventures" HEIGHT="39" HPOS="841" VPOS="1224" WIDTH="299" />
<SP HEIGHT="40" HPOS="1141" VPOS="1223" WIDTH="27" />
<String CONTENT="in" HEIGHT="40" HPOS="1169" VPOS="1223" WIDTH="51" />
<SP HEIGHT="38" HPOS="1221" VPOS="1225" WIDTH="26" />
<String CONTENT="the" HEIGHT="40" HPOS="1248" VPOS="1223" WIDTH="82" />
<SP HEIGHT="39" HPOS="1331" VPOS="1224" WIDTH="27" />
<String CONTENT="Argentine" HEIGHT="49" HPOS="1359" VPOS="1222" WIDTH="268" />
<SP HEIGHT="29" HPOS="1628" VPOS="1234" WIDTH="27" />
<String CONTENT="republic" HEIGHT="49" HPOS="1656" VPOS="1223" WIDTH="218" />
<SP HEIGHT="31" HPOS="1875" VPOS="1233" WIDTH="27" />
<String CONTENT="and" HEIGHT="40" HPOS="1903" VPOS="1224" WIDTH="97" />
<SP HEIGHT="39" HPOS="2001" VPOS="1224" WIDTH="28" />
<String CONTENT="Paraguay." HEIGHT="46" HPOS="2030" VPOS="1225" WIDTH="274" />
</TextLine>
<TextLine CS="1" HEIGHT="110" HPOS="393" VPOS="1290" WIDTH="2004">
<String CONTENT="&#169;" HEIGHT="54" HPOS="393" VPOS="1290" WIDTH="53" />
<SP />
<String CONTENT="1c." CS="1" />
<SP />
<String CONTENT="July" HEIGHT="48" HPOS="573" VPOS="1294" WIDTH="117" />
<SP HEIGHT="47" HPOS="691" VPOS="1295" WIDTH="28" />
<String CONTENT="28," HEIGHT="47" HPOS="720" VPOS="1295" WIDTH="69" />
<SP HEIGHT="48" HPOS="790" VPOS="1294" WIDTH="30" />
<String CONTENT="1936;" HEIGHT="46" HPOS="821" VPOS="1293" WIDTH="142" />
<SP HEIGHT="45" HPOS="964" VPOS="1294" WIDTH="31" />
<String CONTENT="A" HEIGHT="39" HPOS="996" VPOS="1294" WIDTH="41" />
<SP HEIGHT="39" HPOS="1038" VPOS="1294" WIDTH="29" />
<String CONTENT="ad" HEIGHT="39" HPOS="1068" VPOS="1293" WIDTH="62" />
<SP HEIGHT="40" HPOS="1131" VPOS="1292" WIDTH="28" />
<String CONTENT="int." HEIGHT="41" HPOS="1160" VPOS="1292" WIDTH="86" />
<SP HEIGHT="39" HPOS="1247" VPOS="1293" WIDTH="30" />
<String CONTENT="21705;" HEIGHT="47" HPOS="1278" VPOS="1293" WIDTH="172" />
<SP HEIGHT="37" HPOS="1451" VPOS="1304" WIDTH="31" />
<String CONTENT="pubd." HEIGHT="48" HPOS="1483" VPOS="1293" WIDTH="143" />
<SP HEIGHT="39" HPOS="1627" VPOS="1294" WIDTH="32" />
<String CONTENT="June" HEIGHT="39" HPOS="1660" VPOS="1294" WIDTH="127" />
<SP HEIGHT="38" HPOS="1788" VPOS="1295" WIDTH="27" />
<String CONTENT="4;" HEIGHT="46" HPOS="1816" VPOS="1295" WIDTH="55" />
<SP HEIGHT="46" HPOS="1872" VPOS="1295" WIDTH="35" />
<String CONTENT="H." HEIGHT="38" HPOS="1908" VPOS="1295" WIDTH="59" />
<SP HEIGHT="39" HPOS="1968" VPOS="1294" WIDTH="31" />
<String CONTENT="Tolten," HEIGHT="47" HPOS="2000" VPOS="1294" WIDTH="188" />
<SP HEIGHT="47" HPOS="2189" VPOS="1294" WIDTH="30" />
<String CONTENT="b/Potsdam," HEIGHT="107" HPOS="464" VPOS="1293" WIDTH="1933" />
<SP HEIGHT="48" HPOS="591" VPOS="1352" WIDTH="24" />
<String CONTENT="Germany." HEIGHT="47" HPOS="616" VPOS="1352" WIDTH="259" />
<SP HEIGHT="47" HPOS="876" VPOS="1351" WIDTH="71" />
<String CONTENT="(36-18579)" HEIGHT="48" HPOS="948" VPOS="1350" WIDTH="283" />
</TextLine>
<TextLine HEIGHT="68" HPOS="395" STYLEREFS="StyleId-43025635-4A47-4F65-A96E-5BEA363DB1E8-" VPOS="1455" WIDTH="1054">
<String CONTENT="[Truman," HEIGHT="67" HPOS="395" VPOS="1456" WIDTH="301" />
<SP HEIGHT="65" HPOS="697" VPOS="1457" WIDTH="26" />
<String CONTENT="Marcus" HEIGHT="53" HPOS="724" VPOS="1457" WIDTH="240" />
<SP HEIGHT="55" HPOS="965" VPOS="1455" WIDTH="25" />
<String CONTENT="George]" HEIGHT="67" HPOS="991" VPOS="1455" WIDTH="249" />
<SP HEIGHT="60" HPOS="1241" VPOS="1462" WIDTH="33" />
<String CONTENT="1890-" HEIGHT="51" HPOS="1275" VPOS="1460" WIDTH="174" />
</TextLine>
<TextLine CS="1" HEIGHT="150" HPOS="389" STYLEREFS="StyleId-43025635-4A47-4F65-A96E-5BEA363DB1E8-" VPOS="1531" WIDTH="2000">
<String CONTENT="Escape" HEIGHT="65" HPOS="462" VPOS="1536" WIDTH="222" />
<SP HEIGHT="53" HPOS="685" VPOS="1534" WIDTH="46" />
<String CONTENT="from" HEIGHT="53" HPOS="732" VPOS="1534" WIDTH="155" />
<SP HEIGHT="52" HPOS="888" VPOS="1534" WIDTH="46" />
<String CONTENT="Dartmoor," HEIGHT="67" HPOS="935" VPOS="1534" WIDTH="332" />
<SP HEIGHT="68" HPOS="1268" VPOS="1533" WIDTH="45" />
<String CONTENT="by" HEIGHT="68" HPOS="1314" VPOS="1533" WIDTH="77" />
<SP HEIGHT="68" HPOS="1392" VPOS="1533" WIDTH="44" />
<String CONTENT="Mark" HEIGHT="54" HPOS="1437" VPOS="1532" WIDTH="174" />
<SP HEIGHT="53" HPOS="1612" VPOS="1532" WIDTH="45" />
<String CONTENT="Beckett" HEIGHT="55" HPOS="1658" VPOS="1532" WIDTH="242" />
<SP HEIGHT="65" HPOS="1901" VPOS="1536" WIDTH="48" />
<String CONTENT="[pseud.]" CS="1" HEIGHT="68" HPOS="1972" VPOS="1531" WIDTH="213" />
<SP HEIGHT="64" HPOS="2186" VPOS="1534" WIDTH="77" />
<String CONTENT="London," HEIGHT="147" HPOS="389" VPOS="1534" WIDTH="2000" />
<SP HEIGHT="66" HPOS="523" VPOS="1615" WIDTH="25" />
<String CONTENT="Eldon" HEIGHT="54" HPOS="549" VPOS="1613" WIDTH="193" />
<SP HEIGHT="49" HPOS="743" VPOS="1631" WIDTH="24" />
<String CONTENT="press," HEIGHT="50" HPOS="768" VPOS="1630" WIDTH="175" />
<SP HEIGHT="67" HPOS="944" VPOS="1613" WIDTH="22" />
<String CONTENT="limited" HEIGHT="54" HPOS="967" VPOS="1612" WIDTH="227" />
<SP HEIGHT="67" HPOS="1195" VPOS="1613" WIDTH="28" />
<String CONTENT="[1936]" HEIGHT="65" HPOS="1224" VPOS="1615" WIDTH="174" />
</TextLine>
<TextLine HEIGHT="52" HPOS="461" VPOS="1685" WIDTH="439">
<String CONTENT="287," HEIGHT="48" HPOS="461" VPOS="1687" WIDTH="101" />
<SP HEIGHT="30" HPOS="563" VPOS="1707" WIDTH="31" />
<String CONTENT="[1]" HEIGHT="50" HPOS="595" VPOS="1687" WIDTH="54" />
<SP HEIGHT="40" HPOS="650" VPOS="1697" WIDTH="29" />
<String CONTENT="p." HEIGHT="38" HPOS="680" VPOS="1697" WIDTH="45" />
<SP HEIGHT="41" HPOS="726" VPOS="1686" WIDTH="55" />
<String CONTENT="19" HEIGHT="41" HPOS="782" VPOS="1685" WIDTH="56" />
<String CONTENT="cm" HEIGHT="21" HPOS="841" STYLE="superscript" VPOS="1688" WIDTH="45" />
<String CONTENT="." HEIGHT="9" HPOS="891" VPOS="1718" WIDTH="9" />
</TextLine>
<TextLine CS="1" HEIGHT="54" HPOS="392" VPOS="1753" WIDTH="2022">
<String CONTENT="&#169;" HEIGHT="54" HPOS="392" VPOS="1753" WIDTH="53" />
<SP />
<String CONTENT="1c." CS="1" />
<SP />
<String CONTENT="Aug." HEIGHT="47" HPOS="579" VPOS="1758" WIDTH="122" />
<SP HEIGHT="41" HPOS="702" VPOS="1757" WIDTH="35" />
<String CONTENT="15," HEIGHT="48" HPOS="738" VPOS="1757" WIDTH="69" />
<SP HEIGHT="48" HPOS="808" VPOS="1757" WIDTH="34" />
<String CONTENT="1936;" HEIGHT="48" HPOS="843" VPOS="1755" WIDTH="142" />
<SP HEIGHT="46" HPOS="986" VPOS="1757" WIDTH="35" />
<String CONTENT="A" HEIGHT="39" HPOS="1022" VPOS="1757" WIDTH="41" />
<SP HEIGHT="39" HPOS="1064" VPOS="1757" WIDTH="32" />
<String CONTENT="ad" HEIGHT="39" HPOS="1097" VPOS="1756" WIDTH="63" />
<SP HEIGHT="39" HPOS="1161" VPOS="1756" WIDTH="32" />
<String CONTENT="int." HEIGHT="40" HPOS="1194" VPOS="1756" WIDTH="88" />
<SP HEIGHT="41" HPOS="1283" VPOS="1755" WIDTH="34" />
<String CONTENT="21748;" HEIGHT="47" HPOS="1318" VPOS="1755" WIDTH="171" />
<SP HEIGHT="37" HPOS="1490" VPOS="1766" WIDTH="36" />
<String CONTENT="pubd." HEIGHT="48" HPOS="1527" VPOS="1755" WIDTH="144" />
<SP HEIGHT="39" HPOS="1672" VPOS="1756" WIDTH="36" />
<String CONTENT="June" HEIGHT="39" HPOS="1709" VPOS="1756" WIDTH="127" />
<SP HEIGHT="38" HPOS="1837" VPOS="1757" WIDTH="33" />
<String CONTENT="19;" HEIGHT="47" HPOS="1871" VPOS="1755" WIDTH="82" />
<SP HEIGHT="45" HPOS="1954" VPOS="1757" WIDTH="39" />
<String CONTENT="M." HEIGHT="39" HPOS="1994" VPOS="1757" WIDTH="61" />
<SP HEIGHT="40" HPOS="2056" VPOS="1756" WIDTH="37" />
<String CONTENT="G." HEIGHT="40" HPOS="2094" VPOS="1756" WIDTH="53" />
<SP HEIGHT="39" HPOS="2148" VPOS="1757" WIDTH="34" />
<String CONTENT="Truman," HEIGHT="47" HPOS="2183" VPOS="1757" WIDTH="231" />
</TextLine>
<TextLine HEIGHT="51" HPOS="462" VPOS="1812" WIDTH="1041">
<String CONTENT="Battle," HEIGHT="48" HPOS="462" VPOS="1815" WIDTH="182" />
<SP HEIGHT="48" HPOS="645" VPOS="1815" WIDTH="35" />
<String CONTENT="Sussex," HEIGHT="47" HPOS="681" VPOS="1815" WIDTH="194" />
<SP HEIGHT="47" HPOS="876" VPOS="1815" WIDTH="32" />
<String CONTENT="England." HEIGHT="48" HPOS="909" VPOS="1813" WIDTH="239" />
<SP HEIGHT="47" HPOS="1149" VPOS="1813" WIDTH="71" />
<String CONTENT="(36-18752)" HEIGHT="49" HPOS="1221" VPOS="1812" WIDTH="282" />
</TextLine>
<TextLine HEIGHT="67" HPOS="389" STYLEREFS="StyleId-D7C46650-76C2-4315-ACC5-4842743DA672-" VPOS="1917" WIDTH="838">
<String CONTENT="Watson," HEIGHT="64" HPOS="389" VPOS="1920" WIDTH="267" />
<SP HEIGHT="65" HPOS="657" VPOS="1919" WIDTH="25" />
<String CONTENT="James" HEIGHT="53" HPOS="683" VPOS="1919" WIDTH="204" />
<SP HEIGHT="53" HPOS="888" VPOS="1919" WIDTH="26" />
<String CONTENT="Eli," HEIGHT="65" HPOS="915" VPOS="1917" WIDTH="111" />
<SP HEIGHT="59" HPOS="1027" VPOS="1923" WIDTH="27" />
<String CONTENT="1864-" HEIGHT="50" HPOS="1055" VPOS="1922" WIDTH="172" />
</TextLine>
<TextLine HEIGHT="69" HPOS="460" STYLEREFS="StyleId-43025635-4A47-4F65-A96E-5BEA363DB1E8-" VPOS="1993" WIDTH="1952">
<String CONTENT="As" HEIGHT="53" HPOS="460" VPOS="1997" WIDTH="84" />
<SP HEIGHT="51" HPOS="545" VPOS="1999" WIDTH="44" />
<String CONTENT="I" HEIGHT="51" HPOS="590" VPOS="1999" WIDTH="32" />
<SP HEIGHT="53" HPOS="623" VPOS="1997" WIDTH="44" />
<String CONTENT="knew" HEIGHT="53" HPOS="668" VPOS="1997" WIDTH="165" />
<SP HEIGHT="48" HPOS="834" VPOS="2000" WIDTH="43" />
<String CONTENT="them;" HEIGHT="65" HPOS="878" VPOS="1997" WIDTH="185" />
<SP HEIGHT="48" HPOS="1064" VPOS="2014" WIDTH="45" />
<String CONTENT="memoirs" HEIGHT="55" HPOS="1110" VPOS="1993" WIDTH="268" />
<SP HEIGHT="34" HPOS="1379" VPOS="2013" WIDTH="44" />
<String CONTENT="of" HEIGHT="52" HPOS="1424" VPOS="1995" WIDTH="62" />
<SP HEIGHT="56" HPOS="1487" VPOS="1995" WIDTH="44" />
<String CONTENT="James" HEIGHT="54" HPOS="1532" VPOS="1997" WIDTH="196" />
<SP HEIGHT="51" HPOS="1729" VPOS="1997" WIDTH="46" />
<String CONTENT="E." HEIGHT="51" HPOS="1776" VPOS="1997" WIDTH="67" />
<SP HEIGHT="53" HPOS="1844" VPOS="1997" WIDTH="43" />
<String CONTENT="Watson," HEIGHT="65" HPOS="1888" VPOS="1997" WIDTH="260" />
<SP HEIGHT="65" HPOS="2149" VPOS="1997" WIDTH="46" />
<String CONTENT="former" HEIGHT="52" HPOS="2196" VPOS="1997" WIDTH="216" />
</TextLine>
<TextLine HEIGHT="70" HPOS="389" STYLEREFS="StyleId-43025635-4A47-4F65-A96E-5BEA363DB1E8-" VPOS="2072" WIDTH="2023">
<String CONTENT="United" HEIGHT="54" HPOS="389" VPOS="2076" WIDTH="221" />
<SP HEIGHT="55" HPOS="611" VPOS="2076" WIDTH="46" />
<String CONTENT="States" HEIGHT="55" HPOS="658" VPOS="2076" WIDTH="190" />
<SP HEIGHT="34" HPOS="849" VPOS="2092" WIDTH="41" />
<String CONTENT="senator" HEIGHT="48" HPOS="891" VPOS="2079" WIDTH="229" />
<SP HEIGHT="52" HPOS="1121" VPOS="2074" WIDTH="44" />
<String CONTENT="from" HEIGHT="52" HPOS="1166" VPOS="2074" WIDTH="154" />
<SP HEIGHT="51" HPOS="1321" VPOS="2075" WIDTH="44" />
<String CONTENT="Indiana" HEIGHT="54" HPOS="1366" VPOS="2072" WIDTH="250" />
<SP HEIGHT="33" HPOS="1617" VPOS="2093" WIDTH="48" />
<String CONTENT="..." HEIGHT="8" HPOS="1666" VPOS="2117" WIDTH="55" />
<SP HEIGHT="51" HPOS="1722" VPOS="2075" WIDTH="83" />
<String CONTENT="Indianapolis," HEIGHT="69" HPOS="1806" VPOS="2073" WIDTH="422" />
<SP HEIGHT="65" HPOS="2229" VPOS="2076" WIDTH="43" />
<String CONTENT="New" HEIGHT="51" HPOS="2273" VPOS="2076" WIDTH="139" />
</TextLine>
<TextLine CS="1" HEIGHT="68" HPOS="390" STYLEREFS="StyleId-43025635-4A47-4F65-A96E-5BEA363DB1E8-" VPOS="2152" WIDTH="1387">
<String CONTENT="York," HEIGHT="67" HPOS="390" VPOS="2153" WIDTH="182" />
<SP HEIGHT="66" HPOS="573" VPOS="2154" WIDTH="36" />
<String CONTENT="The" HEIGHT="53" HPOS="610" VPOS="2153" WIDTH="123" />
<SP HEIGHT="51" HPOS="734" VPOS="2155" WIDTH="35" />
<String CONTENT="Bobbs-Merrill" HEIGHT="53" HPOS="770" VPOS="2152" WIDTH="447" />
<SP HEIGHT="52" HPOS="1218" VPOS="2152" WIDTH="37" />
<String CONTENT="company" HEIGHT="49" HPOS="1256" VPOS="2170" WIDTH="283" />
<SP HEIGHT="49" HPOS="1540" VPOS="2171" WIDTH="42" />
<String CONTENT="[" CS="1" />
<String CONTENT="c" HEIGHT="21" HPOS="1600" STYLE="superscript" VPOS="2158" WIDTH="18" />
<String CONTENT="1936]" HEIGHT="64" HPOS="1624" VPOS="2156" WIDTH="153" />
</TextLine>
<TextLine CS="1" HEIGHT="52" HPOS="461" VPOS="2224" WIDTH="1077">
<String CONTENT="330" HEIGHT="42" HPOS="461" VPOS="2226" WIDTH="89" />
<SP HEIGHT="49" HPOS="551" VPOS="2226" WIDTH="23" />
<String CONTENT="p." HEIGHT="39" HPOS="575" VPOS="2236" WIDTH="44" />
<SP HEIGHT="42" HPOS="620" VPOS="2225" WIDTH="29" />
<String CONTENT="incl." HEIGHT="42" HPOS="650" VPOS="2225" WIDTH="112" />
<SP />
<String CONTENT="front." CS="1" />
<SP />
<String CONTENT="plates," HEIGHT="51" HPOS="1003" VPOS="2225" WIDTH="174" />
<SP HEIGHT="41" HPOS="1178" VPOS="2235" WIDTH="29" />
<String CONTENT="ports." HEIGHT="47" HPOS="1208" VPOS="2226" WIDTH="152" />
<SP HEIGHT="42" HPOS="1361" VPOS="2224" WIDTH="59" />
<String CONTENT="24" HEIGHT="41" HPOS="1421" VPOS="2224" WIDTH="56" />
<String CONTENT="cm" HEIGHT="21" HPOS="1480" STYLE="superscript" VPOS="2228" WIDTH="45" />
<String CONTENT="." HEIGHT="8" HPOS="1530" VPOS="2259" WIDTH="8" />
</TextLine>
<TextLine HEIGHT="54" HPOS="390" VPOS="2281" WIDTH="1832">
<String CONTENT="&#169;" HEIGHT="54" HPOS="390" VPOS="2281" WIDTH="53" />
<SP HEIGHT="54" HPOS="444" VPOS="2281" WIDTH="29" />
<String CONTENT="Sept." HEIGHT="47" HPOS="474" VPOS="2286" WIDTH="128" />
<SP HEIGHT="40" HPOS="603" VPOS="2285" WIDTH="25" />
<String CONTENT="4," HEIGHT="45" HPOS="629" VPOS="2285" WIDTH="42" />
<SP HEIGHT="45" HPOS="672" VPOS="2285" WIDTH="28" />
<String CONTENT="1936;" HEIGHT="46" HPOS="701" VPOS="2283" WIDTH="140" />
<SP HEIGHT="46" HPOS="842" VPOS="2283" WIDTH="29" />
<String CONTENT="2c." HEIGHT="40" HPOS="872" VPOS="2283" WIDTH="66" />
<SP HEIGHT="29" HPOS="939" VPOS="2294" WIDTH="29" />
<String CONTENT="and" HEIGHT="40" HPOS="969" VPOS="2283" WIDTH="97" />
<SP HEIGHT="39" HPOS="1067" VPOS="2283" WIDTH="27" />
<String CONTENT="aff." HEIGHT="40" HPOS="1095" VPOS="2283" WIDTH="82" />
<SP HEIGHT="40" HPOS="1178" VPOS="2284" WIDTH="30" />
<String CONTENT="Sept." HEIGHT="48" HPOS="1209" VPOS="2283" WIDTH="127" />
<SP HEIGHT="38" HPOS="1337" VPOS="2284" WIDTH="31" />
<String CONTENT="14;" HEIGHT="45" HPOS="1369" VPOS="2284" WIDTH="82" />
<SP HEIGHT="45" HPOS="1452" VPOS="2284" WIDTH="29" />
<String CONTENT="A" HEIGHT="38" HPOS="1482" VPOS="2284" WIDTH="40" />
<SP HEIGHT="40" HPOS="1523" VPOS="2283" WIDTH="25" />
<String CONTENT="97788;" HEIGHT="47" HPOS="1549" VPOS="2283" WIDTH="172" />
<SP HEIGHT="46" HPOS="1722" VPOS="2284" WIDTH="30" />
<String CONTENT="Bobbs-Merrill" HEIGHT="40" HPOS="1753" VPOS="2283" WIDTH="374" />
<SP HEIGHT="40" HPOS="2128" VPOS="2283" WIDTH="27" />
<String CONTENT="co." HEIGHT="30" HPOS="2156" LANG="ru" VPOS="2294" WIDTH="66" />
</TextLine>
<TextLine HEIGHT="66" HPOS="386" STYLEREFS="StyleId-D7C46650-76C2-4315-ACC5-4842743DA672-" VPOS="2403" WIDTH="580">
<String CONTENT="Will," HEIGHT="65" HPOS="386" VPOS="2403" WIDTH="153" />
<SP HEIGHT="65" HPOS="540" VPOS="2403" WIDTH="28" />
<String CONTENT="Josef," HEIGHT="66" HPOS="569" VPOS="2403" WIDTH="190" />
<SP HEIGHT="61" HPOS="760" VPOS="2408" WIDTH="31" />
<String CONTENT="1901-" HEIGHT="50" HPOS="792" VPOS="2408" WIDTH="174" />
</TextLine>
<TextLine HEIGHT="70" HPOS="463" STYLEREFS="StyleId-43025635-4A47-4F65-A96E-5BEA363DB1E8-" VPOS="2478" WIDTH="1947">
<String CONTENT="Catholic" HEIGHT="56" HPOS="463" VPOS="2481" WIDTH="266" />
<SP HEIGHT="35" HPOS="730" VPOS="2500" WIDTH="31" />
<String CONTENT="action" HEIGHT="54" HPOS="762" VPOS="2480" WIDTH="190" />
<SP HEIGHT="52" HPOS="953" VPOS="2480" WIDTH="30" />
<String CONTENT="handbook," HEIGHT="70" HPOS="984" VPOS="2478" WIDTH="324" />
<SP HEIGHT="68" HPOS="1309" VPOS="2480" WIDTH="32" />
<String CONTENT="by" HEIGHT="68" HPOS="1342" VPOS="2480" WIDTH="76" />
<SP HEIGHT="68" HPOS="1419" VPOS="2480" WIDTH="29" />
<String CONTENT="Joseph" HEIGHT="68" HPOS="1449" VPOS="2480" WIDTH="219" />
<SP HEIGHT="54" HPOS="1669" VPOS="2480" WIDTH="28" />
<String CONTENT="Will" HEIGHT="55" HPOS="1698" VPOS="2479" WIDTH="143" />
<SP HEIGHT="51" HPOS="1842" VPOS="2480" WIDTH="36" />
<String CONTENT="..." HEIGHT="9" HPOS="1879" VPOS="2522" WIDTH="55" />
<SP HEIGHT="33" HPOS="1935" VPOS="2499" WIDTH="37" />
<String CONTENT="and" HEIGHT="53" HPOS="1973" VPOS="2479" WIDTH="111" />
<SP HEIGHT="54" HPOS="2085" VPOS="2479" WIDTH="33" />
<String CONTENT="Kilian" HEIGHT="55" HPOS="2119" LANG="de" VPOS="2479" WIDTH="204" />
<SP HEIGHT="53" HPOS="2324" VPOS="2482" WIDTH="31" />
<String CONTENT="J." HEIGHT="53" HPOS="2356" VPOS="2482" WIDTH="54" />
</TextLine>
<TextLine CS="1" HEIGHT="70" HPOS="391" STYLEREFS="StyleId-43025635-4A47-4F65-A96E-5BEA363DB1E8-" VPOS="2557" WIDTH="1647">
<String CONTENT="Hennrich" HEIGHT="55" HPOS="391" VPOS="2559" WIDTH="303" />
<SP HEIGHT="52" HPOS="695" VPOS="2559" WIDTH="29" />
<String CONTENT="..." HEIGHT="9" HPOS="725" VPOS="2602" WIDTH="57" />
<SP HEIGHT="53" HPOS="783" VPOS="2559" WIDTH="65" />
<String CONTENT="New" HEIGHT="53" HPOS="849" VPOS="2559" WIDTH="141" />
<SP HEIGHT="54" HPOS="991" VPOS="2558" WIDTH="25" />
<String CONTENT="York," HEIGHT="68" HPOS="1017" VPOS="2558" WIDTH="182" />
<SP HEIGHT="67" HPOS="1200" VPOS="2559" WIDTH="24" />
<String CONTENT="J." HEIGHT="54" HPOS="1225" LANG="fr" VPOS="2559" WIDTH="56" />
<SP HEIGHT="54" HPOS="1282" VPOS="2559" WIDTH="26" />
<String CONTENT="F." HEIGHT="52" HPOS="1309" VPOS="2559" WIDTH="65" />
<SP HEIGHT="54" HPOS="1375" VPOS="2559" WIDTH="26" />
<String CONTENT="Wagner," HEIGHT="68" HPOS="1402" VPOS="2559" WIDTH="273" />
<SP HEIGHT="69" HPOS="1676" VPOS="2557" WIDTH="22" />
<String CONTENT="inc." HEIGHT="54" HPOS="1699" VPOS="2557" WIDTH="108" />
<SP HEIGHT="34" HPOS="1808" VPOS="2592" WIDTH="33" />
<String CONTENT="[" CS="1" />
<String CONTENT="c" HEIGHT="22" HPOS="1860" STYLE="superscript" VPOS="2565" WIDTH="17" />
<String CONTENT="1936]" HEIGHT="65" HPOS="1883" VPOS="2561" WIDTH="155" />
</TextLine>
<TextLine CS="1" HEIGHT="50" HPOS="462" VPOS="2632" WIDTH="569">
<String CONTENT="2" HEIGHT="39" HPOS="462" VPOS="2634" WIDTH="29" />
<SP HEIGHT="48" HPOS="492" VPOS="2634" WIDTH="26" />
<String CONTENT="p." HEIGHT="37" HPOS="519" VPOS="2645" WIDTH="44" />
<SP />
<String CONTENT="l.," CS="1" />
<SP />
<String CONTENT="123" HEIGHT="40" HPOS="667" VPOS="2633" WIDTH="84" />
<SP HEIGHT="48" HPOS="752" VPOS="2633" WIDTH="28" />
<String CONTENT="p." HEIGHT="37" HPOS="781" VPOS="2644" WIDTH="43" />
<SP HEIGHT="40" HPOS="825" VPOS="2632" WIDTH="58" />
<String CONTENT="18&#189;" CS="1" HEIGHT="41" HPOS="884" VPOS="2632" WIDTH="57" />
<String CONTENT="cm" HEIGHT="22" HPOS="973" STYLE="superscript" VPOS="2634" WIDTH="44" />
<String CONTENT="." HEIGHT="8" HPOS="1023" VPOS="2664" WIDTH="8" />
</TextLine>
<TextLine HEIGHT="50" HPOS="463" VPOS="2687" WIDTH="1947">
<String CONTENT="Translation," HEIGHT="45" HPOS="463" VPOS="2689" WIDTH="333" />
<SP HEIGHT="45" HPOS="797" VPOS="2689" WIDTH="25" />
<String CONTENT="by" HEIGHT="48" HPOS="823" VPOS="2689" WIDTH="62" />
<SP HEIGHT="47" HPOS="886" VPOS="2690" WIDTH="25" />
<String CONTENT="K." HEIGHT="39" HPOS="912" LANG="fr" VPOS="2690" WIDTH="60" />
<SP HEIGHT="40" HPOS="973" VPOS="2690" WIDTH="25" />
<String CONTENT="J." HEIGHT="40" HPOS="999" VPOS="2690" WIDTH="45" />
<SP HEIGHT="40" HPOS="1045" VPOS="2689" WIDTH="25" />
<String CONTENT="Hennrich," HEIGHT="47" HPOS="1071" VPOS="2688" WIDTH="266" />
<SP HEIGHT="35" HPOS="1338" VPOS="2700" WIDTH="27" />
<String CONTENT="with" HEIGHT="41" HPOS="1366" VPOS="2688" WIDTH="122" />
<SP HEIGHT="40" HPOS="1489" VPOS="2688" WIDTH="25" />
<String CONTENT="some" HEIGHT="30" HPOS="1515" VPOS="2699" WIDTH="130" />
<SP HEIGHT="30" HPOS="1646" VPOS="2699" WIDTH="25" />
<String CONTENT="omissions" HEIGHT="42" HPOS="1672" VPOS="2687" WIDTH="259" />
<SP HEIGHT="30" HPOS="1932" VPOS="2699" WIDTH="26" />
<String CONTENT="and" HEIGHT="40" HPOS="1959" VPOS="2690" WIDTH="98" />
<SP HEIGHT="40" HPOS="2058" VPOS="2690" WIDTH="24" />
<String CONTENT="the" HEIGHT="39" HPOS="2083" VPOS="2691" WIDTH="82" />
<SP HEIGHT="30" HPOS="2166" VPOS="2700" WIDTH="22" />
<String CONTENT="addition" HEIGHT="42" HPOS="2189" VPOS="2691" WIDTH="221" />
</TextLine>
<TextLine HEIGHT="46" HPOS="391" VPOS="2745" WIDTH="2019">
<String CONTENT="of" HEIGHT="41" HPOS="391" VPOS="2747" WIDTH="53" />
<SP HEIGHT="40" HPOS="445" VPOS="2747" WIDTH="32" />
<String CONTENT="some" HEIGHT="30" HPOS="478" VPOS="2757" WIDTH="130" />
<SP HEIGHT="30" HPOS="609" VPOS="2757" WIDTH="34" />
<String CONTENT="material" HEIGHT="40" HPOS="644" VPOS="2746" WIDTH="231" />
<SP HEIGHT="40" HPOS="876" VPOS="2747" WIDTH="34" />
<String CONTENT="on" HEIGHT="30" HPOS="911" VPOS="2757" WIDTH="60" />
<SP HEIGHT="37" HPOS="972" VPOS="2748" WIDTH="33" />
<String CONTENT="the" HEIGHT="40" HPOS="1006" VPOS="2747" WIDTH="82" />
<SP HEIGHT="40" HPOS="1089" VPOS="2747" WIDTH="32" />
<String CONTENT="American" HEIGHT="40" HPOS="1122" VPOS="2746" WIDTH="261" />
<SP HEIGHT="35" HPOS="1384" VPOS="2756" WIDTH="32" />
<String CONTENT="problem," HEIGHT="46" HPOS="1417" VPOS="2745" WIDTH="232" />
<SP HEIGHT="33" HPOS="1650" VPOS="2757" WIDTH="31" />
<String CONTENT="of" HEIGHT="40" HPOS="1682" VPOS="2746" WIDTH="54" />
<SP HEIGHT="40" HPOS="1737" VPOS="2746" WIDTH="31" />
<String CONTENT="Josef" HEIGHT="40" HPOS="1769" VPOS="2746" WIDTH="142" />
<SP HEIGHT="41" HPOS="1912" VPOS="2746" WIDTH="28" />
<String CONTENT="Will&#8217;s" HEIGHT="42" HPOS="1941" VPOS="2746" WIDTH="158" />
<SP HEIGHT="40" HPOS="2100" VPOS="2748" WIDTH="34" />
<String CONTENT="Handbuch" HEIGHT="41" HPOS="2135" LANG="de" VPOS="2748" WIDTH="275" />
</TextLine>
<TextLine HEIGHT="50" HPOS="391" VPOS="2801" WIDTH="1341">
<String CONTENT="der" HEIGHT="40" HPOS="391" LANG="de" VPOS="2804" WIDTH="86" />
<SP HEIGHT="39" HPOS="478" VPOS="2804" WIDTH="25" />
<String CONTENT="Katholischen" HEIGHT="41" HPOS="504" LANG="de" VPOS="2803" WIDTH="358" />
<SP HEIGHT="30" HPOS="863" VPOS="2813" WIDTH="24" />
<String CONTENT="aktion," HEIGHT="48" HPOS="888" LANG="en-US" VPOS="2803" WIDTH="184" />
<SP HEIGHT="49" HPOS="1073" VPOS="2802" WIDTH="26" />
<String CONTENT="first" HEIGHT="41" HPOS="1100" LANG="en-US" VPOS="2802" WIDTH="111" />
<SP HEIGHT="47" HPOS="1212" VPOS="2803" WIDTH="27" />
<String CONTENT="published" HEIGHT="49" HPOS="1240" LANG="en-US" VPOS="2801" WIDTH="259" />
<SP HEIGHT="42" HPOS="1500" VPOS="2802" WIDTH="25" />
<String CONTENT="in" HEIGHT="40" HPOS="1526" LANG="en-US" VPOS="2802" WIDTH="50" />
<SP HEIGHT="39" HPOS="1577" VPOS="2803" WIDTH="24" />
<String CONTENT="1934." HEIGHT="43" HPOS="1602" LANG="en-US" VPOS="2801" WIDTH="130" />
</TextLine>
<TextLine CS="1" HEIGHT="52" HPOS="466" VPOS="2858" WIDTH="1943">
<String CONTENT="&#8220;Papal" HEIGHT="50" HPOS="466" VPOS="2859" WIDTH="183" />
<SP HEIGHT="41" HPOS="650" VPOS="2860" WIDTH="36" />
<String CONTENT="documents&#8221;;" CS="1" HEIGHT="43" HPOS="687" VPOS="2858" WIDTH="313" />
<SP HEIGHT="39" HPOS="1030" VPOS="2870" WIDTH="40" />
<String CONTENT="p." HEIGHT="39" HPOS="1071" VPOS="2870" WIDTH="43" />
<SP HEIGHT="42" HPOS="1115" VPOS="2859" WIDTH="34" />
<String CONTENT="9-12;" CS="1" HEIGHT="43" HPOS="1150" VPOS="2858" WIDTH="116" />
<SP HEIGHT="38" HPOS="1295" VPOS="2858" WIDTH="35" />
<String CONTENT="&#8220;Annotated" HEIGHT="41" HPOS="1331" VPOS="2858" WIDTH="309" />
<SP HEIGHT="40" HPOS="1641" VPOS="2859" WIDTH="32" />
<String CONTENT="bibliography&#8221;;" CS="1" HEIGHT="51" HPOS="1674" VPOS="2859" WIDTH="370" />
<SP HEIGHT="39" HPOS="2074" VPOS="2871" WIDTH="36" />
<String CONTENT="p." HEIGHT="38" HPOS="2111" LANG="fr" VPOS="2872" WIDTH="44" />
<SP HEIGHT="38" HPOS="2156" VPOS="2865" WIDTH="35" />
<String CONTENT="1" CS="1" LANG="fr" />
<String CONTENT="21-123." HEIGHT="42" HPOS="2221" VPOS="2862" WIDTH="188" />
</TextLine>
<TextLine CS="1" HEIGHT="55" HPOS="390" VPOS="2913" WIDTH="2019">
<String CONTENT="&#169;" HEIGHT="54" HPOS="390" VPOS="2913" WIDTH="53" />
<SP HEIGHT="54" HPOS="444" VPOS="2913" WIDTH="26" />
<String CONTENT="June" HEIGHT="39" HPOS="471" VPOS="2919" WIDTH="128" />
<SP HEIGHT="39" HPOS="600" VPOS="2919" WIDTH="25" />
<String CONTENT="5," HEIGHT="47" HPOS="626" VPOS="2919" WIDTH="40" />
<SP HEIGHT="48" HPOS="667" VPOS="2918" WIDTH="28" />
<String CONTENT="1936;" HEIGHT="48" HPOS="696" VPOS="2917" WIDTH="142" />
<SP HEIGHT="48" HPOS="839" VPOS="2917" WIDTH="28" />
<String CONTENT="2c." HEIGHT="40" HPOS="868" VPOS="2917" WIDTH="68" />
<SP HEIGHT="39" HPOS="937" VPOS="2918" WIDTH="30" />
<String CONTENT="July" HEIGHT="47" HPOS="968" VPOS="2917" WIDTH="116" />
<SP HEIGHT="46" HPOS="1085" VPOS="2918" WIDTH="23" />
<String CONTENT="20;" CS="1" HEIGHT="40" HPOS="1109" VPOS="2917" WIDTH="56" />
<SP HEIGHT="37" HPOS="1193" VPOS="2927" WIDTH="32" />
<String CONTENT="aff." HEIGHT="40" HPOS="1226" VPOS="2917" WIDTH="82" />
<SP HEIGHT="39" HPOS="1309" VPOS="2918" WIDTH="29" />
<String CONTENT="June" HEIGHT="39" HPOS="1339" VPOS="2918" WIDTH="128" />
<SP HEIGHT="40" HPOS="1468" VPOS="2917" WIDTH="24" />
<String CONTENT="27;" HEIGHT="47" HPOS="1493" VPOS="2917" WIDTH="83" />
<SP HEIGHT="46" HPOS="1577" VPOS="2918" WIDTH="31" />
<String CONTENT="A" HEIGHT="39" HPOS="1609" VPOS="2918" WIDTH="40" />
<SP HEIGHT="40" HPOS="1650" VPOS="2917" WIDTH="29" />
<String CONTENT="96567;" HEIGHT="48" HPOS="1680" VPOS="2917" WIDTH="172" />
<SP HEIGHT="46" HPOS="1853" VPOS="2919" WIDTH="32" />
<String CONTENT="Joseph" HEIGHT="48" HPOS="1886" VPOS="2919" WIDTH="185" />
<SP HEIGHT="40" HPOS="2072" VPOS="2919" WIDTH="28" />
<String CONTENT="F." HEIGHT="40" HPOS="2101" VPOS="2920" WIDTH="51" />
<SP HEIGHT="39" HPOS="2153" VPOS="2921" WIDTH="29" />
<String CONTENT="Wagner," HEIGHT="47" HPOS="2183" VPOS="2921" WIDTH="226" />
</TextLine>
<TextLine HEIGHT="49" HPOS="462" VPOS="2974" WIDTH="446">
<String CONTENT="inc." HEIGHT="40" HPOS="462" VPOS="2974" WIDTH="90" />
<SP HEIGHT="47" HPOS="553" VPOS="2975" WIDTH="71" />
<String CONTENT="(36-17609)" HEIGHT="48" HPOS="625" VPOS="2975" WIDTH="283" />
</TextLine>
<TextLine HEIGHT="66" HPOS="386" STYLEREFS="StyleId-D7C46650-76C2-4315-ACC5-4842743DA672-" VPOS="3077" WIDTH="816">
<String CONTENT="Will," HEIGHT="63" HPOS="386" VPOS="3077" WIDTH="150" />
<SP HEIGHT="61" HPOS="537" VPOS="3079" WIDTH="26" />
<String CONTENT="Roland" HEIGHT="54" HPOS="564" VPOS="3077" WIDTH="227" />
<SP HEIGHT="54" HPOS="792" VPOS="3077" WIDTH="26" />
<String CONTENT="Gage," HEIGHT="66" HPOS="819" VPOS="3077" WIDTH="182" />
<SP HEIGHT="60" HPOS="1002" VPOS="3083" WIDTH="27" />
<String CONTENT="1897-" HEIGHT="54" HPOS="1030" VPOS="3079" WIDTH="172" />
</TextLine>
<TextLine CS="1" HEIGHT="146" HPOS="386" STYLEREFS="StyleId-43025635-4A47-4F65-A96E-5BEA363DB1E8-" VPOS="3155" WIDTH="1994">
<String CONTENT="The" HEIGHT="52" HPOS="457" VPOS="3156" WIDTH="122" />
<SP HEIGHT="33" HPOS="580" VPOS="3175" WIDTH="32" />
<String CONTENT="university," HEIGHT="66" HPOS="613" VPOS="3156" WIDTH="339" />
<SP HEIGHT="47" HPOS="953" VPOS="3174" WIDTH="31" />
<String CONTENT="college," HEIGHT="67" HPOS="985" VPOS="3155" WIDTH="231" />
<SP HEIGHT="47" HPOS="1217" VPOS="3175" WIDTH="32" />
<String CONTENT="and" HEIGHT="52" HPOS="1250" VPOS="3157" WIDTH="112" />
<SP HEIGHT="52" HPOS="1363" VPOS="3157" WIDTH="32" />
<String CONTENT="normal" HEIGHT="53" HPOS="1396" VPOS="3156" WIDTH="222" />
<SP HEIGHT="53" HPOS="1619" VPOS="3156" WIDTH="33" />
<String CONTENT="school" HEIGHT="54" HPOS="1653" VPOS="3156" WIDTH="193" />
<SP HEIGHT="53" HPOS="1847" VPOS="3156" WIDTH="32" />
<String CONTENT="students" HEIGHT="53" HPOS="1880" VPOS="3158" WIDTH="259" />
<SP HEIGHT="52" HPOS="2140" VPOS="3158" WIDTH="31" />
<String CONTENT="in" HEIGHT="52" HPOS="2172" VPOS="3158" WIDTH="59" />
<SP HEIGHT="55" HPOS="2232" VPOS="3159" WIDTH="34" />
<String CONTENT="Oregon" HEIGHT="141" HPOS="386" VPOS="3159" WIDTH="1994" />
<SP HEIGHT="49" HPOS="500" VPOS="3252" WIDTH="29" />
<String CONTENT="[by]" CS="1" HEIGHT="66" HPOS="530" VPOS="3235" WIDTH="93" />
</TextLine>
<TextLine CS="1" HEIGHT="144" HPOS="385" STYLEREFS="StyleId-43025635-4A47-4F65-A96E-5BEA363DB1E8-" VPOS="3234" WIDTH="1996">
<String CONTENT="Roland" HEIGHT="52" HPOS="673" VPOS="3234" WIDTH="228" />
<SP HEIGHT="54" HPOS="902" VPOS="3234" WIDTH="24" />
<String CONTENT="G." HEIGHT="54" HPOS="927" VPOS="3234" WIDTH="68" />
<SP HEIGHT="53" HPOS="996" VPOS="3234" WIDTH="26" />
<String CONTENT="Will" HEIGHT="53" HPOS="1023" VPOS="3234" WIDTH="143" />
<SP HEIGHT="52" HPOS="1167" VPOS="3234" WIDTH="32" />
<String CONTENT="..." HEIGHT="10" HPOS="1200" VPOS="3276" WIDTH="55" />
<SP HEIGHT="54" HPOS="1256" VPOS="3235" WIDTH="67" />
<String CONTENT="Columbus," HEIGHT="58" HPOS="1324" VPOS="3234" WIDTH="329" />
<SP HEIGHT="56" HPOS="1654" VPOS="3236" WIDTH="25" />
<String CONTENT="The" HEIGHT="52" HPOS="1680" VPOS="3235" WIDTH="122" />
<SP HEIGHT="55" HPOS="1803" VPOS="3234" WIDTH="25" />
<String CONTENT="Ohio" HEIGHT="55" HPOS="1829" VPOS="3234" WIDTH="153" />
<SP HEIGHT="35" HPOS="1983" VPOS="3253" WIDTH="23" />
<String CONTENT="state" HEIGHT="48" HPOS="2007" VPOS="3241" WIDTH="147" />
<SP HEIGHT="34" HPOS="2155" VPOS="3255" WIDTH="23" />
<String CONTENT="university," HEIGHT="142" HPOS="385" VPOS="3236" WIDTH="1996" />
<SP HEIGHT="61" HPOS="518" VPOS="3316" WIDTH="26" />
<String CONTENT="1936." HEIGHT="50" HPOS="545" VPOS="3314" WIDTH="151" />
</TextLine>
<TextLine CS="1" HEIGHT="107" HPOS="387" VPOS="3383" WIDTH="1999">
<String CONTENT="5" HEIGHT="39" HPOS="461" VPOS="3385" WIDTH="25" />
<SP HEIGHT="48" HPOS="487" VPOS="3385" WIDTH="22" />
<String CONTENT="p." HEIGHT="38" HPOS="510" VPOS="3395" WIDTH="43" />
<SP />
<String CONTENT="l.," CS="1" />
<SP />
<String CONTENT="152" HEIGHT="39" HPOS="644" VPOS="3385" WIDTH="86" />
<SP HEIGHT="47" HPOS="731" VPOS="3385" WIDTH="22" />
<String CONTENT="p." HEIGHT="37" HPOS="754" VPOS="3395" WIDTH="42" />
<SP HEIGHT="40" HPOS="797" VPOS="3385" WIDTH="53" />
<String CONTENT="diagrs." HEIGHT="47" HPOS="851" VPOS="3384" WIDTH="180" />
<SP HEIGHT="40" HPOS="1032" VPOS="3385" WIDTH="53" />
<String CONTENT="23" HEIGHT="40" HPOS="1086" VPOS="3385" WIDTH="55" />
<String CONTENT="cm" HEIGHT="21" HPOS="1145" STYLE="superscript" VPOS="3387" WIDTH="45" />
<String CONTENT="." HEIGHT="8" HPOS="1196" VPOS="3417" WIDTH="8" />
<SP HEIGHT="48" HPOS="1205" VPOS="3384" WIDTH="62" />
<String CONTENT="(On" HEIGHT="48" HPOS="1268" VPOS="3384" WIDTH="94" />
<SP HEIGHT="29" HPOS="1363" VPOS="3395" WIDTH="27" />
<String CONTENT="cover;" CS="1" HEIGHT="30" HPOS="1391" VPOS="3394" WIDTH="144" />
<SP HEIGHT="39" HPOS="1555" VPOS="3396" WIDTH="27" />
<String CONTENT="[Ohio" HEIGHT="52" HPOS="1583" VPOS="3383" WIDTH="137" />
<SP HEIGHT="30" HPOS="1721" VPOS="3396" WIDTH="25" />
<String CONTENT="state" HEIGHT="39" HPOS="1747" VPOS="3386" WIDTH="130" />
<SP HEIGHT="30" HPOS="1878" VPOS="3395" WIDTH="23" />
<String CONTENT="university," HEIGHT="51" HPOS="1902" VPOS="3385" WIDTH="288" />
<SP HEIGHT="48" HPOS="2191" VPOS="3388" WIDTH="26" />
<String CONTENT="Columbus]" CS="1" HEIGHT="93" HPOS="387" VPOS="3388" WIDTH="1999" />
<SP HEIGHT="48" HPOS="492" VPOS="3442" WIDTH="62" />
<String CONTENT="Contributions" HEIGHT="41" HPOS="555" VPOS="3441" WIDTH="372" />
<SP HEIGHT="39" HPOS="928" VPOS="3441" WIDTH="28" />
<String CONTENT="in" HEIGHT="40" HPOS="957" VPOS="3441" WIDTH="52" />
<SP HEIGHT="29" HPOS="1010" VPOS="3452" WIDTH="27" />
<String CONTENT="education," HEIGHT="41" HPOS="1038" VPOS="3440" WIDTH="273" />
<SP HEIGHT="30" HPOS="1312" VPOS="3451" WIDTH="60" />
<String CONTENT="no." HEIGHT="32" HPOS="1373" VPOS="3451" WIDTH="76" />
<SP HEIGHT="31" HPOS="1450" VPOS="3452" WIDTH="28" />
<String CONTENT="I)" CS="1" HEIGHT="48" HPOS="1508" VPOS="3442" WIDTH="15" />
</TextLine>
<TextLine HEIGHT="49" HPOS="462" VPOS="3497" WIDTH="819">
<String CONTENT="Ohio" HEIGHT="40" HPOS="462" VPOS="3498" WIDTH="122" />
<SP HEIGHT="27" HPOS="585" VPOS="3509" WIDTH="29" />
<String CONTENT="state" HEIGHT="39" HPOS="615" VPOS="3500" WIDTH="130" />
<SP HEIGHT="29" HPOS="746" VPOS="3508" WIDTH="27" />
<String CONTENT="university" HEIGHT="49" HPOS="774" VPOS="3497" WIDTH="276" />
<SP HEIGHT="38" HPOS="1051" VPOS="3508" WIDTH="28" />
<String CONTENT="studies." HEIGHT="41" HPOS="1080" VPOS="3498" WIDTH="201" />
</TextLine>
<TextLine HEIGHT="42" HPOS="461" VPOS="3554" WIDTH="704">
<String CONTENT="&#8220;Graduate" HEIGHT="40" HPOS="461" VPOS="3556" WIDTH="281" />
<SP HEIGHT="29" HPOS="743" VPOS="3567" WIDTH="31" />
<String CONTENT="school" HEIGHT="40" HPOS="775" VPOS="3556" WIDTH="163" />
<SP HEIGHT="38" HPOS="939" VPOS="3557" WIDTH="31" />
<String CONTENT="series.&#8221;" HEIGHT="41" HPOS="971" VPOS="3554" WIDTH="194" />
</TextLine>
<TextLine CS="1" HEIGHT="54" HPOS="389" VPOS="3608" WIDTH="1819">
<String CONTENT="&#169;" HEIGHT="54" HPOS="389" VPOS="3608" WIDTH="53" />
<SP HEIGHT="54" HPOS="443" VPOS="3608" WIDTH="29" />
<String CONTENT="Feb." HEIGHT="40" HPOS="473" VPOS="3613" WIDTH="110" />
<SP HEIGHT="40" HPOS="584" VPOS="3613" WIDTH="29" />
<String CONTENT="25," HEIGHT="46" HPOS="614" VPOS="3613" WIDTH="71" />
<SP HEIGHT="46" HPOS="686" VPOS="3613" WIDTH="28" />
<String CONTENT="1936;" CS="1" HEIGHT="40" HPOS="715" VPOS="3613" WIDTH="114" />
<SP HEIGHT="42" HPOS="856" VPOS="3613" WIDTH="30" />
<String CONTENT="2c." HEIGHT="39" HPOS="887" VPOS="3613" WIDTH="67" />
<SP HEIGHT="28" HPOS="955" VPOS="3624" WIDTH="30" />
<String CONTENT="and" HEIGHT="40" HPOS="986" VPOS="3612" WIDTH="96" />
<SP HEIGHT="40" HPOS="1083" VPOS="3612" WIDTH="29" />
<String CONTENT="aff." HEIGHT="41" HPOS="1113" VPOS="3612" WIDTH="82" />
<SP HEIGHT="39" HPOS="1196" VPOS="3614" WIDTH="29" />
<String CONTENT="May" HEIGHT="46" HPOS="1226" VPOS="3614" WIDTH="115" />
<SP HEIGHT="46" HPOS="1342" VPOS="3614" WIDTH="28" />
<String CONTENT="27;" CS="1" HEIGHT="39" HPOS="1371" VPOS="3614" WIDTH="56" />
<SP HEIGHT="46" HPOS="1454" VPOS="3614" WIDTH="31" />
<String CONTENT="A" HEIGHT="39" HPOS="1486" VPOS="3614" WIDTH="40" />
<SP HEIGHT="41" HPOS="1527" VPOS="3612" WIDTH="29" />
<String CONTENT="95420;" CS="1" HEIGHT="42" HPOS="1557" VPOS="3612" WIDTH="144" />
<SP HEIGHT="47" HPOS="1729" VPOS="3614" WIDTH="34" />
<String CONTENT="Ohio" HEIGHT="41" HPOS="1764" VPOS="3613" WIDTH="122" />
<SP HEIGHT="29" HPOS="1887" VPOS="3625" WIDTH="30" />
<String CONTENT="state" HEIGHT="39" HPOS="1918" VPOS="3615" WIDTH="130" />
<SP HEIGHT="29" HPOS="2049" VPOS="3625" WIDTH="28" />
<String CONTENT="univ." HEIGHT="42" HPOS="2078" VPOS="3614" WIDTH="130" />
</TextLine>
<TextLine HEIGHT="48" HPOS="469" VPOS="3669" WIDTH="283">
<String CONTENT="(36-27900)" HEIGHT="48" HPOS="469" VPOS="3669" WIDTH="283" />
</TextLine>
<TextLine HEIGHT="67" HPOS="385" STYLEREFS="StyleId-D7C46650-76C2-4315-ACC5-4842743DA672-" VPOS="3771" WIDTH="509">
<String CONTENT="Wilmot," HEIGHT="67" HPOS="385" VPOS="3771" WIDTH="261" />
<SP HEIGHT="64" HPOS="647" VPOS="3774" WIDTH="25" />
<String CONTENT="Eileen." HEIGHT="56" HPOS="673" VPOS="3772" WIDTH="221" />
</TextLine>
<TextLine CS="1" HEIGHT="71" HPOS="459" STYLEREFS="StyleId-43025635-4A47-4F65-A96E-5BEA363DB1E8-" VPOS="3847" WIDTH="1939">
<String CONTENT="Charity" HEIGHT="71" HPOS="459" VPOS="3847" WIDTH="247" />
<SP HEIGHT="69" HPOS="707" VPOS="3849" WIDTH="56" />
<String CONTENT="Hope;" CS="1" HEIGHT="68" HPOS="764" VPOS="3849" WIDTH="172" />
<SP HEIGHT="52" HPOS="966" VPOS="3850" WIDTH="58" />
<String CONTENT="her" HEIGHT="53" HPOS="1025" VPOS="3850" WIDTH="101" />
<SP HEIGHT="53" HPOS="1127" VPOS="3850" WIDTH="58" />
<String CONTENT="book," HEIGHT="67" HPOS="1186" VPOS="3850" WIDTH="164" />
<SP HEIGHT="67" HPOS="1351" VPOS="3850" WIDTH="59" />
<String CONTENT="by" HEIGHT="68" HPOS="1411" VPOS="3850" WIDTH="77" />
<SP HEIGHT="67" HPOS="1489" VPOS="3851" WIDTH="57" />
<String CONTENT="Eileen" HEIGHT="54" HPOS="1547" VPOS="3850" WIDTH="201" />
<SP HEIGHT="54" HPOS="1749" VPOS="3852" WIDTH="57" />
<String CONTENT="Wilmot." HEIGHT="55" HPOS="1807" VPOS="3851" WIDTH="258" />
<SP HEIGHT="51" HPOS="2066" VPOS="3854" WIDTH="74" />
<String CONTENT="London," HEIGHT="62" HPOS="2141" VPOS="3853" WIDTH="257" />
</TextLine>
<TextLine HEIGHT="70" HPOS="386" STYLEREFS="StyleId-43025635-4A47-4F65-A96E-5BEA363DB1E8-" VPOS="3928" WIDTH="1231">
<String CONTENT="Travel" HEIGHT="53" HPOS="386" LANG="en-US" VPOS="3929" WIDTH="210" />
<SP HEIGHT="50" HPOS="597" VPOS="3932" WIDTH="28" />
<String CONTENT="and" HEIGHT="51" HPOS="626" LANG="en-US" VPOS="3932" WIDTH="110" />
<SP HEIGHT="51" HPOS="737" VPOS="3932" WIDTH="31" />
<String CONTENT="sports" HEIGHT="63" HPOS="769" LANG="en-US" VPOS="3933" WIDTH="189" />
<SP HEIGHT="49" HPOS="959" VPOS="3947" WIDTH="25" />
<String CONTENT="press," HEIGHT="49" HPOS="985" LANG="en-US" VPOS="3947" WIDTH="175" />
<SP HEIGHT="67" HPOS="1161" VPOS="3929" WIDTH="26" />
<String CONTENT="limited" HEIGHT="56" HPOS="1188" LANG="de" VPOS="3928" WIDTH="223" />
<SP HEIGHT="68" HPOS="1412" VPOS="3930" WIDTH="33" />
<String CONTENT="[1935]" HEIGHT="64" HPOS="1446" LANG="en-US" VPOS="3934" WIDTH="171" />
</TextLine>
<TextLine CS="1" HEIGHT="49" HPOS="461" VPOS="4000" WIDTH="338">
<String CONTENT="261" HEIGHT="41" HPOS="461" VPOS="4000" WIDTH="84" />
<SP HEIGHT="48" HPOS="546" VPOS="4001" WIDTH="31" />
<String CONTENT="p." HEIGHT="37" HPOS="578" VPOS="4012" WIDTH="43" />
<SP HEIGHT="43" HPOS="622" VPOS="4001" WIDTH="60" />
<String CONTENT="19" CS="1" HEIGHT="41" HPOS="712" VPOS="4001" WIDTH="27" />
<String CONTENT="cm" HEIGHT="22" HPOS="742" STYLE="superscript" VPOS="4003" WIDTH="44" />
<String CONTENT="." HEIGHT="8" HPOS="791" VPOS="4034" WIDTH="8" />
</TextLine>
<TextLine CS="1" HEIGHT="54" HPOS="387" VPOS="4054" WIDTH="2015">
<String CONTENT="&#169;" HEIGHT="53" HPOS="387" VPOS="4054" WIDTH="53" />
<SP />
<String CONTENT="1c." CS="1" />
<SP />
<String CONTENT="Nov." HEIGHT="39" HPOS="569" VPOS="4060" WIDTH="119" />
<SP HEIGHT="39" HPOS="689" VPOS="4060" WIDTH="29" />
<String CONTENT="29," HEIGHT="47" HPOS="719" VPOS="4060" WIDTH="70" />
<SP HEIGHT="47" HPOS="790" VPOS="4060" WIDTH="31" />
<String CONTENT="1935;" CS="1" HEIGHT="40" HPOS="822" VPOS="4059" WIDTH="113" />
<SP HEIGHT="45" HPOS="963" VPOS="4060" WIDTH="33" />
<String CONTENT="A" HEIGHT="39" HPOS="997" VPOS="4060" WIDTH="39" />
<SP HEIGHT="39" HPOS="1037" VPOS="4060" WIDTH="28" />
<String CONTENT="ad" HEIGHT="39" HPOS="1066" VPOS="4060" WIDTH="63" />
<SP HEIGHT="40" HPOS="1130" VPOS="4059" WIDTH="30" />
<String CONTENT="int." HEIGHT="40" HPOS="1161" VPOS="4059" WIDTH="87" />
<SP HEIGHT="38" HPOS="1249" VPOS="4061" WIDTH="29" />
<String CONTENT="21071;" CS="1" HEIGHT="40" HPOS="1279" VPOS="4060" WIDTH="145" />
<SP HEIGHT="38" HPOS="1453" VPOS="4070" WIDTH="31" />
<String CONTENT="pubd." HEIGHT="48" HPOS="1485" VPOS="4060" WIDTH="144" />
<SP HEIGHT="39" HPOS="1630" VPOS="4061" WIDTH="30" />
<String CONTENT="Nov." HEIGHT="39" HPOS="1661" VPOS="4061" WIDTH="118" />
<SP HEIGHT="39" HPOS="1780" VPOS="4062" WIDTH="29" />
<String CONTENT="7;" CS="1" HEIGHT="39" HPOS="1810" VPOS="4062" WIDTH="27" />
<SP HEIGHT="47" HPOS="1864" VPOS="4061" WIDTH="34" />
<String CONTENT="Travel" HEIGHT="39" HPOS="1899" VPOS="4061" WIDTH="178" />
<SP HEIGHT="39" HPOS="2078" VPOS="4061" WIDTH="31" />
<String CONTENT="and" HEIGHT="40" HPOS="2110" VPOS="4061" WIDTH="97" />
<SP HEIGHT="40" HPOS="2208" VPOS="4061" WIDTH="32" />
<String CONTENT="sports" HEIGHT="45" HPOS="2241" VPOS="4063" WIDTH="161" />
</TextLine>
<TextLine HEIGHT="44" HPOS="455" VPOS="4116" WIDTH="623">
<String CONTENT="press," HEIGHT="34" HPOS="455" VPOS="4126" WIDTH="152" />
<SP HEIGHT="44" HPOS="608" VPOS="4116" WIDTH="29" />
<String CONTENT="ltd." HEIGHT="40" HPOS="638" VPOS="4116" WIDTH="85" />
<SP HEIGHT="44" HPOS="724" VPOS="4116" WIDTH="71" />
<String CONTENT="(36-18552)" HEIGHT="44" HPOS="796" VPOS="4116" WIDTH="282" />
</TextLine>
</TextBlock>
</PrintSpace>
</Page>
</Layout>
</alto>