2519 4377
1004 4061 129 48 1925

71 420 281 61 Johnson,
382 420 127 61 Roy
537 417 236 53 Wilder.

142 497 122 51 The
288 494 217 54 control
534 494 60 52 of
623 493 174 52 resale
827 493 205 66 prices;
1064 490 459 67 merchandising
1552 490 109 52 and
1692 488 145 68 legal
1868 490 200 65 phases

72 575 62 50 of
166 572 420 68 price-cutting,
616 571 569 66 price-maintenance
1220 570 108 50 and
1362 568 263 67 quantity
1658 568 304 54 discounts,
1996 567 73 66 by

73 654 125 63 Roy
230 653 86 52 W.
352 651 277 53 Johnson,
663 648 255 53 William
957 650 74 50 H.
1069 647 278 67 Ingersoll
1387 646 109 52 and
1535 646 226 54 Gilbert
1794 647 75 51 H.
72 646 1970 149 Montague.
333 727 268 66 Chicago,

630 727 120 51 The
779 726 258 51 Dartnell
1071 725 379 66 corporation,
1481 727 148 51 1936.

143 801 85 39 200
257 812 40 35 p.
355 800 56 38 20c
431 802 25 20 m
463 832 7 8 .
539 799 246 47 (Dartnell
819 801 161 44 report
1011 808 72 28 no.
1115 797 110 44 501)

75 854 53 52 ©
159 860 111 44 Apr.
305 857 69 46 23,
412 855 139 46 1930;
586 856 67 39 2c.
689 854 94 39 and
818 855 79 38 aff.
934 855 117 41 Aug.
1088 853 81 41 25;
1208 855 36 37 A
1279 852 171 42 97544;
1489 852 221 40 Dartnell
1747 851 325 48 corporation.

73 947 236 62 Lafont,
341 947 189 54 Aimé.

74 1019 1969 149 Bernadou, Félibre du Cep, par Aimé Lafont. Paris, Larousse [ 1936]
147 1176 16 36 1
201 1185 40 28 v.
309 1175 200 45 (Contes
539 1176 46 36 et
616 1181 194 30 romans
839 1182 123 37 pour
991 1175 121 36 tous.
1175 1171 135 40 Série
1337 1171 147 46 beige,
1544 1181 72 29 no.
1648 1170 80 47 25)

76 1226 1980 106 © May 20. 1936: 1c. Oct. 22; A-Foreign 33161 ; Augé, Gillon, Hollier-Larousse, Moreau et eie. (Librairie Larousse)
74 1378 302 56 Luzzatto,
404 1379 196 51 Moses
625 1376 280 58 Hayyim,
936 1379 324 53 1707-1747.

1815 1475 194 58 מסלת
1587 1475 190 56 ישרים
1379 1475 170 56 לרבי
1203 1475 140 58 משה
1023 1475 140 58 חיים
721 1475 262 58 לוצאטו.
429 1475 214 58 הוצאה
203 1477 188 58 חדשה
73 1477 90 68 עם

1911 1573 170 58 שינויי
1607 1571 266 62 נוסחאות
1355 1571 214 60 ומראה
1075 1571 240 82 מקומות
823 1571 216 60 ותרגום
543 1571 242 72 והערות
315 1573 190 58 בשפת
71 1549 216 84 אנגלית

1935 1671 146 60 מאת
1677 1671 216 58 מרדכי
1457 1671 166 58 מנחם
1145 1645 270 104 קפלן...
655 1645 404 90 פילאדלפיא,
373 1671 238 60 החברה
71 1671 264 60 היהודית

1815 1745 266 84 להוצאת
1573 1767 212 60 ספרים
1401 1769 142 58 אשר
1015 1767 356 82 באמיריקא,
767 1761 216 66 תרצ״ו.

148 1867 39 46 2,
217 1867 182 50 xxxvii,
428 1866 97 49 230,
556 1866 86 41 230
667 1877 42 38 p.
768 1867 116 41 17cm.
953 1866 298 48 (Half-title:
1279 1868 103 39 The
1414 1867 153 42 Schiff
1595 1867 186 48 library
1810 1867 53 40 of
1893 1868 183 40 Jewish

77 1924 223 47 classics)

148 1980 167 40 Added
351 1983 124 46 t.-p.:
514 1980 219 41 Mesillat
766 1979 271 48 yesharim;
1075 1981 102 39 The
1211 1980 120 48 path
1368 1980 51 40 of
1452 1980 82 39 the
1569 1980 213 48 upright,
1819 1980 59 47 by
1918 1982 159 38 Moses

81 2036 208 48 Hayyim
330 2038 260 46 Luzzatto;
631 2047 28 29 a
697 2036 191 40 critical
927 2036 184 41 edition
1148 2036 232 48 provided
1419 2036 119 39 with
1580 2047 27 29 a
1644 2036 297 40 translation
1982 2036 95 40 and

79 2097 151 44 notes,
265 2094 61 47 by
362 2093 246 41 Mordecai
644 2095 63 38 M.
745 2093 207 48 Kaplan.
1020 2092 355 50 Philadelphia,
1414 2093 101 40 The
1555 2093 183 40 Jewish
1776 2093 300 49 publication

79 2150 181 47 society
292 2150 53 39 of
373 2150 237 48 America,
644 2149 129 41 1936.

149 2206 207 41 Hebrew
385 2208 104 39 text
518 2206 95 39 and
644 2206 204 47 English
877 2205 298 40 translation
1201 2216 60 30 on
1292 2205 219 48 opposite
1538 2215 161 38 pages.

149 2264 162 48 Paged
338 2264 51 40 in
417 2263 259 48 duplicate.

134 2321 128 40 Title
302 2320 400 41 transliterated:
745 2319 214 41 Mesillath
1034 2319 259 47 yesharim.

81 2373 52 53 ©
164 2377 101 41 Oct.
297 2377 68 47 13,
397 2376 141 47 1936;
571 2376 65 42 2c.
672 2377 101 40 Oct.
805 2376 82 47 20;
923 2377 81 40 aff.
1038 2376 101 40 Oct.
1172 2376 81 47 17;
1287 2377 40 38 A
1358 2375 171 44 99542;
1562 2375 180 40 Jewish
1778 2375 300 49 publication

151 2445 92 30 soc.
275 2434 53 39 of
354 2434 235 40 America.
661 2432 191 49 (37-82)

77 2524 234 64 Mailey,
342 2524 313 53 Frederick
687 2525 66 52 E.

145 2602 177 52 What
356 2602 207 53 seekest
599 2602 173 52 thou?
846 2603 88 65 By
967 2601 308 53 Frederick
1309 2603 66 51 E.
1410 2601 233 68 Mailey.
1720 2601 180 55 Santa

78 2604 1975 143 Barbara, Calif., Pacific coast publishing company [ c 1936]
151 2751 55 39 41
235 2762 42 37 p.
333 2750 115 42 18cm.

81 2804 55 53 ©
173 2811 126 45 Sept.
336 2807 67 49 10,
441 2807 139 45 1936;
617 2807 69 40 2c.
727 2808 126 47 Sept.
890 2807 81 47 29;
1011 2808 81 39 aff.
1131 2810 126 45 Sept.
1294 2807 83 43 28;
1416 2810 39 37 A
1492 2807 171 48 98692;
1705 2809 50 41 F.
1794 2811 51 38 E.
1884 2810 195 47 Mailey,

155 2866 147 38 Santa
334 2864 235 50 Barbara,
599 2863 145 43 Calif.

102 2956 225 63 [Moran,
352 2955 268 53 Malcolm
646 2955 273 65 Edward]

149 3031 275 53 Intimate
450 3033 193 52 letters
670 3038 57 47 to
754 3053 30 33 a
812 3032 178 67 bride,
1017 3033 74 66 by
1120 3033 157 52 Ruth
1306 3033 258 67 Gaylord
1592 3034 217 53 Abbott
1842 3070 11 32 [
1859 3036 179 66 pseud

82 3108 1527 72 Seattle, Wash., Better homes foundation [ c 1936]
150 3184 27 39 2
206 3194 43 37 p.
311 3213 9 18 l.,
351 3182 144 42 7-112
522 3194 43 37 p.
624 3183 148 42 20½cm.

154 3240 226 41 “Edition
408 3239 232 42 limited.”

155 3295 174 41 “Facts
360 3296 148 41 about
538 3297 287 41 wholesome
858 3297 113 40 food
1003 3297 181 48 values,
1216 3308 172 38 proper
1421 3299 113 47 diet,
1567 3299 120 47 good
1721 3300 229 48 bargains
1984 3302 93 38 and

84 3353 138 40 other
266 3353 162 48 things
472 3354 108 40 that
623 3354 125 40 have
791 3356 48 38 to
882 3355 59 39 do
983 3354 119 40 with
1148 3356 82 39 the
1272 3356 185 39 science
1501 3355 51 40 of
1596 3357 139 40 home
82 3357 1997 101 making.”—p.
157 3410 68 41 75.

85 3464 52 53 ©
162 3469 127 47 Sept.
313 3467 69 46 26,
407 3468 140 45 1936;
574 3468 66 42 2c.
667 3469 100 40 Oct.
794 3469 51 47 7;
873 3469 80 40 aff.
981 3470 100 40 Oct.
1108 3470 52 45 5;
1187 3471 39 38 A
1251 3468 144 41 99183
1414 3480 8 36 ;
1452 3471 60 38 M.
1542 3472 51 38 E.
1619 3471 186 45 Moran,
1832 3470 246 48 Winslow,

155 3525 163 40 Wash.
379 3524 191 52 (37-95)

83 3615 267 64 Munsell,
379 3615 52 53 J.
463 3616 148 63 Guy.

155 3692 117 51 The
304 3692 230 66 healing
565 3711 189 47 power
786 3693 61 53 of
881 3700 215 47 nature,
1128 3694 73 66 by
1233 3696 54 51 J.
1320 3695 131 66 Guy
1483 3694 262 53 Munsell.
1822 3694 256 66 Lincoln,

141 3770 1294 68 New. Mansells mineral products co. [ c 1936]
157 3841 82 38 144
271 3851 40 37 p.
371 3840 116 41 20cm.

87 3891 52 53 ©
169 3897 113 46 July
315 3899 38 45 1,
386 3896 139 43 1936;
559 3898 66 39 2c.
659 3899 119 44 Aug.
812 3899 80 40 17:
927 3899 82 38 aff.
1043 3900 118 44 Aug.
1196 3899 79 42 19;
1312 3901 39 37 A
1383 3899 170 43 97448;
1592 3899 248 39 Mansell's
1875 3899 203 40 mineral

158 3953 228 46 products
409 3965 67 28 co.
535 3954 279 49 [Copyright
840 3954 42 39 is
906 3955 203 38 claimed
1135 3966 57 28 on
1220 3955 225 50 revision]
