2519 4377
1161 4121 133 48 1432

205 421 310 65 Gouwens,
541 419 224 55 Teunis
790 419 160 65 Earl,
981 424 172 50 1886-

278 512 123 54 Can
448 530 83 34 we
576 516 200 61 repeat
822 511 96 52 the
965 510 197 53 creed?
1242 510 95 52 An
1385 509 442 67 interpretation
1878 509 62 54 of
1988 509 237 53 difficult

204 588 1995 146 phrases in the Apostles’ creed, by Teunis E. Gouwens … Nashville, Cokesbury press [ c 1936 ]
278 743 86 39 144
393 751 44 38 p.
498 739 56 42 18½
586 741 45 23 cm
636 773 9 9 .

205 796 54 54 ©
291 800 120 47 Aug.
448 799 69 48 12,
553 797 118 42 1936
688 808 9 36 ;
733 797 70 41 2c.
841 798 96 39 and
973 797 82 40 aff.
1096 798 128 47 Sept.
1261 797 82 43 24;
1383 799 38 38 A
1459 796 172 48 99018;
1670 796 273 41 Whitmore
1980 797 38 41 &
2055 796 172 44 Smith.

275 856 269 41 Nashville.
602 854 285 51 (36-22229)

205 962 219 65 Hader,
450 963 139 53 Mrs.
618 961 185 53 Berta
835 960 331 66 (Hoerner)

280 1052 162 69 Billy
473 1053 227 67 Butter,
731 1052 75 69 by
839 1052 178 52 Berta
1050 1052 114 53 and
1199 1052 198 55 Elmer
1430 1052 219 54 Hader.
1719 1052 138 52 New
1894 1052 180 67 York,
2108 1051 120 53 The

209 1132 336 54 Macmillan
578 1147 302 52 company,
914 1133 153 51 1936.

281 1203 1351 52 92 p. incl. col. front., illus. (part col.) 21 × 23 cm .
283 1264 290 40 Illustrated
603 1261 369 49 lining-papers.

207 1318 55 53 ©
295 1322 102 41 Oct.
432 1322 69 45 13,
537 1319 142 47 1936;
716 1319 67 41 2c.
820 1319 102 41 Oct.
957 1319 84 47 14;
1079 1319 82 41 aff.
1198 1319 103 41 Oct.
1335 1318 84 48 29;
1455 1320 40 39 A
1532 1318 171 44 99362;
1741 1321 149 39 Berta
1929 1320 169 40 Hader
2135 1320 94 40 and

279 1380 165 39 Elmer
468 1377 182 49 Hader,
678 1377 183 48 Nyack,
889 1377 56 41 N.
971 1377 55 40 Y.
1093 1375 283 50 (36-22176)

205 1486 231 64 Halley,
463 1486 209 63 Henry
697 1485 323 63 Hampton.

281 1573 216 54 Pocket
527 1572 169 56 Bible
724 1574 157 53 hand
910 1573 147 54 book
1075 1592 10 49 ;
1122 1593 70 35 an
1225 1574 369 53 abbreviated
1629 1574 165 53 Bible
1826 1579 407 64 commentary,

210 1652 2023 72 by H. H. Halley … 11th revision. Chicago, H. H. Halley,
210 1739 17 21 c
234 1736 151 51 1936.

284 1806 87 41 828
405 1818 43 37 p.
519 1806 128 41 illus.
679 1807 188 48 (maps)
946 1806 55 41 15
1004 1809 44 21 cm
1054 1839 9 9 .

210 1859 53 54 ©
290 1864 130 48 Sept.
446 1864 70 48 30,
542 1863 114 42 1936
676 1875 9 36 ;
714 1864 68 41 2c.
809 1864 96 39 and
932 1863 81 42 aff.
1043 1863 102 41 Oct.
1217 1875 8 30 5;
1256 1866 39 37 A
1321 1863 145 42 98784
1486 1876 7 30 :
1525 1866 59 39 H.
1614 1866 59 39 H.
1702 1865 194 45 Halley,
1925 1865 225 48 Chicago.

289 1922 283 50 (36-22367)

208 2029 222 65 Hayes,
458 2029 308 65 Marjorie.

282 2120 315 67 Wampum
632 2120 115 53 and
785 2120 283 68 sixpence,
1107 2120 75 69 by
1218 2120 281 69 Marjorie
1535 2121 225 67 Hayes;
1802 2120 141 54 with
212 2121 1998 131 illustrations
392 2198 76 70 by
498 2198 219 53 Eunice
749 2197 375 71 Stephenson.
1193 2200 234 68 Boston,
1456 2198 197 71 Little,
1683 2202 229 67 Brown,
1944 2200 114 54 and
213 2219 1997 128 company,
423 2280 151 52 1936.

286 2352 1278 50 xiv, 309 p., 1 l. incl. front., illus., plates. 21 cm .
290 2410 290 40 Illustrated
608 2409 368 49 lining-papers.

213 2462 52 54 ©
294 2467 101 40 Oct.
423 2467 69 48 13,
520 2465 142 49 1936;
693 2466 68 42 2c.
790 2467 95 39 and
914 2468 82 40 aff.
1026 2467 103 42 Oct.
1159 2469 81 39 34:
1269 2469 38 38 A
1336 2468 172 42 99345;
1541 2470 61 38 M.
1633 2470 180 46 Hayes,
1844 2469 242 42 Chestnut
2115 2469 119 50 Hill,

282 2524 148 40 Mass.
503 2524 283 49 (36-22185)

214 2629 249 65 Helwig,
490 2630 166 54 Paul.

289 2721 529 68 Charakterologie,
848 2741 110 35 von
990 2723 85 53 dr.
1107 2723 149 53 Paul
1285 2723 249 68 Helwig.
1603 2726 114 53 Mit
1751 2729 62 48 12
1844 2725 388 67 abbildungen

217 2800 103 52 auf
357 2804 33 48 4
426 2799 203 67 tafeln,
666 2802 169 52 sowie
873 2803 154 51 einer
1063 2802 222 52 tabelle.
1363 2802 241 68 Leipzig
1641 2804 118 52 und
1800 2803 217 62 Berlin,
2057 2806 65 52 B.
2163 2804 68 54 G.

215 2880 279 64 Teubner,
525 2882 151 52 1936.

284 2952 1317 51 xii, 295 p. IV pl. , tables (1 fold.) diagrs. 22 cm .
288 3010 178 39 Folded
510 3011 130 40 table
684 3011 118 40 “Die
844 3010 508 49 integrations-typen,
1392 3022 89 28 von
1528 3014 52 39 E.
1621 3013 56 39 Ja
1687 3023 57 28 en
1751 3012 112 39 sch"
1905 3014 228 38 mounted
2174 3023 60 28 on

211 3068 124 40 back
368 3068 337 48 lining-paper.

285 3126 237 41 Contains
552 3126 291 41 references.

216 3179 53 54 ©
295 3186 113 44 May
436 3185 68 42 38,
532 3183 142 47 1936;
704 3185 66 40 1c.
799 3184 102 41 Oct.
931 3184 83 41 22:
1043 3183 313 48 A-Foreign
1383 3184 137 40 33331
1546 3195 8 30 :
1587 3185 52 38 B.
1716 3219 7 7 G.
1752 3184 237 41 Teubner.

298 3243 118 45 (AC
434 3240 230 48 36-2995)

218 3347 396 63 Hendriksen,
641 3345 277 58 William.

291 3424 174 53 Faitli
509 3424 63 52 of
611 3443 106 34 our
756 3423 251 66 fathers;
1053 3444 31 33 a
1124 3423 169 54 series
1335 3424 64 52 of
1438 3424 364 53 catechetical
1844 3425 254 53 booklets
2141 3426 94 52 for

218 3501 2017 71 our young people, by W. Hendriksen … Grand Rapids, Mich.,
218 3583 337 51 Zondervan
582 3580 339 67 publishing
945 3581 174 53 house
1193 3584 152 64 [c1936]

291 3655 27 40 3
383 3687 8 8 v.
453 3653 56 40 19
512 3655 43 22 cm
561 3687 8 8 .

294 3711 405 49 Contents.—[v.
759 3730 11 30 1]
801 3711 101 39 The
932 3710 218 41 doctrine
1180 3710 52 39 of
1260 3709 117 42 God.
1438 3711 101 39 The
1567 3710 218 41 doctrine
1814 3710 51 40 of
1893 3712 217 39 creation
2141 3713 94 39 and

225 3770 80 38 the
340 3767 232 41 fall.—[v.
613 3766 42 52 2]
697 3767 102 40 The
838 3767 220 41 doctrine
1096 3767 51 40 of
1186 3767 180 41 Christ.
1426 3768 102 40 The
1569 3768 218 40 doctrine
1826 3767 51 40 of
1918 3767 319 41 salvation.—

227 3845 59 30 [v.
318 3824 42 51 3]
392 3825 102 40 The
526 3823 221 42 doctrine
775 3824 52 41 of
859 3825 81 40 the
971 3825 181 40 church
1183 3825 92 40 and
1310 3825 51 39 of
1392 3827 82 38 the
1504 3835 166 30 means
1701 3824 51 40 of
1782 3835 155 37 grace.
2000 3825 101 40 The
225 3826 1995 97 doctrine
381 3883 52 39 of
462 3883 82 39 the
571 3883 100 40 last
701 3882 178 48 things.
943 3881 311 49 Modernism,
1283 3882 204 48 worldly
1519 3883 342 47 amusements,
1893 3883 82 39 the
2007 3882 229 41 Sabbath,

225 3940 81 39 the
337 3939 251 42 Christian
618 3940 155 41 home.

221 3993 53 54 ©
304 3999 118 44 Aug.
453 3998 69 43 10.
552 3997 141 41 1936:
724 3998 66 38 2c.
821 3998 117 39 each
971 3998 93 38 and
1098 4008 23 28 a
1129 3997 75 40 fit's.
1235 3998 119 44 Aug.
1386 3997 82 40 24:
1501 3999 38 37 A
1569 3994 349 48 98065-98067;
1952 3994 284 41 Zondervan

390 4055 41 29 pub. house. (36-22225)
