2519 4377
1277 4123 102 54 560

410 512 102 49 viii,
545 514 57 41 87
634 524 44 37 p.
738 514 25 39 1
795 513 147 49 illus.,
975 513 181 49 diagrs.
1217 514 56 41 23½
1306 516 44 22 cm
1356 546 9 9 .
1436 514 267 49 (Teachers
1735 515 196 49 college,
1967 515 253 42 Columbia
338 517 2000 103 university.

601 570 371 43 Contributions
1007 573 48 39 to
1086 572 274 47 education,
1392 582 76 30 no.
1498 572 111 48 660)

410 629 172 41 Issued
611 629 105 40 also
744 638 55 30 as
824 628 155 41 thesis
1017 628 109 49 (PH.
1184 629 36 48 D.)
1258 629 254 42 Columbia
1541 628 287 51 university.

407 685 355 50 Bibliography;
823 696 44 38 p.
896 686 161 41 74-78.

334 740 53 54 ©
419 745 103 40 Oct.
552 744 70 48 22,
655 744 115 41 1935;
831 743 67 41 2c.
932 744 112 40 Feb.
1077 744 40 47 5,
1150 744 118 41 1936;
1327 744 81 41 aff.
1442 745 111 40 Jan.
1586 745 56 41 18;
1703 746 41 39 A
1774 745 145 41 90642;
1981 747 52 40 T.
2069 747 49 40 C.
2152 747 201 47 Yeager,

403 802 320 48 Harrisburg,
762 803 83 39 Pa.
924 801 252 50 (36-9023)

333 878 206 63 Yeats,
566 877 259 56 William
852 877 227 66 Butler,
1111 885 171 49 1865-

410 1000 57 11 ...
503 955 299 56 Dramatis
837 976 291 50 personae,
1165 961 329 64 1896-1902,
1530 959 462 68 Estrangement,
2027 959 122 54 The
2182 958 171 54 death

332 1034 66 54 of
434 1035 212 70 Synge,
682 1037 123 52 The
839 1035 221 69 bounty
1097 1035 65 56 of
1201 1036 256 57 Sweden.
1534 1038 141 53 New
1711 1038 182 67 York,
1931 1039 122 51 The
331 1038 1994 131 Macmillan

459 1133 302 50 company,
793 1119 152 52 1936.

406 1187 1143 51 5 p. l., 3-200 p. front., pl., ports. 22½ cm .
403 1245 66 42 At
495 1247 125 39 head
648 1246 53 42 of
727 1246 109 40 title;
892 1247 71 40 W.
993 1247 55 40 B.
1074 1247 164 40 Yeats.

330 1300 55 53 ©
416 1305 113 47 Apr.
565 1305 69 47 17,
665 1303 142 48 1936;
840 1304 69 41 2c.
943 1306 96 39 and
1072 1304 83 41 aff.
1187 1305 115 47 Apr.
1336 1304 82 48 18;
1454 1304 42 39 A
1528 1303 144 42 93729;
1737 1304 285 41 Macmillan
2055 1316 68 29 co.

411 1361 254 49 (36-9281)

329 1437 330 66 Zahorsky,
685 1437 175 65 John,
892 1438 173 55 1871-

400 1514 297 54 Pediatric
722 1514 260 70 nursing,
1007 1515 75 68 by
1109 1516 157 55 John
1292 1515 295 69 Zahorsky
1616 1560 56 9 ...
1706 1514 238 55 assisted
1973 1516 75 68 by
2077 1517 177 67 Beryl
2280 1518 68 51 E.

330 1592 309 56 Hamilton
688 1639 56 9 ...
796 1593 140 56 with
982 1598 102 50 144
1122 1593 385 55 illustrations
1552 1594 59 54 in
1656 1595 97 53 the
1797 1599 122 49 text
1963 1598 114 53 and
2122 1596 30 55 7
2196 1596 154 53 color

329 1673 200 68 plates.
608 1672 85 57 St.
731 1673 193 69 Louis,
961 1675 122 52 The
1121 1675 62 54 C.
1222 1676 69 53 Y.
1330 1673 207 68 Mosby
1573 1692 300 50 company,
1911 1679 152 49 1936.

405 1746 1103 51 568 p. illus., VII col. pl., diagrs. 22½ cm .
405 1805 299 41 “Reference
734 1804 179 41 books”;
974 1816 43 38 p.
1048 1805 100 41 560.

330 1860 53 53 ©
413 1866 122 38 Mar.
566 1866 42 45 7,
639 1863 142 48 1936;
813 1863 69 41 2c.
915 1865 122 39 Mar.
1069 1864 83 46 16;
1186 1863 83 41 aff.
1301 1865 123 39 Mar.
1456 1864 83 47 14;
1573 1864 42 39 A
1645 1863 172 48 93192;
1850 1864 50 41 С.
1935 1865 55 40 V.
2024 1865 170 47 Mosby
2225 1875 67 29 co.

410 1921 254 48 (36-8603)

326 1985 1757 80 Zatkovich, Theophile Á kos, 1881- comp. and tr.
400 2075 157 54 “The
588 2076 178 53 bread
799 2075 64 53 of
895 2075 170 68 life”;
1102 2093 208 50 prayer
1341 2075 150 54 book
1523 2073 94 55 for
1653 2075 292 56 Catholics
1980 2075 64 55 of
2075 2077 95 52 the
2206 2076 139 55 Old-

330 2153 272 57 Slavonic
637 2153 128 69 rite,
802 2153 285 70 compiled
1124 2158 113 52 and
1273 2155 318 53 translated
1626 2154 77 69 by
1739 2156 139 54 Rev.
1917 2155 320 68 Theophile
2272 2156 72 52 A.

327 2232 332 57 Zatkovich.
741 2234 386 68 [Homestead,
1156 2236 121 66 Pa.,
1311 2237 152 65 1936]

399 2308 742 49 384 p. incl. illus., pl. 11 cm .
399 2366 120 40 Part
553 2366 52 40 of
641 2366 84 40 the
757 2367 107 39 text
906 2366 68 49 (p.
1009 2365 200 47 97-382)
1253 2365 50 40 in
1339 2365 194 41 Church
1572 2365 162 42 Slavic
1779 2364 424 49 (transliterated)
2249 2367 95 40 and

330 2424 219 48 English.

327 2479 53 53 ©
405 2484 123 39 Mar.
553 2482 70 48 28,
651 2481 143 47 1936;
819 2482 67 40 2c.
913 2482 97 39 and
1035 2481 83 40 aff.
1144 2482 115 48 Apr.
1285 2481 52 47 8;
1366 2481 41 39 A
1432 2480 173 48 92799;
1634 2481 52 41 T.
1713 2482 55 40 A.
1796 2479 282 49 Zatkovich,
2107 2480 237 50 Munhall,

398 2541 83 39 Pa.
551 2538 254 49 (36-9645)

324 2615 228 66 Zublin,
579 2615 159 55 John
765 2615 74 57 A.

399 2693 119 56 Gas
546 2692 396 55 conservation;
1004 2710 75 35 an
1109 2692 253 67 analysis
1390 2691 65 54 of
1483 2692 99 53 the
1609 2690 215 56 factors
1856 2689 268 56 involved
2156 2693 60 52 in
2247 2692 98 52 the

328 2772 397 54 conservation
754 2770 65 55 of
850 2788 120 51 gas,
1001 2770 348 69 embodying
1381 2791 30 33 a
1445 2769 350 69 description
1829 2769 65 55 of
1927 2789 73 35 an
2034 2770 309 53 automatic

329 2850 411 70 underground
765 2848 195 56 device
987 2847 97 56 for
1107 2848 328 70 extracting
1460 2867 104 51 gas
1593 2848 151 55 from
1774 2849 99 54 the
1900 2848 78 54 oil
2009 2853 61 50 at
2096 2848 95 55 the
328 2847 1990 138 bottom

480 2930 64 54 of
575 2930 98 55 the
706 2930 129 53 well
869 2928 114 54 and
1018 2928 76 54 its
1129 2928 318 68 redelivery
1481 2929 183 53 under
1698 2946 262 50 pressure
1994 2933 57 48 to
2090 2928 94 53 the
329 2927 1987 136 formation.

328 3003 1985 153 By John A. Zublin ... Los Angeles, Calif., Universal engineering co., ltd. [ c 1936]
397 3161 65 49 ix,
495 3161 71 47 76,
601 3161 54 49 [4]
689 3171 43 38 p.
794 3159 142 49 illus.,
970 3159 116 41 fold,
1122 3170 77 38 pl.,
1234 3158 177 49 diagrs.
1472 3159 59 40 23½
1561 3161 45 22 cm
1609 3190 9 8 .

397 3218 302 42 Detachable
725 3217 155 40 forms;
942 3217 55 50 [4]
1026 3228 43 37 p.
1099 3219 53 38 at
1181 3217 105 39 end.

326 3272 52 53 ©
404 3278 120 38 Mar.
551 3276 39 47 6,
617 3274 140 47 1936;
785 3274 67 41 2c.
879 3274 96 40 and
1001 3273 81 41 aff.
1109 3275 122 39 Mar.
1257 3274 82 46 14;
1367 3274 40 38 A
1432 3272 144 42 93179;
1633 3274 43 40 J.
1700 3274 53 39 A.
1784 3273 185 49 Zublin,
1999 3273 91 40 Los
2117 3273 221 46 Angeles.

406 3332 252 49 (36-9048)

323 3407 247 65 Zwerin,
599 3407 280 54 Kenneth
908 3405 260 58 Carlton.

403 3527 56 9 ...
520 3484 168 55 Some
742 3486 218 66 aspects
1014 3481 63 53 of
1130 3482 216 54 Jewish
1400 3482 195 68 ethics,
1646 3482 75 69 by
1775 3481 267 53 Kenneth
2098 3482 238 54 Carlton

324 3563 222 53 Zwerin
580 3606 56 9 ...
671 3563 288 54 foreword
987 3562 75 68 by
1090 3562 96 52 the
1212 3562 140 52 Rev.
1381 3563 195 53 James
1605 3562 78 53 M.
1714 3562 253 53 Malloch
2002 3604 56 10 ...
325 3561 1986 149 Berkeley,

467 3640 198 67 Calif.,
702 3643 151 51 1936.

396 3715 58 41 20
483 3727 44 38 p.
587 3714 56 40 23
648 3716 46 22 cm
697 3747 9 9 .
778 3713 221 49 (Church,
1029 3713 211 49 divinity
1272 3714 164 40 school
1468 3714 52 41 of
1552 3716 80 40 the
1665 3714 192 41 Pacific.
1920 3714 332 41 Publications
2285 3715 48 39 in

325 3774 224 47 theology
576 3772 98 40 and
703 3772 169 42 ethics,
930 3772 91 40 vol.
1074 3803 9 17 I,
1112 3783 75 31 no.
1217 3772 49 48 1)

396 3828 303 51 “Originally
726 3829 246 41 delivered
999 3830 60 47 by
1086 3830 157 39 Rabbi
1270 3829 188 41 Zwerin
1486 3839 55 30 as
1567 3839 28 30 a
1620 3830 186 41 lecture
1831 3831 52 39 to
1911 3859 46 9 ...
1991 3830 110 48 [the]
2129 3829 127 40 class
2281 3829 49 39 in

325 3886 155 42 ethics
513 3887 97 40 and
641 3888 157 39 moral
831 3887 225 49 theology
1089 3888 54 39 at
1173 3887 82 41 the
1290 3885 192 42 Church
1515 3886 211 49 divinity
1759 3887 162 40 school
1956 3886 54 41 of
2041 3887 82 40 the
2157 3886 177 41 Pacific

324 3955 59 30 on
418 3944 136 49 April
586 3943 70 48 27,
689 3943 497 42 1934.”—Foreword.

324 3998 2008 53 © Mar. 19, 1936; 2c. and aff. Mar. 31; A 92682; K . C. Zwerin. San
397 4058 276 41 Francisco.
742 4058 251 44 (36-9763)
