<alto xmlns="http://www.loc.gov/standards/alto/ns-v3#" xmlns:xlink="http://www.w3.org/1999/xlink" xmlns:xsi="http://www.w3.org/2001/XMLSchema-instance" xsi:schemaLocation="http://www.loc.gov/standards/alto/ns-v3# http://www.loc.gov/alto/v3/alto-3-0.xsd"><Description>
<MeasurementUnit>pixel</MeasurementUnit>
<sourceImageInformation>
<fileName>1936_v33_Part1.pdf</fileName>
</sourceImageInformation>
<OCRProcessing ID="IdOcr">
<ocrProcessingStep>
<processingDateTime>2019-01-18</processingDateTime>
<processingSoftware>
<softwareCreator>ABBYY</softwareCreator>
<softwareName>ABBYY Recognition Server</softwareName>
<softwareVersion>4.0</softwareVersion>
</processingSoftware>
</ocrProcessingStep>
</OCRProcessing>
</Description>
<Styles>
<ParagraphStyle ID="StyleId-FFFFFFFF-FFFF-FFFF-FFFF-FFFFFFFFFFFF-" ALIGN="Left" LEFT="0." RIGHT="0." FIRSTLINE="0."/>
<ParagraphStyle ID="StyleId-51D50FAC-7A90-4D70-8A96-5EA9D46D1C8B-" ALIGN="Left" LEFT="0." RIGHT="0." FIRSTLINE="0." LINESPACE="7.699999809"/>
<ParagraphStyle ID="StyleId-6BC133E9-7DCB-43C3-8842-A67984A26405-" ALIGN="Block" LEFT="0." RIGHT="0." FIRSTLINE="-17." LINESPACE="8.340000153"/>
<ParagraphStyle ID="StyleId-3C3FF860-43E7-46A2-8934-48F305F6F0D6-" ALIGN="Left" LEFT="0." RIGHT="0." FIRSTLINE="-13." LINESPACE="11.06999969"/>
<ParagraphStyle ID="StyleId-19220C76-4F8A-4737-B38C-B5F5C17E6040-" ALIGN="Block" LEFT="0." RIGHT="0." FIRSTLINE="-13." LINESPACE="11.06999969"/>
<ParagraphStyle ID="StyleId-75A0D721-13ED-4F20-9002-B389EC48477D-" ALIGN="Left" LEFT="0." RIGHT="0." FIRSTLINE="0." LINESPACE="15.5"/>
<ParagraphStyle ID="StyleId-8A414184-C7A5-4AC7-9B88-7DA4DDE75922-" ALIGN="Left" LEFT="0." RIGHT="0." FIRSTLINE="0." LINESPACE="9.399999619"/>
<ParagraphStyle ID="StyleId-1A87970B-111C-4169-99A6-9412976F3C97-" ALIGN="Left" LEFT="0." RIGHT="0." FIRSTLINE="0." LINESPACE="10.5"/>
<ParagraphStyle ID="StyleId-72DB0571-5AE4-41FD-9E11-68C6AC4C437E-" ALIGN="Block" LEFT="0." RIGHT="0." FIRSTLINE="-17." LINESPACE="8.340000153"/>
<ParagraphStyle ID="StyleId-1AA43056-C388-4697-B10F-72FDAA38FAE1-" ALIGN="Center" LEFT="0." RIGHT="0." FIRSTLINE="0." LINESPACE="10.5"/>
</Styles>
<Layout>
<Page ID="Page1025" PHYSICAL_IMG_NR="1025" HEIGHT="4377" WIDTH="2519">
<TopMargin HEIGHT="397" WIDTH="2519" VPOS="0" HPOS="0">
</TopMargin>
<LeftMargin HEIGHT="3753" WIDTH="76" VPOS="397" HPOS="0">
</LeftMargin>
<RightMargin HEIGHT="3753" WIDTH="419" VPOS="397" HPOS="2100">
</RightMargin>
<BottomMargin HEIGHT="227" WIDTH="2519" VPOS="4150" HPOS="0">
</BottomMargin>
<PrintSpace HEIGHT="3753" WIDTH="2024" VPOS="397" HPOS="76">
<TextBlock ID="Page1025_Block1" HEIGHT="68" WIDTH="152" VPOS="4082" HPOS="992" LANG="en-US" CS="1" STYLEREFS="StyleId-6EFBC27A-D676-4D82-8B67-59268E20ABD6-">
<TextLine HEIGHT="45" WIDTH="61" VPOS="4095" HPOS="1003" CS="1">
<String CS="1" CONTENT="1025" HEIGHT="45" WIDTH="61" VPOS="4095" HPOS="1003"/>
</TextLine>
</TextBlock>
<TextBlock ID="Page1025_Block2" HEIGHT="3677" WIDTH="2024" VPOS="397" HPOS="76" LANG="en-US" CS="1" STYLEREFS="StyleId-5BCDF69A-C9A9-451A-A779-4740838BF33A-">
<Shape>
<Polygon POINTS="76,397 2100,397 2100,4046 944,4046 944,4048 938,4048 938,4074 76,4074 76,397"/>
</Shape>
<TextLine HEIGHT="65" WIDTH="890" VPOS="439" HPOS="97" STYLEREFS="StyleId-26F512E5-4DDD-4D34-8539-AE48A3B1B0EA-">
<String LANG="fr" CONTENT="American" HEIGHT="53" WIDTH="312" VPOS="439" HPOS="97"/>
<SP HEIGHT="35" WIDTH="27" VPOS="457" HPOS="410"/>
<String LANG="en-US" CONTENT="mining" HEIGHT="64" WIDTH="230" VPOS="440" HPOS="438"/>
<SP HEIGHT="46" WIDTH="22" VPOS="458" HPOS="669"/>
<String LANG="en-US" CONTENT="congress." HEIGHT="47" WIDTH="295" VPOS="457" HPOS="692"/>
</TextLine>
<TextLine HEIGHT="68" WIDTH="1919" VPOS="530" HPOS="171" STYLEREFS="StyleId-779A8721-1BCB-4BC8-AE80-9009DD151B13-">
<String LANG="fr" CONTENT="1936" HEIGHT="49" WIDTH="130" VPOS="534" HPOS="171"/>
<SP HEIGHT="62" WIDTH="45" VPOS="534" HPOS="302"/>
<String CONTENT="year" HEIGHT="46" WIDTH="134" VPOS="550" HPOS="348"/>
<SP HEIGHT="51" WIDTH="45" VPOS="531" HPOS="483"/>
<String CONTENT="book" HEIGHT="52" WIDTH="147" VPOS="531" HPOS="529"/>
<SP HEIGHT="50" WIDTH="45" VPOS="531" HPOS="677"/>
<String CONTENT="on" HEIGHT="33" WIDTH="69" VPOS="550" HPOS="723"/>
<SP HEIGHT="33" WIDTH="46" VPOS="550" HPOS="793"/>
<String CONTENT="coal" HEIGHT="51" WIDTH="115" VPOS="532" HPOS="840"/>
<SP HEIGHT="51" WIDTH="51" VPOS="532" HPOS="956"/>
<String CONTENT="mine" HEIGHT="52" WIDTH="148" VPOS="531" HPOS="1008"/>
<SP HEIGHT="34" WIDTH="47" VPOS="549" HPOS="1157"/>
<String CONTENT="mechanization." HEIGHT="54" WIDTH="464" VPOS="530" HPOS="1205"/>
<SP HEIGHT="51" WIDTH="84" VPOS="533" HPOS="1670"/>
<String CONTENT="Edited" HEIGHT="53" WIDTH="211" VPOS="530" HPOS="1755"/>
<SP HEIGHT="52" WIDTH="49" VPOS="531" HPOS="1967"/>
<String CONTENT="by" HEIGHT="66" WIDTH="73" VPOS="532" HPOS="2017"/>
</TextLine>
<TextLine HEIGHT="70" WIDTH="1989" VPOS="606" HPOS="101" STYLEREFS="StyleId-779A8721-1BCB-4BC8-AE80-9009DD151B13-" CS="1">
<String CONTENT="E." HEIGHT="51" WIDTH="61" VPOS="610" HPOS="101"/>
<SP HEIGHT="51" WIDTH="32" VPOS="610" HPOS="163"/>
<String CONTENT="K." HEIGHT="51" WIDTH="64" VPOS="610" HPOS="196"/>
<SP HEIGHT="53" WIDTH="34" VPOS="610" HPOS="261"/>
<String CONTENT="Coombes" HEIGHT="54" WIDTH="270" VPOS="609" HPOS="296"/>
<SP HEIGHT="33" WIDTH="36" VPOS="628" HPOS="567"/>
<String CS="1" CONTENT="&#8230;"/>
<SP HEIGHT="51" WIDTH="68" VPOS="611" HPOS="660"/>
<String CONTENT="Washington," HEIGHT="70" WIDTH="399" VPOS="606" HPOS="729"/>
<SP HEIGHT="54" WIDTH="28" VPOS="610" HPOS="1129"/>
<String CONTENT="D." HEIGHT="51" WIDTH="70" VPOS="610" HPOS="1158"/>
<SP HEIGHT="54" WIDTH="36" VPOS="609" HPOS="1229"/>
<String CONTENT="C.," HEIGHT="65" WIDTH="79" VPOS="609" HPOS="1266"/>
<SP HEIGHT="64" WIDTH="31" VPOS="610" HPOS="1346"/>
<String CONTENT="The" HEIGHT="51" WIDTH="119" VPOS="610" HPOS="1378"/>
<SP HEIGHT="52" WIDTH="32" VPOS="609" HPOS="1498"/>
<String CONTENT="American" HEIGHT="52" WIDTH="303" VPOS="609" HPOS="1531"/>
<SP HEIGHT="33" WIDTH="32" VPOS="627" HPOS="1835"/>
<String CONTENT="mining" HEIGHT="67" WIDTH="222" VPOS="608" HPOS="1868"/>
</TextLine>
<TextLine HEIGHT="63" WIDTH="473" VPOS="689" HPOS="95" STYLEREFS="StyleId-779A8721-1BCB-4BC8-AE80-9009DD151B13-">
<String CONTENT="congress," HEIGHT="49" WIDTH="275" VPOS="703" HPOS="95"/>
<SP HEIGHT="56" WIDTH="24" VPOS="692" HPOS="371"/>
<String STYLE="superscript" CONTENT="c" HEIGHT="21" WIDTH="17" VPOS="692" HPOS="396"/>
<String CONTENT="1936." HEIGHT="49" WIDTH="149" VPOS="689" HPOS="419"/>
</TextLine>
<TextLine HEIGHT="50" WIDTH="1118" VPOS="757" HPOS="162" CS="1">
<String CONTENT="326" HEIGHT="40" WIDTH="84" VPOS="758" HPOS="162"/>
<SP HEIGHT="46" WIDTH="30" VPOS="759" HPOS="247"/>
<String CONTENT="p." HEIGHT="36" WIDTH="43" VPOS="769" HPOS="278"/>
<SP HEIGHT="40" WIDTH="59" VPOS="758" HPOS="322"/>
<String CONTENT="illus." HEIGHT="39" WIDTH="126" VPOS="758" HPOS="382"/>
<SP HEIGHT="45" WIDTH="29" VPOS="757" HPOS="509"/>
<String CS="1" CONTENT="(incl." HEIGHT="45" WIDTH="132" VPOS="757" HPOS="539"/>
<SP HEIGHT="35" WIDTH="35" VPOS="770" HPOS="672"/>
<String CONTENT="ports.)" HEIGHT="47" WIDTH="172" VPOS="760" HPOS="708"/>
<SP HEIGHT="48" WIDTH="41" VPOS="759" HPOS="881"/>
<String CONTENT="diagrs." HEIGHT="48" WIDTH="176" VPOS="758" HPOS="923"/>
<SP HEIGHT="39" WIDTH="63" VPOS="759" HPOS="1100"/>
<String CONTENT="23" HEIGHT="39" WIDTH="54" VPOS="759" HPOS="1164"/>
<String STYLE="superscript" CS="1" CONTENT="cm" HEIGHT="21" WIDTH="14" VPOS="761" HPOS="1224"/>
<String CONTENT="." HEIGHT="7" WIDTH="7" VPOS="791" HPOS="1273"/>
</TextLine>
<TextLine HEIGHT="52" WIDTH="1993" VPOS="824" HPOS="96" CS="1">
<String CONTENT="&#169;" HEIGHT="52" WIDTH="53" VPOS="824" HPOS="96"/>
<SP HEIGHT="52" WIDTH="26" VPOS="824" HPOS="150"/>
<String CONTENT="July" HEIGHT="47" WIDTH="115" VPOS="828" HPOS="177"/>
<SP HEIGHT="46" WIDTH="29" VPOS="829" HPOS="293"/>
<String CONTENT="27." HEIGHT="42" WIDTH="68" VPOS="829" HPOS="323"/>
<SP HEIGHT="43" WIDTH="29" VPOS="828" HPOS="392"/>
<String CONTENT="1936;" HEIGHT="41" WIDTH="139" VPOS="827" HPOS="422"/>
<SP HEIGHT="39" WIDTH="33" VPOS="829" HPOS="562"/>
<String CONTENT="2c." HEIGHT="38" WIDTH="65" VPOS="829" HPOS="596"/>
<SP HEIGHT="27" WIDTH="33" VPOS="840" HPOS="662"/>
<String CONTENT="and" HEIGHT="39" WIDTH="93" VPOS="828" HPOS="696"/>
<SP HEIGHT="40" WIDTH="30" VPOS="828" HPOS="790"/>
<String CONTENT="aff." HEIGHT="40" WIDTH="81" VPOS="828" HPOS="821"/>
<SP HEIGHT="39" WIDTH="31" VPOS="829" HPOS="903"/>
<String CONTENT="Aug." HEIGHT="44" WIDTH="118" VPOS="829" HPOS="935"/>
<SP HEIGHT="38" WIDTH="30" VPOS="830" HPOS="1054"/>
<String CS="1" CONTENT="7;" HEIGHT="38" WIDTH="26" VPOS="830" HPOS="1085"/>
<SP HEIGHT="40" WIDTH="34" VPOS="829" HPOS="1137"/>
<!-- cceid A1F3AE53-6E3A-1014-83DD-942C093A1DD9 --><String CONTENT="A" HEIGHT="38" WIDTH="41" VPOS="829" HPOS="1172"/>
<SP HEIGHT="41" WIDTH="27" VPOS="827" HPOS="1214"/>
<String CS="1" CONTENT="97307;" HEIGHT="41" WIDTH="143" VPOS="827" HPOS="1242"/>
<SP HEIGHT="45" WIDTH="30" VPOS="829" HPOS="1413"/>
<String LANG="fr" CONTENT="Amer," HEIGHT="38" WIDTH="157" VPOS="829" HPOS="1444"/>
<SP HEIGHT="28" WIDTH="32" VPOS="839" HPOS="1602"/>
<String CONTENT="mining" HEIGHT="47" WIDTH="184" VPOS="826" HPOS="1635"/>
<SP HEIGHT="36" WIDTH="28" VPOS="837" HPOS="1820"/>
<String CONTENT="congress." HEIGHT="31" WIDTH="240" VPOS="836" HPOS="1849"/>
</TextLine>
<TextLine HEIGHT="65" WIDTH="1085" VPOS="946" HPOS="94" STYLEREFS="StyleId-779A8721-1BCB-4BC8-AE80-9009DD151B13-">
<String CONTENT="Archibald," HEIGHT="65" WIDTH="336" VPOS="946" HPOS="94"/>
<SP HEIGHT="63" WIDTH="27" VPOS="948" HPOS="431"/>
<String CONTENT="Raymond" HEIGHT="63" WIDTH="307" VPOS="948" HPOS="459"/>
<SP HEIGHT="54" WIDTH="26" VPOS="948" HPOS="767"/>
<String CONTENT="Clare," HEIGHT="64" WIDTH="185" VPOS="946" HPOS="794"/>
<SP HEIGHT="57" WIDTH="30" VPOS="953" HPOS="980"/>
<String CONTENT="1875-" HEIGHT="54" WIDTH="168" VPOS="948" HPOS="1011"/>
</TextLine>
<TextLine HEIGHT="70" WIDTH="1923" VPOS="1035" HPOS="164" STYLEREFS="StyleId-779A8721-1BCB-4BC8-AE80-9009DD151B13-">
<String CONTENT="Outline" HEIGHT="56" WIDTH="233" VPOS="1035" HPOS="164"/>
<SP HEIGHT="36" WIDTH="34" VPOS="1053" HPOS="398"/>
<String CONTENT="of" HEIGHT="53" WIDTH="63" VPOS="1036" HPOS="433"/>
<SP HEIGHT="54" WIDTH="32" VPOS="1036" HPOS="497"/>
<String CONTENT="the" HEIGHT="53" WIDTH="94" VPOS="1037" HPOS="530"/>
<SP HEIGHT="51" WIDTH="37" VPOS="1038" HPOS="625"/>
<String CONTENT="history" HEIGHT="68" WIDTH="221" VPOS="1037" HPOS="663"/>
<SP HEIGHT="50" WIDTH="35" VPOS="1055" HPOS="885"/>
<String CONTENT="of" HEIGHT="54" WIDTH="64" VPOS="1035" HPOS="921"/>
<SP HEIGHT="53" WIDTH="31" VPOS="1035" HPOS="986"/>
<String CONTENT="mathematics," HEIGHT="68" WIDTH="411" VPOS="1036" HPOS="1018"/>
<SP HEIGHT="67" WIDTH="33" VPOS="1037" HPOS="1430"/>
<String CONTENT="by" HEIGHT="67" WIDTH="75" VPOS="1037" HPOS="1464"/>
<SP HEIGHT="67" WIDTH="35" VPOS="1037" HPOS="1540"/>
<String CONTENT="Raymond" HEIGHT="67" WIDTH="302" VPOS="1037" HPOS="1576"/>
<SP HEIGHT="54" WIDTH="39" VPOS="1037" HPOS="1879"/>
<String CONTENT="Clare" HEIGHT="54" WIDTH="168" VPOS="1037" HPOS="1919"/>
</TextLine>
<TextLine HEIGHT="148" WIDTH="1971" VPOS="1113" HPOS="91" STYLEREFS="StyleId-779A8721-1BCB-4BC8-AE80-9009DD151B13-" CS="1">
<String CONTENT="Archibald" HEIGHT="54" WIDTH="317" VPOS="1113" HPOS="92"/>
<SP HEIGHT="52" WIDTH="45" VPOS="1115" HPOS="410"/>
<String CS="1" CONTENT="&#8230;"/>
<SP HEIGHT="49" WIDTH="78" VPOS="1119" HPOS="511"/>
<String CONTENT="3d" HEIGHT="52" WIDTH="72" VPOS="1116" HPOS="590"/>
<SP HEIGHT="52" WIDTH="38" VPOS="1116" HPOS="663"/>
<String CONTENT="ed.," HEIGHT="67" WIDTH="103" VPOS="1116" HPOS="702"/>
<SP HEIGHT="50" WIDTH="37" VPOS="1133" HPOS="806"/>
<String CONTENT="rev." HEIGHT="37" WIDTH="113" VPOS="1132" HPOS="844"/>
<SP HEIGHT="35" WIDTH="41" VPOS="1134" HPOS="958"/>
<String CONTENT="and" HEIGHT="52" WIDTH="111" VPOS="1116" HPOS="1000"/>
<SP HEIGHT="52" WIDTH="39" VPOS="1116" HPOS="1112"/>
<String CONTENT="enl." HEIGHT="53" WIDTH="105" VPOS="1115" HPOS="1152"/>
<SP HEIGHT="10" WIDTH="45" VPOS="1158" HPOS="1258"/>
<String CS="1" CONTENT="&#8230;"/>
<SP HEIGHT="56" WIDTH="79" VPOS="1113" HPOS="1361"/>
<String CONTENT="Oberlin," HEIGHT="68" WIDTH="255" VPOS="1113" HPOS="1441"/>
<SP HEIGHT="66" WIDTH="38" VPOS="1115" HPOS="1697"/>
<String CONTENT="O.," HEIGHT="64" WIDTH="85" VPOS="1115" HPOS="1736"/>
<SP HEIGHT="63" WIDTH="41" VPOS="1116" HPOS="1822"/>
<String CONTENT="Mathematical" HEIGHT="130" WIDTH="1971" VPOS="1116" HPOS="91"/>
<SP HEIGHT="51" WIDTH="27" VPOS="1194" HPOS="321"/>
<String CONTENT="association" HEIGHT="54" WIDTH="336" VPOS="1193" HPOS="349"/>
<SP HEIGHT="35" WIDTH="28" VPOS="1213" HPOS="686"/>
<String CONTENT="of" HEIGHT="55" WIDTH="63" VPOS="1193" HPOS="715"/>
<SP HEIGHT="53" WIDTH="26" VPOS="1193" HPOS="779"/>
<String CONTENT="America," HEIGHT="68" WIDTH="282" VPOS="1193" HPOS="806"/>
<SP HEIGHT="68" WIDTH="29" VPOS="1193" HPOS="1089"/>
<String CONTENT="inc.," HEIGHT="67" WIDTH="123" VPOS="1193" HPOS="1119"/>
<SP HEIGHT="62" WIDTH="29" VPOS="1198" HPOS="1243"/>
<String CONTENT="1936." HEIGHT="51" WIDTH="149" VPOS="1197" HPOS="1273"/>
</TextLine>
<TextLine HEIGHT="48" WIDTH="498" VPOS="1266" HPOS="164">
<String CONTENT="1" HEIGHT="38" WIDTH="24" VPOS="1268" HPOS="164"/>
<SP HEIGHT="46" WIDTH="26" VPOS="1268" HPOS="189"/>
<String CONTENT="p." HEIGHT="37" WIDTH="44" VPOS="1277" HPOS="216"/>
<SP HEIGHT="41" WIDTH="24" VPOS="1267" HPOS="261"/>
<String CONTENT="l.," HEIGHT="46" WIDTH="44" VPOS="1267" HPOS="286"/>
<SP HEIGHT="47" WIDTH="28" VPOS="1266" HPOS="331"/>
<String CONTENT="62" HEIGHT="40" WIDTH="57" VPOS="1266" HPOS="360"/>
<SP HEIGHT="48" WIDTH="24" VPOS="1266" HPOS="418"/>
<String CONTENT="p." HEIGHT="37" WIDTH="43" VPOS="1277" HPOS="443"/>
<SP HEIGHT="42" WIDTH="57" VPOS="1267" HPOS="487"/>
<String CONTENT="23" HEIGHT="40" WIDTH="54" VPOS="1267" HPOS="545"/>
<String STYLE="superscript" CONTENT="cm" HEIGHT="21" WIDTH="43" VPOS="1269" HPOS="603"/>
<String CONTENT="." HEIGHT="9" WIDTH="10" VPOS="1299" HPOS="652"/>
</TextLine>
<TextLine HEIGHT="50" WIDTH="1920" VPOS="1322" HPOS="169">
<String CONTENT="&#8220;This" HEIGHT="40" WIDTH="145" VPOS="1323" HPOS="169"/>
<SP HEIGHT="30" WIDTH="28" VPOS="1333" HPOS="315"/>
<String CONTENT="outline" HEIGHT="41" WIDTH="182" VPOS="1322" HPOS="344"/>
<SP HEIGHT="29" WIDTH="31" VPOS="1334" HPOS="527"/>
<String CONTENT="consists" HEIGHT="41" WIDTH="206" VPOS="1322" HPOS="559"/>
<SP HEIGHT="30" WIDTH="31" VPOS="1333" HPOS="766"/>
<String CONTENT="of" HEIGHT="39" WIDTH="50" VPOS="1323" HPOS="798"/>
<SP HEIGHT="40" WIDTH="30" VPOS="1323" HPOS="849"/>
<String CONTENT="two" HEIGHT="38" WIDTH="94" VPOS="1325" HPOS="880"/>
<SP HEIGHT="40" WIDTH="30" VPOS="1323" HPOS="975"/>
<String CONTENT="lectures" HEIGHT="40" WIDTH="209" VPOS="1323" HPOS="1006"/>
<SP HEIGHT="40" WIDTH="31" VPOS="1323" HPOS="1216"/>
<String CONTENT="delivered" HEIGHT="40" WIDTH="242" VPOS="1323" HPOS="1248"/>
<SP HEIGHT="39" WIDTH="32" VPOS="1324" HPOS="1491"/>
<String CONTENT="at" HEIGHT="38" WIDTH="52" VPOS="1324" HPOS="1524"/>
<SP HEIGHT="38" WIDTH="31" VPOS="1324" HPOS="1577"/>
<String CONTENT="the" HEIGHT="40" WIDTH="80" VPOS="1323" HPOS="1609"/>
<SP HEIGHT="40" WIDTH="30" VPOS="1323" HPOS="1690"/>
<String CONTENT="University" HEIGHT="49" WIDTH="284" VPOS="1323" HPOS="1721"/>
<SP HEIGHT="37" WIDTH="32" VPOS="1335" HPOS="2006"/>
<String CONTENT="of" HEIGHT="39" WIDTH="50" VPOS="1325" HPOS="2039"/>
</TextLine>
<TextLine HEIGHT="96" WIDTH="1976" VPOS="1379" HPOS="94" CS="1">
<String CONTENT="Minnesota" HEIGHT="40" WIDTH="271" VPOS="1380" HPOS="96"/>
<SP HEIGHT="40" WIDTH="28" VPOS="1379" HPOS="368"/>
<String CONTENT="in" HEIGHT="39" WIDTH="50" VPOS="1379" HPOS="397"/>
<SP HEIGHT="41" WIDTH="27" VPOS="1380" HPOS="448"/>
<String CONTENT="September" HEIGHT="48" WIDTH="277" VPOS="1380" HPOS="476"/>
<SP HEIGHT="38" WIDTH="24" VPOS="1381" HPOS="754"/>
<String CONTENT="1931," HEIGHT="48" WIDTH="127" VPOS="1380" HPOS="779"/>
<SP HEIGHT="38" WIDTH="26" VPOS="1390" HPOS="907"/>
<String CONTENT="at" HEIGHT="39" WIDTH="51" VPOS="1381" HPOS="934"/>
<SP HEIGHT="39" WIDTH="25" VPOS="1381" HPOS="986"/>
<String CONTENT="a" HEIGHT="30" WIDTH="28" VPOS="1390" HPOS="1012"/>
<SP HEIGHT="31" WIDTH="24" VPOS="1389" HPOS="1041"/>
<String CONTENT="summer" HEIGHT="31" WIDTH="210" VPOS="1389" HPOS="1066"/>
<SP HEIGHT="29" WIDTH="26" VPOS="1390" HPOS="1277"/>
<String CONTENT="school" HEIGHT="40" WIDTH="161" VPOS="1380" HPOS="1304"/>
<SP HEIGHT="39" WIDTH="23" VPOS="1380" HPOS="1466"/>
<String CONTENT="for" HEIGHT="40" WIDTH="78" VPOS="1380" HPOS="1490"/>
<SP HEIGHT="29" WIDTH="25" VPOS="1391" HPOS="1569"/>
<String CONTENT="engineering" HEIGHT="48" WIDTH="311" VPOS="1380" HPOS="1595"/>
<SP HEIGHT="43" WIDTH="22" VPOS="1383" HPOS="1907"/>
<String CONTENT="teachers" HEIGHT="92" WIDTH="1976" VPOS="1383" HPOS="94"/>
</TextLine>
<TextLine HEIGHT="99" WIDTH="1971" VPOS="1436" HPOS="95" CS="1">
<String CONTENT="organized" HEIGHT="48" WIDTH="257" VPOS="1436" HPOS="207"/>
<SP HEIGHT="39" WIDTH="35" VPOS="1437" HPOS="465"/>
<String CONTENT="by" HEIGHT="47" WIDTH="59" VPOS="1437" HPOS="501"/>
<SP HEIGHT="45" WIDTH="35" VPOS="1439" HPOS="561"/>
<String CONTENT="the" HEIGHT="39" WIDTH="81" VPOS="1438" HPOS="597"/>
<SP HEIGHT="41" WIDTH="37" VPOS="1437" HPOS="679"/>
<String CONTENT="Society" HEIGHT="49" WIDTH="190" VPOS="1436" HPOS="717"/>
<SP HEIGHT="48" WIDTH="33" VPOS="1437" HPOS="908"/>
<String CONTENT="for" HEIGHT="39" WIDTH="78" VPOS="1437" HPOS="942"/>
<SP HEIGHT="38" WIDTH="35" VPOS="1438" HPOS="1021"/>
<String CONTENT="the" HEIGHT="38" WIDTH="80" VPOS="1438" HPOS="1057"/>
<SP HEIGHT="37" WIDTH="35" VPOS="1447" HPOS="1138"/>
<String CONTENT="promotion" HEIGHT="48" WIDTH="271" VPOS="1436" HPOS="1174"/>
<SP HEIGHT="29" WIDTH="37" VPOS="1448" HPOS="1446"/>
<String CONTENT="of" HEIGHT="40" WIDTH="51" VPOS="1437" HPOS="1484"/>
<SP HEIGHT="41" WIDTH="36" VPOS="1437" HPOS="1536"/>
<String CONTENT="engineering" HEIGHT="48" WIDTH="310" VPOS="1437" HPOS="1573"/>
<SP HEIGHT="34" WIDTH="34" VPOS="1449" HPOS="1884"/>
<String CONTENT="education.&#8221;&#8212;Pref." HEIGHT="96" WIDTH="1971" VPOS="1439" HPOS="95"/>
<SP HEIGHT="39" WIDTH="25" VPOS="1496" HPOS="433"/>
<String CONTENT="to" HEIGHT="38" WIDTH="48" VPOS="1496" HPOS="459"/>
<SP HEIGHT="38" WIDTH="24" VPOS="1497" HPOS="508"/>
<String CONTENT="the" HEIGHT="40" WIDTH="82" VPOS="1495" HPOS="533"/>
<SP HEIGHT="40" WIDTH="23" VPOS="1494" HPOS="616"/>
<String CONTENT="2d" HEIGHT="41" WIDTH="61" VPOS="1494" HPOS="640"/>
<SP HEIGHT="40" WIDTH="25" VPOS="1495" HPOS="702"/>
<String CONTENT="ed." HEIGHT="40" WIDTH="71" VPOS="1495" HPOS="728"/>
</TextLine>
<TextLine HEIGHT="49" WIDTH="1917" VPOS="1550" HPOS="167">
<String CONTENT="&#8220;In" HEIGHT="39" WIDTH="85" VPOS="1551" HPOS="167"/>
<SP HEIGHT="38" WIDTH="39" VPOS="1552" HPOS="253"/>
<String CONTENT="this" HEIGHT="40" WIDTH="99" VPOS="1550" HPOS="293"/>
<SP HEIGHT="30" WIDTH="40" VPOS="1561" HPOS="393"/>
<String CONTENT="edition" HEIGHT="40" WIDTH="181" VPOS="1551" HPOS="434"/>
<SP HEIGHT="28" WIDTH="42" VPOS="1562" HPOS="616"/>
<String CONTENT="very" HEIGHT="37" WIDTH="115" VPOS="1561" HPOS="659"/>
<SP HEIGHT="37" WIDTH="42" VPOS="1561" HPOS="775"/>
<String CONTENT="numerous" HEIGHT="30" WIDTH="259" VPOS="1561" HPOS="818"/>
<SP HEIGHT="29" WIDTH="42" VPOS="1562" HPOS="1078"/>
<String CONTENT="changes" HEIGHT="47" WIDTH="208" VPOS="1552" HPOS="1121"/>
<SP HEIGHT="29" WIDTH="42" VPOS="1562" HPOS="1330"/>
<String CONTENT="and" HEIGHT="39" WIDTH="92" VPOS="1552" HPOS="1373"/>
<SP HEIGHT="39" WIDTH="45" VPOS="1552" HPOS="1466"/>
<String CONTENT="additions" HEIGHT="40" WIDTH="245" VPOS="1552" HPOS="1512"/>
<SP HEIGHT="38" WIDTH="45" VPOS="1553" HPOS="1758"/>
<String CONTENT="have" HEIGHT="39" WIDTH="121" VPOS="1553" HPOS="1804"/>
<SP HEIGHT="39" WIDTH="43" VPOS="1553" HPOS="1926"/>
<String CONTENT="been" HEIGHT="39" WIDTH="114" VPOS="1553" HPOS="1970"/>
</TextLine>
<TextLine HEIGHT="46" WIDTH="904" VPOS="1607" HPOS="93">
<String CONTENT="introduced.&#8221;&#8212;Pref." HEIGHT="44" WIDTH="521" VPOS="1607" HPOS="93"/>
<SP HEIGHT="39" WIDTH="31" VPOS="1612" HPOS="615"/>
<String CONTENT="to" HEIGHT="37" WIDTH="49" VPOS="1612" HPOS="647"/>
<SP HEIGHT="38" WIDTH="29" VPOS="1612" HPOS="697"/>
<String CONTENT="the" HEIGHT="40" WIDTH="80" VPOS="1610" HPOS="727"/>
<SP HEIGHT="41" WIDTH="26" VPOS="1609" HPOS="808"/>
<String CONTENT="3d" HEIGHT="44" WIDTH="59" VPOS="1609" HPOS="835"/>
<SP HEIGHT="38" WIDTH="31" VPOS="1615" HPOS="895"/>
<String CONTENT="ed." HEIGHT="40" WIDTH="70" VPOS="1610" HPOS="927"/>
</TextLine>
<TextLine HEIGHT="50" WIDTH="1021" VPOS="1665" HPOS="165" CS="1">
<String CONTENT="&#8220;Literature" HEIGHT="42" WIDTH="305" VPOS="1665" HPOS="165"/>
<SP HEIGHT="38" WIDTH="25" VPOS="1667" HPOS="471"/>
<String CONTENT="list" HEIGHT="40" WIDTH="84" VPOS="1666" HPOS="497"/>
<SP HEIGHT="38" WIDTH="28" VPOS="1668" HPOS="582"/>
<String CONTENT="and" HEIGHT="39" WIDTH="95" VPOS="1668" HPOS="611"/>
<SP HEIGHT="39" WIDTH="26" VPOS="1668" HPOS="707"/>
<String CS="1" CONTENT="notes&#8221;;" HEIGHT="41" WIDTH="166" VPOS="1666" HPOS="734"/>
<SP HEIGHT="38" WIDTH="27" VPOS="1677" HPOS="929"/>
<String CONTENT="p." HEIGHT="38" WIDTH="42" VPOS="1677" HPOS="957"/>
<SP HEIGHT="40" WIDTH="29" VPOS="1666" HPOS="1000"/>
<String CONTENT="51-62." HEIGHT="41" WIDTH="156" VPOS="1666" HPOS="1030"/>
</TextLine>
<TextLine HEIGHT="53" WIDTH="1995" VPOS="1732" HPOS="91" CS="1">
<String CONTENT="&#169;" HEIGHT="53" WIDTH="53" VPOS="1732" HPOS="91"/>
<SP HEIGHT="53" WIDTH="29" VPOS="1732" HPOS="145"/>
<String CONTENT="June" HEIGHT="39" WIDTH="125" VPOS="1738" HPOS="175"/>
<SP HEIGHT="38" WIDTH="27" VPOS="1738" HPOS="301"/>
<String CONTENT="1," HEIGHT="46" WIDTH="38" VPOS="1738" HPOS="329"/>
<SP HEIGHT="46" WIDTH="30" VPOS="1738" HPOS="368"/>
<String CS="1" CONTENT="1936;" HEIGHT="41" WIDTH="113" VPOS="1736" HPOS="399"/>
<SP HEIGHT="40" WIDTH="29" VPOS="1737" HPOS="539"/>
<String CONTENT="2c." HEIGHT="40" WIDTH="67" VPOS="1737" HPOS="569"/>
<SP HEIGHT="39" WIDTH="30" VPOS="1738" HPOS="637"/>
<String CONTENT="June" HEIGHT="38" WIDTH="129" VPOS="1738" HPOS="668"/>
<SP HEIGHT="39" WIDTH="24" VPOS="1737" HPOS="798"/>
<String CS="1" CONTENT="17;" HEIGHT="40" WIDTH="54" VPOS="1737" HPOS="823"/>
<SP HEIGHT="30" WIDTH="32" VPOS="1747" HPOS="905"/>
<String CONTENT="aff." HEIGHT="39" WIDTH="81" VPOS="1738" HPOS="938"/>
<SP HEIGHT="14" WIDTH="28" VPOS="1763" HPOS="1020"/>
<String CONTENT="July" HEIGHT="47" WIDTH="111" VPOS="1737" HPOS="1053"/>
<SP HEIGHT="46" WIDTH="30" VPOS="1738" HPOS="1165"/>
<String CONTENT="8;" HEIGHT="45" WIDTH="51" VPOS="1738" HPOS="1196"/>
<SP HEIGHT="45" WIDTH="32" VPOS="1738" HPOS="1248"/>
<!-- cceid A1F4173B-6E3A-1014-83DD-942C093A1DD9 --><String CONTENT="A" HEIGHT="38" WIDTH="41" VPOS="1738" HPOS="1281"/>
<SP HEIGHT="40" WIDTH="26" VPOS="1737" HPOS="1323"/>
<String CONTENT="97071;" HEIGHT="46" WIDTH="171" VPOS="1737" HPOS="1350"/>
<SP HEIGHT="44" WIDTH="33" VPOS="1739" HPOS="1522"/>
<String CONTENT="Mathematical" HEIGHT="40" WIDTH="370" VPOS="1738" HPOS="1556"/>
<SP HEIGHT="38" WIDTH="28" VPOS="1738" HPOS="1927"/>
<String CONTENT="assn," HEIGHT="31" WIDTH="130" VPOS="1746" HPOS="1956"/>
</TextLine>
<TextLine HEIGHT="48" WIDTH="794" VPOS="1793" HPOS="161">
<String CONTENT="of" HEIGHT="38" WIDTH="51" VPOS="1794" HPOS="161"/>
<SP HEIGHT="39" WIDTH="29" VPOS="1794" HPOS="213"/>
<String CONTENT="America," HEIGHT="45" WIDTH="235" VPOS="1793" HPOS="243"/>
<SP HEIGHT="44" WIDTH="35" VPOS="1794" HPOS="479"/>
<String CONTENT="inc." HEIGHT="40" WIDTH="88" VPOS="1794" HPOS="515"/>
<SP HEIGHT="47" WIDTH="71" VPOS="1794" HPOS="604"/>
<String CONTENT="(36-17353)" HEIGHT="47" WIDTH="279" VPOS="1794" HPOS="676"/>
</TextLine>
<TextLine HEIGHT="64" WIDTH="888" VPOS="1898" HPOS="89" STYLEREFS="StyleId-26F512E5-4DDD-4D34-8539-AE48A3B1B0EA-">
<String CONTENT="Bailey," HEIGHT="64" WIDTH="223" VPOS="1898" HPOS="89"/>
<SP HEIGHT="62" WIDTH="24" VPOS="1899" HPOS="313"/>
<String CONTENT="Henry" HEIGHT="63" WIDTH="205" VPOS="1899" HPOS="338"/>
<SP HEIGHT="62" WIDTH="25" VPOS="1900" HPOS="544"/>
<String CONTENT="Christopher." HEIGHT="64" WIDTH="407" VPOS="1898" HPOS="570"/>
</TextLine>
<TextLine HEIGHT="52" WIDTH="511" VPOS="1976" HPOS="160" STYLEREFS="StyleId-779A8721-1BCB-4BC8-AE80-9009DD151B13-">
<String CONTENT="The" HEIGHT="52" WIDTH="121" VPOS="1976" HPOS="160"/>
<SP HEIGHT="52" WIDTH="22" VPOS="1976" HPOS="282"/>
<String CONTENT="dead" HEIGHT="52" WIDTH="144" VPOS="1976" HPOS="305"/>
<SP HEIGHT="52" WIDTH="21" VPOS="1976" HPOS="450"/>
<String CONTENT="leaves." HEIGHT="52" WIDTH="199" VPOS="1976" HPOS="472"/>
</TextLine>
<TextLine HEIGHT="52" WIDTH="997" VPOS="2044" HPOS="164">
<String CONTENT="(In" HEIGHT="47" WIDTH="83" VPOS="2049" HPOS="164"/>
<SP HEIGHT="43" WIDTH="28" VPOS="2044" HPOS="248"/>
<String CONTENT="Windsor" HEIGHT="43" WIDTH="230" VPOS="2044" HPOS="277"/>
<SP HEIGHT="28" WIDTH="33" VPOS="2059" HPOS="508"/>
<String CONTENT="magazine," HEIGHT="52" WIDTH="275" VPOS="2044" HPOS="542"/>
<SP HEIGHT="52" WIDTH="31" VPOS="2044" HPOS="818"/>
<String CONTENT="July," HEIGHT="52" WIDTH="132" VPOS="2044" HPOS="850"/>
<SP HEIGHT="49" WIDTH="34" VPOS="2046" HPOS="983"/>
<String CONTENT="1936)" HEIGHT="49" WIDTH="143" VPOS="2045" HPOS="1018"/>
</TextLine>
<TextLine HEIGHT="53" WIDTH="1993" VPOS="2100" HPOS="91" CS="1">
<String CONTENT="&#169;" HEIGHT="53" WIDTH="53" VPOS="2100" HPOS="91"/>
<SP/>
<String CS="1" CONTENT="1c."/>
<SP/>
<String CONTENT="Aug" HEIGHT="46" WIDTH="106" VPOS="2105" HPOS="284"/>
<SP HEIGHT="47" WIDTH="48" VPOS="2104" HPOS="391"/>
<String CONTENT="20," HEIGHT="45" WIDTH="68" VPOS="2104" HPOS="440"/>
<SP HEIGHT="44" WIDTH="35" VPOS="2105" HPOS="509"/>
<String CONTENT="1936;" HEIGHT="46" WIDTH="140" VPOS="2104" HPOS="545"/>
<SP HEIGHT="45" WIDTH="39" VPOS="2105" HPOS="686"/>
<!-- cceid A1F47D9B-6E3A-1014-83DD-942C093A1DD9 --><String CONTENT="A" HEIGHT="38" WIDTH="40" VPOS="2105" HPOS="726"/>
<SP HEIGHT="38" WIDTH="34" VPOS="2105" HPOS="767"/>
<String CONTENT="ad" HEIGHT="39" WIDTH="61" VPOS="2104" HPOS="802"/>
<SP HEIGHT="39" WIDTH="36" VPOS="2104" HPOS="864"/>
<String CONTENT="int." HEIGHT="40" WIDTH="86" VPOS="2104" HPOS="901"/>
<SP HEIGHT="40" WIDTH="35" VPOS="2104" HPOS="988"/>
<String CONTENT="21767;" HEIGHT="45" WIDTH="173" VPOS="2104" HPOS="1024"/>
<SP HEIGHT="37" WIDTH="37" VPOS="2114" HPOS="1198"/>
<String CONTENT="pubd." HEIGHT="48" WIDTH="143" VPOS="2103" HPOS="1236"/>
<SP HEIGHT="39" WIDTH="37" VPOS="2105" HPOS="1380"/>
<String CONTENT="June" HEIGHT="38" WIDTH="127" VPOS="2105" HPOS="1418"/>
<SP HEIGHT="39" WIDTH="36" VPOS="2104" HPOS="1546"/>
<String CONTENT="25;" HEIGHT="44" WIDTH="83" VPOS="2104" HPOS="1583"/>
<SP HEIGHT="44" WIDTH="40" VPOS="2104" HPOS="1667"/>
<String LANG="fr" CONTENT="H." HEIGHT="38" WIDTH="59" VPOS="2104" HPOS="1708"/>
<SP HEIGHT="41" WIDTH="39" VPOS="2103" HPOS="1768"/>
<String CONTENT="C." HEIGHT="41" WIDTH="48" VPOS="2103" HPOS="1808"/>
<SP HEIGHT="39" WIDTH="40" VPOS="2104" HPOS="1857"/>
<String CONTENT="Bailey," HEIGHT="49" WIDTH="186" VPOS="2102" HPOS="1898"/>
</TextLine>
<TextLine HEIGHT="40" WIDTH="210" VPOS="2161" HPOS="160">
<String CONTENT="London." HEIGHT="40" WIDTH="210" VPOS="2161" HPOS="160"/>
</TextLine>
<TextLine HEIGHT="68" WIDTH="1411" VPOS="2262" HPOS="88" STYLEREFS="StyleId-26F512E5-4DDD-4D34-8539-AE48A3B1B0EA-">
<String CONTENT="Barrett," HEIGHT="61" WIDTH="260" VPOS="2266" HPOS="88"/>
<SP HEIGHT="60" WIDTH="24" VPOS="2267" HPOS="349"/>
<String CONTENT="Mrs." HEIGHT="50" WIDTH="135" VPOS="2267" HPOS="374"/>
<SP HEIGHT="51" WIDTH="25" VPOS="2266" HPOS="510"/>
<String CONTENT="Katharine" HEIGHT="54" WIDTH="332" VPOS="2264" HPOS="536"/>
<SP HEIGHT="52" WIDTH="22" VPOS="2266" HPOS="869"/>
<String CONTENT="Ruth" HEIGHT="54" WIDTH="162" VPOS="2264" HPOS="892"/>
<SP HEIGHT="66" WIDTH="31" VPOS="2264" HPOS="1055"/>
<String CONTENT="(Ellis)" HEIGHT="68" WIDTH="206" VPOS="2262" HPOS="1087"/>
<SP HEIGHT="62" WIDTH="35" VPOS="2265" HPOS="1294"/>
<String CONTENT="1879-" HEIGHT="52" WIDTH="169" VPOS="2267" HPOS="1330"/>
</TextLine>
<TextLine HEIGHT="71" WIDTH="1924" VPOS="2339" HPOS="161" STYLEREFS="StyleId-779A8721-1BCB-4BC8-AE80-9009DD151B13-" CS="1">
<String CONTENT="Katy" HEIGHT="66" WIDTH="159" VPOS="2343" HPOS="161"/>
<SP HEIGHT="50" WIDTH="28" VPOS="2359" HPOS="321"/>
<String CONTENT="of" HEIGHT="52" WIDTH="64" VPOS="2341" HPOS="350"/>
<SP HEIGHT="52" WIDTH="28" VPOS="2341" HPOS="415"/>
<String CONTENT="the" HEIGHT="53" WIDTH="95" VPOS="2342" HPOS="444"/>
<SP HEIGHT="35" WIDTH="28" VPOS="2360" HPOS="540"/>
<String CS="1" CONTENT="eighties;" HEIGHT="68" WIDTH="238" VPOS="2341" HPOS="569"/>
<SP HEIGHT="48" WIDTH="32" VPOS="2360" HPOS="837"/>
<String CONTENT="sing" HEIGHT="70" WIDTH="128" VPOS="2340" HPOS="870"/>
<SP HEIGHT="50" WIDTH="32" VPOS="2360" HPOS="999"/>
<String CONTENT="song" HEIGHT="50" WIDTH="142" VPOS="2359" HPOS="1032"/>
<SP HEIGHT="49" WIDTH="26" VPOS="2360" HPOS="1175"/>
<String CONTENT="rhymes," HEIGHT="68" WIDTH="245" VPOS="2341" HPOS="1202"/>
<SP HEIGHT="66" WIDTH="25" VPOS="2340" HPOS="1448"/>
<String CONTENT="by" HEIGHT="67" WIDTH="75" VPOS="2340" HPOS="1474"/>
<SP HEIGHT="67" WIDTH="30" VPOS="2340" HPOS="1550"/>
<String CONTENT="Katharine" HEIGHT="54" WIDTH="323" VPOS="2339" HPOS="1581"/>
<SP HEIGHT="52" WIDTH="31" VPOS="2340" HPOS="1905"/>
<String CONTENT="Ellis" HEIGHT="53" WIDTH="148" VPOS="2339" HPOS="1937"/>
</TextLine>
<TextLine HEIGHT="68" WIDTH="1691" VPOS="2418" HPOS="94" STYLEREFS="StyleId-779A8721-1BCB-4BC8-AE80-9009DD151B13-" CS="1">
<String CONTENT="Barrett." HEIGHT="52" WIDTH="248" VPOS="2420" HPOS="94"/>
<SP HEIGHT="54" WIDTH="65" VPOS="2418" HPOS="343"/>
<String CONTENT="Cedar" HEIGHT="54" WIDTH="186" VPOS="2418" HPOS="409"/>
<SP HEIGHT="52" WIDTH="28" VPOS="2419" HPOS="596"/>
<String CONTENT="Rapids," HEIGHT="67" WIDTH="239" VPOS="2419" HPOS="625"/>
<SP HEIGHT="61" WIDTH="29" VPOS="2420" HPOS="865"/>
<String CS="1" CONTENT="Ia.," HEIGHT="47" WIDTH="65" VPOS="2439" HPOS="933"/>
<SP HEIGHT="66" WIDTH="29" VPOS="2420" HPOS="999"/>
<String CONTENT="The" HEIGHT="51" WIDTH="120" VPOS="2419" HPOS="1029"/>
<SP HEIGHT="50" WIDTH="30" VPOS="2420" HPOS="1150"/>
<String CONTENT="Torch" HEIGHT="52" WIDTH="186" VPOS="2418" HPOS="1181"/>
<SP HEIGHT="68" WIDTH="29" VPOS="2418" HPOS="1368"/>
<String CONTENT="press" HEIGHT="49" WIDTH="155" VPOS="2437" HPOS="1398"/>
<SP HEIGHT="47" WIDTH="37" VPOS="2437" HPOS="1554"/>
<String CONTENT="[" HEIGHT="33" WIDTH="12" VPOS="2451" HPOS="1592"/>
<String STYLE="superscript" CONTENT="c" HEIGHT="20" WIDTH="19" VPOS="2425" HPOS="1609"/>
<String CONTENT="1936]" HEIGHT="63" WIDTH="153" VPOS="2421" HPOS="1632"/>
</TextLine>
<TextLine HEIGHT="49" WIDTH="740" VPOS="2492" HPOS="163" CS="1">
<String CONTENT="83" HEIGHT="40" WIDTH="53" VPOS="2493" HPOS="163"/>
<SP HEIGHT="48" WIDTH="26" VPOS="2493" HPOS="217"/>
<String CONTENT="p." HEIGHT="37" WIDTH="43" VPOS="2504" HPOS="244"/>
<SP/>
<String CS="1" CONTENT="front."/>
<SP/>
<String CONTENT="(port.)" HEIGHT="48" WIDTH="173" VPOS="2492" HPOS="520"/>
<SP HEIGHT="47" WIDTH="62" VPOS="2492" HPOS="694"/>
<String CS="1" CONTENT="20&#189;" HEIGHT="40" WIDTH="56" VPOS="2492" HPOS="757"/>
<String STYLE="superscript" CONTENT="cm" HEIGHT="21" WIDTH="43" VPOS="2495" HPOS="846"/>
<String CONTENT="." HEIGHT="7" WIDTH="8" VPOS="2524" HPOS="895"/>
</TextLine>
<TextLine HEIGHT="52" WIDTH="1992" VPOS="2545" HPOS="90" CS="1">
<String CONTENT="&#169;" HEIGHT="52" WIDTH="53" VPOS="2545" HPOS="90"/>
<SP HEIGHT="52" WIDTH="37" VPOS="2545" HPOS="144"/>
<String CONTENT="July" HEIGHT="46" WIDTH="115" VPOS="2550" HPOS="182"/>
<SP HEIGHT="45" WIDTH="37" VPOS="2551" HPOS="298"/>
<String CONTENT="7," HEIGHT="45" WIDTH="39" VPOS="2551" HPOS="336"/>
<SP HEIGHT="46" WIDTH="39" VPOS="2550" HPOS="376"/>
<String CS="1" CONTENT="1936;" HEIGHT="40" WIDTH="113" VPOS="2549" HPOS="416"/>
<SP HEIGHT="42" WIDTH="39" VPOS="2548" HPOS="557"/>
<String CONTENT="2c." HEIGHT="41" WIDTH="67" VPOS="2548" HPOS="597"/>
<SP HEIGHT="39" WIDTH="39" VPOS="2550" HPOS="665"/>
<String CONTENT="July" HEIGHT="46" WIDTH="116" VPOS="2549" HPOS="705"/>
<SP HEIGHT="45" WIDTH="36" VPOS="2550" HPOS="822"/>
<String CONTENT="15;" HEIGHT="41" WIDTH="82" VPOS="2550" HPOS="859"/>
<SP HEIGHT="32" WIDTH="40" VPOS="2559" HPOS="942"/>
<String CONTENT="aff." HEIGHT="40" WIDTH="80" VPOS="2548" HPOS="983"/>
<SP HEIGHT="38" WIDTH="40" VPOS="2550" HPOS="1064"/>
<String CONTENT="July" HEIGHT="47" WIDTH="115" VPOS="2548" HPOS="1105"/>
<SP HEIGHT="45" WIDTH="39" VPOS="2550" HPOS="1221"/>
<String CONTENT="13;" HEIGHT="45" WIDTH="79" VPOS="2550" HPOS="1261"/>
<SP HEIGHT="46" WIDTH="38" VPOS="2549" HPOS="1341"/>
<!-- cceid A1F4E948-6E3A-1014-83DD-942C093A1DD9 --><String CONTENT="A" HEIGHT="38" WIDTH="40" VPOS="2549" HPOS="1380"/>
<SP HEIGHT="40" WIDTH="37" VPOS="2548" HPOS="1421"/>
<String CONTENT="97159;" HEIGHT="46" WIDTH="171" VPOS="2548" HPOS="1459"/>
<SP HEIGHT="45" WIDTH="41" VPOS="2549" HPOS="1631"/>
<String LANG="fr" CONTENT="K." HEIGHT="39" WIDTH="59" VPOS="2549" HPOS="1673"/>
<SP HEIGHT="39" WIDTH="39" VPOS="2549" HPOS="1733"/>
<String CONTENT="E." HEIGHT="39" WIDTH="52" VPOS="2549" HPOS="1773"/>
<SP HEIGHT="40" WIDTH="40" VPOS="2548" HPOS="1826"/>
<String CONTENT="Barrett," HEIGHT="41" WIDTH="215" VPOS="2548" HPOS="1867"/>
</TextLine>
<TextLine HEIGHT="47" WIDTH="737" VPOS="2605" HPOS="160" CS="1">
<String CONTENT="Cornish," HEIGHT="47" WIDTH="218" VPOS="2605" HPOS="160"/>
<SP HEIGHT="45" WIDTH="27" VPOS="2607" HPOS="379"/>
<String CS="1" CONTENT="N." HEIGHT="7" WIDTH="8" VPOS="2639" HPOS="454"/>
<SP HEIGHT="39" WIDTH="27" VPOS="2607" HPOS="463"/>
<String CONTENT="H." HEIGHT="38" WIDTH="58" VPOS="2607" HPOS="491"/>
<SP HEIGHT="46" WIDTH="67" VPOS="2605" HPOS="550"/>
<String CONTENT="(36-17322)" HEIGHT="46" WIDTH="279" VPOS="2605" HPOS="618"/>
</TextLine>
<TextLine HEIGHT="64" WIDTH="982" VPOS="2709" HPOS="87" STYLEREFS="StyleId-26F512E5-4DDD-4D34-8539-AE48A3B1B0EA-">
<String CONTENT="Baruch," HEIGHT="64" WIDTH="252" VPOS="2709" HPOS="87"/>
<SP HEIGHT="61" WIDTH="26" VPOS="2712" HPOS="340"/>
<String CONTENT="Mrs." HEIGHT="51" WIDTH="135" VPOS="2712" HPOS="367"/>
<SP HEIGHT="53" WIDTH="27" VPOS="2710" HPOS="503"/>
<String CONTENT="Dorothy" HEIGHT="63" WIDTH="270" VPOS="2710" HPOS="531"/>
<SP HEIGHT="63" WIDTH="24" VPOS="2710" HPOS="802"/>
<String CONTENT="Walter." HEIGHT="54" WIDTH="242" VPOS="2709" HPOS="827"/>
</TextLine>
<TextLine HEIGHT="69" WIDTH="1921" VPOS="2784" HPOS="161" STYLEREFS="StyleId-779A8721-1BCB-4BC8-AE80-9009DD151B13-" CS="1">
<String CONTENT="The" HEIGHT="52" WIDTH="121" VPOS="2785" HPOS="161"/>
<SP HEIGHT="53" WIDTH="21" VPOS="2784" HPOS="283"/>
<String CONTENT="funny" HEIGHT="67" WIDTH="185" VPOS="2784" HPOS="305"/>
<SP HEIGHT="66" WIDTH="20" VPOS="2785" HPOS="491"/>
<String CONTENT="little" HEIGHT="52" WIDTH="149" VPOS="2785" HPOS="512"/>
<SP HEIGHT="51" WIDTH="19" VPOS="2786" HPOS="662"/>
<String CS="1" CONTENT="boy," HEIGHT="51" WIDTH="69" VPOS="2786" HPOS="682"/>
<SP HEIGHT="54" WIDTH="20" VPOS="2786" HPOS="810"/>
<String CONTENT="by" HEIGHT="67" WIDTH="74" VPOS="2786" HPOS="831"/>
<SP HEIGHT="67" WIDTH="21" VPOS="2786" HPOS="906"/>
<String CONTENT="Dorothy" HEIGHT="67" WIDTH="263" VPOS="2785" HPOS="928"/>
<SP HEIGHT="66" WIDTH="18" VPOS="2786" HPOS="1192"/>
<String CONTENT="Walter" HEIGHT="53" WIDTH="222" VPOS="2785" HPOS="1211"/>
<SP HEIGHT="50" WIDTH="21" VPOS="2786" HPOS="1434"/>
<String CS="1" CONTENT="Baruch;" HEIGHT="53" WIDTH="228" VPOS="2784" HPOS="1456"/>
<SP HEIGHT="49" WIDTH="25" VPOS="2803" HPOS="1714"/>
<String CONTENT="pictures" HEIGHT="67" WIDTH="247" VPOS="2785" HPOS="1740"/>
<SP HEIGHT="53" WIDTH="21" VPOS="2785" HPOS="1988"/>
<String CONTENT="by" HEIGHT="68" WIDTH="72" VPOS="2785" HPOS="2010"/>
</TextLine>
<TextLine HEIGHT="146" WIDTH="1967" VPOS="2862" HPOS="90" STYLEREFS="StyleId-779A8721-1BCB-4BC8-AE80-9009DD151B13-" CS="1">
<String CONTENT="Lietta." HEIGHT="56" WIDTH="203" VPOS="2862" HPOS="91"/>
<SP HEIGHT="54" WIDTH="71" VPOS="2864" HPOS="295"/>
<String CONTENT="Boston," HEIGHT="66" WIDTH="233" VPOS="2864" HPOS="367"/>
<SP HEIGHT="67" WIDTH="35" VPOS="2863" HPOS="601"/>
<String CONTENT="New" HEIGHT="52" WIDTH="138" VPOS="2863" HPOS="637"/>
<SP HEIGHT="52" WIDTH="37" VPOS="2865" HPOS="776"/>
<String CONTENT="York," HEIGHT="67" WIDTH="179" VPOS="2863" HPOS="814"/>
<SP HEIGHT="66" WIDTH="34" VPOS="2864" HPOS="994"/>
<String CONTENT="Lothrop," HEIGHT="68" WIDTH="276" VPOS="2863" HPOS="1029"/>
<SP HEIGHT="66" WIDTH="32" VPOS="2863" HPOS="1306"/>
<String CONTENT="Lee" HEIGHT="52" WIDTH="109" VPOS="2863" HPOS="1339"/>
<SP HEIGHT="35" WIDTH="35" VPOS="2881" HPOS="1449"/>
<String CONTENT="and" HEIGHT="54" WIDTH="112" VPOS="2862" HPOS="1485"/>
<SP HEIGHT="56" WIDTH="40" VPOS="2862" HPOS="1598"/>
<String CONTENT="Shepard" HEIGHT="70" WIDTH="260" VPOS="2862" HPOS="1639"/>
<SP HEIGHT="53" WIDTH="35" VPOS="2863" HPOS="1900"/>
<String CONTENT="company." HEIGHT="126" WIDTH="1967" VPOS="2882" HPOS="90"/>
<SP HEIGHT="51" WIDTH="42" VPOS="2945" HPOS="261"/>
<String CONTENT="1936." HEIGHT="51" WIDTH="149" VPOS="2944" HPOS="304"/>
</TextLine>
<TextLine HEIGHT="49" WIDTH="787" VPOS="3014" HPOS="165" CS="1">
<String CONTENT="[36]" HEIGHT="49" WIDTH="82" VPOS="3014" HPOS="165"/>
<SP HEIGHT="37" WIDTH="30" VPOS="3026" HPOS="248"/>
<String CONTENT="p." HEIGHT="37" WIDTH="43" VPOS="3026" HPOS="279"/>
<SP HEIGHT="29" WIDTH="57" VPOS="3026" HPOS="323"/>
<String CONTENT="col." HEIGHT="39" WIDTH="85" VPOS="3016" HPOS="381"/>
<SP HEIGHT="39" WIDTH="30" VPOS="3015" HPOS="467"/>
<String CONTENT="illus." HEIGHT="40" WIDTH="126" VPOS="3015" HPOS="498"/>
<SP HEIGHT="39" WIDTH="59" VPOS="3016" HPOS="625"/>
<String CS="1" CONTENT="18&#189;" HEIGHT="40" WIDTH="55" VPOS="3014" HPOS="685"/>
<SP HEIGHT="47" WIDTH="16" VPOS="3015" HPOS="770"/>
<String CS="1" CONTENT="&#215;"/>
<SP HEIGHT="39" WIDTH="17" VPOS="3015" HPOS="819"/>
<String CONTENT="17" HEIGHT="39" WIDTH="55" VPOS="3015" HPOS="837"/>
<String STYLE="superscript" CONTENT="cm" HEIGHT="21" WIDTH="43" VPOS="3017" HPOS="895"/>
<String CONTENT="." HEIGHT="7" WIDTH="8" VPOS="3047" HPOS="944"/>
</TextLine>
<TextLine HEIGHT="47" WIDTH="929" VPOS="3071" HPOS="162">
<String CONTENT="Illustrated" HEIGHT="39" WIDTH="286" VPOS="3072" HPOS="162"/>
<SP HEIGHT="39" WIDTH="29" VPOS="3072" HPOS="449"/>
<String CONTENT="t.-p." HEIGHT="45" WIDTH="97" VPOS="3073" HPOS="479"/>
<SP HEIGHT="29" WIDTH="27" VPOS="3082" HPOS="577"/>
<String CONTENT="and" HEIGHT="39" WIDTH="96" VPOS="3072" HPOS="605"/>
<SP HEIGHT="40" WIDTH="26" VPOS="3071" HPOS="702"/>
<String CONTENT="lining-papers." HEIGHT="47" WIDTH="362" VPOS="3071" HPOS="729"/>
</TextLine>
<TextLine HEIGHT="53" WIDTH="1995" VPOS="3123" HPOS="87">
<String CONTENT="&#169;" HEIGHT="52" WIDTH="53" VPOS="3123" HPOS="87"/>
<SP HEIGHT="52" WIDTH="33" VPOS="3123" HPOS="141"/>
<String CONTENT="July" HEIGHT="46" WIDTH="114" VPOS="3128" HPOS="175"/>
<SP HEIGHT="47" WIDTH="33" VPOS="3127" HPOS="290"/>
<String CONTENT="20." HEIGHT="43" WIDTH="68" VPOS="3127" HPOS="324"/>
<SP HEIGHT="42" WIDTH="34" VPOS="3128" HPOS="393"/>
<String CONTENT="1936;" HEIGHT="41" WIDTH="138" VPOS="3128" HPOS="428"/>
<SP HEIGHT="42" WIDTH="36" VPOS="3127" HPOS="567"/>
<String CONTENT="2c." HEIGHT="39" WIDTH="68" VPOS="3127" HPOS="604"/>
<SP HEIGHT="39" WIDTH="36" VPOS="3128" HPOS="673"/>
<String CONTENT="July" HEIGHT="46" WIDTH="114" VPOS="3127" HPOS="710"/>
<SP HEIGHT="46" WIDTH="31" VPOS="3127" HPOS="825"/>
<String CONTENT="21;" HEIGHT="46" WIDTH="81" VPOS="3127" HPOS="857"/>
<SP HEIGHT="36" WIDTH="38" VPOS="3137" HPOS="939"/>
<String CONTENT="aff." HEIGHT="40" WIDTH="81" VPOS="3127" HPOS="978"/>
<SP HEIGHT="40" WIDTH="34" VPOS="3127" HPOS="1060"/>
<String CONTENT="July" HEIGHT="46" WIDTH="113" VPOS="3127" HPOS="1095"/>
<SP HEIGHT="45" WIDTH="34" VPOS="3128" HPOS="1209"/>
<String CONTENT="30;" HEIGHT="46" WIDTH="82" VPOS="3127" HPOS="1244"/>
<SP HEIGHT="45" WIDTH="37" VPOS="3128" HPOS="1327"/>
<!-- cceid A1F54BA1-6E3A-1014-83DD-942C093A1DD9 --><String CONTENT="A" HEIGHT="39" WIDTH="43" VPOS="3128" HPOS="1365"/>
<SP HEIGHT="40" WIDTH="30" VPOS="3127" HPOS="1409"/>
<String CONTENT="97187;" HEIGHT="48" WIDTH="169" VPOS="3127" HPOS="1440"/>
<SP HEIGHT="47" WIDTH="39" VPOS="3128" HPOS="1610"/>
<String CONTENT="Lotlirop," HEIGHT="48" WIDTH="227" VPOS="3128" HPOS="1650"/>
<SP HEIGHT="43" WIDTH="36" VPOS="3129" HPOS="1878"/>
<String CONTENT="Lee" HEIGHT="41" WIDTH="94" VPOS="3129" HPOS="1915"/>
<SP HEIGHT="40" WIDTH="36" VPOS="3130" HPOS="2010"/>
<String CONTENT="&amp;" HEIGHT="39" WIDTH="35" VPOS="3130" HPOS="2047"/>
</TextLine>
<TextLine HEIGHT="48" WIDTH="658" VPOS="3183" HPOS="161">
<String CONTENT="Shepard" HEIGHT="48" WIDTH="217" VPOS="3183" HPOS="161"/>
<SP HEIGHT="39" WIDTH="26" VPOS="3184" HPOS="379"/>
<String LANG="ru" CONTENT="co." HEIGHT="31" WIDTH="66" VPOS="3193" HPOS="406"/>
<SP HEIGHT="46" WIDTH="66" VPOS="3184" HPOS="473"/>
<String CONTENT="(36-17327)" HEIGHT="48" WIDTH="279" VPOS="3183" HPOS="540"/>
</TextLine>
<TextLine HEIGHT="63" WIDTH="466" VPOS="3286" HPOS="87" STYLEREFS="StyleId-26F512E5-4DDD-4D34-8539-AE48A3B1B0EA-">
<String LANG="en-US" CONTENT="Bernard," HEIGHT="63" WIDTH="282" VPOS="3286" HPOS="87"/>
<SP HEIGHT="62" WIDTH="27" VPOS="3287" HPOS="370"/>
<String LANG="fr" CONTENT="Jos&#233;." HEIGHT="55" WIDTH="155" VPOS="3286" HPOS="398"/>
</TextLine>
<TextLine HEIGHT="154" WIDTH="1973" VPOS="3351" HPOS="86" STYLEREFS="StyleId-779A8721-1BCB-4BC8-AE80-9009DD151B13-" LANG="fr" CS="1">
<String LANG="en-US" CS="1" CONTENT="&#8230;"/>
<SP HEIGHT="52" WIDTH="37" VPOS="3362" HPOS="220"/>
<String CONTENT="Le" HEIGHT="53" WIDTH="80" VPOS="3362" HPOS="258"/>
<SP HEIGHT="34" WIDTH="28" VPOS="3381" HPOS="339"/>
<String CONTENT="mort" HEIGHT="46" WIDTH="148" VPOS="3368" HPOS="368"/>
<SP HEIGHT="51" WIDTH="34" VPOS="3363" HPOS="517"/>
<String CONTENT="dans" HEIGHT="52" WIDTH="141" VPOS="3363" HPOS="552"/>
<SP HEIGHT="52" WIDTH="32" VPOS="3363" HPOS="694"/>
<String CONTENT="la" HEIGHT="51" WIDTH="53" VPOS="3363" HPOS="727"/>
<SP HEIGHT="53" WIDTH="37" VPOS="3361" HPOS="781"/>
<String CONTENT="for&#234;t," HEIGHT="68" WIDTH="168" VPOS="3361" HPOS="819"/>
<SP HEIGHT="48" WIDTH="34" VPOS="3381" HPOS="988"/>
<String CONTENT="roman" HEIGHT="35" WIDTH="196" VPOS="3380" HPOS="1023"/>
<SP HEIGHT="50" WIDTH="35" VPOS="3380" HPOS="1220"/>
<String CONTENT="policier." HEIGHT="70" WIDTH="251" VPOS="3360" HPOS="1256"/>
<SP HEIGHT="51" WIDTH="71" VPOS="3363" HPOS="1508"/>
<String CONTENT="Paris," HEIGHT="71" WIDTH="184" VPOS="3359" HPOS="1580"/>
<SP HEIGHT="68" WIDTH="33" VPOS="3362" HPOS="1765"/>
<String CONTENT="Les" HEIGHT="54" WIDTH="107" VPOS="3362" HPOS="1799"/>
<SP HEIGHT="65" WIDTH="34" VPOS="3351" HPOS="1907"/>
<String CONTENT="&#201;ditions" HEIGHT="140" WIDTH="1973" VPOS="3351" HPOS="86"/>
<SP HEIGHT="53" WIDTH="29" VPOS="3439" HPOS="235"/>
<String CONTENT="de" HEIGHT="53" WIDTH="68" VPOS="3439" HPOS="265"/>
<SP HEIGHT="52" WIDTH="28" VPOS="3439" HPOS="334"/>
<String CONTENT="France," HEIGHT="66" WIDTH="236" VPOS="3439" HPOS="363"/>
<SP HEIGHT="60" WIDTH="30" VPOS="3445" HPOS="600"/>
<String STYLE="superscript" CONTENT="c" HEIGHT="22" WIDTH="18" VPOS="3445" HPOS="631"/>
<String CONTENT="1936." HEIGHT="49" WIDTH="150" VPOS="3443" HPOS="654"/>
</TextLine>
<TextLine HEIGHT="50" WIDTH="1663" VPOS="3511" HPOS="156" CS="1">
<String LANG="fr" CONTENT="2" HEIGHT="40" WIDTH="25" VPOS="3511" HPOS="156"/>
<SP HEIGHT="48" WIDTH="26" VPOS="3511" HPOS="182"/>
<String LANG="fr" CONTENT="p." HEIGHT="38" WIDTH="43" VPOS="3521" HPOS="209"/>
<SP/>
<String LANG="fr" CS="1" CONTENT="l.,"/>
<SP/>
<String LANG="fr" CONTENT="248" HEIGHT="42" WIDTH="85" VPOS="3511" HPOS="351"/>
<SP HEIGHT="48" WIDTH="24" VPOS="3511" HPOS="437"/>
<String LANG="fr" CONTENT="p.," HEIGHT="38" WIDTH="58" VPOS="3521" HPOS="462"/>
<SP HEIGHT="45" WIDTH="25" VPOS="3512" HPOS="521"/>
<String LANG="fr" CONTENT="1" HEIGHT="40" WIDTH="24" VPOS="3512" HPOS="547"/>
<SP HEIGHT="40" WIDTH="27" VPOS="3512" HPOS="572"/>
<String LANG="fr" CS="1" CONTENT="l." HEIGHT="6" WIDTH="6" VPOS="3545" HPOS="622"/>
<SP HEIGHT="39" WIDTH="60" VPOS="3513" HPOS="629"/>
<String LANG="fr" CONTENT="18" HEIGHT="42" WIDTH="54" VPOS="3512" HPOS="690"/>
<String LANG="en-US" CS="1" CONTENT="&#189;"/>
<String STYLE="superscript" LANG="fr" CONTENT="cm" HEIGHT="21" WIDTH="43" VPOS="3515" HPOS="778"/>
<String LANG="fr" CONTENT="." HEIGHT="7" WIDTH="8" VPOS="3545" HPOS="826"/>
<SP HEIGHT="48" WIDTH="70" VPOS="3513" HPOS="835"/>
<String LANG="en-US" CONTENT="(On" HEIGHT="49" WIDTH="98" VPOS="3512" HPOS="906"/>
<SP HEIGHT="30" WIDTH="26" VPOS="3523" HPOS="1005"/>
<String LANG="en-US" CS="1" CONTENT="cover;" HEIGHT="31" WIDTH="141" VPOS="3522" HPOS="1032"/>
<SP HEIGHT="43" WIDTH="23" VPOS="3511" HPOS="1195"/>
<String LANG="fr" CONTENT="A" HEIGHT="40" WIDTH="40" VPOS="3511" HPOS="1219"/>
<SP HEIGHT="42" WIDTH="26" VPOS="3511" HPOS="1260"/>
<String LANG="fr" CONTENT="ne" HEIGHT="30" WIDTH="60" VPOS="3523" HPOS="1287"/>
<SP HEIGHT="39" WIDTH="26" VPOS="3522" HPOS="1348"/>
<String LANG="fr" CONTENT="pas" HEIGHT="39" WIDTH="87" VPOS="3522" HPOS="1375"/>
<SP HEIGHT="41" WIDTH="29" VPOS="3512" HPOS="1463"/>
<String LANG="fr" CONTENT="lire" HEIGHT="42" WIDTH="88" VPOS="3512" HPOS="1493"/>
<SP HEIGHT="43" WIDTH="29" VPOS="3511" HPOS="1582"/>
<String LANG="fr" CONTENT="la" HEIGHT="42" WIDTH="46" VPOS="3511" HPOS="1612"/>
<SP HEIGHT="30" WIDTH="26" VPOS="3523" HPOS="1659"/>
<String LANG="fr" CONTENT="nuit)" HEIGHT="48" WIDTH="133" VPOS="3512" HPOS="1686"/>
</TextLine>
<TextLine HEIGHT="58" WIDTH="1993" VPOS="3568" HPOS="87" LANG="fr" CS="1">
<String CONTENT="&#169;" HEIGHT="53" WIDTH="53" VPOS="3573" HPOS="87"/>
<SP HEIGHT="53" WIDTH="31" VPOS="3573" HPOS="141"/>
<String CONTENT="Mar." HEIGHT="38" WIDTH="120" VPOS="3579" HPOS="173"/>
<SP HEIGHT="39" WIDTH="33" VPOS="3578" HPOS="294"/>
<String CONTENT="25," HEIGHT="48" WIDTH="68" VPOS="3578" HPOS="328"/>
<SP HEIGHT="48" WIDTH="33" VPOS="3578" HPOS="397"/>
<String CS="1" CONTENT="1936;" HEIGHT="42" WIDTH="113" VPOS="3577" HPOS="431"/>
<SP/>
<String CS="1" CONTENT="1c."/>
<SP/>
<String CONTENT="May" HEIGHT="46" WIDTH="114" VPOS="3580" HPOS="713"/>
<SP HEIGHT="46" WIDTH="31" VPOS="3580" HPOS="828"/>
<String CS="1" CONTENT="11;" HEIGHT="38" WIDTH="54" VPOS="3580" HPOS="860"/>
<SP HEIGHT="46" WIDTH="36" VPOS="3579" HPOS="942"/>
<!-- cceid A1F5AD80-6E3A-1014-83DD-942C093A1DD9 --><String CONTENT="A-" HEIGHT="39" WIDTH="101" VPOS="3579" HPOS="979"/>
<String LANG="en-US" CONTENT="Foreign" HEIGHT="48" WIDTH="207" VPOS="3578" HPOS="1082"/>
<SP HEIGHT="38" WIDTH="31" VPOS="3581" HPOS="1290"/>
<String CS="1" CONTENT="31730;" HEIGHT="41" WIDTH="147" VPOS="3578" HPOS="1322"/>
<SP HEIGHT="52" WIDTH="37" VPOS="3568" HPOS="1493"/>
<String CONTENT="&#201;ditions" HEIGHT="50" WIDTH="222" VPOS="3568" HPOS="1531"/>
<SP HEIGHT="40" WIDTH="34" VPOS="3579" HPOS="1754"/>
<String CONTENT="de" HEIGHT="40" WIDTH="59" VPOS="3579" HPOS="1789"/>
<SP HEIGHT="41" WIDTH="30" VPOS="3578" HPOS="1849"/>
<String CONTENT="France." HEIGHT="41" WIDTH="200" VPOS="3578" HPOS="1880"/>
</TextLine>
<TextLine HEIGHT="49" WIDTH="277" VPOS="3633" HPOS="169" LANG="fr">
<String CONTENT="(36-17422)" HEIGHT="49" WIDTH="277" VPOS="3633" HPOS="169"/>
</TextLine>
<TextLine HEIGHT="68" WIDTH="1031" VPOS="3733" HPOS="88" STYLEREFS="StyleId-26F512E5-4DDD-4D34-8539-AE48A3B1B0EA-" CS="1">
<String LANG="fr" CS="1" CONTENT="Bigelow," HEIGHT="67" WIDTH="274" VPOS="3733" HPOS="88"/>
<SP HEIGHT="63" WIDTH="25" VPOS="3737" HPOS="363"/>
<String LANG="fr" CONTENT="Howard" HEIGHT="53" WIDTH="254" VPOS="3737" HPOS="389"/>
<SP HEIGHT="52" WIDTH="29" VPOS="3738" HPOS="644"/>
<String LANG="en-US" CONTENT="French," HEIGHT="63" WIDTH="246" VPOS="3738" HPOS="674"/>
<SP HEIGHT="57" WIDTH="29" VPOS="3744" HPOS="921"/>
<String LANG="en-US" CONTENT="1896-" HEIGHT="49" WIDTH="168" VPOS="3743" HPOS="951"/>
</TextLine>
<TextLine HEIGHT="68" WIDTH="1919" VPOS="3813" HPOS="159" STYLEREFS="StyleId-779A8721-1BCB-4BC8-AE80-9009DD151B13-" CS="1">
<String CONTENT="Family" HEIGHT="65" WIDTH="226" VPOS="3813" HPOS="159"/>
<SP HEIGHT="64" WIDTH="37" VPOS="3814" HPOS="386"/>
<String LANG="fr" CS="1" CONTENT="finance;" HEIGHT="52" WIDTH="213" VPOS="3814" HPOS="424"/>
<SP HEIGHT="33" WIDTH="42" VPOS="3833" HPOS="667"/>
<String LANG="fr" CONTENT="a" HEIGHT="33" WIDTH="30" VPOS="3833" HPOS="710"/>
<SP HEIGHT="34" WIDTH="37" VPOS="3832" HPOS="741"/>
<String CONTENT="study" HEIGHT="66" WIDTH="170" VPOS="3814" HPOS="779"/>
<SP HEIGHT="66" WIDTH="36" VPOS="3814" HPOS="950"/>
<String CONTENT="in" HEIGHT="51" WIDTH="58" VPOS="3814" HPOS="987"/>
<SP HEIGHT="46" WIDTH="36" VPOS="3819" HPOS="1046"/>
<String CONTENT="the" HEIGHT="51" WIDTH="95" VPOS="3815" HPOS="1083"/>
<SP HEIGHT="34" WIDTH="36" VPOS="3833" HPOS="1179"/>
<String CONTENT="economics" HEIGHT="53" WIDTH="309" VPOS="3814" HPOS="1216"/>
<SP HEIGHT="35" WIDTH="37" VPOS="3831" HPOS="1526"/>
<String CONTENT="of" HEIGHT="52" WIDTH="63" VPOS="3814" HPOS="1564"/>
<SP HEIGHT="52" WIDTH="37" VPOS="3814" HPOS="1628"/>
<String CONTENT="consumption," HEIGHT="68" WIDTH="412" VPOS="3813" HPOS="1666"/>
</TextLine>
<TextLine HEIGHT="69" WIDTH="1926" VPOS="3889" HPOS="91" STYLEREFS="StyleId-779A8721-1BCB-4BC8-AE80-9009DD151B13-" CS="1">
<String CONTENT="by" HEIGHT="65" WIDTH="71" VPOS="3889" HPOS="91"/>
<SP HEIGHT="63" WIDTH="26" VPOS="3891" HPOS="163"/>
<String CONTENT="Howard" HEIGHT="52" WIDTH="255" VPOS="3891" HPOS="190"/>
<SP HEIGHT="52" WIDTH="26" VPOS="3891" HPOS="446"/>
<String CONTENT="F." HEIGHT="49" WIDTH="63" VPOS="3893" HPOS="473"/>
<SP HEIGHT="50" WIDTH="30" VPOS="3893" HPOS="537"/>
<String CONTENT="Bigelow" HEIGHT="64" WIDTH="255" VPOS="3892" HPOS="568"/>
<SP HEIGHT="31" WIDTH="35" VPOS="3912" HPOS="824"/>
<String CS="1" CONTENT="&#8230;"/>
<SP HEIGHT="33" WIDTH="32" VPOS="3911" HPOS="916"/>
<String CONTENT="edited" HEIGHT="53" WIDTH="188" VPOS="3891" HPOS="949"/>
<SP HEIGHT="52" WIDTH="27" VPOS="3891" HPOS="1138"/>
<String CONTENT="by" HEIGHT="66" WIDTH="75" VPOS="3892" HPOS="1166"/>
<SP HEIGHT="65" WIDTH="28" VPOS="3893" HPOS="1242"/>
<String CONTENT="Benjamin" HEIGHT="66" WIDTH="307" VPOS="3891" HPOS="1271"/>
<SP HEIGHT="52" WIDTH="26" VPOS="3892" HPOS="1579"/>
<String CONTENT="R." HEIGHT="52" WIDTH="68" VPOS="3892" HPOS="1606"/>
<SP HEIGHT="52" WIDTH="27" VPOS="3891" HPOS="1675"/>
<String CONTENT="Andrews" HEIGHT="53" WIDTH="280" VPOS="3891" HPOS="1703"/>
<SP HEIGHT="34" WIDTH="33" VPOS="3910" HPOS="1984"/>
<String CS="1" CONTENT="&#8230;"/>
</TextLine>
<TextLine HEIGHT="71" WIDTH="1826" VPOS="3965" HPOS="91" STYLEREFS="StyleId-779A8721-1BCB-4BC8-AE80-9009DD151B13-" CS="1">
<String LANG="en-US" CONTENT="Chicago," HEIGHT="68" WIDTH="265" VPOS="3965" HPOS="91"/>
<SP HEIGHT="54" WIDTH="35" VPOS="3970" HPOS="357"/>
<String LANG="en-US" CONTENT="Philadelphia," HEIGHT="68" WIDTH="426" VPOS="3967" HPOS="393"/>
<SP HEIGHT="64" WIDTH="33" VPOS="3970" HPOS="820"/>
<String LANG="fr" CONTENT="J." HEIGHT="52" WIDTH="54" VPOS="3970" HPOS="854"/>
<SP HEIGHT="52" WIDTH="36" VPOS="3970" HPOS="909"/>
<String LANG="fr" CONTENT="B." HEIGHT="51" WIDTH="66" VPOS="3970" HPOS="946"/>
<SP HEIGHT="51" WIDTH="36" VPOS="3970" HPOS="1013"/>
<String LANG="fr" CONTENT="Lippincott" HEIGHT="68" WIDTH="337" VPOS="3968" HPOS="1050"/>
<SP HEIGHT="47" WIDTH="34" VPOS="3974" HPOS="1388"/>
<String LANG="en-US" CONTENT="company" HEIGHT="49" WIDTH="278" VPOS="3987" HPOS="1423"/>
<SP HEIGHT="48" WIDTH="41" VPOS="3988" HPOS="1702"/>
<String LANG="en-US" CS="1" CONTENT="["/>
<String STYLE="superscript" LANG="ru" CONTENT="c" HEIGHT="21" WIDTH="17" VPOS="3975" HPOS="1762"/>
<String LANG="ru" CS="1" CONTENT="1936]" HEIGHT="50" WIDTH="132" VPOS="3972" HPOS="1785"/>
</TextLine>
</TextBlock>
</PrintSpace>
</Page>
</Layout>
</alto>