2519 4377
1006 4088 101 53 487

71 438 249 54 Florida.
395 441 164 51 Laws
567 482 10 23 ,
603 446 238 46 statutes
848 482 11 24 ,
886 445 99 47 etc.

140 518 342 50 Permanent
540 516 342 52 cumulative
940 516 357 68 supplement
1358 522 57 47 to
1478 517 298 67 Compiled
1836 513 229 70 general

68 593 137 53 laws
229 594 62 50 of
314 594 254 65 Florida,
592 595 326 65 embracing
941 595 386 52 amendments
1353 595 112 52 and
1489 594 288 53 additions
1802 593 164 53 made
1989 591 75 69 by

69 672 93 50 the
191 671 353 66 Legislature
574 680 56 45 at
660 672 94 51 the
784 672 228 65 regular
1041 671 237 54 sessions
1307 673 63 51 of
1404 675 150 61 1929,
1584 675 151 62 1931,
1768 674 151 62 1933,
1951 670 111 52 and

73 752 149 61 1935,
256 749 111 52 and
405 755 55 45 at
496 750 95 52 the
626 750 438 65 extraordinary
1101 749 236 52 sessions
1373 749 61 51 of
1473 752 131 48 1929
1643 749 111 52 and
1793 751 151 63 1931,
68 753 1971 138 together

301 826 138 51 with
477 827 272 66 complete
790 827 361 52 annotations
1188 826 152 52 from
1378 828 94 51 the
1509 826 239 67 judicial
1787 824 277 54 decisions

69 904 297 51 contained
397 904 58 50 in
484 906 250 51 volumes
765 907 205 48 94-120
1000 904 237 52 Florida
1268 909 238 63 reports,
1540 906 237 50 114-165
1810 903 81 68 (p.
1926 903 127 68 656)

70 981 284 54 Southern
383 988 272 61 reporter,
686 982 169 53 26-79
886 983 239 52 Federal
1158 987 273 62 reporter,
1462 983 218 54 Second
1710 982 185 66 series,
1929 984 135 49 1-12

68 1060 238 51 Federal
339 1060 376 66 supplement,
745 1060 240 52 275-295
1018 1058 215 56 United
1267 1060 186 54 States
1485 1066 239 61 reports,
1753 1064 170 49 48-55
67 1059 1972 144 Supreme

293 1144 162 46 court
490 1142 271 62 reporter.
840 1136 317 68 Compiled,
1194 1138 324 66 annotated,
1557 1138 112 52 and
1706 1137 244 53 indexed
1989 1138 74 67 by

68 1216 196 63 Harry
296 1216 66 51 B.
395 1214 312 66 Skillman;
741 1215 290 67 approved
1061 1215 74 66 by
1166 1216 191 53 James
1391 1217 65 51 B.
1484 1213 301 57 Whitfield
1820 1258 55 9 ...
68 1215 1970 129 volumes
261 1295 113 49 1-2.

450 1292 1293 68 Atlanta, The Harrison company [ c 1936]
140 1364 300 42 2 v . 26½ cm .
68 1431 52 52 ©
150 1436 112 45 Apr.
293 1434 69 48 23,
393 1434 111 40 1936;
564 1434 66 40 2c.
663 1434 116 41 each
811 1435 112 46 Apr.
955 1434 55 39 24;
1072 1434 81 40 aff.
1186 1435 112 47 Apr.
1330 1435 54 39 25;
1447 1436 40 37 A
1517 1434 145 41 93792;
1724 1434 238 40 Harrison
1997 1446 67 29 co.

69 1553 297 65 Franklin,
400 1551 334 66 Benjamin,
771 1554 322 53 1706-1790.

142 1672 56 9 ...
244 1629 304 68 Benjamin
586 1630 300 53 Franklin.
962 1632 399 52 Introduction
1401 1649 104 49 par
1542 1632 160 53 Jules
1739 1633 323 67 Dechamps

72 1708 1317 69 ... Paris, La Renaissance du livre [ 1935]
139 1780 85 40 206
252 1791 56 37 p.,
334 1782 23 38 1
384 1781 29 40 1.
473 1779 148 41 front,
650 1779 173 48 (port.)
891 1780 55 40 17½
979 1783 43 20 cm
1028 1812 9 8 .
1107 1779 114 48 (Les
1248 1784 108 38 cent
1382 1781 367 40 chefs-d’œuvre
1778 1780 277 51 étrangers)

138 1847 236 48 Excerpts
415 1845 128 41 from
588 1856 27 29 a
661 1845 294 41 translation
1001 1845 52 39 of
1097 1845 280 42 Franklin’s
1420 1846 159 42 works
1624 1847 60 48 by
1732 1836 229 53 Édouard
2006 1848 61 42 de

70 1901 275 47 Laboulaye
386 1901 179 48 (Paris,
599 1900 218 41 1866-67.
876 1902 26 38 4
935 1901 67 46 v.)
1072 1902 61 47 cf.
1165 1912 42 36 p.
1239 1901 83 47 32;
1355 1902 197 47 Lorenz,
1587 1904 32 38 t.
1654 1901 38 41 5.

140 1957 419 48 “Bibliographie”;
618 1968 44 37 p.
692 1958 157 42 33-36.

416 2037 59 5 CONTENTS.—
477 2013 270 41 Mémoires.
749 2037 59 5 —
812 2013 437 49 Correspondance.
1251 2037 59 5 —
1313 2014 168 41 Essais
1518 2016 59 38 de
1612 2016 183 39 morale
1831 2018 47 38 et
69 2015 1976 96 d’économie
255 2070 246 49 politique.

67 2137 1996 52 © Oct. 20, 1935; 1c. Feb. 17, 1936; A- Foreign 30513; Renaissance du
138 2198 133 39 livre.
341 2198 248 48 (36-9287)

67 2302 192 64 Frost,
286 2302 304 64 Holloway
616 2302 305 63 Halstead,
951 2308 323 49 1889-1935.

137 2379 119 51 The
279 2377 177 54 battle
482 2378 64 54 of
569 2379 360 68 Jutland, by
953 2381 305 66 Holloway
1283 2381 75 53 H.
1388 2382 167 52 Frost
1587 2426 55 8 ...
1724 2381 337 67 Annapolis,

68 2456 136 67 Md.,
243 2457 212 53 United
495 2456 188 56 States
718 2459 167 50 naval
921 2457 287 67 institute;
1247 2460 255 64 London,
1538 2461 65 50 B.
1643 2460 62 50 F.
1746 2458 236 55 Stevens
2017 2463 44 50 &

68 2537 226 64 Brown,
325 2534 238 65 limited,
597 2540 149 49 1936.

138 2606 83 41 xiv
253 2617 57 38 p.,
343 2607 26 40 3
399 2607 44 47 1.,
476 2607 83 40 571
591 2617 42 38 p.
694 2606 129 41 illus.
852 2608 185 47 (maps)
1076 2608 169 47 plates,
1280 2610 163 46 ports.,
1477 2608 179 48 diagrs.
1717 2608 54 40 23½
1804 2610 43 22 cm
1854 2641 8 8 .

137 2663 348 49 Bibliography;
545 2675 42 37 p.
636 2664 234 50 [543]-554.

67 2730 53 53 ©
150 2736 120 39 Mar.
300 2734 69 47 25,
401 2733 141 47 1936;
574 2734 67 41 2c.
673 2736 112 47 Apr.
817 2735 82 41 20;
933 2734 82 41 aff.
1046 2736 113 46 Apr.
1190 2736 54 39 17;
1302 2736 41 38 A
1374 2735 171 46 94064;
1580 2736 53 39 U.
1670 2736 44 40 S.
1748 2738 144 37 naval
136 2735 1907 98 institute.
318 2790 249 49 (36-9291)

66 2893 546 65 Funck-Brentano,
642 2896 236 63 Frantz,
912 2902 170 48 1862-

141 2972 1913 69 ... La belle Hélène, reine de Sparte. Paris, A. Michel [ c 1935]
136 3045 84 39 250
251 3057 41 36 p.,
339 3045 30 39 2
416 3078 8 7 l.
482 3046 53 38 15
539 3048 43 20 cm
589 3078 7 7 .
668 3046 113 46 (Les
812 3046 207 46 grandes
1052 3045 331 49 pécheresses)

137 3103 60 38 At
234 3103 123 38 head
392 3102 53 38 of
477 3102 109 40 title;
650 3101 449 41 Funck-Brentano.

135 3157 417 49 “Bibliographie”;
616 3169 43 37 p.
694 3158 216 41 247-250.

66 3210 1992 52 © Nov. 23, 1935; 1c. Feb. 17, 1936; A-Foreign 30720; Albin Michel.
147 3271 249 47 (36-9246)

67 3372 185 63 Funk,
281 3374 243 53 Charles
552 3374 191 63 Earle,
775 3380 169 48 1881-

133 3450 222 53 What’s
384 3451 93 51 the
507 3469 180 40 name,
717 3452 220 65 please?
1015 3454 55 50 A
1099 3451 170 66 guide
1300 3456 57 47 to
1387 3452 94 52 the
1513 3460 212 46 correct
68 3451 1963 128 pronunciation
256 3527 63 52 of

351 3533 227 48 current
609 3528 324 67 prominent
968 3548 207 44 names,
1208 3529 74 67 by
1316 3529 235 54 Charles
1585 3529 172 53 Earle
1790 3529 169 52 Funk
1998 3572 56 9 ...

124 3624 80 33 New
239 3606 160 52 York
431 3607 111 51 and
575 3608 257 61 London,
867 3607 168 51 Funk
1068 3611 43 49 &
1145 3607 298 67 Wagnalls
1476 3626 296 48 company,
1808 3610 148 49 1936.

173 3678 445 47 x. 11-176 p. 20 cm .
70 3729 52 52 ©
154 3735 112 45 May
298 3733 67 47 19,
399 3733 113 41 1936;
573 3735 67 41 2c.
675 3736 94 38 and
804 3735 81 40 aff.
921 3736 112 47 May
1067 3734 81 43 29;
1184 3736 39 38 A
1257 3734 170 47 94670;
1464 3735 140 40 Funk
1639 3735 36 39 &
1707 3736 249 46 Wagnalls
1991 3746 68 30 co.

70 3890 166 51 Funk
266 3891 49 52 &
340 3892 301 63 Wagnalls
669 3911 121 33 new
817 3893 273 51 standard
1121 3893 395 66 encyclopedia;
1577 3911 189 34 course
1796 3894 62 51 of
1887 3892 171 66 study

138 3969 111 50 and
284 3969 185 54 index,
502 3971 279 65 prepared
813 3971 179 51 under
1026 3971 93 51 the
1154 3969 264 53 editorial
1453 3969 274 54 direction
1764 3971 61 51 of
1862 3970 196 52 Frank
