2519 4377
1050 4087 98 53 803

185 540 85 41 256
298 551 68 37 p..
404 540 144 40 19½cm.

115 610 52 53 ©
206 614 125 42 June
365 613 73 47 25,
478 613 138 42 1936;
659 613 66 40 2c.
766 615 94 38 and
903 613 79 40 aff.
1024 614 125 41 June
1188 613 81 45 26;
1312 613 40 39 A
1389 611 171 46 96205;
1605 612 251 40 Elizabeth
1897 612 206 41 Carfrae

183 670 231 46 Cradock,
440 670 189 47 Hadley
654 671 164 45 Wood,
843 669 282 47 Middlesex,
1150 670 234 46 England.
1447 668 280 49 (36-13459)

114 772 281 64 Chassell,
426 772 170 55 Clara
626 773 275 61 Frances,
933 778 168 50 1893-

185 849 119 52 The
335 847 239 54 relation
604 849 248 52 between
882 848 269 67 morality
1185 847 112 53 and
1329 846 278 68 intellect;
1642 864 31 35 a
1704 846 398 68 compendium

114 925 63 54 of
216 924 261 55 evidence
515 924 358 54 contributed
914 926 72 68 by
1028 924 367 70 psychology,
1435 922 391 70 criminology,
1866 923 111 54 and
113 941 1964 131 sociology,

377 1003 72 68 by
480 1003 166 55 Clara
679 1004 244 52 Frances
952 1003 253 55 Chassell
1238 1046 55 9 ...
1372 1001 136 53 New
1541 1001 160 53 York
1728 1001 132 68 city,
113 1002 1964 132 Teachers
228 1081 227 68 college,
487 1079 294 55 Columbia
814 1079 334 69 university,
1182 1081 147 53 1935.

114 1160 1967 105 xviii p., 2 l., 3-556 p. tables (1 fold.) 23½ cm . (Teachers college, Columbia university. Contributions to education, no. 607)
182 1289 168 38 Issued
384 1289 101 39 also
519 1298 53 30 as
608 1288 149 40 thesis
800 1288 107 48 (PH.
973 1289 34 46 D.)
1048 1288 248 42 Columbia
1334 1289 284 46 university.

182 1344 129 40 “The
346 1344 296 49 publication
681 1345 51 39 of
769 1346 80 39 the
889 1346 222 39 research
1151 1347 220 46 reported
1410 1346 48 39 in
1498 1346 96 39 this
1632 1345 187 41 volume
1860 1355 96 29 was
113 1356 1969 84 provided
283 1399 78 40 for
391 1399 48 40 in
469 1402 110 46 part
608 1401 61 47 by
701 1411 24 30 a
760 1403 143 45 grant
932 1400 127 41 from
1092 1402 80 40 the
1206 1401 156 41 Social
1394 1403 185 39 science
1611 1403 221 38 research
1868 1401 228 41 council.”

183 1456 128 41 “The
346 1487 47 9 ...
430 1458 230 47 abridged
695 1457 176 41 review
904 1458 50 39 of
986 1458 457 40 non-correlational
1475 1459 185 40 studies
1692 1459 50 39 of
1776 1459 82 39 the
1891 1459 207 40 relation

112 1513 211 40 between
356 1514 316 47 delinquency
705 1515 94 39 and
831 1515 180 39 mental
1044 1514 279 48 inferiority
1360 1515 240 48 [Chapters
1680 1525 72 40 IV-V]
1786 1515 41 39 is
1860 1515 145 39 based
2041 1525 56 29 on

111 1579 27 30 a
176 1569 194 40 tabular
406 1571 175 39 review
617 1570 52 39 of
704 1569 457 41 non-correlational
1195 1571 186 41 studies
1416 1571 50 39 of
1505 1571 98 41 this
1641 1570 319 50 relationship
111 1581 1971 86 presented
312 1627 47 39 in
394 1637 27 29 a

457 1629 225 46 separate
716 1627 310 48 monograph,
1064 1628 202 40 entitled
1305 1628 52 39 ‘A
1394 1627 327 49 comparative
1756 1630 144 46 study
1937 1628 51 39 of
111 1629 1971 101 delinquents
386 1684 93 39 and
513 1682 584 49 non-delinquents’.”—p.
1130 1682 68 41 20.

183 1739 245 41 “Selected
462 1739 363 49 bibliography”;
887 1751 42 37 p.
960 1740 215 40 538-550.

108 1809 54 53 ©
189 1815 110 40 Dec.
328 1812 68 48 26,
423 1811 114 42 1935;
594 1813 67 41 2c.
690 1814 128 39 June
843 1812 39 48 9,
911 1812 140 42 1936;
1083 1812 81 41 aff.
1195 1813 128 40 June
1348 1813 53 44 8;
1433 1813 38 38 A
1500 1812 170 46 94808;
1705 1813 145 41 Clara
1881 1810 221 43 Chassell

179 1870 196 48 Cooper,
400 1871 138 39 West
560 1869 210 47 Liberty,
798 1871 69 38 W.
939 1880 42 29 Va.
1045 1869 279 48 (36-13334)

109 1972 324 65 Chevalier,
459 1973 228 63 Stuart,
716 1973 170 54 1879-

180 2049 52 52 A
270 2048 242 54 window
548 2067 71 36 on
656 2048 353 68 Broadway;
1050 2067 31 34 a
1118 2048 227 67 journal
1383 2047 63 55 of
1483 2048 312 53 occasional
1832 2053 158 48 notes
2028 2066 73 35 on

110 2126 112 53 this
259 2131 227 64 present
519 2142 161 38 scene
716 2127 116 63 and,
862 2126 155 53 what
1052 2144 132 50 may
1218 2126 75 54 lie
1329 2125 241 69 beyond,
1605 2126 75 67 by
1718 2125 201 56 Stuart

110 2126 1965 132 Chevalier.
368 2206 232 67 Boston,
631 2205 190 68 Mass.,
851 2204 123 54 The
1005 2204 243 56 Sherrill
1281 2222 174 51 press,
1487 2207 150 50 1936.

176 2293 96 49 xiv,
298 2293 86 41 304
408 2305 58 37 p.,
493 2294 23 39 1
544 2294 30 40 1.
628 2293 149 42 front.
833 2293 55 39 24
892 2295 43 22 cm
940 2325 8 9 .

182 2365 262 48 “Excerpts
481 2364 125 41 from
643 2374 28 30 a
710 2364 196 47 journal
941 2365 113 48 kept
1091 2365 213 40 between
1342 2364 112 48 May
1492 2365 95 39 and
1626 2363 217 48 October,
1883 2363 219 41 1932.”—

110 2421 268 42 Foreword.

109 2489 52 52 ©
190 2493 125 39 June
345 2492 39 49 6,
414 2491 113 41 1936;
584 2491 66 41 2c.
682 2493 125 39 June
835 2491 55 40 20;
950 2491 81 40 aff.
1061 2492 127 40 June
1217 2491 55 40 19;
1331 2492 42 38 A
1402 2490 142 41 96062;
1606 2492 43 40 S.
1682 2491 269 47 Chevalier,
1983 2492 117 38 New

178 2550 142 39 York.
388 2548 278 48 (36-13325)

108 2651 543 65 Chevallier-Vérel,
679 2654 152 51 Mme
837 2694 9 10 .

180 2727 330 67 Sculptures
542 2729 76 52 du
648 2729 193 52 Musée
872 2728 66 53 de
971 2728 323 67 l’Acropole;
1356 2727 77 54 les
1467 2728 330 66 archaïques;
1860 2733 150 47 texte
2046 2735 52 46 et

110 2806 211 53 notices
355 2824 105 48 par
494 2824 53 31 mme
643 2804 518 54 Chevallier-Vérel
1202 2848 55 9 ...
1360 2803 182 67 [Paris]
1582 2805 62 51 L.
1686 2803 174 54 Carré
1902 2805 191 65 [c1936]

111 2876 1968 110 4 p. l., XXXIV pl. on 16 1. 32 ½ × 25 cm . [L'art des grandes civilisations. 1]
179 3007 170 40 Issued
379 3005 50 41 in
460 3006 244 49 portfolio.

108 3074 1754 53 © Jan. 28, 1936; 1c. Apr. 9; A- Foreign 31345; Louis Carré.
186 3134 278 48 (36-13491)

108 3236 217 64 Childs,
351 3238 287 52 Harwood
665 3238 331 61 Lawrence,
1024 3241 168 50 1898-
1423 3236 83 54 ed.

185 3354 54 11 ...
276 3314 380 66 Propaganda
694 3312 107 53 and
839 3311 406 70 dictatorship;
1283 3332 29 34 a
1346 3312 295 54 collection
1674 3312 62 53 of
1770 3331 224 50 papers,
2027 3312 69 69 by

115 3391 155 53 Fritz
313 3391 271 53 Morstein
631 3391 168 52 Marx
847 3434 54 9 ...
946 3392 217 52 Arnold
1212 3393 55 51 J.
1311 3391 244 54 Zürcher
1602 3434 55 9 ...
1705 3393 260 51 Bertram
2010 3393 89 51 W.

111 3468 265 53 Maxwell
413 3511 54 9 ...
528 3470 111 51 [and
671 3469 206 67 others]
914 3470 187 53 edited
1133 3470 75 67 by
1240 3469 290 53 Harwood
1564 3470 300 52 Lawrence
1897 3469 200 54 Childs

117 3589 53 9 ...
214 3547 136 51 with
388 3567 27 32 a
458 3547 281 53 foreword
778 3548 72 68 by
887 3548 236 54 DeWitt
1162 3548 228 54 Clinton
1430 3549 174 52 Poole
1644 3591 54 9 ...
1776 3548 323 68 Princeton,

113 3625 65 51 N.
205 3625 74 66 J.,
307 3624 303 53 Princeton
639 3626 314 67 university
988 3645 171 49 press,
1185 3630 147 49 1936.

181 3698 733 49 vi p., 2 l., [3]-353 p. 23½ cm .
183 3754 62 40 At
272 3755 121 39 head
423 3755 51 39 of
502 3754 106 41 title;
668 3755 254 41 Princeton
952 3754 269 48 university;
1281 3757 166 40 School
1480 3756 51 41 of
1560 3755 159 49 public
1748 3755 186 41 affairs.

458 3811 412 42 CONTENTS.—Introduction,
896 3814 59 45 by
987 3814 58 39 H.
1073 3814 50 38 L.
1154 3812 383 42 Childs.—State
1566 3814 311 47 propaganda
1907 3813 48 39 in
114 3813 1968 100 Germany,
316 3867 59 46 by
424 3867 49 39 F.
521 3868 230 39 Morstein
801 3869 356 39 Marx.—State
1202 3870 309 46 propaganda
1560 3869 48 39 in
1657 3870 131 47 Italy.
1846 3870 60 46 by
1953 3870 52 39 A.
2054 3870 43 41 J.

114 3922 220 40 Zurcher.
340 3923 278 40 —Political
644 3927 307 43 propaganda
979 3925 45 39 in
1049 3925 152 38 soviet
1226 3924 191 40 Russia,
1439 3926 60 45 by
1522 3926 53 38 B.
1599 3926 72 39 W.
1695 3925 405 41 Maxwell.—The

114 3977 229 49 ideologic
378 3979 314 42 foundations
726 3981 50 40 of
812 3983 79 38 the
927 3981 256 41 Danuhian
1218 3981 361 53 dictatorships,
1615 3983 59 48 by
1706 3982 149 42 Oscar
1892 3982 209 42 Jâszi.—
