2519 4377
1316 4117 99 49 612

423 525 1350 50 xviii, 501 p. illus., 64 pl. on 32 l., diagrs. 23½cm.
352 595 53 53 ©
433 601 114 45 May
574 600 40 47 5,
643 598 141 47 1936;
815 599 67 40 2c.
912 600 113 47 May
1054 600 25 39 8;
1135 598 81 41 aff.
1247 601 113 46 May
1388 598 53 47 9;
1473 600 41 38 A
1541 599 171 48 94353;
1745 597 286 52 University
2059 600 52 40 of
2140 599 225 49 Chicago,

424 656 223 48 Chicago.
717 655 282 49 (36-10420)

351 761 291 65 Dearden,
671 760 241 65 Harold,
944 766 171 50 1882-

420 849 265 54 Devilish
717 848 105 55 but
850 855 126 49 true;
1037 851 95 53 the
1162 850 198 53 doctor
1391 849 158 55 looks
1579 855 60 49 at
1671 848 399 71 spiritualism,
2103 851 73 69 by
349 851 1991 131 Harold
474 929 269 54 Dearden;
805 927 143 56 with
976 932 30 52 8
1036 928 397 55 illustrations.
1500 928 261 69 London,
1790 928 370 56 Hutchinson
2190 931 46 52 &
2266 947 101 50 co.,

350 1007 102 56 ltd.
490 1010 174 67 [1936]

419 1095 86 44 288
531 1108 43 38 p.
635 1097 165 45 front.,
829 1096 172 49 plates,
1030 1099 165 50 ports.,
1224 1096 154 48 diagr.
1438 1094 148 43 22½cm.

354 1166 2013 54 © 1c. May 9, 1936; A ad int. 21404; pubd. Mar. 12; H. Dearden, London.
434 1228 283 48 (36-11043)

353 1331 85 52 De
468 1332 203 64 Camp,
697 1332 155 54 John
878 1331 234 64 Taylor,
1144 1337 172 50 1895-

356 1420 1988 150 Automotive transportation for the military service, by Captain John T. de Camp … and 1st Lieut. Lew M. Morton …
355 1579 1910 72 reviewed and approved by Professor Erwin H. Hamilton …
353 1662 406 69 Washington,
790 1662 72 52 D.
898 1660 81 69 C.,
1011 1662 121 52 The
1167 1660 176 55 Coast
1373 1660 262 70 artillery
1667 1660 250 70 journal,
1951 1664 151 51 1936.

421 1749 874 52 3 p. l., 281 p. illus., diagrs. 23½cm.
419 1822 161 41 “First
615 1821 200 49 edition,
851 1821 238 48 January,
1125 1819 158 42 1936.”

427 1877 351 43 “References”
806 1880 51 38 at
884 1879 91 39 end
1002 1878 52 40 of
1078 1878 202 47 chapter
1306 1887 60 30 on
1396 1876 378 49 “Organization
1802 1878 52 40 of
1879 1889 28 29 a
1934 1880 160 40 motor
2118 1881 255 47 transport

349 1935 152 50 pool”.

356 2004 53 53 ©
436 2009 109 39 Jan.
574 2007 70 46 14,
672 2006 141 45 1936;
840 2006 68 41 2c.
937 2007 123 38 Mar.
1088 2006 52 45 5;
1172 2005 82 40 aff.
1284 2005 122 40 Mar.
1434 2004 54 40 12;
1547 2005 41 39 A
1615 2004 144 41 93197;
1819 2006 55 40 U.
1907 2007 45 42 S.
1982 2009 136 38 coast
2144 2006 226 50 artillery

428 2076 142 37 assn.,
609 2063 339 48 Washington.
1026 2062 282 49 (36-10457)

355 2170 178 63 Earp,
561 2166 231 56 Wilbur
819 2168 83 65 F.,
935 2172 172 50 1863-

426 2261 122 53 The
581 2260 158 53 Lord
774 2261 384 65 Paramount;
1196 2278 32 33 a
1263 2257 206 54 review
1504 2258 64 54 of
1602 2263 374 64 government
2008 2260 59 52 in
2105 2259 266 55 America

357 2339 73 70 by
466 2345 99 49 tax
601 2338 317 70 oligarchy,
948 2338 76 68 by
1058 2336 231 56 Wilbur
1323 2338 67 53 F.
1427 2337 178 68 Earp.
1679 2337 140 54 New
1856 2338 183 67 York,
2075 2339 121 54 The
2234 2339 132 54 Dial

357 2438 173 50 press,
558 2417 130 68 inc.,
717 2420 151 51 1936.

428 2504 669 52 xiii p., 2 l., 104 p. 19½cm.
359 2573 53 54 ©
440 2578 112 40 Feb.
580 2576 70 49 27,
679 2576 115 41 1936;
851 2576 69 40 2c.
949 2577 101 39 and
1075 2575 83 40 aff.
1188 2577 114 47 May
1331 2575 56 40 14;
1445 2576 41 39 A
1514 2576 145 40 94417;
1718 2577 71 40 W.
1821 2577 49 39 F.
1904 2579 145 48 Earp,
2077 2579 120 40 New
2225 2579 145 41 York.

443 2633 283 50 (36-10107)

359 2739 324 64 Edgerton,
711 2740 139 52 Mrs.
881 2735 164 57 Alice
1079 2735 240 68 (Craig)
1358 2739 171 55 1874-

430 2828 163 53 More
623 2827 262 68 speeches
918 2827 113 53 and
1064 2825 200 55 stories
1299 2826 95 53 for
1425 2844 169 50 every
1627 2826 276 69 occasion,
1935 2846 123 34 new
2092 2829 277 68 speeches,

363 2903 2004 72 by A. C. Edgerton … New York, Noble and Noble, inc.
365 2987 193 66 [c1936]

433 3068 810 50 viii p., 1 l., 461 p. illus. 21cm.
361 3138 55 54 ©
449 3143 122 40 Mar.
610 3143 39 48 5,
688 3141 140 48 1936;
869 3142 68 40 2c.
977 3143 114 47 May
1128 3142 83 46 11;
1252 3141 83 41 aff.
1374 3143 116 46 May
1526 3141 82 47 16;
1650 3141 40 40 A
1729 3142 172 47 94481;
1941 3143 151 39 Noble
2132 3143 36 40 &
2205 3143 165 47 Noble,

430 3200 290 49 publishers,
748 3200 90 39 inc.
905 3198 281 49 (36-10484)

360 3303 307 64 Edwards,
692 3303 205 54 James
922 3302 67 55 G.

436 3389 1933 70 F corridor, by James G. Edwards … Garden City, N. Y.,
364 3470 141 53 Pub.
545 3470 94 52 for
677 3470 97 53 the
813 3468 191 56 Crime
1043 3468 147 67 club,
1230 3469 125 66 inc.,
1393 3468 74 67 by
1507 3466 357 70 Doubleday,
1902 3467 200 54 Doran
2141 3470 45 49 &
362 3487 1980 129 company,
564 3548 127 65 inc.,
723 3550 150 51 1936.

431 3617 538 50 5 p. l., 275 p. 20cm.
432 3675 164 41 “First
632 3674 229 42 edition.”

361 3745 53 54 ©
443 3750 112 48 May
584 3749 39 47 8,
653 3749 141 47 1936;
826 3749 68 41 2c.
923 3750 95 39 and
1048 3749 83 42 aff.
1163 3750 113 45 May
1306 3748 82 47 14;
1420 3748 41 39 A
1489 3747 147 40 94557;
1693 3748 302 48 Doubleday,
2026 3749 166 39 Doran
2223 3748 37 40 &
2288 3758 66 30 co.,

431 3806 91 41 inc.
593 3806 282 49 (36-10494)

358 3909 123 52 The
518 3908 387 66 Fortnightly.
999 3927 87 35 no.
1128 3912 118 63 834,
1282 3926 122 36 new
1439 3908 187 65 series,
1662 3908 169 66 June,
1871 3910 151 50 1936.

361 3991 2007 54 © 1c. June 5, 1936; A ad int. 21503; pubd. June 1; Fortnightly review,
431 4054 99 47 ltd.,
560 4054 213 41 London.
