2519 4377
1005 4129 130 47 1199

91 492 290 63 Reinfeld,
409 492 169 52 Fred.

161 566 162 53 Book
357 565 63 54 of
450 566 95 53 the
579 566 258 54 Warsaw
873 569 134 49 1935
1040 565 406 54 international
1481 566 155 54 chess
1668 572 148 47 team
91 570 1966 141 tournament,

282 643 1802 69 by Fred Reinfeld and Harold M. Phillips … New York,
94 720 822 69 Black knight press [ c 1936]
160 793 97 45 xix,
289 792 173 42 21-180
491 803 43 37 p.
594 794 128 40 illus.
780 793 55 40 21
840 796 43 21 cm
887 825 9 9 .
960 794 113 49 [The
1105 795 198 39 modern
1337 794 138 40 chess
1507 793 200 47 library,
1767 803 41 30 v.
1844 793 25 41 51

163 849 224 41 “Edition
415 850 285 40 authorized
725 850 61 47 by
811 851 82 39 the
918 850 228 40 National
1177 851 137 39 chess
1340 849 320 41 federation.”

93 918 53 54 ©
176 922 114 47 July
320 922 69 47 20,
421 921 139 41 1936:
594 923 65 37 2c.
692 922 115 47 July
838 923 82 47 29;
957 922 81 41 aff.
1070 923 115 47 July
1216 923 83 47 31;
1334 924 40 38 A
1404 922 171 49 98015;
1608 924 52 40 F.
1693 923 241 49 Reinfeld,
1968 925 118 38 New

160 980 144 40 York.
369 979 279 49 (36-18996)

89 1082 167 65 Ross,
284 1083 305 64 Margaret
615 1082 210 64 Isabel,
855 1084 170 54 1897-

160 1159 215 67 Kaga’s
409 1160 250 67 brother,
700 1179 30 33 a
771 1164 156 63 story
966 1159 64 54 of
1067 1160 97 52 the
1203 1159 359 68 Chippewas,
1601 1160 74 67 by
1716 1161 78 51 M.
1835 1162 48 51 I.
1926 1162 158 52 Ross.

91 1237 137 53 New
264 1237 162 53 York
458 1238 111 52 and
605 1237 258 67 London,
896 1237 234 67 Harper
1163 1240 45 49 &
1241 1238 276 67 brothers,
1556 1242 148 49 1936.

157 1310 1276 49 4 p. l., 221 p., 1 l. incl. map. col. front. 20½ cm .
158 1367 342 47 Head-pieces;
533 1377 137 38 maps
701 1377 59 29 on
791 1365 361 50 lining-papers.

161 1423 166 40 “Some
355 1423 146 41 books
530 1424 147 39 about
705 1423 132 41 Lake
867 1423 228 48 Superior
1123 1422 257 41 Indians”:
1412 1424 24 39 1
1469 1423 100 40 leaf
1597 1425 50 39 at
1677 1425 104 39 end.

160 1479 159 41 “First
354 1479 224 40 edition.”

90 1545 53 53 ©
172 1550 120 47 Aug.
317 1550 71 46 31,
420 1549 139 48 1936;
593 1550 67 40 2c.
696 1551 126 47 Sept.
853 1550 52 46 2;
942 1550 81 41 aff.
1059 1551 127 46 Sept.
1216 1551 53 46 3;
1303 1551 42 38 A
1375 1550 172 47 97653;
1581 1551 195 47 Harper
1807 1551 37 40 &
1873 1549 128 42 bros.

170 1606 278 49 (36-18972)

87 1710 283 63 Rostand,
398 1710 165 65 Jean,
595 1716 170 49 1894-

160 1787 359 53 Adventures
559 1786 195 54 before
797 1787 174 66 birth,
1012 1787 76 67 by
1131 1787 145 54 Jean
1318 1788 285 65 Rostand;
1650 1788 314 52 translated
2010 1788 73 66 by

89 1864 1726 68 Joseph Needham … London, V. Gollancz, ltd., 1936.
157 1938 86 40 157
275 1948 41 37 p.
377 1939 169 47 plates.
607 1938 56 40 19
666 1941 45 21 cm
714 1971 9 9 .

159 1995 303 40 “Literature
490 1993 139 42 list”:
659 2006 42 37 p.
736 1994 245 50 [148]-151.

87 2059 1996 53 © 1c. June 17, 1936; A ad int. 21551; pubd. Apr. 20; J. Rostand, Paris.
168 2120 279 49 (36-19009)

85 2222 181 67 Searl,
292 2224 171 64 Kelly
488 2224 278 64 Stephen,
796 2228 171 50 1862-
1178 2242 83 34 ed.

155 2303 119 52 The
305 2306 131 49 1933
464 2303 296 66 Michigan
789 2307 159 48 court
975 2303 166 66 rules,
1172 2303 323 66 annotated,
1523 2303 75 66 by
1626 2302 175 67 Kelly
1832 2301 56 55 S.
1920 2302 162 54 Searl

84 2379 1999 145 … 1936 cumulative supplement … Chicago, Callaghan and company, 1936.
158 2531 24 37 1
212 2540 44 37 p.
317 2561 9 17 l.,
358 2530 82 40 103
470 2540 43 37 p.
570 2530 56 40 23
629 2533 45 20 cm
678 2561 8 8 .

157 2586 119 39 This
314 2587 250 47 pamphlet
602 2586 42 40 is
684 2589 50 37 to
773 2587 58 38 be
870 2586 140 39 fitted
1049 2585 106 41 into
1193 2586 83 40 the
1314 2586 174 48 pocket

1528 2587 51 38 at
1620 2585 82 40 the
1742 2585 124 40 back
1907 2586 51 38 of
1999 2587 83 39 the

85 2643 190 39 volume
303 2643 52 39 of
385 2643 81 39 the
497 2646 73 37 set
599 2646 49 36 to
677 2643 159 39 which
866 2643 39 39 it
934 2642 212 48 belongs.

87 2708 52 53 ©
166 2713 119 47 Aug.
313 2714 69 47 31,
411 2712 140 43 1936:
578 2714 67 39 2c.
677 2714 95 39 and
801 2713 82 41 aff.
914 2713 127 47 Sept.
1069 2712 54 49 2;
1154 2713 42 39 A
1222 2711 171 48 97626;
1426 2712 270 47 Callaghan
1726 2713 35 39 &
1790 2721 69 32 co.

83 2831 120 52 The
231 2832 282 53 Seefurth
540 2831 243 64 service,
810 2830 109 55 inc.

215 2907 1864 69 … Supplementary volume [1936] This volume, published
83 2985 59 52 in
173 2987 245 66 August,
454 2990 148 55 1936,
634 2988 255 51 contains
925 2987 74 51 all
1033 2986 260 52 material
1329 2985 229 68 printed
1590 2987 61 50 in
1683 3005 101 33 our
1817 2987 263 67 monthly

89 3065 386 66 supplements
529 3065 111 51 and
694 3063 234 68 opinion
981 3064 269 67 mailings
1303 3064 152 52 from
1509 3064 247 67 August,
1812 3067 151 64 1935,
2017 3070 59 47 to

82 3141 246 67 August,
371 3145 151 62 1936,
563 3143 126 51 that
732 3143 204 51 should
978 3143 66 51 be
1086 3142 301 67 preserved
1431 3142 58 51 in
1532 3146 333 63 permanent
1908 3142 171 68 form,

84 3218 129 66 and,
248 3220 60 51 in
347 3220 277 62 addition,
663 3239 29 33 a
732 3219 168 53 series
938 3219 62 52 of
1037 3218 283 69 questions
1360 3220 111 52 and
1513 3237 260 47 answers,
1813 3222 112 51 and
83 3221 1970 128 references
335 3302 58 47 to
426 3297 264 66 previous

726 3298 267 65 volumes,
1026 3298 94 51 for
1153 3298 96 52 the
1280 3315 246 49 purpose
1561 3297 63 53 of
1660 3298 419 67 consolidating

82 3374 93 51 the
207 3373 378 53 information
620 3394 71 33 on
726 3375 227 52 various
987 3375 190 66 points
1213 3376 111 51 and

1358 3374 236 68 making
1628 3374 73 52 its
1735 3375 218 66 readily
83 3394 1970 109 accessible.
402 3451 269 67 Chicago,
698 3452 113 66 Ill.,
840 3452 120 52 The
992 3451 271 55 Seefurth
1292 3450 227 69 service,
1548 3458 17 21 c
1571 3456 150 49 1936.

152 3522 28 39 2
204 3533 43 38 p.
311 3556 8 15 l.,
352 3523 171 49 [3]-142
553 3534 42 37 p.
653 3524 56 40 25
713 3527 43 21 cm
762 3557 8 8 .

86 3575 52 52 ©
173 3580 115 46 July
323 3580 68 48 28,
428 3580 139 46 1936;
605 3580 68 42 2c.
710 3582 119 46 Aug.
862 3582 53 45 3;
955 3580 82 41 aff.
1073 3581 118 46 Aug.
1229 3582 53 46 5;
1320 3582 42 38 A
1396 3580 170 48 96763;
1612 3580 227 42 Seefurth
1876 3581 198 42 service.

80 3697 185 52 South
297 3698 250 53 Dakota.
622 3699 277 65 Supreme
929 3704 173 47 court.

151 3774 1922 68 Reports of cases decided … from decisions of July 30, 1934,
80 3854 57 48 to
171 3852 109 51 and
313 3851 297 66 including
642 3851 274 53 decisions
948 3852 62 52 of
1042 3853 317 52 November
1393 3856 81 64 18,
1509 3856 149 48 1935.
1734 3853 190 65 Notes,
80 3853 1967 127 references
332 3928 111 52 and
476 3927 189 66 index,
697 3930 74 65 by
804 3929 145 52 Karl
983 3929 346 68 Goldsmith,
1363 3935 160 47 court
1557 3935 270 61 reporter,
1899 3949 50 34 v.
1989 3934 80 49 63.

81 4004 210 67 Pierre,
319 4005 158 54 State
502 4005 335 68 publishing
860 4024 97 49 co.,
986 4010 147 49 1936.
