2519 4377
1074 4048 132 49 1505

150 410 282 65 Addison,
461 411 203 54 James
691 412 251 63 Thayer,
977 412 169 54 1887-

229 530 55 9 ...
325 487 121 52 The
481 486 279 55 medieval
797 484 366 68 missionary;
1206 504 30 34 a
1274 485 169 67 study
1481 484 65 54 of
1583 485 94 53 the
1714 483 331 54 conversion
2082 484 64 54 of

154 562 288 54 Northern
482 562 247 69 Europe,
767 582 52 34 A.
857 582 48 34 D.
945 564 289 58 500-1300,
1272 563 73 67 by
1386 563 193 54 James
1615 562 228 67 Thayer
1883 561 262 54 Addison

310 640 136 53 New
501 640 178 65 York,
730 639 258 67 London,
1040 639 419 53 International
1515 638 338 68 missionary
1908 638 238 67 council,
154 720 146 50 1936.

152 786 1975 106 xiv p., 2 l., [3]-176 p. 23 cm . (Studies in the world mission of Christianity. [Occasional papers] no. II )
223 899 342 48 “Suggestions
594 900 80 40 for
702 900 195 39 further
929 900 227 46 reading”;
1217 910 42 37 p.
1292 899 114 51 [155]

222 956 346 49 Bibliography;
636 966 43 39 p.
722 956 247 51 [157]-167.

153 1025 1994 53 © Sept. 2. 1936; 2c. and aff. Sept. 8; A 9 8297; Tnternatl. missionary
222 1087 199 39 council.
479 1085 280 47 (36-21476)

149 1190 242 63 Agnew,
419 1191 177 63 Hugh
624 1189 215 65 Elmer,
869 1191 168 53 1876-

223 1263 261 55 Outlines
526 1265 63 51 of
630 1264 340 68 marketing,
1009 1264 73 68 by
1125 1263 181 68 Hugh
1347 1264 66 53 E.
1455 1263 217 69 Agnew
1720 1307 56 10 ...
1822 1264 214 54 Robert
2080 1266 64 51 B.

150 1341 241 55 Jenkins
431 1385 55 9 ...
527 1342 109 52 and
673 1342 193 53 James
903 1342 60 55 C.
1000 1341 196 68 Drury
1240 1385 55 10 ...
1377 1344 84 52 1st
1496 1341 84 54 ed.
1656 1340 138 55 New
1832 1341 163 53 York
2032 1342 112 53 and

151 1419 255 53 London.
442 1417 428 55 McGraw-Hill
905 1418 147 53 book
1087 1437 297 48 company,
1420 1418 124 60 inc.,
1582 1421 148 51 1936.

218 1489 104 47 xiii,
368 1489 83 40 324
499 1501 42 36 p.
588 1489 108 40 incl.
744 1488 125 41 illus.
899 1489 131 47 (incl.
1078 1491 160 46 maps)
1295 1490 167 48 tables,
1510 1491 193 48 diagrs.,
1753 1491 165 40 forms,
1997 1491 146 40 front.

150 1545 54 40 23½cm.

221 1602 292 49 “Suggested
551 1600 252 50 readings”
835 1605 52 39 at
920 1603 90 41 end
1045 1602 52 41 of
1127 1603 116 41 each
1278 1603 214 49 chapter.

151 1672 1998 53 © Sept. 25, 1936; 2c. Sept. 26; aff. Sept. 30; A 99067; McGraw-Hill book
220 1745 80 30 co.,
329 1732 89 40 inc.
490 1732 281 48 (36-22633)

150 1837 304 53 Alabama.
530 1844 277 59 Supreme
835 1842 174 47 court.

220 1915 214 66 Report
467 1914 63 52 of
561 1932 148 36 cases
742 1914 213 68 argued
987 1915 107 52 and
1130 1913 348 54 determined
1516 1958 55 8 ...
1609 1915 211 68 during
1852 1915 93 52 the
149 1913 1973 132 October
293 2000 161 49 term,
506 1995 146 50 1935.
731 1994 88 64 By
868 1992 181 53 Noble
1095 1994 76 51 H.
1224 1992 164 68 Seay,
1439 1997 255 63 reporter
1742 1993 63 53 of
1853 1991 293 54 decisions.

151 2070 239 53 Volume
427 2073 116 50 232.
623 2070 81 56 St.
745 2071 164 59 Paul,
947 2071 201 52 Minn..
1184 2072 158 53 West
1382 2069 334 69 publishing
1752 2088 97 49 co.,
1890 2074 149 48 1936.

222 2143 63 46 xi,
315 2142 85 40 750
427 2154 43 37 p.
529 2145 25 35 26
588 2146 42 21 cm
637 2175 7 7 .

151 2209 53 54 ©
235 2213 100 40 Oct.
368 2213 69 46 16,
468 2213 139 46 1936;
641 2214 67 40 2c.
743 2213 94 39 and
869 2213 82 40 aff.
984 2214 117 38 Nov.
1131 2212 81 48 16;
1247 2213 38 39 A
1319 2211 170 49 99874;
1524 2212 121 39 Bibb
1681 2212 197 49 Graves,
1912 2221 236 40 governor

222 2271 51 39 of
298 2271 249 43 Alabama,
576 2271 76 40 for
682 2271 80 39 the
790 2281 85 29 use
902 2271 52 40 of
980 2270 104 39 said
1116 2271 141 48 state,
1288 2272 347 46 Montgomery,
1664 2269 106 42 Ala.

148 2374 313 54 American
489 2375 110 52 law
624 2373 298 55 institute.

219 2449 385 54 Restatement
639 2449 65 53 of
737 2450 95 54 the
862 2449 110 52 law
1004 2448 65 54 of
1103 2466 230 50 agency,
1366 2466 59 35 as
1460 2447 248 69 adopted
1744 2447 113 53 and
149 2448 1971 146 promulgated
346 2527 74 66 by

449 2527 95 52 the
573 2526 303 54 American
905 2526 110 53 law
1043 2525 276 68 institute,
1348 2525 333 69 containing
1709 2525 310 68 Maryland
151 2544 1969 126 annotations,

486 2603 281 68 prepared
798 2603 73 68 by
903 2603 69 53 A.
1005 2603 194 55 James
1232 2602 212 55 Casner
1481 2647 56 9 ...
1574 2602 237 54 assisted
1842 2603 75 66 by
1950 2604 196 52 Lester

150 2682 68 50 A.
263 2681 235 53 Ahroon
543 2680 111 53 and
700 2679 206 54 Edwin
951 2680 69 54 A.
1063 2680 169 53 Lowe
1276 2680 182 53 under
1502 2681 97 52 the
1642 2679 255 69 auspices
1942 2680 65 52 of
2050 2681 93 51 the

150 2757 308 68 Maryland
495 2762 144 49 state
677 2758 103 52 bar
820 2758 334 53 association
1196 2757 111 53 and
1346 2757 319 53 Baltimore
1702 2756 115 69 city
1856 2757 103 53 bar
150 2775 1971 112 association

397 2878 56 10 ...
535 2833 80 55 St.
650 2834 165 69 Paul,
849 2834 304 54 American
1186 2836 108 51 law
1328 2833 259 54 institute
1620 2833 338 70 publishers,
1994 2838 149 49 1936.

219 2905 26 39 2
306 2938 8 8 v.
341 2905 48 40 in
447 2938 7 8 1.
515 2906 54 40 23½
602 2908 44 22 cm
652 2938 8 7 .

220 2962 159 47 Paged
410 2962 339 47 continuously;
811 2974 42 29 v.
886 2963 25 39 2
943 2963 89 41 has
1066 2964 269 40 cover-title
1367 2963 125 48 only.

221 3019 167 40 Issued
417 3019 102 39 also
549 3028 54 30 as
633 3019 171 47 pocket
832 3020 302 47 supplement
1162 3021 78 38 for
1268 3031 84 29 use
1381 3021 118 39 with
1533 3022 79 39 the
1644 3020 273 41 Institute’s
1947 3021 194 48 general

150 3074 201 41 treatise
379 3085 60 29 on
470 3076 80 39 the
580 3075 335 41 Restatement
946 3076 51 40 of
1024 3077 82 39 the
1133 3078 96 38 law
1260 3076 51 40 of
1341 3086 194 38 agency.

151 3142 53 53 ©
238 3148 112 45 May
445 3179 7 15 18,
489 3147 112 39 1936;
665 3147 66 40 2c.
768 3148 93 38 and
899 3148 81 40 aff.
1014 3148 125 39 June
1175 3148 54 37 15;
1294 3150 38 37 A
1369 3147 171 47 94969;
1580 3149 158 40 Amer,
1777 3148 89 37 law
1908 3149 237 45 institute,

222 3204 352 47 Philadelphia.
646 3203 280 46 (36-22641)

221 3305 381 54 Restatement
645 3305 63 52 of
747 3306 95 52 the
881 3305 107 53 law
1030 3306 63 52 of
1133 3310 298 62 contracts,
1473 3323 59 36 as
1574 3305 247 69 adopted
1862 3305 113 52 and
153 3323 1967 127 promulgated

480 3382 74 68 by
594 3383 96 53 the
730 3382 305 53 American
1076 3384 109 51 law
1225 3382 278 69 institute,
1544 3381 333 70 containing
1918 3382 226 53 Illinois

152 3458 377 56 annotations,
562 3459 280 68 prepared
874 3460 73 68 by
981 3459 225 54 Harold
1238 3459 235 69 Wright
1504 3459 145 53 Holt
1679 3460 181 53 under
1892 3461 95 52 the
152 3478 1969 123 auspices

326 3535 64 54 of
413 3537 93 53 the
533 3536 226 55 Illinois
784 3537 103 53 bar
913 3536 334 55 association
1282 3582 54 9 ...
1418 3537 81 56 St.
1528 3537 165 68 Paul,
1717 3537 201 67 Minn.,
154 3537 1967 128 American
309 3613 108 53 law

451 3613 259 55 institute
742 3615 337 68 publishers,
1114 3618 147 50 1936.

219 3683 28 38 2
275 3694 43 30 v.
350 3684 48 39 in
429 3685 38 40 1.
528 3684 54 40 23½
615 3687 15 22 cm
666 3717 8 8 .

221 3739 159 48 Paged
410 3741 339 47 continuously;
808 3753 43 30 v.
882 3742 26 39 2
935 3743 89 40 has
1054 3744 270 40 cover-title
1354 3743 126 48 only.

221 3796 168 40 Issued
419 3797 101 39 also
550 3807 53 29 as
632 3798 171 47 pocket
832 3799 301 47 supplement
1163 3800 78 39 for
1268 3810 85 30 use
1384 3801 116 39 with
1534 3801 83 39 the
1643 3801 273 40 Institute’s
1946 3799 194 50 general

151 3852 200 41 treatise
382 3863 58 29 on
475 3854 80 40 the
590 3855 334 40 Restatement
956 3855 53 40 of
1043 3857 81 39 the
1157 3857 96 39 law
1287 3856 51 40 of
1371 3858 258 39 contracts.

152 3919 53 54 ©
240 3925 112 46 May
385 3924 69 43 18.
489 3925 112 38 1936;
665 3928 25 36 2c.
769 3926 95 39 and
900 3927 81 40 aff.
1018 3928 126 39 June
1180 3927 80 42 15;
1302 3930 35 37 A
1373 3927 138 41 94971;
1583 3929 156 42 Amer,
1776 3928 93 40 law
1905 3927 239 49 institute,

221 3981 351 48 Philadelphia.
645 3981 280 48 (36-22643)
