2519 4377
1325 4117 133 54 1788

388 422 314 67 McGehee,
728 422 257 56 William
1012 424 235 64 Harper
1273 424 199 63 Owen,
1502 426 173 55 1874-

459 500 57 53 A
567 500 299 55 text-book
916 501 65 54 of
1032 501 294 68 operative
1376 503 302 68 dentistry,
1728 503 77 69 by
1855 504 266 55 William
2171 507 235 67 Harper

387 577 2018 76 Owen McGehee … 2d ed., rev., with ten hundred and forty
388 657 400 56 illustrations.
863 659 431 69 Philadelphia,
1348 661 66 52 P.
1472 660 352 55 Blakiston’s
1881 680 103 35 son
2039 665 45 51 &
2141 681 98 50 co.,
2296 663 107 57 inc.

409 742 178 65 [ c 1936]
459 822 116 36 xxx,
604 810 89 41 922
717 822 44 38 p.
787 811 113 42 incl.
928 811 166 50 front.,
1122 812 146 47 illus.,
1297 811 181 48 diagrs.
1539 812 147 41 24½cm.

460 867 357 50 Bibliography
850 870 54 39 at
935 870 93 39 end
1062 869 52 40 of
1150 868 335 42 introduction
1519 870 98 41 and
1650 872 127 39 most
1813 870 51 40 of
1900 871 83 39 the
2019 871 241 49 chapters.

389 924 53 55 ©
467 928 119 40 Nov.
613 926 71 51 10,
711 925 143 50 1936;
881 925 68 41 2c.
978 927 96 39 and
1101 927 81 41 aff.
1209 928 119 41 Nov.
1356 927 55 39 11;
1468 929 42 39 A
1535 926 146 43 99812;
1738 929 51 41 P.
1818 926 302 43 Blakiston’s
2148 938 87 31 son
2262 930 37 40 &
2325 938 83 41 co.,

460 986 92 41 inc.
619 984 285 50 (36-34793)

386 1087 306 65 Mclntire,
716 1088 162 55 Lura
898 1088 155 56 Will.

456 1166 161 68 Deep
647 1165 212 68 woods,
889 1165 76 70 by
995 1166 157 53 Lura
1182 1166 143 54 Will
1358 1165 301 57 Mclntire.
1727 1168 236 66 Boston,
1995 1167 240 53 Meador
385 1167 1998 146 publishing
635 1261 302 51 company,
972 1247 151 52 1936.

459 1319 57 39 62
551 1330 43 37 p.
659 1319 27 39 21
719 1320 44 22 cm
768 1350 8 8 .

459 1376 187 39 Poems.

387 1428 53 53 ©
471 1431 119 41 Nov.
621 1431 71 50 10,
724 1432 116 40 1936;
900 1432 67 39 2c.
1001 1434 118 38 Nov.
1152 1431 56 41 16:
1268 1432 84 40 aff.
1384 1433 120 40 Nov.
1535 1431 56 40 23:
1654 1434 40 37 A
1728 1431 174 41 100608;
1965 1433 51 38 L.
2050 1433 71 39 W.
2157 1431 251 47 Mclntire,

459 1489 186 48 Elkins,
674 1490 73 41 W.
773 1490 87 40 Va.
927 1488 283 50 (36-34590)

385 1593 364 65 MacIntyre,
779 1592 232 67 Carlyle
1041 1593 242 66 Ferren,
1316 1599 173 50 1890-

456 1671 225 68 Poems,
720 1671 78 69 by
842 1670 62 56 C.
950 1671 66 54 F.
1060 1670 356 70 MacIntyre.
1497 1671 140 53 New
1681 1671 182 68 York,
1907 1672 123 52 The
2071 1670 336 55 Macmillan

386 1768 302 50 company,
721 1753 154 50 1936.

457 1823 65 49 xi,
555 1824 57 41 95
643 1836 44 38 p.
746 1824 27 39 21½
836 1826 45 22 cm
886 1856 9 8 .

388 1876 52 54 ©
467 1882 119 39 Nov.
613 1881 41 48 4,
684 1880 143 49 1936;
856 1880 69 40 2c.
952 1881 119 39 Nov.
1100 1880 53 47 6;
1216 1881 51 40 aff.
1295 1881 119 38 Nov.
1445 1879 52 48 5;
1529 1881 41 38 A
1598 1878 201 48 100293;
1832 1878 285 41 Macmillan
2146 1890 67 29 co.

469 1937 284 49 (36-34591)

386 2043 277 65 MacKee,
693 2043 230 65 George
950 2040 212 66 Miller,
1193 2044 173 54 1878-

458 2118 1946 71 Skin diseases in children, by George M. MacKee … and
384 2198 2022 71 Anthony C. Cipollaro … with 153 illustrations. New York,
386 2279 261 68 London,
702 2279 66 53 P.
825 2281 67 53 B.
945 2278 248 70 Hoeber,
1245 2279 127 66 inc.,
1423 2277 251 55 Medical
1726 2278 147 52 book
1925 2279 363 67 department
2340 2279 64 52 of
385 2360 236 67 Harper
651 2362 48 51 &
726 2357 282 68 brothers,
1040 2362 152 51 1936.

459 2432 123 41 xviii
609 2442 60 38 p.,
696 2432 27 40 1
787 2463 9 17 l.,
825 2431 101 49 345,
960 2431 55 51 [1]
1046 2442 44 38 p.
1150 2431 131 40 illus.
1342 2430 56 39 24
1401 2432 44 21 cm
1450 2460 8 8 .

388 2487 52 54 ©
471 2493 117 38 Nov.
621 2491 71 48 17,
722 2489 143 42 1936:
898 2488 68 41 2c.
997 2491 120 39 Nov.
1148 2489 82 42 14;
1266 2489 82 39 aff.
1381 2489 117 38 Nov.
1532 2487 55 40 39;
1648 2489 41 38 A
1721 2485 200 42 100549:
1957 2487 125 38 Paul
2114 2488 53 38 B.
2201 2487 207 48 Hoeber,

460 2548 90 42 inc.
619 2546 284 51 (36-34795)

385 2651 227 65 Marsh,
640 2651 249 64 Wendy.

457 2728 250 53 Restless
742 2727 241 67 anchor;
1020 2744 186 36 verses
1237 2726 76 68 by
1344 2725 229 68 Wendy
1605 2724 218 53 Marsh.
1894 2725 140 52 New
2070 2724 181 67 York,
2286 2723 124 53 The

387 2806 320 69 Greystone
744 2824 176 50 press,
958 2808 152 50 1936.

457 2880 304 41 45 l. 24 cm .
388 2934 53 53 ©
465 2939 119 39 Nov.
611 2938 71 46 10,
707 2937 143 42 1936:
879 2936 67 41 2c.
974 2936 97 40 and
1099 2936 82 41 aff.
1207 2936 119 40 Nov.
1353 2934 57 40 20;
1465 2935 41 38 A
1533 2932 174 41 100580;
1766 2933 270 47 Greystone
2061 2942 151 39 press.

468 2994 284 50 (36-34593)

387 3099 333 64 Maryland.
796 3101 185 63 Laws,
1008 3102 256 61 statutes,
1292 3102 99 48 etc.

457 3180 126 50 Tax
610 3178 138 51 laws
776 3177 63 53 of
868 3175 331 68 Maryland,
1229 3174 325 54 annotated.
1631 3175 55 51 A
1716 3173 372 67 compilation
2120 3172 62 53 of
386 3173 1995 136 Maryland
557 3254 432 56 constitutional
1029 3255 112 52 and
1175 3256 288 63 statutory

1496 3253 324 66 provisions
1854 3251 63 52 of
1952 3251 230 66 general
388 3249 1992 139 application
614 3334 252 67 relating
900 3342 59 47 to
996 3338 157 47 taxes
1190 3333 161 52 other
1388 3331 141 51 than
1566 3330 205 53 license
1807 3334 158 47 taxes
2004 3328 111 53 and
2151 3326 254 70 gasoline

385 3419 174 47 taxes.
640 3413 246 52 Revised
908 3418 59 48 to
989 3413 151 53 June
1166 3414 46 52 1,
1237 3412 149 51 1936.
1469 3407 215 55 Edited
1704 3409 76 66 by
1800 3407 376 67 Huntington
2201 3406 209 56 Cairns

387 3492 64 51 of
479 3493 94 53 the
605 3491 318 55 Baltimore
953 3491 119 52 bar.
1149 3488 315 53 Published
1494 3488 75 66 by
1598 3487 94 52 the
1728 3486 158 55 State
1916 3493 100 46 tax
2046 3486 359 53 commission

387 3563 1993 73 of Maryland … [Baltimore, 20th century printing co., c 1936]
459 3645 118 43 xvii,
605 3643 89 41 337
720 3654 44 37 p.
821 3642 56 41 23
880 3646 44 21 cm
931 3676 7 8 .

389 3698 53 53 ©
476 3703 115 45 July
623 3700 41 47 2,
698 3700 141 48 1936;
874 3699 67 40 2c.
976 3699 95 40 and
1104 3698 83 41 aff.
1221 3699 112 38 Dec.
1368 3697 48 38 23:
1489 3697 38 39 A
1562 3695 201 47 101454;
1804 3695 137 40 State
1979 3696 85 36 tax
2097 3691 310 42 commission

461 3758 52 39 of
535 3757 277 48 Maryland,
839 3755 284 42 Baltimore.
1191 3753 283 48 (36-28073)

389 3845 520 66 Mayer-Wegelin,
939 3846 188 62 Hans,
1161 3844 171 55 1897-

389 3913 1988 155 Ästung, von dr. Hans Mayer-Wegelin … Mit 83 textabbildungen. Hannover, M. & H. Schaper, 1936.
