2519 4377
1021 4101 134 53 1167

97 456 181 61 Hard,
306 455 222 53 Walter
556 455 67 54 R.

167 546 139 50 This
334 544 44 51 is
407 546 293 63 Vermont,
728 545 73 66 by
827 544 222 54 Walter
1076 544 111 52 and
1214 545 294 65 Margaret
1536 543 196 65 Hard;
1765 542 324 53 illustrated

99 623 135 51 with
269 625 65 48 32
369 622 394 67 photographs
798 622 109 51 and
946 625 62 48 16
1044 621 429 67 reproductions
1508 620 63 53 of
1605 620 294 67 paintings
1935 620 154 52 from

97 701 273 51 Vermont
407 705 85 45 art
528 699 261 52 exhibits.
863 699 380 65 Brattleboro,
1278 700 116 64 Vt.,
1434 697 249 67 Stephen
1718 699 161 65 Daye
1915 715 174 49 press,

99 779 147 50 1936.

169 846 905 50 8 p. l., 318 p., 1 l. plates. 22½cm.
98 915 53 53 ©
180 920 128 39 June
332 918 68 48 26,
431 918 140 46 1936;
602 917 66 39 2c.
700 918 114 46 July
844 918 81 46 18;
960 918 82 40 aff.
1073 918 115 46 July
1219 917 81 47 16;
1332 918 41 38 A
1402 916 171 48 96535;
1606 917 187 40 Walter
1824 917 139 39 Hard
1993 916 95 40 and

168 978 247 45 Margaret
444 975 151 48 Hard,
627 975 322 48 Manchester,
978 976 75 40 Vt.
1122 973 279 51 (36-16898)

98 1081 245 61 Harper,
370 1080 255 52 Herbert
653 1079 252 61 Druery.

169 1166 1858 70 General shop mathematics, by Herbert Druery Harper …
98 1248 70 51 2d
198 1247 82 51 ed.
347 1246 136 50 New
514 1244 177 68 York,
721 1246 72 52 D.
820 1246 130 53 Van
979 1246 290 52 Nostrand
1297 1262 296 51 company,
1621 1245 107 54 inc.
1940 1279 12 34 [c1936]

169 1331 40 30 v,
239 1319 83 40 190
354 1330 41 36 p.
424 1319 106 39 incl.
559 1318 142 48 illus.,
729 1318 301 48 blue-prints,
1058 1319 168 47 tables,
1255 1318 178 48 diagrs.
1490 1319 56 40 23½
1578 1320 45 22 cm
1627 1351 9 9 .

171 1375 158 40 “First
368 1375 266 48 published,
674 1375 279 48 September
985 1374 141 47 1928;
1166 1374 261 48 reprinted,
1466 1375 250 48 February
1753 1375 128 47 1930,
1919 1376 170 41 March

102 1432 121 39 1931.
256 1432 204 40 October
487 1430 157 42 1932.”

96 1483 52 53 ©
179 1488 115 46 July
325 1488 39 42 3.
394 1487 139 42 1936;
566 1488 67 40 2c.
667 1487 120 47 Aug.
819 1487 82 47 12;
936 1486 81 41 aff.
1054 1488 127 47 Sept.
1214 1487 82 47 12;
1332 1488 42 39 A
1406 1486 169 49 96885;
1611 1489 55 38 D.
1701 1489 107 39 Van
1839 1489 249 39 Nostrand

165 1554 80 32 co.,
275 1544 89 40 inc.
434 1543 279 49 (36-18515)

96 1648 227 64 Harris,
349 1648 224 54 Abram
598 1647 260 65 Lincoln,
886 1654 170 50 1899-

166 1737 119 54 The
323 1736 190 69 Negro
552 1756 58 35 as
649 1736 318 70 capitalist;
1010 1756 30 34 a
1079 1736 170 68 study
1290 1736 64 53 of
1391 1737 255 68 banking
1683 1738 112 52 and
1833 1737 254 55 business

99 1814 1965 144 among American Negroes, by Abram L. Harris … Philadelphia,
288 1891 120 53 The
446 1891 305 54 American
791 1891 267 68 academy
1096 1891 63 53 of
1197 1890 257 70 political
1494 1892 112 53 and
1645 1892 171 53 social
1856 1892 230 68 science,

101 1971 143 50 1936.

163 2038 83 48 xii,
288 2039 84 40 205
415 2050 42 37 p.
517 2040 179 47 diagrs.
755 2039 56 41 23½
842 2041 45 22 cm
891 2072 9 9 .
964 2040 339 49 [Monographs
1343 2040 51 40 of
1434 2042 82 39 the
1556 2041 256 40 American
1854 2042 230 47 academy

97 2094 1091 51 of political and social science … no. 2]
97 2150 52 53 ©
176 2155 113 46 July
314 2155 68 43 22,
411 2154 138 47 1936;
580 2155 66 41 2c.
676 2154 94 40 and
799 2154 80 41 aff.
908 2155 115 46 July
1048 2155 82 42 28;
1160 2156 42 38 A
1227 2154 170 48 97182;
1425 2156 157 39 Amer.
1612 2156 231 47 academy

1872 2156 51 39 of
167 2154 1904 96 political
285 2212 94 38 and
406 2211 147 39 social
580 2212 201 40 science.
846 2211 279 49 (36-18585)

93 2316 171 62 Hart,
287 2317 224 52 Walter
533 2317 88 54 W.

163 2407 127 65 Key
333 2413 56 44 to
431 2405 197 53 Hart’s
674 2406 363 67 Progressive
1080 2407 167 67 plane
1291 2414 305 60 geometry.
1673 2410 232 65 Boston,
1948 2408 140 53 New

96 2484 160 53 York
288 2490 134 60 [etc.]
453 2485 70 51 D.
553 2484 60 54 C.
639 2484 193 52 Heath
860 2483 111 53 and
995 2502 278 50 company
1304 2518 11 33 [
1322 2491 17 20 c
1345 2488 151 64 1936]

166 2557 24 37 1
217 2566 43 37 p.
325 2588 8 16 l.,
362 2556 82 40 713
472 2566 43 37 p.
573 2555 179 48 diagrs.
807 2555 118 42 20cm.

164 2611 350 49 Lithoprinted.

97 2665 53 53 ©
179 2669 109 40 Feb.
321 2669 68 48 12,
419 2668 140 47 1936;
590 2669 66 38 2c.
690 2668 95 40 and
816 2668 82 41 aff.
929 2670 121 39 Mar.
1080 2668 83 48 23;
1195 2670 41 38 A
1265 2667 170 49 92433;
1467 2670 72 40 W.
1572 2670 69 40 W.
1674 2670 142 49 Hart,
1848 2669 239 47 Madison,

164 2725 116 41 Wis.

93 2829 182 63 Head,
306 2829 154 54 Lois.

164 2918 167 53 Brief
356 2917 388 54 introduction
767 2922 59 50 to
851 2917 488 69 psycho-analysis
1365 2917 94 53 for
1483 2917 299 69 beginners
1910 2951 13 33 [by]
1952 2918 135 53 Lois

97 2996 164 53 Head
311 3029 12 34 [
329 2996 129 67 and]
510 2995 217 56 Claude
771 2995 296 69 Grizzard,
1111 2995 69 68 jr.
1260 2995 259 68 Atlanta,
1562 2995 105 54 Ga.
1717 2997 371 65 [Paramount

95 3074 261 68 printing
387 3091 97 49 co.]
524 3076 152 51 1936.

162 3148 70 46 51,
265 3148 54 49 [1]
348 3158 43 38 p.
447 3146 56 40 20½
535 3149 44 21 cm
583 3178 10 10 .

99 3199 52 53 ©
190 3204 115 46 July
344 3205 67 43 14,
452 3203 139 47 1936;
633 3203 68 41 2c.
742 3204 115 47 July
896 3204 83 47 15;
1020 3203 81 39 aff.
1143 3203 116 46 July
1297 3204 82 46 16;
1422 3204 41 38 A
1502 3204 171 46 97134;
1715 3204 50 40 L.
1807 3204 139 40 Head
1989 3205 96 39 and

168 3260 181 40 Claude
375 3260 245 48 Grizzard,
645 3260 77 48 jr.,
747 3260 217 41 Atlanta.
1028 3258 279 49 (36-18692)

95 3364 248 63 Heaton,
370 3364 188 53 Willis
583 3364 219 63 Edgar.

225 3452 1864 145 … Heaton on Surrogates’ courts. 5th ed. v. 6 (Handy-Myers)
96 3530 1966 144 Fifth cumulative supplement, 1932-1936 … Albany, N. Y. and
635 3611 138 50 New
804 3610 178 66 York,
1011 3611 68 51 N.
1114 3611 90 65 Y.,
1232 3611 80 52 M.
1344 3610 224 52 Bender
1599 3613 45 49 &
1675 3626 294 50 company,
96 3609 1966 143 incorporated,
476 3690 147 49 1936.

167 3760 24 38 1
220 3769 43 36 p.
326 3790 8 15 l.,
364 3759 62 41 vi.
455 3758 142 40 3-132
626 3768 44 38 p.
727 3759 56 40 23½
815 3761 45 21 cm
864 3788 10 8 .

164 3816 63 38 At
257 3815 124 39 head
414 3815 52 38 of
495 3815 134 40 title:
665 3814 126 41 1936.

167 3871 117 38 This
306 3871 248 47 pamphlet
577 3871 42 39 is
643 3873 51 38 to
714 3871 59 39 be
795 3871 137 40 fitted
955 3871 102 39 into
1082 3871 82 40 the
1187 3871 171 47 pocket
1385 3872 50 38 at
1459 3871 83 40 the
1566 3871 123 39 back
1713 3870 53 39 of
1790 3870 81 39 the
1896 3871 190 39 volume

97 3927 50 40 of
175 3928 82 39 the
289 3929 72 37 set
395 3930 48 36 to
473 3927 159 39 which
662 3927 39 40 it
734 3927 207 47 belongs.

99 3979 51 52 ©
177 3985 117 45 Aug.
324 3983 70 46 24,
423 3983 139 46 1936;
594 3983 68 41 2c.
693 3984 94 39 and
818 3984 81 40 aff.
930 3984 120 47 Aug.
1080 3984 82 46 26;
1195 3983 82 39 aff.
1307 3984 120 46 Aug.
1458 3982 82 47 25;
1574 3984 40 38 A
1643 3981 171 48 97546;
1849 3978 237 43 Matthew

168 4041 189 38 Bender
385 4041 35 39 &
449 4050 82 38 co.,
559 4039 91 41 inc.
