2519 4377
1047 4138 131 50 1111

84 491 214 64 Smith,
324 490 351 54 Katharine.

87 569 1991 152 Down the Cape; the complete guide to Cape Cod, by Katharine Smith and Edith Shay … New York, Dodge publishing
87 735 508 68 company [ c 1936]
158 820 64 47 xi,
247 820 85 41 222
358 830 43 37 p.
460 819 171 47 plates,
660 818 116 40 fold.
805 826 124 38 map.
989 815 55 40 19½
1078 816 44 23 cm
1126 847 8 9 .

160 888 307 42 Illustration
497 899 59 29 on
585 890 97 44 t.-p.
715 888 94 39 and
836 886 259 48 preceding
1119 893 134 39 page.

160 946 161 42 “First
349 943 226 44 edition.”

91 1015 53 54 ©
175 1020 114 45 May
319 1017 69 49 29,
423 1016 140 47 1936;
598 1016 68 40 2c.
701 1015 114 47 July
848 1015 82 47 31;
967 1013 82 41 aff.
1085 1014 125 46 Sept.
1244 1014 53 44 4;
1333 1013 40 38 A
1406 1012 170 47 96691;
1613 1011 276 40 Katharine
1929 1010 157 42 Smith

161 1076 99 39 Dos
288 1075 178 38 Passos
495 1073 94 39 and
617 1071 150 40 Edith
800 1070 143 48 Shay.
972 1069 380 42 Provincetown.
1384 1070 147 38 Mass.

171 1129 280 50 (36-27299)

91 1251 245 62 Sowers,
363 1249 153 54 John
545 1248 221 63 Irving.

161 1333 1928 74 Wood carving made easy, by J. I. Sowers … drawings by
92 1417 158 53 Ruth
281 1417 226 54 Russell
539 1417 201 67 Posey.
808 1416 140 52 New
982 1414 178 68 York,
1193 1413 341 53 Milwaukee
1591 1418 119 61 [etc.]
1750 1413 121 54 The
1904 1415 185 50 Bruce

93 1495 335 68 publishing
457 1511 280 51 company
772 1527 13 34 [
788 1501 19 21 c
812 1497 133 48 1936
952 1527 12 33 ]

163 1581 58 43 96
246 1593 44 39 p.
318 1581 109 41 incl.
455 1580 164 50 front.,
648 1581 128 42 illus.
833 1580 54 41 23½
922 1582 43 22 cm
969 1612 10 10 .

95 1651 1979 157 “Some of the basic material [was published] in a series of magazine articles which appeared … November 1933, to August, 1934, in Industrial arts and education.”—Pref.
101 1834 52 53 ©
179 1838 115 47 July
319 1838 69 48 25,
415 1837 140 47 1936;
583 1838 68 39 2c.
679 1837 95 40 and
802 1837 81 39 aff.
911 1837 119 47 Aug.
1056 1837 53 45 3;
1139 1837 40 38 A
1204 1835 171 46 96720;
1405 1837 157 38 Bruce
1588 1836 109 48 pub.
1724 1846 66 30 co.

179 1894 280 47 (36-18044)

99 1996 376 65 Sutherland,
504 1997 207 54 Edwin
739 1997 246 65 Hardin,
1016 2001 170 50 1883-

230 2087 1866 69 … Twenty thousand homeless men; a study of unemployed
99 2165 1937 67 men in the Chicago shelters, by Edwin H. Sutherland …
101 2243 1974 146 and Harvey J. Locke … Chicago, Philadelphia, J. B. Lippincott company [ c 1936]
173 2409 66 49 ix,
279 2409 85 41 207
405 2419 42 37 p.
519 2409 128 39 illus.
677 2409 159 50 (map)
915 2409 116 40 20cm.
1113 2407 301 50 (Lippincott
1458 2408 240 49 sociology
1740 2411 159 47 texts;
1947 2410 152 48 Floyd

106 2468 176 46 House,
311 2465 181 49 editor)

180 2534 1921 49 “Study of … men on relief in the Chicago shelters of the Service
108 2593 183 40 bureau
331 2593 78 38 for
449 2602 121 37 men,
613 2602 27 29 a
683 2591 207 40 division
931 2591 51 40 of
1022 2591 81 40 the
1145 2589 190 43 Illinois
1377 2601 282 39 emergency
1701 2592 143 40 relief
107 2594 1977 96 commission.”—Pref.

109 2717 53 53 ©
188 2721 115 47 July
328 2721 69 46 14,
422 2720 140 46 1936;
591 2719 68 42 2c.
686 2720 95 39 and
807 2719 82 41 aff.
918 2720 115 46 July
1060 2720 83 46 23;
1173 2720 42 40 A
1240 2719 170 48 96584;
1442 2721 42 41 J.
1513 2722 53 38 B.
1596 2721 278 48 Lippincott
1899 2732 68 30 co.

190 2776 278 49 (36-18055)

106 2881 231 65 Taylor,
367 2881 153 54 John
551 2879 345 67 Wilkinson,
930 2886 170 51 1906-

113 2971 1966 147 Youth welfare in Germany, by John W. Taylor … Nashville, Tenn., The Baird-Ward company, 1936.
180 3135 1637 53 4 p. l., 259 p. illus. (incl. facsims., music) diagrs. 23½ cm .
182 3206 170 42 Issued
377 3207 103 41 also
506 3217 54 30 as
587 3208 152 40 thesis
777 3207 106 46 (PH.
942 3209 34 48 D.)
1013 3205 250 44 Columbia
1289 3210 286 49 university.

183 3263 375 50 Bibliography:
589 3276 42 37 p.
661 3262 216 43 251-257.

117 3331 53 53 ©
193 3336 113 46 May
331 3336 38 45 1,
395 3334 139 47 1936;
562 3337 65 38 2c.
655 3335 95 39 and
776 3335 81 39 aff.
886 3336 126 40 June
1037 3337 51 45 1;
1116 3337 40 38 A
1180 3335 171 48 95494;
1380 3338 42 40 J.
1448 3338 71 40 W.
1546 3339 193 49 Taylor,
1766 3341 117 39 New
1905 3340 145 40 York.

196 3390 278 48 (36-18050)

113 3495 209 53 Texas.
395 3497 183 63 Laws,
603 3500 254 62 statutes,
884 3502 99 48 etc.

186 3585 275 54 Vernon’s
507 3587 307 53 annotated
860 3588 239 52 Revised
1146 3587 133 53 civil
1326 3592 237 50 statutes
1608 3591 63 52 of
1715 3593 94 52 the
1854 3599 146 47 state
2046 3595 62 51 of

119 3665 195 51 Texas.
393 3666 132 49 1936
553 3663 343 53 cumulative
923 3665 209 51 annual
1160 3665 201 67 pocket
1388 3672 160 61 parts
1576 3667 94 54 for
1695 3670 250 54 volumes
1977 3675 133 48 1-22

180 3740 1788 76 … Kansas City, Mo., Vernon law book company [ c 1936]
189 3824 54 40 22
270 3836 43 28 v.
372 3825 55 39 25
431 3828 44 20 cm
480 3856 8 8 .

192 3895 154 39 These
376 3894 274 48 pamphlets
682 3904 82 30 are
795 3896 49 38 to
872 3895 59 39 be
959 3895 138 39 fitted
1129 3895 104 40 into
1262 3897 82 41 the
1370 3899 197 46 pockets
1598 3901 54 39 at
1682 3901 81 40 the
1793 3901 122 41 back
1947 3904 53 39 of
2030 3905 82 40 the

122 3951 214 39 volumes
363 3951 51 41 of
439 3950 82 39 the
547 3952 72 37 set
645 3952 51 38 to
722 3950 160 40 which
908 3951 115 47 they
1048 3951 185 49 belong.

125 4013 53 53 ©
200 4018 114 47 July
336 4019 68 48 31,
428 4017 139 48 1936;
593 4018 66 38 2c.
684 4017 117 40 each
825 4018 93 39 and
945 4018 80 40 aff.
1048 4019 119 47 Aug.
1191 4021 81 46 17;
1300 4022 39 38 A
1363 4021 170 49 96958;
1560 4024 192 40 Vernon
1777 4026 94 40 law
1896 4028 123 39 book
2044 4040 56 30 co.
