2519 4377
1327 4091 137 52 1562

469 472 884 52 248, [1] p. plates, ports. 19 ½ cm .
750 529 1667 44 CONTENTS. — Paul Beneke, der wehrhafte kaufmann zur see. — Don
399 589 132 39 Juan
572 585 268 49 d’Austria,
883 587 86 39 der
1008 588 155 39 retter
1203 587 86 39 der
1331 586 337 41 Christenheit.
1670 585 274 41 —Michael
1986 587 60 40 de
2086 586 203 50 Ruyter,
2330 588 87 40 der

397 644 191 48 grösste
616 643 197 41 seeheld
844 642 123 42 aller
1027 641 422 42 zeiten.—Edward
1483 642 203 49 Hawke,
1720 644 250 48 Englands
2005 642 167 42 “vater
2204 643 86 41 der
399 653 1999 88 marine”.—Pierre
808 698 166 41 André
999 700 59 40 de
1087 699 210 48 Suffren,
1325 700 85 39 der
1436 709 162 37 mann,
1624 700 85 40 der
1733 701 93 39 den
1853 700 280 40 Franzosen
2159 700 259 41 Ostindien

400 759 252 40 rettete.—
655 756 212 40 Horatio
919 756 195 49 Nelson,
1169 757 86 39 der
1308 756 214 40 kühnste
1576 756 100 41 und
1728 756 240 49 genialste
2020 756 248 50 englische
397 767 2005 87 Seefahrer.—David
843 812 261 49 Farragut,
1135 812 386 41 Nordamerikas
1553 811 293 50 siegreicher
1878 812 213 43 admiral
2121 813 67 41 im

398 814 2001 105 bürgerkrieg.—Wilhelm
870 880 95 31 von
991 868 292 50 Tegetthoff,
1308 870 88 40 der
1421 869 158 49 sieger
1603 881 94 30 von
1721 869 156 42 Lissa.
1879 869 368 42 —Haihachiro
2271 871 144 50 Togo,

397 928 189 48 Japans
618 936 195 40 grosser
844 925 226 44 admiral.
1072 926 316 42 —Reinhard
1422 926 191 51 Scheer,
1647 926 366 43 Deutschlands
2045 927 175 43 führer
2251 928 51 41 in
2331 930 88 41 der

399 984 538 50 Skagerrak-schlacht.

399 1050 1740 54 © Apr. 2, 1936; 1c. July 17; A-Foreign 32455; Ullstein, a. g.
479 1111 285 51 (36-25525)

394 1215 172 66 Mais,
592 1217 214 55 Stuart
832 1217 178 53 Petre
1035 1216 234 64 Brodie,
1298 1221 174 51 1885-

468 1293 283 54 Pictorial
786 1292 263 67 Britain;
1087 1293 97 54 the
1220 1293 170 56 roads
1429 1293 65 54 of
1529 1293 183 55 Great
1743 1293 232 55 Britain
2013 1294 114 54 and
2163 1294 255 68 Ireland,

396 1370 260 71 shewing
689 1372 98 55 the
822 1371 293 70 principal
1151 1373 190 67 places
1378 1371 65 54 of
1478 1371 263 68 interest;
1782 1373 275 68 designed
2089 1372 78 68 by
2200 1372 218 56 Alfred

397 1450 235 69 Taylor,
671 1450 295 55 described
1004 1450 77 70 by
1123 1449 58 56 S.
1223 1451 66 53 P.
1332 1451 68 52 B.
1439 1450 169 55 Mais.
1685 1451 261 67 London,
1985 1451 317 54 Published
2341 1451 76 69 by

394 1529 80 54 H.
503 1530 76 54 K.
608 1528 269 56 McCann
905 1547 284 51 company
1219 1529 224 54 limited
1476 1528 94 54 for
1599 1529 535 69 Anglo-American
2162 1529 78 55 oil
396 1549 1997 128 company
583 1607 109 56 ltd.
729 1609 176 68 [1936]

467 1683 81 46 vii,
576 1683 101 49 122,
709 1683 55 50 [1]
794 1694 43 38 p.
894 1693 142 38 maps
1061 1681 139 51 (part
1226 1683 200 48 double)
1489 1682 56 41 31
1549 1685 43 22 cm
1598 1715 10 9 .

469 1740 292 41 Illustrated
790 1739 367 50 lining-papers.

396 1804 2020 54 © 1c. Aug. 12, 1936; A ad int. 21744; pubd. June 19; Anglo-American
470 1867 63 39 oil
561 1877 82 40 co.,
672 1867 100 49 ltd.,
798 1866 213 42 London.
1078 1865 283 50 (36-25522)

392 1972 211 64 Maple,
631 1972 208 54 James
866 1970 204 65 Brian,
1102 1973 173 55 1879-

458 2047 54 53 A
538 2047 246 55 medical
811 2046 225 71 history
1063 2046 66 56 of
1159 2046 267 57 Sullivan
1455 2052 229 65 county,
1713 2047 271 70 Indiana,
2010 2047 77 70 by
2116 2048 196 55 James
2341 2048 69 53 B.

386 2125 214 70 Maple,
627 2144 69 37 m.
722 2146 50 34 d.
838 2125 289 71 Sullivan,
1155 2126 151 69 Ind.,
1335 2128 152 55 1936.

460 2198 1168 51 1 p. l., 153 p. illus., ports., facsims. 23 cm .
396 2269 53 53 ©
478 2273 102 42 Oct.
608 2273 40 48 5,
677 2271 117 42 1936;
849 2272 67 41 2c.
948 2273 96 40 and
1071 2273 83 41 aff.
1186 2274 102 40 Oct.
1319 2274 25 38 7;
1404 2274 38 39 A
1471 2272 145 41 98837;
1677 2274 41 40 J.
1750 2275 54 40 B.
1834 2274 176 49 Maple,
2044 2273 236 49 Sullivan,
2307 2273 106 42 Ind.

477 2329 286 52 (36-25546)

392 2436 1958 68 Massachusetts digest annotated. October, 1936, pamphlet …
464 2514 180 54 Table
680 2514 64 54 of
780 2519 240 49 statutes
1055 2516 302 52 construed
1396 2515 112 52 and
1544 2515 154 52 table
1734 2515 64 55 of
1832 2515 446 53 Massachusetts
463 2514 1924 134 advance
679 2594 153 53 sheet
873 2593 331 54 references.
1282 2591 235 69 Boston,
1556 2595 192 66 Mass.,
1789 2593 197 69 Little,
2027 2595 231 66 Brown,
2299 2593 113 54 and

465 2670 1764 70 company; St. Paul, Minn., West publishing co. [ c 1936]
465 2744 56 41 84
552 2755 43 38 p.
656 2744 58 40 24
716 2748 45 21 cm
766 2778 9 9 .

466 2802 74 42 On
570 2812 171 31 cover:
775 2801 392 43 Massachusetts
1199 2801 172 50 digest,
1405 2800 115 42 1761
1552 2803 50 40 to
1635 2801 127 41 date.

395 2869 53 55 ©
477 2873 104 43 Oct.
609 2873 41 50 2,
678 2872 115 43 1936;
853 2873 68 42 2c.
951 2874 95 40 and
1078 2872 83 44 aff.
1190 2873 119 42 Nov.
1337 2872 58 42 16;
1454 2874 40 39 A
1524 2871 146 42 99863;
1730 2872 163 49 Little,
1925 2874 194 50 Brown,
2150 2873 37 42 &
2215 2882 68 32 co.
2313 2872 99 42 and

464 2932 137 41 West
628 2932 111 48 pub.
768 2942 67 30 co.

393 3037 486 54 Massachusetts
923 3037 188 67 digest
1158 3037 329 66 annotated,
1538 3034 132 54 1761
1716 3042 59 49 to
1821 3035 148 68 date,
2017 3035 269 68 covering
2332 3033 76 54 all

464 3134 149 36 cases
652 3116 268 66 reported
959 3117 62 52 in
1057 3116 448 52 Massachusetts
1544 3119 223 63 reports
1808 3115 112 52 and
1960 3114 188 54 North
2187 3117 222 51 eastern

463 3198 278 64 reporter,
789 3192 141 54 with
980 3200 229 47 current
1258 3192 347 53 cumulative
1651 3192 206 68 pocket
1906 3192 211 53 service
2163 3191 247 69 keeping

462 3269 1947 72 the digest always to date … By the publisher’s editorial
462 3351 135 55 staff.
690 3351 226 54 volume
938 3353 83 52 21.
1046 3349 646 55 Defendant-Plaintiff
1713 3350 152 52 table
1888 3349 64 53 of
1975 3368 166 35 cases.
2199 3348 211 56 Words

465 3430 113 53 and
615 3430 252 67 phrases.
944 3431 236 64 Boston,
1215 3429 192 67 Mass.,
1444 3429 196 66 Little,
1677 3431 229 64 Brown,
1945 3429 112 52 and
2097 3446 308 50 company;

465 3506 1373 70 St. Paul, Minn., West publishing co. [ c 1936]
466 3580 559 52 1 p. l., 512 p. 26½ cm .
395 3649 53 53 ©
484 3653 102 41 Oct.
619 3653 40 48 1,
692 3651 117 42 1936;
870 3651 69 42 2c.
973 3652 96 39 and
1104 3651 82 43 aff.
1221 3652 118 39 Nov.
1376 3650 56 40 16;
1496 3652 39 38 A
1569 3649 145 42 99885;
1779 3650 164 49 Little,
1980 3652 193 47 Brown,
2209 3650 96 41 and
2340 3660 67 30 co.

465 3710 95 41 and
586 3710 137 41 West
745 3709 110 49 pub.
880 3719 67 31 co.

392 3812 251 56 Medical
677 3832 227 49 papers,
935 3812 299 55 dedicated
1268 3817 58 49 to
1359 3813 205 66 Henry
1597 3812 232 66 Asbury
1867 3810 313 69 Christian,
455 3810 1929 134 physician
618 3891 116 53 and
770 3889 245 69 teacher,
1052 3888 154 55 from
1242 3888 89 55 his
1368 3894 227 63 present
1634 3888 113 54 and
1785 3894 129 63 past
1952 3887 301 55 associates
2291 3885 115 55 and

455 3968 176 55 house
666 3967 210 55 officers
913 3972 60 50 at
1008 3968 96 54 the
1141 3968 171 53 Peter
1350 3968 150 53 Bent
1538 3966 283 70 Brigham
1858 3966 272 69 hospital,
2170 3966 238 68 Boston,
