2519 4377
1367 4128 98 50 622

417 434 300 55 Southern
762 436 201 67 digest.
1039 435 193 69 April,
1277 440 152 64 1936,
1472 438 344 55 cumulative
1859 441 300 67 pamphlet
2205 484 56 10 ...
2346 443 81 56 St.

488 513 1262 72 Paul, Minn., West publishing co. [ c 1936]
487 587 86 40 329
603 597 42 38 p.
704 586 57 40 24
762 589 45 20 cm
812 618 8 7 .

490 643 73 41 On
594 654 142 30 cover;
799 644 242 40 Southern
1072 646 220 46 reporter
1324 645 175 49 digest,
1525 646 153 51 April,
1711 646 129 41 1936.

419 709 54 54 ©
504 714 115 48 Apr.
651 713 71 49 30,
756 714 141 46 1936;
933 714 67 40 2c.
1034 715 114 47 May
1181 715 82 46 18;
1300 714 82 42 aff.
1418 716 114 48 May
1565 715 82 47 20;
1683 716 41 39 A
1758 716 171 48 94616;
1966 718 137 40 West
2132 719 109 48 pub.
2276 729 68 31 co.

415 833 300 64 Speicher,
742 833 165 55 Paul.

488 925 122 54 The
649 925 163 53 truth
855 924 174 54 about
1067 923 107 55 life
1211 924 318 69 insurance,
1569 925 75 70 by
1685 926 149 54 Paul
1878 925 273 71 Speicher
2196 972 57 9 ...
416 930 1990 143 Indianapolis,
788 1005 53 51 E
871 1006 46 51 &
943 1005 53 51 E
1026 1002 384 70 publications
1446 1038 12 34 [
1464 1012 18 21 c
1486 1008 154 64 1936]

486 1078 87 42 139
605 1090 44 37 p.
710 1077 55 41 21
769 1080 45 21 cm
817 1112 10 9 .

418 1147 53 53 ©
501 1152 115 46 May
644 1151 41 47 7,
716 1149 141 48 1936;
890 1150 67 40 2c.
989 1151 96 40 and
1116 1149 81 41 aff.
1227 1152 114 46 May
1372 1149 52 48 9;
1458 1151 41 39 A
1529 1150 171 48 95132;
1735 1153 268 39 Insurance
2037 1154 225 39 research
2295 1155 36 39 &
488 1165 1925 83 review
643 1207 198 48 service,
876 1206 353 50 Indianapolis.
1302 1207 282 49 (36-10437)

414 1314 196 63 Stern,
638 1312 277 56 Edward.

486 1403 246 69 History
761 1402 63 56 of
851 1403 97 53 the
977 1401 156 55 “free
1162 1401 316 71 franking”
1505 1401 66 56 of
1596 1403 140 53 mail
1762 1404 62 52 in
1850 1403 97 54 the
1976 1404 217 54 United
2224 1405 205 67 States,

417 1482 73 70 by
527 1482 258 53 Edward
826 1480 199 68 Stern;
1068 1480 155 70 fully
1258 1481 329 54 illustrated
1625 1482 140 52 with
1805 1481 164 54 items
2009 1482 154 54 from
2198 1483 96 53 the
417 1502 1987 114 authors

609 1558 313 57 collection.
992 1560 140 55 New
1167 1559 181 70 York,
1379 1560 71 54 N.
1485 1560 91 69 Y.,
1609 1561 78 54 H.
1719 1561 66 52 L.
1817 1560 328 71 Lindquist,
2180 1565 150 51 1936.

485 1635 1631 51 4 p. l., 236, [7] p. incl. front., illus., facsims. ports. 26 cm .
490 1695 85 50 “[A
601 1693 314 51 description]
944 1693 51 42 of
1020 1693 105 42 free
1150 1693 191 48 franks,
1368 1695 337 48 autographed
1731 1694 184 49 letters,
1940 1695 175 41 checks

2141 1696 95 39 and
414 1697 1999 104 photographs
629 1752 53 41 of
714 1752 279 48 prominent
1023 1751 286 42 Americans
1342 1752 262 40 connected
1638 1752 50 39 in
1721 1762 96 38 any
1850 1761 108 39 way
1992 1752 120 41 with
2146 1754 81 40 the
414 1765 1994 86 executive

541 1810 184 40 branch
756 1809 50 41 of
833 1810 83 41 the
944 1809 181 41 United
1157 1808 163 42 States
1348 1808 610 50 government.”—Introd.

416 1879 53 54 ©
503 1884 113 47 May
651 1883 40 46 6,
725 1881 141 48 1936;
900 1883 67 39 2c.
1002 1883 96 39 and
1131 1882 83 40 aff.
1249 1882 114 48 May
1397 1881 24 40 8;
1485 1881 41 39 A
1558 1881 171 47 95057;
1763 1883 53 40 E.
1854 1882 157 48 Stern,
2045 1882 117 40 New
2196 1882 144 40 York.

495 1940 283 49 (36-10433)

413 2046 290 63 Steward,
729 2046 141 55 Sam
895 2045 81 54 M.

487 2134 219 70 Angels
746 2153 74 34 on
862 2134 96 55 the
998 2133 195 69 bough
1239 2167 12 34 [
1256 2133 93 68 by]
1400 2132 55 55 S.
1499 2133 79 53 M.
1625 2131 277 56 Steward.
1982 2130 294 70 Caldwell,
2318 2133 109 68 Id.,

416 2214 122 54 The
573 2213 225 56 Caxton
831 2211 269 71 printers,
1132 2211 124 68 ltd.,
1290 2213 148 52 1936.

485 2285 86 41 317
601 2296 44 38 p.
736 2284 27 41 19½
795 2287 44 21 cm
844 2317 9 8 .

490 2343 291 40 Illustrated
821 2344 99 46 t.-p.

415 2413 52 53 ©
502 2419 114 38 May
651 2416 71 48 15,
758 2414 140 48 1936;
936 2414 68 41 2c.
1040 2415 96 39 and
1169 2413 81 40 aff.
1289 2415 114 46 May
1438 2413 83 47 20;
1560 2413 41 39 A
1636 2413 172 47 95286;
1848 2413 192 41 Caxton
2077 2412 227 49 printers,
2340 2414 87 40 ltd.

497 2472 282 51 (36-10386)

411 2580 201 63 Stone,
640 2576 252 66 Raleigh
921 2576 292 64 Webster,
1245 2574 172 57 1889-

484 2669 122 54 The
640 2666 219 70 baking
894 2665 269 70 industry
1198 2665 181 53 under
1415 2665 71 53 N.
1524 2665 68 53 E.
1628 2663 91 70 A.,
1755 2663 75 70 by
1866 2665 68 52 E.
1974 2665 88 53 W.
2101 2663 175 56 Stone
2314 2666 113 53 and

416 2749 68 55 U.
522 2750 67 51 B.
627 2746 192 56 Stone.
893 2744 272 70 Chicago,
1202 2744 114 69 Ill.,
1351 2743 121 55 The
1504 2741 339 70 University
1878 2742 65 53 of
1979 2741 254 72 Chicago
2270 2762 157 50 press

438 2830 152 64 [1936]

484 2902 103 45 xiii,
632 2901 87 41 105
762 2912 44 38 p.
876 2899 55 42 23
935 2902 16 21 cm
985 2931 8 9 .
1064 2897 279 51 (Half-title;
1409 2896 196 44 Studies
1649 2896 50 42 in
1743 2896 223 42 business
2011 2895 414 51 administration,

416 2961 88 40 vol.
595 2991 8 16 VI,
642 2969 75 30 no.
746 2958 53 48 3)

415 3027 53 52 ©
493 3031 113 47 Apr.
630 3029 70 46 28,
728 3028 116 40 1936;
896 3029 67 39 2c.
991 3029 114 46 May
1130 3028 28 40 8;
1212 3026 80 40 aff.
1322 3028 114 46 May
1461 3025 27 40 9;
1541 3026 40 40 A
1607 3025 145 41 94349;
1809 3025 284 50 University
2119 3027 53 41 of
2200 3024 224 53 Chicago,

485 3086 226 48 Chicago.
780 3084 282 49 (36-10405)

413 3191 228 63 Stuart,
667 3189 181 52 Brian
875 3188 236 53 Arthur
1136 3187 209 55 Lewis.

483 3267 211 54 Across
749 3267 96 52 the
903 3265 221 55 Sahara
1179 3284 72 34 on
1306 3265 143 66 foot,
1503 3264 75 67 by
1635 3263 182 54 Brian
1877 3264 218 56 Stuart.
412 3264 1985 137 [Instalment
591 3350 49 61 3]

495 3421 80 47 (In
611 3414 280 50 Pearson’s,
928 3413 158 52 April,
1126 3413 143 50 1936)

415 3486 2007 53 © 1c. May 26, 1936; A ad int. 21460; pubd. Apr. 1; B. A. L. Stuart,
486 3549 212 39 London.

411 3651 361 63 Thackston,
799 3650 154 53 John
981 3649 194 65 Andy,
1204 3650 172 54 1876-

485 3727 236 53 Human
768 3727 213 67 health,
1027 3727 75 67 by
1148 3726 156 55 John
1349 3726 71 53 A.
1467 3725 328 54 Thackston
1847 3769 56 10 ...
1952 3725 114 53 and
2112 3727 195 54 James
2352 3725 66 53 F.

414 3803 1831 68 Thackston ... New York, H. Holt and company [ c 1936]
486 3879 85 49 xii,
598 3879 90 41 459
716 3890 42 38 p.
819 3878 143 49 illus.,
989 3879 158 49 plates
1174 3877 50 50 (1
1254 3877 113 48 col.)
1403 3876 180 50 diagrs.
1642 3876 59 42 19½
1730 3879 46 23 cm
1779 3908 10 10 .

414 3947 53 54 ©
499 3953 114 46 May
646 3952 39 47 1,
719 3950 140 47 1936;
897 3950 66 41 2c.
998 3951 95 40 and
1127 3950 81 39 aff.
1244 3951 113 46 May
1391 3949 81 42 16;
1509 3950 42 38 A
1581 3949 170 41 94463;
1788 3949 169 47 Henry
1992 3948 120 40 Holt
2146 3948 36 40 &
2212 3957 81 33 co.,
2329 3948 90 40 inc.

491 4007 281 51 [Copyright
805 4009 40 38 is
879 4007 204 41 claimed
1119 4018 61 29 on
1212 4005 239 42 revisions
1486 4006 96 40 and
1615 4005 262 49 additions]
497 4065 282 47 (36-10421)
