2519 4377
991 4082 133 52 1377

69 422 287 53 Alabama
391 423 202 67 digest,
630 426 133 50 1820
795 429 57 47 to
887 424 156 64 date;
1081 421 266 69 covering
1378 423 281 54 Alabama
1694 427 220 63 reports
1951 421 113 52 and

142 501 283 54 Southern
458 506 273 62 reporter,
765 520 59 34 as
856 501 127 52 well
1018 520 58 34 as
1110 501 282 51 Alabama
1427 518 150 36 cases
1609 500 232 52 decided
1875 499 60 52 in
1967 500 98 52 the

140 578 217 53 federal
389 579 242 52 District
664 579 110 52 and
806 579 220 54 Circuit
1057 583 204 62 courts,
1293 578 223 55 Circuit
1543 583 162 47 court
1734 577 62 52 of
1830 577 236 68 appeals

141 656 1923 67 and Supreme court of the United States … with current
139 735 341 51 cumulative
540 735 199 66 pocket
803 733 223 53 service,
1120 734 222 52 volume
1406 737 78 50 12.
1548 732 513 69 Indians-Judges.

141 812 81 54 St.
249 813 163 58 Paul,
439 813 199 51 Minn..
665 813 158 53 West
850 811 334 68 publishing
1209 830 77 35 co.
1363 815 149 62 [c1936]

136 897 99 48 viii,
267 897 83 41 808
378 907 43 37 p.
482 897 58 40 26½
570 900 43 21 cm
619 931 8 8 .

69 978 53 54 ©
152 983 126 47 Sept.
307 983 69 47 28,
406 983 112 40 1936
537 994 8 32 :
576 983 65 39 2c.
674 984 100 39 Oct.
805 983 82 42 15:
920 983 81 40 aff.
1033 983 101 41 Oct.
1165 982 82 47 20;
1280 984 40 38 A
1349 982 170 48 99516;
1548 983 136 40 West
1713 982 109 48 pub.
1853 991 67 29 co.

66 1101 211 65 Baker,
308 1103 322 63 Margaret,
665 1108 169 49 1890-

138 1178 120 52 The
298 1178 262 69 roaming
598 1179 136 66 doll,
773 1178 78 68 by
887 1178 298 68 Margaret
1227 1177 216 66 Baker;
1489 1176 248 69 pictures
1777 1177 75 68 by
1893 1177 170 68 Mary

70 1256 203 53 Baker.
347 1256 247 67 Oxford,
630 1258 68 51 B.
737 1256 311 53 Blackwell
1113 1259 150 63 [1936]

143 1343 82 52 [91]
258 1354 44 38 p.
363 1342 127 43 illus.
550 1343 55 41 23
609 1346 43 21 cm
658 1376 9 8 .

137 1414 287 40 Illustrated
456 1412 363 50 lining-papers.

137 1470 257 41 American
433 1469 182 41 edition
667 1470 139 48 (New
844 1470 144 47 York,
1032 1469 152 49 Dodd,
1227 1469 142 41 Mead
1410 1469 36 41 &
1485 1469 259 48 company)
1794 1469 90 39 has
1926 1469 135 40 title:

66 1527 214 40 Victoria
312 1526 274 49 Josephine.

69 1601 1994 54 © 1c. Sept. 14, 1936; A ad int. 21852; pubd. Sept. 1; Dodd, Mead & co.,
137 1663 105 47 inc.,
277 1664 116 38 New
426 1663 145 40 York.
641 1662 280 48 (36-21831)

67 1766 288 63 Baptists.
432 1769 195 50 Texas.
706 1766 243 55 General
987 1766 350 53 convention.
1413 1764 311 54 Executive
1763 1764 193 53 hoard.

141 1838 1919 70 Centennial story of Texas Baptists … Dallas, Tex., Pub.
67 1918 75 68 by
180 1918 294 68 authority
513 1918 64 54 of
613 1919 97 54 the
751 1917 311 54 Executive
1099 1917 181 53 board
1319 1916 63 54 of
1421 1917 97 53 the
1559 1915 233 70 Baptist
1831 1917 229 68 general

68 1996 336 52 convention
441 1995 63 53 of
539 1996 201 68 Texas,
777 1997 148 52 1936.

136 2079 1568 50 xi, 434 p. incl. front. (port.) diagr. plates, ports. 23½ cm .
140 2150 67 39 “A
242 2151 195 48 Baptist
472 2162 111 37 map
618 2151 51 40 of
703 2152 172 48 Texas,
910 2152 215 47 locating
1158 2162 130 30 some
1324 2153 50 38 of
1410 2153 82 39 the
1527 2152 135 48 early
1697 2154 180 47 events,
66 2153 1977 101 interesting
255 2217 323 40 occurrences,
614 2208 96 40 and
743 2209 265 46 important
1041 2208 333 41 institutions”
1409 2220 58 28 on
1502 2209 362 50 lining-papers.

141 2265 190 40 Harlan
365 2265 42 40 J.
441 2266 274 44 Matthews,
752 2265 274 40 committee
1060 2266 250 40 chairman;
1377 2267 49 40 L.
1460 2267 56 41 B.
1552 2267 185 47 Elliott,
1773 2267 170 40 editor.

68 2332 52 53 ©
146 2338 118 47 Aug.
294 2338 68 47 24,
391 2338 112 40 1936;
560 2337 67 41 2c.
658 2338 94 39 and
780 2338 82 40 aff.
893 2338 128 47 Sept.
1045 2338 57 39 24;
1160 2339 40 38 A
1227 2338 142 41 98611;
1429 2338 266 39 Executive
1722 2339 151 39 board
1902 2338 52 39 of
1982 2338 85 40 the

135 2394 195 49 Baptist
362 2395 205 40 General
599 2394 288 41 convention
917 2395 50 40 of
998 2396 171 48 Texas,
1203 2394 185 40 Dallas.
1459 2395 281 49 (36-21474)

66 2498 278 66 Seeding,
370 2498 261 65 Francis,
656 2501 193 63 pseud.

137 2574 122 52 The
288 2573 132 55 nine
453 2577 196 52 waxed
685 2575 169 66 faces,
884 2576 76 67 by
992 2575 239 55 Francis
1262 2575 272 69 Beeding.
1609 2577 258 66 London,
67 2577 1970 128 Hodder
197 2655 111 52 and
341 2653 341 68 Stoughton,
711 2654 239 68 limited,
981 2659 148 50 1936.

140 2738 677 50 3 p. l. , 9-318, [1] p. 20 cm .
67 2805 1997 53 © 1c. Sept. 29, 1936; A ad int. 21851; pubd. Sept. 27; Harper & bros.,
137 2866 117 41 New
286 2867 145 40 York.
502 2866 280 51 (36-21459)

66 2971 302 65 Bianquis,
400 2972 348 56 Geneviève.

65 3047 1971 146 … Histoire de la littérature allemande, par Geneviève Bianquis … Paris, A. Colin, 1936.
137 3212 98 48 215,
273 3212 54 50 [1]
363 3223 42 37 p.
468 3212 84 48 17|
556 3214 43 21 cm
603 3245 9 8 .
685 3212 287 50 (Collection
1005 3213 216 40 Armand
1256 3212 138 43 Colin
1438 3212 218 51 (Section
1688 3213 59 41 de
1778 3212 203 50 langues
2014 3217 48 39 et

66 3268 329 49 littératures)
450 3269 183 49 n°195)

140 3338 390 50 “Bibliographie
551 3340 286 42 sommaire”
856 3352 8 28 :
899 3353 44 37 p.
969 3340 113 51 [207]

68 3406 1994 54 © July 8, 1936; 1c. Aug. 27; A- Foreign 32840; Max Leclerc et cie.,
136 3466 154 41 Paris.
361 3467 279 48 (36-21180)

67 3568 197 66 Black,
291 3572 232 53 Arthur
547 3573 360 63 Davenport,
939 3574 170 53 1870-
1323 3594 159 50 comp
1491 3621 9 10 .

136 3648 182 53 Index
360 3648 64 53 of
463 3650 94 53 the
599 3649 312 68 periodical
953 3652 191 52 dental
1185 3654 299 55 literature,
1523 3652 303 70 published
1867 3650 57 52 in
1968 3651 95 51 the

68 3726 242 66 English
347 3727 298 66 language,
680 3728 300 69 including
1014 3731 346 68 seventy-six
1394 3730 382 71 publications
1811 3729 62 52 in
65 3728 1977 141 England,
254 3803 251 59 Canada,
537 3805 316 66 Australia,
884 3808 138 52 New
1054 3809 249 53 Zealand
1337 3811 112 54 and
1479 3811 96 52 the
1606 3808 218 56 United
1860 3806 205 64 States,

66 3880 155 54 three
249 3899 177 48 years.
460 3885 323 50 1930-1932.
859 3885 56 52 A
943 3885 278 54 classified
1250 3890 218 66 subject
1500 3888 172 52 index
1701 3904 72 33 on
1801 3886 95 51 the
1927 3884 139 67 plan

66 3959 63 51 of
164 3959 94 52 the
295 3960 210 65 Dewey
540 3958 238 54 decimal
816 3961 414 60 classification.
1308 3969 96 52 An
1443 3963 378 71 alphabetical
1862 3962 205 54 author
