2519 4377
1048 4113 133 53 1147

85 496 279 53 National
395 493 357 54 association
782 493 63 52 of
875 490 264 64 building
1169 505 229 37 owners
1429 488 114 52 and
1577 502 336 48 managers.

156 574 119 51 The
312 572 369 66 proceedings
720 569 63 52 of
818 570 96 51 the
947 564 409 70 twenty-ninth
1396 565 209 54 annual
1642 564 337 54 convention
2023 605 55 9 ...

86 651 175 52 Hotel
304 649 322 66 Adolphus,
668 647 217 65 Dallas,
929 647 200 63 Texas,
1172 645 138 66 May
1352 647 188 61 25-28,
1588 645 148 49 1936.
1815 641 269 67 Chicago,
87 729 120 52 The
232 725 375 66 Association,
631 731 19 21 c
655 728 150 50 1936.

159 800 97 49 xxi,
286 799 84 40 322
400 808 43 38 p.
501 798 143 46 illus.,
674 799 163 46 ports.,
865 794 178 48 diagrs.
1075 794 47 48 (1
1154 793 142 50 fold.)
1361 792 56 40 23½cm.

155 855 313 46 Advertising
485 855 180 38 matter;
724 863 43 37 p.
786 851 216 41 275-322.

90 909 52 52 ©
171 914 119 45 Aug.
321 912 68 46 12,
418 910 140 47 1936;
587 910 68 40 2c.
686 909 93 39 and
811 907 81 42 aff.
923 908 118 46 Aug.
1075 908 80 41 17;
1190 908 39 37 A
1259 904 170 47 96934;
1464 905 130 40 Natl.
1627 914 129 30 assn,
1786 904 52 39 of
1866 902 222 49 building

161 979 186 29 owners
376 969 95 39 and
501 976 269 38 managers.

91 1058 258 63 Nesbitt,
375 1057 248 55 Marion.

161 1135 120 52 The
323 1133 280 54 Marshall
645 1131 226 69 speller,
912 1130 76 68 by
1030 1129 229 53 Marion
1301 1126 228 55 Nesbitt
1576 1170 56 10 ...
1681 1127 111 52 and
1835 1128 148 51 Paul
2029 1125 58 57 S.

89 1212 205 53 Daniel
323 1255 55 9 ...
441 1209 342 67 Richmond,
804 1209 125 66 Va.,
951 1208 157 54 John
1130 1207 282 52 Marshall
1433 1204 336 71 publishing
1793 1224 297 51 company,

93 1290 344 67 inc. [ c 1936]
160 1361 85 43 223
276 1373 44 39 p.
382 1361 57 41 19½cm.

163 1417 1008 49 On cover; Complete, grades II to VII.
95 1472 52 53 ©
172 1477 118 42 Aug.
316 1477 68 46 14,
411 1474 139 47 1936;
578 1475 66 39 2c.
671 1476 120 46 Aug.
817 1475 54 40 18;
928 1473 81 41 aff.
1037 1474 119 46 Aug.
1184 1474 56 39 17;
1295 1474 40 38 A
1360 1472 171 47 96948;
1561 1473 126 39 John
1716 1472 239 39 Marshall
1982 1471 111 51 pub.

163 1543 81 37 co.,
273 1532 89 39 inc.
430 1531 279 48 (36-18487)

94 1610 143 52 New
265 1609 228 63 Jersey.
567 1610 184 63 Laws,
778 1613 255 61 statutes,
1061 1614 99 47 etc.

165 1688 137 52 New
350 1688 200 64 Jersey
599 1690 208 48 statute
856 1684 225 53 service.
1160 1687 133 49 1936
1342 1684 228 65 annual,
1619 1683 331 67 containing
1999 1684 94 52 the

96 1764 192 67 public
324 1770 116 46 acts
475 1763 64 52 of
572 1764 95 51 the
704 1761 209 69 special
947 1762 209 52 session
1195 1765 150 63 1935,
1383 1761 245 55 October
1661 1765 84 63 25,
1784 1764 151 64 1935,
96 1779 1975 115 regular

254 1842 226 65 session,
514 1845 151 62 1936,
696 1848 58 47 to
787 1843 151 53 June
970 1842 83 64 30,
1087 1842 151 65 1936,
1272 1840 139 52 with
1447 1839 361 53 annotations
97 1845 1973 140 construing
225 1920 93 51 the
347 1919 139 52 laws
513 1919 112 52 and
654 1919 138 51 with
824 1918 150 52 table
1004 1918 112 52 and
1145 1917 187 52 index.
1408 1918 263 65 Newark,
1702 1919 68 52 N.
1801 1920 74 64 J.,
1909 1917 186 68 Soney

98 2000 44 50 &
176 1996 145 67 Sage
353 2014 108 47 co.;
499 1995 82 54 St.
615 1996 166 67 Paul,
814 1997 200 66 Minn.,
1044 1998 158 52 West
1235 1995 334 68 publishing
1602 2014 97 48 co.,
1736 1999 147 49 1936.

168 2068 99 48 viii,
299 2069 84 39 518
411 2079 43 37 p.
513 2068 55 40 26
572 2071 46 20 cm
621 2100 8 9 .

100 2121 52 53 ©
183 2126 115 46 July
328 2125 69 46 29,
429 2124 139 47 1936;
601 2124 70 41 2c.
703 2124 96 40 and
830 2124 82 40 aff.
944 2125 121 45 Aug.
1096 2125 82 45 17;
1212 2125 41 38 A
1284 2124 171 47 96968;
1493 2125 155 46 Soney
1677 2125 38 40 &
1747 2125 123 47 Sage
1900 2134 67 31 co.
2003 2125 95 39 and

171 2183 132 39 West
329 2181 109 48 pub.
465 2191 67 31 co.

100 2259 144 52 New
270 2259 160 52 York
463 2259 218 65 (State)
765 2258 183 66 Laws,
973 2263 255 60 statutes,
1255 2263 99 46 etc.

172 2337 119 50 The
330 2335 387 53 consolidated
754 2335 138 51 laws
931 2336 62 51 of
1033 2336 137 51 New
1211 2335 180 64 York,
1431 2335 322 53 annotated,
1829 2336 147 51 book
2017 2340 80 49 65.

103 2412 484 55 Unconsolidated
626 2413 155 53 laws.
856 2411 368 68 Comprising
1262 2413 95 52 the
1395 2412 352 53 substantive
1786 2413 136 53 laws
1963 2414 63 51 of
2069 2433 30 33 a

103 2491 228 65 general
367 2491 113 52 and
516 2495 336 62 permanent
885 2495 201 47 nature
1123 2489 61 52 in
1220 2489 156 54 force
1411 2491 246 66 August,
1694 2494 151 63 1936,
1882 2499 102 46 not
104 2491 1971 143 incorporated

466 2567 60 51 in
553 2568 94 51 the
676 2567 386 52 consolidated
1090 2567 153 54 laws.
1319 2568 159 67 Kept
1504 2575 57 48 to
1591 2568 129 53 date
1749 2570 74 66 by
105 2570 1971 128 cumulative
256 2645 208 52 annual
503 2644 403 67 supplements.

981 2644 330 53 Annotated
1350 2645 153 52 from
1541 2646 75 52 all
1655 2647 95 53 the
1786 2665 150 35 cases
105 2667 1973 122 construing
381 2722 155 52 these
591 2722 154 52 laws.
822 2722 312 67 Brooklyn,
1189 2724 68 52 N.
1316 2724 90 66 Y.,
1463 2724 252 52 Edward
1773 2726 331 67 Thompson

106 2802 499 64 company [ c 1936]
177 2871 101 49 viii,
307 2872 83 42 672
417 2882 44 38 p.
517 2871 55 41 23½
605 2874 47 20 cm
655 2905 9 9 .

109 2925 52 53 ©
190 2930 115 46 July
334 2930 69 47 13,
433 2927 139 49 1936;
605 2929 68 38 2c.
705 2928 94 39 and
833 2928 80 40 aff.
944 2929 119 46 Aug.
1096 2930 80 46 17;
1210 2930 40 38 A
1281 2929 170 47 96965;
1487 2931 211 40 Edward
1730 2932 275 49 Thompson
2037 2943 67 30 co.

109 3060 144 53 New
292 3061 160 52 York
493 3060 387 67 supplement;
924 3077 149 36 cases
1113 3062 214 66 argued
1368 3063 112 52 and
1520 3064 350 54 determined
1911 3064 59 54 in
2010 3067 95 53 the

182 3138 179 54 Court
400 3139 62 52 of
502 3138 250 66 appeals.
796 3138 273 66 Supreme
1112 3138 110 52 and
1264 3139 171 52 lower
1473 3146 187 48 courts
1702 3142 62 52 of
1805 3145 197 51 record
2043 3144 63 52 of

182 3216 136 51 New
348 3216 161 52 York
536 3220 161 61 state,
725 3215 137 51 with
892 3215 108 67 key
1026 3217 236 50 number
1291 3218 377 54 annotations,
1735 3221 222 52 volume
1988 3225 116 51 285.

182 3293 429 65 March-April,
651 3295 149 49 1936.
879 3291 81 55 St.
1002 3294 164 65 Paul,
1204 3294 200 67 Minn.,
1442 3296 156 53 West
1638 3298 335 68 publishing
2011 3319 96 48 co.,
186 3373 148 49 1936.

186 3441 147 48 xxvii,
364 3441 126 47 1088,
517 3441 58 40 65
600 3451 43 37 p.
700 3441 56 39 24
759 3443 44 21 cm
808 3473 9 9 .

116 3494 52 53 ©
195 3498 114 47 July
334 3498 68 48 22,
430 3498 113 39 1936;
598 3497 69 40 2c.
695 3497 94 39 and
818 3497 79 39 aff.
925 3498 118 47 Aug.
1073 3499 53 39 17;
1183 3500 43 38 A
1250 3498 145 43 96977;
1450 3502 134 40 West
1610 3503 109 48 pub.
1748 3513 65 29 co.

115 3573 194 52 North
342 3577 254 50 western
633 3580 283 60 reporter;
955 3592 150 35 cases
1138 3578 214 65 argued
1388 3579 110 51 and
1535 3579 347 55 determined
1918 3583 60 52 in
2014 3585 94 52 the

185 3657 187 46 courts
406 3651 62 52 of
501 3651 175 65 Iowa,
710 3650 312 68 Michigan,
1054 3653 339 67 Minnesota,
1428 3656 310 68 Nebraska,
1773 3660 185 53 North
183 3663 1901 117 Dakota.

381 3727 179 55 South
603 3727 247 67 Dakota,
888 3728 337 69 Wisconsin,
1267 3730 139 53 with
1446 3732 108 68 key
1595 3737 238 51 number
188 3745 1896 112 annotations.
428 3805 219 52 volume

700 3808 117 50 266.
901 3806 380 67 April-June,
1334 3812 148 50 1936.
1561 3810 81 55 St.
1696 3815 164 65 Paul,
1908 3817 202 68 Minn.,

187 3882 158 52 West
373 3881 334 66 publishing
734 3900 96 48 co.,
861 3886 148 49 1936.

261 3985 8 15 xx,
299 3953 112 40 1002
440 3963 44 37 p.
543 3952 154 48 diagr.
756 3953 56 40 26
814 3956 45 21 cm
864 3985 9 9 .

123 4004 51 52 ©
201 4010 114 46 July
341 4009 67 45 10,
435 4007 139 47 1936;
602 4008 67 41 2c.
697 4009 95 39 and
818 4009 81 41 aff.
926 4010 118 46 Aug.
1073 4011 58 39 17;
1184 4012 41 38 A
1250 4011 170 49 96980;
1452 4015 133 39 West
1612 4017 109 46 pub.
1750 4027 67 31 co.
