<alto xmlns="http://www.loc.gov/standards/alto/ns-v3#" xmlns:xsi="http://www.w3.org/2001/XMLSchema-instance" xsi:schemaLocation="http://www.loc.gov/standards/alto/ns-v3# http://www.loc.gov/alto/v3/alto-3-0.xsd"><Description>
<MeasurementUnit>pixel</MeasurementUnit>
<sourceImageInformation>
<fileName>1936_v33_Part1.pdf</fileName>
</sourceImageInformation>
<OCRProcessing ID="IdOcr">
<ocrProcessingStep>
<processingDateTime>2019-01-18</processingDateTime>
<processingSoftware>
<softwareCreator>ABBYY</softwareCreator>
<softwareName>ABBYY Recognition Server</softwareName>
<softwareVersion>4.0</softwareVersion>
</processingSoftware>
</ocrProcessingStep>
</OCRProcessing>
</Description>
<Styles>
<ParagraphStyle ALIGN="Left" FIRSTLINE="0." ID="StyleId-FFFFFFFF-FFFF-FFFF-FFFF-FFFFFFFFFFFF-" LEFT="0." RIGHT="0." />
<ParagraphStyle ALIGN="Left" FIRSTLINE="0." ID="StyleId-51D50FAC-7A90-4D70-8A96-5EA9D46D1C8B-" LEFT="0." LINESPACE="7.699999809" RIGHT="0." />
<ParagraphStyle ALIGN="Block" FIRSTLINE="-17." ID="StyleId-6BC133E9-7DCB-43C3-8842-A67984A26405-" LEFT="0." LINESPACE="8.340000153" RIGHT="0." />
<ParagraphStyle ALIGN="Left" FIRSTLINE="-13." ID="StyleId-3C3FF860-43E7-46A2-8934-48F305F6F0D6-" LEFT="0." LINESPACE="11.06999969" RIGHT="0." />
<ParagraphStyle ALIGN="Block" FIRSTLINE="-13." ID="StyleId-19220C76-4F8A-4737-B38C-B5F5C17E6040-" LEFT="0." LINESPACE="11.06999969" RIGHT="0." />
<ParagraphStyle ALIGN="Left" FIRSTLINE="0." ID="StyleId-75A0D721-13ED-4F20-9002-B389EC48477D-" LEFT="0." LINESPACE="15.5" RIGHT="0." />
<ParagraphStyle ALIGN="Left" FIRSTLINE="0." ID="StyleId-8A414184-C7A5-4AC7-9B88-7DA4DDE75922-" LEFT="0." LINESPACE="9.399999619" RIGHT="0." />
<ParagraphStyle ALIGN="Left" FIRSTLINE="0." ID="StyleId-1A87970B-111C-4169-99A6-9412976F3C97-" LEFT="0." LINESPACE="10.5" RIGHT="0." />
<ParagraphStyle ALIGN="Block" FIRSTLINE="-17." ID="StyleId-72DB0571-5AE4-41FD-9E11-68C6AC4C437E-" LEFT="0." LINESPACE="8.340000153" RIGHT="0." />
<ParagraphStyle ALIGN="Center" FIRSTLINE="0." ID="StyleId-1AA43056-C388-4697-B10F-72FDAA38FAE1-" LEFT="0." LINESPACE="10.5" RIGHT="0." />
</Styles>
<Layout>
<Page HEIGHT="4377" ID="Page1233" PHYSICAL_IMG_NR="1233" WIDTH="2519">
<TopMargin HEIGHT="450" HPOS="0" VPOS="0" WIDTH="2519">
</TopMargin>
<LeftMargin HEIGHT="3618" HPOS="0" VPOS="450" WIDTH="104">
</LeftMargin>
<RightMargin HEIGHT="3618" HPOS="2130" VPOS="450" WIDTH="389">
</RightMargin>
<BottomMargin HEIGHT="309" HPOS="0" VPOS="4068" WIDTH="2519">
<TextBlock HEIGHT="166" HPOS="901" ID="Page1233_Block1" LANG="en-US" STYLEREFS="StyleId-9D2042EC-E9CB-42B1-B05B-26F8A45E877F-" VPOS="4080" WIDTH="392">
<TextLine HEIGHT="55" HPOS="1048" VPOS="4108" WIDTH="131">
<String CONTENT="1233" HEIGHT="55" HPOS="1048" VPOS="4108" WIDTH="131" />
</TextLine>
</TextBlock>
</BottomMargin>
<PrintSpace HEIGHT="3618" HPOS="104" VPOS="450" WIDTH="2026">
<TextBlock CS="1" HEIGHT="3618" HPOS="104" ID="Page1233_Block2" LANG="en-US" STYLEREFS="StyleId-7F6FAF15-11DC-41EB-B9D6-D8A2684208F6-" VPOS="450" WIDTH="2026">
<TextLine HEIGHT="69" HPOS="118" VPOS="461" WIDTH="1999">
<String CONTENT="Alabama" HEIGHT="54" HPOS="118" LANG="de" VPOS="461" WIDTH="288" />
<SP HEIGHT="52" HPOS="407" VPOS="464" WIDTH="32" />
<String CONTENT="digest," HEIGHT="65" HPOS="440" LANG="en-US" VPOS="464" WIDTH="201" />
<SP HEIGHT="61" HPOS="642" VPOS="468" WIDTH="35" />
<String CONTENT="1820" HEIGHT="51" HPOS="678" LANG="de" VPOS="466" WIDTH="134" />
<SP HEIGHT="49" HPOS="813" VPOS="468" WIDTH="30" />
<String CONTENT="to" HEIGHT="48" HPOS="844" LANG="en-US" VPOS="468" WIDTH="58" />
<SP HEIGHT="52" HPOS="903" VPOS="464" WIDTH="34" />
<String CONTENT="date;" HEIGHT="64" HPOS="938" LANG="en-US" VPOS="464" WIDTH="157" />
<SP HEIGHT="47" HPOS="1096" VPOS="481" WIDTH="35" />
<String CONTENT="covering" HEIGHT="66" HPOS="1132" LANG="en-US" VPOS="464" WIDTH="267" />
<SP HEIGHT="67" HPOS="1400" VPOS="463" WIDTH="31" />
<String CONTENT="Alabama" HEIGHT="53" HPOS="1432" LANG="en-US" VPOS="462" WIDTH="282" />
<SP HEIGHT="34" HPOS="1715" VPOS="481" WIDTH="32" />
<String CONTENT="reports" HEIGHT="61" HPOS="1748" LANG="en-US" VPOS="468" WIDTH="222" />
<SP HEIGHT="34" HPOS="1971" VPOS="480" WIDTH="35" />
<String CONTENT="and" HEIGHT="52" HPOS="2007" LANG="en-US" VPOS="462" WIDTH="110" />
</TextLine>
<TextLine HEIGHT="68" HPOS="191" VPOS="539" WIDTH="1926">
<String CONTENT="Southern" HEIGHT="54" HPOS="191" VPOS="541" WIDTH="282" />
<SP HEIGHT="33" HPOS="474" VPOS="559" WIDTH="34" />
<String CONTENT="reporter" HEIGHT="62" HPOS="509" VPOS="545" WIDTH="257" />
<SP HEIGHT="33" HPOS="767" VPOS="559" WIDTH="34" />
<String CONTENT="as" HEIGHT="33" HPOS="802" VPOS="559" WIDTH="60" />
<SP HEIGHT="33" HPOS="863" VPOS="559" WIDTH="31" />
<String CONTENT="well" HEIGHT="53" HPOS="895" VPOS="540" WIDTH="127" />
<SP HEIGHT="51" HPOS="1023" VPOS="541" WIDTH="35" />
<String CONTENT="as" HEIGHT="33" HPOS="1059" VPOS="559" WIDTH="59" />
<SP HEIGHT="52" HPOS="1119" VPOS="540" WIDTH="32" />
<String CONTENT="Alabama" HEIGHT="53" HPOS="1152" VPOS="540" WIDTH="283" />
<SP HEIGHT="34" HPOS="1436" VPOS="559" WIDTH="34" />
<String CONTENT="cases" HEIGHT="35" HPOS="1471" VPOS="558" WIDTH="149" />
<SP HEIGHT="52" HPOS="1621" VPOS="541" WIDTH="33" />
<String CONTENT="decided" HEIGHT="54" HPOS="1655" VPOS="539" WIDTH="234" />
<SP HEIGHT="53" HPOS="1890" VPOS="539" WIDTH="36" />
<String CONTENT="in" HEIGHT="52" HPOS="1927" VPOS="539" WIDTH="60" />
<SP HEIGHT="47" HPOS="1988" VPOS="544" WIDTH="34" />
<String CONTENT="the" HEIGHT="51" HPOS="2023" VPOS="540" WIDTH="94" />
</TextLine>
<TextLine HEIGHT="67" HPOS="189" VPOS="617" WIDTH="1929">
<String CONTENT="federal" HEIGHT="52" HPOS="189" VPOS="618" WIDTH="218" />
<SP HEIGHT="51" HPOS="408" VPOS="619" WIDTH="30" />
<String CONTENT="District" HEIGHT="53" HPOS="439" VPOS="618" WIDTH="243" />
<SP HEIGHT="47" HPOS="683" VPOS="624" WIDTH="29" />
<String CONTENT="and" HEIGHT="52" HPOS="713" VPOS="619" WIDTH="113" />
<SP HEIGHT="54" HPOS="827" VPOS="618" WIDTH="30" />
<String CONTENT="Circuit" HEIGHT="54" HPOS="858" VPOS="618" WIDTH="220" />
<SP HEIGHT="47" HPOS="1079" VPOS="624" WIDTH="28" />
<String CONTENT="courts," HEIGHT="61" HPOS="1108" VPOS="623" WIDTH="204" />
<SP HEIGHT="65" HPOS="1313" VPOS="619" WIDTH="31" />
<String CONTENT="Circuit" HEIGHT="55" HPOS="1345" VPOS="617" WIDTH="221" />
<SP HEIGHT="47" HPOS="1567" VPOS="623" WIDTH="29" />
<String CONTENT="court" HEIGHT="48" HPOS="1597" VPOS="622" WIDTH="160" />
<SP HEIGHT="48" HPOS="1758" VPOS="622" WIDTH="29" />
<String CONTENT="of" HEIGHT="53" HPOS="1788" VPOS="617" WIDTH="63" />
<SP HEIGHT="52" HPOS="1852" VPOS="617" WIDTH="31" />
<String CONTENT="appeals" HEIGHT="67" HPOS="1884" VPOS="617" WIDTH="234" />
</TextLine>
<TextLine CS="1" HEIGHT="67" HPOS="189" VPOS="694" WIDTH="1928">
<String CONTENT="and" HEIGHT="52" HPOS="189" VPOS="696" WIDTH="112" />
<SP HEIGHT="55" HPOS="302" VPOS="695" WIDTH="43" />
<String CONTENT="Supreme" HEIGHT="66" HPOS="346" VPOS="695" WIDTH="274" />
<SP HEIGHT="33" HPOS="621" VPOS="714" WIDTH="39" />
<String CONTENT="court" HEIGHT="49" HPOS="661" VPOS="699" WIDTH="161" />
<SP HEIGHT="50" HPOS="823" VPOS="699" WIDTH="41" />
<String CONTENT="of" HEIGHT="54" HPOS="865" VPOS="695" WIDTH="64" />
<SP HEIGHT="52" HPOS="930" VPOS="695" WIDTH="36" />
<String CONTENT="the" HEIGHT="51" HPOS="967" VPOS="696" WIDTH="96" />
<SP HEIGHT="53" HPOS="1064" VPOS="697" WIDTH="41" />
<String CONTENT="United" HEIGHT="55" HPOS="1106" VPOS="695" WIDTH="216" />
<SP HEIGHT="55" HPOS="1323" VPOS="696" WIDTH="44" />
<String CONTENT="States" HEIGHT="55" HPOS="1368" VPOS="696" WIDTH="186" />
<SP />
<String CONTENT="&#8230;" CS="1" />
<SP HEIGHT="33" HPOS="1660" VPOS="715" WIDTH="45" />
<String CONTENT="with" HEIGHT="54" HPOS="1706" VPOS="694" WIDTH="140" />
<SP HEIGHT="51" HPOS="1847" VPOS="696" WIDTH="41" />
<String CONTENT="current" HEIGHT="47" HPOS="1889" VPOS="701" WIDTH="228" />
</TextLine>
<TextLine HEIGHT="69" HPOS="187" VPOS="771" WIDTH="1929">
<String CONTENT="cumulative" HEIGHT="53" HPOS="187" VPOS="772" WIDTH="342" />
<SP HEIGHT="47" HPOS="530" VPOS="792" WIDTH="54" />
<String CONTENT="pocket" HEIGHT="66" HPOS="585" VPOS="773" WIDTH="203" />
<SP HEIGHT="48" HPOS="789" VPOS="777" WIDTH="51" />
<String CONTENT="service," HEIGHT="55" HPOS="841" VPOS="771" WIDTH="225" />
<SP HEIGHT="34" HPOS="1067" VPOS="792" WIDTH="73" />
<String CONTENT="v." HEIGHT="34" HPOS="1141" VPOS="792" WIDTH="51" />
<SP HEIGHT="49" HPOS="1193" VPOS="777" WIDTH="57" />
<String CONTENT="11." HEIGHT="49" HPOS="1251" VPOS="777" WIDTH="79" />
<SP HEIGHT="55" HPOS="1331" VPOS="773" WIDTH="57" />
<String CONTENT="Good" HEIGHT="55" HPOS="1389" VPOS="773" WIDTH="163" />
<SP HEIGHT="52" HPOS="1553" VPOS="774" WIDTH="54" />
<String CONTENT="will-indemnity." HEIGHT="68" HPOS="1608" VPOS="772" WIDTH="508" />
</TextLine>
<TextLine CS="1" HEIGHT="68" HPOS="190" VPOS="850" WIDTH="1375">
<String CONTENT="St." HEIGHT="54" HPOS="190" VPOS="851" WIDTH="80" />
<SP HEIGHT="51" HPOS="271" VPOS="852" WIDTH="25" />
<String CONTENT="Paul," HEIGHT="66" HPOS="297" VPOS="850" WIDTH="165" />
<SP HEIGHT="64" HPOS="463" VPOS="852" WIDTH="24" />
<String CONTENT="Minn.," HEIGHT="63" HPOS="488" VPOS="852" WIDTH="202" />
<SP HEIGHT="63" HPOS="691" VPOS="852" WIDTH="22" />
<String CONTENT="West" HEIGHT="53" HPOS="714" VPOS="852" WIDTH="158" />
<SP HEIGHT="61" HPOS="873" VPOS="856" WIDTH="26" />
<String CONTENT="publishing" HEIGHT="68" HPOS="900" VPOS="850" WIDTH="334" />
<SP HEIGHT="49" HPOS="1235" VPOS="869" WIDTH="25" />
<String CONTENT="co." HEIGHT="35" HPOS="1261" VPOS="869" WIDTH="78" />
<SP HEIGHT="33" HPOS="1340" VPOS="885" WIDTH="34" />
<String CONTENT="[c1936]" CS="1" HEIGHT="64" HPOS="1392" VPOS="854" WIDTH="173" />
</TextLine>
<TextLine HEIGHT="49" HPOS="187" VPOS="922" WIDTH="463">
<String CONTENT="viii," HEIGHT="48" HPOS="187" VPOS="922" WIDTH="99" />
<SP HEIGHT="47" HPOS="287" VPOS="923" WIDTH="30" />
<String CONTENT="810" HEIGHT="40" HPOS="318" VPOS="923" WIDTH="84" />
<SP HEIGHT="38" HPOS="407" VPOS="933" WIDTH="23" />
<String CONTENT="p." HEIGHT="38" HPOS="431" VPOS="933" WIDTH="44" />
<SP HEIGHT="41" HPOS="476" VPOS="922" WIDTH="57" />
<String CONTENT="26cm." HEIGHT="41" HPOS="534" VPOS="922" WIDTH="116" />
</TextLine>
<TextLine CS="1" HEIGHT="53" HPOS="119" STYLEREFS="StyleId-7C6F063B-EDB6-470B-8891-BF85E3332585-" VPOS="989" WIDTH="1942">
<String CONTENT="&#169;" HEIGHT="53" HPOS="119" VPOS="989" WIDTH="52" />
<SP HEIGHT="53" HPOS="172" VPOS="989" WIDTH="28" />
<String CONTENT="Aug." HEIGHT="47" HPOS="201" VPOS="993" WIDTH="120" />
<SP HEIGHT="39" HPOS="322" VPOS="994" WIDTH="30" />
<String CONTENT="19," HEIGHT="49" HPOS="353" VPOS="993" WIDTH="69" />
<SP HEIGHT="48" HPOS="423" VPOS="994" WIDTH="31" />
<String CONTENT="1936;" CS="1" HEIGHT="41" HPOS="455" VPOS="992" WIDTH="113" />
<SP HEIGHT="47" HPOS="596" VPOS="993" WIDTH="31" />
<String CONTENT="2c." HEIGHT="39" HPOS="628" VPOS="993" WIDTH="66" />
<SP HEIGHT="40" HPOS="695" VPOS="994" WIDTH="36" />
<String CONTENT="Sept." HEIGHT="48" HPOS="732" VPOS="993" WIDTH="127" />
<SP HEIGHT="39" HPOS="860" VPOS="993" WIDTH="30" />
<String CONTENT="21;" CS="1" HEIGHT="39" HPOS="891" VPOS="993" WIDTH="54" />
<SP HEIGHT="37" HPOS="974" VPOS="1003" WIDTH="33" />
<String CONTENT="aff." HEIGHT="41" HPOS="1008" VPOS="993" WIDTH="83" />
<SP HEIGHT="40" HPOS="1092" VPOS="994" WIDTH="36" />
<String CONTENT="Sept." HEIGHT="47" HPOS="1129" VPOS="994" WIDTH="126" />
<SP HEIGHT="41" HPOS="1256" VPOS="994" WIDTH="33" />
<String CONTENT="17;" CS="1" HEIGHT="40" HPOS="1290" VPOS="994" WIDTH="59" />
<SP HEIGHT="46" HPOS="1373" VPOS="994" WIDTH="31" />
<String CONTENT="A" HEIGHT="39" HPOS="1405" VPOS="994" WIDTH="41" />
<SP HEIGHT="41" HPOS="1447" VPOS="992" WIDTH="28" />
<String CONTENT="98539;" CS="1" HEIGHT="43" HPOS="1476" VPOS="992" WIDTH="148" />
<SP HEIGHT="46" HPOS="1648" VPOS="994" WIDTH="34" />
<String CONTENT="West" HEIGHT="40" HPOS="1683" VPOS="994" WIDTH="135" />
<SP HEIGHT="47" HPOS="1819" VPOS="994" WIDTH="29" />
<String CONTENT="pub." HEIGHT="48" HPOS="1849" VPOS="993" WIDTH="111" />
<SP HEIGHT="30" HPOS="1961" VPOS="1003" WIDTH="31" />
<String CONTENT="co." HEIGHT="29" HPOS="1993" VPOS="1003" WIDTH="68" />
</TextLine>
<TextLine HEIGHT="65" HPOS="116" STYLEREFS="StyleId-C98EE06F-8CCD-4166-96FF-C12C10609167-" VPOS="1152" WIDTH="2001">
<String CONTENT="American" HEIGHT="54" HPOS="116" VPOS="1152" WIDTH="316" />
<SP HEIGHT="54" HPOS="433" VPOS="1152" WIDTH="38" />
<String CONTENT="institute" HEIGHT="54" HPOS="472" VPOS="1152" WIDTH="281" />
<SP HEIGHT="36" HPOS="754" VPOS="1170" WIDTH="35" />
<String CONTENT="of" HEIGHT="52" HPOS="790" VPOS="1154" WIDTH="63" />
<SP HEIGHT="51" HPOS="854" VPOS="1154" WIDTH="37" />
<String CONTENT="mining" HEIGHT="65" HPOS="892" VPOS="1152" WIDTH="229" />
<SP HEIGHT="48" HPOS="1122" VPOS="1169" WIDTH="37" />
<String CONTENT="and" HEIGHT="53" HPOS="1160" VPOS="1153" WIDTH="115" />
<SP HEIGHT="53" HPOS="1276" VPOS="1153" WIDTH="39" />
<String CONTENT="metallurgical" HEIGHT="65" HPOS="1316" VPOS="1152" WIDTH="431" />
<SP HEIGHT="53" HPOS="1748" VPOS="1152" WIDTH="37" />
<String CONTENT="engineers." HEIGHT="64" HPOS="1786" VPOS="1152" WIDTH="331" />
</TextLine>
<TextLine HEIGHT="54" HPOS="185" STYLEREFS="StyleId-64A2871E-968A-460F-9F53-92BAB8A5F94C-" VPOS="1230" WIDTH="723">
<String CONTENT="Iron" HEIGHT="51" HPOS="185" VPOS="1233" WIDTH="141" />
<SP HEIGHT="34" HPOS="327" VPOS="1250" WIDTH="21" />
<String CONTENT="and" HEIGHT="51" HPOS="349" VPOS="1233" WIDTH="113" />
<SP HEIGHT="51" HPOS="463" VPOS="1233" WIDTH="21" />
<String CONTENT="steel" HEIGHT="51" HPOS="485" VPOS="1233" WIDTH="137" />
<SP HEIGHT="52" HPOS="623" VPOS="1232" WIDTH="21" />
<String CONTENT="division." HEIGHT="54" HPOS="645" VPOS="1230" WIDTH="263" />
</TextLine>
<TextLine CS="1" HEIGHT="301" HPOS="114" VPOS="1306" WIDTH="2004">
<String CONTENT="Transactions" HEIGHT="51" HPOS="187" VPOS="1310" WIDTH="403" />
<SP HEIGHT="34" HPOS="591" VPOS="1327" WIDTH="22" />
<String CONTENT="of" HEIGHT="53" HPOS="614" VPOS="1308" WIDTH="63" />
<SP HEIGHT="52" HPOS="678" VPOS="1308" WIDTH="24" />
<String CONTENT="the" HEIGHT="52" HPOS="703" VPOS="1309" WIDTH="95" />
<SP HEIGHT="54" HPOS="799" VPOS="1307" WIDTH="24" />
<String CONTENT="American" HEIGHT="54" HPOS="824" VPOS="1307" WIDTH="306" />
<SP HEIGHT="52" HPOS="1131" VPOS="1307" WIDTH="24" />
<String CONTENT="institute" HEIGHT="54" HPOS="1156" VPOS="1306" WIDTH="260" />
<SP HEIGHT="34" HPOS="1417" VPOS="1327" WIDTH="24" />
<String CONTENT="of" HEIGHT="53" HPOS="1442" VPOS="1308" WIDTH="63" />
<SP HEIGHT="52" HPOS="1506" VPOS="1308" WIDTH="21" />
<String CONTENT="mining" HEIGHT="67" HPOS="1528" VPOS="1307" WIDTH="225" />
<SP HEIGHT="49" HPOS="1754" VPOS="1325" WIDTH="24" />
<String CONTENT="and" HEIGHT="52" HPOS="1779" VPOS="1308" WIDTH="112" />
<SP HEIGHT="51" HPOS="1892" VPOS="1308" WIDTH="26" />
<String CONTENT="metallurgical" HEIGHT="144" HPOS="116" VPOS="1307" WIDTH="1975" />
<SP HEIGHT="53" HPOS="360" VPOS="1386" WIDTH="26" />
<String CONTENT="engineers" HEIGHT="66" HPOS="387" VPOS="1386" WIDTH="292" />
<SP HEIGHT="64" HPOS="680" VPOS="1388" WIDTH="37" />
<String CONTENT="(incorporated)" HEIGHT="67" HPOS="718" VPOS="1385" WIDTH="454" />
<SP HEIGHT="67" HPOS="1173" VPOS="1385" WIDTH="71" />
<String CONTENT="v." HEIGHT="34" HPOS="1245" VPOS="1404" WIDTH="50" />
<SP HEIGHT="49" HPOS="1296" VPOS="1389" WIDTH="29" />
<String CONTENT="120." HEIGHT="50" HPOS="1326" VPOS="1388" WIDTH="114" />
<SP HEIGHT="52" HPOS="1441" VPOS="1386" WIDTH="62" />
<String CONTENT="Iron" HEIGHT="52" HPOS="1504" VPOS="1386" WIDTH="138" />
<SP HEIGHT="33" HPOS="1643" VPOS="1404" WIDTH="27" />
<String CONTENT="and" HEIGHT="53" HPOS="1671" VPOS="1385" WIDTH="112" />
<SP HEIGHT="53" HPOS="1784" VPOS="1385" WIDTH="23" />
<String CONTENT="steel" HEIGHT="53" HPOS="1808" VPOS="1384" WIDTH="135" />
<SP HEIGHT="53" HPOS="1944" VPOS="1384" WIDTH="27" />
<String CONTENT="division," HEIGHT="145" HPOS="114" VPOS="1384" WIDTH="1978" />
<SP HEIGHT="62" HPOS="256" VPOS="1467" WIDTH="34" />
<String CONTENT="1936." HEIGHT="49" HPOS="291" VPOS="1467" WIDTH="148" />
<SP HEIGHT="51" HPOS="440" VPOS="1465" WIDTH="75" />
<String CONTENT="Papers" HEIGHT="64" HPOS="516" VPOS="1465" WIDTH="217" />
<SP HEIGHT="34" HPOS="734" VPOS="1482" WIDTH="31" />
<String CONTENT="and" HEIGHT="52" HPOS="766" VPOS="1464" WIDTH="113" />
<SP HEIGHT="52" HPOS="880" VPOS="1464" WIDTH="31" />
<String CONTENT="discussions" HEIGHT="54" HPOS="912" VPOS="1462" WIDTH="338" />
<SP HEIGHT="48" HPOS="1251" VPOS="1482" WIDTH="31" />
<String CONTENT="presented" HEIGHT="66" HPOS="1283" VPOS="1464" WIDTH="298" />
<SP HEIGHT="51" HPOS="1582" VPOS="1464" WIDTH="32" />
<String CONTENT="before" HEIGHT="52" HPOS="1615" VPOS="1463" WIDTH="196" />
<SP HEIGHT="48" HPOS="1812" VPOS="1467" WIDTH="29" />
<String CONTENT="the" HEIGHT="52" HPOS="1842" VPOS="1463" WIDTH="95" />
<SP HEIGHT="53" HPOS="1938" VPOS="1462" WIDTH="33" />
<String CONTENT="divivision" HEIGHT="131" HPOS="118" VPOS="1462" WIDTH="1973" />
<SP HEIGHT="34" HPOS="303" VPOS="1559" WIDTH="32" />
<String CONTENT="at" HEIGHT="47" HPOS="336" VPOS="1546" WIDTH="55" />
<SP HEIGHT="46" HPOS="392" VPOS="1546" WIDTH="33" />
<String CONTENT="the" HEIGHT="51" HPOS="426" VPOS="1542" WIDTH="94" />
<SP HEIGHT="33" HPOS="521" VPOS="1560" WIDTH="33" />
<String CONTENT="meetings" HEIGHT="66" HPOS="555" VPOS="1541" WIDTH="274" />
<SP HEIGHT="51" HPOS="830" VPOS="1542" WIDTH="31" />
<String CONTENT="held" HEIGHT="52" HPOS="862" VPOS="1541" WIDTH="133" />
<SP HEIGHT="51" HPOS="996" VPOS="1542" WIDTH="34" />
<String CONTENT="at" HEIGHT="47" HPOS="1031" VPOS="1547" WIDTH="57" />
<SP HEIGHT="54" HPOS="1089" VPOS="1541" WIDTH="33" />
<String CONTENT="Chicago," HEIGHT="66" HPOS="1123" VPOS="1541" WIDTH="269" />
<SP HEIGHT="66" HPOS="1393" VPOS="1541" WIDTH="33" />
<String CONTENT="Oct." HEIGHT="55" HPOS="1427" VPOS="1541" WIDTH="123" />
<SP HEIGHT="48" HPOS="1551" VPOS="1545" WIDTH="38" />
<String CONTENT="1-3," HEIGHT="62" HPOS="1590" VPOS="1545" WIDTH="116" />
<SP HEIGHT="62" HPOS="1707" VPOS="1545" WIDTH="35" />
<String CONTENT="1935" HEIGHT="49" HPOS="1743" VPOS="1545" WIDTH="132" />
<SP HEIGHT="47" HPOS="1876" VPOS="1546" WIDTH="34" />
<String CONTENT="and" HEIGHT="51" HPOS="1911" VPOS="1542" WIDTH="112" />
<SP HEIGHT="51" HPOS="2024" VPOS="1542" WIDTH="35" />
<String CONTENT="at" HEIGHT="47" HPOS="2060" VPOS="1547" WIDTH="58" />
</TextLine>
<TextLine CS="1" HEIGHT="144" HPOS="116" VPOS="1619" WIDTH="1976">
<String CONTENT="New" HEIGHT="52" HPOS="117" VPOS="1620" WIDTH="138" />
<SP HEIGHT="51" HPOS="256" VPOS="1621" WIDTH="38" />
<String CONTENT="York," HEIGHT="64" HPOS="295" VPOS="1620" WIDTH="178" />
<SP HEIGHT="64" HPOS="474" VPOS="1620" WIDTH="38" />
<String CONTENT="Feb." HEIGHT="52" HPOS="513" VPOS="1620" WIDTH="132" />
<SP HEIGHT="48" HPOS="646" VPOS="1624" WIDTH="44" />
<String CONTENT="17-21," HEIGHT="67" HPOS="691" VPOS="1619" WIDTH="185" />
<SP HEIGHT="62" HPOS="877" VPOS="1624" WIDTH="39" />
<String CONTENT="1936." HEIGHT="49" HPOS="917" VPOS="1623" WIDTH="149" />
<SP HEIGHT="52" HPOS="1067" VPOS="1620" WIDTH="74" />
<String CONTENT="New" HEIGHT="52" HPOS="1142" VPOS="1620" WIDTH="138" />
<SP HEIGHT="51" HPOS="1281" VPOS="1621" WIDTH="40" />
<String CONTENT="York," HEIGHT="66" HPOS="1322" VPOS="1620" WIDTH="179" />
<SP HEIGHT="65" HPOS="1502" VPOS="1621" WIDTH="36" />
<String CONTENT="N." HEIGHT="53" HPOS="1539" LANG="fi" VPOS="1621" WIDTH="70" />
<SP HEIGHT="53" HPOS="1610" VPOS="1621" WIDTH="39" />
<String CONTENT="Y.," HEIGHT="65" HPOS="1650" VPOS="1621" WIDTH="91" />
<SP HEIGHT="65" HPOS="1742" VPOS="1621" WIDTH="38" />
<String CONTENT="The" HEIGHT="53" HPOS="1781" VPOS="1620" WIDTH="120" />
<SP HEIGHT="53" HPOS="1902" VPOS="1620" WIDTH="40" />
<String CONTENT="Institute" HEIGHT="130" HPOS="116" VPOS="1619" WIDTH="1976" />
<SP HEIGHT="48" HPOS="237" VPOS="1715" WIDTH="31" />
<String CONTENT="[c1936]" HEIGHT="63" HPOS="269" VPOS="1700" WIDTH="191" />
</TextLine>
<TextLine CS="1" HEIGHT="49" HPOS="186" STYLEREFS="StyleId-7C6F063B-EDB6-470B-8891-BF85E3332585-" VPOS="1768" WIDTH="1146">
<String CONTENT="411" HEIGHT="39" HPOS="186" VPOS="1769" WIDTH="84" />
<SP HEIGHT="46" HPOS="271" VPOS="1770" WIDTH="28" />
<String CONTENT="p." HEIGHT="37" HPOS="300" VPOS="1779" WIDTH="43" />
<SP HEIGHT="41" HPOS="344" VPOS="1768" WIDTH="58" />
<String CONTENT="illus.," HEIGHT="48" HPOS="403" VPOS="1768" WIDTH="143" />
<SP HEIGHT="37" HPOS="547" VPOS="1779" WIDTH="29" />
<String CONTENT="port.," HEIGHT="47" HPOS="577" VPOS="1770" WIDTH="138" />
<SP HEIGHT="46" HPOS="716" VPOS="1771" WIDTH="30" />
<String CONTENT="tables," HEIGHT="48" HPOS="747" VPOS="1769" WIDTH="169" />
<SP HEIGHT="48" HPOS="917" VPOS="1769" WIDTH="31" />
<String CONTENT="diagrs." HEIGHT="47" HPOS="949" VPOS="1768" WIDTH="179" />
<SP HEIGHT="41" HPOS="1129" VPOS="1768" WIDTH="55" />
<String CONTENT="23&#189;cm." CS="1" HEIGHT="40" HPOS="1185" VPOS="1768" WIDTH="147" />
</TextLine>
<TextLine CS="1" HEIGHT="53" HPOS="119" STYLEREFS="StyleId-7C6F063B-EDB6-470B-8891-BF85E3332585-" VPOS="1835" WIDTH="2001">
<String CONTENT="&#169;" HEIGHT="53" HPOS="119" VPOS="1835" WIDTH="52" />
<SP HEIGHT="53" HPOS="172" VPOS="1835" WIDTH="29" />
<String CONTENT="Aug." HEIGHT="48" HPOS="202" VPOS="1839" WIDTH="118" />
<SP HEIGHT="38" HPOS="321" VPOS="1840" WIDTH="33" />
<String CONTENT="27," HEIGHT="47" HPOS="355" VPOS="1840" WIDTH="70" />
<SP HEIGHT="47" HPOS="426" VPOS="1840" WIDTH="30" />
<String CONTENT="1936;" CS="1" HEIGHT="41" HPOS="457" VPOS="1838" WIDTH="117" />
<SP HEIGHT="48" HPOS="598" VPOS="1839" WIDTH="30" />
<String CONTENT="2c." HEIGHT="41" HPOS="629" VPOS="1839" WIDTH="68" />
<SP HEIGHT="40" HPOS="698" VPOS="1840" WIDTH="37" />
<String CONTENT="Sept." HEIGHT="47" HPOS="736" VPOS="1840" WIDTH="127" />
<SP HEIGHT="40" HPOS="864" VPOS="1839" WIDTH="33" />
<String CONTENT="18;" CS="1" HEIGHT="41" HPOS="898" VPOS="1839" WIDTH="55" />
<SP HEIGHT="37" HPOS="980" VPOS="1849" WIDTH="36" />
<String CONTENT="aff." HEIGHT="40" HPOS="1017" VPOS="1839" WIDTH="81" />
<SP HEIGHT="40" HPOS="1099" VPOS="1840" WIDTH="36" />
<String CONTENT="Sept." HEIGHT="47" HPOS="1136" VPOS="1840" WIDTH="127" />
<SP HEIGHT="40" HPOS="1264" VPOS="1840" WIDTH="32" />
<String CONTENT="17;" CS="1" HEIGHT="39" HPOS="1297" VPOS="1840" WIDTH="56" />
<SP HEIGHT="47" HPOS="1380" VPOS="1839" WIDTH="34" />
<String CONTENT="A" HEIGHT="39" HPOS="1415" VPOS="1839" WIDTH="40" />
<SP HEIGHT="40" HPOS="1456" VPOS="1839" WIDTH="32" />
<String CONTENT="97881;" CS="1" HEIGHT="41" HPOS="1489" VPOS="1839" WIDTH="143" />
<SP HEIGHT="47" HPOS="1660" VPOS="1839" WIDTH="36" />
<String CONTENT="Amer." HEIGHT="41" HPOS="1697" LANG="fi" VPOS="1839" WIDTH="159" />
<SP HEIGHT="42" HPOS="1857" VPOS="1838" WIDTH="32" />
<String CONTENT="institute" HEIGHT="42" HPOS="1890" VPOS="1838" WIDTH="230" />
</TextLine>
<TextLine CS="1" HEIGHT="50" HPOS="187" STYLEREFS="StyleId-7C6F063B-EDB6-470B-8891-BF85E3332585-" VPOS="1894" WIDTH="1841">
<String CONTENT="of" HEIGHT="39" HPOS="187" VPOS="1895" WIDTH="52" />
<SP HEIGHT="39" HPOS="240" VPOS="1895" WIDTH="24" />
<String CONTENT="mining" HEIGHT="48" HPOS="265" VPOS="1895" WIDTH="185" />
<SP HEIGHT="37" HPOS="451" VPOS="1906" WIDTH="25" />
<String CONTENT="and" HEIGHT="39" HPOS="477" VPOS="1896" WIDTH="96" />
<SP HEIGHT="39" HPOS="574" VPOS="1896" WIDTH="28" />
<String CONTENT="metallurgical" HEIGHT="48" HPOS="603" VPOS="1895" WIDTH="357" />
<SP HEIGHT="39" HPOS="961" VPOS="1896" WIDTH="27" />
<String CONTENT="engineers," HEIGHT="49" HPOS="989" VPOS="1895" WIDTH="264" />
<SP HEIGHT="49" HPOS="1254" VPOS="1895" WIDTH="31" />
<String CONTENT="inc." HEIGHT="42" HPOS="1286" VPOS="1895" WIDTH="90" />
<SP />
<String CONTENT="7867" HEIGHT="42" HPOS="1909" VPOS="1894" WIDTH="119" />
</TextLine>
<TextLine HEIGHT="68" HPOS="117" VPOS="1998" WIDTH="2000">
<String CONTENT="The" HEIGHT="53" HPOS="117" VPOS="2000" WIDTH="119" />
<SP HEIGHT="53" HPOS="237" VPOS="1999" WIDTH="31" />
<String CONTENT="American" HEIGHT="54" HPOS="269" VPOS="1999" WIDTH="316" />
<SP HEIGHT="54" HPOS="586" VPOS="2001" WIDTH="29" />
<String CONTENT="Jewish" HEIGHT="56" HPOS="616" VPOS="1999" WIDTH="216" />
<SP HEIGHT="66" HPOS="833" VPOS="2000" WIDTH="30" />
<String CONTENT="year" HEIGHT="48" HPOS="864" VPOS="2018" WIDTH="134" />
<SP HEIGHT="52" HPOS="999" VPOS="2000" WIDTH="29" />
<String CONTENT="book," HEIGHT="67" HPOS="1029" VPOS="1999" WIDTH="164" />
<SP HEIGHT="63" HPOS="1194" VPOS="2003" WIDTH="31" />
<String CONTENT="5697," HEIGHT="66" HPOS="1226" VPOS="1999" WIDTH="152" />
<SP HEIGHT="66" HPOS="1379" VPOS="1999" WIDTH="32" />
<String CONTENT="September" HEIGHT="67" HPOS="1412" VPOS="1999" WIDTH="330" />
<SP HEIGHT="48" HPOS="1743" VPOS="2003" WIDTH="31" />
<String CONTENT="17," HEIGHT="68" HPOS="1775" VPOS="1998" WIDTH="81" />
<SP HEIGHT="63" HPOS="1857" VPOS="2003" WIDTH="33" />
<String CONTENT="1936" HEIGHT="49" HPOS="1891" VPOS="2002" WIDTH="135" />
<SP HEIGHT="48" HPOS="2027" VPOS="2003" WIDTH="31" />
<String CONTENT="to" HEIGHT="47" HPOS="2059" VPOS="2004" WIDTH="58" />
</TextLine>
<TextLine CS="1" HEIGHT="147" HPOS="187" VPOS="2075" WIDTH="1931">
<String CONTENT="September" HEIGHT="67" HPOS="190" VPOS="2076" WIDTH="329" />
<SP HEIGHT="48" HPOS="520" VPOS="2081" WIDTH="35" />
<String CONTENT="5," HEIGHT="62" HPOS="556" VPOS="2081" WIDTH="47" />
<SP HEIGHT="62" HPOS="604" VPOS="2081" WIDTH="37" />
<String CONTENT="1937." HEIGHT="55" HPOS="642" VPOS="2075" WIDTH="150" />
<SP HEIGHT="36" HPOS="793" VPOS="2094" WIDTH="74" />
<String CONTENT="volume" HEIGHT="51" HPOS="868" VPOS="2077" WIDTH="224" />
<SP HEIGHT="48" HPOS="1093" VPOS="2081" WIDTH="32" />
<String CONTENT="38." HEIGHT="48" HPOS="1126" VPOS="2081" WIDTH="83" />
<SP HEIGHT="52" HPOS="1210" VPOS="2077" WIDTH="73" />
<String CONTENT="Edited" HEIGHT="52" HPOS="1284" VPOS="2077" WIDTH="212" />
<SP HEIGHT="52" HPOS="1497" VPOS="2077" WIDTH="36" />
<String CONTENT="by" HEIGHT="67" HPOS="1534" VPOS="2077" WIDTH="74" />
<SP HEIGHT="66" HPOS="1609" VPOS="2078" WIDTH="36" />
<String CONTENT="Harry" HEIGHT="66" HPOS="1646" VPOS="2078" WIDTH="199" />
<SP HEIGHT="68" HPOS="1846" VPOS="2076" WIDTH="40" />
<String CONTENT="Schneiderin" HEIGHT="131" HPOS="187" LANG="de" VPOS="2076" WIDTH="1905" />
<SP HEIGHT="34" HPOS="342" VPOS="2173" WIDTH="7" />
<String CONTENT="an" HEIGHT="34" HPOS="350" VPOS="2173" WIDTH="71" />
<SP HEIGHT="52" HPOS="422" VPOS="2154" WIDTH="30" />
<String CONTENT="for" HEIGHT="52" HPOS="453" VPOS="2154" WIDTH="92" />
<SP HEIGHT="46" HPOS="546" VPOS="2159" WIDTH="29" />
<String CONTENT="the" HEIGHT="52" HPOS="576" VPOS="2154" WIDTH="96" />
<SP HEIGHT="52" HPOS="673" VPOS="2154" WIDTH="26" />
<String CONTENT="American" HEIGHT="54" HPOS="700" VPOS="2153" WIDTH="306" />
<SP HEIGHT="54" HPOS="1007" VPOS="2156" WIDTH="29" />
<String CONTENT="Jewish" HEIGHT="57" HPOS="1037" VPOS="2153" WIDTH="215" />
<SP HEIGHT="51" HPOS="1253" VPOS="2155" WIDTH="32" />
<String CONTENT="committee." HEIGHT="52" HPOS="1286" VPOS="2155" WIDTH="334" />
<SP HEIGHT="51" HPOS="1621" VPOS="2156" WIDTH="68" />
<String CONTENT="Philadelphia," HEIGHT="69" HPOS="1690" VPOS="2153" WIDTH="428" />
</TextLine>
<TextLine HEIGHT="69" HPOS="188" VPOS="2231" WIDTH="1569">
<String CONTENT="The" HEIGHT="53" HPOS="188" VPOS="2233" WIDTH="120" />
<SP HEIGHT="54" HPOS="309" VPOS="2234" WIDTH="26" />
<String CONTENT="Jewish" HEIGHT="56" HPOS="336" VPOS="2232" WIDTH="215" />
<SP HEIGHT="66" HPOS="552" VPOS="2232" WIDTH="26" />
<String CONTENT="publication" HEIGHT="66" HPOS="579" VPOS="2232" WIDTH="354" />
<SP HEIGHT="35" HPOS="934" VPOS="2250" WIDTH="27" />
<String CONTENT="society" HEIGHT="68" HPOS="962" VPOS="2231" WIDTH="210" />
<SP HEIGHT="48" HPOS="1173" VPOS="2251" WIDTH="28" />
<String CONTENT="of" HEIGHT="54" HPOS="1202" VPOS="2232" WIDTH="63" />
<SP HEIGHT="53" HPOS="1266" VPOS="2232" WIDTH="27" />
<String CONTENT="America," HEIGHT="69" HPOS="1294" VPOS="2231" WIDTH="284" />
<SP HEIGHT="64" HPOS="1579" VPOS="2236" WIDTH="29" />
<String CONTENT="1936." HEIGHT="51" HPOS="1609" VPOS="2235" WIDTH="148" />
</TextLine>
<TextLine CS="1" HEIGHT="50" HPOS="186" VPOS="2303" WIDTH="1077">
<String CONTENT="viii" HEIGHT="41" HPOS="186" VPOS="2304" WIDTH="88" />
<SP HEIGHT="47" HPOS="275" VPOS="2306" WIDTH="23" />
<String CONTENT="p.," HEIGHT="38" HPOS="299" LANG="fr" VPOS="2315" WIDTH="58" />
<SP HEIGHT="46" HPOS="358" VPOS="2307" WIDTH="29" />
<String CONTENT="1" HEIGHT="38" HPOS="388" VPOS="2307" WIDTH="24" />
<SP />
<String CONTENT="l.," CS="1" />
<SP HEIGHT="44" HPOS="489" VPOS="2307" WIDTH="26" />
<String CONTENT="737" HEIGHT="39" HPOS="516" VPOS="2306" WIDTH="87" />
<SP HEIGHT="46" HPOS="604" VPOS="2307" WIDTH="23" />
<String CONTENT="p." HEIGHT="38" HPOS="628" VPOS="2315" WIDTH="43" />
<SP HEIGHT="38" HPOS="672" VPOS="2305" WIDTH="58" />
<String CONTENT="front." CS="1" />
<SP HEIGHT="48" HPOS="881" VPOS="2304" WIDTH="27" />
<String CONTENT="(port.)" HEIGHT="49" HPOS="909" VPOS="2304" WIDTH="172" />
<SP HEIGHT="48" HPOS="1082" VPOS="2305" WIDTH="65" />
<String CONTENT="19cm." HEIGHT="42" HPOS="1148" VPOS="2303" WIDTH="115" />
</TextLine>
<TextLine CS="1" HEIGHT="53" HPOS="119" STYLEREFS="StyleId-7C6F063B-EDB6-470B-8891-BF85E3332585-" VPOS="2357" WIDTH="1998">
<String CONTENT="&#169;" HEIGHT="53" HPOS="119" VPOS="2357" WIDTH="53" />
<SP HEIGHT="53" HPOS="173" VPOS="2357" WIDTH="25" />
<String CONTENT="Sept." HEIGHT="48" HPOS="199" VPOS="2362" WIDTH="128" />
<SP HEIGHT="40" HPOS="328" VPOS="2363" WIDTH="25" />
<String CONTENT="16," HEIGHT="48" HPOS="354" VPOS="2362" WIDTH="68" />
<SP HEIGHT="47" HPOS="423" VPOS="2363" WIDTH="26" />
<String CONTENT="1936;" CS="1" HEIGHT="41" HPOS="450" VPOS="2361" WIDTH="116" />
<SP HEIGHT="47" HPOS="590" VPOS="2362" WIDTH="27" />
<String CONTENT="2c." HEIGHT="40" HPOS="618" VPOS="2362" WIDTH="68" />
<SP HEIGHT="31" HPOS="687" VPOS="2371" WIDTH="27" />
<String CONTENT="and" HEIGHT="39" HPOS="715" VPOS="2362" WIDTH="96" />
<SP HEIGHT="39" HPOS="812" VPOS="2362" WIDTH="27" />
<String CONTENT="aff." HEIGHT="41" HPOS="840" VPOS="2361" WIDTH="81" />
<SP HEIGHT="40" HPOS="922" VPOS="2362" WIDTH="26" />
<String CONTENT="Sept." HEIGHT="47" HPOS="949" VPOS="2362" WIDTH="128" />
<SP HEIGHT="40" HPOS="1078" VPOS="2362" WIDTH="25" />
<String CONTENT="17;" CS="1" HEIGHT="40" HPOS="1104" VPOS="2362" WIDTH="54" />
<SP HEIGHT="47" HPOS="1186" VPOS="2362" WIDTH="29" />
<String CONTENT="A" HEIGHT="39" HPOS="1216" VPOS="2362" WIDTH="41" />
<SP HEIGHT="40" HPOS="1258" VPOS="2361" WIDTH="23" />
<String CONTENT="97871;" CS="1" HEIGHT="41" HPOS="1282" VPOS="2361" WIDTH="144" />
<SP HEIGHT="47" HPOS="1455" VPOS="2362" WIDTH="29" />
<String CONTENT="Jewish" HEIGHT="42" HPOS="1485" VPOS="2360" WIDTH="184" />
<SP HEIGHT="49" HPOS="1670" VPOS="2360" WIDTH="23" />
<String CONTENT="publication" HEIGHT="51" HPOS="1694" VPOS="2358" WIDTH="302" />
<SP HEIGHT="29" HPOS="1997" VPOS="2372" WIDTH="26" />
<String CONTENT="soc." HEIGHT="32" HPOS="2024" VPOS="2370" WIDTH="93" />
</TextLine>
<TextLine CS="1" HEIGHT="44" HPOS="189" STYLEREFS="StyleId-7C6F063B-EDB6-470B-8891-BF85E3332585-" VPOS="2415" WIDTH="1835">
<String CONTENT="of" HEIGHT="40" HPOS="189" VPOS="2418" WIDTH="52" />
<SP HEIGHT="40" HPOS="242" VPOS="2418" WIDTH="20" />
<String CONTENT="America." HEIGHT="41" HPOS="263" VPOS="2418" WIDTH="237" />
<SP />
<String CONTENT="7868" HEIGHT="43" HPOS="1906" VPOS="2415" WIDTH="118" />
</TextLine>
<TextLine HEIGHT="68" HPOS="117" STYLEREFS="StyleId-64A2871E-968A-460F-9F53-92BAB8A5F94C-" VPOS="2520" WIDTH="2000">
<String CONTENT="American" HEIGHT="54" HPOS="117" VPOS="2521" WIDTH="315" />
<SP HEIGHT="36" HPOS="433" VPOS="2538" WIDTH="50" />
<String CONTENT="medical" HEIGHT="55" HPOS="484" VPOS="2520" WIDTH="245" />
<SP HEIGHT="52" HPOS="730" VPOS="2522" WIDTH="47" />
<String CONTENT="association." HEIGHT="55" HPOS="778" VPOS="2520" WIDTH="375" />
<SP HEIGHT="54" HPOS="1154" VPOS="2521" WIDTH="75" />
<String CONTENT="Council" HEIGHT="53" HPOS="1230" VPOS="2521" WIDTH="239" />
<SP HEIGHT="52" HPOS="1470" VPOS="2521" WIDTH="48" />
<String CONTENT="on" HEIGHT="34" HPOS="1519" VPOS="2539" WIDTH="73" />
<SP HEIGHT="48" HPOS="1593" VPOS="2540" WIDTH="45" />
<String CONTENT="pharmacy" HEIGHT="66" HPOS="1639" VPOS="2522" WIDTH="313" />
<SP HEIGHT="48" HPOS="1953" VPOS="2539" WIDTH="49" />
<String CONTENT="and" HEIGHT="52" HPOS="2003" VPOS="2521" WIDTH="114" />
</TextLine>
<TextLine HEIGHT="66" HPOS="187" STYLEREFS="StyleId-64A2871E-968A-460F-9F53-92BAB8A5F94C-" VPOS="2599" WIDTH="319">
<String CONTENT="chemistry." HEIGHT="66" HPOS="187" VPOS="2599" WIDTH="319" />
</TextLine>
<TextLine HEIGHT="69" HPOS="187" VPOS="2673" WIDTH="1929">
<String CONTENT="New" HEIGHT="52" HPOS="187" VPOS="2677" WIDTH="139" />
<SP HEIGHT="33" HPOS="327" VPOS="2695" WIDTH="34" />
<String CONTENT="and" HEIGHT="51" HPOS="362" VPOS="2677" WIDTH="111" />
<SP HEIGHT="51" HPOS="474" VPOS="2677" WIDTH="35" />
<String CONTENT="nonofficial" HEIGHT="53" HPOS="510" VPOS="2675" WIDTH="315" />
<SP HEIGHT="51" HPOS="826" VPOS="2676" WIDTH="33" />
<String CONTENT="remedies," HEIGHT="69" HPOS="860" VPOS="2673" WIDTH="289" />
<SP HEIGHT="63" HPOS="1150" VPOS="2679" WIDTH="36" />
<String CONTENT="1936," HEIGHT="64" HPOS="1187" VPOS="2678" WIDTH="151" />
<SP HEIGHT="48" HPOS="1339" VPOS="2694" WIDTH="35" />
<String CONTENT="containing" HEIGHT="68" HPOS="1375" VPOS="2674" WIDTH="331" />
<SP HEIGHT="67" HPOS="1707" VPOS="2675" WIDTH="33" />
<String CONTENT="descriptions" HEIGHT="68" HPOS="1741" VPOS="2674" WIDTH="375" />
</TextLine>
<TextLine CS="1" HEIGHT="146" HPOS="117" VPOS="2751" WIDTH="1999">
<String CONTENT="of" HEIGHT="52" HPOS="119" VPOS="2753" WIDTH="63" />
<SP HEIGHT="52" HPOS="183" VPOS="2753" WIDTH="30" />
<String CONTENT="the" HEIGHT="51" HPOS="214" VPOS="2754" WIDTH="95" />
<SP HEIGHT="33" HPOS="310" VPOS="2772" WIDTH="33" />
<String CONTENT="articles" HEIGHT="52" HPOS="344" VPOS="2753" WIDTH="224" />
<SP HEIGHT="33" HPOS="569" VPOS="2772" WIDTH="31" />
<String CONTENT="which" HEIGHT="55" HPOS="601" VPOS="2751" WIDTH="186" />
<SP HEIGHT="51" HPOS="788" VPOS="2754" WIDTH="32" />
<String CONTENT="stand" HEIGHT="53" HPOS="821" VPOS="2753" WIDTH="165" />
<SP HEIGHT="52" HPOS="987" VPOS="2753" WIDTH="37" />
<String CONTENT="accepted" HEIGHT="66" HPOS="1025" VPOS="2754" WIDTH="262" />
<SP HEIGHT="53" HPOS="1288" VPOS="2753" WIDTH="33" />
<String CONTENT="by" HEIGHT="67" HPOS="1322" VPOS="2753" WIDTH="75" />
<SP HEIGHT="61" HPOS="1398" VPOS="2759" WIDTH="32" />
<String CONTENT="the" HEIGHT="52" HPOS="1431" VPOS="2754" WIDTH="96" />
<SP HEIGHT="54" HPOS="1528" VPOS="2753" WIDTH="35" />
<String CONTENT="Council" HEIGHT="56" HPOS="1564" VPOS="2751" WIDTH="236" />
<SP HEIGHT="51" HPOS="1801" VPOS="2753" WIDTH="36" />
<String CONTENT="on" HEIGHT="34" HPOS="1838" VPOS="2770" WIDTH="70" />
<SP HEIGHT="48" HPOS="1909" VPOS="2771" WIDTH="34" />
<String CONTENT="pharmacy" HEIGHT="144" HPOS="117" VPOS="2753" WIDTH="1975" />
<SP HEIGHT="47" HPOS="280" VPOS="2850" WIDTH="38" />
<String CONTENT="and" HEIGHT="51" HPOS="319" VPOS="2832" WIDTH="111" />
<SP HEIGHT="51" HPOS="431" VPOS="2832" WIDTH="38" />
<String CONTENT="chemistry" HEIGHT="66" HPOS="470" VPOS="2831" WIDTH="305" />
<SP HEIGHT="47" HPOS="776" VPOS="2850" WIDTH="35" />
<String CONTENT="of" HEIGHT="52" HPOS="812" VPOS="2831" WIDTH="63" />
<SP HEIGHT="52" HPOS="876" VPOS="2831" WIDTH="34" />
<String CONTENT="the" HEIGHT="53" HPOS="911" VPOS="2831" WIDTH="97" />
<SP HEIGHT="54" HPOS="1009" VPOS="2830" WIDTH="36" />
<String CONTENT="American" HEIGHT="54" HPOS="1046" VPOS="2830" WIDTH="305" />
<SP HEIGHT="33" HPOS="1352" VPOS="2850" WIDTH="35" />
<String CONTENT="medical" HEIGHT="54" HPOS="1388" VPOS="2830" WIDTH="241" />
<SP HEIGHT="52" HPOS="1630" VPOS="2831" WIDTH="37" />
<String CONTENT="association" HEIGHT="53" HPOS="1668" VPOS="2830" WIDTH="337" />
<SP HEIGHT="36" HPOS="2006" VPOS="2849" WIDTH="39" />
<String CONTENT="on" HEIGHT="35" HPOS="2046" VPOS="2850" WIDTH="70" />
</TextLine>
<TextLine HEIGHT="68" HPOS="118" VPOS="2908" WIDTH="1999">
<String CONTENT="January" HEIGHT="65" HPOS="118" VPOS="2910" WIDTH="261" />
<SP HEIGHT="62" HPOS="380" VPOS="2913" WIDTH="63" />
<String CONTENT="1," HEIGHT="62" HPOS="444" VPOS="2913" WIDTH="46" />
<SP HEIGHT="62" HPOS="491" VPOS="2913" WIDTH="62" />
<String CONTENT="1936." HEIGHT="49" HPOS="554" VPOS="2913" WIDTH="149" />
<SP HEIGHT="54" HPOS="704" VPOS="2909" WIDTH="76" />
<String CONTENT="Chicago," HEIGHT="67" HPOS="781" VPOS="2909" WIDTH="269" />
<SP HEIGHT="66" HPOS="1051" VPOS="2909" WIDTH="59" />
<String CONTENT="American" HEIGHT="53" HPOS="1111" VPOS="2909" WIDTH="305" />
<SP HEIGHT="33" HPOS="1417" VPOS="2929" WIDTH="58" />
<String CONTENT="medical" HEIGHT="54" HPOS="1476" VPOS="2908" WIDTH="241" />
<SP HEIGHT="52" HPOS="1718" VPOS="2910" WIDTH="61" />
<String CONTENT="association" HEIGHT="52" HPOS="1780" VPOS="2910" WIDTH="337" />
</TextLine>
<TextLine CS="1" HEIGHT="49" HPOS="141" VPOS="2990" WIDTH="156">
<String CONTENT="[c1936]" CS="1" HEIGHT="49" HPOS="141" VPOS="2990" WIDTH="156" />
</TextLine>
<TextLine HEIGHT="48" HPOS="187" STYLEREFS="StyleId-7C6F063B-EDB6-470B-8891-BF85E3332585-" VPOS="3058" WIDTH="717">
<String CONTENT="542," HEIGHT="48" HPOS="187" LANG="en-US" VPOS="3058" WIDTH="98" />
<SP HEIGHT="47" HPOS="286" VPOS="3059" WIDTH="29" />
<String CONTENT="lxiii" HEIGHT="39" HPOS="316" LANG="fi" VPOS="3058" WIDTH="108" />
<SP HEIGHT="48" HPOS="425" VPOS="3058" WIDTH="23" />
<String CONTENT="p." HEIGHT="38" HPOS="449" LANG="en-US" VPOS="3068" WIDTH="44" />
<SP HEIGHT="39" HPOS="494" VPOS="3059" WIDTH="57" />
<String CONTENT="diagrs." HEIGHT="48" HPOS="552" LANG="en-US" VPOS="3058" WIDTH="180" />
<SP HEIGHT="40" HPOS="733" VPOS="3059" WIDTH="55" />
<String CONTENT="20cm." HEIGHT="39" HPOS="789" LANG="en-US" VPOS="3059" WIDTH="115" />
</TextLine>
<TextLine HEIGHT="53" HPOS="120" STYLEREFS="StyleId-7C6F063B-EDB6-470B-8891-BF85E3332585-" VPOS="3110" WIDTH="1859">
<String CONTENT="&#169;" HEIGHT="53" HPOS="120" VPOS="3110" WIDTH="53" />
<SP HEIGHT="53" HPOS="174" VPOS="3110" WIDTH="21" />
<String CONTENT="Aug." HEIGHT="47" HPOS="196" VPOS="3115" WIDTH="119" />
<SP HEIGHT="40" HPOS="316" VPOS="3116" WIDTH="29" />
<String CONTENT="8," HEIGHT="47" HPOS="346" VPOS="3116" WIDTH="38" />
<SP HEIGHT="47" HPOS="385" VPOS="3116" WIDTH="28" />
<String CONTENT="1936;" HEIGHT="48" HPOS="414" VPOS="3114" WIDTH="139" />
<SP HEIGHT="47" HPOS="554" VPOS="3115" WIDTH="29" />
<String CONTENT="2c." HEIGHT="40" HPOS="584" VPOS="3115" WIDTH="66" />
<SP HEIGHT="30" HPOS="651" VPOS="3125" WIDTH="30" />
<String CONTENT="and" HEIGHT="39" HPOS="682" VPOS="3115" WIDTH="94" />
<SP HEIGHT="39" HPOS="777" VPOS="3115" WIDTH="26" />
<String CONTENT="aff." HEIGHT="40" HPOS="804" VPOS="3115" WIDTH="82" />
<SP HEIGHT="40" HPOS="887" VPOS="3115" WIDTH="30" />
<String CONTENT="Sept." HEIGHT="47" HPOS="918" VPOS="3115" WIDTH="127" />
<SP HEIGHT="40" HPOS="1046" VPOS="3115" WIDTH="27" />
<String CONTENT="8;" HEIGHT="47" HPOS="1074" VPOS="3115" WIDTH="52" />
<SP HEIGHT="47" HPOS="1127" VPOS="3115" WIDTH="30" />
<String CONTENT="A" HEIGHT="39" HPOS="1158" VPOS="3115" WIDTH="40" />
<SP HEIGHT="40" HPOS="1199" VPOS="3114" WIDTH="26" />
<String CONTENT="98279;" HEIGHT="48" HPOS="1226" VPOS="3114" WIDTH="170" />
<SP HEIGHT="46" HPOS="1397" VPOS="3116" WIDTH="29" />
<String CONTENT="Amer." HEIGHT="39" HPOS="1427" LANG="fi" VPOS="3116" WIDTH="157" />
<SP HEIGHT="28" HPOS="1585" VPOS="3125" WIDTH="30" />
<String CONTENT="medical" HEIGHT="40" HPOS="1616" VPOS="3114" WIDTH="205" />
<SP HEIGHT="39" HPOS="1822" VPOS="3115" WIDTH="27" />
<String CONTENT="assn." HEIGHT="29" HPOS="1850" VPOS="3125" WIDTH="129" />
</TextLine>
<TextLine HEIGHT="63" HPOS="119" STYLEREFS="StyleId-C98EE06F-8CCD-4166-96FF-C12C10609167-" VPOS="3233" WIDTH="484">
<String CONTENT="Andrews," HEIGHT="63" HPOS="119" VPOS="3233" WIDTH="307" />
<SP HEIGHT="62" HPOS="427" VPOS="3234" WIDTH="27" />
<String CONTENT="Ned." HEIGHT="54" HPOS="455" VPOS="3234" WIDTH="148" />
</TextLine>
<TextLine CS="1" HEIGHT="225" HPOS="120" VPOS="3308" WIDTH="1971">
<String CONTENT="Jerky;" HEIGHT="69" HPOS="189" VPOS="3308" WIDTH="209" />
<SP HEIGHT="58" HPOS="399" VPOS="3314" WIDTH="35" />
<String CONTENT="the" HEIGHT="52" HPOS="435" VPOS="3310" WIDTH="96" />
<SP HEIGHT="36" HPOS="532" VPOS="3327" WIDTH="29" />
<String CONTENT="story" HEIGHT="63" HPOS="562" VPOS="3315" WIDTH="158" />
<SP HEIGHT="49" HPOS="721" VPOS="3329" WIDTH="29" />
<String CONTENT="of" HEIGHT="54" HPOS="751" VPOS="3310" WIDTH="64" />
<SP HEIGHT="53" HPOS="816" VPOS="3310" WIDTH="32" />
<String CONTENT="two" HEIGHT="47" HPOS="849" VPOS="3316" WIDTH="112" />
<SP HEIGHT="53" HPOS="962" VPOS="3310" WIDTH="31" />
<String CONTENT="boys" HEIGHT="68" HPOS="994" VPOS="3310" WIDTH="139" />
<SP HEIGHT="54" HPOS="1134" VPOS="3309" WIDTH="31" />
<String CONTENT="in" HEIGHT="53" HPOS="1166" VPOS="3309" WIDTH="58" />
<SP HEIGHT="47" HPOS="1225" VPOS="3316" WIDTH="33" />
<String CONTENT="the" HEIGHT="53" HPOS="1259" VPOS="3310" WIDTH="95" />
<SP HEIGHT="36" HPOS="1355" VPOS="3327" WIDTH="32" />
<String CONTENT="old" HEIGHT="53" HPOS="1388" VPOS="3310" WIDTH="94" />
<SP HEIGHT="55" HPOS="1483" VPOS="3310" WIDTH="30" />
<String CONTENT="West," HEIGHT="66" HPOS="1514" VPOS="3311" WIDTH="178" />
<SP HEIGHT="68" HPOS="1693" VPOS="3309" WIDTH="30" />
<String CONTENT="by" HEIGHT="69" HPOS="1724" VPOS="3309" WIDTH="75" />
<SP HEIGHT="67" HPOS="1800" VPOS="3311" WIDTH="35" />
<String CONTENT="Ned" HEIGHT="52" HPOS="1836" VPOS="3311" WIDTH="124" />
<SP HEIGHT="52" HPOS="1961" VPOS="3311" WIDTH="35" />
<String CONTENT="Andrews;" HEIGHT="143" HPOS="120" VPOS="3311" WIDTH="1969" />
<SP HEIGHT="68" HPOS="329" VPOS="3386" WIDTH="38" />
<String CONTENT="illustrated" HEIGHT="56" HPOS="368" VPOS="3386" WIDTH="324" />
<SP HEIGHT="53" HPOS="693" VPOS="3388" WIDTH="34" />
<String CONTENT="by" HEIGHT="68" HPOS="728" VPOS="3388" WIDTH="74" />
<SP HEIGHT="68" HPOS="803" VPOS="3388" WIDTH="38" />
<String CONTENT="Sanford" HEIGHT="55" HPOS="842" VPOS="3387" WIDTH="254" />
<SP HEIGHT="52" HPOS="1097" VPOS="3389" WIDTH="34" />
<String CONTENT="Tousey." HEIGHT="66" HPOS="1132" VPOS="3390" WIDTH="238" />
<SP HEIGHT="52" HPOS="1371" VPOS="3389" WIDTH="74" />
<String CONTENT="New" HEIGHT="52" HPOS="1446" VPOS="3389" WIDTH="137" />
<SP HEIGHT="53" HPOS="1584" VPOS="3389" WIDTH="35" />
<String CONTENT="York," HEIGHT="66" HPOS="1620" VPOS="3389" WIDTH="180" />
<SP HEIGHT="65" HPOS="1801" VPOS="3390" WIDTH="31" />
<String CONTENT="W." HEIGHT="53" HPOS="1833" VPOS="3390" WIDTH="89" />
<SP HEIGHT="52" HPOS="1923" VPOS="3390" WIDTH="36" />
<String CONTENT="Morrow" HEIGHT="128" HPOS="120" VPOS="3390" WIDTH="1971" />
<SP HEIGHT="49" HPOS="238" VPOS="3470" WIDTH="26" />
<String CONTENT="&amp;" HEIGHT="49" HPOS="265" VPOS="3470" WIDTH="45" />
<SP HEIGHT="49" HPOS="311" VPOS="3470" WIDTH="25" />
<String CONTENT="company" HEIGHT="49" HPOS="337" VPOS="3484" WIDTH="280" />
<SP HEIGHT="49" HPOS="618" VPOS="3484" WIDTH="30" />
<String CONTENT="[c1936]" CS="1" HEIGHT="50" HPOS="668" VPOS="3470" WIDTH="154" />
</TextLine>
<TextLine CS="1" HEIGHT="53" HPOS="193" STYLEREFS="StyleId-7C6F063B-EDB6-470B-8891-BF85E3332585-" VPOS="3535" WIDTH="1404">
<String CONTENT="5" HEIGHT="43" HPOS="193" VPOS="3535" WIDTH="29" />
<SP HEIGHT="52" HPOS="223" VPOS="3535" WIDTH="20" />
<String CONTENT="p." HEIGHT="39" HPOS="244" VPOS="3548" WIDTH="45" />
<SP />
<String CONTENT="l.," CS="1" />
<SP HEIGHT="48" HPOS="359" VPOS="3538" WIDTH="23" />
<String CONTENT="3-295" HEIGHT="43" HPOS="383" VPOS="3537" WIDTH="145" />
<SP HEIGHT="51" HPOS="529" VPOS="3537" WIDTH="21" />
<String CONTENT="p." HEIGHT="39" HPOS="551" VPOS="3549" WIDTH="44" />
<SP HEIGHT="45" HPOS="596" VPOS="3538" WIDTH="21" />
<String CONTENT="incl." HEIGHT="42" HPOS="618" VPOS="3538" WIDTH="114" />
<SP HEIGHT="41" HPOS="733" VPOS="3540" WIDTH="25" />
<String CONTENT="illus.," HEIGHT="48" HPOS="759" VPOS="3539" WIDTH="143" />
<SP HEIGHT="38" HPOS="903" VPOS="3549" WIDTH="24" />
<String CONTENT="plates." CS="1" HEIGHT="49" HPOS="928" VPOS="3538" WIDTH="157" />
<SP HEIGHT="31" HPOS="1100" VPOS="3549" WIDTH="57" />
<String CONTENT="col." HEIGHT="41" HPOS="1158" VPOS="3539" WIDTH="86" />
<SP HEIGHT="42" HPOS="1245" VPOS="3537" WIDTH="25" />
<String CONTENT="front." HEIGHT="43" HPOS="1271" VPOS="3537" WIDTH="148" />
<SP HEIGHT="42" HPOS="1420" VPOS="3538" WIDTH="59" />
<String CONTENT="21cm." HEIGHT="42" HPOS="1480" VPOS="3538" WIDTH="117" />
</TextLine>
<TextLine CS="1" HEIGHT="55" HPOS="120" STYLEREFS="StyleId-7C6F063B-EDB6-470B-8891-BF85E3332585-" VPOS="3591" WIDTH="1997">
<String CONTENT="&#169;" HEIGHT="53" HPOS="120" VPOS="3591" WIDTH="54" />
<SP HEIGHT="53" HPOS="175" VPOS="3591" WIDTH="27" />
<String CONTENT="Sept." HEIGHT="48" HPOS="203" VPOS="3596" WIDTH="125" />
<SP HEIGHT="39" HPOS="329" VPOS="3597" WIDTH="26" />
<String CONTENT="9," HEIGHT="47" HPOS="356" VPOS="3597" WIDTH="38" />
<SP HEIGHT="47" HPOS="395" VPOS="3597" WIDTH="26" />
<String CONTENT="1936;" CS="1" HEIGHT="41" HPOS="422" VPOS="3596" WIDTH="116" />
<SP HEIGHT="47" HPOS="562" VPOS="3597" WIDTH="27" />
<String CONTENT="2c." HEIGHT="40" HPOS="590" VPOS="3597" WIDTH="68" />
<SP HEIGHT="40" HPOS="659" VPOS="3597" WIDTH="29" />
<String CONTENT="Sept." HEIGHT="47" HPOS="689" VPOS="3597" WIDTH="128" />
<SP HEIGHT="39" HPOS="818" VPOS="3598" WIDTH="26" />
<String CONTENT="12;" CS="1" HEIGHT="39" HPOS="845" VPOS="3597" WIDTH="55" />
<SP HEIGHT="36" HPOS="927" VPOS="3608" WIDTH="28" />
<String CONTENT="aff." HEIGHT="40" HPOS="956" VPOS="3597" WIDTH="82" />
<SP HEIGHT="40" HPOS="1039" VPOS="3597" WIDTH="28" />
<String CONTENT="Sept." HEIGHT="47" HPOS="1068" VPOS="3597" WIDTH="127" />
<SP HEIGHT="40" HPOS="1196" VPOS="3598" WIDTH="27" />
<String CONTENT="14;" CS="1" HEIGHT="39" HPOS="1224" VPOS="3598" WIDTH="57" />
<SP HEIGHT="46" HPOS="1306" VPOS="3598" WIDTH="29" />
<String CONTENT="A" HEIGHT="39" HPOS="1336" VPOS="3598" WIDTH="41" />
<SP HEIGHT="41" HPOS="1378" VPOS="3597" WIDTH="24" />
<String CONTENT="98404;" CS="1" HEIGHT="41" HPOS="1403" VPOS="3597" WIDTH="144" />
<SP HEIGHT="46" HPOS="1575" VPOS="3598" WIDTH="27" />
<String CONTENT="N." HEIGHT="41" HPOS="1603" VPOS="3598" WIDTH="56" />
<SP HEIGHT="42" HPOS="1660" VPOS="3597" WIDTH="26" />
<String CONTENT="Andrews," HEIGHT="48" HPOS="1687" VPOS="3596" WIDTH="249" />
<SP HEIGHT="47" HPOS="1937" VPOS="3597" WIDTH="26" />
<String CONTENT="Camp" HEIGHT="49" HPOS="1964" VPOS="3597" WIDTH="153" />
</TextLine>
<TextLine HEIGHT="50" HPOS="191" STYLEREFS="StyleId-7C6F063B-EDB6-470B-8891-BF85E3332585-" VPOS="3652" WIDTH="660">
<String CONTENT="Wood," HEIGHT="47" HPOS="191" VPOS="3653" WIDTH="162" />
<SP HEIGHT="47" HPOS="354" VPOS="3653" WIDTH="23" />
<String CONTENT="Ariz." HEIGHT="42" HPOS="378" VPOS="3652" WIDTH="128" />
<SP HEIGHT="48" HPOS="507" VPOS="3654" WIDTH="62" />
<String CONTENT="(36-19225)" HEIGHT="50" HPOS="570" VPOS="3652" WIDTH="281" />
</TextLine>
<TextLine HEIGHT="70" HPOS="118" VPOS="3753" WIDTH="1997">
<String CONTENT="B.-M." HEIGHT="56" HPOS="118" VPOS="3753" WIDTH="173" />
<SP HEIGHT="34" HPOS="292" VPOS="3775" WIDTH="27" />
<String CONTENT="co.&#8217;s" HEIGHT="53" HPOS="320" VPOS="3755" WIDTH="125" />
<SP HEIGHT="33" HPOS="446" VPOS="3774" WIDTH="28" />
<String CONTENT="cumulative" HEIGHT="55" HPOS="475" VPOS="3754" WIDTH="344" />
<SP HEIGHT="35" HPOS="820" VPOS="3774" WIDTH="28" />
<String CONTENT="current" HEIGHT="46" HPOS="849" VPOS="3764" WIDTH="226" />
<SP HEIGHT="46" HPOS="1076" VPOS="3764" WIDTH="29" />
<String CONTENT="code" HEIGHT="53" HPOS="1106" VPOS="3757" WIDTH="133" />
<SP HEIGHT="35" HPOS="1240" VPOS="3775" WIDTH="28" />
<String CONTENT="annotations," HEIGHT="66" HPOS="1269" VPOS="3757" WIDTH="377" />
<SP HEIGHT="67" HPOS="1647" VPOS="3756" WIDTH="25" />
<String CONTENT="keeping" HEIGHT="68" HPOS="1673" VPOS="3755" WIDTH="246" />
<SP HEIGHT="49" HPOS="1920" VPOS="3774" WIDTH="26" />
<String CONTENT="up" HEIGHT="48" HPOS="1947" VPOS="3774" WIDTH="79" />
<SP HEIGHT="62" HPOS="2027" VPOS="3760" WIDTH="28" />
<String CONTENT="to" HEIGHT="48" HPOS="2056" VPOS="3760" WIDTH="59" />
</TextLine>
<TextLine HEIGHT="70" HPOS="189" VPOS="3830" WIDTH="1925">
<String CONTENT="date" HEIGHT="52" HPOS="189" VPOS="3832" WIDTH="128" />
<SP HEIGHT="51" HPOS="318" VPOS="3833" WIDTH="37" />
<String CONTENT="Kerr&#8217;s" HEIGHT="53" HPOS="356" VPOS="3832" WIDTH="199" />
<SP HEIGHT="34" HPOS="556" VPOS="3850" WIDTH="31" />
<String CONTENT="cyclopedic" HEIGHT="69" HPOS="588" VPOS="3830" WIDTH="323" />
<SP HEIGHT="54" HPOS="912" VPOS="3834" WIDTH="37" />
<String CONTENT="California" HEIGHT="56" HPOS="950" VPOS="3832" WIDTH="323" />
<SP HEIGHT="35" HPOS="1274" VPOS="3852" WIDTH="36" />
<String CONTENT="codes," HEIGHT="64" HPOS="1311" VPOS="3835" WIDTH="181" />
<SP HEIGHT="64" HPOS="1493" VPOS="3835" WIDTH="35" />
<String CONTENT="Henning&#8217;s" HEIGHT="68" HPOS="1529" VPOS="3832" WIDTH="321" />
<SP HEIGHT="48" HPOS="1851" VPOS="3852" WIDTH="35" />
<String CONTENT="general" HEIGHT="68" HPOS="1887" VPOS="3832" WIDTH="227" />
</TextLine>
<TextLine CS="1" HEIGHT="66" HPOS="188" VPOS="3909" WIDTH="1920">
<String CONTENT="laws," HEIGHT="65" HPOS="188" VPOS="3909" WIDTH="154" />
<SP HEIGHT="60" HPOS="343" VPOS="3914" WIDTH="29" />
<String CONTENT="third" HEIGHT="51" HPOS="373" VPOS="3910" WIDTH="157" />
<SP HEIGHT="52" HPOS="531" VPOS="3910" WIDTH="29" />
<String CONTENT="edition," HEIGHT="66" HPOS="561" VPOS="3909" WIDTH="233" />
<SP HEIGHT="47" HPOS="795" VPOS="3928" WIDTH="30" />
<String CONTENT="and" HEIGHT="51" HPOS="826" VPOS="3911" WIDTH="110" />
<SP HEIGHT="51" HPOS="937" VPOS="3911" WIDTH="30" />
<String CONTENT="also" HEIGHT="54" HPOS="968" VPOS="3911" WIDTH="116" />
<SP HEIGHT="36" HPOS="1085" VPOS="3929" WIDTH="29" />
<String CONTENT="cases" HEIGHT="35" HPOS="1115" VPOS="3929" WIDTH="148" />
<SP HEIGHT="51" HPOS="1264" VPOS="3912" WIDTH="29" />
<String CONTENT="from" HEIGHT="53" HPOS="1294" VPOS="3912" WIDTH="153" />
<SP HEIGHT="52" HPOS="1448" VPOS="3913" WIDTH="29" />
<String CONTENT="Idaho" HEIGHT="52" HPOS="1478" VPOS="3911" WIDTH="185" />
<SP HEIGHT="34" HPOS="1664" VPOS="3929" WIDTH="30" />
<String CONTENT="and" HEIGHT="52" HPOS="1695" VPOS="3911" WIDTH="111" />
<SP HEIGHT="52" HPOS="1807" VPOS="3911" WIDTH="29" />
<String CONTENT="Montana" HEIGHT="51" HPOS="1837" VPOS="3912" WIDTH="271" />
<SP />
<String CONTENT="&#8230;" CS="1" />
</TextLine>
<TextLine HEIGHT="72" HPOS="284" VPOS="3986" WIDTH="1830">
<String CONTENT="bringing" HEIGHT="67" HPOS="284" VPOS="3986" WIDTH="275" />
<SP HEIGHT="66" HPOS="560" VPOS="3987" WIDTH="28" />
<String CONTENT="decisions" HEIGHT="54" HPOS="589" VPOS="3986" WIDTH="274" />
<SP HEIGHT="50" HPOS="864" VPOS="3989" WIDTH="29" />
<String CONTENT="down" HEIGHT="51" HPOS="894" VPOS="3989" WIDTH="166" />
<SP HEIGHT="47" HPOS="1061" VPOS="3993" WIDTH="28" />
<String CONTENT="to" HEIGHT="48" HPOS="1090" VPOS="3993" WIDTH="59" />
<SP HEIGHT="48" HPOS="1150" VPOS="3993" WIDTH="29" />
<String CONTENT="91" HEIGHT="48" HPOS="1180" VPOS="3993" WIDTH="63" />
<SP HEIGHT="56" HPOS="1244" VPOS="3990" WIDTH="33" />
<String CONTENT="Cal." HEIGHT="57" HPOS="1278" VPOS="3989" WIDTH="120" />
<SP HEIGHT="56" HPOS="1399" VPOS="3990" WIDTH="33" />
<String CONTENT="dec." HEIGHT="55" HPOS="1433" VPOS="3990" WIDTH="114" />
<SP HEIGHT="51" HPOS="1548" VPOS="3992" WIDTH="33" />
<String CONTENT="876," HEIGHT="70" HPOS="1582" VPOS="3988" WIDTH="116" />
<SP HEIGHT="65" HPOS="1699" VPOS="3993" WIDTH="32" />
<String CONTENT="85" HEIGHT="51" HPOS="1732" VPOS="3993" WIDTH="63" />
<SP HEIGHT="57" HPOS="1796" VPOS="3987" WIDTH="31" />
<String CONTENT="Cal." HEIGHT="57" HPOS="1828" VPOS="3987" WIDTH="120" />
<SP HEIGHT="35" HPOS="1949" VPOS="4007" WIDTH="34" />
<String CONTENT="app." HEIGHT="51" HPOS="1984" VPOS="4007" WIDTH="130" />
</TextLine>
</TextBlock>
</PrintSpace>
</Page>
</Layout>
</alto>