2597 4361
1203 4061 63 49 13

297 495 115 46 Map
441 504 60 29 on
531 492 363 48 lining-papers.

228 561 53 53 ©
317 567 111 38 Dec.
465 565 71 47 27,
573 565 140 45 1935;
751 564 67 40 2c.
856 565 94 38 and
989 563 83 41 aff.
1110 563 110 40 Jan.
1258 562 41 48 9,
1337 562 83 41 1936;
1519 564 40 38 A
1596 563 171 47 90226;
1809 565 44 39 J.
1893 564 51 40 G.

299 565 1910 105 Hollingsworth,
497 623 170 38 Mount
694 620 131 49 Airy,
855 622 55 38 N.
938 620 48 41 O.
1054 619 222 50 (36-759)

225 724 165 65 Huff,
418 725 204 52 Bessie
650 725 217 63 Maree,
899 726 170 50 1892-

223 798 1978 149 Exercises in speech, by Bessie M. Huff … Chicago, Follett publishing company, 1934.
293 952 27 39 2
345 963 43 37 p.
453 983 8 15 l.,
488 951 87 41 204
600 961 43 38 p.
703 951 129 40 illus.
891 951 57 41 19
951 953 15 22 cm
998 982 9 9 .

295 1008 225 42 Includes
547 1007 393 49 bibliographies.

230 1077 53 54 ©
310 1082 119 47 Aug.
459 1081 68 48 14,
557 1080 140 47 1934;
728 1080 24 39 2
757 1092 36 29 c.
823 1081 110 40 Jan.
962 1080 40 48 2,
1032 1080 140 42 1936;
1205 1079 79 41 aff.
1316 1081 110 39 Jan.
1456 1080 52 47 9;
1541 1081 42 39 A
1610 1080 169 47 90234;
1814 1079 180 43 Follett
2023 1083 109 47 pub.
2163 1092 66 30 co.

310 1138 221 50 (36-989)

225 1243 187 64 Hunt,
439 1241 255 55 William
719 1240 218 67 Welch,
966 1259 179 47 comp.

297 1320 122 53 The
458 1319 147 53 book
642 1319 63 53 of
744 1335 326 51 governors.
1157 1317 100 69 (2d
1295 1318 114 69 ed.)
1495 1317 355 70 Containing
1886 1336 193 37 names
2118 1325 111 48 and

226 1403 173 49 terms
429 1397 64 54 of
524 1397 148 54 office
702 1397 62 54 of
794 1397 95 53 the
919 1396 127 54 first
1073 1397 182 53 rulers
1285 1396 64 54 of
1378 1396 96 54 the
1504 1397 189 54 North
1723 1395 308 56 American
226 1416 1979 122 provinces,
424 1476 243 55 colonies
698 1476 112 53 and

839 1476 316 54 territories
1185 1475 188 54 which
1398 1475 226 55 became
1652 1475 96 53 the
1776 1476 219 55 United
2025 1475 205 70 States,
2280 1492 16 18 '

229 1554 2001 70 from Ponce de Leon in 1509 to 1935 … also chronologies of the
227 1634 159 69 early
420 1634 259 68 portions
714 1633 111 53 and
857 1637 173 50 states
1064 1632 187 55 which
1284 1632 278 70 comprise
1595 1651 103 36 our
1731 1638 260 65 country,
2026 1635 138 52 with
2198 1654 28 35 a

228 1710 348 71 description
611 1711 64 55 of
706 1712 129 54 how
867 1711 137 70 they
1037 1731 144 34 were
1214 1710 296 71 acquired;
1547 1712 282 69 compiled
1862 1713 76 68 by
1971 1713 257 54 William

228 1789 2002 73 Welch Hunt … Los Angeles, Calif., Printed by Washington
227 1869 663 70 typographers [ c 1935]
301 1944 58 42 84
387 1954 44 39 p.
489 1943 59 42 28
548 1945 46 22 cm
598 1974 9 10 .

233 2011 56 53 ©
323 2016 113 39 Dec.
474 2015 68 48 10,
581 2014 141 47 1935;
762 2014 66 41 2c.
868 2016 96 39 and
1002 2014 80 40 aff.
1124 2015 110 39 Jan.
1273 2013 68 47 10,
1382 2014 141 47 1936;
1565 2015 42 38 A
1643 2013 144 42 91138;
1857 2016 71 40 W.
1970 2017 71 40 W.
2081 2017 152 47 Hunt,

303 2073 290 47 Inglewood,
619 2072 143 41 Calif.
824 2071 222 49 (36-764)

230 2175 245 53 Indiana
502 2176 207 63 league
736 2176 63 52 of
824 2191 226 37 women
1078 2178 219 52 voters.

300 2252 1932 70 Indiana voters’ handbook … 3d ed. Revised by Virginia
230 2331 314 53 Moorhead
593 2331 270 52 Mannon.
965 2330 418 68 Indianapolis,
1433 2331 148 66 Ind.,
1628 2332 251 53 Indiana
1926 2334 198 66 league
2172 2334 62 53 of

232 2428 217 33 women
474 2412 205 61 voters,
707 2412 149 49 1936.

304 2482 88 40 153
418 2492 43 37 p.
489 2479 112 42 incl.
632 2481 127 39 illus.
789 2480 185 48 (maps)
1042 2482 76 46 ph.
1149 2480 118 40 fold,
1300 2479 153 49 diagr.
1514 2480 54 40 19c
1589 2483 27 20 m
1622 2513 7 8 .

235 2547 53 53 ©
319 2552 112 39 Dec.
461 2551 70 47 30,
561 2549 141 43 1935;
735 2551 64 39 2c.
834 2551 95 39 and
960 2549 82 42 aff.
1075 2550 109 40 Jan.
1217 2550 40 48 2,
1289 2549 142 49 1936;
1467 2552 43 39 A
1537 2550 171 48 90133;
1746 2551 207 41 Indiana
1984 2555 168 45 league
2186 2554 50 40 of

305 2618 184 29 women
519 2609 176 38 voters.
763 2606 221 49 (36-421)

232 2711 250 54 Isabella
509 2712 256 54 Stewart
794 2711 268 54 Gardner
1087 2727 291 49 museum,
1403 2713 235 52 Boston.

234 2785 1979 147 … General catalogue, compiled by Gilbert Wendel Long-street, under
662 2864 96 54 the
788 2862 355 70 supervision
1177 2863 64 54 of
1272 2863 211 54 Morris
1519 2863 219 69 Carter,
1768 2864 246 57 director
2046 2867 64 52 of
2141 2868 93 54 the

232 2960 269 36 museum.
576 2942 231 65 Boston,
833 2940 240 55 Printed
1102 2940 93 55 for
1221 2941 92 53 the
1340 2946 253 63 trustees,
1622 2944 151 52 1935.

302 3011 1563 50 301 p. front. (port.) illus. (plans) 16 pl. on 8 l. 22 cm .
304 3069 66 41 At
408 3069 126 41 head
571 3069 55 41 of
663 3070 136 40 title:
840 3069 103 40 The
981 3069 210 41 Isabella
1236 3070 213 41 Stewart
1489 3070 222 41 Gardner
1749 3083 234 39 museum,
2025 3075 209 47 Fenway

234 3127 153 40 court.

239 3182 54 54 ©
325 3187 113 40 Dec.
467 3185 69 49 24,
571 3185 117 41 1935;
746 3186 66 39 2c.
849 3186 96 39 and
979 3185 82 40 aff.
1098 3185 107 40 Jan.
1242 3185 39 48 2,
1316 3184 141 48 1936;
1494 3186 44 41 A
1569 3186 171 48 90119;
1778 3189 211 41 Isabella
2028 3192 210 40 Stewart

310 3243 224 40 Gardner
561 3253 230 29 museum.
861 3242 221 47 (36-811)

236 3346 320 64 Jonathan,
583 3347 229 51 Norton
841 3345 267 64 Hughes.

306 3424 133 51 Dan
470 3423 258 66 Hyland,
760 3422 182 67 police
976 3428 273 61 reporter,
1283 3423 73 66 by
1392 3425 223 51 Norton
1649 3426 240 66 Hughes
1924 3429 310 54 Jonathan.

240 3498 1714 74 Chicago, The Goldsmith publishing company [ c 1936]
310 3574 27 39 5
365 3584 43 37 p.
475 3604 7 15 l.,
514 3572 177 40 15-250
718 3583 41 37 p.
819 3572 54 39 19½
907 3575 43 20 cm
956 3604 8 7 .

242 3626 54 52 ©
325 3631 110 38 Jan.
466 3629 39 45 2,
537 3629 118 40 1936;
712 3629 64 39 2c.
803 3630 101 38 and
934 3628 81 40 aff.
1048 3629 109 42 Jan.
1187 3628 53 46 4;
1275 3629 41 38 A
1346 3628 171 48 90150;
1554 3630 273 42 Goldsmith
1860 3635 108 46 pub.
2002 3646 65 29 co.

322 3685 221 48 (36-416)

244 3787 259 66 [Jordan,
528 3789 138 51 Mrs.
695 3786 186 54 Helen
908 3784 295 70 Rosaline]
1237 3791 171 49 1891-

309 3864 150 52 Dust
492 3882 132 35 over
656 3864 95 52 the
783 3863 177 68 ruins,
991 3862 76 69 by
1100 3863 185 52 Helen
1315 3862 227 56 Ashton
1580 3869 212 65 [pseud.]
1884 3870 140 53 New
2058 3872 178 68 York,

241 3940 121 53 The
389 3939 333 54 Macmillan
750 3957 297 51 company,
1075 3942 152 51 1936.
