2519 4377
1054 4061 98 53 719

89 436 312 64 Thomson,
426 436 99 52 Sir
546 434 161 54 Basil
731 435 204 63 Home,
964 439 169 50 1861-

158 525 187 52 Death
386 523 57 52 in
486 523 92 52 the
621 523 316 66 bathroom,
978 522 73 67 by
1096 519 95 56 Sir
1236 518 157 55 Basil
1436 518 304 53 Thomson.
1819 515 261 69 London,

92 603 190 52 Eldon
310 620 154 50 press
495 600 219 53 limited
751 603 172 64 [1936]

159 689 86 41 250
272 701 40 36 p.
373 688 55 40 19
432 690 43 21 cm
479 718 9 9 .

93 753 1990 59 © 1c. May 22, 1936 ; A ad int. 21447; pubd. Mar. 24; Basil Thomson,
164 818 315 48 Teddington,
513 817 283 45 Middlesex,
828 816 234 46 England.
1133 813 279 48 (36-11962)

89 933 450 65 Timmermans,
570 931 182 65 Felix,
787 936 169 51 1886-

95 1018 1966 154 … The triptych of the three kings; translated by H. L. Ripperger;
376 1103 138 53 with
569 1100 377 54 illustrations
999 1101 33 52 by
1125 1100 252 52 Richard
1432 1101 190 53 Jones.
1712 1098 137 52 New
1908 1095 180 68 York,

92 1181 360 65 McFarlane,
481 1180 230 64 Warde,
737 1178 361 65 McFarlane,
1129 1181 150 50 1936.

163 1268 70 47 39,
265 1269 54 50 [1]
351 1279 43 38 p.
449 1268 128 40 illus.
631 1267 55 39 21½
720 1269 45 22 cm
770 1298 9 9 .

95 1335 53 53 ©
177 1340 113 47 May
319 1339 68 47 11,
419 1338 139 47 1936;
592 1339 67 39 2c.
691 1339 114 46 May
833 1336 56 41 27
906 1347 9 36 ;
949 1336 81 41 aff.
1062 1337 125 40 June
1217 1337 52 45 5;
1303 1337 40 38 A
1370 1336 170 47 94782;
1574 1336 304 46 McFarlane,
1910 1333 178 41 Warde

164 1396 36 40 &
229 1396 302 46 McFarlane,
562 1394 88 41 inc.
721 1393 279 50 (36-11552)

93 1500 232 62 Totten,
356 1499 199 63 Edith,
589 1498 325 55 1879-1927.

227 1586 1858 72 … Eye-movement during visual imagery, by Edith Totten
158 1666 1657 69 … Baltimore, Md., The Johns Hopkins press [ c 1935]
168 1752 282 49 cover-title,
480 1753 58 41 46
566 1763 42 38 p.
670 1753 142 48 illus.,
844 1754 121 47 port.
1025 1751 145 41 25½cm.
1242 1751 365 49 (Comparative
1641 1753 290 48 psychology
99 1764 1973 96 monographs.
381 1822 40 29 V.
453 1811 69 48 11,
551 1810 148 40 serial
729 1821 74 30 no.
833 1810 68 48 53,
932 1810 182 47 March,
1144 1809 139 49 1935)

171 1881 112 42 “Dr.
325 1880 217 41 Totten’s
584 1880 302 48 manuscript
929 1880 88 40 has
1060 1880 117 40 been
1220 1880 164 48 copied
1429 1879 117 41 with
1589 1881 81 40 the
1713 1881 124 40 least
1884 1882 208 47 possible

99 1937 564 49 editing.”—Foreword,
695 1937 166 48 signed
880 1948 9 29 :
922 1937 187 48 Knight
1139 1938 210 48 Dunlap.

169 1995 100 40 The
299 1994 328 41 illustrations
654 2005 84 30 are
765 1994 261 41 numbered
1057 2005 54 29 as
1141 1995 170 48 plates.

172 2050 346 43 “References”
537 2062 10 29 :
579 2063 43 38 p.
650 2052 72 41 26.

99 2119 53 53 ©
184 2125 120 38 Mar.
339 2123 69 47 23,
442 2123 113 40 1935
573 2133 9 35 ;
618 2122 67 41 2c.
718 2124 94 39 and
848 2123 80 39 aff.
965 2124 114 47 May
1111 2123 69 47 20,
1217 2122 113 42 1936
1348 2134 9 36 ;
1395 2124 40 38 A
1470 2123 142 41 95291
1632 2134 8 36 ;
1681 2125 154 39 Johns
1871 2123 223 47 Hopkins

169 2191 149 37 press.
379 2179 279 48 (36-11537)

98 2282 207 65 Tracy,
332 2283 287 54 Sherman
650 2281 182 66 Weld,
863 2288 169 50 1866-

170 2374 122 52 The
337 2375 185 67 Tracy
567 2373 340 69 genealogy;
955 2373 170 69 being
1170 2393 149 34 some
1366 2374 63 52 of
1474 2376 94 53 the
1614 2375 370 56 descendants
2031 2377 62 52 of

104 2450 250 68 Stephen
412 2453 185 66 Tracy
654 2451 65 53 of
774 2453 310 67 Plymouth
1141 2453 218 68 colony,
1419 2457 132 49 1623
1569 2473 11 47 ;
1641 2456 117 52 also
1816 2457 276 52 ancestral

101 2529 250 53 sketches
385 2531 111 51 and
530 2530 179 67 chart,
741 2530 278 67 compiled
1050 2529 74 69 by
1161 2530 277 56 Sherman
1471 2532 167 54 Weld
1674 2535 201 66 Tracy.
103 2536 1964 139 Rutland,

283 2608 115 68 Vt.,
429 2608 119 52 The
576 2608 195 53 Tuttle
801 2608 333 69 publishing
1164 2628 296 50 company,
1489 2610 107 54 inc.
1634 2644 12 34 [
1652 2617 17 21 c
1675 2616 133 49 1936]

175 2693 85 39 242
292 2702 42 38 p.
395 2692 162 48 front.,
591 2693 170 48 plates,
796 2694 162 47 ports.,
993 2704 123 38 map,
1151 2694 215 41 facsims.
1396 2695 48 50 (1
1480 2696 196 48 double)
1721 2696 26 39 2
1781 2699 182 47 geneal.
2002 2701 93 41 tab.

114 2751 50 49 (1
195 2749 197 49 double)
458 2750 146 41 23½cm.

104 2819 52 53 ©
182 2824 128 39 June
333 2824 38 45 1,
400 2823 139 46 1936;
568 2823 66 39 2c.
662 2823 127 39 June
814 2823 53 47 6;
896 2823 81 40 aff.
1004 2824 125 39 June
1156 2824 53 46 5;
1234 2824 41 39 A
1302 2824 169 47 94769;
1505 2826 44 40 S.
1577 2827 71 39 W.
1675 2827 170 49 Tracy,
1873 2826 224 50 Chicago.

186 2879 278 49 (36-11534)

105 2983 398 65 Vandercook,
529 2983 154 54 John
710 2984 297 63 Womack,
1035 2990 170 49 1902-

175 3073 236 52 Murder
452 3073 58 52 in
555 3071 149 69 Fiji;
753 3093 30 33 a
828 3092 122 34 case
993 3074 59 51 in
1096 3073 98 53 the
1233 3092 188 35 career
1465 3074 63 53 of
1572 3077 266 53 Bertram
1882 3080 217 67 Lynch,

104 3168 49 35 p.
189 3168 47 36 c.
274 3169 66 49 B.,
373 3150 75 68 by
483 3151 155 54 John
669 3151 89 53 W.
798 3152 391 52 Vandercook.
1261 3151 231 55 Garden
1532 3153 152 70 City,
1720 3156 69 53 N.
1828 3158 90 66 Y.,
1955 3159 143 53 Pub.

106 3230 95 53 for
227 3230 97 53 the
350 3229 191 56 Crime
567 3230 145 65 club,
737 3229 125 68 inc.,
887 3231 75 66 by
988 3230 356 69 Doubleday,
1370 3234 200 52 Doran
1596 3237 46 51 &
1668 3253 97 50 co.,
1791 3235 125 68 inc.,
1948 3242 148 51 1936.

178 3314 573 50 6 p. l. , 308 p. 20½cm.
179 3385 287 40 Illustrated
496 3383 361 50 lining-papers.

182 3440 160 41 “First
372 3439 225 42 edition.”

110 3507 52 53 ©
202 3512 127 40 June
365 3512 39 47 5,
445 3511 139 46 1936;
623 3511 67 41 2c.
732 3512 94 39 and
866 3511 82 41 aff.
988 3512 126 41 June
1155 3512 80 47 10;
1278 3513 40 39 A
1358 3513 169 49 94817;
1574 3516 43 41 J.
1660 3518 70 42 W.
1771 3520 329 52 Vandercook,

179 3569 253 47 Kingston,
462 3568 216 47 Ontario,
705 3568 213 40 Canada.
1007 3567 279 49 (36-11549)

112 3670 250 65 Walker,
390 3671 183 52 Helen
601 3672 190 62 Mary,
820 3676 172 49 1891-

183 3757 314 55 Statistical
546 3759 205 67 tables;
805 3759 148 52 their
1001 3763 279 50 structure
1330 3762 113 52 and
1493 3780 113 51 use,
1657 3764 74 69 by
1781 3766 185 55 Helen
2017 3770 81 53 M.

111 3834 1989 77 Walker … and Walter N. Durost … New York, Teachers
112 3912 225 70 college,
369 3912 297 55 Columbia
699 3913 332 68 university,
1065 3915 150 51 1936.

182 4011 28 28 V
236 4011 57 39 p.,
321 4002 22 38 1
406 4031 6 15 l.,
438 3999 57 40 76
518 4009 41 37 p.
619 3999 147 41 23½cm.
