2519 4377
1307 4072 133 50 1948

369 376 271 65 Gerlach,
669 376 265 55 Hellmut
963 393 133 39 von.

439 455 130 53 Von
593 455 188 53 rechts
805 456 146 52 nach
978 455 170 64 links,
1171 473 110 34 von
1307 456 266 53 Hellmut
1601 475 109 34 von
1736 457 265 54 Gerlach.
369 459 1993 141 Herausgegeben
585 551 115 35 von
736 531 158 55 Emil
930 532 264 69 Ludwig.
1270 534 227 67 Zurich,
1537 535 482 68 Europa-verlag,
2061 539 151 50 1936.

441 605 26 39 1
496 616 43 30 v.

370 658 2019 55 © Oct. 15, 1936; 1c. Nov. 18; A -Foreign 33827; Europa-verlag Zürich.
369 753 316 66 Grützner,
715 754 255 57 Arthur.

437 831 743 69 Aluminiumlegierungen
1204 833 546 67 patentsammlung.
1811 837 133 50 1.-2.
1968 839 40 49 t.
2068 834 131 54 Von

367 834 2023 146 dipl.-ing. A. Grützner unter mitarbeit von G. Apel … Zugleich
369 990 233 67 anhang
630 1008 71 34 zu
733 988 342 55 aluminium
1105 990 100 52 teil
1234 1011 35 34 a
1299 990 61 52 in
1390 991 259 55 Gmelins
1677 991 310 52 handbuch
2017 991 100 53 der
366 1010 2000 112 anorganischen
634 1068 231 54 chemie.
938 1072 45 50 8.
1019 1067 182 69 völlig
1231 1087 108 35 neu
1374 1067 314 57 bearbeitet
1721 1070 128 52 aufl.
1923 1069 219 69 Berlin,
2174 1070 217 68 Verlag

370 1147 251 67 Chemie,
647 1166 54 48 g.
728 1166 72 34 m.
827 1146 53 56 b.
904 1147 76 68 h.,
1010 1150 151 51 1936.

443 1219 309 41 2 v. 25 ½ cm .
369 1273 2024 54 1. t., © Jan. 2, 1936; 1c. Mar. 19; 2. t., © Apr. 1; 1c. Aug. 18; A -Foreign
440 1334 160 51 31080,
635 1334 147 41 32775;
847 1335 182 48 Verlag
1062 1334 211 48 Chemie,
1309 1345 40 37 g.
1387 1344 60 31 m.
1482 1335 42 39 b.
1559 1334 46 41 h.

365 1433 354 65 Johnstone,
746 1433 173 54 Anne
947 1432 308 55 Hartwell.

439 1509 1890 69 American foreign policy, by Anne Hartwell Johnstone …
366 1591 407 68 Washington,
820 1591 72 54 D.
946 1591 82 67 C.,
1077 1590 122 53 The
1249 1588 271 55 National
1574 1589 201 68 league
1825 1589 63 55 of
1937 1607 220 36 women
2203 1593 189 51 voters

373 1705 12 32 [
391 1676 18 21 c
414 1673 135 50 1936
555 1704 12 33 ]

439 1742 65 51 ix,
532 1742 58 40 44
616 1753 46 38 p.
719 1742 156 49 diagr.
930 1741 57 41 23
989 1744 46 22 cm
1039 1773 8 8 .

370 1797 53 54 ©
456 1801 101 41 Oct.
588 1799 72 49 29,
692 1799 116 41 1936;
867 1798 67 41 2c.
968 1799 98 40 and
1099 1799 82 41 aff.
1212 1800 119 39 Nov.
1363 1799 28 39 4;
1448 1800 42 39 A
1520 1798 177 40 100260;
1756 1799 117 39 Natl.
1921 1799 172 47 league
2124 1798 53 40 of
2207 1808 186 31 women

440 1859 179 47 voters,
647 1857 95 41 inc.

367 1949 262 66 Kander,
664 1947 196 55 Lizzie
889 1946 245 67 (Black)
1175 1949 172 52 “Mrs.
1381 1946 204 56 Simon
1618 1948 297 63 Kander,”
1952 1952 174 51 1858-
440 2047 181 48 comp.

442 2105 122 54 The
595 2105 342 57 Settlement
964 2104 141 54 cook
1131 2104 166 69 book,
1324 2104 285 68 compiled
1635 2104 76 68 by
1736 2104 140 54 Mrs.
1908 2103 202 56 Simon
2137 2105 256 54 Kander.

371 2185 208 53 Tested
617 2182 218 70 recipes
876 2182 155 54 from
1068 2183 97 54 the
1205 2181 341 56 Settlement
1584 2182 244 69 cooking
1865 2184 222 65 classes,
2124 2183 97 53 the
371 2184 1999 134 Milwaukee
636 2261 197 71 public
869 2263 191 53 school
1096 2262 279 68 kitchens,
1411 2262 97 53 the
1547 2261 207 56 School
1790 2261 65 54 of
1890 2263 193 53 trades
2121 2263 95 54 for
2252 2263 141 68 girls

371 2343 114 53 and
519 2342 374 69 experienced
926 2341 366 54 housewives.
1363 2344 122 49 21st
1519 2341 104 68 ed.,
1656 2341 107 53 enl.
1799 2342 113 52 and
1947 2360 115 35 rev.
367 2342 2003 147 Milwaukee,
517 2422 123 53 The
673 2420 340 56 Settlement
1042 2419 141 54 cook
1212 2419 148 54 book
1391 2437 79 35 co.
1550 2423 136 50 [c1936]

442 2497 103 42 xlvi
571 2508 58 38 p.,
658 2496 25 40 1
732 2527 24 18 l.,
785 2495 85 41 623
898 2506 44 38 p.
970 2495 111 40 incl.
1162 2495 98 40 front.
1289 2493 175 50 (port.)
1502 2494 131 41 illus.
1689 2494 60 41 20
1749 2497 16 21 cm
1798 2527 9 9 .

372 2550 53 54 ©
449 2554 104 42 Oct.
576 2554 39 49 5,
640 2552 117 41 1936;
807 2552 69 41 2c.
900 2553 120 39 Nov.
1043 2550 57 41 21;
1156 2551 94 41 aff.,
1264 2552 113 39 Dec.
1404 2551 56 39 17;
1513 2552 42 39 A
1579 2550 177 41 101424;
1812 2552 291 41 Settlement
2125 2553 122 39 cook
2271 2553 125 39 book

442 2621 69 32 co.
574 2609 226 51 (37-379)

369 2700 244 66 Kettell,
640 2700 237 54 Russell
903 2701 238 61 Hawes,
1167 2700 84 54 ed.

440 2776 184 70 Early
662 2775 311 54 American
1013 2793 217 51 rooms;
1272 2794 31 34 a
1345 2775 425 54 consideration
1807 2775 66 54 of
1909 2776 100 54 the
2046 2777 247 69 changes
2332 2776 60 53 in

369 2855 148 71 style
546 2855 254 55 between
830 2855 99 54 the
960 2854 216 54 arrival
1210 2852 67 56 of
1306 2854 98 53 the
1432 2853 340 71 Mayflower
1805 2855 114 54 and
1953 2855 99 54 the
2085 2854 156 56 Civil
2275 2873 119 37 war

370 2933 61 54 in
456 2935 95 54 the
577 2934 229 70 regions
834 2933 316 70 originally
1176 2934 204 52 settled
1406 2933 77 69 by
1511 2933 100 53 the
1636 2933 249 70 English
1914 2935 115 53 and
2057 2935 98 53 the
2180 2934 213 68 Dutch,

370 3011 2024 148 with articles by Frederick Lewis Allen, Elliot W. Bisbee, Joseph Everett Chandler [ and others] … Russell Hawes Kettell,
367 3169 202 55 editor.
619 3170 305 67 Portland,
945 3169 132 68 Me.,
1098 3169 122 53 The
1245 3167 774 56 Southworth-Anthoensen
2043 3186 175 51 press,
2242 3170 152 52 1936.

441 3244 117 48 xvii,
584 3242 88 42 200
695 3254 59 38 p.,
779 3244 25 39 1
851 3276 7 8 l.
921 3243 85 40 col.
1034 3243 166 48 front.,
1226 3242 128 41 illus.
1386 3242 133 49 (incl.
1543 3242 166 49 plans)
1744 3242 159 48 plates
1931 3242 138 49 (part
2093 3242 111 49 col.)
2272 3241 57 41 31
2334 3245 43 21 cm
2381 3274 9 9 .

440 3300 66 41 At
530 3301 82 41 the
640 3302 93 39 end
758 3300 54 41 of
836 3301 119 40 each
982 3300 53 40 of
1061 3300 82 40 the
1171 3300 174 40 twelve
1373 3300 229 47 chapters
1629 3310 84 30 are
1741 3302 96 37 two
1862 3309 162 39 pages,
2053 3302 87 39 not
2165 3300 226 41 included

371 3355 49 42 in
470 3358 83 40 the
600 3357 304 49 pagination,
955 3356 285 49 containing
1286 3366 286 38 newspaper
1623 3357 142 40 items
1814 3358 112 39 that
1979 3367 116 31 once
2149 3358 241 47 appeared

371 3414 175 41 within
580 3416 84 40 the
697 3415 140 41 dates
874 3414 142 48 given
1050 3414 52 40 in
1137 3415 82 39 the
1256 3413 210 48 caption,
1503 3413 249 49 reprinted
1788 3414 50 39 in
1876 3415 120 39 such
2031 3414 128 40 form
2199 3425 54 30 as
2291 3414 100 40 will

375 3480 142 39 carry
546 3473 85 40 out
661 3472 83 40 the
774 3471 147 48 spirit
949 3471 54 41 of
1029 3471 130 40 their
1191 3470 209 48 original
1433 3471 306 49 typography
1768 3472 96 40 and
1896 3473 357 47 arrangement.

444 3527 174 44 “Color
642 3528 161 50 plates
828 3539 126 31 were
980 3529 143 40 made
1150 3528 62 48 by
1240 3527 118 42 Max
1386 3528 132 42 Jaffé
1545 3529 51 40 in
1623 3528 188 41 Vienna;
1868 3530 338 40 monochrome
2234 3529 158 49 plates

371 3585 62 49 by
458 3587 190 40 Arthur
675 3585 144 51 Jaffé,
848 3586 105 49 inc.,
982 3586 118 40 New
1128 3585 175 41 York.”

378 3642 52 53 ©
459 3647 112 39 Dec.
602 3646 41 47 7,
674 3644 115 41 1936;
847 3644 69 42 2c.
949 3644 96 40 and
1075 3644 81 40 aff.
1188 3646 112 38 Dec.
1328 3644 57 38 22;
1445 3645 41 38 A
1515 3643 173 41 101432;
1750 3646 54 39 R.
1837 3647 61 39 H.
1929 3646 201 50 Kettell,
2164 3645 231 49 Concord,

449 3704 148 39 Mass.
665 3701 224 50 (37-392)

376 3793 314 65 Kilgallen,
715 3793 293 64 Dorothy.

379 3868 1991 148 Girl around the world, by Dorothy Kilgallen … Philadelphia, David McKay company [ c 1936 ]
