<alto xmlns="http://www.loc.gov/standards/alto/ns-v3#" xmlns:xsi="http://www.w3.org/2001/XMLSchema-instance" xsi:schemaLocation="http://www.loc.gov/standards/alto/ns-v3# http://www.loc.gov/alto/v3/alto-3-0.xsd"><Description>
<MeasurementUnit>pixel</MeasurementUnit>
<sourceImageInformation>
<fileName>1936_v33_Part1.pdf</fileName>
</sourceImageInformation>
<OCRProcessing ID="IdOcr">
<ocrProcessingStep>
<processingDateTime>2019-01-18</processingDateTime>
<processingSoftware>
<softwareCreator>ABBYY</softwareCreator>
<softwareName>ABBYY Recognition Server</softwareName>
<softwareVersion>4.0</softwareVersion>
</processingSoftware>
</ocrProcessingStep>
</OCRProcessing>
</Description>
<Styles>
<ParagraphStyle ALIGN="Left" FIRSTLINE="0." ID="StyleId-FFFFFFFF-FFFF-FFFF-FFFF-FFFFFFFFFFFF-" LEFT="0." RIGHT="0." />
<ParagraphStyle ALIGN="Left" FIRSTLINE="0." ID="StyleId-51D50FAC-7A90-4D70-8A96-5EA9D46D1C8B-" LEFT="0." LINESPACE="7.699999809" RIGHT="0." />
<ParagraphStyle ALIGN="Block" FIRSTLINE="-17." ID="StyleId-6BC133E9-7DCB-43C3-8842-A67984A26405-" LEFT="0." LINESPACE="8.340000153" RIGHT="0." />
<ParagraphStyle ALIGN="Left" FIRSTLINE="-13." ID="StyleId-3C3FF860-43E7-46A2-8934-48F305F6F0D6-" LEFT="0." LINESPACE="11.06999969" RIGHT="0." />
<ParagraphStyle ALIGN="Block" FIRSTLINE="-13." ID="StyleId-19220C76-4F8A-4737-B38C-B5F5C17E6040-" LEFT="0." LINESPACE="11.06999969" RIGHT="0." />
<ParagraphStyle ALIGN="Left" FIRSTLINE="0." ID="StyleId-75A0D721-13ED-4F20-9002-B389EC48477D-" LEFT="0." LINESPACE="15.5" RIGHT="0." />
<ParagraphStyle ALIGN="Left" FIRSTLINE="0." ID="StyleId-8A414184-C7A5-4AC7-9B88-7DA4DDE75922-" LEFT="0." LINESPACE="9.399999619" RIGHT="0." />
<ParagraphStyle ALIGN="Left" FIRSTLINE="0." ID="StyleId-1A87970B-111C-4169-99A6-9412976F3C97-" LEFT="0." LINESPACE="10.5" RIGHT="0." />
<ParagraphStyle ALIGN="Block" FIRSTLINE="-17." ID="StyleId-72DB0571-5AE4-41FD-9E11-68C6AC4C437E-" LEFT="0." LINESPACE="8.340000153" RIGHT="0." />
<ParagraphStyle ALIGN="Center" FIRSTLINE="0." ID="StyleId-1AA43056-C388-4697-B10F-72FDAA38FAE1-" LEFT="0." LINESPACE="10.5" RIGHT="0." />
</Styles>
<Layout>
<Page HEIGHT="4377" ID="Page1622" PHYSICAL_IMG_NR="1622" WIDTH="2519">
<TopMargin HEIGHT="373" HPOS="0" VPOS="0" WIDTH="2519">
</TopMargin>
<LeftMargin HEIGHT="3803" HPOS="0" VPOS="373" WIDTH="322">
</LeftMargin>
<RightMargin HEIGHT="3803" HPOS="2372" VPOS="373" WIDTH="147">
</RightMargin>
<BottomMargin HEIGHT="201" HPOS="0" VPOS="4176" WIDTH="2519">
</BottomMargin>
<PrintSpace HEIGHT="3803" HPOS="322" VPOS="373" WIDTH="2050">
<TextBlock HEIGHT="70" HPOS="1272" ID="Page1622_Block1" LANG="en-US" STYLEREFS="StyleId-0931A8AF-7841-4D82-A936-0D284DF07505-" VPOS="4106" WIDTH="152">
<TextLine HEIGHT="49" HPOS="1281" VPOS="4116" WIDTH="133">
<String CONTENT="1622" HEIGHT="49" HPOS="1281" VPOS="4116" WIDTH="133" />
</TextLine>
</TextBlock>
<TextBlock CS="1" HEIGHT="3695" HPOS="322" ID="Page1622_Block2" LANG="en-US" STYLEREFS="StyleId-11AFA3E9-6748-4423-98FF-467F83A7CA3D-" VPOS="373" WIDTH="2050">
<TextLine CS="1" HEIGHT="50" HPOS="411" VPOS="511" WIDTH="987">
<String CONTENT="&#8220;Literaturverzeichnis&#8221;;" CS="1" HEIGHT="43" HPOS="411" LANG="de" VPOS="511" WIDTH="616" />
<SP HEIGHT="38" HPOS="1057" VPOS="523" WIDTH="39" />
<String CONTENT="p." HEIGHT="38" HPOS="1097" LANG="en-US" VPOS="523" WIDTH="43" />
<SP HEIGHT="40" HPOS="1141" VPOS="513" WIDTH="38" />
<String CONTENT="163-164." HEIGHT="43" HPOS="1180" LANG="en-US" VPOS="512" WIDTH="218" />
</TextLine>
<TextLine CS="1" HEIGHT="50" HPOS="409" VPOS="568" WIDTH="1165">
<String CONTENT="&#8220;Schriften" HEIGHT="42" HPOS="409" LANG="de" VPOS="569" WIDTH="283" />
<SP HEIGHT="29" HPOS="693" VPOS="580" WIDTH="28" />
<String CONTENT="von" HEIGHT="30" HPOS="722" LANG="en-US" VPOS="579" WIDTH="93" />
<SP HEIGHT="39" HPOS="816" VPOS="570" WIDTH="29" />
<String CONTENT="dr." HEIGHT="39" HPOS="846" LANG="en-US" VPOS="570" WIDTH="70" />
<SP HEIGHT="41" HPOS="917" VPOS="568" WIDTH="29" />
<String CONTENT="Fritz" HEIGHT="41" HPOS="947" LANG="en-US" VPOS="568" WIDTH="136" />
<SP HEIGHT="40" HPOS="1084" VPOS="569" WIDTH="28" />
<String CONTENT="K&#252;nkel&#8221;;" CS="1" HEIGHT="41" HPOS="1113" LANG="de" VPOS="568" WIDTH="225" />
<SP HEIGHT="38" HPOS="1368" VPOS="580" WIDTH="32" />
<String CONTENT="p." HEIGHT="38" HPOS="1401" LANG="en-US" VPOS="580" WIDTH="43" />
<SP HEIGHT="40" HPOS="1445" VPOS="570" WIDTH="29" />
<String CONTENT="165." HEIGHT="42" HPOS="1475" LANG="en-US" VPOS="569" WIDTH="99" />
</TextLine>
<TextLine CS="1" HEIGHT="54" HPOS="339" VPOS="640" WIDTH="2020">
<String CONTENT="&#169;" HEIGHT="54" HPOS="339" VPOS="640" WIDTH="53" />
<SP HEIGHT="54" HPOS="393" VPOS="640" WIDTH="41" />
<String CONTENT="Sept." HEIGHT="47" HPOS="435" VPOS="645" WIDTH="128" />
<SP HEIGHT="40" HPOS="564" VPOS="643" WIDTH="35" />
<String CONTENT="9," HEIGHT="49" HPOS="600" VPOS="643" WIDTH="42" />
<SP HEIGHT="49" HPOS="643" VPOS="643" WIDTH="40" />
<String CONTENT="1935;" CS="1" HEIGHT="41" HPOS="684" VPOS="642" WIDTH="115" />
<SP />
<String CONTENT="1c." CS="1" />
<SP />
<String CONTENT="Aug." HEIGHT="47" HPOS="976" VPOS="643" WIDTH="121" />
<SP HEIGHT="41" HPOS="1098" VPOS="642" WIDTH="39" />
<String CONTENT="18," HEIGHT="51" HPOS="1138" VPOS="641" WIDTH="69" />
<SP HEIGHT="50" HPOS="1208" VPOS="642" WIDTH="40" />
<String CONTENT="1936;" CS="1" HEIGHT="41" HPOS="1249" VPOS="641" WIDTH="116" />
<SP HEIGHT="48" HPOS="1393" VPOS="642" WIDTH="40" />
<String CONTENT="A-Foreign" HEIGHT="48" HPOS="1434" VPOS="641" WIDTH="315" />
<SP HEIGHT="40" HPOS="1750" VPOS="641" WIDTH="38" />
<String CONTENT="32812;" CS="1" HEIGHT="41" HPOS="1789" VPOS="641" WIDTH="145" />
<SP HEIGHT="47" HPOS="1962" VPOS="642" WIDTH="44" />
<String CONTENT="Hippokrates-" HEIGHT="50" HPOS="2007" VPOS="640" WIDTH="352" />
</TextLine>
<TextLine HEIGHT="52" HPOS="410" VPOS="698" WIDTH="837">
<String CONTENT="verlag," HEIGHT="49" HPOS="410" VPOS="701" WIDTH="183" />
<SP HEIGHT="40" HPOS="594" VPOS="710" WIDTH="26" />
<String CONTENT="g." HEIGHT="39" HPOS="621" VPOS="710" WIDTH="44" />
<SP HEIGHT="32" HPOS="666" VPOS="710" WIDTH="23" />
<String CONTENT="m." HEIGHT="31" HPOS="690" VPOS="710" WIDTH="61" />
<SP HEIGHT="41" HPOS="752" VPOS="700" WIDTH="25" />
<String CONTENT="b." HEIGHT="41" HPOS="778" VPOS="700" WIDTH="43" />
<SP HEIGHT="42" HPOS="822" VPOS="699" WIDTH="27" />
<String CONTENT="h." HEIGHT="43" HPOS="850" VPOS="699" WIDTH="46" />
<SP HEIGHT="49" HPOS="897" VPOS="699" WIDTH="66" />
<String CONTENT="(36-30658)" HEIGHT="50" HPOS="964" VPOS="698" WIDTH="283" />
</TextLine>
<TextLine HEIGHT="66" HPOS="337" STYLEREFS="StyleId-C9F8B578-DFEC-4AF3-A778-81617AA88F51-" VPOS="803" WIDTH="599">
<String CONTENT="La" HEIGHT="53" HPOS="337" VPOS="806" WIDTH="87" />
<SP HEIGHT="54" HPOS="425" VPOS="806" WIDTH="21" />
<String CONTENT="Grange," HEIGHT="63" HPOS="447" VPOS="806" WIDTH="258" />
<SP HEIGHT="64" HPOS="706" VPOS="805" WIDTH="21" />
<String CONTENT="Helen." HEIGHT="58" HPOS="728" VPOS="803" WIDTH="208" />
</TextLine>
<TextLine HEIGHT="72" HPOS="412" STYLEREFS="StyleId-B1C27D21-4666-4798-B536-03A5832EFB9C-" VPOS="878" WIDTH="1944">
<String CONTENT="Clipper" HEIGHT="69" HPOS="412" VPOS="881" WIDTH="242" />
<SP HEIGHT="35" HPOS="655" VPOS="901" WIDTH="46" />
<String CONTENT="ships" HEIGHT="69" HPOS="702" VPOS="881" WIDTH="161" />
<SP HEIGHT="37" HPOS="864" VPOS="899" WIDTH="43" />
<String CONTENT="of" HEIGHT="54" HPOS="908" VPOS="880" WIDTH="65" />
<SP HEIGHT="53" HPOS="974" VPOS="880" WIDTH="41" />
<String CONTENT="America" HEIGHT="53" HPOS="1016" VPOS="880" WIDTH="270" />
<SP HEIGHT="34" HPOS="1287" VPOS="900" WIDTH="42" />
<String CONTENT="and" HEIGHT="53" HPOS="1330" VPOS="881" WIDTH="114" />
<SP HEIGHT="56" HPOS="1445" VPOS="879" WIDTH="45" />
<String CONTENT="Great" HEIGHT="56" HPOS="1491" VPOS="879" WIDTH="180" />
<SP HEIGHT="52" HPOS="1672" VPOS="881" WIDTH="42" />
<String CONTENT="Britain," HEIGHT="68" HPOS="1715" VPOS="878" WIDTH="252" />
<SP HEIGHT="63" HPOS="1968" VPOS="883" WIDTH="48" />
<String CONTENT="1833-1869;" HEIGHT="64" HPOS="2017" VPOS="883" WIDTH="339" />
</TextLine>
<TextLine HEIGHT="73" HPOS="340" STYLEREFS="StyleId-B1C27D21-4666-4798-B536-03A5832EFB9C-" VPOS="956" WIDTH="2020">
<String CONTENT="with" HEIGHT="55" HPOS="340" VPOS="960" WIDTH="141" />
<SP HEIGHT="55" HPOS="482" VPOS="960" WIDTH="40" />
<String CONTENT="thirty-seven" HEIGHT="70" HPOS="523" VPOS="959" WIDTH="384" />
<SP HEIGHT="34" HPOS="908" VPOS="979" WIDTH="40" />
<String CONTENT="wood" HEIGHT="54" HPOS="949" VPOS="960" WIDTH="164" />
<SP HEIGHT="53" HPOS="1114" VPOS="960" WIDTH="40" />
<String CONTENT="engravings" HEIGHT="73" HPOS="1155" VPOS="956" WIDTH="348" />
<SP HEIGHT="54" HPOS="1504" VPOS="959" WIDTH="38" />
<String CONTENT="in" HEIGHT="53" HPOS="1543" VPOS="959" WIDTH="61" />
<SP HEIGHT="54" HPOS="1605" VPOS="957" WIDTH="42" />
<String CONTENT="full" HEIGHT="55" HPOS="1648" VPOS="957" WIDTH="114" />
<SP HEIGHT="55" HPOS="1763" VPOS="958" WIDTH="38" />
<String CONTENT="color" HEIGHT="55" HPOS="1802" VPOS="958" WIDTH="155" />
<SP HEIGHT="54" HPOS="1958" VPOS="958" WIDTH="38" />
<String CONTENT="by" HEIGHT="70" HPOS="1997" VPOS="958" WIDTH="77" />
<SP HEIGHT="70" HPOS="2075" VPOS="958" WIDTH="40" />
<String CONTENT="Jacques" HEIGHT="70" HPOS="2116" VPOS="958" WIDTH="244" />
</TextLine>
<TextLine HEIGHT="71" HPOS="339" STYLEREFS="StyleId-B1C27D21-4666-4798-B536-03A5832EFB9C-" VPOS="1037" WIDTH="2022">
<String CONTENT="La" HEIGHT="54" HPOS="339" VPOS="1040" WIDTH="84" />
<SP HEIGHT="55" HPOS="424" VPOS="1039" WIDTH="26" />
<String CONTENT="Grange;" HEIGHT="69" HPOS="451" VPOS="1039" WIDTH="263" />
<SP HEIGHT="65" HPOS="715" VPOS="1043" WIDTH="27" />
<String CONTENT="text" HEIGHT="50" HPOS="743" VPOS="1043" WIDTH="123" />
<SP HEIGHT="54" HPOS="867" VPOS="1039" WIDTH="21" />
<String CONTENT="by" HEIGHT="68" HPOS="889" VPOS="1039" WIDTH="77" />
<SP HEIGHT="69" HPOS="967" VPOS="1038" WIDTH="24" />
<String CONTENT="Helen" HEIGHT="55" HPOS="992" VPOS="1038" WIDTH="189" />
<SP HEIGHT="53" HPOS="1182" VPOS="1038" WIDTH="24" />
<String CONTENT="La" HEIGHT="53" HPOS="1207" VPOS="1038" WIDTH="86" />
<SP HEIGHT="56" HPOS="1294" VPOS="1038" WIDTH="23" />
<String CONTENT="Grange." HEIGHT="69" HPOS="1318" VPOS="1038" WIDTH="250" />
<SP HEIGHT="56" HPOS="1569" VPOS="1037" WIDTH="62" />
<String CONTENT="Over" HEIGHT="56" HPOS="1632" VPOS="1037" WIDTH="154" />
<SP HEIGHT="54" HPOS="1787" VPOS="1037" WIDTH="26" />
<String CONTENT="fifty" HEIGHT="69" HPOS="1814" VPOS="1037" WIDTH="136" />
<SP HEIGHT="51" HPOS="1951" VPOS="1055" WIDTH="27" />
<String CONTENT="pen-and-ink" HEIGHT="69" HPOS="1979" VPOS="1037" WIDTH="382" />
</TextLine>
<TextLine HEIGHT="72" HPOS="339" STYLEREFS="StyleId-B1C27D21-4666-4798-B536-03A5832EFB9C-" VPOS="1115" WIDTH="2022">
<String CONTENT="drawings" HEIGHT="69" HPOS="339" VPOS="1118" WIDTH="294" />
<SP HEIGHT="36" HPOS="634" VPOS="1136" WIDTH="27" />
<String CONTENT="and" HEIGHT="53" HPOS="662" VPOS="1118" WIDTH="113" />
<SP HEIGHT="68" HPOS="776" VPOS="1118" WIDTH="27" />
<String CONTENT="plans" HEIGHT="69" HPOS="804" VPOS="1117" WIDTH="168" />
<SP HEIGHT="36" HPOS="973" VPOS="1136" WIDTH="27" />
<String CONTENT="of" HEIGHT="53" HPOS="1001" VPOS="1117" WIDTH="63" />
<SP HEIGHT="55" HPOS="1065" VPOS="1117" WIDTH="28" />
<String CONTENT="ships." HEIGHT="69" HPOS="1094" VPOS="1116" WIDTH="177" />
<SP HEIGHT="54" HPOS="1272" VPOS="1116" WIDTH="59" />
<String CONTENT="Appendices" HEIGHT="70" HPOS="1332" VPOS="1115" WIDTH="369" />
<SP HEIGHT="36" HPOS="1702" VPOS="1135" WIDTH="27" />
<String CONTENT="of" HEIGHT="53" HPOS="1730" VPOS="1116" WIDTH="64" />
<SP HEIGHT="53" HPOS="1795" VPOS="1116" WIDTH="26" />
<String CONTENT="technical" HEIGHT="54" HPOS="1822" VPOS="1116" WIDTH="283" />
<SP HEIGHT="53" HPOS="2106" VPOS="1117" WIDTH="30" />
<String CONTENT="details," HEIGHT="67" HPOS="2137" VPOS="1117" WIDTH="224" />
</TextLine>
<TextLine HEIGHT="70" HPOS="339" STYLEREFS="StyleId-B1C27D21-4666-4798-B536-03A5832EFB9C-" VPOS="1194" WIDTH="2022">
<String CONTENT="elements" HEIGHT="52" HPOS="339" VPOS="1198" WIDTH="269" />
<SP HEIGHT="35" HPOS="609" VPOS="1215" WIDTH="22" />
<String CONTENT="of" HEIGHT="54" HPOS="632" VPOS="1196" WIDTH="67" />
<SP HEIGHT="52" HPOS="700" VPOS="1196" WIDTH="19" />
<String CONTENT="naval" HEIGHT="53" HPOS="720" VPOS="1196" WIDTH="173" />
<SP HEIGHT="53" HPOS="894" VPOS="1196" WIDTH="20" />
<String CONTENT="architecture" HEIGHT="54" HPOS="915" VPOS="1195" WIDTH="382" />
<SP HEIGHT="35" HPOS="1298" VPOS="1214" WIDTH="21" />
<String CONTENT="and" HEIGHT="53" HPOS="1320" VPOS="1196" WIDTH="114" />
<SP HEIGHT="52" HPOS="1435" VPOS="1196" WIDTH="20" />
<String CONTENT="the" HEIGHT="53" HPOS="1456" VPOS="1195" WIDTH="97" />
<SP HEIGHT="34" HPOS="1554" VPOS="1214" WIDTH="23" />
<String CONTENT="art" HEIGHT="48" HPOS="1578" VPOS="1200" WIDTH="89" />
<SP HEIGHT="48" HPOS="1668" VPOS="1200" WIDTH="23" />
<String CONTENT="of" HEIGHT="53" HPOS="1692" VPOS="1194" WIDTH="64" />
<SP HEIGHT="55" HPOS="1757" VPOS="1194" WIDTH="22" />
<String CONTENT="shipbuilding," HEIGHT="70" HPOS="1780" VPOS="1194" WIDTH="421" />
<SP HEIGHT="51" HPOS="2202" VPOS="1213" WIDTH="22" />
<String CONTENT="spar" HEIGHT="51" HPOS="2225" VPOS="1213" WIDTH="136" />
</TextLine>
<TextLine HEIGHT="71" HPOS="339" STYLEREFS="StyleId-B1C27D21-4666-4798-B536-03A5832EFB9C-" VPOS="1272" WIDTH="2020">
<String CONTENT="dimensions," HEIGHT="69" HPOS="339" VPOS="1273" WIDTH="367" />
<SP HEIGHT="50" HPOS="707" VPOS="1292" WIDTH="24" />
<String CONTENT="abstract" HEIGHT="52" HPOS="732" VPOS="1275" WIDTH="254" />
<SP HEIGHT="52" HPOS="987" VPOS="1276" WIDTH="20" />
<String CONTENT="logs" HEIGHT="67" HPOS="1008" VPOS="1276" WIDTH="125" />
<SP HEIGHT="34" HPOS="1134" VPOS="1294" WIDTH="23" />
<String CONTENT="and" HEIGHT="55" HPOS="1158" VPOS="1273" WIDTH="112" />
<SP HEIGHT="54" HPOS="1271" VPOS="1273" WIDTH="26" />
<String CONTENT="other" HEIGHT="58" HPOS="1298" VPOS="1273" WIDTH="163" />
<SP HEIGHT="54" HPOS="1462" VPOS="1272" WIDTH="26" />
<String CONTENT="features." HEIGHT="55" HPOS="1489" VPOS="1272" WIDTH="267" />
<SP HEIGHT="52" HPOS="1757" VPOS="1274" WIDTH="61" />
<String CONTENT="New" HEIGHT="52" HPOS="1819" VPOS="1274" WIDTH="139" />
<SP HEIGHT="52" HPOS="1959" VPOS="1274" WIDTH="25" />
<String CONTENT="York," HEIGHT="68" HPOS="1985" VPOS="1273" WIDTH="182" />
<SP HEIGHT="69" HPOS="2168" VPOS="1272" WIDTH="24" />
<String CONTENT="G." HEIGHT="56" HPOS="2193" LANG="fr" VPOS="1272" WIDTH="69" />
<SP HEIGHT="52" HPOS="2263" VPOS="1275" WIDTH="28" />
<String CONTENT="P." HEIGHT="54" HPOS="2292" VPOS="1275" WIDTH="67" />
</TextLine>
<TextLine CS="1" HEIGHT="68" HPOS="339" STYLEREFS="StyleId-B1C27D21-4666-4798-B536-03A5832EFB9C-" VPOS="1352" WIDTH="692">
<String CONTENT="Putnam&#8217;s" HEIGHT="55" HPOS="339" VPOS="1352" WIDTH="299" />
<SP HEIGHT="35" HPOS="639" VPOS="1373" WIDTH="28" />
<String CONTENT="sons" HEIGHT="37" HPOS="668" VPOS="1371" WIDTH="131" />
<SP HEIGHT="48" HPOS="800" VPOS="1372" WIDTH="34" />
<String CONTENT="[" CS="1" />
<String CONTENT="c" HEIGHT="21" HPOS="853" STYLE="superscript" VPOS="1360" WIDTH="18" />
<String CONTENT="1936]" HEIGHT="65" HPOS="876" VPOS="1355" WIDTH="155" />
</TextLine>
<TextLine CS="1" HEIGHT="49" HPOS="409" VPOS="1439" WIDTH="1376">
<String CONTENT="xi," HEIGHT="49" HPOS="409" VPOS="1439" WIDTH="65" />
<SP HEIGHT="48" HPOS="475" VPOS="1440" WIDTH="27" />
<String CONTENT="13-381" CS="1" HEIGHT="42" HPOS="503" VPOS="1439" WIDTH="176" />
<SP HEIGHT="48" HPOS="680" VPOS="1440" WIDTH="24" />
<String CONTENT="p." HEIGHT="38" HPOS="705" VPOS="1450" WIDTH="44" />
<SP HEIGHT="32" HPOS="750" VPOS="1449" WIDTH="56" />
<String CONTENT="col." HEIGHT="41" HPOS="807" VPOS="1440" WIDTH="87" />
<SP HEIGHT="42" HPOS="895" VPOS="1439" WIDTH="25" />
<String CONTENT="front.," HEIGHT="49" HPOS="921" VPOS="1439" WIDTH="166" />
<SP HEIGHT="48" HPOS="1088" VPOS="1440" WIDTH="28" />
<String CONTENT="illus.," HEIGHT="49" HPOS="1117" VPOS="1439" WIDTH="145" />
<SP HEIGHT="38" HPOS="1263" VPOS="1450" WIDTH="27" />
<String CONTENT="col." HEIGHT="41" HPOS="1291" VPOS="1439" WIDTH="88" />
<SP HEIGHT="38" HPOS="1380" VPOS="1450" WIDTH="27" />
<String CONTENT="plates." HEIGHT="49" HPOS="1408" VPOS="1439" WIDTH="173" />
<SP HEIGHT="40" HPOS="1582" VPOS="1439" WIDTH="54" />
<String CONTENT="26&#189;" CS="1" HEIGHT="40" HPOS="1637" VPOS="1439" WIDTH="57" />
<String CONTENT="cm" HEIGHT="22" HPOS="1727" STYLE="superscript" VPOS="1441" WIDTH="44" />
<String CONTENT="." HEIGHT="9" HPOS="1776" VPOS="1471" WIDTH="9" />
</TextLine>
<TextLine HEIGHT="49" HPOS="410" VPOS="1509" WIDTH="627">
<String CONTENT="Maps" HEIGHT="48" HPOS="410" VPOS="1510" WIDTH="141" />
<SP HEIGHT="31" HPOS="552" VPOS="1520" WIDTH="27" />
<String CONTENT="on" HEIGHT="30" HPOS="580" VPOS="1521" WIDTH="61" />
<SP HEIGHT="38" HPOS="642" VPOS="1511" WIDTH="25" />
<String CONTENT="lining-papers." HEIGHT="49" HPOS="668" VPOS="1509" WIDTH="369" />
</TextLine>
<TextLine CS="1" HEIGHT="52" HPOS="410" VPOS="1564" WIDTH="706">
<String CONTENT="Bibliography;" CS="1" HEIGHT="51" HPOS="410" VPOS="1565" WIDTH="355" />
<SP HEIGHT="39" HPOS="793" VPOS="1576" WIDTH="30" />
<String CONTENT="p." HEIGHT="39" HPOS="824" VPOS="1576" WIDTH="42" />
<SP HEIGHT="41" HPOS="867" VPOS="1565" WIDTH="28" />
<String CONTENT="369-370." HEIGHT="43" HPOS="896" VPOS="1564" WIDTH="220" />
</TextLine>
<TextLine HEIGHT="54" HPOS="338" VPOS="1633" WIDTH="2024">
<String CONTENT="&#169;" HEIGHT="54" HPOS="338" VPOS="1633" WIDTH="53" />
<SP HEIGHT="54" HPOS="392" VPOS="1633" WIDTH="30" />
<String CONTENT="Oct." HEIGHT="42" HPOS="423" VPOS="1637" WIDTH="103" />
<SP HEIGHT="42" HPOS="527" VPOS="1636" WIDTH="30" />
<String CONTENT="9," HEIGHT="50" HPOS="558" VPOS="1636" WIDTH="40" />
<SP HEIGHT="49" HPOS="599" VPOS="1637" WIDTH="31" />
<String CONTENT="1936;" HEIGHT="49" HPOS="631" VPOS="1636" WIDTH="144" />
<SP HEIGHT="50" HPOS="776" VPOS="1635" WIDTH="31" />
<String CONTENT="2c." HEIGHT="42" HPOS="808" VPOS="1635" WIDTH="68" />
<SP HEIGHT="42" HPOS="877" VPOS="1636" WIDTH="33" />
<String CONTENT="Oct." HEIGHT="42" HPOS="911" VPOS="1636" WIDTH="101" />
<SP HEIGHT="38" HPOS="1013" VPOS="1636" WIDTH="32" />
<String CONTENT="12;" HEIGHT="48" HPOS="1046" VPOS="1635" WIDTH="82" />
<SP HEIGHT="38" HPOS="1129" VPOS="1645" WIDTH="36" />
<String CONTENT="aff." HEIGHT="41" HPOS="1166" VPOS="1635" WIDTH="82" />
<SP HEIGHT="41" HPOS="1249" VPOS="1635" WIDTH="33" />
<String CONTENT="Oct." HEIGHT="41" HPOS="1283" VPOS="1635" WIDTH="102" />
<SP HEIGHT="41" HPOS="1386" VPOS="1635" WIDTH="31" />
<String CONTENT="10;" HEIGHT="49" HPOS="1418" VPOS="1634" WIDTH="82" />
<SP HEIGHT="48" HPOS="1501" VPOS="1635" WIDTH="33" />
<String CONTENT="A" HEIGHT="40" HPOS="1535" VPOS="1635" WIDTH="41" />
<SP HEIGHT="40" HPOS="1577" VPOS="1635" WIDTH="28" />
<String CONTENT="99277;" HEIGHT="48" HPOS="1606" VPOS="1634" WIDTH="173" />
<SP HEIGHT="46" HPOS="1780" VPOS="1636" WIDTH="34" />
<String CONTENT="Jacques" HEIGHT="47" HPOS="1815" VPOS="1636" WIDTH="212" />
<SP HEIGHT="39" HPOS="2028" VPOS="1636" WIDTH="30" />
<String CONTENT="La" HEIGHT="38" HPOS="2059" VPOS="1636" WIDTH="71" />
<SP HEIGHT="41" HPOS="2131" VPOS="1635" WIDTH="34" />
<String CONTENT="Grange" HEIGHT="47" HPOS="2166" VPOS="1635" WIDTH="196" />
</TextLine>
<TextLine HEIGHT="51" HPOS="411" VPOS="1691" WIDTH="1267">
<String CONTENT="and" HEIGHT="39" HPOS="411" VPOS="1695" WIDTH="97" />
<SP HEIGHT="39" HPOS="509" VPOS="1695" WIDTH="22" />
<String CONTENT="Helen" HEIGHT="40" HPOS="532" VPOS="1694" WIDTH="158" />
<SP HEIGHT="39" HPOS="691" VPOS="1694" WIDTH="22" />
<String CONTENT="La" HEIGHT="39" HPOS="714" VPOS="1694" WIDTH="71" />
<SP HEIGHT="41" HPOS="786" VPOS="1693" WIDTH="24" />
<String CONTENT="Grange," HEIGHT="49" HPOS="811" VPOS="1693" WIDTH="206" />
<SP HEIGHT="48" HPOS="1018" VPOS="1694" WIDTH="24" />
<String CONTENT="New" HEIGHT="39" HPOS="1043" VPOS="1694" WIDTH="119" />
<SP HEIGHT="39" HPOS="1163" VPOS="1693" WIDTH="22" />
<String CONTENT="York." HEIGHT="39" HPOS="1186" VPOS="1693" WIDTH="145" />
<SP HEIGHT="50" HPOS="1332" VPOS="1691" WIDTH="63" />
<String CONTENT="(36-30014)" HEIGHT="50" HPOS="1396" VPOS="1691" WIDTH="282" />
</TextLine>
<TextLine HEIGHT="66" HPOS="337" STYLEREFS="StyleId-B1C27D21-4666-4798-B536-03A5832EFB9C-" VPOS="1795" WIDTH="1204">
<String CONTENT="Mabille" HEIGHT="54" HPOS="337" LANG="en-US" VPOS="1797" WIDTH="238" />
<SP HEIGHT="53" HPOS="576" VPOS="1798" WIDTH="23" />
<String CONTENT="de" HEIGHT="52" HPOS="600" LANG="fr" VPOS="1798" WIDTH="72" />
<SP HEIGHT="52" HPOS="673" VPOS="1798" WIDTH="23" />
<String CONTENT="Poncheville," HEIGHT="66" HPOS="697" LANG="en-US" VPOS="1795" WIDTH="395" />
<SP HEIGHT="65" HPOS="1093" VPOS="1796" WIDTH="25" />
<String CONTENT="Andr&#233;," HEIGHT="64" HPOS="1119" LANG="fr" VPOS="1796" WIDTH="223" />
<SP HEIGHT="58" HPOS="1343" VPOS="1802" WIDTH="27" />
<String CONTENT="1886-" HEIGHT="49" HPOS="1371" LANG="en-US" VPOS="1802" WIDTH="170" />
</TextLine>
<TextLine HEIGHT="72" HPOS="408" STYLEREFS="StyleId-B1C27D21-4666-4798-B536-03A5832EFB9C-" VPOS="1870" WIDTH="1950">
<String CONTENT="..." HEIGHT="12" HPOS="408" VPOS="1915" WIDTH="58" />
<SP HEIGHT="54" HPOS="467" VPOS="1873" WIDTH="25" />
<String CONTENT="Lille-en-Flandre," HEIGHT="69" HPOS="493" VPOS="1873" WIDTH="551" />
<SP HEIGHT="51" HPOS="1045" VPOS="1891" WIDTH="20" />
<String CONTENT="par" HEIGHT="51" HPOS="1066" VPOS="1891" WIDTH="107" />
<SP HEIGHT="54" HPOS="1174" VPOS="1872" WIDTH="21" />
<String CONTENT="A." HEIGHT="54" HPOS="1196" VPOS="1872" WIDTH="72" />
<SP HEIGHT="53" HPOS="1269" VPOS="1873" WIDTH="22" />
<String CONTENT="Mabille" HEIGHT="54" HPOS="1292" VPOS="1872" WIDTH="239" />
<SP HEIGHT="53" HPOS="1532" VPOS="1873" WIDTH="23" />
<String CONTENT="de" HEIGHT="52" HPOS="1556" LANG="fr" VPOS="1873" WIDTH="70" />
<SP HEIGHT="52" HPOS="1627" VPOS="1873" WIDTH="19" />
<String CONTENT="Poncheville" HEIGHT="55" HPOS="1647" VPOS="1871" WIDTH="371" />
<SP HEIGHT="35" HPOS="2019" VPOS="1890" WIDTH="28" />
<String CONTENT="..." HEIGHT="11" HPOS="2048" VPOS="1914" WIDTH="57" />
<SP HEIGHT="53" HPOS="2106" VPOS="1872" WIDTH="63" />
<String CONTENT="Paris," HEIGHT="70" HPOS="2170" VPOS="1870" WIDTH="188" />
</TextLine>
<TextLine HEIGHT="68" HPOS="332" STYLEREFS="StyleId-B1C27D21-4666-4798-B536-03A5832EFB9C-" VPOS="1952" WIDTH="973">
<String CONTENT="La" HEIGHT="53" HPOS="332" LANG="fr" VPOS="1952" WIDTH="83" />
<SP HEIGHT="53" HPOS="416" VPOS="1952" WIDTH="24" />
<String CONTENT="Renaissance" HEIGHT="54" HPOS="441" LANG="en-US" VPOS="1952" WIDTH="385" />
<SP HEIGHT="52" HPOS="827" VPOS="1953" WIDTH="25" />
<String CONTENT="du" HEIGHT="52" HPOS="853" LANG="fr" VPOS="1953" WIDTH="77" />
<SP HEIGHT="53" HPOS="931" VPOS="1952" WIDTH="26" />
<String CONTENT="livre," HEIGHT="68" HPOS="958" LANG="fr" VPOS="1952" WIDTH="164" />
<SP HEIGHT="65" HPOS="1123" VPOS="1955" WIDTH="28" />
<String CONTENT="1936." HEIGHT="52" HPOS="1152" LANG="en-US" VPOS="1953" WIDTH="153" />
</TextLine>
<TextLine CS="1" HEIGHT="109" HPOS="333" VPOS="2036" WIDTH="2004">
<String CONTENT="253," HEIGHT="50" HPOS="402" LANG="en-US" VPOS="2037" WIDTH="99" />
<SP HEIGHT="30" HPOS="502" VPOS="2059" WIDTH="30" />
<String CONTENT="[3]" HEIGHT="51" HPOS="533" LANG="en-US" VPOS="2038" WIDTH="55" />
<SP HEIGHT="40" HPOS="589" VPOS="2049" WIDTH="27" />
<String CONTENT="p." HEIGHT="38" HPOS="617" LANG="en-US" VPOS="2049" WIDTH="44" />
<SP HEIGHT="40" HPOS="662" VPOS="2038" WIDTH="54" />
<String CONTENT="front.," HEIGHT="48" HPOS="717" LANG="en-US" VPOS="2038" WIDTH="164" />
<SP HEIGHT="39" HPOS="882" VPOS="2048" WIDTH="27" />
<String CONTENT="plates." HEIGHT="49" HPOS="910" LANG="en-US" VPOS="2038" WIDTH="174" />
<SP HEIGHT="41" HPOS="1085" VPOS="2039" WIDTH="54" />
<String CONTENT="19" HEIGHT="40" HPOS="1140" LANG="en-US" VPOS="2038" WIDTH="56" />
<String CONTENT="cm" HEIGHT="22" HPOS="1201" LANG="en-US" STYLE="superscript" VPOS="2040" WIDTH="45" />
<String CONTENT="." HEIGHT="9" HPOS="1248" LANG="en-US" VPOS="2070" WIDTH="9" />
<SP HEIGHT="49" HPOS="1258" VPOS="2038" WIDTH="68" />
<String CONTENT="(L&#8217;&#233;pop&#233;e" HEIGHT="50" HPOS="1327" LANG="fr" VPOS="2037" WIDTH="256" />
<SP HEIGHT="40" HPOS="1584" VPOS="2039" WIDTH="28" />
<String CONTENT="de" HEIGHT="40" HPOS="1613" LANG="fr" VPOS="2039" WIDTH="59" />
<SP HEIGHT="42" HPOS="1673" VPOS="2037" WIDTH="24" />
<String CONTENT="la" HEIGHT="42" HPOS="1698" LANG="fr" VPOS="2037" WIDTH="48" />
<SP HEIGHT="40" HPOS="1747" VPOS="2039" WIDTH="26" />
<String CONTENT="terre" HEIGHT="40" HPOS="1774" LANG="fr" VPOS="2039" WIDTH="130" />
<SP HEIGHT="41" HPOS="1905" VPOS="2038" WIDTH="25" />
<String CONTENT="de" HEIGHT="40" HPOS="1931" LANG="fr" VPOS="2038" WIDTH="60" />
<SP HEIGHT="42" HPOS="1992" VPOS="2036" WIDTH="26" />
<String CONTENT="France;" HEIGHT="49" HPOS="2019" LANG="fr" VPOS="2036" WIDTH="215" />
<SP HEIGHT="39" HPOS="2235" VPOS="2046" WIDTH="29" />
<String CONTENT="collection" HEIGHT="100" HPOS="333" LANG="fr" VPOS="2036" WIDTH="2004" />
<SP HEIGHT="38" HPOS="510" VPOS="2106" WIDTH="22" />
<String CONTENT="pub." HEIGHT="48" HPOS="533" LANG="fr" VPOS="2096" WIDTH="112" />
<SP HEIGHT="31" HPOS="646" VPOS="2106" WIDTH="26" />
<String CONTENT="sous" HEIGHT="31" HPOS="673" LANG="fr" VPOS="2106" WIDTH="114" />
<SP HEIGHT="41" HPOS="788" VPOS="2096" WIDTH="25" />
<String CONTENT="la" HEIGHT="40" HPOS="814" LANG="fr" VPOS="2096" WIDTH="46" />
<SP HEIGHT="40" HPOS="861" VPOS="2097" WIDTH="25" />
<String CONTENT="direction" HEIGHT="41" HPOS="887" LANG="fr" VPOS="2096" WIDTH="240" />
<SP HEIGHT="39" HPOS="1128" VPOS="2098" WIDTH="25" />
<String CONTENT="de" HEIGHT="39" HPOS="1154" LANG="fr" VPOS="2098" WIDTH="57" />
<SP HEIGHT="41" HPOS="1212" VPOS="2096" WIDTH="24" />
<String CONTENT="Jos&#233;" HEIGHT="41" HPOS="1237" LANG="fr" VPOS="2096" WIDTH="115" />
<SP HEIGHT="42" HPOS="1353" VPOS="2095" WIDTH="26" />
<String CONTENT="Germain)" HEIGHT="50" HPOS="1380" LANG="fr" VPOS="2095" WIDTH="257" />
</TextLine>
<TextLine CS="1" HEIGHT="53" HPOS="403" LANG="fr" VPOS="2164" WIDTH="684">
<String CONTENT="&#8220;Bibliographie&#8221;;" CS="1" HEIGHT="50" HPOS="403" VPOS="2164" WIDTH="427" />
<SP HEIGHT="40" HPOS="858" VPOS="2175" WIDTH="30" />
<String CONTENT="p." HEIGHT="40" HPOS="889" VPOS="2175" WIDTH="46" />
<SP HEIGHT="30" HPOS="936" VPOS="2187" WIDTH="35" />
<String CONTENT="[254]" HEIGHT="51" HPOS="972" VPOS="2166" WIDTH="115" />
</TextLine>
<TextLine CS="1" HEIGHT="56" HPOS="338" VPOS="2234" WIDTH="1938">
<String CONTENT="&#169;" HEIGHT="55" HPOS="338" LANG="fr" VPOS="2234" WIDTH="53" />
<SP HEIGHT="55" HPOS="392" VPOS="2234" WIDTH="23" />
<String CONTENT="May" HEIGHT="47" HPOS="416" LANG="fr" VPOS="2240" WIDTH="115" />
<SP HEIGHT="49" HPOS="532" VPOS="2238" WIDTH="25" />
<String CONTENT="25," HEIGHT="52" HPOS="558" LANG="fr" VPOS="2238" WIDTH="70" />
<SP HEIGHT="50" HPOS="629" VPOS="2240" WIDTH="25" />
<String CONTENT="1936;" CS="1" HEIGHT="43" HPOS="655" LANG="fr" VPOS="2238" WIDTH="118" />
<SP />
<String CONTENT="1c." CS="1" LANG="fr" />
<SP />
<String CONTENT="July" HEIGHT="48" HPOS="920" LANG="en-US" VPOS="2240" WIDTH="118" />
<SP HEIGHT="49" HPOS="1039" VPOS="2239" WIDTH="23" />
<String CONTENT="6;" CS="1" HEIGHT="41" HPOS="1063" LANG="fr" VPOS="2239" WIDTH="27" />
<SP HEIGHT="49" HPOS="1116" VPOS="2240" WIDTH="27" />
<String CONTENT="A-" HEIGHT="39" HPOS="1144" LANG="fr" VPOS="2240" WIDTH="102" />
<String CONTENT="Foreign" HEIGHT="50" HPOS="1250" LANG="en-US" VPOS="2238" WIDTH="210" />
<SP HEIGHT="42" HPOS="1461" VPOS="2238" WIDTH="22" />
<String CONTENT="32233;" CS="1" HEIGHT="42" HPOS="1484" LANG="fr" VPOS="2238" WIDTH="146" />
<SP HEIGHT="48" HPOS="1658" VPOS="2241" WIDTH="29" />
<String CONTENT="Renaissance" HEIGHT="42" HPOS="1688" LANG="en-US" VPOS="2239" WIDTH="334" />
<SP HEIGHT="40" HPOS="2023" VPOS="2240" WIDTH="25" />
<String CONTENT="du" HEIGHT="41" HPOS="2049" LANG="fr" VPOS="2240" WIDTH="65" />
<SP HEIGHT="41" HPOS="2115" VPOS="2240" WIDTH="25" />
<String CONTENT="livre." HEIGHT="42" HPOS="2141" LANG="fr" VPOS="2238" WIDTH="135" />
</TextLine>
<TextLine HEIGHT="53" HPOS="419" LANG="fr" VPOS="2295" WIDTH="286">
<String CONTENT="(36-30941)" HEIGHT="53" HPOS="419" VPOS="2295" WIDTH="286" />
</TextLine>
<TextLine HEIGHT="67" HPOS="337" LANG="fr" STYLEREFS="StyleId-C9F8B578-DFEC-4AF3-A778-81617AA88F51-" VPOS="2400" WIDTH="966">
<String CONTENT="Makin," HEIGHT="67" HPOS="337" VPOS="2400" WIDTH="223" />
<SP HEIGHT="64" HPOS="561" VPOS="2403" WIDTH="27" />
<String CONTENT="William" HEIGHT="56" HPOS="589" VPOS="2401" WIDTH="259" />
<SP HEIGHT="54" HPOS="849" VPOS="2402" WIDTH="26" />
<String CONTENT="James," HEIGHT="64" HPOS="876" VPOS="2402" WIDTH="222" />
<SP HEIGHT="56" HPOS="1099" VPOS="2410" WIDTH="30" />
<String CONTENT="189T-" HEIGHT="49" HPOS="1130" VPOS="2408" WIDTH="173" />
</TextLine>
<TextLine HEIGHT="70" HPOS="410" STYLEREFS="StyleId-B1C27D21-4666-4798-B536-03A5832EFB9C-" VPOS="2478" WIDTH="1951">
<String CONTENT="Red" HEIGHT="53" HPOS="410" LANG="fr" VPOS="2479" WIDTH="125" />
<SP HEIGHT="55" HPOS="536" VPOS="2479" WIDTH="30" />
<String CONTENT="sea" HEIGHT="37" HPOS="567" VPOS="2497" WIDTH="95" />
<SP HEIGHT="35" HPOS="663" VPOS="2497" WIDTH="30" />
<String CONTENT="spy;" HEIGHT="50" HPOS="694" VPOS="2497" WIDTH="135" />
<SP HEIGHT="68" HPOS="830" VPOS="2479" WIDTH="34" />
<String CONTENT="being" HEIGHT="70" HPOS="865" VPOS="2478" WIDTH="172" />
<SP HEIGHT="70" HPOS="1038" VPOS="2478" WIDTH="29" />
<String CONTENT="further" HEIGHT="54" HPOS="1068" VPOS="2478" WIDTH="230" />
<SP HEIGHT="34" HPOS="1299" VPOS="2498" WIDTH="32" />
<String CONTENT="adventures" HEIGHT="55" HPOS="1332" VPOS="2478" WIDTH="342" />
<SP HEIGHT="35" HPOS="1675" VPOS="2498" WIDTH="33" />
<String CONTENT="of" HEIGHT="53" HPOS="1709" VPOS="2478" WIDTH="64" />
<SP HEIGHT="54" HPOS="1774" VPOS="2478" WIDTH="31" />
<String CONTENT="Red" HEIGHT="52" HPOS="1806" VPOS="2480" WIDTH="124" />
<SP HEIGHT="52" HPOS="1931" VPOS="2480" WIDTH="29" />
<String CONTENT="Head" HEIGHT="55" HPOS="1961" VPOS="2478" WIDTH="173" />
<SP HEIGHT="55" HPOS="2135" VPOS="2478" WIDTH="31" />
<String CONTENT="of" HEIGHT="54" HPOS="2167" VPOS="2478" WIDTH="64" />
<SP HEIGHT="53" HPOS="2232" VPOS="2478" WIDTH="30" />
<String CONTENT="the" HEIGHT="54" HPOS="2263" VPOS="2478" WIDTH="98" />
</TextLine>
<TextLine HEIGHT="70" HPOS="338" STYLEREFS="StyleId-B1C27D21-4666-4798-B536-03A5832EFB9C-" VPOS="2556" WIDTH="1880">
<String CONTENT="Red" HEIGHT="53" HPOS="338" VPOS="2557" WIDTH="124" />
<SP HEIGHT="53" HPOS="463" VPOS="2558" WIDTH="34" />
<String CONTENT="sea," HEIGHT="49" HPOS="498" VPOS="2576" WIDTH="110" />
<SP HEIGHT="68" HPOS="609" VPOS="2557" WIDTH="32" />
<String CONTENT="by" HEIGHT="68" HPOS="642" VPOS="2557" WIDTH="76" />
<SP HEIGHT="68" HPOS="719" VPOS="2557" WIDTH="32" />
<String CONTENT="William" HEIGHT="56" HPOS="752" VPOS="2556" WIDTH="265" />
<SP HEIGHT="54" HPOS="1018" VPOS="2559" WIDTH="33" />
<String CONTENT="J." HEIGHT="54" HPOS="1052" VPOS="2559" WIDTH="56" />
<SP HEIGHT="53" HPOS="1109" VPOS="2558" WIDTH="34" />
<String CONTENT="Makin." HEIGHT="53" HPOS="1144" VPOS="2557" WIDTH="221" />
<SP HEIGHT="53" HPOS="1366" VPOS="2557" WIDTH="70" />
<String CONTENT="London," HEIGHT="67" HPOS="1437" VPOS="2557" WIDTH="261" />
<SP HEIGHT="66" HPOS="1699" VPOS="2558" WIDTH="33" />
<String CONTENT="Jarrolds" HEIGHT="55" HPOS="1733" VPOS="2557" WIDTH="270" />
<SP HEIGHT="48" HPOS="2004" VPOS="2577" WIDTH="39" />
<String CONTENT="[1936]" HEIGHT="66" HPOS="2044" VPOS="2560" WIDTH="174" />
</TextLine>
<TextLine HEIGHT="48" HPOS="407" VPOS="2645" WIDTH="341">
<String CONTENT="275" HEIGHT="40" HPOS="407" VPOS="2645" WIDTH="87" />
<SP HEIGHT="48" HPOS="495" VPOS="2645" WIDTH="30" />
<String CONTENT="p." HEIGHT="36" HPOS="526" VPOS="2657" WIDTH="41" />
<SP HEIGHT="41" HPOS="568" VPOS="2645" WIDTH="60" />
<String CONTENT="19" HEIGHT="41" HPOS="629" VPOS="2645" WIDTH="57" />
<String CONTENT="cm" HEIGHT="21" HPOS="689" STYLE="superscript" VPOS="2647" WIDTH="45" />
<String CONTENT="." HEIGHT="9" HPOS="739" VPOS="2676" WIDTH="9" />
</TextLine>
<TextLine CS="1" HEIGHT="53" HPOS="339" VPOS="2711" WIDTH="2019">
<String CONTENT="&#169;" HEIGHT="53" HPOS="339" VPOS="2711" WIDTH="53" />
<SP />
<String CONTENT="1c." CS="1" />
<SP />
<String CONTENT="Nov." HEIGHT="40" HPOS="538" VPOS="2716" WIDTH="118" />
<SP HEIGHT="40" HPOS="657" VPOS="2716" WIDTH="39" />
<String CONTENT="7," HEIGHT="47" HPOS="697" VPOS="2716" WIDTH="41" />
<SP HEIGHT="48" HPOS="739" VPOS="2715" WIDTH="40" />
<String CONTENT="1936;" HEIGHT="47" HPOS="780" VPOS="2715" WIDTH="142" />
<SP HEIGHT="46" HPOS="923" VPOS="2716" WIDTH="41" />
<String CONTENT="A" HEIGHT="40" HPOS="965" VPOS="2716" WIDTH="41" />
<SP HEIGHT="40" HPOS="1007" VPOS="2716" WIDTH="37" />
<String CONTENT="ad" HEIGHT="39" HPOS="1045" VPOS="2717" WIDTH="62" />
<SP HEIGHT="40" HPOS="1108" VPOS="2716" WIDTH="37" />
<String CONTENT="int." HEIGHT="40" HPOS="1146" VPOS="2716" WIDTH="88" />
<SP HEIGHT="42" HPOS="1235" VPOS="2714" WIDTH="38" />
<String CONTENT="21960;" HEIGHT="49" HPOS="1274" VPOS="2714" WIDTH="172" />
<SP HEIGHT="37" HPOS="1447" VPOS="2726" WIDTH="39" />
<String CONTENT="pubd." HEIGHT="48" HPOS="1487" VPOS="2715" WIDTH="144" />
<SP HEIGHT="40" HPOS="1632" VPOS="2716" WIDTH="43" />
<String CONTENT="Sept." HEIGHT="47" HPOS="1676" VPOS="2716" WIDTH="128" />
<SP HEIGHT="39" HPOS="1805" VPOS="2715" WIDTH="39" />
<String CONTENT="17;" HEIGHT="48" HPOS="1845" VPOS="2715" WIDTH="82" />
<SP HEIGHT="46" HPOS="1928" VPOS="2717" WIDTH="44" />
<String CONTENT="W." HEIGHT="41" HPOS="1973" VPOS="2717" WIDTH="73" />
<SP HEIGHT="41" HPOS="2047" VPOS="2717" WIDTH="39" />
<String CONTENT="J." HEIGHT="39" HPOS="2087" VPOS="2717" WIDTH="44" />
<SP HEIGHT="39" HPOS="2132" VPOS="2717" WIDTH="40" />
<String CONTENT="Makin," HEIGHT="49" HPOS="2173" VPOS="2715" WIDTH="185" />
</TextLine>
<TextLine HEIGHT="51" HPOS="410" VPOS="2771" WIDTH="571">
<String CONTENT="London." HEIGHT="41" HPOS="410" VPOS="2772" WIDTH="213" />
<SP HEIGHT="49" HPOS="624" VPOS="2772" WIDTH="72" />
<String CONTENT="(36-30332)" HEIGHT="51" HPOS="697" VPOS="2771" WIDTH="284" />
</TextLine>
<TextLine CS="1" HEIGHT="69" HPOS="357" STYLEREFS="StyleId-C9F8B578-DFEC-4AF3-A778-81617AA88F51-" VPOS="2876" WIDTH="743">
<String CONTENT="[The" CS="1" HEIGHT="54" HPOS="357" VPOS="2877" WIDTH="125" />
<SP HEIGHT="53" HPOS="483" VPOS="2878" WIDTH="21" />
<String CONTENT="Military" HEIGHT="67" HPOS="505" VPOS="2876" WIDTH="274" />
<SP HEIGHT="49" HPOS="780" VPOS="2894" WIDTH="19" />
<String CONTENT="engineer]" HEIGHT="68" HPOS="800" VPOS="2877" WIDTH="300" />
</TextLine>
<TextLine HEIGHT="69" HPOS="410" STYLEREFS="StyleId-B1C27D21-4666-4798-B536-03A5832EFB9C-" VPOS="2954" WIDTH="1948">
<String CONTENT="The" HEIGHT="53" HPOS="410" VPOS="2955" WIDTH="122" />
<SP HEIGHT="35" HPOS="533" VPOS="2973" WIDTH="25" />
<String CONTENT="advanced" HEIGHT="53" HPOS="559" VPOS="2955" WIDTH="293" />
<SP HEIGHT="52" HPOS="853" VPOS="2956" WIDTH="26" />
<String CONTENT="engineer" HEIGHT="69" HPOS="880" VPOS="2954" WIDTH="268" />
<SP HEIGHT="33" HPOS="1149" VPOS="2975" WIDTH="25" />
<String CONTENT="manual." HEIGHT="52" HPOS="1175" VPOS="2957" WIDTH="249" />
<SP HEIGHT="49" HPOS="1425" VPOS="2960" WIDTH="60" />
<String CONTENT="4th" HEIGHT="51" HPOS="1486" VPOS="2957" WIDTH="98" />
<SP HEIGHT="52" HPOS="1585" VPOS="2957" WIDTH="26" />
<String CONTENT="ed." HEIGHT="53" HPOS="1612" VPOS="2957" WIDTH="84" />
<SP HEIGHT="52" HPOS="1697" VPOS="2957" WIDTH="63" />
<String CONTENT="A" HEIGHT="51" HPOS="1761" VPOS="2957" WIDTH="55" />
<SP HEIGHT="53" HPOS="1817" VPOS="2957" WIDTH="24" />
<String CONTENT="textbook" HEIGHT="54" HPOS="1842" VPOS="2956" WIDTH="273" />
<SP HEIGHT="53" HPOS="2116" VPOS="2955" WIDTH="25" />
<String CONTENT="for" HEIGHT="54" HPOS="2142" VPOS="2955" WIDTH="95" />
<SP HEIGHT="48" HPOS="2238" VPOS="2961" WIDTH="23" />
<String CONTENT="the" HEIGHT="53" HPOS="2262" VPOS="2956" WIDTH="96" />
</TextLine>
<TextLine HEIGHT="71" HPOS="338" STYLEREFS="StyleId-B1C27D21-4666-4798-B536-03A5832EFB9C-" VPOS="3032" WIDTH="2018">
<String CONTENT="Reserve" HEIGHT="53" HPOS="338" VPOS="3033" WIDTH="248" />
<SP HEIGHT="34" HPOS="587" VPOS="3051" WIDTH="28" />
<String CONTENT="officers&#8217;" HEIGHT="54" HPOS="616" VPOS="3032" WIDTH="229" />
<SP HEIGHT="51" HPOS="846" VPOS="3033" WIDTH="33" />
<String CONTENT="training" HEIGHT="69" HPOS="880" VPOS="3033" WIDTH="261" />
<SP HEIGHT="49" HPOS="1142" VPOS="3053" WIDTH="31" />
<String CONTENT="corps" HEIGHT="50" HPOS="1174" VPOS="3052" WIDTH="164" />
<SP HEIGHT="34" HPOS="1339" VPOS="3054" WIDTH="34" />
<String CONTENT="and" HEIGHT="52" HPOS="1374" VPOS="3035" WIDTH="112" />
<SP HEIGHT="68" HPOS="1487" VPOS="3035" WIDTH="28" />
<String CONTENT="general" HEIGHT="67" HPOS="1516" VPOS="3036" WIDTH="231" />
<SP HEIGHT="51" HPOS="1748" VPOS="3036" WIDTH="33" />
<String CONTENT="engineer" HEIGHT="68" HPOS="1782" VPOS="3034" WIDTH="268" />
<SP HEIGHT="48" HPOS="2051" VPOS="3040" WIDTH="29" />
<String CONTENT="training." HEIGHT="69" HPOS="2081" VPOS="3034" WIDTH="275" />
</TextLine>
<TextLine HEIGHT="70" HPOS="338" STYLEREFS="StyleId-B1C27D21-4666-4798-B536-03A5832EFB9C-" VPOS="3111" WIDTH="2021">
<String CONTENT="Harrisburg," HEIGHT="69" HPOS="338" VPOS="3111" WIDTH="382" />
<SP HEIGHT="68" HPOS="721" VPOS="3112" WIDTH="43" />
<String CONTENT="Pa.," HEIGHT="67" HPOS="765" VPOS="3112" WIDTH="121" />
<SP HEIGHT="67" HPOS="887" VPOS="3112" WIDTH="42" />
<String CONTENT="The" HEIGHT="53" HPOS="930" VPOS="3111" WIDTH="122" />
<SP HEIGHT="52" HPOS="1053" VPOS="3112" WIDTH="41" />
<String CONTENT="Military" HEIGHT="69" HPOS="1095" VPOS="3112" WIDTH="268" />
<SP HEIGHT="50" HPOS="1364" VPOS="3131" WIDTH="42" />
<String CONTENT="service" HEIGHT="53" HPOS="1407" VPOS="3114" WIDTH="212" />
<SP HEIGHT="50" HPOS="1620" VPOS="3131" WIDTH="56" />
<String CONTENT="publishing" HEIGHT="69" HPOS="1677" VPOS="3112" WIDTH="339" />
<SP HEIGHT="49" HPOS="2017" VPOS="3132" WIDTH="59" />
<String CONTENT="company" HEIGHT="51" HPOS="2077" VPOS="3130" WIDTH="282" />
</TextLine>
<TextLine HEIGHT="64" HPOS="343" STYLEREFS="StyleId-B1C27D21-4666-4798-B536-03A5832EFB9C-" VPOS="3192" WIDTH="173">
<String CONTENT="[1936]" HEIGHT="64" HPOS="343" VPOS="3192" WIDTH="173" />
</TextLine>
<TextLine CS="1" HEIGHT="50" HPOS="409" VPOS="3263" WIDTH="1439">
<String CONTENT="2" HEIGHT="39" HPOS="409" VPOS="3263" WIDTH="30" />
<SP HEIGHT="48" HPOS="440" VPOS="3263" WIDTH="26" />
<String CONTENT="p." HEIGHT="37" HPOS="467" LANG="fr" VPOS="3274" WIDTH="42" />
<SP />
<String CONTENT="l.," CS="1" LANG="fr" />
<SP />
<String CONTENT="327," HEIGHT="48" HPOS="616" VPOS="3263" WIDTH="100" />
<SP HEIGHT="47" HPOS="717" VPOS="3264" WIDTH="28" />
<String CONTENT="470" HEIGHT="41" HPOS="746" VPOS="3263" WIDTH="90" />
<SP HEIGHT="50" HPOS="837" VPOS="3263" WIDTH="24" />
<String CONTENT="p." HEIGHT="38" HPOS="862" VPOS="3275" WIDTH="43" />
<SP HEIGHT="40" HPOS="906" VPOS="3264" WIDTH="57" />
<String CONTENT="illus." HEIGHT="41" HPOS="964" VPOS="3264" WIDTH="128" />
<SP HEIGHT="47" HPOS="1093" VPOS="3264" WIDTH="29" />
<String CONTENT="(incl." HEIGHT="48" HPOS="1123" VPOS="3263" WIDTH="135" />
<SP HEIGHT="29" HPOS="1259" VPOS="3276" WIDTH="30" />
<String CONTENT="maps)" HEIGHT="48" HPOS="1290" VPOS="3264" WIDTH="163" />
<SP HEIGHT="48" HPOS="1454" VPOS="3264" WIDTH="37" />
<String CONTENT="diagrs." HEIGHT="48" HPOS="1492" VPOS="3265" WIDTH="180" />
<SP HEIGHT="41" HPOS="1673" VPOS="3265" WIDTH="56" />
<String CONTENT="24" HEIGHT="40" HPOS="1730" VPOS="3265" WIDTH="57" />
<String CONTENT="cm" HEIGHT="21" HPOS="1789" STYLE="superscript" VPOS="3267" WIDTH="44" />
<String CONTENT="." HEIGHT="8" HPOS="1839" VPOS="3298" WIDTH="9" />
</TextLine>
<TextLine HEIGHT="51" HPOS="411" VPOS="3319" WIDTH="1946">
<String CONTENT="First" HEIGHT="41" HPOS="411" VPOS="3319" WIDTH="135" />
<SP HEIGHT="39" HPOS="547" VPOS="3321" WIDTH="28" />
<String CONTENT="edition" HEIGHT="41" HPOS="576" VPOS="3320" WIDTH="186" />
<SP HEIGHT="38" HPOS="763" VPOS="3330" WIDTH="29" />
<String CONTENT="produced" HEIGHT="47" HPOS="793" VPOS="3321" WIDTH="244" />
<SP HEIGHT="39" HPOS="1038" VPOS="3321" WIDTH="30" />
<String CONTENT="for" HEIGHT="40" HPOS="1069" VPOS="3321" WIDTH="80" />
<SP HEIGHT="38" HPOS="1150" VPOS="3322" WIDTH="27" />
<String CONTENT="the" HEIGHT="41" HPOS="1178" VPOS="3321" WIDTH="83" />
<SP HEIGHT="40" HPOS="1262" VPOS="3322" WIDTH="32" />
<String CONTENT="Military" HEIGHT="48" HPOS="1295" VPOS="3321" WIDTH="225" />
<SP HEIGHT="38" HPOS="1521" VPOS="3331" WIDTH="29" />
<String CONTENT="engineer" HEIGHT="49" HPOS="1551" VPOS="3321" WIDTH="228" />
<SP HEIGHT="40" HPOS="1780" VPOS="3322" WIDTH="30" />
<String CONTENT="by" HEIGHT="47" HPOS="1811" VPOS="3322" WIDTH="61" />
<SP HEIGHT="46" HPOS="1873" VPOS="3323" WIDTH="31" />
<String CONTENT="the" HEIGHT="40" HPOS="1905" VPOS="3322" WIDTH="85" />
<SP HEIGHT="37" HPOS="1991" VPOS="3332" WIDTH="32" />
<String CONTENT="publisher" HEIGHT="49" HPOS="2024" VPOS="3320" WIDTH="251" />
<SP HEIGHT="40" HPOS="2276" VPOS="3321" WIDTH="30" />
<String CONTENT="in" HEIGHT="40" HPOS="2307" VPOS="3321" WIDTH="50" />
</TextLine>
<TextLine HEIGHT="42" HPOS="338" VPOS="3375" WIDTH="129">
<String CONTENT="1930." HEIGHT="42" HPOS="338" VPOS="3375" WIDTH="129" />
</TextLine>
<TextLine HEIGHT="56" HPOS="341" VPOS="3440" WIDTH="2017">
<String CONTENT="&#169;" HEIGHT="54" HPOS="341" VPOS="3440" WIDTH="52" />
<SP HEIGHT="54" HPOS="394" VPOS="3440" WIDTH="30" />
<String CONTENT="Aug." HEIGHT="48" HPOS="425" VPOS="3446" WIDTH="121" />
<SP HEIGHT="41" HPOS="547" VPOS="3445" WIDTH="32" />
<String CONTENT="22," HEIGHT="50" HPOS="580" VPOS="3445" WIDTH="70" />
<SP HEIGHT="49" HPOS="651" VPOS="3446" WIDTH="34" />
<String CONTENT="1936;" HEIGHT="49" HPOS="686" VPOS="3445" WIDTH="141" />
<SP HEIGHT="49" HPOS="828" VPOS="3445" WIDTH="36" />
<String CONTENT="2c." HEIGHT="43" HPOS="865" VPOS="3445" WIDTH="68" />
<SP HEIGHT="31" HPOS="934" VPOS="3457" WIDTH="33" />
<String CONTENT="and" HEIGHT="39" HPOS="968" VPOS="3447" WIDTH="96" />
<SP HEIGHT="39" HPOS="1065" VPOS="3447" WIDTH="30" />
<String CONTENT="aff." HEIGHT="41" HPOS="1096" VPOS="3447" WIDTH="85" />
<SP HEIGHT="40" HPOS="1182" VPOS="3448" WIDTH="30" />
<String CONTENT="Nov." HEIGHT="38" HPOS="1213" VPOS="3448" WIDTH="118" />
<SP HEIGHT="39" HPOS="1332" VPOS="3446" WIDTH="33" />
<String CONTENT="2;" HEIGHT="49" HPOS="1366" VPOS="3446" WIDTH="53" />
<SP HEIGHT="47" HPOS="1420" VPOS="3448" WIDTH="35" />
<String CONTENT="A" HEIGHT="39" HPOS="1456" VPOS="3448" WIDTH="41" />
<SP HEIGHT="40" HPOS="1498" VPOS="3447" WIDTH="32" />
<String CONTENT="100210;" HEIGHT="44" HPOS="1531" VPOS="3446" WIDTH="199" />
<SP HEIGHT="41" HPOS="1731" VPOS="3449" WIDTH="38" />
<String CONTENT="Military" HEIGHT="49" HPOS="1770" VPOS="3447" WIDTH="224" />
<SP HEIGHT="38" HPOS="1995" VPOS="3458" WIDTH="33" />
<String CONTENT="service" HEIGHT="41" HPOS="2029" VPOS="3447" WIDTH="188" />
<SP HEIGHT="39" HPOS="2218" VPOS="3457" WIDTH="28" />
<String CONTENT="pub." HEIGHT="50" HPOS="2247" VPOS="3446" WIDTH="111" />
</TextLine>
<TextLine HEIGHT="51" HPOS="410" VPOS="3502" WIDTH="415">
<String CONTENT="co." HEIGHT="32" HPOS="410" LANG="ru" VPOS="3513" WIDTH="67" />
<SP HEIGHT="50" HPOS="478" VPOS="3502" WIDTH="62" />
<String CONTENT="(36-30016)" HEIGHT="51" HPOS="541" LANG="en-US" VPOS="3502" WIDTH="284" />
</TextLine>
<TextLine HEIGHT="66" HPOS="337" STYLEREFS="StyleId-C9F8B578-DFEC-4AF3-A778-81617AA88F51-" VPOS="3607" WIDTH="914">
<String CONTENT="Miller," HEIGHT="65" HPOS="337" VPOS="3607" WIDTH="210" />
<SP HEIGHT="63" HPOS="548" VPOS="3609" WIDTH="26" />
<String CONTENT="Joaquin," HEIGHT="64" HPOS="575" VPOS="3609" WIDTH="276" />
<SP HEIGHT="58" HPOS="852" VPOS="3615" WIDTH="31" />
<String CONTENT="1841" HEIGHT="49" HPOS="884" VPOS="3615" WIDTH="133" />
<SP HEIGHT="53" HPOS="1018" VPOS="3611" WIDTH="16" />
<String CONTENT="?-1913." HEIGHT="53" HPOS="1035" VPOS="3611" WIDTH="216" />
</TextLine>
<TextLine HEIGHT="70" HPOS="410" STYLEREFS="StyleId-B1C27D21-4666-4798-B536-03A5832EFB9C-" VPOS="3685" WIDTH="1948">
<String CONTENT="Joaquin" HEIGHT="68" HPOS="410" VPOS="3685" WIDTH="255" />
<SP HEIGHT="53" HPOS="666" VPOS="3685" WIDTH="34" />
<String CONTENT="Miller," HEIGHT="69" HPOS="701" VPOS="3685" WIDTH="215" />
<SP HEIGHT="68" HPOS="917" VPOS="3686" WIDTH="36" />
<String CONTENT="his" HEIGHT="54" HPOS="954" VPOS="3686" WIDTH="92" />
<SP HEIGHT="56" HPOS="1047" VPOS="3685" WIDTH="40" />
<String CONTENT="California" HEIGHT="56" HPOS="1088" VPOS="3685" WIDTH="324" />
<SP HEIGHT="52" HPOS="1413" VPOS="3688" WIDTH="41" />
<String CONTENT="diary," HEIGHT="66" HPOS="1455" VPOS="3688" WIDTH="185" />
<SP HEIGHT="66" HPOS="1641" VPOS="3688" WIDTH="38" />
<String CONTENT="beginning" HEIGHT="68" HPOS="1680" VPOS="3687" WIDTH="318" />
<SP HEIGHT="68" HPOS="1999" VPOS="3687" WIDTH="37" />
<String CONTENT="in" HEIGHT="53" HPOS="2037" VPOS="3687" WIDTH="60" />
<SP HEIGHT="49" HPOS="2098" VPOS="3691" WIDTH="40" />
<String CONTENT="1855" HEIGHT="49" HPOS="2139" VPOS="3691" WIDTH="132" />
<SP HEIGHT="50" HPOS="2272" VPOS="3688" WIDTH="39" />
<String CONTENT="&amp;" HEIGHT="50" HPOS="2312" VPOS="3688" WIDTH="46" />
</TextLine>
<TextLine CS="1" HEIGHT="70" HPOS="340" STYLEREFS="StyleId-B1C27D21-4666-4798-B536-03A5832EFB9C-" VPOS="3763" WIDTH="2014">
<String CONTENT="ending" HEIGHT="68" HPOS="340" VPOS="3764" WIDTH="214" />
<SP HEIGHT="67" HPOS="555" VPOS="3765" WIDTH="37" />
<String CONTENT="in" HEIGHT="52" HPOS="593" VPOS="3765" WIDTH="60" />
<SP HEIGHT="48" HPOS="654" VPOS="3769" WIDTH="43" />
<String CONTENT="1857;" CS="1" HEIGHT="55" HPOS="698" VPOS="3763" WIDTH="135" />
<SP HEIGHT="48" HPOS="862" VPOS="3784" WIDTH="41" />
<String CONTENT="edited," HEIGHT="68" HPOS="904" VPOS="3764" WIDTH="210" />
<SP HEIGHT="65" HPOS="1115" VPOS="3767" WIDTH="40" />
<String CONTENT="&amp;" HEIGHT="50" HPOS="1156" VPOS="3767" WIDTH="50" />
<SP HEIGHT="50" HPOS="1207" VPOS="3767" WIDTH="42" />
<String CONTENT="with" HEIGHT="55" HPOS="1250" VPOS="3763" WIDTH="138" />
<SP HEIGHT="52" HPOS="1389" VPOS="3766" WIDTH="43" />
<String CONTENT="an" HEIGHT="33" HPOS="1433" VPOS="3785" WIDTH="68" />
<SP HEIGHT="55" HPOS="1502" VPOS="3763" WIDTH="44" />
<String CONTENT="introduction" HEIGHT="56" HPOS="1547" VPOS="3763" WIDTH="390" />
<SP HEIGHT="54" HPOS="1938" VPOS="3765" WIDTH="39" />
<String CONTENT="by" HEIGHT="68" HPOS="1978" VPOS="3765" WIDTH="75" />
<SP HEIGHT="68" HPOS="2054" VPOS="3765" WIDTH="40" />
<String CONTENT="John" HEIGHT="55" HPOS="2095" VPOS="3765" WIDTH="156" />
<SP HEIGHT="56" HPOS="2252" VPOS="3764" WIDTH="45" />
<String CONTENT="S." HEIGHT="56" HPOS="2298" VPOS="3764" WIDTH="56" />
</TextLine>
<TextLine HEIGHT="70" HPOS="340" STYLEREFS="StyleId-B1C27D21-4666-4798-B536-03A5832EFB9C-" VPOS="3842" WIDTH="2017">
<String CONTENT="Richards" HEIGHT="54" HPOS="340" VPOS="3842" WIDTH="287" />
<SP HEIGHT="33" HPOS="628" VPOS="3863" WIDTH="47" />
<String CONTENT="..." HEIGHT="10" HPOS="676" VPOS="3886" WIDTH="56" />
<SP HEIGHT="56" HPOS="733" VPOS="3842" WIDTH="98" />
<String CONTENT="Seattle," HEIGHT="69" HPOS="832" VPOS="3842" WIDTH="234" />
<SP HEIGHT="68" HPOS="1067" VPOS="3843" WIDTH="44" />
<String CONTENT="F." HEIGHT="53" HPOS="1112" VPOS="3843" WIDTH="65" />
<SP HEIGHT="52" HPOS="1178" VPOS="3844" WIDTH="42" />
<String CONTENT="McCaffrey" HEIGHT="69" HPOS="1221" VPOS="3842" WIDTH="332" />
<SP HEIGHT="49" HPOS="1554" VPOS="3862" WIDTH="45" />
<String CONTENT="at" HEIGHT="47" HPOS="1600" VPOS="3850" WIDTH="58" />
<SP HEIGHT="52" HPOS="1659" VPOS="3845" WIDTH="45" />
<String CONTENT="his" HEIGHT="53" HPOS="1705" VPOS="3844" WIDTH="87" />
<SP HEIGHT="52" HPOS="1793" VPOS="3845" WIDTH="45" />
<String CONTENT="Dogwood" HEIGHT="67" HPOS="1839" VPOS="3845" WIDTH="297" />
<SP HEIGHT="66" HPOS="2137" VPOS="3845" WIDTH="46" />
<String CONTENT="press," HEIGHT="49" HPOS="2184" VPOS="3862" WIDTH="173" />
</TextLine>
<TextLine HEIGHT="51" HPOS="340" STYLEREFS="StyleId-B1C27D21-4666-4798-B536-03A5832EFB9C-" VPOS="3923" WIDTH="150">
<String CONTENT="1936." HEIGHT="51" HPOS="340" VPOS="3923" WIDTH="150" />
</TextLine>
<TextLine CS="1" HEIGHT="50" HPOS="409" VPOS="4007" WIDTH="1383">
<String CONTENT="6" HEIGHT="40" HPOS="409" VPOS="4008" WIDTH="27" />
<SP HEIGHT="49" HPOS="437" VPOS="4008" WIDTH="25" />
<String CONTENT="p." HEIGHT="38" HPOS="463" LANG="fr" VPOS="4019" WIDTH="41" />
<SP />
<String CONTENT="l.," CS="1" LANG="fr" />
<SP />
<String CONTENT="17-106" HEIGHT="41" HPOS="604" VPOS="4008" WIDTH="176" />
<SP HEIGHT="49" HPOS="781" VPOS="4008" WIDTH="25" />
<String CONTENT="p." HEIGHT="38" HPOS="807" VPOS="4019" WIDTH="43" />
<SP HEIGHT="42" HPOS="851" VPOS="4008" WIDTH="25" />
<String CONTENT="incl." CS="1" HEIGHT="41" HPOS="877" VPOS="4008" WIDTH="78" />
<SP HEIGHT="40" HPOS="986" VPOS="4008" WIDTH="25" />
<String CONTENT="front." CS="1" HEIGHT="40" HPOS="1012" VPOS="4009" WIDTH="137" />
<SP HEIGHT="45" HPOS="1162" VPOS="4011" WIDTH="27" />
<String CONTENT="(port.)" HEIGHT="48" HPOS="1190" VPOS="4008" WIDTH="172" />
<SP HEIGHT="48" HPOS="1363" VPOS="4008" WIDTH="35" />
<String CONTENT="facsims." HEIGHT="42" HPOS="1399" VPOS="4007" WIDTH="214" />
<SP HEIGHT="39" HPOS="1614" VPOS="4009" WIDTH="60" />
<String CONTENT="24" HEIGHT="39" HPOS="1675" VPOS="4009" WIDTH="56" />
<String CONTENT="cm" HEIGHT="21" HPOS="1734" STYLE="superscript" VPOS="4011" WIDTH="43" />
<String CONTENT="." HEIGHT="9" HPOS="1784" VPOS="4041" WIDTH="8" />
</TextLine>
</TextBlock>
</PrintSpace>
</Page>
</Layout>
</alto>