2519 4377
1301 4097 100 52 814

366 511 2005 153 Thompson. 2d ed., by Harold K. Bachelder and the publisher’s editorial staff … Indianapolis, The Bobbs-Merrill
365 672 513 65 company [ c 1936]
433 744 27 40 3
493 754 43 30 v.
595 742 58 41 26
656 745 43 21 cm
706 775 8 9 .

365 809 53 53 ©
445 815 114 47 May
585 814 68 48 15,
682 814 116 41 1936;
853 816 66 40 2c.
948 817 119 39 each
1094 818 115 47 May
1234 817 54 39 21;
1347 817 108 41 affs.
1484 819 127 39 June
1639 818 55 40 10:
1751 819 41 39 A
1819 818 322 43 95296-95298;
435 822 1941 89 Bobbs-Merrill
668 883 67 29 co.
819 872 282 49 (36-10442)

362 976 318 67 Thomson,
704 978 101 54 Sir
826 979 162 53 Basil
1013 980 206 64 Home,
1248 985 171 51 1861-

496 1054 1873 72 … Mes mémoires, traduit de l’anglais par Maurice Verne.
365 1130 183 69 Paris,
581 1131 288 55 Librairie
902 1133 96 53 des
1032 1132 516 70 Champs-Elysées
1586 1136 172 66 [1935]

433 1202 1936 105 2 p. l., [7]-252 p., 1 l. 19 cm . (On cover: Mémoires de guerre secrète, VIII )
433 1318 63 41 At
520 1318 126 41 head
676 1318 52 41 of
754 1319 109 40 title:
923 1320 79 41 Sir
1029 1320 139 40 Basil
1193 1320 257 41 Thomson.

362 1387 2011 56 © Nov. 8, 1935; 1c. Feb. 17, 1936; A-Foreign 30567; Librairie des
430 1449 445 49 Champs-Élysées.
947 1449 283 50 (36-13449)

357 1553 166 66 Tree,
552 1554 323 58 Jonathan.

429 1630 179 54 Little
642 1629 285 71 pilgrim’s
961 1630 192 70 guide,
1184 1631 75 69 by
1295 1632 295 54 Jonathan
1626 1633 171 55 Tree;
1836 1632 141 52 with
2009 1630 251 71 pictures
2293 1632 75 69 by

359 1709 136 54 Inez
522 1710 229 68 Hogan.
828 1709 457 69 Provincetown,
1310 1711 191 67 Mass.,
1528 1711 120 52 The
1674 1711 245 52 Modern
1946 1710 240 69 pilgrim
2213 1728 156 52 press

383 1789 175 66 [ c 1936]
428 1859 57 41 23
514 1870 42 38 p.
618 1859 129 40 illus.
777 1859 134 48 (incl.
939 1870 139 38 map;
1110 1862 111 47 part
1252 1860 112 47 col.)
1433 1861 55 40 21
1492 1863 43 22 cm
1541 1894 8 8 .

359 1930 53 54 ©
443 1936 114 47 May
585 1935 73 47 26,
689 1934 117 42 1936;
861 1934 69 42 2c.
962 1935 97 40 and
1090 1935 82 41 aff.
1205 1936 126 39 June
1362 1936 81 45 11;
1477 1936 41 39 A
1549 1934 171 48 95657;
1756 1937 123 39 Paul
1914 1935 172 47 Smith,
428 1935 1943 105 Province-town,
601 1993 149 40 Mass.
819 1992 282 48 (36-13089)

355 2096 282 65 Trenker,
663 2096 162 66 Luis,
855 2102 171 50 1893-

489 2173 1874 70 … Helden der berge. Mit 16 tafeln nach originalkohlezeich-
357 2272 226 50 nungen
636 2273 112 34 von
796 2253 276 56 Wilhelm
1125 2252 296 56 Kohlhoff.
1510 2252 218 71 Berlin,
1780 2257 64 51 T.
1897 2254 206 53 Knaur
2156 2252 213 70 nachf.,

358 2336 149 51 1936.

428 2405 98 50 253,
559 2405 56 52 [1]
646 2416 43 38 p.
751 2406 170 49 plates.
984 2405 57 42 20½
1072 2409 15 21 cm
1122 2438 8 9 .

357 2475 1869 53 © Jan. 1, 1936; 1c. Mar. 30; A-Foreign 31141; Th. Knaur nachf.
438 2535 283 48 (36-13502)

359 2634 265 66 [Turner,
654 2634 155 53 John
841 2631 223 69 Victor]
1101 2639 170 49 1900-

425 2711 187 69 Bring
645 2711 101 53 ’em
781 2710 143 54 back
956 2710 144 55 dead
1122 2710 9 53 !
1213 2713 89 65 By
1337 2709 192 54 David
1563 2711 192 52 Hume
1812 2710 214 67 [pseud.]
2106 2709 257 67 London,

356 2791 220 56 Collins
613 2825 13 34 [
631 2797 17 21 c
654 2794 153 64 1936]

425 2864 87 43 316
532 2875 43 39 p.
636 2863 58 43 19
695 2866 43 22 cm
744 2897 10 11 .

354 2919 2011 54 © 1c. June 13, 1936; A ad int. 21523; pubd. May 11; D. Appleton-
428 2981 216 47 Century
676 2990 81 35 co.,
790 2979 107 46 inc.,
928 2980 117 39 New
1078 2979 145 39 York.
1294 2977 281 47 (36-13309)

352 3075 290 66 Virginia.
718 3077 185 66 Laws,
926 3079 257 60 statutes,
1208 3080 100 48 etc.

427 3154 257 56 Statutes
707 3154 63 52 of
788 3152 270 70 Virginia
1082 3152 248 69 relating
1352 3157 59 48 to
1433 3152 197 56 banks,
1651 3155 151 49 trust
1826 3149 341 69 companies,
356 3149 1984 153 banking,
508 3232 269 68 building
813 3233 112 52 and
964 3232 131 53 loan
1136 3232 109 52 and

1284 3231 244 52 kindred
1564 3229 332 66 businesses,
1930 3228 188 54 issued
2156 3229 74 68 by
2269 3229 95 52 the

357 3307 1943 72 Banking division of the State corporation commission …
356 3388 483 67 Charlottesville,
871 3389 126 65 Va.,
1026 3388 122 53 The
1180 3388 213 52 Michie
1424 3404 298 52 company,
1755 3387 268 68 printers,
2058 3389 148 50 1936.

426 3464 86 41 104
541 3475 42 37 p.
643 3463 59 41 26
704 3465 43 21 cm
753 3494 9 10 .

428 3520 234 50 “Reprint
691 3520 127 41 from
849 3519 218 42 Michie’s
1094 3518 218 50 Virginia
1345 3520 114 41 code
1487 3518 52 42 of
1566 3517 156 43 1936.”

352 3576 53 53 ©
436 3580 129 40 June
597 3579 68 47 16,
698 3578 139 47 1936;
872 3579 66 40 2c.
972 3579 95 39 and
1101 3577 80 40 aff.
1216 3579 128 39 June
1374 3578 81 45 18;
1490 3578 41 38 A
1563 3576 170 47 95754;
1770 3575 182 41 Michie
1981 3586 66 30 co.

432 3634 282 50 (36-13287)

426 3725 257 55 Statutes
714 3724 64 53 of
873 3724 212 68 Virginia
1125 3722 246 71 relating
1407 3730 57 47 to
1499 3721 266 70 building
1803 3721 111 53 and
1953 3721 129 53 loan
355 3719 1980 151 associations,
552 3802 185 54 issued
768 3802 75 69 by
873 3804 94 53 the

998 3801 271 69 Banking
1299 3802 246 53 division
1582 3800 64 54 of
1675 3801 95 55 the
1802 3799 161 56 State
1995 3797 366 71 corporation

353 3877 2006 68 commission … Charlottesville, Va., The Michie company,
356 3960 265 67 printers,
654 3962 150 51 1936.

426 4034 56 40 36
514 4045 42 37 p.
617 4034 59 41 26
677 4037 15 21 cm
728 4066 7 9 .
