2519 4377
1054 4082 98 49 569

113 447 119 51 The
261 444 223 64 library
513 444 62 52 of
604 444 349 66 knowledge,
985 444 241 51 multum
1258 441 59 53 in
1349 459 207 49 parvo;
1592 460 31 34 a
1653 444 274 64 compact,
182 457 1900 132 comprehensive
537 520 325 53 storehouse
885 518 64 53 of
970 520 229 67 general
1222 516 350 70 knowledge,
1595 516 253 69 treating
1868 514 240 71 history,

182 597 348 70 geography,
592 597 340 68 biography,
992 596 314 67 literature,
1367 595 327 68 economics,
1754 594 188 69 civics,
2002 600 106 63 art,

181 673 1927 148 science, discovery and invention, embracing over 16,000 subjects. Paul I. Neergaard, b. a., editor … Chicago, III.,
182 832 302 51 American
514 848 249 51 surveys,
789 832 126 66 inc.,
946 833 147 49 1936.

184 905 30 40 8
242 917 39 29 v.
342 906 85 39 col.
458 904 173 41 fronts,
663 905 66 47 (v.
760 905 98 48 1-3,
891 906 39 46 5,
962 905 51 47 7)
1053 905 143 46 illus.,
1229 906 156 46 plates
1413 904 136 48 (part
1578 905 112 47 col.)
1730 906 163 47 ports.,
1927 905 180 48 diagrs.

113 960 144 43 27½cm.

184 1017 134 40 First
344 1016 252 48 published
627 1017 153 39 under
808 1017 135 41 title:
973 1016 225 41 Button’s
1227 1016 246 41 universal
1502 1017 304 48 cyclopaedia.

114 1069 52 52 ©
202 1074 108 39 Jan.
347 1073 68 48 20',
452 1072 139 44 1936;
629 1073 67 40 2c.
735 1074 117 38 each
887 1074 120 39 Mar.
1043 1072 82 47 27;
1165 1073 81 40 aff.
1283 1074 112 47 Apr.
1434 1073 80 46 10;
1553 1075 40 38 A
1629 1074 170 47 93663;
1840 1074 178 49 Hilary
2054 1077 54 39 A.

183 1130 198 45 Button,
425 1130 194 39 Kansas
663 1129 124 48 City,
832 1131 91 37 Mo.
999 1129 278 49 [Copyright
1322 1130 40 40 is
1406 1130 203 41 claimed
1654 1140 59 30 on
1758 1131 211 41 revision
2013 1132 97 39 and

182 1197 105 29 new
321 1186 239 49 material]
637 1185 250 51 (36-9995)

111 1275 278 64 Mainzer,
422 1276 353 62 Ferdinand,
810 1280 168 51 1871-

183 1350 233 55 Csesar’s
444 1351 240 67 mantle;
720 1351 94 52 the
848 1352 107 52 end
988 1352 64 51 of
1084 1352 94 53 the
1211 1352 222 52 Roman
1467 1352 255 68 republic
1778 1354 91 67 [by]
112 1355 1972 127 Ferdinand

294 1429 272 54 Mainzer.
633 1431 138 51 New
804 1430 179 67 York,
1012 1431 121 51 The
1163 1430 222 69 Viking
1413 1449 174 50 press,
1614 1434 150 50 1936.

180 1505 27 38 4
235 1514 43 38 p.
341 1536 8 16 l.,
377 1504 143 41 3-345
547 1516 42 37 p.
644 1504 57 40 21½
733 1507 45 20 cm
783 1537 9 8 .

184 1562 138 47 Maps
355 1571 58 29 on
447 1561 362 49 lining-papers.

187 1619 317 40 “Translated
532 1619 60 48 by
621 1620 134 39 Eden
782 1619 94 40 and
906 1619 154 41 Cedar
1088 1619 163 40 Paul.”

114 1671 52 52 ©
201 1676 113 47 Apr.
352 1675 39 47 6,
427 1674 139 49 1936;
605 1675 68 42 2c.
712 1676 113 47 Apr.
863 1675 52 48 6;
956 1675 82 41 aff.
1076 1676 113 47 Apr.
1229 1677 52 45 7;
1322 1677 40 38 A
1401 1676 170 47 93574;
1612 1676 180 49 Viking
1828 1688 150 39 press,
2018 1678 91 41 inc.

194 1731 249 48 (36-9981)

112 1822 238 52 Marcus
374 1822 114 52 and
516 1838 307 47 company.

183 1897 1926 70 The story of the pearl … New York, Marcus and company
134 1979 174 63 [ c 1936]
187 2048 83 50 [26]
302 2059 41 38 p.
403 2048 126 40 illus.
559 2048 131 48 (incl.
720 2058 137 38 map;
890 2048 24 39 1
945 2048 85 41 col.
1061 2048 254 48 mounted)
1381 2049 55 39 21
1439 2051 45 22 cm
1487 2079 9 10 .

186 2105 127 40 “The
341 2105 173 40 second
542 2105 52 39 of
621 2115 28 29 a
678 2105 150 41 series
857 2104 53 41 of
936 2104 126 41 little
1090 2104 148 41 books
1268 2105 156 40 which
1454 2116 84 30 are
1566 2105 160 41 issued
1756 2106 126 39 from
1914 2107 114 39 time
2060 2110 47 38 to

117 2161 128 47 time,
275 2162 94 39 and
401 2160 159 41 which
588 2161 126 40 have
744 2163 51 38 to
825 2162 61 39 do
916 2161 117 40 with
1068 2161 82 40 the
1181 2162 209 48 legends,
1420 2161 241 47 histories,
1696 2172 284 30 occurrence
2014 2165 92 38 and

113 2217 194 41 fashion
337 2217 52 42 of
416 2216 219 50 precious
665 2216 204 43 stones.”

184 2275 284 40 Illustrated
498 2277 94 46 t.-p.

115 2327 52 52 ©
199 2333 113 45 Apr.
345 2331 40 46 2,
419 2331 140 46 1936;
595 2330 68 42 2c.
699 2332 113 47 May
846 2331 52 47 2;
936 2330 81 41 aff.
1052 2331 113 47 Apr.
1200 2330 82 47 21;
1319 2331 40 39 A
1389 2329 172 49 93992;
1599 2332 194 39 Marcus
1828 2331 40 40 &
1897 2342 68 30 co.

193 2387 250 49 (36-9976)

112 2475 208 65 Miller,
344 2477 137 51 Mrs.
507 2474 162 55 Alice
702 2476 219 64 (Duer)
956 2478 170 50 1874-

184 2553 139 52 Five
370 2553 149 51 little
564 2551 285 68 heiresses,
894 2553 74 66 by
1015 2552 162 52 Alice
1224 2554 159 51 Duer
1429 2551 211 55 Miller.
1741 2555 139 53 New
1928 2552 180 69 York,

113 2630 188 58 Dodd,
327 2630 169 52 Mead
524 2631 111 51 and
661 2648 295 48 company,
985 2633 148 50 1936.

183 2703 24 39 3
235 2713 41 37 p.
338 2733 9 15 l.,
371 2701 98 48 245,
498 2703 54 47 [1]
580 2713 42 37 p.
678 2701 55 40 19½
766 2704 43 21 cm
814 2732 8 8 .

115 2754 52 52 ©
201 2759 108 39 Feb.
343 2758 68 47 28,
445 2757 139 47 1936;
618 2758 68 40 2c.
721 2759 122 39 Mar.
875 2757 53 47 2;
964 2757 82 43 aff.
1081 2759 121 40 Mar.
1233 2759 55 45 4;
1322 2759 42 38 A
1394 2756 170 49 92095;
1602 2758 53 40 A.
1688 2758 57 40 D.
1780 2757 175 49 Miller,
1992 2758 118 41 New

183 2816 143 39 York.
400 2814 249 48 (36-5935)

114 2904 206 65 Miller,
346 2906 200 62 Harry
570 2904 332 64 Augustus,
932 2905 168 54 1887-
1312 2904 85 53 ed.

247 2979 1856 69 … New horizons, edited by H. Augustus Miller … [and]
115 3057 1968 148 Bernice E. Leary … maps by George Bell. New York, Chicago, Harcourt, Brace and company, 1936.
185 3208 1921 50 viii, 330 p., 1 l. illus. (incl. maps) diagr. 19½cm. (The discovery
113 3267 163 47 series,
304 3267 121 40 book
451 3266 51 48 2)

183 3323 115 49 Map
328 3335 60 29 on
419 3322 336 50 lining-paper.

187 3379 292 50 “Suggested
507 3380 254 49 readings”
792 3385 52 35 at
872 3382 91 38 end
992 3380 51 40 of
1069 3381 116 39 each
1215 3379 243 42 selection.

116 3434 52 52 ©
199 3439 112 46 Apr.
340 3437 69 47 25,
439 3437 139 46 1936;
610 3437 68 41 2c.
708 3439 92 38 and
833 3437 81 41 aff.
945 3438 112 47 Apr.
1088 3437 82 46 30;
1203 3438 40 38 A
1273 3436 171 46 94201;
1479 3437 260 47 Harcourt,
1773 3437 152 39 Brace
1958 3437 37 39 &
2026 3444 82 38 co.,

183 3493 89 41 inc.
336 3493 249 49 (36-9805)

113 3582 285 63 Minaker,
435 3585 137 51 Mrs.
612 3584 257 51 Frances
905 3584 173 62 Mary
1108 3583 275 63 (Cowan)
1431 3585 169 50 1895-
1812 3583 84 52 ed.

185 3658 123 55 One
348 3659 282 52 thousand
674 3677 153 47 ways
867 3664 57 47 to
967 3658 162 53 make
1171 3657 199 66 $1000;
1417 3657 274 67 practical
1733 3658 374 67 suggestions,

113 3737 168 53 based
311 3755 70 33 on
409 3737 184 51 actual
623 3737 346 66 experience,
997 3736 93 52 for
1114 3737 249 67 starting
1388 3755 31 34 a
1443 3735 252 53 business
1722 3734 63 53 of
1809 3752 144 50 your
1981 3751 123 36 own

115 3814 111 51 and
247 3812 233 69 making
502 3831 201 49 money
725 3817 61 50 in
808 3832 143 49 your
973 3832 163 48 spare
1161 3814 152 66 time,
1338 3813 186 53 edited
1547 3813 73 67 by
1644 3812 64 51 F.
1737 3811 62 54 C.
1823 3812 281 53 Minaker.

115 3889 248 67 Chicago
393 3891 110 51 and
534 3890 138 52 New
703 3891 179 65 York,
911 3891 121 52 The
1059 3891 265 52 Dartnell
1353 3889 380 68 corporation,
1762 3892 150 50 1936.

185 3963 27 40 7
236 3974 42 36 p.
339 3993 8 17 l.,
377 3963 173 40 17-478
575 3974 43 37 p.
673 3964 170 48 plates.
899 3963 56 39 22½
987 3965 45 22 cm
1037 3995 8 9 .

186 4019 159 39 “First
375 4018 255 49 printing.”
