2519 4377
1324 4096 132 51 1778

377 399 319 54 American
724 399 112 52 law
867 397 298 56 institute.

509 487 1886 68 … Restatement of the law of agency. Tentative draft no. 5.
381 568 328 57 Submitted
739 569 74 66 by
842 569 95 51 the
968 568 219 52 council
1219 574 58 46 to
1308 567 97 54 the
1434 567 277 52 members
1742 567 94 52 for
1868 567 316 53 discussion
2215 572 59 48 at
2302 568 96 52 the

378 645 2020 70 eighth annual meeting, May 8, 9, and 10, 1930 … Reporter,
377 724 2021 69 Warren A. Seavey … advisers, Calvert Magruder … special
379 803 2019 68 adviser; John Kimberly Beach … Frederick Green … [and
378 886 208 65 others]
668 884 301 66 February
1005 888 46 51 1,
1089 887 150 49 1930.
1315 882 430 69 Philadelphia,
1778 884 122 66 Pa.,
1934 883 122 53 The
2091 883 308 52 American

378 965 111 53 law
515 964 264 53 institute
813 998 12 33 [
831 970 17 21 c
854 965 134 51 1930]

451 1037 85 42 188
564 1048 44 39 p.
668 1036 57 41 23
728 1040 44 21 cm
778 1069 7 7 .

381 1105 2019 53 © Feb. 11, 1930; 1c. and aff. Oct. 22, 1936; 1c. Nov. 2; A 100489; Ainer.
453 1166 94 39 law
573 1165 245 40 institute.

513 1269 1886 70 … Restatement of the law of agency. Tentative draft no. 6.
383 1349 330 56 Submitted
741 1350 76 66 by
847 1349 95 53 the
973 1349 220 53 council
1223 1354 58 48 to
1312 1349 95 52 the
1437 1349 277 52 members
1744 1348 97 52 for
1870 1348 317 53 discussion
2217 1353 61 48 at
2304 1348 97 53 the

381 1427 2020 68 ninth annual meeting. May 7, 8, 9, 1931 … Reporter, Warren
381 1505 2016 69 A. Seavey … advisers, Calvert Magruder … special adviser;
381 1584 2015 70 John Kimberly Beach … Frederick Green … [and others]
382 1667 201 53 March
622 1669 83 63 12,
742 1669 151 49 1931.
970 1663 430 70 Philadelphia,
1436 1667 120 55 Pa.,
1591 1665 121 52 The
1746 1665 311 54 American
2093 1665 110 53 law
382 1663 1995 136 institute
534 1748 195 65 [c1931]

453 1818 87 41 237
566 1829 44 38 p.
668 1817 58 42 23½cm.

383 1885 2019 54 © Mar. 22, 1931; 1c. and aff. Oct. 22, 1936; 1c. Nov. 2; A 100490; Amer.
454 1947 96 39 law
573 1946 243 40 institute.

382 2052 319 54 American
729 2052 112 53 law
867 2054 254 62 reports,
1150 2053 345 52 annotated.

452 2144 70 53 A.
553 2145 62 52 L.
645 2144 67 52 R.
741 2143 130 53 blue
899 2143 161 53 book.
1141 2142 437 68 Supplemental
1607 2142 278 54 decisions
1912 2143 96 53 for
2037 2144 366 53 annotations

381 2224 61 53 in
475 2223 94 54 the
601 2223 310 53 American
942 2222 110 55 law
1085 2226 239 64 reports.
1401 2221 308 70 Arranged
1738 2223 63 54 in
1832 2222 96 53 the
1960 2223 186 67 order,
2177 2223 74 68 by
383 2223 1994 132 volume
543 2303 113 51 and
687 2320 166 49 page,

886 2302 59 53 in
975 2301 186 53 which
1194 2302 96 53 the
1322 2301 366 54 annotations
1720 2320 215 49 appear
1964 2303 62 52 in
2058 2302 98 53 the
2187 2303 214 52 several

382 2381 1995 146 volumes of A. L. R. … Rochester. N. Y., The Lawyers cooperative
721 2457 340 70 publishing
1106 2478 310 49 company;
1469 2460 116 54 San
1631 2461 324 65 Francisco,
2007 2459 194 69 Calif.,
382 2462 1996 144 Bancroft-Whitney
869 2557 299 49 company,
1196 2542 150 51 1936.

456 2611 86 41 606
570 2622 44 38 p.
674 2611 57 40 25½
764 2615 45 20 cm
813 2642 8 8 .

457 2670 73 39 On
554 2669 230 48 binding:
811 2668 117 40 1936
952 2669 229 47 revision,
1208 2668 117 40 with
1353 2668 291 40 continuous
1670 2668 174 49 pocket
1871 2669 319 47 supplement.

385 2736 52 52 ©
464 2740 116 47 .July
607 2739 40 49 6,
676 2738 142 49 1936;
848 2739 68 42 2c.
946 2739 116 47 July
1089 2739 82 47 15;
1204 2739 81 40 aff.
1315 2739 116 48 July
1459 2739 53 48 9;
1543 2740 42 39 A
1613 2738 173 49 97045;
1818 2740 232 47 Lawyers
2079 2738 328 50 co-operative

455 2797 109 48 pub.
598 2806 67 32 co.
700 2797 95 40 and
828 2796 493 48 Bancroft-Whitney
1353 2806 67 31 co.

383 2903 320 55 American
730 2903 230 66 society
982 2904 97 53 for
1104 2903 230 64 testing
1357 2904 329 55 materials.

454 2993 373 71 Symposium
873 3014 72 35 on
990 2994 434 69 high-strength
1470 2994 445 55 constructional
1960 2996 220 66 metals,
382 2995 1996 148 Pittsburgh
612 3074 259 69 regional

915 3072 268 70 meeting,
1225 3072 309 55 American
1577 3072 213 70 society
1833 3073 95 54 for
1972 3073 213 70 testing
384 3079 1993 141 materials,
569 3152 204 54 March
805 3155 51 65 4,
890 3155 151 50 1936.

1106 3151 430 70 Philadelphia,
1568 3153 121 67 Pa.,
1719 3152 308 53 American
2062 3152 213 70 society
2306 3153 96 54 for

381 3232 213 68 testing
629 3230 295 56 materials
967 3234 174 65 [1936]

451 3304 950 51 3 p. l., 126 p. illus., diagrs. 23 cm .
385 3371 52 53 ©
477 3375 103 41 Oct.
619 3375 72 49 27,
732 3375 142 48 1936;
916 3375 68 42 2c.
1027 3377 118 40 Nov.
1186 3375 53 43 2;
1280 3376 84 40 aff.
1406 3377 117 40 Nov.
1564 3375 53 48 3;
1661 3376 39 39 A
1742 3375 201 47 100286;
1987 3377 161 40 Amer.
2189 3386 93 31 soc.
2324 3376 80 39 for

456 3432 183 46 testing
669 3433 266 39 materials.
1009 3432 283 50 (36-34577)

382 3535 291 65 Anwand,
704 3537 212 56 Oskar.

453 3614 148 53 Karl
625 3615 191 54 Maria
839 3634 111 34 von
975 3617 233 54 Weber;
1236 3617 90 51 ein
1349 3616 162 53 leben
1538 3617 98 52 für
1662 3616 268 53 deutsche
1953 3615 203 68 kirnst;
2184 3633 216 51 roman,

383 3711 109 34 von
539 3692 189 55 Oskar
772 3694 285 54 Anwand.
1134 3696 114 52 Mit
1295 3694 65 54 17
1458 3695 342 67 wiedergaben
1845 3695 146 53 nach
382 3695 1992 130 zeitgenössischen

581 3770 226 55 bildern
838 3773 116 52 und
985 3777 30 46 3
1047 3772 337 55 faksimiles.
1462 3772 218 67 Berlin,
1709 3775 69 52 R.
1810 3775 170 65 Bong
2015 3776 173 64 [1934]

454 3843 1143 51 333, [2] p. plates, ports., facsims. 21 ½ cm .
455 3884 532 59 “Literaturl" a [ end.
382 3966 54 53 ©
465 3971 128 48 Sept.
627 3972 64 43 13.
720 3972 112 42 1934;
920 3982 37 36 1c,
986 3974 127 40 June
1139 3973 40 46 3,
1205 3973 142 48 1936;
1379 3972 312 49 A-Foreign
1719 3972 172 48 32044;
1924 3972 216 40 Richard
2169 3974 149 44 Bong.
