2519 4377
1065 4088 131 54 1271

128 445 134 63 Hill,
286 446 255 52 Howard
570 444 311 64 Copeland.

200 529 365 68 Community
601 529 107 52 life
745 529 113 52 and
895 528 143 54 civic
1076 528 301 69 problems,
1412 529 75 67 by
1527 527 258 53 Howard
1826 526 295 70 Copeland

132 605 1988 68 Hill … Boston, New York [etc.] Ginn and company [ c 1936]
200 679 120 44 xxii,
349 678 97 48 528,
473 677 159 40 xxxiii
660 689 43 37 p.
732 679 109 39 incl.
867 677 163 49 front.,
1059 677 128 41 illus.
1215 676 133 48 (incl.
1377 680 162 47 ports.,
1567 677 161 48 maps)
1765 677 179 49 diagrs.
2005 677 56 40 20
2064 679 44 21 cm
2112 710 9 9 .

196 735 389 47 Bibliographies
618 736 54 38 at
703 735 91 40 end
827 735 50 39 of
909 735 119 40 each
1060 734 213 47 chapter.

130 804 53 52 ©
218 808 115 46 July
369 807 68 48 10,
474 807 140 47 1936;
652 807 69 40 2c.
755 806 97 39 and
887 806 82 39 aff.
1011 806 128 47 Sept.
1176 806 52 47 8;
1267 806 43 39 A
1344 805 170 48 97692;
1554 807 60 40 H.
1654 806 49 41 G.
1742 806 118 46 Hill,
1900 806 224 48 Chicago.

200 864 280 49 [Copyright
508 863 42 39 is
577 862 208 41 claimed
813 874 59 29 on
898 872 107 29 new
1033 863 193 49 matter]
1297 861 279 50 (36-19922)

128 968 197 64 Hoole,
353 966 253 56 William
633 965 263 65 Stanley.

198 1044 55 52 A
280 1042 295 54 check-list
601 1045 113 52 and
740 1042 348 69 finding-list
1112 1043 65 53 of
1204 1043 339 55 Charleston
1569 1043 358 67 periodicals,

130 1044 1997 144 1732-1864,
314 1120 75 68 by
421 1121 260 54 William
718 1120 238 69 Stanley
989 1121 200 53 Hoole.
1264 1122 281 66 Durham,
1578 1123 71 52 N.
1684 1121 81 66 C.,
1799 1121 167 54 Duke
128 1123 1969 144 university
369 1218 174 49 press,
576 1203 150 51 1936.

199 1272 65 46 xi,
297 1271 56 42 84
383 1281 43 38 p.
485 1271 55 41 23½cm.
701 1271 300 50 (Half-title:
1031 1271 141 41 Duke
1205 1271 273 49 university
1510 1270 350 50 publications)

199 1328 376 49 Bibliography:
606 1340 42 38 p.
681 1329 157 42 71-74.

130 1395 53 52 ©
212 1399 129 40 June
369 1401 38 45 1,
438 1398 140 48 1936;
610 1400 68 39 2c.
711 1400 128 47 Sept.
869 1400 82 48 12;
984 1399 81 41 aff.
1099 1400 126 39 June
1254 1399 55 40 12;
1368 1399 41 40 A
1438 1399 144 41 98340;
1642 1400 144 39 Duke
1814 1397 130 42 univ.
1976 1408 150 38 press.

209 1455 278 49 (36-19798)

125 1559 239 55 Illinois.
438 1562 183 64 Laws,
644 1566 258 61 statutes,
930 1567 99 47 etc.

199 1637 387 55 Smith-Hurd
644 1637 229 54 Illinois
929 1639 307 52 annotated
1293 1642 253 50 statutes.
1638 1641 348 51 Permanent
2043 1639 83 52 ed.

126 1717 246 66 August,
419 1720 150 63 1936,
612 1715 345 55 cumulative
996 1717 313 68 pamphlet.
1388 1718 166 51 Laws
1598 1717 63 52 of
1706 1717 129 51 59th
1881 1715 247 55 General

129 1795 293 65 assembly,
452 1795 140 65 first,
622 1795 219 68 second,
868 1795 160 52 third
1059 1795 112 52 and
1202 1795 200 52 fourth
1432 1795 211 68 special
1673 1795 254 66 sessions,
128 1794 1976 130 October
265 1875 83 63 28,
391 1875 150 63 1935,
582 1877 57 48 to
682 1873 141 67 July
865 1876 81 64 10,
990 1876 151 64 1936,
1180 1873 141 51 with
1363 1872 380 68 annotations,
1783 1873 348 52 cumulative

127 1949 1998 69 table and index … Chicago, Ill., Burdette Smith company;
130 2027 81 54 St.
239 2028 164 64 Paul,
427 2029 201 65 Minn.,
651 2029 160 53 West
835 2028 334 68 publishing
1194 2046 79 35 co.
1305 2062 12 33 [
1323 2034 17 21 c
1345 2032 133 48 1936
1483 2062 13 33 ]

199 2099 85 40 462
312 2110 43 37 p.
413 2099 55 40 23½
501 2102 45 21 cm
552 2133 7 7 .

131 2165 53 52 ©
214 2170 118 45 Aug.
365 2169 67 43 20,
467 2168 140 49 1936;
639 2170 68 40 2c.
744 2170 127 48 Sept.
904 2169 82 48 21;
1023 2169 81 40 aff.
1140 2170 127 47 Sept.
1302 2170 82 47 17;
1419 2170 40 39 A
1492 2169 170 48 98524;
1698 2169 236 41 Burdette
1973 2169 158 42 Smith

200 2235 67 32 co.
297 2226 94 40 and
419 2227 135 40 West
579 2226 110 49 pub.
719 2236 68 32 co.

202 2327 386 56 Smith-Hurd
645 2330 230 52 Illinois
930 2329 308 52 annotated
1295 2333 252 49 statutes.
1640 2331 346 51 Permanent
2043 2329 84 53 ed.

132 2406 366 67 Comprising
538 2407 95 52 the
675 2407 138 52 laws
851 2406 63 53 of
957 2426 30 33 a
1030 2407 228 66 general
1298 2407 113 52 and
1451 2413 336 60 permanent
1825 2412 203 47 nature
2070 2407 58 51 in

132 2484 155 52 force
321 2488 55 49 at
408 2485 95 51 the
536 2485 107 52 end
678 2484 62 52 of
771 2484 96 53 the
898 2482 159 54 third
1089 2484 209 66 special
1332 2483 209 53 session
1575 2484 62 52 of
1669 2485 96 51 the
1798 2483 330 68 fifty-ninth

131 2560 243 55 General
407 2561 294 66 assembly,
730 2560 174 67 April
934 2564 48 64 2,
1014 2565 151 48 1936.
1239 2561 158 67 Kept
1426 2566 58 47 to
1517 2562 132 52 date
1678 2562 75 66 by
1784 2561 345 53 cumulative

132 2639 207 51 annual
402 2638 202 66 pocket
668 2643 174 62 parts.
942 2639 235 66 chapter
1241 2641 99 49 110
1357 2672 73 4 —
1448 2639 258 52 Practice
1774 2641 26 65 §
1826 2639 300 66 198-End;

131 2716 173 52 Rules
348 2715 62 52 of
453 2716 276 66 practice;
776 2716 198 52 Index.
1051 2715 212 53 Edited
1306 2716 76 66 by
1424 2716 222 54 Walter
1690 2718 64 51 F.
1799 2717 173 52 Dodd
2017 2717 112 52 and

131 2791 1998 69 Albert E. Jenner, jr. … assisted by the publishers’ editorial
132 2870 147 53 staff.
358 2870 267 67 Chicago,
651 2871 114 66 Ill.,
790 2873 66 51 B.
888 2871 189 56 Smith
1103 2888 306 50 company;
1441 2870 82 55 St.
1552 2871 165 67 Paul,
1745 2871 202 68 Minn.,
1970 2873 163 54 West

132 2948 332 66 publishing
492 2966 105 46 co.;
653 2953 119 62 [etc.,
800 2953 118 56 etc.,
947 2955 17 20 c
970 2952 150 63 1936]

206 3020 165 48 xxxix,
400 3021 84 40 928
513 3031 43 37 p.
613 3020 58 40 24
671 3023 45 21 cm
721 3053 9 8 .

135 3085 52 53 ©
218 3090 119 46 Aug.
367 3089 68 48 20,
469 3088 139 48 1936;
642 3090 69 40 2c.
747 3090 128 47 Sept.
907 3090 83 46 21;
1025 3089 81 40 aff.
1144 3090 128 47 Sept.
1304 3091 82 46 17;
1421 3090 40 39 A
1491 3090 172 48 98545;
1699 3090 236 40 Burdette
1974 3090 158 41 Smith

205 3156 81 37 co.,
311 3147 192 38 Vernon
525 3146 95 38 law
641 3146 126 39 book
788 3156 67 31 co.
881 3146 96 39 and
1000 3147 135 41 West
1158 3146 108 47 pub.
1292 3156 68 32 co.

135 3248 268 64 Ingham,
433 3249 229 64 Travis,
695 3254 171 50 1906-

204 3326 147 65 Play
383 3344 71 34 on
485 3344 143 49 your
658 3326 165 67 harp,
852 3326 75 67 by
959 3325 204 54 Travis
1194 3326 263 67 Ingham.
1532 3327 139 52 New
1707 3326 178 67 York,
1915 3327 217 52 Farrar

135 3403 709 67 & Rinehart inc. [ c 1936]
206 3474 470 49 4 p. l., 273 p. 19½cm.
140 3538 54 54 ©
235 3543 127 49 Sept.
403 3546 67 46 17,
512 3545 140 47 1936;
695 3546 68 40 2c.
808 3546 127 47 Sept.
976 3545 81 48 19;
1102 3546 80 39 aff.
1230 3547 127 47 Sept.
1399 3547 81 46 18;
1524 3547 40 38 A
1602 3545 170 48 97897;
1816 3547 52 39 T.
1912 3545 220 50 Ingham,

208 3601 239 48 Haddam,
480 3602 146 41 Conn.
700 3601 279 49 (36-19835)

137 3703 283 53 Institute
451 3705 63 51 of
543 3705 193 62 public
764 3703 501 66 administration,
1294 3707 138 51 New
1464 3707 176 51 York.

206 3781 55 51 A
296 3779 407 68 bibliography
739 3781 64 52 of
835 3780 181 68 police
1055 3781 461 53 administration
1555 3783 111 51 and
1701 3782 182 66 police
1921 3781 213 52 science

143 3857 108 65 [by]
288 3857 180 54 Sarah
497 3858 195 65 Greer,
718 3858 294 67 librarian,
1039 3858 272 53 Institute
1339 3859 62 52 of
1430 3857 193 67 public
1652 3857 480 67 administration,

139 3934 138 52 with
326 3955 29 33 a
404 3935 228 63 preface
680 3935 75 66 by
803 3938 184 50 Bruce
1039 3936 204 55 Smith.
1329 3937 138 51 New
1517 3936 179 61 York,
1745 3934 275 54 Institute
2069 3937 63 51 of

138 4011 194 65 public
356 4011 479 67 administration,
862 4016 148 49 1936.
