<alto xmlns="http://www.loc.gov/standards/alto/ns-v3#" xmlns:xlink="http://www.w3.org/1999/xlink" xmlns:xsi="http://www.w3.org/2001/XMLSchema-instance" xsi:schemaLocation="http://www.loc.gov/standards/alto/ns-v3# http://www.loc.gov/alto/v3/alto-3-0.xsd"><Description>
<MeasurementUnit>pixel</MeasurementUnit>
<sourceImageInformation>
<fileName>1936_v33_Part1.pdf</fileName>
</sourceImageInformation>
<OCRProcessing ID="IdOcr">
<ocrProcessingStep>
<processingDateTime>2019-01-18</processingDateTime>
<processingSoftware>
<softwareCreator>ABBYY</softwareCreator>
<softwareName>ABBYY Recognition Server</softwareName>
<softwareVersion>4.0</softwareVersion>
</processingSoftware>
</ocrProcessingStep>
</OCRProcessing>
</Description>
<Styles>
<ParagraphStyle ID="StyleId-FFFFFFFF-FFFF-FFFF-FFFF-FFFFFFFFFFFF-" ALIGN="Left" LEFT="0." RIGHT="0." FIRSTLINE="0."/>
<ParagraphStyle ID="StyleId-51D50FAC-7A90-4D70-8A96-5EA9D46D1C8B-" ALIGN="Left" LEFT="0." RIGHT="0." FIRSTLINE="0." LINESPACE="7.699999809"/>
<ParagraphStyle ID="StyleId-6BC133E9-7DCB-43C3-8842-A67984A26405-" ALIGN="Block" LEFT="0." RIGHT="0." FIRSTLINE="-17." LINESPACE="8.340000153"/>
<ParagraphStyle ID="StyleId-3C3FF860-43E7-46A2-8934-48F305F6F0D6-" ALIGN="Left" LEFT="0." RIGHT="0." FIRSTLINE="-13." LINESPACE="11.06999969"/>
<ParagraphStyle ID="StyleId-19220C76-4F8A-4737-B38C-B5F5C17E6040-" ALIGN="Block" LEFT="0." RIGHT="0." FIRSTLINE="-13." LINESPACE="11.06999969"/>
<ParagraphStyle ID="StyleId-75A0D721-13ED-4F20-9002-B389EC48477D-" ALIGN="Left" LEFT="0." RIGHT="0." FIRSTLINE="0." LINESPACE="15.5"/>
<ParagraphStyle ID="StyleId-8A414184-C7A5-4AC7-9B88-7DA4DDE75922-" ALIGN="Left" LEFT="0." RIGHT="0." FIRSTLINE="0." LINESPACE="9.399999619"/>
<ParagraphStyle ID="StyleId-1A87970B-111C-4169-99A6-9412976F3C97-" ALIGN="Left" LEFT="0." RIGHT="0." FIRSTLINE="0." LINESPACE="10.5"/>
<ParagraphStyle ID="StyleId-72DB0571-5AE4-41FD-9E11-68C6AC4C437E-" ALIGN="Block" LEFT="0." RIGHT="0." FIRSTLINE="-17." LINESPACE="8.340000153"/>
<ParagraphStyle ID="StyleId-1AA43056-C388-4697-B10F-72FDAA38FAE1-" ALIGN="Center" LEFT="0." RIGHT="0." FIRSTLINE="0." LINESPACE="10.5"/>
</Styles>
<Layout>
<Page ID="Page379" PHYSICAL_IMG_NR="379" HEIGHT="4377" WIDTH="2519">
<TopMargin HEIGHT="432" WIDTH="2519" VPOS="0" HPOS="0">
</TopMargin>
<LeftMargin HEIGHT="3599" WIDTH="92" VPOS="432" HPOS="0">
</LeftMargin>
<RightMargin HEIGHT="3599" WIDTH="405" VPOS="432" HPOS="2114">
</RightMargin>
<BottomMargin HEIGHT="346" WIDTH="2519" VPOS="4031" HPOS="0">
<TextBlock ID="Page379_Block1" HEIGHT="133" WIDTH="311" VPOS="4081" HPOS="994" LANG="en-US" STYLEREFS="StyleId-43B6B042-EF8E-491A-9B22-22044A727D96-">
<TextLine HEIGHT="55" WIDTH="101" VPOS="4088" HPOS="1047">
<String CONTENT="379" HEIGHT="55" WIDTH="101" VPOS="4088" HPOS="1047"/>
</TextLine>
</TextBlock>
</BottomMargin>
<PrintSpace HEIGHT="3599" WIDTH="2022" VPOS="432" HPOS="92">
<TextBlock ID="Page379_Block2" HEIGHT="3599" WIDTH="2022" VPOS="432" HPOS="92" LANG="en-US" CS="1" STYLEREFS="StyleId-FEE5BD19-EC83-4A72-A733-C5FAE7000E2B-">
<TextLine HEIGHT="49" WIDTH="327" VPOS="516" HPOS="173">
<String CONTENT="100" HEIGHT="40" WIDTH="87" VPOS="517" HPOS="173"/>
<SP HEIGHT="48" WIDTH="24" VPOS="517" HPOS="261"/>
<String CONTENT="p." HEIGHT="38" WIDTH="41" VPOS="527" HPOS="286"/>
<SP HEIGHT="39" WIDTH="55" VPOS="516" HPOS="328"/>
<String CONTENT="21" HEIGHT="40" WIDTH="54" VPOS="516" HPOS="384"/>
<String STYLE="superscript" CONTENT="cm" HEIGHT="21" WIDTH="44" VPOS="519" HPOS="443"/>
<String CONTENT="." HEIGHT="9" WIDTH="9" VPOS="549" HPOS="491"/>
</TextLine>
<TextLine HEIGHT="48" WIDTH="808" VPOS="572" HPOS="174">
<String CONTENT="Classified," HEIGHT="47" WIDTH="266" VPOS="573" HPOS="174"/>
<SP HEIGHT="36" WIDTH="26" VPOS="584" HPOS="441"/>
<String CONTENT="with" HEIGHT="41" WIDTH="120" VPOS="572" HPOS="468"/>
<SP HEIGHT="39" WIDTH="27" VPOS="574" HPOS="589"/>
<String CONTENT="author" HEIGHT="40" WIDTH="179" VPOS="573" HPOS="617"/>
<SP HEIGHT="39" WIDTH="25" VPOS="572" HPOS="797"/>
<String CONTENT="index." HEIGHT="40" WIDTH="159" VPOS="572" HPOS="823"/>
</TextLine>
<TextLine HEIGHT="52" WIDTH="1994" VPOS="626" HPOS="108" CS="1">
<String CONTENT="&#169;" HEIGHT="52" WIDTH="52" VPOS="626" HPOS="108"/>
<SP HEIGHT="52" WIDTH="24" VPOS="626" HPOS="161"/>
<String CONTENT="Apr." HEIGHT="47" WIDTH="114" VPOS="631" HPOS="186"/>
<SP HEIGHT="41" WIDTH="23" VPOS="630" HPOS="301"/>
<String CONTENT="3," HEIGHT="47" WIDTH="39" VPOS="630" HPOS="325"/>
<SP HEIGHT="46" WIDTH="28" VPOS="631" HPOS="365"/>
<String CS="1" CONTENT="1936;" HEIGHT="39" WIDTH="113" VPOS="630" HPOS="394"/>
<SP HEIGHT="47" WIDTH="29" VPOS="629" HPOS="535"/>
<String CONTENT="2c." HEIGHT="40" WIDTH="66" VPOS="629" HPOS="565"/>
<SP HEIGHT="29" WIDTH="30" VPOS="640" HPOS="632"/>
<String CONTENT="and" HEIGHT="38" WIDTH="95" VPOS="631" HPOS="663"/>
<SP HEIGHT="38" WIDTH="26" VPOS="631" HPOS="759"/>
<String CONTENT="aff." HEIGHT="41" WIDTH="82" VPOS="629" HPOS="786"/>
<SP HEIGHT="40" WIDTH="28" VPOS="630" HPOS="869"/>
<String CONTENT="Apr." HEIGHT="47" WIDTH="113" VPOS="630" HPOS="898"/>
<SP HEIGHT="41" WIDTH="28" VPOS="629" HPOS="1012"/>
<String CS="1" CONTENT="6;" HEIGHT="39" WIDTH="29" VPOS="629" HPOS="1041"/>
<SP HEIGHT="46" WIDTH="30" VPOS="630" HPOS="1094"/>
<!-- cceid 99A1F178-6E3A-1014-83DD-942C093A1DD9 --><String CONTENT="A" HEIGHT="38" WIDTH="40" VPOS="630" HPOS="1125"/>
<SP HEIGHT="41" WIDTH="26" VPOS="627" HPOS="1166"/>
<String CS="1" CONTENT="92771;" HEIGHT="43" WIDTH="142" VPOS="627" HPOS="1193"/>
<SP HEIGHT="45" WIDTH="33" VPOS="631" HPOS="1364"/>
<String LANG="fr" CONTENT="M." HEIGHT="40" WIDTH="62" VPOS="631" HPOS="1398"/>
<SP HEIGHT="40" WIDTH="29" VPOS="631" HPOS="1461"/>
<String CONTENT="E." HEIGHT="39" WIDTH="52" VPOS="631" HPOS="1491"/>
<SP HEIGHT="40" WIDTH="30" VPOS="630" HPOS="1544"/>
<String CONTENT="Chayer," HEIGHT="47" WIDTH="202" VPOS="630" HPOS="1575"/>
<SP HEIGHT="46" WIDTH="30" VPOS="631" HPOS="1778"/>
<String CONTENT="New" HEIGHT="40" WIDTH="118" VPOS="631" HPOS="1809"/>
<SP HEIGHT="40" WIDTH="27" VPOS="631" HPOS="1928"/>
<String CONTENT="York." HEIGHT="39" WIDTH="146" VPOS="631" HPOS="1956"/>
</TextLine>
<TextLine HEIGHT="49" WIDTH="279" VPOS="686" HPOS="184">
<String CONTENT="(36-27193)" HEIGHT="49" WIDTH="279" VPOS="686" HPOS="184"/>
</TextLine>
<TextLine HEIGHT="66" WIDTH="772" VPOS="761" HPOS="111" STYLEREFS="StyleId-30BDB5E1-3A60-4D39-8D74-73E18DE4C0CF-" CS="1">
<String CONTENT="[Clark," HEIGHT="66" WIDTH="212" VPOS="761" HPOS="111"/>
<SP HEIGHT="62" WIDTH="28" VPOS="762" HPOS="324"/>
<String CONTENT="Briscoe" HEIGHT="53" WIDTH="236" VPOS="762" HPOS="353"/>
<SP HEIGHT="52" WIDTH="28" VPOS="762" HPOS="590"/>
<String CS="1" CONTENT="Baldwin]" HEIGHT="53" WIDTH="264" VPOS="761" HPOS="619"/>
</TextLine>
<TextLine HEIGHT="68" WIDTH="1926" VPOS="838" HPOS="175" STYLEREFS="StyleId-E43D785B-4543-4A97-AC6C-CEAE5EA730EA-">
<String CONTENT="New" HEIGHT="52" WIDTH="137" VPOS="840" HPOS="175"/>
<SP HEIGHT="51" WIDTH="31" VPOS="840" HPOS="313"/>
<String CONTENT="York" HEIGHT="53" WIDTH="161" VPOS="838" HPOS="345"/>
<SP HEIGHT="52" WIDTH="26" VPOS="838" HPOS="507"/>
<String CONTENT="law" HEIGHT="51" WIDTH="108" VPOS="839" HPOS="534"/>
<SP HEIGHT="34" WIDTH="28" VPOS="857" HPOS="643"/>
<String CONTENT="of" HEIGHT="53" WIDTH="62" VPOS="838" HPOS="672"/>
<SP HEIGHT="52" WIDTH="29" VPOS="838" HPOS="735"/>
<String CONTENT="damages." HEIGHT="67" WIDTH="282" VPOS="838" HPOS="765"/>
<SP HEIGHT="48" WIDTH="67" VPOS="842" HPOS="1048"/>
<String CONTENT="1935" HEIGHT="48" WIDTH="130" VPOS="841" HPOS="1116"/>
<SP HEIGHT="48" WIDTH="33" VPOS="841" HPOS="1247"/>
<String CONTENT="cumulative" HEIGHT="54" WIDTH="342" VPOS="838" HPOS="1281"/>
<SP HEIGHT="34" WIDTH="31" VPOS="858" HPOS="1624"/>
<String CONTENT="annual" HEIGHT="50" WIDTH="209" VPOS="841" HPOS="1656"/>
<SP HEIGHT="65" WIDTH="32" VPOS="841" HPOS="1866"/>
<String CONTENT="pocket" HEIGHT="66" WIDTH="202" VPOS="840" HPOS="1899"/>
</TextLine>
<TextLine HEIGHT="70" WIDTH="1996" VPOS="916" HPOS="105" STYLEREFS="StyleId-E43D785B-4543-4A97-AC6C-CEAE5EA730EA-" CS="1">
<String CONTENT="parts" HEIGHT="63" WIDTH="159" VPOS="921" HPOS="105"/>
<SP HEIGHT="55" WIDTH="23" VPOS="916" HPOS="265"/>
<String CONTENT="for" HEIGHT="52" WIDTH="94" VPOS="916" HPOS="289"/>
<SP HEIGHT="33" WIDTH="24" VPOS="935" HPOS="384"/>
<String CONTENT="volumes" HEIGHT="54" WIDTH="250" VPOS="916" HPOS="409"/>
<SP HEIGHT="50" WIDTH="27" VPOS="920" HPOS="660"/>
<String CONTENT="1-2" HEIGHT="49" WIDTH="97" VPOS="919" HPOS="688"/>
<SP HEIGHT="50" WIDTH="31" VPOS="919" HPOS="786"/>
<String CS="1" CONTENT="&#8230;"/>
<SP HEIGHT="51" WIDTH="66" VPOS="918" HPOS="873"/>
<String CONTENT="Brooklyn," HEIGHT="68" WIDTH="311" VPOS="916" HPOS="940"/>
<SP HEIGHT="56" WIDTH="25" VPOS="918" HPOS="1252"/>
<String LANG="fr" CONTENT="N." HEIGHT="52" WIDTH="67" VPOS="918" HPOS="1278"/>
<SP HEIGHT="52" WIDTH="28" VPOS="918" HPOS="1346"/>
<String CONTENT="Y.," HEIGHT="65" WIDTH="89" VPOS="918" HPOS="1375"/>
<SP HEIGHT="65" WIDTH="26" VPOS="918" HPOS="1465"/>
<String CONTENT="Edward" HEIGHT="53" WIDTH="252" VPOS="917" HPOS="1492"/>
<SP HEIGHT="53" WIDTH="26" VPOS="917" HPOS="1745"/>
<String CONTENT="Thompson" HEIGHT="68" WIDTH="329" VPOS="918" HPOS="1772"/>
</TextLine>
<TextLine HEIGHT="63" WIDTH="503" VPOS="998" HPOS="105" STYLEREFS="StyleId-E43D785B-4543-4A97-AC6C-CEAE5EA730EA-">
<String CONTENT="company" HEIGHT="49" WIDTH="279" VPOS="1012" HPOS="105"/>
<SP HEIGHT="47" WIDTH="31" VPOS="1014" HPOS="385"/>
<String CONTENT="[" HEIGHT="33" WIDTH="12" VPOS="1028" HPOS="417"/>
<String STYLE="superscript" CONTENT="c" HEIGHT="21" WIDTH="18" VPOS="1001" HPOS="434"/>
<String CONTENT="1936]" HEIGHT="63" WIDTH="151" VPOS="998" HPOS="457"/>
</TextLine>
<TextLine HEIGHT="40" WIDTH="300" VPOS="1067" HPOS="174" CS="1">
<String CONTENT="2" HEIGHT="39" WIDTH="30" VPOS="1067" HPOS="174"/>
<SP HEIGHT="40" WIDTH="23" VPOS="1067" HPOS="205"/>
<String CONTENT="v." HEIGHT="28" WIDTH="43" VPOS="1079" HPOS="229"/>
<SP HEIGHT="40" WIDTH="56" VPOS="1067" HPOS="273"/>
<String CS="1" CONTENT="22&#189;cm." HEIGHT="40" WIDTH="144" VPOS="1067" HPOS="330"/>
</TextLine>
<TextLine HEIGHT="48" WIDTH="1928" VPOS="1123" HPOS="176" CS="1">
<String CONTENT="These" HEIGHT="39" WIDTH="157" VPOS="1124" HPOS="176"/>
<SP HEIGHT="37" WIDTH="26" VPOS="1134" HPOS="334"/>
<String CONTENT="pamphlets" HEIGHT="47" WIDTH="272" VPOS="1124" HPOS="361"/>
<SP HEIGHT="29" WIDTH="30" VPOS="1134" HPOS="634"/>
<String CONTENT="are" HEIGHT="29" WIDTH="86" VPOS="1134" HPOS="665"/>
<SP HEIGHT="38" WIDTH="26" VPOS="1126" HPOS="752"/>
<String CONTENT="to" HEIGHT="38" WIDTH="48" VPOS="1126" HPOS="779"/>
<SP HEIGHT="38" WIDTH="29" VPOS="1124" HPOS="828"/>
<String CS="1" CONTENT="be" HEIGHT="29" WIDTH="26" VPOS="1133" HPOS="887"/>
<SP HEIGHT="39" WIDTH="29" VPOS="1123" HPOS="914"/>
<String CONTENT="fitted" HEIGHT="39" WIDTH="138" VPOS="1123" HPOS="944"/>
<SP HEIGHT="38" WIDTH="31" VPOS="1123" HPOS="1083"/>
<String CONTENT="into" HEIGHT="40" WIDTH="102" VPOS="1123" HPOS="1115"/>
<SP HEIGHT="37" WIDTH="31" VPOS="1126" HPOS="1218"/>
<String CONTENT="the" HEIGHT="39" WIDTH="81" VPOS="1125" HPOS="1250"/>
<SP HEIGHT="37" WIDTH="26" VPOS="1134" HPOS="1332"/>
<String CONTENT="pockets" HEIGHT="47" WIDTH="200" VPOS="1124" HPOS="1359"/>
<SP HEIGHT="29" WIDTH="27" VPOS="1134" HPOS="1560"/>
<String CONTENT="at" HEIGHT="37" WIDTH="50" VPOS="1127" HPOS="1588"/>
<SP HEIGHT="38" WIDTH="31" VPOS="1126" HPOS="1639"/>
<String CONTENT="the" HEIGHT="41" WIDTH="85" VPOS="1124" HPOS="1671"/>
<SP HEIGHT="40" WIDTH="27" VPOS="1125" HPOS="1757"/>
<String CONTENT="back" HEIGHT="39" WIDTH="120" VPOS="1125" HPOS="1785"/>
<SP HEIGHT="38" WIDTH="31" VPOS="1125" HPOS="1906"/>
<String CONTENT="of" HEIGHT="39" WIDTH="53" VPOS="1125" HPOS="1938"/>
<SP HEIGHT="40" WIDTH="30" VPOS="1125" HPOS="1992"/>
<String CONTENT="the" HEIGHT="40" WIDTH="81" VPOS="1126" HPOS="2023"/>
</TextLine>
<TextLine HEIGHT="47" WIDTH="1119" VPOS="1180" HPOS="103">
<String CONTENT="volumes" HEIGHT="39" WIDTH="215" VPOS="1181" HPOS="103"/>
<SP HEIGHT="30" WIDTH="26" VPOS="1191" HPOS="319"/>
<String CONTENT="of" HEIGHT="40" WIDTH="53" VPOS="1181" HPOS="346"/>
<SP HEIGHT="39" WIDTH="23" VPOS="1181" HPOS="400"/>
<String CONTENT="the" HEIGHT="39" WIDTH="80" VPOS="1181" HPOS="424"/>
<SP HEIGHT="29" WIDTH="26" VPOS="1191" HPOS="505"/>
<String CONTENT="set" HEIGHT="37" WIDTH="75" VPOS="1183" HPOS="532"/>
<SP HEIGHT="37" WIDTH="24" VPOS="1183" HPOS="608"/>
<String CONTENT="to" HEIGHT="37" WIDTH="49" VPOS="1183" HPOS="633"/>
<SP HEIGHT="29" WIDTH="27" VPOS="1190" HPOS="683"/>
<String CONTENT="which" HEIGHT="39" WIDTH="157" VPOS="1180" HPOS="711"/>
<SP HEIGHT="38" WIDTH="27" VPOS="1181" HPOS="869"/>
<String CONTENT="they" HEIGHT="46" WIDTH="113" VPOS="1181" HPOS="897"/>
<SP HEIGHT="47" WIDTH="27" VPOS="1180" HPOS="1011"/>
<String CONTENT="belong." HEIGHT="47" WIDTH="183" VPOS="1180" HPOS="1039"/>
</TextLine>
<TextLine HEIGHT="52" WIDTH="1995" VPOS="1233" HPOS="106">
<String CONTENT="&#169;" HEIGHT="52" WIDTH="52" VPOS="1233" HPOS="106"/>
<SP HEIGHT="52" WIDTH="41" VPOS="1233" HPOS="159"/>
<String CONTENT="Feb." HEIGHT="40" WIDTH="109" VPOS="1237" HPOS="201"/>
<SP HEIGHT="39" WIDTH="39" VPOS="1238" HPOS="311"/>
<String CONTENT="7," HEIGHT="45" WIDTH="40" VPOS="1238" HPOS="351"/>
<SP HEIGHT="45" WIDTH="40" VPOS="1238" HPOS="392"/>
<String CONTENT="1936;" HEIGHT="48" WIDTH="139" VPOS="1235" HPOS="433"/>
<SP HEIGHT="48" WIDTH="42" VPOS="1235" HPOS="573"/>
<String CONTENT="2c." HEIGHT="43" WIDTH="67" VPOS="1235" HPOS="616"/>
<SP HEIGHT="32" WIDTH="40" VPOS="1246" HPOS="684"/>
<String CONTENT="each" HEIGHT="39" WIDTH="117" VPOS="1237" HPOS="725"/>
<SP HEIGHT="38" WIDTH="43" VPOS="1237" HPOS="843"/>
<String CONTENT="Mar." HEIGHT="39" WIDTH="120" VPOS="1237" HPOS="887"/>
<SP HEIGHT="40" WIDTH="40" VPOS="1236" HPOS="1008"/>
<String CONTENT="23;" HEIGHT="47" WIDTH="83" VPOS="1236" HPOS="1049"/>
<SP HEIGHT="37" WIDTH="43" VPOS="1246" HPOS="1133"/>
<String CONTENT="aff." HEIGHT="40" WIDTH="81" VPOS="1236" HPOS="1177"/>
<SP HEIGHT="39" WIDTH="43" VPOS="1237" HPOS="1259"/>
<String CONTENT="Mar." HEIGHT="38" WIDTH="120" VPOS="1237" HPOS="1303"/>
<SP HEIGHT="39" WIDTH="41" VPOS="1236" HPOS="1424"/>
<String CONTENT="21;" HEIGHT="48" WIDTH="82" VPOS="1236" HPOS="1466"/>
<SP HEIGHT="47" WIDTH="40" VPOS="1237" HPOS="1549"/>
<!-- cceid 99A2972F-6E3A-1014-83DD-942C093A1DD9 --><String CONTENT="A" HEIGHT="38" WIDTH="43" VPOS="1237" HPOS="1590"/>
<SP HEIGHT="40" WIDTH="37" VPOS="1236" HPOS="1634"/>
<String CONTENT="92499;" HEIGHT="49" WIDTH="171" VPOS="1235" HPOS="1672"/>
<SP HEIGHT="45" WIDTH="45" VPOS="1239" HPOS="1844"/>
<String CONTENT="Edward" HEIGHT="39" WIDTH="211" VPOS="1238" HPOS="1890"/>
</TextLine>
<TextLine HEIGHT="47" WIDTH="363" VPOS="1294" HPOS="175">
<String CONTENT="Thompson" HEIGHT="47" WIDTH="273" VPOS="1294" HPOS="175"/>
<SP HEIGHT="29" WIDTH="21" VPOS="1304" HPOS="449"/>
<String CONTENT="co." HEIGHT="32" WIDTH="67" VPOS="1303" HPOS="471"/>
</TextLine>
<TextLine HEIGHT="65" WIDTH="847" VPOS="1368" HPOS="104" STYLEREFS="StyleId-30BDB5E1-3A60-4D39-8D74-73E18DE4C0CF-" CS="1">
<String CONTENT="The" HEIGHT="52" WIDTH="121" VPOS="1368" HPOS="104"/>
<SP HEIGHT="53" WIDTH="27" VPOS="1369" HPOS="226"/>
<String CONTENT="Colophon." HEIGHT="63" WIDTH="312" VPOS="1368" HPOS="254"/>
<SP/>
<String CONTENT="(Indexes)" HEIGHT="65" WIDTH="298" VPOS="1368" HPOS="653"/>
</TextLine>
<TextLine HEIGHT="69" WIDTH="1926" VPOS="1445" HPOS="174" STYLEREFS="StyleId-E43D785B-4543-4A97-AC6C-CEAE5EA730EA-" CS="1">
<String CONTENT="Index," HEIGHT="66" WIDTH="202" VPOS="1446" HPOS="174"/>
<SP HEIGHT="62" WIDTH="45" VPOS="1450" HPOS="377"/>
<String CONTENT="the" HEIGHT="51" WIDTH="94" VPOS="1446" HPOS="423"/>
<SP HEIGHT="54" WIDTH="47" VPOS="1446" HPOS="518"/>
<String CONTENT="Colophon," HEIGHT="67" WIDTH="316" VPOS="1445" HPOS="566"/>
<SP HEIGHT="63" WIDTH="48" VPOS="1449" HPOS="883"/>
<String CONTENT="1930-1935," HEIGHT="63" WIDTH="327" VPOS="1448" HPOS="932"/>
<SP HEIGHT="47" WIDTH="45" VPOS="1464" HPOS="1260"/>
<String CONTENT="volumes" HEIGHT="50" WIDTH="249" VPOS="1447" HPOS="1306"/>
<SP HEIGHT="33" WIDTH="47" VPOS="1464" HPOS="1556"/>
<String CS="1" CONTENT="I," HEIGHT="24" WIDTH="11" VPOS="1487" HPOS="1631"/>
<SP HEIGHT="47" WIDTH="44" VPOS="1464" HPOS="1643"/>
<String CS="1" CONTENT="II," HEIGHT="25" WIDTH="11" VPOS="1487" HPOS="1740"/>
<SP HEIGHT="49" WIDTH="43" VPOS="1463" HPOS="1752"/>
<String CS="1" CONTENT="III," HEIGHT="24" WIDTH="11" VPOS="1486" HPOS="1873"/>
<SP HEIGHT="47" WIDTH="41" VPOS="1463" HPOS="1885"/>
<String CS="1" CONTENT="IV," HEIGHT="24" WIDTH="11" VPOS="1489" HPOS="1994"/>
<SP HEIGHT="48" WIDTH="44" VPOS="1465" HPOS="2006"/>
<String CS="1" CONTENT="V," HEIGHT="25" WIDTH="11" VPOS="1489" HPOS="2089"/>
</TextLine>
<TextLine HEIGHT="69" WIDTH="1810" VPOS="1522" HPOS="103" STYLEREFS="StyleId-E43D785B-4543-4A97-AC6C-CEAE5EA730EA-" CS="1">
<String CONTENT="twenty" HEIGHT="61" WIDTH="215" VPOS="1529" HPOS="103"/>
<SP HEIGHT="48" WIDTH="25" VPOS="1542" HPOS="319"/>
<String CONTENT="parts;" HEIGHT="62" WIDTH="186" VPOS="1528" HPOS="345"/>
<SP HEIGHT="48" WIDTH="27" VPOS="1542" HPOS="532"/>
<String CONTENT="with" HEIGHT="52" WIDTH="141" VPOS="1523" HPOS="560"/>
<SP HEIGHT="54" WIDTH="26" VPOS="1523" HPOS="702"/>
<String CONTENT="a" HEIGHT="34" WIDTH="31" VPOS="1543" HPOS="729"/>
<SP HEIGHT="54" WIDTH="24" VPOS="1523" HPOS="761"/>
<String CONTENT="history" HEIGHT="66" WIDTH="220" VPOS="1523" HPOS="786"/>
<SP HEIGHT="47" WIDTH="26" VPOS="1542" HPOS="1007"/>
<String CONTENT="of" HEIGHT="53" WIDTH="63" VPOS="1522" HPOS="1034"/>
<SP HEIGHT="53" WIDTH="25" VPOS="1522" HPOS="1098"/>
<String CONTENT="the" HEIGHT="52" WIDTH="95" VPOS="1523" HPOS="1124"/>
<SP HEIGHT="49" WIDTH="26" VPOS="1541" HPOS="1220"/>
<String CONTENT="quarterly" HEIGHT="65" WIDTH="291" VPOS="1525" HPOS="1247"/>
<SP HEIGHT="66" WIDTH="24" VPOS="1524" HPOS="1539"/>
<String CONTENT="by" HEIGHT="67" WIDTH="74" VPOS="1524" HPOS="1564"/>
<SP HEIGHT="66" WIDTH="26" VPOS="1525" HPOS="1639"/>
<String CONTENT="John" HEIGHT="54" WIDTH="155" VPOS="1524" HPOS="1666"/>
<SP HEIGHT="50" WIDTH="25" VPOS="1525" HPOS="1822"/>
<String CONTENT="T." HEIGHT="53" WIDTH="65" VPOS="1525" HPOS="1848"/>
</TextLine>
<TextLine HEIGHT="144" WIDTH="1996" VPOS="1525" HPOS="104" STYLEREFS="StyleId-E43D785B-4543-4A97-AC6C-CEAE5EA730EA-" CS="1">
<String CONTENT="Winterich" HEIGHT="129" WIDTH="1973" VPOS="1525" HPOS="104"/>
<SP HEIGHT="52" WIDTH="37" VPOS="1602" HPOS="284"/>
<String CONTENT="and" HEIGHT="53" WIDTH="112" VPOS="1601" HPOS="322"/>
<SP HEIGHT="53" WIDTH="36" VPOS="1601" HPOS="435"/>
<String CONTENT="A" HEIGHT="52" WIDTH="55" VPOS="1602" HPOS="472"/>
<SP HEIGHT="53" WIDTH="36" VPOS="1601" HPOS="528"/>
<String CONTENT="listing" HEIGHT="68" WIDTH="202" VPOS="1601" HPOS="565"/>
<SP HEIGHT="49" WIDTH="36" VPOS="1620" HPOS="768"/>
<String CONTENT="of" HEIGHT="54" WIDTH="62" VPOS="1600" HPOS="805"/>
<SP HEIGHT="53" WIDTH="37" VPOS="1600" HPOS="868"/>
<String CONTENT="types" HEIGHT="63" WIDTH="162" VPOS="1606" HPOS="906"/>
<SP HEIGHT="50" WIDTH="39" VPOS="1603" HPOS="1069"/>
<String CONTENT="&amp;" HEIGHT="50" WIDTH="49" VPOS="1603" HPOS="1109"/>
<SP HEIGHT="66" WIDTH="40" VPOS="1603" HPOS="1159"/>
<String CONTENT="papers," HEIGHT="49" WIDTH="223" VPOS="1620" HPOS="1200"/>
<SP HEIGHT="68" WIDTH="35" VPOS="1601" HPOS="1424"/>
<String CONTENT="by" HEIGHT="68" WIDTH="75" VPOS="1601" HPOS="1460"/>
<SP HEIGHT="66" WIDTH="35" VPOS="1603" HPOS="1536"/>
<String CONTENT="Peter" HEIGHT="53" WIDTH="169" VPOS="1603" HPOS="1572"/>
<SP HEIGHT="53" WIDTH="37" VPOS="1603" HPOS="1742"/>
<String CONTENT="Beilenson." HEIGHT="56" WIDTH="320" VPOS="1601" HPOS="1780"/>
</TextLine>
<TextLine HEIGHT="67" WIDTH="1015" VPOS="1680" HPOS="104" STYLEREFS="StyleId-E43D785B-4543-4A97-AC6C-CEAE5EA730EA-">
<String CONTENT="New" HEIGHT="52" WIDTH="138" VPOS="1681" HPOS="104"/>
<SP HEIGHT="51" WIDTH="25" VPOS="1682" HPOS="243"/>
<String CONTENT="York," HEIGHT="66" WIDTH="179" VPOS="1680" HPOS="269"/>
<SP HEIGHT="64" WIDTH="25" VPOS="1682" HPOS="449"/>
<String CONTENT="The" HEIGHT="52" WIDTH="121" VPOS="1680" HPOS="475"/>
<SP HEIGHT="54" WIDTH="27" VPOS="1680" HPOS="597"/>
<String CONTENT="Colophon," HEIGHT="67" WIDTH="315" VPOS="1680" HPOS="625"/>
<SP HEIGHT="62" WIDTH="29" VPOS="1685" HPOS="941"/>
<String CONTENT="1935." HEIGHT="50" WIDTH="148" VPOS="1683" HPOS="971"/>
</TextLine>
<TextLine HEIGHT="49" WIDTH="465" VPOS="1752" HPOS="170" CS="1">
<String CONTENT="47," HEIGHT="45" WIDTH="69" VPOS="1754" HPOS="170"/>
<SP HEIGHT="29" WIDTH="34" VPOS="1772" HPOS="240"/>
<String CONTENT="[137]" HEIGHT="49" WIDTH="112" VPOS="1752" HPOS="275"/>
<SP HEIGHT="38" WIDTH="30" VPOS="1763" HPOS="388"/>
<String CONTENT="p." HEIGHT="37" WIDTH="42" VPOS="1763" HPOS="419"/>
<SP HEIGHT="39" WIDTH="56" VPOS="1752" HPOS="462"/>
<String CONTENT="24" HEIGHT="39" WIDTH="56" VPOS="1752" HPOS="519"/>
<String STYLE="superscript" CS="1" CONTENT="cm" HEIGHT="21" WIDTH="15" VPOS="1754" HPOS="577"/>
<String CONTENT="." HEIGHT="9" WIDTH="9" VPOS="1784" HPOS="626"/>
</TextLine>
<TextLine HEIGHT="51" WIDTH="1927" VPOS="1808" HPOS="175" CS="1">
<String CONTENT="On" HEIGHT="41" WIDTH="70" VPOS="1809" HPOS="175"/>
<SP HEIGHT="29" WIDTH="29" VPOS="1820" HPOS="246"/>
<String CS="1" CONTENT="cover:" HEIGHT="30" WIDTH="141" VPOS="1819" HPOS="276"/>
<SP HEIGHT="38" WIDTH="31" VPOS="1810" HPOS="444"/>
<String CONTENT="Index," HEIGHT="47" WIDTH="166" VPOS="1810" HPOS="476"/>
<SP HEIGHT="37" WIDTH="31" VPOS="1820" HPOS="643"/>
<String CONTENT="original" HEIGHT="49" WIDTH="207" VPOS="1808" HPOS="675"/>
<SP HEIGHT="39" WIDTH="30" VPOS="1810" HPOS="883"/>
<String CONTENT="series," HEIGHT="47" WIDTH="164" VPOS="1808" HPOS="914"/>
<SP HEIGHT="44" WIDTH="30" VPOS="1811" HPOS="1079"/>
<String CONTENT="the" HEIGHT="42" WIDTH="81" VPOS="1809" HPOS="1110"/>
<SP HEIGHT="43" WIDTH="29" VPOS="1808" HPOS="1192"/>
<String CONTENT="Colophon," HEIGHT="49" WIDTH="260" VPOS="1808" HPOS="1222"/>
<SP HEIGHT="48" WIDTH="31" VPOS="1809" HPOS="1483"/>
<String CONTENT="1930-1935," HEIGHT="49" WIDTH="275" VPOS="1808" HPOS="1515"/>
<SP HEIGHT="36" WIDTH="30" VPOS="1821" HPOS="1791"/>
<String CONTENT="volumes" HEIGHT="41" WIDTH="216" VPOS="1810" HPOS="1822"/>
<SP HEIGHT="31" WIDTH="30" VPOS="1820" HPOS="2039"/>
<String CS="1" CONTENT="I," HEIGHT="16" WIDTH="8" VPOS="1843" HPOS="2094"/>
</TextLine>
<TextLine HEIGHT="38" WIDTH="331" VPOS="1875" HPOS="102" CS="1">
<String CONTENT="II," HEIGHT="37" WIDTH="51" VPOS="1876" HPOS="102"/>
<SP HEIGHT="37" WIDTH="32" VPOS="1876" HPOS="154"/>
<String CS="1" CONTENT="III," HEIGHT="15" WIDTH="8" VPOS="1898" HPOS="251"/>
<SP HEIGHT="38" WIDTH="33" VPOS="1875" HPOS="260"/>
<String CS="1" CONTENT="IV." HEIGHT="10" WIDTH="7" VPOS="1898" HPOS="350"/>
<SP HEIGHT="31" WIDTH="32" VPOS="1877" HPOS="358"/>
<String CS="1" CONTENT="V." HEIGHT="7" WIDTH="7" VPOS="1898" HPOS="426"/>
</TextLine>
<TextLine HEIGHT="49" WIDTH="1926" VPOS="1921" HPOS="178" CS="1">
<String CONTENT="&#8220;The" HEIGHT="40" WIDTH="128" VPOS="1922" HPOS="178"/>
<SP HEIGHT="36" WIDTH="32" VPOS="1933" HPOS="307"/>
<String CONTENT="printing" HEIGHT="49" WIDTH="219" VPOS="1921" HPOS="340"/>
<SP HEIGHT="38" WIDTH="27" VPOS="1932" HPOS="560"/>
<String CONTENT="of" HEIGHT="39" WIDTH="53" VPOS="1922" HPOS="588"/>
<SP HEIGHT="39" WIDTH="29" VPOS="1922" HPOS="642"/>
<String CONTENT="1250" HEIGHT="40" WIDTH="114" VPOS="1921" HPOS="672"/>
<SP HEIGHT="31" WIDTH="30" VPOS="1930" HPOS="790"/>
<String CONTENT="copies" HEIGHT="49" WIDTH="157" VPOS="1921" HPOS="821"/>
<SP HEIGHT="29" WIDTH="33" VPOS="1932" HPOS="979"/>
<String CONTENT="of" HEIGHT="40" WIDTH="54" VPOS="1921" HPOS="1013"/>
<SP HEIGHT="40" WIDTH="29" VPOS="1921" HPOS="1068"/>
<String CONTENT="the" HEIGHT="39" WIDTH="84" VPOS="1922" HPOS="1098"/>
<SP HEIGHT="38" WIDTH="31" VPOS="1922" HPOS="1183"/>
<String CONTENT="Index" HEIGHT="39" WIDTH="153" VPOS="1922" HPOS="1215"/>
<SP HEIGHT="29" WIDTH="32" VPOS="1933" HPOS="1369"/>
<String CS="1" CONTENT="&#8230;"/>
<SP HEIGHT="28" WIDTH="35" VPOS="1934" HPOS="1450"/>
<String CONTENT="was" HEIGHT="30" WIDTH="101" VPOS="1932" HPOS="1486"/>
<SP HEIGHT="30" WIDTH="34" VPOS="1932" HPOS="1588"/>
<String CONTENT="completed" HEIGHT="47" WIDTH="266" VPOS="1922" HPOS="1623"/>
<SP HEIGHT="40" WIDTH="33" VPOS="1923" HPOS="1890"/>
<String CONTENT="by" HEIGHT="46" WIDTH="61" VPOS="1924" HPOS="1924"/>
<SP HEIGHT="45" WIDTH="34" VPOS="1925" HPOS="1986"/>
<String CONTENT="the" HEIGHT="39" WIDTH="83" VPOS="1924" HPOS="2021"/>
</TextLine>
<TextLine HEIGHT="49" WIDTH="1155" VPOS="1977" HPOS="105" CS="1">
<String CONTENT="Pynson" HEIGHT="46" WIDTH="191" VPOS="1980" HPOS="105"/>
<SP HEIGHT="37" WIDTH="30" VPOS="1989" HPOS="297"/>
<String CONTENT="printers" HEIGHT="47" WIDTH="212" VPOS="1979" HPOS="328"/>
<SP HEIGHT="39" WIDTH="30" VPOS="1979" HPOS="541"/>
<String CONTENT="in" HEIGHT="38" WIDTH="49" VPOS="1979" HPOS="572"/>
<SP HEIGHT="38" WIDTH="30" VPOS="1979" HPOS="622"/>
<String CONTENT="December" HEIGHT="40" WIDTH="264" VPOS="1978" HPOS="653"/>
<SP HEIGHT="29" WIDTH="30" VPOS="1988" HPOS="918"/>
<String CONTENT="mcm" HEIGHT="30" WIDTH="117" VPOS="1988" HPOS="949"/>
<SP HEIGHT="29" WIDTH="16" VPOS="1988" HPOS="1067"/>
<String CS="1" CONTENT="XXXV.&#8221;" HEIGHT="39" WIDTH="38" VPOS="1977" HPOS="1222"/>
</TextLine>
<TextLine HEIGHT="48" WIDTH="1044" VPOS="2034" HPOS="177">
<String CONTENT="Compiled" HEIGHT="47" WIDTH="246" VPOS="2035" HPOS="177"/>
<SP HEIGHT="38" WIDTH="27" VPOS="2036" HPOS="424"/>
<String CONTENT="by" HEIGHT="46" WIDTH="60" VPOS="2036" HPOS="452"/>
<SP HEIGHT="46" WIDTH="27" VPOS="2036" HPOS="513"/>
<String CONTENT="H." HEIGHT="38" WIDTH="59" VPOS="2036" HPOS="541"/>
<SP HEIGHT="39" WIDTH="27" VPOS="2035" HPOS="601"/>
<String CONTENT="A." HEIGHT="40" WIDTH="55" VPOS="2035" HPOS="629"/>
<SP HEIGHT="39" WIDTH="30" VPOS="2036" HPOS="685"/>
<String CONTENT="Mattice." HEIGHT="41" WIDTH="213" VPOS="2034" HPOS="716"/>
<SP HEIGHT="30" WIDTH="58" VPOS="2045" HPOS="930"/>
<String CONTENT="of." HEIGHT="46" WIDTH="61" VPOS="2035" HPOS="989"/>
<SP HEIGHT="37" WIDTH="28" VPOS="2045" HPOS="1051"/>
<String CONTENT="p." HEIGHT="37" WIDTH="41" VPOS="2045" HPOS="1080"/>
<SP HEIGHT="38" WIDTH="29" VPOS="2035" HPOS="1122"/>
<String CONTENT="16." HEIGHT="41" WIDTH="69" VPOS="2034" HPOS="1152"/>
</TextLine>
<TextLine HEIGHT="52" WIDTH="1997" VPOS="2088" HPOS="105">
<String CONTENT="&#169;" HEIGHT="52" WIDTH="52" VPOS="2088" HPOS="105"/>
<SP HEIGHT="52" WIDTH="29" VPOS="2088" HPOS="158"/>
<String CONTENT="Dec." HEIGHT="39" WIDTH="111" VPOS="2093" HPOS="188"/>
<SP HEIGHT="40" WIDTH="30" VPOS="2092" HPOS="300"/>
<String CONTENT="30," HEIGHT="46" WIDTH="68" VPOS="2092" HPOS="331"/>
<SP HEIGHT="45" WIDTH="28" VPOS="2093" HPOS="400"/>
<String CONTENT="1935;" HEIGHT="48" WIDTH="140" VPOS="2090" HPOS="429"/>
<SP HEIGHT="47" WIDTH="32" VPOS="2091" HPOS="570"/>
<String CONTENT="2c." HEIGHT="40" WIDTH="68" VPOS="2091" HPOS="603"/>
<SP HEIGHT="29" WIDTH="31" VPOS="2102" HPOS="672"/>
<String CONTENT="and" HEIGHT="39" WIDTH="99" VPOS="2092" HPOS="704"/>
<SP HEIGHT="39" WIDTH="27" VPOS="2092" HPOS="804"/>
<String CONTENT="aff." HEIGHT="41" WIDTH="82" VPOS="2090" HPOS="832"/>
<SP HEIGHT="40" WIDTH="32" VPOS="2091" HPOS="915"/>
<String CONTENT="Jan." HEIGHT="39" WIDTH="109" VPOS="2091" HPOS="948"/>
<SP HEIGHT="38" WIDTH="30" VPOS="2091" HPOS="1058"/>
<String CONTENT="29," HEIGHT="50" WIDTH="69" VPOS="2089" HPOS="1089"/>
<SP HEIGHT="48" WIDTH="32" VPOS="2091" HPOS="1159"/>
<String CONTENT="1936;" HEIGHT="48" WIDTH="140" VPOS="2089" HPOS="1192"/>
<SP HEIGHT="46" WIDTH="34" VPOS="2091" HPOS="1333"/>
<!-- cceid 99A33C6F-6E3A-1014-83DD-942C093A1DD9 --><String CONTENT="A" HEIGHT="38" WIDTH="40" VPOS="2091" HPOS="1368"/>
<SP HEIGHT="39" WIDTH="30" VPOS="2090" HPOS="1409"/>
<String CONTENT="91526;" HEIGHT="48" WIDTH="171" VPOS="2090" HPOS="1440"/>
<SP HEIGHT="46" WIDTH="35" VPOS="2092" HPOS="1612"/>
<String CONTENT="Pynson" HEIGHT="47" WIDTH="192" VPOS="2092" HPOS="1648"/>
<SP HEIGHT="37" WIDTH="32" VPOS="2103" HPOS="1841"/>
<String CONTENT="printers," HEIGHT="48" WIDTH="228" VPOS="2092" HPOS="1874"/>
</TextLine>
<TextLine HEIGHT="54" WIDTH="829" VPOS="2142" HPOS="173">
<String CONTENT="inc.," HEIGHT="46" WIDTH="104" VPOS="2148" HPOS="173"/>
<SP HEIGHT="45" WIDTH="34" VPOS="2149" HPOS="278"/>
<String CONTENT="New" HEIGHT="39" WIDTH="116" VPOS="2149" HPOS="313"/>
<SP HEIGHT="39" WIDTH="32" VPOS="2149" HPOS="430"/>
<String CONTENT="York." HEIGHT="39" WIDTH="145" VPOS="2149" HPOS="463"/>
<SP HEIGHT="48" WIDTH="73" VPOS="2148" HPOS="609"/>
<String CONTENT="(30-6701" HEIGHT="49" WIDTH="225" VPOS="2147" HPOS="683"/>
<SP HEIGHT="39" WIDTH="17" VPOS="2148" HPOS="909"/>
<String CONTENT="x" HEIGHT="27" WIDTH="30" VPOS="2159" HPOS="927"/>
<String STYLE="superscript" CONTENT="1" HEIGHT="27" WIDTH="16" VPOS="2142" HPOS="961"/>
<String CONTENT=")" HEIGHT="47" WIDTH="15" VPOS="2147" HPOS="987"/>
</TextLine>
<TextLine HEIGHT="65" WIDTH="425" VPOS="2224" HPOS="104" STYLEREFS="StyleId-30BDB5E1-3A60-4D39-8D74-73E18DE4C0CF-">
<String CONTENT="Cooper," HEIGHT="65" WIDTH="238" VPOS="2224" HPOS="104"/>
<SP HEIGHT="65" WIDTH="25" VPOS="2224" HPOS="343"/>
<String CONTENT="Duff." HEIGHT="55" WIDTH="160" VPOS="2224" HPOS="369"/>
</TextLine>
<TextLine HEIGHT="68" WIDTH="1253" VPOS="2301" HPOS="172" STYLEREFS="StyleId-E43D785B-4543-4A97-AC6C-CEAE5EA730EA-" CS="1">
<String CONTENT="Haig" HEIGHT="68" WIDTH="161" VPOS="2301" HPOS="172"/>
<SP HEIGHT="49" WIDTH="22" VPOS="2320" HPOS="334"/>
<String CONTENT="speaks." HEIGHT="67" WIDTH="217" VPOS="2301" HPOS="357"/>
<SP HEIGHT="33" WIDTH="79" VPOS="2335" HPOS="575"/>
<String CS="1" CONTENT="[pt." HEIGHT="63" WIDTH="81" VPOS="2305" HPOS="673"/>
<SP HEIGHT="50" WIDTH="26" VPOS="2304" HPOS="755"/>
<String CS="1" CONTENT="2]" HEIGHT="48" WIDTH="32" VPOS="2304" HPOS="782"/>
<SP HEIGHT="65" WIDTH="77" VPOS="2302" HPOS="833"/>
<String CONTENT="Instalments" HEIGHT="51" WIDTH="370" VPOS="2302" HPOS="911"/>
<SP HEIGHT="49" WIDTH="27" VPOS="2304" HPOS="1282"/>
<String CONTENT="6-9." HEIGHT="50" WIDTH="115" VPOS="2304" HPOS="1310"/>
</TextLine>
<TextLine HEIGHT="52" WIDTH="1500" VPOS="2370" HPOS="183" STYLEREFS="StyleId-1081648F-5149-45B8-B0B8-33B928BDEF25-">
<String CONTENT="(In" HEIGHT="47" WIDTH="77" VPOS="2374" HPOS="183"/>
<SP HEIGHT="42" WIDTH="29" VPOS="2371" HPOS="261"/>
<String CONTENT="London" HEIGHT="43" WIDTH="200" VPOS="2371" HPOS="291"/>
<SP HEIGHT="43" WIDTH="25" VPOS="2371" HPOS="492"/>
<String CONTENT="Sunday" HEIGHT="51" WIDTH="202" VPOS="2371" HPOS="518"/>
<SP HEIGHT="37" WIDTH="26" VPOS="2385" HPOS="721"/>
<String CONTENT="pictorial," HEIGHT="52" WIDTH="243" VPOS="2370" HPOS="748"/>
<SP HEIGHT="50" WIDTH="26" VPOS="2371" HPOS="992"/>
<String CONTENT="Mar." HEIGHT="43" WIDTH="125" VPOS="2371" HPOS="1019"/>
<SP HEIGHT="41" WIDTH="26" VPOS="2373" HPOS="1145"/>
<String CONTENT="8," HEIGHT="48" WIDTH="40" VPOS="2373" HPOS="1172"/>
<SP HEIGHT="48" WIDTH="28" VPOS="2373" HPOS="1213"/>
<String CONTENT="15," HEIGHT="48" WIDTH="70" VPOS="2373" HPOS="1242"/>
<SP HEIGHT="48" WIDTH="25" VPOS="2373" HPOS="1313"/>
<String CONTENT="22," HEIGHT="48" WIDTH="71" VPOS="2373" HPOS="1339"/>
<SP HEIGHT="49" WIDTH="27" VPOS="2372" HPOS="1411"/>
<String CONTENT="29," HEIGHT="49" WIDTH="72" VPOS="2372" HPOS="1439"/>
<SP HEIGHT="49" WIDTH="27" VPOS="2372" HPOS="1512"/>
<String CONTENT="1936)" HEIGHT="49" WIDTH="143" VPOS="2371" HPOS="1540"/>
</TextLine>
<TextLine HEIGHT="66" WIDTH="1967" VPOS="2414" HPOS="104" CS="1">
<String CONTENT="&#169;" HEIGHT="53" WIDTH="53" VPOS="2427" HPOS="104"/>
<SP/>
<String CS="1" CONTENT="1c."/>
<SP HEIGHT="31" WIDTH="36" VPOS="2442" HPOS="258"/>
<String CONTENT="each" HEIGHT="38" WIDTH="117" VPOS="2433" HPOS="295"/>
<SP HEIGHT="37" WIDTH="38" VPOS="2432" HPOS="413"/>
<String CONTENT="May" HEIGHT="46" WIDTH="112" VPOS="2432" HPOS="452"/>
<SP HEIGHT="46" WIDTH="35" VPOS="2432" HPOS="565"/>
<String CONTENT="2," HEIGHT="46" WIDTH="39" VPOS="2432" HPOS="601"/>
<SP HEIGHT="46" WIDTH="38" VPOS="2432" HPOS="641"/>
<String CONTENT="1936;" HEIGHT="46" WIDTH="139" VPOS="2431" HPOS="680"/>
<SP HEIGHT="45" WIDTH="40" VPOS="2432" HPOS="820"/>
<!-- cceid 99A3E4A0-6E3A-1014-83DD-942C093A1DD9 --><String CONTENT="A" HEIGHT="37" WIDTH="40" VPOS="2432" HPOS="861"/>
<SP HEIGHT="38" WIDTH="37" VPOS="2432" HPOS="902"/>
<String CONTENT="ad" HEIGHT="38" WIDTH="60" VPOS="2432" HPOS="940"/>
<SP HEIGHT="39" WIDTH="39" VPOS="2431" HPOS="1001"/>
<String CS="1" CONTENT="int." HEIGHT="39" WIDTH="71" VPOS="2431" HPOS="1041"/>
<SP HEIGHT="56" WIDTH="32" VPOS="2414" HPOS="1130"/>
<String CONTENT="21378;" HEIGHT="47" WIDTH="171" VPOS="2430" HPOS="1163"/>
<SP HEIGHT="37" WIDTH="40" VPOS="2441" HPOS="1335"/>
<String CONTENT="pubd." HEIGHT="47" WIDTH="142" VPOS="2431" HPOS="1376"/>
<SP HEIGHT="42" WIDTH="38" VPOS="2431" HPOS="1519"/>
<String CONTENT="Mar." HEIGHT="38" WIDTH="120" VPOS="2431" HPOS="1558"/>
<SP HEIGHT="39" WIDTH="39" VPOS="2430" HPOS="1679"/>
<String CONTENT="8," HEIGHT="47" WIDTH="39" VPOS="2430" HPOS="1719"/>
<SP HEIGHT="45" WIDTH="38" VPOS="2432" HPOS="1759"/>
<String CONTENT="15," HEIGHT="49" WIDTH="68" VPOS="2430" HPOS="1798"/>
<SP HEIGHT="49" WIDTH="36" VPOS="2430" HPOS="1867"/>
<String CONTENT="22," HEIGHT="48" WIDTH="71" VPOS="2430" HPOS="1904"/>
<SP HEIGHT="47" WIDTH="38" VPOS="2431" HPOS="1976"/>
<String CS="1" CONTENT="29;" HEIGHT="40" WIDTH="56" VPOS="2430" HPOS="2015"/>
</TextLine>
<TextLine HEIGHT="49" WIDTH="781" VPOS="2487" HPOS="172">
<String CONTENT="Alfred" HEIGHT="39" WIDTH="171" VPOS="2489" HPOS="172"/>
<SP HEIGHT="39" WIDTH="26" VPOS="2489" HPOS="344"/>
<String CONTENT="Duff" HEIGHT="40" WIDTH="118" VPOS="2487" HPOS="371"/>
<SP HEIGHT="41" WIDTH="24" VPOS="2487" HPOS="490"/>
<String CONTENT="Cooper," HEIGHT="48" WIDTH="197" VPOS="2488" HPOS="515"/>
<SP HEIGHT="48" WIDTH="27" VPOS="2488" HPOS="713"/>
<String CONTENT="London." HEIGHT="39" WIDTH="212" VPOS="2488" HPOS="741"/>
</TextLine>
<TextLine HEIGHT="68" WIDTH="913" VPOS="2562" HPOS="107" STYLEREFS="StyleId-30BDB5E1-3A60-4D39-8D74-73E18DE4C0CF-">
<String CONTENT="[Davids," HEIGHT="68" WIDTH="258" VPOS="2562" HPOS="107"/>
<SP HEIGHT="62" WIDTH="26" VPOS="2565" HPOS="366"/>
<String CONTENT="Berkeley" HEIGHT="63" WIDTH="288" VPOS="2564" HPOS="393"/>
<SP HEIGHT="62" WIDTH="24" VPOS="2565" HPOS="682"/>
<String CONTENT="Reynolds]" HEIGHT="67" WIDTH="313" VPOS="2563" HPOS="707"/>
</TextLine>
<TextLine HEIGHT="67" WIDTH="1926" VPOS="2640" HPOS="173" STYLEREFS="StyleId-E43D785B-4543-4A97-AC6C-CEAE5EA730EA-">
<String CONTENT="New" HEIGHT="51" WIDTH="138" VPOS="2642" HPOS="173"/>
<SP HEIGHT="51" WIDTH="43" VPOS="2642" HPOS="312"/>
<String CONTENT="York" HEIGHT="52" WIDTH="162" VPOS="2641" HPOS="356"/>
<SP HEIGHT="51" WIDTH="43" VPOS="2641" HPOS="519"/>
<String CONTENT="law" HEIGHT="51" WIDTH="110" VPOS="2641" HPOS="563"/>
<SP HEIGHT="34" WIDTH="44" VPOS="2658" HPOS="674"/>
<String CONTENT="of" HEIGHT="51" WIDTH="62" VPOS="2641" HPOS="719"/>
<SP HEIGHT="51" WIDTH="44" VPOS="2641" HPOS="782"/>
<String CONTENT="wills." HEIGHT="53" WIDTH="163" VPOS="2640" HPOS="827"/>
<SP HEIGHT="48" WIDTH="75" VPOS="2644" HPOS="991"/>
<String CONTENT="1935" HEIGHT="49" WIDTH="130" VPOS="2643" HPOS="1067"/>
<SP HEIGHT="48" WIDTH="49" VPOS="2643" HPOS="1198"/>
<String CONTENT="cumulative" HEIGHT="53" WIDTH="342" VPOS="2640" HPOS="1248"/>
<SP HEIGHT="34" WIDTH="47" VPOS="2659" HPOS="1591"/>
<String CONTENT="annual" HEIGHT="49" WIDTH="210" VPOS="2643" HPOS="1639"/>
<SP HEIGHT="64" WIDTH="45" VPOS="2643" HPOS="1850"/>
<String CONTENT="pocket" HEIGHT="67" WIDTH="203" VPOS="2640" HPOS="1896"/>
</TextLine>
<TextLine HEIGHT="145" WIDTH="1970" VPOS="2718" HPOS="102" STYLEREFS="StyleId-E43D785B-4543-4A97-AC6C-CEAE5EA730EA-" CS="1">
<String CONTENT="parts" HEIGHT="62" WIDTH="159" VPOS="2724" HPOS="103"/>
<SP HEIGHT="54" WIDTH="33" VPOS="2718" HPOS="263"/>
<String CONTENT="for" HEIGHT="54" WIDTH="92" VPOS="2718" HPOS="297"/>
<SP HEIGHT="34" WIDTH="29" VPOS="2737" HPOS="390"/>
<String CONTENT="volumes" HEIGHT="53" WIDTH="251" VPOS="2719" HPOS="420"/>
<SP HEIGHT="49" WIDTH="35" VPOS="2722" HPOS="672"/>
<String CONTENT="1-2" HEIGHT="49" WIDTH="98" VPOS="2721" HPOS="708"/>
<SP HEIGHT="48" WIDTH="39" VPOS="2721" HPOS="807"/>
<String CS="1" CONTENT="&#8230;"/>
<SP HEIGHT="50" WIDTH="78" VPOS="2720" HPOS="903"/>
<String CONTENT="Brooklyn," HEIGHT="67" WIDTH="311" VPOS="2718" HPOS="982"/>
<SP HEIGHT="65" WIDTH="33" VPOS="2719" HPOS="1294"/>
<String LANG="fr" CONTENT="N." HEIGHT="51" WIDTH="68" VPOS="2719" HPOS="1328"/>
<SP HEIGHT="50" WIDTH="36" VPOS="2720" HPOS="1397"/>
<String CONTENT="Y.," HEIGHT="65" WIDTH="89" VPOS="2720" HPOS="1434"/>
<SP HEIGHT="65" WIDTH="35" VPOS="2720" HPOS="1524"/>
<String CONTENT="Edward" HEIGHT="51" WIDTH="252" VPOS="2719" HPOS="1560"/>
<SP HEIGHT="51" WIDTH="34" VPOS="2719" HPOS="1813"/>
<String CONTENT="Thompson" HEIGHT="132" WIDTH="1970" VPOS="2718" HPOS="102"/>
<SP HEIGHT="33" WIDTH="26" VPOS="2815" HPOS="203"/>
<String CONTENT="company" HEIGHT="48" WIDTH="277" VPOS="2815" HPOS="230"/>
<SP HEIGHT="46" WIDTH="30" VPOS="2817" HPOS="508"/>
<String CONTENT="[" HEIGHT="33" WIDTH="12" VPOS="2830" HPOS="539"/>
<String STYLE="superscript" CONTENT="c" HEIGHT="20" WIDTH="17" VPOS="2803" HPOS="557"/>
<String CONTENT="1936]" HEIGHT="63" WIDTH="152" VPOS="2800" HPOS="580"/>
</TextLine>
<TextLine HEIGHT="42" WIDTH="299" VPOS="2868" HPOS="172" CS="1">
<String CONTENT="2" HEIGHT="40" WIDTH="28" VPOS="2868" HPOS="172"/>
<SP HEIGHT="42" WIDTH="25" VPOS="2868" HPOS="201"/>
<String CONTENT="v." HEIGHT="29" WIDTH="43" VPOS="2881" HPOS="227"/>
<SP HEIGHT="41" WIDTH="55" VPOS="2869" HPOS="271"/>
<String CS="1" CONTENT="22&#189;" HEIGHT="40" WIDTH="54" VPOS="2868" HPOS="327"/>
<String STYLE="superscript" CONTENT="cm" HEIGHT="22" WIDTH="43" VPOS="2871" HPOS="414"/>
<String CONTENT="." HEIGHT="8" WIDTH="8" VPOS="2902" HPOS="463"/>
</TextLine>
<TextLine HEIGHT="48" WIDTH="1925" VPOS="2925" HPOS="176">
<String CONTENT="These" HEIGHT="40" WIDTH="156" VPOS="2927" HPOS="176"/>
<SP HEIGHT="36" WIDTH="26" VPOS="2937" HPOS="333"/>
<String CONTENT="pamphlets" HEIGHT="46" WIDTH="272" VPOS="2927" HPOS="360"/>
<SP HEIGHT="28" WIDTH="30" VPOS="2937" HPOS="633"/>
<String CONTENT="are" HEIGHT="30" WIDTH="83" VPOS="2937" HPOS="664"/>
<SP HEIGHT="39" WIDTH="30" VPOS="2928" HPOS="748"/>
<String CONTENT="to" HEIGHT="38" WIDTH="48" VPOS="2928" HPOS="779"/>
<SP HEIGHT="39" WIDTH="30" VPOS="2926" HPOS="828"/>
<String CONTENT="be" HEIGHT="39" WIDTH="58" VPOS="2926" HPOS="859"/>
<SP HEIGHT="40" WIDTH="24" VPOS="2925" HPOS="918"/>
<String CONTENT="fitted" HEIGHT="40" WIDTH="136" VPOS="2925" HPOS="943"/>
<SP HEIGHT="39" WIDTH="30" VPOS="2926" HPOS="1080"/>
<String CONTENT="into" HEIGHT="39" WIDTH="101" VPOS="2926" HPOS="1111"/>
<SP HEIGHT="37" WIDTH="31" VPOS="2929" HPOS="1213"/>
<String CONTENT="the" HEIGHT="40" WIDTH="83" VPOS="2926" HPOS="1245"/>
<SP HEIGHT="37" WIDTH="27" VPOS="2936" HPOS="1329"/>
<String CONTENT="pockets" HEIGHT="47" WIDTH="195" VPOS="2926" HPOS="1357"/>
<SP HEIGHT="29" WIDTH="31" VPOS="2936" HPOS="1553"/>
<String CONTENT="at" HEIGHT="38" WIDTH="51" VPOS="2927" HPOS="1585"/>
<SP HEIGHT="38" WIDTH="30" VPOS="2927" HPOS="1637"/>
<String CONTENT="the" HEIGHT="39" WIDTH="82" VPOS="2926" HPOS="1668"/>
<SP HEIGHT="40" WIDTH="28" VPOS="2925" HPOS="1751"/>
<String CONTENT="back" HEIGHT="40" WIDTH="122" VPOS="2925" HPOS="1780"/>
<SP HEIGHT="38" WIDTH="30" VPOS="2926" HPOS="1903"/>
<String CONTENT="of" HEIGHT="39" WIDTH="55" VPOS="2925" HPOS="1934"/>
<SP HEIGHT="40" WIDTH="27" VPOS="2925" HPOS="1990"/>
<String CONTENT="the" HEIGHT="40" WIDTH="83" VPOS="2925" HPOS="2018"/>
</TextLine>
<TextLine HEIGHT="46" WIDTH="1118" VPOS="2983" HPOS="102">
<String CONTENT="volumes" HEIGHT="39" WIDTH="215" VPOS="2984" HPOS="102"/>
<SP HEIGHT="29" WIDTH="26" VPOS="2994" HPOS="318"/>
<String CONTENT="of" HEIGHT="39" WIDTH="53" VPOS="2983" HPOS="345"/>
<SP HEIGHT="40" WIDTH="23" VPOS="2983" HPOS="399"/>
<String CONTENT="the" HEIGHT="39" WIDTH="81" VPOS="2984" HPOS="423"/>
<SP HEIGHT="28" WIDTH="22" VPOS="2994" HPOS="505"/>
<String CONTENT="set" HEIGHT="37" WIDTH="77" VPOS="2986" HPOS="528"/>
<SP HEIGHT="38" WIDTH="25" VPOS="2985" HPOS="606"/>
<String CONTENT="to" HEIGHT="38" WIDTH="49" VPOS="2985" HPOS="632"/>
<SP HEIGHT="29" WIDTH="27" VPOS="2994" HPOS="682"/>
<String CONTENT="which" HEIGHT="39" WIDTH="158" VPOS="2983" HPOS="710"/>
<SP HEIGHT="39" WIDTH="26" VPOS="2983" HPOS="869"/>
<String CONTENT="they" HEIGHT="46" WIDTH="115" VPOS="2983" HPOS="896"/>
<SP HEIGHT="46" WIDTH="25" VPOS="2983" HPOS="1012"/>
<String CONTENT="belong." HEIGHT="46" WIDTH="182" VPOS="2983" HPOS="1038"/>
</TextLine>
<TextLine HEIGHT="100" WIDTH="1980" VPOS="3036" HPOS="105" CS="1">
<String CONTENT="&#169;" HEIGHT="52" WIDTH="52" VPOS="3036" HPOS="105"/>
<SP HEIGHT="52" WIDTH="23" VPOS="3036" HPOS="158"/>
<String CONTENT="Feb." HEIGHT="40" WIDTH="108" VPOS="3040" HPOS="182"/>
<SP HEIGHT="39" WIDTH="23" VPOS="3041" HPOS="291"/>
<String CONTENT="7," HEIGHT="46" WIDTH="39" VPOS="3041" HPOS="315"/>
<SP HEIGHT="46" WIDTH="22" VPOS="3041" HPOS="355"/>
<String CS="1" CONTENT="1936;" HEIGHT="39" WIDTH="112" VPOS="3040" HPOS="378"/>
<SP HEIGHT="47" WIDTH="25" VPOS="3039" HPOS="518"/>
<String CONTENT="2c." HEIGHT="41" WIDTH="67" VPOS="3039" HPOS="544"/>
<SP HEIGHT="29" WIDTH="23" VPOS="3052" HPOS="612"/>
<String CONTENT="each" HEIGHT="41" WIDTH="117" VPOS="3040" HPOS="636"/>
<SP HEIGHT="38" WIDTH="24" VPOS="3040" HPOS="754"/>
<String CONTENT="Mar." HEIGHT="39" WIDTH="121" VPOS="3040" HPOS="779"/>
<SP HEIGHT="41" WIDTH="23" VPOS="3038" HPOS="901"/>
<String CS="1" CONTENT="23;" HEIGHT="40" WIDTH="55" VPOS="3038" HPOS="925"/>
<SP HEIGHT="36" WIDTH="26" VPOS="3049" HPOS="1008"/>
<String CONTENT="aff." HEIGHT="41" WIDTH="81" VPOS="3038" HPOS="1035"/>
<SP HEIGHT="39" WIDTH="24" VPOS="3040" HPOS="1117"/>
<String CONTENT="Mar." HEIGHT="38" WIDTH="119" VPOS="3040" HPOS="1142"/>
<SP HEIGHT="40" WIDTH="25" VPOS="3038" HPOS="1262"/>
<String CS="1" CONTENT="21;" HEIGHT="39" WIDTH="53" VPOS="3038" HPOS="1288"/>
<SP HEIGHT="45" WIDTH="27" VPOS="3039" HPOS="1370"/>
<!-- cceid 99A491C3-6E3A-1014-83DD-942C093A1DD9 --><String CONTENT="A" HEIGHT="38" WIDTH="39" VPOS="3039" HPOS="1398"/>
<SP HEIGHT="40" WIDTH="22" VPOS="3037" HPOS="1438"/>
<String CS="1" CONTENT="92500;" HEIGHT="41" WIDTH="143" VPOS="3037" HPOS="1461"/>
<SP HEIGHT="45" WIDTH="28" VPOS="3040" HPOS="1632"/>
<String CONTENT="Edward" HEIGHT="39" WIDTH="210" VPOS="3039" HPOS="1661"/>
<SP HEIGHT="39" WIDTH="24" VPOS="3039" HPOS="1872"/>
<String CONTENT="Thompson" HEIGHT="97" WIDTH="1910" VPOS="3039" HPOS="175"/>
<SP HEIGHT="29" WIDTH="23" VPOS="3107" HPOS="260"/>
<String CONTENT="co." HEIGHT="29" WIDTH="66" VPOS="3107" HPOS="284"/>
</TextLine>
<TextLine HEIGHT="64" WIDTH="850" VPOS="3172" HPOS="104" STYLEREFS="StyleId-30BDB5E1-3A60-4D39-8D74-73E18DE4C0CF-" CS="1">
<String CONTENT="D&#8217;Erlanger," HEIGHT="64" WIDTH="381" VPOS="3172" HPOS="104"/>
<SP HEIGHT="64" WIDTH="28" VPOS="3172" HPOS="486"/>
<String CONTENT="Harry," HEIGHT="64" WIDTH="218" VPOS="3172" HPOS="515"/>
<SP HEIGHT="64" WIDTH="28" VPOS="3172" HPOS="734"/>
<String CS="1" CONTENT="baron." HEIGHT="35" WIDTH="154" VPOS="3189" HPOS="800"/>
</TextLine>
<TextLine HEIGHT="70" WIDTH="1923" VPOS="3245" HPOS="172" STYLEREFS="StyleId-E43D785B-4543-4A97-AC6C-CEAE5EA730EA-">
<String CONTENT="The" HEIGHT="52" WIDTH="122" VPOS="3247" HPOS="172"/>
<SP HEIGHT="51" WIDTH="41" VPOS="3248" HPOS="295"/>
<String CONTENT="last" HEIGHT="51" WIDTH="109" VPOS="3248" HPOS="337"/>
<SP HEIGHT="63" WIDTH="41" VPOS="3251" HPOS="447"/>
<String CONTENT="plague" HEIGHT="68" WIDTH="208" VPOS="3247" HPOS="489"/>
<SP HEIGHT="34" WIDTH="44" VPOS="3265" HPOS="698"/>
<String CONTENT="of" HEIGHT="53" WIDTH="64" VPOS="3246" HPOS="743"/>
<SP HEIGHT="53" WIDTH="41" VPOS="3246" HPOS="808"/>
<String CONTENT="Egypt," HEIGHT="68" WIDTH="217" VPOS="3247" HPOS="850"/>
<SP HEIGHT="69" WIDTH="42" VPOS="3246" HPOS="1068"/>
<String CONTENT="by" HEIGHT="69" WIDTH="75" VPOS="3246" HPOS="1111"/>
<SP HEIGHT="68" WIDTH="44" VPOS="3247" HPOS="1187"/>
<String CONTENT="Baron" HEIGHT="52" WIDTH="193" VPOS="3247" HPOS="1232"/>
<SP HEIGHT="53" WIDTH="45" VPOS="3246" HPOS="1426"/>
<String CONTENT="Harry" HEIGHT="69" WIDTH="199" VPOS="3246" HPOS="1472"/>
<SP HEIGHT="69" WIDTH="43" VPOS="3246" HPOS="1672"/>
<String CONTENT="D&#8217;Erlanger." HEIGHT="68" WIDTH="379" VPOS="3245" HPOS="1716"/>
</TextLine>
<TextLine HEIGHT="69" WIDTH="1574" VPOS="3323" HPOS="104" STYLEREFS="StyleId-E43D785B-4543-4A97-AC6C-CEAE5EA730EA-" CS="1">
<String CONTENT="London," HEIGHT="68" WIDTH="257" VPOS="3324" HPOS="104"/>
<SP HEIGHT="67" WIDTH="29" VPOS="3325" HPOS="362"/>
<String CONTENT="L." HEIGHT="51" WIDTH="64" VPOS="3325" HPOS="392"/>
<SP HEIGHT="51" WIDTH="33" VPOS="3325" HPOS="457"/>
<String CONTENT="Dickson" HEIGHT="53" WIDTH="253" VPOS="3324" HPOS="491"/>
<SP HEIGHT="50" WIDTH="31" VPOS="3327" HPOS="745"/>
<String CONTENT="&amp;" HEIGHT="50" WIDTH="46" VPOS="3327" HPOS="777"/>
<SP HEIGHT="52" WIDTH="31" VPOS="3325" HPOS="824"/>
<String CONTENT="Thompson," HEIGHT="67" WIDTH="350" VPOS="3325" HPOS="856"/>
<SP HEIGHT="66" WIDTH="31" VPOS="3325" HPOS="1207"/>
<String CONTENT="limited" HEIGHT="54" WIDTH="223" VPOS="3323" HPOS="1239"/>
<SP HEIGHT="67" WIDTH="41" VPOS="3324" HPOS="1463"/>
<String CS="1" CONTENT="[1936]" HEIGHT="66" WIDTH="153" VPOS="3326" HPOS="1525"/>
</TextLine>
<TextLine HEIGHT="50" WIDTH="1311" VPOS="3395" HPOS="173" CS="1">
<String CONTENT="304" HEIGHT="40" WIDTH="85" VPOS="3395" HPOS="173"/>
<SP HEIGHT="46" WIDTH="19" VPOS="3398" HPOS="259"/>
<String CONTENT="p." HEIGHT="36" WIDTH="43" VPOS="3408" HPOS="279"/>
<SP HEIGHT="40" WIDTH="52" VPOS="3397" HPOS="323"/>
<String CONTENT="front.," HEIGHT="48" WIDTH="161" VPOS="3397" HPOS="376"/>
<SP HEIGHT="38" WIDTH="24" VPOS="3407" HPOS="538"/>
<String CONTENT="plates," HEIGHT="47" WIDTH="173" VPOS="3398" HPOS="563"/>
<SP HEIGHT="37" WIDTH="20" VPOS="3408" HPOS="737"/>
<String CONTENT="ports.," HEIGHT="45" WIDTH="163" VPOS="3400" HPOS="758"/>
<SP HEIGHT="37" WIDTH="26" VPOS="3408" HPOS="922"/>
<String CONTENT="map," HEIGHT="38" WIDTH="123" VPOS="3407" HPOS="949"/>
<SP HEIGHT="48" WIDTH="23" VPOS="3397" HPOS="1073"/>
<String CONTENT="facsim." HEIGHT="42" WIDTH="189" VPOS="3396" HPOS="1097"/>
<SP HEIGHT="41" WIDTH="51" VPOS="3397" HPOS="1287"/>
<String CS="1" CONTENT="22&#189;" HEIGHT="41" WIDTH="54" VPOS="3395" HPOS="1339"/>
<String STYLE="superscript" CONTENT="cm" HEIGHT="21" WIDTH="43" VPOS="3399" HPOS="1427"/>
<String CONTENT="." HEIGHT="9" WIDTH="9" VPOS="3428" HPOS="1475"/>
</TextLine>
<TextLine HEIGHT="51" WIDTH="615" VPOS="3451" HPOS="174">
<String CONTENT="Maps" HEIGHT="50" WIDTH="140" VPOS="3451" HPOS="174"/>
<SP HEIGHT="30" WIDTH="26" VPOS="3464" HPOS="315"/>
<String CONTENT="on" HEIGHT="28" WIDTH="59" VPOS="3465" HPOS="342"/>
<SP HEIGHT="38" WIDTH="25" VPOS="3455" HPOS="402"/>
<String CONTENT="lining-papers." HEIGHT="48" WIDTH="361" VPOS="3454" HPOS="428"/>
</TextLine>
<TextLine HEIGHT="55" WIDTH="1991" VPOS="3507" HPOS="107" CS="1">
<String CONTENT="&#169;" HEIGHT="53" WIDTH="52" VPOS="3507" HPOS="107"/>
<SP/>
<String CS="1" CONTENT="1c."/>
<SP HEIGHT="39" WIDTH="27" VPOS="3514" HPOS="254"/>
<String CONTENT="Mar." HEIGHT="40" WIDTH="120" VPOS="3514" HPOS="282"/>
<SP HEIGHT="41" WIDTH="27" VPOS="3513" HPOS="403"/>
<String CONTENT="5," HEIGHT="47" WIDTH="38" VPOS="3513" HPOS="431"/>
<SP HEIGHT="46" WIDTH="29" VPOS="3514" HPOS="470"/>
<String CONTENT="1936;" HEIGHT="47" WIDTH="139" VPOS="3513" HPOS="500"/>
<SP HEIGHT="46" WIDTH="30" VPOS="3514" HPOS="640"/>
<!-- cceid 99A539B4-6E3A-1014-83DD-942C093A1DD9 --><String CONTENT="A" HEIGHT="39" WIDTH="43" VPOS="3514" HPOS="671"/>
<SP HEIGHT="39" WIDTH="22" VPOS="3514" HPOS="715"/>
<String CONTENT="ad" HEIGHT="39" WIDTH="61" VPOS="3515" HPOS="738"/>
<SP HEIGHT="41" WIDTH="27" VPOS="3513" HPOS="800"/>
<String CONTENT="int." HEIGHT="41" WIDTH="86" VPOS="3513" HPOS="828"/>
<SP HEIGHT="40" WIDTH="28" VPOS="3514" HPOS="915"/>
<String CS="1" CONTENT="21187;" HEIGHT="41" WIDTH="144" VPOS="3513" HPOS="944"/>
<SP HEIGHT="38" WIDTH="31" VPOS="3524" HPOS="1115"/>
<String CONTENT="pubd." HEIGHT="48" WIDTH="141" VPOS="3514" HPOS="1147"/>
<SP HEIGHT="40" WIDTH="30" VPOS="3514" HPOS="1289"/>
<String CONTENT="Jan." HEIGHT="40" WIDTH="108" VPOS="3514" HPOS="1320"/>
<SP HEIGHT="40" WIDTH="30" VPOS="3514" HPOS="1429"/>
<String CONTENT="15;" HEIGHT="47" WIDTH="81" VPOS="3514" HPOS="1460"/>
<SP HEIGHT="47" WIDTH="31" VPOS="3514" HPOS="1542"/>
<String LANG="fr" CS="1" CONTENT="Levat" HEIGHT="41" WIDTH="157" VPOS="3514" HPOS="1574"/>
<SP HEIGHT="40" WIDTH="25" VPOS="3515" HPOS="1732"/>
<String CONTENT="Dickson" HEIGHT="41" WIDTH="212" VPOS="3514" HPOS="1758"/>
<SP HEIGHT="30" WIDTH="30" VPOS="3526" HPOS="1971"/>
<String CONTENT="and" HEIGHT="41" WIDTH="96" VPOS="3515" HPOS="2002"/>
</TextLine>
<TextLine HEIGHT="49" WIDTH="710" VPOS="3570" HPOS="176">
<String CONTENT="Thompson," HEIGHT="47" WIDTH="285" VPOS="3570" HPOS="176"/>
<SP HEIGHT="45" WIDTH="23" VPOS="3572" HPOS="462"/>
<String CONTENT="ltd." HEIGHT="41" WIDTH="86" VPOS="3572" HPOS="486"/>
<SP HEIGHT="48" WIDTH="61" VPOS="3571" HPOS="573"/>
<String CONTENT="(36-8518)" HEIGHT="48" WIDTH="251" VPOS="3571" HPOS="635"/>
</TextLine>
<TextLine HEIGHT="64" WIDTH="563" VPOS="3645" HPOS="107" STYLEREFS="StyleId-30BDB5E1-3A60-4D39-8D74-73E18DE4C0CF-">
<String CONTENT="Drastrup," HEIGHT="64" WIDTH="312" VPOS="3645" HPOS="107"/>
<SP HEIGHT="62" WIDTH="28" VPOS="3647" HPOS="420"/>
<String CONTENT="Elmar." HEIGHT="54" WIDTH="221" VPOS="3646" HPOS="449"/>
</TextLine>
<TextLine HEIGHT="71" WIDTH="1859" VPOS="3720" HPOS="238" STYLEREFS="StyleId-E43D785B-4543-4A97-AC6C-CEAE5EA730EA-" CS="1">
<String CS="1" CONTENT="&#8230;"/>
<SP HEIGHT="51" WIDTH="40" VPOS="3721" HPOS="238"/>
<String CONTENT="Fordi" HEIGHT="51" WIDTH="175" VPOS="3721" HPOS="279"/>
<SP HEIGHT="51" WIDTH="33" VPOS="3722" HPOS="455"/>
<String LANG="fr" CONTENT="de" HEIGHT="52" WIDTH="67" VPOS="3722" HPOS="489"/>
<SP HEIGHT="34" WIDTH="32" VPOS="3740" HPOS="557"/>
<String CONTENT="uclf&#248;rer" HEIGHT="63" WIDTH="240" VPOS="3722" HPOS="590"/>
<SP HEIGHT="34" WIDTH="33" VPOS="3740" HPOS="831"/>
<String CONTENT="saa" HEIGHT="35" WIDTH="95" VPOS="3739" HPOS="865"/>
<SP HEIGHT="36" WIDTH="33" VPOS="3739" HPOS="961"/>
<String CONTENT="store" HEIGHT="47" WIDTH="148" VPOS="3728" HPOS="995"/>
<SP HEIGHT="53" WIDTH="32" VPOS="3722" HPOS="1144"/>
<String CONTENT="bedrifter." HEIGHT="55" WIDTH="295" VPOS="3720" HPOS="1177"/>
<SP HEIGHT="51" WIDTH="72" VPOS="3723" HPOS="1473"/>
<String CONTENT="K&#248;benhavn," HEIGHT="68" WIDTH="377" VPOS="3722" HPOS="1546"/>
<SP HEIGHT="68" WIDTH="35" VPOS="3722" HPOS="1924"/>
<String CONTENT="Gyl" HEIGHT="69" WIDTH="137" VPOS="3722" HPOS="1960"/>
</TextLine>
<TextLine HEIGHT="59" WIDTH="399" VPOS="3796" HPOS="109" STYLEREFS="StyleId-E43D785B-4543-4A97-AC6C-CEAE5EA730EA-">
<String CONTENT="clendal," HEIGHT="59" WIDTH="221" VPOS="3796" HPOS="109"/>
<SP HEIGHT="53" WIDTH="30" VPOS="3802" HPOS="331"/>
<String CONTENT="1935." HEIGHT="48" WIDTH="146" VPOS="3802" HPOS="362"/>
</TextLine>
<TextLine HEIGHT="49" WIDTH="564" VPOS="3866" HPOS="177">
<String CONTENT="123" HEIGHT="40" WIDTH="83" VPOS="3866" HPOS="177"/>
<SP HEIGHT="47" WIDTH="28" VPOS="3867" HPOS="261"/>
<String CONTENT="p." HEIGHT="37" WIDTH="42" VPOS="3877" HPOS="290"/>
<SP HEIGHT="36" WIDTH="61" VPOS="3879" HPOS="333"/>
<String CONTENT="plates." HEIGHT="46" WIDTH="168" VPOS="3869" HPOS="395"/>
<SP HEIGHT="39" WIDTH="59" VPOS="3869" HPOS="564"/>
<String CONTENT="21" HEIGHT="39" WIDTH="55" VPOS="3869" HPOS="624"/>
<String STYLE="superscript" CONTENT="cm" HEIGHT="21" WIDTH="44" VPOS="3871" HPOS="683"/>
<String CONTENT="." HEIGHT="8" WIDTH="9" VPOS="3901" HPOS="732"/>
</TextLine>
<TextLine HEIGHT="58" WIDTH="1991" VPOS="3921" HPOS="109" CS="1">
<String CONTENT="&#169;" HEIGHT="52" WIDTH="52" VPOS="3921" HPOS="109"/>
<SP HEIGHT="52" WIDTH="40" VPOS="3921" HPOS="162"/>
<String CONTENT="Sept." HEIGHT="48" WIDTH="125" VPOS="3926" HPOS="203"/>
<SP HEIGHT="38" WIDTH="38" VPOS="3928" HPOS="329"/>
<String CONTENT="14," HEIGHT="47" WIDTH="68" VPOS="3928" HPOS="368"/>
<SP HEIGHT="45" WIDTH="38" VPOS="3930" HPOS="437"/>
<String CONTENT="1935;" HEIGHT="46" WIDTH="139" VPOS="3928" HPOS="476"/>
<SP/>
<String CS="1" CONTENT="1c."/>
<SP HEIGHT="41" WIDTH="39" VPOS="3929" HPOS="724"/>
<String CONTENT="Jan." HEIGHT="40" WIDTH="109" VPOS="3929" HPOS="764"/>
<SP HEIGHT="40" WIDTH="40" VPOS="3929" HPOS="874"/>
<String CONTENT="8," HEIGHT="47" WIDTH="38" VPOS="3929" HPOS="915"/>
<SP HEIGHT="46" WIDTH="40" VPOS="3930" HPOS="954"/>
<String CONTENT="1936;" HEIGHT="43" WIDTH="139" VPOS="3928" HPOS="995"/>
<SP HEIGHT="41" WIDTH="41" VPOS="3930" HPOS="1135"/>
<!-- cceid 99A5DA9C-6E3A-1014-83DD-942C093A1DD9 --><String CONTENT="A-Foreign" HEIGHT="48" WIDTH="309" VPOS="3929" HPOS="1177"/>
<SP HEIGHT="39" WIDTH="38" VPOS="3931" HPOS="1487"/>
<String CONTENT="30170;" HEIGHT="47" WIDTH="171" VPOS="3930" HPOS="1526"/>
<SP HEIGHT="46" WIDTH="41" VPOS="3931" HPOS="1698"/>
<String CONTENT="Gyldendalske" HEIGHT="48" WIDTH="360" VPOS="3931" HPOS="1740"/>
</TextLine>
<TextLine HEIGHT="47" WIDTH="1830" VPOS="3983" HPOS="177" CS="1">
<String CONTENT="boghandel," HEIGHT="47" WIDTH="280" VPOS="3983" HPOS="177"/>
<SP HEIGHT="45" WIDTH="24" VPOS="3985" HPOS="458"/>
<String CONTENT="Nordisk" HEIGHT="39" WIDTH="211" VPOS="3985" HPOS="483"/>
<SP HEIGHT="38" WIDTH="23" VPOS="3986" HPOS="695"/>
<String CONTENT="forlag." HEIGHT="44" WIDTH="173" VPOS="3986" HPOS="719"/>
<SP HEIGHT="44" WIDTH="63" VPOS="3986" HPOS="893"/>
<String CONTENT="(36-8671)" HEIGHT="44" WIDTH="249" VPOS="3986" HPOS="957"/>
<SP/>
<String CONTENT="2423" HEIGHT="41" WIDTH="118" VPOS="3986" HPOS="1889"/>
</TextLine>
</TextBlock>
</PrintSpace>
</Page>
</Layout>
</alto>