<alto xmlns="http://www.loc.gov/standards/alto/ns-v3#" xmlns:xsi="http://www.w3.org/2001/XMLSchema-instance" xsi:schemaLocation="http://www.loc.gov/standards/alto/ns-v3# http://www.loc.gov/alto/v3/alto-3-0.xsd"><Description>
<MeasurementUnit>pixel</MeasurementUnit>
<sourceImageInformation>
<fileName>1936_v33_Part1.pdf</fileName>
</sourceImageInformation>
<OCRProcessing ID="IdOcr">
<ocrProcessingStep>
<processingDateTime>2019-01-18</processingDateTime>
<processingSoftware>
<softwareCreator>ABBYY</softwareCreator>
<softwareName>ABBYY Recognition Server</softwareName>
<softwareVersion>4.0</softwareVersion>
</processingSoftware>
</ocrProcessingStep>
</OCRProcessing>
</Description>
<Styles>
<ParagraphStyle ALIGN="Left" FIRSTLINE="0." ID="StyleId-FFFFFFFF-FFFF-FFFF-FFFF-FFFFFFFFFFFF-" LEFT="0." RIGHT="0." />
<ParagraphStyle ALIGN="Left" FIRSTLINE="0." ID="StyleId-51D50FAC-7A90-4D70-8A96-5EA9D46D1C8B-" LEFT="0." LINESPACE="7.699999809" RIGHT="0." />
<ParagraphStyle ALIGN="Block" FIRSTLINE="-17." ID="StyleId-6BC133E9-7DCB-43C3-8842-A67984A26405-" LEFT="0." LINESPACE="8.340000153" RIGHT="0." />
<ParagraphStyle ALIGN="Left" FIRSTLINE="-13." ID="StyleId-3C3FF860-43E7-46A2-8934-48F305F6F0D6-" LEFT="0." LINESPACE="11.06999969" RIGHT="0." />
<ParagraphStyle ALIGN="Block" FIRSTLINE="-13." ID="StyleId-19220C76-4F8A-4737-B38C-B5F5C17E6040-" LEFT="0." LINESPACE="11.06999969" RIGHT="0." />
<ParagraphStyle ALIGN="Left" FIRSTLINE="0." ID="StyleId-75A0D721-13ED-4F20-9002-B389EC48477D-" LEFT="0." LINESPACE="15.5" RIGHT="0." />
<ParagraphStyle ALIGN="Left" FIRSTLINE="0." ID="StyleId-8A414184-C7A5-4AC7-9B88-7DA4DDE75922-" LEFT="0." LINESPACE="9.399999619" RIGHT="0." />
<ParagraphStyle ALIGN="Left" FIRSTLINE="0." ID="StyleId-1A87970B-111C-4169-99A6-9412976F3C97-" LEFT="0." LINESPACE="10.5" RIGHT="0." />
<ParagraphStyle ALIGN="Block" FIRSTLINE="-17." ID="StyleId-72DB0571-5AE4-41FD-9E11-68C6AC4C437E-" LEFT="0." LINESPACE="8.340000153" RIGHT="0." />
<ParagraphStyle ALIGN="Center" FIRSTLINE="0." ID="StyleId-1AA43056-C388-4697-B10F-72FDAA38FAE1-" LEFT="0." LINESPACE="10.5" RIGHT="0." />
</Styles>
<Layout>
<Page HEIGHT="4377" ID="Page1030" PHYSICAL_IMG_NR="1030" WIDTH="2519">
<TopMargin HEIGHT="412" HPOS="0" VPOS="0" WIDTH="2519">
</TopMargin>
<LeftMargin HEIGHT="3794" HPOS="0" VPOS="412" WIDTH="328">
</LeftMargin>
<RightMargin HEIGHT="3794" HPOS="2372" VPOS="412" WIDTH="147">
</RightMargin>
<BottomMargin HEIGHT="171" HPOS="0" VPOS="4206" WIDTH="2519">
</BottomMargin>
<PrintSpace HEIGHT="3794" HPOS="328" VPOS="412" WIDTH="2044">
<TextBlock HEIGHT="70" HPOS="1260" ID="Page1030_Block1" LANG="en-US" STYLEREFS="StyleId-6E634BB0-EECB-4472-B0A2-B53093E4ADC7-" VPOS="4136" WIDTH="154">
<TextLine HEIGHT="50" HPOS="1271" VPOS="4146" WIDTH="133">
<String CONTENT="1030" HEIGHT="50" HPOS="1271" VPOS="4146" WIDTH="133" />
</TextLine>
</TextBlock>
<TextBlock CS="1" HEIGHT="3728" HPOS="328" ID="Page1030_Block2" LANG="en-US" STYLEREFS="StyleId-5BCDF69A-C9A9-451A-A779-4740838BF33A-" VPOS="412" WIDTH="2044">
<TextLine HEIGHT="66" HPOS="339" STYLEREFS="StyleId-26F512E5-4DDD-4D34-8539-AE48A3B1B0EA-" VPOS="449" WIDTH="666">
<String CONTENT="Horgan," HEIGHT="66" HPOS="339" LANG="fr" VPOS="449" WIDTH="265" />
<SP HEIGHT="64" HPOS="605" VPOS="451" WIDTH="28" />
<String CONTENT="Paul," HEIGHT="62" HPOS="634" LANG="en-US" VPOS="451" WIDTH="166" />
<SP HEIGHT="56" HPOS="801" VPOS="457" WIDTH="31" />
<String CONTENT="1903-" HEIGHT="50" HPOS="833" LANG="en-US" VPOS="456" WIDTH="172" />
</TextLine>
<TextLine HEIGHT="70" HPOS="412" STYLEREFS="StyleId-779A8721-1BCB-4BC8-AE80-9009DD151B13-" VPOS="529" WIDTH="1942">
<String CONTENT="From" HEIGHT="54" HPOS="412" VPOS="529" WIDTH="175" />
<SP HEIGHT="47" HPOS="588" VPOS="536" WIDTH="33" />
<String CONTENT="the" HEIGHT="54" HPOS="622" VPOS="529" WIDTH="99" />
<SP HEIGHT="53" HPOS="722" VPOS="530" WIDTH="34" />
<String CONTENT="Royal" HEIGHT="67" HPOS="757" VPOS="530" WIDTH="187" />
<SP HEIGHT="55" HPOS="945" VPOS="530" WIDTH="37" />
<String CONTENT="City" HEIGHT="68" HPOS="983" VPOS="529" WIDTH="135" />
<SP HEIGHT="49" HPOS="1119" VPOS="548" WIDTH="32" />
<String CONTENT="of" HEIGHT="53" HPOS="1152" VPOS="529" WIDTH="65" />
<SP HEIGHT="53" HPOS="1218" VPOS="529" WIDTH="33" />
<String CONTENT="the" HEIGHT="52" HPOS="1252" VPOS="531" WIDTH="96" />
<SP HEIGHT="51" HPOS="1349" VPOS="532" WIDTH="33" />
<String CONTENT="Holy" HEIGHT="68" HPOS="1383" VPOS="531" WIDTH="160" />
<SP HEIGHT="66" HPOS="1544" VPOS="533" WIDTH="35" />
<String CONTENT="Faith" HEIGHT="53" HPOS="1580" VPOS="532" WIDTH="176" />
<SP HEIGHT="53" HPOS="1757" VPOS="532" WIDTH="33" />
<String CONTENT="of" HEIGHT="53" HPOS="1791" VPOS="532" WIDTH="63" />
<SP HEIGHT="56" HPOS="1855" VPOS="532" WIDTH="38" />
<String CONTENT="St." HEIGHT="55" HPOS="1894" VPOS="533" WIDTH="84" />
<SP HEIGHT="52" HPOS="1979" VPOS="534" WIDTH="36" />
<String CONTENT="Francis" HEIGHT="53" HPOS="2016" VPOS="533" WIDTH="239" />
<SP HEIGHT="36" HPOS="2256" VPOS="551" WIDTH="35" />
<String CONTENT="of" HEIGHT="54" HPOS="2292" VPOS="533" WIDTH="62" />
</TextLine>
<TextLine CS="1" HEIGHT="74" HPOS="340" STYLEREFS="StyleId-779A8721-1BCB-4BC8-AE80-9009DD151B13-" VPOS="606" WIDTH="2016">
<String CONTENT="Assisi." HEIGHT="55" HPOS="340" VPOS="606" WIDTH="201" />
<SP HEIGHT="52" HPOS="542" VPOS="609" WIDTH="75" />
<String CONTENT="Being" HEIGHT="67" HPOS="618" VPOS="608" WIDTH="188" />
<SP HEIGHT="67" HPOS="807" VPOS="608" WIDTH="25" />
<String CONTENT="five" HEIGHT="53" HPOS="833" VPOS="608" WIDTH="110" />
<SP HEIGHT="34" HPOS="944" VPOS="627" WIDTH="26" />
<String CONTENT="accounts" HEIGHT="47" HPOS="971" VPOS="615" WIDTH="265" />
<SP HEIGHT="35" HPOS="1237" VPOS="627" WIDTH="25" />
<String CONTENT="of" HEIGHT="53" HPOS="1263" VPOS="609" WIDTH="64" />
<SP HEIGHT="52" HPOS="1328" VPOS="609" WIDTH="26" />
<String CONTENT="life" HEIGHT="52" HPOS="1355" VPOS="609" WIDTH="106" />
<SP HEIGHT="53" HPOS="1462" VPOS="609" WIDTH="26" />
<String CONTENT="in" HEIGHT="53" HPOS="1489" VPOS="609" WIDTH="61" />
<SP HEIGHT="47" HPOS="1551" VPOS="615" WIDTH="25" />
<String CONTENT="that" HEIGHT="52" HPOS="1577" VPOS="611" WIDTH="129" />
<SP HEIGHT="63" HPOS="1707" VPOS="616" WIDTH="25" />
<String CONTENT="place;" CS="1" HEIGHT="68" HPOS="1733" VPOS="611" WIDTH="162" />
<SP HEIGHT="52" HPOS="1925" VPOS="612" WIDTH="28" />
<String CONTENT="The" HEIGHT="51" HPOS="1954" VPOS="612" WIDTH="121" />
<SP HEIGHT="55" HPOS="2076" VPOS="611" WIDTH="28" />
<String CONTENT="Captain" HEIGHT="69" HPOS="2105" VPOS="611" WIDTH="251" />
</TextLine>
<TextLine HEIGHT="73" HPOS="341" STYLEREFS="StyleId-779A8721-1BCB-4BC8-AE80-9009DD151B13-" VPOS="685" WIDTH="2012">
<String CONTENT="General," HEIGHT="67" HPOS="341" VPOS="685" WIDTH="265" />
<SP HEIGHT="63" HPOS="607" VPOS="689" WIDTH="31" />
<String CONTENT="1690;" HEIGHT="64" HPOS="639" VPOS="689" WIDTH="164" />
<SP HEIGHT="65" HPOS="804" VPOS="688" WIDTH="32" />
<String CONTENT="The" HEIGHT="53" HPOS="837" VPOS="687" WIDTH="122" />
<SP HEIGHT="35" HPOS="960" VPOS="705" WIDTH="29" />
<String CONTENT="evening" HEIGHT="69" HPOS="990" VPOS="686" WIDTH="243" />
<SP HEIGHT="49" HPOS="1234" VPOS="706" WIDTH="27" />
<String CONTENT="air," HEIGHT="67" HPOS="1262" VPOS="688" WIDTH="104" />
<SP HEIGHT="63" HPOS="1367" VPOS="692" WIDTH="29" />
<String CONTENT="1730;" HEIGHT="67" HPOS="1397" VPOS="689" WIDTH="163" />
<SP HEIGHT="66" HPOS="1561" VPOS="690" WIDTH="32" />
<String CONTENT="Triumphal" HEIGHT="70" HPOS="1594" VPOS="687" WIDTH="346" />
<SP HEIGHT="53" HPOS="1941" VPOS="689" WIDTH="31" />
<String CONTENT="entry," HEIGHT="64" HPOS="1973" VPOS="694" WIDTH="183" />
<SP HEIGHT="64" HPOS="2157" VPOS="694" WIDTH="32" />
<String CONTENT="1780;" HEIGHT="66" HPOS="2190" VPOS="691" WIDTH="163" />
</TextLine>
<TextLine HEIGHT="72" HPOS="342" STYLEREFS="StyleId-779A8721-1BCB-4BC8-AE80-9009DD151B13-" VPOS="764" WIDTH="2012">
<String CONTENT="Bittersweet" HEIGHT="52" HPOS="342" VPOS="765" WIDTH="362" />
<SP HEIGHT="47" HPOS="705" VPOS="770" WIDTH="42" />
<String CONTENT="waltz," HEIGHT="67" HPOS="748" VPOS="764" WIDTH="187" />
<SP HEIGHT="62" HPOS="936" VPOS="769" WIDTH="48" />
<String CONTENT="1846;" HEIGHT="65" HPOS="985" VPOS="768" WIDTH="163" />
<SP HEIGHT="49" HPOS="1149" VPOS="784" WIDTH="49" />
<String CONTENT="and" HEIGHT="52" HPOS="1199" VPOS="766" WIDTH="113" />
<SP HEIGHT="52" HPOS="1313" VPOS="766" WIDTH="45" />
<String CONTENT="Frock" HEIGHT="52" HPOS="1359" VPOS="767" WIDTH="188" />
<SP HEIGHT="53" HPOS="1548" VPOS="767" WIDTH="43" />
<String CONTENT="coats" HEIGHT="48" HPOS="1592" VPOS="772" WIDTH="154" />
<SP HEIGHT="50" HPOS="1747" VPOS="771" WIDTH="45" />
<String CONTENT="&amp;" HEIGHT="50" HPOS="1793" VPOS="771" WIDTH="45" />
<SP HEIGHT="50" HPOS="1839" VPOS="771" WIDTH="45" />
<String CONTENT="the" HEIGHT="53" HPOS="1885" VPOS="768" WIDTH="96" />
<SP HEIGHT="53" HPOS="1982" VPOS="768" WIDTH="44" />
<String CONTENT="law," HEIGHT="68" HPOS="2027" VPOS="768" WIDTH="130" />
<SP HEIGHT="64" HPOS="2158" VPOS="772" WIDTH="46" />
<String CONTENT="1878." HEIGHT="54" HPOS="2205" VPOS="770" WIDTH="149" />
</TextLine>
<TextLine CS="1" HEIGHT="72" HPOS="366" STYLEREFS="StyleId-779A8721-1BCB-4BC8-AE80-9009DD151B13-" VPOS="843" WIDTH="1990">
<String CONTENT="[" CS="1" />
<String CONTENT="By]" HEIGHT="64" HPOS="366" LANG="ru" VPOS="845" WIDTH="108" />
<SP HEIGHT="64" HPOS="475" VPOS="845" WIDTH="40" />
<String CONTENT="Paul" HEIGHT="53" HPOS="516" VPOS="843" WIDTH="149" />
<SP HEIGHT="52" HPOS="666" VPOS="843" WIDTH="36" />
<String CONTENT="Horgan." HEIGHT="68" HPOS="703" VPOS="843" WIDTH="261" />
<SP HEIGHT="55" HPOS="965" VPOS="843" WIDTH="78" />
<String CONTENT="Santa" HEIGHT="55" HPOS="1044" VPOS="843" WIDTH="180" />
<SP HEIGHT="51" HPOS="1225" VPOS="845" WIDTH="35" />
<String CONTENT="Fe," HEIGHT="66" HPOS="1261" VPOS="845" WIDTH="98" />
<SP HEIGHT="65" HPOS="1360" VPOS="846" WIDTH="35" />
<String CONTENT="N." HEIGHT="52" HPOS="1396" VPOS="846" WIDTH="70" />
<SP HEIGHT="51" HPOS="1467" VPOS="847" WIDTH="38" />
<String CONTENT="M.," HEIGHT="65" HPOS="1506" VPOS="847" WIDTH="98" />
<SP HEIGHT="65" HPOS="1605" VPOS="847" WIDTH="33" />
<String CONTENT="Printed" HEIGHT="54" HPOS="1639" VPOS="845" WIDTH="243" />
<SP HEIGHT="53" HPOS="1883" VPOS="846" WIDTH="34" />
<String CONTENT="by" HEIGHT="67" HPOS="1918" VPOS="847" WIDTH="75" />
<SP HEIGHT="64" HPOS="1994" VPOS="850" WIDTH="36" />
<String CONTENT="the" HEIGHT="54" HPOS="2031" VPOS="847" WIDTH="95" />
<SP HEIGHT="53" HPOS="2127" VPOS="848" WIDTH="38" />
<String CONTENT="Rydal" HEIGHT="68" HPOS="2166" VPOS="847" WIDTH="190" />
</TextLine>
<TextLine HEIGHT="71" HPOS="342" STYLEREFS="StyleId-779A8721-1BCB-4BC8-AE80-9009DD151B13-" VPOS="920" WIDTH="1082">
<String CONTENT="press" HEIGHT="50" HPOS="342" VPOS="938" WIDTH="156" />
<SP HEIGHT="54" HPOS="499" VPOS="920" WIDTH="23" />
<String CONTENT="for" HEIGHT="55" HPOS="523" VPOS="920" WIDTH="94" />
<SP HEIGHT="54" HPOS="618" VPOS="922" WIDTH="23" />
<String CONTENT="Villagra" HEIGHT="70" HPOS="642" VPOS="920" WIDTH="268" />
<SP HEIGHT="54" HPOS="911" VPOS="922" WIDTH="23" />
<String CONTENT="bookshop," HEIGHT="69" HPOS="935" VPOS="922" WIDTH="311" />
<SP HEIGHT="64" HPOS="1247" VPOS="926" WIDTH="25" />
<String CONTENT="1936." HEIGHT="53" HPOS="1273" VPOS="925" WIDTH="151" />
</TextLine>
<TextLine CS="1" HEIGHT="49" HPOS="412" VPOS="995" WIDTH="300">
<String CONTENT="27" HEIGHT="41" HPOS="412" VPOS="995" WIDTH="57" />
<SP HEIGHT="48" HPOS="470" VPOS="996" WIDTH="23" />
<String CONTENT="p." HEIGHT="38" HPOS="494" VPOS="1006" WIDTH="43" />
<SP HEIGHT="39" HPOS="538" VPOS="995" WIDTH="54" />
<String CONTENT="24cm." CS="1" HEIGHT="40" HPOS="593" VPOS="995" WIDTH="119" />
</TextLine>
<TextLine HEIGHT="50" HPOS="412" VPOS="1051" WIDTH="337">
<String CONTENT="Head-pieces." HEIGHT="50" HPOS="412" VPOS="1051" WIDTH="337" />
</TextLine>
<TextLine HEIGHT="52" HPOS="415" VPOS="1109" WIDTH="1942">
<String CONTENT="&#8220;These" HEIGHT="43" HPOS="415" VPOS="1109" WIDTH="185" />
<SP HEIGHT="32" HPOS="601" VPOS="1120" WIDTH="41" />
<String CONTENT="sketches" HEIGHT="40" HPOS="643" VPOS="1110" WIDTH="227" />
<SP HEIGHT="30" HPOS="871" VPOS="1120" WIDTH="40" />
<String CONTENT="are" HEIGHT="31" HPOS="912" VPOS="1120" WIDTH="85" />
<SP HEIGHT="30" HPOS="998" VPOS="1121" WIDTH="41" />
<String CONTENT="republished" HEIGHT="50" HPOS="1040" VPOS="1109" WIDTH="312" />
<SP HEIGHT="40" HPOS="1353" VPOS="1111" WIDTH="41" />
<String CONTENT="with" HEIGHT="41" HPOS="1395" VPOS="1111" WIDTH="121" />
<SP HEIGHT="41" HPOS="1517" VPOS="1112" WIDTH="43" />
<String CONTENT="the" HEIGHT="41" HPOS="1561" VPOS="1112" WIDTH="83" />
<SP HEIGHT="38" HPOS="1645" VPOS="1123" WIDTH="38" />
<String CONTENT="permission" HEIGHT="49" HPOS="1684" VPOS="1112" WIDTH="289" />
<SP HEIGHT="30" HPOS="1974" VPOS="1124" WIDTH="43" />
<String CONTENT="of" HEIGHT="40" HPOS="2018" VPOS="1114" WIDTH="52" />
<SP HEIGHT="40" HPOS="2071" VPOS="1114" WIDTH="42" />
<String CONTENT="the" HEIGHT="39" HPOS="2114" VPOS="1115" WIDTH="80" />
<SP HEIGHT="39" HPOS="2195" VPOS="1115" WIDTH="42" />
<String CONTENT="Yale" HEIGHT="40" HPOS="2238" VPOS="1114" WIDTH="119" />
</TextLine>
<TextLine HEIGHT="51" HPOS="341" VPOS="1165" WIDTH="1057">
<String CONTENT="review" HEIGHT="42" HPOS="341" VPOS="1165" WIDTH="177" />
<SP HEIGHT="39" HPOS="519" VPOS="1167" WIDTH="29" />
<String CONTENT="in" HEIGHT="39" HPOS="549" VPOS="1167" WIDTH="50" />
<SP HEIGHT="30" HPOS="600" VPOS="1177" WIDTH="30" />
<String CONTENT="which" HEIGHT="41" HPOS="631" VPOS="1166" WIDTH="161" />
<SP HEIGHT="39" HPOS="793" VPOS="1168" WIDTH="33" />
<String CONTENT="they" HEIGHT="49" HPOS="827" VPOS="1167" WIDTH="117" />
<SP HEIGHT="49" HPOS="945" VPOS="1167" WIDTH="24" />
<String CONTENT="first" HEIGHT="41" HPOS="970" VPOS="1167" WIDTH="112" />
<SP HEIGHT="39" HPOS="1083" VPOS="1169" WIDTH="25" />
<String CONTENT="appeared.&#8221;" HEIGHT="49" HPOS="1109" VPOS="1167" WIDTH="289" />
</TextLine>
<TextLine HEIGHT="55" HPOS="340" VPOS="1219" WIDTH="2016">
<String CONTENT="&#169;" HEIGHT="53" HPOS="340" VPOS="1219" WIDTH="53" />
<SP HEIGHT="53" HPOS="394" VPOS="1219" WIDTH="33" />
<String CONTENT="June" HEIGHT="39" HPOS="428" VPOS="1224" WIDTH="127" />
<SP HEIGHT="40" HPOS="556" VPOS="1224" WIDTH="33" />
<String CONTENT="8," HEIGHT="47" HPOS="590" VPOS="1224" WIDTH="38" />
<SP HEIGHT="46" HPOS="629" VPOS="1225" WIDTH="37" />
<String CONTENT="1936;" HEIGHT="49" HPOS="667" VPOS="1222" WIDTH="140" />
<SP HEIGHT="48" HPOS="808" VPOS="1223" WIDTH="33" />
<String CONTENT="2c." HEIGHT="40" HPOS="842" VPOS="1223" WIDTH="67" />
<SP HEIGHT="29" HPOS="910" VPOS="1234" WIDTH="33" />
<String CONTENT="and" HEIGHT="39" HPOS="944" VPOS="1224" WIDTH="99" />
<SP HEIGHT="39" HPOS="1044" VPOS="1224" WIDTH="34" />
<String CONTENT="aff." HEIGHT="39" HPOS="1079" VPOS="1224" WIDTH="82" />
<SP HEIGHT="39" HPOS="1162" VPOS="1225" WIDTH="35" />
<String CONTENT="July" HEIGHT="47" HPOS="1198" VPOS="1225" WIDTH="117" />
<SP HEIGHT="46" HPOS="1316" VPOS="1226" WIDTH="33" />
<String CONTENT="23;" HEIGHT="47" HPOS="1350" VPOS="1225" WIDTH="83" />
<SP HEIGHT="45" HPOS="1434" VPOS="1227" WIDTH="35" />
<String CONTENT="A" HEIGHT="38" HPOS="1470" VPOS="1227" WIDTH="41" />
<SP HEIGHT="41" HPOS="1512" VPOS="1224" WIDTH="35" />
<String CONTENT="96590;" HEIGHT="49" HPOS="1548" VPOS="1224" WIDTH="172" />
<SP HEIGHT="46" HPOS="1721" VPOS="1227" WIDTH="38" />
<String CONTENT="Paul" HEIGHT="38" HPOS="1760" VPOS="1227" WIDTH="120" />
<SP HEIGHT="39" HPOS="1881" VPOS="1226" WIDTH="38" />
<String CONTENT="George" HEIGHT="48" HPOS="1920" VPOS="1226" WIDTH="186" />
<SP HEIGHT="39" HPOS="2107" VPOS="1227" WIDTH="33" />
<String CONTENT="Horgan," HEIGHT="47" HPOS="2141" VPOS="1227" WIDTH="215" />
</TextLine>
<TextLine HEIGHT="50" HPOS="413" VPOS="1280" WIDTH="740">
<String CONTENT="Roswell," HEIGHT="48" HPOS="413" VPOS="1281" WIDTH="223" />
<SP HEIGHT="47" HPOS="637" VPOS="1282" WIDTH="25" />
<String CONTENT="N." HEIGHT="39" HPOS="663" VPOS="1282" WIDTH="56" />
<SP HEIGHT="39" HPOS="720" VPOS="1282" WIDTH="23" />
<String CONTENT="M." HEIGHT="39" HPOS="744" VPOS="1282" WIDTH="62" />
<SP HEIGHT="49" HPOS="807" VPOS="1281" WIDTH="62" />
<String CONTENT="(36-17332)" HEIGHT="50" HPOS="870" VPOS="1280" WIDTH="283" />
</TextLine>
<TextLine HEIGHT="65" HPOS="342" STYLEREFS="StyleId-26F512E5-4DDD-4D34-8539-AE48A3B1B0EA-" VPOS="1370" WIDTH="663">
<String CONTENT="Hunter," HEIGHT="65" HPOS="342" LANG="en-US" VPOS="1370" WIDTH="254" />
<SP HEIGHT="65" HPOS="597" VPOS="1370" WIDTH="24" />
<String CONTENT="Dard," HEIGHT="64" HPOS="622" LANG="fr" VPOS="1370" WIDTH="183" />
<SP HEIGHT="58" HPOS="806" VPOS="1376" WIDTH="25" />
<String CONTENT="1883-" HEIGHT="51" HPOS="832" LANG="en-US" VPOS="1375" WIDTH="173" />
</TextLine>
<TextLine CS="1" HEIGHT="73" HPOS="411" STYLEREFS="StyleId-779A8721-1BCB-4BC8-AE80-9009DD151B13-" VPOS="1446" WIDTH="1830">
<String CONTENT="A" HEIGHT="52" HPOS="411" VPOS="1449" WIDTH="56" />
<SP HEIGHT="66" HPOS="468" VPOS="1449" WIDTH="26" />
<String CONTENT="papermaking" HEIGHT="70" HPOS="495" VPOS="1446" WIDTH="422" />
<SP HEIGHT="50" HPOS="918" VPOS="1466" WIDTH="27" />
<String CONTENT="pilgrimage" HEIGHT="69" HPOS="946" VPOS="1447" WIDTH="349" />
<SP HEIGHT="47" HPOS="1296" VPOS="1454" WIDTH="25" />
<String CONTENT="to" HEIGHT="48" HPOS="1322" VPOS="1454" WIDTH="59" />
<SP HEIGHT="54" HPOS="1382" VPOS="1451" WIDTH="28" />
<String CONTENT="Japan," HEIGHT="66" HPOS="1411" VPOS="1451" WIDTH="212" />
<SP HEIGHT="67" HPOS="1624" VPOS="1450" WIDTH="26" />
<String CONTENT="Korea" HEIGHT="55" HPOS="1651" VPOS="1450" WIDTH="192" />
<SP HEIGHT="36" HPOS="1844" VPOS="1469" WIDTH="31" />
<String CONTENT="and" HEIGHT="52" HPOS="1876" VPOS="1451" WIDTH="113" />
<SP HEIGHT="55" HPOS="1990" VPOS="1450" WIDTH="30" />
<String CONTENT="China" HEIGHT="55" HPOS="2021" VPOS="1450" WIDTH="185" />
<SP HEIGHT="49" HPOS="2207" VPOS="1470" WIDTH="34" />
<String CONTENT="[by]" CS="1" LANG="ru" STYLE="subscript" />
</TextLine>
<TextLine HEIGHT="70" HPOS="341" STYLEREFS="StyleId-779A8721-1BCB-4BC8-AE80-9009DD151B13-" VPOS="1526" WIDTH="1684">
<String CONTENT="Dard" HEIGHT="53" HPOS="341" LANG="fr" VPOS="1526" WIDTH="165" />
<SP HEIGHT="53" HPOS="507" VPOS="1526" WIDTH="39" />
<String CONTENT="Hunter." HEIGHT="53" HPOS="547" VPOS="1527" WIDTH="250" />
<SP HEIGHT="53" HPOS="798" VPOS="1527" WIDTH="72" />
<String CONTENT="New" HEIGHT="53" HPOS="871" VPOS="1527" WIDTH="141" />
<SP HEIGHT="52" HPOS="1013" VPOS="1528" WIDTH="41" />
<String CONTENT="York," HEIGHT="67" HPOS="1055" VPOS="1527" WIDTH="181" />
<SP HEIGHT="65" HPOS="1237" VPOS="1529" WIDTH="41" />
<String CONTENT="Pynson" HEIGHT="65" HPOS="1279" VPOS="1529" WIDTH="236" />
<SP HEIGHT="50" HPOS="1516" VPOS="1545" WIDTH="40" />
<String CONTENT="printers," HEIGHT="68" HPOS="1557" VPOS="1528" WIDTH="270" />
<SP HEIGHT="63" HPOS="1828" VPOS="1533" WIDTH="44" />
<String CONTENT="1936." HEIGHT="52" HPOS="1873" VPOS="1531" WIDTH="152" />
</TextLine>
<TextLine CS="1" HEIGHT="51" HPOS="412" VPOS="1600" WIDTH="1297">
<String CONTENT="148," HEIGHT="50" HPOS="412" VPOS="1600" WIDTH="99" />
<SP HEIGHT="29" HPOS="512" VPOS="1622" WIDTH="34" />
<String CONTENT="[2]" HEIGHT="51" HPOS="547" VPOS="1600" WIDTH="54" />
<SP HEIGHT="38" HPOS="602" VPOS="1612" WIDTH="31" />
<String CONTENT="p.," HEIGHT="38" HPOS="634" LANG="fr" VPOS="1612" WIDTH="58" />
<SP HEIGHT="49" HPOS="693" VPOS="1600" WIDTH="29" />
<String CONTENT="1" HEIGHT="41" HPOS="723" VPOS="1600" WIDTH="25" />
<SP HEIGHT="41" HPOS="749" VPOS="1600" WIDTH="29" />
<String CONTENT="1." HEIGHT="42" HPOS="779" VPOS="1602" WIDTH="30" />
<SP HEIGHT="44" HPOS="810" VPOS="1600" WIDTH="53" />
<String CONTENT="front.," HEIGHT="48" HPOS="864" VPOS="1600" WIDTH="166" />
<SP HEIGHT="48" HPOS="1031" VPOS="1600" WIDTH="29" />
<String CONTENT="illus.," HEIGHT="49" HPOS="1061" VPOS="1600" WIDTH="143" />
<SP HEIGHT="37" HPOS="1205" VPOS="1612" WIDTH="32" />
<String CONTENT="plates." HEIGHT="48" HPOS="1238" VPOS="1601" WIDTH="170" />
<SP HEIGHT="40" HPOS="1409" VPOS="1600" WIDTH="59" />
<String CONTENT="29&#215;24" CS="1" HEIGHT="42" HPOS="1469" VPOS="1600" WIDTH="179" />
<String CONTENT="cm" HEIGHT="22" HPOS="1651" STYLE="superscript" VPOS="1603" WIDTH="45" />
<String CONTENT="." HEIGHT="8" HPOS="1701" VPOS="1634" WIDTH="8" />
</TextLine>
<TextLine HEIGHT="52" HPOS="413" VPOS="1656" WIDTH="1395">
<String CONTENT="51" HEIGHT="40" HPOS="413" VPOS="1658" WIDTH="54" />
<SP HEIGHT="39" HPOS="468" VPOS="1658" WIDTH="29" />
<String CONTENT="&#8220;specimens&#8221;" HEIGHT="50" HPOS="498" VPOS="1656" WIDTH="327" />
<SP HEIGHT="42" HPOS="826" VPOS="1656" WIDTH="27" />
<String CONTENT="at" HEIGHT="39" HPOS="854" VPOS="1661" WIDTH="55" />
<SP HEIGHT="39" HPOS="910" VPOS="1661" WIDTH="24" />
<String CONTENT="end" HEIGHT="39" HPOS="935" VPOS="1659" WIDTH="92" />
<SP HEIGHT="39" HPOS="1028" VPOS="1659" WIDTH="26" />
<String CONTENT="not" HEIGHT="39" HPOS="1055" VPOS="1659" WIDTH="88" />
<SP HEIGHT="40" HPOS="1144" VPOS="1658" WIDTH="24" />
<String CONTENT="included" HEIGHT="40" HPOS="1169" VPOS="1658" WIDTH="227" />
<SP HEIGHT="39" HPOS="1397" VPOS="1659" WIDTH="28" />
<String CONTENT="in" HEIGHT="39" HPOS="1426" VPOS="1659" WIDTH="49" />
<SP HEIGHT="38" HPOS="1476" VPOS="1661" WIDTH="29" />
<String CONTENT="the" HEIGHT="40" HPOS="1506" VPOS="1659" WIDTH="82" />
<SP HEIGHT="40" HPOS="1589" VPOS="1668" WIDTH="27" />
<String CONTENT="paging." HEIGHT="50" HPOS="1617" VPOS="1658" WIDTH="191" />
</TextLine>
<TextLine CS="1" HEIGHT="50" HPOS="415" VPOS="1714" WIDTH="1943">
<String CONTENT="&#8220;Of" HEIGHT="41" HPOS="415" VPOS="1715" WIDTH="94" />
<SP HEIGHT="39" HPOS="510" VPOS="1715" WIDTH="30" />
<String CONTENT="this" HEIGHT="41" HPOS="541" VPOS="1714" WIDTH="103" />
<SP HEIGHT="40" HPOS="645" VPOS="1715" WIDTH="29" />
<String CONTENT="book" HEIGHT="40" HPOS="675" VPOS="1715" WIDTH="124" />
<SP HEIGHT="40" HPOS="800" VPOS="1715" WIDTH="36" />
<String CONTENT="&#8230;" CS="1" />
<SP HEIGHT="38" HPOS="886" VPOS="1717" WIDTH="37" />
<String CONTENT="there" HEIGHT="40" HPOS="924" VPOS="1716" WIDTH="140" />
<SP HEIGHT="30" HPOS="1065" VPOS="1726" WIDTH="31" />
<String CONTENT="were" HEIGHT="30" HPOS="1097" VPOS="1725" WIDTH="127" />
<SP HEIGHT="30" HPOS="1225" VPOS="1725" WIDTH="33" />
<String CONTENT="made" HEIGHT="39" HPOS="1259" VPOS="1716" WIDTH="141" />
<SP HEIGHT="40" HPOS="1401" VPOS="1715" WIDTH="32" />
<String CONTENT="by" HEIGHT="49" HPOS="1434" VPOS="1715" WIDTH="63" />
<SP HEIGHT="46" HPOS="1498" VPOS="1718" WIDTH="35" />
<String CONTENT="the" HEIGHT="40" HPOS="1534" VPOS="1716" WIDTH="83" />
<SP HEIGHT="40" HPOS="1618" VPOS="1716" WIDTH="32" />
<String CONTENT="Pynson" HEIGHT="48" HPOS="1651" VPOS="1716" WIDTH="194" />
<SP HEIGHT="38" HPOS="1846" VPOS="1726" WIDTH="34" />
<String CONTENT="printers" HEIGHT="49" HPOS="1881" VPOS="1715" WIDTH="215" />
<SP HEIGHT="30" HPOS="2097" VPOS="1727" WIDTH="38" />
<String CONTENT="&#8230;" CS="1" />
<SP HEIGHT="37" HPOS="2183" VPOS="1720" WIDTH="39" />
<String CONTENT="three" HEIGHT="40" HPOS="2223" VPOS="1718" WIDTH="135" />
</TextLine>
<TextLine CS="1" HEIGHT="106" HPOS="340" VPOS="1771" WIDTH="1999">
<String CONTENT="hundred" HEIGHT="40" HPOS="342" VPOS="1772" WIDTH="222" />
<SP HEIGHT="39" HPOS="565" VPOS="1773" WIDTH="24" />
<String CONTENT="and" HEIGHT="39" HPOS="590" VPOS="1773" WIDTH="98" />
<SP HEIGHT="39" HPOS="689" VPOS="1773" WIDTH="24" />
<String CONTENT="seventy" HEIGHT="46" HPOS="714" VPOS="1774" WIDTH="204" />
<SP HEIGHT="38" HPOS="919" VPOS="1782" WIDTH="28" />
<String CONTENT="copies," HEIGHT="48" HPOS="948" VPOS="1772" WIDTH="174" />
<SP HEIGHT="38" HPOS="1123" VPOS="1782" WIDTH="31" />
<String CONTENT="each" HEIGHT="39" HPOS="1155" VPOS="1773" WIDTH="118" />
<SP HEIGHT="39" HPOS="1274" VPOS="1773" WIDTH="28" />
<String CONTENT="signed" HEIGHT="49" HPOS="1303" VPOS="1771" WIDTH="169" />
<SP HEIGHT="41" HPOS="1473" VPOS="1771" WIDTH="29" />
<String CONTENT="by" HEIGHT="47" HPOS="1503" VPOS="1773" WIDTH="61" />
<SP HEIGHT="46" HPOS="1565" VPOS="1774" WIDTH="28" />
<String CONTENT="the" HEIGHT="39" HPOS="1594" VPOS="1773" WIDTH="81" />
<SP HEIGHT="29" HPOS="1676" VPOS="1783" WIDTH="29" />
<String CONTENT="author" HEIGHT="39" HPOS="1706" VPOS="1773" WIDTH="179" />
<SP HEIGHT="29" HPOS="1886" VPOS="1783" WIDTH="29" />
<String CONTENT="and" HEIGHT="39" HPOS="1916" VPOS="1774" WIDTH="96" />
<SP HEIGHT="40" HPOS="2013" VPOS="1773" WIDTH="28" />
<String CONTENT="by" HEIGHT="48" HPOS="2042" VPOS="1773" WIDTH="62" />
<SP HEIGHT="45" HPOS="2105" VPOS="1776" WIDTH="27" />
<String CONTENT="the" HEIGHT="40" HPOS="2133" VPOS="1774" WIDTH="81" />
<SP HEIGHT="39" HPOS="2215" VPOS="1783" WIDTH="28" />
<String CONTENT="publisher," HEIGHT="104" HPOS="340" VPOS="1773" WIDTH="1999" />
<SP HEIGHT="37" HPOS="506" VPOS="1840" WIDTH="31" />
<String CONTENT="of" HEIGHT="40" HPOS="538" VPOS="1829" WIDTH="50" />
<SP HEIGHT="39" HPOS="589" VPOS="1829" WIDTH="29" />
<String CONTENT="which" HEIGHT="41" HPOS="619" VPOS="1828" WIDTH="160" />
<SP HEIGHT="40" HPOS="780" VPOS="1829" WIDTH="32" />
<String CONTENT="this" HEIGHT="41" HPOS="813" VPOS="1828" WIDTH="101" />
<SP HEIGHT="41" HPOS="915" VPOS="1828" WIDTH="26" />
<String CONTENT="is" HEIGHT="41" HPOS="942" VPOS="1828" WIDTH="43" />
<SP HEIGHT="30" HPOS="986" VPOS="1839" WIDTH="28" />
<String CONTENT="number&#8212;D&#8212;&#8221;" HEIGHT="41" HPOS="1015" VPOS="1827" WIDTH="398" />
</TextLine>
<TextLine CS="1" HEIGHT="50" HPOS="413" VPOS="1884" WIDTH="1945">
<String CONTENT="Bibliography;" CS="1" HEIGHT="49" HPOS="413" VPOS="1885" WIDTH="354" />
<SP HEIGHT="36" HPOS="796" VPOS="1897" WIDTH="27" />
<String CONTENT="p." HEIGHT="36" HPOS="824" VPOS="1897" WIDTH="43" />
<SP HEIGHT="40" HPOS="868" VPOS="1886" WIDTH="24" />
<String CONTENT="119-126;" CS="1" HEIGHT="41" HPOS="893" VPOS="1884" WIDTH="207" />
<SP HEIGHT="47" HPOS="1125" VPOS="1885" WIDTH="30" />
<String CONTENT="&#8220;Checklist" HEIGHT="42" HPOS="1156" VPOS="1884" WIDTH="278" />
<SP HEIGHT="37" HPOS="1435" VPOS="1888" WIDTH="22" />
<String CONTENT="of" HEIGHT="39" HPOS="1458" VPOS="1885" WIDTH="51" />
<SP HEIGHT="40" HPOS="1510" VPOS="1885" WIDTH="22" />
<String CONTENT="works" HEIGHT="40" HPOS="1533" VPOS="1886" WIDTH="162" />
<SP HEIGHT="40" HPOS="1696" VPOS="1886" WIDTH="24" />
<String CONTENT="by" HEIGHT="48" HPOS="1721" VPOS="1886" WIDTH="60" />
<SP HEIGHT="47" HPOS="1782" VPOS="1887" WIDTH="24" />
<String CONTENT="Dard" HEIGHT="39" HPOS="1807" LANG="fr" VPOS="1887" WIDTH="136" />
<SP HEIGHT="39" HPOS="1944" VPOS="1887" WIDTH="24" />
<String CONTENT="Hunter" HEIGHT="40" HPOS="1969" VPOS="1887" WIDTH="195" />
<SP HEIGHT="30" HPOS="2165" VPOS="1897" WIDTH="23" />
<String CONTENT="on" HEIGHT="30" HPOS="2189" VPOS="1897" WIDTH="61" />
<SP HEIGHT="38" HPOS="2251" VPOS="1889" WIDTH="27" />
<String CONTENT="the" HEIGHT="40" HPOS="2279" VPOS="1887" WIDTH="79" />
</TextLine>
<TextLine CS="1" HEIGHT="51" HPOS="340" VPOS="1941" WIDTH="1184">
<String CONTENT="subject" HEIGHT="49" HPOS="340" VPOS="1942" WIDTH="194" />
<SP HEIGHT="37" HPOS="535" VPOS="1946" WIDTH="24" />
<String CONTENT="of" HEIGHT="41" HPOS="560" VPOS="1942" WIDTH="52" />
<SP HEIGHT="49" HPOS="613" VPOS="1942" WIDTH="25" />
<String CONTENT="papers&#8221;;" CS="1" HEIGHT="49" HPOS="639" VPOS="1942" WIDTH="205" />
<SP HEIGHT="39" HPOS="875" VPOS="1953" WIDTH="32" />
<String CONTENT="[1]" HEIGHT="49" HPOS="908" VPOS="1943" WIDTH="55" />
<SP HEIGHT="39" HPOS="964" VPOS="1953" WIDTH="29" />
<String CONTENT="p." HEIGHT="37" HPOS="994" VPOS="1953" WIDTH="43" />
<SP HEIGHT="41" HPOS="1038" VPOS="1942" WIDTH="27" />
<String CONTENT="following" HEIGHT="49" HPOS="1066" VPOS="1941" WIDTH="255" />
<SP HEIGHT="38" HPOS="1322" VPOS="1952" WIDTH="27" />
<String CONTENT="p." HEIGHT="37" HPOS="1350" VPOS="1953" WIDTH="42" />
<SP HEIGHT="40" HPOS="1393" VPOS="1941" WIDTH="28" />
<String CONTENT="148." HEIGHT="40" HPOS="1422" VPOS="1941" WIDTH="102" />
</TextLine>
<TextLine CS="1" HEIGHT="54" HPOS="344" VPOS="1995" WIDTH="1931">
<String CONTENT="&#169;" HEIGHT="54" HPOS="344" VPOS="1995" WIDTH="53" />
<SP HEIGHT="54" HPOS="398" VPOS="1995" WIDTH="27" />
<String CONTENT="May" HEIGHT="45" HPOS="426" VPOS="2001" WIDTH="113" />
<SP HEIGHT="45" HPOS="540" VPOS="2001" WIDTH="27" />
<String CONTENT="18," HEIGHT="43" HPOS="568" VPOS="2000" WIDTH="70" />
<SP HEIGHT="44" HPOS="639" VPOS="1999" WIDTH="27" />
<String CONTENT="1936;" CS="1" HEIGHT="41" HPOS="667" VPOS="1998" WIDTH="115" />
<SP HEIGHT="47" HPOS="810" VPOS="1999" WIDTH="31" />
<String CONTENT="2c." HEIGHT="41" HPOS="842" VPOS="1999" WIDTH="68" />
<SP HEIGHT="31" HPOS="911" VPOS="2009" WIDTH="29" />
<String CONTENT="and" HEIGHT="39" HPOS="941" VPOS="1999" WIDTH="97" />
<SP HEIGHT="39" HPOS="1039" VPOS="1999" WIDTH="27" />
<String CONTENT="aff." HEIGHT="41" HPOS="1067" VPOS="1998" WIDTH="82" />
<SP HEIGHT="40" HPOS="1150" VPOS="1999" WIDTH="30" />
<String CONTENT="June" HEIGHT="40" HPOS="1181" VPOS="1999" WIDTH="126" />
<SP HEIGHT="39" HPOS="1308" VPOS="1999" WIDTH="27" />
<String CONTENT="2;" CS="1" HEIGHT="38" HPOS="1336" VPOS="1999" WIDTH="28" />
<SP HEIGHT="47" HPOS="1392" VPOS="1999" WIDTH="32" />
<String CONTENT="A" HEIGHT="39" HPOS="1425" VPOS="1999" WIDTH="40" />
<SP HEIGHT="41" HPOS="1466" VPOS="1997" WIDTH="23" />
<String CONTENT="95495;" CS="1" HEIGHT="41" HPOS="1490" VPOS="1997" WIDTH="147" />
<SP HEIGHT="46" HPOS="1663" VPOS="1999" WIDTH="34" />
<String CONTENT="Pynson" HEIGHT="47" HPOS="1698" VPOS="1999" WIDTH="193" />
<SP HEIGHT="37" HPOS="1892" VPOS="2009" WIDTH="29" />
<String CONTENT="printers," HEIGHT="48" HPOS="1922" VPOS="1999" WIDTH="229" />
<SP HEIGHT="47" HPOS="2152" VPOS="2000" WIDTH="31" />
<String CONTENT="inc." HEIGHT="39" HPOS="2184" VPOS="2000" WIDTH="91" />
</TextLine>
<TextLine HEIGHT="50" HPOS="419" VPOS="2056" WIDTH="283">
<String CONTENT="(36-17348)" HEIGHT="50" HPOS="419" VPOS="2056" WIDTH="283" />
</TextLine>
<TextLine HEIGHT="65" HPOS="340" STYLEREFS="StyleId-41D18459-63FD-4778-B717-62F90B0E34FE-" VPOS="2149" WIDTH="732">
<String CONTENT="Iowa." HEIGHT="51" HPOS="340" VPOS="2149" WIDTH="174" />
<SP HEIGHT="52" HPOS="515" VPOS="2149" WIDTH="72" />
<String CONTENT="Supreme" HEIGHT="65" HPOS="588" VPOS="2149" WIDTH="282" />
<SP HEIGHT="34" HPOS="871" VPOS="2166" WIDTH="25" />
<String CONTENT="court." HEIGHT="47" HPOS="897" VPOS="2153" WIDTH="175" />
</TextLine>
<TextLine CS="1" HEIGHT="148" HPOS="343" STYLEREFS="StyleId-779A8721-1BCB-4BC8-AE80-9009DD151B13-" VPOS="2224" WIDTH="2012">
<String CONTENT="Reports" HEIGHT="66" HPOS="412" VPOS="2227" WIDTH="251" />
<SP HEIGHT="35" HPOS="664" VPOS="2244" WIDTH="31" />
<String CONTENT="of" HEIGHT="53" HPOS="696" VPOS="2226" WIDTH="62" />
<SP HEIGHT="53" HPOS="759" VPOS="2226" WIDTH="34" />
<String CONTENT="cases" HEIGHT="37" HPOS="794" VPOS="2242" WIDTH="150" />
<SP HEIGHT="35" HPOS="945" VPOS="2242" WIDTH="33" />
<String CONTENT="at" HEIGHT="49" HPOS="979" VPOS="2228" WIDTH="59" />
<SP HEIGHT="53" HPOS="1039" VPOS="2224" WIDTH="29" />
<String CONTENT="law" HEIGHT="54" HPOS="1069" VPOS="2224" WIDTH="110" />
<SP HEIGHT="34" HPOS="1180" VPOS="2243" WIDTH="33" />
<String CONTENT="and" HEIGHT="53" HPOS="1214" VPOS="2224" WIDTH="113" />
<SP HEIGHT="53" HPOS="1328" VPOS="2224" WIDTH="31" />
<String CONTENT="in" HEIGHT="53" HPOS="1360" VPOS="2224" WIDTH="62" />
<SP HEIGHT="35" HPOS="1423" VPOS="2243" WIDTH="33" />
<String CONTENT="equity" HEIGHT="68" HPOS="1457" VPOS="2224" WIDTH="193" />
<SP HEIGHT="68" HPOS="1651" VPOS="2224" WIDTH="34" />
<String CONTENT="determined" HEIGHT="54" HPOS="1686" VPOS="2224" WIDTH="353" />
<SP HEIGHT="53" HPOS="2040" VPOS="2225" WIDTH="40" />
<String CONTENT="&#8230;" CS="1" />
<SP HEIGHT="56" HPOS="2138" VPOS="2224" WIDTH="37" />
<String CONTENT="January," HEIGHT="148" HPOS="343" VPOS="2224" WIDTH="1989" />
<SP HEIGHT="67" HPOS="463" VPOS="2305" WIDTH="25" />
<String CONTENT="May," HEIGHT="67" HPOS="489" VPOS="2305" WIDTH="156" />
<SP HEIGHT="49" HPOS="646" VPOS="2323" WIDTH="28" />
<String CONTENT="and" HEIGHT="53" HPOS="675" VPOS="2304" WIDTH="112" />
<SP HEIGHT="55" HPOS="788" VPOS="2303" WIDTH="30" />
<String CONTENT="September" HEIGHT="68" HPOS="819" VPOS="2303" WIDTH="332" />
<SP HEIGHT="46" HPOS="1152" VPOS="2310" WIDTH="25" />
<String CONTENT="terms," HEIGHT="59" HPOS="1178" VPOS="2310" WIDTH="192" />
<SP HEIGHT="62" HPOS="1371" VPOS="2307" WIDTH="27" />
<String CONTENT="1935," HEIGHT="63" HPOS="1399" VPOS="2307" WIDTH="153" />
<SP HEIGHT="48" HPOS="1553" VPOS="2322" WIDTH="26" />
<String CONTENT="and" HEIGHT="53" HPOS="1580" VPOS="2303" WIDTH="112" />
<SP HEIGHT="55" HPOS="1693" VPOS="2303" WIDTH="26" />
<String CONTENT="January" HEIGHT="65" HPOS="1720" VPOS="2305" WIDTH="265" />
<SP HEIGHT="60" HPOS="1986" VPOS="2310" WIDTH="26" />
<String CONTENT="term," HEIGHT="61" HPOS="2013" VPOS="2310" WIDTH="163" />
<SP HEIGHT="64" HPOS="2177" VPOS="2307" WIDTH="27" />
<String CONTENT="1936." HEIGHT="50" HPOS="2205" VPOS="2306" WIDTH="150" />
</TextLine>
<TextLine CS="1" HEIGHT="68" HPOS="405" STYLEREFS="StyleId-779A8721-1BCB-4BC8-AE80-9009DD151B13-" VPOS="2381" WIDTH="1954">
<String CONTENT="U." CS="1" HEIGHT="10" HPOS="405" VPOS="2427" WIDTH="10" />
<SP HEIGHT="54" HPOS="416" VPOS="2383" WIDTH="46" />
<String CONTENT="G." HEIGHT="54" HPOS="463" VPOS="2383" WIDTH="68" />
<SP HEIGHT="53" HPOS="532" VPOS="2383" WIDTH="46" />
<String CONTENT="Whitney," HEIGHT="66" HPOS="579" VPOS="2383" WIDTH="295" />
<SP HEIGHT="49" HPOS="875" VPOS="2400" WIDTH="46" />
<String CONTENT="reporter." HEIGHT="62" HPOS="922" VPOS="2387" WIDTH="274" />
<SP HEIGHT="34" HPOS="1197" VPOS="2400" WIDTH="100" />
<String CONTENT="volume" HEIGHT="53" HPOS="1298" VPOS="2381" WIDTH="225" />
<SP HEIGHT="50" HPOS="1524" VPOS="2384" WIDTH="44" />
<String CONTENT="220." HEIGHT="50" HPOS="1569" VPOS="2384" WIDTH="117" />
<SP HEIGHT="51" HPOS="1687" VPOS="2383" WIDTH="99" />
<String CONTENT="Des" HEIGHT="51" HPOS="1787" LANG="fr" VPOS="2383" WIDTH="115" />
<SP HEIGHT="50" HPOS="1903" VPOS="2383" WIDTH="46" />
<String CONTENT="Moines," HEIGHT="67" HPOS="1950" VPOS="2381" WIDTH="239" />
<SP HEIGHT="66" HPOS="2190" VPOS="2382" WIDTH="46" />
<String CONTENT="The" HEIGHT="53" HPOS="2237" VPOS="2381" WIDTH="122" />
</TextLine>
<TextLine HEIGHT="66" HPOS="345" STYLEREFS="StyleId-779A8721-1BCB-4BC8-AE80-9009DD151B13-" VPOS="2461" WIDTH="659">
<String CONTENT="State" HEIGHT="55" HPOS="345" VPOS="2461" WIDTH="158" />
<SP HEIGHT="35" HPOS="504" VPOS="2480" WIDTH="26" />
<String CONTENT="of" HEIGHT="54" HPOS="531" VPOS="2461" WIDTH="63" />
<SP HEIGHT="52" HPOS="595" VPOS="2461" WIDTH="24" />
<String CONTENT="Iowa" HEIGHT="52" HPOS="620" VPOS="2462" WIDTH="158" />
<SP HEIGHT="47" HPOS="779" VPOS="2480" WIDTH="30" />
<String CONTENT="[" HEIGHT="34" HPOS="810" VPOS="2493" WIDTH="13" />
<String CONTENT="c" HEIGHT="21" HPOS="828" STYLE="superscript" VPOS="2466" WIDTH="18" />
<String CONTENT="1936]" HEIGHT="63" HPOS="851" VPOS="2463" WIDTH="153" />
</TextLine>
<TextLine CS="1" HEIGHT="48" HPOS="445" STYLEREFS="StyleId-779A8721-1BCB-4BC8-AE80-9009DD151B13-" VPOS="2533" WIDTH="438">
<String CONTENT="x," CS="1" HEIGHT="14" HPOS="445" LANG="fr" VPOS="2565" WIDTH="8" />
<SP HEIGHT="14" HPOS="454" VPOS="2565" WIDTH="30" />
<String CONTENT=".1482" HEIGHT="40" HPOS="485" VPOS="2534" WIDTH="118" />
<SP HEIGHT="47" HPOS="604" VPOS="2534" WIDTH="26" />
<String CONTENT="p." HEIGHT="37" HPOS="631" VPOS="2544" WIDTH="45" />
<SP HEIGHT="40" HPOS="677" VPOS="2533" WIDTH="58" />
<String CONTENT="23&#189;cm." CS="1" HEIGHT="40" HPOS="736" VPOS="2533" WIDTH="147" />
</TextLine>
<TextLine CS="1" HEIGHT="53" HPOS="342" VPOS="2587" WIDTH="1904">
<String CONTENT="&#169;" HEIGHT="53" HPOS="342" VPOS="2587" WIDTH="53" />
<SP HEIGHT="53" HPOS="396" VPOS="2587" WIDTH="25" />
<String CONTENT="June" HEIGHT="39" HPOS="422" VPOS="2592" WIDTH="128" />
<SP HEIGHT="38" HPOS="551" VPOS="2591" WIDTH="24" />
<String CONTENT="13," HEIGHT="47" HPOS="576" VPOS="2590" WIDTH="68" />
<SP HEIGHT="47" HPOS="645" VPOS="2590" WIDTH="27" />
<String CONTENT="1936;" HEIGHT="47" HPOS="673" VPOS="2589" WIDTH="142" />
<SP HEIGHT="47" HPOS="816" VPOS="2589" WIDTH="31" />
<String CONTENT="2c." HEIGHT="41" HPOS="848" VPOS="2589" WIDTH="67" />
<SP HEIGHT="41" HPOS="916" VPOS="2589" WIDTH="27" />
<String CONTENT="July" HEIGHT="47" HPOS="944" VPOS="2589" WIDTH="116" />
<SP HEIGHT="47" HPOS="1061" VPOS="2589" WIDTH="25" />
<String CONTENT="10;" CS="1" HEIGHT="40" HPOS="1087" VPOS="2589" WIDTH="55" />
<SP HEIGHT="37" HPOS="1170" VPOS="2598" WIDTH="29" />
<String CONTENT="aff." HEIGHT="40" HPOS="1200" VPOS="2588" WIDTH="81" />
<SP HEIGHT="38" HPOS="1282" VPOS="2590" WIDTH="29" />
<String CONTENT="Aug." HEIGHT="46" HPOS="1312" VPOS="2590" WIDTH="120" />
<SP HEIGHT="39" HPOS="1433" VPOS="2590" WIDTH="28" />
<String CONTENT="12;" HEIGHT="48" HPOS="1462" VPOS="2587" WIDTH="81" />
<SP HEIGHT="46" HPOS="1544" VPOS="2589" WIDTH="30" />
<String CONTENT="A" HEIGHT="38" HPOS="1575" VPOS="2589" WIDTH="40" />
<SP HEIGHT="40" HPOS="1616" VPOS="2587" WIDTH="27" />
<String CONTENT="97351;" HEIGHT="43" HPOS="1644" VPOS="2587" WIDTH="171" />
<SP HEIGHT="42" HPOS="1816" VPOS="2588" WIDTH="34" />
<String CONTENT="State" HEIGHT="40" HPOS="1851" VPOS="2588" WIDTH="139" />
<SP HEIGHT="31" HPOS="1991" VPOS="2597" WIDTH="28" />
<String CONTENT="of" HEIGHT="41" HPOS="2020" VPOS="2587" WIDTH="51" />
<SP HEIGHT="40" HPOS="2072" VPOS="2587" WIDTH="28" />
<String CONTENT="Iowa." HEIGHT="38" HPOS="2101" VPOS="2589" WIDTH="145" />
</TextLine>
<TextLine HEIGHT="65" HPOS="338" STYLEREFS="StyleId-26F512E5-4DDD-4D34-8539-AE48A3B1B0EA-" VPOS="2679" WIDTH="835">
<String CONTENT="Jacoby," HEIGHT="65" HPOS="338" VPOS="2679" WIDTH="242" />
<SP HEIGHT="65" HPOS="581" VPOS="2679" WIDTH="27" />
<String CONTENT="George" HEIGHT="65" HPOS="609" VPOS="2679" WIDTH="229" />
<SP HEIGHT="56" HPOS="839" VPOS="2679" WIDTH="23" />
<String CONTENT="W.," HEIGHT="64" HPOS="863" VPOS="2679" WIDTH="108" />
<SP HEIGHT="59" HPOS="972" VPOS="2684" WIDTH="28" />
<String CONTENT="1856-" HEIGHT="51" HPOS="1001" VPOS="2683" WIDTH="172" />
</TextLine>
<TextLine CS="1" HEIGHT="72" HPOS="409" STYLEREFS="StyleId-779A8721-1BCB-4BC8-AE80-9009DD151B13-" VPOS="2753" WIDTH="1952">
<String CONTENT="Physician," HEIGHT="70" HPOS="409" VPOS="2755" WIDTH="332" />
<SP HEIGHT="50" HPOS="742" VPOS="2774" WIDTH="20" />
<String CONTENT="pastor" HEIGHT="63" HPOS="763" VPOS="2761" WIDTH="197" />
<SP HEIGHT="34" HPOS="961" VPOS="2775" WIDTH="22" />
<String CONTENT="and" HEIGHT="54" HPOS="984" VPOS="2755" WIDTH="113" />
<SP HEIGHT="68" HPOS="1098" VPOS="2755" WIDTH="20" />
<String CONTENT="patient;" CS="1" HEIGHT="68" HPOS="1119" VPOS="2755" WIDTH="223" />
<SP HEIGHT="49" HPOS="1371" VPOS="2774" WIDTH="25" />
<String CONTENT="problems" HEIGHT="68" HPOS="1397" VPOS="2755" WIDTH="285" />
<SP HEIGHT="51" HPOS="1683" VPOS="2756" WIDTH="21" />
<String CONTENT="in" HEIGHT="51" HPOS="1705" VPOS="2756" WIDTH="59" />
<SP HEIGHT="50" HPOS="1765" VPOS="2772" WIDTH="19" />
<String CONTENT="pastoral" HEIGHT="67" HPOS="1785" VPOS="2755" WIDTH="255" />
<SP HEIGHT="52" HPOS="2041" VPOS="2755" WIDTH="23" />
<String CONTENT="medicine," HEIGHT="69" HPOS="2065" VPOS="2753" WIDTH="296" />
</TextLine>
<TextLine CS="1" HEIGHT="72" HPOS="347" STYLEREFS="StyleId-779A8721-1BCB-4BC8-AE80-9009DD151B13-" VPOS="2833" WIDTH="2013">
<String CONTENT="by" HEIGHT="69" HPOS="347" VPOS="2836" WIDTH="73" />
<SP HEIGHT="71" HPOS="421" VPOS="2834" WIDTH="33" />
<String CONTENT="George" HEIGHT="70" HPOS="455" VPOS="2834" WIDTH="226" />
<SP HEIGHT="54" HPOS="682" VPOS="2834" WIDTH="28" />
<String CONTENT="W." HEIGHT="54" HPOS="711" VPOS="2834" WIDTH="89" />
<SP HEIGHT="54" HPOS="801" VPOS="2834" WIDTH="34" />
<String CONTENT="Jacoby" HEIGHT="71" HPOS="836" VPOS="2833" WIDTH="222" />
<SP HEIGHT="51" HPOS="1059" VPOS="2853" WIDTH="36" />
<String CONTENT="&#8230;" CS="1" />
<SP HEIGHT="52" HPOS="1154" VPOS="2834" WIDTH="71" />
<String CONTENT="New" HEIGHT="52" HPOS="1226" VPOS="2834" WIDTH="139" />
<SP HEIGHT="53" HPOS="1366" VPOS="2833" WIDTH="33" />
<String CONTENT="York," HEIGHT="69" HPOS="1400" VPOS="2833" WIDTH="182" />
<SP HEIGHT="69" HPOS="1583" VPOS="2833" WIDTH="30" />
<String CONTENT="London," HEIGHT="68" HPOS="1614" VPOS="2833" WIDTH="260" />
<SP HEIGHT="68" HPOS="1875" VPOS="2833" WIDTH="32" />
<String CONTENT="P." HEIGHT="53" HPOS="1908" LANG="fr" VPOS="2833" WIDTH="66" />
<SP HEIGHT="52" HPOS="1975" VPOS="2834" WIDTH="34" />
<String CONTENT="B." HEIGHT="52" HPOS="2010" VPOS="2834" WIDTH="68" />
<SP HEIGHT="53" HPOS="2079" VPOS="2833" WIDTH="33" />
<String CONTENT="Hoeber," HEIGHT="68" HPOS="2113" VPOS="2833" WIDTH="247" />
</TextLine>
<TextLine HEIGHT="70" HPOS="346" STYLEREFS="StyleId-779A8721-1BCB-4BC8-AE80-9009DD151B13-" VPOS="2912" WIDTH="1871">
<String CONTENT="inc.," HEIGHT="68" HPOS="346" VPOS="2914" WIDTH="126" />
<SP HEIGHT="68" HPOS="473" VPOS="2914" WIDTH="22" />
<String CONTENT="Medical" HEIGHT="53" HPOS="496" VPOS="2914" WIDTH="250" />
<SP HEIGHT="53" HPOS="747" VPOS="2913" WIDTH="25" />
<String CONTENT="book" HEIGHT="53" HPOS="773" VPOS="2913" WIDTH="149" />
<SP HEIGHT="53" HPOS="923" VPOS="2913" WIDTH="25" />
<String CONTENT="department" HEIGHT="68" HPOS="949" VPOS="2914" WIDTH="364" />
<SP HEIGHT="47" HPOS="1314" VPOS="2919" WIDTH="25" />
<String CONTENT="of" HEIGHT="52" HPOS="1340" VPOS="2914" WIDTH="64" />
<SP HEIGHT="53" HPOS="1405" VPOS="2913" WIDTH="22" />
<String CONTENT="Harper" HEIGHT="67" HPOS="1428" VPOS="2913" WIDTH="235" />
<SP HEIGHT="50" HPOS="1664" VPOS="2915" WIDTH="22" />
<String CONTENT="&amp;" HEIGHT="50" HPOS="1687" VPOS="2915" WIDTH="48" />
<SP HEIGHT="52" HPOS="1736" VPOS="2913" WIDTH="21" />
<String CONTENT="brothers," HEIGHT="68" HPOS="1758" VPOS="2912" WIDTH="278" />
<SP HEIGHT="63" HPOS="2037" VPOS="2917" WIDTH="28" />
<String CONTENT="1936." HEIGHT="49" HPOS="2066" VPOS="2916" WIDTH="151" />
</TextLine>
<TextLine CS="1" HEIGHT="49" HPOS="418" STYLEREFS="StyleId-779A8721-1BCB-4BC8-AE80-9009DD151B13-" VPOS="2987" WIDTH="1053">
<String CONTENT="ix," HEIGHT="44" HPOS="418" VPOS="2988" WIDTH="63" />
<SP HEIGHT="43" HPOS="482" VPOS="2989" WIDTH="27" />
<String CONTENT="390" HEIGHT="41" HPOS="510" VPOS="2988" WIDTH="86" />
<SP HEIGHT="48" HPOS="597" VPOS="2988" WIDTH="26" />
<String CONTENT="p." HEIGHT="37" HPOS="624" VPOS="2999" WIDTH="44" />
<SP HEIGHT="42" HPOS="669" VPOS="2987" WIDTH="54" />
<String CONTENT="front.," HEIGHT="48" HPOS="724" VPOS="2987" WIDTH="165" />
<SP HEIGHT="38" HPOS="890" VPOS="2998" WIDTH="28" />
<String CONTENT="plates," HEIGHT="47" HPOS="919" VPOS="2989" WIDTH="172" />
<SP HEIGHT="37" HPOS="1092" VPOS="2999" WIDTH="27" />
<String CONTENT="ports." HEIGHT="47" HPOS="1120" VPOS="2989" WIDTH="149" />
<SP HEIGHT="39" HPOS="1270" VPOS="2987" WIDTH="53" />
<String CONTENT="22&#189;cm." CS="1" HEIGHT="40" HPOS="1324" VPOS="2987" WIDTH="147" />
</TextLine>
<TextLine CS="1" HEIGHT="48" HPOS="417" VPOS="3044" WIDTH="715">
<String CONTENT="Bibliography;" CS="1" HEIGHT="48" HPOS="417" VPOS="3044" WIDTH="352" />
<SP HEIGHT="37" HPOS="797" VPOS="3054" WIDTH="39" />
<String CONTENT="p." HEIGHT="37" HPOS="837" VPOS="3054" WIDTH="42" />
<SP HEIGHT="41" HPOS="880" VPOS="3045" WIDTH="33" />
<String CONTENT="375-379." HEIGHT="41" HPOS="914" VPOS="3044" WIDTH="218" />
</TextLine>
<TextLine CS="1" HEIGHT="53" HPOS="342" VPOS="3097" WIDTH="2013">
<String CONTENT="&#169;" HEIGHT="53" HPOS="342" VPOS="3097" WIDTH="53" />
<SP HEIGHT="53" HPOS="396" VPOS="3097" WIDTH="25" />
<String CONTENT="July" HEIGHT="46" HPOS="422" VPOS="3102" WIDTH="116" />
<SP HEIGHT="46" HPOS="539" VPOS="3102" WIDTH="24" />
<String CONTENT="9." HEIGHT="42" HPOS="564" VPOS="3102" WIDTH="39" />
<SP HEIGHT="42" HPOS="604" VPOS="3102" WIDTH="27" />
<String CONTENT="1936;" HEIGHT="49" HPOS="632" VPOS="3100" WIDTH="141" />
<SP HEIGHT="48" HPOS="774" VPOS="3101" WIDTH="29" />
<String CONTENT="2c." HEIGHT="40" HPOS="804" VPOS="3101" WIDTH="67" />
<SP HEIGHT="40" HPOS="872" VPOS="3101" WIDTH="27" />
<String CONTENT="July" HEIGHT="46" HPOS="900" VPOS="3101" WIDTH="116" />
<SP HEIGHT="45" HPOS="1017" VPOS="3102" WIDTH="26" />
<String CONTENT="10;" HEIGHT="41" HPOS="1044" VPOS="3101" WIDTH="81" />
<SP HEIGHT="32" HPOS="1126" VPOS="3110" WIDTH="30" />
<String CONTENT="aff." HEIGHT="40" HPOS="1157" VPOS="3100" WIDTH="82" />
<SP HEIGHT="39" HPOS="1240" VPOS="3101" WIDTH="28" />
<String CONTENT="July" HEIGHT="47" HPOS="1269" VPOS="3100" WIDTH="115" />
<SP HEIGHT="45" HPOS="1385" VPOS="3102" WIDTH="27" />
<String CONTENT="11;" CS="1" HEIGHT="37" HPOS="1413" VPOS="3102" WIDTH="52" />
<SP HEIGHT="41" HPOS="1495" VPOS="3101" WIDTH="30" />
<String CONTENT="A" HEIGHT="38" HPOS="1526" VPOS="3101" WIDTH="39" />
<SP HEIGHT="39" HPOS="1566" VPOS="3100" WIDTH="26" />
<String CONTENT="96398;" HEIGHT="42" HPOS="1593" VPOS="3100" WIDTH="170" />
<SP HEIGHT="40" HPOS="1764" VPOS="3102" WIDTH="31" />
<String CONTENT="Paul" HEIGHT="38" HPOS="1796" VPOS="3101" WIDTH="119" />
<SP HEIGHT="38" HPOS="1916" VPOS="3101" WIDTH="29" />
<String CONTENT="B." HEIGHT="39" HPOS="1946" VPOS="3102" WIDTH="54" />
<SP HEIGHT="40" HPOS="2001" VPOS="3101" WIDTH="30" />
<String CONTENT="Hoeber," HEIGHT="46" HPOS="2032" VPOS="3100" WIDTH="205" />
<SP HEIGHT="46" HPOS="2238" VPOS="3100" WIDTH="25" />
<String CONTENT="inc." HEIGHT="39" HPOS="2264" VPOS="3100" WIDTH="91" />
</TextLine>
<TextLine HEIGHT="49" HPOS="422" VPOS="3157" WIDTH="283">
<String CONTENT="(36-17393)" HEIGHT="49" HPOS="422" VPOS="3157" WIDTH="283" />
</TextLine>
<TextLine HEIGHT="66" HPOS="343" STYLEREFS="StyleId-26F512E5-4DDD-4D34-8539-AE48A3B1B0EA-" VPOS="3232" WIDTH="652">
<String CONTENT="Jehl," HEIGHT="64" HPOS="343" VPOS="3232" WIDTH="152" />
<SP HEIGHT="62" HPOS="496" VPOS="3234" WIDTH="28" />
<String CONTENT="Francis," HEIGHT="65" HPOS="525" VPOS="3233" WIDTH="267" />
<SP HEIGHT="59" HPOS="793" VPOS="3239" WIDTH="30" />
<String CONTENT="1863-" HEIGHT="50" HPOS="824" VPOS="3238" WIDTH="171" />
</TextLine>
<TextLine CS="1" HEIGHT="70" HPOS="413" STYLEREFS="StyleId-779A8721-1BCB-4BC8-AE80-9009DD151B13-" VPOS="3308" WIDTH="1943">
<String CONTENT="Menlo" HEIGHT="53" HPOS="413" VPOS="3312" WIDTH="193" />
<SP HEIGHT="52" HPOS="607" VPOS="3313" WIDTH="34" />
<String CONTENT="Park" HEIGHT="53" HPOS="642" VPOS="3311" WIDTH="159" />
<SP HEIGHT="52" HPOS="802" VPOS="3311" WIDTH="32" />
<String CONTENT="reminiscences," HEIGHT="67" HPOS="835" VPOS="3310" WIDTH="443" />
<SP HEIGHT="66" HPOS="1279" VPOS="3311" WIDTH="34" />
<String CONTENT="by" HEIGHT="67" HPOS="1314" VPOS="3311" WIDTH="75" />
<SP HEIGHT="66" HPOS="1390" VPOS="3312" WIDTH="34" />
<String CONTENT="Francis" HEIGHT="54" HPOS="1425" VPOS="3310" WIDTH="243" />
<SP HEIGHT="53" HPOS="1669" VPOS="3313" WIDTH="32" />
<String CONTENT="Jehl" HEIGHT="55" HPOS="1702" VPOS="3311" WIDTH="134" />
<SP HEIGHT="52" HPOS="1837" VPOS="3311" WIDTH="40" />
<String CONTENT="&#8230;" CS="1" />
<SP HEIGHT="53" HPOS="1935" VPOS="3312" WIDTH="74" />
<String CONTENT="Written" HEIGHT="54" HPOS="2010" VPOS="3311" WIDTH="252" />
<SP HEIGHT="54" HPOS="2263" VPOS="3308" WIDTH="32" />
<String CONTENT="in" HEIGHT="54" HPOS="2296" VPOS="3308" WIDTH="60" />
</TextLine>
<TextLine HEIGHT="68" HPOS="344" STYLEREFS="StyleId-779A8721-1BCB-4BC8-AE80-9009DD151B13-" VPOS="3388" WIDTH="2012">
<String CONTENT="Edison&#8217;s" HEIGHT="54" HPOS="344" VPOS="3389" WIDTH="263" />
<SP HEIGHT="34" HPOS="608" VPOS="3408" WIDTH="41" />
<String CONTENT="restored" HEIGHT="53" HPOS="650" VPOS="3389" WIDTH="254" />
<SP HEIGHT="52" HPOS="905" VPOS="3389" WIDTH="38" />
<String CONTENT="Menlo" HEIGHT="52" HPOS="944" VPOS="3390" WIDTH="194" />
<SP HEIGHT="51" HPOS="1139" VPOS="3391" WIDTH="40" />
<String CONTENT="Park" HEIGHT="53" HPOS="1180" VPOS="3389" WIDTH="158" />
<SP HEIGHT="51" HPOS="1339" VPOS="3389" WIDTH="38" />
<String CONTENT="laboratory." HEIGHT="67" HPOS="1378" VPOS="3389" WIDTH="346" />
<SP HEIGHT="52" HPOS="1725" VPOS="3390" WIDTH="76" />
<String CONTENT="Dearborn," HEIGHT="67" HPOS="1802" VPOS="3389" WIDTH="319" />
<SP HEIGHT="67" HPOS="2122" VPOS="3389" WIDTH="40" />
<String CONTENT="Mich.," HEIGHT="65" HPOS="2163" VPOS="3388" WIDTH="193" />
</TextLine>
<TextLine HEIGHT="68" HPOS="346" STYLEREFS="StyleId-779A8721-1BCB-4BC8-AE80-9009DD151B13-" VPOS="3466" WIDTH="702">
<String CONTENT="Edison" HEIGHT="52" HPOS="346" VPOS="3469" WIDTH="218" />
<SP HEIGHT="52" HPOS="565" VPOS="3468" WIDTH="26" />
<String CONTENT="institute," HEIGHT="68" HPOS="592" VPOS="3466" WIDTH="279" />
<SP HEIGHT="62" HPOS="872" VPOS="3472" WIDTH="25" />
<String CONTENT="1936." HEIGHT="51" HPOS="898" VPOS="3470" WIDTH="150" />
</TextLine>
<TextLine CS="1" HEIGHT="51" HPOS="409" VPOS="3540" WIDTH="948">
<String CONTENT="430" HEIGHT="42" HPOS="409" VPOS="3541" WIDTH="87" />
<SP HEIGHT="50" HPOS="497" VPOS="3541" WIDTH="33" />
<String CONTENT="p." HEIGHT="38" HPOS="531" VPOS="3553" WIDTH="42" />
<SP HEIGHT="41" HPOS="574" VPOS="3542" WIDTH="58" />
<String CONTENT="illus." HEIGHT="40" HPOS="633" VPOS="3542" WIDTH="130" />
<SP HEIGHT="49" HPOS="764" VPOS="3541" WIDTH="28" />
<String CONTENT="(incl." HEIGHT="49" HPOS="793" VPOS="3541" WIDTH="133" />
<SP HEIGHT="37" HPOS="927" VPOS="3553" WIDTH="34" />
<String CONTENT="ports.)" HEIGHT="48" HPOS="962" VPOS="3542" WIDTH="176" />
<SP HEIGHT="48" HPOS="1139" VPOS="3541" WIDTH="71" />
<String CONTENT="19&#189;" CS="1" HEIGHT="41" HPOS="1211" VPOS="3540" WIDTH="55" />
<String CONTENT="cm" HEIGHT="23" HPOS="1298" STYLE="superscript" VPOS="3542" WIDTH="44" />
<String CONTENT="." HEIGHT="6" HPOS="1348" VPOS="3576" WIDTH="9" />
</TextLine>
<TextLine HEIGHT="53" HPOS="344" VPOS="3595" WIDTH="1818">
<String CONTENT="&#169;" HEIGHT="53" HPOS="344" VPOS="3595" WIDTH="53" />
<SP HEIGHT="53" HPOS="398" VPOS="3595" WIDTH="26" />
<String CONTENT="May" HEIGHT="38" HPOS="425" VPOS="3601" WIDTH="113" />
<SP HEIGHT="38" HPOS="539" VPOS="3602" WIDTH="26" />
<String CONTENT="30," HEIGHT="45" HPOS="566" VPOS="3599" WIDTH="68" />
<SP HEIGHT="44" HPOS="635" VPOS="3600" WIDTH="30" />
<String CONTENT="1936;" HEIGHT="48" HPOS="666" VPOS="3598" WIDTH="140" />
<SP HEIGHT="47" HPOS="807" VPOS="3599" WIDTH="29" />
<String CONTENT="2c." HEIGHT="39" HPOS="837" VPOS="3599" WIDTH="68" />
<SP HEIGHT="30" HPOS="906" VPOS="3609" WIDTH="27" />
<String CONTENT="and" HEIGHT="41" HPOS="934" VPOS="3598" WIDTH="96" />
<SP HEIGHT="39" HPOS="1031" VPOS="3598" WIDTH="28" />
<String CONTENT="aff." HEIGHT="40" HPOS="1060" VPOS="3598" WIDTH="82" />
<SP HEIGHT="40" HPOS="1143" VPOS="3598" WIDTH="30" />
<String CONTENT="July" HEIGHT="47" HPOS="1174" VPOS="3598" WIDTH="116" />
<SP HEIGHT="46" HPOS="1291" VPOS="3599" WIDTH="27" />
<String CONTENT="31;" HEIGHT="40" HPOS="1319" VPOS="3599" WIDTH="82" />
<SP HEIGHT="40" HPOS="1402" VPOS="3599" WIDTH="33" />
<String CONTENT="A" HEIGHT="38" HPOS="1436" VPOS="3599" WIDTH="39" />
<SP HEIGHT="39" HPOS="1476" VPOS="3598" WIDTH="28" />
<String CONTENT="96683;" HEIGHT="42" HPOS="1505" VPOS="3598" WIDTH="170" />
<SP HEIGHT="42" HPOS="1676" VPOS="3598" WIDTH="33" />
<String CONTENT="Edison" HEIGHT="40" HPOS="1710" VPOS="3596" WIDTH="181" />
<SP HEIGHT="39" HPOS="1892" VPOS="3597" WIDTH="28" />
<String CONTENT="institute." HEIGHT="39" HPOS="1921" VPOS="3597" WIDTH="241" />
</TextLine>
<TextLine HEIGHT="46" HPOS="421" VPOS="3656" WIDTH="281">
<String CONTENT="(36-17342)" HEIGHT="46" HPOS="421" VPOS="3656" WIDTH="281" />
</TextLine>
<TextLine HEIGHT="63" HPOS="344" STYLEREFS="StyleId-26F512E5-4DDD-4D34-8539-AE48A3B1B0EA-" VPOS="3731" WIDTH="787">
<String CONTENT="Jurdant," HEIGHT="63" HPOS="344" VPOS="3731" WIDTH="275" />
<SP HEIGHT="62" HPOS="620" VPOS="3732" WIDTH="27" />
<String CONTENT="Louis" HEIGHT="53" HPOS="648" VPOS="3731" WIDTH="180" />
<SP HEIGHT="52" HPOS="829" VPOS="3732" WIDTH="24" />
<String CONTENT="Thomas." HEIGHT="55" HPOS="854" VPOS="3731" WIDTH="277" />
</TextLine>
<TextLine CS="1" HEIGHT="71" HPOS="479" STYLEREFS="StyleId-779A8721-1BCB-4BC8-AE80-9009DD151B13-" VPOS="3803" WIDTH="1877">
<String CONTENT="&#8230;" CS="1" LANG="en-US" />
<SP HEIGHT="51" HPOS="479" VPOS="3809" WIDTH="35" />
<String CONTENT="Le" HEIGHT="51" HPOS="515" LANG="fr" VPOS="3809" WIDTH="81" />
<SP HEIGHT="34" HPOS="597" VPOS="3827" WIDTH="24" />
<String CONTENT="secret" HEIGHT="48" HPOS="622" LANG="en-US" VPOS="3813" WIDTH="180" />
<SP HEIGHT="52" HPOS="803" VPOS="3808" WIDTH="27" />
<String CONTENT="de" HEIGHT="52" HPOS="831" LANG="fr" VPOS="3808" WIDTH="68" />
<SP HEIGHT="51" HPOS="900" VPOS="3809" WIDTH="29" />
<String CONTENT="la" HEIGHT="51" HPOS="930" LANG="fr" VPOS="3809" WIDTH="55" />
<SP HEIGHT="34" HPOS="986" VPOS="3826" WIDTH="31" />
<String CONTENT="maison" HEIGHT="53" HPOS="1018" LANG="fr" VPOS="3807" WIDTH="218" />
<SP HEIGHT="33" HPOS="1237" VPOS="3825" WIDTH="34" />
<String CONTENT="verte," HEIGHT="60" HPOS="1272" LANG="fr" VPOS="3813" WIDTH="171" />
<SP HEIGHT="47" HPOS="1444" VPOS="3826" WIDTH="34" />
<String CONTENT="roman" HEIGHT="35" HPOS="1479" LANG="en-US" VPOS="3823" WIDTH="197" />
<SP HEIGHT="50" HPOS="1677" VPOS="3824" WIDTH="33" />
<String CONTENT="policier." HEIGHT="69" HPOS="1711" LANG="fr" VPOS="3805" WIDTH="250" />
<SP HEIGHT="51" HPOS="1962" VPOS="3806" WIDTH="70" />
<String CONTENT="Paris," HEIGHT="68" HPOS="2033" LANG="en-US" VPOS="3803" WIDTH="185" />
<SP HEIGHT="67" HPOS="2219" VPOS="3804" WIDTH="29" />
<String CONTENT="Les" HEIGHT="52" HPOS="2249" LANG="fr" VPOS="3804" WIDTH="107" />
</TextLine>
<TextLine HEIGHT="76" HPOS="345" LANG="fr" STYLEREFS="StyleId-779A8721-1BCB-4BC8-AE80-9009DD151B13-" VPOS="3876" WIDTH="844">
<String CONTENT="&#201;ditions" HEIGHT="64" HPOS="345" VPOS="3876" WIDTH="269" />
<SP HEIGHT="53" HPOS="615" VPOS="3887" WIDTH="31" />
<String CONTENT="de" HEIGHT="52" HPOS="647" VPOS="3887" WIDTH="68" />
<SP HEIGHT="53" HPOS="716" VPOS="3886" WIDTH="30" />
<String CONTENT="France," HEIGHT="66" HPOS="747" VPOS="3886" WIDTH="238" />
<SP HEIGHT="59" HPOS="986" VPOS="3893" WIDTH="28" />
<String CONTENT="c" HEIGHT="21" HPOS="1015" STYLE="superscript" VPOS="3893" WIDTH="18" />
<String CONTENT="1936." HEIGHT="49" HPOS="1038" VPOS="3889" WIDTH="151" />
</TextLine>
<TextLine CS="1" HEIGHT="51" HPOS="413" LANG="fr" VPOS="3956" WIDTH="1628">
<String CONTENT="2" HEIGHT="39" HPOS="413" VPOS="3959" WIDTH="24" />
<SP HEIGHT="47" HPOS="438" VPOS="3959" WIDTH="28" />
<String CONTENT="p." HEIGHT="37" HPOS="467" VPOS="3969" WIDTH="42" />
<SP />
<String CONTENT="l.," CS="1" />
<SP />
<String CONTENT="254" HEIGHT="40" HPOS="609" VPOS="3958" WIDTH="88" />
<SP HEIGHT="48" HPOS="698" VPOS="3958" WIDTH="24" />
<String CONTENT="p.," HEIGHT="38" HPOS="723" VPOS="3968" WIDTH="58" />
<SP HEIGHT="46" HPOS="782" VPOS="3959" WIDTH="26" />
<String CONTENT="1" HEIGHT="38" HPOS="809" VPOS="3959" WIDTH="23" />
<SP HEIGHT="39" HPOS="833" VPOS="3958" WIDTH="27" />
<String CONTENT="l." CS="1" HEIGHT="9" HPOS="880" VPOS="3990" WIDTH="9" />
<SP HEIGHT="40" HPOS="890" VPOS="3959" WIDTH="56" />
<String CONTENT="19" HEIGHT="40" HPOS="947" VPOS="3959" WIDTH="55" />
<String CONTENT="cm" HEIGHT="22" HPOS="1007" STYLE="superscript" VPOS="3961" WIDTH="43" />
<String CONTENT="." HEIGHT="10" HPOS="1053" VPOS="3990" WIDTH="10" />
<SP HEIGHT="48" HPOS="1064" VPOS="3959" WIDTH="64" />
<String CONTENT="(On" HEIGHT="50" HPOS="1129" LANG="en-US" VPOS="3957" WIDTH="96" />
<SP HEIGHT="30" HPOS="1226" VPOS="3968" WIDTH="26" />
<String CONTENT="cover" HEIGHT="30" HPOS="1253" LANG="en-US" VPOS="3968" WIDTH="143" />
<String CONTENT=";" CS="1" />
<SP HEIGHT="40" HPOS="1418" VPOS="3958" WIDTH="25" />
<String CONTENT="A" HEIGHT="38" HPOS="1444" VPOS="3958" WIDTH="39" />
<SP HEIGHT="39" HPOS="1484" VPOS="3958" WIDTH="26" />
<String CONTENT="ne" HEIGHT="31" HPOS="1511" VPOS="3969" WIDTH="57" />
<SP HEIGHT="37" HPOS="1569" VPOS="3968" WIDTH="25" />
<String CONTENT="pas" HEIGHT="37" HPOS="1595" VPOS="3968" WIDTH="89" />
<SP HEIGHT="39" HPOS="1685" VPOS="3959" WIDTH="27" />
<String CONTENT="lire" HEIGHT="41" HPOS="1713" VPOS="3957" WIDTH="90" />
<SP HEIGHT="41" HPOS="1804" VPOS="3957" WIDTH="28" />
<String CONTENT="la" HEIGHT="40" HPOS="1833" VPOS="3957" WIDTH="47" />
<SP HEIGHT="29" HPOS="1881" VPOS="3968" WIDTH="26" />
<String CONTENT="nuit)" HEIGHT="46" HPOS="1908" VPOS="3956" WIDTH="133" />
</TextLine>
<TextLine CS="1" HEIGHT="61" HPOS="342" LANG="fr" VPOS="4013" WIDTH="1954">
<String CONTENT="&#169;" HEIGHT="54" HPOS="342" VPOS="4020" WIDTH="53" />
<SP HEIGHT="54" HPOS="396" VPOS="4020" WIDTH="27" />
<String CONTENT="Mar." HEIGHT="38" HPOS="424" VPOS="4026" WIDTH="121" />
<SP HEIGHT="39" HPOS="546" VPOS="4025" WIDTH="29" />
<String CONTENT="10," HEIGHT="48" HPOS="576" VPOS="4024" WIDTH="67" />
<SP HEIGHT="46" HPOS="644" VPOS="4026" WIDTH="31" />
<String CONTENT="1936;" CS="1" HEIGHT="42" HPOS="676" VPOS="4023" WIDTH="116" />
<SP />
<String CONTENT="1c." CS="1" />
<SP />
<String CONTENT="May" HEIGHT="46" HPOS="947" VPOS="4026" WIDTH="113" />
<SP HEIGHT="46" HPOS="1061" VPOS="4026" WIDTH="29" />
<String CONTENT="11;" HEIGHT="48" HPOS="1091" VPOS="4025" WIDTH="81" />
<SP HEIGHT="38" HPOS="1173" VPOS="4035" WIDTH="31" />
<String CONTENT="A-" CS="1" HEIGHT="5" HPOS="1248" VPOS="4047" WIDTH="61" />
<String CONTENT="Foreign" HEIGHT="48" HPOS="1310" LANG="en-US" VPOS="4024" WIDTH="210" />
<SP HEIGHT="40" HPOS="1521" VPOS="4024" WIDTH="26" />
<String CONTENT="31729;" HEIGHT="48" HPOS="1548" VPOS="4023" WIDTH="171" />
<SP HEIGHT="58" HPOS="1720" VPOS="4013" WIDTH="34" />
<String CONTENT="&#201;ditions" HEIGHT="50" HPOS="1755" VPOS="4013" WIDTH="224" />
<SP HEIGHT="40" HPOS="1980" VPOS="4023" WIDTH="28" />
<String CONTENT="de" HEIGHT="39" HPOS="2009" VPOS="4023" WIDTH="58" />
<SP HEIGHT="39" HPOS="2068" VPOS="4023" WIDTH="28" />
<String CONTENT="France." HEIGHT="38" HPOS="2097" VPOS="4023" WIDTH="199" />
</TextLine>
<TextLine HEIGHT="50" HPOS="423" LANG="fr" VPOS="4080" WIDTH="282">
<String CONTENT="(36-17421)" HEIGHT="50" HPOS="423" VPOS="4080" WIDTH="282" />
</TextLine>
</TextBlock>
</PrintSpace>
</Page>
</Layout>
</alto>