2519 4377
996 4162 132 53 1203

72 491 298 64 Carstens,
395 490 194 64 Peter,
619 495 172 49 1903-

203 564 1857 70 … Viehhaltung und fütterung, bearbeitet von prof. dr.
69 642 1969 133 P. Carstens [und] dr. A. Werner … Berlin, Reichsnährstand
265 722 854 68 verlags-ges. m. b. h. [ c 1935]
141 792 98 50 196,
275 794 83 50 [20]
390 803 44 38 p.
493 793 55 41 23
552 797 43 20 cm
599 824 9 9 .
681 792 569 51 (Landwirtschaftliche
1278 792 401 49 lehrbuch-reihe,
1710 793 129 48 hrsg.
1870 804 91 29 von
1993 795 69 39 dr.

72 850 482 49 Marquis … 3. t.)
142 907 159 39 Blank
330 917 146 38 pages
505 907 128 40 “Für
660 908 262 39 besondere
950 905 391 49 anmerkungen”
1380 905 113 51 ([20]
1524 908 53 39 at
1606 906 117 47 end)

71 960 1994 54 © Dec. 15, 1935 ; 1c. Apr. 27, 1936 ; A- Foreign 31553 ; Reichsnährstand
141 1022 306 47 verlags-ges.
481 1032 57 28 m.
569 1022 42 40 b.
642 1022 46 40 h.
758 1021 279 48 (36-19133)

74 1111 454 66 [Chambrelent,
555 1111 201 54 André
782 1112 273 63 Auguste
1082 1111 163 67 Paul]
1279 1116 170 49 1886-

65 1188 1974 145 … Labruyère, village de France, fase. 2. La période révolutionnaire. Paris, Gaston Saffroy [ c 1936]
140 1339 1154 50 3 p. l. , [119]-381 p., 2 l. fold, table. 24 cm .
137 1395 230 40 Author’s
396 1396 179 48 pseud.,
606 1396 164 40 André
801 1396 212 48 Florent,
1045 1398 51 37 at
1128 1395 126 41 head
1285 1396 52 39 of
1366 1395 123 40 title.

138 1453 287 39 Illustrated
459 1456 96 44 t.-p.

69 1504 1994 53 © June 15, 1936; 1c. Aug. 27; A-Foreign 32868; A. Chambrelent,
138 1565 206 48 Neuilly,
376 1566 198 38 France.

69 1655 208 65 Chase,
301 1657 228 62 Stuart,
559 1662 169 49 1888-

140 1731 146 54 Rich
321 1732 154 67 land,
511 1750 140 50 poor
688 1732 165 66 land;
895 1750 28 33 a
961 1731 171 68 study
1170 1731 65 53 of
1271 1736 172 48 waste
1481 1730 59 53 in
1577 1730 96 53 the
1708 1732 231 51 natural
70 1749 1968 113 resources
317 1809 64 52 of
408 1808 283 68 America,
716 1810 73 67 by
820 1808 201 55 Stuart
1049 1809 180 55 Chase
1246 1828 11 48 ;
1287 1825 179 51 maps,
1494 1807 290 69 diagrams
1811 1808 111 52 and
1952 1808 108 53 end

69 1884 1969 147 paper design by Henry Billings. New York, London, Whittlesey house, McGraw-Hill book company, inc. [ c 1936]
173 2064 9 15 x,
216 2034 83 40 361
334 2045 43 37 p.
436 2034 163 48 front.,
630 2035 128 39 illus.
787 2034 134 49 (incl.
953 2035 162 49 maps)
1154 2046 61 30 xv
1249 2035 76 49 pi.,
1360 2035 179 48 diagrs.
1598 2035 56 39 21
1657 2037 44 22 cm
1706 2065 10 10 .

140 2090 159 40 “First
333 2090 225 41 edition.”

139 2146 245 41 “Selected
421 2145 364 49 bibliography”
805 2157 9 29 :
853 2158 41 37 p.
931 2146 217 42 351-352.

71 2201 52 53 ©
150 2206 126 47 Sept.
300 2207 70 46 14,
394 2205 113 42 1936
525 2218 9 35 ;
560 2206 65 39 2c.
654 2207 128 47 Sept.
808 2207 54 39 17
880 2217 9 35 ;
918 2205 81 42 aff.
1026 2206 127 47 Sept.
1178 2206 56 40 18
1252 2216 8 37 ;
1289 2206 41 39 A
1354 2205 144 41 97872
1516 2216 9 37 ;
1557 2207 45 40 S.
1628 2206 171 49 Chase,
1826 2205 236 49 Redding,

140 2262 146 42 Conn.
350 2264 278 49 (36-27421)

68 2354 302 54 Columbia
395 2354 351 64 university.

139 2430 451 69 Contemporary
635 2432 284 68 problems
965 2431 57 52 in
1068 2432 94 51 the
1206 2432 217 54 United
1469 2431 205 68 States,
1717 2432 76 67 by
1836 2432 225 53 Horace

67 2509 229 66 Taylor,
331 2507 138 54 with
504 2510 95 52 the
635 2510 410 52 collaboration
1082 2509 63 52 of
1182 2509 300 54 Columbia
1518 2509 210 68 college
1765 2510 297 52 associates

65 2584 1995 149 in economics, government and public law, history, and philosophy. 1936-37 ed. volume l. New York, Harcourt, Brace
68 2741 642 67 and company [ c 1936]
140 2812 82 48 xii,
254 2813 89 41 488
371 2823 44 37 p.
475 2813 142 47 illus.,
653 2813 179 49 diagrs.
890 2814 58 41 28½
978 2817 44 20 cm
1027 2847 8 8 .
1098 2814 195 40 annual.

136 2869 510 49 Photolitbographed.

71 2922 54 53 ©
150 2927 118 47 Aug.
299 2927 69 50 27,
398 2926 140 48 1936;
570 2928 66 40 2c.
668 2928 97 38 and
794 2927 82 41 aff.
910 2928 127 47 Sept.
1069 2928 52 46 5;
1154 2928 41 39 A
1225 2927 170 48 97686;
1431 2928 262 48 Harcourt,
1725 2929 155 39 Brace
1912 2929 36 40 &
1978 2937 83 39 co.,

138 2982 89 42 inc.

69 3058 358 54 Conference
479 3076 72 36 on
603 3060 315 62 monetary
967 3059 206 64 policy,
1232 3059 329 67 University
1609 3061 63 65 of
1721 3062 342 62 Minnesota,

139 3139 148 50 1936.

137 3214 299 65 Prospects
468 3213 94 53 for
593 3213 288 66 inflation;
920 3232 29 33 a
983 3213 328 54 conference
1342 3214 133 52 held
1507 3219 59 48 at
1598 3215 99 51 the
1726 3213 335 67 University

68 3289 1969 146 of Minnesota on February 6, 1936 … [Minneapolis] The University of Minnesota press, 1936.
141 3438 55 39 32
223 3448 43 38 p.
324 3438 178 48 diagrs.
559 3439 54 41 23
616 3443 45 20 cm
668 3470 6 8 .
743 3440 124 48 (The
898 3442 107 45 Day
1035 3440 94 39 and
1158 3439 123 41 hour
1311 3440 150 41 series
1490 3440 51 40 of
1569 3440 82 40 the
1684 3438 298 51 [University
2012 3441 52 40 of

71 3493 287 52 Minnesota]
416 3505 74 30 no.
521 3496 79 46 13)

142 3551 118 40 This
297 3552 185 39 session
519 3562 101 30 was
656 3556 113 44 part
806 3553 53 38 of
893 3564 28 28 a
956 3553 287 40 conference
1278 3564 60 29 on
1376 3554 253 46 monetary
1665 3552 158 48 policy
1860 3553 110 39 held
2011 3556 51 37 at

72 3607 82 39 the
177 3607 280 48 University
480 3608 51 40 of
555 3608 275 41 Minnesota
855 3609 154 39 under
1033 3609 82 40 the
1139 3608 221 49 auspices
1384 3609 51 39 of
1459 3609 82 39 the
1568 3608 169 41 School
1764 3609 52 39 of
1837 3608 224 40 business

70 3663 409 41 administration,
539 3674 60 32 cf.
630 3675 45 38 p.
724 3665 28 38 [2]

71 3715 53 52 ©
150 3721 121 40 Mar.
298 3721 69 47 21,
395 3721 140 46 1936;
562 3721 66 40 2c.
658 3722 113 47 Apr.
800 3722 52 45 6;
883 3722 82 40 aff.
994 3722 113 47 Apr.
1134 3722 54 46 4;
1218 3721 41 39 A
1285 3720 171 47 92756;
1489 3719 283 48 University
1799 3720 52 40 of
142 3719 1902 105 Minnesota,
294 3777 334 47 Minneapolis.
701 3777 279 48 (36-27760)

71 3850 206 63 Cooke,
303 3853 137 50 Mrs.
469 3851 181 53 Edith
684 3852 287 64 (Holden)

139 3925 119 52 The
308 3925 315 66 Bratchets,
670 3927 74 66 by
790 3927 181 53 Edith
1017 3926 230 54 Holden
1296 3926 215 65 Cooke;
1561 3923 377 55 illustrations
1983 3924 73 67 by

73 3999 251 68 Lansing
351 4002 60 54 C.
442 4001 244 54 Holden.
761 4004 259 67 London,
1047 4005 137 52 New
1214 4003 159 53 York
1407 4009 138 62 [etc.]
1579 4001 228 55 Oxford
71 4001 1965 143 university
215 4096 156 49 press
409 4112 13 34 [
427 4085 18 22 c
450 4080 150 67 1936]
