<alto xmlns="http://www.loc.gov/standards/alto/ns-v3#" xmlns:xlink="http://www.w3.org/1999/xlink" xmlns:xsi="http://www.w3.org/2001/XMLSchema-instance" xsi:schemaLocation="http://www.loc.gov/standards/alto/ns-v3# http://www.loc.gov/alto/v3/alto-3-0.xsd"><Description>
<MeasurementUnit>pixel</MeasurementUnit>
<sourceImageInformation>
<fileName>1936_v33_Part1.pdf</fileName>
</sourceImageInformation>
<OCRProcessing ID="IdOcr">
<ocrProcessingStep>
<processingDateTime>2019-01-18</processingDateTime>
<processingSoftware>
<softwareCreator>ABBYY</softwareCreator>
<softwareName>ABBYY Recognition Server</softwareName>
<softwareVersion>4.0</softwareVersion>
</processingSoftware>
</ocrProcessingStep>
</OCRProcessing>
</Description>
<Styles>
<ParagraphStyle ID="StyleId-FFFFFFFF-FFFF-FFFF-FFFF-FFFFFFFFFFFF-" ALIGN="Left" LEFT="0." RIGHT="0." FIRSTLINE="0."/>
<ParagraphStyle ID="StyleId-51D50FAC-7A90-4D70-8A96-5EA9D46D1C8B-" ALIGN="Left" LEFT="0." RIGHT="0." FIRSTLINE="0." LINESPACE="7.699999809"/>
<ParagraphStyle ID="StyleId-6BC133E9-7DCB-43C3-8842-A67984A26405-" ALIGN="Block" LEFT="0." RIGHT="0." FIRSTLINE="-17." LINESPACE="8.340000153"/>
<ParagraphStyle ID="StyleId-3C3FF860-43E7-46A2-8934-48F305F6F0D6-" ALIGN="Left" LEFT="0." RIGHT="0." FIRSTLINE="-13." LINESPACE="11.06999969"/>
<ParagraphStyle ID="StyleId-19220C76-4F8A-4737-B38C-B5F5C17E6040-" ALIGN="Block" LEFT="0." RIGHT="0." FIRSTLINE="-13." LINESPACE="11.06999969"/>
<ParagraphStyle ID="StyleId-75A0D721-13ED-4F20-9002-B389EC48477D-" ALIGN="Left" LEFT="0." RIGHT="0." FIRSTLINE="0." LINESPACE="15.5"/>
<ParagraphStyle ID="StyleId-8A414184-C7A5-4AC7-9B88-7DA4DDE75922-" ALIGN="Left" LEFT="0." RIGHT="0." FIRSTLINE="0." LINESPACE="9.399999619"/>
<ParagraphStyle ID="StyleId-1A87970B-111C-4169-99A6-9412976F3C97-" ALIGN="Left" LEFT="0." RIGHT="0." FIRSTLINE="0." LINESPACE="10.5"/>
<ParagraphStyle ID="StyleId-72DB0571-5AE4-41FD-9E11-68C6AC4C437E-" ALIGN="Block" LEFT="0." RIGHT="0." FIRSTLINE="-17." LINESPACE="8.340000153"/>
<ParagraphStyle ID="StyleId-1AA43056-C388-4697-B10F-72FDAA38FAE1-" ALIGN="Center" LEFT="0." RIGHT="0." FIRSTLINE="0." LINESPACE="10.5"/>
</Styles>
<Layout>
<Page ID="Page1274" PHYSICAL_IMG_NR="1274" HEIGHT="4377" WIDTH="2519">
<TopMargin HEIGHT="448" WIDTH="2519" VPOS="0" HPOS="0">
</TopMargin>
<LeftMargin HEIGHT="3666" WIDTH="344" VPOS="448" HPOS="0">
</LeftMargin>
<RightMargin HEIGHT="3666" WIDTH="127" VPOS="448" HPOS="2392">
</RightMargin>
<BottomMargin HEIGHT="263" WIDTH="2519" VPOS="4114" HPOS="0">
<TextBlock ID="Page1274_Block1" HEIGHT="89" WIDTH="344" VPOS="4142" HPOS="1166" LANG="en-US" STYLEREFS="StyleId-657D4A0E-8D4F-44F8-9D88-753D137F41C8-">
<TextLine HEIGHT="56" WIDTH="137" VPOS="4155" HPOS="1298">
<String CONTENT="1274" HEIGHT="56" WIDTH="137" VPOS="4155" HPOS="1298"/>
</TextLine>
</TextBlock>
</BottomMargin>
<PrintSpace HEIGHT="3666" WIDTH="2048" VPOS="448" HPOS="344">
<TextBlock ID="Page1274_Block2" HEIGHT="3666" WIDTH="2048" VPOS="448" HPOS="344" LANG="en-US" CS="1" STYLEREFS="StyleId-146B269A-4641-4649-A5C8-7095EF85C5B8-">
<TextLine HEIGHT="52" WIDTH="1948" VPOS="542" HPOS="432" STYLEREFS="StyleId-1FE7C20E-1D07-428E-BB38-0D8261D45A04-">
<String CONTENT="&#8220;Bibliography" HEIGHT="49" WIDTH="381" VPOS="542" HPOS="432"/>
<SP HEIGHT="37" WIDTH="40" VPOS="553" HPOS="814"/>
<String CONTENT="of" HEIGHT="40" WIDTH="52" VPOS="542" HPOS="855"/>
<SP HEIGHT="40" WIDTH="38" VPOS="542" HPOS="908"/>
<String CONTENT="the" HEIGHT="41" WIDTH="84" VPOS="542" HPOS="947"/>
<SP HEIGHT="31" WIDTH="38" VPOS="552" HPOS="1032"/>
<String CONTENT="major" HEIGHT="48" WIDTH="161" VPOS="544" HPOS="1071"/>
<SP HEIGHT="29" WIDTH="38" VPOS="555" HPOS="1233"/>
<String CONTENT="works&#8221;:" HEIGHT="41" WIDTH="219" VPOS="543" HPOS="1272"/>
<SP HEIGHT="38" WIDTH="40" VPOS="555" HPOS="1492"/>
<String CONTENT="p." HEIGHT="38" WIDTH="45" VPOS="555" HPOS="1533"/>
<SP HEIGHT="31" WIDTH="41" VPOS="563" HPOS="1579"/>
<String CONTENT="[149]-151;" HEIGHT="50" WIDTH="264" VPOS="544" HPOS="1621"/>
<SP HEIGHT="49" WIDTH="43" VPOS="544" HPOS="1886"/>
<String CONTENT="&#8220;The" HEIGHT="42" WIDTH="133" VPOS="544" HPOS="1930"/>
<SP HEIGHT="30" WIDTH="38" VPOS="556" HPOS="2064"/>
<String CONTENT="occasional" HEIGHT="41" WIDTH="277" VPOS="546" HPOS="2103"/>
</TextLine>
<TextLine HEIGHT="52" WIDTH="1674" VPOS="599" HPOS="360" STYLEREFS="StyleId-1FE7C20E-1D07-428E-BB38-0D8261D45A04-" CS="1">
<String CS="1" CONTENT="poetry&#8221;:" HEIGHT="48" WIDTH="198" VPOS="599" HPOS="360"/>
<SP HEIGHT="38" WIDTH="32" VPOS="610" HPOS="588"/>
<String CONTENT="p." HEIGHT="38" WIDTH="44" VPOS="610" HPOS="621"/>
<SP HEIGHT="31" WIDTH="35" VPOS="618" HPOS="666"/>
<String CONTENT="[152]-154;" HEIGHT="51" WIDTH="265" VPOS="599" HPOS="702"/>
<SP HEIGHT="48" WIDTH="34" VPOS="600" HPOS="968"/>
<String CONTENT="&#8220;General" HEIGHT="41" WIDTH="239" VPOS="600" HPOS="1003"/>
<SP HEIGHT="41" WIDTH="29" VPOS="601" HPOS="1243"/>
<String CONTENT="bibliography&#8221;:" HEIGHT="51" WIDTH="399" VPOS="600" HPOS="1273"/>
<SP HEIGHT="38" WIDTH="31" VPOS="613" HPOS="1673"/>
<String CONTENT="p." HEIGHT="38" WIDTH="43" VPOS="613" HPOS="1705"/>
<SP HEIGHT="30" WIDTH="33" VPOS="621" HPOS="1749"/>
<String CS="1" CONTENT="[156]-159." HEIGHT="50" WIDTH="237" VPOS="601" HPOS="1797"/>
</TextLine>
<TextLine HEIGHT="53" WIDTH="2019" VPOS="656" HPOS="361" CS="1">
<String CONTENT="&#169;" HEIGHT="53" WIDTH="53" VPOS="656" HPOS="361"/>
<SP HEIGHT="53" WIDTH="40" VPOS="656" HPOS="415"/>
<String CONTENT="Aug." HEIGHT="47" WIDTH="121" VPOS="660" HPOS="456"/>
<SP HEIGHT="41" WIDTH="39" VPOS="660" HPOS="578"/>
<String CONTENT="8," HEIGHT="48" WIDTH="40" VPOS="660" HPOS="618"/>
<SP HEIGHT="48" WIDTH="40" VPOS="660" HPOS="659"/>
<String CONTENT="1936;" HEIGHT="49" WIDTH="142" VPOS="659" HPOS="700"/>
<SP HEIGHT="49" WIDTH="40" VPOS="659" HPOS="843"/>
<String CONTENT="2c." HEIGHT="41" WIDTH="68" VPOS="659" HPOS="884"/>
<SP HEIGHT="41" WIDTH="42" VPOS="660" HPOS="953"/>
<String CONTENT="Sept." HEIGHT="48" WIDTH="129" VPOS="660" HPOS="996"/>
<SP HEIGHT="40" WIDTH="40" VPOS="661" HPOS="1126"/>
<String CONTENT="12;" HEIGHT="48" WIDTH="83" VPOS="660" HPOS="1167"/>
<SP/>
<String CS="1" CONTENT="aff."/>
<SP HEIGHT="42" WIDTH="42" VPOS="660" HPOS="1378"/>
<String CONTENT="Sept." HEIGHT="49" WIDTH="129" VPOS="660" HPOS="1421"/>
<SP HEIGHT="40" WIDTH="38" VPOS="662" HPOS="1551"/>
<String CONTENT="10;" HEIGHT="49" WIDTH="83" VPOS="660" HPOS="1590"/>
<SP HEIGHT="47" WIDTH="42" VPOS="662" HPOS="1674"/>
<!-- cceid A4112F46-6E3A-1014-83DD-942C093A1DD9 --><String CONTENT="A" HEIGHT="39" WIDTH="41" VPOS="662" HPOS="1717"/>
<SP HEIGHT="40" WIDTH="39" VPOS="661" HPOS="1759"/>
<String CONTENT="97791;" HEIGHT="49" WIDTH="173" VPOS="660" HPOS="1799"/>
<SP HEIGHT="48" WIDTH="43" VPOS="661" HPOS="1973"/>
<String CONTENT="J." HEIGHT="41" WIDTH="44" VPOS="661" HPOS="2017"/>
<SP HEIGHT="41" WIDTH="39" VPOS="661" HPOS="2062"/>
<String CONTENT="V." HEIGHT="41" WIDTH="55" VPOS="661" HPOS="2102"/>
<SP HEIGHT="41" WIDTH="40" VPOS="661" HPOS="2158"/>
<String CONTENT="Logan," HEIGHT="48" WIDTH="181" VPOS="661" HPOS="2199"/>
</TextLine>
<TextLine HEIGHT="52" WIDTH="718" VPOS="716" HPOS="429">
<String CONTENT="Columbus," HEIGHT="48" WIDTH="279" VPOS="717" HPOS="429"/>
<SP HEIGHT="48" WIDTH="30" VPOS="717" HPOS="709"/>
<String CONTENT="O." HEIGHT="42" WIDTH="53" VPOS="717" HPOS="740"/>
<SP HEIGHT="50" WIDTH="69" VPOS="716" HPOS="794"/>
<String CONTENT="(36-19815)" HEIGHT="52" WIDTH="283" VPOS="716" HPOS="864"/>
</TextLine>
<TextLine HEIGHT="65" WIDTH="1114" VPOS="821" HPOS="357" STYLEREFS="StyleId-B7252A00-BB1B-4D12-9A9F-13ECCB689D04-">
<String CONTENT="MacFarlane," HEIGHT="65" WIDTH="410" VPOS="821" HPOS="357"/>
<SP HEIGHT="65" WIDTH="23" VPOS="821" HPOS="768"/>
<String CONTENT="Kathryn" HEIGHT="65" WIDTH="284" VPOS="821" HPOS="792"/>
<SP HEIGHT="54" WIDTH="22" VPOS="822" HPOS="1077"/>
<String CONTENT="Jean," HEIGHT="64" WIDTH="170" VPOS="822" HPOS="1100"/>
<SP HEIGHT="59" WIDTH="25" VPOS="827" HPOS="1271"/>
<String CONTENT="1904-" HEIGHT="50" WIDTH="174" VPOS="827" HPOS="1297"/>
</TextLine>
<TextLine HEIGHT="72" WIDTH="1952" VPOS="898" HPOS="429" STYLEREFS="StyleId-B7252A00-BB1B-4D12-9A9F-13ECCB689D04-">
<String CONTENT="Divide" HEIGHT="55" WIDTH="214" VPOS="898" HPOS="429"/>
<SP HEIGHT="49" WIDTH="35" VPOS="903" HPOS="644"/>
<String CONTENT="the" HEIGHT="53" WIDTH="97" VPOS="900" HPOS="680"/>
<SP HEIGHT="54" WIDTH="35" VPOS="899" HPOS="778"/>
<String CONTENT="desolation;" HEIGHT="70" WIDTH="349" VPOS="898" HPOS="814"/>
<SP HEIGHT="50" WIDTH="39" VPOS="918" HPOS="1164"/>
<String CONTENT="a" HEIGHT="34" WIDTH="31" VPOS="919" HPOS="1204"/>
<SP HEIGHT="35" WIDTH="36" VPOS="918" HPOS="1236"/>
<String CONTENT="novel" HEIGHT="53" WIDTH="169" VPOS="900" HPOS="1273"/>
<SP HEIGHT="53" WIDTH="34" VPOS="900" HPOS="1443"/>
<String CONTENT="based" HEIGHT="54" WIDTH="173" VPOS="900" HPOS="1478"/>
<SP HEIGHT="54" WIDTH="36" VPOS="900" HPOS="1652"/>
<String CONTENT="on" HEIGHT="36" WIDTH="74" VPOS="917" HPOS="1689"/>
<SP HEIGHT="47" WIDTH="34" VPOS="906" HPOS="1764"/>
<String CONTENT="the" HEIGHT="55" WIDTH="97" VPOS="900" HPOS="1799"/>
<SP HEIGHT="55" WIDTH="34" VPOS="900" HPOS="1897"/>
<String CONTENT="life" HEIGHT="56" WIDTH="110" VPOS="898" HPOS="1932"/>
<SP HEIGHT="36" WIDTH="34" VPOS="918" HPOS="2043"/>
<String CONTENT="of" HEIGHT="54" WIDTH="65" VPOS="899" HPOS="2078"/>
<SP HEIGHT="54" WIDTH="36" VPOS="899" HPOS="2144"/>
<String CONTENT="Emily" HEIGHT="71" WIDTH="200" VPOS="899" HPOS="2181"/>
</TextLine>
<TextLine HEIGHT="70" WIDTH="2025" VPOS="978" HPOS="356" STYLEREFS="StyleId-B7252A00-BB1B-4D12-9A9F-13ECCB689D04-">
<String CONTENT="Jane" HEIGHT="53" WIDTH="150" VPOS="981" HPOS="356"/>
<SP HEIGHT="51" WIDTH="50" VPOS="981" HPOS="507"/>
<String CONTENT="Bronte" HEIGHT="51" WIDTH="219" VPOS="981" HPOS="558"/>
<SP HEIGHT="49" WIDTH="56" VPOS="998" HPOS="778"/>
<String CONTENT="[by]" HEIGHT="68" WIDTH="111" VPOS="979" HPOS="835"/>
<SP HEIGHT="67" WIDTH="55" VPOS="980" HPOS="947"/>
<String CONTENT="Kathryn" HEIGHT="68" WIDTH="275" VPOS="979" HPOS="1003"/>
<SP HEIGHT="55" WIDTH="50" VPOS="981" HPOS="1279"/>
<String CONTENT="Jean" HEIGHT="55" WIDTH="150" VPOS="981" HPOS="1330"/>
<SP HEIGHT="52" WIDTH="48" VPOS="980" HPOS="1481"/>
<String CONTENT="MacFarlane." HEIGHT="55" WIDTH="401" VPOS="979" HPOS="1530"/>
<SP HEIGHT="53" WIDTH="74" VPOS="981" HPOS="1932"/>
<String CONTENT="New" HEIGHT="53" WIDTH="141" VPOS="981" HPOS="2007"/>
<SP HEIGHT="54" WIDTH="49" VPOS="980" HPOS="2149"/>
<String CONTENT="York," HEIGHT="70" WIDTH="182" VPOS="978" HPOS="2199"/>
</TextLine>
<TextLine HEIGHT="69" WIDTH="841" VPOS="1056" HPOS="360" STYLEREFS="StyleId-B7252A00-BB1B-4D12-9A9F-13ECCB689D04-">
<String CONTENT="Simon" HEIGHT="56" WIDTH="200" VPOS="1058" HPOS="360"/>
<SP HEIGHT="34" WIDTH="25" VPOS="1077" HPOS="561"/>
<String CONTENT="and" HEIGHT="53" WIDTH="114" VPOS="1058" HPOS="587"/>
<SP HEIGHT="56" WIDTH="27" VPOS="1056" HPOS="702"/>
<String CONTENT="Schuster," HEIGHT="69" WIDTH="291" VPOS="1056" HPOS="730"/>
<SP HEIGHT="63" WIDTH="25" VPOS="1062" HPOS="1022"/>
<String CONTENT="1936." HEIGHT="51" WIDTH="153" VPOS="1061" HPOS="1048"/>
</TextLine>
<TextLine HEIGHT="51" WIDTH="726" VPOS="1129" HPOS="432" CS="1">
<String CONTENT="5" HEIGHT="42" WIDTH="27" VPOS="1129" HPOS="432"/>
<SP/>
<String CS="1" CONTENT="p."/>
<SP/>
<String CS="1" CONTENT="l.," HEIGHT="17" WIDTH="9" VPOS="1162" HPOS="593"/>
<SP HEIGHT="49" WIDTH="25" VPOS="1130" HPOS="603"/>
<String CONTENT="3-406" HEIGHT="43" WIDTH="151" VPOS="1129" HPOS="629"/>
<SP HEIGHT="51" WIDTH="22" VPOS="1129" HPOS="781"/>
<String CONTENT="p.," HEIGHT="38" WIDTH="58" VPOS="1142" HPOS="804"/>
<SP HEIGHT="48" WIDTH="29" VPOS="1131" HPOS="863"/>
<String CONTENT="1" HEIGHT="40" WIDTH="25" VPOS="1131" HPOS="893"/>
<SP HEIGHT="41" WIDTH="27" VPOS="1131" HPOS="919"/>
<String CS="1" CONTENT="l." HEIGHT="10" WIDTH="10" VPOS="1164" HPOS="969"/>
<SP HEIGHT="44" WIDTH="58" VPOS="1130" HPOS="980"/>
<String CONTENT="21" HEIGHT="42" WIDTH="56" VPOS="1130" HPOS="1039"/>
<String STYLE="superscript" CONTENT="cm" HEIGHT="23" WIDTH="45" VPOS="1133" HPOS="1099"/>
<String CONTENT="." HEIGHT="10" WIDTH="10" VPOS="1163" HPOS="1148"/>
</TextLine>
<TextLine HEIGHT="54" WIDTH="2023" VPOS="1184" HPOS="358">
<String CONTENT="&#169;" HEIGHT="54" WIDTH="53" VPOS="1184" HPOS="358"/>
<SP HEIGHT="54" WIDTH="28" VPOS="1184" HPOS="412"/>
<String CONTENT="Sept." HEIGHT="48" WIDTH="129" VPOS="1189" HPOS="441"/>
<SP HEIGHT="41" WIDTH="27" VPOS="1189" HPOS="571"/>
<String CONTENT="16," HEIGHT="47" WIDTH="69" VPOS="1189" HPOS="599"/>
<SP HEIGHT="47" WIDTH="27" VPOS="1189" HPOS="669"/>
<String CONTENT="1936;" HEIGHT="49" WIDTH="142" VPOS="1187" HPOS="697"/>
<SP HEIGHT="47" WIDTH="29" VPOS="1189" HPOS="840"/>
<String CONTENT="2c." HEIGHT="39" WIDTH="66" VPOS="1189" HPOS="870"/>
<SP HEIGHT="30" WIDTH="28" VPOS="1199" HPOS="937"/>
<String CONTENT="and" HEIGHT="40" WIDTH="98" VPOS="1189" HPOS="966"/>
<SP HEIGHT="40" WIDTH="25" VPOS="1189" HPOS="1065"/>
<String CONTENT="aff." HEIGHT="42" WIDTH="83" VPOS="1188" HPOS="1091"/>
<SP HEIGHT="41" WIDTH="29" VPOS="1189" HPOS="1175"/>
<String CONTENT="Sept." HEIGHT="48" WIDTH="127" VPOS="1189" HPOS="1205"/>
<SP HEIGHT="39" WIDTH="27" VPOS="1190" HPOS="1333"/>
<String CONTENT="17;" HEIGHT="47" WIDTH="83" VPOS="1190" HPOS="1361"/>
<SP HEIGHT="47" WIDTH="29" VPOS="1190" HPOS="1445"/>
<!-- cceid A4117BCC-6E3A-1014-83DD-942C093A1DD9 --><String CONTENT="A" HEIGHT="39" WIDTH="41" VPOS="1190" HPOS="1475"/>
<SP HEIGHT="41" WIDTH="24" VPOS="1189" HPOS="1517"/>
<String CONTENT="97900;" HEIGHT="49" WIDTH="172" VPOS="1188" HPOS="1542"/>
<SP HEIGHT="48" WIDTH="33" VPOS="1189" HPOS="1715"/>
<String CONTENT="Simon" HEIGHT="41" WIDTH="165" VPOS="1189" HPOS="1749"/>
<SP HEIGHT="40" WIDTH="27" VPOS="1189" HPOS="1915"/>
<String CONTENT="&amp;" HEIGHT="40" WIDTH="39" VPOS="1189" HPOS="1943"/>
<SP HEIGHT="41" WIDTH="27" VPOS="1189" HPOS="1983"/>
<String CONTENT="Schuster," HEIGHT="49" WIDTH="245" VPOS="1188" HPOS="2011"/>
<SP HEIGHT="48" WIDTH="30" VPOS="1189" HPOS="2257"/>
<String CONTENT="inc." HEIGHT="43" WIDTH="93" VPOS="1189" HPOS="2288"/>
</TextLine>
<TextLine HEIGHT="50" WIDTH="284" VPOS="1246" HPOS="439">
<String CONTENT="(36-19832)" HEIGHT="50" WIDTH="284" VPOS="1246" HPOS="439"/>
</TextLine>
<TextLine HEIGHT="66" WIDTH="1242" VPOS="1347" HPOS="356" STYLEREFS="StyleId-1FE7C20E-1D07-428E-BB38-0D8261D45A04-">
<String CONTENT="McKinley," HEIGHT="65" WIDTH="332" VPOS="1348" HPOS="356"/>
<SP HEIGHT="65" WIDTH="28" VPOS="1348" HPOS="689"/>
<String CONTENT="Albert" HEIGHT="55" WIDTH="212" VPOS="1347" HPOS="718"/>
<SP HEIGHT="53" WIDTH="29" VPOS="1349" HPOS="931"/>
<String CONTENT="Edward," HEIGHT="65" WIDTH="276" VPOS="1348" HPOS="961"/>
<SP HEIGHT="58" WIDTH="30" VPOS="1355" HPOS="1238"/>
<String CONTENT="1870-1936." HEIGHT="54" WIDTH="329" VPOS="1352" HPOS="1269"/>
</TextLine>
<TextLine HEIGHT="73" WIDTH="1948" VPOS="1421" HPOS="429" STYLEREFS="StyleId-B7252A00-BB1B-4D12-9A9F-13ECCB689D04-" CS="1">
<String CONTENT="World" HEIGHT="54" WIDTH="205" VPOS="1424" HPOS="429"/>
<SP HEIGHT="53" WIDTH="31" VPOS="1425" HPOS="635"/>
<String CONTENT="history" HEIGHT="69" WIDTH="225" VPOS="1425" HPOS="667"/>
<SP HEIGHT="63" WIDTH="31" VPOS="1431" HPOS="893"/>
<String CONTENT="today," HEIGHT="69" WIDTH="196" VPOS="1425" HPOS="925"/>
<SP HEIGHT="68" WIDTH="30" VPOS="1426" HPOS="1122"/>
<String CONTENT="by" HEIGHT="68" WIDTH="76" VPOS="1426" HPOS="1153"/>
<SP HEIGHT="68" WIDTH="31" VPOS="1426" HPOS="1230"/>
<String CONTENT="Albert" HEIGHT="53" WIDTH="207" VPOS="1425" HPOS="1262"/>
<SP HEIGHT="52" WIDTH="31" VPOS="1426" HPOS="1470"/>
<String CONTENT="E." HEIGHT="52" WIDTH="67" VPOS="1426" HPOS="1502"/>
<SP HEIGHT="53" WIDTH="32" VPOS="1425" HPOS="1570"/>
<String CONTENT="McKinley" HEIGHT="69" WIDTH="317" VPOS="1424" HPOS="1603"/>
<SP HEIGHT="50" WIDTH="37" VPOS="1443" HPOS="1921"/>
<String CS="1" CONTENT="&#8230;"/>
<SP HEIGHT="54" WIDTH="35" VPOS="1424" HPOS="2018"/>
<String CONTENT="Arthur" HEIGHT="53" WIDTH="227" VPOS="1424" HPOS="2054"/>
<SP HEIGHT="57" WIDTH="32" VPOS="1421" HPOS="2282"/>
<String CONTENT="C." HEIGHT="57" WIDTH="62" VPOS="1421" HPOS="2315"/>
</TextLine>
<TextLine HEIGHT="69" WIDTH="2020" VPOS="1502" HPOS="358" STYLEREFS="StyleId-B7252A00-BB1B-4D12-9A9F-13ECCB689D04-" CS="1">
<String CONTENT="Howland" HEIGHT="53" WIDTH="294" VPOS="1504" HPOS="358"/>
<SP HEIGHT="53" WIDTH="32" VPOS="1504" HPOS="653"/>
<String CS="1" CONTENT="&#8230;"/>
<SP HEIGHT="35" WIDTH="32" VPOS="1522" HPOS="743"/>
<String CONTENT="and" HEIGHT="53" WIDTH="114" VPOS="1504" HPOS="776"/>
<SP HEIGHT="54" WIDTH="22" VPOS="1504" HPOS="891"/>
<String CONTENT="Matthew" HEIGHT="54" WIDTH="283" VPOS="1504" HPOS="914"/>
<SP HEIGHT="53" WIDTH="24" VPOS="1504" HPOS="1198"/>
<String CONTENT="L." HEIGHT="54" WIDTH="64" VPOS="1504" HPOS="1223"/>
<SP HEIGHT="53" WIDTH="29" VPOS="1505" HPOS="1288"/>
<String CONTENT="Dann" HEIGHT="52" WIDTH="176" VPOS="1505" HPOS="1318"/>
<SP HEIGHT="35" WIDTH="31" VPOS="1523" HPOS="1495"/>
<String CS="1" CONTENT="&#8230;"/>
<SP HEIGHT="55" WIDTH="78" VPOS="1502" HPOS="1585"/>
<String CONTENT="New" HEIGHT="55" WIDTH="140" VPOS="1502" HPOS="1664"/>
<SP HEIGHT="53" WIDTH="30" VPOS="1503" HPOS="1805"/>
<String CONTENT="York," HEIGHT="68" WIDTH="181" VPOS="1503" HPOS="1836"/>
<SP HEIGHT="69" WIDTH="29" VPOS="1502" HPOS="2018"/>
<String CONTENT="Cincinnati" HEIGHT="56" WIDTH="330" VPOS="1502" HPOS="2048"/>
</TextLine>
<TextLine HEIGHT="72" WIDTH="1226" VPOS="1581" HPOS="363" STYLEREFS="StyleId-B7252A00-BB1B-4D12-9A9F-13ECCB689D04-">
<String CONTENT="[etc.]" HEIGHT="63" WIDTH="139" VPOS="1589" HPOS="363"/>
<SP HEIGHT="70" WIDTH="39" VPOS="1581" HPOS="503"/>
<String CONTENT="American" HEIGHT="56" WIDTH="311" VPOS="1581" HPOS="543"/>
<SP HEIGHT="54" WIDTH="31" VPOS="1583" HPOS="855"/>
<String CONTENT="book" HEIGHT="54" WIDTH="151" VPOS="1583" HPOS="887"/>
<SP HEIGHT="54" WIDTH="31" VPOS="1583" HPOS="1039"/>
<String CONTENT="company" HEIGHT="53" WIDTH="282" VPOS="1600" HPOS="1071"/>
<SP HEIGHT="51" WIDTH="40" VPOS="1601" HPOS="1354"/>
<String CONTENT="[" HEIGHT="34" WIDTH="14" VPOS="1617" HPOS="1395"/>
<String STYLE="superscript" CONTENT="c" HEIGHT="23" WIDTH="18" VPOS="1589" HPOS="1413"/>
<String CONTENT="1936]" HEIGHT="69" WIDTH="153" VPOS="1583" HPOS="1436"/>
</TextLine>
<TextLine HEIGHT="51" WIDTH="1940" VPOS="1654" HPOS="431" CS="1">
<String CONTENT="x," HEIGHT="39" WIDTH="45" VPOS="1664" HPOS="431"/>
<SP/>
<String CONTENT="843," HEIGHT="48" WIDTH="99" VPOS="1655" HPOS="501"/>
<SP HEIGHT="37" WIDTH="22" VPOS="1666" HPOS="601"/>
<String CONTENT="xi-xxxviii" HEIGHT="40" WIDTH="279" VPOS="1656" HPOS="624"/>
<SP HEIGHT="48" WIDTH="22" VPOS="1656" HPOS="904"/>
<String CONTENT="p." HEIGHT="38" WIDTH="44" VPOS="1666" HPOS="927"/>
<SP HEIGHT="30" WIDTH="59" VPOS="1667" HPOS="972"/>
<String CONTENT="col." HEIGHT="41" WIDTH="87" VPOS="1657" HPOS="1032"/>
<SP HEIGHT="44" WIDTH="23" VPOS="1654" HPOS="1120"/>
<String CONTENT="front.," HEIGHT="49" WIDTH="166" VPOS="1654" HPOS="1144"/>
<SP HEIGHT="47" WIDTH="24" VPOS="1656" HPOS="1311"/>
<String CONTENT="illus." HEIGHT="42" WIDTH="129" VPOS="1656" HPOS="1336"/>
<SP HEIGHT="50" WIDTH="28" VPOS="1654" HPOS="1466"/>
<String CONTENT="(incl." HEIGHT="50" WIDTH="136" VPOS="1654" HPOS="1495"/>
<SP HEIGHT="38" WIDTH="23" VPOS="1667" HPOS="1632"/>
<String CONTENT="ports.," HEIGHT="47" WIDTH="165" VPOS="1658" HPOS="1656"/>
<SP HEIGHT="38" WIDTH="25" VPOS="1667" HPOS="1822"/>
<String CONTENT="maps)" HEIGHT="50" WIDTH="164" VPOS="1654" HPOS="1848"/>
<SP HEIGHT="49" WIDTH="31" VPOS="1654" HPOS="2013"/>
<String CONTENT="4" HEIGHT="40" WIDTH="28" VPOS="1657" HPOS="2045"/>
<SP HEIGHT="48" WIDTH="22" VPOS="1657" HPOS="2074"/>
<String CS="1" CONTENT="pl." HEIGHT="38" WIDTH="63" VPOS="1667" HPOS="2097"/>
<SP HEIGHT="50" WIDTH="25" VPOS="1654" HPOS="2161"/>
<String CONTENT="(3" HEIGHT="50" WIDTH="52" VPOS="1654" HPOS="2187"/>
<SP HEIGHT="41" WIDTH="15" VPOS="1656" HPOS="2240"/>
<String CONTENT="col.)" HEIGHT="51" WIDTH="115" VPOS="1654" HPOS="2256"/>
</TextLine>
<TextLine HEIGHT="40" WIDTH="116" VPOS="1711" HPOS="358">
<String CONTENT="21" HEIGHT="40" WIDTH="54" VPOS="1711" HPOS="358"/>
<String STYLE="superscript" CONTENT="cm" HEIGHT="21" WIDTH="45" VPOS="1714" HPOS="416"/>
<String CONTENT="." HEIGHT="8" WIDTH="10" VPOS="1743" HPOS="464"/>
</TextLine>
<TextLine HEIGHT="51" WIDTH="1660" VPOS="1769" HPOS="429" CS="1">
<String CONTENT="Bibliographies" HEIGHT="49" WIDTH="394" VPOS="1769" HPOS="429"/>
<SP HEIGHT="30" WIDTH="31" VPOS="1780" HPOS="824"/>
<String CONTENT="at" HEIGHT="38" WIDTH="52" VPOS="1772" HPOS="856"/>
<SP HEIGHT="38" WIDTH="31" VPOS="1772" HPOS="909"/>
<String CONTENT="end" HEIGHT="40" WIDTH="93" VPOS="1770" HPOS="941"/>
<SP HEIGHT="41" WIDTH="30" VPOS="1770" HPOS="1035"/>
<String CONTENT="of" HEIGHT="42" WIDTH="53" VPOS="1769" HPOS="1066"/>
<SP HEIGHT="41" WIDTH="29" VPOS="1769" HPOS="1120"/>
<String CONTENT="each" HEIGHT="42" WIDTH="119" VPOS="1769" HPOS="1150"/>
<SP HEIGHT="42" WIDTH="32" VPOS="1769" HPOS="1270"/>
<String CONTENT="chapter" HEIGHT="47" WIDTH="203" VPOS="1771" HPOS="1303"/>
<SP HEIGHT="31" WIDTH="32" VPOS="1780" HPOS="1507"/>
<String CONTENT="except" HEIGHT="47" WIDTH="172" VPOS="1773" HPOS="1540"/>
<SP HEIGHT="39" WIDTH="30" VPOS="1773" HPOS="1713"/>
<String CONTENT="chapter" HEIGHT="49" WIDTH="203" VPOS="1771" HPOS="1744"/>
<SP HEIGHT="31" WIDTH="30" VPOS="1781" HPOS="1948"/>
<String CS="1" CONTENT="XIII." HEIGHT="8" WIDTH="8" VPOS="1803" HPOS="2081"/>
</TextLine>
<TextLine HEIGHT="54" WIDTH="2021" VPOS="1825" HPOS="360" CS="1">
<String CONTENT="&#169;" HEIGHT="53" WIDTH="53" VPOS="1825" HPOS="360"/>
<SP HEIGHT="53" WIDTH="40" VPOS="1825" HPOS="414"/>
<String CONTENT="Sept." HEIGHT="48" WIDTH="128" VPOS="1830" HPOS="455"/>
<SP HEIGHT="40" WIDTH="37" VPOS="1830" HPOS="584"/>
<String CONTENT="3," HEIGHT="49" WIDTH="41" VPOS="1830" HPOS="622"/>
<SP HEIGHT="49" WIDTH="38" VPOS="1830" HPOS="664"/>
<String CONTENT="1936;" HEIGHT="48" WIDTH="142" VPOS="1830" HPOS="703"/>
<SP HEIGHT="48" WIDTH="38" VPOS="1830" HPOS="846"/>
<String CONTENT="2c." HEIGHT="40" WIDTH="69" VPOS="1830" HPOS="885"/>
<SP HEIGHT="41" WIDTH="41" VPOS="1830" HPOS="955"/>
<String CONTENT="Sept." HEIGHT="48" WIDTH="129" VPOS="1830" HPOS="997"/>
<SP HEIGHT="41" WIDTH="38" VPOS="1830" HPOS="1127"/>
<String CONTENT="8;" HEIGHT="48" WIDTH="52" VPOS="1830" HPOS="1166"/>
<SP/>
<String CS="1" CONTENT="aff."/>
<SP HEIGHT="41" WIDTH="41" VPOS="1830" HPOS="1344"/>
<String CONTENT="Sept." HEIGHT="48" WIDTH="128" VPOS="1830" HPOS="1386"/>
<SP HEIGHT="42" WIDTH="38" VPOS="1829" HPOS="1515"/>
<String CONTENT="9;" HEIGHT="49" WIDTH="53" VPOS="1829" HPOS="1554"/>
<SP HEIGHT="48" WIDTH="40" VPOS="1830" HPOS="1608"/>
<!-- cceid A411CC64-6E3A-1014-83DD-942C093A1DD9 --><String CONTENT="A" HEIGHT="40" WIDTH="42" VPOS="1830" HPOS="1649"/>
<SP HEIGHT="41" WIDTH="36" VPOS="1829" HPOS="1692"/>
<String CONTENT="98308;" HEIGHT="49" WIDTH="173" VPOS="1829" HPOS="1729"/>
<SP HEIGHT="47" WIDTH="41" VPOS="1831" HPOS="1903"/>
<String CONTENT="Amer." HEIGHT="41" WIDTH="161" VPOS="1831" HPOS="1945"/>
<SP HEIGHT="42" WIDTH="37" VPOS="1830" HPOS="2107"/>
<String CONTENT="book" HEIGHT="41" WIDTH="127" VPOS="1829" HPOS="2145"/>
<SP HEIGHT="41" WIDTH="38" VPOS="1829" HPOS="2273"/>
<String CONTENT="co." HEIGHT="31" WIDTH="69" VPOS="1839" HPOS="2312"/>
</TextLine>
<TextLine HEIGHT="51" WIDTH="1273" VPOS="1886" HPOS="432" CS="1">
<String CONTENT="[Copyright" HEIGHT="51" WIDTH="285" VPOS="1886" HPOS="432"/>
<SP HEIGHT="39" WIDTH="21" VPOS="1887" HPOS="718"/>
<String CONTENT="is" HEIGHT="40" WIDTH="43" VPOS="1887" HPOS="740"/>
<SP HEIGHT="30" WIDTH="24" VPOS="1897" HPOS="784"/>
<String CONTENT="claimed" HEIGHT="41" WIDTH="208" VPOS="1886" HPOS="809"/>
<SP HEIGHT="40" WIDTH="24" VPOS="1887" HPOS="1018"/>
<String CONTENT="on" HEIGHT="30" WIDTH="62" VPOS="1897" HPOS="1043"/>
<SP HEIGHT="31" WIDTH="22" VPOS="1896" HPOS="1106"/>
<String CONTENT="changes]" HEIGHT="50" WIDTH="228" VPOS="1887" HPOS="1129"/>
<SP/>
<String CONTENT="(36-19802)" HEIGHT="49" WIDTH="284" VPOS="1886" HPOS="1421"/>
</TextLine>
<TextLine HEIGHT="67" WIDTH="758" VPOS="1988" HPOS="358" STYLEREFS="StyleId-1FE7C20E-1D07-428E-BB38-0D8261D45A04-">
<String CONTENT="Milburn," HEIGHT="67" WIDTH="277" VPOS="1988" HPOS="358"/>
<SP HEIGHT="65" WIDTH="29" VPOS="1990" HPOS="636"/>
<String CONTENT="George," HEIGHT="65" WIDTH="248" VPOS="1990" HPOS="666"/>
<SP HEIGHT="57" WIDTH="28" VPOS="1997" HPOS="915"/>
<String CONTENT="1906-" HEIGHT="51" WIDTH="172" VPOS="1996" HPOS="944"/>
</TextLine>
<TextLine HEIGHT="72" WIDTH="1948" VPOS="2065" HPOS="430" STYLEREFS="StyleId-B7252A00-BB1B-4D12-9A9F-13ECCB689D04-" CS="1">
<String CS="1" CONTENT="Catalogue;" HEIGHT="71" WIDTH="317" VPOS="2065" HPOS="430"/>
<SP HEIGHT="50" WIDTH="34" VPOS="2085" HPOS="777"/>
<String CONTENT="a" HEIGHT="35" WIDTH="32" VPOS="2085" HPOS="812"/>
<SP HEIGHT="35" WIDTH="30" VPOS="2085" HPOS="845"/>
<String CONTENT="novel" HEIGHT="52" WIDTH="169" VPOS="2068" HPOS="876"/>
<SP HEIGHT="67" WIDTH="34" VPOS="2068" HPOS="1046"/>
<String CONTENT="[by]" HEIGHT="70" WIDTH="112" VPOS="2067" HPOS="1081"/>
<SP HEIGHT="69" WIDTH="37" VPOS="2066" HPOS="1194"/>
<String CONTENT="George" HEIGHT="71" WIDTH="225" VPOS="2066" HPOS="1232"/>
<SP HEIGHT="53" WIDTH="28" VPOS="2067" HPOS="1458"/>
<String CONTENT="Milburn." HEIGHT="56" WIDTH="279" VPOS="2065" HPOS="1487"/>
<SP HEIGHT="55" WIDTH="68" VPOS="2067" HPOS="1767"/>
<String CONTENT="New" HEIGHT="55" WIDTH="141" VPOS="2067" HPOS="1836"/>
<SP HEIGHT="54" WIDTH="29" VPOS="2067" HPOS="1978"/>
<String CONTENT="York," HEIGHT="71" WIDTH="184" VPOS="2066" HPOS="2008"/>
<SP HEIGHT="72" WIDTH="30" VPOS="2065" HPOS="2193"/>
<String CONTENT="Har-" HEIGHT="55" WIDTH="154" VPOS="2065" HPOS="2224"/>
</TextLine>
<TextLine HEIGHT="70" WIDTH="1093" VPOS="2146" HPOS="357" STYLEREFS="StyleId-B7252A00-BB1B-4D12-9A9F-13ECCB689D04-" CS="1">
<String CONTENT="court," HEIGHT="61" WIDTH="178" VPOS="2150" HPOS="357"/>
<SP HEIGHT="65" WIDTH="31" VPOS="2146" HPOS="536"/>
<String CONTENT="Brace" HEIGHT="53" WIDTH="183" VPOS="2146" HPOS="568"/>
<SP HEIGHT="36" WIDTH="32" VPOS="2163" HPOS="752"/>
<String CONTENT="and" HEIGHT="53" WIDTH="113" VPOS="2146" HPOS="785"/>
<SP HEIGHT="53" WIDTH="32" VPOS="2146" HPOS="899"/>
<String CONTENT="company" HEIGHT="52" WIDTH="285" VPOS="2164" HPOS="932"/>
<SP HEIGHT="51" WIDTH="36" VPOS="2165" HPOS="1218"/>
<String CS="1" CONTENT="["/>
<String STYLE="superscript" CONTENT="c" HEIGHT="22" WIDTH="18" VPOS="2151" HPOS="1273"/>
<String CONTENT="1936]" HEIGHT="65" WIDTH="154" VPOS="2148" HPOS="1296"/>
</TextLine>
<TextLine HEIGHT="51" WIDTH="495" VPOS="2217" HPOS="432" STYLEREFS="StyleId-B7252A00-BB1B-4D12-9A9F-13ECCB689D04-" CS="1">
<String CONTENT="viii," HEIGHT="51" WIDTH="99" VPOS="2217" HPOS="432"/>
<SP HEIGHT="49" WIDTH="29" VPOS="2219" HPOS="532"/>
<String CONTENT="279" HEIGHT="42" WIDTH="86" VPOS="2218" HPOS="562"/>
<SP HEIGHT="50" WIDTH="24" VPOS="2218" HPOS="649"/>
<String CONTENT="p." HEIGHT="39" WIDTH="44" VPOS="2229" HPOS="674"/>
<SP HEIGHT="40" WIDTH="60" VPOS="2220" HPOS="719"/>
<String CS="1" CONTENT="19&#189;" HEIGHT="42" WIDTH="56" VPOS="2218" HPOS="780"/>
<String STYLE="superscript" CONTENT="cm" HEIGHT="22" WIDTH="46" VPOS="2221" HPOS="870"/>
<String CONTENT="." HEIGHT="10" WIDTH="9" VPOS="2252" HPOS="918"/>
</TextLine>
<TextLine HEIGHT="52" WIDTH="1004" VPOS="2275" HPOS="433">
<String CONTENT="&#8220;Second" HEIGHT="43" WIDTH="214" VPOS="2275" HPOS="433"/>
<SP HEIGHT="46" WIDTH="29" VPOS="2279" HPOS="648"/>
<String CONTENT="printing," HEIGHT="49" WIDTH="235" VPOS="2277" HPOS="678"/>
<SP HEIGHT="49" WIDTH="33" VPOS="2277" HPOS="914"/>
<String CONTENT="September," HEIGHT="50" WIDTH="295" VPOS="2277" HPOS="948"/>
<SP HEIGHT="49" WIDTH="33" VPOS="2278" HPOS="1244"/>
<String CONTENT="1936.&#8221;" HEIGHT="43" WIDTH="159" VPOS="2276" HPOS="1278"/>
</TextLine>
<TextLine HEIGHT="55" WIDTH="2026" VPOS="2331" HPOS="355" CS="1">
<String CONTENT="&#169;" HEIGHT="54" WIDTH="54" VPOS="2331" HPOS="355"/>
<SP HEIGHT="54" WIDTH="32" VPOS="2331" HPOS="410"/>
<String CONTENT="Sept." HEIGHT="48" WIDTH="129" VPOS="2336" HPOS="443"/>
<SP HEIGHT="40" WIDTH="28" VPOS="2337" HPOS="573"/>
<String CONTENT="10," HEIGHT="49" WIDTH="70" VPOS="2336" HPOS="602"/>
<SP HEIGHT="48" WIDTH="30" VPOS="2337" HPOS="673"/>
<String CONTENT="1936;" HEIGHT="48" WIDTH="142" VPOS="2336" HPOS="704"/>
<SP HEIGHT="47" WIDTH="30" VPOS="2337" HPOS="847"/>
<String CONTENT="2c." HEIGHT="39" WIDTH="67" VPOS="2337" HPOS="878"/>
<SP HEIGHT="41" WIDTH="34" VPOS="2337" HPOS="946"/>
<String CONTENT="Sept." HEIGHT="49" WIDTH="129" VPOS="2337" HPOS="981"/>
<SP HEIGHT="40" WIDTH="28" VPOS="2338" HPOS="1111"/>
<String CONTENT="24;" HEIGHT="47" WIDTH="84" VPOS="2338" HPOS="1140"/>
<SP/>
<String CS="1" CONTENT="aff."/>
<SP HEIGHT="41" WIDTH="32" VPOS="2337" HPOS="1340"/>
<String CONTENT="Sept." HEIGHT="48" WIDTH="129" VPOS="2337" HPOS="1373"/>
<SP HEIGHT="41" WIDTH="28" VPOS="2336" HPOS="1503"/>
<String CONTENT="23;" HEIGHT="48" WIDTH="84" VPOS="2336" HPOS="1532"/>
<SP HEIGHT="47" WIDTH="31" VPOS="2337" HPOS="1617"/>
<!-- cceid A412226F-6E3A-1014-83DD-942C093A1DD9 --><String CONTENT="A" HEIGHT="39" WIDTH="40" VPOS="2337" HPOS="1649"/>
<SP HEIGHT="40" WIDTH="29" VPOS="2336" HPOS="1690"/>
<String CONTENT="98622;" HEIGHT="48" WIDTH="171" VPOS="2336" HPOS="1720"/>
<SP HEIGHT="47" WIDTH="33" VPOS="2337" HPOS="1892"/>
<String CONTENT="Harcourt," HEIGHT="48" WIDTH="264" VPOS="2337" HPOS="1926"/>
<SP HEIGHT="48" WIDTH="30" VPOS="2337" HPOS="2191"/>
<String CONTENT="Brace" HEIGHT="40" WIDTH="159" VPOS="2337" HPOS="2222"/>
</TextLine>
<TextLine HEIGHT="50" WIDTH="559" VPOS="2392" HPOS="492" CS="1">
<String CS="1" CONTENT="&amp;"/>
<SP/>
<String CONTENT="co.," HEIGHT="39" WIDTH="83" VPOS="2403" HPOS="492"/>
<SP HEIGHT="49" WIDTH="29" VPOS="2393" HPOS="576"/>
<String CONTENT="inc." HEIGHT="42" WIDTH="93" VPOS="2393" HPOS="606"/>
<SP HEIGHT="49" WIDTH="67" VPOS="2392" HPOS="700"/>
<String CONTENT="(36-19976)" HEIGHT="50" WIDTH="283" VPOS="2392" HPOS="768"/>
</TextLine>
<TextLine HEIGHT="66" WIDTH="1036" VPOS="2496" HPOS="354" STYLEREFS="StyleId-471F90EE-3BBA-44EC-9AA7-B784447CDC3D-" CS="1">
<String CONTENT="Minnesota." HEIGHT="55" WIDTH="359" VPOS="2496" HPOS="354"/>
<SP HEIGHT="52" WIDTH="72" VPOS="2499" HPOS="714"/>
<String CS="1" CONTENT="Laws," HEIGHT="63" WIDTH="186" VPOS="2499" HPOS="787"/>
<SP HEIGHT="46" WIDTH="28" VPOS="2516" HPOS="974"/>
<String CONTENT="statutes," HEIGHT="57" WIDTH="257" VPOS="2504" HPOS="1003"/>
<SP HEIGHT="45" WIDTH="28" VPOS="2516" HPOS="1261"/>
<String CONTENT="etc." HEIGHT="47" WIDTH="100" VPOS="2503" HPOS="1290"/>
</TextLine>
<TextLine HEIGHT="74" WIDTH="1948" VPOS="2569" HPOS="428" STYLEREFS="StyleId-B7252A00-BB1B-4D12-9A9F-13ECCB689D04-">
<String CONTENT="1936" HEIGHT="49" WIDTH="135" VPOS="2578" HPOS="428"/>
<SP HEIGHT="49" WIDTH="65" VPOS="2578" HPOS="564"/>
<String CONTENT="supplement" HEIGHT="68" WIDTH="366" VPOS="2575" HPOS="630"/>
<SP HEIGHT="49" WIDTH="62" VPOS="2579" HPOS="997"/>
<String CONTENT="to" HEIGHT="52" WIDTH="59" VPOS="2579" HPOS="1060"/>
<SP HEIGHT="62" WIDTH="65" VPOS="2569" HPOS="1120"/>
<String CONTENT="Mason&#8217;s" HEIGHT="59" WIDTH="252" VPOS="2569" HPOS="1186"/>
<SP HEIGHT="52" WIDTH="63" VPOS="2576" HPOS="1439"/>
<String CONTENT="Minnesota" HEIGHT="55" WIDTH="326" VPOS="2574" HPOS="1503"/>
<SP HEIGHT="34" WIDTH="66" VPOS="2594" HPOS="1830"/>
<String CONTENT="statutes," HEIGHT="64" WIDTH="259" VPOS="2579" HPOS="1897"/>
<SP HEIGHT="65" WIDTH="67" VPOS="2578" HPOS="2157"/>
<String CONTENT="1927." HEIGHT="55" WIDTH="151" VPOS="2574" HPOS="2225"/>
</TextLine>
<TextLine HEIGHT="146" WIDTH="2022" VPOS="2653" HPOS="354" STYLEREFS="StyleId-B7252A00-BB1B-4D12-9A9F-13ECCB689D04-" CS="1">
<String CONTENT="(1927" HEIGHT="65" WIDTH="166" VPOS="2654" HPOS="366"/>
<SP HEIGHT="54" WIDTH="31" VPOS="2654" HPOS="533"/>
<String CONTENT="to" HEIGHT="50" WIDTH="58" VPOS="2658" HPOS="565"/>
<SP HEIGHT="50" WIDTH="38" VPOS="2658" HPOS="624"/>
<String CONTENT="1936)" HEIGHT="68" WIDTH="162" VPOS="2653" HPOS="663"/>
<SP HEIGHT="68" WIDTH="89" VPOS="2653" HPOS="826"/>
<String CONTENT="(Superseding" HEIGHT="68" WIDTH="422" VPOS="2653" HPOS="916"/>
<SP HEIGHT="66" WIDTH="31" VPOS="2655" HPOS="1339"/>
<String CONTENT="Mason&#8217;s" HEIGHT="53" WIDTH="252" VPOS="2654" HPOS="1371"/>
<SP HEIGHT="49" WIDTH="34" VPOS="2657" HPOS="1624"/>
<String CONTENT="1931" HEIGHT="49" WIDTH="133" VPOS="2657" HPOS="1659"/>
<SP HEIGHT="49" WIDTH="36" VPOS="2657" HPOS="1793"/>
<String CONTENT="and" HEIGHT="52" WIDTH="113" VPOS="2654" HPOS="1830"/>
<SP HEIGHT="52" WIDTH="35" VPOS="2654" HPOS="1944"/>
<String CONTENT="1934" HEIGHT="50" WIDTH="137" VPOS="2657" HPOS="1980"/>
<SP HEIGHT="49" WIDTH="30" VPOS="2658" HPOS="2118"/>
<String CONTENT="supplements)" HEIGHT="145" WIDTH="2000" VPOS="2653" HPOS="354"/>
<SP HEIGHT="66" WIDTH="74" VPOS="2732" HPOS="566"/>
<String CONTENT="Containing" HEIGHT="68" WIDTH="357" VPOS="2731" HPOS="641"/>
<SP HEIGHT="62" WIDTH="21" VPOS="2737" HPOS="999"/>
<String CONTENT="the" HEIGHT="54" WIDTH="98" VPOS="2732" HPOS="1021"/>
<SP HEIGHT="49" WIDTH="24" VPOS="2737" HPOS="1120"/>
<String CONTENT="text" HEIGHT="48" WIDTH="124" VPOS="2737" HPOS="1145"/>
<SP HEIGHT="47" WIDTH="25" VPOS="2738" HPOS="1270"/>
<String CONTENT="of" HEIGHT="53" WIDTH="63" VPOS="2732" HPOS="1296"/>
<SP HEIGHT="53" WIDTH="25" VPOS="2732" HPOS="1360"/>
<String CONTENT="the" HEIGHT="53" WIDTH="97" VPOS="2733" HPOS="1386"/>
<SP HEIGHT="35" WIDTH="27" VPOS="2751" HPOS="1484"/>
<String CONTENT="acts" HEIGHT="48" WIDTH="117" VPOS="2737" HPOS="1512"/>
<SP HEIGHT="35" WIDTH="27" VPOS="2750" HPOS="1630"/>
<String CONTENT="of" HEIGHT="52" WIDTH="63" VPOS="2733" HPOS="1658"/>
<SP HEIGHT="52" WIDTH="25" VPOS="2733" HPOS="1722"/>
<String CONTENT="the" HEIGHT="52" WIDTH="96" VPOS="2733" HPOS="1748"/>
<SP HEIGHT="50" WIDTH="30" VPOS="2735" HPOS="1845"/>
<String CONTENT="1929," HEIGHT="64" WIDTH="153" VPOS="2735" HPOS="1876"/>
<SP HEIGHT="64" WIDTH="28" VPOS="2735" HPOS="2030"/>
<String CONTENT="1931," HEIGHT="64" WIDTH="152" VPOS="2735" HPOS="2059"/>
<SP HEIGHT="63" WIDTH="29" VPOS="2736" HPOS="2212"/>
<String CONTENT="1933" HEIGHT="49" WIDTH="134" VPOS="2735" HPOS="2242"/>
</TextLine>
<TextLine HEIGHT="148" WIDTH="2022" VPOS="2809" HPOS="355" STYLEREFS="StyleId-B7252A00-BB1B-4D12-9A9F-13ECCB689D04-" CS="1">
<String CONTENT="and" HEIGHT="52" WIDTH="113" VPOS="2811" HPOS="357"/>
<SP HEIGHT="52" WIDTH="39" VPOS="2811" HPOS="471"/>
<String CONTENT="1935" HEIGHT="49" WIDTH="133" VPOS="2813" HPOS="511"/>
<SP HEIGHT="62" WIDTH="40" VPOS="2815" HPOS="645"/>
<String CONTENT="general" HEIGHT="66" WIDTH="230" VPOS="2811" HPOS="686"/>
<SP HEIGHT="52" WIDTH="38" VPOS="2811" HPOS="917"/>
<String CONTENT="sessions," HEIGHT="69" WIDTH="257" VPOS="2809" HPOS="956"/>
<SP HEIGHT="49" WIDTH="38" VPOS="2829" HPOS="1214"/>
<String CONTENT="and" HEIGHT="52" WIDTH="112" VPOS="2811" HPOS="1253"/>
<SP HEIGHT="52" WIDTH="38" VPOS="2811" HPOS="1366"/>
<String CONTENT="the" HEIGHT="51" WIDTH="95" VPOS="2812" HPOS="1405"/>
<SP HEIGHT="49" WIDTH="39" VPOS="2814" HPOS="1501"/>
<String CONTENT="1933-34" HEIGHT="49" WIDTH="243" VPOS="2814" HPOS="1541"/>
<SP HEIGHT="49" WIDTH="35" VPOS="2814" HPOS="1785"/>
<String CONTENT="and" HEIGHT="52" WIDTH="113" VPOS="2811" HPOS="1821"/>
<SP HEIGHT="52" WIDTH="39" VPOS="2811" HPOS="1935"/>
<String CONTENT="1935-36" HEIGHT="50" WIDTH="239" VPOS="2813" HPOS="1975"/>
<SP HEIGHT="49" WIDTH="38" VPOS="2813" HPOS="2215"/>
<String CONTENT="special" HEIGHT="114" WIDTH="1997" VPOS="2828" HPOS="355"/>
<SP HEIGHT="53" WIDTH="44" VPOS="2888" HPOS="466"/>
<String CONTENT="sessions" HEIGHT="53" WIDTH="241" VPOS="2890" HPOS="511"/>
<SP HEIGHT="34" WIDTH="43" VPOS="2908" HPOS="753"/>
<String CONTENT="of" HEIGHT="53" WIDTH="63" VPOS="2890" HPOS="797"/>
<SP HEIGHT="53" WIDTH="42" VPOS="2890" HPOS="861"/>
<String CONTENT="the" HEIGHT="53" WIDTH="97" VPOS="2889" HPOS="904"/>
<SP HEIGHT="52" WIDTH="43" VPOS="2890" HPOS="1002"/>
<String CONTENT="Legislature," HEIGHT="67" WIDTH="378" VPOS="2890" HPOS="1046"/>
<SP HEIGHT="68" WIDTH="43" VPOS="2889" HPOS="1425"/>
<String CONTENT="both" HEIGHT="54" WIDTH="138" VPOS="2889" HPOS="1469"/>
<SP HEIGHT="53" WIDTH="44" VPOS="2889" HPOS="1608"/>
<String CONTENT="new" HEIGHT="34" WIDTH="124" VPOS="2908" HPOS="1653"/>
<SP HEIGHT="33" WIDTH="44" VPOS="2909" HPOS="1778"/>
<String CONTENT="and" HEIGHT="53" WIDTH="114" VPOS="2889" HPOS="1823"/>
<SP HEIGHT="54" WIDTH="47" VPOS="2889" HPOS="1938"/>
<String CONTENT="amendatory," HEIGHT="68" WIDTH="391" VPOS="2889" HPOS="1986"/>
</TextLine>
<TextLine HEIGHT="68" WIDTH="2020" VPOS="2967" HPOS="357" STYLEREFS="StyleId-B7252A00-BB1B-4D12-9A9F-13ECCB689D04-">
<String CONTENT="and" HEIGHT="52" WIDTH="113" VPOS="2968" HPOS="357"/>
<SP HEIGHT="52" WIDTH="43" VPOS="2968" HPOS="471"/>
<String CONTENT="notes" HEIGHT="47" WIDTH="162" VPOS="2973" HPOS="515"/>
<SP HEIGHT="34" WIDTH="43" VPOS="2986" HPOS="678"/>
<String CONTENT="showing" HEIGHT="66" WIDTH="261" VPOS="2968" HPOS="722"/>
<SP HEIGHT="47" WIDTH="44" VPOS="2987" HPOS="984"/>
<String CONTENT="repeals," HEIGHT="67" WIDTH="238" VPOS="2968" HPOS="1029"/>
<SP HEIGHT="61" WIDTH="44" VPOS="2973" HPOS="1268"/>
<String CONTENT="together" HEIGHT="67" WIDTH="262" VPOS="2968" HPOS="1313"/>
<SP HEIGHT="34" WIDTH="45" VPOS="2987" HPOS="1576"/>
<String CONTENT="with" HEIGHT="54" WIDTH="140" VPOS="2967" HPOS="1622"/>
<SP HEIGHT="51" WIDTH="46" VPOS="2969" HPOS="1763"/>
<String CONTENT="annotations" HEIGHT="54" WIDTH="365" VPOS="2967" HPOS="1810"/>
<SP HEIGHT="54" WIDTH="46" VPOS="2967" HPOS="2176"/>
<String CONTENT="from" HEIGHT="53" WIDTH="154" VPOS="2967" HPOS="2223"/>
</TextLine>
<TextLine HEIGHT="68" WIDTH="2021" VPOS="3045" HPOS="355" STYLEREFS="StyleId-B7252A00-BB1B-4D12-9A9F-13ECCB689D04-">
<String CONTENT="the" HEIGHT="53" WIDTH="96" VPOS="3045" HPOS="355"/>
<SP HEIGHT="35" WIDTH="33" VPOS="3063" HPOS="452"/>
<String CONTENT="various" HEIGHT="54" WIDTH="229" VPOS="3045" HPOS="486"/>
<SP HEIGHT="34" WIDTH="34" VPOS="3064" HPOS="716"/>
<String CONTENT="courts," HEIGHT="62" WIDTH="207" VPOS="3050" HPOS="751"/>
<SP HEIGHT="48" WIDTH="32" VPOS="3064" HPOS="959"/>
<String CONTENT="state" HEIGHT="48" WIDTH="146" VPOS="3051" HPOS="992"/>
<SP HEIGHT="35" WIDTH="33" VPOS="3064" HPOS="1139"/>
<String CONTENT="and" HEIGHT="53" WIDTH="112" VPOS="3046" HPOS="1173"/>
<SP HEIGHT="53" WIDTH="33" VPOS="3046" HPOS="1286"/>
<String CONTENT="federal," HEIGHT="68" WIDTH="241" VPOS="3045" HPOS="1320"/>
<SP HEIGHT="48" WIDTH="36" VPOS="3065" HPOS="1562"/>
<String CONTENT="and" HEIGHT="52" WIDTH="113" VPOS="3046" HPOS="1599"/>
<SP HEIGHT="52" WIDTH="32" VPOS="3046" HPOS="1713"/>
<String CONTENT="the" HEIGHT="52" WIDTH="96" VPOS="3046" HPOS="1746"/>
<SP HEIGHT="34" WIDTH="35" VPOS="3064" HPOS="1843"/>
<String CONTENT="opinions" HEIGHT="67" WIDTH="265" VPOS="3045" HPOS="1879"/>
<SP HEIGHT="34" WIDTH="36" VPOS="3064" HPOS="2145"/>
<String CONTENT="of" HEIGHT="52" WIDTH="63" VPOS="3045" HPOS="2182"/>
<SP HEIGHT="52" WIDTH="34" VPOS="3045" HPOS="2246"/>
<String CONTENT="the" HEIGHT="53" WIDTH="95" VPOS="3046" HPOS="2281"/>
</TextLine>
<TextLine HEIGHT="146" WIDTH="2021" VPOS="3123" HPOS="355" STYLEREFS="StyleId-B7252A00-BB1B-4D12-9A9F-13ECCB689D04-" CS="1">
<String CONTENT="attorney" HEIGHT="62" WIDTH="263" VPOS="3128" HPOS="357"/>
<SP HEIGHT="48" WIDTH="45" VPOS="3142" HPOS="621"/>
<String CONTENT="general," HEIGHT="66" WIDTH="249" VPOS="3124" HPOS="667"/>
<SP HEIGHT="46" WIDTH="42" VPOS="3144" HPOS="917"/>
<String CONTENT="construing" HEIGHT="67" WIDTH="335" VPOS="3124" HPOS="960"/>
<SP HEIGHT="64" WIDTH="41" VPOS="3127" HPOS="1296"/>
<String CONTENT="the" HEIGHT="51" WIDTH="95" VPOS="3125" HPOS="1338"/>
<SP HEIGHT="33" WIDTH="44" VPOS="3143" HPOS="1434"/>
<String CONTENT="constitution," HEIGHT="58" WIDTH="391" VPOS="3123" HPOS="1479"/>
<SP HEIGHT="39" WIDTH="42" VPOS="3142" HPOS="1871"/>
<String CONTENT="statutes," HEIGHT="53" WIDTH="259" VPOS="3127" HPOS="1914"/>
<SP HEIGHT="39" WIDTH="41" VPOS="3141" HPOS="2174"/>
<String CONTENT="charters" HEIGHT="130" WIDTH="1997" VPOS="3124" HPOS="355"/>
<SP HEIGHT="36" WIDTH="35" VPOS="3220" HPOS="470"/>
<String CONTENT="and" HEIGHT="54" WIDTH="113" VPOS="3202" HPOS="506"/>
<SP HEIGHT="52" WIDTH="33" VPOS="3202" HPOS="620"/>
<String CONTENT="court" HEIGHT="47" WIDTH="163" VPOS="3209" HPOS="654"/>
<SP HEIGHT="47" WIDTH="32" VPOS="3209" HPOS="818"/>
<String CONTENT="rules" HEIGHT="52" WIDTH="152" VPOS="3202" HPOS="851"/>
<SP HEIGHT="34" WIDTH="33" VPOS="3221" HPOS="1004"/>
<String CONTENT="of" HEIGHT="54" WIDTH="63" VPOS="3201" HPOS="1038"/>
<SP HEIGHT="55" WIDTH="33" VPOS="3201" HPOS="1102"/>
<String CONTENT="Minnesota" HEIGHT="55" WIDTH="324" VPOS="3201" HPOS="1136"/>
<SP HEIGHT="46" WIDTH="35" VPOS="3209" HPOS="1461"/>
<String CONTENT="together" HEIGHT="67" WIDTH="262" VPOS="3202" HPOS="1497"/>
<SP HEIGHT="34" WIDTH="35" VPOS="3221" HPOS="1760"/>
<String CONTENT="with" HEIGHT="53" WIDTH="142" VPOS="3202" HPOS="1796"/>
<SP HEIGHT="52" WIDTH="36" VPOS="3202" HPOS="1939"/>
<String CONTENT="digest" HEIGHT="69" WIDTH="187" VPOS="3200" HPOS="1976"/>
<SP HEIGHT="47" WIDTH="34" VPOS="3207" HPOS="2164"/>
<String CONTENT="of" HEIGHT="54" WIDTH="63" VPOS="3200" HPOS="2199"/>
<SP HEIGHT="55" WIDTH="35" VPOS="3200" HPOS="2263"/>
<String CONTENT="all" HEIGHT="53" WIDTH="77" VPOS="3202" HPOS="2299"/>
</TextLine>
<TextLine HEIGHT="224" WIDTH="2019" VPOS="3279" HPOS="357" STYLEREFS="StyleId-B7252A00-BB1B-4D12-9A9F-13ECCB689D04-" CS="1">
<String CONTENT="common" HEIGHT="36" WIDTH="258" VPOS="3297" HPOS="357"/>
<SP HEIGHT="52" WIDTH="28" VPOS="3280" HPOS="616"/>
<String CONTENT="law" HEIGHT="52" WIDTH="113" VPOS="3280" HPOS="645"/>
<SP HEIGHT="51" WIDTH="29" VPOS="3281" HPOS="759"/>
<String CONTENT="decisions." HEIGHT="54" WIDTH="295" VPOS="3279" HPOS="789"/>
<SP HEIGHT="52" WIDTH="76" VPOS="3281" HPOS="1085"/>
<String CONTENT="Edited" HEIGHT="53" WIDTH="215" VPOS="3280" HPOS="1162"/>
<SP HEIGHT="51" WIDTH="28" VPOS="3281" HPOS="1378"/>
<String CONTENT="by" HEIGHT="66" WIDTH="75" VPOS="3281" HPOS="1407"/>
<SP HEIGHT="65" WIDTH="29" VPOS="3282" HPOS="1483"/>
<String CONTENT="William" HEIGHT="55" WIDTH="264" VPOS="3280" HPOS="1513"/>
<SP HEIGHT="51" WIDTH="26" VPOS="3282" HPOS="1778"/>
<String CONTENT="H." HEIGHT="51" WIDTH="78" VPOS="3282" HPOS="1805"/>
<SP HEIGHT="52" WIDTH="29" VPOS="3281" HPOS="1884"/>
<String CONTENT="Mason," HEIGHT="66" WIDTH="223" VPOS="3281" HPOS="1914"/>
<SP HEIGHT="49" WIDTH="29" VPOS="3298" HPOS="2138"/>
<String CONTENT="editor-in-chief," HEIGHT="143" WIDTH="2018" VPOS="3280" HPOS="358"/>
<SP HEIGHT="64" WIDTH="25" VPOS="3359" HPOS="619"/>
<String CONTENT="W." HEIGHT="53" WIDTH="92" VPOS="3359" HPOS="645"/>
<SP HEIGHT="52" WIDTH="29" VPOS="3358" HPOS="738"/>
<String CONTENT="H." HEIGHT="53" WIDTH="77" VPOS="3358" HPOS="768"/>
<SP HEIGHT="53" WIDTH="28" VPOS="3358" HPOS="846"/>
<String CONTENT="Mason," HEIGHT="66" WIDTH="223" VPOS="3358" HPOS="875"/>
<SP HEIGHT="67" WIDTH="28" VPOS="3358" HPOS="1099"/>
<String CONTENT="jr.," HEIGHT="67" WIDTH="90" VPOS="3358" HPOS="1128"/>
<SP HEIGHT="65" WIDTH="30" VPOS="3359" HPOS="1219"/>
<String CONTENT="R." HEIGHT="52" WIDTH="67" VPOS="3359" HPOS="1250"/>
<SP HEIGHT="56" WIDTH="32" VPOS="3357" HPOS="1318"/>
<String CONTENT="O." HEIGHT="56" WIDTH="68" VPOS="3357" HPOS="1351"/>
<SP HEIGHT="51" WIDTH="29" VPOS="3360" HPOS="1420"/>
<String CONTENT="Mason," HEIGHT="64" WIDTH="222" VPOS="3360" HPOS="1450"/>
<SP HEIGHT="65" WIDTH="30" VPOS="3359" HPOS="1673"/>
<String CONTENT="J." HEIGHT="53" WIDTH="55" VPOS="3359" HPOS="1704"/>
<SP HEIGHT="55" WIDTH="34" VPOS="3357" HPOS="1760"/>
<String CONTENT="S." HEIGHT="55" WIDTH="56" VPOS="3357" HPOS="1795"/>
<SP HEIGHT="55" WIDTH="32" VPOS="3358" HPOS="1852"/>
<String CONTENT="O&#8217;Brien," HEIGHT="67" WIDTH="271" VPOS="3357" HPOS="1885"/>
<SP HEIGHT="47" WIDTH="30" VPOS="3377" HPOS="2157"/>
<String CONTENT="assistant" HEIGHT="130" WIDTH="1995" VPOS="3358" HPOS="357"/>
<SP HEIGHT="47" WIDTH="24" VPOS="3441" HPOS="459"/>
<String CONTENT="editors." HEIGHT="54" WIDTH="229" VPOS="3435" HPOS="484"/>
<SP HEIGHT="55" WIDTH="79" VPOS="3435" HPOS="714"/>
<String CONTENT="St." HEIGHT="55" WIDTH="82" VPOS="3435" HPOS="794"/>
<SP HEIGHT="52" WIDTH="28" VPOS="3437" HPOS="877"/>
<String CONTENT="Paul," HEIGHT="66" WIDTH="168" VPOS="3436" HPOS="906"/>
<SP HEIGHT="65" WIDTH="26" VPOS="3437" HPOS="1075"/>
<String CONTENT="Minn.," HEIGHT="67" WIDTH="204" VPOS="3435" HPOS="1102"/>
<SP HEIGHT="66" WIDTH="24" VPOS="3436" HPOS="1307"/>
<String CONTENT="Mason" HEIGHT="52" WIDTH="205" VPOS="3436" HPOS="1332"/>
<SP HEIGHT="48" WIDTH="26" VPOS="3455" HPOS="1538"/>
<String CONTENT="publishing" HEIGHT="68" WIDTH="338" VPOS="3435" HPOS="1565"/>
<SP HEIGHT="48" WIDTH="25" VPOS="3454" HPOS="1904"/>
<String CONTENT="co.," HEIGHT="49" WIDTH="100" VPOS="3454" HPOS="1930"/>
<SP HEIGHT="64" WIDTH="28" VPOS="3439" HPOS="2031"/>
<String CONTENT="1936." HEIGHT="50" WIDTH="151" VPOS="3439" HPOS="2060"/>
</TextLine>
<TextLine HEIGHT="50" WIDTH="561" VPOS="3507" HPOS="427" CS="1">
<String CONTENT="3" HEIGHT="41" WIDTH="25" VPOS="3509" HPOS="427"/>
<SP/>
<String CONTENT="p." HEIGHT="38" WIDTH="43" VPOS="3519" HPOS="481"/>
<SP HEIGHT="41" WIDTH="28" VPOS="3509" HPOS="525"/>
<String CS="1" CONTENT="l.," HEIGHT="17" WIDTH="8" VPOS="3540" HPOS="589"/>
<SP HEIGHT="48" WIDTH="27" VPOS="3509" HPOS="598"/>
<String CS="1" CONTENT="1209" HEIGHT="42" WIDTH="89" VPOS="3507" HPOS="654"/>
<SP HEIGHT="50" WIDTH="24" VPOS="3507" HPOS="744"/>
<String CONTENT="p." HEIGHT="39" WIDTH="45" VPOS="3518" HPOS="769"/>
<SP HEIGHT="43" WIDTH="55" VPOS="3507" HPOS="815"/>
<String CONTENT="28" HEIGHT="43" WIDTH="59" VPOS="3507" HPOS="871"/>
<String STYLE="superscript" CONTENT="cm" HEIGHT="22" WIDTH="45" VPOS="3510" HPOS="930"/>
<String CONTENT="." HEIGHT="9" WIDTH="8" VPOS="3541" HPOS="980"/>
</TextLine>
<TextLine HEIGHT="42" WIDTH="490" VPOS="3566" HPOS="427">
<String CONTENT="On" HEIGHT="41" WIDTH="73" VPOS="3566" HPOS="427"/>
<SP HEIGHT="29" WIDTH="31" VPOS="3576" HPOS="501"/>
<String CONTENT="cover:" HEIGHT="30" WIDTH="170" VPOS="3575" HPOS="533"/>
<SP HEIGHT="40" WIDTH="33" VPOS="3566" HPOS="704"/>
<String CONTENT="Vol." HEIGHT="40" WIDTH="103" VPOS="3566" HPOS="738"/>
<SP HEIGHT="40" WIDTH="34" VPOS="3567" HPOS="842"/>
<String CONTENT="3." HEIGHT="41" WIDTH="40" VPOS="3567" HPOS="877"/>
</TextLine>
<TextLine HEIGHT="53" WIDTH="1722" VPOS="3619" HPOS="359" CS="1">
<String CONTENT="&#169;" HEIGHT="53" WIDTH="53" VPOS="3619" HPOS="359"/>
<SP HEIGHT="53" WIDTH="24" VPOS="3619" HPOS="413"/>
<String CONTENT="Apr." HEIGHT="47" WIDTH="112" VPOS="3624" HPOS="438"/>
<SP HEIGHT="38" WIDTH="25" VPOS="3624" HPOS="551"/>
<String CONTENT="4," HEIGHT="47" WIDTH="41" VPOS="3624" HPOS="577"/>
<SP HEIGHT="47" WIDTH="24" VPOS="3624" HPOS="619"/>
<String CONTENT="1936;" HEIGHT="48" WIDTH="143" VPOS="3622" HPOS="644"/>
<SP HEIGHT="48" WIDTH="23" VPOS="3622" HPOS="788"/>
<String CONTENT="2c." HEIGHT="42" WIDTH="69" VPOS="3622" HPOS="812"/>
<SP HEIGHT="32" WIDTH="23" VPOS="3632" HPOS="882"/>
<String CONTENT="and" HEIGHT="40" WIDTH="97" VPOS="3622" HPOS="906"/>
<SP HEIGHT="39" WIDTH="25" VPOS="3622" HPOS="1004"/>
<String CONTENT="aff." HEIGHT="40" WIDTH="81" VPOS="3621" HPOS="1030"/>
<SP HEIGHT="40" WIDTH="30" VPOS="3623" HPOS="1112"/>
<String CONTENT="Sept." HEIGHT="47" WIDTH="128" VPOS="3623" HPOS="1143"/>
<SP HEIGHT="42" WIDTH="24" VPOS="3621" HPOS="1272"/>
<String CONTENT="21;" HEIGHT="49" WIDTH="82" VPOS="3621" HPOS="1297"/>
<SP HEIGHT="47" WIDTH="28" VPOS="3623" HPOS="1380"/>
<!-- cceid A41271AB-6E3A-1014-83DD-942C093A1DD9 --><String CONTENT="A" HEIGHT="38" WIDTH="41" VPOS="3623" HPOS="1409"/>
<SP HEIGHT="40" WIDTH="22" VPOS="3621" HPOS="1451"/>
<String CS="1" CONTENT="98555;" HEIGHT="42" WIDTH="146" VPOS="3621" HPOS="1474"/>
<SP HEIGHT="45" WIDTH="28" VPOS="3624" HPOS="1648"/>
<String CONTENT="Mason" HEIGHT="37" WIDTH="172" VPOS="3624" HPOS="1677"/>
<SP HEIGHT="37" WIDTH="24" VPOS="3632" HPOS="1850"/>
<String CONTENT="pub." HEIGHT="48" WIDTH="112" VPOS="3621" HPOS="1875"/>
<SP HEIGHT="32" WIDTH="24" VPOS="3631" HPOS="1988"/>
<String CONTENT="co." HEIGHT="31" WIDTH="68" VPOS="3631" HPOS="2013"/>
</TextLine>
<TextLine HEIGHT="64" WIDTH="967" VPOS="3726" HPOS="356">
<String CONTENT="M&#246;llendorff," HEIGHT="64" WIDTH="394" VPOS="3726" HPOS="356"/>
<SP HEIGHT="62" WIDTH="24" VPOS="3728" HPOS="751"/>
<String CONTENT="Wilhelm" HEIGHT="55" WIDTH="275" VPOS="3726" HPOS="776"/>
<SP HEIGHT="35" WIDTH="25" VPOS="3744" HPOS="1052"/>
<String CONTENT="von," HEIGHT="48" WIDTH="133" VPOS="3742" HPOS="1078"/>
<SP HEIGHT="44" WIDTH="27" VPOS="3746" HPOS="1212"/>
<String CONTENT="ed." HEIGHT="54" WIDTH="83" VPOS="3727" HPOS="1240"/>
</TextLine>
<TextLine HEIGHT="69" WIDTH="1945" VPOS="3802" HPOS="427" STYLEREFS="StyleId-B7252A00-BB1B-4D12-9A9F-13ECCB689D04-">
<String CONTENT="Handbuch" HEIGHT="52" WIDTH="330" VPOS="3805" HPOS="427"/>
<SP HEIGHT="52" WIDTH="56" VPOS="3805" HPOS="758"/>
<String CONTENT="der" HEIGHT="52" WIDTH="100" VPOS="3805" HPOS="815"/>
<SP HEIGHT="33" WIDTH="51" VPOS="3823" HPOS="916"/>
<String CONTENT="mikroskopischen" HEIGHT="69" WIDTH="527" VPOS="3802" HPOS="968"/>
<SP HEIGHT="34" WIDTH="55" VPOS="3823" HPOS="1496"/>
<String CONTENT="anatomie" HEIGHT="53" WIDTH="283" VPOS="3804" HPOS="1552"/>
<SP HEIGHT="53" WIDTH="56" VPOS="3803" HPOS="1836"/>
<String CONTENT="des" HEIGHT="53" WIDTH="96" VPOS="3803" HPOS="1893"/>
<SP HEIGHT="34" WIDTH="53" VPOS="3822" HPOS="1990"/>
<String CONTENT="menschen;" HEIGHT="67" WIDTH="328" VPOS="3803" HPOS="2044"/>
</TextLine>
<TextLine HEIGHT="146" WIDTH="2015" VPOS="3881" HPOS="358" STYLEREFS="StyleId-B7252A00-BB1B-4D12-9A9F-13ECCB689D04-" CS="1">
<String CONTENT="bearb." HEIGHT="52" WIDTH="188" VPOS="3883" HPOS="358"/>
<SP HEIGHT="33" WIDTH="29" VPOS="3902" HPOS="547"/>
<String CONTENT="von" HEIGHT="33" WIDTH="112" VPOS="3901" HPOS="577"/>
<SP HEIGHT="53" WIDTH="26" VPOS="3884" HPOS="690"/>
<String CONTENT="W." HEIGHT="53" WIDTH="89" VPOS="3884" HPOS="717"/>
<SP HEIGHT="51" WIDTH="32" VPOS="3884" HPOS="807"/>
<String CONTENT="Bargmann" HEIGHT="65" WIDTH="337" VPOS="3884" HPOS="840"/>
<SP HEIGHT="47" WIDTH="33" VPOS="3901" HPOS="1178"/>
<String CS="1" CONTENT="[u." HEIGHT="34" WIDTH="53" VPOS="3901" HPOS="1228"/>
<SP HEIGHT="34" WIDTH="32" VPOS="3901" HPOS="1282"/>
<String CONTENT="a.]" HEIGHT="47" WIDTH="66" VPOS="3901" HPOS="1315"/>
<SP HEIGHT="65" WIDTH="33" VPOS="3883" HPOS="1382"/>
<String CONTENT="hrsg." HEIGHT="66" WIDTH="155" VPOS="3883" HPOS="1416"/>
<SP HEIGHT="34" WIDTH="29" VPOS="3901" HPOS="1572"/>
<String CONTENT="von" HEIGHT="34" WIDTH="113" VPOS="3900" HPOS="1602"/>
<SP HEIGHT="53" WIDTH="25" VPOS="3884" HPOS="1716"/>
<String CONTENT="Wilhelm" HEIGHT="55" WIDTH="277" VPOS="3882" HPOS="1742"/>
<SP HEIGHT="34" WIDTH="30" VPOS="3899" HPOS="2020"/>
<String CONTENT="v," HEIGHT="35" WIDTH="49" VPOS="3899" HPOS="2051"/>
<SP HEIGHT="52" WIDTH="32" VPOS="3882" HPOS="2101"/>
<String CS="1" CONTENT="M&#246;llendorff" HEIGHT="132" WIDTH="1992" VPOS="3881" HPOS="359"/>
<SP HEIGHT="51" WIDTH="40" VPOS="3961" HPOS="512"/>
<String CS="1" CONTENT="&#8230;"/>
<SP/>
<String CONTENT="3." HEIGHT="50" WIDTH="46" VPOS="3963" HPOS="686"/>
<SP HEIGHT="53" WIDTH="35" VPOS="3960" HPOS="733"/>
<String CONTENT="bd." HEIGHT="54" WIDTH="93" VPOS="3960" HPOS="769"/>
<SP HEIGHT="53" WIDTH="36" VPOS="3961" HPOS="863"/>
<String CONTENT="Haut" HEIGHT="53" WIDTH="168" VPOS="3961" HPOS="900"/>
<SP HEIGHT="47" WIDTH="29" VPOS="3966" HPOS="1069"/>
<String CONTENT="und" HEIGHT="52" WIDTH="119" VPOS="3960" HPOS="1099"/>
<SP HEIGHT="52" WIDTH="35" VPOS="3960" HPOS="1219"/>
<String CONTENT="sinnesorgane." HEIGHT="66" WIDTH="418" VPOS="3961" HPOS="1255"/>
<SP HEIGHT="51" WIDTH="73" VPOS="3962" HPOS="1674"/>
<String CONTENT="2." HEIGHT="50" WIDTH="47" VPOS="3962" HPOS="1748"/>
<SP HEIGHT="48" WIDTH="37" VPOS="3964" HPOS="1796"/>
<String CONTENT="t." HEIGHT="48" WIDTH="37" VPOS="3964" HPOS="1834"/>
<SP HEIGHT="53" WIDTH="39" VPOS="3959" HPOS="1872"/>
<String CONTENT="Auge." HEIGHT="67" WIDTH="182" VPOS="3959" HPOS="1912"/>
<SP HEIGHT="52" WIDTH="74" VPOS="3960" HPOS="2095"/>
<String CONTENT="Bearb." HEIGHT="53" WIDTH="203" VPOS="3959" HPOS="2170"/>
</TextLine>
<TextLine HEIGHT="68" WIDTH="1945" VPOS="4036" HPOS="357" STYLEREFS="StyleId-B7252A00-BB1B-4D12-9A9F-13ECCB689D04-" CS="1">
<String CONTENT="von" HEIGHT="33" WIDTH="110" VPOS="4057" HPOS="357"/>
<SP HEIGHT="54" WIDTH="27" VPOS="4039" HPOS="468"/>
<String CONTENT="W." HEIGHT="54" WIDTH="90" VPOS="4039" HPOS="496"/>
<SP HEIGHT="53" WIDTH="29" VPOS="4039" HPOS="587"/>
<String CONTENT="Kolmer" HEIGHT="53" WIDTH="241" VPOS="4039" HPOS="617"/>
<SP HEIGHT="33" WIDTH="32" VPOS="4058" HPOS="859"/>
<String CS="1" CONTENT="&#8230;"/>
<SP HEIGHT="52" WIDTH="31" VPOS="4039" HPOS="949"/>
<String CONTENT="H." HEIGHT="53" WIDTH="77" VPOS="4039" HPOS="981"/>
<SP HEIGHT="53" WIDTH="28" VPOS="4039" HPOS="1059"/>
<String CONTENT="Lauber" HEIGHT="53" WIDTH="227" VPOS="4039" HPOS="1088"/>
<SP HEIGHT="34" WIDTH="32" VPOS="4057" HPOS="1316"/>
<String CS="1" CONTENT="&#8230;"/>
<SP HEIGHT="52" WIDTH="78" VPOS="4039" HPOS="1406"/>
<String CONTENT="Berlin," HEIGHT="58" WIDTH="218" VPOS="4037" HPOS="1485"/>
<SP HEIGHT="56" WIDTH="28" VPOS="4039" HPOS="1704"/>
<String CONTENT="J." HEIGHT="54" WIDTH="56" VPOS="4039" HPOS="1733"/>
<SP HEIGHT="55" WIDTH="31" VPOS="4037" HPOS="1790"/>
<String CONTENT="Springer," HEIGHT="68" WIDTH="298" VPOS="4036" HPOS="1822"/>
<SP HEIGHT="64" WIDTH="29" VPOS="4040" HPOS="2121"/>
<String CONTENT="1936." HEIGHT="50" WIDTH="151" VPOS="4040" HPOS="2151"/>
</TextLine>
</TextBlock>
</PrintSpace>
</Page>
</Layout>
</alto>