2519 4377
1023 4067 100 52 449

79 439 177 62 Bach,
283 440 208 51 Emma
570 480 12 13 O.

146 515 398 52 Introduction
574 520 56 46 to
659 515 248 54 German
946 512 88 69 (in
1061 512 374 68 Heidelberg)
1473 512 73 66 by
1575 513 202 51 Emma
1809 511 66 54 O.
1909 513 152 50 Bach

139 590 1237 68 … New York, Prentice-Hall, inc., 1936.
149 664 81 40 xvi
258 675 56 38 p.,
343 664 23 39 1
417 695 22 17 l.,
467 663 86 40 345
578 675 43 37 p.
649 664 108 40 incl.
785 664 162 44 front.,
974 662 127 41 illus.
1161 663 53 38 21
1219 665 43 21 cm
1268 694 8 8 .

152 721 236 40 “German
418 720 169 47 songs”
631 720 182 47 (words
844 721 94 38 and
970 718 176 47 music):
1214 730 42 36 p.
1290 718 247 49 [229]-237.

151 779 138 46 Maps
317 789 59 29 on
404 778 362 47 lining-papers.

77 844 52 52 ©
164 849 119 38 Mar.
317 847 68 45 25,
421 848 139 45 1936;
596 848 67 39 2c.
697 848 113 46 Apr.
845 846 25 39 9;
935 846 81 40 aff.
1050 846 113 48 Apr.
1195 847 52 44 8;
1286 846 38 38 A
1360 845 169 46 92848;
1569 843 370 45 Prentice-Hall,
1977 843 89 40 inc.

157 904 249 47 (36-8927)

78 1006 219 66 Bailey,
323 1007 253 65 Temple.

151 1083 51 52 A
253 1083 149 53 little
452 1083 232 68 parable
735 1082 92 53 for
878 1082 264 67 mothers,
1194 1082 72 67 by
1316 1082 234 67 Temple
1602 1080 216 69 Bailey.
1932 1080 136 51 [New

81 1160 177 67 York]
292 1160 264 69 Fleming
585 1161 76 52 H.
689 1161 83 51 Re
776 1161 110 52 veil
917 1177 277 50 company
1228 1192 11 34 [
1246 1165 18 22 c
1268 1162 151 63 1936]

148 1231 1249 51 2 p. l. , 7-30 p. incl. col. mounted front. 19½ cm .
147 1290 329 50 Head-pieces.

78 1345 52 51 ©
160 1349 112 46 Apr.
306 1348 66 41 10.
406 1348 139 40 1936:
575 1348 65 40 2c.
674 1349 95 39 and
802 1347 81 42 aff.
917 1347 112 47 Apr.
1063 1346 80 46 18;
1178 1346 40 39 A
1250 1346 169 47 93711;
1457 1346 218 47 Fleming
1708 1347 59 37 H.
1847 1347 121 39 Revell
2000 1356 68 31 co.

155 1405 249 47 (36-8987)

78 1508 360 63 Bellamann,
470 1509 224 61 Henry,
730 1512 170 49 1882-

147 1580 1923 72 The gray man walks, by Henry Bellamann … Garden City,
77 1664 69 52 N.
183 1664 89 66 Y.,
307 1662 141 52 Pub.
483 1662 93 52 for
607 1661 96 53 the
737 1661 190 53 Crime
961 1659 145 69 club,
1139 1661 127 66 inc.,
1300 1661 72 67 by
1408 1659 354 68 Doubleday,
1792 1661 196 52 Doran
2025 1663 44 50 &

77 1759 295 49 company,
401 1740 125 67 inc.,
554 1742 151 50 1936.

149 1826 33 29 x
209 1826 58 37 p.,
295 1815 26 40 1
348 1816 46 44 1.,
421 1813 84 42 307
534 1825 43 37 p.
631 1812 86 50 19½
720 1815 43 22 cm
769 1844 9 10 .

151 1870 162 41 “First
349 1869 225 42 edition.”

79 1924 52 52 ©
166 1929 112 46 Apr.
316 1928 68 48 17,
422 1927 139 44 1936;
600 1927 66 39 2c.
705 1927 94 39 and
837 1925 82 40 aff.
957 1925 113 48 Apr.
1108 1925 81 45 23;
1230 1925 39 38 A
1304 1925 169 45 93746;
1516 1926 59 38 H.
1615 1925 299 48 Bellamann,
1954 1927 117 38 New

152 1985 142 39 York.
367 1983 247 48 (36-8977)

78 2085 182 54 Bible.
332 2088 69 51 N.
439 2089 61 50 T.
571 2085 262 66 English.
905 2084 326 55 Selections.
1300 2087 153 50 1936.
1525 2084 371 55 Authorized.

147 2160 300 53 Immortal
479 2161 184 52 words
694 2159 64 53 of
791 2159 192 54 Christ
1015 2159 112 52 and
1159 2159 94 53 the
1283 2158 263 68 apostles,
1576 2158 60 53 in
1665 2165 259 63 compact
1955 2160 113 53 and

80 2239 211 54 related
323 2257 281 51 sequence,
633 2237 354 55 transcribed
1020 2236 151 54 from
1203 2237 94 54 the
1330 2236 163 71 King
1521 2236 194 56 James
1747 2238 225 55 version
2004 2236 64 57 of

79 2315 1991 72 the Bible, by James W. Woodrow … New York [etc.] Fleming
76 2396 834 68 H. Revell company [ c 1936]
149 2468 87 41 160
262 2480 42 37 p.
365 2468 54 40 19½
453 2470 43 21 cm
500 2499 9 9 .

425 2525 308 47 CONTENTS.—Prologue.
795 2525 172 40 Words
1000 2525 51 40 of
1086 2525 80 40 the
1201 2525 111 47 holy
1345 2525 376 49 prophets.—pt.
1757 2524 42 43 1.
1833 2525 237 42 Christ.—

81 2584 69 47 pt.
175 2583 42 40 2.
249 2582 138 41 Saiut
413 2583 270 47 Paul.—pt.
711 2580 43 43 3.
786 2581 65 41 St.
879 2582 179 45 James,
1091 2581 66 41 St.
1189 2581 156 49 Peter,
1378 2581 68 42 St.
1474 2583 142 48 John,
1646 2585 96 39 and
1775 2584 66 41 St.
1871 2586 139 40 Jude.

81 2639 53 52 ©
162 2644 120 38 Mar.
312 2643 68 46 21,
412 2642 117 39 1936;
584 2642 67 39 2c.
680 2643 94 38 and
805 2641 82 40 aff.
919 2643 121 39 Mar.
1071 2641 82 47 28;
1187 2642 39 38 A
1256 2641 170 49 93427;
1461 2643 221 49 Fleming
1712 2645 59 39 H.
1805 2645 167 39 Revell
2003 2658 66 28 co.

160 2698 247 48 (36-8956)

81 2801 276 65 Bicknell,
383 2804 137 51 Mrs.
549 2801 170 52 Anne
750 2801 312 64 (Guthrie)

150 2877 222 54 Flower
427 2875 140 69 folk,
621 2878 76 68 by
750 2878 167 53 Anne
971 2876 244 56 Guthrie
1272 2877 287 69 Bickneli;
1614 2879 322 55 illustrated
1994 2882 73 68 by

81 2956 254 52 Martina
368 2955 274 55 Grenwis.
718 2957 137 51 New
892 2956 178 67 York,
1104 2957 68 55 G.
1207 2959 64 51 P.
1306 2958 296 52 Putnam’s
1635 2975 127 37 sons
1843 2964 151 63 [c1936]

152 3029 69 48 71,
258 3029 54 50 [1]
345 3039 44 38 p.
449 3030 84 39 col.
565 3028 130 41 illus.
753 3029 58 40 28½
842 3031 42 20 cm
890 3060 9 9 .

154 3087 286 39 Illustrated
467 3087 98 47 t.-p.
593 3085 50 40 in
673 3086 168 39 colors.

155 3144 56 38 In
240 3152 150 30 verse.

83 3196 52 52 ©
167 3201 113 47 Apr.
314 3201 68 45 17,
416 3198 117 41 1936;
592 3200 67 39 2c.
695 3200 95 39 and
825 3199 81 40 aff.
940 3199 113 47 Apr.
1088 3199 81 43 18;
1203 3200 41 38 A
1277 3198 170 48 94013;
1487 3201 51 39 G.
1575 3202 49 39 P.
1660 3202 250 40 Putnam's
1945 3212 125 31 sons.

161 3255 248 49 (36-8925)

82 3359 220 64 Biddle,
329 3360 287 62 Dorothy.

153 3434 229 54 Garden
416 3434 219 69 gossip;
675 3434 309 54 chronicles
1020 3435 63 52 of
1121 3435 301 68 Sycamore
1458 3437 204 67 valley,
1695 3437 75 67 by
1805 3439 263 66 Dorothy

84 3512 1961 147 Biddle … and Dorothea Blom … Garden City, N. Y., Doubleday, Doran & company, inc., 1936.
157 3663 928 49 95 p. front., illus., plates, 19½ cm.
159 3719 127 39 “The
316 3719 289 46 inspiration
637 3720 80 39 for
747 3720 82 39 the
859 3720 135 45 book,
1027 3721 94 39 and
1155 3730 129 31 some
1315 3721 51 39 of
1395 3722 83 39 the
1510 3721 239 48 material,
1779 3732 133 31 came
1943 3723 129 41 from

89 3785 25 28 a
156 3775 182 47 weekly
376 3775 148 40 series
562 3776 52 39 of
648 3775 197 41 articles
884 3777 108 39 that
1030 3777 124 40 have
1191 3779 240 45 appeared
1471 3777 47 39 in
1560 3778 81 40 the
1677 3778 304 50 Townsman,
2021 3780 53 40 of

88 3831 357 49 Pleasantville,
479 3833 55 39 N.
565 3832 641 49 Y.”—Acknowledgments.

159 3887 160 41 “First
348 3888 224 41 edition.”

87 3939 51 52 ©
165 3946 119 39 Mar.
311 3945 39 46 6,
377 3945 138 42 1936;
546 3946 66 40 2c.
640 3947 97 39 and
761 3947 80 38 aff.
872 3948 121 38 Mar.
1023 3947 80 46 16;
1135 3948 41 38 A
1202 3946 170 48 92299;
1404 3949 297 48 Doubleday,
1731 3951 164 38 Doran
1927 3951 35 38 &
1991 3961 82 36 co.,

155 3999 89 41 inc.
306 4001 222 48 (36-9030)
