2519 4377
1055 4101 133 51 1451

133 454 310 64 Morrison,
472 455 192 62 Lacey
693 454 257 63 Harvey,
982 458 171 50 1881-

203 545 361 66 High-speed
604 543 189 53 Diesel
836 542 256 68 engines;
1136 562 30 33 a
1207 543 272 68 practical
1520 547 120 48 text
1679 561 70 34 on
1791 541 339 70 high-speed

133 623 234 66 Diesels,
413 620 297 68 including
754 620 338 53 instruction
1136 639 69 34 on
1254 619 420 69 fuel-injection
1721 621 111 52 and

133 621 1975 132 combustion
297 705 253 62 systems,
596 699 213 52 frames
855 699 111 52 and
1011 698 299 68 cylinders,
1355 696 252 70 running
1648 717 153 49 gear,
1845 699 112 52 and

133 717 1973 113 construction
443 776 204 53 details
681 776 62 52 of
778 777 95 51 the
906 776 267 53 different
1209 776 213 53 models
1455 776 63 52 of
1549 777 96 53 the
1677 776 191 54 Diesel
1900 777 231 67 engines

134 856 107 52 and
293 854 147 55 their
488 854 380 68 applications
914 858 57 50 to
1019 853 264 69 industry
1331 853 111 53 and
1487 853 471 69 transportation.
2044 858 87 65 By

133 930 2000 72 L. H. Morrison … Chicago, American technical society,
135 1010 148 55 1937.

205 1084 26 40 3
261 1094 42 38 p.
351 1114 22 14 l.,
403 1083 85 40 243
518 1093 41 38 p.
620 1081 164 49 front.,
815 1081 142 48 illus.,
988 1082 177 48 diagrs.
1226 1082 55 40 21½cm.

133 1149 53 53 ©
219 1155 126 46 Sept.
377 1152 69 44 22.
479 1152 139 43 1936;
649 1152 68 40 2c.
752 1152 126 48 Sept.
911 1152 81 47 25;
1029 1152 80 39 aff.
1146 1153 127 47 Sept.
1305 1152 81 41 24:
1422 1154 40 38 A
1496 1152 170 49 97973;
1700 1155 159 39 Amer.
1891 1153 239 42 technical

204 1220 92 30 soc.
367 1209 280 49 (36-22505)

132 1314 279 52 National
436 1313 315 53 industrial
778 1313 345 53 conference
1151 1313 198 54 board.

203 1405 223 64 Wages,
461 1404 188 58 hours,
684 1404 110 51 and
829 1403 383 67 employment
1245 1404 59 51 in
1339 1405 94 52 the
1469 1404 212 54 United
1722 1403 203 61 States,
1963 1409 172 47 1914-

138 1480 1934 68 1936. by M. Ada Beney, Conference board research staff …
134 1560 136 52 New
325 1559 159 53 York
533 1559 133 57 city.
717 1558 267 54 National
1040 1558 304 54 industrial
1397 1559 328 54 conference
1778 1561 196 58 board,
2028 1562 102 52 inc.

0 0 0 0 [c1936]
238 1742 8 16 x,
274 1709 84 42 197
384 1720 44 38 p.
455 1709 110 42 incl.
591 1709 172 48 tables,
794 1708 178 49 diagrs.
1029 1710 146 40 23½cm.
1241 1710 97 48 (Its
1368 1710 209 40 Studies,
1637 1721 75 30 no.
1742 1710 110 50 229)

132 1776 53 54 ©
215 1782 126 46 Sept.
373 1781 68 43 12,
473 1779 140 48 1936;
647 1779 67 39 2c.
746 1779 95 41 and
874 1779 81 40 aff.
990 1779 100 40 Oct.
1124 1780 52 47 2;
1210 1781 40 38 A
1282 1779 144 41 98748;
1487 1780 130 42 Natl.
1652 1780 259 40 industrial
202 1780 1914 97 conference
343 1837 164 48 board,
536 1837 90 40 inc.
697 1835 280 50 (36-27456)

133 1943 212 62 North,
370 1942 253 54 William
649 1943 67 54 E.

263 2031 1685 70 … Catholic education in Southern California, by the
132 2034 1998 144 Reverend William E. North … Washington, D. C., The Catholic
135 2189 312 53 university
473 2188 62 53 of
563 2188 284 66 America,
877 2191 149 50 1936.

205 2262 100 47 viii,
339 2262 85 40 227
458 2272 42 37 p.
560 2261 116 41 23cm.

205 2318 173 40 Thesis
414 2317 107 48 (PH.
580 2316 330 48 D.)—Catholic
936 2317 270 47 university
1234 2317 51 40 of
1308 2319 238 46 America,
1573 2318 128 42 1936.

206 2374 374 48 Bibliography:
609 2384 43 38 p.
680 2372 217 41 219-227.

133 2440 53 53 ©
208 2445 127 39 June
357 2444 68 48 18,
477 2442 112 49 1936;
615 2443 67 41 2c.
707 2443 95 39 and
828 2443 81 41 aff.
935 2444 115 45 July
1073 2444 52 46 3;
1154 2445 38 38 A
1217 2443 143 41 96297:
1416 2444 222 42 Catholic
1663 2445 127 39 univ.
1818 2446 52 39 of
1893 2447 239 41 America.

212 2500 280 50 (36-22491)

132 2605 203 65 Orczy,
363 2605 344 62 Emmuska,
738 2605 276 52 baroness.

202 2683 180 52 Enter
416 2681 94 56 Sir
544 2683 199 65 Percy,
775 2682 74 66 by
885 2683 280 51 Baroness
1199 2681 201 68 Orczy.
1482 2684 388 66 [Instalments
1908 2687 118 64 1-2]

209 2756 81 48 (In
320 2751 157 44 Home
506 2751 214 52 journal,
750 2751 130 52 Aug.
912 2753 71 49 22,
1015 2753 71 49 29,
1119 2752 143 50 1936)

132 2820 1998 54 © 1c. each Oct. 15, 1936; A ad int. 21995; pubd. Aug. 19, 26; Emmuska
201 2882 237 49 Bnrstow,
468 2881 163 41 Monte
655 2880 158 49 Carlo,
844 2881 216 40 Monaco.

204 2988 177 50 Enter
415 2985 93 55 Sir
542 2988 198 64 Percy,
774 2986 73 66 by
883 2987 278 51 Baroness
1193 2985 201 67 Orzcy.
1476 2986 362 66 [Instalment
1871 2990 48 62 3]

211 3059 77 47 (In
324 3056 157 42 Home
513 3055 214 51 journal,
760 3054 136 52 Sept.
927 3057 40 40 5.
1002 3055 141 50 1936)

131 3124 1998 54 © 1c. Oct. 29, 1936; A ad int. 21996; pubd. Sept. 2; Emmuska Barstow,
203 3186 162 41 Monte
397 3185 157 51 Carlo,
587 3186 216 39 Monaco.

131 3290 350 63 O’Sullivan,
510 3290 272 56 Vincent.

196 3365 240 68 Aspects
472 3364 64 53 of
569 3364 212 69 Wilde,
819 3365 74 69 by
931 3365 246 53 Vincent
1214 3363 356 56 O’Sullivan.
1648 3364 137 54 New
1828 3364 180 67 York,
2048 3364 76 51 H.

126 3441 636 70 Holt and company [c1936]
199 3514 60 49 vi,
286 3514 85 42 213
398 3525 43 39 p.
501 3513 117 42 22cm.

129 3582 53 53 ©
212 3586 101 41 Oct.
341 3586 40 47 2,
408 3586 139 45 1936;
578 3586 65 40 2c.
675 3587 93 39 and
800 3588 82 40 aff.
912 3587 101 41 Oct.
1044 3590 50 44 7;
1127 3589 37 38 A
1194 3586 137 42 99221;
1398 3589 52 40 V.
1480 3587 294 50 O’Sullivan,
1805 3586 155 41 Paris.

210 3643 279 48 (36-22472)

129 3746 175 63 Page,
329 3744 253 55 William
608 3747 274 64 Herbert,
911 3750 171 50 1868-
1294 3749 83 51 ed.

200 3826 55 50 A
278 3823 181 66 digest
489 3825 61 51 of
579 3823 75 52 all
684 3825 261 65 reported
974 3824 275 52 decisions
1275 3824 62 53 of
1364 3826 92 50 the
1485 3831 187 45 courts
1702 3825 61 51 of
1793 3823 150 55 Ohio
1974 3823 150 53 from

129 3901 94 52 the
254 3901 224 52 earliest
510 3900 199 67 period
741 3909 56 45 to
830 3902 146 52 date.
1053 3901 269 52 Lifetime
1354 3903 81 51 ed.
1515 3901 210 53 Edited
1757 3901 74 67 by
1864 3901 261 54 William

130 3977 1993 69 Herbert Page … volume 15. Table of cases judicially noticed
