2519 4377
1065 4122 97 51 169

131 484 248 63 Arthur,
406 484 244 63 Stanley
677 483 217 62 Clisby.

204 559 114 55 Old
352 559 138 53 New
524 558 268 68 Orleans;
826 577 31 33 a
890 557 221 69 history
1145 557 64 53 of
1241 559 96 51 the
1367 557 187 55 Vieux
1585 559 174 66 carré,
1792 558 73 52 its
1899 558 225 52 ancient

133 638 111 52 and
289 637 292 53 historical
625 636 308 68 buildings.
1010 637 90 65 By
1145 636 237 67 Stanley
1427 636 197 67 Clisby
1668 636 240 52 Arthur.
1986 638 136 51 New

131 715 257 66 Orleans,
419 716 384 66 Harmanson,
836 718 149 51 1936.

201 787 98 49 246,
335 787 55 50 [2]
421 797 43 37 p.
525 787 85 41 col.
640 786 165 49 front.,
835 786 143 48 illus.,
1008 786 170 48 plates,
1209 787 149 46 ports.
1417 786 56 40 24½
1505 788 44 22 cm
1554 817 9 8 .

203 846 139 47 Maps
373 855 61 30 on
463 844 364 49 lining-papers.

205 901 146 40 “This
391 901 108 41 first
539 900 184 41 edition
764 900 53 40 of
857 899 90 41 Old
989 899 118 40 New
1151 899 204 41 Orleans
1392 901 46 40 is
1476 899 193 48 strictly
1710 899 188 41 limited
1942 903 49 37 to
2033 901 85 39 225

133 955 159 51 copies
321 968 59 30 on
412 959 133 46 large
575 968 161 38 paper,
769 956 52 41 of
850 956 156 42 which
1038 955 87 42 200
1154 956 159 49 copies
1344 958 111 47 only
1485 968 85 30 are
1602 956 79 42 for
1712 957 115 48 sale,
1861 959 261 43 numbered

131 1015 128 40 from
289 1017 25 39 1
347 1017 49 38 to
428 1014 87 41 200
546 1016 95 39 and
676 1014 167 49 signed
875 1014 60 48 by
965 1014 83 40 the
1079 1014 192 40 author.
1331 1014 119 41 This
1483 1015 43 40 is
1558 1015 201 40 number
1791 1015 128 41 201.”

128 1083 52 52 ©
218 1087 110 39 Feb.
365 1086 71 47 20,
475 1086 139 45 1936;
656 1087 68 39 2c.
764 1086 94 39 and
898 1085 82 40 aff.
1020 1086 109 39 Feb.
1170 1085 82 46 24;
1295 1085 43 39 A
1373 1084 170 47 90907;
1590 1086 44 40 S.
1675 1086 49 41 O.
1764 1086 201 47 Arthur,
2006 1087 118 39 New

197 1144 216 40 Orleans.
479 1143 251 48 (36-5788)

129 1247 211 64 Baker,
370 1246 156 54 Julia
553 1246 263 55 Aldrich.

197 1323 73 51 In
318 1323 222 52 mellow
589 1322 166 69 light,
803 1322 75 68 by
926 1322 161 54 Julia
1136 1321 243 54 Aldrich
1432 1321 204 55 Baker.
1712 1324 235 65 Boston,
1998 1324 121 52 The

129 1401 374 67 Christopher
534 1400 334 68 publishing
898 1401 172 53 house
1148 1405 150 63 [c1936]

198 1475 64 47 ix,
296 1474 71 50 [1],
399 1473 146 42 11-88
574 1485 43 37 p.
677 1473 117 41 20cm.

201 1532 183 39 Poems.

127 1598 52 54 ©
205 1602 108 41 Feb.
343 1602 68 42 14.
442 1601 116 42 1936;
612 1601 67 41 2c.
709 1602 94 39 and
833 1601 82 41 aff.
945 1601 110 40 Feb.
1085 1600 55 40 21;
1200 1601 40 39 A
1269 1599 142 42 91866;
1472 1600 319 49 Christopher
1816 1602 109 48 pub.
1956 1602 163 41 house.

203 1660 249 48 (36-5643)

126 1762 210 65 Baker,
374 1763 325 63 Margaret,
737 1767 170 49 1890-

195 1837 120 53 The
340 1837 202 52 button
568 1836 126 52 who
722 1836 113 53 had
860 1855 31 34 a
918 1854 154 34 sense
1098 1834 64 54 of
1187 1835 261 67 humour,
1473 1834 75 70 by
1575 1834 298 69 Margaret
1897 1835 192 54 Baker;

125 1914 246 68 pictures
410 1915 75 68 by
522 1914 172 68 Mary
733 1914 205 53 Baker.
1012 1912 448 70 Poughkeepsie,
1502 1913 69 53 N.
1614 1912 91 69 Y.,
1743 1912 219 55 Artists
2004 1914 112 52 and

123 1991 770 70 writers guild, inc. [ c 1935]
196 2065 84 50 [39]
312 2076 43 38 p.
415 2065 128 41 illus.
602 2065 56 39 21
662 2067 45 21 cm
710 2096 9 9 .

195 2123 287 40 Illustrated
511 2122 362 48 lining-papers.

195 2178 71 41 On
295 2190 165 30 cover:
487 2179 297 41 Authorized
809 2179 257 41 American
1094 2178 197 41 edition.

194 2236 257 42 Foreword
482 2237 165 48 signed:
705 2236 150 42 Edith
883 2236 180 49 Kovar,
1088 2237 174 41 editor.

122 2293 52 53 ©
205 2298 117 39 Nov.
354 2298 67 46 13,
484 2297 82 40 1935;
628 2296 67 41 2c.
728 2296 110 40 Feb.
871 2295 69 48 29,
974 2296 140 47 1936;
1148 2296 81 40 aff.
1265 2297 108 40 Feb.
1408 2297 82 46 26;
1526 2297 40 39 A
1599 2297 170 48 91981;
1804 2297 186 42 Artists
2022 2300 96 39 and

191 2354 193 40 writers
411 2354 147 47 guild,
586 2353 91 40 inc.
745 2353 249 47 (36-5635)

123 2453 268 66 Barclay,
419 2456 180 54 Wade
630 2455 326 64 Crawford,
987 2458 171 51 1874-
1370 2473 179 49 comp.

194 2531 311 68 Challenge
542 2532 112 52 and
692 2550 207 50 power,
935 2530 365 56 meditations
1339 2532 113 54 and
1489 2551 236 49 prayers
1759 2533 62 52 in
1855 2533 263 67 personal

124 2610 112 52 and
287 2609 171 54 social
512 2608 244 69 religion
811 2609 92 52 for
955 2609 324 53 individual
1332 2610 113 54 and
1497 2628 183 51 group
1732 2628 97 35 use;
1914 2613 205 65 praise,

125 2705 221 50 prayer,
380 2688 113 52 and
527 2686 345 69 fellowship,
907 2687 281 68 compiled
1225 2689 112 52 and
1373 2686 189 56 edited
1596 2688 75 68 by
1705 2689 182 53 Wade
125 2688 1968 129 Crawford
306 2765 262 65 Barclay.
649 2765 139 52 New
835 2765 179 68 York,
1063 2764 326 56 Cincinnati
1446 2771 137 62 [etc.]
1637 2766 123 52 The
1805 2766 310 69 Abingdon

123 2860 155 51 press
312 2876 13 34 [
329 2850 19 21 c
352 2845 151 64 1936]

191 2916 87 41 207
311 2928 41 37 p.
415 2917 54 41 17
472 2920 44 21 cm
520 2949 8 7 .

120 2969 52 52 ©
200 2973 109 40 Feb.
338 2973 68 43 10,
434 2973 117 41 1936;
603 2973 68 41 2c.
700 2974 95 39 and
821 2974 81 40 aff.
933 2975 109 39 Feb.
1072 2974 54 39 24;
1184 2975 40 38 A
1253 2974 146 41 90885;
1454 2976 71 39 W.
1598 3007 7 8 C.
1636 2975 224 48 Barclay,
1891 2972 224 51 Chicago.

200 3030 249 47 (36-5974)

121 3131 272 66 Bardine,
426 3133 309 55 Cleveland
767 3136 219 63 Myers,
1022 3141 169 50 1893-

194 3208 144 52 How
373 3215 58 47 to
465 3209 216 52 become
718 3229 70 34 an
827 3210 300 54 American
1164 3211 229 64 citizen;
1434 3230 30 33 a
1503 3210 270 67 complete
1812 3210 110 52 and
123 3210 1969 126 helpful
253 3285 169 68 guide
466 3286 92 52 for
600 3287 156 54 those
802 3287 226 68 seeking
1072 3288 332 67 citizenship
1450 3289 111 51 and
1607 3287 124 54 who
1778 3287 179 53 desire
2005 3287 109 53 full

122 3361 1931 72 information concerning citizenship, by C. Myers Bardine …
123 3437 264 69 Chicago,
415 3439 158 68 Judy
603 3441 332 67 publishing
965 3460 290 50 company,
1289 3444 148 51 1936.

189 3519 45 37 x,
265 3510 142 41 11-64
437 3521 43 38 p.
511 3512 107 41 incl.
651 3512 142 46 illus.,
823 3513 166 41 forms.
1053 3514 55 40 22
1111 3516 44 21 cm
1160 3546 9 8 .

191 3566 211 42 “Second
437 3569 370 49 edition—fully
845 3572 187 40 revised
1069 3574 47 37 to
1152 3570 155 42 date.”

189 3622 313 50 Advertising
532 3627 181 38 matter:
774 3636 43 37 p.
851 3627 156 40 63-64.

121 3678 52 52 ©
203 3683 109 40 Feb.
342 3684 68 47 22,
440 3683 117 41 1936;
611 3685 68 40 2c.
710 3685 110 41 Feb.
850 3685 82 48 27;
967 3686 79 39 aff.
1080 3687 109 40 Feb.
1221 3687 82 46 26;
1336 3687 40 39 A
1406 3687 171 46 90985;
1608 3688 130 48 Judy
1768 3688 115 48 pub,
1907 3699 68 29 co.

199 3739 249 47 (36-5908)

121 3840 233 55 Bausch
381 3843 51 52 &
456 3844 182 53 Lomb
666 3845 213 63 optical
908 3862 82 38 co.

193 3914 369 71 Ophthalmic
609 3919 202 67 lenses;
860 3922 149 52 their
1056 3920 237 69 history,
1340 3921 200 69 theory
1589 3920 111 53 and
1748 3922 365 68 application.

123 3991 315 70 Rochester,
472 3995 67 51 N.
575 3996 89 67 Y.,
697 3996 225 54 Bausch
955 3999 45 50 &
1034 3998 178 53 Lomb
1247 3998 211 68 optical
1493 4016 77 36 co.
1613 4032 12 34 [
1630 4006 18 21 c
1653 4002 151 64 1935]
