<alto xmlns="http://www.loc.gov/standards/alto/ns-v3#" xmlns:xlink="http://www.w3.org/1999/xlink" xmlns:xsi="http://www.w3.org/2001/XMLSchema-instance" xsi:schemaLocation="http://www.loc.gov/standards/alto/ns-v3# http://www.loc.gov/alto/v3/alto-3-0.xsd"><Description>
<MeasurementUnit>pixel</MeasurementUnit>
<sourceImageInformation>
<fileName>1936_v33_Part1.pdf</fileName>
</sourceImageInformation>
<OCRProcessing ID="IdOcr">
<ocrProcessingStep>
<processingDateTime>2019-01-18</processingDateTime>
<processingSoftware>
<softwareCreator>ABBYY</softwareCreator>
<softwareName>ABBYY Recognition Server</softwareName>
<softwareVersion>4.0</softwareVersion>
</processingSoftware>
</ocrProcessingStep>
</OCRProcessing>
</Description>
<Styles>
<ParagraphStyle ID="StyleId-FFFFFFFF-FFFF-FFFF-FFFF-FFFFFFFFFFFF-" ALIGN="Left" LEFT="0." RIGHT="0." FIRSTLINE="0."/>
<ParagraphStyle ID="StyleId-51D50FAC-7A90-4D70-8A96-5EA9D46D1C8B-" ALIGN="Left" LEFT="0." RIGHT="0." FIRSTLINE="0." LINESPACE="7.699999809"/>
<ParagraphStyle ID="StyleId-6BC133E9-7DCB-43C3-8842-A67984A26405-" ALIGN="Block" LEFT="0." RIGHT="0." FIRSTLINE="-17." LINESPACE="8.340000153"/>
<ParagraphStyle ID="StyleId-3C3FF860-43E7-46A2-8934-48F305F6F0D6-" ALIGN="Left" LEFT="0." RIGHT="0." FIRSTLINE="-13." LINESPACE="11.06999969"/>
<ParagraphStyle ID="StyleId-19220C76-4F8A-4737-B38C-B5F5C17E6040-" ALIGN="Block" LEFT="0." RIGHT="0." FIRSTLINE="-13." LINESPACE="11.06999969"/>
<ParagraphStyle ID="StyleId-75A0D721-13ED-4F20-9002-B389EC48477D-" ALIGN="Left" LEFT="0." RIGHT="0." FIRSTLINE="0." LINESPACE="15.5"/>
<ParagraphStyle ID="StyleId-8A414184-C7A5-4AC7-9B88-7DA4DDE75922-" ALIGN="Left" LEFT="0." RIGHT="0." FIRSTLINE="0." LINESPACE="9.399999619"/>
<ParagraphStyle ID="StyleId-1A87970B-111C-4169-99A6-9412976F3C97-" ALIGN="Left" LEFT="0." RIGHT="0." FIRSTLINE="0." LINESPACE="10.5"/>
<ParagraphStyle ID="StyleId-72DB0571-5AE4-41FD-9E11-68C6AC4C437E-" ALIGN="Block" LEFT="0." RIGHT="0." FIRSTLINE="-17." LINESPACE="8.340000153"/>
<ParagraphStyle ID="StyleId-1AA43056-C388-4697-B10F-72FDAA38FAE1-" ALIGN="Center" LEFT="0." RIGHT="0." FIRSTLINE="0." LINESPACE="10.5"/>
</Styles>
<Layout>
<Page ID="Page897" PHYSICAL_IMG_NR="897" HEIGHT="4377" WIDTH="2519">
<TopMargin HEIGHT="452" WIDTH="2519" VPOS="0" HPOS="0">
</TopMargin>
<LeftMargin HEIGHT="3732" WIDTH="54" VPOS="452" HPOS="0">
</LeftMargin>
<RightMargin HEIGHT="3732" WIDTH="449" VPOS="452" HPOS="2070">
</RightMargin>
<BottomMargin HEIGHT="193" WIDTH="2519" VPOS="4184" HPOS="0">
</BottomMargin>
<PrintSpace HEIGHT="3732" WIDTH="2016" VPOS="452" HPOS="54">
<TextBlock ID="Page897_Block1" HEIGHT="74" WIDTH="148" VPOS="4110" HPOS="996" LANG="en-US" STYLEREFS="StyleId-4072D0BC-6465-409C-AC41-1DBE496E7560-">
<TextLine HEIGHT="54" WIDTH="99" VPOS="4120" HPOS="1006">
<String CONTENT="897" HEIGHT="54" WIDTH="99" VPOS="4120" HPOS="1006"/>
</TextLine>
</TextBlock>
<TextBlock ID="Page897_Block2" HEIGHT="3666" WIDTH="2016" VPOS="452" HPOS="54" LANG="en-US" CS="1" STYLEREFS="StyleId-A6FF92CA-BEAC-4025-B346-4DE590A3B163-">
<TextLine HEIGHT="68" WIDTH="1989" VPOS="463" HPOS="70" STYLEREFS="StyleId-AA1928F1-42B7-4CCD-9C77-F17CBF4261C8-">
<String CONTENT="Alabama" HEIGHT="54" WIDTH="286" VPOS="463" HPOS="70"/>
<SP HEIGHT="52" WIDTH="33" VPOS="465" HPOS="357"/>
<String CONTENT="digest," HEIGHT="67" WIDTH="201" VPOS="464" HPOS="391"/>
<SP HEIGHT="62" WIDTH="33" VPOS="469" HPOS="593"/>
<String CONTENT="1820" HEIGHT="50" WIDTH="134" VPOS="467" HPOS="627"/>
<SP HEIGHT="49" WIDTH="32" VPOS="467" HPOS="762"/>
<String CONTENT="to" HEIGHT="47" WIDTH="60" VPOS="469" HPOS="795"/>
<SP HEIGHT="52" WIDTH="27" VPOS="464" HPOS="856"/>
<String CONTENT="date;" HEIGHT="66" WIDTH="157" VPOS="464" HPOS="884"/>
<SP HEIGHT="48" WIDTH="36" VPOS="482" HPOS="1042"/>
<String CONTENT="covering" HEIGHT="67" WIDTH="266" VPOS="464" HPOS="1079"/>
<SP HEIGHT="68" WIDTH="28" VPOS="463" HPOS="1346"/>
<String CONTENT="Alabama" HEIGHT="53" WIDTH="282" VPOS="463" HPOS="1375"/>
<SP HEIGHT="34" WIDTH="33" VPOS="482" HPOS="1658"/>
<String CONTENT="reports" HEIGHT="64" WIDTH="224" VPOS="467" HPOS="1692"/>
<SP HEIGHT="34" WIDTH="29" VPOS="482" HPOS="1917"/>
<String CONTENT="and" HEIGHT="53" WIDTH="112" VPOS="463" HPOS="1947"/>
</TextLine>
<TextLine HEIGHT="67" WIDTH="1920" VPOS="541" HPOS="141" STYLEREFS="StyleId-AA1928F1-42B7-4CCD-9C77-F17CBF4261C8-">
<String CONTENT="Southern" HEIGHT="55" WIDTH="280" VPOS="542" HPOS="141"/>
<SP HEIGHT="33" WIDTH="33" VPOS="560" HPOS="422"/>
<String CONTENT="reporter," HEIGHT="63" WIDTH="272" VPOS="545" HPOS="456"/>
<SP HEIGHT="47" WIDTH="33" VPOS="561" HPOS="729"/>
<String CONTENT="as" HEIGHT="33" WIDTH="58" VPOS="561" HPOS="763"/>
<SP HEIGHT="33" WIDTH="33" VPOS="561" HPOS="822"/>
<String CONTENT="well" HEIGHT="51" WIDTH="125" VPOS="542" HPOS="856"/>
<SP HEIGHT="51" WIDTH="32" VPOS="542" HPOS="982"/>
<String CONTENT="as" HEIGHT="33" WIDTH="58" VPOS="560" HPOS="1015"/>
<SP HEIGHT="52" WIDTH="30" VPOS="541" HPOS="1074"/>
<String CONTENT="Alabama" HEIGHT="52" WIDTH="278" VPOS="541" HPOS="1105"/>
<SP HEIGHT="33" WIDTH="36" VPOS="560" HPOS="1384"/>
<String CONTENT="cases" HEIGHT="34" WIDTH="147" VPOS="559" HPOS="1421"/>
<SP HEIGHT="51" WIDTH="34" VPOS="542" HPOS="1569"/>
<String CONTENT="decided" HEIGHT="51" WIDTH="233" VPOS="542" HPOS="1604"/>
<SP HEIGHT="52" WIDTH="33" VPOS="541" HPOS="1838"/>
<String CONTENT="in" HEIGHT="52" WIDTH="58" VPOS="541" HPOS="1872"/>
<SP HEIGHT="46" WIDTH="32" VPOS="547" HPOS="1931"/>
<String CONTENT="the" HEIGHT="51" WIDTH="97" VPOS="542" HPOS="1964"/>
</TextLine>
<TextLine HEIGHT="69" WIDTH="1920" VPOS="618" HPOS="140" STYLEREFS="StyleId-AA1928F1-42B7-4CCD-9C77-F17CBF4261C8-">
<String CONTENT="federal" HEIGHT="52" WIDTH="217" VPOS="620" HPOS="140"/>
<SP HEIGHT="51" WIDTH="30" VPOS="620" HPOS="358"/>
<String CONTENT="District" HEIGHT="54" WIDTH="243" VPOS="618" HPOS="389"/>
<SP HEIGHT="47" WIDTH="29" VPOS="624" HPOS="633"/>
<String CONTENT="and" HEIGHT="52" WIDTH="111" VPOS="619" HPOS="663"/>
<SP HEIGHT="54" WIDTH="31" VPOS="619" HPOS="775"/>
<String CONTENT="Circuit" HEIGHT="55" WIDTH="219" VPOS="618" HPOS="807"/>
<SP HEIGHT="47" WIDTH="28" VPOS="624" HPOS="1027"/>
<String CONTENT="courts," HEIGHT="61" WIDTH="202" VPOS="623" HPOS="1056"/>
<SP HEIGHT="65" WIDTH="33" VPOS="619" HPOS="1259"/>
<String CONTENT="Circuit" HEIGHT="55" WIDTH="216" VPOS="618" HPOS="1293"/>
<SP HEIGHT="48" WIDTH="31" VPOS="623" HPOS="1510"/>
<String CONTENT="court" HEIGHT="48" WIDTH="160" VPOS="624" HPOS="1542"/>
<SP HEIGHT="48" WIDTH="29" VPOS="624" HPOS="1703"/>
<String CONTENT="of" HEIGHT="52" WIDTH="62" VPOS="619" HPOS="1733"/>
<SP HEIGHT="52" WIDTH="30" VPOS="619" HPOS="1796"/>
<String CONTENT="appeals" HEIGHT="68" WIDTH="233" VPOS="619" HPOS="1827"/>
</TextLine>
<TextLine HEIGHT="69" WIDTH="1919" VPOS="695" HPOS="141" STYLEREFS="StyleId-AA1928F1-42B7-4CCD-9C77-F17CBF4261C8-" CS="1">
<String CONTENT="and" HEIGHT="52" WIDTH="110" VPOS="698" HPOS="141"/>
<SP HEIGHT="55" WIDTH="41" VPOS="696" HPOS="252"/>
<String CONTENT="Supreme" HEIGHT="68" WIDTH="273" VPOS="696" HPOS="294"/>
<SP HEIGHT="34" WIDTH="40" VPOS="715" HPOS="568"/>
<String CONTENT="court" HEIGHT="47" WIDTH="161" VPOS="702" HPOS="609"/>
<SP HEIGHT="48" WIDTH="38" VPOS="702" HPOS="771"/>
<String CONTENT="of" HEIGHT="53" WIDTH="63" VPOS="697" HPOS="810"/>
<SP HEIGHT="52" WIDTH="39" VPOS="697" HPOS="874"/>
<String CONTENT="the" HEIGHT="52" WIDTH="93" VPOS="697" HPOS="914"/>
<SP HEIGHT="54" WIDTH="41" VPOS="697" HPOS="1008"/>
<String CONTENT="United" HEIGHT="56" WIDTH="215" VPOS="695" HPOS="1050"/>
<SP HEIGHT="56" WIDTH="44" VPOS="695" HPOS="1266"/>
<String CONTENT="States" HEIGHT="56" WIDTH="186" VPOS="695" HPOS="1311"/>
<SP HEIGHT="34" WIDTH="48" VPOS="714" HPOS="1498"/>
<String CS="1" CONTENT="&#8230;"/>
<SP HEIGHT="32" WIDTH="48" VPOS="716" HPOS="1602"/>
<String CONTENT="with" HEIGHT="52" WIDTH="139" VPOS="697" HPOS="1651"/>
<SP HEIGHT="51" WIDTH="40" VPOS="698" HPOS="1791"/>
<String CONTENT="current" HEIGHT="47" WIDTH="228" VPOS="702" HPOS="1832"/>
</TextLine>
<TextLine HEIGHT="67" WIDTH="1921" VPOS="774" HPOS="138" STYLEREFS="StyleId-AA1928F1-42B7-4CCD-9C77-F17CBF4261C8-" CS="1">
<String CONTENT="cumulative" HEIGHT="53" WIDTH="341" VPOS="774" HPOS="138"/>
<SP HEIGHT="48" WIDTH="26" VPOS="793" HPOS="480"/>
<String CONTENT="pocket" HEIGHT="67" WIDTH="200" VPOS="774" HPOS="507"/>
<SP HEIGHT="47" WIDTH="26" VPOS="778" HPOS="708"/>
<String CONTENT="service," HEIGHT="53" WIDTH="223" VPOS="774" HPOS="735"/>
<SP HEIGHT="34" WIDTH="63" VPOS="793" HPOS="959"/>
<String CONTENT="volumes" HEIGHT="52" WIDTH="248" VPOS="774" HPOS="1023"/>
<SP HEIGHT="48" WIDTH="27" VPOS="778" HPOS="1272"/>
<String CONTENT="8-9" HEIGHT="48" WIDTH="99" VPOS="778" HPOS="1300"/>
<SP HEIGHT="48" WIDTH="30" VPOS="778" HPOS="1400"/>
<String CS="1" CONTENT="&#8230;"/>
<SP HEIGHT="55" WIDTH="69" VPOS="775" HPOS="1486"/>
<String CONTENT="St." HEIGHT="55" WIDTH="82" VPOS="775" HPOS="1556"/>
<SP HEIGHT="52" WIDTH="26" VPOS="775" HPOS="1639"/>
<String CONTENT="Paul," HEIGHT="67" WIDTH="166" VPOS="774" HPOS="1666"/>
<SP HEIGHT="66" WIDTH="23" VPOS="775" HPOS="1833"/>
<String CONTENT="Minn.," HEIGHT="67" WIDTH="202" VPOS="774" HPOS="1857"/>
</TextLine>
<TextLine HEIGHT="66" WIDTH="840" VPOS="852" HPOS="139" STYLEREFS="StyleId-AA1928F1-42B7-4CCD-9C77-F17CBF4261C8-">
<String CONTENT="West" HEIGHT="51" WIDTH="153" VPOS="855" HPOS="139"/>
<SP HEIGHT="62" WIDTH="23" VPOS="855" HPOS="293"/>
<String CONTENT="publishing" HEIGHT="65" WIDTH="334" VPOS="852" HPOS="317"/>
<SP HEIGHT="47" WIDTH="23" VPOS="870" HPOS="652"/>
<String CONTENT="co." HEIGHT="35" WIDTH="78" VPOS="870" HPOS="676"/>
<SP HEIGHT="31" WIDTH="31" VPOS="886" HPOS="755"/>
<String STYLE="subscript" CONTENT="[" HEIGHT="31" WIDTH="12" VPOS="886" HPOS="787"/>
<String STYLE="superscript" CONTENT="c" HEIGHT="21" WIDTH="17" VPOS="859" HPOS="805"/>
<String CONTENT="1936" HEIGHT="49" WIDTH="133" VPOS="856" HPOS="828"/>
<String STYLE="subscript" CONTENT="]" HEIGHT="32" WIDTH="13" VPOS="886" HPOS="966"/>
</TextLine>
<TextLine HEIGHT="41" WIDTH="267" VPOS="924" HPOS="137">
<String CONTENT="2" HEIGHT="38" WIDTH="26" VPOS="926" HPOS="137"/>
<SP HEIGHT="38" WIDTH="25" VPOS="926" HPOS="164"/>
<String CONTENT="v." HEIGHT="29" WIDTH="42" VPOS="936" HPOS="190"/>
<SP HEIGHT="41" WIDTH="53" VPOS="924" HPOS="233"/>
<String CONTENT="26" HEIGHT="40" WIDTH="59" VPOS="924" HPOS="287"/>
<String STYLE="superscript" CONTENT="cm" HEIGHT="21" WIDTH="45" VPOS="927" HPOS="345"/>
<String CONTENT="." HEIGHT="9" WIDTH="9" VPOS="956" HPOS="395"/>
</TextLine>
<TextLine HEIGHT="50" WIDTH="1508" VPOS="979" HPOS="412" CS="1">
<String CS="1" CONTENT="CONTENTS.&#8212;v." HEIGHT="29" WIDTH="106" VPOS="992" HPOS="412"/>
<SP HEIGHT="42" WIDTH="28" VPOS="980" HPOS="519"/>
<String CONTENT="8." HEIGHT="42" WIDTH="40" VPOS="980" HPOS="548"/>
<SP HEIGHT="40" WIDTH="28" VPOS="982" HPOS="589"/>
<String CONTENT="Discovery-Estoppel.&#8212;v." HEIGHT="49" WIDTH="649" VPOS="980" HPOS="618"/>
<SP HEIGHT="42" WIDTH="25" VPOS="979" HPOS="1268"/>
<String CONTENT="9." HEIGHT="41" WIDTH="42" VPOS="979" HPOS="1294"/>
<SP HEIGHT="38" WIDTH="29" VPOS="982" HPOS="1337"/>
<String CONTENT="Evidence-Execution." HEIGHT="43" WIDTH="553" VPOS="979" HPOS="1367"/>
</TextLine>
<TextLine HEIGHT="53" WIDTH="1991" VPOS="1035" HPOS="69">
<String CONTENT="&#169;" HEIGHT="53" WIDTH="53" VPOS="1035" HPOS="69"/>
<SP HEIGHT="53" WIDTH="25" VPOS="1035" HPOS="123"/>
<String CONTENT="June" HEIGHT="39" WIDTH="126" VPOS="1040" HPOS="149"/>
<SP HEIGHT="41" WIDTH="24" VPOS="1037" HPOS="276"/>
<String CONTENT="26," HEIGHT="48" WIDTH="69" VPOS="1037" HPOS="301"/>
<SP HEIGHT="46" WIDTH="27" VPOS="1039" HPOS="371"/>
<String CONTENT="1936;" HEIGHT="46" WIDTH="139" VPOS="1037" HPOS="399"/>
<SP HEIGHT="45" WIDTH="28" VPOS="1038" HPOS="539"/>
<String CONTENT="2c." HEIGHT="42" WIDTH="67" VPOS="1038" HPOS="568"/>
<SP HEIGHT="33" WIDTH="29" VPOS="1047" HPOS="636"/>
<String CONTENT="each" HEIGHT="39" WIDTH="119" VPOS="1038" HPOS="666"/>
<SP HEIGHT="39" WIDTH="26" VPOS="1038" HPOS="786"/>
<String CONTENT="July" HEIGHT="47" WIDTH="115" VPOS="1037" HPOS="813"/>
<SP HEIGHT="46" WIDTH="29" VPOS="1038" HPOS="929"/>
<String CONTENT="13;" HEIGHT="45" WIDTH="80" VPOS="1038" HPOS="959"/>
<SP HEIGHT="36" WIDTH="31" VPOS="1047" HPOS="1040"/>
<String CONTENT="affs." HEIGHT="41" WIDTH="107" VPOS="1037" HPOS="1072"/>
<SP HEIGHT="40" WIDTH="30" VPOS="1038" HPOS="1180"/>
<String CONTENT="July" HEIGHT="47" WIDTH="115" VPOS="1037" HPOS="1211"/>
<SP HEIGHT="46" WIDTH="28" VPOS="1038" HPOS="1327"/>
<String CONTENT="15;" HEIGHT="44" WIDTH="80" VPOS="1038" HPOS="1356"/>
<SP HEIGHT="45" WIDTH="31" VPOS="1037" HPOS="1437"/>
<!-- cceid A0999ECC-6E3A-1014-83DD-942C093A1DD9 --><String CONTENT="A" HEIGHT="39" WIDTH="40" VPOS="1037" HPOS="1469"/>
<SP HEIGHT="40" WIDTH="26" VPOS="1037" HPOS="1510"/>
<String CONTENT="96481," HEIGHT="50" WIDTH="157" VPOS="1037" HPOS="1537"/>
<SP HEIGHT="52" WIDTH="26" VPOS="1035" HPOS="1695"/>
<String CONTENT="96482;" HEIGHT="48" WIDTH="171" VPOS="1035" HPOS="1722"/>
<SP HEIGHT="46" WIDTH="29" VPOS="1037" HPOS="1894"/>
<String CONTENT="West" HEIGHT="41" WIDTH="136" VPOS="1037" HPOS="1924"/>
</TextLine>
<TextLine HEIGHT="47" WIDTH="198" VPOS="1095" HPOS="138">
<String CONTENT="pub." HEIGHT="47" WIDTH="107" VPOS="1095" HPOS="138"/>
<SP HEIGHT="31" WIDTH="22" VPOS="1103" HPOS="246"/>
<String CONTENT="co." HEIGHT="33" WIDTH="67" VPOS="1103" HPOS="269"/>
</TextLine>
<TextLine HEIGHT="66" WIDTH="1082" VPOS="1195" HPOS="67" STYLEREFS="StyleId-62EEC998-1736-45C6-9D25-01EAF2B96DCD-">
<String CONTENT="Andrews," HEIGHT="66" WIDTH="305" VPOS="1195" HPOS="67"/>
<SP HEIGHT="64" WIDTH="28" VPOS="1197" HPOS="373"/>
<String CONTENT="Charles" HEIGHT="54" WIDTH="242" VPOS="1196" HPOS="402"/>
<SP HEIGHT="52" WIDTH="29" VPOS="1197" HPOS="645"/>
<String CONTENT="McLean," HEIGHT="62" WIDTH="273" VPOS="1196" HPOS="675"/>
<SP HEIGHT="57" WIDTH="30" VPOS="1201" HPOS="949"/>
<String CONTENT="1863-" HEIGHT="49" WIDTH="169" VPOS="1200" HPOS="980"/>
</TextLine>
<TextLine HEIGHT="68" WIDTH="1859" VPOS="1273" HPOS="199" STYLEREFS="StyleId-AA1928F1-42B7-4CCD-9C77-F17CBF4261C8-" CS="1">
<String CS="1" CONTENT="&#8230;"/>
<SP HEIGHT="51" WIDTH="35" VPOS="1276" HPOS="199"/>
<String CONTENT="The" HEIGHT="52" WIDTH="120" VPOS="1275" HPOS="235"/>
<SP HEIGHT="34" WIDTH="28" VPOS="1293" HPOS="356"/>
<String CONTENT="rise" HEIGHT="52" WIDTH="109" VPOS="1275" HPOS="385"/>
<SP HEIGHT="35" WIDTH="31" VPOS="1292" HPOS="495"/>
<String CONTENT="and" HEIGHT="51" WIDTH="111" VPOS="1275" HPOS="527"/>
<SP HEIGHT="52" WIDTH="31" VPOS="1274" HPOS="639"/>
<String CONTENT="fall" HEIGHT="52" WIDTH="106" VPOS="1274" HPOS="671"/>
<SP HEIGHT="51" WIDTH="33" VPOS="1274" HPOS="778"/>
<String CONTENT="of" HEIGHT="51" WIDTH="63" VPOS="1274" HPOS="812"/>
<SP HEIGHT="51" WIDTH="30" VPOS="1274" HPOS="876"/>
<String CONTENT="the" HEIGHT="50" WIDTH="92" VPOS="1275" HPOS="907"/>
<SP HEIGHT="51" WIDTH="32" VPOS="1275" HPOS="1000"/>
<String CONTENT="New" HEIGHT="51" WIDTH="136" VPOS="1275" HPOS="1033"/>
<SP HEIGHT="51" WIDTH="31" VPOS="1275" HPOS="1170"/>
<String CONTENT="Haven" HEIGHT="51" WIDTH="205" VPOS="1275" HPOS="1202"/>
<SP HEIGHT="34" WIDTH="29" VPOS="1292" HPOS="1408"/>
<String CONTENT="colony" HEIGHT="67" WIDTH="200" VPOS="1273" HPOS="1438"/>
<SP HEIGHT="48" WIDTH="35" VPOS="1293" HPOS="1639"/>
<String CONTENT="[by]" HEIGHT="67" WIDTH="109" VPOS="1274" HPOS="1675"/>
<SP HEIGHT="66" WIDTH="36" VPOS="1274" HPOS="1785"/>
<String CONTENT="Charles" HEIGHT="56" WIDTH="236" VPOS="1273" HPOS="1822"/>
</TextLine>
<TextLine HEIGHT="69" WIDTH="1992" VPOS="1350" HPOS="67" STYLEREFS="StyleId-AA1928F1-42B7-4CCD-9C77-F17CBF4261C8-" CS="1">
<String CONTENT="M." HEIGHT="51" WIDTH="77" VPOS="1355" HPOS="67"/>
<SP HEIGHT="53" WIDTH="39" VPOS="1353" HPOS="145"/>
<String CONTENT="Andrews." HEIGHT="52" WIDTH="292" VPOS="1353" HPOS="185"/>
<SP HEIGHT="32" WIDTH="81" VPOS="1386" HPOS="478"/>
<String CONTENT="[New" HEIGHT="65" WIDTH="156" VPOS="1353" HPOS="560"/>
<SP HEIGHT="51" WIDTH="37" VPOS="1353" HPOS="717"/>
<String CS="1" CONTENT="Haven]" HEIGHT="65" WIDTH="223" VPOS="1353" HPOS="755"/>
<SP HEIGHT="65" WIDTH="42" VPOS="1353" HPOS="979"/>
<String CONTENT="Published" HEIGHT="54" WIDTH="310" VPOS="1350" HPOS="1022"/>
<SP HEIGHT="53" WIDTH="40" VPOS="1351" HPOS="1333"/>
<String CONTENT="for" HEIGHT="53" WIDTH="92" VPOS="1351" HPOS="1374"/>
<SP HEIGHT="48" WIDTH="36" VPOS="1355" HPOS="1467"/>
<String CONTENT="the" HEIGHT="52" WIDTH="94" VPOS="1352" HPOS="1504"/>
<SP HEIGHT="51" WIDTH="41" VPOS="1353" HPOS="1599"/>
<String CONTENT="Tercentenary" HEIGHT="66" WIDTH="418" VPOS="1353" HPOS="1641"/>
</TextLine>
<TextLine HEIGHT="67" WIDTH="1457" VPOS="1429" HPOS="66" STYLEREFS="StyleId-AA1928F1-42B7-4CCD-9C77-F17CBF4261C8-">
<String CONTENT="commission" HEIGHT="54" WIDTH="354" VPOS="1429" HPOS="66"/>
<SP HEIGHT="51" WIDTH="23" VPOS="1430" HPOS="421"/>
<String CONTENT="by" HEIGHT="65" WIDTH="73" VPOS="1430" HPOS="445"/>
<SP HEIGHT="61" WIDTH="24" VPOS="1434" HPOS="519"/>
<String CONTENT="the" HEIGHT="52" WIDTH="93" VPOS="1430" HPOS="544"/>
<SP HEIGHT="51" WIDTH="27" VPOS="1431" HPOS="638"/>
<String CONTENT="Yale" HEIGHT="53" WIDTH="143" VPOS="1429" HPOS="666"/>
<SP HEIGHT="35" WIDTH="22" VPOS="1447" HPOS="810"/>
<String CONTENT="university" HEIGHT="66" WIDTH="316" VPOS="1429" HPOS="833"/>
<SP HEIGHT="48" WIDTH="22" VPOS="1448" HPOS="1150"/>
<String CONTENT="press," HEIGHT="50" WIDTH="172" VPOS="1446" HPOS="1173"/>
<SP HEIGHT="62" WIDTH="28" VPOS="1433" HPOS="1346"/>
<String CONTENT="1936." HEIGHT="50" WIDTH="148" VPOS="1432" HPOS="1375"/>
</TextLine>
<TextLine HEIGHT="50" WIDTH="1922" VPOS="1500" HPOS="137">
<String CONTENT="cover-title," HEIGHT="47" WIDTH="283" VPOS="1502" HPOS="137"/>
<SP HEIGHT="46" WIDTH="48" VPOS="1503" HPOS="421"/>
<String CONTENT="56" HEIGHT="40" WIDTH="57" VPOS="1502" HPOS="470"/>
<SP HEIGHT="48" WIDTH="41" VPOS="1502" HPOS="528"/>
<String CONTENT="p." HEIGHT="38" WIDTH="43" VPOS="1512" HPOS="570"/>
<SP HEIGHT="40" WIDTH="77" VPOS="1501" HPOS="614"/>
<String CONTENT="23" HEIGHT="41" WIDTH="54" VPOS="1501" HPOS="692"/>
<String STYLE="superscript" CONTENT="cm" HEIGHT="21" WIDTH="43" VPOS="1504" HPOS="750"/>
<String CONTENT="." HEIGHT="7" WIDTH="8" VPOS="1534" HPOS="799"/>
<SP HEIGHT="47" WIDTH="87" VPOS="1501" HPOS="808"/>
<String CONTENT="(Connecticut." HEIGHT="48" WIDTH="351" VPOS="1500" HPOS="896"/>
<SP HEIGHT="39" WIDTH="79" VPOS="1502" HPOS="1248"/>
<String CONTENT="Tercentenary" HEIGHT="46" WIDTH="358" VPOS="1502" HPOS="1328"/>
<SP HEIGHT="37" WIDTH="50" VPOS="1511" HPOS="1687"/>
<String CONTENT="commission." HEIGHT="41" WIDTH="321" VPOS="1500" HPOS="1738"/>
</TextLine>
<TextLine HEIGHT="50" WIDTH="1591" VPOS="1556" HPOS="68" CS="1">
<String CONTENT="Committee" HEIGHT="42" WIDTH="283" VPOS="1558" HPOS="68"/>
<SP HEIGHT="29" WIDTH="28" VPOS="1569" HPOS="352"/>
<String CONTENT="on" HEIGHT="29" WIDTH="59" VPOS="1569" HPOS="381"/>
<SP HEIGHT="39" WIDTH="31" VPOS="1558" HPOS="441"/>
<String CONTENT="historical" HEIGHT="41" WIDTH="254" VPOS="1557" HPOS="473"/>
<SP HEIGHT="47" WIDTH="29" VPOS="1558" HPOS="728"/>
<String CONTENT="publications." HEIGHT="48" WIDTH="339" VPOS="1557" HPOS="758"/>
<SP HEIGHT="29" WIDTH="63" VPOS="1577" HPOS="1098"/>
<String CONTENT="[Pamphlet]" HEIGHT="49" WIDTH="283" VPOS="1557" HPOS="1162"/>
<SP HEIGHT="39" WIDTH="32" VPOS="1567" HPOS="1446"/>
<String CS="1" CONTENT="XLVIII)" HEIGHT="48" WIDTH="13" VPOS="1556" HPOS="1646"/>
</TextLine>
<TextLine HEIGHT="52" WIDTH="1991" VPOS="1613" HPOS="67">
<String CONTENT="&#169;" HEIGHT="52" WIDTH="53" VPOS="1613" HPOS="67"/>
<SP HEIGHT="52" WIDTH="30" VPOS="1613" HPOS="121"/>
<String CONTENT="Apr." HEIGHT="47" WIDTH="112" VPOS="1617" HPOS="152"/>
<SP HEIGHT="39" WIDTH="34" VPOS="1616" HPOS="265"/>
<String CONTENT="28," HEIGHT="47" WIDTH="69" VPOS="1616" HPOS="300"/>
<SP HEIGHT="47" WIDTH="33" VPOS="1616" HPOS="370"/>
<String CONTENT="1936;" HEIGHT="48" WIDTH="140" VPOS="1614" HPOS="404"/>
<SP HEIGHT="47" WIDTH="34" VPOS="1615" HPOS="545"/>
<String CONTENT="2c." HEIGHT="41" WIDTH="66" VPOS="1615" HPOS="580"/>
<SP HEIGHT="40" WIDTH="36" VPOS="1616" HPOS="647"/>
<String CONTENT="June" HEIGHT="39" WIDTH="125" VPOS="1616" HPOS="684"/>
<SP HEIGHT="39" WIDTH="33" VPOS="1616" HPOS="810"/>
<String CONTENT="3;" HEIGHT="45" WIDTH="51" VPOS="1616" HPOS="844"/>
<SP HEIGHT="36" WIDTH="38" VPOS="1625" HPOS="896"/>
<String CONTENT="aff." HEIGHT="41" WIDTH="80" VPOS="1613" HPOS="935"/>
<SP HEIGHT="38" WIDTH="36" VPOS="1616" HPOS="1016"/>
<String CONTENT="June" HEIGHT="38" WIDTH="129" VPOS="1616" HPOS="1053"/>
<SP HEIGHT="39" WIDTH="28" VPOS="1614" HPOS="1183"/>
<String CONTENT="2;" HEIGHT="47" WIDTH="53" VPOS="1614" HPOS="1212"/>
<SP HEIGHT="46" WIDTH="36" VPOS="1615" HPOS="1266"/>
<!-- cceid A09A0F00-6E3A-1014-83DD-942C093A1DD9 --><String CONTENT="A" HEIGHT="39" WIDTH="40" VPOS="1615" HPOS="1303"/>
<SP HEIGHT="40" WIDTH="34" VPOS="1614" HPOS="1344"/>
<String CONTENT="95523;" HEIGHT="46" WIDTH="168" VPOS="1614" HPOS="1379"/>
<SP HEIGHT="45" WIDTH="37" VPOS="1615" HPOS="1548"/>
<String CONTENT="Yale" HEIGHT="39" WIDTH="121" VPOS="1615" HPOS="1586"/>
<SP HEIGHT="30" WIDTH="32" VPOS="1624" HPOS="1708"/>
<String CONTENT="univ." HEIGHT="41" WIDTH="130" VPOS="1614" HPOS="1741"/>
<SP HEIGHT="37" WIDTH="33" VPOS="1625" HPOS="1872"/>
<String CONTENT="press." HEIGHT="38" WIDTH="152" VPOS="1624" HPOS="1906"/>
</TextLine>
<TextLine HEIGHT="48" WIDTH="278" VPOS="1672" HPOS="147">
<String CONTENT="(36-27820)" HEIGHT="48" WIDTH="278" VPOS="1672" HPOS="147"/>
</TextLine>
<TextLine HEIGHT="67" WIDTH="1090" VPOS="1774" HPOS="71" STYLEREFS="StyleId-AA1928F1-42B7-4CCD-9C77-F17CBF4261C8-">
<String CONTENT="[Andrews," HEIGHT="66" WIDTH="323" VPOS="1775" HPOS="71"/>
<SP HEIGHT="63" WIDTH="27" VPOS="1776" HPOS="395"/>
<String CONTENT="Robert" HEIGHT="53" WIDTH="220" VPOS="1775" HPOS="423"/>
<SP HEIGHT="51" WIDTH="30" VPOS="1776" HPOS="644"/>
<String CONTENT="Douglas]" HEIGHT="67" WIDTH="278" VPOS="1774" HPOS="675"/>
<SP HEIGHT="61" WIDTH="37" VPOS="1780" HPOS="954"/>
<String CONTENT="1903-" HEIGHT="49" WIDTH="169" VPOS="1780" HPOS="992"/>
</TextLine>
<TextLine HEIGHT="71" WIDTH="1922" VPOS="1849" HPOS="135" STYLEREFS="StyleId-AA1928F1-42B7-4CCD-9C77-F17CBF4261C8-">
<String CONTENT="Just" HEIGHT="54" WIDTH="135" VPOS="1852" HPOS="135"/>
<SP HEIGHT="64" WIDTH="33" VPOS="1856" HPOS="271"/>
<String CONTENT="plain" HEIGHT="70" WIDTH="159" VPOS="1850" HPOS="305"/>
<SP HEIGHT="51" WIDTH="37" VPOS="1852" HPOS="465"/>
<String CONTENT="Bill," HEIGHT="69" WIDTH="137" VPOS="1850" HPOS="503"/>
<SP HEIGHT="68" WIDTH="36" VPOS="1851" HPOS="641"/>
<String CONTENT="his" HEIGHT="52" WIDTH="88" VPOS="1851" HPOS="678"/>
<SP HEIGHT="34" WIDTH="35" VPOS="1869" HPOS="767"/>
<String CONTENT="story;" HEIGHT="63" WIDTH="186" VPOS="1855" HPOS="803"/>
<SP HEIGHT="62" WIDTH="37" VPOS="1855" HPOS="990"/>
<String CONTENT="the" HEIGHT="52" WIDTH="96" VPOS="1851" HPOS="1028"/>
<SP HEIGHT="48" WIDTH="34" VPOS="1856" HPOS="1125"/>
<String CONTENT="truth" HEIGHT="54" WIDTH="162" VPOS="1850" HPOS="1160"/>
<SP HEIGHT="53" WIDTH="38" VPOS="1850" HPOS="1323"/>
<String CONTENT="about" HEIGHT="53" WIDTH="171" VPOS="1850" HPOS="1362"/>
<SP HEIGHT="49" WIDTH="34" VPOS="1854" HPOS="1534"/>
<String CONTENT="a" HEIGHT="34" WIDTH="31" VPOS="1869" HPOS="1569"/>
<SP HEIGHT="34" WIDTH="34" VPOS="1869" HPOS="1601"/>
<String CONTENT="man" HEIGHT="35" WIDTH="132" VPOS="1867" HPOS="1636"/>
<SP HEIGHT="36" WIDTH="35" VPOS="1867" HPOS="1769"/>
<String CONTENT="millions" HEIGHT="55" WIDTH="252" VPOS="1849" HPOS="1805"/>
</TextLine>
<TextLine HEIGHT="70" WIDTH="1651" VPOS="1927" HPOS="66" STYLEREFS="StyleId-AA1928F1-42B7-4CCD-9C77-F17CBF4261C8-">
<String CONTENT="love." HEIGHT="51" WIDTH="138" VPOS="1931" HPOS="66"/>
<SP HEIGHT="52" WIDTH="66" VPOS="1930" HPOS="205"/>
<String CONTENT="Philadelphia," HEIGHT="69" WIDTH="425" VPOS="1928" HPOS="272"/>
<SP HEIGHT="67" WIDTH="28" VPOS="1929" HPOS="698"/>
<String CONTENT="David" HEIGHT="53" WIDTH="192" VPOS="1928" HPOS="727"/>
<SP HEIGHT="53" WIDTH="27" VPOS="1928" HPOS="920"/>
<String CONTENT="McKay" HEIGHT="69" WIDTH="232" VPOS="1927" HPOS="948"/>
<SP HEIGHT="50" WIDTH="29" VPOS="1946" HPOS="1181"/>
<String CONTENT="company" HEIGHT="52" WIDTH="279" VPOS="1944" HPOS="1211"/>
<SP HEIGHT="50" WIDTH="33" VPOS="1946" HPOS="1491"/>
<String CONTENT="[" HEIGHT="35" WIDTH="13" VPOS="1960" HPOS="1525"/>
<String STYLE="superscript" CONTENT="c" HEIGHT="22" WIDTH="19" VPOS="1934" HPOS="1542"/>
<String CONTENT="1935]" HEIGHT="64" WIDTH="152" VPOS="1930" HPOS="1565"/>
</TextLine>
<TextLine HEIGHT="51" WIDTH="754" VPOS="2001" HPOS="134">
<String CONTENT="249" HEIGHT="41" WIDTH="87" VPOS="2002" HPOS="134"/>
<SP HEIGHT="50" WIDTH="26" VPOS="2002" HPOS="222"/>
<String CONTENT="p." HEIGHT="38" WIDTH="43" VPOS="2014" HPOS="249"/>
<SP HEIGHT="41" WIDTH="56" VPOS="2002" HPOS="293"/>
<String CONTENT="front.," HEIGHT="48" WIDTH="161" VPOS="2002" HPOS="350"/>
<SP HEIGHT="38" WIDTH="28" VPOS="2013" HPOS="512"/>
<String CONTENT="plates." HEIGHT="47" WIDTH="172" VPOS="2004" HPOS="541"/>
<SP HEIGHT="41" WIDTH="56" VPOS="2001" HPOS="714"/>
<String CONTENT="21" HEIGHT="41" WIDTH="56" VPOS="2001" HPOS="771"/>
<String STYLE="superscript" CONTENT="cm" HEIGHT="22" WIDTH="44" VPOS="2003" HPOS="830"/>
<String CONTENT="." HEIGHT="10" WIDTH="10" VPOS="2033" HPOS="878"/>
</TextLine>
<TextLine HEIGHT="53" WIDTH="1992" VPOS="2056" HPOS="66">
<String CONTENT="&#169;" HEIGHT="53" WIDTH="53" VPOS="2056" HPOS="66"/>
<SP HEIGHT="53" WIDTH="31" VPOS="2056" HPOS="120"/>
<String CONTENT="Dec." HEIGHT="40" WIDTH="112" VPOS="2061" HPOS="152"/>
<SP HEIGHT="42" WIDTH="32" VPOS="2059" HPOS="265"/>
<String CONTENT="16," HEIGHT="48" WIDTH="70" VPOS="2059" HPOS="298"/>
<SP HEIGHT="47" WIDTH="32" VPOS="2060" HPOS="369"/>
<String CONTENT="1935;" HEIGHT="48" WIDTH="140" VPOS="2058" HPOS="402"/>
<SP HEIGHT="48" WIDTH="34" VPOS="2058" HPOS="543"/>
<String CONTENT="2c." HEIGHT="42" WIDTH="67" VPOS="2058" HPOS="578"/>
<SP HEIGHT="31" WIDTH="35" VPOS="2069" HPOS="646"/>
<String CONTENT="and" HEIGHT="39" WIDTH="96" VPOS="2059" HPOS="682"/>
<SP HEIGHT="39" WIDTH="32" VPOS="2059" HPOS="779"/>
<String CONTENT="aff." HEIGHT="40" WIDTH="81" VPOS="2058" HPOS="812"/>
<SP HEIGHT="38" WIDTH="35" VPOS="2060" HPOS="894"/>
<String CONTENT="Dec." HEIGHT="39" WIDTH="112" VPOS="2060" HPOS="930"/>
<SP HEIGHT="40" WIDTH="34" VPOS="2059" HPOS="1043"/>
<String CONTENT="21;" HEIGHT="46" WIDTH="82" VPOS="2058" HPOS="1078"/>
<SP HEIGHT="45" WIDTH="36" VPOS="2059" HPOS="1161"/>
<!-- cceid A09A7CBA-6E3A-1014-83DD-942C093A1DD9 --><String CONTENT="A" HEIGHT="38" WIDTH="39" VPOS="2059" HPOS="1198"/>
<SP HEIGHT="41" WIDTH="34" VPOS="2058" HPOS="1238"/>
<String CONTENT="89968;" HEIGHT="48" WIDTH="170" VPOS="2057" HPOS="1273"/>
<SP HEIGHT="47" WIDTH="37" VPOS="2058" HPOS="1444"/>
<String CONTENT="Anne" HEIGHT="40" WIDTH="136" VPOS="2058" HPOS="1482"/>
<SP HEIGHT="41" WIDTH="36" VPOS="2059" HPOS="1619"/>
<String CONTENT="S." HEIGHT="41" WIDTH="45" VPOS="2059" HPOS="1656"/>
<SP HEIGHT="41" WIDTH="33" VPOS="2058" HPOS="1702"/>
<String CONTENT="Ashenhurst," HEIGHT="47" WIDTH="322" VPOS="2058" HPOS="1736"/>
</TextLine>
<TextLine HEIGHT="49" WIDTH="629" VPOS="2115" HPOS="135">
<String CONTENT="New" HEIGHT="38" WIDTH="117" VPOS="2117" HPOS="135"/>
<SP HEIGHT="38" WIDTH="22" VPOS="2117" HPOS="253"/>
<String CONTENT="York." HEIGHT="40" WIDTH="144" VPOS="2116" HPOS="276"/>
<SP HEIGHT="47" WIDTH="63" VPOS="2115" HPOS="421"/>
<String CONTENT="(36-16350)" HEIGHT="49" WIDTH="279" VPOS="2115" HPOS="485"/>
</TextLine>
<TextLine HEIGHT="65" WIDTH="442" VPOS="2219" HPOS="65" STYLEREFS="StyleId-62EEC998-1736-45C6-9D25-01EAF2B96DCD-">
<String CONTENT="Ashton," HEIGHT="65" WIDTH="251" VPOS="2219" HPOS="65"/>
<SP HEIGHT="65" WIDTH="27" VPOS="2219" HPOS="317"/>
<String CONTENT="Karl." HEIGHT="54" WIDTH="162" VPOS="2219" HPOS="345"/>
</TextLine>
<TextLine HEIGHT="70" WIDTH="1915" VPOS="2294" HPOS="138" STYLEREFS="StyleId-AA1928F1-42B7-4CCD-9C77-F17CBF4261C8-" CS="1">
<String CONTENT="Illegal" HEIGHT="69" WIDTH="202" VPOS="2295" HPOS="138"/>
<SP HEIGHT="52" WIDTH="50" VPOS="2295" HPOS="341"/>
<String CONTENT="nurse," HEIGHT="49" WIDTH="185" VPOS="2314" HPOS="392"/>
<SP HEIGHT="67" WIDTH="48" VPOS="2296" HPOS="578"/>
<String CONTENT="by" HEIGHT="67" WIDTH="75" VPOS="2296" HPOS="627"/>
<SP HEIGHT="67" WIDTH="48" VPOS="2296" HPOS="703"/>
<String CONTENT="Karl" HEIGHT="52" WIDTH="148" VPOS="2296" HPOS="752"/>
<SP HEIGHT="53" WIDTH="50" VPOS="2295" HPOS="901"/>
<String CONTENT="Ashton" HEIGHT="54" WIDTH="223" VPOS="2295" HPOS="952"/>
<SP HEIGHT="34" WIDTH="56" VPOS="2315" HPOS="1176"/>
<String CS="1" CONTENT="&#8230;"/>
<SP HEIGHT="54" WIDTH="94" VPOS="2294" HPOS="1290"/>
<String CONTENT="New" HEIGHT="54" WIDTH="138" VPOS="2294" HPOS="1385"/>
<SP HEIGHT="52" WIDTH="53" VPOS="2295" HPOS="1524"/>
<String CONTENT="York," HEIGHT="67" WIDTH="178" VPOS="2295" HPOS="1578"/>
<SP HEIGHT="67" WIDTH="53" VPOS="2295" HPOS="1757"/>
<String CONTENT="Godwin" HEIGHT="54" WIDTH="242" VPOS="2295" HPOS="1811"/>
</TextLine>
<TextLine HEIGHT="66" WIDTH="190" VPOS="2375" HPOS="73" STYLEREFS="StyleId-AA1928F1-42B7-4CCD-9C77-F17CBF4261C8-">
<String CONTENT="[T936]" HEIGHT="66" WIDTH="190" VPOS="2375" HPOS="73"/>
</TextLine>
<TextLine HEIGHT="48" WIDTH="275" VPOS="2443" HPOS="134" CS="1">
<String CONTENT="252" HEIGHT="39" WIDTH="86" VPOS="2443" HPOS="134"/>
<SP HEIGHT="48" WIDTH="28" VPOS="2443" HPOS="221"/>
<String CONTENT="p." HEIGHT="37" WIDTH="42" VPOS="2454" HPOS="250"/>
<SP HEIGHT="40" WIDTH="58" VPOS="2443" HPOS="293"/>
<String CS="1" CONTENT="19&#189;cm." HEIGHT="41" WIDTH="28" VPOS="2443" HPOS="381"/>
</TextLine>
<TextLine HEIGHT="53" WIDTH="1991" VPOS="2498" HPOS="65" CS="1">
<String CONTENT="&#169;" HEIGHT="53" WIDTH="52" VPOS="2498" HPOS="65"/>
<SP HEIGHT="53" WIDTH="21" VPOS="2498" HPOS="118"/>
<String CONTENT="June" HEIGHT="38" WIDTH="125" VPOS="2504" HPOS="140"/>
<SP HEIGHT="38" WIDTH="21" VPOS="2504" HPOS="266"/>
<String CONTENT="15," HEIGHT="47" WIDTH="68" VPOS="2503" HPOS="288"/>
<SP HEIGHT="46" WIDTH="24" VPOS="2504" HPOS="357"/>
<String CONTENT="1936;" HEIGHT="47" WIDTH="140" VPOS="2503" HPOS="382"/>
<SP HEIGHT="47" WIDTH="24" VPOS="2503" HPOS="523"/>
<String CONTENT="2c." HEIGHT="40" WIDTH="67" VPOS="2503" HPOS="548"/>
<SP HEIGHT="39" WIDTH="25" VPOS="2504" HPOS="616"/>
<String CONTENT="June" HEIGHT="39" WIDTH="126" VPOS="2504" HPOS="642"/>
<SP HEIGHT="40" WIDTH="22" VPOS="2503" HPOS="769"/>
<String CS="1" CONTENT="22;" HEIGHT="40" WIDTH="55" VPOS="2502" HPOS="792"/>
<SP HEIGHT="36" WIDTH="27" VPOS="2513" HPOS="875"/>
<String CONTENT="aff." HEIGHT="43" WIDTH="81" VPOS="2502" HPOS="903"/>
<SP HEIGHT="42" WIDTH="24" VPOS="2503" HPOS="985"/>
<String CONTENT="July" HEIGHT="47" WIDTH="116" VPOS="2503" HPOS="1010"/>
<SP HEIGHT="48" WIDTH="21" VPOS="2502" HPOS="1127"/>
<String CONTENT="10;" HEIGHT="47" WIDTH="82" VPOS="2502" HPOS="1149"/>
<SP HEIGHT="46" WIDTH="27" VPOS="2503" HPOS="1232"/>
<!-- cceid A09AF3F4-6E3A-1014-83DD-942C093A1DD9 --><String CONTENT="A" HEIGHT="39" WIDTH="39" VPOS="2503" HPOS="1260"/>
<SP HEIGHT="40" WIDTH="22" VPOS="2502" HPOS="1300"/>
<String CONTENT="95989;" HEIGHT="48" WIDTH="171" VPOS="2502" HPOS="1323"/>
<SP HEIGHT="47" WIDTH="29" VPOS="2503" HPOS="1495"/>
<String CONTENT="Godwin," HEIGHT="49" WIDTH="215" VPOS="2502" HPOS="1525"/>
<SP HEIGHT="38" WIDTH="23" VPOS="2513" HPOS="1741"/>
<String CONTENT="publishers." HEIGHT="50" WIDTH="291" VPOS="2501" HPOS="1765"/>
</TextLine>
<TextLine HEIGHT="47" WIDTH="277" VPOS="2559" HPOS="143">
<String CONTENT="(36-14933)" HEIGHT="47" WIDTH="277" VPOS="2559" HPOS="143"/>
</TextLine>
<TextLine HEIGHT="66" WIDTH="586" VPOS="2661" HPOS="64" STYLEREFS="StyleId-62EEC998-1736-45C6-9D25-01EAF2B96DCD-">
<String CONTENT="Bardwell," HEIGHT="66" WIDTH="306" VPOS="2661" HPOS="64"/>
<SP HEIGHT="64" WIDTH="26" VPOS="2663" HPOS="371"/>
<String CONTENT="Denver." HEIGHT="53" WIDTH="252" VPOS="2663" HPOS="398"/>
</TextLine>
<TextLine HEIGHT="68" WIDTH="1915" VPOS="2737" HPOS="137" STYLEREFS="StyleId-AA1928F1-42B7-4CCD-9C77-F17CBF4261C8-" CS="1">
<String CONTENT="Beyond" HEIGHT="68" WIDTH="236" VPOS="2737" HPOS="137"/>
<SP HEIGHT="52" WIDTH="36" VPOS="2738" HPOS="374"/>
<String CONTENT="Midnight" HEIGHT="68" WIDTH="298" VPOS="2737" HPOS="411"/>
<SP HEIGHT="54" WIDTH="39" VPOS="2738" HPOS="710"/>
<String CONTENT="Chasm" HEIGHT="54" WIDTH="207" VPOS="2738" HPOS="750"/>
<SP HEIGHT="48" WIDTH="45" VPOS="2757" HPOS="958"/>
<String CONTENT="[by]" HEIGHT="67" WIDTH="109" VPOS="2738" HPOS="1004"/>
<SP HEIGHT="67" WIDTH="43" VPOS="2737" HPOS="1114"/>
<String CONTENT="Denver" HEIGHT="53" WIDTH="227" VPOS="2737" HPOS="1158"/>
<SP HEIGHT="52" WIDTH="38" VPOS="2738" HPOS="1386"/>
<String CONTENT="Bardwell" HEIGHT="53" WIDTH="288" VPOS="2737" HPOS="1425"/>
<SP HEIGHT="52" WIDTH="45" VPOS="2738" HPOS="1714"/>
<String CS="1" CONTENT="&#8230;"/>
<SP HEIGHT="33" WIDTH="82" VPOS="2771" HPOS="1816"/>
<String CONTENT="[New" HEIGHT="67" WIDTH="153" VPOS="2737" HPOS="1899"/>
</TextLine>
<TextLine HEIGHT="69" WIDTH="699" VPOS="2813" HPOS="69" STYLEREFS="StyleId-AA1928F1-42B7-4CCD-9C77-F17CBF4261C8-">
<String CONTENT="York]" HEIGHT="69" WIDTH="177" VPOS="2813" HPOS="69"/>
<SP HEIGHT="68" WIDTH="42" VPOS="2814" HPOS="247"/>
<String CONTENT="Godwin" HEIGHT="55" WIDTH="244" VPOS="2814" HPOS="290"/>
<SP HEIGHT="49" WIDTH="41" VPOS="2833" HPOS="535"/>
<String CONTENT="[" HEIGHT="34" WIDTH="12" VPOS="2848" HPOS="577"/>
<String STYLE="superscript" CONTENT="c" HEIGHT="21" WIDTH="18" VPOS="2821" HPOS="594"/>
<String CONTENT="1936]" HEIGHT="66" WIDTH="151" VPOS="2816" HPOS="617"/>
</TextLine>
<TextLine HEIGHT="50" WIDTH="363" VPOS="2884" HPOS="135" CS="1">
<String CONTENT="277" HEIGHT="41" WIDTH="86" VPOS="2884" HPOS="135"/>
<SP HEIGHT="49" WIDTH="28" VPOS="2885" HPOS="222"/>
<String CONTENT="p." HEIGHT="39" WIDTH="42" VPOS="2895" HPOS="251"/>
<SP HEIGHT="41" WIDTH="58" VPOS="2885" HPOS="294"/>
<String CS="1" CONTENT="19&#189;" HEIGHT="41" WIDTH="55" VPOS="2884" HPOS="353"/>
<String STYLE="superscript" CONTENT="cm" HEIGHT="22" WIDTH="44" VPOS="2887" HPOS="440"/>
<String CONTENT="." HEIGHT="9" WIDTH="8" VPOS="2918" HPOS="490"/>
</TextLine>
<TextLine HEIGHT="54" WIDTH="1990" VPOS="2940" HPOS="64">
<String CONTENT="&#169;" HEIGHT="53" WIDTH="53" VPOS="2940" HPOS="64"/>
<SP HEIGHT="53" WIDTH="23" VPOS="2940" HPOS="118"/>
<String CONTENT="June" HEIGHT="38" WIDTH="125" VPOS="2946" HPOS="142"/>
<SP HEIGHT="39" WIDTH="21" VPOS="2945" HPOS="268"/>
<String CONTENT="15," HEIGHT="47" WIDTH="68" VPOS="2945" HPOS="290"/>
<SP HEIGHT="47" WIDTH="23" VPOS="2945" HPOS="359"/>
<String CONTENT="1936;" HEIGHT="48" WIDTH="140" VPOS="2944" HPOS="383"/>
<SP HEIGHT="47" WIDTH="24" VPOS="2945" HPOS="524"/>
<String CONTENT="2c." HEIGHT="40" WIDTH="66" VPOS="2945" HPOS="549"/>
<SP HEIGHT="40" WIDTH="25" VPOS="2946" HPOS="616"/>
<String CONTENT="June" HEIGHT="40" WIDTH="128" VPOS="2946" HPOS="642"/>
<SP HEIGHT="39" WIDTH="19" VPOS="2946" HPOS="771"/>
<String CONTENT="22;" HEIGHT="47" WIDTH="82" VPOS="2945" HPOS="791"/>
<SP HEIGHT="36" WIDTH="27" VPOS="2956" HPOS="874"/>
<String CONTENT="aff." HEIGHT="40" WIDTH="81" VPOS="2946" HPOS="902"/>
<SP HEIGHT="39" WIDTH="24" VPOS="2947" HPOS="984"/>
<String CONTENT="July" HEIGHT="48" WIDTH="115" VPOS="2945" HPOS="1009"/>
<SP HEIGHT="47" WIDTH="24" VPOS="2946" HPOS="1125"/>
<String CONTENT="10;" HEIGHT="47" WIDTH="81" VPOS="2946" HPOS="1150"/>
<SP HEIGHT="47" WIDTH="26" VPOS="2946" HPOS="1232"/>
<!-- cceid A09B6381-6E3A-1014-83DD-942C093A1DD9 --><String CONTENT="A" HEIGHT="39" WIDTH="40" VPOS="2946" HPOS="1259"/>
<SP HEIGHT="40" WIDTH="23" VPOS="2945" HPOS="1300"/>
<String CONTENT="95992;" HEIGHT="43" WIDTH="169" VPOS="2945" HPOS="1324"/>
<SP HEIGHT="42" WIDTH="29" VPOS="2946" HPOS="1494"/>
<String CONTENT="Godwin," HEIGHT="46" WIDTH="214" VPOS="2944" HPOS="1524"/>
<SP HEIGHT="38" WIDTH="22" VPOS="2956" HPOS="1739"/>
<String CONTENT="publishers." HEIGHT="49" WIDTH="292" VPOS="2945" HPOS="1762"/>
</TextLine>
<TextLine HEIGHT="48" WIDTH="278" VPOS="3000" HPOS="143">
<String CONTENT="(36-14932)" HEIGHT="48" WIDTH="278" VPOS="3000" HPOS="143"/>
</TextLine>
<TextLine HEIGHT="63" WIDTH="910" VPOS="3104" HPOS="64" STYLEREFS="StyleId-62EEC998-1736-45C6-9D25-01EAF2B96DCD-">
<String CONTENT="Barnes," HEIGHT="63" WIDTH="244" VPOS="3104" HPOS="64"/>
<SP HEIGHT="61" WIDTH="22" VPOS="3106" HPOS="309"/>
<String CONTENT="Mrs." HEIGHT="52" WIDTH="136" VPOS="3106" HPOS="332"/>
<SP HEIGHT="52" WIDTH="25" VPOS="3106" HPOS="469"/>
<String CONTENT="Leola" HEIGHT="52" WIDTH="175" VPOS="3106" HPOS="495"/>
<SP HEIGHT="53" WIDTH="25" VPOS="3107" HPOS="671"/>
<String CONTENT="Christie." HEIGHT="55" WIDTH="277" VPOS="3105" HPOS="697"/>
</TextLine>
<TextLine HEIGHT="74" WIDTH="1919" VPOS="3176" HPOS="136" STYLEREFS="StyleId-AA1928F1-42B7-4CCD-9C77-F17CBF4261C8-" CS="1">
<String CONTENT="Silver" HEIGHT="56" WIDTH="186" VPOS="3176" HPOS="136"/>
<SP HEIGHT="34" WIDTH="21" VPOS="3198" HPOS="323"/>
<String CONTENT="century," HEIGHT="65" WIDTH="251" VPOS="3184" HPOS="345"/>
<SP HEIGHT="67" WIDTH="21" VPOS="3180" HPOS="597"/>
<String CONTENT="by" HEIGHT="69" WIDTH="78" VPOS="3180" HPOS="619"/>
<SP HEIGHT="68" WIDTH="21" VPOS="3181" HPOS="698"/>
<String CONTENT="Leola" HEIGHT="52" WIDTH="171" VPOS="3181" HPOS="720"/>
<SP HEIGHT="55" WIDTH="25" VPOS="3180" HPOS="892"/>
<String CONTENT="Christie" HEIGHT="55" WIDTH="247" VPOS="3180" HPOS="918"/>
<SP HEIGHT="50" WIDTH="25" VPOS="3183" HPOS="1166"/>
<String CONTENT="Barnes" HEIGHT="51" WIDTH="217" VPOS="3183" HPOS="1192"/>
<SP HEIGHT="33" WIDTH="27" VPOS="3201" HPOS="1410"/>
<String CS="1" CONTENT="&#8230;"/>
<SP HEIGHT="52" WIDTH="31" VPOS="3181" HPOS="1495"/>
<String CONTENT="foreword" HEIGHT="54" WIDTH="285" VPOS="3181" HPOS="1527"/>
<SP HEIGHT="53" WIDTH="26" VPOS="3182" HPOS="1813"/>
<String CONTENT="by" HEIGHT="68" WIDTH="75" VPOS="3182" HPOS="1840"/>
<SP HEIGHT="68" WIDTH="26" VPOS="3182" HPOS="1916"/>
<String CONTENT="Pat" HEIGHT="52" WIDTH="112" VPOS="3182" HPOS="1943"/>
</TextLine>
<TextLine HEIGHT="69" WIDTH="1993" VPOS="3259" HPOS="63" STYLEREFS="StyleId-AA1928F1-42B7-4CCD-9C77-F17CBF4261C8-">
<String CONTENT="M." HEIGHT="52" WIDTH="79" VPOS="3259" HPOS="63"/>
<SP HEIGHT="51" WIDTH="42" VPOS="3260" HPOS="143"/>
<String CONTENT="Neff;" HEIGHT="67" WIDTH="157" VPOS="3259" HPOS="186"/>
<SP HEIGHT="67" WIDTH="44" VPOS="3259" HPOS="344"/>
<String CONTENT="illustrated" HEIGHT="53" WIDTH="324" VPOS="3259" HPOS="389"/>
<SP HEIGHT="51" WIDTH="39" VPOS="3261" HPOS="714"/>
<String CONTENT="by" HEIGHT="66" WIDTH="74" VPOS="3261" HPOS="754"/>
<SP HEIGHT="66" WIDTH="40" VPOS="3261" HPOS="829"/>
<String CONTENT="Eugene" HEIGHT="67" WIDTH="233" VPOS="3261" HPOS="870"/>
<SP HEIGHT="51" WIDTH="39" VPOS="3262" HPOS="1104"/>
<String CONTENT="Haley." HEIGHT="67" WIDTH="205" VPOS="3261" HPOS="1144"/>
<SP HEIGHT="55" WIDTH="78" VPOS="3261" HPOS="1350"/>
<String CONTENT="San" HEIGHT="55" WIDTH="115" VPOS="3261" HPOS="1429"/>
<SP HEIGHT="52" WIDTH="40" VPOS="3261" HPOS="1545"/>
<String CONTENT="Antonio," HEIGHT="67" WIDTH="272" VPOS="3261" HPOS="1586"/>
<SP HEIGHT="66" WIDTH="40" VPOS="3262" HPOS="1859"/>
<String CONTENT="Tex.," HEIGHT="65" WIDTH="156" VPOS="3262" HPOS="1900"/>
</TextLine>
<TextLine HEIGHT="68" WIDTH="862" VPOS="3337" HPOS="64" STYLEREFS="StyleId-AA1928F1-42B7-4CCD-9C77-F17CBF4261C8-" CS="1">
<String CONTENT="The" HEIGHT="51" WIDTH="119" VPOS="3337" HPOS="64"/>
<SP HEIGHT="50" WIDTH="22" VPOS="3338" HPOS="184"/>
<String CONTENT="Naylor" HEIGHT="66" WIDTH="218" VPOS="3337" HPOS="207"/>
<SP HEIGHT="34" WIDTH="19" VPOS="3355" HPOS="426"/>
<String CONTENT="company" HEIGHT="50" WIDTH="278" VPOS="3355" HPOS="446"/>
<SP HEIGHT="48" WIDTH="27" VPOS="3357" HPOS="725"/>
<String CONTENT="[" HEIGHT="33" WIDTH="12" VPOS="3372" HPOS="753"/>
<String STYLE="superscript" CONTENT="c" HEIGHT="20" WIDTH="18" VPOS="3345" HPOS="771"/>
<String CS="1" CONTENT="1936]" HEIGHT="48" WIDTH="130" VPOS="3342" HPOS="796"/>
</TextLine>
<TextLine HEIGHT="50" WIDTH="1194" VPOS="3407" HPOS="132" CS="1">
<String CONTENT="xiii" HEIGHT="39" WIDTH="90" VPOS="3407" HPOS="132"/>
<SP HEIGHT="47" WIDTH="22" VPOS="3408" HPOS="223"/>
<String CONTENT="p.," HEIGHT="38" WIDTH="58" VPOS="3417" HPOS="246"/>
<SP HEIGHT="45" WIDTH="25" VPOS="3408" HPOS="305"/>
<String CONTENT="1" HEIGHT="39" WIDTH="24" VPOS="3408" HPOS="331"/>
<SP HEIGHT="39" WIDTH="26" VPOS="3408" HPOS="356"/>
<String CS="1" CONTENT="l.,"/>
<SP HEIGHT="47" WIDTH="27" VPOS="3407" HPOS="427"/>
<String CONTENT="65" HEIGHT="41" WIDTH="57" VPOS="3407" HPOS="455"/>
<SP HEIGHT="47" WIDTH="20" VPOS="3408" HPOS="513"/>
<String CONTENT="p." HEIGHT="37" WIDTH="44" VPOS="3418" HPOS="534"/>
<SP HEIGHT="40" WIDTH="57" VPOS="3408" HPOS="579"/>
<String CONTENT="front," HEIGHT="41" WIDTH="147" VPOS="3408" HPOS="637"/>
<SP HEIGHT="48" WIDTH="29" VPOS="3409" HPOS="785"/>
<String CONTENT="(port.)" HEIGHT="48" WIDTH="170" VPOS="3409" HPOS="815"/>
<SP HEIGHT="47" WIDTH="37" VPOS="3409" HPOS="986"/>
<String CONTENT="illus." HEIGHT="40" WIDTH="126" VPOS="3409" HPOS="1024"/>
<SP HEIGHT="40" WIDTH="58" VPOS="3409" HPOS="1151"/>
<String CONTENT="20" HEIGHT="40" WIDTH="57" VPOS="3409" HPOS="1210"/>
<String STYLE="superscript" CONTENT="cm" HEIGHT="22" WIDTH="44" VPOS="3411" HPOS="1269"/>
<String CONTENT="." HEIGHT="8" WIDTH="8" VPOS="3442" HPOS="1318"/>
</TextLine>
<TextLine HEIGHT="51" WIDTH="1917" VPOS="3463" HPOS="136">
<String CONTENT="&#8220;Poems" HEIGHT="41" WIDTH="196" VPOS="3463" HPOS="136"/>
<SP HEIGHT="29" WIDTH="28" VPOS="3475" HPOS="333"/>
<String CONTENT="written" HEIGHT="41" WIDTH="195" VPOS="3464" HPOS="362"/>
<SP HEIGHT="39" WIDTH="27" VPOS="3465" HPOS="558"/>
<String CONTENT="in" HEIGHT="39" WIDTH="48" VPOS="3465" HPOS="586"/>
<SP HEIGHT="38" WIDTH="30" VPOS="3466" HPOS="635"/>
<String CONTENT="honor" HEIGHT="40" WIDTH="152" VPOS="3466" HPOS="666"/>
<SP HEIGHT="29" WIDTH="27" VPOS="3477" HPOS="819"/>
<String CONTENT="of" HEIGHT="39" WIDTH="52" VPOS="3467" HPOS="847"/>
<SP HEIGHT="39" WIDTH="28" VPOS="3467" HPOS="900"/>
<String CONTENT="the" HEIGHT="39" WIDTH="80" VPOS="3467" HPOS="929"/>
<SP HEIGHT="40" WIDTH="27" VPOS="3466" HPOS="1010"/>
<String CONTENT="first" HEIGHT="41" WIDTH="109" VPOS="3466" HPOS="1038"/>
<SP HEIGHT="40" WIDTH="25" VPOS="3467" HPOS="1148"/>
<String CONTENT="hundred" HEIGHT="40" WIDTH="220" VPOS="3467" HPOS="1174"/>
<SP HEIGHT="47" WIDTH="26" VPOS="3467" HPOS="1395"/>
<String CONTENT="years" HEIGHT="37" WIDTH="142" VPOS="3477" HPOS="1422"/>
<SP HEIGHT="30" WIDTH="28" VPOS="3477" HPOS="1565"/>
<String CONTENT="of" HEIGHT="41" WIDTH="52" VPOS="3466" HPOS="1594"/>
<SP HEIGHT="39" WIDTH="27" VPOS="3466" HPOS="1647"/>
<String CONTENT="Texas" HEIGHT="41" WIDTH="159" VPOS="3466" HPOS="1675"/>
<SP HEIGHT="40" WIDTH="29" VPOS="3467" HPOS="1835"/>
<String CONTENT="life.&#8221;&#8212;" HEIGHT="42" WIDTH="188" VPOS="3465" HPOS="1865"/>
</TextLine>
<TextLine HEIGHT="48" WIDTH="271" VPOS="3518" HPOS="64">
<String CONTENT="Foreword." HEIGHT="48" WIDTH="271" VPOS="3518" HPOS="64"/>
</TextLine>
<TextLine HEIGHT="54" WIDTH="1845" VPOS="3576" HPOS="66">
<String CONTENT="&#169;" HEIGHT="52" WIDTH="53" VPOS="3576" HPOS="66"/>
<SP HEIGHT="52" WIDTH="29" VPOS="3576" HPOS="120"/>
<String CONTENT="June" HEIGHT="39" WIDTH="126" VPOS="3581" HPOS="150"/>
<SP HEIGHT="38" WIDTH="29" VPOS="3582" HPOS="277"/>
<String CONTENT="17," HEIGHT="43" WIDTH="67" VPOS="3582" HPOS="307"/>
<SP HEIGHT="44" WIDTH="32" VPOS="3581" HPOS="375"/>
<String CONTENT="1936;" HEIGHT="48" WIDTH="139" VPOS="3580" HPOS="408"/>
<SP HEIGHT="47" WIDTH="33" VPOS="3581" HPOS="548"/>
<String CONTENT="2c." HEIGHT="41" WIDTH="67" VPOS="3581" HPOS="582"/>
<SP HEIGHT="40" WIDTH="32" VPOS="3582" HPOS="650"/>
<String CONTENT="June" HEIGHT="40" WIDTH="126" VPOS="3582" HPOS="683"/>
<SP HEIGHT="39" WIDTH="30" VPOS="3582" HPOS="810"/>
<String CONTENT="24;" HEIGHT="46" WIDTH="81" VPOS="3582" HPOS="841"/>
<SP HEIGHT="36" WIDTH="34" VPOS="3592" HPOS="923"/>
<String CONTENT="aff." HEIGHT="39" WIDTH="81" VPOS="3582" HPOS="958"/>
<SP HEIGHT="39" WIDTH="33" VPOS="3583" HPOS="1040"/>
<String CONTENT="June" HEIGHT="39" WIDTH="126" VPOS="3583" HPOS="1074"/>
<SP HEIGHT="40" WIDTH="29" VPOS="3582" HPOS="1201"/>
<String CONTENT="23;" HEIGHT="48" WIDTH="83" VPOS="3582" HPOS="1231"/>
<SP HEIGHT="47" WIDTH="34" VPOS="3583" HPOS="1315"/>
<!-- cceid A09BD349-6E3A-1014-83DD-942C093A1DD9 --><String CONTENT="A" HEIGHT="39" WIDTH="40" VPOS="3583" HPOS="1350"/>
<SP HEIGHT="40" WIDTH="31" VPOS="3583" HPOS="1391"/>
<String CONTENT="95799;" HEIGHT="47" WIDTH="169" VPOS="3582" HPOS="1423"/>
<SP HEIGHT="46" WIDTH="33" VPOS="3583" HPOS="1593"/>
<String CONTENT="Naylor" HEIGHT="47" WIDTH="183" VPOS="3583" HPOS="1627"/>
<SP HEIGHT="30" WIDTH="32" VPOS="3592" HPOS="1811"/>
<String CONTENT="co." HEIGHT="31" WIDTH="67" VPOS="3592" HPOS="1844"/>
</TextLine>
<TextLine HEIGHT="48" WIDTH="277" VPOS="3636" HPOS="145">
<String CONTENT="(36-14763)" HEIGHT="48" WIDTH="277" VPOS="3636" HPOS="145"/>
</TextLine>
<TextLine HEIGHT="66" WIDTH="1026" VPOS="3730" HPOS="65" STYLEREFS="StyleId-62EEC998-1736-45C6-9D25-01EAF2B96DCD-">
<String CONTENT="Black," HEIGHT="63" WIDTH="197" VPOS="3730" HPOS="65"/>
<SP HEIGHT="61" WIDTH="23" VPOS="3732" HPOS="263"/>
<String CONTENT="Benjamin" HEIGHT="64" WIDTH="314" VPOS="3732" HPOS="287"/>
<SP HEIGHT="53" WIDTH="23" VPOS="3734" HPOS="602"/>
<String CONTENT="Warren," HEIGHT="62" WIDTH="267" VPOS="3734" HPOS="626"/>
<SP HEIGHT="57" WIDTH="26" VPOS="3739" HPOS="894"/>
<String CONTENT="1887-" HEIGHT="55" WIDTH="170" VPOS="3735" HPOS="921"/>
</TextLine>
<TextLine HEIGHT="70" WIDTH="1921" VPOS="3807" HPOS="136" STYLEREFS="StyleId-AA1928F1-42B7-4CCD-9C77-F17CBF4261C8-">
<String CONTENT="Medical" HEIGHT="55" WIDTH="243" VPOS="3807" HPOS="136"/>
<SP HEIGHT="65" WIDTH="30" VPOS="3811" HPOS="380"/>
<String CONTENT="policies" HEIGHT="69" WIDTH="229" VPOS="3807" HPOS="411"/>
<SP HEIGHT="34" WIDTH="32" VPOS="3828" HPOS="641"/>
<String CONTENT="and" HEIGHT="52" WIDTH="111" VPOS="3810" HPOS="674"/>
<SP HEIGHT="67" WIDTH="28" VPOS="3810" HPOS="786"/>
<String CONTENT="procedures" HEIGHT="67" WIDTH="335" VPOS="3810" HPOS="815"/>
<SP HEIGHT="53" WIDTH="29" VPOS="3810" HPOS="1151"/>
<String CONTENT="for" HEIGHT="53" WIDTH="93" VPOS="3810" HPOS="1181"/>
<SP HEIGHT="47" WIDTH="29" VPOS="3816" HPOS="1275"/>
<String CONTENT="the" HEIGHT="52" WIDTH="94" VPOS="3811" HPOS="1305"/>
<SP HEIGHT="34" WIDTH="26" VPOS="3829" HPOS="1400"/>
<String CONTENT="resident" HEIGHT="52" WIDTH="249" VPOS="3811" HPOS="1427"/>
<SP HEIGHT="47" WIDTH="26" VPOS="3816" HPOS="1677"/>
<String CONTENT="staff" HEIGHT="54" WIDTH="133" VPOS="3809" HPOS="1704"/>
<SP HEIGHT="54" WIDTH="29" VPOS="3809" HPOS="1838"/>
<String CONTENT="of" HEIGHT="54" WIDTH="62" VPOS="3809" HPOS="1868"/>
<SP HEIGHT="53" WIDTH="27" VPOS="3809" HPOS="1931"/>
<String CONTENT="the" HEIGHT="53" WIDTH="98" VPOS="3810" HPOS="1959"/>
</TextLine>
<TextLine HEIGHT="72" WIDTH="1988" VPOS="3883" HPOS="66" STYLEREFS="StyleId-AA1928F1-42B7-4CCD-9C77-F17CBF4261C8-" CS="1">
<String CONTENT="Alameda" HEIGHT="55" WIDTH="277" VPOS="3883" HPOS="66"/>
<SP HEIGHT="34" WIDTH="35" VPOS="3904" HPOS="344"/>
<String CONTENT="county" HEIGHT="63" WIDTH="207" VPOS="3891" HPOS="380"/>
<SP HEIGHT="67" WIDTH="31" VPOS="3887" HPOS="588"/>
<String CONTENT="hospitals" HEIGHT="69" WIDTH="279" VPOS="3886" HPOS="620"/>
<SP HEIGHT="34" WIDTH="35" VPOS="3907" HPOS="900"/>
<String CONTENT="and" HEIGHT="53" WIDTH="111" VPOS="3888" HPOS="936"/>
<SP HEIGHT="52" WIDTH="37" VPOS="3888" HPOS="1048"/>
<String CONTENT="clinics" HEIGHT="52" WIDTH="193" VPOS="3888" HPOS="1086"/>
<SP/>
<String CS="1" CONTENT="[by]" HEIGHT="33" WIDTH="12" VPOS="3921" HPOS="1418"/>
<SP HEIGHT="64" WIDTH="39" VPOS="3890" HPOS="1431"/>
<String CONTENT="Benjamin" HEIGHT="67" WIDTH="307" VPOS="3887" HPOS="1471"/>
<SP HEIGHT="53" WIDTH="32" VPOS="3889" HPOS="1779"/>
<String CONTENT="Warren" HEIGHT="53" WIDTH="242" VPOS="3889" HPOS="1812"/>
</TextLine>
<TextLine HEIGHT="76" WIDTH="1987" VPOS="3961" HPOS="68" STYLEREFS="StyleId-AA1928F1-42B7-4CCD-9C77-F17CBF4261C8-" CS="1">
<String CONTENT="Black" HEIGHT="53" WIDTH="179" VPOS="3961" HPOS="68"/>
<SP HEIGHT="52" WIDTH="28" VPOS="3962" HPOS="248"/>
<String CS="1" CONTENT="&#8230;"/>
<SP HEIGHT="34" WIDTH="70" VPOS="3996" HPOS="333"/>
<String CONTENT="[Berkeley," HEIGHT="69" WIDTH="312" VPOS="3963" HPOS="404"/>
<SP HEIGHT="66" WIDTH="23" VPOS="3966" HPOS="717"/>
<String CONTENT="Press" HEIGHT="52" WIDTH="166" VPOS="3966" HPOS="741"/>
<SP HEIGHT="34" WIDTH="25" VPOS="3984" HPOS="908"/>
<String CONTENT="of" HEIGHT="53" WIDTH="63" VPOS="3965" HPOS="934"/>
<SP HEIGHT="52" WIDTH="23" VPOS="3965" HPOS="998"/>
<String CONTENT="Lederer," HEIGHT="66" WIDTH="261" VPOS="3966" HPOS="1022"/>
<SP HEIGHT="67" WIDTH="27" VPOS="3965" HPOS="1284"/>
<String CONTENT="Street" HEIGHT="57" WIDTH="187" VPOS="3965" HPOS="1312"/>
<SP HEIGHT="52" WIDTH="23" VPOS="3969" HPOS="1500"/>
<String CONTENT="&amp;" HEIGHT="52" WIDTH="45" VPOS="3969" HPOS="1524"/>
<SP HEIGHT="54" WIDTH="22" VPOS="3967" HPOS="1570"/>
<String CONTENT="Zeus" HEIGHT="52" WIDTH="139" VPOS="3967" HPOS="1593"/>
<SP HEIGHT="35" WIDTH="26" VPOS="3984" HPOS="1733"/>
<String CONTENT="company," HEIGHT="53" WIDTH="295" VPOS="3984" HPOS="1760"/>
</TextLine>
<TextLine HEIGHT="71" WIDTH="334" VPOS="4037" HPOS="67" STYLEREFS="StyleId-AA1928F1-42B7-4CCD-9C77-F17CBF4261C8-">
<String CONTENT="inc.," HEIGHT="67" WIDTH="124" VPOS="4037" HPOS="67"/>
<SP HEIGHT="58" WIDTH="34" VPOS="4046" HPOS="192"/>
<String STYLE="superscript" CONTENT="c" HEIGHT="23" WIDTH="19" VPOS="4046" HPOS="227"/>
<String CONTENT="1936]" HEIGHT="65" WIDTH="151" VPOS="4043" HPOS="250"/>
</TextLine>
</TextBlock>
</PrintSpace>
</Page>
</Layout>
</alto>