2519 4377
993 4130 132 49 1413

71 487 117 50 The
217 484 398 64 Fortnightly,
691 504 87 34 no.
807 489 116 62 839,
950 504 122 33 new
1097 487 185 65 series,
1311 486 333 66 November,
1674 488 148 49 1936.

68 566 1992 52 © 1c. Nov. 9, 1936; A ad int. 21976; pubd. Nov. 1; Fortnightly review,
139 626 97 47 ltd.,
266 626 208 40 London.

69 729 439 64 Fredenburgh,
539 729 318 62 Theodore,
890 731 169 53 1897-

134 803 128 55 Sow
287 805 93 51 the
405 804 171 67 wind,
599 804 74 68 by
698 804 296 53 Theodore
1017 804 429 69 Fredenburgh.
1506 805 137 51 New
1672 804 178 67 York,
1875 803 186 55 Green

67 882 164 53 circle
265 882 173 53 books
476 915 12 34 [
494 889 18 21 c
517 885 152 64 1936]

139 955 654 50 x p., 1 l., [13,-314 p. 19½cm.
67 1022 1994 53 © Oct. 9, 1936; 2c. and aff. Oct. 10; A 99270; Lee Furman, inc., New
137 1083 142 40 York.
350 1083 278 47 (36-21826)

69 1184 176 64 Gage,
273 1185 199 53 Simon
497 1186 224 62 Henry,
751 1191 169 48 1851-

138 1261 1921 70 The microscope, by Simon Henry Gage … 16th ed., rev.
69 1339 111 51 and
219 1339 105 52 enl.
364 1338 75 69 by
477 1340 94 52 the
608 1339 261 54 addition
908 1339 64 53 of
1009 1359 32 34 a
1080 1341 234 67 chapter
1354 1359 71 35 on
1461 1341 597 54 micro-incineration.

69 1417 216 67 Ithaca,
314 1417 69 53 N.
415 1417 88 65 Y.,
533 1417 302 54 Comstock
866 1417 333 70 publishing
1230 1437 296 50 company,
1556 1420 125 66 inc.,
1715 1423 148 50 1936.

139 1490 99 47 viii,
273 1490 83 40 617
390 1501 42 36 p.
493 1489 141 49 illus.,
670 1491 178 47 diagrs.
908 1491 55 40 23½
996 1494 43 20 cm
1045 1523 9 8 .

141 1547 374 47 Bibliography:
540 1558 42 36 p.
609 1546 229 48 581-593;
862 1547 338 49 bibliography
1224 1551 51 38 at
1300 1550 91 39 end
1416 1549 50 39 of
1491 1551 125 38 most
1641 1548 52 41 of
1715 1550 81 38 the
1820 1549 240 47 chapters.

66 1614 52 52 ©
145 1620 118 46 Aug.
292 1619 69 47 24,
389 1618 140 49 1936;
559 1620 68 41 2c.
656 1620 96 40 and
781 1620 81 41 aff.
896 1621 127 46 Sept.
1051 1620 83 47 24;
1164 1621 41 38 A
1234 1619 170 49 97961;
1437 1620 258 42 Comstock
1718 1620 108 48 pub.
1856 1630 82 39 co.,
1969 1620 93 39 inc.

146 1675 278 48 (36-22055)

69 1777 234 65 Gipson,
329 1780 205 62 Henry
558 1779 162 63 Clay.

135 1853 158 53 Look
319 1859 57 48 at
399 1854 173 52 Latin
596 1853 284 68 America,
904 1855 75 68 by
1005 1855 202 68 Henry
1234 1855 145 68 Clay
1406 1854 249 69 Gipson;
1683 1855 141 53 with
1853 1874 31 34 a
73 1855 1965 128 foreword
263 1931 75 67 by
379 1931 281 54 Cameron
697 1932 235 68 Kogers.
1007 1933 139 53 New
1189 1933 178 68 York,
1408 1933 279 56 Cameron
1727 1936 46 50 &
1813 1933 248 69 Bulkley

71 2041 13 34 [
89 2014 17 21 c
111 2012 133 49 1936
250 2042 12 33 ]

137 2081 83 40 112
245 2093 44 37 p.
344 2082 128 40 illus.
527 2082 56 40 25
587 2084 43 22 cm
633 2114 10 9 .

138 2136 383 49 Iieproductions
553 2139 51 41 of
633 2140 356 49 photographs:
1022 2151 43 38 p.
1099 2139 185 43 17-112.

67 2204 1937 57 © July 1, 1936; 2c. and aff. Oct. 5: A 98796; H. C. Gipson, New York.
146 2266 278 48 (36-22014)

69 2368 384 64 Goldwasser,
480 2370 208 55 David.

138 2446 253 52 Nelson’s
422 2447 192 65 junior
643 2447 313 53 literature.
1024 2449 96 51 8th
1152 2467 82 48 yr.
1303 2454 81 62 pt.
1417 2452 48 50 2.
1534 2451 90 65 By
1657 2450 192 52 David
69 2449 1968 128 Goldwasser.

361 2525 137 52 New
523 2525 178 65 York,
724 2528 65 50 T.
814 2527 209 52 Nelson
1046 2530 46 49 &
1113 2544 145 48 sons,
1285 2530 149 49 1936.

134 2595 1311 51 xii, [4] p., 1 l., 428 p. illus. (incl. ports.) 20 cm .
67 2647 1993 55 © Oct. 30, 1936; 2c. and aff. Oct. 31; A 100182; Thomas Nelson & sons.
67 2770 215 64 Haller,
312 2771 240 54 Martin.

198 2845 1861 74 … Ein mann sucht seine heimat; roman. Zürich, Europa
68 2926 210 68 verlag,
312 2930 148 49 1936.

138 2998 98 47 315,
268 2998 38 49 [1]
355 3008 42 38 p.
457 2998 53 39 21½cm.

67 3050 1747 54 © Mar. 12, 1936; 1c. June 3; A-Foreign 31949; Europa-verlag.
146 3111 278 48 (36-22591)

68 3212 202 65 Healy,
297 3214 271 65 William,
599 3221 172 50 1869-

137 3289 137 53 New
317 3291 147 68 light
506 3309 69 35 on
618 3291 373 70 delinquency
1032 3294 112 52 and
1185 3293 74 53 its
1300 3299 332 61 treatment;
1677 3295 203 52 results
1921 3294 65 52 of
2028 3313 30 33 a

71 3370 250 51 research
355 3368 311 55 conducted
701 3370 94 55 for
824 3372 95 52 the
950 3372 273 53 Institute
1256 3371 63 53 of
1349 3372 212 52 human
1595 3372 286 67 relations,
1914 3373 146 52 Yale

71 3444 1926 74 university, by William Healy … and Augusta F. Bronner …
74 3524 132 52 New
252 3525 221 69 Haven,
518 3526 143 54 Pub.
711 3526 93 54 for
848 3528 96 52 the
989 3527 272 54 Institute
1307 3527 63 54 of
1412 3529 213 53 human
1670 3528 270 55 relations
1986 3529 72 67 by

77 3603 135 54 Yale
245 3604 315 69 university
591 3623 175 50 press,
799 3610 149 50 1936.

140 3676 778 50 vii p., 1 l., 226 p. diagr. 23½cm.
70 3728 51 53 ©
151 3734 126 47 Sept.
304 3734 69 46 29,
401 3734 138 45 1936;
570 3734 67 41 2c.
667 3736 93 38 and
791 3735 79 40 aff.
901 3736 102 40 Oct.
1034 3737 52 46 5;
1118 3737 40 38 A
1186 3735 169 49 99180;
1386 3737 121 39 Yale
1532 3735 130 42 univ.
1690 3744 151 39 press.

147 3789 277 49 (36-22157)

70 3890 661 68 Hoffmann-Harnisch,
764 3894 335 65 Wolfgang,
1136 3901 171 49 1893-

195 3967 1861 71 … Lord Clive, abenteuer eines lebens, roman. Berlin, Drei
69 4043 602 71 masken verlag a. g. [c1936]
