2519 4377
1270 4102 101 52 740

385 420 85 53 De
524 416 425 70 expugnatione
998 415 380 71 Lyxbonensi.
1486 418 122 54 The
1660 425 269 62 conquest
1978 419 63 53 of
2093 418 229 56 Lisbon.

315 495 213 54 Edited
561 495 154 53 from
746 495 95 54 the
872 496 209 67 unique
1111 494 359 70 manuscript
1495 497 64 54 in
1589 496 225 69 Corpus
1845 495 220 57 Christi
2098 497 228 69 college,

315 574 367 69 Cambridge,
703 574 142 54 with
868 593 32 35 a
922 574 343 54 translation
1288 575 123 53 into
1432 574 248 70 English
1704 575 75 69 by
1801 574 239 56 Charles
2062 575 263 55 Wendell

316 652 1779 70 David … New York, Columbia university press, 1936.
383 725 1942 52 x p., 2 l., [3]-201 p. front. (facsim.) maps. 23½cm. (Half-title:
319 785 211 41 Records
555 785 52 43 of
629 784 315 50 civilization,
970 796 197 31 sources
1191 786 97 40 and
1312 785 202 48 studies,
1539 786 73 41 ed.
1636 786 155 41 under
1815 786 82 41 the
1921 786 224 49 auspices
2170 786 51 41 of
2246 788 81 40 the

319 841 1405 51 Dept. of history, Columbia university … no. XXIV)
373 896 286 50 Previously
676 899 160 40 edited
858 900 152 39 under
1029 900 80 40 the
1128 909 141 30 name
1286 899 52 41 of
1356 898 247 41 Osbernus
1620 909 55 30 as
1693 899 239 47 supposed
1951 899 193 46 author,
2163 909 59 30 on
2242 899 83 44 the

316 956 254 42 uncertain
595 956 378 49 interpretation
998 956 52 42 of
1074 957 83 41 the
1180 956 315 42 abbreviated
1521 955 165 43 initial
1708 955 97 43 line
1828 956 52 42 of
1904 956 83 43 the
2010 955 315 51 manuscript.

390 1016 264 42 “Previous
681 1015 239 43 editions”:
980 1027 42 39 p.
1049 1016 71 41 48.
1178 1015 443 51 “Bibliographical
1651 1015 170 43 note”:
1850 1028 44 38 p.
1922 1016 161 41 48-51.

317 1070 2010 53 © May 9, 1936; 2c. May 11; aff. May 13; A 95257; Columbia univ. press.
397 1131 282 48 (36-12105)

316 1232 216 66 Deans,
561 1231 208 66 Agnes
793 1232 310 64 Gardiner,
1134 1235 170 54 1871-

388 1310 121 52 The
545 1309 223 69 history
805 1308 64 54 of
906 1309 96 54 the
1040 1310 263 53 Farrand
1346 1309 259 71 training
1642 1309 190 55 school
1873 1308 93 55 for
2003 1327 216 49 nurses,
2256 1309 74 69 by

315 1388 198 71 Agnes
543 1389 69 55 G.
644 1391 192 52 Deans
868 1391 113 54 and
1015 1390 167 54 Anne
1214 1391 65 52 L.
1311 1389 242 68 Austin;
1591 1389 285 55 foreword
1908 1390 78 69 by
2017 1389 192 55 Annie
2240 1389 91 55 W.

315 1468 1993 135 Goodrich … Detroit, Mich., Alumnae association of the Farrand
491 1549 261 71 training
782 1551 191 53 school
1007 1550 94 54 for
1131 1570 214 50 nurses,
1380 1554 151 50 1936.

387 1626 1775 51 xii p., 2 l., 236 p. incl. front., illus. (incl. ports., facsims.) 21 cm .
385 1683 291 41 Illustrated
709 1682 365 51 lining-papers.

388 1739 165 43 “First
575 1739 231 43 edition.”

390 1797 205 41 “Roster
627 1797 54 41 of
709 1796 326 51 graduates”:
1068 1809 43 38 p.
1144 1798 219 43 193-213.

389 1853 264 42 “Sources”:
715 1866 43 37 p.
793 1854 249 52 [215]-216.

320 1906 2012 54 © June 1, 1936; 2c. June 8; aff. June 6; A 94795; Alumnae assn, of
391 1969 81 40 the
501 1968 225 41 Farrand
756 1969 219 49 training
1002 1970 162 40 school
1192 1970 79 39 for
1299 1980 186 31 nurses.
1551 1970 281 49 (36-12508)

318 2056 282 67 Douglas,
625 2057 257 56 William
908 2058 230 54 Archer
1163 2058 224 63 Sholto,
1416 2065 172 51 1886-

391 2133 339 56 Racketeers
768 2134 65 56 of
869 2137 259 67 Europe;
1170 2156 33 33 a
1241 2136 259 68 political
1538 2137 346 70 travelogue,
1921 2139 74 68 by
2032 2140 89 52 W.
2163 2139 66 53 A.
2272 2139 56 54 S.

317 2212 277 71 Douglas.
672 2214 139 54 New
852 2215 180 69 York,
1071 2215 379 71 Harrisburg,
1488 2219 121 66 Pa.,
1646 2218 122 54 The
1808 2217 321 70 Telegraph
2176 2237 154 49 press

341 2298 178 64 [ c 1936]
392 2366 630 50 4 p. l., 11-169 p. 20cm.
319 2421 54 54 ©
403 2427 128 40 June
564 2426 68 47 10,
666 2425 141 48 1936;
840 2426 67 41 2c.
940 2428 96 40 and
1067 2427 82 41 aff.
1182 2428 126 40 June
1340 2428 82 46 13;
1458 2429 40 39 A
1529 2429 172 48 95685;
1735 2429 271 48 Telegraph
2039 2441 150 38 press.

404 2483 283 47 (36-12518)

319 2572 370 66 Dunninger,
717 2574 240 64 Joseph.

391 2651 149 52 How
572 2656 59 48 to
662 2651 166 54 make
860 2671 30 33 a
922 2652 167 67 ghost
1122 2652 177 67 walk;
1334 2653 203 68 simple
1570 2650 310 57 directions
1910 2656 94 54 for
2035 2656 231 68 staging
2299 2676 31 33 a

320 2746 211 49 seance,
558 2729 74 67 by
662 2730 217 66 Joseph
908 2731 371 67 Dunninger;
1311 2732 140 52 with
1482 2732 290 68 drawings
1800 2734 75 67 by
1904 2736 259 51 Herman
319 2738 1987 121 Bernar

457 2807 253 67 Temple.
787 2808 139 53 New
963 2809 180 66 York,
1179 2811 70 51 D.
1288 2811 189 67 Kemp
1514 2813 50 50 &
1599 2830 281 49 company
2103 2846 11 34 [c1936]

391 2879 101 50 viii,
519 2881 54 41 82
603 2892 42 38 p.
706 2880 127 42 illus.
892 2881 147 42 22½cm.

321 2933 54 53 ©
405 2939 113 47 May
547 2938 70 47 15,
646 2937 142 48 1936;
819 2938 68 42 2c.
918 2940 113 47 May
1062 2940 81 46 18;
1176 2939 81 40 aff.
1289 2941 126 42 June
1444 2941 53 47 3;
1531 2942 41 38 A
1600 2941 172 48 95538;
1808 2943 43 40 J.
1884 2942 299 49 Dunninger,
2215 2945 117 39 New

392 2995 145 42 York.
605 2995 282 47 (36-12380)

320 3082 231 66 Eberle,
578 3083 204 55 Edith.

391 3158 257 54 Macklin
695 3160 65 53 of
803 3161 292 70 Nanking,
1140 3163 75 68 by
1260 3163 182 54 Edith
1486 3163 234 70 Eberle;
1767 3165 254 55 sketches
2064 3167 74 69 by
2182 3169 146 53 Rose

321 3237 252 69 Wright.
651 3238 84 56 St.
767 3239 192 68 Louis,
990 3242 134 66 Mo.,
1155 3243 121 51 The
1309 3243 265 67 Bethany
1605 3262 156 49 press
1799 3278 12 34 [
1816 3251 17 21 c
1841 3249 133 50 1936]

393 3310 85 42 173
512 3322 42 38 p.
616 3312 131 42 illus.
807 3312 117 44 20cm.

322 3364 53 54 ©
405 3371 114 47 May
549 3371 39 48 7,
622 3371 141 46 1936;
797 3371 66 41 2c.
894 3373 96 39 and
1022 3372 82 41 aff.
1136 3373 114 48 May
1280 3374 81 46 11;
1395 3374 40 39 A
1465 3374 172 48 95104;
1671 3377 191 40 Bethany
1926 3387 151 38 press.

401 3424 283 49 (36-12299)

322 3514 412 66 Enciclopedia
782 3516 239 56 italiana
1070 3519 59 54 di
1177 3519 232 61 scienze,
1456 3521 198 54 lettere
1702 3522 68 53 ed
1820 3521 129 69 arti,
1999 3521 332 69 pubblicata

391 3598 147 50 sotto
576 3595 159 53 l’alto
773 3601 306 63 patronato
1120 3598 59 53 di
1215 3617 40 35 s.
1295 3619 71 33 m.
1407 3600 43 53 il
1490 3601 82 51 Re
1609 3599 250 55 d’ltalia.
2119 3646 10 10 [XXIX.
391 3604 1938 136 Reh-Romani]

736 3676 201 64 Roma,
982 3675 234 56 Istitvto
1263 3677 147 53 della
1460 3677 404 68 Enciclopedia
1914 3680 240 53 italiana
391 3681 1912 123 fondata

555 3752 74 52 da
656 3751 289 54 Giovanni
973 3754 290 67 Treccani,
1294 3759 149 50 1936.

393 3834 77 38 xv,
496 3823 88 41 950
604 3836 42 37 p.
701 3824 144 48 illus.,
871 3827 156 46 plates
1057 3826 134 49 (part
1218 3828 100 47 col.,
1344 3831 110 45 part
1480 3829 143 48 fold.)
1659 3832 164 45 ports.,
1850 3840 137 38 maps
2015 3829 135 51 (part
2177 3832 143 48 fold.)

319 3879 232 50 facsims.,
585 3879 181 50 diagrs.
825 3883 148 41 31½cm.

321 3932 1989 110 © Apr. 20, 1936; 1c. May 26; A-Foreign 31948; Istituto dell’Enciclopedia
557 3994 207 40 italiana
789 3994 205 42 fondata
1019 3996 60 41 da
1106 3996 238 41 Giovanni
1369 3997 247 41 Treccani.
