2519 4377
990 4107 131 48 1291

79 464 171 65 Mills,
276 465 79 52 Le
380 465 127 63 Roy
530 464 271 63 Newton,
829 469 169 49 1883-

148 539 256 69 Kicking
440 540 94 52 the
574 539 306 52 American
921 538 261 69 football,
1224 539 76 69 by
1337 539 185 69 Leroy
1564 539 69 52 N.
1676 539 188 68 Mills;
81 536 1961 133 illustrated
292 616 138 52 with

456 616 393 68 photographs
875 616 172 68 posed
1074 616 289 68 expressly
1391 615 93 54 for
1511 616 114 54 this
1651 616 163 53 book.
1877 617 73 52 2d
1981 617 83 52 ed.

82 691 1707 69 rev. and enl. New York, G. P. Putnam’s sons [ c 1936]
147 764 1576 50 8 p. l., 13-182 p., 1 l. front. (port.) plates, diagrs. 19 cm .
77 831 51 53 ©
162 836 117 47 Aug.
313 835 70 48 28,
417 834 139 49 1936;
590 836 68 39 2c.
690 836 121 46 Aug.
844 836 83 46 31;
963 834 81 41 aff.
1085 836 126 47 Sept.
1247 836 52 47 1;
1337 836 41 39 A
1412 835 170 49 97609;
1620 837 51 40 L.
1706 837 55 39 N.
1798 836 146 48 Mills,
1982 838 85 38 Mt.

146 892 204 41 Vernon,
382 893 54 39 N.
469 893 53 38 Y.
584 891 280 49 [Copyright
895 891 42 38 is
970 891 205 39 claimed
1207 902 60 29 on
1297 902 106 29 new
1436 892 342 49 introduction,
1813 892 255 48 appendix,

146 948 127 39 rules
305 948 96 39 and
433 947 127 41 brief
591 957 248 38 summary
872 948 52 39 of
955 947 269 41 additional
1258 947 317 41 information
1611 948 147 42 about
1790 948 222 50 football]

156 1005 279 49 (36-20106)

74 1105 295 54 Missouri.
446 1106 447 53 Constitutional
920 1107 352 67 convention,
1301 1108 148 52 1875.

143 1185 242 51 Debates
422 1185 62 51 of
520 1185 94 52 the
649 1186 269 51 Missouri
959 1183 446 55 Constitutional
1442 1186 335 51 convention
1815 1185 63 52 of
1917 1185 151 68 1875,

74 1260 1968 146 edited by Isidor Loeb … and Floyd C. Shoemaker … Volume 3. Columbia, Mo.,
887 1339 120 52 The
1048 1338 160 54 State
1245 1340 294 52 historical
1579 1340 208 67 society
1827 1340 63 53 of
73 1340 1970 141 Missouri,
276 1419 147 50 1936.

141 1489 88 39 464
258 1499 42 36 p.
359 1488 54 39 23½
447 1490 43 21 cm
496 1521 7 8 .

75 1553 1992 53 © Sept. 16, 1936; 2c. and aff. Sept. 28; A 90033; State historical soc.
143 1614 53 40 of
221 1614 242 41 Missouri.

71 1715 584 65 Müller-Freienfels,
685 1715 275 66 Richard,
993 1722 170 50 1882-

144 1792 377 70 Psychologie
568 1793 101 52 der
716 1792 413 69 Wissenschaft,
1178 1811 110 34 von
1339 1792 290 69 professor
1678 1793 83 53 dr.
1814 1790 254 54 Richard

74 1869 1569 72 Miiller-Freienfels … Leipzig, J. A. Barth, 1936.
146 1944 57 48 vi,
239 1944 84 41 254
356 1955 42 37 p.
462 1944 151 48 diagr.
677 1945 59 41 20½
766 1949 43 20 cm
814 1978 10 9 .

145 2001 355 40 “Literarische
528 2001 301 40 nachweise”
861 2004 51 39 at
942 2002 91 40 end
1064 2002 51 39 of
1143 2002 119 39 each
1291 2002 215 48 chapter.

74 2054 1993 53 © Feb. 18, 1936; 1c. June 3; A-Foreign 32058; Johann Ambrosius
145 2115 168 39 Barth.
377 2114 279 49 (36-20207)

71 2216 259 65 Nesbitt,
359 2217 189 55 Lewis
577 2217 287 65 Mariano,
896 2223 323 51 1891-1935.

144 2291 150 55 Gold
344 2292 174 70 fever,
563 2293 75 69 by
688 2294 64 53 L.
802 2294 80 53 M.
931 2293 254 68 Nesbitt;
1239 2293 140 53 with
1429 2312 72 34 an
1550 2292 388 53 introduction
1988 2292 75 69 by

75 2367 256 55 William
364 2370 244 53 Plomer.
677 2371 258 67 London,
971 2371 57 54 J.
1066 2370 157 69 Cape
1283 2373 152 65 [1936]

144 2441 98 53 251,
269 2443 55 49 [1]
349 2453 42 37 p.
419 2442 107 40 incl.
552 2443 149 44 front,
736 2444 170 48 (port.)
974 2443 146 41 20½cm.

74 2495 1994 54 © 1c. Aug. 29, 1936; A ad int. 21820; pubd. July 3; Harcourt, Brace
141 2556 36 40 &
205 2566 80 39 co.,
315 2556 105 49 inc.,
452 2558 116 39 New
595 2558 145 39 York.
809 2556 280 50 (36-20989)

132 2659 1932 146 … The New York red book, 1936, containing up-to-date information on the state government, portraits and biographies
140 2814 61 52 of
230 2815 94 51 the
353 2819 142 48 state
524 2815 243 66 officials,
798 2820 143 48 state
973 2817 111 51 and
1112 2815 258 53 national
1401 2815 235 52 election
1667 2816 225 67 figures,
139 2834 1898 111 population
388 2892 62 54 of
481 2892 215 68 nation,
727 2897 187 63 states,
946 2893 156 54 cities
1134 2894 111 53 and
1276 2894 256 67 villages,
1562 2893 354 68 Republican
1949 2893 113 53 and

140 2970 356 52 Democratic
524 2975 145 47 state
699 2971 343 53 committees
1074 2972 111 51 and
1216 2971 314 67 important
1560 2971 132 53 bills
1722 2970 197 68 signed
1950 2972 112 52 and

140 3048 195 52 vetoed
367 3048 73 65 by
473 3049 97 51 the
600 3067 296 48 governor,
930 3050 111 51 and
1074 3067 280 34 measures
1389 3049 264 53 defeated
1686 3050 74 66 by
1792 3050 95 51 the
140 3050 1898 127 Legislature.
464 3125 211 52 Edited
725 3127 74 65 by
846 3127 202 52 Mason
1098 3127 60 54 C.
1209 3126 304 53 Hutchins.
1589 3127 248 67 Albany,
1886 3129 55 53 J.
1994 3130 67 50 B.

138 3203 160 63 Lyon
326 3220 294 48 company,
652 3206 148 49 1936.

141 3273 82 40 655
253 3283 43 38 p.
357 3273 162 47 front.,
551 3273 128 41 illus.
709 3274 184 50 (maps)
935 3275 162 48 ports.,
1132 3274 179 49 diagrs.
1372 3276 57 39 24
1431 3278 44 21 cm
1479 3306 8 8 .

139 3330 62 39 At
231 3330 124 39 head
386 3330 51 39 of
467 3330 134 40 title:
632 3331 75 38 An
738 3330 280 40 illustrated
1050 3331 129 40 state
1208 3332 211 40 manual.

71 3381 52 52 ©
156 3385 127 48 Sept.
312 3385 69 50 23,
415 3385 139 48 1936;
591 3386 67 40 2c.
696 3387 127 47 Sept.
855 3386 83 48 28;
975 3386 80 40 aff.
1094 3387 127 47 Sept.
1254 3387 83 48 25;
1374 3388 40 38 A
1446 3386 171 49 99020;
1655 3388 43 39 J.
1734 3389 53 37 B.
1823 3387 135 47 Lyon
1993 3396 68 31 co.

69 3500 224 64 Nol'de,
317 3503 170 55 Borīs
567 3503 475 65 Ėmmanuīlovīch,
1107 3522 155 45 baron,
1290 3504 172 56 1876-

69 3580 1965 148 … Die Petersburger mission Bismarcks, 1859-1862; Russland und Europa zu beginn der regierung
1426 3659 327 53 Alexander
1834 3701 9 9 II.
69 3659 1964 142 Einzige
237 3754 127 34 vom
412 3736 281 53 Verfasser
740 3737 358 68 genehmigte
1143 3738 117 51 und
1310 3737 452 68 durchgesehene
67 3737 1968 143 Übersetzung

250 3813 98 53 der
382 3815 79 51 im
496 3813 162 69 jahre
696 3817 134 49 1924
864 3815 59 52 in
958 3815 156 67 Prag
1149 3813 394 54 erschienenen
1578 3814 316 53 russischen
1932 3832 122 35 aus-

69 3889 1989 72 gabe, von dr. jur. Bernhard Schulze … Leipzig, R. Lamm,
69 3968 146 51 1936.

138 4038 97 48 viii,
257 4039 84 39 214
361 4050 43 38 p.
463 4038 56 41 23
523 4042 43 21 cm
571 4072 8 9 .
