2519 4377
1006 4089 134 54 1297

80 449 243 64 Abbott,
349 450 213 52 Maude
589 449 308 52 Elizabeth
924 449 305 65 Seymour,
1257 454 170 50 1869-

152 522 1856 70 Atlas of congenital cardiac disease, by Maude E. Abbott …
83 601 137 53 New
253 601 176 65 York,
461 602 66 51 N.
564 602 90 66 Y.,
684 602 121 52 The
836 599 304 55 American
1170 602 166 52 heart
1364 600 355 67 association,
1751 603 149 50 1936.

149 670 1494 51 x, 62 p. incl. front. (5 port.) illus., diagrs. 35½ × 28 cm .
151 727 223 40 Includes
408 726 390 49 bibliographies.

81 781 53 53 ©
158 787 119 46 Aug.
304 786 69 47 26,
400 785 139 47 1936;
568 786 67 40 2c.
664 786 95 39 and
787 786 81 40 aff.
896 787 118 46 Aug.
1043 786 82 46 29;
1155 786 41 39 A
1222 786 169 47 97606;
1421 788 62 39 M.
1512 788 53 39 E.
1593 786 192 47 Abbott,
1815 787 256 40 Montreal.

161 842 278 49 (36-20397)

77 931 272 54 Arizona.
423 933 277 66 Supreme
726 938 174 48 court.

148 1010 1924 68 Report of cases argued and determined … from January 22,
80 1090 150 63 1934,
259 1090 57 49 to
344 1089 151 53 June
526 1094 46 59 5,
604 1091 148 49 1934.
827 1088 167 53 Pearl
1025 1090 76 51 H.
1136 1087 229 67 Collier,
1396 1094 270 61 reporter,
1735 1089 221 52 volume
1988 1093 81 48 43.

80 1163 115 55 San
223 1165 319 66 Francisco,
570 1165 581 67 Bancroft-Whitney
1178 1183 295 49 company,
1504 1169 149 50 1936.

149 1235 149 47 xxvii,
328 1237 83 40 615
440 1248 43 36 p.
541 1237 54 40 23
599 1240 43 20 cm
648 1267 7 9 .

82 1288 53 53 ©
164 1293 126 47 Sept.
318 1293 69 47 25,
415 1294 114 40 1936;
586 1294 66 40 2c.
681 1293 95 39 and
805 1293 81 41 aff.
916 1293 101 41 Oct.
1045 1294 25 40 3;
1128 1294 40 38 A
1195 1292 145 42 99127;
1398 1293 140 41 Pearl
1570 1294 60 40 H.
1661 1292 191 50 Collier,
1882 1293 79 41 for
1990 1295 83 40 the

150 1349 175 40 benefit
364 1350 52 37 of
454 1350 83 39 the
575 1351 129 38 state
743 1350 51 38 of
833 1349 223 48 Arizona,
1098 1349 231 48 Phoenix,
1368 1349 126 40 Ariz.

77 1436 240 66 Bayley,
345 1439 144 53 Paul
519 1439 247 61 Levern,
798 1444 170 50 1890-

150 1514 95 53 An
293 1516 289 52 advanced
629 1533 193 35 course
870 1515 60 52 in
976 1516 228 68 general
1251 1514 214 70 college
1509 1515 246 69 physics,
1802 1515 75 69 by
1925 1516 145 51 Paul

80 1592 1993 70 Leverne Bayley … and Charles Clarence Bidwell … New
80 1672 179 67 York,
293 1673 120 53 The
447 1671 334 55 Macmillan
818 1690 296 52 company,
1155 1676 149 50 1936.

151 1756 76 38 xv,
257 1747 88 39 340
370 1756 42 37 p.
470 1746 142 49 illus.,
643 1746 180 49 diagrs.
879 1747 61 39 22½
969 1750 44 21 cm
1018 1779 9 9 .

81 1798 53 53 ©
174 1803 127 47 Sept.
340 1804 67 47 15,
447 1803 139 46 1936;
628 1804 68 39 2c.
736 1804 96 38 and
869 1803 81 41 aff.
992 1804 127 47 Sept.
1159 1804 81 47 16;
1281 1805 40 38 A
1359 1804 171 48 97851;
1571 1804 51 39 P.
1662 1805 50 40 L.
1752 1805 185 47 Bayley
1976 1805 97 40 and

149 1859 201 41 Charles
385 1860 230 40 Clarence
648 1860 219 48 Bidwell,
902 1860 297 49 Bethlehem,
1235 1862 82 39 Pa.
1381 1860 282 50 [Copyright
1696 1861 42 39 is
1772 1861 206 40 claimed
2014 1872 59 29 on

149 1926 105 29 new
286 1916 239 48 material]
600 1916 259 49 (36-20202
867 1918 13 47 )

77 1990 248 64 Bender,
350 1991 202 54 James
577 1992 63 56 F.

153 2066 213 69 Speech
393 2068 310 53 correction
729 2069 249 67 manual,
1004 2068 333 68 containing
1359 2068 101 55 317
1487 2068 273 68 practical
1787 2070 165 53 drills
1980 2069 93 53 for

81 2145 1988 69 speech and voice improvement, by James F. Bender … and
80 2222 1967 147 Victor M. Kleinfeld … New York, Farrar & Rinehart, incorporated [ c 1936]
147 2372 96 47 xiv,
274 2374 86 40 266
387 2385 42 37 p.
490 2375 125 39 illus.
676 2374 56 41 23
735 2377 44 21 cm
782 2405 9 9 .

81 2426 53 52 ©
160 2431 126 47 Sept.
311 2431 68 47 10,
405 2430 112 40 1936;
573 2430 66 40 2c.
671 2431 127 47 Sept.
823 2431 55 39 12;
936 2431 80 42 aff.
1046 2431 128 48 Sept.
1201 2430 53 41 11;
1310 2432 40 38 A
1373 2430 148 42 97768;
1575 2432 43 40 J.
1646 2432 51 41 F.
1724 2431 204 49 Bender,
1954 2432 119 41 New

149 2487 143 47 York,
320 2487 95 39 and
443 2487 165 40 Victor
638 2489 61 38 M.
729 2487 263 48 Kleinfeld,
1022 2488 230 47 Arverne,
1281 2489 55 38 N.
1366 2489 54 39 Y.
1488 2487 281 50 (36-20354)

79 2561 120 52 The
225 2562 143 52 Best
399 2562 163 66 plays
590 2562 63 51 of
686 2566 237 48 1935-36
954 2563 110 52 and
1093 2563 95 51 the
1217 2564 153 51 Year
1397 2563 146 52 book
1572 2563 62 52 of
1661 2565 94 51 the
1784 2565 199 51 drama
2013 2563 59 51 in

146 2639 282 66 America,
490 2639 188 53 edited
740 2640 74 66 by
877 2642 189 50 Burns
1126 2641 234 51 Mantle.
1452 2640 162 54 With
1675 2641 395 53 illustrations.

147 2716 138 52 New
321 2717 177 64 York,
532 2717 191 66 Dodd,
756 2718 170 52 Mead
962 2718 111 51 and
1110 2735 296 49 company,
1444 2721 150 50 1936.

148 2788 87 38 viii
261 2798 57 39 p.,
347 2788 25 39 2
436 2820 8 16 l.,
473 2789 142 40 3-561
644 2799 45 37 p.
742 2788 162 48 front.,
934 2789 172 47 plates.
1162 2789 56 39 21
1221 2792 45 21 cm
1270 2821 9 9 .

81 2840 55 53 ©
163 2845 101 41 Oct.
293 2847 36 44 7,
357 2844 140 48 1936;
528 2845 67 40 2c.
624 2845 102 40 Oct.
752 2844 53 48 9;
835 2845 81 41 aff.
946 2845 101 41 Oct.
1075 2846 81 46 10;
1186 2845 42 40 A
1253 2845 169 47 98857;
1454 2845 153 49 Dodd,
1637 2846 143 39 Mead
1808 2846 36 40 &
1870 2856 81 37 co.,
1980 2846 91 41 inc.

79 2963 248 65 Borden,
354 2963 256 55 Richard
639 2965 274 63 Carman,
943 2969 170 50 1900-

150 3039 1922 69 Borden and Busse on how to sell … by Richard C. Borden
81 3117 1986 70 and Alvin C. Busse … [New York] Harper & brothers [ c 1936]
178 3192 485 48 1 p. l., 34 p. 20 cm .
155 3248 1917 50 “A supplement to … How to win a sales argument [by Richard C.
83 3304 190 40 Borden
302 3305 95 39 and
424 3304 144 40 Alvin
597 3306 49 40 C.
677 3306 168 48 Busse]
878 3305 95 39 and
1001 3304 168 40 Public
1197 3304 235 49 speaking
1460 3315 54 29 as
1543 3305 228 40 listeners
1803 3305 93 40 like
1925 3303 40 42 it
1999 3304 74 50 [by

82 3360 213 39 Richard
331 3362 48 40 C.
414 3360 574 49 Borden]”—Foreword.

83 3412 53 53 ©
168 3418 118 46 Aug.
320 3419 68 40 17.
423 3417 116 41 1936;
598 3417 67 40 2c.
702 3419 116 46 Aug.
856 3419 54 39 17;
974 3418 81 40 aff.
1091 3417 119 48 Aug.
1246 3416 54 41 19;
1364 3417 41 39 A
1439 3416 144 41 96994;
1647 3416 193 49 Harper
1876 3418 35 40 &
1945 3417 127 40 bros.

163 3473 277 48 (36-20374)

79 3548 126 63 Boy
226 3553 201 50 scouts
450 3551 63 51 of
537 3551 293 55 America.

150 3624 216 55 Official
403 3632 190 60 report
630 3627 63 52 of
728 3628 94 52 the
857 3628 153 52 sixth
1045 3627 272 53 National
1351 3625 256 69 training
1642 3627 327 52 conference
2008 3626 63 50 of

79 3708 157 47 scout
267 3702 312 54 executives
611 3704 63 51 of
706 3705 95 52 the
833 3707 125 64 Boy
990 3709 182 48 scouts
1205 3705 62 52 of
1299 3704 281 68 America,
1609 3704 181 52 under
1820 3705 94 51 the
81 3722 1966 121 auspices
258 3780 62 51 of
351 3799 29 32 a
408 3780 318 54 committee
755 3783 63 51 of
845 3782 330 67 executives,
1204 3783 139 51 with
1371 3783 96 50 the
1495 3780 361 68 cooperation
1885 3781 63 52 of
1976 3782 95 50 the

80 3856 354 54 educational
459 3859 225 52 service.
782 3860 222 51 French
1030 3859 142 52 Lick
1200 3859 244 67 Springs
1468 3858 173 67 hotel,
1665 3859 222 52 French
1912 3858 160 61 Lick,

81 3931 262 67 Indiana,
370 3935 199 51 March
603 3939 186 62 11-18,
820 3939 148 50 1936.
1044 3937 139 52 New
1212 3937 180 68 York,
1421 3937 69 54 N.
1521 3938 91 66 Y.,
1640 3937 126 67 Boy
1794 3942 186 47 scouts
2010 3936 62 52 of

80 4009 279 66 America,
387 4018 17 20 c
410 4015 148 50 1936.
