2519 4377
1031 4139 100 51 919

95 463 233 53 Florida
372 464 201 65 digest,
620 466 133 50 1846
797 467 58 48 to
900 463 157 65 date;
1108 461 265 67 covering
1420 460 237 54 Florida
1702 466 221 62 reports
1970 461 113 53 and

167 541 282 55 Southern
486 546 273 60 reporter,
796 558 59 34 as
893 540 126 51 well
1060 558 58 33 as
1154 539 237 52 Florida
1430 556 152 35 cases
1619 538 232 53 decided
1889 538 59 52 in
1987 540 96 51 the

163 618 219 53 federal
412 617 242 53 District
687 618 111 52 and
830 618 219 54 Circuit
1079 621 204 62 courts,
1316 616 219 55 Circuit
1564 620 160 50 court
1754 616 63 52 of
1850 617 233 66 appeals

164 697 110 52 and
305 695 273 66 Supreme
607 703 162 46 court
796 695 62 51 of
888 696 93 51 the
1010 694 212 55 United
1256 694 186 54 States
1477 736 55 9 ...
1566 693 139 53 with
1736 697 228 48 current
162 711 1895 114 cumulative

476 772 200 66 pocket
718 772 225 53 service.
1020 772 241 54 Volume
1304 775 46 49 5.
1396 770 523 67 Crops-Evidence.
2000 772 82 55 St.

162 848 1257 68 Paul, Minn., West publishing co. [ c 1936]
161 922 99 49 viii,
288 922 87 41 639
396 932 41 39 p.
494 922 59 40 26
552 924 44 21 cm
601 954 7 8 .

94 989 52 53 ©
183 994 125 39 June
341 992 69 47 25,
449 991 138 44 1936;
626 991 68 41 2c.
733 991 115 47 July
886 992 81 44 13;
1009 991 81 41 aff.
1129 991 114 47 July
1282 991 81 46 15;
1405 992 41 38 A
1481 989 171 49 96483;
1694 991 134 40 West
1866 991 109 47 pub.
2015 1001 69 31 co.

94 1111 213 63 Frank,
333 1110 328 63 Leonhard,
692 1114 169 50 1882-

170 1230 55 10 ...
274 1185 539 69 Traumgefährten,
857 1201 212 35 roman.
1162 1183 381 69 Amsterdam,
1590 1181 252 63 Querido
1887 1183 199 69 verlag

94 1283 49 33 n.
179 1283 69 46 v.,
281 1265 148 51 1936.

163 1333 83 40 291
276 1344 42 37 p.
411 1333 26 40 19½cm.

164 1390 282 41 “Leonhard
477 1388 208 47 Frank”,
716 1401 43 37 p.
789 1388 215 50 290-291,
1038 1390 167 47 signed;
1266 1389 170 40 Alfred
1469 1390 190 46 Polgar.

94 1452 1991 53 © Mar. 26, 1936; 1c. Apr. 22; A-Foreign 31469; Querido verlag.
172 1511 277 49 (36-15605)

92 1618 283 63 Gardner,
400 1616 187 54 Anne.

161 1692 195 69 Along
387 1710 152 35 came
570 1708 279 49 romance,
880 1692 73 67 by
985 1690 167 52 Anne
1184 1690 278 55 Gardner.
1530 1690 139 54 New
1702 1690 180 67 York,
1915 1691 57 54 J.
2007 1691 75 53 H.

93 1769 850 69 Hopkins & son, inc. [ c 1936]
159 1843 86 41 254
277 1854 44 39 p.
381 1843 56 40 19½
468 1844 44 22 cm
516 1875 9 9 .

92 1897 52 53 ©
170 1901 115 47 July
310 1901 68 47 15,
406 1900 112 40 1936;
574 1900 66 40 2c.
671 1899 95 39 and
794 1900 81 39 aff.
904 1900 114 46 July
1045 1900 54 40 17;
1156 1900 41 38 A
1223 1899 170 46 97058;
1423 1898 128 40 John
1580 1899 59 40 H.
1668 1898 223 48 Hopkins
1919 1900 36 40 &
1984 1909 98 38 son,

161 1957 89 41 inc.
318 1957 278 48 (36-15376)

92 2060 241 64 Gérard,
362 2059 262 55 Francis.

161 2136 252 52 Number
443 2138 187 65 1-2-3,
658 2134 74 69 by
761 2133 236 54 Francis
1028 2134 238 55 Gerard.
1332 2133 258 67 London,
1618 2133 143 53 Rich
1795 2136 46 51 &
1870 2133 208 56 Cowan

92 2213 220 54 limited
344 2215 171 67 [1936]

159 2285 624 52 3 p. l., [5]-301 p. 19 cm .
92 2340 1992 53 © 1c. July 6, 1936; A ad int. 21612; pubd. May 15; F. Gérard, Ard
160 2400 141 49 leigh,
329 2402 166 45 Essex,
524 2399 236 48 England.
827 2399 278 50 (36-16198)

92 2503 202 65 Gould,
321 2503 220 53 Robert
569 2503 207 63 Freke,
806 2508 323 49 1836-1915.

163 2579 235 54 Gould’s
438 2579 222 68 history
700 2578 63 54 of
804 2577 389 70 freemasonry
1232 2579 355 68 throughout
1625 2578 95 54 the
1762 2579 199 67 world,
93 2596 1967 114 revised
280 2657 75 68 by

389 2657 228 68 Dudley
649 2656 236 68 Wright
922 2699 57 10 ...
1051 2657 141 53 This
1226 2656 215 54 edition
1473 2656 59 53 in
1566 2656 88 53 six
1687 2657 251 53 volumes
91 2675 1968 112 embraces
305 2740 101 48 not
428 2735 134 67 only

589 2753 71 33 an
685 2733 405 69 investigation
1116 2734 63 54 of
1204 2734 224 54 records
1454 2734 64 52 of
1541 2735 97 52 the
1661 2734 422 68 organizations

92 2811 63 53 of
194 2813 95 52 the
328 2811 311 69 fraternity
677 2812 63 52 in
775 2811 290 69 England,
1106 2811 291 68 Scotland,
1434 2812 252 67 Ireland,
1723 2812 97 54 the
1858 2812 225 53 British

92 2889 257 69 colonies,
373 2890 248 69 Europe,
643 2889 159 69 Asia,
826 2888 206 55 Africa
1057 2890 110 53 and
1193 2889 183 56 South
1399 2888 283 68 America,
1704 2890 104 53 but
1828 2890 254 54 includes

93 2968 317 53 additional
443 2968 261 53 material
738 2967 302 69 especially
1074 2968 278 68 prepared
1388 2987 71 35 on
1492 2968 250 69 Europe,
1775 2968 159 68 Asia,
1970 2970 112 52 and

93 3046 223 67 Africa,
360 3047 116 52 also
522 3045 413 54 contributions
979 3046 75 67 by
1099 3044 419 69 distinguished
1562 3046 273 53 members
1880 3046 63 53 of
1987 3048 95 52 the

94 3123 308 69 fraternity
439 3121 266 71 covering
739 3124 135 53 each
911 3123 62 54 of
1007 3124 96 53 the
1139 3122 345 70 forty-eight
1517 3128 189 63 states,
1739 3123 245 55 District
2019 3125 62 52 of

91 3201 298 55 Columbia
416 3201 110 52 and
550 3201 94 53 the
664 3204 340 65 possessions
1023 3201 63 53 of
1103 3201 94 52 the
1215 3201 216 54 United
1452 3200 205 69 States,
1673 3202 96 52 the
1787 3202 295 68 provinces

91 3278 63 53 of
179 3278 232 55 Canada
437 3279 111 52 and
571 3279 96 52 the
691 3279 280 53 countries
996 3278 61 54 of
1081 3279 172 53 Latin
1280 3279 263 53 America
1566 3280 182 52 under
1770 3282 95 51 the
94 3298 1964 112 supervision
301 3356 62 54 of
389 3356 216 53 Melvin
631 3357 80 52 M.
739 3357 257 54 Johnson
1030 3400 55 10 ...
1116 3358 111 53 and
1254 3358 55 53 J.
1336 3357 255 54 Edward
1617 3357 171 53 Allen
1821 3400 56 11 ...
1941 3359 140 53 New

95 3434 176 65 York,
300 3434 63 55 C.
395 3433 311 56 Scribner’s
733 3452 128 36 sons
894 3467 12 34 [
912 3441 18 22 c
934 3438 152 63 1936]

162 3506 28 42 6
269 3539 9 9 v.
336 3507 175 42 fronts.
541 3507 48 49 (2
637 3508 110 49 col.)
805 3508 141 48 illus.,
993 3508 156 50 plates
1179 3508 134 50 (part
1359 3509 110 49 col.)
1525 3511 163 47 ports.,
1736 3509 172 43 double
1953 3520 127 40 map,

90 3563 227 49 facsims.,
346 3567 134 38 coats
507 3566 51 39 of
583 3574 145 32 arms.
784 3565 55 41 27½
873 3568 42 21 cm
921 3598 8 9 .

164 3619 201 44 Colored
399 3623 156 48 plates
590 3623 341 48 accompanied
965 3624 60 47 by
1058 3624 155 48 guard
1248 3625 160 39 sheets
1442 3624 119 39 with
1594 3624 291 49 descriptive
1920 3625 162 41 letter-

92 3688 147 38 press.

164 3735 131 39 Each
320 3735 190 42 volume
533 3737 90 39 has
646 3737 158 40 added
829 3739 96 45 t.-p.;
983 3736 196 41 Gould’s
1204 3737 188 48 history
1418 3737 50 40 of
1491 3737 336 48 freemasonry
93 3738 1970 94 throughout
201 3792 80 40 the
306 3792 152 40 world
487 3823 46 9 ...
589 3792 115 41 New
731 3793 142 47 York,
901 3791 48 43 C.
979 3792 264 42 Scribner’s
1268 3804 124 31 sons.

162 3847 224 42 Includes
422 3848 389 50 bibliographies.

94 3901 52 52 ©
186 3906 121 40 Mar.
347 3906 68 47 16,
456 3905 139 48 1936;
637 3906 68 42 2c.
744 3907 118 39 each
904 3908 120 39 Mar.
1066 3907 81 46 25;
1191 3906 106 40 affs.
1340 3908 128 38 June
1504 3906 82 47 27;
1629 3908 42 38 A
1710 3905 157 50 95998,
1907 3904 172 48 95999;

163 3961 201 40 Charles
393 3962 265 40 Scribner’s
684 3972 124 31 sons.
866 3961 279 51 [Copyright
1174 3963 41 39 is
1242 3962 204 39 claimed
1471 3972 59 29 on
1557 3973 41 29 v.
1626 3962 99 48 5-6,
1751 3962 331 40 introduction

162 4017 49 39 in
236 4028 42 31 v.
303 4019 39 45 1,
367 4018 95 39 and
488 4018 236 40 revisions
751 4019 94 38 and
871 4018 245 40 additions
1140 4018 52 40 in
1215 4028 43 32 v.
1284 4019 99 49 1-4]
174 4074 277 48 (36-15237)
