2519 4377
1279 4203 133 49 1646

349 500 331 67 [Richards,
706 503 139 53 Mrs.
872 501 140 55 Lela
1044 503 254 67 (Horn)]
1332 504 173 56 1870-

415 595 248 66 Poplars
698 613 188 35 across
920 595 97 53 the
1049 612 198 50 moon;
1285 596 97 53 the
1417 600 160 64 story
1612 597 63 53 of
1710 597 150 54 Tula
1895 599 213 67 Kruso,
2141 599 76 68 by
2252 600 111 54 Lee

346 674 224 53 Neville
622 675 215 66 [pseud.]
938 674 395 67 Frontispiece
1381 675 113 53 and
1540 675 190 67 jacket
1772 676 77 67 by
1894 677 174 67 Mary
2112 678 249 54 Hoover.

348 752 1210 69 Boston, L. C. Page & company [ c 1936]
405 838 28 39 4
461 848 43 38 p.
570 868 9 17 l.,
606 836 89 43 346
720 847 44 39 p.
824 837 150 42 front.
1035 836 58 43 20½
1126 840 44 22 cm
1175 870 9 9 .

407 908 165 43 “First
603 909 305 48 impression,
945 907 293 50 September,
1273 908 160 42 1936.”

345 979 52 53 ©
424 983 102 41 Oct.
553 982 69 48 10,
646 982 144 42 1936:
818 982 69 42 2c.
915 983 102 41 Oct.
1044 982 83 48 31;
1158 983 81 41 aff.
1270 984 101 40 Oct.
1400 983 82 49 12;
1514 985 40 38 A
1579 983 173 48 99676;
1783 985 51 40 L.
1864 985 49 42 C.
1943 986 130 46 Page
2100 987 36 40 &
2162 996 83 37 co.,
2274 988 89 39 inc.

425 1039 285 50 (36-30701)

343 1147 335 59 Rowntree,
702 1145 232 56 Lester.

415 1236 211 68 Hardy
666 1234 418 70 Californians,
1123 1236 76 68 by
1238 1236 198 53 Lester
1474 1237 334 67 Rowntree;
1851 1237 78 53 all
1965 1238 400 70 photographs

343 1315 75 69 by
446 1314 225 54 author.
738 1313 141 54 New
911 1313 181 70 York,
1125 1314 123 54 The
1276 1314 340 55 Macmillan
1645 1333 301 51 company,
1979 1320 151 51 1936.

414 1403 85 40 xiv
526 1414 58 37 p.,
612 1402 28 39 1
703 1433 9 17 l.,
738 1401 89 41 255
854 1413 43 38 p.
955 1402 173 48 plates.
1183 1402 57 40 22
1244 1404 44 22 cm
1293 1434 9 9 .

415 1475 142 47 Maps
589 1484 60 30 on
682 1471 368 50 lining-papers.

416 1528 1947 51 “What I have tried to do is to convey … something of the loveliness
344 1589 95 40 and
470 1588 82 40 the
581 1587 185 49 garden
792 1585 319 50 possibilities
1141 1585 52 42 of
1220 1585 189 42 certain
1437 1587 97 41 less
1562 1586 224 42 familiar
1815 1587 160 50 hardy
2003 1587 166 43 native
2199 1590 164 48 plants

342 1646 51 38 of
426 1643 519 43 California.”—Pref.

343 1711 52 53 ©
426 1716 102 40 Oct.
557 1714 70 48 27,
661 1713 116 41 1936
794 1726 10 35 ;
835 1713 67 40 2c.
934 1713 96 40 and
1059 1713 83 40 aff.
1175 1713 102 41 Oct.
1308 1712 57 41 28
1382 1723 10 37 ;
1423 1714 44 39 A
1491 1712 145 42 99621
1656 1725 8 37 ;
1698 1714 285 41 Macmillan
2014 1725 67 33 co.

424 1771 285 50 (36-29875)

343 1878 193 63 Rugg,
562 1875 224 54 Harold
814 1875 277 64 Ordway,
1119 1880 173 51 1886-

409 1966 310 54 American
746 1964 110 55 life
884 1966 115 54 and
1029 1966 97 53 the
1153 1965 194 54 school
1376 1965 351 54 curriculum
1742 1985 12 49 ;
1788 1971 138 49 next
1954 1971 153 65 steps
2137 1967 223 54 toward

337 2043 2017 72 schools of living, by Harold Rugg … Boston, New York [etc.]
337 2121 868 72 Ginn and company [ c 1936]
408 2211 84 49 xii,
522 2211 86 41 471
636 2221 44 40 p.
741 2210 57 41 21½
832 2213 45 22 cm
880 2244 9 8 .

408 2284 179 41 “What
617 2285 50 40 to
701 2282 175 42 read”:
908 2293 44 39 p.
986 2282 219 42 458-464.

343 2355 52 53 ©
424 2360 128 46 Sept.
577 2357 69 48 19,
674 2357 117 41 1936
808 2368 9 36 ;
846 2357 68 40 2c.
943 2357 102 41 Oct.
1074 2357 55 39 17
1147 2367 8 36 ;
1187 2356 81 40 aff.
1298 2357 102 41 Oct.
1432 2356 54 39 14
1505 2368 8 35 ;
1543 2357 42 39 A
1611 2356 173 41 160071
1803 2368 8 37 ;
1843 2358 191 40 Harold
2064 2359 152 48 Rugg,
2246 2360 118 39 New

414 2416 144 41 York.
623 2413 285 50 (36-30653)

341 2520 186 64 Rush,
554 2519 206 57 Oscar.

413 2598 122 53 The
569 2615 147 50 open
751 2614 195 50 range,
979 2596 76 68 by
1091 2594 180 56 Oscar
1305 2595 190 68 Rush;
1529 2595 330 54 illustrated
1891 2596 143 53 with
2070 2595 293 56 authentic

346 2675 395 68 photographs
773 2675 113 53 and
916 2673 385 69 pen-and-ink
1330 2673 293 69 drawings
1650 2673 77 69 by
1756 2674 68 52 R.
1854 2674 77 52 H.
1962 2674 161 54 Hall.
345 2674 1992 147 Caldwell,
516 2754 110 67 Id.,
653 2754 124 52 The
806 2751 227 56 Caxton
1061 2753 270 68 printers,
1359 2752 124 67 ltd.,
1514 2755 152 51 1936.

413 2843 25 40 5
466 2854 41 37 p.
570 2874 9 17 l.,
610 2840 207 52 [13]-263
844 2852 42 38 p.
943 2842 88 39 col.
1054 2841 166 48 front.,
1247 2841 173 49 plates,
1446 2840 28 40 2
1501 2841 124 48 port.
1681 2839 59 42 19½
1770 2842 44 22 cm
1820 2872 9 9 .

414 2914 291 39 Illustrated
734 2911 367 49 lining-papers.

416 2970 226 40 Includes
671 2979 132 30 some
830 2969 228 47 chapters
1085 2968 129 39 from
1242 2968 81 39 the
1351 2966 220 41 author’s
1600 2966 129 41 “The
1755 2977 124 39 open
1905 2977 151 39 range
2085 2970 97 39 and
2210 2969 150 40 bunk-

345 3028 148 39 house
523 3024 335 50 philosophy”,
889 3024 244 49 privately
1162 3024 196 48 printed
1386 3024 49 39 in
1465 3022 130 42 1930.
1655 3024 62 48 cf.
1746 3023 504 50 Acknowledgments.

342 3093 53 53 ©
426 3097 102 40 Oct.
560 3096 40 47 1,
630 3095 117 40 1936
764 3106 8 36 ;
807 3095 68 40 2c.
908 3095 102 40 Oct.
1042 3094 26 39 7
1087 3105 7 35 ;
1129 3094 82 40 aff.
1244 3095 117 38 Nov.
1394 3093 25 39 2
1438 3104 9 37 ;
1482 3094 40 39 A
1550 3092 177 41 100190
1743 3105 9 36 ;
1787 3094 191 41 Caxton
2009 3094 230 49 printers,
2274 3095 85 41 ltd.

423 3151 284 50 (36-29873)

340 3257 312 65 Rutledge,
680 3255 325 55 Archibald
1032 3255 326 65 Hamilton,
1388 3261 173 50 1883-

469 3330 1713 72 … Brimming chalice. New York, H. Harrison [ c 1936]
403 3420 57 41 95
489 3431 44 38 p.
593 3419 56 41 22
654 3422 16 22 cm
702 3451 9 8 .

405 3490 63 41 At
493 3492 125 40 head
645 3491 53 40 of
723 3490 109 41 title
850 3501 9 30 :
892 3490 170 41 Poems
1091 3490 61 47 by
1180 3489 266 42 Archibald
1473 3489 255 49 Rutledge.

342 3560 53 53 ©
424 3565 114 47 Apr.
568 3565 37 45 1,
638 3564 142 47 1936;
814 3564 67 40 2c.
913 3565 118 39 Nov.
1063 3563 53 47 4;
1151 3563 81 41 aff.
1265 3564 117 41 Nov.
1417 3563 53 47 5;
1503 3564 40 39 A
1576 3562 200 49 100275;
1812 3564 168 46 Henry
2014 3563 257 40 Harrison.

422 3621 284 49 (36-30947)

339 3725 290 63 Sabatini,
660 3725 232 63 Rafael,
925 3727 170 53 1875-

411 3802 122 53 The
569 3801 264 54 fortunes
868 3800 65 54 of
970 3800 251 69 Captain
1258 3800 205 65 Blood,
1497 3800 75 68 by
1608 3799 210 54 Rafael
1857 3798 280 57 Sabatini.
341 3798 1988 134 Boston
483 3879 113 53 and
636 3880 141 52 New
822 3878 179 68 York,
1041 3877 323 70 Houghton
1400 3876 206 55 Mifflin
1647 3895 299 51 company,
1989 3879 149 52 1936.

408 3964 28 39 4
467 3975 42 37 p.
576 3996 8 16 l.,
618 3964 180 49 [3]-240
826 3975 41 37 p.
930 3964 54 39 21
989 3966 15 21 cm
1038 3996 8 8 .

342 4033 52 54 ©
424 4039 118 38 Nov.
574 4038 39 48 5,
645 4037 143 48 1936;
820 4038 67 40 2c.
921 4039 118 39 Nov.
1072 4038 81 46 11;
1188 4038 82 40 aff.
1303 4038 118 40 Nov.
1454 4036 81 49 10;
1570 4038 43 39 A
1642 4036 200 49 100404;
1876 4038 54 38 R.
1966 4035 238 47 Sabatini,
412 4034 1928 110 Clifford,
562 4094 363 49 Hereforshire,
951 4095 238 47 England.
1251 4093 283 50 (36-30932)
