<alto xmlns="http://www.loc.gov/standards/alto/ns-v3#" xmlns:xlink="http://www.w3.org/1999/xlink" xmlns:xsi="http://www.w3.org/2001/XMLSchema-instance" xsi:schemaLocation="http://www.loc.gov/standards/alto/ns-v3# http://www.loc.gov/alto/v3/alto-3-0.xsd"><Description>
<MeasurementUnit>pixel</MeasurementUnit>
<sourceImageInformation>
<fileName>1936_v33_Part1.pdf</fileName>
</sourceImageInformation>
<OCRProcessing ID="IdOcr">
<ocrProcessingStep>
<processingDateTime>2019-01-18</processingDateTime>
<processingSoftware>
<softwareCreator>ABBYY</softwareCreator>
<softwareName>ABBYY Recognition Server</softwareName>
<softwareVersion>4.0</softwareVersion>
</processingSoftware>
</ocrProcessingStep>
</OCRProcessing>
</Description>
<Styles>
<ParagraphStyle ID="StyleId-FFFFFFFF-FFFF-FFFF-FFFF-FFFFFFFFFFFF-" ALIGN="Left" LEFT="0." RIGHT="0." FIRSTLINE="0."/>
<ParagraphStyle ID="StyleId-51D50FAC-7A90-4D70-8A96-5EA9D46D1C8B-" ALIGN="Left" LEFT="0." RIGHT="0." FIRSTLINE="0." LINESPACE="7.699999809"/>
<ParagraphStyle ID="StyleId-6BC133E9-7DCB-43C3-8842-A67984A26405-" ALIGN="Block" LEFT="0." RIGHT="0." FIRSTLINE="-17." LINESPACE="8.340000153"/>
<ParagraphStyle ID="StyleId-3C3FF860-43E7-46A2-8934-48F305F6F0D6-" ALIGN="Left" LEFT="0." RIGHT="0." FIRSTLINE="-13." LINESPACE="11.06999969"/>
<ParagraphStyle ID="StyleId-19220C76-4F8A-4737-B38C-B5F5C17E6040-" ALIGN="Block" LEFT="0." RIGHT="0." FIRSTLINE="-13." LINESPACE="11.06999969"/>
<ParagraphStyle ID="StyleId-75A0D721-13ED-4F20-9002-B389EC48477D-" ALIGN="Left" LEFT="0." RIGHT="0." FIRSTLINE="0." LINESPACE="15.5"/>
<ParagraphStyle ID="StyleId-8A414184-C7A5-4AC7-9B88-7DA4DDE75922-" ALIGN="Left" LEFT="0." RIGHT="0." FIRSTLINE="0." LINESPACE="9.399999619"/>
<ParagraphStyle ID="StyleId-1A87970B-111C-4169-99A6-9412976F3C97-" ALIGN="Left" LEFT="0." RIGHT="0." FIRSTLINE="0." LINESPACE="10.5"/>
<ParagraphStyle ID="StyleId-72DB0571-5AE4-41FD-9E11-68C6AC4C437E-" ALIGN="Block" LEFT="0." RIGHT="0." FIRSTLINE="-17." LINESPACE="8.340000153"/>
<ParagraphStyle ID="StyleId-1AA43056-C388-4697-B10F-72FDAA38FAE1-" ALIGN="Center" LEFT="0." RIGHT="0." FIRSTLINE="0." LINESPACE="10.5"/>
</Styles>
<Layout>
<Page ID="Page921" PHYSICAL_IMG_NR="921" HEIGHT="4377" WIDTH="2519">
<TopMargin HEIGHT="393" WIDTH="2519" VPOS="0" HPOS="0">
</TopMargin>
<LeftMargin HEIGHT="3715" WIDTH="118" VPOS="393" HPOS="0">
</LeftMargin>
<RightMargin HEIGHT="3715" WIDTH="375" VPOS="393" HPOS="2144">
</RightMargin>
<BottomMargin HEIGHT="269" WIDTH="2519" VPOS="4108" HPOS="0">
<TextBlock ID="Page921_Block1" HEIGHT="106" WIDTH="264" VPOS="4122" HPOS="1010" LANG="en-US" STYLEREFS="StyleId-14A480E4-EDE8-412F-9528-6F87562D0B2D-">
<TextLine HEIGHT="50" WIDTH="101" VPOS="4127" HPOS="1068">
<String CONTENT="921" HEIGHT="50" WIDTH="101" VPOS="4127" HPOS="1068"/>
</TextLine>
</TextBlock>
</BottomMargin>
<PrintSpace HEIGHT="3715" WIDTH="2026" VPOS="393" HPOS="118">
<TextBlock ID="Page921_Block2" HEIGHT="3715" WIDTH="2026" VPOS="393" HPOS="118" LANG="en-US" CS="1" STYLEREFS="StyleId-967B3A9D-5F68-4F57-A807-67BCA8037F3E-">
<TextLine HEIGHT="50" WIDTH="773" VPOS="526" HPOS="210">
<String LANG="de" CONTENT="518" HEIGHT="41" WIDTH="85" VPOS="526" HPOS="210"/>
<SP HEIGHT="49" WIDTH="28" VPOS="526" HPOS="296"/>
<String LANG="de" CONTENT="p." HEIGHT="37" WIDTH="43" VPOS="538" HPOS="325"/>
<SP HEIGHT="38" WIDTH="57" VPOS="537" HPOS="369"/>
<String LANG="en-US" CONTENT="plates," HEIGHT="48" WIDTH="169" VPOS="527" HPOS="427"/>
<SP HEIGHT="37" WIDTH="32" VPOS="539" HPOS="597"/>
<String LANG="en-US" CONTENT="ports." HEIGHT="47" WIDTH="149" VPOS="529" HPOS="630"/>
<SP HEIGHT="39" WIDTH="56" VPOS="528" HPOS="780"/>
<String LANG="de" CONTENT="261" HEIGHT="47" WIDTH="86" VPOS="528" HPOS="837"/>
<String STYLE="superscript" LANG="de" CONTENT="cm" HEIGHT="22" WIDTH="44" VPOS="529" HPOS="926"/>
<String LANG="de" CONTENT="." HEIGHT="8" WIDTH="8" VPOS="559" HPOS="975"/>
</TextLine>
<TextLine HEIGHT="54" WIDTH="1994" VPOS="582" HPOS="135" CS="1">
<String LANG="de" CONTENT="&#169;" HEIGHT="54" WIDTH="53" VPOS="582" HPOS="135"/>
<SP HEIGHT="54" WIDTH="27" VPOS="582" HPOS="189"/>
<String LANG="en-US" CONTENT="Oct." HEIGHT="41" WIDTH="100" VPOS="587" HPOS="217"/>
<SP HEIGHT="40" WIDTH="26" VPOS="587" HPOS="318"/>
<String LANG="de" CONTENT="31," HEIGHT="48" WIDTH="69" VPOS="587" HPOS="345"/>
<SP HEIGHT="49" WIDTH="27" VPOS="586" HPOS="415"/>
<String LANG="de" CS="1" CONTENT="1935;" HEIGHT="41" WIDTH="113" VPOS="585" HPOS="443"/>
<SP/>
<String LANG="de" CS="1" CONTENT="1c."/>
<SP/>
<String LANG="en-US" CONTENT="Apr." HEIGHT="46" WIDTH="112" VPOS="587" HPOS="709"/>
<SP HEIGHT="39" WIDTH="28" VPOS="585" HPOS="822"/>
<String LANG="fr" CONTENT="27," HEIGHT="50" WIDTH="70" VPOS="585" HPOS="851"/>
<SP HEIGHT="48" WIDTH="28" VPOS="587" HPOS="922"/>
<String LANG="fr" CS="1" CONTENT="1936;" HEIGHT="41" WIDTH="113" VPOS="585" HPOS="951"/>
<SP HEIGHT="46" WIDTH="29" VPOS="586" HPOS="1092"/>
<!-- cceid A0DC0CF4-6E3A-1014-83DD-942C093A1DD9 --><String LANG="fr" CONTENT="A-" HEIGHT="39" WIDTH="102" VPOS="586" HPOS="1122"/>
<String LANG="en-US" CONTENT="Foreign" HEIGHT="49" WIDTH="209" VPOS="584" HPOS="1226"/>
<SP HEIGHT="40" WIDTH="23" VPOS="586" HPOS="1436"/>
<String LANG="fr" CS="1" CONTENT="31547;" HEIGHT="41" WIDTH="146" VPOS="585" HPOS="1460"/>
<SP HEIGHT="48" WIDTH="32" VPOS="585" HPOS="1633"/>
<String LANG="fr" CONTENT="Reimar" HEIGHT="40" WIDTH="198" VPOS="584" HPOS="1666"/>
<SP HEIGHT="39" WIDTH="25" VPOS="584" HPOS="1865"/>
<String LANG="fr" CONTENT="Hobbing," HEIGHT="50" WIDTH="238" VPOS="582" HPOS="1891"/>
</TextLine>
<TextLine HEIGHT="49" WIDTH="617" VPOS="642" HPOS="204" LANG="fr">
<String CONTENT="g." HEIGHT="39" WIDTH="42" VPOS="652" HPOS="204"/>
<SP HEIGHT="31" WIDTH="25" VPOS="653" HPOS="247"/>
<String CONTENT="m." HEIGHT="32" WIDTH="61" VPOS="653" HPOS="273"/>
<SP HEIGHT="42" WIDTH="23" VPOS="643" HPOS="335"/>
<String CONTENT="b." HEIGHT="41" WIDTH="43" VPOS="643" HPOS="359"/>
<SP HEIGHT="42" WIDTH="23" VPOS="642" HPOS="403"/>
<String CONTENT="h." HEIGHT="40" WIDTH="45" VPOS="642" HPOS="427"/>
<SP HEIGHT="49" WIDTH="67" VPOS="642" HPOS="473"/>
<String CONTENT="(36-15606)" HEIGHT="49" WIDTH="280" VPOS="642" HPOS="541"/>
</TextLine>
<TextLine HEIGHT="66" WIDTH="777" VPOS="746" HPOS="134" STYLEREFS="StyleId-8454BFB9-0ECA-4D21-9AC5-1701CD55D67F-">
<String LANG="fr" CONTENT="Heyer," HEIGHT="64" WIDTH="215" VPOS="747" HPOS="134"/>
<SP HEIGHT="65" WIDTH="26" VPOS="746" HPOS="350"/>
<String LANG="en-US" CONTENT="Georgette," HEIGHT="66" WIDTH="338" VPOS="746" HPOS="377"/>
<SP HEIGHT="60" WIDTH="25" VPOS="752" HPOS="716"/>
<String LANG="fr" CONTENT="1902-" HEIGHT="50" WIDTH="169" VPOS="751" HPOS="742"/>
</TextLine>
<TextLine HEIGHT="71" WIDTH="1925" VPOS="819" HPOS="208" STYLEREFS="StyleId-16143CC3-C2DB-4AB2-A21B-23CAC93D0E4B-">
<String LANG="fr" CONTENT="Behold," HEIGHT="66" WIDTH="239" VPOS="822" HPOS="208"/>
<SP HEIGHT="66" WIDTH="23" VPOS="822" HPOS="448"/>
<String LANG="en-US" CONTENT="here&#8217;s" HEIGHT="54" WIDTH="176" VPOS="822" HPOS="472"/>
<SP HEIGHT="49" WIDTH="22" VPOS="841" HPOS="649"/>
<String LANG="fr" CONTENT="poison," HEIGHT="67" WIDTH="218" VPOS="823" HPOS="672"/>
<SP HEIGHT="68" WIDTH="20" VPOS="822" HPOS="891"/>
<String LANG="en-US" CONTENT="by" HEIGHT="68" WIDTH="75" VPOS="822" HPOS="912"/>
<SP HEIGHT="68" WIDTH="24" VPOS="822" HPOS="988"/>
<String LANG="en-US" CONTENT="Georgette" HEIGHT="68" WIDTH="304" VPOS="822" HPOS="1013"/>
<SP HEIGHT="55" WIDTH="20" VPOS="821" HPOS="1318"/>
<String LANG="fr" CONTENT="Heyer." HEIGHT="69" WIDTH="208" VPOS="821" HPOS="1339"/>
<SP HEIGHT="55" WIDTH="60" VPOS="821" HPOS="1548"/>
<String LANG="fr" CONTENT="London," HEIGHT="67" WIDTH="259" VPOS="821" HPOS="1609"/>
<SP HEIGHT="68" WIDTH="21" VPOS="820" HPOS="1869"/>
<String LANG="fr" CONTENT="Hodder" HEIGHT="53" WIDTH="242" VPOS="819" HPOS="1891"/>
</TextLine>
<TextLine HEIGHT="70" WIDTH="939" VPOS="899" HPOS="137" STYLEREFS="StyleId-16143CC3-C2DB-4AB2-A21B-23CAC93D0E4B-">
<String LANG="en-US" CONTENT="and" HEIGHT="53" WIDTH="113" VPOS="900" HPOS="137"/>
<SP HEIGHT="56" WIDTH="29" VPOS="899" HPOS="251"/>
<String LANG="en-US" CONTENT="Stoughton," HEIGHT="70" WIDTH="341" VPOS="899" HPOS="281"/>
<SP HEIGHT="68" WIDTH="24" VPOS="900" HPOS="623"/>
<String LANG="en-US" CONTENT="limited" HEIGHT="54" WIDTH="223" VPOS="899" HPOS="648"/>
<SP HEIGHT="66" WIDTH="31" VPOS="900" HPOS="872"/>
<String LANG="fr" CONTENT="[1936]" HEIGHT="66" WIDTH="172" VPOS="902" HPOS="904"/>
</TextLine>
<TextLine HEIGHT="49" WIDTH="374" VPOS="974" HPOS="205" CS="1">
<String LANG="fr" CONTENT="320" HEIGHT="41" WIDTH="88" VPOS="974" HPOS="205"/>
<SP HEIGHT="49" WIDTH="29" VPOS="974" HPOS="294"/>
<String LANG="fr" CONTENT="p." HEIGHT="38" WIDTH="43" VPOS="985" HPOS="324"/>
<SP HEIGHT="41" WIDTH="65" VPOS="975" HPOS="368"/>
<String LANG="fr" CS="1" CONTENT="19"/>
<String LANG="en-US" CS="1" CONTENT="&#189;"/>
<String STYLE="superscript" LANG="ru" CONTENT="&#1089;&#1090;" HEIGHT="21" WIDTH="44" VPOS="976" HPOS="521"/>
<String LANG="ru" CONTENT="." HEIGHT="10" WIDTH="10" VPOS="1005" HPOS="569"/>
</TextLine>
<TextLine HEIGHT="52" WIDTH="1995" VPOS="1027" HPOS="135" CS="1">
<String LANG="fr" CONTENT="&#169;" HEIGHT="52" WIDTH="52" VPOS="1027" HPOS="135"/>
<SP/>
<String LANG="fr" CS="1" CONTENT="1c."/>
<SP/>
<String LANG="en-US" CONTENT="July" HEIGHT="47" WIDTH="113" VPOS="1031" HPOS="306"/>
<SP HEIGHT="46" WIDTH="27" VPOS="1032" HPOS="420"/>
<String LANG="fr" CONTENT="16," HEIGHT="47" WIDTH="69" VPOS="1032" HPOS="448"/>
<SP HEIGHT="46" WIDTH="26" VPOS="1033" HPOS="518"/>
<String LANG="fr" CONTENT="1936;" HEIGHT="49" WIDTH="141" VPOS="1030" HPOS="545"/>
<SP HEIGHT="47" WIDTH="28" VPOS="1032" HPOS="687"/>
<!-- cceid A0DC7A6A-6E3A-1014-83DD-942C093A1DD9 --><String LANG="fr" CONTENT="A" HEIGHT="38" WIDTH="43" VPOS="1032" HPOS="716"/>
<SP HEIGHT="38" WIDTH="24" VPOS="1032" HPOS="760"/>
<String LANG="fr" CONTENT="ad" HEIGHT="39" WIDTH="62" VPOS="1031" HPOS="785"/>
<SP HEIGHT="39" WIDTH="25" VPOS="1031" HPOS="848"/>
<String LANG="fr" CONTENT="int." HEIGHT="41" WIDTH="87" VPOS="1031" HPOS="874"/>
<SP HEIGHT="42" WIDTH="26" VPOS="1030" HPOS="962"/>
<String LANG="fr" CONTENT="21637;" HEIGHT="48" WIDTH="170" VPOS="1030" HPOS="989"/>
<SP HEIGHT="38" WIDTH="27" VPOS="1040" HPOS="1160"/>
<String LANG="fr" CONTENT="pubd." HEIGHT="48" WIDTH="143" VPOS="1030" HPOS="1188"/>
<SP HEIGHT="40" WIDTH="29" VPOS="1031" HPOS="1332"/>
<String LANG="fr" CONTENT="May" HEIGHT="47" WIDTH="112" VPOS="1031" HPOS="1362"/>
<SP HEIGHT="47" WIDTH="26" VPOS="1031" HPOS="1475"/>
<String LANG="fr" CONTENT="25;" HEIGHT="47" WIDTH="83" VPOS="1031" HPOS="1502"/>
<SP HEIGHT="48" WIDTH="31" VPOS="1030" HPOS="1586"/>
<String LANG="en-US" CONTENT="Georgette" HEIGHT="48" WIDTH="259" VPOS="1030" HPOS="1618"/>
<SP HEIGHT="39" WIDTH="25" VPOS="1030" HPOS="1878"/>
<String LANG="fr" CONTENT="Rougier," HEIGHT="47" WIDTH="226" VPOS="1029" HPOS="1904"/>
</TextLine>
<TextLine HEIGHT="50" WIDTH="1055" VPOS="1086" HPOS="205">
<String LANG="fr" CONTENT="Slinfold," HEIGHT="47" WIDTH="222" VPOS="1087" HPOS="205"/>
<SP HEIGHT="45" WIDTH="29" VPOS="1089" HPOS="428"/>
<String LANG="en-US" CONTENT="Sussex," HEIGHT="47" WIDTH="192" VPOS="1089" HPOS="458"/>
<SP HEIGHT="47" WIDTH="29" VPOS="1089" HPOS="651"/>
<String LANG="en-US" CONTENT="England." HEIGHT="47" WIDTH="235" VPOS="1088" HPOS="681"/>
<SP HEIGHT="48" WIDTH="63" VPOS="1087" HPOS="917"/>
<String LANG="fr" CONTENT="(36-15970)" HEIGHT="49" WIDTH="279" VPOS="1086" HPOS="981"/>
</TextLine>
<TextLine HEIGHT="65" WIDTH="808" VPOS="1191" HPOS="134" STYLEREFS="StyleId-8454BFB9-0ECA-4D21-9AC5-1701CD55D67F-">
<String LANG="en-US" CONTENT="Howell," HEIGHT="64" WIDTH="237" VPOS="1192" HPOS="134"/>
<SP HEIGHT="63" WIDTH="26" VPOS="1193" HPOS="372"/>
<String LANG="fr" CONTENT="Christine" HEIGHT="55" WIDTH="303" VPOS="1191" HPOS="399"/>
<SP HEIGHT="53" WIDTH="20" VPOS="1193" HPOS="703"/>
<String LANG="fr" CONTENT="Moore." HEIGHT="52" WIDTH="218" VPOS="1193" HPOS="724"/>
</TextLine>
<TextLine HEIGHT="69" WIDTH="1924" VPOS="1268" HPOS="206" STYLEREFS="StyleId-16143CC3-C2DB-4AB2-A21B-23CAC93D0E4B-">
<String CONTENT="Beauty" HEIGHT="67" WIDTH="224" VPOS="1270" HPOS="206"/>
<SP HEIGHT="51" WIDTH="38" VPOS="1286" HPOS="431"/>
<String LANG="fr" CONTENT="culture" HEIGHT="52" WIDTH="220" VPOS="1269" HPOS="470"/>
<SP HEIGHT="35" WIDTH="39" VPOS="1286" HPOS="691"/>
<String CONTENT="and" HEIGHT="52" WIDTH="113" VPOS="1269" HPOS="731"/>
<SP HEIGHT="52" WIDTH="41" VPOS="1269" HPOS="845"/>
<String CONTENT="care" HEIGHT="34" WIDTH="126" VPOS="1287" HPOS="887"/>
<SP HEIGHT="35" WIDTH="39" VPOS="1287" HPOS="1014"/>
<String CONTENT="of" HEIGHT="54" WIDTH="65" VPOS="1268" HPOS="1054"/>
<SP HEIGHT="53" WIDTH="38" VPOS="1268" HPOS="1120"/>
<String CONTENT="the" HEIGHT="55" WIDTH="95" VPOS="1269" HPOS="1159"/>
<SP HEIGHT="54" WIDTH="40" VPOS="1270" HPOS="1255"/>
<String CONTENT="hair," HEIGHT="69" WIDTH="145" VPOS="1268" HPOS="1296"/>
<SP HEIGHT="68" WIDTH="40" VPOS="1269" HPOS="1442"/>
<String CONTENT="by" HEIGHT="68" WIDTH="74" VPOS="1269" HPOS="1483"/>
<SP HEIGHT="69" WIDTH="42" VPOS="1268" HPOS="1558"/>
<String CONTENT="Christine" HEIGHT="56" WIDTH="290" VPOS="1268" HPOS="1601"/>
<SP HEIGHT="52" WIDTH="39" VPOS="1269" HPOS="1892"/>
<String CONTENT="Moore" HEIGHT="52" WIDTH="198" VPOS="1269" HPOS="1932"/>
</TextLine>
<TextLine HEIGHT="71" WIDTH="1994" VPOS="1345" HPOS="135" STYLEREFS="StyleId-16143CC3-C2DB-4AB2-A21B-23CAC93D0E4B-">
<String CONTENT="Howell" HEIGHT="54" WIDTH="226" VPOS="1345" HPOS="135"/>
<SP HEIGHT="54" WIDTH="38" VPOS="1346" HPOS="362"/>
<String CONTENT="..." HEIGHT="11" WIDTH="57" VPOS="1389" HPOS="401"/>
<SP HEIGHT="53" WIDTH="77" VPOS="1347" HPOS="459"/>
<String CONTENT="New" HEIGHT="53" WIDTH="138" VPOS="1347" HPOS="537"/>
<SP HEIGHT="51" WIDTH="33" VPOS="1348" HPOS="676"/>
<String CONTENT="Brunswick," HEIGHT="68" WIDTH="355" VPOS="1347" HPOS="710"/>
<SP HEIGHT="68" WIDTH="32" VPOS="1347" HPOS="1066"/>
<String CONTENT="N." HEIGHT="54" WIDTH="70" VPOS="1347" HPOS="1099"/>
<SP HEIGHT="54" WIDTH="35" VPOS="1349" HPOS="1170"/>
<String CONTENT="J.," HEIGHT="67" WIDTH="75" VPOS="1349" HPOS="1206"/>
<SP HEIGHT="68" WIDTH="31" VPOS="1348" HPOS="1282"/>
<String CONTENT="Hill" HEIGHT="54" WIDTH="129" VPOS="1346" HPOS="1314"/>
<SP HEIGHT="67" WIDTH="34" VPOS="1348" HPOS="1444"/>
<String CONTENT="publishing" HEIGHT="69" WIDTH="334" VPOS="1346" HPOS="1479"/>
<SP HEIGHT="50" WIDTH="34" VPOS="1365" HPOS="1814"/>
<String CONTENT="company" HEIGHT="50" WIDTH="280" VPOS="1365" HPOS="1849"/>
</TextLine>
<TextLine HEIGHT="65" WIDTH="192" VPOS="1429" HPOS="140" STYLEREFS="StyleId-16143CC3-C2DB-4AB2-A21B-23CAC93D0E4B-">
<String CONTENT="[" HEIGHT="34" WIDTH="14" VPOS="1459" HPOS="140"/>
<String STYLE="superscript" CONTENT="c" HEIGHT="22" WIDTH="18" VPOS="1432" HPOS="158"/>
<String CONTENT="1936]" HEIGHT="65" WIDTH="152" VPOS="1429" HPOS="180"/>
</TextLine>
<TextLine HEIGHT="48" WIDTH="745" VPOS="1498" HPOS="205" CS="1">
<String CONTENT="iii-xv," HEIGHT="48" WIDTH="164" VPOS="1498" HPOS="205"/>
<SP HEIGHT="47" WIDTH="29" VPOS="1499" HPOS="370"/>
<String CONTENT="123" HEIGHT="40" WIDTH="83" VPOS="1498" HPOS="400"/>
<SP HEIGHT="48" WIDTH="29" VPOS="1498" HPOS="484"/>
<String CONTENT="p." HEIGHT="37" WIDTH="42" VPOS="1509" HPOS="514"/>
<SP HEIGHT="41" WIDTH="58" VPOS="1498" HPOS="557"/>
<String CONTENT="illus." HEIGHT="42" WIDTH="130" VPOS="1498" HPOS="616"/>
<SP HEIGHT="42" WIDTH="57" VPOS="1498" HPOS="747"/>
<String CS="1" CONTENT="23&#189;cm." HEIGHT="41" WIDTH="145" VPOS="1498" HPOS="805"/>
</TextLine>
<TextLine HEIGHT="54" WIDTH="1995" VPOS="1551" HPOS="135" CS="1">
<String CONTENT="&#169;" HEIGHT="54" WIDTH="52" VPOS="1551" HPOS="135"/>
<SP HEIGHT="54" WIDTH="36" VPOS="1551" HPOS="188"/>
<String CONTENT="June" HEIGHT="38" WIDTH="125" VPOS="1557" HPOS="225"/>
<SP HEIGHT="39" WIDTH="33" VPOS="1555" HPOS="351"/>
<String CONTENT="29," HEIGHT="44" WIDTH="69" VPOS="1555" HPOS="385"/>
<SP HEIGHT="43" WIDTH="37" VPOS="1556" HPOS="455"/>
<String CONTENT="1936;" HEIGHT="47" WIDTH="141" VPOS="1555" HPOS="493"/>
<SP HEIGHT="47" WIDTH="39" VPOS="1555" HPOS="635"/>
<String CONTENT="2c." HEIGHT="41" WIDTH="68" VPOS="1555" HPOS="675"/>
<SP HEIGHT="30" WIDTH="37" VPOS="1566" HPOS="744"/>
<String CONTENT="and" HEIGHT="40" WIDTH="96" VPOS="1555" HPOS="782"/>
<SP/>
<String CS="1" CONTENT="aff."/>
<SP/>
<String CONTENT="July" HEIGHT="47" WIDTH="115" VPOS="1555" HPOS="1038"/>
<SP HEIGHT="45" WIDTH="36" VPOS="1557" HPOS="1154"/>
<String CONTENT="7;" HEIGHT="46" WIDTH="52" VPOS="1557" HPOS="1191"/>
<SP HEIGHT="47" WIDTH="40" VPOS="1556" HPOS="1244"/>
<!-- cceid A0DCED7C-6E3A-1014-83DD-942C093A1DD9 --><String CONTENT="A" HEIGHT="39" WIDTH="40" VPOS="1556" HPOS="1285"/>
<SP HEIGHT="42" WIDTH="35" VPOS="1554" HPOS="1326"/>
<String CONTENT="96330;" HEIGHT="48" WIDTH="171" VPOS="1554" HPOS="1362"/>
<SP HEIGHT="46" WIDTH="41" VPOS="1556" HPOS="1534"/>
<String LANG="ru" CONTENT="&#1057;." HEIGHT="40" WIDTH="48" VPOS="1556" HPOS="1576"/>
<SP HEIGHT="38" WIDTH="41" VPOS="1557" HPOS="1625"/>
<String CONTENT="M." HEIGHT="39" WIDTH="62" VPOS="1557" HPOS="1667"/>
<SP HEIGHT="40" WIDTH="38" VPOS="1556" HPOS="1730"/>
<String CONTENT="Howell," HEIGHT="49" WIDTH="204" VPOS="1555" HPOS="1769"/>
<SP HEIGHT="48" WIDTH="38" VPOS="1556" HPOS="1974"/>
<String CONTENT="New" HEIGHT="39" WIDTH="117" VPOS="1556" HPOS="2013"/>
</TextLine>
<TextLine HEIGHT="49" WIDTH="796" VPOS="1612" HPOS="203">
<String CONTENT="Brunswick," HEIGHT="49" WIDTH="300" VPOS="1612" HPOS="203"/>
<SP HEIGHT="48" WIDTH="22" VPOS="1613" HPOS="504"/>
<String CONTENT="N." HEIGHT="41" WIDTH="56" VPOS="1613" HPOS="527"/>
<SP HEIGHT="40" WIDTH="24" VPOS="1614" HPOS="584"/>
<String CONTENT="J." HEIGHT="41" WIDTH="43" VPOS="1614" HPOS="609"/>
<SP HEIGHT="48" WIDTH="65" VPOS="1613" HPOS="653"/>
<String CONTENT="(36-15562)" HEIGHT="48" WIDTH="280" VPOS="1613" HPOS="719"/>
</TextLine>
<TextLine HEIGHT="67" WIDTH="902" VPOS="1715" HPOS="131" STYLEREFS="StyleId-1C67E9CF-ABCD-458C-BD26-E2563168E1B3-">
<String CONTENT="Illinois." HEIGHT="53" WIDTH="239" VPOS="1715" HPOS="131"/>
<SP HEIGHT="51" WIDTH="71" VPOS="1717" HPOS="371"/>
<String CONTENT="Laws," HEIGHT="65" WIDTH="183" VPOS="1717" HPOS="443"/>
<SP HEIGHT="48" WIDTH="23" VPOS="1734" HPOS="627"/>
<String CONTENT="statutes," HEIGHT="61" WIDTH="255" VPOS="1721" HPOS="651"/>
<SP HEIGHT="48" WIDTH="25" VPOS="1734" HPOS="907"/>
<String CONTENT="etc." HEIGHT="47" WIDTH="100" VPOS="1722" HPOS="933"/>
</TextLine>
<TextLine HEIGHT="55" WIDTH="1915" VPOS="1792" HPOS="209" STYLEREFS="StyleId-16143CC3-C2DB-4AB2-A21B-23CAC93D0E4B-">
<String CONTENT="Smith-Hurd" HEIGHT="55" WIDTH="390" VPOS="1792" HPOS="209"/>
<SP HEIGHT="52" WIDTH="52" VPOS="1793" HPOS="600"/>
<String CONTENT="Illinois" HEIGHT="52" WIDTH="231" VPOS="1793" HPOS="653"/>
<SP HEIGHT="35" WIDTH="50" VPOS="1810" HPOS="885"/>
<String CONTENT="annotated" HEIGHT="53" WIDTH="307" VPOS="1792" HPOS="936"/>
<SP HEIGHT="53" WIDTH="51" VPOS="1792" HPOS="1244"/>
<String CONTENT="statutes." HEIGHT="49" WIDTH="255" VPOS="1798" HPOS="1296"/>
<SP HEIGHT="51" WIDTH="86" VPOS="1796" HPOS="1552"/>
<String CONTENT="Permanent" HEIGHT="51" WIDTH="350" VPOS="1796" HPOS="1639"/>
<SP HEIGHT="47" WIDTH="50" VPOS="1798" HPOS="1990"/>
<String CONTENT="ed." HEIGHT="53" WIDTH="83" VPOS="1793" HPOS="2041"/>
</TextLine>
<TextLine HEIGHT="69" WIDTH="1993" VPOS="1870" HPOS="136" STYLEREFS="StyleId-16143CC3-C2DB-4AB2-A21B-23CAC93D0E4B-">
<String CONTENT="Comprising" HEIGHT="68" WIDTH="366" VPOS="1870" HPOS="136"/>
<SP HEIGHT="61" WIDTH="38" VPOS="1877" HPOS="503"/>
<String CONTENT="the" HEIGHT="51" WIDTH="94" VPOS="1872" HPOS="542"/>
<SP HEIGHT="52" WIDTH="40" VPOS="1871" HPOS="637"/>
<String CONTENT="laws" HEIGHT="52" WIDTH="138" VPOS="1871" HPOS="678"/>
<SP HEIGHT="34" WIDTH="38" VPOS="1889" HPOS="817"/>
<String CONTENT="of" HEIGHT="52" WIDTH="63" VPOS="1871" HPOS="856"/>
<SP HEIGHT="53" WIDTH="39" VPOS="1871" HPOS="920"/>
<String CONTENT="a" HEIGHT="34" WIDTH="32" VPOS="1890" HPOS="960"/>
<SP HEIGHT="49" WIDTH="36" VPOS="1890" HPOS="993"/>
<String CONTENT="general" HEIGHT="67" WIDTH="229" VPOS="1872" HPOS="1030"/>
<SP HEIGHT="52" WIDTH="41" VPOS="1872" HPOS="1260"/>
<String CONTENT="and" HEIGHT="52" WIDTH="111" VPOS="1873" HPOS="1302"/>
<SP HEIGHT="66" WIDTH="40" VPOS="1873" HPOS="1414"/>
<String CONTENT="permanent" HEIGHT="61" WIDTH="335" VPOS="1878" HPOS="1455"/>
<SP HEIGHT="47" WIDTH="34" VPOS="1878" HPOS="1791"/>
<String CONTENT="nature" HEIGHT="48" WIDTH="203" VPOS="1877" HPOS="1826"/>
<SP HEIGHT="55" WIDTH="39" VPOS="1870" HPOS="2030"/>
<String CONTENT="in" HEIGHT="53" WIDTH="59" VPOS="1870" HPOS="2070"/>
</TextLine>
<TextLine HEIGHT="68" WIDTH="1993" VPOS="1949" HPOS="135" STYLEREFS="StyleId-16143CC3-C2DB-4AB2-A21B-23CAC93D0E4B-">
<String CONTENT="force" HEIGHT="53" WIDTH="152" VPOS="1949" HPOS="135"/>
<SP HEIGHT="34" WIDTH="31" VPOS="1968" HPOS="288"/>
<String CONTENT="at" HEIGHT="47" WIDTH="60" VPOS="1955" HPOS="320"/>
<SP HEIGHT="46" WIDTH="27" VPOS="1955" HPOS="381"/>
<String CONTENT="the" HEIGHT="52" WIDTH="95" VPOS="1950" HPOS="409"/>
<SP HEIGHT="34" WIDTH="29" VPOS="1968" HPOS="505"/>
<String CONTENT="end" HEIGHT="53" WIDTH="109" VPOS="1949" HPOS="535"/>
<SP HEIGHT="54" WIDTH="30" VPOS="1949" HPOS="645"/>
<String CONTENT="of" HEIGHT="54" WIDTH="62" VPOS="1949" HPOS="676"/>
<SP HEIGHT="53" WIDTH="31" VPOS="1949" HPOS="739"/>
<String CONTENT="the" HEIGHT="52" WIDTH="96" VPOS="1950" HPOS="771"/>
<SP HEIGHT="46" WIDTH="31" VPOS="1955" HPOS="868"/>
<String CONTENT="third" HEIGHT="53" WIDTH="158" VPOS="1950" HPOS="900"/>
<SP HEIGHT="52" WIDTH="30" VPOS="1950" HPOS="1059"/>
<String CONTENT="special" HEIGHT="68" WIDTH="208" VPOS="1949" HPOS="1090"/>
<SP HEIGHT="52" WIDTH="30" VPOS="1950" HPOS="1299"/>
<String CONTENT="session" HEIGHT="53" WIDTH="211" VPOS="1949" HPOS="1330"/>
<SP HEIGHT="34" WIDTH="31" VPOS="1968" HPOS="1542"/>
<String CONTENT="of" HEIGHT="52" WIDTH="62" VPOS="1950" HPOS="1574"/>
<SP HEIGHT="51" WIDTH="32" VPOS="1950" HPOS="1637"/>
<String CONTENT="the" HEIGHT="53" WIDTH="98" VPOS="1950" HPOS="1670"/>
<SP HEIGHT="53" WIDTH="26" VPOS="1950" HPOS="1769"/>
<String CONTENT="fifty-ninth" HEIGHT="68" WIDTH="332" VPOS="1949" HPOS="1796"/>
</TextLine>
<TextLine HEIGHT="69" WIDTH="1996" VPOS="2026" HPOS="133" STYLEREFS="StyleId-16143CC3-C2DB-4AB2-A21B-23CAC93D0E4B-">
<String CONTENT="General" HEIGHT="55" WIDTH="243" VPOS="2027" HPOS="133"/>
<SP HEIGHT="51" WIDTH="31" VPOS="2028" HPOS="377"/>
<String CONTENT="assembly" HEIGHT="67" WIDTH="277" VPOS="2027" HPOS="409"/>
<SP HEIGHT="65" WIDTH="29" VPOS="2029" HPOS="687"/>
<String CONTENT="April" HEIGHT="68" WIDTH="173" VPOS="2026" HPOS="717"/>
<SP HEIGHT="50" WIDTH="31" VPOS="2028" HPOS="891"/>
<String CONTENT="2," HEIGHT="63" WIDTH="49" VPOS="2031" HPOS="923"/>
<SP HEIGHT="63" WIDTH="33" VPOS="2031" HPOS="973"/>
<String CONTENT="1936." HEIGHT="49" WIDTH="150" VPOS="2031" HPOS="1007"/>
<SP HEIGHT="52" WIDTH="73" VPOS="2028" HPOS="1158"/>
<String CONTENT="Kept" HEIGHT="67" WIDTH="160" VPOS="2028" HPOS="1232"/>
<SP HEIGHT="49" WIDTH="28" VPOS="2032" HPOS="1393"/>
<String CONTENT="to" HEIGHT="48" WIDTH="58" VPOS="2032" HPOS="1422"/>
<SP HEIGHT="52" WIDTH="32" VPOS="2028" HPOS="1481"/>
<String CONTENT="date" HEIGHT="53" WIDTH="133" VPOS="2028" HPOS="1514"/>
<SP HEIGHT="53" WIDTH="26" VPOS="2028" HPOS="1648"/>
<String CONTENT="by" HEIGHT="67" WIDTH="76" VPOS="2028" HPOS="1675"/>
<SP HEIGHT="49" WIDTH="31" VPOS="2046" HPOS="1752"/>
<String CONTENT="cumulative" HEIGHT="53" WIDTH="345" VPOS="2027" HPOS="1784"/>
</TextLine>
<TextLine HEIGHT="146" WIDTH="1971" VPOS="2104" HPOS="133" STYLEREFS="StyleId-16143CC3-C2DB-4AB2-A21B-23CAC93D0E4B-" CS="1">
<String CONTENT="annual" HEIGHT="51" WIDTH="208" VPOS="2106" HPOS="134"/>
<SP HEIGHT="66" WIDTH="45" VPOS="2106" HPOS="343"/>
<String CONTENT="pocket" HEIGHT="67" WIDTH="205" VPOS="2105" HPOS="389"/>
<SP HEIGHT="63" WIDTH="41" VPOS="2109" HPOS="595"/>
<String CONTENT="parts," HEIGHT="62" WIDTH="177" VPOS="2110" HPOS="637"/>
<SP HEIGHT="48" WIDTH="46" VPOS="2124" HPOS="815"/>
<String CONTENT="with" HEIGHT="52" WIDTH="139" VPOS="2105" HPOS="862"/>
<SP HEIGHT="52" WIDTH="47" VPOS="2105" HPOS="1002"/>
<String CONTENT="annotations" HEIGHT="54" WIDTH="361" VPOS="2104" HPOS="1050"/>
<SP HEIGHT="53" WIDTH="47" VPOS="2105" HPOS="1412"/>
<String CONTENT="from" HEIGHT="53" WIDTH="154" VPOS="2105" HPOS="1460"/>
<SP HEIGHT="47" WIDTH="45" VPOS="2111" HPOS="1615"/>
<String CONTENT="the" HEIGHT="52" WIDTH="96" VPOS="2106" HPOS="1661"/>
<SP HEIGHT="35" WIDTH="44" VPOS="2124" HPOS="1758"/>
<String CONTENT="cases" HEIGHT="35" WIDTH="150" VPOS="2124" HPOS="1803"/>
<SP HEIGHT="34" WIDTH="47" VPOS="2124" HPOS="1954"/>
<String CONTENT="construing" HEIGHT="126" WIDTH="1971" VPOS="2124" HPOS="133"/>
</TextLine>
<TextLine HEIGHT="132" WIDTH="1971" VPOS="2183" HPOS="132" STYLEREFS="StyleId-16143CC3-C2DB-4AB2-A21B-23CAC93D0E4B-" CS="1">
<String CONTENT="or" HEIGHT="35" WIDTH="63" VPOS="2202" HPOS="381"/>
<SP HEIGHT="34" WIDTH="23" VPOS="2202" HPOS="445"/>
<String CONTENT="applying" HEIGHT="66" WIDTH="282" VPOS="2184" HPOS="469"/>
<SP HEIGHT="62" WIDTH="20" VPOS="2188" HPOS="752"/>
<String CONTENT="the" HEIGHT="52" WIDTH="96" VPOS="2184" HPOS="773"/>
<SP HEIGHT="53" WIDTH="24" VPOS="2183" HPOS="870"/>
<String CONTENT="laws" HEIGHT="52" WIDTH="137" VPOS="2183" HPOS="895"/>
<SP HEIGHT="34" WIDTH="25" VPOS="2201" HPOS="1033"/>
<String CONTENT="and" HEIGHT="51" WIDTH="112" VPOS="2184" HPOS="1059"/>
<SP HEIGHT="51" WIDTH="23" VPOS="2184" HPOS="1172"/>
<String CONTENT="with" HEIGHT="51" WIDTH="140" VPOS="2184" HPOS="1196"/>
<SP HEIGHT="52" WIDTH="23" VPOS="2184" HPOS="1337"/>
<String CONTENT="tables" HEIGHT="52" WIDTH="183" VPOS="2184" HPOS="1361"/>
<SP HEIGHT="35" WIDTH="23" VPOS="2201" HPOS="1545"/>
<String CONTENT="and" HEIGHT="52" WIDTH="112" VPOS="2184" HPOS="1569"/>
<SP HEIGHT="52" WIDTH="23" VPOS="2184" HPOS="1682"/>
<String CONTENT="index," HEIGHT="52" WIDTH="188" VPOS="2184" HPOS="1706"/>
<SP HEIGHT="33" WIDTH="61" VPOS="2203" HPOS="1895"/>
<String CONTENT="chapters" HEIGHT="130" WIDTH="1971" VPOS="2184" HPOS="132"/>
<SP HEIGHT="48" WIDTH="39" VPOS="2266" HPOS="245"/>
<String CONTENT="63-73." HEIGHT="53" WIDTH="184" VPOS="2262" HPOS="285"/>
</TextLine>
<TextLine HEIGHT="69" WIDTH="1615" VPOS="2261" HPOS="513" STYLEREFS="StyleId-16143CC3-C2DB-4AB2-A21B-23CAC93D0E4B-">
<String CONTENT="General" HEIGHT="55" WIDTH="245" VPOS="2261" HPOS="513"/>
<SP HEIGHT="52" WIDTH="41" VPOS="2262" HPOS="759"/>
<String CONTENT="assembly-insurance." HEIGHT="67" WIDTH="640" VPOS="2262" HPOS="801"/>
<SP HEIGHT="51" WIDTH="78" VPOS="2265" HPOS="1442"/>
<String CONTENT="By" HEIGHT="64" WIDTH="91" VPOS="2265" HPOS="1521"/>
<SP HEIGHT="61" WIDTH="39" VPOS="2268" HPOS="1613"/>
<String CONTENT="the" HEIGHT="52" WIDTH="97" VPOS="2263" HPOS="1653"/>
<SP HEIGHT="49" WIDTH="37" VPOS="2281" HPOS="1751"/>
<String CONTENT="publishers&#8217;" HEIGHT="67" WIDTH="339" VPOS="2263" HPOS="1789"/>
</TextLine>
<TextLine HEIGHT="69" WIDTH="1996" VPOS="2339" HPOS="132" STYLEREFS="StyleId-16143CC3-C2DB-4AB2-A21B-23CAC93D0E4B-">
<String CONTENT="editorial" HEIGHT="53" WIDTH="265" VPOS="2340" HPOS="132"/>
<SP HEIGHT="52" WIDTH="35" VPOS="2340" HPOS="398"/>
<String CONTENT="staff." HEIGHT="53" WIDTH="152" VPOS="2340" HPOS="434"/>
<SP HEIGHT="54" WIDTH="79" VPOS="2339" HPOS="587"/>
<String CONTENT="Chicago," HEIGHT="67" WIDTH="269" VPOS="2339" HPOS="667"/>
<SP HEIGHT="64" WIDTH="39" VPOS="2342" HPOS="937"/>
<String CONTENT="Ill.," HEIGHT="67" WIDTH="113" VPOS="2340" HPOS="977"/>
<SP HEIGHT="65" WIDTH="41" VPOS="2342" HPOS="1091"/>
<String CONTENT="Burdette" HEIGHT="52" WIDTH="279" VPOS="2340" HPOS="1133"/>
<SP HEIGHT="55" WIDTH="42" VPOS="2339" HPOS="1413"/>
<String CONTENT="Smith" HEIGHT="55" WIDTH="189" VPOS="2339" HPOS="1456"/>
<SP HEIGHT="51" WIDTH="41" VPOS="2341" HPOS="1646"/>
<String CONTENT="company;" HEIGHT="51" WIDTH="307" VPOS="2357" HPOS="1688"/>
<SP HEIGHT="67" WIDTH="47" VPOS="2341" HPOS="1996"/>
<String CONTENT="St." HEIGHT="55" WIDTH="84" VPOS="2341" HPOS="2044"/>
</TextLine>
<TextLine HEIGHT="69" WIDTH="1580" VPOS="2417" HPOS="133" STYLEREFS="StyleId-16143CC3-C2DB-4AB2-A21B-23CAC93D0E4B-" CS="1">
<String CONTENT="Paul," HEIGHT="66" WIDTH="163" VPOS="2418" HPOS="133"/>
<SP HEIGHT="65" WIDTH="19" VPOS="2419" HPOS="297"/>
<String CONTENT="Minn.," HEIGHT="66" WIDTH="202" VPOS="2417" HPOS="317"/>
<SP HEIGHT="64" WIDTH="22" VPOS="2419" HPOS="520"/>
<String CONTENT="West" HEIGHT="54" WIDTH="161" VPOS="2419" HPOS="543"/>
<SP HEIGHT="60" WIDTH="22" VPOS="2424" HPOS="705"/>
<String CONTENT="publishing" HEIGHT="67" WIDTH="334" VPOS="2418" HPOS="728"/>
<SP HEIGHT="50" WIDTH="23" VPOS="2435" HPOS="1063"/>
<String LANG="ru" CS="1" CONTENT="co.;" HEIGHT="36" WIDTH="77" VPOS="2435" HPOS="1087"/>
<SP HEIGHT="49" WIDTH="34" VPOS="2437" HPOS="1195"/>
<String CS="1" CONTENT="[etc.," HEIGHT="62" WIDTH="119" VPOS="2423" HPOS="1248"/>
<SP HEIGHT="47" WIDTH="25" VPOS="2438" HPOS="1368"/>
<String CONTENT="etc.," HEIGHT="60" WIDTH="119" VPOS="2424" HPOS="1394"/>
<SP HEIGHT="60" WIDTH="23" VPOS="2424" HPOS="1514"/>
<String STYLE="superscript" CONTENT="c" HEIGHT="21" WIDTH="18" VPOS="2424" HPOS="1538"/>
<String CONTENT="1936]" HEIGHT="65" WIDTH="151" VPOS="2421" HPOS="1562"/>
</TextLine>
<TextLine HEIGHT="49" WIDTH="365" VPOS="2490" HPOS="237" CS="1">
<String CS="1" CONTENT="x," HEIGHT="17" WIDTH="9" VPOS="2522" HPOS="237"/>
<SP HEIGHT="49" WIDTH="26" VPOS="2490" HPOS="247"/>
<String CONTENT="969" HEIGHT="41" WIDTH="89" VPOS="2490" HPOS="274"/>
<SP HEIGHT="48" WIDTH="20" VPOS="2490" HPOS="364"/>
<String CONTENT="p." HEIGHT="38" WIDTH="45" VPOS="2500" HPOS="385"/>
<SP HEIGHT="39" WIDTH="54" VPOS="2490" HPOS="431"/>
<String CONTENT="24" HEIGHT="39" WIDTH="56" VPOS="2490" HPOS="486"/>
<String STYLE="superscript" CONTENT="cm" HEIGHT="21" WIDTH="44" VPOS="2492" HPOS="544"/>
<String CONTENT="." HEIGHT="9" WIDTH="8" VPOS="2523" HPOS="594"/>
</TextLine>
<TextLine HEIGHT="54" WIDTH="1998" VPOS="2542" HPOS="133" CS="1">
<String CONTENT="&#169;" HEIGHT="53" WIDTH="55" VPOS="2542" HPOS="133"/>
<SP HEIGHT="53" WIDTH="28" VPOS="2542" HPOS="189"/>
<String CONTENT="June" HEIGHT="40" WIDTH="126" VPOS="2547" HPOS="218"/>
<SP HEIGHT="38" WIDTH="30" VPOS="2547" HPOS="345"/>
<String CONTENT="22," HEIGHT="49" WIDTH="69" VPOS="2547" HPOS="376"/>
<SP HEIGHT="50" WIDTH="32" VPOS="2546" HPOS="446"/>
<String CS="1" CONTENT="1936;" HEIGHT="41" WIDTH="116" VPOS="2546" HPOS="479"/>
<SP HEIGHT="48" WIDTH="32" VPOS="2546" HPOS="621"/>
<String CONTENT="2c." HEIGHT="39" WIDTH="68" VPOS="2546" HPOS="654"/>
<SP HEIGHT="39" WIDTH="34" VPOS="2547" HPOS="723"/>
<String CONTENT="July" HEIGHT="47" WIDTH="115" VPOS="2546" HPOS="758"/>
<SP HEIGHT="46" WIDTH="31" VPOS="2547" HPOS="874"/>
<String CONTENT="13;" HEIGHT="46" WIDTH="81" VPOS="2547" HPOS="906"/>
<SP HEIGHT="37" WIDTH="36" VPOS="2556" HPOS="988"/>
<String CONTENT="aff." HEIGHT="41" WIDTH="82" VPOS="2546" HPOS="1025"/>
<SP HEIGHT="40" WIDTH="34" VPOS="2547" HPOS="1108"/>
<String CONTENT="July" HEIGHT="48" WIDTH="117" VPOS="2546" HPOS="1143"/>
<SP HEIGHT="47" WIDTH="32" VPOS="2547" HPOS="1261"/>
<String CONTENT="15;" HEIGHT="46" WIDTH="81" VPOS="2547" HPOS="1294"/>
<SP HEIGHT="46" WIDTH="34" VPOS="2547" HPOS="1376"/>
<!-- cceid A0DD5A7A-6E3A-1014-83DD-942C093A1DD9 --><String CONTENT="A" HEIGHT="39" WIDTH="43" VPOS="2547" HPOS="1411"/>
<SP HEIGHT="40" WIDTH="30" VPOS="2546" HPOS="1455"/>
<String CONTENT="96498;" HEIGHT="48" WIDTH="171" VPOS="2545" HPOS="1486"/>
<SP HEIGHT="46" WIDTH="36" VPOS="2547" HPOS="1658"/>
<String CONTENT="Burdette" HEIGHT="41" WIDTH="238" VPOS="2546" HPOS="1695"/>
<SP HEIGHT="41" WIDTH="35" VPOS="2547" HPOS="1934"/>
<String CONTENT="Smith" HEIGHT="42" WIDTH="161" VPOS="2546" HPOS="1970"/>
</TextLine>
<TextLine HEIGHT="50" WIDTH="1205" VPOS="2602" HPOS="202">
<String LANG="ru" CONTENT="co.," HEIGHT="39" WIDTH="82" VPOS="2613" HPOS="202"/>
<SP HEIGHT="48" WIDTH="28" VPOS="2604" HPOS="285"/>
<String LANG="en-US" CONTENT="Vernon" HEIGHT="39" WIDTH="192" VPOS="2604" HPOS="314"/>
<SP HEIGHT="39" WIDTH="30" VPOS="2603" HPOS="507"/>
<String LANG="en-US" CONTENT="law" HEIGHT="39" WIDTH="95" VPOS="2603" HPOS="538"/>
<SP HEIGHT="39" WIDTH="27" VPOS="2603" HPOS="634"/>
<String LANG="en-US" CONTENT="book" HEIGHT="39" WIDTH="125" VPOS="2603" HPOS="662"/>
<SP HEIGHT="39" WIDTH="22" VPOS="2603" HPOS="788"/>
<String LANG="ru" CONTENT="co." HEIGHT="30" WIDTH="68" VPOS="2613" HPOS="811"/>
<SP HEIGHT="31" WIDTH="29" VPOS="2612" HPOS="880"/>
<String LANG="en-US" CONTENT="and" HEIGHT="39" WIDTH="96" VPOS="2603" HPOS="910"/>
<SP HEIGHT="40" WIDTH="28" VPOS="2603" HPOS="1007"/>
<String LANG="en-US" CONTENT="West" HEIGHT="40" WIDTH="134" VPOS="2603" HPOS="1036"/>
<SP HEIGHT="46" WIDTH="27" VPOS="2605" HPOS="1171"/>
<String LANG="en-US" CONTENT="pub." HEIGHT="49" WIDTH="110" VPOS="2602" HPOS="1199"/>
<SP HEIGHT="31" WIDTH="30" VPOS="2612" HPOS="1310"/>
<String LANG="ru" CONTENT="co." HEIGHT="30" WIDTH="66" VPOS="2612" HPOS="1341"/>
</TextLine>
<TextLine HEIGHT="66" WIDTH="1133" VPOS="2698" HPOS="129" STYLEREFS="StyleId-8454BFB9-0ECA-4D21-9AC5-1701CD55D67F-">
<String CONTENT="Jeske-Chomski," HEIGHT="66" WIDTH="507" VPOS="2698" HPOS="129"/>
<SP HEIGHT="64" WIDTH="26" VPOS="2700" HPOS="637"/>
<String CONTENT="Teodor," HEIGHT="62" WIDTH="243" VPOS="2700" HPOS="664"/>
<SP HEIGHT="56" WIDTH="27" VPOS="2706" HPOS="908"/>
<String CONTENT="185P-1920." HEIGHT="51" WIDTH="326" VPOS="2704" HPOS="936"/>
</TextLine>
<TextLine HEIGHT="70" WIDTH="1925" VPOS="2774" HPOS="203" STYLEREFS="StyleId-16143CC3-C2DB-4AB2-A21B-23CAC93D0E4B-">
<String CONTENT="The" HEIGHT="52" WIDTH="122" VPOS="2777" HPOS="203"/>
<SP HEIGHT="52" WIDTH="31" VPOS="2777" HPOS="326"/>
<String CONTENT="last" HEIGHT="53" WIDTH="112" VPOS="2777" HPOS="358"/>
<SP HEIGHT="53" WIDTH="29" VPOS="2777" HPOS="471"/>
<String CONTENT="Homans," HEIGHT="67" WIDTH="270" VPOS="2777" HPOS="501"/>
<SP HEIGHT="70" WIDTH="34" VPOS="2774" HPOS="772"/>
<String CONTENT="&#8220;Ostatni" HEIGHT="56" WIDTH="264" VPOS="2774" HPOS="807"/>
<SP HEIGHT="54" WIDTH="34" VPOS="2776" HPOS="1072"/>
<String CONTENT="Rzymianie&#8221;;" HEIGHT="69" WIDTH="401" VPOS="2775" HPOS="1107"/>
<SP HEIGHT="49" WIDTH="37" VPOS="2794" HPOS="1509"/>
<String CONTENT="a" HEIGHT="35" WIDTH="31" VPOS="2795" HPOS="1547"/>
<SP HEIGHT="48" WIDTH="32" VPOS="2782" HPOS="1579"/>
<String CONTENT="tale" HEIGHT="52" WIDTH="114" VPOS="2778" HPOS="1612"/>
<SP HEIGHT="36" WIDTH="33" VPOS="2794" HPOS="1727"/>
<String CONTENT="of" HEIGHT="55" WIDTH="64" VPOS="2775" HPOS="1761"/>
<SP HEIGHT="54" WIDTH="32" VPOS="2775" HPOS="1826"/>
<String CONTENT="the" HEIGHT="52" WIDTH="97" VPOS="2777" HPOS="1859"/>
<SP HEIGHT="48" WIDTH="32" VPOS="2782" HPOS="1957"/>
<String CONTENT="time" HEIGHT="53" WIDTH="138" VPOS="2777" HPOS="1990"/>
</TextLine>
<TextLine HEIGHT="70" WIDTH="1994" VPOS="2853" HPOS="133" STYLEREFS="StyleId-16143CC3-C2DB-4AB2-A21B-23CAC93D0E4B-" CS="1">
<String CONTENT="of" HEIGHT="55" WIDTH="63" VPOS="2854" HPOS="133"/>
<SP HEIGHT="54" WIDTH="37" VPOS="2854" HPOS="197"/>
<String CONTENT="Theodosius" HEIGHT="55" WIDTH="349" VPOS="2854" HPOS="235"/>
<SP HEIGHT="49" WIDTH="37" VPOS="2859" HPOS="585"/>
<String CONTENT="the" HEIGHT="55" WIDTH="97" VPOS="2854" HPOS="623"/>
<SP HEIGHT="56" WIDTH="38" VPOS="2854" HPOS="721"/>
<String CONTENT="Great," HEIGHT="69" WIDTH="194" VPOS="2854" HPOS="760"/>
<SP HEIGHT="69" WIDTH="35" VPOS="2854" HPOS="955"/>
<String CONTENT="by" HEIGHT="69" WIDTH="76" VPOS="2854" HPOS="991"/>
<SP HEIGHT="68" WIDTH="36" VPOS="2855" HPOS="1068"/>
<String CONTENT="Theodore" HEIGHT="54" WIDTH="296" VPOS="2854" HPOS="1105"/>
<SP HEIGHT="55" WIDTH="34" VPOS="2854" HPOS="1402"/>
<String CS="1" CONTENT="Jeske-Choinski;" HEIGHT="58" WIDTH="476" VPOS="2853" HPOS="1437"/>
<SP HEIGHT="48" WIDTH="42" VPOS="2873" HPOS="1944"/>
<String CONTENT="with" HEIGHT="55" WIDTH="140" VPOS="2854" HPOS="1987"/>
</TextLine>
<TextLine HEIGHT="71" WIDTH="1756" VPOS="2931" HPOS="133" STYLEREFS="StyleId-16143CC3-C2DB-4AB2-A21B-23CAC93D0E4B-" CS="1">
<String CONTENT="foreword" HEIGHT="54" WIDTH="285" VPOS="2932" HPOS="133"/>
<SP HEIGHT="52" WIDTH="24" VPOS="2933" HPOS="419"/>
<String CONTENT="and" HEIGHT="53" WIDTH="113" VPOS="2933" HPOS="444"/>
<SP HEIGHT="53" WIDTH="25" VPOS="2933" HPOS="558"/>
<String CONTENT="archaeological" HEIGHT="71" WIDTH="447" VPOS="2931" HPOS="584"/>
<SP HEIGHT="52" WIDTH="23" VPOS="2933" HPOS="1032"/>
<String CONTENT="note" HEIGHT="48" WIDTH="132" VPOS="2937" HPOS="1056"/>
<SP HEIGHT="52" WIDTH="22" VPOS="2933" HPOS="1189"/>
<String CONTENT="by" HEIGHT="68" WIDTH="75" VPOS="2933" HPOS="1212"/>
<SP HEIGHT="69" WIDTH="24" VPOS="2932" HPOS="1288"/>
<String CONTENT="G." HEIGHT="56" WIDTH="68" VPOS="2932" HPOS="1313"/>
<SP HEIGHT="52" WIDTH="26" VPOS="2934" HPOS="1382"/>
<String CONTENT="Barry" HEIGHT="67" WIDTH="189" VPOS="2934" HPOS="1409"/>
<SP HEIGHT="69" WIDTH="26" VPOS="2932" HPOS="1599"/>
<String CONTENT="O&#8217;Toole." HEIGHT="55" WIDTH="263" VPOS="2932" HPOS="1626"/>
</TextLine>
<TextLine HEIGHT="148" WIDTH="1970" VPOS="2931" HPOS="132" STYLEREFS="StyleId-16143CC3-C2DB-4AB2-A21B-23CAC93D0E4B-" CS="1">
<String CONTENT="Pittsburgh," HEIGHT="148" WIDTH="1970" VPOS="2931" HPOS="132"/>
<SP HEIGHT="66" WIDTH="30" VPOS="3012" HPOS="336"/>
<String CONTENT="Pa.," HEIGHT="66" WIDTH="119" VPOS="3012" HPOS="367"/>
<SP HEIGHT="66" WIDTH="31" VPOS="3012" HPOS="487"/>
<String CONTENT="The" HEIGHT="53" WIDTH="121" VPOS="3011" HPOS="519"/>
<SP HEIGHT="52" WIDTH="30" VPOS="3012" HPOS="641"/>
<String CONTENT="Pittsburgher" HEIGHT="69" WIDTH="406" VPOS="3010" HPOS="672"/>
<SP HEIGHT="49" WIDTH="32" VPOS="3029" HPOS="1079"/>
<String CONTENT="printing" HEIGHT="70" WIDTH="263" VPOS="3009" HPOS="1112"/>
<SP HEIGHT="66" WIDTH="29" VPOS="3013" HPOS="1376"/>
<String CONTENT="&amp;" HEIGHT="51" WIDTH="46" VPOS="3013" HPOS="1406"/>
<SP HEIGHT="66" WIDTH="29" VPOS="3013" HPOS="1453"/>
<String CONTENT="publ." HEIGHT="68" WIDTH="156" VPOS="3011" HPOS="1483"/>
<SP HEIGHT="36" WIDTH="32" VPOS="3029" HPOS="1640"/>
<String LANG="ru" CONTENT="co." HEIGHT="35" WIDTH="78" VPOS="3029" HPOS="1673"/>
<SP HEIGHT="36" WIDTH="39" VPOS="3043" HPOS="1752"/>
<String CONTENT="[" HEIGHT="36" WIDTH="14" VPOS="3043" HPOS="1792"/>
<String STYLE="superscript" CONTENT="c" HEIGHT="22" WIDTH="18" VPOS="3017" HPOS="1810"/>
<String CONTENT="1936]" HEIGHT="64" WIDTH="153" VPOS="3014" HPOS="1833"/>
</TextLine>
<TextLine HEIGHT="51" WIDTH="967" VPOS="3083" HPOS="200" CS="1">
<String CONTENT="2" HEIGHT="39" WIDTH="27" VPOS="3083" HPOS="200"/>
<SP/>
<String CONTENT="p." HEIGHT="38" WIDTH="44" VPOS="3095" HPOS="252"/>
<SP/>
<String CS="1" CONTENT="l.,"/>
<SP/>
<String CONTENT="xiv," HEIGHT="48" WIDTH="97" VPOS="3085" HPOS="392"/>
<SP HEIGHT="48" WIDTH="24" VPOS="3085" HPOS="490"/>
<String CONTENT="459," HEIGHT="47" WIDTH="99" VPOS="3084" HPOS="515"/>
<SP HEIGHT="30" WIDTH="29" VPOS="3104" HPOS="615"/>
<String CONTENT="[1]" HEIGHT="49" WIDTH="56" VPOS="3085" HPOS="645"/>
<SP HEIGHT="39" WIDTH="24" VPOS="3095" HPOS="702"/>
<String CONTENT="p." HEIGHT="38" WIDTH="45" VPOS="3095" HPOS="727"/>
<SP HEIGHT="38" WIDTH="51" VPOS="3095" HPOS="773"/>
<String CONTENT="plates." HEIGHT="48" WIDTH="172" VPOS="3085" HPOS="825"/>
<SP HEIGHT="41" WIDTH="51" VPOS="3084" HPOS="998"/>
<String CONTENT="20" HEIGHT="40" WIDTH="57" VPOS="3084" HPOS="1050"/>
<String STYLE="superscript" CONTENT="cm" HEIGHT="21" WIDTH="43" VPOS="3086" HPOS="1111"/>
<String CONTENT="." HEIGHT="10" WIDTH="10" VPOS="3116" HPOS="1157"/>
</TextLine>
<TextLine HEIGHT="51" WIDTH="1755" VPOS="3140" HPOS="204">
<String CONTENT="Each" HEIGHT="40" WIDTH="132" VPOS="3140" HPOS="204"/>
<SP HEIGHT="39" WIDTH="27" VPOS="3141" HPOS="337"/>
<String CONTENT="chapter" HEIGHT="48" WIDTH="200" VPOS="3141" HPOS="365"/>
<SP HEIGHT="37" WIDTH="27" VPOS="3152" HPOS="566"/>
<String CONTENT="preceded" HEIGHT="47" WIDTH="235" VPOS="3142" HPOS="594"/>
<SP HEIGHT="40" WIDTH="28" VPOS="3142" HPOS="830"/>
<String CONTENT="by" HEIGHT="47" WIDTH="59" VPOS="3142" HPOS="859"/>
<SP HEIGHT="47" WIDTH="27" VPOS="3142" HPOS="919"/>
<String CONTENT="half-title" HEIGHT="42" WIDTH="236" VPOS="3140" HPOS="947"/>
<SP HEIGHT="30" WIDTH="26" VPOS="3152" HPOS="1184"/>
<String CONTENT="not" HEIGHT="38" WIDTH="86" VPOS="3144" HPOS="1211"/>
<SP HEIGHT="41" WIDTH="24" VPOS="3141" HPOS="1298"/>
<String CONTENT="included" HEIGHT="41" WIDTH="226" VPOS="3141" HPOS="1323"/>
<SP HEIGHT="41" WIDTH="27" VPOS="3141" HPOS="1550"/>
<String CONTENT="in" HEIGHT="40" WIDTH="51" VPOS="3141" HPOS="1578"/>
<SP HEIGHT="38" WIDTH="25" VPOS="3144" HPOS="1630"/>
<String CONTENT="the" HEIGHT="40" WIDTH="82" VPOS="3142" HPOS="1656"/>
<SP HEIGHT="38" WIDTH="27" VPOS="3152" HPOS="1739"/>
<String CONTENT="paging." HEIGHT="49" WIDTH="192" VPOS="3142" HPOS="1767"/>
</TextLine>
<TextLine HEIGHT="56" WIDTH="1992" VPOS="3193" HPOS="132">
<String CONTENT="&#169;" HEIGHT="53" WIDTH="52" VPOS="3193" HPOS="132"/>
<SP HEIGHT="53" WIDTH="31" VPOS="3193" HPOS="185"/>
<String CONTENT="July" HEIGHT="47" WIDTH="115" VPOS="3198" HPOS="217"/>
<SP HEIGHT="47" WIDTH="28" VPOS="3198" HPOS="333"/>
<String CONTENT="2," HEIGHT="48" WIDTH="39" VPOS="3198" HPOS="362"/>
<SP HEIGHT="47" WIDTH="32" VPOS="3199" HPOS="402"/>
<String CONTENT="1936;" HEIGHT="48" WIDTH="140" VPOS="3197" HPOS="435"/>
<SP HEIGHT="47" WIDTH="30" VPOS="3198" HPOS="576"/>
<String CONTENT="2c." HEIGHT="41" WIDTH="70" VPOS="3198" HPOS="607"/>
<SP HEIGHT="31" WIDTH="31" VPOS="3208" HPOS="678"/>
<String CONTENT="and" HEIGHT="39" WIDTH="97" VPOS="3198" HPOS="710"/>
<SP HEIGHT="39" WIDTH="30" VPOS="3198" HPOS="808"/>
<String CONTENT="aff." HEIGHT="41" WIDTH="82" VPOS="3198" HPOS="839"/>
<SP HEIGHT="40" WIDTH="32" VPOS="3199" HPOS="922"/>
<String CONTENT="July" HEIGHT="47" WIDTH="114" VPOS="3198" HPOS="955"/>
<SP HEIGHT="46" WIDTH="31" VPOS="3199" HPOS="1070"/>
<String CONTENT="14;" HEIGHT="47" WIDTH="82" VPOS="3199" HPOS="1102"/>
<SP HEIGHT="47" WIDTH="33" VPOS="3199" HPOS="1185"/>
<!-- cceid A0DDD0AC-6E3A-1014-83DD-942C093A1DD9 --><String CONTENT="A" HEIGHT="39" WIDTH="43" VPOS="3199" HPOS="1219"/>
<SP HEIGHT="40" WIDTH="27" VPOS="3198" HPOS="1263"/>
<String CONTENT="96422;" HEIGHT="49" WIDTH="170" VPOS="3197" HPOS="1291"/>
<SP HEIGHT="48" WIDTH="36" VPOS="3198" HPOS="1462"/>
<String CONTENT="George" HEIGHT="48" WIDTH="183" VPOS="3198" HPOS="1499"/>
<SP HEIGHT="39" WIDTH="31" VPOS="3199" HPOS="1683"/>
<String CONTENT="Barry" HEIGHT="46" WIDTH="160" VPOS="3199" HPOS="1715"/>
<SP HEIGHT="46" WIDTH="32" VPOS="3199" HPOS="1876"/>
<String CONTENT="O&#8217;Toole," HEIGHT="51" WIDTH="215" VPOS="3198" HPOS="1909"/>
</TextLine>
<TextLine HEIGHT="48" WIDTH="642" VPOS="3254" HPOS="202">
<String CONTENT="Pittsburgh." HEIGHT="48" WIDTH="298" VPOS="3254" HPOS="202"/>
<SP HEIGHT="48" WIDTH="62" VPOS="3254" HPOS="501"/>
<String CONTENT="(36-15380)" HEIGHT="48" WIDTH="280" VPOS="3254" HPOS="564"/>
</TextLine>
<TextLine HEIGHT="65" WIDTH="956" VPOS="3350" HPOS="128" STYLEREFS="StyleId-8454BFB9-0ECA-4D21-9AC5-1701CD55D67F-">
<String CONTENT="Jones," HEIGHT="64" WIDTH="196" VPOS="3350" HPOS="128"/>
<SP HEIGHT="63" WIDTH="26" VPOS="3351" HPOS="325"/>
<String CONTENT="Rufus" HEIGHT="53" WIDTH="198" VPOS="3350" HPOS="352"/>
<SP HEIGHT="52" WIDTH="24" VPOS="3351" HPOS="551"/>
<String CONTENT="Matthew," HEIGHT="65" WIDTH="307" VPOS="3350" HPOS="576"/>
<SP HEIGHT="57" WIDTH="29" VPOS="3358" HPOS="884"/>
<String CONTENT="1863-" HEIGHT="49" WIDTH="170" VPOS="3356" HPOS="914"/>
</TextLine>
<TextLine HEIGHT="68" WIDTH="1923" VPOS="3427" HPOS="201" STYLEREFS="StyleId-16143CC3-C2DB-4AB2-A21B-23CAC93D0E4B-">
<String CONTENT="The" HEIGHT="52" WIDTH="119" VPOS="3428" HPOS="201"/>
<SP HEIGHT="47" WIDTH="20" VPOS="3435" HPOS="321"/>
<String CONTENT="testimony" HEIGHT="66" WIDTH="304" VPOS="3428" HPOS="342"/>
<SP HEIGHT="48" WIDTH="24" VPOS="3446" HPOS="647"/>
<String CONTENT="of" HEIGHT="53" WIDTH="62" VPOS="3427" HPOS="672"/>
<SP HEIGHT="53" WIDTH="24" VPOS="3427" HPOS="735"/>
<String CONTENT="the" HEIGHT="51" WIDTH="94" VPOS="3429" HPOS="760"/>
<SP HEIGHT="35" WIDTH="21" VPOS="3445" HPOS="855"/>
<String CONTENT="soul," HEIGHT="66" WIDTH="139" VPOS="3428" HPOS="877"/>
<SP HEIGHT="65" WIDTH="21" VPOS="3429" HPOS="1017"/>
<String CONTENT="by" HEIGHT="66" WIDTH="73" VPOS="3429" HPOS="1039"/>
<SP HEIGHT="66" WIDTH="23" VPOS="3429" HPOS="1113"/>
<String CONTENT="Rufus" HEIGHT="53" WIDTH="190" VPOS="3428" HPOS="1137"/>
<SP HEIGHT="52" WIDTH="22" VPOS="3429" HPOS="1328"/>
<String CONTENT="M." HEIGHT="53" WIDTH="81" VPOS="3429" HPOS="1351"/>
<SP HEIGHT="53" WIDTH="23" VPOS="3430" HPOS="1433"/>
<String CONTENT="Jones" HEIGHT="53" WIDTH="175" VPOS="3430" HPOS="1457"/>
<SP HEIGHT="38" WIDTH="27" VPOS="3445" HPOS="1633"/>
<String CONTENT="..." HEIGHT="10" WIDTH="56" VPOS="3473" HPOS="1661"/>
<SP HEIGHT="55" WIDTH="61" VPOS="3428" HPOS="1718"/>
<String CONTENT="New" HEIGHT="54" WIDTH="139" VPOS="3428" HPOS="1780"/>
<SP HEIGHT="53" WIDTH="23" VPOS="3429" HPOS="1920"/>
<String CONTENT="York," HEIGHT="67" WIDTH="180" VPOS="3427" HPOS="1944"/>
</TextLine>
<TextLine HEIGHT="69" WIDTH="968" VPOS="3505" HPOS="129" STYLEREFS="StyleId-16143CC3-C2DB-4AB2-A21B-23CAC93D0E4B-">
<String CONTENT="The" HEIGHT="53" WIDTH="121" VPOS="3505" HPOS="129"/>
<SP HEIGHT="53" WIDTH="18" VPOS="3505" HPOS="251"/>
<String CONTENT="Macmillan" HEIGHT="53" WIDTH="333" VPOS="3505" HPOS="270"/>
<SP HEIGHT="35" WIDTH="22" VPOS="3523" HPOS="604"/>
<String CONTENT="company," HEIGHT="51" WIDTH="296" VPOS="3523" HPOS="627"/>
<SP HEIGHT="65" WIDTH="24" VPOS="3509" HPOS="924"/>
<String CONTENT="1936." HEIGHT="52" WIDTH="148" VPOS="3508" HPOS="949"/>
</TextLine>
<TextLine HEIGHT="48" WIDTH="635" VPOS="3578" HPOS="198" STYLEREFS="StyleId-16143CC3-C2DB-4AB2-A21B-23CAC93D0E4B-" CS="1">
<String CONTENT="vi" HEIGHT="39" WIDTH="50" VPOS="3578" HPOS="198"/>
<SP HEIGHT="48" WIDTH="21" VPOS="3578" HPOS="249"/>
<String CONTENT="p.," HEIGHT="38" WIDTH="59" VPOS="3588" HPOS="271"/>
<SP HEIGHT="46" WIDTH="24" VPOS="3580" HPOS="331"/>
<String CONTENT="1" HEIGHT="37" WIDTH="23" VPOS="3580" HPOS="356"/>
<SP/>
<String CS="1" CONTENT="l.,"/>
<SP/>
<String CONTENT="215" HEIGHT="40" WIDTH="87" VPOS="3578" HPOS="479"/>
<SP HEIGHT="48" WIDTH="20" VPOS="3578" HPOS="567"/>
<String CONTENT="p." HEIGHT="37" WIDTH="44" VPOS="3589" HPOS="588"/>
<SP HEIGHT="40" WIDTH="53" VPOS="3579" HPOS="633"/>
<String CS="1" CONTENT="20&#189;" HEIGHT="40" WIDTH="59" VPOS="3578" HPOS="687"/>
<String STYLE="superscript" CONTENT="cm" HEIGHT="21" WIDTH="45" VPOS="3581" HPOS="774"/>
<String CONTENT="." HEIGHT="8" WIDTH="9" VPOS="3608" HPOS="824"/>
</TextLine>
<TextLine HEIGHT="54" WIDTH="1700" VPOS="3629" HPOS="132" CS="1">
<String CONTENT="&#169;" HEIGHT="54" WIDTH="52" VPOS="3629" HPOS="132"/>
<SP HEIGHT="54" WIDTH="22" VPOS="3629" HPOS="185"/>
<String CONTENT="Apr." HEIGHT="46" WIDTH="114" VPOS="3636" HPOS="208"/>
<SP HEIGHT="40" WIDTH="25" VPOS="3636" HPOS="323"/>
<String CONTENT="16," HEIGHT="48" WIDTH="67" VPOS="3635" HPOS="349"/>
<SP HEIGHT="48" WIDTH="25" VPOS="3635" HPOS="417"/>
<String CS="1" CONTENT="1936;" HEIGHT="41" WIDTH="113" VPOS="3634" HPOS="443"/>
<SP HEIGHT="48" WIDTH="28" VPOS="3634" HPOS="583"/>
<String CONTENT="2c." HEIGHT="41" WIDTH="67" VPOS="3634" HPOS="612"/>
<SP HEIGHT="30" WIDTH="27" VPOS="3645" HPOS="680"/>
<String CONTENT="and" HEIGHT="39" WIDTH="94" VPOS="3635" HPOS="708"/>
<SP HEIGHT="39" WIDTH="26" VPOS="3635" HPOS="803"/>
<String CONTENT="aff." HEIGHT="44" WIDTH="82" VPOS="3634" HPOS="830"/>
<SP HEIGHT="42" WIDTH="27" VPOS="3636" HPOS="913"/>
<String CONTENT="Apr." HEIGHT="46" WIDTH="113" VPOS="3636" HPOS="941"/>
<SP HEIGHT="40" WIDTH="26" VPOS="3636" HPOS="1055"/>
<String CS="1" CONTENT="17;" HEIGHT="39" WIDTH="54" VPOS="3636" HPOS="1082"/>
<SP HEIGHT="46" WIDTH="26" VPOS="3636" HPOS="1163"/>
<!-- cceid A0DE3B80-6E3A-1014-83DD-942C093A1DD9 --><String CONTENT="A" HEIGHT="38" WIDTH="40" VPOS="3636" HPOS="1190"/>
<SP HEIGHT="40" WIDTH="24" VPOS="3634" HPOS="1231"/>
<String CS="1" CONTENT="92971;" HEIGHT="42" WIDTH="141" VPOS="3633" HPOS="1256"/>
<SP HEIGHT="46" WIDTH="28" VPOS="3636" HPOS="1426"/>
<String CONTENT="Macmillan" HEIGHT="41" WIDTH="283" VPOS="3633" HPOS="1455"/>
<SP HEIGHT="32" WIDTH="25" VPOS="3642" HPOS="1739"/>
<String LANG="ru" CONTENT="co." HEIGHT="33" WIDTH="67" VPOS="3642" HPOS="1765"/>
</TextLine>
<TextLine HEIGHT="65" WIDTH="710" VPOS="3724" HPOS="130">
<String CONTENT="Lawrence," HEIGHT="65" WIDTH="331" VPOS="3724" HPOS="130"/>
<SP HEIGHT="64" WIDTH="22" VPOS="3725" HPOS="462"/>
<String CONTENT="Rosamond." HEIGHT="54" WIDTH="355" VPOS="3725" HPOS="485"/>
</TextLine>
<TextLine HEIGHT="69" WIDTH="1920" VPOS="3799" HPOS="203" STYLEREFS="StyleId-16143CC3-C2DB-4AB2-A21B-23CAC93D0E4B-">
<String CONTENT="Conversation" HEIGHT="55" WIDTH="408" VPOS="3799" HPOS="203"/>
<SP HEIGHT="52" WIDTH="33" VPOS="3801" HPOS="612"/>
<String CONTENT="in" HEIGHT="52" WIDTH="61" VPOS="3801" HPOS="646"/>
<SP HEIGHT="52" WIDTH="33" VPOS="3801" HPOS="708"/>
<String CONTENT="heaven," HEIGHT="67" WIDTH="231" VPOS="3801" HPOS="742"/>
<SP HEIGHT="67" WIDTH="30" VPOS="3801" HPOS="974"/>
<String CONTENT="by" HEIGHT="67" WIDTH="74" VPOS="3801" HPOS="1005"/>
<SP HEIGHT="67" WIDTH="33" VPOS="3801" HPOS="1080"/>
<String CONTENT="Rosamond" HEIGHT="53" WIDTH="325" VPOS="3800" HPOS="1114"/>
<SP HEIGHT="53" WIDTH="31" VPOS="3800" HPOS="1440"/>
<String CONTENT="Lawrence." HEIGHT="52" WIDTH="318" VPOS="3800" HPOS="1472"/>
<SP HEIGHT="52" WIDTH="72" VPOS="3800" HPOS="1791"/>
<String CONTENT="London," HEIGHT="68" WIDTH="259" VPOS="3799" HPOS="1864"/>
</TextLine>
<TextLine HEIGHT="70" WIDTH="943" VPOS="3876" HPOS="129" STYLEREFS="StyleId-16143CC3-C2DB-4AB2-A21B-23CAC93D0E4B-" CS="1">
<String CONTENT="Hodder" HEIGHT="53" WIDTH="240" VPOS="3877" HPOS="129"/>
<SP HEIGHT="34" WIDTH="26" VPOS="3896" HPOS="370"/>
<String CONTENT="and" HEIGHT="52" WIDTH="113" VPOS="3878" HPOS="397"/>
<SP HEIGHT="55" WIDTH="31" VPOS="3876" HPOS="511"/>
<String CONTENT="Stoughton" HEIGHT="70" WIDTH="324" VPOS="3876" HPOS="543"/>
<SP HEIGHT="50" WIDTH="32" VPOS="3895" HPOS="868"/>
<String CS="1" CONTENT="[1936]" HEIGHT="63" WIDTH="150" VPOS="3881" HPOS="922"/>
</TextLine>
<TextLine HEIGHT="50" WIDTH="488" VPOS="3949" HPOS="199" CS="1">
<String CONTENT="315," HEIGHT="48" WIDTH="99" VPOS="3950" HPOS="199"/>
<SP HEIGHT="30" WIDTH="39" VPOS="3969" HPOS="299"/>
<String CONTENT="[1]" HEIGHT="48" WIDTH="55" VPOS="3951" HPOS="339"/>
<SP HEIGHT="38" WIDTH="37" VPOS="3961" HPOS="395"/>
<String CONTENT="p." HEIGHT="38" WIDTH="42" VPOS="3961" HPOS="433"/>
<SP HEIGHT="41" WIDTH="63" VPOS="3949" HPOS="476"/>
<String CS="1" CONTENT="19&#189;" HEIGHT="41" WIDTH="56" VPOS="3949" HPOS="540"/>
<String STYLE="superscript" CONTENT="cm" HEIGHT="21" WIDTH="45" VPOS="3953" HPOS="628"/>
<String CONTENT="." HEIGHT="9" WIDTH="9" VPOS="3982" HPOS="678"/>
</TextLine>
<TextLine HEIGHT="57" WIDTH="1990" VPOS="4001" HPOS="130" CS="1">
<String CONTENT="&#169;" HEIGHT="52" WIDTH="52" VPOS="4001" HPOS="130"/>
<SP/>
<String CS="1" CONTENT="1c."/>
<SP/>
<String CONTENT="July" HEIGHT="47" WIDTH="114" VPOS="4006" HPOS="300"/>
<SP HEIGHT="46" WIDTH="25" VPOS="4007" HPOS="415"/>
<String CONTENT="6," HEIGHT="46" WIDTH="38" VPOS="4007" HPOS="441"/>
<SP HEIGHT="45" WIDTH="25" VPOS="4008" HPOS="480"/>
<String CONTENT="1936;" HEIGHT="47" WIDTH="139" VPOS="4006" HPOS="506"/>
<SP HEIGHT="45" WIDTH="27" VPOS="4008" HPOS="646"/>
<!-- cceid A0DEB423-6E3A-1014-83DD-942C093A1DD9 --><String CONTENT="A" HEIGHT="38" WIDTH="42" VPOS="4008" HPOS="674"/>
<SP HEIGHT="38" WIDTH="23" VPOS="4008" HPOS="717"/>
<String CONTENT="ad" HEIGHT="39" WIDTH="61" VPOS="4007" HPOS="741"/>
<SP HEIGHT="38" WIDTH="23" VPOS="4007" HPOS="803"/>
<String CONTENT="int." HEIGHT="41" WIDTH="86" VPOS="4007" HPOS="827"/>
<SP HEIGHT="41" WIDTH="25" VPOS="4007" HPOS="914"/>
<String CS="1" CONTENT="21609;" HEIGHT="41" WIDTH="143" VPOS="4007" HPOS="940"/>
<SP HEIGHT="37" WIDTH="26" VPOS="4018" HPOS="1111"/>
<String CONTENT="pubd." HEIGHT="48" WIDTH="142" VPOS="4007" HPOS="1138"/>
<SP HEIGHT="38" WIDTH="27" VPOS="4009" HPOS="1281"/>
<String CONTENT="May" HEIGHT="46" WIDTH="113" VPOS="4009" HPOS="1309"/>
<SP HEIGHT="46" WIDTH="26" VPOS="4009" HPOS="1423"/>
<String CS="1" CONTENT="7;" HEIGHT="39" WIDTH="25" VPOS="4009" HPOS="1450"/>
<SP HEIGHT="47" WIDTH="29" VPOS="4008" HPOS="1502"/>
<String CONTENT="R." HEIGHT="39" WIDTH="54" VPOS="4008" HPOS="1532"/>
<SP HEIGHT="39" WIDTH="27" VPOS="4008" HPOS="1587"/>
<String CONTENT="Lawrence," HEIGHT="50" WIDTH="272" VPOS="4008" HPOS="1615"/>
<SP HEIGHT="51" WIDTH="29" VPOS="4007" HPOS="1888"/>
<String CONTENT="Oxford," HEIGHT="50" WIDTH="202" VPOS="4007" HPOS="1918"/>
</TextLine>
<TextLine HEIGHT="47" WIDTH="579" VPOS="4061" HPOS="197">
<String CONTENT="England." HEIGHT="46" WIDTH="235" VPOS="4062" HPOS="197"/>
<SP HEIGHT="46" WIDTH="63" VPOS="4062" HPOS="433"/>
<String CONTENT="(30-15973)" HEIGHT="47" WIDTH="279" VPOS="4061" HPOS="497"/>
</TextLine>
</TextBlock>
</PrintSpace>
</Page>
</Layout>
</alto>