2519 4377
1353 4153 98 51 186

381 472 282 65 Deeding,
692 470 266 66 Francis,
988 472 195 65 pseud.

453 548 120 56 The
611 547 160 69 eight
810 546 240 54 crooked
1088 547 274 68 trenches,
1404 548 70 68 by
1515 548 236 54 Francis
1792 545 273 70 Beeding.
2142 547 254 67 London,

383 625 238 55 Hodder
649 627 46 50 &
725 624 341 69 Stoughton,
1094 625 241 62 limited,
1365 628 148 49 1936.

454 697 1143 49 7 p. l. , 7-312 p. incl. front., plates. 19½ cm .
382 754 2014 53 © 1c. Feb. 19, 1936; A ad int. 21111; pubd. Jan. 23; Harper & bros.,
451 816 117 39 New
598 815 145 39 York.
812 813 253 49 (36-6481)

382 919 208 66 Berry,
620 919 319 55 Lawrence
970 918 336 67 Frederick,
1340 925 170 51 1891—

453 997 389 56 “Greenwood
872 996 297 56 memorial
1200 997 247 53 church”
1489 998 346 68 (Methodist
1868 998 340 68 Episcopal)
382 1000 1991 143 Dorchester,
674 1077 475 66 Massachusetts;
1208 1076 72 53 its
1337 1082 259 62 ancestry
1654 1076 112 53 and
1822 1077 227 67 growth
2105 1076 141 53 with
2301 1077 96 52 the

384 1154 450 69 neighborhood,
866 1154 76 67 by
976 1155 303 53 Lawrence
1314 1157 63 51 F.
1415 1157 202 66 Berry,
1690 1198 9 10 B.
1769 1198 9 10 S.
1879 1155 294 67 [Roxbury,
2206 1156 192 59 Mass.,

383 1235 122 52 The
530 1235 245 54 Warren
804 1251 175 49 press,
1007 1240 18 21 c
1031 1236 151 65 1936]

455 1306 86 42 120
567 1318 44 38 p.
672 1306 173 50 plates,
874 1307 150 48 ports.
1081 1305 55 40 22½
1170 1308 15 21 cm
1218 1338 10 9 .

456 1364 163 41 “First
651 1363 232 43 edition.”

456 1421 160 42 Blank
643 1430 149 41 pages
820 1422 81 40 for
931 1421 205 42 “Notes”
1177 1421 251 49 (118-120)

384 1477 54 53 ©
472 1482 110 40 Jan.
617 1481 71 48 29,
722 1480 118 41 1936;
901 1480 68 41 2c.
1006 1481 95 39 and
1138 1480 82 40 aff.
1257 1481 110 39 Jan.
1404 1481 82 43 30;
1526 1481 41 39 A
1602 1480 144 40 90545;
1815 1481 49 39 D.
1904 1480 51 40 F.
1993 1481 169 47 Berry,
2201 1481 198 39 Boston.

463 1538 254 49 (36-6094)

385 1642 294 67 Bindloss,
709 1642 243 66 Harold,
986 1648 172 50 1866-

457 1722 121 52 The
632 1721 311 53 forbidden
999 1721 169 66 river,
1220 1721 74 67 by
1345 1720 227 54 Harold
1627 1719 285 55 Bindloss.
1990 1720 242 55 London
2286 1721 113 53 and

385 1800 354 64 Melbourne,
764 1799 202 67 Ward,
992 1799 157 53 Lock
1175 1802 45 51 &
1248 1817 97 49 co.,
1372 1797 223 56 limited
1650 1802 153 64 [1936]

456 1870 87 42 314
574 1882 46 38 p.
680 1871 59 41 19
740 1872 46 23 cm
789 1903 9 10 .

386 1928 2016 54 © 1c. Feb. 11, 1936; A ad int. 21093; pubd. Jan. 3; Frederick A. Stokes
456 2000 82 37 co.,
566 1989 120 40 New
714 1988 145 41 York.
927 1987 253 49 (36-6315)

390 2094 272 65 Bradley,
689 2093 268 65 Phillips.

461 2168 1940 71 Can we stay out of war? [By] Phillips Bradley … New
392 2249 1404 69 York, W. W. Norton & company, inc. [ c 1936]
461 2323 92 43 xiii
584 2334 59 39 p.,
677 2326 26 39 1
770 2356 9 17 l.,
810 2323 176 43 17-288
1016 2334 44 39 p.
1120 2323 53 40 21
1178 2326 45 21 cm
1228 2355 9 10 .
1307 2322 302 50 (Half-title:
1646 2323 158 42 Social
1838 2322 163 42 action
2038 2323 162 48 books,
2236 2324 72 40 ed.
2342 2325 62 47 by

391 2384 144 40 Alvin
565 2382 246 48 Johnson)

463 2440 164 41 “First
656 2439 231 43 edition.”

463 2497 352 49 Bibliography
833 2508 9 30 :
874 2507 43 39 p.
946 2496 220 42 241-243.
1227 2495 207 41 “Notes”;
1494 2507 43 37 p.
1567 2495 217 42 278-285.

389 2553 54 53 ©
471 2557 110 40 Jan.
611 2557 71 48 28,
714 2556 113 41 1936;
886 2556 68 40 2c.
985 2556 111 39 Feb.
1127 2556 25 39 3;
1214 2554 81 41 aff.
1328 2555 110 40 Feb.
1468 2555 52 46 6;
1555 2555 39 38 A
1625 2554 170 47 90633;
1829 2555 71 40 W.
1932 2555 73 40 W.
2037 2555 186 40 Norton
2255 2555 36 40 &
2320 2564 82 39 co.,

458 2614 90 41 inc.
620 2613 253 49 (36-6058)

391 2705 280 64 Buckley,
701 2705 176 54 Earle
904 2704 71 55 A.

463 2782 150 53 How
653 2788 60 47 to
754 2781 164 54 write
955 2781 183 53 better
1178 2780 254 54 business
1472 2781 223 67 letters;
1739 2799 31 34 a
1811 2780 297 68 practical,
391 2781 2010 149 step-by-step
556 2860 315 55 discussion

910 2859 64 57 of
1013 2861 96 54 the
1147 2859 312 70 principles
1498 2858 266 56 involved
1803 2860 113 54 and
1957 2861 97 54 the
2091 2861 313 68 procedure

393 2939 2012 149 to be followed in the preparation and the dictation of successful letters, by Earle A. Buckley … 1st ed. New York
394 3101 112 53 and
539 3098 260 69 London,
827 3096 432 56 McGraw-Hill
1288 3097 147 52 book
1464 3114 297 50 company,
1792 3096 125 58 inc.,
1949 3101 150 50 1936.

465 3171 102 49 viii,
603 3170 88 41 185
724 3181 41 38 p.
803 3171 110 41 incl.
951 3170 143 47 illus.,
1129 3171 169 41 forms.
1359 3169 52 40 21
1416 3172 44 22 cm
1466 3198 8 9 .
1546 3170 301 48 (Half-title:
1882 3170 354 41 McGraw-Hill
396 3182 1991 87 practical

538 3227 225 42 business
790 3229 253 42 manuals;
1072 3227 277 49 consulting
1374 3227 171 48 editor,
1574 3227 213 40 Norman
1817 3227 49 41 C.
1899 3228 167 40 Firth)

393 3283 53 54 ©
480 3288 110 40 Feb.
625 3289 40 44 7,
700 3286 117 41 1936;
877 3287 67 40 2c.
979 3287 95 39 and
1109 3286 82 41 aff.
1228 3287 109 39 Feb.
1374 3286 81 46 11;
1493 3286 41 39 A
1565 3284 143 42 90712;
1776 3285 352 41 McGraw-Hill
2165 3287 122 39 book
2323 3296 83 39 co.,

460 3344 91 41 inc.
623 3344 252 49 (36-6059)

393 3432 218 65 Burke,
637 3435 140 52 Mrs.
805 3433 149 53 Jane
981 3434 244 53 Revere.

465 3508 122 54 The
621 3508 338 55 immutable
990 3509 138 68 law;
1167 3506 170 71 being
1367 3525 279 52 messages
1680 3526 72 35 on
1786 3507 252 70 thought
2070 3508 336 69 projection,

393 3587 213 53 mental
637 3588 222 52 control
892 3589 113 52 and
1037 3588 97 54 the
1165 3593 227 62 present
1425 3587 162 53 crisis
1613 3586 61 54 in
1705 3587 213 53 human
1953 3587 217 68 affairs,
394 3589 1988 130 understood
587 3670 61 48 to
680 3665 69 54 be
780 3666 253 54 dictated

1065 3666 1343 69 by Thomas Troward … received by Jane
395 3743 218 55 Revere
662 3743 221 66 Burke;
936 3744 139 53 with
1124 3744 397 68 introductory
1567 3748 158 49 notes
1771 3743 76 69 by
1892 3744 141 53 Mrs.
2081 3744 211 68 Burke,
2340 3745 64 52 F.

398 3822 177 68 Bligh
614 3822 166 53 Bond
814 3823 113 52 and
967 3823 254 53 Edward
1260 3821 55 56 S.
1353 3821 238 54 Martin.
1664 3822 139 53 New
1838 3822 182 67 York,
2056 3822 66 52 E.
2158 3823 65 52 P.
396 3823 1987 130 Dutton
525 3901 47 51 &
602 3918 301 50 company,
937 3903 151 51 1936.

468 3973 1023 50 2 p. l. , vii-xii p., 1 l., 7-118 p. 19½ cm .
397 4026 53 53 ©
481 4030 107 41 Feb.
619 4031 69 47 17,
718 4030 141 51 1936;
890 4032 67 41 2c.
987 4033 94 39 and
1113 4032 82 40 aff.
1227 4032 110 40 Feb.
1368 4031 81 46 18;
1480 4032 40 38 A
1550 4031 171 47 90848;
1755 4032 52 39 E.
1838 4032 51 39 P.
1921 4032 187 39 Dutton
2139 4031 38 40 &
2204 4041 82 33 co.,
2317 4031 90 41 inc.

480 4087 252 52 (36-6356)
