2519 4377
1307 4067 134 54 1784

351 373 374 65 Fourgeaud,
754 372 223 59 André.

485 449 1886 70 … L’homme devant le capitalisme; essai d’une économique
351 527 357 54 rationnelle.
785 526 186 69 Paris,
1003 526 206 70 Payot,
1243 531 150 51 1936.

420 598 88 41 464
541 609 43 38 p.
645 599 58 40 23
706 601 45 21 cm
756 631 9 8 .
836 598 368 50 (Bibliothèque
1238 600 238 49 politique
1510 603 48 39 et
1593 600 336 50 économique)

422 656 229 41 Includes
685 655 397 49 bibliographies.

354 712 1553 53 © June 15, 1936; 1c. Oct. 22; A- Foreign 33187; Payot.
435 772 284 50 (36-35932)

353 877 265 65 Francis,
645 877 119 65 Jay
790 877 310 66 Gottwals,
1131 879 173 54 1870-

426 957 167 55 Some
633 956 241 55 Francis
912 956 243 68 history,
1192 976 90 35 no.
1323 960 60 64 2;
1425 957 97 54 the
1562 956 240 54 Francis
1840 958 308 54 homeland
2188 957 114 54 and
2344 977 31 33 a

353 1035 303 68 bird’s-eye
695 1034 146 55 view
879 1036 65 54 of
981 1036 98 53 the
1118 1036 228 68 family,
1386 1035 143 54 with
1566 1037 210 53 credits
1817 1036 171 68 given
2025 1037 60 51 in
2121 1038 142 66 loco,
2299 1037 77 67 by

353 1100 1950 83 Rev. J . G. Francis … [Lebanon, Pa., J. G. Francis] c 1936.
423 1188 57 41 32
509 1199 43 38 p.
608 1189 125 48 port.
792 1187 57 42 23
852 1191 45 21 cm
902 1221 7 8 .

354 1242 1216 53 © July 28, 1936; 2c. Aug. 10; aff. Aug. 17;
1604 1245 41 40 A
1674 1244 173 49 98221;
1881 1246 44 40 J.
1958 1245 54 40 G.
2045 1243 220 43 Francis.

354 1368 179 63 Gaus,
560 1367 159 53 John
744 1366 347 55 Merriman.

423 1439 1890 72 The frontiers of public administration [by] John M. Gaus …
352 1517 2024 72 Leonard D. White … [ and] Marshall E. Dimock … Chicago,
353 1599 112 70 Ill.,
494 1600 122 54 The
643 1598 345 71 University
1014 1597 66 56 of
1109 1597 256 72 Chicago
1395 1617 158 51 press
1590 1632 13 34 [
1606 1603 20 24 c
1630 1599 155 67 1936]

422 1673 64 48 ix,
511 1674 87 41 146
620 1684 45 38 p.
715 1673 58 40 22
777 1675 45 22 cm
825 1706 9 9 .
899 1673 303 50 (Half-title:
1229 1672 197 42 Studies
1449 1672 51 40 in
1521 1672 164 49 public
1709 1671 417 42 administration,
2180 1672 92 41 vol.
2352 1673 14 47 VI)

767 1731 102 41 CONTENTS.—The
894 1731 230 48 meaning
1147 1731 97 40 and
1273 1740 141 38 scope
1439 1729 52 41 of
1514 1728 163 50 public
1705 1728 418 54 administration,
2149 1728 62 49 by
2237 1728 64 42 M.
2321 1729 53 41 E.

355 1787 383 42 Dimock.—The
768 1788 230 48 meaning
1027 1788 55 40 of
1110 1787 266 49 principles
1408 1787 50 40 in
1487 1786 164 49 public
1683 1785 418 51 administration,
2135 1786 63 48 by
2231 1786 53 42 L.
2316 1785 59 43 D.

354 1844 343 42 White.—The
734 1844 368 49 responsibility
1136 1845 53 40 of
1224 1844 163 49 public
1426 1843 416 48 administration,
1882 1844 63 48 by
1983 1845 43 40 J.
2064 1844 65 42 M.
351 1843 2025 100 Gaus.—The
485 1903 100 41 rôle
618 1903 54 40 of
703 1902 267 41 discretion

1002 1903 51 39 in
1083 1903 201 39 modern
1320 1901 417 43 administration,
1771 1901 61 48 by
1865 1901 63 41 M.
1962 1901 55 41 E.
2052 1901 323 42 Dimock.—A

353 1960 172 47 theory
553 1959 53 42 of
633 1959 345 49 organization
1001 1959 52 41 in
1080 1959 163 49 public
1273 1958 418 50 administration,
1719 1959 62 48 by
1811 1960 44 41 J.
1886 1959 64 41 M.
353 1958 2006 101 Gaus.—American
473 2019 185 48 society
686 2019 97 40 and
811 2018 164 50 public
1003 2017 418 50 administration,
1452 2019 61 48 by
1542 2017 44 42 J.
1616 2018 63 41 M.
1710 2017 314 43 Gaus.—The
2052 2019 200 42 criteria
2282 2020 96 40 and

352 2073 266 48 objectives
646 2075 53 40 of
721 2074 165 49 public
909 2074 418 48 administration,
1354 2074 63 47 by
1442 2074 64 40 M.
1534 2074 53 40 E.
1616 2073 554 50 Dimock.—Appendix.
2226 2074 150 42 Notes

352 2142 60 30 on
437 2132 149 40 books
612 2133 96 39 and
735 2133 206 40 authors
978 2132 66 49 (p.
1069 2130 231 50 135-139)

357 2187 2023 53 © Sept. 30, 1936; 2c. and aff. Nov. 13; A 99838; University of Chicago,
428 2248 224 50 Chicago.
726 2247 285 51 (36-34569)

356 2352 205 66 Gluck,
596 2353 266 65 Charles,
896 2358 174 50 1885-

356 2430 1998 149 Permanent good health; the control of our common foundation of disease, by Charles Gluck, M . D. New
1970 2511 182 66 York,
2183 2512 71 52 N.
2288 2512 92 65 Y,,

356 2588 122 54 The
510 2590 351 53 Permanent
890 2589 149 68 good
1070 2587 197 55 health
1300 2588 339 69 publishing
1670 2607 285 50 company
2014 2593 153 64 [1936]

428 2674 80 39 xv,
540 2661 179 42 19-335
749 2672 44 39 p.
854 2663 174 48 plates.
1089 2661 57 41 19½
1179 2664 44 21 cm
1229 2695 9 9 .

429 2721 41 40 A
504 2718 275 43 discussion
810 2719 52 41 of
893 2718 271 42 bichloride
1197 2718 398 50 antisepticizing
1626 2721 293 39 treatments
1952 2721 50 39 to
2035 2729 129 38 nose,
2201 2720 179 48 throat,

359 2779 134 41 teeth
522 2779 97 40 and
645 2777 187 41 mouth.

433 2835 165 40 “First
634 2833 234 50 printing,
906 2833 116 42 1934;
1089 2835 176 39 second
1302 2833 233 50 printing,
1574 2832 116 43 1935;
1756 2833 148 49 third,
1944 2832 192 42 revised
2173 2836 95 40 and
359 2845 2005 98 enlarged
557 2892 201 50 edition,
788 2892 161 42 1936.”

361 2949 52 53 ©
441 2954 117 38 Nov.
588 2952 71 48 20,
687 2951 117 41 1936;
860 2950 68 41 2c.
960 2951 96 40 and
1084 2951 81 40 aff.
1194 2952 119 38 Nov.
1343 2950 57 39 21;
1458 2951 40 38 A
1527 2949 146 41 99980;
1731 2950 48 41 C.
1811 2950 169 49 Gluck,
2010 2951 120 38 New
2156 2950 146 39 York.

442 3008 285 50 (36-34790)

361 3113 186 62 Goltz,
572 3113 292 63 Joachim,
890 3113 253 65 freiherr
1163 3128 114 37 von
1303 3112 122 64 der,
1455 3117 172 50 1892-

359 3181 1994 155 … Von mancherlei h ö lle und seligkeit; erzahlungen. München, A. Langen, G. Müller, 1936.
430 3337 1616 54 58, [2] p. 18 × 11 cm . (On cover: Die kleine bücherei. [58])
431 3397 64 41 At
520 3399 125 39 head
675 3397 53 41 of
751 3396 111 43 title:
919 3396 223 41 Joachim
1170 3407 93 30 von
1291 3397 87 40 der
1403 3395 154 42 Goltz.

776 3454 132 40 CONTENTS.—Frau
950 3454 143 41 Holle
1133 3453 146 41 kehrt
1317 3452 676 48 ein.—Rauhnacht.—Herr,
2035 3451 100 42 bist
2173 3450 206 43 Du’s?—

361 3510 101 42 Der
485 3511 313 42 unbekannte
824 3512 174 41 soldat.
1000 3511 157 42 —Die
1181 3510 179 49 heilige
1384 3509 150 43 nacht
1558 3510 49 41 in
1635 3511 87 41 der
1746 3509 131 42 fosse
2003 3541 8 9 XIII.

363 3567 2022 53 © Apr. 1, 1936; 1c. Sept. 14; A-Foreign 32971; Albert Langen-Georg
436 3628 177 40 Müller
642 3628 180 48 verlag,
850 3638 41 38 g.
919 3639 59 28 m.
1007 3628 42 39 b.
1075 3627 46 40 h.
1189 3626 284 48 (36-36199)

365 3717 323 65 Goodman,
715 3718 286 64 Herman,
1032 3722 172 49 1894-

435 3793 284 56 Cosmetic
753 3794 427 68 dermatology;
1218 3792 140 54 with
1394 3793 325 68 dictionary
1754 3792 64 54 of
1850 3793 383 69 ingredients;
366 3792 1992 134 discussion
641 3872 65 54 of
759 3871 304 68 anatomic,
1115 3869 378 70 physiologic,

1546 3871 112 52 and
1711 3871 463 69 pharmacologic
2224 3871 158 53 bases

365 3950 63 52 of
479 3949 264 55 cosmetic
793 3948 386 70 application;
1233 3948 429 54 “shelf-tested”
1713 3948 354 68 formulary;
2123 3949 111 53 and
2285 3967 96 50 ap-
