<alto xmlns="http://www.loc.gov/standards/alto/ns-v3#" xmlns:xsi="http://www.w3.org/2001/XMLSchema-instance" xsi:schemaLocation="http://www.loc.gov/standards/alto/ns-v3# http://www.loc.gov/alto/v3/alto-3-0.xsd"><Description>
<MeasurementUnit>pixel</MeasurementUnit>
<sourceImageInformation>
<fileName>1936_v33_Part1.pdf</fileName>
</sourceImageInformation>
<OCRProcessing ID="IdOcr">
<ocrProcessingStep>
<processingDateTime>2019-01-18</processingDateTime>
<processingSoftware>
<softwareCreator>ABBYY</softwareCreator>
<softwareName>ABBYY Recognition Server</softwareName>
<softwareVersion>4.0</softwareVersion>
</processingSoftware>
</ocrProcessingStep>
</OCRProcessing>
</Description>
<Styles>
<ParagraphStyle ALIGN="Left" FIRSTLINE="0." ID="StyleId-FFFFFFFF-FFFF-FFFF-FFFF-FFFFFFFFFFFF-" LEFT="0." RIGHT="0." />
<ParagraphStyle ALIGN="Left" FIRSTLINE="0." ID="StyleId-51D50FAC-7A90-4D70-8A96-5EA9D46D1C8B-" LEFT="0." LINESPACE="7.699999809" RIGHT="0." />
<ParagraphStyle ALIGN="Block" FIRSTLINE="-17." ID="StyleId-6BC133E9-7DCB-43C3-8842-A67984A26405-" LEFT="0." LINESPACE="8.340000153" RIGHT="0." />
<ParagraphStyle ALIGN="Left" FIRSTLINE="-13." ID="StyleId-3C3FF860-43E7-46A2-8934-48F305F6F0D6-" LEFT="0." LINESPACE="11.06999969" RIGHT="0." />
<ParagraphStyle ALIGN="Block" FIRSTLINE="-13." ID="StyleId-19220C76-4F8A-4737-B38C-B5F5C17E6040-" LEFT="0." LINESPACE="11.06999969" RIGHT="0." />
<ParagraphStyle ALIGN="Left" FIRSTLINE="0." ID="StyleId-75A0D721-13ED-4F20-9002-B389EC48477D-" LEFT="0." LINESPACE="15.5" RIGHT="0." />
<ParagraphStyle ALIGN="Left" FIRSTLINE="0." ID="StyleId-8A414184-C7A5-4AC7-9B88-7DA4DDE75922-" LEFT="0." LINESPACE="9.399999619" RIGHT="0." />
<ParagraphStyle ALIGN="Left" FIRSTLINE="0." ID="StyleId-1A87970B-111C-4169-99A6-9412976F3C97-" LEFT="0." LINESPACE="10.5" RIGHT="0." />
<ParagraphStyle ALIGN="Block" FIRSTLINE="-17." ID="StyleId-72DB0571-5AE4-41FD-9E11-68C6AC4C437E-" LEFT="0." LINESPACE="8.340000153" RIGHT="0." />
<ParagraphStyle ALIGN="Center" FIRSTLINE="0." ID="StyleId-1AA43056-C388-4697-B10F-72FDAA38FAE1-" LEFT="0." LINESPACE="10.5" RIGHT="0." />
</Styles>
<Layout>
<Page HEIGHT="4377" ID="Page1522" PHYSICAL_IMG_NR="1522" WIDTH="2519">
<TopMargin HEIGHT="408" HPOS="0" VPOS="0" WIDTH="2519">
</TopMargin>
<LeftMargin HEIGHT="3780" HPOS="0" VPOS="408" WIDTH="352">
</LeftMargin>
<RightMargin HEIGHT="3780" HPOS="2400" VPOS="408" WIDTH="119">
</RightMargin>
<BottomMargin HEIGHT="189" HPOS="0" VPOS="4188" WIDTH="2519">
</BottomMargin>
<PrintSpace HEIGHT="3780" HPOS="352" VPOS="408" WIDTH="2048">
<TextBlock HEIGHT="76" HPOS="1292" ID="Page1522_Block1" LANG="en-US" STYLEREFS="StyleId-07082A50-8EC8-4EBB-96C0-B18754CD9357-" VPOS="4112" WIDTH="160">
<TextLine HEIGHT="54" HPOS="1303" VPOS="4123" WIDTH="138">
<String CONTENT="1522" HEIGHT="54" HPOS="1303" VPOS="4123" WIDTH="138" />
</TextLine>
</TextBlock>
<TextBlock CS="1" HEIGHT="3712" HPOS="352" ID="Page1522_Block2" LANG="en-US" STYLEREFS="StyleId-7159C7A5-F253-4EFD-8700-DB135B734105-" VPOS="408" WIDTH="2048">
<TextLine HEIGHT="66" HPOS="365" STYLEREFS="StyleId-07082A50-8EC8-4EBB-96C0-B18754CD9357-" VPOS="419" WIDTH="1376">
<String CONTENT="Baldwin," HEIGHT="64" HPOS="365" VPOS="421" WIDTH="284" />
<SP HEIGHT="62" HPOS="650" VPOS="423" WIDTH="25" />
<String CONTENT="William" HEIGHT="58" HPOS="676" VPOS="419" WIDTH="259" />
<SP HEIGHT="53" HPOS="936" VPOS="422" WIDTH="28" />
<String CONTENT="Edward," HEIGHT="61" HPOS="965" VPOS="420" WIDTH="276" />
<SP HEIGHT="56" HPOS="1242" VPOS="425" WIDTH="26" />
<String CONTENT="1883-" HEIGHT="51" HPOS="1269" VPOS="424" WIDTH="174" />
<SP HEIGHT="35" HPOS="1444" VPOS="438" WIDTH="210" />
<String CONTENT="ed." HEIGHT="54" HPOS="1655" VPOS="421" WIDTH="86" />
</TextLine>
<TextLine CS="1" HEIGHT="70" HPOS="498" STYLEREFS="StyleId-7854EFBC-30D3-46CF-BBE1-43E44511F641-" VPOS="498" WIDTH="1629">
<String CONTENT="&#8230;" CS="1" />
<SP HEIGHT="54" HPOS="498" VPOS="500" WIDTH="29" />
<String CONTENT="New" HEIGHT="54" HPOS="528" VPOS="500" WIDTH="142" />
<SP HEIGHT="54" HPOS="671" VPOS="499" WIDTH="24" />
<String CONTENT="York" HEIGHT="54" HPOS="696" VPOS="499" WIDTH="164" />
<SP HEIGHT="53" HPOS="861" VPOS="499" WIDTH="24" />
<String CONTENT="banking" HEIGHT="70" HPOS="886" VPOS="498" WIDTH="261" />
<SP HEIGHT="69" HPOS="1148" VPOS="499" WIDTH="23" />
<String CONTENT="law," HEIGHT="68" HPOS="1172" VPOS="499" WIDTH="129" />
<SP HEIGHT="49" HPOS="1302" VPOS="518" WIDTH="26" />
<String CONTENT="annotated," HEIGHT="68" HPOS="1329" VPOS="499" WIDTH="330" />
<SP HEIGHT="49" HPOS="1660" VPOS="518" WIDTH="22" />
<String CONTENT="containing" HEIGHT="70" HPOS="1683" VPOS="498" WIDTH="337" />
<SP HEIGHT="50" HPOS="2021" VPOS="518" WIDTH="26" />
<String CONTENT="all" HEIGHT="53" HPOS="2048" VPOS="500" WIDTH="79" />
</TextLine>
<TextLine CS="1" HEIGHT="146" HPOS="368" STYLEREFS="StyleId-7854EFBC-30D3-46CF-BBE1-43E44511F641-" VPOS="502" WIDTH="2017">
<String CONTENT="amendments" HEIGHT="132" HPOS="368" VPOS="502" WIDTH="1991" />
<SP HEIGHT="50" HPOS="549" VPOS="584" WIDTH="30" />
<String CONTENT="through" HEIGHT="70" HPOS="580" VPOS="578" WIDTH="255" />
<SP HEIGHT="53" HPOS="836" VPOS="578" WIDTH="35" />
<String CONTENT="August," HEIGHT="70" HPOS="872" VPOS="578" WIDTH="248" />
<SP HEIGHT="64" HPOS="1121" VPOS="583" WIDTH="34" />
<String CONTENT="1936," HEIGHT="64" HPOS="1156" VPOS="582" WIDTH="152" />
<SP HEIGHT="49" HPOS="1309" VPOS="597" WIDTH="30" />
<String CONTENT="with" HEIGHT="54" HPOS="1340" VPOS="577" WIDTH="141" />
<SP HEIGHT="53" HPOS="1482" VPOS="578" WIDTH="32" />
<String CONTENT="annotations" HEIGHT="56" HPOS="1515" VPOS="577" WIDTH="367" />
<SP HEIGHT="55" HPOS="1883" VPOS="578" WIDTH="33" />
<String CONTENT="from" HEIGHT="55" HPOS="1917" VPOS="578" WIDTH="156" />
<SP HEIGHT="53" HPOS="2074" VPOS="580" WIDTH="31" />
<String CONTENT="decisions" HEIGHT="55" HPOS="2106" VPOS="579" WIDTH="279" />
</TextLine>
<TextLine HEIGHT="70" HPOS="366" STYLEREFS="StyleId-7854EFBC-30D3-46CF-BBE1-43E44511F641-" VPOS="657" WIDTH="2018">
<String CONTENT="of" HEIGHT="53" HPOS="366" VPOS="657" WIDTH="65" />
<SP HEIGHT="53" HPOS="432" VPOS="657" WIDTH="34" />
<String CONTENT="the" HEIGHT="53" HPOS="467" VPOS="658" WIDTH="98" />
<SP HEIGHT="36" HPOS="566" VPOS="674" WIDTH="35" />
<String CONTENT="courts" HEIGHT="51" HPOS="602" VPOS="662" WIDTH="191" />
<SP HEIGHT="34" HPOS="794" VPOS="677" WIDTH="35" />
<String CONTENT="and" HEIGHT="53" HPOS="830" VPOS="658" WIDTH="115" />
<SP HEIGHT="53" HPOS="946" VPOS="658" WIDTH="38" />
<String CONTENT="rulings" HEIGHT="70" HPOS="985" VPOS="657" WIDTH="224" />
<SP HEIGHT="36" HPOS="1210" VPOS="675" WIDTH="37" />
<String CONTENT="of" HEIGHT="53" HPOS="1248" VPOS="657" WIDTH="65" />
<SP HEIGHT="54" HPOS="1314" VPOS="657" WIDTH="36" />
<String CONTENT="the" HEIGHT="55" HPOS="1351" VPOS="658" WIDTH="100" />
<SP HEIGHT="37" HPOS="1452" VPOS="676" WIDTH="35" />
<String CONTENT="attorney" HEIGHT="65" HPOS="1488" VPOS="661" WIDTH="267" />
<SP HEIGHT="52" HPOS="1756" VPOS="675" WIDTH="35" />
<String CONTENT="general," HEIGHT="69" HPOS="1792" VPOS="658" WIDTH="249" />
<SP HEIGHT="50" HPOS="2042" VPOS="677" WIDTH="37" />
<String CONTENT="edited" HEIGHT="55" HPOS="2080" VPOS="658" WIDTH="190" />
<SP HEIGHT="54" HPOS="2271" VPOS="659" WIDTH="38" />
<String CONTENT="by" HEIGHT="68" HPOS="2310" VPOS="659" WIDTH="74" />
</TextLine>
<TextLine CS="1" HEIGHT="70" HPOS="369" STYLEREFS="StyleId-7854EFBC-30D3-46CF-BBE1-43E44511F641-" VPOS="736" WIDTH="2013">
<String CONTENT="William" HEIGHT="54" HPOS="369" VPOS="737" WIDTH="259" />
<SP HEIGHT="54" HPOS="629" VPOS="737" WIDTH="33" />
<String CONTENT="Edward" HEIGHT="54" HPOS="663" VPOS="737" WIDTH="257" />
<SP HEIGHT="54" HPOS="921" VPOS="737" WIDTH="35" />
<String CONTENT="Baldwin" HEIGHT="55" HPOS="957" VPOS="736" WIDTH="272" />
<SP HEIGHT="35" HPOS="1230" VPOS="755" WIDTH="35" />
<String CONTENT="&#8230;" CS="1" />
<SP HEIGHT="54" HPOS="1324" VPOS="737" WIDTH="77" />
<String CONTENT="New" HEIGHT="54" HPOS="1402" VPOS="737" WIDTH="141" />
<SP HEIGHT="53" HPOS="1544" VPOS="738" WIDTH="35" />
<String CONTENT="York," HEIGHT="68" HPOS="1580" VPOS="737" WIDTH="181" />
<SP HEIGHT="69" HPOS="1762" VPOS="736" WIDTH="34" />
<String CONTENT="Cleveland," HEIGHT="70" HPOS="1797" VPOS="736" WIDTH="330" />
<SP HEIGHT="66" HPOS="2128" VPOS="740" WIDTH="34" />
<String CONTENT="Banks-" HEIGHT="53" HPOS="2163" VPOS="739" WIDTH="219" />
</TextLine>
<TextLine CS="1" HEIGHT="70" HPOS="374" STYLEREFS="StyleId-7854EFBC-30D3-46CF-BBE1-43E44511F641-" VPOS="816" WIDTH="1313">
<String CONTENT="Baldwin" HEIGHT="55" HPOS="374" VPOS="816" WIDTH="263" />
<SP HEIGHT="53" HPOS="638" VPOS="817" WIDTH="26" />
<String CONTENT="law" HEIGHT="54" HPOS="665" VPOS="817" WIDTH="113" />
<SP HEIGHT="50" HPOS="779" VPOS="835" WIDTH="25" />
<String CONTENT="publishing" HEIGHT="70" HPOS="805" VPOS="816" WIDTH="340" />
<SP HEIGHT="51" HPOS="1146" VPOS="835" WIDTH="26" />
<String CONTENT="company" HEIGHT="51" HPOS="1173" VPOS="834" WIDTH="285" />
<SP />
<String CONTENT="[c1936]" CS="1" HEIGHT="34" HPOS="1674" VPOS="851" WIDTH="13" />
</TextLine>
<TextLine CS="1" HEIGHT="51" HPOS="437" VPOS="890" WIDTH="863">
<String CONTENT="3" HEIGHT="41" HPOS="437" VPOS="892" WIDTH="28" />
<SP />
<String CONTENT="p." HEIGHT="39" HPOS="494" VPOS="902" WIDTH="42" />
<SP HEIGHT="41" HPOS="537" VPOS="892" WIDTH="24" />
<String CONTENT="l.," CS="1" />
<SP HEIGHT="49" HPOS="610" VPOS="891" WIDTH="22" />
<String CONTENT="395" HEIGHT="43" HPOS="633" VPOS="890" WIDTH="90" />
<SP HEIGHT="50" HPOS="724" VPOS="890" WIDTH="24" />
<String CONTENT="(i." HEIGHT="50" HPOS="749" VPOS="890" WIDTH="56" />
<SP HEIGHT="31" HPOS="806" VPOS="901" WIDTH="25" />
<String CONTENT="e." HEIGHT="31" HPOS="832" VPOS="901" WIDTH="39" />
<SP HEIGHT="41" HPOS="872" VPOS="891" WIDTH="24" />
<String CONTENT="463)" HEIGHT="48" HPOS="897" VPOS="890" WIDTH="115" />
<SP HEIGHT="50" HPOS="1013" VPOS="890" WIDTH="32" />
<String CONTENT="p." HEIGHT="39" HPOS="1046" VPOS="901" WIDTH="45" />
<SP HEIGHT="41" HPOS="1092" VPOS="891" WIDTH="58" />
<String CONTENT="23&#189;" CS="1" HEIGHT="42" HPOS="1151" VPOS="890" WIDTH="57" />
<String CONTENT="cm" HEIGHT="23" HPOS="1240" STYLE="superscript" VPOS="892" WIDTH="45" />
<String CONTENT="." HEIGHT="8" HPOS="1291" VPOS="923" WIDTH="9" />
</TextLine>
<TextLine HEIGHT="51" HPOS="438" VPOS="948" WIDTH="893">
<String CONTENT="Includes" HEIGHT="44" HPOS="438" VPOS="949" WIDTH="230" />
<SP HEIGHT="33" HPOS="669" VPOS="959" WIDTH="27" />
<String CONTENT="extra" HEIGHT="41" HPOS="697" VPOS="951" WIDTH="142" />
<SP HEIGHT="33" HPOS="840" VPOS="958" WIDTH="29" />
<String CONTENT="numbered" HEIGHT="46" HPOS="870" VPOS="948" WIDTH="266" />
<SP HEIGHT="46" HPOS="1137" VPOS="953" WIDTH="33" />
<String CONTENT="pages." HEIGHT="41" HPOS="1171" VPOS="958" WIDTH="160" />
</TextLine>
<TextLine HEIGHT="43" HPOS="439" VPOS="1007" WIDTH="833">
<String CONTENT="At" HEIGHT="41" HPOS="439" VPOS="1009" WIDTH="64" />
<SP HEIGHT="41" HPOS="504" VPOS="1009" WIDTH="23" />
<String CONTENT="head" HEIGHT="42" HPOS="528" VPOS="1008" WIDTH="130" />
<SP HEIGHT="42" HPOS="659" VPOS="1008" WIDTH="24" />
<String CONTENT="of" HEIGHT="42" HPOS="684" VPOS="1007" WIDTH="55" />
<SP HEIGHT="43" HPOS="740" VPOS="1007" WIDTH="23" />
<String CONTENT="title:" HEIGHT="43" HPOS="764" VPOS="1007" WIDTH="139" />
<SP HEIGHT="41" HPOS="904" VPOS="1009" WIDTH="24" />
<String CONTENT="1936" HEIGHT="42" HPOS="929" VPOS="1007" WIDTH="118" />
<SP HEIGHT="42" HPOS="1048" VPOS="1007" WIDTH="23" />
<String CONTENT="edition." HEIGHT="42" HPOS="1072" VPOS="1008" WIDTH="200" />
</TextLine>
<TextLine CS="1" HEIGHT="53" HPOS="369" VPOS="1064" WIDTH="2017">
<String CONTENT="&#169;" HEIGHT="53" HPOS="369" VPOS="1064" WIDTH="53" />
<SP HEIGHT="53" HPOS="423" VPOS="1064" WIDTH="37" />
<String CONTENT="Oct." HEIGHT="40" HPOS="461" VPOS="1068" WIDTH="103" />
<SP HEIGHT="41" HPOS="565" VPOS="1067" WIDTH="37" />
<String CONTENT="13," HEIGHT="50" HPOS="603" VPOS="1066" WIDTH="71" />
<SP HEIGHT="50" HPOS="675" VPOS="1066" WIDTH="36" />
<String CONTENT="1936;" CS="1" HEIGHT="41" HPOS="712" VPOS="1066" WIDTH="117" />
<SP />
<String CONTENT="2c." HEIGHT="42" HPOS="896" VPOS="1065" WIDTH="68" />
<SP HEIGHT="41" HPOS="965" VPOS="1067" WIDTH="38" />
<String CONTENT="Oct." HEIGHT="41" HPOS="1004" VPOS="1067" WIDTH="103" />
<SP HEIGHT="41" HPOS="1108" VPOS="1066" WIDTH="38" />
<String CONTENT="15;" CS="1" HEIGHT="40" HPOS="1147" VPOS="1066" WIDTH="56" />
<SP />
<String CONTENT="aff." HEIGHT="41" HPOS="1272" VPOS="1065" WIDTH="82" />
<SP HEIGHT="40" HPOS="1355" VPOS="1066" WIDTH="38" />
<String CONTENT="Nov." HEIGHT="41" HPOS="1394" VPOS="1066" WIDTH="119" />
<SP HEIGHT="43" HPOS="1514" VPOS="1064" WIDTH="35" />
<String CONTENT="2;" CS="1" HEIGHT="40" HPOS="1550" VPOS="1064" WIDTH="26" />
<SP />
<String CONTENT="A" HEIGHT="39" HPOS="1644" VPOS="1066" WIDTH="42" />
<SP HEIGHT="41" HPOS="1687" VPOS="1064" WIDTH="34" />
<String CONTENT="99377;" CS="1" HEIGHT="42" HPOS="1722" VPOS="1064" WIDTH="147" />
<SP />
<String CONTENT="W." HEIGHT="39" HPOS="1938" VPOS="1067" WIDTH="73" />
<SP HEIGHT="39" HPOS="2012" VPOS="1067" WIDTH="40" />
<String CONTENT="E." HEIGHT="40" HPOS="2053" VPOS="1067" WIDTH="53" />
<SP HEIGHT="41" HPOS="2107" VPOS="1066" WIDTH="39" />
<String CONTENT="Baldwin," HEIGHT="46" HPOS="2147" VPOS="1065" WIDTH="239" />
</TextLine>
<TextLine HEIGHT="50" HPOS="440" VPOS="1122" WIDTH="634">
<String CONTENT="Cleveland." HEIGHT="42" HPOS="440" VPOS="1124" WIDTH="278" />
<SP HEIGHT="49" HPOS="719" VPOS="1123" WIDTH="71" />
<String CONTENT="(36-23850)" HEIGHT="50" HPOS="791" VPOS="1122" WIDTH="283" />
</TextLine>
<TextLine HEIGHT="66" HPOS="366" STYLEREFS="StyleId-07082A50-8EC8-4EBB-96C0-B18754CD9357-" VPOS="1228" WIDTH="969">
<String CONTENT="Barbour," HEIGHT="65" HPOS="366" VPOS="1229" WIDTH="288" />
<SP HEIGHT="65" HPOS="655" VPOS="1229" WIDTH="26" />
<String CONTENT="Ralph" HEIGHT="66" HPOS="682" VPOS="1228" WIDTH="193" />
<SP HEIGHT="54" HPOS="876" VPOS="1229" WIDTH="28" />
<String CONTENT="Henry," HEIGHT="65" HPOS="905" VPOS="1229" WIDTH="225" />
<SP HEIGHT="60" HPOS="1131" VPOS="1234" WIDTH="30" />
<String CONTENT="1870-" HEIGHT="56" HPOS="1162" VPOS="1229" WIDTH="173" />
</TextLine>
<TextLine CS="1" HEIGHT="70" HPOS="438" STYLEREFS="StyleId-7854EFBC-30D3-46CF-BBE1-43E44511F641-" VPOS="1305" WIDTH="1949">
<String CONTENT="For" HEIGHT="54" HPOS="438" VPOS="1306" WIDTH="118" />
<SP HEIGHT="36" HPOS="557" VPOS="1325" WIDTH="44" />
<String CONTENT="safety!" HEIGHT="70" HPOS="602" VPOS="1305" WIDTH="223" />
<SP HEIGHT="55" HPOS="826" VPOS="1305" WIDTH="77" />
<String CONTENT="By" HEIGHT="68" HPOS="904" VPOS="1307" WIDTH="93" />
<SP HEIGHT="69" HPOS="998" VPOS="1306" WIDTH="42" />
<String CONTENT="Ralph" HEIGHT="69" HPOS="1041" VPOS="1305" WIDTH="196" />
<SP HEIGHT="53" HPOS="1238" VPOS="1306" WIDTH="43" />
<String CONTENT="Henry" HEIGHT="69" HPOS="1282" VPOS="1306" WIDTH="206" />
<SP HEIGHT="69" HPOS="1489" VPOS="1306" WIDTH="46" />
<String CONTENT="Barbour;" CS="1" HEIGHT="54" HPOS="1536" VPOS="1306" WIDTH="266" />
<SP />
<String CONTENT="illustrations" HEIGHT="55" HPOS="1881" VPOS="1305" WIDTH="384" />
<SP HEIGHT="54" HPOS="2266" VPOS="1306" WIDTH="44" />
<String CONTENT="by" HEIGHT="67" HPOS="2311" VPOS="1306" WIDTH="76" />
</TextLine>
<TextLine CS="1" HEIGHT="150" HPOS="367" STYLEREFS="StyleId-7854EFBC-30D3-46CF-BBE1-43E44511F641-" VPOS="1384" WIDTH="2018">
<String CONTENT="Edward" HEIGHT="54" HPOS="369" VPOS="1386" WIDTH="256" />
<SP HEIGHT="57" HPOS="626" VPOS="1386" WIDTH="61" />
<String CONTENT="C." HEIGHT="57" HPOS="688" VPOS="1386" WIDTH="62" />
<SP HEIGHT="56" HPOS="751" VPOS="1385" WIDTH="61" />
<String CONTENT="Caswell." HEIGHT="56" HPOS="813" VPOS="1385" WIDTH="262" />
<SP HEIGHT="53" HPOS="1076" VPOS="1386" WIDTH="91" />
<String CONTENT="New" HEIGHT="53" HPOS="1168" VPOS="1386" WIDTH="141" />
<SP HEIGHT="53" HPOS="1310" VPOS="1386" WIDTH="60" />
<String CONTENT="York," HEIGHT="69" HPOS="1371" VPOS="1384" WIDTH="181" />
<SP HEIGHT="66" HPOS="1553" VPOS="1387" WIDTH="58" />
<String CONTENT="London," HEIGHT="66" HPOS="1612" VPOS="1386" WIDTH="261" />
<SP HEIGHT="65" HPOS="1874" VPOS="1387" WIDTH="57" />
<String CONTENT="D." HEIGHT="52" HPOS="1932" VPOS="1387" WIDTH="73" />
<SP HEIGHT="53" HPOS="2006" VPOS="1386" WIDTH="59" />
<String CONTENT="Appleton-Century" HEIGHT="148" HPOS="367" VPOS="1386" WIDTH="2018" />
</TextLine>
<TextLine HEIGHT="69" HPOS="660" STYLEREFS="StyleId-7854EFBC-30D3-46CF-BBE1-43E44511F641-" VPOS="1465" WIDTH="942">
<String CONTENT="company," HEIGHT="51" HPOS="660" VPOS="1483" WIDTH="302" />
<SP HEIGHT="67" HPOS="963" VPOS="1466" WIDTH="30" />
<String CONTENT="incorporated," HEIGHT="69" HPOS="994" VPOS="1465" WIDTH="422" />
<SP HEIGHT="63" HPOS="1417" VPOS="1470" WIDTH="35" />
<String CONTENT="1936." HEIGHT="50" HPOS="1453" VPOS="1469" WIDTH="149" />
</TextLine>
<TextLine CS="1" HEIGHT="52" HPOS="439" VPOS="1538" WIDTH="961">
<String CONTENT="4" HEIGHT="40" HPOS="439" VPOS="1541" WIDTH="27" />
<SP />
<String CONTENT="p." HEIGHT="40" HPOS="497" VPOS="1550" WIDTH="45" />
<SP HEIGHT="43" HPOS="543" VPOS="1541" WIDTH="28" />
<String CONTENT="l.," CS="1" />
<SP HEIGHT="51" HPOS="619" VPOS="1539" WIDTH="26" />
<String CONTENT="146" HEIGHT="42" HPOS="646" VPOS="1539" WIDTH="90" />
<SP HEIGHT="50" HPOS="737" VPOS="1539" WIDTH="24" />
<String CONTENT="p." HEIGHT="39" HPOS="762" VPOS="1550" WIDTH="44" />
<SP HEIGHT="44" HPOS="807" VPOS="1538" WIDTH="57" />
<String CONTENT="front.," HEIGHT="51" HPOS="865" VPOS="1538" WIDTH="167" />
<SP HEIGHT="49" HPOS="1033" VPOS="1540" WIDTH="29" />
<String CONTENT="illus." HEIGHT="41" HPOS="1063" VPOS="1540" WIDTH="129" />
<SP HEIGHT="41" HPOS="1193" VPOS="1539" WIDTH="60" />
<String CONTENT="19&#189;" CS="1" HEIGHT="43" HPOS="1254" VPOS="1538" WIDTH="57" />
<String CONTENT="cm" HEIGHT="22" HPOS="1342" STYLE="superscript" VPOS="1541" WIDTH="44" />
<String CONTENT="." HEIGHT="9" HPOS="1391" VPOS="1570" WIDTH="9" />
</TextLine>
<TextLine CS="1" HEIGHT="54" HPOS="369" VPOS="1595" WIDTH="1799">
<String CONTENT="&#169;" HEIGHT="54" HPOS="369" VPOS="1595" WIDTH="54" />
<SP HEIGHT="54" HPOS="424" VPOS="1595" WIDTH="33" />
<String CONTENT="Sept." HEIGHT="49" HPOS="458" VPOS="1600" WIDTH="129" />
<SP HEIGHT="42" HPOS="588" VPOS="1599" WIDTH="30" />
<String CONTENT="18," HEIGHT="50" HPOS="619" VPOS="1597" WIDTH="71" />
<SP HEIGHT="48" HPOS="691" VPOS="1599" WIDTH="32" />
<String CONTENT="1936;" CS="1" HEIGHT="42" HPOS="724" VPOS="1597" WIDTH="117" />
<SP />
<String CONTENT="2c." HEIGHT="42" HPOS="902" VPOS="1597" WIDTH="68" />
<SP HEIGHT="31" HPOS="971" VPOS="1609" WIDTH="32" />
<String CONTENT="and" HEIGHT="42" HPOS="1004" VPOS="1598" WIDTH="96" />
<SP HEIGHT="40" HPOS="1101" VPOS="1598" WIDTH="33" />
<String CONTENT="aff." HEIGHT="39" HPOS="1135" VPOS="1599" WIDTH="81" />
<SP HEIGHT="41" HPOS="1217" VPOS="1598" WIDTH="34" />
<String CONTENT="Sept." HEIGHT="47" HPOS="1252" VPOS="1598" WIDTH="127" />
<SP HEIGHT="42" HPOS="1380" VPOS="1597" WIDTH="35" />
<String CONTENT="19;" CS="1" HEIGHT="41" HPOS="1416" VPOS="1597" WIDTH="55" />
<SP />
<String CONTENT="A" HEIGHT="40" HPOS="1534" VPOS="1598" WIDTH="40" />
<SP HEIGHT="42" HPOS="1575" VPOS="1596" WIDTH="30" />
<String CONTENT="98486;" CS="1" HEIGHT="42" HPOS="1606" VPOS="1596" WIDTH="147" />
<SP />
<String CONTENT="D." CS="1" HEIGHT="8" HPOS="1865" VPOS="1631" WIDTH="8" />
<SP HEIGHT="41" HPOS="1874" VPOS="1598" WIDTH="33" />
<String CONTENT="Appleton-Century" CS="1" HEIGHT="49" HPOS="1908" VPOS="1597" WIDTH="260" />
</TextLine>
<TextLine HEIGHT="49" HPOS="441" VPOS="1656" WIDTH="560">
<String CONTENT="co.," HEIGHT="37" HPOS="441" VPOS="1668" WIDTH="82" />
<SP HEIGHT="48" HPOS="524" VPOS="1657" WIDTH="30" />
<String CONTENT="inc." HEIGHT="41" HPOS="555" VPOS="1657" WIDTH="93" />
<SP HEIGHT="49" HPOS="649" VPOS="1656" WIDTH="67" />
<String CONTENT="(36-24910)" HEIGHT="49" HPOS="717" VPOS="1656" WIDTH="284" />
</TextLine>
<TextLine HEIGHT="67" HPOS="367" STYLEREFS="StyleId-07082A50-8EC8-4EBB-96C0-B18754CD9357-" VPOS="1761" WIDTH="786">
<String CONTENT="Bell," HEIGHT="65" HPOS="367" VPOS="1763" WIDTH="141" />
<SP HEIGHT="65" HPOS="509" VPOS="1763" WIDTH="26" />
<String CONTENT="John" HEIGHT="54" HPOS="536" VPOS="1763" WIDTH="159" />
<SP HEIGHT="55" HPOS="696" VPOS="1764" WIDTH="28" />
<String CONTENT="Cromwell," HEIGHT="66" HPOS="725" VPOS="1761" WIDTH="327" />
<SP HEIGHT="65" HPOS="1053" VPOS="1762" WIDTH="25" />
<String CONTENT="jr." HEIGHT="65" HPOS="1079" VPOS="1762" WIDTH="74" />
</TextLine>
<TextLine CS="1" HEIGHT="71" HPOS="438" STYLEREFS="StyleId-7854EFBC-30D3-46CF-BBE1-43E44511F641-" VPOS="1838" WIDTH="1949">
<String CONTENT="New" HEIGHT="53" HPOS="438" VPOS="1840" WIDTH="140" />
<SP HEIGHT="54" HPOS="579" VPOS="1839" WIDTH="24" />
<String CONTENT="deal" HEIGHT="55" HPOS="604" VPOS="1839" WIDTH="130" />
<SP HEIGHT="54" HPOS="735" VPOS="1838" WIDTH="27" />
<String CONTENT="fairy" HEIGHT="71" HPOS="763" VPOS="1838" WIDTH="159" />
<SP HEIGHT="65" HPOS="923" VPOS="1844" WIDTH="26" />
<String CONTENT="tales," HEIGHT="67" HPOS="950" VPOS="1840" WIDTH="161" />
<SP HEIGHT="67" HPOS="1112" VPOS="1840" WIDTH="21" />
<String CONTENT="by" HEIGHT="68" HPOS="1134" VPOS="1840" WIDTH="75" />
<SP HEIGHT="68" HPOS="1210" VPOS="1840" WIDTH="27" />
<String CONTENT="John" HEIGHT="55" HPOS="1238" VPOS="1840" WIDTH="158" />
<SP HEIGHT="56" HPOS="1397" VPOS="1839" WIDTH="27" />
<String CONTENT="C." HEIGHT="56" HPOS="1425" VPOS="1839" WIDTH="64" />
<SP HEIGHT="54" HPOS="1490" VPOS="1840" WIDTH="26" />
<String CONTENT="Bell," HEIGHT="68" HPOS="1517" VPOS="1839" WIDTH="146" />
<SP HEIGHT="69" HPOS="1664" VPOS="1838" WIDTH="25" />
<String CONTENT="jr." HEIGHT="69" HPOS="1690" VPOS="1838" WIDTH="71" />
<SP HEIGHT="10" HPOS="1762" VPOS="1883" WIDTH="35" />
<String CONTENT="&#8230;" CS="1" />
<SP HEIGHT="34" HPOS="1855" VPOS="1873" WIDTH="84" />
<String CONTENT="[Philadelphia," HEIGHT="70" HPOS="1940" VPOS="1838" WIDTH="447" />
</TextLine>
<TextLine HEIGHT="70" HPOS="368" STYLEREFS="StyleId-7854EFBC-30D3-46CF-BBE1-43E44511F641-" VPOS="1918" WIDTH="953">
<String CONTENT="Printed" HEIGHT="55" HPOS="368" VPOS="1920" WIDTH="244" />
<SP HEIGHT="57" HPOS="613" VPOS="1918" WIDTH="24" />
<String CONTENT="by" HEIGHT="70" HPOS="638" VPOS="1918" WIDTH="79" />
<SP HEIGHT="69" HPOS="718" VPOS="1919" WIDTH="29" />
<String CONTENT="Chilton" HEIGHT="58" HPOS="748" VPOS="1918" WIDTH="239" />
<SP HEIGHT="38" HPOS="988" VPOS="1937" WIDTH="27" />
<String CONTENT="co.," HEIGHT="49" HPOS="1016" VPOS="1938" WIDTH="99" />
<SP HEIGHT="60" HPOS="1116" VPOS="1927" WIDTH="26" />
<String CONTENT="c" HEIGHT="22" HPOS="1143" STYLE="superscript" VPOS="1927" WIDTH="20" />
<String CONTENT="1936]" HEIGHT="65" HPOS="1167" VPOS="1922" WIDTH="154" />
</TextLine>
<TextLine CS="1" HEIGHT="51" HPOS="440" VPOS="1993" WIDTH="374">
<String CONTENT="126" HEIGHT="43" HPOS="440" VPOS="1993" WIDTH="88" />
<SP HEIGHT="51" HPOS="529" VPOS="1993" WIDTH="29" />
<String CONTENT="p." HEIGHT="40" HPOS="559" VPOS="2004" WIDTH="45" />
<SP HEIGHT="44" HPOS="605" VPOS="1993" WIDTH="58" />
<String CONTENT="22&#189;cm." CS="1" HEIGHT="42" HPOS="664" VPOS="1993" WIDTH="150" />
</TextLine>
<TextLine HEIGHT="51" HPOS="442" VPOS="2049" WIDTH="1948">
<String CONTENT="&#8220;In" HEIGHT="40" HPOS="442" VPOS="2052" WIDTH="88" />
<SP HEIGHT="30" HPOS="531" VPOS="2062" WIDTH="35" />
<String CONTENT="a" HEIGHT="30" HPOS="567" VPOS="2062" WIDTH="28" />
<SP HEIGHT="31" HPOS="596" VPOS="2061" WIDTH="34" />
<String CONTENT="series" HEIGHT="44" HPOS="631" VPOS="2049" WIDTH="154" />
<SP HEIGHT="31" HPOS="786" VPOS="2060" WIDTH="34" />
<String CONTENT="of" HEIGHT="41" HPOS="821" VPOS="2050" WIDTH="53" />
<SP HEIGHT="41" HPOS="875" VPOS="2050" WIDTH="32" />
<String CONTENT="short" HEIGHT="42" HPOS="908" VPOS="2050" WIDTH="139" />
<SP HEIGHT="49" HPOS="1048" VPOS="2051" WIDTH="33" />
<String CONTENT="questions" HEIGHT="51" HPOS="1082" VPOS="2049" WIDTH="253" />
<SP HEIGHT="30" HPOS="1336" VPOS="2061" WIDTH="35" />
<String CONTENT="and" HEIGHT="41" HPOS="1372" VPOS="2050" WIDTH="96" />
<SP HEIGHT="41" HPOS="1469" VPOS="2050" WIDTH="37" />
<String CONTENT="answers," HEIGHT="38" HPOS="1507" VPOS="2060" WIDTH="231" />
<SP HEIGHT="49" HPOS="1739" VPOS="2049" WIDTH="36" />
<String CONTENT="facts" HEIGHT="43" HPOS="1776" VPOS="2049" WIDTH="133" />
<SP HEIGHT="31" HPOS="1910" VPOS="2060" WIDTH="33" />
<String CONTENT="about" HEIGHT="42" HPOS="1944" VPOS="2049" WIDTH="152" />
<SP HEIGHT="41" HPOS="2097" VPOS="2050" WIDTH="31" />
<String CONTENT="Roosevelt" HEIGHT="41" HPOS="2129" VPOS="2050" WIDTH="261" />
</TextLine>
<TextLine CS="1" HEIGHT="51" HPOS="369" VPOS="2108" WIDTH="722">
<String CONTENT="and" HEIGHT="40" HPOS="369" VPOS="2111" WIDTH="97" />
<SP HEIGHT="40" HPOS="467" VPOS="2111" WIDTH="26" />
<String CONTENT="the" HEIGHT="41" HPOS="494" VPOS="2110" WIDTH="83" />
<SP HEIGHT="31" HPOS="578" VPOS="2120" WIDTH="23" />
<String CONTENT="new" HEIGHT="32" HPOS="602" VPOS="2120" WIDTH="112" />
<SP HEIGHT="41" HPOS="715" VPOS="2110" WIDTH="22" />
<String CONTENT="deal.&#8221;&#8212;p." HEIGHT="50" HPOS="738" VPOS="2108" WIDTH="263" />
<SP HEIGHT="31" HPOS="1002" VPOS="2128" WIDTH="30" />
<String CONTENT="[3]" CS="1" HEIGHT="50" HPOS="1047" VPOS="2109" WIDTH="44" />
</TextLine>
<TextLine CS="1" HEIGHT="112" HPOS="371" VPOS="2163" WIDTH="1998">
<String CONTENT="&#169;" HEIGHT="53" HPOS="371" VPOS="2165" WIDTH="52" />
<SP HEIGHT="53" HPOS="424" VPOS="2165" WIDTH="36" />
<String CONTENT="Sept." HEIGHT="48" HPOS="461" VPOS="2169" WIDTH="128" />
<SP HEIGHT="41" HPOS="590" VPOS="2167" WIDTH="34" />
<String CONTENT="23," HEIGHT="48" HPOS="625" VPOS="2167" WIDTH="72" />
<SP HEIGHT="47" HPOS="698" VPOS="2168" WIDTH="35" />
<String CONTENT="1936:" HEIGHT="41" HPOS="734" VPOS="2167" WIDTH="142" />
<SP HEIGHT="41" HPOS="877" VPOS="2167" WIDTH="35" />
<String CONTENT="2c." HEIGHT="40" HPOS="913" VPOS="2167" WIDTH="69" />
<SP HEIGHT="30" HPOS="983" VPOS="2177" WIDTH="33" />
<String CONTENT="and" HEIGHT="39" HPOS="1017" VPOS="2168" WIDTH="98" />
<SP HEIGHT="39" HPOS="1116" VPOS="2168" WIDTH="35" />
<String CONTENT="aff." HEIGHT="39" HPOS="1152" VPOS="2167" WIDTH="83" />
<SP HEIGHT="41" HPOS="1236" VPOS="2166" WIDTH="35" />
<String CONTENT="Oct." HEIGHT="41" HPOS="1272" VPOS="2166" WIDTH="102" />
<SP HEIGHT="41" HPOS="1375" VPOS="2166" WIDTH="32" />
<String CONTENT="1;" CS="1" HEIGHT="38" HPOS="1408" VPOS="2166" WIDTH="28" />
<SP />
<String CONTENT="A" HEIGHT="39" HPOS="1503" VPOS="2167" WIDTH="41" />
<SP HEIGHT="40" HPOS="1545" VPOS="2166" WIDTH="30" />
<String CONTENT="98741;" CS="1" HEIGHT="41" HPOS="1576" VPOS="2164" WIDTH="147" />
<SP />
<String CONTENT="J." HEIGHT="41" HPOS="1787" VPOS="2166" WIDTH="44" />
<SP HEIGHT="41" HPOS="1832" VPOS="2166" WIDTH="36" />
<String CONTENT="C." HEIGHT="41" HPOS="1869" VPOS="2166" WIDTH="49" />
<SP HEIGHT="40" HPOS="1919" VPOS="2167" WIDTH="36" />
<String CONTENT="Bell," HEIGHT="48" HPOS="1956" VPOS="2166" WIDTH="122" />
<SP HEIGHT="49" HPOS="2079" VPOS="2165" WIDTH="34" />
<String CONTENT="jr.," HEIGHT="48" HPOS="2114" VPOS="2165" WIDTH="77" />
<SP HEIGHT="47" HPOS="2192" VPOS="2166" WIDTH="36" />
<String CONTENT="Philadelphia." HEIGHT="112" HPOS="441" VPOS="2163" WIDTH="1928" />
<SP HEIGHT="50" HPOS="653" VPOS="2225" WIDTH="66" />
<String CONTENT="(36-24920)" HEIGHT="52" HPOS="720" VPOS="2223" WIDTH="284" />
</TextLine>
<TextLine HEIGHT="68" HPOS="367" STYLEREFS="StyleId-07082A50-8EC8-4EBB-96C0-B18754CD9357-" VPOS="2329" WIDTH="1052">
<String CONTENT="Bradbury," HEIGHT="66" HPOS="367" VPOS="2331" WIDTH="335" />
<SP HEIGHT="66" HPOS="703" VPOS="2331" WIDTH="28" />
<String CONTENT="Samuel" HEIGHT="56" HPOS="732" VPOS="2330" WIDTH="240" />
<SP HEIGHT="53" HPOS="973" VPOS="2330" WIDTH="27" />
<String CONTENT="Leslie," HEIGHT="65" HPOS="1001" VPOS="2329" WIDTH="212" />
<SP HEIGHT="58" HPOS="1214" VPOS="2336" WIDTH="30" />
<String CONTENT="1879-" HEIGHT="55" HPOS="1245" VPOS="2331" WIDTH="174" />
</TextLine>
<TextLine CS="1" HEIGHT="74" HPOS="440" STYLEREFS="StyleId-7854EFBC-30D3-46CF-BBE1-43E44511F641-" VPOS="2404" WIDTH="1887">
<String CONTENT="Hiram" HEIGHT="54" HPOS="440" VPOS="2409" WIDTH="214" />
<SP HEIGHT="53" HPOS="655" VPOS="2408" WIDTH="44" />
<String CONTENT="Harding" HEIGHT="70" HPOS="700" VPOS="2408" WIDTH="278" />
<SP HEIGHT="52" HPOS="979" VPOS="2426" WIDTH="44" />
<String CONTENT="of" HEIGHT="53" HPOS="1024" VPOS="2407" WIDTH="65" />
<SP HEIGHT="53" HPOS="1090" VPOS="2407" WIDTH="41" />
<String CONTENT="Hardscrabble," HEIGHT="61" HPOS="1132" VPOS="2405" WIDTH="448" />
<SP HEIGHT="61" HPOS="1581" VPOS="2405" WIDTH="43" />
<String CONTENT="by" HEIGHT="70" HPOS="1625" VPOS="2405" WIDTH="77" />
<SP HEIGHT="71" HPOS="1703" VPOS="2404" WIDTH="44" />
<String CONTENT="S." HEIGHT="57" HPOS="1748" VPOS="2404" WIDTH="59" />
<SP HEIGHT="53" HPOS="1808" VPOS="2406" WIDTH="44" />
<String CONTENT="L." HEIGHT="52" HPOS="1853" VPOS="2406" WIDTH="66" />
<SP HEIGHT="52" HPOS="1920" VPOS="2407" WIDTH="45" />
<String CONTENT="Bradbury" HEIGHT="68" HPOS="1966" VPOS="2407" WIDTH="312" />
<SP HEIGHT="49" HPOS="2279" VPOS="2426" WIDTH="48" />
<String CONTENT="&#8230;" CS="1" />
</TextLine>
<TextLine CS="1" HEIGHT="152" HPOS="371" STYLEREFS="StyleId-7854EFBC-30D3-46CF-BBE1-43E44511F641-" VPOS="2484" WIDTH="1994">
<String CONTENT="drawings" HEIGHT="69" HPOS="371" VPOS="2487" WIDTH="293" />
<SP HEIGHT="55" HPOS="665" VPOS="2486" WIDTH="28" />
<String CONTENT="by" HEIGHT="69" HPOS="694" VPOS="2486" WIDTH="78" />
<SP HEIGHT="69" HPOS="773" VPOS="2486" WIDTH="28" />
<String CONTENT="W." HEIGHT="55" HPOS="802" VPOS="2486" WIDTH="91" />
<SP HEIGHT="55" HPOS="894" VPOS="2486" WIDTH="31" />
<String CONTENT="L." HEIGHT="54" HPOS="926" VPOS="2486" WIDTH="64" />
<SP HEIGHT="55" HPOS="991" VPOS="2485" WIDTH="31" />
<String CONTENT="Davis." HEIGHT="54" HPOS="1023" VPOS="2485" WIDTH="199" />
<SP HEIGHT="53" HPOS="1223" VPOS="2485" WIDTH="66" />
<String CONTENT="Rutland," HEIGHT="69" HPOS="1290" VPOS="2484" WIDTH="278" />
<SP HEIGHT="67" HPOS="1569" VPOS="2486" WIDTH="32" />
<String CONTENT="Vt.," HEIGHT="65" HPOS="1602" VPOS="2486" WIDTH="116" />
<SP HEIGHT="64" HPOS="1719" VPOS="2487" WIDTH="29" />
<String CONTENT="The" HEIGHT="55" HPOS="1749" VPOS="2485" WIDTH="123" />
<SP HEIGHT="55" HPOS="1873" VPOS="2485" WIDTH="28" />
<String CONTENT="Tuttle" HEIGHT="54" HPOS="1902" VPOS="2485" WIDTH="198" />
<SP HEIGHT="49" HPOS="2101" VPOS="2504" WIDTH="33" />
<String CONTENT="publishing" HEIGHT="151" HPOS="373" VPOS="2485" WIDTH="1992" />
<SP HEIGHT="51" HPOS="472" VPOS="2585" WIDTH="26" />
<String CONTENT="co.," HEIGHT="50" HPOS="499" VPOS="2584" WIDTH="101" />
<SP HEIGHT="70" HPOS="601" VPOS="2564" WIDTH="25" />
<String CONTENT="inc." HEIGHT="56" HPOS="627" VPOS="2564" WIDTH="109" />
<SP HEIGHT="35" HPOS="737" VPOS="2598" WIDTH="35" />
<String CONTENT="[" HEIGHT="35" HPOS="773" VPOS="2598" WIDTH="13" />
<String CONTENT="c" HEIGHT="23" HPOS="790" STYLE="superscript" VPOS="2571" WIDTH="19" />
<String CONTENT="1936]" HEIGHT="66" HPOS="815" VPOS="2567" WIDTH="154" />
</TextLine>
<TextLine CS="1" HEIGHT="52" HPOS="441" VPOS="2638" WIDTH="874">
<String CONTENT="5" HEIGHT="40" HPOS="441" VPOS="2641" WIDTH="28" />
<SP />
<String CONTENT="p." HEIGHT="38" HPOS="494" VPOS="2652" WIDTH="44" />
<SP HEIGHT="39" HPOS="539" VPOS="2642" WIDTH="24" />
<String CONTENT="l.," CS="1" />
<SP HEIGHT="47" HPOS="611" VPOS="2640" WIDTH="25" />
<String CONTENT="15-254" HEIGHT="41" HPOS="637" VPOS="2639" WIDTH="176" />
<SP HEIGHT="48" HPOS="814" VPOS="2640" WIDTH="22" />
<String CONTENT="p." HEIGHT="38" HPOS="837" VPOS="2650" WIDTH="43" />
<SP HEIGHT="41" HPOS="881" VPOS="2639" WIDTH="54" />
<String CONTENT="front.," HEIGHT="48" HPOS="936" VPOS="2639" WIDTH="166" />
<SP HEIGHT="48" HPOS="1103" VPOS="2639" WIDTH="26" />
<String CONTENT="illus." HEIGHT="40" HPOS="1130" VPOS="2639" WIDTH="130" />
<SP HEIGHT="41" HPOS="1261" VPOS="2638" WIDTH="54" />
<String CONTENT="19&#189;cm." CS="1" />
</TextLine>
<TextLine CS="1" HEIGHT="110" HPOS="371" VPOS="2693" WIDTH="2000">
<String CONTENT="&#169;" HEIGHT="53" HPOS="371" VPOS="2693" WIDTH="52" />
<SP HEIGHT="53" HPOS="424" VPOS="2693" WIDTH="27" />
<String CONTENT="Oct." HEIGHT="40" HPOS="452" VPOS="2698" WIDTH="102" />
<SP HEIGHT="40" HPOS="555" VPOS="2697" WIDTH="29" />
<String CONTENT="10," HEIGHT="49" HPOS="585" VPOS="2696" WIDTH="71" />
<SP HEIGHT="48" HPOS="657" VPOS="2697" WIDTH="25" />
<String CONTENT="1936;" CS="1" HEIGHT="42" HPOS="683" VPOS="2695" WIDTH="117" />
<SP />
<String CONTENT="2c." HEIGHT="42" HPOS="857" VPOS="2695" WIDTH="69" />
<SP HEIGHT="31" HPOS="927" VPOS="2706" WIDTH="30" />
<String CONTENT="and" HEIGHT="39" HPOS="958" VPOS="2696" WIDTH="96" />
<SP HEIGHT="39" HPOS="1055" VPOS="2696" WIDTH="28" />
<String CONTENT="aff." HEIGHT="40" HPOS="1084" VPOS="2696" WIDTH="81" />
<SP HEIGHT="40" HPOS="1166" VPOS="2696" WIDTH="33" />
<String CONTENT="Oct." HEIGHT="40" HPOS="1200" VPOS="2696" WIDTH="101" />
<SP HEIGHT="39" HPOS="1302" VPOS="2695" WIDTH="29" />
<String CONTENT="22:" HEIGHT="41" HPOS="1332" VPOS="2695" WIDTH="82" />
<SP HEIGHT="40" HPOS="1415" VPOS="2696" WIDTH="33" />
<String CONTENT="A" HEIGHT="39" HPOS="1449" VPOS="2696" WIDTH="40" />
<SP HEIGHT="40" HPOS="1490" VPOS="2695" WIDTH="30" />
<String CONTENT="100043;" CS="1" HEIGHT="41" HPOS="1521" VPOS="2694" WIDTH="174" />
<SP />
<String CONTENT="S." HEIGHT="42" HPOS="1759" VPOS="2695" WIDTH="46" />
<SP HEIGHT="41" HPOS="1806" VPOS="2696" WIDTH="29" />
<String CONTENT="L." HEIGHT="40" HPOS="1836" VPOS="2696" WIDTH="51" />
<SP HEIGHT="40" HPOS="1888" VPOS="2696" WIDTH="30" />
<String CONTENT="Bradbury," HEIGHT="48" HPOS="1919" VPOS="2695" WIDTH="276" />
<SP HEIGHT="45" HPOS="2196" VPOS="2698" WIDTH="31" />
<String CONTENT="Meadville," HEIGHT="108" HPOS="439" VPOS="2695" WIDTH="1932" />
<SP HEIGHT="48" HPOS="569" VPOS="2755" WIDTH="31" />
<String CONTENT="Pa." HEIGHT="39" HPOS="601" VPOS="2755" WIDTH="84" />
<SP HEIGHT="49" HPOS="686" VPOS="2753" WIDTH="68" />
<String CONTENT="(36-23521)" HEIGHT="50" HPOS="755" VPOS="2752" WIDTH="284" />
</TextLine>
<TextLine HEIGHT="67" HPOS="367" STYLEREFS="StyleId-07082A50-8EC8-4EBB-96C0-B18754CD9357-" VPOS="2859" WIDTH="757">
<String CONTENT="Brent," HEIGHT="65" HPOS="367" VPOS="2861" WIDTH="204" />
<SP HEIGHT="65" HPOS="572" VPOS="2861" WIDTH="24" />
<String CONTENT="Lynton" HEIGHT="65" HPOS="597" VPOS="2861" WIDTH="239" />
<SP HEIGHT="56" HPOS="837" VPOS="2861" WIDTH="24" />
<String CONTENT="Wright." HEIGHT="67" HPOS="862" VPOS="2859" WIDTH="262" />
</TextLine>
<TextLine CS="1" HEIGHT="150" HPOS="374" STYLEREFS="StyleId-7854EFBC-30D3-46CF-BBE1-43E44511F641-" VPOS="2935" WIDTH="1988">
<String CONTENT="Gittin&#8217;" HEIGHT="57" HPOS="438" VPOS="2936" WIDTH="211" />
<SP HEIGHT="55" HPOS="650" VPOS="2937" WIDTH="26" />
<String CONTENT="in" HEIGHT="55" HPOS="677" VPOS="2937" WIDTH="61" />
<SP HEIGHT="48" HPOS="739" VPOS="2944" WIDTH="25" />
<String CONTENT="the" HEIGHT="53" HPOS="765" VPOS="2939" WIDTH="97" />
<SP HEIGHT="35" HPOS="863" VPOS="2957" WIDTH="24" />
<String CONTENT="movies;" CS="1" HEIGHT="56" HPOS="888" VPOS="2937" WIDTH="215" />
<SP />
<String CONTENT="adventures" HEIGHT="55" HPOS="1162" VPOS="2937" WIDTH="342" />
<SP HEIGHT="36" HPOS="1505" VPOS="2957" WIDTH="27" />
<String CONTENT="of" HEIGHT="58" HPOS="1533" VPOS="2935" WIDTH="65" />
<SP HEIGHT="57" HPOS="1599" VPOS="2935" WIDTH="26" />
<String CONTENT="a" HEIGHT="35" HPOS="1626" VPOS="2957" WIDTH="31" />
<SP HEIGHT="35" HPOS="1658" VPOS="2957" WIDTH="25" />
<String CONTENT="country" HEIGHT="65" HPOS="1684" VPOS="2942" WIDTH="243" />
<SP HEIGHT="70" HPOS="1928" VPOS="2937" WIDTH="23" />
<String CONTENT="boy" HEIGHT="70" HPOS="1952" VPOS="2937" WIDTH="114" />
<SP HEIGHT="69" HPOS="2067" VPOS="2938" WIDTH="22" />
<String CONTENT="in" HEIGHT="54" HPOS="2090" VPOS="2938" WIDTH="61" />
<SP HEIGHT="53" HPOS="2152" VPOS="2940" WIDTH="25" />
<String CONTENT="Hollywood," HEIGHT="146" HPOS="374" VPOS="2939" WIDTH="1988" />
</TextLine>
<TextLine CS="1" HEIGHT="71" HPOS="600" STYLEREFS="StyleId-7854EFBC-30D3-46CF-BBE1-43E44511F641-" VPOS="3016" WIDTH="1785">
<String CONTENT="by" HEIGHT="70" HPOS="600" VPOS="3017" WIDTH="80" />
<SP HEIGHT="69" HPOS="681" VPOS="3018" WIDTH="49" />
<String CONTENT="Lynton" HEIGHT="69" HPOS="731" VPOS="3018" WIDTH="234" />
<SP HEIGHT="54" HPOS="966" VPOS="3018" WIDTH="50" />
<String CONTENT="Wright" HEIGHT="71" HPOS="1017" VPOS="3016" WIDTH="239" />
<SP HEIGHT="53" HPOS="1257" VPOS="3018" WIDTH="52" />
<String CONTENT="Brent;" CS="1" HEIGHT="53" HPOS="1310" VPOS="3018" WIDTH="182" />
<SP />
<String CONTENT="pitchers" HEIGHT="69" HPOS="1577" VPOS="3017" WIDTH="253" />
<SP HEIGHT="54" HPOS="1831" VPOS="3018" WIDTH="52" />
<String CONTENT="by" HEIGHT="68" HPOS="1884" VPOS="3018" WIDTH="77" />
<SP HEIGHT="64" HPOS="1962" VPOS="3022" WIDTH="46" />
<String CONTENT="the" HEIGHT="53" HPOS="2009" VPOS="3018" WIDTH="98" />
<SP HEIGHT="35" HPOS="2108" VPOS="3036" WIDTH="52" />
<String CONTENT="author." HEIGHT="55" HPOS="2161" VPOS="3018" WIDTH="224" />
</TextLine>
<TextLine CS="1" HEIGHT="72" HPOS="369" STYLEREFS="StyleId-7854EFBC-30D3-46CF-BBE1-43E44511F641-" VPOS="3095" WIDTH="1368">
<String CONTENT="Hollywood," HEIGHT="72" HPOS="369" VPOS="3095" WIDTH="367" />
<SP HEIGHT="70" HPOS="737" VPOS="3097" WIDTH="29" />
<String CONTENT="Moderncraft" HEIGHT="54" HPOS="767" VPOS="3097" WIDTH="405" />
<SP HEIGHT="61" HPOS="1173" VPOS="3103" WIDTH="27" />
<String CONTENT="publishers" HEIGHT="68" HPOS="1201" VPOS="3096" WIDTH="325" />
<SP HEIGHT="50" HPOS="1527" VPOS="3116" WIDTH="35" />
<String CONTENT="[" CS="1" />
<String CONTENT="c" HEIGHT="22" HPOS="1580" STYLE="superscript" VPOS="3103" WIDTH="19" />
<String CONTENT="1936]" CS="1" HEIGHT="51" HPOS="1604" VPOS="3100" WIDTH="133" />
</TextLine>
<TextLine CS="1" HEIGHT="49" HPOS="438" STYLEREFS="StyleId-7854EFBC-30D3-46CF-BBE1-43E44511F641-" VPOS="3170" WIDTH="1299">
<String CONTENT="3" HEIGHT="41" HPOS="438" VPOS="3171" WIDTH="28" />
<SP HEIGHT="48" HPOS="467" VPOS="3171" WIDTH="24" />
<String CONTENT="p." HEIGHT="38" HPOS="492" VPOS="3181" WIDTH="44" />
<SP HEIGHT="43" HPOS="537" VPOS="3171" WIDTH="25" />
<String CONTENT="l.," CS="1" />
<SP HEIGHT="49" HPOS="609" VPOS="3170" WIDTH="25" />
<String CONTENT="97" HEIGHT="42" HPOS="635" VPOS="3170" WIDTH="59" />
<SP HEIGHT="48" HPOS="695" VPOS="3171" WIDTH="23" />
<String CONTENT="p." HEIGHT="38" HPOS="719" VPOS="3181" WIDTH="44" />
<SP HEIGHT="42" HPOS="764" VPOS="3170" WIDTH="56" />
<String CONTENT="front." CS="1" />
<SP HEIGHT="49" HPOS="975" VPOS="3170" WIDTH="28" />
<String CONTENT="(port.)" HEIGHT="49" HPOS="1004" VPOS="3170" WIDTH="174" />
<SP HEIGHT="47" HPOS="1179" VPOS="3171" WIDTH="34" />
<String CONTENT="illus.," HEIGHT="46" HPOS="1214" VPOS="3171" WIDTH="143" />
<SP HEIGHT="38" HPOS="1358" VPOS="3181" WIDTH="28" />
<String CONTENT="plates." HEIGHT="47" HPOS="1387" VPOS="3172" WIDTH="171" />
<SP HEIGHT="40" HPOS="1559" VPOS="3171" WIDTH="58" />
<String CONTENT="21" HEIGHT="40" HPOS="1618" VPOS="3171" WIDTH="56" />
<String CONTENT="cm" HEIGHT="22" HPOS="1678" STYLE="superscript" VPOS="3173" WIDTH="44" />
<String CONTENT="." HEIGHT="9" HPOS="1727" VPOS="3203" WIDTH="10" />
</TextLine>
<TextLine CS="1" HEIGHT="53" HPOS="369" VPOS="3226" WIDTH="1618">
<String CONTENT="&#169;" HEIGHT="53" HPOS="369" VPOS="3226" WIDTH="57" />
<SP HEIGHT="53" HPOS="427" VPOS="3226" WIDTH="26" />
<String CONTENT="Oct." HEIGHT="41" HPOS="454" VPOS="3230" WIDTH="102" />
<SP HEIGHT="40" HPOS="557" VPOS="3229" WIDTH="29" />
<String CONTENT="9," HEIGHT="49" HPOS="587" VPOS="3229" WIDTH="41" />
<SP HEIGHT="48" HPOS="629" VPOS="3230" WIDTH="30" />
<String CONTENT="1936:" HEIGHT="43" HPOS="660" VPOS="3228" WIDTH="142" />
<SP HEIGHT="42" HPOS="803" VPOS="3229" WIDTH="32" />
<String CONTENT="2c." HEIGHT="41" HPOS="836" VPOS="3229" WIDTH="67" />
<SP HEIGHT="41" HPOS="904" VPOS="3230" WIDTH="33" />
<String CONTENT="Oct." HEIGHT="41" HPOS="938" VPOS="3230" WIDTH="103" />
<SP HEIGHT="38" HPOS="1042" VPOS="3230" WIDTH="29" />
<String CONTENT="15:" HEIGHT="44" HPOS="1072" VPOS="3228" WIDTH="83" />
<SP HEIGHT="32" HPOS="1156" VPOS="3240" WIDTH="32" />
<String CONTENT="aff." HEIGHT="40" HPOS="1189" VPOS="3229" WIDTH="81" />
<SP HEIGHT="41" HPOS="1271" VPOS="3229" WIDTH="33" />
<String CONTENT="Oct." HEIGHT="41" HPOS="1305" VPOS="3229" WIDTH="103" />
<SP HEIGHT="40" HPOS="1409" VPOS="3229" WIDTH="29" />
<String CONTENT="14;" CS="1" HEIGHT="40" HPOS="1439" VPOS="3228" WIDTH="56" />
<SP />
<String CONTENT="A" HEIGHT="39" HPOS="1555" VPOS="3230" WIDTH="41" />
<SP HEIGHT="41" HPOS="1597" VPOS="3228" WIDTH="28" />
<String CONTENT="98919;" CS="1" HEIGHT="42" HPOS="1626" VPOS="3227" WIDTH="146" />
<SP />
<String CONTENT="L." HEIGHT="40" HPOS="1831" VPOS="3229" WIDTH="51" />
<SP HEIGHT="39" HPOS="1883" VPOS="3230" WIDTH="31" />
<String CONTENT="W." HEIGHT="39" HPOS="1915" VPOS="3230" WIDTH="72" />
</TextLine>
<TextLine CS="1" HEIGHT="108" HPOS="448" VPOS="3228" WIDTH="1920">
<String CONTENT="Brent." HEIGHT="38" HPOS="2020" VPOS="3230" WIDTH="166" />
<SP HEIGHT="39" HPOS="2187" VPOS="3229" WIDTH="34" />
<String CONTENT="Hollywood," HEIGHT="108" HPOS="448" VPOS="3228" WIDTH="1920" />
<SP HEIGHT="48" HPOS="600" VPOS="3288" WIDTH="29" />
<String CONTENT="Calif." HEIGHT="44" HPOS="630" VPOS="3285" WIDTH="146" />
<SP HEIGHT="48" HPOS="777" VPOS="3286" WIDTH="63" />
<String CONTENT="(36-23294)" HEIGHT="49" HPOS="841" VPOS="3286" WIDTH="284" />
</TextLine>
<TextLine HEIGHT="66" HPOS="369" STYLEREFS="StyleId-07082A50-8EC8-4EBB-96C0-B18754CD9357-" VPOS="3393" WIDTH="629">
<String CONTENT="Buck," HEIGHT="65" HPOS="369" VPOS="3393" WIDTH="180" />
<SP HEIGHT="64" HPOS="550" VPOS="3394" WIDTH="25" />
<String CONTENT="Frank," HEIGHT="66" HPOS="576" VPOS="3393" WIDTH="220" />
<SP HEIGHT="59" HPOS="797" VPOS="3400" WIDTH="27" />
<String CONTENT="1882-" HEIGHT="51" HPOS="825" VPOS="3399" WIDTH="173" />
</TextLine>
<TextLine CS="1" HEIGHT="72" HPOS="440" STYLEREFS="StyleId-7854EFBC-30D3-46CF-BBE1-43E44511F641-" VPOS="3468" WIDTH="1945">
<String CONTENT="On" HEIGHT="57" HPOS="440" VPOS="3469" WIDTH="95" />
<SP HEIGHT="70" HPOS="536" VPOS="3470" WIDTH="39" />
<String CONTENT="jungle" HEIGHT="71" HPOS="576" VPOS="3469" WIDTH="201" />
<SP HEIGHT="49" HPOS="778" VPOS="3475" WIDTH="39" />
<String CONTENT="trails," HEIGHT="68" HPOS="818" VPOS="3471" WIDTH="185" />
<SP HEIGHT="69" HPOS="1004" VPOS="3470" WIDTH="40" />
<String CONTENT="by" HEIGHT="69" HPOS="1045" VPOS="3470" WIDTH="76" />
<SP HEIGHT="68" HPOS="1122" VPOS="3471" WIDTH="41" />
<String CONTENT="Frank" HEIGHT="53" HPOS="1164" VPOS="3471" WIDTH="200" />
<SP HEIGHT="52" HPOS="1365" VPOS="3471" WIDTH="40" />
<String CONTENT="Buck" HEIGHT="54" HPOS="1406" VPOS="3470" WIDTH="166" />
<SP HEIGHT="53" HPOS="1573" VPOS="3470" WIDTH="42" />
<String CONTENT="&#8230;" CS="1" />
<SP HEIGHT="35" HPOS="1674" VPOS="3488" WIDTH="46" />
<String CONTENT="with" HEIGHT="55" HPOS="1721" VPOS="3468" WIDTH="143" />
<SP HEIGHT="54" HPOS="1865" VPOS="3469" WIDTH="41" />
<String CONTENT="Ferrin" HEIGHT="55" HPOS="1907" VPOS="3468" WIDTH="209" />
<SP HEIGHT="54" HPOS="2117" VPOS="3469" WIDTH="42" />
<String CONTENT="Fraser." HEIGHT="54" HPOS="2160" VPOS="3469" WIDTH="225" />
</TextLine>
<TextLine HEIGHT="70" HPOS="371" STYLEREFS="StyleId-7854EFBC-30D3-46CF-BBE1-43E44511F641-" VPOS="3549" WIDTH="1839">
<String CONTENT="Yonkers-on-Hudson," HEIGHT="70" HPOS="371" VPOS="3549" WIDTH="655" />
<SP HEIGHT="68" HPOS="1027" VPOS="3551" WIDTH="30" />
<String CONTENT="N." HEIGHT="54" HPOS="1058" VPOS="3551" WIDTH="69" />
<SP HEIGHT="53" HPOS="1128" VPOS="3551" WIDTH="33" />
<String CONTENT="Y.," HEIGHT="68" HPOS="1162" VPOS="3551" WIDTH="92" />
<SP HEIGHT="68" HPOS="1255" VPOS="3551" WIDTH="27" />
<String CONTENT="World" HEIGHT="54" HPOS="1283" VPOS="3551" WIDTH="207" />
<SP HEIGHT="54" HPOS="1491" VPOS="3551" WIDTH="27" />
<String CONTENT="book" HEIGHT="54" HPOS="1519" VPOS="3550" WIDTH="149" />
<SP HEIGHT="54" HPOS="1669" VPOS="3550" WIDTH="26" />
<String CONTENT="company" HEIGHT="52" HPOS="1696" VPOS="3567" WIDTH="284" />
<SP HEIGHT="51" HPOS="1981" VPOS="3568" WIDTH="34" />
<String CONTENT="[" HEIGHT="35" HPOS="2016" VPOS="3582" WIDTH="13" />
<String CONTENT="c" HEIGHT="22" HPOS="2034" STYLE="superscript" VPOS="3557" WIDTH="18" />
<String CONTENT="1936]" HEIGHT="66" HPOS="2058" VPOS="3551" WIDTH="152" />
</TextLine>
<TextLine CS="1" HEIGHT="51" HPOS="439" STYLEREFS="StyleId-7854EFBC-30D3-46CF-BBE1-43E44511F641-" VPOS="3624" WIDTH="1540">
<String CONTENT="vii," HEIGHT="50" HPOS="439" VPOS="3624" WIDTH="83" />
<SP HEIGHT="48" HPOS="523" VPOS="3626" WIDTH="20" />
<String CONTENT="280" HEIGHT="43" HPOS="544" VPOS="3625" WIDTH="90" />
<SP HEIGHT="49" HPOS="635" VPOS="3625" WIDTH="18" />
<String CONTENT="p." HEIGHT="39" HPOS="654" VPOS="3635" WIDTH="46" />
<SP HEIGHT="41" HPOS="701" VPOS="3625" WIDTH="50" />
<String CONTENT="front.," HEIGHT="50" HPOS="752" VPOS="3625" WIDTH="166" />
<SP HEIGHT="50" HPOS="919" VPOS="3625" WIDTH="22" />
<String CONTENT="illus." HEIGHT="42" HPOS="942" VPOS="3625" WIDTH="131" />
<SP HEIGHT="49" HPOS="1074" VPOS="3626" WIDTH="27" />
<String CONTENT="(incl." HEIGHT="49" HPOS="1102" VPOS="3626" WIDTH="135" />
<SP HEIGHT="30" HPOS="1238" VPOS="3636" WIDTH="25" />
<String CONTENT="map)" HEIGHT="50" HPOS="1264" VPOS="3625" WIDTH="138" />
<SP HEIGHT="49" HPOS="1403" VPOS="3625" WIDTH="23" />
<String CONTENT="plates," HEIGHT="48" HPOS="1427" VPOS="3626" WIDTH="175" />
<SP HEIGHT="38" HPOS="1603" VPOS="3636" WIDTH="22" />
<String CONTENT="ports." HEIGHT="47" HPOS="1626" VPOS="3627" WIDTH="152" />
<SP HEIGHT="42" HPOS="1779" VPOS="3625" WIDTH="49" />
<String CONTENT="20&#189;cm." CS="1" HEIGHT="42" HPOS="1829" VPOS="3625" WIDTH="150" />
</TextLine>
<TextLine HEIGHT="56" HPOS="437" VPOS="3678" WIDTH="1947">
<String CONTENT="&#8220;Information" HEIGHT="42" HPOS="437" VPOS="3681" WIDTH="361" />
<SP HEIGHT="30" HPOS="799" VPOS="3693" WIDTH="28" />
<String CONTENT="about" HEIGHT="41" HPOS="828" VPOS="3683" WIDTH="151" />
<SP HEIGHT="40" HPOS="980" VPOS="3684" WIDTH="26" />
<String CONTENT="Asiatic" HEIGHT="42" HPOS="1007" VPOS="3683" WIDTH="190" />
<SP HEIGHT="30" HPOS="1198" VPOS="3693" WIDTH="29" />
<String CONTENT="animals," HEIGHT="53" HPOS="1228" VPOS="3681" WIDTH="226" />
<SP HEIGHT="51" HPOS="1455" VPOS="3683" WIDTH="29" />
<String CONTENT="birds," HEIGHT="47" HPOS="1485" VPOS="3682" WIDTH="151" />
<SP HEIGHT="36" HPOS="1637" VPOS="3693" WIDTH="31" />
<String CONTENT="and" HEIGHT="41" HPOS="1669" VPOS="3682" WIDTH="96" />
<SP HEIGHT="40" HPOS="1766" VPOS="3682" WIDTH="30" />
<String CONTENT="reptiles&#8221;:" HEIGHT="50" HPOS="1797" VPOS="3681" WIDTH="261" />
<SP HEIGHT="40" HPOS="2059" VPOS="3691" WIDTH="29" />
<String CONTENT="p." HEIGHT="40" HPOS="2089" VPOS="3691" WIDTH="46" />
<SP HEIGHT="43" HPOS="2136" VPOS="3682" WIDTH="27" />
<String CONTENT="263-280." HEIGHT="46" HPOS="2164" VPOS="3678" WIDTH="220" />
</TextLine>
<TextLine CS="1" HEIGHT="52" HPOS="368" VPOS="3737" WIDTH="2015">
<String CONTENT="&#169;" HEIGHT="52" HPOS="368" VPOS="3737" WIDTH="53" />
<SP HEIGHT="52" HPOS="422" VPOS="3737" WIDTH="30" />
<String CONTENT="Sept." HEIGHT="48" HPOS="453" VPOS="3741" WIDTH="129" />
<SP HEIGHT="42" HPOS="583" VPOS="3739" WIDTH="26" />
<String CONTENT="30," HEIGHT="50" HPOS="610" VPOS="3739" WIDTH="73" />
<SP HEIGHT="49" HPOS="684" VPOS="3740" WIDTH="27" />
<String CONTENT="1936;" CS="1" HEIGHT="41" HPOS="712" VPOS="3739" WIDTH="116" />
<SP />
<String CONTENT="2c." HEIGHT="41" HPOS="885" VPOS="3739" WIDTH="68" />
<SP HEIGHT="41" HPOS="954" VPOS="3741" WIDTH="31" />
<String CONTENT="Oct." HEIGHT="41" HPOS="986" VPOS="3741" WIDTH="103" />
<SP HEIGHT="40" HPOS="1090" VPOS="3740" WIDTH="27" />
<String CONTENT="3;" CS="1" HEIGHT="40" HPOS="1118" VPOS="3740" WIDTH="27" />
<SP />
<String CONTENT="aff." HEIGHT="40" HPOS="1206" VPOS="3740" WIDTH="81" />
<SP HEIGHT="41" HPOS="1288" VPOS="3740" WIDTH="31" />
<String CONTENT="Oct." HEIGHT="41" HPOS="1320" VPOS="3740" WIDTH="103" />
<SP HEIGHT="41" HPOS="1424" VPOS="3739" WIDTH="30" />
<String CONTENT="5:" HEIGHT="42" HPOS="1455" VPOS="3739" WIDTH="53" />
<SP HEIGHT="41" HPOS="1509" VPOS="3740" WIDTH="33" />
<String CONTENT="A" HEIGHT="40" HPOS="1543" VPOS="3740" WIDTH="39" />
<SP HEIGHT="41" HPOS="1583" VPOS="3739" WIDTH="25" />
<String CONTENT="99160;" CS="1" HEIGHT="42" HPOS="1609" VPOS="3738" WIDTH="148" />
<SP />
<String CONTENT="F." HEIGHT="41" HPOS="1817" VPOS="3740" WIDTH="52" />
<SP HEIGHT="41" HPOS="1870" VPOS="3740" WIDTH="32" />
<String CONTENT="Buck," HEIGHT="47" HPOS="1903" VPOS="3739" WIDTH="152" />
<SP HEIGHT="46" HPOS="2056" VPOS="3740" WIDTH="30" />
<String CONTENT="Amityville," HEIGHT="49" HPOS="2087" VPOS="3737" WIDTH="296" />
</TextLine>
<TextLine HEIGHT="50" HPOS="438" VPOS="3796" WIDTH="850">
<String CONTENT="Long" HEIGHT="48" HPOS="438" VPOS="3798" WIDTH="136" />
<SP HEIGHT="47" HPOS="575" VPOS="3799" WIDTH="20" />
<String CONTENT="Island." HEIGHT="44" HPOS="596" VPOS="3797" WIDTH="183" />
<SP HEIGHT="43" HPOS="780" VPOS="3798" WIDTH="24" />
<String CONTENT="N." HEIGHT="39" HPOS="805" VPOS="3798" WIDTH="56" />
<SP HEIGHT="38" HPOS="862" VPOS="3799" WIDTH="24" />
<String CONTENT="Y." HEIGHT="38" HPOS="887" VPOS="3799" WIDTH="54" />
<SP HEIGHT="48" HPOS="942" VPOS="3797" WIDTH="62" />
<String CONTENT="(36-23248)" HEIGHT="50" HPOS="1005" VPOS="3796" WIDTH="283" />
</TextLine>
<TextLine HEIGHT="67" HPOS="363" STYLEREFS="StyleId-07082A50-8EC8-4EBB-96C0-B18754CD9357-" VPOS="3886" WIDTH="994">
<String CONTENT="Bullett," HEIGHT="64" HPOS="363" VPOS="3886" WIDTH="243" />
<SP HEIGHT="63" HPOS="607" VPOS="3887" WIDTH="26" />
<String CONTENT="Gerald" HEIGHT="55" HPOS="634" VPOS="3886" WIDTH="215" />
<SP HEIGHT="54" HPOS="850" VPOS="3888" WIDTH="25" />
<String CONTENT="William," HEIGHT="66" HPOS="876" VPOS="3887" WIDTH="277" />
<SP HEIGHT="59" HPOS="1154" VPOS="3894" WIDTH="29" />
<String CONTENT="1894-" HEIGHT="51" HPOS="1184" VPOS="3893" WIDTH="173" />
</TextLine>
<TextLine HEIGHT="70" HPOS="436" STYLEREFS="StyleId-7854EFBC-30D3-46CF-BBE1-43E44511F641-" VPOS="3962" WIDTH="1949">
<String CONTENT="The" HEIGHT="53" HPOS="436" VPOS="3963" WIDTH="125" />
<SP HEIGHT="36" HPOS="562" VPOS="3981" WIDTH="36" />
<String CONTENT="snare" HEIGHT="35" HPOS="599" VPOS="3982" WIDTH="166" />
<SP HEIGHT="34" HPOS="766" VPOS="3982" WIDTH="41" />
<String CONTENT="of" HEIGHT="52" HPOS="808" VPOS="3963" WIDTH="65" />
<SP HEIGHT="55" HPOS="874" VPOS="3963" WIDTH="40" />
<String CONTENT="the" HEIGHT="54" HPOS="915" VPOS="3964" WIDTH="95" />
<SP HEIGHT="53" HPOS="1011" VPOS="3965" WIDTH="43" />
<String CONTENT="fowler," HEIGHT="67" HPOS="1055" VPOS="3963" WIDTH="221" />
<SP HEIGHT="66" HPOS="1277" VPOS="3964" WIDTH="40" />
<String CONTENT="by" HEIGHT="68" HPOS="1318" VPOS="3964" WIDTH="77" />
<SP HEIGHT="69" HPOS="1396" VPOS="3963" WIDTH="42" />
<String CONTENT="Gerald" HEIGHT="56" HPOS="1439" VPOS="3963" WIDTH="216" />
<SP HEIGHT="54" HPOS="1656" VPOS="3963" WIDTH="44" />
<String CONTENT="Bullett." HEIGHT="55" HPOS="1701" VPOS="3962" WIDTH="239" />
<SP HEIGHT="54" HPOS="1941" VPOS="3963" WIDTH="79" />
<String CONTENT="New" HEIGHT="53" HPOS="2021" VPOS="3963" WIDTH="138" />
<SP HEIGHT="54" HPOS="2160" VPOS="3962" WIDTH="44" />
<String CONTENT="York," HEIGHT="69" HPOS="2205" VPOS="3962" WIDTH="180" />
</TextLine>
<TextLine CS="1" HEIGHT="80" HPOS="363" STYLEREFS="StyleId-7854EFBC-30D3-46CF-BBE1-43E44511F641-" VPOS="4039" WIDTH="601">
<String CONTENT="A." HEIGHT="58" HPOS="363" VPOS="4039" WIDTH="73" />
<SP HEIGHT="54" HPOS="437" VPOS="4040" WIDTH="28" />
<String CONTENT="A." HEIGHT="55" HPOS="466" VPOS="4040" WIDTH="73" />
<SP HEIGHT="54" HPOS="540" VPOS="4041" WIDTH="26" />
<String CONTENT="Knopf," CS="1" HEIGHT="71" HPOS="567" VPOS="4041" WIDTH="212" />
<SP HEIGHT="72" HPOS="797" VPOS="4047" WIDTH="31" />
<String CONTENT="1936." CS="1" HEIGHT="58" HPOS="829" VPOS="4045" WIDTH="135" />
</TextLine>
</TextBlock>
</PrintSpace>
</Page>
</Layout>
</alto>