2519 4377
1339 4122 100 49 614

370 431 324 66 Greenlaw,
723 433 208 54 Edwin
958 433 287 66 Almiron,
1275 434 329 69 1874-1931,
1631 436 84 53 ed.

438 525 329 54 Literature
801 526 113 53 and
948 526 124 53 life.
1139 526 92 53 bk.
1267 531 47 49 3.
1348 526 308 53 American
1691 526 317 68 literature,
2042 527 75 67 by
2150 527 230 68 Dudley

368 603 2014 148 Miles … Robert C. Pooley … and Edwin Greenlaw … Life-reading service. Chicago, Atlanta [etc.] Scott, Foresman and
368 778 281 50 company
684 763 192 65 [c1936]

440 847 135 48 xviii,
604 847 85 41 717
718 858 43 37 p.
817 848 87 40 col.
932 847 165 48 front.,
1126 847 143 48 illus.,
1299 858 125 39 map,
1454 849 150 47 ports.
1660 848 118 41 23cm.

442 918 289 40 Illustrated
763 917 365 49 lining-papers.

371 985 53 53 ©
453 989 110 41 Jan.
593 990 69 48 16,
693 988 141 49 1936;
866 989 67 41 2c.
967 990 110 39 Jan.
1105 989 84 47 20;
1222 985 83 45 aff.
1338 990 110 40 Jan.
1476 990 82 46 18;
1591 990 42 39 A
1662 989 172 48 91321;
1871 991 148 43 Scott,
2053 991 265 39 Foresman
2349 992 37 40 &

441 1058 67 29 co.
573 1046 285 50 [Copyright
887 1046 41 41 is
962 1045 206 41 claimed
1200 1057 61 29 on
1294 1047 226 50 revision,
1554 1046 331 41 illustrations
1919 1049 97 38 and
2049 1057 106 31 new
2187 1050 196 46 matter]

370 1166 355 65 Gregersen,
752 1166 285 54 Halfdan.

443 1255 170 54 Ibsen
648 1255 114 53 and
799 1254 212 69 Spain;
1049 1273 32 34 a
1114 1255 174 68 study
1322 1254 59 53 in
1417 1255 391 68 comparative
1843 1255 219 67 drama,
2096 1255 76 68 by
373 1255 1987 131 Halfdan
527 1333 334 68 Gregersen.

940 1330 365 71 Cambridge,
1344 1332 274 54 Harvard
1657 1331 320 70 university
2017 1351 175 50 press,
2232 1336 149 52 1936.

441 1404 97 49 xiv,
564 1403 89 42 209
677 1415 43 38 p.
781 1404 116 40 24cm.
969 1403 301 52 (Half-title:
1296 1405 232 40 Harvard
1554 1405 187 41 studies
1769 1407 50 38 in
1846 1406 245 40 Romance
2119 1407 263 48 languages

488 1460 186 49 … vol. x)
444 1517 272 43 “Castilian
740 1519 96 40 and
862 1518 208 41 Catalan
1097 1518 323 41 translations
1445 1518 52 40 of
1522 1518 183 41 Ibsen’s
1732 1519 166 48 plays”
1918 1530 9 29 :
1962 1529 43 37 p.
2032 1520 216 41 181-186.

445 1574 353 50 Bibliography
816 1585 9 31 :
858 1585 44 39 p.
953 1574 236 51 [187]-200.

374 1646 53 54 ©
465 1652 113 46 Apr.
621 1649 70 49 22,
733 1649 118 41 1936;
917 1649 68 40 2c.
1029 1649 114 48 Apr.
1185 1649 56 40 27;
1313 1648 82 41 aff.
1439 1650 114 47 May
1594 1650 25 39 7;
1692 1650 40 38 A
1773 1648 144 42 94345;
1992 1649 259 41 President
2291 1651 95 39 and

441 1708 194 40 fellows
665 1707 52 39 of
747 1707 233 39 Harvard
1012 1707 192 47 college,
1239 1705 303 49 Cambridge,
1577 1707 146 39 Mass.
1796 1706 283 49 (36-10485)

373 1812 288 65 Grogger,
688 1810 203 66 Paula,
923 1815 172 51 1892-

545 1898 1839 69 … Der Lobenstock. München. A. Langen, G. Müller, 1935.
537 2002 8 16 111,
579 1991 56 30 [1]
668 1982 43 38 p.
772 1970 271 41 18×10½cm.

375 2041 2014 109 © Sept. 24, 1935; 1c. Mar. 19, 1936; A-Foreign 30852; Albert Langen-Greorg
632 2101 179 40 Müller
841 2102 181 47 verlag,
1053 2111 41 37 g.
1126 2111 61 31 m.
1218 2101 41 39 b.
1292 2101 44 39 h.
1407 2099 281 49 (36-10870)

373 2206 154 63 Hall,
555 2205 223 67 Gladys
802 2207 193 64 Mary.

444 2295 385 54 Prostitution
856 2295 61 54 in
944 2297 97 52 the
1064 2296 165 52 modern
1331 2295 182 53 world;
1574 2314 32 34 a
1633 2313 206 51 survey
1869 2296 114 53 and
2013 2314 32 34 a
2075 2294 312 71 challenge,

373 2372 2012 73 by Gladys Mary Hall … with an introduction by Charles E.
374 2451 2013 72 Raven … and a foreword by the publishers. New York,
374 2533 278 55 Emerson
680 2531 196 70 books,
903 2532 129 69 inc.,
1060 2534 153 51 1936.

446 2605 632 53 3 p. l., [3]-200 p. 22cm.
447 2664 199 42 London
677 2663 185 42 edition
905 2663 267 49 (Williams
1203 2663 36 41 &
1269 2662 228 53 Norgate,
1531 2662 111 48 ltd.)
1681 2662 90 40 has
1803 2660 136 42 title:
1973 2659 353 43 Prostitution:
2361 2670 27 31 a

375 2732 178 37 survey
579 2723 97 40 and
707 2733 27 29 a
764 2720 263 49 challenge.

379 2774 1994 110 “The substance of the book … was written as a thesis for the University of Liverpool.”—Pref.
449 2895 379 49 Bibliography:
862 2905 44 38 p.
954 2891 235 53 [185]-188.

450 2954 172 41 “Press
649 2955 266 38 comments
943 2950 263 49 regarding
1232 2951 82 40 the
1341 2949 202 49 English
1570 2948 185 42 edition
1783 2948 54 41 of
1863 2948 83 42 the
1972 2949 198 47 present
2195 2946 163 42 work”
2376 2956 9 31 :

377 3021 42 38 p.
453 3009 249 53 [197]-200.

380 3080 53 54 ©
468 3086 120 38 Mar.
625 3084 72 46 26,
733 3083 117 40 1936;
910 3082 67 41 2c.
1011 3082 96 39 and
1144 3081 82 40 aff.
1264 3081 121 39 Mar.
1420 3080 55 40 27;
1543 3079 40 39 A
1619 3078 148 41 95025;
1830 3080 236 39 Emerson
2101 3078 162 47 books,
2299 3077 91 40 inc.

460 3140 282 48 (36-10337)

379 3247 305 62 Hammer,
714 3244 190 56 Carla.

452 3336 240 68 Pepino,
723 3335 123 53 eine
879 3333 313 68 erzählung
1226 3331 99 54 für
1358 3331 91 53 die
1480 3330 234 70 jugend,
1746 3348 109 35 von
1889 3330 174 54 Carla
2098 3330 290 52 Hammer.

380 3411 507 70 Zürich-Leipzig,
919 3410 160 56 Orell
1109 3410 192 54 Füssli
1355 3412 176 64 [c1935]

455 3488 83 41 176
566 3499 43 38 p.
639 3487 111 40 inch
780 3486 143 47 illus.,
953 3485 172 49 plates.
1182 3483 117 42 20cm.

382 3553 2009 54 © Oct. 8, 1935; 1c. Mar. 19, 1936; A -Foreign 30992; Orell Füssli verlag.
466 3613 282 50 (36-10879)

382 3719 260 63 Harden,
672 3717 207 54 Edwin
906 3716 163 64 Lyle.

386 3802 2005 151 Practice in dramatics; selections for study of dramatic values, by Edwin Lyle Harden … foreword by Miss Jeston
384 3958 2007 73 Dickey … Boston, Mass., Los Angeles, Calif., Baker’s plays
387 4043 179 62 [c1936]
