2519 4377
1048 4108 131 55 1233

118 461 288 54 Alabama
440 464 201 65 digest,
678 466 134 51 1820
844 468 58 48 to
938 464 157 64 date;
1132 464 267 66 covering
1432 462 282 53 Alabama
1748 468 222 61 reports
2007 462 110 52 and

191 541 282 54 Southern
509 545 257 62 reporter
802 559 60 33 as
895 540 127 53 well
1059 559 59 33 as
1152 540 283 53 Alabama
1471 558 149 35 cases
1655 539 234 54 decided
1927 539 60 52 in
2023 540 94 51 the

189 618 218 52 federal
439 618 243 53 District
713 619 113 52 and
858 618 220 54 Circuit
1108 623 204 61 courts,
1345 617 221 55 Circuit
1597 622 160 48 court
1788 617 63 53 of
1884 617 234 67 appeals

189 694 1928 67 and Supreme court of the United States … with current
187 772 342 53 cumulative
585 773 203 66 pocket
841 771 225 55 service,
1141 792 51 34 v.
1251 777 79 49 11.
1389 773 163 55 Good
1608 772 508 68 will-indemnity.

190 851 80 54 St.
297 850 165 66 Paul,
488 852 202 63 Minn.,
714 852 158 53 West
900 850 334 68 publishing
1261 869 78 35 co.
1392 854 173 64 [c1936]

187 922 99 48 viii,
318 923 84 40 810
431 933 44 38 p.
534 922 116 41 26cm.

119 989 52 53 ©
201 993 120 47 Aug.
353 993 69 49 19,
455 992 113 41 1936;
628 993 66 39 2c.
732 993 127 48 Sept.
891 993 54 39 21;
1008 993 83 41 aff.
1129 994 126 47 Sept.
1290 994 59 40 17;
1405 994 41 39 A
1476 992 148 43 98539;
1683 994 135 40 West
1849 993 111 48 pub.
1993 1003 68 29 co.

116 1152 316 54 American
472 1152 281 54 institute
790 1154 63 52 of
892 1152 229 65 mining
1160 1153 115 53 and
1316 1152 431 65 metallurgical
1786 1152 331 64 engineers.

185 1233 141 51 Iron
349 1233 113 51 and
485 1233 137 51 steel
645 1230 263 54 division.

187 1310 403 51 Transactions
614 1308 63 53 of
703 1309 95 52 the
824 1307 306 54 American
1156 1306 260 54 institute
1442 1308 63 53 of
1528 1307 225 67 mining
1779 1308 112 52 and
116 1307 1975 144 metallurgical
387 1386 292 66 engineers
718 1385 454 67 (incorporated)
1245 1404 50 34 v.
1326 1388 114 50 120.
1504 1386 138 52 Iron
1671 1385 112 53 and
1808 1384 135 53 steel
114 1384 1978 145 division,
291 1467 148 49 1936.
516 1465 217 64 Papers
766 1464 113 52 and
912 1462 338 54 discussions
1283 1464 298 66 presented
1615 1463 196 52 before
1842 1463 95 52 the
118 1462 1973 131 divivision
336 1546 55 47 at
426 1542 94 51 the
555 1541 274 66 meetings
862 1541 133 52 held
1031 1547 57 47 at
1123 1541 269 66 Chicago,
1427 1541 123 55 Oct.
1590 1545 116 62 1-3,
1743 1545 132 49 1935
1911 1542 112 51 and
2060 1547 58 47 at

117 1620 138 52 New
295 1620 178 64 York,
513 1620 132 52 Feb.
691 1619 185 67 17-21,
917 1623 149 49 1936.
1142 1620 138 52 New
1322 1620 179 66 York,
1539 1621 70 53 N.
1650 1621 91 65 Y.,
1781 1620 120 53 The
116 1619 1976 130 Institute
269 1700 191 63 [c1936]

186 1769 84 39 411
300 1779 43 37 p.
403 1768 143 48 illus.,
577 1770 138 47 port.,
747 1769 169 48 tables,
949 1768 179 47 diagrs.
1185 1768 147 40 23½cm.

119 1835 52 53 ©
202 1839 118 48 Aug.
355 1840 70 47 27,
457 1838 117 41 1936;
629 1839 68 41 2c.
736 1840 127 47 Sept.
898 1839 55 41 18;
1017 1839 81 40 aff.
1136 1840 127 47 Sept.
1297 1840 56 39 17;
1415 1839 40 39 A
1489 1839 143 41 97881;
1697 1839 159 41 Amer.
1890 1838 230 42 institute

187 1895 52 39 of
265 1895 185 48 mining
477 1896 96 39 and
603 1895 357 48 metallurgical
989 1895 264 49 engineers,
1286 1895 90 42 inc.
1909 1894 119 42 7867

117 2000 119 53 The
269 1999 316 54 American
616 1999 216 56 Jewish
864 2018 134 48 year
1029 1999 164 67 book,
1226 1999 152 66 5697,
1412 1999 330 67 September
1775 1998 81 68 17,
1891 2002 135 49 1936
2059 2004 58 47 to

190 2076 329 67 September
556 2081 47 62 5,
642 2075 150 55 1937.
868 2077 224 51 volume
1126 2081 83 48 38.
1284 2077 212 52 Edited
1534 2077 74 67 by
1646 2078 199 66 Harry
187 2076 1905 131 Schneiderin
350 2173 71 34 an
453 2154 92 52 for
576 2154 96 52 the
700 2153 306 54 American
1037 2153 215 57 Jewish
1286 2155 334 52 committee.
1690 2153 428 69 Philadelphia,

188 2233 120 53 The
336 2232 215 56 Jewish
579 2232 354 66 publication
962 2231 210 68 society
1202 2232 63 54 of
1294 2231 284 69 America,
1609 2235 148 51 1936.

186 2303 1077 50 viii p., 1 l., 737 p. front. (port.) 19cm.
119 2357 53 53 ©
199 2362 128 48 Sept.
354 2362 68 48 16,
450 2361 116 41 1936;
618 2362 68 40 2c.
715 2362 96 39 and
840 2361 81 41 aff.
949 2362 128 47 Sept.
1104 2362 54 40 17;
1216 2362 41 39 A
1282 2361 144 41 97871;
1485 2360 184 42 Jewish
1694 2358 302 51 publication
2024 2370 93 32 soc.

189 2418 52 40 of
263 2418 237 41 America.
1906 2415 118 43 7868

117 2521 315 54 American
484 2520 245 55 medical
778 2520 375 55 association.
1230 2521 239 53 Council
1519 2539 73 34 on
1639 2522 313 66 pharmacy
2003 2521 114 52 and

187 2599 319 66 chemistry.

187 2677 139 52 New
362 2677 111 51 and
510 2675 315 53 nonofficial
860 2673 289 69 remedies,
1187 2678 151 64 1936,
1375 2674 331 68 containing
1741 2674 375 68 descriptions

119 2753 63 52 of
214 2754 95 51 the
344 2753 224 52 articles
601 2751 186 55 which
821 2753 165 53 stand
1025 2754 262 66 accepted
1322 2753 75 67 by
1431 2754 96 52 the
1564 2751 236 56 Council
1838 2770 70 34 on
117 2753 1975 144 pharmacy
319 2832 111 51 and
470 2831 305 66 chemistry
812 2831 63 52 of
911 2831 97 53 the
1046 2830 305 54 American
1388 2830 241 54 medical
1668 2830 337 53 association
2046 2850 70 35 on

118 2910 261 65 January
444 2913 46 62 1,
554 2913 149 49 1936.
781 2909 269 67 Chicago,
1111 2909 305 53 American
1476 2908 241 54 medical
1780 2910 337 52 association

141 2990 156 49 [c1936]

187 3058 98 48 542,
316 3058 108 39 lxiii
449 3068 44 38 p.
552 3058 180 48 diagrs.
789 3059 115 39 20cm.

120 3110 53 53 ©
196 3115 119 47 Aug.
346 3116 38 47 8,
414 3114 139 48 1936;
584 3115 66 40 2c.
682 3115 94 39 and
804 3115 82 40 aff.
918 3115 127 47 Sept.
1074 3115 52 47 8;
1158 3115 40 39 A
1226 3114 170 48 98279;
1427 3116 157 39 Amer.
1616 3114 205 40 medical
1850 3125 129 29 assn.

119 3233 307 63 Andrews,
455 3234 148 54 Ned.

189 3308 209 69 Jerky;
435 3310 96 52 the
562 3315 158 63 story
751 3310 64 54 of
849 3316 112 47 two
994 3310 139 68 boys
1166 3309 58 53 in
1259 3310 95 53 the
1388 3310 94 53 old
1514 3311 178 66 West,
1724 3309 75 69 by
1836 3311 124 52 Ned
120 3311 1969 143 Andrews;
368 3386 324 56 illustrated
728 3388 74 68 by
842 3387 254 55 Sanford
1132 3390 238 66 Tousey.
1446 3389 137 52 New
1620 3389 180 66 York,
1833 3390 89 53 W.
120 3390 1971 128 Morrow
265 3470 45 49 &
337 3484 280 49 company
668 3470 154 50 [c1936]

193 3535 1404 53 5 p. l., 3-295 p. incl. illus., plates. col. front. 21cm.
120 3591 54 53 ©
203 3596 125 48 Sept.
356 3597 38 47 9,
422 3596 116 41 1936;
590 3597 68 40 2c.
689 3597 128 47 Sept.
845 3597 55 39 12;
956 3597 82 40 aff.
1068 3597 127 47 Sept.
1224 3598 57 39 14;
1336 3598 41 39 A
1403 3597 144 41 98404;
1603 3598 56 41 N.
1687 3596 249 48 Andrews,
1964 3597 153 49 Camp

191 3653 162 47 Wood,
378 3652 128 42 Ariz.
570 3652 281 50 (36-19225)

118 3753 173 56 B.-M.
320 3755 125 53 co.’s
475 3754 344 55 cumulative
849 3764 226 46 current
1106 3757 133 53 code
1269 3757 377 66 annotations,
1673 3755 246 68 keeping
1947 3774 79 48 up
2056 3760 59 48 to

189 3832 128 52 date
356 3832 199 53 Kerr’s
588 3830 323 69 cyclopedic
950 3832 323 56 California
1311 3835 181 64 codes,
1529 3832 321 68 Henning’s
1887 3832 227 68 general

188 3909 1920 66 laws, third edition, and also cases from Idaho and Montana …
284 3986 275 67 bringing
589 3986 274 54 decisions
894 3989 166 51 down
1090 3993 59 48 to
1180 3993 63 48 91
1278 3989 120 57 Cal.
1433 3990 114 55 dec.
1582 3988 116 70 876,
1732 3993 63 51 85
1828 3987 120 57 Cal.
1984 4007 130 51 app.
