2519 4377
1069 4085 132 50 1517

168 510 692 43 94 1 l. front. 14½cm.
101 569 53 55 ©
184 574 128 46 Sept.
341 572 69 43 23,
442 571 137 39 1930:
610 570 68 39 2c.
708 568 93 40 and
831 567 81 40 aff.
942 567 127 47 Sept.
1099 565 82 41 30:
1215 566 34 37 A
1280 562 171 43 99055;
1485 559 311 50 Apostleship
1827 558 50 38 of
1905 567 190 38 prayer.

181 628 281 49 (36-22955)

103 733 142 53 New
286 733 159 51 York
487 730 387 68 supplement:
918 745 149 36 cases
1107 725 211 67 argued
1362 724 108 51 and
1514 720 348 55 determined
1905 718 56 53 in
2005 719 94 52 the

176 813 174 53 Court
394 810 62 50 of
497 807 250 69 appeals.
791 805 272 67 Supreme
1103 804 108 52 and
1257 804 170 51 lower
1467 806 188 47 courts
1695 799 61 52 of
1800 797 194 55 record
2038 796 61 52 of

175 889 135 52 New
342 887 157 53 York
525 891 161 49 state,
712 885 135 52 with
877 884 106 63 key
1012 883 233 52 number
1273 879 376 54 annotations.
1714 876 240 54 Volume
1983 874 117 53 287.

175 968 344 66 May-June.
576 966 149 51 1936.
803 960 81 54 St.
940 960 165 59 Paul,
1155 960 201 52 Minn..
1407 958 160 54 West
1617 952 336 72 publishing
2006 972 97 49 co.,

179 1049 147 49 1936.

181 1129 133 41 xxiii.
347 1128 125 42 1023.
502 1127 57 40 6.3
589 1137 41 39 p.
689 1127 147 39 23½cm.

110 1197 52 55 ©
192 1201 101 40 Oct.
321 1201 39 42 7,
395 1199 133 39 1936:
560 1199 67 40 2c.
659 1196 93 40 and
784 1197 81 39 aff.
899 1197 113 38 Nov.
1046 1195 80 41 16;
1163 1196 34 37 A
1231 1193 171 42 99873;
1435 1193 127 40 West
1603 1202 56 37 pub.
1740 1204 67 26 co.

109 1303 259 64 Nichols,
399 1301 303 65 Beverley,
743 1306 162 48 1899-

181 1381 87 52 No
300 1382 156 64 place
487 1378 109 54 like
628 1378 180 53 home,
839 1378 72 65 by
951 1376 267 67 Beverley
1251 1374 246 53 Nichols.
1581 1372 250 53 London.
1863 1374 54 51 J.
1952 1370 157 68 Cape

115 1462 172 63 [1936]

184 1544 26 35 5
238 1555 41 36 p.
330 1576 8 8 l.
384 1542 173 39 13-318
584 1552 42 38 p.
684 1541 146 39 20½cm.

115 1611 52 54 ©
195 1615 64 39 1c.
286 1617 100 39 Oct.
414 1614 69 44 15,
509 1612 140 48 1936;
679 1614 35 38 A
745 1612 58 39 ad
833 1612 84 40 int.
946 1608 170 44 21893:
1149 1608 138 49 pubd.
1317 1610 118 44 Aug.
1464 1608 46 40 21:
1583 1610 47 39 B.
1659 1607 211 43 Nichols.
1904 1605 205 42 London.

197 1669 279 50 (36-29013)

113 1775 213 63 Nixon,
353 1775 239 51 Patrick
621 1772 251 64 Ireland,
903 1776 169 51 1883-

187 1852 54 52 A
275 1856 161 49 century
583 1852 25 52 of
642 1849 276 53 medicine
952 1848 58 53 in
1050 1847 115 56 San
1200 1845 284 67 Antonio;
1522 1847 94 52 the
1649 1854 156 61 story
1845 1847 62 52 of
117 1845 1973 141 medicine

287 1930 57 53 in
391 1930 190 53 Bexar
623 1933 228 64 county,
896 1927 202 65 Texas,
1143 1926 75 69 by
1261 1927 113 52 Pat
1418 1925 234 55 Ireland
1699 1924 210 68 Nixon,
2013 1968 10 9 M.
2106 1970 8 9 D.

121 2007 115 56 San
265 2007 272 66 Antonio,
567 2007 154 56 Tex.,
752 2006 156 53 Priv.
939 2005 132 68 pub.
1099 2006 75 68 by
1200 2005 95 53 the
1329 2003 223 69 author,
1581 2008 151 50 1936.

191 2082 82 40 xvi
300 2094 42 37 p.,
385 2082 23 40 1
459 2114 6 6 l.,
507 2080 85 41 405
618 2092 43 36 p.
716 2081 162 47 front.,
906 2080 171 49 plates,
1105 2080 162 48 ports.,
1298 2077 216 44 facsims.
1568 2079 117 40 25cm.

193 2151 348 48 Bibliography:
600 2161 41 38 p.
672 2150 217 41 390-393.

123 2211 1993 61 © Aug. 31. 1936: 2c. Sept. 14; aff. Sept. 9; A 98704; P. I . Nixon, San
193 2279 222 40 Antonio.
482 2276 280 50 (36-22653)

121 2382 207 62 Nolan,
357 2383 202 53 James
585 2383 187 54 Allen.

253 2454 1871 76 … One hundred prisoners; a study of the operation of parole
128 2533 1935 76 in the District of Columbia … by James Allen Nolan …
126 2616 400 70 Washington,
554 2615 71 54 D.
660 2615 80 68 C.,
771 2616 120 53 The
925 2613 262 57 Catholic
1215 2614 318 71 university
1563 2616 64 54 of
1656 2616 284 69 America,
1976 2620 146 50 1936.

194 2701 112 37 xxv,
328 2691 84 41 108
433 2701 43 37 p.
537 2689 145 43 22½cm.

194 2761 172 41 Thesis
406 2761 105 48 (PH.
574 2759 330 47 D.)—Catholic
935 2759 271 49 university
1238 2761 52 38 of
1320 2760 239 51 America,
1591 2761 128 42 1936.

198 2817 348 41 “References”:
607 2829 43 35 p.
674 2817 216 41 105-108.

132 2884 53 56 ©
224 2889 119 48 Aug.
382 2888 71 45 28,
494 2888 139 43 1936;
677 2888 66 39 2c.
786 2888 94 40 and
923 2888 81 42 aff.
1048 2887 128 49 Sept.
1216 2887 82 42 22:
1343 2890 39 39 A
1424 2887 145 43 98567;
1640 2889 222 42 Catholic
1940 2890 96 42 univ.
2079 2891 52 41 of

203 2946 235 40 America.
509 2945 280 45 (36-23241)

129 3050 222 64 Ogdon,
380 3049 260 56 Montell.

204 3125 286 53 Juridical
538 3125 159 53 bases
745 3124 63 53 of
857 3124 337 69 diplomatic
1242 3125 333 71 immunity;
1628 3146 31 34 a
1708 3129 171 68 study
1929 3129 60 53 in
2037 3136 96 46 the

134 3200 1938 81 origin, growth and purpose of the law, by Montell Ogdon …
133 3283 401 69 Washington,
561 3282 70 55 D.
665 3281 81 56 C.,
773 3282 57 54 J.
861 3282 193 54 Byrne
1082 3283 48 52 &
1157 3301 97 49 co.,
1285 3287 151 51 1936.

203 3367 79 34 xx.
304 3357 84 40 254
408 3367 44 38 p.
512 3355 116 43 21cm.

206 3427 176 42 “Cases
402 3426 155 41 cited”:
620 3437 43 38 p.
686 3436 174 31 xv-xx.

207 3485 233 40 “Sources
461 3483 154 41 cited”:
678 3494 43 38 p.
742 3483 216 42 225-243.

141 3550 52 55 ©
226 3557 126 46 Sept.
382 3555 70 44 30,
488 3554 138 44 1935;
661 3555 67 38 2c.
762 3555 95 39 and
888 3555 82 40 aff.
1004 3553 102 42 Oct.
1139 3556 15 37 1;
1226 3556 40 39 A
1297 3555 170 50 98742;
1504 3557 127 40 John
1664 3560 162 40 Bvrne
1858 3562 36 40 &
1925 3573 53 26 co

220 3611 280 48 (36-23242)

142 3716 247 65 Palmer,
419 3714 285 64 Ephraim
736 3714 317 65 Laurence,
1087 3721 171 50 1888-

145 3786 1970 138 Nature magazine’s guide to science teaching, by E. Laurence Palmer …
745 3868 402 70 Washington,
1183 3870 70 52 D.
1294 3869 80 69 C.,
1411 3871 305 55 American
1752 3879 200 50 nature
143 3895 1971 121 association,
405 3950 148 50 1936.

213 4023 87 41 128
318 4033 44 37 p.
421 4021 116 40 22cm.
