2519 4377
1016 4060 99 51 481

79 430 1085 64 'Al ī ibn ' Ī s ā , al-Kahhal, 10th cent.
147 506 436 53 Memorandum
621 505 148 53 book
808 504 65 53 of
914 523 30 33 a
987 504 424 67 tenth-century
1455 501 203 54 oculist
1701 501 93 54 for
1835 502 94 52 the
1974 519 95 35 use

77 583 65 54 of
164 586 233 52 modern
426 582 536 70 ophthalmologists;
1020 600 30 33 a
1076 579 340 55 translation
1444 579 62 54 of
1533 580 94 52 the
1654 578 324 53 Tadhkirat
2005 577 64 53 of

74 662 99 54 Ali
204 662 99 53 ibn
331 662 94 53 Isa
447 661 63 52 of
531 661 284 69 Baghdad
849 660 124 68 (cir.
997 661 275 50 940-1010
1291 676 52 34 a.
1365 657 77 70 d.)
1460 699 11 26 ,
1490 658 97 52 the
1616 663 145 47 most
1795 656 276 68 complete

79 741 271 65 practical
391 741 110 51 and
542 739 249 69 original
831 737 64 54 of
934 738 78 56 all
1053 737 96 52 the
1188 737 156 68 early
1384 735 296 54 textbooks
1721 754 74 34 on
1834 736 93 51 the
1969 753 99 50 eye

77 819 111 52 and
228 818 72 53 its
341 818 255 52 diseases.
677 817 120 52 The
838 816 123 53 first
1003 814 214 54 edition
1261 815 58 51 in
1366 813 246 70 English
1653 814 76 68 by
1772 812 179 70 Casey
1995 813 70 52 A.

75 895 198 53 Wood.
343 896 191 52 Plates
571 896 112 51 and
717 892 541 54 text-illustrations.
1334 891 270 70 Chicago,
1639 892 430 53 Northwestern

77 974 330 69 university,
439 977 149 49 1936.

145 1049 167 47 xxxix,
339 1047 84 41 232
448 1058 41 37 p.
517 1047 109 43 incl.
651 1047 147 40 front,
828 1045 236 49 (facsim.)
1098 1045 128 40 illus.
1286 1044 169 48 plates.
1515 1043 56 40 27½
1604 1046 44 21 cm
1653 1076 9 9 .

148 1104 144 42 “Five
319 1104 240 41 centuries
595 1102 254 50 (800-1300
911 1135 8 8 A.
978 1103 34 47 D.)
1047 1103 52 40 of
1124 1101 177 41 Arabic
1327 1103 204 39 authors
1559 1103 95 39 and
1684 1101 127 41 their
1840 1101 228 41 treatises

77 1172 59 29 on
162 1163 81 40 the
266 1171 84 38 eye
374 1163 94 38 and
492 1162 64 39 its
583 1160 242 41 diseases”;
881 1171 43 37 p.
952 1159 261 39 xxv-xxxi.

146 1217 346 49 Bibliography;
555 1228 43 38 p.
632 1217 215 40 229-232.

78 1274 52 52 ©
166 1278 112 47 Apr.
317 1278 67 45 10,
424 1277 138 46 1936;
602 1277 67 39 2c.
708 1278 94 38 and
840 1276 80 40 aff.
958 1277 113 47 Apr.
1110 1277 81 45 16;
1232 1277 41 38 A
1308 1276 169 47 93670;
1518 1278 369 40 Northwestern
1925 1276 145 47 univ.,

154 1335 168 39 School
355 1334 50 39 of
437 1334 246 46 medicine,
717 1333 221 47 Chicago.
1010 1333 249 47 (36-9330)

76 1421 313 54 American
420 1423 110 52 law
562 1429 220 59 reports
814 1422 322 51 annotated.
1207 1422 207 51 Editor
1446 1421 58 51 in
1535 1422 170 64 chief,
1738 1423 223 66 George
1993 1423 75 51 H.

146 1502 285 63 Parmele;
454 1501 349 65 ’consulting
844 1500 200 66 editor,
1085 1498 259 55 William
1386 1502 78 50 M.
1510 1501 355 66 McKinney;
147 1519 1898 127 managing

353 1577 228 67 editors,
616 1577 207 54 Edwin
859 1576 203 69 Stacey
1096 1576 203 67 Oakes,
1334 1578 213 52 Robert
1580 1579 65 52 E.
1680 1576 389 69 Heinselman,

146 1657 234 53 assisted
421 1657 74 66 by
536 1657 92 52 the
669 1656 417 67 exceptionally
1125 1655 368 68 experienced
1535 1656 264 53 editorial
145 1659 1898 129 organizations

401 1735 62 51 of
504 1735 92 50 the
638 1733 337 67 publishers,
1052 1752 51 34 v.
1149 1736 114 50 101.
1341 1734 321 66 Rochester,
1704 1736 69 51 N.
1818 1736 89 64 Y.,
1948 1735 121 52 The

144 1813 266 65 Lawyers
449 1812 379 66 co-operative
867 1810 334 68 publishing
1241 1829 305 49 company;
1592 1812 115 54 San
1747 1813 322 67 Francisco,

146 1890 192 59 Calif.,
366 1888 580 67 Bancroft-Whitney
970 1907 296 48 company,
1293 1893 148 50 1936.

148 1962 99 49 viii,
276 1962 112 40 1602
415 1973 42 36 p.
513 1961 55 40 25½
601 1964 44 20 cm
651 1991 8 7 .

77 2015 52 52 ©
151 2020 113 46 Apr.
287 2019 68 47 21,
379 2018 139 42 1936;
544 2018 66 41 2c.
635 2018 114 47 Apr.
773 2018 82 43 24;
882 2018 82 39 aff.
989 2017 113 48 Apr.
1125 2017 82 47 28;
1233 2018 39 38 A
1297 2017 170 47 94140;
1494 2019 230 46 Lawyers
1747 2019 324 46 co-operative

146 2076 108 47 pub.
286 2086 66 29 co.
384 2077 94 37 and
510 2075 485 47 Bancroft-Whitney
1028 2086 67 30 co.

74 2163 314 54 American
420 2163 316 54 Unitarian
770 2162 375 54 association.
1221 2163 378 55 Commission
1631 2165 63 65 of
1723 2164 309 66 appraisal.

146 2238 338 56 Unitarians
524 2239 124 53 face
689 2257 30 33 a
757 2258 122 34 new
918 2257 130 50 age;
1091 2239 94 54 the
1223 2242 193 65 report
1455 2238 64 54 of
1555 2238 95 53 the
1691 2238 376 55 Commission

77 2317 62 53 of
175 2317 287 68 appraisal
497 2323 57 47 to
589 2318 97 51 the
720 2317 307 52 American
1059 2316 311 55 Unitarian
1406 2315 351 54 association.
1832 2316 235 69 Boston,

76 2395 120 52 The
225 2394 373 54 Commission
625 2394 63 53 of
716 2394 290 68 appraisal
1036 2394 63 53 of
1127 2395 94 52 the
1247 2394 304 53 American
1578 2394 312 55 Unitarian
77 2413 1963 125 association,
337 2475 146 50 1936.

182 2573 8 16 x,
219 2542 86 40 348
335 2553 42 37 p.
437 2542 55 39 23½
525 2545 43 20 cm
574 2575 8 7 .

145 2599 260 40 Frederick
441 2601 62 38 M.
542 2600 143 47 Eliot,
724 2600 264 40 chairman.
1050 2601 60 40 H.
1148 2602 49 39 P.
1235 2602 255 46 Douglass,
1528 2602 210 39 director
1777 2603 50 38 of
1865 2603 199 40 studies.

77 2655 1992 54 © Apr. 9, 1936; 2c. Apr. 15; aff. Apr. 13; A 93678; Amer. Unitarian assn.,
149 2717 193 38 Boston.
442 2715 250 47 (36-9303)

74 2803 199 55 Bates.
303 2804 218 53 Ernest
550 2804 378 63 Sutherland,
961 2808 170 51 1879-

147 2880 119 53 The
312 2884 156 63 story
515 2879 63 53 of
626 2878 296 71 Congress,
970 2878 324 70 1789-1935,
1339 2880 74 68 by
1460 2880 206 53 Ernest
1717 2880 348 55 Sutherland

79 2957 169 53 Bates
292 3001 55 9 ...
426 2958 137 52 New
604 2958 163 52 York
804 2959 111 51 and
954 2958 257 65 London,
1248 2958 231 69 Harper
1517 2960 45 49 &
1598 2960 277 61 brothers,
1916 2962 148 50 1936.

146 3028 101 39 xvii
280 3039 57 37 p.,
370 3028 24 39 1
427 3029 45 45 1.,
505 3029 86 41 468
622 3040 43 36 p.
725 3029 149 41 front,
903 3029 171 48 (port.)
1143 3030 54 39 22½
1229 3033 44 21 cm
1278 3063 9 8 .

147 3084 160 40 “First
339 3085 226 40 edition.”

77 3140 52 52 ©
164 3145 111 47 Apr.
311 3144 69 47 23,
416 3145 139 43 1936;
594 3146 66 39 2c.
698 3146 113 47 Apr.
848 3145 81 46 22;
969 3145 81 40 aff.
1087 3146 113 48 Apr.
1237 3146 81 46 23;
1357 3147 39 38 A
1432 3146 171 48 93799;
1640 3149 192 46 Harper
1871 3149 34 38 &
1976 3159 91 30 bros.

154 3200 248 47 (36-9206)

75 3291 209 62 Beard,
310 3291 271 55 William.

147 3363 199 55 Create
374 3366 95 52 the
497 3366 223 67 wealth,
745 3366 75 69 by
845 3364 261 57 William
1136 3368 190 52 Beard
1359 3409 56 11 ...
1482 3368 138 52 New
1648 3368 179 68 York,
1856 3368 88 54 W.
1975 3368 89 54 W.

76 3441 957 71 Norton & company, inc. [ c 1936]
175 3516 871 50 v p., 2 1., 19-314 p. plates. 22 cm .
147 3572 161 42 “First
336 3574 224 40 edition.”

79 3627 1987 58 © Apr. 6. 1936; 2c. and aff. Apr. 15; A 93674; W. W . Norton & co., inc.
158 3688 247 47 (36-9320)

79 3763 258 64 Bibesco,
396 3767 237 51 Marthe
689 3766 176 53 Lucie
913 3768 374 65 (Lahovary)
1335 3769 27 25 “
1369 3770 290 53 Princesse
1719 3770 66 54 G.
1844 3770 71 54 V.
148 3768 1896 136 Bibesco,”
402 3847 168 50 1887-

151 3916 1567 72 ... Le rire de la naïade. Paris, B. Grasset [ c 1935]
147 3986 730 44 3 p. l., [9]-260 p. 2 l. 19 cm .
