2519 4377
1293 4136 101 50 396

338 463 357 66 Rosendahl,
726 465 135 54 Carl
889 466 161 64 Otto,
1080 466 173 55 1875-
1467 469 85 53 ed.

409 541 57 55 J.
505 541 231 54 Arthur
772 542 231 66 Harris,
1041 544 259 54 botanist
1337 546 113 52 and
1489 545 416 70 biometrician,
1944 547 191 54 edited
2174 548 77 70 by
2294 548 63 56 C.

340 620 2017 77 Otto Rosendahl … Ross Aiken Gortner … [and] George O.
340 701 1830 74 Burr … London, H. Milford, Oxford university press;
338 707 1996 146 Minneapolis, The University of Minnesota press [ c 1936]
441 900 9 17 v,
486 869 71 49 [3],
588 867 91 44 209
707 879 42 38 p.
782 868 111 42 incl.
923 870 170 48 tables,
1127 869 181 49 diagrs.
1368 871 166 49 front.,
1566 872 174 49 plates,
1772 875 151 47 ports.
1984 872 57 42 24
2043 876 45 21 cm
2093 906 10 9 .

409 939 233 42 “Printed
669 940 49 39 in
747 941 84 41 the
857 940 183 42 United
1068 941 165 42 States
1260 942 55 40 of
1337 941 271 43 America.”

413 997 70 40 “A
523 998 342 50 bibliography
905 999 52 39 of
997 1000 82 39 the
1119 999 259 49 published
1418 1001 162 41 works
1622 1001 54 40 of
1716 1002 44 41 J.
1801 1002 193 41 Arthur
2034 1002 206 42 Harris”
2260 1015 10 30 :
2313 1015 45 39 p.

333 1054 220 43 199-209.

678 1126 113 41 CONTENTS.—A
822 1127 295 48 chronology
1149 1127 51 40 of
1232 1128 84 40 the
1345 1137 169 32 career
1541 1129 53 40 of
1625 1129 43 40 J.
1700 1129 192 41 Arthur
1921 1128 438 43 Harris.—Harris

338 1184 84 40 the
460 1194 128 39 man,
629 1184 62 48 by
732 1184 56 41 R.
830 1184 55 41 A.
928 1184 328 41 Gortner.—A
1297 1188 140 45 great
1478 1185 231 42 institute
1747 1186 80 41 for
1869 1188 82 39 the
1995 1189 147 47 study
2183 1187 53 41 of
2277 1189 82 41 the

336 1241 296 49 psychology
661 1241 54 41 of
746 1242 83 39 the
857 1242 145 47 mule,
1028 1242 62 48 by
1121 1242 45 41 J.
1196 1243 54 39 A.
1282 1242 439 42 Harris.—Harris
1752 1245 81 39 the
1862 1242 234 50 botanist,
2128 1246 61 48 by
2221 1245 50 42 C.
2305 1244 54 43 O.

337 1298 295 41 Rosendahl.
635 1299 209 40 —Some
896 1298 234 41 chemical
1185 1299 191 40 factors
1429 1299 51 40 of
1534 1300 82 40 the
1670 1299 90 41 soil
1816 1301 110 40 that
1983 1300 239 42 influence
2275 1303 84 40 the

338 1364 323 41 distribution
695 1364 54 40 of
781 1364 166 41 desert
978 1363 296 49 vegetation,
1309 1364 63 49 by
1408 1365 45 41 J.
1488 1366 56 41 A.
1579 1365 182 42 Harris
1796 1366 98 41 and
1930 1366 55 42 V.
2021 1366 56 42 A.
2115 1366 244 50 Young.—

337 1420 182 40 Harris
550 1421 85 40 the
668 1419 355 49 biometrician,
1056 1421 62 47 by
1153 1421 52 38 A.
1245 1422 52 39 E.
1333 1420 386 41 Treloar.—The
1753 1421 321 41 distribution
2110 1423 52 40 of
2196 1432 163 31 errors

337 1477 52 40 of
416 1478 243 48 analyses,
689 1478 62 47 by
779 1477 44 42 J.
852 1478 56 40 A.
937 1477 180 40 Harris
1147 1478 96 39 and
1272 1478 55 39 A.
1357 1479 52 39 E.
1439 1478 383 40 Treloar.—The
1852 1480 168 47 length
2052 1480 96 39 and
2179 1478 182 48 weight

337 1535 52 40 of
421 1535 85 40 the
537 1535 231 41 newborn
804 1534 165 40 infant
1004 1534 52 40 of
1090 1535 198 39 various
1324 1534 354 50 nationalities,
1714 1536 62 47 by
1811 1536 45 40 J.
1892 1536 55 41 A.
1984 1535 194 49 Harris,
2212 1537 55 40 A.
2305 1535 51 39 E.

336 1593 217 46 Treloar,
592 1594 97 39 and
728 1592 235 48 Borghild
1006 1591 407 42 Gunstad.—The
1449 1591 323 50 relationship
1810 1593 220 41 between
2066 1593 203 41 number
2307 1593 53 41 of

337 1650 321 49 pregnancies
699 1649 97 41 and
836 1650 204 39 number
1083 1649 51 40 of
1175 1650 159 40 births
1374 1649 50 40 in
1466 1660 128 39 man,
1636 1650 105 41 The
1779 1652 365 40 measurement
2181 1650 56 42 of
2277 1651 83 40 the

336 1707 352 48 individuality
721 1707 51 40 of
805 1716 186 31 women
1024 1707 120 40 with
1178 1709 189 46 respect
1400 1709 49 38 to
1484 1707 131 40 their
1647 1707 227 49 capacity
1903 1708 83 40 for
2017 1706 229 50 bringing
2276 1708 84 40 the

337 1765 164 41 foetus
539 1768 48 38 to
629 1767 138 47 term,
809 1763 273 49 Fecundity
1122 1764 49 39 in
1214 1765 82 40 the
1337 1763 400 42 American-born
1779 1766 95 39 and
1916 1764 334 49 foreign-born
338 1764 2002 99 inhabitants
621 1822 50 40 in
699 1822 119 41 New
846 1822 134 39 York
1009 1821 112 48 city,
1152 1823 62 47 by
1243 1822 44 40 J.
1316 1822 55 40 A.
1403 1820 178 41 Harris
1612 1823 97 39 and
1740 1821 238 49 Borghild
2010 1821 238 43 Gunstad.

336 1890 53 52 ©
418 1895 122 39 Mar.
569 1893 69 48 25,
668 1892 142 48 1936;
840 1892 67 40 2c.
937 1893 114 48 Apr.
1081 1892 51 47 6;
1165 1892 83 40 aff.
1276 1893 115 48 Apr.
1419 1893 54 46 4;
1504 1893 41 38 A
1574 1892 173 48 92757;
1780 1891 286 49 University
2095 1892 52 41 of
405 1890 1936 110 Minnesota,
563 1950 340 49 Minneapolis.
977 1949 282 48 (36-27761)

336 2056 171 63 Ross,
535 2055 182 56 Jacob
744 2056 98 65 M.,
871 2056 84 53 ed.

407 2128 1949 72 Adventures in reading, edited by J. M. Ross … and H. C.
335 2208 1996 151 Schweikert … illustrated by Bernice Oehler. New York, Chicago, Harcourt, Brace and company, 1936.
409 2365 63 47 ix,
507 2365 71 50 [2],
610 2364 88 41 942
726 2376 42 37 p.
830 2365 128 40 illus.
990 2363 133 50 (incl.
1156 2364 216 48 facsim.)
1441 2364 56 39 20½
1530 2367 44 20 cm
1579 2396 9 8 .

411 2435 69 39 “A
526 2435 213 40 revision
783 2434 52 41 of
881 2435 308 40 Adventures
1238 2435 50 39 in
1336 2435 273 48 literature,
1658 2435 121 39 book
1827 2433 126 48 nine,
2003 2433 255 49 published
2308 2434 47 38 in

339 2491 353 41 1928.”—Pref.

411 2550 130 39 Most
569 2548 52 41 of
647 2549 83 39 the
758 2548 259 41 selections
1048 2559 84 30 are
1163 2550 232 47 preceded
1431 2549 59 48 by
1522 2548 129 40 brief
1682 2548 336 48 biographical
2050 2547 223 41 sketches
2305 2547 53 41 of

338 2607 81 39 the
455 2606 220 40 authors.

409 2664 226 39 Includes
670 2662 395 48 bibliographies.

337 2729 54 52 ©
412 2734 115 47 Apr.
553 2733 40 47 1,
619 2732 116 41 1936
753 2744 9 35 ;
790 2733 68 41 2c.
884 2734 113 47 Apr.
1022 2734 27 39 7
1068 2743 8 37 ;
1107 2732 82 41 aff.
1216 2734 114 46 Apr.
1357 2732 55 39 10
1430 2743 8 31 ;
1468 2734 41 37 A
1534 2732 144 40 92862
1697 2743 9 37 ;
1737 2734 263 48 Harcourt,
2028 2733 155 40 Brace
2211 2733 36 40 &
2273 2742 83 38 co.,

408 2791 90 41 inc.
570 2790 254 49 (36-8552)

337 2896 366 66 Santayana,
735 2897 247 64 George,
1013 2903 172 50 1863-

408 2975 204 54 Obiter
633 2975 214 67 scripta
868 2995 10 40 ;
903 2978 258 63 lectures,
1184 2994 186 47 essays
1394 2975 112 51 and
1531 2974 252 65 reviews,
1803 2975 75 66 by
1900 2973 223 67 George
336 2972 1992 148 Santayana
504 3073 10 40 ;
545 3054 190 52 edited
760 3054 75 66 by
860 3055 203 53 Justus
1089 3054 250 52 Buchler
1365 3053 111 52 and
1504 3052 307 67 Benjamin
1841 3052 312 55 Schwartz.
2215 3053 139 52 New

341 3132 178 57 York,
570 3133 60 54 C.
684 3130 313 55 Scribner's
1046 3150 156 38 sons;
1255 3132 258 56 London,
1563 3131 61 54 C.
1678 3130 314 55 Scribner’s
2039 3147 146 49 sons,
2231 3130 118 67 ltd.,

340 3214 150 50 1936.

409 3284 82 39 xiv
519 3294 58 37 p.,
605 3283 26 39 1
696 3314 9 16 l.,
730 3282 86 41 319
844 3293 43 37 p.
952 3282 54 40 19½
1039 3285 44 20 cm
1089 3314 8 9 .

409 3353 380 48 Bibliography:
822 3364 43 37 p.
904 3352 248 51 [299]-315.

339 3421 52 53 ©
422 3426 122 40 Mar.
576 3425 68 46 16,
678 3424 113 41 1936
810 3435 8 36 ;
852 3424 67 40 2c.
948 3424 117 48 Apr.
1095 3425 25 39 3
1140 3435 8 31 ;
1184 3424 81 39 aff.
1300 3424 121 39 Mar.
1455 3422 54 40 19
1528 3433 8 30 :
1572 3423 39 39 A
1642 3422 144 41 92717
1804 3433 8 31 ;
1849 3422 204 40 Charles
2089 3419 265 42 Scribner’s

412 3493 125 29 sons.
610 3481 282 49 (36-27200)

338 3586 504 66 Schlegelberger,
868 3589 210 62 Franz,
1106 3588 172 52 1876-
1513 3586 85 53 ed.

412 3666 674 66 Rechtsvergleichendes
1140 3664 515 52 handwörterbuch
1713 3664 99 52 für
1865 3662 100 53 das
2018 3659 160 54 zivil-
2232 3661 118 51 und

337 3745 401 52 handeisrecht
780 3745 96 52 des
916 3743 83 52 in-
1042 3743 117 52 und
1203 3743 316 57 auslandes,
1559 3741 58 52 in
1660 3739 417 68 gemeinschaft
2119 3739 105 54 mit
2266 3739 83 52 dr.

341 3816 1949 71 Carl Heinrici … dr. Oscar Mügel … d. dr. Waiter Simons …
339 3895 1949 70 dr. Heinrich Titze … hrsg. von dr. dr. Franz Schlegelberger …
340 3983 45 49 5.
442 3980 91 52 bd.
629 3974 1283 71 Kommanditgesellschaft-Rechtsgeschäft.
2010 3973 216 66 Berlin,
2284 3974 64 50 F.

399 4058 183 55 Vahlen,
610 4060 150 50 1936.
