2519 4377
1298 4155 137 56 1274

432 542 381 49 “Bibliography
855 542 52 40 of
947 542 84 41 the
1071 544 161 48 major
1272 543 219 41 works”:
1533 555 45 38 p.
1621 544 264 50 [149]-151;
1930 544 133 42 “The
2103 546 277 41 occasional

360 599 198 48 poetry”:
621 610 44 38 p.
702 599 265 51 [152]-154;
1003 600 239 41 “General
1273 600 399 51 bibliography”:
1705 613 43 38 p.
1797 601 237 50 [156]-159.

361 656 2019 53 © Aug. 8, 1936; 2c. Sept. 12; aff. Sept. 10; A 97791; J. V. Logan,
429 717 279 48 Columbus,
740 717 53 42 O.
864 716 283 52 (36-19815)

357 821 410 65 MacFarlane,
792 821 284 65 Kathryn
1100 822 170 64 Jean,
1297 827 174 50 1904-

429 898 214 55 Divide
680 900 97 53 the
814 898 349 70 desolation;
1204 919 31 34 a
1273 900 169 53 novel
1478 900 173 54 based
1689 917 74 36 on
1799 900 97 55 the
1932 898 110 56 life
2078 899 65 54 of
2181 899 200 71 Emily

356 981 150 53 Jane
558 981 219 51 Bronte
835 979 111 68 [by]
1003 979 275 68 Kathryn
1330 981 150 55 Jean
1530 979 401 55 MacFarlane.
2007 981 141 53 New
2199 978 182 70 York,

360 1058 200 56 Simon
587 1058 114 53 and
730 1056 291 69 Schuster,
1048 1061 153 51 1936.

432 1129 726 51 5 p. l., 3-406 p., 1 l. 21 cm .
358 1184 53 54 ©
441 1189 129 48 Sept.
599 1189 69 47 16,
697 1187 142 49 1936;
870 1189 66 39 2c.
966 1189 98 40 and
1091 1188 83 42 aff.
1205 1189 127 48 Sept.
1361 1190 83 47 17;
1475 1190 41 39 A
1542 1188 172 49 97900;
1749 1189 165 41 Simon
1943 1189 39 40 &
2011 1188 245 49 Schuster,
2288 1189 93 43 inc.

439 1246 284 50 (36-19832)

356 1348 332 65 McKinley,
718 1347 212 55 Albert
961 1348 276 65 Edward,
1269 1352 329 54 1870-1936.

429 1421 1948 73 World history today, by Albert E. McKinley … Arthur C.
358 1502 2020 69 Howland … and Matthew L. Dann … New York, Cincinnati
363 1589 139 63 [etc.]
543 1581 311 56 American
887 1583 151 54 book
1071 1600 282 53 company
1395 1617 14 34 [
1413 1589 18 23 c
1436 1583 153 69 1936]

431 1664 45 39 x,
501 1655 99 48 843,
624 1656 279 40 xi-xxxviii
927 1666 44 38 p.
1032 1657 87 41 col.
1144 1654 166 49 front.,
1336 1656 129 42 illus.
1495 1654 136 50 (incl.
1656 1658 165 47 ports.,
1848 1654 164 50 maps)
2045 1657 28 40 4
2097 1667 63 38 pl.
2187 1654 52 50 (3
2256 1654 115 51 col.)

358 1711 54 40 21
416 1714 45 21 cm
464 1743 10 8 .

429 1769 394 49 Bibliographies
856 1772 52 38 at
941 1770 93 40 end
1066 1769 53 42 of
1150 1769 119 42 each
1303 1771 203 47 chapter
1540 1773 172 47 except
1744 1771 203 49 chapter
2081 1803 8 8 XIII.

360 1825 2021 54 © Sept. 3, 1936; 2c. Sept. 8; aff. Sept. 9; A 98308; Amer. book co.
432 1886 285 51 [Copyright
740 1887 43 40 is
809 1886 208 41 claimed
1043 1897 62 30 on
1129 1887 228 50 changes]
1421 1886 284 49 (36-19802)

358 1988 277 67 Milburn,
666 1990 248 65 George,
944 1996 172 51 1906-

430 2065 317 71 Catalogue;
812 2085 32 35 a
876 2068 169 52 novel
1081 2067 112 70 [by]
1232 2066 225 71 George
1487 2065 279 56 Milburn.
1836 2067 141 55 New
2008 2066 184 71 York,
2224 2065 154 55 Har-

357 2146 1093 70 court, Brace and company [ c 1936]
432 2217 99 51 viii,
562 2218 86 42 279
674 2229 44 39 p.
780 2218 56 42 19½
870 2221 46 22 cm
918 2252 9 10 .

433 2275 214 43 “Second
678 2277 235 49 printing,
948 2277 295 50 September,
1278 2276 159 43 1936.”

355 2331 2026 55 © Sept. 10, 1936; 2c. Sept. 24; aff. Sept. 23; A 98622; Harcourt, Brace
492 2392 559 50 & co., inc. (36-19976)
354 2496 359 55 Minnesota.
787 2499 186 63 Laws,
1003 2504 257 57 statutes,
1290 2503 100 47 etc.

428 2578 135 49 1936
630 2575 366 68 supplement
1060 2579 59 52 to
1186 2569 252 59 Mason’s
1503 2574 326 55 Minnesota
1897 2579 259 64 statutes,
2225 2574 151 55 1927.

366 2654 166 65 (1927
565 2658 58 50 to
663 2653 162 68 1936)
916 2653 422 68 (Superseding
1371 2654 252 53 Mason’s
1659 2657 133 49 1931
1830 2654 113 52 and
1980 2657 137 50 1934
354 2653 2000 145 supplements)
641 2731 357 68 Containing
1021 2732 98 54 the
1145 2737 124 48 text
1296 2732 63 53 of
1386 2733 97 53 the
1512 2737 117 48 acts
1658 2733 63 52 of
1748 2733 96 52 the
1876 2735 153 64 1929,
2059 2735 152 64 1931,
2242 2735 134 49 1933

357 2811 113 52 and
511 2813 133 49 1935
686 2811 230 66 general
956 2809 257 69 sessions,
1253 2811 112 52 and
1405 2812 95 51 the
1541 2814 243 49 1933-34
1821 2811 113 52 and
1975 2813 239 50 1935-36
355 2828 1997 114 special
511 2890 241 53 sessions
797 2890 63 53 of
904 2889 97 53 the
1046 2890 378 67 Legislature,
1469 2889 138 54 both
1653 2908 124 34 new
1823 2889 114 53 and
1986 2889 391 68 amendatory,

357 2968 113 52 and
515 2973 162 47 notes
722 2968 261 66 showing
1029 2968 238 67 repeals,
1313 2968 262 67 together
1622 2967 140 54 with
1810 2967 365 54 annotations
2223 2967 154 53 from

355 3045 96 53 the
486 3045 229 54 various
751 3050 207 62 courts,
992 3051 146 48 state
1173 3046 112 53 and
1320 3045 241 68 federal,
1599 3046 113 52 and
1746 3046 96 52 the
1879 3045 265 67 opinions
2182 3045 63 52 of
2281 3046 95 53 the

357 3128 263 62 attorney
667 3124 249 66 general,
960 3124 335 67 construing
1338 3125 95 51 the
1479 3123 391 58 constitution,
1914 3127 259 53 statutes,
355 3124 1997 130 charters
506 3202 113 54 and
654 3209 163 47 court
851 3202 152 52 rules
1038 3201 63 54 of
1136 3201 324 55 Minnesota
1497 3202 262 67 together
1796 3202 142 53 with
1976 3200 187 69 digest
2199 3200 63 54 of
2299 3202 77 53 all

357 3297 258 36 common
645 3280 113 52 law
789 3279 295 54 decisions.
1162 3280 215 53 Edited
1407 3281 75 66 by
1513 3280 264 55 William
1805 3282 78 51 H.
1914 3281 223 66 Mason,
358 3280 2018 143 editor-in-chief,
645 3359 92 53 W.
768 3358 77 53 H.
875 3358 223 66 Mason,
1128 3358 90 67 jr.,
1250 3359 67 52 R.
1351 3357 68 56 O.
1450 3360 222 64 Mason,
1704 3359 55 53 J.
1795 3357 56 55 S.
1885 3357 271 67 O’Brien,
357 3358 1995 130 assistant
484 3435 229 54 editors.
794 3435 82 55 St.
906 3436 168 66 Paul,
1102 3435 204 67 Minn.,
1332 3436 205 52 Mason
1565 3435 338 68 publishing
1930 3454 100 49 co.,
2060 3439 151 50 1936.

427 3509 25 41 3
481 3519 43 38 p.
589 3540 8 17 l.,
654 3507 89 42 1209
769 3518 45 39 p.
871 3507 59 43 28
930 3510 45 22 cm
980 3541 8 9 .

427 3566 73 41 On
533 3575 170 30 cover:
738 3566 103 40 Vol.
877 3567 40 41 3.

359 3619 53 53 ©
438 3624 112 47 Apr.
577 3624 41 47 4,
644 3622 143 48 1936;
812 3622 69 42 2c.
906 3622 97 40 and
1030 3621 81 40 aff.
1143 3623 128 47 Sept.
1297 3621 82 49 21;
1409 3623 41 38 A
1474 3621 146 42 98555;
1677 3624 172 37 Mason
1875 3621 112 48 pub.
2013 3631 68 31 co.

356 3726 394 64 Möllendorff,
776 3726 275 55 Wilhelm
1078 3742 133 48 von,
1240 3727 83 54 ed.

427 3805 330 52 Handbuch
815 3805 100 52 der
968 3802 527 69 mikroskopischen
1552 3804 283 53 anatomie
1893 3803 96 53 des
2044 3803 328 67 menschen;

358 3881 2015 146 bearb. von W. Bargmann [u. a.] hrsg. von Wilhelm v, Möllendorff … 3. bd. Haut und sinnesorgane. 2. t. Auge. Bearb.
357 4036 1945 68 von W. Kolmer … H. Lauber … Berlin, J. Springer, 1936.
