2519 4377
1326 4113 102 55 796

435 518 93 39 “Le
555 528 162 38 noyau
745 518 61 40 de
829 517 249 48 l’ouvrage
1105 520 76 38 est
1204 516 159 41 formé
1389 529 92 37 par
1507 519 83 39 des
1620 518 198 40 articles
1846 519 281 48 posthumes
2155 520 61 39 de
2244 517 128 40 Léon

363 576 211 46 Heuzey,
618 573 115 48 déjà
773 573 191 48 publiés
1004 584 92 38 par
1136 585 100 29 mes
1280 573 131 41 soins
1457 575 121 39 dans
1622 576 46 38 la
1716 574 203 40 Gazette
1961 576 84 38 des
2088 575 287 40 beaux-arts

373 631 152 50 (1926,
565 642 125 37 page
727 631 83 40 163
848 633 53 38 et
938 631 277 48 suivantes)
1264 633 47 38 et
1352 631 125 40 dans
1514 631 45 40 la
1603 632 167 39 Revue
1809 630 369 49 d’assyriologie
2227 632 146 48 (XXII,

360 688 129 47 1925,
522 690 54 37 n°
606 687 570 48 4).”—Avertissement.

433 743 395 49 “Bibliographie
860 743 287 41 sommaire”:
1211 751 47 41 p;
1292 744 247 50 [133]-134.

363 810 2011 54 © Nov. 15, 1935; 1c. Apr. 3, 1936; A- Foreign 31185; J. Heuzey and
435 871 128 40 Léon
595 873 212 47 Heuzey,
840 871 156 41 Paris.
1067 869 282 51 (36-13028)

361 975 200 67 Jacob,
586 976 215 53 Naomi
827 975 322 66 Ellington,
1179 981 171 50 1889-

435 1052 160 56 “Our
617 1053 222 53 Marie”
875 1053 214 69 (Marie
1111 1053 215 70 Lloyd)
1410 1055 57 51 A
1488 1052 325 70 biography
1833 1053 76 69 by
1933 1052 207 55 Naomi
2162 1054 180 55 Jacob;

365 1131 1916 69 with 20 illustrations. London, Hutchinson & co., ltd. [ 1936]
435 1207 86 41 287
547 1218 42 37 p.
618 1205 111 42 incl.
757 1206 184 48 geneal.
971 1207 96 40 tab.
1128 1205 165 48 front.,
1320 1207 148 46 ports.
1528 1205 57 40 24
1588 1207 43 22 cm
1638 1238 8 9 .

363 1275 2011 53 © 1c. June 6, 1936; A ad int. 21502; pubd. Apr. 7; Naomi Jacob, Merano,
436 1336 144 48 Italy.
649 1334 282 50 (36-13050)

363 1436 251 66 Knight,
642 1438 228 65 George
896 1437 242 64 Wilson,
1166 1440 171 54 1897-

434 1514 325 69 Principles
802 1514 65 53 of
910 1515 458 68 Shakespearian
1411 1514 342 69 production
1794 1514 141 55 with
1978 1515 241 68 especial
365 1515 1987 133 reference
586 1601 58 46 to
675 1594 96 53 the
798 1596 304 68 tragedies,
1128 1594 75 69 by
1233 1594 68 56 G.
1330 1593 225 57 Wilson
1584 1593 245 70 Knight.
1904 1594 259 67 London,
2190 1594 186 53 Faber

365 1676 115 53 and
509 1673 204 67 Faber,
740 1673 223 54 limited
999 1678 174 65 [1936]

439 1746 626 50 2 p. l. , 7-246 p. 22½ cm .
364 1815 1996 110 © 1c. June 1, 1936; A ad int. 21475; pubd. Apr. 23; G. W. Knight, Toronto, Canada. (36-13059)
365 1978 271 66 Krieger,
664 1979 183 54 Louis
872 1979 249 54 Charles
1147 1979 409 64 Christopher,
1586 1982 171 53 1873-

366 2057 2013 147 The mushroom handbook, by Louis C. C. Krieger … illustrated by photographs and drawings by the author. New
368 2215 179 67 York,
574 2215 121 53 The
720 2213 337 55 Macmillan
1083 2233 298 50 company,
1411 2217 149 53 1936.

443 2290 83 39 xiv
555 2300 57 37 p.,
643 2291 25 37 1
721 2320 23 16 l.,
774 2288 177 40 11-512
978 2300 56 37 p.,
1065 2288 25 39 2
1144 2320 22 18 l.,
1199 2288 203 41 513-538
1432 2300 43 37 p.
1536 2289 143 48 illus.,
1708 2288 54 41 32
1795 2290 86 39 col.
1913 2300 62 37 pl.
2006 2300 62 29 on
2099 2289 58 40 16
2207 2321 23 16 l.,
2260 2290 105 40 fold.

367 2347 113 47 tab.,
511 2346 154 48 diagr.
721 2345 56 41 20
778 2348 46 21 cm
829 2378 8 8 .

442 2403 153 40 “Rule
628 2403 79 39 for
743 2401 281 50 measuring
1058 2403 320 47 mushrooms,
1416 2402 51 39 in
1504 2403 149 40 ‘lines'
1691 2413 53 30 or
1782 2402 222 41 twelfths
2041 2403 52 40 of
2126 2414 61 29 an
2225 2402 155 48 inch”,

368 2460 100 40 laid
496 2460 64 42 in.

439 2517 354 48 Bibliography:
849 2527 42 38 p.
920 2516 220 40 456-493.

370 2583 53 54 ©
456 2589 122 39 Mar.
612 2587 39 48 6,
686 2586 114 41 1936;
862 2585 68 42 2c.
963 2587 115 47 May
1111 2585 57 41 18;
1230 2585 81 40 aff.
1347 2586 114 47 May
1495 2585 53 40 12;
1613 2586 41 39 A
1686 2585 148 41 95250;
1896 2585 286 49 University
2213 2586 53 40 of
2300 2587 82 40 the

440 2647 130 38 state
593 2644 51 40 of
668 2645 117 38 New
810 2644 145 48 York,
981 2644 204 47 Albany.
1249 2641 282 50 (36-27234)

369 2748 386 64 McClintock,
783 2749 206 63 Henry
1017 2748 213 64 Lacey.

444 2823 1939 70 Handbook of equity, by Henry L. McClintock … St. Paul,
373 2905 203 67 Minn.,
604 2905 161 54 West
793 2903 338 69 publishing
1157 2922 99 49 co.,
1285 2906 150 50 1936.

447 2980 98 45 xix,
573 2979 86 39 421
692 2990 42 37 p.
793 2979 55 39 23½
882 2980 44 22 cm
932 3010 8 9 .
1008 2978 290 48 (Hornbook
1329 2976 175 49 series)

448 3037 71 40 On
545 3046 142 31 cover:
744 3035 275 40 Handbook
1045 3046 60 30 on
1132 3034 180 49 equity.

447 3093 178 40 “Table
651 3091 52 41 of
730 3101 136 32 cases
892 3091 157 42 cited”:
1107 3103 43 37 p.
1177 3091 218 41 365-400.

449 3150 177 39 “Table
661 3149 51 40 of
748 3148 364 41 abbreviations
1150 3150 96 39 and
1284 3148 209 40 editions
1533 3148 51 40 of
1625 3149 129 39 texts
1792 3148 95 40 and
1927 3147 230 43 treatises
2197 3147 155 42 cited”:

377 3218 42 38 p.
448 3206 104 40 xiii.

449 3263 179 39 “Table
655 3263 52 39 of
730 3263 95 39 law
852 3261 178 42 review
1055 3261 198 41 articles
1278 3259 156 42 cited”;
1490 3272 43 37 p.
1557 3260 197 43 xv-xix.

375 3316 53 53 ©
464 3321 113 47 May
612 3320 40 45 1,
688 3318 141 47 1936;
867 3319 67 40 2c.
972 3320 95 39 and
1104 3318 82 41 aff.
1224 3319 130 39 June
1386 3318 82 48 15;
1506 3320 40 37 A
1581 3317 171 49 94984;
1792 3319 135 40 West
1960 3320 111 47 pub.
2109 3331 67 31 co.

455 3376 280 49 (36-13285)

373 3479 287 64 Mallette,
693 3480 292 53 Gertrude
1018 3480 194 63 Ethel,
1246 3481 170 53 1887-

446 3559 116 51 For
599 3558 189 67 keeps,
829 3558 74 67 by
945 3557 284 54 Gertrude
1272 3560 65 50 E.
1380 3557 289 66 Mallette;
1714 3559 359 52 decorations
2113 3559 267 67 designed

379 3637 110 51 and
527 3642 92 47 cut
659 3635 57 52 in
754 3636 271 52 linoleum
1062 3636 74 66 by
1172 3636 259 53 Mallette
1470 3637 177 51 Dean.
1723 3636 232 54 Garden
1997 3636 151 68 City,
2185 3638 69 53 N.
2295 3639 88 65 Y.,

376 3714 358 66 Doubleday,
759 3715 196 51 Doran
980 3717 45 50 &
1047 3731 296 49 company,
1369 3715 125 64 inc.,
1522 3717 148 50 1936.

449 3786 1049 49 5 p. l. , 309 p. incl. front., illus. 21½ cm .
452 3844 285 39 Illustrated
768 3842 364 49 lining-papers.

454 3900 159 40 “First
645 3898 228 42 edition.”

379 3952 53 53 ©
466 3957 113 41 May
611 3957 40 46 8,
686 3955 139 45 1936;
862 3955 67 42 2c.
962 3956 95 39 and
1091 3955 82 43 aff.
1208 3956 113 46 May
1355 3956 80 46 13;
1471 3956 41 38 A
1544 3954 171 47 94554;
1751 3955 52 40 G.
1839 3956 51 38 E.
1929 3955 235 47 Mallette,
2200 3955 181 41 Orinda

460 4013 101 47 (via
594 4014 260 48 Berkeley)
893 4012 143 41 Calif.
1106 4012 280 47 (30-27268)
