2519 4377
1289 4125 136 51 1494

339 439 185 64 Haas,
548 438 184 56 Irvin.

407 514 188 54 Bruce
637 514 250 69 Rogers:
931 533 32 35 a
1002 512 442 73 bibliography;
1489 514 254 55 hitherto
1786 515 354 54 unrecorded
2185 513 176 69 work,

338 595 331 67 1889-1925,
704 593 281 69 complete
1018 593 178 70 work,
1233 596 331 66 1925-1936,
1599 593 77 71 by
1712 593 167 54 Irvin
1915 594 193 68 Haas;
2148 593 142 54 with
2327 610 32 36 a

334 669 168 55 letter
550 671 65 53 of
659 671 395 54 introduction
1101 672 76 69 by
1224 672 263 54 Beatrice
1533 672 233 55 Warde.
1850 672 210 53 Mount
2108 672 253 68 Vernon,

334 747 72 57 N.
433 750 92 69 Y.,
552 751 172 52 Peter
752 750 234 68 Pauper
1012 768 176 51 press,
1218 753 151 51 1936.

409 824 80 47 vii,
517 823 55 40 72
599 834 61 38 p.,
688 823 25 39 1
762 855 8 8 l.
832 823 119 44 23cm.

412 880 160 41 “Four
609 881 226 40 hundred
871 882 97 39 and
1006 880 299 50 twenty-five
1341 882 160 47 copies
1541 881 53 42 of
1630 880 100 43 this
1769 881 135 49 book,
1945 883 75 39 set
2058 881 48 40 in
2148 879 215 42 Centaur

336 939 127 48 type,
492 938 124 41 have
645 937 121 42 been
792 937 241 50 printed.”

407 994 182 42 Errata
617 995 95 48 slip
737 996 103 41 laid
866 995 64 46 in.

346 1049 54 53 ©
428 1054 122 47 Aug.
579 1053 71 48 25,
684 1053 116 41 1936;
859 1053 68 42 2c.
957 1054 98 40 and
1086 1054 82 41 aff.
1200 1054 103 41 Oct.
1336 1054 56 40 19;
1452 1057 44 38 A
1521 1054 146 41 99419;
1729 1057 144 38 Peter
1905 1056 194 48 Pauper
2129 1064 152 40 press.

428 1110 284 50 (36-24639)

340 1215 329 65 Hamilton,
694 1215 212 55 Milton
931 1217 90 56 W.

408 1291 126 53 The
561 1295 245 66 country
837 1291 244 69 printer,
1110 1291 142 55 New
1284 1291 166 54 York
1480 1297 164 65 state,
1677 1291 331 70 1785-1830,
2040 1291 76 71 by
2150 1291 213 54 Milton

337 1368 90 56 W.
457 1369 326 54 Hamilton.
851 1369 141 55 New
1023 1369 183 70 York,
1239 1369 304 56 Columbia
1576 1369 321 71 university
1928 1388 179 52 press,
2139 1371 153 52 1936.

409 1443 105 49 xiii,
557 1443 88 41 360
685 1453 44 38 p.
772 1444 111 41 incl.
927 1443 129 41 illus.
1087 1444 159 49 (map)
1299 1444 157 41 tables.
1543 1443 137 42 front.
1723 1444 172 49 (port.)
1964 1443 149 42 23½cm.
340 1444 2023 98 (Half-title:

493 1500 1534 50 New York state historical association series … no. IV)
410 1556 266 52 “Printers,
708 1557 200 49 editors,
941 1559 96 39 and
1070 1558 279 48 publishers
1383 1558 53 41 of
1467 1560 206 46 country
1707 1568 327 39 newspapers,
2067 1558 120 41 New
2218 1558 143 46 York,

337 1613 322 43 1785-1830”:
694 1625 44 38 p.
775 1614 249 52 [253]-309.

409 1669 380 51 Bibliography:
820 1683 44 38 p.
911 1672 238 51 [317]-338.

348 1726 54 54 ©
436 1731 129 48 Sept.
594 1731 70 48 23,
698 1731 115 40 1936;
874 1731 68 41 2c.
979 1732 128 47 Sept.
1141 1732 56 39 24;
1264 1731 81 41 aff.
1384 1733 126 46 Sept.
1545 1732 57 40 28;
1666 1733 39 39 A
1738 1731 145 41 99036
1902 1744 8 32 :
1949 1732 251 42 Columbia
2236 1732 130 40 univ.

417 1797 152 39 press.
642 1788 285 48 (36-24645)

343 1892 179 65 Harr,
549 1893 231 53 Luther
807 1893 385 65 Armstrong,
1225 1899 172 49 1896-

420 1968 1946 71 Banking theory and practice, by Luther Harr … and W.
349 2047 2018 148 Carlton Harris … 2d ed. New York and London, McGraw-Hill book company, inc., 1936.
422 2200 66 48 xi,
517 2200 88 41 616
626 2211 45 38 p.
727 2199 182 49 diagrs.
963 2200 150 49 23½cm.

425 2257 354 42 “References”
806 2260 54 39 at
886 2261 91 40 end
1004 2258 54 41 of
1085 2260 127 38 most
1239 2258 53 40 of
1316 2258 82 40 the
1422 2258 243 48 chapters.

351 2310 53 54 ©
436 2315 102 41 Oct.
572 2316 70 46 14,
675 2314 143 48 1936;
851 2315 68 39 2c.
954 2315 101 40 Oct.
1091 2315 80 42 16:
1242 2314 49 42 aff.
1327 2314 102 42 Oct.
1463 2314 82 43 23:
1582 2316 38 38 A
1653 2314 172 44 99529;
1859 2315 355 39 McGraw-Hill
2247 2315 123 40 book

421 2382 83 39 co.,
535 2372 90 41 inc.
696 2371 283 51 (36-24620)

346 2475 185 66 Heck,
556 2476 286 54 Nicholas
867 2476 258 63 Hunter,
1154 2481 172 50 1882-

420 2552 1952 70 Earthquakes, by Nicholas Hunter Heck … Princeton,
347 2633 313 54 Princeton
692 2632 323 70 university
1047 2650 187 52 press;
1270 2632 262 69 London,
1563 2632 78 54 H.
1674 2631 270 69 Milford,
1980 2631 231 56 Oxford
349 2631 1996 151 university
597 2731 177 51 press,
808 2715 152 50 1936.

419 2787 66 50 xi,
514 2787 91 41 222
629 2797 47 39 p.
733 2787 146 50 illus.,
910 2786 181 50 diagrs.
1149 2786 149 43 23½cm.

419 2845 327 41 “References
777 2855 60 29 on
869 2845 199 47 general
1100 2842 319 49 seismology”
1438 2855 10 30 :
1482 2854 43 38 p.
1560 2843 100 42 218.

353 2899 54 55 ©
442 2904 122 48 Aug.
601 2904 69 47 15,
706 2901 141 44 1936:
887 2903 67 39 2c.
995 2904 101 39 Oct.
1134 2903 53 47 2;
1229 2902 82 41 aff.
1356 2903 128 47 Sept.
1523 2901 82 48 29;
1646 2903 41 39 A
1725 2901 171 48 99109;
1939 2899 260 42 Princeton
2238 2901 129 40 univ.

422 2970 152 39 press.
641 2959 283 50 (36-27429)

348 3050 187 66 Hoch,
566 3051 154 53 Fred
747 3048 276 66 William,
1056 3055 172 50 1891-

345 3122 2023 151 Handbook for pressmen, by Fred W. Hoch; with an introduction by the Honorable A. E. Giegengack … New York,
343 3281 154 55 Fred
525 3282 90 56 W.
643 3282 172 53 Hoch
844 3282 318 68 associates,
1191 3280 128 69 inc.,
1350 3282 151 52 1936.

418 3367 32 28 x
475 3367 57 37 p.,
561 3356 25 39 1
651 3394 8 12 l.,
687 3355 88 41 236
800 3366 42 38 p.
904 3355 129 41 illus.
1094 3354 117 43 24cm.

355 3411 53 53 ©
441 3415 129 48 Sept.
601 3416 69 47 1.1,
701 3414 117 41 1936;
874 3414 70 41 2c.
976 3414 103 41 Oct.
1111 3415 26 39 3;
1200 3413 81 40 aff.
1314 3414 101 38 Oct.
1449 3415 51 45 7;
1535 3414 40 38 A
1601 3411 145 40 99218
1765 3423 8 30 :
1811 3412 121 38 Fred
1967 3413 71 39 W.
2071 3411 136 40 Hoch
425 3422 1928 99 associates,
622 3471 92 41 inc.
782 3470 282 49 (36-24640)

377 3563 246 65 [Holden,
651 3563 156 54 John
834 3562 133 53 Allan]
1063 3580 179 49 comp.

425 3641 279 53 Holden’s
743 3641 238 53 Private
1019 3640 148 53 book
1206 3640 292 52 collectors
1537 3641 60 50 in
1634 3639 94 51 the
1769 3637 215 55 United
2030 3636 187 55 States
2255 3636 114 53 and

357 3719 253 62 Canada,
651 3720 140 52 with
831 3719 253 52 mention
1122 3718 62 53 of
1223 3718 149 52 their
1410 3717 250 58 hobbies,
1698 3716 282 67 compiled
2022 3716 74 66 by
2135 3714 233 52 Bertine

356 3800 65 52 E.
473 3801 235 51 Weston
758 3799 109 51 and
919 3799 218 51 Armon
1146 3797 32 52 d
1233 3797 61 54 C.
1346 3798 227 50 Frasca.
1651 3795 136 53 Rev.
1837 3795 83 51 ed.
1999 3794 138 52 New
2190 3792 178 57 York,

355 3879 67 51 R.
449 3878 67 52 R.
545 3876 244 53 Bowker
814 3893 98 47 co.,
940 3878 151 51 1936.

425 3950 26 38 4
480 3960 42 37 p.
585 3982 8 16 l.,
622 3948 147 40 3-316
796 3960 42 36 p.
899 3948 118 41 26cm.

357 3988 2009 68 © Oct. 28, 1936; 2c. Nov. 14; aff. Oct. 31; A 100439; R. R. Bowker co.
