2519 4377
1104 4132 133 50 1245

215 556 101 48 viii,
349 556 88 41 418
469 567 44 37 p.
573 556 142 46 illus.,
751 554 179 48 diagrs.
989 553 56 40 24
1047 555 45 22 cm
1097 585 9 9 .

218 608 802 49 “Literaturzusammenstellung”;
1090 620 43 38 p.
1176 608 247 49 [413]-418.

147 677 1855 59 © Feb. 15, 1936; 1c. June 3; A -Foreign 31966; Julius Springer.
227 743 281 49 (36-19292)

148 845 266 65 Sinclair,
440 845 154 53 John
624 845 245 63 George,
897 848 171 51 1888-

219 920 292 70 Anatomy
534 919 65 55 of
619 920 96 53 the
742 918 142 55 fetal
910 918 119 70 pig,
1051 917 76 70 by
1151 916 155 57 John
1330 915 70 57 G.
1426 914 250 58 Sinclair
1704 957 58 12 ...
1825 914 193 70 Ames,
2079 934 67 47 Ia.,

151 998 313 71 Collegiate
497 1017 174 49 press,
700 998 126 66 inc.,
859 1000 150 50 1936.

219 1071 98 50 xiv,
345 1072 56 41 80
424 1082 43 38 p.
492 1071 108 41 incl.
626 1071 164 46 front.,
818 1070 130 41 illus.
1007 1069 56 41 23
1067 1072 43 21 cm
1114 1100 9 9 .

153 1139 53 53 ©
237 1143 120 46 Aug.
391 1143 68 48 10,
493 1142 113 40 1936;
670 1143 68 39 2c.
773 1141 95 40 and
900 1141 82 41 aff.
1017 1141 120 46 Aug.
1170 1140 57 40 24;
1290 1141 40 39 A
1364 1140 146 41 98087;
1573 1139 267 48 Collegiate
1872 1149 152 39 press,
2060 1139 91 40 inc.

232 1199 278 49 (36-19396)

151 1304 212 63 Slates,
388 1304 227 55 Walter
637 1304 68 54 B.

225 1381 445 66 Townsendism,
714 1379 395 67 Coughlinism
1152 1397 64 35 or
1255 1378 399 66 communism;
1700 1378 94 53 the
1838 1378 319 67 important

156 1460 147 53 issue
329 1458 65 54 of
425 1459 94 53 the
552 1459 129 67 day,
711 1458 75 67 by
818 1458 223 54 Walter
1072 1458 67 52 B.
1176 1456 200 55 Slates.
1458 1456 349 68 [Zanesville,
1842 1455 86 67 O.,
1959 1456 91 53 W.
2087 1457 65 50 B.

157 1536 201 67 Slates,
387 1543 20 23 c
412 1539 151 64 1936]

224 1609 281 46 cover-title,
533 1609 99 49 101,
666 1609 55 50 [3]
751 1621 41 38 p.
853 1608 58 43 20½
941 1612 46 22 cm
990 1642 10 10 .

226 1667 213 41 Defense
464 1667 52 40 of
541 1667 82 41 the
654 1667 268 40 Townsend
953 1667 128 48 plan.

154 1720 53 53 ©
235 1724 116 47 July
408 1724 39 46 14,
477 1722 141 48 1936;
649 1723 67 40 2c.
746 1723 96 39 and
870 1722 83 41 aff.
982 1722 116 47 July
1128 1722 81 47 16;
1239 1722 40 39 A
1308 1720 172 48 96514;
1512 1721 71 40 W.
1615 1722 53 40 B.
1703 1720 172 42 Slates.
237 1780 279 49 (36-19275)

157 1882 274 66 Smalley,
458 1883 196 64 Janet,
686 1887 171 50 1893-

228 1959 91 53 Do
345 1978 112 49 you
486 1959 166 52 know
686 1958 173 54 about
885 1956 200 55 fishes?
1163 1956 172 54 Made
1363 1957 75 68 by
1469 1957 174 54 Janet
1674 1956 267 67 Smalley.
2020 1954 134 53 New

161 2034 1253 70 York, N. Y., W. Morrow and co. [ c 1936]
227 2104 774 51 45 p. col. illus. 15 × 23½ cm .
230 2164 288 41 Illustrated
551 2163 361 48 lining-papers.

163 2219 53 54 ©
243 2224 119 48 Aug.
391 2223 70 48 26,
491 2223 113 41 1936;
664 2223 66 40 2c.
762 2223 99 40 and
886 2223 82 40 aff.
1004 2223 126 48 Sept.
1160 2223 26 39 2;
1247 2222 41 41 A
1316 2221 144 42 97625;
1521 2221 218 42 William
1770 2223 211 41 Morrow
2012 2223 36 41 &
2077 2230 83 41 co.,

230 2281 90 40 inc.
383 2280 280 48 (36-19398)

160 2385 188 54 South
353 2385 209 64 worth,
589 2387 139 51 Mrs.
759 2385 291 53 Gertrude
1082 2384 160 65 (Van
1270 2384 207 64 Duyn)
1515 2385 171 54 1874-

231 2463 119 52 The
384 2460 461 55 administration
878 2462 63 52 of
974 2462 283 52 Franklin
1287 2464 72 51 D.
1394 2462 328 67 Roosevelt;
1761 2480 71 34 an
1864 2462 297 67 impartial

162 2539 219 66 history
415 2540 64 52 of
513 2540 94 52 the
644 2558 122 33 new
801 2540 144 65 deal,
979 2540 76 66 by
1091 2539 284 55 Gertrude
1410 2541 130 52 Van
1576 2542 174 64 Duyn
1789 2539 371 55 Southworth

164 2617 112 53 and
313 2617 154 55 John
504 2618 130 52 Van
672 2617 173 66 Duyn
887 2616 370 55 Southworth
1300 2660 56 8 ...
1452 2616 295 68 Syracuse,
1785 2618 69 53 N.
1896 2619 90 65 Y.,
2024 2619 139 52 New

164 2695 162 53 York
386 2700 118 60 [etc.]
547 2694 262 66 Iroquois
845 2692 334 69 publishing
1215 2713 297 49 company,
1549 2695 125 67 inc.,
1711 2702 17 21 c
1735 2699 148 50 1936.

232 2766 68 48 iii,
333 2767 70 49 [1],
432 2766 202 40 411-450
665 2777 42 37 p.
765 2767 24 39 1
819 2767 143 47 illus.,
990 2767 173 47 plates.
1220 2766 56 40 20½cm.

236 2823 263 40 Published
526 2824 103 38 also
654 2833 57 28 as
737 2823 202 47 chapter
963 2833 64 28 xv
1054 2823 51 40 of
1132 2823 82 39 the
1241 2823 215 40 authors’
1485 2823 259 41 American
1769 2823 206 49 history.
163 2826 1983 102 Complete
319 2879 196 42 edition.

168 2933 53 53 ©
251 2938 127 47 Sept.
407 2937 40 47 2,
477 2936 113 41 1936;
649 2938 67 38 2c.
751 2938 127 46 Sept.
909 2938 53 38 11;
1024 2936 81 41 aff.
1140 2937 128 47 Sept.
1299 2937 58 39 12;
1414 2938 44 38 A
1484 2937 147 41 97757;
1689 2937 222 48 Iroquois
1940 2938 110 49 pub.
2082 2949 83 38 co.,

237 2993 91 42 inc.
388 2993 281 49 [Copyright
699 2993 42 40 is
769 2993 206 39 claimed
1005 3003 60 29 on
1094 2992 212 40 revision
1336 2994 94 38 and
1462 2994 225 48 changes]
247 3050 278 49 (36-19276)

236 3153 304 52 American
571 3152 236 66 history.
877 3153 294 66 Complete
1202 3152 84 54 ed.
1323 3196 55 9 ...
1448 3154 175 52 From
1655 3154 96 52 the
1780 3155 294 67 discovery
2104 3155 63 52 of

169 3231 263 51 America
471 3235 58 47 to
567 3230 97 52 the
703 3236 226 60 present
968 3230 129 66 day,
1134 3230 76 67 by
1250 3230 285 54 Gertrude
1573 3233 130 52 Van
1741 3232 176 67 Duyn
170 3233 1973 127 Southworth
383 3351 54 8 ...

469 3308 111 52 and
603 3308 157 53 John
785 3308 128 52 Van
938 3310 173 63 Duyn
1140 3306 369 55 Southworth
1540 3354 56 9 ...
1664 3309 293 67 Syracuse,
1982 3312 69 51 N.
2078 3312 90 65 Y.,

171 3383 1810 71 New York [etc.] Iroquois publishing company, inc. [ c 1936]
240 3456 100 48 viii,
376 3456 69 50 [2],
476 3456 83 40 501
589 3467 43 36 p.
692 3456 85 40 col.
808 3457 163 47 front.,
1003 3456 129 39 illus.
1161 3455 133 48 (incl.
1326 3458 162 47 maps)
1527 3459 174 48 plates,
1731 3461 150 46 ports.
1939 3461 57 39 22
2000 3464 15 20 cm
2049 3494 9 8 .

243 3512 1928 50 Chapter XV also published separately under title; The administration
171 3571 52 41 of
253 3569 237 40 Franklin
522 3571 56 38 D.
612 3570 270 39 Roosevelt.

174 3623 54 52 ©
259 3627 127 47 Sept.
413 3628 41 43 4,
485 3626 117 40 1936;
656 3626 68 39 2c.
758 3627 126 46 Sept.
916 3626 81 45 11;
1030 3626 82 40 aff.
1145 3627 128 47 Sept.
1304 3627 81 47 12;
1419 3629 40 38 A
1488 3629 172 47 97758;
1693 3630 222 46 Iroquois
1944 3631 110 47 pub.
2087 3641 82 39 co.,

244 3683 91 40 inc.
398 3682 280 49 [Copyright
708 3682 41 38 is
780 3682 205 39 claimed
1016 3692 60 29 on
1106 3681 212 41 revision
1349 3684 95 39 and
1478 3694 105 29 new
1612 3688 192 48 matter]
254 3739 279 48 (36-19277)

176 3841 305 64 Speaight,
508 3841 240 64 Robert,
780 3845 172 51 1904-

247 3917 121 54 The
397 3916 201 69 legend
629 3917 65 51 of
721 3917 221 53 Helena
973 3918 302 68 Yaughan,
1306 3919 76 68 by
1413 3920 215 54 Robert
1661 3921 294 70 Speaight.
2032 3927 137 51 New

181 3995 177 66 York,
387 3995 68 55 G.
484 3997 64 51 P.
581 3996 296 53 Putnam’s
905 4013 145 48 sons,
1083 3999 149 52 1936.

250 4066 550 51 6 p. l., 306 p. 19 ½cm .
