<alto xmlns="http://www.loc.gov/standards/alto/ns-v3#" xmlns:xlink="http://www.w3.org/1999/xlink" xmlns:xsi="http://www.w3.org/2001/XMLSchema-instance" xsi:schemaLocation="http://www.loc.gov/standards/alto/ns-v3# http://www.loc.gov/alto/v3/alto-3-0.xsd"><Description>
<MeasurementUnit>pixel</MeasurementUnit>
<sourceImageInformation>
<fileName>1936_v33_Part1.pdf</fileName>
</sourceImageInformation>
<OCRProcessing ID="IdOcr">
<ocrProcessingStep>
<processingDateTime>2019-01-18</processingDateTime>
<processingSoftware>
<softwareCreator>ABBYY</softwareCreator>
<softwareName>ABBYY Recognition Server</softwareName>
<softwareVersion>4.0</softwareVersion>
</processingSoftware>
</ocrProcessingStep>
</OCRProcessing>
</Description>
<Styles>
<ParagraphStyle ID="StyleId-FFFFFFFF-FFFF-FFFF-FFFF-FFFFFFFFFFFF-" ALIGN="Left" LEFT="0." RIGHT="0." FIRSTLINE="0."/>
<ParagraphStyle ID="StyleId-51D50FAC-7A90-4D70-8A96-5EA9D46D1C8B-" ALIGN="Left" LEFT="0." RIGHT="0." FIRSTLINE="0." LINESPACE="7.699999809"/>
<ParagraphStyle ID="StyleId-6BC133E9-7DCB-43C3-8842-A67984A26405-" ALIGN="Block" LEFT="0." RIGHT="0." FIRSTLINE="-17." LINESPACE="8.340000153"/>
<ParagraphStyle ID="StyleId-3C3FF860-43E7-46A2-8934-48F305F6F0D6-" ALIGN="Left" LEFT="0." RIGHT="0." FIRSTLINE="-13." LINESPACE="11.06999969"/>
<ParagraphStyle ID="StyleId-19220C76-4F8A-4737-B38C-B5F5C17E6040-" ALIGN="Block" LEFT="0." RIGHT="0." FIRSTLINE="-13." LINESPACE="11.06999969"/>
<ParagraphStyle ID="StyleId-75A0D721-13ED-4F20-9002-B389EC48477D-" ALIGN="Left" LEFT="0." RIGHT="0." FIRSTLINE="0." LINESPACE="15.5"/>
<ParagraphStyle ID="StyleId-8A414184-C7A5-4AC7-9B88-7DA4DDE75922-" ALIGN="Left" LEFT="0." RIGHT="0." FIRSTLINE="0." LINESPACE="9.399999619"/>
<ParagraphStyle ID="StyleId-1A87970B-111C-4169-99A6-9412976F3C97-" ALIGN="Left" LEFT="0." RIGHT="0." FIRSTLINE="0." LINESPACE="10.5"/>
<ParagraphStyle ID="StyleId-72DB0571-5AE4-41FD-9E11-68C6AC4C437E-" ALIGN="Block" LEFT="0." RIGHT="0." FIRSTLINE="-17." LINESPACE="8.340000153"/>
<ParagraphStyle ID="StyleId-1AA43056-C388-4697-B10F-72FDAA38FAE1-" ALIGN="Center" LEFT="0." RIGHT="0." FIRSTLINE="0." LINESPACE="10.5"/>
</Styles>
<Layout>
<Page ID="Page121" PHYSICAL_IMG_NR="121" HEIGHT="4377" WIDTH="2519">
<TopMargin HEIGHT="452" WIDTH="2519" VPOS="0" HPOS="0">
</TopMargin>
<LeftMargin HEIGHT="3694" WIDTH="20" VPOS="452" HPOS="0">
</LeftMargin>
<RightMargin HEIGHT="3694" WIDTH="475" VPOS="452" HPOS="2044">
</RightMargin>
<BottomMargin HEIGHT="231" WIDTH="2519" VPOS="4146" HPOS="0">
</BottomMargin>
<PrintSpace HEIGHT="3694" WIDTH="2024" VPOS="452" HPOS="20">
<TextBlock ID="Page121_Block1" HEIGHT="68" WIDTH="118" VPOS="4078" HPOS="972" LANG="en-US" STYLEREFS="StyleId-9D7A9ADE-DFD6-48CF-B6CA-E3C6CEAB8712-">
<TextLine HEIGHT="50" WIDTH="97" VPOS="4087" HPOS="982">
<String CONTENT="121" HEIGHT="50" WIDTH="97" VPOS="4087" HPOS="982"/>
</TextLine>
</TextBlock>
<TextBlock ID="Page121_Block2" HEIGHT="3634" WIDTH="2024" VPOS="452" HPOS="20" LANG="en-US" CS="1" STYLEREFS="StyleId-4FEFED1C-AD53-4F47-8925-3B54C5836404-">
<Shape>
<Polygon POINTS="20,452 2044,452 2044,4082 758,4082 758,4084 756,4084 756,4086 20,4086 20,452"/>
</Shape>
<TextLine HEIGHT="63" WIDTH="763" VPOS="463" HPOS="34" STYLEREFS="StyleId-20BC5E5F-D9A4-4A8F-9486-88497BAC7E21-">
<String CONTENT="Adams," HEIGHT="62" WIDTH="241" VPOS="464" HPOS="34"/>
<SP HEIGHT="62" WIDTH="34" VPOS="464" HPOS="276"/>
<String CONTENT="Herbert," HEIGHT="63" WIDTH="275" VPOS="463" HPOS="311"/>
<SP HEIGHT="58" WIDTH="38" VPOS="468" HPOS="587"/>
<String CONTENT="1874-" HEIGHT="54" WIDTH="171" VPOS="463" HPOS="626"/>
</TextLine>
<TextLine HEIGHT="72" WIDTH="1927" VPOS="531" HPOS="102" STYLEREFS="StyleId-34A8D3A1-8BAE-4E48-BCAC-FEC8FC7A6B95-">
<String CONTENT="Murder" HEIGHT="52" WIDTH="237" VPOS="540" HPOS="102"/>
<SP HEIGHT="34" WIDTH="35" VPOS="556" HPOS="340"/>
<String CONTENT="without" HEIGHT="53" WIDTH="242" VPOS="537" HPOS="376"/>
<SP HEIGHT="48" WIDTH="33" VPOS="541" HPOS="619"/>
<String CONTENT="risk!" HEIGHT="55" WIDTH="150" VPOS="535" HPOS="653"/>
<SP HEIGHT="53" WIDTH="75" VPOS="535" HPOS="804"/>
<String CONTENT="By" HEIGHT="66" WIDTH="91" VPOS="537" HPOS="880"/>
<SP HEIGHT="68" WIDTH="34" VPOS="535" HPOS="972"/>
<String CONTENT="Herbert" HEIGHT="53" WIDTH="251" VPOS="534" HPOS="1007"/>
<SP HEIGHT="52" WIDTH="33" VPOS="534" HPOS="1259"/>
<String CONTENT="Adams." HEIGHT="53" WIDTH="234" VPOS="533" HPOS="1293"/>
<SP HEIGHT="50" WIDTH="72" VPOS="534" HPOS="1528"/>
<String CONTENT="Philadelphia," HEIGHT="68" WIDTH="428" VPOS="531" HPOS="1601"/>
</TextLine>
<TextLine HEIGHT="68" WIDTH="1108" VPOS="615" HPOS="33" STYLEREFS="StyleId-34A8D3A1-8BAE-4E48-BCAC-FEC8FC7A6B95-" CS="1">
<String CONTENT="London," HEIGHT="65" WIDTH="255" VPOS="618" HPOS="33"/>
<SP HEIGHT="66" WIDTH="25" VPOS="617" HPOS="289"/>
<String CONTENT="J." HEIGHT="53" WIDTH="55" VPOS="617" HPOS="315"/>
<SP HEIGHT="52" WIDTH="27" VPOS="616" HPOS="371"/>
<String CONTENT="B." HEIGHT="52" WIDTH="67" VPOS="616" HPOS="399"/>
<SP HEIGHT="53" WIDTH="27" VPOS="615" HPOS="467"/>
<String CONTENT="Lippincott" HEIGHT="67" WIDTH="337" VPOS="615" HPOS="495"/>
<SP HEIGHT="48" WIDTH="29" VPOS="618" HPOS="833"/>
<String CONTENT="company" HEIGHT="49" WIDTH="278" VPOS="630" HPOS="863"/>
<SP/>
<String CS="1" CONTENT="[c1936]"/>
</TextLine>
<TextLine HEIGHT="48" WIDTH="215" VPOS="702" HPOS="104" CS="1">
<String CONTENT="311" HEIGHT="40" WIDTH="84" VPOS="702" HPOS="104"/>
<SP HEIGHT="48" WIDTH="27" VPOS="702" HPOS="189"/>
<String CONTENT="p." HEIGHT="37" WIDTH="42" VPOS="713" HPOS="217"/>
<SP HEIGHT="39" WIDTH="59" VPOS="702" HPOS="260"/>
<String CS="1" CONTENT="19&#189;cm."/>
</TextLine>
<TextLine HEIGHT="56" WIDTH="1883" VPOS="770" HPOS="31">
<String CONTENT="&#169;" HEIGHT="53" WIDTH="52" VPOS="773" HPOS="31"/>
<SP HEIGHT="53" WIDTH="28" VPOS="773" HPOS="84"/>
<String CONTENT="Feb." HEIGHT="40" WIDTH="109" VPOS="777" HPOS="113"/>
<SP HEIGHT="40" WIDTH="27" VPOS="777" HPOS="223"/>
<String CONTENT="18," HEIGHT="44" WIDTH="68" VPOS="777" HPOS="251"/>
<SP HEIGHT="43" WIDTH="29" VPOS="778" HPOS="320"/>
<String CONTENT="1936;" HEIGHT="46" WIDTH="139" VPOS="776" HPOS="350"/>
<SP HEIGHT="46" WIDTH="29" VPOS="776" HPOS="490"/>
<String CONTENT="2c." HEIGHT="40" WIDTH="65" VPOS="776" HPOS="520"/>
<SP HEIGHT="29" WIDTH="30" VPOS="786" HPOS="586"/>
<String CONTENT="and" HEIGHT="38" WIDTH="95" VPOS="777" HPOS="617"/>
<SP HEIGHT="38" WIDTH="28" VPOS="777" HPOS="713"/>
<String CONTENT="aff." HEIGHT="41" WIDTH="81" VPOS="774" HPOS="742"/>
<SP HEIGHT="40" WIDTH="28" VPOS="775" HPOS="824"/>
<String CONTENT="Feb." HEIGHT="40" WIDTH="111" VPOS="775" HPOS="853"/>
<SP HEIGHT="41" WIDTH="28" VPOS="774" HPOS="965"/>
<String CONTENT="25;" HEIGHT="47" WIDTH="82" VPOS="773" HPOS="994"/>
<SP HEIGHT="46" WIDTH="31" VPOS="774" HPOS="1077"/>
<!-- cceid 95274849-6E3A-1014-83DD-942C093A1DD9 --><String CONTENT="A" HEIGHT="38" WIDTH="40" VPOS="774" HPOS="1109"/>
<SP HEIGHT="41" WIDTH="28" VPOS="772" HPOS="1150"/>
<String CONTENT="90957;" HEIGHT="47" WIDTH="169" VPOS="772" HPOS="1179"/>
<SP HEIGHT="46" WIDTH="32" VPOS="773" HPOS="1349"/>
<String CONTENT="J." HEIGHT="40" WIDTH="43" VPOS="773" HPOS="1382"/>
<SP HEIGHT="39" WIDTH="30" VPOS="774" HPOS="1426"/>
<String CONTENT="B." HEIGHT="39" WIDTH="53" VPOS="774" HPOS="1457"/>
<SP HEIGHT="40" WIDTH="29" VPOS="773" HPOS="1511"/>
<String CONTENT="Lippincott" HEIGHT="50" WIDTH="279" VPOS="770" HPOS="1541"/>
<SP HEIGHT="37" WIDTH="26" VPOS="774" HPOS="1821"/>
<String CONTENT="co." HEIGHT="29" WIDTH="66" VPOS="782" HPOS="1848"/>
</TextLine>
<TextLine HEIGHT="50" WIDTH="249" VPOS="833" HPOS="107">
<String CONTENT="(30-5107)" HEIGHT="50" WIDTH="249" VPOS="833" HPOS="107"/>
</TextLine>
<TextLine HEIGHT="66" WIDTH="858" VPOS="935" HPOS="33" STYLEREFS="StyleId-01592852-2CE9-4476-94F5-F5412FA3A2A0-">
<String CONTENT="Alabama." HEIGHT="56" WIDTH="306" VPOS="935" HPOS="33"/>
<SP HEIGHT="54" WIDTH="72" VPOS="937" HPOS="340"/>
<String CONTENT="Supreme" HEIGHT="64" WIDTH="277" VPOS="937" HPOS="413"/>
<SP HEIGHT="35" WIDTH="25" VPOS="953" HPOS="691"/>
<String CONTENT="court." HEIGHT="48" WIDTH="174" VPOS="940" HPOS="717"/>
</TextLine>
<TextLine HEIGHT="146" WIDTH="1969" VPOS="1008" HPOS="34" STYLEREFS="StyleId-34A8D3A1-8BAE-4E48-BCAC-FEC8FC7A6B95-" CS="1">
<String CONTENT="Report" HEIGHT="65" WIDTH="216" VPOS="1014" HPOS="103"/>
<SP HEIGHT="47" WIDTH="29" VPOS="1020" HPOS="320"/>
<String CONTENT="of" HEIGHT="52" WIDTH="62" VPOS="1013" HPOS="350"/>
<SP HEIGHT="52" WIDTH="29" VPOS="1013" HPOS="413"/>
<String CONTENT="cases" HEIGHT="35" WIDTH="149" VPOS="1031" HPOS="443"/>
<SP HEIGHT="34" WIDTH="29" VPOS="1032" HPOS="593"/>
<String CONTENT="argued" HEIGHT="67" WIDTH="214" VPOS="1012" HPOS="623"/>
<SP HEIGHT="52" WIDTH="30" VPOS="1012" HPOS="838"/>
<String CONTENT="and" HEIGHT="52" WIDTH="112" VPOS="1012" HPOS="869"/>
<SP HEIGHT="53" WIDTH="28" VPOS="1011" HPOS="982"/>
<String CONTENT="determined" HEIGHT="54" WIDTH="350" VPOS="1009" HPOS="1011"/>
<SP HEIGHT="54" WIDTH="35" VPOS="1010" HPOS="1362"/>
<String CS="1" CONTENT="&#8230;"/>
<SP HEIGHT="54" WIDTH="36" VPOS="1010" HPOS="1455"/>
<String CONTENT="during" HEIGHT="66" WIDTH="209" VPOS="1009" HPOS="1492"/>
<SP HEIGHT="61" WIDTH="28" VPOS="1014" HPOS="1702"/>
<String CONTENT="the" HEIGHT="52" WIDTH="95" VPOS="1009" HPOS="1731"/>
<SP HEIGHT="54" WIDTH="30" VPOS="1008" HPOS="1827"/>
<String CONTENT="October" HEIGHT="135" WIDTH="1969" VPOS="1008" HPOS="34"/>
<SP HEIGHT="47" WIDTH="44" VPOS="1095" HPOS="131"/>
<String CONTENT="term," HEIGHT="59" WIDTH="162" VPOS="1095" HPOS="176"/>
</TextLine>
<TextLine HEIGHT="71" WIDTH="1636" VPOS="1085" HPOS="387" STYLEREFS="StyleId-34A8D3A1-8BAE-4E48-BCAC-FEC8FC7A6B95-">
<String CONTENT="1934." HEIGHT="49" WIDTH="149" VPOS="1094" HPOS="387"/>
<SP HEIGHT="51" WIDTH="74" VPOS="1092" HPOS="537"/>
<String CONTENT="By" HEIGHT="64" WIDTH="91" VPOS="1092" HPOS="612"/>
<SP HEIGHT="65" WIDTH="43" VPOS="1091" HPOS="704"/>
<String CONTENT="Noble" HEIGHT="53" WIDTH="183" VPOS="1090" HPOS="748"/>
<SP HEIGHT="52" WIDTH="38" VPOS="1090" HPOS="932"/>
<String CONTENT="H." HEIGHT="52" WIDTH="80" VPOS="1090" HPOS="971"/>
<SP HEIGHT="55" WIDTH="52" VPOS="1088" HPOS="1052"/>
<String CONTENT="Seay," HEIGHT="67" WIDTH="163" VPOS="1088" HPOS="1105"/>
<SP HEIGHT="46" WIDTH="48" VPOS="1107" HPOS="1269"/>
<String CONTENT="reporter" HEIGHT="61" WIDTH="255" VPOS="1093" HPOS="1318"/>
<SP HEIGHT="34" WIDTH="46" VPOS="1105" HPOS="1574"/>
<String CONTENT="of" HEIGHT="52" WIDTH="63" VPOS="1087" HPOS="1621"/>
<SP HEIGHT="51" WIDTH="48" VPOS="1087" HPOS="1685"/>
<String CONTENT="decisions." HEIGHT="54" WIDTH="289" VPOS="1085" HPOS="1734"/>
</TextLine>
<TextLine HEIGHT="68" WIDTH="1621" VPOS="1164" HPOS="36" STYLEREFS="StyleId-34A8D3A1-8BAE-4E48-BCAC-FEC8FC7A6B95-">
<String CONTENT="Volume" HEIGHT="52" WIDTH="238" VPOS="1169" HPOS="36"/>
<SP HEIGHT="50" WIDTH="31" VPOS="1171" HPOS="275"/>
<String CONTENT="230." HEIGHT="49" WIDTH="115" VPOS="1171" HPOS="307"/>
<SP HEIGHT="54" WIDTH="73" VPOS="1169" HPOS="423"/>
<String CONTENT="St." HEIGHT="54" WIDTH="81" VPOS="1169" HPOS="497"/>
<SP HEIGHT="50" WIDTH="34" VPOS="1170" HPOS="579"/>
<String CONTENT="Paul." HEIGHT="52" WIDTH="165" VPOS="1168" HPOS="614"/>
<SP HEIGHT="53" WIDTH="31" VPOS="1169" HPOS="780"/>
<String CONTENT="West" HEIGHT="53" WIDTH="158" VPOS="1169" HPOS="812"/>
<SP HEIGHT="59" WIDTH="33" VPOS="1173" HPOS="971"/>
<String CONTENT="publishing" HEIGHT="68" WIDTH="336" VPOS="1164" HPOS="1005"/>
<SP HEIGHT="49" WIDTH="30" VPOS="1182" HPOS="1342"/>
<String CONTENT="co.," HEIGHT="39" WIDTH="97" VPOS="1182" HPOS="1373"/>
<SP HEIGHT="53" WIDTH="34" VPOS="1168" HPOS="1471"/>
<String CONTENT="1935." HEIGHT="49" WIDTH="151" VPOS="1168" HPOS="1506"/>
</TextLine>
<TextLine HEIGHT="48" WIDTH="389" VPOS="1253" HPOS="99" STYLEREFS="StyleId-34A8D3A1-8BAE-4E48-BCAC-FEC8FC7A6B95-" CS="1">
<String CONTENT="xii," HEIGHT="47" WIDTH="83" VPOS="1254" HPOS="99"/>
<SP HEIGHT="46" WIDTH="30" VPOS="1255" HPOS="183"/>
<String CONTENT="787" HEIGHT="40" WIDTH="82" VPOS="1254" HPOS="214"/>
<SP HEIGHT="46" WIDTH="31" VPOS="1255" HPOS="297"/>
<String CONTENT="p." HEIGHT="37" WIDTH="42" VPOS="1264" HPOS="329"/>
<SP HEIGHT="40" WIDTH="57" VPOS="1253" HPOS="372"/>
<String CS="1" CONTENT="26&#189;cm." HEIGHT="39" WIDTH="58" VPOS="1253" HPOS="430"/>
</TextLine>
<TextLine HEIGHT="54" WIDTH="1998" VPOS="1318" HPOS="31">
<String CONTENT="&#169;" HEIGHT="53" WIDTH="51" VPOS="1319" HPOS="31"/>
<SP HEIGHT="53" WIDTH="29" VPOS="1319" HPOS="83"/>
<String CONTENT="Dec." HEIGHT="38" WIDTH="109" VPOS="1325" HPOS="113"/>
<SP HEIGHT="39" WIDTH="32" VPOS="1324" HPOS="223"/>
<String CONTENT="7," HEIGHT="46" WIDTH="39" VPOS="1324" HPOS="256"/>
<SP HEIGHT="46" WIDTH="30" VPOS="1324" HPOS="296"/>
<String CONTENT="1935;" HEIGHT="45" WIDTH="140" VPOS="1323" HPOS="327"/>
<SP HEIGHT="46" WIDTH="31" VPOS="1322" HPOS="468"/>
<String CONTENT="2c." HEIGHT="41" WIDTH="67" VPOS="1322" HPOS="500"/>
<SP HEIGHT="40" WIDTH="31" VPOS="1323" HPOS="568"/>
<String CONTENT="Jan." HEIGHT="39" WIDTH="109" VPOS="1323" HPOS="600"/>
<SP HEIGHT="39" WIDTH="32" VPOS="1322" HPOS="710"/>
<String CONTENT="18," HEIGHT="47" WIDTH="68" VPOS="1322" HPOS="743"/>
<SP HEIGHT="46" WIDTH="30" VPOS="1323" HPOS="812"/>
<String CONTENT="1930;" HEIGHT="45" WIDTH="140" VPOS="1321" HPOS="843"/>
<SP HEIGHT="35" WIDTH="33" VPOS="1331" HPOS="984"/>
<String CONTENT="aff." HEIGHT="39" WIDTH="81" VPOS="1321" HPOS="1018"/>
<SP HEIGHT="39" WIDTH="34" VPOS="1321" HPOS="1100"/>
<String CONTENT="Jan." HEIGHT="39" WIDTH="109" VPOS="1321" HPOS="1135"/>
<SP HEIGHT="40" WIDTH="30" VPOS="1320" HPOS="1245"/>
<String CONTENT="20;" HEIGHT="46" WIDTH="81" VPOS="1320" HPOS="1276"/>
<SP HEIGHT="46" WIDTH="34" VPOS="1320" HPOS="1358"/>
<!-- cceid 95280B7A-6E3A-1014-83DD-942C093A1DD9 --><String CONTENT="A" HEIGHT="39" WIDTH="43" VPOS="1320" HPOS="1393"/>
<SP HEIGHT="39" WIDTH="28" VPOS="1320" HPOS="1437"/>
<String CONTENT="91358;" HEIGHT="47" WIDTH="171" VPOS="1319" HPOS="1466"/>
<SP HEIGHT="46" WIDTH="34" VPOS="1320" HPOS="1638"/>
<String CONTENT="Bibb" HEIGHT="40" WIDTH="122" VPOS="1318" HPOS="1673"/>
<SP HEIGHT="39" WIDTH="33" VPOS="1319" HPOS="1796"/>
<String CONTENT="Graves," HEIGHT="47" WIDTH="199" VPOS="1319" HPOS="1830"/>
</TextLine>
<TextLine HEIGHT="52" WIDTH="1692" VPOS="1376" HPOS="101">
<String CONTENT="governor" HEIGHT="38" WIDTH="239" VPOS="1390" HPOS="101"/>
<SP HEIGHT="29" WIDTH="20" VPOS="1391" HPOS="341"/>
<String CONTENT="of" HEIGHT="40" WIDTH="52" VPOS="1380" HPOS="362"/>
<SP HEIGHT="39" WIDTH="22" VPOS="1380" HPOS="415"/>
<String CONTENT="Alabama," HEIGHT="46" WIDTH="251" VPOS="1380" HPOS="438"/>
<SP HEIGHT="47" WIDTH="25" VPOS="1379" HPOS="690"/>
<String CONTENT="for" HEIGHT="39" WIDTH="79" VPOS="1379" HPOS="716"/>
<SP HEIGHT="29" WIDTH="23" VPOS="1390" HPOS="796"/>
<String CONTENT="use" HEIGHT="30" WIDTH="85" VPOS="1389" HPOS="820"/>
<SP HEIGHT="30" WIDTH="23" VPOS="1389" HPOS="906"/>
<String CONTENT="of" HEIGHT="41" WIDTH="50" VPOS="1378" HPOS="930"/>
<SP HEIGHT="40" WIDTH="25" VPOS="1378" HPOS="981"/>
<String CONTENT="said" HEIGHT="42" WIDTH="107" VPOS="1376" HPOS="1007"/>
<SP HEIGHT="40" WIDTH="26" VPOS="1377" HPOS="1115"/>
<String CONTENT="state," HEIGHT="45" WIDTH="141" VPOS="1379" HPOS="1142"/>
<SP HEIGHT="46" WIDTH="27" VPOS="1378" HPOS="1284"/>
<String CONTENT="Montgomery," HEIGHT="46" WIDTH="347" VPOS="1378" HPOS="1312"/>
<SP HEIGHT="47" WIDTH="27" VPOS="1376" HPOS="1660"/>
<String CONTENT="Ala." HEIGHT="39" WIDTH="105" VPOS="1376" HPOS="1688"/>
</TextLine>
<TextLine HEIGHT="71" WIDTH="1991" VPOS="1478" HPOS="34" STYLEREFS="StyleId-34A8D3A1-8BAE-4E48-BCAC-FEC8FC7A6B95-" CS="1">
<String CONTENT="Amateur" HEIGHT="53" WIDTH="289" VPOS="1483" HPOS="34"/>
<SP HEIGHT="46" WIDTH="27" VPOS="1489" HPOS="324"/>
<String CONTENT="telescope" HEIGHT="63" WIDTH="275" VPOS="1485" HPOS="352"/>
<SP HEIGHT="35" WIDTH="25" VPOS="1501" HPOS="628"/>
<String CONTENT="making." HEIGHT="67" WIDTH="251" VPOS="1482" HPOS="654"/>
<SP HEIGHT="52" WIDTH="73" VPOS="1482" HPOS="906"/>
<String CONTENT="Albert" HEIGHT="53" WIDTH="207" VPOS="1482" HPOS="980"/>
<SP HEIGHT="55" WIDTH="24" VPOS="1481" HPOS="1188"/>
<String CONTENT="G." HEIGHT="55" WIDTH="68" VPOS="1481" HPOS="1213"/>
<SP HEIGHT="52" WIDTH="29" VPOS="1482" HPOS="1282"/>
<String CONTENT="Ingalls," HEIGHT="68" WIDTH="240" VPOS="1479" HPOS="1312"/>
<SP HEIGHT="47" WIDTH="25" VPOS="1499" HPOS="1553"/>
<String CONTENT="editor" HEIGHT="52" WIDTH="185" VPOS="1480" HPOS="1579"/>
<SP HEIGHT="33" WIDTH="32" VPOS="1498" HPOS="1765"/>
<String CS="1" CONTENT="&#8230;"/>
<SP HEIGHT="32" WIDTH="32" VPOS="1498" HPOS="1855"/>
<String CONTENT="with" HEIGHT="51" WIDTH="137" VPOS="1478" HPOS="1888"/>
</TextLine>
<TextLine HEIGHT="75" WIDTH="1926" VPOS="1553" HPOS="101" STYLEREFS="StyleId-34A8D3A1-8BAE-4E48-BCAC-FEC8FC7A6B95-" CS="1">
<String CONTENT="a" HEIGHT="35" WIDTH="31" VPOS="1578" HPOS="101"/>
<SP HEIGHT="54" WIDTH="32" VPOS="1559" HPOS="133"/>
<String CONTENT="foreword" HEIGHT="54" WIDTH="284" VPOS="1558" HPOS="166"/>
<SP HEIGHT="54" WIDTH="29" VPOS="1558" HPOS="451"/>
<String CONTENT="by" HEIGHT="70" WIDTH="76" VPOS="1558" HPOS="481"/>
<SP HEIGHT="70" WIDTH="30" VPOS="1558" HPOS="558"/>
<String CONTENT="Dr." HEIGHT="54" WIDTH="104" VPOS="1558" HPOS="589"/>
<SP HEIGHT="54" WIDTH="30" VPOS="1558" HPOS="694"/>
<String CONTENT="Harlow" HEIGHT="52" WIDTH="241" VPOS="1558" HPOS="725"/>
<SP HEIGHT="56" WIDTH="32" VPOS="1556" HPOS="967"/>
<String CONTENT="Shapley" HEIGHT="70" WIDTH="254" VPOS="1556" HPOS="1000"/>
<SP HEIGHT="51" WIDTH="34" VPOS="1575" HPOS="1255"/>
<String CS="1" CONTENT="&#8230;"/>
<SP HEIGHT="36" WIDTH="79" VPOS="1588" HPOS="1348"/>
<String CONTENT="[New" HEIGHT="69" WIDTH="156" VPOS="1555" HPOS="1428"/>
<SP HEIGHT="52" WIDTH="36" VPOS="1555" HPOS="1585"/>
<String CONTENT="York]" HEIGHT="69" WIDTH="179" VPOS="1554" HPOS="1622"/>
<SP HEIGHT="70" WIDTH="39" VPOS="1553" HPOS="1802"/>
<String CONTENT="Munn" HEIGHT="52" WIDTH="185" VPOS="1553" HPOS="1842"/>
</TextLine>
<TextLine HEIGHT="65" WIDTH="419" VPOS="1640" HPOS="101" STYLEREFS="StyleId-34A8D3A1-8BAE-4E48-BCAC-FEC8FC7A6B95-">
<String CONTENT="and" HEIGHT="52" WIDTH="112" VPOS="1640" HPOS="101"/>
<SP HEIGHT="52" WIDTH="28" VPOS="1640" HPOS="214"/>
<String CONTENT="co.," HEIGHT="48" WIDTH="97" VPOS="1657" HPOS="243"/>
<SP HEIGHT="63" WIDTH="28" VPOS="1642" HPOS="341"/>
<String CONTENT="1935." HEIGHT="50" WIDTH="150" VPOS="1641" HPOS="370"/>
</TextLine>
<TextLine HEIGHT="50" WIDTH="852" VPOS="1722" HPOS="102" CS="1">
<String CONTENT="xii," HEIGHT="48" WIDTH="84" VPOS="1724" HPOS="102"/>
<SP/>
<String CONTENT="499" HEIGHT="40" WIDTH="86" VPOS="1724" HPOS="212"/>
<SP HEIGHT="46" WIDTH="25" VPOS="1725" HPOS="299"/>
<String CONTENT="p." HEIGHT="37" WIDTH="44" VPOS="1734" HPOS="325"/>
<SP HEIGHT="41" WIDTH="58" VPOS="1722" HPOS="370"/>
<String CONTENT="illus.," HEIGHT="49" WIDTH="141" VPOS="1722" HPOS="429"/>
<SP HEIGHT="47" WIDTH="28" VPOS="1724" HPOS="571"/>
<String CONTENT="diagrs." HEIGHT="47" WIDTH="178" VPOS="1724" HPOS="600"/>
<SP HEIGHT="41" WIDTH="59" VPOS="1722" HPOS="779"/>
<String CONTENT="20" HEIGHT="41" WIDTH="56" VPOS="1722" HPOS="839"/>
<String STYLE="superscript" CONTENT="cm" HEIGHT="21" WIDTH="43" VPOS="1725" HPOS="899"/>
<String CONTENT="." HEIGHT="8" WIDTH="8" VPOS="1754" HPOS="946"/>
</TextLine>
<TextLine HEIGHT="49" WIDTH="1221" VPOS="1792" HPOS="102">
<String CONTENT="On" HEIGHT="41" WIDTH="71" VPOS="1792" HPOS="102"/>
<SP HEIGHT="30" WIDTH="25" VPOS="1803" HPOS="174"/>
<String CONTENT="cover:" HEIGHT="31" WIDTH="164" VPOS="1803" HPOS="200"/>
<SP HEIGHT="40" WIDTH="31" VPOS="1793" HPOS="365"/>
<String CONTENT="Scientific" HEIGHT="41" WIDTH="241" VPOS="1793" HPOS="397"/>
<SP HEIGHT="40" WIDTH="25" VPOS="1794" HPOS="639"/>
<String CONTENT="American" HEIGHT="40" WIDTH="259" VPOS="1794" HPOS="665"/>
<SP HEIGHT="38" WIDTH="24" VPOS="1803" HPOS="925"/>
<String CONTENT="publishing" HEIGHT="49" WIDTH="281" VPOS="1792" HPOS="950"/>
<SP HEIGHT="39" WIDTH="23" VPOS="1801" HPOS="1232"/>
<String CONTENT="co." HEIGHT="32" WIDTH="67" VPOS="1802" HPOS="1256"/>
</TextLine>
<TextLine HEIGHT="51" WIDTH="1390" VPOS="1848" HPOS="103">
<String CONTENT="&#8220;Fourth" HEIGHT="41" WIDTH="214" VPOS="1850" HPOS="103"/>
<SP HEIGHT="39" WIDTH="25" VPOS="1852" HPOS="318"/>
<String CONTENT="edition," HEIGHT="49" WIDTH="196" VPOS="1850" HPOS="344"/>
<SP HEIGHT="39" WIDTH="29" VPOS="1860" HPOS="541"/>
<String CONTENT="completely" HEIGHT="47" WIDTH="284" VPOS="1851" HPOS="571"/>
<SP HEIGHT="37" WIDTH="25" VPOS="1861" HPOS="856"/>
<String CONTENT="revised" HEIGHT="40" WIDTH="189" VPOS="1850" HPOS="882"/>
<SP HEIGHT="39" WIDTH="25" VPOS="1851" HPOS="1072"/>
<String CONTENT="and" HEIGHT="39" WIDTH="95" VPOS="1850" HPOS="1098"/>
<SP HEIGHT="40" WIDTH="26" VPOS="1850" HPOS="1194"/>
<String CONTENT="enlarged.&#8221;" HEIGHT="49" WIDTH="272" VPOS="1848" HPOS="1221"/>
</TextLine>
<TextLine HEIGHT="49" WIDTH="925" VPOS="1906" HPOS="102">
<String CONTENT="Includes" HEIGHT="42" WIDTH="225" VPOS="1907" HPOS="102"/>
<SP HEIGHT="42" WIDTH="25" VPOS="1907" HPOS="328"/>
<String CONTENT="blank" HEIGHT="40" WIDTH="148" VPOS="1907" HPOS="354"/>
<SP HEIGHT="47" WIDTH="22" VPOS="1908" HPOS="503"/>
<String CONTENT="pages" HEIGHT="38" WIDTH="148" VPOS="1917" HPOS="526"/>
<SP HEIGHT="40" WIDTH="25" VPOS="1908" HPOS="675"/>
<String CONTENT="for" HEIGHT="40" WIDTH="81" VPOS="1908" HPOS="701"/>
<SP HEIGHT="38" WIDTH="23" VPOS="1908" HPOS="783"/>
<String CONTENT="&#8220;Notes&#8221;." HEIGHT="42" WIDTH="220" VPOS="1906" HPOS="807"/>
</TextLine>
<TextLine HEIGHT="50" WIDTH="739" VPOS="1963" HPOS="100">
<String CONTENT="Bibliographies:" HEIGHT="49" WIDTH="415" VPOS="1963" HPOS="100"/>
<SP HEIGHT="38" WIDTH="30" VPOS="1975" HPOS="516"/>
<String CONTENT="p." HEIGHT="38" WIDTH="43" VPOS="1975" HPOS="547"/>
<SP HEIGHT="39" WIDTH="28" VPOS="1966" HPOS="591"/>
<String CONTENT="469-480." HEIGHT="41" WIDTH="219" VPOS="1964" HPOS="620"/>
</TextLine>
<TextLine HEIGHT="53" WIDTH="1914" VPOS="2032" HPOS="31">
<String CONTENT="&#169;" HEIGHT="52" WIDTH="52" VPOS="2032" HPOS="31"/>
<SP HEIGHT="52" WIDTH="25" VPOS="2032" HPOS="84"/>
<String CONTENT="Dec." HEIGHT="39" WIDTH="110" VPOS="2037" HPOS="110"/>
<SP HEIGHT="39" WIDTH="26" VPOS="2036" HPOS="221"/>
<String CONTENT="21," HEIGHT="48" WIDTH="69" VPOS="2036" HPOS="248"/>
<SP HEIGHT="46" WIDTH="27" VPOS="2038" HPOS="318"/>
<String CONTENT="1935;" HEIGHT="48" WIDTH="140" VPOS="2036" HPOS="346"/>
<SP HEIGHT="48" WIDTH="28" VPOS="2036" HPOS="487"/>
<String CONTENT="2c." HEIGHT="41" WIDTH="66" VPOS="2036" HPOS="516"/>
<SP HEIGHT="30" WIDTH="27" VPOS="2047" HPOS="583"/>
<String CONTENT="and" HEIGHT="39" WIDTH="97" VPOS="2038" HPOS="611"/>
<SP HEIGHT="39" WIDTH="26" VPOS="2038" HPOS="709"/>
<String CONTENT="aff." HEIGHT="41" WIDTH="81" VPOS="2036" HPOS="736"/>
<SP HEIGHT="40" WIDTH="29" VPOS="2037" HPOS="818"/>
<String CONTENT="Feb." HEIGHT="40" WIDTH="110" VPOS="2037" HPOS="848"/>
<SP HEIGHT="39" WIDTH="26" VPOS="2038" HPOS="959"/>
<String CONTENT="5," HEIGHT="47" WIDTH="39" VPOS="2038" HPOS="986"/>
<SP HEIGHT="47" WIDTH="26" VPOS="2038" HPOS="1026"/>
<String CONTENT="1936;" HEIGHT="47" WIDTH="140" VPOS="2036" HPOS="1053"/>
<SP HEIGHT="46" WIDTH="30" VPOS="2037" HPOS="1194"/>
<!-- cceid 9528D1A3-6E3A-1014-83DD-942C093A1DD9 --><String CONTENT="A" HEIGHT="39" WIDTH="40" VPOS="2037" HPOS="1225"/>
<SP HEIGHT="41" WIDTH="27" VPOS="2035" HPOS="1266"/>
<String CONTENT="90632;" HEIGHT="49" WIDTH="170" VPOS="2035" HPOS="1294"/>
<SP HEIGHT="46" WIDTH="31" VPOS="2038" HPOS="1465"/>
<String CONTENT="Munn" HEIGHT="38" WIDTH="153" VPOS="2038" HPOS="1497"/>
<SP HEIGHT="40" WIDTH="26" VPOS="2037" HPOS="1651"/>
<String CONTENT="&amp;" HEIGHT="40" WIDTH="37" VPOS="2037" HPOS="1678"/>
<SP HEIGHT="40" WIDTH="25" VPOS="2037" HPOS="1716"/>
<String CONTENT="co.," HEIGHT="37" WIDTH="83" VPOS="2048" HPOS="1742"/>
<SP HEIGHT="48" WIDTH="27" VPOS="2037" HPOS="1826"/>
<String CONTENT="inc." HEIGHT="40" WIDTH="91" VPOS="2037" HPOS="1854"/>
</TextLine>
<TextLine HEIGHT="48" WIDTH="249" VPOS="2093" HPOS="111">
<String CONTENT="(30-4965)" HEIGHT="48" WIDTH="249" VPOS="2093" HPOS="111"/>
</TextLine>
<TextLine HEIGHT="70" WIDTH="1995" VPOS="2195" HPOS="34" STYLEREFS="StyleId-34A8D3A1-8BAE-4E48-BCAC-FEC8FC7A6B95-">
<String CONTENT="American" HEIGHT="54" WIDTH="314" VPOS="2195" HPOS="34"/>
<SP HEIGHT="51" WIDTH="36" VPOS="2198" HPOS="349"/>
<String CONTENT="bankruptcy" HEIGHT="67" WIDTH="363" VPOS="2198" HPOS="386"/>
<SP HEIGHT="48" WIDTH="35" VPOS="2217" HPOS="750"/>
<String CONTENT="reports." HEIGHT="62" WIDTH="236" VPOS="2203" HPOS="786"/>
<SP HEIGHT="51" WIDTH="72" VPOS="2199" HPOS="1023"/>
<String CONTENT="New" HEIGHT="51" WIDTH="139" VPOS="2199" HPOS="1096"/>
<SP HEIGHT="33" WIDTH="36" VPOS="2216" HPOS="1236"/>
<String CONTENT="series," HEIGHT="68" WIDTH="186" VPOS="2197" HPOS="1273"/>
<SP HEIGHT="49" WIDTH="34" VPOS="2216" HPOS="1460"/>
<String CONTENT="cited" HEIGHT="53" WIDTH="148" VPOS="2197" HPOS="1495"/>
<SP HEIGHT="53" WIDTH="36" VPOS="2197" HPOS="1644"/>
<String CONTENT="Am." HEIGHT="53" WIDTH="131" VPOS="2197" HPOS="1681"/>
<SP HEIGHT="51" WIDTH="39" VPOS="2199" HPOS="1813"/>
<String CONTENT="B." HEIGHT="51" WIDTH="66" VPOS="2199" HPOS="1853"/>
<SP HEIGHT="51" WIDTH="39" VPOS="2199" HPOS="1920"/>
<String CONTENT="R." HEIGHT="51" WIDTH="69" VPOS="2199" HPOS="1960"/>
</TextLine>
<TextLine HEIGHT="68" WIDTH="1914" VPOS="2275" HPOS="115" STYLEREFS="StyleId-34A8D3A1-8BAE-4E48-BCAC-FEC8FC7A6B95-">
<String CONTENT="(N." HEIGHT="64" WIDTH="95" VPOS="2276" HPOS="115"/>
<SP HEIGHT="54" WIDTH="48" VPOS="2275" HPOS="211"/>
<String CONTENT="S.)" HEIGHT="67" WIDTH="85" VPOS="2275" HPOS="260"/>
<SP HEIGHT="64" WIDTH="55" VPOS="2278" HPOS="346"/>
<String CONTENT="reporting" HEIGHT="66" WIDTH="297" VPOS="2277" HPOS="402"/>
<SP HEIGHT="62" WIDTH="42" VPOS="2281" HPOS="700"/>
<String CONTENT="the" HEIGHT="51" WIDTH="96" VPOS="2277" HPOS="743"/>
<SP HEIGHT="52" WIDTH="39" VPOS="2277" HPOS="840"/>
<String CONTENT="bankruptcy" HEIGHT="68" WIDTH="361" VPOS="2275" HPOS="880"/>
<SP HEIGHT="65" WIDTH="42" VPOS="2277" HPOS="1242"/>
<String CONTENT="decisions" HEIGHT="54" WIDTH="276" VPOS="2276" HPOS="1285"/>
<SP HEIGHT="35" WIDTH="43" VPOS="2295" HPOS="1562"/>
<String CONTENT="and" HEIGHT="52" WIDTH="113" VPOS="2276" HPOS="1606"/>
<SP HEIGHT="52" WIDTH="45" VPOS="2276" HPOS="1720"/>
<String CONTENT="opinions" HEIGHT="67" WIDTH="263" VPOS="2275" HPOS="1766"/>
</TextLine>
<TextLine HEIGHT="67" WIDTH="1925" VPOS="2353" HPOS="104" STYLEREFS="StyleId-34A8D3A1-8BAE-4E48-BCAC-FEC8FC7A6B95-">
<String CONTENT="in" HEIGHT="52" WIDTH="59" VPOS="2353" HPOS="104"/>
<SP HEIGHT="47" WIDTH="30" VPOS="2358" HPOS="164"/>
<String CONTENT="the" HEIGHT="53" WIDTH="95" VPOS="2353" HPOS="195"/>
<SP HEIGHT="53" WIDTH="31" VPOS="2355" HPOS="291"/>
<String CONTENT="United" HEIGHT="54" WIDTH="216" VPOS="2354" HPOS="323"/>
<SP HEIGHT="55" WIDTH="34" VPOS="2354" HPOS="540"/>
<String CONTENT="States" HEIGHT="55" WIDTH="188" VPOS="2354" HPOS="575"/>
<SP HEIGHT="35" WIDTH="31" VPOS="2374" HPOS="764"/>
<String CONTENT="of" HEIGHT="54" WIDTH="64" VPOS="2353" HPOS="796"/>
<SP HEIGHT="53" WIDTH="29" VPOS="2353" HPOS="861"/>
<String CONTENT="the" HEIGHT="53" WIDTH="95" VPOS="2354" HPOS="891"/>
<SP HEIGHT="53" WIDTH="33" VPOS="2354" HPOS="987"/>
<String CONTENT="federal" HEIGHT="53" WIDTH="220" VPOS="2354" HPOS="1021"/>
<SP HEIGHT="51" WIDTH="33" VPOS="2354" HPOS="1242"/>
<String CONTENT="courts," HEIGHT="61" WIDTH="205" VPOS="2359" HPOS="1276"/>
<SP HEIGHT="46" WIDTH="32" VPOS="2374" HPOS="1482"/>
<String CONTENT="state" HEIGHT="51" WIDTH="144" VPOS="2357" HPOS="1515"/>
<SP HEIGHT="34" WIDTH="33" VPOS="2372" HPOS="1660"/>
<String CONTENT="courts" HEIGHT="47" WIDTH="187" VPOS="2360" HPOS="1694"/>
<SP HEIGHT="34" WIDTH="33" VPOS="2372" HPOS="1882"/>
<String CONTENT="and" HEIGHT="51" WIDTH="113" VPOS="2355" HPOS="1916"/>
</TextLine>
<TextLine HEIGHT="69" WIDTH="1924" VPOS="2429" HPOS="104" STYLEREFS="StyleId-34A8D3A1-8BAE-4E48-BCAC-FEC8FC7A6B95-">
<String CONTENT="referees" HEIGHT="54" WIDTH="240" VPOS="2430" HPOS="104"/>
<SP HEIGHT="51" WIDTH="26" VPOS="2433" HPOS="345"/>
<String CONTENT="in" HEIGHT="51" WIDTH="61" VPOS="2433" HPOS="372"/>
<SP HEIGHT="52" WIDTH="26" VPOS="2432" HPOS="434"/>
<String CONTENT="bankruptcy." HEIGHT="66" WIDTH="378" VPOS="2432" HPOS="461"/>
<SP HEIGHT="51" WIDTH="73" VPOS="2433" HPOS="840"/>
<String CONTENT="Edited" HEIGHT="54" WIDTH="212" VPOS="2431" HPOS="914"/>
<SP HEIGHT="52" WIDTH="27" VPOS="2432" HPOS="1127"/>
<String CONTENT="by" HEIGHT="66" WIDTH="75" VPOS="2432" HPOS="1155"/>
<SP HEIGHT="65" WIDTH="25" VPOS="2433" HPOS="1231"/>
<String CONTENT="Francis" HEIGHT="54" WIDTH="238" VPOS="2431" HPOS="1257"/>
<SP HEIGHT="53" WIDTH="26" VPOS="2432" HPOS="1496"/>
<String CONTENT="Kelliher." HEIGHT="55" WIDTH="277" VPOS="2429" HPOS="1523"/>
<SP HEIGHT="34" WIDTH="62" VPOS="2450" HPOS="1801"/>
<String CONTENT="v." HEIGHT="35" WIDTH="51" VPOS="2450" HPOS="1864"/>
<SP HEIGHT="51" WIDTH="29" VPOS="2434" HPOS="1916"/>
<String CONTENT="29." HEIGHT="51" WIDTH="82" VPOS="2434" HPOS="1946"/>
</TextLine>
<TextLine HEIGHT="67" WIDTH="1928" VPOS="2509" HPOS="103" STYLEREFS="StyleId-34A8D3A1-8BAE-4E48-BCAC-FEC8FC7A6B95-">
<String CONTENT="Albany," HEIGHT="65" WIDTH="247" VPOS="2509" HPOS="103"/>
<SP HEIGHT="64" WIDTH="35" VPOS="2510" HPOS="351"/>
<String CONTENT="N." HEIGHT="52" WIDTH="69" VPOS="2510" HPOS="387"/>
<SP HEIGHT="51" WIDTH="37" VPOS="2511" HPOS="457"/>
<String CONTENT="Y.," HEIGHT="63" WIDTH="90" VPOS="2511" HPOS="495"/>
<SP HEIGHT="64" WIDTH="34" VPOS="2510" HPOS="586"/>
<String CONTENT="Matthew" HEIGHT="52" WIDTH="279" VPOS="2510" HPOS="621"/>
<SP HEIGHT="51" WIDTH="34" VPOS="2510" HPOS="901"/>
<String CONTENT="Bender" HEIGHT="54" WIDTH="225" VPOS="2509" HPOS="936"/>
<SP HEIGHT="50" WIDTH="32" VPOS="2513" HPOS="1162"/>
<String CONTENT="&amp;" HEIGHT="49" WIDTH="46" VPOS="2513" HPOS="1195"/>
<SP HEIGHT="49" WIDTH="35" VPOS="2513" HPOS="1242"/>
<String CONTENT="company," HEIGHT="49" WIDTH="296" VPOS="2527" HPOS="1278"/>
<SP HEIGHT="67" WIDTH="36" VPOS="2509" HPOS="1575"/>
<String CONTENT="incorporated," HEIGHT="67" WIDTH="419" VPOS="2509" HPOS="1612"/>
</TextLine>
<TextLine HEIGHT="51" WIDTH="150" VPOS="2589" HPOS="106" STYLEREFS="StyleId-34A8D3A1-8BAE-4E48-BCAC-FEC8FC7A6B95-">
<String CONTENT="1936." HEIGHT="51" WIDTH="150" VPOS="2589" HPOS="106"/>
</TextLine>
<TextLine HEIGHT="51" WIDTH="437" VPOS="2671" HPOS="100">
<String CONTENT="xv," HEIGHT="38" WIDTH="77" VPOS="2684" HPOS="100"/>
<SP HEIGHT="50" WIDTH="30" VPOS="2672" HPOS="178"/>
<String CONTENT="800" HEIGHT="41" WIDTH="84" VPOS="2672" HPOS="209"/>
<SP HEIGHT="48" WIDTH="25" VPOS="2672" HPOS="294"/>
<String CONTENT="p." HEIGHT="36" WIDTH="42" VPOS="2684" HPOS="320"/>
<SP HEIGHT="41" WIDTH="57" VPOS="2671" HPOS="363"/>
<String CONTENT="24" HEIGHT="40" WIDTH="56" VPOS="2671" HPOS="421"/>
<String STYLE="superscript" CONTENT="cm" HEIGHT="21" WIDTH="44" VPOS="2674" HPOS="479"/>
<String CONTENT="." HEIGHT="8" WIDTH="9" VPOS="2704" HPOS="528"/>
</TextLine>
<TextLine HEIGHT="53" WIDTH="2000" VPOS="2737" HPOS="33">
<String CONTENT="&#169;" HEIGHT="53" WIDTH="51" VPOS="2737" HPOS="33"/>
<SP HEIGHT="53" WIDTH="26" VPOS="2737" HPOS="85"/>
<String CONTENT="Jan." HEIGHT="39" WIDTH="109" VPOS="2742" HPOS="112"/>
<SP HEIGHT="39" WIDTH="26" VPOS="2742" HPOS="222"/>
<String CONTENT="22," HEIGHT="48" WIDTH="69" VPOS="2742" HPOS="249"/>
<SP HEIGHT="47" WIDTH="28" VPOS="2743" HPOS="319"/>
<String CONTENT="1936;" HEIGHT="47" WIDTH="140" VPOS="2742" HPOS="348"/>
<SP HEIGHT="47" WIDTH="29" VPOS="2742" HPOS="489"/>
<String CONTENT="2c." HEIGHT="40" WIDTH="67" VPOS="2742" HPOS="519"/>
<SP HEIGHT="39" WIDTH="29" VPOS="2743" HPOS="587"/>
<String CONTENT="Jan." HEIGHT="40" WIDTH="109" VPOS="2743" HPOS="617"/>
<SP HEIGHT="41" WIDTH="28" VPOS="2742" HPOS="727"/>
<String CONTENT="24;" HEIGHT="47" WIDTH="82" VPOS="2742" HPOS="756"/>
<SP HEIGHT="36" WIDTH="28" VPOS="2753" HPOS="839"/>
<String CONTENT="aff." HEIGHT="41" WIDTH="83" VPOS="2742" HPOS="868"/>
<SP HEIGHT="40" WIDTH="28" VPOS="2743" HPOS="952"/>
<String CONTENT="Jan." HEIGHT="39" WIDTH="108" VPOS="2743" HPOS="981"/>
<SP HEIGHT="39" WIDTH="28" VPOS="2742" HPOS="1090"/>
<String CONTENT="23;" HEIGHT="47" WIDTH="83" VPOS="2742" HPOS="1119"/>
<SP HEIGHT="47" WIDTH="29" VPOS="2742" HPOS="1203"/>
<!-- cceid 9529901A-6E3A-1014-83DD-942C093A1DD9 --><String CONTENT="A" HEIGHT="39" WIDTH="43" VPOS="2742" HPOS="1233"/>
<SP HEIGHT="40" WIDTH="24" VPOS="2741" HPOS="1277"/>
<String CONTENT="90454;" HEIGHT="48" WIDTH="171" VPOS="2741" HPOS="1302"/>
<SP HEIGHT="46" WIDTH="32" VPOS="2743" HPOS="1474"/>
<String CONTENT="Matthew" HEIGHT="39" WIDTH="238" VPOS="2743" HPOS="1507"/>
<SP HEIGHT="39" WIDTH="27" VPOS="2743" HPOS="1746"/>
<String CONTENT="Bender" HEIGHT="39" WIDTH="190" VPOS="2743" HPOS="1774"/>
<SP HEIGHT="40" WIDTH="30" VPOS="2743" HPOS="1965"/>
<String CONTENT="&amp;" HEIGHT="40" WIDTH="37" VPOS="2743" HPOS="1996"/>
</TextLine>
<TextLine HEIGHT="47" WIDTH="201" VPOS="2799" HPOS="103">
<String CONTENT="co.," HEIGHT="37" WIDTH="81" VPOS="2809" HPOS="103"/>
<SP HEIGHT="47" WIDTH="27" VPOS="2799" HPOS="185"/>
<String CONTENT="inc." HEIGHT="41" WIDTH="91" VPOS="2799" HPOS="213"/>
</TextLine>
<TextLine HEIGHT="68" WIDTH="1993" VPOS="2902" HPOS="36" STYLEREFS="StyleId-34A8D3A1-8BAE-4E48-BCAC-FEC8FC7A6B95-" CS="1">
<String CONTENT="American" HEIGHT="54" WIDTH="313" VPOS="2902" HPOS="36"/>
<SP HEIGHT="52" WIDTH="30" VPOS="2904" HPOS="350"/>
<String CONTENT="book-prices" HEIGHT="66" WIDTH="355" VPOS="2904" HPOS="381"/>
<SP HEIGHT="35" WIDTH="30" VPOS="2922" HPOS="737"/>
<String CONTENT="current" HEIGHT="49" WIDTH="228" VPOS="2908" HPOS="768"/>
<SP HEIGHT="48" WIDTH="33" VPOS="2908" HPOS="997"/>
<String CS="1" CONTENT="&#8230;"/>
<SP HEIGHT="54" WIDTH="72" VPOS="2905" HPOS="1087"/>
<String CONTENT="Compiled" HEIGHT="68" WIDTH="298" VPOS="2902" HPOS="1160"/>
<SP HEIGHT="52" WIDTH="31" VPOS="2904" HPOS="1459"/>
<String CONTENT="from" HEIGHT="52" WIDTH="154" VPOS="2904" HPOS="1491"/>
<SP HEIGHT="48" WIDTH="27" VPOS="2908" HPOS="1646"/>
<String CONTENT="the" HEIGHT="52" WIDTH="96" VPOS="2905" HPOS="1674"/>
<SP HEIGHT="34" WIDTH="31" VPOS="2923" HPOS="1771"/>
<String CONTENT="auction" HEIGHT="52" WIDTH="226" VPOS="2905" HPOS="1803"/>
</TextLine>
<TextLine HEIGHT="66" WIDTH="1926" VPOS="2982" HPOS="106" STYLEREFS="StyleId-34A8D3A1-8BAE-4E48-BCAC-FEC8FC7A6B95-" CS="1">
<String CONTENT="catalogues" HEIGHT="66" WIDTH="319" VPOS="2982" HPOS="106"/>
<SP HEIGHT="33" WIDTH="42" VPOS="3001" HPOS="426"/>
<String CONTENT="and" HEIGHT="52" WIDTH="111" VPOS="2982" HPOS="469"/>
<SP HEIGHT="52" WIDTH="41" VPOS="2982" HPOS="581"/>
<String CONTENT="edited" HEIGHT="52" WIDTH="189" VPOS="2982" HPOS="623"/>
<SP HEIGHT="52" WIDTH="39" VPOS="2982" HPOS="813"/>
<String CONTENT="by" HEIGHT="65" WIDTH="75" VPOS="2983" HPOS="853"/>
<SP HEIGHT="64" WIDTH="39" VPOS="2984" HPOS="929"/>
<String CONTENT="Mary" HEIGHT="64" WIDTH="169" VPOS="2984" HPOS="969"/>
<SP HEIGHT="65" WIDTH="40" VPOS="2983" HPOS="1139"/>
<String CONTENT="Houston" HEIGHT="52" WIDTH="267" VPOS="2983" HPOS="1180"/>
<SP HEIGHT="53" WIDTH="38" VPOS="2983" HPOS="1448"/>
<String CONTENT="Warren." HEIGHT="53" WIDTH="261" VPOS="2983" HPOS="1487"/>
<SP HEIGHT="32" WIDTH="83" VPOS="3016" HPOS="1749"/>
<String CS="1" CONTENT="[v." HEIGHT="32" WIDTH="69" VPOS="3016" HPOS="1833"/>
<SP HEIGHT="49" WIDTH="42" VPOS="2985" HPOS="1903"/>
<String CONTENT="41," HEIGHT="61" WIDTH="86" VPOS="2985" HPOS="1946"/>
</TextLine>
<TextLine HEIGHT="65" WIDTH="1333" VPOS="3059" HPOS="108" STYLEREFS="StyleId-34A8D3A1-8BAE-4E48-BCAC-FEC8FC7A6B95-">
<String CONTENT="1935]" HEIGHT="62" WIDTH="150" VPOS="3062" HPOS="108"/>
<SP HEIGHT="65" WIDTH="77" VPOS="3059" HPOS="259"/>
<String CONTENT="New" HEIGHT="52" WIDTH="138" VPOS="3059" HPOS="337"/>
<SP HEIGHT="51" WIDTH="25" VPOS="3061" HPOS="476"/>
<String CONTENT="York," HEIGHT="60" WIDTH="179" VPOS="3059" HPOS="502"/>
<SP HEIGHT="58" WIDTH="25" VPOS="3061" HPOS="682"/>
<String CONTENT="R." HEIGHT="51" WIDTH="66" VPOS="3061" HPOS="708"/>
<SP HEIGHT="51" WIDTH="28" VPOS="3061" HPOS="775"/>
<String CONTENT="R." HEIGHT="51" WIDTH="66" VPOS="3061" HPOS="804"/>
<SP HEIGHT="50" WIDTH="27" VPOS="3062" HPOS="871"/>
<String CONTENT="Bowker" HEIGHT="53" WIDTH="242" VPOS="3059" HPOS="899"/>
<SP HEIGHT="33" WIDTH="24" VPOS="3078" HPOS="1142"/>
<String CONTENT="co.," HEIGHT="39" WIDTH="98" VPOS="3078" HPOS="1167"/>
<SP HEIGHT="52" WIDTH="27" VPOS="3065" HPOS="1266"/>
<String CONTENT="1936." HEIGHT="50" WIDTH="147" VPOS="3062" HPOS="1294"/>
</TextLine>
<TextLine HEIGHT="48" WIDTH="393" VPOS="3144" HPOS="169" CS="1">
<String CS="1" CONTENT="xv," HEIGHT="15" WIDTH="8" VPOS="3176" HPOS="169"/>
<SP HEIGHT="47" WIDTH="27" VPOS="3144" HPOS="178"/>
<String CONTENT="677" HEIGHT="40" WIDTH="85" VPOS="3144" HPOS="206"/>
<SP HEIGHT="47" WIDTH="26" VPOS="3145" HPOS="292"/>
<String CONTENT="p." HEIGHT="37" WIDTH="42" VPOS="3155" HPOS="319"/>
<SP HEIGHT="39" WIDTH="54" VPOS="3144" HPOS="362"/>
<String CS="1" CONTENT="22&#189;c" HEIGHT="38" WIDTH="56" VPOS="3144" HPOS="417"/>
<String STYLE="superscript" CONTENT="m" HEIGHT="20" WIDTH="28" VPOS="3147" HPOS="521"/>
<String CONTENT="." HEIGHT="8" WIDTH="8" VPOS="3175" HPOS="554"/>
</TextLine>
<TextLine HEIGHT="109" WIDTH="1982" VPOS="3210" HPOS="34" CS="1">
<String CONTENT="&#169;" HEIGHT="52" WIDTH="52" VPOS="3210" HPOS="34"/>
<SP HEIGHT="52" WIDTH="25" VPOS="3210" HPOS="87"/>
<String CONTENT="Jan." HEIGHT="40" WIDTH="109" VPOS="3215" HPOS="113"/>
<SP HEIGHT="40" WIDTH="27" VPOS="3215" HPOS="223"/>
<String CONTENT="6," HEIGHT="47" WIDTH="38" VPOS="3215" HPOS="251"/>
<SP HEIGHT="46" WIDTH="26" VPOS="3216" HPOS="290"/>
<String CS="1" CONTENT="1936;"/>
<SP HEIGHT="41" WIDTH="29" VPOS="3215" HPOS="458"/>
<String CONTENT="2c." HEIGHT="41" WIDTH="66" VPOS="3215" HPOS="488"/>
<SP HEIGHT="30" WIDTH="27" VPOS="3226" HPOS="555"/>
<String CONTENT="and" HEIGHT="39" WIDTH="96" VPOS="3216" HPOS="583"/>
<SP HEIGHT="39" WIDTH="26" VPOS="3216" HPOS="680"/>
<String CONTENT="aff." HEIGHT="40" WIDTH="82" VPOS="3215" HPOS="707"/>
<SP HEIGHT="39" WIDTH="28" VPOS="3216" HPOS="790"/>
<String CONTENT="Jan." HEIGHT="39" WIDTH="110" VPOS="3216" HPOS="819"/>
<SP HEIGHT="39" WIDTH="25" VPOS="3216" HPOS="930"/>
<String CONTENT="11;" HEIGHT="46" WIDTH="82" VPOS="3216" HPOS="956"/>
<SP HEIGHT="46" WIDTH="26" VPOS="3216" HPOS="1039"/>
<!-- cceid 952A4CA0-6E3A-1014-83DD-942C093A1DD9 --><String CONTENT="A" HEIGHT="38" WIDTH="41" VPOS="3216" HPOS="1066"/>
<SP HEIGHT="40" WIDTH="23" VPOS="3214" HPOS="1108"/>
<String CONTENT="91177;" HEIGHT="48" WIDTH="171" VPOS="3214" HPOS="1132"/>
<SP HEIGHT="47" WIDTH="31" VPOS="3215" HPOS="1304"/>
<String CONTENT="R." HEIGHT="40" WIDTH="55" VPOS="3215" HPOS="1336"/>
<SP HEIGHT="40" WIDTH="27" VPOS="3215" HPOS="1392"/>
<String CONTENT="R." HEIGHT="39" WIDTH="55" VPOS="3215" HPOS="1420"/>
<SP HEIGHT="38" WIDTH="28" VPOS="3216" HPOS="1476"/>
<String CONTENT="Bowker" HEIGHT="40" WIDTH="206" VPOS="3215" HPOS="1505"/>
<SP HEIGHT="30" WIDTH="26" VPOS="3225" HPOS="1712"/>
<String CONTENT="co." HEIGHT="31" WIDTH="68" VPOS="3224" HPOS="1739"/>
<SP HEIGHT="29" WIDTH="59" VPOS="3235" HPOS="1808"/>
<String CONTENT="[Copyright" HEIGHT="104" WIDTH="1912" VPOS="3215" HPOS="104"/>
<SP HEIGHT="40" WIDTH="24" VPOS="3271" HPOS="234"/>
<String CONTENT="is" HEIGHT="40" WIDTH="42" VPOS="3271" HPOS="259"/>
<SP HEIGHT="28" WIDTH="26" VPOS="3283" HPOS="302"/>
<String CONTENT="claimed" HEIGHT="40" WIDTH="204" VPOS="3272" HPOS="329"/>
</TextLine>
<TextLine HEIGHT="50" WIDTH="825" VPOS="3271" HPOS="560" CS="1">
<String CONTENT="on" HEIGHT="29" WIDTH="62" VPOS="3283" HPOS="560"/>
<SP/>
<String CONTENT="revision" HEIGHT="41" WIDTH="210" VPOS="3271" HPOS="649"/>
<SP HEIGHT="29" WIDTH="28" VPOS="3282" HPOS="860"/>
<String CONTENT="and" HEIGHT="38" WIDTH="94" VPOS="3274" HPOS="889"/>
<SP HEIGHT="38" WIDTH="27" VPOS="3274" HPOS="984"/>
<String CONTENT="new" HEIGHT="29" WIDTH="106" VPOS="3283" HPOS="1012"/>
<SP HEIGHT="29" WIDTH="22" VPOS="3283" HPOS="1119"/>
<String CONTENT="material]" HEIGHT="49" WIDTH="243" VPOS="3272" HPOS="1142"/>
</TextLine>
<TextLine HEIGHT="65" WIDTH="1290" VPOS="3373" HPOS="37" STYLEREFS="StyleId-20BC5E5F-D9A4-4A8F-9486-88497BAC7E21-">
<String CONTENT="American" HEIGHT="54" WIDTH="313" VPOS="3373" HPOS="37"/>
<SP HEIGHT="36" WIDTH="24" VPOS="3392" HPOS="351"/>
<String CONTENT="society" HEIGHT="64" WIDTH="225" VPOS="3374" HPOS="376"/>
<SP HEIGHT="63" WIDTH="24" VPOS="3375" HPOS="602"/>
<String CONTENT="for" HEIGHT="52" WIDTH="97" VPOS="3375" HPOS="627"/>
<SP HEIGHT="48" WIDTH="25" VPOS="3378" HPOS="725"/>
<String CONTENT="testing" HEIGHT="63" WIDTH="227" VPOS="3375" HPOS="751"/>
<SP HEIGHT="46" WIDTH="23" VPOS="3392" HPOS="979"/>
<String CONTENT="materials." HEIGHT="54" WIDTH="324" VPOS="3375" HPOS="1003"/>
</TextLine>
<TextLine HEIGHT="68" WIDTH="1863" VPOS="3450" HPOS="168" STYLEREFS="StyleId-34A8D3A1-8BAE-4E48-BCAC-FEC8FC7A6B95-" CS="1">
<String CS="1" CONTENT="&#8230;"/>
<SP HEIGHT="51" WIDTH="46" VPOS="3453" HPOS="168"/>
<String CONTENT="Proceedings" HEIGHT="68" WIDTH="378" VPOS="3450" HPOS="215"/>
<SP HEIGHT="36" WIDTH="43" VPOS="3469" HPOS="594"/>
<String CONTENT="of" HEIGHT="51" WIDTH="62" VPOS="3452" HPOS="638"/>
<SP HEIGHT="51" WIDTH="41" VPOS="3452" HPOS="701"/>
<String CONTENT="the" HEIGHT="51" WIDTH="95" VPOS="3452" HPOS="743"/>
<SP HEIGHT="47" WIDTH="41" VPOS="3457" HPOS="839"/>
<String CONTENT="thirty-eighth" HEIGHT="66" WIDTH="411" VPOS="3452" HPOS="881"/>
<SP HEIGHT="52" WIDTH="41" VPOS="3452" HPOS="1293"/>
<String CONTENT="annual" HEIGHT="54" WIDTH="210" VPOS="3450" HPOS="1335"/>
<SP HEIGHT="54" WIDTH="43" VPOS="3450" HPOS="1546"/>
<String CONTENT="meeting," HEIGHT="67" WIDTH="265" VPOS="3451" HPOS="1590"/>
<SP HEIGHT="66" WIDTH="39" VPOS="3452" HPOS="1856"/>
<String CONTENT="held" HEIGHT="54" WIDTH="135" VPOS="3451" HPOS="1896"/>
</TextLine>
<TextLine HEIGHT="69" WIDTH="1927" VPOS="3528" HPOS="41" STYLEREFS="StyleId-34A8D3A1-8BAE-4E48-BCAC-FEC8FC7A6B95-" CS="1">
<String CONTENT="at" HEIGHT="47" WIDTH="56" VPOS="3533" HPOS="41"/>
<SP HEIGHT="52" WIDTH="33" VPOS="3529" HPOS="98"/>
<String CONTENT="Detroit," HEIGHT="58" WIDTH="244" VPOS="3528" HPOS="132"/>
<SP HEIGHT="55" WIDTH="33" VPOS="3531" HPOS="377"/>
<String CONTENT="Mich.," HEIGHT="57" WIDTH="192" VPOS="3529" HPOS="411"/>
<SP HEIGHT="54" WIDTH="33" VPOS="3532" HPOS="604"/>
<String CONTENT="June" HEIGHT="53" WIDTH="152" VPOS="3532" HPOS="638"/>
<SP HEIGHT="51" WIDTH="34" VPOS="3532" HPOS="791"/>
<String CONTENT="24-28," HEIGHT="64" WIDTH="188" VPOS="3532" HPOS="826"/>
<SP HEIGHT="63" WIDTH="35" VPOS="3533" HPOS="1015"/>
<String CONTENT="1935." HEIGHT="51" WIDTH="149" VPOS="3532" HPOS="1051"/>
<SP HEIGHT="36" WIDTH="68" VPOS="3547" HPOS="1201"/>
<String CONTENT="volume" HEIGHT="54" WIDTH="223" VPOS="3529" HPOS="1270"/>
<SP HEIGHT="50" WIDTH="33" VPOS="3533" HPOS="1494"/>
<String CONTENT="35." HEIGHT="50" WIDTH="83" VPOS="3533" HPOS="1528"/>
<SP HEIGHT="48" WIDTH="67" VPOS="3549" HPOS="1612"/>
<String CONTENT="pts." HEIGHT="64" WIDTH="109" VPOS="3533" HPOS="1680"/>
<SP HEIGHT="52" WIDTH="38" VPOS="3532" HPOS="1790"/>
<String CONTENT="1-2" HEIGHT="50" WIDTH="99" VPOS="3532" HPOS="1829"/>
<SP HEIGHT="51" WIDTH="39" VPOS="3532" HPOS="1929"/>
<String CS="1" CONTENT="&#8230;"/>
</TextLine>
<TextLine HEIGHT="68" WIDTH="1993" VPOS="3606" HPOS="39" STYLEREFS="StyleId-34A8D3A1-8BAE-4E48-BCAC-FEC8FC7A6B95-">
<String CONTENT="Philadelphia," HEIGHT="67" WIDTH="421" VPOS="3606" HPOS="39"/>
<SP HEIGHT="54" WIDTH="54" VPOS="3609" HPOS="461"/>
<String CONTENT="Pa.," HEIGHT="51" WIDTH="120" VPOS="3609" HPOS="516"/>
<SP HEIGHT="52" WIDTH="56" VPOS="3608" HPOS="637"/>
<String CONTENT="American" HEIGHT="53" WIDTH="304" VPOS="3607" HPOS="694"/>
<SP HEIGHT="35" WIDTH="54" VPOS="3626" HPOS="999"/>
<String CONTENT="society" HEIGHT="66" WIDTH="210" VPOS="3608" HPOS="1054"/>
<SP HEIGHT="66" WIDTH="56" VPOS="3608" HPOS="1265"/>
<String CONTENT="for" HEIGHT="52" WIDTH="93" VPOS="3608" HPOS="1322"/>
<SP HEIGHT="47" WIDTH="55" VPOS="3612" HPOS="1416"/>
<String CONTENT="testing" HEIGHT="67" WIDTH="213" VPOS="3607" HPOS="1472"/>
<SP HEIGHT="48" WIDTH="53" VPOS="3626" HPOS="1686"/>
<String CONTENT="materials" HEIGHT="54" WIDTH="292" VPOS="3608" HPOS="1740"/>
</TextLine>
<TextLine HEIGHT="63" WIDTH="188" VPOS="3687" HPOS="45" STYLEREFS="StyleId-34A8D3A1-8BAE-4E48-BCAC-FEC8FC7A6B95-" CS="1">
<String STYLE="subscript" CS="1" CONTENT="[c" HEIGHT="32" WIDTH="12" VPOS="3716" HPOS="45"/>
<String CONTENT="1935" HEIGHT="49" WIDTH="131" VPOS="3687" HPOS="84"/>
<String STYLE="subscript" CONTENT="]" HEIGHT="33" WIDTH="12" VPOS="3717" HPOS="221"/>
</TextLine>
<TextLine HEIGHT="49" WIDTH="1478" VPOS="3769" HPOS="105">
<String CONTENT="2" HEIGHT="38" WIDTH="27" VPOS="3769" HPOS="105"/>
<SP HEIGHT="39" WIDTH="25" VPOS="3769" HPOS="133"/>
<String CONTENT="v." HEIGHT="28" WIDTH="43" VPOS="3781" HPOS="159"/>
<SP HEIGHT="40" WIDTH="53" VPOS="3769" HPOS="203"/>
<String CONTENT="illus.." HEIGHT="43" WIDTH="142" VPOS="3769" HPOS="257"/>
<SP HEIGHT="43" WIDTH="30" VPOS="3769" HPOS="400"/>
<String CONTENT="diagrs." HEIGHT="46" WIDTH="176" VPOS="3769" HPOS="431"/>
<SP HEIGHT="45" WIDTH="29" VPOS="3770" HPOS="608"/>
<String CONTENT="(1" HEIGHT="45" WIDTH="40" VPOS="3770" HPOS="638"/>
<SP HEIGHT="37" WIDTH="34" VPOS="3771" HPOS="679"/>
<String CONTENT="fold.)" HEIGHT="47" WIDTH="144" VPOS="3771" HPOS="714"/>
<SP HEIGHT="45" WIDTH="37" VPOS="3773" HPOS="859"/>
<String CONTENT="tables" HEIGHT="40" WIDTH="154" VPOS="3771" HPOS="897"/>
<SP HEIGHT="47" WIDTH="40" VPOS="3771" HPOS="1052"/>
<String CONTENT="(part" HEIGHT="47" WIDTH="133" VPOS="3771" HPOS="1093"/>
<SP HEIGHT="39" WIDTH="28" VPOS="3771" HPOS="1227"/>
<String CONTENT="fold.)" HEIGHT="46" WIDTH="143" VPOS="3771" HPOS="1256"/>
<SP HEIGHT="47" WIDTH="65" VPOS="3770" HPOS="1400"/>
<String CONTENT="23" HEIGHT="40" WIDTH="55" VPOS="3770" HPOS="1466"/>
<String STYLE="superscript" CONTENT="cm" HEIGHT="21" WIDTH="43" VPOS="3772" HPOS="1525"/>
<String CONTENT="." HEIGHT="8" WIDTH="9" VPOS="3802" HPOS="1574"/>
</TextLine>
<TextLine HEIGHT="96" WIDTH="1979" VPOS="3839" HPOS="37" CS="1">
<String CS="1" CONTENT="CONTENTS."/>
<SP HEIGHT="17" WIDTH="1" VPOS="3862" HPOS="377"/>
<String CONTENT="&#8212;pt." HEIGHT="48" WIDTH="133" VPOS="3840" HPOS="379"/>
<SP HEIGHT="33" WIDTH="19" VPOS="3846" HPOS="513"/>
<String CS="1" CONTENT="I." HEIGHT="10" WIDTH="10" VPOS="3869" HPOS="556"/>
<SP HEIGHT="40" WIDTH="23" VPOS="3840" HPOS="567"/>
<String CONTENT="Committee" HEIGHT="42" WIDTH="289" VPOS="3839" HPOS="591"/>
<SP HEIGHT="29" WIDTH="20" VPOS="3851" HPOS="881"/>
<String CONTENT="reports;" HEIGHT="46" WIDTH="216" VPOS="3842" HPOS="902"/>
<SP HEIGHT="35" WIDTH="24" VPOS="3852" HPOS="1119"/>
<String CONTENT="new" HEIGHT="29" WIDTH="108" VPOS="3851" HPOS="1144"/>
<SP HEIGHT="28" WIDTH="22" VPOS="3851" HPOS="1253"/>
<String CONTENT="and" HEIGHT="38" WIDTH="93" VPOS="3842" HPOS="1276"/>
<SP HEIGHT="38" WIDTH="24" VPOS="3842" HPOS="1370"/>
<String CONTENT="revised" HEIGHT="41" WIDTH="190" VPOS="3840" HPOS="1395"/>
<SP HEIGHT="40" WIDTH="22" VPOS="3841" HPOS="1586"/>
<String CONTENT="tentative" HEIGHT="42" WIDTH="240" VPOS="3839" HPOS="1609"/>
<SP HEIGHT="30" WIDTH="21" VPOS="3851" HPOS="1850"/>
<String CS="1" CONTENT="standards;" HEIGHT="96" WIDTH="1979" VPOS="3839" HPOS="37"/>
</TextLine>
<TextLine HEIGHT="50" WIDTH="1589" VPOS="3896" HPOS="202">
<String CONTENT="tentative" HEIGHT="39" WIDTH="237" VPOS="3897" HPOS="202"/>
<SP HEIGHT="28" WIDTH="24" VPOS="3908" HPOS="440"/>
<String CONTENT="revisions" HEIGHT="39" WIDTH="236" VPOS="3897" HPOS="465"/>
<SP HEIGHT="27" WIDTH="24" VPOS="3908" HPOS="702"/>
<String CONTENT="of" HEIGHT="39" WIDTH="51" VPOS="3896" HPOS="727"/>
<SP HEIGHT="40" WIDTH="23" VPOS="3896" HPOS="779"/>
<String CONTENT="standards.&#8212;pt." HEIGHT="48" WIDTH="410" VPOS="3898" HPOS="803"/>
<SP HEIGHT="33" WIDTH="23" VPOS="3904" HPOS="1214"/>
<String CONTENT="II." HEIGHT="33" WIDTH="54" VPOS="3904" HPOS="1238"/>
<SP HEIGHT="39" WIDTH="24" VPOS="3898" HPOS="1293"/>
<String CONTENT="Technical" HEIGHT="40" WIDTH="263" VPOS="3898" HPOS="1318"/>
<SP HEIGHT="47" WIDTH="19" VPOS="3899" HPOS="1582"/>
<String CONTENT="papers." HEIGHT="39" WIDTH="189" VPOS="3907" HPOS="1602"/>
</TextLine>
<TextLine HEIGHT="57" WIDTH="1993" VPOS="3959" HPOS="39">
<String CONTENT="&#169;" HEIGHT="53" WIDTH="51" VPOS="3959" HPOS="39"/>
<SP HEIGHT="53" WIDTH="20" VPOS="3959" HPOS="91"/>
<String CONTENT="Dec." HEIGHT="40" WIDTH="109" VPOS="3965" HPOS="112"/>
<SP HEIGHT="38" WIDTH="23" VPOS="3966" HPOS="222"/>
<String CONTENT="23," HEIGHT="47" WIDTH="69" VPOS="3966" HPOS="246"/>
<SP HEIGHT="46" WIDTH="22" VPOS="3967" HPOS="316"/>
<String CONTENT="1935;" HEIGHT="48" WIDTH="139" VPOS="3965" HPOS="339"/>
<SP HEIGHT="46" WIDTH="22" VPOS="3967" HPOS="479"/>
<String CONTENT="2c." HEIGHT="40" WIDTH="66" VPOS="3967" HPOS="502"/>
<SP HEIGHT="30" WIDTH="23" VPOS="3977" HPOS="569"/>
<String CONTENT="each" HEIGHT="39" WIDTH="118" VPOS="3967" HPOS="593"/>
<SP HEIGHT="38" WIDTH="23" VPOS="3967" HPOS="712"/>
<String CONTENT="Jan." HEIGHT="39" WIDTH="109" VPOS="3967" HPOS="736"/>
<SP HEIGHT="40" WIDTH="23" VPOS="3966" HPOS="846"/>
<String CONTENT="8," HEIGHT="48" WIDTH="39" VPOS="3966" HPOS="870"/>
<SP HEIGHT="46" WIDTH="22" VPOS="3968" HPOS="910"/>
<String CONTENT="1936;" HEIGHT="46" WIDTH="140" VPOS="3967" HPOS="933"/>
<SP HEIGHT="35" WIDTH="26" VPOS="3978" HPOS="1074"/>
<String CONTENT="aff." HEIGHT="39" WIDTH="80" VPOS="3967" HPOS="1101"/>
<SP HEIGHT="38" WIDTH="25" VPOS="3968" HPOS="1182"/>
<String CONTENT="Dec." HEIGHT="40" WIDTH="112" VPOS="3968" HPOS="1208"/>
<SP HEIGHT="41" WIDTH="22" VPOS="3967" HPOS="1321"/>
<String CONTENT="27," HEIGHT="48" WIDTH="71" VPOS="3967" HPOS="1344"/>
<SP HEIGHT="47" WIDTH="23" VPOS="3968" HPOS="1416"/>
<String CONTENT="1935;" HEIGHT="50" WIDTH="141" VPOS="3966" HPOS="1440"/>
<SP HEIGHT="48" WIDTH="25" VPOS="3968" HPOS="1582"/>
<!-- cceid 952B0E70-6E3A-1014-83DD-942C093A1DD9 --><String CONTENT="A" HEIGHT="38" WIDTH="41" VPOS="3968" HPOS="1608"/>
<SP HEIGHT="41" WIDTH="22" VPOS="3966" HPOS="1650"/>
<String CONTENT="90244:" HEIGHT="42" WIDTH="171" VPOS="3966" HPOS="1673"/>
<SP HEIGHT="40" WIDTH="28" VPOS="3968" HPOS="1845"/>
<String CONTENT="Amer." HEIGHT="41" WIDTH="158" VPOS="3968" HPOS="1874"/>
</TextLine>
<TextLine HEIGHT="48" WIDTH="706" VPOS="4023" HPOS="108" CS="1">
<String CONTENT="soc." HEIGHT="31" WIDTH="91" VPOS="4031" HPOS="108"/>
<SP HEIGHT="39" WIDTH="28" VPOS="4023" HPOS="200"/>
<String CONTENT="for" HEIGHT="39" WIDTH="79" VPOS="4023" HPOS="229"/>
<SP HEIGHT="37" WIDTH="28" VPOS="4026" HPOS="309"/>
<String CONTENT="testing" HEIGHT="47" WIDTH="181" VPOS="4024" HPOS="338"/>
<SP/>
<String CONTENT="materials." HEIGHT="41" WIDTH="266" VPOS="4023" HPOS="548"/>
</TextLine>
</TextBlock>
</PrintSpace>
</Page>
</Layout>
</alto>