2519 4377
1340 4159 135 51 1236

385 466 186 66 Buell,
595 466 259 56 William
882 470 81 62 C.,
988 470 73 65 jr.

383 543 2033 155 The open-hearth furnace; its design, construction and practice, by William C. Buell, jr. … volume 1. Cleveland, O.,
385 703 123 52 The
534 704 225 52 Penton
787 702 340 70 publishing
1152 723 99 48 co.,
1281 709 151 51 1936.

459 776 64 48 xi,
557 776 71 50 [1],
656 775 87 42 276
770 787 45 37 p.
873 776 129 40 illus.
1033 776 134 49 (incl.
1196 778 169 49 plans)
1405 778 172 50 tables,
1605 779 182 49 diagrs.
1844 779 149 43 23½cm.

461 831 161 40 Based
662 841 61 30 on
764 833 83 39 the
886 831 221 41 author’s
1148 832 153 42 series
1340 833 52 41 of
1432 834 201 42 articles
1673 836 206 41 entitled
1921 836 313 50 “Improving
389 849 2025 79 open-hearth
605 887 200 49 design”
845 889 257 48 published
1143 890 48 40 in
1232 891 83 41 the
1352 891 256 49 magazine
1646 893 130 41 Steel
1815 893 129 41 from
1987 894 103 42 Oct.
2131 895 41 46 3,
2241 895 85 41 1932
2365 900 49 39 to

390 945 111 41 Dec.
531 945 71 50 23,
631 944 131 42 1935.
826 946 63 50 cf.
919 946 132 43 Pref.

389 1002 54 53 ©
471 1007 129 40 June
629 1006 69 49 12,
729 1006 141 48 1936;
902 1008 69 41 2c.
1002 1008 97 40 and
1128 1009 84 41 aff.
1243 1009 130 40 June
1401 1010 83 46 17;
1516 1010 44 39 A
1586 1009 174 49 96125;
1794 1011 188 41 Penton
2010 1012 110 48 pub.
2150 1022 67 30 co.

470 1064 285 50 (36-19287)

388 1169 306 67 Burbank,
726 1170 218 54 Nelson
969 1171 66 57 L.

463 1245 1837 72 Carpentry and joinery work, by Nelson L. Burbank …
392 1325 138 53 New
575 1326 181 65 York,
799 1325 311 54 American
1149 1325 228 54 builder
1419 1325 340 72 publishing
1800 1328 368 69 corporation
2217 1332 193 66 [c1936]

461 1407 43 37 V,
538 1396 148 42 6-280
714 1408 43 37 p.
820 1398 128 40 illus.
979 1397 135 49 (incl.
1147 1398 166 49 plans)
1353 1400 181 48 diagrs.
1595 1400 118 44 29cm.

464 1455 228 40 Includes
727 1454 396 49 bibliographies.

391 1510 53 54 ©
470 1515 120 46 Aug.
621 1516 70 43 11,
717 1514 116 41 1936;
889 1516 68 40 2c.
985 1516 120 47 Aug.
1134 1516 83 47 21;
1249 1516 82 41 aff.
1361 1516 121 48 Aug.
1511 1517 82 47 15;
1625 1517 40 39 A
1693 1517 172 48 97470;
1897 1518 161 41 Amer.
2087 1518 192 41 builder
2306 1519 112 48 pub.

461 1583 129 39 corp.
659 1572 283 50 (36-19291)

389 1680 349 55 California.
813 1682 281 65 Supreme
1128 1688 176 48 court.

461 1760 1957 69 Reports of cases determined … December 30, 1935, to March
389 1842 84 61 31,
520 1841 152 50 1936.
767 1838 315 67 Randolph
1127 1840 70 52 V.
1241 1839 289 67 Whiting,
1573 1844 276 63 reporter,
1942 1840 228 53 volume
2216 1846 29 48 5
2279 1840 129 68 (2d)

392 1918 117 55 San
538 1918 327 64 Francisco,
894 1917 551 55 Bancroft-Whitney
1511 1936 301 50 company,
1842 1922 151 50 1936.

462 1989 186 49 xxxvii,
681 1989 86 42 915
797 2001 45 37 p.
901 1990 117 41 23cm.

462 2048 74 41 On
564 2058 144 30 cover
726 2059 8 29 :
765 2047 62 41 2d
856 2047 166 41 series.

394 2102 53 53 ©
478 2107 122 45 Aug.
630 2107 70 47 31,
730 2104 115 42 1936;
909 2105 67 40 2c.
1010 2106 97 40 and
1140 2105 81 41 aff.
1260 2106 129 48 Sept.
1422 2105 56 41 10;
1540 2106 43 40 A
1614 2105 149 43 98310;
1822 2106 495 48 Bancroft-Whitney
2350 2117 69 30 co.

394 2226 347 68 Callaghan,
767 2226 247 67 Morley,
1043 2231 174 52 1903-

394 2305 1998 150 Now that April’s here and other stories, by Morley Callaghan. New York, Random house [c1936]
466 2460 89 42 316
583 2470 43 39 p.
687 2460 118 41 21cm.

395 2514 53 54 ©
482 2519 129 47 Sept.
645 2519 70 46 11,
748 2518 120 40 1936;
925 2518 67 40 2c.
1029 2518 130 48 Sept.
1192 2518 83 46 16;
1311 2517 83 41 aff.
1431 2518 128 47 Sept.
1594 2518 83 47 15;
1712 2517 43 40 A
1787 2516 172 48 97854;
1998 2516 221 40 Random
2253 2516 167 45 house,

467 2576 91 41 inc.
627 2575 284 48 (36-19250)

395 2681 231 65 Carter,
656 2680 251 56 Charles
934 2678 305 67 Franklin,
1272 2686 174 50 1890-

395 2753 2022 151 Microbiology and pathology for nurses, by Charles F. Carter … with 138 text illustrations and 14 color plates. St. Louis,
397 2914 122 54 The
547 2915 62 55 C.
637 2916 70 53 V.
733 2914 207 71 Mosby
966 2932 302 52 company,
1297 2917 152 52 1936.

468 2986 1241 51 viii, 682 p. illus., xiv col. pl., diagrs. 22½ cm .
470 3045 131 42 “The
624 3046 110 41 first
757 3048 115 46 part
898 3046 53 40 of
976 3045 100 42 this
1102 3046 137 48 book,
1266 3046 158 40 which
1454 3045 137 41 deals
1620 3044 123 41 with
1767 3043 359 49 microbiology,
2156 3043 42 41 is
2227 3054 62 30 an
400 3045 2001 104 outgrowth
618 3104 55 40 of
697 3103 344 50 Bacteriology
1070 3103 80 41 for
1174 3113 176 31 nurses
1376 3102 199 42 written
1603 3102 63 47 by
1690 3112 75 31 me
1792 3102 51 40 in
1872 3100 354 42 1928.”—Pref.

469 3159 353 43 “References”
850 3162 54 40 at
927 3162 95 40 end
1048 3160 53 41 of
1123 3162 129 40 most
1276 3161 54 40 of
1354 3160 83 41 the
1463 3160 242 48 chapters.

400 3215 53 53 ©
481 3221 121 45 Aug.
632 3221 39 44 7,
702 3219 115 41 1936;
876 3220 69 40 2c.
975 3220 120 47 Aug.
1127 3220 59 40 17;
1242 3219 82 40 aff.
1355 3219 121 47 Aug.
1507 3217 55 41 19;
1622 3219 44 39 A
1693 3217 149 42 96990;
1899 3218 50 41 C.
1981 3219 54 40 V.
2068 3217 171 48 Mosby
2269 3227 67 32 co.

479 3277 284 49 (36-19393)

398 3367 328 65 Chapman,
753 3368 209 64 Henry
988 3366 216 66 Smith,
1236 3369 173 54 1871-

473 3444 247 69 History
774 3444 64 54 of
890 3445 379 64 Winchester,
1320 3443 465 67 Massachusetts,
1836 3442 76 68 by
1968 3441 205 68 Henry
2230 3438 189 56 Smith

401 3518 2016 74 Chapman; drawings by W. H. W. Bicknell … [Winchester,
398 3601 191 68 Mass.]
630 3600 318 55 Published
980 3601 75 68 by
1089 3601 97 53 the
1219 3605 156 49 town
1408 3600 65 54 of
1505 3599 378 66 Winchester,
1918 3601 151 51 1936.

507 3704 9 14 x,
548 3673 88 41 396
669 3684 44 37 p.
774 3674 87 39 col.
892 3673 165 47 front.,
1093 3673 144 45 illus.,
1269 3673 172 49 plates,
1476 3675 164 45 ports.,
1672 3671 120 41 fold.
1826 3682 153 38 maps.
2040 3671 116 40 24cm.

402 3729 54 53 ©
495 3734 127 47 Sept.
662 3734 39 41 2,
740 3732 141 48 1936;
919 3732 67 40 2c.
1028 3733 128 47 Sept.
1193 3733 54 45 4;
1288 3732 81 40 aff.
1413 3732 128 47 Sept.
1580 3730 53 48 9;
1674 3731 40 39 A
1752 3730 171 47 97696;
1965 3731 61 39 H.
2069 3731 44 40 S.
2153 3729 267 47 Chapman,

471 3790 163 40 Beach
668 3790 147 49 Bluff,
850 3791 148 40 Mass.
1070 3788 282 50 (36-19413)

404 3878 269 69 [Clotilde
699 3879 250 68 Angela,
975 3880 184 68 sister]
1193 3885 173 50 1895-

472 3959 301 54 Ursulines
801 3958 65 54 of
891 3960 96 52 the
1013 3960 178 64 West,
1221 3961 330 63 1535-1935,
1581 3960 328 63 1880-1935,
1935 3955 77 68 by
2042 3973 73 34 an
2144 3952 274 57 Ursuline

399 4035 64 54 of
489 4037 95 54 the
610 4038 227 55 Roman
862 4037 194 55 union.
1139 4038 274 67 [Everett,
1437 4036 216 67 Wash.]
1687 4038 174 50 c1936.
