2519 4377
1374 4092 133 53 1796

419 400 85 53 De
531 401 303 65 Casseres,
861 401 340 65 Benjamin,
1230 405 172 54 1873-

489 478 33 52 1
545 478 178 53 dance
748 477 140 54 with
911 478 318 68 Nietzsche,
1250 480 76 68 by
1351 480 310 68 Benjamin
1684 480 372 56 DeCasseres.
2117 482 140 54 New
2281 482 165 54 York

419 555 1792 73 city, B. DeCasseres at the Blackstone publishers [ c 1936]
490 644 653 52 3 p. l., [9]-53 p. 19 ½ cm.
492 716 74 42 On
597 727 144 30 cover:
803 717 137 40 Book
971 727 76 31 no.
1080 717 71 41 10.

421 785 52 53 ©
512 789 102 40 Oct.
651 787 71 48 25,
760 787 142 43 1936;
942 787 69 42 2c.
1048 789 104 40 Oct.
1190 788 82 48 30;
1314 789 80 39 aff.
1436 789 103 42 Oct.
1577 788 83 49 29;
1700 790 43 39 A
1779 789 172 49 99654;
1995 792 54 39 B.
2089 792 73 40 De
2200 791 244 48 Casseres,

492 847 119 38 New
635 846 148 40 York.
854 844 283 50 (36-34826)

424 950 267 67 [Deprat,
720 949 257 67 Jacques]
1034 956 330 51 1880-1935.

550 1018 1888 79 … La paroi de glace. Paris, Les Éditions de France [1936]
489 1113 682 50 2 p. l. , 258 p., 1 l. 18½cm.
489 1185 235 42 Author’s
749 1188 183 47 pseud.,
959 1186 213 43 Herbert
1200 1186 144 49 Wild,
1372 1188 54 40 at
1451 1187 126 41 head
1604 1186 54 42 of
1680 1186 124 44 title.

491 1242 73 42 On
594 1254 169 31 cover;
796 1243 204 42 Roman.

420 1316 1916 58 © July 10, 1936; 1c. Oct. 22: A-Foreign 33193; Éditions de France.
504 1380 285 50 (36-36206)

421 1487 201 63 Dowd,
652 1487 205 54 James
885 1488 93 64 H.,
1010 1506 179 48 comp,
1221 1488 116 52 and
1363 1488 151 53 illus.

495 1564 350 70 Childhood,
869 1566 76 67 by
969 1569 56 54 J.
1050 1567 78 53 H.
1157 1567 206 67 Dowd,
1389 1567 140 53 with
1555 1566 242 55 selected
1825 1584 211 51 poems.
2100 1566 140 54 New
2268 1565 181 70 York,

423 1644 795 69 C. Scribner’s sons [ c 1936]
514 1728 72 51 [96]
618 1740 46 38 p.
725 1730 130 40 illus.
916 1730 57 40 28
975 1732 45 21 cm
1024 1761 9 9 .

424 1799 53 53 ©
511 1803 101 41 Oct.
646 1802 42 50 2,
721 1802 117 41 1936;
900 1802 66 41 2c.
1004 1804 103 41 Oct.
1141 1803 56 40 21;
1263 1804 81 41 aff.
1380 1805 119 39 Nov.
1535 1804 55 39 11:
1656 1805 41 39 A
1730 1802 146 42 99811;
1942 1804 206 41 Charles
2182 1802 269 43 Scribner’s

496 1871 126 30 sons.
697 1860 284 49 (36-35028)

423 1966 221 64 Durov,
673 1964 294 56 Vladimir
993 1966 419 65 Leonidovich,
1444 1972 174 51 1863-

494 2043 104 70 My
638 2043 184 55 circus
863 2044 244 54 animals
1169 2044 95 69 [by]
1309 2045 70 52 V.
1420 2044 64 54 L.
1526 2044 232 67 Durov;
1799 2043 321 55 translated
2160 2043 157 55 from
2353 2042 98 55 the

422 2121 252 55 Russian
705 2123 77 70 by
813 2124 158 54 John
1005 2123 290 68 Cournos;
1330 2122 330 55 illustrated
1692 2124 77 69 by
1800 2123 233 55 Ronald
2064 2123 92 55 W.
2188 2122 260 70 Murray.

423 2202 219 53 Boston
674 2202 114 55 and
818 2203 142 54 New
992 2202 181 67 York,
1205 2203 322 71 Houghton
1557 2203 209 54 Mifflin
1794 2219 301 54 company,
2126 2204 153 53 1936.

495 2278 88 40 viii
611 2288 60 39 p.,
700 2279 26 39 1
790 2309 8 16 l.,
829 2278 86 41 114
941 2290 44 38 p.
1046 2280 88 40 col.
1162 2278 167 49 front.,
1357 2279 130 41 illus.
1547 2278 119 42 21cm.

427 2347 52 53 ©
508 2352 117 38 Nov.
656 2350 71 49 12,
758 2350 114 41 1936;
930 2350 67 41 2c.
1028 2351 96 39 and
1156 2351 81 40 aff.
1266 2352 119 39 Nov.
1415 2350 57 40 20:
1531 2352 40 38 A
1598 2349 177 41 100584;
1833 2350 269 48 Houghton
2132 2350 170 40 Mifflin
2328 2359 67 30 co.

507 2407 285 50 (36-34800)

427 2515 162 64 Ellis,
622 2514 252 56 Charles
903 2515 275 54 Edward.

427 2591 2000 225 The call of the elk, by Charles Edward Ellis … 60th anniversary no. 4, edition … Highland Park, Ill., B. L. Kleinschmidt company, 1936.
500 2809 863 63 2 p. l. , 9-64 p. illus., pl. 23 cm .
429 2891 53 54 ©
510 2895 102 41 Oct.
641 2894 69 50 17,
739 2893 116 42 1936;
911 2893 67 44 2c.
1008 2894 96 40 and
1130 2894 81 41 aff.
1242 2895 102 41 Oct.
1372 2893 56 40 21:
1487 2894 39 40 A
1556 2892 146 42 99476;
1760 2894 50 42 C.
1838 2895 52 39 E.
1921 2892 138 52 Ellis,
2090 2890 225 49 Chicago.

430 3058 332 53 Federated
800 3057 225 54 council
1059 3074 73 36 on
1167 3059 96 50 art
1299 3054 334 56 education.
1711 3055 340 54 Committee
2087 3074 73 34 on
2193 3061 91 47 art
500 3053 1930 137 education
711 3136 64 53 in

798 3136 93 53 the
918 3136 142 66 high
1083 3135 220 53 schools
1330 3137 63 64 of
1418 3136 93 52 the
1544 3134 215 54 United
1781 3136 209 53 States.

564 3210 1889 71 … Report of the Committee on art education in the high
430 3288 1963 66 schools of the United States … Walter H. Klar, chairman …
431 3371 1679 66 Part l. [Providence, R. I., The Bear press, c 1935]
502 3441 1132 51 2 p. l. . viii p., 1 l., 134 p. diagrs. 22½cm.
431 3511 54 54 ©
515 3517 113 46 Apr.
659 3514 70 49 24,
755 3514 142 44 1936;
930 3514 67 41 2c.
1028 3516 120 45 Aug.
1178 3512 83 44 29;
1295 3513 82 42 aff.
1410 3513 129 49 Sept.
1569 3511 49 40 21;
1686 3513 41 39 A
1754 3510 174 49 99060;
1962 3510 275 42 Federated
2266 3510 187 40 council

505 3584 60 29 on
590 3575 80 38 art
695 3572 273 50 education,
995 3573 118 38 New
1141 3572 144 39 York.
1351 3569 283 50 (36-34822)

433 3678 231 65 Foster,
694 3677 230 65 George
952 3676 173 63 Cecil,
1154 3681 173 51 1893-

505 3752 160 56 Girls
697 3753 121 53 will
850 3753 67 53 be
951 3751 161 70 girls,
1144 3752 76 67 by
1255 3751 224 69 George
1513 3750 61 55 C.
1612 3751 215 52 Foster.
1904 3748 262 68 London,
2198 3748 48 54 I.
433 3745 1996 140 Nicholson
630 3832 110 52 and
782 3830 260 65 Watson,
1078 3829 241 68 limited,
1358 3830 151 52 1936.

502 3901 540 51 3 p. l. 342 p. 19cm.
435 3969 2019 57 © 1c. Dec. 5. 1956: A ad int. 22126; pubd. Oct. 8: G. C. Foster, London.
517 4032 284 51 (36-30220)
