2519 4377
1051 4126 131 47 1939

201 538 208 42 Various
441 537 217 49 pagings.

204 594 283 41 “Delivered
521 594 128 40 June
682 594 369 47 18-September
1084 594 69 47 24,
1189 592 127 49 1935,
1352 603 114 30 over
1499 603 24 29 a
1562 592 314 42 nation-wide
1909 593 219 39 network

128 654 53 39 of
210 654 81 40 the
322 652 231 41 National
582 651 345 48 broadcasting
954 650 276 49 company.”

201 709 169 41 “Brief
395 711 85 39 list
507 708 52 41 of
585 708 302 41 references”
912 711 52 38 at
990 710 90 38 end
1106 708 51 40 of
1185 708 117 40 each
1329 708 273 39 broadcast.

130 775 53 54 ©
212 781 126 39 June
365 779 39 48 9,
436 778 139 45 1936;
608 777 53 41 2c
707 779 94 40 and
832 779 80 39 aff.
945 780 125 38 June
1173 788 9 37 18;
1214 779 40 38 A
1283 776 172 44 95761;
1486 777 130 39 Natl.
1649 776 263 48 municipal
1947 777 181 44 league.

211 836 221 49 (37-167)

198 935 1931 70 Trends of government … broadcasts … presented by the
132 1018 336 55 Committee
511 1035 71 35 on
625 1017 144 53 civic
810 1017 299 53 education
1150 1017 74 66 by
1267 1016 163 55 radio
1473 1017 62 53 of
1577 1016 96 52 the
1715 1015 272 54 National
129 1014 1974 147 advisory
355 1095 216 53 council
606 1112 71 35 on
713 1094 162 53 radio
910 1094 58 52 in
1003 1093 301 54 education

1339 1094 112 52 and
1487 1094 94 51 the
1615 1094 306 53 American
127 1092 1977 134 political
270 1173 211 53 science
516 1172 355 65 association,
904 1172 59 52 in
998 1171 362 67 cooperation
1398 1171 137 53 with
1571 1172 95 52 the

1700 1171 273 52 National
128 1188 1975 128 municipal
389 1250 212 66 league.
679 1250 137 52 New
864 1249 162 53 York
1073 1250 132 66 city,
1252 1249 271 54 National
1571 1248 312 67 municipal
1930 1248 199 68 league

133 1361 13 34 [
151 1334 18 22 c
174 1331 133 50 1936
313 1361 12 33 ]

201 1411 1400 52 [150] p. 24½ m . (You and your government, ser. IX
198 1482 207 42 Various
435 1483 217 49 pagings.

201 1539 284 42 “Delivered
517 1538 206 43 October
752 1538 40 47 2,
824 1538 369 50 1934-January
1223 1539 69 50 29,
1324 1539 127 48 1935,
1484 1550 112 31 over
1626 1549 29 31 a
1685 1539 316 43 nation-wide
126 1543 1985 95 network
289 1597 53 42 of
369 1598 82 41 the
480 1596 232 43 National
741 1597 346 50 broadcasting
1114 1596 278 51 company.”

129 1664 1945 109 © June 9, 1936; 2c. and aff. June 18; A 95759; Natl. municipal league. (37-246)
199 1827 1930 67 The 44 state legislatures of 1935 … broadcasts … presented
130 1906 72 65 by
233 1906 93 53 the
361 1905 338 55 Committee
729 1924 71 34 on
833 1903 142 55 civic
1007 1904 299 54 education
1338 1906 73 65 by
1442 1906 162 53 radio
1635 1906 64 52 of
1729 1907 95 52 the
1855 1906 273 52 National

130 1983 267 66 advisory
447 1983 220 52 council
719 2000 71 35 on
841 1983 161 54 radio
1054 1985 58 50 in
1164 1983 299 53 education
1515 1983 112 52 and
1677 1984 95 52 the
1823 1982 306 55 American

129 2061 255 65 political
422 2060 210 53 science
667 2060 354 66 association,
1055 2060 60 52 in
1150 2060 362 67 cooperation
1549 2059 139 54 with
1724 2061 97 53 the
1856 2060 273 53 National

128 2138 311 66 municipal
470 2138 214 66 league.
760 2139 138 52 New
929 2138 163 54 York
1121 2137 133 68 city,
1283 2138 272 53 National
1586 2137 313 68 municipal
1932 2138 198 68 league

134 2219 192 65 [c1936]

203 2302 114 51 [158]
345 2314 43 39 p.
443 2303 55 40 24
502 2305 43 22 cm
549 2335 9 9 .
625 2303 127 50 (You
780 2304 95 41 and
902 2314 121 38 your
1050 2305 327 48 government,
1434 2314 91 31 ser.
1553 2304 55 48 x)

198 2373 207 42 Various
437 2374 218 49 pagings.

202 2430 283 42 “Delivered
520 2431 251 47 February
801 2429 187 43 5-June
1018 2431 69 46 11,
1121 2429 126 49 1935,
1281 2441 113 31 over
1425 2441 27 30 a
1483 2430 315 42 nation-wide
1830 2433 220 39 network
2082 2432 50 41 of

127 2489 81 40 the
241 2487 231 42 National
503 2488 346 48 broadcasting
879 2487 277 49 company.”

202 2543 347 43 “References”
578 2547 52 38 at
658 2546 91 40 end
778 2545 51 40 of
853 2555 130 31 some
1010 2544 52 41 of
1087 2545 82 40 the
1195 2544 300 41 broadcasts.

131 2611 53 53 ©
213 2615 126 41 June
366 2614 40 48 9,
437 2614 140 44 1936;
608 2614 67 39 2c.
708 2615 93 39 and
834 2615 81 41 aff.
947 2615 126 39 June
1103 2613 82 43 38;
1217 2615 40 39 A
1285 2613 172 47 95760;
1490 2614 113 40 Natl.
1652 2614 264 48 municipal
1948 2614 183 48 league.

211 2670 222 50 (37-247)

191 2773 1878 68 … New outline of knowledge, edited by Utley E. Crane …
199 2853 427 66 Philadelphia,
663 2852 367 68 Progressive
1065 2851 335 69 publishing
1437 2869 280 51 company
1759 2886 12 34 [
1776 2858 18 21 c
1801 2855 132 51 1936
1940 2885 11 34 1

196 2922 59 42 20
280 2935 41 30 v.
377 2925 189 47 fronts.,
593 2924 144 49 illus.,
761 2925 171 48 plates,
958 2928 164 44 ports.,
1151 2924 179 49 diagrs.
1390 2924 55 39 21
1450 2926 44 21 cm
1498 2955 9 8 .

198 2980 146 41 “New
376 2981 186 41 revised
595 2981 227 41 edition.”

202 3037 232 41 Previous
477 3038 182 41 edition
700 3038 254 48 published
998 3038 155 40 under
1192 3038 134 41 title:
1370 3038 101 41 The
1514 3037 184 41 outline
1742 3037 53 40 of
1835 3037 295 48 knowledge,

126 3093 162 41 edited
314 3094 60 47 by
401 3095 165 40 James
594 3096 54 40 A.
680 3094 253 42 Richards.

198 3162 370 42 CONTENTS.—I.
598 3164 102 41 The
735 3174 221 33 romance
990 3165 52 40 of
1072 3164 260 48 evolution,
1363 3165 61 48 by
1459 3164 52 42 F.
1546 3164 61 41 H.
1643 3164 350 41 Martens.—II.
2026 3164 101 41 The

130 3220 135 46 story
294 3220 52 41 of
376 3220 199 47 religion
607 3222 96 39 and
732 3220 303 49 philosophic
1065 3223 209 46 thought
1304 3223 96 39 and
1432 3222 101 40 The
1563 3222 225 47 personal
1824 3231 223 31 romance
2080 3222 53 39 of

128 3275 200 49 history,
355 3277 60 47 by
443 3278 50 38 F.
525 3278 59 40 H.
615 3277 372 42 Martens.—III.
1016 3278 101 42 The
1148 3287 222 32 romance
1397 3279 53 40 of
1478 3280 83 39 the
1592 3281 117 45 arts,
1739 3278 61 48 by
1827 3279 53 41 F.
1909 3278 61 40 H.
131 3278 1982 97 Martens.—IV-V.
482 3334 100 41 The

614 3334 190 48 history
835 3335 52 40 of
916 3336 80 40 the
1024 3335 165 48 world,
1219 3335 61 47 by
1309 3336 56 41 A.
1396 3336 57 40 D.
1486 3336 293 40 Innes.—VI.
1812 3334 224 48 Geology,
2067 3334 61 49 by

130 3387 58 42 H.
224 3389 53 43 E.
316 3389 143 42 Slade
492 3392 95 39 and
623 3391 70 41 W.
731 3391 52 40 E.
819 3391 262 49 Ferguson.
1146 3391 216 49 Biology,
1399 3392 61 48 by
1499 3391 229 43 Carolina
1763 3392 54 40 E.
1857 3391 270 48 Stackpole.

130 3444 216 51 Zoology,
392 3447 61 48 by
498 3447 70 40 W.
615 3448 57 39 D.
720 3448 249 41 Matthew.
987 3472 60 5 —
1143 3479 12 11 VII.
1203 3449 205 48 Botany,
1455 3449 60 47 by
1563 3448 193 41 Marion
1802 3449 53 40 E.
1902 3448 223 41 Latham.

127 3502 304 50 Astronomy,
463 3503 61 48 by
559 3504 280 42 Waldemar
874 3504 308 50 Kaempffert
1216 3507 96 40 and
1350 3505 60 42 H.
1445 3506 53 42 T.
1534 3506 165 42 Wade.
1763 3507 183 45 Atoms,
132 3506 1977 102 molecules,
308 3563 94 38 and

434 3562 251 48 electrons,
716 3562 64 48 by
809 3562 52 41 F.
894 3563 49 40 L.
976 3562 220 42 Darrow.
1258 3563 376 49 Anthropology,
1667 3563 60 48 by
1760 3564 204 40 Francis
131 3563 1998 95 Rolt-Wheeler.
415 3617 288 50 Chemistry,

727 3618 62 48 by
811 3619 70 41 W.
904 3620 53 40 A.
982 3619 374 42 Hamor.—VIII.
1380 3619 290 48 Chemistry,
1687 3620 62 48 by
1768 3620 69 39 W.
1857 3619 53 41 A.
1930 3620 199 40 Hamor.

132 3670 212 48 Physics,
378 3674 63 47 by
476 3673 184 49 George
697 3675 249 41 Matthew.
1010 3675 298 50 Electricity,
1347 3677 59 48 by
1442 3677 70 39 W.
1550 3678 43 40 J.
1632 3677 177 43 Moore.
1875 3677 252 46 Medicine,

131 3727 59 47 by
224 3730 50 39 T.
310 3730 59 40 H.
403 3731 151 40 Allen.
619 3731 358 50 Mathematics,
1009 3732 63 48 by
1107 3732 50 42 L.
1193 3733 50 40 L.
1280 3733 302 42 Locke.—IX.
1620 3733 175 41 Sacred
1832 3733 298 48 writings.—

167 3814 10 9 X.
207 3785 101 41 The
335 3787 122 40 book
484 3788 52 39 of
564 3789 120 46 good
713 3799 240 38 manners,
982 3789 61 49 by
1075 3790 51 41 F.
1155 3790 62 44 H.
1247 3790 231 41 Martens.
1539 3790 182 47 Essays
1750 3791 53 40 of
1830 3792 203 46 culture,
2066 3791 60 47 by

132 3839 201 44 Harriet
359 3843 142 41 Lane.
559 3845 226 48 Physical
811 3846 192 47 beauty,
1031 3846 60 47 by
1119 3847 229 41 Florence
1375 3846 292 48 Courtenay.
1725 3847 142 41 Color
1893 3849 236 46 harmony

130 3898 94 38 and
250 3899 180 49 design,
454 3900 62 47 by
538 3900 241 43 Millicent
803 3902 218 41 Melrose.
1081 3902 106 50 Sex,
1212 3903 61 49 by
1298 3903 167 49 Henry
1493 3903 221 43 Stanton.
1769 3903 358 43 Chesterfield’s

135 3952 312 45 letters.—XI.
487 3957 205 48 History
731 3958 54 41 of
824 3959 268 48 literature,
1133 3959 61 48 by
1236 3960 205 41 Francis
1483 3961 368 42 Rolt-Wheeler.
1924 3961 204 48 English

131 4012 181 46 poetry.
328 4035 60 7 —
483 4045 10 9 XII.
534 4013 201 43 English
776 4018 183 46 poetry.
976 4039 59 6 —
1150 4047 11 10 XIII.
1204 4016 306 49 Philosophy.
1527 4041 60 5 —
1700 4049 12 11 XIV.
1752 4018 195 49 Essays.
1965 4041 62 7 —
2116 4047 13 12 XV.
