2519 4377
1036 4111 100 53 327

142 539 638 48 xiv, 1181 p. 30 x 23 ½ cm .
149 596 159 39 “Four
334 596 220 39 hundred
584 596 96 39 and
710 594 295 48 twenty-five
1032 593 158 49 copies
1221 595 205 47 printed.
1485 593 121 41 This
1632 593 42 41 is
1705 605 74 29 no.
1808 593 128 41 125.“

80 648 53 53 ©
174 654 107 38 Jan.
323 653 53 39 31
433 652 139 45 1936;
615 652 69 40 2c.
727 652 110 39 Feb.
878 652 82 45 28;
1004 651 83 40 aff.
1131 651 110 39 Feb.
1285 652 81 45 10;
1410 652 41 38 A
1492 650 170 47 92008;
1709 652 53 39 E.
1807 650 52 40 G.
1906 652 170 46 Swem,

147 709 379 48 Williamsburg,
553 709 85 40 Va.

76 813 232 63 Taylor,
334 813 224 53 Walter
586 812 212 60 Fuller,
829 817 170 49 1900-

147 886 1868 68 A history of American letters, by Walter Fuller Taylor …
79 969 138 52 with
240 965 449 69 bibliographies
713 966 73 68 by
809 966 198 68 Harry
1029 964 317 54 Hartwick.
1408 966 232 65 Boston,
1665 965 242 53 Atlanta
2044 998 29 34 [etc.]

77 1046 303 53 American
411 1045 146 52 book
585 1061 280 50 company
1078 1077 11 33 [c1936]

148 1117 1930 50 xv, 678 p. 23 cm. (Half-title: American literature series; H. H. Olark,
77 1177 197 46 general
302 1175 182 46 editor)

150 1230 445 50 “Bibliographies“:
658 1242 42 38 p.
749 1230 234 49 [447]-664.

78 1285 53 53 ©
161 1291 122 38 Mar.
313 1290 69 46 23,
413 1289 140 44 1936;
587 1289 67 39 2c.
684 1289 94 38 and
812 1287 80 40 aff.
926 1289 121 38 Mar.
1078 1287 82 46 27;
1195 1287 40 39 A
1264 1286 171 41 92597:
1471 1287 159 40 Amer.
1660 1287 121 40 book
1812 1298 69 29 co.

154 1345 250 48 (36-7856)

77 1436 355 64 Thompson,
461 1435 207 53 Daniel
697 1435 257 64 Varney,
987 1440 171 50 1902-

149 1513 122 52 The
303 1513 248 67 practice
580 1511 64 53 of
677 1516 252 62 tempera
963 1509 285 70 painting,
1280 1510 73 68 by
1386 1510 210 53 Daniel
1626 1511 71 53 V.
1731 1510 350 69 Thompson,

79 1590 1846 70 jr. … illustrated by Lewis E. York … New Haven, Yale
81 1591 1972 146 university
330 1687 183 50 press;
552 1668 258 69 London,
850 1669 77 52 H.
968 1667 267 68 Milford,
1276 1666 230 56 Oxford
1546 1667 318 69 university
1906 1688 175 48 press,

81 1752 150 50 1936.

150 1820 1187 50 x p., 1 l., 141 p. illus., plates, diagrs. 24 cm .
153 1879 131 39 “The
313 1876 131 41 basis
472 1877 54 39 of
557 1878 80 39 the
671 1878 194 39 method
892 1878 110 40 that
1033 1877 99 40 this
1165 1877 123 40 book
1319 1877 267 40 endeavors
1618 1877 48 39 to
1696 1876 195 48 explain
1923 1877 41 39 is
1999 1879 81 38 the

81 1935 206 40 account
311 1934 52 40 of
391 1932 281 49 Giottesque
701 1935 213 46 tempera
944 1933 222 48 painting
1193 1933 139 48 given
1360 1933 62 47 by
1451 1932 215 41 Cennino
1694 1932 241 41 d’Andrea
81 1934 1980 97 Cennini

210 1991 50 39 in
283 1990 78 41 his
387 1988 157 42 ‘Libro
568 1988 111 42 dell’
698 1988 358 42 arte’.“—Pref.

154 2045 295 50 “Appendix.
511 2046 237 47 Tempera
783 2045 213 49 practice
1031 2045 49 39 in
1115 2045 82 40 the
1226 2044 120 41 Yale
1382 2045 79 39 art
1496 2045 161 40 school
1696 2045 90 49 [by]
1826 2046 255 40 Professor

81 2102 157 41 Lewis
264 2104 54 39 E.
346 2100 186 43 York“:
562 2113 42 36 p.
649 2100 235 50 [132]-138.

81 2156 53 53 ©
165 2161 121 38 Mar.
317 2159 68 47 10,
417 2159 140 46 1936;
590 2160 66 38 2c.
690 2159 121 39 Mar.
842 2158 82 46 18;
958 2157 83 40 aff.
1071 2158 122 39 Mar.
1226 2158 81 46 17;
1341 2158 41 38 A
1412 2156 171 48 93236;
1617 2159 120 40 Yale
1768 2159 128 40 univ.
1931 2168 149 39 press.

159 2215 250 50 (36-7972)

81 2304 214 66 Tirala,
324 2305 225 53 Lothar
579 2303 277 65 Gottlieb,
889 2310 171 49 1886-

151 2381 191 67 Rasse,
372 2381 145 68 geist
544 2381 120 52 und
694 2380 157 67 seele,
882 2398 110 34 von
1024 2380 83 52 dr.
1143 2378 138 69 phil.
1316 2385 53 47 et
1400 2379 143 53 med.
1576 2380 219 52 Lothar
1827 2378 253 55 Gottlieb

84 2457 1995 68 Tirala … Mit 24 abbildungen auf 16 tafeln. München, J. F.
82 2536 312 66 Lehmann,
422 2539 148 49 1935.

156 2606 87 41 256
267 2617 44 38 p.
370 2607 56 40 16
453 2618 76 37 pl.,
557 2606 179 48 diagrs.
796 2606 56 40 23
855 2608 44 21 cm
904 2638 9 8 .

156 2662 677 42 “Schrifttumsverzeichnis“:
892 2675 43 36 p.
967 2663 246 50 [241]-251.

83 2719 2000 53 © Sept. 18, 1935; 1c. Dec. 7; A-Foreign 30215; J. F. Lehmanns verlag.
167 2779 249 48 (36-7819)

84 2870 189 65 Udall,
299 2871 243 64 Denney
569 2871 353 64 Hammond,
953 2875 169 51 1874-

155 2946 1865 69 The practice of veterinary medicine, by D. H. Udall …
86 3024 142 52 with
259 3024 326 62 eighty-one
619 3023 392 53 illustrations.
1085 3024 73 51 2d
1192 3024 83 52 ed.
1352 3024 220 62 Ithaca,
1603 3024 69 54 N.
1709 3024 89 62 Y.,
1831 3025 121 53 The
85 3042 1974 124 author,
263 3104 148 50 1936.

156 3171 568 49 273, [7] p. illus. 28 cm.
156 3228 361 48 “Descriptions
545 3229 50 39 of
626 3230 81 38 the
738 3230 194 39 various
964 3230 212 39 internal
1205 3230 215 41 diseases
1449 3230 52 40 of
1527 3231 317 40 herbivorous
1873 3232 209 40 animals

88 3285 95 40 and
213 3285 383 40 swine.“—Pref.

88 3341 53 52 ©
168 3345 110 40 Feb.
303 3347 40 38 4.
371 3345 140 45 1936;
541 3345 66 39 2c.
638 3345 111 40 Feb.
777 3344 81 42 19;
889 3345 82 40 aff.
998 3346 121 39 Mar.
1149 3345 81 46 11;
1260 3346 41 38 A
1328 3345 170 47 93201;
1529 3347 57 39 D.
1615 3347 61 40 H.
1707 3348 158 47 Udall,
1896 3349 188 46 Ithaca,

158 3402 56 39 N.
242 3402 52 38 Y.
361 3400 249 49 (36-7937)

91 3488 186 65 Ulieh,
301 3490 238 63 Robert,
568 3494 171 49 1890-
950 3492 83 53 ed.

159 3569 56 52 A
244 3585 265 49 sequence
540 3569 62 50 of
633 3568 358 53 educational
1023 3566 301 57 influences
1358 3570 192 53 traced
1581 3570 250 68 through

90 3571 1970 127 unpublished
328 3645 261 67 writings
646 3644 64 52 of
767 3643 333 68 Pestalozzi,
1156 3645 225 66 Fröbel,
1435 3646 368 69 Diesterweg,
1859 3647 227 54 Horace

91 3720 195 67 Mann,
319 3720 111 53 and
463 3722 203 67 Henry
702 3723 290 61 Barnard;
1029 3722 141 53 with
1199 3723 388 68 translations,
1614 3730 325 61 comments,
1973 3725 112 54 and

93 3798 1968 146 explanations by Robert Ulich … Cambridge, Harvard university press, 1935.
95 3950 1972 106 x p., 1 l., 91 p. ports., facsims. 22½ cm . (Half-title: Harvard documents in the history of education … v. 3)
