2519 4377
1302 4130 133 52 1056

383 448 218 66 White,
635 449 219 62 Frank,
890 448 326 55 1856-1927.

386 540 1987 147 … White on corporations … Bender ed. Cumulative supplement,
383 619 2016 151 1932-1936 (by Samuel W. Eager) to volume 8. Nonstock corporations … Albany, N. Y. and New York, N. Y.,
384 778 282 53 Matthew
693 777 227 52 Bender
944 780 45 50 &
1013 795 298 49 company,
1339 777 418 69 incorporated,
1786 782 150 51 1936.

455 866 54 41 81
535 875 44 38 p.
639 864 56 41 23½
730 867 44 21 cm
779 897 9 8 .

455 937 63 41 At
545 935 128 41 head
701 935 52 41 of
779 934 109 42 title:
946 934 128 42 1936.

456 993 119 40 This
596 993 254 48 pamphlet
873 992 43 40 is
940 995 52 38 to
1014 993 56 39 be
1094 992 140 41 fitted
1259 992 103 41 into
1387 993 82 39 the
1492 993 174 48 pocket
1691 995 53 38 at
1768 993 83 42 the
1876 994 122 41 back
2024 995 52 39 of
2103 997 82 39 the
2213 997 187 41 volume

383 1051 52 41 of
459 1051 84 40 the
567 1052 73 39 set
666 1051 49 39 to
741 1049 157 40 which
927 1049 40 40 it
994 1049 210 48 belongs.

385 1118 53 54 ©
461 1123 122 47 Aug.
609 1122 70 47 17,
709 1121 114 41 1936;
879 1121 68 40 2c.
974 1121 121 48 Aug.
1122 1119 58 42 19;
1234 1119 83 42 aff.
1345 1121 121 48 Aug.
1494 1121 56 40 18;
1607 1122 40 39 A
1674 1120 145 42 97425;
1878 1123 238 41 Matthew
2145 1124 192 40 Bender
2365 1126 37 40 &

455 1190 82 37 co.,
559 1178 91 41 inc.

386 1323 2010 150 … White on corporations … Bender ed. Cumulative supplement, 1934-1936 (by Samuel W. Eager) to volume 9.
383 1481 2016 72 Corporate taxation … Albany, N. Y. and New York, N. Y.,
382 1562 281 54 Matthew
688 1561 228 54 Bender
940 1565 44 51 &
1009 1580 299 49 company,
1333 1561 422 68 incorporated,
1784 1565 150 52 1936.

450 1650 59 40 20
534 1660 43 38 p.
638 1649 56 41 23½
728 1651 44 21 cm
778 1680 8 8 .

449 1721 64 39 At
537 1720 129 40 head
694 1720 52 39 of
775 1719 109 40 title:
941 1719 129 42 1936.

452 1777 119 40 This
594 1776 253 49 pamphlet
868 1776 43 40 is
935 1778 49 38 to
1008 1776 58 40 be
1088 1776 137 40 fitted
1256 1775 102 40 into
1385 1775 82 41 the
1490 1776 174 48 pocket
1689 1777 52 39 at
1767 1776 82 41 the
1874 1777 125 39 back
2023 1777 53 40 of
2101 1777 82 41 the
2208 1778 191 41 volume

380 1835 54 39 of
458 1835 83 40 the
568 1836 74 38 set
669 1836 50 38 to
746 1833 161 40 which
934 1832 39 42 it
999 1833 212 48 belongs.

382 1901 53 54 ©
461 1906 121 47 Aug.
609 1906 70 47 17,
707 1904 115 41 1936;
878 1903 67 41 2c.
974 1905 119 46 Aug.
1121 1903 55 40 19;
1234 1901 83 43 aff.
1344 1903 121 48 Aug.
1494 1903 55 41 18;
1607 1904 40 39 A
1675 1903 145 42 97425;
1879 1904 239 40 Matthew
2145 1906 193 39 Bender
2363 1907 38 41 &

449 1972 83 38 co.,
554 1962 92 40 inc.

380 2092 1991 149 … White on corporations … Bender ed. Seven-year cumulative supplement,
379 2170 2016 149 1930-1936 (by Samuel W. Eager) to volumes 1-7 … Albany, N. Y. and New York, N. Y., Matthew
380 2331 227 53 Bender
635 2333 46 49 &
707 2348 299 50 company,
1033 2330 420 67 incorporated,
1486 2332 149 51 1936.

446 2419 29 40 8
501 2429 41 30 v.
603 2418 59 39 24
664 2420 43 21 cm
712 2449 9 8 .

447 2489 63 39 At
537 2488 128 40 head
692 2488 51 40 of
769 2487 136 41 title;
935 2487 128 41 1936.

448 2546 155 40 These
634 2545 278 48 pamphlets
944 2554 84 31 are
1058 2545 50 39 to
1139 2544 57 39 be
1228 2544 138 40 fitted
1397 2543 103 40 into
1535 2543 82 40 the
1647 2542 200 49 pockets
1876 2544 52 38 at
1960 2543 85 40 the
2073 2543 122 40 back
2230 2544 51 40 of
2312 2544 81 41 the

376 2603 217 40 volumes
622 2602 53 39 of
702 2602 83 40 the
814 2603 73 39 set
916 2603 49 39 to
994 2600 162 40 which
1182 2601 115 46 they
1326 2600 185 47 belong.

378 2669 53 53 ©
457 2673 119 48 Aug.
605 2674 69 45 17,
703 2672 141 47 1936;
874 2671 67 41 2c.
968 2672 121 47 Aug.
1117 2671 82 47 19;
1228 2671 84 40 aff.
1340 2671 120 46 Aug.
1487 2670 81 41 18:
1599 2669 40 40 A
1669 2668 171 48 97425;
1872 2669 238 41 Matthew
2138 2670 192 40 Bender
2359 2672 37 40 &

444 2740 82 37 co.,
551 2730 90 40 inc.

374 2858 1992 151 … White on corporations … Bender ed. Seven-year cumulative supplement, 1930-1936
1383 2936 1008 70 to General index … Albany,
378 3022 68 51 N.
491 3022 89 55 Y.,
622 3021 113 52 and
777 3021 138 51 New
957 3019 180 57 York,
1178 3020 69 51 N.
1291 3020 90 65 Y.,
1421 3018 280 53 Matthew
1741 3017 227 53 Bender
2008 3020 46 50 &
2092 3035 298 50 company,

379 3098 419 67 incorporated,
827 3100 150 51 1936.

442 3186 54 41 51
525 3196 44 38 p.
630 3186 56 40 23½
720 3187 44 22 cm
771 3218 7 7 .

443 3257 64 40 At
533 3256 128 39 head
689 3255 52 43 of
769 3255 109 40 title:
936 3254 127 42 1936.

448 3312 119 41 This
590 3312 253 49 pamphlet
866 3312 43 40 is
933 3314 48 37 to
1007 3312 57 40 be
1088 3311 139 41 fitted
1251 3310 104 41 into
1381 3310 82 40 the
1488 3310 172 48 pocket
1687 3311 50 38 at
1763 3309 83 41 the
1870 3308 126 40 back
2020 3308 52 42 of
2096 3309 82 40 the
2202 3309 189 40 volume

373 3370 53 40 of
451 3371 82 41 the
562 3372 74 38 set
666 3372 47 39 to
742 3368 157 40 which
929 3368 37 41 it
995 3368 212 48 belongs.

380 3436 53 54 ©
460 3441 120 47 Aug.
604 3441 71 47 17,
703 3439 140 44 1936;
872 3439 67 40 2c.
968 3440 118 46 Aug.
1114 3438 83 42 19;
1228 3437 81 41 aff.
1339 3437 120 48 Aug.
1489 3437 81 45 18;
1602 3437 39 39 A
1668 3435 173 47 97425;
1872 3435 238 41 Matthew
2138 3434 190 41 Bender
2356 3436 37 39 &

439 3508 82 38 co.,
545 3496 91 41 inc.

375 3631 217 63 White,
617 3632 258 52 Terence
903 3629 310 64 Hanbury.

449 3701 1938 74 England have my bones, by T. H. White … New York,
374 3787 123 54 The
524 3785 337 55 Macmillan
890 3803 299 48 company,
1219 3787 150 50 1936.

441 3872 82 49 vii,
556 3872 86 41 334
676 3882 42 37 p.
780 3871 127 38 illus.
938 3870 133 48 (incl.
1107 3869 179 47 music)
1312 3869 173 47 plates,
1521 3867 179 48 diagrs.
1760 3866 57 40 21
1820 3869 43 21 cm
1870 3899 8 8 .

444 3942 68 40 “A
537 3942 125 39 book
688 3942 148 39 about
863 3941 82 39 the
972 3940 216 46 tangible
1212 3938 103 41 side
1342 3939 52 40 of
1419 3940 205 46 country
1651 3936 326 41 life.”—Pref.

374 4009 53 53 ©
449 4014 120 46 Aug.
593 4014 41 46 4,
660 4011 114 41 1936;
826 4012 67 39 2c.
919 4011 96 40 and
1039 4011 82 41 aff.
1146 4011 120 47 Aug.
1291 4011 26 39 5;
1371 4010 42 40 A
1436 4008 143 41 96781;
1635 4009 51 39 T.
1713 4009 60 39 H.
1800 4007 176 48 White,
2007 4007 171 45 Stowe,
2208 4004 174 49 Bucks,

444 4069 237 48 England.
753 4067 282 50 (36-17573)
