2519 4377
1003 4058 131 50 1019

80 434 275 61 Mowery,
381 429 253 55 William
662 430 218 63 Byron,
911 434 170 50 1899-

155 550 55 10 ...
264 508 274 52 Paradise
585 506 152 53 trail.
813 507 233 66 Boston,
1092 505 194 67 Little,
1334 506 229 65 Brown,
1613 504 112 52 and
1775 521 297 49 company,

82 590 148 50 1936.

150 655 650 51 3 p. l., [3]-273 p. 19½cm .
79 711 53 52 ©
157 717 118 45 Aug.
303 713 68 48 10,
400 712 139 46 1936;
568 712 68 43 2c.
665 712 93 39 and
787 711 80 40 aff.
896 713 118 46 Aug.
1044 712 50 38 11;
1155 712 38 38 A
1221 710 171 47 97345;
1420 711 69 40 W.
1520 711 54 39 B.
1604 710 224 48 Mowery,
1860 709 212 49 Urbana,

152 772 72 40 Ill.
290 768 278 49 (36-17724)

78 871 193 64 Musil,
298 872 239 63 Robert,
568 875 169 50 1880-

152 993 56 9 ...
236 947 275 55 Nachlass
534 969 69 32 zu
627 946 289 55 lebzeiten.
992 945 223 68 Zürich,
1238 945 348 55 Humanitas
1611 946 213 67 verlag,
1851 949 150 49 1936.

151 1020 487 49 220 p. 18½ × 11 cm .
153 1079 66 39 “1.
251 1077 232 48 auflage.”

154 1133 200 40 “Kleine
379 1132 308 48 geschichten
714 1133 96 40 und
837 1133 382 47 betrachtungen
1248 1163 46 9 ...
1325 1131 107 51 [die]
1456 1132 104 40 fast
1585 1132 94 39 alle
1705 1131 49 39 in
1781 1132 90 39 den
1898 1131 175 48 jahren

84 1189 237 40 zwischen
368 1188 114 41 1920
529 1190 97 39 und
670 1189 56 41 29
772 1189 290 41 entstanden
1109 1189 97 40 und
1251 1200 108 29 zum
1404 1189 262 40 erstenmal
1713 1188 363 41 veröffentlicht

82 1248 192 39 worden
305 1246 169 50 [Sind]”;
535 1257 43 38 p.
607 1246 100 42 8-9.

413 1301 1666 50 CONTENTS. — Bilder.— Unfreundliche betrachtungen.— Geschichten, die
77 1360 137 39 keine
247 1359 276 40 sind.—Die
555 1360 165 41 amsei.

80 1412 1996 53 © Jan. 1, 1936; 1c. Apr. 27; A -Foreign 31511; Humanitas verlag.
159 1472 279 49 (36-17281)

79 1574 295 64 Neblette,
404 1573 224 56 Carroll
654 1573 286 57 Bernard.

151 1653 367 64 Elementary
550 1651 366 67 photography
991 1651 93 53 for
1119 1651 128 53 club
1282 1652 112 52 and
1426 1652 163 53 home
1620 1669 96 34 use
1756 1651 91 67 [by]
1908 1650 60 55 С.
2006 1654 67 51 B.

82 1729 256 54 Neblette
382 1772 55 9 ...
481 1727 309 54 Frederick
826 1731 89 53 W.
957 1729 213 52 Brehm
1212 1772 55 9 ...
1335 1729 131 66 [and]
1510 1730 237 51 Everett
1784 1729 63 53 L.
1887 1728 187 53 Priest

86 1851 53 7 ...
219 1808 138 51 New
385 1806 178 63 York,
589 1807 121 52 The
736 1805 333 53 Macmillan
1096 1823 297 50 company,
1422 1810 150 50 1936.

153 1878 98 44 viii,
282 1878 83 41 253
397 1889 42 38 p.
469 1879 109 40 incl.
608 1878 165 48 front.,
803 1878 129 40 illus.
990 1878 57 40 20½
1079 1880 44 22 cm
1128 1910 9 9 .

155 1935 246 41 “Selected
427 1934 273 41 references
728 1935 79 39 for
835 1936 197 39 student
1059 1934 229 48 reading”;
1346 1946 42 37 p.
1416 1934 101 41 249.

81 1988 52 53 ©
163 1991 113 47 July
308 1993 38 45 7,
377 1992 139 47 1936;
548 1991 67 42 2c.
646 1992 96 39 and
773 1991 81 41 aff.
885 1992 117 47 July
1032 1992 52 47 8;
1116 1993 43 38 A
1185 1991 172 49 95983;
1388 1991 283 41 Macmillan
1702 2001 68 32 co.
161 2048 277 48 (36-17511)

80 2149 236 64 Nelson,
342 2149 274 65 Thomas,
643 2151 146 65 Apr.
815 2151 285 64 24,1872-

153 2225 282 54 Practical
481 2226 149 55 loom
674 2226 196 69 fixing.
962 2226 125 70 (4th
1130 2226 113 69 ed.)
1332 2227 90 68 By
1465 2226 248 54 Thomas
1759 2227 211 53 Nelson
2018 2270 54 9 ...

91 2304 331 67 [Charlotte,
462 2304 69 53 N.
574 2304 80 69 C.,
696 2304 296 55 Charlotte
1035 2304 335 69 publishing
1408 2323 297 50 company]
1754 2309 149 49 1936.

154 2377 1140 50 1 p. l., [9]-165, [5] p. illus., diagrs. 23½ cm .
83 2429 52 52 ©
167 2434 114 46 July
313 2434 39 47 6,
383 2434 112 40 1936;
555 2434 67 41 2c.
653 2434 116 47 July
801 2434 59 41 10;
918 2434 81 41 aff.
1032 2434 120 48 July
1179 2433 28 41 9;
1267 2436 41 38 A
1337 2434 145 42 97339;
1543 2436 52 39 T.
1630 2436 192 45 Nelson,
1858 2436 220 48 Raleigh,

152 2490 54 41 N.
234 2490 48 41 C.
348 2491 279 48 (36-17644)

80 2589 331 68 Neumann,
440 2593 240 64 Robert,
710 2594 171 54 1897-

151 2668 121 53 The
321 2669 223 67 queen’s
589 2668 224 69 doctor;
864 2670 170 67 being
1083 2671 94 51 the
1226 2677 228 61 strange
1505 2675 155 63 story
1710 2671 63 53 of
1824 2672 93 52 the
1967 2672 112 53 rise

84 2747 109 51 and
231 2745 106 53 fall
373 2747 63 52 of
470 2745 317 68 Struensee,
821 2747 262 67 dictator,
1116 2748 157 51 lover
1309 2747 112 54 and
1456 2749 196 53 doctor
1687 2750 62 52 of
1785 2749 294 67 medicine,

84 2823 72 66 by
194 2824 214 52 Robert
446 2824 328 63 Neumann;
818 2825 314 52 translated
1170 2826 75 66 by
1285 2826 208 52 Edwin
1534 2827 110 51 and
1684 2826 179 55 Willa
1903 2826 173 53 Muir.

83 2902 253 64 London,
363 2902 68 53 Y.
458 2901 291 68 Gollancz,
774 2903 123 58 ltd.,
925 2906 148 51 1936.

151 2972 84 40 429
265 2984 40 36 p.
363 2973 56 40 20
422 2976 45 21 cm
472 3006 8 8 .

84 3024 1976 111 © 1c. July 21, 1936; A ad int. 21721; pubd. May 25; R. Neumann, London. (36-17706)
83 3186 143 53 New
250 3187 161 54 York
468 3190 192 66 (State)
747 3189 179 53 Court
951 3192 64 65 of
1038 3191 250 66 appeals.

155 3265 243 66 Reports
439 3265 63 51 of
542 3283 151 36 cases
732 3266 233 54 decided
1011 3310 56 10 ...
1114 3267 152 54 from
1310 3269 111 51 and
1463 3268 298 67 including
1803 3267 274 54 decisions

86 3341 61 51 of
174 3343 262 65 January
463 3346 83 62 21,
577 3346 151 63 1936,
756 3348 57 48 to
843 3343 273 54 decisions
1145 3345 63 52 of
1235 3345 174 67 April
1441 3350 80 52 15,
1553 3349 150 62 1936,
1734 3346 138 51 with
1902 3353 176 59 notes,

88 3418 309 53 references
453 3420 111 52 and
614 3420 189 53 index.
878 3422 174 52 Louis
1104 3424 55 54 J.
1215 3422 341 67 Rezzemini,
1610 3428 142 47 state
1805 3429 272 61 reporter.

90 3495 233 54 Volume
351 3495 115 54 270.
543 3496 248 69 Albany,
817 3500 55 54 J.
902 3500 66 53 B.
996 3500 161 67 Lyon
1185 3517 295 51 company,
1509 3503 149 52 1936.

159 3567 162 44 xxxix,
355 3569 82 39 817
469 3579 44 36 p.
573 3569 56 40 23½
662 3572 45 21 cm
712 3603 8 8 .

89 3619 52 52 ©
170 3624 114 47 July
312 3624 70 43 22,
413 3623 139 48 1936;
582 3625 68 41 2c.
682 3626 117 47 July
824 3627 82 45 25;
940 3627 82 41 aff.
1053 3626 116 48 July
1198 3628 82 46 24;
1314 3630 42 37 A
1383 3627 171 48 97144;
1589 3627 210 40 Edward
1832 3630 42 39 J.
1909 3628 169 49 Flynn,

158 3682 244 45 secretary
426 3681 52 37 of
499 3682 141 48 state,
668 3684 127 38 state
820 3683 51 39 of
894 3684 117 39 New
1034 3684 143 49 York,
1205 3684 203 47 Albany.

88 3779 143 53 New
258 3781 160 51 York
451 3781 217 67 {State)
752 3783 182 66 Laws,
961 3788 254 61 statutes,
1246 3791 99 46 etc.

163 3900 55 9 ...
248 3859 176 51 Penal
449 3859 109 52 law
582 3860 111 52 and
720 3862 94 51 the
842 3861 152 55 Code
1018 3862 62 52 of
1106 3862 260 51 criminal
1393 3863 311 65 procedure
1728 3865 62 52 of
1814 3864 97 51 the
1934 3868 144 48 state

90 3934 62 52 of
196 3935 136 53 New
379 3935 177 66 York,
601 3937 137 52 with
785 3939 386 52 amendments
1216 3939 201 66 passed
1463 3940 74 66 by
1583 3941 94 51 the
1721 3940 356 67 Legislature
