2519 4377
1296 4129 99 50 580

339 447 196 52 Dante
561 447 244 65 society,
835 449 362 66 Cambridge,
1220 452 171 51 Mass.

410 524 420 67 Fifty-second,
885 525 325 68 fifty-third
1268 528 111 52 and
1437 527 367 68 fifty-fourth
1860 530 212 52 annual
2130 536 222 62 reports

340 602 64 53 of
434 603 95 52 the
562 604 190 51 Dante
784 603 212 68 society
1029 604 393 69 (Cambridge,
1455 607 200 67 Mass.)
1738 610 150 50 1936.
339 609 1990 139 Accompanying

469 699 238 49 papers:
736 683 190 53 Dante
958 684 111 51 and
1101 685 386 66 Bonagiunta,
1516 685 75 67 by
1621 687 55 54 J.
1708 687 66 51 E.
1808 684 202 56 Shaw:
2041 686 91 55 On
2163 689 190 52 Dante

340 759 290 59 criticism,
664 761 75 66 by
773 762 68 54 G.
877 763 70 52 A.
986 765 262 64 Borgese.
1324 762 365 69 Cambridge,
1722 765 278 53 Harvard
2035 764 319 70 university

339 857 175 48 press,
547 842 150 51 1936.

409 925 85 43 xii,
524 925 58 40 70
607 936 43 38 p.
714 926 55 40 23½
803 928 15 21 cm
853 958 8 8 .

342 992 53 53 ©
422 997 113 47 May
562 996 69 48 21,
662 996 141 49 1936;
833 998 66 40 2c.
931 999 114 47 May
1073 998 82 43 25;
1186 999 82 39 aff.
1299 1000 114 47 May
1440 999 83 47 26;
1554 1000 41 38 A
1621 999 173 48 94607;
1826 1002 163 40 Dante
2017 1001 195 48 society.

339 1115 87 53 De
452 1116 233 64 Leeuw,
712 1116 184 55 Adèle
921 1117 234 63 Louise,
1185 1124 172 50 1899-

414 1194 155 54 Year
605 1194 66 54 of
707 1195 264 68 promise,
1008 1195 75 69 by
1118 1195 182 55 Adele
1337 1196 88 55 De
1461 1197 233 67 Leeuw;
1736 1197 252 67 pictures
2023 1197 75 69 by
2139 1198 215 55 Cateau

342 1272 88 56 De
455 1273 222 54 Leeuw.
752 1273 140 54 New
920 1273 181 69 York,
1129 1274 121 54 The
1279 1274 334 54 Macmillan
1643 1293 299 50 company,
1976 1279 148 50 1936.

413 1360 66 41 vii
507 1372 58 38 p.,
592 1363 24 38 1
682 1392 9 17 l.,
717 1362 89 40 275
831 1372 42 38 p.
933 1361 130 43 illus.
1123 1361 58 42 19½
1211 1364 44 23 cm
1259 1393 9 9 .

342 1428 53 54 ©
424 1434 114 47 May
567 1433 68 41 12.
666 1433 141 41 1936:
839 1434 66 39 2c.
937 1435 96 39 and
1063 1434 82 40 aff.
1176 1436 117 46 May
1319 1435 54 40 13
1392 1445 9 30 :
1433 1435 41 39 A
1501 1434 147 41 95135
1666 1446 8 36 ;
1707 1436 150 40 Adele
1887 1436 61 40 de
1978 1437 187 46 Leeuw,
415 1437 1924 101 Plainfield,

580 1492 55 38 N.
676 1491 44 40 J.
792 1490 252 48 (36-9941)

341 1592 188 65 Dietz,
560 1595 148 54 Curt
735 1592 322 67 Reinhard,
1089 1600 172 51 1896-

415 1671 332 53 Enthülltes
803 1671 332 69 geheimnis,
1191 1690 199 34 roman
1446 1690 111 35 von
1615 1673 147 54 Curt
1814 1671 297 54 Reinhard
2167 1671 183 56 Dietz.

341 1749 258 69 Leipzig,
632 1748 67 56 O.
734 1749 187 54 Janke
960 1784 13 33 [
978 1756 17 22 c
1000 1752 133 50 1935
1140 1784 12 34 ]

412 1833 99 48 269,
548 1834 54 50 [1]
635 1845 44 38 p.
741 1834 55 41 18½
829 1837 44 21 cm
878 1865 9 9 .

413 1904 282 42 Half-title:
732 1905 284 49 Sammlung
1047 1906 172 41 Janke.

341 1974 1998 110 © Sept. 16, 1935; 1c. Mar. 19, 1936; A-Foreign 30938; Otto Janke Verlag. (36-10298)
339 2138 237 67 Dorset,
602 2140 262 54 Thomas
887 2139 309 65 Sackville,
1222 2146 87 49 1st
1335 2142 120 51 earl
1480 2141 79 67 of,
1586 2144 326 52 1536-1608.

412 2218 122 53 The
573 2218 318 70 complaint
927 2217 64 54 of
1028 2218 223 69 Henry,
1290 2218 151 54 duke
1477 2217 64 55 of
1579 2217 434 71 Buckingham;
2056 2218 301 70 including

341 2298 99 53 the
465 2296 330 70 Induction,
823 2318 82 48 or,
934 2299 249 52 Thomas
1216 2297 333 56 Sackviile’s
1579 2297 389 56 contribution
2000 2305 59 47 to
2088 2299 100 53 the

342 2299 1990 131 Mirror
479 2377 94 53 for
613 2378 383 69 magistrates.
1075 2378 234 65 Edited,
1350 2377 154 53 from
1546 2378 99 54 the
1686 2377 253 55 author’s
1982 2379 376 68 manuscript,

342 2457 140 52 with
517 2457 413 68 introduction,
964 2463 177 62 notes,
1177 2458 113 52 and
1327 2456 290 69 collation,
1653 2456 140 53 with
1829 2458 95 52 the
1962 2457 126 54 first
2125 2458 229 68 printed

341 2536 235 68 edition,
622 2536 77 69 by
744 2536 359 69 Marguerite
1147 2537 275 68 Hearsey.
1508 2537 140 52 New
1695 2537 226 67 Haven,
1968 2536 245 55 Printed
2263 2537 94 53 for

341 2615 94 53 the
468 2616 150 52 Yale
643 2615 331 69 university,
996 2634 176 50 press,
1205 2618 151 50 1936.

411 2689 1945 51 5 p. l. , 139 p. facsims. 23½ cm . (Half-title: Yale studies in English,
337 2749 91 40 vol.
658 2749 13 48 LXXXVI)

415 2818 128 40 “The
575 2819 319 48 manuscript,
929 2818 159 40 which
1121 2818 41 40 is
1196 2819 114 39 here
1340 2817 164 41 edited
1537 2818 80 40 for
1652 2819 85 40 the
1768 2818 110 41 first
1909 2818 132 47 time,
2075 2818 197 49 belongs
2307 2820 48 39 to

343 2875 68 43 St.
452 2874 169 43 John’s
661 2876 193 49 college,
896 2874 290 50 Cambridge
1226 2874 288 50 university.
1593 2874 94 50 (St.
1728 2874 171 43 John’s
1936 2875 181 50 college
2155 2874 200 50 library,

337 2944 87 31 ms.
456 2933 272 49 364.)”—p.
760 2933 69 41 12.

412 2990 381 49 “Bibliography
828 2990 52 41 of
912 2990 278 41 references
1221 2990 51 39 in
1307 2990 81 39 the
1424 2986 360 51 commentary”
1803 2999 10 30 :
1850 3000 43 38 p.
1931 2988 249 51 [126]-127.

342 3057 53 54 ©
431 3063 113 47 Apr.
580 3062 69 48 20,
687 3060 141 43 1936:
867 3061 67 39 2c.
972 3062 95 38 and
1104 3059 83 42 aff.
1222 3060 113 47 Apr.
1371 3059 56 39 24
1445 3070 9 36 ;
1493 3060 41 38 A
1570 3058 148 41 94150
1732 3070 9 36 ;
1782 3059 304 49 Marguerite
2120 3061 234 46 Hearsey,

412 3119 194 40 Hollins
638 3119 205 47 College,
875 3119 84 38 Va.
1032 3116 252 49 (36-9839)

340 3224 94 53 Du
459 3223 158 65 Bois,
643 3222 258 55 William
926 3221 175 55 Pêne.

412 3298 299 55 Elisabeth
729 3317 11 48 ;
776 3298 98 53 the
906 3317 117 34 cow
1057 3298 185 69 ghost,
1275 3297 76 69 by
1383 3296 264 55 William
1677 3297 155 53 Pêne
1861 3298 95 51 Du
1991 3296 153 54 Bois.
2215 3298 140 53 New

341 3378 181 67 York,
549 3379 66 52 T.
642 3379 214 54 Nelson
878 3377 113 53 and
1017 3395 147 50 sons,
1193 3379 151 50 1936.

415 3464 984 51 [47] p. illus. (part col.) 15½ × 16 cm .
343 3531 52 54 ©
432 3537 106 47 May
567 3535 68 49 12,
667 3535 140 42 1936:
838 3535 67 42 2c.
936 3536 97 40 and
1062 3535 82 41 aff.
1176 3536 113 47 May
1320 3536 53 40 13
1393 3546 8 36 ;
1433 3535 40 40 A
1503 3534 143 41 95122
1665 3546 8 37 ;
1707 3535 211 41 Thomas
1950 3535 180 42 Nelson
2161 3536 37 41 &
2228 3546 125 31 sons.

425 3594 283 48 (36-10049)

339 3696 267 66 Duggar,
630 3696 320 66 Benjamin
975 3694 220 67 Minge,
1225 3696 172 55 1872-
1610 3697 86 54 ed.

415 3773 322 69 Biological
764 3773 192 53 effects
984 3773 64 53 of
1075 3772 319 67 radiation;
1423 3772 348 53 mechanism
1800 3772 112 53 and
1941 3780 412 46 measurement

341 3850 66 53 of
438 3851 308 68 radiation,
780 3849 383 70 applications
1195 3850 61 53 in
1286 3848 250 70 biology,
1568 3848 455 69 photochemical
2055 3849 297 69 reactions,

341 3927 195 55 effects
569 3928 64 54 of
670 3928 233 53 radiant
938 3946 211 50 energy
1187 3946 73 34 on
1298 3926 318 69 organisms
1656 3927 113 53 and
1806 3927 236 68 organic
2078 3928 272 68 products

403 4004 1945 72 … Edited by Benjamin M. Duggar … with the cooperation
