2519 4377
1040 4090 99 50 369

111 445 169 64 Hine,
313 445 268 53 Annabel
613 445 283 64 Whitney
927 445 362 64 (Baggaley)
1330 446 170 52 “Mrs.
1534 444 224 55 Walter
1791 445 69 54 R.
1893 442 209 64 Hine,”

182 528 170 49 1886-

182 595 1920 71 New flower arrangements, by Mrs. Walter R. Hine … New
114 675 176 66 York,
310 673 60 54 C.
392 674 312 54 Scribner’s
732 693 154 47 sons;
916 674 256 67 London,
1204 674 60 55 C.
1297 673 311 56 Scribner’s
1633 690 145 50 sons,
1805 673 123 65 ltd.,
1951 674 147 51 1936.

179 745 1360 49 xiii p., 1 l., 159 p. incl. front., plates, diagr. 26cm.
109 801 53 53 ©
192 807 120 38 Mar.
341 805 69 47 24,
439 804 113 41 1936;
610 805 67 40 2c.
708 806 94 38 and
833 804 82 40 aff.
945 806 113 46 Apr.
1087 805 25 39 3;
1172 806 39 37 A
1242 804 145 40 92720;
1446 805 201 39 Charles
1682 803 264 41 Scribner’s
1979 814 124 30 sons.

189 862 249 48 (36-8333)

110 938 291 53 Honolulu
429 936 420 56 star-bulletin.

176 1014 101 53 All
308 1013 173 52 about
505 1012 233 54 Hawaii;
800 1033 30 33 a
857 1012 274 54 standard
1160 1012 207 53 tourist
1396 1013 188 67 guide,
1610 1013 157 52 what
1791 1017 57 48 to
1878 1031 89 35 see
1991 1012 112 54 and

109 1092 126 52 how
260 1098 58 46 to
342 1110 85 34 see
454 1092 46 51 it
520 1091 59 52 in
605 1091 96 53 the
728 1091 187 53 island
941 1091 272 67 territory
1241 1090 63 53 of
1330 1091 95 53 the
1452 1091 217 53 United
1699 1090 216 68 States;

107 1089 1973 133 illustrated
348 1169 139 52 with
542 1168 206 68 photos
804 1169 111 53 and
970 1187 162 49 maps;
1217 1167 238 70 history,
1510 1167 250 71 legends,
1815 1168 289 54 statistics.

113 1247 331 67 [Honolulu,
474 1247 242 52 Printed
745 1248 75 67 by
846 1248 295 52 Honolulu
1172 1247 405 67 star-bulletin,
1603 1248 124 66 ltd.]
1762 1250 174 50 c1936.

177 1320 87 41 223
287 1332 44 38 p.
358 1320 109 42 incl.
493 1321 163 48 front.,
686 1321 142 47 illus.,
856 1323 150 47 ports,
1061 1322 118 40 fold.
1205 1332 150 38 maps.
1407 1322 146 41 17½cm.

179 1377 226 40 Includes
435 1377 301 49 advertising
761 1380 193 38 matter.

180 1433 179 41 “Third
389 1433 508 48 edition—February,
926 1432 157 42 1936.”

107 1485 53 52 ©
191 1491 121 39 Mar.
342 1492 40 40 4,
416 1489 139 42 1936:
589 1490 66 40 2c.
689 1492 93 38 and
815 1490 82 40 aff.
930 1491 121 39 Mar.
1085 1490 56 39 16;
1200 1491 40 38 A
1273 1489 141 41 92282;
1478 1491 246 39 Honolulu
1758 1491 345 48 star-bulletin,

180 1548 85 38 ltd.
337 1547 249 47 (36-8356)

130 1623 182 64 [Horn,
342 1623 304 64 Holloway]
700 1629 171 49 1886-

175 1698 119 52 The
322 1697 410 68 experimental
761 1716 120 51 age,
908 1699 74 68 by
1010 1698 76 53 H.
1114 1698 64 52 L.
1205 1698 299 69 Waghorn
1557 1698 213 67 [pseud.]
1840 1698 259 64 London,

105 1775 76 53 H.
211 1776 258 67 Jenkins,
499 1775 222 54 limited
758 1779 172 64 c1935]

174 1848 86 41 280
286 1860 42 37 p.
390 1848 114 41 19cm.

176 1905 163 41 “First
364 1906 219 48 printing
610 1905 159 42 1935.”

108 1960 1996 111 © 1c. Jan. 7. 1936: A ad int. 21086; pubd. Nov. 8, 1935; H. Horn, Hills-brook, Berkhampsted, England. (36-8456)
105 2095 316 64 Horowitz,
448 2097 179 53 Jacob
654 2097 203 63 Israel,
887 2102 170 50 1888-

174 2171 236 53 Manual
451 2172 95 52 for
583 2173 241 66 lawyers
863 2173 111 51 and
1013 2172 111 52 law
1164 2172 199 68 clerks,
1401 2171 336 69 explaining
1774 2172 95 52 the
105 2190 1972 112 procedural

303 2250 112 52 and
445 2249 226 54 routine
700 2250 159 53 work
887 2249 310 55 incidental
1225 2255 58 47 to
1317 2257 160 47 court
1508 2250 113 53 and
1653 2247 147 56 office
1834 2250 267 68 practice,

108 2326 296 68 including
459 2326 248 54 detailed
761 2327 369 54 instructions
1184 2328 96 52 for
1334 2327 328 69 examining
1717 2328 111 52 and
1885 2328 214 68 closing

106 2403 1991 70 titles to real estate, by Jacob I. Horowitz … 2d ed. New
108 2481 176 66 York,
314 2481 229 54 Central
573 2483 148 51 book
749 2501 294 50 company,
1072 2486 149 50 1936.

173 2552 131 47 xxvi,
334 2551 84 41 623
447 2563 43 37 p.
550 2553 147 40 23½cm.

175 2607 135 41 First
343 2608 195 49 edition,
573 2610 256 47 published
862 2611 128 48 1926,
1026 2613 87 38 has
1150 2612 109 40 title:
1325 2613 200 39 Manual
1560 2613 79 39 for
1674 2614 97 38 law
1807 2613 156 39 clerks
2001 2613 93 40 and

106 2666 385 47 stenographers.

105 2720 53 53 ©
194 2727 121 38 Mar.
348 2725 69 48 30,
455 2725 140 47 1936;
633 2726 68 40 2c.
740 2727 96 39 and
872 2727 83 39 aff.
991 2728 114 46 Apr.
1142 2727 53 47 1;
1234 2728 44 38 A
1311 2726 171 48 92657;
1522 2728 43 40 J.
1605 2729 36 38 I.
1680 2728 264 47 Horowitz,
1982 2729 119 38 New

174 2783 143 39 York.
385 2781 249 50 (36-8421)

105 2855 219 66 Irving,
353 2856 314 55 Frederick
697 2859 343 63 Carpenter,
1071 2864 171 51 1883-

262 2934 270 52 textbook
568 2934 63 52 of
668 2934 294 54 obstetrics
997 2935 95 51 for
1126 2935 257 53 students
1421 2935 111 51 and
1570 2933 419 69 practitioners,
2024 2935 74 67 by

107 3010 1991 70 Frederick C. Irving … New York, The Macmillan company,
105 3090 148 50 1936.

174 3158 130 47 xxiv,
333 3157 84 40 558
445 3169 42 36 p.
516 3159 109 39 incl.
654 3159 143 48 illus.,
825 3160 170 48 plates,
1026 3161 178 47 diagrs.
1260 3162 27 38 2
1315 3161 119 42 fold,
1465 3161 152 48 diagr.
1678 3163 116 40 24cm.

176 3214 144 39 “This
352 3214 191 41 volume
575 3216 241 40 embodies
851 3218 48 37 in
933 3227 61 29 an
1028 3217 243 47 amplified
1305 3218 127 39 form
1464 3219 82 39 the
1579 3218 226 40 material
1840 3218 254 40 contained

103 3270 49 39 in
179 3271 82 39 the
289 3270 220 41 Outlines
534 3271 54 39 of
610 3273 188 38 normal
826 3274 95 38 and
948 3274 248 38 abnormal
1226 3273 254 41 obstetrics
1509 3275 118 39 used
1654 3275 78 39 for
1760 3285 28 30 a
1816 3275 203 39 number
2045 3276 51 39 of

103 3336 140 36 years
279 3328 49 38 in
366 3327 226 48 teaching
627 3329 187 47 second,
853 3330 131 39 third
1021 3331 96 38 and
1154 3330 171 39 fourth
1361 3342 115 36 year
1515 3331 223 40 students
1777 3332 49 38 in
1865 3332 226 39 Harvard

103 3384 201 39 medical
334 3383 452 41 school.”—Introd.

174 3438 346 41 “References”
548 3443 52 37 at
627 3442 91 38 end
747 3441 51 39 of
824 3442 118 39 each
969 3442 214 46 chapter.

104 3495 52 53 ©
190 3499 109 40 Feb.
393 3533 8 8 18.
437 3499 139 41 1936:
612 3499 68 40 2c.
716 3501 95 38 and
846 3500 81 39 aff.
964 3500 110 40 Feb.
1110 3500 80 40 19:
1229 3502 40 37 A
1304 3500 170 49 91846;
1513 3501 281 40 Macmillan
1829 3512 69 30 co.

183 3557 248 46 (36-8330)

100 3631 272 64 Jackson,
399 3632 265 53 Percival
692 3634 67 53 E.

172 3707 120 52 The
333 3707 109 52 law
484 3707 63 52 of
589 3707 268 53 cadavers
900 3708 112 52 and
1053 3708 64 52 of
1157 3707 187 53 burial
1389 3711 113 49 and
1542 3708 188 52 burial
1774 3707 204 69 places,
2019 3708 73 68 by

101 3781 1989 71 Percival E. Jackson … New York, Prentice-Hall, inc., 1936.
168 3854 130 47 lxxv,
331 3854 84 39 734
447 3865 42 37 p.
549 3854 116 39 24cm.

170 3910 176 40 “Table
378 3911 50 38 of
458 3910 162 40 cases”:
683 3922 42 37 p.
759 3911 289 41 xxix-lxxii.

101 3964 52 52 ©
179 3969 120 40 Mar.
324 3969 68 39 10.
421 3968 139 41 1936:
590 3969 66 40 2c.
688 3971 120 39 Mar.
836 3970 58 38 25:
949 3969 82 41 aff.
1060 3971 122 40 Mar.
1210 3971 55 39 27;
1323 3972 41 37 A
1392 3970 114 41 92578:
1594 3971 374 43 Prentice-Hall.
1998 3973 92 38 inc.

179 4026 247 46 (36-8417)
