2519 4377
1250 4105 102 56 788

306 427 318 64 Niemeier,
650 429 226 54 Minnie
902 428 72 57 A.

378 504 140 53 New
546 506 167 68 plays
741 504 96 54 for
863 522 169 51 every
1057 506 113 69 day
1196 506 96 53 the
1321 508 219 54 schools
1567 509 293 69 celebrate,
1886 511 75 67 by
1991 511 223 55 Minnie
2244 512 71 55 A.

306 583 1987 148 Niemeier … Enl. ed. New York, Noble and Noble, publishers, inc. c1936]
380 747 101 50 viii,
510 749 87 41 382
627 759 44 38 p.
732 747 129 42 illus.
921 748 148 43 20½cm.

309 816 53 54 ©
396 821 115 47 May
544 820 70 49 26,
649 819 120 42 1936;
828 820 68 41 2c.
932 821 130 40 June
1093 820 82 49 19;
1213 821 82 41 aff.
1333 822 130 40 June
1492 822 83 47 20;
1614 824 40 38 A
1687 822 172 49 96064;
1896 824 153 42 Noble
2084 825 36 40 &
2153 824 164 49 Noble,

381 878 290 48 publishers,
705 876 91 43 inc.
869 877 282 49 (36-13053)

305 983 251 63 Norton,
583 983 156 54 John
768 984 225 65 Kelley,
1023 989 171 50 1893-

378 1059 1878 72 Foundations of curriculum building, by John K. Norton …
306 1138 2004 74 and Margaret Alltucker Norton … Boston, New York [etc.]
304 1218 848 70 Ginn and company [ c 1936]
378 1317 46 37 x,
456 1304 87 42 599
571 1314 43 39 p.
676 1303 155 50 diagr.
891 1304 147 42 21½cm.

378 1374 342 42 “Curriculum
754 1374 222 49 building
1007 1377 51 39 at
1093 1376 80 40 the
1207 1377 482 48 elementary-school
1724 1377 361 41 level.”—Pref.

378 1433 249 41 “Selected
655 1432 370 49 bibliography”
1056 1435 51 39 at
1136 1435 90 39 end
1257 1433 52 41 of
1338 1435 117 40 each
1483 1435 215 48 chapter.

305 1500 53 53 ©
388 1506 114 47 May
530 1504 70 48 20,
630 1503 142 49 1936;
804 1503 67 43 2c.
900 1505 131 40 June
1058 1505 81 47 15;
1172 1505 83 41 aff.
1287 1505 127 40 June
1444 1506 81 47 13;
1559 1506 43 39 A
1629 1504 144 42 94923;
1835 1507 44 41 J.
1910 1507 59 39 K.
2003 1507 186 40 Norton
2221 1509 96 39 and

375 1563 250 49 Margaret
655 1562 254 40 Alltucker
939 1563 200 49 Norton,
1170 1562 119 41 New
1320 1562 144 40 York.
1532 1562 282 51 (36-12971)

304 1667 217 65 Noyes,
550 1667 236 54 Arthur
814 1668 206 64 Percy,
1052 1673 171 50 1880-

379 1744 1938 70 A textbook of psychiatry, by Arthur P. Noyes … 2d ed.,
304 1825 338 68 completely
684 1843 113 35 rev.
838 1825 113 53 and
993 1830 160 48 reset.
1230 1824 138 54 New
1412 1824 181 67 York,
1633 1825 124 53 The
1792 1825 335 54 Macmillan
307 1844 1986 127 company,
510 1906 152 51 1936.

374 1982 86 42 viii
488 1994 56 37 p.,
573 1983 25 39 1
662 2013 9 17 l.,
698 1981 88 42 329
811 1992 42 38 p.
915 1982 116 42 22cm.

375 2051 349 44 “References”
752 2056 53 38 at
829 2055 91 39 end
947 2053 52 40 of
1021 2054 119 39 each
1165 2053 199 48 chapter
1393 2055 167 46 except
1588 2053 80 41 the
1695 2052 120 42 first.

304 2120 53 53 ©
389 2125 115 46 May
533 2124 70 48 26,
636 2122 116 42 1936;
814 2124 67 41 2c.
914 2124 97 40 and
1044 2123 82 42 aff.
1161 2125 114 47 May
1306 2122 55 42 27;
1424 2124 40 39 A
1496 2121 143 42 95411;
1705 2124 283 40 Macmillan
2021 2134 68 31 co.

387 2181 282 48 (36-13181)

303 2287 122 53 The
454 2287 231 54 Oxford
714 2286 296 68 medicine,
1038 2288 75 67 by
1142 2288 230 52 various
1404 2287 251 67 authors,
1685 2286 190 53 edited
1904 2287 76 68 by
2009 2288 203 66 Henry
2242 2285 71 54 A.

375 2363 1935 70 Christian … [Volume 7. Psychiatry for practitioners]
374 2446 138 52 New
544 2443 181 68 York,
755 2443 240 53 London
1051 2450 120 61 [etc.]
1209 2443 231 56 Oxford
1473 2443 318 69 university
1824 2462 156 50 press
2018 2477 12 33 [
2035 2449 18 21 c
2059 2446 153 65 1936]

373 2531 45 35 x,
447 2518 85 40 634
559 2529 44 37 p.
660 2517 147 41 26½cm.

304 2584 53 54 ©
395 2589 130 40 June
559 2587 70 48 23,
671 2587 141 47 1936;
854 2587 68 44 2c.
961 2588 127 40 June
1126 2587 83 47 26;
1251 2586 83 41 aff.
1374 2587 130 40 June
1540 2587 83 47 27;
1664 2587 40 39 A
1742 2585 172 49 95850;
1957 2586 189 41 Oxford
2183 2586 131 40 univ.

375 2656 150 39 press,
559 2646 118 39 New
711 2645 145 48 York,
891 2644 90 41 inc.

300 2748 352 64 Percheron,
681 2748 281 58 Maurice.

433 2821 1880 70 … La Chine; illustrations en couleurs de Zenker; ouvrage
301 2904 136 52 orné
460 2905 69 52 de
557 2907 98 49 151
685 2902 467 70 photographies.
1214 2902 185 68 Paris,
1426 2903 65 53 F.
1518 2901 252 69 Nathan,
1801 2903 150 51 1935.

372 2975 1343 53 159, p] p. illus. (incl. ports.) col. plates. 21 ½ cm.
302 3045 2012 55 © Nov. 31, 1935; 1c. Apr. 18, 1936; A- Foreign 31348; Fernand Nathan.
384 3107 282 50 (36-12690)

300 3212 264 63 Proctor,
593 3212 229 64 George
848 3211 255 63 Durant,
1135 3212 170 54 1897-

376 3290 54 51 A
453 3288 267 69 pictorial
744 3287 222 70 history
992 3287 64 54 of
1073 3287 96 53 the
1190 3285 388 55 Constitution
1605 3284 112 55 and
1738 3285 95 52 the
1855 3283 275 70 Supreme
2154 3288 161 49 court

305 3368 63 52 of
403 3368 94 53 the
531 3366 219 55 United
788 3366 188 55 States
1011 3365 63 53 of
1110 3364 282 66 America,
1426 3365 74 68 by
1533 3363 221 69 George
1791 3364 231 52 Durant
2056 3364 257 63 Proctor,

307 3446 270 68 designed
629 3445 113 53 and
792 3444 326 54 illustrated
1165 3445 75 68 by
1293 3442 229 56 Samuel
1572 3443 297 53 Nisenson.
1944 3442 139 52 New
2135 3441 179 64 York,

305 3521 956 71 Grosset & Dunlap, inc. [ c 1936]
380 3599 85 51 [74]
494 3610 41 38 p.
590 3599 144 49 illus.,
829 3630 9 18 pl.,
865 3600 149 47 ports.
1067 3597 146 49 28½cm.

378 3669 286 42 Facsimiles
698 3679 60 31 on
788 3667 366 51 lining-papers.

304 3737 52 53 ©
391 3742 114 40 May
539 3742 39 47 5,
615 3739 140 49 1936;
792 3741 66 40 2c.
896 3741 93 39 and
1025 3739 83 41 aff.
1145 3741 112 46 May
1293 3740 53 45 7;
1381 3740 39 38 A
1454 3738 171 46 94316;
1667 3738 197 41 Grosset
1900 3739 36 40 &
1974 3737 208 48 Dunlap,
2220 3738 90 41 inc.

384 3797 281 49 (36-12939)

302 3899 223 55 Punch,
601 3918 49 37 v.
680 3904 115 61 190,
817 3919 87 35 no.
933 3903 153 63 4956,
1111 3901 137 66 May
1273 3903 84 62 20,
1386 3902 148 51 1936.

303 3984 2006 54 © 1c. July 15, 1936; A ad int. 21656; pubd. May 20; Herbert Heather,
374 4046 212 40 London.
