2519 4377
1289 4110 134 52 1072

438 519 86 41 180
558 530 44 38 p.
664 518 129 42 illus.
854 519 56 41 26
913 521 46 22 cm
962 552 9 8 .

439 591 291 40 Illustrated
760 592 100 46 t.-p.
890 591 95 41 and
1015 589 366 50 lining-papers.

440 647 164 41 “First
630 647 199 49 edition,
858 648 120 48 July
1002 648 143 47 1936;
1171 649 175 40 second
1373 648 232 50 printing,
1634 649 119 49 July
1774 649 159 42 1936.”

359 715 54 53 ©
442 720 116 46 July
587 719 69 48 20,
687 719 141 41 1936:
861 720 67 39 2c.
960 719 95 39 and
1082 719 82 41 aff.
1194 720 117 46 July
1340 720 82 47 23;
1454 721 41 39 A
1523 719 173 49 96586;
1730 723 51 39 E.
1812 723 51 40 P.
1894 723 189 40 Dutton
2114 724 40 40 &
2177 734 82 40 co.,
2289 724 92 42 inc.

441 777 283 48 (36-17938)

361 880 198 64 Wells,
587 882 260 53 Herbert
877 881 247 65 George,
1156 886 173 50 1866-

496 958 1886 72 … The outline of man’s work and wealth … Garden City,
363 1041 69 51 N.
465 1040 88 64 Y.,
580 1039 235 55 Garden
845 1037 134 68 City
1006 1036 338 70 publishing
1370 1056 99 49 co.,
1495 1039 107 54 inc.
1639 1073 10 33 [
1656 1045 19 21 c
1680 1042 152 64 1936]

426 1138 64 28 XV
517 1137 59 38 p.,
606 1127 24 40 1
696 1157 9 18 l.,
736 1126 84 40 760
848 1136 44 38 p.
951 1126 165 48 front.,
1146 1126 172 48 plates,
1346 1125 181 48 diagrs.
1586 1126 54 39 21½
1674 1129 45 21 cm
1725 1158 8 9 .

426 1199 63 39 At
522 1198 126 39 head
681 1197 51 39 of
765 1196 136 41 title:
937 1198 61 39 H.
1033 1197 52 40 G.
1120 1196 163 41 Wells.

435 1254 266 41 Published
730 1255 113 40 1931
873 1254 155 39 under
1058 1253 108 40 title
1185 1264 9 30 :
1225 1253 102 40 The
1357 1254 148 47 work,
1539 1255 181 38 wealth
1750 1255 96 39 and
1875 1255 266 49 happiness
2172 1256 51 41 of
357 1267 2008 86 mankind.

360 1381 53 53 ©
445 1386 127 39 June
604 1383 70 47 15,
707 1383 140 45 1936;
883 1383 68 39 2c.
984 1381 95 40 and
1113 1381 81 40 aff.
1229 1382 128 39 June
1390 1381 81 47 16;
1506 1381 40 40 A
1578 1381 173 47 94997;
1788 1383 60 40 H.
1884 1383 53 42 G.
1970 1383 165 49 Wells,
2170 1384 212 41 London.

435 1440 285 52 [Copyright
748 1440 42 39 is
818 1438 207 41 claimed
1053 1449 62 29 on
1143 1437 229 51 revision]
1444 1437 283 51 (36-27308)

363 1545 266 65 Whalen,
655 1546 176 63 Mary
856 1545 153 53 Rose
1037 1543 314 65 Gertrude,
1376 1542 183 67 sister,
1587 1546 173 51 1882-

437 1625 123 54 The
606 1623 280 54 influence
933 1623 65 53 of
1046 1621 229 55 Orestes
1321 1621 298 69 Augustus
1668 1623 320 52 Brownson
2057 1622 94 70 [by]
2204 1622 182 56 Sister

365 1700 2020 73 Mary Rose Gertrude Whalen … South Bend, Ind., The
366 1782 231 56 Chimes
628 1799 178 51 press,
835 1783 152 52 1936.

437 1858 28 40 2
491 1869 44 37 p.
597 1888 9 18 l.,
635 1854 175 42 ix-xiii
837 1866 58 38 p.,
922 1855 25 39 1
1011 1886 8 18 l.,
1048 1854 88 42 138
1161 1866 43 37 p.
1259 1854 61 41 20½
1349 1856 45 22 cm
1399 1885 9 9 .

438 1930 173 41 Issued
649 1928 106 41 also
793 1937 57 31 as
884 1927 155 41 thesis
1075 1928 154 40 under
1264 1926 110 42 title
1392 1939 9 30 :
1445 1927 139 41 Some
1625 1928 192 47 aspects
1853 1928 52 41 of
1940 1929 84 40 the
2057 1928 239 43 influence
2332 1932 52 40 of

367 1989 199 41 Orestes
591 1986 54 41 A.
679 1987 272 38 Brownson
975 1995 61 30 on
1064 1984 77 41 his
1169 1984 427 48 contemporaries.

439 2045 136 40 “List
604 2043 54 42 of
686 2053 197 31 sources
912 2043 96 40 and
1040 2040 305 42 references”
1364 2053 9 29 :
1406 2052 44 39 p.
1480 2042 219 42 134-138.

363 2112 55 54 ©
447 2117 127 39 June
598 2116 73 47 24,
701 2114 114 41 1936
834 2125 8 36 ;
875 2113 67 41 2c.
974 2113 116 47 July
1120 2113 54 40 10
1193 2124 8 34 ;
1236 2113 82 40 aff.
1349 2113 117 47 July
1497 2113 55 40 16
1570 2124 9 36 ;
1615 2114 40 39 A
1684 2112 145 43 96503
1848 2125 8 36 ;
1891 2117 63 39 M.
1988 2117 54 38 R.
2076 2116 56 41 G.
2161 2117 219 48 Whalen,

425 2174 129 46 Holy
579 2173 161 46 Cross,
766 2171 104 40 Ind.
935 2170 282 48 (36-17431)

361 2278 290 65 Wheeler,
679 2275 224 55 Harold
931 2273 165 56 Felix
1122 2274 216 65 Baker,
1368 2276 173 53 1877-
1755 2276 86 54 ed.

430 2354 243 70 Peoples
716 2352 65 55 of
821 2353 98 54 the
963 2352 183 54 world
1188 2351 63 54 in
1290 2351 280 70 pictures;
1615 2352 234 70 general
1892 2353 216 55 editor:
2151 2355 229 56 Harold

358 2429 1489 70 Wheeler … London, Odhams press ltd. [ c 1936]
430 2505 86 41 512
543 2517 43 38 p.
615 2506 111 41 incl.
756 2505 165 47 front.,
951 2504 131 42 illus.
1141 2504 57 41 25½
1232 2506 45 22 cm
1280 2536 10 10 .

433 2575 292 43 Illustrated
753 2577 99 47 t.-p.
878 2576 97 40 and
1002 2574 366 50 lining-papers.

364 2646 2016 53 © 1c. June 4, 1936; A ad int. 21610; pubd. Apr. 27; Oldhams press ltd.
436 2707 283 48 (36-17805)

363 2810 287 66 Wheeler,
678 2811 162 63 Post,
871 2815 174 51 1869-

436 2888 122 56 The
595 2887 210 70 golden
841 2887 206 70 legend
1085 2885 65 56 of
1188 2884 308 72 Ethiopia;
1535 2885 97 55 the
1668 2885 314 71 love-story
2017 2885 65 55 of
2117 2887 266 70 Mâqedâ,

366 2967 193 70 virgin
586 2986 179 50 queen
793 2966 65 54 of
884 2966 196 53 Axum
1107 2969 51 50 &
1190 2965 205 69 Shêbâ,
1426 2968 52 51 &
1510 2964 272 56 Solomon
1808 2965 97 53 the
1932 2972 164 63 great
2120 2966 159 70 king,
2308 2967 74 69 by

366 3043 2016 71 Post Wheeler … New York, London, D. Appleton-Century
364 3143 302 50 company,
696 3124 422 69 incorporated,
1152 3127 151 50 1936.

437 3198 62 47 vi,
531 3199 98 49 184,
664 3199 55 50 [1]
751 3210 44 38 p.
857 3200 87 40 col.
974 3198 152 41 front.
1186 3198 59 40 19½
1275 3200 45 23 cm
1324 3230 10 9 .

437 3269 294 41 Illustrated
761 3267 365 50 lining-papers.

360 3322 53 53 ©
441 3326 117 47 July
586 3327 69 47 24,
686 3325 140 44 1936;
857 3325 67 41 2c.
955 3326 96 39 and
1080 3326 83 40 aff.
1194 3325 115 47 July
1339 3326 82 46 25;
1454 3326 39 39 A
1522 3325 172 48 96632;
1727 3327 50 40 P.
1808 3326 238 50 Wheeler,
2077 3326 302 49 Hollywood,

426 3396 146 43 Calif.
635 3396 283 49 (36-17995)

362 3501 210 67 Wolfe,
599 3501 317 67 Humbert,
945 3507 172 51 1885-

434 3580 123 52 The
592 3579 203 53 fourth
831 3579 64 54 of
930 3578 249 70 August,
1215 3579 74 69 by
1325 3579 288 53 Humbert
1647 3579 210 56 Wolfe.
1928 3579 260 68 London,
2223 3580 153 68 Eyre

364 3658 113 53 and
507 3657 441 70 Spottiswoode,
980 3660 151 51 1935.

434 3731 673 50 3 p. l. , 17 numb. l. 26 cm .
436 3802 220 43 Sonnets.

434 3860 86 40 725
555 3859 161 49 copies
749 3860 195 48 printed
962 3871 10 37 ;
1009 3871 89 31 one
1132 3861 51 40 of
1217 3860 86 41 700
1338 3872 60 30 on
1433 3860 200 49 antique
1666 3871 153 39 paper
1851 3861 264 41 numbered
2151 3861 111 41 “not
2294 3862 81 41 for

363 3917 145 42 sale.”

364 3984 2010 53 © 1c. Dec. 21, 1935; A ad int. 20936; pubd. Oct. 24; H. Wolfe, London. (36-17265)
