2519 4377
1333 4125 133 48 1404

470 486 135 42 “List
631 487 55 41 of
712 487 149 41 books
888 499 62 29 on
977 490 188 40 science
1190 490 256 48 teaching”:
1505 501 43 38 p.
1578 491 220 39 xvi-xvii;
1859 491 352 42 “References”
2241 495 53 39 at
2321 494 94 41 end

397 544 54 40 of
474 545 119 40 each
621 546 217 47 chapter.

395 611 53 53 ©
481 616 129 48 Sept.
637 617 71 47 15,
738 616 118 41 1936;
911 617 68 41 2c.
1010 618 96 39 and
1135 618 82 40 aff.
1251 620 129 47 Sept.
1410 621 55 40 18;
1521 621 41 39 A
1590 619 146 42 97884;
1796 622 355 40 McGraw-Hill
2181 623 125 39 book
2334 633 83 40 co.,

465 673 90 41 inc.
614 674 284 50 (36-21437)

395 778 203 64 Prout,
624 779 202 53 Frank
852 780 133 64 Jay,
1015 786 173 49 1883-

466 856 1766 70 The duck and the fox, by F. J. Prout … and Emeline
395 863 2022 144 Baumeister … illustrations by Ruth Mary Hallock. Lincoln. New
396 1014 164 53 York
593 1020 140 62 [etc.]
770 1015 123 54 The
923 1016 341 69 University
1294 1017 341 70 publishing
1663 1037 282 51 company
2026 1023 151 64 ][1936]

467 1099 40 37 v,
543 1089 86 40 154
664 1100 41 37 p.
769 1090 126 40 illus.
927 1089 136 49 (part
1096 1091 113 49 col.)
1277 1091 56 40 19½
1366 1094 44 21 cm
1414 1123 8 7 .

465 1160 68 39 “A
563 1160 210 46 thought
802 1163 97 37 test
928 1162 176 39 second
1134 1162 218 41 reader.”

394 1227 2021 56 © Aug. 27, 1936; 2c. Sept. 19; aff. Sept. 21; A 98514; University pub. co.
468 1289 285 49 [Copyright
777 1289 43 40 is
844 1289 208 40 claimed
1079 1301 61 30 on
1164 1300 107 30 new
1296 1289 229 43 material
1550 1292 98 39 and
1674 1291 226 51 changes]
496 1346 261 50 36-21659)

464 1450 1952 70 The lazy kettle, by F. J. Prout … and Emeline Baumeister
455 1530 1962 69 … illustrations by Ruth Mary Hallock. Lincoln, New York
399 1614 138 63 [etc.]
574 1608 121 54 The
726 1609 340 70 University
1096 1607 338 72 publishing
1465 1629 281 50 company
1783 1645 13 34 [
1802 1618 17 21 c
1824 1615 154 64 1936]

465 1683 59 48 vi,
559 1684 87 40 218
680 1695 42 37 p.
784 1683 128 41 illus.
942 1684 136 49 (part
1113 1685 112 48 col.)
1293 1685 57 40 19½
1382 1687 45 22 cm
1430 1716 8 8 .

467 1755 67 39 “A
566 1755 208 48 thought
806 1757 96 38 test
932 1754 135 42 third
1095 1754 217 43 reader.”

393 1821 52 52 ©
470 1826 120 45 Aug.
617 1825 71 48 27,
714 1825 118 41 1936;
884 1826 69 40 2c.
982 1826 128 48 Sept.
1137 1825 55 40 19;
1249 1826 81 40 aff.
1361 1827 128 47 Sept.
1516 1825 55 41 21;
1628 1827 41 39 A
1695 1825 145 42 98513;
1897 1824 287 50 University
2209 1826 109 49 pub.
2347 1834 69 34 co.

467 1882 285 49 [Copyright
778 1882 42 41 is
846 1882 207 40 claimed
1077 1893 61 31 on
1162 1894 108 29 new
1295 1883 228 40 material
1552 1884 96 40 and
1674 1883 228 50 changes]
473 1941 284 49 (36-21658)

395 2045 2018 148 Names and games, by F. J. Prout … and Emeline Baumeister … illustrations by Ruth Mary Hallock. Lincoln, New
399 2202 1775 70 York [etc.] The University publishing company [ c 1936]
464 2279 86 39 112
579 2290 42 37 p.
685 2278 126 41 illus.
841 2278 136 49 (part
1006 2277 112 49 col.)
1187 2279 56 40 19½
1276 2281 44 22 cm
1324 2309 8 9 .

465 2336 68 39 “A
561 2335 208 49 thought
799 2337 96 39 test
924 2334 224 50 primer.”

393 2402 2019 53 © Aug. 27, 1936; 2c. Sept. 19; aff. Sept. 21; A 98516; University pub. co.
466 2463 284 50 [Copyright
772 2464 43 40 is
838 2463 207 40 claimed
1068 2474 62 29 on
1151 2473 107 30 new
1281 2463 229 39 material
1534 2463 98 40 and
1656 2462 226 50 changes]

472 2522 285 48 (36-21661)

463 2624 1888 71 Pets and toys, by F. J. Prout … and Emeline Baumeister …
395 2706 380 52 illustrations
799 2705 75 68 by
955 2705 104 53 Ruth
1083 2705 174 67 Mary
1279 2704 268 53 Hallock.
1622 2704 261 67 Lincoln,
1909 2704 139 53 New
2075 2703 163 53 York
2270 2710 137 60 [etc.]

393 2782 1400 70 The University publishing company [ c 1936]
462 2858 678 50 112 p. col. illus. 19 ½cm .
465 2917 69 39 “A
565 2916 208 49 thought
802 2918 96 39 test
926 2916 111 41 first
1067 2914 214 43 reader.”

392 2983 53 52 ©
471 2987 121 47 Aug.
619 2986 71 49 27,
719 2985 114 42 1936;
892 2987 67 38 2c.
991 2987 129 47 Sept.
1147 2987 60 40 18;
1264 2985 79 40 aff.
1375 2986 102 40 Oct.
1506 2986 56 39 17;
1618 2985 43 39 A
1687 2983 145 42 98515;
1892 2982 285 48 University
2204 2984 111 47 pub.
2343 2993 68 30 co.

468 3044 283 50 [Copyright
775 3044 41 39 is
837 3043 207 41 claimed
1069 3054 62 29 on
1152 3053 107 29 new
1285 3040 228 41 material
1536 3042 96 39 and
1658 3042 226 49 changes]
472 3102 284 48 (36-21660)

392 3209 274 62 Provost,
689 3207 222 56 André.

396 3281 2015 150 L’industrie du tabac. Généralités.—Scaïeriatis,—Cigarettes, par André Provost … préface de Léon Blondeaux,
392 3445 186 63 Paris,
605 3443 232 65 Dunod,
868 3446 149 50 1935.

463 3512 1787 53 xxix p., 1 l., 454 p. incl. illus., iv pl. on 2 l., tables, diagrs. 25 ½ cm .
392 3571 1696 53 © Oct. 1, 1935; 1c. Apr. 18, 1936; A- Foreign 31427; Dunod.
392 3681 144 62 Rey,
565 3679 301 56 Claudius.

524 3754 1711 70 … L’agriculture et la crise. Paris, Vigot frères, 1936.
467 3830 85 40 135
581 3841 56 37 p.,
669 3829 26 40 2
744 3861 9 8 l.
814 3828 58 42 25½
903 3831 45 22 cm
953 3862 9 8 .

468 3887 240 40 “Errata”;
769 3887 23 39 1
822 3886 104 41 leaf
955 3886 99 44 laid
1089 3886 64 44 in.

468 3944 282 49 “Ouvrages
782 3943 305 43 consultés”:
1121 3955 42 38 p.
1204 3943 116 52 [136]

393 3998 1695 110 © Apr. 25, 1936; 1c. May 21; A- Foreign 31849: Vigot frères. (36-22163)
