2519 4377
1003 4059 131 50 1625

89 411 301 65 Altmann,
420 412 288 53 Wilhelm.

160 488 853 68 Orehester-literatur-katalog;
1067 490 343 53 Verzeichnis
1433 509 109 34 von
1563 492 102 52 seit
1692 494 133 51 1850

82 492 2000 144 erschienenen Orchester-werken ... zusammengestellt von prof. d r. Wilh.
89 644 292 53 Altmann.
456 648 47 49 2.
544 646 88 52 bei.
675 645 567 67 Neuerscheinungen
1287 648 132 51 1926
1458 646 85 53 bis
1587 650 130 50 1935
1756 647 116 53 und
89 648 1967 131 nachtiütre
276 764 55 9 ...
411 723 255 65 Leipzig,
692 724 62 52 F.
784 724 62 51 E.
876 724 61 54 C.
964 724 298 54 Leuckart.
1291 727 148 50 1936.

158 793 113 47 xvii,
306 794 71 49 [1],
409 795 19 38 187
523 805 42 37 p.
624 793 56 41 23½cm.

87 846 53 53 ©
215 861 69 30 Nov.
315 851 69 47 14,
414 849 139 48 1936;
586 853 65 37 lo.
686 852 117 40 Nov.
832 850 82 49 28;
948 851 309 48 A-Foreign
1287 850 172 50 33501;
1494 852 49 40 F.
1577 854 53 39 E.
1662 852 49 42 C.
1744 853 258 42 Leuckart.

86 970 214 64 Ascoli,
324 972 157 52 Max.

154 1045 368 69 Intelligence
547 1046 58 52 in
632 1046 244 68 politics,
900 1047 75 68 by
997 1047 140 53 Max
1160 1046 194 55 Ascoli
1384 1089 57 11 ...
1503 1046 139 53 New
1667 1046 180 69 York,
1870 1047 91 54 W.
1988 1047 90 54 W.

83 1121 980 71 Norton & company, inc. [ c 1936]
150 1195 780 50 3 p. l., v-ix, 11-280 p. 21 cm .
152 1251 163 42 “First
341 1253 226 41 edition.”

431 1310 1427 49 CONTENTS. — The intellectuals and democracy. —America and
87 1314 1979 100 democracy.
216 1390 59 6 —
277 1367 102 40 The
399 1367 298 39 individuals
721 1368 94 39 and
841 1368 81 40 the
946 1377 184 30 masses
1154 1368 49 40 in
1229 1368 256 40 American
1511 1369 195 47 society.
1709 1393 61 5 —
1770 1369 104 41 The

87 1369 1978 94 assimilation
267 1423 52 40 of
347 1424 81 40 the
454 1425 293 38 democratic
776 1424 462 48 experience.—The
1267 1425 308 47 intelligence
1604 1425 52 40 of
1684 1425 231 40 freedom.

85 1476 53 53 ©
169 1480 101 42 Oct.
301 1480 38 48 5,
371 1479 114 41 1936;
543 1479 66 42 2c.
643 1481 95 39 and
767 1481 81 40 aff.
883 1481 101 41 Oct.
1016 1482 52 46 9;
1104 1482 38 39 A
1173 1480 171 49 99275;
1379 1483 72 40 W.
1484 1483 71 40 W.
1587 1482 185 40 Norton
1806 1484 36 39 &
1875 1492 82 37 co.,
1990 1481 90 41 inc.

164 1536 280 49 (36-30306)

83 1642 315 65 Ballinger,
426 1644 296 53 Kenneth.

153 1720 201 53 Miami
377 1721 278 65 millions;
684 1722 92 52 the
803 1724 175 50 dance
1004 1721 62 54 of
1090 1722 94 52 the
1209 1722 214 53 dollars
1448 1722 59 52 in
1533 1722 96 52 the
1653 1726 163 62 great
1840 1720 239 55 Florida

86 1798 131 52 land
276 1799 161 53 boom
494 1798 62 52 of
614 1802 150 52 1925.
818 1800 74 66 by
948 1800 266 52 Kenneth
1269 1799 313 68 Ballinger.
1657 1798 221 58 Miami,
1934 1799 144 67 Fla.,

83 1876 237 54 Printed
346 1878 74 64 by
442 1878 119 52 The
587 1877 285 52 Franklin
893 1895 172 49 press,
1090 1878 126 66 inc.,
1242 1882 150 49 1936.

154 1948 920 51 160 p. illus. (inch ports.) 23½ cm .
155 2005 70 41 On
267 2015 141 30 cover;
477 2006 102 40 The
618 2008 136 46 story
795 2006 54 39 of
888 2006 83 41 the
1013 2005 114 41 1925
1170 2006 200 41 Florida
1412 2005 115 41 land
1568 2005 138 41 boom
1751 2005 97 40 and
1889 2005 111 40 how
2040 2006 41 39 it

84 2062 174 39 turned
287 2062 103 40 into
420 2072 25 29 a
478 2062 304 48 boomerang.

154 2118 300 48 “Originally
487 2118 257 48 published
777 2119 155 39 under
967 2119 82 40 the
1082 2119 107 40 title
1226 2118 51 41 of
1313 2117 540 49 ‘Boomerang’.”—The
1888 2117 191 41 author.

83 2171 53 53 ©
162 2177 117 45 Aug.
307 2176 39 45 1,
373 2174 140 48 1936;
541 2175 67 41 2c.
635 2177 119 45 Aug.
781 2175 82 47 24;
897 2175 81 41 aff.
1005 2175 102 41 Oct.
1135 2174 82 48 23;
1247 2176 39 39 A
1312 2174 171 47 98050;
1513 2176 58 39 K.
1601 2174 265 49 Ballinger,
1894 2172 184 42 Miami.

163 2230 1312 110 [ Copyright is claimed on first half of chapter 2] (36-19552)
82 2393 274 63 Bennett,
381 2395 137 51 Mrs.
546 2393 176 52 Ethel
749 2394 192 51 Hume
973 2393 378 64 (Patterson)
1388 2397 171 51 1881-

152 2470 51 51 A
238 2474 251 48 treasure
521 2469 130 69 ship
687 2469 64 53 of
786 2469 95 54 old
917 2469 240 67 Quebec,
1190 2469 75 68 by
1300 2468 173 52 Ethel
1506 2469 192 52 Hume
1731 2469 248 53 Bennett
2018 2510 55 10 ...

84 2547 323 53 illustrated
432 2547 75 66 by
534 2547 183 53 Hazel
747 2547 262 53 Boswell.
1073 2547 138 52 New
1238 2546 181 68 York,
1444 2546 191 67 Dodd,
1660 2546 172 53 Mead
1859 2548 48 50 &
84 2563 1970 129 company,
288 2628 149 50 1936.

149 2700 27 37 4
203 2709 42 36 p.
273 2699 44 40 1..
343 2698 88 39 266
457 2707 43 37 p.
528 2698 107 40 incl.
664 2698 164 42 front.,
857 2698 128 40 illus.
1041 2698 171 48 plates.
1267 2697 55 39 21
1326 2699 45 21 cm
1375 2728 10 10 .

153 2755 284 39 Illustrated
467 2753 362 49 lining-papers.

82 2806 52 53 ©
159 2811 100 40 Oct.
287 2812 37 46 7,
348 2809 141 49 1936;
515 2809 67 43 2c.
610 2810 103 41 Oct.
737 2809 54 48 9;
819 2810 83 41 aff.
929 2810 102 41 Oct.
1058 2808 81 48 10;
1168 2810 39 39 A
1234 2807 199 49 100391;
1464 2808 151 50 Dodd,
1643 2809 143 40 Mead
1813 2809 35 39 &
1875 2819 83 37 co.,
1986 2808 89 39 inc.

162 2866 278 49 (80-30323)

78 2958 286 64 Bennink,
394 2959 266 52 Bernard
688 2958 173 65 John,
893 2964 170 49 1864-

149 3035 119 51 Thc
301 3035 210 52 church
541 3034 60 52 in
630 3035 97 52 the
757 3033 199 68 world,
984 3034 75 66 by
1090 3033 67 52 B.
1191 3034 54 54 J.
1279 3032 293 66 Bennink;
1606 3031 466 68 supplementary

81 3111 197 52 reader
331 3110 58 52 in
441 3111 228 66 general
722 3111 211 53 church
983 3110 236 67 history.
1315 3108 270 69 Chicago,
1637 3108 113 68 Ill.,
1801 3107 271 54 National

79 3187 1087 68 union of Christian schools [ c 1936]
147 3258 84 39 212
261 3269 43 37 p.
365 3259 127 40 illus.
555 3258 56 41 19½
642 3261 45 22 cm
693 3291 8 8 .

79 3314 53 53 ©
158 3320 126 39 Sept.
309 3317 38 43 5.
373 3317 139 46 1936;
539 3317 65 40 2c.
633 3318 101 41 Oct.
759 3318 52 47 5;
839 3318 80 39 aff.
947 3318 101 41 Oct.
1073 3317 53 43 3;
1155 3319 37 38 A
1214 3316 143 42 99231;
1414 3317 114 40 Natl.
1570 3316 149 41 union
1746 3316 51 40 of
1823 3314 251 43 Christian

150 3375 200 40 schools.
413 3373 280 49 (36-30340)

78 3464 286 64 Chernov,
393 3464 213 53 Viktor
635 3463 442 64 Mikhailovich,
1110 3467 170 52 1873-

146 3540 118 52 The
309 3546 161 62 great
514 3540 246 54 Russian
804 3538 337 69 revolution,
1182 3540 75 67 by
1303 3538 202 55 Victor
1550 3538 292 65 Chernov;
77 3541 1971 130 translated
267 3619 112 52 and

415 3618 277 69 abridged
726 3619 74 67 by
837 3618 200 69 Philip
1075 3620 66 52 E.
1177 3619 237 52 Mosely.
1490 3616 139 53 New
1665 3615 224 66 Haven,
1928 3613 144 53 Yale

76 3695 315 65 university
421 3713 173 50 press,
625 3699 151 50 1936.

148 3752 1259 64 viii p., 1 l., 466 p. front., plates, ports. 24 cm .
146 3822 410 47 Bibliographical
594 3823 272 40 references
903 3824 47 40 in
986 3824 204 40 “Notes”
1239 3824 64 48 (p.
1356 3822 247 49 [448]-454)

147 3878 286 40 “Published
469 3889 56 29 on
563 3880 81 39 the
678 3879 146 40 Louis
862 3880 140 40 Stern
1037 3880 249 40 memorial
1322 3878 167 42 fund.”

76 3933 53 52 ©
163 3937 101 40 Oct.
298 3936 69 43 20.
400 3937 138 40 1080;
575 3936 66 42 2c.
677 3939 115 37 Nov.
828 3938 52 45 4;
950 3939 49 38 aff.
1036 3939 101 38 Oct.
1172 3938 83 42 31;
1294 3939 38 38 A
1367 3935 174 42 100267;
1604 3937 123 40 Yale
1757 3936 130 40 univ.
1924 3945 150 38 press.

208 3993 219 40 (36-30351 )
