2519 4377
1321 4137 133 49 1044

377 441 281 64 Gincano,
688 439 175 55 John.

451 517 123 52 The
629 515 408 54 whitewashed
1093 516 287 68 elephant,
1431 516 76 69 by
1562 516 157 55 John
1775 516 260 55 Gincano
2091 518 114 53 and
2259 518 133 70 Kay

379 595 247 53 Hunter.
691 594 141 54 New
859 593 180 68 York,
1072 593 235 56 Grosset
1334 594 114 53 and
1477 595 255 69 Dunlap,
1925 639 10 10 [1936.

455 669 84 49 [24]
573 679 42 38 p.
678 668 129 40 illus.
837 667 136 50 (part
1003 668 112 47 col.)
1184 669 56 40 25
1258 680 32 28 x
1307 668 56 41 28½
1396 671 44 21 cm
1446 700 9 9 .

454 726 290 40 Illustrated
774 727 97 46 t.-p.
900 726 96 40 and
1026 726 192 40 colored
1251 725 366 49 lining-papers.

379 792 53 52 ©
465 797 118 46 Aug.
618 796 38 47 1,
692 794 141 50 1936;
869 794 68 43 2c.
972 795 95 39 and
1102 795 81 40 aff.
1220 796 119 47 Aug.
1375 797 52 47 5;
1464 798 39 37 A
1536 795 172 49 96748;
1747 797 200 40 Grosset
1984 798 36 39 &
2055 798 208 49 Dunlap,
2300 797 91 44 inc.

460 852 282 49 (36-17400)

379 956 283 64 Graham,
696 956 223 55 Robert
954 956 254 55 Bontine
1244 955 472 67 Cunninghame,
1755 963 326 53 1852-1936.

448 1035 227 67 Rodeo;
711 1054 32 35 a
776 1035 298 53 collection
1107 1034 63 54 of
1203 1035 97 53 the
1330 1036 142 52 tales
1504 1035 114 52 and
1650 1035 253 52 sketches
1937 1035 63 54 of
2035 1037 68 51 R.
2139 1037 66 51 B.
378 1036 1990 146 Cunninghame
739 1112 275 69 Graham,
1064 1112 240 55 selected
1354 1113 76 69 by
1479 1113 71 53 A.
1601 1114 64 51 F.
1718 1112 330 69 Tschiffely.
2133 1115 259 67 London,

379 1193 271 67 Toronto,
680 1192 89 53 W.
802 1190 381 70 Heinemann,
1212 1191 105 54 ltd.
1515 1225 12 34 [1936]

449 1264 886 51 xx, 437 p. front. (port.) 20½ cm .
380 1333 53 55 ©
461 1337 68 41 1c.
559 1338 117 46 July
705 1338 69 48 15,
803 1337 143 48 1936;
976 1338 42 39 A
1046 1337 64 40 ad
1138 1336 87 41 int.
1254 1336 174 49 21651;
1459 1336 145 49 pubd.
1635 1339 114 46 May
1780 1339 83 46 38;
1895 1338 301 48 Doubleday,
2228 1339 168 40 Doran

452 1395 36 40 &
523 1404 82 39 co.,
640 1394 107 49 inc.,
785 1394 195 41 Garden
1016 1393 124 49 City,
1176 1395 57 40 N.
1267 1395 55 38 Y.
1397 1393 282 49 (36-17828)

380 1500 209 63 Grant,
622 1498 319 55 Frederick
973 1499 244 65 Clifton,
1251 1506 172 49 1891-

455 1577 300 54 Frontiers
803 1576 65 54 of
915 1576 297 56 Christian
1260 1576 291 71 thinking,
1597 1577 76 69 by
1719 1577 312 55 Frederick
2080 1577 62 57 C.
2193 1578 204 56 Grant.

385 1656 273 64 Chicago,
684 1656 140 53 New
847 1656 181 64 York,
1051 1656 247 64 Willett,
1324 1656 179 54 Clark
1525 1659 45 50 &
1595 1675 299 45 company,
1921 1661 152 50 1935.

454 1730 468 50 3 p. l., 179 p. 19½cm.
382 1799 2015 55 © Dec. 16, 1935; 2c. June 26, 1936; aff. July 6; A 95973; Willett, Clark
454 1861 36 40 &
515 1870 67 31 co.
647 1860 284 50 (36-27062)

382 1968 223 64 Henry,
632 1966 267 57 Harriet.

454 2043 183 68 Burn,
681 2043 218 68 candle,
940 2043 167 68 burn,
1146 2043 76 69 by
1265 2042 240 55 Harriet
1546 2042 220 69 Henry.
1844 2042 137 54 New
2030 2043 178 69 York,
386 2042 1986 147 London,

548 2121 235 69 Harper
814 2122 46 51 &
891 2121 279 68 brothers,
1206 2123 149 51 1936.

455 2192 581 49 2 p. l., 316 p. 19½ cm .
456 2250 163 42 “First
650 2249 229 43 edition.”

385 2322 53 53 ©
471 2327 119 46 Aug.
626 2326 40 48 6,
702 2325 141 48 1936;
881 2325 68 41 2c.
985 2326 120 46 Aug.
1141 2325 52 47 6;
1233 2325 82 41 aff.
1351 2326 119 46 Aug.
1508 2326 52 46 8;
1597 2326 41 39 A
1672 2324 144 43 97323;
1884 2325 204 40 Harriet
2126 2327 167 46 Henry
2327 2327 73 39 De

459 2383 192 49 Steucli,
680 2384 120 38 New
824 2382 146 42 York.
1037 2383 281 48 (36-17473)

385 2488 266 64 Holway,
677 2487 257 56 William
961 2488 67 56 B.

461 2564 218 55 Stories
708 2564 124 54 told
862 2571 58 46 to
954 2583 31 34 a
1013 2563 152 54 little
1195 2564 129 68 boy,
1355 2564 75 68 by
1460 2563 88 54 W.
1581 2564 67 54 B.
1682 2563 265 68 Holway.
2027 2561 370 71 Springfield,

386 2643 190 65 Mass.,
612 2642 63 55 C.
711 2643 67 53 E.
812 2641 169 69 Burt,
1016 2641 421 69 incorporated,
1474 2645 150 51 1936.

458 2713 796 49 3 p. l., 80 p. pi., port. 22 cm .
457 2771 291 40 Illustrated
784 2771 99 47 t.-p.

387 2841 53 53 ©
463 2845 128 40 June
613 2843 71 49 19,
706 2844 141 47 1936;
872 2844 67 40 2c.
964 2844 96 39 and
1085 2844 82 40 aff.
1192 2845 127 39 June
1341 2844 82 47 25;
1451 2845 39 38 A
1515 2842 172 49 95816;
1713 2843 237 41 Adelaide
1973 2843 209 48 Holway
2207 2844 192 48 Brown,

461 2902 306 48 Springfield,
801 2903 147 38 Mass.
1024 2901 282 49 (36-17477)

386 3007 294 63 Honness,
705 3009 138 51 Mrs.
873 3005 309 54 Elizabeth
1215 3005 345 66 (Hoffman)
1598 3010 171 51 1904-

460 3083 121 53 The
612 3083 107 52 tail
748 3082 64 54 of
844 3083 95 53 the
970 3101 164 49 sorry
1167 3083 177 52 sorrel
1376 3083 193 66 horse;
1604 3087 158 63 story
1794 3082 74 67 by
1902 3080 305 53 Elizabeth
390 3079 1986 143 Honness,

569 3161 252 61 pictures
858 3161 74 61 by
972 3159 233 63 Pelagie
1242 3160 214 53 Doane.
1533 3159 138 54 New
1712 3148 179 74 York,
1931 3160 65 53 T.
2037 3158 210 53 Nelson
2286 3158 112 53 and

388 3257 147 48 sons,
567 3241 150 51 1936.

481 3309 71 50 [48]
592 3320 43 38 p.
697 3309 128 41 illus.
886 3310 56 40 17½
990 3319 31 28 x
1039 3309 56 40 22
1098 3311 44 21 cm
1149 3342 7 8 .

391 3379 52 53 ©
479 3383 115 47 July
630 3382 70 48 20,
739 3382 140 47 1936;
917 3381 67 42 2c.
1021 3383 115 46 July
1172 3383 82 44 21;
1294 3382 82 39 aff.
1414 3382 115 47 July
1565 3382 82 47 30;
1688 3383 38 39 A
1764 3382 170 46 97191;
1975 3382 212 39 Thomas
2222 3380 179 41 Nelson

461 3441 36 40 &
527 3450 125 31 sons.
724 3439 281 50 (36-17480)

391 3546 238 54 Illinois.
708 3548 182 65 Laws,
916 3551 257 61 statutes,
1202 3551 99 48 etc.

468 3624 393 54 Smith-Hurd
917 3621 229 55 Illinois
1201 3624 308 52 annotated
1567 3628 253 47 statutes.
1912 3625 348 50 Permanent
2312 3620 83 54 ed.

394 3703 370 68 Comprising
804 3703 94 52 the
939 3703 137 51 laws
1118 3702 62 52 of
1225 3721 28 33 a
1296 3701 229 68 general
1569 3702 112 53 and
1721 3707 338 62 permanent
2098 3706 201 46 nature
2341 3698 60 53 in

395 3782 153 51 force
583 3788 56 45 at
674 3781 95 52 the
802 3781 108 52 end
943 3780 63 53 of
1039 3781 95 52 the
1167 3780 158 52 third
1359 3780 210 67 special
1601 3779 209 53 session
1846 3778 63 53 of
1942 3779 95 53 the
2072 3778 328 68 fifty-ninth

393 3859 242 52 General
672 3859 295 67 assembly,
997 3858 174 68 April
1203 3861 49 63 2,
1287 3862 149 48 1936.
1512 3858 157 67 Kept
1701 3866 57 46 to
1791 3858 131 52 date
1953 3857 74 67 by
2058 3853 344 55 cumulative

394 3937 210 52 annual
638 3937 205 67 pocket
871 3943 178 61 parts,
1083 3935 138 53 with
1255 3935 364 53 annotations
1652 3935 153 53 from
1837 3936 96 52 the
1966 3952 151 34 cases
396 3937 1982 144 construing
523 4037 63 31 or
616 4015 284 66 applying
928 4015 94 51 the
1053 4015 137 52 laws
1220 4015 111 51 and
1363 4013 139 53 with
1533 4013 180 53 tables
1744 4014 108 52 and
1885 4012 188 53 index,
2139 4013 262 67 chapters
