2519 4377
1314 4115 131 50 1084

381 436 279 64 McLane,
690 437 211 54 Clarke
930 437 241 66 Joseph,
1200 456 180 49 comp.

455 512 199 56 Credit
690 514 177 53 union
899 514 430 70 bibliography,
1364 516 283 69 compiled
1681 516 77 69 by
1795 516 209 55 Clarke
2039 518 56 53 J.
2130 517 274 66 McLane,

385 592 2020 74 with special foreword by C. R. Orchard … Washington,
385 673 69 52 D.
488 671 82 69 C.,
601 671 320 55 Riverford
953 672 339 71 publishing
1324 692 300 52 company,
1658 679 152 49 1936.

452 748 60 40 48
539 757 43 39 p.
644 747 57 40 26
704 749 45 21 cm
754 780 10 8 .

449 803 238 42 Contains
723 804 151 40 blank
909 814 150 39 pages
1104 804 193 50 (47-48)

380 856 52 54 ©
463 861 117 48 July
609 861 71 49 27,
712 859 142 50 1936;
886 861 69 43 2c.
986 862 97 39 and
1116 862 82 41 aff.
1231 863 116 47 July
1375 863 82 47 27;
1492 864 39 38 A
1564 861 172 51 96650;
1771 863 49 41 C.
1853 864 44 42 J.
1930 864 226 48 McLane,
2190 864 210 51 Clinton,

477 928 40 30 Ia.
585 919 284 51 (36-18061)

381 1023 370 65 McMurtrie,
778 1023 265 65 Douglas
1072 1024 329 64 Crawford,
1430 1030 172 50 1888-

451 1100 57 53 A
533 1100 226 70 history
788 1100 64 54 of
881 1101 268 70 printing
1175 1101 61 53 in
1265 1102 99 53 the
1389 1102 222 54 United
1643 1101 219 70 States;
1896 1103 96 53 the
2023 1108 157 64 story
2211 1101 65 55 of
2305 1101 97 54 the

381 1180 398 54 introduction
805 1179 64 54 of
899 1181 95 52 the
1027 1199 158 50 press
1217 1181 114 53 and
1362 1180 65 54 of
1457 1181 77 54 its
1562 1180 222 71 history
1817 1182 114 53 and
1963 1181 277 54 influence
383 1181 1995 148 during
512 1260 95 53 the
637 1260 237 68 pioneer
902 1260 202 68 period
1131 1260 61 52 in
1226 1261 135 52 each
1393 1266 149 48 state
1570 1260 65 54 of
1663 1262 100 52 the
1789 1262 217 68 Union,
2036 1261 76 70 by
2143 1262 259 68 Douglas

378 1341 60 53 C.
461 1340 364 53 McMurtrie.
886 1340 226 54 volume
1134 1344 48 51 2.
1204 1341 225 53 Middle
1452 1345 45 50 &
1522 1343 183 55 South
1729 1342 263 53 Atlantic
2014 1346 188 50 states.
2261 1344 139 52 New

383 1418 179 65 York,
587 1420 67 52 R.
683 1420 67 51 R.
778 1418 245 54 Bowker
1048 1438 299 49 company,
1375 1423 152 51 1936.

443 1491 1250 50 3 p. l. , xi-xxvi p., 1 l., 462 p. facsims. 26 cm .
452 1550 141 47 Maps
623 1558 62 30 on
713 1546 366 51 lining-papers.

451 1605 231 42 “Edition
710 1605 52 41 of
792 1616 89 32 one
909 1606 248 40 thousand
1186 1604 161 51 copies
1375 1606 200 49 printed
1603 1605 129 42 from
1762 1606 156 50 type.”

453 1662 424 49 “Bibliographies
905 1663 96 40 and
1028 1662 169 42 notes”
1226 1665 54 39 at
1308 1664 94 41 end
1430 1664 52 40 of
1510 1664 122 40 each
1655 1664 207 41 volume.

381 1717 52 53 ©
466 1723 120 45 Aug.
621 1721 39 48 8,
694 1720 141 47 1936;
871 1719 66 42 2c.
973 1720 96 40 and
1102 1718 81 42 aff.
1217 1721 121 48 Aug.
1373 1721 82 47 17;
1490 1722 41 39 A
1564 1720 172 48 96936;
1773 1722 56 40 D.
1864 1721 50 41 C.
1950 1720 304 49 McMurtrie,
447 1720 1935 106 Chicago.
645 1777 284 49 (36-18066)

379 1881 277 67 Mancini,
688 1881 194 67 Luigi,
913 1886 172 50 1894-
1300 1883 84 53 ed.

453 1959 235 55 Grande
732 1960 386 68 enciclopedia
1163 1958 364 55 aeronautica
1595 1958 77 69 [di]
1719 1956 175 71 Luigi
1936 1958 276 53 Mancini.

385 1957 1991 149 Milano,
560 2038 270 54 Eclizioni
862 2037 458 55 “Aeronautica”
1356 2040 173 65 [1936]

454 2111 1508 51 6 p. l. , 660 p. illus. (incl. maps) ports., diagrs. 34½ cm .
454 2171 169 40 Added
661 2171 126 47 t.-p.:
829 2169 196 41 Grande
1062 2169 327 47 enciclopedia
1429 2169 333 41 aeronautica.
1829 2169 196 40 Grande
2063 2168 336 49 encyclopedic

382 2226 369 50 aéronautique.
811 2226 151 42 Great
987 2226 373 49 encyclopaedia
1386 2226 51 42 of
1465 2226 326 41 aeronautics.
1850 2226 177 41 Grosse
2054 2225 345 51 enzyklopedie

382 2287 84 38 des
501 2284 282 41 flufwesens
805 2281 49 53 [!]
918 2284 195 41 Grande
1144 2284 327 48 enciclopedia
1502 2286 58 39 de
1593 2286 46 38 la
1673 2285 333 40 aeronautica.

453 2341 319 49 Advertising
796 2343 181 39 matter
996 2353 9 29 :
1034 2353 44 37 p.
1106 2341 219 41 621-660.

373 2394 1887 54 © Mar. 20, 1936; 1c. May 1; A-Foreign 31686; L. Mancini, Milano.
458 2456 283 48 (36-17646)

378 2558 271 55 Michie’s
684 2561 187 66 digest
906 2560 63 52 of
1006 2561 310 52 Tennessee
1352 2565 251 62 reports;
1643 2558 171 69 being
1851 2579 31 34 a
1918 2560 278 68 complete
450 2577 1921 129 encyclopedia

748 2640 112 52 and
895 2637 187 69 digest
1118 2638 64 54 of
1219 2638 77 52 all
1331 2639 97 52 the
1465 2639 313 51 Tennessee
1812 2655 122 36 case
1969 2639 113 53 law
2120 2638 112 53 and
449 2636 1921 134 federal
601 2717 279 53 decisions
915 2717 249 67 relating
1199 2723 58 49 to
1293 2717 95 52 the
1424 2717 138 51 laws
1598 2715 63 54 of
1696 2716 96 52 the
1827 2722 162 48 state.
2062 2717 200 54 Under
2299 2716 98 52 the

450 2796 268 52 editorial
763 2795 358 67 supervision
1163 2794 64 53 of
1270 2797 70 51 A.
1384 2796 250 51 Hewson
1676 2793 213 54 Michie
1934 2795 113 52 and
2093 2794 167 55 Chas.
2304 2797 89 54 W.

452 2872 1941 70 Sublett. v. l. Abandonment to Appeal and error. With
449 2953 348 53 cumulative
841 2953 202 67 pocket
1089 2960 132 60 part
1266 2953 227 52 service.
1576 2951 483 68 Charlottesville,
2103 2953 126 66 Va.,
2273 2952 121 53 The

448 3032 213 53 Michie
690 3049 299 49 company,
1020 3035 149 49 1935.

442 3107 27 37 4
498 3116 43 37 p.
607 3137 9 15 l.,
646 3106 90 39 755
760 3115 43 37 p.
861 3104 60 40 26
921 3106 45 21 cm
971 3137 8 8 .

382 3158 52 53 ©
460 3163 110 38 Dec.
597 3163 71 46 31,
694 3160 140 48 1935;
862 3161 68 40 2c.
955 3160 94 40 and
1077 3159 81 40 aff.
1185 3161 110 40 Jan.
1321 3161 40 47 4,
1389 3158 140 49 1936;
1558 3161 38 38 A
1624 3159 171 48 90162;
1826 3158 178 41 Michie
2030 3169 69 32 co.

378 3267 182 63 Midy,
586 3267 224 54 Robert
836 3268 79 52 M.

510 3337 1874 76 … Le conjonctif histiocytaire (systeme reticulo-endothelial)
377 3428 48 48 2.
451 3424 82 53 ed.
562 3441 114 35 rev.
702 3429 57 47 et
783 3441 187 51 augm.
1033 3421 242 54 Preface
1302 3422 68 52 de
1394 3421 288 52 monsieur
1708 3421 54 52 le
1785 3419 329 70 professeur
2139 3420 78 52 H.
379 3418 1990 139 Coutiere

605 3500 898 70 … Paris, Masson & c ie [1936]
449 3580 100 47 357,
582 3579 86 50 [12]
699 3588 42 38 p.
771 3577 110 40 incl.
912 3578 26 40 1
967 3577 144 49 illus.,
1141 3577 174 48 plates.
1374 3576 56 40 24
1433 3578 15 22 cm
1481 3606 9 9 .

450 3633 424 49 “Bibliographic”
894 3646 8 28 :
932 3645 44 37 p.
1026 3633 235 50 [235]-357.

377 3686 2013 56 © Dec. 14, 1935; 1c. Apr. 3, 1936; A-Foreign 31196; Masson et cie.
456 3750 282 49 (36-18070)

377 3839 361 65 Mississippi
777 3839 202 67 digest,
1017 3842 132 49 1818
1185 3843 57 46 to
1278 3838 159 65 date;
1475 3837 269 66 covering
1778 3835 350 67 Mississippi
2168 3838 220 63 reports

449 3920 111 52 and
598 3918 287 53 Southern
922 3923 275 60 reporter,
1232 3934 59 34 as
1325 3915 126 52 well
1488 3932 60 34 as
1581 3913 351 67 Mississippi
1968 3930 151 36 cases
2152 3908 235 56 decided

448 3997 58 51 in
558 3998 92 50 the
704 3996 218 52 federal
972 3995 246 52 District
1269 3994 111 52 and
1430 3991 220 55 Circuit
1701 3997 205 49 courts.
1957 3989 222 55 Circuit
2227 3992 161 50 court
