<alto xmlns="http://www.loc.gov/standards/alto/ns-v3#" xmlns:xsi="http://www.w3.org/2001/XMLSchema-instance" xsi:schemaLocation="http://www.loc.gov/standards/alto/ns-v3# http://www.loc.gov/alto/v3/alto-3-0.xsd"><Description>
<MeasurementUnit>pixel</MeasurementUnit>
<sourceImageInformation>
<fileName>1936_v33_Part1.pdf</fileName>
</sourceImageInformation>
<OCRProcessing ID="IdOcr">
<ocrProcessingStep>
<processingDateTime>2019-01-18</processingDateTime>
<processingSoftware>
<softwareCreator>ABBYY</softwareCreator>
<softwareName>ABBYY Recognition Server</softwareName>
<softwareVersion>4.0</softwareVersion>
</processingSoftware>
</ocrProcessingStep>
</OCRProcessing>
</Description>
<Styles>
<ParagraphStyle ALIGN="Left" FIRSTLINE="0." ID="StyleId-FFFFFFFF-FFFF-FFFF-FFFF-FFFFFFFFFFFF-" LEFT="0." RIGHT="0." />
<ParagraphStyle ALIGN="Left" FIRSTLINE="0." ID="StyleId-51D50FAC-7A90-4D70-8A96-5EA9D46D1C8B-" LEFT="0." LINESPACE="7.699999809" RIGHT="0." />
<ParagraphStyle ALIGN="Block" FIRSTLINE="-17." ID="StyleId-6BC133E9-7DCB-43C3-8842-A67984A26405-" LEFT="0." LINESPACE="8.340000153" RIGHT="0." />
<ParagraphStyle ALIGN="Left" FIRSTLINE="-13." ID="StyleId-3C3FF860-43E7-46A2-8934-48F305F6F0D6-" LEFT="0." LINESPACE="11.06999969" RIGHT="0." />
<ParagraphStyle ALIGN="Block" FIRSTLINE="-13." ID="StyleId-19220C76-4F8A-4737-B38C-B5F5C17E6040-" LEFT="0." LINESPACE="11.06999969" RIGHT="0." />
<ParagraphStyle ALIGN="Left" FIRSTLINE="0." ID="StyleId-75A0D721-13ED-4F20-9002-B389EC48477D-" LEFT="0." LINESPACE="15.5" RIGHT="0." />
<ParagraphStyle ALIGN="Left" FIRSTLINE="0." ID="StyleId-8A414184-C7A5-4AC7-9B88-7DA4DDE75922-" LEFT="0." LINESPACE="9.399999619" RIGHT="0." />
<ParagraphStyle ALIGN="Left" FIRSTLINE="0." ID="StyleId-1A87970B-111C-4169-99A6-9412976F3C97-" LEFT="0." LINESPACE="10.5" RIGHT="0." />
<ParagraphStyle ALIGN="Block" FIRSTLINE="-17." ID="StyleId-72DB0571-5AE4-41FD-9E11-68C6AC4C437E-" LEFT="0." LINESPACE="8.340000153" RIGHT="0." />
<ParagraphStyle ALIGN="Center" FIRSTLINE="0." ID="StyleId-1AA43056-C388-4697-B10F-72FDAA38FAE1-" LEFT="0." LINESPACE="10.5" RIGHT="0." />
</Styles>
<Layout>
<Page HEIGHT="4377" ID="Page622" PHYSICAL_IMG_NR="622" WIDTH="2519">
<TopMargin HEIGHT="378" HPOS="0" VPOS="0" WIDTH="2519">
</TopMargin>
<LeftMargin HEIGHT="3735" HPOS="0" VPOS="378" WIDTH="400">
</LeftMargin>
<RightMargin HEIGHT="3735" HPOS="2440" VPOS="378" WIDTH="79">
</RightMargin>
<BottomMargin HEIGHT="264" HPOS="0" VPOS="4113" WIDTH="2519">
<TextBlock HEIGHT="70" HPOS="1356" ID="Page622_Block1" LANG="en-US" STYLEREFS="StyleId-D1887AF9-10C9-4C22-9F47-835613F903F8-" VPOS="4118" WIDTH="109">
<TextLine HEIGHT="50" HPOS="1367" VPOS="4128" WIDTH="98">
<String CONTENT="622" HEIGHT="50" HPOS="1367" VPOS="4128" WIDTH="98" />
</TextLine>
</TextBlock>
</BottomMargin>
<PrintSpace HEIGHT="3735" HPOS="400" VPOS="378" WIDTH="2040">
<TextBlock CS="1" HEIGHT="3735" HPOS="400" ID="Page622_Block2" LANG="en-US" STYLEREFS="StyleId-C828255C-B71F-4614-B07A-BE8816D58F8B-" VPOS="378" WIDTH="2040">
<TextLine HEIGHT="74" HPOS="417" STYLEREFS="StyleId-7B2585E7-8DEE-46AB-A519-70C7BD3EAFBF-" VPOS="434" WIDTH="2010">
<String CONTENT="Southern" HEIGHT="55" HPOS="417" LANG="fr" VPOS="434" WIDTH="300" />
<SP HEIGHT="52" HPOS="718" VPOS="436" WIDTH="43" />
<String CONTENT="digest." HEIGHT="67" HPOS="762" VPOS="436" WIDTH="201" />
<SP HEIGHT="53" HPOS="964" VPOS="435" WIDTH="74" />
<String CONTENT="April," HEIGHT="69" HPOS="1039" VPOS="435" WIDTH="193" />
<SP HEIGHT="63" HPOS="1233" VPOS="440" WIDTH="43" />
<String CONTENT="1936," HEIGHT="64" HPOS="1277" VPOS="440" WIDTH="152" />
<SP HEIGHT="48" HPOS="1430" VPOS="456" WIDTH="41" />
<String CONTENT="cumulative" HEIGHT="55" HPOS="1472" VPOS="438" WIDTH="344" />
<SP HEIGHT="49" HPOS="1817" VPOS="458" WIDTH="41" />
<String CONTENT="pamphlet" HEIGHT="67" HPOS="1859" VPOS="441" WIDTH="300" />
<SP HEIGHT="50" HPOS="2160" VPOS="444" WIDTH="44" />
<String CONTENT="..." HEIGHT="10" HPOS="2205" VPOS="484" WIDTH="56" />
<SP HEIGHT="56" HPOS="2262" VPOS="443" WIDTH="83" />
<String CONTENT="St." HEIGHT="56" HPOS="2346" VPOS="443" WIDTH="81" />
</TextLine>
<TextLine CS="1" HEIGHT="72" HPOS="488" STYLEREFS="StyleId-7B2585E7-8DEE-46AB-A519-70C7BD3EAFBF-" VPOS="513" WIDTH="1262">
<String CONTENT="Paul," HEIGHT="67" HPOS="488" VPOS="513" WIDTH="166" />
<SP HEIGHT="66" HPOS="655" VPOS="514" WIDTH="22" />
<String CONTENT="Minn.," HEIGHT="65" HPOS="678" VPOS="514" WIDTH="204" />
<SP HEIGHT="63" HPOS="883" VPOS="516" WIDTH="22" />
<String CONTENT="West" HEIGHT="53" HPOS="906" VPOS="516" WIDTH="161" />
<SP HEIGHT="64" HPOS="1068" VPOS="518" WIDTH="19" />
<String CONTENT="publishing" HEIGHT="68" HPOS="1088" VPOS="515" WIDTH="336" />
<SP HEIGHT="49" HPOS="1425" VPOS="534" WIDTH="22" />
<String CONTENT="co." HEIGHT="35" HPOS="1448" LANG="ru" VPOS="535" WIDTH="78" />
<SP HEIGHT="34" HPOS="1527" VPOS="550" WIDTH="31" />
<String CONTENT="[" CS="1" LANG="ru" />
<String CONTENT="c" HEIGHT="21" HPOS="1577" STYLE="superscript" VPOS="523" WIDTH="18" />
<String CONTENT="1936]" HEIGHT="65" HPOS="1600" VPOS="520" WIDTH="150" />
</TextLine>
<TextLine HEIGHT="49" HPOS="487" VPOS="586" WIDTH="333">
<String CONTENT="329" HEIGHT="40" HPOS="487" VPOS="587" WIDTH="86" />
<SP HEIGHT="48" HPOS="574" VPOS="587" WIDTH="28" />
<String CONTENT="p." HEIGHT="38" HPOS="603" VPOS="597" WIDTH="42" />
<SP HEIGHT="42" HPOS="646" VPOS="586" WIDTH="57" />
<String CONTENT="24" HEIGHT="40" HPOS="704" VPOS="586" WIDTH="57" />
<String CONTENT="cm" HEIGHT="20" HPOS="762" STYLE="superscript" VPOS="589" WIDTH="45" />
<String CONTENT="." HEIGHT="7" HPOS="812" VPOS="618" WIDTH="8" />
</TextLine>
<TextLine CS="1" HEIGHT="54" HPOS="490" VPOS="643" WIDTH="1350">
<String CONTENT="On" HEIGHT="41" HPOS="490" VPOS="643" WIDTH="73" />
<SP HEIGHT="30" HPOS="564" VPOS="654" WIDTH="29" />
<String CONTENT="cover;" CS="1" HEIGHT="30" HPOS="594" VPOS="654" WIDTH="142" />
<SP HEIGHT="40" HPOS="763" VPOS="644" WIDTH="35" />
<String CONTENT="Southern" HEIGHT="40" HPOS="799" VPOS="644" WIDTH="242" />
<SP HEIGHT="28" HPOS="1042" VPOS="655" WIDTH="29" />
<String CONTENT="reporter" HEIGHT="46" HPOS="1072" VPOS="646" WIDTH="220" />
<SP HEIGHT="39" HPOS="1293" VPOS="646" WIDTH="30" />
<String CONTENT="digest," HEIGHT="49" HPOS="1324" VPOS="645" WIDTH="175" />
<SP HEIGHT="47" HPOS="1500" VPOS="646" WIDTH="24" />
<String CONTENT="April," HEIGHT="51" HPOS="1525" VPOS="646" WIDTH="153" />
<SP HEIGHT="50" HPOS="1679" VPOS="647" WIDTH="31" />
<String CONTENT="1936." HEIGHT="41" HPOS="1711" VPOS="646" WIDTH="129" />
</TextLine>
<TextLine HEIGHT="58" HPOS="419" VPOS="709" WIDTH="1925">
<String CONTENT="&#169;" HEIGHT="54" HPOS="419" VPOS="709" WIDTH="54" />
<SP HEIGHT="54" HPOS="474" VPOS="709" WIDTH="29" />
<String CONTENT="Apr." HEIGHT="48" HPOS="504" VPOS="714" WIDTH="115" />
<SP HEIGHT="40" HPOS="620" VPOS="714" WIDTH="30" />
<String CONTENT="30," HEIGHT="49" HPOS="651" VPOS="713" WIDTH="71" />
<SP HEIGHT="47" HPOS="723" VPOS="715" WIDTH="32" />
<String CONTENT="1936;" HEIGHT="46" HPOS="756" VPOS="714" WIDTH="141" />
<SP HEIGHT="46" HPOS="898" VPOS="714" WIDTH="34" />
<String CONTENT="2c." HEIGHT="40" HPOS="933" VPOS="714" WIDTH="67" />
<SP HEIGHT="39" HPOS="1001" VPOS="715" WIDTH="32" />
<String CONTENT="May" HEIGHT="47" HPOS="1034" VPOS="715" WIDTH="114" />
<SP HEIGHT="47" HPOS="1149" VPOS="715" WIDTH="31" />
<String CONTENT="18;" HEIGHT="46" HPOS="1181" VPOS="715" WIDTH="82" />
<SP HEIGHT="36" HPOS="1264" VPOS="725" WIDTH="35" />
<String CONTENT="aff." HEIGHT="42" HPOS="1300" VPOS="714" WIDTH="82" />
<SP HEIGHT="40" HPOS="1383" VPOS="716" WIDTH="34" />
<String CONTENT="May" HEIGHT="48" HPOS="1418" VPOS="716" WIDTH="114" />
<SP HEIGHT="49" HPOS="1533" VPOS="715" WIDTH="31" />
<String CONTENT="20;" HEIGHT="47" HPOS="1565" VPOS="715" WIDTH="82" />
<SP HEIGHT="46" HPOS="1648" VPOS="716" WIDTH="34" />
<String CONTENT="A" HEIGHT="39" HPOS="1683" VPOS="716" WIDTH="41" />
<SP HEIGHT="40" HPOS="1725" VPOS="716" WIDTH="32" />
<String CONTENT="94616;" HEIGHT="48" HPOS="1758" VPOS="716" WIDTH="171" />
<SP HEIGHT="46" HPOS="1930" VPOS="718" WIDTH="35" />
<String CONTENT="West" HEIGHT="40" HPOS="1966" VPOS="718" WIDTH="137" />
<SP HEIGHT="48" HPOS="2104" VPOS="719" WIDTH="27" />
<String CONTENT="pub." HEIGHT="48" HPOS="2132" VPOS="719" WIDTH="109" />
<SP HEIGHT="29" HPOS="2242" VPOS="730" WIDTH="33" />
<String CONTENT="co." HEIGHT="31" HPOS="2276" LANG="ru" VPOS="729" WIDTH="68" />
</TextLine>
<TextLine HEIGHT="64" HPOS="415" STYLEREFS="StyleId-CB5C3DAA-307C-493F-9CD6-3B5A5B3F45DA-" VPOS="833" WIDTH="492">
<String CONTENT="Speicher," HEIGHT="64" HPOS="415" LANG="de" VPOS="833" WIDTH="300" />
<SP HEIGHT="63" HPOS="716" VPOS="834" WIDTH="25" />
<String CONTENT="Paul." HEIGHT="55" HPOS="742" LANG="en-US" VPOS="833" WIDTH="165" />
</TextLine>
<TextLine CS="1" HEIGHT="150" HPOS="416" STYLEREFS="StyleId-7B2585E7-8DEE-46AB-A519-70C7BD3EAFBF-" VPOS="923" WIDTH="1990">
<String CONTENT="The" HEIGHT="54" HPOS="488" VPOS="925" WIDTH="122" />
<SP HEIGHT="49" HPOS="611" VPOS="930" WIDTH="37" />
<String CONTENT="truth" HEIGHT="53" HPOS="649" VPOS="925" WIDTH="163" />
<SP HEIGHT="53" HPOS="813" VPOS="925" WIDTH="41" />
<String CONTENT="about" HEIGHT="54" HPOS="855" VPOS="924" WIDTH="174" />
<SP HEIGHT="52" HPOS="1030" VPOS="926" WIDTH="36" />
<String CONTENT="life" HEIGHT="55" HPOS="1067" VPOS="923" WIDTH="107" />
<SP HEIGHT="54" HPOS="1175" VPOS="924" WIDTH="35" />
<String CONTENT="insurance," HEIGHT="69" HPOS="1211" VPOS="924" WIDTH="318" />
<SP HEIGHT="68" HPOS="1530" VPOS="925" WIDTH="38" />
<String CONTENT="by" HEIGHT="70" HPOS="1569" VPOS="925" WIDTH="75" />
<SP HEIGHT="69" HPOS="1645" VPOS="926" WIDTH="39" />
<String CONTENT="Paul" HEIGHT="54" HPOS="1685" VPOS="926" WIDTH="149" />
<SP HEIGHT="57" HPOS="1835" VPOS="925" WIDTH="42" />
<String CONTENT="Speicher" HEIGHT="71" HPOS="1878" LANG="de" VPOS="925" WIDTH="273" />
<SP HEIGHT="34" HPOS="2152" VPOS="947" WIDTH="43" />
<String CONTENT="..." HEIGHT="9" HPOS="2196" VPOS="972" WIDTH="57" />
<SP HEIGHT="52" HPOS="2254" VPOS="930" WIDTH="79" />
<String CONTENT="Indianapolis," HEIGHT="143" HPOS="416" VPOS="930" WIDTH="1990" />
<SP HEIGHT="67" HPOS="762" VPOS="1005" WIDTH="25" />
<String CONTENT="E" HEIGHT="51" HPOS="788" VPOS="1005" WIDTH="53" />
<SP HEIGHT="52" HPOS="842" VPOS="1005" WIDTH="28" />
<String CONTENT="&amp;" HEIGHT="51" HPOS="871" VPOS="1006" WIDTH="46" />
<SP HEIGHT="52" HPOS="918" VPOS="1005" WIDTH="24" />
<String CONTENT="E" HEIGHT="51" HPOS="943" VPOS="1005" WIDTH="53" />
<SP HEIGHT="67" HPOS="997" VPOS="1005" WIDTH="28" />
<String CONTENT="publications" HEIGHT="70" HPOS="1026" VPOS="1002" WIDTH="384" />
<SP HEIGHT="48" HPOS="1411" VPOS="1024" WIDTH="34" />
<String CONTENT="[" HEIGHT="34" HPOS="1446" VPOS="1038" WIDTH="12" />
<String CONTENT="c" HEIGHT="21" HPOS="1464" STYLE="superscript" VPOS="1012" WIDTH="18" />
<String CONTENT="1936]" HEIGHT="64" HPOS="1486" VPOS="1008" WIDTH="154" />
</TextLine>
<TextLine HEIGHT="50" HPOS="486" VPOS="1077" WIDTH="341">
<String CONTENT="139" HEIGHT="42" HPOS="486" VPOS="1078" WIDTH="87" />
<SP HEIGHT="49" HPOS="574" VPOS="1078" WIDTH="30" />
<String CONTENT="p." HEIGHT="37" HPOS="605" VPOS="1090" WIDTH="44" />
<SP HEIGHT="42" HPOS="650" VPOS="1077" WIDTH="59" />
<String CONTENT="21" HEIGHT="41" HPOS="710" VPOS="1077" WIDTH="55" />
<String CONTENT="cm" HEIGHT="21" HPOS="769" STYLE="superscript" VPOS="1080" WIDTH="45" />
<String CONTENT="." HEIGHT="9" HPOS="817" VPOS="1112" WIDTH="10" />
</TextLine>
<TextLine CS="1" HEIGHT="109" HPOS="418" VPOS="1147" WIDTH="1995">
<String CONTENT="&#169;" HEIGHT="53" HPOS="418" VPOS="1147" WIDTH="53" />
<SP HEIGHT="53" HPOS="472" VPOS="1147" WIDTH="28" />
<String CONTENT="May" HEIGHT="46" HPOS="501" VPOS="1152" WIDTH="115" />
<SP HEIGHT="47" HPOS="617" VPOS="1151" WIDTH="26" />
<String CONTENT="7," HEIGHT="47" HPOS="644" VPOS="1151" WIDTH="41" />
<SP HEIGHT="48" HPOS="686" VPOS="1150" WIDTH="29" />
<String CONTENT="1936;" HEIGHT="48" HPOS="716" VPOS="1149" WIDTH="141" />
<SP HEIGHT="47" HPOS="858" VPOS="1150" WIDTH="31" />
<String CONTENT="2c." HEIGHT="40" HPOS="890" VPOS="1150" WIDTH="67" />
<SP HEIGHT="29" HPOS="958" VPOS="1161" WIDTH="30" />
<String CONTENT="and" HEIGHT="40" HPOS="989" VPOS="1151" WIDTH="96" />
<SP HEIGHT="40" HPOS="1086" VPOS="1151" WIDTH="29" />
<String CONTENT="aff." HEIGHT="41" HPOS="1116" VPOS="1149" WIDTH="81" />
<SP HEIGHT="38" HPOS="1198" VPOS="1152" WIDTH="28" />
<String CONTENT="May" HEIGHT="46" HPOS="1227" VPOS="1152" WIDTH="114" />
<SP HEIGHT="49" HPOS="1342" VPOS="1149" WIDTH="29" />
<String CONTENT="9;" HEIGHT="48" HPOS="1372" VPOS="1149" WIDTH="52" />
<SP HEIGHT="46" HPOS="1425" VPOS="1151" WIDTH="32" />
<String CONTENT="A" HEIGHT="39" HPOS="1458" VPOS="1151" WIDTH="41" />
<SP HEIGHT="40" HPOS="1500" VPOS="1150" WIDTH="28" />
<String CONTENT="95132;" HEIGHT="48" HPOS="1529" VPOS="1150" WIDTH="171" />
<SP HEIGHT="45" HPOS="1701" VPOS="1153" WIDTH="33" />
<String CONTENT="Insurance" HEIGHT="39" HPOS="1735" VPOS="1153" WIDTH="268" />
<SP HEIGHT="29" HPOS="2004" VPOS="1163" WIDTH="32" />
<String CONTENT="research" HEIGHT="39" HPOS="2037" VPOS="1154" WIDTH="225" />
<SP HEIGHT="40" HPOS="2263" VPOS="1154" WIDTH="31" />
<String CONTENT="&amp;" HEIGHT="39" HPOS="2295" VPOS="1155" WIDTH="36" />
<SP HEIGHT="39" HPOS="2332" VPOS="1155" WIDTH="30" />
<String CONTENT="review" HEIGHT="83" HPOS="488" VPOS="1165" WIDTH="1925" />
<SP HEIGHT="29" HPOS="611" VPOS="1219" WIDTH="31" />
<String CONTENT="service," HEIGHT="48" HPOS="643" VPOS="1207" WIDTH="198" />
<SP HEIGHT="46" HPOS="842" VPOS="1209" WIDTH="33" />
<String CONTENT="Indianapolis." HEIGHT="50" HPOS="876" VPOS="1206" WIDTH="353" />
<SP HEIGHT="47" HPOS="1230" VPOS="1208" WIDTH="71" />
<String CONTENT="(36-10437)" HEIGHT="49" HPOS="1302" VPOS="1207" WIDTH="282" />
</TextLine>
<TextLine HEIGHT="65" HPOS="414" STYLEREFS="StyleId-CB5C3DAA-307C-493F-9CD6-3B5A5B3F45DA-" VPOS="1312" WIDTH="501">
<String CONTENT="Stern," HEIGHT="63" HPOS="414" VPOS="1314" WIDTH="196" />
<SP HEIGHT="64" HPOS="611" VPOS="1313" WIDTH="26" />
<String CONTENT="Edward." HEIGHT="56" HPOS="638" VPOS="1312" WIDTH="277" />
</TextLine>
<TextLine HEIGHT="71" HPOS="486" STYLEREFS="StyleId-7B2585E7-8DEE-46AB-A519-70C7BD3EAFBF-" VPOS="1401" WIDTH="1943">
<String CONTENT="History" HEIGHT="69" HPOS="486" VPOS="1403" WIDTH="246" />
<SP HEIGHT="50" HPOS="733" VPOS="1422" WIDTH="27" />
<String CONTENT="of" HEIGHT="56" HPOS="761" VPOS="1402" WIDTH="63" />
<SP HEIGHT="54" HPOS="825" VPOS="1402" WIDTH="25" />
<String CONTENT="the" HEIGHT="53" HPOS="851" VPOS="1403" WIDTH="97" />
<SP HEIGHT="55" HPOS="949" VPOS="1401" WIDTH="27" />
<String CONTENT="&#8220;free" HEIGHT="55" HPOS="977" VPOS="1401" WIDTH="156" />
<SP HEIGHT="54" HPOS="1134" VPOS="1401" WIDTH="27" />
<String CONTENT="franking&#8221;" HEIGHT="71" HPOS="1162" VPOS="1401" WIDTH="316" />
<SP HEIGHT="56" HPOS="1479" VPOS="1401" WIDTH="25" />
<String CONTENT="of" HEIGHT="56" HPOS="1505" VPOS="1401" WIDTH="66" />
<SP HEIGHT="54" HPOS="1572" VPOS="1401" WIDTH="23" />
<String CONTENT="mail" HEIGHT="53" HPOS="1596" VPOS="1403" WIDTH="140" />
<SP HEIGHT="52" HPOS="1737" VPOS="1404" WIDTH="24" />
<String CONTENT="in" HEIGHT="52" HPOS="1762" VPOS="1404" WIDTH="62" />
<SP HEIGHT="50" HPOS="1825" VPOS="1407" WIDTH="24" />
<String CONTENT="the" HEIGHT="54" HPOS="1850" VPOS="1403" WIDTH="97" />
<SP HEIGHT="54" HPOS="1948" VPOS="1404" WIDTH="27" />
<String CONTENT="United" HEIGHT="54" HPOS="1976" VPOS="1404" WIDTH="217" />
<SP HEIGHT="56" HPOS="2194" VPOS="1404" WIDTH="29" />
<String CONTENT="States," HEIGHT="67" HPOS="2224" VPOS="1405" WIDTH="205" />
</TextLine>
<TextLine CS="1" HEIGHT="136" HPOS="417" STYLEREFS="StyleId-7B2585E7-8DEE-46AB-A519-70C7BD3EAFBF-" VPOS="1480" WIDTH="1987">
<String CONTENT="by" HEIGHT="70" HPOS="417" VPOS="1482" WIDTH="73" />
<SP HEIGHT="69" HPOS="491" VPOS="1483" WIDTH="35" />
<String CONTENT="Edward" HEIGHT="53" HPOS="527" VPOS="1482" WIDTH="258" />
<SP HEIGHT="56" HPOS="786" VPOS="1480" WIDTH="39" />
<String CONTENT="Stern;" HEIGHT="68" HPOS="826" VPOS="1480" WIDTH="199" />
<SP HEIGHT="68" HPOS="1026" VPOS="1480" WIDTH="41" />
<String CONTENT="fully" HEIGHT="70" HPOS="1068" VPOS="1480" WIDTH="155" />
<SP HEIGHT="67" HPOS="1224" VPOS="1483" WIDTH="33" />
<String CONTENT="illustrated" HEIGHT="54" HPOS="1258" VPOS="1481" WIDTH="329" />
<SP HEIGHT="54" HPOS="1588" VPOS="1481" WIDTH="36" />
<String CONTENT="with" HEIGHT="52" HPOS="1625" VPOS="1482" WIDTH="140" />
<SP HEIGHT="53" HPOS="1766" VPOS="1481" WIDTH="38" />
<String CONTENT="items" HEIGHT="54" HPOS="1805" VPOS="1481" WIDTH="164" />
<SP HEIGHT="53" HPOS="1970" VPOS="1482" WIDTH="38" />
<String CONTENT="from" HEIGHT="54" HPOS="2009" VPOS="1482" WIDTH="154" />
<SP HEIGHT="47" HPOS="2164" VPOS="1489" WIDTH="33" />
<String CONTENT="the" HEIGHT="53" HPOS="2198" VPOS="1483" WIDTH="96" />
<SP HEIGHT="34" HPOS="2295" VPOS="1503" WIDTH="37" />
<String CONTENT="authors" HEIGHT="114" HPOS="417" VPOS="1502" WIDTH="1987" />
</TextLine>
<TextLine HEIGHT="73" HPOS="609" STYLEREFS="StyleId-7B2585E7-8DEE-46AB-A519-70C7BD3EAFBF-" VPOS="1558" WIDTH="1721">
<String CONTENT="collection." HEIGHT="57" HPOS="609" VPOS="1558" WIDTH="313" />
<SP HEIGHT="55" HPOS="923" VPOS="1560" WIDTH="68" />
<String CONTENT="New" HEIGHT="55" HPOS="992" VPOS="1560" WIDTH="140" />
<SP HEIGHT="55" HPOS="1133" VPOS="1560" WIDTH="33" />
<String CONTENT="York," HEIGHT="70" HPOS="1167" VPOS="1559" WIDTH="181" />
<SP HEIGHT="69" HPOS="1349" VPOS="1560" WIDTH="29" />
<String CONTENT="N." HEIGHT="54" HPOS="1379" VPOS="1560" WIDTH="71" />
<SP HEIGHT="54" HPOS="1451" VPOS="1560" WIDTH="33" />
<String CONTENT="Y.," HEIGHT="69" HPOS="1485" LANG="fr" VPOS="1560" WIDTH="91" />
<SP HEIGHT="68" HPOS="1577" VPOS="1561" WIDTH="31" />
<String CONTENT="H." HEIGHT="54" HPOS="1609" LANG="fr" VPOS="1561" WIDTH="78" />
<SP HEIGHT="54" HPOS="1688" VPOS="1561" WIDTH="30" />
<String CONTENT="L." HEIGHT="52" HPOS="1719" VPOS="1561" WIDTH="66" />
<SP HEIGHT="54" HPOS="1786" VPOS="1560" WIDTH="30" />
<String CONTENT="Lindquist," HEIGHT="71" HPOS="1817" VPOS="1560" WIDTH="328" />
<SP HEIGHT="65" HPOS="2146" VPOS="1565" WIDTH="33" />
<String CONTENT="1936." HEIGHT="51" HPOS="2180" VPOS="1565" WIDTH="150" />
</TextLine>
<TextLine CS="1" HEIGHT="51" HPOS="485" VPOS="1635" WIDTH="1631">
<String CONTENT="4" HEIGHT="39" HPOS="485" VPOS="1635" WIDTH="28" />
<SP HEIGHT="50" HPOS="514" VPOS="1635" WIDTH="27" />
<String CONTENT="p." HEIGHT="37" HPOS="542" VPOS="1648" WIDTH="44" />
<SP />
<String CONTENT="l.," CS="1" />
<SP />
<String CONTENT="236," HEIGHT="49" HPOS="696" VPOS="1635" WIDTH="99" />
<SP HEIGHT="30" HPOS="796" VPOS="1656" WIDTH="35" />
<String CONTENT="[7]" HEIGHT="50" HPOS="832" VPOS="1636" WIDTH="55" />
<SP HEIGHT="38" HPOS="888" VPOS="1647" WIDTH="32" />
<String CONTENT="p." HEIGHT="38" HPOS="921" VPOS="1647" WIDTH="43" />
<SP HEIGHT="40" HPOS="965" VPOS="1636" WIDTH="30" />
<String CONTENT="incl." HEIGHT="40" HPOS="996" VPOS="1636" WIDTH="110" />
<SP HEIGHT="41" HPOS="1107" VPOS="1635" WIDTH="30" />
<String CONTENT="front.," HEIGHT="49" HPOS="1138" VPOS="1635" WIDTH="165" />
<SP HEIGHT="49" HPOS="1304" VPOS="1635" WIDTH="31" />
<String CONTENT="illus.," HEIGHT="48" HPOS="1336" VPOS="1635" WIDTH="144" />
<SP HEIGHT="48" HPOS="1481" VPOS="1635" WIDTH="29" />
<String CONTENT="facsims." HEIGHT="42" HPOS="1511" VPOS="1635" WIDTH="218" />
<SP HEIGHT="38" HPOS="1730" VPOS="1647" WIDTH="58" />
<String CONTENT="ports." HEIGHT="47" HPOS="1789" VPOS="1638" WIDTH="150" />
<SP HEIGHT="40" HPOS="1940" VPOS="1636" WIDTH="59" />
<String CONTENT="26" HEIGHT="41" HPOS="2000" VPOS="1636" WIDTH="56" />
<String CONTENT="cm" HEIGHT="21" HPOS="2060" STYLE="superscript" VPOS="1639" WIDTH="43" />
<String CONTENT="." HEIGHT="8" HPOS="2108" VPOS="1669" WIDTH="8" />
</TextLine>
<TextLine CS="1" HEIGHT="52" HPOS="490" VPOS="1693" WIDTH="1625">
<String CONTENT="&#8220;[A" HEIGHT="50" HPOS="490" VPOS="1695" WIDTH="85" />
<SP HEIGHT="39" HPOS="576" VPOS="1695" WIDTH="24" />
<String CONTENT="description]" HEIGHT="51" HPOS="601" VPOS="1693" WIDTH="314" />
<SP HEIGHT="39" HPOS="916" VPOS="1705" WIDTH="27" />
<String CONTENT="of" HEIGHT="42" HPOS="944" VPOS="1693" WIDTH="51" />
<SP HEIGHT="40" HPOS="996" VPOS="1693" WIDTH="23" />
<String CONTENT="free" HEIGHT="42" HPOS="1020" VPOS="1693" WIDTH="105" />
<SP HEIGHT="41" HPOS="1126" VPOS="1694" WIDTH="23" />
<String CONTENT="franks," HEIGHT="48" HPOS="1150" VPOS="1693" WIDTH="191" />
<SP HEIGHT="38" HPOS="1342" VPOS="1703" WIDTH="25" />
<String CONTENT="autographed" HEIGHT="48" HPOS="1368" VPOS="1695" WIDTH="337" />
<SP HEIGHT="40" HPOS="1706" VPOS="1694" WIDTH="24" />
<String CONTENT="letters," HEIGHT="49" HPOS="1731" VPOS="1694" WIDTH="184" />
<SP HEIGHT="38" HPOS="1916" VPOS="1705" WIDTH="23" />
<String CONTENT="checks" HEIGHT="41" HPOS="1940" VPOS="1695" WIDTH="175" />
</TextLine>
<TextLine CS="1" HEIGHT="155" HPOS="414" VPOS="1696" WIDTH="1999">
<String CONTENT="and" HEIGHT="39" HPOS="2141" VPOS="1696" WIDTH="95" />
<SP HEIGHT="49" HPOS="2237" VPOS="1696" WIDTH="27" />
<String CONTENT="photographs" HEIGHT="104" HPOS="414" VPOS="1697" WIDTH="1999" />
<SP HEIGHT="31" HPOS="598" VPOS="1762" WIDTH="30" />
<String CONTENT="of" HEIGHT="41" HPOS="629" VPOS="1752" WIDTH="53" />
<SP HEIGHT="48" HPOS="683" VPOS="1752" WIDTH="30" />
<String CONTENT="prominent" HEIGHT="48" HPOS="714" VPOS="1752" WIDTH="279" />
<SP HEIGHT="41" HPOS="994" VPOS="1751" WIDTH="28" />
<String CONTENT="Americans" HEIGHT="42" HPOS="1023" VPOS="1751" WIDTH="286" />
<SP HEIGHT="31" HPOS="1310" VPOS="1761" WIDTH="31" />
<String CONTENT="connected" HEIGHT="40" HPOS="1342" VPOS="1752" WIDTH="262" />
<SP HEIGHT="40" HPOS="1605" VPOS="1752" WIDTH="32" />
<String CONTENT="in" HEIGHT="39" HPOS="1638" VPOS="1752" WIDTH="50" />
<SP HEIGHT="30" HPOS="1689" VPOS="1762" WIDTH="31" />
<String CONTENT="any" HEIGHT="38" HPOS="1721" VPOS="1762" WIDTH="96" />
<SP HEIGHT="38" HPOS="1818" VPOS="1762" WIDTH="31" />
<String CONTENT="way" HEIGHT="39" HPOS="1850" VPOS="1761" WIDTH="108" />
<SP HEIGHT="37" HPOS="1959" VPOS="1763" WIDTH="32" />
<String CONTENT="with" HEIGHT="41" HPOS="1992" VPOS="1752" WIDTH="120" />
<SP HEIGHT="40" HPOS="2113" VPOS="1753" WIDTH="32" />
<String CONTENT="the" HEIGHT="40" HPOS="2146" VPOS="1754" WIDTH="81" />
<SP HEIGHT="29" HPOS="2228" VPOS="1765" WIDTH="31" />
<String CONTENT="executive" HEIGHT="86" HPOS="414" VPOS="1765" WIDTH="1994" />
</TextLine>
<TextLine HEIGHT="50" HPOS="541" VPOS="1808" WIDTH="1417">
<String CONTENT="branch" HEIGHT="40" HPOS="541" VPOS="1810" WIDTH="184" />
<SP HEIGHT="40" HPOS="726" VPOS="1810" WIDTH="29" />
<String CONTENT="of" HEIGHT="41" HPOS="756" VPOS="1809" WIDTH="50" />
<SP HEIGHT="41" HPOS="807" VPOS="1809" WIDTH="25" />
<String CONTENT="the" HEIGHT="41" HPOS="833" VPOS="1810" WIDTH="83" />
<SP HEIGHT="42" HPOS="917" VPOS="1809" WIDTH="26" />
<String CONTENT="United" HEIGHT="41" HPOS="944" VPOS="1809" WIDTH="181" />
<SP HEIGHT="42" HPOS="1126" VPOS="1808" WIDTH="30" />
<String CONTENT="States" HEIGHT="42" HPOS="1157" VPOS="1808" WIDTH="163" />
<SP HEIGHT="39" HPOS="1321" VPOS="1819" WIDTH="26" />
<String CONTENT="government.&#8221;&#8212;Introd." HEIGHT="50" HPOS="1348" VPOS="1808" WIDTH="610" />
</TextLine>
<TextLine CS="1" HEIGHT="54" HPOS="416" VPOS="1879" WIDTH="1924">
<String CONTENT="&#169;" HEIGHT="54" HPOS="416" VPOS="1879" WIDTH="53" />
<SP HEIGHT="54" HPOS="470" VPOS="1879" WIDTH="32" />
<String CONTENT="May" HEIGHT="47" HPOS="503" VPOS="1884" WIDTH="113" />
<SP HEIGHT="48" HPOS="617" VPOS="1883" WIDTH="33" />
<String CONTENT="6," HEIGHT="46" HPOS="651" VPOS="1883" WIDTH="40" />
<SP HEIGHT="46" HPOS="692" VPOS="1883" WIDTH="32" />
<String CONTENT="1936;" HEIGHT="48" HPOS="725" VPOS="1881" WIDTH="141" />
<SP HEIGHT="46" HPOS="867" VPOS="1883" WIDTH="32" />
<String CONTENT="2c." HEIGHT="39" HPOS="900" VPOS="1883" WIDTH="67" />
<SP HEIGHT="30" HPOS="968" VPOS="1892" WIDTH="33" />
<String CONTENT="and" HEIGHT="39" HPOS="1002" VPOS="1883" WIDTH="96" />
<SP HEIGHT="39" HPOS="1099" VPOS="1883" WIDTH="31" />
<String CONTENT="aff." HEIGHT="40" HPOS="1131" VPOS="1882" WIDTH="83" />
<SP HEIGHT="40" HPOS="1215" VPOS="1882" WIDTH="33" />
<String CONTENT="May" HEIGHT="48" HPOS="1249" VPOS="1882" WIDTH="114" />
<SP HEIGHT="49" HPOS="1364" VPOS="1881" WIDTH="32" />
<String CONTENT="8;" CS="1" HEIGHT="40" HPOS="1397" VPOS="1881" WIDTH="24" />
<SP HEIGHT="47" HPOS="1449" VPOS="1881" WIDTH="35" />
<String CONTENT="A" HEIGHT="39" HPOS="1485" VPOS="1881" WIDTH="41" />
<SP HEIGHT="40" HPOS="1527" VPOS="1881" WIDTH="30" />
<String CONTENT="95057;" HEIGHT="47" HPOS="1558" VPOS="1881" WIDTH="171" />
<SP HEIGHT="45" HPOS="1730" VPOS="1883" WIDTH="32" />
<String CONTENT="E." HEIGHT="40" HPOS="1763" VPOS="1883" WIDTH="53" />
<SP HEIGHT="41" HPOS="1817" VPOS="1882" WIDTH="36" />
<String CONTENT="Stern," HEIGHT="48" HPOS="1854" VPOS="1882" WIDTH="157" />
<SP HEIGHT="48" HPOS="2012" VPOS="1882" WIDTH="32" />
<String CONTENT="New" HEIGHT="40" HPOS="2045" VPOS="1882" WIDTH="117" />
<SP HEIGHT="40" HPOS="2163" VPOS="1882" WIDTH="32" />
<String CONTENT="York." HEIGHT="40" HPOS="2196" VPOS="1882" WIDTH="144" />
</TextLine>
<TextLine HEIGHT="49" HPOS="495" VPOS="1940" WIDTH="283">
<String CONTENT="(36-10433)" HEIGHT="49" HPOS="495" VPOS="1940" WIDTH="283" />
</TextLine>
<TextLine HEIGHT="64" HPOS="413" STYLEREFS="StyleId-CB5C3DAA-307C-493F-9CD6-3B5A5B3F45DA-" VPOS="2045" WIDTH="563">
<String CONTENT="Steward," HEIGHT="63" HPOS="413" VPOS="2046" WIDTH="290" />
<SP HEIGHT="63" HPOS="704" VPOS="2046" WIDTH="24" />
<String CONTENT="Sam" HEIGHT="55" HPOS="729" VPOS="2046" WIDTH="141" />
<SP HEIGHT="54" HPOS="871" VPOS="2045" WIDTH="23" />
<String CONTENT="M." HEIGHT="54" HPOS="895" VPOS="2045" WIDTH="81" />
</TextLine>
<TextLine HEIGHT="74" HPOS="487" STYLEREFS="StyleId-7B2585E7-8DEE-46AB-A519-70C7BD3EAFBF-" VPOS="2130" WIDTH="1940">
<String CONTENT="Angels" HEIGHT="70" HPOS="487" VPOS="2134" WIDTH="219" />
<SP HEIGHT="35" HPOS="707" VPOS="2153" WIDTH="38" />
<String CONTENT="on" HEIGHT="34" HPOS="746" VPOS="2153" WIDTH="74" />
<SP HEIGHT="49" HPOS="821" VPOS="2140" WIDTH="40" />
<String CONTENT="the" HEIGHT="55" HPOS="862" VPOS="2134" WIDTH="96" />
<SP HEIGHT="54" HPOS="959" VPOS="2133" WIDTH="38" />
<String CONTENT="bough" HEIGHT="69" HPOS="998" VPOS="2133" WIDTH="195" />
<SP HEIGHT="68" HPOS="1194" VPOS="2133" WIDTH="44" />
<String CONTENT="[" HEIGHT="34" HPOS="1239" STYLE="subscript" VPOS="2167" WIDTH="12" />
<String CONTENT="by]" HEIGHT="68" HPOS="1256" VPOS="2133" WIDTH="93" />
<SP HEIGHT="69" HPOS="1350" VPOS="2132" WIDTH="49" />
<String CONTENT="S." HEIGHT="55" HPOS="1400" LANG="fr" VPOS="2132" WIDTH="55" />
<SP HEIGHT="52" HPOS="1456" VPOS="2133" WIDTH="42" />
<String CONTENT="M." HEIGHT="53" HPOS="1499" VPOS="2133" WIDTH="79" />
<SP HEIGHT="56" HPOS="1579" VPOS="2131" WIDTH="45" />
<String CONTENT="Steward." HEIGHT="56" HPOS="1625" VPOS="2131" WIDTH="277" />
<SP HEIGHT="56" HPOS="1903" VPOS="2130" WIDTH="78" />
<String CONTENT="Caldwell," HEIGHT="70" HPOS="1982" VPOS="2130" WIDTH="294" />
<SP HEIGHT="67" HPOS="2277" VPOS="2133" WIDTH="40" />
<String CONTENT="Id.," HEIGHT="68" HPOS="2318" VPOS="2133" WIDTH="109" />
</TextLine>
<TextLine HEIGHT="71" HPOS="416" STYLEREFS="StyleId-7B2585E7-8DEE-46AB-A519-70C7BD3EAFBF-" VPOS="2211" WIDTH="1022">
<String CONTENT="The" HEIGHT="54" HPOS="416" VPOS="2214" WIDTH="122" />
<SP HEIGHT="56" HPOS="539" VPOS="2213" WIDTH="33" />
<String CONTENT="Caxton" HEIGHT="56" HPOS="573" VPOS="2213" WIDTH="225" />
<SP HEIGHT="51" HPOS="799" VPOS="2231" WIDTH="31" />
<String CONTENT="printers," HEIGHT="71" HPOS="831" VPOS="2211" WIDTH="269" />
<SP HEIGHT="69" HPOS="1101" VPOS="2211" WIDTH="30" />
<String CONTENT="ltd.," HEIGHT="68" HPOS="1132" VPOS="2211" WIDTH="124" />
<SP HEIGHT="65" HPOS="1257" VPOS="2214" WIDTH="32" />
<String CONTENT="1936." HEIGHT="52" HPOS="1290" VPOS="2213" WIDTH="148" />
</TextLine>
<TextLine CS="1" HEIGHT="50" HPOS="485" VPOS="2284" WIDTH="368">
<String CONTENT="317" HEIGHT="41" HPOS="485" VPOS="2285" WIDTH="86" />
<SP HEIGHT="47" HPOS="572" VPOS="2287" WIDTH="28" />
<String CONTENT="p." HEIGHT="38" HPOS="601" VPOS="2296" WIDTH="44" />
<SP HEIGHT="42" HPOS="646" VPOS="2285" WIDTH="60" />
<String CONTENT="19&#189;" CS="1" HEIGHT="41" HPOS="736" VPOS="2284" WIDTH="27" />
<String CONTENT="cm" HEIGHT="21" HPOS="795" STYLE="superscript" VPOS="2287" WIDTH="44" />
<String CONTENT="." HEIGHT="8" HPOS="844" VPOS="2317" WIDTH="9" />
</TextLine>
<TextLine HEIGHT="47" HPOS="490" VPOS="2343" WIDTH="430">
<String CONTENT="Illustrated" HEIGHT="40" HPOS="490" VPOS="2343" WIDTH="291" />
<SP HEIGHT="39" HPOS="782" VPOS="2343" WIDTH="38" />
<String CONTENT="t.-p." HEIGHT="46" HPOS="821" VPOS="2344" WIDTH="99" />
</TextLine>
<TextLine HEIGHT="54" HPOS="415" VPOS="2412" WIDTH="2012">
<String CONTENT="&#169;" HEIGHT="53" HPOS="415" VPOS="2413" WIDTH="52" />
<SP HEIGHT="53" HPOS="468" VPOS="2413" WIDTH="33" />
<String CONTENT="May" HEIGHT="38" HPOS="502" VPOS="2419" WIDTH="114" />
<SP HEIGHT="40" HPOS="617" VPOS="2417" WIDTH="33" />
<String CONTENT="15," HEIGHT="48" HPOS="651" VPOS="2416" WIDTH="71" />
<SP HEIGHT="48" HPOS="723" VPOS="2416" WIDTH="34" />
<String CONTENT="1936;" HEIGHT="48" HPOS="758" VPOS="2414" WIDTH="140" />
<SP HEIGHT="48" HPOS="899" VPOS="2414" WIDTH="36" />
<String CONTENT="2c." HEIGHT="41" HPOS="936" VPOS="2414" WIDTH="68" />
<SP HEIGHT="30" HPOS="1005" VPOS="2425" WIDTH="34" />
<String CONTENT="and" HEIGHT="39" HPOS="1040" VPOS="2415" WIDTH="96" />
<SP HEIGHT="39" HPOS="1137" VPOS="2415" WIDTH="31" />
<String CONTENT="aff." HEIGHT="40" HPOS="1169" VPOS="2413" WIDTH="81" />
<SP HEIGHT="37" HPOS="1251" VPOS="2415" WIDTH="37" />
<String CONTENT="May" HEIGHT="46" HPOS="1289" VPOS="2415" WIDTH="114" />
<SP HEIGHT="48" HPOS="1404" VPOS="2413" WIDTH="33" />
<String CONTENT="20;" HEIGHT="47" HPOS="1438" VPOS="2413" WIDTH="83" />
<SP HEIGHT="47" HPOS="1522" VPOS="2413" WIDTH="37" />
<String CONTENT="A" HEIGHT="39" HPOS="1560" VPOS="2413" WIDTH="41" />
<SP HEIGHT="40" HPOS="1602" VPOS="2413" WIDTH="33" />
<String CONTENT="95286;" HEIGHT="47" HPOS="1636" VPOS="2413" WIDTH="172" />
<SP HEIGHT="47" HPOS="1809" VPOS="2413" WIDTH="38" />
<String CONTENT="Caxton" HEIGHT="41" HPOS="1848" VPOS="2413" WIDTH="192" />
<SP HEIGHT="37" HPOS="2041" VPOS="2424" WIDTH="35" />
<String CONTENT="printers," HEIGHT="49" HPOS="2077" VPOS="2412" WIDTH="227" />
<SP HEIGHT="45" HPOS="2305" VPOS="2414" WIDTH="34" />
<String CONTENT="ltd." HEIGHT="40" HPOS="2340" VPOS="2414" WIDTH="87" />
</TextLine>
<TextLine CS="1" HEIGHT="51" HPOS="497" VPOS="2472" WIDTH="282">
<String CONTENT="(36-10386)" CS="1" HEIGHT="51" HPOS="497" VPOS="2472" WIDTH="282" />
</TextLine>
<TextLine HEIGHT="69" HPOS="411" STYLEREFS="StyleId-CB5C3DAA-307C-493F-9CD6-3B5A5B3F45DA-" VPOS="2574" WIDTH="1006">
<String CONTENT="Stone," HEIGHT="63" HPOS="411" VPOS="2580" WIDTH="201" />
<SP HEIGHT="64" HPOS="613" VPOS="2579" WIDTH="26" />
<String CONTENT="Raleigh" HEIGHT="66" HPOS="640" VPOS="2576" WIDTH="252" />
<SP HEIGHT="54" HPOS="893" VPOS="2577" WIDTH="27" />
<String CONTENT="Webster," HEIGHT="64" HPOS="921" VPOS="2576" WIDTH="292" />
<SP HEIGHT="66" HPOS="1214" VPOS="2574" WIDTH="30" />
<String CONTENT="1889-" HEIGHT="57" HPOS="1245" VPOS="2574" WIDTH="172" />
</TextLine>
<TextLine HEIGHT="73" HPOS="484" STYLEREFS="StyleId-7B2585E7-8DEE-46AB-A519-70C7BD3EAFBF-" VPOS="2663" WIDTH="1943">
<String CONTENT="The" HEIGHT="54" HPOS="484" VPOS="2669" WIDTH="122" />
<SP HEIGHT="55" HPOS="607" VPOS="2668" WIDTH="32" />
<String CONTENT="baking" HEIGHT="70" HPOS="640" VPOS="2666" WIDTH="219" />
<SP HEIGHT="71" HPOS="860" VPOS="2665" WIDTH="33" />
<String CONTENT="industry" HEIGHT="70" HPOS="894" VPOS="2665" WIDTH="269" />
<SP HEIGHT="51" HPOS="1164" VPOS="2684" WIDTH="33" />
<String CONTENT="under" HEIGHT="53" HPOS="1198" VPOS="2665" WIDTH="181" />
<SP HEIGHT="52" HPOS="1380" VPOS="2665" WIDTH="34" />
<String CONTENT="N." HEIGHT="53" HPOS="1415" VPOS="2665" WIDTH="71" />
<SP HEIGHT="53" HPOS="1487" VPOS="2665" WIDTH="36" />
<String CONTENT="E." HEIGHT="53" HPOS="1524" VPOS="2665" WIDTH="68" />
<SP HEIGHT="55" HPOS="1593" VPOS="2663" WIDTH="34" />
<String CONTENT="A.," HEIGHT="70" HPOS="1628" VPOS="2663" WIDTH="91" />
<SP HEIGHT="70" HPOS="1720" VPOS="2663" WIDTH="34" />
<String CONTENT="by" HEIGHT="70" HPOS="1755" VPOS="2663" WIDTH="75" />
<SP HEIGHT="68" HPOS="1831" VPOS="2665" WIDTH="34" />
<String CONTENT="E." HEIGHT="52" HPOS="1866" LANG="fr" VPOS="2665" WIDTH="68" />
<SP HEIGHT="53" HPOS="1935" VPOS="2665" WIDTH="38" />
<String CONTENT="W." HEIGHT="53" HPOS="1974" VPOS="2665" WIDTH="88" />
<SP HEIGHT="56" HPOS="2063" VPOS="2663" WIDTH="37" />
<String CONTENT="Stone" HEIGHT="56" HPOS="2101" VPOS="2663" WIDTH="175" />
<SP HEIGHT="33" HPOS="2277" VPOS="2685" WIDTH="36" />
<String CONTENT="and" HEIGHT="53" HPOS="2314" VPOS="2666" WIDTH="113" />
</TextLine>
<TextLine HEIGHT="73" HPOS="416" STYLEREFS="StyleId-7B2585E7-8DEE-46AB-A519-70C7BD3EAFBF-" VPOS="2741" WIDTH="2011">
<String CONTENT="U." HEIGHT="55" HPOS="416" LANG="fr" VPOS="2749" WIDTH="68" />
<SP HEIGHT="54" HPOS="485" VPOS="2750" WIDTH="36" />
<String CONTENT="B." HEIGHT="51" HPOS="522" VPOS="2750" WIDTH="67" />
<SP HEIGHT="56" HPOS="590" VPOS="2746" WIDTH="36" />
<String CONTENT="Stone." HEIGHT="56" HPOS="627" VPOS="2746" WIDTH="192" />
<SP HEIGHT="55" HPOS="820" VPOS="2745" WIDTH="72" />
<String CONTENT="Chicago," HEIGHT="70" HPOS="893" VPOS="2744" WIDTH="272" />
<SP HEIGHT="68" HPOS="1166" VPOS="2745" WIDTH="35" />
<String CONTENT="Ill.," HEIGHT="69" HPOS="1202" VPOS="2744" WIDTH="114" />
<SP HEIGHT="68" HPOS="1317" VPOS="2745" WIDTH="33" />
<String CONTENT="The" HEIGHT="55" HPOS="1351" VPOS="2743" WIDTH="121" />
<SP HEIGHT="54" HPOS="1473" VPOS="2744" WIDTH="30" />
<String CONTENT="University" HEIGHT="70" HPOS="1504" VPOS="2741" WIDTH="339" />
<SP HEIGHT="50" HPOS="1844" VPOS="2761" WIDTH="33" />
<String CONTENT="of" HEIGHT="53" HPOS="1878" VPOS="2742" WIDTH="65" />
<SP HEIGHT="56" HPOS="1944" VPOS="2742" WIDTH="34" />
<String CONTENT="Chicago" HEIGHT="72" HPOS="1979" VPOS="2741" WIDTH="254" />
<SP HEIGHT="50" HPOS="2234" VPOS="2762" WIDTH="35" />
<String CONTENT="press" HEIGHT="50" HPOS="2270" VPOS="2762" WIDTH="157" />
</TextLine>
<TextLine CS="1" HEIGHT="64" HPOS="438" STYLEREFS="StyleId-7B2585E7-8DEE-46AB-A519-70C7BD3EAFBF-" VPOS="2830" WIDTH="152">
<String CONTENT="[1936]" CS="1" HEIGHT="64" HPOS="438" VPOS="2830" WIDTH="152" />
</TextLine>
<TextLine CS="1" HEIGHT="55" HPOS="484" VPOS="2895" WIDTH="1941">
<String CONTENT="xiii," HEIGHT="45" HPOS="484" VPOS="2902" WIDTH="103" />
<SP HEIGHT="45" HPOS="588" VPOS="2902" WIDTH="43" />
<String CONTENT="105" HEIGHT="41" HPOS="632" VPOS="2901" WIDTH="87" />
<SP HEIGHT="48" HPOS="720" VPOS="2902" WIDTH="41" />
<String CONTENT="p." HEIGHT="38" HPOS="762" VPOS="2912" WIDTH="44" />
<SP HEIGHT="41" HPOS="807" VPOS="2901" WIDTH="68" />
<String CONTENT="23" HEIGHT="42" HPOS="876" VPOS="2899" WIDTH="55" />
<String CONTENT="cm" CS="1" HEIGHT="21" HPOS="935" STYLE="superscript" VPOS="2902" WIDTH="16" />
<String CONTENT="." HEIGHT="9" HPOS="985" VPOS="2931" WIDTH="8" />
<SP HEIGHT="50" HPOS="994" VPOS="2897" WIDTH="69" />
<String CONTENT="(Half-title;" CS="1" HEIGHT="51" HPOS="1064" VPOS="2897" WIDTH="279" />
<SP HEIGHT="42" HPOS="1367" VPOS="2898" WIDTH="41" />
<String CONTENT="Studies" HEIGHT="44" HPOS="1409" VPOS="2896" WIDTH="196" />
<SP HEIGHT="43" HPOS="1606" VPOS="2896" WIDTH="42" />
<String CONTENT="in" HEIGHT="42" HPOS="1649" VPOS="2896" WIDTH="50" />
<SP HEIGHT="41" HPOS="1700" VPOS="2897" WIDTH="42" />
<String CONTENT="business" HEIGHT="42" HPOS="1743" VPOS="2896" WIDTH="223" />
<SP HEIGHT="31" HPOS="1967" VPOS="2907" WIDTH="43" />
<String CONTENT="administration," HEIGHT="51" HPOS="2011" VPOS="2895" WIDTH="414" />
</TextLine>
<TextLine CS="1" HEIGHT="49" HPOS="416" VPOS="2958" WIDTH="383">
<String CONTENT="vol." HEIGHT="40" HPOS="416" VPOS="2961" WIDTH="88" />
<SP HEIGHT="29" HPOS="505" VPOS="2971" WIDTH="35" />
<String CONTENT="VI," CS="1" HEIGHT="16" HPOS="595" VPOS="2991" WIDTH="8" />
<SP HEIGHT="37" HPOS="604" VPOS="2970" WIDTH="37" />
<String CONTENT="no." HEIGHT="30" HPOS="642" VPOS="2969" WIDTH="75" />
<SP HEIGHT="40" HPOS="718" VPOS="2959" WIDTH="27" />
<String CONTENT="3)" HEIGHT="48" HPOS="746" VPOS="2958" WIDTH="53" />
</TextLine>
<TextLine CS="1" HEIGHT="55" HPOS="415" VPOS="3024" WIDTH="2009">
<String CONTENT="&#169;" HEIGHT="52" HPOS="415" VPOS="3027" WIDTH="53" />
<SP HEIGHT="52" HPOS="469" VPOS="3027" WIDTH="23" />
<String CONTENT="Apr." HEIGHT="47" HPOS="493" VPOS="3031" WIDTH="113" />
<SP HEIGHT="43" HPOS="607" VPOS="3029" WIDTH="22" />
<String CONTENT="28," HEIGHT="46" HPOS="630" VPOS="3029" WIDTH="70" />
<SP HEIGHT="45" HPOS="701" VPOS="3030" WIDTH="26" />
<String CONTENT="1936;" CS="1" HEIGHT="40" HPOS="728" VPOS="3028" WIDTH="116" />
<SP HEIGHT="46" HPOS="869" VPOS="3029" WIDTH="26" />
<String CONTENT="2c." HEIGHT="39" HPOS="896" VPOS="3029" WIDTH="67" />
<SP HEIGHT="39" HPOS="964" VPOS="3029" WIDTH="26" />
<String CONTENT="May" HEIGHT="46" HPOS="991" VPOS="3029" WIDTH="114" />
<SP HEIGHT="47" HPOS="1106" VPOS="3028" WIDTH="23" />
<String CONTENT="8;" CS="1" HEIGHT="40" HPOS="1130" VPOS="3028" WIDTH="28" />
<SP HEIGHT="37" HPOS="1183" VPOS="3037" WIDTH="28" />
<String CONTENT="aff." HEIGHT="40" HPOS="1212" VPOS="3026" WIDTH="80" />
<SP HEIGHT="37" HPOS="1293" VPOS="3028" WIDTH="28" />
<String CONTENT="May" HEIGHT="46" HPOS="1322" VPOS="3028" WIDTH="114" />
<SP HEIGHT="49" HPOS="1437" VPOS="3025" WIDTH="23" />
<String CONTENT="9;" CS="1" HEIGHT="40" HPOS="1461" VPOS="3025" WIDTH="27" />
<SP HEIGHT="47" HPOS="1516" VPOS="3026" WIDTH="24" />
<String CONTENT="A" HEIGHT="40" HPOS="1541" VPOS="3026" WIDTH="40" />
<SP HEIGHT="41" HPOS="1582" VPOS="3025" WIDTH="24" />
<String CONTENT="94349;" CS="1" HEIGHT="41" HPOS="1607" VPOS="3025" WIDTH="145" />
<SP HEIGHT="47" HPOS="1780" VPOS="3026" WIDTH="28" />
<String CONTENT="University" HEIGHT="50" HPOS="1809" VPOS="3025" WIDTH="284" />
<SP HEIGHT="37" HPOS="2094" VPOS="3038" WIDTH="24" />
<String CONTENT="of" HEIGHT="41" HPOS="2119" VPOS="3027" WIDTH="53" />
<SP HEIGHT="41" HPOS="2173" VPOS="3027" WIDTH="26" />
<String CONTENT="Chicago," HEIGHT="53" HPOS="2200" VPOS="3024" WIDTH="224" />
</TextLine>
<TextLine HEIGHT="50" HPOS="485" VPOS="3084" WIDTH="577">
<String CONTENT="Chicago." HEIGHT="48" HPOS="485" VPOS="3086" WIDTH="226" />
<SP HEIGHT="48" HPOS="712" VPOS="3085" WIDTH="67" />
<String CONTENT="(36-10405)" HEIGHT="49" HPOS="780" VPOS="3084" WIDTH="282" />
</TextLine>
<TextLine HEIGHT="67" HPOS="413" STYLEREFS="StyleId-CB5C3DAA-307C-493F-9CD6-3B5A5B3F45DA-" VPOS="3187" WIDTH="932">
<String CONTENT="Stuart," HEIGHT="63" HPOS="413" VPOS="3191" WIDTH="228" />
<SP HEIGHT="64" HPOS="642" VPOS="3190" WIDTH="24" />
<String CONTENT="Brian" HEIGHT="52" HPOS="667" VPOS="3189" WIDTH="181" />
<SP HEIGHT="53" HPOS="849" VPOS="3188" WIDTH="25" />
<String CONTENT="Arthur" HEIGHT="53" HPOS="875" VPOS="3188" WIDTH="236" />
<SP HEIGHT="51" HPOS="1112" VPOS="3188" WIDTH="23" />
<String CONTENT="Lewis." HEIGHT="55" HPOS="1136" VPOS="3187" WIDTH="209" />
</TextLine>
<TextLine CS="1" HEIGHT="148" HPOS="412" STYLEREFS="StyleId-7B2585E7-8DEE-46AB-A519-70C7BD3EAFBF-" VPOS="3263" WIDTH="1985">
<String CONTENT="Across" HEIGHT="54" HPOS="483" VPOS="3267" WIDTH="211" />
<SP HEIGHT="48" HPOS="695" VPOS="3271" WIDTH="53" />
<String CONTENT="the" HEIGHT="52" HPOS="749" VPOS="3267" WIDTH="96" />
<SP HEIGHT="55" HPOS="846" VPOS="3265" WIDTH="56" />
<String CONTENT="Sahara" HEIGHT="55" HPOS="903" VPOS="3265" WIDTH="221" />
<SP HEIGHT="34" HPOS="1125" VPOS="3284" WIDTH="53" />
<String CONTENT="on" HEIGHT="34" HPOS="1179" VPOS="3284" WIDTH="72" />
<SP HEIGHT="52" HPOS="1252" VPOS="3265" WIDTH="53" />
<String CONTENT="foot," HEIGHT="66" HPOS="1306" VPOS="3265" WIDTH="143" />
<SP HEIGHT="67" HPOS="1450" VPOS="3264" WIDTH="52" />
<String CONTENT="by" HEIGHT="67" HPOS="1503" VPOS="3264" WIDTH="75" />
<SP HEIGHT="65" HPOS="1579" VPOS="3266" WIDTH="55" />
<String CONTENT="Brian" HEIGHT="54" HPOS="1635" VPOS="3263" WIDTH="182" />
<SP HEIGHT="56" HPOS="1818" VPOS="3264" WIDTH="58" />
<String CONTENT="Stuart." HEIGHT="56" HPOS="1877" VPOS="3264" WIDTH="218" />
<SP HEIGHT="34" HPOS="2096" VPOS="3298" WIDTH="97" />
<String CONTENT="[Instalment" HEIGHT="137" HPOS="412" VPOS="3264" WIDTH="1985" />
<SP HEIGHT="51" HPOS="571" VPOS="3350" WIDTH="19" />
<String CONTENT="3]" HEIGHT="61" HPOS="591" VPOS="3350" WIDTH="49" />
</TextLine>
<TextLine HEIGHT="55" HPOS="495" VPOS="3413" WIDTH="774">
<String CONTENT="(In" HEIGHT="47" HPOS="495" VPOS="3421" WIDTH="80" />
<SP HEIGHT="42" HPOS="576" VPOS="3416" WIDTH="34" />
<String CONTENT="Pearson&#8217;s," HEIGHT="50" HPOS="611" VPOS="3414" WIDTH="280" />
<SP HEIGHT="51" HPOS="892" VPOS="3413" WIDTH="35" />
<String CONTENT="April," HEIGHT="52" HPOS="928" VPOS="3413" WIDTH="158" />
<SP HEIGHT="48" HPOS="1087" VPOS="3416" WIDTH="38" />
<String CONTENT="1936)" HEIGHT="50" HPOS="1126" VPOS="3413" WIDTH="143" />
</TextLine>
<TextLine CS="1" HEIGHT="53" HPOS="415" VPOS="3486" WIDTH="2007">
<String CONTENT="&#169;" HEIGHT="53" HPOS="415" VPOS="3486" WIDTH="53" />
<SP />
<String CONTENT="1c." CS="1" />
<SP />
<String CONTENT="May" HEIGHT="46" HPOS="603" VPOS="3492" WIDTH="115" />
<SP HEIGHT="49" HPOS="719" VPOS="3489" WIDTH="32" />
<String CONTENT="26," HEIGHT="49" HPOS="752" VPOS="3489" WIDTH="69" />
<SP HEIGHT="49" HPOS="822" VPOS="3489" WIDTH="33" />
<String CONTENT="1936;" HEIGHT="48" HPOS="856" VPOS="3487" WIDTH="142" />
<SP HEIGHT="46" HPOS="999" VPOS="3489" WIDTH="36" />
<String CONTENT="A" HEIGHT="38" HPOS="1036" VPOS="3489" WIDTH="40" />
<SP HEIGHT="38" HPOS="1077" VPOS="3489" WIDTH="34" />
<String CONTENT="ad" HEIGHT="39" HPOS="1112" VPOS="3489" WIDTH="61" />
<SP HEIGHT="41" HPOS="1174" VPOS="3487" WIDTH="34" />
<String CONTENT="int." HEIGHT="40" HPOS="1209" VPOS="3487" WIDTH="87" />
<SP HEIGHT="39" HPOS="1297" VPOS="3488" WIDTH="34" />
<String CONTENT="21460;" HEIGHT="46" HPOS="1332" VPOS="3487" WIDTH="170" />
<SP HEIGHT="38" HPOS="1503" VPOS="3497" WIDTH="36" />
<String CONTENT="pubd." HEIGHT="48" HPOS="1540" VPOS="3487" WIDTH="143" />
<SP HEIGHT="41" HPOS="1684" VPOS="3486" WIDTH="35" />
<String CONTENT="Apr." HEIGHT="49" HPOS="1720" VPOS="3486" WIDTH="113" />
<SP HEIGHT="42" HPOS="1834" VPOS="3486" WIDTH="36" />
<String CONTENT="1;" CS="1" HEIGHT="40" HPOS="1871" VPOS="3486" WIDTH="25" />
<SP HEIGHT="47" HPOS="1926" VPOS="3487" WIDTH="37" />
<String CONTENT="B." HEIGHT="40" HPOS="1964" LANG="fr" VPOS="3487" WIDTH="54" />
<SP HEIGHT="41" HPOS="2019" VPOS="3486" WIDTH="35" />
<String CONTENT="A." HEIGHT="41" HPOS="2055" VPOS="3486" WIDTH="54" />
<SP HEIGHT="41" HPOS="2110" VPOS="3486" WIDTH="35" />
<String CONTENT="L." HEIGHT="41" HPOS="2146" VPOS="3486" WIDTH="50" />
<SP HEIGHT="42" HPOS="2197" VPOS="3486" WIDTH="38" />
<String CONTENT="Stuart," HEIGHT="50" HPOS="2236" VPOS="3486" WIDTH="186" />
</TextLine>
<TextLine HEIGHT="39" HPOS="486" VPOS="3549" WIDTH="212">
<String CONTENT="London." HEIGHT="39" HPOS="486" VPOS="3549" WIDTH="212" />
</TextLine>
<TextLine HEIGHT="65" HPOS="411" STYLEREFS="StyleId-CB5C3DAA-307C-493F-9CD6-3B5A5B3F45DA-" VPOS="3649" WIDTH="965">
<String CONTENT="Thackston," HEIGHT="63" HPOS="411" VPOS="3651" WIDTH="361" />
<SP HEIGHT="64" HPOS="773" VPOS="3650" WIDTH="25" />
<String CONTENT="John" HEIGHT="53" HPOS="799" VPOS="3650" WIDTH="154" />
<SP HEIGHT="54" HPOS="954" VPOS="3649" WIDTH="26" />
<String CONTENT="Andy," HEIGHT="65" HPOS="981" VPOS="3649" WIDTH="194" />
<SP HEIGHT="60" HPOS="1176" VPOS="3654" WIDTH="27" />
<String CONTENT="1876-" HEIGHT="54" HPOS="1204" VPOS="3650" WIDTH="172" />
</TextLine>
<TextLine HEIGHT="69" HPOS="485" STYLEREFS="StyleId-7B2585E7-8DEE-46AB-A519-70C7BD3EAFBF-" VPOS="3725" WIDTH="1933">
<String CONTENT="Human" HEIGHT="53" HPOS="485" VPOS="3727" WIDTH="236" />
<SP HEIGHT="52" HPOS="722" VPOS="3727" WIDTH="45" />
<String CONTENT="health," HEIGHT="67" HPOS="768" VPOS="3727" WIDTH="213" />
<SP HEIGHT="67" HPOS="982" VPOS="3727" WIDTH="44" />
<String CONTENT="by" HEIGHT="67" HPOS="1027" VPOS="3727" WIDTH="75" />
<SP HEIGHT="67" HPOS="1103" VPOS="3727" WIDTH="44" />
<String CONTENT="John" HEIGHT="55" HPOS="1148" VPOS="3726" WIDTH="156" />
<SP HEIGHT="52" HPOS="1305" VPOS="3726" WIDTH="43" />
<String CONTENT="A." HEIGHT="53" HPOS="1349" VPOS="3726" WIDTH="71" />
<SP HEIGHT="52" HPOS="1421" VPOS="3727" WIDTH="45" />
<String CONTENT="Thackston" HEIGHT="54" HPOS="1467" VPOS="3725" WIDTH="328" />
<SP HEIGHT="33" HPOS="1796" VPOS="3746" WIDTH="50" />
<String CONTENT="..." HEIGHT="10" HPOS="1847" VPOS="3769" WIDTH="56" />
<SP HEIGHT="35" HPOS="1904" VPOS="3744" WIDTH="47" />
<String CONTENT="and" HEIGHT="53" HPOS="1952" VPOS="3725" WIDTH="114" />
<SP HEIGHT="56" HPOS="2067" VPOS="3725" WIDTH="44" />
<String CONTENT="James" HEIGHT="54" HPOS="2112" VPOS="3727" WIDTH="195" />
<SP HEIGHT="53" HPOS="2308" VPOS="3725" WIDTH="43" />
<String CONTENT="F." HEIGHT="53" HPOS="2352" VPOS="3725" WIDTH="66" />
</TextLine>
<TextLine CS="1" HEIGHT="68" HPOS="414" STYLEREFS="StyleId-7B2585E7-8DEE-46AB-A519-70C7BD3EAFBF-" VPOS="3803" WIDTH="1831">
<String CONTENT="Thackston" HEIGHT="53" HPOS="414" VPOS="3806" WIDTH="325" />
<SP HEIGHT="39" HPOS="740" VPOS="3822" WIDTH="38" />
<String CONTENT="..." HEIGHT="10" HPOS="779" VPOS="3851" WIDTH="56" />
<SP HEIGHT="53" HPOS="836" VPOS="3807" WIDTH="79" />
<String CONTENT="New" HEIGHT="51" HPOS="916" VPOS="3807" WIDTH="138" />
<SP HEIGHT="52" HPOS="1055" VPOS="3806" WIDTH="31" />
<String CONTENT="York," HEIGHT="61" HPOS="1087" VPOS="3804" WIDTH="180" />
<SP HEIGHT="60" HPOS="1268" VPOS="3805" WIDTH="29" />
<String CONTENT="H." HEIGHT="52" HPOS="1298" VPOS="3805" WIDTH="77" />
<SP HEIGHT="52" HPOS="1376" VPOS="3805" WIDTH="33" />
<String CONTENT="Holt" HEIGHT="54" HPOS="1410" VPOS="3803" WIDTH="148" />
<SP HEIGHT="48" HPOS="1559" VPOS="3808" WIDTH="30" />
<String CONTENT="and" HEIGHT="53" HPOS="1590" VPOS="3804" WIDTH="112" />
<SP HEIGHT="53" HPOS="1703" VPOS="3804" WIDTH="29" />
<String CONTENT="company" HEIGHT="50" HPOS="1733" VPOS="3821" WIDTH="283" />
<SP HEIGHT="49" HPOS="2017" VPOS="3822" WIDTH="35" />
<String CONTENT="[" CS="1" />
<String CONTENT="c" HEIGHT="22" HPOS="2070" STYLE="superscript" VPOS="3809" WIDTH="18" />
<String CONTENT="1936]" HEIGHT="63" HPOS="2093" VPOS="3807" WIDTH="152" />
</TextLine>
<TextLine CS="1" HEIGHT="52" HPOS="486" STYLEREFS="StyleId-7B2585E7-8DEE-46AB-A519-70C7BD3EAFBF-" VPOS="3876" WIDTH="1303">
<String CONTENT="xii," HEIGHT="49" HPOS="486" VPOS="3879" WIDTH="85" />
<SP HEIGHT="48" HPOS="572" VPOS="3880" WIDTH="25" />
<String CONTENT="459" HEIGHT="41" HPOS="598" VPOS="3879" WIDTH="90" />
<SP HEIGHT="49" HPOS="689" VPOS="3879" WIDTH="26" />
<String CONTENT="p." HEIGHT="38" HPOS="716" VPOS="3890" WIDTH="42" />
<SP HEIGHT="42" HPOS="759" VPOS="3878" WIDTH="59" />
<String CONTENT="illus.," HEIGHT="49" HPOS="819" VPOS="3878" WIDTH="143" />
<SP HEIGHT="38" HPOS="963" VPOS="3890" WIDTH="25" />
<String CONTENT="plates" HEIGHT="49" HPOS="989" VPOS="3879" WIDTH="158" />
<SP HEIGHT="49" HPOS="1148" VPOS="3878" WIDTH="25" />
<String CONTENT="(1" HEIGHT="50" HPOS="1174" VPOS="3877" WIDTH="50" />
<SP HEIGHT="42" HPOS="1225" VPOS="3877" WIDTH="28" />
<String CONTENT="col.)" HEIGHT="48" HPOS="1254" VPOS="3877" WIDTH="113" />
<SP HEIGHT="48" HPOS="1368" VPOS="3877" WIDTH="34" />
<String CONTENT="diagrs." HEIGHT="50" HPOS="1403" VPOS="3876" WIDTH="180" />
<SP HEIGHT="41" HPOS="1584" VPOS="3877" WIDTH="57" />
<String CONTENT="19&#189;" CS="1" HEIGHT="42" HPOS="1642" VPOS="3876" WIDTH="59" />
<String CONTENT="cm" HEIGHT="23" HPOS="1730" STYLE="superscript" VPOS="3879" WIDTH="46" />
<String CONTENT="." HEIGHT="10" HPOS="1779" VPOS="3908" WIDTH="10" />
</TextLine>
<TextLine HEIGHT="54" HPOS="414" VPOS="3947" WIDTH="2005">
<String CONTENT="&#169;" HEIGHT="54" HPOS="414" VPOS="3947" WIDTH="53" />
<SP HEIGHT="54" HPOS="468" VPOS="3947" WIDTH="30" />
<String CONTENT="May" HEIGHT="46" HPOS="499" VPOS="3953" WIDTH="114" />
<SP HEIGHT="47" HPOS="614" VPOS="3952" WIDTH="31" />
<String CONTENT="1," HEIGHT="47" HPOS="646" VPOS="3952" WIDTH="39" />
<SP HEIGHT="46" HPOS="686" VPOS="3953" WIDTH="32" />
<String CONTENT="1936;" HEIGHT="47" HPOS="719" VPOS="3950" WIDTH="140" />
<SP HEIGHT="47" HPOS="860" VPOS="3950" WIDTH="36" />
<String CONTENT="2c." HEIGHT="41" HPOS="897" VPOS="3950" WIDTH="66" />
<SP HEIGHT="29" HPOS="964" VPOS="3962" WIDTH="33" />
<String CONTENT="and" HEIGHT="40" HPOS="998" VPOS="3951" WIDTH="95" />
<SP HEIGHT="39" HPOS="1094" VPOS="3951" WIDTH="32" />
<String CONTENT="aff." HEIGHT="39" HPOS="1127" VPOS="3950" WIDTH="81" />
<SP HEIGHT="38" HPOS="1209" VPOS="3951" WIDTH="34" />
<String CONTENT="May" HEIGHT="46" HPOS="1244" VPOS="3951" WIDTH="113" />
<SP HEIGHT="47" HPOS="1358" VPOS="3950" WIDTH="32" />
<String CONTENT="16;" HEIGHT="42" HPOS="1391" VPOS="3949" WIDTH="81" />
<SP HEIGHT="41" HPOS="1473" VPOS="3950" WIDTH="35" />
<String CONTENT="A" HEIGHT="38" HPOS="1509" VPOS="3950" WIDTH="42" />
<SP HEIGHT="39" HPOS="1552" VPOS="3949" WIDTH="28" />
<String CONTENT="94463;" HEIGHT="41" HPOS="1581" VPOS="3949" WIDTH="170" />
<SP HEIGHT="41" HPOS="1752" VPOS="3949" WIDTH="35" />
<String CONTENT="Henry" HEIGHT="47" HPOS="1788" VPOS="3949" WIDTH="169" />
<SP HEIGHT="48" HPOS="1958" VPOS="3948" WIDTH="33" />
<String CONTENT="Holt" HEIGHT="40" HPOS="1992" VPOS="3948" WIDTH="120" />
<SP HEIGHT="40" HPOS="2113" VPOS="3948" WIDTH="32" />
<String CONTENT="&amp;" HEIGHT="40" HPOS="2146" VPOS="3948" WIDTH="36" />
<SP HEIGHT="40" HPOS="2183" VPOS="3948" WIDTH="28" />
<String CONTENT="co.," HEIGHT="33" HPOS="2212" LANG="ru" VPOS="3957" WIDTH="81" />
<SP HEIGHT="42" HPOS="2294" VPOS="3948" WIDTH="34" />
<String CONTENT="inc." HEIGHT="40" HPOS="2329" LANG="fr" VPOS="3948" WIDTH="90" />
</TextLine>
<TextLine CS="1" HEIGHT="107" HPOS="491" VPOS="4005" WIDTH="1386">
<String CONTENT="[Copyright" HEIGHT="51" HPOS="491" VPOS="4007" WIDTH="281" />
<SP HEIGHT="40" HPOS="773" VPOS="4009" WIDTH="31" />
<String CONTENT="is" HEIGHT="38" HPOS="805" VPOS="4009" WIDTH="40" />
<SP HEIGHT="29" HPOS="846" VPOS="4019" WIDTH="32" />
<String CONTENT="claimed" HEIGHT="41" HPOS="879" VPOS="4007" WIDTH="204" />
<SP HEIGHT="39" HPOS="1084" VPOS="4008" WIDTH="34" />
<String CONTENT="on" HEIGHT="29" HPOS="1119" VPOS="4018" WIDTH="61" />
<SP HEIGHT="28" HPOS="1181" VPOS="4018" WIDTH="30" />
<String CONTENT="revisions" HEIGHT="42" HPOS="1212" VPOS="4005" WIDTH="239" />
<SP HEIGHT="30" HPOS="1452" VPOS="4016" WIDTH="33" />
<String CONTENT="and" HEIGHT="40" HPOS="1486" VPOS="4006" WIDTH="96" />
<SP HEIGHT="40" HPOS="1583" VPOS="4006" WIDTH="31" />
<String CONTENT="additions]" HEIGHT="49" HPOS="1615" VPOS="4005" WIDTH="262" />
<SP />
<String CONTENT="(36-10421)" HEIGHT="47" HPOS="497" VPOS="4065" WIDTH="282" />
</TextLine>
</TextBlock>
</PrintSpace>
</Page>
</Layout>
</alto>