2519 4377
1266 4117 97 49 168

317 449 220 64 Thane,
571 449 292 66 Elswyth,
897 456 168 50 1900-

437 528 1890 67 … Young Mr. Disraeli. New York, Harcourt, Brace and
317 622 281 50 company
631 608 173 65 [1936]

385 679 998 49 7 p. l., 3-337 p. front., ports. 22 cm .
314 730 53 53 ©
402 736 122 39 Mar.
559 735 68 45 12,
664 736 141 46 1936;
842 736 67 40 2c.
946 737 123 39 Mar.
1103 735 82 47 19;
1224 735 81 42 aff.
1343 737 121 39 Mar.
1500 736 83 48 20;
1621 736 40 40 A
1695 734 171 47 92367;
1905 735 221 48 Elswyth
2161 735 170 44 Thane

384 792 171 47 Beebe,
586 793 119 39 New
737 793 145 39 York.

315 893 353 67 Thierbach,
698 895 235 54 Russell
959 896 64 54 P.

389 966 1940 73 Why not try it? By Russell P. Thierbach … Cincinnati,
317 1046 87 67 O.,
433 1049 121 56 The
582 1048 289 54 Diamond
899 1049 107 55 life
1034 1049 267 55 bulletins
1337 1084 12 34 [
1353 1057 20 21 c
1378 1052 131 49 1935
1517 1083 13 34 ]

386 1120 1120 50 5 p. l., 248 p. incl. diagrs., forms. 19½cm.
389 1177 163 41 “First
580 1179 221 47 printing
831 1179 283 46 November,
1147 1177 158 42 1935.”

313 1234 53 53 ©
401 1240 109 38 Dec.
547 1239 68 47 14,
651 1238 142 46 1935;
828 1238 67 40 2c.
930 1240 95 38 and
1060 1237 82 41 aff.
1177 1238 110 41 Feb.
1323 1239 39 47 6,
1398 1238 142 47 1936;
1578 1238 39 39 A
1650 1237 172 47 91638;
1861 1238 56 42 R.
1953 1239 52 40 P.
2040 1238 287 49 Thierbach,

383 1296 307 40 Milwaukee.
753 1295 253 50 (36-5606)

315 1398 206 65 Tighe,
553 1399 249 55 Charles
829 1400 68 55 R.

388 1478 131 49 1001
568 1474 181 55 tested
796 1491 298 53 programs
1142 1475 111 53 and
1301 1471 460 72 merchandising
1807 1472 172 69 ideas,
2023 1473 76 69 by
2150 1472 60 56 C.
2261 1474 66 54 R.

316 1553 197 69 Tighe.
590 1553 139 52 New
772 1551 178 70 York,
990 1552 315 53 Broadcast
1343 1550 336 71 publishing
1719 1570 152 50 corp.
1917 1586 12 35 [
1932 1559 20 21 c
1959 1554 133 49 1936
2099 1585 12 35 ]

385 1625 87 42 180
496 1636 43 38 p.
600 1625 55 41 23
660 1628 44 20 cm
709 1657 9 8 .

385 1684 226 39 Includes
639 1683 306 47 advertising
968 1683 195 40 matter.

313 1739 52 53 ©
403 1743 112 40 Feb.
551 1744 39 45 7,
629 1742 142 47 1936;
812 1741 67 42 2c.
919 1742 96 40 and
1052 1740 83 43 aff.
1175 1740 110 42 Feb.
1324 1742 83 46 21;
1448 1743 41 39 A
1527 1742 170 47 91853;
1740 1743 273 40 Broadcast
2052 1743 108 48 pub.
2199 1754 128 37 corp.

394 1800 252 49 (36-5610)

319 1902 243 67 [Titzell,
590 1902 208 54 Josiah
828 1901 261 68 Carlton]
1127 1908 171 50 1905-

383 1980 138 53 Best
564 1980 61 52 in
669 1980 95 52 the
806 1997 173 51 green
1022 1979 162 53 wood
1251 1978 75 70 [by]
1395 1978 312 53 Frederick
1750 1978 288 54 Lambeck
2105 1980 215 67 [pseud.]

314 2057 235 56 Garden
580 2057 154 69 City,
764 2058 71 53 N.
866 2058 91 68 Y.,
985 2057 360 70 Doubleday,
1374 2057 201 53 Doran
1605 2056 46 50 &
1682 2074 301 53 company,
2014 2056 128 70 inc.,
2175 2061 149 49 1936.

382 2131 586 49 7 p. l., 3-242 p. 20 cm .
383 2189 165 42 “First
578 2188 231 43 edition.”

311 2245 53 55 ©
392 2250 111 41 Feb.
533 2251 39 46 7,
603 2249 143 47 1936;
777 2249 69 41 2c.
876 2250 95 39 and
1001 2248 83 41 aff.
1115 2249 109 40 Feb.
1255 2248 82 47 25;
1371 2248 39 40 A
1441 2248 171 48 90954;
1647 2249 298 50 Doubleday,
1979 2251 171 40 Doran
2177 2251 36 41 &
2243 2262 83 38 co.,

381 2308 90 41 inc.
536 2306 254 52 (36-5639)

312 2405 216 65 Tryon,
559 2404 167 54 Rolla
756 2403 230 65 Milton,
1020 2405 170 55 1875-

445 2479 1816 72 … The American people and nation, by Rolla M. Tryon …
313 2558 2008 70 Charles R. Lingley … and Frances Morehouse … Rev. ed.
313 2637 233 68 Boston,
574 2638 140 52 New
741 2636 164 54 York
936 2642 138 62 [etc.]
1109 2636 156 55 Ginn
1293 2636 113 54 and
1436 2653 283 52 company
1750 2670 13 34 [
1767 2643 18 21 c
1790 2640 154 64 1936]

381 2712 135 48 xviii,
560 2710 99 51 683,
701 2711 70 40 xli
809 2721 42 37 p.
925 2711 85 39 col.
1054 2711 164 46 front.,
1261 2709 144 48 illus.,
1444 2709 159 48 plates
1632 2709 136 49 (part
1810 2710 111 46 col.)
1976 2713 163 47 ports.,
2185 2721 137 39 maps

321 2769 136 47 (part
481 2769 199 47 double)
716 2769 180 46 diagrs.
956 2767 57 41 20½
1047 2770 43 21 cm
1094 2799 9 9 .
1175 2767 125 49 (The
1323 2767 163 46 Tryon
1510 2768 96 40 and
1634 2766 202 50 Lingley
1861 2768 191 48 history
2080 2770 174 48 series)

382 2825 226 42 Includes
637 2825 396 48 bibliographies.

310 2882 53 53 ©
393 2886 108 41 Jan.
533 2886 67 48 17,
632 2884 143 48 1936;
806 2885 67 41 2c.
905 2885 111 41 Feb.
1047 2884 82 49 19;
1162 2884 81 41 aff.
1276 2885 110 41 Feb.
1417 2885 81 46 17;
1532 2884 42 41 A
1602 2885 171 48 91815;
1809 2886 124 41 Ginn
1966 2889 38 40 &
2032 2898 68 31 co.

389 2943 252 48 (36-5628)

312 3038 168 64 Vine,
505 3038 268 53 Norman
798 3038 88 63 D.,
913 3038 83 53 ed.

381 3115 1941 71 A series of games to be played with ‘Sum-it’ … Leeds,
348 3193 249 56 "Sum-it”
626 3193 135 52 card
790 3211 180 48 game,
996 3193 103 53 ltd.
1155 3196 151 64 [1935]

378 3268 60 39 48
467 3278 41 37 p.
572 3267 54 38 14½
660 3268 43 21 cm
710 3298 7 8 .

381 3306 1940 69 “Rules and play of ‘Sum-it' … edited by: Norman D. Vine”: p. 3.
385 3382 69 39 On
481 3391 167 30 cover:
678 3380 177 39 Games
876 3381 48 38 to
950 3380 59 38 be
1031 3380 174 46 played
1231 3379 119 40 with
1378 3380 81 39 the
1486 3379 218 48 ‘Sum-it',
1731 3391 56 29 or
1812 3381 83 40 the
1930 3380 13 47 (£
2007 3392 35 30 s.
2068 3382 71 47 d.)
2166 3383 156 41 cards.

309 3420 2012 67 © 1c. Jan. 28, 1936; A ad int. 21077; pub Dec. 19. 1935; N. D. Vine,
380 3496 164 46 Leeds,
577 3495 238 47 England.

313 3590 270 64 Wallace,
614 3590 266 54 Francis.

383 3665 114 69 Big
524 3684 182 51 game,
736 3665 76 69 by
841 3665 240 53 Francis
1110 3665 270 54 Wallace.
1450 3666 235 68 Boston,
1714 3665 194 69 Little,
1942 3667 231 68 Brown,
2207 3667 112 53 and

309 3761 299 51 company,
639 3747 150 50 1936.

379 3816 27 41 3
430 3829 44 37 p.
502 3818 28 40 l.,
578 3818 91 50 [3]-
689 3816 87 42 220
800 3828 42 38 p.
905 3817 55 41 19½
994 3820 44 21 cm
1043 3850 8 9 .

383 3874 121 47 “Big
533 3885 138 38 game
704 3877 243 46 appeared
976 3876 48 40 in
1057 3875 219 42 Collier’s
1308 3877 156 39 under
1493 3877 82 39 the
1606 3875 109 43 title
1746 3876 53 40 of
1827 3876 116 41 ‘The
1975 3878 119 39 odds
2126 3877 194 48 against

311 3932 210 40 honor’.”

308 3987 53 54 ©
390 3991 110 41 Feb.
530 3993 69 43 24.
629 3993 84 39 1936;
802 3993 66 40 2c.
899 3994 95 39 and
1024 3993 80 40 aff.
1138 3994 110 40 Feb.
1277 3993 55 41 27;
1393 3995 38 38 A
1461 3993 170 48 91950;
1664 3995 51 40 F.
1747 3996 228 49 Wallace,
2008 3994 227 45 Bellaire,
2267 3996 51 41 O.

388 4049 251 48 (36-5507)
