2519 4377
1029 4099 100 55 517

144 538 853 52 viii p., 1 l., 54 p. incl. front. 21½cm.
73 599 51 52 ©
152 604 111 37 Dec.
292 602 67 45 15,
389 601 138 40 1935:
557 600 66 41 2c.
653 601 94 38 and
776 599 82 40 aff.
887 599 112 47 Apr.
1025 598 70 45 27,
1124 595 112 41 1936;
1293 597 40 38 A
1360 595 144 41 93834;
1563 596 181 45 Naylor
1774 604 66 31 co.

154 658 248 48 (36-9546)

74 762 120 52 The
242 760 375 53 Executive’s
663 759 136 53 desk
843 757 172 64 book;
1067 775 30 33 a
1143 755 274 68 practical
1465 754 229 53 manual
1743 754 62 52 of
1850 759 215 46 correct

142 855 171 48 usage
342 836 57 51 in
431 836 268 66 business,
725 833 214 57 official,
969 834 110 51 and
1112 833 171 52 social
1316 830 297 62 activities,
1643 830 297 67 including
1969 829 95 53 the

144 916 262 54 Winston
456 912 306 69 simplified
813 910 338 69 dictionary,
1200 910 188 52 edited
1435 910 74 69 by
1554 908 260 56 William
1862 908 202 69 Dodge

143 988 1922 71 Lewis … Henry Seidel Canby … [and] Thomas Kite Brown,
142 1065 1923 73 jr. … special chapters on business problems by Frank Parker
204 1145 1856 66 … James Parsons Gifford … Gustave Simons … [and others]
145 1225 186 53 edited
372 1226 74 67 by
483 1224 259 54 William
782 1225 213 66 Joseph
1038 1224 154 67 Pelo,
1270 1267 10 9 A.
1378 1265 9 9 M.
1465 1221 426 69 Philadelphia,

145 1221 1896 150 Chicago
332 1308 118 60 [etc.]
481 1304 120 51 The
628 1303 155 53 John
813 1302 61 54 C.
900 1301 263 55 Winston
1191 1320 279 49 company
1503 1304 191 64 [c1936]

146 1377 63 47 xi,
240 1376 89 40 482
358 1388 56 36 p.,
444 1377 27 39 2
525 1409 8 6 l.,
580 1376 166 46 iii-xx,
777 1376 113 40 1352
921 1387 43 37 p.
997 1376 109 40 incl.
1139 1376 141 47 illus.,
1314 1385 136 37 maps
1479 1376 136 47 (part
1647 1374 196 47 double)
1886 1374 180 48 diagrs.

77 1434 83 40 col.
192 1433 162 45 front.,
383 1433 85 40 col.
494 1435 169 45 plates.
723 1432 144 40 22½cm.

147 1489 249 40 Half-title
437 1489 256 47 preceding
731 1488 255 39 Gazetteer
1023 1489 93 38 and
1157 1489 126 38 atlas
1322 1488 52 39 of
1409 1488 81 39 the
1531 1489 151 38 world
1720 1489 85 38 not
1843 1487 224 41 included

77 1545 48 39 in
151 1546 80 38 the
257 1545 175 47 paging;
484 1544 291 48 descriptive
796 1546 281 45 letterpress
1102 1555 59 29 on
1187 1555 137 29 verso
1348 1544 51 41 of
1423 1546 118 38 each
1562 1546 145 46 plate.

146 1602 99 39 The
268 1601 221 41 Winston
511 1600 256 48 simplified
790 1600 272 48 dictionary
1084 1601 88 39 has
1196 1600 178 48 special
1397 1603 99 45 t.-p.
1518 1602 95 39 and
1635 1603 223 46 separate
1878 1601 191 49 paging.

77 1654 52 53 ©
157 1660 113 46 Apr.
300 1659 67 47 16,
398 1658 138 46 1936;
567 1659 66 39 2c.
666 1659 113 46 May
805 1659 51 45 1;
890 1657 81 40 aff.
1003 1659 113 46 May
1145 1657 52 43 2;
1230 1658 40 38 A
1300 1658 170 47 94255;
1504 1659 127 39 John
1705 1691 8 8 C.
1745 1658 225 41 Winston
1999 1669 68 30 co.

150 1716 277 48 [Copyright
452 1717 40 38 is
517 1715 204 40 claimed
744 1726 60 28 on
828 1714 235 40 revisions
1088 1716 93 37 and
1207 1715 260 49 additions]
1532 1714 250 49 (36-9587)

79 1819 225 62 Foster,
332 1819 316 63 Laurence,
681 1824 170 48 1903-

147 1895 120 51 The
304 1893 287 54 functions
627 1895 64 52 of
725 1914 31 33 a
789 1895 276 68 graduate
1099 1896 187 51 school
1321 1895 58 52 in
1417 1914 30 33 a
1483 1896 340 53 democratic
1857 1896 211 67 society

83 1973 108 67 [by]
227 1974 288 51 Laurence
547 1975 214 51 Foster.
837 1974 137 52 New
1005 1972 178 68 York,
1211 1974 70 53 N.
1312 1974 89 65 Y.,
1430 1974 233 67 Huxley
1694 1974 189 67 house,
1916 1978 150 49 1936.

150 2045 62 48 ix,
247 2046 86 39 166
365 2056 41 36 p.
468 2047 154 38 tables
649 2046 50 48 (1
732 2045 143 48 fold.)
943 2045 145 42 23½cm.

79 2100 51 52 ©
159 2105 113 46 Apr.
304 2104 39 45 8,
374 2103 112 39 1936;
545 2103 68 42 2c.
644 2104 113 46 Apr.
789 2103 53 40 13;
905 2102 79 40 aff.
1016 2104 113 46 Apr.
1161 2103 55 39 20;
1276 2104 40 38 A
1348 2103 143 40 93736;

1550 2104 195 47 Huxley
1777 2105 148 38 house
147 2104 1905 96 publishers.
403 2159 249 48 (36-9428)

81 2263 243 64 Gallian,
354 2264 291 64 Marcello,
678 2269 169 49 1902-

209 2338 1128 68 … Bassofondo. [Milano] Panorama [c1936]
152 2414 86 40 318
264 2425 56 36 p.,
350 2415 24 37 l
423 2446 8 7 l.
517 2413 115 41 19½cm.

79 2466 1992 53 © Jan. 1, 1936; 1c. Jan. 29; A-Foreign 30227; Panorama casa éditrice
149 2527 219 41 italiana.
433 2525 250 50 (36-9842)

82 2629 238 64 Gehlke,
347 2629 244 54 Charles
617 2629 216 62 Elmer,
865 2635 167 49 1884-

151 2705 279 55 Criminal
467 2705 215 54 actions
717 2707 60 51 in
812 2706 95 53 the
943 2705 272 54 Common
1252 2705 156 68 pleas
1444 2708 187 49 courts
1663 2705 65 52 of
1765 2704 149 55 Ohio
1974 2705 91 68 [by]

82 2782 1920 68 C. E. Gehlke … Baltimore, The Johns Hopkins press, 1936.
151 2856 132 49 xxix,
309 2856 87 40 326
421 2868 42 37 p.
518 2866 151 39 maps,
698 2856 177 49 diagrs.
926 2856 55 40 23½cm.

154 2913 249 40 Half-title:
461 2913 153 48 Study
641 2913 52 41 of
718 2912 202 49 judicial
948 2911 396 42 administration
1370 2914 50 39 in
1446 2913 134 41 Ohio.
1635 2914 101 39 The
1764 2915 235 40 Institute
2022 2915 52 40 of

82 2971 95 38 law
206 2970 52 40 of
285 2970 81 39 the
396 2970 152 39 Johns
577 2969 221 48 Hopkins
828 2968 283 49 university.

83 3022 52 52 ©
164 3028 111 45 Apr.
305 3028 39 44 1,
374 3026 139 41 1936:
545 3026 66 40 2c.
641 3027 114 47 Apr.
786 3026 51 46 8;
871 3026 81 40 aff.
984 3027 111 46 Apr.
1126 3027 26 39 7;
1213 3027 39 37 A
1281 3025 169 48 93578;
1486 3027 152 39 Johns
1670 3028 221 47 Hopkins
1922 3038 68 30 co.

162 3081 248 51 (36-9555)

85 3184 268 64 Georgia.
426 3186 277 64 Supreme
729 3191 174 47 court.

155 3262 1918 68 Reports of cases decided … at the March and October terms,
88 3342 147 49 1935.
310 3339 220 52 volume
561 3343 114 49 181.
741 3340 232 54 Stevens
1003 3340 110 51 and
1141 3340 285 66 Hopkins,
1452 3345 298 62 reporters.
1813 3341 260 66 Atlanta,

85 3417 119 50 The
229 3417 283 51 Harrison
538 3435 294 49 company,
859 3420 147 50 1936.

289 3519 8 15 xxxv,
325 3487 84 41 940
438 3499 42 37 p.
535 3488 114 41 23cm.

89 3539 52 53 ©
183 3547 111 45 May
336 3546 67 47 14,
446 3545 112 40 1936;
628 3546 69 40 2c.
738 3547 95 39 and
877 3546 81 43 aff.
1001 3548 112 46 May
1153 3547 54 40 18;
1279 3547 40 38 A
1360 3546 143 41 95247;
1578 3547 136 40 State
1755 3547 52 39 of
1853 3547 218 48 Georgia,

157 3603 215 39 Atlanta.

91 3691 266 63 Ghysels,
386 3692 202 54 James
613 3693 284 64 Marinus,
930 3698 169 50 1885-

221 3766 1791 70 … Wounded for our transgressions, by James M. Ghysels …
90 3840 1957 150 introduction by Henry Beets … Grand Rapids, Mich., Zondervan publishing house [c1936]
160 3991 84 42 128
270 4004 43 36 p.
373 3992 55 41 20½cm.
