2519 4377
1325 4176 97 51 668

362 498 250 65 Chavez,
638 498 200 56 Louis.

431 576 56 52 A
519 574 173 69 study
727 574 59 54 in
821 574 358 70 symbolism;
1217 595 71 35 an
1323 577 396 68 appreciation
1753 578 65 53 of
1850 579 211 69 beauty
2095 580 59 52 in
2192 581 180 55 forms

420 653 1928 74 … by Louis Chavez. [Chicago, The Orphanage press, c 1936]
434 727 84 40 125
547 738 43 37 p.
617 727 112 41 incl.
759 726 164 49 front.,
953 728 129 41 illus.
1143 729 56 39 14½
1232 732 43 20 cm
1281 760 8 8 .

361 781 53 53 ©
439 787 117 46 May
577 785 40 47 6,
642 785 143 47 1936;
811 785 68 41 2c.
905 787 99 39 and
1026 787 82 39 aff.
1135 788 114 46 May
1274 787 82 46 11;
1383 787 40 39 A
1449 786 170 49 95116;
1649 788 50 42 L.
1730 789 203 48 Chavez,
1961 788 227 50 Chicago.

443 841 283 50 (36-10962)

362 946 341 65 Cogswell’s
743 947 299 55 almanack
1084 947 94 54 for
1219 948 95 53 the
1354 966 136 50 year
1536 947 132 55 1937
1773 990 10 10 Ao,
1879 991 11 10 Di.
1967 952 272 67 Precepts
2279 950 95 53 for

431 1025 1919 148 provident people & warnings to wanton wastrels … Glendale, Calif. [c1936]
433 1178 87 41 108
545 1190 42 37 p.
652 1179 129 40 illus.
847 1180 54 39 17½
935 1182 43 20 cm
985 1211 7 9 .

364 1235 199 41 Editor:
594 1235 129 48 1936,
755 1237 50 42 F.
835 1237 48 40 C.
916 1236 268 41 Mortimer.

363 1290 53 52 ©
446 1295 112 46 May
588 1295 37 46 1,
656 1292 142 46 1936;
826 1293 66 40 2c.
922 1294 95 39 and
1046 1293 83 40 aff.
1160 1294 114 47 May
1304 1294 52 45 6;
1388 1293 40 39 A
1456 1293 171 47 95035;
1661 1294 52 40 F.
1744 1294 48 40 C.
1825 1293 268 50 Mortimer,
2128 1294 247 49 Glendale,

435 1350 145 41 Calif.
638 1350 283 48 (36-10915)

363 1455 340 54 Commerce
729 1454 262 64 clearing
1013 1454 204 56 house.

436 1531 229 54 Illinois
707 1531 257 69 banking
1006 1532 155 51 laws.
1240 1536 134 49 1936
1416 1532 83 52 ed.
1576 1530 312 70 Including
1932 1532 95 53 the
2071 1531 111 54 full
2228 1536 147 49 texts

365 1609 63 52 of
462 1610 95 54 the
589 1609 273 70 Banking
896 1614 106 65 act,
1036 1613 176 51 Trust
1244 1609 324 70 companies
1603 1616 106 63 act,
1741 1610 280 56 Uniform
2053 1610 322 56 fiduciaries

364 1696 107 62 act,
514 1689 184 56 Small
739 1690 159 53 loans
940 1695 107 62 act,
1089 1689 252 70 Foreign
1384 1690 288 69 exchange
1715 1695 106 62 act,
1864 1691 330 68 depository
2238 1691 138 53 laws

365 1769 113 53 and
513 1768 428 54 miscellaneous
976 1769 139 55 laws
1152 1768 248 69 relating
1435 1774 59 47 to
1527 1769 181 54 banks
1745 1770 113 53 and
1892 1769 273 69 banking,
364 1788 1987 112 annotated
557 1846 140 54 with
732 1847 235 69 leading
998 1853 162 48 court
1194 1847 278 54 decisions
1507 1848 113 53 and
1656 1849 522 68 attorney-general
365 1850 1986 145 opinions,
534 1928 113 53 and
680 1926 153 69 fully
862 1926 261 54 indexed.
1201 1926 271 69 Chicago,
1504 1927 138 53 New
1676 1928 163 53 York
1876 1932 139 63 [etc.]
2052 1928 324 55 Commerce

365 2005 254 69 clearing
646 2006 175 53 house
851 2005 127 68 inc.,
1006 2005 325 54 Loose-leaf
1359 2005 212 54 service
1598 2005 249 55 division
1876 2005 63 53 of
1966 2007 97 52 the
365 2007 1985 133 Corporation
515 2089 151 49 trust
694 2101 281 51 company
1008 2119 13 33 [
1026 2090 18 22 c
1050 2088 134 50 1936
1189 2119 14 34 ]

438 2158 87 41 126
553 2169 44 38 p.
656 2157 57 42 23
716 2160 46 22 cm
766 2189 9 10 .

366 2213 53 55 ©
450 2218 114 47 May
592 2216 70 49 16,
691 2215 141 48 1936;
863 2215 68 40 2c.
960 2217 113 48 May
1102 2215 54 42 23;
1218 2215 82 42 aff.
1331 2217 113 48 May
1473 2215 82 49 22;
1587 2216 40 39 A
1652 2215 172 49 95333;
1858 2214 277 44 Commerce
2164 2217 216 50 clearing

436 2276 164 47 house,
624 2273 94 42 inc.
780 2273 282 50 (36-10994)

366 2378 280 66 Confrey,
674 2378 250 64 Burton,
956 2382 171 51 1898-

435 2451 1878 72 Original readings for Catholic action, by Burton Confrey …
364 2532 380 68 Manchester,
768 2532 70 53 N.
863 2532 97 69 H.,
985 2531 340 70 Magnificat
1353 2550 175 50 press,
1560 2534 150 50 1936.

437 2607 63 47 xi,
531 2607 85 41 679
645 2617 44 38 p.
751 2606 152 48 diagr.
964 2605 55 40 21
1024 2607 45 22 cm
1072 2638 9 8 .

439 2660 1939 50 “This collection … includes those articles written by Dr. Confrey
370 2722 216 41 referred
616 2725 49 38 to
693 2722 49 39 in
770 2722 83 41 the
883 2721 246 41 activities
1160 2720 53 41 of
1242 2719 237 41 ‘Catholic
1510 2719 560 43 action’.”—Foreword.

438 2779 225 42 Includes
696 2779 395 48 bibliographies.

370 2836 53 54 ©
456 2841 114 47 May
599 2840 41 48 1,
672 2839 141 46 1936;
848 2839 68 40 2c.
948 2839 115 47 Apr.
1096 2838 55 40 27;
1215 2838 83 40 aff.
1332 2839 115 47 May
1480 2837 82 47 14;
1599 2838 39 39 A
1672 2837 171 47 94437;
1882 2838 54 41 B.
1973 2837 227 48 Confrey,
440 2836 1922 110 Pittsburgh.
668 2895 282 51 (36-11044)
2170 2892 119 43 4291

370 3003 241 62 Cooper,
636 3000 257 56 William
920 2999 253 61 Arthur,
1204 3004 171 50 1895-

438 3079 57 52 A
517 3081 300 65 portrayal
842 3077 63 54 of
927 3078 192 67 Negro
1141 3075 124 69 life,
1288 3076 75 68 by
1387 3075 262 56 William
1671 3076 226 53 Arthur
1925 3076 239 67 Cooper.
371 3074 1981 136 Published
595 3156 182 53 under
818 3156 96 52 the
956 3155 255 68 auspices
1254 3153 63 54 of
1358 3155 95 52 the
1495 3153 268 55 Division
1806 3153 63 54 of
1911 3154 365 68 coöperation
2319 3152 58 53 in

368 3235 303 55 education
701 3238 113 52 and
843 3252 125 35 race
996 3233 299 68 relations;
1330 3233 369 68 coöperating
1729 3232 455 69 organizations:
2218 3232 160 55 State

370 3315 364 66 department
759 3312 64 54 of
849 3312 192 68 public
1068 3311 360 68 instruction,
1454 3310 263 70 Raleigh,
1744 3312 68 53 N.
1843 3311 81 67 C.,
1950 3310 338 68 University
2315 3310 64 53 of

370 3392 188 53 North
588 3391 289 68 Carolina,
908 3391 219 68 Chapel
1156 3390 147 69 Hill,
1329 3392 70 52 N.
1431 3391 81 67 C.,
1539 3390 168 54 Duke
1732 3388 337 69 university,
2099 3390 279 66 Durham,

372 3472 67 53 N.
472 3470 64 56 C.
617 3469 299 67 [Durham,
947 3470 70 53 N.
1052 3471 81 66 C.,
1163 3466 120 56 The
1318 3469 238 56 Seeman
1587 3468 280 69 printery,
1896 3468 126 67 inc.]
2060 3471 149 50 1936.

442 3547 66 46 xi,
535 3543 87 42 110
648 3554 43 38 p.
721 3542 110 42 incl.
861 3543 170 49 plates,
1058 3546 148 46 ports.
1268 3542 146 42 23½cm.

447 3599 1933 50 “Portraits … all of real people … painted to portray some phase or
373 3660 140 40 mood
541 3659 53 41 of
620 3659 159 48 Negro
807 3657 326 43 life.”—Pref.

373 3713 53 53 ©
450 3718 113 48 Apr.
589 3716 70 48 17,
686 3716 141 46 1936;
855 3716 65 40 2c.
948 3717 97 38 and
1073 3716 81 40 aff.
1184 3717 114 46 May
1324 3715 81 47 11;
1435 3716 39 38 A
1501 3715 144 40 95115;
1702 3715 71 40 W.
1801 3714 55 41 A.
1885 3715 197 48 Cooper,
2112 3714 266 45 Charlotte,

443 3774 55 38 N.
525 3773 49 42 C.
636 3771 281 50 (36-10959)

373 3860 292 66 Crannell,
693 3861 193 65 Philip
914 3861 281 65 Wendell,
1226 3866 172 50 1861-

370 3933 1985 229 Realizing Jesus and other sermons, by Philip Wendell Crannell … Kansas City, Mo., Western Baptist publishing company, 1936.
