2519 4377
1320 4135 102 49 424

429 537 229 41 “Outline
684 538 52 39 of
763 539 84 40 the
873 537 338 49 bibliography
1242 539 241 47 arranged
1512 538 49 39 in
1592 538 244 40 classified
1860 536 158 41 form”
2038 549 9 28 :
2078 549 44 37 p.
2151 536 158 41 23-28.

357 604 53 52 ©
437 608 109 40 Feb.
634 640 8 16 18,
670 607 141 50 1936;
837 608 68 41 2c.
933 609 111 40 Feb.
1068 607 57 41 20
1143 619 8 36 ;
1181 609 82 40 aff.
1291 609 110 40 Feb.
1427 609 55 39 21
1501 619 8 36 ;
1539 609 40 39 A
1605 608 144 40 91869
1768 619 8 37 ;
1807 609 170 47 Henry
2004 608 208 41 Vincent
431 609 1919 105 Hubbard,

604 666 268 48 chairman,
912 667 231 39 Harvard
1182 667 129 39 univ.
1350 668 163 39 school
1550 667 52 40 of
1639 665 99 49 city
1776 667 248 48 planning,
2064 667 302 48 Cambridge,

427 725 147 39 Mass.

357 827 240 54 Illinois.
673 830 184 66 Laws,
883 835 258 60 statutes,
1166 835 101 47 etc.

427 906 1652 70 Jones Illinois statutes annotated … [Volumes 7-8] …
357 907 1986 146 Compiled and edited by Basil Jones and Frank D. Moore …
358 987 1982 143 Chicago,
542 1063 322 68 Callaghan
892 1065 113 52 and
1032 1082 297 50 company,
1360 1068 150 51 1936.

427 1137 27 39 2
520 1170 7 7 v.
588 1137 57 39 24½
678 1139 44 21 cm
728 1170 8 8 .

430 1208 129 47 Kept
589 1219 65 38 up
684 1211 48 38 to
763 1209 112 39 date
905 1209 61 47 by
992 1209 173 48 pocket
1195 1207 457 49 supplementation.

430 1266 179 40 “Table
637 1267 55 40 of
719 1266 250 40 contents”
1002 1277 61 29 on
1091 1266 136 40 front
1258 1266 363 49 lining-papers.

697 1348 117 29 CONTENTS.—v.
839 1337 40 41 7.
905 1337 237 41 Criminal
1166 1339 128 39 code.
1350 1338 217 40 Sections
1590 1337 158 41 37.001
1773 1340 48 38 to
1846 1338 283 40 37.541.—v.
2153 1337 44 42 8.
357 1338 1994 97 Criminal
487 1397 129 39 code.
681 1395 217 42 Sections
925 1396 160 40 37.542
1114 1399 48 38 to
1191 1396 105 40 end.

358 1463 53 53 ©
438 1469 121 39 Mar.
587 1467 69 50 30,
684 1468 114 40 1936
817 1478 8 37 ;
854 1467 68 41 2c.
949 1468 118 39 each
1094 1469 94 38 and
1218 1467 70 39 aff
1353 1468 114 47 Apr.
1496 1468 22 37 1
1539 1478 8 32 ;
1578 1468 39 38 A
1646 1466 157 49 92693,
1832 1466 145 41 92694
1996 1478 7 36 ;
2035 1468 270 47 Callaghan
2333 1467 37 40 &

429 1536 66 31 co.

431 1632 391 54 Smith-Hurd
882 1633 227 52 Illinois
1168 1633 306 52 annotated
1532 1637 257 48 statutes.
1881 1636 348 50 Permanent
2284 1633 85 53 ed.

361 1710 373 68 Comprising
772 1711 96 54 the
909 1712 138 52 laws
1088 1711 64 52 of
1194 1730 31 33 a
1265 1711 229 67 general
1537 1711 112 52 and
1691 1715 337 63 permanent
2068 1717 203 47 nature
2311 1712 59 52 in

361 1789 157 53 force
552 1796 59 47 at
645 1790 96 52 the
779 1790 107 51 end
924 1789 61 52 of
1022 1790 95 53 the
1154 1787 364 69 fifty-eighth
1553 1789 247 54 General
1836 1790 298 67 assembly,
2168 1789 203 53 fourth

359 1870 212 66 special
612 1869 229 66 session,
884 1868 318 53 November
1242 1871 85 64 23,
1370 1871 149 49 1934.
1596 1868 160 67 Kept
1794 1872 58 50 to
1894 1868 132 53 date
2065 1869 76 67 by
359 1886 1986 113 cumulative
577 1949 213 50 annual
832 1946 203 67 pocket
1077 1950 178 63 parts,
1296 1946 139 52 with
1480 1945 363 54 annotations
1888 1945 153 54 from
2082 1947 97 52 the
2221 1964 150 36 cases

360 2026 335 66 construing
736 2044 63 33 or
838 2025 284 66 applying
1160 2025 95 51 the
1295 2023 137 53 laws
1474 2025 113 51 and
1627 2024 140 52 with
1807 2025 181 53 tables
2028 2026 114 52 and
2181 2025 189 54 index,

360 2104 264 67 chapters
669 2102 294 56 121-1214.
1043 2102 192 52 Roads
1280 2103 110 51 and
1434 2102 446 68 bridges-Sales.
1962 2105 91 65 By
2093 2104 96 52 the
360 2104 1987 131 publishers’
630 2180 267 53 editorial
946 2177 151 57 staff.
1175 2179 271 68 Chicago,
1495 2181 113 65 Ill.,
1658 2181 277 53 Burdette
1989 2180 188 55 Smith
361 2200 1987 129 company;
577 2260 83 55 St.
690 2262 166 64 Paul,
882 2260 203 65 Minn.,
1109 2262 161 52 West
1298 2259 335 68 publishing
1662 2278 78 35 co.
1759 2278 11 48 ;
1807 2293 12 34 [
1826 2264 118 60 etc.,
1974 2266 120 63 etc.,
2121 2267 18 21 c
2144 2264 153 64 1936]

471 2367 8 16 x,
510 2334 83 41 723
624 2345 44 37 p.
728 2334 56 38 24½
817 2335 15 21 cm
867 2366 8 7 .

362 2403 53 53 ©
441 2407 110 41 Feb.
577 2406 69 48 20,
673 2405 141 48 1936;
844 2405 67 40 2c.
939 2406 122 40 Mar.
1087 2404 55 40 23
1161 2415 8 36 ;
1200 2404 81 40 aff.
1311 2405 121 39 Mar.
1458 2404 54 38 21
1532 2415 9 31 ;
1570 2405 40 38 A
1637 2403 171 48 92518;
1837 2405 240 40 Burdette
2105 2405 158 41 Smith
2290 2416 83 39 co.,

431 2463 1086 47 Vernon law book co. and W est pub. co.
361 2569 319 63 Ishimaru,
711 2569 168 55 Tota.

429 2642 1880 72 Japan must fight Britain, by Lt. Comdr. T ō ta Ishimaru …
359 2721 2015 72 translated by Instructor-Capt. G. Y. Rayment … New York,
359 2802 124 54 The
511 2802 330 70 Telegraph
868 2819 158 52 press
1084 2804 153 65 [1936]

430 2873 1433 54 4 p. l. , 11-329 p. plates, 2 maps (incl. front.) 21 cm .
436 2936 163 40 “First
622 2935 221 49 printing
867 2934 49 40 in
940 2934 81 41 the
1048 2934 178 41 United
1254 2933 177 48 States,
1457 2933 152 50 April,
1636 2933 160 42 1936.”

364 3006 1843 53 © Apr. l. 1936; 2c. Apr. 1; aff. Apr. 3; A 92740'; Telegraph press.
445 3067 253 48 (36-8712)

366 3172 229 65 Kenny,
629 3171 272 64 Michael,
937 3176 171 49 1863-

436 3249 88 54 No
549 3249 130 54 God
702 3253 137 48 next
863 3248 167 65 door;
1057 3247 98 52 red
1182 3247 122 53 rule
1327 3248 60 51 in
1412 3247 224 54 Mexico
1662 3247 111 53 and
1800 3265 104 36 our
1928 3247 445 70 responsibility,

368 3325 2003 71 by Michael Kenny … New York, William J. Hirten co., inc.
372 3440 11 33 [
389 3414 18 20 c
413 3410 153 63 1935]

438 3479 101 47 viii,
570 3478 86 41 199
681 3490 43 38 p.
780 3479 25 39 1
833 3478 128 41 illus.
1020 3478 54 41 16½
1107 3479 44 22 cm
1156 3511 8 9 .

367 3548 53 52 ©
452 3553 118 43 Aug.
604 3552 70 45 15,
708 3550 139 43 1935;
879 3551 66 39 2c.
979 3551 121 38 Mar.
1133 3551 69 42 24,
1237 3548 139 47 1936;
1412 3548 82 40 aff.
1531 3550 119 39 Mar.
1682 3548 83 46 27;
1801 3549 39 38 A
1874 3548 172 44 93421;
2082 3548 215 41 William
2331 3548 43 40 J.

438 3610 177 39 Hirten
642 3620 82 37 co.,
754 3609 90 40 inc.
916 3607 251 48 (36-8643)

368 3712 308 65 Kirkland,
704 3712 291 55 Winifred
1024 3713 394 63 Margaretia,
1450 3713 170 52 1872-

437 3788 83 53 As
552 3788 94 52 far
678 3806 60 36 as
769 3789 32 51 I
833 3807 103 34 can
969 3805 104 51 see,
1105 3788 74 68 by
1210 3785 293 56 Winifred
1537 3785 309 53 Kirkland.
1919 3787 140 52 New
2093 3786 181 70 York,
2307 3785 64 55 C.

370 3865 314 56 Scribner’s
707 3884 128 36 sons
853 3885 11 39 ;
893 3866 260 68 London,
1179 3864 61 55 C.
1270 3864 312 56 Scribner’s
1606 3881 146 51 sons,
1776 3865 123 67 ltd.,
1928 3867 150 50 1936.

438 3941 26 39 5
491 3950 44 38 p.
598 3972 8 17 l.,
635 3940 87 41 233
748 3950 43 38 p.
852 3938 57 42 20½c
958 3942 27 20 m
990 3975 9 8 .

369 4008 54 53 ©
451 4012 110 41 Feb.
589 4012 70 47 21,
688 4012 139 47 1936;
857 4012 66 40 2c.
953 4013 94 38 and
1077 4011 82 42 aff.
1190 4012 119 38 Mar.
1340 4011 81 42 18;
1453 4011 39 38 A
1520 4010 170 42 92342;
1724 4010 201 41 Charles
1957 4008 266 42 Scribner’s
2249 4018 126 31 sons.

454 4070 252 48 (36-8798)
