2519 4377
1315 4176 102 55 372

370 486 402 65 Macnamara,
798 487 222 54 Rachel
1047 487 213 56 Swete.

440 562 1943 71 The lovely ghost, by Rachel Swete Macnamara … London,
372 641 187 54 Hurst
583 644 48 51 &
655 641 285 70 Blackett,
967 642 105 54 ltd.
1105 645 175 65 [1936]

439 728 32 28 x
497 727 60 38 p.,
585 716 26 39 1
661 748 24 15 l.,
713 714 177 43 13-320
914 727 45 38 p.
1021 717 56 41 19
1080 719 44 22 cm
1128 749 9 9 .

369 781 2014 57 © 1c. Mar. 17, 1936; A ad int. 21205; pubd. Jan. 23; R. S. Macnamara,
444 844 117 39 New
585 844 191 48 Milton,
800 845 176 47 Hants,
1002 845 237 47 England.
1303 844 251 48 (36-8337)

368 946 422 67 MacPherson,
820 946 247 57 Harriet
1095 947 323 68 Dorothea,
1450 954 173 52 1892-

440 1024 170 57 Some
636 1026 279 69 practical
943 1026 286 69 problems
1257 1029 60 52 in
1346 1027 346 69 cataloging,
1720 1027 75 69 by
1819 1028 243 53 Harriet
2089 1029 292 53 Dorothea

368 1103 412 70 MacPherson,
923 1147 9 10 PH.
1024 1149 28 25 D.,
1107 1105 141 54 with
1304 1123 72 36 an
1430 1106 392 53 introduction
1875 1107 76 68 by
2005 1107 248 53 Isabella
2307 1107 73 54 K.

369 1181 247 71 Rhodes,
709 1226 10 10 M.
794 1228 10 10 L.
873 1227 10 9 S.
961 1183 272 70 Chicago,
1270 1185 114 66 Ill.,
1420 1184 308 54 American
1768 1185 220 58 library
2027 1186 355 65 association,

369 1267 151 49 1936.

440 1335 66 49 xi,
540 1336 85 41 131
658 1346 43 38 p.
762 1334 131 44 illus.
953 1336 56 41 23½
1042 1338 45 23 cm
1092 1369 9 10 .

441 1393 300 49 “Suggested
771 1392 257 50 readings”
1052 1396 56 39 at
1133 1395 92 39 end
1253 1393 51 40 of
1329 1395 119 39 each
1474 1395 216 48 chapter.

367 1461 53 52 ©
451 1466 123 39 Mar.
604 1465 71 48 30,
707 1465 142 48 1936;
883 1466 67 40 2c.
983 1466 115 48 Apr.
1130 1466 53 42 6;
1217 1465 82 41 aff.
1332 1466 114 49 Apr.
1478 1467 53 46 2;
1563 1467 41 38 A
1634 1466 173 47 92766;
1841 1467 146 39 Amer.
2035 1467 186 41 library
2253 1477 129 30 assn.

448 1522 253 49 (36-8346)

364 1626 441 65 Mendelssohn,
836 1627 198 64 Peter,
1068 1633 173 50 1908-

437 1704 123 53 The
598 1704 176 54 house
814 1704 65 55 of
920 1702 302 71 Cosinsky,
1260 1705 76 68 by
1376 1705 170 53 Peter
1585 1704 435 67 Mendelssohn;
2064 1704 315 54 translated

368 1783 154 52 from
549 1783 98 54 the
676 1782 254 56 German
957 1783 76 69 by
1060 1783 103 53 Dr.
1195 1783 268 53 Barnard
1493 1784 245 68 Balogh.
1804 1783 260 66 London,
365 1782 1989 133 Hutchinson
494 1864 46 50 &
566 1880 100 47 co.,
692 1860 104 55 ltd.
830 1864 174 65 [1936]

437 1947 28 29 v
493 1947 57 37 p.,
580 1936 25 39 1
653 1966 26 17 l.,
707 1934 145 42 9-317
878 1946 44 38 p.
984 1935 57 41 19½
1073 1938 45 22 cm
1122 1968 8 9 .

366 2002 2014 53 © 1c. Feb. 27, 1936; A ad int. 21136; pubd. Jan. 2; P. Mendelssohn,
436 2065 246 47 Brixlegg,
714 2064 148 48 Tirol,
892 2064 218 41 Austria.
1180 2063 253 51 (36-8390)

363 2167 270 55 Michie’s
669 2169 187 68 digest
890 2169 63 54 of
990 2171 311 51 Tennessee
1337 2174 251 62 reports;
1626 2169 172 68 being
1835 2188 28 34 a
1903 2171 277 66 complete
435 2187 1921 129 encyclopedia
723 2249 113 53 and
864 2248 188 68 digest
1079 2248 62 52 of
1168 2249 76 52 all
1270 2248 94 53 the
1392 2250 310 51 Tennessee
1730 2267 121 34 case
1878 2248 111 53 law
2019 2248 111 53 and
2158 2248 221 54 federal

434 2327 1944 147 decisions relating to the laws of the state. Under the editorial supervision of A. Hewson Michie, Chas. W . Sublett
435 2486 112 52 and
584 2484 209 53 Beirne
830 2485 293 61 Stedman,
1158 2484 140 53 with
1331 2485 98 52 the
1461 2485 412 52 collaboration
1907 2485 63 52 of
2005 2484 261 56 William
2300 2486 77 52 H.

432 2561 1945 69 Wicker … Volume 4. [Cemeteries to Contracts] With
434 2642 347 53 cumulative
825 2642 203 67 pocket
1072 2647 133 63 part
1250 2642 227 53 service.
1562 2641 482 69 Charlottesville,
2088 2643 125 67 Va.,
2256 2643 121 51 The

433 2721 213 53 Michie
674 2738 299 50 company,
1001 2724 151 50 1936.

436 2794 527 48 3 p. l. , 574 p. 26 cm .
364 2847 53 54 ©
440 2853 122 40 Mar.
586 2852 70 46 11,
680 2850 118 41 1936;
846 2851 66 40 2c.
938 2852 123 39 Mar.
1085 2850 54 39 12;
1195 2849 81 41 aff.
1302 2851 121 38 Mar.
1449 2850 55 39 18;
1558 2850 40 39 A
1623 2848 147 42 92395;
1822 2849 178 40 Michie
2025 2859 67 31 co.

364 2955 208 65 Miller,
600 2957 139 52 Mrs.
769 2955 165 53 Olive
963 2955 251 52 Kennon
1246 2953 330 67 (Beaupré)

431 3031 57 52 A
530 3030 360 70 picturesque
933 3031 115 53 tale
1088 3029 66 56 of
1196 3048 283 52 progress,
1520 3029 75 71 by
1641 3029 168 55 Olive
1854 3030 265 68 Beaupré
2163 3029 213 66 Miller,

363 3107 2014 72 assisted by Harry Neal Baum … Chicago, The Book house
363 3190 94 52 for
485 3191 261 53 children
781 3224 13 33 [
797 3197 20 21 c
823 3193 151 64 1935]

435 3264 27 40 8
491 3276 42 29 v.
593 3264 130 40 illus.
752 3263 134 48 (incl.
919 3274 164 37 maps;
1118 3265 114 46 part
1262 3263 111 46 col.)
1443 3262 57 40 24
1502 3265 44 21 cm
1552 3295 9 9 .

433 3318 265 41 Published
721 3318 49 40 in
794 3318 116 41 1929
935 3320 155 39 under
1113 3319 107 40 title:
1276 3319 81 46 My
1382 3318 124 40 book
1528 3318 54 40 of
1604 3318 204 48 history.

363 3374 53 53 ©
449 3379 125 39 June
607 3379 70 47 15,
711 3377 113 41 1935;
887 3378 67 40 2c.
986 3380 121 38 each
1142 3378 110 41 Feb.
1286 3377 69 49 29,
1389 3378 118 40 1936;
1567 3377 81 41 aff.
1685 3378 121 40 Mar.
1841 3377 59 40 30;
1958 3379 47 43 A
2033 3376 148 42 92689;
2241 3379 135 39 Book

434 3436 151 39 house
622 3436 80 38 for
740 3434 232 42 children.
1045 3435 281 49 [Copyright
1365 3435 41 39 is
1445 3435 204 40 claimed
1690 3445 59 29 on
1788 3434 200 49 editing,
2025 3434 215 49 pictures
2278 3436 96 39 and

434 3503 106 30 new
564 3492 216 50 indexes]
845 3492 251 48 (36-8303)

361 3596 356 55 Minnesota.
792 3599 280 65 Supreme
1102 3603 175 47 court.

431 3674 1881 68 Minnesota reports. v. 192. Cases argued and determined …
363 3754 151 52 June
556 3754 389 52 1-November
982 3756 83 57 30,
1105 3756 151 49 1934.
1333 3753 171 53 Ethel
1544 3754 78 52 M.
1663 3752 237 57 Martin,
1938 3758 272 61 reporter.
2289 3751 81 55 St.

363 3830 166 60 Paul,
554 3830 203 59 Minn.,
783 3830 230 54 Review
1039 3830 337 68 publishing
1403 3849 297 48 company,
1729 3834 147 49 1934.

434 3905 116 46 xlvi,
579 3903 84 41 682
692 3915 43 37 p.
792 3903 55 40 22½
881 3907 43 21 cm
932 3937 7 7 .

364 3956 53 53 ©
449 3962 114 46 Apr.
598 3960 71 47 29,
706 3959 140 47 1935;
884 3961 67 40 2c.
991 3962 113 47 May
1139 3961 25 38 2;
1232 3960 81 40 aff.
1352 3961 110 39 Jan.
1498 3960 40 47 4,
1576 3959 117 40 1936;
1757 3959 39 39 A
1833 3958 144 41 90172;
2048 3958 128 41 Mike
2213 3959 158 47 Holm,

438 4019 251 46 secretary
723 4017 52 39 of
810 4019 82 38 the
927 4020 130 38 state
1092 4018 53 39 of
1178 4017 290 47 Minnesota,
1505 4017 48 38 in
1591 4019 129 37 trust
1756 4016 79 39 for
1872 4016 80 39 the
1990 4016 175 39 benefit
2203 4015 52 39 of
2290 4016 84 39 the

434 4076 166 46 people
629 4074 52 41 of
708 4074 107 40 said
843 4076 142 43 state,
1016 4074 68 41 St.
1113 4075 136 40 Paul.
