2519 4377
1298 4070 134 56 1370

428 464 26 39 2
478 475 44 37 p.
582 497 8 15 l.,
618 464 251 50 [317]-639,
940 485 11 30 [1]
977 476 44 37 p.
1073 466 145 49 illus.,
1242 466 174 49 plates,
1442 476 152 39 maps,
1621 467 180 49 diagrs.
1857 467 56 41 29
1915 470 46 21 cm
1966 501 10 9 .

358 518 2000 102 © July 8, 1936; 1c. Aug. 27; A- Foreign 32870; Max Leclerc et cie., Paris.
380 682 279 66 [Vincens,
694 684 206 65 Cécile,
935 685 204 53 “Mme.
1175 685 246 53 Charles
1454 684 317 68 Vincens”]
1812 691 329 51 1840-1908.

491 762 1826 68 … Névrosés: Thomas De Quincey, Gérard de Nerval …
382 840 718 68 [Paris] Hachette [ c 1936]
431 914 1110 49 250 p., 1 l. 19 cm . (La vivante histoire)
427 972 232 40 Author’s
687 973 181 47 pseud.,
893 972 191 40 Arvède
1112 972 195 47 Barine,
1338 976 51 38 at
1417 973 126 40 head
1571 974 52 39 of
1652 972 119 42 title.

359 1025 1834 53 © Feb. 6, 1936; 1c. July 6; A-Foreign 32266; Librarie Hachette.
441 1087 284 48 (36-21664)

357 1191 168 64 Wall,
551 1191 157 54 John
737 1192 283 63 Furman,
1051 1197 172 49 1885-

433 1269 381 67 Supplement
849 1269 240 53 number
1128 1288 103 36 one
1267 1275 60 48 to
1365 1268 493 69 “Thoroughbred
1894 1269 372 66 bloodlines”,
2303 1270 75 67 by

358 1347 1997 146 John F. Wall … Baltimore, Md., Monumental printing company, 1936.
428 1499 718 49 3 p. l. , 99 p. illus. 23½c m .
358 1553 53 53 ©
434 1558 120 47 Aug.
579 1556 70 51 27,
675 1556 142 48 1936;
843 1557 68 41 2c.
937 1556 97 40 and
1059 1556 83 41 aff.
1170 1557 102 40 Oct.
1296 1557 27 39 2;
1377 1557 42 39 A
1443 1556 171 49 99116;
1643 1557 44 41 J.
1712 1557 52 40 F.
1789 1556 143 49 Wall,
1959 1555 339 49 Washington.

357 1677 296 65 Watkins,
683 1677 192 65 Ralph
903 1678 236 65 Knupp,
1169 1683 173 50 1893-

432 1753 1943 70 General science for today [by] Ralph K. Watkins … [and]
361 1832 2019 70 Ralph C. Bedell … Rev. ed. [New York] The Macmillan
360 1930 301 51 company,
692 1914 152 51 1936.

431 1998 45 36 x,
507 1987 88 41 715
623 1998 44 38 p.
723 1988 86 39 col.
838 1986 166 49 front.,
1032 1985 145 49 illus.,
1207 1986 180 47 diagrs.
1441 1985 57 41 20½c
1547 1987 28 21 m
1581 2017 8 9 .

434 2044 134 39 “You
592 2044 102 39 will
719 2044 134 39 want
875 2044 49 39 to
950 2044 118 39 read
1092 2053 130 30 some
1247 2042 51 40 of
1321 2041 165 42 these”
1509 2044 53 38 at
1585 2044 93 38 end
1702 2042 52 42 of
1775 2043 121 40 each
1918 2043 123 40 unit.

359 2096 53 54 ©
437 2101 129 48 Sept.
590 2102 39 46 8,
654 2100 116 41 1936;
824 2100 67 40 2c.
918 2101 96 39 and
1039 2099 81 40 aff.
1149 2100 128 47 Sept.
1303 2098 26 41 9;
1383 2100 41 38 A
1449 2099 144 41 97717;
1650 2099 284 40 Macmillan
1959 2110 70 31 co.

438 2157 284 51 (36-21339)

356 2265 308 66 Wellman,
692 2265 355 55 Katharine.

431 2341 224 69 Beauty
689 2339 199 70 begins
920 2345 58 48 at
1009 2341 165 52 home;
1238 2340 128 52 how
1399 2345 57 48 to
1489 2339 165 54 make
1688 2340 113 53 and
1830 2358 97 35 use
1960 2339 309 69 cosmetics,
2301 2340 75 70 by

359 2418 326 54 Katharine
710 2419 305 54 Wellman.
1078 2419 141 53 New
1247 2418 182 69 York,
1457 2417 437 55 Covici-Friede
1928 2451 13 34 [
1943 2424 20 22 c
1969 2420 154 64 1936]

432 2492 71 40 xii
529 2503 58 38 p.,
615 2494 22 38 1
704 2525 8 12 l.,
740 2492 175 41 15-336
942 2503 42 38 p.
1045 2491 55 41 21
1106 2495 44 22 cm
1154 2529 9 8 .

358 2547 53 53 ©
437 2552 121 47 Aug.
587 2552 71 47 25,
686 2550 119 42 1936;
858 2551 67 39 2c.
958 2551 128 48 Sept.
1113 2551 56 41 28;
1228 2551 83 41 aff.
1343 2551 127 47 Sept.
1501 2551 56 40 25;
1615 2551 42 39 A
1683 2549 145 42 99013;
1884 2551 60 40 K.
1976 2551 256 49 Wellman,
2261 2553 120 38 New

428 2610 146 39 York.
633 2608 284 49 (36-21291)

357 2713 167 53 West
550 2711 293 66 Virginia.
919 2713 280 66 Supreme
1224 2718 162 48 court
1411 2713 63 66 of
1496 2713 251 66 appeals.

429 2790 1947 67 Report of cases determined … from January 15, 1935, to
359 2870 311 53 December
709 2872 83 57 14,
830 2872 152 64 1935,
1018 2870 76 66 by
1127 2870 221 53 Homer
1384 2870 70 53 A.
1491 2869 165 68 Holt,
1694 2872 263 64 attorney
1995 2869 230 68 general
2264 2869 113 53 and

359 2948 272 54 ex-officio
668 2953 274 62 reporter.
1012 2948 245 54 Volume
1295 2951 114 50 116.
1483 2948 359 66 Charleston,
1875 2948 283 53 Mathews
357 2949 1996 144 printing
486 3028 113 52 and
625 3026 445 68 lithographing
1096 3045 299 48 company,
1424 3030 150 51 1936.

425 3099 116 49 lxvi,
565 3100 83 41 831
670 3110 45 38 p.
776 3099 54 42 23
835 3102 44 21 cm
885 3133 8 7 .

359 3153 53 53 ©
442 3157 128 48 Sept.
597 3157 71 47 23,
695 3157 117 40 1936
828 3168 8 30 :
864 3156 67 41 2c.
964 3157 127 47 Sept.
1119 3156 82 47 30;
1233 3156 81 39 aff.
1345 3156 102 40 Oct.
1476 3156 83 48 16;
1588 3157 41 39 A
1656 3154 173 49 98982;
1863 3155 140 42 State
2031 3155 52 39 of
2109 3156 135 40 West
428 3155 1931 108 Virginia,
603 3214 307 47 Charleston,
937 3214 72 40 W.
1036 3215 87 39 Va.

356 3316 289 64 Wheeler,
673 3316 227 54 Walter
927 3317 329 63 Raymond,
1287 3322 174 49 1883-

431 3395 120 53 The
583 3393 267 68 infantry
882 3391 285 56 battalion
1196 3393 59 53 in
1285 3411 146 48 war;
1467 3414 34 33 a
1532 3393 174 68 study
1736 3392 66 54 of
1831 3393 99 52 the
1959 3391 268 69 infantry
361 3392 1991 148 battalion,
595 3470 76 55 its
706 3490 281 50 company
1025 3473 112 52 and
1176 3472 265 53 attached
1476 3472 155 53 units
1670 3472 113 52 and
1821 3472 96 52 the
1954 3471 243 52 relation
2236 3476 59 47 to
2332 3471 47 51 it

360 3551 64 53 of
468 3552 350 68 supporting
863 3570 150 35 arms
1060 3551 113 53 and
1221 3550 317 69 supplying
1583 3552 285 66 elements,
1910 3550 78 67 by
2034 3549 342 53 Lieutenant

362 3627 2014 70 Colonel Walter R. Wheeler … Washington, The Infantry
359 3709 248 68 journal,
637 3709 128 67 inc.,
798 3712 152 50 1936.

428 3781 155 41 xxxix
611 3794 58 37 p.,
701 3783 24 39 1
792 3815 8 15 l.,
832 3782 86 41 356
950 3794 41 36 p.
1053 3782 127 40 illus.
1241 3781 56 41 23½
1330 3783 44 22 cm
1380 3815 8 8 .

430 3840 161 40 “With
623 3848 262 31 numerous
917 3838 255 41 historical
1204 3838 246 48 examples
1482 3838 128 40 from
1644 3836 82 42 the
1757 3836 100 41 late
1889 3834 482 42 war.”—Foreword.

431 3895 350 50 Bibliography
799 3907 9 29 :
842 3907 43 37 p.
915 3895 219 42 352-356.

357 3949 53 53 ©
434 3953 114 48 Apr.
575 3954 69 41 23,
671 3953 114 39 1936;
840 3953 66 39 2c.
935 3952 96 40 and
1058 3951 81 42 aff.
1168 3952 128 48 Sept.
1323 3952 56 39 14;
1434 3952 41 38 A
1499 3949 145 42 97785;
1702 3949 232 47 Infantry
1960 3948 212 47 .journal,
2201 3948 77 38 inc

440 4010 283 51 (36-21147)
2165 4003 117 42 8765
