2519 4377
1052 4117 99 55 761

179 561 1923 71 … 2d ed. rev. Philadelphia and London, W. B. Saunders
117 661 295 51 company,
441 645 148 50 1936.

186 714 24 39 1
239 724 41 38 p.
343 745 9 17 l.,
382 713 142 41 7-294
551 724 43 37 p.
653 712 164 48 front.,
847 713 126 39 illus.
1033 711 57 41 20
1090 714 45 22 cm
1140 744 9 8 .

191 768 1822 49 “Selected bibliography” at end of each chapter except chapters VIII
116 827 190 40 and IX .
115 881 53 54 ©
194 886 127 42 June
345 885 39 47 5,
410 883 139 48 1936;
576 883 67 42 2c.
673 884 125 39 June
826 884 81 46 12;
938 882 81 41 aff.
1048 883 125 40 June
1200 883 53 39 15
1272 893 9 36 ;
1310 883 40 39 A
1377 880 170 49 94936;
1577 882 72 41 W.
1678 883 53 39 B.
1763 882 246 41 Saunders
2038 892 67 31 co.

195 940 278 51 (36-12643)

114 1044 265 65 Lacroix,
410 1044 162 65 Paul,
607 1048 324 52 1806-1884.

187 1120 135 68 “My
358 1118 332 70 Republic”,
722 1119 61 52 in
813 1117 186 53 which
1037 1136 94 34 are
1164 1117 268 53 narrated
1468 1117 97 52 the
1600 1116 339 53 adventures
1973 1115 65 53 of
2073 1135 32 35 a

117 1196 332 69 bibliophile
483 1196 213 68 during
726 1196 95 52 the
854 1196 221 51 French
1108 1193 319 54 revolution
1460 1194 112 52 and
1603 1194 95 52 the
1731 1198 132 63 part
1896 1193 208 69 played

117 1273 219 54 therein
361 1274 73 67 by
463 1293 30 33 a
520 1291 126 34 rare
672 1272 161 53 book.
910 1273 88 66 By
1028 1272 144 52 Paul
1200 1271 243 52 Lacroix
1481 1270 379 69 (Bibliophile
1887 1271 208 67 Jacob)

116 1351 313 53 translated
463 1351 74 67 by
572 1350 293 52 Theodore
899 1350 223 67 Wesley
1160 1349 180 51 Koch.
1418 1347 269 69 Chicago,
1722 1349 121 51 The
1882 1348 222 54 Caxton

116 1428 145 67 club,
293 1430 147 51 1936.

185 1497 95 47 xvi,
314 1497 68 49 99,
418 1499 54 48 [1]
508 1509 42 37 p.
609 1497 149 40 front,
787 1496 172 49 (port.)
1027 1496 54 39 21½
1114 1499 45 21 cm
1164 1529 8 8 .

188 1552 1915 50 “Three hundred copies of this book have been printed … by R. R.
117 1612 264 46 Donnelley
408 1606 45 45 &
480 1621 110 29 sons
616 1620 247 38 company,
892 1612 81 39 the
1001 1609 237 40 Lakeside
1264 1620 147 39 press,
1441 1608 411 52 Crawfordsville,
1882 1612 222 41 Indiana.

116 1668 118 40 This
258 1668 122 40 book
405 1668 41 39 is
473 1678 26 28 a
527 1667 227 48 printer’s
782 1666 195 48 sample,
1006 1669 82 37 not
1115 1667 79 39 for
1221 1665 330 42 circulation.”

187 1724 279 47 Imaginary
495 1725 292 39 adventures
817 1723 51 39 of
897 1724 81 40 the
1007 1723 179 40 author
1213 1724 48 38 in
1290 1724 169 39 search
1489 1723 51 39 of
1570 1723 76 40 his
1677 1733 117 38 copy
1825 1723 52 40 of
1907 1723 197 42 Bodin’s

118 1779 311 49 République,
465 1781 153 45 Paris,
653 1779 118 41 1580
815 1779 105 49 (6th
957 1779 97 47 ed.)
1096 1778 177 49 during
1307 1780 82 40 the
1423 1779 286 42 revolution.

117 1834 52 55 ©
201 1842 113 46 May
345 1839 68 47 23,
446 1838 115 42 1936
577 1850 8 36 ;
620 1838 68 41 2c.
721 1840 94 38 and
848 1837 80 40 aff.
963 1839 113 47 May
1109 1838 55 40 28
1182 1849 9 36 ;
1226 1839 41 38 A
1298 1837 148 41 94648
1460 1848 9 37 ;
1506 1838 188 41 Caxton
1726 1839 122 41 club.

199 1895 278 49 (36-12663)

115 1999 206 63 Leroy,
347 1998 227 54 Alfred.

246 2071 1863 70 … Histoire de la peinture française au XVII e siècle (1600-
118 2152 159 69 1700)
304 2172 11 48 ;
343 2169 99 36 son
466 2152 289 52 évolution
782 2157 53 47 et
858 2170 85 34 ses
965 2151 248 52 maîtres.
1289 2149 185 69 Paris,
1500 2151 70 52 A.
1597 2150 212 53 Michel
1841 2183 12 34 [
1858 2159 18 22 c
1882 2153 133 49 1935
2021 2183 13 34 ]

183 2226 994 52 350 p., 1 l. incl. plates, ports. 20 ½ cm .
182 2284 417 49 “Bibliographie”
618 2296 10 29 :
662 2296 43 37 p.
742 2284 246 50 [321]-328.

116 2337 1757 53 © Jan. 1, 1936; 1c. Apr. 18; A- Foreign 31404; Albin Michel.
194 2398 278 47 (36-11718)

115 2493 277 66 Lindsay,
420 2493 210 66 Philip,
660 2499 170 50 1906-

184 2570 188 69 Kings
395 2569 63 54 of
479 2589 189 50 merry
691 2572 270 67 England
985 2570 152 55 from
1160 2571 288 53 Eadward
1470 2571 95 51 the
1590 2569 323 66 Confessor,
1937 2573 169 50 1042-

118 2651 151 64 1066,
311 2654 58 47 to
413 2648 254 54 Richard
713 2649 95 54 the
852 2649 202 68 Third,
1100 2651 325 65 1483-1485,
1468 2648 74 68 by
1588 2647 200 68 Philip
1832 2648 271 67 Lindsay.

116 2727 255 66 London,
399 2728 49 53 I.
477 2727 310 54 Nicholson
815 2729 51 50 &
894 2727 256 66 Watson,
1178 2727 121 66 ltd.,
1331 2730 148 50 1936.

188 2799 84 42 617
302 2810 43 37 p.
404 2798 163 49 front.,
600 2800 170 48 plates,
804 2801 147 46 ports.
1011 2798 54 40 23½
1098 2801 45 22 cm
1148 2831 8 8 .

116 2853 1990 54 © 1c. May 18, 1936 ; A ad int. 21434 ; pubd. Mar. 19 ; P. Lindsay, Rye,
189 2915 191 47 Sussex,
405 2914 235 48 England.
703 2913 279 49 (36-12522)

115 3000 316 55 Louisiana
457 3003 202 66 digest,
688 3005 131 49 1809
847 3006 57 47 to
933 3002 129 52 date
1079 3021 11 47 ;
1119 3002 266 67 covering
1410 3001 306 54 Louisiana
1744 3006 222 63 reports
1996 3000 110 52 and

188 3079 283 55 Southern
501 3084 273 63 reporter,
806 3098 58 34 as
894 3079 127 53 well
1052 3098 59 34 as
1141 3078 307 54 Louisiana
1477 3097 150 34 cases
1657 3078 232 53 decided
1921 3080 60 51 in
2013 3079 110 60 the,

186 3157 217 53 federal
435 3156 242 56 District
708 3157 111 53 and
852 3156 218 55 Circuit
1102 3160 203 63 courts,
1337 3156 221 56 Circuit
1588 3162 160 47 court
1779 3156 62 52 of
1873 3156 237 68 appeals

187 3236 111 51 and
325 3234 273 67 Supreme
625 3240 161 48 court
810 3235 63 52 of
899 3235 93 51 the
1020 3233 215 56 United
1266 3233 204 69 States,
1496 3234 139 52 with
1662 3242 228 46 current
183 3252 1899 113 cumulative
382 3312 203 67 pocket
607 3311 225 54 service.
894 3312 268 54 Volumes
1188 3313 117 52 7-8.
1368 3311 83 55 St.
1478 3312 165 67 Paul,
1669 3314 158 54 West
184 3310 1898 146 publishing
308 3406 78 37 co.
417 3423 13 33 [
435 3395 18 22 c
457 3392 133 49 1936
595 3422 13 33 ]

184 3462 25 38 2
272 3493 8 9 v.
337 3461 55 40 26½
425 3464 44 20 cm
474 3493 8 9 .

186 3518 381 41 Contents.—v.
610 3516 41 42 7.
696 3517 352 49 Crops-Entry,
1093 3517 127 41 Writ
1264 3517 171 42 of.—v.
1480 3516 41 42 8.
1567 3516 539 50 Equity-Extradition.

115 3570 53 53 ©
195 3576 112 47 May
332 3575 68 47 26,
431 3573 139 49 1936;
600 3574 68 41 2c.
698 3576 116 39 each
844 3575 95 39 and
970 3575 107 41 affs.
1108 3575 125 40 June
1262 3574 82 47 15;
1374 3575 41 39 A
1442 3573 157 49 94989,
1630 3572 170 49 94990;
1832 3575 137 40 West
1997 3573 107 49 pub.

185 3641 67 31 co.

114 3717 262 66 Ludwig,
402 3719 170 64 Emil,
600 3725 169 49 1881-

115 3794 1964 146 … Der Nil; lebenslauf eines Stromes … [1. bd.] Amsterdam, Querido verlag n. v., 1935.
186 3945 84 40 352
298 3956 42 36 p.
397 3945 161 47 front.,
587 3946 171 47 plates,
784 3946 117 39 fold.
931 3955 150 37 maps.
1136 3944 55 39 22
1195 3948 44 20 cm
1244 3976 8 8 .

115 3997 1987 52 © Dec. 1, 1935 ; 1c. Apr. 22, 1936 ; A-Foreign 31482 ; Querido verlag.
194 4056 278 48 (36-11671)
