2519 4377
1355 4149 102 53 272

394 467 242 54 Illinois.
711 471 167 52 Laws
885 512 11 24 ,
924 476 240 47 statutes
1171 512 11 25 ,
1211 477 85 47 etc
1301 514 10 9 .

465 548 176 54 Jones
671 547 229 53 Illinois
928 551 241 50 statutes
1201 549 324 53 annotated.
1616 568 51 34 [v.
1701 552 188 63 19-20]
1962 548 302 68 Compiled
2297 550 111 52 and

397 624 191 54 edited
627 626 76 66 by
743 624 233 54 Palmer
1013 627 72 52 D.
1129 627 301 52 Edmunds
1478 670 55 9 ...
1617 627 270 68 Chicago,
1930 627 323 67 Callaghan
2296 629 113 51 and

395 721 301 50 company,
725 707 150 50 1936.

464 777 30 38 2
555 807 7 8 v.
621 776 149 42 24½cm.

746 844 123 30 CONTENTS.—[v.
922 831 71 51 19]
1046 834 433 48 Practice-equity.
1561 835 454 48 Practice-general
2065 833 348 49 provisions.—

399 909 62 29 [v.
491 889 72 51 20]
599 890 522 49 Practice-municipal
1156 892 95 39 and
1283 892 100 47 city
1417 896 178 37 courts.

397 943 53 54 ©
484 949 109 40 Jan.
625 947 72 50 30,
730 948 141 49 1935;
905 948 68 42 2c.
1007 949 120 40 each
1159 950 95 39 and
1288 948 107 42 affs.
1430 949 111 43 Feb.
1574 950 53 42 3;
1664 950 40 39 A
1737 948 158 49 91579,
1930 948 146 41 91580
2094 959 8 37 ;
2141 948 274 50 Callaghan

469 1006 36 40 &
540 1017 68 30 co.

396 1095 241 55 Illinois.
712 1098 280 66 Supreme
1024 1104 176 47 court.

469 1175 246 66 Reports
751 1174 65 53 of
848 1194 150 34 cases
1036 1179 60 48 at
1128 1175 109 52 law
1274 1176 112 51 and
1419 1176 61 51 in
1516 1176 277 66 chancery
1828 1175 216 67 argued
2082 1175 112 52 and
396 1175 1992 130 determined
633 1296 57 9 ...

767 1254 245 54 Volume
1051 1257 117 49 361.
1244 1253 353 68 Containing
1634 1272 151 35 cases
1822 1254 59 52 in
1920 1254 188 53 which
2147 1253 263 68 opinions

399 1350 144 34 were
582 1329 135 54 filed
752 1334 62 52 in
853 1333 156 54 June
1047 1332 112 52 and
1199 1331 264 67 October,
1505 1335 152 64 1935,
1696 1333 114 52 and
1850 1350 150 35 cases
2042 1332 248 54 wherein
396 1351 1992 125 rehearings

693 1429 143 33 were
862 1410 204 53 denied
1092 1415 58 48 at
1174 1411 96 52 the
1297 1410 246 55 October
1568 1411 111 52 and
1706 1411 311 52 December
2042 1415 190 63 terms,
2260 1414 150 50 1935.

400 1487 230 55 Samuel
672 1488 250 67 Pashley
964 1488 200 68 Irwin,
1204 1493 256 62 reporter
1502 1489 63 52 of
1608 1488 294 54 decisions.
1984 1489 428 69 Bloomington,

397 1567 114 64 Ill.,
539 1569 151 52 1936.

464 1641 100 49 xxi,
611 1640 197 50 [23]-715
834 1651 43 38 p.
935 1640 62 39 22½
1024 1643 46 20 cm
1075 1674 8 8 .

398 1694 52 53 ©
496 1699 110 40 Jan.
651 1697 70 50 29,
767 1696 142 48 1936;
956 1698 66 39 2c.
1070 1699 95 39 and
1211 1697 81 40 aff.
1341 1697 110 40 Feb.
1498 1698 52 46 6;
1599 1699 39 38 A
1685 1697 171 48 90631;
1909 1698 194 41 Samuel
2151 1699 50 41 P.
2249 1700 165 48 Irwin,

468 1755 357 48 Bloomington,
859 1756 75 39 Ill.

396 1846 201 66 Jeans,
625 1846 195 64 Philip
851 1845 265 64 Charles,
1148 1851 171 49 1883-

471 1967 57 10 ...
563 1922 319 55 Essentials
907 1922 65 55 of
1000 1920 312 71 pediatrics
1342 1922 93 53 for
1463 1942 214 48 nurses,
1705 1923 76 67 by
1811 1923 202 68 Philip
2047 1923 61 55 C.
2140 1924 175 54 Jeans
2352 1968 56 9 ...

396 2002 140 54 with
565 2008 114 48 two
710 2002 266 68 chapters
1002 2001 77 68 by
1104 2000 296 56 Winifred
1428 2002 169 52 Rand
1635 2045 55 9 ...
1770 2002 66 53 73
1870 2002 395 54 illustrations.
2341 2003 72 52 2d

396 2082 83 53 ed.
518 2100 113 35 rev.
709 2080 429 69 Philadelphia,
1173 2080 287 53 Montreal
1503 2113 12 34 [
1521 2086 120 61 etc.]
1684 2081 57 54 J.
1782 2081 66 51 B.
1888 2080 344 69 Lippincott
395 2100 1994 129 company
584 2162 173 66 [1936]

465 2234 104 49 xiii,
598 2233 88 42 505
712 2243 42 39 p.
830 2233 144 48 illus.,
1001 2233 30 41 2
1057 2243 61 39 pl.
1149 2232 48 50 (1
1226 2232 132 47 fold.,
1386 2232 25 40 1
1442 2231 111 49 col.)
1636 2232 55 40 21
1695 2234 44 21 cm
1743 2265 8 8 .
1838 2232 341 50 (Lippincott’s
2212 2233 203 50 nursing

399 2292 224 41 manuals
635 2292 14 48 )

467 2347 293 43 “Published
807 2348 203 49 August,
1056 2347 129 41 1934.
1261 2347 267 48 Reprinted
1574 2346 153 49 April,
1778 2347 126 40 1935.
1984 2347 183 41 Second
2217 2348 196 47 edition,

396 2406 265 49 February,
691 2405 157 41 1936.”

399 2460 53 52 ©
488 2464 112 39 Feb.
635 2464 42 47 3,
711 2461 142 49 1936;
891 2463 26 39 2
919 2473 40 30 c.
994 2463 96 39 and
1126 2461 81 41 aff.
1247 2461 108 39 Feb.
1393 2460 82 48 12;
1514 2461 42 38 A
1590 2459 171 49 91711;
1802 2461 44 40 J.
1884 2462 53 39 B.
1977 2459 281 50 Lippincott
2291 2471 68 30 co.

477 2520 254 50 (36-7470)

398 2609 287 66 Johnson,
712 2609 279 64 Wingate
1020 2609 287 63 Memory,
1340 2613 170 49 1885-

468 2688 125 52 The
621 2692 130 48 true
784 2686 329 69 physician;
1150 2685 99 53 the
1277 2685 236 53 modem
1548 2684 231 53 “doctor
1815 2684 64 53 of
1914 2686 98 51 the
2043 2685 96 53 old
2169 2685 246 66 school”,

397 2766 76 68 by
510 2765 276 69 Wingate
822 2765 80 52 M.
944 2764 280 67 Johnson,
1321 2806 10 9 M.
1410 2806 10 10 D.
1514 2762 139 53 New
1695 2762 181 68 York,
1917 2763 122 54 The
2079 2763 332 54 Macmillan

396 2862 301 52 company,
725 2846 150 50 1936.

466 2917 685 50 xvi p., 1 l., 157 p. 19½ cm .
401 2972 53 53 ©
493 2978 120 37 Mar.
652 2976 41 48 3,
732 2974 141 48 1936;
911 2975 68 40 2c.
1019 2974 96 40 and
1153 2973 82 41 aff.
1276 2974 121 38 Mar.
1436 2972 53 47 4;
1531 2972 39 38 A
1608 2971 172 49 92085;
1821 2971 283 42 Macmillan
2144 2982 68 31 co.

480 3033 253 48 (36-7471)

399 3122 199 65 Jones,
626 3122 164 55 Pete.

473 3200 147 53 Ride
671 3199 103 52 ’em
819 3200 298 64 Montana,
1162 3198 74 66 by
1283 3199 138 52 Pete
1467 3198 190 53 Jones.
1734 3196 139 53 New
1923 3197 181 67 York,
2153 3197 261 53 Phoenix

405 3297 154 48 press
594 3312 12 32 [
611 3284 18 21 c
635 3280 153 63 1935]

472 3347 88 41 256
584 3358 43 37 p.
689 3345 147 41 19½cm.

403 3405 52 53 ©
483 3410 111 38 Dec.
620 3409 39 46 1,
687 3405 141 48 1935;
858 3406 67 40 2c.
955 3407 122 39 Mar.
1104 3403 68 49 27,
1202 3404 140 46 1936;
1372 3403 82 40 aff.
1485 3404 121 40 Mar.
1635 3403 82 47 25;
1749 3404 40 38 A
1816 3403 145 41 92567
1979 3414 9 37 ;
2021 3404 216 39 Phoenix
2266 3411 148 41 press.

482 3464 254 49 (36-7588)

401 3570 283 63 Kästner,
712 3568 199 64 Erich,
941 3573 172 50 1899-

478 3691 55 9 ...
573 3635 190 65 Émile
795 3651 55 48 et
882 3647 79 52 les
994 3645 332 65 detectives;
1363 3642 222 56 traduit
1617 3662 106 49 par
1756 3644 261 52 madame
2050 3645 64 51 L.
2150 3644 261 52 Faisans-

404 3725 222 67 Maury.
702 3712 109 63 Éd.
846 3722 254 68 scolaire,
1136 3720 273 69 préparée
1447 3738 106 49 par
1588 3718 227 52 Arthur
1852 3717 229 56 Gibbon
2121 3719 187 54 Bovée
2351 3760 57 11 ...

406 3803 230 65 Boston,
662 3801 139 53 New
830 3799 164 54 York
1045 3805 121 61 [etc.]
1197 3799 72 52 D.
1300 3798 62 55 C.
1390 3798 195 52 Heath
1616 3797 111 53 and
1757 3814 283 53 company
2073 3830 12 34 [
2090 3803 18 22 c
2114 3799 152 65 1936]

505 3906 8 14 v,
545 3875 85 39 217
659 3885 41 37 p.
762 3872 130 42 illus.
921 3873 102 49 (incl.
1084 3873 140 48 plan)
1294 3872 56 40 17
1353 3874 44 21 cm
1401 3903 8 8 .
1482 3870 229 49 (Heath’s
1740 3872 198 39 modern
1972 3871 239 47 language
2228 3871 174 47 series)

404 3930 52 53 ©
498 3935 109 39 Jan.
650 3932 70 47 29,
762 3932 141 47 1936;
946 3932 68 41 2c.
1056 3933 94 39 and
1193 3932 82 40 aff.
1320 3932 109 39 Feb.
1473 3932 52 45 7;
1569 3931 40 39 A
1652 3931 171 41 91962;
1869 3932 56 38 D.
1968 3930 50 41 C.
2062 3932 164 39 Heath
2269 3932 35 38 &
2346 3942 68 29 co.

476 3991 282 49 [Copyright
791 3990 41 40 is
864 3989 206 40 claimed
1099 4001 59 27 on
1192 3989 255 40 character
1480 3988 236 42 sketches,
1751 3987 254 48 exercises,
2039 3990 137 37 notes
2210 3989 95 38 and
473 3997 1923 99 vocabulary,
756 4048 62 47 by
849 4048 186 38 Arthur
1071 4046 184 40 Gibbon
1291 4045 172 49 Bovée]
1538 4044 252 49 (36-7431)
