<alto xmlns="http://www.loc.gov/standards/alto/ns-v3#" xmlns:xsi="http://www.w3.org/2001/XMLSchema-instance" xsi:schemaLocation="http://www.loc.gov/standards/alto/ns-v3# http://www.loc.gov/alto/v3/alto-3-0.xsd"><Description>
<MeasurementUnit>pixel</MeasurementUnit>
<sourceImageInformation>
<fileName>1936_v33_Part1.pdf</fileName>
</sourceImageInformation>
<OCRProcessing ID="IdOcr">
<ocrProcessingStep>
<processingDateTime>2019-01-18</processingDateTime>
<processingSoftware>
<softwareCreator>ABBYY</softwareCreator>
<softwareName>ABBYY Recognition Server</softwareName>
<softwareVersion>4.0</softwareVersion>
</processingSoftware>
</ocrProcessingStep>
</OCRProcessing>
</Description>
<Styles>
<ParagraphStyle ALIGN="Left" FIRSTLINE="0." ID="StyleId-FFFFFFFF-FFFF-FFFF-FFFF-FFFFFFFFFFFF-" LEFT="0." RIGHT="0." />
<ParagraphStyle ALIGN="Left" FIRSTLINE="0." ID="StyleId-51D50FAC-7A90-4D70-8A96-5EA9D46D1C8B-" LEFT="0." LINESPACE="7.699999809" RIGHT="0." />
<ParagraphStyle ALIGN="Block" FIRSTLINE="-17." ID="StyleId-6BC133E9-7DCB-43C3-8842-A67984A26405-" LEFT="0." LINESPACE="8.340000153" RIGHT="0." />
<ParagraphStyle ALIGN="Left" FIRSTLINE="-13." ID="StyleId-3C3FF860-43E7-46A2-8934-48F305F6F0D6-" LEFT="0." LINESPACE="11.06999969" RIGHT="0." />
<ParagraphStyle ALIGN="Block" FIRSTLINE="-13." ID="StyleId-19220C76-4F8A-4737-B38C-B5F5C17E6040-" LEFT="0." LINESPACE="11.06999969" RIGHT="0." />
<ParagraphStyle ALIGN="Left" FIRSTLINE="0." ID="StyleId-75A0D721-13ED-4F20-9002-B389EC48477D-" LEFT="0." LINESPACE="15.5" RIGHT="0." />
<ParagraphStyle ALIGN="Left" FIRSTLINE="0." ID="StyleId-8A414184-C7A5-4AC7-9B88-7DA4DDE75922-" LEFT="0." LINESPACE="9.399999619" RIGHT="0." />
<ParagraphStyle ALIGN="Left" FIRSTLINE="0." ID="StyleId-1A87970B-111C-4169-99A6-9412976F3C97-" LEFT="0." LINESPACE="10.5" RIGHT="0." />
<ParagraphStyle ALIGN="Block" FIRSTLINE="-17." ID="StyleId-72DB0571-5AE4-41FD-9E11-68C6AC4C437E-" LEFT="0." LINESPACE="8.340000153" RIGHT="0." />
<ParagraphStyle ALIGN="Center" FIRSTLINE="0." ID="StyleId-1AA43056-C388-4697-B10F-72FDAA38FAE1-" LEFT="0." LINESPACE="10.5" RIGHT="0." />
</Styles>
<Layout>
<Page HEIGHT="4377" ID="Page1985" PHYSICAL_IMG_NR="1985" WIDTH="2519">
<TopMargin HEIGHT="421" HPOS="0" VPOS="0" WIDTH="2519">
</TopMargin>
<LeftMargin HEIGHT="3739" HPOS="0" VPOS="421" WIDTH="68">
</LeftMargin>
<RightMargin HEIGHT="3739" HPOS="2108" VPOS="421" WIDTH="411">
</RightMargin>
<BottomMargin HEIGHT="217" HPOS="0" VPOS="4160" WIDTH="2519">
</BottomMargin>
<PrintSpace HEIGHT="3739" HPOS="68" VPOS="421" WIDTH="2040">
<TextBlock HEIGHT="70" HPOS="1012" ID="Page1985_Block1" LANG="en-US" STYLEREFS="StyleId-2787EA8A-8F1D-42B5-BCBF-9D7C6D7DBE4A-" VPOS="4090" WIDTH="150">
<TextLine HEIGHT="49" HPOS="1023" VPOS="4100" WIDTH="129">
<String CONTENT="1935" HEIGHT="49" HPOS="1023" VPOS="4100" WIDTH="129" />
</TextLine>
</TextBlock>
<TextBlock CS="1" HEIGHT="3669" HPOS="68" ID="Page1985_Block2" LANG="en-US" STYLEREFS="StyleId-2ACABFCB-55D6-49AC-BB2E-6D6E5BFCE7E8-" VPOS="421" WIDTH="2040">
<TextLine HEIGHT="65" HPOS="80" STYLEREFS="StyleId-6673379F-FC43-4870-8D5E-2ED19F0832DF-" VPOS="453" WIDTH="515">
<String CONTENT="Ley," HEIGHT="62" HPOS="80" VPOS="456" WIDTH="139" />
<SP HEIGHT="62" HPOS="220" VPOS="456" WIDTH="33" />
<String CONTENT="Madeleine." HEIGHT="54" HPOS="254" VPOS="453" WIDTH="341" />
</TextLine>
<TextLine HEIGHT="69" HPOS="150" STYLEREFS="StyleId-FE756FB7-89C1-4772-A02E-3D88E1545DBF-" VPOS="527" WIDTH="1934">
<String CONTENT="La" HEIGHT="51" HPOS="150" LANG="fr" VPOS="533" WIDTH="81" />
<SP HEIGHT="34" HPOS="232" VPOS="550" WIDTH="37" />
<String CONTENT="nuit" HEIGHT="53" HPOS="270" LANG="fr" VPOS="529" WIDTH="122" />
<SP HEIGHT="51" HPOS="393" VPOS="532" WIDTH="36" />
<String CONTENT="de" HEIGHT="51" HPOS="430" LANG="fr" VPOS="532" WIDTH="66" />
<SP HEIGHT="53" HPOS="497" VPOS="530" WIDTH="37" />
<String CONTENT="la" HEIGHT="52" HPOS="535" LANG="en-US" VPOS="530" WIDTH="51" />
<SP HEIGHT="55" HPOS="587" VPOS="528" WIDTH="39" />
<String CONTENT="Saint" HEIGHT="55" HPOS="627" LANG="en-US" VPOS="528" WIDTH="163" />
<SP HEIGHT="55" HPOS="791" VPOS="528" WIDTH="42" />
<String CONTENT="Sylvain," HEIGHT="68" HPOS="834" LANG="fr" VPOS="528" WIDTH="256" />
<SP HEIGHT="48" HPOS="1091" VPOS="548" WIDTH="37" />
<String CONTENT="par" HEIGHT="48" HPOS="1129" LANG="en-US" VPOS="548" WIDTH="104" />
<SP HEIGHT="51" HPOS="1234" VPOS="529" WIDTH="37" />
<String CONTENT="Madeleine" HEIGHT="54" HPOS="1272" LANG="en-US" VPOS="527" WIDTH="317" />
<SP HEIGHT="50" HPOS="1590" VPOS="530" WIDTH="36" />
<String CONTENT="Ley." HEIGHT="64" HPOS="1627" LANG="en-US" VPOS="530" WIDTH="132" />
<SP HEIGHT="52" HPOS="1760" VPOS="527" WIDTH="92" />
<String CONTENT="Images" HEIGHT="66" HPOS="1853" LANG="en-US" VPOS="527" WIDTH="231" />
</TextLine>
<TextLine HEIGHT="69" HPOS="81" STYLEREFS="StyleId-FE756FB7-89C1-4772-A02E-3D88E1545DBF-" VPOS="606" WIDTH="1451">
<String CONTENT="d&#8217;Edy" HEIGHT="66" HPOS="81" LANG="fr" VPOS="609" WIDTH="189" />
<SP HEIGHT="65" HPOS="271" VPOS="610" WIDTH="27" />
<String CONTENT="Legrand." HEIGHT="67" HPOS="299" LANG="fr" VPOS="608" WIDTH="279" />
<SP HEIGHT="51" HPOS="579" VPOS="609" WIDTH="75" />
<String CONTENT="Paris," HEIGHT="52" HPOS="655" LANG="en-US" VPOS="609" WIDTH="184" />
<SP HEIGHT="52" HPOS="840" VPOS="609" WIDTH="29" />
<String CONTENT="Calmann-L&#233;vy." HEIGHT="67" HPOS="870" LANG="fr" VPOS="606" WIDTH="481" />
<SP HEIGHT="49" HPOS="1352" VPOS="610" WIDTH="33" />
<String CONTENT="1936." HEIGHT="50" HPOS="1386" LANG="en-US" VPOS="609" WIDTH="146" />
</TextLine>
<TextLine CS="1" HEIGHT="40" HPOS="153" STYLEREFS="StyleId-520378E6-BEB6-4205-A094-2E28C7998A0F-" VPOS="683" WIDTH="94">
<String CONTENT="l" HEIGHT="37" HPOS="153" VPOS="683" WIDTH="23" />
<SP HEIGHT="37" HPOS="177" VPOS="683" WIDTH="28" />
<String CONTENT="v." CS="1" HEIGHT="8" HPOS="239" VPOS="715" WIDTH="8" />
</TextLine>
<TextLine CS="1" HEIGHT="54" HPOS="82" VPOS="746" WIDTH="1847">
<String CONTENT="&#169;" HEIGHT="53" HPOS="82" LANG="en-US" VPOS="747" WIDTH="53" />
<SP HEIGHT="53" HPOS="136" VPOS="747" WIDTH="35" />
<String CONTENT="Feb." HEIGHT="40" HPOS="172" LANG="en-US" VPOS="751" WIDTH="110" />
<SP HEIGHT="41" HPOS="283" VPOS="750" WIDTH="34" />
<String CONTENT="5." HEIGHT="42" HPOS="318" LANG="en-US" VPOS="750" WIDTH="39" />
<SP HEIGHT="42" HPOS="358" VPOS="750" WIDTH="37" />
<String CONTENT="1936;" HEIGHT="49" HPOS="396" LANG="en-US" VPOS="748" WIDTH="140" />
<SP HEIGHT="48" HPOS="537" VPOS="749" WIDTH="39" />
<String CONTENT="1c." CS="1" HEIGHT="28" HPOS="605" LANG="en-US" VPOS="759" WIDTH="21" />
<SP HEIGHT="38" HPOS="644" VPOS="751" WIDTH="39" />
<String CONTENT="Mar." HEIGHT="37" HPOS="684" LANG="en-US" VPOS="751" WIDTH="121" />
<SP HEIGHT="39" HPOS="806" VPOS="749" WIDTH="36" />
<String CONTENT="20;" CS="1" HEIGHT="38" HPOS="843" LANG="en-US" VPOS="749" WIDTH="56" />
<SP HEIGHT="39" HPOS="925" VPOS="751" WIDTH="41" />
<String CONTENT="A-Foreign" HEIGHT="42" HPOS="967" LANG="en-US" VPOS="748" WIDTH="308" />
<SP HEIGHT="38" HPOS="1276" VPOS="748" WIDTH="36" />
<String CONTENT="31111;" HEIGHT="46" HPOS="1313" LANG="en-US" VPOS="748" WIDTH="171" />
<SP HEIGHT="45" HPOS="1485" VPOS="749" WIDTH="42" />
<String CONTENT="Calmann-L&#233;vy." HEIGHT="48" HPOS="1528" LANG="fr" VPOS="746" WIDTH="401" />
</TextLine>
<TextLine HEIGHT="64" HPOS="81" STYLEREFS="StyleId-6673379F-FC43-4870-8D5E-2ED19F0832DF-" VPOS="869" WIDTH="789">
<String CONTENT="Lund," HEIGHT="63" HPOS="81" VPOS="870" WIDTH="185" />
<SP HEIGHT="63" HPOS="267" VPOS="870" WIDTH="25" />
<String CONTENT="Fred" HEIGHT="52" HPOS="293" VPOS="869" WIDTH="149" />
<SP HEIGHT="52" HPOS="443" VPOS="869" WIDTH="25" />
<String CONTENT="Bates," HEIGHT="63" HPOS="469" VPOS="869" WIDTH="201" />
<SP HEIGHT="57" HPOS="671" VPOS="875" WIDTH="29" />
<String CONTENT="1865-" HEIGHT="50" HPOS="701" VPOS="872" WIDTH="169" />
</TextLine>
<TextLine HEIGHT="71" HPOS="154" STYLEREFS="StyleId-FE756FB7-89C1-4772-A02E-3D88E1545DBF-" VPOS="941" WIDTH="1925">
<String CONTENT="..." HEIGHT="9" HPOS="154" VPOS="989" WIDTH="55" />
<SP HEIGHT="56" HPOS="210" VPOS="945" WIDTH="34" />
<String CONTENT="Greek" HEIGHT="56" HPOS="245" VPOS="945" WIDTH="185" />
<SP HEIGHT="53" HPOS="431" VPOS="945" WIDTH="26" />
<String CONTENT="medicine," HEIGHT="70" HPOS="458" VPOS="942" WIDTH="293" />
<SP HEIGHT="68" HPOS="752" VPOS="944" WIDTH="28" />
<String CONTENT="by" HEIGHT="68" HPOS="781" VPOS="944" WIDTH="73" />
<SP HEIGHT="67" HPOS="855" VPOS="945" WIDTH="28" />
<String CONTENT="Fred" HEIGHT="53" HPOS="884" VPOS="945" WIDTH="150" />
<SP HEIGHT="52" HPOS="1035" VPOS="945" WIDTH="28" />
<String CONTENT="B." HEIGHT="52" HPOS="1064" VPOS="945" WIDTH="67" />
<SP HEIGHT="52" HPOS="1132" VPOS="944" WIDTH="28" />
<String CONTENT="Lund" HEIGHT="52" HPOS="1161" VPOS="944" WIDTH="166" />
<SP HEIGHT="52" HPOS="1328" VPOS="944" WIDTH="36" />
<String CONTENT="..." HEIGHT="9" HPOS="1365" VPOS="988" WIDTH="55" />
<SP HEIGHT="35" HPOS="1421" VPOS="962" WIDTH="34" />
<String CONTENT="with" HEIGHT="53" HPOS="1456" VPOS="942" WIDTH="136" />
<SP HEIGHT="53" HPOS="1593" VPOS="943" WIDTH="28" />
<String CONTENT="7" HEIGHT="53" HPOS="1622" VPOS="943" WIDTH="30" />
<SP HEIGHT="53" HPOS="1653" VPOS="943" WIDTH="28" />
<String CONTENT="illustrations." HEIGHT="55" HPOS="1682" VPOS="941" WIDTH="397" />
</TextLine>
<TextLine HEIGHT="68" HPOS="78" STYLEREFS="StyleId-FE756FB7-89C1-4772-A02E-3D88E1545DBF-" VPOS="1022" WIDTH="1148">
<String CONTENT="New" HEIGHT="53" HPOS="78" VPOS="1025" WIDTH="139" />
<SP HEIGHT="52" HPOS="218" VPOS="1025" WIDTH="28" />
<String CONTENT="York," HEIGHT="66" HPOS="247" VPOS="1024" WIDTH="179" />
<SP HEIGHT="65" HPOS="427" VPOS="1025" WIDTH="25" />
<String CONTENT="P." HEIGHT="51" HPOS="453" LANG="fr" VPOS="1025" WIDTH="65" />
<SP HEIGHT="51" HPOS="519" VPOS="1025" WIDTH="30" />
<String CONTENT="B." HEIGHT="52" HPOS="550" VPOS="1025" WIDTH="65" />
<SP HEIGHT="54" HPOS="616" VPOS="1023" WIDTH="29" />
<String CONTENT="Hoeber," HEIGHT="67" HPOS="646" VPOS="1023" WIDTH="245" />
<SP HEIGHT="68" HPOS="892" VPOS="1022" WIDTH="28" />
<String CONTENT="inc.," HEIGHT="65" HPOS="921" VPOS="1022" WIDTH="124" />
<SP HEIGHT="60" HPOS="1046" VPOS="1027" WIDTH="30" />
<String CONTENT="1936." HEIGHT="49" HPOS="1077" VPOS="1026" WIDTH="149" />
</TextLine>
<TextLine CS="1" HEIGHT="55" HPOS="151" VPOS="1094" WIDTH="1929">
<String CONTENT="xiii," HEIGHT="49" HPOS="151" VPOS="1097" WIDTH="102" />
<SP HEIGHT="30" HPOS="254" VPOS="1118" WIDTH="30" />
<String CONTENT="[1]," HEIGHT="49" HPOS="285" VPOS="1099" WIDTH="70" />
<SP HEIGHT="45" HPOS="356" VPOS="1099" WIDTH="28" />
<String CONTENT="161," HEIGHT="48" HPOS="385" VPOS="1097" WIDTH="97" />
<SP HEIGHT="30" HPOS="483" VPOS="1117" WIDTH="28" />
<String CONTENT="[1]" HEIGHT="50" HPOS="512" VPOS="1099" WIDTH="54" />
<SP HEIGHT="41" HPOS="567" VPOS="1108" WIDTH="27" />
<String CONTENT="p." HEIGHT="38" HPOS="595" VPOS="1108" WIDTH="42" />
<SP HEIGHT="39" HPOS="638" VPOS="1097" WIDTH="25" />
<String CONTENT="incl." HEIGHT="41" HPOS="664" VPOS="1097" WIDTH="110" />
<SP HEIGHT="41" HPOS="775" VPOS="1097" WIDTH="23" />
<String CONTENT="front.," HEIGHT="49" HPOS="799" VPOS="1097" WIDTH="164" />
<SP HEIGHT="48" HPOS="964" VPOS="1098" WIDTH="26" />
<String CONTENT="illus." HEIGHT="39" HPOS="991" VPOS="1098" WIDTH="128" />
<SP HEIGHT="40" HPOS="1120" VPOS="1097" WIDTH="53" />
<String CONTENT="17" HEIGHT="39" HPOS="1174" VPOS="1097" WIDTH="54" />
<String CONTENT="cm" HEIGHT="22" HPOS="1232" STYLE="superscript" VPOS="1098" WIDTH="43" />
<String CONTENT="." HEIGHT="8" HPOS="1280" VPOS="1128" WIDTH="8" />
<SP HEIGHT="47" HPOS="1289" VPOS="1097" WIDTH="64" />
<String CONTENT="(Half-title;" CS="1" HEIGHT="49" HPOS="1354" VPOS="1095" WIDTH="276" />
<SP HEIGHT="41" HPOS="1654" VPOS="1094" WIDTH="24" />
<String CONTENT="Clio" HEIGHT="42" HPOS="1679" VPOS="1094" WIDTH="106" />
<SP HEIGHT="29" HPOS="1786" VPOS="1107" WIDTH="22" />
<String CONTENT="inedica;" CS="1" HEIGHT="41" HPOS="1809" VPOS="1095" WIDTH="187" />
<SP HEIGHT="35" HPOS="2025" VPOS="1107" WIDTH="27" />
<String CONTENT="a" HEIGHT="29" HPOS="2053" VPOS="1107" WIDTH="27" />
</TextLine>
<TextLine CS="1" HEIGHT="51" HPOS="81" VPOS="1152" WIDTH="2000">
<String CONTENT="series" HEIGHT="41" HPOS="81" VPOS="1155" WIDTH="150" />
<SP HEIGHT="30" HPOS="232" VPOS="1165" WIDTH="25" />
<String CONTENT="of" HEIGHT="40" HPOS="258" VPOS="1155" WIDTH="50" />
<SP HEIGHT="48" HPOS="309" VPOS="1155" WIDTH="23" />
<String CONTENT="primers" HEIGHT="49" HPOS="333" VPOS="1154" WIDTH="206" />
<SP HEIGHT="30" HPOS="540" VPOS="1164" WIDTH="26" />
<String CONTENT="on" HEIGHT="29" HPOS="567" VPOS="1165" WIDTH="59" />
<SP HEIGHT="38" HPOS="627" VPOS="1156" WIDTH="25" />
<String CONTENT="the" HEIGHT="40" HPOS="653" VPOS="1155" WIDTH="83" />
<SP HEIGHT="41" HPOS="737" VPOS="1154" WIDTH="25" />
<String CONTENT="history" HEIGHT="49" HPOS="763" VPOS="1153" WIDTH="189" />
<SP HEIGHT="37" HPOS="953" VPOS="1165" WIDTH="26" />
<String CONTENT="of" HEIGHT="40" HPOS="980" VPOS="1154" WIDTH="51" />
<SP HEIGHT="39" HPOS="1032" VPOS="1154" WIDTH="23" />
<String CONTENT="medicine." HEIGHT="41" HPOS="1056" VPOS="1153" WIDTH="249" />
<SP HEIGHT="40" HPOS="1306" VPOS="1153" WIDTH="55" />
<String CONTENT="Editor;" CS="1" HEIGHT="41" HPOS="1362" VPOS="1153" WIDTH="170" />
<SP HEIGHT="40" HPOS="1560" VPOS="1153" WIDTH="29" />
<String CONTENT="E." HEIGHT="40" HPOS="1590" VPOS="1153" WIDTH="52" />
<SP HEIGHT="41" HPOS="1643" VPOS="1152" WIDTH="28" />
<String CONTENT="B." HEIGHT="40" HPOS="1672" VPOS="1152" WIDTH="52" />
<SP HEIGHT="40" HPOS="1725" VPOS="1152" WIDTH="29" />
<String CONTENT="Krumbhaar," HEIGHT="47" HPOS="1755" VPOS="1152" WIDTH="326" />
</TextLine>
<TextLine CS="1" HEIGHT="47" HPOS="127" VPOS="1212" WIDTH="294">
<String CONTENT="M." CS="1" HEIGHT="9" HPOS="127" VPOS="1244" WIDTH="9" />
<SP />
<String CONTENT="D." CS="1" HEIGHT="8" HPOS="201" VPOS="1245" WIDTH="9" />
<SP HEIGHT="30" HPOS="211" VPOS="1223" WIDTH="58" />
<String CONTENT="XVIII)" CS="1" HEIGHT="47" HPOS="407" VPOS="1212" WIDTH="14" />
</TextLine>
<TextLine HEIGHT="50" HPOS="154" VPOS="1267" WIDTH="943">
<String CONTENT="Series" HEIGHT="43" HPOS="154" VPOS="1267" WIDTH="158" />
<SP HEIGHT="38" HPOS="313" VPOS="1271" WIDTH="25" />
<String CONTENT="title" HEIGHT="41" HPOS="339" VPOS="1269" WIDTH="108" />
<SP HEIGHT="41" HPOS="448" VPOS="1269" WIDTH="25" />
<String CONTENT="in" HEIGHT="39" HPOS="474" VPOS="1269" WIDTH="50" />
<SP HEIGHT="37" HPOS="525" VPOS="1280" WIDTH="24" />
<String CONTENT="part" HEIGHT="46" HPOS="550" VPOS="1271" WIDTH="113" />
<SP HEIGHT="38" HPOS="664" VPOS="1271" WIDTH="25" />
<String CONTENT="at" HEIGHT="38" HPOS="690" VPOS="1271" WIDTH="52" />
<SP HEIGHT="40" HPOS="743" VPOS="1269" WIDTH="25" />
<String CONTENT="head" HEIGHT="40" HPOS="769" VPOS="1269" WIDTH="123" />
<SP HEIGHT="39" HPOS="893" VPOS="1269" WIDTH="28" />
<String CONTENT="of" HEIGHT="40" HPOS="922" VPOS="1268" WIDTH="51" />
<SP HEIGHT="40" HPOS="974" VPOS="1268" WIDTH="25" />
<String CONTENT="t.-p." HEIGHT="46" HPOS="1000" VPOS="1270" WIDTH="97" />
</TextLine>
<TextLine CS="1" HEIGHT="49" HPOS="152" VPOS="1326" WIDTH="579">
<String CONTENT="Bibliography;" CS="1" HEIGHT="49" HPOS="152" VPOS="1326" WIDTH="347" />
<SP HEIGHT="38" HPOS="527" VPOS="1337" WIDTH="31" />
<String CONTENT="p." HEIGHT="38" HPOS="559" VPOS="1337" WIDTH="43" />
<SP HEIGHT="39" HPOS="603" VPOS="1327" WIDTH="30" />
<String CONTENT="155." HEIGHT="40" HPOS="634" VPOS="1326" WIDTH="97" />
</TextLine>
<TextLine HEIGHT="53" HPOS="85" VPOS="1394" WIDTH="1999">
<String CONTENT="&#169;" HEIGHT="53" HPOS="85" VPOS="1394" WIDTH="53" />
<SP HEIGHT="53" HPOS="139" VPOS="1394" WIDTH="30" />
<String CONTENT="Dec." HEIGHT="38" HPOS="170" VPOS="1399" WIDTH="109" />
<SP HEIGHT="38" HPOS="280" VPOS="1399" WIDTH="29" />
<String CONTENT="1." HEIGHT="41" HPOS="310" VPOS="1399" WIDTH="37" />
<SP HEIGHT="42" HPOS="348" VPOS="1398" WIDTH="30" />
<String CONTENT="1936" HEIGHT="39" HPOS="379" VPOS="1397" WIDTH="114" />
<SP HEIGHT="38" HPOS="494" VPOS="1398" WIDTH="55" />
<String CONTENT="2c." HEIGHT="37" HPOS="550" VPOS="1398" WIDTH="65" />
<SP HEIGHT="37" HPOS="616" VPOS="1399" WIDTH="31" />
<String CONTENT="Dec." HEIGHT="38" HPOS="648" VPOS="1399" WIDTH="112" />
<SP HEIGHT="39" HPOS="761" VPOS="1398" WIDTH="25" />
<String CONTENT="2;" HEIGHT="40" HPOS="787" VPOS="1398" WIDTH="52" />
<SP HEIGHT="32" HPOS="840" VPOS="1406" WIDTH="31" />
<String CONTENT="aff." HEIGHT="41" HPOS="872" VPOS="1396" WIDTH="83" />
<SP HEIGHT="39" HPOS="956" VPOS="1398" WIDTH="30" />
<String CONTENT="Dec." HEIGHT="37" HPOS="987" VPOS="1398" WIDTH="109" />
<SP HEIGHT="40" HPOS="1097" VPOS="1395" WIDTH="30" />
<String CONTENT="3;" HEIGHT="48" HPOS="1128" VPOS="1395" WIDTH="53" />
<SP HEIGHT="46" HPOS="1182" VPOS="1397" WIDTH="33" />
<String CONTENT="A" HEIGHT="38" HPOS="1216" VPOS="1397" WIDTH="37" />
<SP HEIGHT="38" HPOS="1254" VPOS="1397" WIDTH="30" />
<String CONTENT="100778;" HEIGHT="48" HPOS="1285" VPOS="1394" WIDTH="199" />
<SP HEIGHT="46" HPOS="1485" VPOS="1396" WIDTH="33" />
<String CONTENT="Paul" HEIGHT="39" HPOS="1519" VPOS="1395" WIDTH="118" />
<SP HEIGHT="40" HPOS="1638" VPOS="1395" WIDTH="33" />
<String CONTENT="B." HEIGHT="39" HPOS="1672" VPOS="1396" WIDTH="53" />
<SP HEIGHT="39" HPOS="1726" VPOS="1396" WIDTH="31" />
<String CONTENT="Hoeber," HEIGHT="47" HPOS="1758" VPOS="1395" WIDTH="203" />
<SP HEIGHT="47" HPOS="1962" VPOS="1395" WIDTH="31" />
<String CONTENT="inc." HEIGHT="41" HPOS="1994" VPOS="1395" WIDTH="90" />
</TextLine>
<TextLine HEIGHT="48" HPOS="166" VPOS="1454" WIDTH="220">
<String CONTENT="(37-775)" HEIGHT="48" HPOS="166" VPOS="1454" WIDTH="220" />
</TextLine>
<TextLine HEIGHT="65" HPOS="84" STYLEREFS="StyleId-6673379F-FC43-4870-8D5E-2ED19F0832DF-" VPOS="1550" WIDTH="787">
<String CONTENT="Lundholm," HEIGHT="65" HPOS="84" LANG="de" VPOS="1550" WIDTH="348" />
<SP HEIGHT="64" HPOS="433" VPOS="1551" WIDTH="28" />
<String CONTENT="Helge," HEIGHT="65" HPOS="462" LANG="de" VPOS="1550" WIDTH="205" />
<SP HEIGHT="60" HPOS="668" VPOS="1555" WIDTH="32" />
<String CONTENT="1891-" HEIGHT="49" HPOS="701" LANG="en-US" VPOS="1555" WIDTH="170" />
</TextLine>
<TextLine CS="1" HEIGHT="71" HPOS="154" STYLEREFS="StyleId-FE756FB7-89C1-4772-A02E-3D88E1545DBF-" VPOS="1624" WIDTH="1931">
<String CONTENT="The" HEIGHT="53" HPOS="154" LANG="en-US" VPOS="1626" WIDTH="122" />
<SP HEIGHT="50" HPOS="277" VPOS="1644" WIDTH="23" />
<String CONTENT="psychology" HEIGHT="69" HPOS="301" LANG="en-US" VPOS="1626" WIDTH="351" />
<SP HEIGHT="52" HPOS="653" VPOS="1643" WIDTH="28" />
<String CONTENT="of" HEIGHT="54" HPOS="682" LANG="en-US" VPOS="1624" WIDTH="67" />
<SP HEIGHT="54" HPOS="750" VPOS="1624" WIDTH="22" />
<String CONTENT="belief," HEIGHT="69" HPOS="773" LANG="en-US" VPOS="1624" WIDTH="193" />
<SP HEIGHT="68" HPOS="967" VPOS="1625" WIDTH="26" />
<String CONTENT="by" HEIGHT="69" HPOS="994" LANG="en-US" VPOS="1625" WIDTH="75" />
<SP HEIGHT="69" HPOS="1070" VPOS="1625" WIDTH="26" />
<String CONTENT="Helge" HEIGHT="69" HPOS="1097" LANG="de" VPOS="1625" WIDTH="189" />
<SP HEIGHT="53" HPOS="1287" VPOS="1625" WIDTH="23" />
<String CONTENT="Lundholm" HEIGHT="54" HPOS="1311" LANG="de" VPOS="1624" WIDTH="329" />
<SP HEIGHT="34" HPOS="1641" VPOS="1643" WIDTH="34" />
<String CONTENT="..." HEIGHT="9" HPOS="1676" LANG="en-US" VPOS="1668" WIDTH="56" />
<SP HEIGHT="52" HPOS="1733" VPOS="1625" WIDTH="67" />
<String CONTENT="Durham," HEIGHT="68" HPOS="1801" LANG="en-US" VPOS="1624" WIDTH="284" />
</TextLine>
<TextLine HEIGHT="70" HPOS="85" STYLEREFS="StyleId-FE756FB7-89C1-4772-A02E-3D88E1545DBF-" VPOS="1702" WIDTH="1099">
<String CONTENT="N." HEIGHT="55" HPOS="85" VPOS="1702" WIDTH="68" />
<SP HEIGHT="56" HPOS="154" VPOS="1702" WIDTH="28" />
<String CONTENT="C.," HEIGHT="70" HPOS="183" VPOS="1702" WIDTH="81" />
<SP HEIGHT="68" HPOS="265" VPOS="1704" WIDTH="25" />
<String CONTENT="Duke" HEIGHT="54" HPOS="291" VPOS="1702" WIDTH="166" />
<SP HEIGHT="35" HPOS="458" VPOS="1721" WIDTH="24" />
<String CONTENT="university" HEIGHT="69" HPOS="483" VPOS="1703" WIDTH="320" />
<SP HEIGHT="51" HPOS="804" VPOS="1721" WIDTH="23" />
<String CONTENT="press," HEIGHT="50" HPOS="828" VPOS="1721" WIDTH="174" />
<SP HEIGHT="65" HPOS="1003" VPOS="1706" WIDTH="30" />
<String CONTENT="1936." HEIGHT="52" HPOS="1034" VPOS="1704" WIDTH="150" />
</TextLine>
<TextLine CS="1" HEIGHT="49" HPOS="156" VPOS="1775" WIDTH="1669">
<String CONTENT="vii," HEIGHT="47" HPOS="156" VPOS="1776" WIDTH="78" />
<SP HEIGHT="46" HPOS="235" VPOS="1777" WIDTH="26" />
<String CONTENT="245" HEIGHT="40" HPOS="262" VPOS="1776" WIDTH="85" />
<SP HEIGHT="48" HPOS="348" VPOS="1776" WIDTH="24" />
<String CONTENT="p." HEIGHT="38" HPOS="373" VPOS="1786" WIDTH="43" />
<SP HEIGHT="40" HPOS="417" VPOS="1776" WIDTH="53" />
<String CONTENT="23&#189;" CS="1" HEIGHT="41" HPOS="471" VPOS="1775" WIDTH="55" />
<String CONTENT="cm" HEIGHT="21" HPOS="561" STYLE="superscript" VPOS="1778" WIDTH="44" />
<String CONTENT="." HEIGHT="7" HPOS="608" VPOS="1808" WIDTH="8" />
<SP HEIGHT="48" HPOS="617" VPOS="1776" WIDTH="65" />
<String CONTENT="(Half-title;" CS="1" HEIGHT="48" HPOS="683" VPOS="1776" WIDTH="277" />
<SP HEIGHT="41" HPOS="982" VPOS="1776" WIDTH="25" />
<String CONTENT="Duke" HEIGHT="40" HPOS="1008" VPOS="1776" WIDTH="139" />
<SP HEIGHT="30" HPOS="1148" VPOS="1786" WIDTH="28" />
<String CONTENT="university" HEIGHT="48" HPOS="1177" VPOS="1776" WIDTH="273" />
<SP HEIGHT="39" HPOS="1451" VPOS="1785" WIDTH="24" />
<String CONTENT="publications)" HEIGHT="49" HPOS="1476" VPOS="1775" WIDTH="349" />
</TextLine>
<TextLine CS="1" HEIGHT="51" HPOS="158" VPOS="1831" WIDTH="1164">
<String CONTENT="&#8220;Bibliographical" HEIGHT="48" HPOS="158" VPOS="1832" WIDTH="443" />
<SP HEIGHT="39" HPOS="602" VPOS="1833" WIDTH="31" />
<String CONTENT="references&#8221;;" CS="1" HEIGHT="41" HPOS="634" VPOS="1832" WIDTH="300" />
<SP HEIGHT="38" HPOS="962" VPOS="1842" WIDTH="33" />
<String CONTENT="p." HEIGHT="38" HPOS="996" VPOS="1842" WIDTH="42" />
<SP HEIGHT="30" HPOS="1039" VPOS="1852" WIDTH="35" />
<String CONTENT="[244]-245." CS="1" HEIGHT="51" HPOS="1088" VPOS="1831" WIDTH="234" />
</TextLine>
<TextLine CS="1" HEIGHT="53" HPOS="88" VPOS="1901" WIDTH="1999">
<String CONTENT="&#169;" HEIGHT="53" HPOS="88" VPOS="1901" WIDTH="52" />
<SP HEIGHT="53" HPOS="141" VPOS="1901" WIDTH="30" />
<String CONTENT="Dec." HEIGHT="38" HPOS="172" VPOS="1907" WIDTH="108" />
<SP HEIGHT="39" HPOS="281" VPOS="1906" WIDTH="28" />
<String CONTENT="12," HEIGHT="43" HPOS="310" VPOS="1906" WIDTH="70" />
<SP HEIGHT="42" HPOS="381" VPOS="1907" WIDTH="28" />
<String CONTENT="1936;" HEIGHT="48" HPOS="410" VPOS="1904" WIDTH="139" />
<SP HEIGHT="48" HPOS="550" VPOS="1904" WIDTH="29" />
<String CONTENT="2c." HEIGHT="40" HPOS="580" VPOS="1904" WIDTH="66" />
<SP HEIGHT="37" HPOS="647" VPOS="1907" WIDTH="31" />
<String CONTENT="Dec." HEIGHT="37" HPOS="679" VPOS="1907" WIDTH="110" />
<SP HEIGHT="37" HPOS="790" VPOS="1907" WIDTH="30" />
<String CONTENT="18;" HEIGHT="48" HPOS="821" VPOS="1904" WIDTH="80" />
<SP HEIGHT="37" HPOS="902" VPOS="1915" WIDTH="29" />
<String CONTENT="aff." HEIGHT="38" HPOS="932" VPOS="1905" WIDTH="79" />
<SP HEIGHT="37" HPOS="1012" VPOS="1906" WIDTH="34" />
<String CONTENT="Dec." HEIGHT="40" HPOS="1047" VPOS="1906" WIDTH="108" />
<SP HEIGHT="41" HPOS="1156" VPOS="1905" WIDTH="30" />
<String CONTENT="19;" HEIGHT="42" HPOS="1187" VPOS="1904" WIDTH="80" />
<SP HEIGHT="40" HPOS="1268" VPOS="1906" WIDTH="32" />
<String CONTENT="A" HEIGHT="38" HPOS="1301" VPOS="1906" WIDTH="39" />
<SP HEIGHT="38" HPOS="1341" VPOS="1906" WIDTH="29" />
<String CONTENT="101377;" CS="1" HEIGHT="40" HPOS="1371" VPOS="1904" WIDTH="172" />
<SP HEIGHT="39" HPOS="1571" VPOS="1907" WIDTH="37" />
<String CONTENT="Duke" HEIGHT="39" HPOS="1609" VPOS="1905" WIDTH="139" />
<SP HEIGHT="29" HPOS="1749" VPOS="1915" WIDTH="26" />
<String CONTENT="univ." HEIGHT="41" HPOS="1776" VPOS="1904" WIDTH="129" />
<SP HEIGHT="38" HPOS="1906" VPOS="1915" WIDTH="30" />
<String CONTENT="press." HEIGHT="40" HPOS="1937" VPOS="1913" WIDTH="150" />
</TextLine>
<TextLine HEIGHT="48" HPOS="169" VPOS="1961" WIDTH="220">
<String CONTENT="(37-617)" HEIGHT="48" HPOS="169" VPOS="1961" WIDTH="220" />
</TextLine>
<TextLine CS="1" HEIGHT="65" HPOS="111" STYLEREFS="StyleId-6673379F-FC43-4870-8D5E-2ED19F0832DF-" VPOS="2051" WIDTH="675">
<String CONTENT="[Mahner-Mons," CS="1" HEIGHT="64" HPOS="111" VPOS="2051" WIDTH="463" />
<SP HEIGHT="64" HPOS="575" VPOS="2051" WIDTH="22" />
<String CONTENT="HanS]" HEIGHT="65" HPOS="598" VPOS="2051" WIDTH="188" />
</TextLine>
<TextLine CS="1" HEIGHT="132" HPOS="90" STYLEREFS="StyleId-FE756FB7-89C1-4772-A02E-3D88E1545DBF-" VPOS="2126" WIDTH="1974">
<String CONTENT="Damballa" HEIGHT="54" HPOS="158" LANG="en-US" VPOS="2126" WIDTH="307" />
<SP HEIGHT="35" HPOS="466" VPOS="2145" WIDTH="37" />
<String CONTENT="ruft!" HEIGHT="53" HPOS="504" LANG="de" VPOS="2126" WIDTH="157" />
<SP HEIGHT="53" HPOS="662" VPOS="2126" WIDTH="78" />
<String CONTENT="Ein" HEIGHT="52" HPOS="741" LANG="de" VPOS="2126" WIDTH="116" />
<SP HEIGHT="34" HPOS="858" VPOS="2144" WIDTH="36" />
<String CONTENT="roman" HEIGHT="35" HPOS="895" LANG="en-US" VPOS="2144" WIDTH="198" />
<SP HEIGHT="33" HPOS="1094" VPOS="2145" WIDTH="37" />
<String CONTENT="aus" HEIGHT="34" HPOS="1132" LANG="de" VPOS="2145" WIDTH="101" />
<SP HEIGHT="52" HPOS="1234" VPOS="2127" WIDTH="36" />
<String CONTENT="Haiti," HEIGHT="66" HPOS="1271" LANG="de" VPOS="2126" WIDTH="187" />
<SP HEIGHT="47" HPOS="1459" VPOS="2145" WIDTH="38" />
<String CONTENT="von" HEIGHT="35" HPOS="1498" LANG="de" VPOS="2144" WIDTH="110" />
<SP HEIGHT="52" HPOS="1609" VPOS="2127" WIDTH="39" />
<String CONTENT="Hans" HEIGHT="52" HPOS="1649" LANG="de" VPOS="2127" WIDTH="165" />
<SP HEIGHT="51" HPOS="1815" VPOS="2128" WIDTH="37" />
<String CONTENT="Possendorf" HEIGHT="130" HPOS="90" LANG="de" VPOS="2128" WIDTH="1974" />
</TextLine>
<TextLine CS="1" HEIGHT="70" HPOS="275" LANG="de" STYLEREFS="StyleId-FE756FB7-89C1-4772-A02E-3D88E1545DBF-" VPOS="2203" WIDTH="1790">
<String CONTENT="[pseud.]" CS="1" HEIGHT="69" HPOS="275" VPOS="2204" WIDTH="193" />
<SP HEIGHT="65" HPOS="489" VPOS="2207" WIDTH="65" />
<String CONTENT="2." HEIGHT="52" HPOS="555" VPOS="2207" WIDTH="48" />
<SP HEIGHT="36" HPOS="604" VPOS="2223" WIDTH="28" />
<String CONTENT="aufl.," HEIGHT="69" HPOS="633" VPOS="2203" WIDTH="149" />
<SP HEIGHT="64" HPOS="783" VPOS="2208" WIDTH="25" />
<String CONTENT="6.-9." HEIGHT="51" HPOS="809" VPOS="2207" WIDTH="134" />
<SP HEIGHT="48" HPOS="944" VPOS="2210" WIDTH="26" />
<String CONTENT="tausend." HEIGHT="54" HPOS="971" VPOS="2204" WIDTH="254" />
<SP HEIGHT="54" HPOS="1226" VPOS="2204" WIDTH="61" />
<String CONTENT="Leipzig," HEIGHT="70" HPOS="1288" VPOS="2203" WIDTH="258" />
<SP HEIGHT="69" HPOS="1547" VPOS="2203" WIDTH="27" />
<String CONTENT="O." HEIGHT="57" HPOS="1575" VPOS="2203" WIDTH="68" />
<SP HEIGHT="54" HPOS="1644" VPOS="2205" WIDTH="27" />
<String CONTENT="Janke" HEIGHT="55" HPOS="1672" VPOS="2204" WIDTH="188" />
<SP HEIGHT="49" HPOS="1861" VPOS="2223" WIDTH="28" />
<String CONTENT="[" CS="1" />
<String CONTENT="c" HEIGHT="21" HPOS="1908" STYLE="superscript" VPOS="2212" WIDTH="17" />
<String CONTENT="1935]" CS="1" HEIGHT="50" HPOS="1932" VPOS="2208" WIDTH="133" />
</TextLine>
<TextLine CS="1" HEIGHT="51" HPOS="157" LANG="de" STYLEREFS="StyleId-FE756FB7-89C1-4772-A02E-3D88E1545DBF-" VPOS="2277" WIDTH="925">
<String CONTENT="303," HEIGHT="49" HPOS="157" VPOS="2277" WIDTH="99" />
<SP HEIGHT="30" HPOS="257" VPOS="2298" WIDTH="31" />
<String CONTENT="[1]" HEIGHT="49" HPOS="289" VPOS="2279" WIDTH="54" />
<SP HEIGHT="38" HPOS="344" VPOS="2290" WIDTH="28" />
<String CONTENT="p." HEIGHT="37" HPOS="373" VPOS="2290" WIDTH="42" />
<SP HEIGHT="40" HPOS="416" VPOS="2279" WIDTH="56" />
<String CONTENT="illus." HEIGHT="41" HPOS="473" VPOS="2278" WIDTH="128" />
<SP HEIGHT="47" HPOS="602" VPOS="2279" WIDTH="28" />
<String CONTENT="(facsim.)" HEIGHT="48" HPOS="631" VPOS="2278" WIDTH="239" />
<SP HEIGHT="48" HPOS="871" VPOS="2278" WIDTH="64" />
<String CONTENT="18" HEIGHT="40" HPOS="936" VPOS="2279" WIDTH="56" />
<String CONTENT="&#189;" CS="1" LANG="en-US" />
<String CONTENT="cm" HEIGHT="22" HPOS="1023" STYLE="superscript" VPOS="2280" WIDTH="44" />
<String CONTENT="." HEIGHT="10" HPOS="1074" VPOS="2309" WIDTH="8" />
</TextLine>
<TextLine CS="1" HEIGHT="53" HPOS="90" LANG="de" VPOS="2344" WIDTH="1885">
<String CONTENT="&#169;" HEIGHT="53" HPOS="90" VPOS="2344" WIDTH="53" />
<SP HEIGHT="53" HPOS="144" VPOS="2344" WIDTH="28" />
<String CONTENT="May" HEIGHT="45" HPOS="173" VPOS="2350" WIDTH="112" />
<SP HEIGHT="45" HPOS="286" VPOS="2350" WIDTH="27" />
<String CONTENT="14," HEIGHT="48" HPOS="314" VPOS="2348" WIDTH="69" />
<SP HEIGHT="47" HPOS="384" VPOS="2349" WIDTH="26" />
<String CONTENT="1936;" CS="1" HEIGHT="41" HPOS="411" VPOS="2347" WIDTH="115" />
<SP />
<String CONTENT="1c." CS="1" />
<SP />
<String CONTENT="Dec." HEIGHT="39" HPOS="682" LANG="fr" VPOS="2350" WIDTH="111" />
<SP HEIGHT="41" HPOS="794" VPOS="2348" WIDTH="24" />
<String CONTENT="3;" CS="1" HEIGHT="40" HPOS="819" VPOS="2348" WIDTH="26" />
<SP HEIGHT="46" HPOS="873" VPOS="2349" WIDTH="30" />
<String CONTENT="A-" HEIGHT="39" HPOS="904" LANG="fr" VPOS="2349" WIDTH="100" />
<String CONTENT="Foreign" HEIGHT="46" HPOS="1008" VPOS="2347" WIDTH="203" />
<SP HEIGHT="40" HPOS="1212" VPOS="2348" WIDTH="29" />
<String CONTENT="33614;" CS="1" HEIGHT="40" HPOS="1242" VPOS="2348" WIDTH="145" />
<SP HEIGHT="43" HPOS="1413" VPOS="2349" WIDTH="33" />
<String CONTENT="Otto" HEIGHT="41" HPOS="1447" VPOS="2349" WIDTH="113" />
<SP HEIGHT="39" HPOS="1561" VPOS="2350" WIDTH="30" />
<String CONTENT="Janke." HEIGHT="41" HPOS="1592" VPOS="2350" WIDTH="171" />
<SP HEIGHT="31" HPOS="1764" VPOS="2360" WIDTH="30" />
<String CONTENT="verlag." HEIGHT="47" HPOS="1795" VPOS="2349" WIDTH="180" />
</TextLine>
<TextLine HEIGHT="49" HPOS="171" LANG="de" VPOS="2404" WIDTH="250">
<String CONTENT="(37-1152)" HEIGHT="49" HPOS="171" VPOS="2404" WIDTH="250" />
</TextLine>
<TextLine CS="1" HEIGHT="67" HPOS="114" STYLEREFS="StyleId-FE756FB7-89C1-4772-A02E-3D88E1545DBF-" VPOS="2495" WIDTH="1706">
<String CONTENT="[Mary" CS="1" HEIGHT="62" HPOS="114" LANG="de" VPOS="2496" WIDTH="173" />
<SP HEIGHT="62" HPOS="288" VPOS="2496" WIDTH="30" />
<String CONTENT="Ruth" HEIGHT="53" HPOS="319" LANG="de" VPOS="2495" WIDTH="164" />
<SP HEIGHT="53" HPOS="484" VPOS="2495" WIDTH="33" />
<String CONTENT="of" HEIGHT="52" HPOS="518" LANG="en-US" VPOS="2496" WIDTH="62" />
<SP HEIGHT="52" HPOS="581" VPOS="2496" WIDTH="32" />
<String CONTENT="the" HEIGHT="53" HPOS="614" LANG="en-US" VPOS="2495" WIDTH="103" />
<SP HEIGHT="52" HPOS="718" VPOS="2496" WIDTH="30" />
<String CONTENT="Blessed" HEIGHT="53" HPOS="749" LANG="en-US" VPOS="2495" WIDTH="241" />
<SP HEIGHT="53" HPOS="991" VPOS="2496" WIDTH="34" />
<String CONTENT="Sacrament," HEIGHT="64" HPOS="1026" LANG="en-US" VPOS="2496" WIDTH="366" />
<SP HEIGHT="46" HPOS="1393" VPOS="2514" WIDTH="32" />
<String CONTENT="steter]" CS="1" HEIGHT="54" HPOS="1426" LANG="de" VPOS="2495" WIDTH="166" />
<SP HEIGHT="61" HPOS="1609" VPOS="2501" WIDTH="40" />
<String CONTENT="1895-" HEIGHT="50" HPOS="1650" LANG="en-US" VPOS="2499" WIDTH="170" />
</TextLine>
<TextLine CS="1" HEIGHT="70" HPOS="163" STYLEREFS="StyleId-FE756FB7-89C1-4772-A02E-3D88E1545DBF-" VPOS="2569" WIDTH="1927">
<String CONTENT="Stella" HEIGHT="56" HPOS="163" VPOS="2569" WIDTH="180" />
<SP HEIGHT="35" HPOS="344" VPOS="2589" WIDTH="24" />
<String CONTENT="matutina;" CS="1" HEIGHT="55" HPOS="369" VPOS="2570" WIDTH="284" />
<SP HEIGHT="49" HPOS="684" VPOS="2589" WIDTH="31" />
<String CONTENT="a" HEIGHT="33" HPOS="716" VPOS="2589" WIDTH="26" />
<SP HEIGHT="35" HPOS="743" VPOS="2589" WIDTH="29" />
<String CONTENT="star" HEIGHT="48" HPOS="773" VPOS="2576" WIDTH="118" />
<SP HEIGHT="36" HPOS="892" VPOS="2588" WIDTH="26" />
<String CONTENT="story." HEIGHT="61" HPOS="919" VPOS="2577" WIDTH="172" />
<SP HEIGHT="52" HPOS="1092" VPOS="2571" WIDTH="75" />
<String CONTENT="North" HEIGHT="52" HPOS="1168" VPOS="2571" WIDTH="186" />
<SP HEIGHT="52" HPOS="1355" VPOS="2571" WIDTH="27" />
<String CONTENT="Providence," HEIGHT="69" HPOS="1383" VPOS="2570" WIDTH="369" />
<SP HEIGHT="67" HPOS="1753" VPOS="2572" WIDTH="32" />
<String CONTENT="R." HEIGHT="53" HPOS="1786" LANG="fr" VPOS="2572" WIDTH="60" />
<SP HEIGHT="53" HPOS="1847" VPOS="2572" WIDTH="29" />
<String CONTENT="I.," HEIGHT="66" HPOS="1877" VPOS="2572" WIDTH="66" />
<SP HEIGHT="65" HPOS="1944" VPOS="2573" WIDTH="24" />
<String CONTENT="The" HEIGHT="54" HPOS="1969" VPOS="2572" WIDTH="121" />
</TextLine>
<TextLine HEIGHT="68" HPOS="93" STYLEREFS="StyleId-FE756FB7-89C1-4772-A02E-3D88E1545DBF-" VPOS="2647" WIDTH="1278">
<String CONTENT="Franciscan" HEIGHT="54" HPOS="93" VPOS="2647" WIDTH="343" />
<SP HEIGHT="33" HPOS="437" VPOS="2667" WIDTH="29" />
<String CONTENT="missionaries" HEIGHT="54" HPOS="467" VPOS="2647" WIDTH="382" />
<SP HEIGHT="36" HPOS="850" VPOS="2665" WIDTH="31" />
<String CONTENT="of" HEIGHT="53" HPOS="882" VPOS="2648" WIDTH="63" />
<SP HEIGHT="53" HPOS="946" VPOS="2648" WIDTH="29" />
<String CONTENT="Mary," HEIGHT="66" HPOS="976" VPOS="2649" WIDTH="190" />
<SP HEIGHT="59" HPOS="1167" VPOS="2656" WIDTH="31" />
<String CONTENT="c" HEIGHT="21" HPOS="1199" STYLE="superscript" VPOS="2656" WIDTH="17" />
<String CONTENT="1936." HEIGHT="52" HPOS="1221" VPOS="2650" WIDTH="150" />
</TextLine>
<TextLine CS="1" HEIGHT="50" HPOS="164" VPOS="2718" WIDTH="993">
<String CONTENT="[31]" HEIGHT="50" HPOS="164" VPOS="2718" WIDTH="85" />
<SP HEIGHT="40" HPOS="250" VPOS="2728" WIDTH="29" />
<String CONTENT="p." HEIGHT="38" HPOS="280" VPOS="2728" WIDTH="42" />
<SP HEIGHT="40" HPOS="323" VPOS="2718" WIDTH="25" />
<String CONTENT="incl." HEIGHT="41" HPOS="349" VPOS="2718" WIDTH="111" />
<SP HEIGHT="40" HPOS="461" VPOS="2719" WIDTH="28" />
<String CONTENT="illus.," HEIGHT="48" HPOS="490" VPOS="2719" WIDTH="141" />
<SP HEIGHT="37" HPOS="632" VPOS="2730" WIDTH="31" />
<String CONTENT="col." HEIGHT="40" HPOS="664" VPOS="2719" WIDTH="86" />
<SP HEIGHT="37" HPOS="751" VPOS="2730" WIDTH="28" />
<String CONTENT="plates." HEIGHT="47" HPOS="780" VPOS="2720" WIDTH="171" />
<SP HEIGHT="39" HPOS="952" VPOS="2720" WIDTH="57" />
<String CONTENT="23&#189;" CS="1" HEIGHT="40" HPOS="1010" VPOS="2720" WIDTH="55" />
<String CONTENT="cm" HEIGHT="21" HPOS="1099" STYLE="superscript" VPOS="2722" WIDTH="44" />
<String CONTENT="." HEIGHT="8" HPOS="1148" VPOS="2752" WIDTH="9" />
</TextLine>
<TextLine CS="1" HEIGHT="51" HPOS="165" VPOS="2775" WIDTH="1161">
<String CONTENT="&#8220;Text" HEIGHT="40" HPOS="165" VPOS="2775" WIDTH="151" />
<SP HEIGHT="38" HPOS="317" VPOS="2777" WIDTH="28" />
<String CONTENT="and" HEIGHT="39" HPOS="346" VPOS="2776" WIDTH="96" />
<SP HEIGHT="39" HPOS="443" VPOS="2776" WIDTH="27" />
<String CONTENT="illustrations" HEIGHT="40" HPOS="471" VPOS="2775" WIDTH="329" />
<SP HEIGHT="39" HPOS="801" VPOS="2776" WIDTH="27" />
<String CONTENT="by" HEIGHT="47" HPOS="829" VPOS="2776" WIDTH="61" />
<SP HEIGHT="46" HPOS="891" VPOS="2777" WIDTH="29" />
<String CONTENT="Marylis" HEIGHT="47" HPOS="921" VPOS="2776" WIDTH="204" />
<SP HEIGHT="38" HPOS="1126" VPOS="2787" WIDTH="32" />
<String CONTENT="[pseud.]&#8221;" CS="1" HEIGHT="48" HPOS="1159" VPOS="2778" WIDTH="167" />
</TextLine>
<TextLine CS="1" HEIGHT="110" HPOS="93" VPOS="2829" WIDTH="1982">
<String CONTENT="&#169;" HEIGHT="54" HPOS="93" VPOS="2829" WIDTH="53" />
<SP HEIGHT="54" HPOS="147" VPOS="2829" WIDTH="24" />
<String CONTENT="Dec." HEIGHT="39" HPOS="172" VPOS="2835" WIDTH="110" />
<SP HEIGHT="41" HPOS="283" VPOS="2833" WIDTH="25" />
<String CONTENT="5," HEIGHT="48" HPOS="309" VPOS="2833" WIDTH="41" />
<SP HEIGHT="47" HPOS="351" VPOS="2834" WIDTH="24" />
<String CONTENT="1936;" CS="1" HEIGHT="42" HPOS="376" VPOS="2832" WIDTH="114" />
<SP HEIGHT="43" HPOS="517" VPOS="2832" WIDTH="26" />
<String CONTENT="2c." HEIGHT="41" HPOS="544" VPOS="2832" WIDTH="67" />
<SP HEIGHT="38" HPOS="612" VPOS="2835" WIDTH="26" />
<String CONTENT="Dec." HEIGHT="39" HPOS="639" VPOS="2835" WIDTH="111" />
<SP HEIGHT="39" HPOS="751" VPOS="2833" WIDTH="24" />
<String CONTENT="21;" CS="1" HEIGHT="39" HPOS="776" VPOS="2833" WIDTH="48" />
<SP HEIGHT="29" HPOS="858" VPOS="2845" WIDTH="31" />
<String CONTENT="aff." HEIGHT="40" HPOS="890" VPOS="2834" WIDTH="79" />
<SP HEIGHT="38" HPOS="970" VPOS="2836" WIDTH="28" />
<String CONTENT="Dec." HEIGHT="38" HPOS="999" VPOS="2836" WIDTH="110" />
<SP HEIGHT="39" HPOS="1110" VPOS="2835" WIDTH="27" />
<String CONTENT="19;" CS="1" HEIGHT="38" HPOS="1138" VPOS="2835" WIDTH="55" />
<SP HEIGHT="38" HPOS="1219" VPOS="2836" WIDTH="30" />
<String CONTENT="A" HEIGHT="38" HPOS="1250" VPOS="2836" WIDTH="38" />
<SP HEIGHT="38" HPOS="1289" VPOS="2836" WIDTH="28" />
<String CONTENT="101458;" CS="1" HEIGHT="40" HPOS="1318" VPOS="2834" WIDTH="173" />
<SP HEIGHT="42" HPOS="1518" VPOS="2835" WIDTH="31" />
<String CONTENT="Franciscan" HEIGHT="39" HPOS="1550" VPOS="2835" WIDTH="295" />
<SP HEIGHT="29" HPOS="1846" VPOS="2845" WIDTH="27" />
<String CONTENT="missionaries" HEIGHT="95" HPOS="165" VPOS="2836" WIDTH="1910" />
<SP HEIGHT="27" HPOS="295" VPOS="2902" WIDTH="21" />
<String CONTENT="of" HEIGHT="39" HPOS="317" VPOS="2890" WIDTH="52" />
<SP HEIGHT="41" HPOS="370" VPOS="2890" WIDTH="21" />
<String CONTENT="Mary." HEIGHT="47" HPOS="392" VPOS="2891" WIDTH="152" />
<SP HEIGHT="49" HPOS="545" VPOS="2890" WIDTH="62" />
<String CONTENT="(37-729)" HEIGHT="50" HPOS="608" VPOS="2889" WIDTH="222" />
</TextLine>
<TextLine HEIGHT="64" HPOS="95" STYLEREFS="StyleId-6673379F-FC43-4870-8D5E-2ED19F0832DF-" VPOS="2981" WIDTH="1163">
<String CONTENT="Maugham," HEIGHT="63" HPOS="95" VPOS="2981" WIDTH="339" />
<SP HEIGHT="62" HPOS="435" VPOS="2982" WIDTH="26" />
<String CONTENT="William" HEIGHT="53" HPOS="462" VPOS="2981" WIDTH="253" />
<SP HEIGHT="53" HPOS="716" VPOS="2982" WIDTH="23" />
<String CONTENT="Somerset," HEIGHT="63" HPOS="740" VPOS="2982" WIDTH="319" />
<SP HEIGHT="56" HPOS="1060" VPOS="2989" WIDTH="28" />
<String CONTENT="1874-" HEIGHT="52" HPOS="1089" VPOS="2985" WIDTH="169" />
</TextLine>
<TextLine HEIGHT="71" HPOS="169" STYLEREFS="StyleId-FE756FB7-89C1-4772-A02E-3D88E1545DBF-" VPOS="3056" WIDTH="1925">
<String CONTENT="..." HEIGHT="10" HPOS="169" VPOS="3099" WIDTH="57" />
<SP HEIGHT="56" HPOS="227" VPOS="3056" WIDTH="44" />
<String CONTENT="Of" HEIGHT="56" HPOS="272" VPOS="3056" WIDTH="84" />
<SP HEIGHT="52" HPOS="357" VPOS="3056" WIDTH="36" />
<String CONTENT="human" HEIGHT="52" HPOS="394" VPOS="3058" WIDTH="211" />
<SP HEIGHT="52" HPOS="606" VPOS="3057" WIDTH="38" />
<String CONTENT="bondage;" HEIGHT="69" HPOS="645" VPOS="3057" WIDTH="287" />
<SP HEIGHT="64" HPOS="933" VPOS="3057" WIDTH="39" />
<String CONTENT="illustrated" HEIGHT="54" HPOS="973" VPOS="3057" WIDTH="324" />
<SP HEIGHT="53" HPOS="1298" VPOS="3058" WIDTH="38" />
<String CONTENT="by" HEIGHT="67" HPOS="1337" VPOS="3059" WIDTH="75" />
<SP HEIGHT="67" HPOS="1413" VPOS="3059" WIDTH="37" />
<String CONTENT="Randolph" HEIGHT="68" HPOS="1451" VPOS="3059" WIDTH="310" />
<SP HEIGHT="56" HPOS="1762" VPOS="3058" WIDTH="43" />
<String CONTENT="Schwabe." HEIGHT="56" HPOS="1806" LANG="de" VPOS="3058" WIDTH="288" />
</TextLine>
<TextLine HEIGHT="72" HPOS="97" STYLEREFS="StyleId-FE756FB7-89C1-4772-A02E-3D88E1545DBF-" VPOS="3133" WIDTH="1997">
<String CONTENT="Garden" HEIGHT="56" HPOS="97" VPOS="3133" WIDTH="230" />
<SP HEIGHT="56" HPOS="328" VPOS="3133" WIDTH="32" />
<String CONTENT="City," HEIGHT="70" HPOS="361" VPOS="3133" WIDTH="151" />
<SP HEIGHT="66" HPOS="513" VPOS="3135" WIDTH="29" />
<String CONTENT="N." HEIGHT="52" HPOS="543" VPOS="3135" WIDTH="69" />
<SP HEIGHT="53" HPOS="613" VPOS="3134" WIDTH="29" />
<String CONTENT="Y.," HEIGHT="68" HPOS="643" VPOS="3134" WIDTH="92" />
<SP HEIGHT="66" HPOS="736" VPOS="3136" WIDTH="28" />
<String CONTENT="Doubleday," HEIGHT="68" HPOS="765" VPOS="3135" WIDTH="355" />
<SP HEIGHT="66" HPOS="1121" VPOS="3137" WIDTH="29" />
<String CONTENT="Doran" HEIGHT="51" HPOS="1151" VPOS="3137" WIDTH="198" />
<SP HEIGHT="51" HPOS="1350" VPOS="3138" WIDTH="29" />
<String CONTENT="&amp;" HEIGHT="51" HPOS="1380" VPOS="3138" WIDTH="45" />
<SP HEIGHT="51" HPOS="1426" VPOS="3138" WIDTH="29" />
<String CONTENT="company," HEIGHT="51" HPOS="1456" VPOS="3154" WIDTH="297" />
<SP HEIGHT="66" HPOS="1754" VPOS="3138" WIDTH="28" />
<String CONTENT="inc.," HEIGHT="66" HPOS="1783" VPOS="3138" WIDTH="126" />
<SP HEIGHT="62" HPOS="1910" VPOS="3142" WIDTH="33" />
<String CONTENT="1936." HEIGHT="50" HPOS="1944" VPOS="3141" WIDTH="150" />
</TextLine>
<TextLine CS="1" HEIGHT="50" HPOS="167" STYLEREFS="StyleId-FE756FB7-89C1-4772-A02E-3D88E1545DBF-" VPOS="3208" WIDTH="1290">
<String CONTENT="3" HEIGHT="40" HPOS="167" VPOS="3209" WIDTH="26" />
<SP HEIGHT="48" HPOS="194" VPOS="3209" WIDTH="24" />
<String CONTENT="p." HEIGHT="37" HPOS="219" VPOS="3220" WIDTH="42" />
<SP />
<String CONTENT="l.," CS="1" />
<SP />
<String CONTENT="v-x" HEIGHT="28" HPOS="357" VPOS="3220" WIDTH="92" />
<SP HEIGHT="37" HPOS="450" VPOS="3219" WIDTH="25" />
<String CONTENT="p.," HEIGHT="37" HPOS="476" LANG="fr" VPOS="3219" WIDTH="56" />
<SP HEIGHT="46" HPOS="533" VPOS="3209" WIDTH="26" />
<String CONTENT="1" HEIGHT="38" HPOS="560" VPOS="3209" WIDTH="23" />
<SP />
<String CONTENT="l.," CS="1" />
<SP />
<String CONTENT="684" HEIGHT="41" HPOS="683" VPOS="3208" WIDTH="85" />
<SP HEIGHT="48" HPOS="769" VPOS="3209" WIDTH="26" />
<String CONTENT="p." HEIGHT="37" HPOS="796" VPOS="3220" WIDTH="42" />
<SP HEIGHT="41" HPOS="839" VPOS="3209" WIDTH="52" />
<String CONTENT="front.," HEIGHT="41" HPOS="892" VPOS="3209" WIDTH="163" />
<SP HEIGHT="38" HPOS="1056" VPOS="3220" WIDTH="28" />
<String CONTENT="plates." HEIGHT="47" HPOS="1085" VPOS="3211" WIDTH="169" />
<SP HEIGHT="40" HPOS="1255" VPOS="3210" WIDTH="53" />
<String CONTENT="24&#189;" CS="1" HEIGHT="40" HPOS="1309" VPOS="3210" WIDTH="59" />
<String CONTENT="cm" HEIGHT="22" HPOS="1398" STYLE="superscript" VPOS="3212" WIDTH="44" />
<String CONTENT="." HEIGHT="10" HPOS="1447" VPOS="3242" WIDTH="10" />
</TextLine>
<TextLine CS="1" HEIGHT="49" HPOS="167" VPOS="3264" WIDTH="1137">
<String CONTENT="At" HEIGHT="39" HPOS="167" VPOS="3265" WIDTH="63" />
<SP HEIGHT="39" HPOS="231" VPOS="3265" WIDTH="26" />
<String CONTENT="head" HEIGHT="39" HPOS="258" VPOS="3265" WIDTH="122" />
<SP HEIGHT="38" HPOS="381" VPOS="3266" WIDTH="27" />
<String CONTENT="of" HEIGHT="39" HPOS="409" VPOS="3265" WIDTH="52" />
<SP HEIGHT="40" HPOS="462" VPOS="3265" WIDTH="25" />
<String CONTENT="title;" CS="1" HEIGHT="40" HPOS="488" VPOS="3265" WIDTH="108" />
<SP HEIGHT="40" HPOS="624" VPOS="3265" WIDTH="28" />
<String CONTENT="W." CS="1" HEIGHT="9" HPOS="717" VPOS="3296" WIDTH="9" />
<SP HEIGHT="41" HPOS="727" VPOS="3264" WIDTH="29" />
<String CONTENT="Somerset" HEIGHT="42" HPOS="757" VPOS="3264" WIDTH="241" />
<SP HEIGHT="40" HPOS="999" VPOS="3266" WIDTH="28" />
<String CONTENT="Maugham." HEIGHT="47" HPOS="1028" VPOS="3266" WIDTH="276" />
</TextLine>
<TextLine HEIGHT="50" HPOS="170" VPOS="3319" WIDTH="1924">
<String CONTENT="&#8220;Of" HEIGHT="41" HPOS="170" VPOS="3320" WIDTH="94" />
<SP HEIGHT="40" HPOS="265" VPOS="3320" WIDTH="23" />
<String CONTENT="this" HEIGHT="41" HPOS="289" VPOS="3319" WIDTH="98" />
<SP HEIGHT="39" HPOS="388" VPOS="3321" WIDTH="26" />
<String CONTENT="limited" HEIGHT="40" HPOS="415" VPOS="3320" WIDTH="187" />
<SP HEIGHT="48" HPOS="603" VPOS="3321" WIDTH="27" />
<String CONTENT="printing" HEIGHT="49" HPOS="631" VPOS="3320" WIDTH="218" />
<SP HEIGHT="36" HPOS="850" VPOS="3332" WIDTH="26" />
<String CONTENT="of" HEIGHT="41" HPOS="877" VPOS="3321" WIDTH="52" />
<SP HEIGHT="40" HPOS="930" VPOS="3321" WIDTH="26" />
<String CONTENT="the" HEIGHT="39" HPOS="957" VPOS="3322" WIDTH="81" />
<SP HEIGHT="40" HPOS="1039" VPOS="3321" WIDTH="24" />
<String CONTENT="first" HEIGHT="41" HPOS="1064" VPOS="3321" WIDTH="106" />
<SP HEIGHT="39" HPOS="1171" VPOS="3323" WIDTH="28" />
<String CONTENT="illustrated" HEIGHT="41" HPOS="1200" VPOS="3322" WIDTH="280" />
<SP HEIGHT="39" HPOS="1481" VPOS="3323" WIDTH="25" />
<String CONTENT="edition" HEIGHT="41" HPOS="1507" VPOS="3322" WIDTH="183" />
<SP HEIGHT="29" HPOS="1691" VPOS="3334" WIDTH="31" />
<String CONTENT="..." HEIGHT="9" HPOS="1723" VPOS="3354" WIDTH="49" />
<SP HEIGHT="38" HPOS="1773" VPOS="3326" WIDTH="31" />
<String CONTENT="there" HEIGHT="40" HPOS="1805" VPOS="3324" WIDTH="136" />
<SP HEIGHT="38" HPOS="1942" VPOS="3326" WIDTH="27" />
<String CONTENT="have" HEIGHT="40" HPOS="1970" VPOS="3326" WIDTH="124" />
</TextLine>
<TextLine HEIGHT="54" HPOS="100" VPOS="3375" WIDTH="1995">
<String CONTENT="been" HEIGHT="41" HPOS="100" VPOS="3375" WIDTH="115" />
<SP HEIGHT="38" HPOS="216" VPOS="3386" WIDTH="39" />
<String CONTENT="printed" HEIGHT="49" HPOS="256" VPOS="3375" WIDTH="192" />
<SP HEIGHT="39" HPOS="449" VPOS="3377" WIDTH="35" />
<String CONTENT="751" HEIGHT="39" HPOS="485" VPOS="3377" WIDTH="81" />
<SP HEIGHT="39" HPOS="567" VPOS="3377" WIDTH="43" />
<String CONTENT="copies" HEIGHT="50" HPOS="611" VPOS="3375" WIDTH="159" />
<SP HEIGHT="29" HPOS="771" VPOS="3387" WIDTH="38" />
<String CONTENT="signed" HEIGHT="48" HPOS="810" VPOS="3376" WIDTH="166" />
<SP HEIGHT="40" HPOS="977" VPOS="3377" WIDTH="39" />
<String CONTENT="by" HEIGHT="48" HPOS="1017" VPOS="3377" WIDTH="61" />
<SP HEIGHT="45" HPOS="1079" VPOS="3380" WIDTH="39" />
<String CONTENT="the" HEIGHT="40" HPOS="1119" VPOS="3378" WIDTH="80" />
<SP HEIGHT="30" HPOS="1200" VPOS="3387" WIDTH="36" />
<String CONTENT="author" HEIGHT="40" HPOS="1237" VPOS="3378" WIDTH="178" />
<SP HEIGHT="29" HPOS="1416" VPOS="3388" WIDTH="38" />
<String CONTENT="and" HEIGHT="39" HPOS="1455" VPOS="3379" WIDTH="95" />
<SP HEIGHT="39" HPOS="1551" VPOS="3379" WIDTH="39" />
<String CONTENT="the" HEIGHT="40" HPOS="1591" VPOS="3379" WIDTH="82" />
<SP HEIGHT="40" HPOS="1674" VPOS="3379" WIDTH="37" />
<String CONTENT="illustrator," HEIGHT="50" HPOS="1712" VPOS="3379" WIDTH="291" />
<SP HEIGHT="37" HPOS="2004" VPOS="3392" WIDTH="38" />
<String CONTENT="of" HEIGHT="39" HPOS="2043" VPOS="3382" WIDTH="52" />
</TextLine>
<TextLine HEIGHT="41" HPOS="100" VPOS="3432" WIDTH="764">
<String CONTENT="which" HEIGHT="40" HPOS="100" VPOS="3432" WIDTH="154" />
<SP HEIGHT="41" HPOS="255" VPOS="3432" WIDTH="34" />
<String CONTENT="this" HEIGHT="40" HPOS="290" VPOS="3433" WIDTH="99" />
<SP HEIGHT="41" HPOS="390" VPOS="3432" WIDTH="33" />
<String CONTENT="is" HEIGHT="41" HPOS="424" VPOS="3432" WIDTH="41" />
<SP HEIGHT="30" HPOS="466" VPOS="3443" WIDTH="33" />
<String CONTENT="number" HEIGHT="41" HPOS="500" VPOS="3432" WIDTH="203" />
<SP HEIGHT="40" HPOS="704" VPOS="3432" WIDTH="32" />
<String CONTENT="687.&#8221;" HEIGHT="40" HPOS="737" VPOS="3432" WIDTH="127" />
</TextLine>
<TextLine CS="1" HEIGHT="55" HPOS="101" VPOS="3483" WIDTH="1966">
<String CONTENT="&#169;" HEIGHT="53" HPOS="101" VPOS="3483" WIDTH="52" />
<SP HEIGHT="53" HPOS="154" VPOS="3483" WIDTH="24" />
<String CONTENT="Dec." HEIGHT="39" HPOS="179" VPOS="3489" WIDTH="109" />
<SP HEIGHT="38" HPOS="289" VPOS="3490" WIDTH="24" />
<String CONTENT="4," HEIGHT="45" HPOS="314" VPOS="3490" WIDTH="40" />
<SP HEIGHT="46" HPOS="355" VPOS="3489" WIDTH="29" />
<String CONTENT="1936;" HEIGHT="48" HPOS="385" VPOS="3487" WIDTH="139" />
<SP HEIGHT="47" HPOS="525" VPOS="3488" WIDTH="27" />
<String CONTENT="2c." HEIGHT="40" HPOS="553" VPOS="3488" WIDTH="66" />
<SP HEIGHT="30" HPOS="620" VPOS="3498" WIDTH="27" />
<String CONTENT="and" HEIGHT="38" HPOS="648" VPOS="3489" WIDTH="95" />
<SP HEIGHT="38" HPOS="744" VPOS="3489" WIDTH="26" />
<String CONTENT="aff." HEIGHT="41" HPOS="771" VPOS="3488" WIDTH="82" />
<SP HEIGHT="39" HPOS="854" VPOS="3490" WIDTH="28" />
<String CONTENT="Dec." HEIGHT="39" HPOS="883" VPOS="3490" WIDTH="109" />
<SP HEIGHT="40" HPOS="993" VPOS="3489" WIDTH="26" />
<String CONTENT="16;" CS="1" HEIGHT="40" HPOS="1020" VPOS="3488" WIDTH="53" />
<SP HEIGHT="38" HPOS="1100" VPOS="3491" WIDTH="29" />
<String CONTENT="A" HEIGHT="36" HPOS="1130" VPOS="3491" WIDTH="38" />
<SP HEIGHT="36" HPOS="1169" VPOS="3491" WIDTH="27" />
<String CONTENT="101291;" CS="1" HEIGHT="39" HPOS="1197" VPOS="3489" WIDTH="169" />
<SP HEIGHT="40" HPOS="1396" VPOS="3491" WIDTH="31" />
<String CONTENT="Doubleday," HEIGHT="47" HPOS="1428" VPOS="3491" WIDTH="296" />
<SP HEIGHT="41" HPOS="1725" VPOS="3494" WIDTH="30" />
<String CONTENT="Doran" HEIGHT="39" HPOS="1756" VPOS="3494" WIDTH="163" />
<SP HEIGHT="38" HPOS="1920" VPOS="3496" WIDTH="29" />
<String CONTENT="&amp;" HEIGHT="38" HPOS="1950" VPOS="3496" WIDTH="35" />
<SP HEIGHT="38" HPOS="1986" VPOS="3496" WIDTH="27" />
<String CONTENT="co.," CS="1" HEIGHT="27" HPOS="2042" VPOS="3503" WIDTH="25" />
</TextLine>
<TextLine CS="1" HEIGHT="101" HPOS="174" VPOS="3545" WIDTH="1544">
<String CONTENT="inc." HEIGHT="41" HPOS="174" VPOS="3545" WIDTH="88" />
<SP HEIGHT="29" HPOS="263" VPOS="3566" WIDTH="57" />
<String CONTENT="[Copyright" CS="1" HEIGHT="48" HPOS="337" VPOS="3545" WIDTH="263" />
<SP HEIGHT="39" HPOS="601" VPOS="3546" WIDTH="29" />
<String CONTENT="is" HEIGHT="39" HPOS="631" VPOS="3546" WIDTH="41" />
<SP HEIGHT="29" HPOS="673" VPOS="3556" WIDTH="26" />
<String CONTENT="claimed" HEIGHT="39" HPOS="700" VPOS="3545" WIDTH="204" />
<SP HEIGHT="39" HPOS="905" VPOS="3546" WIDTH="29" />
<String CONTENT="on" HEIGHT="29" HPOS="935" VPOS="3556" WIDTH="58" />
<SP HEIGHT="37" HPOS="994" VPOS="3556" WIDTH="27" />
<String CONTENT="preface" HEIGHT="47" HPOS="1022" VPOS="3546" WIDTH="196" />
<SP HEIGHT="29" HPOS="1219" VPOS="3557" WIDTH="28" />
<String CONTENT="and" HEIGHT="38" HPOS="1248" VPOS="3547" WIDTH="95" />
<SP HEIGHT="39" HPOS="1344" VPOS="3546" WIDTH="30" />
<String CONTENT="illustrations]" HEIGHT="52" HPOS="1375" VPOS="3546" WIDTH="343" />
<SP />
<String CONTENT="(37-786)" CS="1" HEIGHT="45" HPOS="181" VPOS="3601" WIDTH="135" />
</TextLine>
<TextLine HEIGHT="64" HPOS="101" STYLEREFS="StyleId-6673379F-FC43-4870-8D5E-2ED19F0832DF-" VPOS="3693" WIDTH="546">
<String CONTENT="Meyer," HEIGHT="64" HPOS="101" VPOS="3693" WIDTH="218" />
<SP HEIGHT="62" HPOS="320" VPOS="3695" WIDTH="26" />
<String CONTENT="Heinrich." HEIGHT="53" HPOS="347" VPOS="3694" WIDTH="300" />
</TextLine>
<TextLine HEIGHT="73" HPOS="172" STYLEREFS="StyleId-FE756FB7-89C1-4772-A02E-3D88E1545DBF-" VPOS="3767" WIDTH="1926">
<String CONTENT="Deutsches" HEIGHT="55" HPOS="172" LANG="en-US" VPOS="3767" WIDTH="309" />
<SP HEIGHT="49" HPOS="482" VPOS="3773" WIDTH="68" />
<String CONTENT="&#220;bungsbuch," HEIGHT="69" HPOS="551" LANG="de" VPOS="3769" WIDTH="392" />
<SP HEIGHT="46" HPOS="944" VPOS="3789" WIDTH="70" />
<String CONTENT="zusammengestellt" HEIGHT="67" HPOS="1015" LANG="de" VPOS="3773" WIDTH="554" />
<SP HEIGHT="47" HPOS="1570" VPOS="3777" WIDTH="65" />
<String CONTENT="von" HEIGHT="35" HPOS="1636" LANG="en-US" VPOS="3791" WIDTH="109" />
<SP HEIGHT="51" HPOS="1746" VPOS="3775" WIDTH="72" />
<String CONTENT="Heinrich" HEIGHT="54" HPOS="1819" LANG="en-US" VPOS="3774" WIDTH="279" />
</TextLine>
<TextLine CS="1" HEIGHT="73" HPOS="103" STYLEREFS="StyleId-FE756FB7-89C1-4772-A02E-3D88E1545DBF-" VPOS="3844" WIDTH="1498">
<String CONTENT="Meyer" CS="1" HEIGHT="55" HPOS="103" VPOS="3844" WIDTH="194" />
<SP HEIGHT="33" HPOS="298" VPOS="3865" WIDTH="26" />
<String CONTENT="..." HEIGHT="9" HPOS="325" VPOS="3890" WIDTH="55" />
<SP HEIGHT="51" HPOS="381" VPOS="3848" WIDTH="67" />
<String CONTENT="New" HEIGHT="52" HPOS="449" VPOS="3848" WIDTH="137" />
<SP HEIGHT="51" HPOS="587" VPOS="3848" WIDTH="27" />
<String CONTENT="York," HEIGHT="66" HPOS="615" VPOS="3848" WIDTH="178" />
<SP HEIGHT="65" HPOS="794" VPOS="3849" WIDTH="26" />
<String CONTENT="Prentice-Hall," HEIGHT="68" HPOS="821" VPOS="3848" WIDTH="448" />
<SP HEIGHT="67" HPOS="1270" VPOS="3849" WIDTH="27" />
<String CONTENT="inc.," HEIGHT="68" HPOS="1298" VPOS="3849" WIDTH="124" />
<SP HEIGHT="61" HPOS="1423" VPOS="3856" WIDTH="29" />
<String CONTENT="1936." HEIGHT="50" HPOS="1453" VPOS="3854" WIDTH="148" />
</TextLine>
<TextLine CS="1" HEIGHT="48" HPOS="241" VPOS="3921" WIDTH="383">
<String CONTENT="xv," CS="1" HEIGHT="12" HPOS="241" VPOS="3950" WIDTH="9" />
<SP HEIGHT="40" HPOS="251" VPOS="3922" WIDTH="35" />
<String CONTENT="118" HEIGHT="40" HPOS="287" VPOS="3921" WIDTH="85" />
<SP HEIGHT="48" HPOS="373" VPOS="3921" WIDTH="32" />
<String CONTENT="p." HEIGHT="37" HPOS="406" VPOS="3932" WIDTH="42" />
<SP HEIGHT="38" HPOS="449" VPOS="3922" WIDTH="59" />
<String CONTENT="19" HEIGHT="40" HPOS="509" VPOS="3922" WIDTH="55" />
<String CONTENT="cm" HEIGHT="21" HPOS="567" STYLE="superscript" VPOS="3924" WIDTH="44" />
<String CONTENT="." HEIGHT="8" HPOS="616" VPOS="3953" WIDTH="8" />
</TextLine>
<TextLine CS="1" HEIGHT="58" HPOS="106" VPOS="3970" WIDTH="1992">
<String CONTENT="&#169;" HEIGHT="53" HPOS="106" VPOS="3970" WIDTH="53" />
<SP HEIGHT="53" HPOS="160" VPOS="3970" WIDTH="25" />
<String CONTENT="Sept." HEIGHT="48" HPOS="186" VPOS="3975" WIDTH="125" />
<SP HEIGHT="39" HPOS="312" VPOS="3976" WIDTH="24" />
<String CONTENT="25." HEIGHT="43" HPOS="337" VPOS="3976" WIDTH="68" />
<SP HEIGHT="41" HPOS="406" VPOS="3978" WIDTH="27" />
<String CONTENT="1936;" HEIGHT="44" HPOS="434" VPOS="3976" WIDTH="138" />
<SP HEIGHT="42" HPOS="573" VPOS="3978" WIDTH="26" />
<String CONTENT="2c." HEIGHT="40" HPOS="600" VPOS="3978" WIDTH="67" />
<SP HEIGHT="39" HPOS="668" VPOS="3979" WIDTH="26" />
<String CONTENT="Nov." HEIGHT="40" HPOS="695" VPOS="3979" WIDTH="116" />
<SP HEIGHT="39" HPOS="812" VPOS="3980" WIDTH="26" />
<String CONTENT="18;" CS="1" HEIGHT="29" HPOS="911" VPOS="3990" WIDTH="7" />
<SP HEIGHT="29" HPOS="919" VPOS="3990" WIDTH="28" />
<String CONTENT="aff." HEIGHT="39" HPOS="948" VPOS="3979" WIDTH="82" />
<SP HEIGHT="39" HPOS="1031" VPOS="3979" WIDTH="25" />
<String CONTENT="Nov." CS="1" HEIGHT="7" HPOS="1165" VPOS="4011" WIDTH="8" />
<SP HEIGHT="38" HPOS="1174" VPOS="3980" WIDTH="24" />
<String CONTENT="25;" CS="1" HEIGHT="38" HPOS="1199" VPOS="3978" WIDTH="55" />
<SP HEIGHT="38" HPOS="1281" VPOS="3981" WIDTH="28" />
<String CONTENT="A" HEIGHT="37" HPOS="1310" VPOS="3981" WIDTH="37" />
<SP HEIGHT="39" HPOS="1348" VPOS="3980" WIDTH="28" />
<String CONTENT="100683;" CS="1" HEIGHT="40" HPOS="1434" VPOS="3979" WIDTH="114" />
<SP HEIGHT="40" HPOS="1575" VPOS="3982" WIDTH="29" />
<String CONTENT="Prentice-Hall," HEIGHT="47" HPOS="1605" VPOS="3981" WIDTH="375" />
<SP HEIGHT="45" HPOS="1981" VPOS="3983" WIDTH="26" />
<String CONTENT="inc." HEIGHT="41" HPOS="2008" VPOS="3983" WIDTH="90" />
</TextLine>
<TextLine CS="1" HEIGHT="49" HPOS="185" VPOS="4030" WIDTH="220">
<String CONTENT="(37-781)" CS="1" HEIGHT="49" HPOS="185" VPOS="4030" WIDTH="220" />
</TextLine>
</TextBlock>
</PrintSpace>
</Page>
</Layout>
</alto>