2519 4377
1076 4081 128 48 1511

146 426 241 51 Federal
439 432 270 60 reporter.
789 424 216 54 Second
1057 423 182 53 series.
1317 423 168 55 Cases
1535 424 213 67 argued
1799 424 112 51 and
215 422 1903 134 determined
431 505 57 50 in

516 504 92 52 the
636 502 213 55 United
879 502 187 55 States
1096 500 220 56 Circuit
1342 508 190 47 courts
1556 501 62 54 of
1646 500 250 68 appeals,
1924 499 217 56 United

218 581 187 53 States
429 582 176 55 Court
633 580 65 52 of
724 580 233 67 appeals
983 579 94 53 for
1102 580 95 51 the
1223 578 243 54 District
1492 578 62 54 of
1583 578 317 67 Columbia,
1926 578 216 55 United

219 658 187 55 States
436 659 176 55 Court
646 659 63 52 of
740 663 243 46 customs
1014 659 111 51 and
1158 663 199 61 patent
1388 657 252 67 appeals,
1673 658 136 50 with
1845 656 107 68 key
215 674 1904 115 number

369 737 377 51 annotations.
824 735 239 53 Volume
1125 738 63 49 83
1222 734 127 68 (2d)
1420 734 349 67 June-July,
1832 737 149 50 1936.
2061 734 81 54 St.

218 815 161 56 Paul,
404 813 198 57 Minn.,
628 815 155 52 West
812 814 332 66 publishing
1167 831 98 48 co.,
1294 816 146 49 1936.

217 897 1273 49 xxxii, 1110 p. inch front. (map) illus 26 cm .
146 966 53 54 ©
227 972 100 39 Oct.
356 970 39 43 5.
424 970 139 41 1936:
594 970 66 40 2c.
690 970 95 40 and
815 970 81 40 aff.
924 970 117 39 Nov.
1072 970 81 46 16;
1181 970 39 39 A
1247 965 171 51 99872;
1452 970 135 40 West
1615 968 109 49 pub.
1753 979 67 29 co.

147 1074 266 64 Flouton,
440 1073 168 53 Allen
636 1075 232 61 Brown,
898 1075 169 53 1887-

217 1151 233 53 Outline
480 1151 63 51 of
572 1152 93 52 the
693 1151 110 52 law
835 1150 62 53 of
928 1150 274 68 pleading
1233 1150 111 53 and
1376 1148 246 70 practice
1652 1162 181 42 under
1862 1157 97 47 the
1991 1150 153 56 Civil

148 1229 245 67 practice
435 1238 85 45 act
565 1229 111 52 and
720 1229 149 51 rules
910 1228 62 52 of
1014 1227 132 53 civil
1191 1230 244 66 practice
1477 1228 62 53 of
1580 1229 94 52 the
1713 1233 148 48 state
1901 1228 63 52 of
2007 1230 137 52 New

150 1306 1993 68 York, by Allen B. Flouton … 4th ed. Brooklyn, N. Y.
151 1384 423 68 [Lithoprinted
616 1385 33 51 by
730 1383 282 53 Edwards
1047 1385 276 67 brothers,
1362 1385 126 60 inc.,
1525 1386 134 51 Ann
1698 1384 208 62 Arbor,
1946 1385 194 67 Mich.]

149 1467 147 51 1936.

216 1537 25 37 2
271 1547 39 36 p.
375 1568 8 9 l.
413 1546 26 27 x.
485 1535 85 37 500
597 1546 41 36 p.
700 1535 145 39 27½cm.

147 1601 53 54 ©
227 1607 126 46 Sept.
378 1604 68 47 21,
473 1604 140 48 1936;
640 1606 68 41 2c.
738 1604 94 41 and
858 1604 81 42 aff.
965 1604 101 42 Oct.
1095 1604 80 49 12;
1204 1606 39 38 A
1269 1603 172 50 99332;
1470 1607 54 40 A.
1552 1606 53 40 B.
1635 1605 221 43 Flouton.
1887 1605 257 47 Brooklyn.

227 1662 281 49 (36-22637)

145 1767 157 61 Gale,
330 1767 231 52 Arthur
589 1767 213 63 Loran,
832 1771 170 49 1904-

213 1843 151 52 How
411 1848 57 47 to
515 1842 163 53 write
722 1861 31 34 a
796 1842 202 67 movie,
1043 1843 74 68 by
1161 1843 225 54 Arthur
1431 1845 64 51 L.
1544 1842 159 56 Gale.
1778 1844 138 52 New
1964 1843 181 67 York,

146 1921 67 53 E.
247 1923 66 52 B.
347 1920 268 67 Hackett,
648 1921 123 53 The
802 1920 178 53 Brick
1012 1938 116 35 row
1160 1920 147 54 book
1338 1922 161 67 shop,
1531 1921 126 68 inc.,
1690 1925 152 50 1936.

216 2006 77 37 xv,
322 1994 85 42 199
435 2004 43 39 p.
538 1992 54 41 21
596 1996 45 22 cm
645 2027 10 9 .

148 2062 1996 52 © Oct. 6, 1936: 2c. Oct. 12; aff. Oct. 10; A 99330; A. L. Gale, New York.
228 2121 280 49 (36-22937)

147 2225 194 66 Gavit,
368 2226 264 53 Bernard
665 2224 317 66 Campbell,
1013 2231 171 49 1893-

218 2300 169 55 Cases
436 2302 112 52 and
596 2301 291 54 materials
935 2319 72 35 on
1057 2319 72 34 an
1178 2301 390 53 introduction
1617 2307 58 47 to
1724 2299 110 55 law
1885 2300 113 53 and
2048 2301 95 54 the

146 2375 1997 72 judicial process, by Bernard C. Gavit … Chicago, Callaghan
147 2456 113 53 and
296 2474 296 49 company,
629 2457 148 53 1936.

215 2527 138 47 xxiii,
382 2525 84 42 633
495 2537 42 38 p.
598 2527 56 39 26
658 2529 43 21 cm
706 2559 8 8 .
785 2525 255 49 (National
1071 2537 110 31 case
1212 2527 122 41 book
1366 2527 175 48 series)

218 2583 179 40 “Table
422 2583 53 40 of
502 2582 192 41 cases”:
724 2594 44 37 p.
797 2583 182 41 xi-xxi.

218 2640 177 40 “Table
429 2639 51 40 of
515 2637 435 43 text-materials”:
986 2651 44 38 p.
1064 2638 138 42 xxiii.

149 2708 53 53 ©
228 2713 115 47 July
370 2712 39 48 9,
438 2712 141 48 1936;
611 2712 66 39 2c.
707 2713 95 38 and
828 2713 81 39 aff.
940 2713 115 47 July
1083 2712 81 42 14:
1196 2714 40 38 A
1263 2711 172 49 96425;
1467 2712 272 47 Callaghan
1767 2715 37 39 &
1830 2724 67 30 co.

228 2768 280 49 (36-22636)

147 2873 163 64 Gehl,
338 2874 284 56 Walther.

277 2951 1868 68 … Der deutsche aufbruch, 1918-1935 … Breslau, F. Hirt
150 3033 172 63 [1936]

219 3099 99 49 157,
349 3100 55 50 [1]
429 3111 43 37 p.
501 3100 109 41 incl.
636 3100 166 48 front.,
830 3099 142 48 illus.,
1002 3099 178 49 diagrs.
1240 3099 55 42 19
1299 3102 44 22 cm
1347 3131 9 10 .
1426 3100 15 49 (
1451 3100 253 49 Half-title
1711 3112 16 30 :
1754 3101 116 40 Hirts
1915 3102 232 40 deutsche

149 3158 286 47 Sammlung.
514 3158 388 40 Sachkundliche
955 3157 125 41 abt.:
1138 3156 286 42 Geschichte
1478 3159 97 39 und
1631 3158 515 48 Staatsbürgerkunde.

151 3214 193 50 Gruppe
373 3224 66 31 n:
472 3214 292 49 Ereignisse,
793 3215 77 42 bd.
897 3214 53 48 9)

151 3280 53 54 ©
230 3285 109 41 Feb.
367 3287 38 46 1,
433 3285 138 43 1936:
604 3287 65 41 1c.
697 3287 120 40 Mar.
846 3285 81 43 18:
956 3287 38 38 A
997 3286 269 46 -Foreign
1292 3285 171 42 31502:
1493 3286 277 39 Ferdinand
1799 3286 129 42 Hirt.

231 3341 278 44 (36-24672)

150 3446 180 53 Great
359 3448 296 62 Pyrenees
683 3447 128 53 club
841 3447 63 52 of
932 3447 293 55 America.

219 3522 120 55 The
367 3521 174 56 Great
571 3524 281 68 Pyrenees
879 3522 127 54 club
1031 3522 65 54 of
1121 3523 265 53 America
1414 3522 306 54 handbook
1747 3521 64 55 of
1836 3521 171 54 breed
151 3521 1973 148 history
314 3601 150 53 from
499 3602 73 53 its
605 3602 316 69 beginning
952 3608 57 47 to
1044 3603 168 66 June,
1251 3605 149 49 1936.
1471 3602 211 52 Edited
1718 3601 111 52 and
1865 3600 278 68 compiled

150 3680 74 68 by
253 3681 137 51 Mrs.
420 3680 240 54 Francis
690 3682 69 53 V.
793 3679 202 69 Crane,
1025 3686 298 62 secretary.
1411 3680 293 66 [Menasha,
1734 3679 159 67 Wis.,
1926 3677 220 71 George

152 3759 187 52 Banta
380 3757 334 71 publishing
753 3777 297 50 company,
1089 3765 18 22 c
1114 3762 150 63 1936]

221 3832 68 38 xii
316 3842 58 38 p.,
401 3832 28 39 2
486 3863 8 15 l.,
523 3833 98 48 151,
653 3833 86 49 [14]
768 3843 43 38 p.
839 3833 110 40 incl.
978 3833 143 48 illus.,
1149 3834 123 47 port.
1330 3832 55 40 22½
1417 3836 44 20 cm
1467 3865 9 9 .

220 3888 308 41 Illustration
563 3899 59 30 on
659 3891 97 47 t.-p.

154 3953 53 54 ©
239 3960 117 43 Aug.
393 3958 39 49 5,
467 3958 140 48 1936;
646 3958 67 40 2c.
752 3960 127 48 Sept.
912 3959 81 47 12;
1032 3959 80 40 aff.
1149 3959 101 41 Oct.
1286 3959 82 46 29;
1406 3961 42 38 A
1480 3958 171 41 97792:
1693 3959 136 45 Mary
1869 3960 68 38 W.
1977 3959 171 39 Crane.

225 4015 260 46 Needham,
512 4017 148 38 Mass.
731 4013 279 49 (36-21840)
