2519 4377
996 4097 132 49 1159

84 467 210 64 Quinn,
323 467 174 53 Elton
527 468 208 63 Leroy,
767 469 170 54 1887-

156 556 1915 69 Carbon dioxide, by Elton L. Quinn … and Charles L. Jones
146 632 1670 71 … New York, Reinhold publishing corporation, 1936.
151 723 100 47 294,
299 722 55 50 [6]
402 733 40 37 p.
489 722 108 40 incl.
645 722 141 47 illus.,
833 722 168 47 tables,
1046 719 177 51 diagrs.
1282 722 56 40 23½cm.
1514 721 279 48 (American
1840 721 229 42 chemical

83 780 191 47 society.
335 779 296 48 Monograph
663 777 161 42 series,
888 788 87 40 [no.
1006 778 98 49 72])

151 849 158 40 Blank
335 859 144 38 pages
502 850 78 39 for
608 847 370 42 “Memoranda”
1016 848 79 49 ([6]
1127 851 53 39 at
1206 850 114 47 end)

153 906 221 40 Includes
401 905 387 49 bibliographies.

82 972 53 53 ©
158 977 119 47 Aug.
301 977 39 47 3,
366 976 114 41 1936;
533 977 67 39 2c.
627 976 95 39 and
750 975 81 41 aff.
856 976 119 46 Aug.
1002 977 51 45 5;
1082 977 39 38 A
1146 975 144 41 96784;
1348 975 238 40 Reinhold
1611 975 110 48 pub.
1748 974 324 49 corporation.

162 1032 278 48 (36-18527)

79 1137 313 63 Reynolds,
431 1137 291 53 Gertrude
762 1138 77 51 M.
871 1135 279 65 (Robins)
1198 1137 169 51 “Mrs.
1409 1136 63 52 L.
1510 1137 65 52 B.
1616 1135 350 64 Reynolds.”

151 1225 1918 69 Trouble at Glaye [ by] Mrs. Baillie Reynolds … Garden
84 1302 150 70 City,
279 1303 69 53 N.
395 1304 88 64 Y.,
528 1304 141 53 Pub.
718 1301 93 56 for
856 1304 94 52 the
999 1303 190 56 Crime
1234 1303 144 68 club,
1424 1302 125 67 inc.,
1591 1303 75 67 by
1712 1303 357 68 Doubleday,

79 1382 197 55 Doran
305 1386 45 50 &
378 1400 295 50 company,
701 1382 126 66 inc.,
857 1386 147 50 1936.

151 1467 884 49 4 p. l., vii-viii p., 1 l., 302 p. 20 cm.
153 1537 162 42 “First
344 1537 225 42 edition.”

81 1604 52 54 ©
157 1609 117 48 Aug.
302 1608 68 49 21,
397 1608 140 48 1936;
566 1610 66 39 2c.
662 1609 95 40 and
783 1609 81 41 aff.
891 1610 118 47 Aug.
1037 1609 82 47 25;
1148 1609 41 40 A
1215 1608 170 47 98113;
1416 1608 241 42 Gertrude
1685 1608 183 41 Minnie
1895 1605 177 45 Baillie

150 1667 255 48 Reynolds,
434 1668 66 39 St.
525 1667 196 48 Albans,
748 1667 234 47 England.
1044 1666 277 47 (36-18548)

77 1769 224 66 Ripley,
331 1773 137 51 Mrs.
499 1771 332 54 Katharine
862 1770 187 66 (Ball)

150 1858 277 58 Crowded
466 1861 189 66 house,
694 1862 74 68 by
809 1862 323 52 Katharine
1169 1861 132 53 Ball
1342 1861 226 68 Ripley.
1643 1861 232 55 Garden
1917 1862 153 65 City,

79 1939 68 53 N.
184 1939 89 68 Y.,
307 1938 355 70 Doubleday,
698 1941 197 52 Doran
931 1943 45 51 &
1009 1957 296 50 company,
1342 1939 124 68 inc.,
1504 1943 149 50 1936.

148 2024 527 51 4 p. l., 276 p. 20 cm .
152 2095 161 41 “First
343 2094 225 43 edition.”

78 2162 53 53 ©
159 2167 119 47 Aug.
307 2167 68 47 21,
407 2167 139 46 1936;
578 2167 65 39 2c.
677 2167 95 39 and
802 2167 81 40 aff.
915 2168 119 46 Aug.
1065 2166 82 47 25;
1180 2168 40 38 A
1250 2166 169 46 98115;
1453 2167 58 40 K.
1544 2167 52 39 B.
1630 2166 186 49 Ripley,
149 2166 1904 105 Charleston,
271 2225 71 40 W.
368 2219 85 45 Va.
518 2223 279 50 (36-18545)

76 2330 251 63 Rovner,
350 2329 260 53 Maurice
637 2329 67 55 B.

147 2417 253 67 Mastery
435 2417 154 53 units
623 2417 59 52 in
719 2415 305 54 American
1057 2416 240 67 history,
1332 2415 74 68 by
1442 2414 256 54 Maurice
1734 2416 66 53 B.
1839 2415 229 54 Rovner

140 2493 1442 69 … New York, Colonial book company [c1936]
146 2577 81 49 vii,
269 2577 99 49 301,
413 2578 83 49 [11]
541 2589 43 38 p.
659 2578 142 48 illus.,
845 2578 178 49 diagrs.
1098 2578 57 41 19
1156 2580 44 21 cm
1204 2610 9 9 .
1299 2577 243 49 (Colonial
1585 2578 275 41 functional
76 2578 1990 104 study-texts)

146 2704 123 40 Text
298 2713 60 30 on
384 2714 42 38 p.
472 2704 40 49 [2]
543 2705 95 39 and
670 2704 55 50 [3]
752 2705 54 40 of
834 2714 153 31 cover.

148 2760 128 41 “The
310 2762 178 39 author
520 2762 88 38 has
644 2762 348 40 subordinated
1024 2761 217 49 political
1276 2762 95 40 and
1405 2761 219 49 military
1659 2761 188 49 history
1882 2763 49 39 to
75 2772 1973 92 economic,
277 2818 163 47 social,
475 2818 95 39 and
604 2818 212 39 cultural
851 2817 424 48 history.”—Pref.

148 2873 238 48 “Regents
416 2874 332 40 examination
780 2875 49 39 in
859 2874 255 41 American
1146 2873 246 48 history”:
1428 2874 55 51 [6]
1515 2886 44 38 p.
1591 2875 52 40 at
1673 2875 106 41 end.

147 2930 186 40 “Books
358 2933 49 38 to
435 2931 144 40 read”
608 2934 53 37 at
687 2932 90 39 end
805 2931 51 39 of
883 2932 117 39 each
1026 2932 215 46 chapter.

77 2999 54 53 ©
158 3004 119 47 Aug.
308 3004 68 47 14,
407 3003 138 47 1936;
578 3003 66 41 2c.
676 3004 96 39 and
803 3003 81 41 aff.
916 3005 119 46 Aug.
1066 3003 82 47 20;
1182 3005 41 38 A
1253 3003 168 47 97451;
1458 3003 218 41 Colonial
1706 3004 124 39 book
1860 3013 83 38 co.,
1975 3003 92 40 inc.

155 3060 277 47 (36-18581)

74 3163 238 64 Sender,
340 3164 225 52 Ramon
594 3165 72 63 J.,
699 3170 170 48 1901-

146 3237 180 56 Seven
360 3240 100 52 red
500 3239 282 68 Sundays,
817 3241 74 67 by
925 3241 222 52 Ramon
1184 3241 55 54 J.
1279 3240 241 66 Sender;
1561 3241 312 52 translated
1911 3239 150 54 from

75 3316 1988 70 the Spanish by Sir Peter Chalmers Mitchell … New York,
75 3394 299 69 Liveright
404 3395 334 69 publishing
768 3396 361 68 corporation
1166 3431 14 33 [
1185 3403 17 21 c
1207 3400 133 50 1936
1344 3429 14 35 ]

147 3480 685 49 2 p. l., 7-438, [1] p. 21 cm .
77 3548 1985 52 © Aug. 24, 1936; 2c. Aug. 26; aff. Aug. 25; A 97573; Liveright pub. corp.
153 3607 278 49 (36-18554)

73 3710 295 64 Shannon,
394 3711 252 53 William
672 3711 54 53 J.

146 3782 1908 71 Camera trails through the Southwest … by William J.
74 3861 271 54 Shannon
381 3862 109 52 and
529 3861 251 53 Hannah
818 3862 79 53 M.
937 3862 300 65 Shannon;
1278 3861 323 52 illustrated
1639 3861 138 51 with
1816 3865 64 48 33
73 3862 1959 144 photographs
373 3939 60 67 bj
433 3957 13 20 r
473 3939 95 54 the
600 3939 247 52 authors.
923 3937 228 69 Nutley,
1182 3939 67 52 N.
1278 3939 74 67 J.,
1380 3937 300 53 Moorfield
1709 3939 44 49 &
1784 3937 271 54 Shannon

78 4018 188 64 [c1936]
