2519 4377
1289 4125 101 54 714

361 440 393 65 Mathewson,
780 445 210 54 Lester
1018 447 337 64 Benjamin,
1387 451 171 56 1873-

429 516 122 54 The
580 518 353 56 illustration
966 522 58 53 in
1055 542 242 52 sermon,
1328 526 251 70 address,
1609 530 396 55 conversation
2039 533 113 53 and
359 533 1988 131 teaching;

521 616 31 34 a
584 597 461 74 self-correcting
1075 621 194 35 course
1298 604 60 53 in
1389 605 96 53 the
1516 606 354 55 illustration
1901 610 271 71 covering
2203 630 168 52 every

359 675 174 67 phase
568 678 115 52 and
716 678 217 54 branch
969 679 65 53 of
1069 681 150 53 their
1254 682 190 70 origin
1479 685 113 52 and
1629 703 114 51 use,
1777 685 76 71 by
1890 683 140 60 Rev.
2067 688 196 55 Lester
2302 691 67 52 B.

357 753 2013 85 Mathewson … New York [ etc.] Fleming H. Revell company
362 867 12 33 [
380 838 20 22 c
404 836 135 52 1936]

426 907 27 40 3
479 920 43 37 p.
587 941 9 17 l.,
620 909 147 41 3-368
792 919 43 39 p.
897 910 127 41 illus.
1086 911 55 40 21½
1176 914 44 22 cm
1225 945 9 9 .

359 979 53 54 ©
444 985 114 48 May
589 985 70 49 23,
692 984 118 42 1936
824 997 9 37 ;
866 986 67 41 2c.
967 988 96 39 and
1096 986 82 42 aff.
1211 989 114 47 May
1357 987 83 49 29;
1474 990 41 38 A
1546 988 172 50 95433;
1754 990 223 50 Fleming
2006 992 60 41 H.
2101 992 168 41 Revell
2301 1004 69 32 co.

439 1041 282 49 (36-11680)

354 1144 362 67 Mersereau,
745 1147 238 54 Samuel
1011 1147 232 64 Foster,
1274 1155 171 49 1868-

423 1220 301 55 Materials
752 1221 65 54 of
842 1223 296 71 industry;
1170 1224 151 54 their
1349 1225 374 55 distribution
1755 1227 113 54 and
1898 1228 363 69 production,
2290 1227 73 71 by

355 1297 2010 78 Samuel Foster Mersereau … with an introduction by Albert L.
354 1376 252 58 Colston.
685 1380 137 53 Rev.
868 1381 84 53 ed.
1032 1381 140 55 New
1218 1382 181 69 York,
1439 1383 260 70 London,
1743 1383 431 55 McGraw-Hill
2219 1384 146 53 book

352 1459 651 69 company, inc. [ c 1936]
421 1533 134 46 xviii,
589 1533 84 41 541
706 1543 43 38 p.
811 1533 142 48 illus.,
988 1533 178 49 diagrs.
1228 1534 53 40 21
1287 1536 45 22 cm
1336 1565 8 9 .

423 1590 351 50 Bibliography
802 1593 53 40 at
883 1593 92 40 end
1004 1592 51 41 of
1083 1593 119 41 each
1230 1592 215 49 chapter.

353 1661 53 53 ©
432 1666 113 48 Apr.
571 1665 41 48 2,
640 1665 118 41 1936
773 1676 9 36 ;
811 1665 68 41 2c.
909 1666 113 48 Apr.
1050 1667 54 46 4;
1135 1665 82 42 aff.
1247 1666 113 49 Apr.
1391 1666 52 48 8;
1473 1667 41 39 A
1542 1665 172 49 92845;
1747 1666 353 41 McGraw-Hill
2130 1666 124 40 book
2281 1676 84 38 co.,

422 1723 90 40 inc.
580 1722 282 48 (36-11513)

352 1825 299 65 Metcalfe,
677 1826 262 54 Thomas
962 1826 415 65 Washington,
1407 1832 171 50 1884-

423 1904 330 53 Memorials
781 1903 64 54 of
871 1904 95 53 the
994 1902 259 70 military
1278 1904 123 67 life,
1428 1904 75 68 by
1530 1904 248 53 Thomas
1806 1903 384 69 Washington
352 1903 1987 131 Metcalfe.
584 1982 261 68 London,
876 1983 48 52 I.
957 1981 312 54 Nicholson
1303 1983 112 52 and
1448 1983 256 67 Watson,
1736 1983 244 66 limited,
2013 1985 151 51 1936.

420 2055 98 50 294,
553 2057 55 49 [1]
639 2067 45 38 p.
743 2058 86 39 col.
859 2056 150 41 front.
1068 2055 56 43 20½c
1175 2059 27 20 m
1207 2090 7 7 .

420 2114 414 49 Autobiography.

350 2180 2010 53 © 1c. May 19, 1936; A ad int. 21436; pubd. Mar. 26; T. Washington
418 2242 246 49 Metcalfe,
692 2243 186 40 Norton
909 2242 303 41 Fitzwarren
1240 2253 71 31 nr.
1343 2243 241 47 Taunton,
1617 2242 256 49 Somerset,
1905 2242 237 48 England.

428 2298 283 50 (36-11579)

346 2403 299 54 Missouri.
722 2406 185 64 Laws,
932 2410 257 61 statutes,
1214 2411 99 45 etc.

416 2481 269 54 Missouri
736 2486 241 49 statutes
1024 2482 328 54 annotated.
1436 2484 346 50 Permanent
1830 2482 84 52 ed.
1999 2482 157 66 May,
2207 2482 152 60 1936,

345 2558 2013 70 cumulative pamphlet, with annotations … St. Paul, Minn.,
342 2640 161 53 West
537 2638 339 69 publishing
909 2657 78 35 co.
1007 2658 10 49 ;
1057 2640 224 52 Kansas
1321 2638 153 69 City,
1508 2640 134 66 Mo.,
1678 2639 232 54 Vernon
1946 2638 112 53 law
2093 2637 147 53 book
2277 2656 79 35 co.

367 2721 176 64 [ c 1936]
414 2790 85 41 202
529 2803 41 36 p,
628 2791 57 41 23½
718 2793 43 21 cm
767 2822 8 8 .

345 2844 53 53 ©
425 2849 113 47 May
563 2849 40 46 4,
632 2847 141 47 1936;
804 2848 66 42 2c.
898 2849 97 38 and
1022 2847 82 41 aff.
1133 2848 127 39 June
1288 2847 81 47 15;
1401 2847 40 39 A
1468 2846 171 47 94964;
1671 2847 192 39 Vernon
1891 2847 97 39 law
2016 2846 122 39 book
2163 2855 68 31 co.
2260 2847 95 39 and

414 2907 133 39 West
573 2907 96 48 pub
709 2916 66 30 co.

343 3010 281 53 National
652 3011 317 53 industrial
1000 3010 347 54 conference
1375 3009 202 54 board.

474 3083 1879 73 … A statistical survey of public opinion regarding current
340 3164 284 54 economic
660 3165 112 53 and
812 3163 172 55 social
1024 3164 284 69 problems
1347 3183 60 34 as
1444 3162 265 70 reported
1746 3162 76 69 by
1861 3178 335 52 newspaper
341 3160 1985 136 editors

496 3244 58 52 in
591 3243 95 54 the
724 3243 125 53 first
918 3248 233 64 quarter
1189 3241 64 54 of
1295 3245 151 50 1936.
1521 3242 138 53 New
1700 3240 164 54 York
1903 3239 135 70 city,
2075 3236 275 56 National

343 3321 1253 67 industrial conference board, inc. [ c 1936]
410 3396 99 49 viii,
535 3396 57 41 56
614 3407 44 37 p.
683 3395 107 42 incl.
816 3394 56 41 53
898 3395 168 40 tables.
1128 3394 56 41 23
1188 3397 44 21 cm
1236 3427 8 8 .
1316 3394 97 49 (Its
1438 3392 210 43 Studies,
1676 3403 75 30 no.
1776 3391 112 48 222)

341 3452 53 53 ©
430 3457 113 47 Apr.
579 3456 69 49 16,
686 3454 141 48 1936;
864 3455 67 40 2c.
968 3455 95 39 and
1101 3454 81 43 aff.
1221 3455 112 46 May
1371 3453 81 47 16;
1491 3453 39 39 A
1566 3451 172 42 95241:
1778 3451 116 40 Natl.
1946 3448 269 41 industrial
410 3458 1922 97 conference
629 3514 166 48 board,
822 3512 89 41 inc.
979 3511 281 48 (36-11525)

338 3618 145 52 New
512 3619 230 62 Jersey.
817 3619 183 62 Laws,
1029 3621 257 54 statutes,
1315 3621 99 46 etc.

410 3696 138 52 New
593 3697 202 66 Jersey
840 3698 210 49 statute
1093 3694 226 52 service.
1401 3693 155 66 May,
1603 3694 151 55 1936,
1799 3688 344 54 cumulative
340 3704 1982 137 pamphlet.

588 3773 353 67 Containing
974 3773 95 51 the
1104 3771 192 69 public
1332 3775 116 48 acts
1482 3770 62 51 of
1578 3770 96 52 the
1706 3766 210 70 special
1949 3765 210 55 session
2196 3767 151 63 1935,

339 3853 229 66 regular
598 3853 210 52 session
844 3855 133 48 1936
1009 3856 57 47 to
1099 3849 169 68 April
1310 3854 81 55 13,
1426 3852 148 49 1936.
1640 3848 163 53 With
1840 3843 381 67 annotations,

339 3860 2002 132 cumulative table and index … Newark, N. J., Soney & Sage co.;
340 4004 1369 66 St. Paul, Minn., West publishing co. [ c 1936]
