2519 4377
1051 4118 130 50 1101

102 488 303 62 Gumpert,
436 483 243 64 Martin,
714 485 170 54 1897-

172 575 403 54 Trail-blazers
611 573 65 54 of
709 572 239 67 science;
988 571 104 54 life
1128 572 199 53 stories
1362 570 65 54 of
1460 588 153 35 some
1645 567 451 71 half-forgotten

102 655 258 68 pioneers
392 652 64 54 of
488 653 238 52 modern
758 651 275 67 research,
1065 651 77 68 by
1175 650 222 52 Martin
1430 649 312 67 Gumpert;
1779 646 316 54 translated

105 732 151 53 from
300 732 96 53 the
442 730 251 55 German
737 730 74 68 by
859 729 209 53 Edwin
1114 729 64 52 L.
1229 727 273 56 Shuman.
1586 727 139 53 New
1772 726 163 53 York
1985 726 111 53 and

102 811 255 65 London,
386 809 170 52 Funk
583 811 46 50 &
656 808 301 70 Wagnalls
987 823 296 51 company,
1317 809 150 50 1936.

174 895 734 51 viii p., 2 l., 3-306 p. 20½cm.
104 964 52 53 ©
192 969 112 46 May
338 966 38 41 6.
414 965 112 42 1936;
590 965 68 41 2c.
695 964 95 41 and
826 964 81 42 aff.
946 966 111 45 May
1093 962 54 42 12;
1213 964 40 39 A
1288 962 143 42 94404;
1498 963 140 40 Funk
1671 964 36 40 &
1741 963 253 48 Wagnalls
2029 973 68 30 co.

184 1024 277 47 (36-27303)

102 1127 341 64 Horlacher,
471 1128 142 51 Levi
640 1125 276 63 Jackson,
948 1130 169 50 1896-

175 1214 1924 72 Sheep, by Levi Jackson Horlacher … and Carsie Hammonds
166 1292 1927 71 … Lexington, Ky., The Commercial printing company [c1936]
175 1380 84 48 xii,
283 1379 85 42 305
394 1390 42 38 p.
465 1380 108 40 incl.
599 1379 164 49 front.,
791 1380 143 48 illus.,
960 1388 150 39 maps,
1138 1380 179 47 diagrs.
1376 1379 147 41 21½cm.

179 1451 246 41 “Selected
457 1450 302 40 references”
789 1452 53 38 at
873 1451 91 39 end
996 1449 52 40 of
1078 1450 118 39 each
1228 1449 200 48 chapter
1457 1451 170 46 except
1658 1450 200 47 chapter
1890 1450 67 40 10.

109 1519 52 53 ©
197 1522 114 47 July
346 1522 69 45 27,
450 1520 139 47 1936;
627 1521 68 39 2c.
734 1521 96 39 and
868 1521 80 40 aff.
986 1521 118 47 Aug.
1143 1521 53 46 6;
1235 1521 42 38 A
1313 1519 170 48 97256;
1524 1521 50 39 L.
1614 1521 43 40 J.
1696 1520 271 39 Horlacher
2007 1518 96 41 and

177 1578 168 42 Carsie
373 1578 314 46 Hammonds,
717 1577 283 48 Lexington,
1030 1578 90 47 Ky.
1189 1576 279 49 (36-18162)

105 1683 246 64 Hubble,
380 1682 207 54 Edwin
612 1682 231 63 Powell,
872 1687 172 50 1889-

179 1770 1924 69 The realm of the nebulæ, by Edwin Hubble … New Haven,
115 1849 137 52 Yale
279 1848 317 62 university
624 1866 185 44 press:
838 1848 258 62 London,
1125 1847 74 53 H.
1230 1846 266 64 Milford,
1526 1847 231 54 Oxford
1784 1846 317 64 university

110 1945 172 49 press,
316 1928 147 51 1936.

179 1995 1924 51 xii p., 1 l., 210 p. front., illus., xiv pl., diagrs. 23½cm. (Half-title:
111 2053 116 39 Yale
262 2052 283 48 university.
606 2053 117 40 Mrs.
758 2052 163 47 Hepsa
959 2052 91 47 Ely
1086 2052 224 41 Silliman
1345 2054 252 39 memorial
1631 2054 224 42 lectures.
1922 2051 172 51 [1935])

111 2109 1991 105 “This book consists of the Silliman lectures, delivered at Yale university in … 1935, with the addition of an introductory chapter.”—Pref.
111 2234 52 54 ©
194 2239 115 47 July
342 2240 68 46 10,
443 2237 139 44 1936;
617 2238 68 41 2c.
717 2238 116 48 July
864 2236 82 45 29;
982 2237 81 41 aff.
1097 2238 115 47 July
1243 2237 56 42 28;
1362 2239 40 38 A
1434 2238 170 46 97183;
1640 2239 120 40 Yale
1792 2237 129 42 univ.
1955 2247 151 40 press.

191 2296 278 48 (36-18182)

109 2398 273 67 Jackson,
413 2397 326 67 Chevalier,
769 2403 171 50 1865-

181 2488 259 55 Diseases
465 2488 64 54 of
554 2490 96 52 the
674 2489 86 53 air
785 2489 112 53 and
923 2487 137 55 food
1086 2506 265 51 passages
1379 2487 64 56 of
1469 2488 404 70 foreign-body
1899 2489 207 69 origin,

113 2566 1991 69 by Chevalier Jackson … and Chevalier L. Jackson … with
113 2647 136 51 2000
287 2644 380 54 illustrations
705 2644 298 69 including
1042 2650 30 48 3
1111 2645 182 68 plates
1329 2644 62 53 in
1425 2644 196 55 colors.
1696 2646 409 69 Philadelphia

113 2724 112 52 and
251 2725 256 64 London,
533 2724 89 54 W.
652 2726 68 52 B.
753 2723 287 56 Saunders
1067 2741 298 50 company,
1394 2727 149 52 1936.

186 2795 1782 51 2 p. l., 11-333, [11] p., 1 l., 636 p. illus., m col. pl., diagr. 26cm.
188 2853 133 40 Each
369 2853 190 40 colored
606 2854 132 48 plate
786 2853 340 49 accompanied
1172 2853 61 49 by
1278 2853 294 50 descriptive
1618 2855 107 39 text
1770 2863 63 31 on
1877 2853 104 41 leaf
2026 2856 84 40 not

117 2911 223 41 included
370 2911 49 41 in
447 2912 81 40 the
556 2910 191 49 paging.

189 2967 375 42 “References”:
595 2980 42 38 p.
668 2968 217 41 303-307.

121 3035 49 52 ©
196 3040 118 45 Aug.
339 3040 39 41 5.
404 3039 139 47 1936;
573 3039 65 39 2c.
668 3039 94 39 and
788 3038 81 39 aff.
898 3040 117 46 Aug.
1043 3040 52 45 8;
1124 3040 40 37 A
1191 3038 170 47 97299;
1391 3040 71 39 W.
1491 3040 54 39 B.
1576 3040 246 39 Saunders
1849 3049 67 31 co.

198 3096 278 47 (36-18170)

115 3198 197 63 Jacob,
338 3199 212 52 Naomi
579 3197 319 66 Ellington,
927 3204 170 49 1889-

188 3289 119 51 The
335 3288 246 52 founder
604 3289 63 51 of
691 3289 94 52 the
812 3289 189 64 house,
1027 3289 73 65 by
1127 3289 204 52 Naomi
1360 3289 195 54 Jacob.
1619 3289 137 52 New
1784 3289 179 66 York,
1991 3289 121 52 The

119 3366 330 52 Macmillan
473 3383 296 49 company,
797 3370 148 49 1936.

189 3437 617 48 4 p. l., 3-394 p. 20½cm.
126 3505 50 53 ©
211 3509 126 40 June
371 3507 68 47 23,
477 3505 139 48 1936;
654 3506 68 41 2c.
759 3506 95 40 and
889 3507 80 40 aff.
1007 3508 125 40 June
1168 3507 82 48 24;
1287 3509 40 38 A
1361 3506 171 49 96154;
1571 3508 172 40 Naomi
1782 3508 163 47 Jacob,
1985 3508 131 47 Lago

192 3565 48 39 di
269 3565 175 46 Garda,
476 3565 141 46 Italy.
686 3563 279 48 (36-27305)

122 3667 539 64 Lucas-Dubreton,
688 3666 166 53 Jean.

285 3754 1127 69 … Rachel. Paris, J. Tallandier [1936]
192 3828 754 49 222 p. front. (port.) 19cm.
195 3886 62 40 At
283 3886 125 41 head
436 3885 50 40 of
514 3885 108 41 title
639 3896 9 28 :
679 3885 43 41 J.
751 3885 440 41 Lucas-Dubreton.

126 3952 1993 52 © May 23, 1936; 1c. July 6; A-Foreign 32231; Société d’éditions et de
196 4012 335 48 publications,
566 4012 155 41 Paris.
794 4013 280 48 (36-18231)
