2519 4377
1028 4099 130 49 1965

70 443 239 63 Latzko,
342 441 179 53 Adolf
552 440 290 66 Andreas,
876 441 170 52 1876-

140 519 321 66 Lafavette,
499 537 30 33 a
566 517 124 52 life,
728 516 73 67 by
840 516 261 52 Andreas
1139 513 244 67 Latzko;
1427 512 311 52 translated
1779 510 152 52 from
1972 509 94 51 the

71 587 1995 77 German by E. W. Dickes … Garden City, N. Y., Doubleday,
72 678 195 52 Doran
293 678 46 50 &
362 691 299 48 company,
683 671 129 67 inc.,
839 674 148 50 1936.

143 747 84 48 xii,
255 745 86 42 402
369 757 43 37 p.
471 745 147 40 front,
648 743 173 50 (port.)
887 742 57 40 23½
976 746 44 20 cm
1026 775 7 7 .

145 816 160 41 “First
336 814 224 41 edition.”

74 885 53 52 ©
161 888 109 41 Jan.
303 888 71 46 31,
408 884 84 41 1936;
583 885 66 39 2c.
689 884 108 40 Feb.
834 883 81 47 12;
952 883 81 39 aff.
1073 882 109 41 Feb.
1216 880 57 41 26;
1336 882 38 38 A
1409 878 171 48 93387;
1617 879 219 40 Andreas
1874 878 196 46 Latzko,

145 941 321 51 Amsterdam,
496 940 229 42 Holland.
794 938 281 51 (36-27112)

97 1049 80 53 [Le
203 1047 252 64 Veneur,
486 1044 320 66 Ghislaine]

143 1124 266 54 Madame
448 1121 244 69 Tallien,
732 1122 268 67 royaliste
1041 1130 52 45 et
1136 1117 497 57 révolutionnaire,
1675 1136 105 50 par
1818 1118 54 52 la
73 1118 1975 139 princesse

263 1204 66 52 de
373 1199 241 57 Chimav
723 1199 153 54 [pseud.]
975 1200 156 51 Avec
1174 1215 272 51 gravures
1489 1199 131 50 hors
1663 1202 150 47 texte
1857 1202 51 46 et
75 1195 1974 139 facsimilés.
378 1280 181 52 Paris.
588 1278 147 53 Plon
930 1309 12 35 [1936]

150 1369 25 38 l
207 1377 42 31 v.

77 1427 1701 59 © Aug. 4, 1936; 1c. Dec. 3; A- Foreign 33663; Librairie Plon.
78 1538 234 67 Levine,
338 1538 210 53 Albert
571 1536 212 56 Julius.

147 1616 448 54 Fundamentals
634 1614 65 55 of
736 1614 367 69 psychologie
1139 1612 309 70 guidance;
1489 1613 211 52 mental
1737 1610 245 70 hygiene
2019 1608 57 54 in

79 1687 1937 75 the service of school and society, by Albert J. Levine …
83 1770 308 64 Brooklyn,
426 1770 70 54 N.
534 1770 90 63 Y.,
660 1769 385 54 Educational
1081 1768 358 64 monograph
1475 1786 156 45 press
1855 1800 12 30 [c1936]

148 1842 463 53 96 p. diagr. 22 ½cm.
151 1900 295 52 “Suggested
478 1900 230 51 reading”:
769 1912 43 37 p.
843 1900 69 42 96.

83 1970 52 53 ©
178 1975 110 39 Dec.
334 1974 38 45 1,
416 1971 140 48 1936;
600 1970 68 41 2c.
711 1971 113 42 Dec.
866 1972 53 47 3;
967 1971 81 40 aff.
1093 1972 110 40 Dec.
1247 1970 80 47 17;
1374 1971 41 39 A
1457 1969 199 48 102008;
1704 1970 53 42 A.
1802 1971 43 39 J.
1893 1969 190 46 Levine,

156 2029 258 48 Brooklyn.
482 2027 223 50 (37-508)

82 2133 320 66 McDonell,
434 2133 252 64 Gordon,
720 2137 171 51 1905-

218 2207 1866 73 … Jump for Glory. London [etc.] G. G. Harrap & co., ltd.
91 2293 172 64 [1936]

157 2361 85 41 254
269 2372 44 38 p.
370 2360 116 43 19cm.

89 2424 1998 58 © 1c. Oct. 10, 1936; A ad int. 21947; pubd. Aug. 14; G. McDonell,
159 2489 293 50 Normandy,
488 2489 194 47 Surrey,
715 2487 236 49 England.
1021 2484 280 51 (36-35614)

90 2593 281 66 Metzger,
401 2594 245 54 Charles
672 2593 222 64 Henry,
925 2598 170 50 1890-

90 2665 1973 136 … The Quebec act; a primary cause of the American revolution
256 2747 110 70 [by]
411 2747 236 55 Charles
686 2747 76 53 PI.
803 2747 272 68 Metzger,
1145 2790 10 9 S.
1233 2790 9 8 J.
1316 2747 137 52 New
1494 2746 180 68 York,
1711 2746 123 55 The
1872 2747 217 54 United

92 2823 187 57 States
311 2824 263 56 Catholic
604 2822 295 57 historical
928 2825 228 67 society,
1189 2827 150 53 1936.

162 2910 45 37 x,
247 2897 85 44 223
370 2910 43 38 p.
473 2896 55 42 23
533 2899 43 23 cm
581 2930 9 9 .
661 2896 203 52 (United
907 2897 163 43 States
1111 2895 221 46 Catholic
1371 2897 255 43 historical
1665 2899 196 50 society.
92 2899 1985 106 Monograph
273 2956 150 41 series
545 2956 14 48 XVI)

164 3012 146 42 “This
338 3013 146 48 study
511 3013 42 40 is
581 3023 63 30 an
674 3011 302 45 elaboration
1006 3012 51 42 of
1084 3023 28 30 a
1143 3012 152 43 thesis
1324 3012 262 43 submitted
1617 3016 51 38 at
1697 3013 82 41 the
1809 3013 281 49 University

96 3069 51 42 of
172 3068 246 51 Michigan
447 3070 155 41 under
630 3080 30 30 a
688 3069 228 43 different
945 3070 122 47 title,
1097 3071 49 39 in
1175 3070 182 48 partial
1384 3069 283 42 fulfillment
1695 3070 51 41 of
1774 3071 83 40 the
96 3072 1981 95 requirements
282 3126 79 40 for

391 3127 82 40 the
502 3127 173 49 degree
707 3128 50 40 of
787 3127 165 41 doctor
985 3126 51 41 of
1064 3125 580 51 philosophy.”—Introd.

166 3182 347 51 Bibliography:
573 3195 42 38 p.
642 3181 218 45 213-223.

100 3248 53 53 ©
175 3253 118 42 Nov.
316 3252 68 49 20,
410 3252 140 43 1936;
575 3252 68 41 2c.
669 3253 95 39 and
790 3252 82 41 aff.
895 3254 118 40 Nov.
1036 3252 55 39 27:
1147 3255 39 37 A
1215 3252 168 41 101014;
1441 3254 55 41 U.
1524 3254 44 40 S.
1595 3252 223 43 Catholic
1841 3252 255 40 historical

171 3319 92 32 soc.
330 3309 221 49 (37-529)

102 3410 254 66 O’Mara,
384 3414 174 63 Mary
586 3412 213 56 Louise
832 3411 345 67 Genevieve,
1208 3413 181 64 sister,
1422 3414 172 53 1872-

171 3489 277 70 Musings,
478 3491 73 67 by
585 3490 180 57 Sister
792 3491 169 67 Mary
990 3491 205 54 Louise
1225 3489 316 58 Genevieve
1572 3489 112 54 and
1718 3490 179 58 Sister
1928 3492 169 68 Mary

103 3566 329 57 Genevieve.
509 3568 297 68 Dubuque,
832 3570 103 65 la.,
960 3570 78 52 M.
1067 3569 55 56 S.
1148 3569 240 68 Hardie,
1415 3572 149 50 1936.

174 3639 83 37 114
289 3648 43 38 p.
391 3637 56 41 20½cm.

108 3705 54 53 ©
194 3710 117 42 Nov.
347 3710 68 45 16.
451 3710 141 47 1936;
629 3710 68 41 2c.
733 3711 117 41 Nov.
885 3710 82 47 23;
1007 3711 79 39 aff.
1126 3713 110 38 Dec.
1276 3712 80 45 11;
1396 3713 40 37 A
1473 3711 198 47 101227;
1714 3710 180 43 Sisters
1931 3712 52 38 of
2021 3712 79 40 the

179 3765 264 52 visitation,
470 3767 251 48 Dubuque,
747 3768 68 40 la.
878 3766 221 49 (37-575)

110 3865 1992 76 The one-act theater, new comedies and dramas … New York,
181 3947 107 52 Los
319 3947 264 65 Angeles.
620 3946 55 55 S.
711 3948 250 55 French;
1000 3950 254 54 London,
1290 3948 54 53 S.
1380 3950 241 64 French,
1658 3949 117 68 ltd.,
1812 3952 147 50 1936.

182 4031 25 38 2
238 4040 41 33 v.
337 4032 54 40 I9
393 4036 15 19 cm
443 4066 9 8 .
