2519 4377
990 4101 99 51 113

58 470 262 62 Kenyon,
353 468 154 53 John
541 468 253 61 Samuel,
832 468 170 54 1874-

57 540 1966 148 American pronunciation; a textbook of phonetics for students of English, by John Samuel Kenyon … 6th ed., rev. …
56 698 134 52 Ann
214 698 207 67 Arbor,
446 697 192 67 Mich.,
667 696 68 55 G.
764 697 200 67 Wahr,
994 700 149 49 1935.

123 770 51 38 ix
197 781 59 38 p.,
283 771 23 38 1
355 801 23 17 l.,
405 769 85 41 248
515 779 43 38 p.
612 780 78 37 pl.,
718 771 178 47 diagrs.
951 769 55 40 19½
1039 771 44 21 cm
1086 800 9 9 .

125 826 127 41 “The
273 828 195 47 present
491 827 183 40 edition
696 828 89 39 has
806 827 118 40 been
946 827 205 46 entirely
1178 825 487 43 rewritten.”—Pref.
1688 827 48 39 to
1761 826 81 40 the
1867 825 82 41 6th
1975 826 70 41 ed.

124 882 440 48 “Bibliographical
589 883 167 41 note”:
784 894 42 37 p.
852 883 98 42 1-2.

54 936 52 55 ©
133 942 125 48 Sept.
286 942 68 48 28,
379 941 139 48 1935;
547 943 67 41 2c.
641 943 118 40 Nov.
786 942 25 41 6;
868 942 82 42 aff.
977 943 116 40 Nov.
1120 941 53 49 9;
1203 944 39 38 A
1269 942 169 44 90116;
1468 943 44 41 J.
1543 943 44 41 S.
1616 943 217 48 Kenvon,
1862 940 188 47 Hiram,

123 999 51 41 O.
247 1000 249 48 (36-4824)

60 1088 192 66 [King,
279 1088 253 63 Beverly
555 1089 77 65 S.]

125 1165 121 53 The
274 1165 217 54 United
525 1166 188 55 States
741 1171 237 61 postage
1005 1170 215 63 stamps
1250 1164 64 54 of
1343 1166 97 53 the
1468 1165 296 54 twentieth
1796 1169 254 63 century,

56 1242 73 66 by
158 1243 139 51 Max
327 1243 69 54 G.
427 1243 154 54 Johl.
646 1243 244 53 Volume
919 1246 46 50 3.
1000 1246 324 64 1922-1935,
1356 1242 201 54 Parcel
1588 1247 129 62 post
1749 1242 85 52 air
1865 1242 183 54 mails.

56 1320 137 52 New
218 1319 178 66 York,
417 1321 69 52 N.
514 1321 89 65 Y.,
626 1321 78 52 H.
729 1322 64 51 L.
818 1320 323 67 Lindquist,
1168 1324 151 50 1935.

120 1391 919 50 4 p. l., 286 p. illus., diagrs. 26 cm .
53 1444 51 53 ©
131 1450 109 38 Dec.
268 1448 67 46 16,
364 1448 139 48 1935;
532 1448 66 41 2c.
625 1450 97 39 and
750 1449 81 40 aff.
860 1449 107 39 Jan.
998 1449 38 47 8,
1065 1449 140 46 1936;
1236 1450 42 38 A
1303 1448 171 48 91114;
1504 1449 166 47 Harry
1698 1448 50 40 L.
1778 1446 272 49 Lindquist.

55 1533 489 67 Knickerbocker,
575 1534 255 56 William
862 1535 225 66 Edwin,
1121 1541 170 49 1885-
1503 1537 84 53 ed.

231 1610 1821 71 … Modern Spanish prose readings, 1830-1930. Edited by
54 1689 1994 69 William E. Knickerbocker … and Bernard Levy … New
56 1766 174 68 York,
276 1767 256 68 London,
578 1766 71 55 D.
696 1766 572 70 Appleton-Century
1314 1785 295 51 company,
1656 1768 390 67 incorporated

76 1846 173 64 [ c 1936 ]
121 1914 64 48 xi,
227 1914 86 40 439
356 1926 43 37 p.
458 1915 56 40 19½
547 1918 15 21 cm
595 1947 9 8 .
675 1915 125 48 (The
844 1916 212 47 Century
1101 1918 196 38 modern
1342 1919 239 46 language
1626 1918 177 47 series;
1850 1920 58 40 K.
54 1921 1977 97 McKenzie,
275 1970 181 48 editor)

124 2029 223 39 Includes
378 2029 127 39 brief
537 2029 329 47 biographical
903 2030 220 39 sketches
1158 2030 51 39 of
1241 2032 82 38 the
1353 2031 216 40 authors.

124 2084 352 48 “Bibliografia
511 2084 215 40 sumaria
762 2086 59 40 de
853 2086 180 39 interés
1067 2086 223 47 general”:
1356 2098 43 37 p.
1431 2087 220 41 438-439.

51 2139 52 52 ©
134 2144 110 40 Feb.
277 2146 39 44 1,
347 2143 140 48 1936;
520 2144 67 40 2c.
620 2145 97 39 and
748 2144 81 41 aff.
863 2145 108 38 Feb.
1002 2147 53 45 4;
1090 2146 41 37 A
1163 2144 170 48 90599;
1369 2147 56 39 D.
1458 2146 476 48 Appleton-Century
1965 2157 84 36 co.,

117 2201 90 40 inc.
280 2200 249 49 (36-4940)

55 2291 310 64 Lamneck,
394 2292 154 53 John
578 2293 275 59 Howard,
886 2298 170 49 1891-

123 2368 328 53 Lamneck’s
493 2367 150 55 Ohio
686 2369 236 66 probate
963 2368 185 67 digest
1191 2370 110 51 and
1345 2370 247 66 practice
1632 2370 259 65 manual;
55 2367 1969 131 official
205 2451 121 47 text
370 2446 62 52 of
477 2447 95 53 the
617 2447 248 52 Probate
911 2447 134 52 code
1091 2446 316 53 committee
1455 2447 63 53 of
1562 2448 96 53 the
1706 2447 150 55 Ohio
1902 2453 145 48 state

55 2523 1992 67 association of probate judges, by J. H. Lamneck … associate
56 2599 1986 68 authors, Gideon Palmer … Harry G. Gram … Clifford M.
53 2677 1993 69 Woodside … [and] C. P. McClelland … 2d ed. Columbus, O.,
54 2755 121 53 The
198 2756 66 53 F.
289 2756 56 55 J.
372 2755 156 53 Heer
552 2754 264 67 printing
842 2773 78 36 co.
954 2788 14 34 [
972 2761 18 22 c
995 2758 134 50 1936
1133 2789 14 33 ]

120 2826 565 49 4 p. l., 1466 p. 26 cm .
51 2878 51 54 ©
131 2884 109 40 Feb.
271 2884 68 48 13,
369 2883 139 48 1936;
539 2883 67 42 2c.
637 2884 111 40 Feb.
779 2884 81 42 15;
892 2883 81 42 aff.
1007 2885 120 40 Mar.
1156 2885 54 47 4;
1238 2884 42 40 A
1309 2883 144 42 90774;
1514 2884 51 41 F.
1597 2885 42 40 J.
1671 2885 129 40 Heer
1831 2884 219 50 printing

119 2951 65 30 co.
252 2941 249 48 (36-4603)

54 3015 266 65 Lehmer,
350 3015 246 54 Derrick
624 3016 284 63 Norman,
942 3022 169 48 1868-

122 3090 280 70 Fightery
432 3092 150 52 Dick
616 3092 113 53 and
761 3092 161 53 other
954 3110 220 50 poems;
1210 3110 32 34 a
1272 3091 148 53 book
1452 3092 62 53 of
1547 3091 120 53 free
1698 3092 240 67 ballads,
1970 3092 76 67 by

55 3168 239 54 Derrick
334 3170 253 52 Norman
628 3169 257 53 Lehmer.
961 3169 139 53 New
1142 3170 179 66 York,
1362 3170 122 52 The
1524 3169 334 53 Macmillan
55 3188 1972 126 company,
251 3250 151 50 1936.

121 3319 526 49 5 p. l., 138 p. 22 cm .
51 3371 51 53 ©
138 3377 109 40 Feb.
285 3378 68 46 11,
392 3377 139 47 1936;
570 3378 66 39 2c.
678 3379 93 38 and
808 3377 81 42 aff.
928 3377 110 40 Feb.
1078 3377 53 39 12;
1199 3377 41 39 A
1277 3377 170 48 91705;
1490 3376 280 41 Macmillan
1810 3388 66 29 co.

128 3433 248 48 (36-4323)

53 3507 351 65 Lippincott,
434 3510 184 64 Isaac,
651 3511 171 53 1879-

53 3585 1964 222 … The development of modern world trade, by Isaac Lippincott … New York, London, D. Appleton-Century company, incorporated [ c 1936]
116 3813 99 46 xxi,
252 3813 83 39 566
373 3825 43 35 p.
482 3824 135 36 maps
647 3813 137 47 (part
818 3813 143 46 fold.)
1030 3812 53 40 23
1087 3815 46 20 cm
1137 3844 9 9 .
1215 3812 124 47 (The
1378 3813 213 47 Century
1631 3812 185 40 studies
1855 3812 49 38 in
44 3823 1980 93 economics,
270 3870 70 40 W.
377 3870 59 38 H.
473 3869 282 46 Kiekhofer,
793 3869 182 47 editor)

118 3925 343 40 “References”
492 3929 51 36 at
571 3927 92 38 end
692 3926 52 38 of
772 3928 125 37 most
927 3926 50 39 of
1008 3926 83 39 the
1116 3926 240 46 chapters.

49 3975 51 53 ©
129 3982 107 40 Jan.
268 3984 38 46 7,
339 3982 139 46 1936;
512 3982 66 40 2c.
611 3983 97 39 and
739 3982 82 40 aff.
854 3983 109 39 Jan.
995 3981 53 48 9;
1082 3983 40 38 A
1153 3981 170 47 90253;
1359 3982 57 39 D.
1449 3980 474 49 Appleton-Century
1956 3989 83 38 co.,

118 4037 87 40 inc.
269 4038 249 47 (36-4178)
