2519 4377
1056 4113 101 49 259

100 473 264 61 Lawson,
392 471 154 52 John
574 470 273 62 Howard,
879 476 170 49 1895-

171 548 226 66 Theory
446 547 111 53 and
607 546 299 68 technique
951 546 64 52 of
1065 546 389 68 playwriting,
1501 547 75 67 by
1626 546 154 54 John
1832 546 253 53 Howard

102 622 1592 69 Lawson. New York, G. P. Putnam’s sons [ c 1936]
165 696 82 42 xiv
273 709 56 37 p,
356 698 23 39 1
443 729 7 15 l.,
478 697 86 40 315
587 707 41 38 p.
689 697 55 39 21
748 699 44 22 cm
795 728 9 8 .

96 751 1976 99 CONTENTS. — History of dramatic thought.—The theatre today.—Dynamics of
383 808 676 42 construction.—Mechanics
1089 808 53 41 of
1167 808 341 42 construction.

100 875 52 53 ©
186 881 119 38 Mar.
342 880 67 44 13,
446 879 139 42 1936;
624 879 67 39 2c.
729 880 120 38 Mar.
887 878 80 41 16;
1007 878 81 40 aff.
1126 879 121 39 Mar.
1285 879 54 38 14:
1406 879 39 38 A
1480 877 171 42 92306:
1692 879 43 40 J.
1773 878 60 40 H.
1872 878 220 47 Lawson,

172 937 115 39 New
315 936 144 41 York.
525 935 250 49 (36-7353)

100 1041 217 63 Leahy,
343 1040 254 54 William
625 1039 255 55 Harrall.

172 1116 148 52 How
369 1122 58 48 to
476 1121 219 62 protect
744 1115 252 55 business
1048 1117 180 57 ideas;
1281 1134 30 33 a
1362 1116 171 67 study
1582 1114 64 54 of
1693 1117 399 65 trade-marks,

104 1199 238 62 patents,
370 1194 350 68 copyrights,
747 1192 175 54 labels
952 1195 111 51 and
1091 1192 242 54 kindred
1366 1193 332 67 properties,
1729 1194 72 67 by
1831 1194 258 54 William

102 1271 1986 69 H. Leahy … foreword by Isaac W. Digges … New York and
103 1351 252 62 London,
386 1350 232 67 Harper
648 1354 46 49 &
722 1350 276 66 brothers,
1034 1353 148 51 1936.

173 1422 723 49 ix, 157 p. illus., pl. 22 cm .
174 1480 161 40 “First
367 1478 227 42 edition.”

174 1536 352 41 “Government
555 1536 352 48 publications”:
968 1546 41 37 p.
1042 1536 98 41 151.

102 1603 52 54 ©
186 1609 120 40 Mar.
339 1608 38 42 5,
410 1606 113 42 1936;
583 1607 67 41 2c.
684 1608 120 39 Mar.
838 1607 52 42 6:
925 1606 81 41 aff.
1041 1608 120 40 Mar.
1195 1608 52 45 7;
1281 1607 42 40 A
1354 1606 170 49 93073;
1561 1608 192 48 Harper
1788 1608 35 41 &
1855 1608 125 40 bros.

181 1664 249 49 (36-7329)

102 1768 146 58 List,
275 1768 236 64 Rudolf,
542 1774 171 49 1901-

232 1842 1864 70 … Tor aus dem dunkel, gedichte. Berlin [etc.] P. Zsolnay,
105 1925 146 50 1935.

171 1994 67 44 70.
272 1995 38 50 [2]
356 2006 42 36 p.
461 1994 55 39 22
521 1997 42 20 cm
568 2027 9 8 .

104 2050 1996 53 © Nov. 7, 1935: 1c. Feb. 6, 1936; A-Foreign 30312; Paul Zsolnay
173 2113 177 45 verlag,
380 2121 105 37 a.-g.
551 2109 251 50 (36-7222)

105 2213 192 64 Löbel,
323 2214 186 64 Josef,
540 2218 171 50 1882-

173 2289 212 53 Robert
429 2290 194 65 Koch;
674 2289 318 68 geschichte
1039 2288 148 52 eines
1232 2287 377 69 glücklichen,
1656 2307 110 34 von
1814 2289 36 52 d
1853 2296 17 20 r
1875 2331 10 9 .
1933 2290 166 54 Josef

105 2364 1918 70 Löbel … Zürich, Bibliothek zeitgenössischer werke [1935]
174 2437 459 49 318, [2] p. 18 ½c m .
106 2494 1976 100 © Oct. 31, 1935: 1c. Dec. 18; A —Foreign. 30029; Bibliothek zeitgenössischer
389 2555 170 47 werke,
591 2555 160 37 verlas.
814 2563 104 37 a.-g.
988 2552 250 49 (36-7244)

105 2657 332 53 Louisiana.
512 2660 184 61 Laws,
719 2663 238 46 statutes
963 2699 11 23 ,
1001 2663 99 47 etc.

237 2734 1862 67 … Code of criminal procedure and criminal statutes of
107 2812 1993 68 Louisiana. Edited by Benjamin Wall Dart … annotated by
107 2888 1992 69 George A. Wilson … assisted by the publisher’s editorial staff.
134 2972 130 48 [1935
314 2968 342 53 cumulative
709 2970 209 50 annual
969 2968 199 66 pocket
1221 2968 375 67 supplement.
1685 2969 416 67 Indianapolis,

107 3048 118 51 The
256 3046 439 53 Bobbs-Merrill
722 3064 295 48 company]
1051 3052 17 20 c
1075 3049 148 50 1935.

180 3120 23 37 1
234 3130 42 36 p.
341 3150 8 15 l.,
378 3117 54 40 93
463 3129 42 36 p.
563 3118 55 38 25½
651 3120 44 20 cm
701 3148 7 8 .

181 3173 1921 50 This pamphlet is to be fitted into the pocket at the back of the
110 3232 191 38 volume
325 3231 52 39 of
404 3234 82 36 the
512 3233 71 37 set
613 3233 48 37 to
690 3230 156 39 which
874 3230 39 39 it
941 3230 208 46 belongs.

112 3283 52 52 ©
207 3289 111 38 Dec.
360 3287 70 42 20,
473 3286 140 46 1935;
659 3285 66 42 2c.
768 3287 109 39 Jan.
920 3286 68 46 13,
1033 3284 139 42 1936:
1218 3285 82 41 aff.
1346 3286 108 39 Jan.
1500 3286 81 47 17;
1628 3287 39 37 A
1710 3285 169 48 91283;
182 3287 1921 95 Bobbs-Merrill
395 3355 66 28 co.

243 3443 1859 68 … Code of practice of the state of Louisiana. Edited by
115 3521 1926 68 Benjamin Wall Dart … annotated by George A. Wilson …
115 3601 231 51 assisted
389 3601 73 65 by
506 3601 95 52 the
641 3599 338 68 publisher’s
1021 3598 263 53 editorial
1329 3596 148 57 staff.
1583 3603 132 49 [1935
1760 3598 344 53 cumulative

116 3678 202 51 annual
362 3677 201 66 pocket
598 3679 375 64 supplement.
1047 3676 415 67 Indianapolis,
1500 3678 119 52 The
1663 3677 440 52 Bobbs-Merrill

115 3770 292 50 company]
437 3761 18 21 c
461 3759 147 48 1935.

186 3826 23 38 1
240 3837 43 37 p.
348 3858 8 11 l.,
386 3827 58 39 50
469 3837 42 37 p.
568 3826 54 40 25½
655 3828 45 21 cm
705 3858 8 8 .

188 3882 117 38 This
344 3883 245 47 pamphlet
629 3883 45 39 is
712 3886 48 36 to
801 3883 54 41 be
896 3881 137 41 fitted
1075 3881 101 41 into
1219 3883 83 39 the
1340 3882 173 48 pocket
1551 3884 55 38 at
1644 3882 85 40 the
1767 3882 120 39 back
1928 3882 54 39 of
2023 3883 85 40 the

118 3938 1036 46 volume of the set to which it belongs.
120 3988 51 52 ©
213 3995 110 38 Dec.
365 3993 69 43 20,
477 3994 140 40 1935:
662 3993 65 40 2c.
771 3995 107 37 Jan.
923 3994 68 48 13,
1034 3992 140 48 1936;
1221 3992 81 40 aff.
1348 3993 109 40 Jan.
1502 3993 80 45 17;
1629 3994 40 37 A
1712 3992 170 48 91284;
190 3993 1917 95 Bobbs-Merrill
402 4061 66 29 co.
