2519 4377
994 4148 134 50 2013

147 577 64 40 At
239 577 125 40 head
393 576 53 40 of
472 577 107 40 title
597 587 10 30 :
639 576 140 42 CCH.

151 633 137 40 “Full
324 635 130 38 texts
488 633 52 39 of
574 633 65 40 all
678 636 138 37 court
851 633 240 41 decisions
1128 635 48 38 in
1211 634 66 39 all
1314 643 135 30 cases
1487 634 278 47 pertaining
1801 636 48 38 to
1885 632 191 42 federal

80 689 1996 49 taxation … with case table, citation table, regulations table, and topical
79 746 188 41 index.”

147 804 103 41 The
282 804 202 40 number
517 804 52 40 of
601 804 99 41 this
733 804 191 40 volume
959 806 41 39 is
1035 804 264 41 indicative
1334 804 52 40 of
1421 804 81 41 the
1537 814 117 38 year
1690 806 95 39 and
1823 804 167 49 period
2026 805 49 40 in

78 861 157 40 which
275 861 82 40 the
395 860 239 41 decisions
673 869 128 31 were
838 861 239 48 reported.
1136 861 103 40 The
1277 870 135 31 cases
1450 870 85 31 are
1574 871 28 30 a
1643 861 341 48 reproduction
2024 861 51 41 in

77 920 284 46 permanent
391 918 158 39 bound
578 917 130 40 form
738 917 53 40 of
818 917 81 41 the
928 917 239 41 decisions
1199 918 222 48 reported
1453 917 249 49 currently
1733 919 48 38 in
1812 919 82 39 the
1925 918 150 42 Court

77 975 237 41 decisions
352 974 208 41 division
599 974 51 40 of
687 976 82 39 the
807 974 245 42 Standard
1088 975 189 40 federal
1316 978 86 38 tax
1440 976 197 39 service,
1699 977 61 48 of.
1800 974 275 42 Foreword.

78 1045 52 53 ©
168 1050 116 38 Nov.
324 1049 39 46 6,
402 1047 138 41 1936;
581 1047 67 42 2c.
689 1047 95 40 and
823 1048 81 40 aff.
945 1049 117 39 Nov.
1101 1047 82 44 23;
1225 1049 38 38 A
1305 1046 171 46 100621
1495 1059 9 35 ;
1547 1048 276 41 Commerce
1863 1048 216 45 clearing

147 1106 163 47 house,
339 1105 87 39 inc.
493 1103 252 50 (37-1000)

77 1209 433 64 Cunningham,
536 1209 155 53 John
718 1210 223 63 Henry,
972 1211 169 53 1877-

147 1300 83 53 As
266 1299 95 54 the
398 1299 141 68 twig
571 1301 48 53 is
652 1298 162 67 bent;
853 1297 170 70 being
1060 1298 310 54 chronicles
1409 1299 112 52 and
1559 1299 295 54 anecdotes
1892 1299 63 53 of
78 1299 1975 134 juvenile

290 1377 112 54 and
432 1376 241 54 medical
702 1376 315 65 memories,
1044 1376 76 68 by
1149 1377 155 52 John
1335 1378 77 52 H.
1444 1375 422 70 Cunningham.
79 1378 1976 133 Norwood.

284 1456 190 66 Mass.,
503 1454 158 54 Priv.
692 1453 177 68 print,
896 1462 58 46 at
982 1455 97 52 the
1105 1454 299 68 Plimpton
1433 1473 174 49 press,
1638 1458 151 50 1936.

146 1530 86 40 205
258 1541 42 38 p.
329 1530 110 40 incl.
466 1529 151 41 front.
672 1528 57 41 23
732 1530 47 23 cm
780 1559 10 11 .

149 1587 147 41 “This
337 1586 182 41 edition
559 1585 190 42 limited
790 1587 49 39 to
876 1583 89 43 350
1001 1584 158 49 copies
1200 1584 90 42 has
1330 1585 118 40 been
1489 1584 228 50 designed
1759 1586 60 48 by
1862 1587 214 41 William

79 1642 1657 49 Dana Orcutt and printed … under his personal supervision.”
76 1712 54 53 ©
161 1715 101 41 Oct.
292 1714 69 48 28,
394 1713 112 40 1936
524 1725 8 35 ;
565 1712 68 42 2c.
664 1714 118 40 Nov.
813 1712 26 40 3
857 1724 8 31 ;
899 1712 82 40 aff.
1013 1713 116 39 Nov.
1162 1712 26 38 4
1206 1723 8 35 ;
1249 1713 41 38 A
1317 1711 173 41 100285
1508 1724 9 36 ;
1552 1714 43 40 J.
1629 1715 59 40 H.
1723 1714 355 50 Cunningham,

149 1771 272 48 Brookline,
452 1772 145 38 Mass.
668 1768 250 49 (37-1087)

77 1876 203 64 Czech,
310 1877 206 53 Stanv.

145 1968 119 52 Das
296 1966 458 66 operettenbuch,
785 1983 108 34 von
929 1964 181 67 Stany
1146 1964 196 55 Czech.
1412 1965 274 66 Dresden,
1722 1969 64 50 E.
1822 1967 255 55 WulfFen

101 2049 150 63 [1936]

149 2130 84 42 292
260 2142 44 37 p.
362 2129 55 41 18½
449 2132 44 21 cm
497 2162 9 8 .

77 2197 1807 55 © Sept. l. 1936; 1c. Dec. 3: A-Foreign 33607 ; E. Wulffen v erlag.
77 2324 269 62 Dachler,
375 2322 239 53 Robert.

147 2413 729 63 Grundwasserströmung,
920 2428 108 32 von
1074 2410 82 52 dr.
1203 2409 114 67 ing.
1362 2411 212 54 Robert
1618 2413 264 54 Dachler.
1963 2415 114 53 Mit

78 2493 384 64 abbildungen
489 2491 76 51 im
594 2495 135 46 text.
804 2486 185 56 Mien,
1017 2490 56 52 J.
1106 2488 278 66 Springer
1418 2492 171 64 [1936]

147 2566 96 39 1 v .
77 2629 1856 57 © Sept. 19, 1936 ; 1c. Dec. 3; A-Foreign 33565 ; Julius Springer.
76 2756 244 63 Dangel,
352 2753 252 53 Edward
636 2750 211 64 Miron,
882 2755 169 49 1892-

145 2842 1871 73 Massachusetts jurisprudence … by Edward M. Dangel …
78 2922 1768 69 Boston, Massachusetts jurisprudence company [ c 1936]
147 2993 928 54 13 p. l. , 226, [9], [235]-629 p. 26 cm .
414 3064 132 29 CONTENTS.—[v.
584 3052 40 50 1]
660 3052 178 47 Equity
872 3050 227 48 pleading
1134 3050 94 39 and
1260 3050 227 48 practice.
1552 3051 192 40 Parties
1780 3053 95 38 and
1909 3053 169 42 forms.

79 3122 53 54 ©
165 3126 103 41 Oct.
301 3124 69 48 27,
403 3123 139 47 1936;
579 3122 67 39 2c.
682 3121 98 40 and
812 3121 82 40 aff.
931 3121 118 39 Nov.
1083 3119 52 42 4;
1173 3121 43 39 A
1246 3119 171 48 99721;
1456 3122 52 38 E.
1542 3123 61 37 M.
1641 3123 202 47 Dangel,
1879 3124 196 40 Boston.

78 3246 180 63 Drax,
283 3246 196 53 Peter.

145 3330 1929 72 Murder by chance, by Peter Drax … London, Hutchinson
76 3416 45 50 &
150 3433 96 46 co.,
274 3413 104 54 ltd.
415 3414 171 65 [1936]

146 3485 85 42 287
256 3497 42 38 p.
354 3485 55 41 19
412 3487 42 21 cm
460 3516 8 9 .
527 3484 113 50 [The
664 3483 108 41 first
797 3482 139 41 novel
961 3481 200 47 library,
1216 3492 73 29 no.
1316 3483 70 48 44,

80 3552 1995 56 © 1c. Feb. 28, 1936; A ad int. 21133; pubd. Jan. 2 ; Eric Elrington Addis.
152 3615 220 47 Oxshott,
405 3614 191 46 Surrey,
627 3611 236 48 England.
933 3609 217 42 (37-1521
1170 3610 13 46 )

81 3719 336 62 Englebert,
448 3717 194 54 Omer.

147 3808 106 51 Vie
299 3816 50 46 et
396 3807 328 53 conversion
771 3807 178 51 d'Ève
997 3805 334 51 Lavallière,
1378 3823 102 47 par
1528 3804 171 53 Omer
1747 3805 326 66 Englebert.

79 3887 153 50 Avec
274 3903 270 48 gravures
588 3885 134 51 hors
761 3890 149 46 texte
955 3890 50 45 et
1053 3881 346 53 fac-similés.
1478 3881 181 52 Paris.
1702 3883 146 51 Plon
1896 3885 175 66 [1936]

150 3953 1364 52 2 p. l.. xi, 338 p., 1 l. plates, ports., facsim. 19 cm .
83 4023 1790 53 © Sept. 10. 1936; 1c. Dec. 3: A- Foreign 33656; Librairie Plon.
