2519 4377
1308 4081 134 54 1782

363 398 308 56 Columbia
698 397 356 65 university.

433 477 275 53 Firdausi
754 476 363 66 celebration,
1161 477 306 66 935-1935;
1514 476 293 54 addresses
1850 478 289 54 delivered
2184 483 59 49 at
2284 479 96 53 the

362 554 348 56 celebration
744 554 63 54 of
841 554 96 53 the
970 554 354 53 thousandth
1360 554 373 69 anniversary
1767 557 64 54 of
1865 557 96 52 the
1994 557 158 53 birth
2187 556 63 54 of
2285 558 96 53 the

363 632 257 55 national
666 637 135 63 poet
844 632 63 54 of
950 634 141 52 Iran
1132 632 136 53 held
1311 638 58 48 at
1416 632 302 56 Columbia
1762 634 322 68 university
2127 635 114 54 and
2285 637 96 52 the

363 710 416 69 Metropolitan
802 729 257 34 museum
1085 710 63 53 of
1175 715 90 49 art
1289 710 61 52 in
1373 711 96 52 the
1494 713 118 66 city
1637 711 64 54 of
1727 713 140 53 New
1893 713 180 54 York.
2134 715 58 53 A
365 713 1993 145 bibliography
660 789 63 54 of
754 789 99 54 the
884 787 290 70 principal

1208 790 385 67 manuscripts
1627 791 114 53 and
1775 791 233 67 printed
2040 791 245 55 editions
2319 792 64 55 of

365 866 2018 69 the Sh ā h-n ā mah in certain leading public libraries of the
365 948 196 54 world.
639 946 216 55 Edited
883 946 76 68 by
987 946 196 55 David
1213 947 236 67 Eugene
1480 945 208 57 Smith.
1764 948 140 54 New
1933 947 182 69 York,
364 948 1995 144 McFarlane,
531 1026 235 67 Warde,
790 1025 366 67 McFarlane,
1184 1028 150 51 1936.

432 1100 28 39 4
482 1111 44 38 p.
585 1131 9 17 l.,
618 1099 135 40 vii-x
774 1110 60 38 p.,
856 1099 27 41 3
943 1129 9 17 l.,
975 1097 147 42 3-138
1146 1109 44 39 p.
1251 1099 88 41 col.
1362 1097 166 51 front.,
1551 1098 129 42 illus.
1716 1099 172 49 (port.)
1921 1100 89 41 col.
2032 1101 174 48 plates.
2264 1100 57 43 30
2325 1105 43 21 cm
2374 1135 8 8 .

435 1156 279 42 CONTENTS.
731 1179 61 5 —
808 1156 271 41 Addresses
1121 1156 64 48 by
1225 1155 231 42 Nicholas
1499 1155 204 50 Murray
1748 1156 185 48 Butler,
1977 1157 157 41 Mirza
2179 1159 205 41 Ghaffar

366 1215 144 40 Khan
541 1214 186 48 Djalal,
758 1214 55 41 A.
845 1214 54 40 V.
931 1213 245 42 Williams
1207 1212 217 42 Jackson
1454 1214 97 40 and
1583 1213 64 42 M.
1682 1214 45 41 S.
1760 1214 625 52 Dimand.—Manuscripts

364 1269 2021 55 of the Sh ā h-n ā mah (p. 27-94)—Manuscripts of Y ū suf wa-Zal ī kh ā (p.
379 1328 657 51 [95]-99)—Bibliographies
1077 1328 68 50 (p.
1179 1327 261 51 [101]-138)

366 1385 2018 53 © Nov. 17, 1936; 2c. and aff. Nov. 18; A 100534; McFarlane, Warde,
437 1445 309 48 McFarlane,
768 1444 93 41 inc.
926 1442 284 50 (36-34381)

364 1550 321 65 Diethelm,
714 1549 214 65 Oskar,
960 1549 172 55 1897-

433 1624 1952 72 Treatment in psychiatry [by] Oskar Diethelm … New York,
363 1708 121 52 The
516 1704 341 55 Macmillan
887 1722 301 51 company,
1222 1707 151 51 1936.

433 1783 86 39 xvi
542 1792 59 38 p.,
629 1780 25 39 1
716 1811 9 17 l.,
752 1778 90 42 476
865 1789 44 39 p.
970 1777 57 41 24
1030 1781 44 21 cm
1079 1812 9 9 .

436 1836 353 49 Bibliography
815 1838 53 39 at
894 1837 93 40 end
1014 1836 53 41 of
1091 1836 121 41 each
1237 1835 203 49 chapter
1466 1837 171 46 except
1663 1836 83 40 the
1770 1835 123 41 first.

365 1892 53 53 ©
447 1897 117 39 Nov.
595 1893 70 50 10,
695 1893 143 49 1936;
869 1892 69 43 2c.
970 1893 96 40 and
1095 1892 83 42 aff.
1209 1894 118 38 Nov.
1359 1891 82 48 11;
1474 1893 40 39 A
1542 1891 173 44 99771;
1750 1892 289 41 Macmillan
2063 1903 68 31 co.

447 1951 285 51 (36-34588)

365 2042 266 66 Dorling,
658 2043 208 63 Henry
890 2040 253 66 Taprell,
1172 2045 173 50 1883-

436 2120 439 67 Mid-Atlantic,
926 2119 77 67 by
1055 2118 247 54 Taffrail
1351 2118 282 67 (Captain
1685 2118 237 67 Taprell
1978 2118 250 68 Dorling
2361 2126 14 56 …)

367 2201 257 65 London,
651 2199 245 53 Hodder
924 2197 113 54 and
1067 2196 330 69 Stoughton
1429 2198 174 65 [1936]

435 2270 101 48 318,
575 2271 56 49 [1]
671 2281 44 38 p.
775 2269 57 41 20
835 2271 45 22 cm
884 2300 9 9 .

368 2328 53 54 ©
458 2332 66 41 1c.
564 2333 114 39 Dec.
717 2329 40 49 4,
797 2327 143 49 1936;
982 2329 41 38 A
1063 2328 61 39 ad
1163 2327 86 40 int.
1289 2325 172 48 22122;
1503 2326 144 49 pubd.
1689 2326 104 42 Oct.
1830 2326 53 48 8;
1927 2327 198 47 Taprell
2167 2327 219 51 Dorling,

439 2387 256 48 Mailings,
720 2386 268 40 Pembroke
1014 2385 152 48 Road,
1192 2383 222 48 Woking,
1443 2384 237 47 England.
1747 2382 283 50 (36-36004)

365 2477 205 66 Doyle,
596 2477 103 56 Sir
722 2475 237 55 Arthur
986 2475 221 59 Conan,
1235 2478 330 51 1859-1930.

436 2554 124 53 The
592 2553 160 70 boys’
789 2552 278 58 Sherlock
1101 2550 269 69 Holmes;
1408 2570 31 34 a
1474 2549 268 56 selection
1778 2549 154 55 from
1965 2552 97 52 the
2099 2552 186 54 works
2323 2551 63 55 of

364 2628 2020 73 A. Conan Doyle; arranged by Howard Hay craft … New
365 2715 165 53 York
560 2714 115 53 and
703 2711 261 68 London,
993 2710 237 68 Harper
1257 2711 47 51 &
1331 2707 281 68 brothers,
1644 2712 150 50 1936.

438 2787 101 49 xix,
570 2785 90 43 336
687 2796 43 38 p.
791 2784 167 48 front.,
989 2785 173 47 plates,
1193 2783 151 48 ports.
1402 2780 58 41 22
1464 2783 44 23 cm
1513 2814 9 9 .

440 2846 164 39 “First
637 2841 230 43 edition.”

369 2901 52 53 ©
451 2906 112 38 Dec.
594 2904 40 46 1,
665 2899 116 43 1936;
839 2899 67 41 2c.
937 2901 118 39 Nov.
1088 2897 57 42 28;
1205 2898 83 41 aff.
1317 2898 112 39 Dec.
1461 2896 26 41 3;
1548 2898 41 39 A
1618 2894 175 43 100781;
1854 2896 197 48 Harper
2081 2896 38 41 &
2149 2896 125 40 bros.

449 2959 285 51 (36-34617)

368 3051 321 63 Dubrisay,
718 3048 200 62 Louis,
950 3052 173 50 186F-

439 3119 1888 72 Précis d’accouchement, par les docteurs Louis Dubrisay …
393 3199 1996 76 [et] Cyrille Jeannin … Avec 308 figures. 8. éd., entièrement
371 3306 109 34 rev.
508 3292 53 48 et
587 3302 190 52 augm.
803 3302 107 51 par
936 3283 53 54 le
1013 3280 328 71 professeur
1366 3279 63 57 C.
1456 3280 269 54 Jeannin.
1801 3279 188 67 Paris,
2015 3278 57 55 J.
2099 3279 291 67 Lamarre,

371 3369 148 50 1936.

436 3440 170 49 xxviii,
639 3440 86 40 871
757 3450 42 38 p.
859 3438 145 47 illus.,
1037 3437 178 48 diagrs.
1276 3435 146 41 18½cm.
1494 3432 299 52 (Half-title:
1826 3434 165 40 Precis
2025 3434 58 40 de
2111 3431 268 50 médecine)

371 3490 1820 58 © July 24, 1936; 1c. Oct. 22; A- Foreign 33229: Jules Lamarre.
451 3554 284 51 (36-36177)

370 3643 268 65 Duffield,
665 3643 191 56 Anne.

370 3711 1992 156 Paradise, by Anne Duffield. London [etc.] Cassell and company, ltd. [ 1936]
440 3868 27 41 3
495 3879 43 39 p.
605 3899 8 16 l.,
644 3869 87 41 378
761 3878 43 38 p.
865 3867 56 40 19
924 3869 44 22 cm
973 3897 8 9 .

372 3919 2014 60 © 1c. Dec. 4, 1936; A ad int. 22114; pubd. Oct. 8; Dorothy Duer Duffield,
441 3985 295 44 Aldbourne.
763 3983 271 48 Wiltshire,
1062 3981 238 48 England.
1367 3977 283 51 (36-36002)
