2519 4377
1073 4120 132 51 1675

136 462 252 63 Gabriel,
412 464 138 51 Mrs.
579 459 265 56 Armine.

203 537 121 53 The
355 535 168 57 silent
555 537 126 67 oak,
712 536 74 69 by
815 535 240 54 Armine
1086 534 251 56 Gabriel.
1402 534 138 53 New
1575 533 178 68 York,

1808 537 102 62 [etc]
133 533 1976 150 Fleming
262 615 74 52 H.
367 616 197 53 Revell
596 631 280 52 company
1091 646 12 34 [c1936]

202 692 86 42 298
316 704 42 38 p.
416 691 116 41 21cm.

137 759 53 53 ©
221 763 102 41 Oct.
357 763 67 49 17,
457 761 140 49 1936;
630 762 69 41 2c.
729 763 94 39 and
857 763 80 40 aff.
970 763 117 39 Nov.
1124 761 79 43 14;
1240 763 38 37 A
1311 760 171 48 99830;
1522 761 218 41 Fleming
1774 761 58 40 II.
1868 760 164 39 Revell
2068 770 66 28 co.

216 818 279 50 (36-31237)

136 924 270 64 Georgia.
481 925 183 64 Latus,
688 928 257 62 statutes,
971 929 99 47 etc.

207 1002 151 55 Code
390 1002 62 52 of
480 1003 247 65 Georgia
759 1001 335 54 annotated;
1128 999 299 68 including
1456 1002 92 51 the
1582 1001 151 54 Code
1764 999 62 52 of
1859 1003 132 49 1933
2024 1000 108 52 and

136 1081 75 51 all
242 1080 139 52 laws
408 1080 62 52 of
499 1079 230 67 general
759 1078 353 68 application
1141 1078 397 67 subsequently
1570 1079 250 64 enacted,

1852 1076 139 54 with
136 1079 1974 131 editorial
340 1163 157 47 notes
534 1157 112 53 and
684 1159 275 65 complete
998 1157 361 52 annotations
1396 1156 62 52 of
1497 1157 93 51 the
1628 1155 275 54 decisions
1941 1155 63 52 of
2040 1156 95 52 the

138 1236 274 66 Supreme
440 1243 158 45 court
628 1235 113 54 and
771 1235 181 55 Court
979 1234 62 53 of
1071 1234 232 68 appeals
1332 1233 61 53 of
1422 1234 246 67 Georgia
1702 1235 111 52 and
1842 1235 61 52 of
1935 1234 76 52 all
2042 1235 93 52 the

136 1314 217 52 federal
392 1320 187 45 courts
616 1312 332 67 construing
984 1312 246 67 Georgia
1270 1312 151 53 laws.
1496 1312 291 68 Prepared
1826 1313 181 52 under
2042 1313 94 52 the

135 1391 264 53 editorial
436 1389 353 69 supervision
826 1391 62 51 of
923 1390 222 55 Orville
1179 1391 71 51 A.
1287 1390 173 66 Park,
1493 1392 198 66 Harry
1729 1393 64 50 B.
1834 1390 303 65 Skillman,

135 1467 1975 148 and Harry S. Strozier … book 11, 12. Atlanta, The Harrison company [c1936]
205 1626 26 39 2
261 1636 28 28 v
360 1624 55 40 24
419 1628 43 21 cm

208 1697 127 47 Kept
362 1700 48 35 to
439 1696 114 39 date
582 1695 60 47 by
672 1695 298 40 cumulative
999 1696 170 46 pocket
1199 1698 152 45 parts.

138 1762 52 53 ©
220 1767 118 40 Nov.
367 1765 70 49 27,
469 1764 139 48 1936;
642 1764 68 42 2c.
742 1764 119 42 each
894 1765 93 39 and
1021 1765 81 41 aff.
1134 1766 116 38 Nov.
1284 1765 81 42 30;
1401 1767 38 37 A
1473 1764 199 46 100752;
1708 1766 241 39 Harrison
1985 1776 68 32 co.

138 1885 266 64 Golding,
433 1885 317 63 Augustus
777 1885 79 62 C.,
888 1888 325 50 1833-1915.

208 1960 1930 70 Descendants of Rev. Thomas Hanford … v. 1. Compiled
137 2041 73 66 by
235 2042 296 65 Augustus
558 2040 60 55 C.
645 2039 272 67 Golding.
994 2039 290 58 Norwalk,
1310 2038 197 69 Conn.,
1537 2042 149 52 1936.

209 2112 95 48 xiv,
336 2112 81 38 154
448 2123 43 37 p.
550 2112 116 39 fold,
696 2111 188 41 facsim.
943 2111 57 39 24
1003 2114 43 20 cm
1050 2141 9 9 .

209 2182 158 40 Blank
396 2192 119 38 page
543 2181 80 40 for
653 2181 244 41 “Owner’s
925 2181 218 48 lineage”:
1203 2193 43 28 v.
1276 2182 40 48 1,
1345 2192 43 38 p.
1418 2181 100 41 154.

210 2239 128 40 “The
369 2238 133 40 facts
531 2239 255 47 presented
819 2247 83 32 are
933 2248 55 31 as
1019 2238 236 48 gathered
1284 2238 95 40 and
1412 2238 241 48 arranged
1686 2238 60 49 by
1780 2240 96 49 [the
1909 2240 231 49 compiler

138 2294 1983 105 and] … published [after his death] by one of … [hisj daughters.”—Foreword, signed: Ruth Golding.
138 2417 54 54 ©
220 2421 100 41 Oct.
350 2420 69 48 21,
450 2420 140 41 1936;
622 2421 68 41 2c.
721 2421 101 41 Oct.
852 2420 83 45 28;
969 2421 82 40 aff.
1082 2421 102 41 Oct.
1215 2420 82 42 27;
1332 2423 37 37 A
1400 2420 171 46 99616;
1607 2422 130 39 Ruth
1771 2422 221 49 Golding,
210 2425 1913 93 Norwalk.
383 2479 146 40 Conn.
598 2477 283 49 (36-31556)

138 2581 199 64 Greer,
368 2581 134 54 Carl
528 2579 279 65 Richard,
839 2582 170 54 1876-

209 2657 120 53 The
368 2656 208 69 glories
615 2657 65 53 of
721 2655 224 70 Greece,
985 2657 75 68 by
1104 2655 135 56 Carl
1282 2656 255 54 Richard
1580 2656 191 55 Greer.
141 2656 1974 146 Philadelphia,

331 2735 124 52 The
489 2733 162 54 Penn
688 2733 337 69 publishing
1061 2752 279 51 company
1563 2768 12 34 [c1936]

208 2803 85 41 351
326 2815 43 38 p.
429 2805 87 41 col.
549 2805 165 49 front.,
749 2806 171 48 plates.
980 2806 116 40 23cm.

210 2875 195 41 Initials;
467 2876 282 48 tail-pieces.

140 2944 53 53 ©
220 2950 117 40 Nov.
365 2949 39 48 2,
434 2948 139 49 1936;
603 2949 68 39 2c.
701 2950 93 38 and
826 2950 81 40 aff.
937 2951 117 39 Nov.
1085 2950 80 41 12;
1199 2952 37 37 A
1264 2949 171 43 99779;
1469 2951 131 38 Penn
1630 2951 109 48 pub.
1768 2961 67 30 co.

221 3004 280 52 (36-31506)

142 3110 303 64 Grousset,
474 3110 178 56 René.

210 3186 256 54 Histoire
507 3188 95 53 des
642 3189 281 52 croisades
962 3196 55 45 et
1059 3189 75 51 du
1178 3206 265 49 royaume
1487 3188 165 53 franc
1694 3190 67 51 de
1803 3190 338 66 Jérusalem,

142 3265 1996 68 par René Grousset … J. 3] La monarchie musulmane et
140 3342 17 50 1
182 3343 262 52 anarchie
479 3343 258 66 franque.
808 3345 154 50 Avec
999 3349 63 46 14
1093 3349 192 47 cartes.
1358 3343 183 67 Paris,
1573 3345 149 53 Plon
1760 3348 171 65 [1936]

213 3414 1623 49 2 p. l., xxxiv, 874 p.. 1 1. maps, fold, geneal. tables. 23 cm .
212 3471 233 41 Contains
479 3471 400 48 bibliographical
917 3471 274 40 foot-notes.

143 3536 1676 54 © July 7. 1936; 1c. Dec. 3; A-Foreign 33665; Librairie Plon.
143 3646 289 64 Guilloux,
457 3646 198 54 Louis.

277 3722 1864 69 … Bitter victory; translated from the French by Samuel
146 3799 265 53 Putnam.
487 3801 137 52 New
662 3800 179 68 York,
876 3801 68 53 R.
981 3801 79 52 M.
1098 3801 276 53 McBride
1407 3804 46 50 &
1488 3819 279 50 company
1986 3836 12 33 [c1936]

210 3872 585 49 4 p. l., 3-574 p. 21 cm .
213 3928 162 42 “First
405 3928 223 42 edition.”

145 3994 53 53 ©
223 3999 117 41 Nov.
366 3999 40 44 9,
434 3999 140 43 1936;
604 4000 67 41 2c.
700 4002 116 39 Nov.
846 4000 81 42 19;
957 4001 82 41 aff.
1067 4002 117 39 Nov.
1214 3999 80 48 18;
1328 4003 37 37 A
1397 3999 198 43 100526;
1629 4002 48 39 L.
1708 4000 243 42 Guilloux.
1985 4001 156 40 Saint-

217 4056 187 47 Brieuc,
436 4058 196 39 France.
703 4055 280 50 (36-31569)
