2519 4377
1309 4100 134 50 1296

373 407 391 64 Wodehouse,
794 407 245 54 Pelham
1071 409 315 66 Grenville,
1421 416 173 50 1881-

508 498 1887 77 … Young men in spats. Garden City, N. Y,, Doubleday,
373 576 200 55 Doran
599 581 45 49 &
669 595 300 49 company,
994 576 126 68 inc.,
1148 581 151 51 1936.

444 663 26 40 3
499 673 44 37 p.
609 694 8 16 l.,
649 662 87 41 297
763 673 43 37 p.
867 661 56 42 19½
956 665 45 22 cm
1006 696 9 8 .

447 732 163 40 “First
641 732 229 42 edition.”

373 798 57 54 ©
457 803 118 47 July
603 803 71 49 24,
705 804 142 48 1936;
878 803 68 44 2c.
978 804 96 40 and
1105 805 82 41 aff.
1219 805 103 41 Oct.
1353 806 52 47 6;
1440 806 42 40 A
1511 806 172 49 99192;
1717 808 52 41 P.
1801 808 53 41 G.
1885 809 320 50 Wodehouse,

2236 810 157 41 Paris.

372 924 369 65 Woodward,
767 925 74 56 H.
869 925 66 57 G.

376 1015 1993 149 … Kerala, the gem of India, by H. G. Woodward. Mountain View, Calif., Omaha,
1260 1095 139 54 Neb.
1459 1101 121 64 [etc.]
1618 1096 216 55 Pacific
1868 1116 157 49 press
2059 1098 335 70 publishing

376 1171 571 70 association [ c 1936]
443 1262 27 41 3
497 1274 43 37 p.
604 1293 9 18 l.,
639 1261 149 41 5-160
813 1273 42 38 p.
883 1261 109 42 incl.
1017 1262 152 41 front,
1227 1263 172 48 plates.
1461 1262 56 40 19½
1549 1265 46 21 cm
1598 1294 9 8 .

375 1327 55 54 ©
455 1332 122 48 Aug.
606 1332 70 48 18,
704 1331 143 48 1936;
876 1332 67 40 2c.
974 1333 98 40 and
1099 1332 82 42 aff.
1210 1333 120 47 Aug.
1359 1332 84 49 24;
1476 1333 42 40 A
1545 1332 172 50 98061;
1748 1333 181 41 Pacific
1956 1344 139 39 press
2123 1335 111 49 pub.
2264 1345 130 32 assn.

456 1389 283 49 (36-19432)

369 1537 243 65 Woody,
643 1536 266 65 Clifford,
939 1543 173 49 1884-

445 1629 1947 70 Child-life arithmetics … three book series, by Clifford
369 1708 1962 68 Woody … Frederick S. Breed … [and] James R. Overman …
374 1786 271 67 Chicago,
684 1787 203 52 Dallas
933 1791 138 62 [etc.]
1114 1789 194 65 Lyons
1346 1791 45 50 &
1430 1787 327 67 Carnahan,
1796 1794 17 20 c
1819 1791 150 50 1936.

443 1873 26 41 3
500 1883 40 30 v.
598 1873 87 40 col.
714 1872 145 50 illus.,
891 1873 88 41 col.
1007 1873 176 48 plates,
1213 1871 181 49 diagrs.
1453 1871 146 42 19½cm.

447 1944 137 39 Book
620 1945 110 47 two,
768 1943 62 47 by
868 1942 266 41 Frederick
1171 1944 45 41 S.
1254 1943 173 48 Breed,
1466 1944 168 40 James
1672 1944 56 40 It.
1769 1944 245 41 Overman
2051 1944 96 39 and
2187 1943 206 43 Clifford

365 2001 212 47 Woody;
603 2000 125 40 book
749 2000 153 48 three,
925 2000 62 47 by
1009 2001 167 39 James
1199 2001 54 38 It.
1282 2000 258 49 Overman,
1565 2000 208 42 Clifford
1795 2000 187 48 Woody
2007 2001 95 40 and
2130 2000 266 41 Frederick

373 2059 46 41 S.
453 2058 171 41 Breed.

371 2128 78 42 bk.
479 2128 98 49 1-2,
609 2124 54 54 ©
694 2129 124 41 Mar.
848 2128 69 46 26,
950 2128 117 40 1936;
1123 2128 68 40 2c.
1223 2128 127 40 June
1380 2128 82 46 11;
1498 2127 108 41 affs.
1640 2128 129 39 June
1798 2129 53 46 1;
1884 2127 78 42 bk.
1994 2129 40 48 3,
2067 2124 53 53 ©
2151 2128 129 41 June
2306 2128 82 47 20;

442 2187 68 40 2c.
544 2186 117 47 July
691 2186 84 47 25;
809 2185 81 40 aff.
925 2185 116 47 July
1073 2185 82 47 23;
1190 2186 41 38 A
1262 2184 159 48 95651,
1454 2184 159 49 95652,
1646 2184 171 48 97138;
1851 2185 161 47 Lyons
2046 2186 36 39 &
2115 2185 276 41 Carnahan.

453 2242 284 52 (36-17590)

370 2393 421 65 Zimmerman,
818 2391 183 55 Hazel
1024 2392 65 55 L.

444 2481 188 55 Green
682 2499 188 51 grows
919 2482 98 52 the
1066 2480 211 68 laurel;
1332 2484 245 64 sonnets,
1626 2480 77 68 by
1754 2479 185 54 Hazel
1990 2478 395 55 Zimmerman.

373 2561 139 53 New
550 2560 182 66 York,
765 2559 260 67 London,
1062 2559 66 55 G.
1164 2559 65 53 P.
1266 2557 299 54 Putnam’s
1601 2575 147 52 sons,
1786 2560 150 52 1936.

442 2645 56 41 94
530 2656 41 38 p.
634 2645 150 40 front,
814 2643 173 50 (port.)
1056 2644 56 40 21
1116 2647 44 21 cm
1165 2676 9 9 .

372 2715 53 53 ©
459 2720 127 47 Sept.
620 2720 69 47 11,
722 2719 143 47 1936;
900 2719 67 38 2c.
1004 2718 129 48 Sept.
1166 2718 83 48 16;
1285 2718 83 40 aff.
1404 2718 128 48 Sept.
1566 2718 82 47 14;
1681 2718 42 39 A
1753 2717 173 49 97822;
1962 2718 54 41 G.
2050 2719 51 41 P.
2138 2716 252 41 Putnam’s

443 2787 127 31 sons.
638 2776 285 49 (36-19593)

369 2926 175 64 Zook,
575 2926 229 65 George
835 2924 338 64 Frederick,
1206 2931 172 50 1885-

505 3015 1883 69 … Principles of accrediting higher institutions, by George
371 3093 1983 150 F. Zook … and M. E. Haggerty … Chicago, Ill., The University of Chicago press [1936]
444 3260 117 49 xvii,
603 3260 88 40 202
731 3271 43 38 p.
836 3260 26 39 2
903 3260 154 49 diagr.
1108 3260 50 50 (1
1198 3259 146 49 fold.)
1413 3259 56 41 19½
1502 3262 44 21 cm
1551 3292 9 9 .
1631 3259 127 49 (The
1798 3260 282 40 evaluation
2125 3260 51 40 of
2218 3261 170 48 higher

375 3317 338 48 institutions;
756 3329 25 30 a
826 3318 151 40 series
1017 3318 51 40 of
1108 3318 326 48 monographs
1474 3318 149 40 based
1665 3329 58 29 on
1766 3318 82 40 the
1889 3317 349 49 investigation
373 3330 1995 87 conducted
595 3376 80 41 for
719 3376 84 40 the
847 3375 288 42 Committee

1178 3386 60 30 on
1283 3374 212 42 revision
1540 3375 52 40 of
1636 3375 279 48 standards,
1962 3375 320 41 Commission
2329 3387 56 28 on

375 3433 172 48 higher
592 3432 310 41 institutions
947 3433 52 41 of
1041 3434 84 39 the
1169 3433 156 40 North
1371 3434 187 40 central
1602 3432 296 41 association
1944 3432 52 41 of
2041 3434 205 47 colleges
2293 3434 92 38 and

374 3491 269 48 secondary
674 3491 205 41 schools,
968 3489 15 50 I)

446 3562 130 41 “The
617 3562 229 40 material
889 3561 49 41 in
983 3563 83 40 the
1108 3564 197 47 present
1348 3563 192 40 volume
1582 3561 42 41 is
1666 3563 187 47 largely
1896 3572 59 30 an
2004 3562 286 48 adaptation
2337 3562 49 40 of

374 3620 189 40 several
601 3619 259 41 addresses
897 3619 140 49 given
1076 3622 52 38 at
1164 3620 81 40 the
1280 3619 238 48 meetings
1555 3619 52 41 of
1644 3620 82 40 the
1761 3620 154 40 North
1954 3620 186 39 central
375 3620 1988 97 association
507 3678 95 39 and

635 3677 141 40 other
807 3677 310 40 educational
1151 3676 364 49 organizations
1548 3676 176 49 during
1757 3677 83 41 the
1874 3679 110 46 past
2017 3676 91 40 five
374 3676 2011 100 years.“—Introd.

447 3791 1936 48 “Professor H. M. Doutt … prepared for Dr. Zook chapters II, III, and
372 3859 29 30 v
431 3850 96 39 and
559 3849 81 41 the
676 3850 265 39 annotated
974 3848 634 49 bibliography.”—Introd.

446 3905 308 42 “Annotated
785 3905 397 50 bibliography”:
1216 3918 41 37 p.
1288 3906 217 41 157-194.

370 3973 55 53 ©
457 3978 116 46 July
602 3979 69 47 14,
701 3977 140 49 1936;
872 3978 66 40 2c.
967 3978 117 48 July
1112 3978 84 48 25;
1228 3978 82 41 aff.
1341 3979 117 47 July
1487 3978 82 48 24;
1602 3979 41 39 A
1673 3977 171 48 96643;
1879 3976 287 48 University
2195 3975 53 40 of
441 3976 1926 108 Chicago,
599 4035 226 48 Chicago.
894 4035 283 49 (36-18417)
