2519 4377
1323 4148 133 50 1212

373 540 212 63 porter,
644 536 114 52 and
817 537 258 52 Norman
1131 537 397 67 Lindenheim,
1587 538 268 52 assistant
1913 541 146 51 state
2115 541 272 64 reporter.

374 614 380 67 Harrisburg,
779 616 121 65 Pa.,
926 615 123 52 The
1074 616 325 67 Telegraph
1425 633 175 51 press,
1631 619 148 50 1936.

441 687 84 49 xli,
557 688 83 40 671
670 698 43 37 p.
773 687 56 40 23
833 690 45 20 cm
884 720 8 8 .

441 758 72 40 On
547 757 230 48 binding:
814 756 276 42 1935-1936.

375 826 53 52 ©
470 830 118 47 Aug.
633 829 70 48 10,
745 827 115 42 1936
878 840 9 36 ;
931 828 68 42 2c.
1043 829 98 39 and
1182 829 83 40 aff.
1311 829 128 48 Sept.
1482 829 26 40 1
1527 840 8 36 ;
1580 831 41 38 A
1662 828 146 42 98259
1826 841 8 36 ;
1882 829 415 41 Commonwealth
2340 829 53 40 of

444 886 379 49 Pennsylvania,
852 885 319 49 Harrisburg,
1200 887 83 38 Pa.

374 992 121 52 The
533 989 288 67 practical
859 990 295 56 Standard
1192 990 325 69 dictionary
1554 989 64 54 of
1655 990 96 54 the
1790 990 247 69 English
2078 991 311 68 language;

445 1068 274 70 designed
757 1074 59 48 to
853 1068 130 70 give
1019 1070 96 52 the
1151 1069 417 69 orthography,
1606 1069 462 68 pronunciation,
2106 1070 284 67 meaning,

448 1148 114 53 and
604 1147 329 70 etymology
975 1147 65 54 of
1081 1166 134 35 over
1259 1151 224 66 140,000
1523 1149 188 53 words
1756 1149 113 52 and
1914 1149 235 67 phrases
2194 1149 58 52 in
2298 1150 94 52 the

445 1228 203 67 speech
681 1228 114 53 and
827 1227 299 53 literature
1157 1227 65 53 of
1254 1228 96 55 the
1381 1227 558 69 English-speaking
1973 1228 246 67 peoples,
2251 1227 140 53 with

446 1323 328 52 synonyms,
812 1310 322 64 antonyms,
1173 1307 114 52 and
1329 1306 412 68 prepositions;
1785 1306 337 68 containing
2160 1307 119 54 also
2319 1325 72 34 an

448 1384 295 68 appendix
787 1383 65 55 of
897 1384 231 70 foreign
1171 1385 235 69 phrases
1451 1387 138 52 used
1634 1386 59 51 in
1740 1385 248 69 English
2033 1387 200 67 speech
2279 1387 113 53 and

447 1463 314 54 literature.
834 1467 157 65 2,500
1027 1463 270 70 pictorial
1335 1464 410 67 illustrations;
1787 1464 278 69 abridged
2106 1464 154 54 from
2296 1466 95 53 the

448 1543 173 53 Funk
651 1546 48 50 &
732 1543 302 70 Wagnalls
1066 1561 125 36 new
1228 1543 295 56 Standard
1556 1542 325 70 dictionary
1915 1543 65 53 of
2014 1544 96 53 the
2145 1544 247 70 English

448 1622 1944 71 language by Frank H. Vizetelly … New York and London,
448 1702 172 53 Funk
649 1706 46 50 &
722 1702 303 69 Wagnalls
1055 1720 300 51 company,
1386 1706 151 51 1936.

451 1776 26 39 2
507 1787 41 37 p.
614 1808 8 16 l.,
649 1775 259 49 iii-xxxiv,
939 1775 116 42 1309
1083 1788 43 38 p.
1188 1776 129 40 illus.
1380 1775 55 40 24
1438 1778 45 21 cm
1487 1808 10 9 .

376 1844 53 52 ©
461 1848 120 47 Aug.
615 1848 70 45 24,
721 1846 141 48 1936;
899 1848 67 40 2c.
1003 1848 96 39 and
1133 1848 83 40 aff.
1254 1848 128 47 Sept.
1416 1848 53 47 3;
1507 1848 41 38 A
1583 1847 171 47 97635;
1792 1847 142 39 Funk
1966 1848 41 40 &
2039 1847 253 48 Wagnalls
2325 1858 69 30 co.

453 1905 283 50 [Copyright
762 1905 41 39 is
829 1904 208 40 claimed
1063 1915 60 29 on
1151 1902 253 52 revisions]
1472 1903 283 50 (36-19066)

380 2011 190 62 Pratt,
596 2010 324 56 Theodore.

453 2086 113 69 Big
598 2086 168 68 blow,
799 2086 76 68 by
911 2085 297 54 Theodore
1244 2085 186 53 Pratt.
1507 2083 237 69 Boston,
1779 2084 198 67 Little,
2012 2083 232 69 Brown,
2279 2083 114 54 and

380 2183 299 50 company,
712 2167 149 51 1936.

452 2235 674 51 4 p. l., [3]-296 p. 21½ cm .
379 2307 53 53 ©
461 2312 127 46 Sept.
614 2312 70 47 11,
710 2310 141 48 1936;
878 2310 68 41 2c.
973 2310 97 40 and
1096 2310 82 41 aff.
1208 2311 128 46 Sept.
1364 2310 82 47 12;
1476 2310 40 39 A
1542 2309 171 47 97764;
1743 2310 51 40 T.
1822 2310 158 47 Pratt,
2009 2310 117 39 New
2152 2308 243 51 Rochelle,

451 2369 54 39 N.
531 2369 53 40 Y.
648 2367 284 49 (36-19091)

380 2473 414 63 Pryce-Jones,
821 2472 172 64 Alan,
1023 2477 172 50 1908-

454 2550 236 53 Private
719 2548 265 69 opinion;
1018 2571 31 33 a
1080 2548 599 69 commonplace-book
1706 2548 75 68 by
1809 2547 156 53 Alan
1995 2545 402 70 Pryce-Jones.

382 2629 259 55 London,
677 2627 591 60 Cobden-Sanderson
1329 2629 152 65 [1936]

453 2703 85 39 221
579 2714 42 38 p.
683 2703 56 39 22
742 2705 44 21 cm
791 2734 10 9 .

457 2760 239 39 Informal
732 2758 236 41 criticism
998 2758 52 41 of
1078 2759 83 40 the
1188 2758 150 41 books
1368 2757 50 40 in
1446 2758 82 40 the
1558 2755 219 42 author’s
1808 2756 201 48 library.

382 2825 2013 54 © 1c. Aug. 22, 1936; A ad int. 21770; pubd. June 26; A. Pryce-Jones,
447 2886 202 43 Vienna.
714 2886 282 49 (36-19239)

380 2989 224 54 Punch.
682 3010 48 34 V.
763 2995 117 62 191,
904 3010 89 34 no.
1022 2991 155 66 4967,
1202 2990 143 58 July
1374 2993 84 64 29,
1488 2992 149 50 1936.

383 3072 2012 54 © 1c. Sept. 23, 1936; A ad int. 21850 ; pubd. July 29 ; Herbert Heather,
455 3135 213 40 London.

387 3273 6 32 I
405 3238 164 65 Reid,
597 3238 203 54 Lionel
826 3237 318 68 Meredith]
1178 3243 173 50 1900-

457 3309 1915 72 Miss Carlotta. [ New York, Oxford university press, c 1936]
458 3385 780 50 [48] p. col. illus. 21 × 26 cm .
460 3444 289 40 Illustrated
791 3443 366 47 lining-papers.

457 3500 242 41 “Written
733 3501 61 47 by
828 3500 170 40 Lionel
1032 3499 136 48 Reid,
1205 3498 281 41 illustrated
1521 3499 62 49 by
1619 3499 55 39 R.
1710 3497 215 41 Denison
1980 3497 319 51 [pseud.]—p.
2337 3492 56 54 [3]

457 3556 438 50 “Lithographed.”

386 3627 52 53 ©
479 3631 127 48 Sept.
644 3632 40 47 3,
724 3631 140 47 1936;
904 3631 68 40 2c.
1012 3630 95 40 and
1146 3630 81 40 aff.
1269 3630 128 47 Sept.
1437 3629 80 47 10;
1560 3630 39 38 A
1637 3627 171 44 98334;
1851 3627 189 41 Oxford
2078 3626 129 40 univ.
2245 3633 152 39 press,

456 3689 116 38 New
603 3689 146 46 York,
778 3688 92 41 inc.
940 3686 281 49 (36-19102)

385 3793 319 65 Robinson,
733 3793 192 65 Solon,
958 3794 324 52 1803-1880.

458 3871 174 54 Solon
662 3870 310 66 Robinson,
999 3871 230 66 pioneer
1258 3869 110 52 and
1398 3867 395 68 agriculturist
1810 3886 11 36 ;
1851 3865 238 54 selected
2120 3863 277 67 writings,

385 3944 2010 71 edited by Herbert Anthony Kellar … volume l. 1825-1845.
386 4027 418 67 Indianapolis,
838 4026 250 54 Indiana
1122 4025 294 53 historical
1453 4026 232 65 bureau,
1725 4027 149 49 1936.
