2519 4377
1065 4080 130 49 1481

119 441 311 62 Johnston,
460 440 306 53 Abraham
797 438 316 65 Robinson,
1148 441 362 54 1815?-1846.

191 530 305 69 Marching
527 530 140 52 with
699 529 96 53 the
826 529 184 68 Army
1040 528 64 54 of
1135 529 95 53 the
1260 529 177 66 West,
1470 530 329 64 1846-1848,
1831 527 74 69 by
121 527 1976 133 Abraham

279 608 290 53 Robinson
597 607 304 68 Johnston,
928 607 306 54 Marcellus
1262 609 133 50 Ball
1422 605 283 53 Edwards
1756 605 131 67 [and]
1919 605 202 69 Philip

122 683 2000 71 Gooch Ferguson; edited by Ralph P. Bieber … Glendale,
121 763 194 68 Calif.,
344 764 120 53 The
493 764 224 52 Arthur
748 763 74 55 H.
854 763 177 55 Clark
1061 780 296 52 company,
1388 765 151 52 1936.

191 850 87 41 368
305 862 56 37 p.,
391 853 24 38 1
464 881 23 16 l.,
515 849 109 42 incl.
653 850 165 50 front.,
846 851 77 49 pi.,
951 853 149 46 ports,
1156 850 117 41 fold.
1301 861 124 39 map.
1481 850 55 40 24½
1570 853 15 21 cm
1619 882 9 9 .
1695 850 300 50 (Half-title:
2022 852 100 41 The

123 906 1439 51 Southwest historical series, ed. by R. P. Bieber. IV )
193 977 948 43 Contents—Introduction.—Journal
1186 979 51 41 of
1282 979 245 41 Abraham
1574 980 246 41 Robinson
1864 979 256 50 Johnston,

122 1035 395 43 1846.—Journal
550 1036 50 42 of
630 1035 264 43 Marcellus
927 1035 107 42 Ball
1068 1037 251 48 Edwards,
1352 1036 493 49 1846-1847.—Diary
1877 1037 51 41 of
1959 1037 162 50 Philip

121 1093 160 42 Gooch
315 1094 259 49 Ferguson,
607 1093 605 49 1847-1848.—Appendix.

121 1161 2000 52 © Oct. 12, 1936; 2c. and aff. Oct. 19; A 99408; Arthur H. Clark co.
200 1221 279 47 (36-24379)

118 1325 239 63 Jüngst,
382 1326 185 53 Hans.

254 1412 1741 69 … Das geständnis, erzählung. Berlin, S. Fischer [1936]
193 1497 726 49 3 p. l., 9-166, [2] p. 20½ cm .
195 1556 170 40 “Erste
397 1554 72 41 his
502 1555 150 40 dritte
686 1554 232 47 auflage.”

121 1626 2004 53 © Mar. 19. 1936; 1c. Aug. 18; A-Foreign 32749; S. Fischer verlag a.-g.
202 1686 279 47 (36-23894)

121 1790 213 63 Keller,
361 1790 157 52 Kent
546 1788 337 63 Ellsworth,
911 1790 171 54 1867-

196 1878 335 69 Prosperity
566 1879 251 68 through
854 1878 410 68 employment;
1304 1897 31 33 a
1371 1879 96 67 job
1505 1877 94 53 for
1635 1896 167 50 every
1840 1896 132 34 man
2012 1878 113 52 and

126 1955 1998 69 woman who wants to work, by Kent Ellsworth Keller … New
131 2034 159 53 York
320 2034 112 53 and
460 2034 259 67 London,
749 2032 232 70 Harper
1011 2033 114 53 and
1154 2033 277 67 brothers,
1464 2036 148 50 1936.

196 2105 66 40 vii
295 2116 56 37 p.,
385 2104 26 39 2
463 2135 24 17 l.,
519 2105 86 39 244
635 2115 44 38 p.
739 2104 134 40 front.
917 2104 173 49 (port.)
1158 2106 54 39 21
1217 2108 43 21 cm
1266 2141 9 8 .

198 2161 163 41 “First
389 2160 227 42 edition.”

126 2231 53 54 ©
221 2235 101 42 Oct.
361 2236 67 46 20,
470 2234 140 49 1936;
653 2235 68 42 2c.
763 2235 101 42 Oct.
904 2235 57 40 20;
1032 2236 79 39 aff.
1157 2235 102 43 Oct.
1300 2236 55 39 22;
1427 2238 37 38 A
1507 2236 174 41 100036;
1752 2238 57 40 K.
1853 2238 51 39 E.
1947 2237 179 43 Keller,

195 2293 315 48 Carbondale,
540 2293 74 40 Ill.
682 2292 278 48 (36-24381)

126 2398 245 65 Keyser,
395 2398 145 54 Paul
566 2398 274 56 Edward.

199 2486 1867 72 Our congregation and its work, by Paul Edward Keyser …
128 2566 281 68 prepared
444 2567 180 53 under
659 2567 97 54 the
789 2566 254 68 auspices
1078 2566 64 53 of
1175 2568 96 52 the
1304 2567 208 55 Parish
1548 2570 111 52 and
1693 2569 211 53 church
1938 2570 189 52 school

126 2643 1974 150 board of the United Lutheran church in America. Philadelphia, Pa., The United Lutheran publication house [ c 1936]
201 2796 86 41 140
317 2807 42 38 p.
421 2796 179 49 diagrs.
660 2797 56 40 19½
748 2799 44 22 cm
798 2829 8 8 .
877 2798 124 48 (The
1033 2798 250 39 Lutheran
1310 2798 279 48 leadership
1620 2797 194 49 course)

202 2853 351 51 Bibliography
578 2855 54 39 at
658 2855 90 40 end
774 2854 52 40 of
853 2857 126 39 most
1006 2855 52 39 of
1084 2855 83 40 the
1193 2855 241 49 chapters.

128 2921 54 54 ©
215 2927 117 43 Aug.
367 2925 70 48 26,
473 2924 139 48 1936;
649 2925 68 42 2c.
754 2926 93 38 and
885 2926 81 40 aff.
1007 2927 127 46 Sept.
1171 2928 52 45 2;
1264 2929 38 36 A
1338 2925 144 42 98236;
1549 2927 161 38 Board
1747 2927 52 37 of
1831 2925 297 49 publication

197 2984 51 37 of
278 2983 80 39 the
390 2982 176 40 United
597 2983 248 39 Lutheran
876 2983 181 38 church
1089 2983 47 39 in
1166 2982 238 43 America,
1436 2982 355 48 Philadelphia.

209 3040 279 47 (36-24353)

130 3143 312 64 Klipstein,
469 3143 239 54 Editha.

266 3231 1688 68 … Anna Linde, roman. Hamburg, H. Goverts, 1935.
203 3301 769 50 4 p. l., 11-467, [1] p. 19½ cm .
205 3357 67 40 “5.
312 3357 248 41 tausend.”

133 3427 1999 53 © Oct. 17. 1933; 1c. Aug. 18, 1936; A-Foreign 32807; H. Goverts verlag,
201 3498 41 34 g.
275 3498 57 28 m.
364 3488 43 40 b.
441 3488 45 41 h.
556 3487 281 49 (36-23895)

132 3591 400 64 Krejci-Graf,
561 3593 165 53 Karl.

204 3679 1929 70 Erdöl, von Karl Krejci-Graf … 1. bis 5. tausend, mit 30
129 3755 401 71 abbildungen.
595 3758 217 67 Berlin,
839 3758 56 54 J.
924 3757 297 70 Springer,
1250 3761 151 51 1936.

202 3829 79 45 vii,
324 3830 71 50 [1],
437 3829 97 44 163,
578 3832 54 49 [1]
675 3841 42 37 p.
788 3831 127 41 illus.
946 3832 131 47 (incl.
1119 3832 133 47 map)
1305 3831 178 48 diagrs.
1554 3831 143 41 18½cm.
1802 3832 168 41 (Added
2015 3834 119 46 t.-p.:

133 3884 366 44 Verständliche
526 3887 355 41 Wissenschaft.
941 3887 69 42 28.
1038 3887 101 49 bd.)

136 3952 1803 56 © May 8, 1936; 1c. Aug. 18; A-Foreign 32778; Julius Springer.
218 4013 278 48 (36-23873)
