2519 4377
1072 4106 97 51 973

127 444 165 55 Ohio.
366 447 182 61 Laws,
573 450 256 57 statutes,
854 452 99 45 etc.

197 535 152 55 Ohio
393 534 133 53 civil
574 534 247 68 practice
866 534 249 65 manual,
1162 533 138 52 with
1351 532 179 52 forms
1577 530 64 53 of
1688 531 273 69 pleading
2009 531 111 52 and

126 612 261 69 practice.
456 616 131 49 1936
615 612 262 52 revision.
942 611 212 52 Edited
1180 612 74 67 by
1281 610 259 54 William
1570 610 252 52 Edward
1853 607 271 55 Baldwin

188 688 1933 70 … Forms and outlines by William S. Hanna … Appellate
131 766 1992 72 practice and forms [by] William W. Dawson … Cleveland,
129 847 1008 68 Banks-Baldwin company [ c 1936]
197 921 99 52 viii,
326 922 99 48 411,
453 921 99 49 205,
581 922 69 47 88,
680 920 54 40 22
764 933 43 38 p.
863 921 59 40 28
921 923 43 21 cm
969 951 8 8 .

197 977 1587 48 On cover: Baldwin’s Ohio civil practice manual … 1936.
197 1036 198 40 “Forms
418 1036 50 38 of
489 1034 228 49 pleading
740 1035 94 39 and
859 1033 237 49 practice”
1122 1035 88 39 has
1235 1033 178 49 special
1437 1036 96 46 t.-p.
1559 1035 94 39 and
1677 1037 225 45 separate
129 1035 1973 97 pagination.

197 1147 178 41 “Third
406 1147 196 47 edition,
635 1146 156 41 1936.”

196 1205 68 40 To
301 1205 58 39 be
394 1205 112 46 kept
544 1215 64 37 up
647 1206 48 38 to
732 1205 115 38 date
884 1203 60 47 by
982 1203 352 48 supplemental
1374 1201 224 41 material
1638 1204 48 38 to
1724 1203 55 40 be
1818 1202 214 42 inserted
2072 1203 49 40 in

127 1261 168 47 pocket
328 1271 58 30 on
418 1259 154 41 inside
604 1260 50 40 of
687 1260 120 40 back
839 1269 153 30 cover.

128 1314 52 52 ©
211 1317 114 47 July
358 1317 69 46 18,
460 1316 138 45 1936;
632 1315 69 41 2c.
735 1315 114 46 July
882 1315 81 45 20;
1000 1314 81 41 aff.
1116 1314 115 47 July
1262 1315 81 46 21;
1380 1315 40 39 A
1449 1314 170 45 96574;
1659 1313 214 42 William
1910 1315 211 40 Edward

198 1373 236 47 Baldwin,
467 1371 275 42 Cleveland.
812 1371 279 47 (36-16331)

125 1477 174 64 Park,
327 1477 152 53 John
509 1477 217 63 Edgar,
756 1476 169 54 1879-

196 1567 120 54 The
339 1565 228 57 miracle
591 1567 64 55 of
679 1565 327 70 preaching,
1029 1566 73 68 by
1126 1566 156 56 John
1307 1567 199 68 Edgar
1530 1567 172 54 Park.
1777 1569 138 53 New
1942 1569 178 68 York,

126 1648 121 52 The
274 1645 331 55 Macmillan
634 1664 297 49 company,
963 1649 148 50 1936.

197 1718 558 50 4 p. l. , 184 p. 19½ cm .
199 1776 129 40 “The
353 1776 186 47 Lyman
563 1776 215 41 Beecher
804 1775 209 41 lectures
1040 1775 243 40 delivered
1312 1777 51 39 at
1389 1776 117 40 Yale
1534 1775 269 50 university
1832 1778 48 39 in
1909 1777 156 41 1936.”

199 1833 177 41 “Notes
404 1836 95 39 and
530 1832 300 41 references”:
891 1843 42 38 p.
965 1832 216 41 171-176.

128 1888 52 52 ©
213 1892 115 46 July
362 1892 68 45 14,
463 1890 140 47 1936;
639 1891 68 39 2c.
744 1890 94 39 and
875 1890 81 41 aff.
989 1890 116 47 July
1139 1891 80 45 15;
1256 1891 39 39 A
1329 1889 171 48 97055;
1539 1891 280 40 Macmillan
1854 1902 66 30 co.

207 1947 278 48 (36-16375)

126 2050 263 65 Phillips,
417 2049 254 55 William
699 2049 258 65 Presley,
988 2055 171 51 1882-

197 2127 121 52 The
355 2145 194 50 young
586 2127 244 68 people’s
868 2127 361 67 department
1266 2127 63 52 of
1366 2128 94 52 the
1500 2128 236 69 Sunday
1773 2130 188 53 school
2024 2132 91 67 [by]

126 2203 1993 74 William P. Phillips … Nashville, Tenn., The Sunday school
127 2283 1606 71 board of the Southern Baptist convention [ c 1936]
199 2356 978 50 5 p. l. , [11]-140 p. incl. forms. 19 cm .
129 2410 52 53 ©
211 2416 112 45 May
353 2416 39 46 5,
424 2415 138 46 1936;
596 2415 66 40 2c.
694 2415 115 46 July
839 2416 51 39 8:
919 2415 82 39 aff.
1037 2415 115 47 July
1183 2415 52 45 9;
1271 2416 39 38 A
1340 2415 170 47 96336;
1547 2416 197 48 Sunday
1776 2418 160 39 school
1970 2418 153 41 board

198 2471 51 38 of
273 2471 80 39 the
379 2471 240 40 Southern
643 2470 196 48 Baptist
863 2470 299 41 convention.
1227 2471 279 48 (36-16374)

128 2574 295 64 Queneau,
449 2575 327 63 Raymond.

260 2648 1473 72 … Les derniers jours. Paris, Gallimard [1936]
197 2720 724 49 2 p. l. , 7-249 p., 1 l. 19 cm .
129 2776 1993 53 © Apr. 1, 1936; 1c. May 14; A-Foreign 31797; Librairie Gallimard.
208 2837 278 47 (36-16580)

127 2939 301 65 Reynaud,
456 2940 161 62 Paul,
650 2942 170 52 1878-

259 3018 1863 70 … Jeunesse, quelle France veux-tu? Dialogue avec le lecteur
126 3112 96 34 sur
252 3094 80 52 les
365 3094 167 52 crises
566 3101 52 46 et
651 3095 78 53 les
762 3094 289 54 réformes.
1126 3096 184 68 Paris,
1343 3097 323 55 Gallimard
1726 3103 150 64 [1936]

199 3166 69 50 95,
303 3167 54 50 [1]
390 3177 44 38 p.
493 3168 145 41 20½cm.

129 3220 1993 55 © Apr. 14, 1936; 1c. May 21; A- Foreign 31846; Librairie Gallimard.
209 3280 278 50 (36-16523)
1914 3285 121 43 6223

127 3380 261 66 Richter,
418 3383 244 54 Charles
689 3384 88 55 de.

262 3452 1858 77 … L’anneau de la mort, roman policier. Paris, Les Éditions
130 3533 69 53 de
226 3534 233 59 France,
489 3541 17 21 c
512 3537 148 51 1936.

200 3604 1657 55 2 p. l., 280 p., 1 l. 19 cm . (On cover : A ne pas lire la nuit)
129 3667 1879 57 © Apr. 25, 1936; 1c. May 21; A- Foreign 31869; Éditions de France.
209 3726 278 51 (36-16581)

129 3828 270 66 Roberts,
430 3831 170 63 Cecil,
632 3838 169 48 1892-

129 3904 1964 151 Gone afield, by Cecil Roberts … New York, London, D. Appleton-Century company, incorporated, 1936.
