2519 4377
1331 4163 102 49 254

432 550 26 41 9
486 562 44 29 v.
587 550 56 40 24
646 553 45 21 cm
696 584 9 9 .

430 608 157 40 These
615 608 278 48 pamphlets
924 619 83 29 are
1040 610 53 38 to
1120 608 56 40 be
1204 608 139 40 fitted
1375 608 102 41 into
1511 609 82 40 the
1622 609 204 48 pockets
1854 610 51 38 at
1938 608 86 40 the
2053 608 122 40 back
2206 608 54 40 of
2290 607 83 42 the

358 665 217 40 volumes
605 665 53 40 of
683 666 83 39 the
793 668 76 37 set
894 667 48 38 to
970 664 158 40 which
1159 665 114 47 they
1301 665 185 48 belong.

361 717 52 53 ©
456 722 109 40 Jan.
608 721 72 48 29,
722 720 141 48 1936;
908 721 67 40 2c.
1019 722 119 40 each
1180 722 97 39 and
1319 721 82 41 aff.
1446 722 109 40 Jan.
1599 721 82 47 31;
1727 722 40 38 A
1809 719 173 48 91564;
2028 721 233 47 Lawyers

429 732 1926 95 cooperative
708 779 109 48 pub.
851 789 66 29 co.
985 777 281 50 [Copyright
1299 779 40 38 is
1374 777 204 41 claimed
1613 789 59 29 on
1706 777 249 40 additions
1989 777 94 40 and
2117 777 254 50 revisions]

364 925 231 67 [Digest
632 926 65 54 of
732 927 96 54 the
863 926 218 56 United
1120 925 189 55 States
1349 927 276 67 Supreme

1661 932 162 48 court
1861 927 264 67 Reports]
2200 927 72 55 U.
2314 926 58 57 S.

430 1004 1945 69 digest word index. Supplement … [of v. 10] for use during
429 1083 1920 145 1936 … Rochester, N. Y., The Lawyers co-operative publishing company, 1935.
431 1235 85 40 162
545 1246 42 36 p.
645 1234 57 40 23½
735 1236 45 21 cm
784 1266 9 9 .

432 1291 119 41 This
592 1291 254 49 pamphlet
883 1291 45 40 is
966 1294 49 38 to
1056 1292 57 41 be
1153 1290 139 41 fitted
1334 1290 102 43 into
1479 1292 84 40 the
1602 1292 172 48 pocket
1816 1294 53 38 at
1911 1292 85 40 the
2035 1292 125 40 back
2200 1292 52 40 of
2293 1294 86 39 the

361 1350 191 39 volume
580 1349 52 40 of
659 1349 85 40 the
770 1351 77 37 set
872 1351 53 37 to
950 1348 160 40 which
1137 1347 41 41 it
1204 1348 211 48 belongs.

361 1401 55 54 ©
449 1406 110 40 Jan.
594 1405 71 48 29,
701 1404 141 43 1936:
878 1404 68 41 2c.
982 1406 99 38 and
1114 1404 82 41 aff.
1233 1405 110 39 Jan.
1379 1405 82 47 31;
1499 1406 41 38 A
1576 1405 171 46 91564;
1787 1405 231 48 Lawyers
2052 1405 327 47 co-operative

431 1464 110 47 pub.
572 1474 68 30 co.

360 1551 232 66 Dingle,
619 1552 285 65 Aylward
932 1552 275 63 Edward,
1238 1557 171 50 1874-

436 1629 268 56 Sinbad’s
755 1631 150 54 book
955 1629 64 54 of
1071 1630 232 68 pirates,
1357 1631 75 68 by
1488 1630 291 56 “Sinbad”
1844 1631 281 68 (Captain
2182 1633 70 52 A.
2309 1633 67 54 E.

364 1708 2012 71 Dingle) … with frontispiece in color and 36 illustrations.
364 1787 1837 71 Philadelphia, London, J. B. Lippincott company [ c 1936]
434 1862 101 49 289,
568 1862 56 51 [2]
651 1872 45 38 p.
757 1862 88 41 col.
872 1862 166 47 front.,
1067 1863 129 41 illus.
1257 1861 55 40 21
1316 1865 15 21 cm
1366 1894 8 8 .

365 1917 53 54 ©
456 1922 111 39 Feb.
605 1921 71 48 26,
716 1920 119 41 1936;
896 1920 68 40 2c.
1005 1921 97 40 and
1141 1920 83 41 aff.
1263 1921 122 40 Mar.
1425 1921 53 46 5;
1520 1922 42 38 A
1599 1919 172 44 93036:
1814 1921 43 40 J.
1897 1922 54 39 B.
1993 1919 279 50 Lippincott
2311 1933 66 30 co.

445 1977 254 50 (36-7392)

363 2068 283 64 Dobbins,
678 2068 221 54 Gaines
923 2067 264 64 Stanley,
1221 2073 170 49 1886-

435 2145 287 70 Working
751 2145 262 69 together
1042 2144 62 53 in
1137 2163 31 33 a
1198 2143 269 69 spiritual
1500 2144 363 70 democracy;
1897 2146 69 51 B.
1999 2146 71 51 A.
2102 2145 72 54 U.
2207 2146 172 68 study

366 2222 1990 152 course, by Gaines S. Dobbins … Nashville, Tenn., The Sunday
505 2303 1777 69 school board of the Southern Baptist convention [ c 1935]
436 2379 87 41 128
553 2390 45 38 p.
660 2378 56 41 19
720 2380 44 21 cm
768 2410 9 9 .

440 2436 192 42 “Books
667 2436 81 40 for
782 2436 197 41 further
1016 2436 205 49 reading
1256 2436 97 39 and
1389 2435 277 42 reference”
1704 2438 52 38 at
1792 2437 91 40 end
1921 2436 53 41 of
2009 2438 120 39 each
2165 2438 215 49 chapter.

368 2492 54 53 ©
452 2496 109 39 Jan.
594 2495 39 50 6,
666 2494 142 48 1936;
841 2495 67 40 2c.
943 2495 112 40 Feb.
1087 2495 53 47 3;
1175 2494 82 39 aff.
1292 2494 111 40 Feb.
1436 2494 52 41 1;
1520 2495 39 37 A
1592 2492 172 44 91569:
1803 2494 199 48 Sunday
2035 2495 163 40 school
2231 2495 153 41 board

438 2553 52 40 of
517 2554 84 39 the
630 2553 246 40 Southern
902 2551 200 49 Baptist
1129 2550 302 41 convention.
1500 2550 251 51 (36-7299)

367 2643 187 63 Dodd,
579 2644 141 52 Mrs.
745 2642 184 63 Ruth,
958 2647 172 50 1881-

437 2716 1948 71 The cocky cocker book … a cur-tailed history of li’l' Miss
368 2796 227 70 Muffet,
641 2797 77 69 by
767 2796 160 53 Ruth
975 2796 115 53 and
1138 2795 221 69 Loring
1408 2795 201 67 Dodd;
1661 2794 327 54 illustrated
2039 2796 76 70 by
2164 2796 220 69 Loring

367 2873 1356 71 Dodd. Boston, B. Humphries, inc. [ c 1934]
437 2951 26 39 7
488 2961 44 38 p.
595 2983 8 15 l.,
628 2949 130 50 9-84,
789 2950 55 50 [2]
871 2959 44 39 p.
977 2950 128 40 illus.
1165 2949 56 40 21
1225 2951 46 22 cm
1274 2982 10 9 .

441 3007 291 42 Illustrated
762 3007 364 48 lining-papers.

439 3065 184 41 Poems.

372 3121 53 53 ©
453 3127 112 39 Dec.
595 3126 70 46 13,
696 3124 141 48 1934;
868 3124 68 42 2c.
967 3126 122 40 Mar.
1120 3125 38 47 6,
1187 3123 140 47 1936;
1361 3123 81 41 aff.
1476 3125 121 39 Mar.
1628 3123 81 42 20:
1743 3125 40 38 A
1814 3123 172 50 93334;
2021 3126 132 41 Ruth
2185 3127 200 39 Esleeck

446 3184 139 38 Dodd
615 3184 97 38 and
741 3182 182 47 Loring
949 3182 199 39 Holmes
1178 3182 153 47 Dodd,
1362 3182 288 39 Worcester.
1718 3181 251 49 (36-7373)

376 3273 305 64 [Dunklee,
713 3272 251 55 Corinne
995 3271 215 67 Smith]
1246 3278 172 49 1882-

444 3349 1940 67 The new age Bible interpretation … The New Testament.
375 3428 270 67 Chicago,
671 3430 299 65 Aquarian
1000 3427 147 52 book
1173 3426 229 67 service,
1434 3431 149 50 1935.

444 3502 99 48 355,
580 3501 54 50 [2]
669 3511 42 38 p.
771 3500 165 47 front.,
969 3501 170 47 plates.
1201 3500 54 38 23
1259 3501 45 21 cm
1309 3531 8 8 .

376 3555 53 53 ©
468 3561 111 38 Dec.
617 3560 69 45 11,
725 3558 141 47 1935;
906 3557 66 41 2c.
1010 3559 111 37 Dec.
1160 3557 82 42 14;
1283 3556 82 41 aff.
1404 3558 111 38 Dec.
1554 3558 83 46 20;
1678 3558 38 37 A
1753 3555 172 43 90159:
1966 3558 117 39 New
2121 3568 89 37 age
2248 3558 140 41 Bible

446 3615 392 48 interpretation,
873 3615 116 39 New
1023 3614 145 40 York.

377 3678 261 63 Ehrlich,
667 3677 245 63 Walter,
945 3682 171 49 1896-

447 3755 118 53 Der
592 3753 130 54 sinn
752 3753 61 53 in
844 3754 101 52 der
974 3751 340 70 geschickte,
1343 3751 318 69 einleitung
1689 3752 58 51 in
1780 3752 91 53 die
376 3753 1986 148 transzendentalgeschichte,

751 3850 112 34 von
896 3832 222 54 Walter
1153 3831 259 52 Ehrlich.
1483 3829 226 70 Zürich,
1741 3831 254 52 Rascher
2028 3834 46 50 &
2107 3831 95 54 cie.
2239 3849 149 51 a.-g.,

383 3916 147 49 1935.

447 3985 70 48 41,
557 3986 56 48 [1]
649 3996 45 37 p.
755 3983 55 41 21
814 3986 44 21 cm
863 4016 8 9 .

380 4038 2007 53 © July 5, 1935: 1c. Nov. 30: A-Foreign 30231: Rascher & cie., a.-g.,
451 4100 179 46 verlag.
698 4098 253 49 (36-7285)
