2519 4377
1367 4147 99 51 918

566 566 8 15 xxv,
606 532 87 42 230
725 544 43 38 p.
828 532 56 41 21
888 535 44 22 cm
937 565 8 9 .

465 596 129 43 “The
629 596 291 42 ‘Catechism
953 597 52 41 of
1035 598 294 49 psychology
1360 598 81 41 for
1472 598 186 42 nurses’
1691 608 102 31 was
1825 600 165 48 partly
2023 600 251 41 rewritten
2307 600 95 40 and

392 655 42 40 is
465 655 240 41 herewith
734 654 257 50 published
1022 666 55 30 as
1107 666 28 30 a
1166 656 175 40 second
1372 656 203 41 distinct
1604 656 455 42 book.”—Writer’s
2089 656 258 43 foreword.

465 712 346 50 “Advertising
841 711 278 43 Catechism
1151 713 51 41 of
1231 714 294 49 psychology
1554 713 79 41 for
1663 724 186 39 nurses,
1883 724 29 31 a
1942 714 88 41 list
2059 714 51 41 of
2141 714 232 42 reviews”;

392 781 43 38 p.
464 769 221 42 228-230.

467 825 68 40 “A
562 827 130 41 brief
718 827 85 41 list
831 827 52 42 of
911 826 223 43 Catholic
1160 827 361 50 psychological
1547 828 178 42 books”;
1783 839 44 39 p.
1855 826 220 43 226-227.

395 895 53 54 ©
479 901 128 39 June
639 900 70 47 19,
742 898 141 49 1936;
918 899 67 41 2c.
1019 901 128 39 June
1178 897 82 51 22;
1297 900 82 41 aff.
1414 901 127 39 June
1568 900 84 47 24;
1688 902 43 38 A
1762 899 174 49 96145;
1973 901 51 40 P.
2057 901 44 41 J.
2135 900 202 48 Kenedy
2371 901 39 41 &

465 968 126 30 sons.
662 956 282 50 (36-15226)

393 1060 154 64 Dull,
576 1061 247 54 Charles
853 1060 69 54 El
926 1062 182 65 wood,
1140 1063 171 54 1878-

466 1139 247 54 Modern
750 1138 327 70 chemistry,
1113 1139 76 68 by
1228 1138 239 56 Charles
1504 1140 68 53 E.
1612 1139 143 53 Dull
1799 1182 56 11 ...
1932 1138 142 55 New
2112 1138 181 68 York,
2330 1138 77 54 H.

396 1217 147 53 Holt
575 1217 114 54 and
722 1235 282 51 company
1042 1250 13 35 [
1059 1223 18 23 c
1082 1220 154 65 1936]

467 1289 1526 53 1 p. l., v-xii, 745, xxxii p. illus., col. pl., diagrs. 19½cm.
467 1348 175 43 Tables
676 1360 62 30 on
768 1349 365 50 lining-papers.

397 1417 54 54 ©
485 1421 116 47 July
633 1422 41 48 1,
709 1420 142 49 1936;
890 1420 67 42 2c.
994 1421 96 39 and
1123 1421 82 41 aff.
1241 1421 117 47 July
1390 1421 54 48 9;
1483 1422 44 39 A
1557 1420 172 49 96867;
1768 1422 170 47 Henry
1974 1421 121 41 Holt
2130 1421 36 41 &
2200 1430 82 39 co.,
2318 1421 92 41 inc.

471 1478 285 50 [Copyright
780 1477 43 40 is
847 1478 207 39 claimed
1078 1488 61 30 on
1163 1477 213 40 revision
1402 1478 97 39 and
1526 1478 262 50 additions]
1856 1477 258 50 (36-15367
2125 1478 13 48 )

398 1582 321 67 Edginton,
744 1583 186 54 Helen
958 1582 250 65 Marion,
1238 1588 171 51 1883-

397 1660 1990 144 Favorite wife, by May Edginton ... New York, The Macaulay company [ c 1936]
469 1813 86 42 320
586 1826 45 38 p.
692 1814 57 40 19½cm.

401 1882 54 54 ©
494 1886 117 48 July
650 1887 40 48 7,
730 1886 118 40 1936;
913 1885 67 42 2c.
1022 1886 95 39 and
1158 1886 81 39 aff.
1282 1887 116 47 July
1437 1885 52 48 9;
1532 1887 42 38 A
1612 1885 172 49 97063;
1827 1886 159 40 Helen
2023 1884 191 42 Marion
2255 1884 159 50 Baily,

471 1944 214 41 London.
751 1943 283 49 (36-15377)

401 2048 353 61 Erlandson,
784 2048 184 54 Oscar
996 2048 58 54 S.

474 2166 57 10 ...
570 2123 310 70 Highland
913 2141 187 50 moon,
1135 2124 114 53 and
1287 2124 162 53 other
1487 2142 211 50 poems,
1733 2123 76 70 by
1847 2122 180 56 Oscar
2068 2121 57 57 S.
399 2122 1989 135 Erlandson
561 2202 150 68 (The

759 2202 168 70 rajah
977 2202 65 55 of
1089 2201 292 71 Lexhaus)
1477 2201 430 70 Philadelphia,
1956 2202 294 53 Dorrance
2299 2200 111 54 and

400 2300 284 53 company
717 2316 13 33 [
734 2288 18 21 c
757 2285 154 64 1936]

471 2356 56 41 53
567 2368 42 37 p.
672 2357 58 40 19½
762 2359 45 21 cm
810 2388 8 7 .
891 2355 408 50 (Contemporary
1337 2357 138 46 poets
1516 2355 52 40 of
1604 2354 265 41 Dorrance.
1929 2353 111 50 147)

403 2426 54 54 ©
484 2431 115 46 May
624 2428 42 49 9,
694 2429 114 41 1936;
862 2429 68 41 2c.
958 2428 95 40 and
1083 2427 81 42 aff.
1193 2428 128 40 June
1347 2426 55 40 22;
1461 2428 42 38 A
1529 2426 144 41 96092;
1732 2427 252 39 Dorrance
2012 2426 39 41 &
2076 2435 83 39 co.,
2189 2426 89 38 inc.

486 2486 283 49 (36-15414)

405 2594 144 63 Fay,
578 2591 312 56 Gabrielle.

475 2672 206 51 Poems
724 2669 64 54 of
831 2670 98 52 the
971 2669 136 53 four
1147 2685 243 50 seasons,
1433 2669 75 66 by
1552 2667 292 55 Gabrielle
1884 2668 142 65 Fay.
2103 2664 315 68 Brooklyn,

406 2751 69 52 N.
503 2750 91 65 Y.,
619 2749 123 53 The
766 2750 241 51 Preston
1032 2765 158 49 press
1221 2782 13 32 [
1239 2753 18 22 c
1262 2749 133 50 1935
1403 2780 12 33 ]

481 2822 84 51 [40]
595 2832 44 38 p.
696 2821 60 41 20
754 2823 46 22 cm
805 2853 7 8 .

408 2888 53 54 ©
505 2893 128 48 Sept.
675 2893 69 45 17,
785 2890 140 49 1935;
970 2890 67 44 2c.
1080 2891 97 40 and
1220 2890 81 40 aff.
1348 2890 129 48 Sept.
1520 2888 82 48 19;
1649 2889 40 40 A
1732 2886 170 49 86369;
1948 2885 207 50 Georgia
2199 2887 220 47 Preston,

479 2950 262 47 Brooklyn.
802 2948 283 49 (36-16678)

408 3055 361 63 Fergusson,
795 3054 261 63 Harvey,
1087 3057 170 50 1890-

479 3129 313 54 Followers
822 3128 65 54 of
915 3128 94 53 the
1040 3147 124 48 sun,
1197 3146 31 34 a
1258 3127 218 69 trilogy
1507 3125 65 54 of
1601 3126 94 52 the
1729 3124 180 56 Santa
1942 3124 84 53 Fé
2057 3123 136 54 trail;
2254 3122 163 55 Wolf

407 3225 159 53 song,
600 3208 74 52 In
708 3207 159 54 those
903 3207 159 69 days,
1095 3206 122 52 The
1248 3205 172 53 blood
1455 3203 65 55 of
1551 3204 94 52 the
1679 3219 357 52 conquerors,
2069 3201 75 70 by
2179 3200 239 69 Harvey

409 3286 340 69 Fergusson.
813 3285 138 52 New
979 3283 180 69 York,
1187 3283 69 54 A.
1283 3283 71 54 A.
1382 3281 227 69 Knopf,
1639 3284 150 51 1936.

483 3360 114 51 [756]
629 3371 44 38 p.
735 3359 56 41 19½
840 3361 27 21 m
872 3390 8 9 .

479 3418 210 40 Various
719 3416 218 48 pagings.

413 3488 53 53 ©
498 3491 116 47 July
646 3491 69 46 13,
749 3489 141 47 1936;
925 3489 68 40 2c.
1026 3487 95 40 and
1155 3486 82 42 aff.
1273 3487 116 47 July
1423 3486 81 43 15;
1542 3487 42 37 A
1614 3484 172 48 97038;
1822 3483 176 41 Alfred
2030 3484 54 40 A.
2116 3481 180 49 Knopf,
2329 3480 93 41 inc.

484 3547 283 52 [Copyright
797 3547 42 39 is
868 3545 207 41 claimed
1106 3555 59 30 on
1195 3554 105 30 new
1330 3541 347 52 introduction]
1749 3539 282 52 (36-15256)

413 3652 291 63 Fletcher,
736 3650 198 54 Frank
964 3649 245 64 Morley,
1242 3653 171 50 1866-

487 3727 460 56 Colour-control;
1013 3728 96 52 the
1146 3724 395 70 organization
1579 3725 111 51 and
1726 3723 219 53 control
1983 3719 63 55 of
2078 3722 95 51 the
2209 3719 212 54 artist’s

416 3810 228 65 palette,
671 3807 76 68 by
772 3806 199 53 Frank
994 3806 224 67 Morley
1242 3803 266 54 Fletcher
1537 3847 56 10 ...
1672 3803 258 65 London,
1954 3800 188 54 Faber
2167 3802 46 51 &
2236 3799 186 53 Faber

413 3886 224 54 limited
696 3889 134 50 [1936]

488 3957 563 51 2 p. l., 7-80 p. 23 cm .
415 4026 53 53 ©
521 4039 37 32 1c.
584 4030 128 39 June
736 4027 69 48 29,
830 4028 140 46 1936;
1000 4029 39 37 A
1066 4026 60 40 ad
1154 4026 85 41 int.
1267 4026 170 47 21576;
1465 4024 144 49 pubd.
1640 4025 112 46 May
1779 4023 82 47 21;
1891 4023 50 38 F.
1973 4022 60 40 M.
2062 4019 238 48 Fletcher,
2329 4020 93 39 Los

488 4085 221 41 Angeles.
776 4084 281 42 (36-36006)
