2519 4377
1077 4074 134 55 1547

141 415 252 63 Neifeld,
418 415 216 53 Morris
660 416 67 53 R.

216 490 375 68 Cooperative
615 506 293 37 consumer
932 487 208 68 credit;
1167 487 139 55 with
1331 486 209 68 special
1567 485 288 54 reference
1877 490 58 48 to
1961 485 182 53 credit

144 563 1997 73 unions, by M. R. Neifeld … New York and London, Harper &
144 646 274 65 brothers,
450 648 150 49 1936.

246 716 571 51 x p., 1 l., 223 p. 22cm.
216 787 161 41 “First
405 786 225 42 edition.”

216 843 349 48 Bibliography:
643 852 43 38 p.
736 841 202 41 206-211;
1019 841 196 41 “Credit
1265 841 171 40 unions
1486 842 95 39 and
1634 842 183 40 related
1865 840 245 48 subjects”:

145 912 40 35 p.
219 899 216 41 212-213.

146 964 52 54 ©
226 969 101 41 Oct.
355 968 69 48 20,
453 966 140 49 1936;
622 968 67 40 2c.
720 966 101 42 Oct.
850 966 46 39 21:
963 966 80 40 aff.
1075 966 102 42 Oct.
1206 965 82 44 22;
1320 969 38 38 A
1388 965 199 44 100037;
1622 969 192 47 Harper
1845 968 34 39 &
1910 966 124 42 bros.

226 1025 280 46 (36-25834)

143 1130 243 64 Nevins,
416 1128 190 64 Allan,
637 1133 171 50 1890-

212 1207 302 53 Hamilton
549 1207 167 65 Fish;
753 1206 94 53 the
881 1204 162 53 inner
1078 1205 219 68 history
1332 1206 63 52 of
1428 1207 93 52 the
1559 1205 185 55 Grant
145 1206 1973 135 administration.

316 1283 1456 69 by Allan Nevins … with an introduction by
142 1285 1977 144 John Bassett Moore … New York, Dodd, Mead & company, 1936.
213 1448 99 49 xxi,
339 1447 86 41 932
451 1459 42 39 p.
549 1447 164 49 front.,
742 1447 127 41 illus.
900 1447 131 49 (coat
1060 1447 50 41 of
1137 1448 156 47 arms)
1330 1448 171 48 plates,
1531 1449 163 48 ports.,
1722 1447 190 42 facsim.
1969 1447 117 45 24cm.

146 1515 53 53 ©
225 1519 101 40 Oct.
353 1517 69 48 26,
453 1517 139 47 1936;
621 1517 66 40 2c.
718 1517 93 40 and
840 1517 80 39 aff.
951 1517 101 41 Oct.
1081 1516 48 39 31:
1195 1519 37 37 A
1263 1515 198 43 100170;
1493 1520 52 38 A.
1621 1517 148 45 Nevins,
1844 1528 70 30 New
1944 1518 143 39 York.

227 1574 279 51 (36-25881)

143 1682 142 52 New
313 1681 180 52 York.
568 1682 271 51 Museum
869 1680 63 52 of
962 1680 240 52 modern
1232 1685 113 50 art.

215 1759 136 52 New
399 1754 264 56 horizons
708 1756 56 53 in
811 1755 305 54 American
1163 1763 117 59 art;
1330 1757 138 52 with
1515 1775 70 34 an
1637 1758 386 52 introduction
2073 1759 71 66 by

145 1833 2001 71 Holger Cahill … New York, The Museum of modern art,
147 1917 146 51 1936.

214 1988 98 48 171,
346 1988 54 49 [1]
432 1997 42 38 p.
504 1985 107 41 incl.
642 1986 171 49 plates.
873 1985 116 41 26cm.

217 2057 182 40 “Three
426 2056 240 41 thousand
695 2056 157 47 copies
878 2056 52 40 of
957 2055 96 42 this
1081 2056 191 47 catalog
1297 2066 124 31 were
1449 2054 237 50 printed.”

216 2112 309 41 “Exhibition
553 2112 52 41 of
631 2113 134 39 work
790 2113 121 40 done
938 2113 153 39 under
1118 2112 81 40 the
1228 2112 203 40 Federal
1462 2116 77 38 art
1568 2112 184 49 project
1782 2112 53 41 of
1861 2114 80 40 the
1972 2113 172 41 Works

147 2167 1998 52 progress administration … a documented survey of one year’s activity.”—
145 2227 268 42 Foreword.

149 2292 52 53 ©
232 2296 126 48 Sept.
390 2296 67 47 14,
487 2295 139 48 1936;
660 2295 66 41 2c.
758 2296 93 39 and
883 2296 82 41 aff.
997 2296 101 41 Oct.
1131 2297 50 46 1;
1215 2298 37 37 A
1283 2294 171 45 98740;
1490 2297 218 38 Museum
1744 2295 50 40 of
1826 2295 197 40 modern
2054 2299 90 37 art.

229 2352 280 42 (36-25223)

144 2457 260 65 Nichols,
431 2460 137 51 Mrs.
596 2456 164 54 Ruth
788 2457 352 56 Alexander.

216 2531 224 69 Babies,
468 2532 75 68 by
573 2532 160 53 Ruth
764 2531 328 54 Alexander
1126 2531 250 54 Nichols.
1452 2531 137 53 New
1625 2532 178 68 York,
1834 2533 126 53 The

147 2533 1974 130 Macmillan
380 2626 297 52 company,
713 2612 148 51 1936.

221 2680 83 50 [48]
341 2691 42 38 p.
443 2680 128 40 illus.
632 2680 238 40 22×24cm.

218 2749 287 41 Illustrated
544 2752 97 45 t.-p.

149 2816 53 54 ©
229 2821 100 42 Oct.
357 2820 69 48 20,
457 2820 113 42 1936;
627 2822 67 40 2c.
723 2822 94 39 and
848 2822 80 41 aff.
959 2823 101 40 Oct.
1089 2824 54 36 21;
1202 2825 38 37 A
1270 2822 143 40 99447;
1475 2824 52 40 R.
1558 2825 51 40 A.
1686 2823 165 49 Nichols,
1883 2824 262 45 Westfield,

267 2911 6 7 N.
304 2879 42 41 J.
418 2878 281 50 (36-25241)

149 2982 165 53 Ohio.
392 2984 403 52 Constitution.

219 3061 118 52 The
368 3060 389 55 Constitution
786 3060 62 53 of
877 3062 93 51 the
1001 3067 141 47 state
1173 3062 61 51 of
1267 3061 168 67 Ohio,
1466 3063 325 67 annotated,
1826 3066 151 62 1936,
2009 3063 136 53 with

151 3138 74 53 all
266 3140 386 51 amendments
690 3139 109 51 and
841 3140 362 53 annotations
1239 3146 57 48 to
1334 3142 262 65 January
1637 3146 44 50 1,
1725 3144 145 50 1936.
1946 3142 198 52 Issued

150 3216 1996 71 by George S. Myers, secretary of state … Cleveland, O.,
151 3294 487 52 Banks-Baldwin
664 3294 107 52 law
800 3294 333 67 publishing
1158 3314 295 49 company.
1480 3300 172 48 c1936.

225 3378 502 48 l p. l., 62 p. 27cm.
152 3444 53 53 ©
235 3451 113 45 Apr.
379 3448 67 43 29.
481 3447 139 48 1936;
656 3448 67 40 2c.
756 3450 112 46 May
898 3450 53 41 4;
986 3450 80 41 aff.
1100 3451 112 46 May
1244 3452 52 39 2;
1330 3453 36 37 A
1399 3451 170 41 93972:
1608 3452 409 40 Banks-Baldwin
2055 3454 91 39 law

224 3506 106 48 pub.
359 3514 67 31 co.
497 3504 280 48 (36-27833)

148 3608 213 64 Oliver,
392 3610 193 52 Peter.

219 3687 53 50 A
308 3704 120 35 new
466 3687 282 53 chronicle
786 3687 62 52 of
885 3688 122 52 The
1043 3689 280 66 compleat
1362 3689 214 67 angler,
1612 3691 73 65 by
1723 3693 168 50 Peter
1930 3689 214 56 Oliver.

150 3764 136 51 New
321 3764 177 64 York,
530 3764 124 53 The
684 3764 228 66 Paisley
943 3782 173 50 press,
1149 3766 133 65 inc.;
1319 3767 256 66 London,
1606 3767 286 56 Williams
1922 3772 46 50 &
148 3769 1973 137 Norgate,
322 3840 122 64 ltd.,
475 3843 147 51 1936.

218 3911 1665 54 4 p. l., vii-xv p., 1 l., 301, [1] p. front, (port.) facsims. 24½cm.
222 3967 328 50 Frontispiece
577 3970 342 47 accompanied
947 3971 60 47 by
1035 3972 154 48 guard
1217 3974 136 41 sheet
1380 3973 118 41 with
1527 3974 293 49 descriptive
1847 3975 297 50 letterpress.
