2519 4377
1050 4090 132 53 1773

102 426 293 62 Sanblom,
421 427 137 51 Mrs.
583 423 161 54 Lola.

173 500 230 53 Buffalo
451 500 120 66 sod,
616 499 76 67 by
738 498 142 53 Lola
930 497 300 68 Sanblom;
1282 514 163 35 cover
1492 495 198 70 design
1740 496 73 67 by
1864 494 238 55 Charles

104 579 219 54 Owens.
400 575 294 67 Glendale,
730 574 173 56 Calif.
944 572 258 71 [Pioneer
1238 571 264 71 printing
1536 591 97 49 co.]
1676 575 149 51 1936.

174 648 68 48 85,
279 649 54 49 [1]
371 658 42 38 p.
477 646 57 41 20½cm.

176 705 91 41 “Of
303 704 99 41 this
435 704 190 39 volume
659 702 92 41 five
788 702 220 40 hundred
1044 701 159 48 copies
1237 702 124 40 have
1394 702 118 40 been
1550 701 235 48 printed.”

174 762 184 39 Poems.

105 830 53 54 ©
196 834 100 41 Oct.
335 834 39 47 9,
415 832 138 40 1930:
595 831 69 41 2c.
702 832 94 38 and
836 831 81 40 aff.
957 831 102 39 Oct.
1104 829 75 42 19;
1220 831 39 38 A
1296 828 172 42 98976:
1511 830 114 38 Lola
1666 830 155 39 Marie
1863 830 244 47 Sanblom,

177 890 247 47 Glendale,
448 888 142 43 Calif.
653 886 282 50 (36-33955)

105 995 182 63 Scott,
314 995 202 62 Harry
540 992 291 62 Fletcher,
860 997 171 50 1869-

237 1068 1868 68 … Latin book one. by Harry Fletcher Scott and Annabel
105 1152 182 51 Horn.
365 1147 269 68 Chicago,
668 1147 242 53 Atlanta
949 1150 137 64 [etc.]
1128 1146 175 55 Scott.
1339 1148 307 51 Foresman
1683 1147 111 53 and
1828 1165 279 50 company

0 0 0 0 [ c 1936]
176 1298 84 41 448
297 1310 43 38 p.
407 1298 127 40 illus.
585 1298 132 49 (incl.
760 1308 162 37 maps;
962 1299 113 46 part
1114 1297 112 49 col.)
1301 1296 56 39 23
1360 1299 46 21 cm
1410 1327 7 8 .
1497 1296 298 50 (Language,
1840 1297 269 46 literature,

105 1355 95 39 and
227 1353 116 48 life;
377 1363 28 30 a
433 1352 191 48 foreign
658 1353 239 47 language
927 1352 251 48 program)

177 1410 287 40 Illustrated
498 1409 365 47 lining-papers.

178 1466 172 41 “Latin
387 1464 171 49 songs”
604 1464 185 49 (words
822 1465 97 40 and
955 1463 178 48 music):
1207 1465 123 40 book
1364 1465 40 48 1,
1440 1476 43 37 p.
1518 1464 219 42 411-414.

178 1521 1930 48 Include “essays in English, dealing with … Roman civilization.”—
108 1579 128 42 Pref.

179 1636 173 41 “Latin
384 1635 122 41 book
534 1644 90 31 one
656 1634 43 41 is
732 1645 28 29 a
793 1633 210 41 revision
1037 1634 51 40 of
1121 1634 134 41 First
1288 1634 145 41 Latin
1465 1636 199 49 lessons,
1700 1636 232 42 revised.”

109 1705 53 53 ©
194 1711 121 39 Mar.
344 1707 69 51 23,
443 1707 141 47 1936;
616 1708 69 41 2c.
716 1707 95 40 and
842 1706 81 41 aff.
956 1708 121 38 Mar.
1103 1697 85 51 55;
1222 1708 39 38 A
1291 1706 171 48 92522;
1499 1708 147 45 Scott,
1682 1709 264 39 Foresman
1978 1711 37 39 &
2044 1721 67 29 co.

183 1765 278 51 iCopyright
488 1765 41 39 is
556 1764 207 40 claimed
790 1774 57 28 on
877 1764 224 49 changes]
1170 1762 281 49 (36-33954)

107 1869 308 64 Sergeant,
440 1866 192 66 Philip
659 1865 429 66 Walsingham,
1115 1867 173 55 1872-

176 1942 252 55 Witches
462 1943 113 53 and
609 1942 294 68 warlocks,
936 1941 77 70 by
1045 1939 201 71 Philip
1281 1942 92 54 W.
1412 1941 307 71 Sergeant;
1755 1944 140 53 with
107 1943 1978 131 introduction
381 2020 77 69 by
495 2020 227 53 Arthur
762 2020 273 67 Machen;
1083 2019 140 53 with
1266 2019 65 54 17
1375 2019 396 57 illustrations.
1849 2022 260 69 London,

109 2098 361 53 Hutchinson
501 2100 46 50 &
577 2116 99 49 co.,
703 2098 104 53 ltd.
866 2099 135 51 [1936]

178 2170 85 41 290
294 2181 44 38 p.
397 2172 162 45 front.,
593 2171 173 48 plates,
798 2173 149 46 ports.
1005 2169 56 40 22
1066 2172 44 23 cm
1116 2203 7 8 .

112 2239 52 54 ©
188 2243 66 41 1c.
276 2244 117 40 Nov.
419 2242 69 49 21,
513 2241 141 48 1936;
683 2243 40 39 A
748 2242 59 39 ad
833 2241 85 40 int.
944 2241 171 48 22047;
1142 2242 140 49 pubd.
1314 2244 127 48 Sept.
1466 2242 84 50 28;
1579 2245 130 41 John
1735 2246 42 41 J.
1804 2246 309 51 Trounstine,

183 2301 117 39 New
324 2301 144 39 York.
534 2298 282 49 (36-35589)

112 2403 208 65 Sharp,
348 2404 154 53 John
530 2404 185 64 Kean,
745 2408 172 50 1892-

182 2480 292 70 Teaching
499 2482 113 52 and
642 2479 314 69 preaching
984 2479 243 70 religion
1256 2487 57 48 to
1340 2482 285 69 children;
1656 2504 32 33 a
1716 2485 306 55 handbook
2051 2489 62 53 of

116 2557 1996 157 practical procedure for those who instruct the young in religion, by Rev. John K. Sharp … New York, P. J. Kenedy
113 2719 111 52 and
253 2733 128 37 sons
414 2749 12 34 [
429 2721 20 22 c
455 2719 151 64 1936]

185 2786 481 51 x p., 1l., 155 p. 19½cm.
116 2856 53 54 ©
204 2860 100 41 Oct.
338 2858 69 50 21,
442 2857 141 50 1936;
618 2857 68 42 2c.
721 2859 92 37 and
851 2859 233 40 aff.,Nov.
1119 2858 53 43 9;
1209 2861 40 38 A
1286 2859 197 44 100380;
1519 2863 49 41 P.
1605 2863 43 41 J.
1685 2864 200 41 Kenedv
1920 2868 35 39 &
1991 2878 125 29 sons.

196 2915 280 49 (36-33927)

116 3019 266 66 Sinclair,
411 3019 245 55 Charles
684 3020 245 65 George,
959 3025 170 50 1889-

121 3096 1996 145 Microbiology and elementary pathology, by Charles G. Sinclair … with 102 illustrations, some in colors. 3d rev. ed.
121 3248 422 71 Philadelphia,
572 3252 64 51 F.
666 3252 71 51 A.
768 3251 183 55 Davis
978 3269 297 52 company,
1306 3257 150 52 1936.

186 3326 85 39 377
300 3336 41 38 p.
401 3325 141 48 illus.,
572 3326 84 39 col.
687 3326 171 48 plates,
887 3325 178 49 diagrs.
1125 3326 56 39 22
1183 3328 45 22 cm
1231 3358 8 7 .

189 3380 232 42 Previous
451 3380 208 41 editions
693 3381 126 41 have
850 3382 135 40 title:
1024 3381 340 51 Microbiology
1399 3386 94 40 and
1528 3387 296 50 elementary
1859 3392 259 50 pathology

120 3437 74 41 for
223 3438 80 41 the
329 3448 85 30 use
440 3437 52 41 of
516 3446 185 32 nurses.

120 3504 53 53 ©
197 3509 117 43 Aug.
342 3507 39 48 6,
409 3507 140 44 1936;
579 3506 65 41 2c.
676 3509 114 39 Nov.
819 3508 80 42 12:
931 3509 80 41 aff.
1040 3510 116 42 Nov.
1185 3509 82 44 13:
1297 3512 38 39 A
1365 3511 170 49 99890;
1568 3514 50 41 F.
1647 3516 53 39 A.
1732 3517 151 40 Davis
1912 3531 53 27 co

201 3564 279 45 (36-34129)

120 3668 228 64 Singer,
377 3667 285 64 Caroline,
692 3674 170 50 1888-

192 3744 150 52 Half
378 3744 96 54 the
511 3745 181 53 world
731 3745 49 53 is
816 3744 262 70 Isfahan,
1115 3747 75 67 by
1231 3747 268 57 Caroline
1538 3751 206 71 Singer
1784 3758 111 52 and
1938 3757 182 70 Cyrus

124 3823 204 66 LeRoy
377 3822 331 68 Baldridge.
801 3823 138 52 New
990 3824 179 67 York,
1218 3826 258 66 London,
1527 3829 226 56 Oxford
1806 3836 315 69 university

125 3918 169 48 press,
326 3901 147 51 1936.

192 3973 26 38 2
243 3983 44 37 p.
315 3954 48 57 1.1
390 3971 98 48 153,
521 3973 54 49 [1]
608 3983 41 37 p.
710 3973 87 40 col.
826 3973 162 47 front.,
1018 3974 143 48 illus.,
1189 3976 84 40 col.
1304 3977 171 48 plates.
1534 3980 57 41 32
1592 3984 45 20 cm
1640 4012 9 9 .

194 4029 137 47 Maps
362 4038 58 31 on
453 4027 359 50 lining-papers.
