2519 4377
1258 4200 135 50 1684

319 585 2022 147 von dr. Reinhard Höhn … Hamburg, Hanseatische verlags-anstalt [ c 1936]
389 733 85 41 161
518 745 44 37 p.
623 734 58 40 24
684 736 44 22 cm
734 767 8 9 .
840 737 174 42 (Added
1055 741 122 46 t.-p.:
1222 737 662 42 Rechtswissenschaftliche
1928 738 404 50 abhandlungen)

320 790 2026 111 © Apr. 15, 1936; 1c. July 17; A-Foreign 32521; Hanseatische verlags-anstalt, a.-g. (36-31757)
318 958 278 65 Howard,
637 959 181 54 Esme
855 957 259 57 William
1155 960 278 66 Howard,
1511 978 159 51 baron,
1711 965 174 51 1863-

390 1039 248 52 Theatre
664 1038 63 53 of
751 1038 125 68 life,
900 1040 75 66 by
998 1040 157 53 Lord
1179 1040 261 53 Howard
1465 1040 63 52 of
1553 1042 260 53 Penrith.
1940 1083 10 9 [v.
1976 1044 51 64 2]
2057 1041 136 54 Life
2217 1060 130 36 seen

320 1116 153 54 from
510 1118 98 52 the
642 1118 179 65 stalls,
860 1121 329 51 1905-1936.
1264 1119 262 68 London,
1561 1120 243 52 Hodder
1843 1120 115 53 and
1999 1119 347 69 Stoughton,

318 1195 224 54 limited
574 1199 175 64 [1936]

391 1268 26 41 3
444 1280 43 37 p.
535 1299 25 17 l.,
587 1268 148 42 9-663
761 1280 44 38 p.
862 1269 165 50 front.,
1055 1271 176 48 plates,
1260 1272 166 49 ports.,
1456 1271 118 41 fold.
1604 1282 126 38 map.
1788 1270 57 41 23
1848 1274 46 21 cm
1898 1304 7 8 .

389 1326 420 49 Autobiography.

320 1380 2025 55 © 1c. Dec. 23, 1936; A ad int. 22267; pubd. Oct. 29; Esme Howard,
391 1442 215 40 London.

317 1546 321 64 Hutchins,
664 1547 224 54 Robert
913 1548 313 67 Maynard,
1254 1553 173 50 1899-

389 1628 122 52 The
535 1627 208 68 higher
766 1627 268 67 learning
1056 1629 60 52 in
1144 1627 287 67 America,
1457 1628 75 67 by
1559 1628 216 54 Robert
1800 1629 293 67 Maynard
317 1629 2003 130 Hutchins.
490 1706 140 52 New
662 1707 227 66 Haven,
922 1706 146 53 Yale
1098 1705 321 69 university
1450 1724 187 50 press;
1671 1706 262 69 London,
1962 1708 80 53 H.
2076 1706 269 71 Milford,

318 1785 232 54 Oxford
577 1785 322 67 university
925 1803 177 49 press,
1131 1788 151 51 1936.

389 1857 1487 51 4 p. l., 119 p. 21 cm . [Storrs lectures. Yale university]
319 1911 53 53 ©
401 1916 103 40 Oct.
532 1915 70 48 20,
632 1914 143 49 1936;
805 1914 69 42 2c.
902 1916 119 40 Nov.
1050 1914 53 43 4;
1136 1915 81 39 aff.
1248 1915 102 41 Oct.
1380 1915 83 47 31;
1495 1917 40 38 A
1564 1914 201 44 100265;
1798 1916 121 39 Yale
1946 1915 132 41 univ.
2107 1925 153 40 press.

400 1972 285 50 (36-27474)

318 2077 400 67 Hutchinson,
743 2079 133 64 Ray
901 2079 282 64 Coryton,
1212 2080 173 54 1907-

391 2154 253 71 Shining
685 2155 308 70 scabbard;
1036 2175 31 35 a
1106 2161 159 64 story
1304 2156 76 68 by
1420 2157 69 53 R.
1533 2157 63 55 C.
1638 2157 386 54 Hutchinson.
2101 2159 239 52 London

341 2241 120 65 [etc.]
500 2235 220 56 Cassell
751 2237 113 54 and
893 2254 301 52 company,
1221 2235 226 56 limited
1504 2240 153 65 [1936]

390 2310 471 50 3 p. l., 506 p. 20½cm.
319 2366 2025 53 © 1c. Nov. 9, 1936; A ad int. 21980; pubd. Sept. 10; R. C. Hutchinson,
390 2428 207 48 Birdlip,
639 2427 299 49 Gloucester,
975 2427 240 48 England.
1291 2425 284 51 (36-31785)

317 2532 242 54 Illinois.
634 2533 315 66 Appellate
977 2538 189 47 courts.

318 2608 2025 148 Reports of cases determined … with a directory of the judiciary of the state and abstracts of cases designated by the
317 2766 2001 227 courts as not to be reported in full. v. 285, A. D. 1936 … Reported by Basil Jones and J. M. Henderson. Chicago, Callaghan & company, 1936.
390 2999 122 47 lxiii,
545 2998 85 40 625
661 3009 44 38 p.
765 2997 58 41 23
826 3001 46 21 cm
876 3031 9 8 .

318 3052 53 53 ©
405 3057 111 38 Dec.
551 3055 68 50 10,
653 3054 144 49 1936;
831 3054 67 40 2c.
933 3054 96 40 and
1063 3054 81 40 aff.
1179 3056 112 38 Dec.
1326 3053 81 46 14;
1443 3055 40 38 A
1517 3053 175 40 101278;
1756 3054 274 47 Callaghan
2063 3055 36 40 &
2132 3064 67 32 co.

318 3201 2021 226 International clinics; a quarterly of illustrated clinical lectures and especially prepared original articles … By leading members of the medical profession throughout the world.
391 3437 1947 68 Edited by Louis Hamman, M. D. … with the collaboration
389 3514 1888 69 of Francis Gilman Blake, M. D. … Vernon C. David, M. D. …
388 3593 1925 148 [and others] volume 4. Forty-sixth series, 1936. Philadelphia, Montreal [etc.] J. B. Lippincott company [ c 1936]
390 3746 101 49 viii,
521 3746 86 40 352
636 3757 44 37 p.
739 3747 86 41 col.
856 3746 164 48 front.,
1050 3746 174 49 plates,
1256 3745 171 43 tables,
1459 3745 180 47 diagrs.
1698 3744 57 40 23
1758 3748 44 20 cm
1807 3778 8 7 .

320 3799 52 53 ©
400 3804 117 39 Nov.
547 3803 69 48 27,
647 3802 116 41 1936;
821 3802 67 42 2c.
918 3803 96 40 and
1044 3803 81 39 aff.
1156 3804 113 38 Dec.
1298 3801 54 43 2;
1385 3803 39 38 A
1455 3801 201 42 100824;
1688 3803 44 40 J.
1763 3804 53 37 B.
1851 3801 281 49 Lippincott
2158 3811 67 29 co.

317 3924 243 63 Jansen,
585 3923 277 56 William.

388 4002 122 51 The
539 4003 217 53 Jansen
788 4002 112 52 and
931 4001 172 52 Allen
1135 3999 393 69 geographies.
1598 3999 121 53 The
1749 3997 218 56 United
2001 3998 189 55 States
2222 3998 112 53 and

317 4076 2019 69 its trade relations. Part 2. By William Jansen … and Nellie
