2519 4377
1020 4085 131 49 1143

84 455 278 65 Delgado,
392 456 197 52 Frank
617 456 306 63 Anthony,
956 461 170 49 1891-

158 572 57 11 ...
253 530 120 53 The
407 529 380 69 professional
822 531 341 68 pharmacy;
1200 548 73 35 an
1309 528 250 71 analysis
1598 528 63 54 of
1698 528 382 69 prescription

85 606 358 69 department
473 607 310 69 activities;
818 613 131 63 part
982 606 64 54 of
1075 608 94 52 the
1202 606 257 54 national
1494 607 151 68 drug
1674 611 147 49 store
1856 624 222 52 survey.

84 686 72 52 2d
183 686 83 52 ed.
369 685 91 69 By
489 685 200 53 Frank
716 685 71 53 A.
816 686 277 68 Delgado.
1165 684 418 69 [Washington,
1615 685 72 53 D.
1719 682 82 69 C.]
1837 683 242 54 Printed

82 760 76 69 by
183 762 93 54 the
302 761 307 54 American
638 760 483 70 pharmaceutical
1150 761 355 69 association,
1534 763 151 52 1935.

155 834 990 50 vi, 106 p. incl. 2 illus., tables. 25 ½cm .
157 893 63 43 At
252 897 125 39 head
412 896 52 40 of
496 896 109 41 title;
674 896 55 41 U.
770 896 43 41 S.
849 896 322 48 Department
1205 896 52 41 of
1293 905 275 37 commerce,
1604 894 178 43 Daniel
1821 895 48 42 C.
1908 896 173 48 Roper,

87 953 258 47 secretary.
419 951 196 43 Bureau
663 953 52 41 of
759 952 190 49 foreign
993 954 98 40 and
1137 952 233 42 domestic
1416 962 276 40 commerce,
1743 952 236 42 Claudius
2028 951 53 43 T.

88 1007 291 51 Murchison,
404 1009 223 41 director.

159 1064 127 41 “The
313 1064 268 43 assistance
610 1066 233 41 rendered
872 1065 62 49 by
960 1065 189 41 Arthur
1173 1065 56 42 A.
1256 1065 217 41 Kimball
1499 1064 50 42 in
1578 1066 81 41 the
1685 1065 316 49 preparation
2032 1064 52 41 of

87 1121 80 39 the
188 1120 107 42 first
318 1121 184 41 edition
527 1152 46 10 ...
596 1121 43 42 is
661 1121 371 48 acknowledged
1053 1123 50 39 to
1123 1121 60 41 be
1204 1121 52 41 of
1276 1123 140 47 great
1437 1121 110 49 help
1570 1122 51 40 in
1643 1121 99 42 this
1766 1119 317 43 revision.”—

86 1175 273 43 Foreword.

87 1230 53 52 ©
169 1235 116 39 Nov.
315 1235 68 45 18,
414 1235 112 40 1935;
586 1235 66 40 2c.
685 1236 118 46 May
826 1235 69 49 20,
926 1235 118 41 1936;
1099 1235 84 40 aff.
1214 1236 117 47 July
1361 1237 58 40 18;
1478 1237 41 39 A
1549 1235 144 42 97131;
1751 1236 159 40 Amer,
156 1235 1910 96 pharmaceutical
471 1301 128 30 assn.
671 1291 279 49 (36-18311)

85 1394 370 64 Desjardins,
480 1395 217 55 Lucile.

155 1468 177 56 What
369 1471 137 68 boys
546 1471 114 52 and
697 1470 142 70 girls
879 1487 95 36 are
1013 1471 231 69 asking;
1288 1490 31 33 a
1359 1471 176 69 guide
1573 1470 93 53 for
1706 1471 253 53 teachers
85 1470 1976 148 including

351 1567 195 35 source
577 1549 291 53 materials
906 1550 113 52 and
1054 1550 269 70 teaching
1355 1550 338 69 procedures
1752 1549 93 70 [by]
1888 1549 198 53 Lucile

84 1627 356 68 Desjardins.
506 1628 139 53 New
676 1628 180 69 York,
889 1627 329 56 Cincinnati
1273 1634 119 62 [etc.]
1432 1629 124 53 The
1582 1629 313 69 Abingdon
1929 1647 156 50 press

91 1740 13 33 [
107 1716 20 22 c
132 1710 151 63 1936]

155 1780 1930 51 2 p. l., 3-176 p. 20cm. [The Abingdon religious education texts, J. W.
86 1837 259 49 Langdale,
371 1838 195 46 general
591 1837 158 41 editor;
804 1837 180 41 Guides
1010 1839 49 38 to
1087 1837 252 42 Christian
1364 1837 166 49 living,
1557 1839 52 40 P.
1636 1839 61 40 H.
1722 1838 160 49 Vieth,
1908 1837 175 51 editor]

158 1892 232 49 “Helpful
428 1894 148 39 books
613 1893 80 40 for
731 1893 250 40 teachers”;
1049 1904 45 37 p.
1135 1894 170 47 14-16;
1346 1894 209 42 “Source
1594 1894 253 41 materials
1885 1894 79 40 for
2003 1894 83 41 the

85 1950 242 47 browsing
353 1950 133 41 table
512 1950 95 39 and
633 1950 82 40 the
743 1950 187 47 library
956 1950 154 40 nook”;
1168 1961 42 37 p.
1240 1950 216 41 169-176.

89 2002 52 53 ©
169 2007 113 46 July
309 2006 70 47 20,
405 2006 113 41 1936;
576 2007 65 40 2c.
675 2007 96 39 and
801 2007 80 40 aff.
912 2007 116 46 July
1056 2006 82 48 30;
1169 2008 43 38 A
1236 2006 171 48 96688;
1441 2007 50 40 L.
1522 2006 305 49 Desjardins,
1859 2005 225 49 Chicago.

169 2063 277 49 (36-18439)

89 2165 194 63 Elson,
313 2165 253 55 William
595 2165 231 64 Harris,
858 2172 325 49 1856-1935.

159 2244 175 53 Elson
378 2244 192 67 junior
615 2242 312 55 literature,
1002 2244 147 53 book
1194 2247 47 51 2.
1325 2245 91 67 By
1461 2243 260 56 William
1765 2244 77 53 H.
1889 2243 196 70 Elson,

90 2321 287 55 Christine
417 2324 78 51 M.
538 2322 161 52 Keck
766 2323 129 65 [and]
942 2323 171 67 Mary
1154 2324 76 52 H.
1277 2322 203 53 Burris
1528 2366 55 9 ...
1666 2323 270 67 Chicago,

86 2323 1974 130 Atlanta
293 2405 119 60 [etc.]
448 2399 175 66 Scott,
649 2401 311 51 Foresman
985 2401 112 51 and
1124 2417 278 51 company
1436 2434 12 34 [
1454 2406 18 21 c
1477 2404 132 48 1936]

158 2473 85 39 544
273 2482 43 37 p.
378 2472 125 39 illus.
564 2472 55 39 20
622 2475 46 20 cm
673 2505 8 7 .

159 2528 286 41 Illustrated
486 2528 363 50 lining-papers.

160 2584 358 50 “Life-reading
552 2585 226 41 service.”

158 2641 224 42 Includes
418 2642 389 49 bibliographies.

92 2694 52 53 ©
172 2700 118 46 Aug.
321 2700 69 46 17,
420 2698 139 47 1936;
592 2699 67 38 2c.
694 2699 95 39 and
820 2697 82 43 aff.
928 2699 120 47 Aug.
1079 2697 82 48 19;
1193 2699 41 38 A
1264 2697 171 48 98004;
1472 2698 148 48 Scott,
1653 2699 266 39 Foresman
1950 2700 38 40 &
2017 2709 68 32 co.

164 2755 279 49 [Copyright
474 2755 41 39 is
546 2754 206 41 claimed
784 2765 58 29 on
876 2754 211 40 revision
1119 2754 96 41 and
1245 2763 107 32 new
1382 2755 194 47 matter]
173 2811 279 49 (36-18478)

89 2901 243 54 Federal
365 2903 386 67 supplement;
787 2919 148 35 cases
968 2902 213 67 argued
1214 2903 113 51 and
1357 2902 351 53 determined
1740 2902 58 52 in
1828 2903 95 51 the
159 2901 1902 131 District
324 2986 186 47 courts
543 2979 63 52 of
635 2980 97 51 the
763 2980 216 53 United
1016 2978 204 68 States,
1254 2980 179 54 Court
1466 2979 61 52 of
1562 2979 213 67 claims,
1806 2979 139 52 with
1977 2979 108 68 key

158 3058 235 51 number
428 3057 375 53 annotations,
872 3057 223 52 volume
1132 3060 82 63 13,
1248 3057 489 67 February-May,
1774 3060 148 50 1936.
2002 3057 82 55 St.

159 3135 163 66 Paul,
349 3135 201 65 Minn.,
575 3136 161 52 West
762 3135 335 66 publishing
1122 3151 96 50 co.,
1248 3138 148 50 1936.

162 3207 148 48 xxvii,
337 3206 112 41 1103
475 3217 43 37 p.
545 3206 110 41 incl.
684 3207 148 40 front,
871 3205 159 50 (map)
1097 3205 146 41 26½cm.

95 3259 51 53 ©
174 3264 115 46 July
318 3264 38 46 8,
386 3263 111 40 1936;
554 3262 67 41 2c.
652 3263 97 39 and
776 3263 81 40 aff.
887 3264 119 46 Aug.
1037 3264 82 45 17;
1151 3265 39 37 A
1216 3261 170 49 96981;
1418 3264 134 39 West
1580 3262 109 48 pub.
1719 3272 68 31 co.

91 3353 274 63 Geppert,
394 3352 254 55 William
678 3352 296 65 Henking,
1007 3358 171 50 1912-

161 3430 54 52 A
247 3428 277 54 classified
556 3429 174 54 index
764 3429 63 53 of
859 3429 333 54 workmen’s
1226 3429 424 68 compensation
1684 3449 149 34 cases
1870 3430 214 68 argued

93 3507 111 53 and
233 3506 289 71 adjudged
550 3507 57 53 in
634 3508 98 55 the
760 3509 179 56 Court
966 3508 64 53 of
1058 3508 233 69 appeals
1319 3507 64 56 of
1411 3509 309 68 Maryland
1761 3507 326 70 (including

95 3603 148 36 cases
290 3585 58 53 in
393 3586 262 68 January
700 3592 161 62 term,
909 3587 160 67 1936)
1155 3589 91 66 By
1288 3587 261 55 William
1594 3588 76 52 H.
1716 3587 257 68 Geppert
2024 3632 55 10 ...

95 3664 329 61 Baltimore,
454 3665 71 52 A.
555 3666 88 52 W.
676 3665 261 67 Zimmer,
969 3670 149 49 1936.

165 3735 565 50 1 p. l., 227 p. 23½ cm .
166 3793 227 42 “Printed
423 3803 59 29 on
511 3803 88 30 one
627 3793 104 41 side
759 3794 51 40 of
836 3795 81 39 the
945 3803 120 40 page
1090 3793 125 49 only,
1243 3794 82 40 the
1353 3794 148 40 blank
1527 3803 145 39 pages
1701 3795 48 38 to
1776 3794 57 39 be
1860 3794 118 39 used
2006 3794 78 40 for

97 3849 80 40 the
207 3849 236 41 insertion
473 3849 51 41 of
554 3849 269 42 additional
854 3850 371 41 cases.”—Pref.

168 3905 70 41 On
266 3916 140 31 cover;
463 3907 153 40 Index
642 3908 49 39 to
718 3907 286 40 workmen’s
1030 3905 358 49 compensation
1417 3915 148 32 cases.

96 3958 52 52 ©
179 3963 114 46 July
325 3965 67 45 17,
426 3963 113 40 1936;
600 3963 67 41 2c.
701 3964 93 39 and
828 3964 81 41 aff.
944 3965 115 46 July
1092 3965 57 40 18;
1209 3966 40 37 A
1279 3963 147 41 96520;
1487 3965 53 38 A.
1574 3964 70 39 W.
1680 3963 219 47 Zimmer,
165 3963 1903 95 Baltimore.
380 4020 279 47 (36-18374)
