2519 4377
1024 4099 131 48 1061

101 470 231 61 Darter,
361 466 246 53 Francis
632 467 79 53 M.

173 542 182 53 Zion’s
398 541 384 67 redemption;
826 541 95 52 the
962 545 194 47 return
1198 538 64 54 of
1302 539 156 55 John
1497 537 98 53 the
1635 536 321 66 Revelator,
1997 534 97 53 the

105 621 175 65 Elias,
314 620 97 52 the
443 619 281 67 Restorer,
758 619 94 51 the
885 617 263 69 gatherer
1182 616 63 54 of
1283 617 75 52 all
1392 615 180 53 Israel
1608 615 112 52 and
1756 613 339 53 forerunner

104 698 63 52 of
200 696 240 55 Christ’s
472 697 203 53 second
708 694 250 68 coming;
996 694 339 68 Latter-day
1368 693 178 54 saints
1578 692 111 53 and
1721 691 96 52 the
1849 691 154 55 Jews
2035 695 59 48 to

103 776 66 53 be
211 775 271 68 gathered
522 774 74 67 by
637 791 128 34 men
807 773 146 52 “like
996 792 58 35 as
1094 771 238 69 Moses”,
1373 771 97 52 the
1511 769 295 54 “marred”
1849 775 245 60 servant,

104 853 65 53 “a
200 859 125 46 root
359 852 63 52 of
452 850 209 68 Jesse”,
692 851 94 52 the
819 850 136 54 “one
986 849 226 69 mighty
1243 850 111 51 and
1387 848 251 69 strong”,
1670 847 129 53 “the
1826 846 269 68 branch”,

103 926 1990 73 by Francis M. Darter … Salt Lake City, Utah, Deseret news
104 1008 332 68 publishing
465 1026 97 49 co.,
594 1010 152 50 1933.

173 1079 1081 50 224 p. incl. front. (port.) fold. pl. 20 cm .
175 1139 179 39 Folded
383 1140 129 45 plate
539 1137 228 40 mounted
793 1147 59 30 on
882 1147 43 38 p.
955 1136 54 50 [3]
1038 1136 52 40 of
1114 1146 154 30 cover.

104 1204 52 53 ©
185 1208 100 40 Oct.
315 1209 68 46 18,
413 1207 138 42 1933;
583 1207 67 40 2c.
682 1208 114 45 May
819 1205 70 50 29,
921 1206 140 47 1936;
1094 1206 81 41 aff.
1206 1207 124 39 June
1363 1207 51 42 5;
1448 1207 39 38 A
1517 1206 170 47 96420;
1722 1207 50 41 F.
1803 1207 63 40 M.
1898 1207 195 47 Darter,

172 1265 130 38 Lon-
329 1264 173 48 Beach,
533 1263 144 41 Calif.
744 1262 279 50 (36-17786)

102 1367 329 63 Deardorff,
457 1369 135 50 Mrs.
619 1366 205 52 Nettie
849 1365 303 65 Marshall,
1178 1383 177 48 comp.

171 1444 265 67 Literary
468 1443 219 68 jewels;
724 1460 70 36 an
831 1441 311 69 anthology
1177 1441 62 54 of
1273 1459 173 50 verse,
1482 1441 279 69 compiled
1796 1442 74 67 by
1903 1441 192 53 Nettie

103 1520 274 53 Marshall
429 1519 322 54 Deardorff.
837 1519 425 68 Philadelphia,
1312 1520 291 52 Dorrance
1654 1518 110 53 and
1816 1537 280 51 company

104 1632 12 34 [
121 1605 19 22 c
145 1602 151 63 1936]

169 1671 69 49 75,
278 1671 54 51 [2]
367 1682 42 38 p.
470 1670 145 41 19½cm.

106 1740 52 52 ©
192 1744 126 39 June
352 1743 67 47 26,
456 1742 138 48 1936;
632 1743 68 41 2c.
733 1743 121 47 Aug.
888 1744 54 46 4;
983 1742 81 40 aff.
1100 1743 117 46 Aug.
1254 1742 52 46 5;
1345 1743 39 38 A
1417 1742 170 47 96735;
1627 1742 54 39 N.
1721 1743 60 38 M.
1820 1742 275 48 Deardorff,

175 1799 202 47 Muncie,
412 1801 19 37 I
439 1800 75 39 nil.
584 1799 255 48 (36-17825
851 1801 13 47 )

102 1903 272 62 Dickens,
406 1902 263 67 Charles,
702 1903 325 55 1812-1870.

236 1977 1863 70 … The personal history of David Copperfield … edited by
105 2055 1993 70 Helen Sard Hughes … Garden City, N. Y., Doubleday, Doran
106 2138 44 50 &
176 2153 294 50 company,
498 2134 105 53 inc.
638 2168 13 33 [
656 2140 18 21 c
680 2137 134 49 1936
818 2168 13 34 ]

176 2209 25 38 2
235 2220 41 28 v.
335 2209 173 38 fronts,
539 2207 66 47 (v.
638 2208 54 39 1:
725 2207 148 50 port.)
946 2207 56 40 18½
1034 2209 43 21 cm
1083 2240 8 9 .
1164 2207 297 51 (Half-title:
1493 2208 102 41 The
1625 2207 472 50 Doubleday-Doran

106 2266 149 40 series
284 2266 48 38 in
362 2266 270 48 literature,
663 2265 56 42 R.
749 2265 190 49 Shafer,
968 2267 196 46 general
1192 2264 182 49 editor)

178 2322 160 40 “First
374 2321 226 42 edition.”

106 2388 52 52 ©
186 2393 113 45 July
327 2392 69 47 28,
423 2391 138 47 1936;
592 2392 68 41 2c.
688 2392 118 39 each
835 2392 95 39 and
958 2392 83 41 aff.
1070 2393 120 46 Aug.
1220 2393 53 39 15;
1332 2394 41 37 A
1400 2392 142 41 96923;
1604 2394 297 47 Doubleday,
1932 2395 166 39 Doran

173 2449 35 39 &
238 2458 81 38 co.,
352 2449 90 39 inc.
507 2449 279 48 [Copyright
818 2448 42 39 is
892 2448 205 39 claimed
1130 2459 61 28 on
1223 2448 197 48 editing,
1454 2448 327 41 introduction
1816 2450 96 40 and
1945 2452 153 47 notes,

175 2506 58 46 by
261 2505 177 39 Robert
468 2505 177 41 Shafer
672 2505 94 40 and
796 2505 155 39 Helen
979 2505 122 40 Sard
1129 2505 215 49 Hughes]
1412 2505 280 49 (36-17944)

103 2608 261 62 Duncan,
394 2609 222 53 Carson
643 2608 255 64 Samuel,
926 2609 170 54 1879-

173 2685 1924 68 A national transportation policy, by C. S. Duncan … New
109 2764 173 65 York,
320 2764 257 66 London,
615 2764 72 52 D.
727 2763 578 68 Appleton-Century
1346 2781 297 50 company,
1680 2763 418 69 incorporated,

111 2845 144 49 1936.

171 2912 80 49 vii,
286 2912 85 41 315
401 2923 43 38 p.
504 2913 156 41 tables
688 2913 49 50 (1
769 2913 142 50 fold.)
979 2912 146 44 20½cm.

107 2967 52 52 ©
184 2972 114 46 July
324 2972 68 46 10,
416 2971 140 42 1936;
584 2971 67 41 2c.
680 2971 93 39 and
801 2972 81 40 aff.
910 2972 116 47 July
1051 2972 81 45 14;
1162 2973 38 38 A
1228 2970 170 48 96434;
1429 2973 55 38 D.
1512 2970 477 48 Appleton-Century
2015 2981 84 38 co.,

175 3028 90 40 inc.
332 3028 277 47 (36-17877)

105 3130 293 64 Dunham,
426 3130 209 53 David.

178 3207 120 52 The
323 3211 111 47 two
459 3206 250 67 orphans
736 3206 63 53 of
828 3206 338 53 Marrakech
1196 3208 111 51 and
1334 3207 161 53 other
1522 3207 279 52 dramatic
1825 3212 174 62 spots,
2025 3206 73 69 by

109 3284 191 52 David
328 3284 285 52 Dunham.
678 3285 139 52 New
845 3284 179 67 York,
1050 3288 151 51 1935.

179 3358 47 39 vi
254 3369 56 37 p.,
337 3358 27 39 2
426 3389 9 16 l.,
463 3358 115 40 3-68
602 3368 42 37 p.
706 3358 128 41 illus.
894 3358 56 40 18½
981 3360 45 22 cm
1031 3390 8 9 .

517 3414 100 39 CONTENTS.—The
651 3416 98 39 two
780 3415 211 47 orphans
1024 3416 53 39 of
1112 3415 494 46 Marrakech.—Vita,
1638 3414 245 48 juventus,
1918 3414 181 48 fervor,

111 3471 304 39 mors.—The
455 3471 97 48 gall
595 3471 377 41 bladder.—The
1014 3471 120 41 stuff
1175 3472 108 39 that
1326 3473 191 38 dreams
1559 3481 83 30 are
1684 3472 138 39 made
1867 3471 232 48 of.—Quo

112 3527 150 46 vadis,
295 3538 25 30 o
351 3527 531 43 scientia.—Mansions
913 3528 51 41 of
992 3529 126 41 mud.

109 3579 53 53 ©
187 3585 115 39 Nov.
330 3584 68 48 22,
428 3585 111 39 1935;
596 3585 68 41 2c.
692 3586 111 38 Dec.
832 3585 54 40 23;
944 3584 80 41 aff.
1054 3586 108 39 Jan.
1193 3586 68 47 13,
1290 3586 113 39 1936;
1462 3587 39 37 A
1525 3585 171 42 91324;
1729 3585 190 39 Morrill
1946 3593 151 41 press,

182 3640 188 49 Fulton,
401 3642 53 37 X.
485 3642 53 39 Y.
608 3640 279 49 (36-17987)

110 3742 346 65 Esclangon,
490 3745 237 63 Ernest,
761 3746 170 54 1876-

110 3819 1964 143 Astronomia (introduction a su estudio) por Ernest Esclangon … version
111 3897 1962 147 espanola por el doctor Joaquin Febrer … Edition ilustrada. Barcelona, Montaner y Simon, s. a., 1936.
