2519 4377
1295 4130 100 51 880

339 440 288 66 Whipple,
653 443 139 52 Mrs.
821 439 290 65 Dorothy.

411 532 123 52 The
578 531 164 52 other
788 531 141 67 day;
981 548 73 35 an
1100 529 479 69 autobiography,
1622 529 76 68 by
1745 530 267 67 Dorothy
2056 530 291 68 Whipple.

345 612 277 68 [London]
656 610 81 53 M.
768 611 236 67 Joseph,
1033 610 104 53 ltd.
1175 612 173 65 [1936]

413 712 85 42 253
533 723 44 38 p.
637 710 58 41 22½
727 712 45 23 cm
777 744 8 9 .

414 798 293 41 Illustrated
737 795 367 50 lining-papers.

412 854 403 49 Autobiography
848 853 53 41 of
932 853 273 42 childhood.

339 938 1596 54 © 1c. June 17, 1936; A ad int. 21554; pubd. Apr. 20; D.
1970 938 238 51 Whipple,
410 938 1926 109 Nottingham,
682 998 237 48 England.
991 997 282 49 (36-15141)

338 1115 313 67 Woolrich,
680 1114 189 57 Willis
897 1115 329 65 Raymond,
1258 1120 172 50 1889-

341 1204 1987 151 … Manual of mechanical processing of cottonseed with bibliography
699 1286 114 53 and
860 1291 196 62 report
1104 1284 64 54 of
1215 1286 258 52 research
1519 1283 457 70 investigations,
2021 1284 76 69 by
2141 1286 90 53 W.
2281 1285 70 55 R.

337 1362 1991 152 Woolrich … and E. L. Carpenter … Knoxville, Tenn., Engineering experiment station, University of Tennessee, 1935.
413 1543 1056 53 5 p. l., 154 p. illus., pi., diagrs. 23 cm .
414 1631 65 42 At
518 1631 127 40 head
689 1630 53 41 of
781 1631 137 40 title:
963 1629 284 50 University
1290 1630 53 40 of
1382 1630 273 41 Tennessee
1697 1630 313 49 engineering
2053 1630 296 50 experiment

341 1690 201 48 station,
573 1688 280 42 Knoxville.

413 1747 104 41 The
545 1748 106 39 text
682 1745 222 42 contains
935 1747 84 40 the
1045 1746 211 48 findings
1286 1746 52 40 of
1366 1746 281 41 researches
1679 1746 141 41 made
1849 1746 214 49 through
2091 1748 171 48 grants
2293 1747 61 48 by

343 1805 83 40 the
453 1803 331 50 Engineering
808 1803 294 41 foundation
1130 1805 53 39 at
1208 1804 83 40 the
1317 1806 196 46 request
1540 1803 52 41 of
1617 1805 83 40 the
1726 1804 247 41 Research
2001 1805 275 40 committee
2303 1804 52 41 of

342 1862 84 40 the
456 1861 261 41 American
745 1860 184 50 society
959 1861 53 41 of
1042 1860 301 42 mechanical
1376 1860 267 50 engineers.
1704 1861 119 41 This
1856 1862 277 41 committee
2164 1862 187 41 carried

341 1919 220 41 forward
596 1917 69 42 its
700 1919 283 41 researches
1018 1918 51 41 in
1104 1919 312 48 cooperation
1451 1919 121 41 with
1609 1920 81 40 the
1727 1920 86 40 Tri
1849 1921 156 39 states
2040 1922 164 39 cotton
2243 1921 108 40 seed

341 1977 66 39 oil
445 1976 431 49 superintendents
914 1976 298 41 association
1250 1979 53 39 at
1340 1978 83 40 the
1461 1976 330 50 Engineering
1828 1978 303 49 experiment
2170 1978 182 41 station

341 2034 54 41 of
422 2035 82 41 the
534 2033 285 50 University
849 2034 53 41 of
930 2035 287 42 Tennessee.

416 2091 381 49 “Bibliography
829 2101 61 31 on
924 2092 279 41 cottonseed
1235 2092 336 49 processing”:
1606 2104 43 37 p.
1683 2093 217 41 117-149.

339 2174 54 54 ©
423 2179 113 40 Dec.
566 2178 70 49 30,
664 2177 142 49 1935;
842 2178 65 39 2c.
941 2179 111 40 Jan.
1081 2178 40 49 2,
1154 2177 141 48 1930;
1331 2178 81 40 aff.
1447 2179 110 40 Jan.
1589 2179 82 47 30;
1706 2180 42 38 A
1776 2178 173 45 90754;
1990 2178 282 49 University
2305 2180 52 39 of

408 2236 273 41 Tennessee
700 2235 246 41 Research
966 2234 324 50 corporation,
1310 2235 275 49 Knoxville,
1607 2235 147 41 Tenn.
1810 2236 282 50 (36-14150)

337 2348 273 64 Wyman,
640 2347 144 53 Levi
811 2348 244 63 Parker,
1089 2349 171 55 1873-

471 2439 1885 69 … The battalion captain. New York, Chicago, A. L. Burt
338 2537 283 49 company
654 2552 13 34 [
672 2524 18 22 c
696 2521 152 64 1936]

408 2620 86 40 254
528 2630 43 38 p.
634 2619 149 41 front.
844 2619 56 40 20½cm.
1055 2620 133 49 [New
1222 2619 272 41 adventure
1531 2621 95 39 and
1663 2621 216 47 mystery
1916 2621 153 40 series
2106 2620 79 41 for
2220 2622 132 49 boys]

411 2705 63 40 At
499 2704 126 41 head
651 2704 54 40 of
730 2703 137 42 title:
896 2706 50 38 L.
974 2706 51 40 P.
1052 2706 221 46 Wyman.

411 2762 291 40 Illustrated
735 2761 365 49 lining-papers.

340 2843 54 53 ©
419 2847 114 48 Apr.
561 2846 69 49 27,
660 2846 119 41 1936;
831 2846 68 40 2c.
930 2846 95 40 and
1055 2846 83 42 aff.
1167 2847 114 48 Apr.
1310 2846 82 47 29;
1425 2847 40 39 A
1493 2847 170 47 93867;
1695 2848 53 40 A.
1776 2849 51 39 L.
1858 2849 125 39 Burt
2011 2858 68 30 co.

421 2904 253 50 (36-9234)

472 3014 1879 69 … The haunted house mystery. New York, Chicago, A. L.
340 3094 147 51 Burt
516 3111 282 49 company
1013 3128 11 31 [c1936]

410 3195 84 39 251
532 3205 43 37 p.
636 3194 149 40 front.
847 3193 59 41 20½
935 3196 45 22 cm
985 3226 8 7 .
1060 3195 128 48 [New
1226 3194 271 40 adventure
1533 3194 95 40 and
1666 3196 215 47 mystery
1919 3194 152 40 series
2108 3194 78 39 for
2219 3195 132 49 boys]

412 3279 65 40 At
503 3279 124 39 head
655 3279 54 40 of
733 3277 135 43 title:
899 3279 51 41 L.
977 3280 52 39 P.
1058 3280 220 46 Wyman.

413 3336 290 40 Illustrated
734 3335 365 49 lining-papers.

342 3416 53 53 ©
424 3422 113 46 Apr.
567 3420 69 47 27,
668 3420 141 47 1936;
840 3420 67 41 2c.
940 3420 94 40 and
1062 3421 83 40 aff.
1175 3421 112 47 Apr.
1320 3420 82 46 29;
1435 3421 39 39 A
1505 3421 171 46 93875;
1709 3421 54 40 A.
1797 3421 50 42 L.
1879 3422 125 39 Burt
2035 3432 66 30 co.

422 3477 253 48 (36-9235)

341 3587 380 65 Yelvington,
745 3589 225 64 Henry.

414 3677 183 55 Ghost
644 3679 137 67 lore,
828 3679 75 68 by
949 3679 203 69 Henry
1203 3678 380 70 Yelvington;
1634 3698 31 35 a
1712 3677 297 55 collection
2055 3678 63 54 of
2163 3679 186 69 ghost,

343 3757 276 68 phantom
667 3757 113 53 and
824 3757 312 69 legendary
1180 3756 314 70 mysteries,
1538 3756 203 69 chiefly
1787 3757 64 52 of
1896 3758 185 53 Texas
2128 3757 112 52 and
2286 3756 63 54 of

344 3834 95 53 old
476 3834 239 54 Mexico.
793 3833 119 56 San
948 3834 273 69 Antonio,
1258 3836 155 68 Tex.,
1449 3836 121 52 The
1608 3833 218 70 Naylor
1863 3852 299 52 company,
2200 3837 148 51 1936.

413 3919 970 48 4 p. l., 158 p. incl. front., illus. 22 cm.
343 4002 53 54 ©
428 4009 112 45 May
572 4008 67 48 12,
673 4007 140 48 1936;
848 4008 66 41 2c.
947 4009 95 39 and
1072 4008 81 42 aff.
1187 4011 114 46 May
1332 4008 83 48 29;
1448 4010 44 40 A
1519 4009 173 49 95423;
1726 4010 185 47 Naylor
1944 4019 69 31 co.

424 4064 282 50 (36-11724)
