2519 4377
1370 4055 64 50 66

397 390 312 67 Maynard,
743 393 321 65 Theodore,
1100 401 171 50 1890-

468 466 142 56 Man
652 469 115 54 and
811 470 175 69 beast,
1028 472 76 69 by
1145 472 296 55 Theodore
1484 473 305 70 Maynard.
1869 472 141 53 New
2054 471 164 53 York
2283 477 122 62 [etc.]

398 546 348 70 Longmans,
772 547 188 57 Green
987 551 114 53 and
1129 569 99 50 co.,
1257 554 150 51 1936.

469 621 658 51 viii p., 1 l., 86 p. 19½cm.
469 676 185 44 Poems.

470 735 164 43 “First
669 737 229 42 edition.”

395 789 53 54 ©
472 795 110 40 Jan.
607 795 70 47 23,
702 795 140 41 1936:
869 796 67 40 2c.
961 798 96 38 and
1082 796 81 40 aff.
1191 797 110 40 Jan.
1326 797 55 40 30;
1437 798 39 38 A
1500 796 172 48 90542;
1701 798 52 40 T.
1780 796 256 48 Maynard,
2063 795 347 50 Emmitsburg,

470 853 95 39 Md.
634 852 254 49 (36-3112)

396 953 244 68 Merrill,
667 955 235 55 Arthur
927 957 283 66 Truman,
1240 958 326 54 1874-1935.

467 1032 204 68 Wings
702 1033 229 68 against
960 1033 194 66 dawn;
1189 1053 30 33 a
1252 1034 293 54 collection
1576 1034 62 52 of
1668 1051 209 52 poems,
1909 1033 73 68 by
2014 1033 224 51 Arthur
397 1033 1991 131 Truman
557 1110 244 55 Merrill.
868 1110 215 54 Edited
1124 1111 140 68 (and
1297 1111 313 70 foreword)
1650 1112 74 68 by
1754 1111 194 54 James
1980 1110 151 54 Neill
2166 1111 244 67 Northe;

399 1187 348 56 illustration
798 1189 75 68 by
925 1188 129 52 Don
1106 1189 311 68 Blanding.
1507 1188 260 70 Ontario,
1821 1188 194 69 Calif.,
2069 1188 344 56 Silhouettes

397 1285 155 50 press
590 1270 194 65 [c1935]

466 1337 827 50 6 p. l., 17-153 p. illus. 23½cm.
472 1395 1938 52 “This edition … is a numbered printing, limited to two hundred fifty
396 1453 173 48 copies,
596 1453 52 39 of
673 1454 160 39 which
859 1453 99 40 this
986 1454 41 39 is
1053 1464 74 30 no.
1156 1453 98 40 66.”

394 1510 52 53 ©
472 1515 112 39 Dec.
610 1513 70 49 12,
706 1512 141 49 1935;
874 1513 68 40 2c.
969 1514 113 40 Dec.
1106 1512 59 41 28;
1218 1512 81 40 aff.
1327 1514 110 39 Dec.
1464 1513 57 41 27;
1576 1514 44 39 A
1642 1513 171 47 91332;
1843 1513 136 41 Alice
2006 1513 177 43 Louise
2209 1513 202 51 Merrill,

465 1572 249 47 Glendale,
750 1571 144 41 Calif.
968 1570 253 50 (36-3682)

397 1675 231 69 Mirick,
654 1678 140 52 Mrs.
823 1675 185 55 Edith
1039 1675 277 66 (Brown)

469 1752 1940 70 These twinkling acres, by Edith Mirick … Dallas, Tex., The
397 1831 440 69 Kaleidograph
873 1849 159 50 press
1094 1834 177 64 [c1935]

467 1903 822 53 xii p., 4 l., 21-95 p., 1 l. 20cm.
467 1966 174 41 Poems

394 2019 52 53 ©
477 2023 128 48 Sept.
632 2021 70 48 25,
730 2020 115 41 1935;
901 2021 67 39 2c.
997 2021 110 40 Jan.
1135 2020 69 42 27.
1234 2020 113 39 1936
1366 2030 8 29 :
1406 2019 81 41 aff.
1516 2021 110 39 Jan.
1654 2020 56 39 24
1728 2031 8 30 :
1768 2021 39 38 A
1835 2019 146 41 91460
1999 2032 9 30 :
2041 2022 149 39 Edith
2221 2021 189 48 Mirick,

465 2078 338 50 Washington.
872 2078 252 49 (36-3113)

398 2186 269 63 Mooney,
696 2183 257 55 William
984 2183 274 64 Edward,
1294 2188 170 50 1890-

467 2259 1943 70 An outline of Illinois insurance law, by William E. Mooney …
538 2338 956 70 Chicago, Hill book company [c1936]
503 2446 8 16 x,
538 2414 86 41 364
650 2424 45 38 p.
756 2412 117 41 26cm.

469 2472 39 38 A
537 2473 149 45 ready
716 2471 248 40 reference
989 2473 50 38 to
1066 2471 82 40 the
1177 2470 259 40 insurance
1466 2468 240 42 decisions
1733 2469 53 41 of
1814 2471 83 40 the
1929 2468 235 50 Supreme
2191 2475 140 39 court
2360 2469 54 43 of

403 2528 186 41 Illinois
615 2530 96 39 and
738 2528 255 48 Appellate
1017 2529 139 40 court
1181 2528 53 39 of
1260 2527 190 41 Illinois.
1525 2527 61 48 cf.
1613 2526 130 44 Pref.

396 2585 53 52 ©
486 2590 109 39 Jan.
636 2589 69 41 16,
744 2587 142 47 1936;
925 2588 68 40 2c.
1032 2588 111 40 Jan.
1180 2587 83 42 20;
1304 2587 81 40 aff.
1425 2588 108 39 Jan.
1573 2587 56 40 28;
1697 2588 40 38 A
1774 2587 172 43 90550:
1988 2590 71 39 W.
2099 2591 53 39 E.
2193 2592 218 47 Mooney,

467 2646 225 46 Chicago.
760 2645 253 48 (36-3513)

398 2742 236 64 Morris,
666 2741 226 56 Walter
923 2741 337 65 Frederick,
1293 2747 171 50 1892-

469 2818 338 68 Something
853 2825 58 47 to
958 2818 89 53 his
1094 2817 336 67 advantage,
1476 2816 74 67 by
1595 2816 86 52 W.
1731 2816 65 53 F.
1843 2815 227 55 Morris.
2153 2817 257 69 London,

399 2895 66 56 G.
505 2896 133 55 Bles
681 2898 173 68 [1935]

468 2968 87 41 287
587 2980 43 37 p.
689 2967 118 41 19cm.

396 3025 52 53 ©
475 3030 66 39 1c.
569 3030 110 39 Jan.
707 3029 68 45 15,
803 3026 141 48 1936;
975 3028 39 38 A
1043 3028 63 39 ad
1131 3026 86 41 int.
1246 3026 170 40 21038:
1446 3026 142 48 pubd.
1617 3026 118 41 Nov.
1764 3026 68 47 18,
1862 3026 141 41 1935:
2035 3028 70 39 W.
2136 3028 52 40 F.
2218 3028 193 46 Morris,

466 3087 214 39 London.
746 3084 253 49 (36-3540)

399 3177 209 52 Mount
637 3175 239 54 Vernon
904 3173 205 55 ladies’
1138 3173 359 55 association
1527 3173 63 53 of
1617 3172 105 54 the
1748 3171 214 55 Union.

468 3253 95 51 An
599 3251 330 54 illustrated
966 3250 308 55 handbook
1311 3250 65 53 of
1412 3249 209 53 Mount
1655 3249 249 54 Vernon.
1981 3249 313 54 Published
2336 3251 75 67 by

398 3331 94 52 the
535 3330 209 53 Mount
784 3330 234 53 Vernon
1061 3328 198 54 ladies’
1304 3326 354 56 association.
1746 3326 421 69 [Washington,
2211 3329 71 52 D.
2329 3328 82 60 C.,

398 3410 167 54 Press
594 3407 65 53 of
685 3408 161 54 Judd
876 3409 46 51 &
946 3407 328 61 Detweiler,
1302 3406 123 67 inc.]
1461 3408 150 50 1936.

470 3482 70 47 35,
585 3483 54 49 [1]
677 3492 44 38 p.
761 3481 111 41 incl.
911 3482 87 40 col.
1040 3481 165 48 front.,
1246 3480 129 41 illus.
1424 3479 137 49 (part
1598 3479 116 46 col.;
1753 3478 111 41 incl.
1904 3488 126 38 map,
2067 3479 174 40 double
2281 3481 128 48 plan,

398 3538 217 49 facsim.)
684 3538 149 41 23½cm.

397 3593 52 53 ©
489 3598 109 39 Jan.
636 3597 41 47 2,
717 3596 142 42 1936:
899 3596 66 39 2c.
1007 3597 96 39 and
1142 3595 80 40 aff.
1264 3595 109 40 Jan.
1412 3594 52 42 2;
1507 3595 38 37 A
1584 3592 171 42 90137:
1799 3594 170 39 Mount
2009 3593 192 39 Vernon
2243 3594 166 40 ladies’

468 3665 127 28 assn.,
641 3655 171 38 Mount
839 3654 208 47 Vernon,
1076 3653 87 40 Va.
1230 3650 252 50 (36-2597)

402 3742 186 63 Nash,
617 3743 206 53 James
850 3741 273 64 Vincent,
1156 3747 171 51 1886-

566 3814 1843 72 … Exploring the world of men, by J. V. Nash, Elizabeth L.
401 3896 194 68 Hayes
650 3895 110 54 and
822 3895 279 55 Franklin
1158 3895 233 54 Barnes.
1485 3893 268 69 Chicago,
1811 3891 212 55 Follett
2079 3892 334 69 publishing

400 3991 278 51 company
736 3976 177 66 [c1935]
