2519 4377
1079 4081 96 47 691

203 517 85 40 198
317 527 43 38 p.
417 515 162 49 front.,
610 516 171 48 plates.
840 515 57 41 19
898 517 43 22 cm
946 547 9 9 .

134 584 53 53 ©
213 588 113 47 Apr.
356 587 38 47 9,
425 586 140 46 1936;
591 585 69 41 2c.
690 587 96 39 and
816 586 82 41 aff.
929 587 112 47 May
1071 587 54 40 4;
1158 586 40 39 A
1227 585 170 47 93996;
1433 586 45 42 S.
1509 586 54 39 B.
1594 585 226 48 Bradley,
1852 583 274 49 Fruitland,

203 645 96 40 Md.
366 643 280 49 (36-11251)

132 747 230 61 Brown,
387 746 173 63 Mary
583 744 232 65 Louise,
842 762 178 48 comp.

253 816 1869 73 Rhode Island in verse … compiled by Mary Louise Brown.
135 898 385 68 [Providence,
546 898 120 52 The
691 898 189 68 Roger
904 897 286 54 Williams
1217 915 174 50 press]
1426 899 149 51 1936.

202 985 94 50 xiv,
327 986 85 40 244
440 996 42 37 p.
543 984 57 41 19½
631 987 44 21 cm
680 1016 8 8 .

135 1056 52 53 ©
226 1061 113 41 May
376 1060 68 47 21,
485 1059 139 46 1936;
666 1059 67 39 2c.
774 1059 113 46 May
925 1057 82 47 28;
1052 1057 82 41 aff.
1174 1058 113 47 May
1325 1058 83 44 27;
1448 1058 42 39 A
1527 1057 170 48 94650;
1741 1059 62 39 M.
1844 1058 48 37 L.
1935 1058 192 47 Brown,

203 1116 307 46 Providence,
541 1117 54 38 R.
626 1117 38 39 I.
733 1114 280 48 (36-11268)

132 1219 354 65 Brueckner,
512 1220 118 52 Leo
653 1218 173 64 John,
856 1222 171 50 1890-

202 1295 399 55 Mathematics
640 1295 95 52 for
771 1293 193 69 junior
997 1292 141 70 high
1175 1293 235 67 schools,
1445 1293 75 67 by
1557 1295 112 51 Leo
1706 1295 55 53 J.
1799 1294 328 53 Brueckner

196 1371 1924 69 … C. J. Anderson … G. O. Banting … Philadelphia [etc.]
132 1451 1233 68 The John C. Winston company [ c 1936]
204 1539 26 40 3
272 1549 42 29 v.
373 1536 188 48 fronts.,
605 1536 129 41 illus.
764 1536 134 49 (part
939 1535 111 49 col.)
1102 1534 179 49 diagrs.
1341 1535 58 40 19½
1428 1538 44 21 cm
1476 1567 10 9 .
1556 1535 99 50 (On
1696 1545 163 31 cover:
1899 1536 229 49 Triangle

135 1595 176 50 series)

206 1666 134 42 Book
368 1665 149 49 three,
545 1666 200 40 Modern
774 1664 210 49 algebra,
1011 1668 61 45 by
1099 1665 94 40 Leo
1220 1665 44 40 J.
1294 1665 293 48 Brueckner,
1616 1665 161 40 Laura
1808 1667 62 38 M.
1900 1666 227 49 Farnam,

135 1724 150 41 Edith
314 1724 238 48 Woolsey.

206 1780 282 41 Protractor
517 1779 49 40 in
596 1779 172 48 pocket
799 1790 60 30 on
890 1778 157 42 inside
1078 1778 53 41 of
1156 1779 123 41 back
1307 1789 141 31 cover
1479 1779 52 40 of
1562 1780 118 40 each
1710 1780 137 40 book.

134 1848 53 52 ©
215 1853 113 46 Apr.
360 1853 39 46 8,
432 1850 139 48 1936;
604 1851 68 40 2c.
705 1852 117 39 each
852 1852 116 46 May
997 1851 52 46 1;
1084 1850 107 41 affs.
1225 1852 114 46 May
1372 1851 53 46 2;
1460 1851 40 38 A
1531 1850 347 48 94251-94253;
1915 1852 129 40 John
2077 1852 51 41 C.

203 1909 222 40 Winston
455 1919 67 30 co.
584 1907 280 50 [Copyright
896 1907 44 40 is
968 1906 204 41 claimed
1204 1918 60 28 on
1297 1906 239 41 revisions
1565 1908 97 40 and
1694 1907 261 50 additions]

212 1965 278 48 (36-11216)

131 2070 256 64 Bunsen,
414 2068 185 53 Marie
626 2084 133 45 von,
788 2073 171 50 1860-

201 2145 376 68 Talleyrands
605 2143 207 69 nichte,
844 2144 91 54 die
971 2144 271 68 herzogin
1271 2162 111 34 von
1416 2142 210 70 Sagan,
1657 2163 111 34 von
1800 2145 187 53 Marie
2019 2164 110 33 von

127 2220 1979 148 Bunsen; mit sieben tafeln. Stuttgart, Berlin, Deutsche verlagsanstalt [ c 1935]
202 2375 88 41 228
318 2387 42 37 p.
417 2376 162 47 front.,
609 2376 170 48 plates,
809 2377 149 47 ports.
1013 2375 55 39 22
1071 2377 44 22 cm
1121 2407 8 9 .

205 2444 121 40 “Die
353 2444 371 47 hauptsächlich
753 2445 259 39 benutzten
1040 2443 218 49 quellen”:
1316 2456 43 37 p.
1406 2445 233 49 [227]-228.

133 2511 53 53 ©
257 2526 70 29 Nov.
356 2515 38 49 6,
424 2514 139 47 1935;
594 2516 66 38 1c.
690 2516 121 39 Mar.
841 2515 68 48 19,
938 2515 140 46 1936;
1107 2515 311 48 A-Foreign
1445 2516 171 48 30951;
1647 2518 244 41 Deutsche
204 2518 1907 94 verlagsanstalt.
471 2571 280 49 (36-11241)

132 2674 214 63 Burns,
371 2674 232 54 Arthur
626 2675 240 55 Robert.

202 2749 121 53 The
367 2748 215 54 decline
626 2749 66 53 of
736 2747 397 71 competition;
1180 2769 30 34 a
1256 2750 172 69 study
1473 2749 66 55 of
1584 2751 96 53 the
1726 2751 288 54 evolution
2063 2751 65 54 of

133 2825 1991 71 American industry, by Arthur Robert Burns … 1st ed.
131 2906 311 54 Published
495 2908 182 51 under
727 2907 96 52 the
878 2906 252 68 auspices
1185 2906 64 53 of
1303 2907 94 53 the
1454 2906 299 55 Columbia
1809 2907 317 70 university

135 2983 237 55 Council
414 2985 93 52 for
547 2985 256 52 research
844 2986 60 51 in
947 2985 93 52 the
1082 2984 172 53 social
1294 2984 255 54 sciences.
1626 2986 139 53 New
1808 2986 165 54 York
2013 2987 110 52 and

132 3063 257 67 London,
423 3062 430 55 McGraw-Hill
887 3062 146 53 book
1068 3080 298 51 company,
1400 3063 126 69 inc.,
1563 3066 150 51 1936.

203 3134 97 51 xiv,
325 3136 86 41 619
439 3147 41 37 p.
541 3136 129 41 illus.
708 3135 183 49 (maps)
931 3136 178 47 diagrs.
1169 3135 56 40 24
1229 3137 44 22 cm
1277 3167 9 9 .

203 3192 373 49 Bibliography:
604 3203 44 38 p.
677 3192 214 41 591-604.

135 3261 53 53 ©
219 3267 113 47 May
361 3265 69 48 22,
458 3264 140 48 1936;
630 3266 69 41 2c.
731 3267 94 38 and
856 3264 82 42 aff.
970 3266 112 47 May
1113 3264 82 48 26;
1230 3266 40 38 A
1300 3264 171 48 94592;
1506 3266 351 41 McGraw-Hill
1890 3267 123 39 book
2045 3276 82 39 co.,

204 3322 90 40 inc.
359 3321 278 49 (36-11435)

134 3425 214 64 Capen,
372 3424 211 54 Louise
607 3425 221 64 Irving.

201 3497 103 72 My
335 3500 182 52 worth
551 3505 57 49 to
640 3501 95 53 the
767 3500 208 68 world;
1009 3500 212 55 studies
1254 3500 60 55 in
1346 3500 355 70 citizenship,
1732 3500 76 70 by
1837 3498 206 57 Louise
2075 3501 48 52 I.

133 3576 1965 149 Capen … [and] D. Montfort Melchior … New York, Cincinnati [etc.] American book company [ c 1936]
203 3728 83 48 xii,
313 3729 84 40 575
423 3739 43 37 p.
525 3727 143 42 illus..
696 3729 179 48 diagrs.
934 3730 57 40 20½
1023 3732 44 22 cm
1071 3761 9 9 .

205 3784 250 49 “Reading
480 3786 78 40 for
588 3786 298 41 recreation”
918 3790 51 38 at
995 3789 91 39 end
1117 3788 52 40 of
1197 3788 117 40 each
1344 3788 202 47 chapter
1575 3787 170 48 except
1771 3786 203 48 chapter
2000 3793 126 40 xxv;

137 3841 70 39 “A
227 3843 217 48 working
465 3842 364 49 bibliography”
857 3846 50 39 at
934 3846 90 38 end
1048 3845 54 39 of
1123 3845 116 40 each
1269 3845 214 47 chapter.

139 3909 52 53 ©
230 3916 112 45 May
379 3915 69 46 29,
488 3916 112 40 1936;
668 3916 67 41 2c.
775 3918 126 39 June
939 3919 53 44 3;
1032 3918 81 38 aff.
1153 3919 127 39 June
1318 3919 53 44 4;
1412 3919 40 38 A
1487 3917 172 48 95536;
1701 3918 144 44 Amer.
1898 3917 123 40 book
2061 3928 67 28 co.

210 3970 278 49 [Copyright
523 3973 41 39 is
599 3973 204 40 claimed
842 3984 60 28 on
938 3975 223 48 changes]
1239 3974 278 52 (36-11432)
