2519 4377
1135 4082 98 52 197

281 562 10 17 x,
322 531 87 41 280
439 542 42 38 p.
541 529 57 42 23½
629 532 45 22 cm
680 562 9 9 .

246 588 348 48 Bibliography
612 597 10 29 :
656 597 45 38 p.
731 585 216 40 260-266.

175 657 52 52 ©
258 661 108 39 Jan.
396 661 69 45 31,
497 659 139 46 1936;
671 659 65 39 2c.
770 659 93 38 and
897 657 82 41 aff.
1012 657 109 39 Feb.
1155 658 80 37 10:
1271 656 39 39 A
1342 656 143 40 91684
1504 666 7 33 ;
1546 654 280 48 University
1858 654 54 41 of
243 654 1912 102 Pennsylvania
421 727 150 37 press.
644 714 250 49 (36-6338)

174 819 288 63 Sheffield,
491 821 144 61 Roy,
670 824 169 49 1906-

245 889 1930 73 Bolivian spy? By Roy Sheffield … with illustrations from
173 974 392 68 photographs
608 972 75 68 by
729 972 93 53 the
871 971 219 53 author.
1181 969 257 68 London,
1485 968 317 54 Marchand
1851 987 174 50 press,
2071 970 101 52 ltd.

179 1054 152 66 [1935]

244 1123 64 47 xi,
336 1121 174 41 13-256
535 1132 43 37 p.
638 1121 163 46 front.,
830 1121 169 47 plates,
1029 1121 148 48 ports.
1237 1119 58 41 20½
1325 1122 44 21 cm
1374 1152 9 8 .

247 1179 69 39 “A
363 1178 150 40 series
561 1178 51 39 of
662 1178 329 39 adventurous
1039 1177 309 47 experiences
1398 1177 47 39 in
1497 1177 81 40 the
1626 1177 149 40 cattle
1824 1178 204 46 country
2078 1179 95 39 and

175 1233 1054 51 swamps on the Bolivian border.”—p. [ii]
245 1293 161 39 “First
440 1290 227 42 edition.”

177 1362 1999 54 © 1c. Feb. 6, 1936; A ad int. 21090; pubd. Dec. 9, 1935; James Roy
249 1424 235 46 Sheffield,
519 1422 230 47 Barking.
785 1423 165 44 Essex,
986 1421 236 46 England.
1295 1419 251 48 (36-6658)

177 1527 213 65 Smith,
417 1527 244 55 Clifford
687 1527 257 64 Pabody,
974 1532 170 48 1869-

247 1605 315 56 Historical
602 1605 112 53 and
751 1603 395 69 biographical
1183 1623 234 48 papers:
1458 1603 251 53 sketches
1749 1603 152 53 from
1939 1605 93 52 the
2072 1603 104 54 life

178 1685 64 54 of
269 1687 169 64 Mary
465 1684 190 53 Baker
685 1684 172 65 Eddy
885 1683 111 52 and
1025 1683 94 51 the
1149 1682 221 67 history
1400 1682 61 52 of
1493 1682 294 55 Christian
1816 1682 211 54 science
2080 1684 91 67 [by]

182 1759 1994 67 Clifford P. Smith … Second series. Boston, Mass., The
181 1840 291 55 Christian
499 1839 213 54 science
735 1838 334 67 publishing
1093 1837 210 67 society
1334 1872 12 33 [
1352 1844 17 21 c
1375 1842 133 48 1936
1514 1873 12 32 ]

248 1914 67 47 iii,
346 1913 88 40 103
459 1923 40 37 p.
558 1912 56 39 20½
646 1914 45 20 cm
697 1943 8 8 .

180 1979 53 53 ©
265 1984 109 39 Jan.
406 1983 69 47 22,
509 1981 140 47 1936;
684 1981 67 41 2c.
781 1982 95 38 and
910 1980 81 40 aff.
1025 1981 109 39 Jan.
1168 1980 55 40 25
1242 1991 8 34 ;
1286 1981 40 38 A
1358 1980 170 46 91455;
1565 1980 251 41 Christian
1851 1980 185 42 science
2071 1984 108 46 pub.

250 2050 93 31 soc.

180 2141 187 54 South
414 2144 256 50 western
717 2145 269 62 reporter.
1065 2140 218 54 Second
1328 2140 184 53 series.
1590 2141 167 53 Cases
1804 2142 216 66 argued
2068 2142 110 52 and

251 2219 349 54 determined
637 2218 59 53 in
731 2219 95 53 the
863 2223 187 50 courts
1085 2218 62 52 of
1182 2218 311 56 Arkansas.
1531 2218 323 68 Kentucky,
1887 2218 292 59 Missouri,

252 2299 326 63 Tennessee,
605 2299 201 55 Texas,
833 2296 140 52 with
1000 2296 108 66 key
1134 2297 236 52 number
1399 2298 378 52 annotations.
1842 2299 242 52 Volume
2115 2303 63 49 85

263 2375 127 66 (2d)
434 2375 261 58 October,
731 2378 148 49 1935.
952 2375 81 54 St.
1069 2374 164 56 Paul,
1264 2377 158 52 West
1456 2374 335 68 publishing
1825 2394 97 47 co.,
1959 2379 149 50 1935.

318 2446 628 50 xv, 1229 p. diagrs. 26 cm .
183 2514 53 53 ©
265 2519 112 39 Dec.
407 2519 40 45 7,
477 2516 140 47 1935;
649 2517 67 40 2c.
745 2518 109 39 Jan.
885 2517 68 47 18,
985 2516 140 47 1936;
1160 2515 81 42 aff.
1274 2517 109 40 Jan.
1415 2516 82 48 20;
1531 2518 40 38 A
1602 2517 170 40 91370:
1806 2518 133 40 West
1970 2519 110 47 pub.
2112 2528 69 30 co.

183 2636 250 64 Steiner,
461 2636 133 54 Carl
618 2636 163 63 Lyle.

254 2711 1922 70 The,Constitution of the United States explained … by Carl
187 2790 1171 68 Lyle Steiner … Chicago, Ill. [ c 1936]
256 2863 58 42 96
343 2873 43 39 p.
446 2863 128 40 illus.
603 2863 135 48 (incl.
771 2863 173 49 ports.)
1011 2863 56 41 17½
1099 2865 44 22 cm
1149 2895 8 9 .

186 2918 52 53 ©
281 2923 108 39 Jan.
433 2923 68 46 14,
545 2922 141 45 1936;
731 2922 67 39 2c.
842 2923 109 38 Jan.
994 2921 69 48 22,
1108 2922 81 39 aff.
1235 2922 109 41 Feb.
1389 2923 52 45 6;
1487 2922 39 39 A
1569 2922 171 47 91636;
1787 2923 50 41 O.
1881 2923 51 41 L.
1977 2923 205 49 Steiner,

255 2979 223 47 Chicago.
549 2978 251 48 (36-6060)

184 3081 405 64 Stratemeier,
619 3081 183 53 Klaas
829 3081 199 55 Jacob.

254 3157 322 67 Preaching
611 3158 196 54 Christ
841 3158 59 52 in
937 3158 269 67 Corinth;
1243 3158 682 67 exegetical-homiletical
1960 3178 220 35 sermon

186 3234 1935 69 outlines on First Corinthians, by Klaas Jacob Stratemeier …
186 3313 1887 68 Grand Rapids, Mich., Zondervan publishing house [ c 1936]
255 3385 86 39 114
372 3395 44 38 p.
476 3384 55 40 20
535 3387 44 20 cm
583 3416 9 8 .

188 3438 53 52 ©
275 3443 107 39 Jan.
415 3442 69 43 28,
519 3442 140 41 1936;
692 3443 67 39 2c.
794 3442 95 40 and
924 3443 82 40 aff.
1041 3444 110 39 Feb.
1186 3444 52 45 3;
1275 3444 41 38 A
1349 3443 171 47 91595;
1559 3444 282 39 Zondervan
1876 3444 108 48 pub.
2019 3445 163 40 house.

266 3497 249 48 (36-6097)

187 3599 254 66 Tidwell,
470 3603 205 52 Josiah
704 3603 199 63 Blake,
935 3604 168 54 1870-

258 3678 296 67 Thinking
580 3679 249 66 straight
856 3681 171 51 about
1052 3681 95 52 the
1175 3680 164 53 Bible
1356 3701 11 45 ;
1398 3700 80 46 or,
1504 3682 60 52 Is
1591 3682 96 52 the
1713 3681 164 54 Bible
1904 3683 95 51 the
2027 3682 152 52 word

190 3756 1990 70 of God? By Josiah Blake Tidwell … Nashville, Tenn„
189 3834 734 67 Broadman press [ c 1935]
260 3905 83 40 152
374 3916 45 38 p.
476 3904 57 41 20
537 3907 44 21 cm
585 3938 9 9 .

191 3958 54 52 ©
271 3963 108 39 Jan.
405 3964 40 43 4,
474 3963 112 39 1936
605 3973 8 35 ;
643 3963 67 39 2c.
739 3964 108 39 Jan.
875 3964 81 40 10:
987 3963 81 42 aff.
1097 3965 108 39 Jan.
1233 3964 83 47 30;
1347 3965 40 38 A
1414 3964 170 41 90636:
1620 3966 198 46 Sunday
1845 3967 162 38 school
2033 3967 149 40 board

262 4019 54 39 of
337 4020 82 39 the
443 4019 241 41 Southern
709 4020 198 42 Baptist
928 4021 301 43 convention,
1255 4020 265 42 Nashville.
1584 4021 225 44 (36-6095)
