2519 4377
1129 4090 64 39 641

211 519 75 39 An
310 519 215 47 analysis
547 519 52 39 of
622 520 81 41 the
724 519 207 48 findings
956 519 52 40 of
1030 520 81 39 the
1134 518 232 41 National
1391 528 176 38 survey
1591 518 53 41 of
1665 518 236 48 potential
1926 518 204 47 product

143 577 234 47 capacity.

145 643 1847 54 © Apr. 24, 1936: 2c. and aff. Apr. 29 ; A 93888 ; Basic books, inc.
209 704 292 48 (36-10542)

141 805 257 66 London,
426 807 135 65 Geo,
591 811 170 49 1885-

273 883 1861 68 … Les grands procès de l’année 1935. Paris, Les Editions
142 962 67 53 de
233 963 233 66 France,
489 969 17 20 c
513 965 148 50 1936.

217 1034 676 49 2 p. l., 293 p., 2. l. 19 cm .
213 1092 62 39 At
306 1092 123 39 head
459 1092 51 40 of
541 1091 110 40 title
668 1103 8 28 :
711 1091 95 40 Geo
839 1092 196 38 London

143 1159 1992 58 © Mar. 25, 1936 ; 1c. May 11 ; A-Foreign 31731 ; Éditions de France
142 1285 362 64 Macdonald,
532 1285 220 54 Austin
780 1285 236 60 Faulks,
1048 1291 169 49 1898-

209 1358 305 55 American
541 1361 118 68 city
685 1366 369 63 government
1083 1360 112 53 and
1223 1359 481 69 administration,
1729 1360 76 69 by
1833 1361 211 52 Austin
2066 1360 66 53 F.

143 1437 1989 68 Macdonald … Rev. ed. … New York, Thomas Y. Crowell
141 1533 278 52 company
456 1549 12 34 [
473 1521 18 23 c
496 1518 151 64 1936]

212 1590 101 47 xiii,
358 1589 84 42 773
485 1599 43 38 p.
588 1589 129 41 illus.
747 1590 157 48 (map)
960 1589 179 47 diagrs.
1210 1587 55 41 22½
1299 1590 45 23 cm
1347 1621 8 8 .
1440 1586 270 51 (Crowell’s
1757 1587 145 42 social
1950 1587 185 43 science

143 1647 162 49 series,
332 1649 160 40 edited
521 1647 60 47 by
611 1645 122 42 Seba
762 1647 253 48 Eldridge)

213 1704 171 42 “Sixth
410 1704 218 48 printing
664 1704 130 49 (first
820 1705 218 47 printing
1063 1704 53 40 of
1141 1703 188 41 revised
1356 1703 246 48 edition)”

213 1761 245 42 “Selected
485 1761 299 41 references”
809 1765 51 36 at
885 1762 90 40 end
1003 1761 52 40 of
1079 1762 118 40 each
1222 1762 213 46 chapter.

145 1830 52 52 ©
232 1835 112 46 May
376 1834 38 46 8,
447 1832 116 41 1936
578 1845 8 36 ;
621 1833 66 41 2c.
722 1835 93 38 and
849 1833 81 40 aff.
964 1834 113 46 May
1108 1834 55 38 14
1180 1843 9 37 ;
1225 1834 45 44 A,
1297 1832 143 41 94420
1458 1844 9 36 ;
1503 1834 210 39 Thomas
1743 1834 53 40 Y.
1831 1834 207 39 Crowell
2071 1843 65 30 co.

224 1889 278 49 (36-30549)

143 1992 370 63 Macfadden,
539 1993 260 52 Bernarr
824 1991 324 63 Adolphus,
1179 1997 169 49 1868-

146 2066 1989 148 Preparing for motherhood; a guide for the care and training of the expectant mother, by Bernarr Macfadden … New
148 2223 176 69 York,
350 2223 351 56 Macfadden
730 2224 146 54 book
905 2241 294 51 company,
1229 2224 125 67 inc.,
1385 2229 147 50 1936.

219 2296 1583 50 1 p. l. , vii-xv p., 1 l., 267 p. front, (port.) illus. 19½ cm .
147 2364 52 53 ©
230 2370 120 37 Mar.
383 2368 71 47 24,
488 2367 140 48 1936;
665 2368 67 42 2c.
766 2370 94 38 and
894 2368 53 39 aff.
1012 2369 121 40 Mar.
1168 2368 81 46 26;
1287 2369 39 38 A
1360 2367 170 43 92552:
1570 2369 290 39 Macfadden
1899 2369 122 39 book
2056 2379 83 37 co.,

216 2425 90 42 inc.
372 2424 278 48 (36-10640)

146 2526 300 65 Marshall,
474 2527 277 64 Herbert,
783 2528 170 54 1887-

146 2599 1966 149 Canadian-American industry; a study in international investment, by Herbert Marshall … Frank A. Southard, jr. …
144 2755 1994 149 [and] Kenneth W. Taylor … with an excursus on the Canadian balance of payments by Frank A. Knox … New Haven,
151 2913 140 53 Yale
330 2913 317 69 university
688 2931 184 50 press;
916 2914 269 66 Toronto,
1225 2913 121 52 The
1388 2913 256 68 Ryerson
1687 2932 173 51 press,
1906 2912 94 54 for
2043 2915 95 51 the

148 2990 275 70 Carnegie
457 2992 353 52 endowment
844 2990 92 53 for
970 2989 406 54 international
1409 3008 185 51 peace,
1624 2990 266 54 Division
1922 2990 65 55 of
148 3008 1965 116 economics
386 3071 112 51 and
529 3070 238 68 history,
797 3072 149 49 1936.

219 3142 102 49 xiii,
365 3142 69 51 [2],
472 3141 86 41 360
594 3151 43 38 p.
706 3142 116 40 fold,
860 3152 151 37 maps,
1050 3141 156 41 tables
1235 3142 134 47 (part
1406 3140 143 49 fold.)
1600 3142 178 46 diagrs.
1846 3140 58 41 25
1906 3143 43 21 cm
1954 3174 9 8 .
2045 3140 91 50 (On

148 3209 164 32 cover:
352 3200 100 40 The
497 3197 233 42 relations
773 3199 53 39 of
865 3198 199 41 Canada
1107 3200 95 38 and
1245 3199 80 40 the
1371 3197 179 41 United
1596 3197 162 41 States
1806 3209 40 39 [a
1893 3200 151 38 series
2089 3199 51 39 of

149 3256 185 40 studies
370 3257 235 47 prepared
645 3257 154 39 under
835 3257 83 39 the
959 3255 235 41 direction
1234 3255 53 40 of
1323 3255 83 41 the
1446 3253 235 50 Carnegie
1721 3256 301 40 endowment
2063 3255 77 40 for

150 3313 344 41 international
519 3323 157 37 peace,
703 3312 223 41 Division
951 3313 52 39 of
1024 3312 266 41 economics
1317 3314 95 39 and
1438 3312 230 51 history])

220 3370 138 48 Maps
386 3382 58 28 on
473 3370 359 47 lining-papers.

151 3437 52 52 ©
232 3442 112 47 Apr.
372 3441 70 46 21,
471 3440 112 40 1936
601 3452 9 36 ;
641 3442 66 39 2c.
740 3443 114 45 May
881 3441 26 39 9
925 3452 8 31 ;
966 3441 81 40 aff.
1077 3442 112 46 May
1219 3442 27 39 8
1262 3451 9 36 ;
1304 3442 40 37 A
1373 3440 144 40 95066
1535 3451 8 36 ;
1573 3441 237 47 Carnegie
1837 3442 304 39 endowment

220 3498 77 39 for
322 3497 214 40 internatl.
597 3508 157 38 peace,
780 3498 117 39 New
921 3498 144 40 York.
1130 3497 279 50 (36-10543)

151 3599 236 64 Melton,
413 3598 253 55 William
690 3600 241 62 Walter,
958 3603 170 52 1879-

219 3674 120 52 The
386 3674 308 67 splendour
743 3674 63 53 of
853 3675 112 52 His
1015 3675 183 68 glory,
1248 3675 111 52 and
1413 3675 160 51 other
1626 3674 366 68 evangelistic
151 3673 1965 146 addresses,

419 3751 1722 70 by W. W. Melton … New York [etc.] Fleming H.
150 3828 728 70 Revell company [ c 1936]
220 3901 85 41 160
336 3914 42 37 p.
439 3902 55 40 19½
527 3905 44 21 cm
575 3936 7 8 .

155 3957 52 51 ©
241 3963 113 46 May
386 3962 39 46 9,
459 3961 113 40 1936
590 3972 8 36 ;
631 3961 66 40 2c.
733 3962 98 39 and
862 3961 82 40 aff.
981 3962 112 46 May
1126 3961 55 39 15
1198 3971 9 36 ;
1243 3961 41 38 A
1317 3960 143 41 95182
1478 3970 9 37 ;
1526 3961 220 46 Fleming
1778 3961 60 39 H.
1874 3960 166 39 Revell
2075 3970 68 31 co.

257 4017 229 37 (36-10587)
