2519 4377
1004 4111 96 49 123

67 457 270 64 Blanton,
367 456 237 64 Smiley,
639 462 170 49 1882-

138 533 1925 68 For stutterers, by Smiley Blanton … and Margaret Gray
69 610 1993 67 Blanton; with an introduction by J. Ramsay Hunt … New
69 689 176 65 York,
283 689 257 63 London,
579 690 70 51 D.
690 687 579 67 Appleton-Century
1308 705 296 49 company,
1644 688 418 68 incorporated,

70 770 146 51 1936.

132 839 64 48 xi,
227 839 70 49 [1],
324 837 82 40 191
434 849 43 37 p.
534 836 53 41 19
589 840 45 22 cm
639 868 9 9 .

63 906 2000 53 © Jan. 3, 1936; 2c. and aff. Jan. 6; A 91043; D. Appleton-Century co.,
133 966 90 41 inc.
294 965 278 50 (36-27053)

65 1071 231 62 Bowen,
328 1069 326 54 Elizabeth.

135 1147 121 52 The
280 1147 172 53 house
479 1145 60 53 in
566 1146 185 65 Paris,
778 1145 75 67 by
882 1143 300 55 Elizabeth
1210 1147 229 52 Bowen.
1513 1145 138 54 New
1681 1145 180 66 York,
1888 1146 70 54 A.
1989 1148 72 52 A.

66 1224 221 67 Knopf,
316 1226 148 50 1936.

135 1294 625 52 5 p. l., 3-268, [2] p. 19½cm.
137 1352 163 41 “First
324 1351 257 41 American
603 1349 228 42 edition.”

63 1406 52 53 ©
140 1411 110 39 Feb.
273 1409 69 46 21,
369 1409 112 40 1936;
535 1408 66 40 2c.
626 1408 96 39 and
748 1406 80 41 aff.
858 1406 109 40 Feb.
993 1406 82 44 24;
1103 1407 43 38 A
1169 1405 170 47 91902;
1370 1405 256 41 Elizabeth,
1651 1408 56 40 D.
1735 1408 48 40 C.
1811 1408 252 49 Cameron,

135 1467 89 41 Old
254 1466 323 47 Headington,
610 1464 200 47 Oxford,
843 1464 235 47 England.
1150 1462 249 48 (36-4991)

62 1570 231 64 Brown,
323 1568 158 65 Alec,
515 1573 169 50 1900-

63 1643 1975 149 … Daughters of Albion; a novel. Garden City, N. Y., Doubleday,
311 1726 199 52 Doran
537 1723 112 52 and
678 1741 297 48 company,
1003 1721 125 67 inc.,
1158 1724 150 52 1936.

134 1783 751 63 5 p. l., 694 p. 1 illus. 22 cm .
134 1853 289 41 Illustrated
453 1852 97 48 t.-p.

134 1910 164 39 “First
325 1906 227 43 edition.”

61 1963 52 53 ©
244 1998 7 7 Feb.
284 1967 37 48 7,
352 1965 140 46 1936;
523 1965 67 40 2c.
619 1965 97 39 and
745 1963 81 40 aff.
859 1963 109 40 Feb.
999 1963 82 46 24;
1114 1963 40 39 A
1184 1962 170 48 90882;
1387 1964 299 47 Doubleday,
1718 1965 170 39 Doran
1913 1966 38 39 &
1979 1975 84 40 co.,

130 2024 89 39 inc.
290 2022 250 49 (36-4988)

63 2126 220 64 Canby,
313 2127 207 62 Henry
548 2123 210 62 Seidel,
794 2126 168 53 1878-

134 2202 172 53 Alma
345 2207 209 62 mater;
597 2201 99 53 the
734 2199 211 56 Gothic
984 2218 103 52 age
1129 2199 63 52 of
1232 2200 95 52 the
1369 2199 309 55 American
1717 2201 229 70 college,
1989 2201 71 69 by

61 2283 204 69 Henry
297 2281 190 56 Seidel
518 2280 229 68 Canby;
782 2280 326 52 illustrated
1141 2279 74 69 by
1250 2278 237 55 Charles
1518 2280 89 55 W.
1645 2279 208 55 Smith.
1922 2281 137 53 New

65 2356 1488 73 York, Farrar & Rinehart, incorporated [ c 1936]
132 2437 104 46 xiii,
261 2434 88 42 259
373 2446 44 37 p.
473 2435 171 48 plates.
700 2433 55 40 21
759 2436 44 22 cm
808 2466 9 8 .

134 2494 69 39 “A
235 2493 146 47 study
412 2491 51 40 in
495 2500 228 39 memory,
757 2501 27 30 a
818 2489 190 42 critical
1041 2489 200 40 memoir
1275 2490 52 40 of
1359 2501 27 30 a
1421 2490 112 48 long
1565 2490 181 48 college
1777 2492 284 46 experience

62 2550 49 40 in
138 2561 26 29 a
193 2550 115 41 time
335 2549 51 41 of
413 2550 183 46 change
621 2549 140 39 when
789 2546 274 41 sometimes
1091 2548 82 39 the
1197 2547 178 47 college
1402 2547 172 41 moved
1600 2547 162 41 faster
1788 2549 94 39 and
63 2558 1981 90 sometimes
235 2608 82 40 the
345 2604 442 49 country.”—Pref.

59 2661 52 52 ©
141 2665 110 40 Feb.
281 2663 69 49 20,
381 2662 141 47 1936;
554 2662 67 40 2c.
654 2662 111 39 Feb.
796 2661 81 40 24:
912 2661 81 39 aff.
1025 2661 110 39 Feb,
1166 2660 82 40 21:
1283 2661 39 38 A
1354 2660 172 47 90884;
1561 2662 60 40 H.
1654 2661 42 41 S.
1730 2662 180 47 Canby,
1943 2663 118 37 New

128 2722 143 39 York.
343 2719 278 49 (36-27096)

62 2824 295 65 Chappell,
391 2823 197 55 Clovis
618 2822 253 64 Gilham,
907 2828 170 49 1882-

135 2899 328 70 Chappell’s
511 2899 211 69 special
772 2903 111 64 day
930 2917 249 36 sermons
1328 2933 13 33 [by]
1396 2898 194 57 Clovis
1637 2899 68 56 G.
1757 2901 300 66 Chappell.

62 2980 311 66 Nashville,
407 2978 330 68 Cokesbury
766 2996 156 50 press
958 3014 12 32 [
976 2984 17 21 c
1000 2982 133 49 1936
1137 3012 13 33 ]

132 3053 86 40 204
238 3064 42 37 p.
341 3051 58 41 19½cm.

59 3106 51 53 ©
139 3111 110 39 Jan.
282 3110 38 45 2,
354 3109 140 43 1936;
529 3109 66 40 2c.
629 3109 109 39 Jan.
770 3108 81 45 27;
887 3107 81 40 aff.
1003 3108 110 40 Feb.
1147 3108 52 42 1;
1234 3108 41 38 A
1305 3107 171 41 91723:
1513 3107 268 41 Whitmore
1816 3109 35 39 &
1887 3108 171 49 Smith,

127 3167 265 40 Nashville.
463 3165 250 48 (36-5073)

62 3270 165 54 Child
255 3270 182 63 study
461 3268 357 55 association
845 3269 63 52 of
934 3268 293 62 America,
1254 3268 110 54 inc.

130 3345 259 54 Parents’
418 3344 288 69 questions
758 3345 93 66 [by]
887 3344 137 54 staff
1050 3344 274 54 members
1354 3343 64 55 of
1447 3344 95 54 the
1574 3342 174 56 Child
1773 3344 171 68 study
61 3363 1973 115 association
366 3423 64 53 of
458 3421 285 69 America,
779 3422 233 55 Sidonie
1042 3422 257 53 Matsner
1332 3421 354 68 Gruenberg,
1720 3420 184 55 Cécile
1939 3421 117 53 Pil

65 3499 1994 71 pel, Josette Frank [and others] … New York and London,
61 3580 230 67 Harper
313 3581 45 50 &
377 3578 277 66 brothers,
685 3582 150 49 1936.

129 3653 97 45 xiv,
250 3653 88 41 312
361 3664 43 37 p.
455 3651 59 42 19½cm.

131 3706 1923 51 “The organizing and editing of the material has been … [the] task [of]
63 3765 113 40 Mrs.
227 3764 170 48 Zilpha
451 3764 295 41 Carruthers
799 3762 488 49 Franklin.”—Pref.,
1338 3763 195 48 signed:
1589 3763 196 41 Sidonie
1838 3764 219 40 Matsner

63 3821 290 47 Gruenberg,
386 3820 224 40 director.

132 3876 162 40 “First
321 3875 226 41 edition.”

128 3929 186 42 “Books
340 3931 79 40 for
445 3930 194 41 further
669 3929 228 48 reading”:
952 3940 42 36 p.
1022 3929 217 41 291-305.

59 3984 51 53 ©
136 3989 108 40 Feb.
273 3991 39 46 7,
340 3989 112 41 1936;
508 3990 67 39 2c.
604 3990 108 38 Feb.
742 3989 25 39 6;
825 3989 80 40 aff.
936 3990 110 39 Feb.
1073 3990 54 39 10;
1185 3990 39 38 A
1253 3989 141 42 91671;
1455 3991 193 48 Harper
1677 3991 37 41 &
1737 3992 124 39 bros.

139 4045 277 50 (36-27089)
