2519 4377
1077 4128 101 49 243

125 482 286 53 Morstein
438 484 188 61 Marx,
654 480 181 56 Fritz.

196 557 386 56 Government
612 557 62 53 in
708 558 95 52 the
836 556 157 54 third
1028 556 171 69 reich,
1232 556 75 69 by
1340 555 161 55 Fritz
1534 556 278 55 Morstein
1845 557 172 53 Marx
2056 602 55 10 ...

127 636 139 52 with
306 654 31 34 a
377 635 284 53 foreword
698 634 76 69 by
809 635 89 54 W.
938 635 70 53 Y.
1046 633 223 54 Elliott.
1347 639 84 48 1st
1466 635 85 52 ed.
1626 636 139 52 New
1802 635 163 53 York
2005 637 107 52 and

126 713 254 67 London,
415 711 429 56 McGraw-Hill
878 712 147 53 book
1060 730 297 50 company,
1390 712 126 68 inc.,
1554 717 149 50 1936.

197 787 64 46 xi,
291 785 86 42 158
407 796 41 37 p.
509 785 58 41 23½
597 788 43 21 cm
645 816 8 10 .

199 842 205 41 “Notes”
434 845 53 37 at
513 843 92 39 end
632 842 54 39 of
714 842 116 40 each
860 842 214 47 chapter.

125 909 52 52 ©
207 913 108 39 Feb,
344 911 70 45 21,
444 911 112 41 1936;
615 912 67 40 2c.
715 912 109 39 Feb.
855 912 82 46 25;
969 911 81 40 aff.
1083 912 109 40 Feb.
1221 911 83 46 26;
1338 912 41 38 A
1409 910 170 49 90989;
1612 912 349 41 McGraw-Hill
1997 913 122 41 book

195 981 80 37 co.,
305 970 90 40 inc.
462 969 250 48 (36-7165)

125 1069 446 67 Oppenheimer,
598 1072 163 62 Karl,
788 1072 169 54 1874-
1191 1072 83 51 ed.

195 1149 250 53 Tabulae
492 1149 339 67 biologicae;
880 1149 84 52 ed.;
1039 1151 90 52 W.
1176 1149 188 66 Junk;
1414 1149 153 67 hrsg.
1614 1167 110 34 von
1774 1149 61 54 C.
124 1148 1970 130 Oppenheimer

362 1227 117 52 und
504 1228 63 51 L.
595 1229 326 51 Pincussen.
984 1226 510 67 General-register
1521 1245 69 33 zu
1616 1227 152 52 band
1817 1260 37 5 I-X
1950 1230 172 48 [1925-

128 1307 149 63 1935]
357 1305 125 52 Den
510 1306 190 65 Haag,
725 1306 87 53 W.
842 1304 176 66 Junk,
1049 1307 148 51 1935.

195 1376 135 47 xxiii,
361 1377 84 40 584
474 1388 42 36 p.
569 1376 56 40 26
627 1379 45 20 cm
677 1407 8 7 .

127 1429 1750 53 © Oct. 15, 1935; 1c. Feb. 26, 1936; A-Foreign 30792; W. Junk.
127 1551 370 63 Overholser,
523 1550 188 55 Willis
736 1551 71 53 A.

197 1631 54 51 A
280 1630 160 52 short
471 1628 204 54 review
707 1629 112 52 and
851 1628 248 67 analysis
1131 1627 63 54 of
1225 1628 95 53 the
1352 1628 222 67 history
1606 1629 63 52 of
1699 1647 203 49 money
1933 1628 61 52 in
2023 1629 97 52 the

127 1707 215 55 United
370 1706 205 66 States,
598 1705 141 53 with
765 1724 71 34 an
859 1704 389 55 introduction
1272 1710 58 48 to
1355 1706 95 52 the
1474 1711 228 48 current
1725 1724 203 49 money
127 1707 1969 144 problem,

291 1785 75 66 by
402 1782 191 57 Willis
631 1784 72 52 A.
745 1783 342 55 Overholser
1131 1825 56 10 ...
1265 1783 393 68 Libertyville,
1695 1783 114 67 Ill.,
1847 1785 275 67 Progress

128 1863 332 66 publishing
487 1879 254 48 concern,
768 1867 18 22 c
792 1863 148 51 1936.

200 1934 54 40 61
283 1944 57 37 p.,
367 1935 24 38 1
441 1965 9 8 l.
510 1933 127 40 illus.
668 1932 171 49 (port.)
907 1933 55 39 23
965 1934 44 21 cm
1014 1964 9 9 .

130 1988 52 53 ©
221 1992 109 39 Feb.
374 1991 69 46 26,
485 1990 140 46 1936;
668 1990 67 40 2c.
778 1991 97 39 and
915 1988 82 43 aff.
1041 1990 110 40 Feb.
1188 1989 84 47 29;
1314 1990 43 39 A
1394 1989 170 48 91970;
1609 1991 70 40 W.
1720 1991 55 40 A.
1818 1989 303 50 Overholser,

200 2048 326 47 Libertyville,
564 2048 75 39 Ill.
717 2046 250 50 (36-7030)

129 2149 205 65 Parks,
362 2150 126 53 Edd
513 2147 289 65 Winfield,
828 2149 84 53 ed.

198 2222 284 57 Southern
512 2228 187 65 poets;
733 2222 443 71 representative
1206 2222 311 70 selections,
1545 2222 139 54 with
1714 2222 408 70 introduction,

128 2302 423 71 bibliography,
576 2303 113 52 and
711 2307 158 49 notes
892 2302 76 69 by
993 2302 132 53 Edd
1146 2301 275 55 Winfield
1444 2302 185 53 Parks
1658 2345 55 10 ...
1778 2302 139 53 New
1942 2302 180 68 York,

130 2379 1535 70 Cincinnati [etc.] American book company [ c 1936]
197 2455 179 42 cxlviii,
416 2454 88 41 419
542 2464 43 37 p.
646 2453 56 41 18½
735 2456 43 21 cm
782 2485 9 9 .
862 2452 275 51 (Half-title;
1199 2453 256 41 American
1498 2454 193 40 writers
1733 2453 177 47 series;
1956 2455 60 39 H.
2062 2455 59 41 H.

129 2510 160 50 Clark,
319 2512 195 47 general
541 2511 181 49 editor)

201 2569 223 40 Includes
446 2568 129 40 brief
596 2568 331 48 biographical
955 2568 221 41 sketches
1203 2567 53 41 of
1281 2569 126 40 most
1430 2568 52 40 of
1508 2569 81 40 the
1616 2570 149 46 poets.

198 2624 246 42 “Selected
474 2625 364 48 bibliography”;
900 2636 42 36 p.
974 2624 359 42 cxxxi-cxlviii.

199 2681 258 42 “Theories
485 2683 51 39 of
560 2685 171 45 poetry
758 2682 60 48 by
847 2677 341 46 southerners’';
1243 2693 44 37 p.
1316 2681 218 46 321-375.

132 2737 52 53 ©
216 2743 120 38 Mar.
368 2741 68 48 10,
469 2740 116 41 1936;
643 2741 68 40 2c.
743 2742 93 38 and
869 2741 82 39 aff.
985 2742 120 38 Mar.
1139 2742 56 39 13;
1252 2742 40 38 A
1325 2741 144 40 92212;
1534 2743 158 41 Amer,
1726 2744 122 39 book
1881 2754 66 30 co.

208 2797 248 49 (36-7131)

131 2901 208 64 Pawle,
368 2902 313 55 Kathleen.

206 2979 100 52 We
340 2979 58 51 in
434 2977 310 68 captivity;
785 2994 29 33 a
850 2977 164 52 novel
1050 2977 75 68 by
1161 2976 287 53 Kathleen
1485 2976 207 53 Pawle.
1769 2977 134 53 New
1952 2980 174 64 York,

134 3055 186 66 Dodd,
347 3055 167 52 Mead
541 3055 45 50 &
611 3072 297 50 company,
937 3057 148 49 1936.

205 3125 589 48 6 p. l., 3-374 p. 21 cm .
204 3182 287 40 Illustrated
521 3182 361 47 lining-papers.

134 3237 52 53 ©
214 3243 120 38 Mar.
363 3242 68 46 16,
458 3240 139 47 1936;
627 3240 68 41 2c.
724 3242 120 38 Mar.
873 3240 57 39 18;
985 3240 82 41 aff.
1096 3242 121 38 Mar.
1243 3241 81 45 17;
1356 3242 39 38 A
1423 3241 170 47 93223;
1625 3242 153 47 Dodd,
1810 3244 141 39 Mead
1981 3244 36 39 &
2044 3253 82 38 co.,

202 3298 89 40 inc.
357 3297 249 48 (36-7189)

136 3400 427 64 Philosophical
602 3419 186 48 essays
826 3401 95 51 for
957 3400 211 53 Alfred
1206 3401 186 53 North
1432 3401 359 67 Whitehead,
1830 3402 293 66 February

207 3476 281 71 fifteenth,
529 3477 259 54 nineteen
834 3478 261 52 hundred
1139 3479 111 51 and
1294 3478 315 68 thirty-six.
1683 3479 257 67 London,
1987 3480 135 52 New

209 3556 160 51 York
421 3562 118 61 [etc.]
574 3558 344 66 Longmans,
948 3555 184 55 Green
1166 3556 112 53 and
1308 3574 97 49 co.,
1438 3560 149 49 1936.

211 3629 79 47 vii,
319 3629 85 39 248
432 3639 43 37 p.
534 3628 55 39 22
593 3631 44 21 cm
642 3660 8 9 .

212 3685 161 40 “First
401 3684 224 41 edition.”

212 3740 227 41 “Printed
465 3743 52 39 in
546 3741 83 40 the
654 3741 180 40 United
863 3740 162 41 States
1052 3740 51 40 of
1127 3739 265 41 America.”

488 3797 162 40 CONTENTS.—The
678 3796 365 41 mathematical
1071 3797 309 47 background
1409 3797 94 39 and
1534 3799 195 38 content
1759 3797 51 42 of
1842 3797 157 41 Greek
147 3798 1963 102 philosophy,

396 3854 58 47 by
495 3853 49 40 F.
589 3854 44 40 S.
673 3853 48 41 C.
760 3853 422 47 Northrop.—The
1219 3862 90 31 one
1344 3854 94 39 and
1478 3853 82 40 the
1599 3864 142 37 many
1783 3854 50 39 in
1872 3855 155 48 Plato,
2066 3856 59 48 by

147 3908 214 47 Raphael
409 3911 188 38 Demos.
613 3932 60 6 —
690 3908 71 40 An
810 3909 327 41 introduction
1184 3913 48 36 to
1279 3910 81 39 the
1405 3910 71 39 De
1523 3910 154 40 modis
1723 3910 307 48 significandi
2077 3912 52 40 of

145 3964 206 41 Thomas
381 3966 51 39 of
458 3965 187 48 Erfurt,
675 3966 60 47 by
766 3966 135 40 Scott
927 3965 501 42 Buchanan.—Truth
1458 3966 60 48 by
1548 3967 299 47 convention,
1878 3968 60 47 by
1969 3969 73 40 W.
2073 3968 53 41 Y.

148 4019 421 50 Quine.—Logical
604 4021 273 49 positivism
913 4023 95 39 and
1044 4022 297 48 speculative
1375 4022 299 50 philosophy,
1708 4024 61 48 by
1803 4024 61 41 H.
1900 4024 45 41 S.
1983 4026 145 38 Leon-
