2519 4377
1311 4194 100 49 358

351 498 237 65 Serdac,
615 498 197 55 Alain.

516 564 1847 81 … Il pleut sur la mer. Paris, Les Éditions de France, c1935.
417 649 530 49 2 p. l., 233 p. 19cm.
352 703 2017 62 © Nov. 28, 1935; 1c. Feb. 17, 1936; A- Foreign 30607; Éditions de
423 772 200 40 France.
710 771 252 49 (36-8290)

357 874 305 67 [Simonet,
701 879 170 51 Mme.
912 874 370 66 Alphonsine
1312 876 121 65 (Va
1437 875 532 68 vasseur-Acher)]
2019 881 171 49 1886-

483 951 1433 71 … Fille de prince. Paris, J. Tallandier [1935]
420 1027 86 41 254
530 1038 58 39 p.,
615 1029 25 39 1
690 1058 9 10 l.
759 1028 117 42 19cm.

420 1085 231 41 Author’s
673 1086 182 47 pseud.,
882 1084 118 41 Max
1024 1085 65 39 du
1116 1083 186 50 Veuzit,
1327 1087 52 38 at
1402 1085 126 40 head
1555 1084 53 40 of
1631 1084 124 42 title.

351 1141 2000 110 © Nov. 23, 1935: 1c. Feb. 17, 1936; A-Foreign 30510; Société d’éditions et de publications, Paris. (36-8214)
351 1308 216 64 Smith,
595 1308 201 53 Frank
823 1307 302 65 Whitney,
1155 1309 172 55 1867-

424 1386 122 53 The
590 1403 127 36 case
759 1385 95 54 for
899 1385 228 69 private
1171 1385 341 69 enterprise;
1563 1403 69 35 an
1681 1386 234 54 address
1958 1386 287 54 delivered
2293 1388 73 66 by

352 1464 316 54 invitation
704 1471 59 47 at
801 1464 310 54 Princeton
1146 1464 323 69 university
1506 1484 72 34 on
1614 1465 313 53 December
1966 1469 83 64 12,
2089 1471 152 62 1935,
355 1467 1988 131 before
519 1562 32 35 a
589 1542 152 71 joint
776 1543 253 70 meeting
1066 1542 64 55 of
1169 1543 95 52 the
1300 1543 309 54 American
1649 1543 180 71 Whig
1865 1544 215 69 society
2119 1546 113 52 and
2273 1547 95 51 the

356 1622 1885 71 Cliosophic society of Princeton, by Frank W. Smith …
359 1704 347 68 [Princeton,
741 1703 70 54 N.
848 1704 75 67 J.]
963 1702 310 54 Princeton
1307 1701 320 70 university
1661 1721 176 50 press,
1876 1707 150 50 1936.

426 1776 446 52 19, [1] p. 23½cm.
429 1833 132 41 “The
599 1833 227 41 occasion
863 1833 52 40 of
952 1832 100 41 this
1089 1832 204 41 address
1330 1843 101 30 was
1467 1844 31 29 a
1536 1833 175 40 debate
1750 1844 59 30 on
1851 1834 82 40 the
1973 1833 224 49 question
2216 1846 9 28 :
355 1837 1997 97 ‘Resolved
540 1901 10 30 :
588 1891 132 41 That
754 1891 193 48 private
981 1889 273 49 enterprise
1285 1889 45 41 is
1366 1890 277 48 preferable
1679 1892 49 38 to
1763 1890 163 49 public
1963 1892 291 49 ownership,
2291 1893 78 40 for

354 1950 199 41 electric
580 1948 378 49 utilities’.”—p.
988 1948 57 51 [2]

428 2007 165 40 “First
622 2005 247 50 printing:
901 2006 226 47 January
1157 2004 160 42 1936.”

353 2062 54 53 ©
434 2067 110 39 Jan.
568 2065 70 47 27,
667 2064 142 46 1936;
838 2065 68 40 2c.
934 2063 96 40 and
1058 2064 83 40 aff.
1170 2064 111 40 Feb.
1309 2063 54 41 13;
1422 2064 40 39 A
1490 2063 171 47 90745;
1693 2064 50 39 F.
1773 2065 71 39 W.
1877 2064 173 49 Smith,
2079 2066 117 39 New
2225 2066 145 40 York.

438 2123 253 48 (36-8167)

353 2226 286 67 Stafford,
666 2226 157 56 Ann.

424 2305 123 54 The
567 2322 168 51 game
757 2303 114 54 and
896 2302 95 54 the
1013 2302 219 68 candle,
1255 2303 72 66 by
1350 2302 136 52 Ann
1513 2301 275 56 Stafford.
1849 2302 261 68 London,
2132 2301 238 71 Collins,

353 2386 154 52 1936.

423 2459 89 41 320
546 2470 31 38 p
654 2457 149 42 19½cm..

355 2512 2015 54 © 1c. Mar. 25, 1936: A ad int. 21218; pubd. Jan. 27; Anne Isabel
427 2573 219 42 Stafford
681 2573 187 46 Pedler,
904 2572 213 40 London.
1192 2569 252 49 (36-8281)

353 2665 199 64 Steen,
579 2661 391 67 Marguerite.

426 2736 1943 71 The tavern, by Marguerite Steen … Indianapolis, New
356 2819 179 67 York,
567 2819 123 53 The
719 2817 447 54 Bobbs-Merrill
1198 2834 281 51 company
1534 2819 176 65 [c1936]

424 2894 89 42 310
543 2906 44 38 p.
647 2892 62 43 20½cm.

428 2952 165 40 “First
620 2950 230 42 edition.”

356 3006 53 53 ©
438 3010 114 47 Apr.
583 3010 39 42 6,
653 3008 143 47 1936;
828 3008 67 39 2c.
926 3008 114 47 Apr.
1074 3007 81 40 10:
1186 3005 83 42 aff.
1301 3007 114 47 Apr.
1446 3005 52 46 9;
1533 3006 40 39 A
1603 3005 172 47 93603;
1812 3008 62 39 M.
1910 3007 157 48 Steen,
2102 3007 267 46 Paddocks,

426 3066 524 47 Grange-over-Sands,
989 3065 237 47 England.

356 3159 263 63 Stobart,
669 3157 192 54 Mabel
910 3155 193 55 Annie
1135 3155 316 67 (Boulton)
1507 3156 172 52 “Mrs.
1726 3154 88 55 St.
1861 3154 159 56 Clair
2067 3155 300 62 Stobart,”

429 3242 172 50 1862-

427 3314 271 53 Miracles
736 3312 113 53 and
890 3311 371 66 adventures;
1305 3327 70 35 an
1417 3308 480 70 autobiography,
1936 3308 76 68 by
2050 3309 79 53 M.
2172 3308 70 56 A.
2286 3309 82 55 St.

358 3392 161 55 Clair
548 3392 251 55 Stobart.
875 3389 260 64 London,
1161 3388 180 53 Rider
1368 3389 44 50 &
1439 3406 78 34 co.
1571 3390 152 62 [1935]

429 3463 85 40 383
543 3473 43 37 p.
646 3461 165 47 front.,
844 3462 126 39 illus.
1000 3460 160 48 (map)
1200 3461 171 46 plates,
1403 3461 148 45 ports.
1612 3459 145 40 23½cm.

358 3519 2011 55 © 1c. Feb. 29, 1936; A ad int. 21163; pubd. Jan. 2; E. P. Dutton & co.,
428 3581 105 47 inc.,
568 3582 122 39 New
720 3581 144 40 York.
940 3578 252 49 (36-8225)

356 3672 318 64 Thomson,
702 3673 100 54 Sir
827 3671 162 53 Basil
1016 3671 208 61 Home,
1256 3675 170 49 1861-

429 3748 122 53 The
583 3753 159 63 story
773 3747 64 53 of
871 3747 274 55 Scotland
1180 3748 143 66 yard
1383 3746 75 67 [by]
1516 3745 96 55 Sir
1646 3744 157 54 Basil
1841 3746 305 52 Thomson.
359 3745 1984 135 Garden
502 3826 153 69 City,
688 3827 70 53 N.
794 3827 90 58 Y.,
917 3825 358 68 Doubleday,
1310 3825 199 53 Doran
1543 3828 45 50 &
1621 3841 299 50 company,
1951 3822 127 68 inc.,
2115 3827 150 49 1936.

432 3912 77 34 XV,
539 3901 88 40 347
655 3911 44 37 p.
758 3899 165 47 front.,
954 3901 170 47 plates,
1156 3900 149 47 ports.
1365 3898 147 41 23½cm.

433 3958 164 40 “First
626 3956 229 42 edition.”

434 4015 205 41 “Works
670 4013 281 42 consulted”
970 4024 10 30 :
1013 4024 44 38 p.
1086 4013 100 41 338.

360 4069 53 53 ©
446 4074 121 39 Mar.
602 4073 69 47 18,
706 4072 118 40 1936;
880 4071 67 41 2c.
982 4073 95 38 and
1111 4070 82 41 aff.
1229 4072 122 39 Mar.
1385 4069 82 48 23;
1504 4070 42 39 A
1577 4067 171 48 93388;
1786 4068 135 40 Basil
1957 4067 257 46 Thomson,
430 4068 1921 103 London.
611 4129 253 49 (36-8171)
