2519 4377
1298 4136 134 51 1038

402 436 306 70 Vizetelly,
741 443 245 54 Francis
1014 445 248 62 Horace,
1295 449 170 50 1864-
1679 449 84 53 ed.

472 532 55 53 A
566 531 158 70 daily
764 535 172 66 guide
977 540 58 48 to
1076 535 352 70 knowledge,
1466 538 283 69 compiled
1792 540 181 55 under
2014 543 95 54 the
2148 542 265 56 editorial

402 610 2014 76 direction of Frank H. Vizetelly … in consultation with Charles
403 689 2012 79 Earle Funk … New York and London, Funk & Wagnalls
400 771 485 64 company [ c 1936]
472 827 649 64 x p., i l., 276 p. 15½c m .
392 897 2021 103 “Brief sketches that … enhance the information given in the twenty-five
507 955 217 41 volumes
748 955 52 41 of
822 956 81 40 the
927 956 142 41 Funk
1091 958 37 40 &
1151 958 251 48 Wagnalls
1426 958 118 42 New
1568 960 239 41 standard
1832 961 339 50 encyclopedia
2202 962 210 51 through

398 1011 159 41 which
583 1022 90 31 one
699 1023 112 37 may
836 1013 167 40 follow
1030 1024 27 31 a
1084 1015 346 48 systematized
1458 1025 171 32 course
1655 1017 52 42 of
1733 1017 297 51 study.”—p.
2058 1019 81 42 vii.

399 1081 52 53 ©
481 1086 117 46 July
630 1086 69 40 10.
736 1086 141 46 1936;
914 1086 67 41 2c.
1017 1085 95 41 and
1146 1087 82 40 aff.
1265 1087 116 47 July
1415 1087 81 48 16;
1532 1089 39 38 A
1604 1087 170 48 97061;
1813 1090 139 40 Funk
1988 1092 36 39 &
2057 1091 254 48 Wagnalls
2344 1103 68 29 co.

477 1142 282 47 (36-17378)

394 1247 287 64 Wahlert,
708 1247 229 57 Jennie.

528 1324 1879 73 … Neighbors near and far … by Jennie Wahlert … and
393 1403 2014 73 Julia Letheld Hahn … Boston, New York [etc.] Houghton
392 1482 204 53 Mifflin
619 1499 283 51 company
932 1516 13 33 [
950 1489 19 21 c
974 1484 153 66 1936]

463 1556 28 38 2
520 1566 42 29 v.
621 1554 131 41 illus.
781 1555 137 47 (part
947 1555 115 50 col.)
1128 1555 56 41 19
1187 1558 45 21 cm
1237 1588 8 9 .
1318 1556 126 48 (The
1474 1556 132 41 child
1638 1557 339 49 development
2007 1558 226 48 readers)

462 1613 290 41 Illustrated
788 1612 365 51 lining-papers.

462 1670 265 41 Published
759 1670 50 40 in
838 1671 115 40 1935
985 1670 50 40 in
1070 1680 88 30 one
1191 1671 204 39 volume.

392 1736 2012 59 © Jan. 29, 1936; 2c. each Feb. 15; affs. Feb. 14; A 91765, 91766; J.
462 1798 237 48 Wahlert,
732 1798 67 41 St.
829 1797 161 48 Louis,
1022 1796 95 41 and
1146 1797 135 41 Julia
1311 1796 204 42 Letheld
1545 1797 163 48 Hahn,
1737 1797 339 48 Washington.

468 1854 282 51 (36-17373)

387 1960 274 64 Wallace,
692 1960 220 65 Edgar,
943 1961 327 56 1875-1932.

460 2038 123 54 The
632 2036 387 69 Mouthpiece,
1065 2036 77 70 by
1194 2036 201 70 Edgar
1445 2035 258 56 Wallace
1755 2037 113 53 and
1921 2037 217 54 Robert
2192 2036 210 57 Curtis.

388 2113 1496 73 New York, Dodge publishing company [ c 1936]
459 2188 540 53 3 p. l., 3-284 p. 19½cm.
462 2248 69 41 “A
561 2248 111 42 blue
698 2247 168 41 streak
895 2245 260 52 mystery.”

461 2305 164 41 “First
659 2304 228 44 edition.”

385 2373 55 53 ©
464 2378 129 39 June
618 2375 72 49 10,
715 2375 117 42 1936;
883 2376 69 41 2c.
979 2375 117 49 July
1122 2376 84 45 31;
1236 2375 84 41 aff.
1346 2374 117 49 July
1490 2376 56 41 15;
1604 2376 42 40 A
1671 2375 174 48 96768;
1875 2375 169 49 Dodge
2070 2377 97 48 pub
2194 2387 69 30 co.

465 2433 283 50 (36-17325)

384 2540 232 64 Wendt,
643 2539 224 53 Robert
896 2540 239 54 Ernest.

452 2630 279 67 Foundry
776 2629 185 68 work;
1011 2649 31 34 a
1084 2634 122 48 text
1250 2648 70 35 on
1365 2628 279 69 molding,
1689 2629 279 69 dry-sand
2013 2628 383 71 coremaking,

381 2707 242 69 melting
655 2709 113 52 and
800 2706 226 70 mixing
1058 2707 63 53 of
1153 2707 202 53 metals
1389 2705 114 56 and
1535 2707 287 68 problems
1852 2706 64 55 in

382 2703 2013 157 foundry management, by R. E. Wendt … 3d ed. New York and London,
380 2864 432 58 McGraw-Hill
838 2865 147 54 book
1012 2882 298 51 company,
1337 2863 125 70 inc.,
1492 2867 149 52 1936.

454 2936 793 54 xii, 240 p. illus., diagrs. 19½ cm.
452 2997 260 49 “Foundry
740 2997 148 40 books
915 2996 80 40 for
1025 2995 195 49 general
1249 2994 259 47 reading”:
1539 3006 43 38 p.
1609 2994 100 43 235.

379 3047 2014 61 © July 16, 1936; 2c. July 21; aff. July 18; A 97099; McGraw-Hill book
449 3121 83 39 co.,
560 3110 90 42 inc.
721 3110 281 47 (36-17346)

375 3215 393 64 Wentworth,
794 3216 190 62 Lydia
1011 3215 85 63 G.,
1127 3220 172 49 1858-

451 3291 256 57 Selected
734 3290 263 70 waitings
1024 3289 64 56 of
1110 3290 188 69 Lydia
1324 3290 68 55 G.
1415 3289 388 68 Wentworth;
1836 3289 140 54 with
2000 3290 390 54 introduction

378 3372 114 52 and
523 3369 267 55 editorial
821 3375 159 49 notes
1008 3369 76 71 by
1114 3370 193 67 Ralph
1339 3368 318 68 Westlake;
1690 3368 190 54 edited
1910 3369 76 67 by
2017 3369 272 54 Florence
2320 3370 68 54 G.

378 3448 284 69 Nasmyth
696 3449 111 53 and
839 3448 193 68 Ralph
1064 3447 307 55 Westlake.
1453 3447 254 69 [Boston]
1744 3449 121 51 The
1896 3448 285 53 Norwood
2216 3468 173 49 press,

380 3530 150 52 1936.

449 3600 1034 53 xiv p., 2 l., 3-559 p. front., ports. 21 cm.
374 3654 55 53 ©
456 3658 117 48 July
601 3658 39 45 6.
672 3659 141 46 1936;
844 3659 67 39 2c.
941 3658 96 41 and
1070 3659 81 40 aff.
1183 3660 115 46 July
1329 3661 52 44 8;
1414 3660 39 39 A
1482 3659 174 45 95958;
1689 3660 50 40 L.
1771 3660 54 40 G.
1855 3658 320 44 Wentworth.
446 3656 1921 111 Brookline,
585 3716 147 42 Mass.
802 3715 281 50 (36-17054)

372 3819 231 64 Wheat,
633 3820 200 52 Frank
864 3821 243 57 Merrill.

442 3893 1940 76 Advanced biology, by Frank M. Wheat … and Elizabeth T.
374 3971 2009 76 Fitzpatrick … New York, Cincinnati [etc.] American book
372 4069 283 51 company
885 4086 13 32 [c1936]
