2597 4361
1382 4157 29 49 8

443 561 354 49 Bibliography;
856 572 44 38 p.
928 561 100 41 146.

374 616 53 53 ©
452 621 119 40 Nov.
596 620 70 48 30,
692 620 114 40 1935;
861 619 66 40 2c.
955 620 97 39 and
1078 618 82 41 aff.
1188 620 113 39 Dec.
1327 620 28 38 4;
1411 620 41 38 A
1475 619 144 40 90251;
1676 620 193 40 Arthur
1892 619 214 40 Edward
2136 618 257 41 Schreiber

442 679 271 46 Neumann,
742 677 226 48 Chicago.
1029 676 288 50 [Copyright
1342 676 41 40 is
1411 677 207 40 claimed
1648 687 58 30 on
1739 675 343 42 Introduction
2111 677 95 39 and
2234 677 155 49 notes]

454 735 223 49 (36-766)

372 839 244 65 Farrell,
645 840 206 53 James
875 840 84 62 T.,
992 844 172 49 1904-

443 911 1948 73 Studs Lonigan; a trilogy by Ja mes T. Farrell … New York,
370 994 872 69 The Vanguard press [ c 1935]
444 1065 1367 51 xii p., 3 l., 3-201 p., 3 l., 3-412 p., 3 l., 3-465 p. 21½cm.
727 1125 234 48 CONTENTS.—Young
1007 1123 400 49 Lonigan.—The
1454 1133 161 40 young
1661 1125 242 40 manhood
1953 1124 53 40 of
2056 1123 147 42 Studs
373 1121 2003 110 Lonigan.—Judgment
839 1183 95 47 day

377 1237 53 54 ©
451 1243 119 39 Nov.
595 1242 69 48 21,
689 1241 118 41 1936;
856 1241 68 41 2c.
948 1242 118 39 Nov.
1091 1241 57 40 25;
1203 1240 81 40 aff.
1311 1241 110 40 Jan.
1447 1241 39 45 2,
1514 1241 113 40 1936;
1683 1242 40 39 A
1749 1240 145 42 88987;
1949 1242 267 47 Vanguard
2242 1250 152 40 press,

446 1299 91 41 inc.
602 1299 284 50 [Copyright
912 1299 45 40 is
983 1297 207 42 claimed
1219 1309 60 28 on
1310 1298 356 50 Introduction]
1737 1298 223 48 (36-214)

378 1388 489 68 Feuchtwanger,
896 1389 166 66 Lion,
1094 1392 173 51 1884-

509 1467 1882 69 … The Jew of Rome; translated by Willa and Edwin Muir,
376 1549 140 53 New
544 1547 182 56 York,
750 1547 124 53 The
901 1545 223 70 Viking
1150 1566 177 49 press,
1356 1550 152 51 1936.

443 1617 590 51 4 p. l., 3-565 p. 21 cm .
380 1676 2014 60 © Jan. 2, 1936; 2c. Jan. 4; aff. Jan. 3; A 90175; Viking press, inc.
462 1737 223 48 (36-558)

377 1825 269 67 Findlay,
677 1826 205 55 James
910 1825 360 66 Alexander,
1305 1829 171 51 1880-

445 1903 57 53 A
530 1903 252 70 portrait
806 1902 68 55 of
899 1904 172 53 Peter
1123 1903 95 69 [by]
1252 1902 56 55 J.
1338 1903 334 53 Alexander
1700 1902 272 70 Findlay.
2039 1901 140 54 New
2212 1900 183 68 York,

376 1980 1423 72 Cincinnati [etc.] The Abingdon press [ c 1935]
446 2056 87 41 214
561 2068 43 38 p.
665 2056 56 42 18½
753 2059 46 22 cm
802 2089 9 9 .

383 2113 1997 109 © Dec. 4, 1935; 2c. and aff. Jan. 2, 1936; A 91005; J. A. Findlay, Manchester, England. (36-730)
382 2264 289 65 Forbush,
699 2264 246 54 Harriet
970 2265 91 55 W.

450 2340 1948 69 Intervale & upland [by] Harriet W. Forbush … Boston,
381 2419 860 69 Chapman & Grimes [ c 1935]
451 2493 581 49 3 p. l., 5-54 p. 20cm.
454 2550 186 42 Poems.

385 2603 2014 53 © Mar. 3, 1935; 2c. and aff. Jan. 4, 1936; A 90146; Chapman & Grimes.
464 2665 222 47 (36-616)

383 2755 275 66 Forman,
687 2757 238 54 Samuel
952 2757 204 65 Eagle,
1188 2762 171 50 1858-

454 2833 122 54 The
614 2833 308 54 American
963 2834 364 70 democracy;
1366 2836 99 54 the
1504 2833 190 71 spirit,
1736 2834 170 69 form,
1946 2833 113 54 and
2099 2834 94 53 the
384 2833 1991 133 functions
565 2912 64 53 of

656 2912 1680 70 government in the United States, by S. E. Forman …
384 2990 1991 147 Rev. ed. … New York, D. Appleton-Century company, incorporated [ c 1936]
457 3142 131 48 xxiv,
617 3141 85 42 581
727 3154 41 38 p.
797 3143 111 42 incl.
934 3143 166 45 front.,
1130 3144 143 48 illus.,
1300 3144 182 50 diagrs.
1545 3144 54 40 19½
1633 3147 44 22 cm
1681 3176 9 10 .

459 3199 133 42 “List
622 3200 52 40 of
700 3200 147 41 books
875 3202 52 40 to
951 3200 159 41 which
1138 3200 275 43 references
1440 3212 86 31 are
1552 3201 170 43 made”;
1781 3214 44 38 p.
1851 3201 217 41 565-566.

391 3254 2011 53 © Jan. 3, 1936; 2c. and aff. Jan. 6; A 91042; D. Appleton-Century co.,
459 3315 89 40 inc.
611 3314 221 49 (36-907)

391 3403 261 66 Friesen,
685 3404 253 66 Gordon,
971 3410 170 48 1909-

522 3480 1880 72 … Flamethrowers. Caldwell, Id., The Caxton printers, ltd.,
392 3560 149 50 1936.

458 3628 88 41 490
577 3639 43 38 p.
680 3628 55 40 23½
768 3631 44 22 cm
816 3661 10 10 .

395 3685 1868 55 © Jan. 2, 1936; 2c. and aff. Jan. 10; A 91122; Caxton printers, ltd.
476 3745 222 49 (36-596)

396 3836 202 64 Fuess,
627 3836 217 55 Claude
872 3838 218 65 Moore,
1121 3842 172 50 1885-
1506 3841 85 54 ed.

457 3914 122 53 The
607 3919 157 63 story
792 3914 66 54 of
889 3914 180 55 Essex
1100 3922 228 63 county,
1359 3916 475 70 editor-in-chief,
1867 3916 219 57 Claude
2116 3915 79 53 M.
2226 3915 178 54 Fuess

451 3991 1952 71 … compiled by Scott H. Paradise … New York, American
390 4070 293 55 historical
714 4072 229 68 society,
972 4073 109 54 inc.
1117 4106 15 34 [
1134 4079 21 24 c
1158 4076 154 66 1935]
