<alto xmlns="http://www.loc.gov/standards/alto/ns-v3#" xmlns:xlink="http://www.w3.org/1999/xlink" xmlns:xsi="http://www.w3.org/2001/XMLSchema-instance" xsi:schemaLocation="http://www.loc.gov/standards/alto/ns-v3# http://www.loc.gov/alto/v3/alto-3-0.xsd"><Description>
<MeasurementUnit>pixel</MeasurementUnit>
<sourceImageInformation>
<fileName>1936_v33_Part1.pdf</fileName>
</sourceImageInformation>
<OCRProcessing ID="IdOcr">
<ocrProcessingStep>
<processingDateTime>2019-01-18</processingDateTime>
<processingSoftware>
<softwareCreator>ABBYY</softwareCreator>
<softwareName>ABBYY Recognition Server</softwareName>
<softwareVersion>4.0</softwareVersion>
</processingSoftware>
</ocrProcessingStep>
</OCRProcessing>
</Description>
<Styles>
<ParagraphStyle ID="StyleId-FFFFFFFF-FFFF-FFFF-FFFF-FFFFFFFFFFFF-" ALIGN="Left" LEFT="0." RIGHT="0." FIRSTLINE="0."/>
<ParagraphStyle ID="StyleId-51D50FAC-7A90-4D70-8A96-5EA9D46D1C8B-" ALIGN="Left" LEFT="0." RIGHT="0." FIRSTLINE="0." LINESPACE="7.699999809"/>
<ParagraphStyle ID="StyleId-6BC133E9-7DCB-43C3-8842-A67984A26405-" ALIGN="Block" LEFT="0." RIGHT="0." FIRSTLINE="-17." LINESPACE="8.340000153"/>
<ParagraphStyle ID="StyleId-3C3FF860-43E7-46A2-8934-48F305F6F0D6-" ALIGN="Left" LEFT="0." RIGHT="0." FIRSTLINE="-13." LINESPACE="11.06999969"/>
<ParagraphStyle ID="StyleId-19220C76-4F8A-4737-B38C-B5F5C17E6040-" ALIGN="Block" LEFT="0." RIGHT="0." FIRSTLINE="-13." LINESPACE="11.06999969"/>
<ParagraphStyle ID="StyleId-75A0D721-13ED-4F20-9002-B389EC48477D-" ALIGN="Left" LEFT="0." RIGHT="0." FIRSTLINE="0." LINESPACE="15.5"/>
<ParagraphStyle ID="StyleId-8A414184-C7A5-4AC7-9B88-7DA4DDE75922-" ALIGN="Left" LEFT="0." RIGHT="0." FIRSTLINE="0." LINESPACE="9.399999619"/>
<ParagraphStyle ID="StyleId-1A87970B-111C-4169-99A6-9412976F3C97-" ALIGN="Left" LEFT="0." RIGHT="0." FIRSTLINE="0." LINESPACE="10.5"/>
<ParagraphStyle ID="StyleId-72DB0571-5AE4-41FD-9E11-68C6AC4C437E-" ALIGN="Block" LEFT="0." RIGHT="0." FIRSTLINE="-17." LINESPACE="8.340000153"/>
<ParagraphStyle ID="StyleId-1AA43056-C388-4697-B10F-72FDAA38FAE1-" ALIGN="Center" LEFT="0." RIGHT="0." FIRSTLINE="0." LINESPACE="10.5"/>
</Styles>
<Layout>
<Page ID="Page1065" PHYSICAL_IMG_NR="1065" HEIGHT="4377" WIDTH="2519">
<TopMargin HEIGHT="446" WIDTH="2519" VPOS="0" HPOS="0">
</TopMargin>
<LeftMargin HEIGHT="3801" WIDTH="114" VPOS="446" HPOS="0">
</LeftMargin>
<RightMargin HEIGHT="3801" WIDTH="379" VPOS="446" HPOS="2140">
</RightMargin>
<BottomMargin HEIGHT="130" WIDTH="2519" VPOS="4247" HPOS="0">
</BottomMargin>
<PrintSpace HEIGHT="3801" WIDTH="2026" VPOS="446" HPOS="114">
<TextBlock ID="Page1065_Block1" HEIGHT="150" WIDTH="319" VPOS="4097" HPOS="1005" LANG="en-US" STYLEREFS="StyleId-810F7268-CF87-42FC-9C05-4EB1481F8B0E-">
<TextLine HEIGHT="50" WIDTH="131" VPOS="4104" HPOS="1053">
<String CONTENT="1065" HEIGHT="50" WIDTH="131" VPOS="4104" HPOS="1053"/>
</TextLine>
</TextBlock>
<TextBlock ID="Page1065_Block2" HEIGHT="3657" WIDTH="2026" VPOS="446" HPOS="114" LANG="en-US" CS="1" STYLEREFS="StyleId-AA5D4239-3F20-4290-BA72-1991D348C266-">
<Shape>
<Polygon POINTS="114,446 2140,446 2140,4045 972,4045 972,4103 114,4103 114,446"/>
</Shape>
<TextLine HEIGHT="65" WIDTH="950" VPOS="455" HPOS="127" STYLEREFS="StyleId-02FBACD8-6114-47A1-AC45-DE42A7D84DB2-">
<String CONTENT="Hunt," HEIGHT="61" WIDTH="183" VPOS="459" HPOS="127"/>
<SP HEIGHT="62" WIDTH="26" VPOS="458" HPOS="311"/>
<String CONTENT="Duane" HEIGHT="52" WIDTH="205" VPOS="458" HPOS="338"/>
<SP HEIGHT="53" WIDTH="30" VPOS="457" HPOS="544"/>
<String CONTENT="Garrison," HEIGHT="65" WIDTH="301" VPOS="455" HPOS="575"/>
<SP HEIGHT="58" WIDTH="29" VPOS="462" HPOS="877"/>
<String CONTENT="1884-" HEIGHT="50" WIDTH="170" VPOS="461" HPOS="907"/>
</TextLine>
<TextLine HEIGHT="148" WIDTH="1995" VPOS="531" HPOS="127" STYLEREFS="StyleId-02FBACD8-6114-47A1-AC45-DE42A7D84DB2-" CS="1">
<String CS="1" CONTENT="&#8230;"/>
<SP HEIGHT="53" WIDTH="28" VPOS="534" HPOS="258"/>
<String CONTENT="The" HEIGHT="52" WIDTH="122" VPOS="533" HPOS="287"/>
<SP HEIGHT="50" WIDTH="24" VPOS="549" HPOS="410"/>
<String CONTENT="people," HEIGHT="69" WIDTH="216" VPOS="531" HPOS="435"/>
<SP HEIGHT="59" WIDTH="24" VPOS="540" HPOS="652"/>
<String CONTENT="the" HEIGHT="55" WIDTH="96" VPOS="533" HPOS="677"/>
<SP HEIGHT="35" WIDTH="23" VPOS="551" HPOS="774"/>
<String CONTENT="clergy" HEIGHT="68" WIDTH="191" VPOS="533" HPOS="798"/>
<SP HEIGHT="49" WIDTH="24" VPOS="551" HPOS="990"/>
<String CONTENT="and" HEIGHT="52" WIDTH="111" VPOS="534" HPOS="1015"/>
<SP HEIGHT="52" WIDTH="23" VPOS="534" HPOS="1127"/>
<String CONTENT="the" HEIGHT="53" WIDTH="96" VPOS="533" HPOS="1151"/>
<SP HEIGHT="34" WIDTH="23" VPOS="552" HPOS="1248"/>
<String CONTENT="church;" HEIGHT="67" WIDTH="238" VPOS="533" HPOS="1272"/>
<SP HEIGHT="49" WIDTH="29" VPOS="551" HPOS="1511"/>
<String CONTENT="an" HEIGHT="34" WIDTH="71" VPOS="551" HPOS="1541"/>
<SP HEIGHT="34" WIDTH="25" VPOS="551" HPOS="1613"/>
<String CONTENT="answer" HEIGHT="36" WIDTH="216" VPOS="551" HPOS="1639"/>
<SP HEIGHT="49" WIDTH="22" VPOS="538" HPOS="1856"/>
<String CONTENT="to" HEIGHT="48" WIDTH="58" VPOS="538" HPOS="1879"/>
<SP HEIGHT="34" WIDTH="25" VPOS="551" HPOS="1938"/>
<String CONTENT="accusations" HEIGHT="114" WIDTH="1969" VPOS="551" HPOS="127"/>
<SP HEIGHT="35" WIDTH="27" VPOS="629" HPOS="339"/>
<String CONTENT="against" HEIGHT="69" WIDTH="225" VPOS="610" HPOS="367"/>
<SP HEIGHT="47" WIDTH="26" VPOS="616" HPOS="593"/>
<String CONTENT="the" HEIGHT="52" WIDTH="97" VPOS="611" HPOS="620"/>
<SP HEIGHT="56" WIDTH="25" VPOS="611" HPOS="718"/>
<String CONTENT="Catholic" HEIGHT="57" WIDTH="261" VPOS="610" HPOS="744"/>
<SP HEIGHT="36" WIDTH="26" VPOS="628" HPOS="1006"/>
<String CONTENT="church" HEIGHT="52" WIDTH="210" VPOS="611" HPOS="1033"/>
<SP HEIGHT="53" WIDTH="27" VPOS="611" HPOS="1244"/>
<String CONTENT="made" HEIGHT="53" WIDTH="165" VPOS="611" HPOS="1272"/>
<SP HEIGHT="53" WIDTH="26" VPOS="611" HPOS="1438"/>
<String CONTENT="by" HEIGHT="68" WIDTH="76" VPOS="611" HPOS="1465"/>
<SP HEIGHT="50" WIDTH="27" VPOS="629" HPOS="1542"/>
<String CONTENT="a" HEIGHT="34" WIDTH="31" VPOS="629" HPOS="1570"/>
<SP HEIGHT="52" WIDTH="27" VPOS="612" HPOS="1602"/>
<String CONTENT="Mormon" HEIGHT="52" WIDTH="266" VPOS="612" HPOS="1630"/>
<SP HEIGHT="34" WIDTH="30" VPOS="630" HPOS="1897"/>
<String CONTENT="writer" HEIGHT="54" WIDTH="194" VPOS="611" HPOS="1928"/>
</TextLine>
<TextLine HEIGHT="146" WIDTH="1971" VPOS="689" HPOS="126" STYLEREFS="StyleId-02FBACD8-6114-47A1-AC45-DE42A7D84DB2-" CS="1">
<String CONTENT="of" HEIGHT="55" WIDTH="64" VPOS="689" HPOS="127"/>
<SP HEIGHT="55" WIDTH="26" VPOS="689" HPOS="192"/>
<String CONTENT="Utah," HEIGHT="67" WIDTH="176" VPOS="689" HPOS="219"/>
<SP HEIGHT="67" WIDTH="25" VPOS="689" HPOS="396"/>
<String CONTENT="by" HEIGHT="68" WIDTH="75" VPOS="689" HPOS="422"/>
<SP HEIGHT="67" WIDTH="24" VPOS="690" HPOS="498"/>
<String CONTENT="Monsignor" HEIGHT="68" WIDTH="338" VPOS="689" HPOS="523"/>
<SP HEIGHT="52" WIDTH="25" VPOS="690" HPOS="862"/>
<String CONTENT="D." HEIGHT="53" WIDTH="72" VPOS="690" HPOS="888"/>
<SP HEIGHT="55" WIDTH="30" VPOS="689" HPOS="961"/>
<String CONTENT="G." HEIGHT="55" WIDTH="69" VPOS="689" HPOS="992"/>
<SP HEIGHT="53" WIDTH="26" VPOS="690" HPOS="1062"/>
<String CONTENT="Hunt" HEIGHT="52" WIDTH="169" VPOS="690" HPOS="1089"/>
<SP HEIGHT="50" WIDTH="27" VPOS="693" HPOS="1259"/>
<String CS="1" CONTENT="&#8230;"/>
<SP HEIGHT="54" WIDTH="77" VPOS="689" HPOS="1344"/>
<String CONTENT="New" HEIGHT="53" WIDTH="139" VPOS="689" HPOS="1422"/>
<SP HEIGHT="52" WIDTH="28" VPOS="690" HPOS="1562"/>
<String CONTENT="York," HEIGHT="67" WIDTH="180" VPOS="689" HPOS="1591"/>
<SP HEIGHT="65" WIDTH="26" VPOS="691" HPOS="1772"/>
<String CONTENT="The" HEIGHT="51" WIDTH="122" VPOS="691" HPOS="1799"/>
<SP HEIGHT="51" WIDTH="25" VPOS="692" HPOS="1922"/>
<String LANG="de" CONTENT="Paulist" HEIGHT="131" WIDTH="1971" VPOS="690" HPOS="126"/>
<SP HEIGHT="62" WIDTH="28" VPOS="773" HPOS="202"/>
<String CONTENT="press" HEIGHT="49" WIDTH="155" VPOS="786" HPOS="231"/>
<SP HEIGHT="48" WIDTH="35" VPOS="787" HPOS="387"/>
<String CONTENT="[" HEIGHT="34" WIDTH="12" VPOS="801" HPOS="423"/>
<String STYLE="superscript" CONTENT="c" HEIGHT="22" WIDTH="21" VPOS="773" HPOS="437"/>
<String CONTENT="1936]" HEIGHT="64" WIDTH="151" VPOS="771" HPOS="463"/>
</TextLine>
<TextLine HEIGHT="50" WIDTH="406" VPOS="839" HPOS="197" STYLEREFS="StyleId-02FBACD8-6114-47A1-AC45-DE42A7D84DB2-">
<String CONTENT="v," HEIGHT="38" WIDTH="41" VPOS="851" HPOS="197"/>
<SP HEIGHT="48" WIDTH="30" VPOS="841" HPOS="239"/>
<String CONTENT="111" HEIGHT="41" WIDTH="84" VPOS="840" HPOS="270"/>
<SP HEIGHT="48" WIDTH="27" VPOS="840" HPOS="355"/>
<String CONTENT="p." HEIGHT="37" WIDTH="44" VPOS="851" HPOS="383"/>
<SP HEIGHT="41" WIDTH="57" VPOS="840" HPOS="428"/>
<String CONTENT="19" HEIGHT="41" WIDTH="58" VPOS="839" HPOS="486"/>
<String STYLE="superscript" CONTENT="cm" HEIGHT="22" WIDTH="44" VPOS="842" HPOS="545"/>
<String CONTENT="." HEIGHT="10" WIDTH="10" VPOS="871" HPOS="593"/>
</TextLine>
<TextLine HEIGHT="41" WIDTH="796" VPOS="910" HPOS="199" CS="1">
<String CONTENT="At" HEIGHT="41" WIDTH="62" VPOS="910" HPOS="199"/>
<SP HEIGHT="40" WIDTH="26" VPOS="911" HPOS="262"/>
<String CONTENT="head" HEIGHT="40" WIDTH="124" VPOS="911" HPOS="289"/>
<SP HEIGHT="40" WIDTH="25" VPOS="911" HPOS="414"/>
<String CONTENT="of" HEIGHT="40" WIDTH="52" VPOS="910" HPOS="440"/>
<SP HEIGHT="41" WIDTH="23" VPOS="910" HPOS="493"/>
<String CS="1" CONTENT="title:" HEIGHT="41" WIDTH="108" VPOS="910" HPOS="517"/>
<SP HEIGHT="40" WIDTH="28" VPOS="910" HPOS="653"/>
<String CONTENT="A." HEIGHT="41" WIDTH="55" VPOS="910" HPOS="682"/>
<SP HEIGHT="40" WIDTH="25" VPOS="911" HPOS="738"/>
<String CONTENT="M." HEIGHT="40" WIDTH="63" VPOS="911" HPOS="764"/>
<SP HEIGHT="40" WIDTH="25" VPOS="911" HPOS="828"/>
<String CONTENT="D." HEIGHT="40" WIDTH="57" VPOS="911" HPOS="854"/>
<SP HEIGHT="41" WIDTH="29" VPOS="910" HPOS="912"/>
<String CONTENT="G." HEIGHT="41" WIDTH="53" VPOS="910" HPOS="942"/>
</TextLine>
<TextLine HEIGHT="51" WIDTH="1922" VPOS="966" HPOS="199">
<String CONTENT="A" HEIGHT="39" WIDTH="40" VPOS="968" HPOS="199"/>
<SP HEIGHT="39" WIDTH="23" VPOS="968" HPOS="240"/>
<String CONTENT="reply" HEIGHT="50" WIDTH="135" VPOS="966" HPOS="264"/>
<SP HEIGHT="47" WIDTH="24" VPOS="969" HPOS="400"/>
<String CONTENT="to" HEIGHT="39" WIDTH="50" VPOS="969" HPOS="425"/>
<SP HEIGHT="31" WIDTH="23" VPOS="977" HPOS="476"/>
<String CONTENT="accusations" HEIGHT="40" WIDTH="308" VPOS="968" HPOS="500"/>
<SP HEIGHT="30" WIDTH="23" VPOS="978" HPOS="809"/>
<String CONTENT="made" HEIGHT="40" WIDTH="143" VPOS="968" HPOS="833"/>
<SP HEIGHT="42" WIDTH="21" VPOS="966" HPOS="977"/>
<String CONTENT="by" HEIGHT="49" WIDTH="60" VPOS="966" HPOS="999"/>
<SP HEIGHT="49" WIDTH="25" VPOS="966" HPOS="1060"/>
<String CONTENT="Professor" HEIGHT="42" WIDTH="257" VPOS="966" HPOS="1086"/>
<SP HEIGHT="41" WIDTH="23" VPOS="966" HPOS="1344"/>
<String CONTENT="James" HEIGHT="42" WIDTH="166" VPOS="966" HPOS="1368"/>
<SP HEIGHT="42" WIDTH="25" VPOS="966" HPOS="1535"/>
<String CONTENT="L." HEIGHT="42" WIDTH="52" VPOS="966" HPOS="1561"/>
<SP HEIGHT="40" WIDTH="25" VPOS="968" HPOS="1614"/>
<String CONTENT="Barker," HEIGHT="41" WIDTH="202" VPOS="968" HPOS="1640"/>
<SP HEIGHT="30" WIDTH="59" VPOS="979" HPOS="1843"/>
<String CONTENT="cf." HEIGHT="48" WIDTH="61" VPOS="969" HPOS="1903"/>
<SP HEIGHT="41" WIDTH="28" VPOS="970" HPOS="1965"/>
<String CONTENT="Pref." HEIGHT="41" WIDTH="127" VPOS="969" HPOS="1994"/>
</TextLine>
<TextLine HEIGHT="53" WIDTH="1767" VPOS="1035" HPOS="128" CS="1">
<String CONTENT="&#169;" HEIGHT="53" WIDTH="52" VPOS="1035" HPOS="128"/>
<SP HEIGHT="53" WIDTH="30" VPOS="1035" HPOS="181"/>
<String CONTENT="June" HEIGHT="39" WIDTH="126" VPOS="1040" HPOS="212"/>
<SP HEIGHT="39" WIDTH="30" VPOS="1040" HPOS="339"/>
<String CONTENT="30," HEIGHT="47" WIDTH="69" VPOS="1039" HPOS="370"/>
<SP HEIGHT="47" WIDTH="33" VPOS="1039" HPOS="440"/>
<String CS="1" CONTENT="1936;" HEIGHT="41" WIDTH="112" VPOS="1038" HPOS="474"/>
<SP HEIGHT="47" WIDTH="34" VPOS="1039" HPOS="614"/>
<String CONTENT="2c." HEIGHT="41" WIDTH="68" VPOS="1039" HPOS="649"/>
<SP HEIGHT="32" WIDTH="34" VPOS="1048" HPOS="718"/>
<String CONTENT="and" HEIGHT="39" WIDTH="94" VPOS="1039" HPOS="753"/>
<SP HEIGHT="38" WIDTH="33" VPOS="1039" HPOS="848"/>
<String CONTENT="aff." HEIGHT="42" WIDTH="82" VPOS="1037" HPOS="882"/>
<SP HEIGHT="40" WIDTH="32" VPOS="1039" HPOS="965"/>
<String CONTENT="July" HEIGHT="47" WIDTH="116" VPOS="1038" HPOS="998"/>
<SP HEIGHT="47" WIDTH="31" VPOS="1038" HPOS="1115"/>
<String CONTENT="2;" HEIGHT="47" WIDTH="52" VPOS="1038" HPOS="1147"/>
<SP HEIGHT="45" WIDTH="38" VPOS="1040" HPOS="1200"/>
<!-- cceid A2527108-6E3A-1014-83DD-942C093A1DD9 --><String CONTENT="A" HEIGHT="37" WIDTH="39" VPOS="1040" HPOS="1239"/>
<SP HEIGHT="41" WIDTH="31" VPOS="1038" HPOS="1279"/>
<String CONTENT="95901;" HEIGHT="48" WIDTH="170" VPOS="1038" HPOS="1311"/>
<SP HEIGHT="47" WIDTH="37" VPOS="1039" HPOS="1482"/>
<String LANG="de" CONTENT="Paulist" HEIGHT="40" WIDTH="191" VPOS="1039" HPOS="1520"/>
<SP HEIGHT="45" WIDTH="31" VPOS="1041" HPOS="1712"/>
<String CONTENT="press." HEIGHT="37" WIDTH="151" VPOS="1049" HPOS="1744"/>
</TextLine>
<TextLine HEIGHT="51" WIDTH="1826" VPOS="1094" HPOS="207">
<String CONTENT="(36-17865)" HEIGHT="49" WIDTH="279" VPOS="1096" HPOS="207"/>
<SP HEIGHT="51" WIDTH="1426" VPOS="1094" HPOS="487"/>
<String CONTENT="6831" HEIGHT="43" WIDTH="119" VPOS="1094" HPOS="1914"/>
</TextLine>
<TextLine HEIGHT="64" WIDTH="649" VPOS="1200" HPOS="125" STYLEREFS="StyleId-02FBACD8-6114-47A1-AC45-DE42A7D84DB2-">
<String CONTENT="Imbs," HEIGHT="63" WIDTH="177" VPOS="1201" HPOS="125"/>
<SP HEIGHT="64" WIDTH="27" VPOS="1200" HPOS="303"/>
<String CONTENT="Bravig," HEIGHT="64" WIDTH="239" VPOS="1200" HPOS="331"/>
<SP HEIGHT="59" WIDTH="32" VPOS="1205" HPOS="571"/>
<String CONTENT="1904-" HEIGHT="49" WIDTH="170" VPOS="1205" HPOS="604"/>
</TextLine>
<TextLine HEIGHT="69" WIDTH="1926" VPOS="1275" HPOS="199" STYLEREFS="StyleId-02FBACD8-6114-47A1-AC45-DE42A7D84DB2-">
<String CONTENT="Confessions" HEIGHT="56" WIDTH="366" VPOS="1275" HPOS="199"/>
<SP HEIGHT="36" WIDTH="32" VPOS="1295" HPOS="566"/>
<String CONTENT="of" HEIGHT="53" WIDTH="66" VPOS="1275" HPOS="599"/>
<SP HEIGHT="53" WIDTH="32" VPOS="1275" HPOS="666"/>
<String CONTENT="another" HEIGHT="52" WIDTH="237" VPOS="1276" HPOS="699"/>
<SP HEIGHT="50" WIDTH="31" VPOS="1294" HPOS="937"/>
<String CONTENT="young" HEIGHT="50" WIDTH="194" VPOS="1294" HPOS="969"/>
<SP HEIGHT="50" WIDTH="29" VPOS="1294" HPOS="1164"/>
<String CONTENT="man," HEIGHT="49" WIDTH="151" VPOS="1294" HPOS="1194"/>
<SP HEIGHT="68" WIDTH="33" VPOS="1275" HPOS="1346"/>
<String CONTENT="by" HEIGHT="69" WIDTH="73" VPOS="1275" HPOS="1380"/>
<SP HEIGHT="67" WIDTH="32" VPOS="1277" HPOS="1454"/>
<String CONTENT="Bravig" HEIGHT="68" WIDTH="221" VPOS="1276" HPOS="1487"/>
<SP HEIGHT="68" WIDTH="32" VPOS="1276" HPOS="1709"/>
<String CONTENT="Imbs." HEIGHT="53" WIDTH="173" VPOS="1276" HPOS="1742"/>
<SP HEIGHT="53" WIDTH="72" VPOS="1277" HPOS="1916"/>
<String CONTENT="New" HEIGHT="53" WIDTH="136" VPOS="1277" HPOS="1989"/>
</TextLine>
<TextLine HEIGHT="70" WIDTH="1717" VPOS="1351" HPOS="131" STYLEREFS="StyleId-02FBACD8-6114-47A1-AC45-DE42A7D84DB2-">
<String LANG="en-US" CONTENT="York," HEIGHT="68" WIDTH="178" VPOS="1353" HPOS="131"/>
<SP HEIGHT="67" WIDTH="32" VPOS="1354" HPOS="310"/>
<String LANG="fr" CONTENT="N." HEIGHT="53" WIDTH="68" VPOS="1354" HPOS="343"/>
<SP HEIGHT="54" WIDTH="35" VPOS="1352" HPOS="412"/>
<String LANG="en-US" CONTENT="Y.," HEIGHT="67" WIDTH="89" VPOS="1352" HPOS="448"/>
<SP HEIGHT="64" WIDTH="31" VPOS="1355" HPOS="538"/>
<String LANG="en-US" CONTENT="The" HEIGHT="53" WIDTH="122" VPOS="1353" HPOS="570"/>
<SP HEIGHT="52" WIDTH="31" VPOS="1353" HPOS="693"/>
<String LANG="de" CONTENT="Henkle-" HEIGHT="53" WIDTH="248" VPOS="1352" HPOS="725"/>
<String LANG="en-US" CONTENT="Yewdale" HEIGHT="53" WIDTH="270" VPOS="1353" HPOS="981"/>
<SP HEIGHT="53" WIDTH="28" VPOS="1353" HPOS="1252"/>
<String LANG="en-US" CONTENT="house," HEIGHT="67" WIDTH="190" VPOS="1353" HPOS="1281"/>
<SP HEIGHT="69" WIDTH="32" VPOS="1351" HPOS="1472"/>
<String LANG="en-US" CONTENT="inc." HEIGHT="56" WIDTH="105" VPOS="1351" HPOS="1505"/>
<SP HEIGHT="34" WIDTH="44" VPOS="1387" HPOS="1611"/>
<String LANG="en-US" CONTENT="[" HEIGHT="34" WIDTH="12" VPOS="1387" HPOS="1656"/>
<String STYLE="superscript" LANG="en-US" CONTENT="c" HEIGHT="21" WIDTH="18" VPOS="1360" HPOS="1673"/>
<String LANG="en-US" CONTENT="1936]" HEIGHT="64" WIDTH="151" VPOS="1357" HPOS="1697"/>
</TextLine>
<TextLine HEIGHT="50" WIDTH="363" VPOS="1427" HPOS="199">
<String CONTENT="302" HEIGHT="40" WIDTH="85" VPOS="1429" HPOS="199"/>
<SP HEIGHT="48" WIDTH="27" VPOS="1429" HPOS="285"/>
<String CONTENT="p." HEIGHT="38" WIDTH="44" VPOS="1439" HPOS="313"/>
<SP HEIGHT="42" WIDTH="57" VPOS="1427" HPOS="358"/>
<String CONTENT="20p" HEIGHT="49" WIDTH="103" VPOS="1427" HPOS="416"/>
<String STYLE="superscript" CONTENT="m" HEIGHT="21" WIDTH="27" VPOS="1430" HPOS="521"/>
<String CONTENT="." HEIGHT="9" WIDTH="9" VPOS="1459" HPOS="553"/>
</TextLine>
<TextLine HEIGHT="50" WIDTH="1584" VPOS="1483" HPOS="541" CS="1">
<String CS="1" CONTENT="CONTENTS.&#8212;1." HEIGHT="40" WIDTH="41" VPOS="1483" HPOS="541"/>
<SP HEIGHT="38" WIDTH="23" VPOS="1485" HPOS="583"/>
<String CONTENT="The" HEIGHT="40" WIDTH="101" VPOS="1485" HPOS="607"/>
<SP HEIGHT="30" WIDTH="25" VPOS="1495" HPOS="709"/>
<String CONTENT="sweet" HEIGHT="39" WIDTH="148" VPOS="1486" HPOS="735"/>
<SP HEIGHT="38" WIDTH="23" VPOS="1486" HPOS="884"/>
<String CONTENT="and" HEIGHT="40" WIDTH="96" VPOS="1485" HPOS="908"/>
<SP HEIGHT="40" WIDTH="23" VPOS="1485" HPOS="1005"/>
<String CONTENT="violent" HEIGHT="42" WIDTH="182" VPOS="1483" HPOS="1029"/>
<SP HEIGHT="41" WIDTH="28" VPOS="1484" HPOS="1212"/>
<String CONTENT="George" HEIGHT="49" WIDTH="182" VPOS="1484" HPOS="1241"/>
<SP HEIGHT="40" WIDTH="21" VPOS="1485" HPOS="1424"/>
<String CONTENT="Antheil.&#8212;2." HEIGHT="42" WIDTH="319" VPOS="1483" HPOS="1446"/>
<SP HEIGHT="39" WIDTH="25" VPOS="1486" HPOS="1766"/>
<String CONTENT="In" HEIGHT="38" WIDTH="57" VPOS="1486" HPOS="1792"/>
<SP HEIGHT="39" WIDTH="23" VPOS="1485" HPOS="1850"/>
<String CONTENT="love" HEIGHT="40" WIDTH="107" VPOS="1485" HPOS="1874"/>
<SP HEIGHT="29" WIDTH="22" VPOS="1496" HPOS="1982"/>
<String CONTENT="with" HEIGHT="41" WIDTH="120" VPOS="1485" HPOS="2005"/>
</TextLine>
<TextLine HEIGHT="51" WIDTH="645" VPOS="1540" HPOS="130" CS="1">
<String CS="1" CONTENT="genius:" HEIGHT="49" WIDTH="168" VPOS="1542" HPOS="130"/>
<SP HEIGHT="42" WIDTH="30" VPOS="1540" HPOS="327"/>
<String CONTENT="Gertrude" HEIGHT="42" WIDTH="239" VPOS="1540" HPOS="358"/>
<SP HEIGHT="42" WIDTH="26" VPOS="1540" HPOS="598"/>
<String CONTENT="Stein." HEIGHT="42" WIDTH="150" VPOS="1540" HPOS="625"/>
</TextLine>
<TextLine HEIGHT="53" WIDTH="1722" VPOS="1609" HPOS="127" CS="1">
<String CONTENT="&#169;" HEIGHT="53" WIDTH="52" VPOS="1609" HPOS="127"/>
<SP HEIGHT="53" WIDTH="23" VPOS="1609" HPOS="180"/>
<String CONTENT="May" HEIGHT="45" WIDTH="114" VPOS="1615" HPOS="204"/>
<SP HEIGHT="47" WIDTH="21" VPOS="1613" HPOS="319"/>
<String CONTENT="20," HEIGHT="46" WIDTH="69" VPOS="1613" HPOS="341"/>
<SP HEIGHT="45" WIDTH="25" VPOS="1614" HPOS="411"/>
<String CS="1" CONTENT="1936;" HEIGHT="41" WIDTH="117" VPOS="1612" HPOS="437"/>
<SP HEIGHT="47" WIDTH="24" VPOS="1613" HPOS="578"/>
<String CONTENT="2c." HEIGHT="40" WIDTH="68" VPOS="1613" HPOS="603"/>
<SP HEIGHT="30" WIDTH="25" VPOS="1623" HPOS="672"/>
<String CONTENT="and" HEIGHT="39" WIDTH="95" VPOS="1612" HPOS="698"/>
<SP HEIGHT="39" WIDTH="24" VPOS="1612" HPOS="794"/>
<String CONTENT="aff." HEIGHT="41" WIDTH="81" VPOS="1612" HPOS="819"/>
<SP HEIGHT="39" WIDTH="26" VPOS="1614" HPOS="901"/>
<String CONTENT="May" HEIGHT="45" WIDTH="113" VPOS="1614" HPOS="928"/>
<SP HEIGHT="46" WIDTH="23" VPOS="1613" HPOS="1042"/>
<String CS="1" CONTENT="27;" HEIGHT="40" WIDTH="56" VPOS="1613" HPOS="1066"/>
<SP HEIGHT="46" WIDTH="26" VPOS="1613" HPOS="1150"/>
<!-- cceid A252D0BE-6E3A-1014-83DD-942C093A1DD9 --><String CONTENT="A" HEIGHT="39" WIDTH="41" VPOS="1613" HPOS="1177"/>
<SP HEIGHT="40" WIDTH="23" VPOS="1613" HPOS="1219"/>
<String CS="1" CONTENT="94932;" HEIGHT="41" WIDTH="144" VPOS="1612" HPOS="1243"/>
<SP HEIGHT="46" WIDTH="27" VPOS="1614" HPOS="1415"/>
<String CONTENT="B." HEIGHT="40" WIDTH="53" VPOS="1614" HPOS="1443"/>
<SP HEIGHT="39" WIDTH="28" VPOS="1615" HPOS="1497"/>
<String CONTENT="Imbs," HEIGHT="49" WIDTH="143" VPOS="1613" HPOS="1526"/>
<SP HEIGHT="47" WIDTH="24" VPOS="1615" HPOS="1670"/>
<String CONTENT="Paris." HEIGHT="39" WIDTH="154" VPOS="1614" HPOS="1695"/>
</TextLine>
<TextLine HEIGHT="50" WIDTH="280" VPOS="1669" HPOS="207">
<String CONTENT="(36-17990)" HEIGHT="50" WIDTH="280" VPOS="1669" HPOS="207"/>
</TextLine>
<TextLine HEIGHT="65" WIDTH="991" VPOS="1774" HPOS="126" STYLEREFS="StyleId-02FBACD8-6114-47A1-AC45-DE42A7D84DB2-">
<String CONTENT="Jacob," HEIGHT="64" WIDTH="197" VPOS="1775" HPOS="126"/>
<SP HEIGHT="64" WIDTH="28" VPOS="1775" HPOS="324"/>
<String CONTENT="Naomi" HEIGHT="52" WIDTH="214" VPOS="1775" HPOS="353"/>
<SP HEIGHT="52" WIDTH="27" VPOS="1775" HPOS="568"/>
<String CONTENT="Ellington," HEIGHT="64" WIDTH="320" VPOS="1774" HPOS="596"/>
<SP HEIGHT="58" WIDTH="29" VPOS="1780" HPOS="917"/>
<String CONTENT="1889-" HEIGHT="50" WIDTH="170" VPOS="1780" HPOS="947"/>
</TextLine>
<TextLine HEIGHT="69" WIDTH="1927" VPOS="1851" HPOS="198" STYLEREFS="StyleId-02FBACD8-6114-47A1-AC45-DE42A7D84DB2-">
<String CONTENT="Barren" HEIGHT="52" WIDTH="219" VPOS="1853" HPOS="198"/>
<SP HEIGHT="35" WIDTH="24" VPOS="1870" HPOS="418"/>
<String CONTENT="metal," HEIGHT="68" WIDTH="190" VPOS="1852" HPOS="443"/>
<SP HEIGHT="68" WIDTH="25" VPOS="1852" HPOS="634"/>
<String CONTENT="by" HEIGHT="68" WIDTH="76" VPOS="1852" HPOS="660"/>
<SP HEIGHT="67" WIDTH="25" VPOS="1853" HPOS="737"/>
<String CONTENT="Naomi" HEIGHT="54" WIDTH="206" VPOS="1851" HPOS="763"/>
<SP HEIGHT="56" WIDTH="26" VPOS="1851" HPOS="970"/>
<String CONTENT="Jacob." HEIGHT="56" WIDTH="196" VPOS="1851" HPOS="997"/>
<SP HEIGHT="53" WIDTH="73" VPOS="1852" HPOS="1194"/>
<String CONTENT="New" HEIGHT="53" WIDTH="138" VPOS="1852" HPOS="1268"/>
<SP HEIGHT="53" WIDTH="28" VPOS="1852" HPOS="1407"/>
<String CONTENT="York," HEIGHT="66" WIDTH="178" VPOS="1852" HPOS="1436"/>
<SP HEIGHT="64" WIDTH="26" VPOS="1854" HPOS="1615"/>
<String CONTENT="The" HEIGHT="52" WIDTH="122" VPOS="1853" HPOS="1642"/>
<SP HEIGHT="51" WIDTH="24" VPOS="1853" HPOS="1765"/>
<String CONTENT="Macmillan" HEIGHT="53" WIDTH="335" VPOS="1853" HPOS="1790"/>
</TextLine>
<TextLine HEIGHT="65" WIDTH="476" VPOS="1934" HPOS="126" STYLEREFS="StyleId-02FBACD8-6114-47A1-AC45-DE42A7D84DB2-">
<String CONTENT="company," HEIGHT="50" WIDTH="295" VPOS="1949" HPOS="126"/>
<SP HEIGHT="63" WIDTH="31" VPOS="1935" HPOS="422"/>
<String CONTENT="1936." HEIGHT="51" WIDTH="148" VPOS="1934" HPOS="454"/>
</TextLine>
<TextLine HEIGHT="51" WIDTH="364" VPOS="2002" HPOS="199" CS="1">
<String CONTENT="320" HEIGHT="41" WIDTH="87" VPOS="2003" HPOS="199"/>
<SP HEIGHT="49" WIDTH="26" VPOS="2004" HPOS="287"/>
<String CONTENT="p." HEIGHT="38" WIDTH="43" VPOS="2015" HPOS="314"/>
<SP HEIGHT="43" WIDTH="59" VPOS="2002" HPOS="358"/>
<String CS="1" CONTENT="20&#189;c" HEIGHT="41" WIDTH="58" VPOS="2002" HPOS="418"/>
<String STYLE="superscript" CONTENT="m" HEIGHT="21" WIDTH="28" VPOS="2006" HPOS="522"/>
<String CONTENT="." HEIGHT="9" WIDTH="10" VPOS="2035" HPOS="553"/>
</TextLine>
<TextLine HEIGHT="54" WIDTH="1992" VPOS="2071" HPOS="132">
<String CONTENT="&#169;" HEIGHT="53" WIDTH="52" VPOS="2071" HPOS="132"/>
<SP HEIGHT="53" WIDTH="24" VPOS="2071" HPOS="185"/>
<String CONTENT="Aug." HEIGHT="46" WIDTH="117" VPOS="2076" HPOS="210"/>
<SP HEIGHT="38" WIDTH="30" VPOS="2076" HPOS="328"/>
<String CONTENT="11," HEIGHT="44" WIDTH="68" VPOS="2076" HPOS="359"/>
<SP HEIGHT="44" WIDTH="28" VPOS="2076" HPOS="428"/>
<String CONTENT="1936;" HEIGHT="47" WIDTH="140" VPOS="2074" HPOS="457"/>
<SP HEIGHT="47" WIDTH="30" VPOS="2074" HPOS="598"/>
<String CONTENT="2c." HEIGHT="42" WIDTH="70" VPOS="2074" HPOS="629"/>
<SP HEIGHT="31" WIDTH="29" VPOS="2085" HPOS="700"/>
<String CONTENT="and" HEIGHT="39" WIDTH="95" VPOS="2075" HPOS="730"/>
<SP HEIGHT="40" WIDTH="29" VPOS="2075" HPOS="826"/>
<String CONTENT="aff." HEIGHT="42" WIDTH="81" VPOS="2074" HPOS="856"/>
<SP HEIGHT="41" WIDTH="29" VPOS="2075" HPOS="938"/>
<String CONTENT="Aug." HEIGHT="47" WIDTH="119" VPOS="2075" HPOS="968"/>
<SP HEIGHT="40" WIDTH="32" VPOS="2075" HPOS="1088"/>
<String CONTENT="12;" HEIGHT="48" WIDTH="81" VPOS="2074" HPOS="1121"/>
<SP HEIGHT="46" WIDTH="30" VPOS="2076" HPOS="1203"/>
<!-- cceid A2533A29-6E3A-1014-83DD-942C093A1DD9 --><String CONTENT="A" HEIGHT="38" WIDTH="40" VPOS="2076" HPOS="1234"/>
<SP HEIGHT="41" WIDTH="28" VPOS="2073" HPOS="1275"/>
<String CONTENT="96871;" HEIGHT="49" WIDTH="171" VPOS="2073" HPOS="1304"/>
<SP HEIGHT="47" WIDTH="35" VPOS="2075" HPOS="1476"/>
<String CONTENT="Naomi" HEIGHT="39" WIDTH="173" VPOS="2075" HPOS="1512"/>
<SP HEIGHT="40" WIDTH="29" VPOS="2075" HPOS="1686"/>
<String CONTENT="Jacob," HEIGHT="51" WIDTH="163" VPOS="2074" HPOS="1716"/>
<SP HEIGHT="49" WIDTH="32" VPOS="2076" HPOS="1880"/>
<String CONTENT="London." HEIGHT="42" WIDTH="211" VPOS="2075" HPOS="1913"/>
</TextLine>
<TextLine HEIGHT="49" WIDTH="279" VPOS="2131" HPOS="208">
<String CONTENT="(36-17721)" HEIGHT="49" WIDTH="279" VPOS="2131" HPOS="208"/>
</TextLine>
<TextLine HEIGHT="63" WIDTH="564" VPOS="2236" HPOS="128" STYLEREFS="StyleId-02FBACD8-6114-47A1-AC45-DE42A7D84DB2-">
<String CONTENT="Judd," HEIGHT="63" WIDTH="173" VPOS="2236" HPOS="128"/>
<SP HEIGHT="63" WIDTH="29" VPOS="2236" HPOS="302"/>
<String CONTENT="Frances" HEIGHT="54" WIDTH="260" VPOS="2236" HPOS="332"/>
<SP HEIGHT="54" WIDTH="23" VPOS="2236" HPOS="593"/>
<String CONTENT="K." HEIGHT="57" WIDTH="75" VPOS="2236" HPOS="617"/>
</TextLine>
<TextLine HEIGHT="70" WIDTH="1862" VPOS="2310" HPOS="261" STYLEREFS="StyleId-02FBACD8-6114-47A1-AC45-DE42A7D84DB2-" CS="1">
<String CS="1" CONTENT="&#8230;"/>
<SP HEIGHT="52" WIDTH="33" VPOS="2313" HPOS="261"/>
<String CONTENT="The" HEIGHT="52" WIDTH="122" VPOS="2313" HPOS="295"/>
<SP HEIGHT="50" WIDTH="27" VPOS="2330" HPOS="418"/>
<String CONTENT="green" HEIGHT="50" WIDTH="171" VPOS="2330" HPOS="446"/>
<SP HEIGHT="34" WIDTH="28" VPOS="2330" HPOS="618"/>
<String CONTENT="cameo" HEIGHT="34" WIDTH="188" VPOS="2330" HPOS="647"/>
<SP HEIGHT="34" WIDTH="27" VPOS="2330" HPOS="836"/>
<String CONTENT="mystery," HEIGHT="63" WIDTH="270" VPOS="2316" HPOS="864"/>
<SP HEIGHT="67" WIDTH="25" VPOS="2311" HPOS="1135"/>
<String CONTENT="by" HEIGHT="68" WIDTH="75" VPOS="2311" HPOS="1161"/>
<SP HEIGHT="67" WIDTH="31" VPOS="2312" HPOS="1237"/>
<String CONTENT="Frances" HEIGHT="52" WIDTH="246" VPOS="2312" HPOS="1269"/>
<SP HEIGHT="53" WIDTH="26" VPOS="2311" HPOS="1516"/>
<String CONTENT="K." HEIGHT="54" WIDTH="75" VPOS="2311" HPOS="1543"/>
<SP HEIGHT="55" WIDTH="32" VPOS="2311" HPOS="1619"/>
<String CONTENT="Judd" HEIGHT="55" WIDTH="161" VPOS="2311" HPOS="1652"/>
<SP HEIGHT="53" WIDTH="35" VPOS="2311" HPOS="1814"/>
<String CS="1" CONTENT="&#8230;"/>
<SP HEIGHT="53" WIDTH="80" VPOS="2310" HPOS="1906"/>
<String CONTENT="New" HEIGHT="54" WIDTH="136" VPOS="2310" HPOS="1987"/>
</TextLine>
<TextLine HEIGHT="70" WIDTH="1264" VPOS="2388" HPOS="134" STYLEREFS="StyleId-02FBACD8-6114-47A1-AC45-DE42A7D84DB2-">
<String CONTENT="York," HEIGHT="57" WIDTH="175" VPOS="2390" HPOS="134"/>
<SP HEIGHT="59" WIDTH="32" VPOS="2388" HPOS="310"/>
<String CONTENT="Cupples" HEIGHT="70" WIDTH="252" VPOS="2388" HPOS="343"/>
<SP HEIGHT="51" WIDTH="28" VPOS="2390" HPOS="596"/>
<String CONTENT="&amp;" HEIGHT="50" WIDTH="46" VPOS="2390" HPOS="625"/>
<SP HEIGHT="52" WIDTH="28" VPOS="2388" HPOS="672"/>
<String CONTENT="Leon" HEIGHT="53" WIDTH="155" VPOS="2388" HPOS="701"/>
<SP HEIGHT="35" WIDTH="30" VPOS="2406" HPOS="857"/>
<String CONTENT="company" HEIGHT="52" WIDTH="279" VPOS="2405" HPOS="888"/>
<SP HEIGHT="49" WIDTH="38" VPOS="2407" HPOS="1168"/>
<String CONTENT="[" HEIGHT="34" WIDTH="12" VPOS="2421" HPOS="1207"/>
<String STYLE="superscript" CONTENT="c" HEIGHT="22" WIDTH="17" VPOS="2394" HPOS="1225"/>
<String CONTENT="1936]" HEIGHT="66" WIDTH="151" VPOS="2389" HPOS="1247"/>
</TextLine>
<TextLine HEIGHT="50" WIDTH="1683" VPOS="2458" HPOS="200" CS="1">
<String CONTENT="iv," HEIGHT="47" WIDTH="61" VPOS="2461" HPOS="200"/>
<SP HEIGHT="48" WIDTH="32" VPOS="2460" HPOS="262"/>
<String CONTENT="211" HEIGHT="39" WIDTH="83" VPOS="2460" HPOS="295"/>
<SP HEIGHT="47" WIDTH="34" VPOS="2461" HPOS="379"/>
<String CONTENT="p." HEIGHT="37" WIDTH="43" VPOS="2471" HPOS="414"/>
<SP HEIGHT="40" WIDTH="57" VPOS="2460" HPOS="458"/>
<String CONTENT="front." HEIGHT="40" WIDTH="150" VPOS="2460" HPOS="516"/>
<SP HEIGHT="41" WIDTH="61" VPOS="2459" HPOS="667"/>
<String LANG="fr" CS="1" CONTENT="20cm." HEIGHT="43" WIDTH="116" VPOS="2458" HPOS="729"/>
<SP/>
<String CONTENT="(Her" HEIGHT="49" WIDTH="128" VPOS="2459" HPOS="916"/>
<SP HEIGHT="41" WIDTH="28" VPOS="2460" HPOS="1045"/>
<String CONTENT="Kay" HEIGHT="47" WIDTH="110" VPOS="2460" HPOS="1074"/>
<SP HEIGHT="46" WIDTH="32" VPOS="2461" HPOS="1185"/>
<String CONTENT="Tracey" HEIGHT="46" WIDTH="184" VPOS="2461" HPOS="1218"/>
<SP HEIGHT="37" WIDTH="30" VPOS="2470" HPOS="1403"/>
<String CONTENT="mystery" HEIGHT="46" WIDTH="215" VPOS="2462" HPOS="1434"/>
<SP HEIGHT="37" WIDTH="33" VPOS="2471" HPOS="1650"/>
<String CONTENT="stories)" HEIGHT="43" WIDTH="199" VPOS="2461" HPOS="1684"/>
</TextLine>
<TextLine HEIGHT="52" WIDTH="1996" VPOS="2529" HPOS="130" CS="1">
<String CONTENT="&#169;" HEIGHT="52" WIDTH="52" VPOS="2529" HPOS="130"/>
<SP HEIGHT="52" WIDTH="26" VPOS="2529" HPOS="183"/>
<String CONTENT="May" HEIGHT="46" WIDTH="112" VPOS="2534" HPOS="210"/>
<SP HEIGHT="47" WIDTH="23" VPOS="2533" HPOS="323"/>
<String CONTENT="22," HEIGHT="47" WIDTH="69" VPOS="2533" HPOS="347"/>
<SP HEIGHT="47" WIDTH="28" VPOS="2533" HPOS="417"/>
<String CONTENT="1936;" HEIGHT="48" WIDTH="139" VPOS="2531" HPOS="446"/>
<SP HEIGHT="47" WIDTH="27" VPOS="2532" HPOS="586"/>
<String CONTENT="2c." HEIGHT="41" WIDTH="68" VPOS="2532" HPOS="614"/>
<SP HEIGHT="40" WIDTH="26" VPOS="2533" HPOS="683"/>
<String CONTENT="July" HEIGHT="46" WIDTH="115" VPOS="2533" HPOS="710"/>
<SP HEIGHT="47" WIDTH="25" VPOS="2532" HPOS="826"/>
<String CONTENT="29;" HEIGHT="44" WIDTH="81" VPOS="2532" HPOS="852"/>
<SP HEIGHT="33" WIDTH="29" VPOS="2543" HPOS="934"/>
<String CONTENT="aff." HEIGHT="44" WIDTH="81" VPOS="2529" HPOS="964"/>
<SP HEIGHT="40" WIDTH="28" VPOS="2533" HPOS="1046"/>
<String CONTENT="Aug." HEIGHT="46" WIDTH="119" VPOS="2533" HPOS="1075"/>
<SP HEIGHT="40" WIDTH="26" VPOS="2533" HPOS="1195"/>
<String CS="1" CONTENT="13;" HEIGHT="39" WIDTH="54" VPOS="2533" HPOS="1222"/>
<SP HEIGHT="46" WIDTH="30" VPOS="2533" HPOS="1304"/>
<!-- cceid A253ABA4-6E3A-1014-83DD-942C093A1DD9 --><String CONTENT="A" HEIGHT="38" WIDTH="39" VPOS="2533" HPOS="1335"/>
<SP HEIGHT="41" WIDTH="24" VPOS="2531" HPOS="1375"/>
<String CS="1" CONTENT="96911;" HEIGHT="41" WIDTH="143" VPOS="2531" HPOS="1400"/>
<SP HEIGHT="45" WIDTH="32" VPOS="2533" HPOS="1571"/>
<String CONTENT="Cupples" HEIGHT="48" WIDTH="208" VPOS="2532" HPOS="1604"/>
<SP HEIGHT="39" WIDTH="23" VPOS="2533" HPOS="1813"/>
<String CONTENT="&amp;" HEIGHT="39" WIDTH="37" VPOS="2533" HPOS="1837"/>
<SP HEIGHT="39" WIDTH="26" VPOS="2533" HPOS="1875"/>
<String CONTENT="Leon" HEIGHT="39" WIDTH="130" VPOS="2533" HPOS="1902"/>
<SP HEIGHT="30" WIDTH="25" VPOS="2542" HPOS="2033"/>
<String CONTENT="co." HEIGHT="30" WIDTH="67" VPOS="2542" HPOS="2059"/>
</TextLine>
<TextLine HEIGHT="48" WIDTH="278" VPOS="2589" HPOS="210">
<String CONTENT="(36-17704)" HEIGHT="48" WIDTH="278" VPOS="2589" HPOS="210"/>
</TextLine>
<TextLine HEIGHT="69" WIDTH="1801" VPOS="2690" HPOS="264" STYLEREFS="StyleId-02FBACD8-6114-47A1-AC45-DE42A7D84DB2-" CS="1">
<String CS="1" CONTENT="&#8230;"/>
<SP HEIGHT="55" WIDTH="34" VPOS="2691" HPOS="264"/>
<String CONTENT="The" HEIGHT="53" WIDTH="122" VPOS="2691" HPOS="299"/>
<SP HEIGHT="36" WIDTH="27" VPOS="2709" HPOS="422"/>
<String CONTENT="six" HEIGHT="54" WIDTH="88" VPOS="2691" HPOS="450"/>
<SP HEIGHT="52" WIDTH="30" VPOS="2691" HPOS="539"/>
<String CONTENT="fingered" HEIGHT="68" WIDTH="255" VPOS="2691" HPOS="570"/>
<SP HEIGHT="68" WIDTH="31" VPOS="2691" HPOS="826"/>
<String CONTENT="glove" HEIGHT="69" WIDTH="164" VPOS="2690" HPOS="858"/>
<SP HEIGHT="35" WIDTH="32" VPOS="2709" HPOS="1023"/>
<String CONTENT="mystery," HEIGHT="64" WIDTH="271" VPOS="2694" HPOS="1056"/>
<SP HEIGHT="67" WIDTH="30" VPOS="2690" HPOS="1328"/>
<String CONTENT="by" HEIGHT="68" WIDTH="76" VPOS="2690" HPOS="1359"/>
<SP HEIGHT="67" WIDTH="35" VPOS="2691" HPOS="1436"/>
<String CONTENT="Frances" HEIGHT="52" WIDTH="246" VPOS="2691" HPOS="1472"/>
<SP HEIGHT="53" WIDTH="30" VPOS="2691" HPOS="1719"/>
<String CONTENT="K." HEIGHT="53" WIDTH="76" VPOS="2691" HPOS="1750"/>
<SP HEIGHT="54" WIDTH="34" VPOS="2691" HPOS="1827"/>
<String CONTENT="Judd" HEIGHT="54" WIDTH="162" VPOS="2691" HPOS="1862"/>
<SP HEIGHT="54" WIDTH="40" VPOS="2691" HPOS="2025"/>
<String CS="1" CONTENT="&#8230;"/>
</TextLine>
<TextLine HEIGHT="69" WIDTH="1443" VPOS="2767" HPOS="133" STYLEREFS="StyleId-02FBACD8-6114-47A1-AC45-DE42A7D84DB2-" CS="1">
<String CONTENT="New" HEIGHT="52" WIDTH="137" VPOS="2770" HPOS="133"/>
<SP HEIGHT="51" WIDTH="32" VPOS="2769" HPOS="271"/>
<String CONTENT="York," HEIGHT="68" WIDTH="180" VPOS="2768" HPOS="304"/>
<SP HEIGHT="69" WIDTH="33" VPOS="2767" HPOS="485"/>
<String CONTENT="Cupples" HEIGHT="69" WIDTH="252" VPOS="2767" HPOS="519"/>
<SP HEIGHT="50" WIDTH="30" VPOS="2769" HPOS="772"/>
<String CONTENT="&amp;" HEIGHT="50" WIDTH="45" VPOS="2769" HPOS="803"/>
<SP HEIGHT="51" WIDTH="27" VPOS="2768" HPOS="849"/>
<String CONTENT="Leon" HEIGHT="53" WIDTH="155" VPOS="2768" HPOS="877"/>
<SP HEIGHT="35" WIDTH="32" VPOS="2785" HPOS="1033"/>
<String CONTENT="company" HEIGHT="52" WIDTH="279" VPOS="2783" HPOS="1066"/>
<SP HEIGHT="62" WIDTH="37" VPOS="2773" HPOS="1346"/>
<String CS="1" CONTENT="[c1936]" HEIGHT="65" WIDTH="151" VPOS="2769" HPOS="1425"/>
</TextLine>
<TextLine HEIGHT="50" WIDTH="1659" VPOS="2837" HPOS="202" CS="1">
<String CONTENT="iv," HEIGHT="48" WIDTH="60" VPOS="2839" HPOS="202"/>
<SP HEIGHT="48" WIDTH="29" VPOS="2839" HPOS="263"/>
<String CONTENT="203" HEIGHT="40" WIDTH="84" VPOS="2839" HPOS="293"/>
<SP HEIGHT="48" WIDTH="26" VPOS="2839" HPOS="378"/>
<String CONTENT="p." HEIGHT="38" WIDTH="44" VPOS="2849" HPOS="405"/>
<SP HEIGHT="40" WIDTH="56" VPOS="2839" HPOS="450"/>
<String CONTENT="front." HEIGHT="41" WIDTH="151" VPOS="2839" HPOS="507"/>
<SP HEIGHT="41" WIDTH="58" VPOS="2839" HPOS="659"/>
<String CONTENT="20" HEIGHT="41" WIDTH="57" VPOS="2837" HPOS="718"/>
<String STYLE="superscript" CONTENT="cm" HEIGHT="21" WIDTH="45" VPOS="2841" HPOS="776"/>
<String CONTENT="." HEIGHT="9" WIDTH="10" VPOS="2869" HPOS="824"/>
<SP/>
<String CONTENT="(Her" HEIGHT="48" WIDTH="127" VPOS="2839" HPOS="905"/>
<SP HEIGHT="40" WIDTH="26" VPOS="2839" HPOS="1033"/>
<String CONTENT="Kay" HEIGHT="48" WIDTH="110" VPOS="2839" HPOS="1060"/>
<SP HEIGHT="47" WIDTH="29" VPOS="2840" HPOS="1171"/>
<String CONTENT="Tracey" HEIGHT="46" WIDTH="183" VPOS="2840" HPOS="1201"/>
<SP HEIGHT="37" WIDTH="29" VPOS="2849" HPOS="1385"/>
<String CONTENT="mystery" HEIGHT="45" WIDTH="215" VPOS="2841" HPOS="1415"/>
<SP HEIGHT="37" WIDTH="29" VPOS="2849" HPOS="1631"/>
<String CONTENT="stories)" HEIGHT="47" WIDTH="200" VPOS="2840" HPOS="1661"/>
</TextLine>
<TextLine HEIGHT="52" WIDTH="1995" VPOS="2910" HPOS="132">
<String CONTENT="&#169;" HEIGHT="52" WIDTH="52" VPOS="2910" HPOS="132"/>
<SP HEIGHT="52" WIDTH="23" VPOS="2910" HPOS="185"/>
<String CONTENT="May" HEIGHT="45" WIDTH="112" VPOS="2915" HPOS="209"/>
<SP HEIGHT="45" WIDTH="25" VPOS="2915" HPOS="322"/>
<String CONTENT="15," HEIGHT="46" WIDTH="69" VPOS="2913" HPOS="348"/>
<SP HEIGHT="46" WIDTH="24" VPOS="2913" HPOS="418"/>
<String CONTENT="1936;" HEIGHT="43" WIDTH="140" VPOS="2912" HPOS="443"/>
<SP HEIGHT="43" WIDTH="27" VPOS="2912" HPOS="584"/>
<String CONTENT="2c." HEIGHT="41" WIDTH="68" VPOS="2912" HPOS="612"/>
<SP HEIGHT="40" WIDTH="26" VPOS="2913" HPOS="681"/>
<String CONTENT="July" HEIGHT="47" WIDTH="115" VPOS="2912" HPOS="708"/>
<SP HEIGHT="47" WIDTH="25" VPOS="2912" HPOS="824"/>
<String CONTENT="29;" HEIGHT="42" WIDTH="81" VPOS="2912" HPOS="850"/>
<SP HEIGHT="32" WIDTH="29" VPOS="2922" HPOS="932"/>
<String CONTENT="aff." HEIGHT="40" WIDTH="82" VPOS="2912" HPOS="962"/>
<SP HEIGHT="39" WIDTH="28" VPOS="2913" HPOS="1045"/>
<String CONTENT="Aug." HEIGHT="46" WIDTH="117" VPOS="2913" HPOS="1074"/>
<SP HEIGHT="38" WIDTH="27" VPOS="2913" HPOS="1192"/>
<String CONTENT="13;" HEIGHT="45" WIDTH="81" VPOS="2913" HPOS="1220"/>
<SP HEIGHT="45" WIDTH="28" VPOS="2913" HPOS="1302"/>
<!-- cceid A2540CF4-6E3A-1014-83DD-942C093A1DD9 --><String CONTENT="A" HEIGHT="38" WIDTH="39" VPOS="2913" HPOS="1331"/>
<SP HEIGHT="40" WIDTH="28" VPOS="2911" HPOS="1371"/>
<String CONTENT="96910;" HEIGHT="44" WIDTH="170" VPOS="2911" HPOS="1400"/>
<SP HEIGHT="43" WIDTH="29" VPOS="2912" HPOS="1571"/>
<String CONTENT="Cupples" HEIGHT="48" WIDTH="208" VPOS="2912" HPOS="1601"/>
<SP HEIGHT="40" WIDTH="27" VPOS="2913" HPOS="1810"/>
<String CONTENT="&amp;" HEIGHT="40" WIDTH="36" VPOS="2913" HPOS="1838"/>
<SP HEIGHT="40" WIDTH="26" VPOS="2913" HPOS="1875"/>
<String CONTENT="Leon" HEIGHT="38" WIDTH="129" VPOS="2913" HPOS="1902"/>
<SP HEIGHT="29" WIDTH="26" VPOS="2922" HPOS="2032"/>
<String CONTENT="co." HEIGHT="31" WIDTH="68" VPOS="2922" HPOS="2059"/>
</TextLine>
<TextLine HEIGHT="48" WIDTH="279" VPOS="2970" HPOS="211">
<String CONTENT="(36-17713)" HEIGHT="48" WIDTH="279" VPOS="2970" HPOS="211"/>
</TextLine>
<TextLine HEIGHT="65" WIDTH="907" VPOS="3072" HPOS="131" STYLEREFS="StyleId-02FBACD8-6114-47A1-AC45-DE42A7D84DB2-">
<String LANG="en-US" CONTENT="Kik," HEIGHT="64" WIDTH="133" VPOS="3073" HPOS="131"/>
<SP HEIGHT="63" WIDTH="28" VPOS="3074" HPOS="265"/>
<String LANG="en-US" CONTENT="Jacob" HEIGHT="53" WIDTH="179" VPOS="3073" HPOS="294"/>
<SP HEIGHT="52" WIDTH="27" VPOS="3073" HPOS="474"/>
<String LANG="de" CONTENT="Marcellus," HEIGHT="65" WIDTH="331" VPOS="3072" HPOS="502"/>
<SP HEIGHT="58" WIDTH="33" VPOS="3079" HPOS="834"/>
<String LANG="en-US" CONTENT="1903-" HEIGHT="49" WIDTH="170" VPOS="3078" HPOS="868"/>
</TextLine>
<TextLine HEIGHT="147" WIDTH="1969" VPOS="3148" HPOS="135" STYLEREFS="StyleId-02FBACD8-6114-47A1-AC45-DE42A7D84DB2-" CS="1">
<String CONTENT="The" HEIGHT="52" WIDTH="120" VPOS="3150" HPOS="203"/>
<SP HEIGHT="34" WIDTH="26" VPOS="3168" HPOS="324"/>
<String CONTENT="narrow" HEIGHT="35" WIDTH="224" VPOS="3167" HPOS="351"/>
<SP HEIGHT="34" WIDTH="27" VPOS="3168" HPOS="576"/>
<String CONTENT="and" HEIGHT="53" WIDTH="113" VPOS="3149" HPOS="604"/>
<SP HEIGHT="52" WIDTH="26" VPOS="3149" HPOS="718"/>
<String CONTENT="the" HEIGHT="52" WIDTH="95" VPOS="3149" HPOS="745"/>
<SP HEIGHT="52" WIDTH="24" VPOS="3149" HPOS="841"/>
<String CONTENT="broad" HEIGHT="52" WIDTH="177" VPOS="3149" HPOS="866"/>
<SP HEIGHT="51" WIDTH="29" VPOS="3149" HPOS="1044"/>
<String CONTENT="way," HEIGHT="49" WIDTH="142" VPOS="3167" HPOS="1074"/>
<SP HEIGHT="46" WIDTH="26" VPOS="3169" HPOS="1217"/>
<String CONTENT="and" HEIGHT="54" WIDTH="112" VPOS="3148" HPOS="1244"/>
<SP HEIGHT="52" WIDTH="26" VPOS="3148" HPOS="1357"/>
<String CONTENT="other" HEIGHT="51" WIDTH="161" VPOS="3149" HPOS="1384"/>
<SP HEIGHT="33" WIDTH="29" VPOS="3168" HPOS="1546"/>
<String CONTENT="sermons" HEIGHT="36" WIDTH="250" VPOS="3166" HPOS="1576"/>
<SP HEIGHT="34" WIDTH="26" VPOS="3168" HPOS="1827"/>
<String CONTENT="of" HEIGHT="53" WIDTH="64" VPOS="3149" HPOS="1854"/>
<SP HEIGHT="52" WIDTH="25" VPOS="3149" HPOS="1919"/>
<String CONTENT="salvation," HEIGHT="144" WIDTH="1969" VPOS="3150" HPOS="135"/>
<SP HEIGHT="67" WIDTH="24" VPOS="3227" HPOS="273"/>
<String CONTENT="by" HEIGHT="68" WIDTH="75" VPOS="3227" HPOS="298"/>
<SP HEIGHT="68" WIDTH="23" VPOS="3227" HPOS="374"/>
<String CONTENT="J." HEIGHT="53" WIDTH="54" VPOS="3227" HPOS="398"/>
<SP HEIGHT="53" WIDTH="26" VPOS="3227" HPOS="453"/>
<String LANG="de" CONTENT="Marcellus" HEIGHT="53" WIDTH="305" VPOS="3226" HPOS="480"/>
</TextLine>
<TextLine HEIGHT="69" WIDTH="1318" VPOS="3225" HPOS="811" STYLEREFS="StyleId-02FBACD8-6114-47A1-AC45-DE42A7D84DB2-" CS="1">
<String CONTENT="Kik" HEIGHT="52" WIDTH="121" VPOS="3226" HPOS="811"/>
<SP HEIGHT="52" WIDTH="30" VPOS="3226" HPOS="933"/>
<String CS="1" CONTENT="&#8230;"/>
<SP HEIGHT="55" WIDTH="64" VPOS="3225" HPOS="1020"/>
<String CONTENT="Grand" HEIGHT="55" WIDTH="199" VPOS="3225" HPOS="1085"/>
<SP HEIGHT="53" WIDTH="25" VPOS="3226" HPOS="1285"/>
<String CONTENT="Rapids," HEIGHT="68" WIDTH="240" VPOS="3226" HPOS="1311"/>
<SP HEIGHT="68" WIDTH="24" VPOS="3226" HPOS="1552"/>
<String CONTENT="Mich.," HEIGHT="68" WIDTH="193" VPOS="3225" HPOS="1577"/>
<SP HEIGHT="65" WIDTH="22" VPOS="3228" HPOS="1771"/>
<String CONTENT="Zondervan" HEIGHT="53" WIDTH="335" VPOS="3227" HPOS="1794"/>
</TextLine>
<TextLine HEIGHT="67" WIDTH="730" VPOS="3305" HPOS="136" STYLEREFS="StyleId-02FBACD8-6114-47A1-AC45-DE42A7D84DB2-">
<String CONTENT="publishing" HEIGHT="67" WIDTH="332" VPOS="3305" HPOS="136"/>
<SP HEIGHT="67" WIDTH="24" VPOS="3305" HPOS="469"/>
<String CONTENT="house," HEIGHT="67" WIDTH="189" VPOS="3305" HPOS="494"/>
<SP HEIGHT="64" WIDTH="31" VPOS="3308" HPOS="684"/>
<String CONTENT="1934." HEIGHT="51" WIDTH="150" VPOS="3306" HPOS="716"/>
</TextLine>
<TextLine HEIGHT="50" WIDTH="768" VPOS="3377" HPOS="205" CS="1">
<String CONTENT="4" HEIGHT="38" WIDTH="27" VPOS="3380" HPOS="205"/>
<SP HEIGHT="47" WIDTH="26" VPOS="3380" HPOS="233"/>
<String LANG="fr" CONTENT="p." HEIGHT="37" WIDTH="40" VPOS="3390" HPOS="260"/>
<SP HEIGHT="40" WIDTH="26" VPOS="3380" HPOS="301"/>
<String CONTENT="1.," HEIGHT="46" WIDTH="45" VPOS="3380" HPOS="328"/>
<SP HEIGHT="48" WIDTH="26" VPOS="3378" HPOS="374"/>
<String CONTENT="iii," HEIGHT="48" WIDTH="67" VPOS="3378" HPOS="401"/>
<SP HEIGHT="30" WIDTH="30" VPOS="3397" HPOS="469"/>
<String CONTENT="[13]-106" HEIGHT="50" WIDTH="206" VPOS="3377" HPOS="500"/>
<SP HEIGHT="47" WIDTH="22" VPOS="3378" HPOS="707"/>
<String CONTENT="p." HEIGHT="37" WIDTH="42" VPOS="3388" HPOS="730"/>
<SP HEIGHT="40" WIDTH="54" VPOS="3378" HPOS="773"/>
<String CS="1" CONTENT="20&#189;" HEIGHT="40" WIDTH="55" VPOS="3377" HPOS="828"/>
<String STYLE="superscript" CONTENT="cm" HEIGHT="20" WIDTH="45" VPOS="3380" HPOS="915"/>
<String CONTENT="." HEIGHT="9" WIDTH="9" VPOS="3409" HPOS="964"/>
</TextLine>
<TextLine HEIGHT="53" WIDTH="1996" VPOS="3446" HPOS="132" CS="1">
<String CONTENT="&#169;" HEIGHT="53" WIDTH="53" VPOS="3446" HPOS="132"/>
<SP HEIGHT="53" WIDTH="22" VPOS="3446" HPOS="186"/>
<String CONTENT="June" HEIGHT="39" WIDTH="124" VPOS="3451" HPOS="209"/>
<SP HEIGHT="37" WIDTH="22" VPOS="3452" HPOS="334"/>
<String CONTENT="15," HEIGHT="46" WIDTH="65" VPOS="3451" HPOS="357"/>
<SP HEIGHT="47" WIDTH="25" VPOS="3450" HPOS="423"/>
<String CS="1" CONTENT="1934;" HEIGHT="39" WIDTH="113" VPOS="3450" HPOS="449"/>
<SP HEIGHT="42" WIDTH="23" VPOS="3449" HPOS="589"/>
<String CONTENT="2c." HEIGHT="41" WIDTH="68" VPOS="3449" HPOS="613"/>
<SP HEIGHT="41" WIDTH="23" VPOS="3449" HPOS="682"/>
<String CONTENT="Feb." HEIGHT="40" WIDTH="109" VPOS="3449" HPOS="706"/>
<SP HEIGHT="38" WIDTH="24" VPOS="3451" HPOS="816"/>
<String CONTENT="18," HEIGHT="47" WIDTH="68" VPOS="3450" HPOS="841"/>
<SP HEIGHT="47" WIDTH="23" VPOS="3450" HPOS="910"/>
<String CONTENT="1936;" HEIGHT="47" WIDTH="139" VPOS="3450" HPOS="934"/>
<SP HEIGHT="38" WIDTH="26" VPOS="3459" HPOS="1074"/>
<String CONTENT="aff." HEIGHT="41" WIDTH="80" VPOS="3449" HPOS="1101"/>
<SP HEIGHT="40" WIDTH="25" VPOS="3450" HPOS="1182"/>
<String CONTENT="Feb." HEIGHT="39" WIDTH="108" VPOS="3449" HPOS="1208"/>
<SP HEIGHT="37" WIDTH="25" VPOS="3451" HPOS="1317"/>
<String CS="1" CONTENT="19;" HEIGHT="40" WIDTH="54" VPOS="3449" HPOS="1343"/>
<SP HEIGHT="42" WIDTH="25" VPOS="3451" HPOS="1424"/>
<!-- cceid A2546BFB-6E3A-1014-83DD-942C093A1DD9 --><String CONTENT="A" HEIGHT="38" WIDTH="40" VPOS="3451" HPOS="1450"/>
<SP HEIGHT="39" WIDTH="22" VPOS="3450" HPOS="1491"/>
<String CS="1" CONTENT="93043;" HEIGHT="40" WIDTH="143" VPOS="3450" HPOS="1514"/>
<SP HEIGHT="46" WIDTH="25" VPOS="3451" HPOS="1685"/>
<String CONTENT="Zondervan" HEIGHT="39" WIDTH="284" VPOS="3450" HPOS="1711"/>
<SP HEIGHT="38" WIDTH="21" VPOS="3460" HPOS="1996"/>
<String CONTENT="pub." HEIGHT="47" WIDTH="110" VPOS="3451" HPOS="2018"/>
</TextLine>
<TextLine HEIGHT="49" WIDTH="505" VPOS="3506" HPOS="204">
<String CONTENT="house." HEIGHT="41" WIDTH="162" VPOS="3507" HPOS="204"/>
<SP HEIGHT="48" WIDTH="62" VPOS="3507" HPOS="367"/>
<String CONTENT="(36-17787)" HEIGHT="49" WIDTH="279" VPOS="3506" HPOS="430"/>
</TextLine>
<TextLine HEIGHT="65" WIDTH="1045" VPOS="3609" HPOS="135" STYLEREFS="StyleId-02FBACD8-6114-47A1-AC45-DE42A7D84DB2-">
<String CONTENT="Laing," HEIGHT="64" WIDTH="204" VPOS="3610" HPOS="135"/>
<SP HEIGHT="64" WIDTH="24" VPOS="3610" HPOS="340"/>
<String CONTENT="Alexander" HEIGHT="54" WIDTH="335" VPOS="3609" HPOS="365"/>
<SP HEIGHT="53" WIDTH="22" VPOS="3610" HPOS="701"/>
<String CONTENT="Kinnan," HEIGHT="65" WIDTH="255" VPOS="3609" HPOS="724"/>
<SP HEIGHT="58" WIDTH="28" VPOS="3616" HPOS="980"/>
<String CONTENT="1903-" HEIGHT="51" WIDTH="171" VPOS="3615" HPOS="1009"/>
</TextLine>
<TextLine HEIGHT="69" WIDTH="1921" VPOS="3685" HPOS="207" STYLEREFS="StyleId-02FBACD8-6114-47A1-AC45-DE42A7D84DB2-">
<String CONTENT="Dr." HEIGHT="51" WIDTH="101" VPOS="3687" HPOS="207"/>
<SP HEIGHT="55" WIDTH="37" VPOS="3685" HPOS="309"/>
<String CONTENT="Scarlett;" HEIGHT="67" WIDTH="272" VPOS="3685" HPOS="347"/>
<SP HEIGHT="47" WIDTH="38" VPOS="3705" HPOS="620"/>
<String CONTENT="a" HEIGHT="34" WIDTH="31" VPOS="3705" HPOS="659"/>
<SP HEIGHT="35" WIDTH="31" VPOS="3704" HPOS="691"/>
<String CONTENT="narrative" HEIGHT="56" WIDTH="289" VPOS="3685" HPOS="723"/>
<SP HEIGHT="37" WIDTH="33" VPOS="3704" HPOS="1013"/>
<String CONTENT="of" HEIGHT="53" WIDTH="64" VPOS="3685" HPOS="1047"/>
<SP HEIGHT="52" WIDTH="29" VPOS="3685" HPOS="1112"/>
<String CONTENT="his" HEIGHT="55" WIDTH="89" VPOS="3685" HPOS="1142"/>
<SP HEIGHT="35" WIDTH="32" VPOS="3705" HPOS="1232"/>
<String CONTENT="mysterious" HEIGHT="68" WIDTH="337" VPOS="3686" HPOS="1265"/>
<SP HEIGHT="54" WIDTH="30" VPOS="3686" HPOS="1603"/>
<String CONTENT="behavior" HEIGHT="53" WIDTH="273" VPOS="3686" HPOS="1634"/>
<SP HEIGHT="53" WIDTH="33" VPOS="3685" HPOS="1908"/>
<String CONTENT="in" HEIGHT="52" WIDTH="60" VPOS="3685" HPOS="1942"/>
<SP HEIGHT="47" WIDTH="30" VPOS="3692" HPOS="2003"/>
<String CONTENT="the" HEIGHT="53" WIDTH="94" VPOS="3687" HPOS="2034"/>
</TextLine>
<TextLine HEIGHT="69" WIDTH="1990" VPOS="3763" HPOS="140" STYLEREFS="StyleId-02FBACD8-6114-47A1-AC45-DE42A7D84DB2-">
<String CONTENT="East," HEIGHT="65" WIDTH="156" VPOS="3764" HPOS="140"/>
<SP HEIGHT="65" WIDTH="38" VPOS="3764" HPOS="297"/>
<String CONTENT="by" HEIGHT="67" WIDTH="74" VPOS="3764" HPOS="336"/>
<SP HEIGHT="68" WIDTH="36" VPOS="3763" HPOS="411"/>
<String CONTENT="Alexander" HEIGHT="53" WIDTH="327" VPOS="3763" HPOS="448"/>
<SP HEIGHT="52" WIDTH="37" VPOS="3764" HPOS="776"/>
<String CONTENT="Laing." HEIGHT="69" WIDTH="203" VPOS="3763" HPOS="814"/>
<SP HEIGHT="52" WIDTH="73" VPOS="3764" HPOS="1018"/>
<String CONTENT="New" HEIGHT="53" WIDTH="138" VPOS="3764" HPOS="1092"/>
<SP HEIGHT="54" WIDTH="42" VPOS="3763" HPOS="1231"/>
<String CONTENT="York," HEIGHT="69" WIDTH="179" VPOS="3763" HPOS="1274"/>
<SP HEIGHT="68" WIDTH="38" VPOS="3764" HPOS="1454"/>
<String CONTENT="Farrar" HEIGHT="52" WIDTH="215" VPOS="3764" HPOS="1493"/>
<SP HEIGHT="49" WIDTH="37" VPOS="3766" HPOS="1709"/>
<String CONTENT="&amp;" HEIGHT="49" WIDTH="45" VPOS="3766" HPOS="1747"/>
<SP HEIGHT="52" WIDTH="37" VPOS="3764" HPOS="1793"/>
<String CONTENT="Rinehart," HEIGHT="69" WIDTH="299" VPOS="3763" HPOS="1831"/>
</TextLine>
<TextLine HEIGHT="67" WIDTH="623" VPOS="3841" HPOS="139" STYLEREFS="StyleId-02FBACD8-6114-47A1-AC45-DE42A7D84DB2-">
<String CONTENT="incorporated" HEIGHT="67" WIDTH="397" VPOS="3841" HPOS="139"/>
<SP HEIGHT="65" WIDTH="32" VPOS="3841" HPOS="537"/>
<String CONTENT="[" HEIGHT="33" WIDTH="12" VPOS="3873" HPOS="570"/>
<String STYLE="superscript" CONTENT="c" HEIGHT="21" WIDTH="20" VPOS="3847" HPOS="585"/>
<String CONTENT="1936]" HEIGHT="63" WIDTH="152" VPOS="3844" HPOS="610"/>
</TextLine>
<TextLine HEIGHT="49" WIDTH="428" VPOS="3914" HPOS="210" STYLEREFS="StyleId-02FBACD8-6114-47A1-AC45-DE42A7D84DB2-" CS="1">
<String CONTENT="x," HEIGHT="36" WIDTH="45" VPOS="3926" HPOS="210"/>
<SP HEIGHT="47" WIDTH="36" VPOS="3915" HPOS="256"/>
<String CONTENT="338" HEIGHT="40" WIDTH="88" VPOS="3915" HPOS="293"/>
<SP HEIGHT="48" WIDTH="36" VPOS="3915" HPOS="382"/>
<String CONTENT="p." HEIGHT="38" WIDTH="44" VPOS="3925" HPOS="419"/>
<SP HEIGHT="41" WIDTH="56" VPOS="3914" HPOS="464"/>
<String CS="1" CONTENT="20cm." HEIGHT="42" WIDTH="117" VPOS="3914" HPOS="521"/>
</TextLine>
<TextLine HEIGHT="55" WIDTH="1987" VPOS="3979" HPOS="140" CS="1">
<String CONTENT="&#169;" HEIGHT="52" WIDTH="52" VPOS="3979" HPOS="140"/>
<SP HEIGHT="52" WIDTH="27" VPOS="3979" HPOS="193"/>
<String CONTENT="Aug." HEIGHT="45" WIDTH="118" VPOS="3985" HPOS="221"/>
<SP HEIGHT="39" WIDTH="26" VPOS="3985" HPOS="340"/>
<String CONTENT="13," HEIGHT="47" WIDTH="67" VPOS="3984" HPOS="367"/>
<SP HEIGHT="46" WIDTH="30" VPOS="3985" HPOS="435"/>
<String CS="1" CONTENT="1936;" HEIGHT="39" WIDTH="112" VPOS="3984" HPOS="466"/>
<SP HEIGHT="46" WIDTH="29" VPOS="3984" HPOS="605"/>
<String CONTENT="2c." HEIGHT="40" WIDTH="69" VPOS="3984" HPOS="635"/>
<SP HEIGHT="39" WIDTH="29" VPOS="3985" HPOS="705"/>
<String CONTENT="Aug." HEIGHT="46" WIDTH="118" VPOS="3985" HPOS="735"/>
<SP HEIGHT="39" WIDTH="29" VPOS="3985" HPOS="854"/>
<String CS="1" CONTENT="15;" HEIGHT="39" WIDTH="54" VPOS="3985" HPOS="884"/>
<SP HEIGHT="36" WIDTH="32" VPOS="3994" HPOS="966"/>
<String CONTENT="aff." HEIGHT="42" WIDTH="81" VPOS="3984" HPOS="999"/>
<SP HEIGHT="41" WIDTH="30" VPOS="3985" HPOS="1081"/>
<String CONTENT="Aug." HEIGHT="46" WIDTH="119" VPOS="3985" HPOS="1112"/>
<SP HEIGHT="39" WIDTH="31" VPOS="3987" HPOS="1232"/>
<String CS="1" CONTENT="14;" HEIGHT="38" WIDTH="53" VPOS="3986" HPOS="1264"/>
<SP HEIGHT="40" WIDTH="32" VPOS="3986" HPOS="1345"/>
<!-- cceid A254D1B7-6E3A-1014-83DD-942C093A1DD9 --><String CONTENT="A" HEIGHT="37" WIDTH="38" VPOS="3986" HPOS="1378"/>
<SP HEIGHT="40" WIDTH="28" VPOS="3984" HPOS="1417"/>
<String CS="1" CONTENT="96932;" HEIGHT="40" WIDTH="143" VPOS="3984" HPOS="1446"/>
<SP HEIGHT="46" WIDTH="35" VPOS="3986" HPOS="1617"/>
<String CONTENT="Alexander" HEIGHT="39" WIDTH="276" VPOS="3985" HPOS="1653"/>
<SP HEIGHT="38" WIDTH="29" VPOS="3986" HPOS="1930"/>
<String CONTENT="Laing," HEIGHT="49" WIDTH="167" VPOS="3985" HPOS="1960"/>
</TextLine>
<TextLine HEIGHT="49" WIDTH="745" VPOS="4039" HPOS="208">
<String CONTENT="Hanover," HEIGHT="47" WIDTH="240" VPOS="4041" HPOS="208"/>
<SP HEIGHT="48" WIDTH="23" VPOS="4040" HPOS="449"/>
<String LANG="fr" CONTENT="N." HEIGHT="39" WIDTH="54" VPOS="4040" HPOS="473"/>
<SP HEIGHT="38" WIDTH="24" VPOS="4041" HPOS="528"/>
<String CONTENT="H." HEIGHT="38" WIDTH="59" VPOS="4041" HPOS="553"/>
<SP HEIGHT="44" WIDTH="61" VPOS="4042" HPOS="613"/>
<String CONTENT="(36-17947)" HEIGHT="49" WIDTH="278" VPOS="4039" HPOS="675"/>
</TextLine>
</TextBlock>
</PrintSpace>
</Page>
</Layout>
</alto>