2519 4377
1330 4118 100 49 456

363 520 2008 69 207 titles, by Willard Rouse Jillson … Louisville, Ky., The
366 598 295 55 Standard
698 598 266 69 printing
1000 617 98 49 co.,
1132 598 422 69 incorporated,
1591 600 151 52 1936.

432 670 1939 51 4 p. l., [xv]-xvi, 164 p. incl. illus. (facsim.) maps, front., map. 22 cm .
373 728 119 47 (Big
518 728 134 40 Bone
678 728 99 41 lick
805 727 297 41 association
1131 727 354 49 publications:
1516 739 74 32 no.
1619 728 51 49 1)

435 784 162 41 “First
625 785 200 48 edition,
855 784 85 41 500
970 783 203 49 copies.”

436 840 308 43 “Annotated
778 842 340 48 bibliography
1154 842 51 41 of
1240 843 93 48 Big
1366 845 133 38 Bone
1532 842 154 41 lick”:
1727 854 42 37 p.
1808 842 249 52 [123]-155.

364 912 52 53 ©
456 916 110 40 Feb.
606 917 69 48 18,
715 916 141 48 1936;
895 917 68 40 2c.
1004 916 111 41 Feb.
1153 916 83 47 26;
1277 917 83 40 aff.
1401 918 122 39 Mar.
1563 917 81 46 17;
1686 917 40 38 A
1766 915 170 48 93237;
1979 918 70 39 W.
2091 918 56 40 R.
2185 916 190 48 Jillson,

436 975 284 48 Frankfort,
752 975 92 48 Ky.
914 974 253 49 (36-9003)

362 1078 285 65 Johnson,
674 1077 178 54 Alvin
879 1079 320 65 Saunders,
1230 1081 170 53 1874-

435 1153 221 71 Spring
679 1158 177 51 storm
986 1187 12 35 [by]
1030 1153 181 55 Alvin
1234 1154 279 54 Johnson.
1574 1154 140 54 New
1743 1153 181 71 York,
1951 1156 72 52 A.
2050 1156 70 52 A.
2147 1154 226 69 Knopf,

364 1235 151 51 1936.

434 1305 719 52 5 p. l., 3-351, [1] p. 20½ cm .
434 1364 292 41 “Published
761 1364 138 48 April
929 1363 69 48 20,
1033 1364 142 49 1936;
1209 1364 106 41 first
1350 1365 95 40 and
1480 1365 175 41 second
1687 1365 244 48 printings
1966 1364 167 42 before
362 1365 1992 97 publication.”

364 1482 53 54 ©
444 1488 114 47 Apr.
585 1487 68 49 20,
685 1487 142 47 1936;
859 1487 68 40 2c.
959 1488 96 39 and
1085 1487 82 41 aff.
1198 1488 100 47 Apr
1343 1487 82 48 23;
1458 1489 40 38 A
1528 1488 171 47 93750;
1734 1490 54 40 A.
1819 1490 233 47 Johnson,
2085 1491 119 39 New
2233 1490 146 39 York.

443 1544 253 49 (36-8945)

363 1650 173 65 Kerr,
566 1650 237 64 Sophie,
834 1656 172 49 1880-

436 1726 232 54 There’s
710 1727 133 68 only
888 1744 120 50 one,
1049 1727 75 68 by
1168 1726 212 69 Sophie
1420 1727 169 52 Kerr.
1666 1726 137 54 New
1854 1727 178 66 York,
2075 1728 216 52 Farrar
2331 1729 44 50 &

366 1805 300 66 Rinehart,
700 1805 402 68 incorporated
1140 1839 13 34 [
1158 1812 18 21 c
1180 1807 154 66 1936]

438 1875 527 50 3 p. l., 3-284 p. 19½ cm.
366 1932 53 53 ©
444 1938 114 47 Apr.
586 1937 70 48 23,
683 1936 142 48 1936;
853 1936 67 41 2c.
948 1938 114 47 Apr.
1088 1937 83 47 27;
1202 1935 81 42 aff.
1313 1938 113 47 Apr.
1455 1938 82 47 24;
1567 1938 41 39 A
1636 1938 171 42 93811;
1843 1938 175 48 Sophie
2044 1939 127 39 Kerr
440 1939 1923 103 Underwood,
624 1995 120 40 New
773 1995 144 40 York.
991 1994 252 48 (36-9078)

366 2097 457 65 Kleinschmidt,
853 2098 271 65 Rudolph
1155 2099 260 65 August,
1450 2103 171 52 1878-

438 2176 431 53 Kleinschmidt
893 2178 46 51 &
965 2175 305 69 Highley’s
1300 2176 324 54 Oklahoma
1654 2176 152 54 form
1836 2177 146 54 book
2009 2177 113 53 and
2149 2178 232 52 manual

368 2255 64 54 of
463 2255 278 70 pleading
772 2254 112 54 and
916 2254 268 70 practice,
1217 2255 324 53 annotated.
1609 2255 97 53 7th
1738 2257 85 53 ed.
1857 2275 113 34 rev.
2005 2257 113 52 and
2149 2257 127 68 enl.,
2307 2259 73 66 by

367 2333 2015 71 R. A. Kleinschmidt … and Mont F. Highley … Kansas City,
369 2413 134 66 Mo.,
531 2414 233 54 Vernon
791 2414 111 52 law
929 2412 149 54 book
1103 2429 299 52 company,
1431 2416 150 51 1936.

439 2487 102 49 viii,
576 2487 115 41 1310
723 2497 45 39 p.
827 2486 58 42 26½c
934 2488 28 22 m
965 2519 9 9 .

369 2541 54 54 ©
458 2547 123 39 Mar.
615 2545 69 47 11,
723 2543 140 48 1936;
902 2545 67 40 2c.
1007 2546 96 38 and
1140 2543 83 41 aff.
1260 2544 114 48 Apr.
1413 2545 54 39 18;
1533 2545 42 38 A
1610 2543 144 41 94053;
1823 2545 55 39 R.
1915 2545 54 39 A.
2010 2544 372 48 Kleinschmidt,

441 2602 164 47 Tfilsa,
645 2602 123 47 Okl.,
806 2603 95 38 and
940 2603 136 38 Mont
1114 2602 51 40 F.
1204 2601 227 48 Highley,
1470 2601 269 40 Oklahoma
1780 2601 125 47 City.

450 2658 253 49 (36-8995)

370 2763 251 64 Knight,
647 2763 156 53 John
830 2762 209 54 Alden.

442 2838 122 53 The
599 2839 238 53 modern
872 2838 215 69 angler,
1123 2838 302 69 including
1457 2838 99 52 the
1589 2837 231 54 solunar
1857 2839 221 68 theory,
2114 2839 76 68 by
2224 2839 155 54 John

373 2918 190 53 Alden
608 2918 246 69 Knight.
930 2918 139 54 New
1113 2918 180 68 York,
1340 2918 60 55 C.
1452 2917 313 55 Scribner’s
1809 2937 157 48 sons;
2014 2919 260 65 London,
2318 2919 62 54 C.

374 2998 315 56 Scribner’s
723 3015 145 48 sons,
900 2998 122 64 ltd.,
1055 3000 150 51 1936.

444 3068 1521 51 xiv p„ 1 l., 260 p. front., plates (2 col.) diagrs. 21 cm .
449 3127 170 42 “Some
643 3127 52 39 of
722 3127 81 40 the
830 3126 227 41 material
1086 3125 257 42 contained
1370 3126 48 40 in
1444 3126 82 40 the
1551 3128 198 45 present
1772 3126 191 40 volume
1992 3127 88 38 has
2108 3125 276 50 previously

377 3184 116 40 been
525 3185 116 39 used
674 3194 54 29 as
759 3194 28 30 a
817 3183 132 40 basis
978 3183 79 40 for
1087 3183 198 40 articles
1318 3183 158 40 which
1507 3193 126 30 were
1664 3183 257 48 published
1952 3182 51 41 in
2035 3183 218 41 Outdoor
2282 3183 101 47 life,

378 3242 135 40 Field
547 3242 36 40 &
615 3245 196 44 stream,
845 3241 82 40 the
960 3241 299 48 Sportsman,
1293 3240 94 40 and
1422 3240 171 49 Sports
1621 3240 158 40 afield.
1842 3241 46 39 It
1920 3241 90 39 has
2040 3241 343 48 subsequently

377 3299 118 40 been
543 3299 262 47 corrected,
854 3298 305 48 augmented,
1207 3298 96 39 and
1350 3297 251 41 rewritten
1647 3296 103 41 into
1798 3298 63 39 its
1909 3299 195 46 present
2153 3297 232 41 form.”—

378 3357 472 48 Acknowledgment.

374 3411 52 53 ©
458 3416 120 39 Mar.
608 3414 70 48 27,
710 3413 140 48 1936;
881 3413 66 40 2c.
980 3414 95 39 and
1105 3413 82 39 aff.
1219 3414 113 46 Apr.
1362 3414 53 45 3;
1449 3413 40 38 A
1520 3411 142 41 92953;
1725 3412 202 40 Charles
1962 3411 265 42 Scribner’s
2259 3421 124 31 sons.

456 3471 251 47 (36-9031)

376 3577 191 63 Knox,
601 3576 175 64 John,
815 3581 171 49 1900-

447 3651 302 53 Philemon
796 3668 209 51 among
1050 3650 97 53 the
1190 3650 192 51 letters
1429 3649 64 52 of
1536 3648 177 68 Paul;
1763 3667 30 33 a
1840 3666 123 35 new
2010 3648 143 53 view
2201 3647 64 53 of
2311 3647 74 53 its

378 3729 158 66 place
563 3730 113 52 and
705 3729 370 67 importance,
1103 3728 75 69 by
1206 3728 155 53 John
1393 3727 188 52 Knox.
1648 3725 271 70 Chicago,
1948 3726 114 68 Ill.,
2090 3727 122 53 The
377 3725 1980 150 University
617 3807 65 53 of
711 3806 254 69 Chicago
994 3824 156 51 press
1183 3839 12 34 [
1203 3808 152 65 1935]

449 3879 547 50 ix, 57 p., 1 l. 23½ cm .
451 3937 169 41 Issued
646 3938 103 41 also
775 3948 53 30 as
855 3938 153 40 thesis
1046 3938 14 48 (PH.
1230 3938 14 48 D.)
1281 3935 283 48 University
1592 3935 53 40 of
1669 3935 223 48 Chicago.

379 3993 53 52 ©
461 3998 117 40 Nov.
607 3998 38 41 5,
677 3996 140 48 1935;
848 3997 66 40 2c.
947 3999 120 38 Mar.
1097 3997 70 49 24,
1199 3995 138 43 1936;
1370 3995 81 41 aff.
1484 3997 120 38 Mar.
1634 3995 82 43 25;
1748 3997 39 38 A
1817 3994 173 44 92529:
2024 3995 281 48 University
2335 3995 53 41 of

450 4054 223 47 Chicago,
706 4054 224 47 Chicago.
1003 4053 250 48 (36-8953)
