2519 4377
1025 4039 101 54 737

89 407 187 65 Allen,
300 409 199 64 Hugh,
526 415 171 50 1882-

158 485 122 53 The
311 485 174 53 house
516 484 63 53 of
613 484 163 55 Good
809 503 153 51 year,
994 484 75 70 by
1103 483 179 70 Hugh
1317 482 188 54 Allen.
1577 482 221 67 Akron,
1832 481 68 56 O.
1959 482 124 52 [The

89 563 274 69 Superior
393 562 263 71 printing
684 567 51 49 &
769 563 160 54 litho.
961 582 97 48 co.]
1096 566 149 50 1936.

159 649 1457 51 1 p. l., v-vii, 413 p. front., plates, ports., diagr. 24 cm .
90 717 53 53 ©
172 722 112 47 May
316 722 37 46 7,
385 720 139 46 1936;
558 720 65 40 2c.
656 722 114 46 May
801 721 81 41 11;
916 720 81 41 aff.
1031 722 112 47 May
1172 720 53 46 9;
1256 721 40 38 A
1326 719 144 41 94405;
1534 720 60 40 H.
1626 720 153 47 Allen,
1812 719 179 47 Akron,
2026 720 50 41 O.

169 776 278 48 (36-12232)

87 878 358 65 Allingham,
475 880 298 63 Margery.

156 957 57 51 It
240 955 185 54 didn’t
448 955 156 57 work
629 960 113 50 out.

167 1043 84 47 (In
278 1038 198 43 London
506 1038 145 52 Daily
686 1038 131 51 mail,
848 1039 117 51 May
996 1039 161 50 18-23,
1191 1039 141 49 1936)

89 1107 1989 52 © 1c. each June 13, 1936; A ad int. 21642; pubd. May 18, 19, 20, 21,
157 1167 70 47 22,
255 1167 80 46 23;
367 1168 296 46 Doubleday,
692 1168 165 38 Doran
884 1167 37 40 &
947 1178 81 37 co.,
1055 1167 104 46 inc.,
1190 1167 191 40 Garden
1414 1166 124 49 City,
1567 1167 56 39 N.
1652 1167 53 39 Y.

86 1267 314 55 American
425 1269 109 52 law
561 1269 113 52 and
699 1269 324 67 procedure.
1086 1269 239 53 Volume
1354 1272 44 49 8.
1463 1269 289 67 Prepared
1779 1267 180 53 under
1984 1268 96 52 the

155 1345 1923 69 editorial supervision of James Parker Hall … Partnership,
157 1423 1920 68 by Eugene Allen Gilmore … Private corporations, by
155 1500 1922 69 Horace LaFayette Wilgus … Public service corporations
156 1577 1922 70 and carriers, by Arthur Martin Cathcart … [Chicago, Ill.,
154 1657 251 53 Wallace
430 1674 171 50 press]
635 1661 149 50 1936.

160 1731 22 37 1
214 1741 42 32 v.
310 1729 54 41 23½cm.

160 1784 206 42 Various
395 1784 216 49 pagings.

87 1850 53 53 ©
167 1855 125 39 June
317 1854 41 46 2,
387 1853 138 42 1936:
555 1853 66 41 2c.
651 1855 95 38 and
774 1854 81 39 aff.
886 1854 129 40 June
1041 1854 80 45 19;
1150 1855 40 38 A
1216 1853 170 47 96058;
1419 1855 203 40 LaSalle

1650 1853 252 41 extension
1933 1853 144 50 univ.,
157 1910 223 48 Chicago.
444 1910 283 49 [Copyright
756 1910 41 40 is
828 1910 205 40 claimed
1065 1920 59 29 on
1156 1919 104 30 new
1291 1909 225 42 material
1550 1911 96 40 and
1680 1909 250 51 revisions]

84 2025 217 56 Ariens
323 2027 287 65 Kappers,
637 2025 308 56 Cornelius
966 2027 186 66 Ubbo,
1181 2028 171 55 1877-

155 2105 120 53 The
311 2105 385 67 comparative
736 2109 266 63 anatomy
1040 2104 64 53 of
1142 2104 95 53 the
1271 2122 242 36 nervous
1551 2109 208 63 system
1797 2105 63 53 of
86 2110 1967 138 vertebrates,

323 2181 1754 69 including man, by C. U. Ariens Kappers … G. Carl
84 2259 1994 69 Huber … and Elizabeth Caroline Crosby … New York, The
86 2338 330 54 Macmillan
440 2356 296 49 company,
761 2342 149 50 1936.

153 2408 27 40 2
206 2419 42 31 v.
307 2409 143 47 illus.,
478 2408 178 49 diagrs.
716 2408 57 40 27½
805 2411 43 21 cm
853 2441 9 9 .

152 2465 158 49 Paged
340 2465 352 48 continuously.

152 2521 118 42 This
300 2522 123 41 book
456 2522 42 41 is
529 2533 61 30 an
626 2522 274 49 outgrowth
936 2521 53 42 of
1023 2522 118 41 “Die
1177 2521 363 49 vergleichende
1575 2522 243 41 anatomie
1852 2523 85 40 des
86 2532 1973 95 nervensystems”,

453 2580 195 40 written
675 2579 61 47 by
765 2578 48 44 C.
842 2579 57 41 U.
926 2579 175 40 Ariëns
1126 2579 223 48 Kappers
1377 2578 49 40 in
1452 2577 217 44 1920-21.
1726 2578 101 42 The
1854 2581 107 40 text
1987 2580 88 39 has

84 2634 116 41 been
234 2636 284 48 completely
549 2636 187 41 revised
772 2638 94 39 and
901 2635 139 41 much
1076 2635 53 40 of
1161 2635 40 41 it
1235 2635 206 47 entirely
1479 2635 263 48 rewritten,
1778 2636 119 39 with
1932 2646 144 37 many

85 2692 258 41 additions,
403 2693 61 47 cf.
496 2693 128 41 Pref.

155 2748 347 50 Bibliography
526 2752 53 39 at
603 2750 92 41 end
723 2749 53 41 of
799 2750 115 42 each
942 2750 214 47 chapter.

86 2817 53 53 ©
165 2822 126 40 June
317 2821 41 48 9,
385 2823 139 47 1936;
553 2822 65 41 2c.
648 2823 117 40 each
794 2823 95 39 and
916 2822 82 40 aff.
1027 2822 129 42 June
1181 2822 80 46 10;
1293 2822 40 39 A
1360 2821 171 47 94870;
1562 2820 280 43 Macmillan
1869 2832 68 30 co.

166 2878 278 49 (36-12373)

84 2981 211 63 Baker,
323 2980 252 54 William
602 2982 90 62 A.,
717 2982 90 66 jr.,
835 3000 178 47 comp.

155 3057 1919 69 Canonsburg, Pennsylvania, 1773-1936 … Compiled by
84 3135 1673 68 William A. Baker, jr. … [Canonsburg, Pa., c 1936]
160 3204 82 49 [60]
278 3216 42 37 p.
380 3206 128 39 illus.
536 3205 135 48 (incl.
702 3204 173 50 ports.)
942 3206 57 40 30
1000 3208 45 22 cm
1050 3239 8 8 .

157 3261 223 40 Includes
413 3261 302 49 advertising
746 3263 192 41 matter.

156 3317 373 48 Bibliography:
562 3329 43 37 p.
641 3318 57 49 [4]

87 3384 53 53 ©
174 3389 126 40 June
334 3390 38 45 1,
406 3388 139 48 1936;
582 3389 66 41 2c.
686 3390 126 40 June
847 3390 51 46 9;
936 3388 83 43 aff.
1055 3390 127 40 June
1216 3391 52 46 8;
1307 3390 39 40 A
1381 3389 172 49 94815;
1589 3391 72 41 W.
1698 3391 54 40 A.
1789 3391 174 46 Baker,
2000 3391 75 47 jr.,

157 3445 327 48 Canonsburg,
525 3447 82 39 Pa.
685 3446 279 49 (36-12395)

85 3545 221 65 Ballou,
329 3547 299 60 Benedict,
656 3554 170 49 1901-

158 3623 390 67 Explanation
581 3626 112 52 and
727 3627 162 65 pious
921 3626 314 53 reflections
1268 3644 67 34 on
1370 3627 96 51 the
1497 3626 176 54 Little
1705 3627 147 51 office
1885 3626 62 53 of
1981 3628 91 50 the

89 3699 1984 72 Blessed Virgin, by Benedict Ballou … Paterson, N. J., St.
88 3777 277 69 Anthony
402 3778 161 68 guild
600 3798 174 48 press,
811 3780 344 54 Franciscan
1192 3788 340 60 monastery,
1574 3785 149 50 1936.

158 3849 1454 52 3 p. l., ix-xxiv, 565 p. incl. front., illus., plates. 16 cm .
89 3914 53 53 ©
176 3920 112 47 Apr.
326 3921 67 46 15,
430 3920 139 47 1936;
606 3921 67 40 2c.
710 3923 96 39 and
840 3922 83 42 aff.
960 3924 112 46 May
1109 3923 81 46 27;
1230 3924 40 38 A
1306 3923 169 47 95392;
1517 3924 68 40 St.
1622 3924 269 48 Anthony’s
1926 3923 148 49 guild,

159 3976 248 47 Paterson,
436 3977 55 39 N.
519 3978 42 39 J.
629 3978 280 46 (36-12296)
