<alto xmlns="http://www.loc.gov/standards/alto/ns-v3#" xmlns:xlink="http://www.w3.org/1999/xlink" xmlns:xsi="http://www.w3.org/2001/XMLSchema-instance" xsi:schemaLocation="http://www.loc.gov/standards/alto/ns-v3# http://www.loc.gov/alto/v3/alto-3-0.xsd"><Description>
<MeasurementUnit>pixel</MeasurementUnit>
<sourceImageInformation>
<fileName>1936_v33_Part1.pdf</fileName>
</sourceImageInformation>
<OCRProcessing ID="IdOcr">
<ocrProcessingStep>
<processingDateTime>2019-01-18</processingDateTime>
<processingSoftware>
<softwareCreator>ABBYY</softwareCreator>
<softwareName>ABBYY Recognition Server</softwareName>
<softwareVersion>4.0</softwareVersion>
</processingSoftware>
</ocrProcessingStep>
</OCRProcessing>
</Description>
<Styles>
<ParagraphStyle ID="StyleId-FFFFFFFF-FFFF-FFFF-FFFF-FFFFFFFFFFFF-" ALIGN="Left" LEFT="0." RIGHT="0." FIRSTLINE="0."/>
<ParagraphStyle ID="StyleId-51D50FAC-7A90-4D70-8A96-5EA9D46D1C8B-" ALIGN="Left" LEFT="0." RIGHT="0." FIRSTLINE="0." LINESPACE="7.699999809"/>
<ParagraphStyle ID="StyleId-6BC133E9-7DCB-43C3-8842-A67984A26405-" ALIGN="Block" LEFT="0." RIGHT="0." FIRSTLINE="-17." LINESPACE="8.340000153"/>
<ParagraphStyle ID="StyleId-3C3FF860-43E7-46A2-8934-48F305F6F0D6-" ALIGN="Left" LEFT="0." RIGHT="0." FIRSTLINE="-13." LINESPACE="11.06999969"/>
<ParagraphStyle ID="StyleId-19220C76-4F8A-4737-B38C-B5F5C17E6040-" ALIGN="Block" LEFT="0." RIGHT="0." FIRSTLINE="-13." LINESPACE="11.06999969"/>
<ParagraphStyle ID="StyleId-75A0D721-13ED-4F20-9002-B389EC48477D-" ALIGN="Left" LEFT="0." RIGHT="0." FIRSTLINE="0." LINESPACE="15.5"/>
<ParagraphStyle ID="StyleId-8A414184-C7A5-4AC7-9B88-7DA4DDE75922-" ALIGN="Left" LEFT="0." RIGHT="0." FIRSTLINE="0." LINESPACE="9.399999619"/>
<ParagraphStyle ID="StyleId-1A87970B-111C-4169-99A6-9412976F3C97-" ALIGN="Left" LEFT="0." RIGHT="0." FIRSTLINE="0." LINESPACE="10.5"/>
<ParagraphStyle ID="StyleId-72DB0571-5AE4-41FD-9E11-68C6AC4C437E-" ALIGN="Block" LEFT="0." RIGHT="0." FIRSTLINE="-17." LINESPACE="8.340000153"/>
<ParagraphStyle ID="StyleId-1AA43056-C388-4697-B10F-72FDAA38FAE1-" ALIGN="Center" LEFT="0." RIGHT="0." FIRSTLINE="0." LINESPACE="10.5"/>
</Styles>
<Layout>
<Page ID="Page1162" PHYSICAL_IMG_NR="1162" HEIGHT="4377" WIDTH="2519">
<TopMargin HEIGHT="468" WIDTH="2519" VPOS="0" HPOS="0">
</TopMargin>
<LeftMargin HEIGHT="3772" WIDTH="396" VPOS="468" HPOS="0">
</LeftMargin>
<RightMargin HEIGHT="3772" WIDTH="73" VPOS="468" HPOS="2446">
</RightMargin>
<BottomMargin HEIGHT="137" WIDTH="2519" VPOS="4240" HPOS="0">
</BottomMargin>
<PrintSpace HEIGHT="3772" WIDTH="2050" VPOS="468" HPOS="396">
<TextBlock ID="Page1162_Block1" HEIGHT="70" WIDTH="154" VPOS="4170" HPOS="1354" LANG="en-US" STYLEREFS="StyleId-76773F00-3F17-4C01-8621-6FE1B87D9616-">
<TextLine HEIGHT="50" WIDTH="133" VPOS="4180" HPOS="1364">
<String CONTENT="1162" HEIGHT="50" WIDTH="133" VPOS="4180" HPOS="1364"/>
</TextLine>
</TextBlock>
<TextBlock ID="Page1162_Block2" HEIGHT="3710" WIDTH="2050" VPOS="468" HPOS="396" LANG="en-US" CS="1" STYLEREFS="StyleId-BD003FEF-1461-4B5C-9889-F455A336ABC2-">
<TextLine HEIGHT="49" WIDTH="629" VPOS="552" HPOS="485">
<String CONTENT="Maps" HEIGHT="48" WIDTH="142" VPOS="553" HPOS="485"/>
<SP HEIGHT="30" WIDTH="30" VPOS="563" HPOS="628"/>
<String CONTENT="on" HEIGHT="30" WIDTH="60" VPOS="563" HPOS="659"/>
<SP HEIGHT="41" WIDTH="28" VPOS="552" HPOS="720"/>
<String CONTENT="lining-papers." HEIGHT="49" WIDTH="365" VPOS="552" HPOS="749"/>
</TextLine>
<TextLine HEIGHT="58" WIDTH="2010" VPOS="605" HPOS="413" CS="1">
<String CONTENT="&#169;" HEIGHT="53" WIDTH="53" VPOS="605" HPOS="413"/>
<SP/>
<String CS="1" CONTENT="1c."/>
<SP/>
<String CONTENT="July" HEIGHT="48" WIDTH="118" VPOS="610" HPOS="602"/>
<SP HEIGHT="47" WIDTH="31" VPOS="611" HPOS="721"/>
<String CONTENT="18." HEIGHT="40" WIDTH="68" VPOS="611" HPOS="753"/>
<SP HEIGHT="38" WIDTH="31" VPOS="612" HPOS="822"/>
<String CONTENT="1936;" HEIGHT="48" WIDTH="141" VPOS="610" HPOS="854"/>
<SP HEIGHT="46" WIDTH="36" VPOS="612" HPOS="996"/>
<!-- cceid A32C3857-6E3A-1014-83DD-942C093A1DD9 --><String CONTENT="A" HEIGHT="39" WIDTH="43" VPOS="612" HPOS="1033"/>
<SP HEIGHT="39" WIDTH="30" VPOS="612" HPOS="1077"/>
<String CONTENT="ad" HEIGHT="39" WIDTH="61" VPOS="612" HPOS="1108"/>
<SP HEIGHT="40" WIDTH="31" VPOS="611" HPOS="1170"/>
<String CONTENT="int." HEIGHT="42" WIDTH="88" VPOS="611" HPOS="1202"/>
<SP HEIGHT="40" WIDTH="31" VPOS="613" HPOS="1291"/>
<String CONTENT="21685;" HEIGHT="48" WIDTH="173" VPOS="612" HPOS="1323"/>
<SP HEIGHT="37" WIDTH="35" VPOS="624" HPOS="1497"/>
<String CONTENT="pubd." HEIGHT="48" WIDTH="145" VPOS="613" HPOS="1533"/>
<SP HEIGHT="40" WIDTH="34" VPOS="615" HPOS="1679"/>
<String CONTENT="May" HEIGHT="47" WIDTH="114" VPOS="615" HPOS="1714"/>
<SP HEIGHT="48" WIDTH="32" VPOS="614" HPOS="1829"/>
<String CONTENT="21;" HEIGHT="49" WIDTH="83" VPOS="614" HPOS="1862"/>
<SP HEIGHT="48" WIDTH="37" VPOS="615" HPOS="1946"/>
<String CONTENT="C." HEIGHT="41" WIDTH="49" VPOS="615" HPOS="1984"/>
<SP HEIGHT="41" WIDTH="37" VPOS="615" HPOS="2034"/>
<String CONTENT="R." HEIGHT="41" WIDTH="56" VPOS="615" HPOS="2072"/>
<SP HEIGHT="40" WIDTH="34" VPOS="616" HPOS="2129"/>
<String CONTENT="Benstead," HEIGHT="47" WIDTH="259" VPOS="615" HPOS="2164"/>
</TextLine>
<TextLine HEIGHT="51" WIDTH="945" VPOS="667" HPOS="481">
<String CONTENT="Portsmouth," HEIGHT="50" WIDTH="332" VPOS="667" HPOS="481"/>
<SP HEIGHT="47" WIDTH="25" VPOS="670" HPOS="814"/>
<String CONTENT="England." HEIGHT="48" WIDTH="238" VPOS="668" HPOS="840"/>
<SP HEIGHT="48" WIDTH="64" VPOS="669" HPOS="1079"/>
<String CONTENT="(36-18836)" HEIGHT="49" WIDTH="282" VPOS="669" HPOS="1144"/>
</TextLine>
<TextLine HEIGHT="64" WIDTH="482" VPOS="771" HPOS="407" STYLEREFS="StyleId-26DD2749-42DF-40DE-9116-36BEC67FC7CC-">
<String LANG="fr" CONTENT="B&#233;rence," HEIGHT="64" WIDTH="280" VPOS="771" HPOS="407"/>
<SP HEIGHT="62" WIDTH="29" VPOS="773" HPOS="688"/>
<String LANG="en-US" CONTENT="Fred." HEIGHT="53" WIDTH="171" VPOS="773" HPOS="718"/>
</TextLine>
<TextLine HEIGHT="72" WIDTH="1885" VPOS="849" HPOS="542" STYLEREFS="StyleId-931AD3DA-82A5-4327-84D4-1AAA92E0D378-" CS="1">
<String LANG="en-US" CS="1" CONTENT="&#8230;"/>
<SP HEIGHT="51" WIDTH="50" VPOS="851" HPOS="542"/>
<String LANG="fr" CONTENT="Rapha&#235;l," HEIGHT="67" WIDTH="282" VPOS="850" HPOS="593"/>
<SP HEIGHT="46" WIDTH="46" VPOS="870" HPOS="876"/>
<String LANG="fr" CONTENT="ou" HEIGHT="34" WIDTH="71" VPOS="869" HPOS="923"/>
<SP HEIGHT="52" WIDTH="44" VPOS="851" HPOS="995"/>
<String LANG="en-US" CONTENT="la" HEIGHT="52" WIDTH="56" VPOS="851" HPOS="1040"/>
<SP HEIGHT="49" WIDTH="47" VPOS="870" HPOS="1097"/>
<String LANG="en-US" CONTENT="puissance" HEIGHT="70" WIDTH="296" VPOS="849" HPOS="1145"/>
<SP HEIGHT="53" WIDTH="47" VPOS="852" HPOS="1442"/>
<String LANG="fr" CONTENT="de" HEIGHT="53" WIDTH="68" VPOS="852" HPOS="1490"/>
<SP HEIGHT="52" WIDTH="44" VPOS="853" HPOS="1559"/>
<String LANG="fr" CONTENT="l&#8217;esprit" HEIGHT="69" WIDTH="221" VPOS="852" HPOS="1604"/>
<SP HEIGHT="48" WIDTH="51" VPOS="857" HPOS="1826"/>
<String LANG="fr" CS="1" CONTENT="&#8230;"/>
<SP HEIGHT="34" WIDTH="55" VPOS="873" HPOS="1935"/>
<String LANG="fr" CONTENT="avec" HEIGHT="35" WIDTH="131" VPOS="872" HPOS="1991"/>
<SP HEIGHT="53" WIDTH="47" VPOS="853" HPOS="2123"/>
<String LANG="fr" CONTENT="dix-huit" HEIGHT="53" WIDTH="256" VPOS="853" HPOS="2171"/>
</TextLine>
<TextLine HEIGHT="71" WIDTH="1302" VPOS="928" HPOS="407" STYLEREFS="StyleId-931AD3DA-82A5-4327-84D4-1AAA92E0D378-" LANG="fr">
<String CONTENT="gravures" HEIGHT="50" WIDTH="276" VPOS="946" HPOS="407"/>
<SP HEIGHT="52" WIDTH="24" VPOS="929" HPOS="684"/>
<String CONTENT="hors" HEIGHT="54" WIDTH="134" VPOS="929" HPOS="709"/>
<SP HEIGHT="49" WIDTH="23" VPOS="934" HPOS="844"/>
<String CONTENT="texte." HEIGHT="50" WIDTH="168" VPOS="934" HPOS="868"/>
<SP HEIGHT="52" WIDTH="76" VPOS="932" HPOS="1037"/>
<String CONTENT="Paris," HEIGHT="70" WIDTH="185" VPOS="928" HPOS="1114"/>
<SP HEIGHT="66" WIDTH="23" VPOS="932" HPOS="1300"/>
<String CONTENT="Payot," HEIGHT="67" WIDTH="205" VPOS="932" HPOS="1324"/>
<SP HEIGHT="65" WIDTH="29" VPOS="934" HPOS="1530"/>
<String CONTENT="1936." HEIGHT="52" WIDTH="149" VPOS="934" HPOS="1560"/>
</TextLine>
<TextLine HEIGHT="51" WIDTH="1630" VPOS="1002" HPOS="481" LANG="fr" CS="1">
<String CONTENT="2" HEIGHT="39" WIDTH="28" VPOS="1002" HPOS="481"/>
<SP/>
<String CONTENT="p." HEIGHT="37" WIDTH="44" VPOS="1013" HPOS="537"/>
<SP HEIGHT="40" WIDTH="29" VPOS="1003" HPOS="582"/>
<String CS="1" CONTENT="l.,"/>
<SP HEIGHT="28" WIDTH="34" VPOS="1023" HPOS="654"/>
<String CONTENT="[7]-330" HEIGHT="49" WIDTH="176" VPOS="1003" HPOS="689"/>
<SP HEIGHT="38" WIDTH="24" VPOS="1013" HPOS="871"/>
<String CONTENT="p." HEIGHT="38" WIDTH="43" VPOS="1013" HPOS="896"/>
<SP HEIGHT="37" WIDTH="57" VPOS="1014" HPOS="940"/>
<String CONTENT="plates." HEIGHT="47" WIDTH="173" VPOS="1004" HPOS="998"/>
<SP HEIGHT="40" WIDTH="58" VPOS="1004" HPOS="1172"/>
<String CONTENT="23" HEIGHT="40" WIDTH="55" VPOS="1004" HPOS="1231"/>
<String STYLE="superscript" CONTENT="cm" HEIGHT="20" WIDTH="46" VPOS="1007" HPOS="1288"/>
<String CONTENT="." HEIGHT="7" WIDTH="8" VPOS="1037" HPOS="1340"/>
<SP HEIGHT="48" WIDTH="68" VPOS="1004" HPOS="1349"/>
<String CONTENT="(Biblioth&#232;que" HEIGHT="51" WIDTH="369" VPOS="1002" HPOS="1418"/>
<SP HEIGHT="40" WIDTH="25" VPOS="1005" HPOS="1788"/>
<String CONTENT="historique)" HEIGHT="49" WIDTH="297" VPOS="1004" HPOS="1814"/>
</TextLine>
<TextLine HEIGHT="52" WIDTH="691" VPOS="1059" HPOS="483" LANG="fr" CS="1">
<String CS="1" CONTENT="&#8220;Bibliographie&#8221;:" HEIGHT="48" WIDTH="425" VPOS="1059" HPOS="483"/>
<SP HEIGHT="37" WIDTH="38" VPOS="1071" HPOS="937"/>
<String CONTENT="p." HEIGHT="37" WIDTH="43" VPOS="1071" HPOS="976"/>
<SP HEIGHT="29" WIDTH="39" VPOS="1081" HPOS="1020"/>
<String CONTENT="[327]" HEIGHT="50" WIDTH="114" VPOS="1061" HPOS="1060"/>
</TextLine>
<TextLine HEIGHT="54" WIDTH="1568" VPOS="1112" HPOS="412" LANG="fr" CS="1">
<String CONTENT="&#169;" HEIGHT="54" WIDTH="53" VPOS="1112" HPOS="412"/>
<SP HEIGHT="54" WIDTH="26" VPOS="1112" HPOS="466"/>
<String CONTENT="May" HEIGHT="46" WIDTH="115" VPOS="1118" HPOS="493"/>
<SP HEIGHT="47" WIDTH="25" VPOS="1117" HPOS="609"/>
<String CONTENT="18," HEIGHT="48" WIDTH="71" VPOS="1117" HPOS="635"/>
<SP HEIGHT="46" WIDTH="27" VPOS="1119" HPOS="707"/>
<String CONTENT="1936;" HEIGHT="47" WIDTH="141" VPOS="1116" HPOS="735"/>
<SP/>
<String CS="1" CONTENT="1c."/>
<SP/>
<String LANG="en-US" CONTENT="July" HEIGHT="47" WIDTH="116" VPOS="1118" HPOS="1004"/>
<SP HEIGHT="46" WIDTH="26" VPOS="1119" HPOS="1121"/>
<String CONTENT="11;" HEIGHT="47" WIDTH="82" VPOS="1118" HPOS="1148"/>
<SP HEIGHT="46" WIDTH="30" VPOS="1119" HPOS="1231"/>
<!-- cceid A32C957E-6E3A-1014-83DD-942C093A1DD9 --><String CONTENT="A-Foreign" HEIGHT="49" WIDTH="315" VPOS="1117" HPOS="1262"/>
<SP HEIGHT="40" WIDTH="24" VPOS="1120" HPOS="1578"/>
<String CONTENT="32325;" HEIGHT="48" WIDTH="173" VPOS="1118" HPOS="1603"/>
<SP HEIGHT="47" WIDTH="31" VPOS="1119" HPOS="1777"/>
<String CONTENT="Payot." HEIGHT="47" WIDTH="171" VPOS="1119" HPOS="1809"/>
</TextLine>
<TextLine HEIGHT="48" WIDTH="283" VPOS="1174" HPOS="494" LANG="fr">
<String CONTENT="(36-18665)" HEIGHT="48" WIDTH="283" VPOS="1174" HPOS="494"/>
</TextLine>
<TextLine HEIGHT="67" WIDTH="750" VPOS="1277" HPOS="409" STYLEREFS="StyleId-26DD2749-42DF-40DE-9116-36BEC67FC7CC-" LANG="fr">
<String CONTENT="Bertrand," HEIGHT="66" WIDTH="318" VPOS="1277" HPOS="409"/>
<SP HEIGHT="64" WIDTH="27" VPOS="1279" HPOS="728"/>
<String CONTENT="Louis," HEIGHT="66" WIDTH="198" VPOS="1278" HPOS="756"/>
<SP HEIGHT="60" WIDTH="30" VPOS="1284" HPOS="955"/>
<String CONTENT="1866-" HEIGHT="49" WIDTH="173" VPOS="1284" HPOS="986"/>
</TextLine>
<TextLine HEIGHT="71" WIDTH="1240" VPOS="1353" HPOS="543" STYLEREFS="StyleId-931AD3DA-82A5-4327-84D4-1AAA92E0D378-" LANG="fr" CS="1">
<String CS="1" CONTENT="&#8230;"/>
<SP HEIGHT="54" WIDTH="29" VPOS="1353" HPOS="543"/>
<String CONTENT="Hitler." HEIGHT="54" WIDTH="215" VPOS="1353" HPOS="573"/>
<SP HEIGHT="53" WIDTH="74" VPOS="1354" HPOS="789"/>
<String CONTENT="Paris," HEIGHT="69" WIDTH="186" VPOS="1354" HPOS="864"/>
<SP HEIGHT="69" WIDTH="25" VPOS="1354" HPOS="1051"/>
<String CONTENT="A." HEIGHT="54" WIDTH="72" VPOS="1354" HPOS="1077"/>
<SP HEIGHT="53" WIDTH="26" VPOS="1355" HPOS="1150"/>
<String CONTENT="Fayard" HEIGHT="69" WIDTH="235" VPOS="1355" HPOS="1177"/>
<SP HEIGHT="54" WIDTH="23" VPOS="1355" HPOS="1413"/>
<String CONTENT="&amp;" HEIGHT="51" WIDTH="47" VPOS="1357" HPOS="1437"/>
<SP HEIGHT="51" WIDTH="24" VPOS="1357" HPOS="1485"/>
<String CS="1" CONTENT="ci" HEIGHT="35" WIDTH="30" VPOS="1373" HPOS="1510"/>
<String STYLE="superscript" CONTENT="e" HEIGHT="23" WIDTH="19" VPOS="1360" HPOS="1557"/>
<SP HEIGHT="63" WIDTH="31" VPOS="1360" HPOS="1577"/>
<String CONTENT="[1936]" HEIGHT="66" WIDTH="174" VPOS="1357" HPOS="1609"/>
</TextLine>
<TextLine HEIGHT="52" WIDTH="779" VPOS="1427" HPOS="479" LANG="fr" CS="1">
<String CONTENT="4" HEIGHT="39" WIDTH="27" VPOS="1427" HPOS="479"/>
<SP/>
<String CONTENT="p." HEIGHT="38" WIDTH="42" VPOS="1438" HPOS="531"/>
<SP HEIGHT="39" WIDTH="31" VPOS="1429" HPOS="574"/>
<String CS="1" CONTENT="l.,"/>
<SP HEIGHT="31" WIDTH="31" VPOS="1448" HPOS="649"/>
<String CONTENT="[11]-120" HEIGHT="51" WIDTH="206" VPOS="1427" HPOS="681"/>
<SP HEIGHT="49" WIDTH="22" VPOS="1427" HPOS="888"/>
<String CS="1" CONTENT="p.,"/>
<SP/>
<String CS="1" CONTENT="3"/>
<SP/>
<String CS="1" CONTENT="l."/>
<SP HEIGHT="40" WIDTH="59" VPOS="1429" HPOS="1081"/>
<String CONTENT="19" HEIGHT="40" WIDTH="56" VPOS="1429" HPOS="1141"/>
<String STYLE="superscript" CONTENT="cm" HEIGHT="22" WIDTH="44" VPOS="1431" HPOS="1201"/>
<String CONTENT="." HEIGHT="9" WIDTH="9" VPOS="1461" HPOS="1249"/>
</TextLine>
<TextLine HEIGHT="53" WIDTH="1902" VPOS="1482" HPOS="413" LANG="fr" CS="1">
<String CONTENT="&#169;" HEIGHT="53" WIDTH="53" VPOS="1482" HPOS="413"/>
<SP HEIGHT="53" WIDTH="31" VPOS="1482" HPOS="467"/>
<String CONTENT="Feb." HEIGHT="41" WIDTH="110" VPOS="1486" HPOS="499"/>
<SP HEIGHT="39" WIDTH="31" VPOS="1488" HPOS="610"/>
<String CONTENT="10," HEIGHT="47" WIDTH="70" VPOS="1487" HPOS="642"/>
<SP HEIGHT="46" WIDTH="27" VPOS="1488" HPOS="713"/>
<String CONTENT="1936;" HEIGHT="47" WIDTH="141" VPOS="1486" HPOS="741"/>
<SP/>
<String CS="1" CONTENT="1c."/>
<SP/>
<String CONTENT="May" HEIGHT="46" WIDTH="114" VPOS="1489" HPOS="1017"/>
<SP HEIGHT="46" WIDTH="30" VPOS="1489" HPOS="1132"/>
<String CONTENT="11;" HEIGHT="47" WIDTH="82" VPOS="1488" HPOS="1163"/>
<SP HEIGHT="47" WIDTH="32" VPOS="1488" HPOS="1246"/>
<!-- cceid A32CEAF1-6E3A-1014-83DD-942C093A1DD9 --><String CONTENT="A-" HEIGHT="39" WIDTH="104" VPOS="1488" HPOS="1279"/>
<String LANG="en-US" CONTENT="Foreign" HEIGHT="48" WIDTH="208" VPOS="1487" HPOS="1384"/>
<SP HEIGHT="40" WIDTH="30" VPOS="1489" HPOS="1593"/>
<String CONTENT="31745;" HEIGHT="47" WIDTH="172" VPOS="1488" HPOS="1624"/>
<SP HEIGHT="47" WIDTH="33" VPOS="1488" HPOS="1797"/>
<String CONTENT="A." HEIGHT="40" WIDTH="54" VPOS="1488" HPOS="1831"/>
<SP HEIGHT="39" WIDTH="33" VPOS="1489" HPOS="1886"/>
<String CONTENT="Fayard" HEIGHT="48" WIDTH="198" VPOS="1487" HPOS="1920"/>
<SP HEIGHT="41" WIDTH="29" VPOS="1487" HPOS="2119"/>
<String CONTENT="et" HEIGHT="39" WIDTH="49" VPOS="1489" HPOS="2149"/>
<SP HEIGHT="38" WIDTH="29" VPOS="1489" HPOS="2199"/>
<String CONTENT="cie." HEIGHT="42" WIDTH="86" VPOS="1487" HPOS="2229"/>
</TextLine>
<TextLine HEIGHT="49" WIDTH="283" VPOS="1544" HPOS="493" LANG="fr">
<String CONTENT="(36-18600)" HEIGHT="49" WIDTH="283" VPOS="1544" HPOS="493"/>
</TextLine>
<TextLine HEIGHT="63" WIDTH="474" VPOS="1648" HPOS="412" STYLEREFS="StyleId-26DD2749-42DF-40DE-9116-36BEC67FC7CC-" LANG="fr">
<String CONTENT="Best," HEIGHT="62" WIDTH="163" VPOS="1649" HPOS="412"/>
<SP HEIGHT="62" WIDTH="28" VPOS="1649" HPOS="576"/>
<String CONTENT="Herbert." HEIGHT="55" WIDTH="281" VPOS="1648" HPOS="605"/>
</TextLine>
<TextLine HEIGHT="71" WIDTH="1946" VPOS="1724" HPOS="485" STYLEREFS="StyleId-931AD3DA-82A5-4327-84D4-1AAA92E0D378-">
<String CONTENT="Flag" HEIGHT="68" WIDTH="150" VPOS="1726" HPOS="485"/>
<SP HEIGHT="50" WIDTH="41" VPOS="1744" HPOS="636"/>
<String CONTENT="of" HEIGHT="53" WIDTH="65" VPOS="1725" HPOS="678"/>
<SP HEIGHT="55" WIDTH="40" VPOS="1725" HPOS="744"/>
<String CONTENT="the" HEIGHT="55" WIDTH="98" VPOS="1725" HPOS="785"/>
<SP HEIGHT="53" WIDTH="41" VPOS="1726" HPOS="884"/>
<String CONTENT="desert," HEIGHT="63" WIDTH="204" VPOS="1726" HPOS="926"/>
<SP HEIGHT="63" WIDTH="39" VPOS="1726" HPOS="1131"/>
<String CONTENT="by" HEIGHT="68" WIDTH="74" VPOS="1726" HPOS="1171"/>
<SP HEIGHT="67" WIDTH="45" VPOS="1727" HPOS="1246"/>
<String CONTENT="Herbert" HEIGHT="54" WIDTH="250" VPOS="1727" HPOS="1292"/>
<SP HEIGHT="54" WIDTH="40" VPOS="1727" HPOS="1543"/>
<String CONTENT="Best;" HEIGHT="64" WIDTH="166" VPOS="1727" HPOS="1584"/>
<SP HEIGHT="65" WIDTH="45" VPOS="1726" HPOS="1751"/>
<String CONTENT="drawings" HEIGHT="69" WIDTH="293" VPOS="1726" HPOS="1797"/>
<SP HEIGHT="54" WIDTH="40" VPOS="1726" HPOS="2091"/>
<String CONTENT="by" HEIGHT="68" WIDTH="76" VPOS="1726" HPOS="2132"/>
<SP HEIGHT="70" WIDTH="42" VPOS="1724" HPOS="2209"/>
<String CONTENT="Erick" HEIGHT="53" WIDTH="179" VPOS="1724" HPOS="2252"/>
</TextLine>
<TextLine HEIGHT="70" WIDTH="1678" VPOS="1804" HPOS="416" STYLEREFS="StyleId-931AD3DA-82A5-4327-84D4-1AAA92E0D378-" CS="1">
<String CONTENT="Berry" HEIGHT="68" WIDTH="185" VPOS="1805" HPOS="416"/>
<SP HEIGHT="50" WIDTH="34" VPOS="1823" HPOS="602"/>
<String CS="1" CONTENT="[pseud.]" HEIGHT="69" WIDTH="218" VPOS="1804" HPOS="653"/>
<SP HEIGHT="68" WIDTH="70" VPOS="1804" HPOS="872"/>
<String CONTENT="New" HEIGHT="54" WIDTH="140" VPOS="1804" HPOS="943"/>
<SP HEIGHT="53" WIDTH="30" VPOS="1804" HPOS="1084"/>
<String CONTENT="York," HEIGHT="68" WIDTH="180" VPOS="1804" HPOS="1115"/>
<SP HEIGHT="66" WIDTH="29" VPOS="1806" HPOS="1296"/>
<String CONTENT="The" HEIGHT="53" WIDTH="122" VPOS="1805" HPOS="1326"/>
<SP HEIGHT="53" WIDTH="31" VPOS="1806" HPOS="1449"/>
<String CONTENT="Viking" HEIGHT="69" WIDTH="224" VPOS="1805" HPOS="1481"/>
<SP HEIGHT="50" WIDTH="28" VPOS="1824" HPOS="1706"/>
<String CONTENT="press," HEIGHT="54" WIDTH="175" VPOS="1819" HPOS="1735"/>
<SP HEIGHT="64" WIDTH="30" VPOS="1809" HPOS="1911"/>
<String CONTENT="1936." HEIGHT="50" WIDTH="152" VPOS="1807" HPOS="1942"/>
</TextLine>
<TextLine HEIGHT="49" WIDTH="972" VPOS="1879" HPOS="487" STYLEREFS="StyleId-931AD3DA-82A5-4327-84D4-1AAA92E0D378-" CS="1">
<String CONTENT="viii" HEIGHT="41" WIDTH="88" VPOS="1879" HPOS="487"/>
<SP HEIGHT="49" WIDTH="24" VPOS="1879" HPOS="576"/>
<String LANG="fr" CONTENT="p.," HEIGHT="38" WIDTH="59" VPOS="1890" HPOS="601"/>
<SP HEIGHT="44" WIDTH="27" VPOS="1879" HPOS="661"/>
<String CONTENT="1" HEIGHT="39" WIDTH="24" VPOS="1879" HPOS="689"/>
<SP HEIGHT="40" WIDTH="28" VPOS="1879" HPOS="714"/>
<String CS="1" CONTENT="l.,"/>
<SP HEIGHT="48" WIDTH="25" VPOS="1879" HPOS="788"/>
<String CONTENT="242" HEIGHT="40" WIDTH="87" VPOS="1879" HPOS="814"/>
<SP HEIGHT="48" WIDTH="25" VPOS="1880" HPOS="902"/>
<String CONTENT="p." HEIGHT="38" WIDTH="44" VPOS="1890" HPOS="928"/>
<SP HEIGHT="41" WIDTH="25" VPOS="1879" HPOS="973"/>
<String CONTENT="incl." HEIGHT="42" WIDTH="110" VPOS="1879" HPOS="999"/>
<SP HEIGHT="42" WIDTH="26" VPOS="1879" HPOS="1110"/>
<String CONTENT="front." HEIGHT="42" WIDTH="150" VPOS="1879" HPOS="1137"/>
<SP HEIGHT="41" WIDTH="52" VPOS="1880" HPOS="1288"/>
<String CONTENT="21" HEIGHT="39" WIDTH="55" VPOS="1880" HPOS="1341"/>
<String STYLE="superscript" CONTENT="cm" HEIGHT="22" WIDTH="45" VPOS="1882" HPOS="1400"/>
<String CONTENT="." HEIGHT="9" WIDTH="9" VPOS="1911" HPOS="1450"/>
</TextLine>
<TextLine HEIGHT="49" WIDTH="941" VPOS="1936" HPOS="488">
<String CONTENT="Illustrated" HEIGHT="41" WIDTH="292" VPOS="1936" HPOS="488"/>
<SP HEIGHT="39" WIDTH="26" VPOS="1938" HPOS="781"/>
<String CONTENT="t.-p." HEIGHT="46" WIDTH="98" VPOS="1939" HPOS="808"/>
<SP HEIGHT="31" WIDTH="29" VPOS="1947" HPOS="907"/>
<String CONTENT="and" HEIGHT="40" WIDTH="96" VPOS="1938" HPOS="937"/>
<SP HEIGHT="40" WIDTH="27" VPOS="1938" HPOS="1034"/>
<String CONTENT="lining-papers." HEIGHT="49" WIDTH="367" VPOS="1936" HPOS="1062"/>
</TextLine>
<TextLine HEIGHT="53" WIDTH="1928" VPOS="1989" HPOS="416" CS="1">
<String CONTENT="&#169;" HEIGHT="53" WIDTH="53" VPOS="1989" HPOS="416"/>
<SP HEIGHT="53" WIDTH="25" VPOS="1989" HPOS="470"/>
<String CONTENT="Aug." HEIGHT="47" WIDTH="121" VPOS="1994" HPOS="496"/>
<SP HEIGHT="40" WIDTH="27" VPOS="1994" HPOS="618"/>
<String CONTENT="21," HEIGHT="47" WIDTH="71" VPOS="1994" HPOS="646"/>
<SP HEIGHT="46" WIDTH="27" VPOS="1995" HPOS="718"/>
<String CS="1" CONTENT="1936;" HEIGHT="42" WIDTH="115" VPOS="1993" HPOS="746"/>
<SP HEIGHT="46" WIDTH="30" VPOS="1995" HPOS="889"/>
<String CONTENT="2c." HEIGHT="40" WIDTH="67" VPOS="1995" HPOS="920"/>
<SP HEIGHT="31" WIDTH="29" VPOS="2004" HPOS="988"/>
<String CONTENT="and" HEIGHT="40" WIDTH="97" VPOS="1994" HPOS="1018"/>
<SP HEIGHT="39" WIDTH="28" VPOS="1994" HPOS="1116"/>
<String CONTENT="aff." HEIGHT="41" WIDTH="81" VPOS="1994" HPOS="1145"/>
<SP HEIGHT="40" WIDTH="28" VPOS="1995" HPOS="1227"/>
<String CONTENT="Aug." HEIGHT="47" WIDTH="121" VPOS="1995" HPOS="1256"/>
<SP HEIGHT="41" WIDTH="29" VPOS="1994" HPOS="1378"/>
<String CS="1" CONTENT="22;" HEIGHT="40" WIDTH="55" VPOS="1994" HPOS="1408"/>
<SP HEIGHT="45" WIDTH="30" VPOS="1996" HPOS="1492"/>
<!-- cceid A32D4447-6E3A-1014-83DD-942C093A1DD9 --><String CONTENT="A" HEIGHT="38" WIDTH="41" VPOS="1996" HPOS="1523"/>
<SP HEIGHT="41" WIDTH="26" VPOS="1994" HPOS="1565"/>
<String CS="1" CONTENT="97482;" HEIGHT="41" WIDTH="145" VPOS="1994" HPOS="1592"/>
<SP HEIGHT="47" WIDTH="31" VPOS="1995" HPOS="1766"/>
<String CONTENT="H." HEIGHT="41" WIDTH="61" VPOS="1995" HPOS="1798"/>
<SP HEIGHT="40" WIDTH="29" VPOS="1996" HPOS="1860"/>
<String CONTENT="Best," HEIGHT="47" WIDTH="133" VPOS="1995" HPOS="1890"/>
<SP HEIGHT="48" WIDTH="26" VPOS="1994" HPOS="2024"/>
<String CONTENT="New" HEIGHT="40" WIDTH="119" VPOS="1994" HPOS="2051"/>
<SP HEIGHT="39" WIDTH="27" VPOS="1994" HPOS="2171"/>
<String CONTENT="York." HEIGHT="39" WIDTH="145" VPOS="1994" HPOS="2199"/>
</TextLine>
<TextLine HEIGHT="50" WIDTH="283" VPOS="2049" HPOS="496">
<String CONTENT="(36-18199)" HEIGHT="50" WIDTH="283" VPOS="2049" HPOS="496"/>
</TextLine>
<TextLine HEIGHT="63" WIDTH="872" VPOS="2156" HPOS="413" STYLEREFS="StyleId-26DD2749-42DF-40DE-9116-36BEC67FC7CC-">
<String CONTENT="Bodfish," HEIGHT="63" WIDTH="261" VPOS="2156" HPOS="413"/>
<SP HEIGHT="62" WIDTH="27" VPOS="2157" HPOS="675"/>
<String CONTENT="Hartson" HEIGHT="53" WIDTH="265" VPOS="2157" HPOS="703"/>
<SP HEIGHT="52" WIDTH="26" VPOS="2157" HPOS="969"/>
<String CONTENT="Hartlett." HEIGHT="56" WIDTH="289" VPOS="2156" HPOS="996"/>
</TextLine>
<TextLine HEIGHT="72" WIDTH="1756" VPOS="2231" HPOS="488" STYLEREFS="StyleId-931AD3DA-82A5-4327-84D4-1AAA92E0D378-" CS="1">
<String CONTENT="Chasing" HEIGHT="71" WIDTH="260" VPOS="2232" HPOS="488"/>
<SP HEIGHT="65" WIDTH="28" VPOS="2238" HPOS="749"/>
<String CONTENT="the" HEIGHT="54" WIDTH="97" VPOS="2233" HPOS="778"/>
<SP HEIGHT="54" WIDTH="30" VPOS="2233" HPOS="876"/>
<String CONTENT="bowhead," HEIGHT="70" WIDTH="294" VPOS="2233" HPOS="907"/>
<SP HEIGHT="51" WIDTH="32" VPOS="2252" HPOS="1202"/>
<String CONTENT="as" HEIGHT="36" WIDTH="60" VPOS="2252" HPOS="1235"/>
<SP HEIGHT="49" WIDTH="29" VPOS="2239" HPOS="1296"/>
<String CONTENT="told" HEIGHT="54" WIDTH="123" VPOS="2234" HPOS="1326"/>
<SP HEIGHT="54" WIDTH="28" VPOS="2233" HPOS="1450"/>
<String CONTENT="by" HEIGHT="70" WIDTH="76" VPOS="2233" HPOS="1479"/>
<SP HEIGHT="71" WIDTH="32" VPOS="2232" HPOS="1556"/>
<String CONTENT="Captain" HEIGHT="71" WIDTH="251" VPOS="2231" HPOS="1589"/>
<SP HEIGHT="55" WIDTH="31" VPOS="2233" HPOS="1841"/>
<String CONTENT="Hartson" HEIGHT="55" WIDTH="261" VPOS="2233" HPOS="1873"/>
<SP HEIGHT="54" WIDTH="31" VPOS="2233" HPOS="2135"/>
<String CONTENT="H." HEIGHT="54" WIDTH="77" VPOS="2233" HPOS="2167"/>
</TextLine>
<TextLine HEIGHT="151" WIDTH="2016" VPOS="2232" HPOS="416" STYLEREFS="StyleId-931AD3DA-82A5-4327-84D4-1AAA92E0D378-" CS="1">
<String CONTENT="Bodfish" HEIGHT="134" WIDTH="1990" VPOS="2232" HPOS="416"/>
<SP HEIGHT="52" WIDTH="41" VPOS="2314" HPOS="521"/>
<String CONTENT="and" HEIGHT="52" WIDTH="113" VPOS="2315" HPOS="563"/>
<SP HEIGHT="52" WIDTH="40" VPOS="2315" HPOS="677"/>
<String CONTENT="recorded" HEIGHT="54" WIDTH="270" VPOS="2314" HPOS="718"/>
<SP HEIGHT="54" WIDTH="39" VPOS="2314" HPOS="989"/>
<String CONTENT="for" HEIGHT="53" WIDTH="95" VPOS="2314" HPOS="1029"/>
<SP HEIGHT="53" WIDTH="37" VPOS="2314" HPOS="1125"/>
<String CONTENT="him" HEIGHT="55" WIDTH="121" VPOS="2313" HPOS="1163"/>
<SP HEIGHT="53" WIDTH="35" VPOS="2315" HPOS="1285"/>
<String CONTENT="by" HEIGHT="67" WIDTH="75" VPOS="2315" HPOS="1321"/>
<SP HEIGHT="66" WIDTH="38" VPOS="2316" HPOS="1397"/>
<String CONTENT="Joseph" HEIGHT="68" WIDTH="220" VPOS="2315" HPOS="1436"/>
<SP HEIGHT="56" WIDTH="38" VPOS="2314" HPOS="1657"/>
<String CONTENT="C." HEIGHT="56" WIDTH="61" VPOS="2314" HPOS="1696"/>
<SP HEIGHT="54" WIDTH="38" VPOS="2314" HPOS="1758"/>
<String CONTENT="Allen." HEIGHT="54" WIDTH="191" VPOS="2314" HPOS="1797"/>
<SP HEIGHT="55" WIDTH="77" VPOS="2314" HPOS="1989"/>
<String CONTENT="Cambridge," HEIGHT="68" WIDTH="365" VPOS="2313" HPOS="2067"/>
</TextLine>
<TextLine HEIGHT="70" WIDTH="1017" VPOS="2390" HPOS="417" STYLEREFS="StyleId-931AD3DA-82A5-4327-84D4-1AAA92E0D378-">
<String CONTENT="Harvard" HEIGHT="53" WIDTH="276" VPOS="2391" HPOS="417"/>
<SP HEIGHT="52" WIDTH="30" VPOS="2392" HPOS="694"/>
<String CONTENT="university" HEIGHT="69" WIDTH="321" VPOS="2390" HPOS="725"/>
<SP HEIGHT="51" WIDTH="28" VPOS="2409" HPOS="1047"/>
<String CONTENT="press," HEIGHT="51" WIDTH="176" VPOS="2409" HPOS="1076"/>
<SP HEIGHT="53" WIDTH="29" VPOS="2396" HPOS="1253"/>
<String CONTENT="1936." HEIGHT="51" WIDTH="151" VPOS="2394" HPOS="1283"/>
</TextLine>
<TextLine HEIGHT="50" WIDTH="1245" VPOS="2464" HPOS="491">
<String CONTENT="ix." HEIGHT="41" WIDTH="63" VPOS="2464" HPOS="491"/>
<SP HEIGHT="39" WIDTH="28" VPOS="2466" HPOS="555"/>
<String CONTENT="281" HEIGHT="40" WIDTH="83" VPOS="2465" HPOS="584"/>
<SP HEIGHT="47" WIDTH="31" VPOS="2466" HPOS="668"/>
<String CONTENT="p." HEIGHT="37" WIDTH="41" VPOS="2476" HPOS="700"/>
<SP HEIGHT="36" WIDTH="59" VPOS="2476" HPOS="742"/>
<String CONTENT="plates," HEIGHT="45" WIDTH="171" VPOS="2467" HPOS="802"/>
<SP HEIGHT="43" WIDTH="27" VPOS="2466" HPOS="974"/>
<String CONTENT="2" HEIGHT="39" WIDTH="28" VPOS="2466" HPOS="1002"/>
<SP HEIGHT="48" WIDTH="30" VPOS="2466" HPOS="1031"/>
<String CONTENT="port." HEIGHT="46" WIDTH="123" VPOS="2468" HPOS="1062"/>
<SP HEIGHT="47" WIDTH="28" VPOS="2466" HPOS="1186"/>
<String CONTENT="(incl." HEIGHT="48" WIDTH="135" VPOS="2465" HPOS="1215"/>
<SP HEIGHT="40" WIDTH="24" VPOS="2465" HPOS="1351"/>
<String CONTENT="front.)" HEIGHT="48" WIDTH="178" VPOS="2465" HPOS="1376"/>
<SP HEIGHT="48" WIDTH="62" VPOS="2465" HPOS="1555"/>
<String CONTENT="25" HEIGHT="41" WIDTH="56" VPOS="2465" HPOS="1618"/>
<String STYLE="superscript" CONTENT="cm" HEIGHT="23" WIDTH="46" VPOS="2467" HPOS="1677"/>
<String CONTENT="." HEIGHT="10" WIDTH="10" VPOS="2497" HPOS="1726"/>
</TextLine>
<TextLine HEIGHT="53" WIDTH="2013" VPOS="2518" HPOS="419">
<String CONTENT="&#169;" HEIGHT="53" WIDTH="53" VPOS="2518" HPOS="419"/>
<SP HEIGHT="53" WIDTH="33" VPOS="2518" HPOS="473"/>
<String CONTENT="Aug." HEIGHT="47" WIDTH="120" VPOS="2523" HPOS="507"/>
<SP HEIGHT="39" WIDTH="38" VPOS="2523" HPOS="628"/>
<String CONTENT="10," HEIGHT="47" WIDTH="69" VPOS="2522" HPOS="667"/>
<SP HEIGHT="45" WIDTH="33" VPOS="2524" HPOS="737"/>
<String CONTENT="1936;" HEIGHT="48" WIDTH="140" VPOS="2522" HPOS="771"/>
<SP HEIGHT="47" WIDTH="38" VPOS="2523" HPOS="912"/>
<String CONTENT="2c." HEIGHT="40" WIDTH="67" VPOS="2523" HPOS="951"/>
<SP HEIGHT="40" WIDTH="36" VPOS="2523" HPOS="1019"/>
<String CONTENT="Aug." HEIGHT="47" WIDTH="120" VPOS="2523" HPOS="1056"/>
<SP HEIGHT="41" WIDTH="35" VPOS="2523" HPOS="1177"/>
<String CONTENT="20;" HEIGHT="47" WIDTH="82" VPOS="2523" HPOS="1213"/>
<SP HEIGHT="37" WIDTH="40" VPOS="2533" HPOS="1296"/>
<String CONTENT="aff." HEIGHT="41" WIDTH="81" VPOS="2522" HPOS="1337"/>
<SP HEIGHT="40" WIDTH="42" VPOS="2523" HPOS="1419"/>
<String CONTENT="Sept." HEIGHT="48" WIDTH="126" VPOS="2523" HPOS="1462"/>
<SP HEIGHT="39" WIDTH="36" VPOS="2523" HPOS="1589"/>
<String CONTENT="28;" HEIGHT="47" WIDTH="84" VPOS="2523" HPOS="1626"/>
<SP HEIGHT="47" WIDTH="38" VPOS="2523" HPOS="1711"/>
<!-- cceid A32DA353-6E3A-1014-83DD-942C093A1DD9 --><String CONTENT="A" HEIGHT="39" WIDTH="41" VPOS="2523" HPOS="1750"/>
<SP HEIGHT="41" WIDTH="33" VPOS="2522" HPOS="1792"/>
<String CONTENT="98059;" HEIGHT="48" WIDTH="173" VPOS="2521" HPOS="1826"/>
<SP HEIGHT="45" WIDTH="40" VPOS="2524" HPOS="2000"/>
<String CONTENT="President" HEIGHT="40" WIDTH="257" VPOS="2522" HPOS="2041"/>
<SP HEIGHT="38" WIDTH="36" VPOS="2525" HPOS="2299"/>
<String CONTENT="and" HEIGHT="39" WIDTH="96" VPOS="2524" HPOS="2336"/>
</TextLine>
<TextLine HEIGHT="51" WIDTH="1637" VPOS="2579" HPOS="487">
<String CONTENT="fellows" HEIGHT="40" WIDTH="192" VPOS="2579" HPOS="487"/>
<SP HEIGHT="29" WIDTH="29" VPOS="2590" HPOS="680"/>
<String CONTENT="of" HEIGHT="40" WIDTH="51" VPOS="2579" HPOS="710"/>
<SP HEIGHT="40" WIDTH="28" VPOS="2579" HPOS="762"/>
<String CONTENT="Harvard" HEIGHT="39" WIDTH="232" VPOS="2580" HPOS="791"/>
<SP HEIGHT="39" WIDTH="31" VPOS="2580" HPOS="1024"/>
<String CONTENT="college,," HEIGHT="48" WIDTH="198" VPOS="2580" HPOS="1056"/>
<SP HEIGHT="42" WIDTH="26" VPOS="2580" HPOS="1255"/>
<String CONTENT="Cambridge," HEIGHT="49" WIDTH="304" VPOS="2579" HPOS="1282"/>
<SP HEIGHT="47" WIDTH="32" VPOS="2581" HPOS="1587"/>
<String CONTENT="Mass." HEIGHT="40" WIDTH="148" VPOS="2581" HPOS="1620"/>
<SP HEIGHT="49" WIDTH="72" VPOS="2579" HPOS="1769"/>
<String CONTENT="(36-18677)" HEIGHT="51" WIDTH="282" VPOS="2579" HPOS="1842"/>
</TextLine>
<TextLine HEIGHT="65" WIDTH="591" VPOS="2682" HPOS="415" STYLEREFS="StyleId-26DD2749-42DF-40DE-9116-36BEC67FC7CC-">
<String CONTENT="Brenner," HEIGHT="65" WIDTH="286" VPOS="2682" HPOS="415"/>
<SP HEIGHT="62" WIDTH="27" VPOS="2685" HPOS="702"/>
<String CONTENT="William." HEIGHT="57" WIDTH="276" VPOS="2682" HPOS="730"/>
</TextLine>
<TextLine HEIGHT="71" WIDTH="1940" VPOS="2757" HPOS="493" STYLEREFS="StyleId-931AD3DA-82A5-4327-84D4-1AAA92E0D378-">
<String CONTENT="Daily" HEIGHT="68" WIDTH="174" VPOS="2758" HPOS="493"/>
<SP HEIGHT="67" WIDTH="33" VPOS="2759" HPOS="668"/>
<String CONTENT="devotions" HEIGHT="53" WIDTH="298" VPOS="2759" HPOS="702"/>
<SP HEIGHT="52" WIDTH="33" VPOS="2760" HPOS="1001"/>
<String CONTENT="for" HEIGHT="53" WIDTH="95" VPOS="2760" HPOS="1035"/>
<SP HEIGHT="53" WIDTH="32" VPOS="2760" HPOS="1131"/>
<String CONTENT="individual" HEIGHT="55" WIDTH="326" VPOS="2758" HPOS="1164"/>
<SP HEIGHT="53" WIDTH="35" VPOS="2760" HPOS="1491"/>
<String CONTENT="and" HEIGHT="53" WIDTH="113" VPOS="2760" HPOS="1527"/>
<SP HEIGHT="53" WIDTH="33" VPOS="2759" HPOS="1641"/>
<String CONTENT="family" HEIGHT="71" WIDTH="208" VPOS="2757" HPOS="1675"/>
<SP HEIGHT="50" WIDTH="32" VPOS="2778" HPOS="1884"/>
<String CONTENT="use," HEIGHT="46" WIDTH="116" VPOS="2778" HPOS="1917"/>
<SP HEIGHT="65" WIDTH="29" VPOS="2759" HPOS="2034"/>
<String CONTENT="by" HEIGHT="68" WIDTH="75" VPOS="2759" HPOS="2064"/>
<SP HEIGHT="67" WIDTH="33" VPOS="2760" HPOS="2140"/>
<String CONTENT="William" HEIGHT="54" WIDTH="259" VPOS="2759" HPOS="2174"/>
</TextLine>
<TextLine HEIGHT="142" WIDTH="1989" VPOS="2836" HPOS="419" STYLEREFS="StyleId-931AD3DA-82A5-4327-84D4-1AAA92E0D378-" CS="1">
<String CONTENT="Brenner" HEIGHT="55" WIDTH="259" VPOS="2836" HPOS="420"/>
<SP HEIGHT="33" WIDTH="39" VPOS="2857" HPOS="680"/>
<String CS="1" CONTENT="&#8230;"/>
<SP HEIGHT="52" WIDTH="38" VPOS="2838" HPOS="777"/>
<String CONTENT="introduction" HEIGHT="55" WIDTH="393" VPOS="2836" HPOS="816"/>
<SP HEIGHT="53" WIDTH="33" VPOS="2838" HPOS="1210"/>
<String CONTENT="by" HEIGHT="67" WIDTH="74" VPOS="2838" HPOS="1244"/>
<SP HEIGHT="67" WIDTH="32" VPOS="2838" HPOS="1319"/>
<String CONTENT="Luther" HEIGHT="54" WIDTH="220" VPOS="2838" HPOS="1352"/>
<SP HEIGHT="52" WIDTH="32" VPOS="2839" HPOS="1573"/>
<String CONTENT="B." HEIGHT="52" WIDTH="67" VPOS="2839" HPOS="1606"/>
<SP HEIGHT="53" WIDTH="34" VPOS="2838" HPOS="1674"/>
<String CONTENT="Reed" HEIGHT="53" WIDTH="154" VPOS="2838" HPOS="1709"/>
<SP HEIGHT="54" WIDTH="41" VPOS="2838" HPOS="1864"/>
<String CS="1" CONTENT="&#8230;"/>
<SP HEIGHT="55" WIDTH="79" VPOS="2837" HPOS="1963"/>
<String CONTENT="Grand" HEIGHT="55" WIDTH="201" VPOS="2837" HPOS="2043"/>
<SP HEIGHT="53" WIDTH="33" VPOS="2837" HPOS="2245"/>
<String CONTENT="Rapids," HEIGHT="141" WIDTH="1989" VPOS="2837" HPOS="419"/>
</TextLine>
<TextLine HEIGHT="70" WIDTH="1385" VPOS="2916" HPOS="557" STYLEREFS="StyleId-931AD3DA-82A5-4327-84D4-1AAA92E0D378-">
<String CONTENT="Mich.," HEIGHT="63" WIDTH="196" VPOS="2916" HPOS="557"/>
<SP HEIGHT="61" WIDTH="32" VPOS="2918" HPOS="754"/>
<String CONTENT="Zondervan" HEIGHT="52" WIDTH="339" VPOS="2917" HPOS="787"/>
<SP HEIGHT="51" WIDTH="32" VPOS="2935" HPOS="1127"/>
<String CONTENT="publishing" HEIGHT="70" WIDTH="339" VPOS="2916" HPOS="1160"/>
<SP HEIGHT="69" WIDTH="32" VPOS="2917" HPOS="1500"/>
<String CONTENT="house" HEIGHT="53" WIDTH="175" VPOS="2917" HPOS="1533"/>
<SP HEIGHT="49" WIDTH="40" VPOS="2936" HPOS="1709"/>
<String STYLE="subscript" CONTENT="[" HEIGHT="33" WIDTH="12" VPOS="2952" HPOS="1750"/>
<String STYLE="superscript" CONTENT="c" HEIGHT="21" WIDTH="17" VPOS="2924" HPOS="1768"/>
<String CONTENT="1936" HEIGHT="51" WIDTH="134" VPOS="2919" HPOS="1790"/>
<String STYLE="subscript" CONTENT="]" HEIGHT="34" WIDTH="12" VPOS="2951" HPOS="1930"/>
</TextLine>
<TextLine HEIGHT="50" WIDTH="372" VPOS="2985" HPOS="488" CS="1">
<String CONTENT="337" HEIGHT="43" WIDTH="86" VPOS="2985" HPOS="488"/>
<SP HEIGHT="47" WIDTH="32" VPOS="2988" HPOS="575"/>
<String CONTENT="p." HEIGHT="37" WIDTH="44" VPOS="2998" HPOS="608"/>
<SP HEIGHT="40" WIDTH="59" VPOS="2988" HPOS="653"/>
<String CS="1" CONTENT="20&#189;" HEIGHT="40" WIDTH="56" VPOS="2987" HPOS="713"/>
<String STYLE="superscript" CONTENT="cm" HEIGHT="21" WIDTH="45" VPOS="2990" HPOS="802"/>
<String CONTENT="." HEIGHT="9" WIDTH="9" VPOS="3021" HPOS="851"/>
</TextLine>
<TextLine HEIGHT="51" WIDTH="822" VPOS="3044" HPOS="491" CS="1">
<String CONTENT="Errata" HEIGHT="41" WIDTH="180" VPOS="3044" HPOS="491"/>
<SP HEIGHT="29" WIDTH="31" VPOS="3055" HPOS="672"/>
<String CONTENT="slip" HEIGHT="49" WIDTH="94" VPOS="3044" HPOS="704"/>
<SP HEIGHT="37" WIDTH="26" VPOS="3056" HPOS="799"/>
<String CONTENT="mounted" HEIGHT="41" WIDTH="230" VPOS="3045" HPOS="826"/>
<SP HEIGHT="41" WIDTH="30" VPOS="3045" HPOS="1057"/>
<String CONTENT="on" HEIGHT="30" WIDTH="61" VPOS="3056" HPOS="1088"/>
<SP HEIGHT="39" WIDTH="27" VPOS="3056" HPOS="1150"/>
<String CONTENT="p." HEIGHT="39" WIDTH="44" VPOS="3056" HPOS="1178"/>
<SP HEIGHT="30" WIDTH="33" VPOS="3065" HPOS="1223"/>
<String CS="1" CONTENT="[6]" HEIGHT="50" WIDTH="42" VPOS="3045" HPOS="1271"/>
</TextLine>
<TextLine HEIGHT="55" WIDTH="2014" VPOS="3099" HPOS="420">
<String CONTENT="&#169;" HEIGHT="54" WIDTH="53" VPOS="3099" HPOS="420"/>
<SP HEIGHT="54" WIDTH="33" VPOS="3099" HPOS="474"/>
<String CONTENT="July" HEIGHT="46" WIDTH="116" VPOS="3105" HPOS="508"/>
<SP HEIGHT="46" WIDTH="34" VPOS="3105" HPOS="625"/>
<String CONTENT="25," HEIGHT="46" WIDTH="69" VPOS="3105" HPOS="660"/>
<SP HEIGHT="45" WIDTH="35" VPOS="3106" HPOS="730"/>
<String CONTENT="1936;" HEIGHT="48" WIDTH="140" VPOS="3104" HPOS="766"/>
<SP HEIGHT="48" WIDTH="37" VPOS="3104" HPOS="907"/>
<String CONTENT="2c." HEIGHT="42" WIDTH="68" VPOS="3104" HPOS="945"/>
<SP HEIGHT="31" WIDTH="33" VPOS="3115" HPOS="1014"/>
<String CONTENT="and" HEIGHT="39" WIDTH="97" VPOS="3105" HPOS="1048"/>
<SP HEIGHT="39" WIDTH="33" VPOS="3105" HPOS="1146"/>
<String CONTENT="aff." HEIGHT="42" WIDTH="84" VPOS="3104" HPOS="1180"/>
<SP HEIGHT="40" WIDTH="32" VPOS="3106" HPOS="1265"/>
<String CONTENT="Aug." HEIGHT="47" WIDTH="121" VPOS="3106" HPOS="1298"/>
<SP HEIGHT="43" WIDTH="34" VPOS="3104" HPOS="1420"/>
<String CONTENT="24;" HEIGHT="49" WIDTH="83" VPOS="3104" HPOS="1455"/>
<SP HEIGHT="47" WIDTH="35" VPOS="3106" HPOS="1539"/>
<!-- cceid A32DF83F-6E3A-1014-83DD-942C093A1DD9 --><String CONTENT="A" HEIGHT="39" WIDTH="41" VPOS="3106" HPOS="1575"/>
<SP HEIGHT="41" WIDTH="34" VPOS="3105" HPOS="1617"/>
<String CONTENT="98070;" HEIGHT="48" WIDTH="171" VPOS="3105" HPOS="1652"/>
<SP HEIGHT="47" WIDTH="37" VPOS="3106" HPOS="1824"/>
<String CONTENT="W." HEIGHT="40" WIDTH="72" VPOS="3106" HPOS="1862"/>
<SP HEIGHT="39" WIDTH="34" VPOS="3107" HPOS="1935"/>
<String CONTENT="Brenner," HEIGHT="47" WIDTH="235" VPOS="3107" HPOS="1970"/>
<SP HEIGHT="48" WIDTH="36" VPOS="3106" HPOS="2206"/>
<String CONTENT="Toledo." HEIGHT="40" WIDTH="191" VPOS="3105" HPOS="2243"/>
</TextLine>
<TextLine HEIGHT="48" WIDTH="283" VPOS="3161" HPOS="500">
<String CONTENT="(36-18635)" HEIGHT="48" WIDTH="283" VPOS="3161" HPOS="500"/>
</TextLine>
<TextLine HEIGHT="68" WIDTH="731" VPOS="3262" HPOS="417" STYLEREFS="StyleId-26DD2749-42DF-40DE-9116-36BEC67FC7CC-">
<String CONTENT="Bryant," HEIGHT="67" WIDTH="252" VPOS="3262" HPOS="417"/>
<SP HEIGHT="65" WIDTH="24" VPOS="3264" HPOS="670"/>
<String CONTENT="Arthur," HEIGHT="66" WIDTH="253" VPOS="3264" HPOS="695"/>
<SP HEIGHT="60" WIDTH="26" VPOS="3270" HPOS="949"/>
<String CONTENT="1899-" HEIGHT="50" WIDTH="172" VPOS="3270" HPOS="976"/>
</TextLine>
<TextLine HEIGHT="69" WIDTH="1943" VPOS="3341" HPOS="490" STYLEREFS="StyleId-931AD3DA-82A5-4327-84D4-1AAA92E0D378-" CS="1">
<String CONTENT="The" HEIGHT="53" WIDTH="123" VPOS="3342" HPOS="490"/>
<SP HEIGHT="53" WIDTH="33" VPOS="3342" HPOS="614"/>
<String CONTENT="American" HEIGHT="53" WIDTH="308" VPOS="3342" HPOS="648"/>
<SP HEIGHT="52" WIDTH="40" VPOS="3342" HPOS="957"/>
<String CONTENT="ideal," HEIGHT="67" WIDTH="167" VPOS="3342" HPOS="998"/>
<SP HEIGHT="68" WIDTH="39" VPOS="3341" HPOS="1166"/>
<String CONTENT="by" HEIGHT="68" WIDTH="77" VPOS="3341" HPOS="1206"/>
<SP HEIGHT="67" WIDTH="35" VPOS="3342" HPOS="1284"/>
<String CONTENT="Arthur" HEIGHT="53" WIDTH="229" VPOS="3342" HPOS="1320"/>
<SP HEIGHT="51" WIDTH="36" VPOS="3344" HPOS="1550"/>
<String CONTENT="Bryant" HEIGHT="66" WIDTH="227" VPOS="3344" HPOS="1587"/>
<SP HEIGHT="48" WIDTH="43" VPOS="3348" HPOS="1815"/>
<String CS="1" CONTENT="&#8230;"/>
<SP HEIGHT="50" WIDTH="79" VPOS="3344" HPOS="1916"/>
<String CONTENT="London," HEIGHT="66" WIDTH="258" VPOS="3343" HPOS="1996"/>
<SP HEIGHT="66" WIDTH="42" VPOS="3343" HPOS="2255"/>
<String CONTENT="New" HEIGHT="52" WIDTH="135" VPOS="3343" HPOS="2298"/>
</TextLine>
<TextLine HEIGHT="69" WIDTH="1385" VPOS="3419" HPOS="420" STYLEREFS="StyleId-931AD3DA-82A5-4327-84D4-1AAA92E0D378-" CS="1">
<String CONTENT="York" HEIGHT="53" WIDTH="164" VPOS="3420" HPOS="420"/>
<SP/>
<String CS="1" CONTENT="[etc.]" HEIGHT="34" WIDTH="12" VPOS="3453" HPOS="742"/>
<SP HEIGHT="67" WIDTH="32" VPOS="3420" HPOS="755"/>
<String CONTENT="Longmans," HEIGHT="68" WIDTH="346" VPOS="3420" HPOS="788"/>
<SP HEIGHT="69" WIDTH="26" VPOS="3419" HPOS="1135"/>
<String CONTENT="Green" HEIGHT="56" WIDTH="187" VPOS="3419" HPOS="1162"/>
<SP HEIGHT="35" WIDTH="27" VPOS="3439" HPOS="1350"/>
<String CONTENT="and" HEIGHT="52" WIDTH="113" VPOS="3422" HPOS="1378"/>
<SP HEIGHT="52" WIDTH="26" VPOS="3422" HPOS="1492"/>
<String CONTENT="co." HEIGHT="35" WIDTH="78" VPOS="3439" HPOS="1519"/>
<SP HEIGHT="34" WIDTH="34" VPOS="3454" HPOS="1598"/>
<String CONTENT="[1936]" HEIGHT="64" WIDTH="172" VPOS="3424" HPOS="1633"/>
</TextLine>
<TextLine HEIGHT="51" WIDTH="605" VPOS="3492" HPOS="491" STYLEREFS="StyleId-931AD3DA-82A5-4327-84D4-1AAA92E0D378-" CS="1">
<String CONTENT="xxi," HEIGHT="47" WIDTH="100" VPOS="3494" HPOS="491"/>
<SP HEIGHT="47" WIDTH="29" VPOS="3494" HPOS="592"/>
<String CONTENT="258," HEIGHT="48" WIDTH="101" VPOS="3493" HPOS="622"/>
<SP HEIGHT="30" WIDTH="35" VPOS="3513" HPOS="724"/>
<String CONTENT="[1]" HEIGHT="49" WIDTH="52" VPOS="3494" HPOS="760"/>
<SP HEIGHT="38" WIDTH="32" VPOS="3504" HPOS="813"/>
<String CONTENT="p." HEIGHT="38" WIDTH="42" VPOS="3504" HPOS="846"/>
<SP HEIGHT="40" WIDTH="60" VPOS="3493" HPOS="889"/>
<String CS="1" CONTENT="22&#189;" HEIGHT="41" WIDTH="56" VPOS="3492" HPOS="950"/>
<String STYLE="superscript" CONTENT="cm" HEIGHT="22" WIDTH="46" VPOS="3495" HPOS="1038"/>
<String CONTENT="." HEIGHT="8" WIDTH="9" VPOS="3524" HPOS="1087"/>
</TextLine>
<TextLine HEIGHT="50" WIDTH="1941" VPOS="3550" HPOS="492">
<String CONTENT="&#8220;In" HEIGHT="39" WIDTH="84" VPOS="3552" HPOS="492"/>
<SP HEIGHT="29" WIDTH="31" VPOS="3562" HPOS="577"/>
<String CONTENT="another" HEIGHT="41" WIDTH="208" VPOS="3551" HPOS="609"/>
<SP HEIGHT="39" WIDTH="27" VPOS="3552" HPOS="818"/>
<String CONTENT="form" HEIGHT="40" WIDTH="129" VPOS="3552" HPOS="846"/>
<SP HEIGHT="38" WIDTH="26" VPOS="3554" HPOS="976"/>
<String CONTENT="the" HEIGHT="40" WIDTH="85" VPOS="3552" HPOS="1003"/>
<SP HEIGHT="30" WIDTH="27" VPOS="3562" HPOS="1089"/>
<String CONTENT="studies" HEIGHT="42" WIDTH="186" VPOS="3550" HPOS="1117"/>
<SP HEIGHT="39" WIDTH="30" VPOS="3553" HPOS="1304"/>
<String CONTENT="that" HEIGHT="41" WIDTH="110" VPOS="3551" HPOS="1335"/>
<SP HEIGHT="39" WIDTH="27" VPOS="3553" HPOS="1446"/>
<String CONTENT="appear" HEIGHT="40" WIDTH="180" VPOS="3560" HPOS="1474"/>
<SP HEIGHT="40" WIDTH="30" VPOS="3551" HPOS="1655"/>
<String CONTENT="in" HEIGHT="40" WIDTH="49" VPOS="3551" HPOS="1686"/>
<SP HEIGHT="37" WIDTH="27" VPOS="3555" HPOS="1736"/>
<String CONTENT="this" HEIGHT="41" WIDTH="99" VPOS="3551" HPOS="1764"/>
<SP HEIGHT="40" WIDTH="30" VPOS="3552" HPOS="1864"/>
<String CONTENT="book" HEIGHT="40" WIDTH="123" VPOS="3552" HPOS="1895"/>
<SP HEIGHT="39" WIDTH="32" VPOS="3552" HPOS="2019"/>
<String CONTENT="were" HEIGHT="31" WIDTH="125" VPOS="3561" HPOS="2052"/>
<SP HEIGHT="37" WIDTH="31" VPOS="3561" HPOS="2178"/>
<String CONTENT="given" HEIGHT="48" WIDTH="137" VPOS="3550" HPOS="2210"/>
<SP HEIGHT="29" WIDTH="35" VPOS="3562" HPOS="2348"/>
<String CONTENT="at" HEIGHT="35" WIDTH="49" VPOS="3556" HPOS="2384"/>
</TextLine>
<TextLine HEIGHT="99" WIDTH="1994" VPOS="3607" HPOS="422" CS="1">
<String CONTENT="the" HEIGHT="40" WIDTH="80" VPOS="3608" HPOS="422"/>
<SP HEIGHT="29" WIDTH="30" VPOS="3618" HPOS="503"/>
<String CONTENT="request" HEIGHT="45" WIDTH="195" VPOS="3611" HPOS="534"/>
<SP HEIGHT="38" WIDTH="28" VPOS="3611" HPOS="730"/>
<String CONTENT="of" HEIGHT="38" WIDTH="51" VPOS="3608" HPOS="759"/>
<SP HEIGHT="40" WIDTH="27" VPOS="3608" HPOS="811"/>
<String CONTENT="the" HEIGHT="40" WIDTH="82" VPOS="3608" HPOS="839"/>
<SP HEIGHT="41" WIDTH="27" VPOS="3608" HPOS="922"/>
<String CONTENT="Sulgrave" HEIGHT="46" WIDTH="236" VPOS="3608" HPOS="950"/>
<SP HEIGHT="30" WIDTH="26" VPOS="3618" HPOS="1187"/>
<String CONTENT="manor" HEIGHT="31" WIDTH="172" VPOS="3617" HPOS="1214"/>
<SP HEIGHT="40" WIDTH="23" VPOS="3607" HPOS="1387"/>
<String CONTENT="board" HEIGHT="41" WIDTH="152" VPOS="3607" HPOS="1411"/>
<SP HEIGHT="39" WIDTH="29" VPOS="3609" HPOS="1564"/>
<String CONTENT="as" HEIGHT="30" WIDTH="54" VPOS="3619" HPOS="1594"/>
<SP HEIGHT="38" WIDTH="28" VPOS="3611" HPOS="1649"/>
<String CONTENT="the" HEIGHT="41" WIDTH="82" VPOS="3608" HPOS="1678"/>
<SP HEIGHT="40" WIDTH="28" VPOS="3609" HPOS="1761"/>
<String CONTENT="Watson" HEIGHT="40" WIDTH="203" VPOS="3609" HPOS="1790"/>
<SP HEIGHT="39" WIDTH="31" VPOS="3608" HPOS="1994"/>
<String CONTENT="foundation" HEIGHT="40" WIDTH="287" VPOS="3608" HPOS="2026"/>
<SP HEIGHT="38" WIDTH="35" VPOS="3608" HPOS="2314"/>
<String CONTENT="lectures" HEIGHT="98" WIDTH="1992" VPOS="3608" HPOS="424"/>
</TextLine>
<TextLine HEIGHT="48" WIDTH="1849" VPOS="3664" HPOS="584">
<String CONTENT="in" HEIGHT="40" WIDTH="50" VPOS="3664" HPOS="584"/>
<SP HEIGHT="38" WIDTH="26" VPOS="3667" HPOS="635"/>
<String CONTENT="the" HEIGHT="39" WIDTH="80" VPOS="3666" HPOS="662"/>
<SP HEIGHT="39" WIDTH="25" VPOS="3666" HPOS="743"/>
<String CONTENT="fall" HEIGHT="39" WIDTH="92" VPOS="3666" HPOS="769"/>
<SP HEIGHT="39" WIDTH="26" VPOS="3666" HPOS="862"/>
<String CONTENT="of" HEIGHT="40" WIDTH="53" VPOS="3665" HPOS="889"/>
<SP HEIGHT="39" WIDTH="24" VPOS="3665" HPOS="943"/>
<String CONTENT="1935." HEIGHT="40" WIDTH="130" VPOS="3665" HPOS="968"/>
<SP HEIGHT="39" WIDTH="58" VPOS="3666" HPOS="1099"/>
<String CONTENT="I" HEIGHT="38" WIDTH="24" VPOS="3666" HPOS="1158"/>
<SP HEIGHT="40" WIDTH="26" VPOS="3664" HPOS="1183"/>
<String CONTENT="have" HEIGHT="40" WIDTH="127" VPOS="3664" HPOS="1210"/>
<SP HEIGHT="30" WIDTH="25" VPOS="3675" HPOS="1338"/>
<String CONTENT="expanded" HEIGHT="47" WIDTH="251" VPOS="3665" HPOS="1364"/>
<SP HEIGHT="39" WIDTH="28" VPOS="3665" HPOS="1616"/>
<String CONTENT="and" HEIGHT="40" WIDTH="95" VPOS="3665" HPOS="1645"/>
<SP HEIGHT="40" WIDTH="28" VPOS="3665" HPOS="1741"/>
<String CONTENT="recast" HEIGHT="38" WIDTH="158" VPOS="3667" HPOS="1770"/>
<SP HEIGHT="39" WIDTH="29" VPOS="3667" HPOS="1929"/>
<String CONTENT="them" HEIGHT="41" WIDTH="129" VPOS="3665" HPOS="1959"/>
<SP HEIGHT="37" WIDTH="30" VPOS="3668" HPOS="2089"/>
<String CONTENT="to" HEIGHT="37" WIDTH="48" VPOS="3668" HPOS="2120"/>
<SP HEIGHT="29" WIDTH="28" VPOS="3675" HPOS="2169"/>
<String CONTENT="meet" HEIGHT="37" WIDTH="124" VPOS="3667" HPOS="2198"/>
<SP HEIGHT="37" WIDTH="30" VPOS="3667" HPOS="2323"/>
<String CONTENT="the" HEIGHT="40" WIDTH="79" VPOS="3664" HPOS="2354"/>
</TextLine>
<TextLine HEIGHT="51" WIDTH="843" VPOS="3719" HPOS="421">
<String CONTENT="requirements" HEIGHT="48" WIDTH="353" VPOS="3721" HPOS="421"/>
<SP HEIGHT="30" WIDTH="30" VPOS="3732" HPOS="775"/>
<String CONTENT="of" HEIGHT="40" WIDTH="52" VPOS="3721" HPOS="806"/>
<SP HEIGHT="49" WIDTH="24" VPOS="3721" HPOS="859"/>
<String CONTENT="prose.&#8221;&#8212;Pref." HEIGHT="51" WIDTH="380" VPOS="3719" HPOS="884"/>
</TextLine>
<TextLine HEIGHT="51" WIDTH="672" VPOS="3775" HPOS="493" CS="1">
<String CS="1" CONTENT="Bibliography:" HEIGHT="48" WIDTH="351" VPOS="3778" HPOS="493"/>
<SP HEIGHT="37" WIDTH="32" VPOS="3789" HPOS="872"/>
<String CONTENT="p." HEIGHT="37" WIDTH="42" VPOS="3789" HPOS="905"/>
<SP HEIGHT="29" WIDTH="33" VPOS="3789" HPOS="948"/>
<String CONTENT="viii-ix." HEIGHT="43" WIDTH="183" VPOS="3775" HPOS="982"/>
</TextLine>
<TextLine HEIGHT="51" WIDTH="1665" VPOS="3831" HPOS="768" CS="1">
<String CS="1" CONTENT="CONTENTS."/>
<SP HEIGHT="14" WIDTH="17" VPOS="3858" HPOS="768"/>
<String CONTENT="&#8212;" HEIGHT="4" WIDTH="60" VPOS="3858" HPOS="786"/>
<SP HEIGHT="38" WIDTH="15" VPOS="3836" HPOS="847"/>
<String CONTENT="Introductory:" HEIGHT="47" WIDTH="373" VPOS="3835" HPOS="863"/>
<SP HEIGHT="41" WIDTH="43" VPOS="3834" HPOS="1237"/>
<String CONTENT="&#8216;The" HEIGHT="41" WIDTH="115" VPOS="3833" HPOS="1281"/>
<SP HEIGHT="41" WIDTH="37" VPOS="3833" HPOS="1397"/>
<String CONTENT="fairest" HEIGHT="42" WIDTH="178" VPOS="3832" HPOS="1435"/>
<SP HEIGHT="39" WIDTH="39" VPOS="3835" HPOS="1614"/>
<String CONTENT="country" HEIGHT="46" WIDTH="206" VPOS="3833" HPOS="1654"/>
<SP HEIGHT="45" WIDTH="41" VPOS="3834" HPOS="1861"/>
<String CONTENT="that" HEIGHT="40" WIDTH="109" VPOS="3832" HPOS="1903"/>
<SP HEIGHT="39" WIDTH="42" VPOS="3834" HPOS="2013"/>
<String CONTENT="a" HEIGHT="30" WIDTH="24" VPOS="3843" HPOS="2056"/>
<SP HEIGHT="30" WIDTH="46" VPOS="3843" HPOS="2081"/>
<String CONTENT="man" HEIGHT="29" WIDTH="107" VPOS="3842" HPOS="2128"/>
<SP HEIGHT="27" WIDTH="45" VPOS="3843" HPOS="2236"/>
<String CONTENT="might" HEIGHT="46" WIDTH="151" VPOS="3831" HPOS="2282"/>
</TextLine>
<TextLine HEIGHT="44" WIDTH="2014" VPOS="3888" HPOS="421">
<String CONTENT="see.&#8212;Thomas" HEIGHT="40" WIDTH="383" VPOS="3891" HPOS="421"/>
<SP HEIGHT="40" WIDTH="31" VPOS="3892" HPOS="805"/>
<String CONTENT="Jefferson.&#8212;Abraham" HEIGHT="42" WIDTH="568" VPOS="3890" HPOS="837"/>
<SP HEIGHT="39" WIDTH="31" VPOS="3890" HPOS="1406"/>
<String CONTENT="Lincoln.&#8212;Emerson" HEIGHT="42" WIDTH="510" VPOS="3888" HPOS="1438"/>
<SP HEIGHT="30" WIDTH="34" VPOS="3899" HPOS="1949"/>
<String CONTENT="and" HEIGHT="39" WIDTH="93" VPOS="3890" HPOS="1984"/>
<SP HEIGHT="39" WIDTH="34" VPOS="3889" HPOS="2078"/>
<String CONTENT="Whitman.&#8212;" HEIGHT="39" WIDTH="322" VPOS="3889" HPOS="2113"/>
</TextLine>
<TextLine HEIGHT="51" WIDTH="1831" VPOS="3944" HPOS="422" CS="1">
<String CONTENT="Theodore" HEIGHT="41" WIDTH="251" VPOS="3947" HPOS="422"/>
<SP HEIGHT="40" WIDTH="34" VPOS="3948" HPOS="674"/>
<String CONTENT="Roosevelt.&#8212;Walter" HEIGHT="41" WIDTH="524" VPOS="3947" HPOS="709"/>
<SP HEIGHT="39" WIDTH="32" VPOS="3947" HPOS="1234"/>
<String CONTENT="Page.&#8212;Two" HEIGHT="49" WIDTH="321" VPOS="3946" HPOS="1267"/>
<SP HEIGHT="40" WIDTH="33" VPOS="3946" HPOS="1589"/>
<String CONTENT="American" HEIGHT="42" WIDTH="257" VPOS="3944" HPOS="1623"/>
<SP HEIGHT="38" WIDTH="34" VPOS="3956" HPOS="1881"/>
<String CONTENT="poets" HEIGHT="47" WIDTH="136" VPOS="3947" HPOS="1916"/>
<SP HEIGHT="29" WIDTH="34" VPOS="3956" HPOS="2053"/>
<String CONTENT="of" HEIGHT="40" WIDTH="49" VPOS="3945" HPOS="2088"/>
<SP HEIGHT="40" WIDTH="35" VPOS="3945" HPOS="2138"/>
<String CONTENT="the" HEIGHT="40" WIDTH="79" VPOS="3945" HPOS="2174"/>
</TextLine>
<TextLine HEIGHT="107" WIDTH="1994" VPOS="3947" HPOS="421" CS="1">
<String CONTENT="twentieth" HEIGHT="97" WIDTH="1994" VPOS="3947" HPOS="421"/>
<SP HEIGHT="41" WIDTH="28" VPOS="4004" HPOS="546"/>
<String CONTENT="century" HEIGHT="45" WIDTH="203" VPOS="4007" HPOS="575"/>
<SP HEIGHT="38" WIDTH="30" VPOS="4016" HPOS="779"/>
<String CONTENT="[Alan" HEIGHT="49" WIDTH="138" VPOS="4005" HPOS="810"/>
<SP HEIGHT="41" WIDTH="31" VPOS="4004" HPOS="949"/>
<String CONTENT="Seeger" HEIGHT="48" WIDTH="172" VPOS="4004" HPOS="981"/>
<SP HEIGHT="29" WIDTH="28" VPOS="4014" HPOS="1154"/>
<String CONTENT="and" HEIGHT="40" WIDTH="95" VPOS="4004" HPOS="1183"/>
<SP HEIGHT="41" WIDTH="26" VPOS="4003" HPOS="1279"/>
<String CONTENT="Vachel" HEIGHT="41" WIDTH="180" VPOS="4002" HPOS="1306"/>
<SP HEIGHT="40" WIDTH="29" VPOS="4002" HPOS="1487"/>
<String CONTENT="Lindsay]" HEIGHT="49" WIDTH="229" VPOS="4002" HPOS="1517"/>
</TextLine>
<TextLine HEIGHT="112" WIDTH="1996" VPOS="4055" HPOS="422" CS="1">
<String CONTENT="&#169;" HEIGHT="53" WIDTH="53" VPOS="4055" HPOS="422"/>
<SP HEIGHT="53" WIDTH="30" VPOS="4055" HPOS="476"/>
<String CONTENT="1c." HEIGHT="39" WIDTH="65" VPOS="4061" HPOS="507"/>
<SP HEIGHT="39" WIDTH="30" VPOS="4062" HPOS="573"/>
<String CONTENT="Aug." HEIGHT="43" WIDTH="123" VPOS="4062" HPOS="604"/>
<SP HEIGHT="39" WIDTH="32" VPOS="4061" HPOS="728"/>
<String CONTENT="15," HEIGHT="47" WIDTH="68" VPOS="4061" HPOS="761"/>
<SP HEIGHT="48" WIDTH="32" VPOS="4060" HPOS="830"/>
<String CONTENT="1936;" HEIGHT="41" WIDTH="141" VPOS="4060" HPOS="863"/>
<SP HEIGHT="40" WIDTH="34" VPOS="4061" HPOS="1005"/>
<!-- cceid A32E524A-6E3A-1014-83DD-942C093A1DD9 --><String CONTENT="A" HEIGHT="39" WIDTH="40" VPOS="4061" HPOS="1040"/>
<SP HEIGHT="39" WIDTH="31" VPOS="4061" HPOS="1081"/>
<String CONTENT="ad" HEIGHT="39" WIDTH="61" VPOS="4060" HPOS="1113"/>
<SP HEIGHT="39" WIDTH="31" VPOS="4059" HPOS="1175"/>
<String CONTENT="int." HEIGHT="40" WIDTH="86" VPOS="4059" HPOS="1207"/>
<SP HEIGHT="39" WIDTH="31" VPOS="4059" HPOS="1294"/>
<String CONTENT="21749;" HEIGHT="46" WIDTH="172" VPOS="4059" HPOS="1326"/>
<SP HEIGHT="37" WIDTH="33" VPOS="4069" HPOS="1499"/>
<String CONTENT="pubd." HEIGHT="48" WIDTH="144" VPOS="4058" HPOS="1533"/>
<SP HEIGHT="41" WIDTH="32" VPOS="4058" HPOS="1678"/>
<String CONTENT="June" HEIGHT="40" WIDTH="130" VPOS="4058" HPOS="1711"/>
<SP HEIGHT="40" WIDTH="27" VPOS="4057" HPOS="1842"/>
<String CONTENT="22;" HEIGHT="47" WIDTH="83" VPOS="4057" HPOS="1870"/>
<SP HEIGHT="46" WIDTH="35" VPOS="4058" HPOS="1954"/>
<String CONTENT="A." HEIGHT="39" WIDTH="55" VPOS="4058" HPOS="1990"/>
<SP HEIGHT="39" WIDTH="33" VPOS="4058" HPOS="2046"/>
<String CONTENT="Bryant." HEIGHT="46" WIDTH="203" VPOS="4057" HPOS="2080"/>
<SP HEIGHT="42" WIDTH="34" VPOS="4055" HPOS="2284"/>
<String CS="1" CONTENT="London." HEIGHT="103" WIDTH="1926" VPOS="4055" HPOS="492"/>
<SP HEIGHT="50" WIDTH="67" VPOS="4117" HPOS="599"/>
<String CONTENT="(36-18984)" HEIGHT="51" WIDTH="282" VPOS="4116" HPOS="667"/>
</TextLine>
</TextBlock>
</PrintSpace>
</Page>
</Layout>
</alto>