2519 4377
1058 4105 98 50 565

119 486 12 31 [
139 451 245 65 Gifford,
409 451 203 53 James
634 449 205 68 Noble]

183 526 171 69 Easy,
381 525 77 69 by
483 525 158 52 Eliot
669 526 282 52 Brewster
983 525 233 68 [pseud.]
1285 525 139 52 New
1455 523 180 69 York,
1660 523 260 54 Phoenix
1949 542 157 50 press

160 606 149 65 [c1935]

181 689 84 40 252
299 702 43 36 p.
403 690 143 39 19½cm.

115 759 52 52 ©
195 763 101 40 Oct.
324 764 38 45 1,
393 761 137 47 1935;
560 762 67 41 2c.
655 762 118 42 Nov.
800 761 82 48 26;
912 761 81 42 aff.
1022 762 117 41 Nov.
1167 762 82 46 15;
1280 762 40 38 A
1348 762 170 47 88378;
1547 760 215 41 Phoenix
1791 771 150 40 press.

193 819 249 47 (36-8454)

115 921 225 67 Gilkey,
369 922 183 53 Helen
581 922 323 64 Margaret,
936 927 168 50 1886-

184 997 327 53 Handbook
563 997 64 53 of
679 997 314 53 northwest
1046 996 295 69 flowering
1393 997 213 68 plants,
1658 997 74 69 by
1785 996 189 54 Helen
2025 996 79 54 M.

111 1073 1972 149 Gilkey, assisted by Garland M. Powell. Portland, Or., Metropolitan press [ c 1936]
187 1225 959 53 vi, 407 p. illus., 3 pl. on 2 l. 20½cm.
114 1297 52 52 ©
207 1302 119 38 Mar.
364 1300 68 48 28,
470 1298 138 43 1936;
649 1299 68 40 2c.
758 1300 121 39 Mar.
916 1298 83 48 31;
1040 1298 82 41 aff.
1161 1300 113 47 May
1313 1300 81 45 15;
1436 1300 40 38 A
1514 1300 169 47 93483;
1726 1301 154 39 Helen
1921 1301 187 49 Gilkey,

184 1356 252 45 Corvallis,
480 1356 78 40 Or.
634 1355 280 50 [Copyright
955 1357 41 38 is
1038 1356 201 39 claimed
1283 1367 60 28 on
1384 1367 105 29 new
1532 1359 194 47 matter]

192 1414 249 47 (36-8529)

113 1515 781 66 Gorin, Lewis Jefferson, jr.
182 1591 1927 71 Patriotism prepaid [by] Lewis J. Gorin, jr. … illustrated by
112 1669 1974 149 Albert M. Barbiéri … Philadelphia, London, J. B. Lippincott company [c1936]
181 1823 84 41 xiv
289 1833 58 38 p.,
375 1824 29 39 2
464 1854 9 16 l.,
502 1822 84 41 107
614 1832 41 39 p.
718 1822 125 41 illus.
904 1820 57 41 19½
990 1823 45 22 cm
1038 1852 9 8 .

184 1880 146 39 “This
362 1878 256 40 handbook
647 1878 93 41 has
770 1876 216 42 received
1021 1876 82 42 the
1136 1877 170 40 official
1343 1878 435 41 recommendation
1815 1879 50 39 of
1901 1879 81 40 the
114 1880 1975 97 National
291 1936 184 40 council

503 1936 50 38 of
578 1935 83 40 the
686 1935 236 40 Veterans
949 1933 53 42 of
1024 1934 169 40 future
1220 1943 142 38 wars,
1389 1933 223 49 inc.”—p.
1645 1933 76 50 [iv]

113 2002 53 52 ©
192 2007 112 46 Apr.
333 2005 70 47 21,
431 2004 140 47 1930;
599 2003 67 41 2c.
696 2005 96 39 and
821 2004 81 40 aff.
932 2003 113 48 Apr.
1075 2002 81 48 29;
1189 2004 41 38 A
1258 2002 170 48 93884;
1461 2003 51 41 L.
1543 2003 44 42 J.
1618 2002 161 48 Gorin,
1812 2004 77 48 jr.,
187 2004 1904 106 Princeton,
312 2063 55 41 N.
396 2062 43 41 J.
506 2060 250 49 (36-9960)

114 2167 216 62 Grady,
358 2165 253 54 William
641 2164 272 64 Edward,
946 2167 169 53 1876-

184 2243 260 66 Beading
482 2242 93 52 for
614 2239 407 70 appreciation,
1097 2241 90 53 bk.
1231 2244 46 65 1,
1315 2246 108 63 pts.
1467 2245 116 64 1-2,
1621 2241 90 55 bk.
1751 2244 49 65 2,
1840 2246 107 64 pts.
1992 2245 114 51 1-2.

118 2319 1993 70 [By] William E. Grady … and Paul Klapper … illustrations
111 2401 74 65 by
217 2399 247 52 Thomas
497 2400 274 65 Fogarty.
840 2399 139 52 New
1014 2397 179 67 York,
1229 2397 250 67 Chicago
1535 2403 120 61 [etc.]
1696 2398 61 54 C.
1796 2396 314 55 Scribner’s

109 2495 130 34 sons
272 2510 12 33 [
290 2483 16 20 c
313 2480 151 62 1935]

178 2551 27 37 4
234 2561 42 28 v.
335 2549 127 39 illus.
492 2547 132 48 (incl.
654 2547 216 48 facsim.)
910 2548 170 47 plates.
1139 2545 57 41 20
1196 2549 47 26 cm
1247 2579 10 9 .

184 2606 201 39 Include
410 2603 391 49 bibliographies.

113 2672 53 53 ©
198 2677 110 39 Dec.
341 2676 69 49 27,
444 2675 139 46 1935;
615 2674 68 41 2c.
717 2675 117 39 each
868 2675 113 46 Apr.
1014 2675 39 46 3,
1088 2674 140 45 1936;
1267 2674 107 40 affs.
1411 2675 119 38 Mar.
1565 2675 82 45 27;
1684 2676 40 37 A
1758 2674 348 50 92713-92716;

183 2733 200 40 Charles
434 2730 263 42 Scribner’s
746 2741 125 30 sons.
952 2730 281 50 [Copyright
1277 2731 42 40 is
1367 2731 205 40 claimed
1620 2742 60 28 on
1729 2731 225 47 revision,
2004 2742 106 30 new

181 2789 226 40 material
436 2790 95 38 and
560 2789 343 47 illustrations]
974 2786 249 48 (36-9994)

114 2893 196 65 Greig,
338 2890 247 67 Maysie,
616 2896 169 51 1902-

182 2967 31 52 I
252 2969 109 51 lost
399 2985 96 51 my
535 2968 164 52 heart
760 2967 93 69 [by]
899 2966 221 70 Maysie
1160 2965 193 71 Greig.
1430 2965 233 55 Garden
1705 2965 153 71 City,
1899 2967 70 56 N.
2016 2966 91 68 Y.,

112 3045 353 68 Doubleday,
492 3045 199 52 Doran
717 3047 46 50 &
790 3062 296 51 company,
1114 3044 125 67 inc.,
1270 3046 149 51 1936.

182 3117 523 50 6 p. l. , 298 p. 20 cm .
186 3175 161 40 “First
377 3174 224 42 edition.”

114 3230 53 52 ©
197 3236 112 45 Apr.
340 3235 68 46 17,
438 3232 113 42 1936;
610 3233 68 41 2c.
708 3234 114 47 Apr.
848 3234 55 39 23;
964 3233 82 41 aff.
1079 3235 113 47 May
1221 3233 53 40 21;
1336 3235 41 38 A
1408 3235 142 41 93747;
1611 3236 298 48 Doubleday,
1941 3237 168 40 Doran

185 3291 35 39 &
246 3302 80 36 co.,
353 3291 88 39 inc.
507 3289 250 49 (36-8937)

112 3391 239 64 Halsey,
378 3392 220 54 Robert
626 3393 240 64 Hurtin,
897 3397 170 52 1873-

115 3466 1965 133 … How the President, Thomas Jefferson, and Doctor Benjamin Waterhouse
113 3547 1991 147 established vaccination as a public health procedure, by Robert H. Halsey … New York, The author, 1936.
183 3695 1923 52 3 p. l. , 58 p. 2 port. (incl. front.) fold, facsim. 24 cm . (History of
116 3754 231 41 medicine
381 3754 162 49 series,
578 3754 162 41 issued
777 3757 153 39 under
965 3757 81 39 the
1082 3756 222 46 auspices
1338 3756 51 39 of
1423 3757 82 39 the
1542 3755 204 47 Library
1785 3756 52 40 of
1871 3757 83 40 the
1991 3755 114 41 New

116 3809 127 41 York
268 3814 229 45 academy
523 3812 52 38 of
600 3813 247 39 medicine,
908 3824 74 29 no.
1010 3812 51 49 5)

189 3870 288 41 “Presented
517 3872 164 39 before
724 3873 80 39 the
849 3871 190 41 Section
1081 3872 50 39 of
1171 3871 253 40 historical
1467 3873 94 38 and
1604 3872 211 40 cultural
1859 3870 248 49 medicine,

114 3927 119 39 New
258 3928 130 38 York
417 3929 228 46 academy
676 3928 52 39 of
756 3928 248 46 medicine,
1036 3929 167 39 March
1234 3930 68 45 14,
1332 3926 157 42 1934.”

117 3979 53 52 ©
198 3983 108 40 Feb.
334 3984 68 47 20,
431 3984 113 40 1936;
601 3984 67 40 2c.
698 3985 110 39 Feb.
837 3984 56 39 24;
948 3984 80 40 aff.
1059 3984 111 40 Feb.
1200 3984 53 39 21;
1313 3985 41 38 A
1381 3983 142 42 91882;
1586 3985 55 40 R.
1672 3985 59 40 H.
1762 3985 197 46 Halsey,
1990 3985 117 38 New

187 4040 143 39 York.
401 4040 248 48 (36-9953)
