2519 4377
1070 4109 100 56 799

98 490 215 61 Rohde,
349 488 289 52 Eleanour
674 485 264 55 Sinclair.

101 555 1963 154 The scented garden, by Eleanour Sinclair Rohde … Boston, Hale, Cushman & Flint, inc. [c1936 ]
172 711 1076 52 7 p. l., 311, [1] p. front., plates. 22½ cm .
174 771 212 40 “Fourth
417 768 227 50 printing.
676 769 167 40 March
872 767 156 41 1936.”

175 828 171 39 “Plant
376 824 164 42 lists”:
573 836 41 37 p.
664 824 231 50 [259]-304.

101 880 52 53 ©
181 885 114 46 May
322 882 38 44 2,
389 882 139 46 1936;
559 882 67 40 2c.
656 882 96 39 and
781 881 82 40 aff.
890 882 126 39 June
1045 881 80 45 17;
1157 880 41 39 A
1226 878 169 47 96018;
1429 879 137 45 Hale,
1597 877 246 41 Cushman
1875 877 36 39 &
1942 876 147 48 Flint,

169 940 89 41 inc.
322 938 278 49 (36-13172)

174 1041 119 52 The
322 1044 155 63 story
508 1039 63 54 of
601 1039 95 53 the
726 1038 232 70 garden,
989 1038 74 68 by
1095 1038 285 51 Eleanour
1414 1034 246 57 Sinclair
1690 1035 228 67 Rohde;
1953 1034 137 53 with

106 1113 1964 150 a chapter on American gardens by Mrs. Francis King … Boston, Hale, Cushman & Flint [ c 1936]
176 1269 82 41 xii,
288 1269 98 47 325,
418 1269 54 49 [1]
503 1280 41 36 p.
600 1268 162 47 front.,
792 1267 141 48 illus.,
963 1269 170 46 plates.
1191 1267 55 39 22½
1279 1269 44 21 cm
1328 1299 9 8 .

178 1325 178 40 “Third
384 1324 228 49 printing,
642 1325 170 39 March
836 1323 156 42 1936.”

177 1381 373 48 Bibliography:
585 1393 40 36 p.
658 1381 98 41 269.
789 1380 216 41 273-304.

105 1435 1990 53 © May 2, 1936; 2c. and aff. June 17; A 96019; Hale, Cushman & Flint,
178 1495 90 41 inc.
330 1495 277 49 (36-13173)

167 1597 1930 70 … Ruling case law. Supplement for use during 1936 only.
175 1676 1925 146 Volumes 1-28 … [and] Complete R. C. L. index. Cumulative supplement for volumes 1-2, for use during 1936 only
337 1833 114 55 San
511 1832 321 65 Francisco,
893 1829 192 69 Calif.,
1147 1831 583 69 Bancroft-Whitney
1790 1850 306 50 company;

178 1911 322 66 Rochester,
528 1912 67 51 N.
626 1912 90 64 Y.,
745 1910 117 52 The
892 1911 266 66 Lawyers
1186 1909 379 68 co-operative
1594 1908 333 70 publishing
179 1929 1898 126 company,
373 1991 148 50 1936.

179 2061 58 41 30
264 2073 41 26 v.
362 2060 56 40 24
421 2063 43 21 cm
470 2092 8 9 .

185 2118 156 40 These
367 2117 271 48 pamphlets
671 2127 85 30 are
785 2117 49 39 to
863 2116 60 40 be
949 2115 137 41 fitted
1118 2115 101 41 into
1253 2116 83 40 the
1364 2117 197 47 pockets
1591 2118 53 38 at
1674 2117 82 42 the
1786 2117 122 39 back
1940 2117 51 40 of
2023 2118 80 40 the

111 2175 213 39 volumes
352 2173 51 41 of
431 2175 83 38 the
539 2176 72 38 set
641 2176 48 37 to
718 2173 157 40 which
904 2173 113 47 they
1042 2173 182 47 belong.

112 2227 53 53 ©
198 2231 125 40 June
356 2229 69 48 22,
459 2229 113 41 1936;
633 2229 68 41 2c.
737 2230 116 40 each
889 2229 125 40 June
1046 2228 82 47 27;
1166 2228 82 41 aff.
1284 2229 126 41 June
1443 2228 83 48 24;
1563 2229 41 40 A
1639 2228 169 49 96198;
182 2229 1923 105 Bancroft-Whitney
435 2297 66 31 co.
529 2288 95 38 and
651 2287 231 46 Lawyers
907 2285 321 48 co-operative
1254 2286 108 47 pub.
1388 2296 65 30 co.

112 2375 497 66 Sackville-West,
634 2378 153 51 Eon.
814 2375 271 63 Edward,
1113 2380 169 50 1901-

182 2454 54 53 A
255 2454 164 53 flame
442 2454 58 51 in
523 2453 285 68 sunlight;
833 2454 93 51 the
949 2451 105 53 life
1075 2452 111 52 and
1210 2452 156 54 work
1388 2451 62 55 of
1472 2453 247 53 Thomas
1739 2454 68 52 de
1831 2453 274 67 Quincey,

115 2529 1987 70 by Edward Sackville West … with 4 plates in photogravure.
116 2609 254 65 London,
401 2610 249 51 Toronto
706 2613 119 61 [etc.]
862 2608 213 55 Cassell
1106 2610 111 51 and
1248 2626 295 50 company,
1574 2608 221 55 limited
1831 2614 172 64 [1936]

188 2682 103 49 xiii,
318 2681 86 42 352
433 2693 42 37 p.
535 2680 164 48 front.,
730 2692 75 37 pl.,
837 2682 160 47 ports.,
1026 2679 188 41 facsim.
1276 2681 144 42 22½cm.

189 2739 161 41 “First
376 2739 254 48 published
660 2737 157 42 1936.”

189 2796 376 48 Bibliography:
600 2806 42 37 p.
680 2795 215 40 342-343.

118 2849 1991 56 © 1c. June 11, 1936; A ad int. 21526; pubd. Apr. 16; E. Sackville-West,
191 2911 285 47 Sevenoaks,
506 2911 143 45 Kent,
680 2909 234 49 England.
982 2908 279 50 (36-13051)

118 3000 191 62 Shaw,
337 3000 225 63 George
587 2998 285 62 Bernard,
903 3004 168 49 1856-

191 3078 117 51 The
343 3077 301 66 simpleton
680 3075 61 53 of
776 3076 94 51 the
903 3075 348 67 unexpected
1287 3075 146 65 isles,
1470 3076 119 51 The
1624 3076 85 53 six
1744 3078 62 53 of
1843 3078 195 55 Calais
2069 3084 45 49 &

121 3156 118 51 The
293 3154 414 52 millionairess.
799 3153 181 53 Three
1035 3152 162 68 plays
1251 3153 75 66 by
1381 3153 260 54 Bernard
1697 3155 186 55 Shaw.
1975 3159 137 52 New

123 3233 177 64 York,
326 3232 188 59 Dodd,
540 3231 169 52 Mead
737 3234 44 50 &
805 3248 294 49 company,
1128 3233 148 50 1936.

192 3303 578 49 4 p. l., 3-210 p. 20cm.
123 3358 53 53 ©
201 3363 112 45 May
336 3361 39 47 6,
401 3360 139 46 1936;
566 3360 68 39 2c.
663 3361 113 45 May
801 3359 52 45 8;
881 3357 80 41 aff.
988 3359 113 46 May
1125 3357 52 47 9;
1203 3358 40 39 A
1268 3358 170 48 95397;
1466 3360 221 41 Bernard
1716 3361 157 50 Shaw,
1902 3364 212 42 London.

204 3416 277 47 (36-27275)

124 3506 172 66 Siple,
323 3506 161 64 Paul,
515 3509 169 51 1908-

198 3584 171 55 Scout
395 3591 57 46 to
479 3582 288 67 explorer;
797 3580 141 52 back
962 3579 139 53 with
1129 3581 161 67 Byrd
1318 3581 58 53 in
1403 3583 95 52 the
1524 3584 314 66 Antarctic,
1865 3588 74 66 by
1967 3590 146 52 Paul

131 3659 1984 74 Siple … drawings by Raymond Butler, and with twenty-six
128 3737 379 55 illustrations
543 3737 153 51 from
732 3736 407 66 photographs.
1215 3738 137 51 New
1392 3737 178 68 York,
1610 3740 67 54 G.
1719 3743 62 51 P.
1822 3744 295 54 Putnam’s

129 3835 143 47 sons,
301 3818 147 50 1936.

199 3888 95 47 xiv,
324 3886 83 42 239
437 3898 41 36 p.
535 3886 164 45 front.,
726 3885 142 46 illus.,
898 3884 170 48 plates,
1098 3886 147 46 ports.
1304 3885 145 42 20½cm.

202 3946 139 46 Maps
368 3954 59 28 on
459 3942 358 46 lining-papers.

132 3998 52 51 ©
214 4002 110 46 Apr.
356 4000 68 44 30,
456 3998 138 44 1936;
628 3997 68 41 2c.
726 3996 95 40 and
851 3994 82 42 aff.
966 3996 113 47 May
1109 3996 53 45 4;
1196 3996 40 39 A
1268 3996 169 45 93964;
1473 3999 49 42 P.
1558 4000 141 50 Siple,
1734 4003 125 48 Erie,
1894 4006 81 41 Pa.

211 4054 277 50 (36-27259)
