2519 4377
1304 4169 103 53 274

355 492 266 66 Linfield,
648 495 176 64 Mary
848 495 263 56 Barrow.

422 570 132 68 Day
589 569 65 54 of
691 570 222 69 victory
971 571 94 69 [by]
1109 573 170 69 Mary
1319 575 238 53 Barrow
1596 573 265 54 Linfield.
1937 573 233 56 Garden
2214 574 152 69 City,

354 649 68 53 N.
454 648 91 68 Y.,
573 648 359 70 Doubleday,
961 650 199 54 Doran
1190 653 112 52 and
1333 671 299 50 company,
1662 654 127 64 inc.,
1820 655 150 50 1936.

420 735 555 51 4 p. l., 239 p. 20½ cm .
421 806 162 41 “First
617 806 228 41 edition.”

354 872 53 53 ©
442 878 123 39 Mar.
599 877 72 43 20.
706 876 140 48 1936;
884 878 67 41 2c.
987 880 94 39 and
1119 879 80 40 aff.
1238 881 123 40 Mar.
1395 880 83 43 23;
1518 882 41 38 A
1592 880 145 40 93385
1755 891 9 33 ;
1805 881 62 40 M.
1902 881 54 40 B.
1994 879 219 48 Linfield,
2251 881 116 40 New

427 934 219 42 Orleans.
724 935 251 49 (36-7480)

353 1039 410 65 Livingstone,
790 1041 190 53 David
1008 1041 264 65 Stanley.

354 1118 2012 149 Full and by [b y] David Stanley Livingstone; with an introduction by William McFee. New York, Dodge publishing
352 1277 510 65 company [ c 1936]
493 1376 9 17 xx,
533 1345 85 41 233
648 1355 47 38 p.
754 1345 129 42 illus.
944 1345 53 40 21
1001 1348 45 22 cm
1051 1379 9 8 .

426 1416 164 42 “First
620 1416 230 41 edition.”

353 1489 52 53 ©
435 1493 112 41 Feb.
574 1492 71 49 28,
677 1492 141 47 1936;
849 1492 68 41 2c.
945 1493 122 40 Mar.
1096 1492 84 47 27;
1213 1492 83 41 aff.
1328 1494 121 39 Mar.
1479 1492 82 48 26;
1596 1493 41 39 A
1665 1491 144 42 93395
1827 1503 9 33 ;
1871 1494 57 39 D.
1963 1494 44 40 S.
2038 1492 330 50 Livingstone,

422 1551 117 39 New
571 1550 147 41 York.
791 1549 252 49 (36-7581)

351 1655 283 64 Lovejoy,
662 1655 228 54 Luther
919 1654 338 65 Ellsworth,
1288 1660 328 52 1864-1936.

423 1733 121 54 The
581 1732 213 53 church
831 1752 80 34 we
946 1733 154 64 love;
1139 1752 30 34 a
1205 1731 148 54 book
1386 1731 64 53 of
1485 1733 436 67 remembrance,
1958 1752 32 33 a
2026 1733 340 68 companion

353 1813 94 51 for
479 1813 95 52 the
605 1811 159 69 quiet
792 1811 165 67 hour,
989 1830 31 34 a
1051 1813 233 51 manual
1317 1810 63 53 of
1410 1811 344 53 instruction
1789 1811 95 53 for
1916 1828 170 51 every
2118 1812 248 53 member

355 1891 164 52 —old
560 1890 114 53 and
713 1907 195 52 young
953 1889 110 69 [by]
1108 1889 221 53 Luther
1367 1890 69 53 E.
1477 1889 273 69 Lovejoy.
1826 1889 141 53 New
2010 1889 181 69 York,

353 1890 1988 148 Cincinnati [etc.] The Abingdon press [ c 1935]
420 2043 60 43 39
505 2055 44 38 p.
611 2043 117 41 17cm.

424 2115 130 41 “The
597 2124 143 32 name
784 2114 52 42 of
877 2126 80 37 my
1000 2114 211 41 church”
1256 2115 94 38 and
1397 2114 110 48 “My
1551 2117 239 39 covenant
1833 2116 119 39 with
1998 2115 102 40 God
2145 2117 95 39 and
2284 2127 79 38 my

351 2173 210 41 church”
591 2185 61 29 on
678 2184 44 38 p.
767 2172 42 51 [2]
840 2174 95 39 and
981 2172 42 51 [3]
1053 2172 53 41 of
1132 2184 154 29 cover.

353 2243 53 53 ©
443 2247 111 40 Dec.
594 2246 71 49 31,
703 2244 142 45 1935;
885 2245 66 41 2c.
992 2246 96 40 and
1127 2244 82 42 aff.
1250 2245 109 41 Jan.
1398 2245 39 42 2.
1479 2243 140 44 1936;
1662 2245 40 39 A
1742 2243 170 49 88964;
1952 2245 52 42 L.
2045 2245 51 40 E,
2138 2245 228 50 Lovejoy,

421 2305 225 48 Chicago.
721 2303 252 49 (36-7430)

352 2409 325 63 McKenna,
704 2407 246 65 Evelyn.

424 2486 159 53 First
618 2486 60 53 in
712 2503 96 49 my
844 2485 183 66 heart,
1062 2485 75 66 by
1173 2484 222 66 Evelyn
1432 2484 331 65 McKenna;
1803 2503 31 33 a
1871 2501 279 37 romance.
2225 2483 139 54 New

358 2565 175 65 York,
560 2564 261 53 Phoenix
850 2582 157 47 press
1080 2565 153 63 [c1936]

420 2648 86 40 252
535 2658 42 38 p.
641 2646 148 42 19½cm.

353 2719 52 53 ©
444 2724 121 38 Mar.
604 2722 39 43 2.
686 2720 140 43 1936;
867 2720 67 41 2c.
974 2720 112 40 Feb.
1126 2719 56 41 27
1200 2730 9 32 ;
1252 2719 83 40 aff.
1376 2720 121 39 Mar.
1537 2718 82 47 25;
1663 2719 40 38 A
1741 2719 173 48 92475;
1957 2718 219 41 Phoenix
2216 2728 150 40 press.

433 2779 252 50 (36-7590)

351 2884 209 65 Miller,
589 2885 139 53 Mrs.
758 2881 327 55 Madeleine
1118 2880 309 66 (Sweeny)

424 2961 338 69 Footprints
802 2960 61 53 in
901 2955 318 69 Palestine;
1261 2958 187 54 where
1485 2958 96 52 the
1620 2958 144 53 East
1800 2958 218 69 begins,
2055 2958 75 68 by
353 2958 1986 136 Madeleine
533 3040 239 68 Sweeny

805 3038 197 54 Miller
1046 3036 167 71 (Mrs.
1248 3037 57 54 J.
1340 3037 156 53 Lane
1530 3036 223 68 Miller)
1799 3037 456 53 commendation
2289 3037 75 69 by

356 3121 277 52 Viscount
669 3117 269 70 Allenby,
1013 3161 10 9 F.
1119 3160 10 10 M.
1148 3135 12 48 ;
1201 3118 77 51 all
1318 3115 395 69 photographs
1751 3116 76 68 by
1864 3116 56 54 J.
1958 3116 158 53 Lane
2153 3115 210 55 Miller.

354 3200 137 52 New
524 3198 165 53 York
742 3202 122 62 [etc.]
903 3195 268 70 Fleming
1204 3196 75 53 H.
1314 3195 199 53 Revell
1547 3213 281 50 company
1866 3228 12 34 [
1883 3201 18 22 c
1906 3198 155 64 1936]

422 3272 100 49 223,
557 3273 54 51 [1]
642 3282 45 38 p.
744 3270 165 51 front.,
939 3272 173 49 plates.
1169 3269 56 40 22
1229 3272 45 21 cm
1278 3302 9 8 .

423 3346 290 41 Illustrated
750 3344 366 49 lining-papers.

352 3413 53 54 ©
437 3418 110 39 Feb.
580 3417 70 47 21,
682 3416 119 40 1936
815 3427 9 36 ;
859 3416 67 40 2c.
960 3417 95 38 and
1088 3412 82 44 aff.
1206 3415 109 40 Feb.
1349 3414 82 41 26;
1467 3414 40 39 A
1539 3412 172 43 92189;
1749 3413 223 48 Fleming
1999 3415 61 38 H.
2095 3413 167 41 Revell
2295 3422 68 33 co.

436 3474 254 49 (36-7416)

351 3581 230 62 Mirick,
612 3580 235 54 Gordon
875 3578 348 54 Richmond.

425 3656 163 55 Solid
619 3661 293 65 geometry
945 3657 108 52 and
1087 3655 73 54 its
1191 3673 140 35 uses.
1407 3654 132 53 Enl.
1573 3655 108 51 and
1719 3671 111 34 rev.
1901 3655 90 66 By
2022 3654 237 55 Gordon
2291 3655 69 52 R.

352 3735 215 53 Mirick
598 3780 55 10 ...
687 3736 259 66 Marquis
974 3736 55 53 J.
1059 3734 215 53 Newell
1308 3779 53 8 ...
1395 3732 221 68 George
1643 3733 71 51 A.
1742 3733 235 66 Harper
2009 3777 55 8 ...
2097 3732 139 52 with
2266 3733 94 51 the

352 3813 365 68 cooperation
744 3813 64 55 of
830 3813 222 69 George
1075 3812 237 56 Walker
1336 3811 241 53 Mullins
1607 3855 55 9 ...
1744 3811 315 57 Evanston,
2084 3812 113 61 Ill.,
2222 3811 138 52 New

354 3891 1506 69 York [etc.] Row, Peterson and company [ c 1935]
426 3975 1498 52 XV p., 1 l., 181 p., 1 l., xxi-xxv p. illus., diagrs. 21 cm .
352 4047 53 53 ©
435 4052 112 40 Dec.
575 4051 71 46 21,
675 4049 141 48 1935;
848 4050 67 41 2c.
947 4052 119 38 Mar.
1098 4050 39 47 6,
1168 4049 140 47 1936;
1340 4049 80 40 aff.
1455 4049 120 39 Mar.
1606 4048 52 41 5;
1692 4049 38 37 A
1760 4046 172 43 93058;
1967 4047 133 42 Row,
2131 4047 231 39 Peterson

424 4108 35 40 &
492 4118 67 30 co.
632 4107 253 51 (36-7404)
