2519 4377
1344 4097 136 50 1314

407 414 401 65 Bannerman,
833 417 139 52 Mrs.
1001 414 207 56 Helen.

480 504 212 57 Sambo
716 506 113 53 and
853 505 96 53 the
974 506 198 67 twins;
1201 527 31 34 a
1257 524 124 35 new
1404 506 313 55 adventure
1743 505 64 55 of
1830 506 152 53 little
2005 506 167 53 black
2198 507 227 67 Sambo,

412 583 2015 70 by Helen Bannerman … New York, Frederick A. Stokes
408 681 301 50 company,
740 667 151 51 1936.

480 735 905 51 2 p. l., 90, [1] p. col. illus. 16 cm .
407 804 53 53 ©
496 809 129 47 Sept.
660 808 68 42 24.
765 808 141 42 1936;
943 808 67 40 2c.
1046 808 96 39 and
1177 808 82 39 aff.
1298 810 128 46 Sept.
1460 808 56 41 26;
1581 810 40 38 A
1655 808 172 48 98681;
1865 808 267 41 Frederick
2165 811 54 38 A.
2257 810 172 41 Stokes

478 876 67 29 co.
618 864 284 49 (36-20371)

411 969 293 67 Banning,
733 973 139 51 Mrs.
904 971 309 64 Margaret
1245 969 275 67 (Culkin)
1561 977 172 50 1891-

480 1063 223 54 Letters
730 1068 58 48 to
814 1063 205 68 Susan,
1043 1064 76 68 by
1146 1064 298 69 Margaret
1471 1064 215 56 Culkin
1713 1065 290 68 Banning.
2081 1066 138 52 New
2248 1066 181 65 York,

410 1143 258 58 London,
699 1143 235 67 Harper
963 1147 46 50 &
1036 1143 279 67 brothers,
1347 1146 151 52 1936.

483 1217 62 46 vi,
575 1216 88 41 185
693 1227 42 38 p.
797 1217 57 40 19½
885 1219 44 22 cm
935 1249 9 9 .

484 1273 163 42 “First
681 1273 231 43 edition.”

408 1342 53 53 ©
497 1347 126 47 Sept.
659 1347 68 47 17,
762 1345 141 48 1936;
937 1345 67 41 2c.
1042 1346 128 48 Sept.
1205 1347 82 46 16;
1325 1346 81 40 aff.
1444 1347 127 48 Sept.
1605 1346 83 48 19;
1723 1348 42 38 A
1796 1346 173 43 98472;
2008 1349 62 38 M.
2106 1348 48 41 C.
2190 1347 240 49 Banning

480 1404 204 40 Duluth.
755 1403 282 48 (36-20415)

408 1507 388 66 Behá’u’lláh,
831 1511 326 54 1817-1892.

481 1600 120 54 The
635 1618 169 36 seven
838 1601 217 70 valleys
1091 1603 112 53 and
1241 1602 94 54 the
1372 1600 135 57 four
1544 1602 234 69 valleys,
1814 1602 261 56 revealed
2111 1602 75 69 by
413 1602 1992 132 Bahá’u’lláh
627 1686 60 48 at
728 1682 306 68 Baghdád,
1073 1682 60 52 in
1175 1700 219 37 answer
1433 1688 58 47 to
1531 1683 289 67 questions
1860 1682 174 54 asked
2072 1682 76 69 by
2190 1682 239 69 Shaykh

410 1760 521 68 Abdur-Rahmán,
969 1780 33 34 a
1041 1761 123 56 Sufi
1205 1760 220 70 leader;
1468 1762 319 53 translated
1826 1762 73 68 by
1939 1762 275 53 Ali-Kuli
2253 1762 175 53 Khan

471 1840 1837 66 … New York, N. Y., Bahá’í publishing committee [ c 1936]
537 1915 450 50 1 p. l., 60 p. 16cm.
409 1983 54 53 ©
498 1988 128 39 June
663 1987 70 49 19,
771 1988 141 41 1936;
953 1987 67 41 2c.
1059 1989 117 46 July
1212 1988 84 46 28;
1337 1988 82 41 aff.
1459 1988 117 47 July
1613 1987 83 47 29;
1737 1989 41 39 A
1815 1988 174 46 96669;
2028 1988 117 40 Natl.
2200 1984 229 52 spiritual

481 2045 244 47 assembly
751 2045 52 39 of
826 2045 83 40 the
934 2045 201 40 Baha’is
1161 2045 52 41 of
1237 2046 84 39 the
1345 2046 55 40 U.
1428 2046 44 40 S.
1500 2046 95 39 and
1625 2045 215 47 Canada,
1865 2045 119 40 New
2009 2045 144 39 York.

489 2102 284 48 (36-20412)

408 2205 196 65 Bevis,
633 2207 177 55 Alma
836 2208 186 54 Darst
1050 2209 268 66 Murray,
1350 2213 172 51 1888-

481 2298 164 53 Diets
673 2299 112 52 and
814 2299 170 67 riots;
1016 2317 73 34 an
1116 2298 445 69 interpretation
1590 2298 64 53 of
1680 2299 97 54 the
1805 2298 225 67 history
2060 2297 63 53 of
2152 2296 274 54 Harvard

410 2368 339 76 university,
774 2377 74 59 by
875 2377 71 54 A.
974 2378 79 53 M.
1083 2376 189 54 Bevis.
1350 2378 236 67 Boston,
1612 2377 282 53 Marshall
1925 2377 175 54 Jones
2129 2394 299 50 company,

412 2458 149 51 1936.

480 2526 103 47 xiii,
619 2526 87 41 127
740 2537 43 37 p.
843 2526 165 49 front.,
1045 2528 172 48 plates.
1279 2527 55 41 23½
1367 2528 44 22 cm
1417 2558 8 9 .

482 2584 162 40 “First
679 2583 229 41 edition.”

409 2655 52 53 ©
489 2660 128 47 Sept.
645 2660 40 47 1,
712 2659 141 47 1936;
881 2659 67 40 2c.
975 2659 99 39 and
1100 2659 82 41 aff.
1212 2660 127 47 Sept.
1367 2660 52 46 2;
1450 2660 41 39 A
1516 2658 172 49 98234;
1720 2659 241 41 Marshall
1990 2660 149 39 Jones
2166 2669 66 31 co.

489 2717 283 46 (36-20404)

408 2823 282 65 Blondell,
715 2824 279 65 Richard,
1021 2842 179 49 comp.

480 2915 356 69 Keepsakes;
869 2916 201 54 stories
1100 2916 240 56 selected
1371 2915 75 69 by
1476 2915 257 55 Richard
1764 2916 300 67 Blondell;
2099 2915 327 54 illustrated

409 2993 75 69 by
518 2995 154 53 Vera
708 2995 242 55 Neville.
1022 2996 140 53 New
1198 2995 181 66 York,
1414 2998 64 51 T.
1517 2996 213 53 Nelson
1766 2997 112 52 and
1914 3013 147 48 sons,
2100 2999 150 49 1936.

481 3068 96 48 xiv,
605 3068 57 42 98
688 3079 43 37 p.
760 3069 110 41 incl.
899 3069 144 48 illus.,
1074 3070 172 47 plates.
1308 3070 52 39 21
1366 3072 45 21 cm
1417 3102 8 9 .

408 3136 53 54 ©
509 3141 128 47 Sept.
683 3140 70 48 25,
799 3140 141 48 1936;
988 3142 67 38 2c.
1103 3141 97 39 and
1246 3141 81 40 aff.
1375 3142 128 47 Sept.
1550 3141 55 40 26;
1683 3142 42 38 A
1767 3140 173 47 98643;
1990 3140 212 40 Thomas
2247 3140 181 39 Nelson

479 3198 37 40 &
544 3208 127 30 sons.
742 3198 282 47 (36-20368)

407 3302 153 54 “The
611 3320 134 37 case
797 3303 263 53 for—the
1108 3322 120 34 case
1277 3303 290 68 against”;
1618 3304 96 51 the

477 3300 1947 135 Utterback-Robinson-Patman
756 3382 148 53 bills.
971 3384 76 51 H.
1081 3384 65 51 R.
1180 3385 153 60 8442,
1363 3384 76 51 H.
1470 3380 276 69 majority
1777 3386 192 63 report
2003 3379 287 55 2287—H.
475 3380 1924 147 minority
718 3469 195 59 report
960 3460 165 65 2287;
1178 3461 56 56 S.
1283 3465 152 49 3154.
1523 3459 55 55 S.
1628 3465 197 62 report
1872 3462 150 50 1502.
2105 3459 72 51 In
2225 3458 199 53 favor:

474 3538 1924 304 Honorable Joseph T. Robinson … Honorable Wright Patman … In opposition: Wheeler Sammons … Fully indexed and arranged for ready reference. New York, Institute of distribution, inc. [c1936 ]
473 3847 56 41 99
562 3858 43 38 p.
672 3848 131 42 illus.
868 3849 56 40 23
927 3851 45 21 cm
978 3883 8 7 .

474 3905 163 39 “First
668 3905 228 41 edition.”

404 3970 2016 54 © Apr. 16, 1936; 2c. and aff. May 28; A 94645; Institute of distribution, inc.
