2519 4377
1026 4084 142 52 1305

105 444 199 62 Lutes,
331 444 136 51 Mrs.
497 442 166 53 Della
693 443 395 67 (Thompson)

175 518 119 52 The
342 524 238 61 country
625 518 247 67 kitchen,
917 518 73 67 by
1036 517 167 53 Della
1248 519 64 51 T.
1359 518 188 51 Lutes.
1622 516 235 68 Boston,
1900 516 196 67 Little,

106 594 226 67 Brown,
368 595 112 52 and
512 612 298 51 company,
846 596 148 54 1936.

173 664 676 50 5 p. l., [3]-264 p. 19 ½ cm .
102 720 53 53 ©
186 725 127 47 Sept.
343 725 69 47 11,
443 724 140 47 1936;
614 725 68 39 2c.
713 724 94 39 and
838 724 82 39 aff.
955 724 127 47 Sept.
1115 724 54 39 12
1188 735 8 37 ;
1231 725 40 39 A
1301 723 170 49 97762;
1505 725 57 40 D.
1594 725 52 38 T.
1675 724 163 49 Lutes,
1871 724 210 47 Coopers
173 783 140 46 town,

340 782 56 39 N.
424 782 53 40 Y.
544 780 279 49 (36-27405)

102 884 371 64 McClelland,
503 886 212 63 Nancy
744 884 269 65 Vincent,
1048 886 169 55 1876-

107 960 1991 148 Furnishing the colonial and federal house, by Nancy McClelland … with frontispiece in color and 204 illustrations.
105 1117 423 69 Philadelphia,
554 1118 258 68 London,
839 1119 55 54 J.
924 1120 66 51 B.
1019 1117 340 69 Lippincott
1384 1136 298 52 company,
1712 1122 150 50 1936.

175 1193 84 39 164
286 1203 43 37 p.
386 1192 87 41 col.
499 1192 162 49 front.,
691 1192 127 40 illus.
877 1193 59 39 26½
966 1195 44 21 cm
1015 1225 8 8 .

174 1249 162 38 “First
370 1249 224 41 edition.”

103 1301 53 53 ©
183 1306 119 46 Aug.
332 1305 70 47 25,
432 1305 140 47 1936;
604 1305 67 40 2c.
705 1306 95 39 and
830 1305 81 40 aff.
942 1306 120 47 Aug.
1092 1305 82 48 29;
1206 1306 40 39 A
1275 1305 172 46 98182;
1481 1306 42 40 J.
1556 1307 53 38 B.
1639 1304 278 49 Lippincott
1947 1315 68 31 co.

182 1361 277 48 (36-20215)

104 1464 266 63 Mackail,
399 1465 181 53 Denis
610 1464 245 66 George,
886 1469 169 51 1892-

234 1540 1864 70 … Back again. Garden City, N. Y., Doubleday, Doran &
102 1638 296 50 company,
425 1619 126 69 inc.,
584 1624 151 51 1936.

175 1692 530 49 5 p. l. , 294 p. 20 cm .
174 1750 63 38 At
266 1749 124 40 head
421 1749 53 40 of
502 1749 108 41 title
628 1760 10 30 ;
671 1749 150 42 Denis
854 1749 227 43 Mackail.

176 1805 161 41 “First
366 1805 227 42 edition.”

105 1859 53 53 ©
196 1864 126 47 Sept.
360 1865 67 46 11,
467 1863 113 40 1936
598 1875 9 36 ;
647 1862 68 42 2c.
754 1864 96 39 and
888 1864 80 39 aff.
1012 1864 127 47 Sept.
1176 1863 56 41 25
1250 1875 9 36 ;
1302 1865 42 39 A
1382 1863 145 42 97997
1543 1875 9 37 ;
1594 1864 297 49 Doubleday,
1933 1866 167 39 Doran

209 1920 588 49 & co., inc. (36-20245)
103 2009 253 63 Mather,
387 2010 197 52 Frank
615 2010 235 64 Jewett,
884 2015 171 50 1868-

174 2086 280 53 Venetian
481 2086 272 68 painters,
778 2086 76 69 by
881 2086 199 52 Frank
1106 2086 209 54 Jewett
1342 2086 247 68 Mather,
1617 2087 71 68 jr.
1752 2086 139 54 New
1922 2085 180 68 York,

106 2164 76 52 H.
211 2165 145 53 Holt
386 2165 112 52 and
529 2183 280 50 company
841 2198 13 33 [
856 2171 23 22 c
882 2168 151 63 1936]

174 2238 168 48 xxviii,
373 2238 87 42 497
490 2249 43 38 p.
593 2238 163 51 front.,
789 2238 128 42 illus.
979 2239 56 40 22
1038 2242 45 22 cm
1086 2272 10 9 .

176 2296 129 40 “The
336 2296 258 39 substance
624 2295 53 41 of
706 2296 100 40 this
834 2296 125 39 book
985 2305 102 31 was
1117 2295 142 49 given
1289 2306 55 31 as
1375 2296 210 40 lectures
1616 2306 61 30 on
1709 2295 82 41 the
1823 2297 278 47 Messenger

105 2352 303 47 foundation,
441 2352 51 39 in
526 2352 128 50 1932,
691 2354 51 38 at
777 2352 192 42 Cornell
1004 2351 509 49 university.”—Pref.

176 2408 376 48 “Bibliography
587 2408 97 40 and
718 2408 194 41 notes”:
949 2419 44 37 p.
1030 2408 218 41 481-487.

105 2461 52 53 ©
187 2466 127 47 Sept.
343 2465 68 47 10,
441 2464 116 42 1936
572 2477 8 35 ;
613 2465 68 40 2c.
709 2465 96 39 and
835 2465 81 41 aff.
949 2466 126 47 Sept.
1104 2464 82 48 19;
1218 2465 40 39 A
1287 2464 170 48 97936;
1490 2466 168 46 Henry
1685 2465 117 41 Holt
1833 2465 36 40 &
1897 2475 84 37 co.,
2009 2465 92 41 inc.

184 2521 278 50 (36-20211)

126 2612 221 65 [Meyer,
375 2611 273 66 William]

175 2687 121 53 The
324 2686 314 54 cosmetiste
654 2706 12 47 ;
700 2705 30 34 a
759 2687 270 53 textbook
1059 2705 71 34 on
1162 2686 378 69 cosmetology
1572 2686 142 53 with
1742 2684 220 70 special
108 2685 1968 131 reference
325 2767 58 48 to
411 2764 95 52 the
534 2764 383 67 employment
945 2763 63 53 of
1035 2763 313 68 electricity
1377 2763 60 53 in
1463 2764 96 54 the
1586 2781 125 35 care
1739 2763 64 53 of
1828 2764 96 53 the
1952 2762 148 69 hair,

107 2841 173 68 scalp,
313 2841 141 68 face,
488 2841 112 52 and
630 2841 201 68 hands,
865 2841 117 52 also
1016 2847 333 63 permanent
1381 2840 230 69 waving
1646 2841 111 52 and
1789 2840 130 53 hair
110 2840 1966 146 curling.
315 2922 96 48 141
471 2918 394 55 illustrations.
957 2920 98 51 9th
1114 2919 83 52 ed.
1274 2917 269 70 Chicago,
1602 2919 111 65 Ill.,
1771 2919 121 53 The
1948 2918 149 53 Wm.

109 2997 196 66 Meyer
333 3014 78 35 co.
487 2999 149 64 [c1936]

177 3066 1057 49 2 p. l. , [7]-525 p. illus., diagrs. 20 cm .
177 3122 159 39 Blank
366 3133 144 37 pages
539 3123 79 39 for
647 3121 206 41 “Notes”
883 3126 52 38 at
964 3125 91 39 end
1087 3123 52 40 of
1168 3125 83 39 the
1277 3125 239 48 chapters.

181 3179 191 40 Earlier
407 3178 208 41 editions
650 3180 61 47 by
747 3180 216 40 William
999 3180 176 46 Meyer.

108 3233 52 53 ©
193 3238 116 47 Aug.
345 3239 68 46 14,
449 3237 139 47 1936;
622 3238 69 42 2c.
723 3239 121 46 Aug.
879 3238 83 47 21;
999 3238 83 41 aff.
1116 3239 119 46 Aug.
1271 3238 81 48 19;
1390 3240 41 38 A
1464 3238 171 50 97827;
1675 3240 121 40 Wm.
1834 3241 166 44 Meyer
2034 3248 67 30 co.

186 3294 278 48 (36-20394)

109 3382 307 65 Morelock,
445 3384 226 64 George
696 3382 208 64 Leslie,
932 3389 171 50 1880-

178 3457 56 52 A
263 3458 243 53 steward
535 3457 59 53 in
624 3459 99 52 the
748 3457 314 54 Methodist
1091 3458 228 68 church,
1349 3458 75 69 by
1457 3458 223 70 George
1710 3459 65 53 L.
1808 3456 294 54 Morelock

171 3535 1354 70 … Nashville, Tenn.. Cokesbury press [ c 1936]
182 3606 84 41 122
293 3618 42 37 p.
395 3608 56 40 19½
483 3611 44 20 cm
532 3589 17 58 .'

110 3661 52 52 ©
191 3666 125 38 June
347 3667 39 45 5,
416 3665 138 47 1936;
586 3667 68 39 2c.
685 3667 115 46 July
827 3667 83 47 27;
943 3667 82 41 aff.
1054 3668 121 46 Aug.
1206 3668 52 46 5;
1287 3668 41 38 A
1358 3667 170 48 96756;
1561 3667 270 41 Whitmore
1861 3667 36 40 &
1930 3666 172 47 Smith,

179 3722 263 40 Nashville.
513 3722 278 50 (36-20224)

110 3811 232 63 Morris,
370 3811 223 65 Rhoda,
622 3813 191 62 pseud.

183 3884 1918 71 Sun Bird, by Rhoda Morris … with illustrations by Arthur
115 3962 64 54 R.
213 3963 225 54 Nelson.
514 3965 234 61 Boston,
782 3964 194 68 Little,
1010 3967 227 66 Brown,
1271 3967 112 52 and
1417 3984 295 49 company,
1748 3970 148 49 1936.
