2519 4377
1381 4106 132 50 1428

417 421 244 64 Carroll,
686 421 243 55 Patrick
956 422 241 65 Joseph,
1227 424 170 54 1876-

489 513 265 66 Vagrant
786 530 204 49 essays,
1021 513 74 66 by
1125 511 238 55 Patrick
1392 513 55 55 J.
1484 512 244 67 Carroll,
1796 556 10 10 C.
1870 558 9 9 S.
1949 557 10 10 C.
2028 516 178 52 Notre
2235 517 199 64 Dame,

418 591 148 56 Ind.,
592 591 121 53 The
741 590 124 53 Ave
892 591 190 53 Maria
1108 608 158 49 press
1298 593 192 65 [c1936]

488 660 86 40 222
604 671 42 37 p.
709 660 117 40 17cm.

418 717 53 53 ©
496 722 100 39 Oct.
625 721 41 47 1,
691 721 112 40 1936;
859 720 67 41 2c.
951 720 95 39 and
1072 720 82 41 aff.
1179 721 104 40 Oct.
1309 722 52 39 5:
1389 721 40 39 A
1452 720 145 42 99135;
1653 722 104 39 Ave
1780 721 161 40 Maria
1964 732 152 37 press.

500 778 283 47 (36-22207)

418 883 259 63 Carsow,
704 882 232 56 Michel.

604 958 1835 71 … Quelques aspects du commerce impérial de la France,
423 1037 1875 71 préface par: Edgard Allix … Paris, P. Geuthner [1935]
490 1113 26 38 2
582 1144 8 8 v.
652 1123 152 39 maps,
839 1113 181 49 diagrs.
1081 1112 117 42 24cm.

420 1167 2021 54 © Oct. 25, 1935; 1c. each Mar. 21, 1936; A-Foreign 30829; Librairie
491 1228 311 40 orientaliste
827 1229 120 38 Paul
977 1228 265 47 Geuthner,
1269 1239 35 30 s.
1333 1238 42 30 a.
1439 1228 284 48 (36-22976)

422 1332 328 65 Chalmers,
778 1333 224 53 Robert
1029 1333 187 62 Scott,
1248 1338 327 50 1882-1935.

496 1407 1854 71 How the church began … by the Rev. Robert S. Chalmers …
427 1489 137 52 New
598 1488 182 57 York,
813 1487 362 66 Milwaukee,
1209 1487 340 55 Morehouse
1581 1487 339 69 publishing
1953 1505 100 49 co.,
2088 1491 152 50 1936.

501 1562 58 48 vi,
589 1563 86 39 244
706 1573 43 39 p.
807 1562 145 40 19½cm.
1022 1562 125 47 (The
1175 1563 218 49 pastoral
1424 1561 387 42 series—course
1840 1563 53 47 4)

501 1621 189 39 “Books
724 1621 365 40 recommended
1122 1620 78 41 for
1233 1619 275 41 reference”
1528 1631 9 29 :
1574 1631 42 37 p.
1648 1620 70 40 19.

425 1673 52 54 ©
503 1678 119 41 Aug.
648 1678 71 42 22,
746 1678 114 40 1936;
915 1679 67 38 2c.
1012 1679 128 45 Sept.
1168 1679 26 38 4
1213 1688 8 28 :
1252 1677 82 41 aff.
1366 1679 126 46 Sept.
1521 1677 25 39 2;
1603 1678 39 39 A
1668 1677 145 41 98238;
1870 1677 290 40 Morehouse
2185 1676 111 49 pub.
2324 1688 66 29 co.

506 1734 1848 49 (36-22374)9090

426 1840 398 64 Coatsworth,
853 1839 311 54 Elizabeth
1191 1839 168 64 Jane,
1390 1846 173 50 1893-

501 1917 205 55 Sword
750 1916 64 53 of
855 1916 98 53 the
993 1916 348 68 wilderness,
1384 1916 75 69 by
1502 1915 303 55 Elizabeth
1852 1915 392 69 Coatsworth;
430 1915 1992 134 illustrated
648 1996 76 66 by
755 1996 200 52 Harvé
990 1993 177 57 Stein.
1239 1995 139 53 New
1410 1994 181 67 York,
1625 1994 122 53 The
1779 1994 338 54 Macmillan
2149 2013 299 50 company,

431 2078 150 50 1936.

503 2148 69 40 xii
602 2160 42 37 p.,
691 2149 22 39 1
764 2181 8 8 l.,
817 2148 88 41 160
932 2159 42 38 p.
1002 2148 111 41 incl.
1139 2149 167 48 front.,
1336 2148 129 40 illus.
1520 2147 117 42 21cm.

507 2207 286 39 Illustrated
827 2204 364 49 lining-papers.

429 2260 53 53 ©
506 2264 103 41 Oct.
634 2265 70 41 13.
729 2264 115 40 1936;
897 2265 68 39 2c.
990 2263 96 39 and
1110 2263 81 41 aff.
1219 2263 100 40 Oct.
1347 2264 54 38 14;
1456 2264 40 38 A
1522 2262 144 42 99357;
1722 2262 284 41 Macmillan
2033 2275 66 28 co.

509 2321 284 48 (36-22190)

430 2427 299 62 Coblentz,
761 2427 138 52 Mrs.
934 2426 322 55 Catherine
1288 2426 208 65 (Cate)

499 2502 239 53 Animal
779 2503 277 68 pioneers,
1093 2503 75 68 by
1209 2502 310 55 Catherine
1562 2504 61 55 C.
1667 2502 301 68 Coblentz;
2015 2503 139 53 with
429 2504 1991 132 illustrations
618 2582 77 68 by
733 2583 158 55 Kurt
926 2581 204 56 Wiese.
1208 2584 235 65 Boston,
1483 2582 197 66 Little,
1720 2583 231 66 Brown,
1995 2583 112 52 and
2149 2601 297 49 company,

434 2667 151 50 1936.

506 2733 1456 51 xii p., 2 l., 3-241 p. incl. front., illus., plates. 21cm.
506 2795 207 41 “Where
738 2794 137 41 these
905 2794 176 40 stories
1110 2804 127 29 were
1264 2791 183 42 found”
1466 2803 10 30 :
1505 2803 43 38 p.
1575 2791 219 42 237-241.

431 2849 53 55 ©
513 2854 102 40 Oct.
644 2853 69 48 13,
742 2852 141 46 1936;
915 2852 67 40 2c.
1011 2851 96 40 and
1136 2851 82 42 aff.
1248 2850 102 41 Oct.
1380 2851 81 46 14;
1492 2851 39 38 A
1559 2849 172 47 99344;
1764 2849 47 41 C.
1843 2849 48 41 C.
1922 2849 245 46 Coblentz,
506 2847 1928 105 Washington.
664 2910 282 49 (36-22343)

435 3015 340 66 Colegrove,
802 3016 280 53 Kenneth
1108 3013 273 65 Wallace,
1410 3018 171 51 1886-

507 3087 1947 73 Militarism in Japan, by Kenneth W. Colegrove … Boston,
437 3174 134 52 New
603 3172 182 67 York,
814 3172 205 53 World
1052 3189 167 50 peace
1253 3167 365 68 foundation,
1652 3171 151 51 1936.

505 3241 1603 56 3 p . l., [5]-77, [1] p. 20½cm. (World affairs books, no. 16)
509 3304 414 49 Bibliographical
958 3304 274 39 references
1263 3302 49 40 in
1345 3301 206 40 “Notes”
1594 3302 66 48 (p.
1706 3301 187 49 [71]-77)
1933 3300 95 38 and
2060 3299 47 38 in
2140 3297 311 48 “Appendix”

443 3365 68 42 (p.
548 3363 112 51 [78])

437 3418 52 53 ©
517 3422 127 47 Sept.
674 3421 68 46 10,
768 3419 141 47 1936;
935 3419 68 40 2c.
1032 3419 129 47 Sept.
1187 3417 83 47 28;
1300 3416 81 41 aff.
1412 3417 128 45 Sept.
1569 3414 82 47 29;
1681 3415 40 39 A
1747 3413 172 46 99151;
1948 3412 169 40 World
2144 3421 146 39 peace
508 3411 1924 107 foundation.
751 3476 283 48 (36-22346)

438 3583 259 65 Comins,
723 3584 202 63 Harry
950 3583 178 62 Leon,
1160 3587 168 50 1901-

512 3661 120 52 The
668 3659 217 55 Jewish
925 3657 287 70 prophets,
1245 3657 75 68 by
1354 3656 201 67 Harry
1587 3655 64 51 L.
1689 3653 251 67 Comins,
2061 3694 9 9 PH.
2144 3695 9 8 D.
442 3649 1987 148 Cincinnati,
618 3739 161 67 Dept.
828 3737 64 53 of
928 3754 328 52 synagogue
1293 3737 47 50 &
1372 3733 191 55 school
1600 3731 292 55 extension
1927 3730 64 53 of
2027 3730 95 53 the
2159 3730 196 54 Union
2390 3727 64 53 of

440 3816 308 53 American
780 3815 248 54 Hebrew
1059 3811 454 73 congregations,
1548 3814 151 51 1936.

517 3890 83 48 xii,
634 3890 87 41 287
755 3901 43 37 p.
857 3890 53 38 21cm.
1040 3886 337 52 [Commission
1410 3898 60 29 on
1502 3884 185 42 Jewish
1720 3882 261 43 education
2012 3880 53 40 of
2096 3881 82 40 the
2211 3878 158 42 Union
2405 3879 52 42 of

445 3947 258 40 American
729 3946 209 40 Hebrew
966 3944 371 50 congregations
1360 3944 94 40 and
1482 3943 82 40 the
1588 3941 200 41 Central
1811 3939 286 42 conference
2123 3937 51 41 of
2199 3937 255 39 American

443 4003 178 42 rabbis.
684 4003 159 41 Union
874 4003 140 43 adult
1042 4002 166 48 series,
1238 4002 72 40 ed.
1339 4001 61 47 by
1430 4001 52 38 E.
1513 3999 258 46 Gamoran]
