2519 4377
1058 4094 98 54 571

100 455 119 52 The
254 452 249 65 original
537 453 289 66 Picayune
862 452 196 55 Creole
1094 452 138 52 cook
1267 451 171 67 book;
1478 451 291 67 reprinted
1807 451 154 52 from
1995 450 95 53 the

170 529 134 54 fifth
331 529 216 54 edition
561 548 12 49 ;
603 528 332 68 containing
960 528 214 67 recipes
1197 528 170 67 using
1392 527 172 54 wines
1591 527 112 53 and
1731 527 215 68 liquors

169 545 1921 129 customary before prohibition … New Orleans, La., The Times-
169 685 288 66 Picayune
479 681 336 70 publishing
840 701 98 49 co.,
965 690 18 23 c
988 686 148 50 1936.

170 759 63 46 xi,
261 757 87 40 438
376 767 41 38 p.
478 756 84 41 col.
592 756 163 49 front,
786 756 126 41 illus.
972 755 57 40 24
1030 757 44 22 cm
1077 787 9 9 .

170 826 205 49 “Eighth
404 824 224 42 edition.”

170 883 230 40 Previous
426 882 206 40 editions
659 881 124 41 have
809 880 134 42 title:
972 881 100 39 The
1100 880 242 49 Picayune
1372 880 165 41 Creole
1564 880 117 40 cook
1709 879 135 41 book.

101 948 52 54 ©
179 953 113 48 Apr.
323 953 38 47 1,
391 951 113 42 1936
522 962 8 37 ;
562 952 67 40 2c.
660 952 113 48 Apr.
803 951 51 47 2;
884 950 81 42 aff.
996 952 112 47 Apr.
1139 950 82 43 22;
1254 951 40 38 A
1324 950 169 46 95031;
1527 949 424 48 Times-Picayune
1986 948 106 47 pub.

171 1021 65 29 co.
294 1009 277 50 [Copyright
596 1010 41 39 is
662 1008 203 40 claimed
892 1020 60 29 on
976 1009 222 47 changes]
1265 1006 250 49 (36-9974)

103 1111 1409 66 Passfield, Sidney James Webb, b aron , 1859-
172 1188 194 56 Soviet
413 1188 399 54 communism:
862 1209 29 33 a
939 1206 122 35 new
1109 1186 380 54 civilisation?
1577 1188 90 65 By
1715 1186 212 68 Sidney
1982 1187 108 53 and

103 1267 255 53 Beatrice
382 1266 196 55 Webb.
640 1266 138 54 New
808 1265 180 62 York,
1011 1265 62 55 C.
1104 1264 311 56 Scribner’s
1442 1284 146 44 sons,
1615 1267 150 51 1936.

169 1342 26 38 2
259 1373 8 9 v.
325 1340 172 41 double
523 1341 149 39 front,
702 1340 160 49 (map)
899 1340 179 49 diagrs.
1134 1340 56 40 23
1193 1341 43 23 cm
1242 1372 9 9 .

170 1409 160 48 Paged
359 1408 354 49 continuously.

171 1465 370 41 CONTENTS.—I.
580 1465 103 40 The
721 1463 449 42 constitution.—n.
1211 1463 158 42 Social
1407 1465 169 40 trends
1607 1464 52 41 in
1696 1465 155 41 soviet
103 1475 1975 88 communism.

103 1586 52 53 ©
185 1591 120 40 Mar.
334 1590 39 48 6,
404 1590 139 47 1936;
574 1590 67 41 2c.
672 1591 117 40 each
822 1591 120 40 Mar.
973 1590 80 47 16;
1087 1590 81 43 aff.
1201 1592 120 40 Mar.
1349 1590 83 48 26;
1464 1591 41 40 A
1534 1590 170 48 92630;
1740 1591 178 49 Sidney
1948 1592 148 41 Webb

172 1649 95 38 and
296 1649 224 39 Beatrice
545 1648 162 46 Webb,
738 1647 229 48 Liphook,
999 1649 174 48 Hants,
1206 1649 235 46 England.
1512 1648 279 50 (36-27150)

100 1752 242 64 Peacey,
371 1753 198 56 Seton.

171 1829 120 52 The
334 1828 260 68 Cargoes.
736 1863 29 33 [v.]
839 1874 9 9 I.
889 1831 120 51 The
1051 1828 381 54 achievement
1472 1830 62 52 of
1575 1830 260 55 William
1877 1830 218 68 Cargoe

107 1906 108 67 [by]
257 1906 173 54 Seton
463 1909 233 65 Peacey.
770 1908 257 65 London,
1060 1908 259 67 Grayson
1353 1912 44 49 &
1431 1908 280 67 Grayson,
1746 1911 149 50 1935.

173 1994 99 45 318,
304 1992 54 49 [2]
390 2004 40 36 p.
489 1994 182 46 geneal.
701 1994 96 40 tab.
854 1993 59 39 20½
942 1995 43 20 cm
991 2025 8 8 .

105 2058 1993 53 © 1c. Jan. 9, 1936; A ad int. 21008; pubd. Nov. 12, 1935; John Baron
177 2119 143 40 Seton
361 2119 196 48 Peacey,
599 2119 333 48 Cheltenham,
972 2119 428 49 Gloucestershire,
1443 2121 236 47 England.

184 2176 248 47 (36-1851)

103 2278 451 64 Pennsylvania.
631 2282 222 51 Courts.

174 2353 172 52 Rules
381 2353 63 51 of
478 2354 96 52 the
607 2360 189 47 courts
831 2353 64 53 of
932 2353 153 69 Oyer
1121 2355 111 53 and
1269 2355 273 53 terminer
1578 2356 112 52 and
1727 2357 226 67 general
1993 2355 105 69 jail

105 2430 252 69 delivery
399 2432 110 52 and
555 2431 249 63 Quarter
847 2430 236 55 sessions
1127 2432 63 53 of
1232 2433 93 53 the
1371 2451 164 50 peace
1582 2433 63 53 of
1688 2433 407 68 Philadelphia

105 2509 1968 148 county, with historical notes and annotations to reported decisions. Philadelphia, The Legal intelligencer [ c 1936]
174 2662 50 38 xi
250 2672 56 37 p.,
334 2661 55 41 88
415 2660 159 40 numb.
633 2692 9 17 l.,
671 2660 175 41 89-100
870 2671 44 38 p.
972 2660 57 39 24
1032 2663 44 21 cm
1079 2694 9 8 .

177 2730 272 41 Loose-leaf
464 2742 9 36 ;
501 2734 94 37 two
617 2731 53 40 of
693 2733 81 38 the
798 2732 161 40 leaves
980 2733 193 46 printed
1200 2742 59 30 on
1283 2731 115 41 both
1425 2732 141 40 sides.

178 2786 71 41 On
278 2799 164 30 cover:
473 2786 210 48 Quarter
713 2789 210 40 sessions
951 2789 143 41 rules.

178 2845 142 40 “Acts
345 2846 51 39 of
420 2845 252 47 Assembly
696 2845 155 41 cited”
869 2856 9 30 :
903 2856 43 37 p.
972 2846 65 40 ix.
1093 2845 176 40 “Table
1296 2845 52 40 of
1369 2855 136 30 cases
1531 2843 155 42 cited”
1704 2855 10 29 :
1743 2855 43 37 p.
1812 2844 64 41 xi.

109 2914 52 52 ©
187 2920 112 47 Apr.
326 2919 69 47 30,
425 2918 139 42 1936:
594 2918 66 41 2c.
690 2920 95 38 and
812 2918 82 41 aff.
923 2920 113 46 May
1063 2919 81 41 11;
1175 2919 40 38 A
1241 2917 171 47 95078;
1440 2918 146 48 Legal
1616 2918 347 48 intelligencer.

189 2975 249 49 (36-9961)

114 3078 258 64 [Pepper,
402 3078 225 63 George
653 3077 308 66 Wharton]

179 3155 116 52 The
345 3154 289 67 quarterly
684 3154 183 67 digest
917 3154 62 51 of
1028 3154 422 67 Pennsylvania
1499 3154 289 53 decisions.
1875 3156 226 64 Pepper

112 3232 108 51 and
266 3231 198 52 Lewis’
511 3233 187 65 digest
740 3232 62 51 of
849 3230 277 54 decisions
1169 3236 224 63 system,
1440 3232 332 67 containing
1816 3231 94 51 the
1957 3235 144 47 most

111 3315 183 46 recent
334 3309 273 53 decisions
645 3309 63 52 of
747 3309 76 51 all
862 3310 92 51 the
995 3315 188 46 courts
1221 3309 63 52 of
1323 3309 200 67 justice
1561 3310 61 51 in
1660 3308 442 68 Pennsylvania,

110 3386 281 66 reported,
450 3386 297 67 including
806 3387 93 51 the
964 3386 273 68 Supreme
1296 3391 204 56 courts,
1563 3386 273 68 Superior
1897 3389 205 63 courts,

113 3463 203 53 Courts
350 3465 61 50 of
442 3482 254 33 common
728 3464 173 66 pleas,
930 3465 95 51 the
1059 3463 225 55 district
1316 3470 238 61 reports,
1586 3469 207 62 county
1827 3470 161 46 court
113 3482 1964 126 reports,
319 3542 222 52 district
575 3542 112 53 and
721 3547 167 48 county

962 3548 237 61 reports,
1232 3542 94 52 the
1360 3541 259 54 Atlantic
1652 3547 273 62 reporter,
1957 3542 145 52 local

113 3626 155 45 court
313 3625 236 60 reports,
591 3620 112 51 and
745 3619 217 53 federal
1006 3625 220 61 reports
1280 3620 239 66 (Penna.
1564 3637 165 45 cases,
1773 3620 331 67 construing

114 3702 139 46 state
290 3697 190 64 laws),
514 3697 234 66 making
781 3698 94 52 the
910 3703 145 46 most
1090 3697 273 67 Complete
1401 3698 184 66 digest
1620 3697 61 52 of
1718 3701 185 48 recent
1936 3715 165 36 cases,

116 3773 106 52 vol.
279 3777 47 49 4.
380 3773 439 53 Abandonment
873 3778 56 47 to
985 3774 220 67 Zoning
1260 3775 151 52 laws.
1505 3774 424 68 Philadelphia,
1986 3778 119 65 Pa.,

118 3849 244 53 Cabrera
390 3850 330 67 publishing
747 3870 294 48 company,
1069 3858 17 20 c
1093 3855 147 50 1935.

185 3921 798 49 2 p. l. . 2369 numb. cols. 27cm.
118 3987 52 52 ©
192 3992 113 46 May
326 3991 39 43 9.
390 3992 112 39 1936
520 4005 8 32 ;
555 3992 66 41 2c.
646 3994 96 38 and
766 3992 81 40 aff.
872 3994 112 46 May
1007 3993 54 38 11
1080 4003 9 36 ;
1115 3994 41 37 A
1178 3991 143 42 95285
1339 4003 9 35 ;
1375 3992 210 41 Cabrera
1612 3994 108 47 pub.
1746 4002 66 32 co.
