2519 4377
1119 4152 134 51 1438

253 514 26 39 4
343 545 8 8 v.
414 515 55 39 24½
503 517 43 21 cm
553 548 8 6 .

254 572 158 39 These
439 572 279 47 pamphlets
749 582 85 29 are
866 572 49 39 to
946 571 58 40 be
1034 571 140 41 fitted
1207 572 102 40 into
1343 572 82 40 the
1456 573 201 47 pockets
1690 574 51 41 at
1773 573 84 39 the
1888 573 125 40 back
2046 573 51 39 of
2130 575 81 38 the

183 629 217 40 volumes
431 629 52 39 of
512 629 82 40 the
625 631 74 37 set
729 631 50 37 to
812 629 160 39 which
1002 629 116 47 they
1149 629 170 48 belong
1316 639 6 6 -
1326 661 7 7 .

184 682 52 53 ©
267 688 101 40 Oct.
399 688 70 43 31,
501 686 141 43 1936;
676 686 67 40 2c.
777 687 95 39 and
904 687 82 41 aff.
1018 688 118 38 Nov.
1169 688 54 46 2;
1257 688 39 38 A
1328 686 201 43 100189:
1564 688 241 39 Matthew
1834 688 194 40 Bender
2060 689 36 40 &
2127 699 82 35 co.,

255 745 89 40 inc.

183 835 274 66 Skinner,
488 837 245 64 Eugene
760 834 278 68 William,
1068 842 173 50 1896-

255 912 1889 72 The science of dental materials, by Eugene W. Skinner …
188 993 411 69 Philadelphia
637 996 116 53 and
787 995 261 67 London,
1083 996 89 53 W.
1210 997 67 51 B.
1319 994 292 55 Saunders
1647 1013 299 49 company,
1993 1002 144 47 1936.

257 1068 1009 49 2 p. l. , 9-411 p. illus., diagrs. 24 cm .
259 1125 341 42 “Literature”
636 1127 53 39 at
724 1127 92 39 end
853 1125 53 40 of
939 1127 119 40 each
1094 1126 202 48 chapter
1330 1128 171 47 except
1535 1126 229 49 chapters
1798 1127 138 39 three
1972 1127 95 40 and
2103 1127 106 42 five.

184 1181 53 53 ©
270 1186 127 47 Sept.
430 1186 68 46 11,
531 1185 142 46 1936;
708 1184 66 41 2c.
812 1185 128 47 Sept.
973 1186 82 45 15;
1091 1185 82 40 aff.
1210 1185 127 47 Sept.
1371 1186 81 45 17;
1488 1185 41 39 A
1558 1184 147 41 98427
1723 1195 8 38 ;
1766 1186 72 39 W.
1872 1186 54 39 B.
1963 1185 248 40 Saunders

254 1253 68 30 co.
395 1242 283 49 (36-22328)

182 1332 217 64 Smith,
426 1333 223 65 Joseph
677 1332 254 65 Russell,
962 1333 173 56 1874-

185 1409 2000 148 Foreign lands and peoples, by J. Russell Smith … Philadelphia, Chicago [etc.] The John C. Winston company [ c 1936]
256 1562 99 45 viii,
379 1561 87 42 384
492 1572 42 37 p.
597 1562 87 40 col.
711 1562 164 47 front.,
902 1562 129 40 illus.
1062 1561 133 49 (incl.
1225 1561 161 48 maps)
1423 1563 180 47 diagrs.
1659 1560 56 41 25
1719 1563 44 21 cm
1769 1593 8 9 .

257 1621 190 39 "Books
473 1622 109 38 that
606 1619 170 41 enrich
800 1621 82 40 the
909 1621 147 46 study
1083 1620 52 40 of
1160 1619 335 48 geography”:
1521 1629 44 38 p.
1592 1619 99 42 372.

182 1664 2026 65 © Aug. 28, 1936; 2c. and aff. Sept. 24; A 98630: John C. Winston co.
255 1737 283 51 [Copyright
562 1737 43 38 is
629 1736 206 40 claimed
864 1746 61 31 on
950 1735 241 41 revisions
1219 1736 96 39 and
1342 1736 263 49 additions]

263 1796 283 47 (36-22317)

254 1886 183 56 Other
481 1887 184 54 world
708 1886 337 69 neighbors;
1090 1887 96 53 the
1232 1885 224 56 British
1499 1885 234 70 empire,
1776 1887 228 66 Africa,
2048 1884 160 64 Asia,

184 1964 1960 69 Latin America, the polar regions, by J. Russell Smith …
183 2043 431 69 Philadelphia,
658 2044 254 68 Chicago
959 2079 12 33 [
978 2049 120 62 etc.]
1145 2045 123 51 The
1307 2044 157 55 John
1508 2044 64 55 C.
1614 2044 268 54 Winston
1925 2061 282 50 company

203 2128 176 63 [ c 1936]
256 2196 79 44 vii,
368 2196 70 50 [1],
466 2194 86 41 333
579 2204 43 38 p.
684 2195 164 48 front.,
880 2195 127 41 illus.
1038 2194 133 49 (incl.
1203 2194 161 48 maps)
1403 2194 180 49 diagrs.
1644 2192 56 41 25
1704 2195 44 22 cm
1753 2225 9 9 .

254 2252 190 42 “Books
469 2253 111 41 that
607 2251 169 43 enrich
803 2253 82 42 the
909 2254 149 46 study
1084 2252 53 41 of
1160 2251 305 50 geography”
1485 2263 9 30 :
1521 2263 44 38 p.
1592 2250 101 43 324.

252 2310 73 41 On
353 2321 141 30 cover
512 2321 8 29 :
554 2310 362 47 Pennsylvania
946 2310 200 42 edition.

181 2366 53 54 ©
270 2371 127 47 Sept.
432 2371 68 46 15,
536 2369 141 47 1936;
712 2369 67 40 2c.
815 2370 94 39 and
946 2370 82 40 aff.
1065 2370 127 47 Sept.
1227 2370 83 39 24:
1349 2371 40 38 A
1422 2369 172 48 98626;
1632 2369 129 41 John
1796 2370 49 40 C.
1881 2368 226 42 Winston
2139 2379 68 30 co.

255 2428 283 49 [Copyright
571 2427 43 39 is
647 2427 208 39 claimed
890 2438 60 29 on
985 2426 238 41 revisions
1259 2427 95 39 and
1389 2426 264 51 additions]

261 2486 283 47 (36-22323)

251 2576 124 56 Our
422 2577 310 68 European
781 2574 334 70 neighbors;
1164 2575 340 54 homelands
1551 2576 113 53 and
1713 2576 267 68 outlying
2029 2593 177 49 areas,

180 2653 2024 70 by J. Russell Smith … Philadelphia, Chicago [etc.] The
179 2735 154 53 John
365 2734 61 55 C.
456 2735 269 53 Winston
756 2751 282 51 company
1072 2768 12 32 [
1090 2739 17 21 c
1113 2736 134 50 1936]

253 2806 99 48 viii,
376 2805 86 41 246
488 2816 41 37 p.
585 2807 88 38 col.
698 2805 164 48 front.,
888 2806 129 40 illus.
1049 2805 132 49 (incl.
1207 2806 163 47 maps)
1407 2805 181 48 diagrs.
1642 2803 57 41 25
1703 2806 44 21 cm
1751 2835 9 9 .

251 2863 190 42 “Books
469 2864 110 41 that
604 2862 169 42 enrich
798 2864 81 41 the
904 2864 147 48 study
1077 2863 52 40 of
1155 2861 306 50 geography”
1480 2872 10 31 :
1520 2872 42 39 p.
1588 2861 99 42 238.

253 2919 70 42 On
353 2932 141 28 cover
513 2932 8 28 :
555 2921 362 48 Pennsylvania
951 2921 199 41 edition.

181 2976 52 53 ©
269 2983 127 45 Sept.
432 2982 67 42 15,
533 2980 142 41 1936:
711 2980 66 39 2c.
814 2980 93 39 and
942 2980 83 40 aff.
1063 2981 128 46 Sept.
1226 2980 82 46 24;
1344 2980 41 39 A
1418 2979 172 48 98627;
1628 2980 128 40 John
1791 2980 49 41 C.
1876 2978 226 42 Winston
2136 2991 67 29 co.

252 3037 283 51 [Copyright
570 3039 42 38 is
644 3038 205 39 claimed
886 3048 59 28 on
982 3037 239 39 revisions
1255 3037 95 41 and
1388 3037 264 50 additions]

260 3108 281 48 (36-22316)

177 3185 242 65 Spence,
446 3187 139 52 Mrs.
612 3185 177 54 Alma
820 3185 324 66 (Woldert)

254 3263 188 54 Silver
471 3264 167 52 doors
674 3298 8 31 [
693 3264 71 66 by
772 3297 10 33 ]
820 3264 173 52 Alma
1023 3263 265 55 Woldert
1320 3263 245 68 Spence;
1599 3262 292 69 drawings
1920 3263 75 68 by
2026 3262 174 54 Doris

183 3339 318 56 Williford.
579 3341 220 56 Dallas,
843 3343 154 53 Tex..
1042 3342 122 53 The
1207 3341 439 68 Kaleidograph
1689 3359 158 50 press
1894 3375 13 34 [
1912 3348 17 21 c
1936 3345 135 49 1936
2081 3374 7 34 ]

251 3412 98 47 111,
386 3411 54 50 [1]
475 3422 42 37 p.
552 3411 108 41 incl.
695 3411 143 49 illus.,
873 3413 171 48 plates.
1106 3412 56 41 23½
1194 3413 45 23 cm
1245 3444 8 9 .

251 3469 149 40 Prose
429 3469 94 39 and
557 3471 184 44 poetry.

181 3524 52 54 ©
300 3538 91 31 June
419 3529 69 47 25,
518 3527 142 43 1936:
693 3528 67 40 2c.
791 3528 103 42 Oct.
925 3529 53 47 8;
1011 3528 80 41 aff.
1126 3528 101 41 Oct.
1259 3530 51 40 7:
1348 3529 38 40 A
1417 3528 171 49 98823;
1622 3529 53 40 A.
1709 3530 70 40 W.
1815 3530 194 47 Spence.
2042 3529 158 47 Tyler,

250 3587 114 40 Tex.
437 3586 283 48 (36-22205)

179 3660 234 56 Tactics
450 3663 112 52 and
600 3662 298 68 technique
936 3663 63 51 of
1036 3663 281 68 infantry.
1385 3664 107 52 [vol.
1533 3668 118 62 3-4]
1695 3664 332 52 Advanced.
2102 3664 94 50 6th

251 3743 83 51 ed.
410 3744 51 50 A
501 3747 119 47 text
658 3743 112 51 and
811 3743 284 51 reference
1131 3742 146 52 book
1314 3742 62 53 of
1416 3741 264 69 infantry
1715 3742 273 67 training.
251 3743 1922 129 (Includes

471 3820 75 52 all
576 3820 275 52 technical
883 3821 245 67 changes
1154 3829 56 43 to
1237 3822 169 59 June,
1437 3821 159 67 1936)
1671 3821 380 67 Harrisburg,
2079 3823 118 64 Pa.,

251 3898 1331 69 The Military service publishing co. [ c 1936]
246 3971 1216 48 2 v. in l. illus. (incl. maps) diagrs. 24½ cm .
179 4024 53 53 ©
258 4029 119 44 Aug.
405 4029 69 43 29,
502 4028 140 42 1936:
672 4028 66 41 2c.
769 4029 93 39 and
891 4029 82 40 aff.
1000 4030 117 39 Nov.
1146 4030 53 41 2;
1227 4031 38 38 A
1295 4029 172 40 100209
1486 4041 8 30 ;
1528 4028 219 47 Military
1778 4028 183 39 service
1992 4029 107 37 nub.
2129 4038 66 29 co.
