2519 4377
1354 4147 102 51 916

468 508 41 39 A
546 508 287 48 completely
871 510 189 40 revised
1095 510 97 40 and
1227 509 229 49 enlarged
1495 509 185 43 edition
1717 510 53 42 of
1805 510 261 50 L’Afrique
2108 511 302 49 équatoriale

396 563 264 51 française,
689 565 109 42 first
822 565 258 49 published
1113 566 50 40 in
1193 566 128 41 1918.

399 631 1599 109 © Mar. 25. 1936; 1c. May 14; A-Foreign 31827; Larose. (36-15582)
400 795 248 65 Burton,
676 793 190 66 Miles,
897 801 173 50 1903-

473 912 57 12 ...
565 870 166 53 Dark
758 871 48 53 is
836 871 97 53 the
963 872 199 53 tunnel
1198 914 57 11 ...
1327 871 234 56 Garden
1594 871 153 72 City,
1779 873 70 53 N.
1882 873 94 69 Y.,
2007 872 145 55 Pub.
2187 873 96 55 for
2313 874 96 53 the

401 947 191 57 Crime
623 948 148 66 club,
802 949 127 65 inc.,
958 949 75 65 by
1064 950 358 64 Doubleday,
1453 951 200 53 Doran
1688 952 112 54 and
1831 970 99 44 co.,
1963 950 128 64 inc.,
2124 955 151 52 1936.

471 1023 528 50 4p. l., 280 p. 20cm.
472 1081 165 42 “First
666 1081 229 42 edition.”

401 1151 53 52 ©
481 1155 127 39 June
633 1154 71 48 26,
734 1153 141 47 1936;
904 1155 67 39 2c.
1001 1155 96 39 and
1125 1155 82 41 aff.
1237 1155 116 48 July
1381 1157 53 47 8;
1464 1156 41 40 A
1535 1155 172 48 96439;
1738 1156 301 49 Doubleday,
2070 1157 166 40 Doran
2265 1157 38 41 &
2329 1165 83 40 co.,

472 1210 91 42 inc.
629 1211 283 49 (36-15263)

401 1316 309 63 Cameron,
735 1315 207 55 James
964 1317 170 63 Ross,
1164 1322 172 50 1886-

471 1389 200 56 Sound
701 1389 345 71 equipment,
1079 1392 216 54 motion
1328 1392 222 69 picture
1582 1392 338 70 projection,
1951 1392 199 70 public
2179 1393 231 54 address

399 1474 255 65 systems,
688 1470 76 69 by
800 1471 195 54 James
1030 1471 68 52 R.
1138 1470 280 55 Cameron
1463 1514 56 10 ...
1597 1471 366 68 Woodmont,
2005 1471 199 70 Conn.,
399 1470 1988 131 Cameron

565 1548 339 70 publishing
936 1567 301 53 company,
1271 1552 150 52 1936.

470 1622 924 52 326, [23] p. illus., diagrs. 19 ½cm .
472 1680 226 42 Includes
729 1681 306 49 advertising
1061 1683 194 43 matter.

473 1738 393 41 “International
891 1739 370 41 endorsement”
1291 1740 96 39 and
1418 1737 305 50 advertising
1749 1740 184 40 matter
1960 1750 61 30 on
2048 1737 363 50 lining-papers.

472 1795 147 42 “This
652 1807 108 29 new
791 1796 125 40 book
948 1796 292 41 constitutes
1272 1797 84 40 the
1390 1795 135 42 sixth
1556 1795 186 42 edition
1776 1795 54 42 of
1863 1795 188 42 Motion
2082 1796 189 49 picture
400 1804 1994 96 projection,

633 1855 84 39 the
754 1855 173 39 second
967 1853 183 41 edition
1191 1854 51 40 of
1279 1853 171 41 Public
1488 1853 203 41 address
1732 1856 208 45 systems
1980 1854 97 41 and
2115 1854 84 43 the
2238 1854 172 41 second

398 1910 185 41 edition
612 1911 53 41 of
695 1910 262 49 Questions
987 1913 98 39 and
1116 1921 217 31 answers
1363 1922 61 29 on
1456 1911 155 41 sound
1641 1910 424 49 projection.”—p.
2145 1932 11 30 [1]

402 1980 53 54 ©
493 1986 115 45 May
647 1985 41 48 1,
728 1984 142 47 1936;
912 1985 69 40 2c.
1021 1986 115 45 May
1173 1984 54 47 2;
1271 1981 83 44 aff.
1395 1984 129 41 June
1559 1984 84 47 15;
1684 1984 42 39 A
1764 1983 172 49 95963;
1980 1984 44 41 J.
2065 1985 56 40 R.
2162 1984 250 49 Cameron,

473 2041 303 50 Woodmont,
806 2042 147 40 Conn.
1017 2040 282 51 [Copyright
1326 2040 42 41 is
1395 2039 207 42 claimed
1629 2051 61 30 on
1716 2050 108 30 new
1850 2042 181 39 matter
2060 2040 96 40 and
2182 2039 229 50 revision]

483 2098 282 49 (36-15353)

402 2202 287 65 Chaucer,
716 2202 296 66 Geoffrey,
1037 2203 53 55 d.
1118 2205 151 52 1400.

476 2322 56 10 ...
579 2279 125 54 The
745 2280 304 68 Prologue.
1130 2280 140 53 New
1311 2279 85 53 ed.
1476 2279 177 53 From
1696 2279 98 53 the
1834 2283 124 49 text
2000 2277 66 56 of
2109 2278 304 55 Chaucer’s

401 2356 364 71 Canterbury
794 2358 141 54 tales
964 2358 76 69 by
1072 2358 66 53 F.
1172 2358 70 54 N.
1276 2356 324 68 Robinson;
1635 2356 191 55 edited
1858 2357 76 69 by
1966 2357 142 53 Max
2139 2357 56 55 J.
399 2357 1987 149 Herzberg
576 2479 57 10 ...

707 2438 236 67 Boston,
976 2437 140 53 New
1152 2436 165 53 York
1374 2440 120 63 [etc.]
1532 2435 322 69 Houghton
1889 2435 206 53 Mifflin
2131 2452 280 53 company

423 2519 177 64 [ c 1936]
471 2585 1847 54 lii, 43, xxi p. 17½cm. (The Riverside literature series. [ no . 135])
472 2647 69 40 “A
567 2647 203 48 reading
796 2645 112 42 list”;
966 2656 42 38 p.
1038 2644 291 43 xlvi-xlviii.

403 2710 53 53 ©
496 2714 126 40 June
661 2713 39 47 6,
739 2712 142 48 1936;
922 2712 67 39 2c.
1030 2711 96 40 and
1166 2711 83 41 aff.
1290 2710 115 48 July
1445 2711 52 46 6;
1538 2711 41 39 A
1618 2709 171 48 96305;
1830 2709 266 48 Houghton
2136 2708 170 41 Mifflin
2346 2719 66 30 co.

482 2770 283 48 (36-15405)

403 2874 252 66 Chérau,
683 2874 245 65 Gaston,
956 2873 172 58 1872-

479 2996 57 9 ...
574 2952 78 51 Le
687 2951 148 68 petit
866 2950 293 69 Dagrello,
1192 2968 215 35 roman.
1483 2948 185 69 Paris,
1703 2949 69 53 A.
1809 2947 214 54 Michel
2063 2950 172 67 [1936]

478 3023 87 40 378
594 3034 58 37 p.,
683 3023 25 39 1
762 3055 8 8 l.
831 3022 56 40 19
890 3024 43 22 cm
940 3057 8 8 .

404 3085 1810 54 © Mar. 14, 1936; 1c. May 11; A-Foreign 31728; Albin Michel.
485 3145 282 48 (36-15603)

403 3248 195 66 Clark,
622 3249 261 56 Thomas
908 3249 342 65 Dionysius,
1278 3256 172 49 1903-

471 3325 56 53 A
555 3325 236 69 pioneer
816 3327 269 53 southern
1118 3324 254 55 railroad
1402 3325 153 54 from
1585 3325 139 54 New
1758 3324 243 56 Orleans
2028 3329 59 49 to
2117 3323 190 70 Cairo,
2336 3323 36 54 by

400 3403 250 55 Thomas
686 3404 71 53 D.
794 3404 179 55 Clark
1011 3445 66 12 ...
1148 3404 219 68 Chapel
1404 3403 148 69 Hill,
1587 3404 122 53 The
1746 3401 340 70 University
2123 3401 64 53 of
2224 3401 184 54 North

402 3480 273 56 Carolina
712 3501 174 52 press,
923 3485 150 54 1936.

470 3555 1325 51 171 p. front. (map) illus. (incl. facsim.) 21 cm .
472 3614 321 42 “Footnotes”;
854 3624 43 40 p.
933 3614 217 43 139-150.

403 3669 53 53 ©
481 3675 127 38 June
632 3675 39 47 1,
699 3674 140 47 1936;
868 3674 67 41 2c.
962 3675 127 39 June
1114 3674 81 46 15;
1222 3673 84 40 aff.
1333 3674 127 41 June
1485 3673 82 47 22;
1595 3673 40 40 A
1661 3672 171 47 96094;
1866 3671 283 47 University
2176 3670 54 40 of
2254 3669 158 40 North

473 3731 231 40 Carolina
728 3741 151 38 press.
941 3730 281 48 (36-15343)

403 3833 230 63 Clason,
662 3834 179 64 Clyde
866 3835 67 55 B.

478 3951 55 10 ...
585 3909 122 52 The
752 3909 172 53 death
969 3909 185 70 angel,
1199 3909 76 69 by
1319 3907 182 71 Clyde
1547 3909 67 52 B.
1665 3907 226 55 Clason.
1976 3904 232 56 Garden
2257 3903 153 70 City,

402 3985 68 53 N.
506 3987 89 68 Y.,
626 3986 144 54 Pub.
806 3987 97 53 for
934 3988 95 53 the
1062 3985 191 57 Crime
1288 3987 146 67 club,
1467 3986 126 68 inc.,
1627 3985 76 70 by
1736 3983 360 70 Doubleday,
2131 3984 194 52 Doran
2365 3984 43 49 &

400 4082 97 51 co.,
528 4065 128 70 inc.,
689 4068 151 51 1936.
