2519 4377
1269 4111 139 51 1540

319 402 256 64 Dobson,
605 403 242 65 Austin,
880 407 326 51 1840-1921.

391 481 93 52 An
517 481 215 53 Austin
764 482 233 54 Dobson
1029 482 167 53 letter
1228 483 164 66 book,
1425 484 284 67 compiled
1738 485 76 67 by
1845 484 194 53 Alban
2072 486 262 66 Dobson;

320 560 139 51 with
497 578 72 34 an
602 560 396 53 introduction
1035 562 73 66 by
1144 563 64 50 E.
1247 563 70 53 V.
1354 564 200 51 Lucas.
1647 563 330 57 Cleveland,
2013 564 123 53 The
318 566 1994 125 Rowfant
474 638 147 67 club,
648 642 151 51 1935.

391 710 800 51 XX, 80 p., 1 l. incl. pl. 23½ cm .
393 782 1947 46 “Many … of the letters selected for this volume are written either
323 840 57 46 by
410 839 237 41 members
676 839 53 40 of
754 840 82 40 the
862 840 232 39 Rowfant
1123 841 123 48 club,
1276 852 54 29 or
1359 842 147 39 about
1533 841 282 49 them.”—p.
1845 853 80 30 xx.

393 896 1946 51 “One hundred fifteen copies … have been printed for the Rowfant
321 955 110 40 club
460 957 51 39 at
540 954 82 41 the
652 954 241 42 Lakeside
922 964 151 40 press,
1106 954 254 50 Chicago.”

321 1022 53 53 ©
405 1028 119 39 Nov.
555 1026 70 43 27.
659 1026 142 41 1935:
832 1025 67 41 2c.
932 1027 96 39 and
1060 1026 82 41 aff.
1177 1028 112 39 Dec.
1323 1026 56 41 13
1397 1037 8 37 ;
1441 1028 38 38 A
1512 1026 146 41 88044
1675 1038 9 37 ;
1722 1027 233 41 Rowfant
1988 1027 123 41 club.

403 1082 285 50 (36-30367)

320 1189 280 64 Downey,
627 1187 253 55 Fairfax
908 1186 205 67 Davis,
1145 1194 172 51 1893-

393 1266 261 54 Portrait
686 1266 65 54 of
785 1285 74 35 an
889 1285 94 36 era
1017 1286 62 34 as
1111 1267 198 53 drawn
1343 1265 78 70 by
1456 1265 63 57 C.
1554 1267 72 53 D.
1664 1266 247 69 Gibson;
1950 1286 36 35 a
2018 1266 323 70 biography

325 1346 73 67 by
428 1345 249 54 Fairfax
707 1346 276 68 Downey.
1058 1345 141 54 New
1231 1345 182 67 York,
1445 1341 62 59 C.
1542 1344 314 57 Scribner’s
1889 1365 159 48 sons;
2083 1346 259 66 London,

323 1423 948 70 C. Scribner’s sons, ltd. [ c 1936]
392 1498 118 50 xxii,
543 1499 72 50 [2],
643 1498 85 41 391
756 1509 41 39 p.
829 1499 109 41 incl.
967 1499 149 41 front,
1147 1498 174 49 (port.)
1358 1498 127 41 illus.
1514 1497 134 49 (incl.
1677 1498 176 50 ports.)
1919 1499 57 40 25
1979 1500 45 23 cm
2028 1529 9 10 .

393 1569 290 43 Illustrated
714 1569 365 51 lining-papers.

393 1627 379 49 Bibliography:
800 1638 42 38 p.
873 1626 220 43 383-386.

324 1694 52 53 ©
412 1699 102 41 Oct.
550 1697 69 50 14,
655 1697 117 41 1936
790 1709 8 36 ;
834 1698 68 40 2c.
942 1699 100 40 Oct.
1079 1698 55 39 21
1154 1709 8 34 ;
1202 1699 82 41 aff.
1322 1699 103 40 Oct.
1461 1697 57 41 20
1535 1708 8 37 ;
1584 1698 39 40 A
1657 1697 146 41 99495
1821 1709 8 36 ;
1867 1697 211 42 Fairfax
2114 1699 231 47 Downey,

395 1757 117 38 New
541 1756 146 40 York.
760 1754 284 49 (36-25228)

324 1861 305 66 Edwards,
656 1860 220 56 Junius
900 1860 212 67 David,
1143 1867 174 51 1890-

398 1935 1882 73 Aluminum paint and powder, by Junius David Edwards …
325 2013 1994 151 2d ed. rev. and enl. … New York, Reinhold publishing corporation, 1936.
395 2166 100 50 216,
538 2167 55 50 [8]
634 2177 44 38 p.
742 2166 145 50 illus.,
926 2168 181 47 diagrs.
1168 2166 56 42 23½
1256 2168 45 23 cm
1306 2198 9 9 .

396 2238 162 41 Blank
589 2248 149 41 pages
770 2238 80 42 for
883 2238 377 42 “Memoranda”
1302 2238 83 52 ([8]
1419 2241 52 40 at
1504 2239 119 50 end)

397 2296 164 41 “First
598 2297 187 41 edition
822 2307 102 31 was
959 2298 143 40 titled
1122 2307 9 30 :
1171 2296 283 42 Aluminum
1491 2299 177 40 bronze
1703 2298 197 49 powder
1937 2297 97 43 and
2072 2297 270 42 aluminum

329 2352 178 50 paint.”

399 2410 352 42 “References”
786 2413 53 39 at
869 2412 93 40 end
995 2411 53 41 of
1078 2412 120 41 each
1231 2412 217 48 chapter.

329 2481 52 53 ©
410 2486 104 40 Oct.
542 2485 39 45 2,
612 2485 116 41 1936
746 2496 8 37 ;
782 2485 66 40 2c.
879 2485 96 40 and
1005 2485 82 41 aff.
1118 2486 102 40 Oct.
1251 2485 25 40 5
1295 2496 8 31 :
1335 2487 40 38 A
1403 2484 146 41 98826
1567 2496 8 37 ;
1612 2485 241 40 Reinhold
1880 2486 111 48 pub.
2021 2485 325 48 corporation.

408 2542 285 49 (36-25232)

328 2648 188 65 Fales,
543 2651 141 52 Mrs.
711 2647 338 56 Winnifred
1081 2647 239 66 (Shaw)
1356 2649 173 54 1875-

397 2723 1950 71 What’s new in home decorating, by Winnifred Fales … with
329 2802 379 70 twenty-nine
732 2804 201 67 plates.
1009 2804 139 52 New
1176 2803 181 68 York,
1382 2802 192 69 Dodd,
1598 2801 172 55 Mead
1794 2802 46 52 &
1866 2819 300 52 company,
2193 2803 150 52 1936.

397 2878 52 42 ix
477 2890 58 39 p.,
564 2879 26 41 1
654 2912 11 17 l.,
693 2878 87 43 275
809 2888 42 40 p.
913 2879 173 49 plates.
1146 2876 58 43 22½
1234 2879 47 23 cm
1284 2909 9 9 .

332 2946 52 53 ©
412 2951 102 40 Oct.
542 2950 39 49 7,
612 2949 143 48 1936;
784 2949 67 40 2c.
881 2950 103 41 Oct.
1012 2949 53 48 9;
1096 2950 82 40 aff.
1209 2950 103 41 Oct.
1337 2948 85 48 10;
1450 2950 39 39 A
1517 2947 173 49 98859;
1722 2948 154 50 Dodd,
1907 2949 145 40 Mead
2081 2949 35 40 &
2145 2959 82 37 co.,
2256 2948 92 40 inc.

413 3006 284 49 (36-25227)

330 3114 143 63 Fay,
497 3112 186 59 Alice.

399 3189 123 54 The
565 3189 171 54 soul’s
780 3196 179 63 quest,
998 3190 76 69 by
1114 3189 166 54 Alice
1323 3192 125 67 Fay
1502 3189 306 69 (Countess
1852 3189 58 54 di
1958 3188 379 68 Castagnola)

329 3269 140 53 New
502 3269 182 68 York,
714 3269 261 68 London,
1008 3270 70 56 G.
1111 3271 65 53 P.
1210 3269 299 53 Putnam’s
1540 3286 147 50 sons,
1721 3272 151 50 1936.

402 3342 58 43 95
492 3353 45 40 p.
595 3342 152 42 front,
778 3343 173 50 (port.)
1019 3343 57 41 21
1079 3345 45 23 cm
1128 3377 10 9 .

404 3403 40 39 A
475 3412 153 38 poem.

334 3469 54 54 ©
415 3474 102 41 Oct.
543 3473 42 48 9,
613 3472 142 43 1936:
784 3473 67 40 2c.
878 3474 103 40 Oct.
1009 3472 82 47 12;
1122 3473 81 40 aff.
1234 3473 101 40 Oct.
1365 3474 81 45 10;
1478 3473 38 38 A
1544 3471 200 46 100109;
1779 3471 53 40 G.
1861 3471 50 39 P.
1940 3469 254 41 Putnam's
2223 3477 129 32 sons.

415 3530 284 50 (36-25860)

331 3637 193 63 Ferm,
549 3634 304 67 Vergilius
878 3637 155 53 Ture
1060 3635 265 56 Anselm.

405 3706 1946 76 First adventures in philosophy, by Yergilius Ferm … New
337 3789 178 69 York,
546 3789 256 70 Chicago
839 3795 137 63 [etc.]
1016 3790 61 55 C.
1112 3789 315 57 Scribner’s
1459 3807 128 36 sons
1622 3822 13 34 [
1639 3795 19 22 c
1664 3791 153 64 1936]

404 3863 65 47 xi,
500 3864 86 41 548
622 3875 41 37 p.
722 3864 179 49 diagrs.
961 3865 59 40 20½
1050 3867 44 22 cm
1100 3897 9 8 .

408 3920 69 40 “A
504 3921 140 40 select
658 3922 56 39 ed
742 3921 85 40 list
855 3921 53 40 of
936 3920 255 49 readings”
1212 3931 8 29 :
1252 3931 42 38 p.
1326 3919 219 41 521-534.

335 3984 53 53 ©
422 3989 102 41 Oct.
559 3989 39 49 5,
639 3988 139 43 1936:
816 3991 65 38 2c.
919 3990 102 44 Oct.
1058 3989 82 49 22;
1178 3990 83 40 aff.
1298 3989 104 41 Oct.
1437 3989 82 47 20;
1555 3989 41 39 A
1629 3986 173 47 99492;
1842 3986 205 41 Charles
2086 3981 267 45 Scribner's

405 4055 126 33 sons.
604 4047 284 55 (36-25829)
