2519 4377
1293 4113 102 58 798

428 503 178 42 “Table
633 504 53 40 of
714 505 121 40 laws
863 506 96 39 and
985 505 263 42 statutes”:
1274 518 41 37 p.
1343 505 231 44 xix-xxv.

353 555 1990 114 © June 11, 1936; 2c. June 15; aff. June 13; A 94999; T. F. T. Plucknett, London. (36-13289)
348 703 293 67 Prentice,
670 706 235 67 Sartell,
937 709 172 55 1867-

422 784 120 52 The
580 784 258 68 heritage
877 785 63 53 of
977 786 95 52 the
1111 786 322 68 cathedral;
1473 806 32 34 a
1540 788 172 68 study
1749 790 63 52 of
1849 790 96 52 the
1983 789 275 56 influence
2297 791 63 53 of

349 862 222 67 history
613 863 114 52 and
768 863 248 68 thought
1056 882 156 50 upon
1256 865 292 53 cathedral
1592 864 394 72 architecture,
2028 868 75 68 by
2148 867 212 55 Sartell

349 939 280 56 Prentice.
706 941 139 54 New
878 942 180 67 York,
1088 944 88 55 W.
1210 945 251 52 Morrow
1492 945 113 54 and
1637 962 298 53 company,
1970 949 151 53 1936.

421 1014 99 48 xxi,
553 1015 71 49 [1],
652 1014 90 41 328
769 1026 42 38 p.
868 1016 165 48 front.,
1064 1016 128 41 illus.
1223 1016 133 48 (incl.
1384 1018 165 47 plans)
1588 1021 171 45 plates.
1818 1017 56 41 22½
1907 1021 43 21 cm
1956 1050 9 8 .

421 1072 229 40 Includes
678 1071 394 50 bibliographies.

421 1128 263 40 Contents
690 1128 142 50 .—pt.
873 1127 39 42 1.
952 1129 101 41 The
1089 1129 208 49 impacts
1338 1131 53 39 of
1426 1130 190 49 history
1655 1142 59 29 on
1756 1132 81 41 the
1876 1133 402 49 cathedral.—pt.
2319 1133 41 41 2.

350 1185 100 39 The
481 1186 317 48 archaeology.

350 1237 53 53 ©
432 1243 114 47 May
574 1242 69 48 13,
675 1241 142 49 1936;
848 1242 67 42 2c.
945 1244 95 39 and
1071 1242 83 44 aff.
1185 1244 114 47 May
1329 1243 82 48 21;
1444 1244 41 39 A
1514 1244 171 48 94519;
1722 1245 43 40 S.
1798 1245 238 48 Prentice,
2068 1247 116 39 New
2214 1247 146 41 York.

431 1298 283 50 (36-27271)

346 1388 203 54 Public
577 1388 251 54 utilities
854 1392 238 61 reports
1121 1390 175 65 (New
1324 1391 145 63 ser.)

417 1466 237 53 Annual
697 1467 187 67 digest
928 1468 63 52 of
1034 1467 206 53 Public
1283 1467 242 53 utilities
1568 1475 240 61 reports,
1851 1470 140 54 New
2036 1472 185 65 series,
2263 1470 95 53 for

347 1545 95 52 the
481 1563 135 50 year
659 1548 152 65 1935,
849 1544 300 70 including
1186 1546 137 53 vols.
1365 1549 153 65 6-10,
1556 1547 260 68 together
1856 1546 140 54 with
2038 1548 320 53 additional

347 1624 223 67 rulings
599 1642 72 33 on
700 1624 333 68 regulatory
1061 1630 253 48 matters.
1391 1626 324 67 Rochester,
1746 1627 70 54 N.
1846 1627 91 66 Y.,
1966 1627 206 53 Public
346 1625 1982 130 utilities
477 1709 241 61 reports,
743 1704 128 65 inc.,
898 1706 150 52 1936.

417 1775 520 50 2 p. l., 543 p. 25 cm .
348 1828 54 54 ©
435 1832 129 41 June
595 1832 70 49 19,
699 1831 141 48 1936;
878 1831 69 43 2c.
981 1833 127 41 June
1142 1831 83 48 29;
1263 1832 83 42 aff.
1382 1833 130 41 June
1543 1833 82 48 27;
1663 1835 43 38 A
1735 1832 173 50 96232;
1946 1834 169 40 Public
2151 1835 208 41 utilities

418 1892 204 46 reports,
658 1889 91 41 inc.

344 1977 203 55 Public
587 1978 244 53 utilities
871 1984 224 63 reports
1127 1980 166 66 (New
1334 1979 226 69 series),
1603 1979 332 70 containing
1977 1981 277 53 decisions
2295 1980 62 53 of

415 2058 94 52 the
543 2058 334 67 regulatory
910 2056 387 54 commissions
1330 2059 112 52 and
1476 2058 63 52 of
1573 2064 143 48 state
1751 2060 111 52 and
1899 2059 221 53 federal
2153 2064 205 63 courts,

415 2135 1943 71 Henry C. Spurr … editor. Volume 11, 1936. Washington,
416 2214 1935 71 D. C., Rochester, N. Y., Public utilities reports, inc. [ c 1936]
416 2289 134 48 xxxi,
579 2288 85 41 596
692 2300 42 38 p.
793 2289 56 40 25
852 2291 44 21 cm
902 2322 8 8 .

347 2342 54 53 ©
435 2347 130 39 June
595 2345 70 48 19,
699 2344 141 49 1936;
879 2346 67 40 2c.
981 2347 128 39 June
1141 2345 82 48 29;
1261 2345 82 41 aff.
1378 2346 127 40 June
1539 2346 83 47 27;
1659 2347 41 38 A
1734 2346 171 48 96231;
1943 2345 170 41 Public
2149 2345 207 43 utilities

417 2405 204 48 reports,
651 2402 92 42 inc.

343 2493 278 64 Ramsey,
651 2492 246 54 Charles
925 2493 247 63 George,
1201 2498 171 49 1884-

413 2571 427 53 Architectvral
891 2572 240 67 graphic
1181 2571 306 53 standards
1536 2570 94 52 for
1680 2570 318 69 architects,
2047 2569 310 70 engineers,

344 2650 343 66 decorators,
710 2650 254 52 builders
989 2650 111 52 and
1126 2650 339 65 draftsmen,
1487 2650 76 68 by
1587 2649 237 54 Charles
1847 2649 224 69 George
2094 2650 262 67 Ramsey,

386 2771 10 10 A.
450 2771 10 11 I.
529 2771 10 10 A.
591 2729 131 67 [and]
755 2728 228 54 Harold
1012 2729 183 53 Reeve
1226 2728 248 68 Sleeper,
1500 2748 51 34 a.
1578 2747 38 35 i.
1643 2748 52 33 a.
1758 2728 73 53 2d
1859 2728 84 54 ed.
2008 2729 139 53 New
2176 2728 179 68 York,

344 2805 2005 69 J. Wiley & sons, inc.; London, Chapman & Hall, limited [ c 1936]
416 2881 83 48 xii,
527 2880 86 42 284
641 2891 44 38 p.
742 2881 129 41 illus.
900 2879 133 49 (incl.
1062 2880 167 49 plans)
1266 2879 179 50 diagrs.
1503 2878 210 43 29½×24½
1745 2882 45 22 cm
1794 2913 8 8 .
1922 2877 135 52 $6.00

345 2934 54 54 ©
425 2939 113 47 Apr.
568 2938 40 47 2,
635 2937 142 48 1936;
806 2938 69 42 2c.
905 2939 95 39 and
1029 2938 83 41 aff.
1139 2938 114 48 Apr.
1280 2938 53 46 6;
1364 2938 41 39 A
1432 2936 172 48 92788;
1636 2938 49 40 C.
1717 2937 52 41 G.
1800 2938 212 48 Ramsey
2041 2938 96 40 and
2166 2937 189 41 Harold

416 2996 161 40 Reeve
602 2995 208 48 Sleeper,
834 2995 118 41 New
975 2994 145 41 York.
1185 2993 281 51 (36-27214)

345 3083 197 65 Ricks,
567 3085 267 55 Peirson.

417 3162 256 69 Bye-bye
708 3161 289 54 breeches:
1035 3179 70 35 an
1147 3161 316 67 absurdity,
1498 3161 227 53 written
1766 3162 111 52 and
1916 3161 323 53 illustrated
2280 3160 73 68 by

347 3241 237 52 Peirson
613 3237 189 56 Ricks.
879 3240 428 67 Philadelphia,
1338 3239 291 54 Dorrance
1662 3241 47 51 &
1739 3257 281 50 company
2055 3272 13 34 [
2071 3245 20 23 c
2096 3240 152 66 1936]

415 3314 99 47 112,
552 3313 53 50 [1]
642 3323 43 39 p.
722 3313 108 41 incl.
865 3313 164 48 front.,
1065 3314 125 40 illus.
1255 3312 55 42 19½
1340 3315 44 22 cm
1389 3345 7 7 .

345 3366 53 54 ©
432 3371 126 40 June
593 3370 69 48 10,
698 3369 141 49 1936;
874 3369 68 43 2c.
976 3371 97 40 and
1108 3369 81 43 aff.
1225 3371 130 40 June
1382 3369 83 48 22;
1503 3370 41 39 A
1577 3368 172 49 96091;
1788 3370 249 40 Dorrance
2073 3368 37 40 &
2141 3378 83 37 co.,
2261 3367 91 41 inc.

424 3426 283 49 (36-13193)

342 3518 222 63 Rohde,
590 3517 296 54 Eleanour
912 3517 268 56 Sinclair.

345 3591 2007 147 Gardens of delight throughout the year [by] Eleanour Sinclair Rohde … Boston and New York, Hale, Cushman & Flint
352 3785 12 33 [
369 3759 18 21 c
393 3754 135 50 1936
534 3785 11 32 ]

419 3825 83 47 xii,
528 3825 100 46 307,
659 3826 54 49 [1]
742 3836 42 38 p.
837 3825 164 46 front.,
1028 3826 169 48 plates.
1254 3825 55 40 22½
1342 3827 44 22 cm
1391 3857 8 8 .

419 3882 212 41 “Second
667 3881 229 49 printing,
932 3883 168 40 March
1134 3881 157 41 1936.”

419 3937 263 41 Published
712 3939 48 39 in
790 3938 113 41 1934
933 3940 153 39 under
1112 3938 135 42 title:
1274 3938 219 41 Gardens
1521 3938 52 41 of
1600 3938 198 46 delight.

345 3990 55 53 ©
428 3996 112 47 May
570 3994 41 48 2,
639 3995 142 48 1936;
812 3994 66 42 2c.
911 3997 93 38 and
1036 3995 81 41 aff.
1147 3996 126 41 June
1300 3996 81 46 17;
1413 3996 41 40 A
1483 3994 171 49 96017;
1688 3995 139 47 Hale,
1858 3995 246 41 Cushman
2135 3995 37 39 &
2204 3994 146 48 Flint,

419 4051 90 41 inc.
577 4051 281 50 (36-13171)
