<alto xmlns="http://www.loc.gov/standards/alto/ns-v3#" xmlns:xsi="http://www.w3.org/2001/XMLSchema-instance" xsi:schemaLocation="http://www.loc.gov/standards/alto/ns-v3# http://www.loc.gov/alto/v3/alto-3-0.xsd"><Description>
<MeasurementUnit>pixel</MeasurementUnit>
<sourceImageInformation>
<fileName>1936_v33_Part1.pdf</fileName>
</sourceImageInformation>
<OCRProcessing ID="IdOcr">
<ocrProcessingStep>
<processingDateTime>2019-01-18</processingDateTime>
<processingSoftware>
<softwareCreator>ABBYY</softwareCreator>
<softwareName>ABBYY Recognition Server</softwareName>
<softwareVersion>4.0</softwareVersion>
</processingSoftware>
</ocrProcessingStep>
</OCRProcessing>
</Description>
<Styles>
<ParagraphStyle ALIGN="Left" FIRSTLINE="0." ID="StyleId-FFFFFFFF-FFFF-FFFF-FFFF-FFFFFFFFFFFF-" LEFT="0." RIGHT="0." />
<ParagraphStyle ALIGN="Left" FIRSTLINE="0." ID="StyleId-51D50FAC-7A90-4D70-8A96-5EA9D46D1C8B-" LEFT="0." LINESPACE="7.699999809" RIGHT="0." />
<ParagraphStyle ALIGN="Block" FIRSTLINE="-17." ID="StyleId-6BC133E9-7DCB-43C3-8842-A67984A26405-" LEFT="0." LINESPACE="8.340000153" RIGHT="0." />
<ParagraphStyle ALIGN="Left" FIRSTLINE="-13." ID="StyleId-3C3FF860-43E7-46A2-8934-48F305F6F0D6-" LEFT="0." LINESPACE="11.06999969" RIGHT="0." />
<ParagraphStyle ALIGN="Block" FIRSTLINE="-13." ID="StyleId-19220C76-4F8A-4737-B38C-B5F5C17E6040-" LEFT="0." LINESPACE="11.06999969" RIGHT="0." />
<ParagraphStyle ALIGN="Left" FIRSTLINE="0." ID="StyleId-75A0D721-13ED-4F20-9002-B389EC48477D-" LEFT="0." LINESPACE="15.5" RIGHT="0." />
<ParagraphStyle ALIGN="Left" FIRSTLINE="0." ID="StyleId-8A414184-C7A5-4AC7-9B88-7DA4DDE75922-" LEFT="0." LINESPACE="9.399999619" RIGHT="0." />
<ParagraphStyle ALIGN="Left" FIRSTLINE="0." ID="StyleId-1A87970B-111C-4169-99A6-9412976F3C97-" LEFT="0." LINESPACE="10.5" RIGHT="0." />
<ParagraphStyle ALIGN="Block" FIRSTLINE="-17." ID="StyleId-72DB0571-5AE4-41FD-9E11-68C6AC4C437E-" LEFT="0." LINESPACE="8.340000153" RIGHT="0." />
<ParagraphStyle ALIGN="Center" FIRSTLINE="0." ID="StyleId-1AA43056-C388-4697-B10F-72FDAA38FAE1-" LEFT="0." LINESPACE="10.5" RIGHT="0." />
</Styles>
<Layout>
<Page HEIGHT="4377" ID="Page247" PHYSICAL_IMG_NR="247" WIDTH="2519">
<TopMargin HEIGHT="383" HPOS="0" VPOS="0" WIDTH="2519">
</TopMargin>
<LeftMargin HEIGHT="3672" HPOS="0" VPOS="383" WIDTH="88">
</LeftMargin>
<RightMargin HEIGHT="3672" HPOS="2118" VPOS="383" WIDTH="401">
</RightMargin>
<BottomMargin HEIGHT="322" HPOS="0" VPOS="4055" WIDTH="2519">
<TextBlock HEIGHT="129" HPOS="1025" ID="Page247_Block1" LANG="en-US" STYLEREFS="StyleId-42D92EA4-15AC-457D-BE87-864CA4B0910C-" VPOS="4065" WIDTH="182">
<TextLine HEIGHT="54" HPOS="1052" VPOS="4066" WIDTH="101">
<String CONTENT="247" HEIGHT="54" HPOS="1052" VPOS="4066" WIDTH="101" />
</TextLine>
</TextBlock>
</BottomMargin>
<PrintSpace HEIGHT="3672" HPOS="88" VPOS="383" WIDTH="2030">
<TextBlock CS="1" HEIGHT="3672" HPOS="88" ID="Page247_Block2" LANG="en-US" STYLEREFS="StyleId-62A9292B-7F51-44AE-9497-C7B9169EF533-" VPOS="383" WIDTH="2030">
<TextLine HEIGHT="64" HPOS="99" STYLEREFS="StyleId-A1FF212C-FBB6-4338-9A12-87094A0516CC-" VPOS="443" WIDTH="596">
<String CONTENT="Stockley," HEIGHT="63" HPOS="99" VPOS="444" WIDTH="291" />
<SP HEIGHT="62" HPOS="391" VPOS="445" WIDTH="28" />
<String CONTENT="Cynthia." HEIGHT="63" HPOS="420" VPOS="443" WIDTH="275" />
</TextLine>
<TextLine HEIGHT="66" HPOS="169" STYLEREFS="StyleId-9A243E0C-ECBF-4E3A-9F10-74D78DAA9866-" VPOS="519" WIDTH="929">
<String CONTENT="Three" HEIGHT="53" HPOS="169" VPOS="521" WIDTH="181" />
<SP HEIGHT="34" HPOS="351" VPOS="540" WIDTH="25" />
<String CONTENT="sisters." HEIGHT="52" HPOS="377" VPOS="521" WIDTH="207" />
<SP HEIGHT="31" HPOS="585" VPOS="554" WIDTH="79" />
<String CONTENT="[Instalment" HEIGHT="66" HPOS="665" VPOS="519" WIDTH="359" />
<SP HEIGHT="50" HPOS="1025" VPOS="522" WIDTH="24" />
<String CONTENT="2]" HEIGHT="62" HPOS="1050" VPOS="522" WIDTH="48" />
</TextLine>
<TextLine HEIGHT="53" HPOS="180" VPOS="602" WIDTH="713">
<String CONTENT="(In" HEIGHT="47" HPOS="180" VPOS="608" WIDTH="79" />
<SP HEIGHT="42" HPOS="260" VPOS="604" WIDTH="28" />
<String CONTENT="My" HEIGHT="50" HPOS="289" VPOS="604" WIDTH="84" />
<SP HEIGHT="51" HPOS="374" VPOS="603" WIDTH="27" />
<String CONTENT="home," HEIGHT="50" HPOS="402" VPOS="603" WIDTH="156" />
<SP HEIGHT="50" HPOS="559" VPOS="603" WIDTH="28" />
<String CONTENT="Feb.," HEIGHT="50" HPOS="588" VPOS="602" WIDTH="131" />
<SP HEIGHT="49" HPOS="720" VPOS="603" WIDTH="31" />
<String CONTENT="1936)" HEIGHT="50" HPOS="752" VPOS="602" WIDTH="141" />
</TextLine>
<TextLine CS="1" HEIGHT="53" HPOS="101" VPOS="672" WIDTH="1994">
<String CONTENT="&#169;" HEIGHT="53" HPOS="101" VPOS="672" WIDTH="53" />
<SP HEIGHT="53" HPOS="155" VPOS="672" WIDTH="28" />
<String CONTENT="1c." CS="1" HEIGHT="29" HPOS="213" VPOS="687" WIDTH="37" />
<SP HEIGHT="38" HPOS="251" VPOS="677" WIDTH="28" />
<String CONTENT="Mar." HEIGHT="38" HPOS="280" VPOS="677" WIDTH="119" />
<SP HEIGHT="39" HPOS="400" VPOS="676" WIDTH="31" />
<String CONTENT="20," HEIGHT="46" HPOS="432" VPOS="676" WIDTH="69" />
<SP HEIGHT="46" HPOS="502" VPOS="676" WIDTH="31" />
<String CONTENT="1930;" CS="1" HEIGHT="41" HPOS="534" VPOS="674" WIDTH="116" />
<SP HEIGHT="39" HPOS="675" VPOS="676" WIDTH="33" />
<String CONTENT="A" HEIGHT="38" HPOS="709" VPOS="676" WIDTH="39" />
<SP HEIGHT="38" HPOS="749" VPOS="676" WIDTH="30" />
<String CONTENT="ad" HEIGHT="38" HPOS="780" VPOS="676" WIDTH="61" />
<SP HEIGHT="40" HPOS="842" VPOS="674" WIDTH="31" />
<String CONTENT="int." HEIGHT="40" HPOS="874" VPOS="674" WIDTH="85" />
<SP HEIGHT="38" HPOS="960" VPOS="675" WIDTH="32" />
<String CONTENT="21211;" HEIGHT="43" HPOS="993" VPOS="674" WIDTH="169" />
<SP HEIGHT="37" HPOS="1163" VPOS="685" WIDTH="34" />
<String CONTENT="pubd." HEIGHT="47" HPOS="1198" VPOS="675" WIDTH="140" />
<SP HEIGHT="39" HPOS="1339" VPOS="675" WIDTH="33" />
<String CONTENT="Jan." HEIGHT="39" HPOS="1373" VPOS="675" WIDTH="108" />
<SP HEIGHT="38" HPOS="1482" VPOS="675" WIDTH="32" />
<String CONTENT="24;" HEIGHT="46" HPOS="1515" VPOS="674" WIDTH="83" />
<SP HEIGHT="45" HPOS="1599" VPOS="675" WIDTH="34" />
<String CONTENT="Dorothy" HEIGHT="47" HPOS="1634" VPOS="674" WIDTH="222" />
<SP HEIGHT="47" HPOS="1857" VPOS="674" WIDTH="27" />
<String CONTENT="Wymer," HEIGHT="47" HPOS="1885" VPOS="674" WIDTH="210" />
</TextLine>
<TextLine HEIGHT="48" HPOS="171" VPOS="732" WIDTH="720">
<String CONTENT="Worthen," HEIGHT="47" HPOS="171" VPOS="733" WIDTH="245" />
<SP HEIGHT="47" HPOS="417" VPOS="733" WIDTH="41" />
<String CONTENT="Salop," HEIGHT="46" HPOS="459" VPOS="733" WIDTH="156" />
<SP HEIGHT="45" HPOS="616" VPOS="733" WIDTH="39" />
<String CONTENT="England." HEIGHT="47" HPOS="656" VPOS="732" WIDTH="235" />
</TextLine>
<TextLine HEIGHT="64" HPOS="100" STYLEREFS="StyleId-A1FF212C-FBB6-4338-9A12-87094A0516CC-" VPOS="836" WIDTH="508">
<String CONTENT="Strachey," HEIGHT="64" HPOS="100" VPOS="836" WIDTH="307" />
<SP HEIGHT="63" HPOS="408" VPOS="837" WIDTH="27" />
<String CONTENT="John." HEIGHT="55" HPOS="436" VPOS="836" WIDTH="172" />
</TextLine>
<TextLine CS="1" HEIGHT="137" HPOS="102" STYLEREFS="StyleId-9A243E0C-ECBF-4E3A-9F10-74D78DAA9866-" VPOS="911" WIDTH="1968">
<String CONTENT="Social" HEIGHT="55" HPOS="173" VPOS="913" WIDTH="186" />
<SP HEIGHT="51" HPOS="360" VPOS="914" WIDTH="26" />
<String CONTENT="credit;" HEIGHT="65" HPOS="387" VPOS="912" WIDTH="205" />
<SP HEIGHT="45" HPOS="593" VPOS="932" WIDTH="30" />
<String CONTENT="an" HEIGHT="32" HPOS="624" VPOS="932" WIDTH="71" />
<SP HEIGHT="32" HPOS="696" VPOS="932" WIDTH="26" />
<String CONTENT="economic" HEIGHT="53" HPOS="723" VPOS="912" WIDTH="280" />
<SP HEIGHT="34" HPOS="1004" VPOS="931" WIDTH="26" />
<String CONTENT="analysis" HEIGHT="68" HPOS="1031" VPOS="911" WIDTH="247" />
<SP HEIGHT="52" HPOS="1279" VPOS="912" WIDTH="25" />
<String CONTENT="by" HEIGHT="66" HPOS="1305" VPOS="912" WIDTH="74" />
<SP HEIGHT="65" HPOS="1380" VPOS="913" WIDTH="24" />
<String CONTENT="John" HEIGHT="54" HPOS="1405" VPOS="911" WIDTH="156" />
<SP HEIGHT="55" HPOS="1562" VPOS="911" WIDTH="29" />
<String CONTENT="Strachey." HEIGHT="68" HPOS="1592" VPOS="911" WIDTH="291" />
<SP HEIGHT="51" HPOS="1884" VPOS="913" WIDTH="62" />
<String CONTENT="London," HEIGHT="135" HPOS="102" VPOS="913" WIDTH="1968" />
</TextLine>
<TextLine HEIGHT="69" HPOS="274" STYLEREFS="StyleId-9A243E0C-ECBF-4E3A-9F10-74D78DAA9866-" VPOS="989" WIDTH="1820">
<String CONTENT="V." HEIGHT="52" HPOS="274" VPOS="993" WIDTH="69" />
<SP HEIGHT="54" HPOS="344" VPOS="992" WIDTH="42" />
<String CONTENT="Gollancz" HEIGHT="56" HPOS="387" VPOS="990" WIDTH="272" />
<SP HEIGHT="50" HPOS="660" VPOS="994" WIDTH="44" />
<String CONTENT="ltd.," HEIGHT="66" HPOS="705" VPOS="991" WIDTH="120" />
<SP HEIGHT="67" HPOS="826" VPOS="990" WIDTH="43" />
<String CONTENT="jointly" HEIGHT="68" HPOS="870" VPOS="989" WIDTH="210" />
<SP HEIGHT="47" HPOS="1081" VPOS="1010" WIDTH="41" />
<String CONTENT="with" HEIGHT="52" HPOS="1123" VPOS="990" WIDTH="139" />
<SP HEIGHT="51" HPOS="1263" VPOS="991" WIDTH="43" />
<String CONTENT="The" HEIGHT="52" HPOS="1307" VPOS="990" WIDTH="119" />
<SP HEIGHT="53" HPOS="1427" VPOS="992" WIDTH="42" />
<String CONTENT="Workers&#8217;" HEIGHT="56" HPOS="1470" VPOS="989" WIDTH="288" />
<SP HEIGHT="53" HPOS="1759" VPOS="989" WIDTH="42" />
<String CONTENT="bookshop" HEIGHT="68" HPOS="1802" VPOS="990" WIDTH="292" />
</TextLine>
<TextLine HEIGHT="65" HPOS="101" STYLEREFS="StyleId-9A243E0C-ECBF-4E3A-9F10-74D78DAA9866-" VPOS="1069" WIDTH="299">
<String CONTENT="ltd.," HEIGHT="65" HPOS="101" VPOS="1069" WIDTH="120" />
<SP HEIGHT="61" HPOS="222" VPOS="1073" WIDTH="28" />
<String CONTENT="1936." HEIGHT="49" HPOS="251" VPOS="1073" WIDTH="149" />
</TextLine>
<TextLine HEIGHT="49" HPOS="171" VPOS="1154" WIDTH="299">
<String CONTENT="24" HEIGHT="40" HPOS="171" VPOS="1155" WIDTH="55" />
<SP HEIGHT="47" HPOS="227" VPOS="1156" WIDTH="26" />
<String CONTENT="p." HEIGHT="37" HPOS="254" VPOS="1166" WIDTH="44" />
<SP HEIGHT="40" HPOS="299" VPOS="1155" WIDTH="55" />
<String CONTENT="22" HEIGHT="39" HPOS="355" VPOS="1154" WIDTH="54" />
<String CONTENT="cm" HEIGHT="21" HPOS="412" STYLE="superscript" VPOS="1157" WIDTH="44" />
<String CONTENT="." HEIGHT="7" HPOS="462" VPOS="1187" WIDTH="8" />
</TextLine>
<TextLine CS="1" HEIGHT="53" HPOS="103" VPOS="1221" WIDTH="1994">
<String CONTENT="&#169;" HEIGHT="53" HPOS="103" VPOS="1221" WIDTH="52" />
<SP />
<String CONTENT="1c." CS="1" />
<SP />
<String CONTENT="Mar." HEIGHT="38" HPOS="271" VPOS="1226" WIDTH="120" />
<SP HEIGHT="39" HPOS="392" VPOS="1225" WIDTH="25" />
<String CONTENT="28," HEIGHT="47" HPOS="418" VPOS="1225" WIDTH="68" />
<SP HEIGHT="47" HPOS="487" VPOS="1225" WIDTH="26" />
<String CONTENT="1936;" HEIGHT="44" HPOS="514" VPOS="1225" WIDTH="138" />
<SP HEIGHT="44" HPOS="653" VPOS="1225" WIDTH="28" />
<String CONTENT="A" HEIGHT="37" HPOS="682" VPOS="1225" WIDTH="41" />
<SP HEIGHT="38" HPOS="724" VPOS="1225" WIDTH="22" />
<String CONTENT="ad" HEIGHT="39" HPOS="747" VPOS="1225" WIDTH="60" />
<SP HEIGHT="41" HPOS="808" VPOS="1223" WIDTH="26" />
<String CONTENT="int." HEIGHT="40" HPOS="835" VPOS="1223" WIDTH="86" />
<SP HEIGHT="40" HPOS="922" VPOS="1223" WIDTH="24" />
<String CONTENT="21236;" HEIGHT="46" HPOS="947" VPOS="1223" WIDTH="170" />
<SP HEIGHT="37" HPOS="1118" VPOS="1234" WIDTH="25" />
<String CONTENT="pubd." HEIGHT="47" HPOS="1144" VPOS="1224" WIDTH="142" />
<SP HEIGHT="39" HPOS="1287" VPOS="1224" WIDTH="26" />
<String CONTENT="Feb." HEIGHT="39" HPOS="1314" VPOS="1224" WIDTH="109" />
<SP HEIGHT="40" HPOS="1424" VPOS="1224" WIDTH="26" />
<String CONTENT="3;" HEIGHT="46" HPOS="1451" VPOS="1224" WIDTH="52" />
<SP HEIGHT="45" HPOS="1504" VPOS="1225" WIDTH="30" />
<String CONTENT="J." HEIGHT="38" HPOS="1535" VPOS="1225" WIDTH="42" />
<SP HEIGHT="39" HPOS="1578" VPOS="1225" WIDTH="29" />
<String CONTENT="Strachey," HEIGHT="48" HPOS="1608" VPOS="1223" WIDTH="247" />
<SP HEIGHT="46" HPOS="1856" VPOS="1224" WIDTH="28" />
<String CONTENT="London." HEIGHT="42" HPOS="1885" VPOS="1222" WIDTH="212" />
</TextLine>
<TextLine HEIGHT="63" HPOS="101" STYLEREFS="StyleId-A1FF212C-FBB6-4338-9A12-87094A0516CC-" VPOS="1343" WIDTH="962">
<String CONTENT="Stuart," HEIGHT="62" HPOS="101" VPOS="1344" WIDTH="227" />
<SP HEIGHT="63" HPOS="329" VPOS="1343" WIDTH="25" />
<String CONTENT="Graham" HEIGHT="54" HPOS="355" VPOS="1343" WIDTH="260" />
<SP HEIGHT="52" HPOS="616" VPOS="1343" WIDTH="25" />
<String CONTENT="Henry," HEIGHT="61" HPOS="642" VPOS="1343" WIDTH="223" />
<SP HEIGHT="56" HPOS="866" VPOS="1348" WIDTH="27" />
<String CONTENT="1887-" HEIGHT="53" HPOS="894" VPOS="1344" WIDTH="169" />
</TextLine>
<TextLine HEIGHT="70" HPOS="169" STYLEREFS="StyleId-9A243E0C-ECBF-4E3A-9F10-74D78DAA9866-" VPOS="1416" WIDTH="1928">
<String CONTENT="American" HEIGHT="54" HPOS="169" VPOS="1418" WIDTH="305" />
<SP HEIGHT="52" HPOS="475" VPOS="1419" WIDTH="35" />
<String CONTENT="diplomatic" HEIGHT="69" HPOS="511" VPOS="1417" WIDTH="335" />
<SP HEIGHT="34" HPOS="847" VPOS="1437" WIDTH="32" />
<String CONTENT="and" HEIGHT="52" HPOS="880" VPOS="1418" WIDTH="112" />
<SP HEIGHT="52" HPOS="993" VPOS="1418" WIDTH="33" />
<String CONTENT="consular" HEIGHT="54" HPOS="1027" VPOS="1417" WIDTH="261" />
<SP HEIGHT="49" HPOS="1289" VPOS="1436" WIDTH="34" />
<String CONTENT="practice," HEIGHT="68" HPOS="1324" VPOS="1417" WIDTH="266" />
<SP HEIGHT="67" HPOS="1591" VPOS="1417" WIDTH="29" />
<String CONTENT="by" HEIGHT="68" HPOS="1621" VPOS="1417" WIDTH="74" />
<SP HEIGHT="69" HPOS="1696" VPOS="1416" WIDTH="32" />
<String CONTENT="Graham" HEIGHT="56" HPOS="1729" VPOS="1416" WIDTH="258" />
<SP HEIGHT="53" HPOS="1988" VPOS="1418" WIDTH="31" />
<String CONTENT="H." HEIGHT="53" HPOS="2020" VPOS="1418" WIDTH="77" />
</TextLine>
<TextLine HEIGHT="70" HPOS="103" STYLEREFS="StyleId-9A243E0C-ECBF-4E3A-9F10-74D78DAA9866-" VPOS="1494" WIDTH="1996">
<String CONTENT="Stuart" HEIGHT="55" HPOS="103" VPOS="1497" WIDTH="201" />
<SP HEIGHT="48" HPOS="305" VPOS="1503" WIDTH="27" />
<String CONTENT="..." HEIGHT="9" HPOS="333" VPOS="1540" WIDTH="55" />
<SP HEIGHT="52" HPOS="389" VPOS="1497" WIDTH="64" />
<String CONTENT="New" HEIGHT="52" HPOS="454" VPOS="1497" WIDTH="138" />
<SP HEIGHT="52" HPOS="593" VPOS="1496" WIDTH="24" />
<String CONTENT="York," HEIGHT="67" HPOS="618" VPOS="1496" WIDTH="180" />
<SP HEIGHT="66" HPOS="799" VPOS="1497" WIDTH="19" />
<String CONTENT="London," HEIGHT="66" HPOS="819" VPOS="1496" WIDTH="258" />
<SP HEIGHT="66" HPOS="1078" VPOS="1496" WIDTH="20" />
<String CONTENT="D." HEIGHT="52" HPOS="1099" VPOS="1496" WIDTH="71" />
<SP HEIGHT="53" HPOS="1171" VPOS="1495" WIDTH="23" />
<String CONTENT="Appleton-Century" HEIGHT="70" HPOS="1195" VPOS="1494" WIDTH="581" />
<SP HEIGHT="50" HPOS="1777" VPOS="1514" WIDTH="23" />
<String CONTENT="company," HEIGHT="51" HPOS="1801" VPOS="1513" WIDTH="298" />
</TextLine>
<TextLine HEIGHT="68" HPOS="101" STYLEREFS="StyleId-9A243E0C-ECBF-4E3A-9F10-74D78DAA9866-" VPOS="1576" WIDTH="604">
<String CONTENT="incorporated" HEIGHT="68" HPOS="101" VPOS="1576" WIDTH="397" />
<SP HEIGHT="67" HPOS="499" VPOS="1576" WIDTH="34" />
<String CONTENT="[1936]" HEIGHT="65" HPOS="534" VPOS="1578" WIDTH="171" />
</TextLine>
<TextLine HEIGHT="49" HPOS="173" STYLEREFS="StyleId-9A243E0C-ECBF-4E3A-9F10-74D78DAA9866-" VPOS="1662" WIDTH="423">
<String CONTENT="xi," HEIGHT="47" HPOS="173" VPOS="1663" WIDTH="64" />
<SP HEIGHT="46" HPOS="238" VPOS="1664" WIDTH="28" />
<String CONTENT="560" HEIGHT="40" HPOS="267" VPOS="1663" WIDTH="87" />
<SP HEIGHT="48" HPOS="355" VPOS="1663" WIDTH="22" />
<String CONTENT="p." HEIGHT="37" HPOS="378" VPOS="1674" WIDTH="44" />
<SP HEIGHT="41" HPOS="423" VPOS="1662" WIDTH="56" />
<String CONTENT="23" HEIGHT="41" HPOS="480" VPOS="1662" WIDTH="56" />
<String CONTENT="cm" HEIGHT="21" HPOS="540" STYLE="superscript" VPOS="1664" WIDTH="43" />
<String CONTENT="." HEIGHT="9" HPOS="588" VPOS="1694" WIDTH="8" />
</TextLine>
<TextLine HEIGHT="50" HPOS="174" VPOS="1730" WIDTH="616">
<String CONTENT="Maps" HEIGHT="46" HPOS="174" VPOS="1734" WIDTH="139" />
<SP HEIGHT="29" HPOS="314" VPOS="1743" WIDTH="26" />
<String CONTENT="on" HEIGHT="29" HPOS="341" VPOS="1743" WIDTH="60" />
<SP HEIGHT="39" HPOS="402" VPOS="1732" WIDTH="25" />
<String CONTENT="lining-papers." HEIGHT="49" HPOS="428" VPOS="1730" WIDTH="362" />
</TextLine>
<TextLine HEIGHT="51" HPOS="175" VPOS="1786" WIDTH="1925">
<String CONTENT="&#8220;A" HEIGHT="40" HPOS="175" VPOS="1789" WIDTH="69" />
<SP HEIGHT="40" HPOS="245" VPOS="1789" WIDTH="25" />
<String CONTENT="selected" HEIGHT="40" HPOS="271" VPOS="1789" WIDTH="207" />
<SP HEIGHT="40" HPOS="479" VPOS="1789" WIDTH="27" />
<String CONTENT="list" HEIGHT="41" HPOS="507" VPOS="1788" WIDTH="85" />
<SP HEIGHT="39" HPOS="593" VPOS="1790" WIDTH="23" />
<String CONTENT="of" HEIGHT="41" HPOS="617" VPOS="1788" WIDTH="53" />
<SP HEIGHT="40" HPOS="671" VPOS="1788" WIDTH="25" />
<String CONTENT="books" HEIGHT="40" HPOS="697" VPOS="1788" WIDTH="148" />
<SP HEIGHT="29" HPOS="846" VPOS="1799" WIDTH="26" />
<String CONTENT="containing" HEIGHT="50" HPOS="873" VPOS="1786" WIDTH="282" />
<SP HEIGHT="38" HPOS="1156" VPOS="1798" WIDTH="25" />
<String CONTENT="material" HEIGHT="41" HPOS="1182" VPOS="1787" WIDTH="226" />
<SP HEIGHT="47" HPOS="1409" VPOS="1789" WIDTH="28" />
<String CONTENT="pertaining" HEIGHT="50" HPOS="1438" VPOS="1787" WIDTH="278" />
<SP HEIGHT="47" HPOS="1717" VPOS="1790" WIDTH="23" />
<String CONTENT="to" HEIGHT="38" HPOS="1741" VPOS="1790" WIDTH="49" />
<SP HEIGHT="39" HPOS="1791" VPOS="1789" WIDTH="24" />
<String CONTENT="diplomatic" HEIGHT="49" HPOS="1816" VPOS="1788" WIDTH="284" />
</TextLine>
<TextLine CS="1" HEIGHT="50" HPOS="103" VPOS="1843" WIDTH="958">
<String CONTENT="and" HEIGHT="40" HPOS="103" VPOS="1847" WIDTH="95" />
<SP HEIGHT="39" HPOS="199" VPOS="1847" WIDTH="26" />
<String CONTENT="consular" HEIGHT="40" HPOS="226" VPOS="1846" WIDTH="225" />
<SP HEIGHT="37" HPOS="452" VPOS="1856" WIDTH="24" />
<String CONTENT="practice&#8221;;" CS="1" HEIGHT="50" HPOS="477" VPOS="1843" WIDTH="241" />
<SP HEIGHT="37" HPOS="747" VPOS="1856" WIDTH="28" />
<String CONTENT="p." HEIGHT="37" HPOS="776" VPOS="1856" WIDTH="42" />
<SP HEIGHT="41" HPOS="819" VPOS="1845" WIDTH="27" />
<String CONTENT="524-533." HEIGHT="41" HPOS="847" VPOS="1844" WIDTH="214" />
</TextLine>
<TextLine CS="1" HEIGHT="53" HPOS="103" VPOS="1914" WIDTH="1998">
<String CONTENT="&#169;" HEIGHT="53" HPOS="103" VPOS="1914" WIDTH="53" />
<SP HEIGHT="53" HPOS="157" VPOS="1914" WIDTH="23" />
<String CONTENT="Feb." HEIGHT="40" HPOS="181" VPOS="1918" WIDTH="109" />
<SP HEIGHT="40" HPOS="291" VPOS="1918" WIDTH="23" />
<String CONTENT="24," HEIGHT="45" HPOS="315" VPOS="1918" WIDTH="69" />
<SP HEIGHT="45" HPOS="385" VPOS="1918" WIDTH="25" />
<String CONTENT="1936;" CS="1" HEIGHT="41" HPOS="411" VPOS="1916" WIDTH="112" />
<SP HEIGHT="46" HPOS="551" VPOS="1917" WIDTH="25" />
<String CONTENT="2c." HEIGHT="39" HPOS="577" VPOS="1917" WIDTH="66" />
<SP HEIGHT="39" HPOS="644" VPOS="1917" WIDTH="27" />
<String CONTENT="Feb." HEIGHT="39" HPOS="672" VPOS="1917" WIDTH="109" />
<SP HEIGHT="37" HPOS="782" VPOS="1917" WIDTH="24" />
<String CONTENT="26;" CS="1" HEIGHT="39" HPOS="807" VPOS="1916" WIDTH="56" />
<SP HEIGHT="36" HPOS="890" VPOS="1926" WIDTH="27" />
<String CONTENT="aff." HEIGHT="39" HPOS="918" VPOS="1916" WIDTH="82" />
<SP HEIGHT="39" HPOS="1001" VPOS="1916" WIDTH="24" />
<String CONTENT="Feb." HEIGHT="39" HPOS="1026" VPOS="1916" WIDTH="110" />
<SP HEIGHT="40" HPOS="1137" VPOS="1915" WIDTH="25" />
<String CONTENT="27;" CS="1" HEIGHT="41" HPOS="1163" VPOS="1915" WIDTH="58" />
<SP HEIGHT="46" HPOS="1246" VPOS="1916" WIDTH="27" />
<String CONTENT="A" HEIGHT="39" HPOS="1274" VPOS="1916" WIDTH="42" />
<SP HEIGHT="40" HPOS="1317" VPOS="1916" WIDTH="21" />
<String CONTENT="91940;" CS="1" HEIGHT="41" HPOS="1339" VPOS="1915" WIDTH="146" />
<SP HEIGHT="45" HPOS="1511" VPOS="1918" WIDTH="29" />
<String CONTENT="D." HEIGHT="39" HPOS="1541" VPOS="1918" WIDTH="56" />
<SP HEIGHT="40" HPOS="1598" VPOS="1917" WIDTH="25" />
<String CONTENT="Appleton-Century" HEIGHT="48" HPOS="1624" VPOS="1917" WIDTH="477" />
</TextLine>
<TextLine HEIGHT="50" HPOS="171" VPOS="1972" WIDTH="526">
<String CONTENT="co.," HEIGHT="37" HPOS="171" LANG="ru" VPOS="1985" WIDTH="81" />
<SP HEIGHT="48" HPOS="253" VPOS="1974" WIDTH="32" />
<String CONTENT="inc." HEIGHT="40" HPOS="286" LANG="en-US" VPOS="1974" WIDTH="89" />
<SP HEIGHT="47" HPOS="376" VPOS="1974" WIDTH="70" />
<String CONTENT="(36-7085)" HEIGHT="49" HPOS="447" LANG="en-US" VPOS="1972" WIDTH="250" />
</TextLine>
<TextLine HEIGHT="65" HPOS="103" STYLEREFS="StyleId-A1FF212C-FBB6-4338-9A12-87094A0516CC-" VPOS="2076" WIDTH="701">
<String CONTENT="Sullivan," HEIGHT="65" HPOS="103" VPOS="2076" WIDTH="279" />
<SP HEIGHT="63" HPOS="383" VPOS="2078" WIDTH="27" />
<String CONTENT="Mark," HEIGHT="64" HPOS="411" VPOS="2076" WIDTH="190" />
<SP HEIGHT="58" HPOS="602" VPOS="2082" WIDTH="29" />
<String CONTENT="1874-" HEIGHT="54" HPOS="632" VPOS="2077" WIDTH="172" />
</TextLine>
<TextLine HEIGHT="70" HPOS="177" STYLEREFS="StyleId-9A243E0C-ECBF-4E3A-9F10-74D78DAA9866-" VPOS="2149" WIDTH="1920">
<String CONTENT="..." HEIGHT="11" HPOS="177" VPOS="2194" WIDTH="57" />
<SP HEIGHT="56" HPOS="235" VPOS="2151" WIDTH="38" />
<String CONTENT="Our" HEIGHT="56" HPOS="274" VPOS="2151" WIDTH="123" />
<SP HEIGHT="48" HPOS="398" VPOS="2156" WIDTH="32" />
<String CONTENT="times," HEIGHT="69" HPOS="431" VPOS="2150" WIDTH="180" />
<SP HEIGHT="65" HPOS="612" VPOS="2154" WIDTH="37" />
<String CONTENT="1900-1925" HEIGHT="50" HPOS="650" VPOS="2153" WIDTH="309" />
<SP HEIGHT="48" HPOS="960" VPOS="2154" WIDTH="41" />
<String CONTENT="..." HEIGHT="9" HPOS="1002" VPOS="2193" WIDTH="55" />
<SP HEIGHT="53" HPOS="1058" VPOS="2149" WIDTH="76" />
<String CONTENT="Avondale" HEIGHT="54" HPOS="1135" VPOS="2149" WIDTH="302" />
<SP HEIGHT="35" HPOS="1438" VPOS="2168" WIDTH="35" />
<String CONTENT="ed." HEIGHT="53" HPOS="1474" VPOS="2150" WIDTH="85" />
<SP HEIGHT="53" HPOS="1560" VPOS="2150" WIDTH="73" />
<String CONTENT="New" HEIGHT="53" HPOS="1634" VPOS="2150" WIDTH="140" />
<SP HEIGHT="52" HPOS="1775" VPOS="2151" WIDTH="37" />
<String CONTENT="York," HEIGHT="68" HPOS="1813" VPOS="2151" WIDTH="181" />
<SP HEIGHT="69" HPOS="1995" VPOS="2150" WIDTH="39" />
<String CONTENT="C." HEIGHT="55" HPOS="2035" VPOS="2150" WIDTH="62" />
</TextLine>
<TextLine CS="1" HEIGHT="71" HPOS="105" STYLEREFS="StyleId-9A243E0C-ECBF-4E3A-9F10-74D78DAA9866-" VPOS="2227" WIDTH="1721">
<String CONTENT="Scribner&#8217;s" HEIGHT="57" HPOS="105" VPOS="2229" WIDTH="311" />
<SP HEIGHT="36" HPOS="417" VPOS="2248" WIDTH="25" />
<String CONTENT="sons;" CS="1" HEIGHT="39" HPOS="443" VPOS="2244" WIDTH="127" />
<SP HEIGHT="68" HPOS="599" VPOS="2229" WIDTH="26" />
<String CONTENT="London," HEIGHT="67" HPOS="626" VPOS="2229" WIDTH="259" />
<SP HEIGHT="68" HPOS="886" VPOS="2228" WIDTH="27" />
<String CONTENT="C." HEIGHT="56" HPOS="914" VPOS="2228" WIDTH="62" />
<SP HEIGHT="57" HPOS="977" VPOS="2227" WIDTH="31" />
<String CONTENT="Scribner&#8217;s" HEIGHT="57" HPOS="1009" VPOS="2227" WIDTH="313" />
<SP HEIGHT="36" HPOS="1323" VPOS="2247" WIDTH="26" />
<String CONTENT="sons," HEIGHT="51" HPOS="1350" VPOS="2246" WIDTH="146" />
<SP HEIGHT="68" HPOS="1497" VPOS="2229" WIDTH="27" />
<String CONTENT="ltd.," HEIGHT="70" HPOS="1525" VPOS="2228" WIDTH="122" />
<SP HEIGHT="67" HPOS="1648" VPOS="2231" WIDTH="27" />
<String CONTENT="1935." HEIGHT="52" HPOS="1676" VPOS="2231" WIDTH="150" />
</TextLine>
<TextLine CS="1" HEIGHT="51" HPOS="171" VPOS="2301" WIDTH="1728">
<String CONTENT="6" HEIGHT="40" HPOS="171" VPOS="2305" WIDTH="27" />
<SP />
<String CONTENT="v." CS="1" HEIGHT="9" HPOS="257" VPOS="2337" WIDTH="9" />
<SP HEIGHT="41" HPOS="267" VPOS="2305" WIDTH="29" />
<String CONTENT="fronts.," HEIGHT="46" HPOS="297" VPOS="2305" WIDTH="187" />
<SP HEIGHT="47" HPOS="485" VPOS="2304" WIDTH="31" />
<String CONTENT="illus." HEIGHT="40" HPOS="517" VPOS="2304" WIDTH="126" />
<SP HEIGHT="48" HPOS="644" VPOS="2304" WIDTH="30" />
<String CONTENT="(incl." HEIGHT="49" HPOS="675" VPOS="2303" WIDTH="130" />
<SP HEIGHT="40" HPOS="806" VPOS="2304" WIDTH="32" />
<String CONTENT="facsims.," HEIGHT="48" HPOS="839" VPOS="2303" WIDTH="229" />
<SP HEIGHT="38" HPOS="1069" VPOS="2313" WIDTH="31" />
<String CONTENT="music)" HEIGHT="50" HPOS="1101" VPOS="2301" WIDTH="177" />
<SP HEIGHT="48" HPOS="1279" VPOS="2303" WIDTH="38" />
<String CONTENT="ports.," HEIGHT="46" HPOS="1318" VPOS="2304" WIDTH="163" />
<SP HEIGHT="47" HPOS="1482" VPOS="2303" WIDTH="32" />
<String CONTENT="diagrs." HEIGHT="49" HPOS="1515" VPOS="2302" WIDTH="179" />
<SP HEIGHT="39" HPOS="1695" VPOS="2303" WIDTH="57" />
<String CONTENT="24&#189;" CS="1" HEIGHT="40" HPOS="1753" VPOS="2302" WIDTH="57" />
<String CONTENT="cm" HEIGHT="22" HPOS="1842" STYLE="superscript" VPOS="2305" WIDTH="43" />
<String CONTENT="." HEIGHT="8" HPOS="1891" VPOS="2336" WIDTH="8" />
</TextLine>
<TextLine HEIGHT="50" HPOS="176" VPOS="2373" WIDTH="1924">
<String CONTENT="&#8220;Seven" HEIGHT="41" HPOS="176" VPOS="2375" WIDTH="182" />
<SP HEIGHT="39" HPOS="359" VPOS="2376" WIDTH="33" />
<String CONTENT="hundred" HEIGHT="39" HPOS="393" VPOS="2376" WIDTH="218" />
<SP HEIGHT="38" HPOS="612" VPOS="2376" WIDTH="38" />
<String CONTENT="and" HEIGHT="38" HPOS="651" VPOS="2376" WIDTH="94" />
<SP HEIGHT="38" HPOS="746" VPOS="2376" WIDTH="35" />
<String CONTENT="seventy" HEIGHT="46" HPOS="782" VPOS="2376" WIDTH="202" />
<SP HEIGHT="39" HPOS="985" VPOS="2383" WIDTH="33" />
<String CONTENT="sets" HEIGHT="39" HPOS="1019" VPOS="2375" WIDTH="99" />
<SP HEIGHT="40" HPOS="1119" VPOS="2374" WIDTH="34" />
<String CONTENT="have" HEIGHT="41" HPOS="1154" VPOS="2374" WIDTH="124" />
<SP HEIGHT="41" HPOS="1279" VPOS="2374" WIDTH="34" />
<String CONTENT="been" HEIGHT="40" HPOS="1314" VPOS="2374" WIDTH="117" />
<SP HEIGHT="37" HPOS="1432" VPOS="2384" WIDTH="34" />
<String CONTENT="printed" HEIGHT="48" HPOS="1467" VPOS="2373" WIDTH="194" />
<SP HEIGHT="41" HPOS="1662" VPOS="2374" WIDTH="38" />
<String CONTENT="and" HEIGHT="39" HPOS="1701" VPOS="2376" WIDTH="96" />
<SP HEIGHT="39" HPOS="1798" VPOS="2376" WIDTH="36" />
<String CONTENT="signed" HEIGHT="47" HPOS="1835" VPOS="2376" WIDTH="166" />
<SP HEIGHT="41" HPOS="2002" VPOS="2375" WIDTH="37" />
<String CONTENT="by" HEIGHT="47" HPOS="2040" VPOS="2375" WIDTH="60" />
</TextLine>
<TextLine HEIGHT="47" HPOS="106" VPOS="2432" WIDTH="1993">
<String CONTENT="the" HEIGHT="40" HPOS="106" VPOS="2432" WIDTH="80" />
<SP HEIGHT="30" HPOS="187" VPOS="2443" WIDTH="35" />
<String CONTENT="author;" HEIGHT="45" HPOS="223" VPOS="2434" WIDTH="203" />
<SP HEIGHT="44" HPOS="427" VPOS="2435" WIDTH="38" />
<String CONTENT="twenty" HEIGHT="45" HPOS="466" VPOS="2434" WIDTH="182" />
<SP HEIGHT="37" HPOS="649" VPOS="2442" WIDTH="36" />
<String CONTENT="sets" HEIGHT="38" HPOS="686" VPOS="2434" WIDTH="98" />
<SP HEIGHT="29" HPOS="785" VPOS="2443" WIDTH="36" />
<String CONTENT="are" HEIGHT="29" HPOS="822" VPOS="2443" WIDTH="82" />
<SP HEIGHT="39" HPOS="905" VPOS="2433" WIDTH="35" />
<String CONTENT="for" HEIGHT="38" HPOS="941" VPOS="2433" WIDTH="80" />
<SP HEIGHT="37" HPOS="1022" VPOS="2442" WIDTH="32" />
<String CONTENT="presentation" HEIGHT="47" HPOS="1055" VPOS="2432" WIDTH="332" />
<SP HEIGHT="28" HPOS="1388" VPOS="2443" WIDTH="40" />
<String CONTENT="and" HEIGHT="39" HPOS="1429" VPOS="2433" WIDTH="95" />
<SP HEIGHT="39" HPOS="1525" VPOS="2433" WIDTH="36" />
<String CONTENT="seven" HEIGHT="30" HPOS="1562" VPOS="2442" WIDTH="144" />
<SP HEIGHT="39" HPOS="1707" VPOS="2433" WIDTH="36" />
<String CONTENT="hundred" HEIGHT="41" HPOS="1744" VPOS="2433" WIDTH="221" />
<SP HEIGHT="39" HPOS="1966" VPOS="2435" WIDTH="38" />
<String CONTENT="and" HEIGHT="39" HPOS="2005" VPOS="2435" WIDTH="94" />
</TextLine>
<TextLine HEIGHT="49" HPOS="104" VPOS="2488" WIDTH="1642">
<String CONTENT="fifty" HEIGHT="49" HPOS="104" VPOS="2488" WIDTH="112" />
<SP HEIGHT="37" HPOS="217" VPOS="2500" WIDTH="22" />
<String CONTENT="sets" HEIGHT="38" HPOS="240" VPOS="2492" WIDTH="98" />
<SP HEIGHT="29" HPOS="339" VPOS="2501" WIDTH="24" />
<String CONTENT="are" HEIGHT="30" HPOS="364" VPOS="2500" WIDTH="81" />
<SP HEIGHT="40" HPOS="446" VPOS="2490" WIDTH="23" />
<String CONTENT="for" HEIGHT="38" HPOS="470" VPOS="2490" WIDTH="78" />
<SP HEIGHT="29" HPOS="549" VPOS="2500" WIDTH="23" />
<String CONTENT="subscription.&#8221;" HEIGHT="48" HPOS="573" VPOS="2488" WIDTH="368" />
<SP HEIGHT="39" HPOS="942" VPOS="2488" WIDTH="50" />
<String CONTENT="This" HEIGHT="41" HPOS="993" VPOS="2489" WIDTH="118" />
<SP HEIGHT="31" HPOS="1112" VPOS="2499" WIDTH="23" />
<String CONTENT="set" HEIGHT="39" HPOS="1136" VPOS="2490" WIDTH="73" />
<SP HEIGHT="40" HPOS="1210" VPOS="2489" WIDTH="21" />
<String CONTENT="is" HEIGHT="40" HPOS="1232" VPOS="2489" WIDTH="42" />
<SP HEIGHT="40" HPOS="1275" VPOS="2489" WIDTH="23" />
<String CONTENT="for" HEIGHT="40" HPOS="1299" VPOS="2489" WIDTH="79" />
<SP HEIGHT="38" HPOS="1379" VPOS="2499" WIDTH="19" />
<String CONTENT="presentation." HEIGHT="46" HPOS="1399" VPOS="2491" WIDTH="347" />
</TextLine>
<TextLine CS="1" HEIGHT="50" HPOS="449" VPOS="2560" WIDTH="1650">
<String CONTENT="CONTENTS.&#8212;I." CS="1" HEIGHT="17" HPOS="449" VPOS="2583" WIDTH="93" />
<SP HEIGHT="40" HPOS="543" VPOS="2560" WIDTH="24" />
<String CONTENT="The" HEIGHT="40" HPOS="568" VPOS="2560" WIDTH="101" />
<SP HEIGHT="39" HPOS="670" VPOS="2561" WIDTH="27" />
<String CONTENT="turn" HEIGHT="38" HPOS="698" VPOS="2561" WIDTH="112" />
<SP HEIGHT="28" HPOS="811" VPOS="2571" WIDTH="24" />
<String CONTENT="of" HEIGHT="39" HPOS="836" VPOS="2560" WIDTH="52" />
<SP HEIGHT="40" HPOS="889" VPOS="2560" WIDTH="24" />
<String CONTENT="the" HEIGHT="39" HPOS="914" VPOS="2561" WIDTH="80" />
<SP HEIGHT="31" HPOS="995" VPOS="2569" WIDTH="25" />
<String CONTENT="century.&#8212;II." CS="1" HEIGHT="45" HPOS="1021" VPOS="2561" WIDTH="335" />
<SP HEIGHT="40" HPOS="1357" VPOS="2561" WIDTH="22" />
<String CONTENT="America" HEIGHT="40" HPOS="1380" VPOS="2561" WIDTH="223" />
<SP HEIGHT="41" HPOS="1604" VPOS="2560" WIDTH="27" />
<String CONTENT="finding" HEIGHT="50" HPOS="1632" VPOS="2560" WIDTH="185" />
<SP HEIGHT="47" HPOS="1818" VPOS="2563" WIDTH="23" />
<String CONTENT="herself.&#8212;" HEIGHT="40" HPOS="1842" VPOS="2562" WIDTH="257" />
</TextLine>
<TextLine CS="1" HEIGHT="47" HPOS="167" VPOS="2617" WIDTH="1931">
<String CONTENT="III." CS="1" HEIGHT="10" HPOS="167" VPOS="2648" WIDTH="11" />
<SP HEIGHT="41" HPOS="179" VPOS="2617" WIDTH="36" />
<String CONTENT="Pre-war" HEIGHT="41" HPOS="216" VPOS="2617" WIDTH="215" />
<SP HEIGHT="38" HPOS="432" VPOS="2618" WIDTH="33" />
<String CONTENT="America.&#8212;IV." CS="1" HEIGHT="40" HPOS="466" VPOS="2617" WIDTH="370" />
<SP HEIGHT="40" HPOS="837" VPOS="2617" WIDTH="38" />
<String CONTENT="The" HEIGHT="40" HPOS="876" VPOS="2617" WIDTH="100" />
<SP HEIGHT="30" HPOS="977" VPOS="2627" WIDTH="37" />
<String CONTENT="war" HEIGHT="30" HPOS="1015" VPOS="2627" WIDTH="104" />
<SP HEIGHT="40" HPOS="1120" VPOS="2617" WIDTH="34" />
<String CONTENT="begins," HEIGHT="47" HPOS="1155" VPOS="2617" WIDTH="180" />
<SP HEIGHT="46" HPOS="1336" VPOS="2618" WIDTH="39" />
<String CONTENT="1909-1914.&#8212;V." CS="1" HEIGHT="43" HPOS="1376" VPOS="2617" WIDTH="389" />
<SP HEIGHT="41" HPOS="1766" VPOS="2619" WIDTH="39" />
<String CONTENT="Over" HEIGHT="41" HPOS="1806" VPOS="2619" WIDTH="125" />
<SP HEIGHT="39" HPOS="1932" VPOS="2621" WIDTH="39" />
<String CONTENT="here," HEIGHT="43" HPOS="1972" VPOS="2621" WIDTH="126" />
</TextLine>
<TextLine HEIGHT="50" HPOS="175" VPOS="2676" WIDTH="1563">
<String CONTENT="ner&#8217;s" HEIGHT="40" HPOS="175" VPOS="2677" WIDTH="126" />
<SP HEIGHT="29" HPOS="302" VPOS="2688" WIDTH="25" />
<String CONTENT="sons." HEIGHT="28" HPOS="328" VPOS="2688" WIDTH="125" />
<SP HEIGHT="29" HPOS="454" VPOS="2697" WIDTH="58" />
<String CONTENT="[Copyright," HEIGHT="50" HPOS="513" VPOS="2676" WIDTH="281" />
<SP HEIGHT="38" HPOS="795" VPOS="2676" WIDTH="23" />
<String CONTENT="is" HEIGHT="40" HPOS="819" VPOS="2676" WIDTH="41" />
<SP HEIGHT="29" HPOS="861" VPOS="2687" WIDTH="26" />
<String CONTENT="claimed" HEIGHT="40" HPOS="888" VPOS="2676" WIDTH="205" />
<SP HEIGHT="39" HPOS="1094" VPOS="2677" WIDTH="25" />
<String CONTENT="on" HEIGHT="29" HPOS="1120" VPOS="2686" WIDTH="58" />
<SP HEIGHT="36" HPOS="1179" VPOS="2688" WIDTH="28" />
<String CONTENT="preface]" HEIGHT="49" HPOS="1208" VPOS="2677" WIDTH="211" />
<SP HEIGHT="48" HPOS="1420" VPOS="2678" WIDTH="67" />
<String CONTENT="(36-7107)" HEIGHT="47" HPOS="1488" VPOS="2678" WIDTH="250" />
</TextLine>
<TextLine CS="1" HEIGHT="110" HPOS="107" VPOS="2744" WIDTH="1978">
<String CONTENT="&#169;" HEIGHT="52" HPOS="107" VPOS="2744" WIDTH="53" />
<SP HEIGHT="52" HPOS="161" VPOS="2744" WIDTH="27" />
<String CONTENT="Jan." HEIGHT="38" HPOS="189" VPOS="2749" WIDTH="108" />
<SP HEIGHT="39" HPOS="298" VPOS="2748" WIDTH="29" />
<String CONTENT="15," HEIGHT="46" HPOS="328" VPOS="2748" WIDTH="68" />
<SP HEIGHT="46" HPOS="397" VPOS="2748" WIDTH="29" />
<String CONTENT="1936;" HEIGHT="45" HPOS="427" VPOS="2747" WIDTH="139" />
<SP HEIGHT="46" HPOS="567" VPOS="2746" WIDTH="30" />
<String CONTENT="2c" HEIGHT="40" HPOS="598" VPOS="2746" WIDTH="56" />
<SP HEIGHT="28" HPOS="655" VPOS="2758" WIDTH="26" />
<String CONTENT="each" HEIGHT="38" HPOS="682" VPOS="2748" WIDTH="116" />
<SP HEIGHT="39" HPOS="799" VPOS="2746" WIDTH="31" />
<String CONTENT="Feb." HEIGHT="40" HPOS="831" VPOS="2746" WIDTH="109" />
<SP HEIGHT="39" HPOS="941" VPOS="2747" WIDTH="29" />
<String CONTENT="4;" HEIGHT="45" HPOS="971" VPOS="2747" WIDTH="53" />
<SP HEIGHT="35" HPOS="1025" VPOS="2757" WIDTH="29" />
<String CONTENT="aff." HEIGHT="40" HPOS="1055" VPOS="2746" WIDTH="81" />
<SP HEIGHT="38" HPOS="1137" VPOS="2748" WIDTH="31" />
<String CONTENT="Mar." HEIGHT="39" HPOS="1169" VPOS="2748" WIDTH="121" />
<SP HEIGHT="39" HPOS="1291" VPOS="2748" WIDTH="31" />
<String CONTENT="14;" HEIGHT="45" HPOS="1323" VPOS="2748" WIDTH="80" />
<SP HEIGHT="45" HPOS="1404" VPOS="2748" WIDTH="32" />
<String CONTENT="A" HEIGHT="38" HPOS="1437" VPOS="2748" WIDTH="42" />
<SP HEIGHT="40" HPOS="1480" VPOS="2747" WIDTH="26" />
<String CONTENT="92313;" HEIGHT="48" HPOS="1507" VPOS="2747" WIDTH="171" />
<SP HEIGHT="46" HPOS="1679" VPOS="2749" WIDTH="33" />
<String CONTENT="Charles" HEIGHT="41" HPOS="1713" VPOS="2749" WIDTH="202" />
<SP HEIGHT="39" HPOS="1916" VPOS="2751" WIDTH="34" />
<String CONTENT="Scribner&#8217;s" HEIGHT="95" HPOS="178" VPOS="2749" WIDTH="1907" />
<SP HEIGHT="29" HPOS="304" VPOS="2815" WIDTH="32" />
<String CONTENT="sons." HEIGHT="30" HPOS="337" VPOS="2813" WIDTH="124" />
<SP HEIGHT="29" HPOS="462" VPOS="2823" WIDTH="63" />
<String CONTENT="[Copyright" HEIGHT="50" HPOS="526" VPOS="2802" WIDTH="279" />
<SP HEIGHT="39" HPOS="806" VPOS="2803" WIDTH="33" />
<String CONTENT="is" HEIGHT="39" HPOS="840" VPOS="2803" WIDTH="41" />
<SP HEIGHT="28" HPOS="882" VPOS="2814" WIDTH="33" />
<String CONTENT="claimed" HEIGHT="39" HPOS="916" VPOS="2803" WIDTH="205" />
<SP HEIGHT="38" HPOS="1122" VPOS="2804" WIDTH="31" />
<String CONTENT="on" HEIGHT="28" HPOS="1154" VPOS="2814" WIDTH="60" />
<SP HEIGHT="38" HPOS="1215" VPOS="2804" WIDTH="32" />
<String CONTENT="Preface]" HEIGHT="49" HPOS="1248" VPOS="2803" WIDTH="216" />
<SP HEIGHT="47" HPOS="1465" VPOS="2805" WIDTH="75" />
<String CONTENT="(36-7107)" HEIGHT="49" HPOS="1541" VPOS="2805" WIDTH="250" />
</TextLine>
<TextLine HEIGHT="66" HPOS="107" STYLEREFS="StyleId-9A243E0C-ECBF-4E3A-9F10-74D78DAA9866-" VPOS="2905" WIDTH="1143">
<String CONTENT="Sutherland," HEIGHT="63" HPOS="107" VPOS="2907" WIDTH="375" />
<SP HEIGHT="62" HPOS="483" VPOS="2908" WIDTH="25" />
<String CONTENT="Halliday" HEIGHT="64" HPOS="509" VPOS="2906" WIDTH="277" />
<SP HEIGHT="64" HPOS="787" VPOS="2906" WIDTH="25" />
<String CONTENT="Gibson," HEIGHT="66" HPOS="813" VPOS="2905" WIDTH="237" />
<SP HEIGHT="58" HPOS="1051" VPOS="2913" WIDTH="28" />
<String CONTENT="1882-" HEIGHT="49" HPOS="1080" VPOS="2912" WIDTH="170" />
</TextLine>
<TextLine CS="1" HEIGHT="71" HPOS="177" STYLEREFS="StyleId-9A243E0C-ECBF-4E3A-9F10-74D78DAA9866-" VPOS="2981" WIDTH="1928">
<String CONTENT="Laws" HEIGHT="52" HPOS="177" VPOS="2984" WIDTH="165" />
<SP HEIGHT="34" HPOS="343" VPOS="3002" WIDTH="22" />
<String CONTENT="of" HEIGHT="54" HPOS="366" VPOS="2982" WIDTH="65" />
<SP HEIGHT="52" HPOS="432" VPOS="2982" WIDTH="22" />
<String CONTENT="life," HEIGHT="68" HPOS="455" VPOS="2981" WIDTH="122" />
<SP HEIGHT="66" HPOS="578" VPOS="2983" WIDTH="24" />
<String CONTENT="by" HEIGHT="66" HPOS="603" VPOS="2983" WIDTH="76" />
<SP HEIGHT="65" HPOS="680" VPOS="2984" WIDTH="24" />
<String CONTENT="Halliday" HEIGHT="68" HPOS="705" VPOS="2981" WIDTH="281" />
<SP HEIGHT="68" HPOS="987" VPOS="2981" WIDTH="27" />
<String CONTENT="Sutherland." HEIGHT="55" HPOS="1015" VPOS="2981" WIDTH="366" />
<SP HEIGHT="33" HPOS="1382" VPOS="3017" WIDTH="68" />
<String CONTENT="[New" CS="1" HEIGHT="53" HPOS="1468" VPOS="2984" WIDTH="139" />
<SP HEIGHT="54" HPOS="1608" VPOS="2983" WIDTH="26" />
<String CONTENT="York]" HEIGHT="69" HPOS="1635" VPOS="2983" WIDTH="179" />
<SP HEIGHT="67" HPOS="1815" VPOS="2985" WIDTH="31" />
<String CONTENT="Sheed" HEIGHT="55" HPOS="1847" VPOS="2985" WIDTH="184" />
<SP HEIGHT="52" HPOS="2032" VPOS="2987" WIDTH="25" />
<String CONTENT="&amp;" HEIGHT="50" HPOS="2058" VPOS="2989" WIDTH="47" />
</TextLine>
<TextLine HEIGHT="65" HPOS="105" STYLEREFS="StyleId-9A243E0C-ECBF-4E3A-9F10-74D78DAA9866-" VPOS="3062" WIDTH="386">
<String CONTENT="Ward," HEIGHT="65" HPOS="105" VPOS="3062" WIDTH="199" />
<SP HEIGHT="63" HPOS="305" VPOS="3064" WIDTH="36" />
<String CONTENT="1936." HEIGHT="50" HPOS="342" VPOS="3063" WIDTH="149" />
</TextLine>
<TextLine CS="1" HEIGHT="49" HPOS="214" VPOS="3133" WIDTH="798">
<String CONTENT="v," CS="1" HEIGHT="15" HPOS="214" VPOS="3165" WIDTH="8" />
<SP HEIGHT="45" HPOS="223" VPOS="3135" WIDTH="27" />
<String CONTENT="270" HEIGHT="40" HPOS="251" VPOS="3135" WIDTH="86" />
<SP HEIGHT="47" HPOS="338" VPOS="3135" WIDTH="23" />
<String CONTENT="p." HEIGHT="37" HPOS="362" VPOS="3145" WIDTH="42" />
<SP HEIGHT="41" HPOS="405" VPOS="3133" WIDTH="55" />
<String CONTENT="illus.," HEIGHT="47" HPOS="461" VPOS="3133" WIDTH="142" />
<SP HEIGHT="45" HPOS="604" VPOS="3135" WIDTH="26" />
<String CONTENT="diagrs." HEIGHT="48" HPOS="631" VPOS="3133" WIDTH="178" />
<SP HEIGHT="39" HPOS="810" VPOS="3134" WIDTH="56" />
<String CONTENT="19&#189;" CS="1" HEIGHT="40" HPOS="867" VPOS="3133" WIDTH="58" />
<String CONTENT="cm" HEIGHT="21" HPOS="953" STYLE="superscript" VPOS="3135" WIDTH="45" />
<String CONTENT="." HEIGHT="9" HPOS="1003" VPOS="3164" WIDTH="9" />
</TextLine>
<TextLine CS="1" HEIGHT="54" HPOS="110" VPOS="3202" WIDTH="1992">
<String CONTENT="&#169;" HEIGHT="52" HPOS="110" VPOS="3202" WIDTH="53" />
<SP HEIGHT="52" HPOS="164" VPOS="3202" WIDTH="28" />
<String CONTENT="Jan." HEIGHT="39" HPOS="193" VPOS="3206" WIDTH="108" />
<SP HEIGHT="39" HPOS="302" VPOS="3205" WIDTH="29" />
<String CONTENT="29," HEIGHT="47" HPOS="332" VPOS="3204" WIDTH="69" />
<SP HEIGHT="46" HPOS="402" VPOS="3205" WIDTH="32" />
<String CONTENT="1936;" CS="1" HEIGHT="41" HPOS="435" VPOS="3203" WIDTH="111" />
<SP HEIGHT="40" HPOS="574" VPOS="3204" WIDTH="33" />
<String CONTENT="2c." HEIGHT="39" HPOS="608" VPOS="3204" WIDTH="67" />
<SP HEIGHT="29" HPOS="676" VPOS="3214" WIDTH="29" />
<String CONTENT="and" HEIGHT="39" HPOS="706" VPOS="3204" WIDTH="95" />
<SP HEIGHT="39" HPOS="802" VPOS="3204" WIDTH="31" />
<String CONTENT="aff." HEIGHT="39" HPOS="834" VPOS="3204" WIDTH="81" />
<SP HEIGHT="39" HPOS="916" VPOS="3204" WIDTH="32" />
<String CONTENT="Feb." CS="1" HEIGHT="39" HPOS="949" VPOS="3204" WIDTH="109" />
<SP HEIGHT="39" HPOS="1059" VPOS="3204" WIDTH="29" />
<String CONTENT="3;" HEIGHT="46" HPOS="1089" VPOS="3204" WIDTH="53" />
<SP HEIGHT="46" HPOS="1143" VPOS="3204" WIDTH="29" />
<String CONTENT="A" HEIGHT="39" HPOS="1173" VPOS="3204" WIDTH="43" />
<SP HEIGHT="40" HPOS="1217" VPOS="3203" WIDTH="27" />
<String CONTENT="93031;" HEIGHT="48" HPOS="1245" VPOS="3203" WIDTH="170" />
<SP HEIGHT="45" HPOS="1416" VPOS="3206" WIDTH="34" />
<String CONTENT="H." HEIGHT="40" HPOS="1451" VPOS="3206" WIDTH="60" />
<SP HEIGHT="40" HPOS="1512" VPOS="3206" WIDTH="34" />
<String CONTENT="Sutherland," HEIGHT="50" HPOS="1547" VPOS="3206" WIDTH="309" />
<SP HEIGHT="47" HPOS="1857" VPOS="3209" WIDTH="33" />
<String CONTENT="London." HEIGHT="41" HPOS="1891" VPOS="3208" WIDTH="211" />
</TextLine>
<TextLine HEIGHT="48" HPOS="189" VPOS="3261" WIDTH="249">
<String CONTENT="(36-7089)" HEIGHT="48" HPOS="189" VPOS="3261" WIDTH="249" />
</TextLine>
<TextLine HEIGHT="67" HPOS="108" STYLEREFS="StyleId-A1FF212C-FBB6-4338-9A12-87094A0516CC-" VPOS="3362" WIDTH="840">
<String CONTENT="Tayler," HEIGHT="64" HPOS="108" VPOS="3365" WIDTH="229" />
<SP HEIGHT="63" HPOS="338" VPOS="3366" WIDTH="23" />
<String CONTENT="William" HEIGHT="55" HPOS="362" VPOS="3364" WIDTH="254" />
<SP HEIGHT="52" HPOS="617" VPOS="3364" WIDTH="23" />
<String CONTENT="Lonsdale." HEIGHT="55" HPOS="641" VPOS="3362" WIDTH="307" />
</TextLine>
<TextLine HEIGHT="68" HPOS="179" STYLEREFS="StyleId-9A243E0C-ECBF-4E3A-9F10-74D78DAA9866-" VPOS="3438" WIDTH="1926">
<String CONTENT="Federal" HEIGHT="54" HPOS="179" VPOS="3440" WIDTH="239" />
<SP HEIGHT="53" HPOS="419" VPOS="3440" WIDTH="32" />
<String CONTENT="states" HEIGHT="50" HPOS="452" VPOS="3444" WIDTH="170" />
<SP HEIGHT="36" HPOS="623" VPOS="3458" WIDTH="32" />
<String CONTENT="and" HEIGHT="52" HPOS="656" VPOS="3440" WIDTH="113" />
<SP HEIGHT="53" HPOS="770" VPOS="3439" WIDTH="28" />
<String CONTENT="labor" HEIGHT="54" HPOS="799" VPOS="3439" WIDTH="161" />
<SP HEIGHT="49" HPOS="961" VPOS="3444" WIDTH="29" />
<String CONTENT="treaties;" HEIGHT="68" HPOS="991" VPOS="3438" WIDTH="256" />
<SP HEIGHT="49" HPOS="1248" VPOS="3457" WIDTH="31" />
<String CONTENT="relations" HEIGHT="55" HPOS="1280" VPOS="3439" WIDTH="271" />
<SP HEIGHT="35" HPOS="1552" VPOS="3460" WIDTH="29" />
<String CONTENT="of" HEIGHT="52" HPOS="1582" VPOS="3444" WIDTH="65" />
<SP HEIGHT="54" HPOS="1648" VPOS="3442" WIDTH="31" />
<String CONTENT="federal" HEIGHT="55" HPOS="1680" VPOS="3442" WIDTH="219" />
<SP HEIGHT="53" HPOS="1900" VPOS="3444" WIDTH="31" />
<String CONTENT="states" HEIGHT="49" HPOS="1932" VPOS="3449" WIDTH="173" />
</TextLine>
<TextLine HEIGHT="76" HPOS="110" STYLEREFS="StyleId-9A243E0C-ECBF-4E3A-9F10-74D78DAA9866-" VPOS="3516" WIDTH="1992">
<String CONTENT="to" HEIGHT="48" HPOS="110" VPOS="3523" WIDTH="59" />
<SP HEIGHT="48" HPOS="170" VPOS="3524" WIDTH="29" />
<String CONTENT="the" HEIGHT="54" HPOS="200" VPOS="3518" WIDTH="94" />
<SP HEIGHT="53" HPOS="295" VPOS="3519" WIDTH="29" />
<String CONTENT="International" HEIGHT="54" HPOS="325" VPOS="3516" WIDTH="420" />
<SP HEIGHT="52" HPOS="746" VPOS="3517" WIDTH="29" />
<String CONTENT="labor" HEIGHT="54" HPOS="776" VPOS="3516" WIDTH="162" />
<SP HEIGHT="35" HPOS="939" VPOS="3535" WIDTH="28" />
<String CONTENT="organization" HEIGHT="70" HPOS="968" VPOS="3516" WIDTH="396" />
<SP HEIGHT="70" HPOS="1365" VPOS="3517" WIDTH="40" />
<String CONTENT="(a" HEIGHT="70" HPOS="1406" VPOS="3517" WIDTH="61" />
<SP HEIGHT="36" HPOS="1468" VPOS="3537" WIDTH="26" />
<String CONTENT="study" HEIGHT="69" HPOS="1495" VPOS="3520" WIDTH="172" />
<SP HEIGHT="51" HPOS="1668" VPOS="3538" WIDTH="26" />
<String CONTENT="of" HEIGHT="53" HPOS="1695" VPOS="3520" WIDTH="64" />
<SP HEIGHT="54" HPOS="1760" VPOS="3520" WIDTH="28" />
<String CONTENT="the" HEIGHT="53" HPOS="1789" VPOS="3521" WIDTH="96" />
<SP HEIGHT="35" HPOS="1886" VPOS="3540" WIDTH="27" />
<String CONTENT="origin" HEIGHT="71" HPOS="1914" VPOS="3521" WIDTH="188" />
</TextLine>
<TextLine CS="1" HEIGHT="133" HPOS="114" STYLEREFS="StyleId-9A243E0C-ECBF-4E3A-9F10-74D78DAA9866-" VPOS="3594" WIDTH="1967">
<String CONTENT="and" HEIGHT="53" HPOS="114" VPOS="3597" WIDTH="114" />
<SP HEIGHT="53" HPOS="229" VPOS="3597" WIDTH="26" />
<String CONTENT="application" HEIGHT="67" HPOS="256" VPOS="3597" WIDTH="349" />
<SP HEIGHT="34" HPOS="606" VPOS="3613" WIDTH="32" />
<String CONTENT="of" HEIGHT="51" HPOS="639" VPOS="3596" WIDTH="63" />
<SP HEIGHT="51" HPOS="703" VPOS="3596" WIDTH="29" />
<String CONTENT="art." HEIGHT="46" HPOS="733" VPOS="3601" WIDTH="105" />
<SP HEIGHT="48" HPOS="839" VPOS="3599" WIDTH="33" />
<String CONTENT="19," HEIGHT="63" HPOS="873" VPOS="3599" WIDTH="81" />
<SP HEIGHT="49" HPOS="955" VPOS="3614" WIDTH="25" />
<String CONTENT="par." HEIGHT="50" HPOS="981" VPOS="3613" WIDTH="122" />
<SP HEIGHT="49" HPOS="1104" VPOS="3599" WIDTH="31" />
<String CONTENT="9," HEIGHT="63" HPOS="1136" VPOS="3599" WIDTH="49" />
<SP HEIGHT="49" HPOS="1186" VPOS="3613" WIDTH="28" />
<String CONTENT="of" HEIGHT="55" HPOS="1215" VPOS="3594" WIDTH="65" />
<SP HEIGHT="54" HPOS="1281" VPOS="3594" WIDTH="27" />
<String CONTENT="its" HEIGHT="53" HPOS="1309" VPOS="3596" WIDTH="77" />
<SP HEIGHT="35" HPOS="1387" VPOS="3614" WIDTH="26" />
<String CONTENT="constitution)" HEIGHT="71" HPOS="1414" VPOS="3596" WIDTH="399" />
<SP HEIGHT="68" HPOS="1814" VPOS="3599" WIDTH="41" />
<String CONTENT="by" HEIGHT="69" HPOS="1856" VPOS="3599" WIDTH="75" />
<SP HEIGHT="68" HPOS="1932" VPOS="3600" WIDTH="29" />
<String CONTENT="William" HEIGHT="127" HPOS="116" VPOS="3600" WIDTH="1965" />
</TextLine>
<TextLine HEIGHT="71" HPOS="279" STYLEREFS="StyleId-9A243E0C-ECBF-4E3A-9F10-74D78DAA9866-" VPOS="3673" WIDTH="1828">
<String CONTENT="Lonsdale" HEIGHT="52" HPOS="279" VPOS="3675" WIDTH="280" />
<SP HEIGHT="52" HPOS="560" VPOS="3675" WIDTH="29" />
<String CONTENT="Tayler" HEIGHT="66" HPOS="590" VPOS="3675" WIDTH="210" />
<SP HEIGHT="32" HPOS="801" VPOS="3693" WIDTH="33" />
<String CONTENT="..." HEIGHT="9" HPOS="835" VPOS="3716" WIDTH="55" />
<SP HEIGHT="33" HPOS="891" VPOS="3692" WIDTH="34" />
<String CONTENT="with" HEIGHT="52" HPOS="926" VPOS="3673" WIDTH="139" />
<SP HEIGHT="53" HPOS="1066" VPOS="3673" WIDTH="31" />
<String CONTENT="a" HEIGHT="34" HPOS="1098" VPOS="3692" WIDTH="31" />
<SP HEIGHT="53" HPOS="1130" VPOS="3673" WIDTH="31" />
<String CONTENT="foreword" HEIGHT="54" HPOS="1162" VPOS="3673" WIDTH="286" />
<SP HEIGHT="53" HPOS="1449" VPOS="3675" WIDTH="29" />
<String CONTENT="by" HEIGHT="69" HPOS="1479" VPOS="3675" WIDTH="76" />
<SP HEIGHT="69" HPOS="1556" VPOS="3675" WIDTH="30" />
<String CONTENT="Samuel" HEIGHT="56" HPOS="1587" VPOS="3675" WIDTH="228" />
<SP HEIGHT="52" HPOS="1816" VPOS="3679" WIDTH="31" />
<String CONTENT="McCune" HEIGHT="55" HPOS="1848" VPOS="3679" WIDTH="259" />
</TextLine>
<TextLine HEIGHT="70" HPOS="115" STYLEREFS="StyleId-9A243E0C-ECBF-4E3A-9F10-74D78DAA9866-" VPOS="3751" WIDTH="1403">
<String CONTENT="Lindsay" HEIGHT="69" HPOS="115" VPOS="3752" WIDTH="252" />
<SP HEIGHT="50" HPOS="368" VPOS="3771" WIDTH="32" />
<String CONTENT="..." HEIGHT="10" HPOS="401" VPOS="3795" WIDTH="55" />
<SP HEIGHT="52" HPOS="457" VPOS="3753" WIDTH="68" />
<String CONTENT="New" HEIGHT="52" HPOS="526" VPOS="3753" WIDTH="138" />
<SP HEIGHT="51" HPOS="665" VPOS="3753" WIDTH="32" />
<String CONTENT="York" HEIGHT="53" HPOS="698" VPOS="3751" WIDTH="162" />
<SP HEIGHT="67" HPOS="861" VPOS="3751" WIDTH="33" />
<String CONTENT="[Apollo" HEIGHT="68" HPOS="895" VPOS="3751" WIDTH="231" />
<SP HEIGHT="50" HPOS="1127" VPOS="3769" WIDTH="27" />
<String CONTENT="press]" HEIGHT="50" HPOS="1155" VPOS="3769" WIDTH="174" />
<SP HEIGHT="63" HPOS="1330" VPOS="3756" WIDTH="37" />
<String CONTENT="1935." HEIGHT="50" HPOS="1368" VPOS="3756" WIDTH="150" />
</TextLine>
<TextLine CS="1" HEIGHT="48" HPOS="185" VPOS="3826" WIDTH="331">
<String CONTENT="171" HEIGHT="39" HPOS="185" VPOS="3827" WIDTH="82" />
<SP HEIGHT="47" HPOS="268" VPOS="3827" WIDTH="28" />
<String CONTENT="p." HEIGHT="37" HPOS="297" VPOS="3837" WIDTH="43" />
<SP HEIGHT="41" HPOS="341" VPOS="3826" WIDTH="59" />
<String CONTENT="22" HEIGHT="39" HPOS="401" VPOS="3826" WIDTH="58" />
<String CONTENT="cm" CS="1" HEIGHT="20" HPOS="460" STYLE="superscript" VPOS="3829" WIDTH="15" />
<String CONTENT="." HEIGHT="8" HPOS="508" VPOS="3857" WIDTH="8" />
</TextLine>
<TextLine CS="1" HEIGHT="49" HPOS="185" VPOS="3881" WIDTH="692">
<String CONTENT="Bibliography;" CS="1" HEIGHT="49" HPOS="185" VPOS="3881" WIDTH="347" />
<SP HEIGHT="38" HPOS="559" VPOS="3892" WIDTH="30" />
<String CONTENT="p." HEIGHT="38" HPOS="590" VPOS="3892" WIDTH="44" />
<SP HEIGHT="40" HPOS="635" VPOS="3882" WIDTH="26" />
<String CONTENT="159-167." HEIGHT="41" HPOS="662" VPOS="3881" WIDTH="215" />
</TextLine>
<TextLine CS="1" HEIGHT="58" HPOS="116" VPOS="3947" WIDTH="1988">
<String CONTENT="&#169;" HEIGHT="52" HPOS="116" VPOS="3947" WIDTH="52" />
<SP HEIGHT="52" HPOS="169" VPOS="3947" WIDTH="34" />
<String CONTENT="Dec." HEIGHT="38" HPOS="204" VPOS="3953" WIDTH="108" />
<SP HEIGHT="39" HPOS="313" VPOS="3952" WIDTH="36" />
<String CONTENT="28," CS="1" HEIGHT="47" HPOS="350" VPOS="3952" WIDTH="69" />
<SP HEIGHT="46" HPOS="420" VPOS="3953" WIDTH="35" />
<String CONTENT="1935;" CS="1" HEIGHT="39" HPOS="456" VPOS="3952" WIDTH="112" />
<SP HEIGHT="40" HPOS="595" VPOS="3952" WIDTH="40" />
<String CONTENT="2c." HEIGHT="38" HPOS="636" VPOS="3952" WIDTH="66" />
<SP HEIGHT="28" HPOS="703" VPOS="3961" WIDTH="37" />
<String CONTENT="and" HEIGHT="38" HPOS="741" VPOS="3952" WIDTH="95" />
<SP HEIGHT="38" HPOS="837" VPOS="3952" WIDTH="37" />
<String CONTENT="aff." HEIGHT="40" HPOS="875" VPOS="3950" WIDTH="80" />
<SP HEIGHT="38" HPOS="956" VPOS="3951" WIDTH="39" />
<String CONTENT="Dec." HEIGHT="39" HPOS="996" VPOS="3951" WIDTH="111" />
<SP HEIGHT="40" HPOS="1108" VPOS="3951" WIDTH="35" />
<String CONTENT="30;" CS="1" HEIGHT="41" HPOS="1144" VPOS="3950" WIDTH="61" />
<SP HEIGHT="45" HPOS="1229" VPOS="3952" WIDTH="39" />
<String CONTENT="A" HEIGHT="38" HPOS="1269" VPOS="3952" WIDTH="41" />
<SP HEIGHT="40" HPOS="1311" VPOS="3951" WIDTH="34" />
<String CONTENT="90115;" CS="1" HEIGHT="42" HPOS="1346" VPOS="3951" WIDTH="147" />
<SP HEIGHT="44" HPOS="1518" VPOS="3956" WIDTH="38" />
<String CONTENT="W." HEIGHT="39" HPOS="1557" LANG="fr" VPOS="3956" WIDTH="70" />
<SP HEIGHT="38" HPOS="1628" VPOS="3957" WIDTH="38" />
<String CONTENT="L." HEIGHT="39" HPOS="1667" VPOS="3957" WIDTH="50" />
<SP HEIGHT="38" HPOS="1718" VPOS="3958" WIDTH="38" />
<String CONTENT="Tayler," HEIGHT="47" HPOS="1757" VPOS="3958" WIDTH="189" />
<SP HEIGHT="44" HPOS="1947" VPOS="3961" WIDTH="38" />
<String CONTENT="New" HEIGHT="40" HPOS="1986" VPOS="3961" WIDTH="118" />
</TextLine>
<TextLine HEIGHT="46" HPOS="185" VPOS="4008" WIDTH="454">
<String CONTENT="York." HEIGHT="41" HPOS="185" VPOS="4008" WIDTH="142" />
<SP HEIGHT="46" HPOS="328" VPOS="4008" WIDTH="61" />
<String CONTENT="(36-7084)" HEIGHT="46" HPOS="390" VPOS="4008" WIDTH="249" />
</TextLine>
</TextBlock>
</PrintSpace>
</Page>
</Layout>
</alto>