2519 4377
1071 4117 131 52 1261

199 553 418 50 “Bibliographie”:
684 565 40 37 p.
766 552 245 53 [240]-242.

125 605 1529 62 © May 27, 1936; 1c. July 11; A-Foreign 32323; Payot.
205 668 279 50 (36-19569)

125 770 287 64 Sakolski,
438 772 200 53 Aaron
666 773 253 61 Morton,
949 776 169 51 1880-

196 849 303 53 American
529 848 284 54 economic
838 848 393 68 development;
1292 866 70 33 an
1392 845 386 56 introduction
1806 852 58 47 to
1895 851 221 63 present

129 926 281 57 economic
440 926 300 68 problems,
765 925 75 69 by
868 925 71 53 A.
970 926 79 52 M.
1083 923 262 58 Sakolski
1376 925 111 54 and
1519 925 208 67 Myron
1758 925 62 52 L.
1854 925 166 53 Hoch

130 1004 137 54 New
295 1004 180 68 York,
499 1006 64 50 T.
592 1005 211 53 Nelson
830 1004 112 53 and
969 1021 147 49 sons,
1146 1006 148 50 1936.

197 1074 1190 55 1 p. l., v-xii, 11-448 p. illus., diagrs. 21cm.
200 1133 231 41 “General
477 1133 335 49 bibliography
856 1134 96 39 and
996 1142 166 32 source
1205 1129 278 45 materials”:
1557 1143 44 37 p.
1646 1130 152 43 ix-xii;
1875 1132 242 42 “Selected

129 1188 298 43 references”
455 1191 53 39 at
536 1190 90 40 end
655 1190 52 40 of
737 1188 115 42 each
883 1189 211 48 chapter.

129 1238 1993 63 © Sept. 11, 1936; 2c. and aff. Sept. 12; A 97765; Thomas Nelson & sons.
208 1302 279 50 (36-19534)

127 1404 285 64 Schnack,
443 1405 219 53 Anton.

260 1477 1414 72 … Kleines lesebuch. Leipzig, P. List [c1935]
200 1553 68 47 61,
303 1553 53 49 [3]
388 1563 42 37 p.
490 1553 115 40 19cm.

129 1604 1997 62 © Oct. 8, 1935; 1c. Mar. 19, 1936; A-Foreign 31034; Paul List verlag.
130 1728 337 63 Schneider,
492 1730 231 53 Hanna.

203 1806 94 52 Du
337 1805 115 53 bist
489 1806 184 52 meine
714 1823 187 50 grosse
944 1805 160 67 liebe,
1147 1823 196 35 roman
1388 1824 110 35 von
1541 1807 212 58 Hanna
1801 1807 323 56 Schneider.

133 1880 737 72 Leipzig, F. Rothbarth [c1936]
199 1956 100 47 381,
331 1957 55 48 [1]
419 1967 42 38 p.
521 1956 114 40 19cm.

130 2007 2000 61 © Apr. 30, 1936; 1c. Aug. 18; A -Foreign 32682; Friedrich Rothbarth.
212 2068 279 50 (36-19421)

132 2171 283 66 Seabury,
448 2170 208 67 David,
692 2177 170 51 1885-

204 2246 1926 76 How to worry successfully, by David Seabury … Boston.
135 2328 196 66 Little,
361 2329 229 65 Brown,
621 2329 110 52 and
764 2345 297 51 company,
1094 2331 149 51 1936.

204 2399 654 52 6 p. l., [3]-358 p. 22½cm.
134 2452 53 54 ©
215 2457 127 48 Sept.
369 2458 67 46 11,
464 2457 114 40 1936;
632 2457 67 39 2c.
728 2456 94 41 and
850 2458 81 40 aff.
962 2458 127 47 Sept.
1116 2458 81 47 12;
1227 2459 40 38 A
1294 2459 169 47 97766;
1494 2461 55 38 D.
1582 2460 229 50 Seabury,
1840 2462 118 39 New
1986 2461 145 42 York.

217 2512 278 50 (36-19431)

134 2616 246 63 Snyder,
408 2618 138 53 Mrs.
573 2615 375 56 Wilhelmina
976 2616 197 65 Emily
1203 2618 251 65 (Weiss)

206 2692 120 52 The
355 2691 535 56 leathercraftsman;
952 2712 34 34 a
1012 2692 272 55 textbook
1312 2713 71 34 on
1412 2694 394 70 leatherwork,
1835 2698 76 68 by
1939 2699 92 53 W.
2062 2700 68 52 E.

138 2768 1989 77 Snyder … Worcester, Mass. [Printed by the Davis press, inc.]
137 2849 150 52 1936.

207 2920 86 41 176
321 2932 43 38 p.
423 2921 164 47 front.,
619 2921 143 48 illus.,
794 2923 179 48 diagrs.
1030 2921 118 43 24cm.

139 2973 54 54 ©
219 2978 129 39 June
373 2977 70 48 18,
470 2977 142 48 1936;
641 2978 70 41 2c.
741 2980 129 40 June
892 2980 84 46 20;
1009 2979 82 41 aff.
1121 2982 127 38 June
1275 2981 83 47 22;
1389 2983 42 40 A
1458 2982 173 49 96102;
1664 2985 188 41 Graton
1878 2988 39 39 &
1947 2986 189 50 Knight

207 3043 81 39 co.,
319 3035 285 40 Worcester.
671 3034 280 49 (36-19768)

139 3122 1392 69 Solms-Braunfels, Karl, fürst zu, 1 812-1875.
209 3200 201 66 Texas,
436 3203 325 66 1844-1845,
785 3202 76 68 by
885 3202 152 68 Carl,
1062 3203 195 68 prince
1280 3205 64 54 of
1370 3205 525 60 Solms-Braunfels;

141 3214 1969 121 translated
341 3277 152 54 from
537 3280 96 51 the
679 3278 266 56 German.
1019 3281 284 68 Houston,
1346 3285 156 67 Tex.,
1547 3288 122 53 The
1712 3288 200 54 Anson
1958 3292 177 54 Jones

141 3373 171 50 press,
346 3359 149 51 1936.

215 3427 1775 60 7 p. l., 141, [3] p. incl. front, (port.) illus. (incl. plans) 28½cm.
213 3484 139 48 Maps
382 3494 61 31 on
471 3484 363 51 lining-papers.

217 3540 1916 63 “Of this first edition … seven hundred and fifty copies have been
147 3596 203 50 printed,
381 3598 51 39 of
460 3598 158 41 which
645 3599 101 41 this
771 3600 45 41 is
841 3600 129 41 175.”

214 3654 42 40 A
286 3654 395 49 “contemporary
710 3655 322 42 translation”
1064 3657 51 43 of
1142 3670 27 29 a
1198 3661 134 40 work
1362 3661 108 41 first
1499 3664 253 48 published
1783 3669 49 40 in
1863 3669 274 43 Frankfurt

145 3719 78 30 am
254 3709 148 49 Main,
432 3710 127 48 1846,
593 3712 151 39 under
777 3713 134 41 title;
942 3714 172 42 Texas.
1176 3716 304 43 Geschildert
1511 3721 48 39 in
1591 3722 265 48 beziehung
1887 3727 88 38 auf
2006 3727 131 42 seine

147 3766 422 50 geographischen,
603 3769 210 41 socialen
846 3771 97 39 und
973 3771 200 49 übrigen
1237 3774 293 43 verhältnisse
1561 3779 89 40 mit
1681 3780 288 43 besonderer
2003 3786 135 40 rück-

147 3822 126 41 sicht
299 3824 89 39 auf
418 3824 78 41 die
525 3825 230 41 deutsche
785 3827 332 42 colonisation.

494 3881 132 48 CONTENTS—pt.
663 3880 40 41 1.
739 3882 41 40 A
814 3883 137 40 short
983 3886 276 49 geography
1295 3888 51 40 of
1381 3889 233 41 Texas.—
1616 3893 70 47 pt.
1725 3891 41 43 2.
1804 3895 333 45 Colonization

147 3934 51 40 in
222 3937 194 46 general
444 3937 95 40 and
568 3937 210 42 German
803 3940 320 42 colonization
1152 3943 50 39 in
1227 3944 286 48 particular.

146 3988 53 53 ©
225 3994 111 46 Apr.
367 3994 67 45 15,
464 3993 111 41 1936;
632 3995 69 40 2c.
730 3996 113 47 May
871 3997 53 40 13;
983 3998 81 40 aff.
1094 4000 113 46 May
1236 4002 58 40 18;
1348 4003 40 39 A
1416 4003 143 43 95238;
1618 4007 163 41 Anson
1810 4011 147 39 Jones
1986 4022 150 37 press,

216 4048 90 42 inc.
372 4049 277 50 (36-19551)
