2519 4377
1351 4154 100 49 900

388 434 265 65 Douglas
696 436 116 53 and
861 435 364 66 Clydesdale,
1275 437 263 64 Douglas
1586 436 618 66 Douglas-Hamilton,
458 456 1917 123 marquis
609 513 81 67 of,
720 517 171 50 1903-

460 591 122 54 The
616 591 193 68 pilots’
842 591 149 54 book
1021 591 64 54 of
1121 592 256 68 Everest,
1410 593 76 67 by
1524 593 302 68 Squadron
1858 594 222 54 Leader
2114 595 97 54 the
388 594 1990 143 Marquess

594 669 1802 72 of Douglas and Clydesdale … and Flight Lieutenant
390 748 71 53 D.
498 749 65 51 F.
600 747 316 70 M’Intyre;
951 749 141 53 with
1129 768 31 35 a
1198 748 230 70 preface
1462 750 76 68 by
1574 750 242 55 Lt.-Col.
1854 752 97 53 the
1986 751 94 53 Rt.
2115 751 154 54 Hon.
2307 752 94 53 the

390 827 2006 71 Lord Tweedsmuir … Garden City, N. Y., Doubleday, Doran
390 908 45 50 &
463 924 300 51 company,
789 903 127 71 inc.,
946 909 151 51 1936.

459 979 1938 53 xvi p., 1 l., 270 p. illus. (incl. maps) plates (part fold.) 2 port. (incl.
389 1037 175 48 front.)
631 1037 60 40 22
691 1039 45 22 cm
739 1067 9 10 .

462 1095 140 48 Maps
631 1104 61 31 on
721 1093 361 51 lining-papers.

463 1150 161 43 “First
656 1151 226 41 edition.”

393 1217 52 53 ©
479 1222 127 40 June
639 1221 69 49 19,
743 1221 140 47 1936;
917 1221 68 42 2c.
1020 1222 96 40 and
1150 1222 82 41 aff.
1268 1224 127 39 June
1428 1222 83 47 24;
1548 1222 43 43 A
1622 1222 171 46 95819;
1831 1222 302 49 Doubleday,
2167 1223 168 40 Doran
2369 1224 35 41 &

462 1288 82 37 co.,
571 1278 92 42 inc.
729 1278 282 50 (36-14899)

393 1384 346 64 Eisenbeth,
765 1384 283 54 Maurice.

526 1460 1592 71 … Les Juifs de l’Afrique du Nord, démographie &
393 1481 1988 127 onomastique.
659 1539 269 69 Ouvrage
973 1541 213 52 honoré
1229 1540 167 54 d’une
1440 1540 337 55 subvention
1821 1542 76 52 du
1944 1540 461 56 Gouvernement

394 1620 232 68 général
660 1621 68 53 de
763 1619 291 69 l’Algérie.
1130 1619 199 69 Alger,
1363 1620 363 67 Imprimerie
1760 1621 77 53 du
1872 1621 171 68 lycée,
2081 1624 151 50 1936.

464 1693 1476 49 2 p. l., 7-189 p. incl. maps, tables. 2 fold. tab. 28½ cm .
465 1750 168 41 “Suite
662 1751 28 39 à
718 1754 137 37 notre
885 1751 129 41 essai
1044 1752 77 39 ‘Le
1148 1750 245 50 judaïsme
1418 1750 367 42 nord-africain’
1819 1751 334 49 [Constantine
2183 1751 221 50 1931]”—

391 1818 43 38 p.
463 1809 39 40 7.

464 1864 350 50 Bibliography:
872 1876 43 38 p.
944 1865 157 41 72-73.

393 1924 2013 53 © Apr. 2, 1936; 1c. May 14; A-Foreign 31826; M. Eisenbeth, Alger
475 1984 244 49 (Algérie)
756 1985 200 40 France.
1024 1985 283 50 (36-15388)

394 2089 308 65 Emerson,
734 2089 247 54 Charles
1008 2088 266 65 Phillips,
1308 2090 171 55 1872-

525 2163 1732 70 … Essentials of medicine; a text-book of medicine for
393 2169 1987 129 students
580 2242 319 72 beginning
925 2263 30 35 a
980 2243 244 56 medical
1248 2262 212 52 course,
1488 2242 94 56 for
1605 2263 215 50 nurses,
1847 2244 113 54 and
1988 2243 93 56 for
2109 2244 77 56 all
2215 2244 190 55 others

394 2320 306 57 interested
726 2323 61 53 in
812 2324 95 52 the
934 2342 126 34 care
1089 2322 64 54 of
1182 2324 94 52 the
1305 2322 138 70 sick,
1469 2322 76 70 by
1576 2322 237 55 Charles
1842 2322 254 70 Phillips
2127 2323 277 54 Emerson

455 2400 1949 70 … Nellie Gates Brown … assisting in this revision. Illustrated
393 2478 75 71 by
492 2481 95 53 the
614 2480 223 53 author.
899 2481 131 52 12th
1056 2481 105 67 ed.,
1185 2498 114 35 rev.
1361 2478 430 71 Philadelphia,
1817 2480 242 54 London
2217 2511 13 35 [etc.]
2257 2478 56 56 J.
2336 2479 67 53 B.

392 2556 343 71 Lippincott
767 2576 284 51 company
1091 2592 13 34 [
1108 2565 18 21 c
1133 2561 152 65 1936]

466 2632 98 48 xxi,
598 2632 86 41 608
717 2642 42 38 p.
820 2632 143 48 illus.,
994 2632 78 54 pi.,
1104 2632 179 48 diagrs.
1344 2631 117 41 21cm.
1533 2630 342 50 (Lippincott’s
1910 2631 204 48 nursing
2148 2630 248 50 manuals)

397 2688 52 53 ©
484 2693 127 39 June
647 2692 69 45 15,
753 2691 141 47 1936;
932 2691 67 41 2c.
1037 2691 95 39 and
1166 2691 80 40 aff.
1285 2692 127 39 June
1445 2690 83 48 24;
1566 2691 40 40 A
1641 2690 172 47 96131;
1853 2692 42 39 J.
1933 2692 55 40 B.
2025 2689 280 50 Lippincott
2338 2700 68 30 co.

476 2748 282 48 (36-14883)

397 2852 138 52 Fair
559 2850 345 67 publishing
928 2868 307 49 company,
1258 2853 145 53 Fort
1431 2851 221 66 Worth,
1678 2854 133 52 Tex.

465 2927 1940 71 A century of Texas cattle brands … Fort Worth, Tex.,
395 3005 123 53 The
544 3006 141 53 Fair
710 3005 338 71 publishing
1075 3025 282 51 company
1572 3039 13 34 [c1936]

462 3079 800 50 2 p. l., 7-80 p. illus. 23½ cm .
749 3138 336 46 CONTENTS.—Foreword,
1126 3138 61 47 by
1229 3138 54 40 A.
1327 3137 53 42 G.
1425 3137 292 41 Carter.—A
1755 3136 129 43 brief
1926 3136 186 42 outline
2153 3136 53 40 of
2247 3136 160 40 Texas

396 3193 203 51 history,
629 3196 62 47 by
722 3195 145 41 Peter
897 3194 552 50 Molyneaux.—Sketch
1482 3194 53 42 of
1565 3196 81 39 the
1678 3195 160 40 Texas
1870 3194 149 41 cattle
2052 3195 226 46 industry
2310 3194 95 39 and

398 3250 144 50 Story
576 3253 53 40 of
664 3253 150 41 cattle
846 3253 197 49 brands,
1078 3253 62 47 by
1177 3253 166 40 Frank
1377 3253 198 46 Reeves,
1614 3252 167 41 sr.—A
1820 3251 384 48 representative
397 3249 1991 101 collection
527 3310 53 41 of
607 3311 161 40 Texas
797 3311 148 40 cattle
975 3310 183 41 brands
1189 3311 144 40 listed
1367 3309 378 49 alphabetically
1774 3309 61 47 by
1865 3309 219 40 counties
2128 3309 66 49 (p.
2227 3306 168 49 19-79)

398 3366 53 53 ©
478 3371 127 39 June
630 3369 69 49 26,
728 3369 140 41 1936:
898 3370 67 40 2c.
993 3370 93 39 and
1116 3369 82 43 aff.
1227 3369 116 47 July
1366 3369 25 39 2;
1450 3370 39 39 A
1516 3368 143 42 95892;
1719 3367 117 41 Fair
1864 3368 110 48 pub.
2003 3378 67 30 co.

478 3427 283 48 (36-14880)

398 3530 205 67 Faust,
630 3530 199 56 Oliver
857 3530 324 65 Cromwell,
1211 3537 172 50 1859-

467 3607 54 52 A
554 3607 230 54 treatise
818 3626 72 36 on
924 3608 95 53 the
1052 3607 403 68 construction,
1488 3606 297 70 repairing
1817 3606 112 53 and
1966 3605 212 70 tuning
2212 3604 64 54 of
2310 3604 95 53 the

396 3702 198 52 organ,
627 3683 301 73 including
961 3687 118 53 also
1113 3687 95 53 the
1239 3686 131 53 reed
1404 3703 199 51 organ,
1636 3685 95 53 the
1765 3683 361 55 orchestrelle
2162 3683 113 53 and
2310 3683 94 52 the

397 3759 2007 75 player-piano … by Oliver C. Faust … [Boston] Printed for
397 3843 561 67 the author [ c 1935]
464 3913 634 52 246 p. illus., port. 15½ cm.
468 3972 71 42 On
568 3983 143 31 cover:
767 3973 203 49 Organs,
1000 3973 331 41 construction
1359 3973 94 39 and
1483 3970 173 49 tuning;
1713 3969 347 49 player-piano.

400 4027 52 55 ©
497 4034 106 38 Dec.
641 4034 70 46 27,
753 4033 141 46 1935;
936 4033 66 39 2c.
1044 4032 95 40 and
1179 4032 82 41 aff.
1299 4032 131 40 June
1466 4030 68 47 12,
1575 4029 113 41 1936;
1757 4030 40 40 A
1837 4029 144 41 94875;
2053 4028 52 41 O.
2147 4028 49 41 C.
2238 4027 166 47 Faust,

468 4090 199 40 Boston.
742 4088 281 49 (36-14708)
