2519 4377
1061 4227 131 50 1961

145 433 222 67 [Addis,
396 435 136 51 Mrs.
563 435 179 51 Hazel
772 434 114 52 Iris
916 434 308 67 (Wilson)]
1261 440 171 50 1900-

140 512 1978 146 Mistress Mary, by Hazel Adair [pseud.] … London, Hutchinson & co., ltd. [1936]
214 660 85 42 288
325 672 43 38 p.
427 661 54 41 19
485 665 42 21 cm
534 694 7 8 .

142 714 1999 54 © 1c. Apr. 30, 1936; A ad int. 21487; pubd. Mar. 5; Hazel T. Addis,
213 775 223 44 Oxshott,
462 776 192 48 Surrey,
679 776 234 46 England.
976 775 281 51 (36-14272)

139 865 250 54 African
418 866 327 53 Methodist
776 865 310 66 Episcopal
1114 866 241 55 church.

208 941 120 55 The
367 942 254 55 doctrine
661 944 112 53 and
814 943 302 70 discipline
1152 944 65 55 of
1254 945 97 55 the
1387 944 71 54 A.
1496 945 79 54 M.
1613 945 66 53 E.
1718 945 240 67 church;
137 945 1979 129 published
354 1021 75 69 by
464 1023 166 52 order
666 1023 64 52 of
763 1024 96 52 the
894 1023 245 56 General
1174 1023 332 54 conference
1540 1024 132 53 held
1708 1023 61 53 in
1804 1025 139 53 New
1980 1025 162 52 York

138 1099 2004 72 city, N. Y., May, 1936, by Rev. D. M. Baxter … compiled by
138 1179 219 69 Bishop
388 1181 90 54 W.
511 1182 70 52 A.
615 1180 320 70 Fountain;
966 1181 211 53 elders;
1208 1183 137 52 Rev.
1437 1224 10 10 V.
1479 1182 78 51 M.
1589 1182 338 66 Townsend,
138 1181 1980 134 chairman;
341 1259 66 52 R.
454 1258 55 56 S.

551 1259 1592 69 Jenkins, general secretary … [and others] 31st
138 1355 112 36 rev.
299 1338 310 52 ed.—1936.
687 1337 426 69 Philadelphia,
1161 1341 120 64 Pa.,
1328 1339 71 53 A.
1446 1340 80 52 M.
1577 1338 68 53 E.
1693 1338 148 53 book
1886 1356 256 49 concern,

139 1421 148 50 1936.

209 1491 85 41 544
328 1502 42 35 p.
432 1491 54 39 14
489 1492 44 22 cm
538 1524 10 9 .

142 1544 53 53 ©
223 1548 126 48 Sept.
377 1548 68 48 15,
474 1546 140 48 1936;
643 1547 68 42 2c.
739 1547 102 42 Oot.
868 1547 53 48 9;
952 1548 83 40 aff.
1063 1548 117 39 Nov.
1208 1547 53 46 5;
1290 1548 39 39 A
1358 1546 200 47 100772;
1589 1546 134 40 Book
1749 1556 204 30 concern
1983 1546 53 39 of
2063 1546 82 41 the

211 1606 54 41 A.
294 1606 62 39 M.
385 1606 52 40 E.
468 1605 196 45 church.
696 1603 353 50 Philadelphia.
1118 1603 222 51 (37-557)

139 1682 212 63 Boone,
380 1682 227 64 Lester,
637 1683 84 53 ed.

210 1758 122 54 One
369 1759 260 53 hundred
669 1778 121 35 new
828 1759 434 54 declamations:
1303 1760 234 51 modern
1576 1759 160 54 short
1772 1759 260 66 speeches
2071 1776 73 35 on

139 1843 226 46 current
389 1837 243 66 subjects
656 1837 95 53 for
777 1838 141 53 class
942 1838 171 66 study
1137 1837 112 53 and
1274 1837 277 68 speaking
1574 1842 261 61 contests,
1860 1836 282 69 compiled

142 1914 2001 68 and edited by Lester Boone … New York, Noble and Noble,
139 1993 339 67 publishers,
503 1994 107 52 inc.
646 1997 172 64 [1936]

211 2064 137 49 xxiii,
375 2064 87 41 434
487 2076 43 37 p.
587 2065 128 43 illus.
771 2064 57 41 20½cm.

213 2122 164 40 “More
406 2123 121 39 than
558 2122 219 40 one-half
807 2123 52 39 of
889 2123 84 40 the
1003 2122 226 48 speeches
1261 2122 51 40 in
1344 2122 99 40 this
1475 2121 186 42 edition
1690 2121 128 40 have
1847 2120 120 41 been

141 2120 1985 99 delivered
280 2188 61 30 on
366 2189 130 30 some
522 2178 162 49 public
710 2179 221 40 occasion
960 2178 173 41 within
1162 2179 85 40 the
1269 2181 111 46 past
1408 2178 224 48 eighteen
1659 2177 209 50 months,
1897 2179 96 39 and
2020 2178 127 41 have

141 2236 222 49 replaced
395 2236 135 41 older
562 2236 227 48 speeches
822 2236 110 41 that
963 2236 243 49 appeared
1239 2236 49 40 in
1323 2235 83 42 the
1440 2239 97 39 two
1567 2234 228 51 previous
1829 2234 318 42 editions.”—

139 2303 44 38 p.
269 2326 9 8 IV.

142 2346 2001 54 © Mar. 10, 1936; 2c. May 21; aff. May 26; A 94589; Noble & Noble,
210 2407 177 48 pubrs.,
417 2407 91 41 inc.
566 2407 281 50 [Copyright
878 2407 42 40 is
949 2407 208 40 claimed
1158 2415 3 20 1
1185 2417 59 29 on
1274 2417 106 30 new
1411 2408 193 47 matter]

222 2463 251 49 (36-9421)

139 2540 231 63 Brown,
398 2541 261 52 Thomas
689 2540 157 65 Kite,
881 2546 171 50 1885-

210 2618 120 52 The
363 2617 328 66 secretary’s
724 2618 137 53 desk
891 2618 175 56 book;
1106 2636 28 34 a
1171 2617 234 53 modern
1437 2615 173 69 guide
1643 2622 58 48 to
1737 2624 213 48 correct
139 2617 1981 130 English
282 2696 138 52 with
454 2697 292 65 approved
779 2696 180 52 forms
991 2696 93 52 for
1116 2696 270 66 business,

141 2693 1999 147 official, and social correspondence, by Thomas Kite Brown, jr. … W. J. Pelo, A. M.
142 2851 110 53 and
292 2850 193 56 Violet
526 2853 242 64 Bender,
846 2894 8 9 A.
933 2895 8 10 B.
1018 2851 312 68 Including
1367 2852 120 52 The
1526 2851 268 55 Winston
1833 2850 308 69 simplified

142 2928 1999 69 dictionary, edited by William D. Lewis … and Edgar A.
144 3005 1997 70 Singer … Philadelphia, Chicago [etc.] The John C. Winston
141 3104 295 47 company,
466 3089 148 50 1936.

214 3156 60 48 vi,
303 3155 85 41 327,
433 3167 77 37 xx,
540 3156 86 41 940
652 3168 43 37 p.
755 3157 142 47 illus.,
926 3157 85 40 col.
1041 3157 171 48 plates.
1269 3156 58 41 20
1327 3160 45 21 cm
1378 3191 8 8 .

213 3213 101 40 The
339 3213 223 40 Winston
591 3212 257 49 simplified
878 3213 274 47 dictionary
1176 3214 91 39 has
1296 3213 177 48 special
1505 3215 97 47 t.-p.
1633 3213 96 41 and
1758 3215 225 46 separate
142 3213 1983 96 pagination.

214 3326 262 40 Published
515 3327 102 39 also
668 3326 229 48 (without
938 3327 102 39 The
1078 3325 223 42 Winston
1341 3325 259 50 simplified
1639 3325 299 49 dictionary)
1990 3327 151 40 under

143 3383 109 40 title
284 3383 128 39 “The
443 3382 288 48 secretary’s
765 3384 242 40 manual".

144 3435 53 53 ©
227 3441 113 46 Apr.
371 3440 39 47 7,
443 3439 140 47 1936;
617 3439 67 40 2c.
718 3441 112 46 May
859 3440 16 38 1:
945 3440 83 40 aff.
1061 3442 113 44 May
1204 3439 53 47 2;
1292 3441 39 38 A
1362 3439 173 48 94254;
1571 3440 128 41 John
1732 3440 49 41 C.
1815 3439 226 41 Winston
2072 3449 67 30 co.

217 3496 280 51 [Copyright
525 3496 42 39 is
597 3497 203 38 claimed
832 3507 57 29 on
923 3496 238 40 revisions
1193 3497 93 38 and
1319 3496 260 51 additions]

227 3553 251 49 (36-9867)

143 3617 295 65 Carleson,
465 3617 222 54 Lucille
711 3617 244 53 Iredale.

210 3708 233 53 Harbor
476 3708 62 51 of
574 3708 240 65 dreams,
847 3709 74 65 by
953 3707 218 55 Lucille
1207 3707 224 53 Iredale
1467 3707 286 56 Carleson.
1827 3705 126 57 Salt
1986 3705 156 54 Lake

144 3784 150 58 City,
319 3786 175 55 Utah,
520 3785 236 55 Stevens
781 3788 45 49 &
848 3785 221 66 Wallis,
1094 3787 106 52 inc.
1412 3818 12 34 [c1936]

212 3853 57 42 80
299 3865 42 38 p.
403 3855 126 41 illus.
593 3855 55 40 19½
682 3857 44 22 cm
731 3887 9 9 .

211 3911 185 40 Poems.

145 3964 1993 54 © Nov. 4, 1936; 2c. and aff. Dec. 5; A 102092: L. I. Carleson, Salt Lake
215 4025 121 48 City.
401 4026 220 42 (37-574)
