2519 4377
1329 4179 133 54 1176

390 484 289 64 Streeter,
708 485 184 64 Floyd
922 485 338 64 Benjamin,
1291 492 172 50 1888-

463 574 227 54 Prairie
726 575 165 52 trails
928 578 51 50 &
1016 593 118 35 cow
1169 581 184 48 towns
1396 575 92 69 [by]
1550 575 189 69 Floyd
1775 575 310 69 Benjamin
2124 575 278 70 Streeter;

392 652 142 54 with
592 652 385 54 illustrations
1035 652 154 54 from
1247 653 96 53 old
1400 654 204 68 prints.
1698 654 236 69 Boston,
1996 654 301 69 Chapman
2354 658 50 49 &

393 730 226 55 Grimes
699 733 152 66 [c1936]

462 815 88 41 236
581 826 44 38 p.
688 815 166 49 front.,
888 816 172 49 plates,
1094 818 150 47 ports.
1305 816 116 41 21cm.

467 885 207 42 “Notes”
717 886 456 49 (bibliographical)
1200 898 10 29 :
1242 898 44 37 p.
1318 886 232 48 219-225;
1584 888 379 51 Bibliography;
2002 901 41 37 p.
2077 889 217 41 233-236.

392 956 53 55 ©
475 962 116 48 July
620 963 70 49 31,
722 961 141 49 1936;
893 961 67 42 2c.
993 962 96 40 and
1118 960 81 43 aff.
1231 962 120 48 Aug.
1382 962 82 48 10;
1495 963 41 40 A
1567 963 171 48 96837;
1771 963 254 49 Chapman
2055 965 35 40 &
2121 964 202 41 Crimes.

472 1020 284 48 (36-18587)

388 1151 394 68 Sudermann,
813 1154 327 64 Hermann,
1174 1155 327 54 1857-1928.

462 1243 336 68 Fritzchen;
838 1244 200 54 drama
1069 1243 61 53 in
1164 1263 103 35 one
1302 1249 106 64 act,
1442 1244 76 69 by
1550 1245 301 53 Hermann
1889 1244 389 68 Sudermann;
391 1245 1994 132 edited
544 1323 95 52 for
673 1323 332 55 class-room
1036 1341 113 49 use,
1182 1323 143 53 with
1360 1322 392 54 introduction
1788 1324 113 52 and
1934 1323 366 69 vocabulary,
2335 1324 74 68 by

391 1401 1915 70 George M. Priest … New York, F. S. Crofts & co., 1936.
464 1487 82 50 vii,
580 1488 71 51 [1],
683 1487 55 42 81
768 1497 45 39 p.
873 1486 147 42 19½cm.

392 1556 53 54 ©
475 1562 130 39 June
631 1561 39 49 1,
704 1560 141 47 1936;
877 1560 67 40 2c.
976 1560 97 39 and
1105 1560 82 41 aff.
1219 1560 127 40 June
1377 1559 82 48 10;
1491 1559 41 40 A
1563 1558 172 49 94833;
1771 1559 51 39 F.
1860 1560 44 40 S.
1937 1559 169 42 Crofts
2136 1560 35 40 &
2201 1569 82 39 co.,
2316 1560 92 39 inc.

467 1618 284 51 [Copyright
776 1618 42 40 is
843 1618 208 40 claimed
1077 1629 60 29 on
1162 1627 107 31 new
1294 1618 197 49 matter]
1559 1617 282 48 (36-18614)

388 1753 196 53 Texas
614 1752 205 68 digest,
855 1756 138 49 1840
1020 1757 59 48 to
1114 1752 149 66 date,
1297 1751 270 68 covering
1598 1752 184 52 Texas
1815 1756 225 62 reports
2075 1752 112 52 and
2224 1751 182 55 South

460 1836 241 49 western
734 1835 277 63 reporter,
1045 1848 58 35 as
1135 1830 127 53 well
1298 1848 60 34 as
1390 1831 185 51 Texas
1608 1847 150 35 cases
1789 1827 237 55 decided
2058 1830 62 52 in
2150 1830 98 52 the
462 1830 1918 133 federal
626 1908 224 56 Circuit
892 1909 114 53 and
1049 1907 247 55 District
1340 1912 206 63 courts,
1592 1908 220 54 Circuit
1858 1912 164 48 court
2064 1907 63 52 of
2174 1908 233 67 appeals

463 1986 1945 67 and Supreme court of the United States … with current
460 2063 1923 147 cumulative pocket service. volume 1. Descriptive-word index. St. Paul, West publishing co. [c1936]
461 2231 64 49 ix,
557 2229 113 42 1921
700 2239 45 39 p.
804 2228 148 42 26½cm.

392 2299 53 54 ©
470 2303 120 47 Aug.
620 2301 70 49 19,
718 2301 118 41 1936;
891 2300 69 40 2c.
991 2300 129 48 Sept.
1146 2300 56 40 21;
1263 2300 83 40 aff.
1377 2301 129 47 Sept.
1536 2301 56 40 17;
1651 2301 44 39 A
1717 2299 145 43 98541;
1922 2301 139 41 West
2088 2301 111 49 pub.
2229 2312 67 30 co.

385 2423 278 64 Thomas,
690 2421 269 53 Norman
986 2421 292 64 Mattoon,
1308 2425 172 51 1884-

459 2510 174 54 After
679 2510 96 55 the
818 2528 123 35 new
987 2509 146 69 deal,
1178 2508 190 54 what?
1464 2509 91 68 By
1601 2509 258 54 Norman
1903 2509 266 54 Thomas.
2263 2508 138 57 New

391 2589 178 68 York,
597 2589 123 53 The
748 2588 339 53 Macmillan
1116 2605 301 51 company,
1449 2589 150 52 1936.

458 2672 660 51 ix p., 1 l., 244 p. 20½cm.
388 2743 52 53 ©
467 2748 121 48 Aug.
617 2748 72 48 25,
719 2748 116 40 1936;
891 2746 68 42 2c.
989 2747 97 39 and
1116 2746 83 41 aff.
1230 2747 119 47 Aug.
1379 2746 57 41 26;
1494 2747 41 39 A
1562 2746 144 41 98135;
1767 2747 57 41 N.
1854 2746 228 48 Thomas,
2111 2748 118 39 New
2259 2748 145 40 York.

472 2804 283 49 (36-18590)

386 2923 359 67 Thompson,
774 2924 246 56 Charles
1047 2924 298 65 Manfred,
1375 2924 172 56 1877-

458 3014 165 68 High
662 3016 191 53 school
893 3016 312 52 economics
1239 3014 320 68 (historical
1600 3015 112 54 and
1753 3015 372 68 descriptive)
2176 3016 229 52 written

389 3093 95 54 for
512 3093 312 68 secondary
852 3094 218 52 schools
1098 3093 152 52 from
1278 3094 97 52 the
1399 3093 165 67 point
1592 3093 62 52 of
1681 3091 145 54 view
1853 3093 63 53 of
1941 3094 174 52 social
2145 3095 112 51 and
388 3112 1991 112 economic
617 3170 323 55 conditions
981 3172 61 51 in
1084 3172 95 53 the
1221 3172 219 54 United
1485 3170 207 68 States,
1732 3172 75 66 by
1850 3171 238 55 Charles
2129 3172 274 53 Manfred

386 3249 1989 144 Thompson … Rev. Chicago, New York [etc.] B. H. Sanborn & co., 1936.
456 3413 97 47 xvi,
586 3413 86 40 512
705 3423 42 38 p.
782 3412 109 41 incl.
925 3412 164 50 front.,
1123 3413 129 39 illus.
1283 3410 133 49 (incl.
1448 3414 176 49 ports.)
1667 3413 180 48 diagrs.
1910 3413 147 40 19½cm.

458 3484 438 48 “Supplementary
929 3482 231 49 reading”
1194 3484 52 39 at
1280 3483 88 39 end
1405 3483 51 40 of
1488 3484 120 40 each
1641 3484 216 48 chapter.

389 3551 53 53 ©
475 3556 119 46 Aug.
631 3556 40 47 3,
709 3554 141 48 1936;
889 3555 67 40 2c.
993 3555 121 47 Aug.
1151 3555 53 47 5;
1243 3553 84 43 aff.
1363 3555 120 46 Aug.
1519 3556 54 46 4;
1614 3555 41 40 A
1692 3554 144 42 97249;
1904 3555 140 48 Benj.
2083 3557 60 40 H.
2183 3557 220 40 Sanborn

459 3614 38 39 &
524 3623 66 30 co.
662 3611 281 49 (36-18742)

386 3732 205 63 Truss,
618 3732 232 63 Seldon,
881 3737 171 50 1892-

458 3823 121 52 The
633 3821 237 55 Crooks’
925 3821 319 69 Shepherd,
1294 3822 74 69 by
1424 3821 213 56 Seldon
1689 3823 193 53 Truss.
1974 3824 235 66 Boston,
2261 3823 138 52 New

389 3900 182 69 York,
598 3901 282 69 Lothrop,
908 3901 114 53 Lee
1048 3902 114 52 and
1194 3900 265 70 Shepard
1489 3920 300 51 company,
1821 3905 152 50 1936.

457 3988 662 49 3 p. l., 3-251 p. 20½cm.
388 4054 53 53 ©
465 4060 119 44 Aug.
612 4059 71 48 27,
711 4059 114 41 1936;
883 4060 67 40 2c.
978 4060 95 40 and
1100 4061 82 40 aff.
1210 4061 118 47 Aug.
1356 4059 56 42 28;
1469 4062 40 39 A
1536 4061 145 41 98164;
1738 4060 228 49 Lothrop,
1997 4061 93 40 Lee
2115 4062 36 39 &
2180 4061 219 47 Shepard

462 4126 66 30 co.
591 4116 283 46 (36-18566)
