2519 4377
1289 4089 134 54 1914

439 462 27 41 3
490 473 45 37 p.
595 493 9 17 l.,
630 462 209 39 ix-xviii
863 473 59 39 p.,
947 462 27 39 2
1035 495 9 16 l.,
1070 462 147 42 3-466
1240 474 45 38 p.
1341 464 174 49 plates,
1543 475 138 38 maps
1711 465 49 48 (1
1786 465 146 49 fold.)
1996 465 86 49 22½
2085 469 45 21 cm
2135 497 8 9 .

444 519 325 41 “References
805 521 50 39 to
891 520 149 40 books
1077 521 89 39 etc.
1203 520 111 40 that
1352 532 84 29 are
1469 522 279 40 mentioned
1785 522 50 40 in
1872 523 83 41 the
1992 521 134 42 text”
2145 534 11 31 :
2192 534 45 39 p.
2272 524 117 41 451-

368 576 101 42 453.

365 630 2019 56 © 1c. Dec. 28, 1936; A ad int. 22279; pubd. Nov. 5; Sydney Olivier,
436 693 164 39 Baron
630 692 54 39 of
711 692 261 48 Ramsden,
1004 692 292 49 Charlbury,
1327 693 151 48 Oxon,
1509 693 240 48 England.
1821 693 224 50 (37-718)

360 783 197 64 Olson,
589 784 240 53 Eudora
859 784 379 55 Landstrom.

436 860 218 55 Stories
695 861 63 53 of
797 863 169 54 Jesus
1005 861 95 53 for
1139 862 151 52 little
1332 861 276 55 children.
1685 863 164 53 Book
1888 866 48 51 2.
2016 866 91 65 By
2146 864 236 54 Eudora

363 940 1997 146 Landstrom Olson. Bock Island, Ill., Augustana book concern [ c 1936]
437 1091 58 41 48
520 1103 44 37 p.
622 1092 131 40 illus.
810 1092 57 39 21½
899 1095 45 21 cm
950 1125 7 7 .

367 1145 54 54 ©
451 1150 103 41 Oct.
586 1149 72 48 20,
692 1148 142 49 1936;
869 1149 68 40 2c.
973 1150 112 41 Dec.
1119 1148 84 43 24;
1241 1150 80 39 aff.
1357 1151 113 39 Dec.
1503 1149 84 48 23;
1624 1151 41 39 A
1698 1149 202 48 102057;
1938 1151 291 46 Augustana
2263 1151 126 40 book

436 1217 219 31 concern.

363 1297 221 64 Papyri
620 1298 60 52 in
715 1298 95 52 the
846 1297 311 53 Princeton
1190 1298 324 66 university,
1545 1298 343 55 collections,
1961 1319 51 33 v.
2049 1302 47 50 2.
2170 1299 215 53 Edited

433 1376 1950 68 with notes by Edmund Harris Kase, jr. … Princeton,
433 1456 310 52 Princeton
770 1453 320 69 university
1119 1472 174 49 press,
1323 1458 151 50 1936.

434 1527 66 49 xi,
531 1527 86 40 130
647 1538 43 38 p.
752 1527 217 40 facsims.
999 1527 136 48 (part
1167 1528 144 46 fold.)
1380 1526 57 41 25
1439 1530 45 20 cm
1490 1561 8 8 .
1570 1527 286 49 (Princeton
1886 1526 277 49 university
2196 1527 187 41 studies

366 1585 1250 51 in papyrology, no. l. Ed. by A. C. Johnson)
360 1640 54 54 ©
446 1645 118 39 Nov.
596 1643 72 51 23,
702 1642 116 41 1936
836 1654 8 36 ;
879 1642 67 40 2c.
981 1644 119 39 Nov.
1133 1643 57 39 27
1208 1654 8 32 ;
1254 1643 81 41 aff.
1369 1644 117 41 Nov.
1520 1643 57 40 25
1595 1655 8 30 :
1640 1644 41 39 A
1714 1642 175 41 100679
1907 1654 8 37 ;
1953 1642 263 40 Princeton
2247 1642 132 40 univ.

430 1711 152 39 press.

357 1793 251 64 Ponder,
634 1792 249 55 Harriet
909 1791 317 58 Winifred.

431 1870 360 56 Cambodian
821 1870 168 68 glory
1006 1890 11 48 ;
1048 1871 96 53 the
1174 1875 254 63 mystery
1457 1870 63 53 of
1550 1870 97 53 the
1677 1870 261 55 deserted
1966 1870 225 54 Khmer
2220 1869 162 54 cities

360 1950 112 53 and
518 1949 153 56 their
714 1950 278 54 vanished
1035 1949 341 67 splendour;
1427 1949 113 53 and
1586 1968 31 35 a
1662 1949 352 68 description
2061 1947 65 55 of
2168 1946 109 56 life
2319 1947 59 54 in

359 2026 2021 148 Cambodia today, by H. W. Ponder … London, T. Butter-worth, ltd. [1936]
432 2179 85 46 xii,
546 2179 180 42 13-320
752 2191 45 38 p.
854 2179 167 48 front.,
1053 2178 129 42 illus.
1211 2177 176 50 (maps,
1419 2178 167 50 plans)
1613 2179 172 48 plates.
1844 2178 57 40 22½
1934 2180 45 22 cm
1983 2210 10 9 .

435 2236 164 42 “First
625 2235 273 51 published,
928 2235 161 43 1936.”

431 2293 382 49 Bibliography;
842 2305 43 37 p.
916 2293 129 41 ix-x.

363 2347 2019 54 © 1c. Dec. 10, 1936 : A ad int. 22229 ; pubd. Oct. 19 ; Thornton Butter-
433 2409 173 47 worth,
637 2409 87 40 ltd.
796 2407 225 49 (37-638)

358 2498 458 65 Prentice-Hall,
844 2498 131 65 inc.,
1002 2499 141 52 New
1174 2498 177 53 York.

428 2576 246 53 Federal
713 2582 99 47 tax
850 2576 111 52 law
1001 2576 141 53 with
1182 2576 381 67 explanatory
1601 2575 201 68 digest.
1882 2578 264 52 Revenue
2187 2580 88 49 act
2314 2575 64 54 of

360 2653 2012 69 1936. June, 1936, ed. Second printing … [New York]
357 2733 458 59 Prentice-Hall,
842 2735 127 57 inc.,
998 2741 18 20 c
1023 2736 150 51 1936.

430 2807 65 48 xl,
525 2806 86 39 114
638 2817 45 37 p.
741 2805 56 41 23½
830 2809 45 20 cm
879 2838 9 9 .

360 2859 54 55 ©
446 2864 127 41 June
605 2862 72 50 26,
712 2862 141 43 1936;
890 2862 67 43 2c.
996 2864 128 48 Sept.
1158 2862 83 42 26;
1280 2862 80 41 aff.
1400 2863 128 48 Sept.
1564 2862 82 42 30:
1684 2864 40 39 A
1760 2861 200 44 100476;
2001 2861 378 52 Prentice-Hall,

431 2921 91 40 inc.

356 3011 1449 67 Pushkīn, Aleksandr Serg i͡e ev ī ch, 1799-1837.
432 3090 124 53 The
588 3091 251 53 Russian
873 3090 402 67 wonderland;
1317 3089 120 70 Coq
1472 3090 139 67 d’or,
1647 3090 123 53 The
1803 3091 114 52 tale
1954 3088 65 55 of
2052 3089 97 53 the
361 3087 1995 136 fisherman

529 3171 114 52 and
679 3170 100 53 the
809 3169 126 70 fish,
968 3170 123 52 The
1126 3170 113 53 tale
1275 3169 64 54 of
1376 3169 149 55 Czar
1561 3169 233 68 Saltan;
1830 3188 32 34 a
1896 3169 264 53 metrical
361 3175 1998 127 translation
593 3248 154 54 from
796 3250 100 53 the
941 3249 249 53 Russian
1241 3248 64 54 of
1353 3249 335 53 Alexander
1734 3248 299 54 Poushkin
2082 3248 77 69 by
2209 3248 171 53 Boris

361 3325 1954 73 Brasol … with an introduction by Clarence A. Manning …
360 3408 140 54 New
537 3408 183 69 York,
754 3408 144 54 Pub.
937 3408 97 53 for
1065 3409 96 52 the
1196 3408 301 53 Poushkin
1534 3407 167 68 fund,
1739 3409 128 66 inc.,
1900 3407 80 69 by
2013 3407 97 54 the
2145 3406 233 70 Paisley

362 3505 174 52 press,
563 3487 109 55 inc.
691 3507 10 50 ;
733 3488 262 68 London,
1020 3487 293 55 Williams
1340 3490 45 50 &
1414 3488 273 70 Norgate,
1715 3488 124 53 ltd.,
1866 3490 152 50 1936.

428 3564 66 48 ix,
527 3563 56 41 62
614 3574 45 37 p.
719 3562 56 41 21½
808 3565 45 23 cm
858 3597 9 9 .

359 3616 54 54 ©
451 3622 120 40 Nov.
610 3620 39 49 5,
691 3619 116 42 1936
824 3632 9 31 ;
874 3620 67 39 2c.
982 3621 94 39 and
1118 3620 80 40 aff.
1240 3621 118 40 Nov.
1398 3620 57 40 16
1472 3632 8 30 :
1523 3622 41 38 A
1602 3619 173 41 101181
1794 3632 8 30 :
1846 3619 144 40 Boris
2031 3619 188 44 Brasol.
2258 3621 118 39 New

430 3679 145 38 York.
645 3677 193 49 (37-80)

429 3768 126 52 The
587 3768 189 54 works
811 3767 64 54 of
910 3769 332 52 Alexander
1276 3768 292 68 Pushkin;
1608 3767 191 69 lyrics,
1835 3768 295 53 narrative
2166 3785 211 51 poems,

361 3845 126 54 folk
517 3849 164 68 tales,
709 3848 183 68 plays,
923 3865 182 51 prose,
1140 3849 240 52 selected
1415 3849 113 52 and
1562 3848 208 65 edited,
1802 3848 140 51 with
1979 3866 73 34 an
359 3846 1991 133 introduction.

541 3927 36 52 by
662 3927 264 53 Avrahm
971 3926 431 70 Yarmolinsky.
1480 3927 140 53 New
1666 3927 181 61 York,
1892 3926 266 54 Random
2202 3926 173 52 house

381 4009 179 64 [ c 1936]
