<alto xmlns="http://www.loc.gov/standards/alto/ns-v3#" xmlns:xsi="http://www.w3.org/2001/XMLSchema-instance" xsi:schemaLocation="http://www.loc.gov/standards/alto/ns-v3# http://www.loc.gov/alto/v3/alto-3-0.xsd"><Description>
<MeasurementUnit>pixel</MeasurementUnit>
<sourceImageInformation>
<fileName>1936_v33_Part1.pdf</fileName>
</sourceImageInformation>
<OCRProcessing ID="IdOcr">
<ocrProcessingStep>
<processingDateTime>2019-01-18</processingDateTime>
<processingSoftware>
<softwareCreator>ABBYY</softwareCreator>
<softwareName>ABBYY Recognition Server</softwareName>
<softwareVersion>4.0</softwareVersion>
</processingSoftware>
</ocrProcessingStep>
</OCRProcessing>
</Description>
<Styles>
<ParagraphStyle ALIGN="Left" FIRSTLINE="0." ID="StyleId-FFFFFFFF-FFFF-FFFF-FFFF-FFFFFFFFFFFF-" LEFT="0." RIGHT="0." />
<ParagraphStyle ALIGN="Left" FIRSTLINE="0." ID="StyleId-51D50FAC-7A90-4D70-8A96-5EA9D46D1C8B-" LEFT="0." LINESPACE="7.699999809" RIGHT="0." />
<ParagraphStyle ALIGN="Block" FIRSTLINE="-17." ID="StyleId-6BC133E9-7DCB-43C3-8842-A67984A26405-" LEFT="0." LINESPACE="8.340000153" RIGHT="0." />
<ParagraphStyle ALIGN="Left" FIRSTLINE="-13." ID="StyleId-3C3FF860-43E7-46A2-8934-48F305F6F0D6-" LEFT="0." LINESPACE="11.06999969" RIGHT="0." />
<ParagraphStyle ALIGN="Block" FIRSTLINE="-13." ID="StyleId-19220C76-4F8A-4737-B38C-B5F5C17E6040-" LEFT="0." LINESPACE="11.06999969" RIGHT="0." />
<ParagraphStyle ALIGN="Left" FIRSTLINE="0." ID="StyleId-75A0D721-13ED-4F20-9002-B389EC48477D-" LEFT="0." LINESPACE="15.5" RIGHT="0." />
<ParagraphStyle ALIGN="Left" FIRSTLINE="0." ID="StyleId-8A414184-C7A5-4AC7-9B88-7DA4DDE75922-" LEFT="0." LINESPACE="9.399999619" RIGHT="0." />
<ParagraphStyle ALIGN="Left" FIRSTLINE="0." ID="StyleId-1A87970B-111C-4169-99A6-9412976F3C97-" LEFT="0." LINESPACE="10.5" RIGHT="0." />
<ParagraphStyle ALIGN="Block" FIRSTLINE="-17." ID="StyleId-72DB0571-5AE4-41FD-9E11-68C6AC4C437E-" LEFT="0." LINESPACE="8.340000153" RIGHT="0." />
<ParagraphStyle ALIGN="Center" FIRSTLINE="0." ID="StyleId-1AA43056-C388-4697-B10F-72FDAA38FAE1-" LEFT="0." LINESPACE="10.5" RIGHT="0." />
</Styles>
<Layout>
<Page HEIGHT="4377" ID="Page2050" PHYSICAL_IMG_NR="2050" WIDTH="2519">
<TopMargin HEIGHT="378" HPOS="0" VPOS="0" WIDTH="2519">
</TopMargin>
<LeftMargin HEIGHT="3826" HPOS="0" VPOS="378" WIDTH="364">
</LeftMargin>
<RightMargin HEIGHT="3826" HPOS="2416" VPOS="378" WIDTH="103">
</RightMargin>
<BottomMargin HEIGHT="173" HPOS="0" VPOS="4204" WIDTH="2519">
</BottomMargin>
<PrintSpace HEIGHT="3826" HPOS="364" VPOS="378" WIDTH="2052">
<TextBlock HEIGHT="70" HPOS="1292" ID="Page2050_Block1" LANG="en-US" STYLEREFS="StyleId-F966E8E9-6D7C-4EB0-A367-8D1A113EDB1B-" VPOS="4134" WIDTH="158">
<TextLine HEIGHT="48" HPOS="1303" VPOS="4145" WIDTH="137">
<String CONTENT="2050" HEIGHT="48" HPOS="1303" VPOS="4145" WIDTH="137" />
</TextLine>
</TextBlock>
<TextBlock CS="1" HEIGHT="3756" HPOS="364" ID="Page2050_Block2" STYLEREFS="StyleId-BCFE1685-9187-4789-93E9-2A8ACF70E48A-" VPOS="378" WIDTH="2052">
<TextLine CS="1" HEIGHT="52" HPOS="454" LANG="fr" STYLEREFS="StyleId-7A739BCF-4139-42EA-8516-7BBA4206E5FB-" VPOS="535" WIDTH="440">
<String CONTENT="192," HEIGHT="50" HPOS="454" VPOS="535" WIDTH="98" />
<SP HEIGHT="30" HPOS="553" VPOS="557" WIDTH="33" />
<String CONTENT="[1]" HEIGHT="51" HPOS="587" VPOS="536" WIDTH="55" />
<SP HEIGHT="41" HPOS="643" VPOS="545" WIDTH="28" />
<String CONTENT="p" HEIGHT="39" HPOS="672" VPOS="545" WIDTH="31" />
<SP HEIGHT="48" HPOS="704" VPOS="536" WIDTH="73" />
<String CONTENT="19cm." CS="1" HEIGHT="42" HPOS="778" VPOS="535" WIDTH="116" />
</TextLine>
<TextLine CS="1" HEIGHT="49" HPOS="455" STYLEREFS="StyleId-7A739BCF-4139-42EA-8516-7BBA4206E5FB-" VPOS="592" WIDTH="1917">
<String CONTENT="&#8220;Deutsch" HEIGHT="41" HPOS="455" LANG="de" VPOS="593" WIDTH="247" />
<SP HEIGHT="39" HPOS="703" VPOS="594" WIDTH="41" />
<String CONTENT="von" HEIGHT="29" HPOS="745" LANG="fr" VPOS="604" WIDTH="92" />
<SP HEIGHT="40" HPOS="838" VPOS="593" WIDTH="40" />
<String CONTENT="Erwin" HEIGHT="40" HPOS="879" LANG="en-US" VPOS="593" WIDTH="168" />
<SP HEIGHT="39" HPOS="1048" VPOS="594" WIDTH="39" />
<String CONTENT="Rieger." HEIGHT="48" HPOS="1088" LANG="en-US" VPOS="593" WIDTH="190" />
<SP HEIGHT="41" HPOS="1279" VPOS="593" WIDTH="68" />
<String CONTENT="Der" HEIGHT="41" HPOS="1348" LANG="de" VPOS="593" WIDTH="102" />
<SP HEIGHT="29" HPOS="1451" VPOS="604" WIDTH="35" />
<String CONTENT="originaltitel" HEIGHT="49" HPOS="1487" LANG="de" VPOS="592" WIDTH="323" />
<SP HEIGHT="41" HPOS="1811" VPOS="593" WIDTH="43" />
<String CONTENT="des" HEIGHT="40" HPOS="1855" LANG="de" VPOS="594" WIDTH="84" />
<SP HEIGHT="30" HPOS="1940" VPOS="604" WIDTH="43" />
<String CONTENT="Werkes" HEIGHT="42" HPOS="1984" LANG="de" VPOS="593" WIDTH="187" />
<SP HEIGHT="39" HPOS="2172" VPOS="595" WIDTH="44" />
<String CONTENT="lautet;" CS="1" HEIGHT="41" HPOS="2217" LANG="de" VPOS="595" WIDTH="155" />
</TextLine>
<TextLine HEIGHT="42" HPOS="381" LANG="de" STYLEREFS="StyleId-7A739BCF-4139-42EA-8516-7BBA4206E5FB-" VPOS="649" WIDTH="611">
<String CONTENT="Novantesimo" HEIGHT="42" HPOS="381" VPOS="649" WIDTH="350" />
<SP HEIGHT="29" HPOS="732" VPOS="661" WIDTH="27" />
<String CONTENT="minuto.&#8221;" HEIGHT="42" HPOS="760" VPOS="649" WIDTH="232" />
</TextLine>
<TextLine CS="1" HEIGHT="53" HPOS="383" STYLEREFS="StyleId-7A739BCF-4139-42EA-8516-7BBA4206E5FB-" VPOS="705" WIDTH="2021">
<String CONTENT="&#169;" HEIGHT="53" HPOS="383" LANG="de" VPOS="705" WIDTH="53" />
<SP HEIGHT="53" HPOS="437" VPOS="705" WIDTH="29" />
<String CONTENT="Apr." HEIGHT="47" HPOS="467" LANG="en-US" VPOS="710" WIDTH="114" />
<SP HEIGHT="42" HPOS="582" VPOS="708" WIDTH="30" />
<String CONTENT="23," HEIGHT="48" HPOS="613" LANG="de" VPOS="708" WIDTH="72" />
<SP HEIGHT="46" HPOS="686" VPOS="710" WIDTH="33" />
<String CONTENT="1936;" CS="1" HEIGHT="40" HPOS="720" LANG="de" VPOS="708" WIDTH="115" />
<SP />
<String CONTENT="1c." CS="1" LANG="de" />
<SP />
<String CONTENT="Aug." HEIGHT="47" HPOS="992" LANG="en-US" VPOS="709" WIDTH="121" />
<SP HEIGHT="39" HPOS="1114" VPOS="709" WIDTH="32" />
<String CONTENT="18;" CS="1" LANG="en-US" />
<SP HEIGHT="43" HPOS="1230" VPOS="709" WIDTH="33" />
<String CONTENT="A" HEIGHT="38" HPOS="1264" LANG="en-US" VPOS="709" WIDTH="40" />
<String CONTENT="-Foreign" HEIGHT="48" HPOS="1306" LANG="de" VPOS="708" WIDTH="272" />
<SP HEIGHT="40" HPOS="1579" VPOS="707" WIDTH="32" />
<String CONTENT="32706;" CS="1" HEIGHT="42" HPOS="1612" LANG="de" VPOS="707" WIDTH="147" />
<SP HEIGHT="45" HPOS="1786" VPOS="710" WIDTH="34" />
<String CONTENT="Paul" HEIGHT="39" HPOS="1821" LANG="de" VPOS="710" WIDTH="124" />
<SP HEIGHT="39" HPOS="1946" VPOS="710" WIDTH="34" />
<String CONTENT="Zsolnay" HEIGHT="47" HPOS="1981" LANG="de" VPOS="710" WIDTH="209" />
<SP HEIGHT="36" HPOS="2191" VPOS="721" WIDTH="30" />
<String CONTENT="verlag," HEIGHT="49" HPOS="2222" LANG="de" VPOS="709" WIDTH="182" />
</TextLine>
<TextLine HEIGHT="49" HPOS="453" LANG="de" STYLEREFS="StyleId-7A739BCF-4139-42EA-8516-7BBA4206E5FB-" VPOS="765" WIDTH="598">
<String CONTENT="g." HEIGHT="37" HPOS="453" VPOS="777" WIDTH="40" />
<SP HEIGHT="31" HPOS="494" VPOS="776" WIDTH="29" />
<String CONTENT="m." HEIGHT="30" HPOS="524" VPOS="776" WIDTH="58" />
<SP HEIGHT="40" HPOS="583" VPOS="766" WIDTH="31" />
<String CONTENT="b." HEIGHT="40" HPOS="615" VPOS="766" WIDTH="38" />
<SP HEIGHT="40" HPOS="654" VPOS="766" WIDTH="30" />
<String CONTENT="h." HEIGHT="40" HPOS="685" VPOS="766" WIDTH="45" />
<SP HEIGHT="48" HPOS="731" VPOS="766" WIDTH="66" />
<String CONTENT="(37-1556)" HEIGHT="49" HPOS="798" VPOS="765" WIDTH="253" />
</TextLine>
<TextLine HEIGHT="64" HPOS="382" LANG="de" VPOS="872" WIDTH="573">
<String CONTENT="Cleland," HEIGHT="64" HPOS="382" VPOS="872" WIDTH="258" />
<SP HEIGHT="63" HPOS="641" VPOS="873" WIDTH="31" />
<String CONTENT="Wendeil." HEIGHT="55" HPOS="673" VPOS="872" WIDTH="282" />
</TextLine>
<TextLine HEIGHT="70" HPOS="453" LANG="en-US" VPOS="950" WIDTH="1950">
<String CONTENT="The" HEIGHT="55" HPOS="453" VPOS="951" WIDTH="120" />
<SP HEIGHT="49" HPOS="574" VPOS="970" WIDTH="41" />
<String CONTENT="population" HEIGHT="69" HPOS="616" VPOS="950" WIDTH="345" />
<SP HEIGHT="49" HPOS="962" VPOS="970" WIDTH="35" />
<String CONTENT="problem" HEIGHT="69" HPOS="998" VPOS="950" WIDTH="259" />
<SP HEIGHT="52" HPOS="1258" VPOS="951" WIDTH="38" />
<String CONTENT="in" HEIGHT="52" HPOS="1297" LANG="de" VPOS="951" WIDTH="59" />
<SP HEIGHT="52" HPOS="1357" VPOS="951" WIDTH="40" />
<String CONTENT="Egypt;" HEIGHT="68" HPOS="1398" VPOS="951" WIDTH="230" />
<SP HEIGHT="41" HPOS="1629" VPOS="970" WIDTH="45" />
<String CONTENT="a" HEIGHT="33" HPOS="1675" LANG="fr" VPOS="970" WIDTH="31" />
<SP HEIGHT="34" HPOS="1707" VPOS="969" WIDTH="37" />
<String CONTENT="study" HEIGHT="67" HPOS="1745" LANG="de" VPOS="951" WIDTH="173" />
<SP HEIGHT="47" HPOS="1919" VPOS="971" WIDTH="38" />
<String CONTENT="of" HEIGHT="54" HPOS="1958" VPOS="951" WIDTH="64" />
<SP HEIGHT="69" HPOS="2023" VPOS="951" WIDTH="37" />
<String CONTENT="population" HEIGHT="69" HPOS="2061" VPOS="951" WIDTH="342" />
</TextLine>
<TextLine CS="1" HEIGHT="134" HPOS="381" LANG="en-US" VPOS="1029" WIDTH="1998">
<String CONTENT="trends" HEIGHT="53" HPOS="383" VPOS="1031" WIDTH="198" />
<SP HEIGHT="35" HPOS="582" VPOS="1049" WIDTH="27" />
<String CONTENT="and" HEIGHT="53" HPOS="610" VPOS="1031" WIDTH="115" />
<SP HEIGHT="52" HPOS="726" VPOS="1031" WIDTH="32" />
<String CONTENT="conditions" HEIGHT="54" HPOS="759" VPOS="1029" WIDTH="322" />
<SP HEIGHT="53" HPOS="1082" VPOS="1029" WIDTH="34" />
<String CONTENT="in" HEIGHT="52" HPOS="1117" VPOS="1029" WIDTH="59" />
<SP HEIGHT="33" HPOS="1177" VPOS="1048" WIDTH="30" />
<String CONTENT="modern" HEIGHT="53" HPOS="1208" VPOS="1030" WIDTH="237" />
<SP HEIGHT="52" HPOS="1446" VPOS="1030" WIDTH="32" />
<String CONTENT="Egypt," HEIGHT="68" HPOS="1479" VPOS="1030" WIDTH="219" />
<SP HEIGHT="68" HPOS="1699" VPOS="1030" WIDTH="30" />
<String CONTENT="by" HEIGHT="67" HPOS="1730" VPOS="1030" WIDTH="76" />
<SP HEIGHT="65" HPOS="1807" VPOS="1032" WIDTH="34" />
<String CONTENT="Dr." HEIGHT="51" HPOS="1842" VPOS="1032" WIDTH="103" />
<SP HEIGHT="53" HPOS="1946" VPOS="1032" WIDTH="30" />
<String CONTENT="Wendell" HEIGHT="54" HPOS="1977" VPOS="1031" WIDTH="265" />
<SP HEIGHT="55" HPOS="2243" VPOS="1031" WIDTH="34" />
<String CONTENT="Cleland." HEIGHT="132" HPOS="381" VPOS="1031" WIDTH="1998" />
</TextLine>
<TextLine CS="1" HEIGHT="68" HPOS="638" LANG="en-US" VPOS="1108" WIDTH="382">
<String CONTENT="[Cairo]" CS="1" HEIGHT="68" HPOS="638" VPOS="1108" WIDTH="192" />
<SP HEIGHT="63" HPOS="831" VPOS="1113" WIDTH="37" />
<String CONTENT="1936." HEIGHT="51" HPOS="869" VPOS="1112" WIDTH="151" />
</TextLine>
<TextLine CS="1" HEIGHT="39" HPOS="455" LANG="en-US" STYLEREFS="StyleId-697BC813-5EEE-45F0-8222-A2CBA0E75A39-" VPOS="1184" WIDTH="101">
<String CONTENT="1" HEIGHT="38" HPOS="455" VPOS="1184" WIDTH="24" />
<SP HEIGHT="38" HPOS="480" VPOS="1184" WIDTH="32" />
<String CONTENT="v." CS="1" HEIGHT="7" HPOS="548" VPOS="1216" WIDTH="8" />
</TextLine>
<TextLine CS="1" HEIGHT="55" HPOS="382" LANG="en-US" STYLEREFS="StyleId-7A739BCF-4139-42EA-8516-7BBA4206E5FB-" VPOS="1235" WIDTH="2022">
<String CONTENT="&#169;" HEIGHT="55" HPOS="382" VPOS="1235" WIDTH="54" />
<SP HEIGHT="55" HPOS="437" VPOS="1235" WIDTH="23" />
<String CONTENT="Oct." HEIGHT="42" HPOS="461" VPOS="1240" WIDTH="103" />
<SP HEIGHT="44" HPOS="565" VPOS="1238" WIDTH="22" />
<String CONTENT="21," HEIGHT="48" HPOS="588" VPOS="1238" WIDTH="71" />
<SP HEIGHT="46" HPOS="660" VPOS="1240" WIDTH="24" />
<String CONTENT="1936;" CS="1" HEIGHT="40" HPOS="685" VPOS="1238" WIDTH="115" />
<SP HEIGHT="49" HPOS="828" VPOS="1237" WIDTH="26" />
<String CONTENT="2c." HEIGHT="40" HPOS="855" VPOS="1237" WIDTH="67" />
<SP HEIGHT="29" HPOS="923" VPOS="1248" WIDTH="25" />
<String CONTENT="and" HEIGHT="38" HPOS="949" VPOS="1239" WIDTH="97" />
<SP HEIGHT="38" HPOS="1047" VPOS="1239" WIDTH="23" />
<String CONTENT="aff." HEIGHT="39" HPOS="1071" VPOS="1238" WIDTH="82" />
<SP HEIGHT="38" HPOS="1154" VPOS="1239" WIDTH="26" />
<String CONTENT="Dec." HEIGHT="40" HPOS="1181" VPOS="1239" WIDTH="112" />
<SP HEIGHT="41" HPOS="1294" VPOS="1237" WIDTH="25" />
<String CONTENT="5;" CS="1" HEIGHT="40" HPOS="1320" VPOS="1237" WIDTH="26" />
<SP HEIGHT="48" HPOS="1373" VPOS="1238" WIDTH="27" />
<String CONTENT="A" HEIGHT="39" HPOS="1401" VPOS="1238" WIDTH="40" />
<SP HEIGHT="39" HPOS="1442" VPOS="1238" WIDTH="24" />
<String CONTENT="100829;" CS="1" HEIGHT="42" HPOS="1467" VPOS="1236" WIDTH="176" />
<SP HEIGHT="46" HPOS="1670" VPOS="1239" WIDTH="26" />
<String CONTENT="W." HEIGHT="41" HPOS="1697" VPOS="1239" WIDTH="74" />
<SP HEIGHT="42" HPOS="1772" VPOS="1238" WIDTH="26" />
<String CONTENT="C" CS="1" />
<String CONTENT="leland," HEIGHT="51" HPOS="1840" LANG="de" VPOS="1237" WIDTH="177" />
<SP HEIGHT="50" HPOS="2018" VPOS="1238" WIDTH="24" />
<String CONTENT="Cairo," HEIGHT="52" HPOS="2043" VPOS="1236" WIDTH="160" />
<SP HEIGHT="48" HPOS="2204" VPOS="1240" WIDTH="26" />
<String CONTENT="Egypt." HEIGHT="47" HPOS="2231" VPOS="1239" WIDTH="173" />
</TextLine>
<TextLine HEIGHT="66" HPOS="381" LANG="en-US" VPOS="1342" WIDTH="867">
<String CONTENT="Commerce" HEIGHT="55" HPOS="381" VPOS="1346" WIDTH="342" />
<SP HEIGHT="37" HPOS="724" VPOS="1361" WIDTH="28" />
<String CONTENT="clearing" HEIGHT="66" HPOS="753" VPOS="1342" WIDTH="263" />
<SP HEIGHT="66" HPOS="1017" VPOS="1342" WIDTH="24" />
<String CONTENT="house." HEIGHT="56" HPOS="1042" VPOS="1342" WIDTH="206" />
</TextLine>
<TextLine CS="1" HEIGHT="71" HPOS="451" LANG="en-US" VPOS="1420" WIDTH="1952">
<String CONTENT="Regulations" HEIGHT="70" HPOS="451" VPOS="1421" WIDTH="379" />
<SP HEIGHT="50" HPOS="831" VPOS="1425" WIDTH="36" />
<String CONTENT="94;" HEIGHT="65" HPOS="868" VPOS="1425" WIDTH="94" />
<SP HEIGHT="49" HPOS="963" VPOS="1441" WIDTH="40" />
<String CONTENT="with" HEIGHT="54" HPOS="1004" VPOS="1420" WIDTH="142" />
<SP HEIGHT="54" HPOS="1147" VPOS="1421" WIDTH="37" />
<String CONTENT="explanation." HEIGHT="68" HPOS="1185" VPOS="1421" WIDTH="388" />
<SP HEIGHT="67" HPOS="1574" VPOS="1421" WIDTH="74" />
<String CONTENT="&lt;Income" CS="1" HEIGHT="56" HPOS="1685" VPOS="1421" WIDTH="232" />
<SP HEIGHT="49" HPOS="1918" VPOS="1428" WIDTH="34" />
<String CONTENT="tax" HEIGHT="48" HPOS="1953" VPOS="1428" WIDTH="101" />
<SP HEIGHT="34" HPOS="2055" VPOS="1442" WIDTH="35" />
<String CONTENT="under" HEIGHT="53" HPOS="2091" VPOS="1423" WIDTH="182" />
<SP HEIGHT="48" HPOS="2274" VPOS="1427" WIDTH="32" />
<String CONTENT="the" HEIGHT="52" HPOS="2307" VPOS="1423" WIDTH="96" />
</TextLine>
<TextLine HEIGHT="70" HPOS="379" LANG="en-US" VPOS="1500" WIDTH="2019">
<String CONTENT="Revenue" HEIGHT="53" HPOS="379" VPOS="1502" WIDTH="267" />
<SP HEIGHT="35" HPOS="647" VPOS="1520" WIDTH="34" />
<String CONTENT="act" HEIGHT="48" HPOS="682" VPOS="1507" WIDTH="91" />
<SP HEIGHT="49" HPOS="774" VPOS="1507" WIDTH="30" />
<String CONTENT="of" HEIGHT="55" HPOS="805" VPOS="1501" WIDTH="64" />
<SP HEIGHT="53" HPOS="870" VPOS="1501" WIDTH="34" />
<String CONTENT="1936&gt;" HEIGHT="67" HPOS="905" VPOS="1501" WIDTH="171" />
<SP HEIGHT="68" HPOS="1077" VPOS="1500" WIDTH="73" />
<String CONTENT="CCH" HEIGHT="55" HPOS="1151" VPOS="1500" WIDTH="165" />
<SP HEIGHT="53" HPOS="1317" VPOS="1501" WIDTH="30" />
<String CONTENT="Federal" HEIGHT="52" HPOS="1348" VPOS="1501" WIDTH="244" />
<SP HEIGHT="53" HPOS="1593" VPOS="1501" WIDTH="32" />
<String CONTENT="tax" HEIGHT="47" HPOS="1626" VPOS="1507" WIDTH="99" />
<SP HEIGHT="34" HPOS="1726" VPOS="1521" WIDTH="32" />
<String CONTENT="service" HEIGHT="54" HPOS="1759" VPOS="1501" WIDTH="214" />
<SP HEIGHT="34" HPOS="1974" VPOS="1521" WIDTH="33" />
<String CONTENT="supplement;" HEIGHT="68" HPOS="2008" VPOS="1502" WIDTH="390" />
</TextLine>
<TextLine HEIGHT="72" HPOS="380" LANG="en-US" VPOS="1578" WIDTH="2022">
<String CONTENT="the" HEIGHT="54" HPOS="380" VPOS="1580" WIDTH="95" />
<SP HEIGHT="42" HPOS="476" VPOS="1592" WIDTH="28" />
<String CONTENT="official" HEIGHT="55" HPOS="505" VPOS="1579" WIDTH="204" />
<SP HEIGHT="54" HPOS="710" VPOS="1580" WIDTH="25" />
<String CONTENT="text," HEIGHT="63" HPOS="736" VPOS="1585" WIDTH="139" />
<SP HEIGHT="49" HPOS="876" VPOS="1599" WIDTH="28" />
<String CONTENT="with" HEIGHT="55" HPOS="905" VPOS="1579" WIDTH="142" />
<SP HEIGHT="52" HPOS="1048" VPOS="1582" WIDTH="29" />
<String CONTENT="changes" HEIGHT="68" HPOS="1078" VPOS="1581" WIDTH="246" />
<SP HEIGHT="58" HPOS="1325" VPOS="1578" WIDTH="27" />
<String CONTENT="from" HEIGHT="56" HPOS="1353" VPOS="1578" WIDTH="154" />
<SP HEIGHT="51" HPOS="1508" VPOS="1598" WIDTH="29" />
<String CONTENT="prior" HEIGHT="69" HPOS="1538" VPOS="1580" WIDTH="161" />
<SP HEIGHT="35" HPOS="1700" VPOS="1598" WIDTH="28" />
<String CONTENT="regulations" HEIGHT="70" HPOS="1729" VPOS="1580" WIDTH="356" />
<SP HEIGHT="55" HPOS="2086" VPOS="1580" WIDTH="25" />
<String CONTENT="indicated" HEIGHT="56" HPOS="2112" VPOS="1580" WIDTH="290" />
</TextLine>
<TextLine HEIGHT="72" HPOS="381" LANG="en-US" VPOS="1658" WIDTH="2022">
<String CONTENT="by" HEIGHT="70" HPOS="381" VPOS="1660" WIDTH="74" />
<SP HEIGHT="71" HPOS="456" VPOS="1659" WIDTH="36" />
<String CONTENT="italics," HEIGHT="69" HPOS="493" VPOS="1658" WIDTH="208" />
<SP HEIGHT="48" HPOS="702" VPOS="1679" WIDTH="36" />
<String CONTENT="and" HEIGHT="52" HPOS="739" VPOS="1661" WIDTH="113" />
<SP HEIGHT="53" HPOS="853" VPOS="1661" WIDTH="41" />
<String CONTENT="with" HEIGHT="54" HPOS="895" VPOS="1660" WIDTH="142" />
<SP HEIGHT="53" HPOS="1038" VPOS="1661" WIDTH="38" />
<String CONTENT="explanation" HEIGHT="69" HPOS="1077" VPOS="1659" WIDTH="374" />
<SP HEIGHT="34" HPOS="1452" VPOS="1679" WIDTH="36" />
<String CONTENT="of" HEIGHT="53" HPOS="1489" VPOS="1660" WIDTH="65" />
<SP HEIGHT="69" HPOS="1555" VPOS="1660" WIDTH="38" />
<String CONTENT="principal" HEIGHT="69" HPOS="1594" VPOS="1660" WIDTH="291" />
<SP HEIGHT="51" HPOS="1886" VPOS="1662" WIDTH="38" />
<String CONTENT="changes." HEIGHT="68" HPOS="1925" VPOS="1662" WIDTH="263" />
<SP HEIGHT="52" HPOS="2189" VPOS="1663" WIDTH="74" />
<String CONTENT="New" HEIGHT="52" HPOS="2264" VPOS="1663" WIDTH="139" />
</TextLine>
<TextLine CS="1" HEIGHT="71" HPOS="384" LANG="en-US" VPOS="1739" WIDTH="2021">
<String CONTENT="York," HEIGHT="69" HPOS="384" VPOS="1740" WIDTH="178" />
<SP HEIGHT="68" HPOS="563" VPOS="1741" WIDTH="29" />
<String CONTENT="Chicago" HEIGHT="69" HPOS="593" VPOS="1740" WIDTH="256" />
<SP HEIGHT="51" HPOS="850" VPOS="1759" WIDTH="35" />
<String CONTENT="[etc.]" CS="1" HEIGHT="64" HPOS="904" VPOS="1745" WIDTH="121" />
<SP HEIGHT="69" HPOS="1026" VPOS="1740" WIDTH="35" />
<String CONTENT="Commerce" HEIGHT="56" HPOS="1062" VPOS="1740" WIDTH="329" />
<SP HEIGHT="35" HPOS="1392" VPOS="1758" WIDTH="26" />
<String CONTENT="clearing" HEIGHT="69" HPOS="1419" VPOS="1739" WIDTH="256" />
<SP HEIGHT="67" HPOS="1676" VPOS="1741" WIDTH="24" />
<String CONTENT="house," HEIGHT="67" HPOS="1701" VPOS="1741" WIDTH="192" />
<SP HEIGHT="69" HPOS="1894" VPOS="1739" WIDTH="27" />
<String CONTENT="inc.," HEIGHT="68" HPOS="1922" VPOS="1739" WIDTH="129" />
<SP HEIGHT="65" HPOS="2052" VPOS="1742" WIDTH="24" />
<String CONTENT="Loose" HEIGHT="52" HPOS="2077" VPOS="1742" WIDTH="181" />
<SP HEIGHT="53" HPOS="2259" VPOS="1741" WIDTH="23" />
<String CONTENT="leaf" HEIGHT="54" HPOS="2283" VPOS="1740" WIDTH="122" />
</TextLine>
<TextLine HEIGHT="70" HPOS="379" LANG="en-US" VPOS="1818" WIDTH="1910">
<String CONTENT="service" HEIGHT="56" HPOS="379" VPOS="1818" WIDTH="214" />
<SP HEIGHT="53" HPOS="594" VPOS="1821" WIDTH="34" />
<String CONTENT="division" HEIGHT="54" HPOS="629" VPOS="1819" WIDTH="251" />
<SP HEIGHT="35" HPOS="881" VPOS="1838" WIDTH="37" />
<String CONTENT="of" HEIGHT="54" HPOS="919" VPOS="1819" WIDTH="64" />
<SP HEIGHT="53" HPOS="984" VPOS="1819" WIDTH="34" />
<String CONTENT="the" HEIGHT="52" HPOS="1019" VPOS="1820" WIDTH="97" />
<SP HEIGHT="55" HPOS="1117" VPOS="1819" WIDTH="38" />
<String CONTENT="Corporation" HEIGHT="69" HPOS="1156" VPOS="1818" WIDTH="387" />
<SP HEIGHT="48" HPOS="1544" VPOS="1824" WIDTH="36" />
<String CONTENT="trust" HEIGHT="50" HPOS="1581" VPOS="1824" WIDTH="151" />
<SP HEIGHT="48" HPOS="1733" VPOS="1824" WIDTH="34" />
<String CONTENT="company" HEIGHT="49" HPOS="1768" VPOS="1838" WIDTH="284" />
<SP HEIGHT="49" HPOS="2053" VPOS="1838" WIDTH="42" />
<String CONTENT="[" HEIGHT="34" HPOS="2096" VPOS="1853" WIDTH="12" />
<String CONTENT="c" HEIGHT="21" HPOS="2114" STYLE="superscript" VPOS="1826" WIDTH="17" />
<String CONTENT="1936]" HEIGHT="64" HPOS="2137" VPOS="1824" WIDTH="152" />
</TextLine>
<TextLine CS="1" HEIGHT="51" HPOS="451" LANG="en-US" STYLEREFS="StyleId-7A739BCF-4139-42EA-8516-7BBA4206E5FB-" VPOS="1892" WIDTH="369">
<String CONTENT="230" HEIGHT="41" HPOS="451" VPOS="1894" WIDTH="88" />
<SP HEIGHT="49" HPOS="540" VPOS="1894" WIDTH="25" />
<String CONTENT="p." HEIGHT="38" HPOS="566" VPOS="1905" WIDTH="43" />
<SP HEIGHT="42" HPOS="610" VPOS="1893" WIDTH="60" />
<String CONTENT="22&#189;cm." CS="1" HEIGHT="44" HPOS="671" VPOS="1892" WIDTH="149" />
</TextLine>
<TextLine CS="1" HEIGHT="54" HPOS="381" LANG="en-US" STYLEREFS="StyleId-7A739BCF-4139-42EA-8516-7BBA4206E5FB-" VPOS="1948" WIDTH="2025">
<String CONTENT="&#169;" HEIGHT="54" HPOS="381" VPOS="1948" WIDTH="54" />
<SP HEIGHT="54" HPOS="436" VPOS="1948" WIDTH="32" />
<String CONTENT="Nov." HEIGHT="41" HPOS="469" VPOS="1952" WIDTH="120" />
<SP HEIGHT="41" HPOS="590" VPOS="1952" WIDTH="35" />
<String CONTENT="18," HEIGHT="50" HPOS="626" VPOS="1950" WIDTH="71" />
<SP HEIGHT="49" HPOS="698" VPOS="1951" WIDTH="35" />
<String CONTENT="1936;" CS="1" HEIGHT="41" HPOS="734" VPOS="1950" WIDTH="118" />
<SP HEIGHT="49" HPOS="876" VPOS="1949" WIDTH="34" />
<String CONTENT="2c." HEIGHT="41" HPOS="911" VPOS="1949" WIDTH="68" />
<SP HEIGHT="29" HPOS="980" VPOS="1961" WIDTH="37" />
<String CONTENT="and" HEIGHT="40" HPOS="1018" VPOS="1950" WIDTH="96" />
<SP HEIGHT="40" HPOS="1115" VPOS="1950" WIDTH="37" />
<String CONTENT="aff." HEIGHT="41" HPOS="1153" VPOS="1950" WIDTH="82" />
<SP HEIGHT="40" HPOS="1236" VPOS="1951" WIDTH="35" />
<String CONTENT="Nov." HEIGHT="39" HPOS="1272" VPOS="1951" WIDTH="119" />
<SP HEIGHT="40" HPOS="1392" VPOS="1949" WIDTH="35" />
<String CONTENT="23;" CS="1" HEIGHT="41" HPOS="1428" VPOS="1949" WIDTH="56" />
<SP HEIGHT="48" HPOS="1512" VPOS="1950" WIDTH="38" />
<String CONTENT="A" HEIGHT="39" HPOS="1551" VPOS="1950" WIDTH="41" />
<SP HEIGHT="40" HPOS="1593" VPOS="1949" WIDTH="35" />
<String CONTENT="100619;" CS="1" HEIGHT="42" HPOS="1629" VPOS="1948" WIDTH="175" />
<SP HEIGHT="48" HPOS="1831" VPOS="1950" WIDTH="39" />
<String CONTENT="Commerce" HEIGHT="42" HPOS="1871" VPOS="1950" WIDTH="282" />
<SP HEIGHT="31" HPOS="2154" VPOS="1960" WIDTH="32" />
<String CONTENT="clearing" HEIGHT="51" HPOS="2187" VPOS="1948" WIDTH="219" />
</TextLine>
<TextLine HEIGHT="50" HPOS="452" LANG="en-US" STYLEREFS="StyleId-7A739BCF-4139-42EA-8516-7BBA4206E5FB-" VPOS="2007" WIDTH="605">
<String CONTENT="house," HEIGHT="48" HPOS="452" VPOS="2009" WIDTH="166" />
<SP HEIGHT="49" HPOS="619" VPOS="2008" WIDTH="26" />
<String CONTENT="inc." HEIGHT="40" HPOS="646" VPOS="2008" WIDTH="92" />
<SP HEIGHT="50" HPOS="739" VPOS="2007" WIDTH="64" />
<String CONTENT="(37-1687)" HEIGHT="50" HPOS="804" VPOS="2007" WIDTH="253" />
</TextLine>
<TextLine HEIGHT="66" HPOS="382" LANG="en-US" VPOS="2115" WIDTH="669">
<String CONTENT="Cox," HEIGHT="63" HPOS="382" VPOS="2118" WIDTH="140" />
<SP HEIGHT="63" HPOS="523" VPOS="2118" WIDTH="28" />
<String CONTENT="Mamie" HEIGHT="55" HPOS="552" VPOS="2115" WIDTH="223" />
<SP HEIGHT="54" HPOS="776" VPOS="2116" WIDTH="23" />
<String CONTENT="Wynne." HEIGHT="64" HPOS="800" VPOS="2116" WIDTH="251" />
</TextLine>
<TextLine CS="1" HEIGHT="149" HPOS="381" LANG="en-US" VPOS="2193" WIDTH="1995">
<String CONTENT="The" HEIGHT="51" HPOS="452" VPOS="2196" WIDTH="120" />
<SP HEIGHT="33" HPOS="573" VPOS="2214" WIDTH="29" />
<String CONTENT="romantic" HEIGHT="53" HPOS="603" VPOS="2194" WIDTH="282" />
<SP HEIGHT="52" HPOS="886" VPOS="2195" WIDTH="29" />
<String CONTENT="flags" HEIGHT="67" HPOS="916" VPOS="2195" WIDTH="143" />
<SP HEIGHT="34" HPOS="1060" VPOS="2213" WIDTH="30" />
<String CONTENT="of" HEIGHT="52" HPOS="1091" VPOS="2194" WIDTH="63" />
<SP HEIGHT="52" HPOS="1155" VPOS="2194" WIDTH="29" />
<String CONTENT="Texas," HEIGHT="66" HPOS="1185" VPOS="2195" WIDTH="202" />
<SP HEIGHT="67" HPOS="1388" VPOS="2194" WIDTH="25" />
<String CONTENT="by" HEIGHT="68" HPOS="1414" VPOS="2194" WIDTH="75" />
<SP HEIGHT="68" HPOS="1490" VPOS="2194" WIDTH="29" />
<String CONTENT="Mamie" HEIGHT="54" HPOS="1520" VPOS="2193" WIDTH="215" />
<SP HEIGHT="54" HPOS="1736" VPOS="2195" WIDTH="26" />
<String CONTENT="Wynne" HEIGHT="68" HPOS="1763" VPOS="2195" WIDTH="228" />
<SP HEIGHT="54" HPOS="1992" VPOS="2196" WIDTH="31" />
<String CONTENT="Cox." HEIGHT="54" HPOS="2024" VPOS="2196" WIDTH="136" />
<SP HEIGHT="52" HPOS="2161" VPOS="2195" WIDTH="68" />
<String CONTENT="Foreword" HEIGHT="134" HPOS="381" VPOS="2195" WIDTH="1995" />
<SP HEIGHT="54" HPOS="542" VPOS="2274" WIDTH="36" />
<String CONTENT="by" HEIGHT="67" HPOS="579" VPOS="2275" WIDTH="75" />
</TextLine>
<TextLine HEIGHT="68" HPOS="692" LANG="en-US" VPOS="2273" WIDTH="1710">
<String CONTENT="Major" HEIGHT="67" HPOS="692" VPOS="2274" WIDTH="195" />
<SP HEIGHT="54" HPOS="888" VPOS="2275" WIDTH="35" />
<String CONTENT="John" HEIGHT="55" HPOS="924" VPOS="2274" WIDTH="157" />
<SP HEIGHT="53" HPOS="1082" VPOS="2275" WIDTH="33" />
<String CONTENT="W." HEIGHT="53" HPOS="1116" VPOS="2275" WIDTH="91" />
<SP HEIGHT="51" HPOS="1208" VPOS="2275" WIDTH="38" />
<String CONTENT="Thomason," HEIGHT="65" HPOS="1247" VPOS="2274" WIDTH="344" />
<SP HEIGHT="66" HPOS="1592" VPOS="2273" WIDTH="35" />
<String CONTENT="jr." HEIGHT="65" HPOS="1628" VPOS="2273" WIDTH="71" />
<SP HEIGHT="52" HPOS="1700" VPOS="2275" WIDTH="72" />
<String CONTENT="Dallas," HEIGHT="66" HPOS="1773" VPOS="2273" WIDTH="223" />
<SP HEIGHT="64" HPOS="1997" VPOS="2275" WIDTH="37" />
<String CONTENT="B." HEIGHT="52" HPOS="2035" VPOS="2275" WIDTH="67" />
<SP HEIGHT="54" HPOS="2103" VPOS="2274" WIDTH="38" />
<String CONTENT="Upshaw" HEIGHT="64" HPOS="2142" VPOS="2274" WIDTH="260" />
</TextLine>
<TextLine HEIGHT="65" HPOS="380" LANG="en-US" VPOS="2355" WIDTH="625">
<String CONTENT="and" HEIGHT="52" HPOS="380" VPOS="2355" WIDTH="112" />
<SP HEIGHT="52" HPOS="493" VPOS="2355" WIDTH="28" />
<String CONTENT="company," HEIGHT="48" HPOS="522" VPOS="2372" WIDTH="302" />
<SP HEIGHT="63" HPOS="825" VPOS="2356" WIDTH="28" />
<String CONTENT="1936." HEIGHT="50" HPOS="854" VPOS="2355" WIDTH="151" />
</TextLine>
<TextLine CS="1" HEIGHT="40" HPOS="451" LANG="en-US" STYLEREFS="StyleId-697BC813-5EEE-45F0-8222-A2CBA0E75A39-" VPOS="2428" WIDTH="99">
<String CONTENT="1" HEIGHT="39" HPOS="451" VPOS="2428" WIDTH="24" />
<SP HEIGHT="39" HPOS="476" VPOS="2428" WIDTH="30" />
<String CONTENT="v." CS="1" HEIGHT="9" HPOS="543" VPOS="2459" WIDTH="7" />
</TextLine>
<TextLine CS="1" HEIGHT="55" HPOS="381" LANG="en-US" STYLEREFS="StyleId-7A739BCF-4139-42EA-8516-7BBA4206E5FB-" VPOS="2479" WIDTH="1938">
<String CONTENT="&#169;" HEIGHT="54" HPOS="381" VPOS="2480" WIDTH="53" />
<SP HEIGHT="54" HPOS="435" VPOS="2480" WIDTH="26" />
<String CONTENT="Nov." HEIGHT="39" HPOS="462" VPOS="2485" WIDTH="118" />
<SP HEIGHT="41" HPOS="581" VPOS="2483" WIDTH="28" />
<String CONTENT="11," HEIGHT="48" HPOS="610" VPOS="2483" WIDTH="71" />
<SP HEIGHT="48" HPOS="682" VPOS="2483" WIDTH="24" />
<String CONTENT="1936;" CS="1" HEIGHT="41" HPOS="707" VPOS="2481" WIDTH="116" />
<SP HEIGHT="47" HPOS="850" VPOS="2481" WIDTH="28" />
<String CONTENT="2c." HEIGHT="41" HPOS="879" VPOS="2481" WIDTH="67" />
<SP HEIGHT="29" HPOS="947" VPOS="2493" WIDTH="30" />
<String CONTENT="and" HEIGHT="40" HPOS="978" VPOS="2481" WIDTH="96" />
<SP HEIGHT="40" HPOS="1075" VPOS="2481" WIDTH="26" />
<String CONTENT="aff." HEIGHT="41" HPOS="1102" VPOS="2481" WIDTH="83" />
<SP HEIGHT="40" HPOS="1186" VPOS="2482" WIDTH="27" />
<String CONTENT="Dec." HEIGHT="40" HPOS="1214" VPOS="2482" WIDTH="114" />
<SP HEIGHT="41" HPOS="1329" VPOS="2481" WIDTH="25" />
<String CONTENT="7;" CS="1" HEIGHT="39" HPOS="1355" VPOS="2481" WIDTH="26" />
<SP HEIGHT="47" HPOS="1409" VPOS="2481" WIDTH="32" />
<String CONTENT="A" HEIGHT="40" HPOS="1442" VPOS="2481" WIDTH="40" />
<SP HEIGHT="40" HPOS="1483" VPOS="2481" WIDTH="26" />
<String CONTENT="101165;" CS="1" HEIGHT="41" HPOS="1510" VPOS="2480" WIDTH="175" />
<SP HEIGHT="46" HPOS="1713" VPOS="2483" WIDTH="30" />
<String CONTENT="Banks" HEIGHT="40" HPOS="1744" VPOS="2481" WIDTH="168" />
<SP HEIGHT="40" HPOS="1913" VPOS="2482" WIDTH="28" />
<String CONTENT="Upshaw" HEIGHT="51" HPOS="1942" VPOS="2479" WIDTH="218" />
<SP HEIGHT="41" HPOS="2161" VPOS="2482" WIDTH="26" />
<String CONTENT="&amp;" HEIGHT="41" HPOS="2188" VPOS="2482" WIDTH="37" />
<SP HEIGHT="41" HPOS="2226" VPOS="2482" WIDTH="24" />
<String CONTENT="co." HEIGHT="32" HPOS="2251" LANG="ru" VPOS="2491" WIDTH="68" />
</TextLine>
<TextLine HEIGHT="66" HPOS="380" LANG="en-US" VPOS="2645" WIDTH="523">
<String CONTENT="Grock," HEIGHT="64" HPOS="380" VPOS="2647" WIDTH="206" />
<SP HEIGHT="63" HPOS="587" VPOS="2648" WIDTH="27" />
<String CONTENT="Clement." HEIGHT="57" HPOS="615" VPOS="2645" WIDTH="288" />
</TextLine>
<TextLine HEIGHT="71" HPOS="454" LANG="en-US" VPOS="2722" WIDTH="1943">
<String CONTENT="..." HEIGHT="11" HPOS="454" VPOS="2765" WIDTH="57" />
<SP HEIGHT="52" HPOS="512" VPOS="2724" WIDTH="47" />
<String CONTENT="Discourses" HEIGHT="55" HPOS="560" VPOS="2722" WIDTH="337" />
<SP HEIGHT="35" HPOS="898" VPOS="2741" WIDTH="45" />
<String CONTENT="on" HEIGHT="34" HPOS="944" VPOS="2741" WIDTH="72" />
<SP HEIGHT="51" HPOS="1017" VPOS="2741" WIDTH="44" />
<String CONTENT="grace" HEIGHT="51" HPOS="1062" VPOS="2741" WIDTH="169" />
<SP HEIGHT="34" HPOS="1232" VPOS="2741" WIDTH="43" />
<String CONTENT="and" HEIGHT="52" HPOS="1276" VPOS="2723" WIDTH="113" />
<SP HEIGHT="52" HPOS="1390" VPOS="2723" WIDTH="45" />
<String CONTENT="the" HEIGHT="53" HPOS="1436" VPOS="2722" WIDTH="98" />
<SP HEIGHT="36" HPOS="1535" VPOS="2740" WIDTH="43" />
<String CONTENT="sacraments," HEIGHT="65" HPOS="1579" VPOS="2726" WIDTH="365" />
<SP HEIGHT="69" HPOS="1945" VPOS="2722" WIDTH="45" />
<String CONTENT="by" HEIGHT="71" HPOS="1991" VPOS="2722" WIDTH="77" />
<SP HEIGHT="66" HPOS="2069" VPOS="2727" WIDTH="44" />
<String CONTENT="the" HEIGHT="53" HPOS="2114" VPOS="2723" WIDTH="95" />
<SP HEIGHT="53" HPOS="2210" VPOS="2723" WIDTH="48" />
<String CONTENT="Rev." HEIGHT="54" HPOS="2259" VPOS="2723" WIDTH="138" />
</TextLine>
<TextLine CS="1" HEIGHT="152" HPOS="378" LANG="en-US" VPOS="2799" WIDTH="1996">
<String CONTENT="Clement" HEIGHT="56" HPOS="379" VPOS="2800" WIDTH="260" />
<SP HEIGHT="55" HPOS="640" VPOS="2801" WIDTH="33" />
<String CONTENT="Crock" HEIGHT="56" HPOS="674" VPOS="2800" WIDTH="188" />
<SP HEIGHT="54" HPOS="863" VPOS="2800" WIDTH="36" />
<String CONTENT="..." HEIGHT="10" HPOS="900" VPOS="2844" WIDTH="57" />
<SP HEIGHT="54" HPOS="958" VPOS="2801" WIDTH="73" />
<String CONTENT="New" HEIGHT="54" HPOS="1032" VPOS="2801" WIDTH="140" />
<SP HEIGHT="53" HPOS="1173" VPOS="2801" WIDTH="31" />
<String CONTENT="York" HEIGHT="54" HPOS="1205" VPOS="2800" WIDTH="166" />
<SP HEIGHT="54" HPOS="1372" VPOS="2800" WIDTH="29" />
<String CONTENT="city," HEIGHT="71" HPOS="1402" VPOS="2799" WIDTH="135" />
<SP HEIGHT="69" HPOS="1538" VPOS="2800" WIDTH="33" />
<String CONTENT="J." HEIGHT="55" HPOS="1572" LANG="fr" VPOS="2800" WIDTH="56" />
<SP HEIGHT="53" HPOS="1629" VPOS="2801" WIDTH="34" />
<String CONTENT="F." HEIGHT="53" HPOS="1664" VPOS="2801" WIDTH="67" />
<SP HEIGHT="55" HPOS="1732" VPOS="2800" WIDTH="32" />
<String CONTENT="Wagner," HEIGHT="70" HPOS="1765" VPOS="2800" WIDTH="276" />
<SP HEIGHT="65" HPOS="2042" VPOS="2801" WIDTH="33" />
<String CONTENT="inc.;" HEIGHT="68" HPOS="2076" VPOS="2801" WIDTH="138" />
<SP HEIGHT="68" HPOS="2215" VPOS="2801" WIDTH="33" />
<String CONTENT="London," HEIGHT="150" HPOS="378" VPOS="2801" WIDTH="1996" />
<SP HEIGHT="70" HPOS="512" VPOS="2881" WIDTH="27" />
<String CONTENT="B." HEIGHT="54" HPOS="540" VPOS="2881" WIDTH="68" />
</TextLine>
<TextLine CS="1" HEIGHT="68" HPOS="637" LANG="en-US" VPOS="2880" WIDTH="462">
<String CONTENT="Herder" HEIGHT="54" HPOS="637" VPOS="2880" WIDTH="232" />
<SP HEIGHT="49" HPOS="870" VPOS="2899" WIDTH="33" />
<String CONTENT="[" CS="1" />
<String CONTENT="c" HEIGHT="23" HPOS="922" STYLE="superscript" VPOS="2885" WIDTH="18" />
<String CONTENT="1936]" HEIGHT="66" HPOS="945" VPOS="2882" WIDTH="154" />
</TextLine>
<TextLine CS="1" HEIGHT="50" HPOS="485" LANG="en-US" STYLEREFS="StyleId-7A739BCF-4139-42EA-8516-7BBA4206E5FB-" VPOS="2953" WIDTH="402">
<String CONTENT="x," CS="1" HEIGHT="16" HPOS="485" VPOS="2986" WIDTH="8" />
<SP HEIGHT="47" HPOS="494" VPOS="2955" WIDTH="26" />
<String CONTENT="293" HEIGHT="42" HPOS="521" VPOS="2954" WIDTH="87" />
<SP HEIGHT="49" HPOS="609" VPOS="2954" WIDTH="24" />
<String CONTENT="p." HEIGHT="38" HPOS="634" VPOS="2965" WIDTH="44" />
<SP HEIGHT="41" HPOS="679" VPOS="2953" WIDTH="60" />
<String CONTENT="23&#189;cm." CS="1" HEIGHT="41" HPOS="740" VPOS="2953" WIDTH="147" />
</TextLine>
<TextLine CS="1" HEIGHT="48" HPOS="449" LANG="en-US" STYLEREFS="StyleId-7A739BCF-4139-42EA-8516-7BBA4206E5FB-" VPOS="3012" WIDTH="604">
<String CONTENT="Bibliography;" CS="1" HEIGHT="48" HPOS="449" VPOS="3012" WIDTH="354" />
<SP HEIGHT="38" HPOS="829" VPOS="3021" WIDTH="26" />
<String CONTENT="p." HEIGHT="38" HPOS="856" VPOS="3021" WIDTH="44" />
<SP HEIGHT="30" HPOS="901" VPOS="3021" WIDTH="28" />
<String CONTENT="v-vi." HEIGHT="41" HPOS="930" VPOS="3012" WIDTH="123" />
</TextLine>
<TextLine CS="1" HEIGHT="54" HPOS="377" LANG="en-US" STYLEREFS="StyleId-7A739BCF-4139-42EA-8516-7BBA4206E5FB-" VPOS="3066" WIDTH="2024">
<String CONTENT="&#169;" HEIGHT="54" HPOS="377" VPOS="3066" WIDTH="54" />
<SP HEIGHT="54" HPOS="432" VPOS="3066" WIDTH="19" />
<String CONTENT="Nov." HEIGHT="39" HPOS="452" VPOS="3071" WIDTH="118" />
<SP HEIGHT="41" HPOS="571" VPOS="3069" WIDTH="22" />
<String CONTENT="20," HEIGHT="50" HPOS="594" VPOS="3069" WIDTH="70" />
<SP HEIGHT="49" HPOS="665" VPOS="3070" WIDTH="22" />
<String CONTENT="1936;" CS="1" HEIGHT="40" HPOS="688" VPOS="3069" WIDTH="117" />
<SP HEIGHT="49" HPOS="832" VPOS="3068" WIDTH="22" />
<String CONTENT="2c." HEIGHT="41" HPOS="855" VPOS="3068" WIDTH="66" />
<SP HEIGHT="39" HPOS="922" VPOS="3070" WIDTH="25" />
<String CONTENT="Dec." HEIGHT="39" HPOS="948" VPOS="3070" WIDTH="111" />
<SP HEIGHT="40" HPOS="1060" VPOS="3068" WIDTH="21" />
<String CONTENT="9;" CS="1" HEIGHT="40" HPOS="1082" VPOS="3068" WIDTH="28" />
<SP HEIGHT="37" HPOS="1137" VPOS="3079" WIDTH="26" />
<String CONTENT="aff." HEIGHT="40" HPOS="1164" VPOS="3069" WIDTH="81" />
<SP HEIGHT="39" HPOS="1246" VPOS="3070" WIDTH="22" />
<String CONTENT="Dec." HEIGHT="39" HPOS="1269" VPOS="3070" WIDTH="111" />
<SP HEIGHT="41" HPOS="1381" VPOS="3068" WIDTH="25" />
<String CONTENT="8;" CS="1" HEIGHT="41" HPOS="1407" VPOS="3068" WIDTH="26" />
<SP HEIGHT="46" HPOS="1462" VPOS="3070" WIDTH="22" />
<String CONTENT="A" HEIGHT="39" HPOS="1485" VPOS="3070" WIDTH="41" />
<SP HEIGHT="41" HPOS="1527" VPOS="3068" WIDTH="21" />
<String CONTENT="100892;" CS="1" HEIGHT="41" HPOS="1549" VPOS="3067" WIDTH="175" />
<SP HEIGHT="48" HPOS="1752" VPOS="3069" WIDTH="24" />
<String CONTENT="Joseph" HEIGHT="49" HPOS="1777" VPOS="3069" WIDTH="182" />
<SP HEIGHT="40" HPOS="1960" VPOS="3069" WIDTH="25" />
<String CONTENT="F." HEIGHT="41" HPOS="1986" VPOS="3070" WIDTH="52" />
<SP HEIGHT="40" HPOS="2039" VPOS="3071" WIDTH="22" />
<String CONTENT="Wagner," HEIGHT="47" HPOS="2062" VPOS="3071" WIDTH="224" />
<SP HEIGHT="47" HPOS="2287" VPOS="3070" WIDTH="22" />
<String CONTENT="inc." HEIGHT="41" HPOS="2310" VPOS="3070" WIDTH="91" />
</TextLine>
<TextLine HEIGHT="51" HPOS="461" LANG="en-US" STYLEREFS="StyleId-7A739BCF-4139-42EA-8516-7BBA4206E5FB-" VPOS="3126" WIDTH="255">
<String CONTENT="(37-1733)" HEIGHT="51" HPOS="461" VPOS="3126" WIDTH="255" />
</TextLine>
<TextLine HEIGHT="67" HPOS="379" LANG="en-US" VPOS="3231" WIDTH="1148">
<String CONTENT="Curwood," HEIGHT="65" HPOS="379" VPOS="3232" WIDTH="307" />
<SP HEIGHT="65" HPOS="687" VPOS="3232" WIDTH="27" />
<String CONTENT="James" HEIGHT="54" HPOS="715" VPOS="3232" WIDTH="204" />
<SP HEIGHT="54" HPOS="920" VPOS="3232" WIDTH="28" />
<String CONTENT="Oliver," HEIGHT="67" HPOS="949" VPOS="3231" WIDTH="217" />
<SP HEIGHT="60" HPOS="1167" VPOS="3238" WIDTH="31" />
<String CONTENT="1878-1927." HEIGHT="55" HPOS="1199" VPOS="3233" WIDTH="328" />
</TextLine>
<TextLine HEIGHT="72" HPOS="453" VPOS="3307" WIDTH="1943">
<String CONTENT="..." HEIGHT="10" HPOS="453" LANG="en-US" VPOS="3350" WIDTH="56" />
<SP HEIGHT="52" HPOS="510" VPOS="3309" WIDTH="29" />
<String CONTENT="Fleur" HEIGHT="53" HPOS="540" LANG="en-US" VPOS="3308" WIDTH="177" />
<SP HEIGHT="52" HPOS="718" VPOS="3309" WIDTH="22" />
<String CONTENT="du" HEIGHT="52" HPOS="741" LANG="de" VPOS="3309" WIDTH="77" />
<SP HEIGHT="53" HPOS="819" VPOS="3308" WIDTH="23" />
<String CONTENT="Nord" HEIGHT="53" HPOS="843" LANG="de" VPOS="3308" WIDTH="162" />
<SP HEIGHT="70" HPOS="1006" VPOS="3307" WIDTH="35" />
<String CONTENT="(Flower" HEIGHT="70" HPOS="1042" LANG="en-US" VPOS="3307" WIDTH="254" />
<SP HEIGHT="34" HPOS="1297" VPOS="3328" WIDTH="24" />
<String CONTENT="of" HEIGHT="54" HPOS="1322" LANG="en-US" VPOS="3308" WIDTH="65" />
<SP HEIGHT="54" HPOS="1388" VPOS="3308" WIDTH="17" />
<String CONTENT="the" HEIGHT="53" HPOS="1406" LANG="en-US" VPOS="3309" WIDTH="95" />
<SP HEIGHT="53" HPOS="1502" VPOS="3309" WIDTH="23" />
<String CONTENT="North)" HEIGHT="69" HPOS="1526" LANG="en-US" VPOS="3308" WIDTH="216" />
<SP HEIGHT="69" HPOS="1743" VPOS="3308" WIDTH="70" />
<String CONTENT="Traduit" HEIGHT="54" HPOS="1814" LANG="fr" VPOS="3310" WIDTH="252" />
<SP HEIGHT="64" HPOS="2067" VPOS="3315" WIDTH="23" />
<String CONTENT="par" HEIGHT="50" HPOS="2091" LANG="en-US" VPOS="3329" WIDTH="107" />
<SP HEIGHT="53" HPOS="2199" VPOS="3310" WIDTH="20" />
<String CONTENT="Louis" HEIGHT="54" HPOS="2220" LANG="en-US" VPOS="3309" WIDTH="176" />
</TextLine>
<TextLine CS="1" HEIGHT="70" HPOS="376" VPOS="3385" WIDTH="1006">
<String CONTENT="Postif." HEIGHT="56" HPOS="376" LANG="fr" VPOS="3385" WIDTH="210" />
<SP HEIGHT="34" HPOS="587" VPOS="3420" WIDTH="66" />
<String CONTENT="[Paris]" HEIGHT="68" HPOS="654" LANG="en-US" VPOS="3386" WIDTH="205" />
<SP HEIGHT="68" HPOS="860" VPOS="3386" WIDTH="29" />
<String CONTENT="Hachette" HEIGHT="55" HPOS="890" LANG="fr" VPOS="3386" WIDTH="289" />
<SP HEIGHT="49" HPOS="1180" VPOS="3406" WIDTH="28" />
<String CONTENT="[" CS="1" LANG="fr" />
<String CONTENT="1936]" HEIGHT="65" HPOS="1229" LANG="ru" VPOS="3389" WIDTH="153" />
</TextLine>
<TextLine CS="1" HEIGHT="52" HPOS="447" STYLEREFS="StyleId-7A739BCF-4139-42EA-8516-7BBA4206E5FB-" VPOS="3458" WIDTH="1800">
<String CONTENT="249" HEIGHT="42" HPOS="447" LANG="en-US" VPOS="3458" WIDTH="89" />
<SP HEIGHT="49" HPOS="537" VPOS="3459" WIDTH="20" />
<String CONTENT="p.," HEIGHT="38" HPOS="558" LANG="fr" VPOS="3470" WIDTH="58" />
<SP HEIGHT="43" HPOS="617" VPOS="3461" WIDTH="27" />
<String CONTENT="1" HEIGHT="39" HPOS="645" LANG="en-US" VPOS="3461" WIDTH="24" />
<SP HEIGHT="41" HPOS="670" VPOS="3459" WIDTH="29" />
<String CONTENT="l." CS="1" HEIGHT="8" HPOS="718" LANG="en-US" VPOS="3491" WIDTH="9" />
<SP HEIGHT="40" HPOS="728" VPOS="3459" WIDTH="60" />
<String CONTENT="19cm." CS="1" HEIGHT="42" HPOS="789" LANG="fr" VPOS="3459" WIDTH="115" />
<SP HEIGHT="48" HPOS="905" VPOS="3460" WIDTH="71" />
<String CONTENT="(On" HEIGHT="49" HPOS="977" LANG="en-US" VPOS="3459" WIDTH="98" />
<SP HEIGHT="29" HPOS="1076" VPOS="3473" WIDTH="23" />
<String CONTENT="cover;" HEIGHT="31" HPOS="1100" LANG="en-US" VPOS="3471" WIDTH="164" />
<SP HEIGHT="41" HPOS="1265" VPOS="3461" WIDTH="26" />
<String CONTENT="&#8220;Les" HEIGHT="41" HPOS="1292" LANG="fr" VPOS="3460" WIDTH="118" />
<SP HEIGHT="31" HPOS="1411" VPOS="3470" WIDTH="26" />
<String CONTENT="meilleurs" HEIGHT="41" HPOS="1438" LANG="fr" VPOS="3460" WIDTH="251" />
<SP HEIGHT="29" HPOS="1690" VPOS="3471" WIDTH="23" />
<String CONTENT="romans" HEIGHT="31" HPOS="1714" LANG="fr" VPOS="3471" WIDTH="196" />
<SP HEIGHT="40" HPOS="1911" VPOS="3461" WIDTH="28" />
<String CONTENT="&#233;trangers&#8221;)" HEIGHT="49" HPOS="1940" LANG="fr" VPOS="3461" WIDTH="307" />
</TextLine>
<TextLine CS="1" HEIGHT="54" HPOS="378" LANG="fr" STYLEREFS="StyleId-ED8191D6-3E82-4858-A187-BE2291D75484-" VPOS="3514" WIDTH="1879">
<String CONTENT="&#169;" HEIGHT="54" HPOS="378" VPOS="3514" WIDTH="53" />
<SP HEIGHT="54" HPOS="432" VPOS="3514" WIDTH="24" />
<String CONTENT="July" HEIGHT="48" HPOS="457" LANG="en-US" VPOS="3518" WIDTH="117" />
<SP HEIGHT="49" HPOS="575" VPOS="3517" WIDTH="21" />
<String CONTENT="23," HEIGHT="50" HPOS="597" VPOS="3517" WIDTH="71" />
<SP HEIGHT="50" HPOS="669" VPOS="3517" WIDTH="27" />
<String CONTENT="1936;" CS="1" HEIGHT="42" HPOS="697" VPOS="3516" WIDTH="116" />
<SP />
<String CONTENT="1c." CS="1" />
<SP />
<String CONTENT="Dec." HEIGHT="41" HPOS="963" VPOS="3518" WIDTH="112" />
<SP HEIGHT="41" HPOS="1076" VPOS="3518" WIDTH="26" />
<String CONTENT="7;" CS="1" HEIGHT="39" HPOS="1103" VPOS="3518" WIDTH="26" />
<SP HEIGHT="48" HPOS="1157" VPOS="3518" WIDTH="27" />
<String CONTENT="A-" HEIGHT="41" HPOS="1185" VPOS="3518" WIDTH="102" />
<String CONTENT="Foreign" HEIGHT="51" HPOS="1290" LANG="en-US" VPOS="3516" WIDTH="209" />
<SP HEIGHT="42" HPOS="1500" VPOS="3517" WIDTH="24" />
<String CONTENT="33813;" CS="1" HEIGHT="43" HPOS="1525" VPOS="3516" WIDTH="146" />
<SP HEIGHT="48" HPOS="1699" VPOS="3519" WIDTH="27" />
<String CONTENT="Librairie" HEIGHT="41" HPOS="1727" VPOS="3518" WIDTH="245" />
<SP HEIGHT="40" HPOS="1973" VPOS="3520" WIDTH="25" />
<String CONTENT="Hachette." HEIGHT="42" HPOS="1999" VPOS="3519" WIDTH="258" />
</TextLine>
<TextLine HEIGHT="50" HPOS="462" LANG="fr" STYLEREFS="StyleId-ED8191D6-3E82-4858-A187-BE2291D75484-" VPOS="3574" WIDTH="255">
<String CONTENT="(37-1558)" HEIGHT="50" HPOS="462" VPOS="3574" WIDTH="255" />
</TextLine>
<TextLine HEIGHT="71" HPOS="381" LANG="fr" STYLEREFS="StyleId-BD07B20A-82F6-479C-AF49-4AA0362ADFF8-" VPOS="3673" WIDTH="1322">
<String CONTENT="[Delhaye" HEIGHT="65" HPOS="381" VPOS="3673" WIDTH="285" />
<SP HEIGHT="52" HPOS="667" VPOS="3676" WIDTH="25" />
<String CONTENT="de" HEIGHT="52" HPOS="693" VPOS="3676" WIDTH="70" />
<SP HEIGHT="52" HPOS="764" VPOS="3676" WIDTH="26" />
<String CONTENT="Marnyhac," HEIGHT="64" HPOS="791" VPOS="3676" WIDTH="348" />
<SP HEIGHT="63" HPOS="1140" VPOS="3677" WIDTH="27" />
<String CONTENT="Mme." HEIGHT="54" HPOS="1168" VPOS="3677" WIDTH="171" />
<SP HEIGHT="52" HPOS="1340" VPOS="3677" WIDTH="28" />
<String CONTENT="Th.]" HEIGHT="67" HPOS="1369" VPOS="3677" WIDTH="127" />
<SP HEIGHT="62" HPOS="1497" VPOS="3682" WIDTH="33" />
<String CONTENT="1875-" HEIGHT="54" HPOS="1531" VPOS="3678" WIDTH="172" />
</TextLine>
<TextLine HEIGHT="74" HPOS="451" LANG="fr" STYLEREFS="StyleId-BD07B20A-82F6-479C-AF49-4AA0362ADFF8-" VPOS="3751" WIDTH="1934">
<String CONTENT="..." HEIGHT="11" HPOS="451" VPOS="3794" WIDTH="56" />
<SP HEIGHT="54" HPOS="508" VPOS="3751" WIDTH="55" />
<String CONTENT="Fred;" HEIGHT="69" HPOS="564" LANG="de" VPOS="3751" WIDTH="182" />
<SP HEIGHT="49" HPOS="747" VPOS="3771" WIDTH="53" />
<String CONTENT="ou," HEIGHT="51" HPOS="801" VPOS="3771" WIDTH="89" />
<SP HEIGHT="68" HPOS="891" VPOS="3754" WIDTH="48" />
<String CONTENT="L&#8217;amour" HEIGHT="55" HPOS="940" VPOS="3752" WIDTH="270" />
<SP HEIGHT="36" HPOS="1211" VPOS="3772" WIDTH="48" />
<String CONTENT="et" HEIGHT="48" HPOS="1260" VPOS="3760" WIDTH="54" />
<SP HEIGHT="48" HPOS="1315" VPOS="3760" WIDTH="48" />
<String CONTENT="ses" HEIGHT="35" HPOS="1364" VPOS="3774" WIDTH="83" />
<SP HEIGHT="36" HPOS="1448" VPOS="3773" WIDTH="47" />
<String CONTENT="merveilles," HEIGHT="68" HPOS="1496" VPOS="3754" WIDTH="336" />
<SP HEIGHT="47" HPOS="1833" VPOS="3775" WIDTH="48" />
<String CONTENT="roman." HEIGHT="36" HPOS="1882" VPOS="3773" WIDTH="216" />
<SP HEIGHT="34" HPOS="2099" VPOS="3790" WIDTH="81" />
<String CONTENT="[Paris]" HEIGHT="67" HPOS="2181" VPOS="3758" WIDTH="204" />
</TextLine>
<TextLine CS="1" HEIGHT="73" HPOS="374" LANG="fr" STYLEREFS="StyleId-BD07B20A-82F6-479C-AF49-4AA0362ADFF8-" VPOS="3829" WIDTH="714">
<String CONTENT="E." HEIGHT="54" HPOS="374" VPOS="3829" WIDTH="67" />
<SP HEIGHT="53" HPOS="442" VPOS="3831" WIDTH="35" />
<String CONTENT="Flammarion" HEIGHT="55" HPOS="478" VPOS="3831" WIDTH="397" />
<SP HEIGHT="50" HPOS="876" VPOS="3851" WIDTH="37" />
<String CONTENT="[1936]" CS="1" HEIGHT="65" HPOS="935" VPOS="3837" WIDTH="153" />
</TextLine>
<TextLine CS="1" HEIGHT="50" HPOS="445" LANG="fr" STYLEREFS="StyleId-ED8191D6-3E82-4858-A187-BE2291D75484-" VPOS="3903" WIDTH="500">
<String CONTENT="281" HEIGHT="41" HPOS="445" VPOS="3903" WIDTH="85" />
<SP HEIGHT="49" HPOS="531" VPOS="3904" WIDTH="29" />
<String CONTENT="p.," HEIGHT="38" HPOS="561" VPOS="3915" WIDTH="57" />
<SP HEIGHT="47" HPOS="619" VPOS="3904" WIDTH="29" />
<String CONTENT="2" HEIGHT="40" HPOS="649" VPOS="3904" WIDTH="28" />
<SP HEIGHT="40" HPOS="678" VPOS="3904" WIDTH="26" />
<String CONTENT="1." HEIGHT="40" HPOS="705" VPOS="3905" WIDTH="30" />
<SP HEIGHT="40" HPOS="736" VPOS="3905" WIDTH="60" />
<String CONTENT="18" HEIGHT="42" HPOS="797" VPOS="3905" WIDTH="58" />
<String CONTENT="&#189;" CS="1" LANG="en-US" />
<String CONTENT="cm." CS="1" HEIGHT="9" HPOS="936" VPOS="3939" WIDTH="9" />
</TextLine>
<TextLine HEIGHT="52" HPOS="447" LANG="en-US" STYLEREFS="StyleId-ED8191D6-3E82-4858-A187-BE2291D75484-" VPOS="3959" WIDTH="1204">
<String CONTENT="Author&#8217;s" HEIGHT="43" HPOS="447" VPOS="3959" WIDTH="233" />
<SP HEIGHT="39" HPOS="681" VPOS="3971" WIDTH="26" />
<String CONTENT="pseud.," HEIGHT="47" HPOS="708" VPOS="3963" WIDTH="182" />
<SP HEIGHT="47" HPOS="891" VPOS="3963" WIDTH="25" />
<String CONTENT="T." HEIGHT="42" HPOS="917" LANG="fr" VPOS="3963" WIDTH="53" />
<SP HEIGHT="41" HPOS="971" VPOS="3964" WIDTH="28" />
<String CONTENT="Trilby," HEIGHT="48" HPOS="1000" VPOS="3963" WIDTH="183" />
<SP HEIGHT="37" HPOS="1184" VPOS="3974" WIDTH="28" />
<String CONTENT="at" HEIGHT="40" HPOS="1213" VPOS="3965" WIDTH="53" />
<SP HEIGHT="41" HPOS="1267" VPOS="3964" WIDTH="25" />
<String CONTENT="head" HEIGHT="40" HPOS="1293" VPOS="3964" WIDTH="123" />
<SP HEIGHT="39" HPOS="1417" VPOS="3965" WIDTH="29" />
<String CONTENT="of" HEIGHT="40" HPOS="1447" VPOS="3963" WIDTH="53" />
<SP HEIGHT="41" HPOS="1501" VPOS="3963" WIDTH="25" />
<String CONTENT="title." HEIGHT="43" HPOS="1527" VPOS="3964" WIDTH="124" />
</TextLine>
<TextLine HEIGHT="56" HPOS="375" STYLEREFS="StyleId-ED8191D6-3E82-4858-A187-BE2291D75484-" VPOS="4013" WIDTH="1960">
<String CONTENT="&#169;" HEIGHT="54" HPOS="375" LANG="en-US" VPOS="4013" WIDTH="53" />
<SP HEIGHT="54" HPOS="429" VPOS="4013" WIDTH="30" />
<String CONTENT="Nov." HEIGHT="40" HPOS="460" LANG="en-US" VPOS="4019" WIDTH="117" />
<SP HEIGHT="41" HPOS="578" VPOS="4018" WIDTH="30" />
<String CONTENT="5," HEIGHT="49" HPOS="609" LANG="en-US" VPOS="4018" WIDTH="39" />
<SP HEIGHT="48" HPOS="649" VPOS="4019" WIDTH="32" />
<String CONTENT="1936;" HEIGHT="50" HPOS="682" LANG="en-US" VPOS="4018" WIDTH="142" />
<SP HEIGHT="49" HPOS="825" VPOS="4019" WIDTH="35" />
<String CONTENT="1c." HEIGHT="44" HPOS="861" LANG="en-US" VPOS="4019" WIDTH="65" />
<SP HEIGHT="42" HPOS="927" VPOS="4021" WIDTH="31" />
<String CONTENT="Dec." HEIGHT="41" HPOS="959" LANG="en-US" VPOS="4021" WIDTH="113" />
<SP HEIGHT="41" HPOS="1073" VPOS="4021" WIDTH="32" />
<String CONTENT="10;" HEIGHT="44" HPOS="1106" LANG="en-US" VPOS="4020" WIDTH="81" />
<SP HEIGHT="43" HPOS="1188" VPOS="4021" WIDTH="34" />
<String CONTENT="A-Foreign" HEIGHT="47" HPOS="1223" LANG="en-US" VPOS="4020" WIDTH="313" />
<SP HEIGHT="41" HPOS="1537" VPOS="4019" WIDTH="31" />
<String CONTENT="33742;" HEIGHT="50" HPOS="1569" LANG="en-US" VPOS="4019" WIDTH="172" />
<SP HEIGHT="47" HPOS="1742" VPOS="4022" WIDTH="34" />
<String CONTENT="Ernest" HEIGHT="40" HPOS="1777" LANG="en-US" VPOS="4022" WIDTH="178" />
<SP HEIGHT="41" HPOS="1956" VPOS="4021" WIDTH="33" />
<String CONTENT="Flammarion." HEIGHT="40" HPOS="1990" LANG="fr" VPOS="4021" WIDTH="345" />
</TextLine>
<TextLine CS="1" HEIGHT="51" HPOS="456" LANG="en-US" STYLEREFS="StyleId-ED8191D6-3E82-4858-A187-BE2291D75484-" VPOS="4073" WIDTH="254">
<String CONTENT="(37-1649)" CS="1" HEIGHT="51" HPOS="456" VPOS="4073" WIDTH="254" />
</TextLine>
</TextBlock>
</PrintSpace>
</Page>
</Layout>
</alto>