2519 4377
1328 4142 101 50 404

433 549 88 40 252
549 561 44 37 p.
653 549 147 40 19½cm.

364 619 53 53 ©
444 624 113 47 Apr.
588 624 68 46 10,
688 623 114 41 1936;
861 625 68 41 2c.
959 624 95 40 and
1085 624 83 41 aff.
1199 625 113 48 Apr.
1344 626 82 44 16;
1459 626 40 39 A
1529 625 171 48 93692;
1735 627 92 40 Lee
1860 627 231 48 Furman,
2123 628 105 48 inc.,
2260 629 117 39 New

432 682 146 39 York.
649 681 253 49 (36-8616)

364 798 232 67 Driver,
623 800 187 54 Helen
834 802 190 54 Irene.

437 888 213 54 Tennis
681 887 96 55 for
807 889 273 67 teachers,
1112 888 76 68 by
1220 889 187 54 Helen
1441 890 168 53 Irene
1640 890 212 54 Driver
1890 933 56 9 ...
1988 890 137 54 with
2161 910 31 34 a
369 891 1984 130 foreword
551 966 74 69 by

652 968 68 53 R.
748 968 205 54 Norris
976 965 308 71 Williams,
1309 969 160 67 2nd.;
1500 969 324 53 illustrated
1850 969 75 68 by
1954 970 157 52 Ruth
2142 970 235 53 Allcott.

367 1046 412 68 Philadelphia
810 1047 113 53 and
955 1046 262 68 London,
1245 1047 88 54 W.
1368 1049 67 51 B.
1471 1046 289 56 Saunders
1794 1066 300 50 company,
2127 1052 149 50 1936.

432 1119 1464 51 2 p. l., 11-191 p. front, (port.) illus., diagrs. 22½cm.
435 1176 205 42 “Tennis
670 1176 365 49 bibliography”;
1095 1189 41 37 p.
1168 1178 214 41 181-183.

366 1243 53 53 ©
445 1249 121 39 Mar.
593 1248 69 49 19,
689 1247 113 41 1936;
858 1248 67 40 2c.
952 1249 124 39 Mar.
1101 1247 58 40 24;
1213 1248 82 42 aff.
1324 1250 121 39 Mar.
1473 1249 53 39 31;
1585 1249 41 39 A
1651 1249 145 40 93474;
1852 1250 72 40 W.
1953 1250 55 39 B.
2038 1249 247 41 Saunders
2312 1260 67 30 co.

450 1305 252 47 (36-8507)

366 1409 187 63 Duell,
582 1409 246 55 Clifford
859 1409 307 65 Cleophas,
1198 1416 171 49 1899-

436 1500 121 55 The
589 1505 188 49 motor
811 1500 215 54 vehicle
1060 1501 250 67 manual,
1342 1501 74 68 by
1451 1500 244 56 Clifford
1733 1502 62 55 C.
1826 1501 170 53 Duell
2039 1545 55 10 ...
2177 1506 83 49 1st
2292 1503 84 53 ed.

371 1580 439 68 [Indianapolis,
851 1581 243 53 Printed
1137 1581 74 67 by
1250 1581 260 55 William
1556 1583 66 52 B.
1666 1581 261 54 Burford
1970 1581 266 68 printing
2277 1600 97 50 co.]

370 1663 149 49 1935.

439 1731 102 50 viii,
572 1731 88 41 506
688 1742 58 38 p.,
778 1731 24 40 1
852 1763 9 10 l.
922 1732 144 49 illus.,
1096 1732 181 48 diagrs.
1336 1731 117 41 22cm.

368 1801 54 54 ©
457 1805 102 41 Oct.
596 1805 70 48 20,
703 1804 141 47 1935;
881 1804 66 41 2c.
985 1806 96 39 and
1118 1804 82 41 aff.
1238 1806 122 39 Mar.
1396 1804 39 49 9,
1472 1805 141 47 1936;
1654 1805 41 40 A
1730 1804 172 48 92144;
1942 1806 50 40 С.
2030 1806 49 41 C.
2117 1806 157 48 Duell,
2311 1807 71 39 W.

442 1863 276 48 Lafayette,
752 1863 105 40 Ind.
928 1861 253 50 (36-8593)

368 1966 269 64 Duffield,
664 1966 190 56 Anne.

440 2055 320 70 Glittering
787 2054 247 71 heights,
1063 2056 75 68 by
1171 2055 167 54 Anne
1369 2054 261 55 Duffield.
1705 2055 243 53 London
2004 2062 121 61 [etc.]
2165 2056 214 54 Cassell

369 2135 115 52 and
518 2152 281 50 company
835 2134 223 53 limited
1098 2136 171 67 [1936]

439 2205 541 50 3 p. l., 314 p. 19cm.
370 2278 1996 110 © 1c. Apr. 16, 1936; A ad int. 21319; pubd. Feb. 20; Dorothy Duer Duffield,
597 2340 294 46 Aldbourne,
924 2340 267 47 Wiltshire,
1226 2340 236 47 England.
1534 2338 252 49 (36-9391)

370 2443 265 54 Durtelle
662 2445 70 52 de
760 2444 485 64 Saint-Sauveur,
1275 2444 286 55 Edmond.

445 2578 56 9 ...
533 2534 262 53 Histoire
825 2535 68 52 de
919 2535 291 68 Bretagne
1238 2535 96 53 des
1362 2534 249 69 origines
1641 2534 30 52 à
1702 2553 101 35 nos
1826 2533 159 70 jours
2020 2577 56 9 ...
2143 2535 241 67 Rennes,

369 2615 56 54 J.
455 2613 212 53 Plihon;
728 2612 186 67 Paris,
941 2613 149 53 Plon
1142 2616 152 64 [1935]

441 2688 29 39 2
525 2720 8 8 v.
590 2687 145 49 illus.,
764 2688 30 39 2
816 2688 118 42 fold.
963 2699 152 38 maps.
1174 2687 116 41 25cm.

445 2745 65 40 At
533 2745 126 41 head
687 2744 53 42 of
764 2745 110 40 title;
932 2746 53 39 E.
1015 2745 223 40 Durtelle
1263 2745 58 40 de
1349 2743 397 42 Saint-Sauveur.

443 2800 416 51 Bibliographical
888 2802 279 40 foot-notes.

373 2868 1995 109 © Dec. 1, 1935; 1c. each Feb. 17, 1936; A-Foreign 30637; Librairie Plihon. (36-8809)
373 3035 326 63 Edmunds,
725 3034 234 52 Palmer
987 3033 225 55 Daniel.

445 3126 302 52 Edmunds
799 3125 228 53 Illinois
1079 3124 132 54 civil
1265 3124 247 67 practice
1566 3123 195 53 forms.
1851 3127 135 49 1936
2038 3123 344 54 cumulative

373 3205 362 65 supplement
784 3203 113 67 [for
941 3204 252 51 volumes
1241 3206 115 63 1-4]
1444 3204 90 64 By
1579 3202 229 52 Palmer
1852 3204 70 51 D.
1969 3202 302 53 Edmunds
2322 3248 56 9 ...

376 3281 269 66 Chicago,
673 3281 321 66 Callaghan
1021 3282 112 51 and
1160 3299 297 48 company,
1488 3283 148 50 1936.

444 3355 27 38 4
532 3388 8 7 v.
601 3353 117 41 25cm.

447 3412 154 39 These
632 3411 276 48 pamphlets
940 3420 83 30 are
1056 3412 48 38 to
1135 3410 56 39 be
1223 3409 135 41 fitted
1393 3409 102 40 into
1527 3410 84 39 the
1641 3408 196 48 pockets
1869 3410 56 38 at
1953 3408 84 40 the
2068 3408 122 39 back
2220 3408 53 40 of
2303 3408 84 41 the

375 3470 216 38 volumes
620 3468 52 39 of
700 3468 84 40 the
810 3471 73 37 set
911 3469 48 38 to
988 3466 158 41 which
1176 3467 113 47 they
1318 3466 184 47 belong.

376 3534 53 54 ©
457 3540 121 39 Mar.
605 3537 71 48 30,
706 3537 139 49 1936;
875 3537 67 41 2c.
968 3538 117 40 each
1114 3537 94 41 and
1238 3534 81 42 aff.
1348 3536 113 48 Apr.
1491 3535 51 47 1;
1573 3535 40 40 A
1641 3533 171 49 92692;
1843 3534 272 49 Callaghan
2144 3534 36 40 &
2208 3543 67 31 co.

377 3700 308 62 Emerson,
715 3699 245 55 Charles
989 3696 266 66 Phillips,
1287 3698 172 54 1872-

449 3831 57 10 ...
553 3788 215 54 Habits
814 3788 94 53 for
953 3787 196 54 health
1199 3829 57 11 ...
1305 3785 76 69 by
1428 3784 238 56 Charles
1711 3784 67 53 P.
1827 3783 279 54 Emerson
2159 3825 57 11 ...
2268 3781 113 53 and

375 3864 222 72 George
640 3866 253 54 Herbert
940 3867 163 53 Betts
1155 3908 57 10 ...
1299 3861 420 71 Indianapolis,
1768 3861 122 54 The
1937 3859 446 56 Bobbs-Merrill

373 3962 286 52 company
693 3978 14 35 [
710 3951 19 22 c
735 3948 152 65 1936]

450 4019 97 48 viii,
590 4019 100 48 247,
734 4018 67 40 vii
840 4029 42 37 p.
927 4018 108 40 incl.
1078 4018 164 48 front.,
1285 4017 128 40 illus.
1486 4014 145 42 19½cm.
1715 4013 203 50 (Habits
1960 4013 54 41 of
2058 4013 129 44 right
2231 4011 152 49 living

375 4076 163 40 series,
596 4076 124 40 book
745 4076 113 42 one)
