2519 4377
1369 4182 102 51 238

466 582 28 39 4
523 592 44 30 v.
627 581 140 48 port.,
796 578 182 51 diagrs.
1038 578 118 42 22cm.

470 651 163 42 “With
661 661 28 31 a
714 661 109 30 new
847 649 247 42 foreword
1119 650 62 48 by
1207 649 253 42 Havelock
1484 650 167 42 Ellis.”

750 744 61 6 CONTENTS.—I.
889 722 68 47 pt.
999 721 42 41 1.
1083 721 103 40 The
1228 721 249 40 evolution
1518 721 53 41 of
1614 722 235 47 modesty,
1894 722 86 39 the
2019 721 300 48 phenomena
2361 722 53 41 of

398 780 172 40 sexual
599 778 306 49 periodicity,
938 777 338 42 auto-erotism.
1351 781 67 46 pt.
1451 778 41 42 2.
1522 778 234 49 Analysis
1787 777 53 41 of
1871 778 83 41 the
1987 778 172 40 sexual
2191 778 222 50 impulse,

398 837 106 40 love
534 837 97 39 and
663 835 130 49 pain,
823 836 84 39 the
935 836 173 39 sexual
1136 835 208 49 impulse
1373 836 50 40 in
1451 847 318 31 women.—II.
1799 838 65 47 pt.
1897 836 40 40 1.
1973 836 181 41 Sexual
2181 836 231 41 selection

399 893 49 39 in
480 903 113 29 man:
655 893 41 41 1.
728 893 181 40 Touch.
969 893 41 40 2.
1045 893 162 42 Smell.
1266 894 41 42 3.
1340 893 233 49 Hearing.
1632 894 43 40 4.
1707 893 170 41 Vision.
1955 896 68 46 pt.
2056 894 41 40 2.
2132 894 180 41 Sexual
399 894 1996 99 inversion.—III.
782 952 65 48 pt.
882 950 42 44 1.
956 950 169 42 Erotic
1158 950 297 50 symbolism,
1494 952 83 41 the
1612 950 299 43 mechanism
1947 950 53 41 of
2034 952 380 49 detumescence,

399 1009 82 40 the
508 1008 200 50 psychic
735 1010 131 39 state
892 1010 52 39 in
973 1018 277 40 pregnancy.
1324 1012 68 45 pt.
1420 1010 41 41 2.
1492 1010 198 40 Eonism
1719 1011 95 39 and
1846 1010 143 40 other
2017 1011 399 47 supplementary

398 1065 341 43 studies.—IV.
769 1066 95 42 Sex
893 1067 52 40 in
972 1066 213 42 relation
1209 1068 51 39 to
1289 1067 196 48 society.

396 1134 53 53 ©
477 1140 123 39 Mar.
628 1139 42 47 4,
700 1137 115 41 1936;
870 1138 67 41 2c.
968 1139 122 39 each
1116 1139 123 40 Mar.
1269 1140 26 39 7;
1354 1138 83 41 aff.
1468 1140 123 39 Mar.
1621 1139 26 40 5;
1706 1140 41 38 A
1776 1138 144 41 93113;
1982 1139 206 41 Modern
2212 1139 202 47 library,

470 1196 107 47 inc.,
616 1197 118 39 New
773 1196 146 40 York.
991 1195 283 49 [Copyright
1311 1195 44 41 is
1392 1197 207 39 claimed
1639 1207 59 29 on
1740 1196 262 40 Foreword
2042 1196 61 48 by
2144 1195 182 41 Morris
2364 1196 50 39 L.

468 1255 150 39 Ernst;
678 1254 246 40 foreword
956 1254 63 47 by
1049 1254 252 40 Havelock
1333 1253 121 40 Ellis;
1517 1253 302 41 cumulative
1848 1253 148 40 index
2028 1254 61 48 by
2125 1254 124 40 Saxe
468 1253 1931 99 Commins]
687 1311 253 49 (36-7164)

398 1429 293 66 Eversull,
717 1431 205 64 Harry
945 1429 197 65 Kelso,
1171 1435 173 50 1893-

468 1505 1948 71 Howard Billman, by Harry Kelso Eversull … Cincinnati,
400 1586 87 70 O.,
517 1587 123 54 The
668 1586 302 57 Stratford
1001 1605 176 51 press,
1206 1591 151 50 1935.

473 1674 48 40 vi
550 1685 58 38 p.,
634 1676 25 39 1
708 1705 23 17 l.,
759 1673 58 41 32
842 1684 44 38 p.
916 1673 110 44 incl.
1055 1674 137 40 front.
1235 1673 173 49 (port.)
1478 1673 58 41 16
1536 1676 45 21 cm
1585 1705 10 10 .

475 1745 87 39 “In
592 1745 85 40 the
704 1744 257 48 following
990 1754 148 39 pages
1168 1745 82 40 the
1281 1743 242 49 principal
1553 1744 220 49 portions
1804 1744 53 40 of
1886 1745 84 40 the
1997 1744 199 41 funeral
2226 1754 194 30 sermon

402 1801 1998 106 delivered in Batavia and … of the memorial address delivered in Cincinnati are woven together.”—Foreword.
402 1927 53 53 ©
488 1932 112 40 Dec.
637 1930 71 48 28,
745 1930 114 41 1935;
926 1931 66 40 2c.
1030 1932 96 39 and
1164 1930 81 41 aff.
1284 1931 109 40 Jan.
1430 1931 40 49 9,
1509 1930 141 48 1936;
1690 1932 40 38 A
1767 1931 172 48 90215;
1981 1932 62 40 H.
2081 1932 59 39 K.
2179 1931 239 48 Eversull,

473 1988 295 42 Cincinnati.
838 1988 253 50 (36-7157)

403 2106 323 67 Everyday
765 2110 188 67 living
993 2108 97 53 for
1132 2107 170 69 girls;
1348 2128 32 33 a
1423 2108 271 54 textbook
1735 2109 61 52 in
1840 2108 266 69 personal
2148 2106 272 70 regimen,

473 2184 1945 152 by Adelaide Laura Van Duzer … Edna M. Andrix … Ethelwyn L. Bobenmyer … [pand others] edited by Benjamin R.
474 2345 1922 150 Andrews … Chicago, Philadelphia, J. B. Lippincott company [ c 1936]
478 2512 83 49 vii,
589 2512 74 51 [2],
690 2510 87 42 528
802 2521 44 38 p.
875 2511 111 43 incl.
1013 2512 144 48 illus.,
1184 2513 172 48 plates,
1384 2513 163 47 ports.,
1576 2510 154 50 diagr.
1791 2512 86 40 col.
1906 2513 173 48 plates,
2104 2512 105 41 fold.
2252 2512 168 43 forms.

406 2570 119 42 20cm.

481 2640 300 48 “Suggested
810 2640 303 46 references”
1140 2643 54 39 at
1218 2641 92 40 end
1337 2639 52 43 of
1414 2640 119 40 each
1559 2639 110 42 unit;
1722 2640 353 50 Bibliography:
2131 2652 43 38 p.
2203 2642 219 42 513-515.

408 2709 53 53 ©
500 2714 110 40 Feb.
647 2712 72 48 21,
758 2712 119 41 1936;
940 2713 68 40 2c.
1049 2714 96 39 and
1185 2711 81 42 aff.
1308 2713 122 40 Mar.
1469 2713 25 38 5;
1563 2712 40 39 A
1640 2711 146 41 92196;
1856 2713 43 40 J.
1940 2714 55 41 B.
2036 2713 279 49 Lippincott
2352 2725 70 30 co.

489 2770 254 49 (36-7162)

408 2889 173 64 Ford,
610 2889 155 55 Ford
793 2889 237 64 Madox,
1061 2889 173 57 1873-

480 2965 146 55 Vive
662 2966 52 53 le
752 2983 121 52 roy,
909 2984 31 34 a
978 2966 167 53 novel
1180 2965 76 69 by
1294 2965 157 52 Ford
1490 2964 217 52 Madox
1742 2965 175 53 Ford.
1993 2964 429 69 Philadelphia,

407 3044 262 69 London,
694 3044 56 55 J.
781 3045 68 53 B.
878 3044 343 69 Lippincott
1247 3061 300 51 company,
1578 3045 150 52 1936.

475 3130 102 50 341,
607 3133 57 49 [1]
692 3142 44 37 p.
796 3129 55 41 21½
886 3133 45 21 cm
934 3162 9 9 .

411 3199 2015 56 © Mar. 13, 1936; 2c. and aff. Mar. 18; A 92398; F. M. Ford, ℅ Guaranty
482 3264 162 46 Trust,
685 3262 155 41 Paris.
917 3263 252 46 (36-7113)

412 3368 120 52 The
572 3366 387 66 Fortnightly.
1053 3385 89 34 no.
1182 3370 118 62 830,
1336 3385 53 34 n.
1428 3386 60 46 s.,
1526 3366 152 67 Feb.,
1718 3369 149 51 1936.

413 3458 53 52 ©
524 3473 35 28 1c.
592 3461 111 39 Feb.
733 3459 68 47 10,
832 3459 140 46 1936;
1004 3460 40 38 A
1074 3460 61 39 ad
1166 3459 86 40 int.
1282 3459 172 46 21094;
1487 3459 142 47 pubd.
1662 3458 109 41 Feb.
1802 3459 52 41 1;
1890 3459 313 48 Fortnightly
2233 3459 191 49 review,

484 3519 101 47 ltd.,
621 3518 214 40 London.

416 3630 244 64 Gerson,
689 3629 202 66 Oscar,
923 3629 170 54 1874-
1308 3646 178 48 comp.

486 3709 214 63 Poetry
731 3707 95 51 for
854 3708 93 50 the
979 3706 203 67 grades
1225 3706 231 66 (grades
1488 3703 127 68 7-8)
1656 3704 280 67 compiled
1969 3707 76 66 by
2076 3707 178 54 Oscar
415 3707 1986 132 Gerson.
606 3785 244 52 Revised
888 3785 75 66 by
999 3782 239 54 Francis
1277 3785 70 51 A.
1385 3783 179 54 Wade
1608 3783 149 67 [and]
1802 3784 156 53 John
1998 3786 62 51 L.
2100 3783 323 56 Waldman.

416 3863 429 66 Philadelphia,
875 3862 282 52 Franklin
1191 3862 337 66 publishing
1557 3861 111 52 and
1700 3861 210 67 supply
1942 3879 79 36 co.
2059 3896 13 33 [
2077 3868 18 21 c
2102 3866 151 63 1936]

487 3950 29 38 2
542 3961 41 28 v.
640 3948 57 40 20
699 3951 44 20 cm
750 3981 8 7 .

418 4017 53 53 ©
506 4022 121 38 Mar.
663 4019 69 47 10,
766 4019 141 46 1936;
942 4019 67 41 2c.
1044 4020 117 39 each
1197 4019 93 39 and
1327 4017 108 41 affs.
1473 4019 120 39 Mar.
1629 4018 80 45 13;
1747 4019 39 37 A
1821 4017 159 48 92249,
2014 4016 171 49 92250;
2224 4018 111 41 Geo.
2370 4019 58 39 D.

491 4077 199 47 Gideon,
714 4076 355 48 Philadelphia.
1134 4076 251 49 (36-7134)
