2519 4377
1061 4089 98 49 659

178 523 1219 54 vi p., 2 l., 101 p. front, (port.) illus. 23½cm.
175 589 138 45 Maps
342 594 59 29 on
431 583 362 48 lining-papers.

174 641 373 49 Bibliography:
578 650 42 38 p.
648 637 188 42 99-101.

108 709 52 52 ©
192 714 112 47 Apr.
337 711 68 48 30,
441 709 139 46 1936;
614 708 69 40 2c.
717 709 92 38 and
844 707 82 40 aff.
961 708 111 46 May
1106 708 51 44 5;
1193 707 38 38 A
1264 704 169 47 94279;
1472 703 280 48 University

1786 703 54 39 of
177 702 1903 107 Pennsylvania
345 777 148 38 press.
567 764 279 49 (36-10787)

105 870 274 63 Parsons,
409 868 262 61 Francis,
703 868 170 53 1871-

177 946 121 53 The
329 943 289 55 Hartford
651 942 166 68 Wits,
850 942 73 68 by
956 941 238 53 Francis
1226 942 276 64 Parsons;
1537 958 70 35 an
1641 939 231 54 address
1905 938 192 54 before

107 1024 97 52 the
232 1025 143 52 Beta
406 1023 63 52 of
500 1019 370 58 Connecticut
899 1020 234 68 chapter
1163 1019 62 54 of
1255 1019 111 52 Phi
1398 1020 127 51 beta
1554 1018 193 68 kappa
1778 1023 59 47 at
1866 1017 231 69 Trinity

109 1102 226 68 college,
363 1099 311 68 Hartford,
700 1100 132 52 Dec.
858 1102 51 62 4,
940 1102 149 48 1934.
1155 1097 308 68 Hartford,
1492 1097 197 68 Conn.,
1718 1096 156 53 Priv.
1905 1096 195 69 print.,

108 1182 150 50 1936.

177 1252 70 48 29,
285 1254 54 48 [1]
372 1263 45 37 p.
476 1250 146 44 23½cm.

183 1306 1918 50 “Twenty-five copies … have been designed and printed at the sign
108 1365 53 42 of
183 1367 83 40 the
294 1365 145 41 Stone
460 1365 134 48 book,
620 1363 257 48 Hartford,
902 1374 55 30 as
981 1364 238 48 keepsake
1244 1364 200 40 number
1471 1365 135 39 three
1632 1363 50 40 of
1708 1365 80 39 the
1813 1362 283 42 Columbiad

107 1422 151 42 club.”

110 1482 53 53 ©
193 1488 112 46 Apr.
335 1486 69 47 22,
435 1486 116 40 1936;
607 1486 68 40 2c.
706 1486 113 47 Apr.
850 1485 58 39 20;
966 1484 82 41 aff.
1078 1485 113 48 Apr.
1221 1484 59 39 30;
1337 1485 40 38 A
1408 1483 142 41 93931;
1615 1485 49 39 F.
1698 1485 225 47 Parsons,
179 1485 1906 98 Hartford.
374 1542 278 49 (36-10875)

109 1646 452 64 Pennsylvania.
634 1646 280 67 Superior
942 1653 173 45 court.

180 1724 420 66 Pennsylvania
648 1722 274 68 Superior
967 1729 159 46 court
1171 1726 236 64 reports,
1491 1740 48 35 v.
1589 1725 114 51 119.
1752 1722 352 68 Containing

110 1800 1874 68 cases decided … Reported by C. Brewster, Rhoads, state
111 1821 1967 125 reporter
363 1879 110 52 and
535 1880 252 51 Norman
847 1877 394 68 Lindenheim,
1301 1877 264 53 assistant
1624 1883 145 48 state
1830 1885 272 61 reporter.

110 1956 373 67 Harrisburg,
508 1958 119 64 Pa.,
652 1957 119 51 The
799 1956 320 66 Telegraph
1148 1973 173 50 press,
1351 1960 148 50 1936.

317 2062 8 14 xxxv,
356 2028 87 40 668
467 2040 41 36 p.
569 2028 116 40 23cm.

113 2082 53 52 ©
195 2087 113 45 May
336 2085 68 47 26,
435 2085 116 40 1936;
606 2085 68 41 2c.
706 2085 126 39 June
862 2084 81 47 10;
978 2084 79 40 aff.
1091 2085 125 39 June
1248 2085 52 46 8;
1334 2086 41 37 A
1404 2083 143 42 94830;
1610 2085 412 41 Commonwealth
2054 2087 52 38 of

182 2141 371 48 Pennsylvania,
579 2140 316 48 Harrisburg,
917 2141 82 39 Pa.

112 2245 301 64 Peterson,
440 2244 183 55 Stella
645 2243 244 55 Parker.

186 2322 227 68 College
455 2323 157 67 days,
652 2321 77 68 by
772 2320 179 56 Stella
992 2321 218 54 Parker
1253 2323 286 53 Peterson.
1633 2323 252 55 Takoma
1931 2324 172 67 Park,

114 2399 1985 68 Washington, D. C., Peekskill, N. Y. [etc.] Review and herald
116 2478 129 68 pub.
274 2497 144 34 assn.
470 2480 174 65 [c1936]

183 2551 84 41 107
294 2561 42 38 p.
367 2550 107 42 incl.
501 2551 164 47 front.,
692 2550 126 41 illus.
881 2549 115 42 20cm.

115 2604 52 53 ©
190 2609 112 46 May
324 2606 207 48 14,1936;
579 2606 67 41 2c.
672 2608 112 47 May
807 2607 57 39 16;
915 2606 82 41 aff.
1022 2608 111 46 May
1155 2607 56 40 27;
1264 2608 40 38 A
1327 2606 147 41 94656;
1526 2607 195 41 Review
1745 2608 35 40 &
1804 2609 169 39 herald
1997 2611 109 46 pub.

185 2675 127 29 assn.
382 2662 279 50 (36-10827)

113 2766 242 64 Philips,
379 2766 223 53 Judson
626 2766 65 54 P.

115 2840 1964 148 … Red war. Garden City, N. Y., Doubleday, Doran & company, inc., 1936.
186 2993 591 49 5 p. l., 3-306 p. 20cm.
186 3050 64 40 At
271 3051 123 39 head
417 3050 52 40 of
492 3050 108 40 title:
651 3050 186 40 Judson
862 3051 49 39 P.
937 3050 187 49 Philips
1146 3052 95 39 and
1263 3052 212 40 Thomas
1501 3054 61 39 M.
1586 3053 231 41 Johnson.

187 3105 163 41 “First
375 3105 225 41 edition.”

117 3157 52 54 ©
196 3163 112 46 May
335 3162 38 47 8,
401 3161 140 48 1936;
571 3163 67 39 2c.
669 3163 113 46 May
809 3163 81 47 15;
920 3162 82 41 aff.
1033 3164 112 47 May
1173 3163 82 47 27;
1286 3165 41 38 A
1354 3164 170 48 94638;
1557 3166 44 41 J.
1630 3167 49 40 P.
1709 3168 200 47 Philips,
184 3169 1906 93 Woodstock,
367 3219 56 41 N.
451 3219 69 47 Y.,
551 3220 94 38 and
678 3219 213 40 Thomas
921 3220 61 39 M.
1017 3220 230 47 Johnson,
1281 3221 115 40 New
1429 3222 143 41 York.

197 3275 277 48 (36-10716)

119 3377 1990 74 I poeti lirici … [v] Teognide … Bologna, N. Zanichelli,
189 3457 148 52 1935.

186 3527 29 39 4
241 3537 43 38 p.
333 3559 8 8 l.,
387 3527 179 49 [5]-293
589 3538 57 37 p.,
675 3528 25 40 3
750 3559 8 7 l.
816 3528 162 49 front,
1009 3528 142 49 illus.,
1182 3531 169 47 plates.
1412 3530 116 43 21cm.
1597 3530 297 50 (Half-title:
1925 3534 21 39 I
1980 3534 127 48 poeti

118 3583 142 47 greci,
284 3585 204 39 tradotti
516 3585 59 39 da
604 3586 172 39 Ettore
801 3586 310 47 Romagnoli)

190 3639 137 40 Head
353 3641 95 39 and
474 3641 87 39 tail
588 3641 171 47 pieces.

120 3690 1980 62 © Mar. 20, 1936; 1c. May 1; A-Foreign 31677; N. Zanichelli (S. A.)
120 3812 224 65 Prince,
371 3814 274 54 Florence
672 3816 286 53 Ellenore.

255 3887 1848 75 … At shadow time (stories in verse for children) by
126 3963 1781 76 F. Ellenore Prince. Philadelphia, Dorrance & company [c1936]
