2597 4361
1335 4080 66 51 30

413 484 1945 51 “This copy … is one of an edition of nine hundred and ninety-five.
339 544 102 41 The
466 545 205 41 number
695 543 52 42 of
772 544 100 40 this
898 554 121 39 copy
1045 544 43 40 is
1114 541 129 42 152.”
1308 540 178 52 Signed
1513 543 61 48 by
1601 542 44 42 J.
1676 544 53 40 B.
1756 544 142 40 Wall.

413 600 228 44 Includes
669 601 395 50 bibliographies.

338 671 53 53 ©
421 676 111 39 Dec.
562 674 71 49 20,
665 673 113 41 1935
797 685 8 32 ;
838 673 68 41 2c.
938 673 96 40 and
1065 672 83 41 aff.
1181 673 110 40 Jan.
1322 673 70 46 13,
1424 672 141 42 1930;
1600 674 38 38 A
1671 673 145 40 91170
1835 683 8 32 :
1879 672 267 43 Farmville
2177 673 186 41 herald.

417 731 254 50 (36-1060)

342 839 328 65 Ferguson,
697 837 260 54 Blanche
984 835 218 57 Smith,

411 913 297 54 Boxwood
741 913 110 69 [by]
887 913 257 53 Blanche
1175 910 191 57 Smith
1396 912 314 69 Ferguson.
1778 911 432 68 Philadelphia,
2238 912 124 53 The

340 991 1065 71 Penn publishing company [ c 1935]
410 1080 88 40 314
527 1091 43 38 p.
632 1080 57 41 19½
722 1082 43 22 cm
770 1113 9 7 .

340 1148 1884 53 © Oct. 25, 1935 ; 2c. and aff. Jan. 27, 1936 ; A 91444 : Penn pub. co.
422 1210 253 48 (36-1429)

345 1317 360 65 Fergusson,
735 1317 263 64 Harvey,
1031 1322 174 50 1890-

412 1393 245 54 Modern
687 1411 150 50 man,
865 1392 90 55 his
985 1391 174 55 belief
1190 1393 108 52 and
1333 1393 290 67 behavior,
1653 1394 74 69 by
1760 1393 236 69 Harvey
2027 1393 338 68 Fergusson.

345 1472 137 52 New
509 1471 163 53 York
696 1473 45 51 &
766 1472 258 68 London,
1049 1471 70 53 A.
1146 1471 72 55 A.
1245 1471 226 70 Knopf,
1499 1474 151 51 1936.

415 1544 89 40 viii
528 1555 58 38 p.,
611 1544 27 39 2
698 1576 8 16 l.,
730 1544 159 49 3-331,
916 1555 43 39 v,
1034 1564 11 30 [1]
1074 1554 44 38 p.
1178 1545 55 39 21
1238 1547 44 21 cm
1287 1576 9 8 .

415 1615 165 41 “First
608 1615 229 42 edition.”

418 1673 349 40 “References”
788 1683 9 30 :
836 1685 43 37 p.
917 1672 220 42 329-331.

344 1744 2008 110 © Jan. 20, 1936 ; 2c. Jan. 21: aff. Jan. 22; A 91348: H. Fergusson, Berkeley, Calif. (36-1567)
348 1908 288 66 Fielding,
672 1907 342 67 Archibald,
1053 1913 173 51 1900-

419 1987 122 53 The
587 2004 121 37 case
751 1985 65 55 of
857 1985 97 54 the
997 1985 242 69 missing
1282 1984 184 70 diary,
1512 1984 73 70 by
1631 1986 70 51 A.
1750 1985 286 68 Fielding.
2112 1985 259 69 London,

349 2065 143 53 Pub.
519 2064 92 55 for
635 2064 95 54 the
754 2063 189 55 Crime
969 2063 129 54 club
1123 2064 73 69 by
1224 2063 218 55 Collins
1472 2099 12 34 [
1491 2071 16 21 c
1515 2066 130 49 1935
1653 2097 12 35 ]

418 2136 87 40 252
535 2147 43 38 p.
636 2135 58 41 19
696 2138 43 21 cm
744 2167 10 8 .

347 2206 2022 54 © 1c. Dec. 31, 1836 ; A ad int. 20978; pubd. Nov. 4: H. C. Kinsey & co.,
418 2269 105 47 inc.,
548 2269 118 39 New
688 2269 143 38 York.
896 2268 252 48 (36-1308)

350 2372 231 65 Fisher,
610 2372 72 54 A.
710 2373 200 63 Hugh,
943 2375 173 52 1867-

420 2449 266 54 Jemshid
715 2447 58 53 in
800 2449 145 54 exile
974 2450 115 52 and
1119 2450 163 52 other
1311 2467 211 49 poems,
1550 2450 74 66 by
1650 2450 72 50 A.
1751 2449 181 67 Hugh
1963 2449 233 66 Fisher;
2229 2449 138 51 with

352 2547 72 34 an
460 2527 394 54 introduction
887 2528 76 67 by
997 2528 223 54 Walter
1255 2529 87 52 De
1377 2529 84 52 La
1496 2528 179 52 Mare.
1753 2527 274 69 Chicago,
2064 2528 183 52 Black
2282 2532 91 49 cat

351 2625 175 50 press.
559 2610 151 49 1935.

424 2681 711 49 5 p. l. , 13-62 p., 1 l. 24 cm .
427 2750 1945 50 “Printed … on Worthy Dacian in an edition limited to 150 numbered
353 2807 175 48 copies.
589 2807 120 40 This
738 2807 43 41 is
811 2819 121 38 copy
959 2809 100 41 33.”

351 2874 2018 55 © Oct. 12, 1935: 2c. Jan. 9, 1936: aff. Jan. 6; A 91120: Black cat press.
429 2934 254 50 (36-1139)

357 3041 230 65 Fisher,
616 3041 195 55 Steve.

427 3118 1945 71 Forever glory; a novel by Steve Fisher … New York, The
358 3197 843 69 Macaulay company [ c 1936]
428 3270 85 41 255
543 3282 43 37 p.
676 3269 27 41 19½
735 3272 44 21 cm
784 3302 9 9 .

355 3340 1876 52 © Jan. 16. 1936; 2c. Jan. 22: aff. Jan. 21: A 91349: Macaulay co.
433 3401 253 46 (86-1119)

363 3506 277 64 Fonseca,
670 3506 223 53 Esther
920 3508 230 54 Haven.

361 3581 1990 132 Death below the dam [by] Esther Haven Fonseca … Garden
504 3658 151 69 City,
688 3659 68 54 N.
792 3659 89 69 Y.,
915 3660 143 54 Pub.
1093 3660 94 54 for
1221 3662 94 53 the
1351 3662 190 55 Crime
1576 3662 145 67 club,
1757 3661 124 68 inc.,
1916 3661 71 66 by
2024 3660 353 70 Doubleday,

367 3738 192 53 Doran
590 3739 45 50 &
665 3755 295 51 company,
991 3740 125 67 inc.,
1147 3742 152 52 1936.

433 3808 579 49 5 p. l. , 3-276 p. 20 cm .
432 3880 164 41 “First
631 3879 227 42 edition.”

361 3951 2016 56 © Jan. 17. 1936: 2c. and aff. Jan. 23; A 91405: Doubleday, Doran & co.,
429 4013 88 38 inc.
587 4013 250 47 (36-1294)
