2519 4377
1310 4135 133 48 1892

440 506 247 69 History
710 506 64 54 of
798 507 98 53 the
919 506 220 54 United
1165 506 191 56 States
1381 507 95 54 for
1499 507 238 69 schools,
1761 507 75 68 by
1860 507 233 55 Hubert
2113 509 71 52 R.
369 508 1997 129 Cornish
499 629 56 9 ...
597 585 114 53 and
747 585 250 54 Thomas
1033 586 76 52 H.
1148 585 243 70 Hughes
1430 629 56 10 ...
1566 586 141 54 New
1744 586 182 68 York,
1960 586 432 70 Philadelphia,

370 663 211 68 Hinds,
609 663 251 69 Hayden
888 666 46 51 &
959 664 312 69 Eldredge,
1297 665 128 68 inc.,
1453 668 152 50 1936.

442 736 102 49 viii,
568 737 88 41 626
676 749 44 38 p.
775 738 87 41 col.
886 738 166 49 front.,
1078 739 128 41 illus.
1237 739 135 49 (incl.
1395 739 164 50 maps)
1587 738 181 51 diagrs.
1821 739 56 41 20½
1911 741 44 21 cm
1960 771 8 9 .

442 793 300 51 “Suggested
768 796 276 41 additional
1070 796 259 50 readings’’
1355 798 54 40 at
1431 798 92 40 end
1550 797 52 41 of
1626 798 119 40 each
1771 797 217 49 chapter.

373 863 53 53 ©
466 869 112 38 Dec.
619 868 71 46 11,
730 866 141 48 1936;
912 866 66 41 2c.
1021 868 95 39 and
1157 869 82 38 aff.
1282 869 111 38 Dec.
1435 867 84 48 22;
1564 868 41 39 A
1645 866 202 49 102009;
1891 866 176 43 Hinds.
2110 867 207 47 Hayden
2359 868 37 40 &

445 924 255 50 Eldredge,
730 924 90 41 inc.
898 925 268 48 [Copyright
1196 925 42 39 is
1268 924 207 40 claimed
1505 935 60 29 on
1594 935 107 29 new
1731 925 195 49 matter]
455 982 194 49 (37-67)

374 1090 182 64 Corti,
585 1091 168 63 Egon
784 1091 239 63 Caesar,
1051 1097 175 49 cortte.

444 1170 143 51 Ross
633 1168 119 52 und
801 1169 189 57 reiter,
1034 1186 112 35 von
1193 1170 168 64 Egon
1409 1168 208 55 Caesar
1663 1172 162 49 conte
1871 1166 180 57 Corti.
2133 1166 261 68 Leipzig,

373 1246 1075 68 Bibliographisches institut [ c 1936]
444 1300 1299 69 2 p. l., 9-34, [6] p. incl. illus., col. plates. 19 cm .
374 1388 2022 54 © July 30, 1936; 1c. Oct. 22; A-Foreign 33379; Bibliographisches
446 1449 348 49 institut, a . g.
372 1555 234 65 Culver,
631 1556 210 65 Henry
865 1556 340 66 Brundage,
1236 1561 172 52 1869-

445 1633 185 69 Forty
674 1632 227 55 famous
944 1633 188 70 ships;
1177 1634 151 53 their
1368 1632 365 71 beginnings,
1772 1632 153 54 their
1965 1632 107 54 life
2112 1631 284 67 histories,

374 1711 151 55 their
562 1712 266 57 ultimate
866 1712 149 68 fate;
1055 1713 174 68 being
1265 1732 31 34 a
1334 1710 298 56 collection
1668 1711 65 54 of
1768 1712 178 66 short,
1981 1711 264 68 pleasant
2280 1711 115 53 and

375 1790 298 70 diverting
708 1790 398 57 dissertations
1145 1798 175 48 anent
1354 1791 97 54 the
1488 1791 217 54 several
1742 1790 205 54 vessels
1986 1790 223 53 therein
374 1808 1998 130 comprehended,

760 1870 79 54 all
876 1871 65 53 of
974 1869 187 55 which
1199 1871 148 52 have
1379 1871 211 68 played
1625 1870 152 53 their
1813 1875 181 63 parts,
2031 1888 152 36 some
2218 1869 178 69 large,

372 1968 153 35 some
547 1949 186 68 small,
757 1949 61 53 in
840 1949 98 53 the
959 1954 162 65 great
1142 1949 183 54 world
1348 1949 203 53 drama
1573 1949 65 53 of
1660 1949 97 55 the
1779 1968 110 49 sea,
1911 1950 62 53 in
1999 1953 118 51 acts
2141 1948 64 54 of
2228 1948 167 54 strife

372 2030 47 52 &
440 2027 63 54 in
525 2027 265 70 peaceful
814 2046 206 51 scenes,
1044 2028 150 54 from
1221 2029 98 55 the
1342 2029 159 68 early
1526 2026 297 57 Christian
1845 2048 96 34 era
1963 2032 62 49 to
2046 2028 99 53 the
2168 2033 228 63 present

374 2106 129 70 day.
572 2107 153 53 How
758 2107 113 54 and
902 2107 134 70 why
1066 2108 137 68 they
1235 2107 209 69 gained
1477 2107 153 53 their
1661 2113 164 63 great
1856 2108 387 67 reputations;
2282 2108 111 53 and

374 2186 220 69 sundry
634 2185 151 56 facts
822 2186 241 54 relative
1100 2192 59 49 to
1195 2186 152 54 their
1387 2185 367 70 dimensions,
1792 2186 256 69 rigging,
2085 2185 311 69 furniture,

374 2270 122 60 etc.,
530 2270 121 61 etc.,
686 2270 131 64 etc.;
853 2265 171 55 based
1060 2284 155 51 upon
1250 2266 97 55 the
1383 2271 265 50 accounts
1682 2265 65 56 of
1781 2266 299 69 reputable
2116 2267 113 53 and
375 2266 1995 133 reliable

531 2344 359 69 authorities,
918 2345 139 53 both
1088 2342 226 56 ancient
1345 2346 113 53 and
1487 2345 256 68 modern,
1772 2346 114 53 and
1914 2345 209 54 devoid
2153 2345 64 53 of
374 2345 1995 132 technical
549 2443 65 35 or

637 2425 266 53 tiresome
924 2423 360 55 refinements
1313 2467 56 9 ...
1396 2424 77 68 by
1496 2425 206 67 Henry
1728 2425 68 53 B.
1823 2423 241 68 Culver;
2092 2424 96 53 the
2213 2424 182 55 whole

375 2503 326 69 accurately
748 2503 115 54 and
911 2502 402 70 instructively
1360 2502 323 55 delineated
1731 2503 197 69 partly
1972 2504 61 52 in
2081 2504 154 53 color
2281 2505 112 52 and

374 2582 198 69 partly
595 2582 61 53 in
681 2583 116 53 line
821 2582 307 70 according
1151 2588 59 48 to
1236 2587 544 63 contemporaneous
1806 2583 328 68 portrayals
2160 2602 64 34 or
373 2582 1996 133 verisimilar

647 2660 484 69 representations
1180 2660 228 55 thereof
1456 2661 76 68 by
1582 2661 238 55 Gordon
1870 2661 205 55 Grant.
2161 2662 233 55 Garden

374 2739 155 70 City,
560 2740 70 53 N.
664 2739 91 69 Y.,
782 2738 362 71 Doubleday,
1175 2741 200 53 Doran
1405 2742 47 50 &
1481 2758 301 51 company,
1810 2741 129 67 inc.,
1973 2744 152 50 1936.

446 2813 1945 51 6 p. l., vii-xiv p., 2 l., 3-320 p. incl. illus., col. plates, col. front.
372 2872 271 50 28½ × 22 cm .
444 2928 306 51 Tail-pieces.

445 2986 148 40 “This
616 2986 187 41 edition
823 2986 42 40 is
883 2985 192 40 limited
1097 2987 50 40 to
1170 2984 84 42 501
1278 2984 160 49 copies
1461 2986 52 39 of
1532 2984 160 42 which
1716 2985 100 42 this
1836 2985 43 42 is
1900 2996 77 31 no.
1999 2985 131 43 224.”
2185 2985 178 50 Signed;

373 3043 171 48 Henry
578 3044 53 39 B.
670 3042 192 43 Culver.

446 3100 164 41 “First
644 3099 231 42 edition.”

373 3158 53 53 ©
458 3162 102 41 Oct.
593 3162 71 48 23,
697 3162 141 43 1936;
872 3162 67 39 2c.
972 3164 117 37 Nov.
1122 3161 53 47 2;
1211 3162 80 38 aff.
1327 3162 101 40 Oct.
1464 3161 48 39 31;
1582 3162 40 39 A
1654 3161 175 40 100396;
1891 3162 300 46 Doubledny,
2225 3164 168 38 Doran

444 3220 36 39 &
505 3229 82 38 co.,
615 3219 92 40 inc.
778 3219 282 49 (36-37533)

371 3324 232 66 Divine,
632 3325 237 54 Arthur
894 3326 70 54 D.

444 3404 221 66 Escape
700 3403 154 54 from
891 3402 200 69 Spain,
1123 3403 74 54 by
1232 3403 70 52 A.
1339 3405 69 51 D.
1446 3402 227 53 Divine.
1742 3403 260 64 London,
2036 3403 276 54 Methuen
2344 3406 47 51 &

372 3499 97 46 co.,
496 3482 104 53 ltd.
656 3485 153 65 [1936]

442 3555 533 48 2 p. 1., 202 p. 19 cm .
373 3608 2016 53 © 1c. Dec. 19, 1936; A ad int. 22222; pubd. Oct. 22; A. D. Divine,
444 3670 212 40 London.
725 3668 222 50 (37-428)

370 3773 172 65 Dorr,
567 3774 156 53 John
749 3775 130 53 Van
904 3775 327 65 Nostrand,
1262 3776 170 54 1872-

441 3849 391 70 Cyanidation
873 3853 113 53 and
1026 3851 427 54 concentration
1492 3851 65 53 of
1592 3852 135 68 gold
1768 3853 113 52 and
1920 3852 174 53 silver
2133 3869 140 48 ores,
2311 3850 75 67 by

366 3929 159 54 John
548 3932 69 53 У.
646 3932 69 52 N.
742 3932 156 52 Dorr
925 3976 56 9 ...
1049 3936 84 48 1st
1158 3933 83 52 ed.
1305 3933 140 52 New
1473 3930 164 54 York
1664 3932 111 52 and
1802 3931 261 65 London,
366 3929 2018 132 McGraw-Hill
527 4008 150 57 book
710 4027 299 54 company,
1040 4010 125 68 inc.,
1201 4014 151 51 1936.
