2519 4377
1379 4191 101 50 330

402 591 119 53 also
565 591 64 53 of
674 592 96 52 the
818 589 188 55 Order
1050 590 65 53 of
1158 589 145 70 high
1346 590 351 69 priesthood,
1740 591 75 67 by
1861 590 262 54 William
2167 591 251 68 Moseley

403 668 229 54 Brown.
710 668 343 68 Richmond,
1090 668 260 53 Masonic
1382 669 167 53 home
1584 686 175 51 press,
1796 668 127 68 inc.,
1958 671 151 50 1936.

474 752 1603 52 xvi, 329 p., 1 l. col. front., plates, ports., facsims. 25 cm .
476 824 222 49 “Special
733 826 185 39 edition
951 825 190 40 limited
1176 827 48 38 to
1257 824 89 41 400
1378 826 264 40 numbered
1677 826 161 48 copies
1873 827 336 47 autographed
2247 828 58 47 by
2340 828 82 40 the

403 882 193 48 author,
624 882 52 40 of
701 882 160 40 which
889 882 99 40 this
1015 892 120 38 copy
1162 882 41 39 is
1231 882 202 40 number
1457 883 87 40 402
1563 881 74 42 x.”

474 940 229 41 Includes
740 938 395 50 bibliographies.

404 1011 54 54 ©
484 1016 110 40 Feb.
623 1016 69 47 11,
719 1015 115 41 1936;
889 1016 68 40 2c.
984 1016 96 39 and
1108 1014 82 41 aff.
1219 1016 122 42 Mar.
1368 1016 26 39 6;
1450 1015 40 39 A
1517 1015 145 40 92116;
1721 1017 71 39 W.
1820 1017 63 40 M.
1911 1017 193 47 Brown,
2132 1016 290 48 Clarendon,

519 1085 42 28 Va.
626 1072 254 49 (36-8106)

406 1178 249 63 Burton,
687 1177 190 64 Miles,
912 1183 172 50 1903-

539 1266 1886 69 … The clue of the silver brush … Garden City, N. Y.,
406 1346 143 55 Pub.
596 1346 96 53 for
734 1347 95 52 the
876 1345 193 53 Crime
1110 1345 148 68 club,
1304 1345 124 67 inc.,
1470 1346 75 68 by
1590 1344 360 68 Doubleday,
1994 1346 198 52 Doran
2236 1347 45 49 &
2327 1365 98 48 co.,

409 1424 125 68 inc.,
565 1428 150 51 1936.

476 1509 474 50 4 p. l., 269 p. 20 cm.
478 1581 201 41 London
712 1581 184 41 edition
941 1581 142 49 (Pub.
1118 1580 79 42 for
1229 1582 81 40 the
1343 1582 161 41 Crime
1537 1582 109 41 club
1681 1583 58 47 by
1776 1581 210 49 Collins)
2028 1584 89 40 has
2154 1583 134 40 title:
2323 1582 103 42 The

407 1639 295 40 milk-churn
730 1640 213 39 murder.

482 1696 162 41 “First
681 1695 229 42 edition.”

403 1767 54 54 ©
485 1773 122 39 Mar.
634 1771 72 47 30,
736 1771 117 40 1936;
909 1771 67 40 2c.
1006 1772 96 38 and
1132 1770 81 40 aff.
1244 1770 114 48 Apr.
1388 1771 53 46 4;
1475 1771 39 39 A
1543 1770 172 47 92769;
1748 1772 302 48 Doubleday,
2082 1773 166 39 Doran
2279 1772 38 40 &
2343 1783 83 37 co.,

473 1827 94 43 inc.
639 1828 232 49 (36-8018)

410 1932 321 66 Campbell,
756 1933 168 53 Doak
950 1931 312 65 Sheridan,
1289 1938 171 50 1888-

479 2023 1884 70 When do teachers teach? [By] Doak S. Campbell …
411 2103 318 68 Nashville,
770 2104 197 67 Tenn.,
1007 2104 122 52 The
1172 2103 239 68 Sunday
1447 2103 192 54 school
1677 2103 180 53 board
1898 2102 65 53 of
2002 2104 97 53 the
2139 2104 288 54 Southern

412 2183 235 69 Baptist
679 2182 341 55 convention
1055 2218 13 33 [
1073 2189 18 22 c
1096 2187 134 50 1935
1236 2216 12 34 ]

483 2257 88 42 110
602 2268 43 38 p.
707 2255 57 43 19
765 2259 46 22 cm
815 2289 11 10 .

485 2315 102 39 The
633 2314 180 41 author
859 2314 90 40 has
995 2313 253 42 rewritten
1294 2313 78 40 his
1418 2313 212 41 revision
1677 2315 98 40 and
1818 2314 310 48 abridgment
2174 2313 53 41 of
2272 2315 60 40 H.
2379 2315 50 41 C.

415 2371 298 42 Trumbull’s
764 2370 277 51 “Teaching
1090 2372 96 40 and
1239 2371 250 41 teachers”
1540 2372 160 40 which
1750 2382 103 31 was
1905 2371 256 49 published
2212 2372 49 40 in
2315 2372 114 41 1934

415 2430 154 39 under
600 2430 83 40 the
712 2428 128 48 joint
870 2428 295 50 authorship
1194 2429 53 42 of
1274 2429 60 40 H.
1366 2428 48 42 C.
1447 2429 255 40 Trumbull
1732 2430 96 40 and
1858 2430 58 40 D.
1952 2429 44 42 S.
2027 2429 247 49 Campbell
2310 2430 119 39 with

415 2488 83 40 the
526 2487 109 41 title
668 2488 182 40 “When
880 2488 59 40 do
970 2487 223 40 teachers
1225 2486 198 41 teach?”

487 2545 250 41 “Selected
769 2543 304 42 references”:
1136 2555 44 38 p.
1209 2544 219 43 108-110.

411 2612 53 53 ©
493 2617 119 39 Nov.
641 2616 72 49 22,
744 2615 141 47 1935;
917 2615 68 41 2c.
1018 2616 111 39 Feb.
1160 2617 41 46 3,
1233 2616 141 46 1936;
1409 2615 82 40 aff.
1524 2616 111 39 Feb.
1668 2616 52 46 1;
1755 2616 39 39 A
1825 2615 173 47 91568;
2036 2617 199 47 Sunday
2265 2616 166 40 school

480 2675 153 39 board
664 2674 54 39 of
748 2674 83 39 the
865 2673 242 41 Southern
1141 2673 198 48 Baptist
1372 2673 302 40 convention.
1741 2672 283 50 [Copyright
2059 2673 41 40 is
2134 2672 206 41 claimed
2370 2683 62 29 on

482 2730 229 50 revision]
780 2729 253 50 (36-8083)

415 2838 202 65 Carco,
646 2835 267 67 Francis,
945 2841 171 50 1886-

548 2926 1355 68 … Brumes; roman. Paris, A. Michel [1935]
484 2999 730 51 3 p. l., [9]-319, [1] p. 19cm.
410 3069 1911 54 © Oct. 30, 1935; 1c. Feb. 17, 1936; A-Foreign 30526; Albin Michel.
499 3129 255 51 (36-8079)

418 3235 347 65 Carpenter,
792 3236 139 53 Mrs.
962 3234 186 55 Grace
1180 3234 161 65 (Van
1368 3234 333 65 Wagenen)
1739 3239 172 50 1880-

486 3322 1942 73 The besieging spirit, by Grace Carpenter … with foreword
420 3400 2010 74 by the Reverend Harold Adye Prichard … New York, E. S.
417 3481 277 72 Gorham,
723 3484 107 52 inc.
1048 3515 14 36 [c1936]

485 3557 859 50 7 p. l., 67 p., 1 l. col. pl. 21cm.
419 3627 53 54 ©
496 3633 121 39 Mar.
641 3631 41 48 9,
707 3632 142 46 1936;
875 3632 66 40 2c.
966 3632 96 39 and
1087 3631 81 41 aff.
1195 3632 122 39 Mar.
1344 3631 80 46 14;
1451 3631 40 39 A
1516 3630 171 47 93189;
1718 3631 51 40 G.
1797 3631 282 48 Carpenter,
2108 3632 163 45 Borne,
2298 3631 55 40 N.
2382 3632 51 40 Y.

499 3688 254 49 (36-7985)

422 3792 240 64 Carton,
690 3792 275 66 Jacques,
994 3797 172 50 1903-

555 3871 1037 79 … Édouard … Paris, Plon [1935]
492 3952 459 50 283 p., 2 l. 19cm.
421 4023 2013 53 © Oct. 16, 1935; 1c. Feb. 17, 1936; A-Foreign 30546; Librairie Plon.
505 4084 252 48 (36-8075)
