2519 4377
1092 4060 29 47 59

102 405 283 65 Andress,
414 407 197 52 Laura
638 408 152 61 Mae,
823 411 170 50 1884-

170 480 249 56 “Shreds
465 482 113 53 and
622 480 286 70 patches”,
950 481 76 69 by
1069 482 190 53 Laura
1304 481 131 53 Mae
1478 481 270 53 Andress.
1836 481 261 66 [Tacoma

101 559 173 66 Park,
299 559 140 68 Md.,
464 558 385 70 Washington
877 559 210 69 college
1112 577 174 51 press,
1313 566 17 21 c
1335 563 153 63 1935]

169 632 596 51 2 p. l., 7-89 p. 17½ cm .
169 689 183 42 Poems.

98 743 2003 53 © Dec. 15, 1935; 2c. and aff. Jan. 9, 1930; A 90254; L.. M. Andress,
167 805 335 48 Washington.
570 804 252 48 (30-3109)

98 893 264 54 Arabian
389 893 226 65 nights.

229 969 1870 69 … The Arabian nights, edited to fit the interests and abilities
99 1047 64 53 of
206 1065 194 51 young
442 1048 228 52 readers
714 1048 76 68 by
834 1047 256 53 Edward
1134 1048 65 52 L.
1247 1047 361 67 Thorndike;
1654 1047 326 53 illustrated
2031 1052 69 62 by

98 1123 1977 147 Boris Artzybasheff. New York, D. Appleton-Century company, incorporated [ c 1936]
170 1274 81 48 vii,
276 1274 86 40 402
387 1286 44 37 p.
457 1275 110 40 incl.
593 1275 164 47 front.,
784 1275 127 41 illus.
975 1274 53 40 19
1032 1277 15 20 cm
1080 1306 9 10 .
1154 1275 125 47 (The
1303 1274 279 42 Thorndike
1607 1274 210 49 library)

168 1330 277 43 “Student’s
479 1331 229 42 edition.”

97 1385 2004 53 © Feb. 3, 1936; 2c. Feb. 5: aff. Feb. 6.; A 90625; Edward L. Thorndike.
166 1447 115 39 New
318 1447 143 39 York.
529 1445 281 50 [Copyright
847 1447 43 39 is
923 1445 205 41 claimed
1165 1457 59 28 on
1260 1445 188 47 editing
1482 1447 95 38 and
1613 1456 105 29 new
1755 1446 345 49 illustrations]

180 1503 249 47 (36-3141)

97 1591 244 66 Barton,
367 1592 207 57 Marie.

169 1667 181 55 South
381 1668 153 53 wind
567 1669 228 67 calling,
827 1668 74 69 by
933 1668 184 53 Marie
1150 1668 248 65 Barton;
1435 1685 161 35 cover
1630 1666 197 69 design
1863 1667 72 69 by
100 1666 1979 133 Mildred
285 1747 201 55 Gatlin
530 1747 222 55 Weber.
833 1747 219 68 Dallas,
1095 1748 156 67 Tex.,
1296 1746 120 53 The
1461 1746 437 69 Kaleidograph
1943 1764 158 50 press

101 1857 13 35 [c
143 1828 133 50 1935
282 1859 13 33 ]

165 1899 66 42 xi.
269 1897 143 41 13-94
448 1909 44 39 p.
551 1899 59 40 20½
640 1901 15 21 cm
688 1931 10 9 .

167 1956 183 41 Poems.

97 2009 52 52 ©
176 2014 118 39 Nov.
321 2014 67 43 16,
418 2014 140 46 1935;
589 2015 63 39 2c.
685 2015 110 40 Jan.
823 2014 68 41 27.
922 2013 140 47 1936;
1094 2013 83 40 aff.
1208 2013 109 40 Jan.
1346 2013 83 42 24;
1462 2014 41 38 A
1531 2013 171 47 91465;
1735 2011 368 51 Kaleidograph

164 2081 148 37 press.
381 2071 250 47 (36-3115)

97 2144 306 66 Brigham,
433 2146 134 54 Carl
597 2145 317 65 Campbell,
947 2152 170 49 1890-

152 2218 352 74 Examining
527 2222 326 70 fellowship
876 2223 351 69 applicants;
1255 2242 31 34 a
1311 2226 194 64 report
1524 2224 164 53 made
1710 2227 58 48 to
1789 2223 95 53 the
1909 2222 187 56 Social

96 2298 213 56 science
337 2302 256 52 research
624 2300 220 54 council
873 2320 72 35 on
974 2302 96 53 the
1097 2302 231 54 method
1357 2301 64 53 of
1449 2300 271 69 selecting
1749 2300 220 55 fellows
2003 2300 92 54 for

100 2377 1999 71 first-year graduate study … by Carl C. Brigham. Princeton,
98 2456 308 54 Princeton
438 2457 318 69 university
790 2477 173 50 press,
998 2463 150 49 1935.

170 2529 1928 50 4 p. l., 58 p. illus., diagrs. 23½ cm . (Social science research council.
101 2586 216 41 Bulletin
346 2597 76 33 no.
455 2587 81 48 23)

169 2643 226 41 Includes
423 2644 81 40 the
531 2645 360 40 examinations
920 2645 46 40 in
996 2643 149 42 social
1175 2644 198 48 science,
1406 2645 190 40 French
1622 2645 95 40 and
1746 2644 226 44 German,
2002 2648 92 38 and

100 2699 82 40 the
222 2699 261 42 scholastic
523 2703 224 46 aptitude
788 2705 95 38 test
934 2703 65 48 (p.
1041 2702 170 47 37-58)
1261 2702 139 48 given
1443 2702 79 40 for
1563 2703 83 39 the
1685 2703 187 40 council
1913 2703 60 47 by
2018 2704 79 39 the

99 2755 190 50 College
319 2759 230 39 entrance
580 2759 333 40 examination
945 2760 164 41 board.

95 2810 52 52 ©
177 2815 110 39 Dec.
316 2815 39 48 3,
386 2814 140 48 1935;
559 2816 65 39 2c.
659 2817 108 39 Jan.
800 2817 67 47 15,
900 2817 139 41 1936;
1074 2818 81 40 aff.
1188 2819 109 40 Jan.
1330 2818 81 46 16;
1445 2818 44 38 A
1515 2817 144 41 90305;
1725 2818 153 40 Social
1913 2819 186 40 science

165 2873 224 40 research
417 2874 201 46 council,
643 2874 118 39 New
789 2874 143 41 York.
999 2874 251 48 (36-3089)

96 2944 243 69 Brooks,
369 2947 280 66 Elbridge
679 2950 284 63 Streeter,
996 2956 325 50 1846-1902.

229 3023 1861 71 … A boy of the first empire, by Elbridge S. Brooks, edited
95 3104 59 48 to
179 3099 63 54 fit
268 3100 94 53 the
388 3102 263 53 interests
680 3102 111 52 and
818 3101 247 55 abilities
1091 3103 64 52 of
1178 3121 194 51 young
1396 3103 225 53 readers
1650 3104 72 66 by
1747 3103 255 52 Edward
2034 3104 58 51 L,

97 3176 359 69 Thorndike;
481 3179 327 53 illustrated
831 3179 76 68 by
932 3180 76 53 H.
1034 3178 70 55 A.
1132 3179 219 69 Ogden.
1412 3181 138 52 New
1578 3179 180 67 York,
1782 3180 71 52 D.
96 3180 1975 142 Appleton-Century

512 3272 297 51 company,
840 3254 401 70 incorporated
1280 3291 12 33 [c
1320 3260 135 50 1936
1461 3290 12 34 ]

167 3325 1677 53 viii, 292 p. incl. front., illus. 19 cm. (The Thorndike library)
167 3382 277 43 “Student’s
478 3385 230 41 edition.”

94 3435 51 53 ©
178 3440 109 41 Feb.
318 3442 41 46 3,
391 3442 139 41 1936;
565 3443 67 39 2c.
668 3443 108 39 Feb.
810 3444 52 39 5:
899 3443 81 41 aff.
1016 3444 110 40 Feb.
1160 3444 53 40 6:
1250 3444 40 39 A
1322 3444 171 40 90624:
1530 3445 57 39 D.
1621 3443 476 49 Appleton-Century

163 3508 54 29 co.,
273 3498 89 39 inc.
431 3497 225 49 (36—3140)

94 3571 172 67 Burr,
295 3576 137 52 Mrs.
463 3575 174 52 Anna
665 3575 270 53 Robeson
967 3577 274 64 (Brown)
1281 3580 171 53 1873-

164 3648 120 54 The
313 3649 205 68 golden
548 3650 343 68 quicksand;
926 3671 33 34 a
986 3653 165 53 novel
1181 3654 64 54 of
1276 3653 180 56 Santa
1484 3655 99 66 Fé,

95 3651 1980 149 by Anna Robeson Burr … New York, London, D. Appleton-Century
97 3748 1977 122 company,
297 3806 420 65 incorporated,
749 3810 152 48 1936.

163 3873 520 53 3 p. l., 3-267 p. 19½cm.
93 3928 51 52 ©
173 3934 109 39 Jan.
310 3935 68 41 31.
409 3934 140 46 1936;
581 3935 65 40 2c.
678 3937 99 38 and
804 3936 82 42 aff.
918 3936 110 41 Feb.
1059 3938 26 40 3;
1145 3939 43 40 A
1215 3938 172 50 91588;
1420 3941 57 40 D.
1507 3937 482 51 Appleton-Century
2014 3947 84 39 co.,

164 3989 88 41 inc.
324 3991 249 47 (36-3136)
