2519 4377
1330 4090 100 50 656

360 417 173 64 Kerr,
561 416 197 54 Annie
783 417 67 56 B.

437 492 1935 70 Candles in the heart [by] Annie B. Kerr. New York, The
364 571 467 67 Womans press [c1936]
435 640 102 49 viii,
569 640 146 42 9-166
747 652 43 38 p.
851 641 117 41 20cm.

433 698 130 41 True
588 698 177 41 stories
791 699 197 48 dealing
1010 700 123 40 with
1158 701 83 40 the
1266 699 193 49 foreign
1484 700 285 49 population
1797 701 51 40 of
1874 702 82 40 the
1985 702 177 40 United
2193 701 176 42 States.

364 754 53 53 ©
442 759 112 48 Apr.
581 758 70 49 23,
678 758 115 41 1936;
847 758 68 41 2c.
943 760 95 39 and
1065 758 81 42 aff.
1175 760 113 41 May
1316 759 51 42 8;
1396 760 40 38 A
1462 758 172 49 95064;
1664 760 54 40 A.
1746 760 53 40 B.
1828 760 141 47 Kerr,
1998 760 116 39 New
2143 759 144 40 York.

444 815 283 48 (36-10856)

361 912 305 66 Knudsen,
694 912 322 67 Johannes,
1046 918 171 51 1902-

435 989 406 56 Introduction
888 996 58 49 to
991 992 97 52 the
1132 990 224 53 Danish
1403 992 301 68 language,
1749 991 75 68 by
1870 991 162 53 Johs.
2079 990 295 53 Knudsen.

363 1069 215 67 Askov,
607 1068 204 70 Minn.,
839 1069 309 54 American
1177 1069 339 69 publishing
1545 1088 98 50 co.,
1673 1073 152 50 1935.

436 1143 1067 49 1 p. l., 135 p. illus. (incl. map) 18½cm.
365 1197 2009 54 © Oct. 29, 1935; 2c. and aff. May 13, 1936; A 95120; J. H. V . Knudsen,
434 1259 177 47 Askov,
642 1258 150 40 Minn.
864 1259 282 49 (36-10876)

363 1348 213 63 Laren,
602 1348 73 56 A.
700 1348 53 55 J.
779 1363 135 40 van.

440 1422 1934 70 Cactus, written by A. J. van Laren … translated from the
367 1499 2006 71 Dutch by E. J. Labarre … arranged and edited by Scott E.
366 1577 2010 70 Haselton … Natural color illustrations by Messrs. C. Rol,
367 1658 56 54 J.
453 1658 307 67 Voerman,
784 1658 91 68 jr.,
903 1658 111 53 and
1041 1658 77 54 H.
1145 1658 126 53 Rol.
1347 1657 113 53 Los
1485 1657 267 69 Angeles,
1779 1657 161 53 Abbey
2012 1658 115 54 San
2156 1658 220 53 Encino

369 1754 175 50 press,
578 1738 150 51 1935.

439 1806 28 40 6
489 1817 44 37 p.
591 1838 9 17 l.,
626 1806 86 41 100
735 1818 43 37 p.
803 1807 76 40 incl.
937 1808 230 39 mounted
1192 1808 87 41 col.
1303 1807 165 48 front.,
1494 1806 129 43 illus.
1652 1807 137 49 (part
1812 1809 232 39 mounted
2068 1806 113 49 col.)
2240 1809 27 40 31½×

366 1863 148 41 24½cm.

438 1919 300 49 Companion
768 1921 192 40 volume
987 1923 48 38 to
1064 1921 83 40 the
1176 1920 218 41 author’s
1426 1921 298 41 Succulents.

443 1976 1933 50 “This first edition … was printed in April, 1935, and consists of 1500
367 2034 175 48 copies,
573 2034 102 41 this
702 2034 143 48 being
870 2034 205 40 number
1104 2033 129 42 610.”

368 2090 53 53 ©
443 2096 115 47 Apr.
583 2094 69 48 30,
680 2093 114 41 1935;
848 2094 68 40 2c.
941 2095 113 46 Apr.
1078 2092 70 49 29,
1174 2092 114 41 1936;
1344 2092 83 42 aff.
1454 2094 113 47 May
1592 2093 54 40 13;
1702 2094 42 41 A
1767 2092 171 49 95160;
1970 2094 138 39 Scott
2132 2094 52 40 E.
439 2091 1923 110 Haselton,
567 2152 97 39 Los
690 2152 221 47 Angeles.
982 2149 282 50 (36-10970)

366 2243 230 65 Lester,
624 2242 258 57 William
912 2243 278 55 Stewart.

440 2320 1876 69 The Transylvania colony, by William Stewart Lester …
371 2400 267 68 Spencer,
668 2400 149 68 Ind.,
845 2399 57 56 S.
931 2401 68 53 R.
1026 2399 201 56 Guard
1255 2403 46 50 &
1327 2418 97 49 co.,
1453 2404 151 50 1935.

441 2474 29 40 2
498 2484 44 38 p.
608 2505 9 17 l.,
650 2472 211 51 [Vii]-xv,
889 2473 89 41 288
1004 2483 44 38 p.
1108 2472 147 42 20½cm.

442 2530 382 49 Bibliography:
854 2540 45 39 p.
927 2528 219 43 282-288.

371 2585 54 53 ©
453 2589 102 41 Oct.
615 2589 40 47 10,
686 2588 140 48 1935;
857 2589 68 39 2c.
956 2589 96 39 and
1081 2587 82 41 aff.
1193 2588 114 48 Apr.
1337 2587 40 48 2,
1408 2587 140 47 1936;
1580 2588 40 39 A
1649 2586 173 48 92987;
1855 2588 72 40 W.
1963 2587 45 40 S.
2040 2587 182 43 Lester.
441 2586 1924 108 Winchester,
675 2647 91 47 Ky.
839 2644 281 49 (36-10804)

371 2749 259 66 Lincoln,
661 2748 208 55 Edwin
899 2749 314 65 Stoddard,
1245 2754 171 50 1885-

443 2827 123 53 The
589 2827 226 54 electric
840 2827 164 54 home;
1062 2846 32 33 a
1119 2826 277 54 standard
1421 2826 176 68 ready
1623 2824 287 55 reference
1934 2825 165 68 book,
2124 2826 75 68 by
2226 2827 67 52 E.
2323 2826 56 55 S.

372 2906 260 69 Lincoln,
668 2907 149 53 Paul
855 2907 62 56 C.
955 2905 209 69 Smith,
1198 2904 396 55 collaborator.
1669 2906 139 54 New
1845 2905 182 68 York,
2062 2906 122 53 The
373 2905 1983 134 Electric

511 2986 165 54 home
705 2985 338 69 publishing
1072 3001 297 51 company,
1400 2988 148 51 1936.

445 3056 1112 51 454 p. illus. (inch music; 1 col.) 22cm.
374 3114 53 53 ©
453 3119 113 46 May
652 3149 9 15 18,
716 3116 85 41 1936;
858 3116 67 41 2c.
951 3118 95 38 and
1073 3116 82 41 aff.
1182 3117 79 38 May
1321 3114 81 43 19:
1432 3116 40 38 A
1496 3114 144 41 94493;
1698 3117 52 39 E.
1780 3116 45 40 S.
1851 3114 215 44 Lincoln,
2095 3115 117 40 New
2238 3115 145 41 York.

456 3174 282 47 (36-10811)

374 3264 387 65 Lindemann,
790 3265 225 62 Henry,
1047 3268 171 50 1883-

446 3341 154 54 Love
637 3342 48 52 is
723 3346 200 63 strong
960 3357 59 36 as
1055 3339 201 68 death;
1297 3357 278 51 messages
1614 3339 153 53 from
1805 3340 94 52 the
1937 3338 141 54 lives

2116 3338 64 54 of
2218 3339 165 52 Bible

376 3416 1980 134 characters, by H. Lindemann … Grand Rapids, Mich., Zondervan
621 3495 339 72 publishing
988 3496 192 69 house,
1212 3499 150 52 1934.

445 3571 57 41 80
537 3583 42 37 p.
640 3571 118 41 20cm.

377 3625 53 53 ©
453 3631 116 46 July
594 3630 68 47 15,
687 3629 113 40 1934;
853 3629 66 40 2c.
946 3629 110 42 Feb.
1082 3629 69 47 18,
1176 3626 141 49 1936;
1344 3627 82 42 aff.
1453 3628 108 40 Feb.
1589 3628 54 40 19;
1700 3630 38 37 A
1764 3628 144 40 92983;
1965 3629 284 39 Zondervan
2275 3630 110 47 pub.

448 3687 163 40 house.
684 3686 281 48 (36-10847)

377 3774 226 65 Litsey,
633 3774 209 55 Edwin
871 3775 230 64 Carlile,
1133 3777 171 53 1874-

449 3852 122 52 The
602 3851 157 54 filled
792 3870 138 50 cup;
967 3871 31 33 a
1030 3851 146 53 book
1209 3851 64 53 of
1307 3869 190 50 poems
1532 3850 94 54 for
1660 3850 203 66 Sarah,
1896 3851 73 68 by
2002 3849 211 55 Edwin

379 3850 1982 132 Carlile
507 3929 214 69 Litsey.
787 3929 332 69 Louisville,
1150 3929 133 69 Ky.,
1315 3930 120 53 The
1469 3928 291 56 Standard
1794 3929 263 69 printing
2089 3946 296 51 company,

379 4007 419 69 incorporated,
872 4011 118 50 1935.
