2519 4377
1032 4100 97 49 589

77 475 187 55 South
308 476 254 50 western
608 475 269 63 reporter.
960 469 215 55 Second
1220 465 181 55 series.
1484 467 166 54 Cases
1695 465 214 68 argued
1954 463 112 53 and

146 550 347 55 determined
529 551 61 51 in
625 549 94 51 the
756 552 187 47 courts
978 546 61 52 of
1075 545 309 64 Arkansas,
1422 543 321 67 Kentucky,
1778 540 289 69 Missouri,

146 632 323 50 Tennessee,
507 628 198 50 Texas.
777 625 163 54 With
978 624 106 66 key
1120 623 235 52 number
1395 620 375 53 annotations,
1843 620 223 52 volume

147 711 63 49 89
244 706 125 66 (2d)
408 704 394 65 February-M
809 703 150 65 arch,
988 704 149 49 1936.
1215 700 80 54 St.
1325 699 165 66 Paul,
1516 697 199 67 Minn.,
1741 699 156 52 West
147 698 1895 151 publishing
385 802 96 46 co.,
509 785 147 49 1936.

150 857 98 47 xxi,
276 856 112 39 1224
417 866 40 37 p.
517 854 115 39 26cm.

75 924 52 53 ©
151 928 112 48 Apr.
282 927 38 45 6,
342 925 115 40 1936;
507 925 66 39 2c.
594 925 113 47 May
727 923 53 39 18;
836 921 82 40 aff.
938 922 113 47 May
1069 919 54 40 20;
1180 921 39 38 A
1244 919 143 41 94628;
1444 920 134 39 West
1595 919 108 47 pub.
1723 928 67 31 co.

78 1030 268 65 Spivack,
371 1028 192 55 Julius
586 1029 84 61 L.,
699 1033 169 48 1889-

147 1107 121 53 The
297 1104 244 69 surgical
578 1103 221 54 technic
833 1102 63 53 of
933 1099 325 55 abdominal
1293 1098 342 70 operations,
1671 1099 74 67 by
1779 1097 194 56 Julius
2005 1100 65 51 L.

80 1177 1990 76 Spivack … 677 illustrations on 362 figures. Mostly original.
79 1263 269 67 Chicago,
376 1260 56 56 S.
459 1262 65 50 B.
551 1259 248 65 Debour,
828 1261 149 49 1936.

148 1331 943 54 2 p. l., vii-xv, 718 p. illus. 26 ½ cm.
150 1391 346 48 Bibliography
521 1391 52 39 at
600 1390 91 39 end
720 1389 51 40 of
793 1389 117 39 each
939 1388 213 47 chapter.

79 1459 52 53 ©
157 1464 113 46 May
293 1462 38 46 5,
358 1461 112 40 1936;
526 1461 66 39 2c.
621 1461 94 38 and
744 1459 80 39 aff.
853 1460 113 46 May
991 1459 28 39 8;
1073 1458 41 39 A
1139 1457 145 40 95058;
1342 1458 43 40 S.
1414 1459 53 38 B.
1499 1458 205 46 Debour,
1733 1457 289 49 publishers.

157 1518 278 49 (36-10099)

79 1622 273 63 Strange,
380 1620 215 55 Oliver.

152 1697 318 67 Outlawed,
495 1697 75 67 by
598 1695 200 56 Oliver
826 1694 259 68 Strange.
1161 1695 233 66 Boston,
1423 1694 137 53 New
1590 1694 178 67 York,
1798 1696 275 63 Lothrop,

81 1775 111 55 Lee
217 1778 45 50 &
292 1774 260 68 Shepard
581 1791 297 51 company,
908 1775 150 51 1936.

149 1846 571 50 4 p. l., 305 p. 20½cm.
79 1914 52 53 ©
159 1920 112 46 May
297 1919 40 45 8,
365 1917 113 40 1936;
537 1917 66 40 2c.
633 1918 113 46 May
774 1917 25 39 9;
857 1916 81 39 aff.
968 1917 113 46 May
1109 1916 54 38 12;
1220 1916 40 38 A
1289 1914 145 41 94399;
1491 1915 226 48 Lothrop,
1748 1916 92 39 Lee
1869 1916 36 39 &
149 1915 1909 100 Shepard
262 1986 66 29 co.
393 1973 249 49 (36-9939)

85 2078 214 66 [Sutro,
327 2076 229 68 Alfred]
593 2083 171 49 1869-

151 2154 121 53 The
317 2155 349 52 Batheaston
710 2155 315 51 Parnassus
1072 2151 171 69 fairs;
1290 2173 31 34 a
1364 2153 354 66 manuscript
1762 2151 311 55 identified.

83 2233 116 56 San
231 2232 320 68 Francisco,
582 2232 157 54 Priv.
772 2231 194 69 print.,
999 2235 149 51 1936.

154 2303 1153 52 3 p. l., 15 p., 1 l. mounted facsim. 29½cm.
157 2361 228 41 “Printed
419 2363 49 38 in
504 2362 235 47 January,
774 2361 127 48 1936,
937 2362 58 47 by
1030 2362 83 39 the
1148 2361 253 40 Grabhorn
1435 2370 135 38 press
1604 2360 80 41 for
1719 2360 171 41 Alfred
1930 2362 145 40 Sutro

85 2419 78 40 for
191 2419 313 42 distribution
534 2429 174 38 among
734 2418 76 40 his
836 2418 353 40 friends.”—3d
1217 2418 184 48 prelim,
1430 2418 114 40 leaf.

155 2475 75 40 An
258 2477 202 38 account
490 2475 51 40 of
571 2476 81 39 the
680 2485 106 38 way
817 2476 80 39 the
926 2474 301 49 manuscript
1255 2474 204 41 entitled
1489 2475 158 39 “Bath
1677 2475 128 40 sets”
1834 2475 61 47 by
1927 2475 148 40 “Miss

87 2532 193 41 Waters
313 2532 51 40 of
400 2531 363 41 Bath-Easton”
800 2542 101 30 was
937 2532 248 40 identified
1221 2541 54 30 as
1312 2542 27 29 a
1378 2542 136 38 poem
1552 2532 197 40 written
1785 2531 78 41 for
1900 2542 88 30 one
2025 2532 51 39 of

87 2588 135 48 Lady
258 2588 139 40 Anna
437 2588 201 41 Miller’s
679 2591 167 46 poetry
887 2591 211 38 contests
1138 2587 157 42 which
1336 2599 126 30 were
1501 2589 111 40 held
1652 2591 51 38 at
1743 2589 86 40 her
1868 2589 117 40 villa
2027 2589 48 40 in

85 2646 315 48 Batheaston,
431 2646 118 48 Eng.

83 2700 52 52 ©
158 2704 109 39 Feb.
292 2705 40 47 4,
358 2703 111 40 1936;
525 2703 65 40 2c.
618 2705 94 38 and
738 2703 81 40 aff.
846 2704 109 39 Feb.
982 2703 54 40 25;
1092 2704 40 38 A
1157 2702 144 41 91928;
1356 2704 51 38 A.
1441 2704 157 47 Sutro,
1630 2703 95 40 San
1753 2702 273 41 Francisco.

162 2760 278 48 (36-10032)

82 2862 191 54 Texas
304 2861 301 57 Christian
637 2860 349 67 university,
1016 2863 193 63 Waco,
1239 2863 139 53 Tex.
1452 2863 221 65 Poetry
1702 2863 149 55 club.

157 2938 121 56 Sun
311 2940 111 52 and
461 2940 181 68 wind;
683 2960 31 33 a
750 2940 294 54 collection
1080 2940 63 52 of
1178 2959 157 34 verse
1371 2939 152 55 from
1559 2942 183 52 Texas
1780 2941 294 55 Christian

85 3016 332 69 university,
445 3018 326 66 1873-1936,
796 3018 188 54 edited
1011 3020 111 52 and
1151 3019 300 67 published
1476 3019 76 67 by
1577 3020 65 52 T.
1673 3019 62 55 C.
1763 3020 72 54 U.
1862 3022 214 65 Poetry

85 3095 143 54 club.
303 3097 143 52 Fort
473 3096 224 67 Worth,
727 3101 149 50 1936.

157 3167 626 51 6 p. l., 87, [1] p. 19½cm.
160 3225 226 40 “Everett
419 3225 154 47 Gillis,
605 3225 393 41 editor.”—Pref.

85 3278 52 53 ©
166 3283 112 46 May
305 3284 41 44 4,
374 3281 138 46 1936;
544 3282 65 40 2c.
643 3284 114 46 May
784 3282 53 47 9;
869 3283 81 40 aff.
981 3284 112 46 May
1123 3283 52 45 8;
1206 3283 41 39 A
1274 3282 170 48 95065;
1477 3284 158 39 Texas
1667 3282 250 42 Christian
1948 3283 129 42 univ.

155 3340 175 46 Poetry
357 3340 120 46 club,
504 3340 115 39 Fort
646 3340 185 46 Worth,
859 3340 114 39 Tex.
1038 3340 278 47 (36-10027)

85 3440 352 65 Thompson,
467 3442 225 64 George
719 3442 412 65 Washington,
1160 3449 171 49 1864-

158 3518 120 52 The
311 3518 109 52 law
455 3518 63 52 of
553 3517 147 55 wills
735 3518 114 54 and
881 3519 96 54 the
1011 3537 234 35 manner
1282 3519 63 54 of
1380 3519 150 53 their
1568 3519 282 69 drafting,
87 3538 1966 124 execution,

266 3596 235 66 probate
541 3596 111 52 and
697 3597 453 68 interpretation,
1190 3597 260 69 together
1488 3597 143 53 with
1671 3603 406 63 testamentary

91 3670 1535 72 forms, by George W. Thompson … 2d ed., rev.
1660 3675 112 52 and
1801 3675 107 52 enl.
90 3675 1965 140 Indianapolis,
465 3751 118 51 The
625 3749 442 54 Bobbs-Merrill
1107 3768 277 51 company
1430 3755 190 65 [c1936]

158 3817 196 48 clxxxii,
382 3819 114 40 1097
522 3831 42 37 p.
623 3820 148 41 26½cm.

159 3873 42 40 A
233 3873 171 49 Digest
436 3876 51 39 of
520 3878 210 39 statutes
764 3879 52 38 to
845 3878 58 40 be
936 3879 188 40 revised
1158 3881 49 39 to
1241 3880 126 49 date,
1404 3882 49 39 to
1485 3880 59 40 be
1576 3879 215 42 inserted
1823 3881 49 40 in
1907 3881 172 50 pocket

89 3931 53 38 at
169 3931 91 39 end
287 3931 51 39 of
364 3931 98 40 this
488 3933 204 39 volume.

162 3985 175 41 “Table
367 3987 50 39 of
448 3987 161 41 cases”:
671 3999 42 37 p.
747 3990 386 42 xxxiii-clxxxii.
