2519 4377
1025 4039 62 49 85

72 410 316 64 Robinson,
419 410 284 63 Gregory.

145 484 173 69 Ships
350 485 126 53 that
506 485 144 52 have
684 483 164 54 made
880 483 238 69 history,
1151 484 75 68 by
1259 483 260 69 Gregory
1551 482 320 68 Robinson;
72 484 1970 131 illustrated
284 563 140 52 with
449 562 295 68 paintings
771 560 111 52 and

908 561 288 68 drawings
1222 561 73 68 by
1320 562 93 52 the
1440 562 221 52 author.
1722 562 138 52 New
1887 562 180 68 York,

74 641 277 67 Kennedy
382 640 276 65 brothers,
687 640 127 64 inc.,
846 642 150 50 1936.

142 711 1424 51 vi p., 1 l., 139 p. incl. illus., XII col. pl., map. 32 cm .
142 770 287 41 Illustrated
459 770 361 49 lining-papers.

71 825 51 52 ©
152 829 108 39 Jan.
292 829 67 46 17,
391 827 111 41 1936;
561 828 67 40 2c.
661 828 109 40 Jan.
798 827 81 47 20;
914 827 81 39 aff.
1029 828 109 39 Jan.
1168 827 84 47 21;
1286 827 40 40 A
1357 827 170 46 90402;
1563 828 235 48 Kennedy
1830 829 237 48 brothers,

140 885 89 40 inc.
292 884 249 50 (36-3266)

72 988 314 64 Robinson,
415 988 192 54 Lewis
637 988 246 64 George,
917 993 170 50 1886-

143 1065 119 53 The
298 1064 242 55 General
575 1083 131 50 goes
742 1069 92 48 too
871 1064 112 68 far,
1018 1064 74 68 by
1127 1064 183 52 Lewis
1345 1063 308 54 Robinson.
1725 1064 258 67 London,
2017 1065 48 53 I.

75 1142 304 53 Nicholson
413 1143 110 52 and
555 1142 257 67 Watson,
845 1142 241 67 limited,
1121 1145 151 50 1935.

141 1215 86 40 319
254 1227 44 37 p.
358 1215 55 40 19
417 1217 44 21 cm
464 1247 10 9 .

69 1269 1982 110 © 1c. Jan. 18, 1936; A ad int. 21057; pubd. Nov. 21, 1935; L. G. Robinson, London. (36-4316)
70 1424 244 65 Rogers,
340 1427 218 51 Ernest
586 1425 180 64 Elias,
796 1430 169 48 1866-
1178 1427 83 52 ed.

70 1503 1974 146 … New London’s participation in Connecticut’s tercentenary, 1935.
506 1581 1500 69 Compiled and edited by Ernest E. Rogers …
71 1661 137 52 New
247 1661 257 66 London,
547 1661 196 66 Conn.,
784 1662 119 51 The
943 1663 138 51 New
1121 1661 239 52 London
1401 1664 209 64 county
1649 1660 293 54 historical
70 1681 1973 123 society,
263 1742 149 49 1935.

140 1822 33 27 x
202 1822 56 37 p.,
289 1811 23 38 1
378 1842 8 16 l.,
417 1811 100 47 121,
547 1811 55 48 [2]
636 1822 43 37 p.
737 1811 164 48 front.,
932 1810 129 41 illus.
1091 1810 132 48 (incl.
1255 1812 136 47 map)
1458 1811 55 40 23
1518 1813 43 21 cm
1568 1843 7 8 .
1647 1811 125 47 (The
1801 1812 116 39 New
69 1813 1981 94 London
185 1870 177 45 county

386 1867 253 41 historical
664 1868 195 47 society.
915 1868 284 39 Occasional
1225 1867 338 48 publications,
1618 1869 92 39 vol.
1810 1870 13 46 III)

140 1923 227 41 “Edition
400 1924 189 40 limited
624 1927 51 38 to
710 1925 88 39 500
830 1924 201 48 copies.”

69 1977 51 52 ©
147 1982 109 39 Jan.
283 1981 69 48 22,
379 1981 140 47 1936;
547 1981 65 40 2c.
642 1982 111 39 Jan.
780 1981 82 47 24;
890 1981 82 40 aff.
1003 1982 108 39 Jan.
1138 1981 82 46 23;
1250 1981 39 39 A
1317 1980 143 40 90455;
1518 1981 116 40 New
1663 1981 198 40 London
1889 1984 179 47 county

138 2037 251 41 historical
421 2048 92 30 soc.
581 2038 250 49 (36-3787)

69 2127 314 64 Rosevear,
410 2127 296 53 Kenneth.

138 2204 1929 69 Aquarium of dream, by Kenneth Rosevear … New York,
70 2284 69 52 N.
166 2285 88 64 Y.,
279 2283 119 52 The
424 2285 315 50 Parnassus
763 2302 174 48 press,
965 2287 149 48 1935.

137 2356 56 40 72
220 2367 43 37 p.
318 2355 57 39 24
377 2358 44 20 cm
427 2388 8 8 .
504 2355 113 48 (His
647 2356 41 38 A
717 2356 122 39 book
868 2356 51 39 of
950 2355 213 40 Genesis,
1219 2367 42 29 v.
1293 2354 50 48 1)

136 2413 183 39 Poems.

138 2468 1929 48 “150 copies … have been printed … on Agecroft text paper. Each
67 2535 118 38 copy
209 2527 88 38 has
326 2526 115 40 been
470 2526 336 47 autographed
832 2526 61 47 by
922 2526 81 39 the
1031 2526 189 46 author,
1250 2526 98 38 and
1376 2525 101 40 this
1503 2525 41 39 is
1574 2526 200 38 number
1802 2524 100 42 98.”

68 2578 51 53 ©
149 2583 110 39 Dec.
291 2583 38 46 7,
361 2582 113 40 1935;
534 2582 67 40 2c.
633 2584 95 38 and
759 2582 82 40 aff.
872 2582 110 40 Jan.
1013 2581 69 49 28,
1114 2582 140 41 1936;
1288 2582 41 38 A
1360 2581 171 47 90516;
1565 2582 58 38 K.
1657 2582 258 46 Rosevear,
1949 2583 118 39 New

136 2640 145 39 York.
353 2639 250 48 (36-3681)

68 2728 321 64 Rustgard,
418 2728 174 63 John,
622 2732 171 50 1863-

137 2803 121 53 The
286 2802 254 67 problem
569 2802 63 52 of
660 2809 267 61 poverty;
960 2821 31 33 a
1020 2801 159 68 plain
1208 2806 299 48 statement
1535 2800 62 53 of
1626 2801 280 52 economic
71 2800 1971 147 fundamentals,
441 2880 73 69 by
558 2880 154 54 John
757 2879 305 69 Rustgard.
1155 2878 71 52 2d
1270 2878 103 68 ed.,
1416 2897 112 37 rev.
1575 2879 112 54 and
1731 2878 104 53 enl.
1928 2878 138 55 New

71 2957 175 69 York,
289 2958 253 57 London,
586 2958 69 54 D.
701 2956 571 69 Appleton-Century
1316 2974 292 51 company,
1651 2956 416 69 incorporated,

71 3037 147 49 1936.

138 3105 1049 49 xv p., 1 l., 289 p. front. (port.) 19 cm .
67 3160 52 53 ©
147 3166 108 39 Jan.
284 3166 69 47 31,
383 3165 139 47 1936;
555 3167 65 39 2c.
652 3167 96 38 and
777 3165 80 40 aff.
889 3166 110 39 Feb.
1028 3166 53 46 4;
1113 3164 40 40 A
1183 3164 170 48 90600;
1386 3166 57 39 D.
1475 3165 476 49 Appleton-Century
1982 3176 82 40 co.,

134 3221 89 41 inc.
293 3223 249 47 (36-3779)

69 3309 205 65 Schell,
302 3310 199 53 Erwin
529 3310 261 65 Haskell,
819 3316 169 49 1889-

134 3384 480 55 Administrative
654 3385 344 69 proficiency
1040 3385 59 53 in
1141 3385 270 68 business,
1454 3385 76 69 by
1573 3386 200 53 Erwin
1818 3385 242 54 Haskell

67 3459 1992 72 Schell … 1st ed. New York and London, McGraw-Hill book
65 3557 294 53 company,
387 3541 126 68 inc.,
549 3542 150 52 1936.

66 3611 52 52 ©
145 3617 108 40 Jan.
283 3618 39 45 6,
351 3615 139 42 1936;
521 3617 66 40 2c.
618 3617 108 39 Jan.
755 3618 54 45 4;
842 3617 81 41 aff.
953 3617 109 40 Jan.
1090 3615 53 48 9;
1174 3617 41 39 A
1242 3615 171 49 90227;
1445 3617 350 41 McGraw-Hill
1826 3619 123 39 book
1978 3627 83 40 co.,

133 3672 90 41 inc.
291 3672 249 49 (36-3933)

66 3759 282 64 Shryock,
377 3762 153 52 John
561 3762 249 63 Knight,
842 3768 170 49 1890-

135 3838 197 52 Desire
370 3840 109 50 and
518 3840 92 52 the
648 3841 287 65 universe;
977 3858 31 34 a
1045 3840 172 66 study
1254 3839 63 52 of
1352 3839 288 68 religions,
1676 3841 75 67 by
1788 3842 155 53 John
1981 3842 74 54 K.

70 3913 1685 70 Shryock … Philadelphia, The Centaur press, 1935.
