2519 4377
1332 4125 100 51 502

361 446 314 61 Harwood,
701 445 256 53 Edward
987 445 245 63 Crosby,
1262 451 169 50 1900-

430 520 314 55 Insurance
774 520 115 55 and
922 520 289 54 annuities
1240 519 153 55 from
1425 521 97 54 the
1553 520 225 71 buyer’s
1812 520 166 71 point
2010 521 64 55 of
2106 522 162 70 view,
2298 522 76 71 by

363 600 67 55 E.
480 599 62 56 C.
590 599 298 54 Harwood
937 600 113 53 and
1099 599 151 54 Bion
1297 600 79 54 H.
1425 599 257 54 Francis.
1770 599 367 71 Cambridge,
2185 601 192 67 Mass.,

360 678 310 55 American
696 679 262 54 institute
986 678 94 53 for
1108 677 285 56 economic
1420 680 257 53 research
1711 713 14 34 [
1729 686 18 21 c
1752 682 135 51 1936
1891 713 14 35 ]

429 766 997 54 xiv p., 1 l., 171, [2] p. diagrs. 21 cm .
433 839 181 42 “Third
647 839 230 42 edition.”

363 910 54 53 ©
451 915 115 47 Apr.
604 914 71 47 11,
712 912 142 48 1936;
895 913 68 41 2c.
1003 914 96 40 and
1136 913 83 41 aff.
1258 914 114 48 Apr.
1412 914 56 40 18
1486 924 8 36 ;
1537 914 40 39 A
1616 913 171 48 93719;
1830 915 161 40 Amer.
2032 913 232 44 institute
2299 916 78 39 for

432 972 244 41 economic
711 974 241 41 research.
1021 971 281 51 [Copyright
1340 973 41 38 is
1417 971 204 41 claimed
1659 983 58 29 on
1755 982 105 30 new
1897 975 196 48 matter]

444 1030 255 49 (36-9318)

363 1133 193 66 Heim,
583 1134 166 63 Karl,
779 1135 172 55 1874-

434 1211 124 52 The
590 1209 219 71 Living
845 1209 321 62 Fountain;
1210 1229 31 34 a
1279 1209 170 55 series
1489 1209 65 54 of
1590 1228 269 51 sermons,
1898 1211 76 69 by
2014 1211 150 53 Karl
2203 1211 176 53 Heim

426 1288 1784 72 … translated by John Schmidt … Grand Rapids, Mich.,
363 1291 1991 131 Zondervan
612 1368 339 70 publishing
978 1368 174 54 house
1189 1402 14 34 [
1205 1374 20 22 c
1230 1371 153 65 1936]

433 1456 84 41 169
547 1467 44 38 p.
651 1456 58 41 20
712 1459 44 21 cm
760 1488 9 9 .

366 1527 52 53 ©
453 1532 114 47 Apr.
605 1531 70 47 11,
710 1529 143 49 1936;
890 1530 68 40 2c.
992 1530 115 48 Apr.
1145 1530 53 40 13
1218 1541 8 36 ;
1266 1530 83 40 aff.
1385 1530 115 48 Apr.
1537 1529 82 48 22;
1658 1530 42 40 A
1736 1530 172 48 93765;
1949 1532 287 40 Zondervan
2271 1534 111 47 pub.

434 1589 164 41 house.
669 1586 253 52 (36-9448)

365 1694 279 64 Herring,
673 1692 209 54 Daniel
910 1693 217 62 Boone,
1157 1695 171 53 1876-

437 1771 123 53 The
604 1771 319 52 thirteenth
969 1787 163 49 man;
1182 1789 32 33 a
1261 1769 315 54 revelation
1622 1770 63 52 of
1734 1770 94 53 the
1876 1772 188 51 actual
2112 1771 270 69 spiritual

368 1848 2015 70 work of Jesus, by Daniel Boone Herring … Holyoke, Mass.,
367 1928 122 54 The
527 1927 307 54 Elizabeth
874 1928 212 52 Towne
1124 1945 98 50 co.,
1261 1928 107 52 inc.
1388 1945 11 49 ;
1441 1927 259 68 London,
1738 1928 64 53 L.
1842 1928 70 53 N.
1954 1928 225 54 Fowler
2218 1932 47 50 &
2303 1946 79 36 co.

413 2010 153 65 [c1936]

439 2095 58 41 60
524 2105 45 40 p.
630 2093 56 41 18
689 2095 45 22 cm
738 2125 9 10 .

368 2163 53 53 ©
462 2167 110 40 Jan.
613 2167 39 46 7,
694 2164 142 48 1936;
879 2165 68 40 2c.
989 2166 97 39 and
1126 2164 83 42 aff.
1250 2165 111 40 Jan.
1403 2164 81 47 11;
1529 2164 39 39 A
1607 2163 172 48 91166;
1823 2165 57 40 D.
1922 2165 55 40 B.
2020 2165 228 49 Herring,
2290 2167 94 39 Los

438 2224 223 49 Angeles.
730 2222 253 50 (36-9409)

365 2329 223 63 Hobbs,
614 2330 206 63 Harry
843 2328 72 65 J.,
944 2329 84 52 ed.

438 2403 124 57 One
611 2403 246 71 evening
905 2404 278 69 projects;
1234 2403 277 68 complete
1560 2404 167 67 plans
1779 2403 113 53 and
1944 2403 293 71 drawings
2288 2403 94 53 for

367 2483 240 70 making
646 2483 162 70 forty
849 2482 286 69 carefully
1178 2482 240 54 selected
1460 2482 167 53 small
1671 2481 278 70 projects;
1996 2482 228 71 designs
2269 2484 112 53 and

368 2560 381 56 illustrations
777 2562 77 70 by
882 2562 65 53 L.
978 2562 71 54 A.
1083 2562 244 67 Burton,
1361 2560 61 54 C.
1455 2561 71 53 A.
1561 2560 406 71 Furstenberg,
1998 2562 72 54 A.
2103 2563 67 53 F.
2202 2561 180 57 Gibbs

393 2642 130 67 [and]
559 2643 121 52 Ted
710 2641 247 69 Tinker;
991 2639 191 55 edited
1213 2640 76 69 by
1318 2640 78 53 H.
1427 2640 56 53 J.
1516 2639 217 55 Hobbs.
1803 2640 139 54 New
1977 2641 180 70 York,
2187 2643 70 54 N.
2292 2642 91 69 Y.,

369 2719 927 68 The Home craftsman [ c 1936]
437 2800 59 41 46
521 2811 44 38 p.
627 2800 129 40 illus.
817 2798 57 41 23
877 2801 45 21 cm
925 2830 9 9 .

371 2871 53 54 ©
449 2876 110 41 Jan.
586 2876 39 48 3,
652 2874 115 42 1936
786 2885 8 37 ;
821 2874 68 42 2c.
914 2874 111 43 Jan.
1052 2874 54 40 13
1125 2884 9 34 ;
1164 2873 83 42 aff.
1274 2874 110 40 Jan.
1410 2873 56 40 22
1485 2884 9 36 ;
1523 2874 41 40 A
1591 2873 171 48 90428;
1793 2875 155 48 Hopae
1975 2875 274 41 craftsman
2275 2877 110 47 pub.

444 2945 128 37 corp.
638 2932 253 50 (36-9361)

369 3036 287 54 Institute
685 3037 63 52 of
774 3036 181 54 world
982 3035 232 55 affairs.

443 3113 1942 68 Proceedings … 13th session at the Mission inn, Riverside,
374 3191 2012 69 California, December 15 to December 20, 1935 … Edited by
374 3272 191 54 Rufus
611 3274 67 50 B.
724 3290 111 34 von
878 3270 327 53 Kleinsmid
1251 3271 111 52 and
1407 3271 252 52 Herbert
1702 3270 293 67 Wynford
2041 3271 145 53 Hill,
374 3271 1987 131 volume

533 3354 79 49 13.
690 3351 111 51 Los
832 3348 267 68 Angeles,
1129 3348 196 62 Calif.,
1355 3349 143 53 Pub.
1531 3348 94 52 for
1655 3349 122 52 The
1808 3349 274 52 Institute
2112 3349 63 52 of
2204 3350 181 52 world

376 3426 196 55 affairs
607 3429 75 66 by
719 3428 121 52 The
878 3427 337 66 University
1250 3426 64 53 of
1353 3427 286 54 Southern
1678 3426 344 67 California,
2061 3430 150 50 1936.

444 3502 131 49 xxvi,
602 3501 89 40 287
715 3512 42 38 p.
814 3501 55 39 25
872 3502 44 22 cm
921 3531 9 9 .

377 3567 53 53 ©
467 3573 121 39 Mar.
628 3573 70 45 31,
739 3570 141 48 1936;
922 3571 67 40 2c.
1030 3571 114 47 Apr.
1186 3571 81 45 13;
1310 3570 82 41 aff.
1433 3571 114 47 Apr.
1589 3569 81 48 10;
1714 3570 40 39 A
1794 3569 171 48 92923;
2013 3569 284 49 University
2337 3570 53 40 of

448 3628 246 41 Southern
722 3627 288 42 California.

377 3732 265 64 Kendall,
671 3732 221 62 James,
924 3736 170 50 1889-

449 3807 246 55 General
734 3808 337 69 chemistry;
1115 3826 30 34 a
1184 3807 247 52 cultural
1468 3824 192 34 course
1699 3806 171 53 based
1911 3823 155 51 upon
2105 3806 98 52 the
2239 3808 149 48 texts

378 3882 1947 72 of the late Alexander Smith. Rev. ed. By James Kendall …
381 3966 137 52 New
555 3966 180 67 York,
770 3966 260 67 London,
1065 3966 71 51 D.
1174 3963 581 69 Appleton-Century
1793 3979 300 52 company,
383 3962 1982 135 incorporated
579 4078 13 34 [
597 4055 17 21 c
622 4048 152 64 1936]
