2519 4377
1316 4183 102 49 340

357 507 212 64 Niven,
598 507 318 54 Frederick
942 506 176 65 John,
1149 507 170 55 1878-

430 596 116 57 Old
579 597 238 69 soldier;
852 619 32 34 a
915 597 166 54 novel
1112 596 74 69 by
1220 596 311 54 Frederick
1563 596 203 53 Niven.
1842 596 260 67 London,
2135 596 236 65 Collins,

361 681 150 51 1936.

431 749 339 51 250 p. 19 cm .
357 817 2016 53 © 1c. Mar. 9, 1936; A ad int. 21198; pubd. Jan. 10; F. J. Niven, Nelson,
433 878 188 42 British
653 878 268 46 Columbia,
953 877 213 40 Canada.
1235 876 252 49 (36-8140)

357 986 143 64 Pay,
531 986 135 54 Carl
692 987 80 54 M.

532 1064 1563 71 … Jakten med fuglehund. Oslo, Gyldendal, 1935.
429 1139 87 40 272
545 1149 44 38 p.
620 1139 111 39 incl.
762 1137 164 49 front.,
958 1138 129 40 illus.
1148 1138 117 40 25cm.

428 1197 65 40 At
520 1197 126 40 head
675 1195 52 41 of
754 1196 110 40 title
882 1206 8 29 :
924 1195 49 41 C.
1003 1196 63 40 M.
1096 1196 116 46 Pay.

431 1253 131 39 “Min
592 1253 95 40 bok
719 1253 162 39 ‘Hund
910 1262 60 38 og
997 1251 177 49 jæger’,
1206 1262 100 29 som
1335 1252 157 40 første
1521 1263 128 38 gang
1677 1254 166 39 utkom
1876 1252 128 48 1904,
2036 1255 91 38 har
2158 1251 216 43 derefter

357 1309 2018 51 oplevd tre dansk-norske og to svenske utgaver … den fremkommer
358 1368 212 48 hermed,
618 1367 193 40 utvidet
858 1367 58 40 til
963 1367 212 40 omirent
1222 1368 81 39 det
1349 1366 223 41 dobbelte
1617 1369 107 38 med
1776 1368 169 40 titelen
1964 1379 10 29 :
2025 1368 194 40 ‘Jakten
2267 1368 106 40 med

356 1423 287 51 fuglehund’
694 1424 116 49 (den
846 1423 186 41 danske
1068 1425 181 46 utgave
1284 1433 52 30 er
1372 1424 133 40 kalt:
1548 1424 336 48 ‘Fuglejagten
1926 1426 106 38 med
2074 1424 299 40 hønsehund’

367 1482 177 49 (utgitt
575 1482 251 40 desember
860 1479 457 48 1934).”—Forord.

356 1552 2019 53 © June 20, 1935; 1c. July 5; A-Foreign 30230; C. M. Pay, Oslo, Norway.
438 1614 254 48 (36-7942)

359 1718 293 64 Peabody,
681 1721 140 51 Mrs.
850 1718 166 63 Lucy
1045 1715 272 66 (McGill)
1352 1716 380 64 Waterbury,
1764 1722 170 50 1861-

434 1793 1941 69 A wider world for women, by Lucy W. Peabody … New
366 1875 161 53 York
578 1880 121 60 [etc.]
732 1873 270 69 Fleming
1026 1873 78 53 H.
1134 1873 199 52 Revell
1361 1890 282 51 company
1695 1876 176 64 [c1936]

433 1950 85 41 128
546 1961 41 37 p.
645 1948 148 42 19½cm.

355 2016 53 53 ©
439 2021 111 40 Feb.
582 2019 70 47 21,
687 2018 141 48 1936;
863 2019 68 40 2c.
965 2019 98 40 and
1095 2018 82 40 aff.
1213 2019 110 39 Feb.
1355 2018 82 47 26;
1473 2019 43 38 A
1546 2017 144 41 90981;
1754 2018 225 48 Fleming
2010 2019 61 41 H.
2106 2019 168 40 Revell
2307 2030 68 32 co.

442 2076 253 50 (36-7957)

361 2181 283 64 Pertwee,
671 2179 246 64 Roland,
946 2184 172 51 1885-

432 2257 153 56 Such
634 2275 76 36 an
756 2254 246 70 enmity;
1054 2276 32 34 a
1132 2255 184 69 novel,
1362 2255 76 69 by
1485 2254 228 56 Roland
1762 2258 273 52 Pertwee.
2117 2257 260 68 London,

359 2338 47 52 I.
439 2335 314 56 Nicholson
784 2335 112 54 and
927 2335 258 67 Watson,
1210 2334 243 68 limited,
1486 2338 151 50 1936.

429 2411 88 41 324
546 2422 43 37 p.
650 2409 118 42 19cm.

360 2476 2014 54 © 1c. Mar. 12, 1936; A ad int. 21180; pubd. Jan. 23; R. Pertwee,
430 2538 213 40 London.
708 2536 251 50 (36-7901)

433 2638 151 54 Such
649 2657 74 34 an
786 2638 236 69 enmity,
1082 2638 75 68 by
1222 2637 223 53 Roland
1517 2637 270 54 Pertwee.
1881 2637 238 69 Boston,
2180 2639 196 65 Little,

359 2715 232 68 Brown,
619 2717 114 52 and
760 2734 300 51 company,
1087 2718 150 52 1936.

430 2786 522 52 5 p. l., [3]-307 p. 19½cm.
361 2857 52 54 ©
443 2862 113 48 Apr.
589 2862 39 47 6,
663 2860 113 42 1936;
837 2862 67 40 2c.
938 2863 96 39 and
1066 2861 83 42 aff.
1181 2862 114 47 Apr.
1329 2862 24 40 7;
1415 2861 40 40 A
1485 2860 148 41 93552;
1694 2862 54 41 R.
1782 2863 232 49 Pertwee,
2050 2863 212 40 London.

439 2919 254 50 (36-8057)

360 3022 268 54 Political
675 3024 308 53 handbook
1033 3024 63 52 of
1144 3024 97 52 the
1292 3024 178 52 world;
1554 3024 391 67 parliaments,
1996 3025 215 68 parties
2262 3025 111 52 and

431 3121 156 48 press
617 3122 60 33 as
706 3102 64 53 of
799 3105 265 64 January
1092 3106 48 64 1,
1171 3106 150 49 1936.
1400 3102 213 53 Edited
1643 3103 72 65 by
1746 3106 221 52 Walter
1996 3105 76 51 H.
2105 3103 267 69 Mallory.

431 3182 139 52 New
596 3181 179 66 York,
798 3181 143 52 Pub.
965 3182 74 65 by
1061 3182 234 66 Harper
1318 3183 42 49 &
1385 3182 259 52 brothers
1668 3181 94 52 for
1786 3182 240 55 Council
2050 3200 70 34 on
2146 3182 228 68 foreign

431 3262 290 64 relations,
745 3260 109 53 inc.
884 3262 192 65 [c1936]

430 3332 559 49 3 p. l., 207 p. 25½cm.
362 3398 53 53 ©
449 3402 109 42 Feb.
591 3403 38 46 7,
664 3401 116 41 1936;
839 3401 68 41 2c.
940 3403 96 38 and
1068 3401 82 41 aff.
1184 3402 120 40 Mar.
1339 3402 25 40 9
1382 3412 9 32 :
1427 3403 40 38 A
1499 3401 142 41 92161;
1706 3401 199 42 Council
1940 3413 60 28 on
2030 3402 190 48 foreign
434 3403 1922 103 relations,
602 3459 106 49 inc.,
736 3460 119 39 New
880 3459 145 40 York.

456 3563 1918 68 … The pottery of Pecos. Volume 2 … New Haven, Pub. for
433 3641 253 68 Phillips
719 3642 270 66 academy
1021 3642 73 66 by
1127 3643 93 51 the
1255 3642 145 52 Yale
1435 3641 316 68 university
1785 3661 184 48 press;
2007 3643 257 67 London,
2296 3644 76 51 H.

432 3719 267 66 Milford,
727 3719 229 55 Oxford
985 3720 317 66 university
1329 3738 174 49 press,
1533 3723 148 49 1936.

434 3793 133 47 xxxi,
611 3792 88 40 636
739 3804 42 37 p.
853 3794 86 39 col,
983 3793 164 46 front.,
1192 3793 143 48 illus.,
1379 3793 170 47 plates,
1594 3793 178 47 diagrs.
1846 3793 147 39 28½cm.
2100 3791 276 49 (Half-title:

365 3849 221 49 [Phillips
614 3850 248 46 academy,
890 3850 239 46 Andover,
1160 3851 145 38 Mass.
1361 3850 124 47 Dept.
1529 3849 52 39 of
1607 3850 337 48 archaeology]
2005 3850 181 47 Papers
2213 3849 54 40 of
2295 3849 81 41 the

360 3906 370 40 Southwestern
756 3906 296 47 expedition,
1084 3918 74 29 no.
1190 3907 51 46 7)

438 3964 56 39 At
550 3964 124 38 head
726 3963 52 40 of
826 3962 135 41 title:
1013 3964 321 47 Department
1384 3963 53 40 of
1485 3963 333 46 archaeology.
1871 3962 207 47 Phillips
2130 3963 244 46 academy.

363 4020 239 47 Andover,
645 4020 403 47 Massachusetts,
1091 4020 119 40 with
1251 4019 327 48 co-operation
1620 4019 60 47 by
1723 4019 236 46 Carnegie
2001 4017 282 42 institution
2324 4018 51 40 of

361 4077 321 46 Washington
716 4078 99 38 and,
847 4078 83 38 the
963 4077 303 47 Laboratory
1302 4077 52 38 of
1388 4076 366 48 anthropology.
