2519 4377
1282 4087 134 50 1998

349 393 351 65 Guterman,
728 393 76 56 N.

419 472 85 53 La
530 472 323 53 conscience
876 473 297 67 mystifiée,
1198 492 108 48 par
1331 475 69 52 N.
1430 474 320 55 Guterman
1776 480 55 49 et
1857 474 187 54 Henri
2072 475 297 55 Lefebvre.

347 550 187 66 Paris,
561 549 329 56 Gallimard
923 553 175 66 [1936]

422 623 26 39 1
509 654 9 9 v.
585 622 116 49 (Les
729 622 172 50 essais,
929 623 82 49 14)

350 675 1967 55 © Feb. 1, 1936; 1c. Apr. 8; A- Foreign 31271; Librairie Gallimard.
349 800 183 65 Haas,
560 800 207 65 Harry
793 801 233 64 Forest,
1057 806 172 51 1890-

418 878 124 53 The
577 877 341 70 bogeyman,
954 878 77 69 by
1070 878 78 53 H.
1189 879 66 52 F.
1296 879 179 54 Haas.
1552 881 236 67 Boston,
1829 881 124 53 The
1996 880 378 69 Christopher

350 954 338 72 publishing
716 958 177 56 house
925 960 195 67 [c1936]

418 1031 371 50 117 p. 20 ½ m.
348 1088 2007 106 “‘Inspired religion’ … looked upon with suspicion and as … unpossessed of reason.”—Introd.
351 1199 53 54 ©
433 1205 114 39 Dec.
575 1203 41 49 3,
643 1202 118 42 1936;
818 1202 69 42 2c.
918 1205 114 40 Dec.
1061 1204 28 39 7;
1149 1204 82 39 aff.
1264 1205 113 40 Dec.
1408 1204 26 39 5
1452 1215 9 29 :
1494 1205 41 39 A
1565 1203 178 41 100834;
1800 1205 62 41 H.
1894 1204 52 40 F.
1979 1205 153 48 Haas,
421 1204 1938 105 Orangeburg,
590 1261 43 41 S.
665 1261 51 42 C.
783 1259 226 51 (37-972)

348 1365 276 64 Hannon,
650 1365 226 65 Bryan.

351 1438 2023 151 Three American commodores; improved edition with supplement, by Bryan Hannon … foreword by Colonel James
347 1598 237 56 Barnes.
662 1598 141 56 New
835 1599 182 70 York,
1052 1598 253 71 Spinner
1336 1617 177 52 press,
1544 1599 128 68 inc.,
1705 1601 151 52 1936.

348 1669 2008 100 3 p. l., xv-xxxi, 208 p., 1 l. double front., plates, ports., maps, facsims.
510 1727 139 50 (part
679 1728 201 49 double)
949 1728 118 41 24cm.

420 1784 1952 52 “The supplement is given … to prove the injury done to the Irish
348 1852 113 31 race
491 1842 62 48 by
583 1843 86 41 the
697 1843 385 49 intermeddling
1108 1844 52 40 of
1192 1845 83 40 the
1306 1844 225 42 Catholic
1561 1845 184 39 church
1773 1845 50 39 in
1854 1844 210 49 politics,
2095 1844 129 40 from
2257 1843 115 41 1154

348 1900 51 40 to
427 1898 414 43 1935.”—Introd.

421 1955 137 43 “List
586 1956 52 42 of
668 1956 327 43 authorities”
1015 1967 9 31 :
1056 1968 44 39 p.
1131 1957 161 44 61-62.

350 2012 53 54 ©
429 2018 114 40 Dec.
572 2017 70 48 11,
671 2016 117 41 1936;
843 2016 69 42 2c.
942 2017 97 40 and
1067 2017 83 40 aff.
1180 2019 114 39 Dec.
1322 2016 58 40 22;
1438 2018 42 39 A
1505 2016 175 42 102038;
1738 2019 55 40 B.
1824 2019 229 48 Hannon,
2082 2019 119 39 New
2229 2017 147 42 York.

434 2073 225 50 (37-895)

348 2179 349 66 Hartleben,
724 2181 76 55 H.

420 2259 209 53 Innere
661 2257 251 55 medizin
945 2259 120 53 und
1099 2258 265 69 hygiene,
1398 2276 112 35 von
1544 2258 85 55 dr.
1664 2260 79 52 H.
1777 2259 323 54 Hartleben
2133 2259 121 54 und
2288 2259 84 55 dr.

350 2337 68 55 G.
451 2336 208 55 Schad.
736 2337 308 67 München,
1072 2340 55 54 J.
1158 2339 66 52 F.
1252 2337 299 54 Lehmann
1605 2340 153 64 [1936]

424 2411 26 38 1
513 2443 9 9 v.
591 2409 433 50 (Taschenbücher
1052 2410 84 40 des
1166 2410 391 48 truppenärztes.
1616 2409 78 42 bd.
1724 2409 52 48 1)

350 2463 2024 54 © Apr. 8, 1936; 1c. May 8; A- Foreign 32629; J. F. Lehmanns verlag.
349 2587 411 66 Hauptmann,
792 2588 265 54 Gerhart
1083 2587 236 54 Johann
1349 2587 243 55 Robert.

421 2665 93 53 Im
550 2665 200 54 wirbel
790 2666 100 52 der
927 2665 323 68 berufung;
1290 2683 202 35 roman
1528 2683 113 36 von
1680 2665 253 56 Gerhart
1945 2695 10 6 -
1970 2665 403 68 Hauptmann.

350 2745 220 66 Berlin,
600 2744 55 56 S.
684 2744 237 54 Fischer
952 2747 174 65 [1936]

422 2818 26 39 1
513 2850 9 9 v.

352 2869 2023 56 © May 7, 1936; 1c. Aug. 18; A -Foreign 32755; S. Fischer verlag, a.-g.
350 2977 390 67 Haushalter,
767 2977 227 55 Walter
1021 2975 231 67 Milton,
1285 2983 172 49 1889-

421 3055 139 53 Mrs.
602 3054 177 69 Eddy
819 3053 264 71 purloins
1124 3053 154 54 from
1316 3053 216 69 Hegel;

1577 3053 186 68 newly
1806 3052 332 55 discovered
2178 3070 194 35 source

351 3135 219 52 reveals
603 3133 267 68 amazing
899 3131 370 70 plagiarisms
1301 3132 61 52 in
1395 3131 228 56 Science
1656 3131 114 53 and
1799 3131 217 68 health,
2044 3130 76 68 by
2150 3129 223 56 Walter

351 3211 80 54 M.
469 3210 373 54 Haushalter.
919 3209 236 69 Boston,
1192 3209 70 54 A.
1300 3210 70 53 A.
1409 3209 389 69 Beauchamp,
1837 3211 152 51 1936.

423 3282 101 48 viii,
563 3282 69 47 63,
674 3281 71 50 [1],
783 3282 176 40 64-126
994 3292 58 38 p.,
1090 3282 192 40 facsim.
1302 3293 8 28 :
1366 3281 71 50 [15]
1477 3292 43 38 p.
1580 3281 167 49 front.,
1784 3283 124 48 port.
1968 3281 135 40 20½cm

421 3340 104 40 The
560 3339 248 40 facsimile
843 3339 42 39 is
920 3349 28 29 a
986 3338 345 48 reproduction
1367 3339 52 39 of
1455 3349 27 30 a
1521 3340 146 40 letter
1702 3339 129 40 from
1870 3339 206 40 Francis
2113 3338 173 41 Lieber
2322 3342 49 38 to

351 3396 176 40 Hiram
571 3396 170 41 Crafts
783 3397 96 39 and
923 3395 214 41 Lieber’s
1179 3396 305 47 manuscript
1525 3396 122 40 with
1689 3396 110 40 title
1818 3407 8 29 :
1872 3397 103 40 The
2016 3396 354 48 metaphysical

352 3452 204 49 religion
595 3452 54 41 of
690 3453 153 48 Hegel
887 3452 91 51 [by]
1022 3453 204 40 Francis
1268 3452 186 49 Lieber,
1496 3453 282 41 “Christian
1819 3452 310 41 Herrmann”
2174 3453 195 50 [pseud.]

351 3509 114 51 Apr.
498 3509 130 42 1866.

354 3567 53 53 ©
446 3571 128 48 Sept.
612 3570 40 50 8,
689 3569 143 49 1936;
870 3569 69 41 2c.
978 3570 97 40 and
1114 3569 81 41 aff.
1234 3570 121 40 Nov.
1392 3568 84 48 27;
1517 3570 41 39 A
1596 3567 201 50 100694;
1839 3571 72 39 W.
1951 3571 63 41 M.
2055 3568 319 47 Haushalter,

424 3628 285 40 Baltimore.
778 3625 224 51 (37-858)

353 3733 185 64 Hays,
569 3732 189 63 Edna,
790 3736 171 51 1889-

424 3805 232 70 College
697 3813 269 48 entrance
1005 3806 413 68 requirements
1455 3807 60 53 in
1555 3804 277 70 English:
1871 3806 153 54 their
2064 3804 193 55 effects
2298 3822 73 35 on

354 3881 2016 73 the high schools; an historical survey, by Edna Hays … New
355 3962 164 54 York
555 3962 137 70 city,
728 3963 282 54 Teachers
1049 3962 231 69 college,
1320 3959 303 57 Columbia
1663 3961 341 68 university,
2041 3962 151 53 1936.
