2519 4377
1013 4122 99 49 299

68 478 224 62 Butler,
321 478 253 63 Samuel,
607 482 324 51 1835-1902.

202 552 1858 71 … The way of all flesh ; pictures by Robert Ward Johnson;
71 632 390 53 introduction
495 632 77 69 by
607 632 297 53 Theodore
938 631 247 53 Dreiser.
1261 631 137 52 New
1438 632 180 66 York,
1655 632 123 52 The
1813 630 248 54 Limited

70 710 243 53 editions
344 711 145 67 club,
522 714 151 49 1936.

138 785 27 39 2
196 796 41 29 v.
297 784 142 49 illus.,
471 786 171 47 plates.
701 784 54 40 21
760 787 44 21 cm
808 816 10 9 .

141 842 113 40 “No.
285 841 267 49 Copyright
579 841 51 39 of
659 841 168 40 fifteen
856 841 222 40 hundred
1108 840 159 48 copies
1297 841 228 48 designed
1557 842 60 47 by
1649 841 113 42 Carl
1795 840 269 50 Purington

71 897 1995 50 Rollins and printed … at the printing-office of the Yale university press
71 955 37 42 &
134 955 167 50 signed
328 956 60 48 by
418 956 83 40 the
525 953 320 44 illustrator.”

63 1009 52 53 ©
147 1014 109 40 Jan.
288 1013 69 46 21,
391 1012 139 42 1936:
564 1013 67 40 2c.
665 1014 117 39 each
816 1014 95 38 and
944 1012 83 40 aff.
1061 1014 120 38 Mar.
1216 1012 81 46 11;
1333 1013 40 38 A
1405 1011 171 48 92186;
1612 1011 212 42 Limited
1856 1013 212 40 editions

136 1071 122 47 club,
298 1070 90 40 inc.
459 1069 283 50 [Copyright
779 1069 41 40 is
863 1069 203 40 claimed
1108 1081 60 27 on
1209 1069 331 40 introduction
1582 1071 95 39 and
1718 1070 344 49 illustrations]

147 1126 249 49 (36-7690)

69 1231 299 64 Cartland,
395 1231 285 63 Barbara,
711 1235 171 50 1902-

135 1306 337 69 Dangerous
530 1305 370 68 experiment,
954 1305 74 68 by
1091 1304 257 54 Barbara
1410 1303 297 56 Cartland.
1804 1304 258 66 London,

65 1382 363 55 Hutchinson
457 1387 44 49 &
533 1402 96 49 co.,
660 1384 103 52 ltd.
822 1385 152 66 [1936]

135 1455 86 43 288
248 1468 42 37 p.
352 1457 56 40 19
411 1459 43 21 cm
458 1488 9 9 .

66 1498 1982 123 © 1c. Mar. 9, 1936; A ad int. 21169 ; pubd. Jan. 9; Barbara McCorquodale, London. (36-7724)
70 1664 301 54 Christian
401 1665 318 52 Reformed
749 1663 240 54 church.
1066 1665 228 53 Church
1323 1665 180 53 order.

135 1741 175 54 Rules
339 1740 65 54 of
435 1742 167 53 order
633 1740 94 54 for
758 1741 97 53 the
886 1740 294 55 Christian
1212 1741 311 54 Reformed
1554 1742 228 67 church,
1812 1742 75 67 by
65 1743 1975 131 William

228 1818 1837 70 Stuart… and Gerrit Hoeksema … Grand Rapids, Mich.,
65 1898 334 54 Zondervan
430 1896 335 69 publishing
796 1897 190 67 house,
1022 1900 149 49 1935.

136 1971 98 47 150,
267 1970 53 49 [6]
353 1981 43 38 p.
454 1970 56 41 17½
542 1972 44 22 cm
591 2003 9 8 .

134 2026 276 41 Half-title:
443 2027 198 40 Manual
673 2026 52 41 of
752 2026 181 41 church
962 2027 153 40 order.

134 2083 160 40 Blank
317 2094 144 37 pages
488 2083 78 40 for
597 2081 421 42 “Memorandum”
1047 2082 52 48 (6
1126 2084 53 39 at
1204 2083 116 46 end)

66 2136 52 53 ©
140 2141 94 38 Jan.
274 2140 69 47 15,
367 2140 113 40 1935
498 2151 8 35 ;
532 2140 66 39 2c.
626 2140 109 39 Feb.
762 2140 68 47 18,
857 2138 139 47 1936;
1025 2139 81 40 aff.
1134 2140 110 39 Feb.
1270 2138 54 40 19
1343 2150 8 35 ;
1380 2139 40 39 A
1445 2138 170 48 93039;
1646 2139 283 41 Zondervan
1956 2142 108 46 pub.

136 2197 163 40 house.
360 2196 249 48 (36-7785)

69 2287 193 63 Clark,
289 2287 152 53 Alan
468 2288 68 53 R.

197 2363 1728 68 … High wall. New York, H. Smith & R. Haas, 1936.
133 2437 86 41 280
248 2448 42 38 p.
351 2436 56 41 19½
437 2439 43 21 cm
485 2467 8 9 .

136 2495 62 39 At
221 2493 125 41 head
373 2493 52 41 of
449 2493 107 41 title
573 2504 9 30 :
611 2494 72 46 By
710 2493 125 40 Alan
863 2493 56 41 R.
944 2492 161 42 Clark.

133 2549 162 42 “First
325 2549 257 48 printing.”

70 2602 52 53 ©
159 2608 121 38 Mar.
317 2607 69 46 30,
425 2605 111 41 1936
555 2617 9 35 ;
603 2606 68 40 2c.
710 2607 96 38 and
842 2605 81 41 aff.
959 2606 113 47 Apr.
1111 2605 22 38 1
1154 2616 8 35 ;
1203 2606 40 38 A
1280 2604 143 40 92652
1443 2615 8 31 ;
1492 2605 243 40 Harrison
1775 2604 156 43 Smith
1967 2607 100 39 and

135 2657 1652 55 Robert Haas, inc., ℅ Random house, New York. (36-7789)
69 2753 226 65 Clarke,
323 2753 227 54 Donald
577 2754 367 61 Henderson,
974 2756 170 53 1887-

137 2827 1925 71 Tawny, by Donald Henderson Clarke … New York, The
67 2906 315 71 Vanguard
414 2926 174 50 press,
621 2911 150 50 1936.

137 2980 614 49 3 p. l. , 3-306 p. 19½ cm .
67 3035 52 53 ©
143 3042 120 38 Mar.
287 3041 68 45 26,
380 3041 113 40 1936
511 3052 8 35 ;
544 3041 67 40 2c.
635 3042 121 39 Mar.
780 3042 81 45 30;
889 3040 82 41 aff.
997 3042 121 39 Mar.
1141 3041 54 39 31
1215 3051 9 35 ;
1248 3040 40 39 A
1311 3040 144 40 93459
1473 3051 9 36 ;
1511 3042 262 46 Vanguard
1799 3049 147 40 press,
1974 3041 90 40 inc.

147 3096 248 50 (36-7723)

71 3186 224 65 Collier,
323 3187 253 54 William
604 3188 208 54 Miller.

142 3268 133 48 1936
306 3266 207 51 annual
546 3268 358 64 supplement
933 3271 57 49 to
1023 3266 212 54 Collier
1265 3284 70 34 on
1367 3266 376 66 bankruptcy.
1814 3267 130 52 13th
1978 3266 83 53 ed.

132 3340 1870 70 … with amendments and cases to date, by Ralph E. Rogers …
71 3420 247 64 Albany,
351 3421 69 51 N.
456 3422 90 56 Y.,
579 3421 79 51 M.
695 3422 224 51 Bender
953 3425 44 49 &
1030 3439 295 45 company,
1359 3421 417 63 incorporated,
1811 3425 148 50 1936.

139 3492 24 38 1
201 3503 41 36 p.
314 3523 8 10 l..
359 3493 86 39 358
483 3504 42 36 p.
593 3493 54 39 25
651 3496 45 20 cm
702 3526 7 7 .

70 3545 52 52 ©
144 3550 108 39 Jan.
276 3551 68 40 31.
370 3549 139 47 1936;
535 3551 66 40 2c.
627 3552 95 38 and
747 3551 82 40 aff.
856 3552 108 38 Feb.
989 3553 52 43 3;
1069 3552 39 38 A
1131 3550 143 41 91577
1292 3562 9 35 ;
1331 3552 234 39 Matthew
1590 3551 189 40 Bender
1805 3551 37 40 &
1865 3561 81 32 co.,
1972 3551 92 41 inc.

73 3639 320 64 Comillier,
420 3639 201 55 Pierre
646 3630 209 64 Émile.

139 3716 120 52 The
285 3714 317 68 prediction
631 3716 64 54 of
720 3717 97 53 the
843 3716 193 54 future
1054 3736 11 47 ;
1098 3737 31 33 a
1154 3736 122 34 new
1305 3717 409 66 experimental
1742 3717 218 66 theory,
1990 3717 73 65 by

70 3792 405 55 Pierre-Emile
506 3794 305 54 Cornillier
827 3814 11 47 ;
868 3795 313 53 translated
1208 3795 75 66 by
1309 3795 64 51 L.
1404 3794 66 51 E.
1501 3795 231 52 Eeman.
1806 3795 258 65 London,

71 3869 486 68 Author-partner
584 3891 175 48 press,
787 3873 122 65 ltd.,
940 3876 148 49 1935.

205 3942 695 49 xv, 84 p., 1 l. 1 illus. 19 cm .
71 3993 1991 56 © 1c. Jan. 21, 1936 ; A 21104 ; pubd. Dec. 2, 1935 ; P. E. Cornillier, Paris.
148 4053 247 51 (36-7786)
