2519 4377
1324 4140 102 50 454

360 467 479 65 Gudmundsson,
868 468 374 65 Kristmann,
1274 474 172 50 1902-

491 542 1563 71 … Morning of life; translated from the Norwegian
2076 545 77 69 by
357 543 1986 130 Elizabeth
525 620 251 71 Sprigge
808 622 114 53 and
956 620 221 56 Claude
1207 622 235 69 Napier.
1510 622 235 55 Garden
1780 622 154 71 City,
1965 623 72 54 N.
2072 624 72 53 Y.

356 623 1989 148 Doubleday,
605 701 201 53 Doran
830 703 46 51 &
901 718 301 52 company,
1226 702 130 67 inc.,
1384 704 152 52 1936.

430 773 928 50 4 p. l., 3-318 p. incl. front. 20½ cm .
432 843 161 43 “First
624 845 230 42 edition.”

359 913 52 53 ©
437 919 114 47 Apr.
580 920 67 48 17,
677 918 114 41 1936;
847 919 68 41 2c.
943 921 95 38 and
1066 920 83 40 aff.
1177 920 113 48 Apr.
1318 920 55 39 22;
1432 921 40 39 A
1499 919 146 42 93748;
1703 922 300 48 Doubleday,
2033 923 166 38 Doran
2228 922 37 40 &
2291 931 83 39 co.,

430 975 89 42 inc.
588 977 253 48 (36-8942)

361 1079 191 66 Guild,
583 1080 232 56 Lurelle
846 1081 130 54 Van
1007 1081 271 64 Arsdale,
1313 1088 171 49 1898-

434 1156 293 69 Designecl
771 1157 95 53 for
907 1157 205 70 living,
1153 1159 311 68 sponsored
1509 1158 61 53 in
1611 1160 96 52 the
1749 1159 237 54 interest
2027 1159 64 53 of
2134 1158 239 54 interior

363 1235 331 54 decoration
730 1236 75 67 by
843 1237 96 52 the
981 1234 281 55 Scranton
1303 1238 118 52 lace
1460 1254 298 52 company,
1799 1236 302 68 Scranton,
2140 1237 119 68 Pa.,
2297 1238 73 68 by

362 1314 228 53 Lurelle
627 1312 195 55 Guild.
904 1312 321 70 [Scranton,
1258 1321 18 21 c
1281 1318 134 49 1936]

434 1384 69 46 63,
538 1385 56 50 [1]
625 1396 45 37 p.
730 1387 88 40 col.
847 1386 129 40 illus.
1037 1386 56 39 24½cm.

435 1443 131 40 “The
595 1443 112 41 blue
737 1443 124 40 book
892 1443 52 40 of
974 1443 205 41 interior
1212 1445 324 40 decoration.”

359 1512 52 53 ©
444 1518 121 40 Mar.
598 1518 69 47 14,
701 1518 118 40 1936;
877 1518 68 40 2c.
979 1519 113 47 Apr.
1124 1520 52 46 1;
1213 1518 82 40 aff.
1330 1520 121 38 Mar.
1485 1519 82 47 31;
1602 1519 41 39 A
1673 1519 171 44 93484;
1884 1520 237 39 Scranton
2156 1521 104 38 lace
2293 1529 82 34 co.,

433 1575 254 41 Scranton.
761 1574 253 51 (36-9069)

361 1682 228 63 Hague.
667 1682 304 64 Academy
996 1683 65 52 of
1088 1682 424 54 international
1538 1682 130 55 law.

495 1759 1879 67 … Recueil des cours, t. 1, 1935. t. 51 de la collection.
361 1837 186 65 Paris,
571 1838 287 52 Librairie
884 1838 76 52 du
987 1838 231 54 Recueil
1246 1838 166 67 Sirey
1443 1841 172 64 [1936]

430 1911 681 48 715 p., 2 l. ports. 24 cm .
433 1967 1416 41 At head of title: Académie de droit international …
362 2035 2015 53 © Feb. 14, 1936; 1c. Apr. 18; A- Foreign 31441; Librairie du Recueil
438 2096 150 48 Sirey.

362 2200 265 66 Hallock,
654 2201 200 53 Frank
883 2201 266 64 Hudson,
1180 2202 172 55 1877-

432 2277 1886 71 The gifts of the Holy Ghost [by] F rank Hudson Hallock …
359 2358 140 53 New
534 2358 181 68 York,
748 2357 362 68 Milwaukee,
1143 2358 341 51 Morehouse
1516 2357 336 69 publishing
1886 2375 99 49 co.,
2022 2359 150 51 1936.

432 2434 64 46 ix,
530 2434 84 40 143
645 2443 44 38 p.
751 2432 55 41 19
808 2435 46 22 cm
859 2463 8 8 .

434 2490 352 49 Bibliography:
846 2500 43 38 p.
920 2489 218 42 140-143.

364 2557 53 54 ©
447 2563 121 39 Mar.
597 2561 70 48 30,
697 2561 142 47 1936;
869 2560 66 40 2c.
967 2562 96 39 and
1093 2560 82 40 aff.
1205 2561 113 48 Apr.
1349 2560 52 42 6;
1435 2561 40 37 A
1504 2559 171 44 92783;
1710 2561 288 39 Morehouse
2028 2560 108 48 pub.
2169 2570 67 30 co.

446 2618 253 48 (36-9060)

367 2723 288 65 Harding,
684 2723 249 55 Charles
959 2724 264 63 Francis,
1252 2728 172 50 1881-

434 2799 179 71 Legal
634 2800 115 53 and
772 2799 209 54 ethical
1005 2799 203 69 phases
1232 2798 64 54 of
1320 2798 388 70 engineering,
1727 2798 76 70 by
1829 2796 63 57 C.
1918 2797 242 55 Francis

365 2796 2013 153 Harding … and Donald T. Canfield … 1st ed. New York and
364 2957 260 72 London,
649 2957 436 55 McGraw-Hill
1111 2976 300 51 company,
1439 2957 127 69 inc.,
1596 2959 151 51 1936.

436 3032 103 49 xiii,
568 3033 87 40 432
684 3042 43 38 p.
789 3031 128 42 illus.
977 3031 57 41 23½cm.

437 3089 293 42 References
758 3092 51 38 at
837 3091 91 39 end
955 3090 52 39 of
1032 3093 125 37 most
1185 3090 52 40 of
1262 3091 83 40 the
1372 3090 240 47 chapters.

368 3160 52 53 ©
451 3165 114 47 Apr.
597 3164 39 47 8,
671 3163 140 47 1936;
846 3163 67 40 2c.
946 3164 113 47 Apr.
1094 3163 81 46 10;
1211 3162 82 41 aff.
1326 3163 114 48 Apr.
1474 3163 81 46 14;
1591 3163 40 38 A
1664 3161 171 45 93659;
1873 3162 353 41 McGraw-Hill
2260 3163 123 39 book

441 3233 81 36 co.,
553 3221 90 40 inc.
713 3219 251 50 (36-8932)

370 3325 357 64 Hellenthal,
756 3324 155 54 John
942 3324 305 61 Albertus,
1283 3326 170 53 1874-

441 3399 1940 69 The Alaskan melodrama, by J. A. Hellenthal … New York,
369 3480 306 69 Liveright
707 3478 336 71 publishing
1073 3478 364 69 corporation
1473 3511 13 35 [
1491 3485 18 21 c
1515 3481 152 65 1936]

441 3532 1515 72 xiii p., 1 l., 312 p. front., plates, fold, map, facsinl 21½cm.
370 3621 53 53 ©
446 3627 113 47 Apr.
588 3626 67 48 13,
684 3624 112 41 1936;
851 3625 67 40 2c.
944 3626 95 38 and
1066 3624 82 40 aff.
1175 3625 114 46 Apr.
1316 3624 54 40 17;
1427 3625 39 38 A
1493 3622 144 42 92970;
1694 3625 43 39 J.
1764 3625 55 40 A.
1847 3625 299 47 Hellenthal,
2173 3623 207 48 Juneau,

439 3683 197 39 Alaska.
711 3681 252 49 (36-8969)

372 3785 177 64 Hind,
576 3786 221 53 Harold
826 3788 60 55 C.

443 3863 121 52 The
617 3864 286 54 orchestra
957 3864 111 52 and
1119 3865 74 51 its
1244 3862 388 59 instruments,
1683 3861 139 54 with
1875 3862 231 66 preface
2157 3862 74 66 by
2286 3861 94 55 Sir

371 3943 202 64 Henry
595 3944 55 51 J.
675 3942 182 54 Wood
885 3942 106 51 and
1020 3940 363 54 “Orchestral
1411 3928 407 79 instruments”
1837 3940 72 66 by
1937 3940 207 52 Edwin
2170 3940 209 53 Evans.

374 4019 120 53 The
533 4037 257 48 compass
829 4019 111 52 and
981 4017 455 68 distinguishing
1474 4018 251 52 features
1764 4016 63 51 of
1864 4018 134 52 each
2037 4017 341 52 instrument
