2519 4377
1023 4075 131 47 1395

175 491 96 47 xvi,
298 490 84 40 726
406 500 42 38 p.
475 490 108 41 incl.
610 490 127 39 illus.
766 488 133 48 (incl.
926 489 164 49 plans)
1125 490 168 48 tables,
1318 490 167 39 forms,
1545 489 164 49 front.,
1728 490 170 48 plates,
1918 490 179 48 diagrs.

105 546 55 40 22½cm.

177 601 1919 49 “References” at end of each chapter except IV and XII, and at end
115 658 66 50 (p.
213 658 226 48 717-720)

105 729 53 52 ©
185 733 125 46 Sept.
337 733 68 38 15.
433 731 111 40 1936;
600 732 68 39 2c.
697 732 126 46 Sept.
849 730 82 46 23;
962 730 80 38 aff.
1074 730 127 47 Sept.
1229 729 81 46 22;
1341 730 40 39 A
1407 729 170 47 97946;
1608 730 50 43 F.
1690 730 44 40 S.
1764 729 165 41 Crofts
1954 730 39 40 &
2017 739 83 39 co.,

173 789 90 41 inc.
319 789 281 48 (36-21601)

103 895 256 63 Bugbee,
389 896 229 50 Emma.

175 966 1924 73 Peggy covers the news, by Emma Bugbee … with a foreword
105 1045 1971 149 by Helen Rogers Reid … New York, Dodd, Mead & company, 1936.
209 1198 813 50 x p., 2 l., 3-270 p. front. 21cm.
177 1257 286 39 Illustrated
491 1255 362 48 lining-papers.

103 1322 53 53 ©
184 1326 100 41 Oct.
313 1328 38 41 7.
379 1325 139 47 1936;
548 1326 66 40 2c.
645 1326 102 41 Oct.
776 1325 51 47 9;
859 1325 82 41 aff.
971 1325 101 40 Oct.
1101 1324 81 48 10;
1212 1325 40 39 A
1279 1324 171 41 98850:
1480 1325 155 48 Dodd,
1664 1325 143 40 Mead
1836 1326 35 40 &
1896 1335 83 39 co.,
2008 1326 91 40 inc.

182 1383 279 48 (36-21686)

103 1486 247 67 Ceillier,
376 1488 168 54 Rémi
570 1488 196 65 Louis,
796 1493 170 49 1883-

233 1564 1864 69 … Manuel pratique d’illusionnisme et de prestidigitation.
108 1678 87 33 [v.]
230 1648 46 50 2.
310 1646 191 51 Pièces
532 1645 66 51 de
629 1644 277 52 monnaie.
976 1644 225 65 Boules,
1233 1643 160 66 œufs,
1423 1644 305 52 muscades.
1797 1644 299 52 Foulards.

105 1723 225 54 Cordes.
422 1724 270 51 Montres.
787 1722 332 66 Cigarettes.
1213 1723 113 51 Dés
1383 1741 29 32 a
1472 1721 220 53 coudre.
1785 1722 154 51 Avec
2000 1725 98 48 166

101 1801 221 66 figures.
399 1802 182 64 Paris,
609 1803 204 64 Payot,
843 1802 148 51 1936.

170 1872 777 50 2 p. l., [7]-383 p. illus. 23cm.
170 1927 1449 51 At head of title: Rémi Ceillier (professeur Boscar) …
101 1997 53 53 ©
180 2001 114 47 July
319 2000 39 50 9,
413 2001 84 40 1936;
582 2010 36 31 1c.
646 2000 102 41 Oct.
774 2000 55 39 22;
884 1999 310 47 A-Foreign
1220 1998 170 47 33274;
1419 2000 168 46 Payot.

101 2105 175 65 Cobb,
305 2103 260 65 Carlisle,
595 2109 171 50 1886-

175 2180 201 55 Cobb’s
406 2180 185 67 digest
618 2179 65 53 of
712 2179 248 68 Georgia
989 2179 109 52 law
1128 2179 113 52 and
1269 2178 293 67 decisions,
1591 2177 333 56 workmen’s

104 2197 1971 130 compensation.
491 2259 256 66 [Athens.
779 2258 123 69 Ga.,
931 2257 242 53 Printed
1203 2258 74 67 by
1311 2258 95 52 the
1438 2257 320 69 McGregor
1790 2276 98 47 co.,
1918 2261 175 64 c1936]

172 2333 545 48 2 p. l., 104 p. 27cm.
175 2389 291 48 “Copyright
499 2390 88 48 [by]
625 2389 205 40 Carlisle
862 2388 171 41 Cobb.”

175 2446 175 40 “Table
380 2446 50 40 of
460 2456 134 30 cases
624 2444 246 49 digested”:
930 2456 43 37 p.
1002 2444 187 41 98-104.

101 2513 53 53 ©
184 2517 126 48 Sept.
337 2518 70 47 21,
433 2516 113 41 1936;
603 2517 67 40 2c.
700 2516 94 41 and
822 2516 81 40 aff.
936 2516 127 47 Sept.
1091 2516 82 47 24;
1203 2517 41 38 A
1271 2515 143 41 98634;
1474 2517 48 41 C,
1554 2517 143 47 Cobb,
1726 2517 199 43 Athens.
1956 2519 86 39 Ga.

180 2574 279 49 (36-21677)

100 2679 197 63 Colby,
324 2680 219 63 Joseph
569 2680 65 55 L.

169 2757 121 52 The
320 2756 304 52 American
659 2755 86 68 pit
777 2757 119 51 bull
929 2755 219 67 terrier,
1181 2757 73 66 by
1288 2757 215 66 Joseph
1536 2757 63 52 L.
1637 2756 210 67 Colby;
1884 2778 30 33 a

100 2774 1968 125 complete
287 2833 228 53 treatise
553 2852 73 34 on
664 2835 95 51 the
796 2833 168 53 breed
1004 2835 266 67 covering
1308 2835 96 52 the
1444 2834 179 52 entire
1660 2834 149 53 field.
1884 2835 210 54 Useful

101 2911 1933 69 and valuable to all owners of an American pit bull terrier …
102 2988 382 67 Sacramento,
525 2989 195 67 Calif.,
757 2991 120 52 The
916 2991 166 52 News
1119 2990 335 67 publishing
1493 3010 77 33 co.
1616 2995 192 62 [c1936]

169 3058 115 41 3-85
312 3070 57 37 p.,
399 3061 24 38 1
471 3091 8 8 l.
541 3059 128 42 illus.
729 3060 116 42 23cm.

101 3127 52 53 ©
180 3133 117 46 Aug.
326 3133 67 46 15,
421 3131 139 47 1936;
589 3133 67 39 2c.
686 3134 117 46 Aug.
832 3134 83 46 24;
946 3134 80 38 aff.
1055 3135 119 44 Aug.
1202 3133 82 43 22;
1312 3135 39 38 A
1380 3134 169 46 97536;
1581 3135 43 40 J.
1654 3136 50 39 L.
1732 3135 163 48 Colby,
169 3137 1909 100 Sacramento,
370 3190 142 40 Calif.
576 3190 279 49 (36-21588)

99 3292 233 65 Collins,
363 3294 252 54 William
643 3296 331 64 Anderson,
1007 3303 170 50 1865-

172 3369 237 67 Topical
453 3371 135 53 trial
631 3372 180 54 briefs
853 3374 111 52 and
1007 3374 229 52 manual
1281 3393 70 33 on
1395 3374 95 52 the
1534 3373 283 68 problems
1860 3372 63 52 of
100 3392 1971 107 procedure

321 3450 60 51 in
405 3447 132 55 civil
559 3451 164 51 trials;
778 3453 147 51 rules
948 3451 63 53 of
1033 3452 336 67 procedural
1394 3451 248 69 practice
1663 3452 317 68 governing
2002 3452 94 51 the

101 3529 187 49 courts
312 3526 60 53 in
400 3525 94 54 the
518 3527 135 55 trial
682 3528 64 53 of
772 3528 135 55 civil
938 3549 205 42 causes,
1172 3531 391 67 exhaustively
1592 3531 323 53 annotated.
1981 3531 115 51 For

100 3601 95 53 the
228 3603 175 52 bench
439 3606 112 51 and
584 3606 103 52 bar
721 3607 63 52 of
814 3608 312 69 Arkansas,
1160 3609 270 53 Missouri
1466 3610 112 52 and
1610 3610 201 67 Texas,
1842 3609 75 67 by

102 3608 1993 147 William A. Collins … St. Louis, Thomas law book company,
102 3760 149 51 1936.

170 3830 84 40 923
286 3842 43 37 p.
391 3833 117 40 24cm.

172 3886 71 40 On
270 3898 166 29 cover:
469 3889 123 41 Civil
621 3891 116 48 jury
765 3893 116 40 trial
910 3894 167 41 briefs.

95 3937 54 52 ©
177 3943 127 47 Sept.
332 3945 68 46 10,
429 3945 139 47 1936;
595 3948 68 40 2c.
693 3949 93 38 and
816 3950 81 41 aff.
931 3952 127 47 Sept,
1086 3954 82 46 14;
1199 3956 41 37 A
1269 3956 169 42 98364:
1470 3958 70 38 W.
1571 3957 53 39 A.
1655 3953 197 43 Collins.
1885 3952 210 49 Sedalia,

167 4000 90 39 Mo.
315 4001 279 50 (36-21679)
