2519 4377
0 0 0 0 111
147 540 85 40 218
262 550 43 38 p.
363 538 55 40 21
422 541 44 22 cm
470 570 10 9 .

73 606 51 53 ©
160 611 110 39 Dec.
307 610 40 47 2,
386 608 138 47 1934;
562 608 67 40 2c.
669 608 110 40 Feb.
817 608 68 46 18,
924 607 139 47 1936;
1104 606 79 41 aff.
1223 607 111 40 Feb.
1372 606 82 47 19;
1494 606 41 38 A
1572 605 171 45 91838;
1784 604 284 39 Zondervan

141 668 107 47 pub.
278 668 160 38 house.
504 665 251 49 (36—4840)

76 770 321 63 Guernsey,
429 768 248 55 Charles
703 768 250 53 Arthur.

143 857 308 67 Wyoming
496 856 225 68 cowboy
770 855 165 68 days;
987 873 68 34 an
1103 858 234 49 account
1384 851 62 53 of
1494 852 95 53 the
1635 850 325 68 experience
2007 849 63 53 of

77 934 231 55 Charles
349 933 220 54 Arthur
610 932 307 69 Guernsey,
956 933 59 53 in
1056 931 185 55 which
1280 931 69 55 he
1387 932 127 52 tells
1552 931 59 53 in
1651 928 88 54 his
1778 946 124 35 own
1944 945 125 52 way

75 1012 61 52 of
175 1012 94 53 the
310 1013 155 66 early
507 1010 310 54 territorial
860 1010 165 52 cattle
1070 1011 139 66 days
1252 1009 111 51 and
1406 1007 256 69 political
1705 1005 210 69 strifes,
1957 1005 111 54 and

75 1089 151 53 deals
270 1088 139 53 with
451 1107 171 49 many
665 1087 62 53 of
768 1088 94 54 the
905 1086 187 54 state’s
1136 1086 112 54 and
1292 1085 242 54 nation’s
1578 1085 222 52 famous
73 1083 1973 137 characters.
273 1166 120 53 The
428 1165 202 54 author
665 1164 233 55 releases
932 1163 372 54 information
1337 1161 319 55 heretofore
1690 1159 377 70 unpublished

76 1244 108 52 and
216 1245 60 51 in
309 1248 159 62 great
500 1259 248 36 measure
783 1240 283 54 unknown
1101 1246 197 62 except
1329 1245 57 47 to
1421 1239 247 68 himself,
1702 1238 110 54 and
1848 1240 128 51 tells
2011 1237 60 52 of

77 1321 330 53 discoveries
458 1319 62 52 of
572 1317 471 71 paleontological
1099 1321 175 64 value,
1326 1316 161 54 made
1538 1316 211 68 during
1798 1316 89 52 his
75 1317 1970 135 residence
285 1398 59 52 in
389 1397 93 53 the
528 1397 269 68 territory
841 1395 110 54 and
998 1401 160 62 state,
1204 1397 264 65 covering
1514 1412 28 34 a
1589 1393 195 70 period
1831 1393 61 52 of
1939 1411 131 35 over

75 1471 1972 228 half a century from 1880 to 1935. True to life, but not autobiographical. Romantic, but not fiction. Facts, but not history … New York, G. P. Putnam’s sons, 1930.
143 1725 30 28 x
205 1724 56 38 p.,
293 1714 25 39 1
372 1745 23 17 l.,
428 1713 176 40 13-288
634 1724 43 37 p.
736 1712 164 48 front.,
932 1713 143 48 illus.,
1109 1714 162 47 ports.,
1302 1713 217 41 facsims.
1579 1712 57 41 24
1638 1714 44 22 cm
1687 1744 9 9 .

73 1783 51 53 ©
160 1788 109 41 Feb.
304 1788 68 45 14,
408 1786 117 41 1936;
585 1787 67 40 2c.
690 1787 110 40 Feb.
837 1787 81 47 17;
957 1786 83 41 aff.
1076 1787 110 39 Feb.
1223 1787 81 46 15;
1342 1787 42 38 A
1417 1785 172 48 90787;
1628 1786 51 41 G.
1714 1786 55 41 A.
1807 1786 264 47 Guernsey,

142 1844 261 48 Guernsey,
431 1846 104 46 Wy.
599 1843 252 49 (36-4806)

75 1948 344 65 Hambloch,
452 1949 238 63 Ernest,
725 1953 170 49 1886-

145 2036 109 52 His
293 2034 248 70 Majesty
580 2035 95 54 the
717 2035 287 69 president
1044 2035 63 52 of
1148 2034 222 67 Brazil;
1416 2054 31 34 a
1490 2033 168 70 study
1702 2033 62 53 of
77 2033 1971 134 constitutional
289 2113 210 68 Brazil,
534 2113 74 68 by
643 2113 209 53 Ernest
887 2112 349 65 Hambloch;
1273 2112 138 52 with
1449 2115 66 48 20
1550 2111 375 54 illustrations
1961 2112 110 52 and

77 2210 30 32 a
136 2209 148 51 map.
359 2190 135 53 New
528 2190 178 70 York,
737 2190 67 53 E.
838 2192 64 52 P.
938 2190 221 53 Dutton
1191 2191 45 50 &
1269 2207 293 51 company,
1594 2191 105 52 inc.
1739 2224 13 35 [
1756 2197 18 21 c
1780 2192 131 49 1936
1917 2223 13 35 ]

148 2276 50 39 ix
225 2286 56 37 p.,
308 2276 23 39 1
379 2306 22 15 l.,
429 2275 84 39 252
539 2287 43 37 p.
641 2275 137 40 front.
820 2276 159 47 (map)
1016 2287 75 37 pl.,
1118 2277 147 46 ports.
1327 2276 54 39 22½
1414 2279 43 20 cm
1464 2308 8 8 .

146 2347 162 40 “First
340 2346 225 42 edition.”

74 2415 52 52 ©
158 2420 108 40 Feb.
300 2421 38 46 7,
372 2420 116 40 1936;
545 2420 67 40 2c.
646 2421 96 39 and
775 2420 82 40 aff.
891 2420 109 40 Feb.
1035 2420 52 46 8;
1122 2420 40 39 A
1194 2419 171 49 91669;
1402 2421 53 40 E.
1489 2421 51 40 P.
1574 2422 187 40 Dutton
1796 2422 36 40 &
1864 2432 82 37 co.,
1980 2421 92 42 inc.

153 2477 249 49 (36-4810)

77 2581 313 64 Hanscom,
420 2582 156 53 Otho
605 2582 188 54 Anne.

80 2669 1994 148 Parade of the pioneers, by Otho Anne Hanscom … illustrators, Kenneth Hunt [and] Rudolph Fuchs. Dallas, Tex.,
80 2828 1240 69 Tardy publishing company, inc. [ c 1935]
150 2917 64 44 xi,
240 2916 89 40 266
353 2926 43 38 p.
450 2916 164 47 front.,
642 2915 130 41 illus,
829 2915 54 40 20
885 2918 46 21 cm
936 2947 9 9 .

153 2974 129 39 “The
307 2973 124 39 book
457 2972 42 40 is
523 2972 143 49 given
693 2983 113 30 over
834 2975 48 38 to
910 2971 242 42 incidents
1179 2973 55 41 of
1260 2974 84 40 the
1372 2984 90 31 one
1490 2974 221 40 hundred
1741 2983 146 40 years
1914 2975 159 40 which

79 3031 79 39 the
191 3030 113 40 1936
338 3030 158 39 Texas
531 3029 275 41 centennial
841 3029 646 42 celebrates.”—Foreword.

425 3087 164 39 CONTENTS.—The
620 3086 135 40 older
790 3086 339 43 Texas.—The
1161 3096 160 31 newer
1357 3088 173 40 Texas.

78 3152 51 53 ©
160 3157 125 47 Sept.
313 3157 69 47 12,
411 3155 139 48 1935;
580 3156 68 41 2c.
677 3157 110 39 Jan.
814 3157 41 47 4,
885 3155 140 49 1936;
1055 3156 82 40 aff.
1167 3157 110 40 Jan.
1305 3157 53 47 3;
1389 3158 44 38 A
1458 3156 172 49 91000;
1660 3158 164 48 Tardy
1852 3158 109 48 pub.
1991 3167 84 39 co.,

145 3213 90 41 inc.
301 3213 249 49 (36-4906)

81 3316 230 62 Hawes,
342 3317 153 53 John
526 3317 340 58 Bromham,
901 3320 169 53 1877-

149 3406 120 52 The
306 3405 289 68 diagnosis
632 3407 113 52 and
780 3411 304 48 treatment
1119 3406 65 53 of
1220 3406 344 70 pulmonary
1599 3406 399 67 tuberculosis;
2043 3425 30 33 a

82 3482 301 54 handbook
421 3483 92 52 for
554 3484 429 68 practitioners;
1027 3503 31 34 a
1097 3484 295 53 text-book
1431 3484 94 53 for
1564 3484 274 70 students,
1877 3502 196 35 nurses

83 3562 1988 69 and social workers; by John B. Hawes, 2d … and Moses J.
85 3638 1987 72 Stone … with a foreword by Richard C. Cabot … illustrated
84 3715 136 54 with
252 3721 65 49 43
349 3718 358 69 engravings.
776 3719 425 68 Philadelphia,
1231 3720 114 52 Lea
1379 3719 45 50 &
1456 3720 261 69 Febiger,
1751 3721 150 52 1936.

147 3793 87 40 215
260 3805 42 36 p.
358 3794 142 43 illus.,
529 3794 151 47 diagr.
738 3794 59 40 20½
826 3797 44 21 cm
876 3827 7 7 .

146 3850 341 48 “Suggestions
509 3851 79 39 for
613 3852 394 46 supplementary
1028 3850 229 49 reading”
1282 3855 51 37 at
1355 3853 90 39 end
1470 3852 52 39 of
1543 3853 117 39 each
1684 3853 201 46 chapter
1907 3853 169 47 except

79 3907 147 40 three.

83 3971 51 53 ©
165 3978 108 39 Jan.
305 3979 39 40 7,
377 3977 116 41 1936;
552 3977 66 41 2c.
652 3979 95 39 and
781 3978 80 40 aff.
896 3979 110 40 Jan.
1037 3979 53 47 8;
1126 3979 40 39 A
1198 3977 170 49 91109;
1405 3979 94 40 Lea
1534 3979 36 41 &
1603 3977 217 50 Febigier.

164 4034 248 47 (36-4793)
