2519 4377
1304 4123 134 50 1238

364 432 88 52 De
478 432 180 66 Blois,
688 433 233 54 Austen
948 433 309 67 Kennedy,
1287 439 174 52 1866-

438 509 123 54 The
603 509 242 71 making
887 510 65 54 of
994 511 320 70 ministers;
1362 514 97 53 the
1504 514 202 54 drama
1751 514 64 54 of
1859 534 31 34 a
1935 516 211 54 decade
2191 520 59 49 at
2293 516 97 54 the

365 588 250 55 Eastern
645 589 238 69 Baptist
912 589 346 71 theological
1291 592 306 70 seminary,
1626 593 77 68 by
1732 594 223 53 Austen
1987 594 284 69 Kennedy
2302 596 88 54 De

368 667 191 70 Blois;
599 669 144 53 with
783 688 32 34 a
854 669 347 70 concluding
1238 670 238 70 chapter
1517 672 75 69 by
1631 673 199 69 Harry
1874 674 242 54 Watson
2157 676 231 54 Barras.

372 748 451 69 [Philadelphia]
858 750 123 52 The
1010 750 229 56 Judson
1266 769 177 50 press,
1475 755 153 51 1936.

438 821 604 51 6 p. l., 3-279 p. 20 cm .
366 890 53 54 ©
448 896 114 46 May
590 896 70 48 11,
690 894 116 41 1936;
863 894 69 43 2c.
962 896 97 39 and
1089 895 82 43 aff.
1201 897 121 47 Aug.
1355 897 29 40 8;
1434 897 44 41 A
1505 897 149 41 97318;
1710 897 190 40 Judson
1928 908 153 38 press.

447 952 285 52 (36-19216)

364 1058 343 68 Ellsworth,
733 1060 157 54 John
919 1061 309 67 Edwards,
1259 1067 175 50 1904-

438 1141 101 51 100
585 1157 193 49 years;
828 1139 98 54 the
974 1139 542 68 Ensign-Bickford
1564 1159 283 50 company
1895 1142 113 52 and
2057 1142 97 52 the
2201 1141 191 69 safety

365 1216 127 53 fuse
524 1215 272 70 industry
829 1218 61 52 in
920 1217 288 69 America,
1241 1219 77 67 by
1351 1219 39 54 J
1394 1219 114 52 ohn
1542 1220 68 53 E.
1647 1219 315 53 Ellsworth;
2030 1239 30 34 a
2093 1220 200 54 record
2328 1221 64 53 of

364 1314 104 36 one
491 1296 267 54 hundred
782 1315 165 49 years
974 1297 63 53 of
1062 1297 407 68 achievement,
1496 1301 327 51 1836-1936.
1906 1298 292 69 [Chicago,
2224 1301 68 53 R.
2320 1301 69 53 R.

363 1375 323 67 Donnelley
710 1379 47 50 &
778 1393 130 36 sons
934 1394 301 50 company,
1261 1379 153 65 1936]

504 1448 1378 50 xv, 155, [1] p. front., plates, ports., facsims. 27½ cm .
434 1506 294 39 Illustrated
764 1505 367 49 lining-papers.

435 1564 72 40 On
540 1572 143 32 cover
702 1575 9 29 :
746 1563 103 41 The
881 1563 446 50 Ensign-Bickford
1361 1564 292 40 centennial.

438 1622 268 41 Published
744 1623 108 39 also
887 1622 210 40 without
1138 1622 220 41 author’s
1396 1633 145 30 name
1578 1633 60 30 on
1678 1625 99 47 t.-p.
1816 1623 52 40 in
1907 1634 28 29 a
1976 1622 190 41 limited
2205 1623 186 42 edition

366 1680 53 42 of
455 1680 89 41 125
578 1678 177 50 copies.

433 1737 357 49 Bibliography
808 1749 9 30 :
850 1748 46 38 p.
931 1738 220 41 154-155.

365 1804 53 53 ©
452 1809 122 48 Aug.
609 1809 71 48 14,
717 1808 116 41 1936;
896 1808 70 41 2c.
1003 1808 98 40 and
1136 1808 83 41 aff.
1254 1809 123 48 Aug.
1413 1807 56 41 22;
1535 1809 41 39 A
1611 1807 146 42 97469;
1824 1808 446 49 Ensign-Bickford
2306 1819 82 37 co.,

440 1866 268 50 Simsbury,
737 1867 150 41 Conn.
954 1865 283 50 (36-19286)

364 1970 237 55 Florida
649 1972 205 68 digest,
903 1975 135 50 1846
1083 1977 59 48 to
1188 1972 160 67 date;
1399 1972 270 67 covering
1715 1971 241 54 Florida
2004 1977 223 63 reports
2276 1972 113 53 and

437 2050 216 55 Southern
751 2056 258 62 reporter
1035 2069 60 34 as
1117 2050 128 53 well
1271 2069 59 34 as
1356 2050 240 54 Florida
1620 2068 151 35 cases
1797 2049 238 55 decided
2059 2051 61 52 in
2143 2051 97 52 the
434 2050 1930 132 federal
598 2129 246 55 District
892 2130 114 52 and
1053 2128 223 57 Circuit
1318 2133 207 63 courts,
1570 2129 224 55 Circuit
1838 2134 162 49 court
2044 2129 64 53 of
2153 2129 235 68 appeals

436 2206 1948 70 and Supreme court of the United States … with current
434 2288 350 52 cumulative
825 2287 204 68 pocket
1070 2287 228 54 service,
1376 2287 228 52 volume
1641 2287 49 54 7.
1731 2287 288 53 Husband
2061 2288 114 53 and
434 2287 1958 146 wife-Kidnapping.
920 2365 83 56 St.
1042 2366 168 67 Paul,
1248 2364 204 69 Minn.,
1487 2368 162 53 West
1684 2365 340 69 publishing
2063 2384 78 35 co.
2188 2368 194 65 [c1936]

435 2440 101 48 viii,
569 2440 85 40 585
685 2450 44 38 p.
788 2439 119 41 26cm.

365 2493 53 54 ©
447 2498 121 48 Aug.
598 2496 72 50 19,
700 2496 117 41 1936;
874 2496 69 42 2c.
976 2497 129 47 Sept.
1136 2497 56 39 21;
1253 2496 84 41 aff.
1371 2497 128 47 Sept.
1531 2497 56 40 17;
1648 2497 41 39 A
1718 2495 147 42 98537;
1928 2497 138 40 West
2092 2496 111 48 pub.
2233 2506 70 32 co.

367 2618 257 64 Gooden,
649 2617 238 54 Arthur
911 2618 227 64 Henry.

438 2694 1948 70 Smoke Tree range [by] Arthur Henry Gooden. New York,
366 2776 77 53 H.
473 2775 63 56 C.
564 2774 224 69 Kinsey
812 2778 46 51 &
884 2791 300 52 company,
1212 2774 127 67 inc.,
1370 2778 151 50 1936.

436 2847 572 51 4 p. l., 280 p. 19½ cm .
360 2903 54 53 ©
438 2908 129 47 Sept.
592 2908 69 47 17,
686 2906 141 48 1936;
853 2906 69 42 2c.
945 2906 96 40 and
1064 2905 82 42 aff.
1175 2907 128 47 Sept.
1329 2906 83 47 18;
1438 2905 41 40 A
1502 2905 172 48 97868;
1701 2906 54 40 A.
1781 2906 60 40 H.
1869 2905 210 48 Gooden,
2104 2904 282 51 Alhambra,

439 2965 146 41 Calif.
653 2963 284 50 (36-19261)

366 3068 246 65 Graves,
638 3067 258 55 William
922 3067 251 64 Brooke,
1203 3072 173 51 1899-

368 3141 1993 150 American state government, by W. Brooke Graves … Boston, New York [etc.] D. C. Heath and company [c1936]
436 3293 1950 52 3 p. l., v-xiii, 829 p. illus., tables (part fold.) diagrs. 22½ cm . (On
368 3363 163 33 cover:
556 3353 227 42 Political
810 3353 186 42 science
1022 3353 177 50 series)

439 3409 251 43 “Selected
718 3410 303 42 references”
1047 3415 52 38 at
1122 3412 91 40 end
1241 3410 53 41 of
1317 3412 127 39 most
1466 3409 54 42 of
1541 3410 81 42 the
1647 3410 242 47 chapters.

369 3466 54 53 ©
460 3471 121 46 Aug.
621 3471 70 48 13,
731 3469 143 49 1936;
913 3470 69 40 2c.
1026 3470 130 47 Sept.
1195 3471 53 46 8;
1292 3470 82 40 aff.
1419 3470 128 47 Sept.
1585 3468 53 49 9;
1679 3470 41 39 A
1760 3469 172 47 97725;
1975 3470 73 41 W.
2087 3470 55 38 B.
2184 3469 200 48 Graves,

436 3527 359 50 Philadelphia.
865 3526 284 52 (36-19379)

364 3631 327 68 Greenlaw,
718 3633 208 53 Edwin
953 3631 288 67 Almiron,
1270 3633 329 67 1874-1931,
1626 3633 83 51 ed.

362 3708 2021 226 Literature and life. book 2. Rev. ed. By Dudley Miles … Clarence Stratton … Robert C. Pooley … and Edwin Greenlaw … Chicago, Atlanta [etc.] Scott, Foresman and company
369 3948 193 64 [c1936]

434 4013 1602 54 X, 694 p. col. front., illus. 23 cm . (Life-reading service)
