2519 4377
0 0 0 0 1815
51 452 236 67 [Tillett,
314 453 138 51 Mrs.
478 449 272 61 Dorothy
780 445 475 68 (Stockbridge)]
1292 450 169 49 1896-

212 518 1829 73 … The bell in the fog … Garden City, N. Y., Pub. for the
50 608 188 55 Crime
275 606 146 64 club,
456 605 124 63 inc.,
615 603 74 67 by
723 602 259 54 Doubled
992 620 86 48 ay,
1113 602 196 52 Doran
1347 603 43 49 &
1425 616 97 48 co.,
1557 596 125 66 inc.,
1720 599 148 51 1936.

121 662 1086 65 4 p. l., vii-xiii, [2] 273 p. illus. 19 ½ cm.
121 735 229 41 Author’s
377 733 178 49 pseud.,
585 732 127 40 John
745 731 209 47 Stephen
987 730 219 46 Strange,
1235 730 53 37 at
1315 726 125 41 head
1468 726 52 40 of
1547 723 122 43 title.

122 792 162 40 “First
314 790 224 40 edition.”

51 847 53 54 ©
134 850 101 40 Oct.
265 848 69 43 23,
365 846 139 41 1936:
537 847 66 36 2c.
682 856 70 27 Nov.
783 844 52 40 3:
869 843 80 39 aff.
1089 874 7 8 Nov.
1128 841 55 38 25;
1246 842 38 38 A
1319 839 198 47 101144;
1553 837 296 46 Donbleday,
1888 839 157 36 Doran

123 907 35 39 &
183 917 81 33 co.,
292 905 88 38 inc.
447 901 280 49 (30-35053)

50 990 237 62 Tresch,
314 987 282 54 Mathias.

124 1068 206 54 Contes
362 1071 52 46 et
449 1064 285 52 nouvelles
767 1064 66 50 de
868 1063 129 50 chez
1029 1080 155 34 nous,
1222 1078 102 48 par
1356 1058 252 53 Mathias
1640 1059 237 54 Tresch:
1918 1077 130 34 avec

54 1137 1997 73 bois gravés et compositions par Morin-Jean … Luxembourg,
54 1220 394 68 Luja-Beffort
502 1223 175 62 [c1935]

125 1289 838 51 1 V. illus., plates. 23 ½ × 18cm.
55 1343 1978 111 © Dec. 20, 1935: 1c. Jan. 8. 1936: A- Foreign 30201; M. Tresch, Luxembourg, Grand Duché du Luxembourg. (30-17272)
55 1499 244 62 Turner,
329 1495 154 56 Clair
511 1495 284 62 Elsmere,
825 1499 170 50 1890-

119 1569 1933 152 … The Joy family, by C. E. Turner … Alice L. Beckwith … [and]
355 1648 1699 69 Nell Josephine Morgan … illustrations by C. E. B.
64 1731 271 54 Bernard.
412 1731 232 52 Boston,
674 1729 137 52 New
843 1728 161 52 York
1038 1733 137 61 [etc.]
1211 1728 69 52 D.
1315 1726 61 55 C.
1408 1728 194 51 Heath
1634 1727 111 53 and
1777 1744 280 50 company

63 1812 192 64 [c1936]

130 1877 100 47 viii,
267 1876 87 42 130
388 1888 42 37 p.
492 1876 126 40 illus.
649 1875 136 49 (part
822 1875 111 48 col.)
976 1875 87 40 col.
1099 1887 62 38 pl.
1222 1875 116 40 19cm.
1412 1874 220 47 (Malden
1667 1876 168 40 health
1871 1876 176 48 series)

61 1932 1997 55 © June 26, 1936; 2c. Aug. 10: aff. Aug. 8 ; A 96821; D. C. Heath & co.
143 1992 279 49 (36-35022)

62 2069 222 62 Vercel,
309 2069 214 63 Roger,
553 2073 169 50 1894-

135 2146 261 67 Salvage,
437 2146 73 66 by
550 2147 191 65 Roger
783 2144 214 53 Yercek
1075 2145 137 52 New
1254 2144 162 53 York
1456 2145 112 52 and
1609 2145 257 67 London,
64 2146 1973 145 Harper
188 2228 45 51 &
256 2224 276 67 brothers,
560 2226 150 51 1936.

134 2297 26 40 3
190 2308 44 38 p.
296 2317 15 35 l.,
336 2296 86 41 311
451 2307 42 38 p.
551 2295 117 42 21cm.

137 2354 318 40 “Translated
485 2353 125 40 from
643 2353 83 40 the
757 2351 185 40 French
977 2351 323 49 ‘Remorques’
1332 2352 60 47 by
1423 2353 173 40 Warre
1627 2353 211 49 Bradley
1870 2354 192 40 Wells.”

137 2412 196 39 London
363 2409 180 42 edition
584 2410 204 49 (Chatto
818 2410 36 39 &
880 2408 231 48 Windus)
1148 2408 91 40 has
1269 2407 136 42 title:
1433 2408 253 49 Tug-boat.

138 2469 161 39 “First
330 2466 225 42 edition.”

67 2523 53 53 ©
150 2528 109 37 Dec.
289 2525 41 44 4,
359 2523 115 41 1936;
532 2522 66 40 2c.
631 2525 111 38 Dec.
773 2522 26 39 4
817 2533 9 30 :
861 2523 81 39 aff.
971 2524 111 38 Dec.
1114 2522 25 38 7
1158 2533 8 29 :
1199 2523 40 38 A
1271 2520 172 41 101183;
1507 2523 194 47 Harper
1733 2523 35 40 &
1801 2523 124 41 bros.

148 2580 279 48 (36-35047)

71 2656 271 64 Walpole,
367 2657 246 64 Horace,
640 2656 117 52 earl
784 2657 63 65 of
873 2656 237 65 Orford.
1138 2655 324 55 1717-1797.

140 2734 120 52 The
302 2732 253 53 Duchess
598 2731 65 54 of
705 2731 327 54 Portland’s
1074 2750 271 47 museum,
1387 2732 76 67 by
1505 2733 226 52 Horace
1773 2734 292 68 Walpole;

75 2811 134 53 with
237 2829 71 35 an
336 2809 389 53 introduction
753 2810 74 65 by
852 2810 87 52 W.
972 2808 56 55 S.
1056 2809 199 53 Lewis.
1318 2810 139 51 New
1485 2810 180 66 York,
1692 2811 121 54 The
1841 2812 228 55 Grolier

71 2889 145 60 club,
249 2891 150 51 1936.

143 2961 99 41 viii.
275 2961 56 40 15
362 2972 57 37 p.,
453 2961 23 39 1
532 2993 8 7 l.
574 2961 110 40 incl.
718 2972 60 36 pl.
840 2961 56 39 26cm.
1029 2961 300 47 (Half-title:
1363 2961 371 42 Miscellaneous
1768 2964 287 48 antiquities.

75 3030 70 29 no.
181 3018 79 48 11)

145 3074 157 39 “Four
331 3073 220 39 hundred
583 3073 96 39 and
707 3072 112 47 fifty
849 3072 158 47 copies
1039 3083 125 30 were
1195 3072 192 48 printed
1415 3073 79 40 for
1525 3074 82 40 the
1638 3075 236 41 members
1906 3076 52 40 of
1989 3078 82 39 the

76 3128 1603 50 Grolier club by Edmund Burke Thompson … Windham, Ct.”
146 3187 70 37 An
246 3186 204 39 account
480 3184 51 40 of
561 3185 81 40 the
672 3184 218 40 Duchess
919 3185 94 38 and
1045 3184 86 40 her
1162 3184 292 48 collections,
1485 3185 161 41 bound
1678 3187 101 41 into
1812 3189 260 48 Walpole’s

76 3252 118 37 copy
226 3240 52 41 of
314 3240 81 41 the
431 3240 127 40 sales
595 3240 253 46 catalogue
885 3238 253 49 published
1177 3240 60 48 by
1276 3240 207 41 Skinner
1520 3243 94 39 and
1652 3253 81 38 co.,
1771 3243 212 50 London,
2022 3245 48 40 in

81 3297 121 40 1785.
233 3297 152 39 under
414 3296 107 41 title
540 3309 8 28 :
579 3296 39 39 A
647 3296 255 47 catalogue
931 3295 50 39 of
1011 3296 81 39 the
1123 3296 235 40 Portland
1386 3308 232 37 museum,
1648 3300 152 48 lately
1827 3302 83 39 the
78 3311 1979 88 property
215 3352 50 40 of
297 3353 81 39 the
407 3351 219 41 Duchess
659 3351 238 48 Dowager
928 3350 51 41 of
1011 3351 233 40 Portland
1279 3353 76 48 [by
1385 3353 42 40 J.
1463 3353 266 50 Lightfoot]
1792 3357 60 47 cf.
1887 3358 185 40 Introd.

78 3410 90 38 and
205 3409 122 39 Brit.
364 3409 122 38 Mus.
519 3407 279 48 Catalogue.

79 3461 51 53 ©
169 3466 127 38 June
334 3463 68 48 12,
442 3463 139 41 1936:
625 3466 66 37 2c.
736 3464 124 37 June
902 3462 79 41 15;
1026 3463 81 40 aff.
1150 3464 112 46 July
1305 3464 52 46 3;
1401 3466 38 38 A
1481 3465 171 48 95924;
1700 3469 69 38 W.
1816 3471 42 35 S.
1903 3470 169 45 Lewis,

151 3520 310 47 Farmington,
513 3520 146 40 Conn.
725 3518 275 51 [Copyright
1037 3519 41 39 is
1112 3519 203 41 claimed
1351 3531 57 29 on
1444 3521 344 52 introduction,

159 3578 279 41 (36-34821)

83 3653 253 65 Watkin,
364 3652 252 54 William
644 3653 197 63 Ward,
871 3657 170 51 1886-

149 3730 1924 66 The church of tomorrow, by William Ward Watkin … New
88 3807 155 53 York
267 3808 110 52 and
402 3807 257 63 London,
682 3808 231 64 Harper
938 3810 44 50 &
1007 3807 274 67 brothers,
1310 3812 148 50 1936.

152 3875 908 50 xii p., 1 l., 194 p. plates. 20½cm.
155 3932 160 40 “First
350 3931 224 42 edition.”

85 3986 1853 57 © Dec. 1, 1936; 2c. Nov. 30: aff. Dec. 3: A 100780; Harper & bros.
164 4045 278 51 (36-35035)
