2519 4377
1035 4109 62 48 89

77 468 236 65 Alonso,
341 466 277 64 Antonio,
648 467 85 53 ed.

205 537 1865 72 … Antologla de ensayos espanoles; notes and vocabulary by
76 613 1996 70 Antonio Alonso … with a critical introduction by Federico de
77 696 155 54 Onis.
308 696 230 67 Boston,
583 695 135 54 New
769 694 161 52 York
1000 701 119 60 [etc.]
1170 693 69 51 D.
1290 692 61 55 C.
1397 693 192 52 Heath
1636 691 112 54 and
1794 708 277 52 company

80 776 190 66 [c1936]

142 844 28 38 2
209 855 43 37 p.
331 875 9 16 l.,
384 843 185 48 iii-xxi,
613 842 86 41 325
742 854 42 37 p.
845 843 128 40 illus.
1002 842 198 49 (ports.)
1268 843 55 40 17
1326 845 44 21 cm
1375 875 8 7 .
1455 842 228 49 (Heath’s
1728 843 199 39 modern
74 845 1980 103 language
255 899 173 48 series)

143 957 277 41 Half-title:
454 957 380 47 Contemporary
867 954 209 51 Spanish
1107 956 144 41 texts.

144 1013 380 49 “Bibliografia”:
590 1026 42 37 p.
668 1013 221 41 xiii-xxi.

72 1070 50 53 ©
156 1074 109 40 Feb.
300 1075 39 47 3,
374 1073 140 48 1936;
549 1073 66 40 2c.
647 1075 97 38 and
779 1073 82 40 aff.
897 1073 111 40 Feb.
1044 1074 52 45 7;
1132 1073 42 38 A
1208 1073 170 47 91643;
1416 1073 55 40 A.
1505 1073 195 47 Alonso,
1736 1073 335 47 Washington.

143 1131 282 49 [Copyright
449 1131 41 40 is
519 1131 206 40 claimed
752 1141 60 28 on
841 1129 215 48 Preface,
1084 1131 138 38 notes
1250 1131 94 38 and
1375 1130 310 48 vocabulary]

146 1187 249 49 (36-4339)

74 1287 241 69 Amicis,
347 1291 306 52 Edmondo
682 1290 87 64 de,
803 1293 324 50 1846-1908.

204 1364 1866 72 … Cuore, by Edmondo de Amicis, edited to fit the interests
78 1444 110 52 and
237 1444 245 54 abilities
530 1444 63 54 of
640 1461 194 53 young
880 1444 243 68 readers,
1169 1444 75 68 by
1291 1444 256 53 Edward
1593 1443 64 53 L.
1707 1442 361 66 Thorndike;

77 1522 321 54 illustrated
438 1523 75 68 by
552 1523 132 52 Neil
726 1521 287 57 O’Keeffe.
1089 1522 139 53 New
1271 1522 180 67 York,
1490 1522 72 52 D.
74 1521 1971 150 Appleton-Century
236 1619 296 51 company,
560 1600 403 70 incorporated
997 1634 13 35 [
1015 1607 18 22 c
1037 1603 153 65 1936]

141 1675 26 40 5
196 1686 44 38 p.
306 1706 8 16 l.,
343 1673 144 41 3-171
515 1686 45 38 p.
592 1675 110 41 incl.
732 1676 164 47 front.,
928 1675 128 41 illus.
1115 1675 56 40 19½
1204 1677 42 21 cm
1251 1706 9 10 .
1330 1676 124 48 (The
1484 1674 278 42 Thorndike
1792 1675 212 49 library)

145 1731 1924 52 With Buskin, John. The king of the Golden river … New York
77 1808 10 31 [
90 1790 18 22 c
110 1788 128 54 1936]

145 1845 275 42 “Student’s
449 1846 229 43 edition.”

71 1900 51 52 ©
150 1904 109 40 Feb.
288 1905 40 46 3,
356 1903 140 48 1936;
526 1905 67 40 2c.
624 1906 111 39 Feb.
765 1906 52 46 5;
849 1905 82 40 aff.
962 1905 109 40 Feb.
1102 1905 52 47 6;
1185 1905 40 39 A
1254 1904 170 47 90628;
1458 1905 212 39 Edward
1697 1905 51 40 L.
1776 1904 294 47 Thorndike,

138 1962 119 39 New
280 1962 144 40 York.
481 1962 283 48 [Copyright
789 1962 40 40 is
857 1961 202 41 claimed
1088 1973 61 28 on
1175 1960 187 49 editing
1386 1963 94 38 and
1508 1962 345 49 illustrations]

148 2018 250 48 (36-4317)

73 2105 203 67 Appel,
307 2107 262 53 Herman
600 2106 229 65 Milton,
862 2112 172 50 1892-

140 2184 122 52 The
294 2183 261 54 farmer’s
589 2184 300 67 daughter,
920 2184 75 66 by
1027 2185 77 53 H.
1137 2185 79 53 M.
1249 2183 211 68 Appel.
1528 2185 139 55 New
1701 2183 181 67 York,
76 2183 1969 132 Godwin
218 2296 12 33 [
236 2268 18 22 c
259 2266 150 63 1936]

140 2334 86 41 279
252 2345 31 38 p.
356 2333 102 40 19cm

71 2387 51 53 ©
151 2392 108 40 Feb.
293 2392 40 48 3,
366 2391 140 48 1936;
540 2392 67 40 2c.
641 2392 112 40 Feb.
786 2392 82 40 17:
903 2391 81 41 aff.
1019 2392 110 40 Feb.
1162 2392 52 46 6;
1250 2392 41 39 A
1323 2391 169 48 91790;
1530 2390 216 49 Godwin,
1780 2392 290 48 publishers.

147 2448 249 48 (36-4302)

134 2535 1932 70 … Arkansas and Oklahoma poets; with forewords by Rosa
141 2614 253 68 Zagnoni
425 2613 292 54 Marinoni
749 2614 112 52 and
893 2614 154 52 Hala
1079 2614 149 54 Jean
1256 2613 360 67 Hammond;
1650 2612 189 55 edited
1869 2614 76 68 by
1973 2613 96 53 the

141 2691 1798 63 house of Henry Harrison, publisher. New York [ c 1935]
141 2764 55 41 96
221 2777 44 37 p.
324 2763 56 39 22½
413 2767 43 20 cm
461 2796 8 8 .

141 2821 63 40 At
231 2822 125 40 head
383 2822 50 40 of
459 2821 135 41 title:
624 2822 75 39 An
726 2823 264 48 anthology
1017 2822 52 41 of
1092 2821 58 41 29
1177 2823 424 48 contemporaries.

65 2874 50 54 ©
136 2880 111 40 Dec.
269 2880 69 48 31,
363 2878 139 49 1935;
527 2879 67 42 2c.
618 2880 110 41 Jan.
751 2880 70 48 22,
845 2879 140 49 1936;
1011 2880 82 41 aff.
1118 2881 109 41 Jan.
1251 2879 82 49 23;
1360 2881 42 39 A
1423 2880 170 48 90658;
1621 2881 138 40 Henry
1812 2881 257 50 Harrison,

138 2938 115 39 New
280 2938 144 39 York.
489 2938 251 47 (36-4325)

73 3021 277 69 Becquer,
385 3025 267 54 Gustavo
683 3026 234 61 Adolfo,
952 3026 324 54 1836-1870.

73 3100 1973 147 Short stories and poems of Becquer; edited with introduction, notes, and vocabulary by William Samuel Hendrix …
74 3254 135 54 New
238 3255 178 69 York,
442 3256 122 53 The
590 3255 335 54 Macmillan
952 3275 296 51 company,
1278 3259 150 51 1936.

73 3329 1977 106 xxiv, 171 p. front. (port.) 18 cm . (Half-title: The Macmillan Hispanic series)
144 3441 345 51 Bibliography:
546 3455 43 37 p.
617 3444 254 40 xviii-xix.

72 3494 50 54 ©
150 3500 109 40 Feb.
286 3501 41 48 4,
356 3501 139 41 1936:
526 3502 67 39 2c.
623 3503 94 38 and
748 3502 80 39 aff.
861 3502 109 40 Feb.
999 3502 53 47 5;
1083 3502 42 39 A
1152 3502 170 47 91628;
1356 3502 281 40 Macmillan
1665 3513 67 29 co.

149 3557 248 48 (36-4337)

75 3644 193 67 Boyle,
295 3646 151 65 Kay,
475 3652 173 50 1903-

140 3721 120 54 The
307 3722 171 53 white
523 3722 191 54 horses
764 3723 62 52 of
874 3722 222 55 Vienna
1148 3722 112 54 and
1310 3723 160 54 other
1520 3723 196 54 stories
1786 3722 92 69 [by]
1932 3722 131 69 Kay

74 3795 190 68 Boyle.
337 3798 138 54 New
514 3799 178 67 York,
729 3800 307 68 Harcourt,
1074 3800 180 54 Brace
1293 3800 112 52 and
1443 3817 275 52 company
1762 3802 192 66 [c1936]

144 3868 26 39 6
196 3879 44 37 p.
303 3901 9 16 l.,
342 3870 144 40 3-355
513 3881 43 37 p.
616 3870 56 40 19
676 3873 43 21 cm
724 3901 9 9 .

143 3924 159 41 “First
338 3926 225 40 edition.”

75 3978 49 52 ©
152 3984 108 40 Feb.
291 3985 39 47 6,
360 3984 117 41 1936;
532 3986 66 40 2c.
628 3988 96 38 and
755 3986 82 41 aff.
868 3986 109 41 Feb.
1009 3988 81 46 11;
1121 3988 41 38 A
1192 3987 170 47 90731;
1396 3988 109 48 Kay
1536 3989 149 47 Boyle
1714 3987 124 49 Vail,
1874 3990 192 47 Seaton,

140 4040 178 52 Devon,
353 4044 235 46 England.
663 4042 250 50 (36-4033)
