2519 4377
1105 4053 133 50 1559

189 490 148 54 tions
376 491 72 66 by
487 491 249 52 Thomas
775 492 270 65 Fogarty.
1124 488 268 68 Chicago,
1434 488 114 54 San
1589 489 301 53 Francisco
1936 496 138 61 [etc.]
2120 492 60 50 C.

192 567 309 56 Scribner’s
525 585 127 35 sons
682 602 13 33 [
701 574 17 22 c
724 571 133 50 1936]

259 655 26 37 2
314 664 41 31 V.
412 653 127 40 illus.
598 652 56 41 20
655 656 46 21 cm
707 686 7 8 .

260 724 234 41 Contains
528 723 392 48 bibliographies.

189 790 53 54 ©
267 794 101 41 Oct.
395 794 67 46 19,
487 793 140 43 1936;
654 794 68 39 2c.
747 792 115 40 each
890 794 117 41 Nov.
1034 793 80 41 13;
1142 793 107 40 affs.
1276 794 116 39 Nov.
1421 793 52 38 17;
1530 794 37 38 A
1594 792 157 49 99909,
1778 791 171 49 99910;
1981 793 202 41 Charles

262 850 264 41 Scribner's
554 860 126 30 sons.

186 955 250 64 Grande,
464 953 276 57 Richard.

258 1073 55 9 ...
343 1030 118 53 Der
487 1027 542 69 menschenfreund;
1060 1047 214 35 roman.
1339 1028 217 69 Berlin,
1588 1027 56 57 S.
1674 1029 251 68 Fischer,
1958 1032 151 51 1936.

251 1107 850 52 4 p. l., 11-488, [1] p., 1 l. 21 ½cm .
189 1175 1992 53 © Apr. 2, 1930; 1c. July 17; A-Foreign 32540; S. Fischer verlag, a.-g.
267 1235 279 50 (36-29021)

187 1341 225 63 Hagen,
439 1340 191 53 Oskar
654 1340 197 52 Frank
876 1340 285 63 Leonard,
1191 1346 170 49 1888-

262 1460 55 10 ...
355 1420 266 50 Patterns
651 1417 112 53 and
797 1417 308 68 principles
1138 1417 62 54 of
1235 1417 247 68 Spanish
1520 1425 105 60 art,
1659 1420 72 65 by
1766 1419 187 55 Oskar
1987 1420 195 52 Frank

187 1495 257 53 Leonard
476 1496 207 66 Hagen
720 1538 56 9 ...
810 1495 139 52 with
981 1495 390 55 one-hundred
1405 1496 197 67 plates.
1678 1496 283 68 Madison,
1998 1501 146 49 1936.

258 1566 1925 51 xxii p., 1 l., 232 p. plates. 24½ cm . (University of Wisconsin studios
187 1626 47 39 in
266 1626 238 47 language
535 1625 95 40 and
662 1624 271 42 literature,
992 1635 76 32 no.
1099 1624 82 47 38)

259 1695 205 42 “Covers
501 1727 46 8 ...
590 1694 210 49 Spanish
836 1696 79 38 art
950 1695 122 39 from
1114 1694 83 41 the
1230 1697 159 37 Moors
1428 1697 47 37 to
1513 1695 261 40 Francisco
1812 1696 370 47 Goya.”—Pref.

257 1751 376 48 “Bibliography
667 1751 52 40 of
754 1751 206 48 Spanish
996 1751 228 40 treatises
1257 1762 61 29 on
1352 1752 105 38 art”;
1526 1753 245 46 foot-note,
1805 1763 43 37 p.
1883 1751 99 42 xxi.

187 1818 52 53 ©
266 1823 127 39 June
417 1822 69 47 27,
514 1821 140 48 1930;
684 1821 65 39 2c.
778 1821 93 39 and
899 1821 81 40 aff.
1010 1821 114 47 July
1153 1821 52 47 6;
1237 1823 37 37 A
1302 1820 172 49 95939;
1505 1820 282 49 University
1815 1822 53 39 of
1895 1821 286 45 Wisconsin,

258 1878 235 45 Madison,
516 1879 116 40 Wis.
696 1876 281 50 (36-28010)

186 1985 227 61 Hanna,
441 1984 195 51 Frank
664 1983 69 53 A.

260 2104 54 9 ...
357 2060 321 54 Wisconsin
716 2060 212 67 during
963 2060 94 51 the
1095 2060 352 67 depression;
1490 2060 305 53 industrial
1835 2062 193 51 trends
2068 2063 110 51 and

186 2146 95 45 tax
314 2139 260 65 burdens,
603 2138 75 67 by
707 2138 197 52 Frank
930 2139 71 52 A.
1032 2138 212 52 Hanna
1280 2181 54 8 ...
1414 2139 282 65 Madison,
1731 2142 147 50 1936.

186 2209 1978 99 57 p . diagrs. 23 cm . (Bulletin of the University of Wisconsin. Bureau of business
668 2266 1109 44 and economic research. Bulletin no. 5 )
184 2335 53 53 ©
261 2341 117 37 Aug.
406 2339 66 44 11,
497 2337 116 40 1930;
665 2337 68 42 2c.
758 2337 96 40 and
880 2337 81 42 aff.
987 2339 118 39 Aug.
1133 2337 54 39 17;
1241 2339 39 38 A
1305 2336 171 49 96943;
1509 2337 279 40 Universitv
1815 2339 52 38 of
1894 2339 285 44 Wisconsin.

256 2396 235 41 Madison.
555 2394 282 50 (36-28119)

183 2500 208 63 Hedin,
420 2501 153 53 Sven
601 2500 251 62 Anders,
883 2504 171 50 1865-

259 2621 55 9 ...
346 2577 108 53 Die
481 2577 174 52 flucht
685 2576 96 53 des
808 2576 245 55 Grossen
1082 2577 269 65 Pferdes;
1384 2576 104 53 mit
1519 2579 96 50 HT
1648 2576 385 69 abbildungen
2061 2579 115 51 und

186 2660 25 47 1
237 2655 176 54 karte.
488 2654 258 67 Leipzig,
773 2656 62 51 F.
864 2656 68 51 A.
962 2654 352 67 Brockhaus,
1342 2657 148 50 1935.

254 2726 1925 50 262 p., 1 l. front., illus. (incl. facsim.) plates, ports., fold. map. 23 ½cm .
253 2785 63 38 At
347 2784 125 39 head
504 2783 52 40 of
586 2783 109 40 title;
760 2784 124 41 Sven
917 2783 174 41 Hedin.

184 2851 1994 54 © Nov. 19, 1935; 1c. Apr. 27, 1936; A-Foreign 31542; F. A. Brockhaus.
262 2911 280 50 (36-28750)

180 3015 355 63 Heidelberg
565 3016 111 52 and
709 3016 94 52 the
834 3014 359 55 universities
1224 3015 62 52 of
1316 3016 280 53 America.
1672 3017 138 52 New
1846 3016 179 60 York,
2056 3017 119 52 The

251 3092 221 70 Viking
503 3109 175 52 press,
709 3095 152 52 1936.

253 3164 381 51 V, 61 p. 24 cm .
253 3222 191 41 Letters
469 3222 126 40 from
623 3222 82 41 the
729 3222 198 40 London
948 3221 163 41 Times
1134 3222 94 40 and
1253 3223 319 47 explanatory
1599 3221 197 42 articles
1822 3222 127 41 from
1976 3222 198 42 Nature,

185 3279 244 49 reprinted
455 3280 49 40 in
532 3280 142 39 order
701 3280 110 40 that
837 3278 283 41 Americans
1145 3288 111 39 may
1282 3278 142 40 know
1452 3279 81 40 the
1561 3279 212 48 grounds
1801 3278 51 41 of
1880 3280 82 40 the
1991 3280 182 41 refusal

183 3335 53 42 of
271 3336 202 48 English
510 3335 313 42 universities
860 3338 48 38 to
943 3335 292 49 participate
1272 3336 50 40 in
1358 3337 82 39 the
1476 3335 142 41 550th
1654 3335 320 49 anniversary
2010 3336 51 41 of
2096 3338 80 39 the

186 3392 278 49 University
491 3393 53 40 of
571 3392 293 49 Heidelberg.
936 3393 63 49 cf.
1029 3394 357 47 Introductory,
1417 3392 167 49 signed;
1643 3393 203 41 Charles
1877 3392 49 43 C.
1955 3392 221 49 Burling-

185 3453 124 45 ham,
340 3450 166 41 James
535 3450 162 48 Byrne
727 3451 111 49 [and
864 3450 179 50 others]

183 3517 54 55 ©
267 3522 127 49 Sept.
426 3522 40 48 9,
497 3521 113 41 1930;
666 3520 67 43 2c.
765 3522 94 40 and
891 3521 82 43 aff.
1006 3523 127 47 Sept.
1164 3520 56 42 29;
1281 3523 40 39 A
1348 3520 144 41 99292;
1559 3521 173 46 Viking
1763 3530 149 40 press,
1945 3520 91 42 inc.

264 3578 278 50 (36-28781)

181 3682 241 66 Hewitt,
446 3684 300 53 Theodore
772 3684 230 64 Brown,
1032 3687 171 50 1881-
1414 3685 83 52 ed.

253 3760 91 53 Im
386 3758 188 56 stillen
617 3759 207 53 winkel
863 3760 117 53 und
1021 3760 205 53 andere
1266 3759 286 66 noveilen;
1593 3758 188 54 edited
1824 3758 138 52 with
2002 3764 176 61 notes,

185 3837 268 54 exercises
499 3837 110 53 and
659 3837 342 68 vocabulary
1046 3837 75 68 by
1166 3837 295 53 Theodore
1507 3838 67 51 B.
1622 3837 221 53 Hewitt
1893 3878 56 11 ...
2038 3837 135 52 New

186 3913 1131 69 York, H. Holt and company [ c 1936]
252 3987 62 48 iv,
348 3987 98 50 158,
478 3987 88 41 lxii
600 3999 44 38 p.
706 3988 116 41 17cm.
