2519 4377
1021 4101 132 50 1995

171 506 81 45 vii,
293 507 85 40 256
418 518 42 37 p.
521 507 128 40 illus.
710 507 146 41 20½cm.
921 507 332 50 [Commission
1298 516 59 30 on
1398 505 185 41 Jewish
1624 505 257 42 education
1925 506 52 40 of
2020 507 81 40 the

103 564 158 41 Union
286 563 51 41 of
363 564 256 41 American
647 564 209 40 Hebrew
883 563 367 49 congregations
1280 564 94 39 and
1405 564 80 39 the
1512 562 196 42 Central
1739 562 285 41 conference
2051 563 50 40 of

100 620 256 41 American
382 620 176 41 rabbis.
616 620 159 41 Union
802 622 196 39 teacher
1023 620 217 48 training
1265 620 164 47 series,
1458 620 72 39 ed.
1556 619 61 47 by
1645 620 53 40 E.
1726 619 244 41 Gamoran]

173 677 289 39 “Published
502 676 127 39 from
673 678 80 39 the
793 679 227 47 proceeds
1058 677 51 40 of
1150 678 81 39 the
1270 676 233 40 Hermine
1545 676 264 40 Schonthal
1849 676 250 39 memorial

99 733 296 49 publication
428 733 167 41 fund.”

173 789 67 40 “A
276 788 285 49 companion
597 791 192 39 volume
822 792 51 39 to
908 791 114 39 ‘The
1057 788 135 42 voice
1227 788 52 42 of
1315 789 81 40 the
1433 787 244 50 prophets’
1716 788 73 50 [by
1828 787 180 41 Mamie
2047 788 53 41 G.

101 847 538 41 Gamoran]”—Introd.

170 903 348 49 Bibliography
537 914 10 30 :
577 915 43 38 p.
651 903 159 42 45-46.

100 956 54 54 ©
180 961 120 41 Nov.
333 962 67 41 10.
432 961 115 39 1936;
606 962 69 39 2c.
709 962 116 40 Nov.
859 960 56 42 25;
975 961 82 41 aff.
1090 962 118 39 Nov.
1240 959 53 40 21;
1358 960 38 40 A
1431 957 172 42 101006;
1668 957 155 43 Union
1857 957 52 42 of
1944 958 157 39 Amer.

173 1018 207 40 Hebrew
405 1018 381 48 congregations.
853 1017 223 49 (37-937)

100 1122 339 53 Commerce
467 1122 262 64 clearing
755 1122 204 55 house.

168 1198 442 53 Massachusetts
650 1200 245 65 security
938 1200 350 65 valuations;
1334 1196 293 68 approved
1668 1197 126 52 lists
1837 1196 62 52 of
1942 1195 159 53 stock

101 1277 113 53 and
253 1277 149 52 bond
445 1278 189 52 values
678 1295 59 33 as
775 1276 63 53 of
878 1278 263 65 January
1183 1281 46 62 1,
1273 1279 150 64 1916,
1464 1275 113 53 and
1618 1273 197 53 official
1856 1272 246 54 circular

100 1353 209 54 letters,
351 1354 375 67 establishing
767 1355 94 52 the
903 1355 150 52 basis
1095 1354 93 53 for
1228 1354 336 66 computing
1602 1351 136 68 gain
1779 1370 63 34 or
1881 1351 114 53 loss
2037 1370 64 34 or

99 1431 161 53 other
307 1431 224 53 taxable
580 1432 217 52 income
845 1432 179 52 under
1071 1432 94 52 the
1214 1431 443 52 Massachusetts
1703 1430 265 66 personal
98 1429 1977 132 income
307 1516 96 46 tax
459 1509 127 53 law.
664 1510 232 51 Boston.
955 1508 251 68 Chicago
1268 1513 136 63 [etc.]
1469 1508 324 55 Commerce
1848 1506 253 69 clearing

97 1586 191 67 house,
338 1585 104 55 inc.,
510 1588 178 53 Loose
736 1587 119 54 leaf
904 1585 210 56 service
1164 1585 246 55 division
1460 1585 63 54 of
1570 1585 97 55 the
1717 1585 384 68 Corporation

98 1670 148 47 trust
275 1683 239 48 company
589 1668 194 64 [c1936]

171 1736 85 41 136
282 1748 43 37 p.
384 1736 117 41 23cm.

171 1793 71 42 On
272 1803 167 31 cover:
472 1793 389 41 Massachusetts
892 1795 87 38 tax
1008 1793 186 41 service
1224 1794 315 48 supplement.

100 1845 53 54 ©
191 1851 121 47 Aug.
349 1849 70 47 27,
459 1849 115 41 1936;
642 1849 67 42 2c.
750 1850 96 40 and
887 1850 82 40 aff.
1010 1850 126 48 Sept.
1178 1849 26 41 3;
1274 1851 41 39 A
1354 1849 145 41 98280;
1569 1850 277 40 Commerce
1885 1848 219 50 clearing

169 1907 164 48 house,
361 1906 89 41 inc.

98 2008 2003 147 New and amended sections Revenue act, 1936, with explanation … Chicago, New York [etc.] Commerce clearing house,
98 2165 126 64 inc.,
278 2166 176 51 Loose
508 2165 119 52 leaf
682 2166 207 52 service
945 2163 247 54 division
1248 2165 62 53 of
1364 2166 95 51 the
1515 2164 381 68 Corporation
1950 2171 152 48 trust

99 2262 237 48 company
410 2245 192 66 [c1936]

169 2314 57 41 80
252 2326 44 38 p.
351 2314 117 42 23cm.

100 2367 54 54 ©
184 2372 128 41 June
340 2371 69 44 21,
441 2371 140 48 1936;
614 2371 68 41 2c.
715 2372 115 47 July
861 2372 53 46 3;
948 2372 83 40 aff.
1065 2372 115 47 July
1211 2371 52 48 2;
1300 2373 38 38 A
1369 2371 172 48 95921;
1579 2372 275 41 Commerce
1886 2373 217 44 clearing

172 2428 163 48 house,
362 2429 90 40 inc.

100 2531 383 54 Connecticut
509 2532 217 63 special
754 2532 309 54 education
1092 2532 376 58 association.

169 2609 410 66 Development
625 2610 113 52 and
782 2628 261 49 progress
1087 2610 63 53 of
1191 2609 208 67 special
1444 2610 201 54 classes
1687 2609 95 54 for
1823 2611 276 67 mentally

100 2685 258 54 deficient
397 2687 258 53 children
693 2689 59 52 in
791 2687 386 56 Connecticut,
1215 2688 280 67 compiled
1537 2688 110 52 and
1685 2687 303 68 published
2025 2689 75 67 by

100 2763 367 55 Connecticut
496 2765 207 66 special
732 2764 301 54 education
1063 2764 351 54 association.
1480 2767 139 52 New
1646 2767 224 66 Haven,
1901 2767 199 67 Conn.,

101 2844 149 51 1936.

172 2913 63 48 vi,
264 2913 71 51 [2],
364 2913 84 42 125
474 2925 43 38 p.
573 2916 174 47 plates,
775 2918 148 45 ports.
980 2914 116 42 23cm.

176 2970 70 41 On
271 2980 140 30 cover
429 2982 9 29 :
466 2971 205 48 History
697 2972 51 39 of
774 2972 178 49 special
982 2972 254 40 education
1265 2972 78 39 for
1369 2972 234 48 mentally
1631 2972 222 41 deficient
1881 2972 221 41 children

101 3026 50 40 in
179 3027 327 41 Connecticut.

102 3080 1997 54 © Oct. 30, 1936; 2c. Dec. 9; aff. Dec. 8 ; A 100852; Connecticut special
172 3140 256 41 education
455 3151 142 33 assn..
622 3142 118 39 New
765 3143 186 39 Haven.
1018 3140 279 48 (36-20863)

102 3243 489 63 Courtois-Suffit,
622 3246 262 53 Maurice
917 3246 65 51 E.

170 3320 77 52 Le
275 3321 178 66 Lycée
484 3322 232 66 Carnot,
746 3341 105 47 par
880 3321 254 54 Maurice
1164 3322 473 55 Courtois-Suffit.
1702 3325 185 65 Paris,
101 3324 1971 126 Gallimard
295 3401 172 64 [1936]

173 3469 22 39 1
224 3480 43 30 V.
331 3470 240 47 (Collèges
600 3475 46 36 et
676 3471 182 47 lycées)

101 3521 1999 55 © June 15, 1936; 1c. July 16: A- Foreign 32378; Librairie Gallimard.
108 3618 504 63 Dacqu é , Edgar.
172 3691 122 54 Aus
339 3693 100 53 der
482 3695 392 65 Urgeschichte
921 3696 99 53 der
1066 3696 130 53 erde
1242 3697 114 52 und
1404 3697 96 53 des
1544 3697 215 57 lebens;
1808 3697 292 53 tatsachen

104 3769 115 52 und
253 3771 312 64 gedanken.
598 3789 108 36 von
743 3773 197 65 Edgar
974 3773 246 67 Dacqué.
1292 3774 109 52 Mit
1438 3773 509 69 textabbildungen
1982 3775 117 52 und

103 3845 177 53 einem
311 3848 265 54 titelbild.
643 3851 303 53 München.
975 3852 67 51 R.
1074 3850 389 68 Oldenbourg,
1496 3855 148 50 1936.

106 3968 1851 55 © Mar. 21. 1936: 1c. July 17: A — Foreign 32482: R. Oldenbourg.
