2519 4377
1293 4100 100 52 708

341 436 269 66 [Conger,
640 434 217 67 Beach]

406 513 205 54 World
654 512 214 66 letters,
913 512 401 68 incorporated
1366 554 55 9 ...
1511 511 277 68 Santiago
1833 512 68 53 de
1946 512 178 67 Cuba,
2172 511 177 70 Cuba,

337 595 151 52 June
517 596 47 61 5,
596 594 135 49 1936
765 631 55 11 ...
906 589 302 69 [Santiago
1234 591 67 52 de
1332 590 179 66 Cuba,
1540 590 177 68 Cuba,
1743 590 206 56 World
1977 591 212 67 letters,
2217 591 127 67 inc.]

338 678 17 20 c
361 674 149 49 1936.

407 754 44 38 p.
482 742 217 41 149-152.
757 742 129 41 illus.
942 743 57 40 28
1002 745 44 20 cm
1051 773 8 8 .

412 797 468 51 “Mimeographed.”

339 854 2012 53 © 1c. July 1, 1936; A ad int. 21597; pubd. June 5; World letters, inc.,
411 916 119 38 East
563 915 206 46 Aurora,
802 914 56 39 N.
891 910 53 43 Y.

340 1018 210 64 Cooke,
578 1018 227 53 Dennis
832 1017 330 64 Hargrove,
1196 1022 171 49 1904-

411 1092 305 53 Minimum
746 1093 292 53 essentials
1064 1092 63 52 of
1154 1089 290 71 statistics,
1471 1111 59 34 as
1557 1091 235 69 applied
1816 1097 59 48 to
1905 1091 300 55 education
2236 1092 115 55 and

343 1172 367 69 psychology,
738 1171 74 69 by
842 1170 219 55 Dennis
1091 1171 77 53 H.
1202 1169 188 56 Cooke
1426 1214 56 9 ...
1555 1171 137 52 New
1726 1170 180 68 York,
1936 1171 124 53 The
341 1170 1985 133 Macmillan

462 1269 300 50 company,
792 1252 149 50 1936.

413 1323 688 50 xviii p., 1 l., 271 p. 22 cm .
341 1380 53 54 ©
425 1386 119 38 Mar.
574 1385 69 43 31,
675 1384 141 46 1936;
847 1383 66 40 2c.
945 1383 96 39 and
1070 1382 83 41 aff.
1184 1382 114 48 Apr.
1330 1383 51 46 1;
1415 1382 41 39 A
1486 1381 145 41 92660;
1692 1381 285 41 Macmillan
2006 1392 68 30 co.
422 1441 282 49 (36-11518)

341 1544 325 65 Cornelius,
696 1543 204 65 Helen,
931 1549 328 50 1892-1933.

416 1624 69 51 In
517 1628 151 48 tract
700 1622 64 54 of
796 1622 154 68 time,
983 1639 191 51 poems
1209 1622 72 66 by
1315 1621 184 52 Helen
1533 1620 328 66 Cornelius;
1899 1619 138 54 with
2073 1640 69 33 an
342 1620 1988 135 introduction

621 1701 76 68 by
742 1700 264 53 Leonard
1052 1701 212 52 Bacon.
1345 1700 139 53 New
1531 1700 180 67 York,
1758 1698 232 56 Oxford
2035 1699 318 69 university
342 1798 174 50 press,
548 1782 152 51 1936.

411 1854 85 47 xii,
530 1854 55 40 75
618 1864 45 38 p.
722 1851 57 41 22
783 1855 44 21 cm
831 1886 9 9 .

414 1910 162 41 “First
613 1910 231 42 edition.”

342 1964 53 53 ©
423 1970 115 47 May
562 1968 70 49 21,
662 1967 114 42 1936;
832 1969 67 40 2c.
928 1969 113 47 May
1069 1968 55 40 23;
1184 1968 81 40 aff.
1296 1969 113 47 May
1439 1967 56 40 29;
1553 1968 41 39 A
1622 1966 144 42 94682;
1827 1967 188 41 Oxford
2045 1966 129 41 univ.
2205 1977 149 39 press,

412 2026 116 39 New
562 2026 146 47 York,
742 2025 91 41 inc.
906 2024 282 49 (36-11568)

342 2129 240 65 Creech,
609 2130 328 63 Margaret.

416 2247 57 11 ...
513 2204 186 54 Three
734 2204 280 56 centuries
1051 2203 65 56 of
1152 2222 142 52 poor
1329 2204 109 54 law
1474 2203 495 69 administration;
2012 2225 31 35 a
2081 2204 170 71 study
2290 2202 65 56 of

346 2284 323 69 legislation
703 2285 56 51 in
795 2284 201 53 Rhode
1030 2284 219 68 Island,
1279 2284 34 52 by
1386 2284 297 69 Margaret
1716 2283 211 55 Creech
1968 2327 57 9 ...
340 2283 1990 148 introductory

502 2368 130 48 note
668 2363 75 69 by
778 2363 181 53 Edith
993 2363 237 53 Abbott.
1305 2362 271 69 Chicago,
1610 2363 115 69 Ill.,
1758 2363 121 53 The
1915 2362 338 70 University
2289 2360 64 56 of

342 2441 675 71 Chicago press [ c 1936]
413 2516 118 48 xxii,
561 2516 84 41 331
681 2525 43 38 p.
786 2514 55 41 23
846 2517 44 21 cm
894 2548 9 8 .
977 2515 184 49 (Social
1197 2515 181 41 service
1414 2515 338 47 monographs,
1812 2525 76 30 no.
1921 2514 81 48 24)

414 2573 171 42 Issued
617 2574 103 40 also
752 2583 57 30 as
840 2574 154 40 thesis
1040 2574 106 48 (PH.
1216 2574 32 48 D.)
1292 2573 284 47 University
1611 2572 54 41 of
1695 2571 225 50 Chicago.

414 2631 308 48 Appendixes;
808 2662 8 8 I.
851 2630 106 41 List
990 2631 53 40 of
1073 2632 122 39 laws
1228 2630 51 40 of
1311 2630 169 40 Rhode
1514 2629 168 41 Island
1716 2630 213 48 relating
1962 2631 50 39 to
2049 2631 80 39 the
2165 2639 188 38 poor.—

387 2686 1966 50 II . List of judicial decisions under the poor law.—III. Select documents
346 2745 209 49 relating
584 2748 48 39 to
663 2747 82 39 the
775 2746 190 48 history
991 2746 52 40 of
1070 2756 117 38 poor
1218 2745 142 41 relief
1390 2745 48 40 in
1468 2746 82 40 the
1580 2744 206 41 colonial
1815 2743 169 50 period
2013 2746 96 40 and
2142 2746 81 40 the
2255 2744 99 41 late

342 2801 282 49 eighteenth
667 2806 344 44 century.—IV.
1052 2803 232 40 Thirteen
1329 2813 108 31 case
1481 2802 244 47 histories,
1769 2801 382 42 1644-1724.—V.
2199 2801 156 41 Select

344 2860 283 43 documents
660 2861 212 49 relating
903 2863 49 40 to
987 2862 81 41 the
1104 2861 190 47 history
1326 2861 52 41 of
1411 2870 116 39 poor
1564 2860 141 42 relief
1738 2860 50 41 in
1823 2861 82 41 the
1939 2861 197 40 modern
2171 2859 183 49 period.

343 2917 53 53 ©
429 2923 116 47 May
574 2922 67 47 15,
677 2921 140 47 1936;
851 2921 67 41 2c.
952 2923 94 39 and
1082 2922 82 39 aff.
1198 2923 126 38 June
1358 2922 51 46 1;
1446 2921 39 39 A
1515 2920 172 48 94695;
1726 2919 283 50 University
2043 2921 53 39 of
2129 2918 224 50 Chicago,

414 2978 223 48 Chicago.
702 2979 282 49 (36-11511)

342 3070 182 62 Dark,
554 3069 272 56 Eleanor.

413 3146 219 52 Return
667 3151 59 47 to
760 3144 258 55 Coolami;
1081 3165 30 33 a
1144 3145 184 68 novel,
1360 3146 74 68 by
1467 3146 249 53 Eleanor
1748 3145 179 53 Dark.
2000 3146 136 53 New
2178 3145 178 68 York,

342 3224 121 54 The
486 3224 336 53 Macmillan
849 3243 299 50 company,
1178 3228 151 51 1936.

414 3298 577 49 3 p. l., 325 p. 20½ cm .
344 3350 54 54 ©
434 3356 125 40 June
596 3355 38 42 9,
674 3354 117 41 1936;
854 3355 67 40 2c.
956 3356 94 39 and
1089 3356 82 40 aff.
1210 3357 126 39 June
1373 3356 82 42 10;
1496 3357 39 38 A
1572 3356 171 47 94867;
1784 3358 52 39 E.
1874 3357 151 47 Dark,
2063 3357 289 48 Katooinba,

413 3413 116 40 New
558 3413 153 39 South
739 3413 176 47 Wales,
942 3413 269 41 Australia.
1276 3413 281 48 (36-11550)

343 3500 273 66 Dickens,
647 3501 264 67 Charles,
941 3505 327 57 1812-1870.

412 3578 56 53 A
500 3579 115 53 tale
645 3578 65 53 of
739 3585 112 47 two
882 3578 176 70 cities,
1090 3581 72 67 by
1196 3580 235 54 Charles
1462 3581 275 69 Dickens;
1772 3581 136 53 with
1944 3582 409 70 introduction,

344 3657 286 53 historical
668 3659 113 53 and
812 3660 379 68 explanatory
1222 3666 157 48 notes
1410 3662 74 66 by
1514 3662 187 53 Isabel
1733 3661 315 54 Kincheloe
2086 3705 56 9 ...
341 3662 1983 142 Chicago,

526 3735 1215 70 Dallas [etc.] Lyons & Carnahan [c 1934]
413 3808 84 49 xii,
531 3809 87 41 516
645 3820 43 38 p.
745 3811 56 40 17
803 3812 44 23 cm
852 3843 10 9 .
928 3812 101 48 (On
1055 3820 141 33 cover;
1248 3811 250 43 Stratford
1528 3813 223 49 classics)

414 3865 352 49 Bibliography;
825 3878 42 37 p.
896 3865 65 43 ix.

343 3916 53 54 ©
437 3922 111 40 Dec.
590 3923 40 47 6,
674 3923 139 42 1934;
856 3924 66 40 2c.
965 3925 129 40 June
1132 3925 68 44 11,
1244 3924 139 43 1936;
1428 3926 81 38 aff.
1552 3927 130 39 June
1720 3927 23 39 1;
1816 3927 40 39 A
1894 3927 172 42 95646;
2113 3929 158 47 Lyons
2314 3930 36 40 &

413 3978 276 40 Carnahan.
764 3980 281 50 [Copyright
1088 3981 40 38 is
1169 3981 205 41 claimed
1418 3993 62 28 on
1521 3994 145 36 pages
1708 3983 133 47 i-xii,
1884 3984 218 50 509-516]

422 4034 282 49 (36-11554)
