2519 4377
1304 4109 136 50 1306

442 488 30 39 4
498 497 42 38 p.
568 488 45 47 L,
645 486 179 52 [3]-255
851 500 44 38 p.
923 488 109 41 incl.
1060 488 145 50 illus.,
1233 490 174 48 plates,
1466 490 152 42 front.
1677 490 59 42 20½
1767 493 45 22 cm
1817 524 10 10 .

444 544 294 42 Illustrated
768 545 368 51 lining-papers.

372 611 2023 58 © Sept. 25, 1936 ; 2c. and aff. Sept. 26; A 98652; Little, Brown, and
441 683 252 38 company.
769 673 284 52 (36-20255)

369 777 253 65 Movius,
648 778 175 55 Anne
846 779 232 64 Murry.

442 855 209 69 Lights
680 856 115 54 and
824 857 282 68 shadows,
1131 857 78 69 by
1237 856 172 56 Anne
1437 857 208 69 Murry
1676 858 245 53 Movius.
2004 859 390 68 [Ridgewood,

372 935 69 53 N.
471 934 76 69 J.,
574 934 126 56 The
726 933 233 71 Gayren
987 954 178 51 press,
1190 942 18 22 c
1212 939 154 67 1936]

442 1009 1103 52 1 p. l. , [1], 82, [3] p. illus., port. 21½ cm .
442 1066 129 41 Title
597 1066 132 41 from
757 1076 154 32 cover.

440 1123 185 41 Poems.

442 1179 163 42 “First
635 1178 230 43 edition.”

371 1246 54 54 ©
464 1250 117 47 July
617 1251 70 49 20,
727 1251 142 47 1936;
909 1250 68 43 2c.
1015 1251 118 47 July
1170 1251 83 48 14;
1296 1251 82 39 aff.
1421 1252 129 48 Sept.
1587 1252 81 47 18;
1711 1252 41 39 A
1789 1250 173 49 97910;
2007 1251 195 48 Gayren
2239 1261 153 39 press.

450 1307 285 50 (36-20346)

367 1412 241 66 Nelson,
637 1412 230 66 Daniel,
898 1418 174 51 1902-

441 1489 122 53 The
600 1490 221 68 apostle
859 1495 59 48 to
956 1490 98 53 the
1089 1488 247 56 Chinese
1370 1488 388 70 communists,
1795 1489 74 70 by
1907 1488 212 55 Daniel
2157 1489 231 54 Nelson.

370 1566 408 71 Minneapolis,
805 1568 126 54 The
955 1569 196 54 Board
1180 1567 66 56 of
1272 1567 232 72 foreign
1530 1567 265 56 missions
1824 1566 65 57 of
1916 1567 97 56 the
2040 1567 348 72 Norwegian

371 1646 294 54 Lutheran
693 1647 214 54 church
935 1647 65 56 of
1026 1645 269 57 America
1327 1680 14 36 [
1346 1653 18 23 c
1370 1650 153 66 1935]

439 1720 64 47 xi,
531 1720 86 42 139
642 1731 44 37 p.
713 1720 111 41 incl.
850 1721 150 41 front,
1030 1721 172 50 (port.)
1240 1721 216 41 facsims.
1516 1720 59 42 20½c
1623 1723 29 22 m
1655 1752 11 11 .

443 1777 288 42 Facsimiles
771 1778 48 49 (1
850 1778 190 50 folded)
1081 1778 50 41 in
1163 1778 283 49 cellophane
1473 1778 175 49 pocket
1681 1779 231 40 mounted
1941 1789 61 30 on
2033 1788 43 39 p.
2125 1779 65 50 [vi]

441 1833 215 43 “Second
682 1834 230 42 edition.”

367 1903 53 54 ©
456 1908 103 40 Oct.
593 1906 71 50 21,
700 1907 115 41 1935
834 1919 9 36 ;
880 1908 68 40 2c.
985 1908 129 47 Sept.
1150 1908 69 47 11,
1256 1907 119 41 1936
1389 1918 9 37 ;
1437 1907 82 41 aff.
1558 1909 129 47 Sept.
1724 1908 59 41 10
1797 1919 9 38 ;
1845 1909 41 39 A
1921 1908 148 42 97728
2084 1920 10 37 ;
2132 1909 261 47 Augsburg

438 1965 110 47 pub.
582 1964 166 49 house,
782 1964 341 49 Minneapolis.
1195 1965 283 48 (36-20230)

365 2070 146 53 New
537 2070 165 53 York
736 2071 219 65 (State)
1040 2070 185 66 Laws,
1251 2075 259 62 statutes,
1536 2076 101 47 etc.

365 2147 2024 150 Cahill’s Consolidated laws of New York, compiled and edited by Austin B. Griffin … 1936 supplement. Chicago,
365 2306 327 67 Callaghan
719 2306 113 54 and
859 2324 300 49 company,
1189 2310 152 50 1936.

436 2379 535 49 2 p. l. , 451 p. 27 cm .
368 2447 53 54 ©
460 2451 103 41 Oct.
601 2451 70 48 12,
708 2449 143 49 1936;
888 2450 68 40 2c.
995 2451 103 40 Oct.
1136 2451 83 47 15;
1259 2451 83 40 aff.
1381 2450 103 42 Oct.
1522 2451 82 47 14;
1645 2451 41 38 A
1722 2449 171 49 98918;
1935 2450 275 48 Callaghan
2245 2452 39 41 &
2319 2461 70 31 co.

365 2568 263 68 Nichols,
658 2570 177 56 Clark
863 2569 243 66 Asahel,
1136 2571 173 55 1875-

441 2647 355 71 Cyclopedia
830 2647 66 53 of
931 2647 154 70 legal
1121 2646 201 69 forms,
1359 2647 313 53 annotated
1708 2646 76 69 by
1824 2645 181 56 Clark
2040 2646 73 54 A.
2152 2644 236 56 Nichols

430 2726 1376 71 … Chicago, Callaghan and company, 1936.
436 2804 31 41 9
525 2835 9 9 v.
594 2803 58 40 26
653 2805 47 21 cm
703 2833 10 9 .

439 2861 145 42 “Will
614 2861 59 41 be
700 2860 115 49 kept
843 2870 65 39 up
937 2861 49 38 to
1016 2859 115 42 date
1159 2858 63 50 by
1250 2858 335 50 supplements
1612 2859 51 40 to
1688 2858 58 41 be
1775 2858 219 41 inserted
2021 2858 51 40 in
2103 2858 85 41 the
2213 2860 174 48 pocket

366 2919 51 40 in
443 2919 84 40 the
555 2918 125 40 back
708 2918 52 40 of
786 2917 119 40 each
935 2915 431 43 volume.”—Pref.

437 2975 136 41 First
599 2975 187 41 edition
811 2974 259 49 published
1097 2973 118 42 1925
1238 2974 155 40 under
1421 2973 110 41 title
1549 2985 10 30 :
1587 2973 281 40 Annotated
1894 2973 172 42 forms.

367 3043 53 53 ©
458 3048 129 47 Sept.
620 3047 40 46 1,
697 3046 116 41 1936
830 3057 9 37 ;
876 3045 68 41 2c.
981 3045 120 40 each
1135 3044 98 41 and
1269 3044 81 41 aff.
1389 3045 130 47 Sept.
1556 3045 25 39 5
1599 3055 9 37 ;
1646 3045 41 38 A
1721 3043 146 42 98284
1885 3055 9 36 ;
1934 3044 274 48 Callaghan
2245 3044 37 41 &
2317 3054 69 31 co.

447 3104 285 49 (36-20391)

364 3208 269 65 Ostdiek,
660 3207 224 66 Joseph
910 3208 75 57 H.

440 3283 222 69 Simple
686 3283 261 53 methods
974 3283 59 52 in
1064 3282 273 70 religious
1365 3281 344 54 instruction
1758 3281 95 70 [by]
1888 3281 139 55 Rev.
2056 3280 219 69 Joseph
2301 3280 79 53 H.

367 3356 2016 74 Ostdiek … New York, Milwaukee [etc.] The Bruce publishing
365 3458 284 52 company
684 3473 13 35 [
702 3446 18 21 c
725 3442 154 65 1936]

439 3513 63 48 ix,
530 3513 86 42 134
642 3523 45 39 p.
748 3514 27 40 2
803 3512 129 43 illus.
992 3512 58 42 20
1053 3514 44 23 cm
1102 3546 9 9 .

439 3570 250 42 “Selected
724 3571 276 40 references
1036 3572 97 39 and
1169 3569 255 42 materials
1463 3569 81 41 for
1580 3568 253 42 teachers”
1851 3579 10 30 :
1901 3579 44 38 p.
1985 3567 218 42 125-130.

366 3638 53 54 ©
446 3644 119 45 Aug.
598 3643 71 47 31,
702 3641 142 49 1936;
877 3642 68 40 2c.
978 3641 96 39 and
1106 3641 82 39 aff.
1224 3642 128 46 Sept.
1385 3642 54 47 4;
1474 3642 41 38 A
1548 3640 171 48 98260;
1756 3641 43 40 J.
1834 3641 59 39 H.
1929 3640 217 48 Ostdiek,
2181 3639 203 42 Omaha.

447 3699 284 49 (36-20233)

365 3804 251 65 Palmer,
643 3803 321 65 Benjamin
988 3802 291 66 Whipple,
1309 3808 173 50 1889-

435 3877 1944 70 Manual of Minnesota law, by Ben W. Palmer … 2d ed.
367 3960 81 55 St.
474 3962 167 63 Paul,
667 3961 203 65 Minn.,
893 3962 161 53 West
1079 3958 340 68 publishing
1443 3976 98 49 co.,
1569 3961 150 50 1936.

436 4046 64 49 xi,
529 4046 88 41 770
643 4056 45 38 p.
749 4046 56 41 23½c
856 4048 28 22 m
888 4078 9 9 .
