2519 4377
0 0 0 0 706
334 429 185 64 Blom,
546 429 195 53 Frans
764 428 355 65 Ferdinand,
1149 433 170 50 1893-

408 548 58 11 ...
496 505 123 54 The
645 510 268 64 conquest
939 505 64 54 of
1030 507 264 52 Yucatan
1329 548 55 11 ...
1466 507 233 65 Boston,
1727 506 137 52 New
1895 505 180 66 York,
335 506 1983 132 Houghton
463 584 205 54 Mifflin
698 602 299 50 company,
1030 588 150 51 1936.

445 655 1848 53 x, [1] p., 1 l., 237, [1] p. illus. (plan, music) XXXI pl. on 16 l. 21 ½ cm .
408 729 66 40 At
499 729 124 40 head
650 728 55 40 of
732 728 109 41 title;
899 728 157 40 Frans
1083 728 153 41 Blom.

410 787 142 47 Maps
580 795 61 31 on
668 785 366 49 lining-papers.

410 843 124 40 Leaf
572 842 121 41 with
730 842 237 41 half-title
1005 842 259 49 preceding
1301 842 81 40 the
1421 842 157 48 plates
1616 843 84 39 not
1739 840 223 42 included
2007 841 47 40 in
2096 842 81 40 the
338 841 1989 102 pagination.

411 956 352 51 Bibliography;
820 969 42 38 p.
898 956 269 52 [213]-[220]

340 1025 54 54 ©
426 1031 115 47 May
572 1030 70 48 26,
678 1029 140 46 1936;
852 1030 68 41 2c.
954 1030 127 41 June
1115 1029 53 47 6;
1202 1029 83 41 aff.
1320 1030 129 39 June
1481 1029 25 40 5;
1570 1029 40 39 A
1643 1029 172 47 94767;
1853 1026 158 43 Frans
2046 1030 154 42 Blom.
2232 1030 118 38 New

409 1087 219 41 Orleans.
695 1086 282 49 (36-11531)

337 1190 125 52 Bon
490 1191 251 52 Homme
768 1189 258 54 Richard
1058 1188 206 66 (Ship)

410 1267 121 53 The
565 1267 97 69 log
694 1266 63 53 of
791 1268 96 53 the
920 1269 125 53 Bon
1078 1268 250 52 Homme
1357 1267 255 53 Richard;
1677 1266 140 54 with
1852 1267 390 54 introduction
2276 1267 74 67 by

340 1347 174 53 Louis
563 1348 65 53 F.
679 1346 406 54 Middlebrook
1136 1391 56 9 ...
1271 1345 230 70 Mystic,
1549 1347 199 66 Conn.,
1795 1347 123 53 The
1964 1345 228 55 Marine
341 1346 1985 134 historical

575 1424 357 69 association,
961 1424 127 69 inc.,
1121 1429 150 50 1936.

416 1496 1937 53 1 p. l., [5]-61, [1] p. front., plates, ports. 26 cm . [Publication of the
345 1556 190 40 Marine
569 1555 257 41 historical
859 1554 311 50 association,
1205 1555 91 41 inc.
1360 1555 186 49 Special
1585 1555 172 41 article
1790 1566 76 30 no.
1901 1555 42 50 1]

417 1627 227 42 “Edition
677 1626 188 42 limited
900 1629 49 39 to
980 1627 88 41 300
1097 1626 203 50 copies.”

417 1684 227 41 Includes
677 1684 82 41 the
789 1685 205 40 account
1025 1685 62 48 by
1116 1684 266 41 Nathaniel
1412 1684 224 49 Fanning
1666 1684 52 40 of
1750 1685 82 40 the
1861 1695 82 30 sea
1975 1685 155 41 battle
2161 1685 51 40 of
346 1685 1993 98 September
559 1742 70 48 23,
659 1741 117 43 1779
812 1742 68 49 (p.
906 1741 172 49 49-61)

345 1810 54 54 ©
431 1816 112 47 May
574 1815 69 48 16,
678 1814 141 48 1936;
852 1814 67 41 2c.
954 1816 117 47 May
1099 1814 84 49 25;
1218 1815 82 41 aff.
1335 1816 114 48 May
1480 1815 83 47 23;
1598 1816 41 39 A
1671 1815 172 48 94580;
1878 1815 191 41 Marine
2101 1813 256 42 historical

415 1882 143 38 assn.,
589 1872 91 41 inc.
752 1872 282 49 (36-11532)

344 1975 303 66 Brinkley,
674 1975 264 55 Roberta
962 1975 297 66 Florence,
1288 1977 85 54 ed.

419 2052 248 69 English
721 2057 202 64 poetry
975 2052 63 54 of
1090 2053 94 53 the
1234 2053 362 53 seventeenth
1649 2057 254 64 century,
1953 2053 238 53 selected
2244 2052 112 54 and

346 2130 189 54 ëdited
573 2131 75 68 by
686 2131 253 53 Roberta
976 2132 275 53 Florence
1288 2131 281 69 Brinkley
1611 2175 56 10 ...
1745 2132 139 53 New
1925 2131 180 67 York,
2140 2133 90 53 W.
2268 2133 88 54 W.

346 2209 992 70 Norton & company, inc. [ c 1936]
419 2284 865 50 xiv p., 1 l., 584 p. illus. 19½ cm .
421 2355 164 41 “First
620 2354 229 43 edition.”

428 2412 242 42 “General
721 2413 368 49 bibliography”;
1174 2425 43 37 p.
1272 2412 204 42 558-562;
1561 2413 378 50 “Bibliography
1993 2413 52 42 of
2098 2413 233 42 authors”;

348 2481 44 39 p.
427 2469 218 43 563-569.

351 2537 54 53 ©
431 2542 115 47 May
568 2540 70 48 25,
666 2541 117 40 1936;
835 2541 67 41 2c.
930 2542 96 39 and
1052 2540 81 41 aff.
1162 2542 113 48 May
1302 2541 55 41 27;
1413 2542 40 39 A
1480 2540 143 41 94671;
1681 2542 72 39 W.
1782 2542 71 40 W.
1881 2542 188 39 Norton
2096 2542 36 39 &
2160 2551 82 32 co.,
2270 2541 91 39 inc.

433 2598 282 48 (36-11578)

351 2702 246 64 Brooks,
624 2702 189 64 Edwy
837 2701 253 56 Searles.

424 2778 123 54 The
585 2778 252 55 Grouser
874 2777 388 70 investigates,
1302 2778 74 68 by
1414 2778 187 68 Edwy
1641 2778 222 55 Searles
1902 2777 238 54 Brooks.
352 2778 1987 134 London
523 2861 121 64 [etc.]
683 2857 67 57 G.
786 2857 70 57 G.
889 2857 237 70 Harrap
1159 2859 46 53 &
1236 2875 98 51 co.,
1366 2856 104 55 ltd.
1530 2860 154 65 [1936]

424 2944 100 50 287,
561 2946 55 50 [1]
649 2956 44 38 p.
754 2944 57 42 19
813 2947 44 22 cm
861 2977 9 9 .

356 3012 2008 53 © 1c. May 29, 1936; A ad int. 21472; pubd. Apr. 3; E. S. Brooks, London.
436 3072 283 49 (36-12122)

354 3176 209 65 Bruce,
591 3177 194 54 Isabel
815 3178 318 65 Campbell.

355 3250 2009 149 … The Michigan poor law; its development and administration with special reference to state provision for medical care
356 3408 64 53 of
446 3410 94 52 the
566 3407 280 71 indigent,
871 3410 74 68 by
972 3410 188 53 Isabel
1187 3409 300 69 Campbell
1515 3411 185 51 Bruce
1725 3409 114 53 and
1868 3407 182 54 Edith
2077 3405 289 69 Eickhoff,

356 3486 188 55 edited
579 3488 140 52 with
753 3506 73 34 an
863 3488 398 70 introductory
1296 3493 133 48 note
1464 3488 113 52 and
1614 3487 239 53 selected
1890 3491 161 48 court
2088 3484 276 55 decisions

357 3566 74 70 by
471 3567 362 69 Sophonisba
874 3568 64 52 P.
982 3566 432 70 Breckinridge.
1492 3565 271 70 Chicago,
1802 3565 115 68 Ill.,
1957 3564 123 56 The
357 3563 1983 153 University
501 3647 64 54 of

593 3645 669 70 Chicago press [ c 1936]
428 3721 83 47 xii,
542 3720 86 41 292
659 3731 44 38 p.
761 3719 56 40 23½
851 3722 14 20 cm
898 3751 8 8 .
976 3719 185 50 (Social
1194 3720 184 39 service
1406 3718 337 47 monographs,
1804 3727 75 29 no.
1911 3715 81 50 23)

709 3793 162 40 CONTENTS.—The
908 3792 335 48 development
1279 3790 53 41 of
1366 3800 119 39 poor
1524 3788 141 42 relief
1701 3787 278 49 legislation
2017 3787 49 39 in
2106 3785 261 48 Michigan,

358 3848 60 48 by
452 3850 159 41 Isabel
643 3849 50 41 C.
727 3849 336 41 Bruce.—The
1094 3859 119 38 poor
1246 3849 95 40 law
1370 3849 95 39 and
1499 3846 167 42 health
1698 3845 222 41 services,
1954 3844 64 47 by
2047 3843 150 41 Edith
359 3841 1992 107 Eickhoff.
476 3907 221 42 —Select

724 3909 296 46 documents,
1047 3906 62 48 by
1140 3905 301 50 Sophonisba
1471 3905 49 42 P.
1550 3903 360 47 Breckinridge.

362 3977 53 53 ©
443 3983 112 47 May
583 3983 39 46 5,
651 3981 118 41 1936;
821 3982 67 40 2c.
917 3982 114 47 May
1059 3982 53 47 8;
1142 3981 83 41 aff.
1256 3982 112 46 May
1397 3980 27 39 9;
1482 3980 39 37 A
1550 3977 170 47 94351;
1754 3975 284 48 University
2067 3975 53 41 of
2144 3973 224 48 Chicago,

431 4039 224 49 Chicago.
724 4037 282 50 (36-11519)
