2519 4377
1354 4104 135 52 1548

487 486 265 43 “Sources”:
825 498 45 40 p.
912 486 205 42 265-272;
1193 487 190 43 “Books
1424 488 258 50 published
1724 490 62 49 by
1829 491 83 41 the
1954 489 239 43 Marriots
2232 491 98 41 and
2372 492 59 48 by

413 543 53 42 T.
495 543 209 51 Maxey”:
762 556 45 39 p.
835 543 206 43 273-274;
1103 545 170 43 “Some
1305 545 266 51 ‘compleat’
1602 547 150 41 books
1782 547 51 42 of
1862 548 83 41 the

2085 548 55 41 XVIIth
2169 548 233 50 century”:

413 613 43 40 p.
488 602 102 43 275.

417 669 53 53 ©
497 673 103 42 Oct.
628 672 69 50 16,
726 672 116 42 1936;
898 673 67 42 2c.
995 674 96 40 and
1119 674 82 42 aff.
1228 675 102 40 Oct.
1358 674 57 41 26;
1473 675 40 40 A
1538 674 147 41 99593;
1742 674 196 49 Paisley
1964 685 154 40 press,
2148 676 91 39 inc.

499 729 285 51 (36-25873)

413 833 216 57 Pacific
661 841 277 63 reporter,
970 836 220 56 Second
1222 838 186 52 series.
1481 837 170 55 Cases
1684 838 216 66 argued
1933 839 114 53 and
2081 837 353 54 determined

484 916 62 53 in
576 915 97 54 the
703 919 189 50 courts
924 915 63 54 of
1019 915 272 68 Arizona,
1325 915 346 69 California,
1705 916 305 69 Colorado,
2041 917 205 68 Idaho,

487 917 1924 144 Kansas,
642 997 300 65 Montana,
993 996 256 66 Nevada,
1302 996 140 52 New
1493 996 244 67 Mexico,
1790 996 344 67 Oklahoma,
2187 996 249 68 Oregon,

485 1075 180 66 Utah,
715 1074 406 67 Washington,
1170 1075 332 67 Wyoming,
1555 1074 139 55 with
1747 1074 108 68 key
1908 1076 238 52 number
486 1079 1923 127 annotations.
731 1153 226 53 volume

1000 1157 63 50 58
1097 1153 129 67 (2d)
1276 1153 353 68 June-July,
1671 1156 149 50 1936.
1901 1153 83 54 St.
2028 1153 166 68 Paul,
2232 1153 202 70 Minn.,

483 1232 162 54 West
671 1231 340 68 publishing
1037 1250 98 50 co.,
1165 1235 150 52 1936.

489 1303 170 52 xxviii,
693 1304 115 41 1443
841 1315 45 38 p.
946 1304 118 42 26cm.

419 1371 52 54 ©
497 1376 102 41 Oct.
623 1375 71 51 19,
721 1375 115 41 1936;
891 1375 68 40 2c.
988 1376 96 39 and
1111 1375 80 42 aff.
1220 1376 118 40 Nov.
1366 1375 56 40 16;
1478 1377 40 38 A
1543 1375 147 41 99869:
1747 1377 136 40 West
1910 1376 110 47 pub.
2049 1385 67 32 co.

412 1479 228 68 Pegler,
668 1481 376 64 Westbrook,
1073 1486 174 50 1894-

547 1556 1885 68 … ’T aint right. Garden City, N. Y., Doubleday, Doran
409 1641 48 52 &
488 1656 100 51 co.,
619 1638 129 69 inc.,
781 1640 154 52 1936.

482 1711 632 52 ix p., 1 l., 298 p. 22cm.
483 1769 164 42 “First
681 1769 230 42 edition.”

417 1837 54 54 ©
501 1841 102 42 Oct.
633 1840 41 50 9,
705 1840 116 41 1936;
879 1840 67 41 2c.
978 1840 98 42 and
1104 1841 82 39 aff.
1218 1841 103 42 Oct.
1353 1840 55 40 19;
1470 1842 40 38 A
1540 1839 146 41 98967;
1747 1842 71 40 W.
1852 1840 185 51 Pegler,
2069 1841 117 40 New
2219 1840 215 48 Canaan,

487 1900 148 40 Conn.
708 1898 282 49 (36-27462)

411 2005 134 65 Poe,
575 2005 205 64 Edgar
806 2003 194 67 Allan,
1031 2009 328 51 1809-1849.

487 2080 313 57 Selections
844 2080 156 56 from
1042 2082 146 68 Poe;
1233 2080 190 55 edited
1466 2082 142 53 with
1649 2081 410 67 introduction,
2100 2087 178 60 notes,
2321 2082 113 54 and

411 2160 2021 71 study helps by J. Montgomery Gambrill … [Boston, New
414 2239 1016 72 York, etc.] Ginn and company [c1936]
623 2347 11 17 xxxv,
668 2314 89 43 205
787 2325 45 40 p.
865 2315 111 42 incl.
1010 2315 151 42 front,
1190 2314 175 50 (port.)
1435 2315 146 41 17½cm.
1652 2315 274 49 (Standard
1962 2313 205 49 English
2200 2313 227 51 classics)

486 2373 383 51 Bibliography:
904 2385 43 39 p.
1086 2385 181 32 xxx-xxxv.

418 2444 52 55 ©
506 2447 128 48 Sept.
670 2447 69 49 17,
775 2445 142 49 1936;
955 2446 68 42 2c.
1060 2446 103 41 Oct.
1200 2446 82 47 17;
1321 2446 82 40 aff.
1443 2446 102 40 Oct.
1583 2445 81 47 14;
1701 2446 41 38 A
1777 2443 201 48 100069;
2019 2445 43 41 J.
2099 2444 335 47 Montgomery

489 2504 255 49 Gambrill,
776 2505 117 40 New
924 2504 146 40 York.
1135 2503 284 50 [Copyright
1450 2502 43 40 is
1524 2501 207 41 claimed
1764 2512 60 29 on
1856 2512 106 29 new
1993 2499 213 51 preface,
489 2498 1931 113 bibliography,

692 2561 251 49 questions
975 2561 97 40 and
1103 2561 243 48 problems
1378 2560 79 38 for
1490 2559 147 47 study
1670 2559 96 39 and
1799 2558 290 49 discussion]

498 2619 284 49 (36-25854)

412 2723 225 54 Punch.
756 2768 9 10 v.
793 2727 117 63 191,
934 2742 89 35 no.
1049 2723 155 66 4976,
1232 2722 156 68 Sept.
1415 2725 84 63 30,
1526 2724 150 50 1936.

417 2805 2018 57 © 1c. Nov. 27. 1936; A ad int. 22075; pubd. Sept. 30; Herbert Heather,
487 2870 213 42 London.

414 2976 199 65 Rines,
643 2976 255 53 Edward
926 2974 265 65 Francis,
1220 2980 172 49 1905-

487 3054 116 56 Old
646 3054 239 53 historic
928 3053 274 53 churches
1246 3052 62 52 of
1352 3052 265 53 America;
1694 3050 149 53 their
1888 3049 282 53 romantic
2211 3047 222 68 history

417 3135 112 52 and
567 3133 151 54 their
755 3131 328 68 traditions,
1119 3132 75 67 by
1235 3131 254 53 Edward
1529 3132 64 50 F.
1632 3129 190 53 Rines.
1898 3127 316 55 Published
2251 3126 181 54 under

415 3214 95 52 the
561 3213 256 67 auspices
868 3211 63 53 of
980 3212 97 53 the
1129 3210 275 54 National
1457 3208 210 68 society
1718 3208 62 53 of
1832 3206 246 54 colonial
2127 3206 192 53 dames
2369 3204 63 54 of

415 3290 284 55 America.
775 3291 139 53 New
951 3290 181 66 York,
1168 3290 121 52 The
1326 3288 336 53 Macmillan
1697 3304 300 50 company,
2035 3288 149 49 1936.

489 3360 1085 53 xii p., 1 l., 373 p. front., plates. 24cm.
488 3421 353 49 Bibliography:
901 3431 43 38 p.
978 3419 218 41 351-358.

417 3490 53 53 ©
499 3494 102 40 Oct.
631 3492 69 44 13,
730 3491 142 48 1936;
902 3491 66 40 2c.
996 3491 96 39 and
1121 3490 81 41 aff.
1233 3490 102 40 Oct.
1366 3489 82 43 14;
1480 3490 38 39 A
1546 3487 173 44 99361;
1752 3486 284 41 Macmillan
2064 3496 65 29 co.

498 3550 284 51 (36-25828)

412 3656 193 66 Rossi,
636 3655 196 65 Paolo,
867 3660 173 50 1901-

485 3733 104 54 Ich
645 3733 199 54 mache
898 3731 161 54 nicht
1113 3731 162 53 mehr
1331 3732 104 52 mit
1456 3730 10 52 !
1546 3730 242 64 Roman,
1846 3745 109 35 von
2012 3725 179 55 Paolo
2246 3723 183 57 Rossi.

415 3813 226 68 Zürich,
675 3811 319 58 Schweizer
1025 3810 217 70 spiegel
1270 3810 199 67 verlag
1502 3813 171 64 [1936]

485 3887 30 40 4
543 3897 44 39 p.
653 3918 10 18 l.,
693 3885 189 50 11-313,
915 3885 56 51 [1]
1003 3897 44 38 p.
1107 3884 118 42 19cm.

418 3933 2014 63 © Mar. 1, 1936; 1c. June 3; A-Foreign 32168: Guggenbühl & Huber,
492 4002 272 41 Schweizer
793 4000 182 49 spiegel
1003 4001 180 45 verlag.
1215 3998 190 44 Zürich,
1437 3995 336 44 Switzerland.
1845 3991 283 49 (36-25870)
