2519 4377
1019 4095 129 49 1749

68 533 214 68 Darley
320 576 56 9 ...
412 532 135 53 with
585 533 95 52 the
714 529 301 56 assistance
1046 532 62 52 of
1141 529 254 56 Richard
1426 531 79 52 M.
1540 530 208 53 Elliott
1786 570 56 12 ...
70 524 1969 158 Minneapolis,
369 611 119 52 The
522 610 334 67 University
890 610 61 52 of
985 609 322 53 Minnesota
1339 626 174 48 press,
1548 611 149 50 1936.

173 711 8 14 v,
218 680 86 39 145
339 690 43 37 p.
442 680 169 47 plates,
647 678 179 49 diagrs.
887 678 55 40 23½
975 681 43 20 cm
1024 710 9 8 .

139 738 63 38 At
241 737 120 39 head
399 736 51 39 of
487 736 107 39 title;
663 735 335 47 Employment
1037 734 332 41 stabilization
1409 736 223 39 research
1672 734 238 47 institute,
71 729 1974 113 University
284 792 51 40 of
366 793 286 38 Minnesota.

139 847 360 42 “Publications
547 847 53 39 of
646 847 86 40 the
778 847 338 47 Employment
1163 845 335 42 stabilization
1547 849 226 38 research
1825 846 239 49 institute,

72 903 278 48 University
380 904 52 39 of
463 901 302 43 Minnesota”;
829 914 42 37 p.
903 903 215 41 136-142.

71 960 52 54 ©
146 964 115 43 Nov.
287 962 39 49 2,
353 961 113 43 1936;
519 963 67 41 2c.
612 960 96 42 and
733 962 81 40 aff.
886 973 73 30 Nov.
983 961 57 40 23;
1096 963 36 38 A
1162 960 172 44 100638;
1392 959 281 50 University
1702 961 49 40 of
1779 960 289 44 Minnesota.

143 1019 334 49 Minneapolis.
534 1018 281 51 (36-28321)

70 1126 199 61 Pease,
295 1128 137 51 Mrs.
460 1124 251 53 Eleanor
738 1124 313 55 Fairchild.

140 1199 127 71 Gay
299 1201 209 68 Pippo,
539 1202 75 67 by
647 1201 249 53 Eleanor
930 1201 296 53 Fairchild
1260 1202 175 52 Pease
1472 1247 56 9 ...
1568 1201 57 52 in
1660 1202 406 55 collaboration

73 1279 135 54 with
241 1279 258 53 Beatrice
528 1281 68 52 de
627 1279 209 68 Melik;
871 1279 248 68 pictures
1148 1279 75 68 by
1254 1280 156 53 Kurt
1439 1280 187 55 Wiese
1662 1325 56 9 ...
1800 1282 269 66 Chicago.

70 1361 68 51 A.
167 1358 297 56 Whitman
493 1362 45 50 &
567 1376 99 50 co.,
697 1362 150 51 1936.

143 1432 68 47 79,
245 1431 55 52 [1]
332 1442 43 37 p.
435 1432 87 39 col.
552 1431 128 40 illus.
742 1431 56 40 26
801 1435 14 20 cm
849 1463 8 8 .

145 1487 285 43 Illustrated
460 1491 96 44 t.-p.
586 1489 95 38 and
712 1486 347 49 lining-papers
1091 1488 46 39 in
1169 1489 168 40 colors.

145 1544 202 43 “Junior
377 1555 136 39 press
544 1544 190 42 books.”

74 1599 2000 60 © Oct. 13, 1936; 2c. Nov. 19; aff. Nov. 7; A 100530; Albert Whitman A
172 1674 38 27 co.
268 1659 281 51 (36-33400)

75 1768 275 62 Pevsner,
375 1764 307 66 Nikolaus,
709 1769 171 52 1902-

144 1842 268 56 Pioneers
458 1844 63 53 of
567 1844 97 51 the
709 1843 234 53 modern
989 1850 310 46 movement
1356 1844 150 52 from
1553 1843 259 56 William
1861 1846 213 52 Morris

76 1927 56 47 to
169 1920 223 56 Walter
428 1920 273 66 Gropius,
735 1920 75 67 by
849 1920 280 53 Nikolaus
1166 1921 265 53 Pevsner.
1506 1922 259 64 London,
1804 1923 188 52 Faber
2030 1926 44 51 &

75 1999 184 54 Faber
289 2001 172 64 [1936]

145 2065 785 52 3 p. l., 9-240 p. illus. 23 cm .
144 2125 114 39 Two
290 2123 236 49 portraits
556 2134 63 29 on
648 2126 98 46 t.-p.

146 2179 411 49 Bibliographical
595 2179 272 41 references
904 2180 47 39 in
990 2179 205 41 “Notes”
1241 2179 66 48 (p.
1361 2180 246 51 [209]-225)

78 2235 1997 59 © 1c. Nov. 7. 1936; A ad int. 21963; pubd. Sept. 24; N. Pevsner. London.
158 2295 280 50 (36-35034)

82 2401 233 63 Peyser,
343 2399 176 53 Ethel
544 2400 173 62 Rose,
746 2403 171 52 1887-

147 2477 120 54 The
297 2478 171 53 house
495 2477 128 53 that
652 2476 178 55 music
859 2476 148 54 built;
1066 2477 278 69 Carnegie
1374 2480 138 66 hall,
1541 2481 75 66 by
1647 2481 170 54 Ethel
1850 2484 223 65 Peyser.

85 2552 1426 72 New York, R. M. McBride & company [ c 1936]
148 2626 94 48 xvi,
275 2627 85 41 371
395 2637 40 38 p.
496 2626 172 50 plates,
702 2627 148 50 ports.
909 2627 55 41 21
968 2630 44 21 cm
1016 2659 9 9 .

149 2683 160 41 “First
339 2681 225 44 edition.”

151 2739 167 42 “Some
348 2749 195 31 sources
573 2740 50 39 of
652 2737 348 44 information”;
1059 2750 42 38 p.
1133 2740 217 42 345-346.

82 2792 53 53 ©
168 2799 126 46 Sept.
322 2795 70 44 23.
421 2795 116 41 1936;
592 2796 66 38 2c.
690 2795 102 41 Oct.
821 2795 81 43 22;
935 2797 80 38 aff.
1048 2797 101 40 Oct.
1179 2796 56 39 20;
1294 2800 37 37 A
1361 2797 171 47 98999;
1566 2799 142 41 Ethel
1739 2800 192 49 Peyser,
1962 2803 117 38 New

153 2853 142 40 York.
353 2852 281 52 (36-28531)

83 2957 250 63 Popular
359 2957 226 54 science
614 2957 290 64 monthly.

152 3033 190 54 Model
374 3034 266 66 railways;
706 3053 30 35 a
767 3035 302 53 handbook
1101 3036 94 52 for
1227 3037 93 52 the
1353 3038 454 71 model-railway
1840 3042 241 67 builder,

86 3111 132 54 with
247 3112 246 52 detailed
520 3112 290 67 diagrams
836 3114 107 51 and
972 3114 369 55 instructions
1367 3116 95 53 for
1486 3117 252 69 making,
1764 3118 317 71 installing,

85 3190 107 51 and
233 3191 300 65 operating
568 3208 144 48 your
748 3209 122 33 own
907 3189 326 69 equipment
1270 3194 112 53 and
1420 3196 344 65 accessories,
1800 3200 278 66 prepared

86 3267 70 66 by
187 3268 91 52 the
308 3266 261 55 editorial
599 3268 134 53 staff
763 3268 63 52 of
854 3269 257 67 Popular
1141 3269 210 55 science
1382 3274 276 67 monthly.
1734 3275 138 54 New
1903 3278 178 63 York,

91 3344 1596 76 Popular science publishing company, inc. [ c 1936]
156 3415 85 41 258
271 3428 40 37 p.
373 3416 143 42 illus.,
547 3416 141 48 plans
717 3417 44 48 (1
796 3418 143 43 fold.)
1006 3418 55 41 19½
1094 3422 14 21 cm
1143 3451 9 9 .

158 3471 180 42 Folded
365 3472 114 47 plan
510 3475 227 40 mounted
768 3483 58 30 on
860 3472 335 51 lining-paper.

89 3523 1911 65 © Oct. 14. 1936; 2c. and aff. Oct. 19; A 99426; Popular science pub. co.,
159 3585 88 41 inc.
304 3585 281 46 (36-33450)

93 3688 181 63 Rhon,
301 3688 222 55 Nicola.

93 3761 1963 156 Die schönste frau von Peking; eine abenteuerliche begebenheit. von Nicola Rhon. Berlin, Ullstein [ c 1936]
157 3908 98 48 205,
289 3912 54 50 p]
372 3922 58 38 p.,
462 3913 24 38 l
518 3913 27 39 l.
605 3912 116 40 19cm.

95 3963 1655 59 © June 25. 1936; 1c. Auer. 18; A-Foreign 32731; Ullstein a -g
174 4023 279 51 (36-34840)
