2519 4377
1038 4103 100 49 249

83 461 244 64 Allison,
355 459 335 54 Alexander
716 458 222 62 Henry,
968 461 325 50 1854-1932.

155 536 371 56 Christ—our
558 533 124 68 life,
712 533 76 68 by
820 532 71 53 A.
924 532 76 53 H.
1034 531 243 53 Allison.
1346 530 226 54 Kansas
1605 529 154 69 City,
1790 529 134 68 Mo.,
1957 529 123 51 The

85 612 432 56 Brown-White
554 627 296 52 company,
889 613 150 49 1935.

152 688 85 41 203
270 699 44 38 p.
373 686 55 40 20½cm.

155 743 339 42 Introduction
521 742 167 49 signed;
747 741 116 42 Mrs.
891 741 54 40 A.
973 739 61 41 H.
1063 739 199 42 Allison.

85 813 53 52 ©
163 818 110 37 Dec.
301 816 69 39 24.
400 815 114 39 1935;
570 813 67 40 2c.
668 814 111 39 Dec.
807 812 60 40 30;
920 811 81 41 aff.
1032 812 111 39 Dec.
1173 811 81 45 28;
1286 811 42 38 A
1354 809 170 47 90345;
1559 811 113 39 Mrs.
1702 809 54 40 A.
1787 810 60 39 H.
1877 809 203 45 Allison,

155 873 367 47 independence,
547 871 91 38 Mo.
704 867 249 50 (36-7301)

83 976 253 63 Babson,
362 976 194 63 Roger
580 974 198 62 Ward,
807 973 170 53 1875-

154 1052 55 51 A
246 1051 218 53 revival
498 1051 47 52 is
584 1048 245 68 coming,,
860 1047 76 69 by
969 1048 192 67 Roger
1194 1047 89 53 W.
1320 1045 230 53 Babson
1591 1089 56 9 ...
1723 1045 138 52 New
1900 1044 180 66 York,

85 1125 1572 71 London [etc.] Fleming H. Revell company [ c 1936]
151 1205 57 39 47
241 1215 43 37 p.
343 1202 117 41 fold,
497 1201 152 48 diagr.
710 1201 56 40 19½
799 1203 43 21 cm
847 1233 8 7 .

86 1272 52 53 ©
170 1276 110 39 Feb.
311 1275 70 46 21,
413 1274 139 45 1936;
586 1274 67 39 2c.
687 1273 93 39 and
814 1271 81 40 aff.
929 1271 110 39 Feb.
1071 1269 82 48 26;
1189 1270 40 39 A
1260 1268 169 48 90983;
1466 1268 220 49 Fleming
1718 1269 60 40 H.
1812 1269 167 39 Revell
2013 1280 68 29 co.

166 1331 249 50 (36-7298)

83 1435 254 62 Bahner,
364 1433 225 63 Edwin,
618 1437 171 50 1883-

154 1511 123 53 The
300 1509 183 54 shield
509 1507 64 54 of
598 1507 222 65 silence,
845 1506 74 67 by
945 1503 210 54 Edwin
1180 1505 231 52 Balmer
1438 1504 112 53 and
1574 1501 201 70 Philip
1800 1503 191 69 Wylie
2021 1548 56 9 ...

85 1590 139 53 New
253 1587 179 67 York,
460 1584 310 56 Frederick
795 1584 70 54 A.
898 1583 201 56 Stokes
1124 1599 297 52 company,
1452 1585 150 50 1936.

155 1664 27 40 3
204 1674 42 37 p.
294 1694 23 17 l.,
345 1662 88 41 310
458 1672 43 37 p.
557 1660 57 40 19½
645 1662 44 21 cm
694 1692 9 8 .

87 1729 52 53 ©
170 1733 121 40 Mar.
323 1730 68 49 19,
422 1730 140 46 1936;
594 1731 68 38 2c.
694 1730 94 38 and
821 1727 81 41 aff.
935 1729 121 38 Mar.
1088 1728 82 45 23;
1205 1727 43 39 A
1277 1726 143 41 92457;
1482 1728 52 39 E.
1569 1728 208 46 Balmer,
1813 1727 271 47 Irvington-

156 1789 299 47 on-Hudson,
483 1788 56 39 N.
567 1787 67 47 Y.,
665 1787 94 39 and
788 1784 164 49 Philip
977 1784 170 48 Wylie,
1176 1784 118 39 New
1320 1784 145 40 York.
1532 1782 251 50 (36-7260)

85 1888 291 65 Banning,
403 1890 137 51 Mrs.
568 1890 306 62 Margaret
906 1886 271 65 (Culkin)
1212 1891 171 50 1891-

157 1965 121 52 The
317 1964 128 53 iron
484 1963 137 68 will,
660 1963 77 69 by
776 1962 296 69 Margaret
1113 1959 212 56 Culkin
1369 1959 289 71 Banning.
1735 1961 139 53 New
1919 1958 165 54 York

85 2043 113 52 and
224 2042 258 68 London,
509 2041 233 67 Harper
768 2042 45 51 &
839 2040 278 68 brothers,
1144 2041 150 51 1936.

152 2115 28 39 4
205 2126 43 37 p.
296 2146 23 16 l.,
346 2114 85 41 239
456 2124 43 38 p.
560 2114 146 41 19½cm.

157 2172 163 42 “First
351 2172 225 41 edition.”

88 2241 52 54 ©
173 2246 120 40 Mar.
329 2245 67 48 19,
431 2243 140 48 1936;
607 2244 51 41 2c.
709 2245 122 40 Mar.
865 2243 81 44 19;
984 2244 82 40 aff.
1103 2245 120 40 Mar.
1259 2244 81 47 21;
1378 2244 41 40 A
1452 2242 171 50 93311;
1661 2245 62 40 M.
1760 2244 49 42 C.
1843 2244 241 50 Banning,

158 2303 202 40 Duluth.
433 2302 250 49 (36-7367)

88 2405 260 63 Barrett,
373 2404 256 53 Thomas
656 2404 53 54 J.

157 2481 121 52 The
309 2479 387 55 Constitution
728 2480 112 52 and
867 2480 95 52 the
993 2477 219 54 Senate.
1288 2478 156 54 “The
1473 2497 259 50 supreme
1760 2479 109 52 law
1898 2479 63 52 of
1989 2480 96 52 the

89 2557 171 53 land”;
321 2558 95 52 the
451 2556 391 55 Constitution
876 2557 63 52 of
972 2558 95 52 the
1101 2555 217 56 United
1356 2556 216 66 States;
1611 2575 31 34 a
1676 2556 313 53 discussion
2023 2557 62 53 of

90 2635 95 52 the
227 2634 310 69 principles
576 2634 67 53 of
686 2635 94 53 the
826 2633 407 68 Constitution,
1276 2635 322 68 respecting
1639 2635 96 53 the
1778 2653 219 50 powers
2046 2635 37 52 it

91 2712 223 53 confers
349 2730 154 50 upon
539 2712 96 52 the
675 2711 278 69 Congress
992 2717 56 47 to
1085 2713 67 51 be
1189 2713 95 51 the
1318 2711 149 53 “sole
1504 2712 177 68 judge
1717 2712 63 52 of
1818 2713 93 52 the
91 2713 1972 143 elections,

310 2795 241 61 returns,
605 2790 113 52 and
770 2788 417 69 qualifications
1239 2789 63 53 of
1353 2790 74 51 its
1479 2808 126 34 own
1657 2791 274 51 members;
2013 2791 72 67 by

91 2867 247 53 Thomas
372 2868 54 54 J.
462 2868 237 53 Barrett
735 2911 55 9 ...
874 2864 375 70 [Charleston,
1280 2867 90 53 W.
1406 2867 124 67 Va.,
1566 2875 17 21 c
1587 2870 151 65 1935]

91 2949 53 53 ©
169 2955 112 46 May
307 2955 68 47 13,
402 2953 139 47 1935;
569 2954 67 41 2c.
665 2956 115 46 May
804 2956 57 39 13;
915 2955 82 41 aff.
1026 2956 112 47 May
1165 2956 81 46 14;
1276 2957 41 37 A
1344 2956 169 46 81818;
1543 2957 50 39 T.
1624 2958 42 39 J.
1694 2958 215 45 Barrett,
1934 2957 151 40 Terra

159 3010 128 48 Alta,
315 3011 71 40 W.
415 3012 85 39 Va.
569 3011 250 49 (36-7231)

88 3114 297 64 Barretto,
417 3114 208 65 Larry,
661 3121 170 49 1890-

161 3191 330 51 Tomorrow
517 3190 120 53 will
664 3190 69 53 be
760 3190 283 59 different,
1072 3191 75 68 by
1174 3192 187 67 Larry
1391 3193 285 53 Barretto.
1738 3193 138 52 New
1909 3193 178 58 York,

91 3267 214 52 Farrar
330 3269 45 50 &
401 3266 298 57 Rinehart,
726 3268 399 68 incorporated
1158 3273 191 64 [c1936]

162 3340 599 53 3 p. l., 3-310 p. 19½ cm .
95 3404 52 53 ©
175 3410 120 38 Mar.
326 3408 68 45 19,
424 3409 113 41 1936;
595 3409 69 40 2c.
694 3411 121 39 Mar.
846 3410 53 39 21;
961 3410 81 40 aff.
1074 3411 121 40 Mar.
1226 3410 55 40 20;
1341 3412 39 38 A
1410 3411 144 41 93275;
1615 3413 50 40 L.
1696 3414 245 45 Barretto,
1972 3414 117 39 New

163 3466 144 39 York.
377 3465 249 48 (36-7256)

92 3569 312 65 Bertrand,
433 3571 197 64 Louis,
665 3577 169 48 1866-

170 3688 54 9 ...
263 3646 107 52 Les
406 3646 260 69 journées
701 3647 76 51 du
813 3647 184 68 grand
1032 3649 102 52 roi.
1205 3648 156 53 Avec
1397 3654 196 62 quatre
1629 3650 266 67 planches
95 3650 1968 127 horstexte

270 3723 167 54 tirées
465 3742 68 33 en
559 3723 414 69 héliogravure.
1042 3726 202 66 [Paris]
1276 3727 411 67 Flammarion,
1714 3733 18 23 c
1737 3730 149 50 1935.

96 3795 1976 109 126 p., 1 l. 4 pl. (incl. front.) 18 cm . [“Hier et aujourd’hui”; collection dirigée par m. Octave Aubry]
168 3909 91 42 “Le
285 3912 132 39 texte
444 3911 81 47 qui
553 3911 240 41 constitue
821 3923 51 30 ce
900 3913 189 40 volume
1116 3915 73 39 est
1216 3913 197 41 inédit.”

97 3975 1992 59 © Dec. 19, 1935; 1c. Jan. 8, 1936; A- Foreign 30204; Ernest Flammarion.
177 4036 247 38 (36-7286)
