2519 4377
1370 4133 99 49 532

474 534 85 40 351
588 545 43 38 p.
689 533 55 40 21
748 535 44 22 cm
798 565 9 9 .

472 591 291 40 Illustrated
797 589 365 50 lining-papers.

479 647 166 42 “First
676 645 228 43 edition.”

406 713 56 54 ©
499 719 112 46 May
651 718 41 47 1,
731 716 141 47 1936;
914 717 67 40 2c.
1023 719 114 46 May
1176 718 52 45 6;
1270 717 82 41 aff.
1393 719 114 47 May
1547 719 51 45 7;
1641 718 41 39 A
1723 717 171 48 94308;
1940 718 53 40 G.
2033 720 228 46 Burgess,
2301 720 118 39 New

476 775 146 40 York.
671 774 271 50 .(36-9695)

407 877 205 64 Cabot,
643 875 260 57 Richard
933 876 229 66 Clarke,
1195 883 171 50 1868-

479 954 1876 70 The meaning of right and wrong, by Richard C. Cabot …
408 1033 136 54 Rev.
580 1033 84 53 ed.
741 1033 139 53 New
916 1034 181 67 York,
1132 1034 121 53 The
1286 1033 336 54 Macmillan
1656 1053 298 50 company,
1993 1040 149 49 1936.

480 1107 794 49 xii p., 1 l., 469 p. diagr. 20½cm.
408 1175 53 53 ©
494 1179 114 48 Apr.
640 1178 71 48 25,
747 1178 114 40 1936;
927 1179 67 39 2c.
1031 1180 95 39 and
1161 1179 83 40 aff.
1278 1179 114 48 Apr.
1427 1179 83 47 27;
1547 1179 41 39 A
1623 1178 170 47 93826;
1832 1179 283 41 Macmillan
2151 1190 67 30 co.

489 1235 253 49 (36-9648)

409 1337 419 65 Chrostwaite,
858 1338 259 54 Thomas
1147 1338 265 64 Francis,
1447 1343 172 52 1873-

481 1416 430 68 Pennsylvania
938 1416 258 69 borough
1231 1417 109 53 law
1386 1416 99 68 (3d
1520 1417 353 68 ed.—1936),
1906 1417 77 68 by
2015 1418 65 52 T.
2115 1418 66 51 F.

411 1418 1987 146 Chrostwaite … Hanover, Penna., Anthony printing co. [ c 1936]
481 1568 277 51 461 p. 24 cm.
410 1637 53 54 ©
488 1642 115 49 Apr.
629 1640 72 48 24,
729 1641 140 46 1936;
900 1641 68 40 2c.
997 1641 94 40 and
1120 1641 83 41 aff.
1230 1642 114 47 Apr.
1372 1642 83 46 27;
1486 1642 40 38 A
1556 1642 171 46 93814;
1759 1642 51 38 T.
1840 1642 51 40 F.
1921 1642 341 47 Chrostwaite,

479 1643 1927 105 Hanover,
637 1699 84 40 Pa.
792 1697 251 49 (36-9787)

411 1803 120 53 The
575 1803 125 54 cold
746 1802 199 54 frame.
1045 1803 223 52 volume
1314 1808 45 49 5.
1404 1804 95 53 An
1542 1803 314 69 anthology
1899 1804 63 54 of
2008 1823 157 34 verse
2208 1805 74 67 by
2327 1805 95 52 the

479 1880 186 56 senior
710 1882 160 66 class,
915 1882 124 54 Our
1081 1882 165 66 Lady
1289 1882 62 53 of
1396 1900 189 50 mercy
1627 1882 144 68 high
1814 1883 206 53 school.
2097 1884 326 65 Rochester,

480 1962 69 52 N.
580 1962 92 64 Y.,
700 1964 151 49 1936.

479 2033 672 49 2 p. l., vii-xvi, 78 p. 22½cm.
410 2100 53 53 ©
492 2105 114 47 May
636 2104 39 48 5,
706 2102 141 48 1936;
877 2103 68 41 2c.
976 2104 97 40 and
1101 2103 83 41 aff.
1216 2105 114 46 May
1356 2104 52 45 8;
1442 2104 41 39 A
1511 2103 172 48 94386;
1719 2104 180 41 Sisters
1930 2105 52 39 of
2011 2115 175 39 mercy,
482 2105 1924 103 Rochester,
595 2162 55 38 N.
678 2162 53 39 Y.

413 2266 226 63 Coster,
669 2265 248 55 Charles
941 2266 226 63 Henry.

485 2343 122 55 The
665 2341 290 55 Iudicium
1010 2342 448 68 quinquevirale,
1514 2342 75 67 by
1648 2342 239 56 Charles
1944 2344 202 67 Henry
2208 2345 215 55 Coster.

415 2418 366 71 Cambridge,
812 2421 191 66 Mass.,
1037 2420 121 54 The
1192 2420 323 54 Mediaeval
1550 2422 271 67 academy
1855 2421 64 54 of
1952 2421 285 68 America,
2273 2427 149 49 1935.

487 2495 80 48 vii,
591 2496 57 40 87
671 2506 42 38 p.
774 2494 59 40 26
833 2496 45 21 cm
882 2525 8 7 .
962 2494 299 49 (Half-title:
1285 2494 326 49 Monographs
1635 2496 55 40 of
1714 2496 81 40 the
1820 2496 269 40 Mediaeval
2118 2498 230 47 academy
2374 2497 51 42 of

414 2552 236 41 America,
712 2561 73 30 no.
817 2550 80 48 10)

485 2609 101 40 The
615 2607 243 42 Iudicium
885 2607 368 49 quinquevirale
1281 2618 101 30 was
1411 2619 28 30 a
1466 2607 246 50 judiciary
1739 2607 276 43 committee
2045 2610 51 40 of
2126 2610 80 40 the
2238 2610 183 40 Roman

417 2665 189 47 Senate,
634 2666 190 39 formed
852 2667 49 38 to
928 2665 108 40 deal
1066 2665 111 48 only
1207 2664 119 42 with
1355 2674 135 31 cases
1517 2665 48 39 in
1594 2665 159 41 which
1783 2668 252 46 magnates
2067 2677 124 29 were
2221 2667 200 40 accused

414 2721 53 41 of
501 2733 115 38 very
647 2722 187 40 serious
869 2721 187 42 crimes.
1116 2721 119 41 This
1269 2723 139 40 court
1442 2722 50 39 of
1527 2720 224 43 criminal
1785 2720 312 51 jurisdiction
2136 2733 99 30 was
416 2725 1990 96 established

597 2779 62 48 by
688 2789 27 29 a
744 2781 187 39 statute
956 2778 257 41 contained
1245 2778 46 39 in
1321 2779 81 40 the
1431 2778 162 41 Codex
1621 2778 367 41 Theodosianus
2076 2811 8 12 IX,
2113 2781 39 44 1,
2181 2781 54 39 13
2268 2779 153 41 which

417 2847 101 30 was
545 2837 117 40 read
690 2835 48 40 in
768 2836 83 40 the
879 2835 178 42 Senate
1080 2846 60 30 on
1169 2836 54 39 11
1253 2835 250 49 February
1530 2835 98 41 376.
1690 2835 61 49 cf.
1781 2847 41 37 p.
1853 2847 42 36 v,
1925 2836 59 40 26
2008 2837 94 39 and
2133 2836 67 40 28.

487 2893 129 40 “The
646 2893 298 49 publication
979 2892 52 42 of
1064 2888 98 47 this
1196 2893 123 41 book
1352 2903 101 31 was
1488 2893 140 40 made
1662 2890 209 52 possible
1903 2893 61 49 by
2001 2905 25 29 a
2062 2893 122 41 fund
2219 2893 203 49 granted

418 2951 80 40 the
526 2952 231 46 academy
785 2951 61 48 by
872 2950 82 41 the
983 2950 236 48 Carnegie
1246 2950 307 48 corporation
1582 2950 50 40 of
1660 2951 119 39 New
1806 2949 172 42 York.”

485 3007 205 41 “Notes”:
749 3018 43 38 p.
824 3008 159 39 65-82.

764 3062 385 50 CONTENTS.—Composition
1175 3064 96 41 and
1292 3063 223 42 function
1541 3063 51 40 of
1617 3063 82 41 the
1723 3062 239 42 Iudicium
1989 3062 435 50 quinquevirale.—

416 3121 102 40 The
549 3122 216 48 struggle
797 3121 214 41 between
1044 3120 315 42 Valentinian
1392 3122 94 39 and
1518 3121 81 40 the
1636 3120 353 41 Senate.—The
2022 3121 216 39 reaction
2273 3120 151 40 under

417 3177 206 41 Gratian
650 3179 96 40 and
775 3178 81 41 the
884 3177 214 42 creation
1124 3178 52 40 of
1204 3178 82 41 the
1315 3177 241 41 Iudicium
1585 3177 704 48 quinquevirale.—Questions
416 3188 1988 95 concerning
641 3234 84 42 the
749 3233 310 50 jurisdiction
1086 3235 50 40 of
1165 3235 81 40 the
1274 3232 241 43 Iudicium
1543 3233 544 49 quinquevirale.—The
2117 3233 111 40 trial
2262 3234 50 38 of
2341 3235 83 37 Ar

416 3291 201 41 vandus.
636 3314 61 6 —
712 3292 102 41 The
851 3291 115 41 trial
1004 3291 53 41 of
1091 3291 216 41 Basilius
1344 3292 94 40 and
1476 3291 361 40 Praetextatus.
1853 3313 60 5 —
1928 3290 101 40 The
2068 3290 115 40 trial
2222 3290 49 39 of
419 3291 1988 99 Boethius.—Conclusion.

415 3413 54 54 ©
501 3419 111 40 Dec.
647 3420 69 46 11,
750 3419 140 45 1935;
926 3418 66 41 2c.
1027 3419 110 42 Jan.
1172 3419 69 46 14,
1273 3418 140 46 1936;
1450 3415 82 43 aff.
1568 3420 111 38 Dec.
1713 3418 69 45 18,
1817 3416 141 47 1935;
1996 3417 40 39 A
2069 3416 171 41 90288:
485 3414 1921 102 Mediaeval
660 3477 232 47 academy
926 3476 51 39 of
1009 3476 239 39 America.
1319 3474 252 49 (36-9782)

416 3578 310 66 Coughlin,
757 3579 246 56 Charles
1033 3578 273 65 Edward,
1338 3584 171 50 1891-

488 3655 241 69 Money!
826 3655 306 65 Questions
1189 3656 112 54 and
1361 3674 262 35 answers.
1716 3656 91 66 By
1864 3655 138 53 Rev.
2063 3653 236 56 Charles
2358 3654 64 51 E.

420 3733 306 69 Coughlin.
800 3734 186 68 Royal
1025 3733 147 68 Oak,
1206 3731 194 69 Mich.,
1435 3733 124 53 The
1595 3732 272 54 National
1905 3732 177 53 union
2122 3731 91 54 for
2251 3731 172 54 social

417 3810 205 71 justice
656 3844 16 36 [
675 3818 19 23 c
698 3815 153 65 1936]

490 3885 594 49 2 p. l., 7-188 p. 21 cm .
488 3941 376 50 Bibliography:
896 3953 41 37 p.
969 3941 217 43 183-184.

417 4007 2006 53 © Apr. 2, 1936; 2c. Apr. 8; aff. Apr. 22; A 94183; Natl. union for
491 4070 148 40 social
674 4068 191 44 justice.
939 4068 251 44 (36-9774)
