<alto xmlns="http://www.loc.gov/standards/alto/ns-v3#" xmlns:xsi="http://www.w3.org/2001/XMLSchema-instance" xsi:schemaLocation="http://www.loc.gov/standards/alto/ns-v3# http://www.loc.gov/alto/v3/alto-3-0.xsd"><Description>
<MeasurementUnit>pixel</MeasurementUnit>
<sourceImageInformation>
<fileName>1936_v33_Part1.pdf</fileName>
</sourceImageInformation>
<OCRProcessing ID="IdOcr">
<ocrProcessingStep>
<processingDateTime>2019-01-18</processingDateTime>
<processingSoftware>
<softwareCreator>ABBYY</softwareCreator>
<softwareName>ABBYY Recognition Server</softwareName>
<softwareVersion>4.0</softwareVersion>
</processingSoftware>
</ocrProcessingStep>
</OCRProcessing>
</Description>
<Styles>
<ParagraphStyle ALIGN="Left" FIRSTLINE="0." ID="StyleId-FFFFFFFF-FFFF-FFFF-FFFF-FFFFFFFFFFFF-" LEFT="0." RIGHT="0." />
<ParagraphStyle ALIGN="Left" FIRSTLINE="0." ID="StyleId-51D50FAC-7A90-4D70-8A96-5EA9D46D1C8B-" LEFT="0." LINESPACE="7.699999809" RIGHT="0." />
<ParagraphStyle ALIGN="Block" FIRSTLINE="-17." ID="StyleId-6BC133E9-7DCB-43C3-8842-A67984A26405-" LEFT="0." LINESPACE="8.340000153" RIGHT="0." />
<ParagraphStyle ALIGN="Left" FIRSTLINE="-13." ID="StyleId-3C3FF860-43E7-46A2-8934-48F305F6F0D6-" LEFT="0." LINESPACE="11.06999969" RIGHT="0." />
<ParagraphStyle ALIGN="Block" FIRSTLINE="-13." ID="StyleId-19220C76-4F8A-4737-B38C-B5F5C17E6040-" LEFT="0." LINESPACE="11.06999969" RIGHT="0." />
<ParagraphStyle ALIGN="Left" FIRSTLINE="0." ID="StyleId-75A0D721-13ED-4F20-9002-B389EC48477D-" LEFT="0." LINESPACE="15.5" RIGHT="0." />
<ParagraphStyle ALIGN="Left" FIRSTLINE="0." ID="StyleId-8A414184-C7A5-4AC7-9B88-7DA4DDE75922-" LEFT="0." LINESPACE="9.399999619" RIGHT="0." />
<ParagraphStyle ALIGN="Left" FIRSTLINE="0." ID="StyleId-1A87970B-111C-4169-99A6-9412976F3C97-" LEFT="0." LINESPACE="10.5" RIGHT="0." />
<ParagraphStyle ALIGN="Block" FIRSTLINE="-17." ID="StyleId-72DB0571-5AE4-41FD-9E11-68C6AC4C437E-" LEFT="0." LINESPACE="8.340000153" RIGHT="0." />
<ParagraphStyle ALIGN="Center" FIRSTLINE="0." ID="StyleId-1AA43056-C388-4697-B10F-72FDAA38FAE1-" LEFT="0." LINESPACE="10.5" RIGHT="0." />
</Styles>
<Layout>
<Page HEIGHT="4377" ID="Page1034" PHYSICAL_IMG_NR="1034" WIDTH="2519">
<TopMargin HEIGHT="432" HPOS="0" VPOS="0" WIDTH="2519">
</TopMargin>
<LeftMargin HEIGHT="3681" HPOS="0" VPOS="432" WIDTH="348">
</LeftMargin>
<RightMargin HEIGHT="3681" HPOS="2398" VPOS="432" WIDTH="121">
</RightMargin>
<BottomMargin HEIGHT="264" HPOS="0" VPOS="4113" WIDTH="2519">
<TextBlock HEIGHT="151" HPOS="1222" ID="Page1034_Block1" LANG="en-US" STYLEREFS="StyleId-702F3540-920D-4E87-BF4C-AA86E3A16E84-" VPOS="4113" WIDTH="282">
<TextLine HEIGHT="48" HPOS="1289" VPOS="4131" WIDTH="133">
<String CONTENT="1034" HEIGHT="48" HPOS="1289" VPOS="4131" WIDTH="133" />
</TextLine>
</TextBlock>
</BottomMargin>
<PrintSpace HEIGHT="3681" HPOS="348" VPOS="432" WIDTH="2050">
<TextBlock CS="1" HEIGHT="3681" HPOS="348" ID="Page1034_Block2" LANG="en-US" STYLEREFS="StyleId-3FAFD1A9-3F07-4DD4-93BA-C2F9A047415B-" VPOS="432" WIDTH="2050">
<TextLine HEIGHT="72" HPOS="366" STYLEREFS="StyleId-660EC120-8F78-4891-88E5-0066F9740467-" VPOS="443" WIDTH="2016">
<String CONTENT="Public" HEIGHT="55" HPOS="366" VPOS="443" WIDTH="205" />
<SP HEIGHT="35" HPOS="572" VPOS="463" WIDTH="35" />
<String CONTENT="utilities" HEIGHT="53" HPOS="608" VPOS="445" WIDTH="243" />
<SP HEIGHT="33" HPOS="852" VPOS="464" WIDTH="38" />
<String CONTENT="reports" HEIGHT="63" HPOS="891" VPOS="449" WIDTH="221" />
<SP HEIGHT="66" HPOS="1113" VPOS="446" WIDTH="50" />
<String CONTENT="(New" HEIGHT="67" HPOS="1164" VPOS="445" WIDTH="165" />
<SP HEIGHT="34" HPOS="1330" VPOS="463" WIDTH="38" />
<String CONTENT="series)," HEIGHT="68" HPOS="1369" VPOS="445" WIDTH="226" />
<SP HEIGHT="49" HPOS="1596" VPOS="464" WIDTH="35" />
<String CONTENT="containing" HEIGHT="69" HPOS="1632" VPOS="446" WIDTH="335" />
<SP HEIGHT="69" HPOS="1968" VPOS="446" WIDTH="35" />
<String CONTENT="decisions" HEIGHT="54" HPOS="2004" VPOS="446" WIDTH="277" />
<SP HEIGHT="35" HPOS="2282" VPOS="464" WIDTH="35" />
<String CONTENT="of" HEIGHT="53" HPOS="2318" VPOS="446" WIDTH="64" />
</TextLine>
<TextLine HEIGHT="70" HPOS="437" STYLEREFS="StyleId-660EC120-8F78-4891-88E5-0066F9740467-" VPOS="522" WIDTH="1946">
<String CONTENT="the" HEIGHT="53" HPOS="437" VPOS="523" WIDTH="95" />
<SP HEIGHT="34" HPOS="533" VPOS="542" WIDTH="31" />
<String CONTENT="regulatory" HEIGHT="67" HPOS="565" VPOS="524" WIDTH="333" />
<SP HEIGHT="48" HPOS="899" VPOS="542" WIDTH="29" />
<String CONTENT="commissions" HEIGHT="55" HPOS="929" VPOS="522" WIDTH="388" />
<SP HEIGHT="34" HPOS="1318" VPOS="541" WIDTH="33" />
<String CONTENT="and" HEIGHT="52" HPOS="1352" VPOS="524" WIDTH="113" />
<SP HEIGHT="52" HPOS="1466" VPOS="524" WIDTH="31" />
<String CONTENT="of" HEIGHT="52" HPOS="1498" VPOS="524" WIDTH="63" />
<SP HEIGHT="52" HPOS="1562" VPOS="524" WIDTH="29" />
<String CONTENT="state" HEIGHT="48" HPOS="1592" VPOS="529" WIDTH="145" />
<SP HEIGHT="34" HPOS="1738" VPOS="543" WIDTH="34" />
<String CONTENT="and" HEIGHT="52" HPOS="1773" VPOS="525" WIDTH="113" />
<SP HEIGHT="53" HPOS="1887" VPOS="524" WIDTH="32" />
<String CONTENT="federal" HEIGHT="54" HPOS="1920" VPOS="524" WIDTH="220" />
<SP HEIGHT="53" HPOS="2141" VPOS="524" WIDTH="34" />
<String CONTENT="courts," HEIGHT="62" HPOS="2176" VPOS="530" WIDTH="207" />
</TextLine>
<TextLine CS="1" HEIGHT="72" HPOS="437" STYLEREFS="StyleId-660EC120-8F78-4891-88E5-0066F9740467-" VPOS="599" WIDTH="1946">
<String CONTENT="Henry" HEIGHT="67" HPOS="437" VPOS="602" WIDTH="205" />
<SP HEIGHT="67" HPOS="643" VPOS="602" WIDTH="30" />
<String CONTENT="C." HEIGHT="56" HPOS="674" VPOS="602" WIDTH="63" />
<SP HEIGHT="55" HPOS="738" VPOS="601" WIDTH="31" />
<String CONTENT="Spurr" HEIGHT="68" HPOS="770" VPOS="601" WIDTH="187" />
<SP HEIGHT="33" HPOS="958" VPOS="620" WIDTH="34" />
<String CONTENT="&#8230;" CS="1" />
<SP HEIGHT="34" HPOS="1050" VPOS="620" WIDTH="34" />
<String CONTENT="editor." HEIGHT="55" HPOS="1085" VPOS="599" WIDTH="201" />
<SP HEIGHT="53" HPOS="1287" VPOS="602" WIDTH="74" />
<String CONTENT="Volume" HEIGHT="54" HPOS="1362" VPOS="602" WIDTH="243" />
<SP HEIGHT="50" HPOS="1606" VPOS="606" WIDTH="33" />
<String CONTENT="12," HEIGHT="64" HPOS="1640" VPOS="605" WIDTH="82" />
<SP HEIGHT="62" HPOS="1723" VPOS="607" WIDTH="32" />
<String CONTENT="1936." HEIGHT="49" HPOS="1756" VPOS="606" WIDTH="148" />
<SP HEIGHT="53" HPOS="1905" VPOS="604" WIDTH="73" />
<String CONTENT="Washington," HEIGHT="69" HPOS="1979" VPOS="602" WIDTH="404" />
</TextLine>
<TextLine CS="1" HEIGHT="69" HPOS="438" STYLEREFS="StyleId-660EC120-8F78-4891-88E5-0066F9740467-" VPOS="679" WIDTH="1937">
<String CONTENT="D." HEIGHT="51" HPOS="438" VPOS="682" WIDTH="71" />
<SP HEIGHT="54" HPOS="510" VPOS="680" WIDTH="36" />
<String CONTENT="C.," HEIGHT="66" HPOS="547" VPOS="680" WIDTH="81" />
<SP HEIGHT="65" HPOS="629" VPOS="681" WIDTH="30" />
<String CONTENT="Rochester," HEIGHT="68" HPOS="660" VPOS="679" WIDTH="327" />
<SP HEIGHT="67" HPOS="988" VPOS="680" WIDTH="32" />
<String CONTENT="N." HEIGHT="53" HPOS="1021" VPOS="680" WIDTH="69" />
<SP HEIGHT="53" HPOS="1091" VPOS="680" WIDTH="34" />
<String CONTENT="Y.," HEIGHT="67" HPOS="1126" VPOS="680" WIDTH="91" />
<SP HEIGHT="65" HPOS="1218" VPOS="682" WIDTH="30" />
<String CONTENT="Public" HEIGHT="53" HPOS="1249" VPOS="680" WIDTH="206" />
<SP HEIGHT="34" HPOS="1456" VPOS="698" WIDTH="29" />
<String CONTENT="utilities" HEIGHT="53" HPOS="1486" VPOS="680" WIDTH="245" />
<SP HEIGHT="33" HPOS="1732" VPOS="700" WIDTH="28" />
<String CONTENT="reports," HEIGHT="62" HPOS="1761" VPOS="686" WIDTH="241" />
<SP HEIGHT="66" HPOS="2003" VPOS="681" WIDTH="30" />
<String CONTENT="inc." HEIGHT="53" HPOS="2034" VPOS="681" WIDTH="108" />
<SP />
<String CONTENT="[c1936]" CS="1" HEIGHT="33" HPOS="2364" VPOS="715" WIDTH="11" />
</TextLine>
<TextLine HEIGHT="52" HPOS="438" STYLEREFS="StyleId-660EC120-8F78-4891-88E5-0066F9740467-" VPOS="751" WIDTH="494">
<String CONTENT="xxix," HEIGHT="51" HPOS="438" VPOS="752" WIDTH="133" />
<SP HEIGHT="50" HPOS="572" VPOS="753" WIDTH="28" />
<String CONTENT="600" HEIGHT="40" HPOS="601" VPOS="752" WIDTH="86" />
<SP HEIGHT="38" HPOS="692" VPOS="762" WIDTH="22" />
<String CONTENT="p." HEIGHT="38" HPOS="715" VPOS="762" WIDTH="44" />
<SP HEIGHT="42" HPOS="760" VPOS="751" WIDTH="54" />
<String CONTENT="25" HEIGHT="40" HPOS="815" VPOS="751" WIDTH="56" />
<String CONTENT="cm" HEIGHT="21" HPOS="874" STYLE="superscript" VPOS="754" WIDTH="45" />
<String CONTENT="." HEIGHT="8" HPOS="924" VPOS="784" WIDTH="8" />
</TextLine>
<TextLine HEIGHT="53" HPOS="369" VPOS="819" WIDTH="2013">
<String CONTENT="&#169;" HEIGHT="53" HPOS="369" VPOS="819" WIDTH="52" />
<SP HEIGHT="53" HPOS="422" VPOS="819" WIDTH="31" />
<String CONTENT="July" HEIGHT="47" HPOS="454" VPOS="823" WIDTH="117" />
<SP HEIGHT="46" HPOS="572" VPOS="824" WIDTH="27" />
<String CONTENT="31," HEIGHT="47" HPOS="600" VPOS="824" WIDTH="70" />
<SP HEIGHT="48" HPOS="671" VPOS="823" WIDTH="29" />
<String CONTENT="1936;" HEIGHT="48" HPOS="701" VPOS="822" WIDTH="142" />
<SP HEIGHT="48" HPOS="844" VPOS="822" WIDTH="31" />
<String CONTENT="2c." HEIGHT="40" HPOS="876" VPOS="822" WIDTH="68" />
<SP HEIGHT="30" HPOS="945" VPOS="832" WIDTH="32" />
<String CONTENT="and" HEIGHT="39" HPOS="978" VPOS="823" WIDTH="95" />
<SP HEIGHT="39" HPOS="1074" VPOS="823" WIDTH="32" />
<String CONTENT="aff." HEIGHT="41" HPOS="1107" VPOS="822" WIDTH="81" />
<SP HEIGHT="40" HPOS="1189" VPOS="823" WIDTH="30" />
<String CONTENT="Aug." HEIGHT="46" HPOS="1220" VPOS="823" WIDTH="121" />
<SP HEIGHT="40" HPOS="1342" VPOS="823" WIDTH="28" />
<String CONTENT="8;" HEIGHT="46" HPOS="1371" VPOS="823" WIDTH="52" />
<SP HEIGHT="46" HPOS="1424" VPOS="823" WIDTH="33" />
<String CONTENT="A" HEIGHT="38" HPOS="1458" VPOS="823" WIDTH="39" />
<SP HEIGHT="40" HPOS="1498" VPOS="821" WIDTH="30" />
<String CONTENT="96829;" HEIGHT="49" HPOS="1529" VPOS="821" WIDTH="171" />
<SP HEIGHT="47" HPOS="1701" VPOS="823" WIDTH="34" />
<String CONTENT="Public" HEIGHT="40" HPOS="1736" VPOS="822" WIDTH="170" />
<SP HEIGHT="30" HPOS="1907" VPOS="832" WIDTH="29" />
<String CONTENT="utilities" HEIGHT="40" HPOS="1937" VPOS="822" WIDTH="209" />
<SP HEIGHT="29" HPOS="2147" VPOS="833" WIDTH="30" />
<String CONTENT="reports," HEIGHT="47" HPOS="2178" VPOS="824" WIDTH="204" />
</TextLine>
<TextLine HEIGHT="41" HPOS="438" VPOS="880" WIDTH="90">
<String CONTENT="inc." HEIGHT="41" HPOS="438" VPOS="880" WIDTH="90" />
</TextLine>
<TextLine HEIGHT="68" HPOS="368" STYLEREFS="StyleId-660EC120-8F78-4891-88E5-0066F9740467-" VPOS="983" WIDTH="1257">
<String CONTENT="Punch," HEIGHT="55" HPOS="368" VPOS="983" WIDTH="223" />
<SP HEIGHT="36" HPOS="592" VPOS="1002" WIDTH="76" />
<String CONTENT="v." HEIGHT="35" HPOS="669" VPOS="1002" WIDTH="50" />
<SP HEIGHT="48" HPOS="720" VPOS="989" WIDTH="28" />
<String CONTENT="190," HEIGHT="64" HPOS="749" VPOS="987" WIDTH="116" />
<SP HEIGHT="49" HPOS="866" VPOS="1002" WIDTH="22" />
<String CONTENT="no." HEIGHT="35" HPOS="889" VPOS="1002" WIDTH="88" />
<SP HEIGHT="50" HPOS="978" VPOS="987" WIDTH="25" />
<String CONTENT="4962," HEIGHT="64" HPOS="1004" VPOS="986" WIDTH="155" />
<SP HEIGHT="65" HPOS="1160" VPOS="985" WIDTH="25" />
<String CONTENT="June" HEIGHT="54" HPOS="1186" VPOS="985" WIDTH="152" />
<SP HEIGHT="49" HPOS="1339" VPOS="987" WIDTH="24" />
<String CONTENT="24," HEIGHT="64" HPOS="1364" VPOS="987" WIDTH="84" />
<SP HEIGHT="63" HPOS="1449" VPOS="988" WIDTH="26" />
<String CONTENT="1936." HEIGHT="50" HPOS="1476" VPOS="987" WIDTH="149" />
</TextLine>
<TextLine CS="1" HEIGHT="54" HPOS="372" VPOS="1066" WIDTH="2016">
<String CONTENT="&#169;" HEIGHT="54" HPOS="372" VPOS="1066" WIDTH="53" />
<SP />
<String CONTENT="1c." CS="1" />
<SP />
<String CONTENT="Aug." HEIGHT="46" HPOS="549" VPOS="1072" WIDTH="121" />
<SP HEIGHT="41" HPOS="671" VPOS="1070" WIDTH="28" />
<String CONTENT="20," HEIGHT="47" HPOS="700" VPOS="1070" WIDTH="69" />
<SP HEIGHT="47" HPOS="770" VPOS="1070" WIDTH="30" />
<String CONTENT="1936;" HEIGHT="48" HPOS="801" VPOS="1069" WIDTH="141" />
<SP HEIGHT="47" HPOS="943" VPOS="1070" WIDTH="32" />
<String CONTENT="A" HEIGHT="39" HPOS="976" VPOS="1070" WIDTH="38" />
<SP HEIGHT="39" HPOS="1015" VPOS="1070" WIDTH="27" />
<String CONTENT="ad" HEIGHT="40" HPOS="1043" VPOS="1069" WIDTH="60" />
<SP HEIGHT="39" HPOS="1104" VPOS="1069" WIDTH="29" />
<String CONTENT="int." HEIGHT="39" HPOS="1134" VPOS="1069" WIDTH="85" />
<SP HEIGHT="40" HPOS="1220" VPOS="1068" WIDTH="31" />
<String CONTENT="21779;" HEIGHT="47" HPOS="1252" VPOS="1068" WIDTH="170" />
<SP HEIGHT="38" HPOS="1423" VPOS="1079" WIDTH="32" />
<String CONTENT="pubd." HEIGHT="48" HPOS="1456" VPOS="1069" WIDTH="143" />
<SP HEIGHT="40" HPOS="1600" VPOS="1070" WIDTH="32" />
<String CONTENT="June" HEIGHT="39" HPOS="1633" VPOS="1070" WIDTH="130" />
<SP HEIGHT="39" HPOS="1764" VPOS="1070" WIDTH="23" />
<String CONTENT="24;" HEIGHT="44" HPOS="1788" VPOS="1070" WIDTH="83" />
<SP HEIGHT="43" HPOS="1872" VPOS="1071" WIDTH="33" />
<String CONTENT="Herbert" HEIGHT="40" HPOS="1906" VPOS="1069" WIDTH="214" />
<SP HEIGHT="38" HPOS="2121" VPOS="1070" WIDTH="31" />
<String CONTENT="Heather," HEIGHT="48" HPOS="2153" VPOS="1069" WIDTH="235" />
</TextLine>
<TextLine HEIGHT="40" HPOS="435" VPOS="1128" WIDTH="213">
<String CONTENT="London." HEIGHT="40" HPOS="435" VPOS="1128" WIDTH="213" />
</TextLine>
<TextLine HEIGHT="65" HPOS="369" STYLEREFS="StyleId-660EC120-8F78-4891-88E5-0066F9740467-" VPOS="1232" WIDTH="410">
<String CONTENT="Quigg," HEIGHT="65" HPOS="369" VPOS="1232" WIDTH="214" />
<SP HEIGHT="65" HPOS="584" VPOS="1232" WIDTH="24" />
<String CONTENT="Jane." HEIGHT="54" HPOS="609" VPOS="1232" WIDTH="170" />
</TextLine>
<TextLine HEIGHT="72" HPOS="443" STYLEREFS="StyleId-660EC120-8F78-4891-88E5-0066F9740467-" VPOS="1319" WIDTH="1944">
<String CONTENT="Jean" HEIGHT="55" HPOS="443" VPOS="1321" WIDTH="149" />
<SP HEIGHT="35" HPOS="593" VPOS="1340" WIDTH="31" />
<String CONTENT="and" HEIGHT="54" HPOS="625" VPOS="1320" WIDTH="114" />
<SP HEIGHT="55" HPOS="740" VPOS="1320" WIDTH="31" />
<String CONTENT="Jon" HEIGHT="54" HPOS="772" VPOS="1321" WIDTH="117" />
<SP HEIGHT="34" HPOS="890" VPOS="1340" WIDTH="30" />
<String CONTENT="are" HEIGHT="35" HPOS="921" VPOS="1339" WIDTH="96" />
<SP HEIGHT="35" HPOS="1018" VPOS="1339" WIDTH="28" />
<String CONTENT="six," HEIGHT="68" HPOS="1047" VPOS="1320" WIDTH="108" />
<SP HEIGHT="67" HPOS="1156" VPOS="1321" WIDTH="30" />
<String CONTENT="by" HEIGHT="69" HPOS="1187" VPOS="1321" WIDTH="74" />
<SP HEIGHT="69" HPOS="1262" VPOS="1321" WIDTH="32" />
<String CONTENT="Jane" HEIGHT="54" HPOS="1295" VPOS="1321" WIDTH="148" />
<SP HEIGHT="65" HPOS="1444" VPOS="1320" WIDTH="30" />
<String CONTENT="Quigg;" HEIGHT="70" HPOS="1475" VPOS="1320" WIDTH="226" />
<SP HEIGHT="50" HPOS="1702" VPOS="1339" WIDTH="31" />
<String CONTENT="pictures" HEIGHT="70" HPOS="1734" VPOS="1319" WIDTH="251" />
<SP HEIGHT="53" HPOS="1986" VPOS="1321" WIDTH="36" />
<String CONTENT="by" HEIGHT="69" HPOS="2023" VPOS="1321" WIDTH="73" />
<SP HEIGHT="68" HPOS="2097" VPOS="1322" WIDTH="31" />
<String CONTENT="Romney" HEIGHT="69" HPOS="2129" VPOS="1322" WIDTH="258" />
</TextLine>
<TextLine HEIGHT="70" HPOS="372" STYLEREFS="StyleId-660EC120-8F78-4891-88E5-0066F9740467-" VPOS="1398" WIDTH="1381">
<String CONTENT="Gay." HEIGHT="68" HPOS="372" VPOS="1400" WIDTH="145" />
<SP HEIGHT="55" HPOS="518" VPOS="1399" WIDTH="60" />
<String CONTENT="New" HEIGHT="54" HPOS="579" VPOS="1399" WIDTH="141" />
<SP HEIGHT="53" HPOS="721" VPOS="1399" WIDTH="25" />
<String CONTENT="York," HEIGHT="70" HPOS="747" VPOS="1398" WIDTH="180" />
<SP HEIGHT="68" HPOS="928" VPOS="1400" WIDTH="25" />
<String CONTENT="T." HEIGHT="52" HPOS="954" VPOS="1400" WIDTH="65" />
<SP HEIGHT="54" HPOS="1020" VPOS="1399" WIDTH="28" />
<String CONTENT="Nelson" HEIGHT="54" HPOS="1049" VPOS="1399" WIDTH="212" />
<SP HEIGHT="34" HPOS="1262" VPOS="1418" WIDTH="26" />
<String CONTENT="and" HEIGHT="53" HPOS="1289" VPOS="1400" WIDTH="113" />
<SP HEIGHT="53" HPOS="1403" VPOS="1400" WIDTH="23" />
<String CONTENT="sons," HEIGHT="49" HPOS="1427" VPOS="1419" WIDTH="147" />
<SP HEIGHT="65" HPOS="1575" VPOS="1403" WIDTH="27" />
<String CONTENT="1936." HEIGHT="51" HPOS="1603" VPOS="1402" WIDTH="150" />
</TextLine>
<TextLine HEIGHT="50" HPOS="440" VPOS="1473" WIDTH="610">
<String CONTENT="54" HEIGHT="40" HPOS="440" VPOS="1474" WIDTH="56" />
<SP HEIGHT="48" HPOS="497" VPOS="1475" WIDTH="27" />
<String CONTENT="p." HEIGHT="38" HPOS="525" VPOS="1485" WIDTH="43" />
<SP HEIGHT="30" HPOS="569" VPOS="1484" WIDTH="57" />
<String CONTENT="col." HEIGHT="40" HPOS="627" VPOS="1474" WIDTH="88" />
<SP HEIGHT="40" HPOS="716" VPOS="1473" WIDTH="28" />
<String CONTENT="illus." HEIGHT="42" HPOS="745" VPOS="1473" WIDTH="128" />
<SP HEIGHT="41" HPOS="874" VPOS="1474" WIDTH="55" />
<String CONTENT="22" HEIGHT="40" HPOS="930" VPOS="1473" WIDTH="58" />
<String CONTENT="cm" HEIGHT="21" HPOS="991" STYLE="superscript" VPOS="1475" WIDTH="44" />
<String CONTENT="." HEIGHT="9" HPOS="1040" VPOS="1505" WIDTH="10" />
</TextLine>
<TextLine HEIGHT="49" HPOS="443" VPOS="1529" WIDTH="686">
<String CONTENT="Illustrated" HEIGHT="41" HPOS="443" VPOS="1531" WIDTH="291" />
<SP HEIGHT="39" HPOS="735" VPOS="1531" WIDTH="28" />
<String CONTENT="lining-papers." HEIGHT="49" HPOS="764" VPOS="1529" WIDTH="365" />
</TextLine>
<TextLine HEIGHT="55" HPOS="371" VPOS="1595" WIDTH="2017">
<String CONTENT="&#169;" HEIGHT="54" HPOS="371" VPOS="1595" WIDTH="53" />
<SP HEIGHT="54" HPOS="425" VPOS="1595" WIDTH="29" />
<String CONTENT="July" HEIGHT="47" HPOS="455" VPOS="1600" WIDTH="117" />
<SP HEIGHT="46" HPOS="573" VPOS="1601" WIDTH="26" />
<String CONTENT="15," HEIGHT="47" HPOS="600" VPOS="1600" WIDTH="69" />
<SP HEIGHT="46" HPOS="670" VPOS="1601" WIDTH="30" />
<String CONTENT="1936;" HEIGHT="50" HPOS="701" VPOS="1598" WIDTH="142" />
<SP HEIGHT="49" HPOS="844" VPOS="1599" WIDTH="31" />
<String CONTENT="2c." HEIGHT="42" HPOS="876" VPOS="1599" WIDTH="67" />
<SP HEIGHT="41" HPOS="944" VPOS="1600" WIDTH="31" />
<String CONTENT="July" HEIGHT="48" HPOS="976" VPOS="1600" WIDTH="117" />
<SP HEIGHT="46" HPOS="1094" VPOS="1602" WIDTH="30" />
<String CONTENT="17;" HEIGHT="47" HPOS="1125" VPOS="1601" WIDTH="81" />
<SP HEIGHT="38" HPOS="1207" VPOS="1610" WIDTH="30" />
<String CONTENT="aff." HEIGHT="43" HPOS="1238" VPOS="1599" WIDTH="81" />
<SP HEIGHT="42" HPOS="1320" VPOS="1600" WIDTH="32" />
<String CONTENT="July" HEIGHT="48" HPOS="1353" VPOS="1600" WIDTH="116" />
<SP HEIGHT="48" HPOS="1470" VPOS="1600" WIDTH="28" />
<String CONTENT="30;" HEIGHT="49" HPOS="1499" VPOS="1599" WIDTH="83" />
<SP HEIGHT="47" HPOS="1583" VPOS="1601" WIDTH="33" />
<String CONTENT="A" HEIGHT="40" HPOS="1617" VPOS="1601" WIDTH="39" />
<SP HEIGHT="41" HPOS="1657" VPOS="1600" WIDTH="29" />
<String CONTENT="97190;" HEIGHT="50" HPOS="1687" VPOS="1600" WIDTH="171" />
<SP HEIGHT="48" HPOS="1859" VPOS="1602" WIDTH="33" />
<String CONTENT="Thomas" HEIGHT="41" HPOS="1893" VPOS="1601" WIDTH="212" />
<SP HEIGHT="40" HPOS="2106" VPOS="1603" WIDTH="32" />
<String CONTENT="Nelson" HEIGHT="43" HPOS="2139" VPOS="1602" WIDTH="180" />
<SP HEIGHT="42" HPOS="2320" VPOS="1604" WIDTH="29" />
<String CONTENT="&amp;" HEIGHT="42" HPOS="2350" VPOS="1604" WIDTH="38" />
</TextLine>
<TextLine HEIGHT="50" HPOS="436" VPOS="1657" WIDTH="471">
<String CONTENT="sons." HEIGHT="31" HPOS="436" VPOS="1667" WIDTH="125" />
<SP HEIGHT="49" HPOS="562" VPOS="1657" WIDTH="62" />
<String CONTENT="(36-17398)" HEIGHT="50" HPOS="625" VPOS="1657" WIDTH="282" />
</TextLine>
<TextLine CS="1" HEIGHT="70" HPOS="369" STYLEREFS="StyleId-660EC120-8F78-4891-88E5-0066F9740467-" VPOS="1761" WIDTH="2014">
<String CONTENT="The" HEIGHT="52" HPOS="369" VPOS="1761" WIDTH="122" />
<SP HEIGHT="51" HPOS="492" VPOS="1763" WIDTH="37" />
<String CONTENT="R." HEIGHT="52" HPOS="530" VPOS="1763" WIDTH="68" />
<SP HEIGHT="54" HPOS="599" VPOS="1761" WIDTH="40" />
<String CONTENT="O." HEIGHT="54" HPOS="640" VPOS="1761" WIDTH="67" />
<SP HEIGHT="53" HPOS="708" VPOS="1762" WIDTH="36" />
<String CONTENT="T." HEIGHT="54" HPOS="745" VPOS="1762" WIDTH="64" />
<SP HEIGHT="53" HPOS="810" VPOS="1763" WIDTH="41" />
<String CONTENT="C." HEIGHT="53" HPOS="852" VPOS="1763" WIDTH="60" />
<SP HEIGHT="35" HPOS="913" VPOS="1780" WIDTH="40" />
<String CONTENT="course" HEIGHT="34" HPOS="954" VPOS="1779" WIDTH="194" />
<SP HEIGHT="35" HPOS="1149" VPOS="1779" WIDTH="36" />
<String CONTENT="of" HEIGHT="53" HPOS="1186" VPOS="1761" WIDTH="63" />
<SP HEIGHT="52" HPOS="1250" VPOS="1761" WIDTH="40" />
<String CONTENT="all" HEIGHT="52" HPOS="1291" VPOS="1761" WIDTH="77" />
<SP HEIGHT="53" HPOS="1369" VPOS="1761" WIDTH="39" />
<String CONTENT="arms." HEIGHT="35" HPOS="1409" VPOS="1780" WIDTH="165" />
<SP HEIGHT="34" HPOS="1575" VPOS="1795" WIDTH="80" />
<String CONTENT="[" HEIGHT="34" HPOS="1656" STYLE="subscript" VPOS="1795" WIDTH="13" />
<String CONTENT="v." HEIGHT="36" HPOS="1674" VPOS="1780" WIDTH="51" />
<SP HEIGHT="51" HPOS="1726" VPOS="1765" WIDTH="39" />
<String CONTENT="2]" HEIGHT="64" HPOS="1766" VPOS="1765" WIDTH="51" />
<SP HEIGHT="66" HPOS="1818" VPOS="1763" WIDTH="44" />
<String CONTENT="Advanced." HEIGHT="54" HPOS="1863" VPOS="1763" WIDTH="330" />
<SP HEIGHT="34" HPOS="2194" VPOS="1797" WIDTH="98" />
<String CONTENT="[3d" CS="1" HEIGHT="53" HPOS="2311" VPOS="1764" WIDTH="72" />
</TextLine>
<TextLine CS="1" HEIGHT="146" HPOS="436" STYLEREFS="StyleId-660EC120-8F78-4891-88E5-0066F9740467-" VPOS="1839" WIDTH="1921">
<String CONTENT="ed." HEIGHT="54" HPOS="437" VPOS="1839" WIDTH="83" />
<SP HEIGHT="64" HPOS="521" VPOS="1842" WIDTH="49" />
<String CONTENT="(rev.)]" HEIGHT="67" HPOS="571" VPOS="1840" WIDTH="200" />
<SP HEIGHT="66" HPOS="772" VPOS="1840" WIDTH="79" />
<String CONTENT="Harrisburg," HEIGHT="67" HPOS="852" VPOS="1840" WIDTH="378" />
<SP HEIGHT="65" HPOS="1231" VPOS="1842" WIDTH="35" />
<String CONTENT="Pa.," HEIGHT="66" HPOS="1267" VPOS="1842" WIDTH="120" />
<SP HEIGHT="66" HPOS="1388" VPOS="1842" WIDTH="33" />
<String CONTENT="The" HEIGHT="51" HPOS="1422" VPOS="1841" WIDTH="121" />
<SP HEIGHT="52" HPOS="1544" VPOS="1840" WIDTH="34" />
<String CONTENT="Military" HEIGHT="70" HPOS="1579" VPOS="1839" WIDTH="265" />
<SP HEIGHT="50" HPOS="1845" VPOS="1859" WIDTH="35" />
<String CONTENT="service" HEIGHT="52" HPOS="1881" VPOS="1842" WIDTH="211" />
<SP HEIGHT="50" HPOS="2093" VPOS="1860" WIDTH="33" />
<String CONTENT="publishing" HEIGHT="144" HPOS="436" VPOS="1841" WIDTH="1921" />
<SP HEIGHT="48" HPOS="538" VPOS="1937" WIDTH="23" />
<String CONTENT="co." HEIGHT="34" HPOS="562" VPOS="1937" WIDTH="77" />
<SP />
<String CONTENT="[c1936]" CS="1" HEIGHT="33" HPOS="857" VPOS="1952" WIDTH="11" />
</TextLine>
<TextLine CS="1" HEIGHT="49" HPOS="438" VPOS="1990" WIDTH="1485">
<String CONTENT="2" HEIGHT="38" HPOS="438" VPOS="1992" WIDTH="25" />
<SP />
<String CONTENT="p." HEIGHT="37" HPOS="489" VPOS="2001" WIDTH="42" />
<SP HEIGHT="40" HPOS="532" VPOS="1991" WIDTH="28" />
<String CONTENT="l.," CS="1" />
<SP HEIGHT="46" HPOS="603" VPOS="1992" WIDTH="25" />
<String CONTENT="375" HEIGHT="40" HPOS="629" VPOS="1992" WIDTH="86" />
<SP HEIGHT="47" HPOS="716" VPOS="1992" WIDTH="23" />
<String CONTENT="p." HEIGHT="37" HPOS="740" VPOS="2002" WIDTH="43" />
<SP HEIGHT="42" HPOS="784" VPOS="1991" WIDTH="54" />
<String CONTENT="illus." HEIGHT="39" HPOS="839" VPOS="1991" WIDTH="129" />
<SP HEIGHT="46" HPOS="969" VPOS="1992" WIDTH="28" />
<String CONTENT="(incl." HEIGHT="48" HPOS="998" VPOS="1990" WIDTH="133" />
<SP HEIGHT="27" HPOS="1132" VPOS="2001" WIDTH="25" />
<String CONTENT="maps)" HEIGHT="47" HPOS="1158" VPOS="1991" WIDTH="162" />
<SP HEIGHT="47" HPOS="1321" VPOS="1991" WIDTH="36" />
<String CONTENT="diagrs.," HEIGHT="49" HPOS="1358" VPOS="1990" WIDTH="194" />
<SP HEIGHT="49" HPOS="1553" VPOS="1990" WIDTH="26" />
<String CONTENT="forms." HEIGHT="42" HPOS="1580" VPOS="1990" WIDTH="170" />
<SP HEIGHT="41" HPOS="1751" VPOS="1991" WIDTH="54" />
<String CONTENT="24" HEIGHT="39" HPOS="1806" VPOS="1991" WIDTH="56" />
<String CONTENT="cm" HEIGHT="20" HPOS="1865" STYLE="superscript" VPOS="1994" WIDTH="44" />
<String CONTENT="." HEIGHT="8" HPOS="1914" VPOS="2024" WIDTH="9" />
</TextLine>
<TextLine CS="1" HEIGHT="42" HPOS="435" VPOS="2047" WIDTH="1945">
<String CONTENT="Title" HEIGHT="39" HPOS="435" VPOS="2049" WIDTH="130" />
<SP HEIGHT="29" HPOS="566" VPOS="2058" WIDTH="25" />
<String CONTENT="varies:" HEIGHT="40" HPOS="592" VPOS="2047" WIDTH="191" />
<SP HEIGHT="39" HPOS="784" VPOS="2048" WIDTH="32" />
<String CONTENT="1st-2d" CS="1" HEIGHT="39" HPOS="847" VPOS="2048" WIDTH="137" />
<SP HEIGHT="40" HPOS="985" VPOS="2048" WIDTH="34" />
<String CONTENT="editions" HEIGHT="41" HPOS="1020" VPOS="2047" WIDTH="210" />
<SP HEIGHT="40" HPOS="1231" VPOS="2047" WIDTH="29" />
<String CONTENT="have" HEIGHT="40" HPOS="1261" VPOS="2047" WIDTH="126" />
<SP HEIGHT="37" HPOS="1388" VPOS="2050" WIDTH="30" />
<String CONTENT="title:" HEIGHT="41" HPOS="1419" VPOS="2047" WIDTH="136" />
<SP HEIGHT="40" HPOS="1556" VPOS="2048" WIDTH="32" />
<String CONTENT="The" HEIGHT="40" HPOS="1589" VPOS="2048" WIDTH="103" />
<SP HEIGHT="39" HPOS="1693" VPOS="2049" WIDTH="29" />
<String CONTENT="R." HEIGHT="40" HPOS="1723" VPOS="2049" WIDTH="56" />
<SP HEIGHT="41" HPOS="1780" VPOS="2048" WIDTH="34" />
<String CONTENT="O." HEIGHT="40" HPOS="1815" VPOS="2048" WIDTH="51" />
<SP HEIGHT="39" HPOS="1867" VPOS="2049" WIDTH="32" />
<String CONTENT="T." HEIGHT="40" HPOS="1900" VPOS="2049" WIDTH="52" />
<SP HEIGHT="41" HPOS="1953" VPOS="2048" WIDTH="34" />
<String CONTENT="C." HEIGHT="41" HPOS="1988" VPOS="2048" WIDTH="49" />
<SP HEIGHT="31" HPOS="2038" VPOS="2058" WIDTH="32" />
<String CONTENT="manual" HEIGHT="39" HPOS="2071" VPOS="2049" WIDTH="198" />
<SP HEIGHT="39" HPOS="2270" VPOS="2048" WIDTH="31" />
<String CONTENT="for" HEIGHT="41" HPOS="2302" VPOS="2048" WIDTH="78" />
</TextLine>
<TextLine HEIGHT="39" HPOS="361" VPOS="2106" WIDTH="244">
<String CONTENT="all" HEIGHT="38" HPOS="361" VPOS="2106" WIDTH="66" />
<SP HEIGHT="39" HPOS="428" VPOS="2106" WIDTH="31" />
<String CONTENT="arms." HEIGHT="30" HPOS="460" VPOS="2115" WIDTH="145" />
</TextLine>
<TextLine HEIGHT="52" HPOS="365" VPOS="2172" WIDTH="2014">
<String CONTENT="&#169;" HEIGHT="52" HPOS="365" VPOS="2172" WIDTH="52" />
<SP HEIGHT="52" HPOS="418" VPOS="2172" WIDTH="23" />
<String CONTENT="Aug." HEIGHT="46" HPOS="442" VPOS="2176" WIDTH="118" />
<SP HEIGHT="39" HPOS="561" VPOS="2176" WIDTH="29" />
<String CONTENT="5," HEIGHT="47" HPOS="591" VPOS="2176" WIDTH="39" />
<SP HEIGHT="47" HPOS="631" VPOS="2176" WIDTH="28" />
<String CONTENT="1936;" HEIGHT="47" HPOS="660" VPOS="2175" WIDTH="141" />
<SP HEIGHT="47" HPOS="802" VPOS="2175" WIDTH="29" />
<String CONTENT="2c." HEIGHT="39" HPOS="832" VPOS="2175" WIDTH="66" />
<SP HEIGHT="29" HPOS="899" VPOS="2185" WIDTH="29" />
<String CONTENT="and" HEIGHT="39" HPOS="929" VPOS="2175" WIDTH="97" />
<SP HEIGHT="38" HPOS="1027" VPOS="2175" WIDTH="24" />
<String CONTENT="aff." HEIGHT="40" HPOS="1052" VPOS="2175" WIDTH="83" />
<SP HEIGHT="40" HPOS="1136" VPOS="2175" WIDTH="29" />
<String CONTENT="Aug." HEIGHT="46" HPOS="1166" VPOS="2175" WIDTH="120" />
<SP HEIGHT="39" HPOS="1287" VPOS="2175" WIDTH="28" />
<String CONTENT="12;" HEIGHT="48" HPOS="1316" VPOS="2174" WIDTH="82" />
<SP HEIGHT="47" HPOS="1399" VPOS="2175" WIDTH="31" />
<String CONTENT="A" HEIGHT="39" HPOS="1431" VPOS="2175" WIDTH="42" />
<SP HEIGHT="42" HPOS="1474" VPOS="2172" WIDTH="24" />
<String CONTENT="96880;" HEIGHT="49" HPOS="1499" VPOS="2172" WIDTH="172" />
<SP HEIGHT="45" HPOS="1672" VPOS="2176" WIDTH="33" />
<String CONTENT="Military" HEIGHT="48" HPOS="1706" VPOS="2173" WIDTH="221" />
<SP HEIGHT="36" HPOS="1928" VPOS="2185" WIDTH="28" />
<String CONTENT="service" HEIGHT="40" HPOS="1957" VPOS="2175" WIDTH="188" />
<SP HEIGHT="37" HPOS="2146" VPOS="2186" WIDTH="24" />
<String CONTENT="pub." HEIGHT="48" HPOS="2171" VPOS="2175" WIDTH="109" />
<SP HEIGHT="31" HPOS="2281" VPOS="2184" WIDTH="30" />
<String CONTENT="co." HEIGHT="32" HPOS="2312" VPOS="2184" WIDTH="67" />
</TextLine>
<TextLine CS="1" HEIGHT="52" HPOS="438" VPOS="2230" WIDTH="1675">
<String CONTENT="[Copyright" HEIGHT="50" HPOS="438" VPOS="2232" WIDTH="284" />
<SP HEIGHT="41" HPOS="723" VPOS="2232" WIDTH="21" />
<String CONTENT="is" HEIGHT="40" HPOS="745" VPOS="2232" WIDTH="43" />
<SP HEIGHT="31" HPOS="789" VPOS="2241" WIDTH="23" />
<String CONTENT="claimed" HEIGHT="41" HPOS="813" VPOS="2231" WIDTH="207" />
<SP HEIGHT="40" HPOS="1021" VPOS="2232" WIDTH="23" />
<String CONTENT="on" HEIGHT="30" HPOS="1045" VPOS="2241" WIDTH="60" />
<SP HEIGHT="29" HPOS="1106" VPOS="2242" WIDTH="21" />
<String CONTENT="revisions," HEIGHT="49" HPOS="1128" VPOS="2230" WIDTH="252" />
<SP />
<String CONTENT="corrections" HEIGHT="41" HPOS="1406" VPOS="2230" WIDTH="297" />
<SP />
<String CONTENT="and" HEIGHT="41" HPOS="1729" VPOS="2231" WIDTH="94" />
<SP HEIGHT="40" HPOS="1824" VPOS="2231" WIDTH="25" />
<String CONTENT="additions]" HEIGHT="51" HPOS="1850" VPOS="2231" WIDTH="263" />
</TextLine>
<TextLine HEIGHT="65" HPOS="363" STYLEREFS="StyleId-51920200-D493-4629-859D-17CCEBF05069-" VPOS="2337" WIDTH="548">
<String CONTENT="Randolph," HEIGHT="65" HPOS="363" VPOS="2337" WIDTH="329" />
<SP HEIGHT="64" HPOS="693" VPOS="2338" WIDTH="24" />
<String CONTENT="Mary." HEIGHT="63" HPOS="718" VPOS="2338" WIDTH="193" />
</TextLine>
<TextLine CS="1" HEIGHT="68" HPOS="436" STYLEREFS="StyleId-660EC120-8F78-4891-88E5-0066F9740467-" VPOS="2427" WIDTH="1946">
<String CONTENT="Presidents" HEIGHT="53" HPOS="436" VPOS="2428" WIDTH="335" />
<SP HEIGHT="35" HPOS="772" VPOS="2446" WIDTH="43" />
<String CONTENT="and" HEIGHT="53" HPOS="816" VPOS="2427" WIDTH="113" />
<SP HEIGHT="53" HPOS="930" VPOS="2427" WIDTH="46" />
<String CONTENT="first" HEIGHT="53" HPOS="977" VPOS="2427" WIDTH="128" />
<SP HEIGHT="52" HPOS="1106" VPOS="2428" WIDTH="41" />
<String CONTENT="ladies," HEIGHT="68" HPOS="1148" VPOS="2427" WIDTH="199" />
<SP HEIGHT="68" HPOS="1348" VPOS="2427" WIDTH="43" />
<String CONTENT="by" HEIGHT="68" HPOS="1392" VPOS="2427" WIDTH="76" />
<SP HEIGHT="68" HPOS="1469" VPOS="2427" WIDTH="44" />
<String CONTENT="Mary" HEIGHT="68" HPOS="1514" VPOS="2427" WIDTH="172" />
<SP HEIGHT="67" HPOS="1687" VPOS="2428" WIDTH="46" />
<String CONTENT="Randolph" HEIGHT="67" HPOS="1734" VPOS="2428" WIDTH="311" />
<SP HEIGHT="52" HPOS="2046" VPOS="2428" WIDTH="50" />
<String CONTENT="&#8230;" CS="1" />
<SP HEIGHT="54" HPOS="2155" VPOS="2427" WIDTH="86" />
<String CONTENT="New" HEIGHT="54" HPOS="2242" VPOS="2427" WIDTH="140" />
</TextLine>
<TextLine HEIGHT="70" HPOS="369" STYLEREFS="StyleId-660EC120-8F78-4891-88E5-0066F9740467-" VPOS="2507" WIDTH="2009">
<String CONTENT="York," HEIGHT="67" HPOS="369" VPOS="2508" WIDTH="175" />
<SP HEIGHT="66" HPOS="545" VPOS="2509" WIDTH="35" />
<String CONTENT="London," HEIGHT="66" HPOS="581" VPOS="2508" WIDTH="262" />
<SP HEIGHT="65" HPOS="844" VPOS="2509" WIDTH="37" />
<String CONTENT="D." HEIGHT="52" HPOS="882" VPOS="2509" WIDTH="70" />
<SP HEIGHT="52" HPOS="953" VPOS="2509" WIDTH="40" />
<String CONTENT="Appleton-Century" HEIGHT="69" HPOS="994" VPOS="2507" WIDTH="585" />
<SP HEIGHT="49" HPOS="1580" VPOS="2526" WIDTH="38" />
<String CONTENT="company," HEIGHT="49" HPOS="1619" VPOS="2526" WIDTH="298" />
<SP HEIGHT="67" HPOS="1918" VPOS="2507" WIDTH="39" />
<String CONTENT="incorporated," HEIGHT="70" HPOS="1958" VPOS="2507" WIDTH="420" />
</TextLine>
<TextLine HEIGHT="51" HPOS="368" STYLEREFS="StyleId-660EC120-8F78-4891-88E5-0066F9740467-" VPOS="2590" WIDTH="147">
<String CONTENT="1936." HEIGHT="51" HPOS="368" VPOS="2590" WIDTH="147" />
</TextLine>
<TextLine CS="1" HEIGHT="51" HPOS="432" VPOS="2657" WIDTH="1438">
<String CONTENT="5" HEIGHT="40" HPOS="432" VPOS="2660" WIDTH="25" />
<SP HEIGHT="48" HPOS="458" VPOS="2660" WIDTH="24" />
<String CONTENT="p." HEIGHT="38" HPOS="483" VPOS="2670" WIDTH="44" />
<SP HEIGHT="41" HPOS="528" VPOS="2660" WIDTH="28" />
<String CONTENT="l.," CS="1" />
<SP HEIGHT="47" HPOS="601" VPOS="2660" WIDTH="27" />
<String CONTENT="3-257" HEIGHT="42" HPOS="629" VPOS="2658" WIDTH="146" />
<SP HEIGHT="45" HPOS="776" VPOS="2661" WIDTH="24" />
<String CONTENT="p." HEIGHT="37" HPOS="801" VPOS="2669" WIDTH="44" />
<SP HEIGHT="42" HPOS="846" VPOS="2658" WIDTH="59" />
<String CONTENT="illus." HEIGHT="40" HPOS="906" VPOS="2658" WIDTH="130" />
<SP HEIGHT="49" HPOS="1037" VPOS="2658" WIDTH="28" />
<String CONTENT="(facsim.)" HEIGHT="51" HPOS="1066" VPOS="2657" WIDTH="241" />
<SP HEIGHT="47" HPOS="1308" VPOS="2661" WIDTH="31" />
<String CONTENT="plates," HEIGHT="49" HPOS="1340" VPOS="2658" WIDTH="174" />
<SP HEIGHT="39" HPOS="1515" VPOS="2668" WIDTH="26" />
<String CONTENT="ports." HEIGHT="46" HPOS="1542" VPOS="2661" WIDTH="153" />
<SP HEIGHT="42" HPOS="1696" VPOS="2658" WIDTH="56" />
<String CONTENT="20" HEIGHT="41" HPOS="1753" VPOS="2658" WIDTH="56" />
<String CONTENT="cm" HEIGHT="25" HPOS="1810" STYLE="superscript" VPOS="2661" WIDTH="46" />
<String CONTENT="." HEIGHT="8" HPOS="1861" VPOS="2690" WIDTH="9" />
</TextLine>
<TextLine HEIGHT="49" HPOS="436" VPOS="2715" WIDTH="1946">
<String CONTENT="The" HEIGHT="40" HPOS="436" VPOS="2717" WIDTH="102" />
<SP HEIGHT="29" HPOS="539" VPOS="2728" WIDTH="23" />
<String CONTENT="author" HEIGHT="40" HPOS="563" VPOS="2717" WIDTH="179" />
<SP HEIGHT="28" HPOS="743" VPOS="2728" WIDTH="23" />
<String CONTENT="was" HEIGHT="29" HPOS="767" VPOS="2727" WIDTH="101" />
<SP HEIGHT="40" HPOS="869" VPOS="2716" WIDTH="25" />
<String CONTENT="&#8220;White" HEIGHT="42" HPOS="895" VPOS="2715" WIDTH="193" />
<SP HEIGHT="41" HPOS="1089" VPOS="2716" WIDTH="23" />
<String CONTENT="House" HEIGHT="40" HPOS="1113" VPOS="2716" WIDTH="170" />
<SP HEIGHT="30" HPOS="1284" VPOS="2726" WIDTH="21" />
<String CONTENT="secretary" HEIGHT="46" HPOS="1306" VPOS="2718" WIDTH="248" />
<SP HEIGHT="48" HPOS="1555" VPOS="2716" WIDTH="22" />
<String CONTENT="for" HEIGHT="40" HPOS="1578" VPOS="2716" WIDTH="80" />
<SP HEIGHT="29" HPOS="1659" VPOS="2727" WIDTH="24" />
<String CONTENT="seven" HEIGHT="30" HPOS="1684" VPOS="2726" WIDTH="145" />
<SP HEIGHT="38" HPOS="1830" VPOS="2726" WIDTH="25" />
<String CONTENT="years&#8212;through" HEIGHT="47" HPOS="1856" VPOS="2717" WIDTH="416" />
<SP HEIGHT="40" HPOS="2273" VPOS="2717" WIDTH="26" />
<String CONTENT="the" HEIGHT="40" HPOS="2300" VPOS="2718" WIDTH="82" />
</TextLine>
<TextLine CS="1" HEIGHT="49" HPOS="368" VPOS="2771" WIDTH="2012">
<String CONTENT="whole" HEIGHT="39" HPOS="368" VPOS="2774" WIDTH="153" />
<SP HEIGHT="40" HPOS="522" VPOS="2774" WIDTH="27" />
<String CONTENT="Coolidge" HEIGHT="47" HPOS="550" VPOS="2773" WIDTH="229" />
<SP HEIGHT="29" HPOS="780" VPOS="2783" WIDTH="28" />
<String CONTENT="administration" HEIGHT="41" HPOS="809" VPOS="2771" WIDTH="400" />
<SP />
<String CONTENT="and" HEIGHT="40" HPOS="1242" VPOS="2772" WIDTH="96" />
<SP />
<String CONTENT="part" HEIGHT="46" HPOS="1364" VPOS="2774" WIDTH="114" />
<SP />
<String CONTENT="of" HEIGHT="41" HPOS="1508" VPOS="2772" WIDTH="53" />
<SP />
<String CONTENT="Herbert" HEIGHT="40" HPOS="1589" VPOS="2772" WIDTH="214" />
<SP />
<String CONTENT="Hoover&#8217;s&#8221;," HEIGHT="42" HPOS="1833" VPOS="2771" WIDTH="280" />
<SP />
<String CONTENT="cf." CS="1" HEIGHT="30" HPOS="2173" VPOS="2782" WIDTH="61" />
<SP HEIGHT="37" HPOS="2235" VPOS="2783" WIDTH="30" />
<String CONTENT="p." HEIGHT="37" HPOS="2266" VPOS="2783" WIDTH="41" />
<SP HEIGHT="38" HPOS="2308" VPOS="2775" WIDTH="30" />
<String CONTENT="4." HEIGHT="38" HPOS="2339" VPOS="2775" WIDTH="41" />
</TextLine>
<TextLine HEIGHT="54" HPOS="361" VPOS="2839" WIDTH="2014">
<String CONTENT="&#169;" HEIGHT="54" HPOS="361" VPOS="2839" WIDTH="53" />
<SP HEIGHT="54" HPOS="415" VPOS="2839" WIDTH="25" />
<String CONTENT="July" HEIGHT="48" HPOS="441" VPOS="2843" WIDTH="114" />
<SP HEIGHT="47" HPOS="556" VPOS="2844" WIDTH="25" />
<String CONTENT="24," HEIGHT="46" HPOS="582" VPOS="2844" WIDTH="68" />
<SP HEIGHT="46" HPOS="651" VPOS="2844" WIDTH="28" />
<String CONTENT="1936;" HEIGHT="47" HPOS="680" VPOS="2843" WIDTH="140" />
<SP HEIGHT="47" HPOS="821" VPOS="2843" WIDTH="26" />
<String CONTENT="2c." HEIGHT="41" HPOS="848" VPOS="2843" WIDTH="67" />
<SP HEIGHT="30" HPOS="916" VPOS="2854" WIDTH="27" />
<String CONTENT="and" HEIGHT="39" HPOS="944" VPOS="2843" WIDTH="94" />
<SP HEIGHT="39" HPOS="1039" VPOS="2843" WIDTH="27" />
<String CONTENT="aff." HEIGHT="42" HPOS="1067" VPOS="2842" WIDTH="82" />
<SP HEIGHT="41" HPOS="1150" VPOS="2843" WIDTH="26" />
<String CONTENT="July" HEIGHT="47" HPOS="1177" VPOS="2843" WIDTH="115" />
<SP HEIGHT="48" HPOS="1293" VPOS="2842" WIDTH="27" />
<String CONTENT="25;" HEIGHT="48" HPOS="1321" VPOS="2842" WIDTH="82" />
<SP HEIGHT="46" HPOS="1404" VPOS="2844" WIDTH="28" />
<String CONTENT="A" HEIGHT="38" HPOS="1433" VPOS="2844" WIDTH="39" />
<SP HEIGHT="41" HPOS="1473" VPOS="2842" WIDTH="26" />
<String CONTENT="96631;" HEIGHT="48" HPOS="1500" VPOS="2842" WIDTH="172" />
<SP HEIGHT="45" HPOS="1673" VPOS="2845" WIDTH="28" />
<String CONTENT="D." HEIGHT="38" HPOS="1702" VPOS="2845" WIDTH="56" />
<SP HEIGHT="39" HPOS="1759" VPOS="2844" WIDTH="26" />
<String CONTENT="Appleton-Century" HEIGHT="48" HPOS="1786" VPOS="2842" WIDTH="480" />
<SP HEIGHT="38" HPOS="2267" VPOS="2852" WIDTH="24" />
<String CONTENT="co.," HEIGHT="38" HPOS="2292" VPOS="2852" WIDTH="83" />
</TextLine>
<TextLine HEIGHT="49" HPOS="435" VPOS="2901" WIDTH="440">
<String CONTENT="inc." HEIGHT="41" HPOS="435" VPOS="2901" WIDTH="92" />
<SP HEIGHT="49" HPOS="528" VPOS="2901" WIDTH="64" />
<String CONTENT="(36-17338)" HEIGHT="49" HPOS="593" VPOS="2901" WIDTH="282" />
</TextLine>
<TextLine HEIGHT="65" HPOS="361" STYLEREFS="StyleId-51920200-D493-4629-859D-17CCEBF05069-" VPOS="3003" WIDTH="584">
<String CONTENT="Rank," HEIGHT="65" HPOS="361" VPOS="3003" WIDTH="189" />
<SP HEIGHT="64" HPOS="551" VPOS="3004" WIDTH="28" />
<String CONTENT="Otto," HEIGHT="64" HPOS="580" VPOS="3004" WIDTH="161" />
<SP HEIGHT="58" HPOS="742" VPOS="3010" WIDTH="29" />
<String CONTENT="1884-" HEIGHT="50" HPOS="772" VPOS="3009" WIDTH="173" />
</TextLine>
<TextLine HEIGHT="72" HPOS="435" STYLEREFS="StyleId-660EC120-8F78-4891-88E5-0066F9740467-" VPOS="3077" WIDTH="1939">
<String CONTENT="Truth" HEIGHT="54" HPOS="435" VPOS="3079" WIDTH="188" />
<SP HEIGHT="53" HPOS="624" VPOS="3080" WIDTH="27" />
<String CONTENT="and" HEIGHT="53" HPOS="652" VPOS="3080" WIDTH="114" />
<SP HEIGHT="53" HPOS="767" VPOS="3080" WIDTH="26" />
<String CONTENT="reality;" HEIGHT="71" HPOS="794" VPOS="3078" WIDTH="237" />
<SP HEIGHT="50" HPOS="1032" VPOS="3098" WIDTH="28" />
<String CONTENT="a" HEIGHT="35" HPOS="1061" VPOS="3098" WIDTH="31" />
<SP HEIGHT="53" HPOS="1093" VPOS="3080" WIDTH="28" />
<String CONTENT="life" HEIGHT="54" HPOS="1122" VPOS="3078" WIDTH="106" />
<SP HEIGHT="52" HPOS="1229" VPOS="3080" WIDTH="24" />
<String CONTENT="history" HEIGHT="69" HPOS="1254" VPOS="3079" WIDTH="223" />
<SP HEIGHT="51" HPOS="1478" VPOS="3097" WIDTH="26" />
<String CONTENT="of" HEIGHT="54" HPOS="1505" VPOS="3078" WIDTH="65" />
<SP HEIGHT="54" HPOS="1571" VPOS="3078" WIDTH="24" />
<String CONTENT="the" HEIGHT="54" HPOS="1596" VPOS="3079" WIDTH="94" />
<SP HEIGHT="54" HPOS="1691" VPOS="3079" WIDTH="26" />
<String CONTENT="human" HEIGHT="53" HPOS="1718" VPOS="3079" WIDTH="215" />
<SP HEIGHT="35" HPOS="1934" VPOS="3097" WIDTH="26" />
<String CONTENT="will," HEIGHT="69" HPOS="1961" VPOS="3078" WIDTH="139" />
<SP HEIGHT="68" HPOS="2101" VPOS="3079" WIDTH="25" />
<String CONTENT="by" HEIGHT="69" HPOS="2127" VPOS="3079" WIDTH="76" />
<SP HEIGHT="71" HPOS="2204" VPOS="3077" WIDTH="30" />
<String CONTENT="Otto" HEIGHT="56" HPOS="2235" VPOS="3077" WIDTH="139" />
</TextLine>
<TextLine HEIGHT="70" HPOS="364" STYLEREFS="StyleId-660EC120-8F78-4891-88E5-0066F9740467-" VPOS="3156" WIDTH="1233">
<String CONTENT="Rank." HEIGHT="55" HPOS="364" VPOS="3156" WIDTH="185" />
<SP HEIGHT="53" HPOS="550" VPOS="3158" WIDTH="60" />
<String CONTENT="New" HEIGHT="53" HPOS="611" VPOS="3158" WIDTH="140" />
<SP HEIGHT="53" HPOS="752" VPOS="3157" WIDTH="26" />
<String CONTENT="York," HEIGHT="66" HPOS="779" VPOS="3156" WIDTH="181" />
<SP HEIGHT="65" HPOS="961" VPOS="3157" WIDTH="25" />
<String CONTENT="A." HEIGHT="53" HPOS="987" VPOS="3157" WIDTH="70" />
<SP HEIGHT="53" HPOS="1058" VPOS="3157" WIDTH="28" />
<String CONTENT="A." HEIGHT="54" HPOS="1087" VPOS="3157" WIDTH="72" />
<SP HEIGHT="54" HPOS="1160" VPOS="3157" WIDTH="26" />
<String CONTENT="Knopf," HEIGHT="70" HPOS="1187" VPOS="3156" WIDTH="227" />
<SP HEIGHT="64" HPOS="1415" VPOS="3161" WIDTH="29" />
<String CONTENT="1936." HEIGHT="51" HPOS="1445" VPOS="3159" WIDTH="152" />
</TextLine>
<TextLine CS="1" HEIGHT="52" HPOS="439" STYLEREFS="StyleId-660EC120-8F78-4891-88E5-0066F9740467-" VPOS="3229" WIDTH="899">
<String CONTENT="ix," HEIGHT="48" HPOS="439" VPOS="3230" WIDTH="64" />
<SP HEIGHT="30" HPOS="504" VPOS="3251" WIDTH="27" />
<String CONTENT="[1]" HEIGHT="50" HPOS="532" VPOS="3231" WIDTH="54" />
<SP HEIGHT="40" HPOS="587" VPOS="3240" WIDTH="27" />
<String CONTENT="p.," HEIGHT="39" HPOS="615" VPOS="3240" WIDTH="58" />
<SP HEIGHT="48" HPOS="674" VPOS="3230" WIDTH="25" />
<String CONTENT="2" HEIGHT="40" HPOS="700" VPOS="3230" WIDTH="27" />
<SP HEIGHT="40" HPOS="728" VPOS="3230" WIDTH="22" />
<String CONTENT="l.," CS="1" />
<SP HEIGHT="51" HPOS="796" VPOS="3229" WIDTH="22" />
<String CONTENT="3-192," HEIGHT="49" HPOS="819" VPOS="3229" WIDTH="160" />
<SP HEIGHT="30" HPOS="980" VPOS="3251" WIDTH="30" />
<String CONTENT="[2]" HEIGHT="52" HPOS="1011" VPOS="3229" WIDTH="55" />
<SP HEIGHT="41" HPOS="1067" VPOS="3240" WIDTH="24" />
<String CONTENT="p." HEIGHT="39" HPOS="1092" VPOS="3240" WIDTH="43" />
<SP HEIGHT="42" HPOS="1136" VPOS="3230" WIDTH="54" />
<String CONTENT="19&#189;c" CS="1" HEIGHT="42" HPOS="1191" VPOS="3229" WIDTH="56" />
<String CONTENT="m" HEIGHT="22" HPOS="1297" STYLE="superscript" VPOS="3232" WIDTH="29" />
<String CONTENT="." HEIGHT="9" HPOS="1328" VPOS="3261" WIDTH="10" />
</TextLine>
<TextLine HEIGHT="51" HPOS="441" VPOS="3284" WIDTH="1935">
<String CONTENT="&#8220;Authorized" HEIGHT="42" HPOS="441" VPOS="3286" WIDTH="326" />
<SP HEIGHT="40" HPOS="768" VPOS="3288" WIDTH="32" />
<String CONTENT="translation" HEIGHT="42" HPOS="801" VPOS="3286" WIDTH="296" />
<SP HEIGHT="39" HPOS="1098" VPOS="3288" WIDTH="30" />
<String CONTENT="from" HEIGHT="40" HPOS="1129" VPOS="3288" WIDTH="127" />
<SP HEIGHT="39" HPOS="1257" VPOS="3289" WIDTH="30" />
<String CONTENT="the" HEIGHT="40" HPOS="1288" VPOS="3288" WIDTH="83" />
<SP HEIGHT="42" HPOS="1372" VPOS="3286" WIDTH="31" />
<String CONTENT="German," HEIGHT="48" HPOS="1404" VPOS="3286" WIDTH="225" />
<SP HEIGHT="37" HPOS="1630" VPOS="3297" WIDTH="33" />
<String CONTENT="with" HEIGHT="42" HPOS="1664" VPOS="3286" WIDTH="119" />
<SP HEIGHT="41" HPOS="1784" VPOS="3287" WIDTH="32" />
<String CONTENT="a" HEIGHT="31" HPOS="1817" VPOS="3297" WIDTH="28" />
<SP HEIGHT="39" HPOS="1846" VPOS="3296" WIDTH="32" />
<String CONTENT="preface," HEIGHT="48" HPOS="1879" VPOS="3287" WIDTH="211" />
<SP HEIGHT="49" HPOS="2091" VPOS="3286" WIDTH="31" />
<String CONTENT="by" HEIGHT="49" HPOS="2123" VPOS="3286" WIDTH="62" />
<SP HEIGHT="50" HPOS="2186" VPOS="3285" WIDTH="34" />
<String CONTENT="Jessie" HEIGHT="43" HPOS="2221" VPOS="3284" WIDTH="155" />
</TextLine>
<TextLine CS="1" HEIGHT="39" HPOS="365" VPOS="3342" WIDTH="161">
<String CONTENT="Taff.&#8221;" CS="1" HEIGHT="39" HPOS="365" VPOS="3342" WIDTH="161" />
</TextLine>
<TextLine HEIGHT="42" HPOS="438" VPOS="3399" WIDTH="705">
<String CONTENT="&#8220;First" HEIGHT="41" HPOS="438" VPOS="3399" WIDTH="164" />
<SP HEIGHT="40" HPOS="603" VPOS="3400" WIDTH="23" />
<String CONTENT="American" HEIGHT="41" HPOS="627" VPOS="3400" WIDTH="261" />
<SP HEIGHT="30" HPOS="889" VPOS="3411" WIDTH="22" />
<String CONTENT="edition.&#8221;" HEIGHT="42" HPOS="912" VPOS="3399" WIDTH="231" />
</TextLine>
<TextLine HEIGHT="51" HPOS="439" VPOS="3454" WIDTH="1938">
<String CONTENT="&#8220;Originally" HEIGHT="50" HPOS="439" VPOS="3454" WIDTH="304" />
<SP HEIGHT="38" HPOS="744" VPOS="3466" WIDTH="33" />
<String CONTENT="published" HEIGHT="48" HPOS="778" VPOS="3456" WIDTH="256" />
<SP HEIGHT="39" HPOS="1035" VPOS="3458" WIDTH="36" />
<String CONTENT="as" HEIGHT="30" HPOS="1072" VPOS="3467" WIDTH="54" />
<SP HEIGHT="41" HPOS="1127" VPOS="3456" WIDTH="34" />
<String CONTENT="Wahrheit" HEIGHT="42" HPOS="1162" VPOS="3456" WIDTH="259" />
<SP HEIGHT="38" HPOS="1422" VPOS="3460" WIDTH="35" />
<String CONTENT="und" HEIGHT="39" HPOS="1458" VPOS="3458" WIDTH="97" />
<SP HEIGHT="39" HPOS="1556" VPOS="3458" WIDTH="37" />
<String CONTENT="wirklichkeit;" HEIGHT="50" HPOS="1594" VPOS="3455" WIDTH="356" />
<SP HEIGHT="38" HPOS="1951" VPOS="3467" WIDTH="38" />
<String CONTENT="entwurf" HEIGHT="41" HPOS="1990" VPOS="3456" WIDTH="215" />
<SP HEIGHT="41" HPOS="2206" VPOS="3456" WIDTH="36" />
<String CONTENT="einer" HEIGHT="41" HPOS="2243" VPOS="3456" WIDTH="134" />
</TextLine>
<TextLine HEIGHT="51" HPOS="364" VPOS="3511" WIDTH="764">
<String CONTENT="philosophic" HEIGHT="51" HPOS="364" VPOS="3511" WIDTH="302" />
<SP HEIGHT="41" HPOS="667" VPOS="3514" WIDTH="33" />
<String CONTENT="des" HEIGHT="41" HPOS="701" VPOS="3514" WIDTH="84" />
<SP HEIGHT="32" HPOS="786" VPOS="3523" WIDTH="31" />
<String CONTENT="seelischen.&#8221;" HEIGHT="42" HPOS="818" VPOS="3513" WIDTH="310" />
</TextLine>
<TextLine HEIGHT="55" HPOS="364" VPOS="3579" WIDTH="2009">
<String CONTENT="&#169;" HEIGHT="53" HPOS="364" VPOS="3579" WIDTH="52" />
<SP HEIGHT="53" HPOS="417" VPOS="3579" WIDTH="30" />
<String CONTENT="July" HEIGHT="47" HPOS="448" VPOS="3585" WIDTH="115" />
<SP HEIGHT="45" HPOS="564" VPOS="3587" WIDTH="31" />
<String CONTENT="13," HEIGHT="48" HPOS="596" VPOS="3586" WIDTH="68" />
<SP HEIGHT="48" HPOS="665" VPOS="3586" WIDTH="33" />
<String CONTENT="1936;" HEIGHT="49" HPOS="699" VPOS="3585" WIDTH="141" />
<SP HEIGHT="50" HPOS="841" VPOS="3584" WIDTH="32" />
<String CONTENT="2c." HEIGHT="40" HPOS="874" VPOS="3584" WIDTH="68" />
<SP HEIGHT="29" HPOS="943" VPOS="3596" WIDTH="34" />
<String CONTENT="and" HEIGHT="40" HPOS="978" VPOS="3585" WIDTH="94" />
<SP HEIGHT="39" HPOS="1073" VPOS="3585" WIDTH="32" />
<String CONTENT="aff." HEIGHT="39" HPOS="1106" VPOS="3585" WIDTH="82" />
<SP HEIGHT="39" HPOS="1189" VPOS="3586" WIDTH="33" />
<String CONTENT="July" HEIGHT="39" HPOS="1223" VPOS="3586" WIDTH="115" />
<SP HEIGHT="38" HPOS="1339" VPOS="3586" WIDTH="34" />
<String CONTENT="15;" HEIGHT="47" HPOS="1374" VPOS="3586" WIDTH="81" />
<SP HEIGHT="46" HPOS="1456" VPOS="3587" WIDTH="35" />
<String CONTENT="A" HEIGHT="38" HPOS="1492" VPOS="3587" WIDTH="37" />
<SP HEIGHT="40" HPOS="1530" VPOS="3585" WIDTH="33" />
<String CONTENT="97041;" HEIGHT="44" HPOS="1564" VPOS="3585" WIDTH="171" />
<SP HEIGHT="41" HPOS="1736" VPOS="3588" WIDTH="35" />
<String CONTENT="Alfred" HEIGHT="39" HPOS="1772" VPOS="3586" WIDTH="171" />
<SP HEIGHT="38" HPOS="1944" VPOS="3587" WIDTH="36" />
<String CONTENT="A." HEIGHT="39" HPOS="1981" VPOS="3588" WIDTH="52" />
<SP HEIGHT="41" HPOS="2034" VPOS="3586" WIDTH="34" />
<String CONTENT="Knopf," HEIGHT="48" HPOS="2069" VPOS="3585" WIDTH="178" />
<SP HEIGHT="48" HPOS="2248" VPOS="3585" WIDTH="33" />
<String CONTENT="inc." HEIGHT="39" HPOS="2282" VPOS="3585" WIDTH="91" />
</TextLine>
<TextLine HEIGHT="49" HPOS="442" VPOS="3641" WIDTH="282">
<String CONTENT="(36-17244)" HEIGHT="49" HPOS="442" VPOS="3641" WIDTH="282" />
</TextLine>
<TextLine HEIGHT="70" HPOS="430" STYLEREFS="StyleId-660EC120-8F78-4891-88E5-0066F9740467-" VPOS="3743" WIDTH="1945">
<String CONTENT="Will" HEIGHT="54" HPOS="430" VPOS="3744" WIDTH="138" />
<SP HEIGHT="52" HPOS="569" VPOS="3745" WIDTH="32" />
<String CONTENT="therapy;" HEIGHT="68" HPOS="602" VPOS="3745" WIDTH="274" />
<SP HEIGHT="48" HPOS="877" VPOS="3764" WIDTH="31" />
<String CONTENT="an" HEIGHT="34" HPOS="909" VPOS="3763" WIDTH="69" />
<SP HEIGHT="34" HPOS="979" VPOS="3763" WIDTH="32" />
<String CONTENT="analysis" HEIGHT="67" HPOS="1012" VPOS="3745" WIDTH="247" />
<SP HEIGHT="35" HPOS="1260" VPOS="3763" WIDTH="28" />
<String CONTENT="of" HEIGHT="51" HPOS="1289" VPOS="3746" WIDTH="63" />
<SP HEIGHT="51" HPOS="1353" VPOS="3746" WIDTH="29" />
<String CONTENT="the" HEIGHT="52" HPOS="1383" VPOS="3745" WIDTH="94" />
<SP HEIGHT="48" HPOS="1478" VPOS="3749" WIDTH="19" />
<String CONTENT="therapeutic" HEIGHT="68" HPOS="1498" VPOS="3745" WIDTH="356" />
<SP HEIGHT="50" HPOS="1855" VPOS="3763" WIDTH="21" />
<String CONTENT="process" HEIGHT="50" HPOS="1877" VPOS="3763" WIDTH="223" />
<SP HEIGHT="54" HPOS="2101" VPOS="3743" WIDTH="20" />
<String CONTENT="in" HEIGHT="53" HPOS="2122" VPOS="3743" WIDTH="58" />
<SP HEIGHT="46" HPOS="2181" VPOS="3750" WIDTH="22" />
<String CONTENT="terms" HEIGHT="46" HPOS="2204" VPOS="3750" WIDTH="171" />
</TextLine>
<TextLine HEIGHT="69" HPOS="360" STYLEREFS="StyleId-660EC120-8F78-4891-88E5-0066F9740467-" VPOS="3822" WIDTH="2011">
<String CONTENT="of" HEIGHT="52" HPOS="360" VPOS="3822" WIDTH="63" />
<SP HEIGHT="52" HPOS="424" VPOS="3822" WIDTH="33" />
<String CONTENT="relationship," HEIGHT="69" HPOS="458" VPOS="3822" WIDTH="395" />
<SP HEIGHT="68" HPOS="854" VPOS="3823" WIDTH="19" />
<String CONTENT="by" HEIGHT="66" HPOS="874" VPOS="3823" WIDTH="74" />
<SP HEIGHT="66" HPOS="949" VPOS="3823" WIDTH="34" />
<String CONTENT="Otto" HEIGHT="55" HPOS="984" VPOS="3823" WIDTH="140" />
<SP HEIGHT="54" HPOS="1125" VPOS="3824" WIDTH="35" />
<String CONTENT="Rank." HEIGHT="52" HPOS="1161" VPOS="3824" WIDTH="183" />
<SP HEIGHT="52" HPOS="1345" VPOS="3824" WIDTH="76" />
<String CONTENT="New" HEIGHT="52" HPOS="1422" VPOS="3824" WIDTH="138" />
<SP HEIGHT="52" HPOS="1561" VPOS="3824" WIDTH="22" />
<String CONTENT="York," HEIGHT="57" HPOS="1584" VPOS="3824" WIDTH="180" />
<SP HEIGHT="56" HPOS="1765" VPOS="3825" WIDTH="19" />
<String CONTENT="A." HEIGHT="51" HPOS="1785" VPOS="3825" WIDTH="69" />
<SP HEIGHT="51" HPOS="1855" VPOS="3825" WIDTH="24" />
<String CONTENT="A." HEIGHT="51" HPOS="1880" VPOS="3825" WIDTH="68" />
<SP HEIGHT="52" HPOS="1949" VPOS="3824" WIDTH="25" />
<String CONTENT="Knopf," HEIGHT="68" HPOS="1975" VPOS="3822" WIDTH="223" />
<SP HEIGHT="62" HPOS="2199" VPOS="3826" WIDTH="23" />
<String CONTENT="1936." HEIGHT="50" HPOS="2223" VPOS="3825" WIDTH="148" />
</TextLine>
<TextLine CS="1" HEIGHT="51" HPOS="434" STYLEREFS="StyleId-660EC120-8F78-4891-88E5-0066F9740467-" VPOS="3895" WIDTH="745">
<String CONTENT="xxv," HEIGHT="37" HPOS="434" VPOS="3905" WIDTH="109" />
<SP HEIGHT="47" HPOS="544" VPOS="3895" WIDTH="31" />
<String CONTENT="291," HEIGHT="48" HPOS="576" VPOS="3895" WIDTH="99" />
<SP HEIGHT="30" HPOS="676" VPOS="3916" WIDTH="35" />
<String CONTENT="[1]" HEIGHT="50" HPOS="712" VPOS="3896" WIDTH="51" />
<SP HEIGHT="38" HPOS="764" VPOS="3906" WIDTH="32" />
<String CONTENT="p.," CS="1" />
<SP />
<String CONTENT="1" CS="1" />
<SP />
<String CONTENT="l." CS="1" />
<SP HEIGHT="39" HPOS="974" VPOS="3897" WIDTH="59" />
<String CONTENT="19&#189;" CS="1" HEIGHT="40" HPOS="1034" VPOS="3896" WIDTH="59" />
<String CONTENT="cm" HEIGHT="21" HPOS="1122" STYLE="superscript" VPOS="3898" WIDTH="44" />
<String CONTENT="." HEIGHT="9" HPOS="1171" VPOS="3928" WIDTH="8" />
</TextLine>
<TextLine HEIGHT="41" HPOS="429" VPOS="3951" WIDTH="718">
<String CONTENT="&#8220;First" HEIGHT="40" HPOS="429" VPOS="3952" WIDTH="163" />
<SP HEIGHT="39" HPOS="593" VPOS="3953" WIDTH="32" />
<String CONTENT="American" HEIGHT="40" HPOS="626" VPOS="3951" WIDTH="258" />
<SP HEIGHT="30" HPOS="885" VPOS="3962" WIDTH="34" />
<String CONTENT="edition.&#8221;" HEIGHT="40" HPOS="920" VPOS="3952" WIDTH="227" />
</TextLine>
<TextLine HEIGHT="53" HPOS="435" VPOS="4006" WIDTH="1937">
<String CONTENT="&#8220;Authorized" HEIGHT="40" HPOS="435" VPOS="4008" WIDTH="326" />
<SP HEIGHT="39" HPOS="762" VPOS="4008" WIDTH="32" />
<String CONTENT="translation" HEIGHT="40" HPOS="795" VPOS="4008" WIDTH="298" />
<SP HEIGHT="39" HPOS="1094" VPOS="4009" WIDTH="30" />
<String CONTENT="from" HEIGHT="38" HPOS="1125" VPOS="4009" WIDTH="124" />
<SP HEIGHT="37" HPOS="1250" VPOS="4010" WIDTH="35" />
<String CONTENT="the" HEIGHT="40" HPOS="1286" VPOS="4008" WIDTH="82" />
<SP HEIGHT="40" HPOS="1369" VPOS="4008" WIDTH="32" />
<String CONTENT="German," HEIGHT="51" HPOS="1402" VPOS="4008" WIDTH="224" />
<SP HEIGHT="41" HPOS="1627" VPOS="4018" WIDTH="33" />
<String CONTENT="with" HEIGHT="39" HPOS="1661" VPOS="4007" WIDTH="118" />
<SP HEIGHT="39" HPOS="1780" VPOS="4007" WIDTH="34" />
<String CONTENT="a" HEIGHT="29" HPOS="1815" VPOS="4017" WIDTH="24" />
<SP HEIGHT="36" HPOS="1840" VPOS="4017" WIDTH="33" />
<String CONTENT="preface," HEIGHT="48" HPOS="1874" VPOS="4006" WIDTH="211" />
<SP HEIGHT="48" HPOS="2086" VPOS="4006" WIDTH="32" />
<String CONTENT="by" HEIGHT="47" HPOS="2119" VPOS="4006" WIDTH="61" />
<SP HEIGHT="47" HPOS="2181" VPOS="4006" WIDTH="33" />
<String CONTENT="Jessie" HEIGHT="39" HPOS="2215" VPOS="4006" WIDTH="157" />
</TextLine>
<TextLine CS="1" HEIGHT="39" HPOS="359" VPOS="4065" WIDTH="162">
<String CONTENT="Taff.&#8221;" CS="1" HEIGHT="39" HPOS="359" VPOS="4065" WIDTH="162" />
</TextLine>
</TextBlock>
</PrintSpace>
</Page>
</Layout>
</alto>