2519 4377
1000 4097 131 51 1629

58 413 239 62 Kuiper,
324 413 206 62 Henry
551 413 70 60 J.,
648 413 83 52 ed.

130 487 265 53 Sermons
429 505 71 34 on
537 487 88 53 sin
663 486 111 53 and
809 505 183 49 grace,
1028 486 200 53 Lord’s
1265 486 140 67 days;
1492 518 35 5 I-VII
1650 528 55 9 ...
1748 484 73 67 by
58 481 1970 136 ministers
203 565 57 51 in

294 565 94 52 the
419 564 312 52 Reformed
764 564 109 51 and
911 562 291 55 Christian
1235 562 309 52 Reformed
1578 562 286 53 churches.
58 561 1969 133 Edited
211 641 74 67 by
325 639 200 69 Henry

564 641 54 54 J.
656 641 228 67 Kuiper
926 683 56 10 ...
1064 636 197 55 Grand
1301 637 238 70 Rapids,
1576 639 193 66 Mich.,
59 638 1968 133 Zondervan
204 717 332 68 publishing
569 718 173 53 house
781 718 190 66 [c1936]

126 788 84 39 112
249 799 42 37 p.
352 787 55 41 20
410 790 44 21 cm
459 820 8 8 .
561 790 254 48 (Half-title;
877 788 223 41 Sermons
1138 799 58 29 on
1237 790 80 38 the
1354 788 276 48 catechism,
1667 789 90 39 vol.
1825 787 13 47 I)

128 844 129 40 “The
301 844 290 47 Heidelberg
636 845 261 39 catechism
948 876 44 8 ...
1041 847 88 38 has
1175 845 115 39 been
1338 845 174 40 chosen
1561 857 52 28 as
1660 846 80 40 the
1785 845 142 47 guide
1974 845 77 40 for

58 901 134 40 these
222 911 48 30 se
276 900 541 41 rmons.”—Foreword.

59 955 53 54 ©
133 961 119 44 Aug.
276 960 68 47 20,
371 959 140 49 1936;
537 959 66 43 2c.
632 960 100 42 Oct.
760 960 81 42 12;
870 960 80 41 aff.
976 960 102 41 Oct.
1103 959 53 44 9;
1183 961 38 39 A
1246 959 138 41 99301;
1447 960 281 41 Zondervan
1756 959 106 49 pub.
1889 960 164 41 house.

139 1017 279 48 (36-30053)

60 1123 154 61 Law,
241 1121 271 63 William,
538 1122 193 64 pseud.

124 1197 146 51 Plan
309 1214 144 51 your
489 1213 124 35 own
653 1195 264 69 security,
957 1195 74 68 by
1070 1195 259 53 William
1371 1196 138 52 Law
1554 1239 56 9 ...
1692 1196 137 52 New
1872 1195 182 68 York,

59 1275 251 66 London,
347 1273 342 68 Whittlesey
728 1273 188 67 house,
955 1271 429 56 McGraw-Hill
1423 1273 147 53 book
1606 1291 298 52 company,
1943 1272 109 54 inc.

59 1384 12 34 [
77 1358 17 21 c
102 1354 149 64 1936]

126 1424 63 47 ix,
220 1423 85 40 224
335 1434 43 38 p.
438 1422 54 41 21
497 1426 44 21 cm
545 1455 8 8 .

60 1478 52 53 ©
143 1482 101 41 Oct.
275 1481 69 49 26,
377 1480 139 47 1936;
549 1481 67 41 2c.
651 1481 101 41 Oct.
785 1481 82 42 27;
903 1481 83 41 aff.
1020 1482 101 40 Oct.
1153 1481 83 43 31;
1273 1484 38 37 A
1343 1481 171 48 99679;
1552 1481 347 41 McGraw-Hill
1935 1483 121 39 book

129 1548 81 36 co.,
240 1538 89 40 inc.
398 1536 280 51 (36-30307)

59 1642 265 63 Lawson,
349 1642 153 53 John
529 1642 279 64 Davison,
840 1647 168 49 1852-
1221 1643 82 52 ed.

129 1719 305 53 American
466 1725 143 47 state
640 1720 191 57 trials;
868 1739 27 33 a
930 1719 293 53 collection
1258 1720 62 52 of
1354 1721 95 52 the
1481 1722 315 65 important
1830 1722 111 51 and
62 1720 1969 143 interesting

363 1797 260 53 criminal
654 1796 164 53 trials
851 1797 183 52 which
1064 1798 143 53 have
1239 1798 168 52 taken
1441 1798 158 66 place
1628 1798 57 52 in
1717 1799 94 51 the
1840 1797 215 56 United

64 1878 202 51 States,
303 1875 152 52 from
489 1876 94 51 the
619 1874 313 67 beginning
969 1877 61 50 of
1066 1892 102 35 our
1203 1883 368 59 government
1608 1882 58 49 to
1702 1878 93 51 the
1832 1883 224 60 present

61 1954 126 65 day.
262 1953 160 54 With
462 1958 158 48 notes
661 1953 111 52 and
813 1954 377 51 annotations.
1266 1954 156 52 John
1462 1956 69 50 D.
1572 1956 258 65 Lawson,
1941 1998 9 9 LL.
2031 1996 28 26 D.,

61 2029 197 54 editor.
335 2030 240 54 Volume
607 2031 79 52 17.
766 2030 81 54 St.
881 2030 189 65 Louis,
1100 2031 249 52 Thomas
1378 2031 110 52 law
1518 2032 146 51 book
1695 2050 97 48 co.,
1827 2036 150 50 1936.

278 2101 352 49 xxxv 763 p. 24 cm .
63 2154 53 54 ©
140 2160 117 40 Nov.
283 2158 69 48 28,
378 2158 141 48 1936;
546 2158 67 42 2c.
639 2159 118 39 Nov.
784 2157 83 48 30;
896 2158 82 41 aff.
1005 2160 112 39 Dec.
1145 2158 52 43 2;
1227 2160 38 38 A
1294 2158 198 43 101058;
1525 2160 210 39 Frances
1760 2160 48 41 C.
1840 2161 219 49 Lawson,

134 2215 264 48 Columbia,
428 2216 93 41 Mo.

62 2311 130 64 Lee,
217 2311 226 53 Joshua
468 2312 220 63 Bryan,
718 2316 171 50 1892-

132 2389 202 53 Public
384 2388 293 68 speaking,
729 2387 75 68 by
859 2388 215 54 Joshua
1132 2390 195 64 Bryan
1384 2389 108 53 Lee
1552 2432 56 9 ...
1717 2389 162 67 (Rev.
1938 2389 113 68 ed.)

64 2465 322 56 Oklahoma
422 2464 151 70 City,
613 2465 186 68 Okla.,
837 2466 239 52 Harlow
1116 2466 334 68 publishing
1489 2468 380 67 corporation,
1912 2470 147 49 1936.

129 2540 95 43 xvi,
254 2539 88 41 406
371 2551 41 37 p.
474 2539 151 49 diagr.
686 2539 56 41 20
745 2541 45 21 cm
793 2570 8 9 .

131 2596 260 40 Published
423 2596 49 40 in
504 2595 114 40 1924
650 2597 152 39 under
833 2595 106 41 title
973 2595 195 40 “Public
1200 2596 232 48 speaking
1463 2595 224 41 manual”;
1751 2596 96 41 this
1878 2595 182 41 edition

62 2652 90 40 has
174 2653 118 40 been
318 2652 187 41 revised
529 2653 60 47 by
616 2653 115 38 Mrs.
760 2653 139 47 Mary
927 2652 130 46 Gray
1084 2652 287 48 Thompson,
1432 2653 62 48 cf.
1522 2652 128 40 Pref.
1680 2655 47 38 to
1757 2662 95 32 rev.
1879 2654 70 40 ed.

131 2708 224 41 Includes
386 2707 389 49 bibliographies.

406 2763 686 49 CONTENTS.—Expression.—Dramatic
1121 2765 446 47 art.—Extempore
1597 2763 233 49 speaking
1859 2765 94 40 and
63 2765 1981 104 debate.—Oratory.

67 2873 53 54 ©
160 2877 126 49 Sept.
323 2877 67 49 12,
429 2877 139 47 1936;
609 2878 68 39 2c.
718 2878 128 47 Sept.
884 2877 82 43 21;
1008 2877 80 40 aff.
1130 2876 102 42 Oct.
1270 2875 82 45 30;
1394 2878 39 38 A
1471 2874 200 49 100236;
1714 2875 201 41 Harlow
1952 2875 110 49 pub.

136 2935 321 47 corporation.
525 2933 280 50 (36-30033)

67 3034 129 61 Lee,
222 3033 136 52 Mrs.
384 3032 162 53 Ruth
573 3032 201 54 Webb.

131 3107 158 52 Ruth
314 3106 179 54 Webb
518 3106 157 54 Lee’s
701 3106 328 54 Handbook
1053 3106 65 53 of
1142 3106 156 70 early
1325 3105 307 54 American
1661 3106 228 68 pressed
1909 3106 153 69 glass

62 3183 1855 70 patterns. Framingham Centre, Mass., R. W. Lee [ c 1936]
130 3255 1624 52 4 p. l., 190 (i. e. 193) pl. on 97 l., [10] p. incl. front. 20½ cm .
133 3314 154 41 Three
312 3316 138 38 extra
478 3313 261 42 numbered
768 3315 156 47 plates;
980 3315 83 48 9A,
1091 3314 100 40 29A
1218 3316 94 39 and
1339 3313 114 42 38A.

134 3368 70 41 On
236 3380 140 31 cover;
433 3371 40 38 A
506 3371 163 46 handy
700 3371 171 48 pocket
902 3371 189 41 volume
1121 3370 281 48 containing
1435 3370 65 41 all
1532 3370 53 41 of
1616 3371 80 40 the
1730 3370 331 48 photographs

63 3427 95 38 and
197 3426 96 42 line
330 3426 245 49 drawings
610 3429 119 39 used
768 3428 49 39 in
857 3428 135 46 early
1027 3428 256 40 American
1323 3428 196 47 pressed
1558 3427 144 48 glass.
1772 3428 39 38 A
66 3436 1978 87 comprehensive

296 3483 146 40 check
476 3484 85 40 list
597 3483 220 48 showing
852 3484 245 48 examples
1134 3484 51 40 of
1222 3484 388 47 approximately
1648 3483 130 46 2,000
1814 3484 158 48 pieces
2011 3483 52 41 of

64 3538 134 47 early
224 3540 197 47 pressed
448 3540 145 48 glass.

71 3592 53 53 ©
155 3600 100 38 Oct.
285 3597 69 44 26,
385 3597 114 41 1936;
556 3598 66 39 2c.
655 3599 102 41 Oct.
788 3598 82 46 29;
906 3599 80 39 aff.
1018 3599 101 41 Oct.
1151 3598 56 40 28;
1268 3601 39 37 A
1339 3599 198 48 100135;
1572 3601 55 40 R.
1658 3602 69 39 W.
1762 3602 105 39 Lee.

151 3653 280 48 (36-30312)

71 3742 310 62 Leverton,
410 3743 241 53 Garrett
680 3744 212 63 Hasty,
922 3749 169 50 1896-

139 3818 120 52 The
284 3819 338 67 production
646 3819 65 54 of
733 3821 142 51 later
898 3820 326 54 nineteenth
1248 3827 235 62 century
1507 3822 303 53 American
1836 3822 197 52 drama;

72 3913 29 33 a
137 3894 149 54 basis
325 3895 92 53 for
453 3897 282 69 teaching,
770 3897 74 68 by
882 3897 235 56 Garrett
1149 3900 76 52 H.
1265 3900 282 53 Leverton
1590 3943 56 10 ...
1725 3900 138 52 New
1901 3898 164 54 York

71 3974 132 69 city,
231 3975 278 53 Teachers
538 3975 228 69 college,
795 3976 298 55 Columbia
1123 3976 334 69 university,
1489 3980 148 51 1936.
