2519 4377
1348 4169 102 52 368

385 493 179 65 Gray,
595 494 228 64 George
851 491 276 66 William,
1157 497 172 50 1886-

455 566 1944 72 New world picture, by George W. Gray … Boston, Little,
384 652 232 65 Brown,
641 649 115 54 and
780 667 299 49 company,
1105 651 151 51 1936.

456 717 1519 55 xiii p., 2 l., [3]-402 p. front., illus., plates, diagrs. 21½cm.
458 779 172 42 “Some
660 780 259 48 suggested
948 777 208 42 books”:
1184 789 44 38 p.
1261 777 249 51 [385]-386.

386 834 53 53 ©
471 839 122 40 Mar.
625 838 71 48 20,
727 837 142 47 1936;
903 836 66 41 2c.
1002 838 94 38 and
1130 835 82 42 aff.
1246 837 121 38 Mar.
1401 835 82 47 21;
1518 836 41 39 A
1589 834 173 48 93290;
1798 834 53 40 G.
1948 866 7 7 W.
1991 833 145 47 Gray,
2172 830 229 49 Sparkill,

457 896 56 40 N.
538 896 54 40 Y.
655 894 254 49 (36-8401)

386 984 321 69 Grollman,
735 984 253 66 Arthur,
1018 989 172 50 1901-

455 1056 1774 75 The adrenals, by Arthur Grollman … Baltimore, The
385 1055 1992 139 Williams
580 1143 46 51 &
652 1139 255 57 Wilkins
937 1155 300 53 company,
1266 1141 151 51 1936.

456 1215 86 48 xii,
572 1215 87 40 410
688 1226 45 37 p.
792 1214 173 49 plates,
997 1214 181 49 diagrs.
1237 1211 148 43 23½cm.

458 1271 353 51 Bibliography:
871 1283 45 38 p.
947 1270 221 43 369-399.

387 1326 53 53 ©
467 1332 122 39 Mar.
618 1330 71 48 20,
717 1329 142 48 1936;
889 1329 68 41 2c.
985 1330 99 39 and
1110 1329 84 40 aff.
1223 1329 122 39 Mar.
1375 1328 82 46 28;
1487 1328 40 38 A
1555 1326 172 48 93435;
1759 1325 245 41 Williams
2032 1325 36 40 &
2097 1322 210 42 Wilkins
2335 1332 69 33 co.

467 1387 254 49 (36-8257)

388 1462 340 66 Grunwald,
758 1463 160 65 Max,
952 1462 174 56 1871-

520 1529 1881 78 … Vienna, by Max Grunwald. Philadelphia, The Jewish
385 1617 358 70 publication
773 1618 214 69 society
1018 1616 65 55 of
1112 1616 286 66 America,
1428 1618 152 51 1936.

387 1684 2000 113 xxiv, 557, [1] p. 8 pl. (incl. ports., facsims.) 17cm. (Jewish communities series)
458 1807 133 42 “The
621 1808 308 47 manuscript
959 1807 54 39 of
1043 1806 100 42 this
1175 1806 123 42 book
1332 1817 61 30 on
1425 1806 82 40 the
1539 1805 191 49 history
1765 1804 53 41 of
1849 1805 84 40 the
1964 1804 132 40 Jews
2131 1802 52 41 of
2215 1802 188 41 Vienna

389 1874 100 31 was
519 1866 242 47 prepared
794 1864 62 49 by
887 1865 85 41 Dr.
1006 1865 119 40 Max
1158 1864 268 41 Grunwald
1458 1864 50 40 in
1544 1863 226 41 German.
1832 1862 103 41 The
1967 1860 299 43 translation
2301 1860 103 40 into

387 1921 205 49 English
619 1933 104 31 was
749 1924 142 39 made
917 1923 63 46 by
1006 1922 86 42 Dr.
1123 1921 224 42 Solomon
1374 1920 591 49 Grayzel.”—Foreword.

458 1978 380 51 Bibliography:
869 1990 43 39 p.
942 1979 220 43 531-538.

389 2035 53 53 ©
478 2041 122 39 Mar.
635 2041 42 50 4,
714 2039 117 42 1936;
893 2040 68 41 2c.
999 2041 123 40 Mar.
1159 2041 55 39 17;
1282 2040 82 42 aff.
1403 2041 122 39 Mar.
1561 2040 56 39 14;
1683 2040 41 39 A
1760 2039 144 41 93241;
1974 2038 185 41 Jewish
459 2039 1927 98 publication
597 2108 94 31 soc.
725 2098 54 39 of
809 2097 240 40 America.
1123 2097 252 49 (36-8302)

387 2172 284 67 Hackett,
699 2173 267 66 Francis,
995 2178 174 51 1883-

458 2248 123 55 The
614 2268 174 51 green
821 2248 120 56 lion
995 2249 96 71 [by]
1128 2249 242 54 Francis
1401 2248 269 55 Hackett.
1741 2246 236 57 Garden
2014 2247 155 72 City,
2203 2246 70 56 N.
2312 2245 90 68 Y.,

387 2327 361 71 Doubleday,
773 2328 204 54 Doran
1002 2331 46 51 &
1073 2347 301 51 company,
1400 2328 128 69 inc.,
1557 2330 152 52 1936.

458 2401 28 40 7
511 2412 45 38 p.
585 2403 43 48 h,
658 2402 87 42 337
772 2412 44 39 p.
877 2402 116 41 22cm.

461 2458 294 43 Illustrated
783 2462 99 46 t.-p.

463 2516 163 42 “First
655 2517 230 41 edition.”

391 2571 55 54 ©
476 2577 115 48 Apr.
624 2577 41 49 3,
701 2577 142 46 1936;
879 2576 67 41 2c.
983 2578 94 39 and
1113 2576 82 42 aff.
1231 2578 114 47 Apr.
1381 2577 82 47 10;
1501 2577 41 39 A
1575 2576 171 49 92912;
1785 2578 52 41 F.
1873 2578 230 48 Hackett,
2138 2578 270 40 Newtown-

460 2635 410 47 mountkennedy,
905 2634 79 41 Co.
1018 2634 250 48 Wicklow,
1303 2634 128 40 Irish
1464 2634 107 40 free
1602 2636 143 39 state.
1817 2635 253 48 (36-8451)

390 2709 268 64 Halifax,
723 2711 255 52 Edward
1042 2710 317 53 Frederick
1421 2709 248 65 Lindley
1733 2711 200 62 Wood,
1996 2712 76 53 3d
2134 2713 274 64 viscount,

463 2791 174 50 1881-

462 2866 1947 70 T. E. Lawrence; address by the Viscount Halifax … at the
390 2947 306 53 Lawrence
724 2947 296 53 memorial
1049 2947 229 65 service,
1309 2946 83 54 St.
1422 2947 147 52 Paul's
1643 2948 313 67 cathedral,
1985 2948 259 65 London,
2273 2949 133 50 29th

391 3026 267 65 January
694 3028 151 49 1936.
921 3025 139 53 New
1097 3025 180 63 York,
1316 3024 229 54 Oxford
1583 3024 318 68 university
1936 3043 158 50 press
2138 3029 193 64 [c1936]

462 3098 56 40 10
547 3109 43 38 p.
651 3098 118 41 22cm.

394 3151 53 53 ©
488 3157 122 38 Mar.
652 3156 40 46 5,
735 3153 142 49 1936;
920 3154 67 41 2c.
1032 3156 123 39 Mar.
1197 3154 83 47 19;
1325 3154 82 41 aff.
1451 3156 121 38 Mar.
1689 3165 9 37 18;
1742 3155 42 39 A
1827 3155 171 47 93337;
2047 3154 187 42 Oxford
2277 3156 130 40 univ.

467 3222 150 37 press,
652 3213 119 39 New
805 3212 145 47 York,
986 3212 91 43 inc.
1151 3212 253 49 (36-8357)

396 3288 211 63 Hecht,
636 3289 189 63 Hans,
859 3289 171 55 1876-

466 3362 1880 69 Robert Burns, the man and his work, by Hans Hecht …
394 3442 317 53 translated
735 3442 75 68 by
838 3442 146 54 Jane
1010 3443 314 68 Lymburn.
1392 3442 242 52 London
1685 3447 120 62 [etc.]
1837 3442 88 54 W.

1955 3441 209 69 Hodge
2191 3443 45 50 &
394 3459 1988 129 company,
596 3519 242 69 limited,
868 3523 149 51 1936.

464 3591 1033 50 xi p., 3 l., 3-375 p incl. facsim. 22cm.
467 3648 130 40 “The
635 3648 204 48 English
878 3650 199 49 edition,
1117 3650 146 40 while
1300 3650 238 47 adhering
1577 3651 47 38 to
1665 3651 83 39 the
1785 3652 249 39 structure
2074 3652 95 39 aud
2208 3649 198 42 outlook

394 3704 52 39 of
481 3705 82 40 the
592 3705 211 47 original
836 3706 199 47 edition,
1071 3705 244 41 embodies
1349 3707 82 40 the
1468 3707 178 39 results
1681 3707 53 40 of
1769 3707 81 40 the
1884 3710 127 38 most
2046 3710 164 38 recent
2245 3709 161 39 Burns

397 3762 224 39 research
652 3762 97 39 and
780 3763 89 39 has
898 3763 118 40 been
1048 3773 52 29 so
1130 3762 293 48 thoroughly
1455 3764 187 39 revised
1675 3763 96 40 and
1802 3763 186 49 largely
2020 3763 244 49 amplified
2298 3766 107 39 that

397 3818 37 39 it
460 3817 41 41 is
527 3818 237 48 virtually
792 3829 27 29 a
846 3829 106 30 new
979 3819 149 40 work.
1189 3821 62 48 cf.
1280 3819 130 42 Pref.

467 3873 268 49 Appendix,
772 3875 207 40 Heron’s
1011 3875 202 40 memoir
1246 3876 54 40 of
1330 3877 161 39 Burns
1533 3877 66 47 (p.
1638 3874 260 51 [313]-354)
1940 3879 90 38 has
2066 3877 337 49 reproduction

395 3931 52 39 of
477 3931 209 47 original
719 3934 113 46 t.-p.,
863 3932 299 48 Edinburgh,
1194 3932 128 42 1797.

466 3988 352 48 Bibliography:
879 4000 43 37 p.
955 3987 218 44 355-364.

396 4043 1991 105 © 1c. Mar. 16, 1936; A ad int. 21221: pubd. Jan. 20; H. Hecht, Mannheim, Germany. (36-8479)
