2519 4377
1268 4140 99 57 178

317 458 274 61 Munson,
621 455 209 55 Edwin
859 457 62 54 C.

319 531 1986 147 The cross, by Edwin C. Munson. Rock Island, HL, Augustana book concern [ c 1936]
389 686 86 41 172
506 697 45 40 p.
611 685 59 41 19
670 687 45 22 cm
720 717 9 9 .

315 741 52 53 ©
398 746 110 39 Jan.
540 745 40 47 6,
611 743 142 47 1936;
786 743 66 40 2c.
886 744 97 39 and
1015 743 83 40 aff.
1132 743 109 40 Jan.
1274 743 53 48 9;
1360 744 43 39 A
1432 743 171 47 90225;
1636 745 288 47 Augustana
1958 745 124 39 book
2115 756 218 32 concern.

395 802 253 49 (36-5674)

315 907 283 53 National
627 904 361 56 association
1020 905 63 52 of
1114 905 257 54 railroad
1401 907 115 53 and
1548 906 251 54 utilities
1831 907 499 56 commissioners.

393 1029 55 10 ...
487 986 383 66 Proceedings
906 984 64 53 of
1006 985 420 66 forty-seventh
1463 988 212 50 annual
1710 986 359 67 convention,
2104 987 132 53 held
2273 995 58 48 at

316 1063 317 67 Nashville,
661 1066 197 63 Tenn.,
886 1063 247 54 October
1162 1066 63 50 15
1253 1068 57 48 to
1341 1068 80 63 18,
1450 1068 149 49 1935.
1665 1066 139 52 New
1834 1065 164 53 York
2025 1067 134 66 city,
2185 1066 143 53 Pub.

315 1144 76 67 by
424 1143 123 53 The
581 1142 162 55 State
776 1143 110 51 law
918 1142 301 66 reporting
1250 1159 297 51 company,
1582 1139 199 57 official
1816 1148 259 62 reporter
2108 1143 95 54 for
2235 1145 96 52 the

316 1223 275 52 National
637 1218 341 55 association
1024 1219 63 53 of
1134 1221 253 52 railroad
1433 1222 112 51 and
1593 1221 240 54 utilities
1878 1220 452 56 commissioners

321 1304 193 64 [ c1 935]
418 1405 9 17 x,
459 1372 86 41 591
576 1384 43 38 p.
677 1372 138 40 front.
857 1371 174 49 (port.)
1099 1370 55 41 23½
1188 1373 43 21 cm
1238 1404 8 9 .

313 1427 52 53 ©
397 1432 110 39 Jan.
538 1430 71 48 20,
641 1428 143 48 1936;
818 1429 67 40 2c.
918 1429 95 39 and
1046 1428 82 42 aff.
1162 1429 110 39 Jan.
1304 1428 83 48 28;
1420 1430 41 38 A
1494 1428 171 48 90514;
1701 1430 130 40 Natl.
1866 1440 129 29 assn,
2030 1430 54 39 of
2115 1429 216 42 railroad

382 1489 35 40 &
446 1487 209 42 utilities
685 1485 405 42 commissioners.

314 1592 240 66 Nelson,
585 1592 201 54 Frank
816 1591 277 64 Howard,
1125 1593 172 52 1869-
1509 1591 86 55 ed.

385 1672 122 52 The
530 1671 194 67 clergy
747 1669 128 53 club
901 1668 65 55 of
992 1667 331 56 Cincinnati;
1381 1669 74 55 its
1480 1668 224 66 history
1728 1669 114 53 and
1866 1669 75 55 its
1967 1668 365 70 significance

316 1752 113 52 and
455 1769 30 34 a
510 1753 183 49 roster
714 1747 65 54 of
800 1747 278 53 members
1103 1752 125 63 past
1255 1747 114 54 and
1391 1752 244 63 present,
1660 1747 282 68 compiled
1967 1748 76 68 by
2069 1767 30 33 a
2120 1748 210 68 special

314 1830 320 53 committee
671 1826 93 54 for
795 1827 97 52 the
926 1825 241 54 fortieth
1205 1824 372 68 anniversary
1611 1825 64 53 of
1710 1826 97 54 the
1838 1826 128 53 club;
2032 1826 189 54 edited
2256 1827 76 69 by

314 1907 199 54 Frank
542 1907 77 53 H.
653 1905 231 67 Nelson,
953 1949 9 8 D.
1028 1949 10 9 D.
1106 1903 349 67 Cincinnati,
1481 1905 121 54 The
1635 1903 302 56 Stratford
1969 1924 177 49 press,
2179 1910 150 51 1934.

384 1978 1097 53 2 p. l., 7-29 p. incl. front, (ports.) 22 cm .
311 2036 54 53 ©
400 2041 122 39 Mar.
558 2039 69 47 15,
665 2038 141 46 3934;
844 2037 67 40 2c.
948 2036 96 40 and
1080 2035 82 40 aff.
1200 2036 111 40 Feb.
1348 2035 68 48 15,
1454 2035 140 48 1936;
1633 2036 41 38 A
1709 2034 171 50 91819;
1921 2036 175 49 Clergy
2133 2037 113 40 club
2278 2037 54 40 of

386 2095 295 49 Cincinnati,
718 2094 294 42 Cincinnati.
1088 2092 251 49 (36-5968)

314 2202 240 65 Nelson,
582 2201 231 56 Wilbur
842 2200 66 54 L.

390 2322 56 10 ...
480 2277 332 54 Petroleum
842 2275 243 70 refinery
1117 2273 389 70 engineering,
1537 2274 76 69 by
1642 2274 91 54 W.
1765 2274 65 53 L.
1863 2274 213 54 Nelson
2115 2318 57 10 ...
2245 2277 85 50 1st

313 2360 84 52 ed.
461 2358 140 53 New
626 2355 167 54 York
816 2356 114 52 and
954 2354 261 53 London.
1241 2351 433 56 McGraw-Hill
1702 2353 147 53 book
1873 2372 303 52 company,
2200 2355 129 67 inc.,

314 2439 151 52 1936.

380 2510 99 49 viii,
527 2510 86 41 647
661 2519 43 39 p.
766 2508 143 48 illus.,
957 2507 180 49 diagrs.
1166 2507 49 48 (1
1262 2505 143 49 fold.)
1474 2504 56 41 23½
1563 2507 45 22 cm
1612 2538 8 6 .
1693 2504 269 51 (Chemical
2014 2505 313 51 engineering

310 2568 177 49 series)

388 2622 1854 48 “References” at end of each chapter except chapters II and XXVII.
311 2682 53 54 ©
391 2687 110 39 Feb.
529 2686 40 48 3,
598 2684 142 48 1936;
770 2684 67 41 2c.
865 2684 100 40 and;
988 2682 83 40 aff.
1100 2682 110 40 Feb.
1240 2681 52 47 6;
1323 2682 40 38 A
1389 2680 143 41 90623;
1593 2681 352 41 McGraw-Hill
1975 2683 124 40 book
2127 2693 83 39 co.,
2238 2684 90 39 inc.

390 2743 253 50 (36-5773)

313 2847 225 65 Ogden,
570 2847 229 64 George
828 2843 417 66 Washington,
1278 2844 172 55 1871-

383 2923 248 69 Whisky
679 2922 155 69 trail,
880 2921 75 70 by
1002 2919 223 70 George
1272 2919 90 55 W.
1412 2918 220 69 Ogden.
1717 2918 140 53 New
1905 2918 183 70 York,
2136 2918 194 68 Dodd,

312 3003 171 53 Mead
509 3002 46 51 &
582 3018 301 52 company,
915 3002 153 52 1936.

417 3109 10 14 v,
456 3077 87 40 297
570 3086 44 38 p.
677 3074 56 41 19
737 3077 43 21 cm
784 3107 9 9 .

310 3133 54 53 ©
397 3137 110 40 Feb.
537 3136 70 46 28,
641 3133 142 48 1936;
818 3133 67 40 2c.
920 3134 123 40 Mar.
1076 3133 53 47 2;
1166 3132 82 41 aff.
1285 3133 121 39 Mar.
1438 3132 53 46 4;
1528 3131 40 39 A
1601 3129 171 49 92096;
1856 3164 8 8 G.
1899 3132 71 40 W.
2006 3131 180 49 Ogden,
2221 3132 106 41 Van

382 3195 148 47 Nuys,
564 3192 147 42 Calif.
781 3189 253 51 (36-5929)

314 3296 216 65 Oliver,
559 3296 156 54 John
746 3294 333 64 Rathbone,
1110 3295 172 55 1872-

384 3372 244 56 Greater
664 3372 143 67 love,
846 3370 76 70 by
962 3370 159 55 John
1160 3368 303 54 Rathbone
1502 3367 216 56 Oliver.
1797 3367 140 55 New
1979 3368 182 68 York,
2202 3367 124 54 The

313 3451 337 54 Macmillan
681 3467 300 51 company,
1010 3451 152 51 1936.

381 3522 661 54 viii p., 1 l., 413 p. 20 cm .
311 3582 53 54 ©
402 3588 121 39 Mar.
557 3587 40 46 3,
633 3585 118 40 1936;
812 3584 68 41 2c.
917 3584 95 39 and
1048 3582 81 41 aff.
1168 3583 120 39 Mar.
1326 3582 53 46 4;
1418 3582 40 38 A
1493 3580 172 48 92086;
1707 3581 282 40 Macmillan
2026 3592 67 30 co.

391 3642 252 50 (36-5934)

312 3733 206 64 Perry,
546 3732 191 64 Lynn,
768 3736 172 50 1884-

389 3808 165 56 Some
594 3810 196 53 letters
831 3808 64 53 of
934 3809 113 52 and
1089 3807 342 68 concerning
1472 3805 194 68 Major
1705 3805 261 55 William
2008 3808 200 66 Peery,
2248 3805 75 68 by

316 3888 167 69 Lynn
522 3888 199 67 Perry.
800 3885 331 70 Strasburg,
1167 3887 126 66 Va.,
1334 3884 382 56 Shenandoah
1760 3883 336 68 publishing
2134 3885 189 66 house,

317 3968 125 61 inc.,
471 3971 151 50 1935.

387 4036 1032 42 xi p., 1 l., 43 p . illus. (port.) 23½ cm .
