2519 4377
1071 4128 132 49 1243

125 490 302 64 Newman,
454 486 173 56 Sadie
654 487 228 63 Krupp.

197 564 231 54 Pitman
458 561 272 55 teacher’s
759 561 232 53 manual;
1054 577 71 35 an
1158 556 225 55 eclectic
1410 554 231 55 method
1674 550 234 72 applied
1938 557 60 48 to
2029 551 95 53 the

128 644 136 53 New
301 640 276 55 standard
613 657 213 49 course,
861 635 220 55 revised
1116 634 234 68 edition,
1386 634 75 68 by
1502 630 172 58 Sadie
1708 631 215 68 Krupp
128 629 1972 143 Newman

296 761 57 12 ...
432 718 138 52 New
605 716 180 67 York,
821 713 270 70 Chicago,
1123 713 233 52 Pitman
1391 708 337 72 publishing
1760 706 365 70 corporation

171 799 133 51 [c1936]

195 868 62 47 vi,
293 865 99 46 327,
432 865 56 51 [2]
525 875 43 38 p.
629 864 180 48 diagrs.
868 862 58 41 20½
956 864 45 21 cm
1006 893 9 10 .

197 922 350 51 Bibliography;
608 921 58 51 [2]
698 931 44 39 p.
776 922 53 39 at
861 919 105 43 end.

128 981 53 53 ©
209 985 128 48 Sept.
364 984 40 47 1,
431 982 117 41 1936;
601 981 68 41 2c.
696 981 97 39 and
821 980 83 42 aff.
933 979 128 49 Sept.
1088 980 27 39 3;
1171 979 43 40 A
1239 976 146 43 97659;
1443 975 196 42 Pitman
1664 976 112 48 pub.
1804 974 326 49 corporation.

207 1039 279 49 (36-19296)

127 1144 216 64 Noyes,
369 1141 231 63 Alfred,
630 1145 172 51 1880-

200 1217 276 69 Voltaire,
519 1217 75 68 by
639 1215 214 54 Alfred
899 1212 202 71 Noyes.
1194 1212 139 54 New
1380 1211 181 68 York,
1609 1210 185 55 Sheed
1838 1210 46 51 &
1927 1208 201 68 Ward,

131 1299 148 51 1936.

202 1362 1050 52 vi p., 2 l., 643 p. front., ports. 22 cm .
203 1422 290 41 “Published
531 1423 203 46 August,
772 1420 142 46 1936;
953 1420 107 41 first
1098 1417 229 42 edition.”

130 1479 53 53 ©
210 1483 118 47 Aug.
356 1481 69 47 26,
456 1480 115 41 1936;
624 1481 69 39 2c.
726 1481 127 46 Sept.
881 1479 53 48 5;
966 1478 82 41 aff.
1081 1478 127 47 Sept.
1237 1478 52 46 1;
1321 1477 41 39 A
1388 1475 172 49 98288;
1594 1475 157 41 Sheed
1780 1475 36 40 &
1844 1474 165 48 Ward,
2038 1473 93 41 inc.

210 1537 281 51 (36-19203)

129 1640 213 54 Pacific
390 1645 272 63 reporter.
753 1638 219 56 Second
1022 1639 184 51 series.
1296 1637 169 55 Cases
1517 1635 214 69 argued
1786 1636 110 52 and
197 1635 1910 137 determined
414 1719 60 52 in
499 1719 95 52 the
621 1722 189 49 courts
837 1716 63 54 of
926 1714 271 69 Arizona,
1226 1712 344 70 California,
1597 1713 301 67 Colorado,
1928 1713 204 67 Idaho,

198 1797 242 65 Kansas,
469 1797 296 64 Montana,
792 1795 253 66 Nevada,
1075 1795 139 52 New
1242 1792 241 67 Mexico,
1513 1790 340 69 Oklahoma,
1884 1790 249 67 Oregon,

199 1874 177 66 Utah,
399 1872 402 67 Washington,
827 1871 329 69 Wyoming,
1182 1870 139 53 with
1349 1870 109 67 key
1483 1870 239 53 number
1751 1868 379 53 annotations,

200 1951 225 53 volume
457 1954 65 49 56
555 1949 128 69 (2d)
723 1951 158 66 May,
916 1951 149 52 1936.
1138 1949 82 54 St.
1254 1948 166 67 Paul,
1453 1946 202 70 Minn.,
1684 1949 160 53 West
200 1946 1908 149 publishing
325 2047 96 48 co.,
449 2031 149 51 1936.

203 2102 131 50 xxiv,
367 2100 113 41 1496
510 2110 44 38 p.
613 2099 61 40 26½cm.

134 2151 2003 56 © Aug. 20, 1936; 1c. Sept. 19; 1c. Sept. 21; aff. Sept. 17; A 98535; West
203 2215 110 49 pub.
342 2223 67 33 co.

135 2320 170 63 Pope,
332 2318 228 65 Nancy.

208 2437 56 10 ...
302 2394 120 54 The
453 2399 257 48 sentence
739 2392 64 53 of
833 2393 194 67 youth.
1103 2392 232 55 Garden
1368 2391 152 69 City,
1550 2391 69 55 N.
1656 2393 89 66 Y.,
1776 2391 357 68 Doubleday,

137 2474 195 52 Doran
362 2476 46 51 &
435 2491 97 43 co.,
562 2471 125 66 inc.,
718 2475 150 52 1936.

207 2543 580 51 6 p. l., 3-275 p. 20 cm .
208 2600 163 43 “First
401 2600 228 43 edition.”

138 2655 53 53 ©
219 2660 126 47 Sept.
373 2659 40 47 4,
437 2659 114 40 1936;
605 2659 68 40 2c.
701 2658 96 39 and
822 2657 81 42 aff.
934 2657 128 49 Sept.
1089 2658 55 39 14;
1200 2658 41 39 A
1267 2657 143 41 98375;
1467 2656 299 50 Doubleday,
1794 2658 169 38 Doran
1991 2657 37 41 &
2053 2664 82 42 co.,

205 2715 91 43 inc.
363 2714 280 49 (36-19218)

138 2804 200 64 Reese,
365 2803 229 55 Lizette
618 2803 397 62 Woodworth,
1045 2808 324 50 1856-1935.

205 2880 278 72 Worleys,
504 2881 75 70 by
601 2881 219 54 Lizette
843 2881 372 56 Woodworth
1239 2882 200 67 Reese;
1466 2879 389 57 introduction
1880 2881 70 69 by
1980 2881 154 56 John

139 2959 229 54 Farrar.
443 2960 138 52 New
618 2959 179 69 York,
833 2960 215 53 Farrar
1082 2964 45 50 &
1161 2959 297 68 Rinehart,
1493 2958 400 70 incorporated
1979 2964 151 64 [c1936]

208 3031 83 50 vii,
318 3031 57 43 55
403 3043 43 39 p.
505 3031 147 43 19½cm.

141 3085 52 53 ©
217 3090 126 47 Sept.
368 3090 69 47 10,
460 3089 113 40 1936;
626 3089 67 41 2c.
722 3090 126 47 Sept.
873 3090 55 38 14;
981 3089 81 41 aff.
1090 3090 128 47 Sept.
1242 3091 54 38 11;
1350 3091 42 38 A
1414 3089 148 42 98380;
1611 3090 185 39 Farrar
1822 3090 36 40 &
1883 3089 253 46 Rinehart,

209 3146 90 42 inc.
362 3145 278 51 (36-19223)

139 3233 375 67 Remington,
543 3236 220 62 Joseph
792 3235 186 64 Price,
1011 3237 324 54 1847-1918.

213 3310 390 69 Remington’s
636 3310 259 54 Practice
930 3310 63 54 of
1029 3312 341 67 pharmacy;
1410 3330 31 34 a
1476 3312 233 54 treatise
1742 3330 72 34 on
1850 3312 96 53 the
145 3311 1970 145 making,

297 3387 451 70 standardizing,
788 3388 115 53 and
939 3387 352 70 dispensing,
1327 3388 66 54 of
1429 3385 218 72 official,
1684 3386 300 70 unofficial,
2024 3389 111 52 and

142 3468 500 65 extemporaneous
694 3464 481 69 pharmaceutical
1227 3464 417 71 preparations,
1695 3464 141 54 with
146 3466 1966 129 descriptions

319 3541 64 54 of
407 3542 304 53 medicinal
740 3541 339 70 substances,
1109 3543 147 53 their
1283 3541 336 72 properties,
1646 3561 143 51 uses,
1817 3543 112 53 and
1958 3543 178 68 doses,

145 3619 112 52 and
295 3620 133 53 such
470 3620 162 52 other
672 3617 379 70 professional
1093 3620 210 54 service
1342 3620 59 53 in
1439 3620 330 56 connection
1808 3620 141 54 with
145 3639 1965 125 community

401 3695 196 54 health
631 3714 60 36 as
724 3697 97 53 the
858 3695 350 70 pharmacist
1240 3716 133 50 may
1408 3697 68 54 be
1512 3697 181 55 called
1727 3716 156 50 upon
1917 3703 60 48 to
144 3716 1969 124 render,
295 3771 269 55 intended
601 3773 95 52 for

731 3774 96 53 the
861 3792 96 36 use
993 3774 65 53 of
1091 3774 379 68 pharmacists
1507 3775 112 53 and
1657 3774 329 69 physicians
2023 3775 111 52 and

146 3866 59 35 as
240 3869 30 33 a
306 3850 268 54 textbook
613 3850 95 52 for
743 3849 285 70 students;
1069 3869 133 35 over
1238 3869 165 35 seven
1437 3851 265 55 hundred
1741 3850 393 55 illustrations.

147 3926 96 52 8th
272 3925 83 54 ed.
422 3926 89 68 By
541 3927 67 53 E.
641 3927 300 54 Fullerton
971 3925 157 56 Cook
1163 3971 56 9 ...
1255 3928 110 52 and
1400 3927 236 55 Charles
1666 3928 74 53 H.
1772 3929 83 52 La
1884 3929 155 53 Wall
2076 3972 56 10 ...

149 3999 1983 79 Philadelphia and London, J. B. Lippincott company [ c 1936]
