2519 4377
1050 4076 97 49 611

116 437 204 63 Busse,
346 436 303 53 Hermann
679 436 154 63 Eris,
863 443 170 49 1891-

283 510 1643 70 … Peter Brunnkant, roman. Leipzig, P. List [c1935]
183 583 99 50 274,
357 604 11 31 [1]
398 594 42 38 p.
501 583 114 41 19cm.

184 639 134 42 First
344 640 255 48 published
628 640 51 40 in
708 640 129 41 1927.

115 709 1989 53 © Oct. 10, 1935; 1c. Mar. 19, 1936; A- Foreign 30959; Paul List verlag.
194 769 278 48 (36-10743)

114 871 320 65 Chapman,
462 871 245 55 Charles
732 870 218 65 Cullen,
978 877 170 49 1891-

181 947 120 53 The
323 946 394 70 development
737 946 64 55 of
822 946 305 55 American
1150 947 253 54 business
1429 947 110 55 and
1562 946 257 71 banking
1840 948 265 69 thought,

114 1024 1991 70 1913-1936, by Charles C. Chapman … London, New York
116 1108 137 62 [etc.]
286 1103 341 69 Longmans,
660 1103 185 55 Green
873 1104 112 52 and
1015 1120 97 52 co.,
1142 1106 150 50 1936.

181 1177 103 48 xiii,
310 1178 85 40 351
426 1188 44 38 p.
523 1177 146 40 22½cm.

183 1232 226 46 “Printed
438 1233 48 39 in
514 1234 81 40 the
624 1232 177 42 United
833 1232 162 41 States
1021 1233 54 40 of
1098 1232 266 42 America.”

183 1288 161 41 “First
371 1288 224 41 edition.”

113 1341 52 52 ©
190 1345 111 48 Apr.
328 1345 68 47 29,
422 1344 138 47 1936;
590 1345 66 40 2c.
684 1345 111 48 Apr.
825 1344 82 47 30;
937 1343 82 42 aff.
1047 1346 113 47 May
1188 1345 52 47 1;
1269 1345 40 40 A
1335 1345 171 48 93944;
1536 1347 49 41 C.
1615 1347 49 41 C.
1694 1348 264 48 Chapman,
1988 1350 117 39 New

183 1402 215 40 Orleans.
461 1401 279 48 (36-10403)

110 1503 300 65 Charters,
436 1505 261 53 Werrett
723 1504 269 64 Wallace,
1022 1505 170 53 1875-

180 1581 1921 69 From morning till night, by W. W. Charters … Dean F.
111 1660 1992 71 Smiley … [and] Ruth M. Strang … with pictures by Corinne
108 1739 169 53 Pauli
313 1739 295 54 Waterall.
686 1740 137 52 New
863 1738 179 68 York,
1080 1740 119 52 The
1238 1739 334 53 Macmillan
1611 1758 296 51 company,
1950 1745 150 51 1936.

179 1812 79 47 vii,
287 1811 82 41 152
397 1822 43 38 p.
496 1813 85 39 col.
609 1812 127 40 illus.
795 1810 114 43 19cm.

181 1870 286 39 Illustrated
497 1871 96 45 t.-p.
625 1869 96 39 and
747 1867 347 49 lining-papers
1125 1867 48 40 in
1205 1869 168 39 colors.

110 1920 52 54 ©
187 1927 112 45 May
324 1925 69 47 12,
419 1925 116 39 1936;
586 1924 65 40 2c.
680 1926 95 38 and
800 1924 82 41 aff.
909 1925 113 47 May
1048 1925 53 39 13;
1157 1924 40 39 A
1223 1924 142 40 95136;
1424 1923 281 41 Macmillan
1731 1936 67 30 co.

188 1980 278 49 (36-10483)

173 2078 1926 74 Happy days, by W. W. Charters, PH . D ., Dean F. Smiley,
163 2155 1937 74 M . D. [and] Ruth M. Strang, PH. D.; with pictures by Kate
107 2235 229 56 Seredy.
404 2237 138 53 New
577 2236 181 69 York,
789 2237 121 53 The
942 2234 335 55 Macmillan
1308 2253 297 53 company,
1640 2239 151 52 1936.

177 2311 100 49 viii,
306 2311 86 42 168
418 2321 43 38 p.
523 2310 84 40 col.
639 2310 126 40 illus.
827 2309 115 42 19cm.

175 2368 287 42 Illustrated
490 2370 96 45 t.-p.
618 2368 94 39 and
742 2366 362 49 lining-papers.

109 2424 52 53 ©
186 2430 113 46 May
324 2429 39 46 5,
389 2427 116 40 1936;
557 2426 66 40 2c.
650 2427 96 39 and
772 2425 80 42 aff.
880 2427 117 46 May
1019 2425 28 40 6;
1099 2425 40 39 A
1165 2424 146 41 95012;
1364 2425 284 41 Macmillan
1671 2436 69 34 co.

189 2483 277 50 (36-10482)

107 2589 345 63 Cheesman,
480 2587 220 53 Robert
729 2588 236 61 Ernest,
995 2587 170 54 1878-

176 2666 156 52 Lake
360 2666 160 51 Tana
549 2667 45 49 &
622 2665 94 52 the
749 2664 143 52 Blue
923 2663 157 66 Nile;
1114 2681 71 34 an
1216 2663 348 68 Abyssinian
1594 2669 176 62 quest,
1800 2664 74 68 by
1906 2664 193 68 Major

107 2739 1989 69 R. E. Cheesman … London, Macmillan and co., limited, 1936.
177 2816 96 47 xiv,
305 2816 88 40 400
422 2827 43 37 p.
526 2815 103 40 fold.
676 2815 163 46 front.,
873 2815 169 47 plates,
1077 2824 136 37 maps
1257 2814 52 48 (2
1336 2813 144 46 fold.)
1552 2814 116 40 23cm.

107 2869 1992 54 © 1c. Apr. 29, 1936; A ad int. 21366; pubd. Mar. 3; R. E. Cheesman,
182 2931 292 46 Cranbrook,
512 2930 141 45 Kent,
694 2928 234 49 England.
1008 2927 279 48 (36-11023)

106 3033 223 63 Cotter,
359 3031 280 64 Arundel,
675 3037 170 49 1883-

177 3109 161 51 Your
380 3107 289 54 securities
710 3107 179 53 under
934 3105 170 56 social
1150 3105 273 68 security;
1472 3123 31 33 a
1547 3104 304 54 handbook
1895 3106 64 50 of
2005 3106 95 53 the

105 3185 160 54 labor
291 3185 185 53 factor
500 3188 60 51 in
583 3185 387 68 investments,
993 3185 75 68 by
1091 3184 257 52 Arundel
1379 3183 195 54 Cotter
1596 3182 112 53 and
1733 3183 248 53 Thomas
2009 3186 89 52 W.

105 3263 228 68 Phelps.
394 3262 138 53 New
558 3262 179 67 York,
762 3263 162 68 Dow,
950 3263 173 54 Jones
1152 3264 47 50 &
1222 3281 98 49 co.,
1347 3261 108 53 inc.
1488 3264 192 64 [c1936]

175 3336 524 49 3 p. l., 153 p. 23cm.
177 3392 186 41 “Based
389 3403 60 30 on
474 3404 27 29 a
529 3392 150 41 series
704 3393 53 40 of
779 3392 197 41 articles
1000 3403 60 30 on
1085 3392 84 40 the
1192 3389 148 43 social
1361 3390 213 49 security
1603 3393 79 38 act
1707 3392 95 39 and
1827 3390 64 41 its
1917 3391 182 49 impact

105 3459 63 30 on
205 3449 256 40 American
502 3448 227 49 industry
769 3448 254 49 published
1063 3447 50 40 in
1153 3448 82 40 the
1276 3448 125 40 Wall
1444 3449 151 38 street
1635 3447 195 48 journal
1872 3451 135 45 early
2049 3449 48 40 in

105 3504 492 42 1936.”—Foreword.

106 3557 52 53 ©
182 3561 114 48 Apr.
320 3561 69 48 23,
415 3561 116 41 1936;
582 3561 68 41 2c.
676 3562 113 47 Apr.
815 3560 82 48 29;
924 3561 82 41 aff.
1034 3561 113 48 May
1172 3559 53 49 9;
1253 3560 42 40 A
1320 3560 170 48 95110;
1521 3561 287 41 Dow-Jones
1836 3563 35 39 &
1898 3572 81 37 co.,
2006 3564 91 40 inc.

185 3617 278 49 (36-10406)

105 3718 258 66 Croneis,
390 3721 189 64 Carey
605 3720 306 64 Gardiner,
938 3726 171 49 1901-

171 3795 183 54 Down
380 3804 58 46 to
462 3799 159 51 earth;
680 3816 71 34 an
773 3797 389 53 introduction
1187 3802 58 47 to
1270 3796 256 68 geology,
1549 3795 76 69 by
1651 3797 184 68 Carey
1860 3798 236 54 Croneis

105 3873 1989 69 and William C. Krumbein … decorative drawings by Chichi
103 3949 1969 74 Lasley. Chicago, Ill., The University of Chicago press [ 1936]
