2519 4377
1321 4090 133 51 1966

741 464 94 35 CONTENTS.—I.
863 457 112 41 Life
998 458 170 48 begins
1195 461 52 37 at
1272 457 83 42 84!
1413 460 73 47 By
1513 460 170 40 Bessie
1711 461 52 39 F.
1791 460 179 42 White.
2027 461 384 50 Peace-makers,

387 515 61 47 by
488 515 90 39 Ida
619 516 52 39 L.
713 515 215 40 Ehrlich.
1000 516 104 40 The
1141 516 200 39 modern
1383 517 335 49 masterpiece,
1759 518 62 47 by
1861 519 55 39 V.
1959 518 280 48 Etheridge.
2310 519 106 40 The

388 573 163 48 decoy,
580 572 63 48 by
674 573 51 41 P.
759 573 159 41 Slade.
978 574 42 39 A
1050 575 109 46 spot
1190 574 52 40 of
1274 574 161 49 lunch,
1468 574 62 48 by
1560 575 56 39 N.
1652 575 169 40 Grant.
1883 576 115 40 Just
2029 575 68 40 off
2127 575 283 49 Piccadilly,

387 630 62 47 by
476 631 43 40 J.
547 630 192 40 Parish.
797 630 122 40 Five
941 630 228 49 minutes,
1196 631 61 48 by
1284 632 51 41 P.
1368 631 159 42 Slade.
1585 632 199 40 There’s
1809 641 174 39 money
2009 632 191 49 coming
2227 636 49 37 to
2304 642 106 41 you,

387 687 63 48 by
490 688 51 40 P.
584 687 185 42 Florin.
840 689 113 38 Men
996 689 125 46 only,
1164 688 63 48 by
1270 689 53 41 G.
1369 688 218 49 Hughes.
1660 690 83 47 My
1785 689 163 50 tailor,
1993 690 62 47 by
2096 690 60 40 H.
2202 691 209 48 Harper.

387 744 214 50 Lamin’,
637 745 63 48 by
733 745 111 40 Alla
880 745 165 42 Webb.
1109 745 102 41 The
1244 745 137 41 front
1415 746 162 48 porch,
1616 747 61 47 by
1713 746 191 41 Nadine
1940 746 275 41 Miles.—II.
2252 747 160 40 Books

388 803 80 39 for
491 802 86 42 the
599 802 139 50 dead,
764 802 62 49 by
851 804 59 38 H.
940 803 268 40 Skidmore.
1264 803 191 41 What’s
1481 804 51 39 in
1558 814 29 29 a
1615 814 156 38 name,
1796 804 63 48 by
1885 806 61 39 H.
1976 805 54 41 G.
2057 805 198 41 Grover.
2312 803 98 43 The

388 860 236 40 demands
664 860 53 39 of
755 860 198 49 society,
992 861 63 47 by
1095 862 60 40 H.
1198 861 210 48 Harper.
1478 861 106 39 The
1618 863 217 49 capture,
1875 861 64 48 by
1980 863 52 40 F.
2074 864 63 38 M.
2179 861 231 41 Howard.

386 918 239 40 Paradise
665 918 247 48 regained,
951 918 61 47 by
1051 918 230 40 Beatrice
1323 919 44 40 S.
1410 918 146 42 Snell.
1626 919 273 39 November
1939 919 276 49 afternoon,
2256 919 62 49 by
2357 921 42 39 A

387 975 247 42 Pelissier.
700 977 204 40 Heaven
939 987 59 29 on
1035 977 156 47 earth,
1228 976 61 48 by
1325 978 51 39 P.
1413 977 235 41 Johnson.
1712 977 104 40 The
1850 977 317 50 christening,
2203 977 62 48 by
388 978 2008 95 Gertrude
564 1034 254 48 Jennings.
882 1033 79 40 Fit
996 1044 55 30 as
1082 1045 26 28 a
1142 1034 161 47 fiddle,
1337 1034 60 47 by
1430 1034 211 40 Babette
1673 1035 217 47 Hughes.
1953 1035 92 48 Tip
2082 1035 96 40 and
2212 1046 105 38 run,
2352 1036 55 47 by

389 1091 140 42 Olive
557 1092 228 47 Conway.
844 1092 104 39 The
976 1092 270 47 lay-figure,
1272 1091 61 47 by
1365 1092 144 39 Ethel
1539 1092 107 40 Van
1677 1092 85 39 der
1792 1093 137 39 Veer,

388 1160 41 29 v.
466 1150 40 48 1,
542 1145 53 53 ©
632 1150 111 40 Jan.
780 1149 70 49 15,
886 1148 143 49 1936;
1067 1160 43 29 v.
1146 1149 40 49 2,
1226 1145 53 53 ©
1317 1150 110 39 Jan.
1465 1149 82 46 17;
1586 1148 67 40 2c.
1691 1149 119 40 each
1847 1150 97 38 and
1981 1150 108 41 affs.
2129 1150 111 40 Feb.
2279 1150 53 47 5;
2372 1151 34 38 A

457 1207 159 49 91605,
650 1206 173 48 91606;
862 1207 196 41 Samuel
1091 1206 205 42 French.
1368 1205 230 49 (36-3680
1616 1206 124 48 rev.)

386 1312 207 66 Orczy,
624 1313 351 63 Emmuska,
1007 1313 281 66 baroness,
1319 1316 173 50 1865-

459 1391 95 55 Sir
604 1393 184 65 Percy
838 1392 158 52 leads
1046 1391 95 53 the
1190 1392 172 56 band,
1411 1391 75 67 by
1539 1393 281 51 Baroness
1871 1391 204 68 Orczy.
2152 1391 260 57 London,

385 1471 243 52 Hodder
654 1471 113 52 and
799 1471 345 66 Stoughton,
1172 1468 224 56 limited
1430 1472 173 65 [1936]

457 1543 88 41 316
572 1555 44 37 p.
676 1543 56 40 19½
764 1546 45 21 cm
815 1577 8 8 .

385 1612 2024 54 © 1c. Nov. 13, 1936; A ad int. 22011: pubd. Sept. 17; Emmuska Barstow,
459 1675 166 39 Monte
655 1674 161 51 Carlo,
844 1675 219 40 Monaco.
1134 1672 284 49 (36-33139)

385 1781 285 64 Ostwald,
700 1781 295 56 Wilhelm,

458 1861 82 50 Er
589 1860 122 53 und
760 1858 110 60 ich,
921 1877 112 34 von
1079 1859 276 55 Wilhelm
1408 1858 279 55 Ostwald.
1763 1857 260 69 Leipzig,
2073 1860 65 51 T.
2188 1858 223 54 Martin

391 1942 174 64 [1936]

457 2011 85 39 112
572 2022 43 37 p.
678 2012 87 40 col.
797 2011 146 49 illus.,
1043 2043 8 16 pl.,
1081 2013 140 47 port.,
1255 2010 181 48 diagrs.
1497 2008 57 40 21½cm.

386 2066 2025 53 © Sept. 1, 1936; 1c. Dec. 3; A-Foreign 33604; Th. Martins textilverlag.
385 2190 206 64 Perry,
618 2191 206 53 James
850 2191 87 52 De
963 2190 178 64 Wolf,
1169 2191 110 66 bp.,
1309 2189 172 53 1871-
1697 2188 83 53 ed.

459 2270 199 55 Christ
684 2271 93 53 the
806 2270 190 66 King;
1028 2270 95 51 the
1151 2267 311 68 Presiding
1487 2267 251 68 bishop’s
1766 2268 148 52 book
1941 2267 96 54 for
2063 2269 165 66 Lent,
2259 2271 151 64 1936,

386 2351 75 65 by
502 2348 233 54 various
780 2348 263 65 authors;
1090 2348 189 52 issued
1322 2346 182 53 under
1547 2347 95 52 the
1686 2345 280 54 direction
2012 2345 64 54 of
2117 2347 95 52 the
2256 2346 156 53 Most

387 2425 2024 67 Reverend James de Wolf Perry, D. D. New York and London,
384 2509 236 64 Harper
646 2509 46 49 &
720 2507 280 65 brothers,
1030 2509 152 51 1936.

461 2580 62 49 vi,
554 2579 85 41 169
667 2590 44 38 p.
769 2580 26 38 1
821 2579 131 40 illus.
1008 2578 57 40 19½
1097 2581 16 20 cm
1148 2611 8 7 .

460 2635 322 43 Meditations
812 2636 96 40 and
937 2646 205 38 prayers
1174 2635 78 39 for
1283 2634 119 40 each
1433 2634 95 48 day
1558 2634 53 40 of
1639 2634 135 40 Lent.

461 2694 147 41 “This
634 2695 125 39 book
784 2704 102 29 was
912 2693 256 48 prepared,
1197 2692 152 40 under
1376 2692 85 39 the
1487 2691 239 40 direction
1753 2691 53 40 of
1829 2692 83 39 the

1940 2689 258 50 Presiding
2226 2687 185 52 bishop,

385 2753 63 48 by
479 2753 226 40 Bernard
739 2751 203 47 Iddings
975 2749 258 49 Bell.”—p.
1270 2749 64 50 [ii]

461 2811 164 39 “First
658 2808 228 41 edition.”

388 2877 54 55 ©
471 2882 112 41 Feb.
615 2881 40 50 7,
688 2879 143 51 1936;
864 2879 67 43 2c.
964 2879 112 42 Feb.
1108 2878 52 50 6;
1194 2876 82 43 aff.
1307 2878 112 41 Feb.
1450 2876 83 44 10;
1568 2878 42 40 A
1639 2876 172 44 91672:
1846 2878 197 48 Harper
2076 2877 36 42 &
2142 2877 126 41 bros.

471 2939 254 50 (36-4961)

387 3046 307 64 Raemers,
722 3043 223 65 Sidney
970 3042 232 63 Albert,
1233 3047 171 50 1892-

459 3121 233 56 Church
722 3120 226 70 history
981 3119 96 54 for
1107 3121 96 53 the
1238 3139 96 34 use
1368 3119 64 53 of
1466 3119 314 68 secondary
1812 3119 239 67 schools,
2083 3119 77 66 by
2193 3118 217 68 Sidney

385 3197 2025 71 A. Raemers … St. Louis, Mo., and London, B. Herder book
386 3301 97 50 co.,
517 3286 153 51 1936.

457 3358 66 45 xi,
555 3356 86 40 564
671 3366 42 38 p.
744 3355 110 41 incl.
885 3354 165 47 front.,
1081 3355 144 46 illus.,
1253 3354 149 47 ports.
1464 3352 55 39 21
1523 3354 44 21 cm
1573 3385 7 7 .

390 3426 54 54 ©
471 3431 119 39 Nov.
620 3427 71 51 30,
722 3426 142 49 1936;
896 3427 68 42 2c.
992 3428 113 39 Dec.
1135 3425 54 44 2;
1223 3426 82 39 aff.
1337 3426 112 39 Dec.
1480 3424 53 42 3;
1569 3425 40 38 A
1641 3422 200 42 100795;
1877 3424 53 39 B.
1964 3421 192 40 Herder
2186 3420 124 39 book
2341 3430 66 30 co.

471 3486 225 50 (37-551)

388 3594 326 63 Rauscher,
745 3592 161 54 Otto.

460 3671 338 53 Ferdinand
834 3669 312 56 Raimund,
1184 3667 339 65 1790-1836;
1563 3666 119 52 sein
1719 3665 158 52 leben
1919 3663 59 52 in
2017 3663 244 66 bildern,
2297 3680 109 35 von

390 3750 139 55 Otto
588 3749 309 52 Rauscher.
974 3746 258 67 Leipzig,
1291 3741 569 70 Bibliographisches
1919 3741 248 53 institut.
2228 3760 46 35 a.
2336 3758 71 50 g.,

391 3831 150 50 1936.

463 3903 17 38 1
518 3911 42 38 p.
628 3932 8 12 l.,
669 3899 87 40 7-40
815 3910 43 37 p.
917 3899 174 48 plates,
1125 3896 216 40 facsims.
1405 3894 55 41 18
1462 3897 45 21 cm
1511 3924 8 8 .

389 3961 2002 116 © Aug. 13, 1936; 1c. Dec. 3; A-Foreign 33517: Bibliographisches institut, a.-g.
