2519 4377
1019 4129 131 49 1161

88 479 220 65 Bailey,
333 480 279 63 Nemadji
638 480 173 62 Beth,
840 485 169 49 1892-

158 584 151 52 Meal
339 584 280 67 planning
651 585 111 52 and
794 584 151 52 table
974 584 209 52 service
1212 583 59 52 in
1301 584 96 53 the
1426 583 305 53 American
1763 584 162 52 home
2061 615 12 34 [by]

89 661 1988 67 N. Beth Bailey (McLean) … with preface by Florence E.
89 738 1990 67 Busse (Smith) … Bev. ed. Peoria, Ill., The Manual arts
88 835 154 48 press
453 850 12 33 [c1936]

160 887 1054 50 1 p. l., 149 p. col. front., plates. 20 cm .
92 941 52 54 ©
177 946 115 48 July
327 946 69 48 27,
431 946 139 47 1836;
607 946 68 41 2c.
711 946 115 48 July
860 946 82 47 31;
979 945 82 42 aff.
1097 945 116 48 July
1248 945 82 48 30;
1369 946 42 39 A
1443 944 170 49 97209;
1652 946 56 41 N.
1745 945 126 40 Beth
1908 944 172 50 Bailey

158 1004 224 46 McLean,
410 1004 116 38 New
556 1003 217 41 Orleans.
842 1002 279 50 (36-17512)

87 1105 1305 67 Balducci Pegolotti, Francesco, 14t h cent.
219 1195 1799 68 … La pratica della mercatura, edited by Allan Evans …
88 1273 360 67 Cambridge,
481 1273 189 67 Mass.,
702 1274 120 53 The
856 1272 321 54 Mediaeval
1212 1275 268 65 academy
1514 1274 62 52 of
1610 1274 283 67 America,
1928 1278 150 50 1936.

151 1345 1931 49 liv, 443 p. illus., IV facsim. 26 cm . (Half-title: The Mediaeval academy
86 1401 51 41 of
165 1402 235 40 America.
459 1402 307 40 Publication
795 1413 75 30 no.
901 1401 81 49 24)

157 1458 145 39 “This
339 1458 300 47 manuscript
676 1458 43 39 is
756 1458 98 40 still
896 1461 48 38 to
983 1458 57 40 be
1073 1458 154 39 found
1263 1458 50 39 in
1351 1458 82 40 the
1471 1457 293 41 Riccardian
1805 1457 184 49 library
2029 1460 51 39 at

86 1515 240 47 Florence,
363 1515 152 39 under
551 1515 81 39 the
667 1515 202 39 number
902 1513 495 42 2441.”—Foreword.

158 1571 128 41 “The
314 1570 297 49 publication
645 1571 53 38 of
728 1570 99 40 this
857 1571 123 39 book
1010 1581 102 29 was
1144 1570 139 42 made
1313 1568 210 51 possible
1554 1570 61 48 by
1647 1572 169 47 grants
1849 1570 50 39 of
1931 1570 150 39 funds

90 1630 46 37 to
171 1628 81 39 the
287 1628 242 47 Academy
564 1628 126 40 from
728 1628 82 39 the
843 1627 235 46 Carnegie
1114 1627 307 48 corporation
1459 1627 52 40 of
1546 1628 116 39 New
1699 1628 131 39 York
1865 1628 96 39 and
2000 1627 82 41 the

85 1683 253 41 American
372 1684 184 41 council
591 1684 52 41 of
676 1684 198 39 learned
908 1682 264 41 societies.”

155 1740 348 48 Bibliography:
562 1751 44 37 p.
637 1741 216 41 385-388.

89 1792 52 54 ©
168 1798 125 39 June
320 1798 68 47 30,
417 1797 139 47 1936;
587 1798 67 40 2c.
684 1797 115 47 July
826 1798 52 46 3;
911 1796 79 40 aff.
1021 1797 116 46 July
1164 1797 81 46 16;
1276 1797 41 38 A
1343 1795 170 48 96536;
1546 1796 273 39 Mediaeval
1849 1796 232 47 academy

157 1854 51 39 of
234 1854 236 40 America.
530 1853 278 50 [Copyright
835 1853 42 39 is
902 1852 205 40 claimed
1134 1863 59 28 on
1216 1852 158 47 newly
1401 1852 161 40 edited
1588 1853 118 48 text,
1734 1852 346 49 introduction,

158 1913 149 45 notes,
336 1920 143 30 seven
505 1910 261 48 glossaries
793 1910 96 39 and
914 1908 198 50 indices]
1180 1908 280 49 (36-18741)

85 2012 284 65 Barbour,
395 2013 189 63 Ralph
610 2014 223 62 Henry,
863 2017 169 50 1870-

154 2103 206 54 Watch
394 2103 126 54 that
553 2102 160 68 pass!
787 2103 90 67 By
911 2102 192 67 Ralph
1138 2101 203 69 Henry
1373 2100 291 64 Barbour;
1703 2098 378 56 illustrations

89 2181 72 68 by
199 2181 221 69 George
457 2182 80 53 M.
578 2181 298 52 Richards.
952 2180 138 53 New
1132 2180 179 67 York,
1350 2180 260 67 London,
1649 2180 72 52 D.
1761 2179 319 68 Appleton-

87 2259 251 71 Century
376 2279 296 49 company,
709 2260 417 68 incorporated,
1165 2263 149 49 1936.

156 2335 64 47 ix,
248 2334 82 41 261
360 2345 43 37 p.
433 2334 108 40 inch
571 2334 164 47 front.,
764 2334 144 46 illus.,
937 2334 170 47 plates.
1166 2333 54 39 19½
1254 2336 42 20 cm
1303 2365 7 7 .

90 2387 52 52 ©
165 2392 118 47 Aug.
308 2391 69 48 28,
404 2391 112 40 1936;
572 2391 65 39 2c.
665 2391 97 38 and
787 2390 82 41 aff.
893 2391 120 46 Aug.
1038 2389 83 48 29;
1149 2390 40 39 A
1213 2389 142 41 97593;
1412 2392 56 38 D.
1495 2389 475 48 Appleton-Century
1998 2400 81 37 co.,

159 2448 89 40 inc.
312 2448 279 48 (36-18568)

86 2551 216 63 Bardy,
331 2551 280 64 Gustave,
644 2556 172 49 1881-

219 2636 1861 71 … Recherches sur saint Lucien d’Antioche et son école, par
90 2716 247 55 Gustave
368 2716 212 67 Bardy.
658 2715 183 65 Paris,
874 2715 65 54 G.
973 2715 356 53 Beauchesne
1362 2721 55 47 et
1446 2733 83 35 ses
1560 2715 106 62 fils,
1698 2719 149 49 1936.

151 2786 1929 61 3 p. l., [v]-viii, 378 p., 1 l. 23 ½ cm . (Études de théologie historique,
89 2849 212 48 publiées
327 2861 111 29 sous
463 2852 48 38 la
538 2851 236 40 direction
802 2852 81 38 des
910 2851 303 47 professeurs
1241 2852 59 39 de
1326 2850 238 48 théologie
1591 2851 29 40 à
1647 2851 239 40 l’Institut
89 2851 1971 104 catholique
243 2909 57 38 de
327 2907 164 47 Paris)

88 2962 1994 53 © June 5, 1936; 1c. July 14; A- Foreign 32356; Gabriel Beauchesne &
160 3034 75 29 ses
259 3024 89 40 fils.
411 3024 280 48 (36-18638)

87 3127 283 63 Behrens,
397 3127 223 53 Walter
646 3127 223 54 Ulrich.

90 3215 1969 131 Die methoden zur bestimmung des kali- und phosphors ä urebedarfs
91 3293 1990 131 landwirtschaftlich genutzter b ö den, von dr. Walter-Ulrich
327 3372 279 65 Behrens;
639 3371 105 53 mit
774 3375 29 48 3
837 3372 383 68 abbildungen
1253 3372 117 52 und
1405 3375 99 49 140
1535 3371 262 56 tabellen.
1865 3374 217 66 Berlin,

93 3448 213 67 Verlag
331 3448 247 67 Chemie,
607 3468 52 49 g.
689 3468 72 34 m.
789 3450 51 52 b.
869 3450 72 64 h.,
971 3453 149 49 1935.

161 3520 86 41 196
274 3532 41 38 p.
345 3522 109 41 incl.
484 3522 169 48 tables,
684 3522 177 50 diagrs.
919 3523 56 40 24
978 3525 44 23 cm
1027 3556 8 7 .

163 3577 552 42 “Literaturnachweis”:
776 3591 43 37 p.
853 3579 247 49 [179]-191.

90 3629 1991 58 © Dec. 31, 1935; 1c. Mar. 19, 1936; A- Foreign 31079; Verlag Chemie,
160 3699 41 37 g.
227 3700 57 31 m.
308 3690 42 40 b.
375 3690 44 39 h.
483 3690 280 50 (36-18679)

91 3791 310 65 Benstead,
430 3794 244 54 Charles
701 3794 276 66 Richard,
1007 3802 170 49 1896-

160 3868 257 55 Atlantic
449 3868 175 69 ferry,
653 3870 76 68 by
759 3869 61 56 C.
854 3871 67 51 R.
954 3871 300 53 Benstead.
1319 3871 163 54 With
1517 3871 197 54 fifteen
1744 3873 199 68 plates,
1976 3873 105 56 five

93 3961 159 50 maps
279 3946 110 52 and
417 3965 31 33 a
477 3947 277 67 diagram.
817 3949 258 64 London,
1105 3949 269 52 Methuen
1403 3951 46 50 &
1476 3968 78 34 co.
1580 3950 104 53 ltd.
1878 3984 11 34 [1936]

163 4018 1918 54 xiv p., 1 l., 256 p. front., illus. (incl. maps) plates (1 double) 22½cm.
