2519 4377
1064 4094 97 49 563

129 444 121 52 The
276 443 226 54 concise
533 443 291 54 Standard
851 442 320 68 dictionary
1201 443 62 53 of
1291 443 97 53 the
1413 442 245 68 English
1686 443 311 68 language;
197 443 1901 145 designed
422 525 56 47 to
506 520 131 69 give
664 520 93 53 the
787 520 412 69 orthography,
1229 520 457 68 pronunciation,
1716 520 110 52 and
1856 517 268 70 meaning

199 597 64 53 of
292 598 172 53 about
493 601 189 62 38,000
712 599 187 52 words
927 599 111 52 and
1071 599 232 67 phrases
1336 598 59 53 in
1427 599 98 52 the
1554 598 200 68 speech
1788 598 112 53 and
198 597 1901 131 literature
351 676 64 52 of
443 676 98 52 the
568 676 552 69 English-speaking
1151 677 256 67 peoples;
1441 676 102 54 780
1575 674 265 70 pictorial
199 675 1900 137 illustrations;
415 755 276 69 abridged
730 755 150 52 from
917 755 94 52 the
1049 755 168 52 Funk
1254 758 45 48 &
1333 756 300 68 Wagnalls
1670 773 122 34 new
1830 754 292 56 Standard

198 832 1863 71 dictionary of the English language by James C. Fernald …
197 911 1925 71 A new ed., carefully rev. by Frank H. Vizetelly … New
200 991 160 52 York
387 991 111 52 and
527 992 258 66 London,
813 992 168 51 Funk
1008 994 45 49 &
1078 993 300 67 Wagnalls
1408 1010 297 50 company,
1737 995 149 50 1936.

193 1077 41 36 v,
269 1065 72 49 [1],
370 1065 84 41 583
487 1076 41 37 p.
587 1066 128 40 illus.
776 1066 116 40 17cm.

197 1122 70 40 On
300 1132 167 30 cover:
502 1122 139 40 Funk
674 1118 46 44 &
752 1123 250 48 Wagnalls
1036 1121 201 42 Concise
1271 1123 245 41 Standard
1549 1121 288 50 dictionary.

128 1175 52 52 ©
207 1179 113 47 Apr.
350 1179 68 47 27,
449 1177 138 47 1936;
617 1179 69 40 2c.
716 1180 95 39 and
841 1179 82 40 aff.
953 1181 113 46 May
1095 1179 53 46 1;
1180 1180 40 38 A
1249 1178 142 41 94239;
1451 1180 141 38 Funk
1620 1180 36 39 &
1686 1180 250 47 Wagnalls
1969 1190 67 30 co.

209 1234 227 49 (36-9840
445 1236 13 46 )

127 1325 359 53 Conference
512 1343 70 35 on
610 1324 362 65 psychiatric
998 1324 329 54 education.

196 1400 377 67 Proceedings
611 1401 65 55 of
712 1402 92 52 the
843 1402 156 52 third
1040 1401 348 56 Conference
1426 1420 71 34 on
1537 1402 344 67 psychiatric
127 1403 1969 140 education,

301 1480 399 66 Washington,
741 1482 70 51 D.
854 1480 81 65 C.,
972 1481 139 65 May
1154 1483 185 62 12-13,
1382 1482 149 51 1935.
1606 1481 138 51 New
1785 1480 163 53 York
1987 1480 134 68 city,

126 1557 117 53 The
279 1557 269 53 National
583 1558 316 52 committee
935 1557 93 53 for
1060 1557 212 52 mental
1304 1556 259 69 hygiene,
1598 1557 124 67 inc.,
1756 1557 266 55 Division
2057 1558 64 52 of

125 1635 344 67 psychiatric
495 1636 316 66 education,
841 1639 148 50 1936.

194 1707 64 47 xi,
289 1707 87 40 120
402 1719 41 36 p.
497 1708 57 40 25½
586 1711 15 20 cm
635 1740 8 8 .

195 1761 102 40 Vol.
328 1761 24 39 1
392 1761 440 48 (mimeographed)
870 1763 88 38 has
990 1762 135 40 title:
1158 1762 213 41 Minutes
1402 1763 51 40 of
1484 1762 294 41 Conference
1809 1774 59 29 on
127 1764 1972 94 psychiatric
246 1818 270 40 education.

126 1874 52 52 ©
208 1879 121 39 Mar.
359 1878 40 46 6,
432 1877 139 45 1936;
604 1878 67 40 2c.
702 1878 113 47 May
842 1878 53 44 4;
929 1876 81 41 aff.
1041 1877 114 48 Apr.
1185 1878 82 46 13;
1300 1878 40 38 A
1371 1877 170 47 93980;
1574 1873 131 47 Natl.
1736 1879 276 40 committee
2042 1880 79 39 for

195 1936 180 39 mental
401 1935 215 48 hygiene.
682 1934 250 47 (36-9614)

127 2025 171 64 Cook,
324 2027 137 51 Mrs.
489 2024 182 53 Edith
703 2024 233 65 (Valet)

195 2099 1864 69 The married woman and her job, by Edith Valet Cook …
124 2180 399 68 Washington,
570 2180 71 51 D.
694 2178 81 69 C.,
822 2179 123 52 The
989 2179 273 52 National
1312 2179 200 68 league
1557 2177 66 54 of
1667 2196 217 36 women
1932 2185 188 48 voters

128 2293 13 33 [
145 2269 19 22 c
169 2263 134 49 1936
307 2292 13 34 ]

253 2365 9 17 iii,
288 2334 57 40 26
370 2345 43 37 p.
468 2333 56 41 23
527 2336 43 20 cm
577 2366 8 8 .
643 2331 129 49 $0.25

193 2391 68 40 “A
288 2390 299 50 publication
615 2391 53 39 of
696 2391 81 39 the
806 2389 182 41 Lucille
1019 2390 186 47 Kroger
1236 2391 154 38 Berne
1420 2388 250 42 memorial
1701 2389 167 42 fund.”

218 2447 29 33 “Selected references”: p. 26.
125 2501 52 52 ©
208 2505 112 47 Apr.
353 2505 70 46 24,
455 2504 139 46 1936;
629 2504 67 39 2c.
732 2505 96 38 and
861 2503 81 41 aff.
976 2504 113 46 May
1121 2503 53 46 2;
1210 2503 40 38 A
1282 2502 170 47 94265;
1489 2503 130 40 Natl.
1652 2504 167 47 league
1852 2504 51 40 of
1934 2514 185 30 women

194 2564 174 45 voters,
397 2562 90 39 inc.
554 2560 250 48 (36-9874)

125 2651 280 64 Cuthrell,
431 2652 136 54 Mrs.
595 2649 178 54 Faith
805 2649 323 65 (Baldwin)
1163 2654 171 50 1893-

194 2728 236 52 Private
454 2729 159 66 duty,
642 2727 74 67 by
743 2726 173 53 Faith
948 2725 282 54 Baldwin.
1306 2727 137 51 New
1475 2726 177 65 York,
1678 2728 267 65 Toronto,
127 2729 1963 131 Farrar
248 2810 45 50 &
321 2805 296 66 Rinehart,
646 2804 400 68 incorporated
1083 2838 13 33 [
1101 2810 17 22 c
1124 2807 133 50 1936
1262 2838 12 33 ]

197 2880 25 40 5
250 2890 43 39 p.
359 2911 10 15 l.,
398 2878 144 42 3-338
572 2888 42 38 p.
675 2877 144 41 19½cm.

125 2934 52 52 ©
205 2939 113 46 May
346 2939 38 44 7,
412 2936 139 45 1936;
581 2936 66 42 2c.
678 2938 112 46 May
819 2935 52 46 9;
902 2935 82 40 aff.
1013 2936 113 46 May
1155 2935 51 41 8;
1237 2935 40 38 A
1304 2934 169 47 95083;
1507 2935 50 40 F.
1588 2935 53 40 B.
1674 2935 233 47 Cuthrell,
193 2937 1907 105 Brooklyn.
352 2993 248 48 (36-9857)

123 3085 222 62 Doeltz,
368 3087 137 51 Mrs.
533 3083 194 56 Selma
754 3082 359 55 Christiana.

125 3154 1965 152 … Practical experiences as doctor of natural healing therapeutics … [Minneapolis, 1935]
194 3308 85 40 198
302 3319 43 38 p.
405 3307 56 40 19½
492 3309 43 21 cm
541 3339 8 7 .

195 3366 63 40 At
285 3366 122 40 head
432 3364 52 40 of
509 3364 134 40 title:
674 3363 157 41 Selma
860 3363 49 41 C.
935 3362 160 40 Doelz.

194 3422 239 45 “Cancer;
458 3421 81 38 the
563 3428 157 39 cause,
746 3419 282 46 prevention
1053 3419 94 39 and
1172 3428 127 33 cure.
1354 3420 70 45 By
1449 3420 83 39 Dr.
1560 3420 58 41 H.
1644 3421 71 40 W.
1742 3421 342 39 Anderschou”:

124 3489 42 37 p.
198 3496 11 31 [
212 3478 174 49 17]-77.

125 3535 52 53 ©
207 3540 115 39 Nov.
356 3537 68 46 20,
455 3536 139 41 1935:
627 3535 67 41 2c.
725 3535 116 40 Nov.
872 3535 52 45 7;
959 3533 82 41 aff.
1073 3534 110 40 Feb.
1214 3533 70 48 19,
1316 3532 140 49 1936;
1491 3534 40 39 A
1562 3534 169 45 89655;
1769 3536 44 41 S.
1847 3536 49 41 C.
1929 3537 184 47 Doeltz,

192 3594 333 48 Minneapolis.
598 3592 249 48 (36-8331)

124 3673 302 62 Edwards,
454 3669 244 56 Charles
723 3668 243 62 Mundy,
989 3668 71 63 jr.

194 3747 189 54 Retail
440 3745 355 68 advertising
849 3743 112 52 and
1017 3743 141 52 sales
1215 3742 341 68 promotion,
1612 3743 77 69 by
1745 3742 236 56 Charles
2035 3746 80 52 M.

125 3820 1991 71 Edwards, jr. … and William H. Howard … New York,
121 3903 447 65 Prentice-Hall,
600 3902 127 65 inc.,
759 3903 150 49 1936.

193 3978 104 40 xxii
336 3989 56 36 p..
432 3977 24 38 1
532 4007 7 9 l..
579 3976 86 39 764
702 3986 43 37 p.
787 3974 108 41 incl.
934 3972 144 48 illus.,
1121 3972 193 50 diagrs.,
1354 3973 168 40 forms.
1592 3973 53 40 23½
1679 3976 43 21 cm
1727 4004 8 9 .
1816 3973 299 51 (Half-title:

124 4035 246 47 Retailing
399 4032 173 47 series)
