2519 4377
1006 4120 99 54 897

70 463 286 54 Alabama
391 464 201 67 digest,
627 467 134 50 1820
795 469 60 47 to
884 464 157 66 date;
1079 464 266 67 covering
1375 463 282 53 Alabama
1692 467 224 64 reports
1947 463 112 53 and

141 542 280 55 Southern
456 545 272 63 reporter,
763 561 58 33 as
856 542 125 51 well
1015 560 58 33 as
1105 541 278 52 Alabama
1421 559 147 34 cases
1604 542 233 51 decided
1872 541 58 52 in
1964 542 97 51 the

140 620 217 52 federal
389 618 243 54 District
663 619 111 52 and
807 618 219 55 Circuit
1056 623 202 61 courts,
1293 618 216 55 Circuit
1542 624 160 48 court
1733 619 62 52 of
1827 619 233 68 appeals

141 695 1919 69 and Supreme court of the United States … with current
138 774 1921 67 cumulative pocket service, volumes 8-9 … St. Paul, Minn.,
139 855 153 51 West
317 852 334 65 publishing
676 870 78 35 co.
787 886 12 31 [
805 859 17 21 c
828 856 133 49 1936
966 886 13 32 ]

137 926 26 38 2
190 936 42 29 v.
287 924 59 40 26
345 927 45 21 cm
395 956 9 9 .

412 992 106 29 CONTENTS.—v.
548 980 40 42 8.
618 980 649 49 Discovery-Estoppel.—v.
1294 979 42 41 9.
1367 979 553 43 Evidence-Execution.

69 1035 53 53 ©
149 1040 126 39 June
301 1037 69 48 26,
399 1037 139 46 1936;
568 1038 67 42 2c.
666 1038 119 39 each
813 1037 115 47 July
959 1038 80 45 13;
1072 1037 107 41 affs.
1211 1037 115 47 July
1356 1038 80 44 15;
1469 1037 40 39 A
1537 1037 157 50 96481,
1722 1035 171 48 96482;
1924 1037 136 41 West

138 1095 107 47 pub.
269 1103 67 33 co.

67 1195 305 66 Andrews,
402 1196 242 54 Charles
675 1196 273 62 McLean,
980 1200 169 49 1863-

199 1273 1859 68 … The rise and fall of the New Haven colony [by] Charles
67 1355 77 51 M.
185 1353 292 52 Andrews.
560 1353 156 65 [New
755 1353 223 65 Haven]
1022 1350 310 54 Published
1374 1351 92 53 for
1504 1352 94 52 the
1641 1353 418 66 Tercentenary

66 1429 354 54 commission
445 1430 73 65 by
544 1430 93 52 the
666 1429 143 53 Yale
833 1429 316 66 university
1173 1446 172 50 press,
1375 1432 148 50 1936.

137 1502 283 47 cover-title,
470 1502 57 40 56
570 1512 43 38 p.
692 1501 54 41 23
750 1504 43 21 cm
799 1534 8 7 .
896 1500 351 48 (Connecticut.
1328 1502 358 46 Tercentenary
1738 1500 321 41 commission.

68 1558 283 42 Committee
381 1569 59 29 on
473 1557 254 41 historical
758 1557 339 48 publications.
1162 1557 283 49 [Pamphlet]
1646 1556 13 48 XLVIII)

67 1613 53 52 ©
152 1617 112 47 Apr.
300 1616 69 47 28,
404 1614 140 48 1936;
580 1615 66 41 2c.
684 1616 125 39 June
844 1616 51 45 3;
935 1613 80 41 aff.
1053 1616 129 38 June
1212 1614 53 47 2;
1303 1615 40 39 A
1379 1614 168 46 95523;
1586 1615 121 39 Yale
1741 1614 130 41 univ.
1906 1624 152 38 press.

147 1672 278 48 (36-27820)

71 1775 323 66 [Andrews,
423 1775 220 53 Robert
675 1774 278 67 Douglas]
992 1780 169 49 1903-

135 1852 135 54 Just
305 1850 159 70 plain
503 1850 137 69 Bill,
678 1851 88 52 his
803 1855 186 63 story;
1028 1851 96 52 the
1160 1850 162 54 truth
1362 1850 171 53 about
1569 1869 31 34 a
1636 1867 132 35 man
1805 1849 252 55 millions

66 1931 138 51 love.
272 1928 425 69 Philadelphia,
727 1928 192 53 David
948 1927 232 69 McKay
1211 1944 279 52 company
1525 1960 13 35 [
1542 1934 19 22 c
1565 1930 152 64 1935]

134 2002 87 41 249
249 2014 43 38 p.
350 2002 161 48 front.,
541 2004 172 47 plates.
771 2001 56 41 21
830 2003 44 22 cm
878 2033 10 10 .

66 2056 53 53 ©
152 2061 112 40 Dec.
298 2059 70 48 16,
402 2058 140 48 1935;
578 2058 67 42 2c.
682 2059 96 39 and
812 2058 81 40 aff.
930 2060 112 39 Dec.
1078 2058 82 46 21;
1198 2059 39 38 A
1273 2057 170 48 89968;
1482 2058 136 40 Anne
1656 2059 45 41 S.
1736 2058 322 47 Ashenhurst,

135 2117 117 38 New
276 2116 144 40 York.
485 2115 279 49 (36-16350)

65 2219 251 65 Ashton,
345 2219 162 54 Karl.

138 2294 1915 70 Illegal nurse, by Karl Ashton … New York, Godwin
73 2375 190 66 [T936]

134 2443 86 39 252
250 2454 42 37 p.
381 2443 28 41 19½cm.

65 2498 52 53 ©
140 2504 125 38 June
288 2503 68 47 15,
382 2503 140 47 1936;
548 2503 67 40 2c.
642 2504 126 39 June
792 2502 55 40 22;
903 2502 81 43 aff.
1010 2503 116 47 July
1149 2502 82 47 10;
1260 2503 39 39 A
1323 2502 171 48 95989;
1525 2502 215 49 Godwin,
1765 2501 291 50 publishers.

143 2559 277 47 (36-14933)

64 2661 306 66 Bardwell,
398 2663 252 53 Denver.

137 2737 1915 68 Beyond Midnight Chasm [by] Denver Bardwell … [New
69 2813 177 69 York]
290 2814 244 55 Godwin
577 2848 12 34 [
594 2821 18 21 c
617 2816 151 66 1936]

135 2884 86 41 277
251 2895 42 39 p.
353 2884 55 41 19½
440 2887 44 22 cm
490 2918 8 9 .

64 2940 53 53 ©
142 2946 125 38 June
290 2945 68 47 15,
383 2944 140 48 1936;
549 2945 66 40 2c.
642 2946 128 40 June
791 2945 82 47 22;
902 2946 81 40 aff.
1009 2945 115 48 July
1150 2946 81 47 10;
1259 2946 40 39 A
1324 2945 169 43 95992;
1524 2944 214 46 Godwin,
1762 2945 292 49 publishers.

143 3000 278 48 (36-14932)

64 3104 244 63 Barnes,
332 3106 136 52 Mrs.
495 3106 175 52 Leola
697 3105 277 55 Christie.

136 3176 1919 74 Silver century, by Leola Christie Barnes … foreword by Pat
63 3259 79 52 M.
186 3259 157 67 Neff;
389 3259 324 53 illustrated
754 3261 74 66 by
870 3261 233 67 Eugene
1144 3261 205 67 Haley.
1429 3261 115 55 San
1586 3261 272 67 Antonio,
1900 3262 156 65 Tex.,

64 3337 119 51 The
207 3337 218 66 Naylor
446 3355 278 50 company
753 3372 12 33 [
771 3345 18 20 c
796 3342 130 48 1936]

132 3407 1194 50 xiii p., 1 l., 65 p. front, (port.) illus. 20 cm .
136 3463 196 41 “Poems
362 3464 195 41 written
586 3465 48 39 in
666 3466 152 40 honor
847 3467 52 39 of
929 3467 80 39 the
1038 3466 109 41 first
1174 3467 220 40 hundred
1422 3477 142 37 years
1594 3466 52 41 of
1675 3466 159 41 Texas
1865 3465 188 42 life.”—

64 3518 271 48 Foreword.

66 3576 53 52 ©
150 3581 126 39 June
307 3582 67 43 17,
408 3580 139 48 1936;
582 3581 67 41 2c.
683 3582 126 40 June
841 3582 81 46 24;
958 3582 81 39 aff.
1074 3583 126 39 June
1231 3582 83 48 23;
1350 3583 40 39 A
1423 3582 169 47 95799;
1627 3583 183 47 Naylor
1844 3592 67 31 co.

145 3636 277 48 (36-14763)

65 3730 197 63 Black,
287 3732 314 64 Benjamin
626 3734 267 62 Warren,
921 3735 170 55 1887-

136 3807 243 55 Medical
411 3807 229 69 policies
674 3810 111 52 and
815 3810 335 67 procedures
1181 3810 93 53 for
1305 3811 94 52 the
1427 3811 249 52 resident
1704 3809 133 54 staff
1868 3809 62 54 of
1959 3810 98 53 the

66 3883 277 55 Alameda
380 3891 207 63 county
620 3886 279 69 hospitals
936 3888 111 53 and
1086 3888 193 52 clinics
1418 3921 12 33 [by]
1471 3887 307 67 Benjamin
1812 3889 242 53 Warren

68 3961 1987 76 Black … [Berkeley, Press of Lederer, Street & Zeus company,
67 4037 124 67 inc.,
227 4046 19 23 c
250 4043 151 65 1936]
