2519 4377
1032 4096 129 49 1851

89 436 375 64 McPherson,
493 433 273 66 William,
798 440 168 50 1864-

154 529 56 52 A
241 544 194 36 course
468 526 59 52 in
562 526 230 66 general
828 525 323 68 chemistry,
1184 526 73 68 by
1290 524 259 57 William
1585 525 353 54 McPherson
1976 525 113 53 and

87 603 2002 68 William Edwards Henderson … 4th ed. Boston, New York
89 687 137 63 [etc.]
257 682 156 55 Ginn
438 681 112 53 and
575 699 281 49 company
887 715 12 34 [
905 687 18 22 c
929 684 151 65 1936]

154 755 100 48 viii,
286 754 84 41 751
401 752 55 49 (i.
485 763 37 31 e.
554 753 110 48 753)
704 763 41 39 p.
778 752 108 42 incl.
918 752 163 49 front.,
1115 752 140 48 illus.,
1289 756 163 47 ports.,
1486 754 176 49 diagrs.
1738 754 27 40 2
1794 754 60 49 pl.
1887 754 47 47 (1
1968 754 112 48 col.)

82 811 56 40 24
140 812 45 23 cm
188 843 8 8 .

156 868 151 47 Pages
333 866 85 41 203
446 868 95 39 and
569 866 87 41 204
683 866 261 41 numbered
974 876 54 31 as
1057 865 174 42 leaves.

153 924 148 40 Table
332 935 60 30 on
424 923 335 49 lining-paper.

87 991 53 53 ©
171 996 117 39 Nov.
319 994 41 48 3,
392 993 116 41 1936;
567 993 68 43 2c.
669 995 110 39 Dec.
813 993 26 39 5;
902 993 81 39 aff.
1017 995 111 38 Dec.
1162 993 26 39 7;
1248 994 39 38 A
1320 992 175 40 101134;
1620 1027 7 7 W.
1663 992 296 40 McPherson
1992 993 96 38 and

158 1052 213 40 William
398 1053 51 39 E.
475 1050 302 48 Henderson,
806 1049 273 48 Columbus,
1108 1050 51 40 O.
1230 1048 281 49 (36-35950)

87 1158 221 63 Marks,
337 1158 205 63 Henry
567 1156 295 64 Kingdon,
895 1161 171 50 1883-

155 1245 1934 69 Jew’s-harp, by Henry K. Marks … London, P. Davies
90 1329 172 66 [1936]

155 1399 89 41 319
273 1410 43 38 p.
377 1398 116 42 19cm.

89 1466 1945 53 © 1c. Dec. 2, 1936; A ad int. 22171; pubd. Oct. 5; H. K. Marks, Paris.
168 1525 222 50 (37-111)

86 1633 241 63 Martin,
360 1632 204 53 Henri.

158 1725 78 52 Le
287 1722 463 65 Vieil-Armand,
804 1725 151 62 1915,
1006 1740 105 47 par
1160 1722 185 52 Henri
1397 1721 235 53 Martin.
1720 1722 241 53 Préface
2013 1723 76 52 du

88 1801 228 67 général
351 1800 264 53 Tabouis.
690 1801 153 51 Avec
879 1800 222 66 croquis
1136 1804 52 47 et
1221 1796 217 55 dessins
1473 1799 68 52 de
1577 1798 256 54 l’auteur.
1907 1800 185 68 Paris,

88 1882 204 64 Payot,
322 1881 151 52 1936.

161 1954 24 37 1
226 1963 40 27 y.
338 1951 289 47 (Collection
670 1950 59 41 de
770 1949 266 44 mémoires,
1081 1949 169 40 études
1292 1953 46 36 et
1381 1949 282 40 documents
1703 1959 122 38 pour
1868 1950 157 39 servir
2065 1952 29 39 à

123 2009 204 40 l'histoire
355 2008 57 39 de
440 2007 45 40 la
517 2016 174 38 guerre
719 2006 267 48 mondiale)

90 2075 1567 54 © Mar. 20, 1936; 1c. May 14; A- Foreign 31813; Payot.
90 2185 280 63 Mawson,
402 2182 390 64 Christopher
821 2182 257 53 Orlando
1106 2181 323 65 Sylvester,
1459 2184 171 53 1870-

157 2272 231 70 Roget’s
430 2272 325 54 Thesaurus
799 2271 64 54 of
904 2271 96 53 the
1045 2270 247 70 English
1335 2271 283 69 language
1663 2268 61 56 in
1767 2271 325 70 dictionary

91 2350 180 68 form;
309 2350 173 70 being
517 2369 31 34 a
585 2347 390 71 presentation
1012 2348 64 54 of
1113 2348 231 70 Roget’s
1380 2348 325 55 Thesaurus
1742 2348 65 54 of
1844 2349 248 69 English

90 2429 183 53 words
308 2429 113 52 and
455 2428 235 68 phrases
720 2427 60 54 in
814 2446 34 34 a
878 2426 383 68 modernized,
1291 2444 157 36 more
1480 2428 275 67 complete
1791 2428 113 53 and
1937 2445 157 36 more

87 2505 337 54 convenient
452 2505 324 69 dictionary
811 2504 171 68 form,
1014 2504 260 70 together
1306 2504 141 53 with
1480 2504 218 53 briefer
1730 2504 363 70 synonymies

91 2583 93 53 for
218 2584 95 53 the
347 2583 143 69 busy
524 2583 212 67 writer,
770 2583 98 53 the
899 2583 183 52 whole
1116 2581 319 69 comprised
1470 2581 61 54 in
1568 2601 106 35 one
1709 2581 383 70 alphabetical

90 2659 2005 149 arrangement, with an appendix of foreign words and expressions, by C. O. Sylvester Mawson … Garden City, N. Y.,
90 2814 231 56 Garden
349 2815 135 70 City
511 2815 338 70 publishing
877 2833 298 52 company,
1202 2816 127 69 inc.,
1360 2818 151 51 1936.

159 2888 668 51 1 p. l. , v-x, 600 p. 25 cm .
163 2946 236 41 “Revised
431 2946 196 47 edition,
662 2946 158 41 1936.”

165 3002 261 41 Published
462 3003 102 40 also
603 3004 155 39 under
791 3002 134 42 title;
963 3003 103 40 The
1102 3003 156 47 Roget
1295 3002 275 48 dictionary
1608 3004 54 40 of
1696 3014 261 37 synonyms
1998 3005 95 40 and

91 3059 270 48 antonyms.

96 3125 53 54 ©
177 3130 101 40 Oct.
305 3129 40 46 8,
374 3129 141 48 1936;
545 3129 67 42 2c.
639 3130 94 39 and
764 3130 82 41 aff.
876 3132 110 38 Dec.
1015 3130 52 44 9;
1099 3132 38 37 A
1168 3129 198 44 100870;
1400 3132 48 40 C.
1480 3132 51 40 O.
1564 3133 45 40 8.
1640 3134 230 41 Mawson.
168 3132 1911 102 Wellesley,
289 3188 145 38 Mass.
506 3186 281 48 (36-35973)

97 3292 295 65 Metcalfe,
419 3294 260 52 Thomas
707 3291 413 66 Washington,
1153 3298 164 50 1884-

170 3378 141 63 Quis
336 3379 315 68 separabit;
682 3398 31 34 a
738 3379 114 54 tale
878 3379 64 53 of
967 3379 95 54 the
1088 3379 257 69 military
1372 3379 123 69 life,
1519 3380 73 68 by
1619 3380 249 53 Thomas
99 3382 1972 140 Washington
328 3455 287 54 Metcalfe.
693 3456 258 67 London,
981 3457 48 54 I.
1063 3457 308 53 Nicholson
1406 3457 113 53 and
1551 3458 258 67 Watson,
1843 3460 150 51 1936.

167 3526 733 51 6 p. l. , 15-308, [1] p. 19 cm .
100 3595 1998 112 © 1c. Dec. 12, 1936; A ad int. 22184; pubd. Oct. 22; T. Washington-Metcalfe, Fitzwarren, nr. Taunton, Somerset, England.
180 3712 221 49 (37-210)

101 3814 193 67 Milks,
322 3817 255 53 Howard
604 3817 132 65 Jay,
767 3820 170 53 1879-

169 3893 282 53 Practical
512 3895 323 66 veterinary
893 3896 462 67 pharmacology,
1413 3898 237 53 materia
1707 3897 217 55 medica
1986 3898 111 53 and

103 3969 1993 73 therapeutics, by Howard Jay Milks … with a chapter on bio-
