2519 4377
1321 4109 136 56 1774

456 476 130 40 “The
610 474 111 42 first
745 473 182 42 edition
956 474 52 41 of
1034 474 125 40 Half
1184 474 83 41 the
1293 474 152 41 world
1472 474 42 41 is
1542 474 208 41 Isfahan
1779 474 209 42 consists
2013 475 51 40 of
2089 474 116 42 3000
2233 476 172 47 copies,

384 531 231 49 designed
639 531 98 41 and
762 531 195 48 printed
982 530 62 49 by
1070 530 217 42 William
1315 532 52 39 E.
1396 530 211 49 Rudge’s
1634 541 128 39 sons,
1786 531 107 48 inc.,
1920 532 120 40 New
2067 532 144 47 York,

2239 531 49 40 in
387 532 2002 97 collaboration
690 587 120 41 with
841 588 156 48 Cyrus
1024 588 176 49 LeRoy
1226 586 309 51 Baldridge.”

386 641 2021 53 © Nov. 5, 1936; 2c. Nov. 13; aff. Nov. 14; A 100464; Cyrus LeRoy
456 702 280 48 Baldridge,
772 703 119 39 New
923 701 146 42 York.
1143 700 284 49 (36-33971)

383 804 218 65 Smith,
629 805 154 54 Fred
809 805 250 64 Burton,
1087 810 329 51 1865-1936.

455 882 1949 70 I remember, by Fred B. Smith … with an introduction by
386 961 238 57 Charles
653 962 79 54 H.
766 961 226 57 Seaver.
1069 962 141 55 New
1240 962 166 54 York
1567 996 13 35 [etc.]
1617 962 271 69 Fleming
1916 963 79 54 H.
2028 962 200 54 Revell
382 981 1998 130 company
571 1077 13 34 [
589 1050 18 22 c
612 1045 155 65 1936]

456 1116 88 39 222
571 1126 44 38 p.
675 1114 153 42 front,
857 1114 175 49 (port.)
1101 1115 56 40 21
1160 1117 46 22 cm
1210 1146 9 10 .

383 1170 55 53 ©
470 1174 103 41 Oct.
605 1173 70 49 17,
710 1172 143 48 1936;
887 1172 69 41 2c.
990 1173 97 39 and
1116 1173 83 41 aff.
1232 1173 119 40 Nov.
1385 1172 83 48 14;
1504 1173 42 39 A
1576 1171 174 49 99833;
1786 1171 225 48 Fleming
2042 1172 61 39 H.
2136 1170 170 42 Revell
2339 1181 66 31 co.

467 1228 286 53 (36-33925)

384 1335 190 54 South
614 1337 242 51 eastern
899 1335 201 67 digest.
1179 1337 136 50 1936
1356 1333 349 54 cumulative
1746 1334 212 53 annual
2000 1334 206 68 pocket
2246 1337 161 65 parts

517 1411 1887 70 … c for] vols. 1-35 St. Paul, Minn., West publishing co.
459 1527 11 32 [
477 1500 17 21 c
501 1495 153 64 1936]

454 1564 246 41 35 v. 25 cm.
456 1623 160 40 These
641 1623 281 49 pamphlets
955 1633 85 29 are
1071 1624 48 38 to
1151 1623 60 39 be
1237 1622 140 41 fitted
1407 1622 104 40 into
1542 1622 83 40 the
1655 1622 200 48 pockets
1888 1622 52 39 at
1973 1621 84 40 the
2088 1621 124 39 back
2243 1621 51 42 of
2326 1621 83 41 the

386 1682 215 38 volumes
630 1680 54 40 of
711 1680 87 40 the
823 1682 75 38 set
927 1681 48 38 to
1006 1679 160 40 which
1197 1679 116 48 they
1342 1678 187 49 belong.

385 1734 52 53 ©
469 1739 119 39 Nov.
624 1736 72 49 30,
732 1736 142 49 1936;
912 1736 69 41 2c.
1019 1736 118 40 each
1176 1736 95 40 and
1308 1735 83 42 aff.
1429 1737 113 40 Dec.
1577 1734 84 49 14;
1701 1736 42 39 A
1778 1734 203 49 102016;
2019 1736 137 40 West
2191 1734 109 49 pub.
2338 1745 68 29 co.

381 1857 168 66 Stall,
578 1857 318 65 Sylvanus,
930 1858 329 55 1847-1915.

517 1932 1829 72 … What a young boy ought to know, by Sylvanus Stall …
385 2013 431 70 Philadelphia,
860 2017 123 64 Pa.,
1030 2014 273 68 Chicago,
1345 2014 117 67 Ill.,
1503 2014 123 53 The
1668 2013 159 56 John
1872 2013 62 56 C.
1979 2013 271 56 Winston
2293 2031 109 49 co.;

384 2095 257 67 London,
668 2095 169 66 Eng.,
863 2095 110 53 Yir
997 2093 339 68 publishing
1362 2111 79 35 co.
1473 2126 13 34 [
1491 2098 18 22 c
1514 2095 154 64 1936]

453 2164 1789 53 3 p. l., 5-191 p. 18½ cm . (On cover: Self and sex series [for men])
454 2224 65 41 At
546 2225 127 40 head
703 2223 53 43 of
781 2223 136 42 title:
949 2223 133 49 New,
1112 2223 270 49 up-to-date
1412 2222 199 42 edition.

454 2282 73 40 On
559 2291 171 32 cover;
764 2279 177 49 Purity
971 2281 97 39 and
1100 2280 153 40 truth.

383 2334 52 53 ©
469 2339 102 41 Oct.
604 2337 41 49 8,
678 2336 142 49 1936;
855 2336 69 42 2c.
956 2337 120 40 Nov.
1108 2335 82 49 12;
1228 2336 81 39 aff.
1345 2336 117 39 Nov.
1499 2334 82 49 13;
1617 2335 41 39 A
1692 2333 202 50 100503;
1932 2335 130 41 John
2096 2336 49 41 C.
2181 2336 225 41 Winston

456 2405 67 32 co.
594 2393 285 52 (36-34105)

517 2496 1888 69 … What a young husband ought to know, by Sylvanus Stall
444 2573 1961 70 … Rev. and enl. Philadelphia, Pa., Chicago, Ill., The John
384 2653 1828 69 C. Winston co.; London, Eng., Vir publishing co. [ c 1936]
454 2726 1941 53 xx p., 1 l., 23-284 p. 18½ cm. (On cover: Self and sex series [for men])
454 2786 65 39 At
544 2785 126 40 head
696 2784 53 41 of
772 2784 137 41 title:
936 2784 133 47 New,
1097 2784 271 47 up-to-date
1395 2782 200 42 edition.

455 2841 72 41 On
557 2851 170 31 cover;
759 2840 177 47 Purity
964 2843 97 39 and
1092 2839 152 41 truth.

382 2894 53 54 ©
467 2898 101 42 Oct.
600 2897 72 49 22,
702 2896 143 49 1936;
877 2896 67 40 2c.
977 2894 119 44 Nov.
1128 2895 82 49 12;
1244 2895 82 42 aff.
1357 2896 119 40 Nov.
1508 2894 83 49 13;
1624 2896 42 40 A
1696 2894 202 51 100500;
1934 2896 131 42 John
2097 2897 48 42 C.
2181 2897 224 42 Winston

454 2966 67 30 co.
585 2954 284 49 (36-34106)

516 3056 1790 70 … What a young man ought to know, by Sylvanus Stall …
381 3134 382 68 Thoroughly
800 3152 114 36 rev.
956 3135 113 53 and
1110 3134 310 55 rewritten.
1496 3135 431 69 Philadelphia,
1967 3139 123 65 Pa.,
2132 3138 270 67 Chicago,

383 3213 114 65 Ill.,
531 3213 121 53 The
686 3213 157 56 John
881 3214 60 55 C.
976 3214 270 55 Winston
1280 3232 108 49 co.;
1424 3214 261 68 London,
1720 3215 169 67 Eng.,
1981 3214 51 54 Vir
2067 3213 336 71 publishing

381 3309 79 36 co.
492 3325 13 34 [
511 3297 18 22 c
534 3295 154 63 1936]

453 3363 1778 53 3 p. l., 5-170 p. 18½ cm . (On cover: Self and sex series [for men])
454 3421 64 39 At
544 3421 126 40 head
698 3420 52 42 of
776 3419 136 41 title:
941 3421 131 47 New,
1103 3421 273 48 up-to-date
1400 3421 199 41 edition.

456 3477 74 40 On
556 3487 171 30 cover:
756 3476 176 48 Purity
957 3478 96 39 and
1080 3477 156 40 truth.

384 3529 53 54 ©
463 3534 102 41 Oct.
592 3534 38 42 7.
658 3532 142 49 1936;
827 3532 67 41 2c.
923 3534 117 40 Nov.
1067 3532 83 45 12;
1180 3533 82 42 aff.
1290 3534 117 41 Nov.
1435 3533 84 49 13;
1549 3534 40 40 A
1614 3533 202 50 100501;
1846 3534 129 42 John
2004 3536 49 42 C.
2082 3534 224 44 Winston
2334 3546 68 32 co.

465 3590 285 50 (36-34107)

382 3695 264 65 Stanley,
676 3696 200 53 Frank
905 3696 253 65 Arthur,
1189 3698 172 54 1874-

453 3773 263 54 Punches
758 3774 114 54 and
913 3773 138 69 dies,
1092 3774 216 69 layout,
1348 3776 388 53 construction
1779 3777 113 53 and
1931 3795 116 50 use,
2086 3776 77 69 by
2205 3776 198 54 Frank

385 3850 2019 73 A. Stanley … 2d ed. rev. and enl. New York and London,
383 3927 430 56 McGraw-Hill
844 3930 148 54 book
1022 3949 299 51 company,
1352 3932 125 67 inc.,
1509 3935 151 51 1936.

452 4002 105 49 xiii,
588 4004 88 40 476
705 4016 43 31 n.
809 4004 142 50 illus.,
983 4006 179 49 diagrs.
1223 4006 58 41 23½
1313 4008 45 23 cm
1361 4036 10 9 .
