2519 4377
1021 4114 99 50 829

148 573 262 40 “Benützte
436 570 257 42 literatur”
712 583 9 29 :
750 582 41 37 p.
820 570 98 41 7-8.

73 637 1988 56 © Oct. 19, 1935 ; 1c. Mar. 19, 1936 ; A-Foreign 31082 ; Orell Füssli
140 701 179 46 verlag.
383 697 278 51 (36-13949)

71 803 278 64 Pauchet,
379 802 218 63 Victor,
629 805 169 49 1869-
1009 800 82 53 ed.

202 873 1860 73 … La pratique chirurgicale illustrée, fasc. IV. 3 ème edition
74 952 1989 72 revue, corrigée et augmentée … 318 figures dessinées d’après
72 1042 200 47 nature
297 1055 103 48 par
429 1036 53 55 S.
510 1038 239 64 Dupret.
826 1033 182 58 Paris,
1033 1033 67 55 G.
1130 1034 149 51 Doin
1307 1037 44 50 &
1376 1032 98 66 cie,
1504 1035 147 50 1936.

143 1123 25 39 2
200 1134 40 37 p.
303 1154 9 16 l.,
342 1122 85 40 295
458 1133 42 37 p.
561 1121 141 46 illus.,
736 1121 176 48 diagrs.
972 1120 54 40 27
1030 1122 43 22 cm
1080 1151 7 9 .

73 1185 1904 57 © Apr. 15, 1936 ; 1c. July 6; A- Foreign 32247; Gaston Doin & cie.
72 1353 121 52 The
230 1352 470 64 pharmacopoeia
737 1352 62 52 of
837 1352 100 52 the
975 1349 218 55 United
1230 1351 203 53 States
1467 1349 62 53 of
1568 1347 292 55 America.

144 1428 263 69 Epitome
439 1428 63 55 of
532 1430 95 52 the
658 1428 447 67 Pharmacopeia
1136 1426 63 54 of
1228 1428 95 52 the
1356 1426 212 55 United
1604 1426 187 55 States
1823 1425 112 53 and
1967 1425 98 53 the

75 1506 268 54 National
383 1506 338 68 formulary,
758 1506 137 53 with
932 1511 322 59 comments,
1294 1505 278 68 prepared
1611 1503 91 54 for
1738 1505 94 52 the
1869 1522 94 35 use
2001 1501 62 55 of

76 1583 323 71 physicians
441 1585 178 54 under
660 1584 416 54 authorization
1121 1583 63 54 of
1226 1584 94 52 the
1361 1583 237 55 Council
1639 1600 69 35 on
1755 1583 308 67 pharmacy

74 1662 1988 133 and chemistry of the American medical association by a Committee of council members : Robert A. Hatcher … Ernest E.
74 1818 1961 149 Irons … Torald Sollmann … Paul Nicholas Leech … Chicago, American medical association [ c 1936]
147 1984 85 40 240
262 1994 42 38 p.
364 1983 116 42 17cm.

148 2054 166 42 “Fifth
342 2054 226 42 edition.”

76 2123 52 53 ©
154 2129 112 46 May
291 2127 68 48 12,
387 2126 111 41 1936
517 2138 7 32 ;
549 2126 67 41 2c.
645 2128 113 46 May
786 2127 53 39 15
858 2137 8 34 ;
897 2127 79 41 aff.
1006 2128 113 47 May
1145 2127 54 39 14
1217 2138 9 35 ;
1254 2126 41 40 A
1320 2126 143 41 95165
1481 2138 9 34 ;
1520 2127 157 40 Amer.
1706 2126 202 41 medical
1939 2135 128 34 assn.

156 2183 277 49 (36-13823)

75 2287 332 64 Phillpotts,
438 2288 179 63 Eden,
649 2293 166 49 1862-

151 2363 50 51 A
233 2363 141 53 close
408 2363 126 64 call,
565 2363 72 68 by
671 2363 162 53 Eden
866 2362 330 68 Phillpotts.
1272 2363 136 52 New
1447 2363 176 67 York,
1652 2363 121 54 The
80 2364 1960 129 Macmillan
207 2458 294 50 company,
538 2443 148 49 1936.

206 2536 43 38 p.
317 2557 7 10 l.,
358 2526 84 40 274
473 2537 43 37 p.
575 2525 116 40 20cm.

148 2595 161 40 “First
343 2594 257 49 printing.”

77 2664 53 54 ©
166 2670 125 39 June
326 2670 70 46 30,
434 2669 137 46 1936;
611 2670 68 40 2c.
717 2671 95 39 and
849 2670 81 40 aff.
968 2671 115 47 July
1122 2670 52 47 1;
1214 2671 40 39 A
1288 2670 170 47 96257;
1500 2672 50 38 E.
1591 2672 274 48 Phillpotts,
1906 2672 163 39 Broad

148 2725 147 48 Clyst,
331 2727 189 46 Exeter,
555 2728 235 46 England.
862 2727 278 49 (36-13879)

98 2830 202 63 [Ponet,
327 2833 168 51 Mme.
524 2831 236 53 Marthe
792 2832 396 66 (Bordeaux)]

206 2905 1860 71 … Le Christ-roi, texte de J. Danemarie [ pseud . ] illustrations
76 2982 66 54 de
168 2983 194 52 Pierre
388 2984 296 52 Dubreuil.
749 2985 183 67 Paris,
959 2985 247 68 Desclée,
1233 2986 67 52 de
1330 2987 273 52 Brouwer
1632 2988 47 51 &
1703 2985 81 54 cie
1818 2989 173 65 [1936]

144 3069 27 41 3
197 3081 42 37 p.
303 3101 8 16 l.,
340 3071 157 43 9-164.
533 3071 53 50 [3]
616 3082 42 37 p.
690 3072 107 41 incl.
827 3073 143 45 illus.,
1001 3073 168 47 plates.
1230 3073 143 40 19½cm.
1444 3071 230 50 (L’année
1703 3085 58 29 en
1791 3073 126 40 fêtes
1946 3082 122 38 pour

76 3137 85 30 nos
186 3128 209 47 enfants,
423 3138 110 30 sous
560 3129 44 39 la
632 3128 235 41 direction
896 3131 57 39 de
978 3130 158 41 Renée
1165 3129 177 49 Zeller)

79 3196 1993 57 © Oct. 24, 1935; 1c. Nov. 20; A- Foreign 30824; Desclée, de Brouwer et
149 3256 82 41 cie.
299 3257 278 48 (36-13987)

78 3361 378 63 Progressive
482 3362 309 54 education
818 3362 375 56 association.

149 3436 237 54 Growth
436 3438 106 52 and
594 3439 422 67 development:
1062 3441 93 51 the
1201 3439 148 54 basis
1394 3441 92 52 for
1533 3440 354 54 educational
79 3460 1962 122 programs.
359 3515 135 53 New
535 3517 178 65 York,
752 3518 67 52 N.
861 3519 89 64 Y.,
988 3518 363 68 Progressive
1391 3518 297 54 education
1731 3518 334 56 association

102 3597 172 64 [ c 1936]
151 3679 670 49 vii p., 1 l., 292 p. 21½cm.
154 3749 37 38 A
222 3749 248 40 collection
505 3750 50 40 of
587 3752 79 39 the
695 3762 172 38 papers
902 3753 250 47 presented
1183 3755 51 38 at
1267 3754 79 39 the
1378 3754 180 39 annual
1589 3753 282 42 conference
1904 3755 50 40 of
1990 3756 80 40 the

85 3804 305 48 Progressive
425 3807 256 40 education
719 3808 291 42 association
1048 3810 108 40 held
1195 3810 46 39 in
1279 3809 221 50 Chicago,
1539 3811 249 49 February
1823 3812 55 40 27
1914 3815 48 37 to
1999 3812 71 48 29,

84 3859 124 50 1936,
246 3861 50 39 in
330 3863 305 47 cooperation
673 3865 118 40 with
826 3866 80 40 the
941 3866 208 49 Chicago
1186 3866 293 41 association
1515 3867 78 41 for
1627 3868 128 41 child
1793 3870 145 47 study
1975 3870 94 40 and

83 3920 171 45 parent
285 3919 270 41 education,
615 3922 61 47 cf.
710 3921 130 42 Pref.

83 3984 51 52 ©
164 3990 125 39 June
320 3991 67 45 15,
419 3990 138 46 1936;
589 3992 66 40 2c.
690 3994 124 38 June
844 3992 82 47 25;
957 3993 81 41 aff.
1070 3995 127 39 June
1226 3994 55 41 23
1299 4005 9 35 ;
1342 3996 40 39 A
1414 3995 169 41 96168:
1619 3996 309 49 Progressive
150 3997 1902 88 education
337 4057 127 29 assn.
528 4048 279 48 (36-14159)
