2519 4377
1044 4099 97 49 605

89 458 187 61 Potts,
302 456 203 53 James
529 455 222 63 Henry,
780 457 170 50 1848-

158 532 98 52 All
292 532 193 66 things
520 548 120 34 new
686 529 162 62 (Rev.
885 526 171 67 21:5)
1126 526 89 66 [by]
1256 526 192 53 James
1484 524 201 67 Henry
1722 524 180 53 Potts.
88 522 1968 157 Algonac,
313 608 172 52 Mich.
595 608 118 65 [c1936]

159 692 87 41 140
275 702 44 38 p.
378 690 57 41 19½cm.

158 764 147 38 Prose
337 762 94 40 and
463 770 150 31 verse.

89 829 1995 56 © Apr. 6. 1936; 2c. and aff. Apr. 15; A 93809; James Riston Potts,
157 894 225 46 Algonac,
415 891 142 39 Mich.
623 889 280 47 (36-10176)

88 992 425 65 Reichenbach,
540 991 219 65 Erwin,
789 993 170 53 1897-

158 1070 306 53 Leitfaden
493 1070 99 52 der
618 1068 755 68 kieferbruchbehandlung,
1401 1086 110 33 von
1541 1067 83 52 dr.
1653 1066 145 53 med.
1828 1067 83 52 dr.
1942 1064 145 55 med.

89 1145 1997 68 dent. Erwin Reichenbach … Mit 245 abbildungen im text.
87 1224 253 72 Leipzig,
369 1227 76 51 H.
476 1227 270 66 Meusser,
779 1229 149 49 1935.

157 1300 810 51 iv p., 1 l., 133 p. illus. 24 cm .
155 1370 349 43 “Schrifttum”:
566 1382 43 37 p.
645 1370 248 50 [122]-131.

91 1440 1997 52 © Sept. 17, 1935; 1c. Feb. 6, 1936; A- Foreign 30360; Hermann Meusser.
170 1498 278 50 (36-10798)

91 1603 217 64 Rodell,
336 1603 169 55 Fred.

158 1676 1927 71 Fifty-five men, by Fred Rodell … New York, Harrisburg,
88 1756 120 53 The
237 1756 322 69 Telegraph
586 1773 156 51 press
850 1757 120 65 [c1936]

160 1828 86 42 277
272 1840 46 39 p.
376 1829 56 40 21
435 1831 46 22 cm
484 1862 9 9 .

160 1901 127 41 “The
323 1903 133 44 story
489 1900 52 41 of
573 1901 82 40 the
690 1899 385 41 Constitutional
1109 1898 286 42 convention
1432 1909 55 30 as
1525 1899 101 41 told
1664 1899 48 40 in
1750 1900 136 41 these
1925 1907 159 41 pages,

89 1968 156 31 comes
278 1957 211 48 straight
522 1958 127 40 from
683 1958 83 40 the
800 1958 279 47 day-to-day
1112 1957 137 40 notes
1285 1955 165 41 James
1484 1956 224 40 Madison
1741 1957 114 40 took
1892 1960 52 38 at
1977 1958 110 40 that

88 2014 664 43 convention.”—Foreword.

162 2074 161 40 “First
349 2072 209 47 edition;
589 2072 129 47 May,
744 2070 158 41 1936.”

93 2143 53 53 ©
172 2148 113 46 May
312 2147 69 45 13,
412 2145 115 40 1936;
582 2145 67 39 2c.
680 2145 95 39 and
805 2143 81 40 aff.
917 2145 112 46 May
1059 2143 57 39 15;
1172 2143 43 38 A
1241 2143 144 39 95197;
1444 2143 269 48 Telegraph
1745 2155 148 37 press.

172 2203 279 49 (36-10336)

93 2308 201 52 Rouen
327 2308 19 65 (
353 2306 286 66 Bailliage
648 2307 19 64 )

161 2384 120 53 The
306 2383 160 67 royal
493 2383 230 53 domain
748 2383 61 52 in
833 2381 96 53 the
953 2380 270 69 bailliage
1245 2380 64 54 of
1332 2381 215 67 Rouen,
1573 2381 75 67 by
1674 2381 217 68 Joseph
1918 2383 170 52 Reese

95 2458 1797 72 Strayer … Princeton, Princeton university press, 1936.
164 2534 459 50 5 p. l., 275 p. 23½cm.
164 2605 42 39 A
232 2603 362 48 transcription,
625 2603 121 40 with
773 2603 326 47 annotations,
1126 2603 52 40 of
1205 2613 30 30 a
1261 2603 270 40 thirteenth
1559 2605 203 46 century
1789 2606 303 47 manuscript

94 2672 106 31 now
229 2661 49 39 in
310 2661 81 39 the
422 2660 338 47 Bibliothèque
789 2659 291 48 municipale
1110 2660 52 40 of
1192 2660 168 39 Rouen
1403 2660 109 47 (ms.
1543 2660 129 45 2685,
1702 2661 236 49 formerly
96 2664 1980 95 Martainville
346 2718 40 38 Y
417 2716 79 47 94)

561 2718 45 39 It
636 2716 43 40 is
710 2716 248 40 described
989 2717 49 38 in
1071 2718 81 38 the
1181 2717 174 39 official
1389 2718 252 47 catalogue
1675 2729 54 29 as
1760 2729 62 29 an
1857 2719 141 40 “État
2028 2721 63 39 du

95 2774 222 41 domaine
341 2775 136 45 royal
505 2775 121 39 dans
651 2775 70 38 les
746 2772 229 41 vicomtés
1000 2776 57 38 de
1083 2774 180 46 Rouen,
1290 2775 65 39 du
1380 2775 399 48 Pont-Audemer,
1803 2777 60 40 de
1883 2777 208 48 Bernay,

95 2832 65 38 du
188 2841 119 38 pays
337 2830 193 48 d’Auge,
559 2832 47 38 et
636 2831 64 38 du
730 2829 456 41 Pont-de-1’Arche”.
1244 2831 101 38 The
1375 2832 165 39 actual
1567 2831 169 41 writer
1764 2832 51 41 of
1842 2834 82 38 the
95 2834 1979 95 document
249 2897 102 31 was

376 2886 232 49 probably
630 2897 25 30 a
684 2887 131 40 clerk
835 2887 51 41 of
910 2887 83 41 the
1016 2887 119 41 staff
1158 2887 53 41 of
1235 2888 81 40 the
1341 2887 136 41 bailli
1502 2888 54 40 of
1577 2888 184 42 Rouen,
1818 2891 61 48 cf.
1907 2891 183 41 Introd.

96 2954 53 52 ©
181 2960 119 38 Mar.
336 2958 39 47 6,
409 2958 115 40 1936;
583 2958 66 40 2c.
685 2960 94 38 and
814 2959 81 39 aff.
930 2959 121 38 Mar.
1087 2959 54 38 17;
1204 2960 40 37 A
1277 2958 143 40 93195;
1487 2959 257 41 Princeton
1780 2960 129 41 univ.
1942 2973 149 37 press.

179 3014 278 48 (36-10197)

95 3119 192 63 Rowe,
315 3119 154 52 John
496 3119 326 53 Wilkinson
851 3120 227 55 Foster.

166 3196 255 52 Markets
460 3197 111 51 and
610 3215 155 45 men;
808 3215 31 33 a
877 3197 170 66 study
1086 3197 62 51 of
1186 3196 266 54 artificial
1490 3199 218 52 control
1747 3200 247 53 schemes
2032 3200 59 53 in

96 3274 1996 73 some primary industries, by J. W. F. Rowe … Cambridge
121 3353 164 65 [Eng.]
318 3352 120 53 The
462 3352 336 67 University
821 3370 173 49 press,
1023 3356 149 50 1936.

167 3436 406 50 ix, 259. [1] p. 19½cm.
99 3503 1995 56 © 1c. Mar. 25, 1936; A ad int. 21259; pubd. Mar. 3; Macmillan co., New
168 3565 144 39 York.
379 3564 277 48 (36-10991)

99 3665 334 67 Schneider,
459 3668 295 64 Manfred,
786 3673 169 50 1884-

232 3741 1858 72 … Don Francisco de Goya, ein leben unter Stierkämpfern
103 3818 116 51 und
247 3818 261 68 königen.
583 3819 256 69 Leipzig,
868 3820 64 54 P.
960 3821 126 53 List
1278 3855 13 33 [1935]

172 3900 1104 53 393, [1] p., 2 l. front., plates, ports. 21½cm.
103 3969 52 52 ©
181 3975 119 39 Mar.
327 3974 68 47 23,
421 3974 113 41 1935;
619 3988 37 28 1c.
684 3978 120 38 Mar.
831 3976 67 48 19,
926 3976 139 48 1936;
1097 3977 41 39 A
1138 3978 269 48 -Foreign
1430 3978 144 41 30897;
1631 3980 120 39 Paul
1780 3980 104 41 List
1912 3982 180 45 verlag.

181 4029 277 49 (36-10508)
