2519 4377
1295 4099 101 54 724

330 445 168 66 Daly,
522 445 207 54 James
750 443 241 64 Joseph.

399 522 124 56 One
553 537 196 37 season
780 519 319 66 shattered;
1131 535 192 52 poems
1353 517 75 69 by
1457 518 194 53 James
1679 515 171 71 Daly.
1915 515 429 70 Philadelphia,
330 602 252 54 Centaur
613 617 176 51 press,
822 602 151 50 1936.

401 676 29 40 5
457 687 43 37 p.
566 704 8 11 l..
603 673 118 42 3-97
748 685 43 37 p.
848 673 57 39 22
908 675 43 21 cm
956 704 9 8 .

403 731 147 42 “This
575 731 124 40 book
723 729 222 41 contains
968 729 168 40 fifteen
1164 728 51 40 of
1238 728 81 40 the
1345 727 337 49 twenty-eight
1708 737 161 38 poems
1891 727 157 41 which
2074 726 270 50 comprised

332 783 1063 54 ‘The guilty sun’, published … in 1926.“
332 858 54 53 ©
417 862 109 40 Jan.
560 861 41 48 4,
635 859 143 48 1936;
812 858 68 43 2c.
914 858 97 40 and
1043 857 83 40 aff.
1162 857 126 41 June
1322 857 82 46 10;
1440 857 40 39 A
1514 856 171 48 94838;
1722 857 168 42 James
1924 858 141 48 Daly,
2105 857 239 50 Saratoga

407 918 215 50 Springs,
644 917 57 42 N.
726 916 54 41 Y.
844 914 282 50 (36-11933)

331 1025 304 63 Darwent,
663 1022 247 65 George.

402 1099 260 69 Mystery
700 1096 59 55 in
797 1096 95 54 the
932 1114 173 49 snow,
1145 1095 74 69 by
1258 1094 227 70 George
1523 1094 292 54 Darwent.
1894 1095 260 69 London,
2195 1095 147 55 Rich

330 1182 47 50 &
402 1178 232 67 Cowan,
662 1176 102 54 ltd.
819 1177 135 51 [1935]

400 1252 28 39 4
454 1262 42 38 p.
560 1282 8 11 l.,
597 1250 87 41 280
713 1259 42 39 p.
817 1249 127 40 illus.
975 1248 159 49 (map)
1204 1245 55 42 19
1263 1249 14 21 cm
1311 1277 8 9 .

335 1316 2014 60 © 1c. Oct. 30, 1935; A ad int. 20717; pubd. Sept. 4; George Darwent
405 1384 190 47 Rugan,
622 1380 140 42 West
786 1377 171 50 Kirby,
984 1377 249 47 Cheshire,
1262 1376 237 48 England.
1567 1375 283 52 (36-12547)

334 1488 85 52 De
444 1486 185 62 Haas,
654 1483 183 54 Jacob
865 1482 221 61 Anton,
1117 1485 171 52 1883-

334 1555 1986 150 Foreign trade, by J. Anton de Haas … New York, Alexander Hamilton institute [ c 1936]
404 1707 1946 59 xxii, 400 p. fold. pl. 19 cm . (Added t.-p.: Modern business; a series of
335 1765 1964 58 texts prepared as part of the modern business course and service …
335 1832 279 41 Alexander
641 1829 258 42 Hamilton
928 1826 254 49 institute)

336 1902 55 53 ©
416 1906 118 47 May
559 1905 39 46 1,
625 1902 144 46 1936;
796 1901 69 41 2c.
891 1901 96 40 and
1017 1899 83 41 aff.
1129 1901 115 47 May
1269 1899 55 47 6;
1353 1898 43 40 A
1420 1897 173 48 95021;
1623 1897 279 43 Alexander
1929 1899 259 42 Hamilton
409 1899 1924 104 institute.
588 1957 286 53 [Copyright

901 1957 42 41 is
971 1957 206 41 claimed
1206 1966 62 31 on
1299 1954 228 51 revision]
1597 1953 281 52 (36-12068)

337 2067 228 62 Denny,
593 2064 187 55 Grace
806 2061 279 56 Goldena.

409 2139 266 70 Fabrics;
717 2137 328 57 definitions
1085 2136 64 53 of
1188 2134 231 71 fabrics,
1458 2135 276 69 practical
1777 2137 198 54 textile
2017 2142 153 63 tests,
337 2141 1988 135 classification
648 2219 66 53 of
745 2217 215 55 fabrics
1011 2216 74 70 [by]
1139 2215 184 58 Grace

1353 2214 994 71 G. Denny … 4th ed., rev. and
339 2293 1982 155 reset. Edited by Benjamin R. Andrews … Chicago, Philadelphia, J. B. Lippincott company [ c 1936]
411 2453 97 48 xiv,
539 2451 89 43 178
656 2462 44 38 p.
762 2450 129 41 illus.
950 2448 58 42 20
1010 2451 44 23 cm
1061 2481 8 9 .

414 2509 194 41 Earlier
649 2506 212 43 editions
904 2505 258 51 published
1205 2504 153 41 under
1402 2503 138 42 title;
1582 2504 202 42 Fabrics
1828 2506 95 39 and
1969 2506 108 40 how
2120 2509 47 37 to
2211 2507 139 42 know

344 2570 145 42 them.

414 2624 191 42 “Books
631 2623 54 41 of
710 2620 250 44 reference
985 2630 60 31 on
1072 2618 172 43 textile
1269 2618 242 43 fabrics”:
1541 2630 44 39 p.
1611 2619 218 43 177-178.

341 2693 53 54 ©
422 2698 113 46 May
563 2694 69 48 20,
663 2693 141 48 1936;
834 2693 68 40 2c.
934 2692 95 40 and
1058 2690 82 43 aff.
1170 2690 130 42 June
1325 2690 53 47 5;
1408 2691 41 39 A
1475 2689 173 49 94750;
1680 2691 44 42 J.
1753 2691 54 40 B.
1837 2691 282 50 Lippincott
2145 2704 69 30 co.

422 2750 283 52 (36-11964)

341 2856 299 66 Dunshee,
666 2854 328 57 Charlotte.

413 2934 280 68 Through
715 2933 96 54 the
835 2950 150 51 ages,
1010 2930 77 70 by
1113 2929 298 57 Charlotte
1435 2930 285 55 Dunshee.
1783 2932 112 54 Los
1918 2933 268 68 Angeles,
2213 2934 137 54 New

345 3014 162 55 York
559 3020 121 60 [etc.]
715 3010 403 68 Suttonhouse,
1150 3011 150 52 1936.

415 3087 27 39 2
471 3097 43 38 p.
578 3117 9 17 l.,
617 3084 182 50 xi-xvi,
826 3083 87 40 115
940 3094 44 38 p.
1043 3083 57 40 22
1103 3085 44 22 cm
1152 3114 9 9 .

416 3145 186 39 Poems.

343 3212 54 53 ©
424 3216 114 48 Apr.
568 3216 39 47 1,
638 3212 119 43 1936;
810 3213 68 41 2c.
907 3213 97 39 and
1034 3212 82 41 aff.
1148 3212 125 41 June
1304 3210 52 49 8;
1391 3212 40 39 A
1460 3211 172 47 94802;
1669 3212 343 50 Suttonhouse,
2044 3216 86 39 ltd.

424 3272 283 48 (36-12051)

343 3374 234 65 Eames,
603 3374 235 54 Arthur
863 3373 286 60 Johnson,
1176 3377 173 53 1881-

413 3449 388 72 Morphology
828 3450 64 53 of
920 3451 261 53 vascular
1210 3450 209 69 plants,
1448 3451 171 52 lower
1646 3468 214 52 groups
1899 3450 453 70 (Psilophytales

344 3525 2007 74 to Filicales) by Arthur J. Eames … 1st ed. New York and
345 3610 257 66 London,
641 3607 434 57 McGraw-Hill
1114 3608 147 53 book
1301 3626 298 50 company,
1640 3611 127 65 inc.,
1810 3613 149 49 1936.

417 3681 136 49 xviii,
585 3682 87 40 433
707 3692 44 38 p.
787 3681 109 43 incl.
930 3680 165 49 front.,
1133 3680 143 50 illus.,
1314 3681 179 48 diagrs.
1554 3681 55 42 23½
1642 3684 45 22 cm
1691 3713 10 10 .
1771 3681 303 50 (Half-title:
346 3681 2006 98 McGraw-Hill

481 3735 328 52 publications
839 3738 51 40 in
922 3740 82 39 the
1035 3737 322 50 agricultural
1389 3742 95 40 and
1516 3739 244 41 botanical
1794 3739 227 49 sciences,
2055 3740 53 41 E.
2145 3740 68 41 W.
2250 3739 103 42 Sin-

344 3798 122 48 nott,
497 3796 279 50 consulting
803 3796 183 48 editor)

417 3851 352 51 Bibliography
801 3855 54 39 at
884 3854 92 40 end
1008 3852 52 41 of
1091 3854 118 40 each
1243 3852 202 50 chapter
1476 3855 171 47 except
1677 3864 116 36 one;
1829 3853 238 42 “General
345 3854 1987 107 bibliography”:
530 3921 45 39 p.
603 3911 103 41 411.

343 3976 54 53 ©
430 3980 113 48 May
573 3979 70 50 29,
677 3980 141 49 1936;
853 3982 66 40 2c.
955 3981 128 41 June
1114 3982 52 47 1;
1201 3981 82 41 aff.
1318 3983 126 39 June
1474 3983 54 45 4;
1563 3982 40 39 A
1635 3980 172 48 95533;
1843 3981 350 43 McGraw-Hill
2229 3981 123 41 book

414 4048 84 37 co.,
530 4037 91 43 inc.
694 4037 283 50 (36-11897)
