2519 4377
1063 4084 100 48 215

119 434 268 66 [Simson,
417 433 136 54 Eric
580 433 273 65 Andrew]

183 526 181 66 Rings
411 544 70 33 on
529 526 99 50 her
677 522 195 68 finger,
918 523 73 66 by
1038 525 286 50 Laurence
1373 523 151 52 Kirk
1577 526 210 64 [pseud.]
113 526 1969 130 Instalment
291 608 46 48 3.

213 677 57 38 (In
305 670 316 45 Nash’s-Pall
658 670 116 43 mall
810 668 275 53 magazine,
1121 669 132 51 Feb.,
1290 670 142 50 1936)

115 742 52 53 ©
193 748 66 38 1c.
289 747 121 38 Mar.
439 746 69 44 12,
537 744 139 45 1936;
709 744 38 38 A
777 744 60 38 ad
868 743 84 40 int.
991 742 135 39 21194
1143 753 9 36 ;
1185 743 141 48 pubd.
1358 744 109 39 Jan.
1498 744 80 46 18;
1613 744 296 48 Doubleday,
1941 746 166 39 Doran

184 803 35 39 &
241 813 81 35 co.,
343 801 105 47 inc.,
477 802 190 39 Garden
694 800 123 47 City,
842 800 54 38 N.
923 799 51 38 Y.

113 906 275 65 Stewart,
417 906 225 63 George
670 904 244 64 Rippey,
945 908 170 49 1895-

183 995 1924 69 English composition ; a laboratory course … by George R.
116 1071 1916 69 Stewart, jr. … New York, H. Holt and company [ c 1936]
181 1147 26 39 2
237 1157 42 29 V.
338 1145 180 47 diagrs.
578 1143 54 40 19½
667 1146 43 20 cm
751 1144 65 45 (v.
846 1143 53 40 2:
933 1142 54 40 21
993 1144 44 22 cm
1046 1143 14 46 )

183 1203 146 40 “Part
354 1213 18 29 I
398 1205 273 44 represents
701 1202 80 38 the
807 1201 169 47 theory
1003 1200 52 40 of
1082 1199 317 48 composition
1416 1210 10 37 ;
1458 1202 112 46 part
1600 1210 51 37 n,
1682 1201 80 40 the
1792 1200 316 48 practice.”—

114 1259 125 41 Pref.

113 1330 54 53 ©
195 1334 110 40 Feb.
334 1333 67 49 18,
431 1332 112 41 1936
561 1343 8 35 ;
600 1333 67 38 2c.
696 1332 117 39 each
842 1332 93 39 and
966 1331 107 40 affs.
1103 1332 120 38 Mar.
1252 1331 53 45 4;
1336 1332 42 39 A
1403 1332 158 48 92063,
1591 1332 143 41 92065
1752 1343 9 36 ;
1793 1334 168 48 Henry
1991 1334 120 42 Holt

186 1391 37 40 &
250 1401 81 36 co.,
359 1390 90 40 inc.
517 1388 250 49 (36-6632)

113 1494 197 63 Stone,
337 1493 154 53 John
520 1491 261 63 Charles,
812 1493 170 53 1867-

183 1584 54 53 A
275 1582 125 55 first
435 1600 193 36 course
664 1582 61 53 in
761 1580 248 70 algebra,
1044 1581 75 69 by
1156 1580 155 56 John
1351 1581 63 56 C.
1455 1580 174 57 Stone
1667 1582 111 53 and
1817 1581 193 71 Virgil
2051 1583 56 56 S.

115 1658 1994 72 Mallory … Chicago, New York [ etc.] B. H. Sanborn & co.,
115 1743 151 51 1936.

183 1812 83 49 vii,
293 1812 85 41 510
403 1822 44 38 p.
506 1810 165 49 front.,
699 1811 128 41 illus.
857 1810 132 47 (incl.
1018 1810 173 49 ports.)
1229 1810 180 50 diagrs.
1467 1810 55 41 19½
1555 1812 44 22 cm
1603 1842 9 9 .

186 1868 1920 49 “This ‘First course in algebra’ is the outgrowth of … Stone’s ‘First
113 1937 117 39 year
259 1926 209 51 algebra’
503 1926 268 50 [published
799 1927 50 39 in
880 1925 353 50 1928]”—Pref.

115 1996 53 53 ©
194 2001 109 39 Jan.
328 1999 40 48 2,
394 1998 141 48 1936;
562 1999 67 39 2c.
659 1999 108 39 Jan.
796 1998 51 46 8;
878 1997 81 40 aff.
988 1998 110 40 Jan.
1124 1997 53 46 4;
1207 1997 41 39 A
1274 1996 170 47 91083;
1475 1997 140 48 Benj.
1643 1998 60 40 H.
1735 1998 220 41 Sanborn
1980 1999 36 40 &
2043 2010 65 30 co.

194 2055 249 49 (36-6613)

113 2158 271 64 Taussig,
414 2158 314 53 Frederick
758 2157 238 63 Joseph,
1030 2160 171 52 1872-

115 2230 1992 151 Abortion, spontaneous and induced; medical and social aspects, by Frederick J. Taussig … St. Louis, The C. V. Mosby
115 2409 291 50 company,
435 2393 149 48 1936.

185 2461 85 41 536
301 2472 43 37 p.
405 2462 141 46 illus.,
580 2462 178 46 diagrs.
819 2460 55 39 25½
906 2462 44 21 cm
956 2490 9 9 .

188 2519 145 39 “This
375 2518 190 40 volume
607 2519 41 38 is
692 2528 88 29 one
822 2517 50 40 of
914 2527 26 29 a
986 2517 149 39 series
1178 2517 194 48 dealing
1415 2518 119 38 with
1577 2518 205 40 medical
1827 2523 190 42 aspects
2062 2519 49 39 of

117 2576 179 40 human
343 2574 211 48 fertility
603 2574 261 48 sponsored
914 2574 60 48 by
1026 2574 81 40 the
1154 2573 231 40 National
1436 2575 274 39 committee
1759 2586 60 29 on
1871 2577 238 39 maternal

115 2633 179 47 health,
323 2631 119 42 inc.”

188 2688 374 49 Bibliography:
601 2698 42 37 p.
679 2685 230 49 484-507;
948 2685 347 41 “References”
1332 2688 52 39 at
1421 2687 90 39 end
1547 2687 52 40 of
1634 2688 201 47 chapter
1870 2699 59 30 on
117 2691 1977 97 Abortion
243 2747 50 39 in
317 2745 222 47 animals,
567 2746 61 46 by
655 2745 71 39 TV.
755 2745 49 38 L.
832 2742 254 41 Williams.

118 2815 1994 55 © Feb. 10, 1936 ; 2c. Feb. 15 ; aff. Feb. 17 ; A 91802 ; C . Y. Mosby co.
195 2876 250 50 (36-6765)

117 2981 192 52 Texas
339 2980 201 66 digest,
576 2982 132 48 1840
740 2981 57 49 to
830 2976 147 63 date,
1010 2975 266 67 covering
1308 2977 182 50 Texas
1524 2982 219 61 reports
1779 2979 112 51 and
1929 2978 182 55 South

188 3063 238 47 western
456 3061 272 61 reporter,
760 3073 57 33 as
848 3056 126 49 well
1005 3071 59 36 as
1095 3055 181 50 Texas
1307 3071 149 35 cases
1487 3053 234 54 decided
1751 3056 59 51 in
1841 3057 95 53 the
188 3057 1899 131 Federal
331 3135 200 52 circuit
559 3133 112 51 and
699 3129 242 55 District
970 3136 205 60 courts,
1205 3130 222 55 Circuit
1453 3138 162 47 court
1642 3133 63 51 of
1737 3136 231 64 appeals
1999 3135 112 52 and

187 3208 1899 227 Supreme court of the United States … with current cumulative pocket service, volume 5-7. St. Paul, West publishing co. [ c 1935]
187 3443 29 38 3
244 3452 42 28 v.
345 3439 55 39 26c
420 3441 27 20 m
452 3468 7 8 .

453 3504 115 29 CONTENTS.—v.
612 3492 46 40 5.
700 3491 781 48 Appearance-Bankruptcy.—v.
1528 3490 41 41 6.
1615 3493 165 39 Banks
1826 3494 94 39 and

115 3496 1980 107 banking-Cancellation
595 3551 51 39 of
683 3550 443 39 instruments.—v.
1162 3547 41 41 7.
1238 3548 235 42 Carriers.

122 3636 42 28 v.
191 3625 38 47 5,
257 3619 52 53 ©
337 3625 108 37 Dec.
474 3622 39 45 5,
541 3621 111 38 1935
672 3631 8 29 :
710 3631 41 27 v.
780 3619 39 46 6,
848 3620 39 46 7,
912 3614 53 52 ©
993 3619 112 39 Dec.
1133 3617 52 46 6;
1216 3617 67 40 2c.
1311 3619 120 38 each
1458 3618 109 40 Jan.
1595 3619 69 47 18,
1694 3618 139 47 1936;
1864 3620 109 42 affs.
2002 3622 109 40 Jan.

192 3681 80 45 20;
301 3681 39 37 A
366 3678 157 47 91360,
550 3677 156 45 91361,
733 3675 171 46 91362;
932 3675 137 39 West
1093 3674 110 48 pub.
1228 3684 69 30 co.

121 3781 311 62 Thomson,
459 3780 99 54 Sir
581 3778 162 52 Basil
770 3778 205 60 Home,
1005 3780 169 49 1861-

124 3847 1964 137 … The Dartmoor enigma [by] Sir Basil Thomson … Garden
263 3931 149 68 City,
445 3931 66 50 N.
549 3930 88 66 Y.,
671 3928 141 53 Pub.
843 3927 92 52 for
966 3926 96 54 the
1096 3924 187 55 Crime
1317 3924 143 70 club,
1493 3925 125 69 inc.,
1650 3927 73 69 by
1758 3928 352 72 Doubleday,

124 4007 193 56 Doran
342 4011 45 48 &
412 4026 95 48 co.,
532 4009 124 65 inc.,
688 4007 145 49 1936.
