2519 4377
1079 4121 98 49 929

138 451 313 54 American
493 450 277 53 institute
810 451 63 52 of
912 449 229 65 mining
1177 451 114 52 and
1332 450 431 64 metallurgical
1800 450 330 65 engineers.

203 530 328 52 Petroleum
553 529 263 53 division.

206 606 400 54 Transactions
633 606 64 52 of
722 606 94 52 the
843 604 304 54 American
1174 605 258 53 institute
1458 607 63 52 of
1546 605 223 68 mining
1796 607 112 52 and
134 606 1972 144 metallurgical

410 682 291 68 engineers
745 682 452 68 (incorporated)
1277 701 48 34 v.
1362 687 113 49 118.
1511 683 325 53 Petroleum
135 683 1969 131 development
321 762 109 51 and

464 761 356 66 technology,
856 764 147 49 1936.
1075 761 323 53 Petroleum
1433 760 262 54 division.
1767 763 217 65 Papers
2018 761 111 52 and

137 839 338 53 discussions
514 839 297 66 presented
852 838 191 53 before
1084 840 94 50 the
1219 838 246 53 division
1507 845 58 47 at
1605 840 284 65 Houston,
1928 841 201 66 Texas,

138 917 123 55 Oct.
306 919 185 64 10-12,
534 919 131 52 1935
708 916 111 53 and
862 922 57 48 at
960 916 138 53 New
1139 916 178 67 York,
1358 917 133 52 Feb.
1536 916 185 67 17-21,
1766 919 147 51 1936,
1991 918 138 52 New

137 996 176 63 York,
342 997 68 51 N.
442 997 89 63 Y.,
557 995 120 52 The
706 993 271 54 Institute
1011 999 191 62 [c1936]

204 1068 88 40 536
314 1078 44 37 p.
415 1067 129 39 illus.
574 1065 133 47 (incl.
738 1066 161 48 maps)
938 1066 178 48 diagrs.
1175 1067 54 40 23½
1263 1070 43 20 cm
1312 1099 8 8 .

137 1125 52 53 ©
227 1130 128 39 June
389 1129 71 48 30,
500 1128 139 47 1936;
680 1128 68 42 2c.
787 1128 96 39 and
922 1129 80 38 aff.
1043 1129 115 47 July
1200 1129 81 47 16;
1323 1130 41 38 A
1402 1128 171 48 96502;
1615 1129 157 41 Amer,
1813 1128 227 41 institute
2080 1128 53 41 of

207 1185 182 48 mining
420 1185 95 39 and
546 1184 358 48 metallurgical
936 1184 265 49 engineers,
1234 1185 105 48 inc.,
1371 1186 118 39 New
1520 1185 144 40 York.

135 1288 312 53 American
474 1288 109 52 law
608 1291 237 60 reports
867 1289 341 54 annotated.

205 1366 69 52 A.
315 1367 62 51 L.
419 1366 65 52 R.
526 1365 345 53 cumulative
907 1363 384 69 index-digest
1332 1365 92 53 for
1464 1366 95 51 the
1597 1384 162 48 years
1803 1368 325 50 1929-1935.

135 1463 49 33 v.
224 1446 217 50 58-100.
482 1443 313 55 Combined
832 1442 229 53 indexes
1098 1446 57 50 to
1191 1460 149 36 cases
1376 1444 113 52 and
1526 1442 377 54 annotations.
136 1443 1966 145 Supplementing

520 1520 70 53 A.
624 1522 65 52 L.
726 1522 65 52 R.
829 1521 187 66 digest
1050 1520 93 53 for
1178 1521 135 52 vols.
1352 1520 149 54 1-57.
1572 1521 323 67 Rochester,
1930 1523 70 51 N.
2039 1522 90 66 Y.,

135 1599 119 53 The
300 1600 265 66 Lawyers
613 1598 381 68 co-operative
1042 1597 333 69 publishing
1421 1618 307 49 company;
1783 1597 115 57 San
134 1600 1970 142 Francisco,
321 1677 193 66 Calif.,
543 1677 580 66 Bancroft-Whitney
1151 1695 296 49 company,
1477 1680 148 51 1936.

203 1749 114 41 2275
345 1760 43 38 p.
444 1750 55 39 25½
532 1753 43 20 cm
581 1781 7 8 .

206 1807 71 40 On
307 1805 200 48 binding;
567 1806 54 40 A.
654 1806 49 38 L.
737 1806 54 41 R.
823 1804 170 49 digest,
1025 1804 284 49 continuing
1340 1805 80 39 ten
1454 1815 119 38 year
1602 1805 157 48 digest
1791 1805 117 40 vols.
1942 1804 187 50 58-100,

131 1862 277 41 1929-1935.
435 1863 93 40 vol.
555 1863 39 40 3.
623 1863 120 38 A-Z.

133 1916 54 53 ©
214 1920 115 46 July
354 1919 40 49 6,
423 1919 139 46 1936;
591 1918 67 41 2c.
688 1918 115 47 July
830 1919 81 46 15;
942 1918 81 40 aff.
1052 1918 115 47 July
1194 1918 53 46 9;
1278 1919 40 38 A
1346 1917 169 47 97044;
1548 1919 229 45 Lawyers
1805 1917 325 49 co-operative

202 1976 110 47 pub.
339 1985 67 31 co.
436 1975 95 40 and
559 1974 488 47 Bancroft-Whitney
1075 1984 67 31 co.

205 2076 362 55 Cumulative
606 2075 172 54 index
817 2076 63 53 of
918 2077 93 53 the
1050 2076 305 53 American
1394 2077 109 52 law
1542 2081 219 63 reports
1803 2076 324 54 annotated,

132 2175 49 33 v.
209 2159 251 49 101-102.
487 2154 345 67 Combining
855 2172 147 35 cases
1026 2155 112 52 and
1163 2154 376 54 annotations.
1598 2155 323 64 Rachester,
1944 2155 71 53 N.
2039 2156 90 65 Y.,

134 2235 119 51 The
301 2236 266 64 Lawyers
612 2233 381 68 co-operative
1040 2231 335 70 publishing
1423 2250 306 50 company;
1783 2232 116 56 San
133 2234 1971 135 Francisco,

321 2311 191 67 Calif.,
540 2311 582 55 Bancroft-Whitney
1149 2330 295 48 company,
1475 2314 147 50 1936.

204 2385 86 40 158
313 2395 41 37 p.
413 2385 56 38 24½
501 2387 44 20 cm
550 2417 7 8 .

204 2441 72 40 On
304 2450 138 30 cover;
502 2441 297 46 Temporary
829 2439 298 40 cumulative
1151 2438 323 48 index-digest
1505 2439 51 40 of
1584 2439 54 40 A.
1670 2440 49 39 L.
1753 2440 52 38 R.
1866 2439 118 41 vols.
2016 2438 116 41 101-

132 2497 97 40 102.

135 2549 52 53 ©
214 2553 114 47 July
354 2554 39 48 6,
422 2552 139 46 1936;
591 2553 68 41 2c.
690 2553 114 46 July
832 2553 81 45 15;
941 2552 84 39 aff.
1054 2552 115 46 July
1196 2551 52 47 9;
1279 2552 41 38 A
1347 2551 170 47 97042;
1549 2552 229 46 Lawyers
1807 2549 323 49 co-operative

203 2609 110 48 pub.
345 2619 67 30 co.
442 2610 96 39 and
570 2607 488 48 Bancroft-Whitney
1090 2618 66 30 co.

133 2712 313 53 American
472 2711 226 63 society
722 2712 62 52 of
809 2709 422 55 international
1256 2710 128 57 law.

205 2789 376 67 Proceedings
613 2834 56 9 ...
701 2794 58 47 at
785 2789 73 51 its
881 2788 264 52 thirtieth
1174 2788 208 52 annual
1410 2788 247 66 meeting
1684 2787 132 54 held
1844 2794 56 46 at
134 2789 1968 146 Washington,
379 2868 71 53 D.
482 2867 79 66 C.,
591 2866 173 68 April
794 2870 188 63 23-25,
1013 2869 148 50 1936.
1226 2864 400 69 Washington,
1656 2868 71 52 D.
1760 2865 81 67 C.,
1872 2867 122 53 The
134 2866 1968 146 Society,
327 2949 148 50 1936.

204 3004 84 62 xii,
315 3017 89 42 277
426 3027 45 39 p.
527 3017 56 41 26
584 3019 45 22 cm
635 3049 8 8 .

135 3070 52 53 ©
210 3075 114 46 July
346 3074 39 48 9,
411 3074 112 40 1936;
577 3074 66 40 2c.
670 3073 95 39 and
790 3074 81 39 aff.
898 3073 116 46 July
1039 3073 53 40 13;
1147 3073 39 39 A
1210 3072 143 40 96589;
1408 3073 158 39 Amer,
1594 3071 180 48 society
1801 3072 52 38 of
1876 3072 217 40 internatl.

206 3131 106 49 law,
337 3129 334 48 Washington.

134 3230 270 54 Anchors
440 3230 247 68 aweigh;
722 3248 184 35 verses
937 3231 75 66 by
1045 3228 382 70 midshipmen
1459 3231 61 52 of
1554 3231 96 52 the
1684 3230 216 56 United
1940 3231 186 55 States

204 3325 166 50 navy.
445 3306 137 53 Rev.
629 3307 84 52 ed.
787 3305 332 69 Baltimore,
1163 3307 121 53 The
1328 3307 148 52 Hess
1521 3307 264 68 printing
1828 3325 297 50 company,

206 3386 148 50 1936.

208 3454 639 49 ix p., 1 l., 229 p. 21 cm .
205 3510 287 42 Illustrated
524 3510 360 49 lining-papers.

206 3567 337 41 Introduction
584 3569 166 47 signed;
823 3569 154 40 Gould
1018 3570 205 48 Hunter,
1266 3570 259 48 president,
1567 3571 203 40 Trident
1811 3572 203 46 literary
136 3582 1970 89 society.

136 3679 53 52 ©
222 3684 112 46 Apr.
367 3684 67 45 17,
469 3683 116 40 1936;
643 3683 66 39 2c.
743 3684 114 47 Apr.
891 3683 82 47 29;
1010 3682 81 42 aff.
1129 3685 125 39 June
1289 3686 54 39 15;
1406 3686 40 38 A
1479 3684 170 43 96001;
1686 3685 200 39 Trident
1924 3684 205 48 literary

206 3749 106 38 soc.,
337 3739 279 48 Annapolis.
681 3739 279 48 (36-15601)

135 3842 184 65 Behn,
349 3843 179 65 Fritz,
558 3846 170 52 1878-

211 3961 55 9 ...
303 3919 308 52 Deutsches
640 3919 138 52 wild
809 3919 78 52 im
920 3919 303 53 deutschen
1255 3919 165 52 wald.
1496 3920 111 52 Mit
1639 3924 67 48 20
1738 3919 387 69 Zeichnungen

136 3995 117 52 und
291 3994 179 54 einem
505 3995 212 53 bildnis
756 3996 95 53 des
889 3996 324 53 Verfassers.
1292 3995 310 70 Stuttgart,
1642 3998 186 66 Cotta,
1868 4001 131 49 1935.
