2519 4377
1055 4088 97 50 661

99 450 321 62 Rousseau,
450 447 244 64 Achille,
724 448 168 54 1878-

104 521 1961 149 … The church of Christ. Milwaukee, The Bruce publishing company [ c 1936 ]
101 672 1974 108 xiv, 313 p. 20½ cm . ( Half-title : Religion and culture series, J. Husslein … general editor)]
169 787 63 42 At
259 788 122 40 head
411 788 51 40 of
490 787 133 41 title:
653 788 54 39 A.
735 788 266 40 Rousseau.

171 844 372 49 Bibliography:
576 855 43 38 p.
650 843 218 41 305-307.

102 898 53 53 ©
181 904 119 37 Mar.
329 903 67 45 13,
425 900 139 48 1936;
593 902 68 40 2c.
687 903 112 46 May
826 902 52 47 4;
909 900 82 42 aff.
1020 902 113 47 May
1160 901 52 47 2;
1243 902 39 38 A
1310 901 141 40 94273;
1511 902 156 40 Bruce
1694 902 107 49 pub.
1831 911 68 30 co.

182 957 277 50 (36-10846)

100 1060 205 65 Schiff,
333 1062 199 54 Besse.

171 1137 120 53 The
326 1136 287 68 traveling
645 1136 239 69 gallery,
921 1135 73 68 by
1031 1137 168 52 Besse
1241 1135 182 55 Schiff
1440 1155 11 46 ;
1493 1135 245 69 pictures
1777 1136 73 68 by
1888 1137 205 52 Emma

102 1213 1412 69 Brock … Chicago, A. Whitman & co., 1936.
173 1287 84 41 163
283 1298 43 38 p.
357 1287 107 41 incl.
491 1288 85 41 col.
605 1288 162 47 front.,
796 1288 141 48 illus.,
969 1289 86 39 col.
1083 1299 60 37 pl.
1200 1287 55 39 22½
1288 1289 44 21 cm
1337 1319 8 8 .

173 1344 287 40 Illustrated
487 1343 347 49 lining-papers
862 1344 49 40 in
940 1345 169 41 colors.

174 1399 203 41 “Junior
402 1410 134 38 press
562 1400 191 41 books.”

103 1452 54 53 ©
180 1458 114 47 May
316 1457 69 48 28,
411 1457 111 40 1936;
575 1457 66 41 2c.
668 1457 126 40 June
818 1458 25 39 3;
898 1455 81 43 aff.
1005 1457 125 40 June
1156 1457 52 46 1;
1232 1457 40 39 A
1298 1457 170 47 95517;
1497 1458 170 40 Albert
1691 1458 248 40 Whitman
1965 1460 37 39 &
2027 1471 67 30 co.

187 1513 278 49 (36-10944)

101 1615 336 65 Schneider,
463 1615 253 55 William
746 1616 274 64 Richard,
1051 1618 171 54 1887-

172 1694 221 52 Fourth
435 1694 206 52 annual
685 1694 357 67 supplement
1083 1697 57 51 to
1180 1694 201 52 second
1424 1695 215 52 edition
1679 1696 62 52 of
1786 1696 309 55 Schneider

104 1790 70 35 on
234 1772 95 51 the
387 1771 109 53 law
557 1771 63 53 of
680 1771 330 53 workmen's
1069 1772 440 67 compensation,
1570 1774 72 66 by
1704 1772 260 56 William
2026 1777 68 52 R.

106 1847 1989 73 Schneider … assisted by Frank J. Cordes, jr. … St. Louis,
102 1927 133 65 Mo.,
259 1927 249 51 Thomas
529 1927 108 52 law
662 1927 146 52 book
832 1945 295 49 company,
1154 1931 148 50 1936.

174 1998 702 49 2 p. l., 1009-1299 p. 24 cm .
177 2056 72 40 On
274 2056 224 44 binding:
573 2057 58 40 Vol.
661 2056 40 39 6.
763 2056 321 48 Supplement.

106 2109 52 52 ©
189 2113 125 40 June
345 2113 38 47 8,
415 2112 139 46 1936;
587 2112 66 40 2c.
687 2113 128 39 June
843 2112 81 47 10;
959 2112 81 39 aff.
1073 2113 125 39 June
1231 2112 56 39 12;
1349 2113 39 38 A
1421 2112 170 47 94882;
1627 2114 71 42 W.
1732 2115 54 38 R.
1822 2115 274 48 Schneider,

179 2170 66 40 St.
274 2168 158 41 Louis.

105 2273 188 65 Slade,
318 2274 137 52 Mrs.
485 2271 267 56 Caroline
784 2271 254 65 (Beach)
1076 2277 169 50 1886-

239 2349 1854 67 … Sterile sun; introductory note by the Reverend John
107 2428 254 53 Howard
392 2427 223 53 Melish.
690 2427 138 53 New
861 2426 179 67 York,
1071 2427 121 53 The
1224 2427 315 67 Vanguard
1573 2446 155 49 press
1765 2462 14 34 [
1783 2436 17 21 c
1806 2433 133 49 1936]

173 2501 87 41 156
289 2511 42 39 p.
392 2501 53 39 21
449 2503 44 21 cm
498 2533 9 9 .

178 2558 64 40 At
266 2557 124 41 head
418 2557 51 40 of
497 2556 132 41 title:
661 2555 223 42 Caroline
915 2555 155 42 Slade.

108 2611 52 53 ©
185 2616 114 46 May
321 2614 69 48 21,
415 2613 139 46 1936;
583 2613 67 41 2c.
677 2614 113 46 May
813 2612 82 47 25;
924 2612 81 40 aff.
1033 2613 114 46 May
1170 2611 82 47 23;
1279 2612 40 39 A
1345 2612 169 47 94578;
1542 2613 264 48 Vanguard
1833 2625 149 38 press,
2007 2617 91 39 inc.

188 2669 278 49 (36-10828)

106 2773 273 63 Strauch,
409 2774 174 51 Dora.

179 2849 178 56 Satan
398 2867 152 35 came
591 2854 57 48 to
693 2848 180 67 Eden,
915 2866 59 35 as
1016 2847 121 52 told
1179 2846 75 69 by
1294 2847 156 52 Dore
1493 2845 245 57 Strauch
1778 2854 59 49 to
1880 2850 222 55 Walter

109 2929 377 53 Brockmann.
547 2928 139 52 New
714 2926 160 52 York
899 2926 112 53 and
1036 2926 258 65 London,
1318 2926 233 68 Harper
1574 2928 46 51 &
1644 2927 277 69 brothers,
1950 2934 150 50 1936.

173 3003 66 40 xii
269 3015 56 36 p.,
353 3004 25 38 1
427 3034 23 14 l.,
477 3002 84 39 274
589 3013 42 37 p.
689 3002 170 47 plates,
888 3003 162 45 ports.,
1078 3010 151 37 maps.
1286 3000 54 39 22½
1374 3003 43 21 cm
1422 3032 9 9 .

173 3060 162 40 “First
363 3056 225 43 edition.”

111 3114 52 52 ©
188 3119 113 37 May
323 3116 69 46 20,
418 3114 139 47 1936;
584 3114 67 40 2c.
679 3114 112 47 May
817 3113 80 46 19;
926 3112 82 42 aff.
1036 3113 114 47 May
1175 3112 82 47 22;
1285 3113 40 39 A
1350 3112 170 48 95310;
1553 3114 196 48 Harper
1773 3117 37 39 &
1835 3117 124 41 bros.

190 3172 278 49 (36-10790)

109 3276 322 64 Sullenger,
457 3274 258 53 Thomas
743 3272 157 64 Earl,
931 3277 171 49 1893-

113 3346 1963 228 Social determinants in juvenile delinquency, by T. Earl Sullenger … New York, J. Wiley & sons, inc.; London, Chapman & Hall, limited, 1936.
181 3582 64 47 ix,
273 3581 88 41 412
391 3591 41 38 p.
493 3580 124 39 illus.
647 3578 185 49 (maps)
873 3577 176 49 diagrs.
1111 3576 57 41 23½
1198 3578 46 22 cm
1246 3606 10 10 .
1372 3575 130 51 $3.50

182 3638 143 40 “This
350 3637 120 40 book
496 3636 41 40 is
563 3646 27 29 a
615 3634 210 41 revision
850 3634 96 40 and
970 3633 328 49 enlargement
1321 3634 52 40 of
1398 3634 83 42 the
1506 3635 216 42 author’s
1748 3637 193 50 former,
1970 3648 131 33 more

115 3694 197 48 limited,
339 3693 143 48 study
510 3692 51 41 of
589 3692 82 40 the
699 3701 133 31 same
859 3690 120 48 title,
1008 3689 156 40 which
1193 3700 101 30 was
1324 3701 27 30 a
1381 3692 223 40 research
1631 3695 293 48 monograph
1953 3696 146 41 based

113 3762 60 29 on
202 3761 28 29 a
260 3750 142 47 study
431 3748 52 41 of
510 3747 212 48 juvenile
753 3746 315 49 delinquency
1096 3745 52 41 in
1180 3745 200 49 Omaha,
1411 3747 266 48 Nebraska,
1709 3751 94 39 and
1837 3750 263 52 Columbia,

116 3805 457 42 Missouri.”—Pref.

184 3862 228 42 “General
458 3858 390 50 bibliography”:
890 3869 43 39 p.
975 3857 216 42 386-398.
1266 3856 344 52 Bibliography
1654 3862 54 40 at
1752 3863 89 40 end
1888 3863 52 40 of
1984 3865 117 41 each

113 3918 197 49 chapter
340 3919 166 46 except
537 3917 198 47 chapter
839 3945 10 9 VII.

118 3972 52 52 ©
204 3977 111 44 May
351 3974 68 46 18,
454 3973 113 40 1936;
628 3973 67 39 2c.
731 3973 112 47 May
877 3971 54 38 21;
996 3970 82 40 aff.
1113 3968 113 50 May
1259 3969 82 48 20;
1379 3971 40 39 A
1451 3970 172 50 95292;
1656 3973 52 41 T.
1746 3976 51 39 E.
1837 3977 264 48 Sullenger,

187 4032 197 40 Omaha.
455 4027 278 49 (36-10764)
