2519 4377
1280 4165 138 53 2016

416 529 62 49 vi,
514 529 55 50 [1]
601 529 90 41 190
716 540 45 38 p.
820 530 144 50 illus.,
997 530 182 49 diagrs.
1236 531 60 40 24
1297 535 44 20 cm
1347 565 8 8 .

345 582 1882 58 © June 16, 1936; 1c. Dec. 3; A- Foreign 33570; Julius Springer.
344 707 339 67 Hollmann,
714 709 172 53 Hans
914 708 200 57 Erich.

415 787 225 67 Physik
668 788 123 53 und
814 788 235 53 technik
1077 788 100 52 der
1206 789 375 53 ultrakurzen
1609 790 220 68 wellen,
1858 810 112 34 von
1998 793 167 51 Hans
2195 792 178 53 Erich

343 865 2028 73 Hollmann. l.-2. bd. … Mit textabbildungen. Berlin, J.
346 945 284 68 Springer
664 947 174 67 [1936]

415 1018 27 39 2
506 1052 9 8 v.

689 1075 116 43 CONTENTS.—1.
832 1073 80 44 bd.
942 1078 292 47 Erzeugung
1263 1078 132 39 ultra
1403 1078 341 49 kurzwelliger
1775 1078 502 49 Schwingungen.—2.
2297 1078 79 44 bd.

344 1133 96 41 Die
465 1134 325 40 ultraknrzen
820 1134 175 41 wellen
1027 1135 51 39 in
1110 1134 86 41 der
1229 1134 212 42 technik.

346 1188 2026 56 1. bd., © June 29, 1936; 1c. Dec. 3; 2. bd., © Aug. 25; 1c. Dec. 15;
416 1251 42 38 A
458 1249 275 48 -Foreign
765 1248 161 50 33568,
959 1248 149 42 33894
1124 1261 9 36 ;
1170 1249 165 41 Julius
1372 1249 245 49 Springer.

342 1354 244 53 Illinois.
662 1356 169 52 Laws
837 1397 12 24 ,
875 1359 244 49 statutes
1124 1397 12 24 ,
1164 1361 101 47 etc.

414 1434 176 54 Jones
626 1431 232 55 Illinois
895 1436 241 49 statutes
1172 1433 329 53 annotated.
1577 1433 306 69 Compiled
1922 1434 114 53 and
2071 1433 191 54 edited
2298 1433 76 68 by

343 1511 1969 70 the publisher’s editorial staff. 1936 cumulative supplement …
350 1590 130 68 [for]
542 1591 256 54 volumes
859 1594 154 65 1-28,
1072 1591 207 53 Tables
1338 1591 248 55 General
1641 1591 190 54 index.
1912 1591 272 70 Chicago,
343 1591 2007 147 Callaghan
590 1671 115 53 and
733 1689 300 50 company,
1066 1674 152 51 1936.

414 1743 60 41 30
498 1755 44 29 v.
598 1743 58 41 23½
690 1746 47 22 cm
739 1776 10 9 .

417 1801 157 40 These
603 1801 281 49 pamphlets
916 1811 87 30 are
1031 1802 50 39 to
1111 1801 61 40 be
1196 1801 142 40 fitted
1369 1801 104 40 into
1504 1801 84 40 the
1618 1802 201 48 pockets
1852 1803 51 38 at
1936 1802 83 39 the
2052 1801 125 40 back
2209 1801 52 40 of
2292 1802 84 41 the

343 1859 219 40 volumes
592 1859 52 40 of
671 1858 84 41 the
782 1861 75 38 set
884 1861 50 39 to
962 1858 162 40 which
1152 1858 116 47 they
1297 1858 185 48 belong.

345 1912 54 55 ©
426 1918 114 40 Dec.
570 1916 71 49 22,
671 1915 117 41 1936
806 1928 8 30 ;
845 1915 69 43 2c.
943 1916 121 41 each
1092 1917 114 40 Dec.
1236 1914 58 40 24
1311 1927 8 36 ;
1356 1915 82 41 aff.
1470 1917 112 40 Dec.
1612 1915 57 41 28
1688 1927 7 30 :
1729 1917 42 38 A
1799 1914 177 42 101518
1994 1927 9 36 ;
2038 1915 276 49 Callaghan
2339 1917 37 40 &

415 1983 69 32 co.

414 2081 177 54 Jones
619 2079 232 54 Illinois
876 2082 242 49 statutes
1149 2078 329 54 annotated,
1508 2077 330 69 embracing
1867 2079 77 53 all
1975 2079 232 68 general
2235 2078 139 53 laws

345 2159 64 52 of
439 2159 96 53 the
566 2162 145 49 state
743 2158 63 53 of
835 2157 232 54 Illinois
1095 2159 62 50 in
1187 2157 158 53 force
1378 2156 248 56 October
1660 2161 46 63 1,
1738 2160 153 65 1934,
1922 2157 142 53 with
2097 2157 279 68 complete

345 2236 386 69 annotations,
771 2236 286 69 compiled
1098 2237 114 53 and
1253 2234 192 55 edited
1484 2236 76 68 by
1601 2236 161 54 Basil
1802 2237 177 55 Jones
2022 2236 113 54 and
2175 2235 200 54 Frank

344 2320 71 51 D.
460 2319 216 52 Moore.
781 2334 51 35 [v.
876 2319 84 64 30]
1010 2315 248 56 General
1300 2315 189 54 index.
1572 2315 274 68 Chicago,
1890 2316 328 68 Callaghan
2259 2316 114 54 and

344 2414 302 50 company,
678 2398 153 52 1936.

417 2470 63 47 iv,
510 2451 100 58 715“
623 2479 46 39 p.
726 2468 59 39 24½
816 2470 45 22 cm
867 2501 8 8 .

420 2526 182 41 “Table
628 2526 54 41 of
710 2524 254 42 contents”
995 2536 59 29 on
1083 2524 138 40 front
1252 2523 341 49 lining-paper.

343 2580 57 55 ©
426 2585 114 40 Dec.
566 2583 70 50 22,
667 2581 117 42 1936
801 2594 9 37 ;
841 2581 68 41 2c.
939 2583 113 39 Dec.
1081 2581 59 39 24
1157 2593 8 37 ;
1198 2581 83 41 aff.
1312 2582 111 39 Dec.
1454 2580 57 41 28
1529 2592 9 37 ;
1571 2582 42 39 A
1640 2580 175 42 101519
1834 2593 8 36 ;
1877 2581 275 49 Callaghan
2181 2583 38 40 &
2249 2591 68 31 co.

419 2746 179 53 Table
652 2746 263 66 showing
970 2743 452 69 corresponding
1475 2742 262 69 sections,
1794 2743 398 56 Smith-Hurd
343 2743 2005 136 Illinois
506 2829 242 49 statutes
786 2824 113 53 and
939 2821 193 57 Cahill
1168 2822 231 53 Illinois
1436 2826 229 49 statute.
1744 2822 293 70 [Chicago,
2074 2824 115 66 Ill.,
345 2824 2005 135 Burdette
531 2904 193 56 Smith
752 2921 311 50 company;
1097 2902 84 56 St.
1211 2902 168 66 Paul,
1405 2904 159 53 West
1593 2901 342 70 publishing
1962 2921 79 35 co.
2061 2922 11 48 ;
2105 2907 120 64 etc.,
2252 2907 122 64 etc.,

346 2991 17 21 c
369 2987 154 64 1936]

422 3055 288 49 cover-title,
740 3054 86 42 162
852 3065 45 38 p.
955 3053 58 41 23½
1044 3057 44 21 cm
1094 3084 8 9 .

348 3110 53 54 ©
436 3115 103 41 Oct.
571 3112 71 50 28,
679 3111 142 49 1936;
857 3111 69 42 2c.
960 3112 119 41 Nov.
1116 3111 82 47 16;
1233 3110 85 42 aff.
1354 3112 112 39 Dec.
1503 3111 83 47 17;
1624 3112 40 38 A
1697 3109 201 49 101450;
1937 3111 240 40 Burdette
2215 3111 160 41 Smith

419 3181 68 31 co.
513 3170 98 42 and
633 3171 138 40 West
793 3168 112 50 pub.
930 3178 68 32 co.

347 3276 251 64 Jarrett,
626 3275 153 64 Guy.

417 3355 227 54 Jarrett
698 3349 190 70 magic
946 3351 112 53 and
1113 3354 161 63 stage
1331 3350 182 67 craft;
1575 3350 298 54 technical.
1974 3352 159 66 [New
2192 3350 182 64 York,

346 3440 18 23 c
369 3435 155 64 1936]

416 3505 29 41 2
469 3517 44 39 p.
576 3537 9 18 l.,
615 3504 87 42 106
727 3515 45 39 p.
833 3503 173 51 plates,
1034 3500 219 43 facsims.
1314 3500 56 40 22½
1403 3503 45 23 cm
1452 3534 10 9 .

417 3562 74 42 On
521 3573 144 32 cover
682 3573 10 31 :
724 3562 194 42 Jarrett
945 3561 174 49 magic.

346 3611 2028 59 © Dec. 15, 1936 ; 2c. and aff. Dec. 22 ; A 102010 ; G. Jarrett, ℅ Hornman’s,
421 3679 119 40 New
565 3678 147 40 York.
781 3675 254 50 (37-1112)

348 3768 199 64 Jones,
573 3768 225 54 Robert
827 3768 235 55 Gomer.

421 3845 230 69 Theory
691 3844 65 54 of
791 3844 210 67 music;
1045 3842 434 54 fundamentals
1517 3841 65 55 of
1617 3842 180 53 music
1840 3843 112 52 and
1993 3839 181 55 music
350 3843 1998 149 notation,
532 3925 351 68 elementary
921 3924 285 68 harmony
1247 3923 114 52 and
1404 3922 171 67 form,
1618 3922 94 53 the
1755 3922 376 52 instruments
2172 3920 65 53 of
2276 3920 100 52 the

351 4000 2022 72 orchestra, by Robert Gomer Jones … New York, London,
351 4082 236 70 Harper
615 4085 48 50 &
689 4082 282 69 brothers,
1002 4086 152 50 1936.
