2519 4377
1271 4160 135 50 1226

332 448 376 64 Karapetoff,
737 447 312 66 Vladimir,
1080 449 173 56 1876-

405 538 312 55 Electrical
740 538 332 70 laboratory
1095 540 403 68 experiments,
1521 542 202 67 theory
1745 542 114 53 and
1884 542 250 68 practice;
2188 543 173 69 being

338 636 69 34 an
464 617 370 69 abridgment
885 617 66 55 of
1003 618 440 69 Experimental
1497 620 284 54 electrical
1836 622 393 70 engineering,
2282 623 75 69 by

338 696 2020 75 Vladimir Karapetoff … arranged and revised by Boyd C.
335 777 1805 72 Dennison … New York, J. Wiley & sons, inc.; London,
334 782 2001 128 Chapman
493 860 47 52 &
566 857 163 68 Hall,
758 856 244 69 limited,
1032 861 152 53 1936.

406 942 1435 54 2 p. l., iii-xii, 487 p. illus., diagrs. 23½cm. $4.00
407 1015 357 51 Bibliography
789 1019 54 39 at
871 1018 92 40 end
992 1017 53 41 of
1072 1018 119 41 each
1220 1017 219 50 chapter.

335 1084 55 55 ©
419 1089 117 48 July
565 1090 70 48 31,
667 1088 120 42 1936;
842 1089 69 41 2c.
941 1090 122 47 Aug.
1095 1091 26 40 7;
1182 1090 85 39 aff.
1298 1091 121 47 Aug.
1448 1092 29 38 4;
1538 1092 46 43 A
1607 1090 151 42 96804;
1816 1091 131 41 John
1978 1090 158 50 Wiley
2168 1093 36 40 &
2233 1102 127 39 sons,

403 1147 91 40 inc.
567 1146 285 50 (36-19126)

335 1253 328 65 Karshner,
689 1254 253 54 Warner
968 1252 241 68 Melvin,
1240 1255 175 55 1874-

334 1342 2002 133 Cruising the South seas, by Warner M. Karshner … illustrated
548 1421 143 53 with
717 1421 295 69 drawings
1038 1422 115 53 and
1177 1422 401 70 photographs
1603 1422 76 69 by
1704 1423 97 53 the
1828 1423 224 52 author.
2124 1422 234 65 Seattle,

335 1500 167 54 Press
536 1500 65 54 of
633 1500 279 53 Lowman
946 1501 45 51 &
1026 1500 281 54 Hanford
1342 1519 302 51 company,
1682 1504 151 51 1935.

489 1585 758 51 111 p. incl. front, plates. 22½cm.
334 1657 53 54 ©
417 1663 119 41 Nov.
566 1662 71 49 20,
669 1662 120 42 1935;
843 1662 68 42 2c.
945 1663 96 40 and
1073 1662 82 42 aff.
1190 1663 129 48 Sept.
1353 1664 41 47 4,
1427 1662 119 42 1936;
1603 1664 43 40 A
1675 1663 147 42 98266;
1883 1665 72 41 W.
1990 1666 64 39 M.
2087 1663 272 49 Karshner,

405 1720 260 49 Puyallup,
691 1720 168 42 Wash.
928 1719 284 50 (36-19189)

331 1825 185 65 Koch,
547 1827 278 54 Edward.

405 1917 486 71 Cryptography;
936 1937 82 49 or,
1062 1917 219 70 Cipher
1322 1917 264 71 writing;
1631 1937 32 34 a
1705 1918 174 69 study
1917 1917 67 54 of
334 1923 2001 144 cryptography—an

632 1998 253 69 analysis
916 1997 64 55 of
1010 1997 239 54 difficult
1278 1998 456 69 cryptography,
1764 1998 76 69 by
1872 1998 257 53 Edward
2160 1996 196 70 Koch;

330 2096 151 34 some
546 2077 453 71 cryptographic
1063 2078 299 69 mysteries
1428 2078 324 68 explained.
1843 2078 336 68 [Belleville,
2245 2076 116 68 Ill.,

333 2158 277 52 Bueehler
647 2156 341 72 publishing
1024 2176 99 50 co.,
1160 2161 177 64 c1936]

402 2234 26 40 2
459 2244 43 38 p.
570 2266 9 16 l.,
618 2233 148 51 [3]-84
796 2243 45 39 p.
901 2232 131 44 illus.
1092 2233 118 42 20cm.

403 2292 191 39 “Books
628 2291 398 40 recommended”:
1089 2302 46 38 p.
1167 2292 68 41 82.

331 2358 53 54 ©
413 2363 116 46 May
588 2362 39 49 18,
658 2361 119 42 1936;
831 2361 68 41 2c.
931 2362 117 48 July
1075 2363 28 39 2;
1164 2362 83 41 aff.
1280 2362 117 47 July
1425 2361 59 41 22;
1542 2363 41 38 A
1612 2362 145 42 96587;
1818 2363 53 40 E.
1901 2362 154 48 Koch,
2086 2362 270 49 Belleville,

403 2420 76 41 Ill.
548 2419 284 49 (36-18902)

333 2524 81 52 La
455 2524 157 53 Tour
654 2524 78 53 du
773 2522 110 55 Pin
927 2523 360 66 Gouvernet,
1329 2523 317 54 Henriette
1689 2523 178 54 Lucie
1899 2522 257 67 (Dillon)
400 2540 1933 129 marguise
584 2603 89 65 de,
704 2601 330 55 1770-1853.

406 2691 246 55 Journal
703 2691 168 54 d’une
920 2692 210 53 femme
1177 2692 68 53 de
1295 2691 304 69 cinquante
1647 2708 101 36 ans
1807 2688 325 70 (mémoires
2182 2690 68 53 de
2298 2690 56 52 la

330 2770 285 68 marquise
641 2770 70 53 de
736 2771 85 51 La
847 2772 159 51 Tour
1031 2770 78 53 du
1136 2769 141 69 Pin)
1313 2775 154 49 texte
1494 2769 179 54 choisi
1701 2776 56 48 et
1782 2768 209 54 annoté
2020 2786 107 51 par
2152 2767 201 53 André

332 2847 2020 70 P. Pelmont … New York and London, Harper & brothers,
335 2929 149 52 1936.

400 2999 72 40 xii
507 3010 59 38 p.,
601 3000 25 39 1
700 3030 9 17 l.,
746 2998 89 41 225
869 3010 44 38 p.
974 2999 130 42 illus.
1133 2998 161 50 (map)
1340 3000 172 48 plates,
1551 3001 125 47 port.
1740 2998 56 41 19½cm.

403 3070 140 48 Maps
574 3081 59 29 on
664 3069 370 50 lining-papers.

405 3127 163 41 “First
600 3127 232 42 edition.”

405 3185 130 40 “The
568 3185 229 40 memoirs
834 3184 54 41 of
922 3185 85 41 the
1042 3185 251 48 Marquise
1328 3186 58 40 de
1424 3186 68 39 La
1531 3185 132 40 Tour
1699 3186 64 40 du
1800 3185 91 39 Pin
1930 3194 128 31 were
2093 3184 108 42 first
334 3184 1999 98 published
528 3241 50 41 in

614 3241 1739 48 1907-11 by the Count of Liederkerke-Beaufort … under the
333 3299 108 40 title
474 3298 53 40 of
561 3299 209 40 Journal
804 3298 143 41 d’une
980 3298 181 41 femme
1194 3300 59 40 de
1288 3300 264 47 cinquante
1587 3297 133 43 ans.”
1722 3300 251 40 —Introd.

333 3368 54 53 ©
419 3373 127 40 June
578 3373 71 48 23,
685 3371 143 49 1936;
863 3372 68 41 2c.
969 3373 128 39 June
1130 3372 84 47 23;
1253 3372 82 39 aff.
1376 3372 130 47 Sept.
1542 3372 54 47 4;
1634 3372 43 39 A
1709 3370 174 49 97662;
1921 3372 198 47 Harper
2154 3371 36 40 &
2225 3370 128 41 bros.

406 3430 285 49 [Copyright
716 3430 42 40 is
786 3429 209 40 claimed
1022 3439 60 30 on
1110 3428 348 46 introduction,
1486 3431 152 46 notes,
1667 3428 313 49 vocabulary,
2009 3428 97 40 and
403 3427 1932 110 abridgement]
617 3486 284 50 (36-19188)

329 3592 354 64 Lattimore,
710 3592 254 53 Eleanor
989 3592 280 54 Frances.

403 3682 122 53 The
557 3682 184 54 clever
773 3686 108 64 cat,
910 3681 75 66 by
1020 3681 251 53 Eleanor
1305 3681 249 52 Frances
1584 3679 349 67 Lattimore;
1967 3676 383 55 illustrations

332 3760 74 67 by
452 3760 97 53 the
592 3760 226 53 author.
911 3757 141 55 New
1098 3757 180 70 York,
1323 3758 313 68 Harcourt,
1680 3756 182 54 Brace
1908 3756 113 53 and
2069 3773 281 51 company

338 3840 175 66 [c1936]

403 3907 1300 51 6 p. l., 3-113 p. incl. front., illus., plates. 20cm.
405 3967 291 39 Illustrated
732 3966 368 48 lining-papers.

331 4035 54 53 ©
418 4039 128 48 Sept.
578 4040 41 47 3,
651 4039 121 41 1936;
828 4039 68 41 2c.
933 4039 129 48 Sept.
1095 4039 56 40 14;
1211 4039 82 41 aff.
1330 4040 129 46 Sept.
1493 4037 55 41 12;
1612 4038 41 39 A
1685 4036 143 42 97797;
1894 4037 263 45 Harcourt,
2193 4036 159 39 Brace

405 4097 35 40 &
467 4106 82 39 co.,
577 4096 94 42 inc.
738 4095 284 51 (36-19168)
