2519 4377
997 4076 99 50 645

47 457 443 63 Sainte-Beuve,
518 456 242 54 Charles
787 456 319 63 Augustin,
1138 460 321 49 1804-1869.

178 533 1860 67 … Correspondance générale; recueillie, classée et annotée
48 632 104 47 par
182 614 144 53 Jean
361 613 304 50 Bonnerot.
741 616 37 47 t.
813 614 47 49 2.
894 610 363 67 (1836-1838)
1343 610 183 66 Paris,
1562 609 189 66 Stock,
1788 614 147 48 1936.

118 683 736 49 2 p. l., [7]-552 p., 2 l. 23 cm .
118 741 63 39 At
211 741 120 38 head
363 740 51 38 of
443 739 107 40 title
569 750 8 28 :
612 739 364 40 Sainte-Beuve.

119 796 126 40 Title
277 795 213 46 vignette
532 794 258 49 (portrait)

49 848 52 52 ©
130 853 109 39 Feb.
268 851 69 47 22,
368 852 138 39 1936:
540 853 65 38 1c.
637 852 114 46 May
781 851 81 44 14;
894 850 307 48 A-Foreign
1232 850 169 41 31810;
1436 850 123 39 Jean
1593 850 258 42 Bonnerot,
1885 849 154 41 Paris.

47 942 288 63 Sandage,
363 941 241 55 Charles
629 940 240 54 Harold.

46 1012 1970 152 Advertising, theory and practice, by C. H. Sandage … Chicago, Business publications, inc., 1936.
119 1168 82 40 xiv
227 1180 57 37 p.,
313 1170 23 38 1
364 1170 43 40 l..
436 1168 86 40 618
548 1180 42 37 p.
647 1168 142 45 illus.,
819 1168 177 47 diagrs.
1053 1167 55 40 23½c
1158 1170 26 20 m
1189 1197 8 9 .

121 1225 243 40 “Selected
395 1224 298 40 references”
725 1226 50 38 at
801 1225 88 39 end
919 1224 50 39 of
995 1224 118 39 each
1136 1223 212 47 chapter.

51 1277 52 53 ©
134 1282 112 47 May
279 1283 67 46 11,
380 1281 137 40 1936:
553 1281 65 40 2c.
652 1282 95 38 and
780 1281 82 40 aff.
893 1282 112 46 May
1038 1281 81 45 18;
1154 1281 41 38 A
1228 1279 170 47 95216;
1436 1279 232 41 Business
1702 1278 339 50 publications,

117 1336 92 42 inc.
277 1338 278 47 (36-10614)

48 1429 236 62 Seager,
314 1427 244 55 Charles
582 1429 87 54 W.

113 1502 386 69 Upholstered
536 1501 306 69 furniture,
875 1501 75 70 by
986 1501 236 54 Charles
1256 1502 91 53 W.
1387 1501 225 70 Seager.
1685 1502 136 53 New
1861 1501 181 69 York,

49 1577 1827 73 Milwaukee [etc.] The Bruce publishing company [ c 1936]
117 1654 66 39 vii
208 1666 57 37 p.,
293 1656 24 38 1
379 1687 8 15 l.,
413 1655 82 40 181
523 1665 42 36 p.
593 1654 110 40 incl.
726 1654 163 47 front.,
917 1654 142 47 illus.,
1088 1653 179 48 diagrs.
1327 1653 54 40 23½
1415 1656 43 20 cm
1465 1685 7 7 .

51 1710 52 53 ©
130 1715 112 46 Apr.
270 1714 68 46 22,
366 1714 116 40 1936
498 1725 8 34 ;
536 1714 65 39 2c.
632 1715 116 46 May
774 1714 27 38 4
819 1724 8 35 ;
858 1713 81 40 aff.
969 1714 114 46 May
1106 1713 29 38 2
1150 1724 8 34 ;
1189 1713 41 38 A
1257 1712 142 40 94274
1418 1723 9 36 ;
1459 1714 157 39 Bruce
1644 1714 107 47 pub.
1781 1725 67 28 co.

129 1770 277 48 (36-10670)

49 1844 302 64 Shedlock,
381 1845 186 53 Marie
595 1846 84 62 L.,
712 1850 323 49 1854-1935.

119 1921 122 52 The
269 1927 90 47 art
388 1921 64 53 of
478 1922 95 53 the
603 1922 363 67 story-teller,
994 1920 75 69 by
1096 1920 184 54 Marie
1312 1923 64 52 L.
1409 1922 283 55 Shedlock
1708 1942 11 46 ;
1756 1922 285 54 foreword

51 1998 73 69 by
164 2000 167 52 Anne
374 1998 225 55 Carroll
639 2000 212 52 Moore.
926 2000 136 52 Rev.
1108 1999 83 53 ed.
1267 2000 137 51 New
1449 2000 180 66 York,
1669 2001 256 65 London,
1969 2003 71 51 D.

50 2076 575 69 Appleton-Century
662 2095 296 50 company,
992 2076 417 69 incorporated,
1446 2082 149 49 1936.

121 2149 861 50 1 p. l., v-xvii, 286, [1] p. 19½ cm .
390 2205 1655 53 CONTENTS.—pt. l. The art of story-telling.—pt. 2. The stories.—pt. 3.
54 2264 40 40 A
118 2274 108 31 new
250 2264 85 40 list
361 2264 51 39 of
437 2263 188 49 stories,
653 2263 235 49 compiled
917 2265 59 47 by
1003 2265 140 47 Mary
1171 2264 155 41 Gould
1352 2265 152 40 Davis
1543 2265 66 49 (p.
1640 2265 259 49 [261]-284)

52 2319 53 52 ©
134 2324 113 46 May
276 2323 39 42 8,
345 2322 139 40 1936:
514 2322 67 41 2c.
612 2323 117 47 May
755 2322 29 39 9
799 2333 8 28 :
841 2321 80 40 aff.
953 2323 114 47 May
1097 2322 54 39 11
1170 2333 8 35 ;
1210 2323 40 38 A
1277 2321 144 41 95088
1439 2333 9 36 ;
1480 2323 58 40 D.
1568 2323 478 49 Appleton-Century

126 2390 81 36 co.,
237 2380 90 40 inc.
394 2378 279 48 (36-10661)

51 2454 270 64 Sherriff,
350 2454 221 52 Robert
600 2453 223 63 Cedric,
854 2458 170 49 1896-

121 2529 363 69 Greengates,
512 2548 30 33 a
565 2529 165 53 novel
754 2529 74 67 by
853 2531 67 51 R.
947 2530 62 54 C.
1037 2529 258 56 Sherriff.
1372 2531 138 52 New
1532 2532 179 65 York,
1735 2534 305 52 Frederick

53 2609 68 51 A.
155 2607 200 56 Stokes
386 2626 295 49 company,
718 2612 148 49 1936.

122 2679 563 51 3 p. l. , 328 p. 21½cm.
124 2738 287 39 Illustrated
443 2739 97 46 t.-p.

55 2791 52 53 ©
141 2797 111 46 May
286 2794 68 48 21,
386 2793 139 41 1936:
560 2794 65 39 2c.
662 2795 94 38 and
790 2793 81 41 aff.
906 2794 113 47 May
1051 2793 54 40 23
1124 2803 9 36 ;
1168 2793 41 39 A
1241 2792 142 41 94561
1402 2805 9 34 ;
1448 2795 55 39 B.
1536 2795 48 40 C.
1622 2796 218 49 Sherriff,
1878 2799 167 46 Esher,

130 2852 190 47 Surrey,
371 2851 234 47 England.
691 2849 279 49 (36-10522)

53 2927 294 53 Standard
382 2925 420 67 Pennsylvania
836 2925 273 66 practice;
1148 2944 30 32 a
1212 2926 274 66 complete
1520 2932 298 49 statement
1853 2931 62 51 of
1949 2932 97 52 the

124 3004 246 67 practice
402 3004 60 51 in
497 3003 131 52 civil
666 3019 147 35 cases
850 3002 59 51 in
943 3003 96 52 the
1076 3003 205 54 Courts
1318 3003 61 53 of
1415 3021 256 36 common
1707 3007 173 67 pleas,
123 3010 1897 138 Municipal
377 3086 158 47 court
577 3080 61 53 of
681 3079 425 67 Philadelphia,
1148 3080 226 67 County
1416 3089 163 46 court
1618 3083 63 52 of
1720 3085 325 69 Allegheny

125 3165 223 59 county,
395 3159 110 52 and
551 3158 58 51 in
655 3158 94 51 the
799 3156 272 68 Superior
1117 3157 111 52 and
1277 3157 274 68 Supreme
1597 3168 202 47 courts.
1881 3165 163 53 With

124 3236 194 53 forms.
395 3236 88 65 By
519 3235 94 52 the
648 3234 320 67 publishers
1001 3234 263 53 editorial
1299 3237 160 66 staff;
1496 3238 152 54 Hon.
1684 3241 214 53 Robert
1934 3261 110 35 von

124 3312 397 54 Moschzisker,
582 3312 321 66 consulting
960 3311 198 53 editor,
1254 3332 50 33 v.
1367 3317 30 49 6
1460 3315 580 73 [Trial-Judgmentsj

125 3392 320 62 Rochester,
472 3391 67 51 N.
571 3391 90 63 Y.,
689 3390 122 51 The
836 3390 266 65 Lawyers
1130 3391 380 65 co-operative
1537 3393 333 71 publishing
123 3418 1897 117 company,
323 3471 149 49 1936.

125 3541 80 49 vii,
237 3540 115 41 1060
379 3552 42 36 p.
481 3540 148 40 front,
660 3537 170 50 (port.)
896 3537 55 42 23½
984 3541 15 21 cm
1032 3570 9 9 .

58 3595 52 52 ©
136 3599 112 46 May
274 3598 68 45 14,
369 3596 138 45 1936;
535 3596 66 39 2c.
630 3597 126 39 June
780 3595 52 46 4;
863 3594 81 41 aff.
972 3595 127 40 June
1123 3595 53 47 2;
1204 3596 41 39 A
1268 3596 170 49 95537;
1468 3598 227 49 Lawyers
1723 3605 324 47 co-operative

128 3655 107 47 pub.
264 3664 66 29 co.

58 3730 272 61 Stewart,
358 3726 196 52 Frank
580 3727 92 62 H.,
700 3725 170 52 1873-
1080 3725 83 54 ed.

127 3807 172 51 Notes
345 3822 70 34 on
463 3804 93 51 old
603 3802 328 54 Gloucester
978 3808 225 62 county,
1247 3805 139 52 New
1430 3808 214 67 Jersey.
1728 3813 318 67 Reprinted

60 3883 151 51 from
241 3881 152 51 “The
428 3879 440 66 Constitution”,
900 3879 141 67 July
1076 3880 81 66 17,
1191 3884 131 49 1935
1357 3888 57 47 to
1449 3885 294 69 February
1776 3894 80 62 19,
1894 3897 148 50 1936.

60 3955 1981 63 volume 3, section l. Compiled and edited by Frank H Stew-
