2519 4377
1055 4111 131 48 1455

115 464 196 63 Wood,
342 463 224 64 George
597 463 268 62 Clayton,
899 463 169 53 1878-

188 538 123 57 Our
345 538 410 65 environment,
789 538 125 51 how
951 555 79 33 we
1064 554 95 35 use
1191 536 110 52 and
1339 533 217 54 control
1593 531 63 68 it,
1688 532 74 69 by
1795 531 223 70 George
2053 531 62 56 C.

117 612 1998 70 Wood … and Harry A. Carpenter … Rev. ed. Boston, New
120 693 1108 68 York [etc.] Allyn and Bacon [c 1936]
188 762 1931 52 xii, 810. 24 p. illus., VII col. pl. (incl. front.) diagrs. 19½cm. (On
119 835 162 30 cover:
309 825 200 39 Modern
539 823 185 41 science
753 823 175 48 series)

191 881 325 48 “Interesting
540 881 149 41 books
715 882 48 38 to
792 879 145 41 read”
964 883 50 37 at
1042 881 90 39 end
1161 879 51 41 of
1239 880 117 40 each
1386 878 140 46 topic.

117 948 54 54 ©
196 952 128 49 Sept.
350 952 68 48 11,
446 952 139 47 1936;
613 953 66 38 2c.
711 954 127 46 Sept.
864 951 82 48 26;
976 951 80 39 aff.
1087 952 127 47 Sept.
1240 952 53 39 24;
1350 951 40 39 A
1417 950 170 48 97990;
1617 950 144 48 Allyn
1789 950 36 41 &
1854 951 178 39 Bacon.

196 1009 279 49 (36-21786)

117 1115 196 63 Wood,
339 1117 137 52 Mrs.
505 1115 169 53 Irene
700 1115 163 54 Tutt.

188 1185 1928 74 Knitting and fitting, by Irene Tutt Wood … Chicago, The
117 1265 249 56 Maestro
393 1286 78 34 co.
504 1269 172 65 [1936]

189 1339 85 41 107
307 1350 41 38 p.
411 1339 126 41 illus.
599 1339 116 40 21cm.

118 1393 53 53 ©
196 1398 119 45 Aug.
341 1399 69 41 14,
435 1397 139 41 1936:
603 1398 66 37 2c.
697 1397 92 39 and
815 1396 82 40 aff.
925 1397 118 46 Aug.
1074 1397 78 41 17:
1183 1398 37 38 A
1247 1397 141 39 97381;
1449 1398 36 38 I.
1512 1397 53 40 T.
1591 1395 166 48 Wood,
1784 1395 226 49 Chicago.

198 1454 280 48 (36-20516)

116 1559 197 64 Wood,
341 1558 274 64 Thomas,
647 1564 169 50 1892—

188 1635 1925 67 True Thomas, by Thomas Wood … London, J. Cape [1936]
190 1708 87 42 319
304 1719 42 38 p.
407 1708 162 49 front.,
600 1710 129 41 illus.
759 1708 201 49 (music)
998 1709 170 48 plates,
1198 1710 149 46 ports.
1407 1708 58 42 20½cm.

119 1776 53 53 ©
228 1790 38 31 1c.
297 1781 128 47 Sept.
455 1781 40 46 1,
524 1780 141 47 1936;
698 1782 39 38 A
767 1780 61 39 ad
858 1780 87 41 int.
974 1779 171 46 21802;
1176 1780 142 47 pubd.
1349 1780 116 46 July
1494 1780 53 46 3;
1580 1780 52 40 T.
1663 1778 164 49 Wood,
1862 1780 157 39 Bures
2052 1779 67 41 St.

190 1838 153 46 Mary,
372 1838 165 48 Essex,
567 1837 238 48 England.
875 1836 280 48 (36-21616)

120 1943 306 62 Woodcox,
457 1941 315 65 Benjamin
806 1941 300 55 Franklin.

189 2018 481 67 Afterthoughts;
720 2019 275 66 thoughts
1040 2037 69 35 on
1157 2018 208 65 beauty
1411 2018 111 52 and
1568 2036 71 34 on
1686 2016 227 54 various
1958 2017 163 52 other

119 2094 1981 69 subjects, by Benjamin F. Woodcox … Battle Creek, Mich.,
119 2174 640 66 Woodcox & F anner [c1936]
191 2242 57 42 80
277 2253 42 39 p.
380 2242 116 41 19cm.

123 2299 53 53 ©
211 2303 102 42 Oct.
351 2304 38 45 5,
427 2302 139 41 1936:
607 2304 67 39 2c.
710 2303 97 40 and
843 2303 81 41 aff.
962 2303 103 41 Oct.
1100 2304 54 46 7;
1192 2304 40 38 A
1267 2302 170 48 99212;
1479 2305 53 39 B.
1571 2303 52 40 F.
1660 2302 257 49 Woodcox,
1955 2303 167 40 Battle

192 2360 165 42 Creek.
390 2358 140 41 Mich.
602 2359 281 47 (36-22211)

122 2463 367 63 Worthman,
515 2464 183 52 Israel
725 2462 236 66 Sidney,
992 2470 171 49 1903-

196 2539 310 56 Collection
539 2539 63 53 of
628 2558 203 50 money
858 2540 328 69 judgments
1217 2540 247 69 through
1498 2541 95 52 the
1619 2540 250 53 medium

1901 2540 62 53 of
126 2559 1973 126 supplementary
524 2618 370 67 proceedings
939 2620 112 52 and
1096 2617 298 70 garnishee
1439 2618 321 55 executions
1804 2618 182 54 under
2032 2620 91 52 the

127 2695 1935 70 laws of the state of New York, by I. Sidney Worthman …
125 2773 137 53 New
293 2773 179 56 York,
502 2771 450 71 Prentice-Hall,
982 2775 126 64 inc.,
1141 2778 150 50 1936.

195 2847 100 48 xix,
327 2847 85 41 481
446 2859 42 37 p.
546 2847 54 41 23½cm.

198 2905 176 40 “Table
401 2905 51 41 of
478 2904 164 43 cases”:
700 2917 42 37 p.
769 2906 218 41 431-454.

289 2969 134 49 ——1936
447 2965 364 55 Cumulative
832 2969 360 67 supplement
1215 2975 58 48 to
1301 2969 311 55 Collection

1641 2971 64 53 of
1728 2990 202 51 money
127 2971 1973 140 judgments,
370 3044 72 67 by
487 3044 47 52 I.
582 3043 216 70 Sidney
843 3046 359 53 Worthman.
1284 3048 310 69 Including

1639 3051 388 53 amendments
2095 3069 31 35 to

129 3120 150 56 Civil
309 3122 245 66 practice
582 3129 88 46 act
699 3126 229 51 enacted
956 3127 57 51 in
1045 3128 133 49 1936
1204 3126 271 69 affecting
1501 3128 467 69 supplementary

126 3148 1974 117 proceedings
419 3201 109 51 and
559 3200 298 67 garnishee
888 3204 337 53 executions.
1293 3206 138 51 New
1464 3206 179 67 York,
1672 3207 453 69 Prentice-Hall,

130 3275 123 67 inc.,
284 3280 149 50 1936.

198 3350 58 39 22
284 3361 42 38 p.
387 3352 28 38 21½cm.

127 3401 53 54 ©
209 3408 116 44 Aug.
359 3409 65 45 12,
455 3410 138 45 1936;
625 3410 67 40 2c.
723 3410 117 40 each
871 3411 117 46 Aug.
1020 3412 81 47 24;
1135 3412 106 41 affs.
1275 3414 127 47 Sept.
1431 3414 54 47 2;
1518 3416 40 39 A
1587 3415 159 49 98218,
1775 3416 170 43 98213:
197 3419 1911 87 Prentice-Hall.
476 3466 87 39 inc.
635 3466 280 47 (36-21676)

130 3568 190 64 Wren,
349 3570 262 52 Percival
641 3570 407 67 Christopher,
1077 3580 171 50 1885-

200 3644 119 53 The
368 3645 116 52 fort
535 3647 52 50 in
635 3647 95 53 the
774 3648 224 69 jungle;
1049 3651 94 52 the
1190 3652 399 53 extraordinary
1675 3654 340 54 adventures
2061 3655 64 53 of

132 3719 214 55 Sinbad
400 3722 215 53 Dvsart
667 3724 57 52 in
773 3725 245 68 Tonkin,
1067 3727 73 66 by
1191 3727 259 54 Percival
1504 3730 377 68 Christopher
1930 3732 191 53 Wren.

129 3795 212 55 Boston
379 3800 108 51 and
525 3800 137 53 New
700 3801 177 62 York,
912 3802 319 68 Houghton
1262 3805 204 54 Mifflin
1501 3825 297 45 company,
1836 3812 149 50 1936.

197 3868 771 53 4 p. l., [3]-333, [1] p. 19½cm.
131 3921 53 53 ©
220 3927 127 48 Sept.
382 3929 68 42 22.
488 3929 139 43 1936:
668 3931 65 40 2c.
770 3932 92 39 and
901 3933 81 41 aff.
1023 3934 126 48 Sept.
1184 3935 82 41 28:
1304 3936 40 39 A
1378 3935 171 42 99049:
1589 3938 50 39 P.
1678 3938 49 41 C.
1764 3939 160 48 Wren,
1963 3939 161 48 Quies,

196 3993 118 30 near
344 3985 248 39 Burnham
627 3988 224 45 Beeches,
885 3989 244 40 Farnham
1164 3991 241 49 Common,
1439 3993 196 48 Brecks,
1664 3995 220 46 England

210 4039 278 49 (36-20443)
