2597 4361
1180 4123 29 48 9

252 546 27 37 4
305 555 42 28 v.
408 543 175 41 fronts,
620 543 66 48 (v.
712 543 40 47 2,
777 543 137 48 map)
949 542 141 49 illus.,
1184 573 10 16 pl.,
1216 544 148 46 ports.
1425 542 57 40 27
1484 544 43 21 cm
1534 575 8 7 .

252 600 129 41 Vols.
407 600 84 39 1-2
520 600 95 39 and
641 610 42 29 v.
709 599 85 40 3-4
819 600 154 47 paged
1001 598 355 48 continuously.

253 657 129 40 Vols.
429 655 87 40 1-2
561 655 194 41 include
798 654 407 50 bibliographies;
1254 666 43 30 v.
1342 656 86 40 3-4
1474 652 196 43 contain
1715 655 330 49 biographical
184 667 1981 87 material.

186 779 53 53 ©
274 784 101 40 Oct.
412 783 68 48 10,
516 782 140 48 1935;
693 783 67 39 2c.
797 784 121 38 each
950 783 110 39 Jan.
1096 782 68 49 10,
1201 782 141 46 1936;
1381 782 81 40 aff.
1500 783 110 40 Jan.
1647 783 53 46 9;
1738 784 43 38 A
1813 782 172 48 90264;
2024 784 158 40 Amer,

257 840 252 40 historical
539 851 107 36 soc.,
677 840 89 39 inc.
832 839 222 48 (36-644)

184 944 208 63 Gallik,
422 944 163 55 Paul.

254 1021 279 67 Cigànka,
559 1022 75 66 by
661 1021 143 51 Paul
835 1021 213 54 Gallik.
1114 1024 233 57 Boston,
1375 1022 119 51 The
1525 1021 377 68 Christopher
182 1022 1977 145 publishing
308 1101 171 51 house
512 1133 11 33 [
529 1105 17 21 c
552 1102 152 64 1936]

258 1173 84 40 102
371 1184 40 37 p.
471 1171 58 40 19½
558 1174 44 21 cm
608 1205 7 7 .

189 1239 52 53 ©
265 1244 110 40 Jan.
400 1242 39 43 2,
466 1243 114 40 1936;
635 1242 66 41 2c.
729 1243 108 39 Jan.
864 1242 25 38 2;
946 1241 81 41 aff.
1054 1242 109 40 Jan.
1191 1242 24 39 6;
1272 1243 40 38 A
1339 1241 170 47 91012;
1539 1242 318 48 Christopher
1885 1243 109 47 pub.
2022 1244 164 40 house.

269 1300 221 48 (36-418)

185 1403 275 64 Garland,
493 1403 247 55 Charles
765 1403 244 55 Walter.

255 1480 203 51 Forms
496 1478 64 53 of
593 1478 274 69 pleading
900 1479 60 52 in
999 1478 217 54 actions
1250 1478 94 54 for
1379 1479 151 69 legal
1567 1496 63 35 or
1667 1478 283 69 equitable
1988 1479 195 66 relief;

188 1558 281 68 prepared
513 1555 141 54 with
700 1557 210 68 special
958 1556 286 54 reference
1289 1562 59 48 to
1394 1557 251 68 practice
1688 1557 61 52 in
1792 1557 96 53 the
1934 1563 147 48 state
2124 1558 64 53 of

187 1635 325 55 California
559 1636 112 52 and
717 1636 249 67 adapted
1010 1641 59 47 to
1114 1635 95 54 the
1254 1637 248 66 practice
1548 1640 117 48 acts
1710 1635 64 52 of
1818 1636 95 53 the
1959 1636 228 53 various

185 1719 187 48 states.
450 1714 90 67 By
580 1713 235 56 Charles
848 1714 223 53 Walter
1110 1712 277 57 Garland.
1460 1714 112 53 Los
1607 1713 268 69 Angeles,
1915 1714 272 53 National

185 1795 109 49 Jaw
319 1791 148 54 book
492 1809 298 51 company,
815 1795 150 50 1935.

256 1864 649 50 4 p. l., 11-1519 p. 24 cm .
260 1922 72 41 On
359 1932 141 31 cover;
557 1921 272 42 California
854 1921 113 41 civil
996 1921 213 49 practice
1233 1920 171 42 forms.

192 1988 52 53 ©
272 1993 126 47 Sept.
425 1992 69 47 24,
520 1991 117 41 1935;
688 1992 64 40 2c.
780 1993 111 38 Dec.
919 1991 55 39 24;
1029 1991 82 40 aff.
1138 1992 109 39 Jan.
1275 1991 39 48 6,
1343 1991 140 47 1936;
1512 1992 42 38 A
1579 1991 170 48 91089;
1781 1992 49 41 C.
1858 1993 71 40 W.
1959 1993 229 48 Garland,

262 2050 94 39 Los
377 2050 219 47 Angeles.
661 2049 221 48 (36-845)

189 2150 276 67 Garland,
497 2152 216 55 Claude
741 2151 270 65 Mallary,
1044 2158 172 50 1880-

255 2227 374 69 Depressions
663 2228 112 52 and
806 2227 151 54 their
991 2227 277 68 solution;
1305 2226 302 70 economic,
1639 2229 182 52 moral
1855 2229 113 53 and

185 2227 1978 146 philosophical
471 2311 236 63 aspects,
738 2306 141 53 with
906 2324 32 35 a
970 2306 237 68 chapter
1235 2324 72 35 on
1338 2306 302 53 Roosevelt
1673 2307 114 53 and
1816 2306 90 54 his
1938 2306 250 69 policies,

189 2382 1862 71 by C. M. Garland … Chicago, The Guilford press [ c 1935]
257 2454 762 50 6 p. l., 187 p. diagrs. 24 cm .
195 2525 52 53 ©
282 2531 117 38 Nov.
436 2530 69 48 30,
542 2529 140 47 1935;
721 2529 66 41 2c.
825 2531 98 38 and
957 2529 83 40 aff.
1076 2530 108 39 Jan.
1223 2530 38 47 6,
1300 2528 117 41 1936;
1481 2530 39 38 A
1555 2528 150 41 91010;
1769 2530 49 40 C.
1858 2531 62 39 M.
1960 2530 229 48 Garland,

265 2587 223 47 Chicago.
552 2586 249 49 (36-1089)

192 2688 232 67 Garvie,
457 2689 210 55 Alfred
702 2690 237 64 Ernest,
974 2693 172 51 1861-

260 2765 121 52 The
424 2764 256 70 fatherly
723 2765 121 54 rule
887 2765 65 53 of
994 2764 158 68 God;
1197 2783 32 35 a
1273 2766 171 68 study
1488 2764 66 54 of
1595 2764 229 70 society,
1868 2769 162 64 state,
2075 2764 111 53 and

190 2842 1975 70 church [by] Alfred E. Garvie … New York, Cincinnati [etc.]
191 2921 119 53 The
336 2922 313 68 Abingdon
675 2940 156 50 press
864 2955 14 34 [
882 2928 18 22 c
905 2924 152 66 1935]

262 2996 86 39 258
371 3006 43 38 p.
475 2997 56 39 18½
563 2998 45 21 cm
612 3028 9 9 .

197 3051 53 52 ©
291 3056 110 39 Dec.
442 3056 67 46 11,
552 3055 112 40 1935;
732 3055 68 40 2c.
841 3056 94 38 and
978 3054 81 41 aff.
1100 3055 109 40 Jan.
1248 3053 41 43 2,
1330 3053 140 44 1936;
1515 3055 41 38 A
1594 3053 171 47 91006;
1809 3056 53 38 A.
1906 3056 51 39 E.
2001 3054 190 48 Garvie,

271 3113 211 39 London.
544 3111 220 48 (36-731)

196 3215 200 64 Gates,
427 3216 207 63 Henry
660 3215 281 65 Leyford,
975 3218 171 51 1880-

263 3290 207 54 Riders
500 3296 59 47 to
591 3290 96 53 the
716 3291 147 67 dust,
895 3291 74 68 by
999 3291 77 52 H.
1109 3291 65 52 L.
1208 3289 190 56 Gates.
1468 3290 140 53 New
1641 3289 181 69 York,
1855 3290 69 53 R.
1958 3290 79 53 M.
199 3289 1968 132 McBride
395 3369 45 50 &
466 3386 280 52 company
776 3401 13 34 [
794 3374 18 22 c
817 3371 152 65 1935]

264 3441 614 49 4 p. l., 3-248 p. 19½ cm .
268 3498 162 41 “First
456 3498 227 41 edition.”

201 3553 52 53 ©
287 3558 118 39 Nov.
440 3557 68 46 27,
545 3556 117 41 1935;
752 3568 36 29 1c.
825 3558 110 39 Dec.
973 3557 82 45 26;
1124 3568 36 28 1c.
1197 3557 108 39 Jan.
1342 3558 40 46 7,
1420 3556 139 47 1936;
1599 3556 82 41 aff.
1717 3558 113 39 Dec.
1866 3556 70 43 24,
1974 3555 141 48 1935;
2153 3557 42 39 A

270 3613 145 41 90184;
469 3615 58 38 H.
553 3615 49 38 L.
631 3614 160 48 Gates,
817 3615 117 38 New
959 3614 145 39 York.
1170 3613 221 47 (36-415)

200 3717 199 65 Gates,
424 3718 302 53 Theodore
750 3717 132 65 Jay,
909 3718 84 53 ed.

266 3792 121 53 The
423 3793 234 51 modern
691 3792 238 53 writer’s
965 3797 107 62 art,
1107 3792 189 52 edited
1330 3791 76 69 by
1440 3791 296 53 Theodore
1773 3790 57 55 J.
1869 3789 174 56 Gates
2079 3787 113 53 and

199 3866 1935 71 Robert E. Galbraith … New York, T. Nelson and sons, 1936.
303 3935 1889 58 x p., 2 1., 13-222 p. 21 cm . (Half-title; Nelson’s English series; general
198 3999 170 50 editor,
396 4001 54 40 E.
476 4000 300 48 Bernbaum)

273 4057 195 47 Essays.
