2519 4377
1312 4130 101 50 664

358 443 351 55 Wisconsin.
783 445 280 66 Supreme
1090 451 175 48 court.

427 520 1942 75 Wisconsin reports. [v.] 19. Cases determined … June 24,
363 601 438 65 1935-January
883 644 9 10 7.
939 604 149 50 1936.
1166 602 310 52 Frederick
1521 603 62 54 C.
1631 603 250 67 Seibold,
1924 610 274 61 reporter,
358 607 1987 138 Joseph
520 679 76 51 H.
649 677 188 57 Blied,
890 679 265 53 assistant
1207 685 272 62 reporter.
1558 681 271 68 Chicago,
1882 682 323 68 Callaghan
2256 685 112 52 and

358 775 300 48 company,
685 760 150 51 1936.

482 862 8 15 lv,
520 829 87 41 728
631 841 44 37 p.
736 830 56 40 23
796 833 14 20 cm
845 862 8 8 .

359 882 53 53 ©
442 888 114 47 May
583 886 70 48 29,
685 885 141 48 1936;
857 886 68 41 2c.
955 887 129 40 June
1112 888 53 46 4;
1199 887 81 40 aff.
1312 888 125 40 June
1466 889 54 45 3;
1552 888 43 40 A
1621 888 173 48 94735;
1830 890 137 41 State
1999 891 51 39 of
2081 891 288 49 Wisconsin,

430 943 239 48 Madison,
698 943 117 43 Wis.

358 1026 278 65 Woodall,
667 1028 189 63 Percy
884 1028 231 66 Hogan,
1148 1029 172 54 1874-

428 1103 1881 71 The injection treatment of hernia, by Percy H. Woodall …
361 1183 423 69 Birmingham,
835 1183 150 68 Ala.,
1036 1183 244 54 Printed
1334 1184 74 69 by
1460 1184 259 53 Premier
1772 1185 265 70 printing
2090 1205 280 52 company

379 1266 177 63 [ c 1936]
426 1336 919 51 3 p. l., 9-90, [2] p. plates. 23½ cm .
358 1391 53 53 ©
442 1396 116 47 May
585 1395 40 47 4,
658 1394 142 47 1936;
832 1394 67 41 2c.
932 1396 114 47 May
1121 1405 9 37 8;
1164 1394 82 41 aff.
1278 1396 114 47 May
1425 1395 83 47 16;
1542 1396 41 39 A
1613 1395 172 48 95254;
1821 1397 50 40 P.
1904 1397 60 40 H.
1997 1398 236 49 Woodall,
432 1399 1922 102 Birmingham,
726 1452 107 40 Ala.
905 1451 281 49 (36-10794)

357 1535 326 64 Woodruff,
709 1536 269 54 Lorande
1004 1536 167 64 Loss,
1201 1537 171 55 1879-

428 1612 1940 70 Foundations of biology, by Lorande Loss Woodruff … 5th
356 1691 84 53 ed.
503 1692 139 53 New
670 1691 181 68 York,
878 1692 121 52 The
1025 1691 338 54 Macmillan
1390 1709 300 53 company,
1720 1696 152 50 1936.

428 1764 83 41 xiv
537 1777 57 37 p.,
621 1766 25 39 1
674 1766 43 48 1.,
742 1765 85 41 583
851 1775 43 38 p.
955 1765 165 50 front.,
1147 1766 144 46 illus.,
1318 1765 179 48 diagrs.
1557 1765 57 40 22½
1647 1768 45 22 cm
1696 1800 9 9 .

433 1822 264 49 “Original,
752 1824 147 41 third,
954 1825 96 39 and
1103 1823 172 41 fourth
1328 1822 211 43 editions
1592 1823 314 49 copyrighted
1962 1825 97 40 and
2113 1825 254 48 published

358 1879 129 51 1922,
511 1882 129 46 1927,
669 1882 96 40 and
789 1880 129 48 1930,
946 1882 96 40 and
1069 1882 174 39 second
1268 1880 185 42 edition
1475 1880 256 48 published
1758 1880 160 43 1923.”

430 1938 379 49 Bibliography:
840 1949 45 38 p.
915 1938 218 45 528-539.

358 1995 53 53 ©
438 1999 113 48 Apr.
578 1999 70 48 25,
677 1999 117 40 1936;
848 1999 69 40 2c.
945 1999 97 39 and
1071 1998 82 41 aff.
1184 1998 114 48 Apr.
1325 1998 84 47 27;
1438 1999 42 39 A
1508 1998 171 47 93820;
1712 2000 283 40 Macmillan
2025 2011 65 30 co.

441 2056 284 49 (36-10682)

358 2132 256 65 Wooley,
642 2132 202 53 Elmer
871 2132 161 55 Otto.

359 2207 2006 151 … Graded German readings; with notes, exercises, and vocabulary, by Elmer O. Wooley … Boston, New York [etc.]
358 2368 70 54 D.
461 2369 63 54 C.
556 2369 196 53 Heath
781 2368 112 53 and
925 2385 282 51 company
1241 2400 12 34 [
1258 2374 19 21 c
1282 2370 152 64 1936]

430 2441 62 49 vi,
524 2442 86 40 270
641 2454 44 37 p.
744 2442 151 40 front.
957 2441 56 41 19
1016 2444 43 21 cm
1064 2475 8 8 .
1142 2442 231 49 (Heath’s
1402 2443 201 40 modern
1633 2444 240 48 language
1904 2442 176 49 series)

359 2497 52 53 ©
437 2502 114 47 Apr.
577 2500 69 49 27,
674 2500 118 41 1936;
844 2501 68 39 2c.
940 2501 96 39 and
1061 2499 83 41 aff.
1172 2502 114 46 May
1315 2500 58 40 16;
1427 2501 40 38 A
1494 2500 171 47 95222;
1697 2502 52 39 E.
1778 2501 52 40 O.
1857 2502 212 48 Wooley,
429 2500 1926 105 Bloomington,
555 2559 106 39 Ind.
726 2557 281 50 [Copyright
1035 2557 41 41 is
1104 2557 206 40 claimed
1340 2568 60 29 on
1425 2560 151 46 notes,
1606 2557 242 41 exercises
1877 2559 96 39 and
2002 2559 310 47 vocabulary]

443 2614 283 49 (36-10594)

357 2691 259 65 Wright,
643 2692 250 54 Charles
917 2691 73 56 H.

429 2770 255 68 Rhymes
717 2776 60 48 at
812 2768 259 69 random,
1105 2767 76 69 by
1220 2767 237 56 Charles
1493 2768 77 53 H.
1607 2767 253 69 Wright.
1940 2768 270 68 [Buffalo,
2249 2769 120 54 The

361 2849 237 54 Bensler
628 2866 159 51 press
817 2864 299 52 company,
1145 2853 21 22 c
1170 2849 153 66 1936]

428 2922 722 50 4 p. l., [6]-41 p., 1 l. 21 cm .
433 2980 93 41 “Of
551 2979 99 42 this
675 2977 182 43 edition
886 2988 90 32 one
1000 2979 221 40 hundred
1247 2976 160 51 copies
1433 2977 126 42 have
1582 2978 119 41 been
1729 2975 237 52 printed.”

360 3034 53 53 ©
436 3038 114 47 Apr.
574 3037 40 45 2,
640 3036 141 47 1936;
808 3036 67 41 2c.
901 3037 95 39 and
1023 3036 82 40 aff.
1132 3037 114 47 May
1271 3036 24 39 8;
1351 3036 41 38 A
1413 3034 172 47 95055;
1615 3036 202 39 Bensler
1842 3046 137 37 press
2004 3045 68 31 co.

441 3093 281 49 (36-10917)

361 3168 255 66 Wright,
641 3170 203 63 Harry
868 3169 277 64 Andrew,
1175 3170 171 53 1872-

429 3245 121 53 The
573 3242 220 72 genesis
818 3244 63 54 of
907 3243 384 71 Springfield;
1319 3244 95 53 the
1439 3243 396 69 development
1860 3242 65 55 of
1947 3243 97 53 the
2066 3248 152 48 town
2269 3243 92 68 [by]

359 3323 200 69 Harry
595 3323 255 53 Andrew
883 3322 254 70 Wright.
1212 3321 374 70 Springfield,
1624 3322 191 68 Mass.,
1854 3320 307 56 Johnson’s
356 3321 1989 150 bookstore,
553 3405 152 50 1936.

429 3474 57 40 47
515 3487 43 37 p.
619 3476 129 40 illus.
779 3475 132 48 (incl.
942 3485 150 38 maps,
1123 3474 215 49 facsim.)
1408 3474 117 41 23cm.

362 3531 53 54 ©
447 3537 78 40 May
591 3536 68 42 15.
694 3535 140 42 1936;
863 3533 69 42 2c.
967 3535 94 40 and
1094 3534 82 41 aff.
1210 3535 115 48 May
1356 3534 82 47 28;
1474 3534 41 40 A
1544 3532 173 49 94657;
1753 3533 60 42 H.
1846 3533 54 40 A.
1934 3531 207 51 Wright,
431 3530 1923 105 Springfield.
586 3596 147 37 Mass.
804 3591 281 49 (36-11014)

362 3668 289 64 Wyckoff,
680 3668 271 64 Capwell.

433 3745 123 53 The
583 3750 253 63 mystery
864 3745 235 53 hunters
1130 3762 73 35 on
1231 3740 210 71 special
1472 3743 193 68 detail,
1692 3743 76 67 by
1800 3741 256 70 Capwell
2086 3739 281 70 Wyckoff.

364 3823 139 53 New
537 3822 181 68 York,
752 3822 270 69 Chicago,
1054 3822 71 53 A.
1158 3822 64 52 L.
1259 3822 150 52 Burt
1440 3837 282 52 company
1760 3854 13 34 [
1775 3827 21 22 c
1801 3823 134 50 1936]

433 3897 61 43 vi,
525 3896 142 41 7-251
700 3907 41 37 p.
803 3897 147 39 front.
1011 3896 58 41 20½
1100 3899 43 21 cm
1149 3928 8 8 .
1221 3896 106 48 [His
1358 3896 217 47 Mystery
1605 3894 202 41 hunters
1840 3893 165 49 series]

434 3953 288 40 Illustrated
752 3952 360 49 lining-papers.

362 4005 54 53 ©
441 4010 113 47 Apr.
585 4010 69 43 27,
684 4008 140 48 1936;
854 4010 67 40 2c.
950 4010 95 40 and
1074 4009 82 41 aff.
1184 4009 115 48 Apr.
1327 4008 82 47 29;
1441 4009 39 39 A
1509 4007 170 46 93870;
1711 4008 52 39 A.
1795 4007 50 40 L.
1872 4008 125 39 Burt
2026 4018 67 29 co.

442 4065 253 50 (36-9236)
