2519 4377
1366 4107 99 53 148

413 520 276 69 Margery
734 521 203 68 Closey
986 521 249 69 Quigley
1286 566 55 9 ...
1395 523 112 52 and
1552 522 264 55 William
1862 522 181 54 Elder
2085 523 232 54 Marcus
2369 568 55 9 ...

414 598 140 53 New
603 599 181 67 York,
833 599 261 53 London.
1142 600 71 52 D.
1264 600 586 69 Appleton-Century
1898 618 301 52 company,

415 600 1991 144 incorporated
703 711 12 34 [
718 685 20 20 c
745 681 152 64 1936]

485 764 65 48 xi,
579 764 88 41 190
694 776 57 37 p.,
780 765 24 39 1
830 766 30 39 1.
919 765 172 48 plates.
1148 765 58 41 19½
1235 768 46 22 cm
1285 797 9 9 .

489 835 129 39 “The
643 835 255 40 narrative
923 835 159 40 which
1106 836 195 40 follows
1327 835 51 41 of
1404 836 82 40 the
1513 835 276 50 Montclair,
1814 837 118 40 New
1956 836 186 48 Jersey,
2171 837 124 41 Free
415 838 1998 93 public
498 890 188 49 library
708 892 42 39 is
777 902 27 30 a

831 891 198 41 definite
1056 891 189 48 picture
1270 892 51 40 of
1345 903 28 29 a
1400 893 154 47 single
1580 893 250 40 suburban
1854 893 189 48 library
2071 893 50 40 in
2145 893 210 41 relation
2381 897 50 40 to

413 947 65 42 its
511 947 451 51 community.”—p.
993 948 71 42 23.

412 1029 53 53 ©
500 1034 122 40 Mar.
658 1034 70 47 13,
762 1033 142 46 1936;
941 1033 67 42 2c.
1044 1035 95 39 and
1176 1033 82 41 aff.
1295 1035 121 39 Mar.
1453 1035 59 39 16;
1573 1036 40 38 A
1649 1034 144 41 92319;
1858 1037 56 38 D.
1952 1036 480 49 Appleton-Century

483 1102 81 36 co.,
596 1091 91 40 inc.
757 1091 256 48 (36-27185
1027 1092 12 46 )

413 1195 585 65 Randers-Pehrson,
1026 1194 134 54 Nils
1185 1195 248 56 Henrik.

484 1273 55 53 A
566 1274 224 66 history
821 1273 62 53 of
913 1276 372 52 aeronautics,
1362 1281 130 59 part
1527 1279 79 48 11.

492 1361 84 49 (In
609 1356 260 45 Canadian
905 1356 237 45 aviation.
1207 1357 130 50 Dec.,
1376 1357 143 51 1935)

412 1441 2017 54 © 1c. Jan. 14, 1836; A ad int. 21037; pubd. Nov. 25, 1935; N. H.
483 1503 476 47 Randers-Pehrson,
989 1503 300 39 Brookmont
1317 1502 78 41 via
1425 1502 336 49 Washington.

412 1607 238 67 Realey,
679 1607 246 56 Charles
950 1607 306 55 Rechdolt.

484 1687 121 52 The
637 1687 243 53 London
914 1686 230 68 journal
1180 1687 111 51 and
1325 1686 73 53 its
1432 1687 252 67 authors,
1720 1686 328 60 1720-1723,
2082 1688 75 67 by
2193 1686 237 55 Charles

414 1766 283 53 Bechdolt
736 1767 214 65 Realey
997 1808 54 8 ...
1133 1766 322 66 Lawrence,
1494 1766 169 55 Kan.,
1703 1766 339 66 University
2081 1765 63 53 of
2186 1767 243 64 Kansas,

412 1845 381 66 Department
821 1844 63 52 of
911 1844 343 67 journalism
1280 1863 175 48 press,
1486 1848 148 49 1935.

483 1929 1946 50 2 p. l., 38 p. 23½ cm . (On cover; Bulletin of University of Kansas,
410 1987 1600 49 vol. XXXVI , no. 23 ... Humanistic studies, vol. v, no. III)
485 2060 354 48 Bibliography;
899 2070 43 38 p.
979 2058 188 51 [35]-38.

411 2141 53 53 ©
504 2147 113 39 Dec.
656 2144 71 48 21,
770 2145 141 46 1935;
954 2145 68 39 2c.
1064 2145 95 38 and
1200 2143 81 40 aff.
1326 2144 110 39 Jan.
1478 2143 39 48 6,
1559 2142 141 48 1886;
1743 2144 41 39 A
1822 2142 174 49 91048;
2041 2144 48 40 C.
2134 2144 54 40 B.
2230 2144 198 47 Realey,

481 2204 275 46 Lawrence,
787 2203 126 39 Kan.
983 2201 282 48 (36-27506)

412 2308 281 65 Robbins,
728 2308 250 55 Wilfred
1013 2307 276 64 William,
1327 2314 172 48 1884-

483 2386 290 53 Practical
814 2385 287 70 problems
1141 2386 62 51 in
1246 2385 231 68 botany,
1517 2384 76 68 by
1633 2383 255 55 Wilfred
1929 2384 91 54 W.
2063 2383 257 53 Robbins
2366 2425 56 11 ...

414 2466 113 53 and
558 2466 230 54 Jerome
820 2464 342 69 Isenbarger
1201 2507 57 10 ...
1330 2463 140 53 New
1504 2462 181 68 York,
1716 2462 57 54 J.
1806 2462 192 68 Wiley
2031 2464 47 51 &
2108 2480 148 49 sons,
2287 2462 137 60 inc.;

413 2545 260 67 London,
702 2544 303 69 Chapman
1033 2546 47 50 &
1106 2543 161 67 Hall,
1294 2541 243 68 limited,
1566 2545 151 50 1936.

482 2635 66 47 ix,
580 2632 87 42 402
700 2643 43 39 p.
804 2631 128 41 illus.
992 2631 58 40 21
1054 2633 44 21 cm
1102 2663 10 10 .
1229 2630 132 49 $2.00

485 2700 1703 53 Bibliography at end of each unit except units IV and VIII.
410 2787 53 53 ©
493 2791 109 39 Jan.
634 2790 72 44 24,
738 2790 118 39 1936;
909 2790 67 40 2c.
1009 2791 95 38 and
1135 2788 83 40 aff.
1251 2789 110 39 Jan.
1393 2787 59 40 29;
1510 2788 40 38 A
1580 2786 144 39 91488;
1786 2787 72 39 W.
1892 2787 71 39 W.
1998 2785 228 47 Robbins,
2259 2785 167 41 Davis.

483 2847 159 48 Calif.,
672 2849 95 38 and
796 2848 193 40 Jerome
1017 2847 304 46 Isenbarger,
1350 2845 225 47 Chicago.
1641 2843 252 48 (36-5286)

410 2953 322 65 Robinson,
759 2952 256 55 William
1046 2952 229 54 Albert.

488 3075 55 8 ...
593 3033 237 65 Voyage
876 3036 59 47 to
983 3030 359 67 Galapagos;
1390 3028 323 54 illustrated
1760 3027 75 66 by
1880 3025 211 58 Daniel
2138 3028 65 51 T.
2249 3027 175 54 West.

412 3112 139 51 New
580 3110 179 65 York,
785 3111 312 65 Harcourt,
1122 3110 181 51 Brace
1330 3108 110 52 and
1467 3124 280 49 company
1779 3138 12 34 [
1797 3111 17 20 c
1820 3107 133 50 1936
1960 3137 13 34 ]

481 3197 100 45 viii,
608 3196 100 48 279,
741 3197 54 48 [1]
827 3207 42 37 p.
900 3196 109 39 incl.
1041 3195 142 49 illus.,
1214 3196 171 47 plates,
1416 3204 151 37 maps,
1627 3193 170 47 plates.
1856 3190 54 39 21c
1932 3193 27 20 m
1965 3222 9 9 .

409 3234 2000 140 © F eb. 27, 1936; 2c. and aff. Mar. 4; A 92072; W. A. Robinson, Ofaipapa, Tahiti.
412 3430 170 65 Root,
612 3430 188 52 Amos
827 3430 153 63 Ives,
1012 3433 328 50 1839-1923.

480 3506 123 54 The
628 3504 164 56 ABC
818 3505 113 53 and
959 3504 167 53 XYZ
1152 3503 64 54 of
1239 3503 99 54 bee
1365 3503 236 67 culture,
1628 3501 75 69 by
1728 3500 72 53 A.
1831 3499 46 54 I.
1906 3499 115 53 and
2050 3499 68 53 E.
2145 3498 69 54 R.
2243 3498 150 53 Root;

411 3605 31 33 a
466 3585 332 70 cyclopedia
826 3583 65 55 of
914 3584 343 68 everything
1280 3581 332 70 pertaining
1640 3586 57 47 to
1725 3580 94 52 the
1848 3597 126 34 care
2003 3577 65 53 of
2093 3579 96 51 the
410 3578 1989 138 honeybee;

570 3665 143 67 bees,
746 3663 177 68 hives,
955 3663 204 69 honey,
1191 3661 209 69 selling
1431 3661 202 68 honey,
1666 3657 380 69 implements,
2082 3662 100 46 etc.
2253 3656 171 52 Facts

409 3744 241 69 gleaned
687 3743 153 52 from
876 3743 97 52 the
1009 3741 329 69 experience
1374 3739 63 53 of
1473 3737 313 54 thousands
1822 3735 64 53 of
1922 3735 352 67 beekeepers,
2312 3733 110 52 and

411 3821 317 54 afterward
756 3821 234 53 verified
1016 3821 76 68 by
1119 3821 96 53 the
1242 3819 250 53 authors.
1556 3814 254 68 Medina,
1836 3814 88 66 O.,
1950 3814 121 53 The
2103 3814 69 52 A.
2199 3813 48 52 I.
2275 3812 145 52 Root

411 3919 300 51 company,
742 3902 151 51 1935.

508 3976 1915 61 8 p. l., 815 p. illus. (incl. ports.) diagrs. 23½cm. (On cover; The
413 4047 409 42 A. I. Root bee library.
