2519 4377
1003 4108 131 44 1359

94 446 172 64 Snell,
291 446 225 64 George
543 447 209 52 Dixon.

92 522 1971 145 … Root, hog, and die. Caldwell, Id., The Caxton printers, ltd., 1936.
163 673 87 41 418
278 683 43 38 p.
381 672 55 40 19½
469 675 43 21 cm
518 706 8 7 .

93 726 52 53 ©
184 731 126 47 Sept.
346 730 55 38 25,
453 729 139 43 1936;
632 731 67 38 2c.
739 730 94 39 and
871 730 81 40 aff.
990 730 101 40 Oct.
1129 731 52 45 3;
1221 732 39 37 A
1298 730 170 48 99123;
1509 731 189 41 Caxton
1735 730 227 49 printers,
2002 732 86 39 ltd.

170 786 279 48 (36-20996)

91 890 237 64 Speyer,
357 890 287 60 Wilhelm,
675 895 168 49 1887-

223 966 1863 71 … The court of fair maidens [by] Wilhelm Speyer; with
92 1063 71 34 an
199 1046 388 52 introduction
626 1046 74 68 by
740 1047 266 52 Hendrik
1042 1046 231 55 Willem
1313 1048 126 52 Van
1479 1048 172 52 Loon.
1728 1049 137 52 New
1908 1050 178 64 York,

93 1124 196 55 Simon
321 1125 111 52 and
467 1124 286 68 Schuster,
786 1129 148 49 1936.

162 1198 99 48 447,
298 1198 55 48 [1]
385 1208 43 37 p.
488 1197 54 39 21
547 1200 43 21 cm
596 1229 8 9 .

165 1253 317 40 “Translated
514 1253 126 40 from
677 1255 80 39 the
790 1254 206 40 German
1029 1254 60 47 by
1123 1253 185 48 Phyllis
1340 1256 91 38 and
1465 1255 181 39 Trevor
1679 1255 239 39 Blewitt.”

90 1308 53 52 ©
169 1312 126 47 Sept.
320 1313 69 46 24,
415 1310 139 41 1936:
582 1313 67 38 2c.
680 1312 126 46 Sept.
833 1311 55 40 29;
943 1311 82 40 aff.
1055 1312 113 46 Sept.
1206 1311 55 40 26;
1317 1312 41 38 A
1384 1311 171 47 98724;
1588 1311 163 41 Simon
1779 1313 35 39 &
1843 1313 246 48 Schuster,

157 1368 89 41 inc.
318 1368 278 48 (36-20846)

90 1459 194 63 Steen,
310 1459 385 62 Marguerite.

159 1533 1926 70 Return of a heroine, by Marguerite Steen … Indianapolis,
89 1614 136 53 New
255 1615 178 55 York.
463 1615 119 53 The
613 1613 443 54 Bobbs-Merrill
1087 1632 280 49 company
1401 1649 12 32 [
1419 1622 15 21 c
1442 1618 131 49 1936
1580 1648 11 33 ]

159 1687 85 41 309
273 1698 42 37 p.
376 1687 54 38 21
435 1690 42 20 cm
484 1720 8 7 .

87 1741 52 52 ©
171 1746 125 47 Sept.
326 1744 69 48 23,
424 1745 139 47 1936;
594 1745 68 39 2c.
690 1744 97 39 and
815 1745 81 39 aff.
928 1745 127 47 Sept.
1085 1744 82 46 28;
1199 1744 40 39 A
1268 1743 169 48 99023;
1469 1746 62 38 M.
1564 1745 158 47 Steen,
1753 1745 191 45 Grange
1974 1755 115 29 over

160 1802 168 46 Sands,
351 1811 71 29 nr.
449 1801 311 48 Lancashire,
787 1801 236 47 England.
1088 1800 280 48 (36-21007)

86 1891 380 62 Thorsmark,
491 1892 213 53 Thora.

158 1966 273 55 Children
456 1966 63 53 of
542 1967 284 67 Lapland,
847 1967 75 68 by
946 1968 190 52 Thora
1160 1967 367 53 Thorsmark.
1604 1968 268 67 Chicago,
1898 1970 186 62 Rand,

88 2046 882 67 McNally & company [ c 1936]
162 2119 83 49 [64]
284 2130 41 37 p.
386 2119 128 40 illus.
575 2118 177 41 15×17½
785 2121 43 21 cm
835 2152 7 8 .

87 2173 53 52 ©
179 2178 127 46 Sept.
344 2176 68 41 22.
450 2175 139 41 1936:
628 2176 68 40 2c.
735 2176 101 40 Oct.
873 2175 52 41 2:
966 2175 83 41 aff.
1090 2176 127 47 Sept.
1256 2175 81 47 28;
1378 2177 39 37 A
1454 2174 171 41 99097:
1665 2175 155 47 Band,
1860 2176 226 47 McNally

155 2234 36 41 &
218 2243 67 31 co.
353 2232 279 50 (36-20845)

84 2324 234 65 Tinker,
347 2325 251 52 Edward
625 2325 320 63 Larocque,
978 2329 168 49 1881-

155 2401 236 66 Gombo,
413 2401 95 53 the
534 2400 200 55 Creole
754 2399 207 53 dialect
983 2399 64 54 of
1069 2399 325 68 Louisiana,
1416 2400 258 67 together
1699 2400 137 52 with
1862 2419 31 33 a
87 2400 1971 147 bibliography,
417 2479 35 51 by
546 2478 254 52 Edward
853 2478 292 67 Larocque
1197 2477 229 53 Tinker.
1501 2478 336 65 Worcester,
1891 2479 190 56 Mass.,

85 2560 151 50 1936.

152 2630 57 40 46
229 2640 43 38 p.
332 2627 55 42 25
392 2630 42 21 cm
439 2660 9 9 .

158 2685 293 49 “Reprinted
485 2685 126 41 from
648 2687 81 39 the
763 2686 151 48 April,
950 2684 126 49 1935,
1112 2684 319 50 Proceedings
1466 2685 51 41 of
1549 2686 82 40 the
1667 2685 255 41 American
83 2688 1979 103 antiquarian
311 2743 224 47 society.”

157 2799 68 39 “A
259 2799 335 49 bibliography
631 2799 51 40 of
719 2801 81 39 the
837 2799 221 48 writings
1094 2799 49 39 in
1181 2800 95 39 and
1312 2800 148 39 about
1495 2800 81 40 the
1614 2797 166 43 Creole
1816 2801 178 40 dialect
2033 2801 48 40 of

83 2856 290 42 Louisiana”:
435 2868 43 38 p.
504 2855 188 52 [31]-46.

84 2911 54 52 ©
166 2915 127 47 Sept.
323 2916 38 46 8,
392 2915 139 44 1936;
564 2916 67 38 2c.
666 2915 125 46 Sept.
824 2915 24 39 3:
910 2914 81 39 aff.
1025 2915 125 46 Sept.
1183 2915 81 45 11;
1297 2915 40 38 A
1367 2913 171 47 97775;
1573 2915 53 38 E.
1658 2915 50 38 L.
1738 2913 193 48 Tinker,
1964 2916 118 37 New

151 2972 144 38 York.
366 2970 279 48 (36-21016)

82 3062 342 63 Townsend,
452 3062 172 52 Kate.

152 3138 161 52 Ain’t
337 3139 127 52 love
485 3138 177 67 gland
678 3139 17 52 ?
760 3140 54 50 A
839 3137 417 68 physiological
1282 3136 171 69 guide
1479 3142 57 49 to
1562 3138 239 67 mating,
1826 3139 75 66 by
1928 3138 149 52 Kate

84 3213 1967 146 Townsend; illustrated by Dorothea Parrot. New York, Harrisburg, Pa., Stackpole sons [ c 1936]
156 3363 820 47 5 p. l., 13-140 p. illus. 18½ cm .
81 3416 51 53 ©
169 3421 125 47 Sept.
331 3421 38 47 8,
404 3421 112 40 1936;
579 3421 67 39 2c.
686 3422 125 46 Sept.
845 3422 53 44 4;
936 3421 81 39 aff.
1057 3421 127 47 Sept.
1219 3421 82 46 17;
1339 3421 41 38 A
1413 3420 170 46 97878;
1621 3421 272 47 Telegraph
1925 3431 151 36 press,

150 3477 315 48 Harrisburg,
495 3478 82 39 Pa.
648 3477 279 48 (36-20825)

83 3566 393 63 Uhlenbruek,
504 3568 163 63 Paul,
699 3569 167 53 1897-

80 3641 1965 223 Die herzkrankheiten im röntgenbild und elektrokardiogramm, von dr. med. Paul Uhlenbruek … Mit 316 abbildungen. Leipzig. J. A. Barth, 1936.
152 3877 74 31 xv.
257 3869 85 39 318
369 3879 41 36 p.
474 3869 109 39 illus.,
641 3870 177 44 diagrs.
879 3869 55 40 27½
968 3871 43 22 cm
1017 3905 8 8 .

154 3922 222 41 Includes
407 3924 388 47 bibliographies.

79 3975 1992 55 © Mar. 20. 1936: 1c. July 17; A-Foreign 32477; Johann Ambrosius
145 4037 169 37 Barth.
385 4037 252 37 136-21299)
