2519 4377
1078 4095 134 54 1447

209 555 27 41 8
259 566 41 38 p.
348 586 23 16 l.,
397 554 85 42 326
506 564 42 38 p.
609 554 163 48 front.,
798 553 172 49 plates,
999 553 118 41 fold.
1145 562 124 39 map.
1329 550 56 42 22½
1418 553 44 23 cm
1465 583 10 10 .

206 622 180 43 Folded
416 633 110 39 map
556 623 231 41 attached
815 625 49 39 to
893 622 334 49 lining-paper.

206 680 163 42 “First
392 680 196 48 edition,
613 681 140 46 June,
779 679 128 42 1936.
966 678 182 43 Second
1173 679 198 50 edition,
1396 678 129 49 July,
1553 677 128 42 1936.
1736 676 153 43 Third
1906 677 231 49 printing,

138 737 202 49 August,
367 736 157 42 1936.”

141 804 53 54 ©
226 811 119 44 Aug.
380 811 40 45 7,
452 808 139 48 1936;
628 808 67 41 2c.
732 808 102 41 Oct.
868 807 82 48 12;
988 808 82 41 aff.
1107 808 102 40 Oct.
1244 807 80 48 10;
1363 809 40 38 A
1438 806 170 49 99306;
1646 808 188 40 Walter
1869 807 141 40 Hard
2046 806 98 40 and

213 867 247 47 Margaret
500 865 152 48 Hard,
694 864 321 49 Manchester,
1057 866 73 39 Vt.
1202 863 280 52 [Copyright
1521 864 41 39 is
1599 863 207 41 claimed
1845 874 60 30 on
210 863 1916 109 frontispiece,
384 923 60 49 by

475 923 94 39 Iris
598 923 132 40 Wool
738 922 128 49 cock,
899 921 94 40 and
1023 921 159 50 index]
1256 919 280 51 (36-22482)

141 1057 231 63 Harris,
400 1058 277 52 Florence
702 1055 312 55 LaGanke.

212 1146 463 69 Everywoman’s
707 1144 274 68 complete
1013 1144 171 69 guide
1218 1150 59 48 to
1309 1144 421 68 homemaking,
1761 1144 75 68 by
1869 1144 274 52 Florence

145 1221 2001 70 LaGanke Harris … Boston, Little, Brown, and company,
146 1305 149 51 1936.

212 1390 63 46 xi,
303 1387 87 41 439
417 1399 44 37 p.
517 1387 128 41 illus.
702 1387 56 40 21
761 1389 45 22 cm
808 1420 11 9 .

142 1456 53 53 ©
229 1462 126 46 Sept.
389 1459 68 47 25,
492 1458 140 48 1936;
668 1459 68 42 2c.
771 1459 96 40 and
897 1458 81 40 aff.
1018 1459 127 47 Sept.
1178 1458 83 47 26;
1298 1460 40 37 A
1372 1457 171 49 98660;
1582 1458 51 40 F.
1668 1458 50 40 L.
1755 1455 191 50 Harris,
214 1457 1914 100 Cleveland.
411 1516 281 49 (36-27452)

143 1636 254 64 Hepner,
426 1636 220 53 Harold
674 1635 250 56 Steffan.

213 1722 1933 71 The high school journalist, by H. S. Hepner … Sioux Falls,
147 1803 55 56 S.
230 1806 89 58 D.,
343 1804 141 54 Will
509 1804 70 53 A.
607 1803 190 54 Beach
824 1802 262 68 printing
1113 1820 97 49 co.,
1241 1804 147 52 1936.

218 1889 84 41 179
335 1900 40 38 p.
439 1888 140 48 illus.,
614 1888 153 49 diagr.
826 1886 58 42 19½
914 1890 44 21 cm
964 1921 9 7 .

143 1956 53 54 ©
223 1961 126 48 Sept.
374 1961 68 48 25,
469 1959 140 47 1936;
637 1958 67 41 2c.
733 1959 102 42 Oct.
861 1959 51 42 2;
943 1958 81 41 aff.
1054 1959 127 48 Sept.
1207 1959 83 46 30;
1317 1961 40 38 A
1381 1957 172 48 99083;
1583 1958 110 41 Will
1724 1960 53 39 A.
1805 1959 164 39 Beach
212 1958 1916 108 printing
319 2027 68 30 co.
457 2016 256 49 (36-22492
724 2016 14 49 )

145 2137 171 62 Hess,
341 2138 135 51 Mrs.
503 2134 333 55 Katharine
867 2135 333 65 (Paddock)
1236 2140 169 49 1880-

215 2225 1869 69 Textile fibers and their use, by Katharine Paddock Hess …
145 2304 2001 68 edited by Benjamin R. Andrews … 198 illustrations. 2d ed.,
146 2404 110 34 rev.
335 2383 267 67 Chicago,
629 2383 428 68 Philadelphia,
1086 2385 55 52 J.
1173 2385 65 52 B.
1268 2383 336 68 Lippincott
1633 2400 279 50 company
1947 2416 11 33 [
1964 2389 19 21 c
1990 2386 132 49 1936
2129 2416 12 35 ]

219 2470 95 47 xvi,
342 2469 84 40 374
456 2479 42 37 p.
558 2468 143 46 illus.,
729 2468 178 48 diagrs.
967 2468 55 39 21½
1056 2469 44 22 cm
1106 2500 8 8 .

222 2538 145 40 “This
396 2538 42 40 is
467 2548 27 30 a
527 2538 286 43 completely
843 2538 250 40 rewritten
1124 2539 95 39 and
1251 2541 127 37 reset
1407 2538 106 40 text
1542 2538 147 40 based
1721 2547 59 30 on
1815 2538 84 39 the
1928 2538 219 40 author’s

149 2595 177 40 earlier
353 2594 133 39 work
517 2594 50 41 of
596 2595 83 40 the
709 2604 132 30 same
872 2594 151 40 title.”

222 2651 253 48 “Subjects
500 2651 95 39 and
622 2650 274 40 references
920 2649 79 42 for
1022 2649 270 42 additional
1318 2650 173 47 study”
1516 2653 53 38 at
1592 2652 92 39 end
1711 2651 52 41 of
1788 2652 115 40 each
1929 2653 217 47 chapter.

146 2716 53 54 ©
226 2721 128 48 Sept.
381 2721 68 47 17,
475 2720 141 47 1936;
644 2720 69 41 2c.
740 2720 94 39 and
863 2720 81 41 aff.
973 2720 127 48 Sept.
1128 2721 82 47 25;
1239 2722 40 38 A
1306 2719 171 49 97964;
1509 2722 44 40 J.
1582 2723 53 37 B.
1665 2721 278 49 Lippincott
1970 2730 69 34 co.

225 2776 280 49 (36-22504)

145 2895 109 54 Hsi
281 2895 217 65 hsiang
525 2895 111 56 chi.

213 2984 1932 69 The west chamber, a medieval drama … translated from the
144 3061 2002 71 original Chinese with notes by Henry H. Hart … foreword by
147 3138 2001 72 Edward Thomas Williams … Stanford University, Calif.,
147 3214 282 57 Stanford
463 3218 320 69 university
816 3236 184 50 press;
1039 3218 259 68 London,
1331 3219 77 53 H.
1446 3217 268 70 Milford,
1752 3217 232 56 Oxford
146 3219 1975 145 university
385 3314 157 50 press
575 3329 13 34 [
593 3302 18 21 c
616 3298 153 65 1936]

215 3382 167 42 xxxix,
410 3380 86 41 192
524 3390 43 39 p.
626 3380 118 42 24cm.

213 3450 127 42 Title
366 3451 103 41 also
495 3451 50 41 in
571 3450 220 43 Chinese.

215 3507 285 43 Illustrated
532 3508 362 51 lining-papers.

147 3564 1980 96 “Very little is known of Wang Shih Fu … its author … The groundwork
306 3622 1835 47 of the story of the drama is to be found in the Hui chên chi … a
147 3676 134 48 story
305 3678 61 47 by
391 3678 139 40 Yuan
559 3678 568 44 Chên.”—Translator’s
1154 3680 178 42 introd.
1388 3681 303 48 Authorship
1720 3681 53 41 of
1801 3682 81 40 the
1912 3681 233 48 complete

146 3733 168 42 drama
340 3745 56 30 or
415 3736 53 40 of
490 3735 81 41 the
598 3735 351 43 Continuation
974 3737 90 41 has
1088 3737 118 41 been
1235 3737 270 42 attributed
1533 3738 60 47 by
1620 3748 129 31 some
1774 3738 295 41 authorities
2095 3740 48 38 to

144 3789 144 41 Kuan
318 3790 304 50 Han-ching.

216 3845 375 51 Bibliography:
624 3858 44 39 p.
704 3849 217 42 189-192.

152 3913 53 54 ©
234 3919 127 49 Sept.
390 3921 69 42 17,
487 3920 116 41 1936;
659 3921 68 41 2c.
757 3921 95 39 and
881 3922 81 40 aff.
992 3921 103 41 Oct.
1120 3922 52 43 2;
1205 3923 40 38 A
1272 3921 170 48 99163;
1475 3924 160 38 Board
1666 3924 52 38 of
1746 3926 211 37 trustees
1988 3923 51 40 of
2067 3924 84 38 the

222 3975 183 40 Leland
437 3976 235 41 Stanford
700 3976 166 47 junior
897 3977 145 48 univ.,
1075 3978 233 42 Stanford
1340 3977 297 49 University,
1669 3978 145 44 Calif.

233 4031 278 48 (36-22471)
