2519 4377
1368 4103 133 47 1336

416 408 300 67 Jameson,
745 407 208 56 Edwin
979 408 230 67 Milton,
1238 415 173 50 1902-

494 530 56 9 ...
581 486 372 70 Gynecology
979 487 113 53 and
1120 487 314 69 obstetrics,
1460 488 75 67 by
1560 487 212 55 Edwin
1798 490 79 52 M.
1903 490 271 54 Jameson
2206 533 57 10 ...
2294 489 140 54 with

420 569 29 49 5
481 564 402 56 illustrations.
950 564 141 54 New
1125 565 181 68 York,
1337 566 65 53 P.
1436 566 67 52 B.
1538 566 247 68 Hoeber,
1817 567 127 66 inc.,
1981 571 149 50 1936.

558 669 9 17 xv,
600 638 88 40 170
717 648 44 38 p.
793 638 111 41 incl.
934 635 167 51 front.,
1133 639 129 40 illus.
1322 637 54 40 17
1381 640 14 20 cm
1429 671 8 9 .
1508 639 278 50 (Half-title;
1840 639 105 43 Clio
1975 642 187 39 medica;
2223 652 28 30 a
2285 643 151 42 series

420 695 51 41 of
498 695 210 50 primers
738 707 61 30 on
827 696 83 41 the
938 696 190 49 history
1158 696 52 41 of
1237 695 253 43 medicine.
1549 697 200 42 Editor;
1781 698 53 41 E.
1866 698 52 41 B.
1950 698 329 50 Krumbhaar,
2311 710 56 31 m.
2427 731 9 9 D.
533 756 14 46 XVII)

492 810 159 41 Series
679 810 109 42 title
813 810 51 40 in
889 812 115 48 part
1027 812 53 40 at
1106 811 125 41 head
1259 811 51 41 of
1337 812 99 49 t.-p.

490 866 352 51 Bibliography;
904 879 44 38 p.
982 868 218 41 151-157.

418 927 52 54 ©
502 932 120 49 Aug.
655 932 70 49 17,
758 930 115 43 1936;
936 930 68 42 2c.
1039 932 121 48 Aug.
1193 933 56 40 17;
1312 931 83 42 aff.
1428 932 121 49 Aug.
1582 931 58 42 19;
1701 934 41 39 A
1775 931 144 44 96993;
1985 934 123 40 Paul
2143 935 54 40 B.
2232 934 206 48 Hoeber,

488 989 91 41 inc.
647 990 283 49 (36-20667)

417 1095 165 53 Joint
613 1094 363 55 arbitration
1004 1094 184 54 board
1218 1095 65 53 of
1312 1095 103 53 the
1447 1094 260 65 Chicago
1736 1095 229 53 Master
1995 1099 195 50 steam
2220 1094 215 55 fitters’

488 1172 362 54 association
890 1173 117 53 and
1045 1172 104 54 the
1187 1173 205 55 Steam
1432 1173 216 54 fitters’
1689 1172 329 65 protective
2058 1172 379 65 association,

488 1252 147 52 local
663 1253 129 62 597,
819 1252 73 55 U.
919 1251 72 57 A.
1018 1252 65 52 of
1110 1251 278 65 Chicago.

490 1326 438 70 Refrigeration
956 1328 253 68 manual,
1239 1325 285 70 compiled
1554 1327 77 69 by
1663 1326 233 56 Samuel
1924 1328 70 53 R.
2025 1327 186 54 Lewis
2247 1370 56 10 ...
2342 1326 94 54 for

420 1405 94 53 the
539 1405 166 55 Joint
730 1405 345 53 arbitration
1098 1405 182 54 board
1301 1404 64 55 of
1390 1406 94 53 the
1510 1404 255 71 Chicago
1790 1406 218 53 Master
2034 1411 177 48 steam
2237 1403 199 56 fitters’

419 1483 343 54 association
797 1484 115 53 and
946 1484 95 53 the
1080 1483 196 56 Steam
1308 1483 202 54 fitters’
1544 1484 314 69 protective
1898 1483 357 69 association,
2291 1484 144 53 local

421 1560 118 70 597,
570 1562 73 56 U.
674 1561 72 56 A.
774 1561 65 54 of
868 1561 273 72 Chicago,
1169 1581 60 36 as
1258 1581 73 36 an
1361 1562 350 71 elementary
1738 1562 345 55 instruction
2113 1562 114 54 and
421 1561 1993 133 reference

577 1642 235 52 manual
840 1641 94 53 for
960 1646 179 49 steam
1165 1641 155 54 fitter
1346 1641 377 69 apprentices.
1793 1640 293 70 [Chicago,
2113 1647 19 21 c
2137 1643 153 65 1936]

477 1714 926 51 144 p. illus., 1 diagr. 28½ × 22 cm .
420 1774 52 53 ©
502 1779 120 47 Aug.
651 1777 72 49 27,
753 1778 142 47 1936;
927 1777 68 43 2c.
1026 1778 97 39 and
1154 1778 81 39 aff.
1270 1779 129 47 Sept.
1427 1780 54 46 4;
1515 1779 40 39 A
1585 1778 172 48 97675;
1792 1779 137 39 Joint
1961 1778 299 40 arbitration
2289 1777 153 40 board

490 1836 52 39 of
570 1836 84 40 the
684 1835 212 48 Chicago
927 1837 188 38 Master
1144 1837 154 39 steam
1327 1835 173 41 fitters’
1534 1845 129 30 assn,
1694 1836 96 39 and
1822 1835 82 40 the
1935 1836 166 40 Steam
2132 1835 173 40 fitters’
488 1844 1935 89 protective
696 1903 145 38 assn.,

871 1893 124 40 local
1025 1892 100 49 597,
1156 1893 55 41 U.
1241 1893 55 40 A.
1326 1892 53 42 of
1408 1891 226 51 Chicago,
1667 1892 225 48 Chicago.
501 1951 284 50 (36-20513)

419 2055 199 64 Jones,
647 2055 222 53 Ernest
897 2055 64 55 F.

492 2129 195 54 Jones’
720 2129 332 70 estimating
1087 2129 181 54 tables
1303 2148 72 35 on
1410 2129 88 53 air
1533 2128 410 70 requirements
1979 2129 113 53 and
2130 2128 136 53 duct
2297 2128 140 53 sizes

425 2208 93 54 for
539 2208 238 70 heating
799 2209 113 53 and
936 2207 87 55 air
1047 2206 417 72 conditioning,
1485 2207 77 71 by
1586 2208 210 54 Ernest
1820 2208 66 54 F.
1912 2207 192 55 Jones.
2167 2205 272 72 Chicago,

421 2287 293 54 Domestic
742 2287 373 69 engineering
1143 2287 385 68 publications
1562 2320 13 34 [
1579 2293 18 22 c
1603 2289 153 65 1936]

495 2360 798 49 68 p. illus. 2 diagr. 21 ½cm .
497 2416 297 49 “Copyright
822 2449 47 8 ...
896 2417 61 48 by
984 2417 248 41 Domestic
1257 2418 315 47 engineering
1596 2416 96 42 co.”

497 2474 240 41 “Revised
767 2473 230 43 edition.”

422 2535 54 54 ©
498 2540 130 40 June
647 2540 72 48 24,
744 2539 115 41 1936;
910 2539 69 40 2c.
1003 2539 121 48 Aug.
1147 2540 26 40 3;
1228 2539 82 41 aff.
1336 2540 119 46 Aug.
1479 2539 55 40 31;
1589 2539 41 39 A
1654 2538 145 41 98219;
1855 2536 249 42 Domestic
2130 2535 316 51 engineering

491 2607 68 30 co.
631 2596 284 50 (36-20518)

420 2701 244 64 Jordan,
692 2701 305 64 Humfrey
1020 2700 354 56 Robertson.

496 2778 394 67 Mauretania;
929 2777 279 54 landfalls
1247 2777 113 53 and
1399 2778 334 67 departures
1772 2777 65 53 of
1874 2776 351 68 twenty-five
2263 2795 180 49 years,

425 2857 75 69 by
528 2856 297 69 Humfrey
851 2856 253 68 Jordan;
1137 2856 141 54 with
1309 2856 291 68 drawings
1629 2855 76 69 by
1734 2855 199 54 Frank
1962 2855 78 54 H.
2072 2855 222 67 Mason,
2324 2874 48 34 r.
2404 2874 36 34 i.

426 2938 260 58 London,
713 2936 242 53 Hodder
985 2937 113 53 and
1132 2935 345 68 Stoughton,
1509 2938 150 50 1936.

495 3011 64 47 xi,
594 3010 176 40 13-332
800 3020 44 38 p.
904 3010 165 46 front.,
1103 3010 170 49 plates.
1334 3009 57 39 22½
1424 3011 43 21 cm
1472 3040 8 8 .

424 3070 2019 53 © 1c. July 25, 1936; A ad int. 21715; pubd. May 25; Humfrey Jordan,
498 3130 288 49 Sherborne,
819 3131 202 47 Dorsey,
1057 3129 239 47 England.
1369 3128 282 50 (36-21149)

423 3235 220 63 Jungk,
674 3234 165 54 Paul.

504 3355 55 9 ...
599 3311 120 52 Der
756 3314 106 51 ritt
896 3310 59 54 in
990 3310 94 53 die
1120 3309 179 67 hölle;
1340 3310 549 53 abenteuer-roman.
1960 3307 259 70 Leipzig,
2256 3307 72 53 A.
2366 3309 77 53 H.

430 3392 196 53 Pavne
671 3423 12 34 [
689 3396 17 21 c
712 3392 153 64 1935]

501 3464 99 47 267,
639 3464 55 49 [1]
736 3474 42 38 p.
842 3463 147 40 19½cm.

427 3522 2016 54 © Dec. 20, 1935; 1c. June 3, 1930; A-Foreign 32087; A. H. Payne,
496 3584 181 47 verlag.
746 3583 283 50 (36-20886)

429 3687 215 64 Kiesel,
674 3688 145 53 Otto
845 3687 199 63 Erich,
1077 3693 171 49 1880-

506 3807 54 8 ...
596 3764 435 53 Verschollener
1060 3763 247 67 mensch,
1336 3781 216 36 roman.
1618 3762 325 69 Hamburg,
1975 3762 290 53 Broschek
2292 3763 46 51 &
2364 3779 79 38 co.

449 3845 178 63 [ c 1936]
503 3916 84 40 243
626 3927 42 37 p.
734 3915 56 41 19
793 3918 44 21 cm
842 3948 8 7 .

429 3975 2017 52 © Jan. 25, 1936; 1c. June 3; A-Foreign 32047; Verlagsbuchhandlung
501 4036 249 40 Broschek
775 4037 37 40 &
837 4046 67 31 co.
970 4036 283 49 (36-20884)
