2519 4377
1111 4037 98 49 669

236 465 87 41 190
352 477 43 36 p.
456 465 59 40 20½
545 468 43 21 cm
593 498 8 7 .

168 525 52 53 ©
253 530 115 47 May
400 531 68 48 14,
504 529 138 47 1936;
680 529 66 40 2c.
785 531 112 46 May
932 531 81 46 18;
1051 529 81 41 aff.
1168 531 114 47 May
1317 529 81 47 16;
1436 529 40 39 A
1509 528 145 41 94498;
1720 530 50 40 P.
1806 530 71 40 W.
1915 529 242 46 Crannell,

237 587 204 38 Denver.
498 586 278 48 (36-10938)

165 688 188 63 Croft,
379 688 219 53 Terrell
621 687 306 65 Williams,
957 694 169 49 1880-

166 764 1992 147 American electricians’ handbook; a reference book for practical electrical workers, by Terrell Croft … 4th ed., rev. by
166 918 1988 70 Clifford C. Carr … New York and London, McGraw-Hill
163 1000 146 52 book
338 1017 297 50 company,
664 999 126 68 inc.,
825 1005 148 49 1936.

236 1072 100 47 viii,
364 1071 111 40 1051
504 1083 43 37 p.
608 1072 143 48 illus.,
779 1073 155 40 tables
962 1073 47 47 (1
1040 1072 143 44 fold.)
1222 1072 178 48 diagrs.
1462 1074 54 39 17½
1548 1076 15 20 cm
1597 1105 8 7 .

165 1125 52 53 ©
246 1131 112 47 May
385 1130 71 47 21,
485 1129 139 47 1936;
655 1130 69 41 2c.
754 1131 115 47 May
895 1130 83 47 23;
1009 1130 81 40 aff.
1123 1131 112 47 May
1264 1131 56 38 25;
1379 1131 40 38 A
1451 1129 170 48 95351;
1655 1130 350 40 McGraw-Hill
2037 1131 122 39 book

235 1197 80 36 co.,
342 1187 90 39 inc.
497 1186 279 50 (36-10995)

163 1289 287 64 Delphian
477 1290 242 65 society,
748 1290 267 66 Chicago.

236 1365 1922 69 Orientation for modern times; a course … prepared under
166 1444 95 54 the
288 1445 277 53 direction
593 1444 63 54 of
684 1445 97 55 the
806 1442 290 71 Delphian
1125 1446 210 67 society
1365 1444 95 54 for
1485 1445 99 53 the
1607 1463 97 35 use
1731 1443 64 55 of
1823 1445 74 53 its
1923 1445 236 67 chapter

162 1524 272 52 members
475 1523 59 51 in
575 1522 329 54 connection
947 1523 138 52 with
1130 1523 93 51 the
1266 1541 298 50 programs
1605 1523 278 68 provided
1926 1523 95 52 for
2063 1523 94 52 the

162 1600 274 68 meetings
462 1600 63 54 of
547 1601 151 54 their
724 1602 277 67 chapters.
1064 1600 263 55 Division
1392 1646 9 9 1.
1428 1602 110 54 vol.
1586 1636 123 19 I-III.
1739 1603 168 52 Basic
1932 1601 223 66 trends;

163 1681 93 50 the
289 1680 394 67 development
713 1680 62 52 of
805 1679 325 69 significant
1161 1680 214 53 factors
1408 1680 60 52 in
1498 1681 234 52 modern
1763 1681 210 67 society
2007 1679 151 55 from

162 1758 93 53 the
288 1757 214 53 middle
534 1776 130 48 ages
697 1764 57 47 to
786 1758 96 52 the
910 1764 227 61 present
1167 1758 129 68 day.
1377 1758 289 68 [Chicago,
1698 1764 17 21 c
1722 1761 150 64 1936]

234 1831 25 38 3
284 1843 40 28 v.
377 1832 170 46 plates,
571 1833 163 45 ports.,
760 1841 135 38 maps
924 1831 133 47 (part
1083 1830 196 47 double)
1306 1830 179 49 diagrs.
1536 1831 56 39 24
1595 1833 15 21 cm
1644 1863 8 8 .

235 1886 1184 50 Division 1 (vols. I-III ) paged continuously.
234 1942 220 41 Division
479 1944 24 38 1
531 1944 236 47 prepared
794 1944 152 40 under
974 1943 79 41 the
1081 1942 302 49 supervision
1410 1944 52 40 of
1488 1943 43 41 J.
1559 1945 53 38 B.
1639 1943 245 40 Botsford.

165 1995 53 53 ©
247 2001 115 46 May
389 2000 69 47 20,
490 1999 111 41 1936;
662 2000 67 40 2c.
757 2001 122 39 each
907 2001 95 39 and
1032 1998 81 42 aff.
1147 2001 114 47 May
1289 1999 54 40 22;
1404 2000 81 40 aff.
1520 2001 112 46 May
1659 1999 56 40 25;
1776 2000 39 38 A
1846 1998 144 41 95339;
236 2000 1905 104 Delphian
409 2067 90 29 soc.
565 2056 280 49 (36-11024)

163 2159 216 66 Derby,
404 2159 189 54 Willis
617 2160 67 54 O.

233 2234 1925 71 A-B-C-methods of retail management and control … by
163 2313 1432 69 Willis O. Derby … 1st ed. [Chicago] c 1936.
233 2388 1083 48 2 p. l. , 207 p. incl. diagrs.. forms. 23 cm .
165 2440 53 53 ©
246 2446 112 47 May
384 2445 69 47 21,
477 2445 139 47 1936;
647 2446 67 40 2c.
742 2448 94 37 and
864 2446 81 42 aff.
974 2447 114 47 May
1114 2445 82 48 28;
1225 2446 40 38 A
1293 2445 170 48 94646;
1494 2446 71 40 W.
1597 2446 50 40 O.
1678 2447 174 47 Derby,
1882 2445 224 48 Chicago.

245 2502 277 48 (36-11073)

165 2605 209 62 Eaton,
401 2605 228 53 Horace
656 2604 364 63 Ainsworth,
1052 2609 170 51 1871-

236 2681 248 54 Thomas
524 2681 89 54 De
653 2681 284 68 Quincey;
985 2701 30 34 a
1056 2681 340 69 biography,
1438 2682 74 67 by
1556 2682 224 53 Horace
1825 2682 331 53 Ainsworth

168 2759 203 54 Eaton.
445 2759 139 54 New
615 2759 181 67 York,
829 2758 227 56 Oxford
1089 2757 317 69 university
1435 2778 172 49 press,
1639 2763 149 51 1936.

234 2832 89 40 xiii
349 2843 58 38 p.,
435 2833 24 39 1
507 2862 25 18 l.,
560 2832 84 40 542
672 2843 42 38 p.
773 2832 163 49 front.,
963 2834 169 47 plates,
1159 2834 163 46 ports.,
1349 2833 213 40 facsims.
1622 2832 58 40 22½
1709 2835 44 21 cm
1758 2865 7 7 .

237 2887 161 43 “First
426 2887 224 43 edition.”

237 2945 343 49 Bibliography:
641 2957 44 37 p.
717 2945 215 41 525-529.

167 2997 53 53 ©
247 3003 113 47 May
386 3003 68 46 21,
482 3001 113 42 1936;
651 3002 69 40 2c.
748 3003 114 48 May
889 3003 55 39 23;
1003 3001 80 41 aff.
1113 3003 113 47 May
1253 3001 56 40 29;
1366 3002 41 39 A
1433 3001 144 40 94683;
1636 3001 187 41 Oxford
1853 3000 130 41 univ.
2009 3010 149 39 press,

235 3059 116 40 New
373 3060 144 47 York,
543 3059 89 39 inc.
697 3058 253 50 (36-11033)

166 3160 250 65 Eichler,
448 3161 210 65 Philip,
692 3162 171 55 1876-

237 3238 52 51 A
313 3238 346 67 philosophy
683 3236 64 55 of
769 3236 228 68 science,
1019 3238 76 67 by
1118 3235 200 70 Philip
1343 3236 248 68 Eichler,
1617 3255 64 34 m.
1707 3256 47 33 d.
1814 3237 139 52 New
1981 3236 177 66 York,

167 3313 875 69 G. P. Putnam’s sons [ c 1936]
237 3387 97 48 109,
367 3387 54 51 [2]
451 3399 42 37 p.
554 3387 55 40 21
612 3390 43 21 cm
662 3420 8 8 .

168 3440 53 53 ©
245 3446 113 46 Apr.
383 3446 69 45 17,
477 3444 113 41 1936;
645 3445 68 42 2c.
740 3447 95 38 and
862 3444 80 42 aff.
970 3446 112 47 Apr.
1110 3445 57 41 18;
1221 3446 41 38 A
1288 3445 141 39 94011;
1488 3445 52 41 G.
1569 3446 50 39 P.
1648 3444 250 40 Putnam’s
1924 3454 126 31 sons.

247 3500 278 49 (36-11093)

168 3603 400 65 Engineering
591 3605 410 54 news-record.

238 3679 138 52 New
409 3680 157 52 short
602 3687 120 47 cuts
757 3686 58 47 to
850 3682 378 52 construction
1267 3681 227 67 profits;
1535 3700 30 33 a
1604 3680 290 53 collection
1935 3681 64 50 of
2036 3699 121 34 new

169 3755 302 68 job-tested
515 3758 154 53 ideas
711 3759 126 52 that
879 3778 130 33 save
1050 3759 151 64 time,
1243 3776 217 49 money,
1503 3760 111 51 and
1657 3758 221 53 trouble
1917 3758 60 52 in
2023 3758 128 53 civil

170 3834 1963 148 engineering and construction work, reprinted from Engineering news-record. New York, N. Y. [ c 1936]
