2519 4377
1002 4123 132 47 1219

85 474 430 64 Chamberlain,
539 474 270 64 Rudolph
833 473 241 65 Wilson,
1099 474 83 53 ed.

151 553 223 52 Beacon
421 550 180 68 lights
647 552 64 52 of
758 552 313 52 literature.
1155 551 191 54 Grade
1394 551 47 53 7.
1528 553 91 64 By
1667 550 273 67 Rudolph
1988 553 90 52 W.

85 629 401 54 Chamberlain
532 672 54 9 ...
671 628 293 67 Syracuse,
1005 630 68 51 N.
1118 630 90 64 Y.,
1248 630 139 51 New
1427 628 163 53 York
1653 634 119 61 [etc.]
1818 629 263 66 Iroquois

82 705 333 68 publishing
440 724 296 48 company,
760 706 107 53 inc.
900 740 13 33 [
918 712 18 21 c
941 710 134 48 1936]

152 777 1131 49 xvi, 751 p. col. front., illus., port. 20 cm .
83 844 53 53 ©
168 849 127 47 Sept.
323 849 40 47 3,
393 848 140 47 1936;
565 848 67 41 2c.
665 849 128 47 Sept.
820 847 82 48 10;
935 848 82 40 aff.
1052 849 127 46 Sept.
1210 848 83 48 12;
1325 848 42 39 A
1396 848 171 47 97777;
1601 848 222 47 Iroquois
1854 848 110 48 pub.
1996 858 84 37 co.,

151 905 90 40 inc.

82 1010 322 64 Chapman,
430 1011 263 52 Herman
719 1011 221 64 Haupt,
967 1011 173 54 1874-

151 1086 289 54 Elements
469 1087 63 52 of
559 1086 178 56 forest
763 1087 405 63 mensuration,
1193 1086 76 67 by
1292 1087 259 52 Herman
1578 1088 76 52 H.
1682 1087 301 67 Chapman
2017 1131 55 9 ...

81 1164 113 53 and
231 1164 239 68 Dwight
509 1167 66 51 B.
615 1165 284 53 Demeritt
943 1209 56 9 ...
1080 1166 71 52 2d
1192 1165 83 53 ed.
1328 1165 170 67 (rev.)
1583 1165 250 67 Albany,
1874 1167 70 51 N.
1988 1167 88 65 Y.,

79 1243 56 54 J.
164 1244 67 52 B.
258 1244 162 66 Lyon
446 1261 297 50 company,
769 1247 149 50 1936.

149 1314 86 41 451
267 1326 41 37 p.
370 1315 142 47 illus.,
544 1315 180 48 diagrs.
783 1316 56 40 23½
871 1318 45 22 cm
920 1349 10 10 .

151 1372 350 49 Bibliography
517 1383 10 29 :
555 1384 44 38 p.
624 1372 220 42 431-432.

82 1439 53 53 ©
167 1444 119 46 Aug.
323 1445 38 46 1,
397 1444 141 47 1936;
574 1444 68 41 2c.
678 1445 119 47 Aug.
833 1445 83 45 31;
953 1443 83 42 aff.
1072 1444 120 48 Aug.
1226 1443 84 47 29;
1345 1444 42 39 A
1420 1442 171 49 97604;
1631 1444 60 40 H.
1728 1444 60 41 H.
1827 1444 252 48 Chapman

151 1500 95 39 and
275 1500 197 48 Dwight
503 1502 53 39 B.
587 1501 255 49 Demeritt,
871 1501 121 39 New
1016 1501 187 39 Haven.
1272 1499 281 49 (36-19130)

80 1605 794 63 Ch á vez, Estefania D. de.
150 1681 249 68 Spanish
438 1682 421 54 conversations
900 1682 59 52 in
998 1683 95 52 the
1131 1682 356 65 class-room;
1535 1681 247 69 Spanish
1825 1682 251 65 through

81 1758 267 69 Spanish,
391 1761 75 67 by
512 1760 304 54 Estefania
861 1762 72 52 D.
978 1761 68 53 de
1092 1760 241 55 Chavez.
1414 1761 114 52 Los
1569 1760 265 67 Angeles,
1882 1760 197 63 Calif.,

78 1837 424 54 Times-mirror
529 1856 175 49 press,
734 1841 149 51 1936.

147 1910 97 48 xvi,
271 1909 86 42 384
383 1922 43 38 p.
456 1911 109 41 incl.
594 1910 150 42 front.
799 1910 56 39 22½
888 1913 44 22 cm
936 1942 10 10 .

80 1963 53 53 ©
158 1968 116 47 July
300 1969 69 47 31,
395 1967 141 48 1936;
564 1969 67 40 2c.
659 1969 121 48 Aug.
806 1969 26 40 8
849 1979 10 37 ;
886 1969 83 40 aff.
995 1969 122 47 Aug.
1144 1970 29 39 7
1187 1978 10 38 ;
1225 1968 42 40 A
1292 1967 144 42 96841
1455 1979 9 37 ;
1495 1969 54 40 E.
1576 1969 56 39 D.
1663 1968 58 41 de
1748 1968 205 49 Chavez,
1983 1970 94 40 Los

148 2025 220 47 Angeles.
437 2025 280 50 (36-18885)

78 2127 277 65 Christie,
384 2131 138 51 Mrs.
552 2128 244 64 Agatha
827 2128 251 65 (Miller)

147 2203 236 54 Murder
409 2204 58 53 in
494 2204 433 69 Mesopotamia,
952 2205 74 69 by
1053 2203 232 69 Agatha
1316 2203 265 56 Christie.
1646 2203 260 65 London,
1932 2203 144 54 Pub.

81 2282 1179 71 for the Crime club by Collins [ c 1936]
147 2357 85 41 284
259 2368 44 37 p.
361 2357 144 41 19½cm.

80 2409 1995 54 © 1c. Sept. 1, 1936; A ad int. 21801; pubd. July 6; Agatha Mallewan,
147 2471 239 48 Torquay,
415 2472 179 47 Devon,
622 2471 237 48 England.
925 2470 280 50 (36-18908)

77 2573 151 63 Cole,
259 2575 225 64 George
511 2575 265 64 Douglas
802 2575 273 63 Howard,
1107 2580 172 49 1889-

145 2652 136 51 Last
326 2650 118 53 will
489 2653 110 52 and
643 2657 329 62 testament;
1020 2671 81 47 or,
1145 2653 122 51 The
1310 2652 321 54 Pendexter
1673 2670 154 49 saga,
1872 2653 202 51 second

88 2729 140 64 (and
266 2729 137 66 last)
455 2735 180 48 canto.
714 2729 185 68 Being
940 2749 30 33 a
1011 2729 228 53 further
1280 2728 226 68 episode
1548 2730 60 52 in
1648 2730 95 52 the
1782 2747 190 35 career
2011 2730 63 53 of

76 2807 101 52 Dr.
217 2805 304 68 Benjamin
559 2808 277 65 Tancred,
874 2808 215 52 related
1126 2808 77 66 by
1238 2807 89 53 his
1366 2807 210 67 friend,
1614 2807 147 53 Paul
1801 2807 272 67 Graham,

76 2883 76 67 by
183 2883 68 56 G.
287 2885 70 53 D.
393 2885 77 53 H.
510 2885 134 55 Cole
680 2884 112 54 and
826 2886 298 67 Margaret
1157 2885 150 55 Cole.
1378 2886 258 67 London,
1668 2886 142 53 Pub.
1848 2885 93 54 for
1977 2887 97 52 the

78 2962 906 68 Crime club by Collins [ c 1936]
145 3033 85 41 286
259 3045 43 37 p.
363 3034 128 40 illus.
521 3034 186 50 (maps)
774 3034 54 41 19
829 3038 47 20 cm
880 3068 9 8 .

79 3086 1994 53 © 1c. Sept. 3, 1936; A ad int. 21832; pubd. July 6; G. D. H. Cde and
147 3148 249 47 Margaret
425 3148 160 39 Isabel
614 3148 127 48 Cole,
771 3148 218 48 Hendon,
1020 3148 236 47 England.
1324 3147 280 50 (36-20446)

77 3249 297 58 Colorado.
435 3253 183 64 Laws,
643 3258 255 60 statutes,
922 3259 100 47 etc.

147 3329 133 52 1935
325 3326 284 55 Colorado
649 3333 241 48 statutes
933 3329 324 66 annotated,
1300 3329 138 51 with
1482 3328 344 53 cumulative
1869 3327 203 67 pocket

76 3409 130 59 part
239 3406 225 64 service,
496 3406 331 67 containing
860 3406 76 52 all
970 3407 95 52 the
1097 3407 139 52 laws
1269 3407 63 52 of
1364 3406 282 56 Colorado
1681 3405 62 54 of
1778 3425 30 33 a
1842 3406 228 66 general

78 3481 110 52 and
226 3487 335 60 permanent
597 3489 201 47 nature
837 3484 337 67 completely
1214 3484 306 53 annotated
1559 3484 75 65 by
1672 3484 96 52 the
1804 3481 266 54 editorial

75 3559 134 52 staff
236 3560 62 52 of
324 3560 94 52 the
445 3561 292 65 publisher
762 3562 181 53 under
967 3563 96 53 the
1092 3561 276 54 direction
1394 3562 63 53 of
1483 3563 70 52 A.
1582 3563 249 52 Hewson
1859 3561 211 54 Michie

78 3633 232 56 assisted
349 3637 75 66 by
463 3637 165 54 Chas.
668 3640 91 52 W.
803 3639 224 55 Sublett
1068 3641 111 55 and
1219 3642 68 51 R.
1328 3643 67 50 R.
1436 3639 281 53 Rusmisel
1756 3639 180 53 under
1977 3640 94 50 the

76 3714 226 63 general
344 3715 356 66 supervision
741 3717 62 51 of
845 3718 93 51 the
980 3717 346 68 Legislative
1369 3721 284 62 statutory
1695 3717 374 53 commission,

75 3790 220 53 volume
330 3794 30 48 3
398 3834 55 9 ...
494 3792 300 67 [Chapters
829 3798 220 50 58-103.
1084 3795 403 67 Drugs-Local
1520 3794 231 68 budget]
1826 3795 246 65 Denver,

78 3866 1781 74 Cob, The Bradford-Robinson printing company [ c 1936]
145 3939 25 40 3
197 3949 43 38 p.
268 3940 44 47 h,
340 3940 114 40 1499
480 3951 43 30 n.
579 3942 147 41 26½cm.

79 3989 54 55 ©
170 3996 120 48 Aug.
326 3995 70 49 28,
436 3996 141 49 1936;
619 3998 69 41 2c.
730 3999 97 42 and
868 3999 80 44 aff.
993 4001 127 47 Sept.
1161 4002 55 46 4;
1259 4002 43 40 A
1340 3999 171 50 98246;
1555 3998 516 41 Bradford-Robinson

0 0 0 0 printing co.
