2519 4377
1020 4060 129 49 1613

148 468 128 39 “The
310 468 200 46 English
544 467 108 41 title
687 467 51 40 of
770 468 96 39 this
902 468 120 39 book
1058 469 41 38 is
1134 468 104 46 ‘Big
1271 466 197 41 Horse’s
1502 465 197 49 flight’.”

150 523 162 41 “First
344 522 226 41 edition.”

78 592 53 54 ©
159 597 116 39 Nov.
305 595 41 47 5,
376 595 140 49 1936;
546 595 68 42 2c.
643 596 94 39 and
768 596 82 40 aff.
881 596 118 40 Nov.
1030 596 24 37 7;
1114 596 39 38 A
1186 595 197 47 100374;
1419 597 51 38 E.
1504 596 49 40 P.
1583 596 186 38 Dutton
1801 595 35 40 &
1866 604 83 37 co.,
1981 593 91 40 inc.

157 651 281 49 (36-28537)

77 752 1996 226 International clinics; a quarterly of illustrated clinical lectures and especially prepared original articles … By leading members of the medical profession throughout the
146 988 1927 67 world. Edited by Louis Hamman … with the collaboration
147 1066 1924 67 of Francis Gilman Blake … Arthur L. Bloomfield … [and
148 1145 204 65 others]
437 1144 219 52 volume
699 1147 45 50 3.
788 1143 361 67 Forty-sixth
1192 1144 185 57 series,
1426 1147 144 49 1936.
1651 1141 424 70 Philadelphia,

147 1222 281 52 Montreal
495 1227 119 61 [etc.]
659 1224 55 53 J.
756 1225 66 51 B.
862 1222 338 67 Lippincott
1239 1239 278 50 company
1563 1255 11 33 [
1580 1227 17 21 c
1604 1225 132 48 1936
1743 1255 12 34 ]

150 1293 98 49 viii,
276 1293 86 41 339
424 1328 8 7 p.
490 1295 85 37 col.
605 1294 164 45 front.,
798 1295 171 48 plates,
1001 1293 155 40 tables
1186 1293 135 48 (part
1349 1293 142 49 fold.)
1557 1293 178 47 diagrs.
1793 1293 55 40 23
1852 1296 43 21 cm
1902 1327 7 8 .

79 1359 53 53 ©
157 1366 125 45 Sept.
305 1364 39 47 4,
371 1363 139 47 1936;
536 1363 66 40 2c.
628 1363 96 39 and
750 1363 80 40 aff.
859 1365 107 37 Dec.
994 1362 52 42 2;
1073 1364 40 38 A
1138 1362 198 43 100768;
1366 1364 41 38 J.
1436 1364 52 39 B.
1516 1362 276 49 Lippincott
1817 1374 67 30 co.

78 1522 213 54 Kaiser
354 1522 688 65 Wilhelm-gesellschaft
1107 1539 104 37 zur
1276 1523 329 64 förderung
1669 1524 101 52 der
148 1523 1903 143 Wissenschaften,
469 1601 216 54 Berlin.

78 1677 1996 148 25 jahre Kaiser Wilhelm-gesellschaft zur förderung der Wissenschaften … herausgegeben vom Präsidenten Max Planck.
81 1836 213 57 Berlin,
319 1837 53 53 J.
403 1835 296 67 Springer,
727 1838 148 50 1936.

149 1908 26 38 2
205 1919 39 27 v.
304 1907 128 40 illus.
461 1907 132 48 (incl.
625 1910 136 48 map)
798 1908 171 48 plates,
1000 1910 147 45 ports.
1206 1906 57 40 25
1266 1910 43 21 cm
1316 1941 7 7 .

150 1964 133 41 Each
309 1964 189 40 volume
527 1964 89 41 has
644 1964 104 40 also
775 1964 178 48 special
985 1967 96 44 t.-p.

151 2021 74 40 An
253 2020 177 42 earlier
455 2020 182 41 edition
664 2021 52 40 of
738 2032 44 30 v.
808 2021 24 39 1
861 2030 101 31 was
988 2022 162 39 issued
1180 2020 179 47 Berlin,
1388 2020 128 42 1928.

429 2076 105 43 CONTENTS.—1.
568 2074 78 45 bd.
683 2078 288 41 Handbuch.
974 2076 104 42 —2.
1111 2074 79 44 bd.
1223 2078 91 40 Die
1350 2077 570 49 naturwissenschaften,
80 2077 1982 106 redigiert
232 2146 92 30 von
353 2136 115 39 Max
496 2136 293 40 Hartmann.

82 2194 1998 53 © Jan. 13, 1936; 1c. each June 3; A-Foreign 31956; Julius Springer.
162 2254 279 51 (36-30370)

80 2360 252 53 Kansas.
406 2361 279 65 Supreme
716 2365 173 48 court.

153 2435 1928 69 Reports of cases argued and determined … Published under
85 2514 293 68 authority
413 2515 62 54 of
513 2515 110 52 law
659 2516 74 65 by
769 2515 275 53 direction
1082 2516 63 51 of
1180 2515 95 52 the
1313 2513 275 69 Supreme
1624 2521 163 48 court
1823 2515 62 51 of
82 2515 1976 140 Kansas,
213 2593 259 53 Howard
502 2594 64 52 F.
598 2592 234 66 McCue,
862 2591 196 55 official
1091 2598 271 62 reporter,
1438 2612 51 32 v.
1523 2596 113 50 142.
1668 2595 152 53 June
1850 2597 47 62 8,
1928 2596 153 62 1935,

83 2676 57 47 to
166 2671 306 52 December
498 2674 83 62 31,
609 2673 149 51 1935.
834 2671 251 67 Topeka,
1109 2672 241 52 Printed
1376 2672 74 66 by
1475 2672 225 52 Kansas
1726 2676 143 48 state
83 2671 1975 143 printing
208 2749 181 66 plant,
410 2750 88 53 W.
527 2749 60 55 C.
612 2749 230 65 Austin,
866 2754 143 47 state
1039 2749 236 66 printer,
1302 2753 150 49 1936.

184 2854 8 15 L,
223 2820 85 40 955
337 2831 43 38 p.
439 2819 56 41 23
498 2824 43 21 cm
547 2852 7 7 .

85 2878 1981 111 © Oct. 7, 1936; 2c. Oct. 26; aff. Nov. 18; A 100600; St. Elmo Else, reporter, for the benefit of the state of Kansas, Topeka, Kan.
85 3043 238 63 Kieran,
348 3044 173 55 John.

154 3118 119 53 The
297 3125 158 63 story
480 3120 61 53 of
565 3120 97 53 the
688 3120 269 68 Olympic
980 3138 208 51 games,
1212 3119 102 54 776
1377 3163 9 9 B.
1463 3123 174 50 C-1936
1701 3162 8 8 A.
1774 3161 27 26 D.,
1827 3121 74 67 by
1925 3119 156 55 John

86 3195 244 67 Kieran;
367 3196 298 69 profusely
696 3198 324 53 illustrated
1053 3198 112 52 and
1200 3198 138 52 with
1372 3217 71 34 an
1477 3197 185 54 index.
1731 3197 139 53 New
1903 3197 179 67 York,

84 3274 308 53 Frederick
420 3275 70 51 A.
521 3273 202 56 Stokes
752 3292 297 52 company,
1079 3278 148 51 1936.

155 3347 84 40 viii
266 3359 58 38 p.,
350 3347 26 38 2
422 3379 24 17 l.,
471 3346 146 42 3-319
641 3359 44 38 p.
738 3348 163 48 front.,
928 3348 142 47 illus.,
1094 3349 172 49 plates,
1293 3352 149 46 ports.
1497 3347 55 39 22½
1586 3350 43 22 cm
1633 3380 10 9 .

157 3402 246 51 “Olympic
433 3404 338 49 champions”:
803 3415 44 38 p.
876 3404 218 42 271-310.

88 3457 53 53 ©
169 3461 101 41 Oct.
298 3461 70 47 22,
394 3460 141 49 1936;
563 3460 67 42 2c.
658 3462 93 39 and
782 3463 80 39 aff.
892 3462 102 41 Oct.
1023 3460 82 49 27;
1137 3463 39 38 A
1207 3461 164 40 10009];
1439 3461 261 41 Frederick
1729 3463 54 38 A.
1817 3462 171 40 Stokes
2016 3471 68 32 co.

169 3516 279 50 (36-28529)

86 3623 207 63 Leslie,
319 3625 135 51 Mrs.
480 3624 189 53 Sarah
702 3623 514 65 (Satterthwaite)

221 3696 1835 69 … Morningshore children. New York, H. Harrison [ c 1936]
159 3767 84 41 127
279 3778 41 37 p.
380 3767 53 39 21½
468 3770 44 22 cm
518 3800 8 8 .

160 3825 63 38 At
254 3824 123 40 head
408 3825 54 39 of
490 3825 134 40 title:
660 3825 238 41 Sarabeth
928 3825 170 41 Leslie.

161 3880 147 40 Verse
337 3879 78 40 for
445 3881 232 39 children.

90 3934 53 53 ©
179 3939 127 47 Sept.
339 3939 67 46 15,
442 3938 140 47 1936;
618 3938 69 37 2c.
721 3940 117 35 Nov.
869 3940 25 35 4;
960 3940 81 35 aff.
1074 3940 115 35 Nov.
1224 3938 26 37 5;
1314 3940 34 35 A
1387 3937 172 38 100283;
1624 3940 135 35 Henry
1828 3938 256 37 Harrison.

170 3994 280 49 (36-30065)
