2519 4377
1348 4028 62 49 58

426 447 266 43 Published
718 450 105 40 also
849 460 56 30 as
931 460 154 39 group
1110 459 89 30 one
1225 449 52 40 of
1304 450 128 39 Pure
1458 449 119 41 bred
1602 450 133 47 dogs.
1795 448 62 49 cf.
1885 448 187 40 Introd.

426 506 73 41 On
527 517 170 30 cover:
727 507 73 39 An
830 507 174 41 official
1034 507 315 49 publication.

429 563 265 49 “Glossary
723 564 53 40 of
807 563 241 42 technical
1081 567 150 39 terms
1262 564 213 49 relating
1505 565 48 39 to
1582 565 132 48 dogs,
1745 563 239 49 compiled
2015 562 62 49 by
2106 562 179 42 Vinton
2320 565 49 39 P.

354 621 209 41 Breese”:
623 633 45 38 p.
702 622 251 51 [103]-117.

351 696 53 54 ©
437 702 112 40 Dec.
583 701 69 48 20,
688 702 141 47 1935;
864 702 69 40 2c.
968 702 110 40 Jan.
1110 701 70 47 25,
1215 701 141 48 1936;
1393 702 82 41 aff.
1512 702 110 40 Jan.
1657 701 84 48 27;
1778 701 43 40 A
1852 700 174 41 91476:
2066 700 52 41 G.
2155 701 217 39 Howard

421 760 151 43 Watt,
599 759 91 41 inc.
757 758 251 49 (36-3098)

428 858 285 72 Sporting
739 862 142 69 dogs
919 862 279 68 (hounds);
1266 862 97 53 the
1387 862 199 54 breeds
1615 864 113 53 and
1755 861 307 53 standards
2093 879 60 35 as

356 878 1991 116 recognized
557 939 75 65 by
669 941 95 54 the
799 938 310 57 American
1142 939 203 55 kennel
1384 939 156 66 club;
1580 941 141 54 with
1756 958 72 36 an
1866 938 393 55 introduction
2296 939 74 68 by

356 1018 1993 148 Charles T. Inglee … majority of photographs by R. W. Tauskey.
557 1098 141 52 New
726 1099 181 67 York,
936 1099 69 55 G.
1033 1099 78 53 H.
1138 1100 180 66 Watt,
1345 1098 127 69 inc.,
1503 1103 150 51 1935.

429 1196 45 36 x,
506 1184 87 41 118
621 1194 44 38 p.
726 1183 145 49 illus.,
903 1184 173 49 plates.
1136 1184 56 42 23
1196 1187 44 21 cm
1245 1216 9 10 .

431 1254 266 41 Published
728 1256 105 40 also
863 1265 56 31 as
947 1265 155 39 group
1132 1258 96 38 two
1259 1255 52 41 of
1340 1256 127 40 Pure
1497 1256 116 40 bred
1645 1256 132 48 dogs.
1839 1255 62 48 cf.
1935 1255 185 40 Introd.

432 1312 72 41 On
533 1321 143 32 cover:
733 1312 74 40 An
838 1311 174 42 official
1040 1311 313 50 publication.

434 1369 265 48 “Glossary
728 1370 53 39 of
808 1369 242 41 technical
1080 1372 152 38 terms
1262 1369 212 50 relating
1503 1373 51 39 to
1583 1371 132 48 dogs,
1749 1369 238 50 compiled
2018 1370 61 48 by
2111 1369 178 41 Vinton
2325 1372 49 39 P.

359 1426 209 43 Breese”:
628 1438 44 38 p.
705 1426 251 52 [105]-118.

355 1503 2021 53 © Dec. 20, 1935; 2c. Jan. 25, 1936; aff. Jan. 27; A 91471; G. Howard
427 1566 151 46 Watt,
602 1564 92 41 inc.
759 1564 253 50 (36-3099)

433 1667 287 68 Terriers;
770 1669 97 54 the
910 1669 200 54 breeds
1157 1672 118 52 and
1318 1670 306 54 standards
1669 1689 60 34 as
1775 1669 337 70 recognized
2157 1670 76 67 by
2280 1670 95 53 the

360 1746 311 56 American
718 1747 206 54 kennel
967 1748 158 64 club;
1171 1748 140 55 with
1355 1767 72 34 an
1472 1747 392 55 introduction
1904 1749 79 66 by
2026 1749 239 56 Charles
2309 1751 65 51 T.

361 1825 2016 71 Inglee … majority of photographs by R. W. Tauskey. New
366 1903 178 71 York,
571 1906 70 55 G.
670 1907 77 54 H.
775 1907 183 66 Watt,
984 1907 128 68 inc.,
1140 1911 150 50 1935.

433 2004 46 38 x,
510 1992 87 43 125
627 2003 44 38 p.
732 1992 145 49 illus.,
908 1992 174 49 plates.
1142 1993 57 40 23
1200 1995 16 21 cm
1250 2025 9 9 .

436 2064 267 40 Published
733 2064 104 40 also
867 2074 55 31 as
950 2074 155 39 group
1129 2063 116 41 four
1272 2063 52 41 of
1351 2064 126 40 Pure
1506 2064 117 40 bred
1653 2064 132 48 dogs.
1846 2064 63 49 cf.
1943 2064 187 41 Introd.

437 2123 73 40 On
541 2132 171 30 cover:
749 2122 74 40 An
857 2121 175 42 official
1064 2121 314 50 publication.

439 2179 265 49 “Glossary
734 2179 53 41 of
815 2179 242 40 technical
1087 2181 151 39 terms
1268 2179 213 48 relating
1510 2180 49 39 to
1590 2180 132 47 dogs,
1754 2179 238 49 compiled
2023 2180 60 48 by
2114 2180 180 40 Vinton
2328 2181 49 38 P.

357 2237 236 43 Breese”:
629 2249 44 38 p.
713 2237 249 51 [111]-125.

361 2305 54 54 ©
449 2311 111 39 Dec.
596 2310 71 44 20,
702 2309 115 41 1935;
879 2309 66 41 2c.
981 2310 109 40 Jan.
1125 2309 71 48 25,
1228 2308 140 44 1936;
1406 2309 81 40 aff.
1522 2309 110 41 Jan.
1667 2308 83 48 27;
1789 2309 41 39 A
1862 2309 174 42 91474;
2075 2310 52 40 G.
2164 2309 218 40 Howard

435 2367 150 49 Watt,
621 2367 92 41 inc.
787 2367 253 49 (36-3100)

423 2470 126 67 Toy
591 2473 169 66 dogs;
805 2472 97 54 the
942 2470 200 53 breeds
1184 2472 112 52 and
1339 2469 304 54 standards
1687 2487 61 35 as
1788 2469 337 69 recognized
2165 2470 76 68 by
2283 2470 96 52 the

365 2547 311 54 American
722 2548 205 54 kennel
971 2548 157 67 club;
1174 2547 142 55 -with
1360 2567 71 34 an
1474 2546 392 55 introduction
1909 2548 78 68 by
2032 2549 238 55 Charles
2314 2551 64 52 T.

368 2626 2014 71 Inglee … majority of photographs by R. W. Tauskey. New
374 2707 174 68 York,
578 2707 70 56 G.
678 2708 78 53 H.
785 2709 182 67 Watt,
996 2707 127 68 inc.,
1154 2711 151 50 1935.

440 2805 45 37 x,
514 2793 58 41 99
599 2804 43 38 p.
705 2791 144 50 illus.,
881 2793 173 49 plates.
1115 2793 56 41 23
1174 2794 44 22 cm
1223 2825 10 8 .

442 2863 267 44 Published
738 2864 104 42 also
869 2874 57 31 as
952 2874 155 39 group
1133 2863 93 41 five
1256 2862 52 42 of
1336 2862 127 41 Pure
1490 2862 115 41 bred
1635 2862 131 48 dogs.
1827 2860 62 49 cf.
1919 2861 188 41 Introd.

442 2923 73 41 On
542 2932 145 32 cover:
743 2923 77 39 An
846 2923 176 40 official
1050 2921 316 49 publication.

445 2979 266 50 “Glossary
740 2980 53 41 of
822 2979 242 42 technical
1096 2982 150 38 terms
1278 2978 212 47 relating
1520 2980 49 38 to
1599 2978 130 47 dogs,
1760 2976 238 49 compiled
2028 2977 61 48 by
2120 2977 180 41 Vinton
2333 2979 51 42 P.

374 3036 206 42 Breese”:
639 3049 45 38 p.
722 3037 192 51 [85]-99.

366 3104 2018 54 © Dec. 20, 1935; 2c. Jan. 25. 1936; aff. Jan. 27: A 91472: G. Howard
439 3167 149 42 Watt,
615 3167 93 40 inc.
773 3166 252 49 (36-3101)

440 3268 290 69 Working
766 3270 168 67 dogs;
976 3270 96 53 the
1106 3269 199 53 breeds
1343 3269 112 52 and
1494 3266 305 55 standards
1838 3284 60 35 as
1937 3265 334 70 recognized
2309 3267 73 67 by

373 3346 96 54 the
507 3346 311 54 American
858 3348 204 52 kennel
1106 3346 157 68 club;
1308 3344 139 56 with
1489 3364 73 34 an
1601 3343 391 54 introduction
2031 3344 77 68 by
2147 3345 238 55 Charles

372 3423 2011 72 T. Inglee … majority of photographs by R. W. Tauskey. New
372 3504 182 70 York,
582 3504 69 57 G.
684 3505 78 56 H.
792 3506 181 69 Watt,
1002 3505 126 70 inc.,
1159 3509 151 52 1935.

448 3589 98 51 viii,
577 3590 88 41 184
695 3601 43 38 p.
798 3591 146 49 illus.,
976 3593 173 47 plates.
1210 3592 56 40 23
1269 3593 44 22 cm
1318 3621 9 10 .

448 3660 266 42 Published
744 3662 104 40 also
876 3672 55 30 as
960 3673 154 38 group
1143 3663 138 39 three
1311 3661 52 40 of
1393 3662 128 39 Pure
1548 3660 116 41 bred
1694 3660 131 47 dogs.
1886 3658 62 48 cf.
1979 3659 186 41 Introd.

448 3717 73 42 On
547 3728 144 31 cover:
747 3719 73 39 An
849 3719 174 41 official
1050 3719 317 49 publication.

449 3774 265 49 “Glossary
743 3775 53 39 of
825 3775 242 41 technical
1099 3778 150 39 terms
1281 3774 212 49 relating
1520 3777 49 38 to
1602 3775 132 47 dogs,
1766 3772 237 49 compiled
2033 3772 61 48 by
2123 3774 182 40 Vinton
2336 3776 51 40 P.

376 3831 237 42 Breese”:
644 3843 46 39 p.
725 3832 251 51 [171]-184.

373 3900 2016 53 © Dec. 20, 1935; 2c. Jan. 25, 1936; aff. Jan. 27: A 91475: G. Howard
443 3962 150 49 Watt,
616 3960 91 42 inc.
772 3961 252 49 (36-3102)
