2519 4377
1062 4099 98 50 575

250 575 8 15 xx,
286 542 86 42 399
400 554 39 36 p.
502 540 140 48 illus.,
674 541 175 50 diagrs.
910 542 55 40 23½
996 543 44 22 cm
1045 572 9 10 .

180 611 439 50 “Bibliographies”
637 623 9 28 :
679 623 39 37 p.
749 612 214 40 317-347.

181 669 132 40 “List
345 668 52 40 of
427 678 133 31 cases
595 667 154 41 cited”
768 680 9 29 :
816 679 39 37 p.
892 667 214 41 349-374.
1186 668 228 40 “Patents
1453 666 219 41 involved
1709 667 49 39 in
1794 665 272 49 litigation”
2085 676 9 29 :

109 735 39 36 p.
180 724 214 42 375-382.

109 790 53 53 ©
191 795 111 47 Apr.
333 794 68 46 28,
433 794 112 41 1936
563 805 9 35 ;
603 795 68 39 2c.
702 796 112 46 May
845 796 26 38 7
888 805 8 34 ;
931 793 82 41 aff.
1044 795 113 45 May
1186 794 25 39 6
1229 804 9 34 ;
1270 794 38 38 A
1340 794 141 39 95041
1500 803 9 36 ;
1544 791 373 47 Prentice-Hall,
1950 792 90 40 inc.

190 851 248 47 (36-9783)

107 953 394 66 Trowbridge,
532 953 267 57 Cornelia
826 955 243 63 Rogers.

182 1045 233 68 Feeling
445 1044 213 53 better?
730 1044 393 52 Amusements
1156 1044 107 52 and
1299 1043 363 69 occupations
1694 1042 93 54 for
110 1043 1967 146 convalescents,
310 1123 74 67 by
418 1120 259 57 Cornelia
716 1123 68 51 R.
817 1121 401 68 Trowbridge;
1255 1123 137 53 with
1428 1121 376 54 illustrations
1837 1121 75 68 by
1945 1122 157 51 Kurt

111 1200 199 53 Wiese.
372 1201 138 52 New
537 1200 179 60 York,
742 1200 189 66 Dodd,
957 1200 169 53 Mead
1150 1203 46 50 &
1221 1219 296 49 company,
1544 1203 150 51 1936.

180 1286 910 51 8 p. l. , 250 p. illus., diagrs. 21 cm .
181 1358 285 41 Illustrated
504 1357 361 50 lining-papers.

184 1415 158 40 Blank
366 1425 120 39 page
511 1415 77 41 for
616 1414 282 42 “Materials
924 1415 95 40 and
1044 1415 301 47 equipments
1370 1415 79 41 for
1473 1415 185 41 crafts”
1695 1414 132 51 (238)

183 1471 279 42 “Answers”
483 1482 8 29 :
525 1483 44 38 p.
600 1470 218 42 239-250.

182 1529 223 41 Includes
441 1529 387 49 bibliographies.

113 1596 52 54 ©
197 1602 120 39 Mar.
346 1601 70 46 31,
446 1599 112 42 1936
577 1612 8 32 ;
618 1600 67 41 2c.
717 1601 112 48 Apr.
861 1602 24 39 3
904 1612 8 32 ;
947 1600 81 41 aff.
1058 1600 113 48 Apr.
1204 1600 54 39 14
1276 1610 8 36 ;
1318 1600 40 39 A
1389 1598 143 43 93682
1551 1610 8 37 ;
1593 1601 154 47 Dodd,
1780 1602 140 39 Mead
1953 1601 35 41 &
2020 1610 82 40 co.,

182 1659 89 39 inc.
338 1657 249 48 (36-9804)

110 1759 257 54 Truman
405 1758 251 55 William
693 1760 258 64 Brophy,
989 1780 30 33 a
1053 1761 250 52 memoir.
1377 1761 312 53 Published
1724 1760 73 68 by
1835 1761 93 54 the
179 1761 1898 127 children
360 1835 64 53 of
463 1836 254 52 Truman
759 1835 259 55 William
1062 1836 240 69 Brophy
1345 1834 96 54 for
1479 1834 224 70 private
1747 1836 353 54 circulation.

184 1913 288 70 [Chicago]
508 1917 150 51 1936.

182 2000 83 42 113
291 2012 43 37 p.
388 2000 163 47 front.,
575 2011 98 28 xxv
697 2001 61 46 pl.
789 2000 131 49 (incl.
949 2001 162 47 ports.,
1136 1998 240 50 facsims.)
1436 1999 56 41 23½
1525 2002 44 22 cm
1573 2032 8 8 .

183 2070 245 49 Compiled
453 2072 59 46 by
538 2072 184 40 Bertha
746 2072 49 39 P.
822 2072 258 41 Robinson,
1142 2072 61 46 cf.
1227 2081 42 38 p.
1301 2070 56 51 [4]

183 2142 549 41 Contents.—Truman
778 2143 211 40 William
1036 2143 209 48 Brophy,
1294 2142 273 41 1848-1928.
1645 2143 159 40 Books
1848 2142 252 49 published

121 2200 63 47 (p.
226 2201 352 46 7)—Personal
618 2200 761 41 reminiscences.—Testimonial
1419 2200 211 47 banquet
1669 2200 61 47 by
1771 2201 81 40 the
1894 2199 206 49 Chicago

114 2259 163 41 dental
299 2259 193 47 society,
516 2259 250 48 February
790 2259 40 47 1,
854 2257 442 42 1913.—Memorial
1319 2258 523 48 services.—Excerpts
1867 2258 125 40 from
2020 2258 84 40 Dr.

115 2315 233 49 Brophy’s
385 2316 318 48 “Friendship
741 2315 270 42 calendar”.

115 2388 53 52 ©
199 2393 120 39 Mar.
350 2391 68 46 24,
453 2390 138 46 1936;
624 2390 69 40 2c.
725 2389 94 40 and
851 2389 82 41 aff.
967 2391 121 39 Mar.
1121 2390 82 41 27;
1238 2390 39 38 A
1311 2388 169 43 93588;
1516 2390 123 39 Jean
1673 2390 195 47 Brophy
1905 2391 201 45 Barnes,

184 2449 258 45 Redlands,
479 2447 157 47 Calif.,
676 2447 227 40 Florence
939 2447 196 46 Brophy
1172 2446 174 47 Logan,
1385 2445 222 48 Chicago,
1645 2446 214 39 Truman
1896 2447 210 46 Brophy,

185 2505 75 47 jr.,
298 2503 223 41 Baldwin
556 2504 143 44 Park,
738 2502 158 49 Calif.,
935 2504 95 38 and
1069 2503 116 39 Mrs.
1225 2503 270 47 Holloway,
1534 2503 205 47 Beverly
1777 2503 144 46 Hills,
1961 2502 145 42 Calif.

194 2561 249 48 (36-9954)

115 2663 218 55 United
369 2663 348 64 typothetae
752 2662 62 53 of
850 2660 291 55 America.
1215 2663 170 63 Dept.
1422 2662 62 64 of
1518 2661 315 54 education.

248 2750 1858 70 … The standard book on estimating for printers, by Fred
116 2828 1966 150 W. Hoch … Washington, D. C., United typothetae of America, 1936.
189 2993 1921 51 xi, 242 p., 1 l. incl. illus., tables, diagrs., forms. 23½ cm . (Typothetae
120 3055 335 46 management
484 3051 175 47 series)

191 3121 259 41 Published
490 3121 47 39 in
576 3121 115 40 1929
727 3122 58 47 by
827 3122 79 39 the
943 3122 139 46 Dept.
1121 3120 51 40 of
1209 3120 271 48 education,
1520 3122 178 41 United
1737 3124 284 48 typothetae
2059 3124 51 42 of

121 3179 235 42 America.

188 3236 237 41 "Revised
458 3235 226 41 edition.”

120 3304 53 52 ©
205 3308 112 48 Apr.
351 3308 70 44 22,
455 3306 112 40 1936
586 3317 8 35 ;
631 3307 67 38 2c.
734 3307 94 38 and
862 3305 82 40 aff.
979 3306 112 47 Apr.
1128 3305 82 46 22;
1248 3306 38 38 A
1322 3305 170 42 93757:
1531 3307 178 40 United
1742 3310 282 46 typothetae
2060 3311 50 39 of

186 3363 236 40 America.
485 3362 279 49 [Copyright
796 3362 40 40 is
869 3362 202 40 claimed
1104 3373 59 29 on
1196 3362 235 40 revisions
1464 3365 96 38 and
1591 3375 104 29 new
1727 3365 240 50 material]

203 3420 248 48 (36-9849)

120 3521 1095 66 Ver Wiebe, W alter August, 1887-
190 3611 1918 72 Historical geology, by Walter A. Ver Wiebe … 2d ed., 1935.
124 3692 80 54 St.
229 3691 189 65 Louis,
444 3690 251 68 Chicago
724 3694 136 62 [etc.]
887 3690 141 52 Pub.
1052 3692 46 50 &
1119 3689 432 69 planographed
1574 3691 75 69 by
1671 3693 154 54 John
1850 3694 56 55 S.
1934 3695 177 55 Swift

121 3788 97 47 co.,
251 3768 124 66 inc.,
407 3775 18 22 c
431 3771 149 49 1935.

193 3867 42 36 V,
260 3856 87 40 316
369 3866 43 37 p.
467 3854 127 40 illus.
624 3854 133 48 (incl.
785 3856 162 48 maps)
1006 3855 56 40 23
1065 3858 44 20 cm
1113 3886 9 9 .

195 3910 344 42 “References”
568 3913 51 38 at
644 3912 91 39 end
760 3911 53 40 of
833 3911 135 40 three
993 3911 52 40 of
1067 3911 81 40 the
1174 3911 239 48 chapters.

127 3978 52 51 ©
210 3983 107 37 Jan.
349 3982 68 45 25,
450 3981 138 39 1936;
621 3982 67 38 2c.
723 3981 108 38 Feb.
863 3980 52 45 6;
951 3980 82 40 aff.
1066 3981 120 39 Mar.
1219 3981 82 46 28;
1336 3982 40 38 A
1408 3982 169 48 92639;
1614 3986 70 40 W.
1717 3987 52 39 A.
1805 3990 93 39 Ver
1931 3991 177 48 Wiebe,

193 4037 221 49 Wichita,
450 4038 123 38 Kan.
646 4035 250 49 (36-9813)
