2519 4377
1344 4115 133 49 1308

418 411 205 67 Reese,
652 413 232 54 Lizette
912 415 401 65 Woodworth,
1344 423 329 54 1856-1935.

490 489 123 53 The
640 489 99 53 old
767 490 174 53 house
969 491 60 53 in
1057 492 98 53 the
1183 497 261 65 country,
1472 495 77 67 by
1576 494 220 57 Lizette
1824 497 377 54 Woodworth
2231 499 202 70 Reese;

422 565 392 57 introduction
853 568 77 69 by
972 568 234 70 Hervey
1247 569 188 55 Allen.
1512 572 140 53 New
1697 573 181 69 York,
1921 575 218 54 Farrar
2178 578 45 51 &
419 575 1993 142 Rinehart,
598 645 408 69 incorporated
1041 681 14 34 [
1059 654 20 22 c
1082 649 135 51 1936
1222 682 14 34 ]

490 729 101 48 viii,
625 729 58 41 54
714 739 44 41 p.
818 730 59 41 20
879 733 45 22 cm
928 764 9 9 .

491 801 161 42 Poem.

418 870 53 54 ©
505 875 129 48 Sept.
665 876 71 48 10,
767 876 118 42 1936
901 889 9 36 ;
942 877 69 42 2c.
1047 879 128 48 Sept.
1208 881 56 39 14
1281 891 9 36 ;
1325 879 84 43 aff.
1444 882 131 48 Sept.
1606 882 56 40 11
1680 893 10 37 ;
1725 884 44 40 A
1796 882 146 43 98381
1960 896 9 36 ;
2006 885 187 41 Farrar
2225 887 39 41 &
487 883 1935 102 Rinehart,
644 934 93 42 inc.
803 934 284 53 (36-27413)

415 1037 209 68 Reilly,
653 1039 260 56 William
940 1040 175 66 John,
1148 1047 173 52 1899-

487 1116 153 53 How
678 1123 61 48 to
773 1117 122 55 find
932 1119 113 53 and
1084 1118 200 55 follow
1319 1139 147 51 your
1502 1140 220 50 career;
1762 1122 252 72 straight
2053 1125 275 71 thinking
2364 1145 75 36 on

417 1196 1996 155 career planning, by William J. Reilly … New York and London, Harper & brothers, 1936.
487 1365 104 50 xiii,
621 1366 86 40 161
735 1376 46 39 p.
835 1365 156 49 diagr.
1048 1366 59 43 20½
1138 1370 45 22 cm
1187 1401 10 9 .

488 1436 164 41 “First
683 1435 229 43 edition.”

416 1503 53 53 ©
505 1508 122 47 Aug.
665 1509 69 47 31,
772 1508 142 43 1936:
954 1509 68 41 2c.
1063 1510 129 48 Sept.
1230 1511 54 49 1;
1324 1510 83 43 aff.
1448 1511 128 50 Sept.
1614 1513 54 47 3;
1707 1513 43 40 A
1785 1512 172 50 97651;
1998 1515 196 49 Harper
2232 1516 39 43 &
2308 1517 126 43 bros.

492 1564 288 54 (36-20377)

409 1671 206 53 Rhode
641 1671 221 55 Island.
936 1674 281 65 Supreme
1244 1679 176 49 court.

544 1749 1887 73 … Reports of cases argued and determined … Edward C.
413 1826 237 70 Stiness,
694 1833 275 64 reporter.
1057 1830 245 68 [Volume
1346 1835 84 63 55]
1514 1831 373 70 Providence,
1931 1835 68 53 E.
2042 1836 65 53 L.
2153 1836 280 55 Freeman

409 1924 98 48 co.,
534 1907 270 67 printers,
832 1911 151 51 1936.

480 1992 152 50 xxvii,
662 1993 85 41 554
776 2004 43 39 p.
879 1994 57 41 24
938 1997 45 21 cm
989 2028 9 9 .

412 2060 53 53 ©
493 2064 117 47 July
639 2065 41 48 6,
709 2063 115 43 1936
843 2077 9 36 ;
882 2066 68 39 2c.
982 2066 102 40 Oct.
1114 2066 26 39 2
1158 2077 10 37 ;
1202 2066 83 41 aff.
1317 2066 103 42 Oct.
1449 2067 27 40 6
1494 2078 9 37 ;
1531 2068 42 39 A
1603 2067 146 42 98794
1766 2080 8 36 ;
1811 2069 140 41 State
1980 2069 52 39 of
2061 2069 172 41 Rhode
2262 2069 170 42 Island

481 2122 97 39 and
608 2121 301 42 Providence
935 2122 321 49 plantations,
1289 2123 313 42 Providence.

410 2225 390 69 Richardson,
828 2225 257 58 William
1111 2227 256 67 Payson,
1397 2234 173 51 1864-

410 2303 1998 154 The law of evidence (5th ed.) by William Payson Richardson … Brooklyn, N. Y., 1936.
480 2474 48 49 li,
561 2475 70 49 [1],
661 2472 85 42 622
772 2484 46 39 p.
876 2473 57 42 23½
967 2477 44 21 cm
1016 2507 9 9 .

412 2542 53 54 ©
504 2547 128 47 Sept.
672 2546 69 49 16,
778 2546 142 48 1936;
960 2547 68 40 2c.
1066 2547 94 40 and
1201 2545 83 44 aff.
1322 2547 129 48 Sept.
1488 2546 85 49 22;
1612 2548 42 39 A
1692 2546 172 49 98571;
1906 2549 73 40 W.
2018 2549 50 39 P.
2107 2547 322 53 Richardson,

480 2604 264 47 Brooklyn.
816 2603 283 49 (36-20386)

407 2708 263 65 Sawyer,
698 2709 200 54 Elmer
927 2710 268 62 Warren,
1226 2713 173 52 1892-

480 2785 374 55 Automobile
884 2785 255 70 liability
1170 2786 329 68 insurance;
1536 2803 73 36 an
1643 2784 252 72 analysis
1926 2785 68 55 of
2023 2786 97 55 the
2153 2785 276 57 National

409 2863 2019 77 standard policy provisions, by E. W. Sawyer … 1st ed. New
411 2946 163 53 York
604 2947 116 53 and
750 2946 261 68 London,
1041 2944 435 59 McGraw-Hill
1508 2947 149 53 book
1684 2964 302 53 company,
2016 2948 127 68 inc.,
2177 2951 150 51 1936.

480 3036 84 39 xiv
594 3046 58 39 p.,
685 3035 26 41 1
779 3067 9 17 l.,
818 3036 86 41 321
933 3045 46 39 p.
1037 3036 58 40 21
1097 3038 46 22 cm
1147 3068 9 9 .
1228 3034 301 50 (Half-title:
1560 3033 353 44 McGraw-Hill
1946 3034 264 42 insurance
2242 3035 177 52 series)

480 3107 164 40 “First
677 3105 227 43 edition.”

482 3164 299 41 “Reference
810 3162 170 42 notes”
997 3176 12 29 :
1039 3164 29 39 2
1099 3162 289 42 detachable
1421 3164 166 39 leaves
1617 3161 219 43 inserted
1868 3162 134 42 after
2031 3173 46 38 p.
2108 3163 56 42 30
2197 3162 97 42 and
2326 3162 100 45 194.

480 3220 383 50 Bibliography:
894 3231 45 38 p.
969 3221 220 41 313-315.

408 3288 53 53 ©
486 3293 116 46 July
624 3292 72 48 31,
720 3291 115 42 1936
853 3303 9 36 ;
889 3291 68 42 2c.
983 3292 120 48 Aug.
1131 3292 25 40 5
1175 3303 9 36 ;
1213 3291 82 42 aff.
1320 3291 121 48 Aug.
1465 3291 27 40 6
1508 3302 10 36 ;
1546 3292 41 38 A
1611 3289 146 43 97261
1773 3302 12 39 ;
1812 3290 355 41 McGraw-Hill
2193 3289 126 42 book
2342 3300 83 39 co.,

477 3349 92 42 inc.
633 3348 283 51 (36-20376)

406 3453 230 66 Singer,
669 3455 204 63 Edgar
900 3453 254 64 Arthur,
1188 3454 172 56 1873-

480 3522 1940 80 On the contented life, by Edgar A. Singer, jr. … New
413 3607 1119 71 York. H. Holt and company [ c 1936]
478 3682 30 41 6
529 3693 45 38 p.
640 3714 8 14 l.,
673 3681 147 43 3-271
845 3692 45 38 p.
950 3681 58 41 20½
1040 3684 17 22 cm
1089 3715 9 9 .

749 3758 106 34 CONTENTS.—I.
885 3750 74 42 On
987 3753 84 40 the
1099 3752 258 42 contented
1388 3751 88 40 life
1493 3761 9 30 :
1533 3749 223 42 Esthetic
1789 3751 93 40 and
1915 3751 82 39 the
2031 3748 210 41 rational
2275 3748 144 41 ideal.

412 3807 242 49 Progress.
714 3807 72 43 On
814 3819 28 30 a
873 3808 210 49 possible
1115 3808 186 43 science
1331 3808 53 41 of
1415 3807 216 49 religion.
1694 3806 71 43 On
1799 3807 83 40 the
1912 3806 255 41 contented
2202 3805 217 42 life.—II.

412 3863 69 47 By
505 3875 108 37 way
636 3866 54 40 of
712 3864 304 42 illustration
1034 3876 9 30 :
1068 3864 255 43 Confessio
1350 3863 290 50 philosophi.
1694 3864 160 48 Royce
1880 3875 59 29 on
1965 3864 106 40 love
2097 3864 95 40 and
2220 3860 199 50 loyalty.

411 3921 272 47 Mysticism
702 3933 9 30 :
739 3933 28 31 a
795 3924 233 39 contrast.
1086 3921 90 41 Old
1203 3920 157 50 magic
1387 3922 96 40 and
1510 3931 107 31 new
1644 3923 92 39 art.

406 3989 54 53 ©
492 3994 128 47 Sept.
650 3994 69 47 10,
749 3992 118 43 1936
881 4005 10 37 ;
920 3994 68 40 2c.
1019 3993 95 40 and
1144 3993 82 40 aff.
1260 3993 129 49 Sept.
1414 3992 83 50 19;
1528 3993 42 40 A
1597 3992 173 48 97934;
1805 3993 169 46 Henry
2004 3992 120 39 Holt
2154 3992 36 40 &
2217 4000 82 39 co.,
2329 3989 92 41 inc.

486 4047 283 55 (36-20231)
