2519 4377
1332 4130 103 50 460

472 525 55 41 63
553 536 42 37 p.
722 555 7 15 pl.,
758 526 149 47 ports.
962 526 54 38 21½cm.

475 582 146 41 Short
651 581 341 49 bibliography
1022 582 226 41 included
1281 583 50 40 in
1361 585 81 38 the
1474 584 257 40 foreword.

402 635 52 53 ©
487 641 121 38 Mar.
641 639 71 48 30,
745 638 140 48 1936;
920 640 67 40 2c.
1021 641 95 38 and
1150 639 83 43 aff.
1266 641 114 47 Apr.
1412 641 52 42 2;
1500 642 40 38 A
1571 640 172 49 93490;
1780 644 71 39 W.
1887 644 60 38 M.
1985 644 155 47 Ryan,
2174 645 237 42 Houston.

482 695 253 49 (36-8966)

399 788 486 64 Schermerhorn,
914 787 221 65 James,
1170 789 171 54 1897-

468 862 1877 76 The phantom ship, by James (Coach) Schermerhorn, jr. …
394 940 139 55 New
562 941 181 70 York,
771 940 253 70 Cupples
1053 943 46 52 &
1125 942 155 54 Leon
1307 959 284 54 company
1624 976 14 35 [
1643 949 17 23 c
1665 945 136 53 1936
1804 977 15 35 ]

467 1015 1926 55 2 p. l., 202 p. front. 20 cm . [Adventure and mystery books for boys]
396 1072 55 54 ©
477 1078 113 46 Apr.
620 1076 69 49 10,
718 1075 114 41 1936;
889 1076 67 40 2c.
986 1077 112 47 Apr.
1128 1076 55 40 23;
1242 1076 81 39 aff.
1353 1078 113 46 Apr.
1495 1076 54 39 22;
1608 1078 40 38 A
1677 1077 143 42 94113;
1881 1079 209 49 Cupples
2120 1081 36 40 &
2185 1082 128 39 Leon
2341 1094 68 30 co.

475 1133 254 49 (36-8943)

395 1223 406 64 Schulzebeer,
831 1223 278 56 Herbert.

469 1301 311 56 Standarte
837 1300 136 60 “x”;
1031 1301 495 67 tagebuchblatter
1582 1302 152 52 einer
1788 1303 454 69 landstandarte,
2298 1323 110 36 von

393 1381 254 53 Herbert
679 1379 387 56 Schulzebeer.
1143 1380 258 67 Leipzig,
1429 1381 73 52 K.
1533 1381 64 52 F.
1629 1381 251 52 Koehler
2096 1416 11 34 [c1934]

463 1454 84 41 182
578 1465 42 37 p.
679 1453 56 39 22½
768 1454 44 22 cm
818 1485 8 8 .

394 1507 2012 55 © Nov. 8, 1934; 1c. Jan. 21, 1935; A-Foreign 30795; K. F. Koehler,
465 1578 42 39 g.
535 1579 61 30 m.
624 1568 44 41 b.
696 1568 45 40 h.

393 1659 247 63 Selsam,
667 1660 157 52 John
847 1658 166 62 Paul,
1043 1663 171 50 1898-

464 1736 122 53 The
617 1741 274 62 attempts
925 1740 58 47 to
1018 1733 151 55 form
1202 1752 72 35 an
1305 1736 448 66 Anglo-French
1784 1737 258 67 alliance,
2078 1742 325 58 1919-1924,

394 1816 73 67 by
497 1815 56 54 J.
588 1817 149 52 Paul
772 1814 236 67 Selsam,
1128 1860 8 8 PH.
1209 1858 10 9 D.
1295 1813 428 69 Philadelphia,
1757 1815 336 69 University
2125 1817 62 51 of
391 1819 1987 144 Pennsylvania
684 1910 175 52 press,
892 1897 150 50 1936.

464 1980 45 36 x,
541 1967 57 42 85
626 1979 45 37 p.
730 1967 55 39 21
789 1969 45 21 cm
839 2000 9 8 .

465 2025 352 48 Bibliography:
879 2035 42 38 p.
954 2023 160 43 79-80.

393 2079 52 53 ©
475 2085 122 38 Mar.
627 2083 69 47 13,
725 2081 140 48 1936;
896 2081 68 40 2c.
996 2082 96 39 and
1121 2080 81 41 aff.
1235 2082 121 37 Mar.
1387 2079 82 48 20;
1502 2081 40 38 A
1574 2079 170 48 92376;
1780 2081 284 48 University
2094 2082 52 38 of
463 2083 1924 97 Pennsylvania
641 2150 149 38 press.
862 2138 252 48 (36-8914)

390 2217 243 64 Sherry,
663 2215 155 56 John
847 2215 241 55 Harold.

459 2291 331 55 Handbook
822 2291 64 54 of
919 2291 139 54 New
1092 2291 163 52 York
1285 2291 152 52 hotel
1471 2291 114 52 and
1620 2295 325 48 restaurant
1978 2290 166 69 laws;
391 2290 1987 151 including
516 2371 291 69 pertinent
837 2370 322 69 provisions
1187 2369 64 52 of
1282 2370 93 52 the
1407 2368 407 55 Consolidated
1847 2369 157 68 laws,
2033 2369 95 54 the
2160 2367 242 57 Greater

391 2450 136 53 New
557 2450 164 53 York
746 2450 244 67 charter,
1015 2449 95 52 the
1139 2447 332 54 New York
1500 2447 118 70 city
1646 2446 155 56 Code
1829 2447 66 53 of
1921 2447 355 70 ordinances,
2302 2447 99 54 the

388 2528 137 54 New
560 2529 164 53 York
753 2528 116 70 city
900 2529 145 52 local
1073 2528 156 67 laws,
1260 2527 112 53 and
1405 2526 64 53 of
1499 2526 96 53 the
1627 2525 221 55 federal
1879 2528 187 67 postal
2100 2528 156 69 laws,
2286 2527 110 54 and

390 2608 350 68 regulations;
800 2607 140 53 with
969 2606 238 68 federal,
1234 2611 144 48 state
1406 2606 112 52 and
1548 2606 144 52 local
1722 2611 98 47 tax
1847 2606 208 54 charts.
2121 2607 91 70 By
2240 2605 157 56 John

387 2683 2010 72 H. Sherry … with the assistance of E. Joseph Picarello … and
386 2763 1950 71 Thomas J. Hogan … New York, Roosevelt press, inc., 1936.
457 2841 24 39 1
511 2851 41 30 v.
613 2840 57 40 23
674 2842 43 21 cm
722 2872 7 7 .

459 2897 287 42 Loose-leaf.
819 2897 67 39 To
931 2896 55 41 be
1028 2897 115 48 kept
1184 2906 63 39 up
1290 2898 48 39 to
1382 2896 114 41 date
1538 2894 121 42 with
1704 2895 181 41 annual
1933 2895 342 48 supplements,
2336 2896 60 41 cf.

389 2955 183 41 Introd.

460 3012 275 48 “Prepared
770 3012 261 47 originally
1065 3012 81 40 for
1178 3023 84 29 use
1302 3012 46 39 iu
1383 3010 284 42 connection
1702 3011 119 41 with
1858 3013 81 40 the
1977 3022 168 31 course
2183 3014 47 38 in
2267 3012 129 41 hotel

391 3069 130 44 laws,
552 3071 141 47 given
726 3070 59 47 by
819 3071 84 39 the
930 3071 179 38 author
1140 3071 52 39 at
1222 3070 81 40 the
1332 3069 131 40 hotel
1496 3069 456 48 Waldorf-Astoria,
1989 3071 155 40 under
2177 3072 79 40 the
387 3081 1993 93 auspices
540 3128 51 39 of
617 3129 82 39 the
727 3127 362 40 International
1114 3126 192 42 Geneva
1338 3126 338 41 association.”

385 3183 53 53 ©
467 3188 109 39 Feb.
606 3187 70 45 27,
706 3187 112 39 1936:
876 3186 67 41 2c.
974 3188 94 38 and
1097 3186 82 40 aff.
1211 3188 120 39 Mar.
1362 3187 51 42 6;
1444 3188 42 38 A
1512 3186 172 48 93217;
1717 3188 42 39 J.
1789 3189 59 40 H.
1880 3189 195 48 Sherry,
2105 3190 117 39 New
2252 3189 145 40 York.

467 3244 252 47 (36-8933)

385 3319 215 64 Smith,
631 3319 300 55 Granville
961 3320 164 61 Paul,
1157 3325 171 49 1893-

460 3393 1933 70 In vincible surmise, by Granville Paul Smith … Boston,
389 3473 136 54 New
567 3472 179 61 York,
783 3472 319 66 Houghton
1142 3471 198 54 Mifflin
1383 3490 239 51 company,
1721 3476 147 49 1936.

456 3545 539 49 3 p. l., 353 p. 21 cm .
384 3602 53 53 ©
462 3608 113 46 Apr.
601 3607 69 46 14,
699 3606 140 43 1936;
869 3606 67 40 2c.
963 3607 95 38 and
1087 3605 81 40 aff.
1197 3606 114 46 Apr.
1339 3605 81 42 20:
1452 3606 39 38 A
1520 3605 170 43 94076;
1723 3606 52 41 G.
1805 3606 50 40 P.
1888 3606 171 45 Smith,
2090 3606 303 43 Charleston.

459 3664 43 40 S.
534 3664 48 39 C.
651 3661 252 50 (36-9079)

384 3737 214 64 Smith,
625 3739 215 64 Young
864 3739 349 63 Berryman,
1244 3743 169 49 1889-
1627 3739 84 52 ed.

456 3814 170 55 Cases
650 3833 71 35 on
746 3816 95 52 the
865 3815 109 52 law
999 3814 63 52 of
1087 3813 194 69 public
1302 3813 259 67 utilities,
1583 3813 234 53 selected
1848 3815 108 51 and
1986 3814 307 53 annotated
2320 3814 68 66 by

386 3890 1942 71 Young B. Smith … Noel T. Dowling … and Robert L. Hale …
383 3972 68 52 2d
496 3973 83 52 ed.
658 3972 335 66 Pamphlets
1034 3990 114 35 nos.
1196 3975 113 49 1-3.
1389 3970 81 55 St.
1513 3971 164 57 Paul,
1719 3974 155 51 West
1918 3970 333 68 publishing
2293 3990 96 34 co.,

386 4053 149 50 1936.
