2519 4377
1299 4091 134 51 1968

441 448 643 50 vi p., 2 l., 346 p. 21 cm .
446 505 234 41 “Printed
712 507 50 39 in
794 507 83 39 the
907 507 182 41 United
1125 507 164 42 States
1322 508 53 40 of
1406 508 270 41 America.”

447 562 164 42 “First
647 562 231 42 edition.”

371 619 54 54 ©
459 625 114 38 Dec.
608 623 71 48 17,
716 621 142 49 1936;
896 622 67 40 2c.
1003 623 95 39 and
1134 623 84 41 aff.
1255 625 112 40 Dec.
1404 623 84 49 24;
1526 626 42 38 A
1604 624 202 49 102035;
1848 626 191 41 Oxford
2074 626 132 42 univ.
2243 636 153 40 press,

441 681 120 39 New
585 680 147 49 York,
759 680 93 41 inc.
920 679 225 49 (37-592)

370 771 254 65 Shields,
656 770 313 55 Elizabeth
1000 772 300 63 McEwen,
1333 775 174 54 1879-

439 848 267 71 Guiding
733 851 96 52 the
859 849 153 54 little
1041 849 158 55 child
1227 852 63 52 in
1316 852 97 52 the
1446 851 240 69 Sunday
1714 852 193 54 school
1960 853 77 68 [by]
2091 854 303 54 Elizabeth

366 927 2004 74 McEwen Shields. Nashville, Tenn., Broadman press [ c 1936]
441 1005 89 42 140
560 1016 43 38 p.
664 1004 131 41 illus.
855 1003 59 42 19
915 1006 45 22 cm
966 1037 8 9 .

371 1060 53 53 ©
455 1064 103 41 Oct.
589 1062 41 49 6,
662 1061 143 49 1936;
838 1061 68 41 2c.
939 1062 96 40 and
1068 1062 81 40 aff.
1181 1063 120 40 Nov.
1333 1062 83 48 27;
1450 1063 43 39 A
1523 1061 201 50 100706;
1759 1063 285 41 Broadman
2074 1075 152 39 press.

451 1119 225 50 (37-561)

367 1213 211 65 Spohr,
607 1211 297 56 Wilhelm.

440 1292 221 55 Garten
686 1292 96 53 des
805 1295 362 64 Vergnügens
1184 1310 11 48 ;
1224 1291 148 68 geist
1396 1293 100 52 der
1521 1291 182 53 Zeiten
1728 1291 60 53 in
1814 1292 338 68 anekdoten,
368 1311 2002 113 gesammelt
560 1370 121 53 und
732 1370 463 68 herausgegeben
1247 1389 113 34 von
1413 1371 278 54 Wilhelm
1748 1371 207 68 Spohr.
2050 1372 219 68 Berlin,
2322 1373 71 54 A.

371 1450 198 56 Scherl
604 1453 176 64 [1936]

440 1524 26 38 1
494 1534 43 30 v.

369 1577 2026 55 © Sept. 12, 1936; 1c. Dec. 3; A -Foreign 33603; August Scherl, g. m.
440 1640 41 40 b.
507 1640 45 38 h.

367 1729 352 67 Steguweit,
751 1728 208 67 Heinz,
994 1731 173 55 1897-

439 1807 1956 71 Frohes leben [von] Heinz Steguweit … herausgeber, Paul
368 1886 1882 69 G. Graham … New York, Farrar & Rinehart, inc., 1936.
439 1959 25 40 1
538 1992 8 8 v.
606 1958 139 41 front.
789 1957 175 50 (port.)
1033 1958 60 42 18½cm.

441 2016 175 41 Issued
648 2015 52 41 in
729 2016 163 41 folder
921 2016 145 49 form,
1098 2016 85 41 the
1210 2017 139 39 notes
1391 2015 145 49 (with
1570 2018 113 48 t.-p.,
1712 2015 60 41 40
1800 2016 70 50 p.)
1911 2018 234 40 attached
2175 2020 50 39 to
2254 2019 140 41 front

367 2083 157 38 cover,
558 2074 84 40 the
673 2074 299 47 vocabulary
1016 2073 81 50 (60
1128 2073 70 49 p.)
1240 2074 49 39 to
1322 2073 123 40 back
1479 2084 142 30 cover
1654 2076 52 39 at
1739 2074 93 41 end
1866 2074 52 41 of
1950 2075 163 40 which
2145 2076 42 41 is
2220 2087 28 29 a
2282 2086 111 31 case

367 2130 1513 52 containing the volume of German text (55, [1] p., 1 l.)
440 2189 103 40 The
582 2190 140 39 notes
763 2189 97 39 and
900 2187 299 48 vocabulary
1240 2197 127 31 were
1408 2187 196 49 printed
1645 2189 50 39 in
1736 2189 84 41 the
1861 2189 182 41 United
2089 2190 177 48 States,
2309 2190 83 42 the

368 2246 213 42 German
617 2248 108 40 text
759 2255 102 32 was
897 2245 197 50 printed
1129 2246 50 40 in
1218 2245 259 48 Germany.

439 2303 1952 53 The German text has t.-p.: … Frohes leben, geschichten. München,
366 2360 2025 50 A. Langen/G. Müller [c1934 ] Series note on cover: Die kleine bücherei.
368 2418 75 42 On
470 2428 141 32 verso
640 2418 53 41 of
722 2420 127 46 t.-p.:
882 2418 70 41 21.
981 2417 74 41 bis
1084 2417 71 41 30.
1185 2417 223 41 tausend.

368 2476 53 53 ©
454 2480 119 39 Nov.
606 2478 72 49 27,
712 2478 142 47 1936;
890 2477 69 40 2c.
993 2478 113 38 Dec.
1142 2476 54 47 2;
1234 2476 82 40 aff.
1353 2478 111 38 Dec.
1503 2476 51 47 1;
1595 2477 40 39 A
1671 2475 202 50 101138;
1908 2478 126 39 Paul
2071 2478 53 41 G.
2162 2478 232 49 Graham,

439 2537 379 47 Northampton,
850 2537 149 38 Mass.
1062 2533 284 51 [Copyright
1376 2533 42 40 is
1449 2533 208 40 claimed
1688 2544 61 30 on
1780 2536 139 39 notes
1950 2535 97 40 and
2078 2535 314 50 vocabulary]

450 2593 226 50 (37-596)

366 2685 254 65 Thorne,
650 2683 258 66 Samuel,
941 2687 329 51 1835-1915.

501 2757 1889 74 … The journal of a boy’s trip on horseback kept by Samuel
365 2842 248 53 Thorne.
679 2840 142 53 New
852 2839 182 70 York,
1063 2837 161 56 Priv.
1254 2840 197 68 print.,
1482 2842 153 50 1936.

437 2913 1953 53 vii, [1] p., 2 l., 47, [1] p., 1 l. front., 1 illus., plates, ports., fold. map,
364 2974 192 42 facsim.
615 2973 59 40 24½
707 2975 44 21 cm
756 3004 9 10 .

436 3032 65 41 At
525 3031 127 42 head
680 3031 52 42 of
759 3031 137 41 title:
927 3029 130 42 1848.

439 3089 148 40 “This
617 3088 188 42 edition
836 3088 44 41 is
910 3087 196 49 strictly
1137 3087 192 41 limited
1360 3089 50 39 to
1442 3086 93 41 five
1568 3086 223 42 hundred
1823 3084 177 51 copies,
2034 3086 53 42 of
2117 3087 159 41 which
2310 3090 80 40 the

366 3148 109 41 first
500 3148 98 40 two
624 3146 225 41 hundred
877 3146 161 48 copies
1064 3154 85 32 are
1175 3145 80 41 for
1280 3144 195 50 private
1500 3143 321 42 distribution
1849 3143 156 49 only.”

440 3204 130 42 “The
609 3202 210 43 Journal
857 3204 42 40 is
939 3204 84 41 the
1060 3203 144 47 diary
1242 3202 160 41 which
1443 3201 197 42 Samuel
1677 3203 116 48 kept
1830 3202 98 40 and
1966 3202 44 40 is
2048 3202 116 42 here
365 3204 2008 100 supplemented
597 3261 63 49 by

699 3262 83 41 the
820 3261 172 42 letters
1030 3260 164 41 which
1228 3261 61 41 he
1327 3261 152 40 wrote
1517 3270 61 30 on
1617 3260 83 41 the
1737 3269 109 38 way
1884 3260 53 40 to
1972 3259 78 41 his
2087 3258 167 43 father
2293 3261 96 40 and

365 3318 577 43 mother.”—Foreword.

441 3377 130 42 “The
616 3376 202 50 editing,
863 3376 270 49 designing,
1178 3375 98 41 and
1320 3375 69 41 all
1434 3373 179 43 details
1660 3373 53 42 of
1754 3373 304 49 publication
2102 3374 125 42 have
2272 3375 117 40 been

365 3435 287 49 supervised
683 3435 61 48 by
777 3434 196 41 Samuel
1004 3434 207 47 Thorne,
1244 3433 76 47 jr.,
1351 3432 247 49 grandson
1629 3430 53 43 of
1710 3432 83 40 the
1823 3430 565 43 author.”—Foreword.

369 3489 53 53 ©
454 3495 112 38 Dec.
599 3493 70 48 11,
702 3491 143 48 1936;
880 3491 67 40 2c.
982 3492 113 39 Dec.
1130 3489 82 43 19:
1250 3489 81 41 aff.
1366 3491 112 38 Dec.
1514 3487 83 48 18;
1633 3489 40 39 A
1707 3487 203 48 101375;
1949 3489 46 40 S.
2029 3488 207 48 Thorne,
2275 3490 114 45 Rye,

439 3552 55 39 N.
521 3552 54 40 Y.
639 3549 224 50 (37-521)

365 3628 246 64 Trefftz,
640 3628 69 54 E.

439 3704 440 69 Graphostatik,
919 3723 109 34 von
1065 3705 83 53 dr.
1186 3705 117 66 ing.
1344 3722 42 35 e.
1424 3704 54 52 h.
1518 3704 66 51 E.
1623 3701 233 54 Trefftz.
1933 3702 117 52 Mit
2086 3698 299 55 abbildun-

366 3803 124 44 gen.
568 3783 259 67 Leipzig,
855 3786 66 51 B.
952 3783 67 55 G.
1049 3783 281 65 Teubner,
1360 3784 150 50 1936.

438 3849 1949 56 2 p. l., 90 p. diagrs. 21 cm . (Teubners mathematische leitfäden.
369 3912 74 43 bd.
472 3913 81 50 42)

375 3964 1864 57 © Sept. 15, 1936; 1c. Dec. 3; A-Foreign 33540; B. G. Teubner.
