2519 4377
1311 4133 102 49 434

353 530 257 56 Florida,
655 532 153 53 June
854 533 65 50 23
967 532 57 51 to
1072 529 143 65 July
1262 532 83 54 30,
1396 532 150 50 1935.
1622 528 322 57 Faribault,
1991 527 203 56 Minn.,
2243 529 121 53 The

352 610 246 54 Journal
637 608 64 53 of
739 608 121 53 The
897 607 308 53 American
1243 608 305 66 optometric
1620 606 356 67 association,
2014 606 107 54 inc.
2181 610 159 50 [c1936]

423 682 82 39 121
535 692 43 37 p.
640 681 143 47 illus.,
814 680 179 49 diagrs.
1053 681 147 40 23½cm.

353 735 53 54 ©
433 741 121 38 Mar.
582 738 69 48 20,
681 737 140 42 1936:
850 738 67 40 2c.
945 738 114 48 Apr.
1087 738 53 46 4;
1172 737 82 40 aff.
1283 737 114 48 Apr.
1424 738 25 40 3;
1508 737 40 39 A
1577 736 172 48 92744;
1780 737 210 40 Journal
2017 736 52 40 of
2096 738 81 40 the
2205 737 161 40 Amer.

424 796 288 48 optométrie
733 806 143 35 assn.,
900 795 91 40 inc.

354 898 2014 70 Atlantic digest. March, 1936, cumulati ve pamphlet … Table
426 975 1938 71 of cases digested … St. Paul, Minn., West publishing co.
505 1062 118 63 [c1936]

425 1132 83 40 201
537 1143 43 37 p.
641 1131 118 40 24cm.

356 1185 53 53 ©
433 1191 123 39 Mar.
579 1188 40 47 2,
646 1187 141 41 1936:
815 1188 67 40 2c.
908 1188 95 39 and
1030 1186 82 42 aff.
1138 1187 114 49 Apr.
1278 1187 82 42 18;
1389 1186 40 40 A
1452 1186 145 40 94027;
1652 1187 136 39 West
1815 1186 109 48 pub.
1950 1196 70 30 co.

355 1291 224 66 Bailey,
605 1291 319 65 Augustus
951 1292 238 56 Caesar.

425 1364 1943 72 The Passion week, by A. C. Bailey. … [Jackson, Tenn.,
354 1445 244 54 Printed
634 1446 94 53 for
762 1446 95 53 the
889 1446 208 53 author
1127 1446 74 69 by
1233 1445 350 70 Publishing
1614 1446 175 53 house
1821 1444 63 56 C.
1919 1446 82 53 M.
2037 1445 68 53 E.
2138 1444 231 68 church,

354 1525 88 53 W.
474 1527 64 52 P.
571 1524 266 69 Pipkins,
868 1529 188 65 agent]
1093 1528 174 50 c1936.

426 1598 551 51 8 p. l., 160 p. 20½cm.
358 1656 53 53 ©
451 1662 121 38 Mar.
612 1661 69 46 16,
721 1659 141 44 1936;
903 1660 68 40 2c.
1008 1661 123 39 Mar.
1171 1660 82 43 20;
1296 1660 82 40 aff.
1418 1661 123 39 Mar.
1579 1661 83 44 23;
1704 1661 45 44 A
1783 1659 172 47 92429;
1996 1660 56 41 A.
2093 1661 48 40 C,
2184 1658 186 50 Bailey,

427 1719 196 39 Kansas
660 1717 124 48 City,
820 1718 125 39 Kan.
1017 1716 252 48 (36-8960)

356 1820 265 64 Barrett,
648 1820 136 55 Otis
806 1822 269 63 Warren,
1106 1822 172 55 1872-

429 1897 1879 70 The animals on postage stamps, by Otis Warren Barrett …
359 1976 140 53 New
532 1976 181 69 York,
743 1977 71 52 N.
850 1977 91 64 Y.,
974 1976 164 56 Scott
1166 1980 190 65 stamp
1387 1979 46 51 &
1464 1977 124 54 coin
1620 1995 241 51 company
1939 1980 194 64 [c1936]

428 2051 62 46 vi,
521 2050 57 41 90
606 2062 43 37 p.
708 2050 129 41 illus.
896 2050 55 40 23½cm.

359 2105 53 53 ©
447 2111 122 38 Mar.
605 2109 70 48 25,
713 2108 141 42 1936:
892 2109 67 40 2c.
997 2110 123 40 Mar.
1156 2110 83 46 30;
1278 2108 82 43 aff.
1398 2110 123 40 Mar.
1557 2109 83 46 28;
1679 2109 41 40 A
1756 2108 171 47 93450;
1968 2109 135 40 Scott
2140 2110 160 47 stamp
2336 2109 36 41 &

430 2167 106 40 coin
573 2177 81 37 co.,
693 2167 85 40 ltd.
853 2165 253 49 (36-8831)

359 2272 209 62 Barth,
596 2272 165 65 Karl,
793 2277 171 51 1886-

435 2347 1874 70 God in action; theological addresses, by Karl Barth …
363 2427 2005 69 English translation by E. G. Homrighausen … [and] Karl J.
365 2503 1876 71 Ernst … Introduction by Josias Friedli … Translation
363 2524 1982 114 authorized
661 2585 113 52 and
814 2585 296 68 approved
1146 2585 75 69 by
1259 2585 149 52 Karl
1446 2585 187 52 Barth
1675 2584 111 53 and
1828 2583 295 57 Christian
2162 2583 208 55 Kaiser

364 2664 211 67 verlag,
611 2663 257 54 Munich.
945 2663 138 54 New
1120 2663 180 64 York,
1335 2663 210 53 Round
1582 2662 152 56 table
1770 2681 175 51 press,
1983 2664 126 54 inc.,
2147 2665 149 50 1936.

433 2735 82 48 xii,
548 2736 86 40 143
666 2746 43 38 p.
771 2735 116 41 20cm.

435 2793 129 41 “The
592 2794 232 40 selection
852 2804 100 29 was
981 2795 141 38 made
1149 2794 126 39 from
1306 2806 26 28 a
1363 2795 150 40 series
1543 2794 52 40 of
1622 2795 276 45 brochures,
1931 2795 252 48 published
2216 2796 153 39 linder

362 2852 81 40 the
475 2851 111 42 title
617 2852 53 40 of
700 2851 361 48 ‘Theologische
1092 2853 217 39 existenz
1343 2851 202 41 heute’.”
1549 2853 247 40 —Introd.

360 2911 53 53 ©
439 2916 122 39 Mar.
590 2914 70 44 23,
689 2913 140 47 1936;
860 2914 67 40 2c.
953 2915 122 38 Mar.
1105 2913 82 46 30;
1220 2913 81 41 aff.
1329 2914 114 48 Apr.
1473 2914 81 45 11;
1587 2915 38 38 A
1655 2913 170 48 92960;
1858 2915 174 40 Round
2064 2914 129 41 table
2222 2923 151 39 press,

432 2972 92 40 inc.
595 2971 252 49 (36-8854)

358 3059 239 62 Battell,
629 3060 240 65 Joseph,
905 3065 325 50 1839-1915.

430 3137 308 54 American
768 3136 232 55 stallion
1031 3136 256 67 register,
1318 3137 299 66 including
1647 3138 76 51 all
1754 3137 262 56 stallions
2046 3138 326 67 prominent

358 3217 61 51 in
456 3216 96 53 the
588 3216 277 66 breeding
901 3215 62 52 of
1001 3216 95 51 the
1133 3217 306 51 American
1479 3216 273 56 roadster,
1790 3221 205 48 trotter
2034 3216 112 53 and
2184 3234 186 48 pacer,

360 3293 154 54 from
553 3294 97 52 the
688 3294 227 52 earliest
954 3294 225 54 records
1218 3298 57 48 to
1319 3297 150 49 1903.
1545 3295 135 52 And
1722 3293 115 56 this
1878 3294 254 54 includes
2172 3297 198 64 nearly

362 3372 74 53 all
493 3371 288 64 imported
837 3371 246 67 English
1140 3372 476 66 thoroughbreds,
1672 3373 112 52 and
1841 3373 151 53 their
2048 3391 153 34 more
358 3373 1987 143 distinguished

718 3456 112 61 get,
855 3450 260 67 together
1142 3450 139 52 with
1308 3468 172 48 many
1508 3450 62 53 of
1596 3451 94 52 the
1716 3451 260 53 stallions
2004 3451 151 52 from
2183 3451 185 52 which

359 3527 2009 69 they are descended … Compiled from original sources, with
359 3626 173 47 many
576 3607 313 66 pedigrees,
932 3605 252 53 hitherto
1228 3605 339 68 incorrectly
1611 3608 286 59 recorded,
1941 3609 284 52 corrected
2282 3608 86 62 (in

361 3684 76 53 all
476 3703 151 34 cases
663 3684 95 53 the
797 3684 264 54 evidence
1098 3702 152 49 upon
1290 3682 186 55 which
1513 3684 114 53 this
1668 3685 46 53 is
1753 3686 142 52 done
1935 3685 171 67 being
2143 3685 225 68 given),

362 3763 111 52 and
502 3780 173 48 many
700 3780 154 35 more
880 3762 296 67 pedigrees
1203 3762 295 53 extended,
1527 3763 74 67 by
1630 3764 213 66 Joseph

359 3765 1985 133 Battell … volume 4. Middleburv, Vt., American
1523 3841 336 66 publishing
1887 3860 299 49 company,
2218 3845 148 50 1935.

430 3912 534 49 2 p. l., 686 p. 26cm.
359 3964 54 54 ©
441 3970 110 40 Dec.
576 3968 69 48 30,
674 3968 117 41 1935:
843 3968 67 41 2c.
939 3969 109 43 Jan.
1075 3969 70 43 22,
1174 3968 140 42 1936:
1344 3969 82 41 aff.
1456 3970 119 39 Mar.
1606 3969 81 41 12:
1718 3971 39 38 A
1786 3970 170 46 93130;
1990 3969 253 42 President
2271 3970 97 41 and

435 4026 186 40 fellows
648 4026 54 40 of
730 4025 309 48 Middlebury
1070 4027 191 49 college,
1294 4026 323 48 Middlebury,
1693 4029 31 38 Vt.
