2519 4377
1081 4093 98 51 953

229 519 83 48 xii,
359 520 85 40 165
488 529 43 38 p.
591 520 55 38 21
651 522 44 21 cm
699 551 8 9 .
780 520 14 48 (
801 519 253 48 Half-title
1062 533 15 28 :
1123 520 101 41 The
1272 520 232 42 Institute
1555 521 51 39 of
1652 520 266 42 economics
1965 521 53 41 of
2067 521 82 41 the

160 576 267 48 Brookings
459 576 293 41 institution.
814 577 303 40 Publication
1149 588 75 30 no.
1257 577 80 49 71)

159 645 53 53 ©
238 651 125 38 June
388 650 39 47 8,
456 649 139 47 1936;
625 648 67 41 2c.
720 649 115 47 July
863 649 52 47 6;
948 649 80 40 aff.
1058 649 114 46 July
1200 650 53 41 3;
1284 650 38 37 A
1354 648 169 48 96300;
1556 648 269 48 Brookings
1854 648 295 43 institution.

239 705 278 51 (36-15905)

161 809 308 66 [Mareuse,
498 809 272 66 Jacques]
808 814 169 49 1911-

290 897 1852 69 … Mais il n’était qu’un homme… roman présenté par Jean
159 976 327 53 Desthieux.
562 976 184 68 Paris,
784 977 65 53 R.
890 976 192 68 Allou,
1123 979 146 50 1936.

227 1047 779 49 2 p. l., [7]-286 p., 1 l. 19 cm .
226 1103 228 41 Author’s
485 1105 178 46 pseud.,
696 1104 198 39 Tristan
926 1104 320 48 Lamoureux,
1280 1107 51 37 at
1363 1106 123 38 head
1519 1105 50 40 of
1603 1105 120 41 title.

156 1176 1992 59 © Feb. 15, 1936; 1c. Apr. 18; A-Foreign 31376; Éditions Roger Allou.
237 1241 278 47 (36-16227)

154 1345 286 63 Marston,
467 1344 227 64 Jeffery
723 1344 272 63 Eardley,
1027 1348 170 50 1887-

287 1432 1444 70 … The rocket. London, M. Joseph ltd. [1936]
222 1509 99 50 335,
356 1510 54 51 [1]
441 1520 44 37 p.
544 1507 54 41 19
602 1509 43 22 cm
649 1539 10 10 .

224 1567 63 40 At
313 1566 124 41 head
464 1565 51 41 of
543 1564 107 41 title
668 1574 10 30 :
708 1563 184 50 Jeffery
920 1562 234 42 Marston.

226 1622 163 42 “First
418 1622 268 49 published,
720 1620 128 49 May,
882 1620 140 48 1936;
1059 1621 173 40 second
1264 1621 301 49 impression,
1599 1621 126 50 May,
1759 1622 157 42 1936.”

156 1690 1990 54 © 1c. June 23, 1936; A ad int. 21585; pubd. May 7 ; J. E. Marston,
223 1750 209 41 London.
501 1747 280 49 (36-16203)

157 1852 571 69 [Mason-Manheim,
760 1850 308 67 Madeline]
1106 1857 170 49 1908-

221 1942 220 69 Riding
471 1941 94 52 for
594 1941 184 52 Texas
795 1958 11 50 ;
837 1940 96 53 the
965 1945 127 47 true
1122 1939 338 54 adventures
1494 1940 63 53 of
1590 1939 250 70 Captain
1874 1943 120 52 Bill
151 1944 1967 129 McDonald
414 2019 63 54 of
510 2019 98 52 the
639 2019 185 52 Texas
856 2035 252 51 rangers,
1142 2035 59 35 as
1234 2017 121 53 told
1390 2017 76 69 by
1501 2016 235 56 Colonel
1773 2019 255 55 Edward
2062 2020 78 53 M.

150 2098 193 53 House
378 2104 57 47 to
471 2097 174 69 Tyler
681 2096 203 53 Mason
983 2095 172 66 [pseud.]
1177 2113 12 48 ;
1228 2095 141 52 with
1406 2113 31 34 a
1473 2094 286 56 foreword
1796 2096 74 70 by
1908 2096 235 56 Colonel

150 2172 1505 70 House. New York. Reynal & Hitchcock [ c 1936]
217 2250 70 40 xii
314 2261 58 38 p.,
400 2250 23 39 1
486 2280 9 16 l.,
521 2246 85 42 229
633 2258 46 37 p.
737 2246 57 42 20
796 2248 45 23 cm
845 2279 8 9 .

221 2307 252 41 “Portions
509 2305 52 41 of
596 2304 101 42 this
732 2304 122 41 book
890 2303 107 41 first
1036 2303 239 48 appeared
1316 2303 197 47 serially
1547 2303 51 40 in
1635 2303 198 52 Liberty
1870 2306 156 41 under
2060 2307 83 40 the

153 2364 105 42 title
289 2364 125 41 ‘Hell
443 2364 50 38 in
521 2361 197 42 boots’.”

223 2422 65 38 “A
317 2422 129 40 John
473 2420 110 48 Day
608 2417 167 42 book.”

151 2491 53 53 ©
230 2496 112 44 May
369 2493 67 48 28,
465 2491 139 47 1936;
633 2489 68 41 2c.
729 2491 113 45 May
870 2488 82 48 29;
982 2488 81 42 aff.
1094 2489 124 39 June
1246 2490 19 37 1
1289 2499 9 36 ;
1328 2490 41 37 A
1396 2487 171 50 96039;
1597 2491 62 39 M.
1690 2491 453 48 Mason-Manheim,

220 2552 115 38 New
362 2549 144 41 York.
573 2545 280 50 (36-15909)

149 2653 342 54 Merchants
516 2650 263 54 national
806 2649 174 63 bank,
1007 2649 230 65 Mobile,
1262 2649 128 51 Ala.

219 2745 175 54 What
432 2760 103 35 can
573 2759 112 49 you
726 2742 70 52 do
837 2741 172 51 about
1047 2741 79 51 it?
1205 2741 53 50 A
1296 2739 275 52 brochure
1611 2741 282 66 prepared
1931 2741 75 66 by
2046 2741 95 52 the

149 2824 175 50 Trust
364 2822 359 65 department
763 2817 62 53 of
866 2817 326 52 Merchants
1234 2816 255 53 national
1532 2817 152 51 bank
1723 2818 61 52 of
1827 2817 214 55 Mobile
2083 2825 57 47 to

149 2919 215 33 answer
395 2899 94 52 the
521 2897 274 52 foremost
827 2895 254 68 question
1115 2893 57 53 in
1207 2894 93 52 the
1333 2895 189 52 minds
1551 2895 62 53 of
1647 2896 158 53 those
1839 2897 125 52 who
1997 2898 143 53 have

149 2976 385 54 accumulated
562 2980 289 61 property.
916 2972 230 66 Mobile,
1174 2973 148 66 Ala.,
1349 2973 327 55 Merchants
1705 2974 254 54 national
1989 2976 151 52 bank

171 3059 175 62 [ c 1936]
219 3123 634 51 32 p.. 1 l. illus. 26½ cm .
149 3192 53 53 ©
235 3198 121 38 Mar.
389 3195 68 46 25,
495 3193 115 41 1936
625 3204 9 36 ;
671 3193 66 40 2c.
772 3194 112 46 Apr.
920 3192 54 39 20
992 3203 9 35 ;
1039 3192 81 40 aff.
1155 3192 112 47 Apr.
1303 3193 54 39 17
1375 3203 9 35 ;
1420 3193 40 38 A
1494 3191 143 41 94062
1656 3203 9 35 ;
1704 3193 281 40 Merchants
2018 3195 119 38 natl.

219 3252 127 39 bank
376 3252 52 38 of
457 3249 186 41 Mobile.
716 3248 278 48 (36-16907)

147 3354 233 63 Morice,
407 3353 203 54 Henri.

215 3440 1919 71 A portrait of Christ, by Henri Morice … with a preface by
147 3521 95 55 the
270 3522 137 53 Rev.
435 3520 248 54 Michael
709 3520 302 68 McGrath,
1070 3563 9 10 S.
1146 3563 10 9 J.
1231 3519 241 55 Preface
1500 3525 58 50 to
1586 3520 307 55 American
1920 3520 213 53 edition

145 3598 1989 70 by the Most Rev. Maurice F. McAuliffe … [North Providence,
146 3678 67 52 R.
247 3678 67 67 I.,
346 3677 241 52 Printed
617 3677 78 67 by
726 3677 95 52 the
852 3676 345 53 Franciscan
1227 3676 381 55 missionaries
1641 3675 62 53 of
1734 3677 187 66 Mary,
1951 3683 19 21 c
1978 3681 150 63 1935]

215 3750 86 41 217
328 3761 43 37 p.
399 3750 109 40 incl.
533 3749 150 41 front.
742 3749 55 40 21
800 3752 43 21 cm
848 3781 9 9 .

217 3806 317 40 “Translated
567 3805 61 48 by
663 3806 52 39 E.
750 3806 177 48 Leahy,
959 3805 127 41 from
1121 3807 82 39 the
1235 3805 218 41 author’s
1488 3806 133 40 work
1659 3805 174 40 ‘L’âme
1868 3806 57 39 de
1960 3806 171 41 Jesus:

147 3863 141 41 étude
316 3873 83 30 sur
425 3864 45 39 le
497 3862 247 41 caractère
772 3864 63 39 du
864 3862 327 49 Christ’.”—p.
1237 3863 42 50 [6]

143 3929 53 52 ©
217 3935 110 39 Dec.
352 3934 68 45 15,
443 3932 114 41 1935
574 3944 8 36 ;
609 3933 68 41 2c.
702 3934 127 39 June
850 3933 68 47 24,
945 3933 112 40 1936
1075 3944 8 35 ;
1111 3933 82 41 aff.
1220 3934 125 39 June
1368 3932 55 41 23
1442 3944 8 35 ;
1478 3934 41 38 A
1543 3931 170 49 95966;
1746 3932 236 48 Spiritual
2009 3932 123 39 book

213 3989 277 46 associates,
519 3990 115 38 New
663 3989 143 41 York.
872 3989 279 50 (36-15996)
