2519 4377
1288 4127 103 57 792

319 452 361 64 Washburn,
707 453 308 64 Margaret
1044 450 163 67 Floy,
1238 452 170 55 1871-

457 527 1878 72 … The animal mind; a text-book of comparative psychology,
322 606 1990 147 by Margaret Floy Washburn … 4th ed. New York, The Macmillan company, 1936.
396 760 70 40 xii
499 771 57 38 p.,
589 760 26 39 1
645 760 45 47 1.,
728 759 87 42 536
845 771 42 37 p.
951 759 128 40 illus.
1109 758 134 49 (incl.
1278 758 164 50 plans)
1511 759 57 41 20½
1599 760 45 22 cm
1650 789 9 10 .
1730 759 125 48 (The
1886 759 185 41 animal
2104 759 231 42 behavior

325 816 165 43 series,
549 818 106 49 [vol.
727 816 38 49 II])

400 873 379 42 “References”:
809 884 43 38 p.
881 872 219 42 421-514.

324 941 53 54 ©
407 946 114 49 May
549 945 70 48 26,
650 944 118 43 1936;
825 945 67 41 2c.
923 946 96 40 and
1050 944 82 42 aff.
1161 945 114 49 May
1305 944 83 45 27;
1421 945 42 40 A
1492 944 172 49 94894;
1699 946 284 42 Macmillan
2013 956 67 32 co.

404 1003 283 49 (36-12955)

325 1109 364 64 Waterman,
717 1106 329 65 Elizabeth,
1076 1113 170 50 1899-

397 1184 121 53 The
557 1184 237 70 rhythm
835 1184 176 69 book;
1060 1203 31 34 a
1133 1185 232 53 manual
1409 1183 94 55 for
1542 1185 254 54 teachers
1838 1185 64 55 of
1943 1186 278 68 children,
2262 1187 71 68 by

328 1262 301 55 Elizabeth
662 1264 363 67 Waterman;
1061 1262 179 55 music
1271 1263 189 54 edited
1489 1263 77 69 by
1596 1265 235 53 Martha
1861 1266 67 53 E.
1961 1266 198 66 Ream,
327 1284 1983 127 composed
528 1341 75 70 by
637 1342 322 54 Katherine
992 1342 245 67 Rhodes,
1271 1341 262 55 Beatrice
1566 1342 401 69 Hellebrandt,
1999 1345 235 53 Martha
2267 1346 67 54 E.

327 1421 2011 71 Ream [and others] … New York, A. S. Barnes and company,
328 1501 419 69 incorporated,
781 1505 150 50 1936.

398 1575 65 47 ix,
493 1572 87 43 150
608 1583 43 39 p.
712 1572 165 49 front.,
910 1572 143 52 illus.,
1085 1573 159 51 plates
1272 1574 135 48 (part
1436 1572 113 51 col.)
1588 1574 182 50 diagrs.
1829 1573 58 43 26
1888 1576 43 22 cm
1938 1606 7 9 .

399 1632 130 41 “The
557 1631 207 42 musical
794 1631 501 51 accompaniments”:
1329 1643 41 38 p.
1401 1632 187 42 83-143.

400 1689 378 50 Bibliography:
814 1700 42 39 p.
889 1690 218 43 144-150.

327 1758 53 53 ©
407 1762 115 49 Apr.
551 1762 71 48 28,
652 1760 120 42 1936;
826 1761 67 41 2c.
924 1761 115 49 Apr.
1070 1761 83 48 30;
1183 1761 83 41 aff.
1298 1762 115 47 May
1440 1762 54 43 4;
1528 1761 41 40 A
1600 1760 170 48 93960;
1803 1762 55 40 A.
1893 1762 45 41 S.
1970 1763 188 40 Barnes
2190 1763 37 41 &
2256 1771 82 41 co.,

401 1818 90 42 inc.
559 1818 284 49 (36-12966)

325 1922 308 67 Williams,
660 1922 259 55 Blanche
948 1922 226 65 Colton,
1204 1924 171 54 1879-

398 2002 224 67 George
670 2001 187 67 Eliot;
909 2021 31 33 a
986 2000 325 69 biography
1357 2001 75 68 by
1479 2001 254 54 Blanche
1782 2001 208 56 Colton
2034 2001 304 56 Williams.

326 2081 140 52 New
491 2079 183 58 York,
697 2079 121 54 The
841 2079 336 54 Macmillan
1202 2097 298 50 company,
1528 2082 149 51 1936.

399 2155 85 39 xix
510 2165 57 37 p.,
593 2154 24 39 1
666 2186 22 16 l.,
714 2154 85 40 341
824 2165 43 37 p.
920 2153 166 47 front.,
1110 2154 171 47 plates,
1309 2154 163 47 ports.,
1499 2151 217 42 facsims.
1746 2152 47 49 (1
1820 2152 145 49 fold.)
2029 2151 56 41 24
2088 2155 44 20 cm
2137 2185 9 8 .

329 2220 53 55 ©
413 2226 121 40 Mar.
566 2225 70 49 31,
668 2223 142 48 1936;
843 2223 66 43 2c.
941 2223 96 42 and
1071 2223 82 42 aff.
1186 2223 113 50 Apr.
1331 2223 53 47 1;
1418 2223 41 41 A
1489 2222 172 49 92665;
1696 2222 283 42 Macmillan
2012 2234 68 31 co.

409 2282 283 49 (36-27242)

328 2387 247 65 Wynne,
601 2388 137 52 Mrs.
765 2386 262 54 Frances
1051 2385 221 55 Dukes.

400 2464 328 68 Preparing
761 2464 93 52 for
888 2462 375 70 parenthood,
1297 2463 73 68 by
1406 2464 246 52 Frances
1687 2464 71 52 D.
1790 2464 242 66 Wynne.
2120 2459 223 70 Miami,

330 2544 143 66 Fla.,
501 2544 121 52 The
648 2542 192 68 Hefty
867 2561 174 49 press,
1067 2542 126 66 inc.,
1220 2548 18 21 c
1244 2544 149 52 1935.

399 2618 60 41 77
486 2629 43 38 p.
588 2615 155 50 diagr.
802 2616 55 40 23½
891 2618 15 21 cm
941 2649 8 9 .

402 2675 73 41 On
503 2684 169 31 cover:
701 2674 39 39 A
770 2675 105 38 text
904 2673 123 40 book
1054 2673 82 39 for
1161 2672 330 49 pre-parental
1521 2670 272 42 education.

403 2729 352 44 “References”
787 2733 49 38 at
870 2731 91 40 end
993 2730 53 40 of
1076 2730 119 40 each
1227 2729 216 48 chapter.

332 2799 54 53 ©
415 2804 111 39 Dec.
555 2804 39 46 4,
625 2802 142 46 1935;
799 2802 67 40 2c.
897 2803 122 39 Mar.
1048 2801 69 48 23,
1150 2799 141 47 1936;
1325 2799 80 40 aff.
1437 2799 113 48 Apr.
1581 2799 83 45 28;
1697 2798 40 40 A
1766 2797 171 48 92468;
1973 2797 51 41 F.
2055 2798 57 40 D.
2142 2797 199 47 Wynne,

404 2860 183 49 Miami,
621 2860 103 39 Fla.
797 2857 253 50 (36-9481)

332 2965 140 59 Yeo,
498 2966 138 52 Mrs.
664 2965 327 63 Margaret,
1021 2963 171 55 1877-

404 3042 122 53 The
557 3044 251 66 greatest
836 3039 63 54 of
930 3039 99 54 the
1058 3036 263 72 Borgias,
1350 3037 76 70 by
1457 3037 298 69 Margaret
1786 3037 137 52 Yeo.
1992 3035 139 53 New
2167 3033 177 67 York,

336 3114 1812 73 Milwaukee [etc.] The Bruce publishing company [ c 1936]
405 3192 115 44 xvii,
554 3192 86 41 374
675 3204 42 38 p.
781 3193 172 48 plates,
988 3192 27 39 2
1048 3194 122 48 port.
1202 3191 134 47 (incl.
1369 3190 176 47 front.)
1617 3190 56 40 22
1676 3191 43 22 cm
1724 3221 9 9 .
1807 3187 304 49 (Half-title:
2148 3187 195 42 Science

335 3247 1366 50 and culture series; J. Husslein … general editor)
407 3308 376 50 Bibliography:
818 3319 43 38 p.
892 3307 219 42 365-367.

336 3369 53 54 ©
419 3375 120 38 Mar.
570 3373 70 47 30,
671 3371 141 46 1936;
845 3373 66 40 2c.
944 3372 113 48 May
1086 3372 53 45 4;
1173 3371 83 40 aff.
1288 3372 113 47 May
1432 3369 53 46 2;
1520 3369 40 40 A
1590 3367 170 47 94275;
1797 3369 60 38 M.
1890 3368 113 48 Yeo,
2036 3365 309 49 Harpenden,

410 3431 164 46 Herts,
605 3430 237 47 England.
906 3428 281 49 (36-10805)

336 3534 279 64 Zwemer,
640 3532 238 56 Samuel
903 3530 288 66 Marinus,
1220 3531 172 56 1867-

408 3611 228 68 Taking
665 3610 137 54 hold
834 3609 62 54 of
928 3608 158 67 God;
1118 3606 216 56 studies
1364 3626 72 35 on
1466 3606 94 54 the
1590 3610 220 61 nature,
1840 3603 140 55 need
2012 3602 111 54 and
2155 3619 190 51 power

339 3679 2008 79 of prayer, by Samuel M. Zwemer … Grand Rapids, Mich.,
338 3764 1124 71 Zondervan publishing house [ c 1936]
408 3839 727 51 7 p. l., 13-188, [2] p. 20 cm .
412 3898 158 40 Blank
595 3907 148 40 pages
768 3897 79 41 for
877 3897 288 41 “Answered
1193 3894 231 51 prayers”
1464 3893 81 51 ([2]
1575 3896 52 39 at
1653 3894 117 47 end)

411 3954 248 42 “Selected
686 3955 84 41 list
797 3955 51 41 of
875 3955 147 41 books
1049 3966 58 29 on
1136 3951 234 51 prayer”:
1399 3964 43 38 p.
1469 3950 217 43 185-188.

340 4005 2006 57 © May 2, 1936; 2c. May 15; aff. May 14; A 94441; Zondervan pub. house.
419 4070 282 46 (36-10848)
