2519 4377
1080 4120 100 55 677

138 475 144 52 New
310 475 159 51 York
532 476 162 65 (City)
781 475 282 53 Charters.

209 554 117 50 Ten
364 570 134 47 year
536 552 342 53 cumulative
916 553 305 52 annotated
1258 552 360 66 supplement
1653 556 57 51 to
1749 552 167 52 Ash’s

139 570 1969 111 annotated
329 634 223 61 greater
586 630 137 50 New
763 629 160 52 York
955 630 238 52 charter.
1268 631 94 50 5th
1398 629 102 58 ed.,
1536 630 265 66 covering
1836 631 95 52 the
1967 649 164 48 years

145 709 321 56 1926-1936,
506 707 258 65 together
804 706 138 52 with
981 710 214 63 twenty
1234 707 365 67 appendixes,
1638 708 74 66 by
1751 709 155 53 John
1946 710 64 52 F.
2051 708 78 54 X.

140 782 1988 70 Finn … and Paul B. Carroll … with a foreword by John
140 861 1990 69 Godfrey Saxe … New York, Baker, Voorhis and company,
141 942 146 50 1936.

208 1011 98 47 xxi,
363 1011 85 39 1284
476 1022 42 37 p.
576 1011 179 47 diagrs.
810 1010 59 40 25½
898 1012 45 21 cm
947 1041 8 9 .

139 1063 52 53 ©
223 1069 125 39 June
381 1067 69 47 11,
483 1067 138 42 1936;
654 1068 65 39 2c.
753 1068 95 39 and
880 1067 82 40 aff.
997 1067 126 40 June
1157 1068 81 42 12;
1276 1067 40 40 A
1348 1067 171 42 94909;
1557 1069 125 40 Rose
1715 1069 113 48 Ash,
1864 1067 266 50 executrix,

208 1126 157 39 estate
392 1125 141 39 Mark
560 1125 113 47 Ash,
703 1125 116 39 New
848 1124 143 39 York.
1052 1123 279 50 [Copyright
1360 1125 41 40 is
1431 1125 202 41 claimed
1664 1137 57 28 on
1752 1136 105 29 new
1886 1127 243 50 material]

137 1243 144 52 New
307 1243 159 52 York
500 1243 217 65 (State)
805 1242 176 52 Court
1008 1243 63 65 of
1094 1243 248 66 appeals.

210 1318 1923 71 Reports of cases decided … from and including decisions
139 1397 61 53 of
235 1398 316 53 November
587 1401 80 54 19,
706 1401 149 53 1935,
888 1401 57 50 to
980 1396 275 55 decisions
1288 1397 62 52 of
1385 1400 261 64 January
1681 1402 84 64 21,
1803 1402 150 59 1936,
1989 1401 140 53 with

137 1480 172 51 notes,
357 1475 311 53 references
718 1475 111 52 and
878 1474 186 53 index.
1139 1475 174 52 Louis
1360 1478 55 51 J.
1465 1474 339 70 Rezzemini,
1853 1482 145 49 state
139 1498 1966 123 reporter.

422 1553 242 52 Volume
699 1555 116 49 269.
891 1551 248 68 Albany,
1175 1554 55 53 J.
1271 1555 65 51 B.
1377 1555 160 65 Lyon
1573 1572 295 50 company,
1908 1560 150 49 1936.

208 1626 202 46 xxxviii,
468 1626 55 38 822
551 1636 42 37 p.
648 1625 56 41 23½
737 1628 44 20 cm
786 1657 8 8 .

138 1679 52 54 ©
217 1685 112 46 May
354 1683 70 47 22,
450 1681 140 47 1936;
619 1682 68 40 2c.
715 1684 93 38 and
836 1682 81 40 aff.
947 1683 112 46 May
1086 1681 82 46 28;
1198 1682 39 39 A
1264 1681 170 48 94893;
1467 1684 209 39 Edward
1707 1684 43 42 J.

1781 1684 169 48 Flynn,
208 1696 1905 91 secretary
341 1740 51 40 of
414 1740 82 40 the
517 1742 128 37 state
669 1739 51 39 of
742 1740 120 38 New
882 1739 142 49 York,
1048 1739 48 38 in
1121 1740 127 39 trust
1271 1739 78 39 for
1375 1740 81 40 the
1480 1741 166 47 people
1670 1741 52 39 of
1747 1742 80 39 the
1855 1742 105 40 said
1988 1744 141 46 state,

207 1798 201 47 Albany.

137 1887 178 53 Omar
339 1886 335 64 Khayyām.

207 1961 1668 71 The Rubaiyat of Omar Khayyam of Naishapur. [New
140 2041 178 68 York]
354 2041 242 54 Printed
631 2040 94 54 for
757 2040 97 53 the
884 2040 275 54 members
1192 2039 65 54 of
1290 2040 96 53 the
1419 2039 248 56 Limited
1704 2041 244 56 editions
1985 2043 146 68 club,

140 2122 148 51 1935.

205 2191 59 43 80
288 2192 27 39 1.
344 2192 106 39 incl.
477 2191 83 41 col.
589 2190 163 49 front.,
780 2191 86 41 col.
891 2192 170 48 plates.
1123 2190 58 41 16c
1198 2191 28 23 m
1229 2222 10 10 .

205 2249 125 41 Text
358 2248 170 41 within
560 2249 301 40 ornamental
891 2247 211 42 borders.

207 2305 199 42 Printed
432 2316 59 29 on
518 2315 88 31 one
631 2305 102 41 side
759 2305 51 41 of
835 2304 101 42 leaf
961 2315 60 31 on
1046 2303 217 50 opposite
1289 2314 157 40 pages.

208 2361 1920 49 “Edward Fitzgerald’s translation into English quatrains … a definitive
138 2421 106 39 text
265 2419 237 48 carefully
528 2418 206 41 selected
759 2418 127 40 from
914 2418 75 40 his
1012 2417 93 40 five
1130 2416 228 51 differing
1383 2418 218 41 versions
1688 2417 23 17 …”

207 2474 1919 49 “This edition … was decorated, designed and illuminated by hand by
136 2529 1973 99 Valenti Angelo; fifteen hundred copies were printed … this copy is number
242 2588 250 48 copyright
520 2589 94 39 and
641 2589 43 39 is
710 2588 165 48 signed
904 2588 60 47 by
992 2587 192 41 Valenti
1212 2585 222 50 Angelo.”

137 2641 53 53 ©
223 2647 120 38 Mar.
375 2645 68 46 19,
476 2644 138 43 1936;
648 2645 67 39 2c.
748 2646 93 38 and
874 2644 81 40 aff.
988 2645 112 46 May
1130 2644 81 45 11;
1245 2645 41 37 A
1317 2642 170 48 95148;
1524 2643 208 41 Limited
1765 2644 208 41 editions
2006 2645 123 48 club,

207 2701 104 48 inc.,
339 2703 115 39 New
483 2702 142 39 York.
686 2701 279 48 [Copyright
993 2701 41 40 is
1062 2700 206 40 claimed
1296 2711 59 29 on
1385 2703 106 38 text
1516 2701 208 40 selected
1752 2701 126 39 from
1910 2701 94 41 five
211 2712 1902 94 versions,

378 2758 328 40 illustrations
731 2759 96 39 and
851 2756 181 50 design]
1098 2756 280 49 (36-10914)

137 2847 280 65 Osborne,
442 2848 220 64 Joseph
687 2846 352 65 Alexander,
1068 2852 170 50 1860-

202 2922 438 70 Williamsburg
666 2924 59 51 in
756 2922 241 53 colonial
1025 2920 181 69 times,
1235 2921 74 69 by
1339 2922 55 54 J.
1425 2922 71 53 A.
1529 2921 283 70 Osborne;
1847 2922 280 54 incidents

137 3002 57 51 in
215 3002 95 52 the
332 3002 138 52 lives
492 3000 64 54 of
578 3002 96 51 the
701 3000 243 69 English
968 3000 264 53 colonists
1255 2999 58 52 in
1339 2998 270 71 Virginia
1635 3000 213 70 during
1872 3002 96 52 the
1996 3002 131 53 17th

135 3081 112 52 and
284 3080 130 53 18th
449 3079 294 67 centuries,
778 3097 58 34 as
874 3078 256 52 revealed
1166 3078 59 51 in
1261 3078 95 52 old
1394 3077 327 55 documents
1758 3080 112 52 and
1906 3079 122 54 files
2063 3078 66 55 of

136 3157 93 54 the
256 3158 265 68 Virginia
547 3161 245 64 gazette;
824 3154 388 54 introduction
1235 3155 75 68 by
1336 3155 137 55 Rev.
1500 3155 90 54 W.
1617 3155 72 54 A.
1718 3156 67 53 R.
1813 3156 310 68 Goodwin;

137 3236 319 55 illustrated
492 3237 73 66 by
599 3236 169 52 Elmo
804 3235 190 53 Jones.
1063 3232 341 70 Richmond,
1437 3234 126 68 Va.,
1596 3235 122 53 The
1752 3235 168 53 Dietz
1956 3254 173 49 press,

138 3316 148 51 1935.

206 3382 1222 52 xxii p., 1 l., 166 p. inch front, plates. 24½cm.
204 3443 281 41 Facsimiles
521 3454 58 28 on
616 3442 357 47 lining-papers.

138 3499 53 54 ©
213 3504 115 39 Nov.
353 3503 39 42 9,
417 3502 112 40 1935;
583 3502 66 39 2c.
677 3501 108 39 Jan.
811 3500 69 48 29,
905 3500 115 39 1936;
1072 3498 80 41 aff.
1177 3498 113 49 Apr.
1315 3497 29 41 9;
1395 3498 42 40 A
1459 3499 143 40 94283;
1658 3500 141 40 Dietz
1824 3512 149 37 press.

219 3559 277 50 (36-11019)

139 3652 55 51 A
224 3650 267 64 pictorial
525 3655 128 46 tour
688 3647 61 54 of
781 3646 273 53 northern
1090 3644 350 68 California;
1478 3646 169 68 being
1681 3666 30 34 a
1744 3648 168 55 series
1947 3651 63 52 of
207 3669 1895 124 reproductions
607 3723 152 51 from
793 3721 392 69 photographs
1219 3719 63 53 of
1316 3720 288 68 principal
1641 3727 155 63 spots
1831 3723 64 53 of
1927 3724 199 68 scenic,

206 3801 275 54 romantic
515 3802 111 51 and
661 3799 234 54 historic
927 3799 232 52 interest
1193 3798 60 51 in
1284 3798 274 52 northern
1594 3798 339 57 California.
2009 3802 117 56 San

206 3881 319 65 Francisco,
559 3877 205 55 Sunset
796 3895 173 50 press,
1000 3881 18 22 c
1024 3877 149 50 1936.

212 3953 83 50 [48]
321 3964 43 37 p.
390 3953 51 40 of
465 3952 126 39 illus.
651 3950 55 40 31
710 3952 45 22 cm
758 3981 9 8 .

140 4003 1642 59 © May 14, 1936; 2c. and aff. May 25; A 95379; Sunset press.
220 4067 277 51 (36-11017)
