2519 4377
972 4100 134 50 2067

48 542 109 35 neu
204 525 185 54 bearb.
442 526 147 67 aufl.,
639 528 108 52 mit
795 529 99 50 148
941 524 528 70 textabbildungen,
1517 528 65 49 41
49 525 1994 146 anwendungs-beispielen
380 603 116 53 und
526 608 28 47 5
581 603 596 69 nomogrammtafeln.
1240 602 217 68 Berlin,
1482 603 55 54 J.
1569 602 297 69 Springer,
1895 606 149 50 1936.

120 675 1237 51 viii p. 1 l., 282 p. diagrs. (part fold.) 23 ½ cm .
119 732 100 43 The
246 731 163 42 folded
437 732 248 49 diagrams
713 743 84 32 are
824 734 47 39 in
899 734 185 48 pocket.

121 788 607 43 “Literaturverzeichnis”:
794 801 43 39 p.
877 789 247 52 [271]-282.

51 855 1796 53 © Apr. 8, 1936; 1c. Dec. 15; A- Foreign 33895; Julius Springer.
133 914 249 51 (37-3249)

50 1019 218 64 Bryan,
297 1019 251 55 William
575 1019 196 65 Alvin,
803 1025 170 51 1883-

120 1096 1925 70 Administrative psychiatry, by William A. Bryan … New
53 1173 1394 71 York, W. W. Norton & company, inc. [ c 1936]
123 1247 65 47 xi,
219 1247 173 41 13-349
419 1258 41 38 p.
489 1247 109 41 incl.
629 1247 167 49 diagr.,
826 1247 27 40 2
882 1247 168 42 forms.
1110 1248 55 39 22
1168 1251 44 21 cm
1217 1279 8 10 .

123 1304 161 42 “First
314 1304 226 41 edition.”

121 1360 347 49 Bibliography:
533 1372 41 38 p.
608 1361 218 43 339-341.

52 1427 54 53 ©
137 1433 111 39 Dec.
285 1432 37 41 7.
357 1431 112 40 1936;
530 1431 67 42 2c.
631 1434 112 38 Dec.
776 1431 54 41 18;
894 1432 67 40 aff.
1011 1434 110 38 Dec.
1156 1432 54 39 17;
1275 1434 38 38 A
1346 1430 173 42 101386;
1584 1432 69 40 W.
1688 1433 69 38 W.
1795 1433 184 39 Norton
2015 1433 35 39 &

121 1498 81 38 co.,
230 1488 89 39 inc.
385 1488 280 50 (37-27130)

51 1591 180 65 Buck,
263 1594 137 51 Mrs.
434 1592 168 53 Pearl
634 1592 515 65 (Sydenstricker)
1191 1597 171 51 1892-

122 1669 1924 69 Fighting angel; portrait of a soul, by Pearl S. Buck … New
52 1748 178 55 York,
255 1750 218 54 Revnal
501 1753 45 49 &
570 1748 320 55 Hitchcock
923 1783 13 32 [
939 1755 19 21 c
965 1752 132 49 1936
1102 1782 13 32 ]

121 1820 657 51 3 p. l., [9]-302 p. 21 ½ cm .
125 1877 68 39 “A
222 1876 127 40 John
379 1878 107 47 Day
515 1877 164 40 book.”

126 1932 258 49 “Fighting
409 1934 155 47 angel,
595 1934 83 38 the
702 1933 267 49 biography
997 1934 51 39 of
1076 1933 82 41 the
1186 1933 216 41 author's
1433 1933 177 48 father,
1638 1932 42 41 is
1709 1943 27 30 a
1765 1931 286 50 companion

53 1990 191 39 volume
268 1992 47 37 to
339 1990 102 41 The
463 1990 138 47 exile,
627 1990 158 40 which
811 1990 42 39 is
878 2000 28 29 a
932 1989 266 49 biography
1224 1990 50 41 of
1298 1990 85 41 her
1410 1990 204 40 mother.
1669 1989 241 49 Together
1936 1991 115 47 they

51 2046 124 39 form
202 2056 27 30 a
256 2046 133 39 work
413 2048 48 38 to
486 2046 55 41 be
564 2047 202 40 entitled
793 2047 101 39 The
919 2046 144 49 spirit
1088 2046 95 40 and
1208 2047 83 39 the
1314 2045 303 42 flesh.”—1st
1642 2044 172 51 prelim.
1854 2046 115 42 leaf.

52 2104 54 54 ©
131 2109 118 40 Nov.
274 2108 69 44 30.
370 2108 114 41 1936;
538 2109 66 42 2c.
632 2111 111 38 Dec.
770 2109 52 43 4;
852 2109 82 40 aff.
961 2110 112 39 Dec.
1100 2108 81 47 15;
1210 2110 40 38 A
1277 2107 199 49 102082;
1507 2109 140 39 Pearl
1679 2108 372 49 Sydenstricker

122 2166 136 39 Buck
282 2166 182 47 Walsh,
491 2165 245 48 Perkasie,
761 2167 81 38 Pa.
906 2164 281 49 (37-27009)

52 2269 319 55 Catharine
400 2271 274 64 Frances,
704 2271 180 65 sister,
916 2273 172 50 1898-

121 2349 120 51 The
276 2355 234 46 convent
549 2349 188 53 school
775 2349 62 53 of
875 2348 222 53 French
1135 2347 188 67 origin
1361 2347 55 52 in
1455 2348 94 53 the
1585 2347 217 56 United
1842 2348 207 67 States,

50 2425 1849 145 1727 to 1843 … [by] Sister Catharine Frances, S. S. J. Philadelphia, 1936.
121 2575 87 41 246
236 2586 43 38 p.
337 2574 145 42 22½cm.

120 2632 172 40 Thesis
333 2633 106 47 (PH.
504 2631 388 48 D.)—University
927 2632 51 40 of
1012 2631 372 47 Pennsylvania,
1417 2629 128 41 1936.

123 2688 346 49 Bibliography:
529 2699 43 37 p.
604 2687 218 42 227-237.

52 2741 53 53 ©
130 2747 110 39 Dec.
265 2745 67 48 16,
359 2744 140 48 1936;
527 2745 66 39 2c.
622 2745 93 39 and
743 2745 80 41 aff.
851 2747 112 39 Dec.
990 2744 55 39 22;
1103 2746 35 37 A
1169 2743 171 41 101427;
1399 2744 180 40 Sisters
1606 2743 52 39 of
1687 2743 139 42 Saint
1852 2744 196 48 Joseph,

126 2801 353 49 Philadelphia.
545 2800 251 49 (37-2130)

53 2905 342 65 Chumbley,
427 2905 246 56 Charles
698 2905 236 55 Melvin.

122 2982 124 52 The
273 3001 132 34 man
438 2981 337 65 invincible;
811 3000 62 35 or,
919 2982 180 53 What
1129 2981 47 54 is
1207 2982 47 52 it
1289 2980 75 53 all
1398 2980 358 54 about—this
1789 2980 147 54 book
1968 3000 82 34 we

55 3059 109 52 call
193 3059 95 54 the
316 3058 166 55 Bible
520 3058 18 53 ?
605 3060 90 65 By
726 3058 236 55 Charles
990 3058 217 53 Melvin
1240 3057 332 67 Chumbley.
1639 3058 415 66 Bridgewater,

52 3135 127 58 Va.,
205 3135 123 53 The
358 3135 231 55 Cosmos
618 3136 148 53 book
796 3152 297 50 company,
1126 3138 150 52 1936.

125 3207 645 51 6 p. l., [11]-308 p. 22 cm .
57 3260 53 53 ©
144 3265 110 40 Dec.
290 3264 39 47 4,
366 3264 114 40 1936;
543 3263 67 42 2c.
648 3265 111 38 Dec.
794 3263 26 38 9;
884 3263 81 40 aff.
1004 3264 109 38 Dec.
1152 3262 81 47 10;
1273 3263 40 39 A
1346 3261 200 48 101238;
1585 3262 50 42 C.
1672 3263 63 40 M.
1772 3262 279 49 Chumbley,

131 3320 346 47 Bridgewater,
509 3322 84 38 Va.
664 3318 251 49 (37-2088)

53 3423 233 56 Collins,
313 3424 65 55 G.
407 3425 66 53 E.
500 3425 62 54 P.

122 3501 139 54 East
293 3518 285 39 monsoon,
608 3501 74 67 by
712 3501 67 55 G.
811 3502 65 52 E.
908 3504 63 50 P.
1007 3499 233 56 Collins.
1316 3499 257 67 London,
1601 3501 56 54 J.
1690 3500 172 67 Cape.
1896 3504 148 51 1936.

129 3574 22 37 1
182 3584 40 28 v.

56 3625 53 53 ©
196 3663 8 9 1c.
238 3631 109 40 Dec.
380 3629 39 45 9,
451 3629 140 44 1936;
627 3632 37 38 A
699 3630 59 39 ad
791 3629 86 41 int.
910 3628 144 41 22233;
1115 3628 140 49 pubd.
1292 3629 102 40 Oct.
1427 3627 83 48 23;
1546 3627 203 42 Charles
1786 3628 265 41 Scribner’s

132 3696 124 37 sons,
283 3687 116 39 New
425 3687 143 41 York.

53 3787 252 64 Cottam,
334 3788 212 66 Nephi,
576 3794 173 50 1883-

126 3865 118 52 The
286 3871 156 61 story
485 3867 62 50 of
591 3866 406 66 craniopathy;
1046 3884 28 33 a
1119 3864 211 54 science
1373 3864 62 52 of
1479 3864 212 66 health,
1734 3863 73 53 its
1848 3863 202 64 theory

60 3939 1991 70 and practice, by Nephi Cottam … Los Angeles, Calif., The
57 4019 201 54 author
332 4024 133 50 [c1936]
