2519 4377
1350 4152 134 56 1748

414 548 273 56 exercises
726 550 77 68 by
842 550 305 54 Professor
1184 552 70 52 R.
1295 553 89 54 W.
1426 551 321 55 Johnstone
1793 597 56 9 ...
1929 553 407 55 Introduction
2375 560 57 49 to

415 627 451 70 post-operative
893 629 272 54 exercises
1192 630 77 68 by
1295 630 304 54 Professor
1626 631 157 54 John
1809 632 211 54 Fraser
2051 676 57 10 ...
2173 633 261 69 London,

410 707 89 54 W.
534 704 382 70 Heinemann,
946 708 105 54 ltd.
1086 711 153 52 1936.

483 780 953 50 xvi, 152 p. front., illus., pl. 22 cm .
416 848 2017 57 © 1c. Sept. 12, 1936; A ad int. 21902; pubd. July 27; M. Morris, London.
497 909 284 50 (36-34583)

411 1016 339 66 Neumann,
774 1017 245 65 Robert,
1045 1019 174 55 1897-

483 1093 122 53 The
637 1094 226 69 queen’s
898 1095 226 69 doctor;
1161 1094 173 71 being
1366 1097 97 53 the
1496 1102 233 63 strange
1759 1103 158 63 story
1949 1098 64 52 of
2047 1100 97 53 the
2175 1099 110 54 rise
2320 1101 110 52 and

414 1171 108 53 fall
561 1171 64 53 of
664 1171 321 70 Struensee,
1021 1173 266 70 dictator,
1325 1175 174 67 lover,
1536 1177 113 52 and
1687 1179 197 52 doctor
1924 1177 65 52 of
2025 1178 296 66 medicine,
2358 1179 73 68 by

412 1252 217 54 Robert
665 1253 321 53 Neumann.
1062 1255 141 54 New
1239 1255 182 67 York,
1456 1255 71 53 A.
1563 1256 71 53 A.
1670 1255 226 69 Knopf,
1937 1260 151 51 1936.

484 1326 693 51 3 p. l., 3-401, [1] p. 20 cm .
486 1382 326 42 “Translated
845 1383 129 41 from
1007 1385 83 41 the
1127 1385 212 41 German
1374 1386 61 48 by
1470 1386 174 41 Edwin
1680 1387 95 40 and
1810 1387 147 40 Willa
1996 1386 174 41 Muir.”

485 1442 164 41 “First
681 1441 262 43 American
974 1442 231 43 edition.”

414 1510 52 53 ©
489 1516 119 40 Nov.
634 1514 72 50 21,
733 1514 117 42 1936;
904 1514 68 41 2c.
1002 1515 96 39 and
1123 1515 82 40 aff.
1234 1517 118 38 Nov.
1379 1515 58 40 25;
1495 1516 40 39 A
1562 1515 174 41 100654;
1793 1515 171 40 Alfred
1996 1517 54 40 A.
2077 1514 182 49 Knopf,
2286 1515 93 42 inc.

494 1571 285 53 (36-33403)

411 1677 270 67 O’Brien,
707 1679 155 54 John
891 1680 77 65 S.,
997 1685 172 49 1898-

485 1754 284 71 Corporal
807 1756 187 70 Corey
1028 1755 65 55 of
1126 1757 99 52 the
1257 1757 188 68 Royal
1482 1756 301 55 Canadian
1820 1757 272 53 mounted
2233 1789 13 34 [by]
2286 1755 147 55 Jack

413 1834 282 69 O’Brien;
738 1836 332 53 illustrated
1107 1835 78 69 by
1223 1836 160 53 Kurt
1420 1836 204 54 Wiese.
1703 1836 432 69 Philadelphia,
2180 1835 253 69 Chicago

418 1914 1424 70 [etc.] The John C. Winston company [ c 1936]
483 1989 65 48 ix,
575 1988 89 42 276
688 2000 45 38 p.
791 1990 86 41 col.
906 1989 166 51 front.,
1101 1990 130 40 illus.
1287 1989 57 40 22
1347 1992 46 22 cm
1397 2022 10 10 .

484 2046 294 41 Illustrated
806 2046 368 50 lining-papers.

413 2113 52 53 ©
491 2119 105 40 Dec.
629 2117 70 48 15,
723 2116 116 41 1936;
891 2117 68 41 2c.
983 2119 113 38 Dec.
1120 2117 55 39 21;
1233 2117 82 42 aff.
1341 2118 112 41 Dec.
1480 2116 55 41 19;
1588 2118 41 39 A
1654 2116 174 41 102005;
1884 2117 130 40 John
2041 2118 47 41 O.
2115 2117 227 41 Winston
2363 2127 65 32 co.

497 2174 284 50 (36-27027)

411 2281 244 64 O’Neill,
683 2282 136 53 Ana
844 2282 212 56 Maria.

485 2359 373 67 Suplemento
901 2379 31 34 a
972 2361 53 51 la
1071 2359 352 68 Exposición
1463 2359 67 54 de
1571 2360 52 52 la
1668 2359 359 68 taquigrafía
2072 2360 213 67 Gregg,
2324 2379 107 48 por

411 2440 129 50 Ana
575 2440 194 52 María
805 2438 229 56 O’Neill
1074 2482 55 9 ...
1170 2459 36 46 y
1239 2438 250 53 Alfredo
1522 2438 200 53 Muñiz
1764 2481 55 9 ...
1894 2438 262 53 Primera
2191 2438 237 53 editián.

438 2518 117 54 [San
589 2519 176 65 Juan,
799 2519 66 52 P.
901 2519 86 65 R.,
1021 2519 151 66 Imp.
1208 2536 68 34 en
1310 2518 84 51 los
1427 2518 229 52 talleres
1690 2517 69 52 de
1794 2517 267 66 Cantero,
2096 2517 333 54 Fernández

410 2599 44 49 &
479 2615 98 47 co.,
601 2596 128 66 inc.]
761 2599 151 51 1936.

483 2668 85 41 163
593 2679 44 38 p.
694 2668 58 39 24½
784 2672 44 21 cm
835 2703 8 7 .

412 2735 53 54 ©
493 2740 121 47 Aug.
642 2739 71 49 25,
743 2738 116 41 1936;
915 2738 68 41 2c.
1013 2740 117 39 Nov.
1161 2739 56 39 17;
1276 2739 81 41 aff.
1390 2739 103 41 Oct.
1522 2739 55 39 17;
1637 2740 42 39 A
1706 2737 174 42 100853;
1940 2739 55 40 A.
2028 2740 60 38 M.
2119 2737 185 43 O'Neill
2335 2739 95 39 and

478 2797 206 41 Alfredo
708 2797 179 48 Muniz,
912 2797 90 40 Rio
1026 2797 219 47 Piedras,
1268 2798 51 39 P.
1344 2798 55 39 R.

415 2903 282 65 [Oursler,
721 2905 140 53 Mrs.
890 2904 186 54 Grace
1108 2902 340 66 (Perkins)]

480 2980 224 71 Riding
736 2980 160 71 high,
928 2982 76 68 by
1040 2982 159 53 Dora
1234 2982 173 68 Macy
1470 2981 211 67 [pseud.]
1762 2982 139 52 New
1939 2981 182 67 York,
2157 2982 271 65 Toronto,

410 3060 1000 69 Farrar & Rinehart, inc. [ c 1936]
482 3133 536 50 4 p. l., 3-284 p. 19½cm.
413 3204 52 52 ©
489 3208 118 39 Nov.
629 3206 71 49 24,
725 3205 117 41 1936;
894 3206 68 41 2c.
987 3207 118 40 Nov.
1130 3205 57 40 27;
1242 3206 81 41 aff.
1349 3207 118 39 Nov.
1492 3205 56 38 25;
1604 3206 40 38 A
1670 3204 174 41 100667;
1900 3205 186 38 Farrar
2113 3204 35 40 &
2174 3202 254 51 Rinehart,

482 3265 91 40 inc.
631 3263 284 50 (36-33404)

411 3370 122 53 The
559 3369 232 55 Oxford
818 3369 148 54 book
992 3369 63 53 of
1080 3368 238 54 modern
1345 3386 175 48 verse,
1550 3370 329 64 1892-1935,
1906 3368 204 53 chosen
2137 3368 76 66 by
2239 3369 90 53 W.
2360 3369 65 50 B.

480 3444 195 55 Yeats.
750 3445 140 54 New
927 3444 183 67 York,
1147 3443 232 58 Oxford
1418 3443 321 69 university
1778 3461 175 51 press,
1991 3445 153 51 1936.

478 3519 96 48 xlv,
600 3519 91 41 454
715 3529 44 39 p.
820 3518 59 43 19½
910 3521 44 22 cm
958 3552 9 9 .

480 3576 166 42 “First
673 3576 230 42 edition.”

412 3631 55 54 ©
489 3637 118 39 Nov.
632 3635 70 49 12,
727 3635 142 48 1936;
895 3635 68 42 2c.
988 3635 97 39 and
1111 3635 80 39 aff.
1217 3636 117 39 Nov.
1361 3634 54 39 21;
1471 3636 39 38 A
1535 3633 174 41 101118;
1766 3634 188 41 Oxford
1980 3633 130 40 univ.
2135 3642 153 39 press,
2311 3633 118 38 New

487 3694 145 49 York,
656 3693 93 41 inc.
813 3692 284 51 (36-28578)

411 3799 310 65 Paterson,
749 3798 228 54 Donald
1009 3798 416 64 Gildersleeve,
1459 3804 170 50 1892-

487 3920 57 10 ...
584 3879 154 64 Men,
776 3895 237 49 women,
1052 3877 112 53 and
1202 3878 153 66 jobs;
1397 3896 29 34 a
1467 3878 172 66 study
1678 3877 56 51 in
1773 3877 214 51 human
2026 3873 397 69 engineering;

413 3973 30 34 a
477 3955 207 54 review
719 3956 64 53 of
816 3956 96 53 the
945 3955 215 54 studies
1195 3956 63 53 of
1291 3957 97 53 the
1423 3955 340 55 Committee
1797 3973 71 34 on
1904 3953 326 54 individual
412 3951 1992 136 diagnosis

600 4031 1823 71 and training [b y] Donald G. Paterson ... and John G.
