2519 4377
1047 4071 99 50 519

105 454 188 63 Holtz,
323 456 207 51 Irenus
556 455 180 64 Basil,
768 455 168 55 1897-

174 531 119 52 The
335 529 247 69 forestry
624 530 304 52 catechism;
998 549 33 34 a
1069 530 232 52 manual
1343 529 280 68 prepared
1667 527 94 54 for
1801 527 162 54 those

104 527 1991 150 desiring a knowledge of forestry, by I. Basil Holtz … Altoona,
105 688 229 65 Penna.,
367 686 123 51 The
520 686 323 54 Wholesale
874 686 146 53 book
1053 703 79 35 co.
1172 688 173 64 [c1936]

175 759 858 49 iv p., 2 l., 368 p. diagrs. 20cm.
105 812 53 53 ©
199 818 119 39 Mar.
358 816 68 47 10,
469 815 138 48 1936;
649 817 68 40 2c.
760 818 120 39 Mar.
926 816 81 46 12;
1050 816 82 41 aff.
1176 817 120 39 Mar.
1338 817 81 46 14;
1463 816 39 38 A
1540 814 171 46 93148;
1758 815 37 39 I.
1836 815 53 38 B.
1932 815 160 47 Holtz,

172 874 322 47 Philipsburg,
522 874 81 39 Pa.
669 873 249 48 (36-9502)

104 961 301 62 Hubbard,
432 964 137 51 Mrs.
598 961 165 54 Nelle
794 960 288 63 (Decker)

173 1036 262 54 Pinhook
464 1043 57 46 to
552 1038 214 66 Brazil,
793 1038 74 67 by
896 1037 160 53 Nelle
1087 1036 219 52 Decker
1335 1034 301 54 Hubbard.
1703 1033 215 69 Brazil,
1946 1032 150 67 Ind.,

102 1116 163 53 Nelle
291 1117 71 52 D.
392 1116 302 68 Hubbard,
725 1119 150 50 1936.

171 1191 590 49 5 p. l., [13]-222 p. 20½cm.
169 1248 71 38 An
275 1248 202 39 account
512 1248 51 38 of
596 1248 82 39 the
713 1245 221 42 Hendrix
967 1245 174 50 family
1175 1245 234 50 compiled
1445 1246 126 40 from
1609 1245 193 41 records
1836 1244 259 50 originally

105 1304 162 39 traced
317 1304 59 47 by
423 1303 76 39 Eli
549 1303 234 47 Hendrix,
833 1303 81 40 the
960 1313 87 30 son
1095 1303 52 40 of
1194 1303 128 39 John
1371 1302 237 49 Hendrix,
1656 1313 79 37 sr.,
1784 1302 96 40 and
1927 1301 167 49 Nancy

103 1360 261 41 Whitaker,
425 1360 61 47 cf.
518 1359 129 42 Pref.

103 1412 52 51 ©
181 1416 113 47 Apr.
323 1416 67 47 16,
421 1416 138 42 1936;
589 1415 67 41 2c.
685 1417 95 38 and
811 1415 81 41 aff.
919 1416 112 47 Apr.
1061 1414 82 48 22;
1174 1416 40 38 A
1243 1414 170 48 93744;
1446 1415 55 41 N.
1534 1415 57 40 D.
1621 1414 250 41 Hubbard.

181 1471 249 49 (36-9681)

102 1562 313 64 Jernegan,
446 1563 238 52 Marcus
709 1561 240 65 Wilson,
982 1566 169 52 1872-

172 1636 239 55 Growth
446 1637 64 53 of
542 1638 96 52 the
672 1637 306 53 American
1014 1637 217 68 people,
1265 1636 75 69 by
1372 1635 231 54 Marcus
1636 1634 222 56 Wilson

102 1634 1993 150 Jernegan … and Harry Ellsworth Carlson … and A. Clayton Ross
163 1791 1931 71 … New York, Chicago [etc.] Longmans,, Green and company,
105 1873 147 52 1936.

173 1945 133 48 xviii,
337 1944 97 47 861,
465 1943 168 40 xix-lx
659 1954 42 38 p.
760 1944 86 45 col.
874 1944 164 49 front.,
1067 1944 141 47 illus.,
1240 1943 84 41 col.
1355 1944 173 47 plates,
1558 1951 137 39 maps
1722 1942 135 48 (part
1886 1942 199 49 double)

102 1999 179 48 diagrs.
341 2001 114 40 21cm.

174 2058 162 40 “First
360 2058 183 40 edition
573 2058 189 48 August
788 2057 114 41 1934;
963 2057 180 41 Second
1172 2057 182 41 edition
1384 2058 187 41 revised
1602 2057 136 49 April
1768 2056 157 42 1936.”

174 2114 345 41 “References”
548 2117 52 39 at
624 2116 91 39 end
744 2114 52 41 of
820 2116 118 40 each
966 2116 120 41 unit.

103 2170 52 52 ©
189 2175 112 47 Apr.
333 2173 69 48 29,
437 2173 139 43 1936;
614 2174 68 40 2c.
716 2175 113 46 Apr.
864 2174 81 47 30;
982 2173 81 42 aff.
1100 2176 112 46 May
1245 2175 51 41 1:
1335 2176 40 37 A
1408 2174 169 48 93942;
1615 2175 286 48 Longmans,
1940 2174 156 41 Green

232 2229 377 50 & co. (36-9541)
102 2320 281 62 Johnsen,
408 2319 157 54 Julia
590 2319 214 65 Emily,
833 2338 176 47 comp.

219 2393 1876 71 … The neutrality policy of the United States, compiled by
102 2473 160 55 Julia
300 2473 64 51 E.
404 2473 270 53 Johnsen.
749 2474 138 53 New
926 2474 178 65 York,
1142 2474 123 51 The
1297 2474 76 52 H.
1410 2475 89 54 W.
1539 2473 220 56 Wilson
1800 2491 299 53 company,

105 2554 149 50 1936.

175 2625 84 40 267
285 2636 41 37 p.
381 2625 115 41 20cm.
562 2625 125 48 (The
714 2625 245 41 reference
980 2625 142 42 shelf,
1177 2637 41 30 v.
1247 2625 68 47 10,
1343 2637 75 30 no.
1444 2627 52 49 7)

176 2680 373 49 Bibliography:
578 2692 41 38 p.
649 2680 189 51 [39]-69.

105 2732 53 53 ©
186 2738 111 46 Apr.
330 2738 68 46 10,
430 2737 116 41 1936;
601 2738 68 40 2c.
702 2739 113 46 Apr.
845 2738 57 40 18;
960 2738 82 41 aff.
1073 2739 114 46 Apr.
1219 2739 54 39 16;
1335 2739 39 39 A
1408 2738 143 42 93722;
1614 2741 60 40 H.
1705 2741 72 41 W.
1811 2740 187 41 Wilson
2027 2752 68 29 co.

179 2792 248 49 (36-9586)

103 2882 281 67 Johnson,
420 2883 275 65 Gaylord.

237 2960 1859 70 … Hunting with the microscope, by Gaylord Johnson; with
106 3038 288 69 diagrams
422 3039 74 68 by
525 3039 97 52 the
649 3039 222 52 author.
937 3039 137 52 New
1105 3039 180 67 York,
1314 3039 234 54 Leisure
1576 3041 196 68 league
1803 3041 64 52 of
110 3041 1964 140 America,
243 3120 147 49 1936.

174 3190 56 41 95
260 3202 40 37 p.
360 3192 128 39 illus.
546 3190 117 41 20cm.
733 3191 225 48 (Leisure
986 3192 170 48 league
1182 3190 128 43 little
1342 3193 122 39 book
1494 3192 203 41 number
1727 3192 81 48 23)

177 3247 345 48 Bibliography:
582 3259 42 37 p.
656 3246 159 43 94-95.

103 3299 1992 55 © Mar. 30, 1936; 2c. and aff. Apr. 1; A 92676; G. Johnson, Dobbs Ferry,
177 3361 54 38 N.
261 3361 53 40 Y.
381 3360 249 48 (36-9494)

105 3435 401 64 Jouhandeau,
536 3436 235 63 Marcel,
804 3442 169 49 1888-

238 3512 1443 70 … Chaminadour. n. Paris, Gallimard [1936]
174 3585 730 49 3 p. l., [9]-285 p., 1 l. 19cm.
107 3637 1988 53 © Jan. 2, 1936; 1c. Apr. 8; A-Foreign 31274; Librairie Gallimard.
112 3716 249 63 Kepner,
392 3717 243 54 Charles
660 3717 208 60 David,
900 3723 169 49 1893-

239 3792 1856 69 … The banana empire; a case study of economic imperialism,
108 3864 73 70 by
214 3867 234 54 Charles
478 3869 190 53 David
702 3870 250 67 Kepner,
985 3870 70 67 jr.
1091 3871 110 52 and
1237 3871 114 68 Jay
1385 3870 204 68 Henry
1626 3869 260 56 Soothill.
1954 3870 140 54 New

110 3946 177 66 York,
317 3947 118 52 The
463 3948 315 68 Vanguard
808 3967 157 49 press
1015 3952 154 49 [c1935]
