2597 4361
1152 4050 63 47 33

252 492 217 40 Herman
499 489 258 41 Bavinck’s
784 488 327 48 publications:
1168 498 43 37 p.
1239 486 158 41 33-34.

253 547 375 49 Bibliography:
657 557 43 38 p.
732 546 247 51 [231]-236.

180 619 53 52 ©
261 623 128 39 June
414 623 68 45 14,
512 620 141 47 1935;
685 620 64 40 2c.
781 620 94 39 and
907 619 82 41 aff.
1021 620 107 39 Jan.
1161 619 39 47 6,
1232 617 140 49 1936;
1404 620 42 38 A
1475 618 171 48 91039;
1680 620 121 40 Wm.
1834 621 53 37 B.
1920 620 270 41 Eerdmans

249 680 109 47 pub.
384 690 67 29 co.
515 677 251 49 (36-1694)

182 781 283 65 Kagawa,
491 780 321 64 Toyohiko,
842 784 170 49 1888-

251 861 58 52 A
356 860 168 67 grain
573 858 64 53 of
685 859 202 65 wheat,
934 858 77 66 by
1059 856 300 68 Toyohiko
1406 857 290 67 Kagawa;
1748 858 316 52 translated
2112 858 74 68 by

181 939 230 53 Marion
451 939 69 51 R.
559 938 244 65 Draper,
843 935 191 53 edited
1072 936 76 66 by
1189 935 188 55 Glenn
1419 935 193 55 Clark.
1688 936 140 53 New
1869 935 165 53 York
2074 937 112 53 and

181 1017 259 65 London,
466 1017 233 65 Harper
725 1018 45 50 &
794 1015 279 65 brothers,
1102 1017 150 50 1936.

277 1086 847 51 y p., 1 l., 150 p. plates. 19½cm.
257 1146 163 41 “First
446 1143 228 43 edition.”

181 1214 53 53 ©
270 1219 109 39 Jan.
417 1217 69 48 23,
524 1216 118 40 1936:
705 1216 65 39 2c.
809 1216 110 40 Jan.
957 1215 82 40 21:
1080 1214 82 41 aff.
1200 1215 110 40 Jan.
1349 1215 82 46 25;
1472 1216 42 38 A
1547 1214 171 49 90477;
1759 1216 198 48 Harper
1992 1216 37 40 &
2064 1216 125 40 bros.

260 1274 251 49 (36-1534)

183 1377 173 65 Kain,
387 1378 249 63 Conrad,
666 1381 326 51 1883-1934.

253 1455 208 54 Where
502 1455 96 53 the
643 1453 194 54 clouds
882 1472 105 34 can
1030 1471 90 50 go,
1164 1453 76 68 by
1284 1453 232 56 Conrad
1559 1451 187 70 Kain;
1795 1454 207 65 edited,
2046 1453 137 54 with

185 1532 321 54 additional
552 1533 281 67 chapters,
879 1532 74 67 by
996 1533 56 54 J.
1097 1532 240 52 Monroe
1379 1532 380 68 Thorington.
1842 1534 138 51 New
2027 1534 160 52 York

184 1611 133 70 city,
344 1613 122 52 The
490 1610 308 56 American
823 1609 215 70 Alpine
1064 1610 145 67 club,
1239 1615 150 49 1935.

257 1683 1084 50 xxi p., 1 l., 456 p. plates, ports. 23½cm.
256 1742 415 48 Autobiography.

183 1810 1992 108 © Mac 10, 1935; 2c. and aff. Jan. 6, 1936; A 91027; J. Monroe Thorington. Philadelphia. (36-1413)
189 1974 361 67 [Kauffman,
583 1976 138 51 Mrs.
754 1972 165 55 Ruth
951 1972 387 66 (Hammitt)]

256 2048 163 70 Spun
459 2049 136 69 gold
643 2049 108 69 [by]
797 2048 160 53 Ruth
997 2047 238 70 Wright
1302 2048 211 68 [pseud.]
1594 2047 429 69 Philadelphia,
2066 2048 123 52 The

184 2129 158 51 Penn
370 2126 338 70 publishing
734 2145 281 50 company
1068 2129 158 50 [c1936]

254 2200 86 41 302
370 2211 42 38 p.
474 2199 54 41 19½cm.

183 2268 1753 53 © Jan. 24, 1936; 2c. and aff. Jan. 27; A 91446; Penn pub. co.
265 2329 250 48 (36-1430)

185 2431 288 66 Keigwin,
506 2433 247 53 Charles
781 2433 227 63 Albert,
1042 2437 171 49 1862-

258 2508 168 55 Cases
463 2528 72 34 on
571 2514 337 63 mortgages,
945 2508 141 55 with
1123 2507 330 55 summaries
1491 2508 64 54 of
1591 2508 254 54 doctrine
1880 2526 155 51 upon
186 2526 1981 112 several

186 2584 1980 144 heads of that subject, by Charles A. Keigwin … Rochester,
337 2663 68 56 N.
459 2663 89 67 Y.,
597 2663 121 52 The
767 2663 266 68 Lawyers
1085 2665 379 66 co-operative
1514 2663 334 69 publishing
1896 2681 293 52 company,

189 2744 148 49 1936.

254 2813 105 47 xiii,
388 2812 86 39 724
503 2823 43 37 p.
606 2812 117 40 26cm.

185 2881 52 53 ©
275 2886 108 39 Jan.
421 2886 68 49 15,
529 2885 140 48 1936;
708 2885 67 41 2c.
811 2886 110 39 Jan.
959 2885 82 43 24;
1083 2885 82 42 aff.
1204 2887 109 39 Jan.
1352 2885 84 48 22;
1477 2887 42 39 A
1555 2885 172 50 91414;
1769 2888 48 40 C.
1858 2889 54 40 A.
1952 2888 237 48 Keigwin,

255 2943 335 46 Washington.
658 2942 250 47 (36-1248)

187 3045 174 64 Kulp,
388 3046 209 53 Daniel
622 3046 309 64 Harrison,
962 3053 170 49 1888-

254 3121 412 69 Introductory
690 3122 287 69 sociology
1004 3122 95 53 for
1121 3123 257 53 students
1405 3122 65 55 of
1491 3124 259 68 nursing,
1775 3124 76 70 by
1876 3123 209 53 Daniel
2110 3123 77 53 H.

188 3198 1793 72 Kulp, II … New York, The Macmillan company, 1936.
322 3271 1064 51 xv p., 2 l., 284 p. diagrs. (1 fold.) 22cm.
258 3325 70 41 On
359 3338 166 30 cover:
559 3328 344 48 Introductory
933 3330 256 48 sociology.

259 3384 347 40 “References”
632 3388 51 38 at
711 3388 90 39 end
827 3386 54 40 of
903 3388 118 39 each
1045 3388 214 47 chapter.

187 3437 53 52 ©
272 3443 109 39 Jan.
415 3443 69 42 14,
516 3443 140 41 1936:
691 3443 66 41 2c.
792 3446 96 38 and
921 3445 81 39 aff.
1037 3447 109 39 Jan.
1181 3447 82 42 15:
1299 3448 40 38 A
1368 3446 144 43 91207:
1577 3449 282 40 Macmillan
1893 3461 67 29 co.

265 3497 251 52 (36-1418)

193 3597 195 67 [Lane,
418 3601 277 54 Kenneth
722 3603 392 54 Westmacott]
1169 3610 171 48 1893-

192 3674 1970 143 The house that Chak built, by Keith West [pseud.] London,
347 3752 74 51 H.
449 3753 258 68 Jenkins,
732 3754 223 55 limited
986 3758 171 66 [1935]

259 3822 84 39 316
369 3833 43 37 p.
470 3824 127 41 illus.
655 3824 114 41 19cm.

188 3876 1999 61 © 1c. Jan. 7, 1936: A ad int. 20996; pubd. Nov. 8, 1935; K. W. Lane,
258 3939 243 47 Banbury,
535 3940 149 47 Oxon,
717 3942 234 47 England.
1022 3943 250 51 (36-1297)
