2519 4377
1196 4106 99 50 164

319 518 65 40 At
411 520 125 41 head
566 521 52 40 of
646 523 136 39 title:
814 522 244 42 Kathleen
1084 523 185 41 Norris.

322 575 163 43 “First
513 578 228 42 edition.”

248 631 52 53 ©
331 636 110 41 Feb.
470 637 70 48 21,
572 636 142 49 1936;
747 638 67 40 2c.
846 640 97 39 and
970 639 81 41 aff.
1085 640 112 41 Feb.
1227 641 82 47 28;
1343 641 41 39 A
1414 640 170 49 92042;
1619 640 244 41 Kathleen
1894 638 189 49 Norris,
319 640 1921 102 Saratoga,
473 694 146 41 Calif.
687 695 251 49 (36-5514)

250 782 197 53 North
485 787 240 50 eastern
762 790 284 63 reporter;
1088 804 150 35 cases
1274 787 216 67 argued
1527 787 111 52 and
1675 784 354 55 determined
2065 785 61 53 in
2162 786 98 52 the

306 866 188 49 courts
527 862 64 53 of
625 863 247 66 Illinois,
904 864 266 65 Indiana,
1203 865 462 65 Massachusetts,
1698 866 140 52 New
1872 863 182 68 York,
2088 864 170 67 Ohio,

321 940 140 53 with
502 940 109 68 key
651 941 240 53 number
934 941 379 55 annotations.
1394 943 242 55 Volume
1680 942 113 54 197.
320 942 1913 144 August-November,
599 1023 151 49 1935.
829 1019 82 55 St.
945 1021 167 67 Paul,
1144 1023 162 52 West
1337 1022 337 67 publishing
1704 1039 98 47 co.,
1837 1023 151 49 1935.

315 1091 104 48 xiii,
453 1091 117 41 1036
600 1103 42 38 p.
705 1092 116 41 26cm.

245 1144 54 53 ©
326 1150 112 39 Dec.
467 1148 69 50 23,
563 1148 142 49 1935;
734 1150 68 41 2c.
832 1151 109 39 Jan.
972 1151 69 46 18,
1071 1149 140 44 1936;
1243 1150 81 41 aff.
1356 1151 109 40 Jan.
1496 1151 82 46 20;
1610 1151 40 39 A
1679 1149 170 47 91368;
1883 1149 137 40 West
2049 1150 110 47 pub.
2189 1160 69 31 co.

251 1238 238 66 Olivier,
512 1240 224 53 Robert
762 1241 84 63 L.,
875 1246 171 48 1903-

316 1314 201 54 Pierre
553 1314 65 55 of
654 1315 97 53 the
788 1315 202 68 Teche,
1029 1315 74 70 by
1142 1316 215 53 Robert
1393 1317 64 52 L.
1499 1314 238 57 Olivier.
1814 1316 139 52 New
1996 1316 260 65 Orleans,

245 1392 1129 64 Pelican publishing company [ c 1936]
315 1466 534 50 2 p. l., 236 p. 21cm.
245 1522 53 53 ©
337 1527 109 40 Feb.
485 1527 71 48 22,
595 1527 142 47 1936;
778 1527 68 40 2c.
887 1528 96 39 and
1022 1526 83 42 aff.
1145 1528 111 40 Feb.
1295 1526 82 49 28;
1420 1528 42 39 A
1498 1527 172 48 92012;
1712 1528 56 40 R.
1809 1528 49 38 L.
1901 1526 199 48 Olivier,
2141 1528 118 40 New

314 1584 218 42 Orleans.
603 1584 253 50 (36-5509)

247 1676 212 55 Pacific
510 1682 274 62 reporter.
876 1678 218 54 Second
1145 1675 185 56 series.
1418 1678 170 54 Cases
1640 1678 214 67 argued
1907 1678 114 52 and
316 1677 1916 131 determined
534 1755 59 54 in
621 1756 97 52 the
745 1760 188 48 courts
960 1754 64 54 of
1051 1756 271 65 Arizona,
1350 1754 343 68 California,
1722 1756 303 67 Colorado,
2053 1756 204 67 Idaho,

317 1835 243 65 Kansas,
588 1836 298 63 Montana,
915 1834 253 66 Nevada,
1198 1835 139 52 New
1365 1833 242 67 Mexico,
1637 1833 341 68 Oklahoma,
2007 1833 249 68 Oregon,

317 1913 176 65 Utah,
519 1910 404 68 Washington,
948 1912 330 66 Wyoming,
1307 1912 139 52 with
1471 1911 109 67 key
1606 1911 238 52 number
1872 1913 382 52 annotations.

316 1991 242 52 Volume
589 1993 65 49 48
697 1990 128 66 (2d)
903 1990 262 66 October,
1199 1992 149 49 1935.
1418 1988 83 55 St.
1534 1988 165 68 Paul,
1727 1992 163 53 West
1917 1989 341 69 publishing

315 2086 97 49 co.,
440 2071 150 52 1936.

311 2142 96 48 xvi,
438 2140 117 42 122,7
580 2152 43 38 p.
689 2140 55 40 26
747 2142 45 21 cm
797 2173 8 8 .

242 2195 52 53 ©
324 2200 110 39 Dec.
462 2199 70 48 24,
562 2197 142 48 1935;
734 2196 67 41 2c.
833 2197 109 40 Jan.
972 2196 68 48 18,
1071 2195 140 47 1936;
1244 2196 83 40 aff.
1357 2196 109 40 Jan.
1496 2195 83 49 20;
1610 2196 41 39 A
1679 2196 171 47 91369;
1881 2197 137 40 West
2047 2198 109 47 pub.
2187 2207 69 32 co.

244 2289 223 65 Palma,
502 2288 271 64 Ricardo,
812 2293 325 49 1833-1919.

312 2363 372 54 Tradiciones
722 2381 300 51 peruanas,
1059 2362 74 69 by
1169 2362 251 53 Ricardo
1458 2362 220 52 Palma.
1751 2362 360 54 Authorized
2151 2362 103 67 ed.,

247 2440 1943 71 with introduction, notes and vocabulary, by G. W. Umphrey …
245 2522 271 69 Chicago,
547 2522 141 52 New
721 2520 164 53 York
941 2526 119 60 [etc.]
1098 2521 67 51 B.
1198 2519 77 52 H.
1311 2518 264 55 Sanborn
1609 2521 47 50 &
1686 2538 98 49 co.,
1821 2523 152 50 1936.

315 2595 104 40 lviii
442 2607 58 37 p.,
528 2597 24 37 1
601 2627 23 12 l.,
649 2594 87 39 242
762 2604 43 37 p.
834 2594 110 40 incl.
971 2594 136 39 front.
1151 2593 170 47 (port.)
1358 2592 143 49 illus.,
1528 2602 151 38 maps.
1736 2592 55 41 18½
1825 2595 44 20 cm
1872 2624 9 8 .
1951 2593 302 48 (Half-title:

243 2653 102 41 The
369 2653 240 48 Hispanic
634 2653 165 43 series,
827 2653 156 39 under
1008 2652 82 39 the
1119 2650 270 48 editorship
1417 2650 52 40 of
1497 2649 43 41 J.
1571 2650 57 41 D.
1659 2650 334 44 Fitz-Gerald)

315 2711 347 47 “Twenty-two
697 2709 314 40 Tradiciones
1048 2708 127 40 from
1210 2708 82 40 the
1328 2708 115 39 four
1477 2709 223 39 hundred
1735 2719 53 29 or
1824 2719 131 31 more
1993 2708 259 41 contained

244 2768 48 39 in
323 2770 81 39 the
436 2770 164 38 recent
628 2768 185 40 edition
845 2766 256 48 published
1132 2766 49 39 in
1211 2765 195 40 Madrid
1440 2766 48 40 in
1521 2766 78 40 six
1632 2767 133 47 large
1796 2766 454 42 volumes.”—Pref.

314 2825 442 48 “Bibliographical
789 2823 195 41 notes”:
1018 2834 43 37 p.
1116 2823 218 40 lvii—lviii.

240 2882 53 54 ©
327 2886 111 41 Feb.
471 2886 41 47 3,
546 2885 141 43 1936;
723 2884 66 41 2c.
824 2885 96 39 and
952 2882 83 43 aff.
1070 2883 111 42 Feb.
1215 2884 131 39 5A
1376 2881 144 42 91612;
1586 2883 138 49 Benj.
1760 2885 60 41 H.
1859 2885 221 42 Sanborn
2116 2886 38 41 &
2185 2895 67 31 co.

313 2943 285 50 [Copyright,
635 2944 47 38 is,
719 2942 208 40 claimed
966 2951 59 31 on
1068 2941 353 48 Introduction,
1463 2943 138 38 notes
1644 2943 95 39 and
1780 2944 313 49 vocabulary]

320 3001 252 50 (36-5272)

243 3083 337 65 Phillpotts,
612 3084 184 62 Eden,
830 3087 172 49 1862-

314 3155 1941 71 Sonnets from nature, by Eden Phillpotts … London, Watts
241 3240 45 49 &
316 3256 79 35 co.
433 3239 172 66 [1935]

312 3309 100 47 viii,
439 3309 56 40 34
522 3320 57 37 p.,
608 3308 24 39 1
681 3339 8 9 l.
750 3306 58 41 19½cm.

239 3364 2016 55 © 1c. Jan. 20, 1936; A ad int. 21055; pubd. Dec. 5, 1935; Rationalist
310 3437 140 38 press
479 3436 143 37 assn.,
656 3425 103 46 ltd.,
794 3424 212 39 London.
1080 3422 251 49 (30-5118)

242 3506 311 64 Priestley,
583 3506 260 54 Herbert
873 3506 260 64 Ingram,
1166 3505 171 56 1875-

313 3582 232 52 Tristan
576 3582 67 53 de
674 3582 182 68 Luna,
889 3581 402 68 conquistador
1323 3579 63 54 of
1416 3580 96 52 the
1542 3579 95 53 old
1672 3578 212 69 South;
1920 3599 28 33 a
1983 3581 172 68 study
2187 3577 63 54 of

243 3658 1944 71 Spanish imperial strategy, by Herbert Ingram Priestley …
242 3737 296 69 Glendale,
576 3737 196 69 Calif.,
806 3738 121 53 The
960 3737 227 53 Arthur
1222 3737 78 52 H.
1337 3735 179 55 Clark
1551 3753 299 51 company,
1888 3737 152 50 1936.

314 3812 85 40 215
434 3823 43 38 p.
538 3813 137 39 front.
717 3811 238 49 (facsim.)
1024 3810 57 41 24½
1113 3813 44 21 cm
1162 3845 8 7 .

313 3868 93 41 “Of
441 3871 98 40 this
577 3869 191 40 volume
804 3868 91 42 five
933 3870 220 40 hundred
1191 3867 159 49 copies
1389 3868 122 39 have
1551 3867 117 39 been
1709 3865 207 48 printed,
1957 3866 120 39 each
242 3876 1989 91 numbered.”
484 3927 119 40 This
630 3936 119 38 copy
776 3927 85 39 not
889 3926 277 41 numbered.

240 3982 52 54 ©
322 3987 96 39 Feb.
461 3988 38 45 7,
530 3985 141 48 1936;
702 3985 66 41 2c.
800 3985 109 40 Feb.
941 3986 81 47 11;
1054 3984 82 40 aff.
1167 3985 111 39 Feb.
1308 3983 81 48 12;
1419 3985 43 38 A
1488 3983 144 41 91733;
1693 3983 188 39 Arthur
1911 3983 61 40 H.
2004 3982 149 42 Clark
2181 3993 69 31 co.
