2519 4377
1038 4100 97 52 561

100 467 314 53 American
445 466 227 63 society
701 466 62 52 of
793 463 246 65 heating
1068 465 113 51 and
1212 462 357 65 ventilating
1598 462 330 65 engineers.

100 553 1970 135 … Guide, 1936 … containing a technical data section of reference material
641 652 72 35 on
758 634 95 51 the
900 633 198 67 design
1144 633 111 51 and
1302 631 383 68 specification
1732 631 62 53 of
1842 630 253 68 heating,

99 713 342 66 ventilating
475 713 110 51 and
620 710 86 53 air
739 709 394 68 conditioning
1166 710 476 66 systems—based
1677 728 72 34 on
1783 709 94 52 the
99 713 1971 130 transactions—the

511 788 434 68 investigations
980 788 63 52 of
1077 789 94 51 the
1207 789 255 51 research
1498 788 326 66 laboratory
1861 788 112 52 and
99 806 1970 129 cooperating
436 866 542 53 institutions—and
1016 866 95 53 the
1150 865 247 67 practice
1437 865 63 53 of
1537 866 94 52 the
1669 866 274 52 members
1982 866 111 52 and

100 943 221 56 friends
350 946 62 53 of
441 945 95 53 the
568 944 243 67 Society,
841 945 257 67 together
1130 942 138 53 with
1302 964 31 34 a
1363 942 476 55 manufacturers’
1870 943 226 69 catalog

99 1025 134 51 data
286 1022 226 67 section,
565 1021 333 68 containing
949 1022 261 53 essential
1265 1021 111 53 and
1430 1022 231 52 reliable
1714 1022 378 53 information

99 1102 337 66 concerning
480 1101 235 51 modern
759 1100 352 67 equipment;
1160 1100 115 54 also
1318 1100 95 52 the
1455 1100 109 53 roll
1607 1100 64 52 of
1714 1100 378 68 membership

98 1179 63 52 of
193 1180 94 51 the
324 1178 223 67 Society
581 1177 140 52 with
754 1177 274 67 complete
1059 1178 229 52 indexes
1322 1182 57 49 to
1413 1177 276 53 technical
1725 1179 112 52 and
1870 1179 224 67 catalog

99 1254 1994 70 data sections, v. 14 … New York, N. Y., American society
97 1334 62 54 of
183 1334 235 66 heating
440 1334 111 52 and
576 1333 343 67 ventilating
946 1333 289 66 engineers
1268 1368 12 32 [
1286 1340 17 20 c
1309 1337 132 49 1936]

165 1419 117 47 xxii,
312 1419 125 48 1080,
470 1419 53 40 63
556 1430 42 37 p.
659 1419 141 46 illus.,
834 1419 177 47 diagrs.
1041 1417 47 49 (1
1120 1418 144 47 fold.)
1332 1418 55 41 23
1391 1422 43 20 cm
1441 1451 7 8 .

97 1486 53 52 ©
177 1490 107 39 Jan.
315 1489 69 47 27,
412 1488 139 47 1936;
580 1489 65 40 2c.
675 1489 113 47 Apr.
816 1488 52 46 9;
900 1488 81 41 aff.
1011 1490 114 46 May
1153 1488 51 45 1;
1235 1489 41 38 A
1303 1487 170 48 93985;
1505 1488 159 41 Amer.
1693 1500 92 29 soc.
1816 1490 49 39 of
1893 1488 202 50 heating

168 1546 37 40 &
230 1546 291 49 ventilating
548 1546 264 47 engineers.

96 1651 211 64 Ayres,
334 1652 174 63 Ruby
532 1651 268 55 Mildred.

167 1741 403 68 Compromise.
652 1742 387 66 [Instalments
1066 1745 152 63 8-12]

174 1829 84 48 (In
280 1824 250 43 Woman’s
556 1838 124 37 own,
706 1824 122 52 Apr.
857 1825 69 49 18,
955 1826 71 48 25,
1054 1824 118 51 May
1200 1826 40 49 2,
1269 1826 41 49 9,
1340 1826 70 50 16,
1441 1825 141 49 1936)

97 1896 1993 52 © 1c. each June 11, 1936; A ad int. 21522; pubd. Apr. 17, 24, May 1, 8,
166 1957 81 44 15;
291 1957 140 47 Ruby
472 1957 63 39 M.
575 1956 158 48 Ayres.
771 1956 197 47 Pocock,
1015 1956 66 39 St.
1125 1954 224 49 George’s
1390 1956 119 47 Hill,
1551 1954 300 51 Weybridge,
1898 1956 194 48 Surrey,

165 2014 235 47 England.

95 2115 292 64 Barrows,
414 2118 206 63 Henry
643 2116 280 64 Robbins,
952 2122 324 50 1880-1935.

165 2204 1924 72 Elements of general biology, by Henry R. Barrows … New
98 2285 178 68 York,
302 2287 214 52 Farrar
544 2290 45 49 &
617 2285 298 66 Rinehart,
942 2285 126 67 inc.,
1098 2289 150 50 1936.

167 2371 45 35 x,
242 2358 87 41 435
359 2369 41 37 p.
461 2358 142 48 illus.,
635 2358 179 48 diagrs.
875 2358 54 39 21
933 2360 43 21 cm
981 2389 7 9 .

170 2413 1673 52 “Briefer edition of … [the author’s] General biology.”—Pref.
167 2471 375 49 Bibliography;
575 2482 42 38 p.
647 2471 220 41 405-412.

97 2539 53 52 ©
180 2544 113 46 Apr.
325 2543 69 46 30,
426 2542 139 47 1936;
597 2543 68 39 2c.
699 2544 113 46 May
841 2542 53 47 2;
929 2542 82 41 aff.
1043 2540 114 50 May
1189 2543 51 45 1;
1275 2542 41 39 A
1347 2542 171 47 94238;
1553 2543 182 39 Farrar
1768 2543 35 40 &
1837 2542 253 49 Rinehart,

164 2600 90 40 inc.
316 2599 249 49 (36-9894)

93 2703 170 64 Bent,
291 2702 238 66 Newell,
561 2708 323 50 1910-1936.

164 2792 213 68 Jungle
403 2791 207 69 giants,
638 2792 76 69 by
735 2792 215 52 Newell
977 2794 166 62 Bent,
1168 2792 70 69 jr.
1299 2792 303 66 Norwood,
1630 2793 190 67 Mass.,
1848 2794 241 52 Printed

97 2868 1845 72 for the friends of the author by the Plimpton press [ c 1936]
165 2944 1184 50 xii, 255, [1] p. front. (port.) plates. 23½ cm .
95 3009 53 53 ©
172 3014 112 47 Apr.
311 3014 38 47 8,
376 3014 112 40 1936;
544 3015 65 39 2c.
636 3015 114 47 Apr.
777 3016 54 38 15;
888 3015 81 41 aff.
995 3016 113 46 Apr.
1136 3016 54 38 14;
1245 3016 41 39 A
1312 3015 142 41 93662;
1513 3018 182 38 Newell
1724 3018 137 39 Bent.
1891 3019 195 39 Boston.

174 3070 249 49 (36-9989)

95 3173 318 65 Bernanos,
444 3175 277 64 Georges,
753 3181 169 49 1888-

165 3262 56 52 A
251 3261 188 69 crime,
472 3263 74 68 by
581 3264 249 68 Georges
867 3267 306 51 Bernanos.
1272 3267 138 51 [New
1445 3266 180 66 York,
1659 3268 66 53 E.
1761 3269 64 52 P.
1862 3270 222 50 Dutton

93 3343 45 50 &
165 3359 97 48 co.,
289 3340 125 65 inc.,
445 3348 17 21 c
469 3346 149 63 1936]

166 3412 85 41 251
284 3423 42 38 p.
386 3413 58 41 19½
474 3416 44 22 cm
523 3446 8 7 .

168 3469 318 41 “Translated
513 3470 125 39 from
668 3472 79 40 the
779 3472 187 40 French
993 3472 59 47 by
1082 3471 134 41 Anne
1246 3472 198 42 Green.”

167 3525 162 43 “First
360 3526 225 43 edition.”

96 3592 52 52 ©
180 3598 112 46 May
324 3598 40 45 4,
397 3597 139 47 1936;
569 3599 67 39 2c.
670 3600 95 39 and
797 3599 80 40 aff.
912 3601 114 47 May
1057 3601 25 39 5;
1145 3601 40 38 A
1217 3601 169 45 95082;
1424 3602 51 39 E.
1510 3603 49 39 P.
1594 3603 187 39 Dutton
1814 3602 37 39 &
1880 3612 81 35 co.,
1995 3602 91 41 inc.

178 3653 249 49 (36-9861)

93 3755 427 66 Bookkeepers’
561 3758 195 66 handy
794 3757 198 68 guide;
1037 3779 30 33 a
1106 3761 275 65 practical
1423 3761 136 53 desk
1598 3761 145 53 book
1783 3762 94 52 for
1918 3761 168 67 quick

165 3832 297 53 reference.
541 3834 137 52 New
720 3835 180 66 York,
939 3836 123 51 The
1100 3837 226 52 Ronald
1369 3855 156 49 press
1565 3855 279 50 company
1889 3871 13 33 [
1906 3847 18 22 c
1930 3840 152 64 1936]

167 3905 134 48 xviii,
330 3907 83 39 565
440 3918 42 37 p.
511 3908 109 40 inch
650 3908 143 47 illus.,
823 3910 193 47 diagrs.,
1046 3910 167 40 forms.
1272 3910 53 39 21½
1361 3913 45 21 cm
1409 3943 9 8 .

95 3971 52 52 ©
176 3976 112 48 Apr.
321 3977 69 43 29,
425 3977 138 46 1936;
597 3979 68 41 2c.
701 3979 112 46 May
847 3979 52 46 2;
936 3979 81 40 aff.
1052 3981 116 46 May
1198 3980 53 46 1;
1288 3981 41 39 A
1361 3980 170 47 94242;
1568 3981 188 40 Ronald
1791 3992 135 37 press
1962 3993 68 29 co.

174 4031 249 50 (36-9873)
