2519 4377
1020 4096 94 49 101

57 467 234 62 Sayers,
317 462 270 63 Dorothy
612 460 205 63 Leigh,
847 464 170 49 1893-

129 544 1729 76 Gaudy night, by Dorothy L. Sayers … New York,
57 545 1967 152 Harcourt,
259 633 178 50 Brace
465 630 111 52 and
603 646 280 48 company
933 630 172 62 [c1936]

122 706 61 46 vi,
212 704 86 39 469
326 714 42 37 p.
426 702 114 39 21cm.

126 761 160 39 “First
321 759 252 48 published
610 758 50 38 in
697 756 113 40 1936;
877 756 174 39 second
1088 752 229 50 printing,
1357 753 262 45 February,
1657 750 126 40 1936."

56 827 52 53 ©
146 831 109 39 Feb.
294 829 67 46 20,
399 829 139 45 1936;
577 827 66 40 2c.
686 827 109 39 Feb.
834 826 82 45 26;
957 824 81 40 aff.
1079 824 110 39 Feb,
1229 823 82 45 25;
1352 822 40 40 A
1430 821 170 46 91943;
1643 821 220 47 Dorothy
1903 819 150 48 Leigh

126 888 174 47 Sayers
332 885 230 47 Fleming,
594 883 230 47 Witliam,
855 884 165 43 Essex,
1053 880 235 48 England.

58 990 270 64 Sherriff,
354 990 220 52 Robert
602 987 223 55 Cedric.

129 1067 360 66 Greengates.
571 1064 361 67 [Instalment
957 1066 30 47 2]

134 1142 76 47 (In
252 1136 135 43 Good
424 1133 385 52 housekeeping,
846 1131 294 50 November,
1181 1130 143 50 1935)

58 1200 1996 59 © 1c. Dec. 27, 1935; A ad int. 20976; pubd. Oct. 31; R. C. Sherriff,
128 1267 166 46 Esher,
321 1266 192 46 Surrey,
539 1264 234 48 England.

59 1368 198 63 Short,
286 1367 182 54 Luke.

129 1442 123 53 The
289 1441 138 53 feud
464 1447 58 47 at
563 1440 198 68 Single
804 1438 160 68 Shot,
1000 1438 75 68 by
1112 1436 157 53 Luke
1313 1435 202 68 Short;
1559 1434 381 54 illustrations
1977 1434 74 68 by

60 1520 129 53 Neil
226 1518 286 56 O’Keeffe.
585 1518 138 52 New
762 1517 179 67 York,
980 1517 216 51 Farrar
1232 1517 46 50 &
1314 1514 300 67 Rinehart,
1653 1512 396 69 incorporated

64 1601 193 65 [c1936]

129 1672 60 47 vi,
216 1673 84 41 311
329 1682 43 37 p.
432 1670 128 40 illus.
620 1669 145 46 19½cm.

60 1741 52 52 ©
139 1745 109 39 Feb.
275 1745 39 46 6,
341 1743 113 41 1936;
509 1744 67 40 2c.
604 1744 108 38 Feb.
741 1743 25 40 8;
820 1742 81 40 aff.
928 1742 110 39 Feb.
1066 1743 25 38 7;
1147 1741 41 39 A
1212 1740 143 41 90715;
1413 1741 182 39 Farrar
1623 1741 36 39 &
1687 1739 252 48 Rinehart,
1966 1739 92 42 inc.

140 1801 249 50 (36-4004)

64 1904 258 64 Stinson,
347 1904 219 64 Joseph
591 1904 131 64 Orr,
748 1922 177 34 comp.

65 1978 1970 148 Helps to good health. “Get knowledge”, “Get understanding”, “Man, know thyself” … Compiled by J. O. Stinson …
66 2138 128 54 Oak
225 2139 142 64 Bay,
397 2140 66 49 B.
495 2137 61 54 C.
595 2136 259 67 [Printed
885 2136 74 66 by
988 2133 510 69 Diggon-Hibben,
1529 2134 241 67 limited,
1804 2138 151 63 1935]

126 2210 284 48 cover-title,
441 2209 59 40 16
530 2220 42 38 p.
631 2208 118 41 22cm.

130 2268 232 41 Contains
394 2266 304 48 advertising
726 2268 192 38 matter.

64 2333 1999 53 © 1c. Jan. 20, 1936; A ad int. 21041; pubd. Dec. 6, 1935; J. O. Stinson,
134 2394 104 40 Oak
268 2395 119 46 Bay,
421 2393 188 40 British
644 2391 267 48 Columbia,
947 2392 212 41 Canada.

66 2494 291 66 Stratton,
385 2496 185 63 Royal
595 2497 86 62 B.,
708 2496 53 52 d.
791 2496 149 53 1875.

138 2571 136 53 Life
308 2590 205 50 among
549 2572 94 51 the
680 2571 258 67 Indians,
975 2589 91 34 or:
1104 2570 124 53 The
1261 2566 284 72 captivity
1580 2568 65 54 of
1678 2569 99 53 the
1813 2569 250 54 Oatman

70 2651 140 67 girls
244 2668 207 51 among
484 2651 95 52 the
613 2650 239 67 Apache
884 2651 46 50 &
962 2649 248 52 Mohave
1242 2649 269 57 Indians;
1550 2645 333 72 containing
1917 2649 147 52 also:

70 2748 71 34 an
172 2729 337 68 interesting
540 2734 238 47 account
806 2728 63 53 of
899 2728 96 52 the
1025 2746 280 34 massacre
1333 2727 64 53 of
1428 2728 94 51 the
1556 2727 249 54 Oatman
1840 2727 225 68 family,

69 2807 75 67 by
171 2808 97 52 the
293 2807 237 68 Apache
556 2807 242 52 Indians
828 2807 59 52 in
918 2810 132 49 1851;
1112 2807 99 52 the
1237 2825 225 34 narrow
1493 2825 196 49 escape
1716 2806 63 53 of
1808 2806 256 54 Lorenzo

71 2885 70 53 D.
168 2885 248 56 Oatman;
472 2886 95 52 the
591 2891 237 63 capture
851 2884 64 54 of
941 2885 166 55 Olive
1133 2886 70 52 A.
1231 2886 112 52 and
1367 2886 171 68 Mary
1563 2885 71 53 A.
1663 2885 248 56 Oatman;
1970 2887 96 53 the

71 2966 170 52 death
267 2966 76 67 by
372 2966 317 52 starvation
721 2964 63 54 of
813 2965 98 53 the
937 2966 199 65 latter;
1169 2965 98 52 the
1295 2965 107 53 five
1433 2965 180 68 years’
1645 2965 276 70 suffering
1954 2967 111 52 and

72 3045 280 67 captivity
383 3043 63 53 of
476 3043 165 55 Olive
673 3043 71 52 A.
778 3043 247 55 Oatman;
1090 3044 135 67 also,
1255 3044 101 52 her
1387 3045 258 68 singular
1677 3050 296 62 recapture
2007 3046 59 52 in

76 3127 160 62 1856;
277 3141 59 34 as
374 3123 167 68 given
580 3123 74 67 by
692 3123 253 52 Lorenzo
982 3123 73 51 D.
1093 3125 45 49 &
1176 3122 171 55 Olive
1380 3123 72 52 A.
1493 3122 268 69 Oatman,
1799 3125 95 52 the
1931 3126 136 67 only

73 3199 298 70 surviving
393 3201 274 52 members
692 3200 62 53 of
779 3201 96 52 the
899 3200 223 70 family,
1146 3206 57 48 to
1228 3202 98 53 the
1348 3203 223 67 author,
1596 3203 68 52 R.
1689 3204 68 52 B.
1785 3203 279 55 Stratton.

73 3278 115 55 San
220 3279 321 67 Francisco,
574 3278 305 55 Grabhorn
912 3298 173 50 press,
1121 3283 149 50 1935.

143 3352 1921 53 6 p. l., 209 p. front., illus. (map) plates. 24½cm. [Rare Americana.
73 3411 59 40 3d
162 3421 104 37 ser.,
292 3421 76 30 no.
397 3410 42 49 2]

149 3463 1812 52 “Five hundred & fifty copies … printed … The illustrations are
72 3482 1979 89 engraved
281 3534 60 30 on
372 3525 134 39 wood
538 3524 60 48 by
630 3525 223 40 Mallette
883 3523 179 42 Dean.”

147 3581 363 41 “Introduction
553 3584 47 37 to
643 3581 101 41 this
781 3581 198 49 edition,
1023 3582 61 48 by
1125 3582 204 49 Lindley
1371 3582 218 49 Bynum”:
1661 3584 178 40 3d-4th
1882 3583 185 50 prelim,

77 3638 172 40 leaves.

147 3695 132 39 First
305 3695 194 47 edition,
525 3695 129 43 1857,
680 3695 92 39 has
797 3694 107 41 title
933 3694 138 41 “Life
1096 3705 176 39 among
1295 3696 85 40 the
1406 3697 202 40 Indians;
1665 3696 142 49 being

1833 3708 62 30 an
78 3698 1974 101 interesting
265 3751 251 40 narrative
547 3752 51 39 of
631 3752 84 39 the
746 3751 238 48 captivity
1015 3752 52 40 of
1099 3752 83 41 the
1215 3752 213 40 Oatman
1458 3753 119 47 girls
1667 3752 24 20 …”
1752 3754 103 40 The
1887 3755 60 40 2d
1981 3754 87 49 ed.,

77 3808 126 45 1857,
236 3810 94 38 and
361 3809 125 39 later
513 3807 243 48 printings
787 3809 122 39 have
941 3808 108 40 title
1082 3808 278 49 “Captivity
1392 3809 52 40 of
1475 3810 84 40 the
1590 3810 209 40 Oatman
1831 3810 119 49 girls
2044 3810 22 17 …”

76 3872 51 52 ©
163 3879 112 46 May
312 3878 68 40 14.
418 3877 139 41 1935:
595 3878 68 40 2c.
701 3879 109 38 Jan.
847 3877 70 48 23,
954 3878 140 46 1936;
1134 3878 82 41 aff.
1255 3879 107 39 Jan.
1401 3878 82 47 25;
1523 3880 41 38 A
1599 3878 171 49 91487;
1814 3881 256 39 Grabhorn

143 3944 147 37 press.
352 3935 279 47 [Copyright
663 3935 44 38 is
734 3934 204 40 claimed
970 3946 60 28 on
1059 3934 332 41 introduction
1422 3937 61 46 by
1514 3935 203 49 Lindley
1750 3939 189 45 Bynum
1974 3938 94 38 and

144 3992 243 38 woodcuts
415 3992 61 46 by
502 3992 219 39 Mallette
752 3992 150 48 Dean]
973 3991 249 48 (36-4010)
