2519 4377
1109 4044 131 49 1543

214 404 340 64 [Hitchcock,
581 407 138 51 Mrs.
745 406 172 62 Mary
944 403 224 64 Evelyn
1200 402 310 67 (Martin)]
1542 408 170 50 1889-

262 478 1921 69 Life was like that [ by] Mary Doyle [ pseud.] Boston and
194 558 135 53 New
360 557 177 65 York,
566 556 318 69 Houghton
913 554 202 55 Mifflin
1145 574 297 50 company,
1476 559 149 50 1936.

261 629 921 51 4 p. l., 256 p. front., ports. 21cm.
193 696 1938 53 © Sept. 15, 1936: 2c. and aff. Sept. 21: A 97929; Houghton Mifflin co.
272 756 279 47 (36-27464)

188 859 299 64 Hoffman,
512 859 278 64 Malvina,
821 860 170 54 1887-

258 935 196 57 Heads
475 936 111 54 and
611 934 158 70 tales,
791 935 75 69 by
887 934 260 55 Malvina
1170 934 294 55 Hoffman.
1540 936 137 53 New
1704 936 176 67 York,
1907 936 62 57 C.

188 935 1973 136 Scribner’s
362 1033 145 50 sons,
540 1018 150 51 1936.

330 1118 10 18 xx,
365 1087 89 42 416
480 1097 43 39 p.
553 1086 110 42 incl.
691 1087 129 41 illus.
847 1086 161 50 (map)
1042 1087 171 48 plates,
1241 1088 122 47 port.
1423 1087 116 41 25cm.

261 1147 141 47 Maps
430 1156 60 30 on
516 1143 365 50 lining-papers.

262 1201 111 49 “My
410 1202 295 40 adventures
742 1201 94 41 and
873 1200 310 49 experiences
1219 1200 51 41 of
1309 1200 380 49 ‘head-hunting’
1729 1200 47 41 in
1818 1202 79 39 the
1936 1211 118 30 near
2093 1203 92 39 and

192 1258 80 41 far
312 1267 195 32 corners
548 1258 53 41 of
641 1259 82 40 the
762 1258 298 40 earth—and
1102 1257 109 42 how
1252 1258 80 41 the
1374 1258 219 40 hundred
1638 1258 149 40 racial
1831 1260 137 47 types
2012 1257 49 41 in
2105 1260 82 40 the

193 1315 130 41 ‘Hall
367 1315 54 41 of
463 1316 127 40 man’
635 1315 53 41 of
731 1316 82 40 the
859 1314 138 42 Field
1043 1324 217 32 museum
1306 1315 51 39 in
1404 1314 211 50 Chicago
1662 1325 125 31 were
1835 1315 210 42 selected
2090 1316 94 40 and

189 1373 237 41 modelled
455 1383 60 31 on
544 1373 83 41 the
653 1371 270 50 road.”—p.
950 1371 42 43 3.

191 1439 1921 53 © Sept. 28, 1936; 2c. Oct. 8; aff. Oct. 20; A 99494; M. Hoffman, New
262 1501 142 40 York.
474 1499 281 48 (30-27430)

189 1603 283 65 Hopkins,
503 1605 200 63 Harry
730 1603 84 64 L.,
846 1608 171 51 1890-

319 1679 1861 71 … Spending to save; the complete story of relief. New
189 1760 176 69 York,
392 1761 90 54 W.
509 1761 91 54 W.
629 1760 221 53 Norton
879 1763 46 51 &
950 1777 297 50 company,
1272 1760 107 54 inc.
1430 1762 174 65 [c1936]

290 1831 666 52 x p., 1 l., 13-197 p. 19cm.
260 1890 161 42 “First
453 1889 228 44 edition.”

190 1957 53 53 ©
270 1962 100 40 Oct.
406 1962 61 43 14,
497 1960 137 43 1936;
664 1961 68 40 2c.
760 1961 101 40 Oct.
891 1962 79 46 17;
1001 1960 81 41 aff.
1112 1960 101 40 Oct.
1242 1959 81 48 16;
1356 1962 38 37 A
1421 1958 144 41 98963;
1623 1961 70 39 W.
1723 1960 70 39 W.
1825 1959 185 39 Norton
2040 1959 37 40 &
2104 1968 66 30 co.,

259 2018 88 40 inc.
420 2017 280 48 (36-27473)

187 2123 282 65 Hopkins,
495 2122 153 54 John
677 2122 165 63 Abel,
872 2123 171 55 1897-

256 2192 1864 75 Elements of farm management, by John A. Hopkins …
182 2276 137 52 New
352 2275 177 69 York,
558 2274 452 70 Prentice-Hall,
1040 2275 126 68 inc.,
1197 2277 150 51 1936.

289 2348 80 46 xvii,
396 2348 86 42 390
506 2358 42 39 p.
575 2348 111 42 incl.
713 2349 162 48 front.,
905 2349 142 48 illus.,
1074 2349 180 49 diagrs.
1307 2348 118 41 21cm.

256 2405 346 41 “References”
633 2408 53 39 at
714 2407 91 39 end
835 2405 54 41 of
912 2405 120 42 each
1060 2406 201 48 chapter
1288 2407 171 46 except
1488 2405 200 48 chapter
1716 2404 357 48 twenty-three.

188 2472 53 53 ©
271 2477 127 47 Sept.
430 2478 67 41 12.
526 2476 114 40 1936;
696 2478 67 40 2c.
793 2477 101 41 Oct.
924 2477 26 39 5:
1008 2477 80 41 aff.
1120 2478 101 40 Oct.
1250 2476 27 39 9;
1334 2479 38 38 A
1401 2476 144 41 99238;
1605 2477 375 47 Prentice-Hall,
2010 2476 90 40 inc.

268 2532 279 46 (36-25845)

182 2638 249 63 Horton,
456 2637 225 55 Walter
706 2638 303 64 Marshall,
1038 2643 170 50 1895-

253 2715 453 67 Contemporary
730 2715 245 67 English
997 2715 267 68 theology;
1319 2734 70 34 an
1415 2715 303 54 American
1742 2715 438 68 interpretation

188 2792 1996 68 [by] Walter Marshall Horton … New York and London.
182 2871 232 67 Harper
438 2874 44 51 &
504 2870 277 68 brothers,
807 2874 150 52 1936.

256 2943 673 50 xix p., 1 l., 186 p. 20cm.
259 3000 160 40 “First
449 2999 229 42 edition.”

187 3064 53 54 ©
267 3069 102 41 Oct.
398 3069 68 47 15,
495 3068 140 47 1936;
665 3069 66 43 2c.
761 3069 102 41 Oct.
892 3069 81 47 14;
1003 3069 82 42 aff.
1116 3069 101 41 Oct.
1248 3070 81 41 17;
1360 3071 39 38 A
1427 3068 136 41 98941;
1633 3071 193 47 Harper
1855 3071 35 40 &
1919 3070 125 41 bros.

267 3125 279 49 (36-25271)

182 3228 320 64 Interland,
526 3229 221 64 Joseph
772 3228 212 64 Julius,
1012 3234 170 50 1891-

253 3304 121 54 The
408 3323 122 35 new
562 3305 152 54 bible
746 3305 64 54 of
843 3304 229 69 science,
1102 3305 76 69 by
1211 3306 215 68 Joseph
1461 3309 55 53 J.
1551 3308 318 53 Interland.
1946 3309 233 64 Boston,

183 3384 1127 69 The Christopher publishing house [c1936]
255 3457 85 40 264
372 3467 43 38 p.
473 3456 145 49 illus.,
652 3457 166 41 charts
845 3457 50 49 (2
926 3457 144 48 fold.)
1109 3457 178 48 diagrs.
1347 3457 146 43 20½cm.

187 3523 53 54 ©
271 3530 118 46 Aug.
421 3527 68 45 25,
525 3526 139 49 1936;
700 3527 66 41 2c.
803 3528 126 49 Sept.
962 3527 82 42 26:
1080 3528 81 42 aff.
1199 3529 126 48 Sept.
1359 3527 82 44 28:
1477 3531 37 37 A
1549 3527 170 43 99028:
1755 3529 42 40 J.
1833 3529 42 40 J.
1912 3528 268 40 Interland.

257 3586 114 39 New
398 3585 143 40 York.
611 3584 282 50 (36-25855)

186 3689 224 64 Kieser,
436 3690 238 62 August
700 3690 166 53 Jean.

254 3767 320 52 Handbuch
613 3767 100 51 der
748 3765 665 55 chemisch-technischen
1450 3775 292 59 apparate,
1778 3767 400 52 maschinellen

185 3843 326 53 hilfsmittel
553 3845 112 51 und
706 3845 345 54 Werkstoffe:
1092 3845 87 52 ein
1222 3845 390 52 lexikalisches
1651 3844 528 68 nachschlagewerk

187 3922 97 52 für
313 3921 282 53 Chemiker
626 3923 113 52 und
794 3921 320 67 ingenieure,
1141 3923 151 66 hrsg.
1326 3940 104 35 von
1462 3923 83 52 dr.
1579 3926 66 49 A.
1678 3926 54 49 J.
1767 3923 216 53 Kieser.
2013 3930 165 45 unter
