2519 4377
1261 4140 132 54 1478

320 460 289 66 Fleming,
638 462 198 54 Peter.

393 537 169 57 News
605 536 156 56 from
801 538 279 70 Tartary;
1126 559 31 34 a
1199 539 242 70 journey
1484 540 152 55 from
1677 542 226 69 Peking
1943 549 59 48 to
2044 544 293 68 Kashmir,

321 616 78 71 by
425 618 172 55 Peter
624 617 287 70 Fleming.
985 619 261 66 London,
1272 620 57 56 J.
1363 620 157 68 Cape
1554 625 173 65 [1936]

394 690 88 42 384
512 701 45 39 p.
616 689 167 50 front.,
814 692 173 48 plates,
1021 692 119 42 fold.
1174 702 125 39 map.
1359 692 56 41 21
1419 696 44 21 cm
1468 725 10 10 .

397 748 164 41 “First
592 748 259 50 published
879 749 159 43 1936.”

321 802 2020 54 © 1c. Sept. 30, 1936; A ad int. 21853; pubd. Aug. 7; Charles Scribner's
392 873 126 40 sons,
544 864 119 39 New
686 864 147 41 York.
897 863 282 51 (36-24348)

321 966 311 67 Franzoni,
661 968 302 67 François,
993 970 172 55 1887-

455 1044 1881 72 … Le bois sacré; sonnets. Paris, Stock (Delamain et Bou-
321 1124 237 69 telleau)
606 1128 152 53 1936.

395 1197 326 43 95 l. 19 ½cm .
320 1252 1999 110 © May 15, 1936; 1c. July 11; A- Foreign 32295 ; Librairie Stock, Delamain et Boutelleau. (36-23549)
322 1415 234 67 Geiger,
585 1416 231 66 George
841 1418 330 64 Raymond,
1202 1423 171 50 1903-

323 1492 1991 149 The theory of the land question, by George Raymond Geiger … New York, The Macmillan company, 1936.
396 1642 54 41 xl
477 1653 59 39 p.,
565 1643 27 40 1
655 1675 11 18 l.,
695 1642 89 43 237
812 1653 45 40 p.
916 1642 60 42 20½
1005 1645 46 24 cm
1054 1676 11 10 .

397 1700 163 41 “First
589 1700 262 48 printing.”

321 1756 54 53 ©
403 1760 102 41 Oct.
532 1759 71 49 20,
631 1760 119 40 1936
765 1771 10 37 ;
803 1760 68 39 2c.
900 1760 96 40 and
1025 1760 82 41 aff.
1135 1760 102 41 Oct.
1266 1760 83 47 21;
1380 1762 40 38 A
1448 1760 172 48 99439;
1654 1761 283 39 Macmillan
1967 1771 67 30 co.

402 1816 283 51 (36-24389)

324 1921 274 64 Georgia.
676 1922 182 53 Court
887 1922 65 66 of
980 1923 251 66 appeals.

395 1998 1944 69 Reports of cases decided … at the October term, 1935, and
323 2078 176 67 April
551 2085 166 61 term,
770 2081 151 50 1936.
996 2078 246 55 Volume
1297 2082 82 49 53.
1458 2078 236 55 Stevens
1749 2080 111 51 and
1915 2076 290 70 Hopkins,
323 2098 1992 125 reporters.
638 2157 264 67 Atlanta,
929 2157 121 54 The
1078 2155 287 55 Harrison
1395 2175 299 49 company,
1725 2160 150 50 1936.

390 2229 115 50 xliv,
536 2230 86 42 947
652 2240 44 38 p.
755 2229 56 42 23
814 2232 44 21 cm
864 2263 9 8 .

322 2283 53 54 ©
398 2288 118 39 Nov.
541 2287 41 48 9,
607 2287 116 41 1936
742 2299 8 37 ;
777 2287 68 43 2c.
871 2287 97 40 and
994 2287 82 42 aff.
1103 2288 118 39 Nov.
1248 2286 54 41 12
1321 2298 8 31 ;
1359 2288 40 39 A
1423 2286 145 42 99772
1586 2298 9 37 ;
1628 2288 138 41 State
1795 2287 51 39 of
1872 2286 222 49 Georgia,
2123 2288 218 40 Atlanta.

324 2407 243 66 Gerdes,
595 2407 176 66 John,
803 2411 172 51 1886-

324 2484 2017 148 Corporate reorganizations under section 77B of the Bankruptcy act, by John Gerdes … 1936 cumulative supplement
388 2642 1950 68 … [for] volumes 1-3. Chicago, Callaghan and company, 1936.
388 2717 26 40 3
482 2749 10 9 v.
552 2715 56 41 25
611 2718 44 21 cm
662 2749 8 8 .

392 2773 157 40 These
580 2773 279 47 pamphlets
892 2782 82 30 are
1005 2773 50 38 to
1086 2772 57 39 be
1173 2771 139 39 fitted
1346 2769 102 42 into
1480 2771 83 40 the
1594 2771 198 48 pockets
1826 2773 49 37 at
1909 2771 83 39 the
2024 2770 123 39 back
2177 2771 52 38 of
2260 2771 84 38 the

317 2830 220 39 volumes
562 2829 53 40 of
642 2828 86 41 the
754 2833 74 37 set
858 2831 49 38 to
936 2827 161 40 which
1126 2828 114 47 they
1268 2827 187 48 belong.

324 2882 53 55 ©
399 2887 118 40 Nov.
543 2886 40 49 6,
608 2885 115 43 1936
742 2897 8 38 ;
776 2886 68 42 2c.
870 2885 117 40 each
1014 2885 93 40 and
1133 2884 82 43 aff.
1240 2885 118 40 Nov.
1384 2885 26 39 9
1429 2896 7 31 :
1466 2885 38 39 A
1530 2883 144 42 100383
1722 2895 7 30 :
1759 2885 43 41 J.
1830 2884 196 42 Gerdes.
2053 2885 116 39 New
2196 2884 143 40 York.

324 3004 247 67 Gilbert,
599 3006 185 55 Oscar
808 3006 166 65 Paul,
1003 3009 172 51 1898-

457 3077 1214 72 … Mollenard. Paris, Gallimard [1936]
395 3155 752 52 2 p. l., [7]-292 p., 1 l. 19 cm .
397 3214 65 42 At
486 3214 127 41 head
642 3213 55 42 of
722 3212 110 42 title
849 3223 10 31 :
888 3212 53 42 O.
969 3213 52 42 P.
1052 3212 201 42 Gilbert.

324 3267 2015 55 © Apr. 20, 1936; 1c. June 4: A-Foreign 32112; Librairie Gallimard.
406 3329 282 48 (36-23554)

323 3430 252 65 Giltène,
603 3432 170 56 Jean.

456 3506 1431 72 … Raccourcis, roman. Paris, R. Allou, 1936.
395 3581 759 51 3 p. l., [9]-219 p., 1 l. 19 cm .
322 3636 2017 54 © June 15. 1936; 1c. July 16; A- Foreign 32360 ; Editions Roger Allou.
406 3698 283 48 (36-23543)

324 3786 206 66 Glenn,
557 3788 147 52 Paul
731 3787 241 64 Joseph,
1002 3791 172 51 1893-

396 3863 393 70 Psychology;
836 3882 32 35 a
909 3863 143 54 class
1091 3863 233 53 manual
1370 3863 55 51 in
1468 3863 95 51 the
1607 3861 347 69 philosophy
1998 3861 63 51 of
2103 3858 233 69 organic

328 3938 2003 73 and rational life, by Paul J. Glenn … St. Louis, Mo., and
485 4022 127 36 London B. Herder book co., 1936.
