2519 4377
1307 4137 134 51 1026

446 534 65 49 xi,
540 533 84 42 519
652 545 44 38 p.
753 534 120 40 fold,
902 534 112 48 tab.,
1040 534 180 48 diagrs.
1276 533 148 40 21½cm.

452 604 351 42 “References”
832 607 53 38 at
913 606 92 39 end
1033 604 53 41 of
1114 605 118 40 each
1262 604 200 48 chapter
1493 606 173 47 except
1692 604 202 48 chapter
1924 613 87 32 vii.

377 673 52 53 ©
455 677 117 47 July
599 677 38 48 8,
668 676 140 47 1836;
835 676 67 42 2c.
932 676 95 40 and
1053 676 82 40 aff.
1164 676 117 47 July
1308 676 81 45 15;
1420 677 39 38 A
1487 676 171 46 97046;
1692 676 42 41 J.
1764 677 53 38 B.
1846 675 280 49 Lippincott
2152 685 69 30 co.

457 734 282 47 (36-17347)

376 852 274 65 Bradley,
680 852 163 55 Alice
869 852 206 66 Marie,
1105 870 178 46 comp.

449 941 121 54 The
610 941 181 54 world
831 941 161 55 looks
1031 946 61 50 at
1130 942 184 53 Texas
1377 941 94 70 [by]
1515 940 73 55 A.
1626 941 83 55 M.
1750 941 255 70 Bradley
2048 940 114 55 and
2203 940 78 57 H.
2321 940 66 54 T.

379 1020 270 70 Bradley.
716 1020 221 69 Dallas,
964 1021 157 69 Tex.,
1152 1021 199 69 Tardy
1379 1019 339 70 publishing
1746 1037 301 51 company,
2076 1019 127 67 inc.,
2237 1022 150 50 1936.

452 1105 1184 51 6 p. l., 97 p. inch front. (port.) illus. 20 cm .
455 1177 102 41 “An
583 1178 268 48 anthology
874 1178 53 41 of
948 1178 131 41 brief
1102 1178 223 48 opinions
1347 1188 55 31 or
1426 1177 317 49 impressions
1769 1177 52 41 of
1844 1177 175 50 Texas,
2046 1177 61 49 by
2134 1189 23 29 a
2190 1177 201 41 number

381 1235 53 40 of
460 1235 278 48 prominent
765 1234 319 49 people.”—p.
1112 1234 41 42 3.

379 1304 52 53 ©
459 1309 113 47 Apr.
600 1308 70 48 20,
701 1307 140 47 1886;
874 1308 69 41 2c.
972 1308 116 47 July
1118 1308 81 46 25;
1232 1307 81 41 aff.
1344 1307 115 48 July
1488 1308 56 38 24;
1602 1308 41 39 A
1669 1307 171 47 96638;
1874 1308 53 40 A.
1960 1310 63 39 M.
2054 1307 212 47 Bradley
2296 1306 95 41 and

448 1364 189 40 Harold
666 1365 212 39 Thomas
907 1365 228 47 Bradley,
1166 1365 238 40 Houston.
1472 1364 282 48 (36-17252)

377 1469 369 65 Burghardt,
772 1470 208 64 Henry
1004 1470 71 53 D.

449 1561 1943 69 Machine tool operation … by Henry D. Burghardt … part
382 1646 45 48 1.
468 1642 119 52 The
621 1641 184 64 lathe;
841 1641 178 52 bench
1054 1641 159 53 work
1246 1642 111 52 and
1390 1641 158 52 work
1583 1648 56 48 at
1673 1642 95 53 the
1804 1641 182 67 forge.
2057 1642 138 52 New
2231 1642 163 52 York

380 1720 113 53 and
528 1720 260 64 London,
821 1719 433 56 McGraw-Hill
1288 1719 147 53 book
1469 1738 298 49 company,
1799 1719 109 54 inc.
1952 1754 12 33 [
1969 1726 19 21 c
1993 1723 152 63 1936]

445 1806 98 49 xxi,
573 1806 85 40 401
690 1816 43 37 p.
794 1805 142 49 illus.,
969 1805 181 49 diagrs.
1210 1805 58 41 19½
1299 1808 43 21 cm
1348 1839 9 8 .

380 1873 53 54 ©
463 1877 118 47 July
609 1876 69 49 22,
711 1876 141 48 1936;
885 1876 67 41 2c.
983 1877 96 39 and
1111 1874 83 42 aff.
1229 1876 116 47 July
1376 1877 82 47 25;
1492 1876 41 40 A
1563 1876 171 47 97145;
1770 1876 351 41 McGraw-Hill
2156 1878 122 39 book
2310 1886 83 39 co.,

448 1934 93 41 inc.
607 1933 283 50 [Copyright
921 1934 42 39 is
994 1933 208 40 claimed
1235 1944 60 29 on
1328 1931 238 42 revisions
1599 1933 96 39 and
1725 1944 106 30 new
1863 1933 245 50 material]
461 1990 282 49 (36-17343)

379 2095 294 66 Burkard,
702 2094 258 56 William
990 2093 228 65 Edwin,
1251 2100 172 50 1890-

513 2185 1819 70 … Health stories and practice, by William E. Burkard …
381 2265 1949 70 Raymond L. Chambers … [ and] Frederick W. Maroney …
382 2345 271 70 Chicago,
687 2346 203 53 Dallas
928 2381 12 33 [
945 2352 120 61 etc.]
1101 2347 194 67 Lyons
1328 2349 45 50 &
1407 2346 308 55 Carnahan
1753 2380 14 33 [
1771 2353 18 21 c
1794 2349 135 50 1936
1934 2380 12 33 ]

453 2419 87 41 256
564 2430 44 38 p.
661 2420 86 40 col.
774 2419 129 41 illus.
956 2418 84 50 19½
1044 2422 44 22 cm
1094 2452 8 9 .
1168 2419 223 49 (Health,
1416 2419 278 49 happiness,
1721 2428 191 32 success
1938 2418 165 43 series.
2177 2420 122 40 [book
2318 2421 68 49 3])

454 2478 291 40 Illustrated
776 2477 366 50 lining-papers.

382 2545 52 53 ©
461 2551 122 39 Mar.
611 2549 70 48 18,
708 2548 140 48 1936;
877 2550 66 38 2c.
973 2550 115 46 July
1116 2550 82 45 25;
1230 2549 81 40 aff.
1338 2548 115 47 July
1481 2548 54 41 23;
1594 2549 39 38 A
1660 2547 172 48 97140;
1864 2548 164 47 Lyons
2052 2549 36 40 &
2117 2548 274 41 Carnahan.

455 2605 284 51 [Copyright
770 2605 43 41 is
846 2605 206 40 claimed
1085 2616 60 30 on
1176 2615 106 30 new
1314 2605 243 50 material]
1630 2604 281 48 (36-17352)

381 2712 174 65 Cade,
581 2712 206 53 James
810 2711 66 56 O.

453 2797 1939 71 The new deal on cartwheels, by James O. Cade … Dallas,
380 2877 1034 72 B. Upshaw and company [ c 1936]
454 2951 845 51 2 p. l. , vii-xi p., 1 l., 193 p. 22½cm.
455 3009 105 41 “How
636 3020 147 37 every
808 3009 163 47 social,
1003 3009 244 41 economic
1274 3011 96 39 and
1400 3008 220 49 political
1650 3009 156 41 result
1836 3009 179 48 sought
2042 3008 62 49 by
2136 3008 257 41 President

383 3064 2008 50 Franklin D. Roosevelt may be attained without … unconstitutionality
383 3122 1990 99 … dictatorship, or the threat of communistic subversion of the individual in the state.”—Pref.
381 3247 53 53 ©
460 3252 116 46 July
601 3252 39 46 2,
670 3251 117 41 1936;
839 3253 67 39 2c.
935 3252 115 46 July
1077 3251 81 47 29;
1189 3252 82 40 aff.
1298 3252 115 47 July
1440 3252 83 47 27;
1554 3252 39 39 A
1620 3251 172 48 96660;
1823 3252 167 40 Banks
2020 3252 212 48 Upshaw
2261 3253 38 39 &
2323 3262 69 29 co.

464 3307 282 49 (36-17256)

383 3412 345 54 California.
803 3413 246 54 District
1076 3421 186 45 courts
1290 3414 63 65 of
1378 3413 222 66 appeal.

382 3504 1984 143 Reports of cases determined … December 21, 1935, to February
601 3586 81 56 18,
727 3586 149 50 1936.
957 3584 309 67 Randolph
1310 3585 69 52 Y.
1421 3582 285 69 Whiting,
1750 3589 284 62 reporter;
2079 3584 203 66 Henry
2325 3585 63 51 F.

379 3659 281 69 Wrigley,
694 3659 262 56 William
993 3663 63 52 F.
1097 3663 298 56 Traverso,
1432 3664 147 52 Wm.
1619 3661 339 55 Nankervis,
1997 3661 89 66 jr.,
2126 3659 262 54 assistant

381 3743 300 61 reporters,
762 3739 223 53 volume
1029 3743 62 51 11
1148 3739 126 67 (2d)
1364 3738 114 56 San
1525 3739 322 67 Francisco,
381 3739 1984 143 Bancroft-Whitney
515 3834 299 50 company,
840 3819 150 52 1936.

451 3888 183 47 xxxvii,
667 3888 86 40 902
783 3899 44 37 p.
887 3889 56 39 22½
975 3892 45 21 cm
1025 3922 9 9 .

450 3945 71 40 On
551 3954 144 30 cover;
751 3945 61 39 2d
842 3944 165 42 series.

382 4010 53 53 ©
461 4015 118 48 Aug.
604 4015 40 47 3,
672 4014 140 48 1936;
840 4015 68 43 2c.
938 4017 95 40 and
1058 4016 83 42 aff.
1168 4017 120 45 Aug.
1316 4017 52 39 11;
1426 4017 40 39 A
1492 4016 171 47 97335;
1694 4014 488 47 Bancroft-Whitney
2210 4025 67 28 co.
