2519 4377
1324 4202 101 49 322

363 494 348 66 Marchand,
740 495 222 65 Sidney
989 495 231 57 Albert.

439 572 124 52 The
602 572 173 70 flight
815 572 65 53 of
921 591 31 34 a
994 578 238 64 century
1285 573 367 70 (1800-1900)
1707 575 60 52 in
1788 631 8 9 .
1810 575 314 54 Ascension
2168 575 216 70 parish,

366 651 332 69 Louisiana,
750 652 77 56 by
883 650 219 56 Sidney
1155 652 73 54 A.
1282 653 339 54 Marchand.
1714 655 497 68 Donaldsonville,
2265 655 120 68 La.,

363 738 17 20 c
387 734 150 52 1936.

439 805 723 50 3 p. l., 237 p. illus. 23 cm .
362 859 53 53 ©
451 864 121 39 Mar.
608 863 41 48 9,
683 863 142 46 1936;
862 862 67 42 2c.
965 865 123 42 Mar.
1124 863 82 47 12;
1245 863 83 42 aff.
1364 865 122 40 Mar.
1521 865 83 48 25;
1643 866 40 39 A
1716 865 145 41 92683;
1930 867 46 40 S.
2008 867 54 39 A.
2100 868 285 48 Marchand,

433 921 417 49 Donaldsonville,
880 921 82 39 La.
1031 919 254 53 (36-7951)

425 996 1934 133 … The Martindale-Hubbell law directory (annual) Martindale’s
651 1076 310 54 American
1006 1076 110 53 law
1161 1075 305 70 directory,
1512 1080 330 66 1868-1930,
1886 1079 303 55 Hubbell’s
2234 1081 150 68 legal

435 1155 307 67 directory,
771 1153 329 69 1870-1930,
1129 1156 120 53 The
1277 1157 354 53 Martindale
1657 1157 256 53 Hubbell
1939 1159 112 52 law
2079 1158 306 70 directory,

437 1235 1948 69 1931-1934. January, 1936 … [68th year] volumes 1-2. New
434 1312 1228 70 York, Martindale-Hubbell, inc. [ c 1936]
429 1387 26 39 2
484 1398 42 29 v.
585 1386 55 41 25½cm.

363 1439 53 53 ©
444 1444 111 40 Jan.
582 1442 40 50 9,
651 1443 143 48 1936;
825 1443 68 41 2c.
921 1444 119 40 each
1069 1445 97 39 and
1193 1443 83 41 aff.
1307 1444 111 40 Feb.
1447 1443 84 49 24;
1562 1445 41 39 A
1632 1443 172 49 90899;
1838 1445 547 53 Martindale-Hubbell,

433 1501 91 41 inc.

363 1576 324 67 Michigan.
762 1579 280 67 Supreme
1069 1581 177 52 court.

435 1656 1949 72 Michigan reports; cases decided … from April 8 to May 17,
368 1739 149 50 1935,
594 1735 213 54 Hiram
843 1736 61 55 C.
941 1736 187 65 Bond,
1160 1740 145 49 state
1340 1741 275 62 reporter,
1690 1754 51 36 v.
1777 1736 118 54 271.
1975 1740 84 51 1st
2092 1738 85 53 ed.
365 1738 1993 143 Chicago,

548 1814 324 67 Callaghan
900 1815 113 52 and
1040 1833 299 49 company,
1369 1818 150 50 1936.

430 1887 497 49 xxxi, 803 p. 23c m .
367 1941 2019 54 © Feb. 17, 1936; 2c. and aff. Feb. 21; A 91868; Orville E. Atwood,
434 2005 250 46 secretary
711 2002 52 40 of
789 2004 133 38 state
945 2002 78 39 for
1050 2003 82 40 the
1159 2003 129 39 state
1315 2001 53 40 of
1394 2001 262 50 Michigan,
1686 2001 228 50 Lansing,
1944 2002 146 42 Mich.

365 2078 302 54 Missouri.
742 2082 185 62 Laws,
954 2084 259 60 statutes,
1241 2084 100 47 etc.

436 2157 272 53 Missouri
770 2162 258 61 statutes,
1093 2156 325 53 annotated.
1513 2157 348 52 Permanent
1923 2157 86 54 ed.
2103 2159 282 67 January,

369 2233 2015 73 1936, cumulative pamphlet, with annotations … St. Paul,
364 2317 160 54 West
553 2314 340 68 publishing
920 2333 109 49 co.;
1061 2315 226 52 Kansas
1318 2314 152 67 City,
1497 2315 235 53 Yernon
1757 2314 110 53 law
1894 2314 148 52 book
2069 2331 80 37 co.
2366 2349 13 34 [c1936]

432 2389 85 40 150
547 2400 43 37 p.
649 2389 56 40 23½
739 2390 43 21 cm
788 2419 8 8 .

365 2442 52 53 ©
443 2447 111 39 Jan.
577 2446 71 49 28,
676 2445 142 48 1936;
847 2445 67 40 2c.
941 2446 97 39 and
1066 2444 82 41 aff.
1178 2445 111 40 Feb.
1317 2444 81 46 17;
1429 2444 39 38 A
1495 2443 172 48 90830;
1741 2453 150 30 Vernon
1920 2444 94 39 law
2043 2445 123 39 book
2193 2455 68 31 co.
2289 2446 97 40 and

437 2504 139 40 West
601 2504 111 48 pub.
742 2513 68 30 co.

389 2579 316 65 [Morrison,
730 2579 224 53 Robert
981 2578 280 65 Stewart]
1296 2583 171 49 1843-

438 2656 234 68 Mining
718 2655 189 69 rights
953 2673 73 34 on
1072 2655 96 52 the
1216 2652 195 71 public
1457 2652 248 53 domain.
1783 2652 133 53 16th
1963 2652 107 68 ed.,
2116 2653 106 54 enl.
2271 2652 115 54 and

370 2754 111 34 rev.
518 2740 58 47 to
613 2734 149 53 date.
838 2733 157 54 Lode
1031 2732 114 54 and
1182 2732 191 69 placer
1408 2729 215 69 claims,
1658 2731 247 68 tunnels,
1941 2729 125 54 mill
2102 2730 133 54 sites
2272 2732 113 51 and

370 2819 174 47 water
582 2813 206 67 rights,
826 2815 241 50 statutes
1106 2811 113 52 and
1256 2809 296 67 decisions,
1590 2809 182 52 forms
1809 2809 113 53 and
1961 2809 315 69 procedure
2313 2827 73 35 on

370 2896 199 64 patent
619 2889 402 70 applications,
1069 2889 143 54 with
1262 2888 158 54 “The
1467 2887 250 70 Leasing
1766 2887 125 54 act”
1942 2887 115 55 and
2107 2887 279 55 decisions

371 2970 179 52 under
603 2970 45 52 it
700 2969 95 53 for
845 2973 381 64 prospectors,
1278 2972 310 63 attorneys,
1640 2985 302 50 surveyors
1997 2967 112 52 and
2163 2966 224 70 mining

369 3045 1954 71 companies, by Emilio D. De Soto and Arthur R. Morrison …
371 3126 115 52 San
527 3124 323 67 Francisco,
890 3124 139 69 Cal.,
1063 3124 412 53 Bender-Moss
1513 3142 300 49 company,
1850 3126 150 50 1936.

439 3198 100 47 viii,
570 3197 86 40 882
685 3207 42 37 p.
792 3197 180 47 diagrs.
1032 3196 57 40 21
1091 3198 44 22 cm
1142 3228 8 8 .

441 3255 130 40 “The
604 3254 112 41 first
746 3253 186 42 edition
968 3254 51 39 of
1055 3254 98 40 this
1190 3254 134 39 work
1362 3255 243 46 appeared
1642 3254 47 38 in
1727 3254 115 40 1874
1878 3255 156 40 under
2071 3254 83 40 the
368 3254 2000 105 authorship
514 3311 53 40 of

370 3310 1995 99 Robert S. Morrison … who revised the work for fifteen editions.”—Pref. to 16th ed.
442 3426 179 39 “Table
646 3424 52 40 of
722 3434 136 31 cases
885 3423 185 42 cited”:
1098 3435 42 37 p.
1167 3423 218 42 787-826.

368 3482 53 53 ©
554 3519 7 7 Feb.
591 3484 69 50 19,
690 3484 142 48 1936;
863 3485 68 40 2c.
962 3484 112 40 Feb.
1104 3484 81 46 17;
1218 3483 83 41 aff.
1332 3485 122 38 Mar.
1485 3483 82 47 14;
1595 3483 41 39 A
1664 3482 172 43 92385;
1871 3484 177 40 Emilio
2079 3486 57 39 D.
2167 3485 75 39 De
2272 3485 116 40 Soto

434 3546 94 38 and
564 3545 188 39 Arthur
786 3543 54 39 R.
877 3541 257 47 Morrison,
1169 3542 206 40 Denver.
1450 3539 251 50 (36-7932)

368 3620 283 53 National
676 3619 229 63 society
926 3619 97 52 for
1048 3618 103 53 the
1177 3618 183 63 study
1383 3617 64 53 of
1471 3617 332 53 education.

440 3694 1943 70 The thirty-fifth yearbook … Parts 1, 2 … Edited by Guy
370 3772 1988 148 Montrose Whipple … Bloomington, Ill., Public school publishing company, 1936.
435 3927 25 39 2
490 3939 42 28 v.
590 3926 195 46 diagrs.,
816 3925 155 40 forms
1001 3924 89 49 (pt.
1122 3924 51 48 1)
1239 3923 56 40 22½
1328 3925 43 21 cm
1378 3957 8 8 .

719 4005 61 5 CONTENTS.—
782 3983 72 47 pt.
886 3981 40 41 1.
959 3982 105 39 The
1092 3979 240 50 grouping
1362 3980 53 39 of
1446 3979 309 49 pupils.—pt.
1790 3978 39 40 2.
1866 3978 156 40 Music
2055 3978 272 40 education.

370 4037 53 53 ©
453 4041 111 40 Feb.
593 4041 69 45 11,
693 4039 117 40 1936;
866 4039 67 40 2c.
963 4040 117 39 each
1110 4039 95 39 and
1236 4037 108 41 affs.
1376 4037 110 40 Feb.
1516 4037 82 41 24;
1630 4037 40 39 A
1701 4036 158 42 90925.
1885 4035 173 42 90926;
2092 4035 107 47 Guy
440 4036 1926 101 Montrose

574 4096 238 48 Whipple,
841 4099 246 44 secretary
1115 4095 52 40 of
1195 4096 81 41 the
1304 4094 196 48 society,
1529 4093 200 47 Clifton,
1760 4095 147 39 Mass.
