2519 4377
1025 4074 131 48 1399

109 438 355 62 Goodspeed,
496 436 200 64 Edgar
724 436 283 65 Johnson,
1039 438 170 53 1871-

178 513 119 52 The
334 518 156 61 story
522 512 64 52 of
618 512 98 54 the
749 512 183 67 Bible,
964 512 74 67 by
1076 512 199 67 Edgar
1311 513 56 54 J.
1406 511 351 69 Goodspeed.
1835 510 268 70 Chicago,

110 592 110 65 Ill.,
247 591 119 52 The
394 589 335 68 University
757 589 63 53 of
849 589 250 68 Chicago
1129 608 155 49 press
1318 593 191 64 [c1936]

178 662 95 47 xvi,
301 663 98 46 187,
429 662 67 47 iii,
529 662 84 41 150
643 673 43 38 p.
746 663 115 40 20cm.

179 733 126 39 “The
337 733 116 39 New
483 730 307 42 Testament”
822 732 89 40 has
941 731 179 49 special
1152 730 235 41 half-title
1418 733 94 39 and
1546 734 224 46 separate
1798 733 190 48 paging.

177 787 282 47 Previously
483 788 253 48 published
760 798 54 30 as
840 788 81 40 the
943 786 216 41 author’s
1187 787 127 39 “The
1339 790 131 45 story
1494 788 50 40 of
1569 789 80 39 the
1676 788 87 40 Old
1792 788 308 41 Testament”

117 844 243 49 (Chicago,
396 844 137 47 1934)
578 845 95 39 and
708 844 77 40 his
821 843 127 41 “The
984 846 134 46 story
1152 844 50 39 of
1239 843 79 41 the
1351 844 115 40 New
1503 842 308 42 Testament”
1854 844 246 48 (Chicago.

109 900 135 49 1916)

178 957 344 49 Bibliography:
580 968 41 38 p.
653 956 100 50 181,
783 968 41 38 p.
855 955 217 43 146-148.

104 1025 52 52 ©
193 1030 126 46 Sept.
353 1029 68 39 22,
458 1026 112 41 1936;
630 1026 68 40 2c.
734 1027 102 40 Oct.
871 1027 25 39 3;
964 1027 81 39 aff.
1083 1026 99 40 Oct.
1218 1027 27 38 7:
1308 1026 40 39 A
1383 1025 144 41 99200;
1593 1025 281 47 University
1908 1025 53 39 of
173 1025 1913 107 Chicago,
331 1083 221 47 Chicago.
625 1083 280 48 (36-21666)

105 1189 209 61 Grabe,
342 1188 286 53 Reinhold
656 1187 108 57 Th.

237 1260 1862 71 … Das geheimnis des Adolph freiherrn von Knigge; die
107 1360 149 49 wege
293 1341 147 53 eines
473 1340 556 52 menschenkenners.
1105 1336 322 58 1752-1796.
1502 1337 599 71 Hamburg-Leipzig,

106 1420 72 51 H.
211 1419 241 54 Goverts
480 1418 213 66 verlag,
723 1420 148 50 1936.

174 1489 84 40 280
293 1499 41 37 p.
394 1488 162 46 front.,
593 1489 170 47 plates,
799 1489 163 47 ports.,
998 1487 189 41 facsim.
1247 1488 116 40 21cm.

103 1559 1998 53 © Apr. 8, 1936; 1c. Aug. 18; A -Foreign 32808; H. Goverts verlag, g. m.
173 1622 41 39 b.
235 1621 45 39 h.
338 1620 280 48 (36-22361)

104 1725 374 64 Greenwood,
503 1724 243 61 Walter,
773 1729 170 49 1903-

176 1800 287 69 Standing
494 1818 156 34 room
684 1801 163 67 only:
880 1818 80 49 or,
992 1800 71 52 ‘A
1093 1800 176 67 laugh
1303 1799 59 52 in
1397 1817 166 50 every
1595 1800 149 67 line’,
1774 1801 73 66 by
1878 1802 222 53 Walter

102 1879 367 56 Greenwood.
532 1879 257 67 London,
819 1880 55 53 J.
906 1878 155 67 Cape
1147 1882 118 64 [1936]

174 1954 85 41 288
291 1964 42 38 p.
392 1952 116 41 20cm.

101 2020 1999 53 © 1c. Sept. 10, 1936; A ad int. 21831; pubd. July 17; W. Greenwood,
172 2081 276 46 Pendleton,
478 2079 210 48 Salford,
717 2078 310 48 Lancashire,
1056 2078 235 45 England.
1358 2076 279 50 (36-22345)

104 2186 221 63 Hardy,
353 2184 239 63 Jocelyn
621 2183 134 63 Lee,
785 2187 170 50 1894-

173 2262 211 67 Recoil,
416 2262 74 66 by
522 2263 56 53 J.
611 2262 65 50 L.
712 2260 224 68 Hardy.
1007 2259 257 67 London,
1299 2259 237 67 Collins,
1572 2263 150 50 1936.

173 2336 86 41 316
289 2347 42 37 p.
391 2334 117 42 20cm.

101 2401 1983 111 © 1c. Sept. 21, 1936; A ad int. 21845; pubd. Aug. 24; J. L. Hardy, Rougham, King’s Lynn, England. (36-22344)
103 2566 318 65 Heseltine,
447 2564 304 64 Marjorie.

171 2644 163 55 Good
381 2643 259 65 cooking,
689 2642 75 66 by
811 2640 278 68 Marjorie
1136 2638 293 55 Heseltine
1479 2640 112 53 and
1644 2640 112 55 Ula
1805 2640 79 54 M.
1935 2641 162 54 Dow.

105 2723 134 52 New
264 2721 103 65 ed.,
393 2738 112 34 rev.
534 2720 112 52 and
673 2719 107 52 enl.
855 2720 215 51 Boston
1099 2719 112 52 and
1238 2718 136 53 New
1404 2718 180 66 York,

1611 2719 317 66 Houghton
105 2717 1968 135 Mifflin
227 2816 296 48 company,
553 2800 151 51 1936.

172 2867 86 42 viii
290 2878 56 38 p.,
379 2867 25 40 1
457 2897 24 17 l.,
513 2866 82 41 561
629 2876 43 38 p.
736 2865 127 42 illus.
924 2865 116 42 21cm.

172 2925 341 47 “Suggestions
545 2923 78 39 for
655 2923 82 40 the
767 2923 197 39 kitchen
997 2922 282 40 bookshelf”:
1343 2934 43 37 p.
1420 2921 216 43 535-537.

100 2994 53 52 ©
182 2999 126 46 Sept.
336 2996 69 47 22,
433 2996 139 46 1936;
603 2996 67 39 2c.
702 2995 94 39 and
826 2995 80 40 aff.
938 2995 128 46 Sept.
1093 2994 82 43 28;
1205 2995 40 38 A
1273 2993 143 40 99047;
1474 2994 237 47 Marjorie
1740 2997 61 37 M.
1831 2996 266 50 Heseltine,

169 3053 333 47 Washington,
532 3052 94 39 and
655 3051 92 41 Ula
777 3053 61 39 M.
868 3052 133 45 Dow,
1029 3051 217 47 Newton,
1276 3052 146 39 Mass.
1490 3051 280 49 (36-21597)

102 3157 241 64 Hickey,
372 3158 138 52 Mrs.
537 3153 327 55 Theodosia
894 3156 256 52 Frances
1178 3155 246 63 Wynne.

171 3232 253 68 Bulldog
457 3230 212 67 Sheila,
701 3229 74 70 by
808 3230 65 52 T.
908 3230 65 52 F.
1006 3229 91 54 W.
1130 3228 223 70 Hickey;
1420 3229 321 54 illustrated
1778 3230 83 69 by
1888 3230 202 55 Chichi

103 3309 216 69 Lasley.
382 3309 138 51 New
547 3307 180 69 York,
752 3308 76 52 H.
857 3307 144 53 Holt
1029 3307 113 52 and
1168 3324 280 52 company
1481 3310 192 64 [c1936]

171 3384 25 38 2
222 3393 42 36 p.
310 3413 23 14 l.,
359 3381 85 40 276
470 3392 41 37 p.
572 3381 86 40 col.
684 3381 162 42 front.,
875 3380 127 40 illus.
1061 3378 146 42 20½cm.

101 3449 51 52 ©
180 3454 99 40 Oct.
309 3454 38 44 2,
378 3452 138 41 1936:
545 3451 67 39 2c.
642 3451 95 39 and
765 3451 80 39 aff.
876 3452 102 40 Oct.
1007 3453 25 38 7;
1088 3452 39 38 A
1155 3450 169 43 99220;
1355 3452 168 46 Henry
1552 3452 118 39 Holt
1699 3453 37 40 &
1763 3462 82 38 co.,
1874 3453 89 39 inc.

180 3510 278 46 (36-21643)

103 3614 261 64 Hughes,
391 3615 129 62 Ray
549 3614 250 63 Osgood,
832 3615 169 53 1879-

173 3690 1921 67 Civic training, by R. O. Hughes … Boston, New York
106 3768 744 67 [etc.] Allyn and Bacon [c1936]
173 3838 113 46 xvii,
312 3838 99 47 360,
435 3837 68 47 36,
547 3838 56 50 [2],
630 3838 100 49 125,
752 3839 27 41 3
805 3848 44 39 p.
909 3838 162 50 front.,
1098 3837 142 49 illus.,
1268 3838 180 48 diagrs.
1507 3836 117 42 21cm.

173 3907 71 41 On
268 3918 159 31 cover:
454 3908 117 41 New
595 3908 132 40 York
752 3909 199 41 edition.

173 3963 127 43 “The
343 3965 226 41 material
614 3965 224 42 included
882 3966 51 40 in
973 3966 100 41 this
1118 3966 121 40 book
1282 3965 153 42 forms
1480 3967 83 40 the
1608 3965 108 42 first
1760 3966 109 41 half
1911 3967 52 40 of
2010 3967 81 42 the
