2519 4377
1023 4108 133 52 1597

94 447 151 64 Cole,
272 448 225 63 George
523 448 264 63 Douglas
810 448 274 62 Howard,
1113 453 170 50 1889-

164 523 137 53 Last
343 523 117 52 will
506 523 111 53 and
660 528 328 62 testament;
1034 541 81 49 or,
1158 523 122 53 The
1324 523 321 54 Pendexter
1688 540 154 50 saga,
1886 523 203 52 second

106 600 139 67 (and
272 601 138 67 last)
451 606 193 62 canto;
676 600 171 67 being
877 620 31 33 a
939 599 229 54 further
1198 599 229 69 episode
1458 601 59 52 in
1547 600 96 54 the
1673 617 188 36 career
1892 601 63 52 of
1988 600 100 52 Dr.

97 677 302 67 Benjamin
439 677 278 68 Tancred,
758 676 216 54 related
1014 677 75 67 by
1128 676 90 53 his
1260 675 211 70 friend,
1513 677 147 53 Paul
1703 676 273 68 Graham,
2017 677 71 68 by

94 754 66 55 G.
197 755 69 52 D.
305 754 74 55 H.
417 755 111 52 and
563 755 297 68 Margaret
896 752 149 57 Cole.
1124 752 231 55 Garden
1393 754 153 69 City,
1581 755 68 53 N.
1691 754 88 68 Y.,
1816 754 142 54 Pub.
1997 755 93 52 for

92 832 95 53 the
228 830 188 56 Crime
458 832 145 66 club,
645 830 419 70 incorporated,
1107 831 71 68 by
1221 831 357 69 Doubleday,
1619 832 195 53 Doran
1858 833 44 50 &
94 850 1971 128 company,
299 909 124 68 inc.,
463 911 147 52 1936.

161 980 674 49 viii p., 1 l., 301 p. 20 cm .
163 1037 160 41 “First
359 1035 227 43 edition.”

93 1092 52 53 ©
185 1096 101 42 Oct.
324 1095 69 49 23,
433 1095 140 49 1936;
613 1095 69 40 2c.
721 1096 97 40 and
856 1096 81 40 aff.
976 1097 118 39 Nov.
1133 1095 52 48 3;
1228 1098 40 38 A
1305 1096 200 42 100347;
1549 1097 52 40 G.
1643 1099 57 40 D.
1741 1099 60 40 H.
1843 1098 113 42 Cole
1998 1098 94 39 and

163 1154 248 46 Margaret
448 1152 159 40 Isabel
644 1153 128 47 Cole,
808 1153 219 48 Hendon,
1068 1153 235 47 England.
1377 1152 281 50 (36-29837)

92 1256 233 64 Collins,
352 1256 218 53 Archie
596 1255 335 64 Frederick,
960 1261 172 50 1869-

90 1330 2001 149 Collecting stamps for fun and profit, by A. Frederick Collins … New York, London, D. Appleton-Century company,
90 1487 418 68 incorporated,
546 1488 150 52 1936.

164 1558 95 47 xiv,
291 1556 86 41 200
409 1567 42 38 p.
512 1557 143 48 illus.,
692 1558 170 48 plates.
923 1557 55 40 19½
1011 1561 43 20 cin
1060 1591 8 8 .

91 1613 53 54 ©
171 1618 102 40 Oct.
299 1616 70 49 30,
397 1616 141 48 1936;
567 1616 67 41 2c.
664 1619 117 39 Nov.
809 1618 53 47 2;
893 1618 81 39 aff.
1001 1619 118 39 Nov.
1147 1618 53 47 3;
1231 1620 40 38 A
1298 1617 200 48 100226;
1530 1620 57 40 D.
1616 1619 476 48 Appleton-Century

161 1684 82 38 co.,
270 1674 91 41 inc.
428 1673 282 51 (36-29560)

91 1777 1997 148 The Columbia encyclopedia … compiled and edited at Columbia university, Clarke F. Ansley, editor in chief. New
159 1932 1908 149 York, P. F. Collier & son corporation, by special arrangement with Columbia university press [ c 1936]
160 2085 680 51 3 p. l., 1949 p. pl. 31cm.
91 2140 53 53 ©
171 2144 101 40 Oct.
300 2143 38 48 5,
368 2143 140 48 1936;
533 2143 68 41 2c.
631 2144 104 41 Oct.
761 2143 83 48 30;
875 2144 81 39 aff.
987 2144 101 39 Oct.
1119 2143 80 47 15;
1230 2145 40 38 A
1298 2142 171 49 99683;
1502 2143 250 42 Columbia
1781 2142 129 40 univ.
1941 2152 151 39 press.

172 2200 281 50 [Copyright
483 2200 43 39 is
555 2200 207 40 claimed
794 2210 61 30 on
886 2182 228 67 changes]
1186 2199 281 50 (36-29541)

92 2306 336 54 Commerce
454 2305 262 64 clearing
738 2306 203 54 house.

161 2381 241 55 Federal
430 2382 380 69 Bankruptcy
836 2387 105 50 act.
1006 2386 134 50 1936
1166 2383 85 53 ed.
1315 2382 134 53 Full
1476 2387 121 48 text
1622 2381 65 55 of
1712 2383 96 53 the
1833 2383 258 52 national

91 2460 378 69 Bankruptcy
494 2466 91 48 act
612 2459 140 54 with
783 2460 77 53 all
891 2460 388 54 amendments
1308 2466 58 49 to
1395 2462 152 54 June
1576 2465 84 63 26,
1692 2464 151 65 1936,
90 2461 1976 146 including

245 2544 296 63 corporate
596 2538 461 70 reorganization
1122 2539 130 69 (sec.
1308 2539 150 68 77B)
1526 2538 153 55 farm
1735 2539 134 53 debt
1924 2538 168 55 relief

101 2616 129 69 (sec.
268 2617 94 69 75)
409 2616 372 55 individuals’
818 2617 133 54 debt
986 2616 169 54 relief
1200 2616 129 69 (sec.
1370 2617 93 69 74)
1511 2617 253 54 railroad
91 2617 1974 131 reorganization

324 2696 1767 69 (sec. 77) etc. … Chicago, New York [etc.] Commerce
92 2773 252 70 clearing
384 2775 189 67 house,
616 2776 128 66 inc.,
785 2776 177 53 Loose
1001 2773 120 54 leaf
1164 2774 213 54 service
1417 2774 249 54 division
1706 2773 64 53 of
1812 2775 95 52 the
91 2774 1976 149 Corporation
385 2859 150 49 trust
566 2871 282 52 company
886 2888 12 35 [
904 2862 18 21 c
927 2857 151 65 1936]

162 2928 63 49 vi,
255 2928 85 41 113
370 2938 43 38 p.
472 2927 56 41 23
531 2930 44 22 cm
580 2960 10 9 .
707 2926 131 51 $1.00

93 2981 53 53 ©
183 2985 115 47 July
337 2985 69 46 27,
446 2984 140 48 1936;
626 2984 69 42 2c.
734 2985 95 39 and
868 2985 82 40 aff.
990 2985 117 45 Aug.
1149 2983 81 48 15;
1273 2985 39 38 A
1349 2983 171 47 97541;
1563 2984 276 40 Commerce
1878 2983 217 49 clearing

164 3043 161 48 house,
356 3042 89 40 inc.
513 3041 282 49 (36-29996)

92 3133 185 62 Dana,
303 3132 217 53 Julian.

163 3207 122 53 The
326 3226 133 34 man
499 3208 128 52 who
670 3205 149 55 built
864 3206 117 55 San
1026 3206 332 67 Francisco;
1406 3225 31 34 a
1480 3205 171 68 study
1697 3204 64 54 of
1805 3204 285 54 Ralston’s

93 3284 239 68 journey
368 3284 140 54 with
543 3284 260 68 banners,
835 3284 75 67 by
947 3282 202 56 Julian
1182 3284 194 67 Dana;
1417 3282 380 54 illustrations
1831 3283 75 68 by
1941 3283 148 52 Wm.

95 3362 207 53 Ernest
339 3362 263 53 Rideout.
679 3361 138 53 New
856 3361 179 65 York,
1072 3361 121 54 The
1230 3360 334 53 Macmillan
1604 3377 296 51 company,
1941 3361 147 51 1936.

161 3432 1843 49 4 p. l., vii-viii, xi-xii p., 1 l., 397 p. front., plates, ports. 22½ cm .
165 3490 286 40 Illustrated
487 3490 365 47 lining-papers.

164 3547 375 47 Bibliography:
578 3558 43 38 p.
658 3547 217 41 377-378.

95 3601 53 54 ©
177 3607 116 38 Nov.
324 3607 40 42 4,
395 3605 140 48 1936;
568 3606 67 40 2c.
667 3607 117 38 Nov.
816 3605 53 41 6:
901 3605 84 41 aff.
1017 3606 117 38 Nov.
1167 3605 52 40 5:
1254 3607 38 37 A
1326 3604 199 44 100297;
1563 3606 41 39 J.
1638 3606 155 47 Dana,
1825 3603 266 41 Piedmont,

167 3661 143 42 Calif.
375 3661 281 48 (36-29826)

95 3755 147 63 Day,
267 3753 256 53 Richard
551 3753 338 56 Ellsworth.

166 3831 157 52 Bush
359 3831 210 66 aglow;
604 3831 98 53 the
732 3829 106 54 life
869 3836 154 60 story
1059 3829 63 52 of
1154 3829 238 66 Dwight
1426 3829 221 66 Lyman
1678 3828 232 67 Moody,
95 3846 1971 115 commoner

96 3906 1968 147 of Northfield, by Richard Ellsworth Day … Philadelphia, Boston
740 3984 848 68 [etc.] The Judson press [ c 1936]
