2519 4377
1305 4167 138 50 2062

386 463 361 65 Monaghan,
775 464 207 54 James
1008 463 214 68 Philip,
1254 471 172 51 1869-

454 553 1952 76 Teach me Thy paths … a lay retreat based upon the
384 632 291 69 Spiritual
728 634 274 55 exercises
1059 634 64 55 of
1179 636 170 56 Saint
1403 637 268 68 Ignatius
1727 637 66 54 of
1846 639 238 68 Loyola,
2136 640 78 67 by
2266 641 138 54 Rev.

427 712 1980 76 James P. Monaghan … Chicago, Ill., Loyola university press,
385 794 149 52 1936.

457 877 754 52 5 p. l., 380 p. map. 18½ cm .
386 954 53 54 ©
465 959 120 43 Nov.
612 958 72 51 21,
713 958 142 51 1936;
885 959 68 43 2c.
982 961 113 41 Dec.
1123 960 54 49 3;
1240 961 49 40 aff.
1320 962 113 41 Dec.
1462 960 84 50 21;
1578 963 40 40 A
1648 961 202 51 101440;
1882 963 183 42 Loyola
2095 962 132 44 univ.
2256 975 153 38 press.

467 1016 256 52 (37-2625)

382 1120 340 68 O’Donnell,
750 1123 342 65 Josephine.

452 1212 235 70 Among
723 1214 97 52 the
859 1215 222 56 Covent
1116 1217 218 68 garden
1376 1222 164 62 stars,
1579 1217 76 68 by
1694 1217 316 69 Josephine
2051 1218 352 68 O’Donnell;

384 1291 287 55 foreword
713 1293 77 70 by
835 1293 97 57 Sir
975 1295 251 54 Thomas
1268 1296 302 67 Beecham,
1611 1297 146 54 hart.
1833 1297 166 55 With
2041 1302 66 49 49
379 1298 2000 127 illustrations.
622 1374 261 69 London,
915 1374 57 57 S.
1002 1376 151 52 Paul
1180 1379 46 50 &
1253 1394 98 49 co.,
1378 1376 104 55 ltd.
1537 1380 135 50 [1936]

452 1458 86 41 295
570 1469 43 38 p.
675 1459 165 47 front.,
872 1462 173 48 plates,
1077 1463 151 47 ports.
1289 1461 57 40 24
1349 1464 44 21 cm
1399 1495 9 9 .

384 1533 2022 58 © 1c. Dec. 28, 1936; A ad int. 22282; pubd. Nov. 5; J. O’Donnell, London.
463 1595 256 53 (37-2467)

381 1701 208 66 Orton,
628 1704 256 67 Arthur,
926 1705 213 68 calling
1181 1706 235 67 himself
1453 1707 102 54 Sir
1590 1708 195 66 Roger
1824 1707 238 55 Charles
453 1708 1950 142 Doughty-Tichborne,
864 1790 125 60 bart.,
1024 1787 330 64 1834-1898,
1387 1784 334 68 defendant.

452 1873 1955 72 The Tichborne case, by Lord Maugham … London, Hodder
379 1954 46 50 &
455 1952 350 72 Stoughton,
837 1958 152 50 1936.

451 2042 88 42 384
562 2053 44 38 p.
662 2043 167 49 front.,
855 2054 80 39 pl.,
960 2046 167 47 ports.,
1154 2044 219 43 facsims.
1428 2044 58 40 22½
1519 2048 44 22 cm
1568 2077 9 9 .

451 2116 75 39 An
563 2118 208 39 account
807 2116 52 39 of
894 2116 83 40 the
1014 2118 97 38 two
1145 2117 273 40 Tichborne
1454 2116 145 42 trials
1635 2117 294 48 concerning
1964 2117 214 40 Thomas
2215 2118 190 48 Castro,

380 2173 264 41 otherwise
694 2173 158 40 called
901 2174 190 40 Arthur
1143 2174 167 49 Orton,
1363 2174 232 49 claiming
1645 2177 49 38 to
1746 2175 58 39 be
1856 2174 78 42 Sir
1989 2175 159 48 Roger
2200 2174 205 42 Charles

384 2230 537 50 Doughty-Tichborne.
986 2232 103 41 The
1125 2231 107 40 first
1268 2231 119 42 trial
1421 2242 104 31 was
1559 2233 116 40 held
1709 2231 51 42 in
1799 2232 80 41 the
1913 2232 153 43 Court
2101 2231 52 43 of
2187 2240 219 34 common

381 2289 149 49 pleas.
596 2291 58 39 In
687 2290 84 40 the
807 2290 191 49 second,
1035 2290 84 40 the
1155 2290 227 40 criminal
1420 2290 132 49 trial,
1590 2291 83 40 the
1713 2290 271 40 defendant
2020 2300 103 31 was
2160 2289 128 43 tried
2325 2289 80 42 for

379 2346 204 49 perjury
613 2347 170 41 before
812 2347 83 41 the
927 2348 152 41 Court
1109 2348 52 41 of
1191 2348 206 48 Queen’s
1426 2348 168 49 bench,
1625 2348 137 48 April
1795 2347 70 50 23,
1897 2347 405 49 1873-February
2333 2346 71 51 28,

381 2403 127 42 1874.

733 2477 135 49 CONTENTS.—pt.
906 2483 33 34 I.
983 2475 180 41 Before
1207 2476 80 41 the
1326 2486 112 31 case
1477 2476 171 49 began.
1717 2477 40 39 A
1799 2476 256 40 Victorian
2095 2477 105 39 love
2241 2474 162 43 affair.

379 2534 102 39 The
508 2534 187 39 travels
723 2533 53 41 of
801 2534 159 48 Roger
987 2533 287 42 Tichborne.
1331 2534 102 40 The
1461 2534 183 40 results
1673 2534 52 39 of
1752 2545 64 28 an
1846 2534 397 41 advertisement.
2301 2532 104 41 The

379 2591 139 47 early
541 2590 87 40 life
653 2591 53 41 of
732 2591 188 41 Arthur
944 2591 168 42 Orton.
1167 2591 136 42 First
1327 2594 133 45 steps
1484 2590 52 41 in
1561 2591 377 50 England.—pt.
1961 2598 55 35 II.
2041 2592 105 39 The
2167 2590 236 41 claimant

379 2647 42 41 is
452 2648 299 48 recognized.
812 2648 354 49 Preparations
1196 2648 80 41 for
1306 2648 83 41 the
1420 2647 133 43 trial.
1613 2648 103 40 The
1745 2648 138 42 Chile
1914 2647 326 43 commission.
2302 2647 102 41 The

379 2705 292 41 Australian
708 2706 461 50 commission.—pt.
1272 2736 11 10 III.
1321 2705 275 42 Tichborne
1630 2716 44 32 v.
1713 2705 321 49 Lushington.
2100 2706 104 39 The
379 2705 2006 99 claimant
503 2763 52 40 in
593 2764 85 40 the
715 2763 109 42 box.
893 2763 103 40 The
1034 2762 279 41 claimant’s
1352 2773 112 31 case
1505 2763 269 41 continues.
1843 2764 106 39 The
1987 2763 173 49 speech
2200 2763 78 39 for
2319 2762 84 41 the

379 2820 213 41 defence.
654 2821 245 41 Evidence
933 2821 79 39 for
1045 2821 84 40 the
1163 2820 444 50 defendants.—pt.
1643 2827 73 34 IV.
1749 2820 105 41 The
1888 2820 191 50 Queens
2112 2830 44 31 v.
2190 2820 213 40 Thomas

379 2878 191 50 Castro,
615 2877 265 43 otherwise
922 2879 191 40 Arthur
1158 2878 169 43 Orton.
1402 2877 243 43 Evidence
1690 2877 79 42 for
1815 2878 82 41 the
1942 2877 282 42 defendant.
2300 2876 102 43 The

381 2937 97 40 last
514 2939 93 39 act.
674 2936 306 49 Appendices
1026 2936 369 49 (Genealogical
1432 2936 118 41 data
1587 2947 61 30 on
1685 2936 85 41 the
1803 2935 276 42 Tichborne
2116 2935 97 42 and
2250 2935 152 42 Orton

378 2993 231 51 families,
640 2994 256 50 included)

379 3062 2023 53 © 1c. Nov. 13, 1936; A ad int. 22014; pubd. Sept. 17; Frederick Herbert
453 3122 281 50 Maugham,
768 3123 212 40 London.
1054 3122 254 50 (37-2860)

377 3229 357 66 Podbielski,
763 3230 146 54 Gert
934 3231 69 52 R.

509 3318 1883 69 … Kindheit des herzens. Zürich, Rascher & cie., a.-g. [1936]
446 3408 99 49 187,
579 3408 57 50 [1]
667 3419 60 38 p.,
758 3408 27 40 1
835 3440 9 8 l.
905 3406 57 42 18½
995 3409 44 22 cm
1044 3439 9 9 .

447 3478 203 43 Printed
682 3479 52 40 in
766 3476 425 43 Czechoslovakia.

380 3548 2019 53 © Apr. 16, 1936; 1c. Dec. 4; A-Foreign 33635; Rascher & cie., a.-g.,
453 3610 177 48 verlag.
701 3607 253 51 (37-2003)

375 3714 252 65 Pogner,
662 3714 261 65 Agathe.

508 3803 1886 68 … Die schuld der Ulla Karsten; roman. Niedersedlitz, Das
376 3885 344 65 Vaterhaus,
748 3883 625 70 verlags-gesellschaft
1400 3904 72 34 m.
1502 3884 52 52 b.
1584 3885 55 53 h.
1674 3887 171 64 [1936]

448 3970 86 41 304
570 3982 43 38 p.
675 3970 60 42 19½
764 3973 45 22 cm
814 4003 8 9 .

379 4040 2001 102 © Aug. 24, 1936; 1c. Dec. 3; A -Foreign 33610; Das Vaterhaus, verlags-ges. m. b. h. (37-2435)
