2519 4377
1041 4145 98 50 893

172 549 328 49 Frontispiece
528 550 340 47 accompanied
894 550 61 47 by
981 550 153 47 guard
1163 549 133 40 sheet
1326 548 118 40 with
1475 548 290 48 descriptive
1792 549 297 48 letterpress.

172 607 347 49 Bibliography:
580 617 41 38 p.
673 606 232 51 [513]-520.

100 675 1989 53 © Apr. 10, 1936: 2c. June 3; aff. May 28; A 94730; P. F. Collier & son
169 745 126 38 corp.
365 734 279 50 [Copyright
680 733 41 40 is
757 732 204 41 claimed
998 744 60 29 on
1093 744 105 29 new
1235 732 225 40 material
1500 733 93 38 and
1630 732 227 51 revision]

179 791 278 48 (36-12791)

98 894 245 66 Mignet,
382 893 281 67 François
697 893 272 63 Auguste
1003 892 186 53 Marie
1225 891 222 65 Alexis,
1487 894 324 53 1796-1884.

231 966 1858 71 … The French revolution, from 1789 to 1815, by Francois
99 1047 1988 70 Auguste Marie Mignet … edited, with additional chapter on
99 1124 1988 70 the hundred days, by James Westfall Thompson … [Memorial
99 1205 104 66 ed.]
280 1205 139 52 New
456 1203 180 67 York,
673 1204 64 52 P.
777 1204 66 52 F.
883 1202 213 56 Collier
1131 1205 46 51 &
1212 1221 101 36 son
1351 1201 359 70 corporation
1932 1236 12 34 [c1936]

168 1276 1922 51 xv, 511 p. front., illus. (maps) plates, ports. 23 cm. (The history of
97 1333 1293 51 nations, H. C. Lodge … editor-in-chief, vol. x)
172 1405 328 49 Frontispiece
527 1405 341 48 accompanied
896 1405 59 47 by
984 1405 154 48 guard
1166 1406 136 40 sheet
1328 1405 120 41 with
1474 1405 291 49 descriptive
1793 1407 296 49 letterpress.

168 1462 373 50 Bibliography:
573 1473 44 38 p.
652 1462 247 50 [505]-511.

100 1530 1991 52 © Apr. 10, 1936; 2c. June 3; aff. May 28; A 94730; P. F. Collier & son
168 1599 126 39 corp.
355 1589 284 51 [Copyright
665 1589 41 40 is
737 1588 204 42 claimed
973 1600 59 29 on
1063 1598 106 31 new
1199 1589 226 41 material
1458 1589 95 41 and
1582 1589 226 52 revision]

178 1647 277 48 (36-13318)

98 1752 343 63 Mommsen,
468 1750 284 64 Theodor,
780 1752 323 56 1817-1903.

97 1826 1969 146 … Rome from earliest times to 44 B. C., by Theodor Mommsen;
259 1904 1830 69 edited by Arthur C. Howland … [Memorial ed.] New
101 1982 177 69 York,
302 1983 65 53 P.
396 1984 65 52 F.
490 1982 215 56 Collier
729 1986 46 51 &
800 2002 101 36 son
928 1982 363 70 corporation
1502 2018 13 34 [c1936]

168 2055 1920 52 xv, 403 p. col. front., illus. (maps) plates, 2 port, on 1 pl. 23 cm .
109 2113 1802 51 (The history of nations, H. C. Lodge … editor-in chief. vol. III)
171 2184 329 49 Frontispiece
527 2184 341 49 accompanied
897 2186 59 46 by
983 2185 154 48 guard
1165 2186 134 40 sheet
1327 2185 118 40 with
1474 2186 291 48 descriptive
1791 2187 297 49 letterpress.

169 2240 372 51 Bibliography:
575 2252 43 39 p.
670 2240 234 52 [397]-403.

99 2308 1992 54 © Apr. 10, 1936; 2c. June 3; aff. May 28; A 94730; P. F. Collier & son
169 2378 125 39 corp.
366 2368 278 51 [Copyright
684 2369 42 39 is
764 2369 205 39 claimed
1009 2380 59 29 on
1106 2379 107 29 new
1253 2370 226 39 material
1522 2371 95 39 and
1658 2370 226 51 revision]

178 2425 278 48 (36-13316)

97 2528 227 64 Morfill,
351 2528 253 55 William
631 2528 277 65 Richard,
939 2535 323 50 1834-1909.

230 2604 1858 70 … Russia and Poland, by William Richard Morfill … revised
98 2681 1990 73 and edited by Charles Edmund Fryer … Polish republic:
99 2759 1991 71 Baltic states … [Memorial ed.] New York, P. F. Collier &
97 2856 100 36 son
227 2838 362 69 corporation
623 2875 12 34 [c
664 2844 133 50 1936
802 2875 12 35 ]

170 2910 1919 55 xiii, 416, 416a-416m, 1 l., 419-446, 446a-446d, [447]-462 p. col. front.,
100 2968 1973 101 illus. (maps) plates. 23 cm. (The history of nations, H. C. Lodge … editor-in-chief. vol. XV)
171 3082 330 48 Frontispiece
530 3085 339 46 accompanied
896 3086 62 48 by
981 3087 155 47 guard
1165 3087 137 40 sheet
1326 3086 119 41 with
1475 3087 290 49 descriptive
1791 3089 299 49 letterpress.

170 3140 347 49 Bibliography:
575 3152 43 38 p.
666 3142 234 49 [457]-462.

99 3206 1992 57 © Apr. 10, 1936; 2c. June 3; aff. May 28; A 94730; P. F. Collier & son
166 3277 125 37 corp.
356 3267 279 49 [Copyright
671 3269 40 40 is
743 3268 204 41 claimed
983 3281 59 28 on
1077 3280 105 29 new
1216 3271 225 40 material
1476 3273 96 38 and
1606 3273 226 49 revision]

178 3323 277 49 (36-12783)

98 3426 313 65 Muschler,
437 3427 286 56 Reinhold
751 3430 248 65 Conrad,
1029 3436 170 50 1882-

231 3502 1378 72 … Nofretete, novelle. Berlin, P. Neff, 1935.
170 3572 68 48 83,
273 3573 54 49 [1]
359 3585 42 37 p.
462 3574 114 41 19cm.

173 3629 170 41 “1.-20.
376 3631 248 40 tausend.”

101 3697 52 53 ©
198 3703 125 47 Sept.
369 3704 68 47 16,
481 3704 139 48 1935;
669 3706 66 40 1c.
780 3706 112 47 Apr.
937 3707 69 48 30,
1053 3707 139 47 1936;
1239 3708 312 49 A-Foreign
1593 3710 170 48 31582;
1812 3710 122 40 Paul
1980 3710 114 41 Neff

171 3759 176 47 verlag,
373 3769 41 37 g.
441 3770 58 30 m.
525 3760 42 40 b.
593 3761 46 40 h.
704 3761 279 49 (36-15152)

99 3859 145 53 New
270 3862 159 52 York
463 3864 216 66 (State)
763 3866 182 67 Laws,
970 3873 255 61 statutes,
1250 3874 99 46 etc.

170 3938 242 53 General
449 3940 135 53 laws
620 3942 63 51 of
718 3943 96 52 the
849 3947 145 49 state
1031 3944 63 54 of
1128 3946 138 51 New
1303 3946 178 66 York,
1518 3964 59 34 as
1614 3948 233 52 enacted
1881 3948 75 67 by
1993 3949 95 52 the

100 4013 355 68 Legislature
488 4024 58 46 at
577 4019 95 51 the
708 4023 132 49 1936
875 4022 227 66 regular
1137 4022 225 68 session,
1394 4025 259 66 together
1687 4026 139 53 with
