<alto xmlns="http://www.loc.gov/standards/alto/ns-v3#" xmlns:xlink="http://www.w3.org/1999/xlink" xmlns:xsi="http://www.w3.org/2001/XMLSchema-instance" xsi:schemaLocation="http://www.loc.gov/standards/alto/ns-v3# http://www.loc.gov/alto/v3/alto-3-0.xsd"><Description>
<MeasurementUnit>pixel</MeasurementUnit>
<sourceImageInformation>
<fileName>1936_v33_Part1.pdf</fileName>
</sourceImageInformation>
<OCRProcessing ID="IdOcr">
<ocrProcessingStep>
<processingDateTime>2019-01-18</processingDateTime>
<processingSoftware>
<softwareCreator>ABBYY</softwareCreator>
<softwareName>ABBYY Recognition Server</softwareName>
<softwareVersion>4.0</softwareVersion>
</processingSoftware>
</ocrProcessingStep>
</OCRProcessing>
</Description>
<Styles>
<ParagraphStyle ID="StyleId-FFFFFFFF-FFFF-FFFF-FFFF-FFFFFFFFFFFF-" ALIGN="Left" LEFT="0." RIGHT="0." FIRSTLINE="0."/>
<ParagraphStyle ID="StyleId-51D50FAC-7A90-4D70-8A96-5EA9D46D1C8B-" ALIGN="Left" LEFT="0." RIGHT="0." FIRSTLINE="0." LINESPACE="7.699999809"/>
<ParagraphStyle ID="StyleId-6BC133E9-7DCB-43C3-8842-A67984A26405-" ALIGN="Block" LEFT="0." RIGHT="0." FIRSTLINE="-17." LINESPACE="8.340000153"/>
<ParagraphStyle ID="StyleId-3C3FF860-43E7-46A2-8934-48F305F6F0D6-" ALIGN="Left" LEFT="0." RIGHT="0." FIRSTLINE="-13." LINESPACE="11.06999969"/>
<ParagraphStyle ID="StyleId-19220C76-4F8A-4737-B38C-B5F5C17E6040-" ALIGN="Block" LEFT="0." RIGHT="0." FIRSTLINE="-13." LINESPACE="11.06999969"/>
<ParagraphStyle ID="StyleId-75A0D721-13ED-4F20-9002-B389EC48477D-" ALIGN="Left" LEFT="0." RIGHT="0." FIRSTLINE="0." LINESPACE="15.5"/>
<ParagraphStyle ID="StyleId-8A414184-C7A5-4AC7-9B88-7DA4DDE75922-" ALIGN="Left" LEFT="0." RIGHT="0." FIRSTLINE="0." LINESPACE="9.399999619"/>
<ParagraphStyle ID="StyleId-1A87970B-111C-4169-99A6-9412976F3C97-" ALIGN="Left" LEFT="0." RIGHT="0." FIRSTLINE="0." LINESPACE="10.5"/>
<ParagraphStyle ID="StyleId-72DB0571-5AE4-41FD-9E11-68C6AC4C437E-" ALIGN="Block" LEFT="0." RIGHT="0." FIRSTLINE="-17." LINESPACE="8.340000153"/>
<ParagraphStyle ID="StyleId-1AA43056-C388-4697-B10F-72FDAA38FAE1-" ALIGN="Center" LEFT="0." RIGHT="0." FIRSTLINE="0." LINESPACE="10.5"/>
</Styles>
<Layout>
<Page ID="Page664" PHYSICAL_IMG_NR="664" HEIGHT="4377" WIDTH="2519">
<TopMargin HEIGHT="432" WIDTH="2519" VPOS="0" HPOS="0">
</TopMargin>
<LeftMargin HEIGHT="3758" WIDTH="346" VPOS="432" HPOS="0">
</LeftMargin>
<RightMargin HEIGHT="3758" WIDTH="137" VPOS="432" HPOS="2382">
</RightMargin>
<BottomMargin HEIGHT="187" WIDTH="2519" VPOS="4190" HPOS="0">
</BottomMargin>
<PrintSpace HEIGHT="3758" WIDTH="2036" VPOS="432" HPOS="346">
<TextBlock ID="Page664_Block1" HEIGHT="70" WIDTH="120" VPOS="4120" HPOS="1302" LANG="en-US" STYLEREFS="StyleId-7CE884AF-ECD5-4B2E-92B2-3B398E9003D0-">
<TextLine HEIGHT="50" WIDTH="101" VPOS="4130" HPOS="1312">
<String CONTENT="664" HEIGHT="50" WIDTH="101" VPOS="4130" HPOS="1312"/>
</TextLine>
</TextBlock>
<TextBlock ID="Page664_Block2" HEIGHT="3694" WIDTH="2036" VPOS="432" HPOS="346" LANG="en-US" CS="1" STYLEREFS="StyleId-B95AD336-5F52-4BDA-A5D4-808DE8A3954C-">
<TextLine HEIGHT="68" WIDTH="907" VPOS="443" HPOS="358" STYLEREFS="StyleId-14716CF2-58AA-4195-8816-CA8154B5D895-">
<String CONTENT="Wisconsin." HEIGHT="55" WIDTH="351" VPOS="443" HPOS="358"/>
<SP HEIGHT="52" WIDTH="72" VPOS="445" HPOS="710"/>
<String CONTENT="Supreme" HEIGHT="66" WIDTH="280" VPOS="445" HPOS="783"/>
<SP HEIGHT="35" WIDTH="25" VPOS="463" HPOS="1064"/>
<String CONTENT="court." HEIGHT="48" WIDTH="175" VPOS="451" HPOS="1090"/>
</TextLine>
<TextLine HEIGHT="75" WIDTH="1942" VPOS="520" HPOS="427" STYLEREFS="StyleId-FE0D55BF-4D9D-453F-B664-91AFF3907BCB-" CS="1">
<String CONTENT="Wisconsin" HEIGHT="55" WIDTH="324" VPOS="520" HPOS="427"/>
<SP HEIGHT="32" WIDTH="32" VPOS="541" HPOS="752"/>
<String CONTENT="reports." HEIGHT="61" WIDTH="238" VPOS="528" HPOS="785"/>
<SP HEIGHT="33" WIDTH="73" VPOS="557" HPOS="1024"/>
<String CS="1" CONTENT="[v.]" HEIGHT="33" WIDTH="51" VPOS="542" HPOS="1116"/>
<SP/>
<String CONTENT="19." HEIGHT="50" WIDTH="77" VPOS="527" HPOS="1265"/>
<SP HEIGHT="55" WIDTH="71" VPOS="524" HPOS="1343"/>
<String CONTENT="Cases" HEIGHT="55" WIDTH="168" VPOS="524" HPOS="1415"/>
<SP HEIGHT="52" WIDTH="30" VPOS="525" HPOS="1584"/>
<String CONTENT="determined" HEIGHT="54" WIDTH="352" VPOS="524" HPOS="1615"/>
<SP HEIGHT="52" WIDTH="38" VPOS="526" HPOS="1968"/>
<String CS="1" CONTENT="&#8230;"/>
<SP HEIGHT="53" WIDTH="34" VPOS="529" HPOS="2064"/>
<String CONTENT="June" HEIGHT="53" WIDTH="152" VPOS="529" HPOS="2099"/>
<SP HEIGHT="50" WIDTH="31" VPOS="530" HPOS="2252"/>
<String CONTENT="24," HEIGHT="65" WIDTH="85" VPOS="530" HPOS="2284"/>
</TextLine>
<TextLine HEIGHT="149" WIDTH="2010" VPOS="601" HPOS="358" STYLEREFS="StyleId-FE0D55BF-4D9D-453F-B664-91AFF3907BCB-" CS="1">
<String CONTENT="1935-January" HEIGHT="65" WIDTH="438" VPOS="601" HPOS="363"/>
<SP HEIGHT="65" WIDTH="43" VPOS="601" HPOS="802"/>
<String CS="1" CONTENT="7." HEIGHT="10" WIDTH="9" VPOS="644" HPOS="883"/>
<SP HEIGHT="49" WIDTH="45" VPOS="605" HPOS="893"/>
<String CONTENT="1936." HEIGHT="50" WIDTH="149" VPOS="604" HPOS="939"/>
<SP HEIGHT="52" WIDTH="76" VPOS="602" HPOS="1089"/>
<String CONTENT="Frederick" HEIGHT="52" WIDTH="310" VPOS="602" HPOS="1166"/>
<SP HEIGHT="54" WIDTH="43" VPOS="603" HPOS="1477"/>
<String CONTENT="C." HEIGHT="54" WIDTH="62" VPOS="603" HPOS="1521"/>
<SP HEIGHT="55" WIDTH="46" VPOS="603" HPOS="1584"/>
<String CONTENT="Seibold," HEIGHT="67" WIDTH="250" VPOS="603" HPOS="1631"/>
<SP HEIGHT="47" WIDTH="41" VPOS="623" HPOS="1882"/>
<String CONTENT="reporter," HEIGHT="61" WIDTH="274" VPOS="610" HPOS="1924"/>
<SP HEIGHT="64" WIDTH="41" VPOS="607" HPOS="2199"/>
<String CONTENT="Joseph" HEIGHT="138" WIDTH="1987" VPOS="607" HPOS="358"/>
<SP HEIGHT="52" WIDTH="49" VPOS="678" HPOS="470"/>
<String CONTENT="H." HEIGHT="51" WIDTH="76" VPOS="679" HPOS="520"/>
<SP HEIGHT="51" WIDTH="51" VPOS="680" HPOS="597"/>
<String CONTENT="Blied," HEIGHT="57" WIDTH="188" VPOS="677" HPOS="649"/>
<SP HEIGHT="37" WIDTH="51" VPOS="697" HPOS="838"/>
<String CONTENT="assistant" HEIGHT="53" WIDTH="265" VPOS="679" HPOS="890"/>
<SP HEIGHT="48" WIDTH="50" VPOS="684" HPOS="1156"/>
<String CONTENT="reporter." HEIGHT="62" WIDTH="272" VPOS="685" HPOS="1207"/>
<SP HEIGHT="55" WIDTH="77" VPOS="681" HPOS="1480"/>
<String CONTENT="Chicago," HEIGHT="68" WIDTH="271" VPOS="681" HPOS="1558"/>
<SP HEIGHT="67" WIDTH="51" VPOS="682" HPOS="1830"/>
<String CONTENT="Callaghan" HEIGHT="68" WIDTH="323" VPOS="682" HPOS="1882"/>
<SP HEIGHT="35" WIDTH="49" VPOS="702" HPOS="2206"/>
<String CONTENT="and" HEIGHT="52" WIDTH="112" VPOS="685" HPOS="2256"/>
</TextLine>
<TextLine HEIGHT="63" WIDTH="477" VPOS="760" HPOS="358" STYLEREFS="StyleId-FE0D55BF-4D9D-453F-B664-91AFF3907BCB-">
<String CONTENT="company," HEIGHT="48" WIDTH="300" VPOS="775" HPOS="358"/>
<SP HEIGHT="62" WIDTH="25" VPOS="760" HPOS="659"/>
<String CONTENT="1936." HEIGHT="51" WIDTH="150" VPOS="760" HPOS="685"/>
</TextLine>
<TextLine HEIGHT="49" WIDTH="371" VPOS="829" HPOS="482" CS="1">
<String CS="1" CONTENT="lv," HEIGHT="15" WIDTH="8" VPOS="862" HPOS="482"/>
<SP HEIGHT="46" WIDTH="28" VPOS="831" HPOS="491"/>
<String CONTENT="728" HEIGHT="41" WIDTH="87" VPOS="829" HPOS="520"/>
<SP HEIGHT="47" WIDTH="22" VPOS="831" HPOS="608"/>
<String CONTENT="p." HEIGHT="37" WIDTH="44" VPOS="841" HPOS="631"/>
<SP HEIGHT="39" WIDTH="59" VPOS="830" HPOS="676"/>
<String CONTENT="23" HEIGHT="40" WIDTH="56" VPOS="830" HPOS="736"/>
<String STYLE="superscript" CS="1" CONTENT="cm" HEIGHT="20" WIDTH="14" VPOS="833" HPOS="796"/>
<String CONTENT="." HEIGHT="8" WIDTH="8" VPOS="862" HPOS="845"/>
</TextLine>
<TextLine HEIGHT="58" WIDTH="2010" VPOS="882" HPOS="359">
<String CONTENT="&#169;" HEIGHT="53" WIDTH="53" VPOS="882" HPOS="359"/>
<SP HEIGHT="53" WIDTH="28" VPOS="882" HPOS="413"/>
<String CONTENT="May" HEIGHT="47" WIDTH="114" VPOS="888" HPOS="442"/>
<SP HEIGHT="48" WIDTH="25" VPOS="887" HPOS="557"/>
<String CONTENT="29," HEIGHT="48" WIDTH="70" VPOS="886" HPOS="583"/>
<SP HEIGHT="47" WIDTH="30" VPOS="887" HPOS="654"/>
<String CONTENT="1936;" HEIGHT="48" WIDTH="141" VPOS="885" HPOS="685"/>
<SP HEIGHT="47" WIDTH="29" VPOS="886" HPOS="827"/>
<String CONTENT="2c." HEIGHT="41" WIDTH="68" VPOS="886" HPOS="857"/>
<SP HEIGHT="40" WIDTH="28" VPOS="887" HPOS="926"/>
<String CONTENT="June" HEIGHT="40" WIDTH="129" VPOS="887" HPOS="955"/>
<SP HEIGHT="39" WIDTH="26" VPOS="888" HPOS="1085"/>
<String CONTENT="4;" HEIGHT="46" WIDTH="53" VPOS="888" HPOS="1112"/>
<SP HEIGHT="36" WIDTH="32" VPOS="898" HPOS="1166"/>
<String CONTENT="aff." HEIGHT="40" WIDTH="81" VPOS="887" HPOS="1199"/>
<SP HEIGHT="40" WIDTH="30" VPOS="888" HPOS="1281"/>
<String CONTENT="June" HEIGHT="40" WIDTH="125" VPOS="888" HPOS="1312"/>
<SP HEIGHT="40" WIDTH="27" VPOS="889" HPOS="1438"/>
<String CONTENT="3;" HEIGHT="45" WIDTH="54" VPOS="889" HPOS="1466"/>
<SP HEIGHT="46" WIDTH="30" VPOS="888" HPOS="1521"/>
<!-- cceid 9DD67ABB-6E3A-1014-83DD-942C093A1DD9 --><String CONTENT="A" HEIGHT="40" WIDTH="43" VPOS="888" HPOS="1552"/>
<SP HEIGHT="40" WIDTH="24" VPOS="888" HPOS="1596"/>
<String CONTENT="94735;" HEIGHT="48" WIDTH="173" VPOS="888" HPOS="1621"/>
<SP HEIGHT="46" WIDTH="34" VPOS="890" HPOS="1795"/>
<String CONTENT="State" HEIGHT="41" WIDTH="137" VPOS="890" HPOS="1830"/>
<SP HEIGHT="28" WIDTH="30" VPOS="901" HPOS="1968"/>
<String CONTENT="of" HEIGHT="39" WIDTH="51" VPOS="891" HPOS="1999"/>
<SP HEIGHT="39" WIDTH="29" VPOS="891" HPOS="2051"/>
<String CONTENT="Wisconsin," HEIGHT="49" WIDTH="288" VPOS="891" HPOS="2081"/>
</TextLine>
<TextLine HEIGHT="48" WIDTH="385" VPOS="943" HPOS="430">
<String CONTENT="Madison," HEIGHT="48" WIDTH="239" VPOS="943" HPOS="430"/>
<SP HEIGHT="46" WIDTH="27" VPOS="945" HPOS="670"/>
<String CONTENT="Wis." HEIGHT="43" WIDTH="117" VPOS="943" HPOS="698"/>
</TextLine>
<TextLine HEIGHT="68" WIDTH="962" VPOS="1026" HPOS="358" STYLEREFS="StyleId-77F3085D-126E-473D-98D0-7B2E3FA68C22-">
<String CONTENT="Woodall," HEIGHT="65" WIDTH="278" VPOS="1026" HPOS="358"/>
<SP HEIGHT="63" WIDTH="29" VPOS="1028" HPOS="637"/>
<String CONTENT="Percy" HEIGHT="63" WIDTH="189" VPOS="1028" HPOS="667"/>
<SP HEIGHT="63" WIDTH="26" VPOS="1028" HPOS="857"/>
<String CONTENT="Hogan," HEIGHT="66" WIDTH="231" VPOS="1028" HPOS="884"/>
<SP HEIGHT="61" WIDTH="31" VPOS="1033" HPOS="1116"/>
<String CONTENT="1874-" HEIGHT="54" WIDTH="172" VPOS="1029" HPOS="1148"/>
</TextLine>
<TextLine HEIGHT="71" WIDTH="1881" VPOS="1103" HPOS="428" STYLEREFS="StyleId-FE0D55BF-4D9D-453F-B664-91AFF3907BCB-" CS="1">
<String CONTENT="The" HEIGHT="52" WIDTH="124" VPOS="1104" HPOS="428"/>
<SP HEIGHT="53" WIDTH="27" VPOS="1103" HPOS="553"/>
<String CONTENT="injection" HEIGHT="69" WIDTH="276" VPOS="1103" HPOS="581"/>
<SP HEIGHT="47" WIDTH="30" VPOS="1109" HPOS="858"/>
<String CONTENT="treatment" HEIGHT="48" WIDTH="310" VPOS="1109" HPOS="889"/>
<SP HEIGHT="47" WIDTH="24" VPOS="1110" HPOS="1200"/>
<String CONTENT="of" HEIGHT="54" WIDTH="65" VPOS="1103" HPOS="1225"/>
<SP HEIGHT="53" WIDTH="29" VPOS="1103" HPOS="1291"/>
<String CONTENT="hernia," HEIGHT="68" WIDTH="219" VPOS="1104" HPOS="1321"/>
<SP HEIGHT="67" WIDTH="28" VPOS="1105" HPOS="1541"/>
<String CONTENT="by" HEIGHT="69" WIDTH="76" VPOS="1105" HPOS="1570"/>
<SP HEIGHT="67" WIDTH="30" VPOS="1107" HPOS="1647"/>
<String CONTENT="Percy" HEIGHT="67" WIDTH="183" VPOS="1107" HPOS="1678"/>
<SP HEIGHT="68" WIDTH="29" VPOS="1106" HPOS="1862"/>
<String CONTENT="H." HEIGHT="53" WIDTH="77" VPOS="1106" HPOS="1892"/>
<SP HEIGHT="53" WIDTH="32" VPOS="1107" HPOS="1970"/>
<String CONTENT="Woodall" HEIGHT="53" WIDTH="267" VPOS="1107" HPOS="2003"/>
<SP HEIGHT="53" WIDTH="38" VPOS="1109" HPOS="2271"/>
<String CS="1" CONTENT="&#8230;"/>
</TextLine>
<TextLine HEIGHT="74" WIDTH="2009" VPOS="1183" HPOS="361" STYLEREFS="StyleId-FE0D55BF-4D9D-453F-B664-91AFF3907BCB-">
<String CONTENT="Birmingham," HEIGHT="69" WIDTH="423" VPOS="1183" HPOS="361"/>
<SP HEIGHT="67" WIDTH="49" VPOS="1183" HPOS="785"/>
<String CONTENT="Ala.," HEIGHT="68" WIDTH="150" VPOS="1183" HPOS="835"/>
<SP HEIGHT="67" WIDTH="49" VPOS="1184" HPOS="986"/>
<String CONTENT="Printed" HEIGHT="54" WIDTH="244" VPOS="1183" HPOS="1036"/>
<SP HEIGHT="53" WIDTH="52" VPOS="1184" HPOS="1281"/>
<String CONTENT="by" HEIGHT="69" WIDTH="74" VPOS="1184" HPOS="1334"/>
<SP HEIGHT="68" WIDTH="50" VPOS="1185" HPOS="1409"/>
<String CONTENT="Premier" HEIGHT="53" WIDTH="259" VPOS="1184" HPOS="1460"/>
<SP HEIGHT="50" WIDTH="51" VPOS="1204" HPOS="1720"/>
<String CONTENT="printing" HEIGHT="70" WIDTH="265" VPOS="1185" HPOS="1772"/>
<SP HEIGHT="51" WIDTH="51" VPOS="1204" HPOS="2038"/>
<String CONTENT="company" HEIGHT="52" WIDTH="280" VPOS="1205" HPOS="2090"/>
</TextLine>
<TextLine HEIGHT="63" WIDTH="177" VPOS="1266" HPOS="379" STYLEREFS="StyleId-FE0D55BF-4D9D-453F-B664-91AFF3907BCB-" CS="1">
<String CS="1" CONTENT="["/>
<String STYLE="superscript" CONTENT="c" HEIGHT="22" WIDTH="18" VPOS="1272" HPOS="379"/>
<String CONTENT="1936]" HEIGHT="63" WIDTH="153" VPOS="1266" HPOS="403"/>
</TextLine>
<TextLine HEIGHT="51" WIDTH="919" VPOS="1336" HPOS="426" CS="1">
<String CONTENT="3" HEIGHT="39" WIDTH="29" VPOS="1339" HPOS="426"/>
<SP/>
<String CS="1" CONTENT="p."/>
<SP/>
<String CS="1" CONTENT="l.," HEIGHT="16" WIDTH="9" VPOS="1369" HPOS="585"/>
<SP HEIGHT="48" WIDTH="27" VPOS="1337" HPOS="595"/>
<String CONTENT="9-90," HEIGHT="49" WIDTH="130" VPOS="1336" HPOS="623"/>
<SP HEIGHT="30" WIDTH="31" VPOS="1357" HPOS="754"/>
<String CONTENT="[2]" HEIGHT="50" WIDTH="53" VPOS="1337" HPOS="786"/>
<SP HEIGHT="38" WIDTH="28" VPOS="1349" HPOS="840"/>
<String CONTENT="p." HEIGHT="37" WIDTH="44" VPOS="1349" HPOS="869"/>
<SP HEIGHT="38" WIDTH="54" VPOS="1348" HPOS="914"/>
<String CONTENT="plates." HEIGHT="47" WIDTH="173" VPOS="1339" HPOS="969"/>
<SP HEIGHT="41" WIDTH="54" VPOS="1338" HPOS="1143"/>
<String CS="1" CONTENT="23&#189;" HEIGHT="40" WIDTH="56" VPOS="1338" HPOS="1198"/>
<String STYLE="superscript" CONTENT="cm" HEIGHT="22" WIDTH="45" VPOS="1339" HPOS="1287"/>
<String CONTENT="." HEIGHT="7" WIDTH="8" VPOS="1368" HPOS="1337"/>
</TextLine>
<TextLine HEIGHT="110" WIDTH="1996" VPOS="1391" HPOS="358" CS="1">
<String CONTENT="&#169;" HEIGHT="53" WIDTH="53" VPOS="1391" HPOS="358"/>
<SP HEIGHT="53" WIDTH="29" VPOS="1391" HPOS="412"/>
<String CONTENT="May" HEIGHT="47" WIDTH="116" VPOS="1396" HPOS="442"/>
<SP HEIGHT="48" WIDTH="25" VPOS="1395" HPOS="559"/>
<String CONTENT="4," HEIGHT="47" WIDTH="40" VPOS="1395" HPOS="585"/>
<SP HEIGHT="47" WIDTH="31" VPOS="1395" HPOS="626"/>
<String CONTENT="1936;" HEIGHT="47" WIDTH="142" VPOS="1394" HPOS="658"/>
<SP HEIGHT="47" WIDTH="30" VPOS="1394" HPOS="801"/>
<String CONTENT="2c." HEIGHT="41" WIDTH="67" VPOS="1394" HPOS="832"/>
<SP HEIGHT="38" WIDTH="31" VPOS="1396" HPOS="900"/>
<String CONTENT="May" HEIGHT="47" WIDTH="114" VPOS="1396" HPOS="932"/>
<SP HEIGHT="47" WIDTH="29" VPOS="1396" HPOS="1047"/>
<String CS="1" CONTENT="8;" HEIGHT="37" WIDTH="9" VPOS="1405" HPOS="1121"/>
<SP HEIGHT="37" WIDTH="32" VPOS="1405" HPOS="1131"/>
<String CONTENT="aff." HEIGHT="41" WIDTH="82" VPOS="1394" HPOS="1164"/>
<SP HEIGHT="39" WIDTH="30" VPOS="1396" HPOS="1247"/>
<String CONTENT="May" HEIGHT="47" WIDTH="114" VPOS="1396" HPOS="1278"/>
<SP HEIGHT="48" WIDTH="31" VPOS="1395" HPOS="1393"/>
<String CONTENT="16;" HEIGHT="47" WIDTH="83" VPOS="1395" HPOS="1425"/>
<SP HEIGHT="46" WIDTH="32" VPOS="1396" HPOS="1509"/>
<!-- cceid 9DD6FEC2-6E3A-1014-83DD-942C093A1DD9 --><String CONTENT="A" HEIGHT="39" WIDTH="41" VPOS="1396" HPOS="1542"/>
<SP HEIGHT="41" WIDTH="28" VPOS="1395" HPOS="1584"/>
<String CONTENT="95254;" HEIGHT="48" WIDTH="172" VPOS="1395" HPOS="1613"/>
<SP HEIGHT="46" WIDTH="34" VPOS="1397" HPOS="1786"/>
<String CONTENT="P." HEIGHT="40" WIDTH="50" VPOS="1397" HPOS="1821"/>
<SP HEIGHT="40" WIDTH="31" VPOS="1397" HPOS="1872"/>
<String CONTENT="H." HEIGHT="40" WIDTH="60" VPOS="1397" HPOS="1904"/>
<SP HEIGHT="40" WIDTH="31" VPOS="1398" HPOS="1965"/>
<String CONTENT="Woodall," HEIGHT="49" WIDTH="236" VPOS="1398" HPOS="1997"/>
<SP HEIGHT="46" WIDTH="32" VPOS="1401" HPOS="2234"/>
<String CONTENT="Birmingham," HEIGHT="102" WIDTH="1922" VPOS="1399" HPOS="432"/>
<SP HEIGHT="47" WIDTH="29" VPOS="1452" HPOS="696"/>
<String CONTENT="Ala." HEIGHT="40" WIDTH="107" VPOS="1452" HPOS="726"/>
<SP HEIGHT="48" WIDTH="70" VPOS="1452" HPOS="834"/>
<String CONTENT="(36-10794)" HEIGHT="49" WIDTH="281" VPOS="1451" HPOS="905"/>
</TextLine>
<TextLine HEIGHT="65" WIDTH="1015" VPOS="1535" HPOS="357" STYLEREFS="StyleId-FE0D55BF-4D9D-453F-B664-91AFF3907BCB-">
<String CONTENT="Woodruff," HEIGHT="64" WIDTH="326" VPOS="1535" HPOS="357"/>
<SP HEIGHT="63" WIDTH="24" VPOS="1536" HPOS="684"/>
<String CONTENT="Lorande" HEIGHT="54" WIDTH="269" VPOS="1536" HPOS="709"/>
<SP HEIGHT="54" WIDTH="24" VPOS="1536" HPOS="979"/>
<String CONTENT="Loss," HEIGHT="64" WIDTH="167" VPOS="1536" HPOS="1004"/>
<SP HEIGHT="58" WIDTH="28" VPOS="1542" HPOS="1172"/>
<String CONTENT="1879-" HEIGHT="55" WIDTH="171" VPOS="1537" HPOS="1201"/>
</TextLine>
<TextLine HEIGHT="70" WIDTH="1940" VPOS="1612" HPOS="428" STYLEREFS="StyleId-FE0D55BF-4D9D-453F-B664-91AFF3907BCB-" CS="1">
<String CONTENT="Foundations" HEIGHT="54" WIDTH="397" VPOS="1612" HPOS="428"/>
<SP HEIGHT="35" WIDTH="30" VPOS="1631" HPOS="826"/>
<String CONTENT="of" HEIGHT="54" WIDTH="64" VPOS="1612" HPOS="857"/>
<SP HEIGHT="54" WIDTH="26" VPOS="1612" HPOS="922"/>
<String CONTENT="biology," HEIGHT="69" WIDTH="251" VPOS="1613" HPOS="949"/>
<SP HEIGHT="68" WIDTH="27" VPOS="1613" HPOS="1201"/>
<String CONTENT="by" HEIGHT="69" WIDTH="77" VPOS="1613" HPOS="1229"/>
<SP HEIGHT="68" WIDTH="28" VPOS="1614" HPOS="1307"/>
<String CONTENT="Lorande" HEIGHT="53" WIDTH="265" VPOS="1614" HPOS="1336"/>
<SP HEIGHT="52" WIDTH="30" VPOS="1614" HPOS="1602"/>
<String CONTENT="Loss" HEIGHT="54" WIDTH="140" VPOS="1614" HPOS="1633"/>
<SP HEIGHT="53" WIDTH="26" VPOS="1615" HPOS="1774"/>
<String CONTENT="Woodruff" HEIGHT="53" WIDTH="307" VPOS="1615" HPOS="1801"/>
<SP HEIGHT="54" WIDTH="34" VPOS="1615" HPOS="2109"/>
<String CS="1" CONTENT="&#8230;"/>
<SP HEIGHT="47" WIDTH="70" VPOS="1622" HPOS="2200"/>
<String CONTENT="5th" HEIGHT="52" WIDTH="97" VPOS="1617" HPOS="2271"/>
</TextLine>
<TextLine HEIGHT="71" WIDTH="1516" VPOS="1691" HPOS="356" STYLEREFS="StyleId-FE0D55BF-4D9D-453F-B664-91AFF3907BCB-">
<String CONTENT="ed." HEIGHT="53" WIDTH="84" VPOS="1691" HPOS="356"/>
<SP HEIGHT="53" WIDTH="61" VPOS="1692" HPOS="441"/>
<String CONTENT="New" HEIGHT="53" WIDTH="139" VPOS="1692" HPOS="503"/>
<SP HEIGHT="52" WIDTH="26" VPOS="1692" HPOS="643"/>
<String CONTENT="York," HEIGHT="68" WIDTH="181" VPOS="1691" HPOS="670"/>
<SP HEIGHT="67" WIDTH="25" VPOS="1692" HPOS="852"/>
<String CONTENT="The" HEIGHT="52" WIDTH="121" VPOS="1692" HPOS="878"/>
<SP HEIGHT="53" WIDTH="24" VPOS="1691" HPOS="1000"/>
<String CONTENT="Macmillan" HEIGHT="54" WIDTH="338" VPOS="1691" HPOS="1025"/>
<SP HEIGHT="34" WIDTH="25" VPOS="1711" HPOS="1364"/>
<String CONTENT="company," HEIGHT="53" WIDTH="300" VPOS="1709" HPOS="1390"/>
<SP HEIGHT="65" WIDTH="28" VPOS="1696" HPOS="1691"/>
<String CONTENT="1936." HEIGHT="50" WIDTH="152" VPOS="1696" HPOS="1720"/>
</TextLine>
<TextLine HEIGHT="51" WIDTH="1277" VPOS="1764" HPOS="428" STYLEREFS="StyleId-FE0D55BF-4D9D-453F-B664-91AFF3907BCB-" CS="1">
<String CONTENT="xiv" HEIGHT="41" WIDTH="83" VPOS="1764" HPOS="428"/>
<SP HEIGHT="37" WIDTH="24" VPOS="1777" HPOS="512"/>
<String CONTENT="p.," HEIGHT="37" WIDTH="57" VPOS="1777" HPOS="537"/>
<SP HEIGHT="47" WIDTH="25" VPOS="1766" HPOS="595"/>
<String CONTENT="1" HEIGHT="39" WIDTH="25" VPOS="1766" HPOS="621"/>
<SP HEIGHT="39" WIDTH="26" VPOS="1766" HPOS="647"/>
<String CONTENT="1.," HEIGHT="48" WIDTH="43" VPOS="1766" HPOS="674"/>
<SP HEIGHT="49" WIDTH="23" VPOS="1765" HPOS="718"/>
<String CONTENT="583" HEIGHT="41" WIDTH="85" VPOS="1765" HPOS="742"/>
<SP HEIGHT="47" WIDTH="22" VPOS="1766" HPOS="828"/>
<String CONTENT="p." HEIGHT="38" WIDTH="43" VPOS="1775" HPOS="851"/>
<SP HEIGHT="39" WIDTH="59" VPOS="1765" HPOS="895"/>
<String CONTENT="front.," HEIGHT="50" WIDTH="165" VPOS="1765" HPOS="955"/>
<SP HEIGHT="49" WIDTH="25" VPOS="1766" HPOS="1121"/>
<String CONTENT="illus.," HEIGHT="46" WIDTH="144" VPOS="1766" HPOS="1147"/>
<SP HEIGHT="45" WIDTH="25" VPOS="1767" HPOS="1292"/>
<String CONTENT="diagrs." HEIGHT="48" WIDTH="179" VPOS="1765" HPOS="1318"/>
<SP HEIGHT="41" WIDTH="58" VPOS="1765" HPOS="1498"/>
<String CS="1" CONTENT="22&#189;" HEIGHT="40" WIDTH="57" VPOS="1765" HPOS="1557"/>
<String STYLE="superscript" CONTENT="cm" HEIGHT="22" WIDTH="45" VPOS="1768" HPOS="1647"/>
<String CONTENT="." HEIGHT="9" WIDTH="9" VPOS="1800" HPOS="1696"/>
</TextLine>
<TextLine HEIGHT="51" WIDTH="1934" VPOS="1822" HPOS="433">
<String CONTENT="&#8220;Original," HEIGHT="49" WIDTH="264" VPOS="1822" HPOS="433"/>
<SP HEIGHT="43" WIDTH="53" VPOS="1826" HPOS="698"/>
<String CONTENT="third," HEIGHT="41" WIDTH="147" VPOS="1824" HPOS="752"/>
<SP HEIGHT="31" WIDTH="53" VPOS="1834" HPOS="900"/>
<String CONTENT="and" HEIGHT="39" WIDTH="96" VPOS="1825" HPOS="954"/>
<SP HEIGHT="41" WIDTH="51" VPOS="1823" HPOS="1051"/>
<String CONTENT="fourth" HEIGHT="41" WIDTH="172" VPOS="1823" HPOS="1103"/>
<SP HEIGHT="41" WIDTH="51" VPOS="1824" HPOS="1276"/>
<String CONTENT="editions" HEIGHT="43" WIDTH="211" VPOS="1822" HPOS="1328"/>
<SP HEIGHT="30" WIDTH="51" VPOS="1834" HPOS="1540"/>
<String CONTENT="copyrighted" HEIGHT="49" WIDTH="314" VPOS="1823" HPOS="1592"/>
<SP HEIGHT="40" WIDTH="54" VPOS="1825" HPOS="1907"/>
<String CONTENT="and" HEIGHT="40" WIDTH="97" VPOS="1825" HPOS="1962"/>
<SP HEIGHT="48" WIDTH="52" VPOS="1825" HPOS="2060"/>
<String CONTENT="published" HEIGHT="48" WIDTH="254" VPOS="1825" HPOS="2113"/>
</TextLine>
<TextLine HEIGHT="51" WIDTH="1560" VPOS="1879" HPOS="358">
<String CONTENT="1922," HEIGHT="51" WIDTH="129" VPOS="1879" HPOS="358"/>
<SP HEIGHT="46" WIDTH="22" VPOS="1884" HPOS="488"/>
<String CONTENT="1927," HEIGHT="46" WIDTH="129" VPOS="1882" HPOS="511"/>
<SP HEIGHT="36" WIDTH="27" VPOS="1892" HPOS="641"/>
<String CONTENT="and" HEIGHT="40" WIDTH="96" VPOS="1882" HPOS="669"/>
<SP HEIGHT="40" WIDTH="22" VPOS="1882" HPOS="766"/>
<String CONTENT="1930," HEIGHT="48" WIDTH="129" VPOS="1880" HPOS="789"/>
<SP HEIGHT="36" WIDTH="26" VPOS="1892" HPOS="919"/>
<String CONTENT="and" HEIGHT="40" WIDTH="96" VPOS="1882" HPOS="946"/>
<SP HEIGHT="40" WIDTH="25" VPOS="1882" HPOS="1043"/>
<String CONTENT="second" HEIGHT="39" WIDTH="174" VPOS="1882" HPOS="1069"/>
<SP HEIGHT="40" WIDTH="23" VPOS="1882" HPOS="1244"/>
<String CONTENT="edition" HEIGHT="42" WIDTH="185" VPOS="1880" HPOS="1268"/>
<SP HEIGHT="38" WIDTH="20" VPOS="1890" HPOS="1454"/>
<String CONTENT="published" HEIGHT="48" WIDTH="256" VPOS="1880" HPOS="1475"/>
<SP HEIGHT="40" WIDTH="25" VPOS="1882" HPOS="1732"/>
<String CONTENT="1923.&#8221;" HEIGHT="43" WIDTH="160" VPOS="1880" HPOS="1758"/>
</TextLine>
<TextLine HEIGHT="49" WIDTH="703" VPOS="1938" HPOS="430">
<String CONTENT="Bibliography:" HEIGHT="49" WIDTH="379" VPOS="1938" HPOS="430"/>
<SP HEIGHT="38" WIDTH="29" VPOS="1949" HPOS="810"/>
<String CONTENT="p." HEIGHT="38" WIDTH="45" VPOS="1949" HPOS="840"/>
<SP HEIGHT="41" WIDTH="28" VPOS="1939" HPOS="886"/>
<String CONTENT="528-539." HEIGHT="45" WIDTH="218" VPOS="1938" HPOS="915"/>
</TextLine>
<TextLine HEIGHT="53" WIDTH="1732" VPOS="1995" HPOS="358" CS="1">
<String CONTENT="&#169;" HEIGHT="53" WIDTH="53" VPOS="1995" HPOS="358"/>
<SP HEIGHT="53" WIDTH="25" VPOS="1995" HPOS="412"/>
<String CONTENT="Apr." HEIGHT="48" WIDTH="113" VPOS="1999" HPOS="438"/>
<SP HEIGHT="40" WIDTH="25" VPOS="1999" HPOS="552"/>
<String CONTENT="25," HEIGHT="48" WIDTH="70" VPOS="1999" HPOS="578"/>
<SP HEIGHT="47" WIDTH="27" VPOS="2000" HPOS="649"/>
<String CS="1" CONTENT="1936;" HEIGHT="40" WIDTH="117" VPOS="1999" HPOS="677"/>
<SP HEIGHT="47" WIDTH="27" VPOS="1999" HPOS="820"/>
<String CONTENT="2c." HEIGHT="40" WIDTH="69" VPOS="1999" HPOS="848"/>
<SP HEIGHT="30" WIDTH="26" VPOS="2009" HPOS="918"/>
<String CONTENT="and" HEIGHT="39" WIDTH="97" VPOS="1999" HPOS="945"/>
<SP HEIGHT="39" WIDTH="27" VPOS="1999" HPOS="1043"/>
<String CONTENT="aff." HEIGHT="41" WIDTH="82" VPOS="1998" HPOS="1071"/>
<SP HEIGHT="41" WIDTH="29" VPOS="1998" HPOS="1154"/>
<String CONTENT="Apr." HEIGHT="48" WIDTH="114" VPOS="1998" HPOS="1184"/>
<SP HEIGHT="41" WIDTH="25" VPOS="1998" HPOS="1299"/>
<String CONTENT="27;" HEIGHT="47" WIDTH="84" VPOS="1998" HPOS="1325"/>
<SP HEIGHT="46" WIDTH="27" VPOS="1999" HPOS="1410"/>
<!-- cceid 9DD784E3-6E3A-1014-83DD-942C093A1DD9 --><String CONTENT="A" HEIGHT="39" WIDTH="42" VPOS="1999" HPOS="1438"/>
<SP HEIGHT="40" WIDTH="26" VPOS="1998" HPOS="1481"/>
<String CONTENT="93820;" HEIGHT="47" WIDTH="171" VPOS="1998" HPOS="1508"/>
<SP HEIGHT="45" WIDTH="31" VPOS="2000" HPOS="1680"/>
<String CONTENT="Macmillan" HEIGHT="40" WIDTH="283" VPOS="2000" HPOS="1712"/>
<SP HEIGHT="31" WIDTH="28" VPOS="2010" HPOS="1996"/>
<String CONTENT="co." HEIGHT="30" WIDTH="65" VPOS="2011" HPOS="2025"/>
</TextLine>
<TextLine HEIGHT="49" WIDTH="284" VPOS="2056" HPOS="441">
<String CONTENT="(36-10682)" HEIGHT="49" WIDTH="284" VPOS="2056" HPOS="441"/>
</TextLine>
<TextLine HEIGHT="65" WIDTH="674" VPOS="2132" HPOS="358" STYLEREFS="StyleId-77F3085D-126E-473D-98D0-7B2E3FA68C22-">
<String CONTENT="Wooley," HEIGHT="65" WIDTH="256" VPOS="2132" HPOS="358"/>
<SP HEIGHT="64" WIDTH="26" VPOS="2133" HPOS="615"/>
<String CONTENT="Elmer" HEIGHT="53" WIDTH="202" VPOS="2132" HPOS="642"/>
<SP HEIGHT="54" WIDTH="25" VPOS="2132" HPOS="845"/>
<String CONTENT="Otto." HEIGHT="55" WIDTH="161" VPOS="2132" HPOS="871"/>
</TextLine>
<TextLine HEIGHT="151" WIDTH="2006" VPOS="2207" HPOS="359" STYLEREFS="StyleId-FE0D55BF-4D9D-453F-B664-91AFF3907BCB-" CS="1">
<String CS="1" CONTENT="&#8230;"/>
<SP HEIGHT="56" WIDTH="38" VPOS="2209" HPOS="491"/>
<String CONTENT="Graded" HEIGHT="56" WIDTH="234" VPOS="2209" HPOS="530"/>
<SP HEIGHT="56" WIDTH="34" VPOS="2209" HPOS="765"/>
<String CONTENT="German" HEIGHT="56" WIDTH="250" VPOS="2209" HPOS="800"/>
<SP HEIGHT="35" WIDTH="34" VPOS="2227" HPOS="1051"/>
<String CONTENT="readings;" HEIGHT="71" WIDTH="297" VPOS="2207" HPOS="1086"/>
<SP HEIGHT="49" WIDTH="36" VPOS="2227" HPOS="1384"/>
<String CONTENT="with" HEIGHT="56" WIDTH="140" VPOS="2207" HPOS="1421"/>
<SP HEIGHT="53" WIDTH="33" VPOS="2209" HPOS="1562"/>
<String CONTENT="notes," HEIGHT="65" WIDTH="176" VPOS="2213" HPOS="1596"/>
<SP HEIGHT="51" WIDTH="30" VPOS="2227" HPOS="1773"/>
<String CONTENT="exercises," HEIGHT="71" WIDTH="290" VPOS="2207" HPOS="1804"/>
<SP HEIGHT="50" WIDTH="33" VPOS="2228" HPOS="2095"/>
<String CONTENT="and" HEIGHT="54" WIDTH="112" VPOS="2210" HPOS="2129"/>
<SP HEIGHT="54" WIDTH="32" VPOS="2210" HPOS="2242"/>
<String CONTENT="vocabulary," HEIGHT="131" WIDTH="1987" VPOS="2227" HPOS="359"/>
<SP HEIGHT="66" WIDTH="36" VPOS="2290" HPOS="650"/>
<String CONTENT="by" HEIGHT="68" WIDTH="75" VPOS="2290" HPOS="687"/>
<SP HEIGHT="69" WIDTH="37" VPOS="2289" HPOS="763"/>
<String CONTENT="Elmer" HEIGHT="52" WIDTH="199" VPOS="2289" HPOS="801"/>
<SP HEIGHT="55" WIDTH="38" VPOS="2288" HPOS="1001"/>
<String CONTENT="O." HEIGHT="55" WIDTH="66" VPOS="2288" HPOS="1040"/>
<SP HEIGHT="53" WIDTH="38" VPOS="2290" HPOS="1107"/>
<String CONTENT="Wooley" HEIGHT="68" WIDTH="239" VPOS="2289" HPOS="1146"/>
<SP HEIGHT="49" WIDTH="41" VPOS="2308" HPOS="1386"/>
<String CS="1" CONTENT="&#8230;"/>
<SP HEIGHT="50" WIDTH="77" VPOS="2291" HPOS="1486"/>
<String CONTENT="Boston," HEIGHT="66" WIDTH="236" VPOS="2291" HPOS="1564"/>
<SP HEIGHT="67" WIDTH="36" VPOS="2290" HPOS="1801"/>
<String CONTENT="New" HEIGHT="52" WIDTH="141" VPOS="2290" HPOS="1838"/>
<SP HEIGHT="52" WIDTH="39" VPOS="2290" HPOS="1980"/>
<String CONTENT="York" HEIGHT="53" WIDTH="164" VPOS="2290" HPOS="2020"/>
<SP HEIGHT="67" WIDTH="41" VPOS="2290" HPOS="2185"/>
<String CS="1" CONTENT="[etc.]" HEIGHT="62" WIDTH="121" VPOS="2295" HPOS="2244"/>
</TextLine>
<TextLine HEIGHT="68" WIDTH="1076" VPOS="2368" HPOS="358" STYLEREFS="StyleId-FE0D55BF-4D9D-453F-B664-91AFF3907BCB-">
<String CONTENT="D." HEIGHT="54" WIDTH="70" VPOS="2368" HPOS="358"/>
<SP HEIGHT="54" WIDTH="31" VPOS="2369" HPOS="429"/>
<String CONTENT="C." HEIGHT="54" WIDTH="63" VPOS="2369" HPOS="461"/>
<SP HEIGHT="52" WIDTH="30" VPOS="2369" HPOS="525"/>
<String CONTENT="Heath" HEIGHT="53" WIDTH="196" VPOS="2369" HPOS="556"/>
<SP HEIGHT="52" WIDTH="27" VPOS="2369" HPOS="753"/>
<String CONTENT="and" HEIGHT="53" WIDTH="112" VPOS="2368" HPOS="781"/>
<SP HEIGHT="53" WIDTH="30" VPOS="2368" HPOS="894"/>
<String CONTENT="company" HEIGHT="51" WIDTH="282" VPOS="2385" HPOS="925"/>
<SP HEIGHT="50" WIDTH="32" VPOS="2386" HPOS="1208"/>
<String CONTENT="[" HEIGHT="34" WIDTH="12" VPOS="2400" HPOS="1241"/>
<String STYLE="superscript" CONTENT="c" HEIGHT="21" WIDTH="19" VPOS="2374" HPOS="1258"/>
<String CONTENT="1936]" HEIGHT="64" WIDTH="152" VPOS="2370" HPOS="1282"/>
</TextLine>
<TextLine HEIGHT="51" WIDTH="1650" VPOS="2441" HPOS="430">
<String CONTENT="vi," HEIGHT="49" WIDTH="62" VPOS="2441" HPOS="430"/>
<SP HEIGHT="48" WIDTH="30" VPOS="2442" HPOS="493"/>
<String CONTENT="270" HEIGHT="40" WIDTH="86" VPOS="2442" HPOS="524"/>
<SP HEIGHT="49" WIDTH="29" VPOS="2442" HPOS="611"/>
<String CONTENT="p." HEIGHT="37" WIDTH="44" VPOS="2454" HPOS="641"/>
<SP HEIGHT="40" WIDTH="57" VPOS="2442" HPOS="686"/>
<String CONTENT="front." HEIGHT="40" WIDTH="151" VPOS="2442" HPOS="744"/>
<SP HEIGHT="38" WIDTH="60" VPOS="2443" HPOS="896"/>
<String CONTENT="19" HEIGHT="41" WIDTH="56" VPOS="2441" HPOS="957"/>
<String STYLE="superscript" CONTENT="cm" HEIGHT="21" WIDTH="43" VPOS="2444" HPOS="1016"/>
<String CONTENT="." HEIGHT="8" WIDTH="8" VPOS="2475" HPOS="1064"/>
<SP HEIGHT="48" WIDTH="68" VPOS="2443" HPOS="1073"/>
<String CONTENT="(Heath&#8217;s" HEIGHT="49" WIDTH="231" VPOS="2442" HPOS="1142"/>
<SP HEIGHT="29" WIDTH="27" VPOS="2453" HPOS="1374"/>
<String CONTENT="modern" HEIGHT="40" WIDTH="201" VPOS="2443" HPOS="1402"/>
<SP HEIGHT="39" WIDTH="28" VPOS="2444" HPOS="1604"/>
<String CONTENT="language" HEIGHT="48" WIDTH="240" VPOS="2444" HPOS="1633"/>
<SP HEIGHT="29" WIDTH="29" VPOS="2454" HPOS="1874"/>
<String CONTENT="series)" HEIGHT="49" WIDTH="176" VPOS="2442" HPOS="1904"/>
</TextLine>
<TextLine HEIGHT="110" WIDTH="1996" VPOS="2497" HPOS="359" STYLEREFS="StyleId-5A4BBFAE-8A56-4EF2-B2E0-989116292792-" CS="1">
<String CONTENT="&#169;" HEIGHT="53" WIDTH="52" VPOS="2497" HPOS="359"/>
<SP HEIGHT="53" WIDTH="24" VPOS="2497" HPOS="412"/>
<String CONTENT="Apr." HEIGHT="47" WIDTH="114" VPOS="2502" HPOS="437"/>
<SP HEIGHT="42" WIDTH="24" VPOS="2500" HPOS="552"/>
<String CONTENT="27," HEIGHT="49" WIDTH="69" VPOS="2500" HPOS="577"/>
<SP HEIGHT="48" WIDTH="26" VPOS="2501" HPOS="647"/>
<String CS="1" CONTENT="1936;" HEIGHT="41" WIDTH="118" VPOS="2500" HPOS="674"/>
<SP HEIGHT="41" WIDTH="27" VPOS="2501" HPOS="816"/>
<String CONTENT="2c." HEIGHT="39" WIDTH="68" VPOS="2501" HPOS="844"/>
<SP HEIGHT="29" WIDTH="26" VPOS="2511" HPOS="913"/>
<String CONTENT="and" HEIGHT="39" WIDTH="96" VPOS="2501" HPOS="940"/>
<SP HEIGHT="39" WIDTH="23" VPOS="2501" HPOS="1037"/>
<String CONTENT="aff." HEIGHT="41" WIDTH="83" VPOS="2499" HPOS="1061"/>
<SP HEIGHT="38" WIDTH="26" VPOS="2502" HPOS="1145"/>
<String CONTENT="May" HEIGHT="46" WIDTH="114" VPOS="2502" HPOS="1172"/>
<SP HEIGHT="46" WIDTH="27" VPOS="2502" HPOS="1287"/>
<String CS="1" CONTENT="16;" HEIGHT="40" WIDTH="58" VPOS="2500" HPOS="1315"/>
<SP HEIGHT="41" WIDTH="28" VPOS="2501" HPOS="1398"/>
<!-- cceid 9DD81813-6E3A-1014-83DD-942C093A1DD9 --><String CONTENT="A" HEIGHT="38" WIDTH="40" VPOS="2501" HPOS="1427"/>
<SP HEIGHT="40" WIDTH="25" VPOS="2500" HPOS="1468"/>
<String CONTENT="95222;" HEIGHT="47" WIDTH="171" VPOS="2500" HPOS="1494"/>
<SP HEIGHT="45" WIDTH="30" VPOS="2502" HPOS="1666"/>
<String CONTENT="E." HEIGHT="39" WIDTH="52" VPOS="2502" HPOS="1697"/>
<SP HEIGHT="40" WIDTH="27" VPOS="2501" HPOS="1750"/>
<String CONTENT="O." HEIGHT="40" WIDTH="52" VPOS="2501" HPOS="1778"/>
<SP HEIGHT="39" WIDTH="25" VPOS="2502" HPOS="1831"/>
<String CONTENT="Wooley," HEIGHT="48" WIDTH="212" VPOS="2502" HPOS="1857"/>
<SP HEIGHT="49" WIDTH="28" VPOS="2501" HPOS="2070"/>
<String CONTENT="Bloomington," HEIGHT="105" WIDTH="1926" VPOS="2500" HPOS="429"/>
<SP HEIGHT="45" WIDTH="26" VPOS="2560" HPOS="528"/>
<String CONTENT="Ind." HEIGHT="39" WIDTH="106" VPOS="2559" HPOS="555"/>
<SP HEIGHT="29" WIDTH="63" VPOS="2578" HPOS="662"/>
<String CONTENT="[Copyright" HEIGHT="50" WIDTH="281" VPOS="2557" HPOS="726"/>
<SP HEIGHT="42" WIDTH="26" VPOS="2557" HPOS="1008"/>
<String CONTENT="is" HEIGHT="41" WIDTH="41" VPOS="2557" HPOS="1035"/>
<SP HEIGHT="30" WIDTH="26" VPOS="2568" HPOS="1077"/>
<String CONTENT="claimed" HEIGHT="40" WIDTH="206" VPOS="2557" HPOS="1104"/>
<SP HEIGHT="38" WIDTH="28" VPOS="2559" HPOS="1311"/>
<String CONTENT="on" HEIGHT="29" WIDTH="60" VPOS="2568" HPOS="1340"/>
<SP HEIGHT="28" WIDTH="23" VPOS="2568" HPOS="1401"/>
<String CONTENT="notes," HEIGHT="46" WIDTH="151" VPOS="2560" HPOS="1425"/>
<SP HEIGHT="36" WIDTH="28" VPOS="2570" HPOS="1577"/>
<String CONTENT="exercises" HEIGHT="41" WIDTH="242" VPOS="2557" HPOS="1606"/>
<SP HEIGHT="29" WIDTH="27" VPOS="2569" HPOS="1849"/>
<String CONTENT="and" HEIGHT="39" WIDTH="96" VPOS="2559" HPOS="1877"/>
<SP HEIGHT="39" WIDTH="27" VPOS="2559" HPOS="1974"/>
<String CONTENT="vocabulary]" HEIGHT="47" WIDTH="310" VPOS="2559" HPOS="2002"/>
</TextLine>
<TextLine HEIGHT="49" WIDTH="283" VPOS="2614" HPOS="443" STYLEREFS="StyleId-5A4BBFAE-8A56-4EF2-B2E0-989116292792-">
<String CONTENT="(36-10594)" HEIGHT="49" WIDTH="283" VPOS="2614" HPOS="443"/>
</TextLine>
<TextLine HEIGHT="65" WIDTH="633" VPOS="2691" HPOS="357" STYLEREFS="StyleId-F80792D6-A3C5-423A-8B9C-0BF2467E032F-">
<String CONTENT="Wright," HEIGHT="65" WIDTH="259" VPOS="2691" HPOS="357"/>
<SP HEIGHT="63" WIDTH="25" VPOS="2693" HPOS="617"/>
<String CONTENT="Charles" HEIGHT="54" WIDTH="250" VPOS="2692" HPOS="643"/>
<SP HEIGHT="54" WIDTH="22" VPOS="2691" HPOS="894"/>
<String CONTENT="H." HEIGHT="56" WIDTH="73" VPOS="2691" HPOS="917"/>
</TextLine>
<TextLine HEIGHT="71" WIDTH="1940" VPOS="2767" HPOS="429" STYLEREFS="StyleId-666A2636-23EB-47BA-8272-308D0C000D51-">
<String CONTENT="Rhymes" HEIGHT="68" WIDTH="255" VPOS="2770" HPOS="429"/>
<SP HEIGHT="34" WIDTH="31" VPOS="2787" HPOS="685"/>
<String CONTENT="at" HEIGHT="48" WIDTH="60" VPOS="2776" HPOS="717"/>
<SP HEIGHT="48" WIDTH="33" VPOS="2776" HPOS="778"/>
<String CONTENT="random," HEIGHT="69" WIDTH="259" VPOS="2768" HPOS="812"/>
<SP HEIGHT="70" WIDTH="32" VPOS="2767" HPOS="1072"/>
<String CONTENT="by" HEIGHT="69" WIDTH="76" VPOS="2767" HPOS="1105"/>
<SP HEIGHT="69" WIDTH="37" VPOS="2767" HPOS="1182"/>
<String CONTENT="Charles" HEIGHT="56" WIDTH="237" VPOS="2767" HPOS="1220"/>
<SP HEIGHT="54" WIDTH="34" VPOS="2768" HPOS="1458"/>
<String CONTENT="H." HEIGHT="53" WIDTH="77" VPOS="2768" HPOS="1493"/>
<SP HEIGHT="54" WIDTH="35" VPOS="2769" HPOS="1571"/>
<String CONTENT="Wright." HEIGHT="69" WIDTH="253" VPOS="2767" HPOS="1607"/>
<SP HEIGHT="35" WIDTH="78" VPOS="2801" HPOS="1861"/>
<String CONTENT="[Buffalo," HEIGHT="68" WIDTH="270" VPOS="2768" HPOS="1940"/>
<SP HEIGHT="67" WIDTH="37" VPOS="2769" HPOS="2211"/>
<String CONTENT="The" HEIGHT="54" WIDTH="120" VPOS="2769" HPOS="2249"/>
</TextLine>
<TextLine HEIGHT="68" WIDTH="962" VPOS="2849" HPOS="361" STYLEREFS="StyleId-666A2636-23EB-47BA-8272-308D0C000D51-">
<String CONTENT="Bensler" HEIGHT="54" WIDTH="237" VPOS="2849" HPOS="361"/>
<SP HEIGHT="51" WIDTH="28" VPOS="2866" HPOS="599"/>
<String CONTENT="press" HEIGHT="51" WIDTH="159" VPOS="2866" HPOS="628"/>
<SP HEIGHT="37" WIDTH="28" VPOS="2866" HPOS="788"/>
<String CONTENT="company," HEIGHT="52" WIDTH="299" VPOS="2864" HPOS="817"/>
<SP HEIGHT="62" WIDTH="27" VPOS="2853" HPOS="1117"/>
<String STYLE="superscript" CONTENT="c" HEIGHT="22" WIDTH="21" VPOS="2853" HPOS="1145"/>
<String CONTENT="1936]" HEIGHT="66" WIDTH="153" VPOS="2849" HPOS="1170"/>
</TextLine>
<TextLine HEIGHT="50" WIDTH="722" VPOS="2922" HPOS="428" STYLEREFS="StyleId-5A4BBFAE-8A56-4EF2-B2E0-989116292792-" CS="1">
<String CONTENT="4" HEIGHT="38" WIDTH="27" VPOS="2925" HPOS="428"/>
<SP/>
<String CS="1" CONTENT="p."/>
<SP/>
<String CS="1" CONTENT="l.," HEIGHT="15" WIDTH="8" VPOS="2955" HPOS="588"/>
<SP HEIGHT="29" WIDTH="31" VPOS="2943" HPOS="597"/>
<String CONTENT="[6]-41" HEIGHT="49" WIDTH="146" VPOS="2923" HPOS="629"/>
<SP HEIGHT="48" WIDTH="26" VPOS="2923" HPOS="776"/>
<String CONTENT="p.," HEIGHT="38" WIDTH="58" VPOS="2933" HPOS="803"/>
<SP HEIGHT="48" WIDTH="26" VPOS="2922" HPOS="862"/>
<String CONTENT="1" HEIGHT="40" WIDTH="25" VPOS="2922" HPOS="889"/>
<SP HEIGHT="40" WIDTH="26" VPOS="2922" HPOS="915"/>
<String CS="1" CONTENT="l." HEIGHT="8" WIDTH="9" VPOS="2953" HPOS="962"/>
<SP/>
<String CONTENT="21" HEIGHT="40" WIDTH="55" VPOS="2922" HPOS="1035"/>
<String STYLE="superscript" CONTENT="cm" HEIGHT="22" WIDTH="44" VPOS="2924" HPOS="1094"/>
<String CONTENT="." HEIGHT="9" WIDTH="9" VPOS="2952" HPOS="1141"/>
</TextLine>
<TextLine HEIGHT="52" WIDTH="1533" VPOS="2975" HPOS="433" STYLEREFS="StyleId-5A4BBFAE-8A56-4EF2-B2E0-989116292792-">
<String CONTENT="&#8220;Of" HEIGHT="41" WIDTH="93" VPOS="2980" HPOS="433"/>
<SP HEIGHT="41" WIDTH="23" VPOS="2980" HPOS="527"/>
<String CONTENT="this" HEIGHT="42" WIDTH="99" VPOS="2979" HPOS="551"/>
<SP HEIGHT="31" WIDTH="23" VPOS="2989" HPOS="651"/>
<String CONTENT="edition" HEIGHT="43" WIDTH="182" VPOS="2977" HPOS="675"/>
<SP HEIGHT="31" WIDTH="27" VPOS="2989" HPOS="858"/>
<String CONTENT="one" HEIGHT="32" WIDTH="90" VPOS="2988" HPOS="886"/>
<SP HEIGHT="41" WIDTH="22" VPOS="2979" HPOS="977"/>
<String CONTENT="hundred" HEIGHT="40" WIDTH="221" VPOS="2979" HPOS="1000"/>
<SP HEIGHT="40" WIDTH="24" VPOS="2979" HPOS="1222"/>
<String CONTENT="copies" HEIGHT="51" WIDTH="160" VPOS="2976" HPOS="1247"/>
<SP HEIGHT="42" WIDTH="24" VPOS="2977" HPOS="1408"/>
<String CONTENT="have" HEIGHT="42" WIDTH="126" VPOS="2977" HPOS="1433"/>
<SP HEIGHT="41" WIDTH="21" VPOS="2978" HPOS="1560"/>
<String CONTENT="been" HEIGHT="41" WIDTH="119" VPOS="2978" HPOS="1582"/>
<SP HEIGHT="38" WIDTH="26" VPOS="2989" HPOS="1702"/>
<String CONTENT="printed.&#8221;" HEIGHT="52" WIDTH="237" VPOS="2975" HPOS="1729"/>
</TextLine>
<TextLine HEIGHT="53" WIDTH="1712" VPOS="3034" HPOS="360" STYLEREFS="StyleId-5A4BBFAE-8A56-4EF2-B2E0-989116292792-" CS="1">
<String CONTENT="&#169;" HEIGHT="53" WIDTH="53" VPOS="3034" HPOS="360"/>
<SP HEIGHT="53" WIDTH="21" VPOS="3034" HPOS="414"/>
<String CONTENT="Apr." HEIGHT="47" WIDTH="114" VPOS="3038" HPOS="436"/>
<SP HEIGHT="40" WIDTH="22" VPOS="3037" HPOS="551"/>
<String CONTENT="2," HEIGHT="45" WIDTH="40" VPOS="3037" HPOS="574"/>
<SP HEIGHT="44" WIDTH="24" VPOS="3038" HPOS="615"/>
<String CONTENT="1936;" HEIGHT="47" WIDTH="141" VPOS="3036" HPOS="640"/>
<SP HEIGHT="47" WIDTH="25" VPOS="3036" HPOS="782"/>
<String CONTENT="2c." HEIGHT="41" WIDTH="67" VPOS="3036" HPOS="808"/>
<SP HEIGHT="29" WIDTH="24" VPOS="3047" HPOS="876"/>
<String CONTENT="and" HEIGHT="39" WIDTH="95" VPOS="3037" HPOS="901"/>
<SP HEIGHT="39" WIDTH="25" VPOS="3037" HPOS="997"/>
<String CONTENT="aff." HEIGHT="40" WIDTH="82" VPOS="3036" HPOS="1023"/>
<SP HEIGHT="39" WIDTH="25" VPOS="3037" HPOS="1106"/>
<String CONTENT="May" HEIGHT="47" WIDTH="114" VPOS="3037" HPOS="1132"/>
<SP HEIGHT="48" WIDTH="23" VPOS="3036" HPOS="1247"/>
<String CS="1" CONTENT="8;" HEIGHT="39" WIDTH="24" VPOS="3036" HPOS="1271"/>
<SP HEIGHT="39" WIDTH="26" VPOS="3036" HPOS="1324"/>
<!-- cceid 9DD8AAB5-6E3A-1014-83DD-942C093A1DD9 --><String CONTENT="A" HEIGHT="38" WIDTH="41" VPOS="3036" HPOS="1351"/>
<SP HEIGHT="40" WIDTH="19" VPOS="3034" HPOS="1393"/>
<String CONTENT="95055;" HEIGHT="47" WIDTH="172" VPOS="3034" HPOS="1413"/>
<SP HEIGHT="45" WIDTH="28" VPOS="3036" HPOS="1586"/>
<String CONTENT="Bensler" HEIGHT="39" WIDTH="202" VPOS="3036" HPOS="1615"/>
<SP HEIGHT="37" WIDTH="23" VPOS="3046" HPOS="1818"/>
<String CONTENT="press" HEIGHT="37" WIDTH="137" VPOS="3046" HPOS="1842"/>
<SP HEIGHT="29" WIDTH="23" VPOS="3046" HPOS="1980"/>
<String CONTENT="co." HEIGHT="31" WIDTH="68" VPOS="3045" HPOS="2004"/>
</TextLine>
<TextLine HEIGHT="49" WIDTH="281" VPOS="3093" HPOS="441" STYLEREFS="StyleId-5A4BBFAE-8A56-4EF2-B2E0-989116292792-">
<String CONTENT="(36-10917)" HEIGHT="49" WIDTH="281" VPOS="3093" HPOS="441"/>
</TextLine>
<TextLine HEIGHT="66" WIDTH="985" VPOS="3168" HPOS="361" STYLEREFS="StyleId-FE0D55BF-4D9D-453F-B664-91AFF3907BCB-">
<String CONTENT="Wright," HEIGHT="66" WIDTH="255" VPOS="3168" HPOS="361"/>
<SP HEIGHT="64" WIDTH="23" VPOS="3170" HPOS="617"/>
<String CONTENT="Harry" HEIGHT="63" WIDTH="203" VPOS="3170" HPOS="641"/>
<SP HEIGHT="64" WIDTH="22" VPOS="3169" HPOS="845"/>
<String CONTENT="Andrew," HEIGHT="64" WIDTH="277" VPOS="3169" HPOS="868"/>
<SP HEIGHT="58" WIDTH="28" VPOS="3175" HPOS="1146"/>
<String CONTENT="1872-" HEIGHT="53" WIDTH="171" VPOS="3170" HPOS="1175"/>
</TextLine>
<TextLine HEIGHT="72" WIDTH="1932" VPOS="3242" HPOS="429" STYLEREFS="StyleId-FE0D55BF-4D9D-453F-B664-91AFF3907BCB-" CS="1">
<String CONTENT="The" HEIGHT="53" WIDTH="121" VPOS="3245" HPOS="429"/>
<SP HEIGHT="51" WIDTH="21" VPOS="3263" HPOS="551"/>
<String CONTENT="genesis" HEIGHT="72" WIDTH="220" VPOS="3242" HPOS="573"/>
<SP HEIGHT="35" WIDTH="23" VPOS="3263" HPOS="794"/>
<String CONTENT="of" HEIGHT="54" WIDTH="63" VPOS="3244" HPOS="818"/>
<SP HEIGHT="56" WIDTH="24" VPOS="3243" HPOS="882"/>
<String CONTENT="Springfield;" HEIGHT="71" WIDTH="384" VPOS="3243" HPOS="907"/>
<SP HEIGHT="62" WIDTH="26" VPOS="3249" HPOS="1292"/>
<String CONTENT="the" HEIGHT="53" WIDTH="95" VPOS="3244" HPOS="1319"/>
<SP HEIGHT="53" WIDTH="23" VPOS="3244" HPOS="1415"/>
<String CONTENT="development" HEIGHT="69" WIDTH="396" VPOS="3243" HPOS="1439"/>
<SP HEIGHT="50" WIDTH="23" VPOS="3247" HPOS="1836"/>
<String CONTENT="of" HEIGHT="55" WIDTH="65" VPOS="3242" HPOS="1860"/>
<SP HEIGHT="54" WIDTH="20" VPOS="3242" HPOS="1926"/>
<String CONTENT="the" HEIGHT="53" WIDTH="97" VPOS="3243" HPOS="1947"/>
<SP HEIGHT="48" WIDTH="20" VPOS="3248" HPOS="2045"/>
<String CONTENT="town" HEIGHT="48" WIDTH="152" VPOS="3248" HPOS="2066"/>
<SP HEIGHT="49" WIDTH="31" VPOS="3262" HPOS="2219"/>
<String CS="1" CONTENT="[by]" HEIGHT="68" WIDTH="92" VPOS="3243" HPOS="2269"/>
</TextLine>
<TextLine HEIGHT="151" WIDTH="1989" VPOS="3320" HPOS="356" STYLEREFS="StyleId-FE0D55BF-4D9D-453F-B664-91AFF3907BCB-" CS="1">
<String CONTENT="Harry" HEIGHT="69" WIDTH="200" VPOS="3323" HPOS="359"/>
<SP HEIGHT="69" WIDTH="34" VPOS="3323" HPOS="560"/>
<String CONTENT="Andrew" HEIGHT="53" WIDTH="255" VPOS="3323" HPOS="595"/>
<SP HEIGHT="53" WIDTH="31" VPOS="3323" HPOS="851"/>
<String CONTENT="Wright." HEIGHT="70" WIDTH="254" VPOS="3322" HPOS="883"/>
<SP HEIGHT="56" WIDTH="73" VPOS="3321" HPOS="1138"/>
<String CONTENT="Springfield," HEIGHT="70" WIDTH="374" VPOS="3321" HPOS="1212"/>
<SP HEIGHT="68" WIDTH="36" VPOS="3322" HPOS="1587"/>
<String CONTENT="Mass.," HEIGHT="68" WIDTH="191" VPOS="3322" HPOS="1624"/>
<SP HEIGHT="69" WIDTH="37" VPOS="3321" HPOS="1816"/>
<String CONTENT="Johnson&#8217;s" HEIGHT="56" WIDTH="307" VPOS="3320" HPOS="1854"/>
<SP HEIGHT="54" WIDTH="34" VPOS="3321" HPOS="2162"/>
<String CONTENT="bookstore," HEIGHT="150" WIDTH="1989" VPOS="3321" HPOS="356"/>
<SP HEIGHT="65" WIDTH="28" VPOS="3406" HPOS="524"/>
<String CONTENT="1936." HEIGHT="50" WIDTH="152" VPOS="3405" HPOS="553"/>
</TextLine>
<TextLine HEIGHT="50" WIDTH="1096" VPOS="3474" HPOS="429" CS="1">
<String CONTENT="47" HEIGHT="40" WIDTH="57" VPOS="3474" HPOS="429"/>
<SP HEIGHT="47" WIDTH="27" VPOS="3477" HPOS="487"/>
<String CONTENT="p." HEIGHT="37" WIDTH="43" VPOS="3487" HPOS="515"/>
<SP HEIGHT="41" WIDTH="59" VPOS="3476" HPOS="559"/>
<String CONTENT="illus." HEIGHT="40" WIDTH="129" VPOS="3476" HPOS="619"/>
<SP HEIGHT="48" WIDTH="29" VPOS="3475" HPOS="749"/>
<String CONTENT="(incl." HEIGHT="48" WIDTH="132" VPOS="3475" HPOS="779"/>
<SP HEIGHT="29" WIDTH="29" VPOS="3485" HPOS="912"/>
<String CONTENT="maps," HEIGHT="38" WIDTH="150" VPOS="3485" HPOS="942"/>
<SP HEIGHT="47" WIDTH="29" VPOS="3475" HPOS="1093"/>
<String CONTENT="facsim.)" HEIGHT="49" WIDTH="215" VPOS="3474" HPOS="1123"/>
<SP HEIGHT="49" WIDTH="68" VPOS="3474" HPOS="1339"/>
<String CS="1" CONTENT="23cm." HEIGHT="41" WIDTH="117" VPOS="3474" HPOS="1408"/>
</TextLine>
<TextLine HEIGHT="110" WIDTH="1992" VPOS="3530" HPOS="362" CS="1">
<String CONTENT="&#169;" HEIGHT="54" WIDTH="53" VPOS="3531" HPOS="362"/>
<SP HEIGHT="54" WIDTH="30" VPOS="3531" HPOS="416"/>
<String CS="1" CONTENT="May" HEIGHT="40" WIDTH="78" VPOS="3537" HPOS="447"/>
<SP HEIGHT="39" WIDTH="30" VPOS="3537" HPOS="560"/>
<String CONTENT="15." HEIGHT="42" WIDTH="68" VPOS="3536" HPOS="591"/>
<SP HEIGHT="41" WIDTH="33" VPOS="3537" HPOS="660"/>
<String CONTENT="1936;" HEIGHT="42" WIDTH="140" VPOS="3535" HPOS="694"/>
<SP HEIGHT="44" WIDTH="27" VPOS="3533" HPOS="835"/>
<String CONTENT="2c." HEIGHT="42" WIDTH="69" VPOS="3533" HPOS="863"/>
<SP HEIGHT="28" WIDTH="33" VPOS="3546" HPOS="933"/>
<String CONTENT="and" HEIGHT="40" WIDTH="94" VPOS="3535" HPOS="967"/>
<SP HEIGHT="40" WIDTH="31" VPOS="3535" HPOS="1062"/>
<String CONTENT="aff." HEIGHT="41" WIDTH="82" VPOS="3534" HPOS="1094"/>
<SP HEIGHT="40" WIDTH="32" VPOS="3535" HPOS="1177"/>
<String CONTENT="May" HEIGHT="48" WIDTH="115" VPOS="3535" HPOS="1210"/>
<SP HEIGHT="49" WIDTH="29" VPOS="3534" HPOS="1326"/>
<String CONTENT="28;" HEIGHT="47" WIDTH="82" VPOS="3534" HPOS="1356"/>
<SP HEIGHT="47" WIDTH="34" VPOS="3534" HPOS="1439"/>
<!-- cceid 9DD92E80-6E3A-1014-83DD-942C093A1DD9 --><String CONTENT="A" HEIGHT="40" WIDTH="41" VPOS="3534" HPOS="1474"/>
<SP HEIGHT="42" WIDTH="27" VPOS="3532" HPOS="1516"/>
<String CONTENT="94657;" HEIGHT="49" WIDTH="173" VPOS="3532" HPOS="1544"/>
<SP HEIGHT="48" WIDTH="34" VPOS="3533" HPOS="1718"/>
<String CONTENT="H." HEIGHT="42" WIDTH="60" VPOS="3533" HPOS="1753"/>
<SP HEIGHT="42" WIDTH="31" VPOS="3533" HPOS="1814"/>
<String CONTENT="A." HEIGHT="40" WIDTH="54" VPOS="3533" HPOS="1846"/>
<SP HEIGHT="41" WIDTH="32" VPOS="3533" HPOS="1901"/>
<String CONTENT="Wright," HEIGHT="51" WIDTH="207" VPOS="3531" HPOS="1934"/>
<SP HEIGHT="49" WIDTH="34" VPOS="3533" HPOS="2142"/>
<String CONTENT="Springfield." HEIGHT="105" WIDTH="1923" VPOS="3530" HPOS="431"/>
<SP HEIGHT="39" WIDTH="28" VPOS="3596" HPOS="557"/>
<String CONTENT="Mass." HEIGHT="37" WIDTH="147" VPOS="3596" HPOS="586"/>
<SP HEIGHT="47" WIDTH="69" VPOS="3593" HPOS="734"/>
<String CONTENT="(36-11014)" HEIGHT="49" WIDTH="281" VPOS="3591" HPOS="804"/>
</TextLine>
<TextLine HEIGHT="64" WIDTH="589" VPOS="3668" HPOS="362" STYLEREFS="StyleId-77F3085D-126E-473D-98D0-7B2E3FA68C22-">
<String CONTENT="Wyckoff," HEIGHT="64" WIDTH="289" VPOS="3668" HPOS="362"/>
<SP HEIGHT="63" WIDTH="27" VPOS="3669" HPOS="652"/>
<String CONTENT="Capwell." HEIGHT="64" WIDTH="271" VPOS="3668" HPOS="680"/>
</TextLine>
<TextLine HEIGHT="74" WIDTH="1934" VPOS="3739" HPOS="433" STYLEREFS="StyleId-FE0D55BF-4D9D-453F-B664-91AFF3907BCB-" CS="1">
<String CONTENT="The" HEIGHT="53" WIDTH="123" VPOS="3745" HPOS="433"/>
<SP HEIGHT="34" WIDTH="25" VPOS="3764" HPOS="557"/>
<String CONTENT="mystery" HEIGHT="63" WIDTH="253" VPOS="3750" HPOS="583"/>
<SP HEIGHT="67" WIDTH="26" VPOS="3745" HPOS="837"/>
<String CONTENT="hunters" HEIGHT="53" WIDTH="235" VPOS="3745" HPOS="864"/>
<SP HEIGHT="35" WIDTH="29" VPOS="3762" HPOS="1100"/>
<String CONTENT="on" HEIGHT="35" WIDTH="73" VPOS="3762" HPOS="1130"/>
<SP HEIGHT="34" WIDTH="26" VPOS="3763" HPOS="1204"/>
<String CONTENT="special" HEIGHT="71" WIDTH="210" VPOS="3740" HPOS="1231"/>
<SP HEIGHT="54" WIDTH="29" VPOS="3743" HPOS="1442"/>
<String CONTENT="detail," HEIGHT="68" WIDTH="193" VPOS="3743" HPOS="1472"/>
<SP HEIGHT="68" WIDTH="25" VPOS="3743" HPOS="1666"/>
<String CONTENT="by" HEIGHT="67" WIDTH="76" VPOS="3743" HPOS="1692"/>
<SP HEIGHT="69" WIDTH="30" VPOS="3741" HPOS="1769"/>
<String CONTENT="Capwell" HEIGHT="70" WIDTH="256" VPOS="3741" HPOS="1800"/>
<SP HEIGHT="56" WIDTH="28" VPOS="3741" HPOS="2057"/>
<String CONTENT="Wyckoff." HEIGHT="70" WIDTH="281" VPOS="3739" HPOS="2086"/>
</TextLine>
<TextLine HEIGHT="69" WIDTH="1571" VPOS="3822" HPOS="364" STYLEREFS="StyleId-FE0D55BF-4D9D-453F-B664-91AFF3907BCB-" CS="1">
<String CONTENT="New" HEIGHT="53" WIDTH="139" VPOS="3823" HPOS="364"/>
<SP HEIGHT="53" WIDTH="32" VPOS="3823" HPOS="504"/>
<String CONTENT="York," HEIGHT="68" WIDTH="181" VPOS="3822" HPOS="537"/>
<SP HEIGHT="68" WIDTH="32" VPOS="3822" HPOS="719"/>
<String CONTENT="Chicago," HEIGHT="69" WIDTH="270" VPOS="3822" HPOS="752"/>
<SP HEIGHT="67" WIDTH="30" VPOS="3822" HPOS="1023"/>
<String CONTENT="A." HEIGHT="53" WIDTH="71" VPOS="3822" HPOS="1054"/>
<SP HEIGHT="52" WIDTH="31" VPOS="3822" HPOS="1126"/>
<String CONTENT="L." HEIGHT="52" WIDTH="64" VPOS="3822" HPOS="1158"/>
<SP HEIGHT="52" WIDTH="35" VPOS="3822" HPOS="1223"/>
<String CONTENT="Burt" HEIGHT="52" WIDTH="150" VPOS="3822" HPOS="1259"/>
<SP HEIGHT="48" WIDTH="29" VPOS="3826" HPOS="1410"/>
<String CONTENT="company" HEIGHT="52" WIDTH="282" VPOS="3837" HPOS="1440"/>
<SP HEIGHT="51" WIDTH="36" VPOS="3837" HPOS="1723"/>
<String STYLE="subscript" CONTENT="[" HEIGHT="34" WIDTH="13" VPOS="3854" HPOS="1760"/>
<String STYLE="superscript" CONTENT="c" HEIGHT="22" WIDTH="21" VPOS="3827" HPOS="1775"/>
<String CS="1" CONTENT="1936]" HEIGHT="50" WIDTH="134" VPOS="3823" HPOS="1801"/>
</TextLine>
<TextLine HEIGHT="51" WIDTH="1572" VPOS="3893" HPOS="433" CS="1">
<String CONTENT="vi," HEIGHT="43" WIDTH="61" VPOS="3897" HPOS="433"/>
<SP HEIGHT="42" WIDTH="29" VPOS="3898" HPOS="495"/>
<String CONTENT="7-251" HEIGHT="41" WIDTH="142" VPOS="3896" HPOS="525"/>
<SP HEIGHT="46" WIDTH="31" VPOS="3898" HPOS="668"/>
<String CONTENT="p." HEIGHT="37" WIDTH="41" VPOS="3907" HPOS="700"/>
<SP HEIGHT="38" WIDTH="60" VPOS="3897" HPOS="742"/>
<String CONTENT="front." HEIGHT="39" WIDTH="147" VPOS="3897" HPOS="803"/>
<SP HEIGHT="39" WIDTH="59" VPOS="3896" HPOS="951"/>
<String CS="1" CONTENT="20&#189;" HEIGHT="41" WIDTH="58" VPOS="3896" HPOS="1011"/>
<String STYLE="superscript" CONTENT="cm" HEIGHT="21" WIDTH="43" VPOS="3899" HPOS="1100"/>
<String CONTENT="." HEIGHT="8" WIDTH="8" VPOS="3928" HPOS="1149"/>
<SP HEIGHT="30" WIDTH="62" VPOS="3914" HPOS="1158"/>
<String CONTENT="[His" HEIGHT="48" WIDTH="106" VPOS="3896" HPOS="1221"/>
<SP HEIGHT="39" WIDTH="29" VPOS="3896" HPOS="1328"/>
<String CONTENT="Mystery" HEIGHT="47" WIDTH="217" VPOS="3896" HPOS="1358"/>
<SP HEIGHT="49" WIDTH="28" VPOS="3894" HPOS="1576"/>
<String CONTENT="hunters" HEIGHT="41" WIDTH="202" VPOS="3894" HPOS="1605"/>
<SP HEIGHT="29" WIDTH="31" VPOS="3905" HPOS="1808"/>
<String CONTENT="series]" HEIGHT="49" WIDTH="165" VPOS="3893" HPOS="1840"/>
</TextLine>
<TextLine HEIGHT="49" WIDTH="678" VPOS="3952" HPOS="434">
<String CONTENT="Illustrated" HEIGHT="40" WIDTH="288" VPOS="3953" HPOS="434"/>
<SP HEIGHT="41" WIDTH="28" VPOS="3952" HPOS="723"/>
<String CONTENT="lining-papers." HEIGHT="49" WIDTH="360" VPOS="3952" HPOS="752"/>
</TextLine>
<TextLine HEIGHT="53" WIDTH="1731" VPOS="4005" HPOS="362">
<String CONTENT="&#169;" HEIGHT="53" WIDTH="54" VPOS="4005" HPOS="362"/>
<SP HEIGHT="53" WIDTH="23" VPOS="4005" HPOS="417"/>
<String CONTENT="Apr." HEIGHT="47" WIDTH="113" VPOS="4010" HPOS="441"/>
<SP HEIGHT="38" WIDTH="29" VPOS="4010" HPOS="555"/>
<String CONTENT="27," HEIGHT="43" WIDTH="69" VPOS="4010" HPOS="585"/>
<SP HEIGHT="42" WIDTH="28" VPOS="4011" HPOS="655"/>
<String CONTENT="1936;" HEIGHT="48" WIDTH="140" VPOS="4008" HPOS="684"/>
<SP HEIGHT="46" WIDTH="28" VPOS="4010" HPOS="825"/>
<String CONTENT="2c." HEIGHT="40" WIDTH="67" VPOS="4010" HPOS="854"/>
<SP HEIGHT="30" WIDTH="27" VPOS="4020" HPOS="922"/>
<String CONTENT="and" HEIGHT="40" WIDTH="95" VPOS="4010" HPOS="950"/>
<SP HEIGHT="40" WIDTH="27" VPOS="4010" HPOS="1046"/>
<String CONTENT="aff." HEIGHT="41" WIDTH="82" VPOS="4009" HPOS="1074"/>
<SP HEIGHT="41" WIDTH="26" VPOS="4009" HPOS="1157"/>
<String CONTENT="Apr." HEIGHT="48" WIDTH="115" VPOS="4009" HPOS="1184"/>
<SP HEIGHT="40" WIDTH="26" VPOS="4009" HPOS="1300"/>
<String CONTENT="29;" HEIGHT="47" WIDTH="82" VPOS="4008" HPOS="1327"/>
<SP HEIGHT="46" WIDTH="30" VPOS="4009" HPOS="1410"/>
<!-- cceid 9DD9B23D-6E3A-1014-83DD-942C093A1DD9 --><String CONTENT="A" HEIGHT="39" WIDTH="39" VPOS="4009" HPOS="1441"/>
<SP HEIGHT="41" WIDTH="27" VPOS="4007" HPOS="1481"/>
<String CONTENT="93870;" HEIGHT="46" WIDTH="170" VPOS="4007" HPOS="1509"/>
<SP HEIGHT="45" WIDTH="30" VPOS="4008" HPOS="1680"/>
<String CONTENT="A." HEIGHT="39" WIDTH="52" VPOS="4008" HPOS="1711"/>
<SP HEIGHT="40" WIDTH="30" VPOS="4007" HPOS="1764"/>
<String CONTENT="L." HEIGHT="40" WIDTH="50" VPOS="4007" HPOS="1795"/>
<SP HEIGHT="39" WIDTH="25" VPOS="4008" HPOS="1846"/>
<String CONTENT="Burt" HEIGHT="39" WIDTH="125" VPOS="4008" HPOS="1872"/>
<SP HEIGHT="37" WIDTH="27" VPOS="4010" HPOS="1998"/>
<String CONTENT="co." HEIGHT="29" WIDTH="67" VPOS="4018" HPOS="2026"/>
</TextLine>
<TextLine HEIGHT="50" WIDTH="253" VPOS="4065" HPOS="442" CS="1">
<String CONTENT="(36-9236)" HEIGHT="50" WIDTH="253" VPOS="4065" HPOS="442"/>
<SP/>
</TextLine>
</TextBlock>
</PrintSpace>
</Page>
</Layout>
</alto>