2519 4377
1207 4090 99 49 160

252 517 194 65 Tyson
478 515 113 52 and
624 515 315 67 Josephine
968 515 375 67 MacLatchy.
1416 515 270 68 Chicago,
1718 516 113 64 Ill.,

250 509 1991 155 The University of Chicago press [ c 1935]
319 679 66 49 ix,
414 679 99 50 316,
590 700 10 29 [1]
631 690 44 39 p.
731 679 56 42 23½
821 682 46 21 cm
871 713 8 8 .

248 746 56 53 ©
330 750 113 42 Dec.
470 750 71 49 10,
569 749 145 49 1935;
742 750 70 42 2c.
841 752 114 39 Dec.
982 751 85 48 23;
1098 750 83 41 aff.
1211 751 111 40 Jan.
1351 751 70 48 18,
1451 749 143 50 1936;
1625 751 43 39 A
1695 749 174 47 90338;
1901 748 288 51 University
2216 750 53 40 of

321 807 226 51 Chicago,
578 807 226 49 Chicago.

251 908 275 69 Jacobus,
555 912 380 53 Melancthon
962 908 309 70 Williams,
1303 916 172 50 1855-
1688 911 85 54 ed.

323 987 56 53 A
422 1007 121 34 new
590 987 294 55 Standard
928 988 166 55 Bible
1140 988 338 69 dictionary,
1523 987 269 69 designed
1838 1006 60 34 as
1943 1006 29 33 a
251 1002 1994 122 comprehensive
519 1068 134 67 help
693 1071 58 48 to
790 1067 96 53 the
924 1065 171 70 study
1137 1066 62 52 of
1235 1066 96 54 the
1372 1065 340 70 Scriptures,
1753 1066 149 53 their
1940 1067 330 69 languages,

251 1145 239 67 literary
533 1145 299 68 problems,
876 1144 239 69 history,
1160 1143 340 71 biography,
1543 1161 263 37 manners
1851 1143 113 54 and
2010 1149 260 65 customs,

252 1219 2016 139 and their religious teachings, edited by Melancthon W. Jacobus … Elbert C. Lane … and Andrew C. Zenos … with
251 1375 2018 154 the assistance of Elmer J. Cook … in association with American, British, and German scholars. 3d rev. ed. Embellished
252 1535 139 53 with
441 1552 172 51 many
661 1534 396 69 illustrations,
1106 1534 183 68 plans,
1339 1534 113 52 and
1501 1551 177 51 maps.
1755 1534 134 53 New
1946 1535 161 53 York
2157 1537 111 53 and

252 1612 258 68 London,
545 1612 171 53 Funk
750 1614 46 51 &
828 1613 299 69 Wagnalls
1164 1630 297 51 company,
1498 1615 150 52 1936.

322 1684 130 46 xxiv,
488 1684 88 41 965
607 1696 43 37 p.
716 1685 134 40 illus..
874 1684 134 49 (incl.
1044 1686 166 48 plans)
1252 1687 172 48 plates,
1460 1696 137 40 maps
1626 1686 136 49 (part
1796 1687 199 48 double)
2064 1688 58 42 26½
2153 1692 15 21 cm
2202 1720 10 8 .

250 1754 53 53 ©
339 1758 112 42 Feb.
486 1760 40 45 4,
563 1759 143 48 1936;
745 1759 68 41 2c.
850 1760 97 38 and
982 1757 82 42 aff.
1102 1759 111 40 Feb.
1251 1760 81 46 18;
1372 1760 41 38 A
1450 1758 171 49 90853;
1662 1761 140 39 Funk
1838 1761 37 40 &
1911 1762 254 49 Wagnalls
2201 1773 68 30 co.

330 1815 254 51 (36-5244)

250 1918 237 66 Jersild,
519 1919 235 53 Arthur
784 1919 277 65 Thomas,
1096 1926 172 49 1902-

324 1994 321 57 Children’s
701 1995 169 68 fears,
925 1995 76 71 by
1055 1996 225 54 Arthur
1336 1997 65 52 T.
1457 1996 216 55 Jersild
1731 1998 112 52 and
1900 1999 246 54 Frances
2202 2001 66 50 B.

251 2074 253 53 Holmes.
581 2073 138 53 New
758 2072 163 53 York
956 2074 133 62 city,
1126 2074 276 54 Teachers
1440 2073 226 64 college,
1706 2074 301 55 Columbia
251 2075 1995 149 university,
414 2155 151 49 1935.

322 2234 77 36 xv,
447 2222 87 42 356
579 2234 43 38 p.
702 2224 180 49 diagrs.
956 2223 56 43 23½
1046 2226 45 21 cm
1095 2255 9 10 .
1190 2224 301 51 (Half-title:
1537 2224 142 44 Child
1726 2229 337 48 development
251 2236 1999 97 monographs.
508 2282 304 47 Monograph
836 2292 75 31 no.
938 2281 82 49 20)

324 2338 149 42 “This
502 2339 302 48 monograph
834 2340 222 48 presents
1088 2350 27 29 a
1151 2340 150 40 series
1333 2340 51 39 of
1416 2341 187 41 studies
1635 2343 141 40 made
1809 2355 113 28 over
1955 2355 27 29 a
2016 2345 167 49 period
2215 2344 54 42 of

252 2396 139 40 three
421 2407 142 37 years
596 2397 51 38 at
679 2397 83 39 the
794 2395 144 42 Child
968 2397 336 47 development
1337 2398 229 41 institute
1597 2400 51 39 of
1679 2401 243 39 Teachers
1954 2402 195 50 college,
251 2400 2000 97 Columbia
480 2451 600 50 university.”—Editor’s
1120 2454 124 46 pref.

323 2511 121 41 Part
473 2519 63 30 m
562 2511 166 39 issued
758 2510 103 40 also
890 2510 280 48 separately
1199 2521 55 30 as
1284 2511 213 40 Frances
1527 2513 54 41 B.
1613 2514 214 39 Holmes’
1860 2517 153 39 thesis
2053 2516 110 49 (PH.
2225 2518 33 46 D.)

252 2566 253 45 Columbia
544 2566 287 50 university,
870 2567 156 41 under
1063 2568 159 40 title:.
1237 2569 74 38 An
1347 2569 352 48 experimental
1738 2574 146 47 study
1923 2574 52 39 of
2015 2575 82 40 the
2132 2576 136 40 fears

251 2624 52 41 of
333 2635 161 38 young
525 2625 235 40 children.

321 2681 381 49 Bibliography:
734 2693 43 37 p.
806 2678 219 44 354-356.

250 2753 53 53 ©
333 2755 103 43 Oct.
465 2756 70 48 31,
565 2754 142 48 1935;
739 2755 66 40 2c.
838 2755 110 40 Jan.
977 2755 71 47 21,
1079 2755 142 47 1936;
1255 2755 82 41 aff.
1369 2756 109 40 Jan.
1511 2756 55 42 18;
1625 2759 41 38 A
1697 2758 172 50 90527;
1903 2761 243 42 Teachers
320 2760 1930 107 college,
468 2813 253 42 Columbia
751 2812 129 40 univ.
948 2811 252 50 (36-5242)

325 2914 271 58 Conflicts
635 2915 249 54 between
924 2914 291 70 preschool
1256 2916 274 68 children,
1568 2917 75 71 by
1683 2918 225 55 Arthur
1946 2922 65 52 T.
2052 2920 215 57 Jersild

252 2993 114 53 and
411 2994 248 52 Frances
701 2992 71 55 Y.
816 2991 259 71 Markey.
1150 2993 137 53 New
1337 2994 162 53 York
1541 2996 135 69 city,
1719 2997 279 55 Teachers
2042 3001 228 70 college,

254 3070 299 56 Columbia
589 3072 334 67 university,
959 3073 152 52 1935.

322 3143 64 46 ix,
415 3142 84 42 181
529 3153 42 38 p.
632 3143 57 40 23½
723 3145 44 21 cm
772 3176 9 8 .
840 3143 302 51 (Half-title:
1171 3144 141 41 Child
1342 3145 334 51 development
1705 3153 341 46 monographs.
250 3151 1998 100 Monograph
435 3210 75 31 no.
541 3199 80 48 21)

323 3256 380 49 Bibliography:
736 3268 44 37 p.
811 3256 218 43 180-181.

249 3325 53 52 ©
332 3329 112 42 Dec.
472 3328 70 49 20,
572 3328 142 48 1935;
746 3330 68 40 2c.
845 3329 110 40 Jan.
982 3329 70 48 21,
1081 3330 142 48 1936.;
1256 3330 82 42 aff.
1371 3332 109 41 Jan.
1512 3332 82 49 18;
1627 3335 38 38 A
1697 3335 172 50 90525;
1901 3338 243 43 Teachers
320 3338 1927 100 college,
471 3387 253 40 Columbia
758 3386 131 40 univ.
961 3386 250 49 (36-5618)

251 3489 198 65 Jones,
482 3489 251 54 Chester
763 3490 203 65 Lloyd,
1001 3497 172 51 1881-

322 3564 1939 79 The Caribbean since 1900, by Chester Lloyd Jones … New
254 3642 178 59 York.
461 3644 456 70 Prentice-Hall,
945 3645 128 70 inc.,
1103 3649 150 51 1936.

321 3716 63 48 xi,
411 3718 83 40 511
518 3728 42 37 p.
621 3716 57 41 23½
712 3720 44 21 cm
760 3749 8 9 .
834 3718 375 52 [Prentice-Hall
1235 3720 220 49 political
1480 3722 186 43 science
1689 3726 164 48 series,
1884 3726 43 41 S.
1956 3727 49 42 C.
2031 3728 228 50 Wallace,

248 3772 176 53 editor]

320 3829 113 50 Map
467 3842 59 29 on
564 3831 338 49 lining-paper.

323 3887 66 39 “A
418 3888 126 41 brief
566 3888 340 51 bibliography
933 3891 52 42 of
1008 3893 81 41 the
1118 3892 299 43 Caribbean”:
1476 3906 41 38 p.
1546 3897 218 46 481-497.

249 3953 53 53 ©
335 3959 109 41 Jan.
479 3961 68 43 27,
581 3960 142 49 1936;
758 3963 68 40 2c.
862 3963 109 42 Feb.
1004 3965 53 47 3;
1095 3966 82 42 aff.
1213 3968 111 41 Jan.
1357 3969 83 48 31;
1476 3970 41 39 A
1549 3969 172 50 91585;
1760 3974 375 48 Prentice-Hall,
2172 3979 90 41 inc.

329 4014 251 45 (36-5271)
