2519 4377
1274 4155 102 52 442

397 545 119 39 This
539 545 255 48 pamphlet
815 544 41 40 is
882 546 47 38 to
955 545 56 39 be
1036 544 138 41 fitted
1200 543 102 42 into
1330 545 84 40 the
1434 545 171 48 pocket
1631 547 52 39 at
1709 546 86 40 the
1816 545 122 40 back
1964 545 55 40 of
2041 546 83 40 the
2149 546 191 41 volume

328 602 54 39 of
406 603 85 39 the
516 605 73 37 set
618 605 49 37 to
695 600 159 41 which
880 602 40 40 it
948 602 211 48 belongs.

329 655 1876 53 © Apr. 7, 1930; 2c. Apr. 11; aff. Apr. 13; A 92905; Callaghan & co.
329 778 247 64 Lyman,
603 778 139 53 Mrs.
770 778 175 64 Mary
970 777 336 64 Redington
1338 776 175 67 (Ely)
1549 780 169 53 1887-

330 852 2008 150 The Christian epic; a study of the New Testament literature, by Mary Ely Lyman … New York, C. Scribner’s sons;
328 1013 260 67 London,
620 1012 64 56 C.
716 1011 315 56 Scribner’s
1060 1030 147 50 sons,
1234 1012 123 70 ltd.,
1388 1015 149 50 1936.

399 1084 70 41 xii
495 1097 57 37 p.,
578 1086 26 39 1
629 1086 47 47 1.,
704 1084 87 42 275
817 1095 43 38 p.
920 1084 55 40 21
979 1086 45 22 cm
1028 1116 10 9 .

400 1143 70 40 “A
497 1143 211 41 selected
736 1142 398 49 bibliography”:
1167 1154 43 38 p.
1243 1142 248 51 [265]-271.

327 1201 54 54 ©
410 1206 114 49 Apr.
558 1204 40 50 9,
631 1204 119 42 1930;
808 1203 68 42 2c.
908 1205 115 48 Apr.
1055 1204 82 47 14;
1173 1203 81 39 aff.
1289 1204 114 48 Apr.
1438 1204 54 39 15;
1556 1205 40 38 A
1629 1203 172 48 92947;
1836 1204 203 41 Charles
2077 1204 266 41 Scribner’s

397 1273 126 30 sons.
598 1261 254 49 (30-8862)

324 1366 252 64 McCole,
605 1366 230 64 George
862 1364 291 65 Malcolm,
1184 1369 171 52 1879-

381 1443 96 53 An
511 1442 253 69 analysis
794 1441 64 54 of
889 1442 96 53 the
1018 1440 355 69 osteopathic
1405 1441 207 64 lesion;
1649 1461 30 33 a
1710 1441 174 69 study
1915 1442 59 51 in
2010 1443 333 69 pathology,

326 1522 346 68 physiology
713 1521 111 52 and
867 1526 288 63 anatomy,
1194 1520 75 69 by
1308 1519 223 70 George
1567 1520 272 53 Malcolm
1878 1521 256 67 McCole,
2211 1564 9 10 D.
2299 1542 40 47 O.;

326 1600 382 55 illustrations
729 1599 73 69 by
831 1600 122 53 Ben
981 1599 207 69 Kopel.
1250 1598 180 56 Great
1457 1599 177 67 Falls,
1658 1599 203 69 Mont.,
1887 1599 69 56 G.
1983 1600 80 54 M.
2089 1599 253 69 McCole,

327 1683 150 50 1935.

396 1753 118 41 xxiv
541 1764 57 38 p.,
621 1753 24 39 1
694 1784 22 16 l.,
743 1753 86 41 344
854 1765 43 37 p.
955 1753 173 40 double
1154 1752 165 45 front.,
1347 1752 130 40 illus.
1506 1752 140 48 (part
1666 1753 113 43 col.)
1840 1753 55 41 23½
1929 1756 45 21 cm
1980 1786 7 7 .

326 1806 54 54 ©
405 1812 108 39 Jan.
539 1812 40 46 1,
602 1810 115 41 1936;
771 1810 67 40 2c.
865 1811 95 39 and
987 1810 82 40 aff.
1097 1810 110 39 Jan.
1233 1810 53 40 13;
1342 1811 40 38 A
1407 1808 171 49 91169;
1608 1810 53 41 G.
1689 1811 62 39 M.
1780 1811 209 47 McCole,
2017 1810 150 41 Great
2193 1812 148 43 Falls,

397 1869 150 40 Mont.
619 1866 253 50 (36-8890)

323 1972 326 66 McIntosh,
680 1972 156 54 John
867 1971 90 63 A.,
989 1976 172 50 1894-

397 2050 124 53 The
545 2050 277 68 cigarette
847 2068 152 49 case;
1028 2066 35 36 a
1087 2049 313 53 discussion
1429 2049 64 53 of
1519 2049 98 53 the
1643 2049 230 54 tobacco
1903 2050 256 67 problem
2189 2050 150 53 from

328 2126 2012 70 a modern point of view, by John A. McIntosh … Hollywood,
329 2206 195 70 Calif.,
555 2205 433 71 Hollycrofters
1025 2239 14 36 [
1042 2211 20 23 c
1067 2208 134 51 1936
1207 2240 12 34 ]

396 2280 747 50 0 p. l., 17-95 p. 15½ × 12 cm .
325 2335 53 53 ©
405 2339 111 40 Feb.
545 2339 68 47 15,
644 2338 141 46 1936;
815 2338 68 41 2c.
912 2339 97 39 and
1037 2337 82 42 aff.
1150 2338 109 40 Feb.
1287 2336 83 48 24;
1402 2338 40 38 A
1471 2336 171 48 90887;
1675 2338 43 39 J.
1749 2338 54 40 A.
1830 2338 267 48 McIntosh,
2129 2338 92 40 Los
394 2339 1930 105 Angeles.
612 2394 253 50 (30-8890)

323 2500 221 65 Meyer,
573 2500 225 53 Arnold
828 2499 212 65 Oskar,
1073 2500 172 55 1877-

320 2576 1994 146 … Bismarcks glaube im Spiegel der “Loosungen und lehrtexte”. München, Beck, 1933.
395 2728 1944 50 1 p. l., 5-52, [2] p. 24 cm . (Münchener historische abhandlungen.
322 2784 1620 51 1. reihe. Allgemeine und politische geschichte … 1. hft.)
397 2843 310 41 “Literatur”:
765 2845 23 37 1
820 2854 42 37 p.
892 2845 52 38 at
973 2844 106 40 end.

324 2897 52 54 ©
409 2904 122 38 Mar.
563 2903 40 43 4,
637 2901 142 47 1933;
812 2903 65 37 1c.
913 2903 122 38 Mar.
1066 2899 71 51 30,
1170 2899 141 48 1934;
1347 2899 311 49 A-Foreign
1690 2898 145 43 30709;
1899 2901 50 42 C.
1984 2902 60 42 H.
2079 2901 260 41 Beck’sche

392 2959 577 49 Verlagsbuchhandlung
1012 2958 186 49 (Oskar
1228 2958 154 47 Beck)
1460 2957 253 48 (34-2917)

325 3064 252 62 Meyers,
606 3062 281 56 Roberta.

394 3136 196 53 Youth
616 3136 161 55 looks
800 3143 59 47 at
885 3137 105 52 life
1036 3136 94 70 [by]
1161 3136 251 53 Roberta
1435 3137 241 69 Meyers.
1739 3136 217 70 Emory
1979 3136 358 71 University,

321 3216 260 68 Atlanta,
620 3217 232 51 Banner
889 3234 158 50 press
1091 3249 11 33 [
1108 3222 18 21 c
1133 3218 152 65 1936]

394 3289 57 39 47
480 3300 40 37 p.
583 3288 58 41 20½
674 3291 43 21 cm
722 3322 7 7 .
796 3288 162 51 [Verse
990 3290 130 40 craft
1153 3290 166 50 series]

325 3344 53 53 ©
403 3350 121 39 Mar.
550 3348 69 46 21,
646 3347 142 48 1930;
815 3348 66 40 2c.
910 3350 121 37 Mar.
1058 3348 83 47 23;
1170 3348 81 41 aff.
1278 3350 113 47 Apr.
1418 3348 81 47 10;
1528 3350 39 38 A
1592 3348 173 45 92859;
1795 3350 55 41 R.
1879 3350 204 49 Meyers,
2112 3351 56 38 El
2198 3351 139 40 Paso.

404 3405 254 48 (36-8803)

323 3507 2012 71 Missouri digest. March, 1936, pamphlet … St. Paul, Minn.,
392 3589 157 53 West
575 3587 336 68 publishing
935 3605 78 36 co.
1045 3622 11 33 [
1063 3595 17 20 c
1088 3592 133 49 1936]

394 3660 84 41 188
509 3672 41 36 p.
610 3660 58 40 24
671 3663 43 20 cm
721 3693 8 8 .

396 3717 71 41 On
497 3728 168 30 cover:
697 3717 230 40 Missouri
957 3718 171 48 digest,
1159 3716 111 41 1821
1302 3720 48 38 to
1380 3718 126 40 date.

326 3769 52 53 ©
406 3775 121 39 Mar.
555 3774 68 43 26,
652 3773 142 48 1936;
824 3775 67 40 2c.
919 3776 96 39 and
1044 3774 81 41 aff.
1154 3775 114 47 Apr.
1297 3774 82 42 18:
1407 3775 38 38 A
1474 3774 171 43 94025;
1676 3775 135 39 West
1839 3775 109 47 pub.
1978 3785 67 31 co.

325 3876 279 53 National
633 3878 316 52 industrial
978 3877 349 54 conference
1355 3878 201 53 board.

397 3954 238 53 Women
662 3954 246 54 workers
930 3955 111 53 and
1066 3954 160 53 labor
1249 3955 227 67 supply.
1552 3954 138 53 New
1716 3954 163 51 York
1900 3955 134 65 city,
2060 3954 268 53 National

329 4030 1251 72 industrial conference board, inc. [ c 1936]
