2519 4377
1270 4191 135 51 1648

339 490 186 65 Scott,
554 490 158 54 John
743 490 386 55 Calderhead.

407 565 124 54 The
553 570 160 65 story
738 564 65 55 of
829 564 200 71 Sigma
1052 584 80 35 nu
1149 585 11 50 ;
1189 585 31 34 a
1244 566 297 55 narrative
1562 567 225 70 history
1813 567 65 55 of
1901 568 98 54 the
2026 567 331 73 fraternity,

340 643 2016 75 1869-1926, by John C. Scott … 2d ed. with supplement by
335 721 1998 148 Charles Edward Thomas … Indianapolis, Sigma nu fraternity, 1936.
403 874 100 47 xxi,
532 872 86 43 628
641 884 47 39 p.
713 873 112 43 incl.
852 874 86 41 col.
966 875 165 50 front.,
1159 875 144 52 illus.,
1329 877 152 47 ports.
1541 875 57 41 25
1603 877 44 23 cm
1651 908 8 9 .

406 930 133 44 “The
569 931 274 49 fraternity
874 933 224 41 marches
1132 944 74 37 on,
1244 933 308 50 supplement
1585 935 50 40 to
1672 933 102 44 The
1811 935 137 47 story
1984 934 53 42 of
2075 933 163 51 Sigma
2274 946 81 39 nu,

333 990 228 48 covering
587 991 84 40 the
695 990 170 48 period
893 989 294 43 1926-1936”
1205 1002 10 30 :
1244 1001 46 39 p.
1322 990 251 52 [535]-596.

341 1044 53 54 ©
418 1050 120 47 Aug.
564 1049 39 48 1,
628 1048 117 42 1936
763 1060 8 37 ;
797 1048 67 41 2c.
890 1050 120 47 Aug.
1035 1049 57 39 24
1110 1061 9 37 ;
1148 1050 82 41 aff.
1256 1051 103 40 Oct.
1384 1050 55 40 19
1456 1062 9 36 ;
1492 1052 42 39 A
1560 1050 174 41 100242
1752 1062 9 38 ;
1794 1051 163 49 Sigma
1983 1044 66 48 nù
2075 1052 283 43 fraternity.

421 1105 284 49 (36-30650)

337 1211 289 67 Seabury,
648 1214 142 53 Mrs.
817 1211 280 55 Florence
1128 1212 196 66 (Guy)

407 1290 157 54 Love
591 1289 49 55 is
671 1308 35 35 a
735 1290 313 69 challenge,
1076 1289 76 70 by
1183 1290 277 55 Florence
1490 1290 134 69 Guy
1657 1290 274 70 Seabury.
2007 1291 140 54 New
2179 1291 179 68 York,

336 1368 261 69 London,
634 1369 348 69 Whittlesey
1020 1369 192 68 house,
1251 1368 435 56 McGraw-Hill
1724 1370 151 54 book
1912 1388 300 51 company,
2249 1369 107 54 inc.

357 1450 177 66 [ c 1936]
443 1520 406 50 x, 443 p. 23 ½ cm.
409 1579 163 42 “First
602 1577 230 44 edition.”

408 1636 379 50 Bibliography:
818 1647 42 39 p.
890 1636 221 43 433-435.

339 1689 53 53 ©
424 1694 103 41 Oct.
559 1692 70 51 26,
663 1693 116 41 1936
797 1704 8 36 ;
840 1693 66 40 2c.
941 1694 102 41 Oct.
1074 1693 56 39 27
1148 1705 8 35 ;
1193 1692 82 42 aff.
1311 1694 103 41 Oct.
1446 1692 58 41 30
1521 1704 8 37 ;
1566 1694 41 39 A
1636 1692 147 41 99643
1801 1704 8 37 ;
1846 1691 352 42 McGraw-Hill
2235 1693 124 39 book

407 1761 83 38 co.,
526 1750 91 40 inc.
666 1750 284 49 (36-29844)

335 1855 314 64 Spectator
676 1870 309 50 company,
1011 1857 142 51 New
1181 1855 178 53 York.

407 1932 136 55 Fire
576 1933 301 54 insurance
911 1935 157 65 laws,
1102 1938 160 48 taxes
1297 1933 112 53 and
1447 1932 145 68 fees;
1630 1932 334 67 containing
2001 1955 31 33 a
2067 1931 189 69 digest
2292 1932 63 53 of

335 2013 95 52 the
469 2016 289 63 statutory
794 2013 410 66 requirements
1240 2011 61 53 in
1339 2012 97 52 the
1473 2011 219 56 United
1734 2011 188 56 States
1963 2012 116 53 and
2118 2010 237 57 Canada

335 2090 250 67 relating
626 2097 60 48 to
727 2091 102 53 fire
869 2089 301 55 insurance
1214 2091 325 67 companies
1582 2091 113 52 and
1739 2095 215 62 agents,
1997 2088 141 55 with
2180 2108 174 49 many

334 2169 328 66 quotations
691 2169 155 53 from
873 2170 94 52 the
997 2173 240 49 statutes
1255 2188 10 46 ;
1298 2169 117 53 also
1446 2188 31 34 a
1505 2169 373 67 compilation
1908 2169 62 54 of
2000 2174 210 61 county
2239 2169 114 52 and

334 2247 1994 147 municipal taxes and fees. 36th annual ed. Revised to December 1, 1936 … Philadelphia, The Spectator, 1936.
406 2398 592 51 2 p. l. , 7-788 p. 24 cm .
336 2453 53 54 ©
429 2459 118 39 Nov.
589 2456 71 49 19,
702 2456 116 41 1936
835 2468 9 36 ;
887 2456 68 41 2c.
998 2457 97 40 and
1137 2456 81 40 aff.
1261 2457 118 41 Nov.
1423 2455 57 40 20
1498 2467 8 36 ;
1551 2457 40 39 A
1632 2455 175 41 100589
1824 2467 9 36 ;
1879 2455 198 42 Chilton
2120 2465 82 38 co.,
2246 2457 106 49 inc.,

409 2513 357 49 Philadelphia.

332 2618 250 64 Steffen,
607 2619 225 53 Roscoe
858 2618 250 65 Turner,
1137 2623 173 50 1893-

406 2696 172 55 Cases
603 2696 115 54 and
743 2693 296 57 materials
1062 2714 73 35 on
1161 2696 95 55 the
1281 2694 359 61 elements.of
1665 2695 95 54 the
1787 2696 128 67 law,
1940 2695 78 67 by
2044 2695 217 54 Roscoe
2286 2697 64 51 T.

337 2772 1664 70 Steffen … and Edward H. Levi … [Chicago] c1936.
403 2850 28 38 2
492 2880 8 8 v.
562 2849 60 40 27½
651 2851 46 21 cm
702 2881 8 9 .

402 2906 410 50 Mimeographed.

335 2967 65 44 pt.
428 2964 38 48 1,
494 2960 53 53 ©
574 2964 104 41 Oct.
704 2965 39 45 1,
770 2962 141 48 1936;
942 2962 67 40 2c.
1038 2963 102 40 Oct.
1167 2962 83 44 23;
1281 2962 83 40 aff.
1392 2962 102 41 Oct.
1522 2961 83 48 29;
1634 2963 67 47 pt.
1729 2960 40 51 2,
1798 2957 53 54 ©
1877 2962 120 40 Nov.
2024 2960 82 48 24;
2136 2961 68 41 2c.
2232 2963 118 40 Nov.

405 3020 56 40 28
479 3032 9 35 ;
521 3021 83 42 aff.
636 3022 112 38 Dec.
777 3020 25 38 2
820 3031 9 35 ;
863 3021 43 39 A
934 3019 160 48 99638,
1126 3018 174 41 101070
1318 3030 8 31 ;
1362 3020 54 39 R.
1448 3020 53 39 T.
1537 3018 185 41 Steffen
1752 3018 96 40 and
1880 3018 214 41 Edward
2127 3020 59 38 H.
2220 3018 130 47 Levi,

406 3078 226 48 Chicago.
703 3076 283 49 (36-29862)

332 3184 315 63 Stephens,
675 3182 243 55 Martin.

403 3261 141 53 Fair
593 3279 193 48 game;
838 3261 96 53 the
985 3278 145 50 open
1182 3259 87 53 air
1317 3258 64 54 of
1429 3258 137 55 four
1615 3258 338 68 continents,
2004 3259 76 67 by
2128 3257 220 55 Martin

335 3338 1261 68 Stephens … London, J. Murray [1936]
400 3413 65 46 xi,
495 3412 86 40 274
607 3423 44 38 p.
713 3410 165 49 front.,
909 3412 25 39 1
961 3410 144 48 illus.,
1134 3411 173 49 plates.
1367 3408 56 41 22
1428 3412 44 22 cm
1475 3441 10 10 .

402 3468 163 42 “First
596 3467 229 42 edition.”

332 3521 2015 56 © 1c. Oct. 30, 1936; A ad int. 21922; pubd. Sept. 3; Addus Martin
405 3584 300 48 Tyringham
736 3583 251 51 Stephens,
1017 3583 213 41 London.
1296 3581 283 49 (36-32322)

330 3688 230 65 Stuart,
585 3687 205 56 Brian.

404 3764 337 53 Adventure
773 3764 59 53 in
863 3762 258 70 Algeria,
1152 3763 75 69 by
1262 3763 180 53 Brian
1476 3761 220 70 Stuart,
1727 3781 49 36 f.
1808 3780 48 35 r.
1888 3778 49 37 g.
1969 3778 43 37 s.
2086 3760 259 68 London,

333 3841 76 54 H.
446 3841 262 69 Jenkins,
739 3841 225 54 limited
1023 3842 154 67 [1936]

401 3912 100 47 317,
540 3912 55 50 [1]
631 3923 46 38 p.
736 3913 150 40 front,
917 3912 172 49 (port.)
1132 3914 172 47 plates.
1367 3912 57 40 22
1427 3914 44 22 cm
1476 3944 9 9 .

405 3969 141 49 Maps
583 3979 63 31 on
679 3969 366 49 lining-papers.

335 4024 2010 53 © 1c. Nov. 6, 1936; A ad int. 21967; pubd. Sept. 11; Brian Arthur
405 4086 157 39 Lewis
595 4086 186 48 Stuart,
811 4086 212 40 London.
1091 4084 282 49 (36-31505)
