2519 4377
1266 4142 139 51 2036

335 439 200 66 Isselé,
567 439 243 65 Joseph,
842 444 175 51 1897-

471 515 1887 72 … De Latinorum sermone praecepta … Parisiis, ex typis
337 597 252 68 Desclée,
620 596 72 54 de
719 595 281 54 Brouwer
1030 600 55 49 et
1114 613 109 36 soc.
1260 629 13 35 [
1277 602 19 21 c
1300 597 135 51 1936
1441 629 13 35 ]

410 667 735 52 2 p. l., 7-260, [1] p. 21 cm .
406 728 66 41 At
502 727 128 41 head
658 725 56 42 of
742 726 139 41 title:
915 726 44 41 J.
992 724 167 48 Isselé,
1222 759 9 9 C.
1323 760 8 9 SS.
1395 760 8 9 R.

337 800 53 53 ©
427 804 129 47 Sept.
590 801 72 49 24,
696 799 117 42 1936;
876 800 69 43 1c.
980 801 113 39 Dec.
1128 800 27 39 7;
1220 800 102 40 A-
1325 800 209 48 Foreign
1569 798 147 42 33803;
1781 800 216 51 Desclée,
2034 801 59 40 de
2127 801 235 40 Brouwer

412 858 156 44 eteie.
637 857 257 52 (37-1477)

335 966 286 67 Jammes,
648 962 268 69 Francis,
946 970 175 50 1868-

471 1042 1612 70 … Le pèlerin de Lourdes. Paris, Gallimard [1936]
411 1115 765 54 2 p. l., [7]-190 p., 2 l. 19 cm .
411 1174 287 45 “Poèmes”:
729 1184 44 40 p.
808 1172 252 52 [133]-187.

337 1243 2028 57 © Sept. 30, 1936; 1c. Dec. 7; A- Foreign 33755; Librairie Gallimard.
418 1303 257 53 (37-2844)

335 1414 241 62 Jensen,
602 1411 288 65 Kathryn
912 1410 67 56 L.

471 1488 1892 71 … An analysis of the content of anatomy and physiology
337 1566 2003 153 as taught first year students in schools of nursing … by Kathryn L.
336 1647 2003 151 Jensen … Washington, D. C., The Catholic university of America, 1936.
407 1804 66 49 ix,
504 1803 55 40 57
587 1812 45 44 p.
691 1800 182 49 diagrs.
930 1798 58 40 22½cm.

408 1860 175 41 Thesis
624 1860 109 49 (PH.
798 1856 334 51 D.)—Catholic
1162 1855 277 49 university
1472 1856 53 40 of
1558 1848 239 48 America.

407 1919 66 40 At
512 1916 129 41 head
683 1916 53 41 of
775 1915 114 41 title:
959 1914 103 40 The
1103 1912 225 43 Catholic
1371 1913 276 49 university
1689 1915 54 40 of
1781 1914 228 41 America;
2082 1915 189 42 studies
2313 1917 51 41 in

336 1976 207 48 nursing
572 1972 277 43 education,
907 1983 42 30 v.
978 1972 44 49 1,
1051 1971 123 43 fasc.
1203 1970 42 43 2.

337 2036 54 54 ©
436 2039 129 48 Sept.
608 2036 72 49 14,
722 2035 116 41 1936;
909 2034 68 41 2c.
1022 2035 98 40 and
1164 2035 83 42 aff.
1292 2034 103 41 Oct.
1438 2034 58 41 27;
1568 2036 41 38 A
1650 2035 148 41 99607;
1870 2037 226 41 Catholic
2137 2039 132 41 univ.
2313 2039 52 39 of

408 2095 242 42 America.

335 2201 390 66 Lanchester,
759 2198 321 55 Frederick
1112 2196 278 69 William,
1427 2204 173 50 1868-

405 2281 122 55 The
559 2281 207 67 theory
796 2278 65 55 of
892 2278 350 54 dimensions
1276 2282 114 52 and
1419 2280 77 52 its
1526 2278 359 69 application
1920 2280 95 54 for
2049 2282 312 69 engineers,

332 2358 2006 135 by F. W. Lanchester … 1st ed. … [London] Printed by Taylor
452 2440 114 53 and
596 2437 261 69 Francis,
885 2438 125 67 ltd.,
1040 2440 152 51 1936.

408 2512 140 49 xxiii,
573 2511 103 50 314,
709 2511 56 51 [2]
793 2522 44 38 p.
865 2510 110 41 incl.
1004 2511 172 47 tables,
1205 2509 181 49 diagrs.
1447 2509 56 42 19
1504 2513 46 21 cm
1554 2542 9 9 .

408 2571 163 41 Blank
598 2580 150 39 pages
776 2569 80 40 for
883 2567 209 42 “Notes”
1128 2567 84 51 ([2]
1244 2569 53 39 at
1323 2567 118 48 end)

409 2628 224 49 “Special
661 2628 218 40 advance
905 2625 132 42 issue
1064 2624 192 42 limited
1283 2628 49 38 to
1360 2624 114 50 fifty
1499 2626 175 48 copies.
1736 2626 119 41 This
1884 2638 120 38 copy
2032 2627 42 41 is
2101 2639 76 31 no.
2205 2630 101 42 24.”

338 2682 2024 56 © 1c. Oct. 28, 1936; A ad int. 21921; pubd. Sept. 10; F. W. Lanchester,
408 2742 359 49 Birmingham,
793 2741 239 49 England.
1095 2738 255 52 (37-2108)

335 2848 256 66 Langer,
620 2848 161 56 Max.

413 2926 246 56 Studien
713 2926 139 53 über
908 2925 292 69 aufgaben
1255 2926 99 52 der
1409 2925 592 70 fernsprechtechnik,
2054 2946 111 34 von
2219 2930 141 51 Max

335 3007 245 67 Langer.
643 3005 310 67 München,
980 3004 69 54 R.
1079 3003 395 69 Oldenbourg,
1503 3007 150 50 1936.

409 3080 27 40 1
467 3090 42 29 v.

338 3134 1846 54 © Apr. 3, 1936; 1c. Oct. 22; A- Foreign 33320; R. Oldenbourg.
337 3259 262 64 London,
629 3256 169 66 Jack,
831 3257 329 54 1876-1916.

474 3331 1886 72 … La petite dame de la grande maison (The little lady of
340 3414 96 53 the
469 3411 102 71 big
604 3411 204 69 house)
893 3410 251 57 Traduit
1180 3429 108 50 par
1322 3409 177 54 Louis
1535 3407 210 57 Postif.
1827 3409 205 69 [Paris]
2075 3409 285 55 Hachette

346 3494 173 67 [1936]

409 3563 101 50 255,
550 3564 56 50 [1]
643 3574 45 39 p.
748 3562 56 42 19
807 3565 45 21 cm
856 3593 10 10 .
938 3562 99 50 (On
1072 3574 165 31 cover:
1275 3563 120 39 “Les
1430 3563 250 40 meilleurs
1715 3573 197 30 romans
1949 3561 310 51 étrangers”)

338 3620 1884 54 © July 2, 1936; 1c. Dec. 7; A-Foreign 33812; Librairie Hachette.
421 3680 255 51 (37-1482)

338 3786 185 64 Long,
550 3786 223 64 Joseph
799 3785 285 55 Kindred.

471 3861 1887 70 … Trends in the equalization of educational opportunity in
341 3939 2016 74 North Carolina, by Joseph Kindred Long … Nashville,
338 4021 178 53 Tenn.,
567 4020 224 68 George
823 4020 272 68 Peabody
1127 4020 213 68 college
1372 4021 95 52 for
1499 4019 270 68 teachers,
1803 4023 150 50 1936.
