2519 4377
1246 4127 135 55 1470

312 448 203 64 Trent,
543 447 151 64 Guy.

387 538 120 55 Can
537 538 127 53 love
692 537 65 53 be
786 538 175 53 kind?
1043 539 90 65 By
1161 538 131 66 Guy
1324 539 193 52 Trent.
1595 538 258 61 London,
1882 539 162 53 Mills
2074 543 44 50 &
2148 542 179 51 Boon,

313 617 224 53 limited
569 619 174 64 ,1936]

379 704 84 40 252
493 714 42 37 p.
594 703 55 41 19c
670 705 26 21 m
703 737 8 7 .

312 771 2000 53 © 1c. Oct. 17, 1936; A ad int. 21883: pubd. Aug. 21; G. Trent, Richmond
386 833 194 48 Surrey,
619 831 239 47 England.
936 830 282 48 (36-23912)

313 951 198 64 Ulton,
538 950 295 65 Paulette,
859 952 181 53 sister.

447 1042 1878 69 … A study of parent-child relationships, with emphasis on
312 1124 166 52 home
520 1123 303 66 discipline
868 1141 60 34 as
967 1123 45 53 it
1056 1123 196 53 affects
1291 1123 94 52 the
1429 1123 240 53 conduct
1713 1123 113 53 and
1868 1121 355 69 personality
2266 1124 62 51 of

315 1200 2011 68 a group of pre-adolescent girls … by Sister M. Paulette Ulton
375 1279 1954 69 … Washington, D. C., The Catholic university of America,
314 1362 150 52 1936.

380 1445 82 43 xii.
494 1446 83 40 193
608 1456 43 38 p.
710 1445 57 41 23
769 1447 45 22 cm
820 1475 8 8 .

378 1516 174 39 Thesis
591 1517 108 48 (PH.
762 1515 333 47 D.)—Catholic
1120 1513 274 49 university
1426 1515 51 40 of
1508 1514 238 51 America,
1778 1515 130 41 1936.

380 1573 351 49 Bibliography:
793 1583 43 39 p.
872 1571 219 45 179-186.

312 1641 53 53 ©
407 1646 119 46 Aug.
570 1645 68 48 30,
683 1644 141 47 1936;
870 1643 67 40 2c.
982 1643 95 40 and
1122 1643 81 42 aff.
1247 1644 119 45 Aug.
1410 1643 82 46 20;
1538 1644 39 39 A
1619 1643 171 47 97455;
1838 1642 223 43 Catholic
2105 1642 129 42 univ.
2279 1643 51 39 of

380 1700 240 42 America.
688 1700 283 49 (36-24080)

309 1821 198 65 Utley,
535 1822 213 55 Stuart
776 1820 198 65 Wells,
1005 1822 172 55 1879-

379 1915 124 52 The
536 1913 311 54 American
882 1917 238 64 system;
1157 1913 147 53 shall
1341 1931 80 34 we
1456 1913 228 67 destroy
1720 1912 79 54 it?
1904 1914 108 66 [By]
2057 1912 56 56 S.
2149 1912 179 55 Wells

311 1990 1795 69 Utley … Detroit, Mich., Speaker-Hines press [c1936]
381 2075 173 49 iii-xii,
586 2075 88 41 295
703 2087 44 37 p.
779 2076 110 40 incl.
920 2076 191 41 facsim.
1172 2076 55 39 22
1231 2078 43 22 cm
1280 2111 10 8 .

310 2147 53 53 ©
393 2151 102 41 Oct.
525 2152 40 46 1,
595 2150 115 41 1936;
770 2150 67 41 2c.
868 2150 95 39 and
997 2150 81 39 aff.
1111 2150 103 41 Oct.
1245 2150 25 41 8:
1331 2150 39 38 A
1400 2149 147 41 98834:
1610 2150 43 40 S.
1685 2150 72 40 W.
1789 2149 159 48 Utley,
1981 2148 208 41 Detroit.

390 2207 283 50 (36-24083)

309 2327 230 65 Variot,
564 2329 149 53 Jean
738 2327 222 66 James,
989 2331 171 49 1881-
1375 2327 83 53 ed.
1487 2327 114 52 and
1625 2343 179 51 comp.

445 2415 1884 72 … Contes populaires et traditions orales de l’Alsace. Paris,
312 2497 440 54 Firmin-Didot
785 2503 55 48 et
876 2517 28 34 ci
923 2504 19 22 e
978 2500 173 65 [1936]

383 2585 851 50 2 p. l., x, 310 p. plates. 25½ cm .
383 2658 64 40 At
478 2658 125 40 bead
630 2657 54 40 of
711 2656 136 42 title:
879 2657 124 41 Jean
1029 2656 189 43 Variot.

309 2724 2017 53 © June 25, 1936; 1c. Aug. 27; A-Foreign 32873; Firmin-Didot et cie.
392 2785 282 47 (36-22650)

309 2904 191 64 Vidal,
528 2906 281 64 Georges.

441 2986 1882 79 … Terreur à bord, roman policier. Paris, Les Éditions de
311 3076 219 54 France
728 3110 13 34 [1936]

384 3142 1736 70 i p. l., 248 p., 1 l. 18½cm. (On cover: A ne pas lire la nuit)
309 3232 2016 60 © May 10, 1936; 1c. June 4; A- Foreign 32124; Éditions de France.
390 3298 282 49 (36-23311)

308 3418 175 54 Vitae
514 3422 260 61 patrum.

383 3510 121 54 The
551 3511 189 54 desert
783 3509 249 67 fathers;
1081 3509 373 55 translations
1504 3509 150 55 from
1703 3510 94 54 the
1845 3506 172 57 Latin
2069 3508 134 54 with
2255 3528 68 34 an

313 3589 389 54 introduction
750 3589 74 68 by
870 3590 184 53 Helen
1100 3589 285 53 Waddell.
1481 3589 137 54 New
1668 3588 180 66 York,
1893 3589 76 51 H.
2020 3588 142 53 Holt
2214 3589 107 51 and

309 3686 280 49 company
808 3702 13 34 [c1936]

381 3757 64 47 xi,
476 3756 87 41 297
590 3765 42 39 p.
694 3755 58 41 20½
782 3758 45 22 cm
832 3787 8 8 .

381 3827 294 40 Translated
708 3826 126 41 from
867 3825 306 49 Rosweyde’s
1204 3826 172 40 second
1410 3825 188 41 revised
1632 3824 179 41 edition
1848 3825 51 40 of
1933 3825 82 41 the
2047 3824 140 41 Vitae
2223 3826 98 46 pat

312 3894 121 36 rum,
461 3883 253 49 published
748 3883 45 40 in
825 3882 127 41 1628.
1014 3893 60 30 cf.
1107 3883 127 39 Pref.

382 3939 233 42 “Notes”:
653 3951 43 38 p.
745 3938 236 51 [289]-297.

310 4006 53 53 ©
399 4011 99 38 Oct.
535 4011 40 42 9.
610 4012 141 43 1936;
788 4011 67 41 2c.
893 4010 94 40 and
1023 4010 82 40 aff.
1142 4010 102 40 Oct.
1281 4011 82 42 16;
1401 4011 39 39 A
1474 4008 171 43 99387;
1687 4009 168 46 Henry
1938 4008 67 40 Holt
2043 4010 34 37 &
2113 4018 82 30 co.,
2233 4007 88 38 inc.

392 4068 282 44 (36-23900)
