2519 4377
1255 4128 135 49 1614

323 404 379 66 [Longsdorf,
731 406 228 64 George
986 407 231 66 Foster]
1251 408 173 54 1871-

391 483 352 67 Cyclopedia
772 483 64 54 of
863 484 222 53 federal
1114 486 331 66 procedure,
1473 485 135 54 civil
1638 487 112 51 and
1779 485 281 54 criminal.
318 486 1997 129 Cumulative
533 562 384 67 supplement,
961 566 151 50 1936.
1191 565 92 65 By
1322 564 157 55 John
1521 565 80 52 M.
1646 564 342 55 Greenfield.
2069 563 271 71 Chicago,

321 640 325 68 Callaghan
672 641 115 53 and
814 659 299 49 company,
1142 644 152 52 1936.

389 725 559 50 2 p. l., 1474 p. 26 cm .
319 792 53 54 ©
403 798 118 38 Nov.
553 796 70 50 19,
658 796 116 41 1936;
834 796 69 42 2c.
936 798 118 39 Nov.
1086 797 57 40 23;
1204 798 82 41 aff.
1320 799 118 40 Nov.
1470 798 56 40 21;
1587 800 41 39 A
1661 798 175 41 100628;
1899 800 275 48 Callaghan
2206 801 36 40 &
2273 810 67 32 co.

315 917 286 67 Maurois,
625 917 225 57 André.

450 996 1889 70 … En Amérique, edited by Robert M. Waugh … New
319 1075 181 67 York,
541 1075 333 56 Cincinnati
938 1081 120 61 [etc.]
1103 1076 309 53 American
1451 1076 149 53 book
1638 1095 281 49 company
2005 1081 153 65 [c1936]

388 1162 96 49 xvi,
515 1162 85 40 192
627 1173 46 38 p.
702 1162 112 41 incl.
845 1162 136 40 front.
1025 1163 173 49 (port.)
1266 1162 56 40 19½
1355 1165 44 21 cm
1404 1195 9 9 .

668 1241 706 41 CONTENTS.—Introduction.—Premier
1421 1252 188 38 voyage
1654 1253 100 29 aux
1797 1232 306 59 États-Unis,
2152 1242 191 42 1927.—

320 1298 186 41 Second
550 1308 183 38 voyage
774 1308 90 29 ans
906 1298 299 47 États-Unis,
1248 1297 128 41 1931.
1394 1321 62 5 —
1473 1298 220 41 Conseils
1733 1299 30 39 à
1807 1309 66 29 un
1914 1299 148 47 jeune
2104 1300 238 47 Français

314 1357 203 47 partant
548 1366 124 38 pour
706 1354 940 50 l’Amérique.—Notes.—Vocabulaire.

316 1422 53 54 ©
404 1427 119 48 Aug.
560 1426 69 49 14,
668 1426 115 40 1936;
847 1426 69 41 2c.
951 1428 120 46 Aug.
1109 1426 56 40 18;
1232 1427 82 40 aff.
1350 1428 118 38 Nov.
1505 1426 56 39 21;
1628 1428 41 38 A
1701 1426 145 41 96952;
1914 1428 147 39 Amer.
2112 1428 125 39 book
2271 1437 68 30 co.

390 1484 286 50 [Copyright
700 1484 43 40 is
767 1484 208 40 claimed
1001 1494 61 30 on
1086 1494 108 29 new
1219 1485 195 48 matter]
1482 1483 284 49 (36-18192)

314 1588 359 56 Minnesota.
747 1590 282 66 Supreme
1058 1595 175 48 court.

386 1668 327 53 Minnesota
753 1673 226 62 reports.
1071 1687 49 33 v.
1166 1672 115 49 195.
1360 1668 172 55 Cases
1571 1668 213 67 argued
1828 1668 114 53 and
1984 1667 354 54 determined

378 1747 1958 67 … June 21-December 13, 1935. Ethel M. Martin, reporter.
318 1825 81 55 St.
439 1827 168 66 Paul,
641 1826 206 61 Minn.,
883 1826 232 52 Review
1152 1825 339 67 publishing
1528 1843 299 49 company,
1868 1828 151 51 1936.

386 1923 113 39 xxx,
530 1912 87 41 729
645 1923 45 38 p.
750 1911 57 40 22½c
855 1915 31 22 m
890 1945 9 9 .

316 1979 52 53 ©
403 1983 113 47 July
543 1982 41 50 9,
615 1982 117 41 1936;
791 1982 68 41 2c.
893 1983 128 48 Sept.
1052 1982 28 39 4;
1140 1983 82 40 aff.
1254 1984 118 39 Nov.
1404 1982 57 41 20;
1522 1983 40 39 A
1594 1982 174 40 100575;
1829 1982 132 41 Mike
1996 1982 161 48 Holm,
386 1991 1937 97 secretary
531 2041 50 40 of
613 2040 84 41 the
729 2042 131 38 state
891 2040 53 40 of
975 2039 276 41 Minnesota
1287 2041 51 38 in
1367 2041 131 39 trust
1531 2040 81 39 for
1644 2040 85 39 the
1759 2040 178 40 benefit
1968 2039 54 39 of
2053 2040 83 40 the
2170 2039 169 49 people

386 2097 52 40 of
464 2097 110 41 said
601 2099 144 47 state,
779 2098 67 41 St.
876 2098 138 40 Paul.

314 2204 440 66 Montgomery,
782 2200 259 59 William
1068 2203 176 65 John,
1275 2203 173 56 1873-

385 2281 231 71 Theory
664 2283 115 53 and
825 2282 252 70 practice
1125 2281 65 56 of
1234 2281 154 55 mine
1435 2281 360 68 ventilation,
1843 2281 76 69 by
1965 2281 267 57 William
2277 2283 57 55 J.

312 2361 1998 149 Montgomery … 1st ed. … Columbus, O., The Jeffrey manufacturing co., c 1936.
386 2527 1078 51 4 p. l. , 11-285 p. illus., diagrs. 19½ cm .
316 2598 53 54 ©
399 2603 129 47 Sept.
554 2601 70 49 28,
653 2600 117 41 1936;
826 2600 69 42 2c.
925 2601 95 39 and
1047 2601 83 40 aff.
1161 2601 102 40 Oct.
1291 2600 57 40 23;
1406 2601 41 39 A
1476 2599 174 41 100067;
1710 2600 196 48 Jeffrey
1936 2597 406 52 manufacturing

386 2670 67 29 co.
522 2657 284 50 (36-30004)

315 2763 121 52 The
475 2761 286 55 National
802 2762 348 68 cyclopædia
1193 2761 62 54 of
1296 2759 310 56 American
1646 2762 344 67 biography,
2031 2761 172 68 being
2241 2762 96 52 the

385 2842 223 67 history
637 2841 64 53 of
729 2842 95 51 the
853 2841 220 55 United
1104 2841 190 55 States
1323 2859 60 33 as
1408 2840 330 53 illustrated
1766 2840 59 52 in
1853 2841 96 52 the
1979 2839 144 53 lives
2149 2839 63 55 of
2240 2840 97 54 the

388 2920 294 60 founders,
710 2919 273 69 builders,
1011 2920 113 53 and
1152 2920 305 53 defenders
1487 2920 62 53 of
1577 2920 96 53 the
1702 2919 276 68 republic,
2007 2920 112 52 and
2148 2919 63 54 of
2240 2920 97 52 the

386 3018 128 35 men
548 3000 114 52 and
695 3017 218 36 women
946 2999 127 53 who
1108 3017 92 34 are
1233 2998 179 67 doing
1442 2999 97 53 the
1570 2999 159 52 work
1762 2999 113 52 and
1908 2998 304 68 moulding
2240 2999 97 52 the

384 3079 252 66 thought
673 3078 63 53 of
772 3079 97 52 the
905 3083 229 62 present
1170 3078 166 65 time;
1378 3077 188 53 edited
1604 3078 75 67 by
1717 3077 424 68 distinguished
385 3075 1927 149 biographers,
679 3157 242 53 selected
957 3156 156 53 from
1149 3157 135 52 each
1321 3161 163 62 state,
1520 3156 221 53 revised
1779 3157 113 52 and
1930 3156 296 68 approved
2260 3157 75 67 by

385 3235 96 53 the
517 3241 149 48 most
703 3234 251 54 eminent
988 3234 330 61 historians,
1356 3235 250 52 scholars
1645 3237 110 51 and
1795 3239 306 49 statesmen
2139 3236 63 53 of
2238 3235 98 53 the

386 3314 129 67 day.
578 3315 247 54 Volume
850 3317 82 50 25.
1010 3314 139 53 New
1177 3314 181 66 York,
1383 3316 55 53 J.
1468 3316 64 51 T.
1560 3314 197 55 White
1784 3317 44 50 &
1855 3332 299 50 company,
2182 3317 151 50 1936.

386 3390 860 52 2 p. l. , 445, [4] p. ports. 27½ cm .
315 3458 56 53 ©
397 3463 118 39 Nov.
546 3462 71 46 20,
649 3461 117 41 1936;
824 3462 69 40 2c.
925 3463 118 40 Nov.
1075 3462 57 39 24;
1195 3462 81 40 aff.
1309 3464 118 39 Nov.
1460 3462 56 40 21;
1577 3464 41 39 A
1650 3462 175 40 100626;
1887 3464 168 39 James
2088 3464 51 39 T.
2172 3463 165 41 White

387 3520 36 41 &
448 3530 68 30 co.

315 3625 282 54 National
622 3625 320 54 industrial
969 3626 348 54 conference
1343 3626 201 53 board.

449 3703 1885 69 … Private long-term debt and interest in the United States,
315 3782 2019 66 by Leonard Kuvin, Conference board research staff … New
317 3860 163 52 York
510 3859 134 67 city,
678 3861 274 53 National
984 3861 308 53 industrial
1327 3861 331 53 conference
1689 3862 196 57 board,
1917 3861 105 53 inc.
2064 3864 175 64 [c1936
2245 3894 12 34 ]

386 3932 98 48 xiv,
511 3932 88 41 138
623 3943 45 38 p.
726 3933 180 46 diagrs.
963 3932 57 41 23½
1053 3936 45 21 cm
1102 3967 8 8 .
1178 3933 97 47 (Its
1306 3933 210 41 Studies,
1574 3944 73 29 no.
1677 3933 111 47 230)

318 3999 54 53 ©
402 4004 128 48 Sept.
563 4005 69 48 17,
665 4004 116 41 1936;
840 4005 66 39 2c.
940 4005 96 39 and
1068 4006 83 40 aff.
1186 4005 102 41 Oct.
1321 4005 25 38 2;
1408 4007 41 38 A
1480 4004 147 41 98750;
1688 4006 114 38 Natl.
1849 4005 267 39 industrial
389 4003 1927 98 conference
528 4061 167 50 board,
722 4061 91 41 inc.
882 4060 283 49 (36-28523)
