<alto xmlns="http://www.loc.gov/standards/alto/ns-v3#" xmlns:xlink="http://www.w3.org/1999/xlink" xmlns:xsi="http://www.w3.org/2001/XMLSchema-instance" xsi:schemaLocation="http://www.loc.gov/standards/alto/ns-v3# http://www.loc.gov/alto/v3/alto-3-0.xsd"><Description>
<MeasurementUnit>pixel</MeasurementUnit>
<sourceImageInformation>
<fileName>1936_v33_Part1.pdf</fileName>
</sourceImageInformation>
<OCRProcessing ID="IdOcr">
<ocrProcessingStep>
<processingDateTime>2019-01-18</processingDateTime>
<processingSoftware>
<softwareCreator>ABBYY</softwareCreator>
<softwareName>ABBYY Recognition Server</softwareName>
<softwareVersion>4.0</softwareVersion>
</processingSoftware>
</ocrProcessingStep>
</OCRProcessing>
</Description>
<Styles>
<ParagraphStyle ID="StyleId-FFFFFFFF-FFFF-FFFF-FFFF-FFFFFFFFFFFF-" ALIGN="Left" LEFT="0." RIGHT="0." FIRSTLINE="0."/>
<ParagraphStyle ID="StyleId-51D50FAC-7A90-4D70-8A96-5EA9D46D1C8B-" ALIGN="Left" LEFT="0." RIGHT="0." FIRSTLINE="0." LINESPACE="7.699999809"/>
<ParagraphStyle ID="StyleId-6BC133E9-7DCB-43C3-8842-A67984A26405-" ALIGN="Block" LEFT="0." RIGHT="0." FIRSTLINE="-17." LINESPACE="8.340000153"/>
<ParagraphStyle ID="StyleId-3C3FF860-43E7-46A2-8934-48F305F6F0D6-" ALIGN="Left" LEFT="0." RIGHT="0." FIRSTLINE="-13." LINESPACE="11.06999969"/>
<ParagraphStyle ID="StyleId-19220C76-4F8A-4737-B38C-B5F5C17E6040-" ALIGN="Block" LEFT="0." RIGHT="0." FIRSTLINE="-13." LINESPACE="11.06999969"/>
<ParagraphStyle ID="StyleId-75A0D721-13ED-4F20-9002-B389EC48477D-" ALIGN="Left" LEFT="0." RIGHT="0." FIRSTLINE="0." LINESPACE="15.5"/>
<ParagraphStyle ID="StyleId-8A414184-C7A5-4AC7-9B88-7DA4DDE75922-" ALIGN="Left" LEFT="0." RIGHT="0." FIRSTLINE="0." LINESPACE="9.399999619"/>
<ParagraphStyle ID="StyleId-1A87970B-111C-4169-99A6-9412976F3C97-" ALIGN="Left" LEFT="0." RIGHT="0." FIRSTLINE="0." LINESPACE="10.5"/>
<ParagraphStyle ID="StyleId-72DB0571-5AE4-41FD-9E11-68C6AC4C437E-" ALIGN="Block" LEFT="0." RIGHT="0." FIRSTLINE="-17." LINESPACE="8.340000153"/>
<ParagraphStyle ID="StyleId-1AA43056-C388-4697-B10F-72FDAA38FAE1-" ALIGN="Center" LEFT="0." RIGHT="0." FIRSTLINE="0." LINESPACE="10.5"/>
</Styles>
<Layout>
<Page ID="Page44" PHYSICAL_IMG_NR="44" HEIGHT="4361" WIDTH="2597">
<TopMargin HEIGHT="376" WIDTH="2597" VPOS="0" HPOS="0">
</TopMargin>
<LeftMargin HEIGHT="3754" WIDTH="382" VPOS="376" HPOS="0">
</LeftMargin>
<RightMargin HEIGHT="3754" WIDTH="161" VPOS="376" HPOS="2436">
</RightMargin>
<BottomMargin HEIGHT="231" WIDTH="2597" VPOS="4130" HPOS="0">
</BottomMargin>
<PrintSpace HEIGHT="3754" WIDTH="2054" VPOS="376" HPOS="382">
<TextBlock ID="Page44_Block1" HEIGHT="70" WIDTH="88" VPOS="4060" HPOS="1362" LANG="en-US" STYLEREFS="StyleId-B00F1447-5C0B-497D-84AE-13635B4FB7D2-">
<TextLine HEIGHT="48" WIDTH="67" VPOS="4071" HPOS="1373">
<String CONTENT="44" HEIGHT="48" WIDTH="67" VPOS="4071" HPOS="1373"/>
</TextLine>
</TextBlock>
<TextBlock ID="Page44_Block2" HEIGHT="3692" WIDTH="2054" VPOS="376" HPOS="382" LANG="en-US" CS="1" STYLEREFS="StyleId-C9A4C346-1335-4120-B31E-8826D124B2E5-">
<TextLine HEIGHT="71" WIDTH="2027" VPOS="466" HPOS="393" STYLEREFS="StyleId-525637DB-1774-4086-8050-B8FAC49ED21E-">
<String CONTENT="cago," HEIGHT="53" WIDTH="159" VPOS="484" HPOS="393"/>
<SP HEIGHT="68" WIDTH="42" VPOS="468" HPOS="553"/>
<String CONTENT="New" HEIGHT="54" WIDTH="140" VPOS="468" HPOS="596"/>
<SP HEIGHT="52" WIDTH="42" VPOS="469" HPOS="737"/>
<String CONTENT="York," HEIGHT="69" WIDTH="182" VPOS="467" HPOS="780"/>
<SP HEIGHT="70" WIDTH="43" VPOS="466" HPOS="963"/>
<String CONTENT="Commerce" HEIGHT="55" WIDTH="328" VPOS="466" HPOS="1007"/>
<SP HEIGHT="35" WIDTH="42" VPOS="486" HPOS="1336"/>
<String CONTENT="clearing" HEIGHT="69" WIDTH="256" VPOS="467" HPOS="1379"/>
<SP HEIGHT="68" WIDTH="38" VPOS="468" HPOS="1636"/>
<String CONTENT="house," HEIGHT="67" WIDTH="193" VPOS="468" HPOS="1675"/>
<SP HEIGHT="68" WIDTH="40" VPOS="467" HPOS="1869"/>
<String CONTENT="inc.," HEIGHT="67" WIDTH="127" VPOS="467" HPOS="1910"/>
<SP HEIGHT="65" WIDTH="40" VPOS="469" HPOS="2038"/>
<String CONTENT="Loose" HEIGHT="53" WIDTH="178" VPOS="469" HPOS="2079"/>
<SP HEIGHT="51" WIDTH="42" VPOS="469" HPOS="2258"/>
<String CONTENT="leaf" HEIGHT="53" WIDTH="119" VPOS="468" HPOS="2301"/>
</TextLine>
<TextLine HEIGHT="71" WIDTH="1878" VPOS="544" HPOS="394" STYLEREFS="StyleId-525637DB-1774-4086-8050-B8FAC49ED21E-">
<String CONTENT="service" HEIGHT="55" WIDTH="216" VPOS="545" HPOS="394"/>
<SP HEIGHT="53" WIDTH="29" VPOS="547" HPOS="611"/>
<String CONTENT="division" HEIGHT="56" WIDTH="252" VPOS="544" HPOS="641"/>
<SP HEIGHT="35" WIDTH="30" VPOS="564" HPOS="894"/>
<String CONTENT="of" HEIGHT="54" WIDTH="65" VPOS="545" HPOS="925"/>
<SP HEIGHT="54" WIDTH="29" VPOS="545" HPOS="991"/>
<String CONTENT="the" HEIGHT="53" WIDTH="97" VPOS="546" HPOS="1021"/>
<SP HEIGHT="55" WIDTH="33" VPOS="546" HPOS="1119"/>
<String CONTENT="Corporation" HEIGHT="69" WIDTH="388" VPOS="545" HPOS="1153"/>
<SP HEIGHT="47" WIDTH="30" VPOS="552" HPOS="1542"/>
<String CONTENT="trust" HEIGHT="48" WIDTH="154" VPOS="552" HPOS="1573"/>
<SP HEIGHT="48" WIDTH="31" VPOS="552" HPOS="1728"/>
<String CONTENT="company," HEIGHT="50" WIDTH="303" VPOS="565" HPOS="1760"/>
<SP HEIGHT="62" WIDTH="31" VPOS="552" HPOS="2064"/>
<String STYLE="superscript" CONTENT="c" HEIGHT="22" WIDTH="18" VPOS="552" HPOS="2096"/>
<String CONTENT="1936]" HEIGHT="64" WIDTH="153" VPOS="551" HPOS="2119"/>
</TextLine>
<TextLine HEIGHT="51" WIDTH="591" VPOS="618" HPOS="466" CS="1">
<String CONTENT="235" HEIGHT="43" WIDTH="87" VPOS="619" HPOS="466"/>
<SP HEIGHT="50" WIDTH="28" VPOS="619" HPOS="554"/>
<String CONTENT="p." HEIGHT="38" WIDTH="45" VPOS="631" HPOS="583"/>
<SP HEIGHT="42" WIDTH="59" VPOS="620" HPOS="629"/>
<String CONTENT="23" HEIGHT="41" WIDTH="54" VPOS="620" HPOS="689"/>
<String STYLE="superscript" CONTENT="cm" HEIGHT="21" WIDTH="43" VPOS="623" HPOS="747"/>
<String CONTENT="." HEIGHT="9" WIDTH="8" VPOS="652" HPOS="797"/>
<SP/>
<String CONTENT="$1.00" HEIGHT="50" WIDTH="133" VPOS="618" HPOS="924"/>
</TextLine>
<TextLine HEIGHT="54" WIDTH="2034" VPOS="675" HPOS="391" CS="1">
<String CONTENT="&#169;" HEIGHT="54" WIDTH="54" VPOS="675" HPOS="391"/>
<SP HEIGHT="54" WIDTH="39" VPOS="675" HPOS="446"/>
<String CONTENT="Jan." HEIGHT="40" WIDTH="110" VPOS="680" HPOS="486"/>
<SP HEIGHT="40" WIDTH="39" VPOS="680" HPOS="597"/>
<String CONTENT="14," HEIGHT="48" WIDTH="69" VPOS="680" HPOS="637"/>
<SP HEIGHT="49" WIDTH="39" VPOS="679" HPOS="707"/>
<String CONTENT="1936;" HEIGHT="49" WIDTH="143" VPOS="677" HPOS="747"/>
<SP HEIGHT="47" WIDTH="40" VPOS="679" HPOS="891"/>
<String CONTENT="2c." HEIGHT="41" WIDTH="68" VPOS="679" HPOS="932"/>
<SP HEIGHT="31" WIDTH="41" VPOS="689" HPOS="1001"/>
<String CONTENT="and" HEIGHT="38" WIDTH="97" VPOS="680" HPOS="1043"/>
<SP HEIGHT="38" WIDTH="40" VPOS="680" HPOS="1141"/>
<String CS="1" CONTENT="aff." HEIGHT="29" WIDTH="82" VPOS="690" HPOS="1182"/>
<SP HEIGHT="40" WIDTH="43" VPOS="679" HPOS="1265"/>
<String CONTENT="Jan." HEIGHT="39" WIDTH="110" VPOS="679" HPOS="1309"/>
<SP HEIGHT="39" WIDTH="39" VPOS="679" HPOS="1420"/>
<String CS="1" CONTENT="20;" HEIGHT="40" WIDTH="56" VPOS="678" HPOS="1460"/>
<SP HEIGHT="47" WIDTH="42" VPOS="679" HPOS="1544"/>
<!-- cceid 93DDE24F-6E3A-1014-83DD-942C093A1DD9 --><String CONTENT="A" HEIGHT="39" WIDTH="41" VPOS="679" HPOS="1587"/>
<SP HEIGHT="40" WIDTH="38" VPOS="678" HPOS="1629"/>
<String CONTENT="91320;" HEIGHT="47" WIDTH="173" VPOS="678" HPOS="1668"/>
<SP HEIGHT="47" WIDTH="44" VPOS="678" HPOS="1842"/>
<String CONTENT="Commerce" HEIGHT="41" WIDTH="282" VPOS="678" HPOS="1887"/>
<SP HEIGHT="31" WIDTH="36" VPOS="689" HPOS="2170"/>
<String CONTENT="clearing" HEIGHT="50" WIDTH="218" VPOS="679" HPOS="2207"/>
</TextLine>
<TextLine HEIGHT="49" WIDTH="626" VPOS="736" HPOS="462">
<String CONTENT="house," HEIGHT="47" WIDTH="166" VPOS="738" HPOS="462"/>
<SP HEIGHT="47" WIDTH="35" VPOS="738" HPOS="629"/>
<String CONTENT="inc." HEIGHT="39" WIDTH="89" VPOS="738" HPOS="665"/>
<SP HEIGHT="49" WIDTH="77" VPOS="736" HPOS="755"/>
<String CONTENT="(36-1672)" HEIGHT="49" WIDTH="255" VPOS="736" HPOS="833"/>
</TextLine>
<TextLine HEIGHT="65" WIDTH="1059" VPOS="840" HPOS="396" STYLEREFS="StyleId-525637DB-1774-4086-8050-B8FAC49ED21E-">
<String CONTENT="Cotterill," HEIGHT="65" WIDTH="290" VPOS="840" HPOS="396"/>
<SP HEIGHT="63" WIDTH="27" VPOS="842" HPOS="687"/>
<String CONTENT="Robert" HEIGHT="55" WIDTH="226" VPOS="841" HPOS="715"/>
<SP HEIGHT="55" WIDTH="29" VPOS="841" HPOS="942"/>
<String CONTENT="Spencer," HEIGHT="63" WIDTH="277" VPOS="841" HPOS="972"/>
<SP HEIGHT="57" WIDTH="32" VPOS="847" HPOS="1250"/>
<String CONTENT="1884-" HEIGHT="50" WIDTH="172" VPOS="846" HPOS="1283"/>
</TextLine>
<TextLine HEIGHT="71" WIDTH="1954" VPOS="917" HPOS="468" STYLEREFS="StyleId-525637DB-1774-4086-8050-B8FAC49ED21E-">
<String CONTENT="The" HEIGHT="54" WIDTH="124" VPOS="919" HPOS="468"/>
<SP HEIGHT="36" WIDTH="36" VPOS="937" HPOS="593"/>
<String CONTENT="old" HEIGHT="53" WIDTH="97" VPOS="920" HPOS="630"/>
<SP HEIGHT="56" WIDTH="39" VPOS="918" HPOS="728"/>
<String CONTENT="South;" HEIGHT="69" WIDTH="215" VPOS="918" HPOS="768"/>
<SP HEIGHT="64" WIDTH="40" VPOS="923" HPOS="984"/>
<String CONTENT="the" HEIGHT="55" WIDTH="100" VPOS="918" HPOS="1025"/>
<SP HEIGHT="52" WIDTH="34" VPOS="936" HPOS="1126"/>
<String CONTENT="geographic," HEIGHT="71" WIDTH="370" VPOS="917" HPOS="1161"/>
<SP HEIGHT="49" WIDTH="35" VPOS="938" HPOS="1532"/>
<String CONTENT="economic," HEIGHT="69" WIDTH="305" VPOS="918" HPOS="1568"/>
<SP HEIGHT="49" WIDTH="37" VPOS="938" HPOS="1874"/>
<String CONTENT="social," HEIGHT="66" WIDTH="193" VPOS="919" HPOS="1912"/>
<SP HEIGHT="50" WIDTH="37" VPOS="938" HPOS="2106"/>
<String CONTENT="political," HEIGHT="68" WIDTH="278" VPOS="920" HPOS="2144"/>
</TextLine>
<TextLine HEIGHT="71" WIDTH="2023" VPOS="996" HPOS="397" STYLEREFS="StyleId-525637DB-1774-4086-8050-B8FAC49ED21E-" CS="1">
<String CONTENT="and" HEIGHT="52" WIDTH="115" VPOS="1000" HPOS="397"/>
<SP HEIGHT="52" WIDTH="43" VPOS="1000" HPOS="513"/>
<String CONTENT="cultural" HEIGHT="53" WIDTH="248" VPOS="999" HPOS="557"/>
<SP HEIGHT="53" WIDTH="41" VPOS="999" HPOS="806"/>
<String CONTENT="expansion," HEIGHT="70" WIDTH="335" VPOS="997" HPOS="848"/>
<SP HEIGHT="69" WIDTH="39" VPOS="997" HPOS="1184"/>
<String CONTENT="institutions," HEIGHT="68" WIDTH="378" VPOS="997" HPOS="1224"/>
<SP HEIGHT="46" WIDTH="45" VPOS="1019" HPOS="1603"/>
<String CONTENT="and" HEIGHT="54" WIDTH="111" VPOS="999" HPOS="1649"/>
<SP HEIGHT="53" WIDTH="44" VPOS="999" HPOS="1761"/>
<String CONTENT="nationalism" HEIGHT="57" WIDTH="372" VPOS="996" HPOS="1806"/>
<SP HEIGHT="35" WIDTH="40" VPOS="1018" HPOS="2179"/>
<String CS="1" CONTENT="of" HEIGHT="34" WIDTH="31" VPOS="1019" HPOS="2220"/>
<SP HEIGHT="47" WIDTH="39" VPOS="1006" HPOS="2285"/>
<String CONTENT="the" HEIGHT="54" WIDTH="95" VPOS="1000" HPOS="2325"/>
</TextLine>
<TextLine HEIGHT="70" WIDTH="2023" VPOS="1076" HPOS="398" STYLEREFS="StyleId-525637DB-1774-4086-8050-B8FAC49ED21E-" CS="1">
<String CONTENT="ante-bellum" HEIGHT="55" WIDTH="370" VPOS="1078" HPOS="398"/>
<SP HEIGHT="56" WIDTH="28" VPOS="1077" HPOS="769"/>
<String CONTENT="South," HEIGHT="69" WIDTH="204" VPOS="1077" HPOS="798"/>
<SP HEIGHT="69" WIDTH="23" VPOS="1077" HPOS="1003"/>
<String CONTENT="by" HEIGHT="69" WIDTH="78" VPOS="1077" HPOS="1027"/>
<SP HEIGHT="69" WIDTH="23" VPOS="1077" HPOS="1106"/>
<String CONTENT="R." HEIGHT="54" WIDTH="69" VPOS="1077" HPOS="1130"/>
<SP HEIGHT="57" WIDTH="29" VPOS="1076" HPOS="1200"/>
<String CONTENT="S." HEIGHT="57" WIDTH="56" VPOS="1076" HPOS="1230"/>
<SP HEIGHT="56" WIDTH="29" VPOS="1076" HPOS="1287"/>
<String CONTENT="Cotterill" HEIGHT="56" WIDTH="267" VPOS="1076" HPOS="1317"/>
<SP HEIGHT="52" WIDTH="31" VPOS="1079" HPOS="1585"/>
<String CS="1" CONTENT="&#8230;"/>
<SP HEIGHT="56" WIDTH="80" VPOS="1077" HPOS="1673"/>
<String CONTENT="Glendale," HEIGHT="69" WIDTH="300" VPOS="1077" HPOS="1754"/>
<SP HEIGHT="68" WIDTH="25" VPOS="1078" HPOS="2055"/>
<String CONTENT="Calif.," HEIGHT="68" WIDTH="195" VPOS="1078" HPOS="2081"/>
<SP HEIGHT="66" WIDTH="24" VPOS="1080" HPOS="2277"/>
<String CONTENT="The" HEIGHT="53" WIDTH="119" VPOS="1079" HPOS="2302"/>
</TextLine>
<TextLine HEIGHT="69" WIDTH="1065" VPOS="1156" HPOS="397" STYLEREFS="StyleId-525637DB-1774-4086-8050-B8FAC49ED21E-">
<String CONTENT="Arthur" HEIGHT="54" WIDTH="229" VPOS="1157" HPOS="397"/>
<SP HEIGHT="53" WIDTH="28" VPOS="1157" HPOS="627"/>
<String CONTENT="H." HEIGHT="53" WIDTH="77" VPOS="1157" HPOS="656"/>
<SP HEIGHT="56" WIDTH="31" VPOS="1156" HPOS="734"/>
<String CONTENT="Clark" HEIGHT="56" WIDTH="181" VPOS="1156" HPOS="766"/>
<SP HEIGHT="55" WIDTH="25" VPOS="1156" HPOS="948"/>
<String CONTENT="company," HEIGHT="51" WIDTH="303" VPOS="1174" HPOS="974"/>
<SP HEIGHT="64" WIDTH="30" VPOS="1161" HPOS="1278"/>
<String CONTENT="1936." HEIGHT="51" WIDTH="153" VPOS="1160" HPOS="1309"/>
</TextLine>
<TextLine HEIGHT="50" WIDTH="696" VPOS="1231" HPOS="467" CS="1">
<String CONTENT="354" HEIGHT="41" WIDTH="87" VPOS="1233" HPOS="467"/>
<SP HEIGHT="48" WIDTH="30" VPOS="1233" HPOS="555"/>
<String CONTENT="p." HEIGHT="38" WIDTH="42" VPOS="1243" HPOS="586"/>
<SP HEIGHT="40" WIDTH="31" VPOS="1231" HPOS="629"/>
<String CONTENT="incl." HEIGHT="41" WIDTH="107" VPOS="1231" HPOS="661"/>
<SP HEIGHT="29" WIDTH="31" VPOS="1242" HPOS="769"/>
<String CONTENT="maps." HEIGHT="39" WIDTH="152" VPOS="1241" HPOS="801"/>
<SP HEIGHT="40" WIDTH="59" VPOS="1231" HPOS="954"/>
<String CS="1" CONTENT="24&#189;" HEIGHT="40" WIDTH="58" VPOS="1231" HPOS="1014"/>
<String STYLE="superscript" CONTENT="cm" HEIGHT="22" WIDTH="45" VPOS="1233" HPOS="1104"/>
<String CONTENT="." HEIGHT="9" WIDTH="9" VPOS="1264" HPOS="1154"/>
</TextLine>
<TextLine HEIGHT="50" WIDTH="1946" VPOS="1288" HPOS="472">
<String CONTENT="&#8220;Two" HEIGHT="40" WIDTH="143" VPOS="1290" HPOS="472"/>
<SP HEIGHT="40" WIDTH="33" VPOS="1290" HPOS="616"/>
<String CONTENT="hundred" HEIGHT="40" WIDTH="222" VPOS="1289" HPOS="650"/>
<SP HEIGHT="40" WIDTH="34" VPOS="1289" HPOS="873"/>
<String CONTENT="and" HEIGHT="40" WIDTH="95" VPOS="1289" HPOS="908"/>
<SP HEIGHT="41" WIDTH="32" VPOS="1288" HPOS="1004"/>
<String CONTENT="fifty" HEIGHT="49" WIDTH="114" VPOS="1288" HPOS="1037"/>
<SP HEIGHT="39" WIDTH="29" VPOS="1298" HPOS="1152"/>
<String CONTENT="copies" HEIGHT="49" WIDTH="161" VPOS="1288" HPOS="1182"/>
<SP HEIGHT="38" WIDTH="31" VPOS="1299" HPOS="1344"/>
<String CONTENT="printed" HEIGHT="49" WIDTH="195" VPOS="1288" HPOS="1376"/>
<SP HEIGHT="40" WIDTH="31" VPOS="1290" HPOS="1572"/>
<String CONTENT="on" HEIGHT="30" WIDTH="61" VPOS="1300" HPOS="1604"/>
<SP HEIGHT="42" WIDTH="34" VPOS="1288" HPOS="1666"/>
<String CONTENT="Covenant" HEIGHT="42" WIDTH="250" VPOS="1288" HPOS="1701"/>
<SP HEIGHT="38" WIDTH="34" VPOS="1290" HPOS="1952"/>
<String CONTENT="rag" HEIGHT="39" WIDTH="88" VPOS="1299" HPOS="1987"/>
<SP HEIGHT="38" WIDTH="31" VPOS="1300" HPOS="2076"/>
<String CONTENT="paper," HEIGHT="38" WIDTH="163" VPOS="1300" HPOS="2108"/>
<SP HEIGHT="33" WIDTH="30" VPOS="1300" HPOS="2272"/>
<String CONTENT="each" HEIGHT="40" WIDTH="115" VPOS="1291" HPOS="2303"/>
</TextLine>
<TextLine HEIGHT="50" WIDTH="1135" VPOS="1345" HPOS="396" CS="1">
<String CONTENT="numbered," HEIGHT="48" WIDTH="279" VPOS="1346" HPOS="396"/>
<SP HEIGHT="45" WIDTH="24" VPOS="1349" HPOS="676"/>
<String CONTENT="this" HEIGHT="42" WIDTH="99" VPOS="1345" HPOS="701"/>
<SP HEIGHT="40" WIDTH="24" VPOS="1347" HPOS="801"/>
<String CONTENT="being" HEIGHT="50" WIDTH="145" VPOS="1345" HPOS="826"/>
<SP HEIGHT="38" WIDTH="23" VPOS="1357" HPOS="972"/>
<String CS="1" CONTENT="&#8230;"/>
<SP HEIGHT="42" WIDTH="28" VPOS="1346" HPOS="1046"/>
<String CONTENT="Copyright" HEIGHT="49" WIDTH="267" VPOS="1346" HPOS="1075"/>
<SP HEIGHT="39" WIDTH="25" VPOS="1348" HPOS="1343"/>
<String CONTENT="copy.&#8221;" HEIGHT="50" WIDTH="162" VPOS="1345" HPOS="1369"/>
</TextLine>
<TextLine HEIGHT="51" WIDTH="735" VPOS="1403" HPOS="471" CS="1">
<String CONTENT="Bibliography:" HEIGHT="50" WIDTH="377" VPOS="1403" HPOS="471"/>
<SP HEIGHT="37" WIDTH="28" VPOS="1416" HPOS="849"/>
<String CONTENT="p." HEIGHT="37" WIDTH="44" VPOS="1416" HPOS="878"/>
<SP HEIGHT="30" WIDTH="33" VPOS="1424" HPOS="923"/>
<String CS="1" CONTENT="[333]-344." HEIGHT="50" WIDTH="237" VPOS="1403" HPOS="969"/>
</TextLine>
<TextLine HEIGHT="54" WIDTH="2030" VPOS="1457" HPOS="395" CS="1">
<String CONTENT="&#169;" HEIGHT="54" WIDTH="53" VPOS="1457" HPOS="395"/>
<SP HEIGHT="54" WIDTH="26" VPOS="1457" HPOS="449"/>
<String CONTENT="Jan." HEIGHT="40" WIDTH="111" VPOS="1463" HPOS="476"/>
<SP HEIGHT="41" WIDTH="25" VPOS="1462" HPOS="588"/>
<String CONTENT="24," HEIGHT="48" WIDTH="70" VPOS="1462" HPOS="614"/>
<SP HEIGHT="47" WIDTH="24" VPOS="1463" HPOS="685"/>
<String CONTENT="1936;" HEIGHT="41" WIDTH="141" VPOS="1462" HPOS="710"/>
<SP HEIGHT="42" WIDTH="28" VPOS="1461" HPOS="852"/>
<String CONTENT="2c." HEIGHT="41" WIDTH="67" VPOS="1461" HPOS="881"/>
<SP HEIGHT="40" WIDTH="28" VPOS="1462" HPOS="949"/>
<String CONTENT="Jan." HEIGHT="39" WIDTH="110" VPOS="1462" HPOS="978"/>
<SP HEIGHT="39" WIDTH="28" VPOS="1461" HPOS="1089"/>
<String CONTENT="29;" HEIGHT="42" WIDTH="83" VPOS="1461" HPOS="1118"/>
<SP HEIGHT="31" WIDTH="29" VPOS="1472" HPOS="1202"/>
<String CS="1" CONTENT="aff." HEIGHT="29" WIDTH="82" VPOS="1473" HPOS="1232"/>
<SP HEIGHT="41" WIDTH="28" VPOS="1461" HPOS="1315"/>
<String CONTENT="Jan." HEIGHT="41" WIDTH="111" VPOS="1461" HPOS="1344"/>
<SP HEIGHT="41" WIDTH="26" VPOS="1461" HPOS="1456"/>
<String CS="1" CONTENT="28;" HEIGHT="41" WIDTH="56" VPOS="1461" HPOS="1483"/>
<SP HEIGHT="41" WIDTH="30" VPOS="1462" HPOS="1567"/>
<!-- cceid 93DE7D0F-6E3A-1014-83DD-942C093A1DD9 --><String CONTENT="A" HEIGHT="38" WIDTH="40" VPOS="1462" HPOS="1598"/>
<SP HEIGHT="41" WIDTH="26" VPOS="1459" HPOS="1639"/>
<String CONTENT="90538;" HEIGHT="49" WIDTH="173" VPOS="1459" HPOS="1666"/>
<SP HEIGHT="47" WIDTH="29" VPOS="1461" HPOS="1840"/>
<String CONTENT="Arthur" HEIGHT="40" WIDTH="190" VPOS="1461" HPOS="1870"/>
<SP HEIGHT="39" WIDTH="26" VPOS="1461" HPOS="2061"/>
<String CONTENT="H." HEIGHT="40" WIDTH="62" VPOS="1461" HPOS="2088"/>
<SP HEIGHT="41" WIDTH="28" VPOS="1461" HPOS="2151"/>
<String CONTENT="Clark" HEIGHT="42" WIDTH="149" VPOS="1460" HPOS="2180"/>
<SP HEIGHT="40" WIDTH="24" VPOS="1462" HPOS="2330"/>
<String CONTENT="co." HEIGHT="31" WIDTH="70" VPOS="1471" HPOS="2355"/>
</TextLine>
<TextLine HEIGHT="49" WIDTH="253" VPOS="1519" HPOS="479">
<String CONTENT="(36-2362)" HEIGHT="49" WIDTH="253" VPOS="1519" HPOS="479"/>
</TextLine>
<TextLine HEIGHT="65" WIDTH="1311" VPOS="1624" HPOS="398" STYLEREFS="StyleId-86CAB4DD-544C-42A8-87F9-A9B40AC7D5DB-">
<String CONTENT="Cudworth," HEIGHT="65" WIDTH="344" VPOS="1624" HPOS="398"/>
<SP HEIGHT="65" WIDTH="26" VPOS="1624" HPOS="743"/>
<String CONTENT="Addison" HEIGHT="53" WIDTH="270" VPOS="1624" HPOS="770"/>
<SP HEIGHT="53" WIDTH="28" VPOS="1624" HPOS="1041"/>
<String CONTENT="Edward," HEIGHT="63" WIDTH="277" VPOS="1624" HPOS="1070"/>
<SP HEIGHT="58" WIDTH="30" VPOS="1629" HPOS="1348"/>
<String CONTENT="1852-1933." HEIGHT="51" WIDTH="330" VPOS="1628" HPOS="1379"/>
</TextLine>
<TextLine HEIGHT="71" WIDTH="1953" VPOS="1700" HPOS="470" STYLEREFS="StyleId-525637DB-1774-4086-8050-B8FAC49ED21E-">
<String CONTENT="The" HEIGHT="54" WIDTH="125" VPOS="1703" HPOS="470"/>
<SP HEIGHT="55" WIDTH="31" VPOS="1702" HPOS="596"/>
<String CONTENT="history" HEIGHT="70" WIDTH="225" VPOS="1701" HPOS="628"/>
<SP HEIGHT="50" WIDTH="33" VPOS="1721" HPOS="854"/>
<String CONTENT="with" HEIGHT="54" WIDTH="142" VPOS="1702" HPOS="888"/>
<SP HEIGHT="69" WIDTH="34" VPOS="1702" HPOS="1031"/>
<String CONTENT="genealogical" HEIGHT="70" WIDTH="392" VPOS="1701" HPOS="1066"/>
<SP HEIGHT="53" WIDTH="31" VPOS="1703" HPOS="1459"/>
<String CONTENT="sketches" HEIGHT="55" WIDTH="255" VPOS="1701" HPOS="1491"/>
<SP HEIGHT="35" WIDTH="31" VPOS="1720" HPOS="1747"/>
<String CONTENT="of" HEIGHT="55" WIDTH="66" VPOS="1700" HPOS="1779"/>
<SP HEIGHT="54" WIDTH="32" VPOS="1700" HPOS="1846"/>
<String CONTENT="Londonderry," HEIGHT="68" WIDTH="437" VPOS="1701" HPOS="1879"/>
<SP HEIGHT="54" WIDTH="30" VPOS="1700" HPOS="2317"/>
<String CONTENT="by" HEIGHT="69" WIDTH="75" VPOS="1700" HPOS="2348"/>
</TextLine>
<TextLine HEIGHT="150" WIDTH="2000" VPOS="1780" HPOS="396" STYLEREFS="StyleId-525637DB-1774-4086-8050-B8FAC49ED21E-" CS="1">
<String CONTENT="Addison" HEIGHT="55" WIDTH="267" VPOS="1781" HPOS="397"/>
<SP HEIGHT="53" WIDTH="45" VPOS="1782" HPOS="665"/>
<String CONTENT="E." HEIGHT="52" WIDTH="66" VPOS="1782" HPOS="711"/>
<SP HEIGHT="57" WIDTH="46" VPOS="1780" HPOS="778"/>
<String CONTENT="Cudworth." HEIGHT="57" WIDTH="337" VPOS="1780" HPOS="825"/>
<SP HEIGHT="53" WIDTH="73" VPOS="1781" HPOS="1163"/>
<String CONTENT="Montpelier," HEIGHT="68" WIDTH="369" VPOS="1781" HPOS="1237"/>
<SP HEIGHT="66" WIDTH="43" VPOS="1782" HPOS="1607"/>
<String CONTENT="Vt.," HEIGHT="67" WIDTH="118" VPOS="1782" HPOS="1651"/>
<SP HEIGHT="68" WIDTH="42" VPOS="1781" HPOS="1770"/>
<String CONTENT="The" HEIGHT="54" WIDTH="126" VPOS="1780" HPOS="1813"/>
<SP HEIGHT="54" WIDTH="41" VPOS="1781" HPOS="1940"/>
<String CONTENT="Vermont" HEIGHT="54" WIDTH="280" VPOS="1781" HPOS="1982"/>
<SP HEIGHT="52" WIDTH="43" VPOS="1781" HPOS="2263"/>
<String CONTENT="historical" HEIGHT="135" WIDTH="2000" VPOS="1780" HPOS="396"/>
<SP HEIGHT="51" WIDTH="29" VPOS="1863" HPOS="603"/>
<String CONTENT="society," HEIGHT="72" WIDTH="230" VPOS="1858" HPOS="633"/>
<SP HEIGHT="66" WIDTH="30" VPOS="1864" HPOS="864"/>
<String CONTENT="1936." HEIGHT="52" WIDTH="152" VPOS="1863" HPOS="895"/>
</TextLine>
<TextLine HEIGHT="49" WIDTH="790" VPOS="1935" HPOS="469" CS="1">
<String CONTENT="228" HEIGHT="41" WIDTH="89" VPOS="1936" HPOS="469"/>
<SP HEIGHT="48" WIDTH="27" VPOS="1936" HPOS="559"/>
<String CONTENT="p." HEIGHT="38" WIDTH="43" VPOS="1946" HPOS="587"/>
<SP HEIGHT="39" WIDTH="61" VPOS="1936" HPOS="631"/>
<String CS="1" CONTENT="front." HEIGHT="40" WIDTH="135" VPOS="1936" HPOS="693"/>
<SP HEIGHT="49" WIDTH="28" VPOS="1935" HPOS="842"/>
<String CONTENT="(port.)" HEIGHT="49" WIDTH="173" VPOS="1935" HPOS="871"/>
<SP HEIGHT="48" WIDTH="67" VPOS="1935" HPOS="1045"/>
<String CS="1" CONTENT="23&#189;" HEIGHT="41" WIDTH="56" VPOS="1935" HPOS="1113"/>
<String STYLE="superscript" CONTENT="cm" HEIGHT="22" WIDTH="45" VPOS="1937" HPOS="1202"/>
<String CONTENT="." HEIGHT="8" WIDTH="8" VPOS="1966" HPOS="1251"/>
</TextLine>
<TextLine HEIGHT="53" WIDTH="2029" VPOS="1989" HPOS="395" CS="1">
<String CONTENT="&#169;" HEIGHT="53" WIDTH="53" VPOS="1989" HPOS="395"/>
<SP HEIGHT="53" WIDTH="26" VPOS="1989" HPOS="449"/>
<String CONTENT="Dec." HEIGHT="40" WIDTH="113" VPOS="1995" HPOS="476"/>
<SP HEIGHT="40" WIDTH="29" VPOS="1994" HPOS="590"/>
<String CONTENT="27," HEIGHT="46" WIDTH="70" VPOS="1994" HPOS="620"/>
<SP HEIGHT="46" WIDTH="29" VPOS="1994" HPOS="691"/>
<String CS="1" CONTENT="1935;" HEIGHT="41" WIDTH="115" VPOS="1993" HPOS="721"/>
<SP HEIGHT="47" WIDTH="30" VPOS="1993" HPOS="864"/>
<String CONTENT="2c." HEIGHT="41" WIDTH="68" VPOS="1993" HPOS="895"/>
<SP HEIGHT="30" WIDTH="29" VPOS="2004" HPOS="964"/>
<String CONTENT="and" HEIGHT="39" WIDTH="96" VPOS="1995" HPOS="994"/>
<SP HEIGHT="39" WIDTH="29" VPOS="1995" HPOS="1091"/>
<String CONTENT="aff." HEIGHT="42" WIDTH="83" VPOS="1992" HPOS="1121"/>
<SP HEIGHT="41" WIDTH="30" VPOS="1993" HPOS="1205"/>
<String CONTENT="Jan." HEIGHT="40" WIDTH="110" VPOS="1993" HPOS="1236"/>
<SP HEIGHT="41" WIDTH="29" VPOS="1992" HPOS="1347"/>
<String CONTENT="2," HEIGHT="48" WIDTH="41" VPOS="1992" HPOS="1377"/>
<SP HEIGHT="48" WIDTH="29" VPOS="1992" HPOS="1419"/>
<String CS="1" CONTENT="1936;" HEIGHT="41" WIDTH="114" VPOS="1992" HPOS="1449"/>
<SP HEIGHT="45" WIDTH="31" VPOS="1993" HPOS="1592"/>
<!-- cceid 93DF1A70-6E3A-1014-83DD-942C093A1DD9 --><String CONTENT="A" HEIGHT="38" WIDTH="40" VPOS="1993" HPOS="1624"/>
<SP HEIGHT="41" WIDTH="29" VPOS="1991" HPOS="1665"/>
<String CONTENT="90158;" HEIGHT="48" WIDTH="173" VPOS="1991" HPOS="1695"/>
<SP HEIGHT="46" WIDTH="33" VPOS="1993" HPOS="1869"/>
<String CONTENT="Vermont" HEIGHT="39" WIDTH="237" VPOS="1993" HPOS="1903"/>
<SP HEIGHT="39" WIDTH="25" VPOS="1993" HPOS="2141"/>
<String CONTENT="historical" HEIGHT="41" WIDTH="257" VPOS="1991" HPOS="2167"/>
</TextLine>
<TextLine HEIGHT="48" WIDTH="423" VPOS="2051" HPOS="463">
<String CONTENT="soc." HEIGHT="30" WIDTH="95" VPOS="2062" HPOS="463"/>
<SP HEIGHT="48" WIDTH="72" VPOS="2051" HPOS="559"/>
<String CONTENT="(36-2359)" HEIGHT="48" WIDTH="254" VPOS="2051" HPOS="632"/>
</TextLine>
<TextLine HEIGHT="66" WIDTH="546" VPOS="2155" HPOS="397" STYLEREFS="StyleId-86CAB4DD-544C-42A8-87F9-A9B40AC7D5DB-">
<String CONTENT="Day," HEIGHT="65" WIDTH="152" VPOS="2155" HPOS="397"/>
<SP HEIGHT="64" WIDTH="24" VPOS="2156" HPOS="550"/>
<String CONTENT="R." HEIGHT="57" WIDTH="68" VPOS="2156" HPOS="575"/>
<SP HEIGHT="57" WIDTH="26" VPOS="2156" HPOS="644"/>
<String CONTENT="L.," HEIGHT="65" WIDTH="84" VPOS="2156" HPOS="671"/>
<SP HEIGHT="65" WIDTH="25" VPOS="2156" HPOS="756"/>
<String CONTENT="&amp;" HEIGHT="54" WIDTH="52" VPOS="2156" HPOS="782"/>
<SP HEIGHT="54" WIDTH="24" VPOS="2156" HPOS="835"/>
<String CONTENT="co." HEIGHT="38" WIDTH="83" VPOS="2173" HPOS="860"/>
</TextLine>
<TextLine HEIGHT="72" WIDTH="1955" VPOS="2231" HPOS="469" STYLEREFS="StyleId-525637DB-1774-4086-8050-B8FAC49ED21E-" CS="1">
<String CS="1" CONTENT="Legally" HEIGHT="70" WIDTH="245" VPOS="2233" HPOS="469"/>
<SP HEIGHT="68" WIDTH="28" VPOS="2235" HPOS="715"/>
<String CONTENT="authorized" HEIGHT="54" WIDTH="337" VPOS="2234" HPOS="744"/>
<SP HEIGHT="54" WIDTH="32" VPOS="2234" HPOS="1082"/>
<String CONTENT="investments" HEIGHT="54" WIDTH="371" VPOS="2234" HPOS="1115"/>
<SP HEIGHT="55" WIDTH="31" VPOS="2233" HPOS="1487"/>
<String CONTENT="for" HEIGHT="55" WIDTH="94" VPOS="2233" HPOS="1519"/>
<SP HEIGHT="34" WIDTH="31" VPOS="2254" HPOS="1614"/>
<String CONTENT="savings" HEIGHT="71" WIDTH="233" VPOS="2231" HPOS="1646"/>
<SP HEIGHT="54" WIDTH="27" VPOS="2233" HPOS="1880"/>
<String CONTENT="banks" HEIGHT="54" WIDTH="183" VPOS="2233" HPOS="1908"/>
<SP HEIGHT="34" WIDTH="34" VPOS="2253" HPOS="2092"/>
<String CONTENT="and" HEIGHT="53" WIDTH="113" VPOS="2235" HPOS="2127"/>
<SP HEIGHT="53" WIDTH="30" VPOS="2235" HPOS="2241"/>
<String CONTENT="trust" HEIGHT="48" WIDTH="152" VPOS="2238" HPOS="2272"/>
</TextLine>
<TextLine HEIGHT="148" WIDTH="2022" VPOS="2311" HPOS="400" STYLEREFS="StyleId-525637DB-1774-4086-8050-B8FAC49ED21E-" CS="1">
<String CONTENT="funds" HEIGHT="55" WIDTH="177" VPOS="2311" HPOS="402"/>
<SP HEIGHT="55" WIDTH="28" VPOS="2311" HPOS="580"/>
<String CONTENT="in" HEIGHT="53" WIDTH="61" VPOS="2311" HPOS="609"/>
<SP HEIGHT="48" WIDTH="27" VPOS="2318" HPOS="671"/>
<String CONTENT="the" HEIGHT="55" WIDTH="97" VPOS="2313" HPOS="699"/>
<SP HEIGHT="35" WIDTH="28" VPOS="2333" HPOS="797"/>
<String CONTENT="state" HEIGHT="49" WIDTH="147" VPOS="2318" HPOS="826"/>
<SP HEIGHT="35" WIDTH="28" VPOS="2331" HPOS="974"/>
<String CONTENT="of" HEIGHT="53" WIDTH="65" VPOS="2313" HPOS="1003"/>
<SP HEIGHT="55" WIDTH="29" VPOS="2313" HPOS="1069"/>
<String CONTENT="New" HEIGHT="54" WIDTH="140" VPOS="2314" HPOS="1099"/>
<SP HEIGHT="52" WIDTH="30" VPOS="2314" HPOS="1240"/>
<String CONTENT="York" HEIGHT="52" WIDTH="164" VPOS="2314" HPOS="1271"/>
<SP HEIGHT="52" WIDTH="28" VPOS="2314" HPOS="1436"/>
<String CONTENT="as" HEIGHT="34" WIDTH="60" VPOS="2332" HPOS="1465"/>
<SP HEIGHT="35" WIDTH="30" VPOS="2331" HPOS="1526"/>
<String CONTENT="of" HEIGHT="54" WIDTH="65" VPOS="2312" HPOS="1557"/>
<SP HEIGHT="54" WIDTH="27" VPOS="2312" HPOS="1623"/>
<String CONTENT="December" HEIGHT="53" WIDTH="312" VPOS="2313" HPOS="1651"/>
<SP HEIGHT="48" WIDTH="30" VPOS="2317" HPOS="1964"/>
<String CONTENT="2," HEIGHT="63" WIDTH="49" VPOS="2317" HPOS="1995"/>
<SP HEIGHT="62" WIDTH="32" VPOS="2318" HPOS="2045"/>
<String CONTENT="1935;" HEIGHT="61" WIDTH="161" VPOS="2317" HPOS="2078"/>
<SP HEIGHT="45" WIDTH="36" VPOS="2333" HPOS="2240"/>
<String CONTENT="a" HEIGHT="33" WIDTH="31" VPOS="2334" HPOS="2277"/>
<SP HEIGHT="35" WIDTH="29" VPOS="2332" HPOS="2309"/>
<String CONTENT="reprint" HEIGHT="127" WIDTH="1998" VPOS="2331" HPOS="400"/>
<SP HEIGHT="47" WIDTH="38" VPOS="2397" HPOS="564"/>
<String CONTENT="of" HEIGHT="53" WIDTH="63" VPOS="2391" HPOS="603"/>
<SP HEIGHT="53" WIDTH="36" VPOS="2391" HPOS="667"/>
<String CONTENT="the" HEIGHT="55" WIDTH="97" VPOS="2392" HPOS="704"/>
<SP HEIGHT="54" WIDTH="38" VPOS="2393" HPOS="802"/>
<String CONTENT="New" HEIGHT="53" WIDTH="140" VPOS="2393" HPOS="841"/>
<SP HEIGHT="52" WIDTH="43" VPOS="2394" HPOS="982"/>
<String CONTENT="York" HEIGHT="53" WIDTH="165" VPOS="2393" HPOS="1026"/>
<SP HEIGHT="54" WIDTH="38" VPOS="2393" HPOS="1192"/>
<String CONTENT="statutes" HEIGHT="49" WIDTH="241" VPOS="2398" HPOS="1231"/>
<SP HEIGHT="34" WIDTH="37" VPOS="2412" HPOS="1473"/>
<String CONTENT="making" HEIGHT="69" WIDTH="239" VPOS="2390" HPOS="1511"/>
<SP HEIGHT="49" WIDTH="40" VPOS="2410" HPOS="1751"/>
<String CONTENT="certain" HEIGHT="55" WIDTH="218" VPOS="2390" HPOS="1792"/>
<SP HEIGHT="54" WIDTH="38" VPOS="2391" HPOS="2011"/>
<String CONTENT="investments" HEIGHT="55" WIDTH="372" VPOS="2391" HPOS="2050"/>
</TextLine>
<TextLine HEIGHT="71" WIDTH="2021" VPOS="2468" HPOS="401" STYLEREFS="StyleId-525637DB-1774-4086-8050-B8FAC49ED21E-">
<String CONTENT="legal" HEIGHT="69" WIDTH="151" VPOS="2469" HPOS="401"/>
<SP HEIGHT="52" WIDTH="31" VPOS="2469" HPOS="553"/>
<String CONTENT="for" HEIGHT="56" WIDTH="96" VPOS="2469" HPOS="585"/>
<SP HEIGHT="35" WIDTH="28" VPOS="2490" HPOS="682"/>
<String CONTENT="savings" HEIGHT="71" WIDTH="233" VPOS="2468" HPOS="711"/>
<SP HEIGHT="53" WIDTH="28" VPOS="2471" HPOS="945"/>
<String CONTENT="banks" HEIGHT="54" WIDTH="183" VPOS="2471" HPOS="974"/>
<SP HEIGHT="35" WIDTH="29" VPOS="2490" HPOS="1158"/>
<String CONTENT="and" HEIGHT="53" WIDTH="113" VPOS="2471" HPOS="1188"/>
<SP HEIGHT="53" WIDTH="30" VPOS="2471" HPOS="1302"/>
<String CONTENT="trust" HEIGHT="48" WIDTH="151" VPOS="2476" HPOS="1333"/>
<SP HEIGHT="54" WIDTH="30" VPOS="2469" HPOS="1485"/>
<String CONTENT="funds" HEIGHT="54" WIDTH="177" VPOS="2469" HPOS="1516"/>
<SP HEIGHT="54" WIDTH="29" VPOS="2469" HPOS="1694"/>
<String CONTENT="in" HEIGHT="54" WIDTH="62" VPOS="2469" HPOS="1724"/>
<SP HEIGHT="49" WIDTH="29" VPOS="2474" HPOS="1787"/>
<String CONTENT="this" HEIGHT="55" WIDTH="116" VPOS="2468" HPOS="1817"/>
<SP HEIGHT="33" WIDTH="29" VPOS="2490" HPOS="1934"/>
<String CONTENT="state," HEIGHT="62" WIDTH="164" VPOS="2476" HPOS="1964"/>
<SP HEIGHT="61" WIDTH="31" VPOS="2477" HPOS="2129"/>
<String CONTENT="together" HEIGHT="67" WIDTH="261" VPOS="2472" HPOS="2161"/>
</TextLine>
<TextLine HEIGHT="72" WIDTH="2021" VPOS="2546" HPOS="401" STYLEREFS="StyleId-525637DB-1774-4086-8050-B8FAC49ED21E-">
<String CONTENT="with" HEIGHT="56" WIDTH="142" VPOS="2546" HPOS="401"/>
<SP HEIGHT="53" WIDTH="46" VPOS="2549" HPOS="544"/>
<String CONTENT="a" HEIGHT="34" WIDTH="33" VPOS="2568" HPOS="591"/>
<SP HEIGHT="35" WIDTH="46" VPOS="2568" HPOS="625"/>
<String CONTENT="copy" HEIGHT="50" WIDTH="146" VPOS="2567" HPOS="672"/>
<SP HEIGHT="50" WIDTH="46" VPOS="2567" HPOS="819"/>
<String CONTENT="of" HEIGHT="52" WIDTH="65" VPOS="2550" HPOS="866"/>
<SP HEIGHT="53" WIDTH="43" VPOS="2550" HPOS="932"/>
<String CONTENT="the" HEIGHT="53" WIDTH="98" VPOS="2550" HPOS="976"/>
<SP HEIGHT="34" WIDTH="47" VPOS="2569" HPOS="1075"/>
<String CONTENT="official" HEIGHT="54" WIDTH="202" VPOS="2549" HPOS="1123"/>
<SP HEIGHT="52" WIDTH="48" VPOS="2549" HPOS="1326"/>
<String CONTENT="list" HEIGHT="54" WIDTH="100" VPOS="2548" HPOS="1375"/>
<SP HEIGHT="48" WIDTH="46" VPOS="2554" HPOS="1476"/>
<String CONTENT="of" HEIGHT="54" WIDTH="65" VPOS="2547" HPOS="1523"/>
<SP HEIGHT="57" WIDTH="43" VPOS="2547" HPOS="1589"/>
<String CONTENT="state," HEIGHT="62" WIDTH="164" VPOS="2554" HPOS="1633"/>
<SP HEIGHT="47" WIDTH="46" VPOS="2569" HPOS="1798"/>
<String CONTENT="municipal," HEIGHT="68" WIDTH="336" VPOS="2549" HPOS="1845"/>
<SP HEIGHT="49" WIDTH="45" VPOS="2569" HPOS="2182"/>
<String CONTENT="public" HEIGHT="69" WIDTH="194" VPOS="2549" HPOS="2228"/>
</TextLine>
<TextLine HEIGHT="71" WIDTH="2021" VPOS="2626" HPOS="402" STYLEREFS="StyleId-525637DB-1774-4086-8050-B8FAC49ED21E-">
<String CONTENT="utility" HEIGHT="70" WIDTH="202" VPOS="2627" HPOS="402"/>
<SP HEIGHT="50" WIDTH="49" VPOS="2647" HPOS="605"/>
<String CONTENT="and" HEIGHT="53" WIDTH="113" VPOS="2630" HPOS="655"/>
<SP HEIGHT="53" WIDTH="51" VPOS="2630" HPOS="769"/>
<String CONTENT="railroad" HEIGHT="54" WIDTH="257" VPOS="2629" HPOS="821"/>
<SP HEIGHT="54" WIDTH="48" VPOS="2629" HPOS="1079"/>
<String CONTENT="bonds" HEIGHT="53" WIDTH="183" VPOS="2629" HPOS="1128"/>
<SP HEIGHT="33" WIDTH="49" VPOS="2649" HPOS="1312"/>
<String CONTENT="which" HEIGHT="54" WIDTH="188" VPOS="2627" HPOS="1362"/>
<SP HEIGHT="55" WIDTH="48" VPOS="2626" HPOS="1551"/>
<String CONTENT="in" HEIGHT="55" WIDTH="60" VPOS="2626" HPOS="1600"/>
<SP HEIGHT="48" WIDTH="48" VPOS="2633" HPOS="1661"/>
<String CONTENT="the" HEIGHT="52" WIDTH="95" VPOS="2628" HPOS="1710"/>
<SP HEIGHT="67" WIDTH="49" VPOS="2628" HPOS="1806"/>
<String CONTENT="judgment" HEIGHT="69" WIDTH="306" VPOS="2628" HPOS="1856"/>
<SP HEIGHT="47" WIDTH="47" VPOS="2635" HPOS="2163"/>
<String CONTENT="of" HEIGHT="53" WIDTH="65" VPOS="2629" HPOS="2211"/>
<SP HEIGHT="52" WIDTH="48" VPOS="2629" HPOS="2277"/>
<String CONTENT="the" HEIGHT="52" WIDTH="97" VPOS="2630" HPOS="2326"/>
</TextLine>
<TextLine HEIGHT="69" WIDTH="2008" VPOS="2705" HPOS="404" STYLEREFS="StyleId-525637DB-1774-4086-8050-B8FAC49ED21E-">
<String CONTENT="superintendent" HEIGHT="68" WIDTH="475" VPOS="2705" HPOS="404"/>
<SP HEIGHT="47" WIDTH="51" VPOS="2714" HPOS="880"/>
<String CONTENT="of" HEIGHT="53" WIDTH="64" VPOS="2707" HPOS="932"/>
<SP HEIGHT="54" WIDTH="48" VPOS="2707" HPOS="997"/>
<String CONTENT="banks," HEIGHT="57" WIDTH="201" VPOS="2708" HPOS="1046"/>
<SP HEIGHT="38" WIDTH="49" VPOS="2727" HPOS="1248"/>
<String CONTENT="meet" HEIGHT="48" WIDTH="144" VPOS="2712" HPOS="1298"/>
<SP HEIGHT="48" WIDTH="51" VPOS="2712" HPOS="1443"/>
<String CONTENT="the" HEIGHT="52" WIDTH="96" VPOS="2708" HPOS="1495"/>
<SP HEIGHT="34" WIDTH="51" VPOS="2726" HPOS="1592"/>
<String CONTENT="statutory" HEIGHT="60" WIDTH="290" VPOS="2712" HPOS="1644"/>
<SP HEIGHT="46" WIDTH="51" VPOS="2726" HPOS="1935"/>
<String CONTENT="requirements." HEIGHT="66" WIDTH="425" VPOS="2708" HPOS="1987"/>
</TextLine>
<TextLine HEIGHT="70" WIDTH="1583" VPOS="2786" HPOS="403" STYLEREFS="StyleId-525637DB-1774-4086-8050-B8FAC49ED21E-" CS="1">
<String CONTENT="Boston," HEIGHT="68" WIDTH="237" VPOS="2787" HPOS="403"/>
<SP HEIGHT="69" WIDTH="32" VPOS="2786" HPOS="641"/>
<String CONTENT="New" HEIGHT="53" WIDTH="140" VPOS="2786" HPOS="674"/>
<SP HEIGHT="52" WIDTH="35" VPOS="2788" HPOS="815"/>
<String CONTENT="York" HEIGHT="52" WIDTH="165" VPOS="2788" HPOS="851"/>
<SP HEIGHT="68" WIDTH="38" VPOS="2788" HPOS="1017"/>
<String CS="1" CONTENT="[etc.]" HEIGHT="63" WIDTH="121" VPOS="2792" HPOS="1074"/>
<SP HEIGHT="67" WIDTH="39" VPOS="2788" HPOS="1196"/>
<String CONTENT="R." HEIGHT="52" WIDTH="69" VPOS="2788" HPOS="1236"/>
<SP HEIGHT="52" WIDTH="32" VPOS="2788" HPOS="1306"/>
<String CONTENT="L." HEIGHT="52" WIDTH="65" VPOS="2788" HPOS="1339"/>
<SP HEIGHT="52" WIDTH="34" VPOS="2788" HPOS="1405"/>
<String CONTENT="Dav" HEIGHT="52" WIDTH="133" VPOS="2788" HPOS="1440"/>
<SP HEIGHT="51" WIDTH="33" VPOS="2789" HPOS="1574"/>
<String CONTENT="&amp;" HEIGHT="50" WIDTH="45" VPOS="2789" HPOS="1608"/>
<SP HEIGHT="50" WIDTH="34" VPOS="2789" HPOS="1654"/>
<String CONTENT="co." HEIGHT="36" WIDTH="78" VPOS="2804" HPOS="1689"/>
<SP HEIGHT="33" WIDTH="41" VPOS="2820" HPOS="1768"/>
<String CS="1" CONTENT="["/>
<String STYLE="superscript" CONTENT="c" HEIGHT="21" WIDTH="18" VPOS="2792" HPOS="1828"/>
<String CS="1" CONTENT="1935]" HEIGHT="49" WIDTH="134" VPOS="2790" HPOS="1852"/>
</TextLine>
<TextLine HEIGHT="50" WIDTH="337" VPOS="2859" HPOS="473" STYLEREFS="StyleId-525637DB-1774-4086-8050-B8FAC49ED21E-" CS="1">
<String CONTENT="53" HEIGHT="41" WIDTH="57" VPOS="2860" HPOS="473"/>
<SP HEIGHT="48" WIDTH="26" VPOS="2861" HPOS="531"/>
<String CONTENT="p." HEIGHT="38" WIDTH="44" VPOS="2871" HPOS="558"/>
<SP HEIGHT="43" WIDTH="59" VPOS="2859" HPOS="603"/>
<String CS="1" CONTENT="25&#189;" HEIGHT="41" WIDTH="57" VPOS="2859" HPOS="663"/>
<String STYLE="superscript" CONTENT="cm" HEIGHT="21" WIDTH="45" VPOS="2863" HPOS="751"/>
<String CONTENT="." HEIGHT="9" WIDTH="9" VPOS="2894" HPOS="801"/>
</TextLine>
<TextLine HEIGHT="53" WIDTH="1854" VPOS="2914" HPOS="398">
<String CONTENT="&#169;" HEIGHT="53" WIDTH="54" VPOS="2914" HPOS="398"/>
<SP HEIGHT="53" WIDTH="29" VPOS="2914" HPOS="453"/>
<String CONTENT="Dec." HEIGHT="40" WIDTH="113" VPOS="2919" HPOS="483"/>
<SP HEIGHT="41" WIDTH="25" VPOS="2918" HPOS="597"/>
<String CONTENT="20," HEIGHT="47" WIDTH="71" VPOS="2918" HPOS="623"/>
<SP HEIGHT="46" WIDTH="31" VPOS="2919" HPOS="695"/>
<String CONTENT="1935;" HEIGHT="47" WIDTH="142" VPOS="2918" HPOS="727"/>
<SP HEIGHT="46" WIDTH="32" VPOS="2919" HPOS="870"/>
<String CONTENT="2c." HEIGHT="40" WIDTH="68" VPOS="2919" HPOS="903"/>
<SP HEIGHT="30" WIDTH="32" VPOS="2929" HPOS="972"/>
<String CONTENT="and" HEIGHT="38" WIDTH="96" VPOS="2921" HPOS="1005"/>
<SP HEIGHT="38" WIDTH="31" VPOS="2921" HPOS="1102"/>
<String CONTENT="aff." HEIGHT="41" WIDTH="84" VPOS="2919" HPOS="1134"/>
<SP HEIGHT="40" WIDTH="32" VPOS="2920" HPOS="1219"/>
<String CONTENT="Dec." HEIGHT="38" WIDTH="113" VPOS="2920" HPOS="1252"/>
<SP HEIGHT="40" WIDTH="31" VPOS="2918" HPOS="1366"/>
<String CONTENT="26;" HEIGHT="46" WIDTH="83" VPOS="2918" HPOS="1398"/>
<SP HEIGHT="46" WIDTH="32" VPOS="2918" HPOS="1482"/>
<!-- cceid 93DFB42B-6E3A-1014-83DD-942C093A1DD9 --><String CONTENT="A" HEIGHT="39" WIDTH="41" VPOS="2918" HPOS="1515"/>
<SP HEIGHT="40" WIDTH="30" VPOS="2917" HPOS="1557"/>
<String CONTENT="90169;" HEIGHT="47" WIDTH="173" VPOS="2917" HPOS="1588"/>
<SP HEIGHT="47" WIDTH="34" VPOS="2917" HPOS="1762"/>
<String CONTENT="R." HEIGHT="39" WIDTH="55" VPOS="2917" HPOS="1797"/>
<SP HEIGHT="39" WIDTH="34" VPOS="2917" HPOS="1853"/>
<String CONTENT="L." HEIGHT="40" WIDTH="50" VPOS="2917" HPOS="1888"/>
<SP HEIGHT="39" WIDTH="32" VPOS="2918" HPOS="1939"/>
<String CONTENT="Day" HEIGHT="47" WIDTH="113" VPOS="2918" HPOS="1972"/>
<SP HEIGHT="48" WIDTH="29" VPOS="2917" HPOS="2086"/>
<String CONTENT="&amp;" HEIGHT="40" WIDTH="37" VPOS="2917" HPOS="2116"/>
<SP HEIGHT="41" WIDTH="30" VPOS="2917" HPOS="2154"/>
<String CONTENT="co." HEIGHT="30" WIDTH="67" VPOS="2928" HPOS="2185"/>
</TextLine>
<TextLine HEIGHT="48" WIDTH="253" VPOS="2975" HPOS="479">
<String CONTENT="(36-1831)" HEIGHT="48" WIDTH="253" VPOS="2975" HPOS="479"/>
</TextLine>
<TextLine HEIGHT="69" WIDTH="926" VPOS="3061" HPOS="399" STYLEREFS="StyleId-86CAB4DD-544C-42A8-87F9-A9B40AC7D5DB-">
<String CONTENT="Dow," HEIGHT="68" WIDTH="163" VPOS="3061" HPOS="399"/>
<SP HEIGHT="65" WIDTH="30" VPOS="3064" HPOS="563"/>
<String CONTENT="George" HEIGHT="66" WIDTH="230" VPOS="3064" HPOS="594"/>
<SP HEIGHT="53" WIDTH="28" VPOS="3066" HPOS="825"/>
<String CONTENT="Francis," HEIGHT="65" WIDTH="266" VPOS="3065" HPOS="854"/>
<SP HEIGHT="60" WIDTH="30" VPOS="3070" HPOS="1121"/>
<String CONTENT="1868-" HEIGHT="50" WIDTH="173" VPOS="3070" HPOS="1152"/>
</TextLine>
<TextLine HEIGHT="73" WIDTH="1952" VPOS="3138" HPOS="470" STYLEREFS="StyleId-525637DB-1774-4086-8050-B8FAC49ED21E-">
<String CONTENT="Every" HEIGHT="70" WIDTH="194" VPOS="3140" HPOS="470"/>
<SP HEIGHT="69" WIDTH="29" VPOS="3141" HPOS="665"/>
<String CONTENT="day" HEIGHT="70" WIDTH="113" VPOS="3141" HPOS="695"/>
<SP HEIGHT="70" WIDTH="29" VPOS="3141" HPOS="809"/>
<String CONTENT="life" HEIGHT="54" WIDTH="107" VPOS="3141" HPOS="839"/>
<SP HEIGHT="53" WIDTH="30" VPOS="3142" HPOS="947"/>
<String CONTENT="in" HEIGHT="53" WIDTH="61" VPOS="3142" HPOS="978"/>
<SP HEIGHT="47" WIDTH="30" VPOS="3148" HPOS="1040"/>
<String CONTENT="the" HEIGHT="53" WIDTH="98" VPOS="3142" HPOS="1071"/>
<SP HEIGHT="54" WIDTH="33" VPOS="3141" HPOS="1170"/>
<String CONTENT="Massachusetts" HEIGHT="54" WIDTH="449" VPOS="3141" HPOS="1204"/>
<SP HEIGHT="56" WIDTH="29" VPOS="3138" HPOS="1654"/>
<String CONTENT="bay" HEIGHT="71" WIDTH="112" VPOS="3138" HPOS="1684"/>
<SP HEIGHT="51" WIDTH="33" VPOS="3158" HPOS="1797"/>
<String CONTENT="colony," HEIGHT="70" WIDTH="221" VPOS="3140" HPOS="1831"/>
<SP HEIGHT="69" WIDTH="32" VPOS="3140" HPOS="2053"/>
<String CONTENT="by" HEIGHT="70" WIDTH="76" VPOS="3140" HPOS="2086"/>
<SP HEIGHT="71" WIDTH="35" VPOS="3139" HPOS="2163"/>
<String CONTENT="George" HEIGHT="71" WIDTH="223" VPOS="3139" HPOS="2199"/>
</TextLine>
<TextLine HEIGHT="72" WIDTH="2023" VPOS="3217" HPOS="398" STYLEREFS="StyleId-525637DB-1774-4086-8050-B8FAC49ED21E-" CS="1">
<String CONTENT="Francis" HEIGHT="56" WIDTH="242" VPOS="3217" HPOS="398"/>
<SP HEIGHT="53" WIDTH="39" VPOS="3220" HPOS="641"/>
<String CONTENT="Dow." HEIGHT="53" WIDTH="162" VPOS="3220" HPOS="681"/>
<SP HEIGHT="51" WIDTH="78" VPOS="3222" HPOS="844"/>
<String CONTENT="Boston," HEIGHT="67" WIDTH="238" VPOS="3222" HPOS="923"/>
<SP HEIGHT="67" WIDTH="40" VPOS="3222" HPOS="1162"/>
<String CONTENT="The" HEIGHT="53" WIDTH="123" VPOS="3221" HPOS="1203"/>
<SP HEIGHT="56" WIDTH="43" VPOS="3219" HPOS="1327"/>
<String CONTENT="Society" HEIGHT="70" WIDTH="230" VPOS="3219" HPOS="1371"/>
<SP HEIGHT="72" WIDTH="41" VPOS="3217" HPOS="1602"/>
<String CONTENT="for" HEIGHT="54" WIDTH="95" VPOS="3217" HPOS="1644"/>
<SP HEIGHT="48" WIDTH="38" VPOS="3223" HPOS="1740"/>
<String CONTENT="the" HEIGHT="54" WIDTH="96" VPOS="3219" HPOS="1779"/>
<SP HEIGHT="50" WIDTH="41" VPOS="3237" HPOS="1876"/>
<String CONTENT="preservation" HEIGHT="67" WIDTH="392" VPOS="3220" HPOS="1918"/>
<SP HEIGHT="37" WIDTH="45" VPOS="3236" HPOS="2311"/>
<String CONTENT="of" HEIGHT="53" WIDTH="64" VPOS="3219" HPOS="2357"/>
</TextLine>
<TextLine HEIGHT="73" WIDTH="1017" VPOS="3296" HPOS="396" STYLEREFS="StyleId-525637DB-1774-4086-8050-B8FAC49ED21E-">
<String CONTENT="New" HEIGHT="54" WIDTH="141" VPOS="3296" HPOS="396"/>
<SP HEIGHT="52" WIDTH="30" VPOS="3299" HPOS="538"/>
<String CONTENT="England" HEIGHT="69" WIDTH="274" VPOS="3299" HPOS="569"/>
<SP HEIGHT="52" WIDTH="30" VPOS="3300" HPOS="844"/>
<String CONTENT="antiquities," HEIGHT="70" WIDTH="352" VPOS="3299" HPOS="875"/>
<SP HEIGHT="62" WIDTH="31" VPOS="3305" HPOS="1228"/>
<String CONTENT="1935." HEIGHT="50" WIDTH="153" VPOS="3302" HPOS="1260"/>
</TextLine>
<TextLine HEIGHT="52" WIDTH="1639" VPOS="3370" HPOS="470" CS="1">
<String CONTENT="xii," HEIGHT="48" WIDTH="85" VPOS="3370" HPOS="470"/>
<SP HEIGHT="45" WIDTH="30" VPOS="3373" HPOS="556"/>
<String CONTENT="293" HEIGHT="40" WIDTH="86" VPOS="3373" HPOS="587"/>
<SP HEIGHT="48" WIDTH="27" VPOS="3373" HPOS="674"/>
<String CONTENT="p.," HEIGHT="38" WIDTH="57" VPOS="3383" HPOS="702"/>
<SP HEIGHT="47" WIDTH="28" VPOS="3373" HPOS="760"/>
<String CONTENT="1" HEIGHT="39" WIDTH="24" VPOS="3373" HPOS="789"/>
<SP HEIGHT="39" WIDTH="32" VPOS="3373" HPOS="814"/>
<String CS="1" CONTENT="l." HEIGHT="8" WIDTH="9" VPOS="3405" HPOS="867"/>
<SP HEIGHT="39" WIDTH="58" VPOS="3374" HPOS="877"/>
<String CONTENT="front.," HEIGHT="48" WIDTH="165" VPOS="3374" HPOS="936"/>
<SP HEIGHT="48" WIDTH="32" VPOS="3374" HPOS="1102"/>
<String CONTENT="illus.," HEIGHT="48" WIDTH="144" VPOS="3374" HPOS="1135"/>
<SP HEIGHT="39" WIDTH="31" VPOS="3383" HPOS="1280"/>
<String CONTENT="plates," HEIGHT="48" WIDTH="172" VPOS="3373" HPOS="1312"/>
<SP HEIGHT="38" WIDTH="28" VPOS="3382" HPOS="1485"/>
<String CONTENT="ports.," HEIGHT="47" WIDTH="165" VPOS="3373" HPOS="1514"/>
<SP HEIGHT="48" WIDTH="32" VPOS="3372" HPOS="1680"/>
<String CONTENT="facsims." HEIGHT="42" WIDTH="218" VPOS="3371" HPOS="1713"/>
<SP HEIGHT="42" WIDTH="59" VPOS="3371" HPOS="1932"/>
<String CONTENT="26" HEIGHT="41" WIDTH="57" VPOS="3371" HPOS="1992"/>
<String STYLE="superscript" CONTENT="cm" HEIGHT="21" WIDTH="44" VPOS="3374" HPOS="2052"/>
<String CONTENT="." HEIGHT="8" WIDTH="9" VPOS="3403" HPOS="2100"/>
</TextLine>
<TextLine HEIGHT="51" WIDTH="1947" VPOS="3428" HPOS="474">
<String CONTENT="Maps" HEIGHT="50" WIDTH="140" VPOS="3428" HPOS="474"/>
<SP HEIGHT="29" WIDTH="31" VPOS="3442" HPOS="615"/>
<String CONTENT="on" HEIGHT="29" WIDTH="61" VPOS="3442" HPOS="647"/>
<SP HEIGHT="40" WIDTH="30" VPOS="3431" HPOS="709"/>
<String CONTENT="lining-papers;" HEIGHT="49" WIDTH="379" VPOS="3430" HPOS="740"/>
<SP HEIGHT="43" WIDTH="33" VPOS="3431" HPOS="1120"/>
<String CONTENT="Massachusetts" HEIGHT="41" WIDTH="392" VPOS="3431" HPOS="1154"/>
<SP HEIGHT="39" WIDTH="32" VPOS="3430" HPOS="1547"/>
<String CONTENT="bay" HEIGHT="46" WIDTH="95" VPOS="3430" HPOS="1580"/>
<SP HEIGHT="37" WIDTH="31" VPOS="3439" HPOS="1676"/>
<String CONTENT="colony" HEIGHT="47" WIDTH="170" VPOS="3429" HPOS="1708"/>
<SP HEIGHT="36" WIDTH="34" VPOS="3440" HPOS="1879"/>
<String CONTENT="seal," HEIGHT="47" WIDTH="115" VPOS="3430" HPOS="1914"/>
<SP HEIGHT="47" WIDTH="32" VPOS="3430" HPOS="2030"/>
<String CONTENT="1675." HEIGHT="42" WIDTH="129" VPOS="3429" HPOS="2063"/>
<SP HEIGHT="31" WIDTH="33" VPOS="3440" HPOS="2193"/>
<String CONTENT="on" HEIGHT="30" WIDTH="61" VPOS="3440" HPOS="2227"/>
<SP HEIGHT="39" WIDTH="33" VPOS="3432" HPOS="2289"/>
<String CONTENT="t.-p." HEIGHT="46" WIDTH="98" VPOS="3432" HPOS="2323"/>
</TextLine>
<TextLine HEIGHT="51" WIDTH="1947" VPOS="3486" HPOS="473" CS="1">
<String CONTENT="&#8220;One" HEIGHT="42" WIDTH="130" VPOS="3486" HPOS="473"/>
<SP HEIGHT="39" WIDTH="29" VPOS="3490" HPOS="604"/>
<String CONTENT="thousand" HEIGHT="40" WIDTH="245" VPOS="3489" HPOS="634"/>
<SP HEIGHT="39" WIDTH="29" VPOS="3490" HPOS="880"/>
<String CONTENT="copies" HEIGHT="49" WIDTH="162" VPOS="3488" HPOS="910"/>
<SP HEIGHT="37" WIDTH="28" VPOS="3500" HPOS="1073"/>
<String CONTENT="printed" HEIGHT="47" WIDTH="196" VPOS="3490" HPOS="1102"/>
<SP HEIGHT="39" WIDTH="31" VPOS="3491" HPOS="1299"/>
<String CS="1" CONTENT="&#8230;"/>
<SP HEIGHT="29" WIDTH="33" VPOS="3499" HPOS="1378"/>
<String CONTENT="on" HEIGHT="29" WIDTH="59" VPOS="3499" HPOS="1412"/>
<SP HEIGHT="40" WIDTH="30" VPOS="3488" HPOS="1472"/>
<String CONTENT="Warren's" HEIGHT="41" WIDTH="249" VPOS="3486" HPOS="1503"/>
<SP HEIGHT="29" WIDTH="26" VPOS="3498" HPOS="1753"/>
<String CONTENT="olde" HEIGHT="40" WIDTH="107" VPOS="3488" HPOS="1780"/>
<SP HEIGHT="30" WIDTH="31" VPOS="3498" HPOS="1888"/>
<String CONTENT="style" HEIGHT="46" WIDTH="127" VPOS="3488" HPOS="1920"/>
<SP HEIGHT="38" WIDTH="29" VPOS="3498" HPOS="2048"/>
<String CONTENT="paper" HEIGHT="38" WIDTH="150" VPOS="3498" HPOS="2078"/>
<SP HEIGHT="30" WIDTH="27" VPOS="3499" HPOS="2229"/>
<String CONTENT="at" HEIGHT="38" WIDTH="52" VPOS="3491" HPOS="2257"/>
<SP HEIGHT="38" WIDTH="31" VPOS="3491" HPOS="2310"/>
<String CONTENT="the" HEIGHT="40" WIDTH="78" VPOS="3488" HPOS="2342"/>
</TextLine>
<TextLine HEIGHT="54" WIDTH="1171" VPOS="3541" HPOS="401">
<String CONTENT="Wayside" HEIGHT="51" WIDTH="230" VPOS="3541" HPOS="401"/>
<SP HEIGHT="37" WIDTH="30" VPOS="3556" HPOS="632"/>
<String CONTENT="press," HEIGHT="37" WIDTH="149" VPOS="3556" HPOS="663"/>
<SP HEIGHT="46" WIDTH="32" VPOS="3547" HPOS="813"/>
<String CONTENT="Topsfield," HEIGHT="49" WIDTH="258" VPOS="3546" HPOS="846"/>
<SP HEIGHT="46" WIDTH="30" VPOS="3547" HPOS="1105"/>
<String CONTENT="Massachusetts.&#8221;" HEIGHT="44" WIDTH="436" VPOS="3544" HPOS="1136"/>
</TextLine>
<TextLine HEIGHT="55" WIDTH="2023" VPOS="3599" HPOS="398" CS="1">
<String CONTENT="&#169;" HEIGHT="54" WIDTH="54" VPOS="3599" HPOS="398"/>
<SP HEIGHT="54" WIDTH="25" VPOS="3599" HPOS="453"/>
<String CONTENT="Nov." HEIGHT="41" WIDTH="121" VPOS="3604" HPOS="479"/>
<SP HEIGHT="39" WIDTH="30" VPOS="3606" HPOS="601"/>
<String CONTENT="26," HEIGHT="48" WIDTH="71" VPOS="3606" HPOS="632"/>
<SP HEIGHT="47" WIDTH="31" VPOS="3607" HPOS="704"/>
<String CONTENT="1935;" HEIGHT="48" WIDTH="142" VPOS="3605" HPOS="736"/>
<SP HEIGHT="45" WIDTH="33" VPOS="3608" HPOS="879"/>
<String CONTENT="2c." HEIGHT="39" WIDTH="66" VPOS="3608" HPOS="913"/>
<SP HEIGHT="39" WIDTH="34" VPOS="3608" HPOS="980"/>
<String CONTENT="Jan." HEIGHT="40" WIDTH="110" VPOS="3608" HPOS="1015"/>
<SP HEIGHT="41" WIDTH="33" VPOS="3607" HPOS="1126"/>
<String CONTENT="17," HEIGHT="45" WIDTH="70" VPOS="3607" HPOS="1160"/>
<SP HEIGHT="45" WIDTH="33" VPOS="3607" HPOS="1231"/>
<String CONTENT="1936;" HEIGHT="46" WIDTH="140" VPOS="3606" HPOS="1265"/>
<SP HEIGHT="35" WIDTH="36" VPOS="3617" HPOS="1406"/>
<String CONTENT="aff." HEIGHT="41" WIDTH="82" VPOS="3605" HPOS="1443"/>
<SP HEIGHT="41" WIDTH="33" VPOS="3605" HPOS="1526"/>
<String CONTENT="Jan." HEIGHT="40" WIDTH="111" VPOS="3605" HPOS="1560"/>
<SP HEIGHT="40" WIDTH="33" VPOS="3605" HPOS="1672"/>
<String CS="1" CONTENT="16;" HEIGHT="40" WIDTH="55" VPOS="3605" HPOS="1706"/>
<SP HEIGHT="46" WIDTH="34" VPOS="3606" HPOS="1790"/>
<!-- cceid 93E051B5-6E3A-1014-83DD-942C093A1DD9 --><String CONTENT="A" HEIGHT="38" WIDTH="41" VPOS="3606" HPOS="1825"/>
<SP HEIGHT="41" WIDTH="30" VPOS="3604" HPOS="1867"/>
<String CONTENT="90349;" HEIGHT="44" WIDTH="174" VPOS="3604" HPOS="1898"/>
<SP HEIGHT="42" WIDTH="37" VPOS="3606" HPOS="2073"/>
<String CONTENT="G." HEIGHT="41" WIDTH="51" VPOS="3606" HPOS="2111"/>
<SP HEIGHT="39" WIDTH="35" VPOS="3607" HPOS="2163"/>
<String CONTENT="F." HEIGHT="40" WIDTH="52" VPOS="3607" HPOS="2199"/>
<SP HEIGHT="40" WIDTH="33" VPOS="3607" HPOS="2252"/>
<String CONTENT="Dow." HEIGHT="41" WIDTH="135" VPOS="3607" HPOS="2286"/>
</TextLine>
<TextLine HEIGHT="50" WIDTH="525" VPOS="3662" HPOS="471">
<String CONTENT="Boston." HEIGHT="41" WIDTH="199" VPOS="3662" HPOS="471"/>
<SP HEIGHT="46" WIDTH="70" VPOS="3664" HPOS="671"/>
<String CONTENT="(36-1841)" HEIGHT="48" WIDTH="254" VPOS="3664" HPOS="742"/>
</TextLine>
<TextLine HEIGHT="68" WIDTH="702" VPOS="3750" HPOS="399" STYLEREFS="StyleId-86CAB4DD-544C-42A8-87F9-A9B40AC7D5DB-">
<String CONTENT="Engelsman," HEIGHT="68" WIDTH="384" VPOS="3750" HPOS="399"/>
<SP HEIGHT="64" WIDTH="26" VPOS="3754" HPOS="784"/>
<String CONTENT="Ralph" HEIGHT="64" WIDTH="193" VPOS="3753" HPOS="811"/>
<SP HEIGHT="54" WIDTH="28" VPOS="3753" HPOS="1005"/>
<String CONTENT="G." HEIGHT="55" WIDTH="67" VPOS="3753" HPOS="1034"/>
</TextLine>
<TextLine HEIGHT="74" WIDTH="1883" VPOS="3825" HPOS="472" STYLEREFS="StyleId-525637DB-1774-4086-8050-B8FAC49ED21E-" CS="1">
<String CONTENT="Getting" HEIGHT="72" WIDTH="245" VPOS="3825" HPOS="472"/>
<SP HEIGHT="50" WIDTH="26" VPOS="3847" HPOS="718"/>
<String CONTENT="ahead" HEIGHT="54" WIDTH="182" VPOS="3829" HPOS="745"/>
<SP HEIGHT="53" WIDTH="32" VPOS="3830" HPOS="928"/>
<String CONTENT="in" HEIGHT="53" WIDTH="60" VPOS="3830" HPOS="961"/>
<SP HEIGHT="51" WIDTH="28" VPOS="3833" HPOS="1022"/>
<String CONTENT="life" HEIGHT="54" WIDTH="108" VPOS="3830" HPOS="1051"/>
<SP HEIGHT="53" WIDTH="27" VPOS="3831" HPOS="1160"/>
<String CONTENT="insurance," HEIGHT="67" WIDTH="318" VPOS="3831" HPOS="1188"/>
<SP HEIGHT="67" WIDTH="27" VPOS="3831" HPOS="1507"/>
<String CONTENT="by" HEIGHT="67" WIDTH="76" VPOS="3831" HPOS="1535"/>
<SP HEIGHT="67" WIDTH="28" VPOS="3831" HPOS="1612"/>
<String CONTENT="Ralph" HEIGHT="68" WIDTH="194" VPOS="3829" HPOS="1641"/>
<SP HEIGHT="55" WIDTH="30" VPOS="3830" HPOS="1836"/>
<String CONTENT="G." HEIGHT="55" WIDTH="69" VPOS="3830" HPOS="1867"/>
<SP HEIGHT="52" WIDTH="30" VPOS="3832" HPOS="1937"/>
<String CONTENT="Engelsman" HEIGHT="68" WIDTH="351" VPOS="3831" HPOS="1968"/>
<SP HEIGHT="36" WIDTH="35" VPOS="3849" HPOS="2320"/>
<String CS="1" CONTENT="&#8230;"/>
</TextLine>
<TextLine HEIGHT="71" WIDTH="2011" VPOS="3906" HPOS="406" STYLEREFS="StyleId-525637DB-1774-4086-8050-B8FAC49ED21E-">
<String CONTENT="1st" HEIGHT="49" WIDTH="81" VPOS="3911" HPOS="406"/>
<SP HEIGHT="48" WIDTH="28" VPOS="3911" HPOS="488"/>
<String CONTENT="ed." HEIGHT="54" WIDTH="85" VPOS="3906" HPOS="517"/>
<SP HEIGHT="53" WIDTH="64" VPOS="3908" HPOS="603"/>
<String CONTENT="New" HEIGHT="53" WIDTH="140" VPOS="3908" HPOS="668"/>
<SP HEIGHT="53" WIDTH="29" VPOS="3909" HPOS="809"/>
<String CONTENT="York" HEIGHT="53" WIDTH="167" VPOS="3909" HPOS="839"/>
<SP HEIGHT="52" WIDTH="29" VPOS="3909" HPOS="1007"/>
<String CONTENT="and" HEIGHT="52" WIDTH="112" VPOS="3911" HPOS="1037"/>
<SP HEIGHT="52" WIDTH="34" VPOS="3911" HPOS="1150"/>
<String CONTENT="London," HEIGHT="66" WIDTH="260" VPOS="3909" HPOS="1185"/>
<SP HEIGHT="66" WIDTH="29" VPOS="3909" HPOS="1446"/>
<String CONTENT="McGraw-Hill" HEIGHT="56" WIDTH="434" VPOS="3907" HPOS="1476"/>
<SP HEIGHT="53" WIDTH="28" VPOS="3909" HPOS="1911"/>
<String CONTENT="book" HEIGHT="53" WIDTH="149" VPOS="3909" HPOS="1940"/>
<SP HEIGHT="53" WIDTH="30" VPOS="3910" HPOS="2090"/>
<String CONTENT="company," HEIGHT="50" WIDTH="296" VPOS="3927" HPOS="2121"/>
</TextLine>
<TextLine HEIGHT="61" WIDTH="309" VPOS="3984" HPOS="401" STYLEREFS="StyleId-525637DB-1774-4086-8050-B8FAC49ED21E-" CS="1">
<String CS="1" CONTENT="inc.," HEIGHT="58" WIDTH="104" VPOS="3984" HPOS="401"/>
<SP HEIGHT="52" WIDTH="39" VPOS="3993" HPOS="526"/>
<String CONTENT="1936." HEIGHT="55" WIDTH="144" VPOS="3990" HPOS="566"/>
</TextLine>
</TextBlock>
</PrintSpace>
</Page>
</Layout>
</alto>