2519 4377
1321 4125 100 52 536

429 520 878 52 xvii, [1], 426 p. illus., pl. 20 cm .
359 589 54 53 ©
456 594 111 39 Dec.
610 593 70 47 27,
724 591 142 49 1935;
910 591 68 42 2c.
1021 592 113 47 Apr.
1178 592 41 47 3,
1262 590 140 48 1936;
1448 590 82 41 aff.
1575 592 122 40 Mar.
1741 590 82 48 27;
1869 592 41 38 A
1950 590 172 48 92718;
2170 590 203 41 Charles

435 649 267 41 Scribner’s
727 659 129 31 sons.

360 769 228 63 Hayne,
618 770 114 53 Coe
759 767 216 63 Smith,
1006 768 172 55 1875-

363 854 1985 153 Baptist trail-makers of Michigan, by Coe Hayne … Philadelphia,
639 938 219 54 Boston
998 970 29 35 [etc.]
1059 936 144 55 Pub.
1231 935 96 56 for
1349 937 99 54 the
1474 935 339 57 Centennial
1839 935 322 55 committee
2189 934 64 55 of
2279 935 98 53 the

362 1017 302 69 Michigan
698 1016 237 69 Baptist
967 1021 148 50 state
1150 1016 358 67 convention,
1546 1018 327 65 1836-1936,
1908 1015 78 68 by
2021 1015 98 53 the
2151 1015 222 54 Judson

362 1113 158 51 press
554 1098 174 66 [1936]

432 1180 1022 52 6 p. l., 180 p. front., plates, ports. 19½cm.
434 1254 379 49 Bibliography:
844 1264 42 38 p.
916 1253 100 41 165.

362 1321 52 54 ©
456 1327 122 39 Mar.
617 1325 71 48 18,
727 1325 142 47 1936;
909 1324 69 43 2c.
1015 1326 96 39 and
1150 1324 82 41 aff.
1272 1325 114 47 Apr.
1425 1323 54 47 9;
1519 1324 42 39 A
1598 1323 172 47 93581;
1813 1324 189 39 Judson
2042 1332 150 39 press.

439 1383 253 47 (36-9713)

360 1485 204 67 Hicks,
592 1487 320 64 Granville,
942 1492 172 50 1901-

435 1577 157 56 John
636 1576 185 68 Reed;
868 1577 96 54 the
1007 1574 239 71 making
1287 1575 64 54 of
1395 1597 31 32 a
1468 1573 449 70 revolutionary,
1958 1575 76 68 by
2079 1572 298 57 Granville

365 1656 200 67 Hicks,
604 1656 142 52 with
783 1656 97 53 the
919 1655 303 53 assistance
1263 1654 64 53 of
1366 1654 155 53 John
1563 1653 217 55 Stuart.
1857 1652 140 54 New
2041 1654 177 67 York,
2254 1654 125 53 The

361 1734 337 54 Macmillan
738 1752 298 50 company,
1076 1734 150 52 1936.

433 1817 1090 51 viii p., 1 l., 445 p. front, (port.) 24 cm .
435 1890 380 48 Bibliography:
848 1902 43 37 p.
919 1888 220 43 425-435.

363 1960 53 53 ©
446 1965 114 47 Apr.
594 1965 69 48 14,
696 1963 141 49 1936;
872 1963 67 41 2c.
973 1965 96 39 and
1101 1963 81 40 aff.
1215 1964 115 47 Apr.
1363 1964 82 46 15;
1481 1964 41 38 A
1551 1963 172 43 92963;
1760 1964 284 39 Macmillan
2078 1974 67 30 co.

441 2022 252 48 (36-9661)

361 2125 676 66 Hoffmann-Harnisch,
1070 2125 340 65 Wolfgang,
1447 2131 172 49 1893-

497 2216 1882 70 … Manitus welt versinkt; rothaut und bleichgesicht wie sie
365 2296 263 53 wirklich
661 2316 208 49 waren,
901 2315 200 35 roman
1133 2316 100 34 aus
1264 2296 305 55 Amerikas
1604 2296 480 69 frühgeschichte.
2161 2297 218 68 Berlin,

363 2377 140 53 Drei
532 2377 235 54 masken
795 2377 199 68 verlag
1021 2396 47 36 a.
1099 2395 52 50 g.
1371 2410 12 34 [c1935]

439 2463 98 48 526,
573 2462 55 51 [2]
663 2473 43 37 p.
766 2462 56 39 21
825 2464 44 22 cm
875 2496 8 8 .

365 2532 2016 53 © Nov. 15, 1935; 1c. Feb. 6, .1936; A -Foreign 30344; Drei masken
433 2594 181 47 verlag,
654 2603 107 37 a.-g.
838 2591 282 48 (36-10006)

364 2695 277 64 Hughey,
669 2698 138 51 Mrs.
834 2695 227 52 Bertha
1090 2694 164 53 Ellen
1288 2695 361 66 (Robinson)
1684 2702 172 49 1869-

437 2784 207 56 Stover
690 2786 333 68 genealogy,
1069 2785 327 69 biography
1445 2786 113 52 and
1606 2786 251 69 history;
1911 2806 30 33 a
1993 2788 384 68 genealogical

365 2865 197 54 record
608 2864 65 54 of
718 2866 95 52 the
862 2865 372 54 descendants
1282 2864 63 53 of
1390 2865 262 55 William
1700 2864 222 71 Stover,
1972 2868 249 68 pioneer,
2269 2867 108 53 and

365 2945 163 52 other
567 2944 251 68 Stovers,
853 2945 76 68 by
962 2945 217 53 Bertha
1218 2945 66 53 E.
1322 2945 269 69 Hughey.
1666 2947 302 66 Portland,
2007 2946 119 69 Or.,
2164 2948 215 52 Bertha

366 3023 354 70 E. Hughey [c1936]
435 3112 966 50 246 p., 2 l. front, (port.) plates. 19½cm.
436 3183 189 40 “Books
655 3183 53 40 of
738 3183 276 40 reference”:
1076 3184 102 40 leaf
1208 3184 24 39 1
1266 3186 53 39 at
1345 3185 109 39 end.

368 3248 52 53 ©
462 3254 120 39 Mar.
623 3254 70 46 29,
735 3253 140 43 1936;
919 3253 67 41 2c.
1028 3256 95 38 and
1164 3254 82 40 aff.
1290 3256 114 47 May
1444 3255 51 45 6;
1539 3256 39 38 A
1619 3255 171 48 95034;
1836 3257 183 40 Bertha
2063 3259 51 41 E.
2157 3258 222 48 Hughey,

437 3310 250 47 Portland,
722 3311 79 40 Or.
873 3309 252 50 (36-9686)

365 3412 239 54 Illinois.
681 3415 185 65 Laws,
892 3419 256 60 statutes,
1176 3421 99 46 etc.

436 3505 174 52 Jones
639 3504 229 55 Illinois
896 3509 238 49 statutes
1165 3507 326 59 annotated,
1519 3508 328 68 embracing
1877 3509 76 52 all
1984 3509 228 68 general
2241 3509 137 54 laws

367 3582 64 53 of
460 3584 94 51 the
586 3590 144 46 state
760 3583 63 53 of
853 3583 228 53 Illinois
1111 3585 59 51 in
1203 3584 154 53 force
1391 3585 245 55 October
1672 3592 43 61 1,
1749 3590 150 64 1934,
1930 3587 138 53 with
2103 3589 274 67 complete

368 3661 382 67 annotations,
778 3662 281 67 compiled
1088 3663 110 51 and
1227 3662 189 54 edited
1447 3665 72 66 by
1550 3664 156 53 Basil
1736 3668 174 51 Jones
1941 3667 111 51 and
2082 3667 196 51 Frank
2305 3668 70 52 D.

367 3739 211 53 Moore.
685 3758 49 35 [v.
777 3744 84 62 25]
911 3741 193 52 Roads
1147 3741 111 52 and
1302 3740 545 71 bridges-Sanitaiy
1891 3742 271 56 districts.

366 3744 1984 139 Chicago,
550 3817 322 67 Callaghan
901 3819 111 51 and
1040 3837 297 49 company,
1369 3823 148 50 1936.

435 3889 462 49 4 p. l., 603 p. 24½cm.
438 3947 175 39 “Table
647 3947 52 40 of
733 3947 250 41 contents”
1019 3959 59 28 on
1113 3948 131 39 front
1283 3947 337 50 lining-paper.

370 4011 52 52 ©
447 4017 113 46 May
586 4015 67 49 19,
681 4016 140 46 1936;
848 4017 67 41 2c.
942 4019 95 38 and
1062 4018 82 40 aff.
1172 4020 112 46 May
1309 4018 82 47 20;
1421 4020 40 38 A
1486 4018 171 48 95290;
1688 4021 269 47 Callaghan
1986 4022 34 39 &
2046 4032 66 30 co.
