2519 4377
1051 4072 131 48 1423

137 436 201 62 Truss,
365 434 228 63 Seldon,
624 439 170 48 1892-

208 511 380 64 Rooksmiths,
614 511 73 65 by
714 510 207 53 Seldon
948 513 188 49 Truss.
1198 512 255 63 London,
1477 510 239 53 Hodder
1742 510 111 53 and
138 510 1966 132 Stoughton
288 592 150 62 [1936]

198 662 87 39 315
303 671 43 37 p.
407 660 143 40 19½cm.

135 727 1993 52 © 1c. Oct. 15, 1936: A ad int. 21878; pubd. Aug. 20; Leslie Seldon Truss,
203 787 270 40 Ticehurst.
505 789 191 39 Sussex,
729 786 234 46 England.
1030 785 279 47 (36-23531)

137 890 472 63 Vallery-Radot,
642 890 239 61 Robert,
914 894 169 49 1886-

312 961 1816 71 … Les furieux de la paix; de Wilson à Eden. Paris, B.
139 1042 229 54 Grasset
425 1044 150 63 [1936]

205 1112 409 49 228 p., 2 l. 18 ½ cm.
132 1182 1981 114 © June 5. 1936; 1c. July 14; A- Foreign 32392; Éditions Bernard Grasset. (36-22352)
135 1354 310 61 Vielstedt,
474 1353 276 56 Herbert.

207 1428 138 54 Cola
379 1429 58 52 di
471 1429 242 64 Rienzo;
750 1427 89 55 die
872 1428 318 67 geschichte
1224 1427 96 53 des
1352 1426 447 68 volkstribunen,
1833 1446 110 34 von
138 1427 1965 133 Herbert
291 1505 296 53 Vielstedt.
665 1504 215 67 Berlin,
919 1505 54 54 S.
1009 1504 231 53 Fischer
1279 1507 170 65 [1936]

203 1576 1582 50 4 p. l., [11]—373, [4] p., 3 l. front., 4 port., fold. map. 22cm.
207 1634 169 40 “Erste
405 1634 73 39 bis
506 1633 150 41 dritte
687 1634 189 47 auflage
905 1632 156 42 1936.”

205 1689 580 41 “Literaturnachweise”
805 1700 9 28 :
852 1700 43 37 p.
935 1688 246 51 [371]-373.

131 1745 53 53 ©
210 1750 113 46 May
350 1749 68 43 39.
447 1748 112 41 1936;
617 1750 17 38 3
646 1758 37 29 c.
712 1750 119 45 Aug.
859 1749 81 40 18:
972 1748 40 39 A
1013 1747 269 47 -Foreign
1309 1747 170 41 32754:
1514 1749 43 40 S.
1586 1748 200 40 Fischer
1814 1749 180 49 verlag,
2024 1759 106 36 a.-g.

210 1806 278 49 (36-22353)

135 1908 173 65 Vigil,
336 1910 354 54 Constancio
714 1911 79 61 C.,
824 1911 169 53 1876-

203 1985 73 52 El
303 1987 138 54 erial
478 1987 319 68 (Neuland)
834 2004 110 35 von
973 1985 341 55 Constancio
1344 1986 62 55 C.
1434 1985 191 69 Vigil;
1656 2005 99 35 aus
1783 1990 126 51 dem
133 1987 1967 130 spanischen
347 2063 88 55 ins
485 2065 264 53 deutsche
798 2064 341 68 übertragen
1190 2083 111 33 von
1350 2064 321 68 Wolfgang
1719 2063 246 55 freiherr
2017 2084 108 34 von

131 2142 274 54 Ledebur.
481 2142 216 68 Berlin,
729 2143 214 68 Verlag
976 2142 98 52 für
1104 2142 410 68 kulturpolitik
1551 2146 170 64 [1935]

203 2216 98 48 235,
336 2216 55 50 [3]
422 2226 42 38 p.
525 2216 114 39 23cm.

130 2270 1980 109 © Nov. 29. 1935; 1c. Apr. 30, 1936; A -Foreign 31580; Verlag für kulturpolitik, g. m. b. h. (36-22588)
132 2433 205 64 Vring,
366 2434 191 64 Georg
583 2450 113 36 von
723 2434 120 62 der,
874 2439 170 49 1889-

259 2506 1612 70 … Die spur im hafen, roman. Berlin, Scherl [c1936]
196 2581 98 44 247,
331 2583 54 48 [1]
419 2591 43 37 p.
523 2581 114 39 19cm.

130 2635 1996 53 © Mar. 5, 1936 : 1c. June 3 : A -Foreign 32029; August Scherl, g. m. b. h.
207 2695 279 49 (36-22475)

132 2797 174 64 Wait,
332 2795 271 66 William,
634 2803 323 49 1821-1880.

199 2873 204 56 Wait’s
438 2873 257 55 Practice
734 2881 57 47 at
824 2875 128 54 law.
987 2875 60 52 in
1084 2872 193 70 equity
1314 2875 111 53 and
1460 2875 59 52 in
1556 2875 314 67 particular
1909 2875 215 53 actions

135 2953 110 52 and
287 2954 367 65 proceedings
696 2953 59 52 in
798 2953 75 51 all
915 2954 93 51 the
1052 2953 205 54 Courts
1298 2953 64 52 of
1402 2953 196 52 record
1641 2953 62 52 of
1742 2954 94 52 the
1878 2959 143 47 state
2061 2954 63 52 of

131 3031 138 52 New
293 3030 178 65 York,
495 3031 140 52 with
661 3032 369 65 appropriate
1057 3030 197 53 forms.
1316 3031 71 51 3d
1413 3032 103 64 ed.,
1539 3032 219 52 revised
1784 3031 111 52 and
130 3032 1969 140 entirely
222 3108 287 52 rewritten
540 3113 58 49 to
629 3108 258 52 conform
920 3108 140 51 with
1090 3109 94 51 the
1218 3107 151 55 Civil
1401 3108 249 66 practice
1682 3113 91 48 act
1805 3109 111 52 and
1951 3108 172 53 allied

131 3189 251 48 statutes.
462 3184 430 67 Supplemental
942 3186 223 52 volume
1214 3185 95 52 for
1359 3188 151 62 1936,
1559 3185 266 67 covering
1871 3187 252 51 volumes

132 3261 1990 68 one to four, and eight, by Oscar Leroy Warren … New York,
133 3340 202 56 Baker,
360 3340 246 53 Voorhis
631 3344 46 49 &
702 3358 96 48 co.,
827 3343 148 50 1936.

189 3411 68 48 iii,
280 3411 85 41 930
383 3422 44 38 p.
488 3412 53 40 23cm.

197 3468 351 47 Accompanied
587 3469 59 45 by
689 3469 336 47 Supplements
1065 3471 47 36 to
1150 3469 325 47 replacement
1513 3468 215 39 volumes
1767 3468 105 46 five,
1913 3468 76 38 six
2028 3468 95 39 and

127 3534 155 33 seven.
312 3524 81 40 4th
425 3524 71 41 ed.
554 3524 155 41 These
737 3524 273 49 pamphlets
1040 3534 83 30 are
1153 3526 48 39 to
1231 3525 56 39 be
1317 3524 136 41 fitted
1483 3524 103 41 into
1618 3525 83 40 the
1729 3525 198 48 pockets
1956 3528 53 39 at
2041 3526 82 39 the

123 3580 122 39 back
273 3582 49 39 of
350 3582 81 39 the
459 3582 215 38 volumes
700 3582 51 38 of
778 3582 82 39 the
888 3586 73 35 set
990 3583 48 38 to
1068 3581 155 39 which
1254 3582 115 46 they
1398 3581 183 47 belong.

126 3633 52 53 ©
207 3638 100 40 Oct.
337 3639 69 39 29.
436 3637 139 41 1936:
609 3638 66 38 2c.
705 3638 117 39 each
854 3638 100 40 Oct.
984 3638 82 40 31:
1099 3638 81 38 aff.
1213 3637 100 41 Oct.
1343 3636 82 47 30;
1458 3639 39 38 A
1528 3636 198 42 100181:
1760 3639 71 38 W.
1863 3636 133 41 Wait
2026 3636 96 40 and

196 3695 141 39 Isaac
360 3695 52 38 V.
437 3696 53 39 A.
517 3695 146 46 Wait,
689 3694 256 42 Peekskill.
971 3695 55 39 N.
1052 3694 53 40 Y.

127 3796 274 64 Walpole,
428 3797 197 63 Hugh,
655 3803 96 48 1884-

196 3875 54 51 A
283 3893 207 46 prayer
522 3874 94 53 for
649 3893 95 46 my
777 3891 116 37 son,
928 3895 30 34 a
989 3874 164 52 novel
1186 3874 74 65 by
1292 3873 182 68 Hugh
1505 3874 280 66 Walpole.
1861 3873 256 66 London,

126 3949 330 54 Macmillan
485 3951 110 52 and
623 3970 77 34 co.,
745 3950 239 67 limited,
1012 3954 148 50 1936.
