2519 4377
1298 4103 135 50 1956

439 477 65 50 ix,
535 477 87 41 310
649 488 46 38 p.
752 478 57 40 19½
841 480 46 22 cm
890 510 9 9 .

440 534 164 42 “First
635 533 229 44 edition.”

720 592 135 49 CONTENTS.—pt.
884 593 253 42 I.—Three
1165 595 163 48 points
1359 596 51 40 of
1439 596 150 41 view:
1623 595 232 50 agnostic,
1888 598 297 45 Protestant,
369 598 2005 99 Catholic.—pt.
609 656 54 33 II.
694 649 158 42 Three
882 651 284 49 champions
1198 652 52 41 of
1280 653 83 40 the
1390 652 159 42 faith:
1587 654 68 41 St.
1688 654 137 48 Paul,
1861 654 66 41 St.
1962 655 145 47 John,
2142 654 66 41 St.
2244 654 147 47 Cyril.

369 707 55 54 ©
446 712 120 41 Nov.
589 711 71 50 25,
686 712 143 49 1936;
855 713 69 42 2c.
951 715 96 39 and
1072 715 82 40 aff.
1182 716 112 39 Dec.
1322 716 52 48 5;
1402 717 41 38 A
1467 715 203 49 101179;
1699 717 51 40 F.
1778 717 43 40 J.
1848 716 257 50 Kinsman,
2133 715 259 50 Lewiston,

445 770 91 40 Me.
601 769 225 51 (37-416)

367 874 404 68 Koldenhove,
797 878 206 63 Meyer
1031 881 144 53 tom.

368 954 2022 150 Tausendjährige erbhöfe im lande Widukinds. 1. t. Der erbhof Widukinds … von Meyer torn Koldenhove. Mit karten.
369 1111 220 68 Berlin,
621 1113 531 54 Reichsnährstand
1182 1115 368 68 verlags-ges.
1581 1136 73 34 m.
1686 1117 52 53 b.
1768 1118 75 66 h.,
1875 1119 152 50 1936.

445 1184 1934 52 148 p. fold. map. 22 ½ cm . (Beiträge zum bauern- und bodenrecht.
369 1242 78 42 bd.
473 1242 51 49 6)

370 1296 2006 110 © June 3, 1936; 1c. Dec. 3; A -Foreign 33532; Reichsnährstand, verlags-ges. m. b. h.
366 1463 219 66 Kranz,
614 1464 307 55 Heinrich.

438 1542 536 55 Lebensschicksale
1010 1543 360 54 krimineller
1407 1544 308 69 Zwillinge,
1751 1563 112 34 von
1902 1546 85 51 dr.
2025 1545 147 52 med.
366 1545 2001 130 Heinrich
518 1623 216 53 Kranz.
812 1623 219 67 Berlin,
1059 1625 55 54 J.
1147 1623 301 69 Springer,
1479 1627 151 51 1936.

440 1695 25 39 1
497 1705 44 31 v.

366 1748 1880 55 © July 24, 1936; 1c. Dec. 3; A -Foreign 33571; Julius Springer.
365 1873 412 66 Kretschmer,
806 1875 206 54 Ernst.

437 1952 348 67 Körperbau
830 1953 120 52 und
998 1953 330 59 Charakter;
1382 1954 501 66 Untersuchungen
1932 1972 130 33 zum

365 1953 2001 144 konstitutions-problem
841 2032 120 53 und
996 2051 102 33 zur
1134 2032 155 53 lehre
1327 2051 110 34 von
1475 2033 108 52 den
1618 2037 505 62 temperamenten,
2158 2050 111 34 von
2305 2032 84 52 dr.

368 2110 179 52 Ernst
580 2110 389 53 Kretschmer.
1043 2114 79 49 11.
1159 2130 52 34 u.
1251 2114 80 50 12.
1368 2111 346 52 verbesserte
1748 2110 119 53 und
1902 2110 321 53 vermehrte
2261 2110 129 54 aufl.

365 2188 117 53 Mit
509 2188 407 67 abbildungen.
994 2188 219 59 Berlin,
1240 2191 56 54 J.
1329 2188 300 70 Springer,
1658 2193 150 50 1936.

440 2260 1444 53 ix, [1], 243, [1] p. illus. (incl. ports.) diagrs. 25 ½ cm .
368 2314 1847 55 © July 2, 1936; 1c. Dec. 3; A -Foreign 33556; Julius Springer.
365 2440 241 65 Legend
633 2441 66 53 of
723 2441 260 54 Kawelo.

438 2517 124 54 The
597 2517 208 68 legend
841 2517 66 53 of
943 2518 240 53 Kawelo
1219 2519 114 53 and
1371 2518 163 53 other
1568 2516 313 55 Hawaiian
1919 2517 129 53 folk
2084 2519 160 63 tales,
365 2519 2004 131 collected
579 2596 115 54 and
720 2597 316 54 translated
1068 2597 77 67 by
1172 2597 190 53 Laura
1394 2596 63 55 C.
1490 2596 55 55 S.
1576 2596 188 55 Green
1793 2596 113 53 and
1935 2596 173 67 Mary
2134 2596 257 53 Kawena

365 2674 212 54 Pukui.
641 2674 320 66 Honolulu,
991 2675 64 52 T.
1087 2675 97 56 H.,
1215 2678 152 49 1936.

437 2747 938 52 3 p. l., [3]-185, [1] p. front. 23 cm .
438 2806 116 40 Two
584 2805 266 41 half-titles
880 2807 88 39 not
994 2805 229 41 included
1251 2805 52 40 in
1333 2806 83 40 the
1444 2805 192 49 paging.

439 2862 268 42 Hawaiian
735 2863 97 41 and
862 2862 204 49 English
1097 2873 61 31 on
1187 2862 220 49 opposite
1437 2872 161 39 pages.

440 2920 235 49 Running
701 2920 137 41 title:
870 2920 138 41 Field
1038 2920 136 40 work
1202 2920 51 39 in
1281 2920 243 40 folk-lore.

367 2975 2007 223 “Collected and translated by Miss Green and Mrs. Pukui for the folklore foundation of Vassar college … the first and last group have appeared in its series.”—Introd., signed: M. W. B. [i. e. Martha W. Beckwith]
722 3205 255 47 CONTENTS.—Legend
1012 3204 51 41 of
1097 3205 218 47 Kawelo,
1348 3204 63 47 by
1443 3203 507 41 Kaululaau.—Oahu
1986 3205 139 47 tales,
2158 3204 231 41 collected

369 3261 61 47 by
456 3261 163 40 Laura
650 3261 381 41 Green.—Tales
1058 3261 132 39 from
1213 3260 213 47 Hawaii,
1456 3261 232 40 collected
1716 3261 62 48 by
1803 3262 143 47 Mary
1974 3261 176 41 Pukui.

369 3314 53 53 ©
450 3319 113 41 Dec.
594 3318 70 49 11,
693 3317 142 49 1936;
867 3316 66 41 2c.
967 3318 96 39 and
1091 3317 83 41 aff.
1206 3319 112 38 Dec.
1350 3317 82 47 17;
1466 3318 40 39 A
1536 3316 174 41 101378;
1771 3318 199 39 Martha
2004 3319 208 40 Warren
440 3319 1934 105 Beckwith,
601 3374 381 50 Poughkeepsie,
1010 3376 57 39 N.
1093 3376 54 39 Y.
1214 3374 223 50 (37-147)

365 3477 375 68 Lieberman,
768 3479 211 54 Milton
1009 3478 343 67 Nathaniel,
1385 3485 171 49 1905-

438 3559 140 52 New
609 3559 165 53 York
803 3560 278 51 abstracts
1112 3558 113 52 and
1256 3558 183 59 titles;
1474 3560 96 50 the
1601 3560 139 51 New
1774 3559 163 52 York
1966 3560 112 51 law
2111 3559 277 66 complete

367 3637 141 53 with
555 3638 288 52 reference
888 3644 61 47 to
997 3638 279 52 abstracts
1325 3636 110 53 and
1484 3635 387 55 examination
1918 3637 64 53 of
2029 3637 172 67 titles,
2247 3637 136 52 with

368 3715 2019 68 annotations, by Milton N. Lieberman … Newark. N. J., Soney
366 3796 45 49 &
440 3794 147 66 Sage
614 3813 98 47 co.,
742 3793 150 55 1937.

440 3866 134 47 xxxi,
607 3866 88 40 754
726 3877 43 37 p.
830 3865 131 41 illus.
990 3865 191 51 (plans)
1224 3865 179 47 diagrs.
1467 3864 57 40 24
1527 3868 43 21 cm
1577 3898 7 7 .

441 3924 179 39 “Table
647 3924 55 39 of
728 3923 165 41 cases”:
950 3934 43 38 p.
1029 3921 249 52 [559]-643.

369 3977 53 53 ©
448 3983 113 38 Dec.
588 3981 71 48 21,
687 3980 141 49 1936;
858 3980 68 41 2c.
955 3981 97 39 and
1080 3980 82 42 aff.
1192 3981 110 38 Dec.
1332 3979 83 47 23;
1446 3980 41 39 A
1517 3978 200 49 102029;
1753 3981 155 45 Soney
1936 3980 38 39 &
2004 3979 125 47 Sage
2156 3987 67 33 co.

450 4037 225 51 (37-451)
