2519 4377
1284 4122 135 49 1010

346 437 290 64 Barnard,
667 436 252 55 Chester
946 435 224 64 Irving,
1201 441 173 51 1886-

419 512 170 56 Mind
623 512 62 53 in
720 513 287 68 everyday
1043 511 225 68 affairs;
1309 530 72 35 an
1417 511 390 54 examination
1843 512 122 53 into
1999 510 212 70 logical
2248 513 112 53 and

349 590 351 69 non-logical
750 590 249 68 thought
1049 607 312 52 processes;
1416 609 72 34 an
1540 589 234 56 address
1825 588 289 55 delivered
2164 590 198 55 before

350 668 313 54 Princeton
702 667 321 69 university
1063 686 74 35 on
1174 668 207 53 March
1420 670 84 66 10,
1544 669 153 66 1936,
1735 666 61 54 in
1834 668 96 53 the
1972 666 187 70 Cyrus
2198 669 165 69 Fogg

351 747 275 54 Brackett
667 743 346 71 lectureship
1056 745 61 54 in
1158 744 234 70 applied
1434 745 373 70 engineering
1847 746 113 52 and
2003 745 360 70 technology,

350 822 2013 71 by Chester I. Barnard … [Princeton, The Guild of Brackett
352 903 289 62 lecturers,
673 904 151 66 1936]

421 974 60 40 40
512 985 44 38 p.
616 974 118 41 23cm.

352 1042 52 54 ©
441 1048 115 46 May
592 1047 70 44 20,
701 1047 114 40 1936;
882 1047 68 41 2c.
988 1047 115 46 May
1142 1045 82 47 22;
1267 1045 81 41 aff.
1388 1047 113 46 May
1539 1047 83 46 27;
1663 1047 40 39 A
1741 1046 171 43 95418;
1956 1047 50 42 C,
2048 1048 36 39 I.
2125 1047 241 48 Barnard,

421 1104 224 47 Newark,
676 1105 55 39 N.
761 1104 44 40 J.
869 1103 283 49 (36-17101)

356 1208 300 66 [Bartlett,
686 1208 283 67 Stephen]

353 1283 1989 147 Lawrence in the blue, by Gurney Slade [pseud.] … London and New York. F. Warne and co., ltd. [1936]
423 1433 87 42 288
537 1444 43 38 p.
639 1435 87 39 col.
754 1433 165 47 front.,
950 1434 129 40 illus.
1108 1435 161 48 (map)
1308 1435 171 48 plates.
1538 1434 117 42 20cm.

354 1502 2013 53 © 1c. June 20, 1936; A ad int. 21719; pubd. May 28; Frederick A.
427 1564 171 41 Stokes
626 1574 83 39 co.,
739 1565 118 38 New
885 1564 146 40 York.
1101 1562 282 50 (36-17712)

351 1670 236 62 Basset,
615 1671 169 54 Jean.

425 1746 1941 69 Essai sur l’immunité, par J. Basset … 1 planche hors texte.
352 1825 186 67 Paris,
569 1827 182 68 Vigot
785 1825 198 70 frères,
1017 1830 152 50 1936.

426 1900 58 41 86
514 1910 43 38 p.
618 1900 64 48 pl.
742 1899 148 42 25½cm.

428 1955 211 51 Imprint
668 1958 115 39 date
809 1957 219 49 changed
1055 1956 50 41 in
1132 1955 305 50 manuscript
1463 1958 49 40 to
1539 1957 130 42 1935.

428 2013 426 51 “Bibliographie”
873 2024 10 31 :
915 2025 44 38 p.
994 2014 190 51 [81]-84.

355 2078 2014 57 © Nov. 1, 1935; 1c. Apr. 18, 1936; A- Foreign 31437; Vigot frères,
426 2142 229 41 éditeurs.
725 2141 282 49 (36-17359)

359 2247 219 69 [Bazin,
607 2247 169 68 Jean]
812 2253 172 51 1894-

484 2325 114 55 Voila
626 2325 153 53 taxi!
859 2325 118 53 Par
1006 2323 263 57 Simonin
1297 2325 184 54 Bazin
1515 2325 214 68 [pseud.]
1829 2325 186 67 Paris,
2045 2324 323 56 Gallimard

360 2405 173 67 [1935]

427 2473 763 52 3 p. l., [9]-223 p., 1 l. 19cm.
356 2543 1997 109 © Nov. 15, 1935; 1c. Feb. 17, 1936; A- Foreign 30533; Librairie Gallimard. (36-17376)
355 2707 196 65 Bedel,
578 2707 283 64 Maurice,
892 2713 173 50 1884-

522 2782 1325 71 … Le laurier d’Apollon. Paris, Gallimard [1936]
428 2857 585 52 191, [1] p., 1 l. 18 ½ cm.
357 2912 2012 54 © Apr. 5, 1936; 1c. May 21; A- Foreign 31843; Librairie Gallimard.
437 2974 284 49 (36-17274)

355 3078 279 63 Bennett,
662 3078 234 55 Horace
922 3076 242 67 Wilson,
1194 3082 172 52 1862-

430 3153 55 54 A
529 3154 237 53 modem
813 3152 196 70 prince
1059 3152 153 55 from
1256 3171 75 36 an
1375 3152 229 56 ancient
1646 3152 193 68 house,
1884 3152 76 71 by
2005 3152 229 56 Horace
2276 3153 92 55 W.

357 3229 1810 72 Bennett … Boston, The Christopher publishing house [c1936]
426 3303 1111 50 3 p. l., v-xi, 13-196 p. front., pl. 20 ½ cm.
358 3359 53 53 ©
446 3364 116 46 July
594 3363 70 48 28,
701 3362 139 47 1936;
878 3362 68 41 2c.
981 3363 121 44 Aug.
1136 3364 53 47 1;
1227 3363 81 41 aff.
1345 3363 116 48 July
1498 3363 82 47 31;
1617 3363 40 40 A
1693 3361 171 50 96709;
1905 3362 320 49 Christopher
2260 3363 108 48 pub.

428 3420 165 41 house.
667 3419 280 48 (36-17116)

356 3523 207 66 Berry,
592 3522 219 57 Claude
838 3522 226 56 Perrin.

428 3601 1940 69 The law of automobiles, by C. P. Berry … 7th ed. 1936
356 3677 2012 71 cumulative supplement … Chicago, Callaghan and company,
359 3760 150 51 1936.

428 3830 26 40 6
482 3840 42 29 v.
582 3830 55 39 24½cm.

429 3886 156 39 These
615 3886 277 48 pamphlets
924 3897 83 29 are
1038 3888 48 38 to
1118 3887 56 39 be
1206 3886 138 40 fitted
1377 3886 101 39 into
1511 3886 84 41 the
1623 3886 200 49 pockets
1855 3887 53 39 at
1939 3886 81 40 the
2051 3885 123 40 back
2207 3885 52 39 of
2288 3885 81 41 the

439 3952 133 29 volumes
600 3943 52 40 of
680 3942 83 40 the
789 3945 74 38 set
890 3945 49 38 to
968 3942 158 40 which
1157 3943 113 47 they
1302 3943 183 47 belong.

358 3995 53 54 ©
436 3999 116 48 July
579 4001 37 46 1,
645 3999 140 47 1936;
815 3999 66 43 2c.
908 3999 118 42 each
1052 3999 116 47 July
1194 4001 26 37 6;
1277 3999 68 40 aff.
1412 3999 116 47 July
1554 3999 83 47 27;
1667 3999 40 39 A
1733 3998 170 47 97173;
1935 3998 270 46 Callaghan
2234 3999 36 39 &
2298 4007 68 29 co.
