2519 4377
1352 4114 99 50 500

399 444 362 65 Donington,
787 445 243 54 Robert.

473 522 123 52 The
641 520 204 54 citizen
891 520 154 54 faces
1090 540 136 49 war,
1269 522 76 68 by
1387 522 218 54 Robert
1648 527 46 49 &
1738 524 261 53 Barbara
2043 525 365 69 Donington;

403 598 138 53 with
590 617 73 35 an
709 599 393 53 introduction
1150 600 76 69 by
1274 600 96 56 Sir
1418 602 258 53 Norman
1721 602 230 69 Angell.
2035 604 260 67 London,
2340 605 70 53 V.

401 678 293 68 Gollancz,
726 679 123 66 ltd.,
884 681 150 51 1936.

470 765 88 42 286
589 777 43 38 p.
693 765 147 41 20½cm.

475 851 72 40 An
583 854 210 39 account
826 852 51 41 of
913 852 82 41 the
1029 862 104 29 war
1167 851 267 43 resistance
1468 855 273 40 movement
1777 854 119 40 with
1931 865 29 29 a
1997 854 189 49 history
2222 855 52 41 of
401 866 1994 84 conscientious

703 908 243 48 objection
979 910 51 39 in
1064 910 223 49 England
1321 911 178 49 during
1532 912 81 40 the
1646 913 154 40 world
1833 922 117 30 war.

402 992 53 54 ©
484 996 66 41 1c.
580 997 115 48 Apr.
723 997 68 46 14,
822 996 141 47 1936;
996 997 40 39 A
1067 998 63 39 ad
1160 997 86 41 int.
1277 997 171 43 21324;
1483 998 142 48 pubd.
1658 998 111 40 Feb.
1801 998 82 40 17:
1917 999 55 38 R.
2006 997 279 49 Donington
2317 999 96 40 and

471 1055 222 39 Barbara
719 1054 294 48 Donington,
1039 1053 276 49 Cranleigh,
1343 1055 195 48 Surrey,
1564 1056 236 47 England.
1867 1054 253 50 (36-9791)

400 1158 252 64 Dowrie,
682 1158 229 65 George
939 1157 274 65 William,
1244 1164 170 51 1880-

469 1233 1945 71 Money and banking, by George William Dowrie … New
403 1312 178 69 York,
603 1313 56 54 J.
684 1313 151 54 Wiley
898 1313 45 50 &
966 1331 147 52 sons,
1138 1314 137 67 inc.;
1302 1314 260 67 London,
1587 1313 302 70 Chapman
1915 1316 46 51 &
1985 1314 163 69 Hall,
2170 1313 244 68 limited,

401 1394 151 52 1936.

473 1480 100 50 viii,
603 1481 86 40 512
714 1490 44 38 p.
818 1479 117 42 23cm.
1053 1479 131 50 $3.25

472 1566 391 50 Bibliographies
887 1568 52 39 at
965 1568 92 39 end
1082 1566 52 41 of
1156 1569 125 38 most
1307 1566 53 40 of
1384 1567 82 41 the
1493 1567 241 49 chapters.

402 1649 53 53 ©
480 1654 114 48 Apr.
621 1653 69 48 15,
718 1652 141 46 1936;
888 1651 67 41 2c.
983 1653 115 47 Apr.
1125 1652 82 46 18;
1237 1652 82 41 aff.
1348 1653 113 48 Apr.
1490 1653 53 40 17;
1602 1653 40 39 A
1670 1652 145 41 92989;
1874 1654 53 40 G.
1956 1656 73 39 W.
2057 1652 210 49 Dowrie,
2296 1656 118 40 Palo

471 1711 127 46 Alto,
625 1710 147 41 Calif.
838 1710 227 48 (36-9319
1077 1712 14 47 )

405 1815 237 66 [Drago,
670 1816 204 63 Harry
897 1812 270 69 Sinclair]
1201 1819 172 51 1888-

475 1889 206 56 Closed
730 1909 194 51 range,
968 1891 77 68 by
1092 1889 154 56 Bliss
1290 1890 219 53 Lomax
1560 1892 215 68 [pseud.]
1873 1889 140 55 New
2063 1890 180 69 York,
2288 1890 122 56 The

401 1969 844 69 Macaulay company [ c 1936]
473 2056 47 39 vi
552 2067 58 37 p.,
642 2055 25 39 1
737 2086 9 17 l.,
778 2054 175 40 11-254
985 2065 42 38 p.
1089 2054 146 41 19½cm.

402 2142 53 52 ©
485 2145 113 48 Apr.
631 2145 69 47 16,
734 2143 116 41 1936;
908 2144 69 40 2c.
1010 2144 97 39 and
1138 2143 83 42 aff.
1253 2143 113 48 Apr.
1399 2144 81 46 17;
1514 2144 42 39 A
1587 2143 172 49 92972;
1795 2146 262 42 Macaulay
2089 2156 66 30 co.

479 2201 253 50 (36-9394)

402 2306 254 65 DuBois,
686 2308 243 63 Eugene
958 2305 203 65 Floyd,
1191 2312 171 49 1882-

404 2382 1987 149 Basal metabolism in health and disease, by Eugene F. DuBois … 3d ed., thoroughly
1349 2481 141 47 rev.;
1531 2462 326 54 illustrated
1894 2463 141 53 with
2074 2467 64 50 98
403 2481 1987 132 engravings.
616 2540 431 69 Philadelphia,
1078 2541 119 53 Lea
1227 2543 46 51 &
1301 2540 263 70 Febiger,
1599 2544 151 50 1936.

471 2631 86 41 494
591 2643 42 37 p.
693 2630 165 48 front.,
892 2629 144 49 illus.,
1072 2628 180 50 diagrs.
1313 2627 117 42 24cm.

472 2700 419 50 Bibliographical
918 2700 280 41 foot-notes.

403 2785 53 53 ©
490 2789 122 39 Mar.
648 2787 69 48 18,
753 2785 140 47 1936;
930 2786 68 40 2c.
1031 2787 123 39 Mar.
1188 2785 83 47 20;
1310 2784 81 41 aff.
1427 2786 122 38 Mar.
1585 2784 82 47 19;
1705 2785 40 39 A
1780 2785 171 48 93269;
1991 2787 96 39 Lea
2124 2787 36 39 &
2195 2787 216 48 Febiger.

483 2843 252 51 (36-9498)

400 2949 255 64 DuBois,
684 2948 325 54 Theodora.

469 3029 246 53 Woman
743 3025 249 55 accused.
1093 3029 29 48 [6
1149 3023 376 68 instalments]

484 3115 78 48 (In
591 3108 253 45 Woman’s
873 3108 245 53 pictorial,
1146 3109 129 42 Mar.
1303 3109 71 49 28,
1402 3107 122 52 Apr.
1550 3109 42 49 4,
1623 3108 69 51 11,
1723 3109 70 49 18,
1819 3108 71 50 25,
1918 3108 120 51 May
2067 3109 41 50 2,
2139 3108 142 51 1936)

402 3195 2009 54 © 1c. each May 20, 1936; A ad int. 21439; pubd. Mar. 28, Apr. 4, 11. 18,
472 3256 69 49 25,
575 3257 115 46 May
720 3254 53 47 2;
806 3255 53 40 T.
892 3253 211 49 DuBois,
1135 3254 119 39 New
1285 3254 187 38 Haven.

403 3357 237 54 Florida
686 3358 204 67 digest,
939 3361 133 50 1846
1117 3365 58 46 to
1221 3357 159 65 date;
1430 3354 269 69 covering
1742 3355 241 54 Florida
2029 3361 222 62 reports
2296 3355 111 53 and

475 3433 289 56 Southern
800 3437 274 65 reporter,
1112 3451 59 34 as
1209 3432 127 53 well
1377 3451 59 35 as
1475 3431 239 53 Florida
1753 3450 150 35 cases
1940 3431 236 54 decided
2215 3431 60 53 in
2314 3431 97 53 the

473 3512 219 54 federal
728 3511 243 56 District
1010 3512 112 53 and
1157 3510 221 56 Circuit
1412 3515 161 49 court
1610 3510 64 54 of
1707 3511 234 69 appeals
1980 3511 112 54 and
2132 3509 278 71 Supreme

471 3597 161 47 court
667 3591 64 54 of
763 3592 95 53 the
890 3590 218 55 United
1145 3589 206 69 States,
1386 3590 141 52 with
1562 3596 228 47 current
1824 3588 345 56 cumulative
2205 3590 204 69 pocket

470 3673 227 53 service.
775 3673 241 52 Volume
1056 3675 46 49 2.
1146 3671 895 54 Abandonment-Automobiles.
2119 3670 81 56 St.
2245 3674 164 64 Paul,

471 3749 1076 69 Minn., West publishing co. [ c 1936]
469 3838 98 48 xvi,
595 3838 85 40 661
708 3849 44 38 p.
809 3837 146 40 26½cm.

472 3905 137 48 “Key
634 3905 205 41 number
867 3905 224 48 system.”

402 3989 52 52 ©
487 3993 120 39 Mar.
639 3992 70 48 18,
742 3992 140 47 1936;
917 3993 67 43 2c.
1017 3994 96 39 and
1145 3993 82 40 aff.
1260 3993 112 48 Apr.
1406 3993 81 41 18;
1523 3993 39 39 A
1593 3991 171 48 94040;
1802 3993 132 40 West
1968 3994 110 47 pub.
2111 4004 66 29 co.

481 4049 252 49 (36-9372)
