2519 4377
0 0 0 0 140
421 463 402 66 Drachmann,
854 466 161 64 Povl,
1051 466 170 54 1887-

609 540 1825 71 … Intet vender tilbage; roman. K ø benhavn, Gyldendal,
424 624 149 50 1935.

495 694 370 48 299 p. 21 ½ cm.
419 753 2018 54 © Nov. 30, 1935; 1c. Jan, 8, 1936; A -Foreign 30158; Gyldendalske
492 816 286 48 boghandel,
812 815 214 40 Nordisk
1055 816 176 47 forlag.
1304 815 251 48 (36-4951)

421 920 270 67 Duffield,
719 921 191 54 Anne.

492 1000 121 52 The
639 1007 248 46 crescent
915 1019 185 34 moon.
1181 1001 390 65 [Instalments
1601 1004 154 63 9-10]

523 1074 57 38 (In
610 1070 211 43 Woman
851 1070 96 43 and
978 1070 158 51 home,
1167 1069 131 52 Dec.,
1330 1072 133 50 1935,
1493 1070 128 52 Jan.,
1654 1071 144 50 1936)

421 1132 2014 54 © 1c. each Jan. 17, 1936; A ad int. 21032; pubd. Nov. 20, Dec. 20;
491 1195 224 47 Dorothy
745 1196 136 37 Duer
908 1194 222 48 Driffield,
1162 1194 293 48 Aldbourne,
1489 1194 268 48 Wiltshire,
1792 1195 237 48 England.

493 1299 294 54 Paradise.
869 1299 365 66 [Instalment
1260 1303 48 61 3,
1336 1303 48 63 4]

524 1373 55 38 (In
613 1368 138 44 Good
779 1368 315 44 needlework
1123 1369 97 43 and
1249 1368 223 52 knitting
1504 1368 278 53 magazine,
1811 1368 128 52 Jan.,
1972 1369 132 50 Feb.,
2137 1369 144 50 1936)

421 1425 2016 53 © 1c. each Feb. 6, 1936; A ad int. 21092; pubd. Dec. 10, 1935, Jan. 10,
491 1486 115 41 1930;
667 1488 222 46 Dorothy
919 1487 137 39 Drier
1083 1486 221 49 Driffield,
1335 1487 293 49 Aldborirne,
1658 1486 269 48 Wiltshire,
1960 1487 238 48 England.

423 1590 290 65 Durham,
741 1591 155 55 Oren
926 1592 62 55 C.

498 1668 1939 69 Your hay fever, by Oren C. Durham … with an introduction
424 1747 75 69 by
526 1747 215 55 Morris
771 1747 279 54 Fishbein
1080 1748 112 53 and
1224 1768 31 34 a
1285 1748 236 69 chapter
1550 1767 73 35 on
1651 1753 310 49 treatment
1988 1748 76 68 by
2096 1746 230 57 Samuel
2356 1748 82 53 M.

425 1825 2013 71 Feinberg … Indianapolis, New York, The Bobbs-Merrill
424 1922 283 52 company
739 1908 196 65 [c1936]

494 1978 1377 52 X p., 1 l., 13-264 p. front., illus., pl., diagrs. 21cm.
495 2036 164 43 “First
689 2037 229 42 edition.”

421 2092 53 53 ©
507 2098 122 38 Mar.
663 2097 41 41 4,
738 2096 142 47 1936;
915 2096 68 40 2c.
1018 2098 96 38 and
1149 2096 81 41 aff.
1267 2097 122 40 Mar.
1423 2096 81 47 11;
1538 2098 41 37 A
1612 2096 171 48 92184;
1822 2097 372 40 Bobbs-Merrill
2229 2109 67 29 co.

501 2154 283 48 (36-27371)

423 2257 237 67 Dwyer,
695 2259 182 64 Hugh
911 2259 137 64 Leo,
1086 2264 172 50 1890-

498 2335 1845 69 Your child in health and in sickness, by Hugh L. Dwyer …
427 2414 138 52 New
593 2413 181 69 York,
799 2413 262 68 London,
1087 2414 71 54 A.
1188 2414 71 54 A.
1286 2414 227 69 Knopf,
1543 2417 151 51 1936.

500 2485 96 50 xvi,
635 2487 100 48 333,
775 2487 72 40 xii
882 2498 59 39 p.,
980 2490 24 38 1
1064 2521 9 9 l.
1132 2488 166 48 front.,
1337 2489 143 47 illus.,
1522 2488 170 49 plates,
1728 2488 182 49 diagrs.
1970 2487 54 40 21cm.

497 2545 163 41 “First
692 2546 228 41 edition.”

423 2600 53 53 ©
509 2605 111 40 Feb.
654 2604 70 47 10,
759 2603 118 42 1936;
937 2605 66 39 2c.
1036 2606 95 38 and
1166 2605 83 40 aff.
1285 2605 111 40 Feb.
1432 2605 54 38 11;
1551 2605 41 38 A
1624 2604 148 40 90716;
1832 2605 173 40 Alfred
2042 2605 52 39 A.
2131 2605 180 47 Knopf,
2347 2605 92 41 inc.

502 2660 254 50 (36-5280)

427 2764 274 65 Erskine,
733 2766 176 63 John,
944 2767 173 54 1879-

496 2843 122 53 The
647 2841 279 56 influence
955 2843 64 55 of
1048 2862 218 34 women
1296 2844 113 53 and
1440 2843 74 55 its
1544 2861 147 48 cure,
1721 2843 75 67 by
1824 2843 158 56 John
2013 2843 261 54 Erskine.
425 2846 1989 144 Indianapolis,
808 2923 139 53 New
985 2923 182 65 York,
1204 2923 121 52 The
1362 2922 442 54 Bobbs-Merrill
1844 2940 283 49 company
2188 2926 175 64 [c1936]

495 2994 657 51 4 p. l., 11-151 p. 20½cm.
497 3052 166 42 “First
698 3052 229 42 edition.”

423 3107 53 53 ©
501 3112 109 40 Jan.
636 3110 70 48 29,
731 3110 142 49 1936;
899 3110 67 42 2c.
993 3112 108 39 Jan.
1128 3111 54 40 31
1202 3122 8 30 :
1240 3110 81 42 aff.
1348 3111 111 40 Feb.
1485 3111 24 38 1;
1566 3110 39 39 A
1632 3110 142 40 90591;
1832 3110 42 40 J.
1903 3111 222 47 Erskine,
2150 3112 117 38 New
2294 3110 145 42 York.

503 3168 283 49 (36-27105)

426 3270 230 67 Ewing,
689 3273 253 64 Fayette
976 3272 161 65 Clay,
1173 3278 172 50 1862-

494 3348 121 52 The
643 3347 149 54 book
819 3347 64 54 of
909 3348 95 52 the
1035 3347 252 56 Scottish
1315 3348 220 67 terrier,
1566 3347 138 52 with
1734 3347 264 67 chapters
2027 3347 322 68 applicable
2379 3353 58 46 to

426 3427 92 53 the
567 3427 270 69 hygienic
887 3446 143 49 care,
1080 3427 248 69 rearing,
1381 3427 113 52 and
1545 3430 306 48 treatment
1901 3424 65 54 of
2020 3427 78 51 all
2152 3426 158 69 dogs,
2362 3426 75 68 by

425 3503 2010 73 Fayette C. Ewing … Rev. ed. Introduction by S. S. Van
424 3583 2013 71 Dine … New York, Orange Judd publishing company, inc.,
426 3666 152 53 1936.

496 3733 1745 53 3 p. l., iii-xvi, 17-251 p. front. (port.) plates, fold. tab. 20½cm.
498 3793 69 40 “A
596 3794 332 47 half-century
960 3795 176 41 review
1166 3796 53 39 of
1248 3796 80 40 the
1358 3795 251 48 pedigrees
1642 3793 52 41 of
1723 3795 82 39 the
1836 3795 126 39 most
1995 3793 193 41 famous
2224 3792 214 42 Scottish

426 3851 203 41 terriers
658 3853 94 39 and
779 3852 129 40 their
936 3851 237 42 influence
1201 3863 126 38 upon
1355 3853 81 40 the
1463 3851 159 49 breed,
1653 3851 61 47 by
1742 3851 222 49 Dorothy
1994 3850 46 45 S.
2070 3849 264 50 Caspersz”
2353 3862 9 29 :
2391 3860 45 38 p.

425 3907 204 42 184-205;
697 3909 129 41 “The
859 3910 192 40 fathers
1085 3911 52 38 of
1168 3911 83 39 the
1284 3910 142 40 breed
1465 3910 119 39 with
1618 3911 264 39 comments
1917 3920 59 29 on
2016 3911 110 48 type
2163 3911 95 38 and
2293 3909 142 48 color,

424 3964 62 49 by
513 3964 186 50 George
726 3966 281 41 Davidson”
1026 3977 9 30 :
1066 3977 43 38 p.
1137 3966 217 42 206-218.

425 4020 52 53 ©
514 4025 109 40 Feb.
660 4025 39 47 5,
763 4025 112 42 1936:
912 4027 67 39 2c.
1013 4028 94 38 and
1143 4026 81 40 aff.
1262 4027 110 40 Feb.
1411 4027 80 39 30:
1531 4027 38 38 A
1604 4026 170 42 91683;
1814 4026 194 49 Orange
2042 4027 131 40 Judd
2210 4028 108 46 pub.
2355 4038 50 29 co.,

496 4082 78 43 inc.
662 4082 252 46 (36-5261)
