<alto xmlns="http://www.loc.gov/standards/alto/ns-v3#" xmlns:xlink="http://www.w3.org/1999/xlink" xmlns:xsi="http://www.w3.org/2001/XMLSchema-instance" xsi:schemaLocation="http://www.loc.gov/standards/alto/ns-v3# http://www.loc.gov/alto/v3/alto-3-0.xsd"><Description>
<MeasurementUnit>pixel</MeasurementUnit>
<sourceImageInformation>
<fileName>1936_v33_Part1.pdf</fileName>
</sourceImageInformation>
<OCRProcessing ID="IdOcr">
<ocrProcessingStep>
<processingDateTime>2019-01-18</processingDateTime>
<processingSoftware>
<softwareCreator>ABBYY</softwareCreator>
<softwareName>ABBYY Recognition Server</softwareName>
<softwareVersion>4.0</softwareVersion>
</processingSoftware>
</ocrProcessingStep>
</OCRProcessing>
</Description>
<Styles>
<ParagraphStyle ID="StyleId-FFFFFFFF-FFFF-FFFF-FFFF-FFFFFFFFFFFF-" ALIGN="Left" LEFT="0." RIGHT="0." FIRSTLINE="0."/>
<ParagraphStyle ID="StyleId-51D50FAC-7A90-4D70-8A96-5EA9D46D1C8B-" ALIGN="Left" LEFT="0." RIGHT="0." FIRSTLINE="0." LINESPACE="7.699999809"/>
<ParagraphStyle ID="StyleId-6BC133E9-7DCB-43C3-8842-A67984A26405-" ALIGN="Block" LEFT="0." RIGHT="0." FIRSTLINE="-17." LINESPACE="8.340000153"/>
<ParagraphStyle ID="StyleId-3C3FF860-43E7-46A2-8934-48F305F6F0D6-" ALIGN="Left" LEFT="0." RIGHT="0." FIRSTLINE="-13." LINESPACE="11.06999969"/>
<ParagraphStyle ID="StyleId-19220C76-4F8A-4737-B38C-B5F5C17E6040-" ALIGN="Block" LEFT="0." RIGHT="0." FIRSTLINE="-13." LINESPACE="11.06999969"/>
<ParagraphStyle ID="StyleId-75A0D721-13ED-4F20-9002-B389EC48477D-" ALIGN="Left" LEFT="0." RIGHT="0." FIRSTLINE="0." LINESPACE="15.5"/>
<ParagraphStyle ID="StyleId-8A414184-C7A5-4AC7-9B88-7DA4DDE75922-" ALIGN="Left" LEFT="0." RIGHT="0." FIRSTLINE="0." LINESPACE="9.399999619"/>
<ParagraphStyle ID="StyleId-1A87970B-111C-4169-99A6-9412976F3C97-" ALIGN="Left" LEFT="0." RIGHT="0." FIRSTLINE="0." LINESPACE="10.5"/>
<ParagraphStyle ID="StyleId-72DB0571-5AE4-41FD-9E11-68C6AC4C437E-" ALIGN="Block" LEFT="0." RIGHT="0." FIRSTLINE="-17." LINESPACE="8.340000153"/>
<ParagraphStyle ID="StyleId-1AA43056-C388-4697-B10F-72FDAA38FAE1-" ALIGN="Center" LEFT="0." RIGHT="0." FIRSTLINE="0." LINESPACE="10.5"/>
</Styles>
<Layout>
<Page ID="Page1147" PHYSICAL_IMG_NR="1147" HEIGHT="4377" WIDTH="2519">
<TopMargin HEIGHT="460" WIDTH="2519" VPOS="0" HPOS="0">
</TopMargin>
<LeftMargin HEIGHT="3734" WIDTH="74" VPOS="460" HPOS="0">
</LeftMargin>
<RightMargin HEIGHT="3734" WIDTH="399" VPOS="460" HPOS="2120">
</RightMargin>
<BottomMargin HEIGHT="183" WIDTH="2519" VPOS="4194" HPOS="0">
</BottomMargin>
<PrintSpace HEIGHT="3734" WIDTH="2046" VPOS="460" HPOS="74">
<TextBlock ID="Page1147_Block1" HEIGHT="120" WIDTH="282" VPOS="4074" HPOS="977" LANG="en-US" STYLEREFS="StyleId-4B7D14D3-B3AF-4FED-8037-9D3C3553313D-">
<TextLine HEIGHT="53" WIDTH="133" VPOS="4113" HPOS="1048">
<String CONTENT="1147" HEIGHT="53" WIDTH="133" VPOS="4113" HPOS="1048"/>
</TextLine>
</TextBlock>
<TextBlock ID="Page1147_Block2" HEIGHT="3619" WIDTH="2046" VPOS="460" HPOS="74" LANG="en-US" CS="1" STYLEREFS="StyleId-E1DF99D0-05B9-4517-9648-54134D99DEF0-">
<TextLine HEIGHT="66" WIDTH="1828" VPOS="488" HPOS="85" STYLEREFS="StyleId-730653C8-BF58-4EAF-9AAA-CB3ABFA5248A-">
<String LANG="de" CONTENT="National" HEIGHT="53" WIDTH="279" VPOS="496" HPOS="85"/>
<SP HEIGHT="51" WIDTH="29" VPOS="496" HPOS="365"/>
<String LANG="fr" CONTENT="association" HEIGHT="54" WIDTH="357" VPOS="493" HPOS="395"/>
<SP HEIGHT="35" WIDTH="28" VPOS="510" HPOS="753"/>
<String LANG="en-US" CONTENT="of" HEIGHT="52" WIDTH="63" VPOS="493" HPOS="782"/>
<SP HEIGHT="52" WIDTH="28" VPOS="492" HPOS="846"/>
<String LANG="en-US" CONTENT="building" HEIGHT="64" WIDTH="264" VPOS="490" HPOS="875"/>
<SP HEIGHT="47" WIDTH="28" VPOS="507" HPOS="1140"/>
<String LANG="en-US" CONTENT="owners" HEIGHT="37" WIDTH="229" VPOS="505" HPOS="1169"/>
<SP HEIGHT="37" WIDTH="29" VPOS="505" HPOS="1399"/>
<String LANG="en-US" CONTENT="and" HEIGHT="52" WIDTH="114" VPOS="488" HPOS="1429"/>
<SP HEIGHT="52" WIDTH="32" VPOS="488" HPOS="1544"/>
<String LANG="en-US" CONTENT="managers." HEIGHT="48" WIDTH="336" VPOS="502" HPOS="1577"/>
</TextLine>
<TextLine HEIGHT="74" WIDTH="1922" VPOS="564" HPOS="156">
<String CONTENT="The" HEIGHT="51" WIDTH="119" VPOS="574" HPOS="156"/>
<SP HEIGHT="47" WIDTH="35" VPOS="591" HPOS="276"/>
<String CONTENT="proceedings" HEIGHT="66" WIDTH="369" VPOS="572" HPOS="312"/>
<SP HEIGHT="34" WIDTH="37" VPOS="588" HPOS="682"/>
<String CONTENT="of" HEIGHT="52" WIDTH="63" VPOS="569" HPOS="720"/>
<SP HEIGHT="52" WIDTH="33" VPOS="569" HPOS="784"/>
<String CONTENT="the" HEIGHT="51" WIDTH="96" VPOS="570" HPOS="818"/>
<SP HEIGHT="48" WIDTH="31" VPOS="573" HPOS="915"/>
<String CONTENT="twenty-ninth" HEIGHT="70" WIDTH="409" VPOS="564" HPOS="947"/>
<SP HEIGHT="51" WIDTH="38" VPOS="568" HPOS="1357"/>
<String CONTENT="annual" HEIGHT="54" WIDTH="209" VPOS="565" HPOS="1396"/>
<SP HEIGHT="53" WIDTH="35" VPOS="565" HPOS="1606"/>
<String CONTENT="convention" HEIGHT="54" WIDTH="337" VPOS="564" HPOS="1642"/>
<SP HEIGHT="34" WIDTH="42" VPOS="580" HPOS="1980"/>
<String CONTENT="..." HEIGHT="9" WIDTH="55" VPOS="605" HPOS="2023"/>
</TextLine>
<TextLine HEIGHT="150" WIDTH="1998" VPOS="641" HPOS="86" CS="1">
<String CONTENT="Hotel" HEIGHT="52" WIDTH="175" VPOS="651" HPOS="86"/>
<SP HEIGHT="50" WIDTH="41" VPOS="651" HPOS="262"/>
<String CONTENT="Adolphus," HEIGHT="66" WIDTH="322" VPOS="649" HPOS="304"/>
<SP HEIGHT="65" WIDTH="40" VPOS="649" HPOS="627"/>
<String CONTENT="Dallas," HEIGHT="65" WIDTH="217" VPOS="647" HPOS="668"/>
<SP HEIGHT="65" WIDTH="42" VPOS="647" HPOS="886"/>
<String CONTENT="Texas," HEIGHT="63" WIDTH="200" VPOS="647" HPOS="929"/>
<SP HEIGHT="65" WIDTH="41" VPOS="645" HPOS="1130"/>
<String CONTENT="May" HEIGHT="66" WIDTH="138" VPOS="645" HPOS="1172"/>
<SP HEIGHT="64" WIDTH="40" VPOS="647" HPOS="1311"/>
<String CONTENT="25-28," HEIGHT="61" WIDTH="188" VPOS="647" HPOS="1352"/>
<SP HEIGHT="61" WIDTH="46" VPOS="647" HPOS="1541"/>
<String CONTENT="1936." HEIGHT="49" WIDTH="148" VPOS="645" HPOS="1588"/>
<SP HEIGHT="53" WIDTH="77" VPOS="641" HPOS="1737"/>
<String CONTENT="Chicago," HEIGHT="67" WIDTH="269" VPOS="641" HPOS="1815"/>
<SP/>
<String CONTENT="The" HEIGHT="52" WIDTH="120" VPOS="729" HPOS="87"/>
<SP HEIGHT="53" WIDTH="23" VPOS="728" HPOS="208"/>
<String CONTENT="Association," HEIGHT="66" WIDTH="375" VPOS="725" HPOS="232"/>
<SP HEIGHT="60" WIDTH="22" VPOS="731" HPOS="608"/>
<String STYLE="superscript" CONTENT="c" HEIGHT="21" WIDTH="19" VPOS="731" HPOS="631"/>
<String CONTENT="1936." HEIGHT="50" WIDTH="150" VPOS="728" HPOS="655"/>
</TextLine>
<TextLine HEIGHT="57" WIDTH="1258" VPOS="792" HPOS="159" STYLEREFS="StyleId-D296FCB8-184C-47AF-AB8F-2E18314D97CA-" CS="1">
<String CONTENT="xxi," HEIGHT="49" WIDTH="97" VPOS="800" HPOS="159"/>
<SP HEIGHT="49" WIDTH="28" VPOS="800" HPOS="257"/>
<String CONTENT="322" HEIGHT="40" WIDTH="84" VPOS="799" HPOS="286"/>
<SP HEIGHT="47" WIDTH="28" VPOS="799" HPOS="371"/>
<String CONTENT="p." HEIGHT="38" WIDTH="43" VPOS="808" HPOS="400"/>
<SP HEIGHT="41" WIDTH="56" VPOS="798" HPOS="444"/>
<String CONTENT="illus.," HEIGHT="46" WIDTH="143" VPOS="798" HPOS="501"/>
<SP HEIGHT="38" WIDTH="28" VPOS="807" HPOS="645"/>
<String CONTENT="ports.," HEIGHT="46" WIDTH="163" VPOS="799" HPOS="674"/>
<SP HEIGHT="48" WIDTH="26" VPOS="795" HPOS="838"/>
<String CONTENT="diagrs." HEIGHT="48" WIDTH="178" VPOS="794" HPOS="865"/>
<SP HEIGHT="48" WIDTH="30" VPOS="794" HPOS="1044"/>
<String CONTENT="(1" HEIGHT="48" WIDTH="47" VPOS="794" HPOS="1075"/>
<SP HEIGHT="40" WIDTH="30" VPOS="793" HPOS="1123"/>
<String CONTENT="fold.)" HEIGHT="50" WIDTH="142" VPOS="793" HPOS="1154"/>
<SP HEIGHT="51" WIDTH="63" VPOS="792" HPOS="1297"/>
<String CS="1" CONTENT="23&#189;cm." HEIGHT="40" WIDTH="56" VPOS="792" HPOS="1361"/>
</TextLine>
<TextLine HEIGHT="50" WIDTH="847" VPOS="851" HPOS="155" STYLEREFS="StyleId-D296FCB8-184C-47AF-AB8F-2E18314D97CA-" CS="1">
<String CONTENT="Advertising" HEIGHT="46" WIDTH="313" VPOS="855" HPOS="155"/>
<SP HEIGHT="37" WIDTH="15" VPOS="864" HPOS="469"/>
<String CS="1" CONTENT="matter;" HEIGHT="38" WIDTH="180" VPOS="855" HPOS="485"/>
<SP HEIGHT="37" WIDTH="31" VPOS="863" HPOS="692"/>
<String CONTENT="p." HEIGHT="37" WIDTH="43" VPOS="863" HPOS="724"/>
<SP HEIGHT="41" WIDTH="17" VPOS="851" HPOS="768"/>
<String CONTENT="275-322." HEIGHT="41" WIDTH="216" VPOS="851" HPOS="786"/>
</TextLine>
<TextLine HEIGHT="59" WIDTH="1998" VPOS="902" HPOS="90" STYLEREFS="StyleId-D296FCB8-184C-47AF-AB8F-2E18314D97CA-">
<String CONTENT="&#169;" HEIGHT="52" WIDTH="52" VPOS="909" HPOS="90"/>
<SP HEIGHT="52" WIDTH="27" VPOS="909" HPOS="143"/>
<String CONTENT="Aug." HEIGHT="45" WIDTH="119" VPOS="914" HPOS="171"/>
<SP HEIGHT="41" WIDTH="29" VPOS="912" HPOS="291"/>
<String CONTENT="12," HEIGHT="46" WIDTH="68" VPOS="912" HPOS="321"/>
<SP HEIGHT="46" WIDTH="27" VPOS="912" HPOS="390"/>
<String CONTENT="1936;" HEIGHT="47" WIDTH="140" VPOS="910" HPOS="418"/>
<SP HEIGHT="47" WIDTH="27" VPOS="910" HPOS="559"/>
<String CONTENT="2c." HEIGHT="40" WIDTH="68" VPOS="910" HPOS="587"/>
<SP HEIGHT="31" WIDTH="29" VPOS="919" HPOS="656"/>
<String CONTENT="and" HEIGHT="39" WIDTH="93" VPOS="909" HPOS="686"/>
<SP HEIGHT="38" WIDTH="30" VPOS="909" HPOS="780"/>
<String CONTENT="aff." HEIGHT="42" WIDTH="81" VPOS="907" HPOS="811"/>
<SP HEIGHT="41" WIDTH="29" VPOS="908" HPOS="893"/>
<String CONTENT="Aug." HEIGHT="46" WIDTH="118" VPOS="908" HPOS="923"/>
<SP HEIGHT="38" WIDTH="32" VPOS="909" HPOS="1042"/>
<String CONTENT="17;" HEIGHT="41" WIDTH="80" VPOS="908" HPOS="1075"/>
<SP HEIGHT="41" WIDTH="33" VPOS="908" HPOS="1156"/>
<!-- cceid A30B9991-6E3A-1014-83DD-942C093A1DD9 --><String CONTENT="A" HEIGHT="37" WIDTH="39" VPOS="908" HPOS="1190"/>
<SP HEIGHT="40" WIDTH="28" VPOS="906" HPOS="1230"/>
<String CONTENT="96934;" HEIGHT="47" WIDTH="170" VPOS="904" HPOS="1259"/>
<SP HEIGHT="45" WIDTH="33" VPOS="906" HPOS="1430"/>
<String CONTENT="Natl." HEIGHT="40" WIDTH="130" VPOS="905" HPOS="1464"/>
<SP HEIGHT="31" WIDTH="31" VPOS="914" HPOS="1595"/>
<String CONTENT="assn," HEIGHT="30" WIDTH="129" VPOS="914" HPOS="1627"/>
<SP HEIGHT="31" WIDTH="28" VPOS="913" HPOS="1757"/>
<String CONTENT="of" HEIGHT="39" WIDTH="52" VPOS="904" HPOS="1786"/>
<SP HEIGHT="39" WIDTH="26" VPOS="904" HPOS="1839"/>
<String CONTENT="building" HEIGHT="49" WIDTH="222" VPOS="902" HPOS="1866"/>
</TextLine>
<TextLine HEIGHT="45" WIDTH="609" VPOS="969" HPOS="161" STYLEREFS="StyleId-D296FCB8-184C-47AF-AB8F-2E18314D97CA-">
<String CONTENT="owners" HEIGHT="29" WIDTH="186" VPOS="979" HPOS="161"/>
<SP HEIGHT="29" WIDTH="27" VPOS="979" HPOS="348"/>
<String CONTENT="and" HEIGHT="39" WIDTH="95" VPOS="969" HPOS="376"/>
<SP HEIGHT="37" WIDTH="28" VPOS="969" HPOS="472"/>
<String CONTENT="managers." HEIGHT="38" WIDTH="269" VPOS="976" HPOS="501"/>
</TextLine>
<TextLine HEIGHT="64" WIDTH="532" VPOS="1057" HPOS="91" STYLEREFS="StyleId-730653C8-BF58-4EAF-9AAA-CB3ABFA5248A-">
<String CONTENT="Nesbitt," HEIGHT="63" WIDTH="258" VPOS="1058" HPOS="91"/>
<SP HEIGHT="62" WIDTH="24" VPOS="1059" HPOS="350"/>
<String CONTENT="Marion." HEIGHT="55" WIDTH="248" VPOS="1057" HPOS="375"/>
</TextLine>
<TextLine HEIGHT="75" WIDTH="1926" VPOS="1125" HPOS="161">
<String CONTENT="The" HEIGHT="52" WIDTH="120" VPOS="1135" HPOS="161"/>
<SP HEIGHT="53" WIDTH="40" VPOS="1134" HPOS="282"/>
<String CONTENT="Marshall" HEIGHT="54" WIDTH="280" VPOS="1133" HPOS="323"/>
<SP HEIGHT="51" WIDTH="40" VPOS="1135" HPOS="604"/>
<String CONTENT="speller," HEIGHT="69" WIDTH="226" VPOS="1131" HPOS="645"/>
<SP HEIGHT="68" WIDTH="39" VPOS="1130" HPOS="872"/>
<String CONTENT="by" HEIGHT="68" WIDTH="76" VPOS="1130" HPOS="912"/>
<SP HEIGHT="68" WIDTH="40" VPOS="1130" HPOS="989"/>
<String CONTENT="Marion" HEIGHT="53" WIDTH="229" VPOS="1129" HPOS="1030"/>
<SP HEIGHT="53" WIDTH="40" VPOS="1128" HPOS="1260"/>
<String CONTENT="Nesbitt" HEIGHT="55" WIDTH="228" VPOS="1126" HPOS="1301"/>
<SP HEIGHT="48" WIDTH="45" VPOS="1133" HPOS="1530"/>
<String CONTENT="..." HEIGHT="10" WIDTH="56" VPOS="1170" HPOS="1576"/>
<SP HEIGHT="35" WIDTH="47" VPOS="1145" HPOS="1633"/>
<String CONTENT="and" HEIGHT="52" WIDTH="111" VPOS="1127" HPOS="1681"/>
<SP HEIGHT="52" WIDTH="41" VPOS="1127" HPOS="1793"/>
<String CONTENT="Paul" HEIGHT="51" WIDTH="148" VPOS="1128" HPOS="1835"/>
<SP HEIGHT="57" WIDTH="44" VPOS="1125" HPOS="1984"/>
<String CONTENT="S." HEIGHT="57" WIDTH="58" VPOS="1125" HPOS="2029"/>
</TextLine>
<TextLine HEIGHT="72" WIDTH="2001" VPOS="1204" HPOS="89" CS="1">
<String CONTENT="Daniel" HEIGHT="53" WIDTH="205" VPOS="1212" HPOS="89"/>
<SP HEIGHT="52" WIDTH="27" VPOS="1212" HPOS="295"/>
<String CONTENT="..." HEIGHT="9" WIDTH="55" VPOS="1255" HPOS="323"/>
<SP HEIGHT="51" WIDTH="61" VPOS="1212" HPOS="379"/>
<String CONTENT="Richmond," HEIGHT="67" WIDTH="342" VPOS="1209" HPOS="441"/>
<SP HEIGHT="67" WIDTH="19" VPOS="1209" HPOS="784"/>
<String LANG="fr" CONTENT="Va.," HEIGHT="66" WIDTH="125" VPOS="1209" HPOS="804"/>
<SP HEIGHT="67" WIDTH="20" VPOS="1208" HPOS="930"/>
<String CONTENT="John" HEIGHT="54" WIDTH="157" VPOS="1208" HPOS="951"/>
<SP HEIGHT="53" WIDTH="20" VPOS="1207" HPOS="1109"/>
<String CONTENT="Marshall" HEIGHT="52" WIDTH="282" VPOS="1207" HPOS="1130"/>
<SP HEIGHT="67" WIDTH="19" VPOS="1208" HPOS="1413"/>
<String CONTENT="publishing" HEIGHT="71" WIDTH="336" VPOS="1204" HPOS="1433"/>
<SP HEIGHT="50" WIDTH="22" VPOS="1224" HPOS="1770"/>
<String CONTENT="company," HEIGHT="51" WIDTH="297" VPOS="1224" HPOS="1793"/>
</TextLine>
<TextLine HEIGHT="67" WIDTH="344" VPOS="1290" HPOS="93" CS="1">
<String CONTENT="inc." HEIGHT="53" WIDTH="101" VPOS="1290" HPOS="93"/>
<SP HEIGHT="34" WIDTH="49" VPOS="1323" HPOS="195"/>
<String CS="1" CONTENT="["/>
<String STYLE="superscript" CONTENT="c" HEIGHT="22" WIDTH="18" VPOS="1295" HPOS="263"/>
<String CONTENT="1936]" HEIGHT="65" WIDTH="151" VPOS="1291" HPOS="286"/>
</TextLine>
<TextLine HEIGHT="51" WIDTH="279" VPOS="1361" HPOS="160" STYLEREFS="StyleId-D296FCB8-184C-47AF-AB8F-2E18314D97CA-" CS="1">
<String CONTENT="223" HEIGHT="43" WIDTH="85" VPOS="1361" HPOS="160"/>
<SP HEIGHT="49" WIDTH="29" VPOS="1363" HPOS="246"/>
<String CONTENT="p." HEIGHT="39" WIDTH="44" VPOS="1373" HPOS="276"/>
<SP HEIGHT="41" WIDTH="60" VPOS="1362" HPOS="321"/>
<String CS="1" CONTENT="19&#189;cm." HEIGHT="41" WIDTH="57" VPOS="1361" HPOS="382"/>
</TextLine>
<TextLine HEIGHT="49" WIDTH="1008" VPOS="1417" HPOS="163" STYLEREFS="StyleId-D296FCB8-184C-47AF-AB8F-2E18314D97CA-" CS="1">
<String CONTENT="On" HEIGHT="41" WIDTH="73" VPOS="1418" HPOS="163"/>
<SP HEIGHT="30" WIDTH="24" VPOS="1429" HPOS="237"/>
<String CS="1" CONTENT="cover;" HEIGHT="31" WIDTH="141" VPOS="1429" HPOS="262"/>
<SP HEIGHT="41" WIDTH="29" VPOS="1417" HPOS="429"/>
<String CONTENT="Complete," HEIGHT="49" WIDTH="259" VPOS="1417" HPOS="459"/>
<SP HEIGHT="38" WIDTH="25" VPOS="1428" HPOS="719"/>
<String CONTENT="grades" HEIGHT="48" WIDTH="175" VPOS="1418" HPOS="745"/>
<SP HEIGHT="31" WIDTH="24" VPOS="1426" HPOS="921"/>
<String CS="1" CONTENT="II"/>
<SP HEIGHT="39" WIDTH="21" VPOS="1418" HPOS="988"/>
<String CONTENT="to" HEIGHT="39" WIDTH="51" VPOS="1418" HPOS="1010"/>
<SP HEIGHT="30" WIDTH="24" VPOS="1427" HPOS="1062"/>
<String CS="1" CONTENT="VII." HEIGHT="8" WIDTH="9" VPOS="1448" HPOS="1162"/>
</TextLine>
<TextLine HEIGHT="54" WIDTH="1998" VPOS="1471" HPOS="95" STYLEREFS="StyleId-D296FCB8-184C-47AF-AB8F-2E18314D97CA-" CS="1">
<String CONTENT="&#169;" HEIGHT="53" WIDTH="52" VPOS="1472" HPOS="95"/>
<SP HEIGHT="53" WIDTH="23" VPOS="1472" HPOS="148"/>
<String CONTENT="Aug." HEIGHT="42" WIDTH="118" VPOS="1477" HPOS="172"/>
<SP HEIGHT="39" WIDTH="24" VPOS="1477" HPOS="291"/>
<String CONTENT="14," HEIGHT="46" WIDTH="68" VPOS="1477" HPOS="316"/>
<SP HEIGHT="46" WIDTH="25" VPOS="1477" HPOS="385"/>
<String CONTENT="1936;" HEIGHT="47" WIDTH="139" VPOS="1474" HPOS="411"/>
<SP HEIGHT="46" WIDTH="26" VPOS="1475" HPOS="551"/>
<String CONTENT="2c." HEIGHT="39" WIDTH="66" VPOS="1475" HPOS="578"/>
<SP HEIGHT="38" WIDTH="25" VPOS="1476" HPOS="645"/>
<String CONTENT="Aug." HEIGHT="46" WIDTH="120" VPOS="1476" HPOS="671"/>
<SP HEIGHT="39" WIDTH="24" VPOS="1475" HPOS="792"/>
<String CS="1" CONTENT="18;" HEIGHT="40" WIDTH="54" VPOS="1475" HPOS="817"/>
<SP HEIGHT="38" WIDTH="29" VPOS="1483" HPOS="898"/>
<String CONTENT="aff." HEIGHT="41" WIDTH="81" VPOS="1473" HPOS="928"/>
<SP HEIGHT="40" WIDTH="26" VPOS="1474" HPOS="1010"/>
<String CONTENT="Aug." HEIGHT="46" WIDTH="119" VPOS="1474" HPOS="1037"/>
<SP HEIGHT="38" WIDTH="26" VPOS="1474" HPOS="1157"/>
<String CS="1" CONTENT="17;" HEIGHT="39" WIDTH="56" VPOS="1474" HPOS="1184"/>
<SP HEIGHT="46" WIDTH="28" VPOS="1474" HPOS="1266"/>
<!-- cceid A30BF203-6E3A-1014-83DD-942C093A1DD9 --><String CONTENT="A" HEIGHT="38" WIDTH="40" VPOS="1474" HPOS="1295"/>
<SP HEIGHT="40" WIDTH="23" VPOS="1472" HPOS="1336"/>
<String CONTENT="96948;" HEIGHT="47" WIDTH="171" VPOS="1472" HPOS="1360"/>
<SP HEIGHT="46" WIDTH="28" VPOS="1473" HPOS="1532"/>
<String CONTENT="John" HEIGHT="39" WIDTH="126" VPOS="1473" HPOS="1561"/>
<SP HEIGHT="37" WIDTH="27" VPOS="1474" HPOS="1688"/>
<String CONTENT="Marshall" HEIGHT="39" WIDTH="239" VPOS="1472" HPOS="1716"/>
<SP HEIGHT="50" WIDTH="25" VPOS="1472" HPOS="1956"/>
<String CONTENT="pub." HEIGHT="51" WIDTH="111" VPOS="1471" HPOS="1982"/>
</TextLine>
<TextLine HEIGHT="49" WIDTH="546" VPOS="1531" HPOS="163" STYLEREFS="StyleId-D296FCB8-184C-47AF-AB8F-2E18314D97CA-" CS="1">
<String LANG="ru" CONTENT="co.," HEIGHT="37" WIDTH="81" VPOS="1543" HPOS="163"/>
<SP/>
<String LANG="en-US" CONTENT="inc." HEIGHT="39" WIDTH="89" VPOS="1532" HPOS="273"/>
<SP HEIGHT="46" WIDTH="66" VPOS="1533" HPOS="363"/>
<String LANG="en-US" CONTENT="(36-18487)" HEIGHT="48" WIDTH="279" VPOS="1531" HPOS="430"/>
</TextLine>
<TextLine HEIGHT="65" WIDTH="1066" VPOS="1609" HPOS="94" STYLEREFS="StyleId-89413963-4AAC-4D9D-9E52-31B187B72769-">
<String CONTENT="New" HEIGHT="52" WIDTH="143" VPOS="1610" HPOS="94"/>
<SP HEIGHT="53" WIDTH="26" VPOS="1609" HPOS="238"/>
<String CONTENT="Jersey." HEIGHT="63" WIDTH="228" VPOS="1609" HPOS="265"/>
<SP HEIGHT="52" WIDTH="72" VPOS="1610" HPOS="494"/>
<String CONTENT="Laws," HEIGHT="63" WIDTH="184" VPOS="1610" HPOS="567"/>
<SP HEIGHT="47" WIDTH="25" VPOS="1626" HPOS="752"/>
<String CONTENT="statutes," HEIGHT="61" WIDTH="255" VPOS="1613" HPOS="778"/>
<SP HEIGHT="48" WIDTH="26" VPOS="1626" HPOS="1034"/>
<String CONTENT="etc." HEIGHT="47" WIDTH="99" VPOS="1614" HPOS="1061"/>
</TextLine>
<TextLine HEIGHT="69" WIDTH="1928" VPOS="1683" HPOS="165">
<String CONTENT="New" HEIGHT="52" WIDTH="137" VPOS="1688" HPOS="165"/>
<SP HEIGHT="53" WIDTH="46" VPOS="1688" HPOS="303"/>
<String CONTENT="Jersey" HEIGHT="64" WIDTH="200" VPOS="1688" HPOS="350"/>
<SP HEIGHT="48" WIDTH="47" VPOS="1704" HPOS="551"/>
<String CONTENT="statute" HEIGHT="48" WIDTH="208" VPOS="1690" HPOS="599"/>
<SP HEIGHT="34" WIDTH="47" VPOS="1704" HPOS="808"/>
<String CONTENT="service." HEIGHT="53" WIDTH="225" VPOS="1684" HPOS="856"/>
<SP HEIGHT="48" WIDTH="77" VPOS="1689" HPOS="1082"/>
<String CONTENT="1936" HEIGHT="49" WIDTH="133" VPOS="1687" HPOS="1160"/>
<SP HEIGHT="49" WIDTH="47" VPOS="1687" HPOS="1294"/>
<String CONTENT="annual," HEIGHT="65" WIDTH="228" VPOS="1684" HPOS="1342"/>
<SP HEIGHT="47" WIDTH="47" VPOS="1702" HPOS="1571"/>
<String CONTENT="containing" HEIGHT="67" WIDTH="331" VPOS="1683" HPOS="1619"/>
<SP HEIGHT="63" WIDTH="47" VPOS="1687" HPOS="1951"/>
<String CONTENT="the" HEIGHT="52" WIDTH="94" VPOS="1684" HPOS="1999"/>
</TextLine>
<TextLine HEIGHT="133" WIDTH="1975" VPOS="1761" HPOS="96" CS="1">
<String CONTENT="public" HEIGHT="67" WIDTH="192" VPOS="1764" HPOS="96"/>
<SP HEIGHT="33" WIDTH="34" VPOS="1783" HPOS="289"/>
<String CONTENT="acts" HEIGHT="46" WIDTH="116" VPOS="1770" HPOS="324"/>
<SP HEIGHT="33" WIDTH="33" VPOS="1783" HPOS="441"/>
<String CONTENT="of" HEIGHT="52" WIDTH="64" VPOS="1763" HPOS="475"/>
<SP HEIGHT="52" WIDTH="31" VPOS="1763" HPOS="540"/>
<String CONTENT="the" HEIGHT="51" WIDTH="95" VPOS="1764" HPOS="572"/>
<SP HEIGHT="35" WIDTH="35" VPOS="1780" HPOS="668"/>
<String CONTENT="special" HEIGHT="69" WIDTH="209" VPOS="1761" HPOS="704"/>
<SP HEIGHT="51" WIDTH="32" VPOS="1763" HPOS="914"/>
<String CONTENT="session" HEIGHT="52" WIDTH="209" VPOS="1762" HPOS="947"/>
<SP HEIGHT="47" WIDTH="37" VPOS="1767" HPOS="1157"/>
<String CONTENT="1935," HEIGHT="63" WIDTH="150" VPOS="1765" HPOS="1195"/>
<SP HEIGHT="67" WIDTH="36" VPOS="1761" HPOS="1346"/>
<String CONTENT="October" HEIGHT="55" WIDTH="245" VPOS="1761" HPOS="1383"/>
<SP HEIGHT="50" WIDTH="31" VPOS="1765" HPOS="1629"/>
<String CONTENT="25," HEIGHT="63" WIDTH="84" VPOS="1765" HPOS="1661"/>
<SP HEIGHT="62" WIDTH="37" VPOS="1766" HPOS="1746"/>
<String CONTENT="1935," HEIGHT="64" WIDTH="151" VPOS="1764" HPOS="1784"/>
<SP HEIGHT="47" WIDTH="35" VPOS="1781" HPOS="1936"/>
<String CONTENT="regular" HEIGHT="115" WIDTH="1975" VPOS="1779" HPOS="96"/>
</TextLine>
<TextLine HEIGHT="146" WIDTH="1998" VPOS="1839" HPOS="97" CS="1">
<String CONTENT="session," HEIGHT="65" WIDTH="226" VPOS="1842" HPOS="254"/>
<SP HEIGHT="62" WIDTH="32" VPOS="1845" HPOS="481"/>
<String CONTENT="1936," HEIGHT="62" WIDTH="151" VPOS="1845" HPOS="514"/>
<SP HEIGHT="59" WIDTH="29" VPOS="1848" HPOS="666"/>
<String CONTENT="to" HEIGHT="47" WIDTH="58" VPOS="1848" HPOS="696"/>
<SP HEIGHT="53" WIDTH="31" VPOS="1843" HPOS="755"/>
<String CONTENT="June" HEIGHT="53" WIDTH="151" VPOS="1843" HPOS="787"/>
<SP HEIGHT="48" WIDTH="30" VPOS="1844" HPOS="939"/>
<String CONTENT="30," HEIGHT="64" WIDTH="83" VPOS="1842" HPOS="970"/>
<SP HEIGHT="62" WIDTH="32" VPOS="1844" HPOS="1054"/>
<String CONTENT="1936," HEIGHT="65" WIDTH="151" VPOS="1842" HPOS="1087"/>
<SP HEIGHT="48" WIDTH="32" VPOS="1859" HPOS="1239"/>
<String CONTENT="with" HEIGHT="52" WIDTH="139" VPOS="1840" HPOS="1272"/>
<SP HEIGHT="52" WIDTH="34" VPOS="1840" HPOS="1412"/>
<String CONTENT="annotations" HEIGHT="53" WIDTH="361" VPOS="1839" HPOS="1447"/>
<SP HEIGHT="34" WIDTH="33" VPOS="1858" HPOS="1809"/>
<String CONTENT="construing" HEIGHT="140" WIDTH="1973" VPOS="1845" HPOS="97"/>
<SP HEIGHT="59" WIDTH="27" VPOS="1926" HPOS="197"/>
<String CONTENT="the" HEIGHT="51" WIDTH="93" VPOS="1920" HPOS="225"/>
<SP HEIGHT="52" WIDTH="27" VPOS="1919" HPOS="319"/>
<String CONTENT="laws" HEIGHT="52" WIDTH="139" VPOS="1919" HPOS="347"/>
<SP HEIGHT="35" WIDTH="25" VPOS="1936" HPOS="487"/>
<String CONTENT="and" HEIGHT="52" WIDTH="112" VPOS="1919" HPOS="513"/>
<SP HEIGHT="52" WIDTH="27" VPOS="1919" HPOS="626"/>
<String CONTENT="with" HEIGHT="51" WIDTH="138" VPOS="1919" HPOS="654"/>
<SP HEIGHT="51" WIDTH="30" VPOS="1919" HPOS="793"/>
<String CONTENT="table" HEIGHT="52" WIDTH="150" VPOS="1918" HPOS="824"/>
<SP HEIGHT="34" WIDTH="28" VPOS="1936" HPOS="975"/>
<String CONTENT="and" HEIGHT="52" WIDTH="112" VPOS="1918" HPOS="1004"/>
<SP HEIGHT="53" WIDTH="27" VPOS="1917" HPOS="1117"/>
<String CONTENT="index." HEIGHT="52" WIDTH="187" VPOS="1917" HPOS="1145"/>
<SP HEIGHT="52" WIDTH="74" VPOS="1918" HPOS="1333"/>
<String CONTENT="Newark," HEIGHT="65" WIDTH="263" VPOS="1918" HPOS="1408"/>
<SP HEIGHT="64" WIDTH="29" VPOS="1919" HPOS="1672"/>
<String CONTENT="N." HEIGHT="52" WIDTH="68" VPOS="1919" HPOS="1702"/>
<SP HEIGHT="53" WIDTH="29" VPOS="1920" HPOS="1771"/>
<String CONTENT="J.," HEIGHT="64" WIDTH="74" VPOS="1920" HPOS="1801"/>
<SP HEIGHT="67" WIDTH="32" VPOS="1917" HPOS="1876"/>
<String CONTENT="Soney" HEIGHT="68" WIDTH="186" VPOS="1917" HPOS="1909"/>
</TextLine>
<TextLine HEIGHT="68" WIDTH="1785" VPOS="1995" HPOS="98">
<String CONTENT="&amp;" HEIGHT="50" WIDTH="44" VPOS="2000" HPOS="98"/>
<SP HEIGHT="54" WIDTH="32" VPOS="1996" HPOS="143"/>
<String CONTENT="Sage" HEIGHT="67" WIDTH="145" VPOS="1996" HPOS="176"/>
<SP HEIGHT="33" WIDTH="30" VPOS="2016" HPOS="322"/>
<String LANG="ru" CONTENT="co.;" HEIGHT="47" WIDTH="108" VPOS="2014" HPOS="353"/>
<SP HEIGHT="66" WIDTH="36" VPOS="1995" HPOS="462"/>
<String CONTENT="St." HEIGHT="54" WIDTH="82" VPOS="1995" HPOS="499"/>
<SP HEIGHT="51" WIDTH="32" VPOS="1997" HPOS="582"/>
<String CONTENT="Paul," HEIGHT="67" WIDTH="166" VPOS="1996" HPOS="615"/>
<SP HEIGHT="65" WIDTH="31" VPOS="1998" HPOS="782"/>
<String CONTENT="Minn.," HEIGHT="66" WIDTH="200" VPOS="1997" HPOS="814"/>
<SP HEIGHT="65" WIDTH="28" VPOS="1998" HPOS="1015"/>
<String CONTENT="West" HEIGHT="52" WIDTH="158" VPOS="1998" HPOS="1044"/>
<SP HEIGHT="60" WIDTH="31" VPOS="2002" HPOS="1203"/>
<String CONTENT="publishing" HEIGHT="68" WIDTH="334" VPOS="1995" HPOS="1235"/>
<SP HEIGHT="49" WIDTH="31" VPOS="2014" HPOS="1570"/>
<String LANG="ru" CONTENT="co.," HEIGHT="48" WIDTH="97" VPOS="2014" HPOS="1602"/>
<SP HEIGHT="62" WIDTH="35" VPOS="2000" HPOS="1700"/>
<String CONTENT="1936." HEIGHT="49" WIDTH="147" VPOS="1999" HPOS="1736"/>
</TextLine>
<TextLine HEIGHT="48" WIDTH="461" VPOS="2068" HPOS="168">
<String CONTENT="viii," HEIGHT="48" WIDTH="99" VPOS="2068" HPOS="168"/>
<SP HEIGHT="46" WIDTH="30" VPOS="2070" HPOS="268"/>
<String CONTENT="518" HEIGHT="39" WIDTH="84" VPOS="2069" HPOS="299"/>
<SP HEIGHT="47" WIDTH="26" VPOS="2069" HPOS="384"/>
<String CONTENT="p." HEIGHT="37" WIDTH="43" VPOS="2079" HPOS="411"/>
<SP HEIGHT="39" WIDTH="57" VPOS="2068" HPOS="455"/>
<String CONTENT="26" HEIGHT="40" WIDTH="55" VPOS="2068" HPOS="513"/>
<String STYLE="superscript" CONTENT="cm" HEIGHT="20" WIDTH="46" VPOS="2071" HPOS="572"/>
<String CONTENT="." HEIGHT="9" WIDTH="8" VPOS="2100" HPOS="621"/>
</TextLine>
<TextLine HEIGHT="53" WIDTH="1998" VPOS="2121" HPOS="100" STYLEREFS="StyleId-D296FCB8-184C-47AF-AB8F-2E18314D97CA-">
<String CONTENT="&#169;" HEIGHT="53" WIDTH="52" VPOS="2121" HPOS="100"/>
<SP HEIGHT="53" WIDTH="29" VPOS="2121" HPOS="153"/>
<String CONTENT="July" HEIGHT="46" WIDTH="115" VPOS="2126" HPOS="183"/>
<SP HEIGHT="46" WIDTH="28" VPOS="2126" HPOS="299"/>
<String CONTENT="29," HEIGHT="46" WIDTH="69" VPOS="2125" HPOS="328"/>
<SP HEIGHT="45" WIDTH="30" VPOS="2126" HPOS="398"/>
<String CONTENT="1936;" HEIGHT="47" WIDTH="139" VPOS="2124" HPOS="429"/>
<SP HEIGHT="47" WIDTH="31" VPOS="2124" HPOS="569"/>
<String CONTENT="2c." HEIGHT="41" WIDTH="70" VPOS="2124" HPOS="601"/>
<SP HEIGHT="31" WIDTH="30" VPOS="2134" HPOS="672"/>
<String CONTENT="and" HEIGHT="40" WIDTH="96" VPOS="2124" HPOS="703"/>
<SP HEIGHT="39" WIDTH="29" VPOS="2124" HPOS="800"/>
<String CONTENT="aff." HEIGHT="40" WIDTH="82" VPOS="2124" HPOS="830"/>
<SP HEIGHT="39" WIDTH="30" VPOS="2125" HPOS="913"/>
<String CONTENT="Aug." HEIGHT="45" WIDTH="121" VPOS="2125" HPOS="944"/>
<SP HEIGHT="38" WIDTH="29" VPOS="2125" HPOS="1066"/>
<String CONTENT="17;" HEIGHT="45" WIDTH="82" VPOS="2125" HPOS="1096"/>
<SP HEIGHT="45" WIDTH="32" VPOS="2125" HPOS="1179"/>
<!-- cceid A30C5189-6E3A-1014-83DD-942C093A1DD9 --><String CONTENT="A" HEIGHT="38" WIDTH="41" VPOS="2125" HPOS="1212"/>
<SP HEIGHT="40" WIDTH="29" VPOS="2124" HPOS="1254"/>
<String CONTENT="96968;" HEIGHT="47" WIDTH="171" VPOS="2124" HPOS="1284"/>
<SP HEIGHT="46" WIDTH="36" VPOS="2125" HPOS="1456"/>
<String CONTENT="Soney" HEIGHT="46" WIDTH="155" VPOS="2125" HPOS="1493"/>
<SP HEIGHT="46" WIDTH="27" VPOS="2125" HPOS="1649"/>
<String CONTENT="&amp;" HEIGHT="40" WIDTH="38" VPOS="2125" HPOS="1677"/>
<SP HEIGHT="40" WIDTH="30" VPOS="2125" HPOS="1716"/>
<String CONTENT="Sage" HEIGHT="47" WIDTH="123" VPOS="2125" HPOS="1747"/>
<SP HEIGHT="30" WIDTH="28" VPOS="2134" HPOS="1871"/>
<String LANG="ru" CONTENT="co." HEIGHT="31" WIDTH="67" VPOS="2134" HPOS="1900"/>
<SP HEIGHT="30" WIDTH="34" VPOS="2135" HPOS="1968"/>
<String CONTENT="and" HEIGHT="39" WIDTH="95" VPOS="2125" HPOS="2003"/>
</TextLine>
<TextLine HEIGHT="48" WIDTH="361" VPOS="2181" HPOS="171" STYLEREFS="StyleId-D296FCB8-184C-47AF-AB8F-2E18314D97CA-">
<String LANG="en-US" CONTENT="West" HEIGHT="39" WIDTH="132" VPOS="2183" HPOS="171"/>
<SP HEIGHT="45" WIDTH="24" VPOS="2184" HPOS="304"/>
<String LANG="en-US" CONTENT="pub." HEIGHT="48" WIDTH="109" VPOS="2181" HPOS="329"/>
<SP HEIGHT="30" WIDTH="25" VPOS="2191" HPOS="439"/>
<String LANG="ru" CONTENT="co." HEIGHT="31" WIDTH="67" VPOS="2191" HPOS="465"/>
</TextLine>
<TextLine HEIGHT="66" WIDTH="1254" VPOS="2258" HPOS="100" STYLEREFS="StyleId-89413963-4AAC-4D9D-9E52-31B187B72769-">
<String CONTENT="New" HEIGHT="52" WIDTH="144" VPOS="2259" HPOS="100"/>
<SP HEIGHT="52" WIDTH="24" VPOS="2259" HPOS="245"/>
<String CONTENT="York" HEIGHT="52" WIDTH="160" VPOS="2259" HPOS="270"/>
<SP HEIGHT="65" WIDTH="31" VPOS="2259" HPOS="431"/>
<String CONTENT="(State)" HEIGHT="65" WIDTH="218" VPOS="2259" HPOS="463"/>
<SP HEIGHT="65" WIDTH="82" VPOS="2258" HPOS="682"/>
<String CONTENT="Laws," HEIGHT="66" WIDTH="183" VPOS="2258" HPOS="765"/>
<SP HEIGHT="48" WIDTH="23" VPOS="2276" HPOS="949"/>
<String CONTENT="statutes," HEIGHT="60" WIDTH="255" VPOS="2263" HPOS="973"/>
<SP HEIGHT="47" WIDTH="25" VPOS="2276" HPOS="1229"/>
<String CONTENT="etc." HEIGHT="46" WIDTH="99" VPOS="2263" HPOS="1255"/>
</TextLine>
<TextLine HEIGHT="64" WIDTH="1925" VPOS="2335" HPOS="172">
<String CONTENT="The" HEIGHT="50" WIDTH="119" VPOS="2337" HPOS="172"/>
<SP HEIGHT="34" WIDTH="37" VPOS="2353" HPOS="292"/>
<String CONTENT="consolidated" HEIGHT="53" WIDTH="387" VPOS="2335" HPOS="330"/>
<SP HEIGHT="52" WIDTH="35" VPOS="2335" HPOS="718"/>
<String CONTENT="laws" HEIGHT="51" WIDTH="138" VPOS="2335" HPOS="754"/>
<SP HEIGHT="35" WIDTH="37" VPOS="2352" HPOS="893"/>
<String CONTENT="of" HEIGHT="51" WIDTH="62" VPOS="2336" HPOS="931"/>
<SP HEIGHT="51" WIDTH="38" VPOS="2336" HPOS="994"/>
<String CONTENT="New" HEIGHT="51" WIDTH="137" VPOS="2336" HPOS="1033"/>
<SP HEIGHT="50" WIDTH="39" VPOS="2336" HPOS="1171"/>
<String CONTENT="York," HEIGHT="64" WIDTH="180" VPOS="2335" HPOS="1211"/>
<SP HEIGHT="46" WIDTH="38" VPOS="2353" HPOS="1392"/>
<String CONTENT="annotated," HEIGHT="53" WIDTH="322" VPOS="2335" HPOS="1431"/>
<SP HEIGHT="52" WIDTH="74" VPOS="2336" HPOS="1754"/>
<String CONTENT="book" HEIGHT="51" WIDTH="147" VPOS="2336" HPOS="1829"/>
<SP HEIGHT="52" WIDTH="39" VPOS="2336" HPOS="1977"/>
<String CONTENT="65." HEIGHT="49" WIDTH="80" VPOS="2340" HPOS="2017"/>
</TextLine>
<TextLine HEIGHT="68" WIDTH="1996" VPOS="2411" HPOS="103">
<String CONTENT="Unconsolidated" HEIGHT="55" WIDTH="484" VPOS="2412" HPOS="103"/>
<SP HEIGHT="52" WIDTH="37" VPOS="2413" HPOS="588"/>
<String CONTENT="laws." HEIGHT="53" WIDTH="155" VPOS="2413" HPOS="626"/>
<SP HEIGHT="55" WIDTH="73" VPOS="2411" HPOS="782"/>
<String CONTENT="Comprising" HEIGHT="68" WIDTH="368" VPOS="2411" HPOS="856"/>
<SP HEIGHT="63" WIDTH="36" VPOS="2416" HPOS="1225"/>
<String CONTENT="the" HEIGHT="52" WIDTH="95" VPOS="2413" HPOS="1262"/>
<SP HEIGHT="35" WIDTH="36" VPOS="2430" HPOS="1358"/>
<String CONTENT="substantive" HEIGHT="53" WIDTH="352" VPOS="2412" HPOS="1395"/>
<SP HEIGHT="52" WIDTH="37" VPOS="2413" HPOS="1748"/>
<String CONTENT="laws" HEIGHT="53" WIDTH="136" VPOS="2413" HPOS="1786"/>
<SP HEIGHT="34" WIDTH="39" VPOS="2431" HPOS="1923"/>
<String CONTENT="of" HEIGHT="51" WIDTH="63" VPOS="2414" HPOS="1963"/>
<SP HEIGHT="52" WIDTH="41" VPOS="2414" HPOS="2027"/>
<String CONTENT="a" HEIGHT="33" WIDTH="30" VPOS="2433" HPOS="2069"/>
</TextLine>
<TextLine HEIGHT="145" WIDTH="1972" VPOS="2489" HPOS="103" CS="1">
<String CONTENT="general" HEIGHT="65" WIDTH="228" VPOS="2491" HPOS="103"/>
<SP HEIGHT="52" WIDTH="34" VPOS="2491" HPOS="332"/>
<String CONTENT="and" HEIGHT="52" WIDTH="113" VPOS="2491" HPOS="367"/>
<SP HEIGHT="66" WIDTH="34" VPOS="2491" HPOS="481"/>
<String CONTENT="permanent" HEIGHT="62" WIDTH="336" VPOS="2495" HPOS="516"/>
<SP HEIGHT="46" WIDTH="31" VPOS="2495" HPOS="853"/>
<String CONTENT="nature" HEIGHT="47" WIDTH="201" VPOS="2495" HPOS="885"/>
<SP HEIGHT="53" WIDTH="35" VPOS="2489" HPOS="1087"/>
<String CONTENT="in" HEIGHT="52" WIDTH="61" VPOS="2489" HPOS="1123"/>
<SP HEIGHT="52" WIDTH="34" VPOS="2489" HPOS="1185"/>
<String CONTENT="force" HEIGHT="54" WIDTH="156" VPOS="2489" HPOS="1220"/>
<SP HEIGHT="51" WIDTH="33" VPOS="2491" HPOS="1377"/>
<String CONTENT="August," HEIGHT="66" WIDTH="246" VPOS="2491" HPOS="1411"/>
<SP HEIGHT="61" WIDTH="35" VPOS="2495" HPOS="1658"/>
<String CONTENT="1936," HEIGHT="63" WIDTH="151" VPOS="2494" HPOS="1694"/>
<SP HEIGHT="48" WIDTH="35" VPOS="2509" HPOS="1846"/>
<String CONTENT="not" HEIGHT="46" WIDTH="102" VPOS="2499" HPOS="1882"/>
<SP HEIGHT="53" WIDTH="30" VPOS="2491" HPOS="1985"/>
<String CONTENT="incorporated" HEIGHT="143" WIDTH="1971" VPOS="2491" HPOS="104"/>
</TextLine>
<TextLine HEIGHT="144" WIDTH="1971" VPOS="2567" HPOS="105" CS="1">
<String CONTENT="in" HEIGHT="51" WIDTH="60" VPOS="2567" HPOS="466"/>
<SP HEIGHT="47" WIDTH="25" VPOS="2571" HPOS="527"/>
<String CONTENT="the" HEIGHT="51" WIDTH="94" VPOS="2568" HPOS="553"/>
<SP HEIGHT="34" WIDTH="27" VPOS="2585" HPOS="648"/>
<String CONTENT="consolidated" HEIGHT="52" WIDTH="386" VPOS="2567" HPOS="676"/>
<SP HEIGHT="52" WIDTH="26" VPOS="2567" HPOS="1063"/>
<String CONTENT="laws." HEIGHT="54" WIDTH="153" VPOS="2567" HPOS="1090"/>
<SP HEIGHT="53" WIDTH="74" VPOS="2568" HPOS="1244"/>
<String CONTENT="Kept" HEIGHT="67" WIDTH="159" VPOS="2568" HPOS="1319"/>
<SP HEIGHT="46" WIDTH="24" VPOS="2574" HPOS="1479"/>
<String CONTENT="to" HEIGHT="48" WIDTH="57" VPOS="2575" HPOS="1504"/>
<SP HEIGHT="55" WIDTH="28" VPOS="2568" HPOS="1562"/>
<String CONTENT="date" HEIGHT="53" WIDTH="129" VPOS="2568" HPOS="1591"/>
<SP HEIGHT="51" WIDTH="27" VPOS="2570" HPOS="1721"/>
<String CONTENT="by" HEIGHT="66" WIDTH="74" VPOS="2570" HPOS="1749"/>
<SP HEIGHT="48" WIDTH="26" VPOS="2588" HPOS="1824"/>
<String CONTENT="cumulative" HEIGHT="128" WIDTH="1971" VPOS="2570" HPOS="105"/>
<SP HEIGHT="35" WIDTH="37" VPOS="2663" HPOS="218"/>
<String CONTENT="annual" HEIGHT="52" WIDTH="208" VPOS="2645" HPOS="256"/>
<SP HEIGHT="51" WIDTH="37" VPOS="2645" HPOS="465"/>
<String CONTENT="supplements." HEIGHT="67" WIDTH="403" VPOS="2644" HPOS="503"/>
</TextLine>
<TextLine HEIGHT="149" WIDTH="1999" VPOS="2644" HPOS="105" CS="1">
<String CONTENT="Annotated" HEIGHT="53" WIDTH="330" VPOS="2644" HPOS="981"/>
<SP HEIGHT="53" WIDTH="37" VPOS="2644" HPOS="1312"/>
<String CONTENT="from" HEIGHT="52" WIDTH="153" VPOS="2645" HPOS="1350"/>
<SP HEIGHT="34" WIDTH="36" VPOS="2664" HPOS="1504"/>
<String CONTENT="all" HEIGHT="52" WIDTH="75" VPOS="2646" HPOS="1541"/>
<SP HEIGHT="52" WIDTH="37" VPOS="2646" HPOS="1617"/>
<String CONTENT="the" HEIGHT="53" WIDTH="95" VPOS="2647" HPOS="1655"/>
<SP HEIGHT="35" WIDTH="34" VPOS="2665" HPOS="1751"/>
<String CONTENT="cases" HEIGHT="35" WIDTH="150" VPOS="2665" HPOS="1786"/>
<SP HEIGHT="34" WIDTH="37" VPOS="2666" HPOS="1937"/>
<String CONTENT="construing" HEIGHT="122" WIDTH="1973" VPOS="2667" HPOS="105"/>
<SP HEIGHT="61" WIDTH="49" VPOS="2728" HPOS="331"/>
<String CONTENT="these" HEIGHT="52" WIDTH="155" VPOS="2722" HPOS="381"/>
<SP HEIGHT="52" WIDTH="53" VPOS="2722" HPOS="537"/>
<String CONTENT="laws." HEIGHT="52" WIDTH="154" VPOS="2722" HPOS="591"/>
<SP HEIGHT="51" WIDTH="75" VPOS="2723" HPOS="746"/>
<String CONTENT="Brooklyn," HEIGHT="67" WIDTH="312" VPOS="2722" HPOS="822"/>
<SP HEIGHT="65" WIDTH="53" VPOS="2724" HPOS="1135"/>
<String CONTENT="N." HEIGHT="52" WIDTH="68" VPOS="2724" HPOS="1189"/>
<SP HEIGHT="52" WIDTH="57" VPOS="2724" HPOS="1258"/>
<String CONTENT="Y.," HEIGHT="66" WIDTH="90" VPOS="2724" HPOS="1316"/>
<SP HEIGHT="65" WIDTH="55" VPOS="2725" HPOS="1407"/>
<String CONTENT="Edward" HEIGHT="52" WIDTH="252" VPOS="2724" HPOS="1463"/>
<SP HEIGHT="52" WIDTH="56" VPOS="2725" HPOS="1716"/>
<String CONTENT="Thompson" HEIGHT="67" WIDTH="331" VPOS="2726" HPOS="1773"/>
</TextLine>
<TextLine HEIGHT="64" WIDTH="499" VPOS="2802" HPOS="106" CS="1">
<String CONTENT="company" HEIGHT="49" WIDTH="278" VPOS="2817" HPOS="106"/>
<SP HEIGHT="48" WIDTH="28" VPOS="2818" HPOS="385"/>
<String CS="1" CONTENT="["/>
<String STYLE="superscript" CONTENT="c" HEIGHT="20" WIDTH="18" VPOS="2806" HPOS="431"/>
<String CONTENT="1936]" HEIGHT="64" WIDTH="151" VPOS="2802" HPOS="454"/>
</TextLine>
<TextLine HEIGHT="49" WIDTH="487" VPOS="2871" HPOS="177" CS="1">
<String CONTENT="viii," HEIGHT="49" WIDTH="101" VPOS="2871" HPOS="177"/>
<SP HEIGHT="48" WIDTH="27" VPOS="2872" HPOS="279"/>
<String CONTENT="672" HEIGHT="42" WIDTH="83" VPOS="2872" HPOS="307"/>
<SP HEIGHT="48" WIDTH="25" VPOS="2872" HPOS="391"/>
<String CONTENT="p." HEIGHT="38" WIDTH="44" VPOS="2882" HPOS="417"/>
<SP HEIGHT="43" WIDTH="54" VPOS="2871" HPOS="462"/>
<String CS="1" CONTENT="23&#189;" HEIGHT="41" WIDTH="55" VPOS="2871" HPOS="517"/>
<String STYLE="superscript" CONTENT="cm" HEIGHT="20" WIDTH="47" VPOS="2874" HPOS="605"/>
<String CONTENT="." HEIGHT="9" WIDTH="9" VPOS="2905" HPOS="655"/>
</TextLine>
<TextLine HEIGHT="56" WIDTH="1995" VPOS="2925" HPOS="109" STYLEREFS="StyleId-D296FCB8-184C-47AF-AB8F-2E18314D97CA-">
<String CONTENT="&#169;" HEIGHT="53" WIDTH="52" VPOS="2925" HPOS="109"/>
<SP HEIGHT="53" WIDTH="27" VPOS="2925" HPOS="162"/>
<String CONTENT="July" HEIGHT="46" WIDTH="115" VPOS="2930" HPOS="190"/>
<SP HEIGHT="45" WIDTH="27" VPOS="2931" HPOS="306"/>
<String CONTENT="13," HEIGHT="47" WIDTH="69" VPOS="2930" HPOS="334"/>
<SP HEIGHT="47" WIDTH="28" VPOS="2930" HPOS="404"/>
<String CONTENT="1936;" HEIGHT="49" WIDTH="139" VPOS="2927" HPOS="433"/>
<SP HEIGHT="47" WIDTH="31" VPOS="2929" HPOS="573"/>
<String CONTENT="2c." HEIGHT="38" WIDTH="68" VPOS="2929" HPOS="605"/>
<SP HEIGHT="29" WIDTH="30" VPOS="2938" HPOS="674"/>
<String CONTENT="and" HEIGHT="39" WIDTH="94" VPOS="2928" HPOS="705"/>
<SP HEIGHT="39" WIDTH="32" VPOS="2928" HPOS="800"/>
<String CONTENT="aff." HEIGHT="40" WIDTH="80" VPOS="2928" HPOS="833"/>
<SP HEIGHT="39" WIDTH="29" VPOS="2929" HPOS="914"/>
<String CONTENT="Aug." HEIGHT="46" WIDTH="119" VPOS="2929" HPOS="944"/>
<SP HEIGHT="37" WIDTH="31" VPOS="2930" HPOS="1064"/>
<String CONTENT="17;" HEIGHT="46" WIDTH="80" VPOS="2930" HPOS="1096"/>
<SP HEIGHT="46" WIDTH="32" VPOS="2930" HPOS="1177"/>
<!-- cceid A30CA9C1-6E3A-1014-83DD-942C093A1DD9 --><String CONTENT="A" HEIGHT="38" WIDTH="40" VPOS="2930" HPOS="1210"/>
<SP HEIGHT="39" WIDTH="29" VPOS="2930" HPOS="1251"/>
<String CONTENT="96965;" HEIGHT="47" WIDTH="170" VPOS="2929" HPOS="1281"/>
<SP HEIGHT="44" WIDTH="34" VPOS="2932" HPOS="1452"/>
<String CONTENT="Edward" HEIGHT="40" WIDTH="211" VPOS="2931" HPOS="1487"/>
<SP HEIGHT="40" WIDTH="30" VPOS="2931" HPOS="1699"/>
<String CONTENT="Thompson" HEIGHT="49" WIDTH="275" VPOS="2932" HPOS="1730"/>
<SP HEIGHT="30" WIDTH="30" VPOS="2943" HPOS="2006"/>
<String LANG="ru" CONTENT="co." HEIGHT="30" WIDTH="67" VPOS="2943" HPOS="2037"/>
</TextLine>
<TextLine HEIGHT="68" WIDTH="1996" VPOS="3060" HPOS="109">
<String CONTENT="New" HEIGHT="53" WIDTH="144" VPOS="3060" HPOS="109"/>
<SP HEIGHT="52" WIDTH="37" VPOS="3061" HPOS="254"/>
<String CONTENT="York" HEIGHT="52" WIDTH="160" VPOS="3061" HPOS="292"/>
<SP HEIGHT="51" WIDTH="39" VPOS="3062" HPOS="453"/>
<String CONTENT="supplement;" HEIGHT="67" WIDTH="387" VPOS="3060" HPOS="493"/>
<SP HEIGHT="49" WIDTH="42" VPOS="3077" HPOS="881"/>
<String CONTENT="cases" HEIGHT="36" WIDTH="149" VPOS="3077" HPOS="924"/>
<SP HEIGHT="33" WIDTH="38" VPOS="3080" HPOS="1074"/>
<String CONTENT="argued" HEIGHT="66" WIDTH="214" VPOS="3062" HPOS="1113"/>
<SP HEIGHT="51" WIDTH="39" VPOS="3062" HPOS="1328"/>
<String CONTENT="and" HEIGHT="52" WIDTH="112" VPOS="3063" HPOS="1368"/>
<SP HEIGHT="52" WIDTH="38" VPOS="3063" HPOS="1481"/>
<String CONTENT="determined" HEIGHT="54" WIDTH="350" VPOS="3064" HPOS="1520"/>
<SP HEIGHT="54" WIDTH="39" VPOS="3064" HPOS="1871"/>
<String CONTENT="in" HEIGHT="54" WIDTH="59" VPOS="3064" HPOS="1911"/>
<SP HEIGHT="46" WIDTH="38" VPOS="3073" HPOS="1971"/>
<String CONTENT="the" HEIGHT="53" WIDTH="95" VPOS="3067" HPOS="2010"/>
</TextLine>
<TextLine HEIGHT="66" WIDTH="1924" VPOS="3138" HPOS="182">
<String CONTENT="Court" HEIGHT="54" WIDTH="179" VPOS="3138" HPOS="182"/>
<SP HEIGHT="46" WIDTH="37" VPOS="3146" HPOS="362"/>
<String CONTENT="of" HEIGHT="52" WIDTH="62" VPOS="3139" HPOS="400"/>
<SP HEIGHT="51" WIDTH="38" VPOS="3139" HPOS="463"/>
<String CONTENT="appeals." HEIGHT="66" WIDTH="250" VPOS="3138" HPOS="502"/>
<SP HEIGHT="57" WIDTH="42" VPOS="3138" HPOS="753"/>
<String CONTENT="Supreme" HEIGHT="66" WIDTH="273" VPOS="3138" HPOS="796"/>
<SP HEIGHT="34" WIDTH="41" VPOS="3156" HPOS="1070"/>
<String CONTENT="and" HEIGHT="52" WIDTH="110" VPOS="3138" HPOS="1112"/>
<SP HEIGHT="52" WIDTH="40" VPOS="3138" HPOS="1223"/>
<String CONTENT="lower" HEIGHT="52" WIDTH="171" VPOS="3139" HPOS="1264"/>
<SP HEIGHT="34" WIDTH="36" VPOS="3158" HPOS="1436"/>
<String CONTENT="courts" HEIGHT="48" WIDTH="187" VPOS="3146" HPOS="1473"/>
<SP HEIGHT="34" WIDTH="40" VPOS="3160" HPOS="1661"/>
<String CONTENT="of" HEIGHT="52" WIDTH="62" VPOS="3142" HPOS="1702"/>
<SP HEIGHT="52" WIDTH="39" VPOS="3142" HPOS="1765"/>
<String CONTENT="record" HEIGHT="51" WIDTH="197" VPOS="3145" HPOS="1805"/>
<SP HEIGHT="51" WIDTH="39" VPOS="3145" HPOS="2003"/>
<String CONTENT="of" HEIGHT="52" WIDTH="63" VPOS="3144" HPOS="2043"/>
</TextLine>
<TextLine HEIGHT="67" WIDTH="1922" VPOS="3215" HPOS="182">
<String CONTENT="New" HEIGHT="51" WIDTH="136" VPOS="3216" HPOS="182"/>
<SP HEIGHT="50" WIDTH="28" VPOS="3217" HPOS="319"/>
<String CONTENT="York" HEIGHT="52" WIDTH="161" VPOS="3216" HPOS="348"/>
<SP HEIGHT="51" WIDTH="25" VPOS="3216" HPOS="510"/>
<String CONTENT="state," HEIGHT="61" WIDTH="161" VPOS="3220" HPOS="536"/>
<SP HEIGHT="47" WIDTH="26" VPOS="3234" HPOS="698"/>
<String CONTENT="with" HEIGHT="51" WIDTH="137" VPOS="3215" HPOS="725"/>
<SP HEIGHT="51" WIDTH="28" VPOS="3215" HPOS="863"/>
<String CONTENT="key" HEIGHT="67" WIDTH="108" VPOS="3215" HPOS="892"/>
<SP HEIGHT="48" WIDTH="24" VPOS="3234" HPOS="1001"/>
<String CONTENT="number" HEIGHT="50" WIDTH="236" VPOS="3217" HPOS="1026"/>
<SP HEIGHT="34" WIDTH="27" VPOS="3234" HPOS="1263"/>
<String CONTENT="annotations," HEIGHT="54" WIDTH="377" VPOS="3218" HPOS="1291"/>
<SP HEIGHT="33" WIDTH="65" VPOS="3239" HPOS="1669"/>
<String CONTENT="volume" HEIGHT="52" WIDTH="222" VPOS="3221" HPOS="1735"/>
<SP HEIGHT="48" WIDTH="29" VPOS="3225" HPOS="1958"/>
<String CONTENT="285." HEIGHT="51" WIDTH="116" VPOS="3225" HPOS="1988"/>
</TextLine>
<TextLine HEIGHT="131" WIDTH="1925" VPOS="3291" HPOS="182" CS="1">
<String CONTENT="March-April," HEIGHT="65" WIDTH="429" VPOS="3293" HPOS="182"/>
<SP HEIGHT="54" WIDTH="38" VPOS="3296" HPOS="612"/>
<String CONTENT="1936." HEIGHT="49" WIDTH="149" VPOS="3295" HPOS="651"/>
<SP HEIGHT="55" WIDTH="77" VPOS="3291" HPOS="801"/>
<String CONTENT="St." HEIGHT="55" WIDTH="81" VPOS="3291" HPOS="879"/>
<SP HEIGHT="51" WIDTH="40" VPOS="3294" HPOS="961"/>
<String CONTENT="Paul," HEIGHT="65" WIDTH="164" VPOS="3294" HPOS="1002"/>
<SP HEIGHT="65" WIDTH="36" VPOS="3294" HPOS="1167"/>
<String CONTENT="Minn.," HEIGHT="67" WIDTH="200" VPOS="3294" HPOS="1204"/>
<SP HEIGHT="65" WIDTH="36" VPOS="3296" HPOS="1405"/>
<String CONTENT="West" HEIGHT="53" WIDTH="156" VPOS="3296" HPOS="1442"/>
<SP HEIGHT="63" WIDTH="38" VPOS="3301" HPOS="1599"/>
<String CONTENT="publishing" HEIGHT="68" WIDTH="335" VPOS="3298" HPOS="1638"/>
<SP HEIGHT="47" WIDTH="36" VPOS="3319" HPOS="1974"/>
<String LANG="ru" CONTENT="co.," HEIGHT="48" WIDTH="96" VPOS="3319" HPOS="2011"/>
<SP/>
<String CONTENT="1936." HEIGHT="49" WIDTH="148" VPOS="3373" HPOS="186"/>
</TextLine>
<TextLine HEIGHT="48" WIDTH="631" VPOS="3441" HPOS="186" STYLEREFS="StyleId-D296FCB8-184C-47AF-AB8F-2E18314D97CA-">
<String CONTENT="xxvii," HEIGHT="48" WIDTH="147" VPOS="3441" HPOS="186"/>
<SP HEIGHT="47" WIDTH="29" VPOS="3442" HPOS="334"/>
<String CONTENT="1088," HEIGHT="47" WIDTH="126" VPOS="3441" HPOS="364"/>
<SP HEIGHT="47" WIDTH="25" VPOS="3441" HPOS="491"/>
<String CONTENT="65" HEIGHT="40" WIDTH="58" VPOS="3441" HPOS="517"/>
<SP HEIGHT="46" WIDTH="23" VPOS="3442" HPOS="576"/>
<String CONTENT="p." HEIGHT="37" WIDTH="43" VPOS="3451" HPOS="600"/>
<SP HEIGHT="40" WIDTH="55" VPOS="3441" HPOS="644"/>
<String CONTENT="24" HEIGHT="39" WIDTH="56" VPOS="3441" HPOS="700"/>
<String STYLE="superscript" CONTENT="cm" HEIGHT="21" WIDTH="44" VPOS="3443" HPOS="759"/>
<String CONTENT="." HEIGHT="9" WIDTH="9" VPOS="3473" HPOS="808"/>
</TextLine>
<TextLine HEIGHT="57" WIDTH="1697" VPOS="3494" HPOS="116" CS="1">
<String CONTENT="&#169;" HEIGHT="53" WIDTH="52" VPOS="3494" HPOS="116"/>
<SP HEIGHT="53" WIDTH="25" VPOS="3494" HPOS="169"/>
<String CONTENT="July" HEIGHT="47" WIDTH="114" VPOS="3498" HPOS="195"/>
<SP HEIGHT="46" WIDTH="23" VPOS="3499" HPOS="310"/>
<String CONTENT="22," HEIGHT="48" WIDTH="68" VPOS="3498" HPOS="334"/>
<SP HEIGHT="48" WIDTH="26" VPOS="3498" HPOS="403"/>
<String CS="1" CONTENT="1936;" HEIGHT="39" WIDTH="113" VPOS="3498" HPOS="430"/>
<SP HEIGHT="49" WIDTH="26" VPOS="3497" HPOS="571"/>
<String CONTENT="2c." HEIGHT="40" WIDTH="69" VPOS="3497" HPOS="598"/>
<SP HEIGHT="30" WIDTH="26" VPOS="3507" HPOS="668"/>
<String CONTENT="and" HEIGHT="39" WIDTH="94" VPOS="3497" HPOS="695"/>
<SP HEIGHT="39" WIDTH="27" VPOS="3497" HPOS="790"/>
<String CONTENT="aff." HEIGHT="39" WIDTH="79" VPOS="3497" HPOS="818"/>
<SP HEIGHT="38" WIDTH="26" VPOS="3498" HPOS="898"/>
<String CONTENT="Aug." HEIGHT="47" WIDTH="118" VPOS="3498" HPOS="925"/>
<SP HEIGHT="38" WIDTH="28" VPOS="3499" HPOS="1044"/>
<String CS="1" CONTENT="17;" HEIGHT="39" WIDTH="53" VPOS="3499" HPOS="1073"/>
<SP HEIGHT="46" WIDTH="27" VPOS="3500" HPOS="1155"/>
<!-- cceid A30D1010-6E3A-1014-83DD-942C093A1DD9 --><String CONTENT="A" HEIGHT="38" WIDTH="43" VPOS="3500" HPOS="1183"/>
<SP HEIGHT="40" WIDTH="22" VPOS="3499" HPOS="1227"/>
<String CS="1" CONTENT="96977;" HEIGHT="43" WIDTH="145" VPOS="3498" HPOS="1250"/>
<SP HEIGHT="46" WIDTH="28" VPOS="3502" HPOS="1421"/>
<String CONTENT="West" HEIGHT="40" WIDTH="134" VPOS="3502" HPOS="1450"/>
<SP HEIGHT="47" WIDTH="24" VPOS="3504" HPOS="1585"/>
<String CONTENT="pub." HEIGHT="48" WIDTH="109" VPOS="3503" HPOS="1610"/>
<SP HEIGHT="29" WIDTH="27" VPOS="3513" HPOS="1720"/>
<String LANG="ru" CONTENT="co." HEIGHT="29" WIDTH="65" VPOS="3513" HPOS="1748"/>
</TextLine>
<TextLine HEIGHT="70" WIDTH="1993" VPOS="3573" HPOS="115">
<String CONTENT="North" HEIGHT="52" WIDTH="194" VPOS="3573" HPOS="115"/>
<SP HEIGHT="53" WIDTH="31" VPOS="3573" HPOS="310"/>
<String CONTENT="western" HEIGHT="50" WIDTH="254" VPOS="3577" HPOS="342"/>
<SP HEIGHT="35" WIDTH="35" VPOS="3592" HPOS="597"/>
<String CONTENT="reporter;" HEIGHT="60" WIDTH="283" VPOS="3580" HPOS="633"/>
<SP HEIGHT="48" WIDTH="37" VPOS="3592" HPOS="917"/>
<String CONTENT="cases" HEIGHT="35" WIDTH="150" VPOS="3592" HPOS="955"/>
<SP HEIGHT="34" WIDTH="31" VPOS="3593" HPOS="1106"/>
<String CONTENT="argued" HEIGHT="65" WIDTH="214" VPOS="3578" HPOS="1138"/>
<SP HEIGHT="52" WIDTH="34" VPOS="3578" HPOS="1353"/>
<String CONTENT="and" HEIGHT="51" WIDTH="110" VPOS="3579" HPOS="1388"/>
<SP HEIGHT="52" WIDTH="35" VPOS="3579" HPOS="1499"/>
<String CONTENT="determined" HEIGHT="55" WIDTH="347" VPOS="3579" HPOS="1535"/>
<SP HEIGHT="51" WIDTH="34" VPOS="3583" HPOS="1883"/>
<String CONTENT="in" HEIGHT="52" WIDTH="60" VPOS="3583" HPOS="1918"/>
<SP HEIGHT="46" WIDTH="34" VPOS="3590" HPOS="1979"/>
<String CONTENT="the" HEIGHT="52" WIDTH="94" VPOS="3585" HPOS="2014"/>
</TextLine>
<TextLine HEIGHT="130" WIDTH="1901" VPOS="3650" HPOS="183" CS="1">
<String CONTENT="courts" HEIGHT="46" WIDTH="187" VPOS="3657" HPOS="185"/>
<SP HEIGHT="34" WIDTH="32" VPOS="3669" HPOS="373"/>
<String CONTENT="of" HEIGHT="52" WIDTH="62" VPOS="3651" HPOS="406"/>
<SP HEIGHT="51" WIDTH="31" VPOS="3651" HPOS="469"/>
<String CONTENT="Iowa," HEIGHT="65" WIDTH="175" VPOS="3651" HPOS="501"/>
<SP HEIGHT="64" WIDTH="32" VPOS="3652" HPOS="677"/>
<String CONTENT="Michigan," HEIGHT="68" WIDTH="312" VPOS="3650" HPOS="710"/>
<SP HEIGHT="64" WIDTH="30" VPOS="3654" HPOS="1023"/>
<String CONTENT="Minnesota," HEIGHT="67" WIDTH="339" VPOS="3653" HPOS="1054"/>
<SP HEIGHT="64" WIDTH="33" VPOS="3656" HPOS="1394"/>
<String CONTENT="Nebraska," HEIGHT="68" WIDTH="310" VPOS="3656" HPOS="1428"/>
<SP HEIGHT="64" WIDTH="33" VPOS="3660" HPOS="1739"/>
<String CONTENT="North" HEIGHT="53" WIDTH="185" VPOS="3660" HPOS="1773"/>
<SP HEIGHT="51" WIDTH="34" VPOS="3662" HPOS="1959"/>
<String CONTENT="Dakota." HEIGHT="117" WIDTH="1901" VPOS="3663" HPOS="183"/>
</TextLine>
<TextLine HEIGHT="130" WIDTH="1896" VPOS="3727" HPOS="188" CS="1">
<String CONTENT="South" HEIGHT="55" WIDTH="179" VPOS="3727" HPOS="381"/>
<SP HEIGHT="51" WIDTH="41" VPOS="3728" HPOS="561"/>
<String CONTENT="Dakota," HEIGHT="67" WIDTH="247" VPOS="3727" HPOS="603"/>
<SP HEIGHT="64" WIDTH="36" VPOS="3730" HPOS="851"/>
<String CONTENT="Wisconsin," HEIGHT="69" WIDTH="337" VPOS="3728" HPOS="888"/>
<SP HEIGHT="47" WIDTH="40" VPOS="3750" HPOS="1226"/>
<String CONTENT="with" HEIGHT="53" WIDTH="139" VPOS="3730" HPOS="1267"/>
<SP HEIGHT="51" WIDTH="38" VPOS="3732" HPOS="1407"/>
<String CONTENT="key" HEIGHT="68" WIDTH="108" VPOS="3732" HPOS="1446"/>
<SP HEIGHT="48" WIDTH="39" VPOS="3752" HPOS="1555"/>
<String CONTENT="number" HEIGHT="51" WIDTH="238" VPOS="3737" HPOS="1595"/>
<SP HEIGHT="34" WIDTH="41" VPOS="3755" HPOS="1834"/>
<String CONTENT="annotations." HEIGHT="112" WIDTH="1896" VPOS="3745" HPOS="188"/>
<SP HEIGHT="35" WIDTH="75" VPOS="3822" HPOS="352"/>
<String CONTENT="volume" HEIGHT="52" WIDTH="219" VPOS="3805" HPOS="428"/>
</TextLine>
<TextLine HEIGHT="79" WIDTH="1462" VPOS="3806" HPOS="648">
<String CONTENT="266." HEIGHT="50" WIDTH="117" VPOS="3808" HPOS="700"/>
<SP HEIGHT="51" WIDTH="82" VPOS="3807" HPOS="818"/>
<String CONTENT="April-June," HEIGHT="67" WIDTH="380" VPOS="3806" HPOS="901"/>
<SP HEIGHT="60" WIDTH="51" VPOS="3813" HPOS="1282"/>
<String CONTENT="1936." HEIGHT="50" WIDTH="148" VPOS="3812" HPOS="1334"/>
<SP HEIGHT="55" WIDTH="77" VPOS="3810" HPOS="1483"/>
<String CONTENT="St." HEIGHT="55" WIDTH="81" VPOS="3810" HPOS="1561"/>
<SP HEIGHT="50" WIDTH="52" VPOS="3815" HPOS="1643"/>
<String CONTENT="Paul," HEIGHT="65" WIDTH="164" VPOS="3815" HPOS="1696"/>
<SP HEIGHT="63" WIDTH="46" VPOS="3817" HPOS="1861"/>
<String CONTENT="Minn.," HEIGHT="68" WIDTH="202" VPOS="3817" HPOS="1908"/>
</TextLine>
<TextLine HEIGHT="67" WIDTH="822" VPOS="3881" HPOS="187">
<String CONTENT="West" HEIGHT="52" WIDTH="158" VPOS="3882" HPOS="187"/>
<SP HEIGHT="58" WIDTH="26" VPOS="3888" HPOS="346"/>
<String CONTENT="publishing" HEIGHT="66" WIDTH="334" VPOS="3881" HPOS="373"/>
<SP HEIGHT="47" WIDTH="25" VPOS="3900" HPOS="708"/>
<String LANG="ru" CONTENT="co.," HEIGHT="48" WIDTH="96" VPOS="3900" HPOS="734"/>
<SP HEIGHT="61" WIDTH="29" VPOS="3887" HPOS="831"/>
<String CONTENT="1936." HEIGHT="49" WIDTH="148" VPOS="3886" HPOS="861"/>
</TextLine>
<TextLine HEIGHT="48" WIDTH="612" VPOS="3952" HPOS="261" STYLEREFS="StyleId-D296FCB8-184C-47AF-AB8F-2E18314D97CA-" CS="1">
<String CS="1" CONTENT="xx," HEIGHT="15" WIDTH="8" VPOS="3985" HPOS="261"/>
<SP HEIGHT="46" WIDTH="28" VPOS="3954" HPOS="270"/>
<String CONTENT="1002" HEIGHT="40" WIDTH="112" VPOS="3953" HPOS="299"/>
<SP HEIGHT="47" WIDTH="27" VPOS="3953" HPOS="412"/>
<String CONTENT="p." HEIGHT="37" WIDTH="44" VPOS="3963" HPOS="440"/>
<SP HEIGHT="40" WIDTH="57" VPOS="3952" HPOS="485"/>
<String CONTENT="diagr." HEIGHT="48" WIDTH="154" VPOS="3952" HPOS="543"/>
<SP HEIGHT="41" WIDTH="57" VPOS="3953" HPOS="698"/>
<String CONTENT="26" HEIGHT="40" WIDTH="56" VPOS="3953" HPOS="756"/>
<String STYLE="superscript" CONTENT="cm" HEIGHT="21" WIDTH="45" VPOS="3956" HPOS="814"/>
<String CONTENT="." HEIGHT="9" WIDTH="9" VPOS="3985" HPOS="864"/>
</TextLine>
<TextLine HEIGHT="59" WIDTH="1694" VPOS="4004" HPOS="123" STYLEREFS="StyleId-D296FCB8-184C-47AF-AB8F-2E18314D97CA-" CS="1">
<String CONTENT="&#169;" HEIGHT="52" WIDTH="51" VPOS="4004" HPOS="123"/>
<SP HEIGHT="52" WIDTH="25" VPOS="4004" HPOS="175"/>
<String CONTENT="July" HEIGHT="46" WIDTH="114" VPOS="4010" HPOS="201"/>
<SP HEIGHT="45" WIDTH="24" VPOS="4011" HPOS="316"/>
<String CONTENT="10," HEIGHT="45" WIDTH="67" VPOS="4009" HPOS="341"/>
<SP HEIGHT="45" WIDTH="25" VPOS="4009" HPOS="409"/>
<String CONTENT="1936;" HEIGHT="47" WIDTH="139" VPOS="4007" HPOS="435"/>
<SP HEIGHT="46" WIDTH="26" VPOS="4008" HPOS="575"/>
<String CONTENT="2c." HEIGHT="41" WIDTH="67" VPOS="4008" HPOS="602"/>
<SP HEIGHT="31" WIDTH="26" VPOS="4018" HPOS="670"/>
<String CONTENT="and" HEIGHT="39" WIDTH="95" VPOS="4009" HPOS="697"/>
<SP HEIGHT="39" WIDTH="24" VPOS="4009" HPOS="793"/>
<String CONTENT="aff." HEIGHT="41" WIDTH="81" VPOS="4009" HPOS="818"/>
<SP HEIGHT="40" WIDTH="25" VPOS="4010" HPOS="900"/>
<String CONTENT="Aug." HEIGHT="46" WIDTH="118" VPOS="4010" HPOS="926"/>
<SP HEIGHT="39" WIDTH="27" VPOS="4011" HPOS="1045"/>
<String CS="1" CONTENT="17;" HEIGHT="39" WIDTH="58" VPOS="4011" HPOS="1073"/>
<SP HEIGHT="46" WIDTH="27" VPOS="4012" HPOS="1156"/>
<!-- cceid A30D688E-6E3A-1014-83DD-942C093A1DD9 --><String CONTENT="A" HEIGHT="38" WIDTH="41" VPOS="4012" HPOS="1184"/>
<SP HEIGHT="40" WIDTH="23" VPOS="4011" HPOS="1226"/>
<String CONTENT="96980;" HEIGHT="49" WIDTH="170" VPOS="4011" HPOS="1250"/>
<SP HEIGHT="45" WIDTH="30" VPOS="4015" HPOS="1421"/>
<String CONTENT="West" HEIGHT="39" WIDTH="133" VPOS="4015" HPOS="1452"/>
<SP HEIGHT="45" WIDTH="25" VPOS="4018" HPOS="1586"/>
<String CONTENT="pub." HEIGHT="46" WIDTH="109" VPOS="4017" HPOS="1612"/>
<SP HEIGHT="31" WIDTH="27" VPOS="4027" HPOS="1722"/>
<String LANG="ru" CONTENT="co." HEIGHT="31" WIDTH="67" VPOS="4027" HPOS="1750"/>
</TextLine>
</TextBlock>
</PrintSpace>
</Page>
</Layout>
</alto>