2519 4377
1027 4091 137 51 2009

126 423 262 64 Apicius.

254 512 1868 73 … Cookery and dining in imperial Rome; a bibliography,
121 590 219 53 critical
376 590 203 53 review
616 591 112 53 and
766 591 342 55 translation
1146 592 63 52 of
1244 594 95 51 the
1375 594 224 53 ancient
1634 594 146 53 book
1816 596 206 51 known
2061 615 59 36 as

121 668 240 69 Apicius
394 670 68 52 de
495 688 59 34 re
583 669 347 68 coquinaria,
962 689 127 34 now
1122 670 92 53 for
1247 672 94 52 the
1372 672 124 53 first
1526 672 135 53 time
1692 674 272 53 rendered
2000 674 119 52 into

124 747 243 69 English
411 749 74 67 by
527 748 216 67 Joseph
788 749 299 53 Dommers
1129 750 269 67 Vehling,
1438 750 139 53 with
1620 768 31 34 a
1692 750 324 68 dictionary
2060 751 63 54 of

120 826 276 53 technical
426 832 190 51 terms,
645 844 173 50 many
846 832 175 61 notes,
1053 826 307 55 facsimiles
1391 827 64 55 of
1484 828 293 68 originals,
1806 830 108 52 and
1949 829 170 55 views

124 905 113 53 and
269 904 252 54 sketches
554 904 64 52 of
652 904 225 54 ancient
911 905 260 69 culinary
1204 904 212 70 objects
1449 907 166 52 made
1645 906 75 69 by
1755 907 95 53 the
1886 909 235 56 author:

119 981 1998 72 introduction by Prof. Frederick Starr … Chicago, W. M.
118 1063 148 66 Hill,
298 1065 149 51 1936.

194 1133 1646 50 2 p. l., ix-xxi. [1], 301 p., 1 l. illus. (incl. facsims.) 29½ cm .
192 1192 168 40 Added
399 1192 125 46 t.-p.:
559 1189 159 48 Apicii
755 1191 112 40 libri
903 1201 45 37 x,
985 1190 79 48 qvi
1101 1190 223 42 dicvntvr
1360 1193 56 39 de
1453 1191 213 41 obsoniis
1703 1194 47 38 et
1786 1193 335 48 condimentis,

123 1249 105 41 siue
252 1251 105 38 arte
382 1247 295 49 coqvinaria,
705 1258 60 38 qvæ
833 1250 198 44 extant;
1058 1259 124 30 nvnc
1209 1249 206 47 primvm
1442 1249 188 48 anglice
1657 1249 211 40 reddidit
1895 1250 229 48 proœmio

124 1305 378 48 bibliograpbico
547 1308 144 45 atqve
734 1304 405 48 interpretatione
1180 1305 212 41 defensit
1436 1305 247 49 uariisqve
1726 1307 397 42 annotationibvs

120 1363 233 42 instrvxit
386 1362 67 41 ita
492 1364 46 38 et
575 1361 168 49 antiqvæ
821 1362 126 40 cvlinæ
1023 1362 337 40 vtensiliarvm
1396 1362 169 48 efligiis
1601 1363 273 46 exornauit,
1912 1362 206 42 indicem

119 1420 202 48 deniqve
346 1419 367 48 etymologicvm
736 1421 47 38 et
808 1419 270 41 tecbnicvm
1102 1419 123 41 artis
1251 1419 202 47 magiricæ
1520 1419 178 41 adiecit
1722 1421 231 47 Iosepbvs
119 1421 1982 97 Dommers
272 1477 233 46 Uehling;
534 1477 264 40 introdvcit
822 1475 276 41 Fridericvs
1124 1476 152 41 Starr.
1340 1475 222 49 Chicago,
1589 1477 48 39 in
1702 1477 137 39 ædibvs
1865 1477 253 41 Gvaltheri

121 1537 62 39 M.
212 1535 118 46 Hill,
360 1534 126 40 1936.

192 1589 1879 50 “Five hundred and thirty copies of this book have been printed …
120 1648 59 49 by
210 1650 82 40 the
323 1649 155 40 Torch
508 1658 136 39 press
678 1648 48 40 in
761 1647 154 42 Cedar
947 1647 199 49 Rapids,
1177 1649 146 46 Iowa,
1357 1648 54 41 U.
1447 1648 44 41 S.
1524 1648 53 41 A.
1639 1647 174 48 Thirty
1844 1648 161 48 copies
2036 1658 84 31 are

120 1704 2001 49 printed on Arnold hand-made paper and signed by the author … Copies
120 1773 101 32 nos.
249 1764 23 39 1
303 1765 49 38 to
379 1762 26 41 5
430 1772 84 30 are
543 1763 84 39 not
656 1762 169 48 placed
855 1772 59 30 on
944 1762 114 41 sale.
1119 1762 118 40 This
1264 1761 42 41 is
1333 1771 117 38 copy
1480 1772 74 29 no.
1587 1760 189 50 Special
1804 1761 79 40 for
1912 1761 209 48 Library

121 1815 1191 55 of Congress #1 [Signed] Joseph D. Vehling.”
192 1876 321 49 “Apiciana”:
546 1887 42 38 p.
626 1876 249 51 [251]-273.

120 1945 52 53 ©
201 1950 111 40 Dec.
344 1948 69 49 15,
444 1947 140 48 1936;
617 1948 66 39 2c.
716 1950 112 38 Dec.
859 1947 82 47 24;
976 1948 82 40 aff.
1090 1949 110 38 Dec.
1232 1945 83 49 23;
1349 1948 39 37 A
1421 1945 198 48 102053;
1654 1946 182 48 Joseph
1867 1948 255 38 Dommers

190 2005 220 47 Vehling,
441 2005 222 46 Chicago.
732 2004 252 48 (37-1297)

116 2109 240 62 Arnold,
384 2109 303 53 Thurman
714 2106 251 66 Wesley,
995 2113 169 50 1891-

187 2196 169 56 Cases
396 2198 112 53 and
550 2197 292 54 materials
880 2215 73 35 on
994 2196 182 70 trials,
1217 2195 328 71 judgments
1589 2195 113 54 and
1746 2195 253 70 appeals,
2040 2194 76 71 by

117 2273 1998 71 Thurman W. Arnold … and Fleming James, jr. … St. Paul,
114 2351 202 70 Minn.,
343 2354 159 54 West
530 2353 337 69 publishing
894 2371 98 50 co.,
1022 2355 150 50 1936.

186 2439 149 43 xxvii.
361 2439 86 41 869
474 2449 43 38 p.
577 2438 57 41 26
637 2441 45 21 cm
686 2470 8 8 .

117 2506 1800 54 © Nov. 18, 1936; 2c. and aff. Dec. 14; A 101359; West pub. co.
197 2566 251 50 (37-1215)

116 2671 374 54 Association
523 2672 63 52 of
619 2670 299 64 appraisal
950 2670 358 64 executives,
1345 2669 396 66 Washington,
1774 2671 71 52 D.
1881 2670 61 54 O.

185 2762 167 53 Basic
388 2760 306 55 standards
732 2758 65 54 of
835 2759 292 68 appraisal
1167 2757 249 69 practice
1456 2759 111 53 and
1609 2758 327 68 procedure,
1976 2757 137 53 with

114 2839 326 55 definitions
478 2837 65 55 of
582 2856 33 35 a
653 2838 240 53 selected
933 2837 100 53 list
1072 2836 63 54 of
1176 2837 291 68 appraisal
1507 2841 173 49 terms
1720 2837 110 52 and
1876 2837 133 53 code
2053 2834 62 54 of

114 2919 176 54 ethics
323 2918 93 53 for
447 2917 385 69 independent
863 2915 192 70 public
1087 2916 339 67 appraisers.
1494 2915 402 68 Washington,
1926 2916 70 51 D.
2035 2913 81 64 C.,

113 2997 360 55 Association
503 2994 65 55 of
596 2993 292 70 appraisal
920 2994 314 54 executives
1271 3027 14 34 [
1288 3000 19 22 c
1312 2996 152 65 1936]

182 3070 55 41 53
271 3082 41 37 p.
377 3070 56 40 23
436 3072 44 22 cm
485 3101 9 10 .

115 3137 53 54 ©
190 3143 110 38 Dec.
325 3139 70 44 19,
420 3138 139 47 1936;
587 3138 67 41 2c.
681 3138 94 39 and
801 3138 81 40 aff.
910 3139 111 39 Dec.
1047 3137 48 38 21;
1157 3137 40 39 A
1224 3135 198 47 102041;
1451 3134 306 41 Association
1786 3135 51 40 of
1864 3136 247 47 appraisal

187 3197 288 40 executives.
543 3193 253 49 (37-1063)

113 3302 405 60 Bachstroem,
548 3299 157 55 Rolf.

244 3392 47 52 Die
331 3391 358 66 grundlagen
726 3390 99 52 der
864 3387 382 54 funktechnik
1282 3387 100 53 für
1420 3386 107 53 den
1565 3387 275 67 Soldaten,
1876 3406 110 35 von
2027 3387 83 53 dr.

115 3470 139 51 Rolf
318 3469 382 52 Bachstroem.
776 3465 110 52 Mit
954 3464 398 68 abbildungen.
1430 3464 215 67 Berlin,
1709 3466 55 54 J.
1832 3464 280 69 Springer

138 3552 150 62 [1936]

187 3621 69 48 47,
289 3620 55 49 [1]
372 3630 43 37 p.
472 3618 179 46 diagrs.
707 3616 54 40 21
766 3619 44 22 cm
816 3650 8 7 .

116 3682 1846 56 © July 28. 1936; 1c. Dec. 15; A-Foreign 33888; Julius Springer.
114 3809 260 61 Barrett,
398 3808 203 53 James
624 3806 264 61 Francis,
916 3808 324 51 1888-1934.

111 3892 1973 138 This creature, man, by James Francis Barrett … Milwaukee. The Bruce publishing company [1936]
