2519 4377
1067 4020 65 52 57

105 379 243 63 Adams,
378 378 236 57 Orville.

173 454 291 54 Elements
490 454 63 54 of
575 453 191 54 Diesel
790 451 397 70 engineering;
1214 452 141 53 with
1379 452 287 67 questions
1690 451 112 52 and
1828 468 272 36 answers:

105 531 335 69 stationary,
481 530 236 70 marine,
758 529 363 69 automotive,
1162 528 363 68 locomotive;
1570 548 71 34 an

1681 529 176 68 easily
105 529 1974 134 understood
294 610 401 68 introductory
722 611 231 51 manual
982 608 95 54 for
1103 609 96 53 the
1227 609 249 66 student,
1502 607 307 68 mechanic,
1838 614 291 61 operator'

107 686 1994 71 and practical engineer suitable for home or school use … by
107 764 1996 70 Orville Adams … illustrated by over 250 engravings including
105 840 1995 73 many graphic charts and engine design drawings … New
107 922 177 65 York,
314 923 121 54 The
464 923 258 53 Norman
749 924 90 54 W.
870 922 226 70 Henley
1123 920 336 71 publishing
1489 940 98 49 co.,
1617 924 151 50 1936.

171 1012 82 39 xvi
280 1023 57 36 p.,
365 1012 24 37 1
439 1042 22 15 l.,
488 1011 85 40 478
601 1022 42 36 p.
672 1010 111 41 incl.
811 1011 165 45 front.,
1004 1010 142 47 illus.,
1177 1009 178 48 diagrs.
1414 1010 55 40 23½cm.

102 1078 2003 53 © Jan. 29, 1936; 2c. and aff. Jan. 31; A 91539; Norman W. Henley pub.
171 1149 65 30 co.
309 1138 249 49 (36-3081)

105 1241 363 65 Ainsworth,
495 1245 138 51 Mrs.
662 1242 211 52 Lillian
898 1243 79 54 M.

174 1317 241 55 Sonnets
449 1318 111 51 and
594 1319 297 68 vignettes,
922 1315 140 54 with
1094 1336 29 32 a
1158 1317 277 67 postlude,
1467 1317 74 67 by
1573 1314 216 54 Lillian
1821 1316 79 52 M.
106 1316 1976 133 Ainsworth.

364 1397 188 52 North
576 1395 366 69 Montpelier,
964 1396 116 66 Vt.,
1104 1394 243 54 Printed
1371 1395 76 68 by
1469 1395 91 53 W.
1586 1395 56 54 J.
1671 1394 203 55 Coates
1905 1428 12 34 [
1922 1401 18 21 c
1945 1398 135 49 1935]

176 1480 1917 52 6 p. l., 11-53 p., 1 l. 16½ cm . (Half-title: Driftwind chapbook. no. 4)
103 1551 1986 108 © Aug. 28. 1935; 2c. Jan. 15, 1936; aff. Jan. 18: A 90374: L. M. Ainsworth, Burlington, Vt. (36-3110)
104 1715 317 54 American
449 1715 213 53 kennel
691 1715 148 56 club.

175 1791 421 69 Non-sporting
631 1793 167 67 dogs;
833 1792 95 53 the
960 1792 198 55 breeds
1194 1794 114 52 and
1339 1792 304 53 standards
1676 1810 60 35 as
1770 1792 334 68 recognized

104 1868 76 69 by
204 1869 95 54 the
326 1870 307 53 American
659 1869 204 53 kennel
890 1870 154 67 club;
1076 1870 141 53 with
1244 1889 72 33 an
1342 1869 390 55 introduction
1759 1871 77 66 by
1866 1871 237 55 Charles

105 1948 1997 69 T. Inglee … majority of photographs by R. W. Tauskev. New
106 2027 179 67 York,
313 2027 69 55 G.
408 2028 78 53 H.
514 2028 181 66 Watt,
722 2027 126 68 inc.,
876 2031 151 51 1935.

175 2098 1030 50 x p., 2 l., 3-92 p. illus., plates. 23 cm .
176 2168 264 42 Published
467 2169 104 40 also
597 2180 56 30 as
679 2179 153 38 group
856 2170 78 40 six
960 2169 52 40 of
1037 2170 127 39 Pure
1190 2170 116 39 bred
1335 2171 131 46 dogs.
1527 2170 61 48 cf.
1615 2171 185 41 Introd.

177 2226 73 41 On
278 2236 167 31 cover:
478 2227 74 39 An
582 2226 172 43 official
785 2227 313 49 publication.

179 2284 262 48 “Glossary
470 2285 51 39 of
550 2285 241 40 technical
822 2287 150 38 terms
1001 2285 211 48 relating
1242 2288 52 38 to
1323 2286 129 47 dogs,
1484 2285 235 49 compiled
1750 2287 60 47 by
1840 2287 182 39 Vinton
2054 2289 49 39 P.

107 2341 233 40 Breese”:
369 2352 43 38 p.
448 2341 189 50 [65]-79.

177 2398 161 40 Blank
362 2408 147 38 pages
535 2399 80 39 for
644 2399 424 40 “Memorandum”
1107 2399 192 49 (81-92)

102 2465 2002 52 © Dec. 20. 1935; 2c. Jan. 25. 1936; aff. Jan. 27: A 91473: G. Howard
171 2527 149 46 Watt,
353 2527 89 39 inc.
513 2526 250 48 (36-3097)

175 2624 316 56 Pure-bred
524 2627 169 69 dogs;
727 2629 94 52 the
853 2628 198 55 breeds
1083 2630 113 52 and
1229 2630 304 53 standards
1568 2649 59 35 as
1659 2630 334 69 recognized
2030 2630 75 67 by

107 2702 94 53 the
227 2704 307 54 American
560 2707 204 51 kennel
791 2706 155 65 club;
979 2706 141 55 with
1149 2726 72 34 an
1246 2706 391 55 introduction
1663 2709 76 67 by
1771 2709 237 55 Charles
2038 2710 64 51 T.

105 2780 1997 75 Inglee … 105 illustrations, majority of photographs by R. W.
106 2860 276 69 Tauskey.
458 2861 139 54 New
628 2863 182 65 York,
840 2863 68 56 G.
938 2864 77 53 H.
1044 2864 179 68 Watt,
1251 2864 125 69 inc.,
1407 2869 151 50 1935.

176 2933 96 49 xvi,
302 2934 86 41 640
416 2945 43 37 p.
519 2935 144 49 illus.,
694 2938 171 47 plates.
924 2937 55 40 23
984 2939 43 22 cm
1032 2969 10 9 .

176 3004 134 40 Each
338 3015 153 38 group
516 3006 104 40 also
650 3006 257 49 published
936 3009 289 47 separately.

179 3061 102 40 “An
310 3062 171 41 official
512 3063 537 47 publication.”—Pref.

177 3118 214 40 “Second
424 3119 475 42 edition.”—Introd.

181 3173 261 50 “Glossary
470 3175 52 40 of
551 3176 241 40 technical
823 3180 149 38 terms
1003 3179 212 49 relating
1242 3183 49 37 to
1322 3181 129 47 dogs,
1481 3182 237 47 compiled
1746 3183 60 47 by
1838 3183 180 39 Vinton
2054 3185 49 39 P.

108 3229 233 43 Breese”:
373 3242 44 38 p.
465 3232 235 50 [627]-640.

449 3306 1657 54 CONTENTS. — group I. Sporting dogs. — group II. Sporting dogs
112 3357 257 49 (hounds).
386 3383 57 5 —
463 3370 160 39 group
716 3392 11 9 III.
757 3363 235 49 Working
1021 3365 129 47 dogs.
1169 3388 60 5 —
1245 3375 160 40 group
1435 3373 72 34 IV.
1536 3367 235 42 Terriers.
1787 3390 60 6 —
1864 3378 160 40 group
2055 3374 51 34 V.

103 3415 364 52 Toys.—group
495 3424 73 33 VI.
596 3420 363 48 Non-sporting.

104 3482 2002 60 © Dec. 20, 1935; 2c.. Jan. 25, 1936; aff. Jan. 27; A 91477; G. Howard
173 3545 148 48 Watt,
355 3546 88 40 inc.
517 3547 251 47 (36-3096)

181 3642 278 73 Sporting
497 3649 168 67 dogs;
705 3651 95 51 the
835 3650 198 54 breeds
1070 3655 113 51 and
1220 3654 305 54 standards
1563 3674 60 35 as
1659 3654 333 70 recognized
2030 3655 74 67 by

110 3721 92 53 the
239 3723 305 54 American
583 3727 204 52 kennel
829 3728 155 64 club;
1028 3728 139 55 with
1210 3748 72 35 an
1322 3731 390 55 introduction
1750 3734 77 64 by
1868 3734 236 54 Charles

108 3798 1997 82 T. Inglee … majority of photographs by R. W. Tauskey. New
109 3877 177 66 York,
315 3879 67 55 G.
413 3881 75 53 H.
518 3883 181 65 Watt,
727 3884 126 66 inc.,
885 3889 149 49 1935.

177 3961 45 36 x,
253 3951 83 40 117
367 3963 42 36 p.
468 3952 143 48 illus.,
644 3956 170 47 plates.
876 3957 55 39 23
935 3959 42 21 cm
983 3989 9 9 .
