2519 4377
1354 4125 133 48 1350

401 435 240 62 Gibson,
668 433 356 54 Katharine.

475 523 120 52 The
626 523 110 52 oak
765 529 118 46 tree
914 524 192 65 house,
1138 524 73 68 by
1243 524 326 52 Katharine
1604 524 247 68 Gibson;
1886 524 141 52 with
2063 524 248 68 pictures
2345 523 74 69 by

407 601 147 53 Vera
594 602 176 52 Bock.
842 602 141 52 New
1022 602 182 54 York.
1241 603 273 55 Toronto.
1553 603 348 68 Longmans.
1942 602 189 55 Green
2170 603 114 52 and
2323 620 99 49 co.,

407 682 149 51 1936.

473 752 98 50 127,
603 755 56 49 [1]
687 764 43 37 p.
758 752 110 42 incl.
896 753 164 46 front.,
1089 754 144 41 illus..
1260 754 172 48 plates.
1494 754 56 41 19½
1584 756 45 22 cm
1632 787 9 7 .

477 811 289 41 Illustrated
799 811 364 48 lining-papers.

477 868 163 40 “First
670 868 230 41 edition.”

403 937 53 53 ©
485 941 129 48 Sept.
641 941 71 41 15.
740 940 142 43 1936:
912 941 67 41 2c.
1009 941 96 40 and
1133 941 81 42 aff.
1246 942 129 48 Sept.
1402 941 82 44 22;
1514 943 42 39 A
1582 940 172 50 98559;
1784 943 292 44 Longmans.
2106 943 156 41 Green
2291 942 37 41 &
2357 951 68 33 co.

483 999 284 48 (36-27428)

403 1102 241 65 Gipson,
673 1104 319 53 Lawrence
1021 1105 226 64 Henry,
1282 1111 172 49 1880-

476 1194 122 53 The
639 1193 228 53 British
908 1193 218 69 empire
1167 1193 199 54 before
1407 1194 98 53 the
1546 1192 309 54 American
1900 1193 352 52 revolution:
407 1212 1993 112 provincial
650 1271 456 54 characteristics
1141 1272 114 52 and

406 1270 1995 149 sectional tendencies in the era preceding the American crisis … by Lawrence Henry Gipson …
406 1428 298 57 Caldwell,
737 1429 109 52 Id..
877 1429 122 52 The
1036 1427 225 55 Caxton
1295 1429 271 66 printers,
1599 1428 124 66 ltd.,
1758 1431 150 51 1936.

475 1499 25 40 3
529 1511 44 29 v.
635 1509 141 39 maps
806 1499 136 48 (part
971 1499 145 47 fold.)
1185 1499 57 41 23½
1275 1503 45 21 cm
1325 1533 9 8 .

474 1556 421 49 Bibliographical
928 1557 280 41 foot-notes.

842 1646 11 10 CONTENTS.—I.
894 1615 151 41 Great
1082 1616 198 39 Britain
1319 1617 96 39 and
1456 1617 331 40 Ireland.—II.
1825 1618 102 38 The
1966 1618 234 39 southern
405 1617 2002 95 plantations.—III.
716 1673 103 39 The
846 1673 237 39 northern
1111 1672 318 49 plantations.

406 1741 54 53 ©
500 1746 128 48 Sept.
670 1746 72 41 15.
779 1745 143 47 1936;
961 1746 69 40 2c.
1068 1745 121 40 each
1229 1746 129 48 Sept.
1397 1746 83 41 28:
1522 1746 82 40 aff.
1647 1747 129 47 Sept.
1815 1747 84 41 23:
1940 1749 44 37 A
2023 1746 171 42 99025:
2238 1746 191 41 Caxton

474 1803 233 48 printers,
732 1803 86 41 ltd.
884 1803 283 48 (36-20870)

406 1908 231 64 Glover,
663 1908 208 54 Waldo
895 1909 64 56 F.

539 1984 1885 70 … Abraham Lincoln and the sleeping sentinel of Vermont:
404 2064 329 53 illustrated
758 2064 142 54 with
926 2083 32 34 a
983 2065 473 68 daguerreotype,
1482 2066 348 66 documents,
1856 2067 113 51 and
405 2065 2000 147 wood-engravings
575 2142 64 54 of
678 2144 99 52 the
816 2143 218 68 period.
1110 2142 369 70 Montpelier,

1520 2144 121 53 The
1681 2146 280 51 Vermont
2006 2145 296 52 historical
405 2162 1997 131 society,
603 2227 153 51 1936.

481 2300 85 37 114
600 2308 44 37 p.
706 2297 137 39 front.
886 2296 174 49 (port.)
1104 2296 129 41 illus.
1263 2295 136 48 (incl.
1432 2295 244 50 facsims.)
1746 2297 148 41 19½cm.

479 2356 64 41 At
569 2356 128 40 head
724 2354 53 41 of
802 2354 137 42 title:
969 2356 75 47 By
1072 2356 175 41 Waldo
1274 2355 52 40 F.
1354 2354 192 42 Glover.

407 2424 53 54 ©
487 2429 110 40 Jan.
624 2428 70 41 20.
722 2426 141 48 1936;
892 2426 68 41 2c.
990 2427 129 47 Sept.
1146 2427 82 47 15;
1258 2426 83 42 aff.
1372 2427 128 47 Sept.
1527 2428 83 45 14;
1639 2427 42 39 A
1706 2425 173 43 98413;
1911 2427 235 39 Vermont
2172 2423 260 43 historical

478 2495 94 32 soc.
643 2484 285 50 (36-20855)

408 2588 214 64 Goode,
649 2588 282 53 Kenneth
959 2587 408 63 Mackarness,
1398 2593 173 49 1880-

487 2662 446 70 Showmanship
988 2663 61 53 in
1106 2663 256 54 business
1441 2662 94 70 [by]
1594 2663 273 52 Kenneth
1920 2662 82 53 M.
2060 2661 196 55 Goode
2314 2660 112 54 and

411 2742 77 53 M.
518 2743 157 52 Zenn
702 2741 321 54 Kaufman.
1090 2743 141 52 New
1261 2742 165 52 York
1453 2742 116 52 and
1600 2742 261 68 London,
1891 2741 236 68 Harper
2159 2743 48 50 &
408 2740 1997 148 brothers,
543 2824 151 50 1936.

479 2895 52 39 xi
553 2906 59 37 p.,
638 2895 27 39 1
728 2928 7 10 l..
763 2894 86 42 218
874 2905 44 38 p.
979 2893 56 42 22
1039 2897 45 22 cm
1088 2928 9 9 .

482 2953 164 40 “First
675 2952 229 41 edition.”

410 3021 53 52 ©
498 3025 128 48 Sept.
660 3027 68 39 17.
762 3025 142 41 1936:
941 3025 67 41 2c.
1045 3026 129 47 Sept.
1206 3025 82 39 16:
1324 3024 83 41 aff.
1444 3025 129 48 Sept.
1605 3023 83 42 19:
1723 3025 42 38 A
1796 3024 172 48 98483;
2005 3025 198 48 Harper
2236 3024 37 41 &
2303 3024 127 39 bros.

491 3082 284 48 (36-20824)

412 3185 175 64 Grey,
617 3187 176 62 Zane,
826 3191 172 50 1872-

481 3263 120 54 The
636 3263 111 53 lost
780 3281 203 51 wagon
1018 3262 173 67 train,
1222 3263 74 68 by
1330 3264 149 51 Zane
1514 3263 172 68 Grey.
1762 3264 139 52 New
1936 3264 166 52 York
2134 3263 114 53 and
410 3264 1995 132 London.
573 3343 237 67 Harper
839 3346 45 50 &
915 3342 279 68 brothers,
1229 3346 151 51 1936.

483 3417 25 40 3
539 3428 41 36 p.
647 3448 8 9 l..
683 3415 84 41 401
799 3426 43 37 p.
934 3415 25 40 19½
992 3419 43 20 cm
1042 3448 8 8 .

485 3474 162 41 “First
681 3472 230 42 edition.”

413 3540 52 54 ©
500 3546 102 40 Oct.
638 3547 40 45 1,
711 3543 142 43 1936:
890 3543 67 42 2c.
995 3545 128 48 Sept.
1158 3543 57 42 30;
1278 3543 81 41 aff.
1396 3545 102 40 Oct.
1533 3545 53 40 3:
1625 3545 41 38 A
1700 3542 172 49 98778;
1911 3543 45 39 Z.
1996 3542 140 51 Grey,
2173 3540 257 50 Altadena,

483 3602 147 42 Calif.
702 3601 282 48 (36-20995)

413 3706 200 63 Gross,
640 3706 272 54 Michael.

484 3775 1941 75 Dealer display advertising, by Michael Gross … New
424 3858 1361 69 York. The Ronald press company [ c 1936]
486 3942 38 33 V.
554 3932 86 40 182
670 3943 43 37 p.
774 3931 56 40 22
835 3935 43 20 cm
883 3964 8 8 .

413 4000 52 52 ©
497 4004 129 48 Sept.
656 4005 72 42 22,
759 4003 118 42 1936;
932 4004 68 41 2c.
1033 4004 98 39 and
1162 4004 81 39 aff.
1278 4005 128 46 Sept.
1436 4003 83 47 25;
1552 4004 41 38 A
1622 4001 172 44 97965;
1830 4001 191 41 Ronald
2051 4010 139 39 press
2220 4009 67 30 co.

493 4061 283 47 (36-20979)
