2519 4377
1279 4145 100 50 990

341 438 333 67 Ramstein,
702 439 310 67 Matthew,
1041 440 213 66 father,
1284 440 172 56 1897-

413 517 124 53 The
561 522 198 64 pastor
787 518 113 52 and
925 514 291 72 marriage
1240 536 179 50 cases;
1449 518 96 54 the
1571 519 363 69 celebration,
1962 520 398 70 adjudication

342 597 114 53 and
497 596 343 54 dissolution
881 595 64 54 of
985 596 306 70 marriage,
1331 597 76 69 by
1449 597 138 54 Rev.
1630 598 281 54 Matthew
1952 599 299 55 Ramstein
342 675 140 53 …New
515 675 182 68 York,
733 674 331 56 Cincinnati
1123 679 120 64 [etc.]

1283 675 286 71 Benziger
1595 676 280 69 brothers,
1913 681 152 51 1936.

411 750 101 49 viii,
540 750 86 42 228
654 761 45 38 p.
754 749 57 41 20½
843 752 46 22 cm
893 782 10 9 .

343 817 53 53 ©
422 823 122 38 Mar.
572 822 69 46 14,
669 820 141 48 1936;
838 821 67 40 2c.
935 820 97 40 and
1059 821 81 41 aff.
1169 821 116 47 July
1311 822 53 46 3;
1393 822 40 39 A
1460 821 172 48 96293;
1663 821 237 50 Benziger
1924 823 242 41 brothers.

423 877 283 49 (36-16911)

340 983 239 66 Ridout,
608 983 211 53 Daniel
847 983 251 65 Lyman.

410 1059 56 54 A
505 1079 196 51 young
737 1077 134 36 man
911 1065 186 51 enters
1133 1060 97 55 the
1267 1059 288 71 ministry,
1592 1061 76 69 by
1704 1061 211 54 Daniel
1953 1062 228 70 Lyman
341 1064 1993 129 Ridout.

522 1139 1603 70 Boston, The Christopher publishing house [ c 1936]
411 1214 57 41 76
499 1226 43 38 p.
604 1213 58 42 20½
695 1216 45 22 cm
743 1245 10 10 .

342 1280 53 54 ©
426 1285 127 39 June
582 1284 70 43 24,
686 1284 118 41 1936
820 1295 7 35 ;
862 1284 67 40 2c.
962 1285 118 47 July
1111 1285 55 40 13
1184 1296 9 36 ;
1229 1285 82 40 aff.
1345 1285 118 47 July
1497 1285 59 40 16
1571 1296 8 36 ;
1614 1286 40 39 A
1687 1286 148 40 96505
1850 1297 8 37 ;
1896 1286 321 49 Christopher
2249 1288 110 47 pub.

409 1341 165 41 house.
643 1341 282 49 (36-16887)

339 1445 418 65 Rittenhouse,
786 1446 247 55 Charles
1059 1447 231 62 Forest,
1319 1452 172 51 1880-

411 1524 299 53 Teachers’
749 1523 310 54 handbook
1098 1524 114 53 and
1251 1524 112 69 key
1399 1529 59 49 to
1502 1523 343 56 Secretarial
1886 1524 360 71 accounting,
2285 1525 76 69 by

340 1602 2017 58 Charles F. Rittenhouse … and Harold J. Smith … New
342 1683 2011 72 York and London, McGraw-Hill book company, inc. [ c 1936]
410 1760 24 38 1
461 1771 44 37 p.
534 1760 44 48 l.,
607 1758 90 42 105
721 1769 43 39 p.
819 1758 56 41 23
878 1761 45 21 cm
929 1791 9 9 .

341 1812 53 53 ©
423 1816 115 48 July
567 1817 69 44 14,
667 1815 142 47 1936;
840 1815 68 41 2c.
938 1816 116 47 July
1085 1817 83 46 22;
1201 1816 82 40 aff.
1315 1816 116 47 July
1460 1817 82 47 18;
1575 1817 40 39 A
1645 1816 171 48 97100;
1852 1817 354 40 McGraw-Hill
2236 1818 125 40 book

408 1883 83 39 co.,
518 1873 90 40 inc.
677 1872 282 49 (36-16913)

337 1978 278 65 Robison,
642 1981 140 52 Mrs.
811 1977 221 66 Sophia
1062 1978 258 66 (Moses)

410 2055 124 55 Can
567 2055 378 70 delinquency
976 2055 71 53 be
1076 2054 332 54 measured?
1485 2056 90 68 By
1613 2053 219 71 Sophia
1865 2056 189 54 Moses
2087 2055 270 54 Robison.

339 2134 140 54 New
507 2134 183 69 York,
718 2134 144 54 Pub.
894 2134 94 54 for
1017 2135 99 52 the
1141 2133 263 56 Welfare
1431 2133 223 55 council
1679 2133 66 54 of
1774 2134 141 54 New
1944 2135 166 53 York
2137 2134 117 70 city
2281 2133 77 72 by

340 2214 302 56 Columbia
675 2214 323 70 university
1028 2233 176 51 press,
1238 2216 151 51 1936.

411 2291 132 48 xxvi,
572 2290 86 42 277
688 2302 43 38 p.
762 2289 111 42 incl.
905 2291 171 41 tables.
1135 2290 56 39 22½
1225 2292 43 21 cm
1274 2322 8 8 .
1352 2289 301 49 (Half-title:
1687 2290 198 42 Studies
1914 2290 52 41 of
1999 2291 83 41 the
2112 2291 247 42 Research

338 2348 186 40 bureau
554 2348 52 40 of
635 2349 88 39 the
748 2347 221 41 Welfare
997 2347 204 41 council,
1258 2358 75 29 no.
1366 2346 80 48 12)

338 2402 52 53 ©
422 2406 116 47 July
570 2406 68 48 13,
674 2404 141 48 1936;
849 2405 68 41 2c.
950 2404 97 40 and
1081 2405 81 40 aff.
1197 2404 116 47 July
1349 2405 81 45 15;
1465 2404 43 39 A
1539 2403 171 48 97049;
1748 2403 256 42 Columbia
2038 2404 130 41 univ.
2203 2415 150 37 press.

417 2462 282 48 (36-16909)

337 2565 329 67 Salisbury,
696 2566 255 53 Edward
980 2565 222 66 James,
1235 2570 172 50 1886-

408 2644 121 52 The
563 2643 189 70 living
784 2643 217 70 garden
1019 2661 11 49 ;
1068 2661 81 49 or,
1183 2642 123 53 The
1335 2642 129 53 how
1497 2643 46 51 &
1576 2641 136 69 why
1743 2640 64 54 of
1840 2642 220 69 garden
2094 2640 105 55 life
2241 2641 110 69 [by]

339 2721 2018 70 E. J. Salisbury … New York, The Macmillan company,
342 2805 149 51 1936.

411 2875 1124 51 xi, 338 p. illus., XVII pl. (1 fold.) 22 cm .
406 2936 291 40 Illustrated
728 2933 341 50 lining-paper.

339 2988 53 53 ©
421 2993 116 47 July
566 2993 70 46 21,
667 2991 114 41 1936
800 3002 8 36 ;
841 2992 68 39 2c.
940 2991 97 39 and
1066 2991 82 41 aff.
1181 2991 117 47 July
1327 2990 55 39 22
1401 3001 8 36 ;
1443 2991 40 39 A
1513 2990 145 41 97107
1676 3001 9 36 ;
1719 2989 283 41 Macmillan
2034 3000 68 31 co.

419 3049 282 47 (36-16919)

337 3154 200 64 Seton,
565 3155 221 52 Ernest
810 3153 359 62 Thompson,
1198 3155 172 50 1860-
1584 3168 180 50 comp.

408 3232 122 53 The
568 3233 198 67 gospel
806 3230 63 53 of
906 3229 96 54 the
1041 3229 100 54 red
1179 3247 162 48 man;
1384 3248 72 34 an
1493 3227 215 54 Indian
1746 3227 169 68 bible,
1955 3228 281 69 compiled
2276 3228 75 68 by

339 3310 212 53 Ernest
595 3309 333 68 Thompson
978 3307 192 56 Seton.
1253 3306 234 56 Garden
1534 3305 155 70 City,
1734 3306 71 54 N.
1855 3306 91 68 Y.,
1994 3306 358 69 Doubleday,

338 3388 198 54 Doran
566 3390 45 51 &
641 3403 299 52 company,
969 3383 127 71 inc.,
1126 3388 152 51 1936.

410 3462 70 41 xii
504 3473 60 38 p.,
592 3462 26 39 1
680 3493 8 15 l.,
716 3461 85 40 121
827 3472 44 38 p.
925 3459 57 42 20
986 3462 44 22 cm
1034 3492 10 10 .

411 3519 162 42 “First
608 3518 231 43 edition.”

412 3575 189 43 “Books
628 3577 62 48 by
719 3576 178 41 Ernest
924 3575 277 49 Thompson
1230 3573 175 43 Seton”:
1462 3585 44 38 p.
1536 3573 218 42 119-121.

337 3631 53 53 ©
420 3635 116 47 July
567 3635 68 46 10,
667 3633 141 46 1936;
840 3634 66 40 2c.
938 3633 97 39 and
1066 3633 81 39 aff.
1182 3633 115 46 July
1327 3633 82 46 16;
1442 3633 40 38 A
1513 3631 171 48 97059;
1719 3632 53 40 E.
1804 3631 52 40 T.
1891 3632 159 48 Seton,
2087 3632 150 39 Santa
2269 3629 79 49 Fe,

409 3693 55 38 N.
491 3694 61 38 M.
617 3691 283 48 (36-16895)

337 3795 215 65 Smith,
581 3794 226 54 Minnie
832 3793 233 63 Louise,
1097 3798 170 50 1863-

412 3866 1874 73 Smith’s First year Latin ; revised by Harold G. Thompson …
341 3951 233 64 Boston,
605 3949 141 53 New
781 3948 161 53 York
996 3953 122 63 [etc.]
1154 3947 181 69 Allyn
1368 3946 113 54 and
1512 3947 196 53 Bacon
1744 3979 12 34 [
1760 3952 19 22 c
1784 3948 153 64 1936]

412 4023 117 49 xvii,
573 4023 71 50 [3],
685 4023 99 49 408,
826 4022 58 42 90
921 4034 43 37 p.
1032 4023 87 41 col.
1160 4021 164 49 front.,
1363 4021 143 47 illus.,
1547 4022 86 41 col.
1672 4021 173 49 plates,
1885 4028 138 41 maps
2053 4018 48 49 (1
2141 4017 197 48 double)

338 4079 57 43 19½c
443 4083 29 21 m
475 4113 9 9 .
