2519 4377
1319 4147 103 51 412

368 461 199 66 Otero,
594 460 223 66 Miguel
846 461 279 65 Antonio,
1156 467 171 50 1859-

439 550 104 68 My
572 551 107 54 life
708 570 73 34 on
811 552 96 53 the
936 550 263 69 frontier,
1232 553 337 68 1864-1882;
1604 551 282 54 incidents
1915 552 115 53 and
2061 553 320 53 characters

369 629 64 52 of
466 629 95 53 the
597 630 202 67 period
833 630 165 52 when
1032 630 246 68 Kansas,
1315 629 302 68 Colorado,
1654 630 113 52 and
1801 631 140 53 New
1975 629 224 55 Mexico
2236 650 147 35 were

370 707 236 68 passing
634 708 255 67 through
920 708 97 53 the
1048 708 115 52 last
1191 707 63 52 of
1284 708 152 53 their
1467 708 139 53 wild
1638 708 114 52 and
1783 708 282 54 romantic
2095 727 181 50 years,
2304 709 76 69 by

368 783 2011 72 Miguel Antonio Otero … Illustrated by Will Shuster. New
372 862 179 68 York,
584 864 126 52 The
738 862 168 54 Press
937 862 64 54 of
1033 864 95 52 the
1161 862 278 70 pioneers,
1471 864 421 69 incorporated,
1926 868 151 52 1935.

438 934 28 42 7
491 944 44 39 p.
596 966 9 17 l.,
632 933 87 42 293
746 945 42 39 p.
849 934 165 49 front.,
1043 935 171 49 plates,
1243 938 148 46 ports.
1452 936 56 42 23½
1541 939 43 21 cm
1590 971 8 9 .

440 991 1939 53 “Of this limited edition … seven hundred and fifty copies have been
368 1049 1871 53 printed, and … signed by Miguel A. Otero. This copy is no. 269.”
369 1119 1830 55 © Nov. 10, 1935; 2c. Jan. 24, 1936; aff. Jan. 23; A 92888; Rufus
441 1128 1923 94 Rockwell
576 1181 202 48 Wilson,
806 1181 106 48 inc.,
938 1182 119 39 New
1083 1181 144 39 York.
1300 1181 251 48 (36-8666)

367 1283 215 55 Pacific
632 1288 274 64 reporter.
997 1284 220 55 Second
1269 1286 186 54 series.
1544 1285 168 55 Cases
1767 1288 215 66 argued
2035 1289 112 51 and
437 1289 1919 127 determined
654 1365 61 51 in
741 1364 97 52 the
864 1369 188 48 courts
1081 1365 63 52 of
1170 1363 273 58 Arizona,
1472 1363 344 68 California,
1848 1366 302 66 Colorado,
2177 1367 204 65 Idaho,

438 1443 245 65 Kansas,
710 1443 297 64 Montana,
1036 1442 255 57 Nevada,
1320 1444 139 51 New
1488 1442 242 67 Mexico,
1759 1443 342 67 Oklahoma,
2133 1443 247 68 Oregon,

438 1520 178 66 Utah,
658 1521 406 65 Washington,
1103 1520 329 67 Wyoming.
1509 1521 162 54 With
1714 1521 108 67 key
1863 1522 238 52 number
437 1527 1918 125 annotations.
695 1598 225 53 volume
976 1602 66 50 50
1076 1597 126 67 (2d)
1306 1598 686 68 November-December,
2051 1604 149 50 1935.
2297 1600 81 56 St.

437 1678 166 65 Paul,
627 1678 161 54 West
815 1676 337 67 publishing
1177 1695 97 47 co.,
1304 1680 150 51 1936.

436 1750 97 48 xvi,
562 1750 119 40 1256
705 1761 42 37 p.
808 1749 147 41 26½cm.

368 1816 1874 53 © Feb. 28. 1936; 2c. Mar. 23; aff. Mar. 21; A 92513; West pub. co.
367 1938 339 66 Phillpotts,
739 1940 184 63 Eden,
956 1944 172 50 1862-

439 2032 122 52 The
589 2030 109 53 owl
728 2030 64 52 of
821 2030 243 66 Athene,
1091 2030 75 67 by
1198 2029 163 52 Eden
1393 2028 332 69 Phillpotts.
1801 2029 261 68 London,
367 2029 1987 133 Hutchinson
516 2110 46 50 &

609 2127 99 49 co.,
753 2108 103 53 ltd.
932 2109 152 66 [1936]

439 2180 98 48 198,
572 2181 56 49 [1]
659 2191 43 38 p.
763 2179 58 41 19
822 2182 44 21 cm
871 2212 9 9 .

368 2250 2000 109 © 1c. Apr. 16, 1936; A ad int. 21318: pubd. Feb. 20; E. Phillpotts, Exeter,
554 2313 183 46 Devon,
765 2312 238 47 England.
1077 2309 252 50 (36-9388)

370 2417 52 51 A
452 2414 275 66 pictorial
757 2420 131 48 tour
920 2414 62 53 of
1017 2413 287 56 Southern
1339 2413 354 68 California;
1728 2415 171 67 being
1932 2434 30 34 a
1997 2416 170 52 series
2200 2414 63 53 of
440 2431 1916 130 reproductions
848 2492 155 53 from
1036 2491 397 69 photographs
1469 2491 63 52 of
1567 2489 288 71 principal
1890 2498 159 62 spots
2083 2491 63 54 of
2180 2491 200 67 scenic,

439 2573 281 52 romantic
753 2571 113 53 and
896 2571 238 53 historic
1166 2570 238 53 interest
1431 2569 60 53 in
1527 2569 287 55 Southern
1847 2569 345 56 California.
2263 2569 114 56 San

438 2650 326 66 Francisco,
796 2649 210 55 Sunset
1032 2667 175 52 press,
1236 2655 18 22 c
1260 2651 151 51 1936.

443 2723 85 51 [48]
560 2735 43 38 p.
636 2723 52 42 of
717 2723 129 42 illus.
904 2722 56 41 31
964 2725 46 22 cm
1012 2756 10 10 .

368 2791 52 53 ©
448 2796 114 47 Apr.
589 2795 41 47 3,
660 2794 141 42 1936:
831 2795 66 39 2c.
927 2795 114 47 Apr.
1068 2793 81 48 10;
1182 2792 82 43 aff.
1294 2794 113 47 Apr.
1437 2792 82 47 11;
1551 2794 40 38 A
1619 2792 172 48 93628;
1827 2794 178 39 Sunset
2033 2803 150 38 press.

449 2852 252 47 (36-8640)

368 2957 544 65 Portré-Bobinski,
941 2957 334 55 Germaine.

441 3048 424 67 Natchitoches,
904 3047 97 52 the
1041 3046 327 69 up-to-date
1409 3046 185 53 oldest
1634 3051 153 48 town
1832 3047 59 52 in
1933 3045 329 67 Louisiana,
2304 3045 74 68 by

370 3123 1947 58 Germaine Portré-Bobinski … and Clara Mildred Smith …
372 3202 1643 71 New Orleans, La., Dameron-Pierson co., ltd. [ c 1936]
441 3276 1935 52 v p., 5 l., 238 p., 1 l. incl. front., illus., plates, maps (part fold.) plans,
369 3336 229 48 facsims.,
627 3336 121 41 fold,
776 3336 184 48 geneal.
990 3336 98 41 tab.
1145 3335 57 39 24
1205 3337 44 21 cm
1253 3367 9 9 .

441 3394 378 48 Bibliography:
851 3404 44 39 p.
926 3391 219 43 220-222.

441 3451 317 49 Advertising
784 3451 182 40 matter:
1026 3461 44 38 p.
1101 3448 217 42 225-238.

369 3505 53 54 ©
446 3511 120 39 Mar.
592 3510 69 48 11,
686 3508 140 49 1936;
854 3508 66 42 2c.
946 3510 95 39 and
1066 3507 82 43 aff.
1174 3508 113 48 Apr.
1313 3506 25 41 6;
1391 3507 39 39 A
1454 3505 144 43 92794;
1654 3505 53 42 G.
1734 3504 442 49 Portré-Bobinski,
440 3505 1920 112 Natchitoches,
663 3568 83 39 La.
818 3565 252 50 (36-8644)
2170 3561 118 42 2637

369 3671 222 65 Prinet,
619 3670 164 54 René
810 3669 282 68 Français
1118 3669 240 63 Xavier,
1391 3674 170 50 1861-

505 3756 1873 72 … Initiation à la peinture, par René X. Prinet … 24
374 3840 267 67 planches
682 3838 386 53 commentées.
1144 3836 185 67 Paris,
1370 3836 67 53 R.
1479 3836 231 52 Ducher
1755 3868 12 34 [
1772 3841 18 21 c
1797 3837 129 49 1935
1934 3868 12 33 ]

370 3905 1985 109 191, [1] p. xxiv pl. (inch ports.) 19! cm . (Collection “Manuels d’initiation”)
370 4023 1785 53 © Oct. 9, 1935; 1c. Feb. 17, 1936; A-Foreign 30560: R. Ducher.
451 4084 252 48 (36-9072)
