2519 4377
1299 4161 133 52 1638

351 470 123 54 The
503 471 450 65 Encyclopaedia
979 471 356 58 britannica.

424 561 122 54 The
584 579 264 37 romance
885 563 66 54 of
989 563 243 55 Chinese
1271 570 107 62 art,
1412 564 75 69 by
1524 564 97 54 the
1659 564 304 71 following
2000 567 368 54 authorities:

351 640 1955 73 R. L. Hobson, Laurence Binyon, Oswald Sirén [and others] …
352 718 235 56 Garden
625 718 155 71 City,
818 721 70 53 N.
927 721 91 68 Y.,
1058 720 235 56 Garden
1332 722 137 69 City
1505 722 339 69 publishing
1880 742 99 49 co.,
2015 723 108 55 inc.
2169 759 13 33 [
2186 731 18 21 c
2210 729 133 49 1936
2350 759 10 33 ]

424 817 77 36 xv,
545 805 88 42 192
678 816 44 39 p.
767 806 110 44 incl.
922 807 86 42 col.
1049 808 167 49 front.,
1261 808 144 49 illus.,
1451 809 170 50 tables,
1665 810 154 48 diagr.
1879 811 161 48 plates
2067 810 137 50 (part
2248 813 113 49 col.)

354 866 148 43 28½cm.

425 934 266 43 Published
722 936 118 49 also,
870 935 129 50 1932,
1030 936 156 42 under
1213 936 123 51 title,
1368 936 237 43 “Chinese
1634 939 106 47 art;
1773 949 28 30 a
1832 939 232 41 selection
2092 938 53 43 of
2172 939 197 43 articles

355 993 129 40 from
521 993 83 41 the
642 1004 109 30 new
786 994 114 41 14th
940 994 185 41 edition
1164 994 53 40 of
1254 995 83 40 the
1377 996 367 48 Encyclopaedia
1786 996 322 50 britannica”,
2146 998 121 41 with
2307 1010 62 30 an

355 1051 275 43 additional
656 1051 217 50 chapter,
904 1051 238 42 “Chinese
1168 1052 238 49 theatre”,
1430 1053 64 48 by
1516 1053 55 41 A.
1596 1053 54 40 A.
1678 1054 54 40 R.
1761 1054 176 42 Priest.

425 1108 423 50 Bibliographies:
878 1120 43 38 p.
949 1109 220 42 189-192.

354 1175 53 54 ©
438 1181 128 47 Sept.
600 1180 70 49 14,
701 1180 143 48 1936;
878 1180 67 40 2c.
980 1181 97 39 and
1108 1181 82 39 aff.
1225 1181 103 41 Oct.
1361 1180 82 47 24;
1478 1182 40 38 A
1551 1180 200 44 100371:
1788 1182 370 49 Encyclopaedia
423 1182 1932 105 britannica,

579 1236 108 53 inc.,
719 1237 228 49 Chicago.
1016 1236 285 52 (36-27492)

352 1343 224 53 Exeter
598 1343 172 55 book.

423 1433 1948 71 The Exeter book, edited by George Philip Krapp … and
353 1513 2019 72 Elliott Van Kirk Dobbie … New York, Columbia university
351 1612 176 49 press,
559 1595 153 52 1936.

422 1681 143 48 cxvii,
596 1679 89 42 382
714 1691 43 38 p.
832 1680 147 40 22½cm.
1064 1679 301 50 (Half-title:
1395 1680 104 42 The
1526 1681 155 50 Anglo
1716 1681 163 42 Saxon
1910 1681 159 50 poetic
2100 1684 210 48 records,
2341 1694 28 30 a
351 1737 250 42 collective
634 1737 198 42 edition,
963 1738 15 49 III)

426 1809 1945 43 “The text has been based on the … facsimile edition of the Exeter
354 1867 122 40 book
503 1865 258 50 published
790 1866 51 40 in
870 1866 129 49 1933,
1030 1865 121 42 with
1180 1866 84 42 the
1293 1865 339 50 introductory
1662 1866 227 49 chapters
1919 1866 63 49 by
2013 1867 116 40 Max
2158 1867 214 48 Forster,

354 1924 53 40 R.
435 1924 72 42 W.
537 1923 280 48 Chambers,
846 1924 98 40 and
972 1923 157 42 Robin
1160 1922 427 43 Flower.”—Pref.

424 1979 380 51 Bibliography:
837 1992 42 38 p.
917 1979 382 52 [lxxxixj-cxvii.

356 2047 55 53 ©
439 2051 118 40 Nov.
587 2050 40 50 2,
659 2050 142 50 1936;
833 2050 67 41 2c.
933 2050 96 41 and
1060 2050 82 41 aff.
1174 2051 119 41 Nov.
1325 2050 52 47 5;
1411 2051 39 38 A
1482 2049 173 48 99729;
1691 2049 252 41 Columbia
1977 2048 131 43 univ.
2139 2058 152 39 press.

436 2107 284 50 (36-30684)

354 2210 263 69 Fischer,
647 2213 163 67 Otto,
842 2217 174 53 1886-

426 2305 197 53 Kunst
661 2303 98 54 des
799 2303 226 54 Fernen
1066 2301 235 71 Ostens;
1344 2301 423 68 landscliaften,
1805 2301 251 69 blumen,
2094 2300 169 69 tiere;
2308 2303 64 49 15

357 2381 325 55 farbtafeln
732 2382 149 54 nach
930 2380 229 54 bildern
1211 2381 146 53 alter
1407 2378 378 56 chinesischer
1835 2379 121 53 und
2007 2377 367 71 japanischer

355 2460 255 68 meister;
653 2459 362 70 einführung
1054 2477 112 36 von
1206 2458 154 70 prof.
1403 2459 85 53 dr.
1534 2458 140 55 Otto
1717 2458 250 53 Fischer.
2043 2457 174 69 Bern,
2257 2455 116 55 Iris

356 2539 199 69 verlag
591 2573 13 34 [
609 2546 18 21 c
631 2541 135 51 1935
773 2573 12 34 ]

425 2622 1945 52 10 p., 1 l. xv col. pl. 35 cm . (Half-title: Iris bücher, hrsg. von H.
354 2681 241 48 Zbinden)

356 2751 1905 53 © Dec. 13,, 1935; 1c. July 17, 1936; A-Foreign 32587; Iris verlag.
437 2811 285 51 (36-30925)

356 2919 320 64 Fleischer,
702 2918 326 55 Nathaniel
1052 2919 58 55 S.

489 3008 1884 68 … Jack Dempsey, the idol of fistiana; an intimate narrative
357 3086 2017 68 with numerous illustrations, by Nat Fleischer … [New York
357 3168 133 66 city,
513 3170 168 51 Press
706 3167 64 53 of
795 3168 61 55 C.
882 3169 55 53 J.
963 3166 269 66 O’Brien,
1254 3168 127 65 inc.,
1404 3172 17 21 c
1428 3169 151 64 1936]

429 3264 44 38 x,
509 3252 85 40 157
627 3264 44 37 p.
734 3253 165 47 front.,
933 3252 144 49 illus.,
1112 3252 173 49 plates,
1320 3254 150 46 ports.
1535 3251 146 40 23½cm.
1758 3251 127 49 (The
1917 3251 129 48 Ring
2082 3251 204 41 athletic
358 3252 1999 106 library—book
725 3321 74 29 no.
833 3309 80 50 12)

431 3380 239 40 “Revised
704 3380 227 40 edition.”

360 3448 53 53 ©
439 3453 102 40 Oct.
567 3452 69 48 25,
664 3451 141 48 1936;
831 3451 68 41 2c.
926 3451 97 40 and
1050 3451 81 41 aff.
1162 3450 102 41 Oct.
1289 3449 83 49 30;
1402 3451 40 39 A
1468 3449 172 44 99658;
1669 3451 97 39 Nat
1795 3449 262 50 Fleischer,
2085 3451 118 38 New
2229 3449 143 39 York.

440 3508 285 50 (36-29864)

360 3614 288 66 Fleming,
675 3615 226 55 Walter
929 3614 318 65 Lynwood,
1280 3615 171 54 1874-

425 3690 312 54 Louisiana
759 3695 144 49 state
928 3690 337 68 university,
1294 3692 328 66 1860-1896,
1647 3689 75 69 by
1748 3689 222 54 Walter
1996 3688 64 54 L.
2087 3687 285 70 Fleming,

356 3787 97 36 ph.
484 3789 47 33 d.
600 3770 191 52 Baton
820 3769 219 69 Rouge,
1069 3766 311 55 Louisiana
1414 3771 143 50 state
1589 3767 320 69 university
1940 3785 177 51 press,
2149 3767 151 52 1936.

428 3867 44 38 x,
502 3856 85 42 499
615 3866 45 39 p.
720 3855 119 43 22cm.

430 3927 364 41 “Authorities”
823 3929 53 39 at
903 3928 94 40 end
1026 3926 53 42 of
1106 3927 119 41 each
1253 3926 215 48 chapter.

362 3996 55 53 ©
448 4001 127 38 June
609 3999 70 49 26,
715 3998 140 48 1936;
892 4000 66 38 2c.
998 4000 128 47 Sept.
1205 4010 8 31 8:
1253 3998 81 40 aff.
1371 3999 101 40 Oct.
1510 3998 82 47 29;
1632 3999 42 39 A
1706 3997 199 48 100248;
1943 3996 266 42 Louisiana
2247 3998 128 40 state

432 4056 146 49 univ.,
604 4058 160 38 Baton
791 4057 180 47 Rouge,
997 4057 81 38 La.
1144 4054 282 50 (36-30652)
