2519 4377
963 4120 132 49 1189

39 485 221 54 Punch,
336 505 50 34 v.
416 489 115 61 191,
558 505 86 34 no.
674 489 153 61 4966,
854 485 141 66 July
1021 488 84 63 22,
1133 488 148 49 1936.

42 567 1995 54 © 1c. Sept. 18, 1936; A ad int. 21843; pubd. July 22; Herbert Heather,
112 628 209 40 London.

40 788 325 63 Randolph,
394 788 215 62 Vance,
640 792 170 50 1892-

112 879 118 53 The
261 875 439 70 camp-meeting
728 877 275 65 murders,
1032 876 74 67 by
1134 877 190 52 Vance
1356 875 308 68 Randolph
1697 875 112 53 and
1838 876 200 66 Nancy

43 956 272 56 Clemens.
390 956 137 53 New
562 954 179 68 York,
772 955 120 53 The
925 954 315 68 Vanguard
1273 973 174 49 press,
1482 956 149 51 1936.

110 1045 26 40 5
165 1055 43 38 p.
269 1075 9 13 l.,
307 1043 142 40 3-301
479 1054 41 37 p.
582 1043 144 40 19½cm.

43 1111 52 53 ©
122 1115 114 47 July
263 1115 69 46 28,
359 1114 113 40 1936;
530 1114 65 38 2c.
626 1114 118 43 Aug.
772 1114 54 45 4;
857 1112 82 40 aff.
971 1112 119 47 Aug.
1120 1112 51 46 1;
1203 1112 40 38 A
1271 1110 170 48 97223;
1472 1111 267 47 Vanguard
1767 1120 150 39 press,
1946 1110 91 40 inc.

121 1170 278 51 (36-18973)

40 1333 176 63 Reed,
243 1334 258 53 Frances
524 1334 79 52 M.

175 1417 1863 73 … The government of the United States, by Frances M.
43 1496 1996 70 Reed … [and] Helen E. M. Jensen … [San Francisco, Press
42 1578 64 54 of
133 1578 250 69 Phillips
412 1581 46 50 &
482 1579 129 53 Van
641 1577 193 56 Orden
864 1595 97 49 co.,
990 1576 124 69 inc.,
1142 1583 19 22 c
1166 1578 151 65 1936]

115 1667 53 41 61
203 1677 43 39 p.
307 1666 56 41 23
366 1669 44 21 cm
415 1698 9 9 .

114 1737 65 40 At
203 1737 124 39 head
351 1736 51 40 of
426 1734 108 42 title:
592 1736 96 40 San
714 1733 259 43 Francisco
998 1734 161 50 public
1183 1735 202 48 schools,
1412 1734 173 41 Edwin
1610 1734 55 41 A.
1691 1735 106 48 Lee,
44 1736 1978 99 superintendent.

113 1848 263 43 Published
406 1850 102 40 also
537 1860 53 29 as
619 1850 112 47 part
760 1848 51 40 of
836 1849 81 39 the
945 1847 217 42 authors’
1189 1848 156 39 Know
1372 1859 121 37 your
1520 1851 327 45 government.

41 1916 53 54 ©
122 1922 121 39 Mar.
272 1920 68 49 10,
370 1919 112 41 1936;
540 1920 67 40 2c.
637 1919 95 39 and
764 1919 80 41 aff.
875 1920 122 38 Mar.
1025 1919 55 40 23;
1139 1919 42 39 A
1207 1918 146 41 95117;
1412 1919 51 41 F.
1493 1921 62 39 M.
1585 1920 146 48 Reed,
1763 1921 97 40 San
111 1921 1911 104 Francisco,

278 1977 95 39 and
400 1977 155 39 Helen
580 1978 52 39 E.
662 1978 61 38 M.
751 1976 193 47 Jensen,
972 1975 251 49 Berkeley,
1252 1975 144 42 Calif.
1456 1975 281 50 [Copyright
1765 1977 41 40 is
1834 1975 206 41 claimed

112 2044 59 29 on
196 2043 106 30 new
325 2034 131 47 data]
522 2032 281 49 (36-18934)

112 2192 1927 71 Know your government [by] Frances M. Reed … [and] Helen
42 2271 1223 65 E. M. Jensen … San Francisco, 1936.
112 2358 616 51 3 p. l. , ii, 169 p. 23 cm .
114 2428 272 44 California:
451 2440 43 37 p.
533 2428 248 50 [109]-145.

114 2486 263 40 Published
415 2485 103 40 also
557 2485 50 39 in
644 2487 113 46 part
793 2485 152 40 under
982 2484 109 42 title:
1159 2486 101 40 The
1298 2488 313 45 government
1648 2485 53 43 of
1737 2488 82 39 the
1859 2488 179 40 United

45 2544 162 41 States.

113 2598 375 49 Bibliography;
518 2609 43 38 p.
589 2597 217 42 168-169.

40 2665 52 53 ©
124 2670 120 47 Aug.
278 2670 67 47 18,
380 2668 138 47 1836;
554 2669 67 39 2c.
654 2670 119 46 Aug.
808 2669 81 47 26;
925 2669 82 40 aff.
1040 2669 120 47 Aug.
1194 2669 82 47 25;
1311 2670 41 39 A
1385 2669 171 48 97568;
1591 2670 51 40 F.
1678 2672 61 39 M.
1776 2672 130 39 Reed
1941 2671 98 41 and

111 2727 154 39 Helen
292 2728 52 38 E.
371 2728 61 38 M.
458 2727 192 46 Jensen,
681 2727 97 39 San
803 2725 274 40 Francisco.
1140 2725 280 50 (36-18935)

37 2897 376 66 Remington,
440 2898 240 63 Harold,
709 2905 171 50 1865-

109 2988 53 53 A
193 2987 229 55 treatise
453 3008 70 34 on
555 2989 95 52 the
682 2990 264 51 elements
978 2988 63 55 of
1070 2988 362 70 bankruptcy
1462 2991 127 52 law.
1657 2990 72 52 3d
1759 2990 104 68 ed.,
1895 2991 140 53 with

40 3067 1972 147 1936 supplement for the use of law students, by Harold Remington … Charlottesville, Va., The Michie company, 1936.
109 3230 860 51 2 p. l. , [iii]-xi, 545, 22 p. 23½cm.
111 3302 234 40 “Errata”;
406 3303 74 40 1st
510 3302 185 49 prelim,
725 3302 115 41 leaf.

40 3370 52 52 ©
125 3374 126 48 Sept.
284 3375 38 47 2,
356 3373 115 41 1936;
524 3374 68 40 2c.
627 3375 128 46 Sept.
786 3375 25 39 3;
874 3374 82 41 aff.
989 3374 101 40 Oct.
1122 3375 24 38 1;
1209 3375 40 38 A
1280 3374 144 40 97644;
1486 3375 61 39 H.
1581 3373 304 48 Remington,
1919 3375 118 39 New

110 3431 141 39 York.
310 3431 278 47 (36-18821)

37 3605 231 66 Renier,
301 3607 258 53 Gustaaf
588 3606 321 66 Johannes,
943 3612 170 50 1892-

108 3692 1923 71 Robespierre, by G. J. Renier, PH . D. New York, London, D.
37 3769 573 71 Appleton-Century
640 3790 297 51 company,
966 3771 418 69 incorporated,
1416 3774 151 53 1936.

106 3856 1754 52 4 p. l. , 176, [1] p. front. (port.) 19½ cm . [Appleton biographies]
106 3923 438 51 ‘bibliographical
570 3927 140 41 note”:
767 3937 42 38 p.
836 3926 236 52 171-[173]

40 3993 51 53 ©
115 4000 117 46 Aug.
261 4000 67 45 14,
355 3999 113 40 1936;
523 4000 66 39 2c.
616 3999 96 39 and
738 3999 81 41 aff.
846 4001 118 45 Aug.
991 4000 80 45 15;
1101 4000 39 38 A
1166 3998 170 47 97373;
1364 4000 57 38 D.
1448 3998 475 48 Appleton-Century
1947 4008 82 38 co.,

108 4054 89 41 inc.
254 4055 277 47 (36-18858)
