2519 4377
1320 4120 101 51 966

357 430 265 54 Decimal
656 431 186 68 digest
874 431 63 53 of
967 433 97 52 the
1094 433 251 53 Indiana
1381 432 278 70 Supreme
1691 434 113 54 and
1837 435 313 69 Appellate
2182 442 193 48 courts

429 510 296 66 decisions,
770 510 154 52 from
966 511 97 52 the
1108 511 227 53 earliest
1376 512 203 65 period
1622 516 58 49 to
1725 513 146 53 date.
1950 513 276 55 Lifetime
2270 516 103 67 ed.,

427 587 142 54 with
608 589 346 53 cumulative
995 589 204 67 pocket
1240 590 405 68 supplements.
1725 590 214 55 Edited
1979 594 74 66 by
2093 595 97 51 the
427 595 1920 124 publisher’s

684 667 269 53 editorial
988 668 149 52 staff.
1209 668 245 54 Volume
1491 673 45 50 9.
1574 669 311 54 Insurance
1921 677 59 48 to
2015 672 207 53 Levees
2259 674 113 52 and

428 744 150 53 flood
631 745 237 53 control.
946 745 418 68 Indianapolis,
1419 747 122 52 The
1595 748 445 53 Bobbs-Merrill
2094 769 280 51 company

475 826 134 49 [c1936
614 856 12 34 ]

430 895 522 49 1 p. l. , 861 p. 26 cm .
430 952 74 42 On
533 961 143 31 cover
694 964 9 30 :
736 952 210 41 Indiana
980 953 203 42 decimal
1218 953 171 49 digest.

358 1006 54 53 ©
442 1010 117 48 July
591 1011 69 48 17,
694 1010 141 48 1936;
870 1010 67 42 2c.
971 1011 116 47 July
1115 1011 56 40 25
1190 1023 8 31 ;
1235 1011 81 41 aff.
1351 1012 118 47 July
1501 1011 57 41 20
1576 1024 8 35 ;
1619 1013 40 39 A
1691 1012 172 48 97132;
1900 1013 372 41 Bobbs-Merrill
2305 1026 66 31 co.

354 1113 284 65 Dobbins,
668 1114 157 54 John
855 1114 211 64 Leslie,
1100 1121 172 50 1883-

427 1191 329 54 Dividends
785 1191 95 54 for
912 1190 358 71 citizenship,
1301 1193 77 69 by
1410 1193 156 54 John
1599 1193 188 53 Leslie
1816 1194 288 69 Dobbins;
2144 1194 231 71 preface

359 1270 75 69 by
457 1270 103 53 Dr.
585 1271 150 53 Paul
758 1271 66 53 F.
850 1270 277 55 Cadman.
1185 1272 112 53 Los
1320 1271 269 71 Angeles,
1612 1272 139 55 New
1778 1273 163 53 York
1990 1280 120 62 [etc.]
2143 1273 233 57 Sutton-

357 1349 192 68 house,
576 1350 126 68 ltd.,
731 1352 152 51 1936.

500 1456 9 16 xx,
535 1424 90 40 216
649 1435 44 39 p.
748 1424 58 40 24½
839 1426 45 22 cm
888 1458 9 9 .

360 1476 54 54 ©
442 1482 115 46 May
585 1481 70 48 15,
685 1480 141 49 1936;
858 1480 68 43 2c.
958 1482 96 39 and
1085 1481 81 42 aff.
1198 1482 126 40 June
1355 1483 52 46 8;
1439 1483 40 39 A
1512 1482 171 49 94806;
1719 1483 344 50 Suttonhouse,
2096 1484 86 41 ltd.

441 1537 282 51 (36-16326)

358 1629 238 66 Donati,
625 1630 233 58 Alfred.

360 1706 1992 149 … Tour de Suisse; roman. Zürich und Leipzig, Morgartenverlag aktiengesellschaft [1935]
430 1858 700 53 3 p. l. , 9-189, [1] p. 19 cm .
361 1911 54 55 ©
436 1917 118 41 Nov.
582 1917 68 47 13,
678 1917 141 48 1935;
850 1919 67 40 1c.
944 1919 123 41 Mar.
1094 1918 68 50 19,
1191 1917 141 48 1936;
1362 1918 312 48 A-Foreign
1701 1919 172 48 30886;
1904 1920 475 49 Morgarten-verlag

431 1984 43 30 a.
499 1984 41 38 g.
605 1974 283 51 (36-16477)

360 2064 315 67 Douglass,
701 2065 320 65 Benjamin
1046 2066 274 56 Wallace.

433 2142 121 53 The
581 2160 124 35 new
733 2143 129 53 deal
889 2159 183 37 comes
1098 2147 58 49 to
1187 2144 213 52 Brown
1428 2149 228 63 county,
1683 2144 74 69 by
1788 2143 309 69 Benjamin
2125 2144 257 55 Wallace

363 2221 305 70 Douglass.
743 2220 234 57 Garden
1017 2220 154 72 City,
1209 2222 70 55 N.
1319 2222 91 69 Y.,
1447 2222 360 70 Doubleday,
1844 2224 200 53 Doran
2083 2223 114 55 and
363 2239 1992 131 company,
569 2302 129 68 inc.,
735 2305 151 50 1936.

433 2376 730 50 5 p. l. , 86 p. diagr. 19½ cm .
434 2433 163 41 “First
630 2432 228 42 edition.”

363 2486 2015 55 © Apr. 17, 1936 ; 2c. and aff. Apr. 23 ; A 93745 ; B. W. Douglass, Trevlac,
434 2547 105 41 Ind.
606 2547 284 50 (36-16325)

363 2636 350 67 Eisenberg,
741 2638 198 54 Azriel
967 2639 65 55 L.

437 2714 281 56 Children
755 2715 113 53 and
905 2715 163 53 radio
1107 2733 329 51 programs;
1477 2734 33 34 a
1544 2715 172 68 study
1753 2714 64 54 of
1854 2732 157 35 more
2045 2715 141 52 than
2222 2714 158 53 three

364 2794 287 53 thousand
700 2794 259 53 children
1006 2794 60 52 in
1113 2794 96 52 the
1255 2794 140 53 New
1443 2794 165 52 York
1651 2793 410 69 metropolitan
2110 2811 148 51 area,
2305 2793 75 69 by

365 2873 196 55 Azriel
597 2873 64 54 L.
702 2872 333 71 Eisenberg.
1109 2873 139 54 New
1287 2873 181 69 York,
1507 2872 302 56 Columbia
1846 2872 322 71 university
2205 2889 175 53 press,

368 2956 150 50 1936.

435 3028 98 48 xvi,
561 3027 89 40 240
678 3038 43 38 p.
751 3027 111 42 incl.
894 3028 171 41 tables.
1123 3028 57 40 23½
1213 3029 44 22 cm
1262 3058 9 9 .

438 3084 381 48 Bibliography:
850 3095 43 38 p.
942 3083 236 51 [233]-234.

367 3137 53 53 ©
455 3142 115 47 July
605 3142 40 47 8,
681 3140 141 49 1936;
858 3140 68 42 2c.
963 3141 96 39 and
1095 3141 82 40 aff.
1215 3140 115 47 July
1366 3139 81 49 10;
1486 3141 40 38 A
1561 3139 171 48 95996;
1772 3140 251 41 Columbia
2060 3139 131 42 univ.
2227 3149 152 39 press.

448 3198 283 50 (36-16327)

367 3288 268 65 Epstein,
663 3288 257 55 Samuel.

438 3363 1857 70 The alloys of iron and carbon … by Samuel Epstein, v. l.
370 3444 408 55 Constitution.
856 3448 86 48 1st
978 3445 84 52 ed.
1138 3444 138 52 New
1321 3443 160 54 York
1521 3443 112 52 and
1671 3442 258 67 London,
1968 3443 145 53 Pub.
2152 3442 94 52 for
2282 3444 97 51 the

370 3523 393 67 Engineering
801 3521 346 54 foundation
1184 3522 72 68 by
1296 3522 93 52 the
1429 3520 427 55 McGraw-Hill
1898 3521 146 53 book
2082 3538 298 51 company,

368 3603 126 65 inc.,
523 3604 149 51 1936.

439 3674 84 49 xii,
551 3674 87 40 476
666 3684 43 37 p.
766 3673 143 49 illus.,
940 3672 180 48 diagrs.
1177 3672 56 41 23½
1266 3674 44 21 cm
1316 3705 8 7 .
1393 3672 301 48 (Half-title:
1723 3672 167 47 Alloys
1921 3671 53 40 of
2002 3671 107 39 iron
2141 3671 239 47 research,

370 3732 298 47 monograph
696 3730 165 41 series.
919 3730 52 41 F.
1001 3730 53 41 T.
1085 3729 148 50 Sisco,
1263 3729 183 50 editor)

444 3788 147 41 “This
628 3788 302 49 monograph
966 3787 90 41 has
1092 3787 119 41 been
1247 3787 238 48 prepared
1522 3789 54 38 at
1615 3785 211 42 Battelle
1863 3786 252 40 memorial
2154 3785 226 42 institute

369 3855 55 30 as
454 3855 25 30 a
512 3847 114 47 part
654 3844 53 42 of
736 3845 82 41 the
847 3843 269 42 institute’s
1145 3844 330 41 contribution
1506 3846 49 38 to
1584 3844 166 47 Alloys
1780 3843 51 40 of
1862 3843 105 40 iron
1999 3842 269 41 research.”

442 3901 350 50 Bibliography
811 3912 9 30 :
852 3913 43 30 v.
926 3902 39 49 1,
995 3913 44 38 p.
1068 3901 219 41 401-441.

371 3955 53 54 ©
461 3960 127 39 June
624 3960 70 48 25,
734 3959 141 47 1936;
913 3959 68 41 2c.
1018 3959 96 39 and
1151 3959 83 39 aff.
1273 3960 127 38 June
1438 3957 82 42 30:
1561 3959 39 37 A
1639 3957 170 47 95863;
1852 3956 179 41 United
2069 3955 313 48 engineering

441 4017 226 48 trustees,
704 4016 105 49 inc.,
841 4016 133 44 New.
992 4015 145 41 York.
1211 4014 281 50 (36-16354)
