<alto xmlns="http://www.loc.gov/standards/alto/ns-v3#" xmlns:xsi="http://www.w3.org/2001/XMLSchema-instance" xsi:schemaLocation="http://www.loc.gov/standards/alto/ns-v3# http://www.loc.gov/alto/v3/alto-3-0.xsd"><Description>
<MeasurementUnit>pixel</MeasurementUnit>
<sourceImageInformation>
<fileName>1936_v33_Part1.pdf</fileName>
</sourceImageInformation>
<OCRProcessing ID="IdOcr">
<ocrProcessingStep>
<processingDateTime>2019-01-18</processingDateTime>
<processingSoftware>
<softwareCreator>ABBYY</softwareCreator>
<softwareName>ABBYY Recognition Server</softwareName>
<softwareVersion>4.0</softwareVersion>
</processingSoftware>
</ocrProcessingStep>
</OCRProcessing>
</Description>
<Styles>
<ParagraphStyle ALIGN="Left" FIRSTLINE="0." ID="StyleId-FFFFFFFF-FFFF-FFFF-FFFF-FFFFFFFFFFFF-" LEFT="0." RIGHT="0." />
<ParagraphStyle ALIGN="Left" FIRSTLINE="0." ID="StyleId-51D50FAC-7A90-4D70-8A96-5EA9D46D1C8B-" LEFT="0." LINESPACE="7.699999809" RIGHT="0." />
<ParagraphStyle ALIGN="Block" FIRSTLINE="-17." ID="StyleId-6BC133E9-7DCB-43C3-8842-A67984A26405-" LEFT="0." LINESPACE="8.340000153" RIGHT="0." />
<ParagraphStyle ALIGN="Left" FIRSTLINE="-13." ID="StyleId-3C3FF860-43E7-46A2-8934-48F305F6F0D6-" LEFT="0." LINESPACE="11.06999969" RIGHT="0." />
<ParagraphStyle ALIGN="Block" FIRSTLINE="-13." ID="StyleId-19220C76-4F8A-4737-B38C-B5F5C17E6040-" LEFT="0." LINESPACE="11.06999969" RIGHT="0." />
<ParagraphStyle ALIGN="Left" FIRSTLINE="0." ID="StyleId-75A0D721-13ED-4F20-9002-B389EC48477D-" LEFT="0." LINESPACE="15.5" RIGHT="0." />
<ParagraphStyle ALIGN="Left" FIRSTLINE="0." ID="StyleId-8A414184-C7A5-4AC7-9B88-7DA4DDE75922-" LEFT="0." LINESPACE="9.399999619" RIGHT="0." />
<ParagraphStyle ALIGN="Left" FIRSTLINE="0." ID="StyleId-1A87970B-111C-4169-99A6-9412976F3C97-" LEFT="0." LINESPACE="10.5" RIGHT="0." />
<ParagraphStyle ALIGN="Block" FIRSTLINE="-17." ID="StyleId-72DB0571-5AE4-41FD-9E11-68C6AC4C437E-" LEFT="0." LINESPACE="8.340000153" RIGHT="0." />
<ParagraphStyle ALIGN="Center" FIRSTLINE="0." ID="StyleId-1AA43056-C388-4697-B10F-72FDAA38FAE1-" LEFT="0." LINESPACE="10.5" RIGHT="0." />
</Styles>
<Layout>
<Page HEIGHT="4377" ID="Page877" PHYSICAL_IMG_NR="877" WIDTH="2519">
<TopMargin HEIGHT="468" HPOS="0" VPOS="0" WIDTH="2519">
</TopMargin>
<LeftMargin HEIGHT="3796" HPOS="0" VPOS="468" WIDTH="112">
</LeftMargin>
<RightMargin HEIGHT="3796" HPOS="2132" VPOS="468" WIDTH="387">
</RightMargin>
<BottomMargin HEIGHT="113" HPOS="0" VPOS="4264" WIDTH="2519">
</BottomMargin>
<PrintSpace HEIGHT="3796" HPOS="112" VPOS="468" WIDTH="2020">
<TextBlock HEIGHT="144" HPOS="1009" ID="Page877_Block1" LANG="en-US" STYLEREFS="StyleId-8BF18B95-C387-45FB-938C-DA9855B441A8-" VPOS="4120" WIDTH="186">
<TextLine HEIGHT="54" HPOS="1069" VPOS="4141" WIDTH="101">
<String CONTENT="877" HEIGHT="54" HPOS="1069" VPOS="4141" WIDTH="101" />
</TextLine>
</TextBlock>
<TextBlock CS="1" HEIGHT="3673" HPOS="112" ID="Page877_Block2" LANG="en-US" STYLEREFS="StyleId-32C04563-7F1F-4DFA-96AA-0A4972AB5D33-" VPOS="468" WIDTH="2020">
<TextLine CS="1" HEIGHT="52" HPOS="200" VPOS="560" WIDTH="1922">
<String CONTENT="x," HEIGHT="30" HPOS="200" VPOS="576" WIDTH="43" />
<SP HEIGHT="40" HPOS="244" VPOS="566" WIDTH="32" />
<String CONTENT="482" HEIGHT="41" HPOS="277" VPOS="564" WIDTH="85" />
<SP HEIGHT="48" HPOS="363" VPOS="564" WIDTH="32" />
<String CONTENT="p." HEIGHT="38" HPOS="396" VPOS="574" WIDTH="43" />
<SP HEIGHT="41" HPOS="440" VPOS="563" WIDTH="59" />
<String CONTENT="illus." HEIGHT="40" HPOS="500" VPOS="563" WIDTH="127" />
<SP HEIGHT="48" HPOS="628" VPOS="562" WIDTH="29" />
<String CONTENT="(incl." HEIGHT="48" HPOS="658" VPOS="562" WIDTH="132" />
<SP HEIGHT="29" HPOS="791" VPOS="574" WIDTH="34" />
<String CONTENT="maps)" HEIGHT="47" HPOS="826" VPOS="565" WIDTH="161" />
<SP HEIGHT="50" HPOS="988" VPOS="562" WIDTH="68" />
<String CONTENT="204" HEIGHT="41" HPOS="1057" VPOS="562" WIDTH="84" />
<SP HEIGHT="40" HPOS="1142" VPOS="563" WIDTH="18" />
<String CONTENT="x" HEIGHT="28" HPOS="1161" VPOS="573" WIDTH="30" />
<SP HEIGHT="38" HPOS="1192" VPOS="563" WIDTH="18" />
<String CONTENT="16&#189;" CS="1" HEIGHT="39" HPOS="1211" VPOS="563" WIDTH="56" />
<String CONTENT="cm" HEIGHT="21" HPOS="1296" STYLE="superscript" VPOS="564" WIDTH="43" />
<String CONTENT="." HEIGHT="8" HPOS="1344" VPOS="593" WIDTH="9" />
<SP />
<String CONTENT="(Half-title:" HEIGHT="47" HPOS="1429" VPOS="562" WIDTH="298" />
<SP HEIGHT="39" HPOS="1728" VPOS="563" WIDTH="34" />
<String CONTENT="Man" HEIGHT="39" HPOS="1763" VPOS="563" WIDTH="113" />
<SP HEIGHT="28" HPOS="1877" VPOS="573" WIDTH="35" />
<String CONTENT="and" HEIGHT="39" HPOS="1913" VPOS="562" WIDTH="96" />
<SP HEIGHT="41" HPOS="2010" VPOS="560" WIDTH="33" />
<String CONTENT="his" HEIGHT="41" HPOS="2044" VPOS="560" WIDTH="78" />
</TextLine>
<TextLine HEIGHT="50" HPOS="124" VPOS="618" WIDTH="1996">
<String CONTENT="changing" HEIGHT="48" HPOS="124" VPOS="620" WIDTH="239" />
<SP HEIGHT="37" HPOS="364" VPOS="630" WIDTH="21" />
<String CONTENT="society." HEIGHT="47" HPOS="386" VPOS="619" WIDTH="194" />
<SP HEIGHT="40" HPOS="581" VPOS="620" WIDTH="49" />
<String CONTENT="The" HEIGHT="40" HPOS="631" VPOS="619" WIDTH="103" />
<SP HEIGHT="39" HPOS="735" VPOS="620" WIDTH="20" />
<String CONTENT="Rugg" HEIGHT="46" HPOS="756" VPOS="620" WIDTH="139" />
<SP HEIGHT="37" HPOS="896" VPOS="629" WIDTH="21" />
<String CONTENT="social" HEIGHT="40" HPOS="918" VPOS="618" WIDTH="148" />
<SP HEIGHT="39" HPOS="1067" VPOS="619" WIDTH="25" />
<String CONTENT="science" HEIGHT="40" HPOS="1093" VPOS="618" WIDTH="187" />
<SP HEIGHT="29" HPOS="1281" VPOS="629" WIDTH="21" />
<String CONTENT="series," HEIGHT="41" HPOS="1303" VPOS="618" WIDTH="165" />
<SP HEIGHT="30" HPOS="1469" VPOS="629" WIDTH="51" />
<String CONTENT="v." HEIGHT="29" HPOS="1521" VPOS="629" WIDTH="43" />
<SP HEIGHT="38" HPOS="1565" VPOS="620" WIDTH="21" />
<String CONTENT="4" HEIGHT="38" HPOS="1587" VPOS="620" WIDTH="28" />
<SP HEIGHT="38" HPOS="1616" VPOS="620" WIDTH="23" />
<String CONTENT="of" HEIGHT="39" HPOS="1640" VPOS="618" WIDTH="52" />
<SP HEIGHT="40" HPOS="1693" VPOS="618" WIDTH="21" />
<String CONTENT="the" HEIGHT="40" HPOS="1715" VPOS="618" WIDTH="82" />
<SP HEIGHT="31" HPOS="1798" VPOS="628" WIDTH="23" />
<String CONTENT="elementary" HEIGHT="48" HPOS="1822" VPOS="618" WIDTH="298" />
</TextLine>
<TextLine HEIGHT="48" HPOS="124" VPOS="676" WIDTH="383">
<String CONTENT="school" HEIGHT="39" HPOS="124" VPOS="678" WIDTH="160" />
<SP HEIGHT="38" HPOS="285" VPOS="678" WIDTH="28" />
<String CONTENT="course)" HEIGHT="48" HPOS="314" VPOS="676" WIDTH="193" />
</TextLine>
<TextLine HEIGHT="50" HPOS="196" VPOS="730" WIDTH="1923">
<String CONTENT="&#8220;Books" HEIGHT="40" HPOS="196" VPOS="733" WIDTH="187" />
<SP HEIGHT="37" HPOS="384" VPOS="743" WIDTH="26" />
<String CONTENT="you" HEIGHT="37" HPOS="411" VPOS="743" WIDTH="92" />
<SP HEIGHT="28" HPOS="504" VPOS="743" WIDTH="28" />
<String CONTENT="would" HEIGHT="39" HPOS="533" VPOS="732" WIDTH="158" />
<SP HEIGHT="39" HPOS="692" VPOS="732" WIDTH="28" />
<String CONTENT="like" HEIGHT="41" HPOS="721" VPOS="730" WIDTH="99" />
<SP HEIGHT="39" HPOS="821" VPOS="732" WIDTH="22" />
<String CONTENT="to" HEIGHT="39" HPOS="844" VPOS="732" WIDTH="50" />
<SP HEIGHT="29" HPOS="895" VPOS="742" WIDTH="27" />
<String CONTENT="read&#8221;" HEIGHT="40" HPOS="923" VPOS="731" WIDTH="142" />
<SP HEIGHT="40" HPOS="1066" VPOS="731" WIDTH="29" />
<String CONTENT="at" HEIGHT="39" HPOS="1096" VPOS="733" WIDTH="53" />
<SP HEIGHT="39" HPOS="1150" VPOS="733" WIDTH="26" />
<String CONTENT="end" HEIGHT="40" HPOS="1177" VPOS="731" WIDTH="91" />
<SP HEIGHT="38" HPOS="1269" VPOS="731" WIDTH="27" />
<String CONTENT="of" HEIGHT="38" HPOS="1297" VPOS="731" WIDTH="52" />
<SP HEIGHT="39" HPOS="1350" VPOS="731" WIDTH="26" />
<String CONTENT="each" HEIGHT="40" HPOS="1377" VPOS="730" WIDTH="118" />
<SP HEIGHT="40" HPOS="1496" VPOS="730" WIDTH="27" />
<String CONTENT="chapter" HEIGHT="48" HPOS="1524" VPOS="730" WIDTH="202" />
<SP HEIGHT="30" HPOS="1727" VPOS="740" WIDTH="27" />
<String CONTENT="except" HEIGHT="47" HPOS="1755" VPOS="731" WIDTH="170" />
<SP HEIGHT="39" HPOS="1926" VPOS="731" WIDTH="27" />
<String CONTENT="eleven" HEIGHT="39" HPOS="1954" VPOS="731" WIDTH="165" />
</TextLine>
<TextLine HEIGHT="46" HPOS="123" VPOS="790" WIDTH="430">
<String CONTENT="and" HEIGHT="39" HPOS="123" VPOS="790" WIDTH="94" />
<SP HEIGHT="39" HPOS="218" VPOS="790" WIDTH="30" />
<String CONTENT="twenty-one." HEIGHT="46" HPOS="249" VPOS="790" WIDTH="304" />
</TextLine>
<TextLine CS="1" HEIGHT="54" HPOS="125" VPOS="842" WIDTH="1995">
<String CONTENT="&#169;" HEIGHT="53" HPOS="125" VPOS="843" WIDTH="52" />
<SP HEIGHT="53" HPOS="178" VPOS="843" WIDTH="24" />
<String CONTENT="May" HEIGHT="45" HPOS="203" VPOS="848" WIDTH="113" />
<SP HEIGHT="46" HPOS="317" VPOS="847" WIDTH="27" />
<String CONTENT="18," HEIGHT="46" HPOS="345" VPOS="847" WIDTH="67" />
<SP HEIGHT="46" HPOS="413" VPOS="847" WIDTH="29" />
<String CONTENT="1936:" HEIGHT="40" HPOS="443" VPOS="845" WIDTH="138" />
<SP HEIGHT="39" HPOS="582" VPOS="845" WIDTH="31" />
<String CONTENT="2c." HEIGHT="40" HPOS="614" VPOS="845" WIDTH="67" />
<SP HEIGHT="39" HPOS="682" VPOS="846" WIDTH="28" />
<String CONTENT="June" HEIGHT="39" HPOS="711" VPOS="846" WIDTH="127" />
<SP HEIGHT="38" HPOS="839" VPOS="845" WIDTH="26" />
<String CONTENT="11:" HEIGHT="39" HPOS="866" VPOS="845" WIDTH="81" />
<SP HEIGHT="29" HPOS="948" VPOS="855" WIDTH="32" />
<String CONTENT="aff." HEIGHT="40" HPOS="981" VPOS="844" WIDTH="81" />
<SP HEIGHT="39" HPOS="1063" VPOS="845" WIDTH="29" />
<String CONTENT="June" HEIGHT="38" HPOS="1093" VPOS="845" WIDTH="126" />
<SP HEIGHT="39" HPOS="1220" VPOS="844" WIDTH="28" />
<String CONTENT="13;" CS="1" HEIGHT="39" HPOS="1249" VPOS="844" WIDTH="53" />
<SP HEIGHT="45" HPOS="1331" VPOS="844" WIDTH="30" />
<String CONTENT="A" HEIGHT="38" HPOS="1362" VPOS="844" WIDTH="41" />
<SP HEIGHT="40" HPOS="1404" VPOS="843" WIDTH="26" />
<String CONTENT="94922;" HEIGHT="46" HPOS="1431" VPOS="843" WIDTH="170" />
<SP HEIGHT="45" HPOS="1602" VPOS="844" WIDTH="33" />
<String CONTENT="Harold" HEIGHT="40" HPOS="1636" VPOS="842" WIDTH="188" />
<SP HEIGHT="40" HPOS="1825" VPOS="842" WIDTH="29" />
<String CONTENT="Rugg" HEIGHT="47" HPOS="1855" VPOS="843" WIDTH="140" />
<SP HEIGHT="37" HPOS="1996" VPOS="853" WIDTH="25" />
<String CONTENT="and" HEIGHT="40" HPOS="2022" VPOS="842" WIDTH="98" />
</TextLine>
<TextLine HEIGHT="52" HPOS="196" VPOS="898" WIDTH="1084">
<String CONTENT="Louise" HEIGHT="42" HPOS="196" VPOS="903" WIDTH="172" />
<SP HEIGHT="40" HPOS="369" VPOS="903" WIDTH="23" />
<String CONTENT="Krueger," HEIGHT="47" HPOS="393" VPOS="903" WIDTH="233" />
<SP HEIGHT="48" HPOS="627" VPOS="902" WIDTH="23" />
<String CONTENT="New" HEIGHT="38" HPOS="651" VPOS="902" WIDTH="117" />
<SP HEIGHT="37" HPOS="769" VPOS="902" WIDTH="23" />
<String CONTENT="York." HEIGHT="39" HPOS="793" VPOS="901" WIDTH="142" />
<SP HEIGHT="46" HPOS="936" VPOS="900" WIDTH="63" />
<String CONTENT="(36-14409)" HEIGHT="49" HPOS="1000" VPOS="898" WIDTH="280" />
</TextLine>
<TextLine HEIGHT="65" HPOS="124" STYLEREFS="StyleId-43A443BF-2531-416C-8CAC-536B553DA5F8-" VPOS="1003" WIDTH="818">
<String CONTENT="Russell," HEIGHT="65" HPOS="124" VPOS="1003" WIDTH="247" />
<SP HEIGHT="64" HPOS="372" VPOS="1004" WIDTH="25" />
<String CONTENT="John" HEIGHT="54" HPOS="398" VPOS="1004" WIDTH="154" />
<SP HEIGHT="52" HPOS="553" VPOS="1005" WIDTH="26" />
<String CONTENT="Dale," HEIGHT="63" HPOS="580" VPOS="1004" WIDTH="163" />
<SP HEIGHT="58" HPOS="744" VPOS="1009" WIDTH="28" />
<String CONTENT="1895-" HEIGHT="50" HPOS="773" VPOS="1009" WIDTH="169" />
</TextLine>
<TextLine CS="1" HEIGHT="70" HPOS="254" VPOS="1078" WIDTH="1860">
<String CONTENT="&#8230;" CS="1" />
<SP HEIGHT="53" HPOS="254" VPOS="1079" WIDTH="39" />
<String CONTENT="Administration," HEIGHT="69" HPOS="294" VPOS="1078" WIDTH="506" />
<SP HEIGHT="68" HPOS="801" VPOS="1079" WIDTH="35" />
<String CONTENT="by" HEIGHT="69" HPOS="837" VPOS="1079" WIDTH="75" />
<SP HEIGHT="69" HPOS="913" VPOS="1079" WIDTH="38" />
<String CONTENT="John" HEIGHT="54" HPOS="952" VPOS="1079" WIDTH="157" />
<SP HEIGHT="51" HPOS="1110" VPOS="1080" WIDTH="37" />
<String CONTENT="Dale" HEIGHT="53" HPOS="1148" VPOS="1079" WIDTH="145" />
<SP HEIGHT="53" HPOS="1294" VPOS="1079" WIDTH="37" />
<String CONTENT="Russell" HEIGHT="53" HPOS="1332" VPOS="1079" WIDTH="225" />
<SP />
<String CONTENT="[and]" CS="1" HEIGHT="35" HPOS="1738" VPOS="1111" WIDTH="13" />
<SP HEIGHT="67" HPOS="1752" VPOS="1079" WIDTH="45" />
<String CONTENT="Floyd" HEIGHT="70" HPOS="1798" VPOS="1078" WIDTH="188" />
<SP HEIGHT="55" HPOS="1987" VPOS="1079" WIDTH="36" />
<String CONTENT="W." HEIGHT="55" HPOS="2024" VPOS="1079" WIDTH="90" />
</TextLine>
<TextLine CS="1" HEIGHT="70" HPOS="124" VPOS="1155" WIDTH="1989">
<String CONTENT="Reeves." HEIGHT="54" HPOS="124" VPOS="1156" WIDTH="225" />
<SP HEIGHT="55" HPOS="350" VPOS="1156" WIDTH="66" />
<String CONTENT="Chicago," HEIGHT="69" HPOS="417" VPOS="1156" WIDTH="270" />
<SP HEIGHT="68" HPOS="688" VPOS="1157" WIDTH="25" />
<String CONTENT="Ill.," HEIGHT="65" HPOS="714" VPOS="1157" WIDTH="113" />
<SP HEIGHT="64" HPOS="828" VPOS="1158" WIDTH="27" />
<String CONTENT="The" HEIGHT="52" HPOS="856" VPOS="1157" WIDTH="121" />
<SP HEIGHT="54" HPOS="978" VPOS="1157" WIDTH="27" />
<String CONTENT="University" HEIGHT="70" HPOS="1006" VPOS="1155" WIDTH="337" />
<SP HEIGHT="50" HPOS="1344" VPOS="1175" WIDTH="25" />
<String CONTENT="of" HEIGHT="54" HPOS="1370" VPOS="1155" WIDTH="65" />
<SP HEIGHT="55" HPOS="1436" VPOS="1155" WIDTH="28" />
<String CONTENT="Chicago" HEIGHT="69" HPOS="1465" VPOS="1155" WIDTH="251" />
<SP HEIGHT="49" HPOS="1717" VPOS="1175" WIDTH="29" />
<String CONTENT="press" HEIGHT="50" HPOS="1747" VPOS="1174" WIDTH="157" />
<SP />
<String CONTENT="[1936]" CS="1" HEIGHT="35" HPOS="2099" VPOS="1187" WIDTH="14" />
</TextLine>
<TextLine CS="1" HEIGHT="50" HPOS="191" VPOS="1228" WIDTH="1925">
<String CONTENT="xx," HEIGHT="38" HPOS="191" VPOS="1240" WIDTH="78" />
<SP HEIGHT="47" HPOS="270" VPOS="1231" WIDTH="36" />
<String CONTENT="285" HEIGHT="40" HPOS="307" VPOS="1231" WIDTH="85" />
<SP HEIGHT="47" HPOS="393" VPOS="1231" WIDTH="35" />
<String CONTENT="p." HEIGHT="38" HPOS="429" VPOS="1240" WIDTH="41" />
<SP HEIGHT="38" HPOS="471" VPOS="1232" WIDTH="65" />
<String CONTENT="diagrs." HEIGHT="47" HPOS="537" VPOS="1230" WIDTH="178" />
<SP HEIGHT="38" HPOS="716" VPOS="1232" WIDTH="64" />
<String CONTENT="19&#189;" CS="1" HEIGHT="40" HPOS="781" VPOS="1230" WIDTH="58" />
<String CONTENT="cin" HEIGHT="21" HPOS="870" STYLE="superscript" VPOS="1233" WIDTH="43" />
<String CONTENT="." HEIGHT="8" HPOS="918" VPOS="1261" WIDTH="7" />
<SP HEIGHT="48" HPOS="926" VPOS="1230" WIDTH="76" />
<String CONTENT="(The" HEIGHT="49" HPOS="1003" VPOS="1229" WIDTH="123" />
<SP HEIGHT="30" HPOS="1127" VPOS="1240" WIDTH="36" />
<String CONTENT="evaluation" HEIGHT="42" HPOS="1164" VPOS="1228" WIDTH="281" />
<SP HEIGHT="29" HPOS="1446" VPOS="1240" WIDTH="37" />
<String CONTENT="of" HEIGHT="40" HPOS="1484" VPOS="1229" WIDTH="53" />
<SP HEIGHT="39" HPOS="1538" VPOS="1229" WIDTH="34" />
<String CONTENT="higher" HEIGHT="46" HPOS="1573" VPOS="1230" WIDTH="171" />
<SP HEIGHT="39" HPOS="1745" VPOS="1228" WIDTH="35" />
<String CONTENT="institutions;" HEIGHT="47" HPOS="1781" VPOS="1228" WIDTH="335" />
</TextLine>
<TextLine HEIGHT="49" HPOS="123" VPOS="1286" WIDTH="1994">
<String CONTENT="a" HEIGHT="30" HPOS="123" VPOS="1298" WIDTH="27" />
<SP HEIGHT="31" HPOS="151" VPOS="1297" WIDTH="36" />
<String CONTENT="series" HEIGHT="41" HPOS="188" VPOS="1287" WIDTH="149" />
<SP HEIGHT="30" HPOS="338" VPOS="1298" WIDTH="35" />
<String CONTENT="of" HEIGHT="40" HPOS="374" VPOS="1287" WIDTH="52" />
<SP HEIGHT="39" HPOS="427" VPOS="1287" WIDTH="33" />
<String CONTENT="monographs" HEIGHT="46" HPOS="461" VPOS="1289" WIDTH="322" />
<SP HEIGHT="40" HPOS="784" VPOS="1288" WIDTH="37" />
<String CONTENT="based" HEIGHT="40" HPOS="822" VPOS="1288" WIDTH="147" />
<SP HEIGHT="38" HPOS="970" VPOS="1289" WIDTH="36" />
<String CONTENT="on" HEIGHT="29" HPOS="1007" VPOS="1298" WIDTH="59" />
<SP HEIGHT="38" HPOS="1067" VPOS="1289" WIDTH="37" />
<String CONTENT="the" HEIGHT="40" HPOS="1105" VPOS="1288" WIDTH="80" />
<SP HEIGHT="41" HPOS="1186" VPOS="1287" WIDTH="37" />
<String CONTENT="investigation" HEIGHT="48" HPOS="1224" VPOS="1286" WIDTH="346" />
<SP HEIGHT="30" HPOS="1571" VPOS="1296" WIDTH="40" />
<String CONTENT="conducted" HEIGHT="40" HPOS="1612" VPOS="1287" WIDTH="267" />
<SP HEIGHT="41" HPOS="1880" VPOS="1286" WIDTH="37" />
<String CONTENT="for" HEIGHT="40" HPOS="1918" VPOS="1286" WIDTH="79" />
<SP HEIGHT="39" HPOS="1998" VPOS="1288" WIDTH="36" />
<String CONTENT="the" HEIGHT="41" HPOS="2035" VPOS="1286" WIDTH="82" />
</TextLine>
<TextLine HEIGHT="51" HPOS="123" VPOS="1342" WIDTH="1996">
<String CONTENT="Committee" HEIGHT="43" HPOS="123" VPOS="1342" WIDTH="285" />
<SP HEIGHT="30" HPOS="409" VPOS="1355" WIDTH="28" />
<String CONTENT="on" HEIGHT="29" HPOS="438" VPOS="1355" WIDTH="60" />
<SP HEIGHT="28" HPOS="499" VPOS="1355" WIDTH="31" />
<String CONTENT="revision" HEIGHT="40" HPOS="531" VPOS="1344" WIDTH="210" />
<SP HEIGHT="30" HPOS="742" VPOS="1354" WIDTH="30" />
<String CONTENT="of" HEIGHT="38" HPOS="773" VPOS="1345" WIDTH="51" />
<SP HEIGHT="39" HPOS="825" VPOS="1345" WIDTH="27" />
<String CONTENT="standards," HEIGHT="48" HPOS="853" VPOS="1345" WIDTH="276" />
<SP HEIGHT="51" HPOS="1130" VPOS="1342" WIDTH="31" />
<String CONTENT="Commission" HEIGHT="42" HPOS="1162" VPOS="1342" WIDTH="319" />
<SP HEIGHT="29" HPOS="1482" VPOS="1355" WIDTH="31" />
<String CONTENT="on" HEIGHT="30" HPOS="1514" VPOS="1354" WIDTH="59" />
<SP HEIGHT="37" HPOS="1574" VPOS="1345" WIDTH="32" />
<String CONTENT="higher" HEIGHT="47" HPOS="1607" VPOS="1343" WIDTH="170" />
<SP HEIGHT="39" HPOS="1778" VPOS="1343" WIDTH="31" />
<String CONTENT="institutions" HEIGHT="41" HPOS="1810" VPOS="1343" WIDTH="309" />
</TextLine>
<TextLine HEIGHT="50" HPOS="122" VPOS="1398" WIDTH="1986">
<String CONTENT="of" HEIGHT="40" HPOS="122" VPOS="1398" WIDTH="53" />
<SP HEIGHT="43" HPOS="176" VPOS="1398" WIDTH="25" />
<String CONTENT="the" HEIGHT="41" HPOS="202" VPOS="1401" WIDTH="79" />
<SP HEIGHT="41" HPOS="282" VPOS="1401" WIDTH="28" />
<String CONTENT="North" HEIGHT="40" HPOS="311" VPOS="1401" WIDTH="155" />
<SP HEIGHT="38" HPOS="467" VPOS="1402" WIDTH="27" />
<String CONTENT="central" HEIGHT="40" HPOS="495" VPOS="1402" WIDTH="187" />
<SP HEIGHT="39" HPOS="683" VPOS="1402" WIDTH="27" />
<String CONTENT="association" HEIGHT="41" HPOS="711" VPOS="1401" WIDTH="294" />
<SP HEIGHT="29" HPOS="1006" VPOS="1412" WIDTH="30" />
<String CONTENT="of" HEIGHT="40" HPOS="1037" VPOS="1401" WIDTH="52" />
<SP HEIGHT="39" HPOS="1090" VPOS="1401" WIDTH="27" />
<String CONTENT="colleges" HEIGHT="47" HPOS="1118" VPOS="1401" WIDTH="202" />
<SP HEIGHT="29" HPOS="1321" VPOS="1411" WIDTH="30" />
<String CONTENT="and" HEIGHT="40" HPOS="1352" VPOS="1401" WIDTH="95" />
<SP HEIGHT="40" HPOS="1448" VPOS="1401" WIDTH="28" />
<String CONTENT="secondary" HEIGHT="44" HPOS="1477" VPOS="1402" WIDTH="264" />
<SP HEIGHT="36" HPOS="1742" VPOS="1410" WIDTH="29" />
<String CONTENT="schools," HEIGHT="41" HPOS="1772" VPOS="1400" WIDTH="202" />
<SP HEIGHT="31" HPOS="1975" VPOS="1410" WIDTH="58" />
<String CONTENT="vi)" HEIGHT="48" HPOS="2034" VPOS="1400" WIDTH="74" />
</TextLine>
<TextLine HEIGHT="53" HPOS="124" VPOS="1456" WIDTH="1997">
<String CONTENT="&#169;" HEIGHT="53" HPOS="124" VPOS="1456" WIDTH="52" />
<SP HEIGHT="53" HPOS="177" VPOS="1456" WIDTH="27" />
<String CONTENT="Mar." HEIGHT="38" HPOS="205" VPOS="1462" WIDTH="121" />
<SP HEIGHT="39" HPOS="327" VPOS="1461" WIDTH="28" />
<String CONTENT="17," HEIGHT="46" HPOS="356" VPOS="1461" WIDTH="67" />
<SP HEIGHT="46" HPOS="424" VPOS="1461" WIDTH="29" />
<String CONTENT="1936;" HEIGHT="48" HPOS="454" VPOS="1459" WIDTH="139" />
<SP HEIGHT="48" HPOS="594" VPOS="1459" WIDTH="29" />
<String CONTENT="2c." HEIGHT="41" HPOS="624" VPOS="1459" WIDTH="68" />
<SP HEIGHT="30" HPOS="693" VPOS="1470" WIDTH="29" />
<String CONTENT="and" HEIGHT="39" HPOS="723" VPOS="1460" WIDTH="95" />
<SP HEIGHT="39" HPOS="819" VPOS="1460" WIDTH="28" />
<String CONTENT="aff." HEIGHT="40" HPOS="848" VPOS="1459" WIDTH="80" />
<SP HEIGHT="38" HPOS="929" VPOS="1461" WIDTH="30" />
<String CONTENT="Mar." HEIGHT="38" HPOS="960" VPOS="1461" WIDTH="121" />
<SP HEIGHT="39" HPOS="1082" VPOS="1460" WIDTH="28" />
<String CONTENT="23;" HEIGHT="46" HPOS="1111" VPOS="1459" WIDTH="81" />
<SP HEIGHT="45" HPOS="1193" VPOS="1460" WIDTH="33" />
<String CONTENT="A" HEIGHT="39" HPOS="1227" VPOS="1460" WIDTH="40" />
<SP HEIGHT="42" HPOS="1268" VPOS="1457" WIDTH="26" />
<String CONTENT="92451;" HEIGHT="49" HPOS="1295" VPOS="1457" WIDTH="171" />
<SP HEIGHT="46" HPOS="1467" VPOS="1460" WIDTH="32" />
<String CONTENT="University" HEIGHT="48" HPOS="1500" VPOS="1458" WIDTH="283" />
<SP HEIGHT="37" HPOS="1784" VPOS="1469" WIDTH="28" />
<String CONTENT="of" HEIGHT="40" HPOS="1813" VPOS="1459" WIDTH="52" />
<SP HEIGHT="41" HPOS="1866" VPOS="1459" WIDTH="28" />
<String CONTENT="Chicago," HEIGHT="50" HPOS="1895" VPOS="1457" WIDTH="226" />
</TextLine>
<TextLine HEIGHT="48" HPOS="195" VPOS="1516" WIDTH="573">
<String CONTENT="Chicago." HEIGHT="48" HPOS="195" VPOS="1516" WIDTH="225" />
<SP HEIGHT="46" HPOS="421" VPOS="1517" WIDTH="65" />
<String CONTENT="(36-14568)" HEIGHT="48" HPOS="487" VPOS="1516" WIDTH="281" />
</TextLine>
<TextLine CS="1" HEIGHT="70" HPOS="253" STYLEREFS="StyleId-04825186-E2D7-4C92-91FC-F1BC2477477F-" VPOS="1617" WIDTH="1863">
<String CONTENT="&#8230;" CS="1" />
<SP HEIGHT="52" HPOS="253" VPOS="1618" WIDTH="38" />
<String CONTENT="Finance," HEIGHT="68" HPOS="292" VPOS="1618" WIDTH="268" />
<SP HEIGHT="69" HPOS="561" VPOS="1617" WIDTH="29" />
<String CONTENT="by" HEIGHT="70" HPOS="591" VPOS="1617" WIDTH="77" />
<SP HEIGHT="70" HPOS="669" VPOS="1617" WIDTH="34" />
<String CONTENT="John" HEIGHT="54" HPOS="704" VPOS="1617" WIDTH="154" />
<SP HEIGHT="52" HPOS="859" VPOS="1618" WIDTH="34" />
<String CONTENT="Dale" HEIGHT="52" HPOS="894" VPOS="1618" WIDTH="144" />
<SP HEIGHT="52" HPOS="1039" VPOS="1618" WIDTH="37" />
<String CONTENT="Russell" HEIGHT="54" HPOS="1077" VPOS="1617" WIDTH="223" />
<SP />
<String CONTENT="[and]" CS="1" HEIGHT="34" HPOS="1478" VPOS="1651" WIDTH="13" />
<SP HEIGHT="67" HPOS="1492" VPOS="1618" WIDTH="43" />
<String CONTENT="Floyd" HEIGHT="70" HPOS="1536" VPOS="1617" WIDTH="187" />
<SP HEIGHT="54" HPOS="1724" VPOS="1618" WIDTH="34" />
<String CONTENT="W." HEIGHT="53" HPOS="1759" VPOS="1619" WIDTH="89" />
<SP HEIGHT="53" HPOS="1849" VPOS="1618" WIDTH="38" />
<String CONTENT="Reeves." HEIGHT="53" HPOS="1888" VPOS="1618" WIDTH="228" />
</TextLine>
<TextLine CS="1" HEIGHT="72" HPOS="125" STYLEREFS="StyleId-04825186-E2D7-4C92-91FC-F1BC2477477F-" VPOS="1693" WIDTH="1687">
<String CONTENT="Chicago," HEIGHT="72" HPOS="125" VPOS="1693" WIDTH="268" />
<SP HEIGHT="65" HPOS="394" VPOS="1696" WIDTH="25" />
<String CONTENT="Ill.," HEIGHT="67" HPOS="420" VPOS="1696" WIDTH="113" />
<SP HEIGHT="67" HPOS="534" VPOS="1696" WIDTH="26" />
<String CONTENT="The" HEIGHT="52" HPOS="561" VPOS="1696" WIDTH="123" />
<SP HEIGHT="53" HPOS="685" VPOS="1697" WIDTH="22" />
<String CONTENT="University" HEIGHT="68" HPOS="708" VPOS="1696" WIDTH="339" />
<SP HEIGHT="50" HPOS="1048" VPOS="1714" WIDTH="27" />
<String CONTENT="of" HEIGHT="54" HPOS="1076" VPOS="1694" WIDTH="64" />
<SP HEIGHT="56" HPOS="1141" VPOS="1694" WIDTH="27" />
<String CONTENT="Chicago" HEIGHT="69" HPOS="1169" VPOS="1695" WIDTH="252" />
<SP HEIGHT="49" HPOS="1422" VPOS="1714" WIDTH="25" />
<String CONTENT="press" HEIGHT="49" HPOS="1448" VPOS="1714" WIDTH="156" />
<SP />
<String CONTENT="[1935]" CS="1" HEIGHT="34" HPOS="1799" VPOS="1728" WIDTH="13" />
</TextLine>
<TextLine CS="1" HEIGHT="51" HPOS="193" VPOS="1767" WIDTH="1923">
<String CONTENT="xvii," HEIGHT="49" HPOS="193" VPOS="1768" WIDTH="115" />
<SP HEIGHT="46" HPOS="309" VPOS="1771" WIDTH="33" />
<String CONTENT="133" HEIGHT="41" HPOS="343" VPOS="1769" WIDTH="83" />
<SP HEIGHT="47" HPOS="427" VPOS="1769" WIDTH="32" />
<String CONTENT="p." HEIGHT="37" HPOS="460" VPOS="1779" WIDTH="42" />
<SP HEIGHT="42" HPOS="503" VPOS="1771" WIDTH="60" />
<String CONTENT="diagrs." HEIGHT="47" HPOS="564" VPOS="1769" WIDTH="179" />
<SP HEIGHT="40" HPOS="744" VPOS="1770" WIDTH="59" />
<String CONTENT="19&#189;cm." CS="1" HEIGHT="41" HPOS="804" VPOS="1768" WIDTH="56" />
<SP HEIGHT="48" HPOS="950" VPOS="1770" WIDTH="69" />
<String CONTENT="(The" HEIGHT="49" HPOS="1020" VPOS="1769" WIDTH="125" />
<SP HEIGHT="31" HPOS="1146" VPOS="1779" WIDTH="31" />
<String CONTENT="evaluation" HEIGHT="41" HPOS="1178" VPOS="1768" WIDTH="279" />
<SP HEIGHT="29" HPOS="1458" VPOS="1779" WIDTH="34" />
<String CONTENT="of" HEIGHT="40" HPOS="1493" VPOS="1768" WIDTH="52" />
<SP HEIGHT="40" HPOS="1546" VPOS="1768" WIDTH="28" />
<String CONTENT="higher" HEIGHT="49" HPOS="1575" VPOS="1767" WIDTH="173" />
<SP HEIGHT="39" HPOS="1749" VPOS="1768" WIDTH="31" />
<String CONTENT="institutions;" HEIGHT="47" HPOS="1781" VPOS="1768" WIDTH="335" />
</TextLine>
<TextLine HEIGHT="48" HPOS="124" VPOS="1825" WIDTH="1995">
<String CONTENT="a" HEIGHT="30" HPOS="124" VPOS="1835" WIDTH="27" />
<SP HEIGHT="30" HPOS="152" VPOS="1835" WIDTH="37" />
<String CONTENT="series" HEIGHT="41" HPOS="190" VPOS="1826" WIDTH="150" />
<SP HEIGHT="30" HPOS="341" VPOS="1837" WIDTH="34" />
<String CONTENT="of" HEIGHT="40" HPOS="376" VPOS="1826" WIDTH="53" />
<SP HEIGHT="39" HPOS="430" VPOS="1826" WIDTH="34" />
<String CONTENT="monographs" HEIGHT="46" HPOS="465" VPOS="1827" WIDTH="322" />
<SP HEIGHT="41" HPOS="788" VPOS="1826" WIDTH="33" />
<String CONTENT="based" HEIGHT="41" HPOS="822" VPOS="1826" WIDTH="148" />
<SP HEIGHT="39" HPOS="971" VPOS="1827" WIDTH="38" />
<String CONTENT="on" HEIGHT="29" HPOS="1010" VPOS="1837" WIDTH="60" />
<SP HEIGHT="39" HPOS="1071" VPOS="1827" WIDTH="34" />
<String CONTENT="the" HEIGHT="40" HPOS="1106" VPOS="1827" WIDTH="86" />
<SP HEIGHT="40" HPOS="1193" VPOS="1827" WIDTH="34" />
<String CONTENT="investigation" HEIGHT="48" HPOS="1228" VPOS="1825" WIDTH="347" />
<SP HEIGHT="29" HPOS="1576" VPOS="1836" WIDTH="38" />
<String CONTENT="conducted" HEIGHT="40" HPOS="1615" VPOS="1826" WIDTH="266" />
<SP HEIGHT="40" HPOS="1882" VPOS="1826" WIDTH="34" />
<String CONTENT="for" HEIGHT="40" HPOS="1917" VPOS="1826" WIDTH="80" />
<SP HEIGHT="40" HPOS="1998" VPOS="1827" WIDTH="38" />
<String CONTENT="the" HEIGHT="41" HPOS="2037" VPOS="1826" WIDTH="82" />
</TextLine>
<TextLine HEIGHT="50" HPOS="123" VPOS="1880" WIDTH="1996">
<String CONTENT="Committee" HEIGHT="44" HPOS="123" VPOS="1880" WIDTH="285" />
<SP HEIGHT="30" HPOS="409" VPOS="1894" WIDTH="28" />
<String CONTENT="on" HEIGHT="29" HPOS="438" VPOS="1894" WIDTH="59" />
<SP HEIGHT="28" HPOS="498" VPOS="1894" WIDTH="30" />
<String CONTENT="revision" HEIGHT="41" HPOS="529" VPOS="1882" WIDTH="211" />
<SP HEIGHT="29" HPOS="741" VPOS="1894" WIDTH="30" />
<String CONTENT="of" HEIGHT="41" HPOS="772" VPOS="1882" WIDTH="54" />
<SP HEIGHT="41" HPOS="827" VPOS="1882" WIDTH="28" />
<String CONTENT="standards," HEIGHT="46" HPOS="856" VPOS="1883" WIDTH="275" />
<SP HEIGHT="47" HPOS="1132" VPOS="1882" WIDTH="32" />
<String CONTENT="Commission" HEIGHT="42" HPOS="1165" VPOS="1881" WIDTH="319" />
<SP HEIGHT="30" HPOS="1485" VPOS="1892" WIDTH="29" />
<String CONTENT="on" HEIGHT="30" HPOS="1515" VPOS="1892" WIDTH="61" />
<SP HEIGHT="39" HPOS="1577" VPOS="1883" WIDTH="30" />
<String CONTENT="higher" HEIGHT="48" HPOS="1608" VPOS="1882" WIDTH="173" />
<SP HEIGHT="40" HPOS="1782" VPOS="1882" WIDTH="26" />
<String CONTENT="institutions" HEIGHT="41" HPOS="1809" VPOS="1882" WIDTH="310" />
</TextLine>
<TextLine HEIGHT="48" HPOS="123" VPOS="1939" WIDTH="1986">
<String CONTENT="of" HEIGHT="40" HPOS="123" VPOS="1939" WIDTH="52" />
<SP HEIGHT="41" HPOS="176" VPOS="1939" WIDTH="24" />
<String CONTENT="the" HEIGHT="42" HPOS="201" VPOS="1939" WIDTH="80" />
<SP HEIGHT="40" HPOS="282" VPOS="1941" WIDTH="24" />
<String CONTENT="North" HEIGHT="39" HPOS="307" VPOS="1941" WIDTH="156" />
<SP HEIGHT="39" HPOS="464" VPOS="1941" WIDTH="23" />
<String CONTENT="central" HEIGHT="40" HPOS="488" VPOS="1940" WIDTH="187" />
<SP HEIGHT="40" HPOS="676" VPOS="1940" WIDTH="23" />
<String CONTENT="association" HEIGHT="40" HPOS="700" VPOS="1940" WIDTH="295" />
<SP HEIGHT="30" HPOS="996" VPOS="1950" WIDTH="26" />
<String CONTENT="of" HEIGHT="41" HPOS="1023" VPOS="1939" WIDTH="54" />
<SP HEIGHT="41" HPOS="1078" VPOS="1939" WIDTH="23" />
<String CONTENT="colleges" HEIGHT="48" HPOS="1102" VPOS="1939" WIDTH="202" />
<SP HEIGHT="30" HPOS="1305" VPOS="1950" WIDTH="29" />
<String CONTENT="and" HEIGHT="39" HPOS="1335" VPOS="1940" WIDTH="96" />
<SP HEIGHT="39" HPOS="1432" VPOS="1940" WIDTH="28" />
<String CONTENT="secondary" HEIGHT="46" HPOS="1461" VPOS="1941" WIDTH="265" />
<SP HEIGHT="37" HPOS="1727" VPOS="1950" WIDTH="24" />
<String CONTENT="schools," HEIGHT="40" HPOS="1752" VPOS="1940" WIDTH="201" />
<SP HEIGHT="29" HPOS="1954" VPOS="1950" WIDTH="59" />
<String CONTENT="VI)" HEIGHT="47" HPOS="2014" VPOS="1940" WIDTH="95" />
</TextLine>
<TextLine HEIGHT="53" HPOS="123" VPOS="1995" WIDTH="1997">
<String CONTENT="&#169;" HEIGHT="53" HPOS="123" VPOS="1995" WIDTH="52" />
<SP HEIGHT="53" HPOS="176" VPOS="1995" WIDTH="28" />
<String CONTENT="Nov." HEIGHT="39" HPOS="205" VPOS="2000" WIDTH="117" />
<SP HEIGHT="39" HPOS="323" VPOS="1999" WIDTH="29" />
<String CONTENT="26," HEIGHT="48" HPOS="353" VPOS="1999" WIDTH="69" />
<SP HEIGHT="48" HPOS="423" VPOS="1999" WIDTH="29" />
<String CONTENT="1935;" HEIGHT="47" HPOS="453" VPOS="1999" WIDTH="139" />
<SP HEIGHT="48" HPOS="593" VPOS="1998" WIDTH="30" />
<String CONTENT="2c." HEIGHT="40" HPOS="624" VPOS="1998" WIDTH="69" />
<SP HEIGHT="30" HPOS="694" VPOS="2008" WIDTH="29" />
<String CONTENT="and" HEIGHT="39" HPOS="724" VPOS="1999" WIDTH="96" />
<SP HEIGHT="39" HPOS="821" VPOS="1999" WIDTH="29" />
<String CONTENT="aff." HEIGHT="40" HPOS="851" VPOS="1998" WIDTH="81" />
<SP HEIGHT="39" HPOS="933" VPOS="1999" WIDTH="30" />
<String CONTENT="Dec." HEIGHT="38" HPOS="964" VPOS="1999" WIDTH="110" />
<SP HEIGHT="38" HPOS="1075" VPOS="1999" WIDTH="30" />
<String CONTENT="16;" HEIGHT="47" HPOS="1106" VPOS="1998" WIDTH="82" />
<SP HEIGHT="46" HPOS="1189" VPOS="1999" WIDTH="32" />
<String CONTENT="A" HEIGHT="38" HPOS="1222" VPOS="1999" WIDTH="41" />
<SP HEIGHT="40" HPOS="1264" VPOS="1999" WIDTH="29" />
<String CONTENT="89884;" HEIGHT="47" HPOS="1294" VPOS="1997" WIDTH="170" />
<SP HEIGHT="45" HPOS="1465" VPOS="1999" WIDTH="30" />
<String CONTENT="University" HEIGHT="48" HPOS="1496" VPOS="1997" WIDTH="283" />
<SP HEIGHT="36" HPOS="1780" VPOS="2009" WIDTH="30" />
<String CONTENT="of" HEIGHT="41" HPOS="1811" VPOS="1998" WIDTH="51" />
<SP HEIGHT="41" HPOS="1863" VPOS="1998" WIDTH="30" />
<String CONTENT="Chicago," HEIGHT="52" HPOS="1894" VPOS="1995" WIDTH="226" />
</TextLine>
<TextLine HEIGHT="49" HPOS="195" VPOS="2055" WIDTH="576">
<String CONTENT="Chicago." HEIGHT="49" HPOS="195" VPOS="2055" WIDTH="222" />
<SP HEIGHT="48" HPOS="418" VPOS="2055" WIDTH="72" />
<String CONTENT="(36-14566)" HEIGHT="48" HPOS="491" VPOS="2055" WIDTH="280" />
</TextLine>
<TextLine HEIGHT="67" HPOS="124" STYLEREFS="StyleId-43A443BF-2531-416C-8CAC-536B553DA5F8-" VPOS="2156" WIDTH="917">
<String CONTENT="St." HEIGHT="53" HPOS="124" VPOS="2159" WIDTH="85" />
<SP HEIGHT="52" HPOS="210" VPOS="2159" WIDTH="27" />
<String CONTENT="Martin," HEIGHT="66" HPOS="238" VPOS="2156" WIDTH="241" />
<SP HEIGHT="63" HPOS="480" VPOS="2159" WIDTH="26" />
<String CONTENT="Thaddeus," HEIGHT="66" HPOS="507" VPOS="2157" WIDTH="332" />
<SP HEIGHT="59" HPOS="840" VPOS="2164" WIDTH="30" />
<String CONTENT="1886-" HEIGHT="49" HPOS="871" VPOS="2164" WIDTH="170" />
</TextLine>
<TextLine CS="1" HEIGHT="69" HPOS="255" STYLEREFS="StyleId-04825186-E2D7-4C92-91FC-F1BC2477477F-" VPOS="2234" WIDTH="1864">
<String CONTENT="&#8230;" CS="1" />
<SP HEIGHT="52" HPOS="255" VPOS="2236" WIDTH="68" />
<String CONTENT="Madame" HEIGHT="54" HPOS="324" VPOS="2235" WIDTH="265" />
<SP HEIGHT="52" HPOS="590" VPOS="2237" WIDTH="60" />
<String CONTENT="Toussaint&#8217;s" HEIGHT="55" HPOS="651" VPOS="2234" WIDTH="351" />
<SP HEIGHT="35" HPOS="1003" VPOS="2254" WIDTH="64" />
<String CONTENT="wedding" HEIGHT="68" HPOS="1068" VPOS="2234" WIDTH="264" />
<SP HEIGHT="67" HPOS="1333" VPOS="2235" WIDTH="62" />
<String CONTENT="day." HEIGHT="68" HPOS="1396" VPOS="2235" WIDTH="127" />
<SP HEIGHT="50" HPOS="1524" VPOS="2238" WIDTH="102" />
<String CONTENT="Boston," HEIGHT="64" HPOS="1627" VPOS="2238" WIDTH="232" />
<SP HEIGHT="65" HPOS="1860" VPOS="2237" WIDTH="63" />
<String CONTENT="Little," HEIGHT="68" HPOS="1924" VPOS="2235" WIDTH="195" />
</TextLine>
<TextLine HEIGHT="67" HPOS="125" STYLEREFS="StyleId-04825186-E2D7-4C92-91FC-F1BC2477477F-" VPOS="2314" WIDTH="866">
<String CONTENT="Brown," HEIGHT="63" HPOS="125" VPOS="2317" WIDTH="226" />
<SP HEIGHT="46" HPOS="352" VPOS="2334" WIDTH="26" />
<String CONTENT="and" HEIGHT="53" HPOS="379" VPOS="2314" WIDTH="112" />
<SP HEIGHT="52" HPOS="492" VPOS="2314" WIDTH="24" />
<String CONTENT="company," HEIGHT="49" HPOS="517" VPOS="2332" WIDTH="295" />
<SP HEIGHT="63" HPOS="813" VPOS="2317" WIDTH="28" />
<String CONTENT="1936." HEIGHT="50" HPOS="842" VPOS="2316" WIDTH="149" />
</TextLine>
<TextLine CS="1" HEIGHT="50" HPOS="194" VPOS="2385" WIDTH="989">
<String CONTENT="5" HEIGHT="39" HPOS="194" VPOS="2388" WIDTH="29" />
<SP HEIGHT="46" HPOS="224" VPOS="2388" WIDTH="21" />
<String CONTENT="p." HEIGHT="37" HPOS="246" VPOS="2397" WIDTH="43" />
<SP HEIGHT="40" HPOS="290" VPOS="2387" WIDTH="26" />
<String CONTENT="l.," CS="1" />
<SP HEIGHT="29" HPOS="362" VPOS="2406" WIDTH="29" />
<String CONTENT="[3]-281" HEIGHT="49" HPOS="392" VPOS="2386" WIDTH="173" />
<SP HEIGHT="47" HPOS="566" VPOS="2387" WIDTH="25" />
<String CONTENT="p." HEIGHT="37" HPOS="592" VPOS="2397" WIDTH="42" />
<SP HEIGHT="39" HPOS="635" VPOS="2386" WIDTH="56" />
<String CONTENT="front.," HEIGHT="48" HPOS="692" VPOS="2386" WIDTH="162" />
<SP HEIGHT="48" HPOS="855" VPOS="2386" WIDTH="27" />
<String CONTENT="illus." HEIGHT="40" HPOS="883" VPOS="2386" WIDTH="129" />
<SP HEIGHT="40" HPOS="1013" VPOS="2386" WIDTH="53" />
<String CONTENT="20" HEIGHT="40" HPOS="1067" VPOS="2385" WIDTH="55" />
<String CONTENT="cm" HEIGHT="23" HPOS="1124" STYLE="superscript" VPOS="2388" WIDTH="45" />
<String CONTENT="." HEIGHT="7" HPOS="1176" VPOS="2418" WIDTH="7" />
</TextLine>
<TextLine CS="1" HEIGHT="108" HPOS="124" VPOS="2439" WIDTH="1979">
<String CONTENT="&#169;" HEIGHT="52" HPOS="124" VPOS="2440" WIDTH="52" />
<SP HEIGHT="52" HPOS="177" VPOS="2440" WIDTH="24" />
<String CONTENT="July" HEIGHT="46" HPOS="202" VPOS="2444" WIDTH="116" />
<SP HEIGHT="46" HPOS="319" VPOS="2444" WIDTH="24" />
<String CONTENT="17," HEIGHT="47" HPOS="344" VPOS="2444" WIDTH="68" />
<SP HEIGHT="44" HPOS="413" VPOS="2447" WIDTH="26" />
<String CONTENT="1936;" HEIGHT="46" HPOS="440" VPOS="2442" WIDTH="140" />
<SP HEIGHT="45" HPOS="581" VPOS="2443" WIDTH="27" />
<String CONTENT="2c." HEIGHT="39" HPOS="609" VPOS="2443" WIDTH="68" />
<SP HEIGHT="29" HPOS="678" VPOS="2453" WIDTH="25" />
<String CONTENT="and" HEIGHT="40" HPOS="704" VPOS="2442" WIDTH="96" />
<SP HEIGHT="40" HPOS="801" VPOS="2442" WIDTH="25" />
<String CONTENT="aff" HEIGHT="39" HPOS="827" VPOS="2443" WIDTH="69" />
<String CONTENT="1" HEIGHT="20" HPOS="896" STYLE="superscript" VPOS="2439" WIDTH="4" />
<String CONTENT="." HEIGHT="8" HPOS="902" VPOS="2475" WIDTH="7" />
<SP HEIGHT="40" HPOS="910" VPOS="2443" WIDTH="28" />
<String CONTENT="July" HEIGHT="46" HPOS="939" VPOS="2443" WIDTH="114" />
<SP HEIGHT="46" HPOS="1054" VPOS="2443" WIDTH="25" />
<String CONTENT="18;" HEIGHT="46" HPOS="1080" VPOS="2443" WIDTH="81" />
<SP HEIGHT="46" HPOS="1162" VPOS="2443" WIDTH="29" />
<String CONTENT="A" HEIGHT="39" HPOS="1192" VPOS="2443" WIDTH="42" />
<SP HEIGHT="41" HPOS="1235" VPOS="2441" WIDTH="22" />
<String CONTENT="96547;" HEIGHT="48" HPOS="1258" VPOS="2441" WIDTH="171" />
<SP HEIGHT="46" HPOS="1430" VPOS="2443" WIDTH="29" />
<String CONTENT="Little," HEIGHT="50" HPOS="1460" VPOS="2441" WIDTH="163" />
<SP HEIGHT="47" HPOS="1624" VPOS="2444" WIDTH="28" />
<String CONTENT="Brown," HEIGHT="47" HPOS="1653" VPOS="2444" WIDTH="191" />
<SP HEIGHT="37" HPOS="1845" VPOS="2454" WIDTH="30" />
<String CONTENT="and" HEIGHT="39" HPOS="1876" VPOS="2444" WIDTH="96" />
<SP HEIGHT="39" HPOS="1973" VPOS="2444" WIDTH="26" />
<String CONTENT="company." HEIGHT="94" HPOS="193" VPOS="2453" WIDTH="1910" />
</TextLine>
<TextLine HEIGHT="65" HPOS="123" STYLEREFS="StyleId-43A443BF-2531-416C-8CAC-536B553DA5F8-" VPOS="2602" WIDTH="925">
<String CONTENT="Sassoon," HEIGHT="64" HPOS="123" VPOS="2603" WIDTH="273" />
<SP HEIGHT="64" HPOS="397" VPOS="2603" WIDTH="25" />
<String CONTENT="Siegfried" HEIGHT="64" HPOS="423" VPOS="2602" WIDTH="296" />
<SP HEIGHT="53" HPOS="720" VPOS="2603" WIDTH="25" />
<String CONTENT="Lorraine." HEIGHT="55" HPOS="746" VPOS="2603" WIDTH="302" />
</TextLine>
<TextLine HEIGHT="69" HPOS="194" STYLEREFS="StyleId-04825186-E2D7-4C92-91FC-F1BC2477477F-" VPOS="2678" WIDTH="1850">
<String CONTENT="Further" HEIGHT="53" HPOS="194" VPOS="2680" WIDTH="249" />
<SP HEIGHT="34" HPOS="444" VPOS="2699" WIDTH="33" />
<String CONTENT="experiences" HEIGHT="68" HPOS="478" VPOS="2678" WIDTH="356" />
<SP HEIGHT="34" HPOS="835" VPOS="2698" WIDTH="34" />
<String CONTENT="of" HEIGHT="53" HPOS="870" VPOS="2679" WIDTH="63" />
<SP HEIGHT="55" HPOS="934" VPOS="2679" WIDTH="33" />
<String CONTENT="George" HEIGHT="66" HPOS="968" VPOS="2680" WIDTH="222" />
<SP HEIGHT="55" HPOS="1191" VPOS="2679" WIDTH="37" />
<String CONTENT="Sherston." HEIGHT="55" HPOS="1229" VPOS="2679" WIDTH="288" />
<SP HEIGHT="33" HPOS="1518" VPOS="2714" WIDTH="77" />
<String CONTENT="[Instalment" HEIGHT="67" HPOS="1596" VPOS="2680" WIDTH="359" />
<SP HEIGHT="51" HPOS="1956" VPOS="2683" WIDTH="40" />
<String CONTENT="1]" HEIGHT="64" HPOS="1997" VPOS="2683" WIDTH="47" />
</TextLine>
<TextLine HEIGHT="53" HPOS="204" STYLEREFS="StyleId-A90FF24B-1222-46B9-AC22-C8F4A144C3FF-" VPOS="2748" WIDTH="1240">
<String CONTENT="(In" HEIGHT="47" HPOS="204" VPOS="2752" WIDTH="80" />
<SP HEIGHT="42" HPOS="285" VPOS="2749" WIDTH="30" />
<String CONTENT="Nash&#8217;s" HEIGHT="43" HPOS="316" VPOS="2749" WIDTH="182" />
<SP HEIGHT="42" HPOS="499" VPOS="2750" WIDTH="29" />
<String CONTENT="Pall" HEIGHT="43" HPOS="529" VPOS="2749" WIDTH="109" />
<SP HEIGHT="43" HPOS="639" VPOS="2749" WIDTH="29" />
<String CONTENT="mall" HEIGHT="42" HPOS="669" VPOS="2749" WIDTH="117" />
<SP HEIGHT="42" HPOS="787" VPOS="2749" WIDTH="28" />
<String CONTENT="magazine," HEIGHT="53" HPOS="816" VPOS="2748" WIDTH="276" />
<SP HEIGHT="51" HPOS="1093" VPOS="2749" WIDTH="29" />
<String CONTENT="June," HEIGHT="51" HPOS="1123" VPOS="2749" WIDTH="142" />
<SP HEIGHT="50" HPOS="1266" VPOS="2750" WIDTH="35" />
<String CONTENT="1936)" HEIGHT="49" HPOS="1302" VPOS="2750" WIDTH="142" />
</TextLine>
<TextLine CS="1" HEIGHT="52" HPOS="125" VPOS="2804" WIDTH="1994">
<String CONTENT="&#169;" HEIGHT="52" HPOS="125" VPOS="2804" WIDTH="53" />
<SP />
<String CONTENT="1c." CS="1" />
<SP />
<String CONTENT="July" HEIGHT="46" HPOS="315" VPOS="2809" WIDTH="114" />
<SP HEIGHT="46" HPOS="430" VPOS="2809" WIDTH="35" />
<String CONTENT="15," HEIGHT="46" HPOS="466" VPOS="2809" WIDTH="67" />
<SP HEIGHT="45" HPOS="534" VPOS="2810" WIDTH="37" />
<String CONTENT="1936;" HEIGHT="45" HPOS="572" VPOS="2808" WIDTH="141" />
<SP HEIGHT="44" HPOS="714" VPOS="2809" WIDTH="38" />
<String CONTENT="A" HEIGHT="38" HPOS="753" VPOS="2809" WIDTH="38" />
<SP HEIGHT="38" HPOS="792" VPOS="2809" WIDTH="28" />
<String CONTENT="ad" HEIGHT="38" HPOS="821" VPOS="2809" WIDTH="69" />
<SP HEIGHT="39" HPOS="891" VPOS="2808" WIDTH="36" />
<String CONTENT="int." HEIGHT="40" HPOS="928" VPOS="2808" WIDTH="85" />
<SP HEIGHT="40" HPOS="1014" VPOS="2808" WIDTH="37" />
<String CONTENT="21723;" HEIGHT="48" HPOS="1052" VPOS="2808" WIDTH="170" />
<SP HEIGHT="37" HPOS="1223" VPOS="2819" WIDTH="38" />
<String CONTENT="pubd." HEIGHT="48" HPOS="1262" VPOS="2808" WIDTH="143" />
<SP HEIGHT="39" HPOS="1406" VPOS="2810" WIDTH="38" />
<String CONTENT="May" HEIGHT="46" HPOS="1445" VPOS="2810" WIDTH="112" />
<SP HEIGHT="47" HPOS="1558" VPOS="2809" WIDTH="38" />
<String CONTENT="19;" HEIGHT="47" HPOS="1597" VPOS="2808" WIDTH="81" />
<SP HEIGHT="46" HPOS="1679" VPOS="2809" WIDTH="41" />
<String CONTENT="S." HEIGHT="40" HPOS="1721" VPOS="2809" WIDTH="43" />
<SP HEIGHT="40" HPOS="1765" VPOS="2809" WIDTH="39" />
<String CONTENT="L." HEIGHT="40" HPOS="1805" VPOS="2809" WIDTH="50" />
<SP HEIGHT="41" HPOS="1856" VPOS="2808" WIDTH="40" />
<String CONTENT="Sassoon," HEIGHT="46" HPOS="1897" VPOS="2808" WIDTH="222" />
</TextLine>
<TextLine HEIGHT="50" HPOS="195" VPOS="2864" WIDTH="536">
<String CONTENT="Wiltshire," HEIGHT="49" HPOS="195" VPOS="2864" WIDTH="265" />
<SP HEIGHT="47" HPOS="461" VPOS="2866" WIDTH="34" />
<String CONTENT="England." HEIGHT="49" HPOS="496" VPOS="2865" WIDTH="235" />
</TextLine>
<TextLine HEIGHT="64" HPOS="123" STYLEREFS="StyleId-43A443BF-2531-416C-8CAC-536B553DA5F8-" VPOS="2969" WIDTH="465">
<String CONTENT="Scherf," HEIGHT="64" HPOS="123" LANG="de" VPOS="2969" WIDTH="229" />
<SP HEIGHT="62" HPOS="353" VPOS="2971" WIDTH="25" />
<String CONTENT="David." HEIGHT="58" HPOS="379" LANG="en-US" VPOS="2969" WIDTH="209" />
</TextLine>
<TextLine HEIGHT="71" HPOS="193" STYLEREFS="StyleId-04825186-E2D7-4C92-91FC-F1BC2477477F-" VPOS="3044" WIDTH="1929">
<String CONTENT="Klinik" HEIGHT="53" HPOS="193" LANG="de" VPOS="3045" WIDTH="208" />
<SP HEIGHT="52" HPOS="402" VPOS="3046" WIDTH="51" />
<String CONTENT="und" HEIGHT="52" HPOS="454" LANG="de" VPOS="3047" WIDTH="119" />
<SP HEIGHT="52" HPOS="574" VPOS="3047" WIDTH="53" />
<String CONTENT="therapie" HEIGHT="68" HPOS="628" LANG="en-US" VPOS="3046" WIDTH="258" />
<SP HEIGHT="51" HPOS="887" VPOS="3048" WIDTH="55" />
<String CONTENT="der" HEIGHT="51" HPOS="943" LANG="de" VPOS="3048" WIDTH="100" />
<SP HEIGHT="51" HPOS="1044" VPOS="3047" WIDTH="53" />
<String CONTENT="herzkrankheiten;" HEIGHT="67" HPOS="1098" LANG="en-US" VPOS="3046" WIDTH="541" />
<SP HEIGHT="48" HPOS="1640" VPOS="3065" WIDTH="56" />
<String CONTENT="vortr&#228;ge" HEIGHT="66" HPOS="1697" LANG="de" VPOS="3049" WIDTH="267" />
<SP HEIGHT="55" HPOS="1965" VPOS="3044" WIDTH="56" />
<String CONTENT="f&#252;r" HEIGHT="55" HPOS="2022" LANG="de" VPOS="3044" WIDTH="100" />
</TextLine>
<TextLine CS="1" HEIGHT="69" HPOS="125" LANG="de" STYLEREFS="StyleId-04825186-E2D7-4C92-91FC-F1BC2477477F-" VPOS="3124" WIDTH="1995">
<String CONTENT="praktische" HEIGHT="67" HPOS="125" VPOS="3124" WIDTH="327" />
<SP HEIGHT="48" HPOS="453" VPOS="3128" WIDTH="31" />
<String CONTENT="&#228;rzte," HEIGHT="64" HPOS="485" VPOS="3128" WIDTH="169" />
<SP HEIGHT="48" HPOS="655" VPOS="3144" WIDTH="35" />
<String CONTENT="von" HEIGHT="33" HPOS="691" VPOS="3144" WIDTH="109" />
<SP HEIGHT="49" HPOS="801" VPOS="3144" WIDTH="34" />
<String CONTENT="privatdozent" HEIGHT="68" HPOS="836" VPOS="3125" WIDTH="397" />
<SP HEIGHT="52" HPOS="1234" VPOS="3126" WIDTH="36" />
<String CONTENT="dr." HEIGHT="52" HPOS="1271" LANG="en-US" VPOS="3126" WIDTH="83" />
<SP HEIGHT="51" HPOS="1355" VPOS="3126" WIDTH="37" />
<String CONTENT="D." HEIGHT="51" HPOS="1393" VPOS="3126" WIDTH="71" />
<SP HEIGHT="56" HPOS="1465" VPOS="3124" WIDTH="38" />
<String CONTENT="Scherf" HEIGHT="56" HPOS="1504" VPOS="3124" WIDTH="208" />
<SP HEIGHT="53" HPOS="1713" VPOS="3124" WIDTH="37" />
<String CONTENT="&#8230;" CS="1" />
<SP />
<String CONTENT="2." HEIGHT="50" HPOS="1882" VPOS="3128" WIDTH="49" />
<SP HEIGHT="34" HPOS="1932" VPOS="3144" WIDTH="34" />
<String CONTENT="verb," HEIGHT="54" HPOS="1967" LANG="en-US" VPOS="3124" WIDTH="153" />
</TextLine>
<TextLine HEIGHT="72" HPOS="124" LANG="de" STYLEREFS="StyleId-04825186-E2D7-4C92-91FC-F1BC2477477F-" VPOS="3201" WIDTH="1997">
<String CONTENT="und" HEIGHT="52" HPOS="124" VPOS="3203" WIDTH="117" />
<SP HEIGHT="52" HPOS="242" VPOS="3203" WIDTH="30" />
<String CONTENT="verm." HEIGHT="35" HPOS="273" VPOS="3221" WIDTH="170" />
<SP HEIGHT="34" HPOS="444" VPOS="3222" WIDTH="33" />
<String CONTENT="aufl." HEIGHT="52" HPOS="478" VPOS="3203" WIDTH="128" />
<SP HEIGHT="51" HPOS="607" VPOS="3204" WIDTH="68" />
<String CONTENT="Mit" HEIGHT="55" HPOS="676" VPOS="3201" WIDTH="111" />
<SP HEIGHT="48" HPOS="788" VPOS="3208" WIDTH="34" />
<String CONTENT="10" HEIGHT="49" HPOS="823" VPOS="3207" WIDTH="63" />
<SP HEIGHT="49" HPOS="887" VPOS="3207" WIDTH="29" />
<String CONTENT="textabbildungen." HEIGHT="69" HPOS="917" VPOS="3204" WIDTH="526" />
<SP HEIGHT="54" HPOS="1444" VPOS="3204" WIDTH="64" />
<String CONTENT="Wien," HEIGHT="68" HPOS="1509" VPOS="3204" WIDTH="187" />
<SP HEIGHT="67" HPOS="1697" VPOS="3205" WIDTH="31" />
<String CONTENT="J." HEIGHT="54" HPOS="1729" VPOS="3205" WIDTH="55" />
<SP HEIGHT="56" HPOS="1785" VPOS="3203" WIDTH="36" />
<String CONTENT="Springer," HEIGHT="70" HPOS="1822" VPOS="3203" WIDTH="299" />
</TextLine>
<TextLine HEIGHT="49" HPOS="128" LANG="de" STYLEREFS="StyleId-04825186-E2D7-4C92-91FC-F1BC2477477F-" VPOS="3284" WIDTH="148">
<String CONTENT="1935." HEIGHT="49" HPOS="128" VPOS="3284" WIDTH="148" />
</TextLine>
<TextLine CS="1" HEIGHT="50" HPOS="198" LANG="de" VPOS="3354" WIDTH="762">
<String CONTENT="vi," HEIGHT="47" HPOS="198" VPOS="3354" WIDTH="62" />
<SP HEIGHT="46" HPOS="261" VPOS="3355" WIDTH="25" />
<String CONTENT="232" HEIGHT="41" HPOS="287" VPOS="3354" WIDTH="84" />
<SP HEIGHT="49" HPOS="372" VPOS="3354" WIDTH="26" />
<String CONTENT="p." HEIGHT="37" HPOS="399" VPOS="3366" WIDTH="42" />
<SP HEIGHT="39" HPOS="442" VPOS="3354" WIDTH="55" />
<String CONTENT="illus.," HEIGHT="49" HPOS="498" VPOS="3354" WIDTH="142" />
<SP HEIGHT="47" HPOS="641" VPOS="3356" WIDTH="28" />
<String CONTENT="diagrs." HEIGHT="48" HPOS="670" VPOS="3356" WIDTH="178" />
<SP HEIGHT="41" HPOS="849" VPOS="3356" WIDTH="54" />
<String CONTENT="20&#189;cm." CS="1" HEIGHT="41" HPOS="904" VPOS="3355" WIDTH="56" />
</TextLine>
<TextLine CS="1" HEIGHT="56" HPOS="126" LANG="de" VPOS="3406" WIDTH="1993">
<String CONTENT="&#169;" HEIGHT="53" HPOS="126" VPOS="3406" WIDTH="55" />
<SP HEIGHT="53" HPOS="182" VPOS="3406" WIDTH="26" />
<String CONTENT="May" HEIGHT="46" HPOS="209" VPOS="3411" WIDTH="112" />
<SP HEIGHT="46" HPOS="322" VPOS="3411" WIDTH="26" />
<String CONTENT="11," HEIGHT="48" HPOS="349" VPOS="3411" WIDTH="68" />
<SP HEIGHT="47" HPOS="418" VPOS="3412" WIDTH="29" />
<String CONTENT="1935;" HEIGHT="48" HPOS="448" VPOS="3410" WIDTH="139" />
<SP />
<String CONTENT="1c." CS="1" />
<SP />
<String CONTENT="Apr." HEIGHT="47" HPOS="717" LANG="en-US" VPOS="3413" WIDTH="113" />
<SP HEIGHT="41" HPOS="831" VPOS="3413" WIDTH="29" />
<String CONTENT="30," HEIGHT="48" HPOS="861" VPOS="3413" WIDTH="69" />
<SP HEIGHT="48" HPOS="931" VPOS="3413" WIDTH="28" />
<String CONTENT="1936;" HEIGHT="47" HPOS="960" VPOS="3412" WIDTH="140" />
<SP HEIGHT="46" HPOS="1101" VPOS="3413" WIDTH="32" />
<String CONTENT="A" HEIGHT="39" HPOS="1134" LANG="en-US" VPOS="3413" WIDTH="40" />
<String CONTENT="-Foreign" HEIGHT="48" HPOS="1176" VPOS="3413" WIDTH="267" />
<SP HEIGHT="40" HPOS="1444" VPOS="3415" WIDTH="28" />
<String CONTENT="31631;" HEIGHT="47" HPOS="1473" VPOS="3414" WIDTH="171" />
<SP HEIGHT="46" HPOS="1645" VPOS="3415" WIDTH="32" />
<String CONTENT="Julius" HEIGHT="40" HPOS="1678" VPOS="3414" WIDTH="163" />
<SP HEIGHT="41" HPOS="1842" VPOS="3415" WIDTH="32" />
<String CONTENT="Springer." HEIGHT="48" HPOS="1875" VPOS="3414" WIDTH="244" />
</TextLine>
<TextLine HEIGHT="48" HPOS="205" LANG="de" VPOS="3467" WIDTH="278">
<String CONTENT="(36-14456)" HEIGHT="48" HPOS="205" VPOS="3467" WIDTH="278" />
</TextLine>
<TextLine HEIGHT="67" HPOS="124" STYLEREFS="StyleId-43A443BF-2531-416C-8CAC-536B553DA5F8-" VPOS="3569" WIDTH="1049">
<String CONTENT="Sealy," HEIGHT="64" HPOS="124" LANG="de" VPOS="3569" WIDTH="190" />
<SP HEIGHT="63" HPOS="315" VPOS="3570" WIDTH="25" />
<String CONTENT="Donald" HEIGHT="53" HPOS="341" LANG="de" VPOS="3570" WIDTH="224" />
<SP HEIGHT="51" HPOS="566" VPOS="3572" WIDTH="27" />
<String CONTENT="Farrington," HEIGHT="66" HPOS="594" LANG="en-US" VPOS="3570" WIDTH="378" />
<SP HEIGHT="57" HPOS="973" VPOS="3579" WIDTH="28" />
<String CONTENT="1897-" HEIGHT="56" HPOS="1002" LANG="en-US" VPOS="3573" WIDTH="171" />
</TextLine>
<TextLine CS="1" HEIGHT="73" HPOS="195" STYLEREFS="StyleId-04825186-E2D7-4C92-91FC-F1BC2477477F-" VPOS="3645" WIDTH="1582">
<String CONTENT="Law" HEIGHT="52" HPOS="195" VPOS="3646" WIDTH="136" />
<SP HEIGHT="33" HPOS="332" VPOS="3665" WIDTH="30" />
<String CONTENT="of" HEIGHT="53" HPOS="363" VPOS="3645" WIDTH="65" />
<SP HEIGHT="69" HPOS="429" VPOS="3645" WIDTH="26" />
<String CONTENT="persons" HEIGHT="49" HPOS="456" VPOS="3665" WIDTH="232" />
<SP HEIGHT="33" HPOS="689" VPOS="3667" WIDTH="31" />
<String CONTENT="and" HEIGHT="51" HPOS="721" VPOS="3649" WIDTH="111" />
<SP HEIGHT="52" HPOS="833" VPOS="3649" WIDTH="31" />
<String CONTENT="domestic" HEIGHT="53" HPOS="865" VPOS="3649" WIDTH="272" />
<SP HEIGHT="35" HPOS="1138" VPOS="3667" WIDTH="28" />
<String CONTENT="relations." HEIGHT="54" HPOS="1167" VPOS="3649" WIDTH="286" />
<SP HEIGHT="69" HPOS="1454" VPOS="3649" WIDTH="77" />
<String CONTENT="(2d" HEIGHT="69" HPOS="1532" VPOS="3649" WIDTH="99" />
<SP HEIGHT="52" HPOS="1632" VPOS="3651" WIDTH="31" />
<String CONTENT="ed.)" HEIGHT="69" HPOS="1664" VPOS="3649" WIDTH="113" />
</TextLine>
<TextLine CS="1" HEIGHT="144" HPOS="129" STYLEREFS="StyleId-04825186-E2D7-4C92-91FC-F1BC2477477F-" VPOS="3651" WIDTH="1966">
<String CONTENT="By" HEIGHT="67" HPOS="1857" VPOS="3651" WIDTH="90" />
<SP HEIGHT="67" HPOS="1948" VPOS="3651" WIDTH="32" />
<String CONTENT="Professor" HEIGHT="125" HPOS="129" VPOS="3651" WIDTH="1966" />
<SP HEIGHT="50" HPOS="309" VPOS="3725" WIDTH="27" />
<String CONTENT="Donald" HEIGHT="52" HPOS="337" VPOS="3725" WIDTH="231" />
<SP HEIGHT="51" HPOS="569" VPOS="3726" WIDTH="28" />
<String CONTENT="Farrington" HEIGHT="69" HPOS="598" VPOS="3726" WIDTH="354" />
<SP HEIGHT="55" HPOS="953" VPOS="3726" WIDTH="30" />
<String CONTENT="Sealy" HEIGHT="69" HPOS="984" VPOS="3726" WIDTH="170" />
<SP HEIGHT="49" HPOS="1155" VPOS="3746" WIDTH="35" />
<String CONTENT="&#8230;" CS="1" />
<SP HEIGHT="52" HPOS="1247" VPOS="3728" WIDTH="69" />
<String CONTENT="New" HEIGHT="52" HPOS="1317" VPOS="3728" WIDTH="139" />
<SP HEIGHT="51" HPOS="1457" VPOS="3729" WIDTH="31" />
<String CONTENT="York," HEIGHT="66" HPOS="1489" VPOS="3729" WIDTH="179" />
<SP HEIGHT="63" HPOS="1669" VPOS="3732" WIDTH="32" />
<String CONTENT="1936." HEIGHT="50" HPOS="1702" VPOS="3731" WIDTH="150" />
</TextLine>
<TextLine CS="1" HEIGHT="49" HPOS="195" STYLEREFS="StyleId-04825186-E2D7-4C92-91FC-F1BC2477477F-" VPOS="3797" WIDTH="508">
<String CONTENT="xxii," HEIGHT="48" HPOS="195" VPOS="3797" WIDTH="117" />
<SP HEIGHT="48" HPOS="313" VPOS="3797" WIDTH="28" />
<String CONTENT="217" HEIGHT="41" HPOS="342" VPOS="3797" WIDTH="84" />
<SP HEIGHT="47" HPOS="427" VPOS="3799" WIDTH="27" />
<String CONTENT="p." HEIGHT="38" HPOS="455" VPOS="3808" WIDTH="43" />
<SP HEIGHT="40" HPOS="499" VPOS="3799" WIDTH="56" />
<String CONTENT="23&#189;" CS="1" HEIGHT="40" HPOS="556" VPOS="3799" WIDTH="55" />
<String CONTENT="cm" HEIGHT="21" HPOS="644" STYLE="superscript" VPOS="3801" WIDTH="45" />
<String CONTENT="." HEIGHT="9" HPOS="694" VPOS="3831" WIDTH="9" />
</TextLine>
<TextLine CS="1" HEIGHT="51" HPOS="198" VPOS="3854" WIDTH="861">
<String CONTENT="&#8220;Table" HEIGHT="40" HPOS="198" VPOS="3854" WIDTH="177" />
<SP HEIGHT="30" HPOS="376" VPOS="3864" WIDTH="27" />
<String CONTENT="of" HEIGHT="39" HPOS="404" VPOS="3854" WIDTH="53" />
<SP HEIGHT="40" HPOS="458" VPOS="3854" WIDTH="27" />
<String CONTENT="cases&#8221;:" CS="1" HEIGHT="41" HPOS="486" VPOS="3854" WIDTH="162" />
<SP HEIGHT="37" HPOS="680" VPOS="3866" WIDTH="29" />
<String CONTENT="p." HEIGHT="37" HPOS="710" VPOS="3866" WIDTH="44" />
<SP HEIGHT="29" HPOS="755" VPOS="3875" WIDTH="33" />
<String CONTENT="[xiii]-xxii." HEIGHT="49" HPOS="789" VPOS="3856" WIDTH="270" />
</TextLine>
<TextLine HEIGHT="54" HPOS="196" VPOS="3909" WIDTH="1922">
<String CONTENT="First" HEIGHT="40" HPOS="196" VPOS="3909" WIDTH="134" />
<SP HEIGHT="38" HPOS="331" VPOS="3912" WIDTH="42" />
<String CONTENT="edition" HEIGHT="41" HPOS="374" VPOS="3909" WIDTH="182" />
<SP HEIGHT="38" HPOS="557" VPOS="3922" WIDTH="42" />
<String CONTENT="published" HEIGHT="49" HPOS="600" VPOS="3911" WIDTH="255" />
<SP HEIGHT="39" HPOS="856" VPOS="3913" WIDTH="42" />
<String CONTENT="1929" HEIGHT="41" HPOS="899" VPOS="3912" WIDTH="117" />
<SP HEIGHT="40" HPOS="1017" VPOS="3913" WIDTH="41" />
<String CONTENT="under" HEIGHT="40" HPOS="1059" VPOS="3914" WIDTH="153" />
<SP HEIGHT="38" HPOS="1213" VPOS="3916" WIDTH="45" />
<String CONTENT="title:" HEIGHT="41" HPOS="1259" VPOS="3913" WIDTH="133" />
<SP HEIGHT="40" HPOS="1393" VPOS="3914" WIDTH="46" />
<String CONTENT="Outline" HEIGHT="40" HPOS="1440" VPOS="3914" WIDTH="195" />
<SP HEIGHT="29" HPOS="1636" VPOS="3925" WIDTH="43" />
<String CONTENT="of" HEIGHT="39" HPOS="1680" VPOS="3915" WIDTH="53" />
<SP HEIGHT="48" HPOS="1734" VPOS="3915" WIDTH="42" />
<String CONTENT="persons" HEIGHT="38" HPOS="1777" VPOS="3925" WIDTH="204" />
<SP HEIGHT="30" HPOS="1982" VPOS="3926" WIDTH="41" />
<String CONTENT="and" HEIGHT="40" HPOS="2024" VPOS="3917" WIDTH="94" />
</TextLine>
<TextLine HEIGHT="42" HPOS="126" VPOS="3965" WIDTH="509">
<String CONTENT="domestic" HEIGHT="41" HPOS="126" VPOS="3965" WIDTH="231" />
<SP HEIGHT="30" HPOS="358" VPOS="3976" WIDTH="29" />
<String CONTENT="relations." HEIGHT="41" HPOS="388" VPOS="3966" WIDTH="247" />
</TextLine>
<TextLine HEIGHT="59" HPOS="128" VPOS="4016" WIDTH="1991">
<String CONTENT="&#169;" HEIGHT="54" HPOS="128" VPOS="4016" WIDTH="53" />
<SP HEIGHT="54" HPOS="182" VPOS="4016" WIDTH="26" />
<String CONTENT="June" HEIGHT="40" HPOS="209" VPOS="4021" WIDTH="127" />
<SP HEIGHT="38" HPOS="337" VPOS="4022" WIDTH="22" />
<String CONTENT="17," HEIGHT="47" HPOS="360" VPOS="4022" WIDTH="70" />
<SP HEIGHT="46" HPOS="431" VPOS="4023" WIDTH="25" />
<String CONTENT="1936;" HEIGHT="49" HPOS="457" VPOS="4021" WIDTH="140" />
<SP HEIGHT="47" HPOS="598" VPOS="4023" WIDTH="27" />
<String CONTENT="2c." HEIGHT="40" HPOS="626" VPOS="4023" WIDTH="68" />
<SP HEIGHT="30" HPOS="695" VPOS="4033" WIDTH="28" />
<String CONTENT="and" HEIGHT="39" HPOS="724" VPOS="4024" WIDTH="94" />
<SP HEIGHT="39" HPOS="819" VPOS="4024" WIDTH="29" />
<String CONTENT="aff." HEIGHT="40" HPOS="849" VPOS="4024" WIDTH="80" />
<SP HEIGHT="39" HPOS="930" VPOS="4025" WIDTH="29" />
<String CONTENT="June" HEIGHT="39" HPOS="960" VPOS="4025" WIDTH="126" />
<SP HEIGHT="39" HPOS="1087" VPOS="4024" WIDTH="25" />
<String CONTENT="27;" HEIGHT="48" HPOS="1113" VPOS="4024" WIDTH="83" />
<SP HEIGHT="46" HPOS="1197" VPOS="4026" WIDTH="29" />
<String CONTENT="A" HEIGHT="38" HPOS="1227" VPOS="4026" WIDTH="43" />
<SP HEIGHT="40" HPOS="1271" VPOS="4025" WIDTH="24" />
<String CONTENT="96217;" HEIGHT="48" HPOS="1296" VPOS="4025" WIDTH="169" />
<SP HEIGHT="46" HPOS="1466" VPOS="4027" WIDTH="30" />
<String CONTENT="D." HEIGHT="39" HPOS="1497" VPOS="4027" WIDTH="57" />
<SP HEIGHT="40" HPOS="1555" VPOS="4026" WIDTH="30" />
<String CONTENT="F." HEIGHT="41" HPOS="1586" VPOS="4026" WIDTH="51" />
<SP HEIGHT="41" HPOS="1638" VPOS="4026" WIDTH="31" />
<String CONTENT="Sealy," HEIGHT="49" HPOS="1670" VPOS="4026" WIDTH="155" />
<SP HEIGHT="47" HPOS="1826" VPOS="4028" WIDTH="29" />
<String CONTENT="Brooklyn." HEIGHT="47" HPOS="1856" VPOS="4027" WIDTH="263" />
</TextLine>
<TextLine HEIGHT="50" HPOS="206" VPOS="4076" WIDTH="279">
<String CONTENT="(36-14465)" HEIGHT="50" HPOS="206" VPOS="4076" WIDTH="279" />
</TextLine>
</TextBlock>
</PrintSpace>
</Page>
</Layout>
</alto>