2519 4377
1223 4097 134 50 1608

277 396 127 53 Von
431 395 304 66 Hoffman,
762 396 155 64 Carl,
946 402 173 50 1889-

343 484 175 70 Jerry
562 502 74 36 on
680 483 213 70 safari;
942 504 31 34 a
1018 484 139 55 7000
1199 483 137 55 mile
1380 484 246 71 journey
1671 485 155 55 from
1873 486 175 57 Cairo
2092 493 59 51 to
2197 488 96 53 the

275 562 2019 73 Cape, by Carl von Hoffman … illustrated by Robert Gaston
272 640 269 55 Herbert.
623 641 433 70 Philadelphia,
1101 642 262 69 London,
1405 642 57 55 J.
1509 643 67 52 B.
1624 641 343 71 Lippincott
2012 661 281 54 company

277 723 195 65 [c1936]

340 793 85 41 351
454 804 45 38 p.
559 793 165 48 front.,
756 793 145 50 illus.,
932 793 173 49 plates.
1166 793 56 41 21
1227 796 43 22 cm
1275 826 8 8 .

343 850 290 42 Illustrated
664 850 368 49 lining-papers.

278 920 53 54 ©
365 923 103 41 Oct.
500 922 69 51 22,
603 921 144 51 1936;
781 922 68 40 2c.
886 923 96 39 and
1015 923 83 41 aff.
1133 923 102 41 Oct.
1270 922 83 50 30;
1389 924 40 39 A
1463 923 173 50 99733;
1675 924 48 42 C.
1757 925 105 40 Von
1896 926 250 49 Hoffman,
2180 927 118 41 New

348 982 147 41 York.
563 980 285 50 (36-29607)

278 1085 277 66 Walpole,
580 1085 204 65 Hugh,
812 1090 175 51 188T-

343 1175 57 53 A
436 1193 212 52 prayer
683 1173 95 55 for
811 1193 99 51 my
945 1192 122 51 son,
1102 1193 31 35 a
1168 1175 169 53 novel
1371 1174 78 71 by
1482 1174 185 71 Hugh
1701 1174 287 70 Walpole.
2062 1173 234 57 Garden

275 1253 154 70 City,
455 1254 70 54 N.
553 1254 93 69 Y.,
672 1253 362 70 Doubleday,
1062 1254 201 52 Doran
1291 1255 47 52 &
1363 1270 302 53 company,
1691 1253 130 69 inc.,
1846 1254 154 52 1936.

348 1327 85 48 xii,
462 1325 88 41 355
578 1336 44 38 p.
683 1325 59 41 20½c
790 1327 28 22 m
823 1357 9 9 .

350 1383 163 42 “First
549 1382 230 43 edition.”

279 1454 53 53 ©
358 1459 103 40 Oct.
488 1456 70 49 14,
583 1456 118 41 1936
718 1467 9 38 ;
755 1456 69 41 2c.
852 1457 103 40 Oct.
981 1455 56 41 31
1055 1467 9 37 ;
1096 1456 81 42 aff.
1204 1457 118 40 Nov.
1349 1455 27 40 2
1394 1467 9 37 ;
1434 1456 41 40 A
1501 1456 176 41 100366
1693 1468 9 36 ;
1733 1457 60 40 H.
1821 1457 236 48 Walpole,
2086 1455 213 42 London.

361 1513 283 51 (36-29835)

274 1622 293 63 Webster,
597 1621 194 64 Noah,
824 1621 329 55 1758-1843.

407 1707 1891 73 … Webster’s twentieth-century dictionary of the English
273 1792 304 68 language,
601 1788 143 54 with
768 1809 31 34 a
826 1787 466 70 comprehensive
1317 1787 265 55 addenda
1607 1787 65 56 of
1697 1793 213 49 newest
1935 1789 190 54 words
275 1806 2001 130 compiled
458 1869 77 70 by
561 1867 220 69 Joseph
808 1867 233 69 Devlin,
1070 1886 67 34 m.
1168 1886 52 35 a.
1252 1867 115 53 and
1394 1885 177 52 many
1595 1866 474 72 supplementary
275 1866 1998 135 vocabularies
519 1947 115 54 and
670 1945 245 70 articles,
952 1947 217 53 several
1203 1946 289 53 thousand
1530 1945 402 70 illustrations,
1967 1946 173 54 latest
274 1964 1999 116 census
412 2025 229 70 figures,
690 2025 146 53 atlas
885 2024 66 54 of
997 2025 97 53 the
1141 2024 212 69 world;
1404 2023 174 71 being
1625 2024 97 54 the
1768 2024 364 70 unabridged
274 2023 2000 150 dictionary
533 2104 77 69 by
638 2103 169 54 Noah
836 2103 282 69 Webster,
1149 2121 85 36 ll.
1269 2123 68 49 d.,
1371 2102 190 54 edited
1593 2103 186 54 under
1808 2103 99 55 the
1938 2102 362 70 supervision

275 2180 1961 72 of Thomas H. Russell … A. C. Bean … and L. B. Vaughan …
275 2264 113 52 and
417 2282 31 34 a
475 2261 135 55 staff
635 2261 68 54 of
727 2261 251 55 eminent
1004 2261 270 70 scholars,
1303 2262 315 68 educators,
1648 2261 114 54 and
1792 2260 319 70 specialists
2128 2280 12 49 ;
278 2279 1998 130 prepared
503 2341 95 53 for
643 2339 360 70 publication
1050 2340 77 70 by
1177 2339 224 70 George
1447 2340 92 55 W.
1591 2339 250 71 Ogilvie.
1927 2341 141 53 New
2116 2339 183 69 York,

276 2420 67 53 N.
374 2420 91 67 Y.,
491 2419 337 54 Publishers
855 2419 183 69 guild,
1064 2419 129 68 inc.,
1222 2421 152 51 1936.

346 2492 80 46 lvi,
452 2493 129 46 1956,
607 2492 87 42 332
719 2503 44 38 p.
790 2492 111 42 incl.
928 2492 165 49 front.,
1120 2493 129 40 illus.
1311 2502 152 39 maps.
1524 2491 57 42 28½c
1614 2493 45 23 m
1661 2523 10 9 .

349 2551 64 40 At
450 2551 127 40 head
615 2550 54 40 of
706 2549 109 42 title
834 2560 9 30 :
885 2549 121 41 This
1044 2549 277 49 dictionary
1360 2549 43 41 is
1440 2551 89 39 not
1565 2548 260 50 published
1863 2548 63 49 by
1966 2550 85 41 the
2090 2549 213 50 original

278 2606 275 48 publishers
579 2608 53 40 of
655 2606 264 42 Webster’s
945 2607 278 47 dictionary
1246 2617 57 30 or
1324 2606 63 48 by
1411 2606 130 41 their
1566 2616 291 32 successors.

350 2663 71 42 On
447 2675 142 30 cover
605 2674 9 30 :
640 2664 103 41 The
767 2664 149 41 latest
939 2664 235 48 complete
1195 2663 277 48 dictionary
1495 2665 97 40 and
1617 2664 130 40 atlas
1770 2664 123 41 with
1919 2674 65 31 an
2008 2664 293 42 exhaustive

277 2723 258 45 appendix.

282 2790 53 53 ©
370 2793 116 47 July
521 2792 68 49 15,
628 2791 143 48 1936;
808 2791 68 42 2c.
914 2792 102 41 Oct.
1053 2792 53 47 7;
1144 2792 83 41 aff.
1265 2792 101 41 Oct.
1405 2791 83 49 16;
1525 2793 42 39 A
1602 2791 202 51 100073;
1842 2794 171 42 World
2048 2793 256 49 syndicate

352 2850 110 48 pub.
493 2860 84 38 co.,
610 2849 278 42 Cleveland.
952 2848 284 51 [Copyright
1267 2849 43 40 is
1341 2849 208 41 claimed
1582 2860 60 30 on
1674 2849 229 52 revision]

364 2907 283 50 (36-29261)

281 3013 353 66 Weissman,
659 3011 274 66 Rudolph
958 3012 65 56 L.

351 3090 123 54 The
503 3108 124 36 new
662 3089 221 55 federal
917 3107 219 36 reserve
1168 3095 211 64 system
1396 3110 11 49 ;
1442 3090 98 55 the
1566 3089 182 56 board
1780 3109 248 37 assumes
2061 3091 238 68 control,

279 3169 2021 70 by Rudolph L. Weissman … New York and London, Harper
280 3254 46 51 &
357 3250 281 68 brothers,
673 3253 153 51 1936.

354 3323 72 42 xii
456 3333 59 39 p.,
547 3325 24 40 1
638 3354 9 17 l.,
678 3322 85 41 301
798 3334 43 37 p.
902 3322 151 42 front,
1081 3321 202 51 (ports.)
1322 3321 131 42 illus.
1482 3320 162 52 (map)
1686 3323 78 48 pi.,
1799 3321 183 49 diagrs.
2041 3322 57 41 22
2101 3324 44 23 cm
2150 3354 8 10 .

355 3382 164 41 “First
546 3380 231 43 edition.”

355 3440 249 42 “Selected
637 3437 305 43 references”
960 3449 11 31 :
1003 3449 43 39 p.
1080 3436 218 43 295-296.

285 3510 53 54 ©
370 3514 102 41 Oct.
503 3512 70 50 29,
608 3510 117 43 1936
742 3523 9 38 ;
783 3511 69 43 2c.
885 3512 103 42 Oct.
1020 3510 56 42 28
1094 3522 9 38 ;
1139 3510 82 42 aff.
1255 3510 102 42 Oct.
1390 3509 56 42 31
1465 3521 9 38 ;
1509 3510 41 41 A
1581 3508 147 43 99669
1745 3520 10 38 ;
1790 3510 198 49 Harper
2021 3510 37 41 &
2088 3509 125 41 bros.

366 3568 284 51 (36-29993)

285 3675 230 66 Weller,
541 3675 230 65 George
796 3675 307 65 Anthony,
1132 3674 172 56 1907-

352 3750 208 56 Clutch
607 3751 115 53 and
771 3749 352 55 differential
1193 3749 94 70 [by]
1340 3748 226 70 George
1611 3747 232 56 Weller.
1926 3747 141 53 New
2117 3745 181 69 York,

280 3829 264 53 Random
573 3829 193 65 house,
797 3831 151 51 1936.

351 3903 64 46 ix,
446 3902 175 41 11-415
647 3912 45 38 p.
753 3901 56 41 22
814 3904 44 22 cm
861 3935 9 8 .

286 3970 53 54 ©
378 3975 117 41 Nov.
535 3975 39 46 3,
615 3973 144 49 1936;
799 3973 68 42 2c.
907 3975 118 40 Nov.
1065 3973 53 49 6;
1162 3974 81 41 aff.
1283 3975 118 38 Nov.
1444 3974 53 48 7;
1538 3975 42 39 A
1618 3972 202 50 100323;
1865 3973 53 42 G.
1959 3972 194 47 Weller,
2195 3970 104 48 Gay

357 4031 154 50 Head,
542 4033 149 40 Mass.
758 4030 283 50 (36-29602)
