2519 4377
1328 4149 134 51 1100

445 533 1136 51 5 p. l., 2-47 numb. l., [3], 19 numb. l. 27½cm.
447 591 72 40 On
543 600 144 30 cover:
742 590 145 48 Eby’s
911 591 195 40 extract
1130 591 54 39 of
1207 590 83 40 the
1314 590 211 40 District
1552 591 53 39 of
1629 590 254 42 Columbia
1909 590 130 41 code.

443 647 412 48 Mimeographed.

374 701 53 53 ©
461 705 103 41 Oct.
598 705 38 47 1,
671 705 142 47 1935;
848 703 69 42 2c.
952 704 96 39 and
1081 704 83 40 aff.
1200 704 110 39 Feb.
1346 704 40 48 1,
1420 703 141 48 1936;
1599 705 40 38 A
1672 703 172 48 90588;
1882 705 61 40 H.
1980 704 51 40 O.
2067 704 117 46 Eby,
445 703 1928 107 Washington.

373 842 311 75 Étiemble,
713 852 181 54 René.

506 927 1258 71 … Rimbaud. Paris, Gallimard [1936]
441 1004 101 48 247,
578 1004 55 50 [1]
666 1015 44 38 p.
770 1003 118 42 19cm.

441 1070 66 41 At
533 1068 129 41 head
689 1068 54 41 of
765 1068 111 41 title:
933 1059 244 51 Étiemble
1207 1069 77 52 [et]
1314 1069 162 41 Yassu
1506 1068 252 43 Gauclère.

375 1121 2017 54 © Mar. 20, 1936; 1c. May 11; A-Foreign 31716; Librairie Gallimard.
456 1183 284 49 (36-18221)

373 1274 308 64 Fromson,
713 1271 212 67 David,
959 1277 174 51 1910-
1347 1291 179 49 comp.

447 1350 359 69 Regulatory
831 1369 285 36 measures
1145 1351 345 69 concerning
1517 1351 96 54 the
1641 1348 359 71 prohibition
2033 1349 63 53 of

2125 1349 97 53 the
376 1366 1998 117 common
539 1429 280 69 drinking
847 1448 109 50 cup
987 1430 114 53 and
1128 1430 100 52 the
1251 1428 380 55 sterilization
1660 1428 64 54 of
1752 1427 195 71 eating
1978 1428 112 53 and
2118 1427 279 70 drinking

376 1508 238 54 utensils
638 1509 64 52 in
728 1508 196 67 public
954 1509 207 68 places,
1186 1507 284 69 compiled
1495 1509 76 68 by
1597 1508 197 53 David
1819 1508 280 53 Fromson
2133 1551 10 10 .…
2256 1507 139 54 New

378 1586 181 70 York,
589 1586 124 55 The
745 1587 206 54 Public
983 1587 197 55 health
1214 1587 322 55 committee
1570 1587 63 54 of
1663 1587 97 54 the
1795 1586 127 70 Cup
1956 1587 114 54 and
2104 1586 293 55 container

376 1666 284 67 institute,
693 1669 153 51 1936.

449 1740 99 49 126,
585 1741 55 50 [2]
675 1752 44 38 p.
780 1741 57 40 27½cm.

451 1796 75 42 On
551 1808 144 31 cover:
752 1798 143 41 Laws
921 1808 69 33 vs.
1018 1799 84 40 the
1129 1808 219 31 common
1375 1798 234 49 drinking
1633 1809 106 38 cup.

453 1854 365 41 “Publications
841 1856 52 40 of
916 1857 85 40 the
1024 1856 170 41 Public
1218 1856 171 41 health
1412 1855 277 42 committee
1714 1856 51 40 of
1793 1857 82 40 the
1899 1856 105 48 Cup
2027 1856 95 40 and
2145 1855 251 41 container

377 1910 259 43 institute”:
703 1922 45 38 p.
787 1912 115 51 [128]

380 1965 53 52 ©
463 1970 116 46 May
610 1970 38 46 5,
682 1969 114 41 1936;
857 1970 68 40 2c.
959 1970 96 39 and
1087 1969 82 40 aff.
1203 1972 116 46 May
1350 1971 25 39 6;
1437 1971 41 39 A
1508 1969 145 41 95043;
1716 1970 171 40 Public
1919 1971 170 40 health
2121 1970 277 41 committee

449 2026 52 40 of
527 2027 83 39 the
639 2027 104 48 Cup
771 2027 36 40 &
834 2026 255 40 container
1115 2026 243 41 institute.
1426 2026 282 50 (36-17392)

378 2117 289 64 Goodsell,
696 2117 247 55 Charles
969 2118 173 55 True.

449 2193 341 55 Centennial
830 2194 224 69 history
1091 2195 63 52 of
1192 2196 354 53 Kalamazoo
1584 2196 230 68 college,
1851 2197 76 67 by
1967 2196 238 54 Charles
2244 2198 153 53 True

378 2273 2019 71 Goodsell … and Willis Frederick Dunbar … Kalamazoo,
377 2352 194 66 Mich.,
600 2352 354 54 Kalamazoo
985 2353 230 67 college,
1248 2356 151 52 1933.

450 2425 86 40 214
564 2435 44 38 p.
670 2425 164 48 front.,
867 2425 129 41 illus.
1027 2426 134 47 (incl.
1194 2426 242 48 facsims.)
1477 2428 151 46 ports.
1689 2427 117 39 24cm.

382 2478 55 52 ©
472 2483 128 47 Sept.
636 2482 40 50 1,
712 2481 141 48 1933;
890 2482 68 41 2c.
995 2484 109 39 Jan.
1141 2484 70 47 18,
1247 2482 141 48 1936;
1426 2483 83 41 aff.
1547 2484 110 40 Jan.
1691 2484 84 46 31;
1813 2484 40 39 A
1891 2483 172 47 90604;
2100 2483 299 39 Kalamazoo

453 2539 193 48 college.
714 2539 283 49 (34-15686)

380 2629 284 66 Grebenc,
693 2630 218 55 Lucile.

451 2708 201 54 Under
689 2726 171 49 green
898 2708 173 68 apple
1104 2709 221 67 boughs
1365 2709 110 67 [by]
1515 2708 198 53 Lucile
1747 2709 285 68 Grebenc;
2071 2709 327 53 illustrated

381 2787 75 65 by
492 2785 224 68 George
751 2786 206 54 Plank.
1030 2786 233 55 Garden
1303 2787 153 67 City,
1490 2789 70 52 N.
1597 2789 91 66 Y.,
1723 2788 361 68 Doubleday,
2119 2789 200 51 Doran
2354 2789 47 50 &

381 2883 299 49 company,
706 2866 128 62 inc.,
862 2869 151 50 1936.

454 2938 83 48 vii,
566 2938 92 40 280
683 2949 44 37 p.
783 2938 129 41 illus.
974 2938 55 40 20½cm.

457 2995 1944 48 “A short version … appeared in the Forum under the title I come
382 3052 183 41 home.”

455 3108 162 41 “First
649 3108 230 40 edition.”

387 3162 53 53 ©
462 3167 127 39 June
613 3166 70 47 19,
709 3166 114 40 1936;
878 3166 67 40 2c.
972 3166 96 39 and
1093 3165 82 40 aff.
1204 3166 126 40 June
1355 3165 81 43 20;
1466 3167 40 37 A
1532 3165 143 41 96071;
1733 3165 300 47 Doubleday,
2062 3167 167 38 Doran
2256 3167 39 39 &
2317 3174 82 39 co.,

456 3223 90 40 inc.
613 3223 284 47 (36-27327)

385 3313 314 63 Guaranty
722 3316 162 49 trust
912 3328 290 48 company
1227 3312 63 52 of
1314 3312 148 53 New
1486 3311 182 54 York.

456 3390 168 53 Bank
683 3391 114 51 and
852 3390 195 66 public
1103 3388 265 68 holidays
1423 3390 359 67 throughout
1837 3390 95 52 the
1991 3389 199 67 world,
2249 3392 149 49 1936.

386 3467 1710 68 New York, Guaranty trust company of New York [c1936]
460 3541 84 41 110
571 3552 58 38 p.,
661 3542 24 39 1
735 3571 8 8 l.
802 3541 55 41 18½cm.

389 3595 53 52 ©
472 3600 112 39 Dec.
614 3597 69 50 19,
714 3597 141 47 1935;
886 3598 67 39 2c.
982 3598 96 39 and
1109 3597 81 41 aff.
1221 3598 110 40 Jan.
1362 3599 39 45 8,
1433 3597 141 43 1936;
1607 3599 39 37 A
1675 3596 172 48 91108;
1884 3597 258 46 Guaranty
2173 3599 130 37 trust
2334 3605 66 30 co.

460 3655 51 40 of
538 3656 118 38 New
684 3655 144 40 York.

459 3745 234 63 Guilty!
769 3745 121 52 The
926 3744 322 53 confession
1285 3745 63 52 of
1384 3744 283 52 Franklin
1706 3746 71 52 D.
1817 3744 319 66 Roosevelt,
2172 3742 227 54 written

389 3821 2013 68 by a friend … With an introduction by Donald Richberg.
389 3901 232 54 Garden
654 3900 154 59 City,
840 3901 69 53 N.
944 3903 90 55 Y.,
1064 3900 359 67 Doubleday,
1454 3902 199 50 Doran
1684 3904 46 49 &
1761 3918 298 48 company,
2092 3898 124 68 inc.,
2251 3900 150 51 1936.

465 3973 84 38 viii
579 3984 57 37 p.,
671 3974 22 38 1
745 4004 23 17 l.,
797 3974 59 40 86
881 3983 43 38 p.
982 3973 145 40 19½cm.

393 4025 52 53 ©
469 4030 116 47 July
609 4030 71 45 24,
708 4030 113 40 1936;
877 4030 68 40 2c.
973 4030 95 38 and
1095 4028 83 42 aff.
1206 4030 118 45 Aug.
1354 4030 54 38 14;
1466 4030 39 38 A
1532 4028 148 41 96925;
1734 4027 302 48 Doubleday,
2065 4028 167 38 Doran
2257 4026 37 40 &
2321 4035 81 39 co.,

464 4086 91 40 inc.
618 4086 283 49 (36-18193)
