2519 4377
1322 4133 134 51 1042

370 535 209 69 charts,
609 536 115 53 and
754 535 311 70 diagrams,
1096 535 114 54 and
1241 534 335 71 containing
1605 554 124 35 new
1760 535 373 56 instruments
2164 535 97 57 for
2287 538 97 53 the

369 613 339 70 navigation
740 612 64 54 of
834 632 31 35 a
896 614 171 68 yacht
1100 613 61 53 in
1194 632 32 35 a
1257 631 144 36 race.
1469 613 141 54 New
1641 613 182 69 York,
1856 614 314 71 Harcourt,
2203 617 182 52 Brace

369 693 114 52 and
512 709 301 52 company,
841 694 152 51 1936.

442 765 95 47 xiv,
567 765 85 40 145
680 775 45 38 p.
785 765 166 48 front.,
978 765 144 47 illus.,
1151 766 78 47 pi.,
1260 764 180 49 diagrs.
1500 764 147 42 28½cm.

443 820 263 50 Diagrams
734 833 60 29 on
820 822 378 48 lining-papers;
1229 822 156 42 “True
1415 821 223 44 distance
1663 821 184 42 finder”
1877 824 98 40 and
2005 822 211 42 “Course
373 823 1998 97 selector”
508 890 60 30 on
597 880 117 40 card
742 878 50 41 in
821 879 186 48 pocket.

445 934 164 44 “First
637 935 230 43 edition.”

376 1005 2014 53 © July 16, 1936; 2c. July 24; aff. July 25; A 97130; Harcourt, Brace
449 1066 35 40 &
512 1076 82 37 co.,
623 1065 91 41 inc.
784 1066 281 48 (36-17464)

377 1171 267 56 Catholic
685 1172 241 53 church.
1002 1172 250 65 Liturgy
1290 1172 114 52 and
1441 1172 194 52 ritual.
1710 1171 219 54 Missal.

449 1263 235 52 Missale
719 1280 300 34 romanum
1058 1280 67 34 ex
1161 1262 224 53 decreto
1421 1260 344 54 sacrosancti
1805 1260 246 56 Concilii
2088 1262 304 53 tridentini

382 1342 347 64 restitutum,
770 1360 41 34 s.
852 1340 93 53 Pii
987 1360 34 32 v
1061 1339 289 69 pontificis
1391 1339 238 54 maximi
1668 1339 160 69 jussu
1870 1341 237 68 editum,
2149 1341 245 53 aliorum

382 1416 1987 135 pontificum cura recognitum, a Pio x reformation et Benedict XV
692 1499 341 52 auctoritate
1077 1498 316 69 vulgatum.
1474 1498 200 53 Editio
1718 1497 219 55 decima
1981 1503 201 64 quarta
2229 1499 166 68 juxta

380 1577 257 70 typicam
730 1578 301 54 Vaticanam.
1102 1576 344 70 Turonibus,
1478 1577 156 69 typis
1666 1578 209 68 Mame,
1908 1580 153 52 1936.

459 1652 851 50 [956] p. front., illus., pl. 32 cm .
455 1710 211 41 Various
700 1708 219 49 pagings.

455 1768 141 40 Head
629 1768 97 39 and
761 1766 90 41 tail
885 1766 172 49 pieces.

456 1824 315 41 Rubricated.

459 1882 122 50 “<N°
611 1881 84 50 8>”

456 1939 136 41 With
624 1938 170 41 music.

383 2007 2014 54 © Jan. 1, 1936; 1c. Apr. 18; A-Foreign 31464; Maison Marne, Tours
466 2067 429 49 (Indre-et-Loire)
934 2068 201 39 France.
1205 2067 281 47 (36-17438)

385 2173 195 64 Clark,
612 2174 244 63 Grover,
889 2178 172 50 1891-

456 2269 54 52 A
541 2268 159 67 place
729 2268 61 52 in
819 2268 95 53 the
944 2285 122 40 sun,
1096 2267 74 67 by
1200 2267 221 55 Grover
1452 2266 193 55 Clark.
1712 2268 139 52 New
1882 2267 181 59 York,
2094 2269 121 52 The

385 2269 1988 130 Macmillan
611 2363 300 50 company,
940 2349 149 49 1936.

457 2430 76 31 xv.
563 2420 85 40 235
679 2429 43 38 p.
785 2419 180 47 diagrs.
1026 2418 60 40 22½
1115 2421 44 21 cm
1165 2448 8 7 .

461 2475 1939 47 “This book is the result of an attempt to get … an answer to the
386 2533 251 49 question:
668 2534 73 38 Do
769 2532 212 40 colonies
1009 2531 261 53 pay?”—p.
1300 2531 80 39 vii.

459 2590 129 39 “The
612 2589 270 41 statistical
907 2589 157 40 tables
1089 2588 95 40 and
1209 2588 140 40 other
1373 2588 211 39 detailed
1612 2588 348 47 documentary
1988 2586 227 41 material
2241 2587 160 40 which

387 2643 1995 109 are the foundation of the statements made … [are] being published separately
574 2704 61 47 by
664 2704 83 39 the
777 2702 253 42 Columbia
1060 2700 273 48 university
1363 2711 151 37 press,
1544 2701 155 39 under
1728 2701 84 40 the
1842 2700 224 49 auspices
2096 2701 52 40 of
2173 2702 83 40 the
388 2701 1995 109 Carnegie

556 2761 304 40 endowment
891 2759 79 39 for
999 2757 352 41 international
1381 2767 159 38 peace,
1573 2757 50 40 in
1657 2768 26 29 a
1715 2758 191 40 volume
1937 2757 206 40 entitled
2173 2757 102 40 The
387 2757 1998 102 balance

537 2819 164 39 sheets
732 2817 52 40 of
812 2814 472 50 imperialism.”—p.
1319 2825 44 29 x.

462 2875 239 42 “Errata”
732 2874 93 49 slip
855 2873 231 41 mounted
1115 2883 59 30 on
1203 2882 43 39 p.
1278 2871 99 42 159.

390 2944 53 53 ©
472 2949 114 37 May
613 2946 71 49 26,
712 2944 141 47 1936;
882 2945 67 39 2c.
980 2944 94 39 and
1105 2943 81 40 aff.
1216 2944 114 45 May
1359 2942 81 46 27;
1473 2943 39 38 A
1540 2941 172 48 95407;
1745 2941 284 40 Macmillan
2057 2951 67 31 co.

471 3002 282 50 (36-27325)

392 3108 198 65 Colby,
621 3107 301 64 Elbridge,
954 3111 171 50 1891-

390 3192 1991 155 … English Catholic poets, Chaucer to Dryden. Milwaukee,
538 3280 122 51 The
692 3280 185 50 Bruce
908 3274 337 71 publishing
1276 3293 281 50 company
1756 3306 12 35 [1936]

462 3353 100 48 xix,
606 3350 86 42 208
735 3361 43 38 p.
839 3350 57 40 22
900 3353 44 20 cm
947 3381 9 9 .
1040 3348 301 51 (Half-title:
1386 3348 194 41 Science
1624 3349 95 39 and
1763 3347 189 40 culture
1997 3346 177 45 series;
2223 3344 177 49 Joseph

392 3407 752 49 Husslein … general editor)
459 3463 478 50 “Bibliographies”:
967 3473 44 38 p.
1042 3462 217 42 191-196.

395 3530 2008 60 © July 25, 1936; 2c. and aff. Aug. 3; A 96721; E. Colby, Burlington, Vt.
476 3596 282 49 (36-17416)

419 3702 139 63 [Cox,
586 3702 138 51 Mrs.
754 3697 338 65 Euphrasia
1121 3696 263 53 Emeline
1416 3695 252 65 (Lewis)]
1730 3700 171 50 1898-

471 3789 250 69 Switzie,
756 3789 77 68 by
868 3789 244 68 Bridget
1146 3789 249 51 Parsons
1454 3786 213 68 [pseud.]
1745 3784 260 63 London,
2041 3782 365 54 Hutchinson

397 3872 45 50 &
472 3887 99 49 co.,
598 3869 103 52 ltd.
736 3870 173 64 [1936]

471 3940 626 51 4 p. l., 11-287 p. 19 cm .
570 4004 1835 55 © 1c. June 22, 1936; A ad int. 21584; pubd. Apr. 23; Euphrasia Emeline
471 4070 112 49 Cox,
612 4069 213 40 London.
892 4068 281 48 (36-17941)
