<alto xmlns="http://www.loc.gov/standards/alto/ns-v3#" xmlns:xlink="http://www.w3.org/1999/xlink" xmlns:xsi="http://www.w3.org/2001/XMLSchema-instance" xsi:schemaLocation="http://www.loc.gov/standards/alto/ns-v3# http://www.loc.gov/alto/v3/alto-3-0.xsd"><Description>
<MeasurementUnit>pixel</MeasurementUnit>
<sourceImageInformation>
<fileName>1936_v33_Part1.pdf</fileName>
</sourceImageInformation>
<OCRProcessing ID="IdOcr">
<ocrProcessingStep>
<processingDateTime>2019-01-18</processingDateTime>
<processingSoftware>
<softwareCreator>ABBYY</softwareCreator>
<softwareName>ABBYY Recognition Server</softwareName>
<softwareVersion>4.0</softwareVersion>
</processingSoftware>
</ocrProcessingStep>
</OCRProcessing>
</Description>
<Styles>
<ParagraphStyle ID="StyleId-FFFFFFFF-FFFF-FFFF-FFFF-FFFFFFFFFFFF-" ALIGN="Left" LEFT="0." RIGHT="0." FIRSTLINE="0."/>
<ParagraphStyle ID="StyleId-51D50FAC-7A90-4D70-8A96-5EA9D46D1C8B-" ALIGN="Left" LEFT="0." RIGHT="0." FIRSTLINE="0." LINESPACE="7.699999809"/>
<ParagraphStyle ID="StyleId-6BC133E9-7DCB-43C3-8842-A67984A26405-" ALIGN="Block" LEFT="0." RIGHT="0." FIRSTLINE="-17." LINESPACE="8.340000153"/>
<ParagraphStyle ID="StyleId-3C3FF860-43E7-46A2-8934-48F305F6F0D6-" ALIGN="Left" LEFT="0." RIGHT="0." FIRSTLINE="-13." LINESPACE="11.06999969"/>
<ParagraphStyle ID="StyleId-19220C76-4F8A-4737-B38C-B5F5C17E6040-" ALIGN="Block" LEFT="0." RIGHT="0." FIRSTLINE="-13." LINESPACE="11.06999969"/>
<ParagraphStyle ID="StyleId-75A0D721-13ED-4F20-9002-B389EC48477D-" ALIGN="Left" LEFT="0." RIGHT="0." FIRSTLINE="0." LINESPACE="15.5"/>
<ParagraphStyle ID="StyleId-8A414184-C7A5-4AC7-9B88-7DA4DDE75922-" ALIGN="Left" LEFT="0." RIGHT="0." FIRSTLINE="0." LINESPACE="9.399999619"/>
<ParagraphStyle ID="StyleId-1A87970B-111C-4169-99A6-9412976F3C97-" ALIGN="Left" LEFT="0." RIGHT="0." FIRSTLINE="0." LINESPACE="10.5"/>
<ParagraphStyle ID="StyleId-72DB0571-5AE4-41FD-9E11-68C6AC4C437E-" ALIGN="Block" LEFT="0." RIGHT="0." FIRSTLINE="-17." LINESPACE="8.340000153"/>
<ParagraphStyle ID="StyleId-1AA43056-C388-4697-B10F-72FDAA38FAE1-" ALIGN="Center" LEFT="0." RIGHT="0." FIRSTLINE="0." LINESPACE="10.5"/>
</Styles>
<Layout>
<Page ID="Page227" PHYSICAL_IMG_NR="227" HEIGHT="4377" WIDTH="2519">
<TopMargin HEIGHT="446" WIDTH="2519" VPOS="0" HPOS="0">
</TopMargin>
<LeftMargin HEIGHT="3718" WIDTH="106" VPOS="446" HPOS="0">
</LeftMargin>
<RightMargin HEIGHT="3718" WIDTH="387" VPOS="446" HPOS="2132">
</RightMargin>
<BottomMargin HEIGHT="213" WIDTH="2519" VPOS="4164" HPOS="0">
</BottomMargin>
<PrintSpace HEIGHT="3718" WIDTH="2026" VPOS="446" HPOS="106">
<TextBlock ID="Page227_Block1" HEIGHT="74" WIDTH="120" VPOS="4090" HPOS="1056" LANG="en-US" STYLEREFS="StyleId-2EE6022E-29DB-4D5F-BC6F-B95404ED8D16-">
<TextLine HEIGHT="54" WIDTH="102" VPOS="4100" HPOS="1065">
<String CONTENT="227" HEIGHT="54" WIDTH="102" VPOS="4100" HPOS="1065"/>
</TextLine>
</TextBlock>
<TextBlock ID="Page227_Block2" HEIGHT="3652" WIDTH="2026" VPOS="446" HPOS="106" CS="1" STYLEREFS="StyleId-89D760DD-3709-4C24-9B79-BFC5B29F0BA7-">
<TextLine HEIGHT="67" WIDTH="1117" VPOS="457" HPOS="121" STYLEREFS="StyleId-A31014C3-CA47-4095-939B-F970CD3A83F9-">
<String LANG="de" CONTENT="Pennsylvania." HEIGHT="64" WIDTH="452" VPOS="457" HPOS="121"/>
<SP HEIGHT="52" WIDTH="72" VPOS="460" HPOS="574"/>
<String LANG="en-US" CONTENT="Laws" HEIGHT="51" WIDTH="165" VPOS="460" HPOS="647"/>
<String LANG="de" CONTENT="," HEIGHT="22" WIDTH="11" VPOS="501" HPOS="819"/>
<SP HEIGHT="58" WIDTH="25" VPOS="465" HPOS="831"/>
<String LANG="en-US" CONTENT="statutes," HEIGHT="60" WIDTH="255" VPOS="464" HPOS="857"/>
<SP HEIGHT="46" WIDTH="25" VPOS="478" HPOS="1113"/>
<String LANG="en-US" CONTENT="etc." HEIGHT="48" WIDTH="99" VPOS="464" HPOS="1139"/>
</TextLine>
<TextLine HEIGHT="67" WIDTH="1920" VPOS="534" HPOS="192" STYLEREFS="StyleId-0AFDAC2F-4D37-45DF-AD3F-7031EA5BC5DF-" LANG="en-US">
<String CONTENT="Purdon&#8217;s" HEIGHT="55" WIDTH="280" VPOS="534" HPOS="192"/>
<SP HEIGHT="51" WIDTH="35" VPOS="538" HPOS="473"/>
<String CONTENT="Pennsylvania" HEIGHT="66" WIDTH="423" VPOS="535" HPOS="509"/>
<SP HEIGHT="35" WIDTH="37" VPOS="553" HPOS="933"/>
<String CONTENT="statutes" HEIGHT="48" WIDTH="237" VPOS="540" HPOS="971"/>
<SP HEIGHT="34" WIDTH="39" VPOS="554" HPOS="1209"/>
<String CONTENT="annotated." HEIGHT="51" WIDTH="322" VPOS="536" HPOS="1249"/>
<SP HEIGHT="51" WIDTH="74" VPOS="537" HPOS="1572"/>
<String CONTENT="Permanent" HEIGHT="51" WIDTH="344" VPOS="537" HPOS="1647"/>
<SP HEIGHT="49" WIDTH="36" VPOS="538" HPOS="1992"/>
<String CONTENT="ed." HEIGHT="53" WIDTH="83" VPOS="536" HPOS="2029"/>
</TextLine>
<TextLine HEIGHT="67" WIDTH="1724" VPOS="612" HPOS="124" STYLEREFS="StyleId-0AFDAC2F-4D37-45DF-AD3F-7031EA5BC5DF-" LANG="en-US" CS="1">
<String CONTENT="1935" HEIGHT="49" WIDTH="132" VPOS="616" HPOS="124"/>
<SP HEIGHT="49" WIDTH="39" VPOS="617" HPOS="257"/>
<String CONTENT="cumulative" HEIGHT="54" WIDTH="343" VPOS="612" HPOS="297"/>
<SP HEIGHT="34" WIDTH="39" VPOS="631" HPOS="641"/>
<String CONTENT="annual" HEIGHT="51" WIDTH="209" VPOS="612" HPOS="681"/>
<SP HEIGHT="66" WIDTH="39" VPOS="612" HPOS="891"/>
<String CONTENT="pocket" HEIGHT="66" WIDTH="200" VPOS="612" HPOS="931"/>
<SP HEIGHT="61" WIDTH="37" VPOS="617" HPOS="1132"/>
<String CONTENT="parts" HEIGHT="61" WIDTH="158" VPOS="617" HPOS="1170"/>
<SP HEIGHT="53" WIDTH="39" VPOS="612" HPOS="1329"/>
<String CONTENT="for" HEIGHT="52" WIDTH="94" VPOS="612" HPOS="1369"/>
<SP HEIGHT="46" WIDTH="37" VPOS="618" HPOS="1464"/>
<String CONTENT="titles" HEIGHT="53" WIDTH="153" VPOS="613" HPOS="1502"/>
<SP HEIGHT="47" WIDTH="42" VPOS="618" HPOS="1656"/>
<String CONTENT="1-77," HEIGHT="66" WIDTH="149" VPOS="613" HPOS="1699"/>
</TextLine>
<TextLine HEIGHT="143" WIDTH="1990" VPOS="613" HPOS="123" STYLEREFS="StyleId-0AFDAC2F-4D37-45DF-AD3F-7031EA5BC5DF-" LANG="en-US" CS="1">
<String CONTENT="Constitution," HEIGHT="142" WIDTH="1965" VPOS="613" HPOS="123"/>
<SP HEIGHT="63" WIDTH="42" VPOS="692" HPOS="327"/>
<String CONTENT="Tables" HEIGHT="52" WIDTH="203" VPOS="690" HPOS="370"/>
<SP HEIGHT="47" WIDTH="46" VPOS="708" HPOS="574"/>
<String CS="1" CONTENT="[and]" HEIGHT="65" WIDTH="130" VPOS="689" HPOS="640"/>
<SP HEIGHT="65" WIDTH="47" VPOS="689" HPOS="771"/>
<String CONTENT="General" HEIGHT="53" WIDTH="243" VPOS="689" HPOS="819"/>
<SP HEIGHT="52" WIDTH="42" VPOS="689" HPOS="1063"/>
<String CONTENT="index" HEIGHT="52" WIDTH="171" VPOS="689" HPOS="1106"/>
<SP HEIGHT="33" WIDTH="47" VPOS="708" HPOS="1278"/>
<String CS="1" CONTENT="&#8230;"/>
<SP HEIGHT="50" WIDTH="81" VPOS="691" HPOS="1383"/>
<String CONTENT="Philadelphia," HEIGHT="66" WIDTH="425" VPOS="690" HPOS="1465"/>
<SP HEIGHT="64" WIDTH="42" VPOS="691" HPOS="1891"/>
<String LANG="fi" CONTENT="G." HEIGHT="54" WIDTH="68" VPOS="691" HPOS="1934"/>
<SP HEIGHT="52" WIDTH="44" VPOS="691" HPOS="2003"/>
<String CONTENT="T." HEIGHT="53" WIDTH="65" VPOS="691" HPOS="2048"/>
</TextLine>
<TextLine HEIGHT="69" WIDTH="1991" VPOS="765" HPOS="124" STYLEREFS="StyleId-0AFDAC2F-4D37-45DF-AD3F-7031EA5BC5DF-" LANG="en-US" CS="1">
<String CONTENT="Bisel" HEIGHT="53" WIDTH="152" VPOS="766" HPOS="124"/>
<SP HEIGHT="50" WIDTH="43" VPOS="768" HPOS="277"/>
<String CONTENT="company;" HEIGHT="48" WIDTH="304" VPOS="785" HPOS="321"/>
<SP HEIGHT="63" WIDTH="46" VPOS="768" HPOS="626"/>
<String CONTENT="Newark," HEIGHT="65" WIDTH="262" VPOS="765" HPOS="673"/>
<SP HEIGHT="64" WIDTH="42" VPOS="766" HPOS="936"/>
<String CONTENT="Soney" HEIGHT="66" WIDTH="186" VPOS="766" HPOS="979"/>
<SP HEIGHT="62" WIDTH="40" VPOS="770" HPOS="1166"/>
<String CONTENT="&amp;" HEIGHT="49" WIDTH="45" VPOS="770" HPOS="1207"/>
<SP HEIGHT="55" WIDTH="43" VPOS="766" HPOS="1253"/>
<String CONTENT="Sage" HEIGHT="67" WIDTH="145" VPOS="766" HPOS="1297"/>
<SP HEIGHT="34" WIDTH="42" VPOS="784" HPOS="1443"/>
<String CONTENT="company" HEIGHT="50" WIDTH="278" VPOS="784" HPOS="1486"/>
<SP HEIGHT="48" WIDTH="48" VPOS="786" HPOS="1765"/>
<String CS="1" CONTENT="[etc.," HEIGHT="51" WIDTH="119" VPOS="772" HPOS="1831"/>
<SP HEIGHT="37" WIDTH="43" VPOS="786" HPOS="1951"/>
<String CONTENT="etc.," HEIGHT="62" WIDTH="120" VPOS="772" HPOS="1995"/>
</TextLine>
<TextLine HEIGHT="62" WIDTH="148" VPOS="847" HPOS="146" STYLEREFS="StyleId-0AFDAC2F-4D37-45DF-AD3F-7031EA5BC5DF-" LANG="el" CS="1">
<String LANG="en-US" CS="1" CONTENT="c"/>
<String CONTENT="1935]" HEIGHT="62" WIDTH="148" VPOS="847" HPOS="146"/>
</TextLine>
<TextLine HEIGHT="42" WIDTH="327" VPOS="915" HPOS="193" LANG="en-US" CS="1">
<String CONTENT="40" HEIGHT="39" WIDTH="60" VPOS="916" HPOS="193"/>
<SP HEIGHT="40" WIDTH="22" VPOS="916" HPOS="254"/>
<String CS="1" CONTENT="v." HEIGHT="9" WIDTH="9" VPOS="948" HPOS="311"/>
<SP HEIGHT="42" WIDTH="54" VPOS="915" HPOS="321"/>
<String CS="1" CONTENT="23&#189;cm." HEIGHT="40" WIDTH="144" VPOS="915" HPOS="376"/>
</TextLine>
<TextLine HEIGHT="49" WIDTH="1924" VPOS="971" HPOS="192" LANG="en-US" CS="1">
<String CONTENT="These" HEIGHT="39" WIDTH="157" VPOS="974" HPOS="192"/>
<SP HEIGHT="36" WIDTH="22" VPOS="984" HPOS="350"/>
<String CONTENT="pamphlets" HEIGHT="47" WIDTH="272" VPOS="973" HPOS="373"/>
<SP HEIGHT="29" WIDTH="31" VPOS="982" HPOS="646"/>
<String CONTENT="are" HEIGHT="29" WIDTH="85" VPOS="982" HPOS="678"/>
<SP HEIGHT="37" WIDTH="27" VPOS="975" HPOS="764"/>
<String CONTENT="to" HEIGHT="37" WIDTH="48" VPOS="975" HPOS="792"/>
<SP HEIGHT="38" WIDTH="30" VPOS="972" HPOS="841"/>
<String CONTENT="be" HEIGHT="39" WIDTH="58" VPOS="972" HPOS="872"/>
<SP HEIGHT="40" WIDTH="26" VPOS="971" HPOS="931"/>
<String CONTENT="fitted" HEIGHT="40" WIDTH="138" VPOS="971" HPOS="958"/>
<SP HEIGHT="40" WIDTH="29" VPOS="971" HPOS="1097"/>
<String CONTENT="into" HEIGHT="41" WIDTH="101" VPOS="971" HPOS="1127"/>
<SP HEIGHT="38" WIDTH="31" VPOS="974" HPOS="1229"/>
<String CONTENT="the" HEIGHT="39" WIDTH="84" VPOS="973" HPOS="1261"/>
<SP HEIGHT="37" WIDTH="26" VPOS="983" HPOS="1346"/>
<String CONTENT="pockets" HEIGHT="47" WIDTH="195" VPOS="973" HPOS="1373"/>
<SP/>
<String CONTENT="at" HEIGHT="37" WIDTH="49" VPOS="975" HPOS="1602"/>
<SP HEIGHT="38" WIDTH="33" VPOS="975" HPOS="1652"/>
<String CONTENT="the" HEIGHT="39" WIDTH="81" VPOS="974" HPOS="1686"/>
<SP HEIGHT="38" WIDTH="29" VPOS="974" HPOS="1768"/>
<String CONTENT="back" HEIGHT="39" WIDTH="120" VPOS="974" HPOS="1798"/>
<SP HEIGHT="38" WIDTH="31" VPOS="974" HPOS="1919"/>
<String CONTENT="of" HEIGHT="39" WIDTH="51" VPOS="973" HPOS="1951"/>
<SP HEIGHT="41" WIDTH="33" VPOS="973" HPOS="2003"/>
<String CONTENT="the" HEIGHT="40" WIDTH="79" VPOS="974" HPOS="2037"/>
</TextLine>
<TextLine HEIGHT="47" WIDTH="1141" VPOS="1028" HPOS="122" LANG="en-US">
<String CONTENT="volumes" HEIGHT="40" WIDTH="218" VPOS="1030" HPOS="122"/>
<SP HEIGHT="28" WIDTH="26" VPOS="1041" HPOS="341"/>
<String CONTENT="of" HEIGHT="39" WIDTH="51" VPOS="1030" HPOS="368"/>
<SP HEIGHT="40" WIDTH="29" VPOS="1030" HPOS="420"/>
<String CONTENT="the" HEIGHT="39" WIDTH="84" VPOS="1031" HPOS="450"/>
<SP HEIGHT="28" WIDTH="27" VPOS="1040" HPOS="535"/>
<String CONTENT="set" HEIGHT="38" WIDTH="76" VPOS="1031" HPOS="563"/>
<SP HEIGHT="38" WIDTH="26" VPOS="1031" HPOS="640"/>
<String CONTENT="to" HEIGHT="37" WIDTH="47" VPOS="1031" HPOS="667"/>
<SP HEIGHT="28" WIDTH="29" VPOS="1040" HPOS="715"/>
<String CONTENT="which" HEIGHT="38" WIDTH="156" VPOS="1029" HPOS="745"/>
<SP HEIGHT="39" WIDTH="33" VPOS="1029" HPOS="902"/>
<String CONTENT="they" HEIGHT="46" WIDTH="113" VPOS="1029" HPOS="936"/>
<SP HEIGHT="47" WIDTH="29" VPOS="1028" HPOS="1050"/>
<String CONTENT="belong." HEIGHT="47" WIDTH="183" VPOS="1028" HPOS="1080"/>
</TextLine>
<TextLine HEIGHT="53" WIDTH="1994" VPOS="1082" HPOS="122" LANG="en-US" CS="1">
<String CONTENT="&#169;" HEIGHT="53" WIDTH="52" VPOS="1082" HPOS="122"/>
<SP HEIGHT="53" WIDTH="28" VPOS="1082" HPOS="175"/>
<String CONTENT="Dec." HEIGHT="38" WIDTH="110" VPOS="1088" HPOS="204"/>
<SP HEIGHT="41" WIDTH="28" VPOS="1085" HPOS="315"/>
<String CONTENT="23," HEIGHT="44" WIDTH="69" VPOS="1085" HPOS="344"/>
<SP HEIGHT="43" WIDTH="31" VPOS="1086" HPOS="414"/>
<String CS="1" CONTENT="1935;" HEIGHT="39" WIDTH="112" VPOS="1086" HPOS="446"/>
<SP HEIGHT="47" WIDTH="30" VPOS="1085" HPOS="586"/>
<String CONTENT="2c." HEIGHT="40" WIDTH="69" VPOS="1085" HPOS="617"/>
<SP HEIGHT="29" WIDTH="29" VPOS="1096" HPOS="687"/>
<String CONTENT="each" HEIGHT="38" WIDTH="117" VPOS="1086" HPOS="717"/>
<SP HEIGHT="38" WIDTH="30" VPOS="1085" HPOS="835"/>
<String CONTENT="Jan." HEIGHT="39" WIDTH="109" VPOS="1085" HPOS="866"/>
<SP HEIGHT="38" WIDTH="32" VPOS="1086" HPOS="976"/>
<String CONTENT="18," HEIGHT="47" WIDTH="67" VPOS="1085" HPOS="1009"/>
<SP HEIGHT="46" WIDTH="31" VPOS="1086" HPOS="1077"/>
<String CS="1" CONTENT="1936;" HEIGHT="41" WIDTH="113" VPOS="1083" HPOS="1109"/>
<SP HEIGHT="36" WIDTH="33" VPOS="1095" HPOS="1250"/>
<String CONTENT="aff." HEIGHT="40" WIDTH="79" VPOS="1084" HPOS="1284"/>
<SP HEIGHT="39" WIDTH="33" VPOS="1085" HPOS="1364"/>
<String CONTENT="Jan." HEIGHT="39" WIDTH="109" VPOS="1085" HPOS="1398"/>
<SP HEIGHT="40" WIDTH="31" VPOS="1084" HPOS="1508"/>
<String CONTENT="20;" HEIGHT="47" WIDTH="81" VPOS="1084" HPOS="1540"/>
<SP HEIGHT="45" WIDTH="34" VPOS="1086" HPOS="1622"/>
<!-- cceid 970EA34C-6E3A-1014-83DD-942C093A1DD9 --><String CONTENT="A" HEIGHT="38" WIDTH="40" VPOS="1086" HPOS="1657"/>
<SP HEIGHT="40" WIDTH="28" VPOS="1084" HPOS="1698"/>
<String CONTENT="91453;" HEIGHT="48" WIDTH="170" VPOS="1084" HPOS="1727"/>
<SP HEIGHT="47" WIDTH="35" VPOS="1085" HPOS="1898"/>
<String CONTENT="George" HEIGHT="49" WIDTH="182" VPOS="1085" HPOS="1934"/>
</TextLine>
<TextLine HEIGHT="48" WIDTH="1287" VPOS="1142" HPOS="191" LANG="en-US">
<String CONTENT="T." HEIGHT="40" WIDTH="52" VPOS="1143" HPOS="191"/>
<SP HEIGHT="39" WIDTH="22" VPOS="1144" HPOS="244"/>
<String CONTENT="Bisel" HEIGHT="39" WIDTH="129" VPOS="1143" HPOS="267"/>
<SP HEIGHT="38" WIDTH="22" VPOS="1144" HPOS="397"/>
<String CONTENT="co.," HEIGHT="37" WIDTH="81" VPOS="1153" HPOS="420"/>
<SP HEIGHT="48" WIDTH="26" VPOS="1142" HPOS="502"/>
<String CONTENT="Soney" HEIGHT="47" WIDTH="155" VPOS="1142" HPOS="529"/>
<SP HEIGHT="47" WIDTH="19" VPOS="1142" HPOS="685"/>
<String CONTENT="&amp;" HEIGHT="39" WIDTH="37" VPOS="1142" HPOS="705"/>
<SP HEIGHT="39" WIDTH="23" VPOS="1142" HPOS="743"/>
<String CONTENT="Sage" HEIGHT="46" WIDTH="123" VPOS="1142" HPOS="767"/>
<SP HEIGHT="29" WIDTH="18" VPOS="1151" HPOS="891"/>
<String CONTENT="co." HEIGHT="29" WIDTH="66" VPOS="1151" HPOS="910"/>
<SP HEIGHT="29" WIDTH="24" VPOS="1151" HPOS="977"/>
<String CONTENT="and" HEIGHT="38" WIDTH="93" VPOS="1142" HPOS="1002"/>
<SP HEIGHT="38" WIDTH="23" VPOS="1142" HPOS="1096"/>
<String CONTENT="West" HEIGHT="38" WIDTH="132" VPOS="1142" HPOS="1120"/>
<SP HEIGHT="45" WIDTH="24" VPOS="1143" HPOS="1253"/>
<String CONTENT="pub." HEIGHT="46" WIDTH="108" VPOS="1142" HPOS="1278"/>
<SP HEIGHT="28" WIDTH="24" VPOS="1153" HPOS="1387"/>
<String CONTENT="co." HEIGHT="30" WIDTH="66" VPOS="1151" HPOS="1412"/>
</TextLine>
<TextLine HEIGHT="66" WIDTH="867" VPOS="1243" HPOS="120" STYLEREFS="StyleId-0AFDAC2F-4D37-45DF-AD3F-7031EA5BC5DF-" LANG="en-US">
<String CONTENT="Peterson," HEIGHT="63" WIDTH="303" VPOS="1246" HPOS="120"/>
<SP HEIGHT="64" WIDTH="28" VPOS="1245" HPOS="424"/>
<String CONTENT="Frederick," HEIGHT="65" WIDTH="333" VPOS="1243" HPOS="453"/>
<SP HEIGHT="58" WIDTH="30" VPOS="1250" HPOS="787"/>
<String CONTENT="1859-" HEIGHT="49" WIDTH="169" VPOS="1249" HPOS="818"/>
</TextLine>
<TextLine HEIGHT="69" WIDTH="1924" VPOS="1318" HPOS="190" STYLEREFS="StyleId-0AFDAC2F-4D37-45DF-AD3F-7031EA5BC5DF-" LANG="en-US" CS="1">
<String CONTENT="Creative" HEIGHT="56" WIDTH="263" VPOS="1318" HPOS="190"/>
<SP HEIGHT="34" WIDTH="24" VPOS="1338" HPOS="454"/>
<String CONTENT="re-education," HEIGHT="68" WIDTH="404" VPOS="1318" HPOS="479"/>
<SP HEIGHT="68" WIDTH="21" VPOS="1318" HPOS="884"/>
<String CONTENT="by" HEIGHT="69" WIDTH="76" VPOS="1318" HPOS="906"/>
<SP HEIGHT="69" WIDTH="23" VPOS="1318" HPOS="983"/>
<String CONTENT="Frederick" HEIGHT="53" WIDTH="310" VPOS="1318" HPOS="1007"/>
<SP HEIGHT="53" WIDTH="23" VPOS="1318" HPOS="1318"/>
<String CONTENT="Peterson" HEIGHT="53" WIDTH="271" VPOS="1319" HPOS="1342"/>
<SP HEIGHT="34" WIDTH="30" VPOS="1337" HPOS="1614"/>
<String CS="1" CONTENT="&#8230;"/>
<SP HEIGHT="54" WIDTH="63" VPOS="1318" HPOS="1702"/>
<String CONTENT="New" HEIGHT="54" WIDTH="140" VPOS="1318" HPOS="1766"/>
<SP HEIGHT="53" WIDTH="24" VPOS="1319" HPOS="1907"/>
<String CONTENT="York," HEIGHT="66" WIDTH="182" VPOS="1318" HPOS="1932"/>
</TextLine>
<TextLine HEIGHT="69" WIDTH="846" VPOS="1396" HPOS="119" STYLEREFS="StyleId-0AFDAC2F-4D37-45DF-AD3F-7031EA5BC5DF-" LANG="en-US">
<String LANG="fi" CONTENT="G." HEIGHT="56" WIDTH="68" VPOS="1396" HPOS="119"/>
<SP HEIGHT="52" WIDTH="27" VPOS="1399" HPOS="188"/>
<String CONTENT="P." HEIGHT="52" WIDTH="65" VPOS="1399" HPOS="216"/>
<SP HEIGHT="52" WIDTH="28" VPOS="1399" HPOS="282"/>
<String CONTENT="Putnam&#8217;s" HEIGHT="55" WIDTH="296" VPOS="1396" HPOS="311"/>
<SP HEIGHT="35" WIDTH="27" VPOS="1416" HPOS="608"/>
<String CONTENT="sons," HEIGHT="50" WIDTH="147" VPOS="1415" HPOS="636"/>
<SP HEIGHT="65" WIDTH="29" VPOS="1400" HPOS="784"/>
<String CONTENT="1936." HEIGHT="51" WIDTH="151" VPOS="1399" HPOS="814"/>
</TextLine>
<TextLine HEIGHT="50" WIDTH="737" VPOS="1469" HPOS="188" STYLEREFS="StyleId-0AFDAC2F-4D37-45DF-AD3F-7031EA5BC5DF-" LANG="en-US" CS="1">
<String CONTENT="xix" HEIGHT="39" WIDTH="86" VPOS="1472" HPOS="188"/>
<SP HEIGHT="37" WIDTH="22" VPOS="1482" HPOS="275"/>
<String CONTENT="p" HEIGHT="37" WIDTH="30" VPOS="1482" HPOS="298"/>
<SP HEIGHT="47" WIDTH="52" VPOS="1472" HPOS="329"/>
<String CONTENT="1" HEIGHT="38" WIDTH="25" VPOS="1472" HPOS="382"/>
<SP/>
<String CS="1" CONTENT="l.,"/>
<SP/>
<String CONTENT="23-112" HEIGHT="40" WIDTH="174" VPOS="1470" HPOS="507"/>
<SP HEIGHT="47" WIDTH="23" VPOS="1471" HPOS="682"/>
<String CONTENT="p." HEIGHT="38" WIDTH="44" VPOS="1480" HPOS="706"/>
<SP HEIGHT="40" WIDTH="58" VPOS="1470" HPOS="751"/>
<String CONTENT="19cm." HEIGHT="42" WIDTH="115" VPOS="1469" HPOS="810"/>
</TextLine>
<TextLine HEIGHT="50" WIDTH="1584" VPOS="1527" HPOS="191" LANG="en-US" CS="1">
<String CONTENT="&#8220;A" HEIGHT="39" WIDTH="67" VPOS="1528" HPOS="191"/>
<SP HEIGHT="40" WIDTH="25" VPOS="1528" HPOS="259"/>
<String CONTENT="kind" HEIGHT="40" WIDTH="116" VPOS="1529" HPOS="285"/>
<SP HEIGHT="39" WIDTH="31" VPOS="1530" HPOS="402"/>
<String CONTENT="of" HEIGHT="39" WIDTH="51" VPOS="1529" HPOS="434"/>
<SP HEIGHT="38" WIDTH="26" VPOS="1529" HPOS="486"/>
<String CONTENT="reconstruction" HEIGHT="40" WIDTH="382" VPOS="1528" HPOS="513"/>
<SP HEIGHT="29" WIDTH="27" VPOS="1538" HPOS="896"/>
<String CONTENT="of" HEIGHT="39" WIDTH="52" VPOS="1528" HPOS="924"/>
<SP HEIGHT="47" WIDTH="26" VPOS="1528" HPOS="977"/>
<String CONTENT="personality" HEIGHT="48" WIDTH="300" VPOS="1527" HPOS="1004"/>
<SP HEIGHT="43" WIDTH="31" VPOS="1531" HPOS="1305"/>
<String CONTENT="through" HEIGHT="48" WIDTH="210" VPOS="1528" HPOS="1337"/>
<SP HEIGHT="39" WIDTH="29" VPOS="1529" HPOS="1548"/>
<String CONTENT="seeking" HEIGHT="49" WIDTH="197" VPOS="1528" HPOS="1578"/>
</TextLine>
<TextLine HEIGHT="104" WIDTH="1979" VPOS="1529" HPOS="117" LANG="en-US" CS="1">
<String CONTENT="and" HEIGHT="40" WIDTH="95" VPOS="1530" HPOS="1805"/>
<SP HEIGHT="40" WIDTH="30" VPOS="1530" HPOS="1901"/>
<String CONTENT="discovering" HEIGHT="104" WIDTH="1979" VPOS="1529" HPOS="117"/>
<SP HEIGHT="48" WIDTH="27" VPOS="1585" HPOS="256"/>
<String CONTENT="latent" HEIGHT="42" WIDTH="155" VPOS="1585" HPOS="284"/>
<SP HEIGHT="39" WIDTH="30" VPOS="1588" HPOS="440"/>
<String CONTENT="or" HEIGHT="30" WIDTH="53" VPOS="1596" HPOS="471"/>
<SP HEIGHT="40" WIDTH="31" VPOS="1586" HPOS="525"/>
<String CONTENT="dormant" HEIGHT="40" WIDTH="225" VPOS="1586" HPOS="557"/>
<SP HEIGHT="39" WIDTH="29" VPOS="1587" HPOS="783"/>
<String CONTENT="capacities.&#8221;&#8212;Pref." HEIGHT="50" WIDTH="497" VPOS="1583" HPOS="813"/>
</TextLine>
<TextLine HEIGHT="53" WIDTH="2000" VPOS="1642" HPOS="121" LANG="en-US" CS="1">
<String CONTENT="&#169;" HEIGHT="53" WIDTH="52" VPOS="1642" HPOS="121"/>
<SP HEIGHT="53" WIDTH="35" VPOS="1642" HPOS="174"/>
<String CONTENT="Feb." HEIGHT="39" WIDTH="110" VPOS="1647" HPOS="210"/>
<SP HEIGHT="39" WIDTH="34" VPOS="1647" HPOS="321"/>
<String CONTENT="14," HEIGHT="40" WIDTH="67" VPOS="1647" HPOS="356"/>
<SP HEIGHT="40" WIDTH="36" VPOS="1647" HPOS="424"/>
<String CS="1" CONTENT="1936;" HEIGHT="41" WIDTH="112" VPOS="1644" HPOS="461"/>
<SP HEIGHT="47" WIDTH="36" VPOS="1645" HPOS="601"/>
<String CONTENT="2c." HEIGHT="40" WIDTH="68" VPOS="1645" HPOS="638"/>
<SP HEIGHT="40" WIDTH="36" VPOS="1645" HPOS="707"/>
<String CONTENT="Feb." HEIGHT="40" WIDTH="109" VPOS="1645" HPOS="744"/>
<SP HEIGHT="40" WIDTH="37" VPOS="1645" HPOS="854"/>
<String CONTENT="17;" HEIGHT="42" WIDTH="79" VPOS="1645" HPOS="892"/>
<SP HEIGHT="32" WIDTH="39" VPOS="1655" HPOS="972"/>
<String CONTENT="aff." HEIGHT="41" WIDTH="81" VPOS="1645" HPOS="1012"/>
<SP HEIGHT="41" WIDTH="37" VPOS="1645" HPOS="1094"/>
<String CONTENT="Feb." HEIGHT="40" WIDTH="110" VPOS="1645" HPOS="1132"/>
<SP HEIGHT="38" WIDTH="36" VPOS="1647" HPOS="1243"/>
<String CS="1" CONTENT="15;" HEIGHT="39" WIDTH="53" VPOS="1646" HPOS="1280"/>
<SP HEIGHT="47" WIDTH="38" VPOS="1646" HPOS="1361"/>
<!-- cceid 970F5009-6E3A-1014-83DD-942C093A1DD9 --><String CONTENT="A" HEIGHT="39" WIDTH="40" VPOS="1646" HPOS="1400"/>
<SP HEIGHT="40" WIDTH="34" VPOS="1645" HPOS="1441"/>
<String CONTENT="90785;" HEIGHT="49" WIDTH="171" VPOS="1645" HPOS="1476"/>
<SP HEIGHT="47" WIDTH="38" VPOS="1647" HPOS="1648"/>
<String LANG="fi" CONTENT="G." HEIGHT="42" WIDTH="53" VPOS="1647" HPOS="1687"/>
<SP HEIGHT="40" WIDTH="35" VPOS="1649" HPOS="1741"/>
<String CONTENT="P." HEIGHT="39" WIDTH="50" VPOS="1649" HPOS="1777"/>
<SP HEIGHT="39" WIDTH="36" VPOS="1649" HPOS="1828"/>
<String CONTENT="Putnam&#8217;s" HEIGHT="40" WIDTH="256" VPOS="1649" HPOS="1865"/>
</TextLine>
<TextLine HEIGHT="49" WIDTH="450" VPOS="1702" HPOS="192" LANG="en-US">
<String CONTENT="sons." HEIGHT="30" WIDTH="125" VPOS="1713" HPOS="192"/>
<SP HEIGHT="48" WIDTH="74" VPOS="1703" HPOS="318"/>
<String CONTENT="(36-6921)" HEIGHT="49" WIDTH="249" VPOS="1702" HPOS="393"/>
</TextLine>
<TextLine HEIGHT="65" WIDTH="514" VPOS="1806" HPOS="119" STYLEREFS="StyleId-0AFDAC2F-4D37-45DF-AD3F-7031EA5BC5DF-">
<String LANG="fr" CONTENT="Poulet," HEIGHT="65" WIDTH="224" VPOS="1806" HPOS="119"/>
<SP HEIGHT="64" WIDTH="26" VPOS="1807" HPOS="344"/>
<String LANG="en-US" CONTENT="Charles." HEIGHT="54" WIDTH="262" VPOS="1806" HPOS="371"/>
</TextLine>
<TextLine HEIGHT="71" WIDTH="1926" VPOS="1881" HPOS="190" STYLEREFS="StyleId-0AFDAC2F-4D37-45DF-AD3F-7031EA5BC5DF-">
<String LANG="fr" CONTENT="Histoire" HEIGHT="52" WIDTH="256" VPOS="1883" HPOS="190"/>
<SP HEIGHT="52" WIDTH="27" VPOS="1883" HPOS="447"/>
<String LANG="fr" CONTENT="du" HEIGHT="51" WIDTH="75" VPOS="1883" HPOS="475"/>
<SP HEIGHT="53" WIDTH="29" VPOS="1883" HPOS="551"/>
<String LANG="fr" CONTENT="Christianisme," HEIGHT="65" WIDTH="452" VPOS="1881" HPOS="581"/>
<SP HEIGHT="47" WIDTH="28" VPOS="1900" HPOS="1034"/>
<String LANG="en-US" CONTENT="par" HEIGHT="47" WIDTH="104" VPOS="1900" HPOS="1063"/>
<SP HEIGHT="52" WIDTH="28" VPOS="1882" HPOS="1168"/>
<String LANG="de" CONTENT="dom" HEIGHT="52" WIDTH="131" VPOS="1882" HPOS="1197"/>
<SP HEIGHT="54" WIDTH="30" VPOS="1882" HPOS="1329"/>
<String LANG="en-US" CONTENT="Charles" HEIGHT="54" WIDTH="234" VPOS="1882" HPOS="1360"/>
<SP HEIGHT="50" WIDTH="26" VPOS="1886" HPOS="1595"/>
<String LANG="de" CONTENT="Poulet." HEIGHT="54" WIDTH="219" VPOS="1884" HPOS="1622"/>
<SP HEIGHT="52" WIDTH="64" VPOS="1886" HPOS="1842"/>
<String LANG="fr" CONTENT="Moyen" HEIGHT="66" WIDTH="209" VPOS="1886" HPOS="1907"/>
</TextLine>
<TextLine HEIGHT="73" WIDTH="1885" VPOS="1955" HPOS="123" STYLEREFS="StyleId-0AFDAC2F-4D37-45DF-AD3F-7031EA5BC5DF-" LANG="fr">
<String CONTENT="&#226;ge." HEIGHT="65" WIDTH="115" VPOS="1962" HPOS="123"/>
<SP HEIGHT="53" WIDTH="70" VPOS="1960" HPOS="239"/>
<String CONTENT="fasc." HEIGHT="52" WIDTH="137" VPOS="1960" HPOS="310"/>
<SP HEIGHT="48" WIDTH="36" VPOS="1964" HPOS="448"/>
<String CONTENT="10." HEIGHT="50" WIDTH="79" VPOS="1962" HPOS="485"/>
<SP HEIGHT="51" WIDTH="69" VPOS="1961" HPOS="565"/>
<String CONTENT="Paris," HEIGHT="65" WIDTH="185" VPOS="1960" HPOS="635"/>
<SP HEIGHT="67" WIDTH="30" VPOS="1958" HPOS="821"/>
<String CONTENT="Gabriel" HEIGHT="58" WIDTH="234" VPOS="1955" HPOS="852"/>
<SP HEIGHT="51" WIDTH="32" VPOS="1960" HPOS="1087"/>
<String CONTENT="Beauchesne" HEIGHT="52" WIDTH="359" VPOS="1960" HPOS="1120"/>
<SP HEIGHT="34" WIDTH="32" VPOS="1979" HPOS="1480"/>
<String CONTENT="et" HEIGHT="47" WIDTH="54" VPOS="1966" HPOS="1513"/>
<SP HEIGHT="47" WIDTH="29" VPOS="1966" HPOS="1568"/>
<String CONTENT="ses" HEIGHT="34" WIDTH="83" VPOS="1980" HPOS="1598"/>
<SP HEIGHT="55" WIDTH="33" VPOS="1959" HPOS="1682"/>
<String CONTENT="fils," HEIGHT="69" WIDTH="106" VPOS="1959" HPOS="1716"/>
<SP HEIGHT="62" WIDTH="35" VPOS="1966" HPOS="1823"/>
<String CONTENT="1935." HEIGHT="49" WIDTH="149" VPOS="1966" HPOS="1859"/>
</TextLine>
<TextLine HEIGHT="48" WIDTH="1087" VPOS="2031" HPOS="190" STYLEREFS="StyleId-0AFDAC2F-4D37-45DF-AD3F-7031EA5BC5DF-" CS="1">
<String LANG="en-US" CONTENT="cover-title," HEIGHT="46" WIDTH="282" VPOS="2032" HPOS="190"/>
<SP HEIGHT="37" WIDTH="31" VPOS="2042" HPOS="473"/>
<String LANG="fr" CONTENT="p." HEIGHT="37" WIDTH="40" VPOS="2042" HPOS="505"/>
<SP HEIGHT="38" WIDTH="32" VPOS="2032" HPOS="546"/>
<String LANG="fr" CONTENT="481-640." HEIGHT="40" WIDTH="218" VPOS="2031" HPOS="579"/>
<SP HEIGHT="40" WIDTH="58" VPOS="2031" HPOS="798"/>
<String LANG="fr" CONTENT="illus.," HEIGHT="48" WIDTH="143" VPOS="2031" HPOS="857"/>
<SP HEIGHT="37" WIDTH="31" VPOS="2042" HPOS="1001"/>
<String LANG="en-US" CONTENT="map." HEIGHT="38" WIDTH="124" VPOS="2041" HPOS="1033"/>
<SP HEIGHT="40" WIDTH="59" VPOS="2031" HPOS="1158"/>
<String LANG="fr" CS="1" CONTENT="28&#189;cm." HEIGHT="40" WIDTH="59" VPOS="2031" HPOS="1218"/>
</TextLine>
<TextLine HEIGHT="48" WIDTH="655" VPOS="2087" HPOS="191">
<String LANG="en-US" CONTENT="Contains" HEIGHT="42" WIDTH="233" VPOS="2088" HPOS="191"/>
<SP HEIGHT="40" WIDTH="29" VPOS="2089" HPOS="425"/>
<String LANG="fr" CONTENT="bibliographies." HEIGHT="48" WIDTH="391" VPOS="2087" HPOS="455"/>
</TextLine>
<TextLine HEIGHT="103" WIDTH="1978" VPOS="2142" HPOS="122" LANG="fr" CS="1">
<String CONTENT="&#169;" HEIGHT="53" WIDTH="52" VPOS="2142" HPOS="122"/>
<SP HEIGHT="53" WIDTH="37" VPOS="2142" HPOS="175"/>
<String CONTENT="Dec." HEIGHT="39" WIDTH="110" VPOS="2147" HPOS="213"/>
<SP HEIGHT="39" WIDTH="38" VPOS="2146" HPOS="324"/>
<String CONTENT="1," HEIGHT="44" WIDTH="38" VPOS="2146" HPOS="363"/>
<SP HEIGHT="45" WIDTH="38" VPOS="2145" HPOS="402"/>
<String CS="1" CONTENT="1935;" HEIGHT="41" WIDTH="112" VPOS="2144" HPOS="441"/>
<SP HEIGHT="45" WIDTH="40" VPOS="2145" HPOS="581"/>
<String CS="1" CONTENT="1c." HEIGHT="8" WIDTH="8" VPOS="2175" HPOS="680"/>
<SP HEIGHT="39" WIDTH="40" VPOS="2144" HPOS="689"/>
<String CONTENT="Feb." HEIGHT="40" WIDTH="109" VPOS="2144" HPOS="730"/>
<SP HEIGHT="40" WIDTH="37" VPOS="2144" HPOS="840"/>
<String CONTENT="17," HEIGHT="47" WIDTH="68" VPOS="2144" HPOS="878"/>
<SP HEIGHT="47" WIDTH="40" VPOS="2144" HPOS="947"/>
<String CS="1" CONTENT="1930;" HEIGHT="41" WIDTH="115" VPOS="2142" HPOS="988"/>
<SP HEIGHT="46" WIDTH="37" VPOS="2144" HPOS="1128"/>
<!-- cceid 970FFC00-6E3A-1014-83DD-942C093A1DD9 --><String CONTENT="A-" HEIGHT="38" WIDTH="100" VPOS="2144" HPOS="1166"/>
<String LANG="en-US" CONTENT="Foreign" HEIGHT="47" WIDTH="207" VPOS="2144" HPOS="1269"/>
<SP HEIGHT="40" WIDTH="36" VPOS="2145" HPOS="1477"/>
<String CS="1" CONTENT="3062:1;" HEIGHT="42" WIDTH="144" VPOS="2143" HPOS="1514"/>
<SP HEIGHT="47" WIDTH="42" VPOS="2145" HPOS="1687"/>
<String CONTENT="Gabriel" HEIGHT="41" WIDTH="195" VPOS="2145" HPOS="1730"/>
<SP HEIGHT="39" WIDTH="37" VPOS="2147" HPOS="1926"/>
<String CONTENT="Beauchesne" HEIGHT="98" WIDTH="1924" VPOS="2147" HPOS="176"/>
<SP HEIGHT="32" WIDTH="28" VPOS="2213" HPOS="350"/>
<String CONTENT="et" HEIGHT="38" WIDTH="47" VPOS="2204" HPOS="379"/>
<SP HEIGHT="38" WIDTH="27" VPOS="2204" HPOS="427"/>
<String CONTENT="ses" HEIGHT="29" WIDTH="75" VPOS="2212" HPOS="455"/>
<SP HEIGHT="40" WIDTH="27" VPOS="2201" HPOS="531"/>
<String CONTENT="fils." HEIGHT="40" WIDTH="90" VPOS="2201" HPOS="559"/>
</TextLine>
<TextLine HEIGHT="64" WIDTH="642" VPOS="2307" HPOS="121" STYLEREFS="StyleId-0AFDAC2F-4D37-45DF-AD3F-7031EA5BC5DF-">
<String LANG="en-US" CONTENT="Remington," HEIGHT="63" WIDTH="373" VPOS="2308" HPOS="121"/>
<SP HEIGHT="63" WIDTH="27" VPOS="2308" HPOS="495"/>
<String LANG="fr" CONTENT="Harold." HEIGHT="54" WIDTH="240" VPOS="2307" HPOS="523"/>
</TextLine>
<TextLine HEIGHT="70" WIDTH="1927" VPOS="2381" HPOS="191" STYLEREFS="StyleId-0AFDAC2F-4D37-45DF-AD3F-7031EA5BC5DF-" CS="1">
<String LANG="en-US" CONTENT="Remington" HEIGHT="66" WIDTH="345" VPOS="2384" HPOS="191"/>
<SP HEIGHT="34" WIDTH="30" VPOS="2402" HPOS="537"/>
<String LANG="en-US" CONTENT="on" HEIGHT="34" WIDTH="71" VPOS="2402" HPOS="568"/>
<SP HEIGHT="52" WIDTH="30" VPOS="2383" HPOS="640"/>
<String LANG="en-US" CONTENT="bankruptcy," HEIGHT="66" WIDTH="378" VPOS="2382" HPOS="671"/>
<SP HEIGHT="67" WIDTH="31" VPOS="2381" HPOS="1050"/>
<String LANG="en-US" CONTENT="for" HEIGHT="52" WIDTH="92" VPOS="2381" HPOS="1082"/>
<SP HEIGHT="33" WIDTH="29" VPOS="2400" HPOS="1175"/>
<String LANG="fr" CONTENT="use" HEIGHT="35" WIDTH="96" VPOS="2400" HPOS="1205"/>
<SP HEIGHT="52" WIDTH="30" VPOS="2383" HPOS="1302"/>
<String LANG="en-US" CONTENT="during" HEIGHT="66" WIDTH="212" VPOS="2383" HPOS="1333"/>
<SP HEIGHT="62" WIDTH="31" VPOS="2387" HPOS="1546"/>
<String LANG="fr" CONTENT="1936" HEIGHT="49" WIDTH="132" VPOS="2386" HPOS="1578"/>
<SP HEIGHT="50" WIDTH="38" VPOS="2386" HPOS="1711"/>
<String LANG="fr" CS="1" CONTENT="&#8230;"/>
<SP HEIGHT="32" WIDTH="78" VPOS="2419" HPOS="1806"/>
<String LANG="fr" CONTENT="[Pocket" HEIGHT="65" WIDTH="233" VPOS="2386" HPOS="1885"/>
</TextLine>
<TextLine HEIGHT="146" WIDTH="1971" VPOS="2460" HPOS="120" STYLEREFS="StyleId-0AFDAC2F-4D37-45DF-AD3F-7031EA5BC5DF-" CS="1">
<String LANG="en-US" CONTENT="supplements" HEIGHT="64" WIDTH="385" VPOS="2464" HPOS="121"/>
<SP HEIGHT="53" WIDTH="34" VPOS="2461" HPOS="507"/>
<String LANG="fr" CONTENT="for]" HEIGHT="65" WIDTH="111" VPOS="2461" HPOS="542"/>
<SP HEIGHT="47" WIDTH="38" VPOS="2479" HPOS="654"/>
<String LANG="fr" CS="1" CONTENT="v." HEIGHT="9" WIDTH="8" VPOS="2503" HPOS="735"/>
<SP HEIGHT="46" WIDTH="39" VPOS="2466" HPOS="744"/>
<String LANG="fr" CONTENT="1-3," HEIGHT="61" WIDTH="115" VPOS="2464" HPOS="784"/>
<SP HEIGHT="61" WIDTH="35" VPOS="2464" HPOS="900"/>
<String LANG="fr" CONTENT="5-9" HEIGHT="48" WIDTH="97" VPOS="2463" HPOS="936"/>
<SP HEIGHT="48" WIDTH="40" VPOS="2463" HPOS="1034"/>
<String LANG="fr" CS="1" CONTENT="&#8230;"/>
<SP HEIGHT="51" WIDTH="77" VPOS="2461" HPOS="1131"/>
<String LANG="en-US" CONTENT="Rochester," HEIGHT="66" WIDTH="323" VPOS="2460" HPOS="1209"/>
<SP HEIGHT="63" WIDTH="33" VPOS="2463" HPOS="1533"/>
<String LANG="fr" CONTENT="N." HEIGHT="51" WIDTH="68" VPOS="2463" HPOS="1567"/>
<SP HEIGHT="50" WIDTH="37" VPOS="2464" HPOS="1636"/>
<String LANG="fr" CONTENT="Y.," HEIGHT="64" WIDTH="89" VPOS="2464" HPOS="1674"/>
<SP HEIGHT="64" WIDTH="33" VPOS="2464" HPOS="1764"/>
<String LANG="en-US" CONTENT="The" HEIGHT="52" WIDTH="119" VPOS="2463" HPOS="1798"/>
<SP HEIGHT="51" WIDTH="35" VPOS="2464" HPOS="1918"/>
<String LANG="en-US" CONTENT="Lawyers" HEIGHT="142" WIDTH="1971" VPOS="2464" HPOS="120"/>
<SP HEIGHT="34" WIDTH="25" VPOS="2558" HPOS="246"/>
<String LANG="en-US" CONTENT="co-operative" HEIGHT="67" WIDTH="377" VPOS="2538" HPOS="272"/>
<SP HEIGHT="47" WIDTH="28" VPOS="2556" HPOS="650"/>
<String LANG="en-US" CONTENT="publishing" HEIGHT="66" WIDTH="335" VPOS="2537" HPOS="679"/>
<SP HEIGHT="48" WIDTH="23" VPOS="2555" HPOS="1015"/>
<String LANG="fr" CONTENT="company," HEIGHT="48" WIDTH="295" VPOS="2555" HPOS="1039"/>
<SP HEIGHT="61" WIDTH="28" VPOS="2541" HPOS="1335"/>
<String LANG="fr" CONTENT="1935." HEIGHT="49" WIDTH="150" VPOS="2541" HPOS="1364"/>
</TextLine>
<TextLine HEIGHT="42" WIDTH="265" VPOS="2611" HPOS="191" LANG="fr" CS="1">
<String CONTENT="8" HEIGHT="39" WIDTH="25" VPOS="2613" HPOS="191"/>
<SP HEIGHT="39" WIDTH="26" VPOS="2613" HPOS="217"/>
<String CONTENT="v." HEIGHT="29" WIDTH="42" VPOS="2624" HPOS="244"/>
<SP HEIGHT="42" WIDTH="53" VPOS="2611" HPOS="287"/>
<String CS="1" CONTENT="23cm." HEIGHT="40" WIDTH="115" VPOS="2611" HPOS="341"/>
</TextLine>
<TextLine HEIGHT="52" WIDTH="1927" VPOS="2664" HPOS="193" LANG="en-US">
<String CONTENT="These" HEIGHT="39" WIDTH="159" VPOS="2669" HPOS="193"/>
<SP HEIGHT="38" WIDTH="22" VPOS="2678" HPOS="353"/>
<String LANG="fr" CONTENT="pamphlets" HEIGHT="49" WIDTH="273" VPOS="2667" HPOS="376"/>
<SP HEIGHT="29" WIDTH="28" VPOS="2676" HPOS="650"/>
<String CONTENT="are" HEIGHT="28" WIDTH="85" VPOS="2676" HPOS="679"/>
<SP HEIGHT="37" WIDTH="27" VPOS="2668" HPOS="765"/>
<String CONTENT="to" HEIGHT="37" WIDTH="48" VPOS="2668" HPOS="793"/>
<SP HEIGHT="39" WIDTH="29" VPOS="2665" HPOS="842"/>
<String CONTENT="be" HEIGHT="39" WIDTH="56" VPOS="2665" HPOS="872"/>
<SP HEIGHT="40" WIDTH="30" VPOS="2664" HPOS="929"/>
<String CONTENT="fitted" HEIGHT="40" WIDTH="137" VPOS="2664" HPOS="960"/>
<SP HEIGHT="40" WIDTH="28" VPOS="2664" HPOS="1098"/>
<String CONTENT="into" HEIGHT="40" WIDTH="102" VPOS="2664" HPOS="1127"/>
<SP HEIGHT="38" WIDTH="30" VPOS="2667" HPOS="1230"/>
<String CONTENT="the" HEIGHT="39" WIDTH="81" VPOS="2666" HPOS="1261"/>
<SP HEIGHT="37" WIDTH="31" VPOS="2676" HPOS="1343"/>
<String CONTENT="pockets" HEIGHT="47" WIDTH="200" VPOS="2666" HPOS="1375"/>
<SP HEIGHT="28" WIDTH="27" VPOS="2677" HPOS="1576"/>
<String CONTENT="at" HEIGHT="37" WIDTH="50" VPOS="2669" HPOS="1604"/>
<SP HEIGHT="37" WIDTH="32" VPOS="2669" HPOS="1655"/>
<String CONTENT="the" HEIGHT="39" WIDTH="84" VPOS="2667" HPOS="1688"/>
<SP HEIGHT="39" WIDTH="27" VPOS="2667" HPOS="1773"/>
<String CONTENT="back" HEIGHT="39" WIDTH="120" VPOS="2667" HPOS="1801"/>
<SP HEIGHT="38" WIDTH="31" VPOS="2668" HPOS="1922"/>
<String CONTENT="of" HEIGHT="39" WIDTH="51" VPOS="2669" HPOS="1954"/>
<SP HEIGHT="39" WIDTH="31" VPOS="2669" HPOS="2006"/>
<String CONTENT="the" HEIGHT="38" WIDTH="82" VPOS="2670" HPOS="2038"/>
</TextLine>
<TextLine HEIGHT="46" WIDTH="1126" VPOS="2722" HPOS="122" LANG="en-US">
<String CONTENT="volumes" HEIGHT="38" WIDTH="215" VPOS="2726" HPOS="122"/>
<SP HEIGHT="29" WIDTH="26" VPOS="2735" HPOS="338"/>
<String CONTENT="of" HEIGHT="39" WIDTH="52" VPOS="2723" HPOS="365"/>
<SP HEIGHT="40" WIDTH="25" VPOS="2723" HPOS="418"/>
<String CONTENT="the" HEIGHT="39" WIDTH="83" VPOS="2724" HPOS="444"/>
<SP HEIGHT="27" WIDTH="26" VPOS="2735" HPOS="528"/>
<String CONTENT="set" HEIGHT="38" WIDTH="76" VPOS="2724" HPOS="555"/>
<SP HEIGHT="38" WIDTH="25" VPOS="2724" HPOS="632"/>
<String CONTENT="to" HEIGHT="37" WIDTH="48" VPOS="2724" HPOS="658"/>
<SP HEIGHT="28" WIDTH="26" VPOS="2733" HPOS="707"/>
<String CONTENT="which" HEIGHT="39" WIDTH="157" VPOS="2722" HPOS="734"/>
<SP HEIGHT="40" WIDTH="30" VPOS="2722" HPOS="892"/>
<String CONTENT="they" HEIGHT="46" WIDTH="112" VPOS="2722" HPOS="923"/>
<SP HEIGHT="46" WIDTH="28" VPOS="2722" HPOS="1036"/>
<String CONTENT="belong." HEIGHT="46" WIDTH="183" VPOS="2722" HPOS="1065"/>
</TextLine>
<TextLine HEIGHT="55" WIDTH="1993" VPOS="2776" HPOS="122" LANG="en-US">
<String CONTENT="&#169;" HEIGHT="53" WIDTH="52" VPOS="2778" HPOS="122"/>
<SP HEIGHT="53" WIDTH="25" VPOS="2778" HPOS="175"/>
<String CONTENT="Jan." HEIGHT="39" WIDTH="109" VPOS="2782" HPOS="201"/>
<SP HEIGHT="38" WIDTH="25" VPOS="2782" HPOS="311"/>
<String CONTENT="16," HEIGHT="47" WIDTH="69" VPOS="2780" HPOS="337"/>
<SP HEIGHT="46" WIDTH="25" VPOS="2781" HPOS="407"/>
<String CONTENT="1936;" HEIGHT="41" WIDTH="139" VPOS="2779" HPOS="433"/>
<SP HEIGHT="42" WIDTH="28" VPOS="2778" HPOS="573"/>
<String CONTENT="2c." HEIGHT="40" WIDTH="68" VPOS="2778" HPOS="602"/>
<SP HEIGHT="29" WIDTH="26" VPOS="2789" HPOS="671"/>
<String CONTENT="each" HEIGHT="39" WIDTH="115" VPOS="2778" HPOS="698"/>
<SP HEIGHT="39" WIDTH="28" VPOS="2778" HPOS="814"/>
<String CONTENT="Jan." HEIGHT="39" WIDTH="108" VPOS="2778" HPOS="843"/>
<SP HEIGHT="41" WIDTH="25" VPOS="2776" HPOS="952"/>
<String CONTENT="24;" HEIGHT="43" WIDTH="81" VPOS="2776" HPOS="978"/>
<SP HEIGHT="31" WIDTH="29" VPOS="2788" HPOS="1060"/>
<String CONTENT="aff." HEIGHT="40" WIDTH="82" VPOS="2777" HPOS="1090"/>
<SP HEIGHT="40" WIDTH="27" VPOS="2777" HPOS="1173"/>
<String CONTENT="Jan." HEIGHT="40" WIDTH="110" VPOS="2777" HPOS="1201"/>
<SP HEIGHT="40" WIDTH="25" VPOS="2777" HPOS="1312"/>
<String CONTENT="22;" HEIGHT="47" WIDTH="83" VPOS="2777" HPOS="1338"/>
<SP HEIGHT="46" WIDTH="29" VPOS="2778" HPOS="1422"/>
<!-- cceid 9710AC1F-6E3A-1014-83DD-942C093A1DD9 --><String CONTENT="A" HEIGHT="38" WIDTH="40" VPOS="2778" HPOS="1452"/>
<SP HEIGHT="39" WIDTH="26" VPOS="2778" HPOS="1493"/>
<String CONTENT="91413;" HEIGHT="42" WIDTH="169" VPOS="2778" HPOS="1520"/>
<SP HEIGHT="40" WIDTH="30" VPOS="2780" HPOS="1690"/>
<String CONTENT="H." HEIGHT="40" WIDTH="60" VPOS="2780" HPOS="1721"/>
<SP HEIGHT="40" WIDTH="28" VPOS="2780" HPOS="1782"/>
<String CONTENT="Remington," HEIGHT="46" WIDTH="304" VPOS="2780" HPOS="1811"/>
</TextLine>
<TextLine HEIGHT="52" WIDTH="1658" VPOS="2833" HPOS="191" LANG="en-US">
<String CONTENT="New" HEIGHT="38" WIDTH="117" VPOS="2839" HPOS="191"/>
<SP HEIGHT="39" WIDTH="20" VPOS="2838" HPOS="309"/>
<String CONTENT="York." HEIGHT="40" WIDTH="143" VPOS="2836" HPOS="330"/>
<SP HEIGHT="29" WIDTH="53" VPOS="2855" HPOS="474"/>
<String CONTENT="[Copyright" HEIGHT="50" WIDTH="280" VPOS="2834" HPOS="528"/>
<SP HEIGHT="39" WIDTH="20" VPOS="2834" HPOS="809"/>
<String CONTENT="is" HEIGHT="39" WIDTH="44" VPOS="2834" HPOS="830"/>
<SP HEIGHT="28" WIDTH="19" VPOS="2845" HPOS="875"/>
<String CONTENT="claimed" HEIGHT="40" WIDTH="204" VPOS="2833" HPOS="895"/>
<SP HEIGHT="39" WIDTH="21" VPOS="2834" HPOS="1100"/>
<String CONTENT="on" HEIGHT="28" WIDTH="61" VPOS="2844" HPOS="1122"/>
<SP HEIGHT="29" WIDTH="22" VPOS="2844" HPOS="1184"/>
<String CONTENT="additions" HEIGHT="40" WIDTH="246" VPOS="2833" HPOS="1207"/>
<SP HEIGHT="29" WIDTH="22" VPOS="2844" HPOS="1454"/>
<String CONTENT="and" HEIGHT="38" WIDTH="96" VPOS="2835" HPOS="1477"/>
<SP HEIGHT="38" WIDTH="22" VPOS="2835" HPOS="1574"/>
<String CONTENT="revisions]" HEIGHT="51" WIDTH="252" VPOS="2834" HPOS="1597"/>
</TextLine>
<TextLine HEIGHT="63" WIDTH="407" VPOS="2941" HPOS="121" STYLEREFS="StyleId-0AFDAC2F-4D37-45DF-AD3F-7031EA5BC5DF-">
<String LANG="fr" CONTENT="Reni&#233;," HEIGHT="62" WIDTH="199" VPOS="2942" HPOS="121"/>
<SP HEIGHT="62" WIDTH="25" VPOS="2942" HPOS="321"/>
<String LANG="en-US" CONTENT="Jules." HEIGHT="54" WIDTH="181" VPOS="2941" HPOS="347"/>
</TextLine>
<TextLine HEIGHT="79" WIDTH="1861" VPOS="3004" HPOS="254" STYLEREFS="StyleId-0AFDAC2F-4D37-45DF-AD3F-7031EA5BC5DF-" CS="1">
<String LANG="en-US" CS="1" CONTENT="&#8230;"/>
<SP HEIGHT="51" WIDTH="34" VPOS="3020" HPOS="254"/>
<String LANG="en-US" CONTENT="Manuel" HEIGHT="52" WIDTH="230" VPOS="3018" HPOS="289"/>
<SP HEIGHT="52" WIDTH="34" VPOS="3017" HPOS="520"/>
<String LANG="fr" CONTENT="d&#8217;&#201;criture" HEIGHT="65" WIDTH="323" VPOS="3004" HPOS="555"/>
<SP HEIGHT="55" WIDTH="36" VPOS="3015" HPOS="879"/>
<String LANG="fr" CONTENT="Sainte," HEIGHT="66" WIDTH="212" VPOS="3015" HPOS="916"/>
<SP HEIGHT="49" WIDTH="32" VPOS="3033" HPOS="1129"/>
<String LANG="en-US" CONTENT="par" HEIGHT="49" WIDTH="105" VPOS="3033" HPOS="1162"/>
<SP HEIGHT="50" WIDTH="31" VPOS="3016" HPOS="1268"/>
<String LANG="fr" CONTENT="le" HEIGHT="51" WIDTH="51" VPOS="3016" HPOS="1300"/>
<SP HEIGHT="33" WIDTH="30" VPOS="3034" HPOS="1352"/>
<String LANG="en-US" CONTENT="r." HEIGHT="34" WIDTH="43" VPOS="3034" HPOS="1383"/>
<SP HEIGHT="49" WIDTH="33" VPOS="3034" HPOS="1427"/>
<String LANG="fr" CONTENT="p." HEIGHT="49" WIDTH="54" VPOS="3034" HPOS="1461"/>
<SP HEIGHT="53" WIDTH="32" VPOS="3018" HPOS="1516"/>
<String LANG="fr" CONTENT="J." HEIGHT="53" WIDTH="55" VPOS="3018" HPOS="1549"/>
<SP HEIGHT="52" WIDTH="34" VPOS="3018" HPOS="1605"/>
<String LANG="fr" CONTENT="Reni&#233;" HEIGHT="52" WIDTH="177" VPOS="3018" HPOS="1640"/>
<SP HEIGHT="52" WIDTH="38" VPOS="3019" HPOS="1818"/>
<String LANG="en-US" CS="1" CONTENT="&#8230;"/>
<SP HEIGHT="46" WIDTH="78" VPOS="3025" HPOS="1912"/>
<String LANG="en-US" CONTENT="t." HEIGHT="48" WIDTH="39" VPOS="3025" HPOS="1991"/>
<SP HEIGHT="48" WIDTH="37" VPOS="3025" HPOS="2031"/>
<String LANG="en-US" CONTENT="5." HEIGHT="48" WIDTH="46" VPOS="3025" HPOS="2069"/>
</TextLine>
<TextLine HEIGHT="72" WIDTH="1992" VPOS="3092" HPOS="123" STYLEREFS="StyleId-0AFDAC2F-4D37-45DF-AD3F-7031EA5BC5DF-" LANG="fr">
<String CONTENT="Les" HEIGHT="50" WIDTH="106" VPOS="3100" HPOS="123"/>
<SP HEIGHT="34" WIDTH="49" VPOS="3116" HPOS="230"/>
<String CONTENT="actes" HEIGHT="48" WIDTH="146" VPOS="3101" HPOS="280"/>
<SP HEIGHT="52" WIDTH="48" VPOS="3096" HPOS="427"/>
<String CONTENT="des" HEIGHT="51" WIDTH="95" VPOS="3096" HPOS="476"/>
<SP HEIGHT="34" WIDTH="50" VPOS="3113" HPOS="572"/>
<String CONTENT="ap&#244;tres," HEIGHT="66" WIDTH="243" VPOS="3094" HPOS="623"/>
<SP HEIGHT="65" WIDTH="46" VPOS="3093" HPOS="867"/>
<String CONTENT="les" HEIGHT="53" WIDTH="78" VPOS="3093" HPOS="914"/>
<SP HEIGHT="52" WIDTH="49" VPOS="3094" HPOS="993"/>
<String CONTENT="&#233;pitres" HEIGHT="66" WIDTH="206" VPOS="3093" HPOS="1043"/>
<SP HEIGHT="33" WIDTH="52" VPOS="3112" HPOS="1250"/>
<String CONTENT="catholiques," HEIGHT="69" WIDTH="363" VPOS="3092" HPOS="1303"/>
<SP HEIGHT="64" WIDTH="51" VPOS="3097" HPOS="1667"/>
<String CONTENT="l&#8217;apocalypse." HEIGHT="69" WIDTH="396" VPOS="3095" HPOS="1719"/>
</TextLine>
<TextLine HEIGHT="70" WIDTH="864" VPOS="3171" HPOS="123" STYLEREFS="StyleId-0AFDAC2F-4D37-45DF-AD3F-7031EA5BC5DF-" LANG="fr">
<String CONTENT="Lyon," HEIGHT="65" WIDTH="179" VPOS="3176" HPOS="123"/>
<SP HEIGHT="64" WIDTH="24" VPOS="3176" HPOS="303"/>
<String CONTENT="Paris," HEIGHT="62" WIDTH="183" VPOS="3176" HPOS="328"/>
<SP HEIGHT="65" WIDTH="24" VPOS="3173" HPOS="512"/>
<String CONTENT="E." HEIGHT="51" WIDTH="67" VPOS="3173" HPOS="537"/>
<SP HEIGHT="52" WIDTH="27" VPOS="3172" HPOS="605"/>
<String CONTENT="Vitte," HEIGHT="66" WIDTH="176" VPOS="3171" HPOS="633"/>
<SP HEIGHT="62" WIDTH="28" VPOS="3175" HPOS="810"/>
<String CONTENT="1935." HEIGHT="49" WIDTH="148" VPOS="3174" HPOS="839"/>
</TextLine>
<TextLine HEIGHT="54" WIDTH="1299" VPOS="3241" HPOS="193" CS="1">
<String LANG="fr" CONTENT="419," HEIGHT="48" WIDTH="98" VPOS="3246" HPOS="193"/>
<SP HEIGHT="29" WIDTH="30" VPOS="3266" HPOS="292"/>
<String LANG="fr" CONTENT="[1]" HEIGHT="48" WIDTH="53" VPOS="3247" HPOS="323"/>
<SP HEIGHT="38" WIDTH="26" VPOS="3256" HPOS="377"/>
<String LANG="fr" CONTENT="p." HEIGHT="36" WIDTH="42" VPOS="3256" HPOS="404"/>
<SP HEIGHT="40" WIDTH="59" VPOS="3244" HPOS="447"/>
<String LANG="fr" CONTENT="illus." HEIGHT="39" WIDTH="125" VPOS="3244" HPOS="507"/>
<SP HEIGHT="47" WIDTH="30" VPOS="3243" HPOS="633"/>
<String LANG="en-US" CS="1" CONTENT="(incl." HEIGHT="47" WIDTH="100" VPOS="3243" HPOS="664"/>
<SP HEIGHT="38" WIDTH="28" VPOS="3244" HPOS="797"/>
<String LANG="en-US" CONTENT="maps," HEIGHT="37" WIDTH="148" VPOS="3252" HPOS="826"/>
<SP HEIGHT="37" WIDTH="27" VPOS="3252" HPOS="975"/>
<String LANG="fr" CONTENT="part" HEIGHT="45" WIDTH="111" VPOS="3244" HPOS="1003"/>
<SP HEIGHT="40" WIDTH="24" VPOS="3241" HPOS="1115"/>
<String LANG="en-US" CONTENT="fold.)" HEIGHT="48" WIDTH="143" VPOS="3241" HPOS="1140"/>
<SP HEIGHT="47" WIDTH="64" VPOS="3242" HPOS="1284"/>
<String LANG="en-US" CS="1" CONTENT="18&#189;cm"/>
<String LANG="fr" CONTENT="." HEIGHT="8" WIDTH="8" VPOS="3273" HPOS="1484"/>
</TextLine>
<TextLine HEIGHT="51" WIDTH="1303" VPOS="3298" HPOS="193">
<String LANG="fr" CONTENT="&#8220;Bibliographie&#8221;" HEIGHT="50" WIDTH="417" VPOS="3299" HPOS="193"/>
<SP HEIGHT="39" WIDTH="30" VPOS="3300" HPOS="611"/>
<String LANG="en-US" CONTENT="at" HEIGHT="37" WIDTH="52" VPOS="3302" HPOS="642"/>
<SP HEIGHT="37" WIDTH="26" VPOS="3302" HPOS="695"/>
<String LANG="en-US" CONTENT="end" HEIGHT="38" WIDTH="91" VPOS="3300" HPOS="722"/>
<SP HEIGHT="38" WIDTH="28" VPOS="3300" HPOS="814"/>
<String LANG="en-US" CONTENT="of" HEIGHT="39" WIDTH="52" VPOS="3298" HPOS="843"/>
<SP HEIGHT="47" WIDTH="26" VPOS="3298" HPOS="896"/>
<String LANG="fr" CONTENT="part" HEIGHT="45" WIDTH="111" VPOS="3300" HPOS="923"/>
<SP HEIGHT="37" WIDTH="28" VPOS="3300" HPOS="1035"/>
<String LANG="en-US" CONTENT="of" HEIGHT="39" WIDTH="53" VPOS="3298" HPOS="1064"/>
<SP HEIGHT="39" WIDTH="28" VPOS="3298" HPOS="1118"/>
<String LANG="en-US" CONTENT="the" HEIGHT="39" WIDTH="84" VPOS="3298" HPOS="1147"/>
<SP HEIGHT="28" WIDTH="24" VPOS="3309" HPOS="1232"/>
<String LANG="en-US" CONTENT="chapters." HEIGHT="46" WIDTH="239" VPOS="3299" HPOS="1257"/>
</TextLine>
<TextLine HEIGHT="56" WIDTH="1991" VPOS="3353" HPOS="125" LANG="en-US" CS="1">
<String LANG="fr" CONTENT="&#169;" HEIGHT="53" WIDTH="52" VPOS="3356" HPOS="125"/>
<SP HEIGHT="53" WIDTH="25" VPOS="3356" HPOS="178"/>
<String CONTENT="Nov." HEIGHT="38" WIDTH="116" VPOS="3361" HPOS="204"/>
<SP HEIGHT="40" WIDTH="27" VPOS="3359" HPOS="321"/>
<String CONTENT="30," HEIGHT="48" WIDTH="68" VPOS="3358" HPOS="349"/>
<SP HEIGHT="47" WIDTH="27" VPOS="3359" HPOS="418"/>
<String CONTENT="1935;" HEIGHT="46" WIDTH="139" VPOS="3357" HPOS="446"/>
<SP HEIGHT="46" WIDTH="29" VPOS="3357" HPOS="586"/>
<String CS="1" CONTENT="1c"/>
<String LANG="fr" CONTENT="." HEIGHT="7" WIDTH="8" VPOS="3388" HPOS="674"/>
<SP HEIGHT="40" WIDTH="28" VPOS="3355" HPOS="683"/>
<String CONTENT="Feb." HEIGHT="41" WIDTH="110" VPOS="3355" HPOS="712"/>
<SP HEIGHT="40" WIDTH="26" VPOS="3356" HPOS="823"/>
<String CONTENT="17," HEIGHT="45" WIDTH="68" VPOS="3356" HPOS="850"/>
<SP HEIGHT="46" WIDTH="27" VPOS="3355" HPOS="919"/>
<String CONTENT="1936;" HEIGHT="42" WIDTH="139" VPOS="3353" HPOS="947"/>
<SP HEIGHT="41" WIDTH="27" VPOS="3354" HPOS="1087"/>
<!-- cceid 971159DB-6E3A-1014-83DD-942C093A1DD9 --><String CONTENT="A-Foreign" HEIGHT="50" WIDTH="311" VPOS="3353" HPOS="1115"/>
<SP HEIGHT="39" WIDTH="24" VPOS="3355" HPOS="1427"/>
<String CONTENT="30519;" HEIGHT="48" WIDTH="171" VPOS="3354" HPOS="1452"/>
<SP HEIGHT="45" WIDTH="30" VPOS="3357" HPOS="1624"/>
<String CONTENT="Emmanuel" HEIGHT="40" WIDTH="283" VPOS="3357" HPOS="1655"/>
<SP HEIGHT="39" WIDTH="29" VPOS="3359" HPOS="1939"/>
<String CS="1" CONTENT="Vitte." HEIGHT="42" WIDTH="102" VPOS="3357" HPOS="2014"/>
</TextLine>
<TextLine HEIGHT="62" WIDTH="367" VPOS="3448" HPOS="123" STYLEREFS="StyleId-0AFDAC2F-4D37-45DF-AD3F-7031EA5BC5DF-" LANG="en-US">
<String CONTENT="Roan," HEIGHT="61" WIDTH="181" VPOS="3449" HPOS="123"/>
<SP HEIGHT="62" WIDTH="23" VPOS="3448" HPOS="305"/>
<String CONTENT="Tom." HEIGHT="53" WIDTH="161" VPOS="3448" HPOS="329"/>
</TextLine>
<TextLine HEIGHT="72" WIDTH="1916" VPOS="3518" HPOS="194" STYLEREFS="StyleId-0AFDAC2F-4D37-45DF-AD3F-7031EA5BC5DF-" LANG="en-US">
<String CONTENT="The" HEIGHT="52" WIDTH="121" VPOS="3523" HPOS="194"/>
<SP HEIGHT="53" WIDTH="44" VPOS="3522" HPOS="316"/>
<String CONTENT="dragon" HEIGHT="68" WIDTH="220" VPOS="3522" HPOS="361"/>
<SP HEIGHT="35" WIDTH="44" VPOS="3539" HPOS="582"/>
<String CONTENT="strikes" HEIGHT="55" WIDTH="204" VPOS="3519" HPOS="627"/>
<SP HEIGHT="53" WIDTH="44" VPOS="3519" HPOS="832"/>
<String CONTENT="back," HEIGHT="68" WIDTH="160" VPOS="3519" HPOS="877"/>
<SP HEIGHT="69" WIDTH="43" VPOS="3518" HPOS="1038"/>
<String CONTENT="by" HEIGHT="69" WIDTH="75" VPOS="3518" HPOS="1082"/>
<SP HEIGHT="67" WIDTH="42" VPOS="3520" HPOS="1158"/>
<String CONTENT="Tom" HEIGHT="52" WIDTH="143" VPOS="3520" HPOS="1201"/>
<SP HEIGHT="53" WIDTH="45" VPOS="3519" HPOS="1345"/>
<String CONTENT="Roan." HEIGHT="55" WIDTH="179" VPOS="3519" HPOS="1391"/>
<SP HEIGHT="53" WIDTH="73" VPOS="3522" HPOS="1571"/>
<String CONTENT="New" HEIGHT="53" WIDTH="138" VPOS="3522" HPOS="1645"/>
<SP HEIGHT="52" WIDTH="47" VPOS="3524" HPOS="1784"/>
<String CONTENT="York," HEIGHT="64" WIDTH="178" VPOS="3524" HPOS="1832"/>
<SP HEIGHT="62" WIDTH="44" VPOS="3526" HPOS="2011"/>
<String CONTENT="J." HEIGHT="53" WIDTH="54" VPOS="3526" HPOS="2056"/>
</TextLine>
<TextLine HEIGHT="67" WIDTH="437" VPOS="3601" HPOS="124" STYLEREFS="StyleId-0AFDAC2F-4D37-45DF-AD3F-7031EA5BC5DF-" CS="1">
<String LANG="fr" CONTENT="Messner," HEIGHT="65" WIDTH="267" VPOS="3603" HPOS="124"/>
<SP HEIGHT="67" WIDTH="26" VPOS="3601" HPOS="392"/>
<String LANG="en-US" CONTENT="inc." HEIGHT="53" WIDTH="105" VPOS="3601" HPOS="419"/>
<SP HEIGHT="33" WIDTH="36" VPOS="3634" HPOS="525"/>
<String LANG="en-US" CS="1" CONTENT="[c1936]"/>
</TextLine>
<TextLine HEIGHT="50" WIDTH="399" VPOS="3671" HPOS="198" LANG="en-US" CS="1">
<String CONTENT="viii," HEIGHT="47" WIDTH="99" VPOS="3674" HPOS="198"/>
<SP HEIGHT="46" WIDTH="27" VPOS="3675" HPOS="298"/>
<String CONTENT="278" HEIGHT="39" WIDTH="86" VPOS="3674" HPOS="326"/>
<SP HEIGHT="46" WIDTH="23" VPOS="3674" HPOS="413"/>
<String CONTENT="p." HEIGHT="37" WIDTH="43" VPOS="3683" HPOS="437"/>
<SP HEIGHT="42" WIDTH="57" VPOS="3671" HPOS="481"/>
<String CS="1" CONTENT="20&#189;cm." HEIGHT="40" WIDTH="58" VPOS="3671" HPOS="539"/>
</TextLine>
<TextLine HEIGHT="55" WIDTH="1988" VPOS="3725" HPOS="128" LANG="en-US" CS="1">
<String CONTENT="&#169;" HEIGHT="53" WIDTH="51" VPOS="3727" HPOS="128"/>
<SP HEIGHT="53" WIDTH="23" VPOS="3727" HPOS="180"/>
<String CONTENT="Mar." HEIGHT="38" WIDTH="119" VPOS="3733" HPOS="204"/>
<SP HEIGHT="39" WIDTH="23" VPOS="3732" HPOS="324"/>
<String CONTENT="10," HEIGHT="47" WIDTH="68" VPOS="3730" HPOS="348"/>
<SP HEIGHT="46" WIDTH="23" VPOS="3731" HPOS="417"/>
<String CS="1" CONTENT="1936;" HEIGHT="40" WIDTH="112" VPOS="3729" HPOS="441"/>
<SP HEIGHT="46" WIDTH="25" VPOS="3729" HPOS="581"/>
<String CONTENT="2c." HEIGHT="39" WIDTH="67" VPOS="3729" HPOS="607"/>
<SP HEIGHT="40" WIDTH="23" VPOS="3728" HPOS="675"/>
<String CONTENT="Mar." HEIGHT="38" WIDTH="120" VPOS="3728" HPOS="699"/>
<SP HEIGHT="38" WIDTH="23" VPOS="3728" HPOS="820"/>
<String CS="1" CONTENT="13;" HEIGHT="39" WIDTH="53" VPOS="3727" HPOS="844"/>
<SP HEIGHT="35" WIDTH="25" VPOS="3737" HPOS="926"/>
<String CONTENT="aff." HEIGHT="41" WIDTH="82" VPOS="3725" HPOS="952"/>
<SP HEIGHT="40" WIDTH="23" VPOS="3726" HPOS="1035"/>
<String CONTENT="Mar." HEIGHT="40" WIDTH="122" VPOS="3726" HPOS="1059"/>
<SP HEIGHT="39" WIDTH="23" VPOS="3727" HPOS="1182"/>
<String CS="1" CONTENT="12;" HEIGHT="39" WIDTH="54" VPOS="3725" HPOS="1206"/>
<SP HEIGHT="43" WIDTH="26" VPOS="3727" HPOS="1288"/>
<!-- cceid 97120C62-6E3A-1014-83DD-942C093A1DD9 --><String CONTENT="A" HEIGHT="37" WIDTH="39" VPOS="3727" HPOS="1315"/>
<SP HEIGHT="39" WIDTH="21" VPOS="3726" HPOS="1355"/>
<String CS="1" CONTENT="93147;" HEIGHT="41" WIDTH="143" VPOS="3726" HPOS="1377"/>
<SP HEIGHT="45" WIDTH="26" VPOS="3728" HPOS="1548"/>
<String CONTENT="Julian" HEIGHT="40" WIDTH="168" VPOS="3727" HPOS="1575"/>
<SP HEIGHT="38" WIDTH="25" VPOS="3730" HPOS="1744"/>
<String LANG="fr" CONTENT="Messner," HEIGHT="48" WIDTH="230" VPOS="3730" HPOS="1770"/>
<SP HEIGHT="46" WIDTH="23" VPOS="3732" HPOS="2001"/>
<String CONTENT="inc." HEIGHT="41" WIDTH="91" VPOS="3732" HPOS="2025"/>
</TextLine>
<TextLine HEIGHT="49" WIDTH="247" VPOS="3786" HPOS="206" LANG="en-US">
<String CONTENT="(36-6813)" HEIGHT="49" WIDTH="247" VPOS="3786" HPOS="206"/>
</TextLine>
<TextLine HEIGHT="68" WIDTH="1090" VPOS="3873" HPOS="131" STYLEREFS="StyleId-0AFDAC2F-4D37-45DF-AD3F-7031EA5BC5DF-" LANG="en-US">
<String CONTENT="[Robertson," HEIGHT="64" WIDTH="363" VPOS="3877" HPOS="131"/>
<SP HEIGHT="63" WIDTH="27" VPOS="3876" HPOS="495"/>
<String CONTENT="Frank" HEIGHT="53" WIDTH="198" VPOS="3873" HPOS="523"/>
<SP HEIGHT="53" WIDTH="28" VPOS="3873" HPOS="722"/>
<String CONTENT="Chester]" HEIGHT="66" WIDTH="266" VPOS="3873" HPOS="751"/>
<SP HEIGHT="60" WIDTH="33" VPOS="3879" HPOS="1018"/>
<String CONTENT="1890-" HEIGHT="49" WIDTH="169" VPOS="3878" HPOS="1052"/>
</TextLine>
<TextLine HEIGHT="69" WIDTH="1914" VPOS="3948" HPOS="199" STYLEREFS="StyleId-0AFDAC2F-4D37-45DF-AD3F-7031EA5BC5DF-" LANG="en-US" CS="1">
<String CONTENT="Stormy" HEIGHT="65" WIDTH="229" VPOS="3952" HPOS="199"/>
<SP HEIGHT="46" WIDTH="44" VPOS="3971" HPOS="429"/>
<String CONTENT="range," HEIGHT="48" WIDTH="191" VPOS="3969" HPOS="474"/>
<SP HEIGHT="66" WIDTH="43" VPOS="3950" HPOS="666"/>
<String CONTENT="by" HEIGHT="66" WIDTH="74" VPOS="3950" HPOS="710"/>
<SP HEIGHT="65" WIDTH="44" VPOS="3951" HPOS="785"/>
<String CONTENT="Robert" HEIGHT="53" WIDTH="213" VPOS="3949" HPOS="830"/>
<SP HEIGHT="54" WIDTH="47" VPOS="3948" HPOS="1044"/>
<String CONTENT="Crane" HEIGHT="54" WIDTH="182" VPOS="3948" HPOS="1092"/>
<SP HEIGHT="47" WIDTH="51" VPOS="3968" HPOS="1275"/>
<String CS="1" CONTENT="[pseud.]" HEIGHT="66" WIDTH="213" VPOS="3951" HPOS="1344"/>
<SP HEIGHT="32" WIDTH="56" VPOS="3985" HPOS="1558"/>
<String CS="1" CONTENT="&#8230;"/>
<SP HEIGHT="52" WIDTH="77" VPOS="3954" HPOS="1671"/>
<String CONTENT="New" HEIGHT="52" WIDTH="137" VPOS="3954" HPOS="1749"/>
<SP HEIGHT="51" WIDTH="47" VPOS="3957" HPOS="1887"/>
<String CONTENT="York," HEIGHT="61" WIDTH="178" VPOS="3956" HPOS="1935"/>
</TextLine>
<TextLine HEIGHT="66" WIDTH="273" VPOS="4029" HPOS="128" STYLEREFS="StyleId-0AFDAC2F-4D37-45DF-AD3F-7031EA5BC5DF-" LANG="en-US" CS="1">
<String CONTENT="Godwin" HEIGHT="54" WIDTH="242" VPOS="4029" HPOS="128"/>
<SP HEIGHT="46" WIDTH="30" VPOS="4049" HPOS="371"/>
<String CS="1" CONTENT="[c1936]"/>
</TextLine>
</TextBlock>
</PrintSpace>
</Page>
</Layout>
</alto>