2519 4377
1032 4075 98 49 649

96 434 195 63 Adler,
319 434 330 63 Lawrence,
680 439 170 49 1886-

163 507 138 53 New
327 507 190 53 values
543 508 58 52 in
627 507 180 54 music
833 507 409 70 appreciation,
1265 509 75 68 by
1367 509 290 53 Laurence
1682 509 196 54 Adler.
1944 511 138 53 New

96 584 176 69 York,
299 584 242 53 Roerich
566 604 254 34 museum
847 603 173 51 press,
1052 588 148 50 1935.

163 657 329 49 80 p. 19 ½ cm .
95 713 53 53 ©
177 719 113 46 May
318 717 68 48 27,
418 716 113 41 1935
549 727 8 36 ;
590 717 68 40 2c.
689 718 96 39 and
816 716 80 41 aff.
929 719 121 39 Mar.
1081 718 68 46 31,
1182 717 114 41 1936
1312 728 9 37 ;
1356 718 39 39 A
1424 717 145 41 93458
1587 728 8 36 ;
1628 717 205 42 Roerich
1867 729 217 31 museum

165 785 147 37 press.
379 773 277 49 (36-10733)

91 876 214 63 Bacon,
333 876 283 64 Leonard,
649 879 169 52 1887-

159 951 121 53 The
313 970 166 52 goose
513 970 71 35 on
620 951 95 53 the
755 949 210 71 capitol
1010 984 12 35 [
1026 950 92 70 by]
1159 951 262 54 Leonard
1459 953 209 53 Bacon.
1742 952 137 54 New
1920 952 161 55 York

91 1031 112 53 and
226 1031 257 64 London,
507 1029 233 69 Harper
764 1030 46 50 &
833 1029 275 54 brothers.
1137 1032 150 51 1936.

193 1102 635 51 x p., 1 l., 49, [1] p. 21 cm .
161 1160 181 42 Poems.

160 1217 162 42 “First
352 1216 225 42 edition.”

94 1273 52 53 ©
176 1279 112 45 May
318 1277 68 48 20,
418 1276 112 41 1936
548 1287 9 36 ;
586 1276 65 40 2c.
686 1276 112 47 May
830 1274 56 41 19
901 1286 9 36 ;
943 1275 82 41 aff.
1057 1276 114 47 May
1201 1275 58 39 22
1274 1285 9 37 ;
1317 1275 40 39 A
1387 1274 145 42 95314
1549 1286 9 37 ;
1594 1276 50 40 L.
1677 1277 176 47 Bacon,
1886 1277 197 40 Boston.

175 1333 277 49 (36-10740)

91 1436 211 64 Beach,
329 1436 218 63 Joseph
573 1436 267 63 Warren,
871 1440 170 50 1880-

158 1512 121 52 The
305 1516 232 62 concept
564 1511 65 52 of
654 1515 202 48 nature
885 1511 58 51 in
971 1509 588 69 nineteenth-century
1593 1511 243 69 English
1865 1516 218 63 poetry,

89 1590 73 70 by
200 1589 214 69 Joseph
453 1590 242 54 Warren
732 1588 204 54 Beach.
1011 1588 139 53 New
1189 1588 179 69 York,
1406 1589 121 53 The
1563 1590 335 53 Macmillan
89 1608 1971 129 company,
300 1671 149 51 1936.

159 1742 84 48 xii,
279 1742 86 41 618
397 1754 43 37 p.
500 1742 56 40 24
559 1745 43 21 cm
607 1774 9 8 .

92 1796 52 53 ©
174 1802 114 46 May
319 1799 68 48 19,
420 1799 113 40 1936
551 1810 8 36 ;
593 1799 67 40 2c.
693 1800 95 39 and
820 1798 81 41 aff.
934 1800 114 47 May
1079 1799 58 39 20
1152 1809 9 37 ;
1196 1799 42 39 A
1268 1798 142 41 95277
1428 1810 9 36 ;
1470 1799 281 41 Macmillan
1784 1811 67 30 co.

170 1856 278 48 (36-10707)

87 1959 209 65 Beard,
324 1960 243 54 Charles
592 1958 238 65 Austin,
857 1961 170 51 1898-
1239 1958 83 54 ed.

158 2036 248 55 Current
430 2035 375 69 problems.of
831 2035 191 68 public
1050 2035 217 68 policy;
1299 2054 31 33 a
1359 2034 294 54 collection
1682 2034 66 55 of
1772 2035 312 69 materials,

86 2114 188 53 edited
306 2114 73 69 by
412 2114 234 54 Charles
678 2114 71 52 A.
783 2114 208 66 Beard,
1022 2113 139 52 with
1194 2114 95 53 the
1321 2113 412 54 collaboration
1765 2114 64 54 of
1861 2114 225 70 George

86 2194 76 52 H.
195 2194 66 53 E.
294 2193 204 55 Smith.
562 2193 139 52 New
733 2192 179 68 York,
942 2192 123 52 The
1092 2192 334 52 Macmillan
1458 2211 299 52 company,
1790 2197 150 50 1936.

156 2269 100 48 viii,
286 2269 86 40 527
399 2280 44 37 p.
497 2267 127 41 illus.
653 2267 160 51 (map)
879 2267 55 40 22
937 2270 45 21 cm
986 2299 9 9 .

159 2326 271 48 “Prepared
459 2325 153 40 under
640 2325 82 41 the
751 2324 235 40 direction
1017 2324 52 39 of
1097 2324 81 40 the
1206 2323 256 41 American
1492 2324 216 49 political
1738 2325 185 43 science
88 2337 1976 86 association
311 2381 285 42 Committee
637 2391 60 29 on
740 2380 253 41 materials
1035 2380 81 39 for
1157 2380 292 41 instruction
1492 2381 48 39 in
1585 2384 199 39 current
1826 2383 255 48 problems,

87 2439 138 40 Finla
262 2439 53 42 G.
351 2438 269 48 Crawford,
655 2436 402 49 chairman.”—p.
1097 2457 10 29 [
1110 2435 50 51 ii]

424 2494 257 41 CONTENTS.—Official
719 2503 250 39 programs
1003 2494 95 39 and
1135 2493 259 48 platforms
1431 2492 183 50 setting
1646 2494 135 41 forth
1819 2494 261 50 principles

87 2552 228 48 designed
348 2554 51 38 to
427 2551 237 40 influence
696 2549 160 49 public
890 2549 193 48 opinion
1117 2550 96 39 and
1247 2549 403 42 action.—Issues
1683 2551 54 40 of
1768 2556 313 44 government

87 2608 50 39 in
167 2610 82 39 the
279 2619 170 31 course
479 2608 54 39 of
563 2606 486 41 action.—Problems
1082 2605 52 41 of
1166 2604 413 44 administration.

90 2661 53 53 ©
178 2667 114 46 May
326 2665 69 46 19,
431 2663 139 48 1936;
608 2664 69 40 2c.
710 2664 95 39 and
842 2662 80 41 aff.
960 2663 112 47 May
1108 2662 81 47 20;
1229 2663 40 38 A
1304 2662 170 48 95276;
1515 2664 279 40 Macmillan
1832 2676 67 29 co.

168 2722 278 48 (36-10783)

86 2824 273 63 Berman,
392 2824 271 62 Edward,
699 2823 169 55 1897-

157 2899 132 55 Life
320 2899 322 69 insurance;
679 2919 31 34 a
744 2898 218 54 critical
996 2897 402 68 examination,
1431 2898 75 69 by
1541 2899 252 55 Edward
1830 2903 244 51 Berman

150 2977 1715 67 … New York and London, Harper & brothers, 1936.
158 3052 53 41 xi
234 3063 58 38 p.,
320 3052 25 40 1
409 3082 9 17 l.,
445 3051 84 41 192
555 3062 43 37 p.
658 3050 58 42 20½
747 3053 43 21 cm
795 3083 8 8 .

161 3108 162 41 “First
353 3107 227 43 edition.”

89 3163 54 53 ©
177 3169 116 46 May
325 3166 69 47 20,
431 3165 113 41 1936
561 3176 9 35 ;
607 3165 70 41 2c.
714 3166 112 47 May
862 3164 56 41 19
934 3175 9 37 ;
982 3164 80 40 aff.
1101 3165 112 48 May
1248 3163 54 40 22
1322 3175 8 36 ;
1369 3165 40 38 A
1442 3163 143 41 95312
1604 3175 8 35 ;
1652 3166 191 47 Harper
1881 3166 35 39 &
1953 3166 125 41 bros.

168 3222 277 50 (36-10986)

86 3326 393 65 Blumenthal,
510 3326 245 66 George,
786 3332 170 50 1862-

155 3402 103 68 My
279 3401 153 69 sixty
454 3421 161 47 years
639 3401 59 53 in
721 3403 154 51 show
898 3402 251 54 business
1166 3420 11 49 ;
1203 3422 30 33 a
1261 3401 283 53 chronicle
1568 3400 64 52 of
1655 3401 94 52 the
1773 3401 305 52 American

87 3480 235 68 theater,
351 3479 325 70 1874-1934,
702 3501 59 34 as
786 3481 121 52 told
932 3480 73 69 by
1030 3479 221 70 George
1276 3478 368 53 Blumenthal
1668 3483 61 48 to
1750 3478 225 53 Arthur
2001 3480 77 52 H.

85 3558 1327 69 Menkin. New York, F. C. Osberg [ c 1936]
156 3630 96 48 xiv,
287 3631 87 41 336
405 3642 44 38 p.
509 3632 116 40 22cm.

89 3683 53 53 ©
178 3689 115 46 May
328 3689 38 46 8,
406 3688 138 46 1936;
581 3689 67 39 2c.
687 3690 93 38 and
819 3689 82 40 aff.
940 3690 113 47 May
1092 3689 81 47 12;
1213 3689 40 39 A
1291 3689 170 47 94533;
1504 3689 52 39 G.
1596 3687 327 46 Blumenthal,
1961 3689 113 39 New

157 3744 143 41 York.
365 3744 277 48 (36-10708)

85 3836 257 64 Boileau,
367 3840 137 52 Mrs.
533 3839 194 55 Ethel.

157 3911 1920 71 Clansmen [by] Ethel Boileau … New York, E. P. Dutton &
148 3994 348 36 co inc., 1936.
