<alto xmlns="http://www.loc.gov/standards/alto/ns-v3#" xmlns:xlink="http://www.w3.org/1999/xlink" xmlns:xsi="http://www.w3.org/2001/XMLSchema-instance" xsi:schemaLocation="http://www.loc.gov/standards/alto/ns-v3# http://www.loc.gov/alto/v3/alto-3-0.xsd"><Description>
<MeasurementUnit>pixel</MeasurementUnit>
<sourceImageInformation>
<fileName>1936_v33_Part1.pdf</fileName>
</sourceImageInformation>
<OCRProcessing ID="IdOcr">
<ocrProcessingStep>
<processingDateTime>2019-01-18</processingDateTime>
<processingSoftware>
<softwareCreator>ABBYY</softwareCreator>
<softwareName>ABBYY Recognition Server</softwareName>
<softwareVersion>4.0</softwareVersion>
</processingSoftware>
</ocrProcessingStep>
</OCRProcessing>
</Description>
<Styles>
<ParagraphStyle ID="StyleId-FFFFFFFF-FFFF-FFFF-FFFF-FFFFFFFFFFFF-" ALIGN="Left" LEFT="0." RIGHT="0." FIRSTLINE="0."/>
<ParagraphStyle ID="StyleId-51D50FAC-7A90-4D70-8A96-5EA9D46D1C8B-" ALIGN="Left" LEFT="0." RIGHT="0." FIRSTLINE="0." LINESPACE="7.699999809"/>
<ParagraphStyle ID="StyleId-6BC133E9-7DCB-43C3-8842-A67984A26405-" ALIGN="Block" LEFT="0." RIGHT="0." FIRSTLINE="-17." LINESPACE="8.340000153"/>
<ParagraphStyle ID="StyleId-3C3FF860-43E7-46A2-8934-48F305F6F0D6-" ALIGN="Left" LEFT="0." RIGHT="0." FIRSTLINE="-13." LINESPACE="11.06999969"/>
<ParagraphStyle ID="StyleId-19220C76-4F8A-4737-B38C-B5F5C17E6040-" ALIGN="Block" LEFT="0." RIGHT="0." FIRSTLINE="-13." LINESPACE="11.06999969"/>
<ParagraphStyle ID="StyleId-75A0D721-13ED-4F20-9002-B389EC48477D-" ALIGN="Left" LEFT="0." RIGHT="0." FIRSTLINE="0." LINESPACE="15.5"/>
<ParagraphStyle ID="StyleId-8A414184-C7A5-4AC7-9B88-7DA4DDE75922-" ALIGN="Left" LEFT="0." RIGHT="0." FIRSTLINE="0." LINESPACE="9.399999619"/>
<ParagraphStyle ID="StyleId-1A87970B-111C-4169-99A6-9412976F3C97-" ALIGN="Left" LEFT="0." RIGHT="0." FIRSTLINE="0." LINESPACE="10.5"/>
<ParagraphStyle ID="StyleId-72DB0571-5AE4-41FD-9E11-68C6AC4C437E-" ALIGN="Block" LEFT="0." RIGHT="0." FIRSTLINE="-17." LINESPACE="8.340000153"/>
<ParagraphStyle ID="StyleId-1AA43056-C388-4697-B10F-72FDAA38FAE1-" ALIGN="Center" LEFT="0." RIGHT="0." FIRSTLINE="0." LINESPACE="10.5"/>
</Styles>
<Layout>
<Page ID="Page1308" PHYSICAL_IMG_NR="1308" HEIGHT="4377" WIDTH="2519">
<TopMargin HEIGHT="402" WIDTH="2519" VPOS="0" HPOS="0">
</TopMargin>
<LeftMargin HEIGHT="3772" WIDTH="394" VPOS="402" HPOS="0">
</LeftMargin>
<RightMargin HEIGHT="3772" WIDTH="70" VPOS="402" HPOS="2449">
</RightMargin>
<BottomMargin HEIGHT="203" WIDTH="2519" VPOS="4174" HPOS="0">
</BottomMargin>
<PrintSpace HEIGHT="3772" WIDTH="2055" VPOS="402" HPOS="394">
<TextBlock ID="Page1308_Block1" HEIGHT="70" WIDTH="154" VPOS="4104" HPOS="1334" LANG="en-US" STYLEREFS="StyleId-75A87D9B-BFDA-4ACF-85B6-649506A27707-">
<TextLine HEIGHT="49" WIDTH="133" VPOS="4115" HPOS="1344">
<String CONTENT="1308" HEIGHT="49" WIDTH="133" VPOS="4115" HPOS="1344"/>
</TextLine>
</TextBlock>
<TextBlock ID="Page1308_Block2" HEIGHT="3712" WIDTH="2055" VPOS="402" HPOS="394" LANG="en-US" CS="1" STYLEREFS="StyleId-18E1CFB7-DE4A-45A3-B535-8F7DE23C6A77-">
<Shape>
<Polygon POINTS="401,402 757,402 757,403 1261,403 1261,404 1766,404 1766,405 2270,405 2270,406 2449,406 2449,678 2448,678 2448,1182 2447,1182 2447,1686 2446,1686 2446,2190 2445,2190 2445,2695 2444,2695 2444,3199 2443,3199 2443,3703 2442,3703 2442,4114 2266,4114 2266,4113 1762,4113 1762,4112 1258,4112 1258,4111 753,4111 753,4110 394,4110 394,3699 395,3699 395,3195 396,3195 396,2691 397,2691 397,2187 398,2187 398,1682 399,1682 399,1178 400,1178 400,674 401,674 401,402"/>
</Shape>
<TextLine HEIGHT="69" WIDTH="1255" VPOS="411" HPOS="418" STYLEREFS="StyleId-C66A8368-8ED5-4C8A-846C-E0D675D7DC83-">
<String LANG="de" CONTENT="Reese," HEIGHT="67" WIDTH="205" VPOS="411" HPOS="418"/>
<SP HEIGHT="65" WIDTH="27" VPOS="413" HPOS="624"/>
<String LANG="de" CONTENT="Lizette" HEIGHT="54" WIDTH="232" VPOS="413" HPOS="652"/>
<SP HEIGHT="54" WIDTH="26" VPOS="415" HPOS="885"/>
<String LANG="en-US" CONTENT="Woodworth," HEIGHT="65" WIDTH="401" VPOS="415" HPOS="912"/>
<SP HEIGHT="57" WIDTH="29" VPOS="423" HPOS="1314"/>
<String LANG="de" CONTENT="1856-1935." HEIGHT="54" WIDTH="329" VPOS="423" HPOS="1344"/>
</TextLine>
<TextLine HEIGHT="80" WIDTH="1943" VPOS="489" HPOS="490" STYLEREFS="StyleId-C66A8368-8ED5-4C8A-846C-E0D675D7DC83-">
<String CONTENT="The" HEIGHT="53" WIDTH="123" VPOS="489" HPOS="490"/>
<SP HEIGHT="35" WIDTH="25" VPOS="507" HPOS="614"/>
<String CONTENT="old" HEIGHT="53" WIDTH="99" VPOS="489" HPOS="640"/>
<SP HEIGHT="54" WIDTH="26" VPOS="489" HPOS="740"/>
<String CONTENT="house" HEIGHT="53" WIDTH="174" VPOS="490" HPOS="767"/>
<SP HEIGHT="53" WIDTH="26" VPOS="491" HPOS="942"/>
<String CONTENT="in" HEIGHT="53" WIDTH="60" VPOS="491" HPOS="969"/>
<SP HEIGHT="48" WIDTH="26" VPOS="496" HPOS="1030"/>
<String CONTENT="the" HEIGHT="53" WIDTH="98" VPOS="492" HPOS="1057"/>
<SP HEIGHT="34" WIDTH="26" VPOS="511" HPOS="1156"/>
<String CONTENT="country," HEIGHT="65" WIDTH="261" VPOS="497" HPOS="1183"/>
<SP HEIGHT="67" WIDTH="26" VPOS="495" HPOS="1445"/>
<String CONTENT="by" HEIGHT="67" WIDTH="77" VPOS="495" HPOS="1472"/>
<SP HEIGHT="67" WIDTH="25" VPOS="495" HPOS="1550"/>
<String CONTENT="Lizette" HEIGHT="57" WIDTH="220" VPOS="494" HPOS="1576"/>
<SP HEIGHT="54" WIDTH="26" VPOS="497" HPOS="1797"/>
<String CONTENT="Woodworth" HEIGHT="54" WIDTH="377" VPOS="497" HPOS="1824"/>
<SP HEIGHT="52" WIDTH="28" VPOS="499" HPOS="2202"/>
<String CONTENT="Reese;" HEIGHT="70" WIDTH="202" VPOS="499" HPOS="2231"/>
</TextLine>
<TextLine HEIGHT="154" WIDTH="1993" VPOS="565" HPOS="419" STYLEREFS="StyleId-C66A8368-8ED5-4C8A-846C-E0D675D7DC83-" CS="1">
<String CONTENT="introduction" HEIGHT="57" WIDTH="392" VPOS="565" HPOS="422"/>
<SP HEIGHT="53" WIDTH="37" VPOS="568" HPOS="815"/>
<String CONTENT="by" HEIGHT="69" WIDTH="77" VPOS="568" HPOS="853"/>
<SP HEIGHT="69" WIDTH="40" VPOS="568" HPOS="931"/>
<String CONTENT="Hervey" HEIGHT="70" WIDTH="234" VPOS="568" HPOS="972"/>
<SP HEIGHT="68" WIDTH="39" VPOS="570" HPOS="1207"/>
<String CONTENT="Allen." HEIGHT="55" WIDTH="188" VPOS="569" HPOS="1247"/>
<SP HEIGHT="52" WIDTH="75" VPOS="572" HPOS="1436"/>
<String CONTENT="New" HEIGHT="53" WIDTH="140" VPOS="572" HPOS="1512"/>
<SP HEIGHT="52" WIDTH="43" VPOS="573" HPOS="1653"/>
<String CONTENT="York," HEIGHT="69" WIDTH="181" VPOS="573" HPOS="1697"/>
<SP HEIGHT="67" WIDTH="41" VPOS="575" HPOS="1879"/>
<String CONTENT="Farrar" HEIGHT="54" WIDTH="218" VPOS="575" HPOS="1921"/>
<SP HEIGHT="51" WIDTH="37" VPOS="578" HPOS="2140"/>
<String CONTENT="&amp;" HEIGHT="51" WIDTH="45" VPOS="578" HPOS="2178"/>
<SP HEIGHT="51" WIDTH="40" VPOS="578" HPOS="2224"/>
<String CONTENT="Rinehart," HEIGHT="142" WIDTH="1993" VPOS="575" HPOS="419"/>
<SP HEIGHT="68" WIDTH="28" VPOS="645" HPOS="570"/>
<String CONTENT="incorporated" HEIGHT="69" WIDTH="408" VPOS="645" HPOS="598"/>
<SP HEIGHT="69" WIDTH="35" VPOS="646" HPOS="1006"/>
<String STYLE="subscript" CONTENT="[" HEIGHT="34" WIDTH="14" VPOS="681" HPOS="1041"/>
<String STYLE="superscript" CONTENT="c" HEIGHT="22" WIDTH="20" VPOS="654" HPOS="1059"/>
<String CONTENT="1936" HEIGHT="51" WIDTH="135" VPOS="649" HPOS="1082"/>
<String STYLE="subscript" CONTENT="]" HEIGHT="34" WIDTH="14" VPOS="682" HPOS="1222"/>
</TextLine>
<TextLine HEIGHT="51" WIDTH="447" VPOS="729" HPOS="490" STYLEREFS="StyleId-C66A8368-8ED5-4C8A-846C-E0D675D7DC83-">
<String CONTENT="viii," HEIGHT="48" WIDTH="101" VPOS="729" HPOS="490"/>
<SP HEIGHT="48" WIDTH="32" VPOS="729" HPOS="592"/>
<String CONTENT="54" HEIGHT="41" WIDTH="58" VPOS="729" HPOS="625"/>
<SP HEIGHT="49" WIDTH="29" VPOS="730" HPOS="684"/>
<String CONTENT="p." HEIGHT="41" WIDTH="44" VPOS="739" HPOS="714"/>
<SP HEIGHT="41" WIDTH="58" VPOS="730" HPOS="759"/>
<String CONTENT="20" HEIGHT="41" WIDTH="59" VPOS="730" HPOS="818"/>
<String STYLE="superscript" CONTENT="cm" HEIGHT="22" WIDTH="45" VPOS="733" HPOS="879"/>
<String CONTENT="." HEIGHT="9" WIDTH="9" VPOS="764" HPOS="928"/>
</TextLine>
<TextLine HEIGHT="42" WIDTH="161" VPOS="801" HPOS="491">
<String CONTENT="Poem." HEIGHT="42" WIDTH="161" VPOS="801" HPOS="491"/>
</TextLine>
<TextLine HEIGHT="120" WIDTH="2004" VPOS="870" HPOS="418" CS="1">
<String CONTENT="&#169;" HEIGHT="54" WIDTH="53" VPOS="870" HPOS="418"/>
<SP HEIGHT="54" WIDTH="32" VPOS="870" HPOS="472"/>
<String CONTENT="Sept." HEIGHT="48" WIDTH="129" VPOS="875" HPOS="505"/>
<SP HEIGHT="39" WIDTH="29" VPOS="877" HPOS="635"/>
<String CONTENT="10," HEIGHT="48" WIDTH="71" VPOS="876" HPOS="665"/>
<SP HEIGHT="48" WIDTH="29" VPOS="877" HPOS="737"/>
<String CONTENT="1936" HEIGHT="42" WIDTH="118" VPOS="876" HPOS="767"/>
<SP HEIGHT="47" WIDTH="14" VPOS="878" HPOS="886"/>
<String CONTENT=";" HEIGHT="36" WIDTH="9" VPOS="889" HPOS="901"/>
<SP HEIGHT="48" WIDTH="30" VPOS="877" HPOS="911"/>
<String CONTENT="2c." HEIGHT="42" WIDTH="69" VPOS="877" HPOS="942"/>
<SP HEIGHT="41" WIDTH="34" VPOS="879" HPOS="1012"/>
<String CONTENT="Sept." HEIGHT="48" WIDTH="128" VPOS="879" HPOS="1047"/>
<SP HEIGHT="38" WIDTH="31" VPOS="881" HPOS="1176"/>
<String CONTENT="14" HEIGHT="39" WIDTH="56" VPOS="881" HPOS="1208"/>
<SP HEIGHT="45" WIDTH="15" VPOS="882" HPOS="1265"/>
<String CONTENT=";" HEIGHT="36" WIDTH="9" VPOS="891" HPOS="1281"/>
<SP HEIGHT="37" WIDTH="33" VPOS="890" HPOS="1291"/>
<String CONTENT="aff." HEIGHT="43" WIDTH="84" VPOS="879" HPOS="1325"/>
<SP HEIGHT="41" WIDTH="33" VPOS="882" HPOS="1410"/>
<String CONTENT="Sept." HEIGHT="48" WIDTH="131" VPOS="882" HPOS="1444"/>
<SP HEIGHT="41" WIDTH="29" VPOS="883" HPOS="1576"/>
<String CONTENT="11" HEIGHT="40" WIDTH="56" VPOS="882" HPOS="1606"/>
<SP HEIGHT="48" WIDTH="16" VPOS="882" HPOS="1663"/>
<String CONTENT=";" HEIGHT="37" WIDTH="10" VPOS="893" HPOS="1680"/>
<SP HEIGHT="46" WIDTH="33" VPOS="884" HPOS="1691"/>
<!-- cceid A4525651-6E3A-1014-83DD-942C093A1DD9 --><String CONTENT="A" HEIGHT="40" WIDTH="44" VPOS="884" HPOS="1725"/>
<SP HEIGHT="42" WIDTH="25" VPOS="882" HPOS="1770"/>
<String CONTENT="98381" HEIGHT="43" WIDTH="146" VPOS="882" HPOS="1796"/>
<SP HEIGHT="47" WIDTH="16" VPOS="885" HPOS="1943"/>
<String CONTENT=";" HEIGHT="36" WIDTH="9" VPOS="896" HPOS="1960"/>
<SP HEIGHT="47" WIDTH="35" VPOS="885" HPOS="1970"/>
<String CONTENT="Farrar" HEIGHT="41" WIDTH="187" VPOS="885" HPOS="2006"/>
<SP HEIGHT="41" WIDTH="30" VPOS="887" HPOS="2194"/>
<String CONTENT="&amp;" HEIGHT="41" WIDTH="39" VPOS="887" HPOS="2225"/>
<SP HEIGHT="42" WIDTH="30" VPOS="887" HPOS="2265"/>
<String CONTENT="Rinehart," HEIGHT="102" WIDTH="1935" VPOS="883" HPOS="487"/>
<SP HEIGHT="47" WIDTH="27" VPOS="934" HPOS="616"/>
<String CONTENT="inc." HEIGHT="42" WIDTH="93" VPOS="934" HPOS="644"/>
<SP HEIGHT="51" WIDTH="64" VPOS="933" HPOS="738"/>
<String CONTENT="(36-27413)" HEIGHT="53" WIDTH="284" VPOS="934" HPOS="803"/>
</TextLine>
<TextLine HEIGHT="70" WIDTH="906" VPOS="1037" HPOS="415">
<String CONTENT="Reilly," HEIGHT="68" WIDTH="209" VPOS="1037" HPOS="415"/>
<SP HEIGHT="65" WIDTH="27" VPOS="1040" HPOS="625"/>
<String CONTENT="William" HEIGHT="56" WIDTH="260" VPOS="1039" HPOS="653"/>
<SP HEIGHT="55" WIDTH="25" VPOS="1040" HPOS="914"/>
<String CONTENT="John," HEIGHT="66" WIDTH="175" VPOS="1040" HPOS="940"/>
<SP HEIGHT="59" WIDTH="31" VPOS="1047" HPOS="1116"/>
<String CONTENT="1899-" HEIGHT="52" WIDTH="173" VPOS="1047" HPOS="1148"/>
</TextLine>
<TextLine HEIGHT="80" WIDTH="1953" VPOS="1116" HPOS="486" STYLEREFS="StyleId-C66A8368-8ED5-4C8A-846C-E0D675D7DC83-">
<String CONTENT="How" HEIGHT="53" WIDTH="153" VPOS="1116" HPOS="487"/>
<SP HEIGHT="47" WIDTH="36" VPOS="1123" HPOS="641"/>
<String CONTENT="to" HEIGHT="48" WIDTH="61" VPOS="1123" HPOS="678"/>
<SP HEIGHT="56" WIDTH="32" VPOS="1116" HPOS="740"/>
<String CONTENT="find" HEIGHT="55" WIDTH="122" VPOS="1117" HPOS="773"/>
<SP HEIGHT="53" WIDTH="35" VPOS="1119" HPOS="896"/>
<String CONTENT="and" HEIGHT="53" WIDTH="113" VPOS="1119" HPOS="932"/>
<SP HEIGHT="54" WIDTH="37" VPOS="1118" HPOS="1046"/>
<String CONTENT="follow" HEIGHT="55" WIDTH="200" VPOS="1118" HPOS="1084"/>
<SP HEIGHT="51" WIDTH="35" VPOS="1139" HPOS="1284"/>
<String CONTENT="your" HEIGHT="51" WIDTH="147" VPOS="1139" HPOS="1319"/>
<SP HEIGHT="36" WIDTH="35" VPOS="1139" HPOS="1467"/>
<String CONTENT="career;" HEIGHT="50" WIDTH="220" VPOS="1140" HPOS="1502"/>
<SP HEIGHT="49" WIDTH="40" VPOS="1141" HPOS="1722"/>
<String CONTENT="straight" HEIGHT="72" WIDTH="252" VPOS="1122" HPOS="1762"/>
<SP HEIGHT="48" WIDTH="38" VPOS="1131" HPOS="2015"/>
<String CONTENT="thinking" HEIGHT="71" WIDTH="275" VPOS="1125" HPOS="2053"/>
<SP HEIGHT="51" WIDTH="35" VPOS="1145" HPOS="2328"/>
<String CONTENT="on" HEIGHT="36" WIDTH="75" VPOS="1145" HPOS="2364"/>
</TextLine>
<TextLine HEIGHT="155" WIDTH="1996" VPOS="1196" HPOS="417" STYLEREFS="StyleId-C66A8368-8ED5-4C8A-846C-E0D675D7DC83-" CS="1">
<String CONTENT="career" HEIGHT="35" WIDTH="190" VPOS="1214" HPOS="417"/>
<SP HEIGHT="50" WIDTH="24" VPOS="1215" HPOS="608"/>
<String CONTENT="planning," HEIGHT="72" WIDTH="304" VPOS="1196" HPOS="633"/>
<SP HEIGHT="69" WIDTH="22" VPOS="1198" HPOS="938"/>
<String CONTENT="by" HEIGHT="70" WIDTH="78" VPOS="1198" HPOS="961"/>
<SP HEIGHT="69" WIDTH="21" VPOS="1199" HPOS="1040"/>
<String CONTENT="William" HEIGHT="56" WIDTH="265" VPOS="1199" HPOS="1062"/>
<SP HEIGHT="54" WIDTH="23" VPOS="1201" HPOS="1328"/>
<String CONTENT="J." HEIGHT="54" WIDTH="57" VPOS="1201" HPOS="1352"/>
<SP HEIGHT="53" WIDTH="25" VPOS="1201" HPOS="1410"/>
<String CONTENT="Reilly" HEIGHT="73" WIDTH="194" VPOS="1200" HPOS="1436"/>
<SP HEIGHT="52" WIDTH="29" VPOS="1221" HPOS="1631"/>
<String CS="1" CONTENT="&#8230;"/>
<SP HEIGHT="55" WIDTH="66" VPOS="1202" HPOS="1719"/>
<String CONTENT="New" HEIGHT="54" WIDTH="140" VPOS="1203" HPOS="1786"/>
<SP HEIGHT="53" WIDTH="26" VPOS="1205" HPOS="1927"/>
<String CONTENT="York" HEIGHT="53" WIDTH="166" VPOS="1205" HPOS="1954"/>
<SP HEIGHT="54" WIDTH="25" VPOS="1205" HPOS="2121"/>
<String CONTENT="and" HEIGHT="52" WIDTH="114" VPOS="1207" HPOS="2147"/>
<SP HEIGHT="53" WIDTH="24" VPOS="1207" HPOS="2262"/>
<String CONTENT="London," HEIGHT="144" WIDTH="1996" VPOS="1204" HPOS="417"/>
<SP HEIGHT="68" WIDTH="28" VPOS="1276" HPOS="551"/>
<String CONTENT="Harper" HEIGHT="71" WIDTH="237" VPOS="1276" HPOS="580"/>
<SP HEIGHT="51" WIDTH="27" VPOS="1280" HPOS="818"/>
<String CONTENT="&amp;" HEIGHT="51" WIDTH="47" VPOS="1280" HPOS="846"/>
<SP HEIGHT="53" WIDTH="30" VPOS="1278" HPOS="894"/>
<String CONTENT="brothers," HEIGHT="70" WIDTH="281" VPOS="1278" HPOS="925"/>
<SP HEIGHT="65" WIDTH="33" VPOS="1283" HPOS="1207"/>
<String CONTENT="1936." HEIGHT="52" WIDTH="152" VPOS="1282" HPOS="1241"/>
</TextLine>
<TextLine HEIGHT="52" WIDTH="710" VPOS="1364" HPOS="487" CS="1">
<String CONTENT="xiii," HEIGHT="50" WIDTH="104" VPOS="1365" HPOS="487"/>
<SP HEIGHT="49" WIDTH="28" VPOS="1366" HPOS="592"/>
<String CONTENT="161" HEIGHT="40" WIDTH="86" VPOS="1366" HPOS="621"/>
<SP HEIGHT="48" WIDTH="26" VPOS="1366" HPOS="708"/>
<String CONTENT="p." HEIGHT="39" WIDTH="46" VPOS="1376" HPOS="735"/>
<SP HEIGHT="41" WIDTH="52" VPOS="1366" HPOS="782"/>
<String CONTENT="diagr." HEIGHT="49" WIDTH="156" VPOS="1365" HPOS="835"/>
<SP HEIGHT="42" WIDTH="55" VPOS="1366" HPOS="992"/>
<String CS="1" CONTENT="20&#189;" HEIGHT="43" WIDTH="59" VPOS="1366" HPOS="1048"/>
<String STYLE="superscript" CONTENT="cm" HEIGHT="22" WIDTH="45" VPOS="1370" HPOS="1138"/>
<String CONTENT="." HEIGHT="9" WIDTH="10" VPOS="1401" HPOS="1187"/>
</TextLine>
<TextLine HEIGHT="43" WIDTH="424" VPOS="1435" HPOS="488">
<String CONTENT="&#8220;First" HEIGHT="41" WIDTH="164" VPOS="1436" HPOS="488"/>
<SP HEIGHT="38" WIDTH="29" VPOS="1439" HPOS="653"/>
<String CONTENT="edition.&#8221;" HEIGHT="43" WIDTH="229" VPOS="1435" HPOS="683"/>
</TextLine>
<TextLine HEIGHT="62" WIDTH="2018" VPOS="1503" HPOS="416">
<String CONTENT="&#169;" HEIGHT="53" WIDTH="53" VPOS="1503" HPOS="416"/>
<SP HEIGHT="53" WIDTH="34" VPOS="1503" HPOS="470"/>
<String CONTENT="Aug." HEIGHT="47" WIDTH="122" VPOS="1508" HPOS="505"/>
<SP HEIGHT="40" WIDTH="36" VPOS="1509" HPOS="628"/>
<String CONTENT="31," HEIGHT="47" WIDTH="69" VPOS="1509" HPOS="665"/>
<SP HEIGHT="50" WIDTH="36" VPOS="1507" HPOS="735"/>
<String CONTENT="1936:" HEIGHT="43" WIDTH="142" VPOS="1508" HPOS="772"/>
<SP HEIGHT="42" WIDTH="38" VPOS="1509" HPOS="915"/>
<String CONTENT="2c." HEIGHT="41" WIDTH="68" VPOS="1509" HPOS="954"/>
<SP HEIGHT="41" WIDTH="39" VPOS="1510" HPOS="1023"/>
<String CONTENT="Sept." HEIGHT="48" WIDTH="129" VPOS="1510" HPOS="1063"/>
<SP HEIGHT="40" WIDTH="36" VPOS="1511" HPOS="1193"/>
<String CONTENT="1;" HEIGHT="49" WIDTH="54" VPOS="1511" HPOS="1230"/>
<SP HEIGHT="40" WIDTH="38" VPOS="1520" HPOS="1285"/>
<String CONTENT="aff." HEIGHT="43" WIDTH="83" VPOS="1510" HPOS="1324"/>
<SP HEIGHT="42" WIDTH="39" VPOS="1511" HPOS="1408"/>
<String CONTENT="Sept." HEIGHT="50" WIDTH="128" VPOS="1511" HPOS="1448"/>
<SP HEIGHT="40" WIDTH="36" VPOS="1513" HPOS="1577"/>
<String CONTENT="3;" HEIGHT="47" WIDTH="54" VPOS="1513" HPOS="1614"/>
<SP HEIGHT="47" WIDTH="37" VPOS="1513" HPOS="1669"/>
<!-- cceid A452A3AF-6E3A-1014-83DD-942C093A1DD9 --><String CONTENT="A" HEIGHT="40" WIDTH="43" VPOS="1513" HPOS="1707"/>
<SP HEIGHT="43" WIDTH="33" VPOS="1511" HPOS="1751"/>
<String CONTENT="97651;" HEIGHT="50" WIDTH="172" VPOS="1512" HPOS="1785"/>
<SP HEIGHT="47" WIDTH="39" VPOS="1515" HPOS="1958"/>
<String CONTENT="Harper" HEIGHT="49" WIDTH="196" VPOS="1515" HPOS="1998"/>
<SP HEIGHT="42" WIDTH="36" VPOS="1516" HPOS="2195"/>
<String CONTENT="&amp;" HEIGHT="43" WIDTH="39" VPOS="1516" HPOS="2232"/>
<SP HEIGHT="42" WIDTH="35" VPOS="1517" HPOS="2272"/>
<String CONTENT="bros." HEIGHT="43" WIDTH="126" VPOS="1517" HPOS="2308"/>
</TextLine>
<TextLine HEIGHT="54" WIDTH="288" VPOS="1564" HPOS="492">
<String CONTENT="(36-20377)" HEIGHT="54" WIDTH="288" VPOS="1564" HPOS="492"/>
</TextLine>
<TextLine HEIGHT="69" WIDTH="1011" VPOS="1671" HPOS="409" STYLEREFS="StyleId-52896B0F-F820-47BF-8F3D-DDE0D6C80B15-">
<String CONTENT="Rhode" HEIGHT="53" WIDTH="206" VPOS="1671" HPOS="409"/>
<SP HEIGHT="51" WIDTH="26" VPOS="1673" HPOS="615"/>
<String CONTENT="Island." HEIGHT="55" WIDTH="221" VPOS="1671" HPOS="641"/>
<SP HEIGHT="52" WIDTH="74" VPOS="1674" HPOS="862"/>
<String CONTENT="Supreme" HEIGHT="65" WIDTH="281" VPOS="1674" HPOS="936"/>
<SP HEIGHT="37" WIDTH="26" VPOS="1690" HPOS="1217"/>
<String CONTENT="court." HEIGHT="49" WIDTH="176" VPOS="1679" HPOS="1244"/>
</TextLine>
<TextLine HEIGHT="73" WIDTH="1887" VPOS="1749" HPOS="544" STYLEREFS="StyleId-C66A8368-8ED5-4C8A-846C-E0D675D7DC83-" CS="1">
<String CS="1" CONTENT="&#8230;"/>
<SP HEIGHT="51" WIDTH="37" VPOS="1751" HPOS="544"/>
<String CONTENT="Reports" HEIGHT="67" WIDTH="250" VPOS="1751" HPOS="582"/>
<SP HEIGHT="34" WIDTH="29" VPOS="1769" HPOS="833"/>
<String CONTENT="of" HEIGHT="52" WIDTH="64" VPOS="1751" HPOS="863"/>
<SP HEIGHT="52" WIDTH="33" VPOS="1751" HPOS="928"/>
<String CONTENT="cases" HEIGHT="35" WIDTH="151" VPOS="1769" HPOS="962"/>
<SP HEIGHT="34" WIDTH="34" VPOS="1770" HPOS="1114"/>
<String CONTENT="argued" HEIGHT="68" WIDTH="217" VPOS="1752" HPOS="1149"/>
<SP HEIGHT="52" WIDTH="31" VPOS="1753" HPOS="1367"/>
<String CONTENT="and" HEIGHT="53" WIDTH="114" VPOS="1753" HPOS="1399"/>
<SP HEIGHT="53" WIDTH="33" VPOS="1753" HPOS="1514"/>
<String CONTENT="determined" HEIGHT="57" WIDTH="354" VPOS="1751" HPOS="1548"/>
<SP HEIGHT="53" WIDTH="38" VPOS="1755" HPOS="1903"/>
<String CS="1" CONTENT="&#8230;"/>
<SP HEIGHT="51" WIDTH="74" VPOS="1757" HPOS="2000"/>
<String CONTENT="Edward" HEIGHT="54" WIDTH="257" VPOS="1757" HPOS="2075"/>
<SP HEIGHT="55" WIDTH="35" VPOS="1758" HPOS="2333"/>
<String CONTENT="C." HEIGHT="55" WIDTH="62" VPOS="1758" HPOS="2369"/>
</TextLine>
<TextLine HEIGHT="76" WIDTH="2020" VPOS="1826" HPOS="413" STYLEREFS="StyleId-C66A8368-8ED5-4C8A-846C-E0D675D7DC83-">
<String CONTENT="Stiness," HEIGHT="70" WIDTH="237" VPOS="1826" HPOS="413"/>
<SP HEIGHT="49" WIDTH="42" VPOS="1847" HPOS="651"/>
<String CONTENT="reporter." HEIGHT="64" WIDTH="275" VPOS="1833" HPOS="694"/>
<SP HEIGHT="33" WIDTH="86" VPOS="1864" HPOS="970"/>
<String CONTENT="[Volume" HEIGHT="68" WIDTH="245" VPOS="1830" HPOS="1057"/>
<SP HEIGHT="50" WIDTH="42" VPOS="1835" HPOS="1303"/>
<String CONTENT="55]" HEIGHT="63" WIDTH="84" VPOS="1835" HPOS="1346"/>
<SP HEIGHT="65" WIDTH="82" VPOS="1833" HPOS="1431"/>
<String CONTENT="Providence," HEIGHT="70" WIDTH="373" VPOS="1831" HPOS="1514"/>
<SP HEIGHT="66" WIDTH="42" VPOS="1835" HPOS="1888"/>
<String LANG="fi" CONTENT="E." HEIGHT="53" WIDTH="68" VPOS="1835" HPOS="1931"/>
<SP HEIGHT="52" WIDTH="41" VPOS="1836" HPOS="2000"/>
<String CONTENT="L." HEIGHT="53" WIDTH="65" VPOS="1836" HPOS="2042"/>
<SP HEIGHT="53" WIDTH="44" VPOS="1836" HPOS="2108"/>
<String CONTENT="Freeman" HEIGHT="55" WIDTH="280" VPOS="1836" HPOS="2153"/>
</TextLine>
<TextLine HEIGHT="67" WIDTH="574" VPOS="1907" HPOS="409" STYLEREFS="StyleId-C66A8368-8ED5-4C8A-846C-E0D675D7DC83-">
<String CONTENT="co.," HEIGHT="48" WIDTH="98" VPOS="1924" HPOS="409"/>
<SP HEIGHT="47" WIDTH="25" VPOS="1926" HPOS="508"/>
<String CONTENT="printers," HEIGHT="67" WIDTH="270" VPOS="1907" HPOS="534"/>
<SP HEIGHT="62" WIDTH="26" VPOS="1912" HPOS="805"/>
<String CONTENT="1936." HEIGHT="51" WIDTH="151" VPOS="1911" HPOS="832"/>
</TextLine>
<TextLine HEIGHT="51" WIDTH="518" VPOS="1992" HPOS="480" STYLEREFS="StyleId-C66A8368-8ED5-4C8A-846C-E0D675D7DC83-">
<String CONTENT="xxvii," HEIGHT="50" WIDTH="152" VPOS="1992" HPOS="480"/>
<SP HEIGHT="48" WIDTH="28" VPOS="1994" HPOS="633"/>
<String CONTENT="554" HEIGHT="41" WIDTH="85" VPOS="1993" HPOS="662"/>
<SP HEIGHT="49" WIDTH="27" VPOS="1994" HPOS="748"/>
<String CONTENT="p." HEIGHT="39" WIDTH="43" VPOS="2004" HPOS="776"/>
<SP HEIGHT="40" WIDTH="58" VPOS="1994" HPOS="820"/>
<String CONTENT="24" HEIGHT="41" WIDTH="57" VPOS="1994" HPOS="879"/>
<String STYLE="superscript" CONTENT="cm" HEIGHT="21" WIDTH="45" VPOS="1997" HPOS="938"/>
<String CONTENT="." HEIGHT="9" WIDTH="9" VPOS="2028" HPOS="989"/>
</TextLine>
<TextLine HEIGHT="57" WIDTH="2020" VPOS="2060" HPOS="412">
<String CONTENT="&#169;" HEIGHT="53" WIDTH="53" VPOS="2060" HPOS="412"/>
<SP HEIGHT="53" WIDTH="26" VPOS="2060" HPOS="466"/>
<String CONTENT="July" HEIGHT="47" WIDTH="117" VPOS="2064" HPOS="493"/>
<SP HEIGHT="46" WIDTH="27" VPOS="2065" HPOS="611"/>
<String CONTENT="6," HEIGHT="48" WIDTH="41" VPOS="2065" HPOS="639"/>
<SP HEIGHT="48" WIDTH="27" VPOS="2065" HPOS="681"/>
<String CONTENT="1936" HEIGHT="43" WIDTH="115" VPOS="2063" HPOS="709"/>
<SP HEIGHT="48" WIDTH="17" VPOS="2065" HPOS="825"/>
<String CONTENT=";" HEIGHT="36" WIDTH="9" VPOS="2077" HPOS="843"/>
<SP HEIGHT="47" WIDTH="28" VPOS="2066" HPOS="853"/>
<String CONTENT="2c." HEIGHT="39" WIDTH="68" VPOS="2066" HPOS="882"/>
<SP HEIGHT="40" WIDTH="30" VPOS="2066" HPOS="951"/>
<String CONTENT="Oct." HEIGHT="40" WIDTH="102" VPOS="2066" HPOS="982"/>
<SP HEIGHT="39" WIDTH="28" VPOS="2066" HPOS="1085"/>
<String CONTENT="2" HEIGHT="39" WIDTH="26" VPOS="2066" HPOS="1114"/>
<SP HEIGHT="48" WIDTH="16" VPOS="2066" HPOS="1141"/>
<String CONTENT=";" HEIGHT="37" WIDTH="10" VPOS="2077" HPOS="1158"/>
<SP HEIGHT="37" WIDTH="32" VPOS="2077" HPOS="1169"/>
<String CONTENT="aff." HEIGHT="41" WIDTH="83" VPOS="2066" HPOS="1202"/>
<SP HEIGHT="42" WIDTH="30" VPOS="2066" HPOS="1286"/>
<String CONTENT="Oct." HEIGHT="42" WIDTH="103" VPOS="2066" HPOS="1317"/>
<SP HEIGHT="40" WIDTH="27" VPOS="2067" HPOS="1421"/>
<String CONTENT="6" HEIGHT="40" WIDTH="27" VPOS="2067" HPOS="1449"/>
<SP HEIGHT="48" WIDTH="16" VPOS="2067" HPOS="1477"/>
<String CONTENT=";" HEIGHT="37" WIDTH="9" VPOS="2078" HPOS="1494"/>
<SP HEIGHT="47" WIDTH="26" VPOS="2068" HPOS="1504"/>
<!-- cceid A452EDC5-6E3A-1014-83DD-942C093A1DD9 --><String CONTENT="A" HEIGHT="39" WIDTH="42" VPOS="2068" HPOS="1531"/>
<SP HEIGHT="41" WIDTH="28" VPOS="2068" HPOS="1574"/>
<String CONTENT="98794" HEIGHT="42" WIDTH="146" VPOS="2067" HPOS="1603"/>
<SP HEIGHT="47" WIDTH="15" VPOS="2069" HPOS="1750"/>
<String CONTENT=";" HEIGHT="36" WIDTH="8" VPOS="2080" HPOS="1766"/>
<SP HEIGHT="47" WIDTH="35" VPOS="2069" HPOS="1775"/>
<String CONTENT="State" HEIGHT="41" WIDTH="140" VPOS="2069" HPOS="1811"/>
<SP HEIGHT="30" WIDTH="27" VPOS="2079" HPOS="1952"/>
<String CONTENT="of" HEIGHT="39" WIDTH="52" VPOS="2069" HPOS="1980"/>
<SP HEIGHT="39" WIDTH="27" VPOS="2069" HPOS="2033"/>
<String CONTENT="Rhode" HEIGHT="41" WIDTH="172" VPOS="2069" HPOS="2061"/>
<SP HEIGHT="39" WIDTH="27" VPOS="2071" HPOS="2234"/>
<String CONTENT="Island" HEIGHT="42" WIDTH="170" VPOS="2069" HPOS="2262"/>
</TextLine>
<TextLine HEIGHT="51" WIDTH="1121" VPOS="2121" HPOS="481">
<String CONTENT="and" HEIGHT="39" WIDTH="97" VPOS="2122" HPOS="481"/>
<SP HEIGHT="39" WIDTH="28" VPOS="2122" HPOS="579"/>
<String CONTENT="Providence" HEIGHT="42" WIDTH="301" VPOS="2121" HPOS="608"/>
<SP HEIGHT="38" WIDTH="24" VPOS="2133" HPOS="910"/>
<String CONTENT="plantations," HEIGHT="49" WIDTH="321" VPOS="2122" HPOS="935"/>
<SP HEIGHT="48" WIDTH="31" VPOS="2124" HPOS="1257"/>
<String CONTENT="Providence." HEIGHT="42" WIDTH="313" VPOS="2123" HPOS="1289"/>
</TextLine>
<TextLine HEIGHT="71" WIDTH="1160" VPOS="2224" HPOS="410" STYLEREFS="StyleId-C66A8368-8ED5-4C8A-846C-E0D675D7DC83-">
<String CONTENT="Richardson," HEIGHT="69" WIDTH="390" VPOS="2225" HPOS="410"/>
<SP HEIGHT="65" WIDTH="26" VPOS="2229" HPOS="801"/>
<String CONTENT="William" HEIGHT="58" WIDTH="257" VPOS="2225" HPOS="828"/>
<SP HEIGHT="55" WIDTH="24" VPOS="2227" HPOS="1086"/>
<String CONTENT="Payson," HEIGHT="67" WIDTH="256" VPOS="2227" HPOS="1111"/>
<SP HEIGHT="59" WIDTH="28" VPOS="2235" HPOS="1368"/>
<String CONTENT="1864-" HEIGHT="51" WIDTH="173" VPOS="2234" HPOS="1397"/>
</TextLine>
<TextLine HEIGHT="154" WIDTH="1998" VPOS="2303" HPOS="410" STYLEREFS="StyleId-C66A8368-8ED5-4C8A-846C-E0D675D7DC83-" CS="1">
<String CONTENT="The" HEIGHT="53" WIDTH="121" VPOS="2305" HPOS="482"/>
<SP HEIGHT="52" WIDTH="28" VPOS="2306" HPOS="604"/>
<String CONTENT="law" HEIGHT="51" WIDTH="111" VPOS="2306" HPOS="633"/>
<SP HEIGHT="36" WIDTH="29" VPOS="2323" HPOS="745"/>
<String CONTENT="of" HEIGHT="55" WIDTH="68" VPOS="2304" HPOS="775"/>
<SP HEIGHT="55" WIDTH="24" VPOS="2304" HPOS="844"/>
<String CONTENT="evidence" HEIGHT="54" WIDTH="268" VPOS="2305" HPOS="869"/>
<SP HEIGHT="70" WIDTH="37" VPOS="2305" HPOS="1138"/>
<String CONTENT="(5th" HEIGHT="71" WIDTH="126" VPOS="2305" HPOS="1176"/>
<SP HEIGHT="53" WIDTH="30" VPOS="2307" HPOS="1303"/>
<String CONTENT="ed.)" HEIGHT="71" WIDTH="115" VPOS="2305" HPOS="1334"/>
<SP HEIGHT="71" WIDTH="38" VPOS="2305" HPOS="1450"/>
<String CONTENT="by" HEIGHT="70" WIDTH="79" VPOS="2306" HPOS="1489"/>
<SP HEIGHT="69" WIDTH="25" VPOS="2307" HPOS="1569"/>
<String CONTENT="William" HEIGHT="56" WIDTH="265" VPOS="2306" HPOS="1595"/>
<SP HEIGHT="52" WIDTH="25" VPOS="2308" HPOS="1861"/>
<String CONTENT="Payson" HEIGHT="69" WIDTH="231" VPOS="2308" HPOS="1887"/>
<SP HEIGHT="52" WIDTH="31" VPOS="2309" HPOS="2119"/>
<String CONTENT="Richardson" HEIGHT="138" WIDTH="1998" VPOS="2303" HPOS="410"/>
<SP HEIGHT="34" WIDTH="36" VPOS="2403" HPOS="512"/>
<String CS="1" CONTENT="&#8230;"/>
<SP HEIGHT="52" WIDTH="74" VPOS="2386" HPOS="606"/>
<String CONTENT="Brooklyn," HEIGHT="70" WIDTH="317" VPOS="2384" HPOS="681"/>
<SP HEIGHT="69" WIDTH="30" VPOS="2385" HPOS="999"/>
<String LANG="fi" CONTENT="N." HEIGHT="55" WIDTH="71" VPOS="2385" HPOS="1030"/>
<SP HEIGHT="53" WIDTH="33" VPOS="2386" HPOS="1102"/>
<String CONTENT="Y.," HEIGHT="68" WIDTH="92" VPOS="2386" HPOS="1136"/>
<SP HEIGHT="66" WIDTH="33" VPOS="2389" HPOS="1229"/>
<String CONTENT="1936." HEIGHT="51" WIDTH="152" VPOS="2389" HPOS="1263"/>
</TextLine>
<TextLine HEIGHT="53" WIDTH="545" VPOS="2472" HPOS="480" STYLEREFS="StyleId-C66A8368-8ED5-4C8A-846C-E0D675D7DC83-" CS="1">
<String LANG="fi" CONTENT="li," HEIGHT="49" WIDTH="48" VPOS="2474" HPOS="480"/>
<SP HEIGHT="29" WIDTH="31" VPOS="2495" HPOS="529"/>
<String CONTENT="[1]," HEIGHT="49" WIDTH="70" VPOS="2475" HPOS="561"/>
<SP HEIGHT="47" WIDTH="28" VPOS="2474" HPOS="632"/>
<String CONTENT="622" HEIGHT="42" WIDTH="85" VPOS="2472" HPOS="661"/>
<SP HEIGHT="51" WIDTH="24" VPOS="2472" HPOS="747"/>
<String CONTENT="p." HEIGHT="39" WIDTH="46" VPOS="2484" HPOS="772"/>
<SP HEIGHT="41" WIDTH="56" VPOS="2473" HPOS="819"/>
<String CS="1" CONTENT="23&#189;" HEIGHT="42" WIDTH="57" VPOS="2473" HPOS="876"/>
<String STYLE="superscript" CONTENT="cm" HEIGHT="21" WIDTH="44" VPOS="2477" HPOS="967"/>
<String CONTENT="." HEIGHT="9" WIDTH="9" VPOS="2507" HPOS="1016"/>
</TextLine>
<TextLine HEIGHT="58" WIDTH="2017" VPOS="2542" HPOS="412">
<String CONTENT="&#169;" HEIGHT="54" WIDTH="53" VPOS="2542" HPOS="412"/>
<SP HEIGHT="54" WIDTH="37" VPOS="2542" HPOS="466"/>
<String CONTENT="Sept." HEIGHT="47" WIDTH="128" VPOS="2547" HPOS="504"/>
<SP HEIGHT="39" WIDTH="38" VPOS="2547" HPOS="633"/>
<String CONTENT="16," HEIGHT="49" WIDTH="69" VPOS="2546" HPOS="672"/>
<SP HEIGHT="50" WIDTH="35" VPOS="2546" HPOS="742"/>
<String CONTENT="1936;" HEIGHT="48" WIDTH="142" VPOS="2546" HPOS="778"/>
<SP HEIGHT="47" WIDTH="38" VPOS="2547" HPOS="921"/>
<String CONTENT="2c." HEIGHT="40" WIDTH="68" VPOS="2547" HPOS="960"/>
<SP HEIGHT="30" WIDTH="36" VPOS="2557" HPOS="1029"/>
<String CONTENT="and" HEIGHT="40" WIDTH="94" VPOS="2547" HPOS="1066"/>
<SP HEIGHT="40" WIDTH="39" VPOS="2547" HPOS="1161"/>
<String CONTENT="aff." HEIGHT="44" WIDTH="83" VPOS="2545" HPOS="1201"/>
<SP HEIGHT="42" WIDTH="36" VPOS="2547" HPOS="1285"/>
<String CONTENT="Sept." HEIGHT="48" WIDTH="129" VPOS="2547" HPOS="1322"/>
<SP HEIGHT="40" WIDTH="35" VPOS="2548" HPOS="1452"/>
<String CONTENT="22;" HEIGHT="49" WIDTH="85" VPOS="2546" HPOS="1488"/>
<SP HEIGHT="47" WIDTH="37" VPOS="2548" HPOS="1574"/>
<!-- cceid A4534482-6E3A-1014-83DD-942C093A1DD9 --><String CONTENT="A" HEIGHT="39" WIDTH="42" VPOS="2548" HPOS="1612"/>
<SP HEIGHT="41" WIDTH="36" VPOS="2547" HPOS="1655"/>
<String CONTENT="98571;" HEIGHT="49" WIDTH="172" VPOS="2546" HPOS="1692"/>
<SP HEIGHT="46" WIDTH="40" VPOS="2549" HPOS="1865"/>
<String LANG="fr" CONTENT="W." HEIGHT="40" WIDTH="73" VPOS="2549" HPOS="1906"/>
<SP HEIGHT="40" WIDTH="37" VPOS="2549" HPOS="1980"/>
<String CONTENT="P." HEIGHT="39" WIDTH="50" VPOS="2549" HPOS="2018"/>
<SP HEIGHT="39" WIDTH="37" VPOS="2549" HPOS="2069"/>
<String CONTENT="Richardson," HEIGHT="53" WIDTH="322" VPOS="2547" HPOS="2107"/>
</TextLine>
<TextLine HEIGHT="50" WIDTH="619" VPOS="2602" HPOS="480">
<String CONTENT="Brooklyn." HEIGHT="47" WIDTH="264" VPOS="2604" HPOS="480"/>
<SP HEIGHT="50" WIDTH="70" VPOS="2602" HPOS="745"/>
<String CONTENT="(36-20386)" HEIGHT="49" WIDTH="283" VPOS="2603" HPOS="816"/>
</TextLine>
<TextLine HEIGHT="67" WIDTH="992" VPOS="2708" HPOS="407" STYLEREFS="StyleId-C66A8368-8ED5-4C8A-846C-E0D675D7DC83-">
<String CONTENT="Sawyer," HEIGHT="65" WIDTH="263" VPOS="2708" HPOS="407"/>
<SP HEIGHT="63" WIDTH="26" VPOS="2710" HPOS="671"/>
<String CONTENT="Elmer" HEIGHT="54" WIDTH="200" VPOS="2709" HPOS="698"/>
<SP HEIGHT="54" WIDTH="27" VPOS="2710" HPOS="899"/>
<String CONTENT="Warren," HEIGHT="62" WIDTH="268" VPOS="2710" HPOS="927"/>
<SP HEIGHT="57" WIDTH="29" VPOS="2715" HPOS="1196"/>
<String CONTENT="1892-" HEIGHT="52" WIDTH="173" VPOS="2713" HPOS="1226"/>
</TextLine>
<TextLine HEIGHT="76" WIDTH="1949" VPOS="2782" HPOS="480" STYLEREFS="StyleId-C66A8368-8ED5-4C8A-846C-E0D675D7DC83-">
<String CONTENT="Automobile" HEIGHT="55" WIDTH="374" VPOS="2785" HPOS="480"/>
<SP HEIGHT="52" WIDTH="28" VPOS="2787" HPOS="855"/>
<String CONTENT="liability" HEIGHT="70" WIDTH="255" VPOS="2785" HPOS="884"/>
<SP HEIGHT="69" WIDTH="29" VPOS="2786" HPOS="1140"/>
<String CONTENT="insurance;" HEIGHT="68" WIDTH="329" VPOS="2786" HPOS="1170"/>
<SP HEIGHT="51" WIDTH="35" VPOS="2803" HPOS="1500"/>
<String CONTENT="an" HEIGHT="36" WIDTH="73" VPOS="2803" HPOS="1536"/>
<SP HEIGHT="34" WIDTH="32" VPOS="2805" HPOS="1610"/>
<String CONTENT="analysis" HEIGHT="72" WIDTH="252" VPOS="2784" HPOS="1643"/>
<SP HEIGHT="35" WIDTH="29" VPOS="2805" HPOS="1896"/>
<String CONTENT="of" HEIGHT="55" WIDTH="68" VPOS="2785" HPOS="1926"/>
<SP HEIGHT="55" WIDTH="27" VPOS="2785" HPOS="1995"/>
<String CONTENT="the" HEIGHT="55" WIDTH="97" VPOS="2786" HPOS="2023"/>
<SP HEIGHT="54" WIDTH="31" VPOS="2787" HPOS="2121"/>
<String CONTENT="National" HEIGHT="57" WIDTH="276" VPOS="2785" HPOS="2153"/>
</TextLine>
<TextLine HEIGHT="77" WIDTH="2019" VPOS="2863" HPOS="409" STYLEREFS="StyleId-C66A8368-8ED5-4C8A-846C-E0D675D7DC83-" CS="1">
<String CONTENT="standard" HEIGHT="53" WIDTH="281" VPOS="2867" HPOS="409"/>
<SP HEIGHT="69" WIDTH="26" VPOS="2867" HPOS="691"/>
<String CONTENT="policy" HEIGHT="72" WIDTH="191" VPOS="2865" HPOS="718"/>
<SP HEIGHT="54" WIDTH="27" VPOS="2883" HPOS="910"/>
<String CONTENT="provisions," HEIGHT="71" WIDTH="343" VPOS="2866" HPOS="938"/>
<SP HEIGHT="70" WIDTH="24" VPOS="2866" HPOS="1282"/>
<String CONTENT="by" HEIGHT="69" WIDTH="78" VPOS="2866" HPOS="1307"/>
<SP HEIGHT="69" WIDTH="23" VPOS="2866" HPOS="1386"/>
<String CONTENT="E." HEIGHT="54" WIDTH="69" VPOS="2866" HPOS="1410"/>
<SP HEIGHT="55" WIDTH="26" VPOS="2867" HPOS="1480"/>
<String CONTENT="W." HEIGHT="55" WIDTH="90" VPOS="2867" HPOS="1507"/>
<SP HEIGHT="57" WIDTH="31" VPOS="2865" HPOS="1598"/>
<String CONTENT="Sawyer" HEIGHT="72" WIDTH="234" VPOS="2865" HPOS="1630"/>
<SP HEIGHT="37" WIDTH="31" VPOS="2884" HPOS="1865"/>
<String CS="1" CONTENT="&#8230;"/>
<SP HEIGHT="50" WIDTH="71" VPOS="2871" HPOS="1955"/>
<String CONTENT="1st" HEIGHT="50" WIDTH="86" VPOS="2871" HPOS="2027"/>
<SP HEIGHT="49" WIDTH="24" VPOS="2872" HPOS="2114"/>
<String CONTENT="ed." HEIGHT="54" WIDTH="84" VPOS="2867" HPOS="2139"/>
<SP HEIGHT="55" WIDTH="64" VPOS="2867" HPOS="2224"/>
<String CONTENT="New" HEIGHT="54" WIDTH="139" VPOS="2868" HPOS="2289"/>
</TextLine>
<TextLine HEIGHT="75" WIDTH="1916" VPOS="2943" HPOS="411" STYLEREFS="StyleId-C66A8368-8ED5-4C8A-846C-E0D675D7DC83-">
<String CONTENT="York" HEIGHT="53" WIDTH="163" VPOS="2946" HPOS="411"/>
<SP HEIGHT="53" WIDTH="28" VPOS="2946" HPOS="575"/>
<String CONTENT="and" HEIGHT="53" WIDTH="116" VPOS="2947" HPOS="604"/>
<SP HEIGHT="54" WIDTH="28" VPOS="2946" HPOS="721"/>
<String CONTENT="London," HEIGHT="68" WIDTH="261" VPOS="2946" HPOS="750"/>
<SP HEIGHT="67" WIDTH="28" VPOS="2947" HPOS="1012"/>
<String CONTENT="McGraw-Hill" HEIGHT="59" WIDTH="435" VPOS="2944" HPOS="1041"/>
<SP HEIGHT="52" WIDTH="30" VPOS="2947" HPOS="1477"/>
<String CONTENT="book" HEIGHT="53" WIDTH="149" VPOS="2947" HPOS="1508"/>
<SP HEIGHT="53" WIDTH="25" VPOS="2947" HPOS="1658"/>
<String CONTENT="company," HEIGHT="53" WIDTH="302" VPOS="2964" HPOS="1684"/>
<SP HEIGHT="67" WIDTH="28" VPOS="2948" HPOS="1987"/>
<String CONTENT="inc.," HEIGHT="68" WIDTH="127" VPOS="2948" HPOS="2016"/>
<SP HEIGHT="63" WIDTH="32" VPOS="2953" HPOS="2144"/>
<String CONTENT="1936." HEIGHT="51" WIDTH="150" VPOS="2951" HPOS="2177"/>
</TextLine>
<TextLine HEIGHT="58" WIDTH="1939" VPOS="3031" HPOS="480" STYLEREFS="StyleId-C66A8368-8ED5-4C8A-846C-E0D675D7DC83-" CS="1">
<String CONTENT="xiv" HEIGHT="39" WIDTH="84" VPOS="3036" HPOS="480"/>
<SP HEIGHT="38" WIDTH="28" VPOS="3046" HPOS="565"/>
<String LANG="fr" CONTENT="p.," HEIGHT="39" WIDTH="58" VPOS="3046" HPOS="594"/>
<SP HEIGHT="50" WIDTH="31" VPOS="3035" HPOS="653"/>
<String CONTENT="1" HEIGHT="41" WIDTH="26" VPOS="3035" HPOS="685"/>
<SP/>
<String CS="1" CONTENT="l.," HEIGHT="17" WIDTH="9" VPOS="3067" HPOS="779"/>
<SP HEIGHT="48" WIDTH="28" VPOS="3036" HPOS="789"/>
<String CONTENT="321" HEIGHT="41" WIDTH="86" VPOS="3036" HPOS="818"/>
<SP HEIGHT="48" WIDTH="27" VPOS="3036" HPOS="905"/>
<String CONTENT="p." HEIGHT="39" WIDTH="46" VPOS="3045" HPOS="933"/>
<SP HEIGHT="41" WIDTH="56" VPOS="3036" HPOS="980"/>
<String CONTENT="21" HEIGHT="40" WIDTH="58" VPOS="3036" HPOS="1037"/>
<String STYLE="superscript" CONTENT="cm" HEIGHT="22" WIDTH="46" VPOS="3038" HPOS="1097"/>
<String CONTENT="." HEIGHT="9" WIDTH="9" VPOS="3068" HPOS="1147"/>
<SP HEIGHT="49" WIDTH="70" VPOS="3034" HPOS="1157"/>
<String CONTENT="(Half-title:" HEIGHT="50" WIDTH="301" VPOS="3034" HPOS="1228"/>
<SP HEIGHT="39" WIDTH="29" VPOS="3036" HPOS="1530"/>
<String CONTENT="McGraw-Hill" HEIGHT="44" WIDTH="353" VPOS="3033" HPOS="1560"/>
<SP HEIGHT="40" WIDTH="31" VPOS="3034" HPOS="1914"/>
<String CONTENT="insurance" HEIGHT="42" WIDTH="264" VPOS="3034" HPOS="1946"/>
<SP HEIGHT="31" WIDTH="30" VPOS="3045" HPOS="2211"/>
<String CONTENT="series)" HEIGHT="52" WIDTH="177" VPOS="3035" HPOS="2242"/>
</TextLine>
<TextLine HEIGHT="43" WIDTH="424" VPOS="3105" HPOS="480">
<String CONTENT="&#8220;First" HEIGHT="40" WIDTH="164" VPOS="3107" HPOS="480"/>
<SP HEIGHT="38" WIDTH="31" VPOS="3109" HPOS="645"/>
<String CONTENT="edition.&#8221;" HEIGHT="43" WIDTH="227" VPOS="3105" HPOS="677"/>
</TextLine>
<TextLine HEIGHT="54" WIDTH="1944" VPOS="3158" HPOS="482">
<String CONTENT="&#8220;Reference" HEIGHT="41" WIDTH="299" VPOS="3164" HPOS="482"/>
<SP HEIGHT="29" WIDTH="29" VPOS="3175" HPOS="781"/>
<String CONTENT="notes&#8221;" HEIGHT="42" WIDTH="170" VPOS="3162" HPOS="810"/>
<SP HEIGHT="43" WIDTH="17" VPOS="3162" HPOS="980"/>
<String CONTENT=":" HEIGHT="29" WIDTH="12" VPOS="3176" HPOS="997"/>
<SP HEIGHT="41" WIDTH="30" VPOS="3164" HPOS="1009"/>
<String CONTENT="2" HEIGHT="39" WIDTH="29" VPOS="3164" HPOS="1039"/>
<SP HEIGHT="40" WIDTH="31" VPOS="3163" HPOS="1068"/>
<String CONTENT="detachable" HEIGHT="42" WIDTH="289" VPOS="3162" HPOS="1099"/>
<SP HEIGHT="40" WIDTH="33" VPOS="3164" HPOS="1388"/>
<String CONTENT="leaves" HEIGHT="39" WIDTH="166" VPOS="3164" HPOS="1421"/>
<SP HEIGHT="39" WIDTH="30" VPOS="3164" HPOS="1587"/>
<String CONTENT="inserted" HEIGHT="43" WIDTH="219" VPOS="3161" HPOS="1617"/>
<SP HEIGHT="41" WIDTH="32" VPOS="3162" HPOS="1836"/>
<String CONTENT="after" HEIGHT="42" WIDTH="134" VPOS="3162" HPOS="1868"/>
<SP HEIGHT="38" WIDTH="29" VPOS="3173" HPOS="2002"/>
<String CONTENT="p." HEIGHT="38" WIDTH="46" VPOS="3173" HPOS="2031"/>
<SP HEIGHT="42" WIDTH="31" VPOS="3163" HPOS="2077"/>
<String CONTENT="30" HEIGHT="42" WIDTH="56" VPOS="3163" HPOS="2108"/>
<SP HEIGHT="41" WIDTH="33" VPOS="3163" HPOS="2164"/>
<String CONTENT="and" HEIGHT="42" WIDTH="97" VPOS="3162" HPOS="2197"/>
<SP HEIGHT="41" WIDTH="32" VPOS="3163" HPOS="2294"/>
<String CONTENT="194." HEIGHT="45" WIDTH="100" VPOS="3162" HPOS="2326"/>
</TextLine>
<TextLine HEIGHT="50" WIDTH="709" VPOS="3220" HPOS="480">
<String CONTENT="Bibliography:" HEIGHT="50" WIDTH="383" VPOS="3220" HPOS="480"/>
<SP HEIGHT="38" WIDTH="29" VPOS="3231" HPOS="864"/>
<String CONTENT="p." HEIGHT="38" WIDTH="45" VPOS="3231" HPOS="894"/>
<SP HEIGHT="41" WIDTH="28" VPOS="3221" HPOS="940"/>
<String CONTENT="313-315." HEIGHT="41" WIDTH="220" VPOS="3221" HPOS="969"/>
</TextLine>
<TextLine HEIGHT="59" WIDTH="2017" VPOS="3286" HPOS="408">
<String CONTENT="&#169;" HEIGHT="53" WIDTH="53" VPOS="3288" HPOS="408"/>
<SP HEIGHT="53" WIDTH="23" VPOS="3288" HPOS="462"/>
<String CONTENT="July" HEIGHT="46" WIDTH="116" VPOS="3293" HPOS="486"/>
<SP HEIGHT="47" WIDTH="20" VPOS="3292" HPOS="603"/>
<String CONTENT="31," HEIGHT="48" WIDTH="72" VPOS="3292" HPOS="624"/>
<SP HEIGHT="48" WIDTH="22" VPOS="3292" HPOS="697"/>
<String CONTENT="1936" HEIGHT="42" WIDTH="115" VPOS="3291" HPOS="720"/>
<SP HEIGHT="47" WIDTH="16" VPOS="3292" HPOS="836"/>
<String CONTENT=";" HEIGHT="36" WIDTH="9" VPOS="3303" HPOS="853"/>
<SP HEIGHT="48" WIDTH="25" VPOS="3291" HPOS="863"/>
<String CONTENT="2c." HEIGHT="42" WIDTH="68" VPOS="3291" HPOS="889"/>
<SP HEIGHT="41" WIDTH="24" VPOS="3292" HPOS="958"/>
<String CONTENT="Aug." HEIGHT="48" WIDTH="120" VPOS="3292" HPOS="983"/>
<SP HEIGHT="41" WIDTH="26" VPOS="3292" HPOS="1104"/>
<String CONTENT="5" HEIGHT="40" WIDTH="25" VPOS="3292" HPOS="1131"/>
<SP HEIGHT="47" WIDTH="17" VPOS="3292" HPOS="1157"/>
<String CONTENT=";" HEIGHT="36" WIDTH="9" VPOS="3303" HPOS="1175"/>
<SP HEIGHT="38" WIDTH="27" VPOS="3301" HPOS="1185"/>
<String CONTENT="aff." HEIGHT="42" WIDTH="82" VPOS="3291" HPOS="1213"/>
<SP HEIGHT="42" WIDTH="23" VPOS="3291" HPOS="1296"/>
<String CONTENT="Aug." HEIGHT="48" WIDTH="121" VPOS="3291" HPOS="1320"/>
<SP HEIGHT="41" WIDTH="22" VPOS="3291" HPOS="1442"/>
<String CONTENT="6" HEIGHT="40" WIDTH="27" VPOS="3291" HPOS="1465"/>
<SP HEIGHT="47" WIDTH="14" VPOS="3291" HPOS="1493"/>
<String CONTENT=";" HEIGHT="36" WIDTH="10" VPOS="3302" HPOS="1508"/>
<SP HEIGHT="46" WIDTH="26" VPOS="3292" HPOS="1519"/>
<!-- cceid A4538EEA-6E3A-1014-83DD-942C093A1DD9 --><String CONTENT="A" HEIGHT="38" WIDTH="41" VPOS="3292" HPOS="1546"/>
<SP HEIGHT="41" WIDTH="22" VPOS="3289" HPOS="1588"/>
<String CONTENT="97261" HEIGHT="43" WIDTH="146" VPOS="3289" HPOS="1611"/>
<SP HEIGHT="52" WIDTH="14" VPOS="3289" HPOS="1758"/>
<String CONTENT=";" HEIGHT="39" WIDTH="12" VPOS="3302" HPOS="1773"/>
<SP HEIGHT="49" WIDTH="25" VPOS="3292" HPOS="1786"/>
<String CONTENT="McGraw-Hill" HEIGHT="41" WIDTH="355" VPOS="3290" HPOS="1812"/>
<SP HEIGHT="40" WIDTH="24" VPOS="3290" HPOS="2168"/>
<String CONTENT="book" HEIGHT="42" WIDTH="126" VPOS="3289" HPOS="2193"/>
<SP HEIGHT="40" WIDTH="21" VPOS="3290" HPOS="2320"/>
<String CONTENT="co.," HEIGHT="39" WIDTH="83" VPOS="3300" HPOS="2342"/>
</TextLine>
<TextLine HEIGHT="51" WIDTH="439" VPOS="3348" HPOS="477">
<String CONTENT="inc." HEIGHT="42" WIDTH="92" VPOS="3349" HPOS="477"/>
<SP HEIGHT="49" WIDTH="62" VPOS="3349" HPOS="570"/>
<String CONTENT="(36-20376)" HEIGHT="51" WIDTH="283" VPOS="3348" HPOS="633"/>
</TextLine>
<TextLine HEIGHT="69" WIDTH="954" VPOS="3452" HPOS="406" STYLEREFS="StyleId-C66A8368-8ED5-4C8A-846C-E0D675D7DC83-">
<String CONTENT="Singer," HEIGHT="66" WIDTH="230" VPOS="3453" HPOS="406"/>
<SP HEIGHT="64" WIDTH="31" VPOS="3455" HPOS="637"/>
<String CONTENT="Edgar" HEIGHT="63" WIDTH="204" VPOS="3455" HPOS="669"/>
<SP HEIGHT="54" WIDTH="25" VPOS="3453" HPOS="874"/>
<String CONTENT="Arthur," HEIGHT="64" WIDTH="254" VPOS="3453" HPOS="900"/>
<SP HEIGHT="58" WIDTH="32" VPOS="3459" HPOS="1155"/>
<String CONTENT="1873-" HEIGHT="56" WIDTH="172" VPOS="3454" HPOS="1188"/>
</TextLine>
<TextLine HEIGHT="80" WIDTH="1940" VPOS="3522" HPOS="480" STYLEREFS="StyleId-C66A8368-8ED5-4C8A-846C-E0D675D7DC83-" CS="1">
<String CONTENT="On" HEIGHT="57" WIDTH="92" VPOS="3528" HPOS="480"/>
<SP HEIGHT="48" WIDTH="40" VPOS="3536" HPOS="573"/>
<String CONTENT="the" HEIGHT="54" WIDTH="95" VPOS="3530" HPOS="614"/>
<SP HEIGHT="36" WIDTH="40" VPOS="3548" HPOS="710"/>
<String CONTENT="contented" HEIGHT="56" WIDTH="301" VPOS="3529" HPOS="751"/>
<SP HEIGHT="53" WIDTH="40" VPOS="3530" HPOS="1053"/>
<String CONTENT="life," HEIGHT="71" WIDTH="125" VPOS="3528" HPOS="1094"/>
<SP HEIGHT="72" WIDTH="42" VPOS="3528" HPOS="1220"/>
<String CONTENT="by" HEIGHT="70" WIDTH="76" VPOS="3529" HPOS="1263"/>
<SP HEIGHT="70" WIDTH="41" VPOS="3529" HPOS="1340"/>
<String CONTENT="Edgar" HEIGHT="70" WIDTH="202" VPOS="3528" HPOS="1382"/>
<SP HEIGHT="55" WIDTH="42" VPOS="3527" HPOS="1585"/>
<String CONTENT="A." HEIGHT="56" WIDTH="72" VPOS="3527" HPOS="1628"/>
<SP HEIGHT="57" WIDTH="44" VPOS="3526" HPOS="1701"/>
<String CONTENT="Singer," HEIGHT="73" WIDTH="227" VPOS="3526" HPOS="1746"/>
<SP HEIGHT="73" WIDTH="40" VPOS="3526" HPOS="1974"/>
<String CONTENT="jr." HEIGHT="71" WIDTH="73" VPOS="3526" HPOS="2015"/>
<SP HEIGHT="12" WIDTH="47" VPOS="3570" HPOS="2089"/>
<String CS="1" CONTENT="&#8230;"/>
<SP HEIGHT="56" WIDTH="84" VPOS="3525" HPOS="2195"/>
<String CONTENT="New" HEIGHT="55" WIDTH="140" VPOS="3526" HPOS="2280"/>
</TextLine>
<TextLine HEIGHT="71" WIDTH="1119" VPOS="3607" HPOS="413" STYLEREFS="StyleId-C66A8368-8ED5-4C8A-846C-E0D675D7DC83-" CS="1">
<String CONTENT="York." HEIGHT="54" WIDTH="176" VPOS="3609" HPOS="413"/>
<SP HEIGHT="54" WIDTH="25" VPOS="3609" HPOS="590"/>
<String CONTENT="H." HEIGHT="53" WIDTH="78" VPOS="3609" HPOS="616"/>
<SP HEIGHT="54" WIDTH="25" VPOS="3608" HPOS="695"/>
<String CONTENT="Holt" HEIGHT="54" WIDTH="146" VPOS="3608" HPOS="721"/>
<SP HEIGHT="49" WIDTH="28" VPOS="3613" HPOS="868"/>
<String CONTENT="and" HEIGHT="53" WIDTH="113" VPOS="3609" HPOS="897"/>
<SP HEIGHT="53" WIDTH="27" VPOS="3609" HPOS="1011"/>
<String CONTENT="company" HEIGHT="53" WIDTH="284" VPOS="3625" HPOS="1039"/>
<SP HEIGHT="50" WIDTH="31" VPOS="3627" HPOS="1324"/>
<String CS="1" CONTENT="["/>
<String STYLE="superscript" CONTENT="c" HEIGHT="23" WIDTH="18" VPOS="3613" HPOS="1373"/>
<String CS="1" CONTENT="1936]" HEIGHT="52" WIDTH="135" VPOS="3609" HPOS="1397"/>
</TextLine>
<TextLine HEIGHT="52" WIDTH="621" VPOS="3680" HPOS="478" STYLEREFS="StyleId-C66A8368-8ED5-4C8A-846C-E0D675D7DC83-" CS="1">
<String CONTENT="6" HEIGHT="41" WIDTH="30" VPOS="3682" HPOS="478"/>
<SP HEIGHT="49" WIDTH="21" VPOS="3682" HPOS="508"/>
<String CONTENT="p." HEIGHT="38" WIDTH="45" VPOS="3693" HPOS="529"/>
<SP/>
<String CS="1" CONTENT="l.," HEIGHT="14" WIDTH="8" VPOS="3714" HPOS="640"/>
<SP HEIGHT="46" WIDTH="24" VPOS="3682" HPOS="649"/>
<String CONTENT="3-271" HEIGHT="43" WIDTH="147" VPOS="3681" HPOS="673"/>
<SP HEIGHT="48" WIDTH="25" VPOS="3682" HPOS="820"/>
<String CONTENT="p." HEIGHT="38" WIDTH="45" VPOS="3692" HPOS="845"/>
<SP HEIGHT="41" WIDTH="60" VPOS="3681" HPOS="890"/>
<String CS="1" CONTENT="20&#189;" HEIGHT="41" WIDTH="58" VPOS="3681" HPOS="950"/>
<String STYLE="superscript" CS="1" CONTENT="cm" HEIGHT="22" WIDTH="17" VPOS="3684" HPOS="1040"/>
<String CONTENT="." HEIGHT="9" WIDTH="9" VPOS="3715" HPOS="1089"/>
</TextLine>
<TextLine HEIGHT="52" WIDTH="1670" VPOS="3744" HPOS="749" CS="1">
<String CS="1" CONTENT="CONTENTS.&#8212;I." HEIGHT="34" WIDTH="106" VPOS="3758" HPOS="749"/>
<SP HEIGHT="42" WIDTH="28" VPOS="3750" HPOS="856"/>
<String CONTENT="On" HEIGHT="42" WIDTH="74" VPOS="3750" HPOS="885"/>
<SP HEIGHT="40" WIDTH="26" VPOS="3753" HPOS="960"/>
<String CONTENT="the" HEIGHT="40" WIDTH="84" VPOS="3753" HPOS="987"/>
<SP HEIGHT="31" WIDTH="26" VPOS="3762" HPOS="1072"/>
<String CONTENT="contented" HEIGHT="42" WIDTH="258" VPOS="3752" HPOS="1099"/>
<SP HEIGHT="40" WIDTH="29" VPOS="3752" HPOS="1358"/>
<String CONTENT="life" HEIGHT="40" WIDTH="88" VPOS="3751" HPOS="1388"/>
<SP HEIGHT="30" WIDTH="15" VPOS="3761" HPOS="1477"/>
<String CONTENT=":" HEIGHT="30" WIDTH="9" VPOS="3761" HPOS="1493"/>
<SP HEIGHT="41" WIDTH="29" VPOS="3750" HPOS="1503"/>
<String CONTENT="Esthetic" HEIGHT="42" WIDTH="223" VPOS="3749" HPOS="1533"/>
<SP HEIGHT="32" WIDTH="31" VPOS="3759" HPOS="1757"/>
<String CONTENT="and" HEIGHT="40" WIDTH="93" VPOS="3751" HPOS="1789"/>
<SP HEIGHT="39" WIDTH="31" VPOS="3751" HPOS="1883"/>
<String CONTENT="the" HEIGHT="39" WIDTH="82" VPOS="3751" HPOS="1915"/>
<SP HEIGHT="31" WIDTH="32" VPOS="3759" HPOS="1998"/>
<String CONTENT="rational" HEIGHT="41" WIDTH="210" VPOS="3748" HPOS="2031"/>
<SP HEIGHT="40" WIDTH="32" VPOS="3748" HPOS="2242"/>
<String CONTENT="ideal." HEIGHT="41" WIDTH="144" VPOS="3748" HPOS="2275"/>
</TextLine>
<TextLine HEIGHT="58" WIDTH="2007" VPOS="3802" HPOS="412">
<String CONTENT="Progress." HEIGHT="49" WIDTH="242" VPOS="3807" HPOS="412"/>
<SP HEIGHT="45" WIDTH="58" VPOS="3807" HPOS="655"/>
<String CONTENT="On" HEIGHT="43" WIDTH="72" VPOS="3807" HPOS="714"/>
<SP HEIGHT="30" WIDTH="26" VPOS="3819" HPOS="787"/>
<String CONTENT="a" HEIGHT="30" WIDTH="28" VPOS="3819" HPOS="814"/>
<SP HEIGHT="38" WIDTH="29" VPOS="3819" HPOS="843"/>
<String CONTENT="possible" HEIGHT="49" WIDTH="210" VPOS="3808" HPOS="873"/>
<SP HEIGHT="30" WIDTH="30" VPOS="3819" HPOS="1084"/>
<String CONTENT="science" HEIGHT="43" WIDTH="186" VPOS="3808" HPOS="1115"/>
<SP HEIGHT="32" WIDTH="28" VPOS="3819" HPOS="1302"/>
<String CONTENT="of" HEIGHT="41" WIDTH="53" VPOS="3808" HPOS="1331"/>
<SP HEIGHT="40" WIDTH="29" VPOS="3808" HPOS="1385"/>
<String CONTENT="religion." HEIGHT="49" WIDTH="216" VPOS="3807" HPOS="1415"/>
<SP HEIGHT="42" WIDTH="61" VPOS="3806" HPOS="1632"/>
<String CONTENT="On" HEIGHT="43" WIDTH="71" VPOS="3806" HPOS="1694"/>
<SP HEIGHT="39" WIDTH="32" VPOS="3809" HPOS="1766"/>
<String CONTENT="the" HEIGHT="40" WIDTH="83" VPOS="3807" HPOS="1799"/>
<SP HEIGHT="30" WIDTH="28" VPOS="3817" HPOS="1883"/>
<String CONTENT="contented" HEIGHT="41" WIDTH="255" VPOS="3806" HPOS="1912"/>
<SP HEIGHT="40" WIDTH="33" VPOS="3805" HPOS="2168"/>
<String CONTENT="life.&#8212;II." HEIGHT="42" WIDTH="217" VPOS="3805" HPOS="2202"/>
</TextLine>
<TextLine HEIGHT="59" WIDTH="2007" VPOS="3857" HPOS="412">
<String LANG="en-US" CONTENT="By" HEIGHT="47" WIDTH="69" VPOS="3863" HPOS="412"/>
<SP HEIGHT="36" WIDTH="22" VPOS="3874" HPOS="482"/>
<String LANG="en-US" CONTENT="way" HEIGHT="37" WIDTH="108" VPOS="3875" HPOS="505"/>
<SP HEIGHT="36" WIDTH="21" VPOS="3876" HPOS="614"/>
<String LANG="en-US" CONTENT="of" HEIGHT="40" WIDTH="54" VPOS="3866" HPOS="636"/>
<SP HEIGHT="39" WIDTH="20" VPOS="3866" HPOS="691"/>
<String LANG="en-US" CONTENT="illustration" HEIGHT="42" WIDTH="304" VPOS="3864" HPOS="712"/>
<SP HEIGHT="30" WIDTH="16" VPOS="3876" HPOS="1017"/>
<String LANG="en-US" CONTENT=":" HEIGHT="30" WIDTH="9" VPOS="3876" HPOS="1034"/>
<SP HEIGHT="42" WIDTH="23" VPOS="3864" HPOS="1044"/>
<String LANG="de" CONTENT="Confessio" HEIGHT="43" WIDTH="255" VPOS="3864" HPOS="1068"/>
<SP HEIGHT="38" WIDTH="25" VPOS="3875" HPOS="1324"/>
<String LANG="en-US" CONTENT="philosophi." HEIGHT="50" WIDTH="290" VPOS="3863" HPOS="1350"/>
<SP HEIGHT="41" WIDTH="52" VPOS="3864" HPOS="1641"/>
<String LANG="de" CONTENT="Royce" HEIGHT="48" WIDTH="160" VPOS="3864" HPOS="1694"/>
<SP HEIGHT="30" WIDTH="24" VPOS="3874" HPOS="1855"/>
<String LANG="en-US" CONTENT="on" HEIGHT="29" WIDTH="59" VPOS="3875" HPOS="1880"/>
<SP HEIGHT="40" WIDTH="24" VPOS="3864" HPOS="1940"/>
<String LANG="en-US" CONTENT="love" HEIGHT="40" WIDTH="106" VPOS="3864" HPOS="1965"/>
<SP HEIGHT="29" WIDTH="24" VPOS="3875" HPOS="2072"/>
<String LANG="en-US" CONTENT="and" HEIGHT="40" WIDTH="95" VPOS="3864" HPOS="2097"/>
<SP HEIGHT="41" WIDTH="26" VPOS="3863" HPOS="2193"/>
<String LANG="en-US" CONTENT="loyalty." HEIGHT="50" WIDTH="199" VPOS="3860" HPOS="2220"/>
</TextLine>
<TextLine HEIGHT="51" WIDTH="1325" VPOS="3919" HPOS="411">
<String CONTENT="Mysticism" HEIGHT="47" WIDTH="272" VPOS="3921" HPOS="411"/>
<SP HEIGHT="30" WIDTH="17" VPOS="3933" HPOS="684"/>
<String CONTENT=":" HEIGHT="30" WIDTH="9" VPOS="3933" HPOS="702"/>
<SP HEIGHT="30" WIDTH="26" VPOS="3933" HPOS="712"/>
<String CONTENT="a" HEIGHT="31" WIDTH="28" VPOS="3933" HPOS="739"/>
<SP HEIGHT="32" WIDTH="26" VPOS="3932" HPOS="768"/>
<String CONTENT="contrast." HEIGHT="39" WIDTH="233" VPOS="3924" HPOS="795"/>
<SP HEIGHT="42" WIDTH="56" VPOS="3921" HPOS="1029"/>
<String CONTENT="Old" HEIGHT="41" WIDTH="90" VPOS="3921" HPOS="1086"/>
<SP HEIGHT="39" WIDTH="25" VPOS="3923" HPOS="1177"/>
<String CONTENT="magic" HEIGHT="50" WIDTH="157" VPOS="3920" HPOS="1203"/>
<SP HEIGHT="31" WIDTH="25" VPOS="3932" HPOS="1361"/>
<String CONTENT="and" HEIGHT="40" WIDTH="96" VPOS="3922" HPOS="1387"/>
<SP HEIGHT="40" WIDTH="25" VPOS="3922" HPOS="1484"/>
<String CONTENT="new" HEIGHT="31" WIDTH="107" VPOS="3931" HPOS="1510"/>
<SP HEIGHT="30" WIDTH="25" VPOS="3931" HPOS="1618"/>
<String CONTENT="art." HEIGHT="39" WIDTH="92" VPOS="3923" HPOS="1644"/>
</TextLine>
<TextLine HEIGHT="61" WIDTH="2015" VPOS="3985" HPOS="406">
<String CONTENT="&#169;" HEIGHT="53" WIDTH="54" VPOS="3989" HPOS="406"/>
<SP HEIGHT="53" WIDTH="30" VPOS="3989" HPOS="461"/>
<String CONTENT="Sept." HEIGHT="47" WIDTH="128" VPOS="3994" HPOS="492"/>
<SP HEIGHT="40" WIDTH="28" VPOS="3995" HPOS="621"/>
<String CONTENT="10," HEIGHT="47" WIDTH="69" VPOS="3994" HPOS="650"/>
<SP HEIGHT="47" WIDTH="28" VPOS="3994" HPOS="720"/>
<String CONTENT="1936" HEIGHT="43" WIDTH="118" VPOS="3992" HPOS="749"/>
<SP HEIGHT="47" WIDTH="12" VPOS="3995" HPOS="868"/>
<String CONTENT=";" HEIGHT="37" WIDTH="10" VPOS="4005" HPOS="881"/>
<SP HEIGHT="48" WIDTH="27" VPOS="3994" HPOS="892"/>
<String CONTENT="2c." HEIGHT="40" WIDTH="68" VPOS="3994" HPOS="920"/>
<SP HEIGHT="29" WIDTH="29" VPOS="4004" HPOS="989"/>
<String CONTENT="and" HEIGHT="40" WIDTH="95" VPOS="3993" HPOS="1019"/>
<SP HEIGHT="40" WIDTH="28" VPOS="3993" HPOS="1115"/>
<String CONTENT="aff." HEIGHT="40" WIDTH="82" VPOS="3993" HPOS="1144"/>
<SP HEIGHT="42" WIDTH="32" VPOS="3992" HPOS="1227"/>
<String CONTENT="Sept." HEIGHT="49" WIDTH="129" VPOS="3993" HPOS="1260"/>
<SP HEIGHT="40" WIDTH="23" VPOS="3995" HPOS="1390"/>
<String CONTENT="19;" HEIGHT="50" WIDTH="83" VPOS="3992" HPOS="1414"/>
<SP HEIGHT="49" WIDTH="29" VPOS="3993" HPOS="1498"/>
<!-- cceid A453DA6B-6E3A-1014-83DD-942C093A1DD9 --><String CONTENT="A" HEIGHT="40" WIDTH="42" VPOS="3993" HPOS="1528"/>
<SP HEIGHT="41" WIDTH="25" VPOS="3992" HPOS="1571"/>
<String CONTENT="97934;" HEIGHT="48" WIDTH="173" VPOS="3992" HPOS="1597"/>
<SP HEIGHT="47" WIDTH="33" VPOS="3993" HPOS="1771"/>
<String CONTENT="Henry" HEIGHT="46" WIDTH="169" VPOS="3993" HPOS="1805"/>
<SP HEIGHT="46" WIDTH="28" VPOS="3993" HPOS="1975"/>
<String CONTENT="Holt" HEIGHT="39" WIDTH="120" VPOS="3992" HPOS="2004"/>
<SP HEIGHT="40" WIDTH="28" VPOS="3992" HPOS="2125"/>
<String CONTENT="&amp;" HEIGHT="40" WIDTH="36" VPOS="3992" HPOS="2154"/>
<SP HEIGHT="40" WIDTH="25" VPOS="3992" HPOS="2191"/>
<String CONTENT="co.," HEIGHT="39" WIDTH="82" VPOS="4000" HPOS="2217"/>
<SP HEIGHT="50" WIDTH="28" VPOS="3989" HPOS="2300"/>
<String CONTENT="inc." HEIGHT="41" WIDTH="92" VPOS="3989" HPOS="2329"/>
</TextLine>
<TextLine HEIGHT="55" WIDTH="283" VPOS="4047" HPOS="486">
<String CONTENT="(36-20231)" HEIGHT="55" WIDTH="283" VPOS="4047" HPOS="486"/>
</TextLine>
</TextBlock>
</PrintSpace>
</Page>
</Layout>
</alto>