<alto xmlns="http://www.loc.gov/standards/alto/ns-v3#" xmlns:xlink="http://www.w3.org/1999/xlink" xmlns:xsi="http://www.w3.org/2001/XMLSchema-instance" xsi:schemaLocation="http://www.loc.gov/standards/alto/ns-v3# http://www.loc.gov/alto/v3/alto-3-0.xsd"><Description>
<MeasurementUnit>pixel</MeasurementUnit>
<sourceImageInformation>
<fileName>1936_v33_Part1.pdf</fileName>
</sourceImageInformation>
<OCRProcessing ID="IdOcr">
<ocrProcessingStep>
<processingDateTime>2019-01-18</processingDateTime>
<processingSoftware>
<softwareCreator>ABBYY</softwareCreator>
<softwareName>ABBYY Recognition Server</softwareName>
<softwareVersion>4.0</softwareVersion>
</processingSoftware>
</ocrProcessingStep>
</OCRProcessing>
</Description>
<Styles>
<ParagraphStyle ID="StyleId-FFFFFFFF-FFFF-FFFF-FFFF-FFFFFFFFFFFF-" ALIGN="Left" LEFT="0." RIGHT="0." FIRSTLINE="0."/>
<ParagraphStyle ID="StyleId-51D50FAC-7A90-4D70-8A96-5EA9D46D1C8B-" ALIGN="Left" LEFT="0." RIGHT="0." FIRSTLINE="0." LINESPACE="7.699999809"/>
<ParagraphStyle ID="StyleId-6BC133E9-7DCB-43C3-8842-A67984A26405-" ALIGN="Block" LEFT="0." RIGHT="0." FIRSTLINE="-17." LINESPACE="8.340000153"/>
<ParagraphStyle ID="StyleId-3C3FF860-43E7-46A2-8934-48F305F6F0D6-" ALIGN="Left" LEFT="0." RIGHT="0." FIRSTLINE="-13." LINESPACE="11.06999969"/>
<ParagraphStyle ID="StyleId-19220C76-4F8A-4737-B38C-B5F5C17E6040-" ALIGN="Block" LEFT="0." RIGHT="0." FIRSTLINE="-13." LINESPACE="11.06999969"/>
<ParagraphStyle ID="StyleId-75A0D721-13ED-4F20-9002-B389EC48477D-" ALIGN="Left" LEFT="0." RIGHT="0." FIRSTLINE="0." LINESPACE="15.5"/>
<ParagraphStyle ID="StyleId-8A414184-C7A5-4AC7-9B88-7DA4DDE75922-" ALIGN="Left" LEFT="0." RIGHT="0." FIRSTLINE="0." LINESPACE="9.399999619"/>
<ParagraphStyle ID="StyleId-1A87970B-111C-4169-99A6-9412976F3C97-" ALIGN="Left" LEFT="0." RIGHT="0." FIRSTLINE="0." LINESPACE="10.5"/>
<ParagraphStyle ID="StyleId-72DB0571-5AE4-41FD-9E11-68C6AC4C437E-" ALIGN="Block" LEFT="0." RIGHT="0." FIRSTLINE="-17." LINESPACE="8.340000153"/>
<ParagraphStyle ID="StyleId-1AA43056-C388-4697-B10F-72FDAA38FAE1-" ALIGN="Center" LEFT="0." RIGHT="0." FIRSTLINE="0." LINESPACE="10.5"/>
</Styles>
<Layout>
<Page ID="Page1117" PHYSICAL_IMG_NR="1117" HEIGHT="4377" WIDTH="2519">
<TopMargin HEIGHT="472" WIDTH="2519" VPOS="0" HPOS="0">
</TopMargin>
<LeftMargin HEIGHT="3696" WIDTH="94" VPOS="472" HPOS="0">
</LeftMargin>
<RightMargin HEIGHT="3696" WIDTH="401" VPOS="472" HPOS="2118">
</RightMargin>
<BottomMargin HEIGHT="209" WIDTH="2519" VPOS="4168" HPOS="0">
</BottomMargin>
<PrintSpace HEIGHT="3696" WIDTH="2024" VPOS="472" HPOS="94">
<TextBlock ID="Page1117_Block1" HEIGHT="72" WIDTH="154" VPOS="4096" HPOS="1030" LANG="en-US" STYLEREFS="StyleId-BA2ED66E-5FF8-4ADD-A67D-D010C52DC429-">
<TextLine HEIGHT="52" WIDTH="133" VPOS="4107" HPOS="1041">
<String CONTENT="1117" HEIGHT="52" WIDTH="133" VPOS="4107" HPOS="1041"/>
</TextLine>
</TextBlock>
<TextBlock ID="Page1117_Block2" HEIGHT="3630" WIDTH="2024" VPOS="472" HPOS="94" LANG="en-US" CS="1" STYLEREFS="StyleId-11F24EEC-A92E-48C6-8401-5B63C38B9EE4-">
<TextLine HEIGHT="65" WIDTH="330" VPOS="482" HPOS="104" STYLEREFS="StyleId-1CBFCED1-8531-46A2-88BF-6C389A379EA9-">
<String CONTENT="Euripides." HEIGHT="65" WIDTH="330" VPOS="482" HPOS="104"/>
</TextLine>
<TextLine HEIGHT="71" WIDTH="1921" VPOS="565" HPOS="175" STYLEREFS="StyleId-84AA5236-8DB8-4033-944A-974E0C00C3F0-">
<String CONTENT="The" HEIGHT="52" WIDTH="121" VPOS="572" HPOS="175"/>
<SP HEIGHT="54" WIDTH="36" VPOS="570" HPOS="297"/>
<String CONTENT="Alcestis" HEIGHT="55" WIDTH="244" VPOS="570" HPOS="334"/>
<SP HEIGHT="36" WIDTH="37" VPOS="589" HPOS="579"/>
<String CONTENT="of" HEIGHT="53" WIDTH="65" VPOS="570" HPOS="617"/>
<SP HEIGHT="52" WIDTH="36" VPOS="570" HPOS="683"/>
<String CONTENT="Euripides;" HEIGHT="68" WIDTH="337" VPOS="568" HPOS="720"/>
<SP HEIGHT="49" WIDTH="40" VPOS="587" HPOS="1058"/>
<String CONTENT="an" HEIGHT="33" WIDTH="72" VPOS="588" HPOS="1099"/>
<SP HEIGHT="52" WIDTH="37" VPOS="569" HPOS="1172"/>
<String CONTENT="English" HEIGHT="69" WIDTH="244" VPOS="567" HPOS="1210"/>
<SP HEIGHT="52" WIDTH="37" VPOS="567" HPOS="1455"/>
<String CONTENT="version" HEIGHT="54" WIDTH="223" VPOS="565" HPOS="1493"/>
<SP HEIGHT="52" WIDTH="34" VPOS="566" HPOS="1717"/>
<String CONTENT="by" HEIGHT="68" WIDTH="75" VPOS="566" HPOS="1752"/>
<SP HEIGHT="67" WIDTH="37" VPOS="567" HPOS="1828"/>
<String CONTENT="Dudley" HEIGHT="68" WIDTH="230" VPOS="566" HPOS="1866"/>
</TextLine>
<TextLine HEIGHT="71" WIDTH="1988" VPOS="644" HPOS="108" STYLEREFS="StyleId-84AA5236-8DB8-4033-944A-974E0C00C3F0-">
<String CONTENT="Fitts" HEIGHT="53" WIDTH="149" VPOS="650" HPOS="108"/>
<SP HEIGHT="36" WIDTH="39" VPOS="667" HPOS="258"/>
<String CONTENT="and" HEIGHT="52" WIDTH="112" VPOS="649" HPOS="298"/>
<SP HEIGHT="53" WIDTH="38" VPOS="648" HPOS="411"/>
<String CONTENT="Robert" HEIGHT="53" WIDTH="215" VPOS="648" HPOS="450"/>
<SP HEIGHT="53" WIDTH="40" VPOS="648" HPOS="666"/>
<String CONTENT="Fitzgerald;" HEIGHT="69" WIDTH="358" VPOS="646" HPOS="707"/>
<SP HEIGHT="48" WIDTH="43" VPOS="665" HPOS="1066"/>
<String CONTENT="with" HEIGHT="54" WIDTH="139" VPOS="645" HPOS="1110"/>
<SP HEIGHT="52" WIDTH="39" VPOS="646" HPOS="1250"/>
<String CONTENT="decorations" HEIGHT="54" WIDTH="353" VPOS="645" HPOS="1290"/>
<SP HEIGHT="53" WIDTH="37" VPOS="644" HPOS="1644"/>
<String CONTENT="by" HEIGHT="68" WIDTH="74" VPOS="644" HPOS="1682"/>
<SP HEIGHT="67" WIDTH="40" VPOS="645" HPOS="1757"/>
<String CONTENT="Elizabeth" HEIGHT="53" WIDTH="298" VPOS="644" HPOS="1798"/>
</TextLine>
<TextLine HEIGHT="71" WIDTH="1884" VPOS="723" HPOS="109" STYLEREFS="StyleId-84AA5236-8DB8-4033-944A-974E0C00C3F0-">
<String CONTENT="Ewing." HEIGHT="68" WIDTH="221" VPOS="726" HPOS="109"/>
<SP HEIGHT="53" WIDTH="68" VPOS="725" HPOS="331"/>
<String CONTENT="New" HEIGHT="53" WIDTH="138" VPOS="725" HPOS="400"/>
<SP HEIGHT="52" WIDTH="33" VPOS="725" HPOS="539"/>
<String CONTENT="York," HEIGHT="69" WIDTH="180" VPOS="724" HPOS="573"/>
<SP HEIGHT="68" WIDTH="31" VPOS="725" HPOS="754"/>
<String LANG="fr" CONTENT="Harcourt," HEIGHT="66" WIDTH="309" VPOS="725" HPOS="786"/>
<SP HEIGHT="67" WIDTH="30" VPOS="724" HPOS="1096"/>
<String CONTENT="Brace" HEIGHT="53" WIDTH="181" VPOS="724" HPOS="1127"/>
<SP HEIGHT="34" WIDTH="30" VPOS="742" HPOS="1309"/>
<String CONTENT="and" HEIGHT="53" WIDTH="113" VPOS="723" HPOS="1340"/>
<SP HEIGHT="53" WIDTH="29" VPOS="723" HPOS="1454"/>
<String CONTENT="company" HEIGHT="51" WIDTH="280" VPOS="740" HPOS="1484"/>
<SP HEIGHT="51" WIDTH="35" VPOS="740" HPOS="1765"/>
<String STYLE="subscript" CONTENT="[" HEIGHT="34" WIDTH="13" VPOS="755" HPOS="1801"/>
<String STYLE="superscript" CONTENT="c" HEIGHT="22" WIDTH="18" VPOS="729" HPOS="1818"/>
<String CONTENT="1936]" HEIGHT="64" WIDTH="151" VPOS="726" HPOS="1842"/>
</TextLine>
<TextLine HEIGHT="51" WIDTH="900" VPOS="809" HPOS="178" STYLEREFS="StyleId-84AA5236-8DB8-4033-944A-974E0C00C3F0-" CS="1">
<String LANG="en-US" CONTENT="6" HEIGHT="40" WIDTH="27" VPOS="811" HPOS="178"/>
<SP HEIGHT="49" WIDTH="24" VPOS="811" HPOS="206"/>
<String LANG="fr" CS="1" CONTENT="p."/>
<SP/>
<String LANG="fr" CS="1" CONTENT="l."/>
<String LANG="en-US" CONTENT="," HEIGHT="16" WIDTH="9" VPOS="842" HPOS="337"/>
<SP HEIGHT="46" WIDTH="26" VPOS="812" HPOS="347"/>
<String LANG="en-US" CONTENT="3-91" HEIGHT="42" WIDTH="113" VPOS="810" HPOS="374"/>
<SP HEIGHT="48" WIDTH="26" VPOS="811" HPOS="488"/>
<String LANG="fr" CONTENT="p.," HEIGHT="38" WIDTH="57" VPOS="821" HPOS="515"/>
<SP HEIGHT="49" WIDTH="27" VPOS="810" HPOS="573"/>
<String LANG="en-US" CONTENT="1" HEIGHT="39" WIDTH="24" VPOS="810" HPOS="601"/>
<SP HEIGHT="39" WIDTH="26" VPOS="810" HPOS="626"/>
<String LANG="en-US" CS="1" CONTENT="l." HEIGHT="9" WIDTH="8" VPOS="842" HPOS="676"/>
<SP HEIGHT="41" WIDTH="58" VPOS="810" HPOS="685"/>
<String LANG="en-US" CONTENT="illus." HEIGHT="41" WIDTH="127" VPOS="810" HPOS="744"/>
<SP HEIGHT="41" WIDTH="58" VPOS="810" HPOS="872"/>
<String LANG="en-US" CS="1" CONTENT="22&#189;" HEIGHT="40" WIDTH="57" VPOS="809" HPOS="931"/>
<String STYLE="superscript" LANG="en-US" CONTENT="cm" HEIGHT="21" WIDTH="44" VPOS="812" HPOS="1020"/>
<String LANG="en-US" CONTENT="." HEIGHT="10" WIDTH="10" VPOS="841" HPOS="1068"/>
</TextLine>
<TextLine HEIGHT="42" WIDTH="418" VPOS="880" HPOS="180">
<String CONTENT="&#8220;First" HEIGHT="40" WIDTH="161" VPOS="881" HPOS="180"/>
<SP HEIGHT="39" WIDTH="29" VPOS="882" HPOS="342"/>
<String CONTENT="edition.&#8221;" HEIGHT="42" WIDTH="226" VPOS="880" HPOS="372"/>
</TextLine>
<TextLine HEIGHT="54" WIDTH="1995" VPOS="945" HPOS="107" CS="1">
<String CONTENT="&#169;" HEIGHT="54" WIDTH="52" VPOS="945" HPOS="107"/>
<SP HEIGHT="54" WIDTH="29" VPOS="945" HPOS="160"/>
<String CONTENT="Aug." HEIGHT="48" WIDTH="118" VPOS="950" HPOS="190"/>
<SP HEIGHT="39" WIDTH="33" VPOS="951" HPOS="309"/>
<String CONTENT="13," HEIGHT="48" WIDTH="68" VPOS="950" HPOS="343"/>
<SP HEIGHT="47" WIDTH="33" VPOS="951" HPOS="412"/>
<String CS="1" CONTENT="1936;" HEIGHT="40" WIDTH="112" VPOS="950" HPOS="446"/>
<SP HEIGHT="50" WIDTH="32" VPOS="948" HPOS="586"/>
<String CONTENT="2c." HEIGHT="43" WIDTH="69" VPOS="948" HPOS="619"/>
<SP HEIGHT="40" WIDTH="30" VPOS="951" HPOS="689"/>
<String CONTENT="Aug." HEIGHT="47" WIDTH="119" VPOS="951" HPOS="720"/>
<SP HEIGHT="41" WIDTH="33" VPOS="951" HPOS="840"/>
<String CONTENT="15;" HEIGHT="47" WIDTH="81" VPOS="950" HPOS="874"/>
<SP HEIGHT="37" WIDTH="33" VPOS="960" HPOS="956"/>
<String CONTENT="aff." HEIGHT="42" WIDTH="80" VPOS="949" HPOS="990"/>
<SP HEIGHT="38" WIDTH="32" VPOS="951" HPOS="1071"/>
<String CONTENT="Aug." HEIGHT="47" WIDTH="119" VPOS="951" HPOS="1104"/>
<SP HEIGHT="41" WIDTH="30" VPOS="950" HPOS="1224"/>
<String CONTENT="19;" HEIGHT="48" WIDTH="81" VPOS="949" HPOS="1255"/>
<SP HEIGHT="46" WIDTH="33" VPOS="951" HPOS="1337"/>
<!-- cceid A2C8C778-6E3A-1014-83DD-942C093A1DD9 --><String CONTENT="A" HEIGHT="39" WIDTH="41" VPOS="951" HPOS="1371"/>
<SP HEIGHT="42" WIDTH="29" VPOS="949" HPOS="1413"/>
<String CONTENT="96988;" HEIGHT="49" WIDTH="170" VPOS="948" HPOS="1443"/>
<SP HEIGHT="47" WIDTH="33" VPOS="950" HPOS="1614"/>
<String LANG="fr" CONTENT="Harcourt," HEIGHT="49" WIDTH="260" VPOS="950" HPOS="1648"/>
<SP HEIGHT="49" WIDTH="34" VPOS="950" HPOS="1909"/>
<String CONTENT="Brace" HEIGHT="40" WIDTH="158" VPOS="950" HPOS="1944"/>
</TextLine>
<TextLine HEIGHT="50" WIDTH="592" VPOS="1006" HPOS="176">
<String CONTENT="&amp;" HEIGHT="39" WIDTH="35" VPOS="1008" HPOS="176"/>
<SP HEIGHT="39" WIDTH="19" VPOS="1008" HPOS="212"/>
<String CONTENT="co.," HEIGHT="40" WIDTH="80" VPOS="1016" HPOS="232"/>
<SP HEIGHT="49" WIDTH="25" VPOS="1007" HPOS="313"/>
<String CONTENT="inc." HEIGHT="40" WIDTH="88" VPOS="1007" HPOS="339"/>
<SP HEIGHT="47" WIDTH="60" VPOS="1007" HPOS="428"/>
<String CONTENT="(36-18218)" HEIGHT="48" WIDTH="279" VPOS="1006" HPOS="489"/>
</TextLine>
<TextLine HEIGHT="66" WIDTH="896" VPOS="1109" HPOS="105" STYLEREFS="StyleId-5AF81480-7964-4165-B306-68C025AA0019-">
<String CONTENT="Fargo," HEIGHT="63" WIDTH="210" VPOS="1111" HPOS="105"/>
<SP HEIGHT="62" WIDTH="28" VPOS="1111" HPOS="316"/>
<String CONTENT="Lucile" HEIGHT="55" WIDTH="196" VPOS="1109" HPOS="345"/>
<SP HEIGHT="51" WIDTH="28" VPOS="1112" HPOS="542"/>
<String CONTENT="Foster," HEIGHT="63" WIDTH="230" VPOS="1112" HPOS="571"/>
<SP HEIGHT="59" WIDTH="28" VPOS="1116" HPOS="802"/>
<String CONTENT="1880-" HEIGHT="50" WIDTH="170" VPOS="1115" HPOS="831"/>
</TextLine>
<TextLine HEIGHT="148" WIDTH="1973" VPOS="1198" HPOS="104" STYLEREFS="StyleId-84AA5236-8DB8-4033-944A-974E0C00C3F0-" CS="1">
<String CONTENT="Marian-Martha," HEIGHT="68" WIDTH="509" VPOS="1199" HPOS="171"/>
<SP HEIGHT="68" WIDTH="28" VPOS="1199" HPOS="681"/>
<String CONTENT="by" HEIGHT="69" WIDTH="76" VPOS="1199" HPOS="710"/>
<SP HEIGHT="69" WIDTH="29" VPOS="1199" HPOS="787"/>
<String CONTENT="Lucile" HEIGHT="53" WIDTH="196" VPOS="1199" HPOS="817"/>
<SP HEIGHT="53" WIDTH="29" VPOS="1199" HPOS="1014"/>
<String CONTENT="F." HEIGHT="53" WIDTH="64" VPOS="1199" HPOS="1044"/>
<SP HEIGHT="53" WIDTH="33" VPOS="1199" HPOS="1109"/>
<String CS="1" CONTENT="Fargo;" HEIGHT="69" WIDTH="191" VPOS="1199" HPOS="1143"/>
<SP HEIGHT="69" WIDTH="34" VPOS="1198" HPOS="1364"/>
<String CONTENT="illustrations" HEIGHT="54" WIDTH="384" VPOS="1198" HPOS="1399"/>
<SP HEIGHT="53" WIDTH="25" VPOS="1199" HPOS="1784"/>
<String CONTENT="by" HEIGHT="69" WIDTH="77" VPOS="1199" HPOS="1810"/>
<SP HEIGHT="69" WIDTH="30" VPOS="1199" HPOS="1888"/>
<String CONTENT="Dorothea" HEIGHT="131" WIDTH="1973" VPOS="1199" HPOS="104"/>
<SP HEIGHT="54" WIDTH="30" VPOS="1277" HPOS="233"/>
<String CONTENT="Warren." HEIGHT="54" WIDTH="258" VPOS="1277" HPOS="264"/>
<SP HEIGHT="53" WIDTH="67" VPOS="1278" HPOS="523"/>
<String CONTENT="New" HEIGHT="53" WIDTH="139" VPOS="1278" HPOS="591"/>
<SP HEIGHT="52" WIDTH="32" VPOS="1278" HPOS="731"/>
<String CONTENT="York," HEIGHT="67" WIDTH="180" VPOS="1277" HPOS="764"/>
<SP HEIGHT="66" WIDTH="27" VPOS="1278" HPOS="945"/>
<String CONTENT="Dodd," HEIGHT="68" WIDTH="191" VPOS="1278" HPOS="973"/>
<SP HEIGHT="68" WIDTH="30" VPOS="1278" HPOS="1165"/>
<String CONTENT="Mead" HEIGHT="53" WIDTH="172" VPOS="1278" HPOS="1196"/>
<SP HEIGHT="53" WIDTH="31" VPOS="1278" HPOS="1369"/>
<String CONTENT="&amp;" HEIGHT="50" WIDTH="45" VPOS="1280" HPOS="1401"/>
<SP HEIGHT="50" WIDTH="30" VPOS="1280" HPOS="1447"/>
<String CONTENT="company," HEIGHT="52" WIDTH="298" VPOS="1294" HPOS="1478"/>
<SP HEIGHT="64" WIDTH="32" VPOS="1281" HPOS="1777"/>
<String CONTENT="1936." HEIGHT="50" WIDTH="150" VPOS="1280" HPOS="1810"/>
</TextLine>
<TextLine HEIGHT="49" WIDTH="1282" VPOS="1363" HPOS="175" CS="1">
<String CONTENT="xiii," HEIGHT="49" WIDTH="103" VPOS="1363" HPOS="175"/>
<SP HEIGHT="49" WIDTH="26" VPOS="1363" HPOS="279"/>
<String CONTENT="257" HEIGHT="41" WIDTH="84" VPOS="1363" HPOS="306"/>
<SP HEIGHT="46" WIDTH="26" VPOS="1365" HPOS="391"/>
<String CONTENT="p." HEIGHT="37" WIDTH="43" VPOS="1374" HPOS="418"/>
<SP HEIGHT="41" WIDTH="24" VPOS="1363" HPOS="462"/>
<String CONTENT="incl." HEIGHT="39" WIDTH="108" VPOS="1363" HPOS="487"/>
<SP HEIGHT="39" WIDTH="29" VPOS="1363" HPOS="596"/>
<String CONTENT="front.," HEIGHT="49" WIDTH="163" VPOS="1363" HPOS="626"/>
<SP HEIGHT="49" WIDTH="27" VPOS="1363" HPOS="790"/>
<String CONTENT="illus.," HEIGHT="49" WIDTH="143" VPOS="1363" HPOS="818"/>
<SP HEIGHT="39" WIDTH="28" VPOS="1373" HPOS="962"/>
<String CS="1" CONTENT="plates." HEIGHT="49" WIDTH="158" VPOS="1363" HPOS="991"/>
<SP HEIGHT="38" WIDTH="55" VPOS="1374" HPOS="1164"/>
<String CS="1" CONTENT="pl." HEIGHT="38" WIDTH="63" VPOS="1374" HPOS="1220"/>
<SP HEIGHT="41" WIDTH="55" VPOS="1364" HPOS="1284"/>
<String CONTENT="21" HEIGHT="40" WIDTH="55" VPOS="1364" HPOS="1340"/>
<String STYLE="superscript" CONTENT="cm" HEIGHT="21" WIDTH="44" VPOS="1367" HPOS="1399"/>
<String CONTENT="." HEIGHT="10" WIDTH="10" VPOS="1396" HPOS="1447"/>
</TextLine>
<TextLine HEIGHT="53" WIDTH="1994" VPOS="1430" HPOS="107">
<String CONTENT="&#169;" HEIGHT="53" WIDTH="52" VPOS="1430" HPOS="107"/>
<SP HEIGHT="53" WIDTH="27" VPOS="1430" HPOS="160"/>
<String CONTENT="Aug." HEIGHT="45" WIDTH="119" VPOS="1435" HPOS="188"/>
<SP HEIGHT="39" WIDTH="25" VPOS="1435" HPOS="308"/>
<String CONTENT="20," HEIGHT="48" WIDTH="69" VPOS="1434" HPOS="334"/>
<SP HEIGHT="47" WIDTH="28" VPOS="1435" HPOS="404"/>
<String CONTENT="1936;" HEIGHT="47" WIDTH="140" VPOS="1433" HPOS="433"/>
<SP HEIGHT="46" WIDTH="28" VPOS="1434" HPOS="574"/>
<String CONTENT="2c." HEIGHT="40" WIDTH="68" VPOS="1434" HPOS="603"/>
<SP HEIGHT="39" WIDTH="25" VPOS="1435" HPOS="672"/>
<String CONTENT="Aug." HEIGHT="47" WIDTH="120" VPOS="1435" HPOS="698"/>
<SP HEIGHT="40" WIDTH="26" VPOS="1435" HPOS="819"/>
<String CONTENT="25;" HEIGHT="48" WIDTH="82" VPOS="1434" HPOS="846"/>
<SP HEIGHT="38" WIDTH="30" VPOS="1444" HPOS="929"/>
<String CONTENT="aff." HEIGHT="40" WIDTH="81" VPOS="1433" HPOS="960"/>
<SP HEIGHT="39" WIDTH="30" VPOS="1434" HPOS="1042"/>
<String CONTENT="Aug." HEIGHT="47" WIDTH="120" VPOS="1434" HPOS="1073"/>
<SP HEIGHT="41" WIDTH="27" VPOS="1433" HPOS="1194"/>
<String CONTENT="22;" HEIGHT="48" WIDTH="83" VPOS="1433" HPOS="1222"/>
<SP HEIGHT="46" WIDTH="31" VPOS="1435" HPOS="1306"/>
<!-- cceid A2C921FE-6E3A-1014-83DD-942C093A1DD9 --><String CONTENT="A" HEIGHT="39" WIDTH="42" VPOS="1435" HPOS="1338"/>
<SP HEIGHT="41" WIDTH="26" VPOS="1433" HPOS="1381"/>
<String CONTENT="97522;" HEIGHT="48" WIDTH="171" VPOS="1433" HPOS="1408"/>
<SP HEIGHT="47" WIDTH="33" VPOS="1434" HPOS="1580"/>
<String CONTENT="L." HEIGHT="40" WIDTH="51" VPOS="1434" HPOS="1614"/>
<SP HEIGHT="40" WIDTH="30" VPOS="1434" HPOS="1666"/>
<String CONTENT="F." HEIGHT="41" WIDTH="52" VPOS="1434" HPOS="1697"/>
<SP HEIGHT="41" WIDTH="29" VPOS="1434" HPOS="1750"/>
<String CONTENT="Fargo," HEIGHT="47" WIDTH="172" VPOS="1434" HPOS="1780"/>
<SP HEIGHT="47" WIDTH="30" VPOS="1434" HPOS="1953"/>
<String CONTENT="New" HEIGHT="40" WIDTH="117" VPOS="1434" HPOS="1984"/>
</TextLine>
<TextLine HEIGHT="49" WIDTH="493" VPOS="1490" HPOS="178" CS="1">
<String CONTENT="York." HEIGHT="39" WIDTH="143" VPOS="1491" HPOS="178"/>
<SP HEIGHT="49" WIDTH="69" VPOS="1490" HPOS="322"/>
<String CONTENT="(36-27388)" HEIGHT="49" WIDTH="279" VPOS="1490" HPOS="392"/>
<SP/>
</TextLine>
<TextLine HEIGHT="68" WIDTH="884" VPOS="1592" HPOS="105" STYLEREFS="StyleId-5AF81480-7964-4165-B306-68C025AA0019-">
<String CONTENT="Farma," HEIGHT="64" WIDTH="233" VPOS="1594" HPOS="105"/>
<SP HEIGHT="64" WIDTH="23" VPOS="1594" HPOS="339"/>
<String CONTENT="William" HEIGHT="56" WIDTH="253" VPOS="1592" HPOS="363"/>
<SP HEIGHT="54" WIDTH="24" VPOS="1594" HPOS="617"/>
<String CONTENT="Joseph," HEIGHT="67" WIDTH="239" VPOS="1593" HPOS="642"/>
<SP HEIGHT="48" WIDTH="23" VPOS="1612" HPOS="882"/>
<String CONTENT="ed." HEIGHT="55" WIDTH="83" VPOS="1593" HPOS="906"/>
</TextLine>
<TextLine HEIGHT="70" WIDTH="1927" VPOS="1683" HPOS="175" STYLEREFS="StyleId-84AA5236-8DB8-4033-944A-974E0C00C3F0-">
<String CONTENT="Prose," HEIGHT="65" WIDTH="191" VPOS="1686" HPOS="175"/>
<SP HEIGHT="48" WIDTH="45" VPOS="1703" HPOS="367"/>
<String CONTENT="poetry" HEIGHT="62" WIDTH="200" VPOS="1690" HPOS="413"/>
<SP HEIGHT="48" WIDTH="47" VPOS="1704" HPOS="614"/>
<String CONTENT="and" HEIGHT="53" WIDTH="113" VPOS="1685" HPOS="662"/>
<SP HEIGHT="53" WIDTH="45" VPOS="1685" HPOS="776"/>
<String CONTENT="drama" HEIGHT="53" WIDTH="199" VPOS="1685" HPOS="822"/>
<SP HEIGHT="52" WIDTH="48" VPOS="1685" HPOS="1022"/>
<String CONTENT="for" HEIGHT="53" WIDTH="93" VPOS="1685" HPOS="1071"/>
<SP HEIGHT="34" WIDTH="46" VPOS="1703" HPOS="1165"/>
<String CONTENT="oral" HEIGHT="52" WIDTH="122" VPOS="1685" HPOS="1212"/>
<SP HEIGHT="53" WIDTH="44" VPOS="1683" HPOS="1335"/>
<String CONTENT="interpretation;" HEIGHT="70" WIDTH="469" VPOS="1683" HPOS="1380"/>
<SP HEIGHT="50" WIDTH="45" VPOS="1702" HPOS="1850"/>
<String CONTENT="second" HEIGHT="53" WIDTH="206" VPOS="1684" HPOS="1896"/>
</TextLine>
<TextLine HEIGHT="68" WIDTH="1998" VPOS="1762" HPOS="104" STYLEREFS="StyleId-84AA5236-8DB8-4033-944A-974E0C00C3F0-" CS="1">
<String CONTENT="series," HEIGHT="66" WIDTH="186" VPOS="1762" HPOS="104"/>
<SP HEIGHT="47" WIDTH="36" VPOS="1781" HPOS="291"/>
<String CONTENT="selected" HEIGHT="53" WIDTH="236" VPOS="1762" HPOS="328"/>
<SP HEIGHT="52" WIDTH="36" VPOS="1763" HPOS="565"/>
<String CONTENT="and" HEIGHT="52" WIDTH="113" VPOS="1763" HPOS="602"/>
<SP HEIGHT="53" WIDTH="36" VPOS="1763" HPOS="716"/>
<String CONTENT="arranged" HEIGHT="67" WIDTH="281" VPOS="1763" HPOS="753"/>
<SP HEIGHT="52" WIDTH="34" VPOS="1763" HPOS="1035"/>
<String CONTENT="by" HEIGHT="67" WIDTH="74" VPOS="1763" HPOS="1070"/>
<SP HEIGHT="66" WIDTH="34" VPOS="1764" HPOS="1145"/>
<String CONTENT="William" HEIGHT="55" WIDTH="261" VPOS="1762" HPOS="1180"/>
<SP HEIGHT="55" WIDTH="35" VPOS="1763" HPOS="1442"/>
<String CONTENT="J." HEIGHT="55" WIDTH="55" VPOS="1763" HPOS="1478"/>
<SP HEIGHT="53" WIDTH="37" VPOS="1763" HPOS="1534"/>
<String CONTENT="Farma" HEIGHT="53" WIDTH="211" VPOS="1763" HPOS="1572"/>
<SP HEIGHT="34" WIDTH="42" VPOS="1781" HPOS="1784"/>
<String CS="1" CONTENT="&#8230;"/>
<SP HEIGHT="55" WIDTH="76" VPOS="1762" HPOS="1885"/>
<String CONTENT="New" HEIGHT="55" WIDTH="140" VPOS="1762" HPOS="1962"/>
</TextLine>
<TextLine HEIGHT="68" WIDTH="1375" VPOS="1840" HPOS="108" STYLEREFS="StyleId-84AA5236-8DB8-4033-944A-974E0C00C3F0-">
<String CONTENT="York" HEIGHT="53" WIDTH="160" VPOS="1840" HPOS="108"/>
<SP HEIGHT="52" WIDTH="21" VPOS="1840" HPOS="269"/>
<String CONTENT="and" HEIGHT="52" WIDTH="111" VPOS="1840" HPOS="291"/>
<SP HEIGHT="52" WIDTH="22" VPOS="1840" HPOS="403"/>
<String CONTENT="London," HEIGHT="67" WIDTH="258" VPOS="1840" HPOS="426"/>
<SP HEIGHT="67" WIDTH="21" VPOS="1840" HPOS="685"/>
<String CONTENT="Harper" HEIGHT="68" WIDTH="232" VPOS="1840" HPOS="707"/>
<SP HEIGHT="50" WIDTH="22" VPOS="1844" HPOS="940"/>
<String CONTENT="&amp;" HEIGHT="50" WIDTH="46" VPOS="1844" HPOS="963"/>
<SP HEIGHT="53" WIDTH="19" VPOS="1841" HPOS="1010"/>
<String CONTENT="brothers," HEIGHT="68" WIDTH="276" VPOS="1840" HPOS="1030"/>
<SP HEIGHT="63" WIDTH="26" VPOS="1845" HPOS="1307"/>
<String CONTENT="1936." HEIGHT="52" WIDTH="149" VPOS="1843" HPOS="1334"/>
</TextLine>
<TextLine HEIGHT="50" WIDTH="782" VPOS="1924" HPOS="180" STYLEREFS="StyleId-84AA5236-8DB8-4033-944A-974E0C00C3F0-" CS="1">
<String CONTENT="xxiii" HEIGHT="39" WIDTH="122" VPOS="1924" HPOS="180"/>
<SP HEIGHT="49" WIDTH="24" VPOS="1924" HPOS="303"/>
<String CONTENT="p.," HEIGHT="38" WIDTH="58" VPOS="1935" HPOS="328"/>
<SP HEIGHT="47" WIDTH="27" VPOS="1925" HPOS="387"/>
<String CONTENT="2" HEIGHT="38" WIDTH="26" VPOS="1925" HPOS="415"/>
<SP HEIGHT="38" WIDTH="29" VPOS="1925" HPOS="442"/>
<String CS="1" CONTENT="l.," HEIGHT="20" WIDTH="23" VPOS="1954" HPOS="491"/>
<SP HEIGHT="48" WIDTH="28" VPOS="1926" HPOS="515"/>
<String CONTENT="3-529" HEIGHT="41" WIDTH="148" VPOS="1924" HPOS="544"/>
<SP HEIGHT="50" WIDTH="21" VPOS="1924" HPOS="693"/>
<String CONTENT="p." HEIGHT="38" WIDTH="45" VPOS="1936" HPOS="715"/>
<SP HEIGHT="43" WIDTH="53" VPOS="1924" HPOS="761"/>
<String CS="1" CONTENT="21&#189;" HEIGHT="41" WIDTH="56" VPOS="1924" HPOS="815"/>
<String STYLE="superscript" CONTENT="cm" HEIGHT="21" WIDTH="44" VPOS="1928" HPOS="904"/>
<String CONTENT="." HEIGHT="10" WIDTH="9" VPOS="1957" HPOS="953"/>
</TextLine>
<TextLine HEIGHT="42" WIDTH="416" VPOS="1995" HPOS="179">
<String CONTENT="&#8220;First" HEIGHT="40" WIDTH="160" VPOS="1995" HPOS="179"/>
<SP HEIGHT="38" WIDTH="29" VPOS="1997" HPOS="340"/>
<String CONTENT="edition.&#8221;" HEIGHT="42" WIDTH="225" VPOS="1995" HPOS="370"/>
</TextLine>
<TextLine HEIGHT="50" WIDTH="698" VPOS="2050" HPOS="180" CS="1">
<String CS="1" CONTENT="Bibliography:" HEIGHT="49" WIDTH="346" VPOS="2050" HPOS="180"/>
<SP HEIGHT="38" WIDTH="31" VPOS="2062" HPOS="554"/>
<String CONTENT="p." HEIGHT="38" WIDTH="44" VPOS="2062" HPOS="586"/>
<SP HEIGHT="39" WIDTH="31" VPOS="2053" HPOS="631"/>
<String CONTENT="514-523." HEIGHT="40" WIDTH="215" VPOS="2053" HPOS="663"/>
</TextLine>
<TextLine HEIGHT="53" WIDTH="1993" VPOS="2118" HPOS="110">
<String CONTENT="&#169;" HEIGHT="53" WIDTH="52" VPOS="2118" HPOS="110"/>
<SP HEIGHT="53" WIDTH="32" VPOS="2118" HPOS="163"/>
<String CONTENT="June" HEIGHT="38" WIDTH="127" VPOS="2124" HPOS="196"/>
<SP HEIGHT="40" WIDTH="26" VPOS="2122" HPOS="324"/>
<String CONTENT="23," HEIGHT="46" WIDTH="68" VPOS="2122" HPOS="351"/>
<SP HEIGHT="45" WIDTH="33" VPOS="2123" HPOS="420"/>
<String CONTENT="1936;" HEIGHT="48" WIDTH="139" VPOS="2122" HPOS="454"/>
<SP HEIGHT="48" WIDTH="34" VPOS="2122" HPOS="594"/>
<String CONTENT="2c." HEIGHT="43" WIDTH="68" VPOS="2122" HPOS="629"/>
<SP HEIGHT="42" WIDTH="32" VPOS="2123" HPOS="698"/>
<String CONTENT="June" HEIGHT="40" WIDTH="126" VPOS="2123" HPOS="731"/>
<SP HEIGHT="39" WIDTH="30" VPOS="2123" HPOS="858"/>
<String CONTENT="23;" HEIGHT="49" WIDTH="84" VPOS="2122" HPOS="889"/>
<SP HEIGHT="40" WIDTH="35" VPOS="2131" HPOS="974"/>
<String CONTENT="aff." HEIGHT="42" WIDTH="82" VPOS="2121" HPOS="1010"/>
<SP HEIGHT="41" WIDTH="34" VPOS="2122" HPOS="1093"/>
<String CONTENT="June" HEIGHT="40" WIDTH="125" VPOS="2122" HPOS="1128"/>
<SP HEIGHT="40" WIDTH="32" VPOS="2121" HPOS="1254"/>
<String CONTENT="25;" HEIGHT="49" WIDTH="82" VPOS="2121" HPOS="1287"/>
<SP HEIGHT="48" WIDTH="33" VPOS="2122" HPOS="1370"/>
<!-- cceid A2C97FA7-6E3A-1014-83DD-942C093A1DD9 --><String CONTENT="A" HEIGHT="39" WIDTH="42" VPOS="2122" HPOS="1404"/>
<SP HEIGHT="41" WIDTH="28" VPOS="2121" HPOS="1447"/>
<String CONTENT="95832;" HEIGHT="49" WIDTH="169" VPOS="2120" HPOS="1476"/>
<SP HEIGHT="46" WIDTH="36" VPOS="2123" HPOS="1646"/>
<String CONTENT="Harper" HEIGHT="47" WIDTH="194" VPOS="2123" HPOS="1683"/>
<SP HEIGHT="40" WIDTH="30" VPOS="2121" HPOS="1878"/>
<String CONTENT="&amp;" HEIGHT="40" WIDTH="36" VPOS="2121" HPOS="1909"/>
<SP HEIGHT="40" WIDTH="30" VPOS="2121" HPOS="1946"/>
<String CONTENT="bros." HEIGHT="40" WIDTH="126" VPOS="2121" HPOS="1977"/>
</TextLine>
<TextLine HEIGHT="67" WIDTH="715" VPOS="2241" HPOS="109" STYLEREFS="StyleId-5AF81480-7964-4165-B306-68C025AA0019-">
<String CONTENT="Finn," HEIGHT="64" WIDTH="166" VPOS="2241" HPOS="109"/>
<SP HEIGHT="64" WIDTH="22" VPOS="2241" HPOS="276"/>
<String CONTENT="Jonathan," HEIGHT="66" WIDTH="319" VPOS="2241" HPOS="299"/>
<SP HEIGHT="47" WIDTH="25" VPOS="2260" HPOS="619"/>
<String CONTENT="comp." HEIGHT="50" WIDTH="179" VPOS="2258" HPOS="645"/>
</TextLine>
<TextLine HEIGHT="69" WIDTH="1925" VPOS="2330" HPOS="178" STYLEREFS="StyleId-84AA5236-8DB8-4033-944A-974E0C00C3F0-">
<String CONTENT="Prison" HEIGHT="53" WIDTH="203" VPOS="2332" HPOS="178"/>
<SP HEIGHT="33" WIDTH="42" VPOS="2351" HPOS="382"/>
<String CONTENT="voices," HEIGHT="68" WIDTH="200" VPOS="2331" HPOS="425"/>
<SP HEIGHT="48" WIDTH="41" VPOS="2351" HPOS="626"/>
<String CONTENT="with" HEIGHT="54" WIDTH="140" VPOS="2330" HPOS="668"/>
<SP HEIGHT="52" WIDTH="41" VPOS="2332" HPOS="809"/>
<String CONTENT="an" HEIGHT="34" WIDTH="73" VPOS="2350" HPOS="851"/>
<SP HEIGHT="54" WIDTH="37" VPOS="2330" HPOS="925"/>
<String CONTENT="introduction" HEIGHT="55" WIDTH="391" VPOS="2330" HPOS="963"/>
<SP HEIGHT="53" WIDTH="39" VPOS="2331" HPOS="1355"/>
<String CONTENT="by" HEIGHT="67" WIDTH="75" VPOS="2331" HPOS="1395"/>
<SP HEIGHT="65" WIDTH="39" VPOS="2333" HPOS="1471"/>
<String CONTENT="Warden" HEIGHT="56" WIDTH="254" VPOS="2330" HPOS="1511"/>
<SP HEIGHT="52" WIDTH="39" VPOS="2332" HPOS="1766"/>
<String CONTENT="Lewis" HEIGHT="53" WIDTH="184" VPOS="2332" HPOS="1806"/>
<SP HEIGHT="51" WIDTH="43" VPOS="2333" HPOS="1991"/>
<String CONTENT="E." HEIGHT="52" WIDTH="68" VPOS="2333" HPOS="2035"/>
</TextLine>
<TextLine HEIGHT="149" WIDTH="1997" VPOS="2407" HPOS="108" STYLEREFS="StyleId-84AA5236-8DB8-4033-944A-974E0C00C3F0-" CS="1">
<String CONTENT="Lawes" HEIGHT="52" WIDTH="196" VPOS="2411" HPOS="108"/>
<SP HEIGHT="34" WIDTH="34" VPOS="2429" HPOS="305"/>
<String CONTENT="of" HEIGHT="53" WIDTH="64" VPOS="2409" HPOS="340"/>
<SP HEIGHT="56" WIDTH="38" VPOS="2409" HPOS="405"/>
<String CONTENT="Sing" HEIGHT="66" WIDTH="143" VPOS="2410" HPOS="444"/>
<SP HEIGHT="67" WIDTH="36" VPOS="2409" HPOS="588"/>
<String CONTENT="Sing" HEIGHT="67" WIDTH="146" VPOS="2409" HPOS="625"/>
<SP HEIGHT="49" WIDTH="34" VPOS="2428" HPOS="772"/>
<String CONTENT="prison." HEIGHT="70" WIDTH="211" VPOS="2407" HPOS="807"/>
<SP HEIGHT="54" WIDTH="77" VPOS="2408" HPOS="1019"/>
<String CONTENT="Compiled" HEIGHT="69" WIDTH="299" VPOS="2408" HPOS="1097"/>
<SP HEIGHT="53" WIDTH="38" VPOS="2409" HPOS="1397"/>
<String CONTENT="and" HEIGHT="53" WIDTH="113" VPOS="2409" HPOS="1436"/>
<SP HEIGHT="53" WIDTH="36" VPOS="2409" HPOS="1550"/>
<String CONTENT="edited" HEIGHT="54" WIDTH="190" VPOS="2409" HPOS="1587"/>
<SP HEIGHT="53" WIDTH="33" VPOS="2410" HPOS="1778"/>
<String CONTENT="by" HEIGHT="67" WIDTH="75" VPOS="2410" HPOS="1812"/>
<SP HEIGHT="66" WIDTH="37" VPOS="2411" HPOS="1888"/>
<String CONTENT="Jonathan" HEIGHT="129" WIDTH="1969" VPOS="2411" HPOS="109"/>
<SP HEIGHT="50" WIDTH="37" VPOS="2489" HPOS="249"/>
<String CONTENT="Finn." HEIGHT="54" WIDTH="165" VPOS="2486" HPOS="287"/>
<SP HEIGHT="52" WIDTH="73" VPOS="2488" HPOS="453"/>
<String CONTENT="New" HEIGHT="51" WIDTH="139" VPOS="2488" HPOS="527"/>
<SP HEIGHT="52" WIDTH="37" VPOS="2488" HPOS="667"/>
<String CONTENT="York," HEIGHT="68" WIDTH="178" VPOS="2486" HPOS="705"/>
<SP HEIGHT="66" WIDTH="36" VPOS="2488" HPOS="884"/>
<String CONTENT="International" HEIGHT="53" WIDTH="421" VPOS="2486" HPOS="921"/>
<SP HEIGHT="53" WIDTH="33" VPOS="2486" HPOS="1343"/>
<String CONTENT="crime" HEIGHT="52" WIDTH="172" VPOS="2487" HPOS="1377"/>
<SP HEIGHT="49" WIDTH="36" VPOS="2505" HPOS="1550"/>
<String CONTENT="prevention" HEIGHT="68" WIDTH="334" VPOS="2486" HPOS="1587"/>
<SP HEIGHT="35" WIDTH="37" VPOS="2505" HPOS="1922"/>
<String CONTENT="exp.," HEIGHT="51" WIDTH="145" VPOS="2505" HPOS="1960"/>
</TextLine>
<TextLine HEIGHT="65" WIDTH="301" VPOS="2566" HPOS="108" STYLEREFS="StyleId-84AA5236-8DB8-4033-944A-974E0C00C3F0-">
<String CONTENT="inc.," HEIGHT="65" WIDTH="125" VPOS="2566" HPOS="108"/>
<SP HEIGHT="62" WIDTH="24" VPOS="2569" HPOS="234"/>
<String CONTENT="1936." HEIGHT="53" WIDTH="150" VPOS="2566" HPOS="259"/>
</TextLine>
<TextLine HEIGHT="50" WIDTH="306" VPOS="2635" HPOS="178" CS="1">
<String CONTENT="40" HEIGHT="40" WIDTH="59" VPOS="2637" HPOS="178"/>
<SP HEIGHT="48" WIDTH="25" VPOS="2637" HPOS="238"/>
<String CONTENT="p." HEIGHT="38" WIDTH="44" VPOS="2647" HPOS="264"/>
<SP HEIGHT="42" WIDTH="58" VPOS="2635" HPOS="309"/>
<String CONTENT="25" HEIGHT="41" WIDTH="55" VPOS="2635" HPOS="368"/>
<String STYLE="superscript" CS="1" CONTENT="cm" HEIGHT="20" WIDTH="14" VPOS="2639" HPOS="427"/>
<String CONTENT="." HEIGHT="7" WIDTH="8" VPOS="2669" HPOS="476"/>
</TextLine>
<TextLine HEIGHT="108" WIDTH="1974" VPOS="2702" HPOS="112" CS="1">
<String CONTENT="&#169;" HEIGHT="53" WIDTH="53" VPOS="2702" HPOS="112"/>
<SP HEIGHT="53" WIDTH="23" VPOS="2702" HPOS="166"/>
<String CONTENT="May" HEIGHT="46" WIDTH="113" VPOS="2708" HPOS="190"/>
<SP HEIGHT="48" WIDTH="21" VPOS="2706" HPOS="304"/>
<String CONTENT="26," HEIGHT="49" WIDTH="70" VPOS="2706" HPOS="326"/>
<SP HEIGHT="48" WIDTH="24" VPOS="2707" HPOS="397"/>
<String CONTENT="1936;" HEIGHT="48" WIDTH="140" VPOS="2706" HPOS="422"/>
<SP HEIGHT="49" WIDTH="28" VPOS="2705" HPOS="563"/>
<String CONTENT="2c." HEIGHT="41" WIDTH="69" VPOS="2705" HPOS="592"/>
<SP HEIGHT="31" WIDTH="26" VPOS="2715" HPOS="662"/>
<String CONTENT="and" HEIGHT="40" WIDTH="97" VPOS="2705" HPOS="689"/>
<SP HEIGHT="40" WIDTH="26" VPOS="2705" HPOS="787"/>
<String CONTENT="aff." HEIGHT="39" WIDTH="81" VPOS="2706" HPOS="814"/>
<SP HEIGHT="39" WIDTH="27" VPOS="2707" HPOS="896"/>
<String CONTENT="May" HEIGHT="46" WIDTH="114" VPOS="2707" HPOS="924"/>
<SP HEIGHT="47" WIDTH="24" VPOS="2706" HPOS="1039"/>
<String CS="1" CONTENT="29;" HEIGHT="41" WIDTH="56" VPOS="2704" HPOS="1064"/>
<SP HEIGHT="46" WIDTH="30" VPOS="2707" HPOS="1148"/>
<!-- cceid A2C9DF22-6E3A-1014-83DD-942C093A1DD9 --><String CONTENT="A" HEIGHT="38" WIDTH="41" VPOS="2707" HPOS="1179"/>
<SP HEIGHT="41" WIDTH="23" VPOS="2704" HPOS="1221"/>
<String CONTENT="95705;" HEIGHT="49" WIDTH="171" VPOS="2704" HPOS="1245"/>
<SP HEIGHT="46" WIDTH="29" VPOS="2707" HPOS="1417"/>
<String CONTENT="Internatl." HEIGHT="41" WIDTH="257" VPOS="2706" HPOS="1447"/>
<SP HEIGHT="32" WIDTH="28" VPOS="2715" HPOS="1705"/>
<String CONTENT="crime" HEIGHT="40" WIDTH="148" VPOS="2706" HPOS="1734"/>
<SP HEIGHT="38" WIDTH="22" VPOS="2716" HPOS="1883"/>
<String CONTENT="prevention" HEIGHT="87" WIDTH="1905" VPOS="2715" HPOS="181"/>
<SP HEIGHT="30" WIDTH="26" VPOS="2772" HPOS="283"/>
<String CONTENT="exposition," HEIGHT="48" WIDTH="285" VPOS="2762" HPOS="310"/>
<SP HEIGHT="47" WIDTH="26" VPOS="2763" HPOS="596"/>
<String CONTENT="inc." HEIGHT="39" WIDTH="91" VPOS="2763" HPOS="623"/>
</TextLine>
<TextLine HEIGHT="66" WIDTH="953" VPOS="2865" HPOS="110" STYLEREFS="StyleId-5AF81480-7964-4165-B306-68C025AA0019-">
<String CONTENT="Forman," HEIGHT="65" WIDTH="272" VPOS="2866" HPOS="110"/>
<SP HEIGHT="65" WIDTH="25" VPOS="2866" HPOS="383"/>
<String CONTENT="Henry" HEIGHT="64" WIDTH="205" VPOS="2866" HPOS="409"/>
<SP HEIGHT="65" WIDTH="24" VPOS="2865" HPOS="615"/>
<String CONTENT="James," HEIGHT="64" WIDTH="220" VPOS="2865" HPOS="640"/>
<SP HEIGHT="59" WIDTH="28" VPOS="2870" HPOS="861"/>
<String CONTENT="1879-" HEIGHT="54" WIDTH="173" VPOS="2868" HPOS="890"/>
</TextLine>
<TextLine HEIGHT="69" WIDTH="1923" VPOS="2955" HPOS="180" STYLEREFS="StyleId-84AA5236-8DB8-4033-944A-974E0C00C3F0-">
<String CONTENT="The" HEIGHT="52" WIDTH="121" VPOS="2957" HPOS="180"/>
<SP HEIGHT="35" WIDTH="37" VPOS="2974" HPOS="302"/>
<String CONTENT="story" HEIGHT="59" WIDTH="155" VPOS="2964" HPOS="340"/>
<SP HEIGHT="48" WIDTH="36" VPOS="2975" HPOS="496"/>
<String CONTENT="of" HEIGHT="53" WIDTH="63" VPOS="2956" HPOS="533"/>
<SP HEIGHT="67" WIDTH="36" VPOS="2956" HPOS="597"/>
<String CONTENT="prophecy" HEIGHT="67" WIDTH="290" VPOS="2956" HPOS="634"/>
<SP HEIGHT="67" WIDTH="33" VPOS="2956" HPOS="925"/>
<String CONTENT="in" HEIGHT="52" WIDTH="61" VPOS="2956" HPOS="959"/>
<SP HEIGHT="48" WIDTH="35" VPOS="2960" HPOS="1021"/>
<String CONTENT="the" HEIGHT="54" WIDTH="97" VPOS="2956" HPOS="1057"/>
<SP HEIGHT="54" WIDTH="35" VPOS="2956" HPOS="1155"/>
<String CONTENT="life" HEIGHT="54" WIDTH="105" VPOS="2955" HPOS="1191"/>
<SP HEIGHT="35" WIDTH="37" VPOS="2974" HPOS="1297"/>
<String CONTENT="of" HEIGHT="53" WIDTH="63" VPOS="2956" HPOS="1335"/>
<SP HEIGHT="52" WIDTH="37" VPOS="2956" HPOS="1399"/>
<String CONTENT="mankind" HEIGHT="54" WIDTH="276" VPOS="2955" HPOS="1437"/>
<SP HEIGHT="53" WIDTH="38" VPOS="2956" HPOS="1714"/>
<String CONTENT="from" HEIGHT="55" WIDTH="153" VPOS="2956" HPOS="1753"/>
<SP HEIGHT="35" WIDTH="38" VPOS="2975" HPOS="1907"/>
<String CONTENT="early" HEIGHT="69" WIDTH="157" VPOS="2955" HPOS="1946"/>
</TextLine>
<TextLine HEIGHT="67" WIDTH="1992" VPOS="3034" HPOS="112" STYLEREFS="StyleId-84AA5236-8DB8-4033-944A-974E0C00C3F0-" CS="1">
<String CONTENT="times" HEIGHT="52" WIDTH="160" VPOS="3034" HPOS="112"/>
<SP HEIGHT="47" WIDTH="35" VPOS="3039" HPOS="273"/>
<String CONTENT="to" HEIGHT="49" WIDTH="57" VPOS="3039" HPOS="309"/>
<SP HEIGHT="50" WIDTH="35" VPOS="3038" HPOS="367"/>
<String CONTENT="the" HEIGHT="52" WIDTH="94" VPOS="3034" HPOS="403"/>
<SP HEIGHT="48" WIDTH="34" VPOS="3052" HPOS="498"/>
<String CONTENT="present" HEIGHT="60" WIDTH="226" VPOS="3040" HPOS="533"/>
<SP HEIGHT="53" WIDTH="34" VPOS="3034" HPOS="760"/>
<String CONTENT="day," HEIGHT="67" WIDTH="130" VPOS="3034" HPOS="795"/>
<SP HEIGHT="67" WIDTH="33" VPOS="3034" HPOS="926"/>
<String CONTENT="by" HEIGHT="67" WIDTH="76" VPOS="3034" HPOS="960"/>
<SP HEIGHT="66" WIDTH="31" VPOS="3035" HPOS="1037"/>
<String CONTENT="Henry" HEIGHT="66" WIDTH="203" VPOS="3035" HPOS="1069"/>
<SP HEIGHT="65" WIDTH="35" VPOS="3036" HPOS="1273"/>
<String CONTENT="James" HEIGHT="54" WIDTH="193" VPOS="3036" HPOS="1309"/>
<SP HEIGHT="51" WIDTH="35" VPOS="3035" HPOS="1503"/>
<String CONTENT="Forman" HEIGHT="52" WIDTH="251" VPOS="3035" HPOS="1539"/>
<SP HEIGHT="35" WIDTH="39" VPOS="3051" HPOS="1791"/>
<String CS="1" CONTENT="&#8230;"/>
<SP HEIGHT="53" WIDTH="77" VPOS="3035" HPOS="1888"/>
<String CONTENT="New" HEIGHT="53" WIDTH="138" VPOS="3035" HPOS="1966"/>
</TextLine>
<TextLine HEIGHT="69" WIDTH="1812" VPOS="3110" HPOS="115" STYLEREFS="StyleId-84AA5236-8DB8-4033-944A-974E0C00C3F0-" CS="1">
<String CONTENT="York," HEIGHT="66" WIDTH="175" VPOS="3110" HPOS="115"/>
<SP HEIGHT="65" WIDTH="34" VPOS="3111" HPOS="291"/>
<String CONTENT="Toronto," HEIGHT="65" WIDTH="269" VPOS="3111" HPOS="326"/>
<SP HEIGHT="64" WIDTH="35" VPOS="3112" HPOS="596"/>
<String CONTENT="Farrar" HEIGHT="51" WIDTH="215" VPOS="3112" HPOS="632"/>
<SP HEIGHT="50" WIDTH="33" VPOS="3114" HPOS="848"/>
<String CONTENT="&amp;" HEIGHT="50" WIDTH="45" VPOS="3114" HPOS="882"/>
<SP HEIGHT="52" WIDTH="34" VPOS="3112" HPOS="928"/>
<String CONTENT="Rinehart," HEIGHT="67" WIDTH="294" VPOS="3110" HPOS="963"/>
<SP HEIGHT="66" WIDTH="35" VPOS="3111" HPOS="1258"/>
<String CONTENT="incorporated" HEIGHT="69" WIDTH="399" VPOS="3110" HPOS="1294"/>
<SP HEIGHT="68" WIDTH="39" VPOS="3110" HPOS="1694"/>
<String CS="1" CONTENT="["/>
<String STYLE="superscript" CONTENT="c" HEIGHT="21" WIDTH="20" VPOS="3117" HPOS="1751"/>
<String CONTENT="1936]" HEIGHT="64" WIDTH="152" VPOS="3114" HPOS="1775"/>
</TextLine>
<TextLine HEIGHT="50" WIDTH="1731" VPOS="3182" HPOS="186" STYLEREFS="StyleId-84AA5236-8DB8-4033-944A-974E0C00C3F0-">
<String CONTENT="viii" HEIGHT="40" WIDTH="86" VPOS="3183" HPOS="186"/>
<SP HEIGHT="48" WIDTH="24" VPOS="3183" HPOS="273"/>
<String CONTENT="p.," HEIGHT="38" WIDTH="57" VPOS="3193" HPOS="298"/>
<SP HEIGHT="49" WIDTH="27" VPOS="3182" HPOS="356"/>
<String CONTENT="3" HEIGHT="41" WIDTH="27" VPOS="3182" HPOS="384"/>
<SP HEIGHT="41" WIDTH="24" VPOS="3182" HPOS="412"/>
<String CONTENT="1.," HEIGHT="46" WIDTH="44" VPOS="3183" HPOS="437"/>
<SP HEIGHT="46" WIDTH="25" VPOS="3183" HPOS="482"/>
<String CONTENT="3-347" HEIGHT="40" WIDTH="144" VPOS="3183" HPOS="508"/>
<SP HEIGHT="47" WIDTH="30" VPOS="3184" HPOS="653"/>
<String CONTENT="p." HEIGHT="38" WIDTH="43" VPOS="3193" HPOS="684"/>
<SP HEIGHT="41" WIDTH="52" VPOS="3182" HPOS="728"/>
<String CONTENT="front.," HEIGHT="49" WIDTH="164" VPOS="3182" HPOS="781"/>
<SP HEIGHT="37" WIDTH="27" VPOS="3194" HPOS="946"/>
<String CONTENT="plates," HEIGHT="48" WIDTH="170" VPOS="3183" HPOS="974"/>
<SP HEIGHT="37" WIDTH="25" VPOS="3194" HPOS="1145"/>
<String CONTENT="ports.," HEIGHT="47" WIDTH="164" VPOS="3185" HPOS="1171"/>
<SP HEIGHT="48" WIDTH="24" VPOS="3184" HPOS="1336"/>
<String CONTENT="facsim.," HEIGHT="49" WIDTH="205" VPOS="3183" HPOS="1361"/>
<SP HEIGHT="48" WIDTH="26" VPOS="3184" HPOS="1567"/>
<String CONTENT="diagr." HEIGHT="47" WIDTH="154" VPOS="3184" HPOS="1594"/>
<SP HEIGHT="42" WIDTH="51" VPOS="3182" HPOS="1749"/>
<String CONTENT="22" HEIGHT="40" WIDTH="55" VPOS="3182" HPOS="1801"/>
<String STYLE="superscript" CONTENT="cm" HEIGHT="22" WIDTH="43" VPOS="3185" HPOS="1860"/>
<String CONTENT="." HEIGHT="9" WIDTH="9" VPOS="3214" HPOS="1908"/>
</TextLine>
<TextLine HEIGHT="48" WIDTH="696" VPOS="3239" HPOS="185" STYLEREFS="StyleId-84AA5236-8DB8-4033-944A-974E0C00C3F0-">
<String CONTENT="Bibliography:" HEIGHT="48" WIDTH="374" VPOS="3239" HPOS="185"/>
<SP HEIGHT="38" WIDTH="30" VPOS="3249" HPOS="560"/>
<String CONTENT="p." HEIGHT="38" WIDTH="43" VPOS="3249" HPOS="591"/>
<SP HEIGHT="40" WIDTH="28" VPOS="3239" HPOS="635"/>
<String CONTENT="335-338." HEIGHT="41" WIDTH="217" VPOS="3239" HPOS="664"/>
</TextLine>
<TextLine HEIGHT="54" WIDTH="1994" VPOS="3304" HPOS="114">
<String CONTENT="&#169;" HEIGHT="52" WIDTH="53" VPOS="3304" HPOS="114"/>
<SP HEIGHT="52" WIDTH="31" VPOS="3304" HPOS="168"/>
<String CONTENT="Aug." HEIGHT="47" WIDTH="119" VPOS="3309" HPOS="200"/>
<SP HEIGHT="39" WIDTH="33" VPOS="3310" HPOS="320"/>
<String CONTENT="10," HEIGHT="49" WIDTH="68" VPOS="3308" HPOS="354"/>
<SP HEIGHT="47" WIDTH="35" VPOS="3310" HPOS="423"/>
<String CONTENT="1936;" HEIGHT="48" WIDTH="140" VPOS="3307" HPOS="459"/>
<SP HEIGHT="48" WIDTH="34" VPOS="3307" HPOS="600"/>
<String CONTENT="2c." HEIGHT="42" WIDTH="68" VPOS="3307" HPOS="635"/>
<SP HEIGHT="31" WIDTH="35" VPOS="3318" HPOS="704"/>
<String CONTENT="and" HEIGHT="40" WIDTH="97" VPOS="3308" HPOS="740"/>
<SP HEIGHT="40" WIDTH="33" VPOS="3308" HPOS="838"/>
<String CONTENT="aff." HEIGHT="41" WIDTH="82" VPOS="3308" HPOS="872"/>
<SP HEIGHT="40" WIDTH="30" VPOS="3309" HPOS="955"/>
<String CONTENT="Aug." HEIGHT="48" WIDTH="120" VPOS="3309" HPOS="986"/>
<SP HEIGHT="39" WIDTH="34" VPOS="3310" HPOS="1107"/>
<String CONTENT="12;" HEIGHT="47" WIDTH="81" VPOS="3310" HPOS="1142"/>
<SP HEIGHT="46" WIDTH="36" VPOS="3311" HPOS="1224"/>
<!-- cceid A2CA3A2A-6E3A-1014-83DD-942C093A1DD9 --><String CONTENT="A" HEIGHT="38" WIDTH="41" VPOS="3311" HPOS="1261"/>
<SP HEIGHT="42" WIDTH="32" VPOS="3308" HPOS="1303"/>
<String CONTENT="96852;" HEIGHT="49" WIDTH="171" VPOS="3308" HPOS="1336"/>
<SP HEIGHT="46" WIDTH="38" VPOS="3311" HPOS="1508"/>
<String LANG="fr" CONTENT="H." HEIGHT="39" WIDTH="60" VPOS="3311" HPOS="1547"/>
<SP HEIGHT="40" WIDTH="36" VPOS="3310" HPOS="1608"/>
<String CONTENT="J." HEIGHT="41" WIDTH="43" VPOS="3310" HPOS="1645"/>
<SP HEIGHT="41" WIDTH="35" VPOS="3310" HPOS="1689"/>
<String CONTENT="Forman," HEIGHT="48" WIDTH="224" VPOS="3310" HPOS="1725"/>
<SP HEIGHT="47" WIDTH="39" VPOS="3311" HPOS="1950"/>
<String CONTENT="New" HEIGHT="39" WIDTH="118" VPOS="3311" HPOS="1990"/>
</TextLine>
<TextLine HEIGHT="49" WIDTH="490" VPOS="3364" HPOS="183">
<String CONTENT="York." HEIGHT="40" WIDTH="143" VPOS="3365" HPOS="183"/>
<SP HEIGHT="48" WIDTH="65" VPOS="3365" HPOS="327"/>
<String CONTENT="(36-18269)" HEIGHT="49" WIDTH="280" VPOS="3364" HPOS="393"/>
</TextLine>
<TextLine HEIGHT="64" WIDTH="710" VPOS="3468" HPOS="114" STYLEREFS="StyleId-5AF81480-7964-4165-B306-68C025AA0019-">
<String CONTENT="Georgia." HEIGHT="64" WIDTH="268" VPOS="3468" HPOS="114"/>
<SP HEIGHT="53" WIDTH="73" VPOS="3469" HPOS="383"/>
<String CONTENT="University." HEIGHT="64" WIDTH="367" VPOS="3468" HPOS="457"/>
</TextLine>
<TextLine HEIGHT="69" WIDTH="1921" VPOS="3559" HPOS="186" STYLEREFS="StyleId-84AA5236-8DB8-4033-944A-974E0C00C3F0-" CS="1">
<String CONTENT="Studies" HEIGHT="55" WIDTH="227" VPOS="3559" HPOS="186"/>
<SP HEIGHT="51" WIDTH="34" VPOS="3561" HPOS="414"/>
<String CONTENT="in" HEIGHT="51" WIDTH="60" VPOS="3561" HPOS="449"/>
<SP HEIGHT="33" WIDTH="36" VPOS="3578" HPOS="510"/>
<String CONTENT="social" HEIGHT="54" WIDTH="170" VPOS="3559" HPOS="547"/>
<SP HEIGHT="67" WIDTH="33" VPOS="3560" HPOS="718"/>
<String CONTENT="progress" HEIGHT="49" WIDTH="266" VPOS="3578" HPOS="752"/>
<SP HEIGHT="33" WIDTH="38" VPOS="3579" HPOS="1019"/>
<String CS="1" CONTENT="&#8230;"/>
<SP HEIGHT="33" WIDTH="75" VPOS="3579" HPOS="1114"/>
<String CONTENT="volume" HEIGHT="53" WIDTH="224" VPOS="3560" HPOS="1190"/>
<SP HEIGHT="49" WIDTH="34" VPOS="3564" HPOS="1415"/>
<String CONTENT="2." HEIGHT="49" WIDTH="47" VPOS="3564" HPOS="1450"/>
<SP HEIGHT="51" WIDTH="71" VPOS="3562" HPOS="1498"/>
<String CONTENT="Prepared" HEIGHT="68" WIDTH="291" VPOS="3560" HPOS="1570"/>
<SP HEIGHT="52" WIDTH="35" VPOS="3560" HPOS="1862"/>
<String CONTENT="by" HEIGHT="67" WIDTH="76" VPOS="3560" HPOS="1898"/>
<SP HEIGHT="63" WIDTH="34" VPOS="3564" HPOS="1975"/>
<String CONTENT="the" HEIGHT="52" WIDTH="97" VPOS="3560" HPOS="2010"/>
</TextLine>
<TextLine HEIGHT="70" WIDTH="1991" VPOS="3635" HPOS="114" STYLEREFS="StyleId-84AA5236-8DB8-4033-944A-974E0C00C3F0-">
<String CONTENT="social" HEIGHT="52" WIDTH="169" VPOS="3637" HPOS="114"/>
<SP HEIGHT="51" WIDTH="40" VPOS="3637" HPOS="284"/>
<String CONTENT="science" HEIGHT="52" WIDTH="209" VPOS="3637" HPOS="325"/>
<SP HEIGHT="52" WIDTH="42" VPOS="3637" HPOS="535"/>
<String CONTENT="faculties" HEIGHT="52" WIDTH="266" VPOS="3637" HPOS="578"/>
<SP HEIGHT="34" WIDTH="38" VPOS="3655" HPOS="845"/>
<String CONTENT="of" HEIGHT="52" WIDTH="62" VPOS="3637" HPOS="884"/>
<SP HEIGHT="54" WIDTH="37" VPOS="3637" HPOS="947"/>
<String CONTENT="the" HEIGHT="52" WIDTH="96" VPOS="3639" HPOS="985"/>
<SP HEIGHT="34" WIDTH="40" VPOS="3656" HPOS="1082"/>
<String CONTENT="university" HEIGHT="67" WIDTH="318" VPOS="3637" HPOS="1123"/>
<SP HEIGHT="48" WIDTH="37" VPOS="3656" HPOS="1442"/>
<String CONTENT="system" HEIGHT="63" WIDTH="209" VPOS="3641" HPOS="1480"/>
<SP HEIGHT="34" WIDTH="41" VPOS="3656" HPOS="1690"/>
<String CONTENT="of" HEIGHT="52" WIDTH="63" VPOS="3638" HPOS="1732"/>
<SP HEIGHT="55" WIDTH="41" VPOS="3637" HPOS="1796"/>
<String CONTENT="Georgia," HEIGHT="70" WIDTH="267" VPOS="3635" HPOS="1838"/>
</TextLine>
<TextLine HEIGHT="145" WIDTH="1966" VPOS="3714" HPOS="115" STYLEREFS="StyleId-84AA5236-8DB8-4033-944A-974E0C00C3F0-" CS="1">
<String CONTENT="under" HEIGHT="52" WIDTH="178" VPOS="3714" HPOS="115"/>
<SP HEIGHT="46" WIDTH="32" VPOS="3719" HPOS="294"/>
<String CONTENT="the" HEIGHT="51" WIDTH="93" VPOS="3715" HPOS="327"/>
<SP HEIGHT="35" WIDTH="29" VPOS="3731" HPOS="421"/>
<String CONTENT="supervision" HEIGHT="64" WIDTH="354" VPOS="3715" HPOS="451"/>
<SP HEIGHT="34" WIDTH="32" VPOS="3732" HPOS="806"/>
<String CONTENT="of" HEIGHT="52" WIDTH="63" VPOS="3714" HPOS="839"/>
<SP HEIGHT="52" WIDTH="29" VPOS="3714" HPOS="903"/>
<String CONTENT="Merritt" HEIGHT="53" WIDTH="234" VPOS="3714" HPOS="933"/>
<SP HEIGHT="50" WIDTH="31" VPOS="3717" HPOS="1168"/>
<String CONTENT="B." HEIGHT="51" WIDTH="66" VPOS="3717" HPOS="1200"/>
<SP HEIGHT="52" WIDTH="31" VPOS="3716" HPOS="1267"/>
<String CONTENT="Pound" HEIGHT="52" WIDTH="205" VPOS="3715" HPOS="1299"/>
<SP HEIGHT="52" WIDTH="37" VPOS="3715" HPOS="1505"/>
<String CS="1" CONTENT="&#8230;"/>
<SP HEIGHT="51" WIDTH="72" VPOS="3715" HPOS="1598"/>
<String CONTENT="Athens," HEIGHT="67" WIDTH="238" VPOS="3715" HPOS="1671"/>
<SP HEIGHT="66" WIDTH="30" VPOS="3716" HPOS="1910"/>
<String CONTENT="Division" HEIGHT="129" WIDTH="1964" VPOS="3714" HPOS="117"/>
<SP HEIGHT="33" WIDTH="37" VPOS="3810" HPOS="238"/>
<String CONTENT="of" HEIGHT="52" WIDTH="61" VPOS="3791" HPOS="276"/>
<SP HEIGHT="65" WIDTH="35" VPOS="3791" HPOS="338"/>
<String CONTENT="publications," HEIGHT="67" WIDTH="397" VPOS="3790" HPOS="374"/>
<SP HEIGHT="64" WIDTH="36" VPOS="3793" HPOS="772"/>
<String CONTENT="The" HEIGHT="52" WIDTH="123" VPOS="3792" HPOS="809"/>
<SP HEIGHT="53" WIDTH="33" VPOS="3793" HPOS="933"/>
<String CONTENT="University" HEIGHT="67" WIDTH="336" VPOS="3791" HPOS="967"/>
<SP HEIGHT="49" WIDTH="36" VPOS="3809" HPOS="1304"/>
<String CONTENT="of" HEIGHT="54" WIDTH="63" VPOS="3791" HPOS="1341"/>
<SP HEIGHT="56" WIDTH="34" VPOS="3791" HPOS="1405"/>
<String CONTENT="Georgia" HEIGHT="68" WIDTH="247" VPOS="3791" HPOS="1440"/>
<SP HEIGHT="49" WIDTH="43" VPOS="3810" HPOS="1688"/>
<String CS="1" CONTENT="["/>
<String STYLE="superscript" CONTENT="c" HEIGHT="21" WIDTH="18" VPOS="3798" HPOS="1750"/>
<String CONTENT="1935]" HEIGHT="64" WIDTH="150" VPOS="3795" HPOS="1774"/>
</TextLine>
<TextLine HEIGHT="50" WIDTH="1137" VPOS="3862" HPOS="187" CS="1">
<String CONTENT="4" HEIGHT="38" WIDTH="28" VPOS="3864" HPOS="187"/>
<SP HEIGHT="46" WIDTH="25" VPOS="3864" HPOS="216"/>
<String LANG="fr" CS="1" CONTENT="p."/>
<SP/>
<String LANG="fr" CS="1" CONTENT="l."/>
<String CONTENT="," HEIGHT="14" WIDTH="8" VPOS="3895" HPOS="350"/>
<SP HEIGHT="47" WIDTH="28" VPOS="3862" HPOS="359"/>
<String CONTENT="245," HEIGHT="47" WIDTH="98" VPOS="3862" HPOS="388"/>
<SP HEIGHT="29" WIDTH="30" VPOS="3882" HPOS="487"/>
<String CONTENT="[1]" HEIGHT="48" WIDTH="54" VPOS="3863" HPOS="518"/>
<SP HEIGHT="38" WIDTH="29" VPOS="3873" HPOS="573"/>
<String CONTENT="p." HEIGHT="37" WIDTH="44" VPOS="3873" HPOS="603"/>
<SP HEIGHT="39" WIDTH="56" VPOS="3863" HPOS="648"/>
<String CONTENT="illus." HEIGHT="40" WIDTH="127" VPOS="3863" HPOS="705"/>
<SP HEIGHT="48" WIDTH="28" VPOS="3863" HPOS="833"/>
<String CONTENT="(map)" HEIGHT="49" WIDTH="158" VPOS="3863" HPOS="862"/>
<SP HEIGHT="50" WIDTH="63" VPOS="3862" HPOS="1021"/>
<String CS="1" CONTENT="27&#215;21c" HEIGHT="42" WIDTH="177" VPOS="3862" HPOS="1085"/>
<String STYLE="superscript" CONTENT="m" HEIGHT="21" WIDTH="27" VPOS="3866" HPOS="1282"/>
<String CONTENT="." HEIGHT="8" WIDTH="9" VPOS="3895" HPOS="1315"/>
</TextLine>
<TextLine HEIGHT="49" WIDTH="1327" VPOS="3918" HPOS="183">
<String CONTENT="Autographic" HEIGHT="48" WIDTH="330" VPOS="3918" HPOS="183"/>
<SP HEIGHT="29" WIDTH="35" VPOS="3927" HPOS="514"/>
<String CONTENT="reproduction" HEIGHT="46" WIDTH="338" VPOS="3919" HPOS="550"/>
<SP HEIGHT="28" WIDTH="36" VPOS="3930" HPOS="889"/>
<String CONTENT="of" HEIGHT="39" WIDTH="51" VPOS="3919" HPOS="926"/>
<SP HEIGHT="39" WIDTH="31" VPOS="3919" HPOS="978"/>
<String CONTENT="type-written" HEIGHT="48" WIDTH="330" VPOS="3918" HPOS="1010"/>
<SP HEIGHT="30" WIDTH="35" VPOS="3928" HPOS="1341"/>
<String CONTENT="copy." HEIGHT="39" WIDTH="133" VPOS="3928" HPOS="1377"/>
</TextLine>
<TextLine HEIGHT="54" WIDTH="1986" VPOS="3983" HPOS="119" CS="1">
<String CONTENT="&#169;" HEIGHT="53" WIDTH="52" VPOS="3983" HPOS="119"/>
<SP HEIGHT="53" WIDTH="21" VPOS="3983" HPOS="172"/>
<String CONTENT="Jan." HEIGHT="40" WIDTH="108" VPOS="3988" HPOS="194"/>
<SP HEIGHT="38" WIDTH="20" VPOS="3990" HPOS="303"/>
<String CONTENT="4," HEIGHT="46" WIDTH="40" VPOS="3990" HPOS="324"/>
<SP HEIGHT="47" WIDTH="24" VPOS="3989" HPOS="365"/>
<String CONTENT="1936;" HEIGHT="47" WIDTH="138" VPOS="3987" HPOS="390"/>
<SP HEIGHT="46" WIDTH="24" VPOS="3988" HPOS="529"/>
<String CONTENT="2c." HEIGHT="40" WIDTH="67" VPOS="3988" HPOS="554"/>
<SP HEIGHT="40" WIDTH="23" VPOS="3988" HPOS="622"/>
<String CONTENT="Feb." HEIGHT="41" WIDTH="111" VPOS="3988" HPOS="646"/>
<SP HEIGHT="40" WIDTH="23" VPOS="3989" HPOS="758"/>
<String CS="1" CONTENT="14;" HEIGHT="39" WIDTH="54" VPOS="3989" HPOS="782"/>
<SP HEIGHT="37" WIDTH="26" VPOS="3999" HPOS="864"/>
<String CONTENT="aff." HEIGHT="42" WIDTH="80" VPOS="3988" HPOS="891"/>
<SP HEIGHT="41" WIDTH="25" VPOS="3989" HPOS="972"/>
<String CONTENT="Feb." HEIGHT="40" WIDTH="109" VPOS="3988" HPOS="998"/>
<SP HEIGHT="39" WIDTH="24" VPOS="3989" HPOS="1108"/>
<String CS="1" CONTENT="13;" HEIGHT="40" WIDTH="54" VPOS="3989" HPOS="1133"/>
<SP HEIGHT="47" WIDTH="23" VPOS="3989" HPOS="1216"/>
<!-- cceid A2CA98C7-6E3A-1014-83DD-942C093A1DD9 --><String CONTENT="A" HEIGHT="39" WIDTH="42" VPOS="3989" HPOS="1240"/>
<SP HEIGHT="40" WIDTH="20" VPOS="3988" HPOS="1283"/>
<String CONTENT="93049;" HEIGHT="49" WIDTH="170" VPOS="3987" HPOS="1304"/>
<SP HEIGHT="47" WIDTH="27" VPOS="3989" HPOS="1475"/>
<String CONTENT="University" HEIGHT="47" WIDTH="282" VPOS="3988" HPOS="1503"/>
<SP HEIGHT="37" WIDTH="21" VPOS="3998" HPOS="1786"/>
<String CONTENT="of" HEIGHT="39" WIDTH="53" VPOS="3988" HPOS="1808"/>
<SP HEIGHT="41" WIDTH="23" VPOS="3988" HPOS="1862"/>
<String CONTENT="Georgia," HEIGHT="49" WIDTH="219" VPOS="3988" HPOS="1886"/>
</TextLine>
<TextLine HEIGHT="49" WIDTH="660" VPOS="4042" HPOS="189" CS="1">
<String CONTENT="Division" HEIGHT="40" WIDTH="220" VPOS="4043" HPOS="189"/>
<SP HEIGHT="28" WIDTH="25" VPOS="4054" HPOS="410"/>
<String CONTENT="of" HEIGHT="38" WIDTH="51" VPOS="4044" HPOS="436"/>
<SP HEIGHT="47" WIDTH="21" VPOS="4044" HPOS="488"/>
<String CONTENT="publications." HEIGHT="49" WIDTH="339" VPOS="4042" HPOS="510"/>
<SP/>
</TextLine>
</TextBlock>
</PrintSpace>
</Page>
</Layout>
</alto>