2665 4370
1176 4075 27 48 1

195 434 186 65 April,
407 433 264 65 Nathan,
701 436 171 51 1882-

263 511 57 53 A
346 509 171 69 guide
546 514 58 48 to
630 508 219 54 federal
879 508 288 69 appellate
1197 508 310 68 procedure;
1569 507 306 55 handbook
1907 508 93 54 for
194 526 1976 116 counsel

310 586 1824 69 about to engage in a federal appeal, by Nathan April …
193 667 140 51 New
363 665 179 66 York,
570 664 434 54 Prentice-Hall
1032 664 127 67 inc.,
1188 667 149 50 1936.

265 737 1196 51 ] p. l., v-xxx p., 1 l., 522 p. 1 illus. 23½ cm .
268 795 178 41 Covers
480 793 215 51 practice
727 794 49 39 in
814 795 81 40 the
928 794 187 41 Circuit
1147 795 164 40 courts
1340 794 53 40 of
1426 794 199 48 appeals
1659 793 96 40 and
1791 792 231 49 Supreme
2059 797 137 37 court

195 852 53 41 of
275 853 83 40 the
386 852 179 41 United
596 851 176 41 States.

267 908 149 40 Rules
442 908 53 40 of
522 908 82 40 the
632 907 179 42 United
841 907 164 41 States
1032 905 186 44 Circuit
1244 908 165 39 courts
1436 906 52 41 of
1511 908 200 47 appeals;
1769 917 44 38 p.
1841 906 217 41 273-498.

200 974 53 54 ©
285 979 109 40 Jan.
428 978 39 48 6,
500 977 116 41 1936;
675 977 66 41 2c.
775 978 110 39 Jan.
918 977 59 40 10;
1037 976 81 41 aff.
1153 977 110 40 Jan.
1297 977 54 38 11;
1415 977 41 39 A
1489 976 146 41 91154;
1695 976 375 50 Prentice-Hall,
2106 976 91 41 inc.

281 1035 221 47 (36-843)

194 1136 213 66 Ayres,
438 1138 173 64 Ruby
639 1136 268 64 Mildred,
940 1140 170 50 1883-

267 1214 264 68 Feather,
563 1214 75 68 by
671 1214 172 68 Ruby
875 1213 80 53 M.
990 1212 202 69 Ayres.
1263 1211 232 56 Garden
1530 1211 154 70 City,
1719 1213 71 52 N.
1826 1213 90 66 Y.,
197 1212 1974 142 Doubleday,

355 1293 200 52 Doran
581 1294 47 50 &
655 1308 298 46 company,
978 1290 127 64 inc.,
1134 1293 151 51 1935.

266 1363 529 53 6 p. l., 298 p. 20 cm .
268 1422 162 41 “First
457 1421 227 43 edition.”

199 1491 53 52 ©
278 1495 118 39 Nov.
424 1494 69 47 22,
521 1492 113 41 1935;
692 1493 67 40 2c.
787 1494 96 38 and
909 1492 81 40 aff.
1021 1493 112 39 Dec.
1162 1491 55 39 20;
1276 1492 42 38 A
1345 1491 147 41 91306;
1550 1492 139 48 Ruby
1719 1494 64 38 M.
1812 1493 153 47 Ayres
1997 1494 199 48 Pocock,

276 1552 67 39 St.
375 1550 227 48 George’s
630 1549 117 48 Hill,
783 1549 191 48 Surrey,
1008 1549 234 47 England.
1314 1548 252 48 (36-1012)

195 1652 254 66 Babson,
476 1655 194 63 Roger
697 1652 197 64 Ward,
923 1654 172 51 1875-

268 1728 1928 70 Investment fundamentals, by Roger W. Babson … 3d rev.
198 1810 85 53 ed.
336 1810 140 53 New
499 1808 180 67 York,
701 1808 258 68 London,
979 1808 235 67 Harper
1235 1810 46 51 &
1300 1807 261 54 brothers
1631 1811 151 65 [c1935]

267 1880 1353 49 1 p. l., v-x p., 1 l., 342 p. diagrs. (1 fold.) 19½ cm .
199 1936 53 54 ©
278 1941 112 40 Dec.
416 1938 69 50 30,
513 1938 113 41 1935;
683 1938 66 41 2c.
778 1939 112 41 Dec.
917 1938 82 48 30;
1030 1938 82 41 aff.
1142 1938 110 41 Jan.
1276 1938 40 48 2,
1345 1937 140 50 1936;
1516 1939 42 39 A
1583 1937 171 49 90124;
1785 1934 194 53 Harper
2006 1941 37 40 &
2072 1940 123 42 bros.

279 1997 221 48 (36-423)

197 2097 441 67 Bairnsfather,
669 2099 208 64 Bruce,
911 2102 172 52 1887-

328 2172 1862 71 … Old Bill looks at Europe; illustrated by the author. New
195 2251 1303 71 York, Dodge publishing company [ c 1935]
262 2325 843 49 4 p. l., 3-148 p. plates. 23½ cm .
266 2382 160 42 “First
457 2383 226 41 edition.”

193 2437 53 53 ©
269 2442 118 40 Nov.
411 2442 69 48 25,
505 2442 114 40 1935;
672 2442 67 40 2c.
765 2443 112 39 Dec.
900 2442 83 46 26;
1010 2441 81 41 aff.
1120 2443 109 39 Jan.
1253 2442 40 47 7,
1319 2440 141 49 1936;
1488 2443 40 38 A
1553 2442 144 40 90287;
1753 2443 54 39 B.
1834 2441 362 51 Bairnsfather,

271 2498 229 50 Uckfield,
540 2500 192 47 Sussex,
770 2499 236 48 England.
1081 2497 196 51 (36-990)

195 2602 255 67 Ballard,
484 2605 149 53 Ellis
660 2604 201 64 Ames,
896 2609 172 49 1861-

268 2681 314 69 Catalogue
602 2682 263 54 intimate
891 2683 111 51 and
1027 2681 341 69 descriptive
1392 2681 63 53 of
1477 2700 97 49 my
1597 2681 251 69 Kipling
1871 2684 295 52 collection;

194 2759 191 67 books,
414 2759 381 69 manuscripts
826 2761 111 52 and
967 2760 212 67 letters,
1209 2759 141 53 with
1381 2759 434 68 reproductions
1844 2761 64 53 of
1939 2760 226 53 rarities;

194 2838 129 53 how
355 2840 32 50 I
419 2844 99 62 got
550 2839 173 66 them,
755 2839 130 66 why
918 2840 33 51 I
985 2839 156 67 prize
1175 2838 154 52 them
1363 2839 112 51 and
1510 2838 156 54 what
1697 2839 33 52 I
1763 2838 182 54 failed
1978 2843 58 49 to
2070 2846 122 60 get;

195 2916 141 52 with
383 2916 314 54 inferences
745 2917 112 52 and
905 2916 264 68 opinions
1215 2918 178 65 solely
1437 2935 97 48 my
1582 2935 127 34 own
1756 2916 112 53 and
1915 2917 280 66 probably

195 3012 200 50 wrong
455 2995 93 67 [by]
596 2994 148 55 Ellis
784 2995 172 52 Ames
999 2994 258 53 Ballard.
1331 2992 428 70 Philadelphia,
1799 2995 159 53 Priv.
2001 2994 160 68 print.,

199 3076 151 50 1935.

267 3142 100 48 253,
404 3142 56 50 [1]
494 3152 58 38 p.,
587 3142 25 39 1
667 3175 9 8 l.
709 3142 110 41 incl.
852 3143 137 40 front.
1032 3142 173 49 (port.)
1247 3143 172 48 plates,
1454 3143 215 42 facsims.
1731 3143 55 39 24½
1818 3144 44 21 cm
1867 3173 10 8 .

266 3199 289 40 Illustrated
584 3201 99 46 t.-p.

269 3255 238 41 “Limited
531 3256 50 40 to
607 3266 62 30 an
694 3254 184 42 edition
905 3256 52 40 of
979 3265 90 31 one
1095 3256 221 40 hundred
1342 3257 96 40 and
1463 3258 184 45 twenty
1672 3257 204 47 copies.”
1935 3257 117 41 This
2079 3267 116 39 copy

195 3313 87 39 not
312 3311 278 42 numbered.

202 3367 52 53 ©
291 3373 113 39 Dec.
440 3372 70 47 30,
549 3372 113 40 1935;
730 3372 68 40 2c.
837 3373 96 38 and
972 3371 82 41 aff.
1091 3372 109 39 Jan.
1239 3371 41 47 2,
1318 3371 117 41 1936;
1499 3372 41 39 A
1577 3371 173 48 90105;
1791 3374 51 38 E.
1883 3373 55 40 A.
1978 3374 218 43 Ballard,

270 3428 352 49 Philadelphia.
703 3429 221 48 (36-884)

196 3528 338 68 Bernatzik,
564 3533 175 63 Hugo
767 3531 198 64 Adolf,
997 3533 171 52 1897-

270 3606 181 57 South
484 3628 138 48 seas,
653 3609 76 67 by
758 3610 177 68 Hugo
967 3608 188 55 Adolf
1186 3609 339 59 Bernatzik;
1565 3610 315 55 translated
1913 3609 152 55 from
2100 3611 94 53 the

197 3685 251 55 German
472 3687 77 68 by
572 3686 214 56 Vivian
815 3687 247 69 Ogilvie.
1125 3690 138 52 New
1293 3690 179 54 York,
1498 3690 76 52 H.
1602 3689 148 52 Holt
1775 3691 112 51 and
1916 3708 276 49 company

218 3768 157 50 [ c 1935]
269 3835 98 50 xiv,
394 3837 87 41 167
505 3848 43 37 p.
607 3836 164 49 front.,
802 3839 170 47 plates,
1002 3840 164 46 ports.,
1193 3849 124 38 map.
1374 3839 56 41 23½
1463 3842 43 22 cm
1512 3875 9 7 .

271 3893 164 42 “First
460 3893 260 50 printing.”

198 3947 54 53 ©
282 3953 112 39 Dec.
426 3952 39 47 9,
499 3951 116 41 1935;
673 3952 66 40 2c.
774 3953 93 39 and
901 3952 82 42 aff.
1017 3953 109 40 Jan.
1159 3953 39 45 2,
1230 3953 115 41 1936;
1408 3955 39 40 A
1480 3953 142 44 90141;
1688 3955 168 53 Henry
1890 3956 119 41 Holt
2043 3956 38 40 &
2110 3966 83 38 co.,

272 4008 91 40 inc.
436 4008 221 46 (36-458)
