2519 4377
1139 4124 98 54 179

251 563 93 41 “Of
376 564 139 41 Some
544 565 172 39 letters
747 563 52 41 of
831 563 95 40 and
961 562 290 49 concerning
1281 562 161 48 Major
1475 561 217 42 William
1724 562 154 47 Peery
1910 562 137 39 there
2082 562 90 41 has

180 621 116 40 been
327 620 140 40 made
499 652 45 9 ...
577 631 89 29 one
696 620 220 40 hundred
946 621 94 39 and
1072 619 111 48 fifty
1214 619 159 48 copies
1405 619 52 39 of
1487 620 159 39 which
1678 618 102 41 this
1806 620 43 39 is
1878 629 74 29 no.
1986 618 98 42 17.”

174 687 52 53 ©
256 692 106 39 Feb.
393 692 39 46 5,
458 690 139 47 1930;
628 691 67 40 2c.
726 691 109 40 Feb.
865 692 28 39 7;
948 690 81 40 aff.
1060 691 110 39 Feb.
1202 690 80 47 10;
1314 691 41 38 A
1381 689 171 48 91655;
1584 691 51 40 L.
1665 690 164 48 Perry,
1861 690 198 46 Easton,
2090 689 83 39 Pa.

254 747 249 50 (36-5789)

177 852 195 63 Petty,
402 850 216 55 Orville
647 851 328 64 Anderson,
1007 853 171 53 1874-

248 927 272 60 Common
546 944 155 36 sense
729 927 111 53 and
868 926 127 55 God;
1055 945 30 35 a
1111 925 239 70 critique
1376 927 64 52 of
1466 926 359 66 naturalism,
1851 926 74 68 by
1951 925 221 55 Orville

177 1008 68 50 A.
273 1006 187 66 Petty.
521 1005 139 53 New
687 1005 224 57 Haven,
940 1009 149 49 1936.

247 1079 96 47 xiv,
373 1079 97 47 195,
501 1079 55 49 [1]
587 1090 42 37 p.
690 1079 151 48 diagr.
897 1079 50 39 21
955 1081 45 21 cm
1005 1110 9 9 .

176 1131 52 53 ©
262 1136 108 40 Jan.
404 1135 69 48 23,
508 1136 140 46 1936;
684 1136 67 40 2c.
788 1135 109 40 Feb,
933 1135 81 47 10;
1052 1135 80 40 aff.
1170 1136 110 39 Feb.
1316 1137 51 44 7;
1405 1136 42 38 A
1480 1135 171 47 90096;
1690 1135 51 41 O.
1778 1135 52 39 A.
1866 1135 157 46 Petty,
2059 1135 118 40 New

243 1193 184 39 Haven.
499 1191 251 49 (36-5964)

178 1295 221 53 Punch.
514 1339 10 9 v.
555 1300 116 62 190,
697 1314 88 35 no.
812 1299 154 62 4936,
992 1298 132 52 Jan.
1155 1300 45 61 1,
1230 1299 148 50 1936.

176 1363 2000 54 © 1c. Feb. 27, 1936; A ad int. 21137; pubd. Jan. 1; Herbert Heather,
247 1425 210 40 London.

179 1528 146 64 Ray,
356 1529 261 65 Charles,
651 1535 171 49 1891-

250 1606 345 67 Holtywood
628 1607 204 67 shorts,
863 1606 282 68 compiled
1178 1606 153 53 from
1362 1606 280 54 incidents
1674 1606 59 52 in
1765 1606 96 53 the
1892 1605 284 69 everyday

181 1685 104 52 life
317 1685 63 51 of
412 1703 126 34 men
573 1685 112 52 and
719 1703 215 35 women
966 1686 126 52 who
1126 1684 281 53 entertain
1439 1685 59 52 in
1532 1684 267 68 pictures,
1830 1685 76 67 by
1940 1683 237 56 Charles

180 1764 142 65 Ray.
397 1764 110 52 Los
548 1763 265 66 Angeles,
857 1762 193 66 Calif.,
1093 1762 324 55 California
1458 1762 241 68 graphic
1739 1781 174 49 press,
1956 1766 150 50 1935.

249 1834 1051 50 4 p. l., 177 p. illus. (incl. port.) 26 cm .
253 1891 128 41 “The
409 1891 328 42 illustrations
767 1893 48 39 in
843 1893 99 40 this
969 1893 121 40 book
1119 1902 84 31 are
1234 1923 46 9 ...
1311 1892 60 49 by
1400 1892 170 41 Janice
1600 1893 96 40 and
1726 1892 125 41 Fred
1881 1892 296 49 Penney.”—

178 1948 61 41 3d
267 1949 187 49 prelim,
483 1949 115 41 leaf.

179 2003 52 53 ©
261 2008 117 39 Nov.
408 2008 69 46 24,
509 2007 116 40 1935;
682 2006 66 41 2c.
782 2007 109 39 Feb.
923 2007 69 46 26,
1025 2005 139 49 1936;
1198 2006 81 40 aff.
1313 2007 110 40 Feb.
1455 2006 83 49 24;
1572 2007 43 40 A
1643 2006 170 48 90973;
1850 2007 49 41 C.
1933 2007 121 47 Ray,
2088 2008 92 39 Los

247 2065 217 47 Angeles.
532 2064 250 48 (36-5815)

182 2168 233 63 Roselli,
442 2168 219 54 Bruno.

257 2288 55 9 ...
350 2244 216 53 Italian
600 2244 302 69 yesterday
936 2244 112 53 and
1084 2244 202 69 today;
1325 2264 30 33 a
1389 2244 223 68 history
1645 2243 65 54 of
1742 2243 216 54 Italian
187 2242 1970 150 teaching
313 2324 57 51 in

186 2322 1971 149 the United States. Boston, Mass., The Stratford company [ c 1935]
254 2476 593 49 3 p. l., 3-185 p. 24 cm .
532 2534 132 48 CONTENTS.—pt.
720 2564 12 10 I.
767 2533 271 41 Historical
1073 2534 182 40 section
1302 2533 451 50 (1779-1934)—pt.
1832 2564 12 10 II.
1881 2534 302 49 Geographic

184 2601 175 37 survey
400 2590 162 47 (1934)

182 2644 52 52 ©
267 2649 111 38 Dec.
411 2648 70 47 31,
514 2647 141 46 1935;
692 2648 66 41 2c.
794 2649 93 38 and
921 2648 82 40 aff.
1039 2648 107 39 Jan.
1181 2648 70 49 31,
1286 2646 139 49 1936;
1463 2648 39 38 A
1535 2646 172 49 90586;
1745 2649 53 39 B.
1834 2647 197 47 Roselli,
2065 2648 118 39 New

250 2705 144 40 York.
462 2704 252 49 (36-5794)

184 2806 249 65 Russell,
462 2807 255 54 William
747 2807 291 66 Fletcher,
1070 2813 170 49 1890-

254 2882 234 69 Liberty
533 2902 79 35 vs.
659 2882 267 70 equality,
970 2883 74 68 by
1090 2882 257 55 William
1394 2883 63 53 F.
1506 2882 237 54 Russell.
1819 2882 137 54 New
2006 2882 177 69 York,

185 2961 119 52 The
340 2961 330 53 Macmillan
708 2979 294 51 company,
1040 2964 151 51 1936.

256 3032 63 43 ix,
354 3032 83 40 173
471 3043 43 36 p.
575 3031 56 41 19½
662 3034 45 22 cm
711 3064 9 8 .

533 3089 123 40 CONTENTS.—So
700 3090 253 39 conceived
995 3091 95 39 and
1132 3100 51 29 so
1225 3090 330 42 dedicated.—
1555 3089 207 49 Liberté,
1807 3089 190 49 égalité.
2001 3090 183 41 —Free

187 3145 95 39 and
319 3146 430 46 equal.—Liberty,
788 3146 216 48 equality
1043 3148 94 38 and
1177 3148 81 39 the
1295 3157 161 38 power
1493 3147 362 48 age.—Liberty
1896 3148 93 39 and
187 3148 1976 102 learning.—Laissez-faire

726 3204 95 38 and
859 3204 565 47 education.—Idleness,
1466 3214 27 30 a
1531 3204 212 49 problem
1782 3204 95 40 and
1916 3215 61 29 an
188 3213 1979 93 opportunity.—
454 3259 212 47 Liberty,
719 3259 216 48 equality
990 3260 95 39 and
1136 3260 219 39 national
1409 3260 272 40 education.
1697 3284 59 5 —
1773 3261 101 40 The
1928 3261 150 41 world
2133 3260 52 40 of

188 3315 220 48 thought.

187 3371 52 52 ©
272 3376 110 40 Feb.
414 3376 69 46 18,
515 3374 139 48 1930;
690 3375 67 40 2c.
791 3376 93 38 and
918 3375 82 40 aff.
1035 3375 110 40 Feb.
1178 3374 81 43 19;
1295 3376 39 38 A
1367 3374 170 48 91843;
1575 3376 280 40 Macmillan
1889 3386 67 30 co.

267 3431 249 48 (30-5912)

190 3535 284 65 Samuels,
505 3535 137 54 Saul
674 3534 218 65 Simon,
925 3540 169 50 1895-

267 3654 55 9 ...
355 3610 120 55 The
504 3611 288 66 diagnosis
819 3612 110 52 and
958 3615 302 49 treatment
1287 3610 62 52 of
1379 3609 237 54 diseases
1646 3610 63 52 of
1737 3610 95 52 the
1862 3609 324 68 peripheral

192 3686 1971 145 arteries, by Saul S. Samuels. ... New York, Oxford university press [ c 1936]
194 3834 1973 103 xv p., 1 l., 260 p. illus., diagrs. 22 cm . (Oxford medical publications)
264 3947 223 40 Includes
513 3947 390 48 bibliographies.

193 4001 52 52 ©
274 4006 107 39 Jan.
409 4006 68 41 23.
508 4006 138 47 1936;
679 4007 65 39 2c.
775 4007 108 39 Jan.
913 4006 81 47 28;
1026 4006 81 40 aff.
1137 4007 110 41 Jan.
1276 4007 81 46 29;
1389 4008 39 38 A
1458 4006 170 48 91494;
1662 4008 186 41 Oxford
1878 4007 130 41 univ.
2039 4016 148 40 press,

263 4062 115 40 New
409 4063 142 44 York,
583 4063 90 39 inc.
742 4061 250 50 (36-5920)
