2519 4377
977 4130 123 48 1351

45 481 286 62 Gunther,
358 480 172 64 John,
563 485 170 49 1901-

116 558 195 51 Inside
359 556 243 66 Europe.
693 554 355 68 Completely
1097 554 234 53 revised.
1417 555 89 66 By
1553 553 152 54 John
1759 552 277 53 Gunther.

46 636 135 50 New
213 633 159 52 York
399 634 109 51 and
537 632 257 68 London,
822 634 231 65 Harper
1080 635 43 49 &
1155 633 275 64 brothers,
1460 634 148 50 1936.

118 719 43 35 x,
193 706 86 40 468
311 718 42 36 p.
414 706 54 38 22½
503 708 42 21 cm
551 738 8 8 .

119 763 506 46 “Acknowledgments
690 766 61 37 and
785 760 390 48 bibliography":
1211 773 41 35 p.
1284 761 216 40 457-460.

47 816 51 52 ©
140 820 126 46 Sept.
307 819 67 42 18.
415 819 139 46 1936;
596 818 68 40 2c.
708 819 126 47 Sept.
875 817 80 42 10;
1000 829 81 30 aff.
1124 818 128 47 Sept.
1294 818 83 44 21;
1420 819 41 39 A
1501 817 170 48 97940;
1716 818 41 39 J.
1802 817 235 48 Gunther,

113 875 208 40 London.
389 875 280 49 (36-21033)

45 979 124 62 Hey
175 996 80 46 er,
285 980 336 62 Georgette,
653 983 171 49 1902-

118 1052 1915 70 Behold, here’s poison! By Georgette Heyer … Garden
47 1131 149 67 City,
241 1132 67 51 N.
361 1132 85 66 Y.,
490 1131 141 52 Pub.
682 1130 91 53 for
821 1132 92 51 the
959 1130 189 54 Crime
1196 1130 144 67 club,
1387 1131 127 67 inc.,
1559 1131 74 68 by
1679 1130 354 69 Doubleday.

47 1208 922 68 Doran & company, inc., 1936.
114 1265 524 63 5 p. l., 304 pd 20cm.
117 1337 158 40 “First
304 1337 224 43 edition.”

43 1392 51 52 ©
126 1396 124 47 Sept.
279 1397 39 41 4,
350 1394 138 47 1036;
519 1395 67 40 2c.
613 1395 97 39 and
739 1395 82 40 aff.
854 1395 126 47 Sept.
1011 1395 82 47 23;
1124 1396 41 38 A
1192 1394 171 48 98600;
1395 1395 256 48 Georgette
1681 1395 226 48 Rougier,
112 1396 1909 102 Colgate,
269 1455 191 44 Sussex,
491 1451 236 48 England.
795 1451 280 48 (36-27453)

44 1556 185 52 Hiett,
255 1556 199 63 Harry
478 1556 208 63 Leroy.

115 1630 203 54 Screen
354 1648 220 50 process
608 1629 359 69 production,
999 1630 75 69 by
1107 1630 200 69 Harry
1337 1632 63 52 L.
1435 1631 183 52 Hiett.
1688 1630 348 67 Cincinnati,

46 1706 84 62 O.,
165 1709 118 50 The
319 1707 170 69 Signs
523 1707 64 54 of
619 1708 95 53 the
746 1708 164 52 times
946 1707 335 70 publishing
1314 1727 279 50 company
1636 1741 12 33 [
1654 1715 16 21 c
1677 1712 133 48 1936
1816 1741 10 34 ]

112 1780 83 38 254
224 1791 41 37 p.
293 1781 106 38 inch
428 1780 161 48 front.,
618 1781 128 40 illus.
805 1780 56 41 23½
895 1783 42 21 cm
944 1814 6 6 .

46 1834 52 53 ©
136 1840 117 45 Aug.
295 1839 67 42 10.
402 1839 141 46 1936;
585 1837 66 42 2c.
692 1839 119 46 Aug.
852 1838 81 48 12;
977 1839 80 40 aff.
1099 1841 118 44 Aug.
1258 1840 82 47 11;
1385 1841 40 38 A
1465 1838 170 49 96865;
1683 1840 141 47 Signs
1865 1840 52 38 of
1956 1840 84 39 the

111 1896 141 39 times
279 1895 108 48 pub.
417 1905 66 30 co.
553 1894 279 52 (36-20988)

43 1998 246 56 Hindus,
320 1998 260 53 Maurice
611 1998 319 64 Gerschon,
964 2004 167 49 1891-

173 2074 1627 68 … Moscow skies. New York, Random house [ c 1936 ]
114 2146 86 42 698
230 2158 42 37 p.
333 2146 50 39 21
391 2149 43 21 cm
440 2180 8 7 .

117 2205 59 39 At
208 2204 118 39 head
360 2204 50 38 of
438 2203 134 40 title:
606 2203 217 42 Maurice
852 2204 206 42 Hindus.

44 2258 51 52 ©
126 2263 126 46 Sept.
282 2263 67 39 22.
381 2262 138 40 1036;
551 2263 67 40 2c.
653 2263 128 47 Sept.
810 2262 81 47 25;
924 2262 81 40 aff.
1038 2263 127 47 Sept.
1196 2263 81 47 23;
1310 2264 39 38 A
1379 2262 170 48 98667;
1583 2262 178 40 Morris
1793 2261 247 41 Gerschon

113 2318 205 41 Hindus.
347 2319 115 38 New
490 2319 141 39 York.
699 2318 280 48 (36-21006)

43 2423 185 62 Hoag,
260 2422 204 52 Emlen
496 2422 276 62 Wendell,
807 2429 168 47 1852-

114 2495 164 55 “Just
308 2497 189 69 boys”,
526 2497 171 53 that’s
726 2499 95 66 all,
851 2498 100 52 but
981 2515 156 50 upon
1167 2498 93 52 the
1292 2498 293 54 shoulders
1618 2497 62 53 of
1712 2498 150 53 these
1895 2497 141 67 lads,

44 2589 100 37 our
180 2575 152 67 boys,
370 2573 311 55 America’s
718 2576 196 68 youth,
952 2575 118 52 will
1108 2593 134 35 soon
1283 2581 112 47 rest
1432 2576 93 52 the
1566 2573 470 70 responsibilities

44 2653 109 51 and
186 2652 246 53 likewise
462 2653 93 52 the
588 2653 246 68 security
865 2652 63 54 of
958 2654 92 51 the
1083 2652 213 53 nation.
1363 2653 54 52 A
1448 2653 227 53 treatise
1710 2672 68 34 on
45 2652 1964 130 American
197 2730 366 67 civilization,
617 2731 71 52 its
740 2731 328 52 downward
1118 2731 277 68 tendency
1449 2731 111 52 and
1614 2731 93 52 the
1762 2748 159 35 cause
1979 2748 57 34 as

48 2806 208 53 related
303 2813 57 47 to
405 2808 92 52 the
543 2809 164 51 home
754 2809 111 52 and
911 2809 249 52 mothers
1206 2807 62 53 of
1315 2808 303 52 American
1668 2808 193 68 youth.
1947 2808 89 68 By

47 2883 62 54 E.
133 2884 88 53 W.
249 2885 186 69 Hoag.
498 2884 231 55 Garden
756 2885 205 57 Grove,
990 2885 193 69 Calif.,
1211 2888 149 51 1936.

113 2942 446 63 124 p., 1 l. 18 cm .
46 3011 51 52 ©
122 3016 126 47 Sept.
273 3017 67 42 11,
364 3017 112 40 1936:
530 3017 65 39 2c.
623 3018 126 46 Sept.
775 3018 80 40 14;
883 3017 81 41 aff.
989 3018 101 40 Oct.
1116 3019 80 41 17;
1225 3018 41 39 A
1289 3017 170 42 98354;
1488 3019 52 39 E.
1566 3019 70 39 W.
1663 3019 154 44 Hoag,
1844 3016 194 41 Garden

115 3073 169 46 Grove,
310 3073 144 41 Calif.
517 3072 280 49 (36-20823)

47 3175 351 63 Household,
427 3176 295 64 Geoffrey.

115 3251 118 51 The
281 3250 244 63 Spanish
572 3269 149 39 cave,
764 3252 75 68 by
883 3252 265 67 Geoffrey
1194 3254 326 52 Household;
1603 3254 138 52 with
47 3253 1966 128 illustrations
217 3330 73 56 by
320 3331 200 63 Henry
548 3331 60 55 C.
638 3331 148 52 Pitz.
862 3333 232 54 Boston,
1121 3332 194 57 Little,
1344 3334 227 52 Brown,
1601 3333 110 52 and
1740 3351 297 43 company,

52 3411 142 50 1936.

118 3480 1292 48 5 p. l., 3-202 p. inch illus., plates. front. 21 cm .
46 3532 52 54 ©
127 3538 125 41 Sept.
281 3538 68 42 25.
379 3538 137 47 1936;
547 3538 66 41 2c.
643 3538 95 40 and
769 3539 80 40 aff.
882 3539 126 48 Sept.
1036 3538 82 43 26;
1147 3540 41 39 A
1215 3538 143 43 98653;
1419 3540 51 40 G.
1501 3538 294 50 Household,
1826 3537 211 42 London.

126 3594 277 49 (36-20849)

48 3697 226 62 Jaeger,
306 3698 180 56 Felix.

120 3772 449 56 Verbandlehre;
610 3773 90 53 ein
737 3773 276 53 leitfaden
1053 3773 98 52 für
1188 3775 317 53 Studenten,
1543 3774 336 52 Schwestern
1917 3773 115 52 und

51 3849 1923 68 ärztliches hilfspersonal, von dr. med. habil. Felix Jaeger …
51 3923 1979 73 Mit einem geleitwort von prof. dr. Georg Magnus … Mit 141
51 4000 377 71 abbildungen
457 4005 77 51 im
556 4010 135 48 text.
750 4003 256 71 Leipzig,
1030 4006 55 54 J.
1110 4005 71 53 A.
1205 4006 202 66 Barth,
1434 4009 149 49 1936.
