2519 4377
1083 4098 136 53 1443

157 441 353 62 Brookman,
537 441 196 52 Laura
758 440 141 55 Lou.

149 525 1983 147 Gorgeous, by Laura Lou Brookman. New York, J. H. Hopkins & son, inc. [ c 1936]
218 677 86 41 256
331 688 43 38 p.
436 678 57 40 19½
525 680 43 21 cm
573 710 7 8 .

157 745 53 53 ©
235 750 101 41 Oct.
367 751 68 46 15,
464 749 140 47 1936;
635 750 68 40 2c.
733 749 96 40 and
858 749 82 41 aff.
972 749 101 42 Oct.
1103 750 82 46 17;
1217 751 40 39 A
1285 748 172 49 99398;
1488 749 127 41 John
1646 750 61 38 H.
1738 748 224 49 Hopkins
1990 749 41 40 &
2058 759 99 35 son,

225 806 91 41 inc.
387 806 281 48 (36-22612)

155 907 232 68 Broom,
414 910 236 64 Mybert
680 910 274 65 Eustace,
985 915 170 50 1900-

229 1002 380 52 Educational
663 1000 272 56 statistics
988 1001 95 52 for
1134 1001 314 67 beginning
1498 1000 277 67 students,
1827 1000 75 67 by
1956 1001 78 52 M.
2089 1001 67 52 E.

157 1078 1976 146 Broom … New York, Cincinnati [etc.] American book company [ c 1936 ]
229 1229 134 42 xviii.
401 1229 86 41 318
518 1240 41 37 p.
621 1228 180 48 diagrs.
862 1229 55 40 20½
950 1231 43 22 cm
1000 1261 7 8 .
1078 1228 300 48 (Half-title:
1411 1228 256 40 American
1702 1227 258 41 education
1995 1227 164 48 series,

160 1285 53 41 G.
240 1285 56 41 D.
325 1285 212 48 Strayer,
566 1287 197 46 general
788 1285 183 49 editor)

232 1342 158 41 Series
421 1341 107 41 title
558 1341 48 40 in
636 1344 112 46 part
776 1353 60 30 on
866 1344 98 46 t.-p.

231 1398 244 41 “Selected
507 1396 368 46 bibliography”:
932 1409 44 30 d.
1005 1396 218 42 295-299.

155 1463 52 54 ©
236 1468 126 48 Sept.
391 1468 38 42 9.
457 1469 140 40 1936:
627 1469 67 39 2c.
726 1468 127 47 Sept.
881 1468 81 46 12;
992 1468 81 40 aff.
1107 1466 126 49 Sept.
1264 1469 80 46 14;
1377 1469 37 39 A
1443 1469 170 47 97784;
1645 1469 144 40 Amer.
1833 1468 121 40 book
1980 1478 68 32 co.

235 1524 279 49 (36-22493)

156 1631 246 64 Bryant,
433 1630 170 66 Billy.

227 1719 277 56 Children
540 1720 63 54 of
639 1721 75 55 Ol
722 1721 10 26 5
766 1721 140 53 Man
943 1720 204 68 River;
1189 1722 96 52 the
1319 1720 105 55 life
1459 1722 113 53 and
1609 1720 164 55 times
1809 1721 65 53 of
1907 1740 31 34 a
1978 1722 178 53 show-

155 1799 134 55 boat
322 1804 252 62 trouper,
610 1799 75 53 by
722 1798 158 57 Billy
918 1798 241 68 Bryant.
1237 1798 136 54 New
1415 1798 178 68 York,
1629 1799 65 52 L.
1735 1798 274 68 Furman,
2047 1799 105 53 inc.

177 1878 173 66 [ c 1936]
228 1948 96 46 xiv,
355 1947 85 41 303
470 1958 43 38 p.
573 1947 164 47 front.,
769 1949 169 47 plates,
968 1950 164 47 ports.,
1162 1948 119 41 fold,
1310 1948 217 41 facsims.
1586 1948 54 41 21
1644 1951 44 22 cm
1694 1982 9 9 .

154 2015 54 54 ©
232 2020 121 48 Aug.
378 2022 40 47 7,
446 2020 114 42 1936;
616 2021 68 40 2c.
711 2021 120 46 Aug.
859 2021 28 41 8;
941 2020 82 40 aff.
1050 2021 120 47 Aug.
1198 2020 54 40 11;
1310 2021 40 39 A
1376 2018 144 43 99001;
1578 2021 95 40 Lee
1700 2021 230 50 Furman,
1954 2020 94 42 inc.

233 2077 279 49 (36-27420)

155 2181 203 63 Cabot,
387 2182 200 65 Hugh,
619 2182 171 54 1872-
1002 2182 83 53 ed.

154 2257 1976 150 Modern urology in original contributions by American authors, edited by Hugh Cabot … 3d ed., thoroughly rev. …
153 2417 425 68 Philadelphia,
607 2418 116 53 Lea
752 2421 46 51 &
827 2418 260 68 Febiger,
1119 2422 149 50 1936.

225 2490 29 39 2
279 2501 43 30 y.
382 2490 142 47 illus.,
555 2491 158 47 plates
750 2490 136 49 (part
913 2491 114 47 col.;
1056 2491 24 39 1
1106 2490 145 48 fold.)
1288 2489 178 50 diagrs.
1527 2490 56 40 24½
1615 2492 45 23 cm
1664 2522 10 9 .

226 2547 348 50 Bibliography
600 2550 52 38 at
679 2549 91 39 end
798 2548 52 40 of
875 2550 126 39 most
1028 2547 52 41 of
1105 2548 80 40 the
1213 2549 240 47 chapters.

579 2604 1575 49 CONTENTS.— v. l. General considerations. Diseases of penis and
157 2662 213 41 urethra.
437 2662 229 40 Diseases
703 2662 52 41 of
791 2665 213 38 scrotum
1043 2663 94 40 and
1176 2661 202 42 testicle.
1445 2661 229 41 Diseases
1712 2661 52 40 of
1801 2663 219 47 prostate
2061 2663 93 40 and

156 2719 204 40 seminal
387 2718 326 42 vesicles.—v.
741 2718 41 42 2.
813 2719 228 41 Diseases
1069 2719 51 40 of
1148 2721 81 39 the
1258 2719 215 41 bladder.
1531 2720 230 40 Diseases
1789 2719 52 40 of
1869 2721 80 38 the
1978 2721 179 39 ureter.

155 2775 229 41 Diseases
423 2775 52 41 of
513 2777 81 40 the
633 2776 193 48 kidney.
893 2777 265 40 Radiation
1200 2777 205 48 therapy
1445 2776 52 40 of
1536 2777 187 41 tumors
1764 2776 52 40 of
1855 2778 81 39 the
154 2776 1984 106 genitourinary
384 2837 142 39 tract.

154 2901 53 54 ©
233 2906 102 42 Oct.
361 2908 40 46 7,
427 2906 113 42 1936;
595 2907 66 39 2c.
690 2907 116 40 each
836 2908 103 41 Oct.
965 2907 28 40 9;
1050 2907 81 42 aff.
1160 2907 102 41 Oct.
1290 2907 27 41 8;
1373 2907 40 39 A
1439 2905 145 42 98847;
1638 2906 98 39 Lea
1764 2906 37 40 &
1829 2903 216 49 Febiger.

233 2961 281 51 (36-22329)

156 3067 341 54 California.
572 3069 244 52 District
844 3075 185 47 courts
1058 3070 63 64 of
1146 3068 222 66 appeal.

225 3145 1930 66 Reports of cases determined … March 30, 1936, to May 11,
159 3226 147 50 1936.
383 3223 309 67 Randolph
739 3224 67 52 V.
854 3223 285 67 Whiting,
1186 3228 282 62 reporter;
1517 3224 203 65 Henry
1764 3224 65 51 F.
1877 3219 278 69 Wrigley,

153 3300 254 53 William
445 3302 63 52 F.
545 3303 296 50 Traverso.
874 3303 147 52 Wm.
1058 3301 337 53 Nankervis.
1430 3301 89 67 jr.,
1554 3298 267 56 assistant
1852 3304 301 62 reporters.

154 3379 239 52 Volume
431 3382 59 47 13
525 3379 126 61 (2d)
741 3378 113 53 San
889 3379 319 54 Francisco.
1241 3378 583 66 Bancroft-Whitney
1857 3396 298 48 company,

156 3458 150 51 1936.

220 3527 182 43 xxxvii.
442 3529 84 40 897
564 3539 41 38 p.
673 3529 54 39 22½
760 3531 43 23 cm
810 3560 7 7 .

152 3593 54 54 ©
232 3598 102 41 Oct.
360 3599 69 47 23,
456 3599 140 47 1936;
624 3598 67 42 2c.
720 3599 92 40 and
840 3600 82 40 aff.
952 3600 100 41 Oct.
1080 3600 82 46 31;
1194 3601 38 38 A
1260 3599 170 42 99682:
1461 3597 455 42 Bancroft-Whitney
1977 3606 67 28 co.

156 3718 372 63 Chesterton,
557 3717 226 55 Gilbert
807 3718 201 54 Keith.

224 3794 95 52 An
351 3794 476 67 autobiography,
859 3796 73 66 by
967 3795 68 54 G.
1069 3796 72 53 K.
1178 3795 350 55 Chesterton.
1605 3794 359 67 [Instalment
2001 3797 47 62 8]

255 3867 61 39 (In
345 3863 200 45 London
575 3865 190 51 Tablet,
798 3865 107 43 Oct.
937 3867 71 49 24,
1037 3865 144 49 1936)

151 3932 55 53 ©
236 3937 67 39 1c.
380 3947 71 28 Nov.
485 3938 68 40 13.
586 3937 140 41 1936:
763 3939 37 37 A
836 3938 59 38 ad
930 3939 85 38 int.
1049 3937 170 40 21998:
1255 3937 142 47 pubd.
1435 3936 101 41 Oct.
1570 3936 82 41 23:
1687 3936 211 38 Frances
224 3935 1910 105 Chesterton,
350 3993 346 43 Beaconsfield.
732 3994 173 49 Bucks,
938 3994 237 47 England.
