2519 4377
984 4173 127 51 1201

67 506 323 62 Abraham,
420 506 303 63 Ephraim.

198 581 1861 70 … A Syriac hymnal, edited, arranged, published … by
69 659 278 67 Ephraim
374 661 310 52 Abraham.
762 660 267 66 Chicago,
1054 660 112 66 Ill.,
1193 666 17 21 c
1216 664 148 50 1936.

139 732 27 40 7
193 742 43 37 p.
302 764 7 15 l.,
345 752 9 29 [
359 732 174 49 2]-150,
578 732 39 49 [5]
650 743 44 37 p.
755 732 126 40 illus.
940 732 54 39 21
1000 734 42 21 cm
1048 764 9 8 .

69 784 1988 53 © Mar. 12, 1936; 1c. Mar. 21; 1c. Apr. 16; aff. June 1; A 92975; E.
137 845 259 48 Abraham,
426 844 222 48 Chicago.

65 947 242 65 Adams,
333 949 200 53 James
559 946 281 67 Truslow,
872 949 170 55 1878-

140 1026 260 66 [History
441 1027 62 52 of
543 1027 94 51 the
678 1024 214 56 United
936 1025 204 68 States,
1178 1026 74 67 by
1292 1026 193 54 James
1523 1025 258 53 Truslow
1821 1025 235 53 Adams,

65 1103 221 53 volume
347 1107 45 49 5.
459 1102 361 55 Cumulative
875 1103 348 67 (loose-leaf)
1278 1103 220 67 history
1561 1103 62 52 of
1683 1104 96 51 the
1841 1103 216 55 United

69 1181 203 66 States]
364 1182 233 66 chapter
648 1185 46 49 3.
783 1182 120 51 The
956 1182 196 52 record
1203 1181 63 53 of
1320 1184 148 49 1935.
1567 1182 138 52 [New
1759 1181 179 67 York,
1994 1181 61 54 C.

66 1258 308 56 Scribner’s
403 1277 144 39 sons,
576 1265 17 20 c
601 1262 149 63 1936]

134 1330 144 40 33-64
306 1341 42 36 p.
408 1330 142 47 illus.,
579 1331 172 47 plates,
783 1332 124 46 port.
963 1330 54 41 23½c
1068 1333 27 20 m
1101 1363 8 9 .

133 1387 162 39 Plates
329 1397 82 29 are
443 1386 192 48 printed
670 1397 58 29 on
762 1387 116 39 both
911 1386 143 41 sides.

64 1438 52 53 ©
144 1443 118 46 Aug.
293 1444 38 47 1,
361 1442 112 41 1936
491 1454 9 36 ;
531 1443 66 41 2c.
627 1443 96 39 and
753 1443 81 40 aff.
860 1443 121 47 Aug.
1010 1443 55 39 21
1083 1454 9 35 ;
1125 1443 40 39 A
1193 1442 143 41 98053
1355 1453 8 37 ;
1396 1443 203 41 Charles
1632 1441 265 43 Scribner’s
1928 1453 127 31 sons.

63 1559 186 66 Allen,
277 1561 231 54 Arthur
534 1561 330 67 Augustus,
896 1566 170 51 1885-

135 1637 384 69 Ornithology
544 1638 326 68 laboratory
898 1638 294 64 notebook,
1221 1638 93 53 for
1343 1638 298 68 recording
1671 1638 386 53 observations

66 1718 162 51 made
263 1717 57 51 in
357 1717 96 52 the
488 1716 130 54 field
658 1718 112 51 and
807 1717 214 53 studies
1054 1717 167 52 made
1255 1718 59 50 in
1351 1717 94 53 the
1484 1716 327 67 laboratory
1850 1735 71 34 on
1961 1717 95 52 the

66 1792 1990 69 birds of North America, by Arthur A. Allen … with drawings
63 1871 76 68 by
160 1873 62 51 L.
245 1872 70 52 A.
342 1873 251 66 Fuertes,
614 1890 49 34 B.
690 1890 40 35 S.
758 1873 111 52 and
894 1872 78 52 M.
999 1873 71 51 D.
1096 1872 214 66 Pirnie,
1422 1915 9 9 PH.
1496 1914 9 9 D.
1582 1873 70 51 3d
1678 1873 83 53 ed.
1837 1873 219 66 Ithaca,

65 1950 68 52 N.
162 1950 89 67 Y.,
279 1949 299 55 Comstock
603 1950 336 67 publishing
962 1968 296 49 company,
1284 1950 125 67 inc.,
1439 1953 150 49 1936.

161 2022 783 50 v p., 1 I., 200 p. illus. 27p m .
130 2080 115 48 Map
272 2089 58 31 on
364 2078 333 50 lining-paper.

65 2130 51 53 ©
144 2136 119 47 Aug.
292 2135 68 48 20,
390 2134 112 42 1936
521 2147 9 36 ;
561 2136 66 38 2c.
659 2135 94 39 and
783 2132 81 43 aff.
894 2136 118 46 Aug.
1043 2136 55 38 24
1116 2146 9 36 ;
1156 2135 40 39 A
1224 2134 143 41 98089
1386 2145 8 36 ;
1429 2134 256 41 Comstock
1712 2134 110 48 pub.
1850 2144 82 35 co.,
1963 2134 92 42 inc.

145 2191 278 48 (36-19012)

61 2281 313 54 American
401 2282 220 53 council
649 2298 72 36 on
750 2282 328 55 education.

134 2358 303 52 American
499 2358 358 53 universities
919 2359 110 52 and
1088 2357 256 69 colleges,
1403 2356 189 54 edited
1650 2357 75 68 by
1788 2356 269 55 Clarence

67 2434 249 69 Stephen
343 2435 196 53 Marsh
569 2435 93 54 for
686 2436 96 53 the
808 2435 305 53 American
1143 2435 216 53 council
1386 2453 69 34 on
1486 2436 315 53 education.
1870 2436 70 52 3d
1970 2436 82 53 ed.

62 2513 397 67 Washington,
487 2513 305 54 American
821 2514 218 52 council
1067 2532 70 35 on
1167 2514 317 68 education,
1514 2517 151 51 1936.

134 2587 134 47 xviii,
298 2586 115 40 1129
440 2598 42 37 p.
538 2587 118 40 fold.
686 2588 96 41 tab.
841 2588 54 39 23
900 2591 14 20 cm
948 2621 8 8 .

136 2643 70 40 On
233 2653 139 30 cover
390 2655 9 29 :
425 2645 39 37 A
489 2643 255 41 handbook
771 2645 51 38 of
848 2644 170 46 higher
1044 2643 270 41 education.

136 2699 1916 49 “First edition prepared in 1928 by David Allan Robertson … second
64 2754 182 42 edition
273 2758 234 45 prepared
535 2756 47 39 in
612 2756 113 40 1932
757 2757 60 47 by
845 2757 125 39 John
1001 2757 166 47 Henry
1197 2757 478 48 MaeCracken.”—p.
1704 2758 81 40 vii.

65 2807 52 53 ©
147 2813 113 46 May
290 2813 68 48 11,
389 2812 139 47 1936;
561 2813 67 40 2c.
661 2814 117 46 Aug.
810 2815 82 45 31;
927 2814 80 38 aff.
1040 2814 118 47 Aug.
1190 2814 83 47 29;
1308 2815 40 38 A
1380 2814 170 48 97603;
1586 2816 158 41 Amer.
1774 2814 187 40 council
1996 2825 57 31 on

130 2868 268 42 education.
464 2869 279 50 (36-27314)

59 2959 212 64 Bacon,
299 2961 99 52 Sir
421 2960 286 64 Reginald
736 2961 178 63 Hugh
944 2962 271 62 Spencer.

129 3036 234 54 Jellicoe
394 3037 61 53 of
487 3036 199 66 Scapa.
785 3038 342 52 [Instalment
1157 3044 47 61 3]

161 3108 59 39 (In
252 3104 199 44 London
483 3106 201 52 Sunday
718 3105 242 53 pictorial,
993 3107 116 52 July
1143 3110 71 48 26,
1248 3108 142 50 1936)

63 3159 1987 56 © 1c. Sept. 19, 1936 ; A ad int. 21841 ; pubd. July 26 ; R, H. S. Bacon,
132 3222 217 48 Romsey,
378 3223 173 48 Hants,
580 3223 234 46 England.

60 3309 220 64 Bellah,
308 3310 200 54 James
538 3313 264 62 Warner,
837 3319 168 48 1899-

130 3386 122 53 The
279 3387 158 52 brass
467 3405 153 48 gong
648 3393 133 57 tree,
810 3388 75 67 by
913 3389 192 54 James
1134 3389 242 53 Warner
1405 3389 220 53 Bellah.
1700 3389 138 53 New
1870 3389 180 52 York.

61 3462 255 58 London,
347 3464 69 51 D.
448 3463 576 70 Appleton-Century
1056 3484 296 50 company,
1382 3465 416 69 incorporated,
1831 3469 148 49 1936.

130 3532 553 51 4 p. l. , 236 p. 20 cm .
60 3586 52 54 ©
139 3593 126 47 Sept.
289 3595 39 46 8,
352 3594 139 47 1936;
517 3595 66 39 2c.
610 3596 128 47 Sept.
762 3596 80 47 10;
870 3596 81 42 aff.
978 3598 125 46 Sept.
1128 3597 81 48 11;
1237 3598 39 38 A
1300 3597 142 41 98343
1461 3608 9 36 ;
1497 3599 55 38 D.
1578 3598 474 47 Appleton-Century

132 3659 80 38 co.,
242 3649 90 42 inc.
400 3651 279 48 (36-19090)

60 3738 300 66 Belyavin,
387 3740 163 56 Paul.

133 3815 659 57 Combustion-chamber
831 3819 193 68 design
1068 3821 93 52 for
1202 3819 363 69 oil-engines;
1607 3823 96 51 the
1741 3821 311 67 principles

62 3891 63 52 of
168 3893 93 53 the
307 3895 639 55 combustion-chamber
992 3896 198 68 design
1236 3899 93 52 for
1375 3899 334 67 oil-engines
1755 3899 138 52 with

62 3918 1963 106 mechanical
348 3972 271 65 injection
658 3974 62 51 of
756 3974 138 53 fuel,
930 3975 73 67 by
1038 3977 147 51 Paul
1224 3976 296 70 Belyavin,
1612 3976 256 69 London,
62 3976 1963 124 Constable
262 4053 43 49 &
332 4067 293 43 company,
651 4051 103 54 ltd.
808 4055 135 50 [1936]
