2519 4377
1025 4092 133 52 1157

87 476 174 63 King,
288 474 210 56 Julius.

156 564 151 53 Mild
337 563 257 67 animals,
623 562 75 69 by
729 561 195 55 Julius
951 561 188 67 King;
1174 558 322 56 illustrated
1532 559 70 67 by
1634 559 176 52 Allan
1842 557 236 53 Brooks.

90 642 137 53 New
254 641 177 68 York,
459 640 233 55 Grosset
718 643 46 49 &
790 640 235 67 Dunlap
1060 672 14 34 [
1077 645 19 22 c
1101 641 151 64 1936]

155 725 736 52 4 p. l., 39 p. col. illus. 25 cm.
89 802 53 53 ©
165 807 119 46 Aug.
310 806 39 46 1,
374 805 116 40 1936;
539 804 68 41 2c.
633 804 96 39 and
756 804 81 40 aff.
863 804 118 46 Aug.
1009 803 52 46 5;
1090 804 42 37 A
1154 800 171 48 96741;
1355 801 200 40 Grosset
1580 800 38 41 &
1640 800 211 48 Dunlap,
1876 799 91 41 inc.

155 862 292 48 (36-18531)

87 964 340 64 Liepmann,
456 962 204 64 Heinz,
691 969 169 49 1905-

159 1055 161 52 Fires
341 1053 436 69 underground;
806 1071 30 33 a
859 1051 292 53 narrative
1176 1050 63 54 of
1261 1050 96 54 the
1382 1055 176 48 secret
1580 1050 256 68 struggle
1862 1047 219 55 carried

88 1152 71 34 on
193 1133 73 68 by
297 1133 97 52 the
426 1132 194 69 illegal
653 1130 424 70 organizations
1112 1129 60 53 in
1209 1128 290 69 Germany
1532 1128 183 52 under
1748 1128 234 68 penalty
2019 1127 64 53 of

89 1205 1930 74 death, by Heinz Liepmann. Translated by R. T. Clark …
89 1289 424 68 Philadelphia,
539 1288 258 67 London,
823 1288 56 54 J.
909 1288 66 51 B.
1003 1286 341 68 Lippincott
1369 1303 297 50 company,
1698 1288 149 50 1936.

158 1374 356 50 300 p. 19½ cm .
90 1443 52 53 ©
167 1448 118 46 Aug.
314 1447 38 46 5,
382 1445 139 47 1936;
551 1445 66 40 2c.
647 1444 97 40 and
771 1444 83 40 aff.
883 1444 120 47 Aug.
1031 1443 82 47 19;
1144 1444 40 38 A
1212 1441 170 48 97441;
1415 1443 43 40 J.
1488 1443 53 38 B.
1572 1441 276 48 Lippincott
1877 1452 66 29 co.

170 1503 277 48 (36-18563)

88 1606 255 65 Meader,
372 1604 260 65 Stephen
661 1605 264 64 Warren,
955 1609 170 50 1898-

161 1694 327 70 Trap-lines
523 1694 200 68 north;
765 1712 31 35 a
832 1698 126 48 true
996 1698 156 62 story
1192 1691 65 54 of
1292 1692 97 54 the
1429 1690 297 57 Canadian
1762 1690 207 70 woods,
2008 1692 73 68 by

94 1768 1989 74 Stephen W. Meader … New York, Dodd, Mead and company,
95 1854 145 50 1936.

160 1932 1301 50 xviii p., 1 l., 268 p. front., illus., plates. 21 cm .
165 2004 286 39 Illustrated
482 2004 360 47 lining-papers.

161 2060 158 40 Based
351 2070 59 29 on
443 2061 83 39 the
556 2061 141 47 diary
725 2060 54 40 of
809 2060 99 40 Jim
938 2059 327 41 Vanderbeck.

95 2128 52 53 ©
180 2133 119 46 Aug.
334 2134 69 47 20,
440 2132 116 41 1936;
616 2133 68 41 2c.
721 2134 119 46 Aug.
875 2133 82 47 25;
997 2133 82 40 aff.
1115 2134 119 46 Aug.
1270 2132 82 44 22;
1391 2134 40 38 A
1468 2133 170 47 97530;
1680 2134 43 40 S.
1762 2135 70 39 W.
1872 2134 212 46 Meader,

160 2191 334 45 Moorestown,
517 2191 55 39 N.
598 2191 42 39 J.
704 2190 279 47 (36-18575)

91 2292 317 65 Michigan.
482 2295 277 65 Supreme
789 2301 172 46 count.

165 2370 1917 68 Michigan reports; cases decided … from December 10,
98 2452 149 61 1935,
300 2456 58 46 to
412 2449 200 51 March
667 2452 49 62 2,
771 2451 148 50 1936.
995 2448 210 52 Hiram
1259 2449 62 54 C.
1376 2449 184 66 Bond,
1613 2454 144 47 state
1810 2453 272 63 reporter,

93 2546 48 33 v.
179 2526 116 53 274.
370 2530 80 49 1st
488 2524 82 54 ed.
648 2524 269 69 Chicago,
955 2526 320 67 Callaghan
1311 2527 112 51 and
1458 2545 296 49 company,
1793 2530 149 49 1936.

161 2609 103 50 xlii,
294 2610 84 41 805
407 2620 42 37 p.
508 2610 55 40 23
567 2612 44 21 cm
615 2640 8 8 .

94 2676 52 53 ©
173 2682 118 46 Aug.
318 2680 67 48 20,
414 2679 140 47 1936;
583 2681 67 41 2c.
680 2682 118 46 Aug.
826 2680 81 47 22,;
938 2680 81 41 aff.
1048 2682 118 46 Aug.
1193 2681 83 47 24;
1305 2682 43 38 A
1373 2680 170 49 98072;
1577 2681 183 41 Orville
1788 2683 50 38 E.
1868 2680 218 49 Atwood,

163 2739 244 45 secretary
436 2737 53 39 of
517 2739 128 38 state
674 2737 78 39 for
781 2737 81 40 the
889 2739 127 38 state
1046 2737 51 39 of
1126 2736 258 50 Michigan,
1415 2735 226 50 Lansing,
1673 2737 142 41 Mich.

92 2839 199 64 Miers,
317 2840 139 52 Earl
483 2840 282 63 Schenck,
794 2846 168 51 1910-

164 2918 121 52 The
311 2916 278 55 backfield
619 2916 156 69 feud,
802 2918 76 68 by
907 2918 141 52 Earl
1080 2916 257 56 Schenck
1364 2917 205 69 Miers;
1603 2916 381 55 illustrations
2013 2917 74 69 by

96 2995 159 53 Robb
289 2996 196 52 Beebe.
553 2996 139 53 New
725 2996 180 67 York,
936 2996 258 68 London,
1225 2997 72 52 D.
1331 2996 578 70 Appleton-Century

96 3013 1967 129 company,
295 3074 417 68 incorporated,
747 3078 149 49 1936.

165 3159 1335 50 xi p., 1 l., 302 p. incl. front., illus., plates. 19½ cm .
97 3225 52 52 ©
173 3231 118 45 Aug.
316 3228 69 44 28.
410 3228 140 47 1936;
577 3229 67 40 2c.
671 3230 95 38 and
792 3230 82 41 aff.
899 3231 119 46 Aug.
1043 3229 82 48 29;
1154 3232 40 38 A
1220 3230 169 47 97595;
1419 3232 56 39 D.
1503 3231 474 48 Appleton-Century
2004 3241 81 41 co.,

166 3285 89 41 inc.
319 3286 279 48 (36-18565)

97 3389 276 52 National
397 3388 315 54 industrial
739 3390 344 53 conference
1109 3390 199 56 board.

169 3465 287 55 Elements
498 3464 63 53 of
602 3484 74 34 an
714 3464 305 56 American
1060 3484 272 51 program
1373 3466 94 55 for
1504 3467 172 53 social
1718 3484 292 52 progress;
2055 3487 32 34 a

100 3541 166 55 series
302 3541 63 54 of
397 3542 291 55 addresses
723 3543 283 55 delivered
1043 3549 58 48 at
1135 3545 96 53 the
1264 3543 295 56 twentieth
1596 3547 209 52 annual
1839 3548 247 68 meeting

101 3620 62 52 of
195 3620 93 52 the
324 3620 270 53 National
627 3620 306 55 industrial
964 3621 331 54 conference
1323 3623 196 65 board,
1549 3624 132 52 held
1713 3629 61 49 at
1803 3625 96 52 the
101 3625 1961 125 Waldorf-Astoria
523 3698 172 67 hotel,
724 3699 138 53 New
890 3699 179 69 York,
1098 3700 139 68 May
1265 3703 84 65 28,
1381 3703 150 50 1936.
1595 3702 139 51 New
1765 3703 178 67 York,
104 3703 1958 124 National
307 3776 304 52 industrial
642 3775 329 55 conference
999 3777 194 67 board,
1222 3778 107 53 inc.
1366 3782 171 64 [1936]

172 3860 805 50 cover-title, 1 p. l., 68 p. 23 cm .
448 3930 405 49 CONTENTS.—Introductory
897 3932 232 47 remarks,
1177 3934 60 47 by
1281 3933 155 48 Virgil
1482 3934 361 42 Jordan.—The
1890 3936 100 41 role
2036 3939 52 39 of

104 3983 195 49 science,
327 3985 59 47 by
411 3985 123 39 Karl
560 3985 51 40 T.
639 3985 410 50 Compton.—The
1074 3989 104 40 role
1198 3989 51 40 of
1275 3989 216 49 religion,
1516 3991 60 47 by
1603 3991 182 49 Bishop
1813 3992 203 42 Francis
2042 3994 43 41 J.
