2519 4377
1032 4078 130 50 1801

156 522 476 48 Autobiographical.

93 591 52 53 ©
184 596 122 40 Mar.
344 595 69 47 17,
454 593 114 40 1936;
636 595 65 39 1c.
744 594 127 47 Sept.
912 594 81 46 14;
1037 593 309 41 A-Foreign
1384 593 171 41 33012:
1601 595 161 39 Eugen
1808 592 284 40 Diederiehs

162 652 178 47 verlag.
411 650 281 50 (36-36201)

91 755 119 53 The
252 758 312 61 mortgage
604 753 192 55 lifter:
842 772 31 34 a
917 753 273 67 practical
1232 754 114 66 hog
1387 754 174 64 book;
1607 754 228 53 written
1877 754 74 66 by
1995 754 92 52 the

158 830 232 69 leading
422 831 113 68 hog
570 828 337 56 authorities
942 830 63 53 of
1040 829 262 54 America
1339 829 93 54 for
1465 830 96 53 the
1594 829 205 53 benefit
1832 829 64 54 of
1929 830 160 53 those

160 908 253 71 engaged
448 908 58 52 in
541 908 94 53 the
669 909 174 52 swine
874 908 282 69 industry.
1222 907 270 70 Chicago,
1527 907 112 70 Ill.,
1675 908 135 69 Hog
1841 908 250 68 breeder,

156 988 105 53 inc.
301 991 193 64 [c1936]

160 1073 84 41 255
274 1085 43 37 p.
376 1073 128 41 illus.
546 1073 133 49 (incl.
710 1075 174 48 ports.)
924 1073 154 49 diagr.
1137 1072 147 42 20½cm.

162 1130 201 42 Preface
392 1132 95 39 and
516 1130 332 42 introduction
876 1130 168 50 signed
1063 1142 8 28 :
1102 1132 51 40 P.
1181 1131 52 41 V.
1263 1131 183 49 Ewing.

93 1198 52 54 ©
170 1203 116 38 Nov.
315 1204 39 46 6,
383 1202 140 41 1936:
551 1201 65 40 2c.
647 1202 95 39 and
771 1202 81 40 aff.
879 1203 117 39 Nov.
1024 1201 53 43 9;
1109 1203 35 38 A
1173 1200 146 41 98080;
1377 1202 108 44 Hog
1513 1201 211 48 breeder,
1754 1203 88 38 inc.

172 1258 280 49 (36-34809)

92 1364 143 51 New
260 1364 160 51 York
447 1367 160 49 trust
632 1379 306 48 company.

165 1444 132 50 1936
332 1442 387 52 amendments
754 1438 271 68 affecting
1061 1440 163 66 wills,
1259 1445 177 48 trusts
1473 1441 111 52 and
1620 1445 202 49 estates
1857 1442 60 51 in
1954 1441 139 52 New

96 1519 177 66 York,
313 1518 300 67 including
653 1523 256 61 excerpts
954 1517 150 53 from
1149 1519 94 52 the
1286 1520 216 64 Report
1546 1517 62 54 of
1653 1519 93 51 the
1788 1518 305 67 Mortgage

93 1595 356 54 commission
485 1595 63 55 of
584 1596 95 54 the
714 1600 145 49 state
893 1596 63 53 of
992 1597 138 53 New
1167 1595 162 54 York
1365 1614 59 35 as
1458 1603 58 49 to
1552 1595 279 68 proposed
94 1596 1976 144 legislation,
271 1674 111 54 and
423 1692 331 49 emergency
795 1679 294 61 mortgage
1131 1675 153 52 laws.
1385 1674 139 52 [New
1566 1675 180 67 York]
1791 1676 122 52 The
1954 1675 138 53 New

96 1753 160 51 York
280 1757 148 48 trust
454 1770 280 48 company
783 1755 156 50 [c1936]

163 1823 759 52 2 p. l., [7]-149, [1] p. 22½cm.
164 1881 284 40 Loose-leaf.

95 1948 53 53 ©
180 1954 118 38 Aug.
329 1951 69 41 31.
432 1950 140 48 1936;
607 1950 68 42 2c.
709 1951 101 41 Oct.
842 1950 53 48 2;
932 1951 81 39 aff.
1048 1950 101 41 Oct.
1184 1951 51 40 1:
1272 1952 38 37 A
1344 1949 143 40 99087
1507 1962 7 29 :
1551 1952 115 37 New
1702 1951 127 38 York
1864 1952 131 39 trust
2029 1961 66 30 co.

176 2007 280 50 (36-35040)

95 2111 337 66 Nicholson,
459 2112 233 52 Arthur
720 2111 154 64 Pole,
904 2113 171 53 1870-

163 2188 159 70 Urge
345 2188 64 54 of
433 2188 124 69 life,
580 2188 76 69 by
682 2187 225 54 Arthur
931 2188 139 53 Pole
1095 2186 326 55 Nicholson.
1484 2187 259 68 London,
1771 2189 64 51 T.
94 2190 1978 145 Butterworth,

325 2267 103 54 ltd.
469 2270 172 65 [1936]

163 2340 87 41 256
279 2352 44 38 p.
383 2340 145 42 19½cm.

97 2407 2001 53 © 1c. Dec. 4, 1936; A ad int. 22137: pubd. Oct. 5; A. P. Nicholson,
169 2468 209 40 London.
443 2466 280 50 (36-36431)

97 2574 294 64 Patmore,
417 2573 213 65 Derek,
662 2578 170 50 1908-

230 2647 1865 71 I decorate my home, by Derek Patmore; with drawings by
95 2724 922 69 A. Costa. London, Putnam [1936]
166 2797 1351 50 xiv p., 1 l., 213 p. incl. front, (port.) plates. 21cm.
169 2854 130 42 Most
339 2855 52 40 of
432 2855 82 40 the
553 2855 159 48 plates
754 2854 341 49 accompanied
1136 2854 62 48 by
1239 2855 155 48 guard
1437 2855 162 40 sheets
1644 2854 119 41 with
1807 2855 292 49 descriptive

98 2911 293 48 letterpress.

100 2979 2000 56 © 1c. Dec. 5. 1936: A ad int. 22127 : pubd. Oct. 26: D. Patmore, London.
181 3039 280 48 (36-36605)

100 3145 172 62 Pray,
303 3146 156 51 Leon
488 3146 63 52 L.

173 3222 1926 67 Common mushrooms, by Leon L. Pray … Chicago, Field
103 3318 248 34 museum
382 3301 62 51 of
473 3300 223 52 natural
728 3299 237 66 history,
996 3304 148 48 1936.

172 3372 282 42 cover-title.
492 3371 55 40 68
585 3383 41 36 p.
694 3372 128 41 illus.
889 3371 146 41 21½cm.
1113 3372 162 42 (Field
1315 3383 213 29 museum
1571 3373 52 37 of
1659 3374 195 39 natural
1897 3374 205 47 history.

104 3430 124 46 Dept.
273 3428 51 40 of
351 3428 191 47 botany.
603 3429 184 40 Leaflet
817 3440 73 28 no.
988 3436 13 40 18)

103 3495 53 54 ©
183 3500 114 47 July
321 3499 70 43 28,
419 3498 139 48 1936;
587 3498 68 42 2c.
680 3499 93 39 and
802 3499 80 40 aff.
914 3501 118 46 Aug.
1060 3500 52 41 1:
1143 3502 39 37 A
1209 3499 171 41 97216:
1414 3501 134 39 Field
1580 3511 212 29 museum
1824 3502 53 38 of
1903 3503 196 38 natural

174 3557 202 46 history.

104 3660 258 64 Redlich,
391 3660 276 53 Herbert.

288 3735 1812 69 … Reisende komödianten, ein Schauspieler erzählt seinen
106 3829 135 46 weg.
316 3811 224 66 Zürich,
574 3811 165 53 Albis
771 3812 196 69 verlag
997 3833 46 34 a.
1074 3831 52 50 g.
1164 3815 170 66 [1936]

177 3882 749 50 2 p. l., 7-196, [1] p. 18 ½ cm.
107 3950 53 53 ©
188 3957 119 39 Mar.
336 3956 38 46 1,
402 3955 141 44 1936;
572 3957 66 39 1c.
669 3957 125 39 June
821 3955 52 42 3:
902 3959 37 36 A
1005 3957 205 46 Foreign
1237 3956 170 42 32008:
1441 3957 335 49 Albis-verlag,
1804 3968 105 32 a.-g.

187 4011 279 50 (36-36209)
