2519 4377
1020 4107 99 49 333

78 467 1992 68 The faith and its furtherance [by] E. Y. Mullins … H. W.
145 544 1897 149 Tribble … Land] W. O. Carver … Nashville, Tenn., Broadman press [c1935]
146 698 86 40 264
261 709 44 37 p.
364 696 59 41 20cm.

151 754 58 38 In
242 755 95 38 two
369 754 136 45 parts
523 763 9 29 :
569 754 66 46 pt.
691 784 8 16 I,
732 753 100 39 The
865 752 196 46 Baptist
1093 751 145 49 faith,
1273 752 62 47 by
1367 752 54 41 E.
1453 752 53 39 Y.
1542 751 200 40 Mullins
1773 754 94 39 and
1905 752 60 40 H.
1999 752 72 40 W.

78 809 221 47 Tribble;
332 811 65 45 pt.
474 841 8 15 II,
515 809 101 40 The
645 809 317 39 furtherance
992 809 51 39 of
1075 810 80 38 the
1189 810 176 46 gospel,
1398 809 59 47 by
1490 810 71 39 W.
1595 808 52 41 O.
1682 808 193 41 Carver.
1937 809 134 39 Each

79 870 109 44 part
219 868 102 38 also
351 866 254 48 published
634 867 289 47 separately.

150 923 170 41 “Some
344 923 149 40 books
516 922 80 40 for
620 923 195 39 further
843 922 174 48 study”
1036 934 9 28 :
1075 934 42 37 p.
1144 922 217 40 263-264.

77 992 52 53 ©
166 997 121 39 Mar.
326 996 38 47 9,
405 995 139 48 1936;
583 996 66 42 2c.
690 997 121 39 Mar.
849 995 82 47 21;
973 995 82 41 aff.
1096 997 121 39 Mar.
1256 995 81 47 19;
1379 996 43 39 A
1458 995 169 48 92446;
1672 996 197 47 Sunday
1909 997 163 38 school

140 1053 148 39 board
325 1053 54 38 of
412 1054 80 39 the
530 1053 242 40 Southern
810 1053 194 46 Baptist
1040 1052 301 47 convention,
1378 1052 265 40 Nashville.
1715 1051 282 50 [Copyright
2031 1052 42 39 is

144 1110 204 39 claimed
375 1120 58 28 on
463 1120 105 29 new
598 1107 240 50 material]
911 1108 249 48 (36-8086)

76 1211 226 63 Fisher,
329 1213 255 52 Herbert
612 1212 209 52 Albert
847 1212 282 62 Laurens,
1161 1217 170 49 1865-

145 1304 55 50 A
243 1302 221 67 history
510 1302 62 52 of
620 1303 246 66 Europe.
972 1319 50 35 [v.
1070 1306 48 62 3]
1171 1303 121 51 The
1337 1301 200 53 liberal
1583 1301 368 68 experiment,
1998 1303 74 67 by

76 1380 1970 144 H. A. L. Fisher … Boston and New York, Houghton Mifflin company, 1936.
146 1510 1168 69 xii p., 2 l., [813]-1271, xviii p. maps. 22½cm.
145 1587 190 40 “Books
362 1586 157 41 which
547 1597 112 38 may
686 1587 54 40 be
770 1585 278 42 consulted”
1079 1590 51 37 at
1158 1587 90 40 end
1279 1586 52 40 of
1360 1587 117 40 each
1507 1586 214 48 chapter.

77 1654 52 52 ©
166 1658 109 39 Feb.
311 1658 69 47 25,
417 1657 140 47 1936;
595 1658 68 41 2c.
701 1658 121 39 Mar.
859 1658 52 46 5;
950 1656 82 41 aff.
1068 1658 121 39 Mar.
1225 1658 54 44 4;
1319 1657 39 38 A
1396 1656 170 48 92128;
1607 1658 58 38 H.
1705 1658 52 38 A.
1796 1658 50 40 L.
1887 1657 181 40 Fisher

148 1715 199 47 Oxford,
385 1715 235 46 England.

77 1817 189 63 Fitch,
293 1816 237 65 Abigail
555 1816 226 54 Hetzel.

145 1893 183 53 When
360 1893 93 52 the
485 1891 173 54 white
693 1892 174 53 camel
902 1891 151 53 rides
1092 1892 110 68 [by]
1241 1891 68 53 A.
1345 1891 76 53 H.
1457 1892 184 52 Fitch.
1717 1890 138 54 New
1894 1892 179 67 York,

75 1970 68 54 N.
176 1970 87 66 Y.,
293 1970 121 52 The
444 1969 248 53 Henkle-
699 1967 270 55 Yewdale
998 1969 190 67 house,
1219 1969 105 52 inc.
1361 1971 192 66 [c1936]

143 2039 86 41 305
259 2050 43 38 p.
362 2039 84 48 19½cm.

77 2096 53 52 ©
159 2102 120 37 Mar.
309 2100 68 46 31,
409 2100 139 47 1936;
580 2099 67 43 2c.
677 2101 99 38 and
803 2099 82 40 aff.
916 2100 112 47 Apr.
1060 2099 52 47 6;
1146 2100 39 38 A
1212 2098 170 48 92752;
1415 2101 54 40 A.
1501 2101 60 40 H.
1594 2100 154 49 Fitch,
1781 2102 116 38 New
1927 2101 143 39 York.

155 2170 249 50 (36-8017)
1864 2169 119 42 2123

75 2273 344 67 Frankfort,
450 2274 203 65 Henri,
687 2275 172 54 1897-

258 2351 1813 68 … Oriental institute discoveries in Iraq, 1933/34; fourth
76 2429 374 67 preliminary
487 2437 193 60 report
720 2430 62 52 of
820 2431 94 52 the
954 2431 136 65 Iraq
1128 2429 346 67 expedition,
1512 2431 75 66 by
1626 2432 183 51 Henri
76 2432 1972 141 Frankfort,
239 2508 139 51 with
408 2526 29 33 a
465 2508 234 66 chapter
727 2508 73 66 by
829 2505 282 55 Thorkild
1140 2508 294 54 Jacobsen.
1512 2507 268 68 Chicago,
1809 2510 112 67 Ill.,
1950 2510 122 52 The

75 2584 334 67 University
435 2585 62 52 of
526 2585 251 67 Chicago
805 2604 156 48 press
994 2587 192 65 [c1935]

144 2659 64 44 xi,
245 2657 82 40 103
362 2669 43 37 p.
470 2658 164 45 front.,
670 2657 142 48 illus.,
846 2658 153 46 diagr.
1064 2659 23 37 1
1124 2657 116 40 fold.
1279 2659 126 46 plan.
1470 2658 85 47 24½cm.
1692 2658 125 47 (The
1852 2659 221 40 Oriental

74 2714 227 40 institute
335 2714 52 40 of
421 2715 85 39 the
540 2714 281 47 University
858 2714 51 40 of
945 2712 223 49 Chicago.
1235 2714 223 40 Oriental,
1492 2714 226 40 institute
72 2716 1983 104 communications,
239 2781 74 29 no.
341 2770 79 48 19)

146 2826 1926 50 First report has title: Tell Asmar and Khafaje … by Henri Frankfort,
73 2883 235 40 Thorkild
340 2883 235 40 Jacobsen
607 2884 97 39 and
736 2883 191 40 Conrad
959 2883 246 41 Preusser.
1268 2882 183 41 Second
1484 2886 161 45 report
1678 2884 88 40 has
1799 2884 107 40 title
1926 2895 7 29 :
1968 2885 104 40 Tell

74 2942 175 38 Asmar
280 2940 218 47 Khafaje
530 2941 94 38 and
658 2940 291 39 Khorsabad;
1008 2941 175 38 second
1216 2939 312 48 preliminary
1563 2943 163 44 report
1758 2941 54 39 of
1843 2942 81 39 the
1959 2943 115 46 Iraq

76 2997 290 47 expedition,
401 2998 60 46 by
495 2997 150 39 Henri
687 2996 281 39 Frankfort.
1033 2996 151 39 Third
1223 2999 165 44 report
1422 2997 89 39 has
1547 2996 135 40 title:
1723 2998 113 46 Iraq
75 3007 1980 86 excavations
238 3053 50 40 of
323 3055 82 38 the
441 3053 219 40 Oriental
696 3053 239 47 institute,
973 3052 234 47 1932/33-
1337 3063 8 30 :
1387 3052 131 40 third
1555 3052 317 49 preliminary
1911 3055 159 44 report

74 3110 53 39 of
155 3112 83 38 the
267 3112 112 45 Iraq
409 3109 279 49 expedition
716 3110 61 47 by
808 3109 153 39 Henri
995 3108 281 40 Frankfort.

78 3176 52 52 ©
158 3181 109 38 Dec.
298 3181 68 45 17,
394 3179 139 42 1935:
565 3179 66 41 2c.
661 3180 111 39 Dec.
801 3179 55 39 23;
916 3178 81 41 aff.
1029 3179 109 39 Jan.
1169 3179 68 46 18,
1264 3177 117 41 1936;
1436 3179 44 39 A
1504 3177 143 41 90342;
1710 3178 282 48 University
2020 3180 53 39 of

147 3236 221 48 Chicago,
398 3236 223 47 Chicago.

79 3339 194 63 Frees,
299 3339 198 62 Harry
523 3337 302 55 Whittier.

148 3414 241 52 Toodles
428 3414 109 51 and
577 3414 102 51 her
720 3412 249 68 friends;
1012 3413 395 67 photographs
1444 3412 74 67 by
1559 3411 198 68 Harry
1797 3410 276 55 Whittier

83 3491 179 51 Frees.
339 3489 268 70 Chicago,
642 3490 186 68 Band,
863 3489 270 69 McNally
1168 3491 45 49 &
1247 3506 278 52 company
1565 3491 192 66 [c1936]

150 3561 82 49 [61]
268 3572 41 37 p.
370 3562 127 40 illus.
557 3562 179 40 14×17cm.

80 3631 52 51 ©
160 3636 119 39 Mar.
308 3635 68 47 25,
406 3636 139 46 1936;
575 3635 67 41 2c.
671 3637 112 46 Apr.
811 3636 52 45 3;
892 3635 82 40 aff.
1004 3636 112 46 Apr.
1145 3636 53 44 4;
1230 3636 41 38 A
1297 3634 171 48 92776;
1500 3635 155 48 Rand,
1686 3635 224 47 McNally
1939 3635 35 39 &
2003 3643 68 31 co.

151 3691 248 48 (36-8054)

81 3793 200 64 Fryer,
309 3794 252 54 William
588 3796 275 62 Thomas,
892 3814 178 48 comp.

151 3870 1918 70 Readings on personal property … compiled by William T.
87 3946 1985 70 Fryer … 2d ed. Washington, D. C., The Washington law
85 4022 141 52 book
253 4042 293 50 company,
574 4028 149 50 1935.
