2519 4377
1019 4107 129 50 1041

111 473 206 63 Beard,
343 472 241 54 Charles
609 471 238 67 Austin,
875 474 168 53 1874-

180 551 119 52 The
330 549 308 54 discussion
670 550 62 54 of
761 550 213 52 human
1005 549 193 53 affairs;
1263 568 70 33 an
1363 548 228 68 inquiry
1621 549 121 54 into
1773 549 96 52 the
1898 553 202 48 nature

111 628 61 53 of
215 629 93 51 the
350 632 343 61 statements,
736 628 316 66 assertions,
1095 626 352 68 allegations,
1489 626 213 67 claims,
1741 626 177 67 heats,
110 630 1965 142 tempers,

283 706 351 66 distempers,
667 706 250 66 dogmas,
949 704 112 53 and
1093 703 352 53 contentions
1477 703 184 53 which
1694 722 212 49 appear
1937 705 160 52 when

110 782 209 52 human
350 780 194 56 affairs
574 801 94 34 are
697 782 283 53 discussed
1010 785 112 52 and
1150 781 121 53 into
1298 782 95 54 the
1422 780 323 69 possibility
1774 781 63 53 of
1864 784 234 65 putting

109 878 147 35 some
282 861 195 65 rhyme
506 859 111 53 and
645 878 195 35 reason
867 860 119 54 into
1011 877 279 49 processes
1317 859 62 52 of
1404 858 328 69 discussion,
1759 860 73 66 by
1863 859 236 55 Charles

108 936 1851 68 A. Beard … New York, The Macmillan company, 1936.
179 1010 657 49 vii p., 1 l., 124 p. 20½ cm .
108 1064 52 53 ©
188 1069 127 39 June
341 1068 68 47 16,
438 1067 139 46 1936;
607 1068 68 38 2c.
706 1068 93 39 and
828 1068 82 40 aff.
941 1069 126 39 June
1098 1068 51 39 17;
1211 1068 39 38 A
1276 1066 140 41 96021;
1479 1068 48 40 C.
1559 1068 52 40 A.
1643 1067 174 48 Beard,
1847 1068 116 39 New
177 1061 1903 109 Milford,
330 1124 145 40 Conn.
541 1123 279 48 (36-27286)

105 1227 265 65 Bentley,
394 1228 154 53 John
574 1228 271 62 Edward,
875 1230 169 52 1887-

179 1304 265 54 Problem
484 1304 284 65 children;
813 1323 72 34 an
924 1304 386 53 introduction
1350 1309 58 48 to
1448 1303 94 53 the
1583 1303 170 68 study
1793 1303 64 52 of
109 1302 1964 148 handicapped

356 1381 255 54 children
640 1382 59 53 in
726 1382 95 52 the
846 1382 150 69 light
1022 1381 63 54 of
1110 1381 149 54 their
1284 1381 433 69 physiological,
109 1382 1965 145 psychological,
239 1460 111 53 and
375 1459 171 55 social

571 1460 1528 68 status, by John Edward Bentley … New York,
107 1537 88 53 W.
222 1538 88 53 W.
341 1537 219 54 Norton
587 1540 45 49 &
658 1556 295 49 company,
980 1538 107 53 inc.
1122 1571 191 34 [c1936]

178 1612 122 38 xxiii
338 1623 56 37 p.,
431 1612 22 38 1
512 1643 8 8 l.,
573 1612 86 40 437
696 1623 41 37 p.
806 1613 127 40 illus.
1000 1612 52 39 21
1058 1615 43 20 cm
1107 1644 8 8 .

179 1668 161 40 “First
372 1668 226 40 edition.”

179 1724 387 48 Bibliographies
593 1727 52 39 at
671 1726 91 39 end
788 1725 51 40 of
864 1726 240 46 chapters.

105 1777 51 52 ©
184 1782 112 46 May
322 1781 68 47 28,
419 1781 113 41 1936;
588 1781 66 41 2c.
682 1783 125 39 June
835 1781 25 39 2;
919 1781 81 42 aff.
1029 1783 126 39 June
1182 1784 25 39 3:
1266 1783 39 39 A
1333 1782 143 41 94720;
1535 1784 69 39 W.
1637 1785 69 40 W.
1736 1785 184 41 Norton
1950 1785 37 40 &
2013 1795 82 38 co.,

173 1837 89 41 inc.
329 1838 277 47 (36-27284)

103 1940 256 65 Blondel,
386 1941 279 64 Maurice,
698 1948 170 49 1861-

176 2016 1924 73 L’Être et les êtres, par Maurice Blondel … Paris, F. Alcan,
107 2098 150 50 1935.

176 2168 1921 53 2 p. l., [7]-540 p., 1 l. 23 cm . (On cover: Bibliothèque de philosophie
107 2226 413 48 contemporaine)

105 2278 1992 55 © Jan. 4, 1936; 1c. Jan. 17; A- Foreign 30224; M. Blondel, Aix en
174 2340 253 48 Provence,
460 2340 198 40 France.
728 2339 278 48 (36-17435)

103 2428 228 66 Brown,
361 2430 219 53 Esther
606 2429 215 54 Lucile.

176 2504 1918 70 Social work as a profession, by Esther Lucile Brown … 2d
103 2583 82 52 ed.
260 2583 138 53 New
425 2584 177 52 York.
628 2585 222 52 Bussell
879 2584 146 68 Sage
1053 2584 361 67 foundation,
1445 2589 147 50 1936.

172 2656 549 48 2 p. l., 120 p. 20½ cm .
103 2708 52 53 ©
181 2714 114 46 May
319 2713 69 47 21,
415 2713 140 47 1936;
583 2713 66 40 2c.
678 2714 126 39 June
830 2715 51 41 8;
911 2713 80 40 aff.
1021 2715 125 38 June
1172 2715 53 40 4;
1255 2714 41 39 A
1321 2713 170 46 94780;
1523 2714 192 39 Russell
1747 2715 121 47 Sage
174 2714 1903 95 foundation.
358 2769 277 47 (36-27312)

103 2859 217 66 Bryan,
348 2860 287 64 Dorothy.

173 2936 255 52 Tammie
488 2937 112 52 and
655 2937 129 52 that
840 2955 218 50 puppy,
1115 2937 75 67 by
1248 2936 262 68 Dorothy
1569 2936 112 53 and
1739 2935 353 70 Marguerite

104 3012 211 65 Bryan.
391 3012 137 54 New
561 3014 178 65 York,
771 3014 190 65 Dodd,
992 3014 170 53 Mead
1196 3013 112 53 and
1340 3031 297 50 company,
1671 3017 148 50 1936.

176 3083 780 48 [32] p. illus. (part col.) 21½ cm.
174 3140 285 40 Illustrated
497 3142 95 46 t.-p.
633 3142 94 38 and
764 3139 361 49 lining-papers.

176 3196 160 39 “First
371 3196 224 40 edition.”

105 3250 52 53 ©
185 3255 114 46 July
325 3255 70 45 22,
425 3255 138 45 1936;
595 3255 67 39 2c.
693 3255 114 47 July
838 3256 81 45 24;
952 3256 81 40 aff.
1064 3256 118 45 Aug.
1213 3257 52 46 5;
1298 3257 39 38 A
1367 3257 169 42 97264;
1571 3256 218 48 Dorothy
1822 3259 61 38 M.
1915 3258 179 46 Bryan,

175 3311 118 40 Glen
322 3311 137 48 Cove,
489 3312 48 38 L.
570 3313 50 42 I.,
650 3312 55 39 N.
734 3313 52 38 Y.
852 3311 278 47 (36-17479)

104 3400 223 64 Butler,
351 3401 222 53 Walter
601 3402 62 53 C.

174 3477 1918 69 The night flower, by Walter C. Butler … New York, The
105 3555 302 67 Macaulay
438 3574 279 49 company
933 3591 13 33 [c1936]

175 3627 609 49 3 p. l., 5-311 p. 19½ cm .
106 3680 51 52 ©
186 3685 114 45 July
327 3684 68 41 24.
426 3684 115 40 1936;
596 3684 67 42 2c.
694 3685 92 39 and
818 3685 81 41 aff.
929 3685 115 47 July
1074 3685 81 46 29;
1188 3686 40 39 A
1256 3685 171 46 96668;
1461 3685 259 47 Macaulay
1748 3695 65 29 co.

185 3740 277 47 (36-16935)

106 3830 277 63 Calahan,
409 3831 219 53 Harold
659 3831 319 64 Augustin.

170 3904 175 54 Wind
370 3906 110 52 and
507 3906 115 52 tide
646 3906 59 52 in
732 3907 169 68 yacht
926 3904 216 70 racing,
1164 3906 75 68 by
1261 3906 226 53 Harold
1514 3905 291 69 Augustin
1831 3905 256 56 Calahan

164 3981 1927 71 … and John B. Trevor, jr. … Illustrated with photographs,
