2519 4377
1281 4057 133 54 1766

342 352 330 64 Gilbreath,
696 352 223 64 Joseph
946 352 161 54 Earl.

411 430 122 53 The
557 429 186 54 vision
766 430 65 55 of
856 430 128 56 God
1011 431 114 52 and
1149 430 95 53 the
1267 430 175 54 social
1464 431 184 67 order,
1669 431 76 67 by
1769 433 56 54 J.
1854 432 142 53 Earl
2022 431 303 56 Gilbreath;

342 507 288 54 foreword
668 507 78 70 by
781 506 194 55 Rufus
1013 508 80 54 M.
1134 508 190 55 Jones.
1402 511 139 52 New
1581 510 164 53 York
1791 516 137 62 [etc.]
1976 511 267 67 Fleming
2280 512 75 53 H.

339 587 201 54 Revell
568 605 285 51 company
1069 623 13 33 [c1936]

413 660 85 42 191
527 672 43 38 p.
662 660 27 41 19½cm.

342 728 53 53 ©
427 732 102 40 Oct.
562 732 68 42 17,
664 730 117 41 1936;
841 731 67 39 2c.
942 732 97 38 and
1073 730 81 42 aff.
1189 732 118 39 Nov.
1341 730 56 39 14:
1459 733 40 38 A
1532 730 146 41 99834:
1742 731 221 47 Fleming
1996 733 61 40 H.
2091 732 165 41 Revell
2294 742 66 30 co.

423 788 285 50 (36-33924)

343 892 162 55 Gisla
530 908 149 48 saga
703 891 349 58 Sürssonar.

412 972 122 53 The
576 990 140 49 saga
762 971 65 56 of
870 970 169 68 Gisli,
1083 989 100 36 son
1227 971 64 54 of
1338 971 176 68 Sour;
1562 972 319 55 translated
1927 973 157 53 from
2124 974 98 53 the
2266 973 95 54 old

344 1050 290 54 Icelandic
672 1050 77 67 by
786 1050 195 68 Ralph
1022 1052 67 52 B.
1130 1050 203 67 Allen;
1374 1050 327 54 illustrated
1740 1052 75 66 by
1855 1051 293 54 Rockwell
2188 1052 173 54 Kent.

343 1130 139 52 New
523 1129 182 66 York,
744 1130 315 62 Harcourt,
1100 1130 183 52 Brace
1326 1129 112 53 and
1479 1146 281 51 company
1808 1164 13 33 [
1826 1136 18 21 c
1850 1134 153 63 1936]

411 1200 939 52 viii, [1] p , 1 l., 148 p. illus. 24 cm .
410 1259 317 42 Illustration
757 1271 61 30 on
847 1261 100 48 t.-p.

339 1315 2007 102 “A translation of the definitive and scholarly text by Finnur J ó ns son.”—Pref.
411 1432 162 42 “First
607 1432 232 43 edition.”

343 1499 53 52 ©
425 1504 119 40 Nov.
574 1502 71 48 19,
676 1502 117 41 1936;
852 1502 68 42 2c.
951 1504 119 39 Nov.
1102 1503 56 40 25;
1221 1503 82 41 aff.
1335 1505 119 38 Nov.
1486 1502 56 40 27:
1604 1504 40 38 A
1676 1502 175 41 100696;
1912 1505 264 47 Harcourt,
2209 1505 157 39 Brace

414 1560 38 40 &
478 1570 82 40 co.,
588 1560 92 40 inc.
750 1559 284 50 (36-34378)

342 1664 359 66 Hesseltine,
727 1664 259 57 William
1010 1666 167 64 Best,
1206 1672 173 49 1902-

412 1745 56 51 A
493 1744 225 67 history
743 1742 65 56 of
833 1744 96 53 the
958 1742 202 69 South,
1190 1744 330 67 1607-1936,
1546 1745 77 67 by
1647 1745 265 55 William
1942 1748 67 51 B.
2039 1745 325 55 Hesseltine

403 1822 1243 68 … New York, Prentice-Hall, inc., 1936.
414 1895 103 48 xiii,
545 1896 87 40 748
659 1907 43 37 p.
759 1895 57 40 21
819 1898 45 21 cm
869 1929 8 8 .
946 1896 302 49 (Half-title:
1275 1896 365 42 Prentice-Hall
1666 1895 192 49 history
1886 1895 153 41 series;
2099 1896 50 42 C.
2177 1897 186 42 Wittke

392 1952 223 48 … editor)
416 2009 250 40 “Selected
694 2007 372 49 bibliography”
1096 2009 54 39 at
1173 2008 93 40 end
1294 2008 53 40 of
1374 2008 119 40 each
1522 2008 215 49 chapter.

343 2075 53 53 ©
419 2080 118 38 Nov.
562 2078 56 40 10,
656 2077 118 41 1936;
826 2077 69 42 2c.
918 2077 99 40 and
1042 2077 82 42 aff.
1149 2078 119 41 Nov.
1294 2077 56 40 27;
1404 2079 41 38 A
1469 2076 175 42 101026;
1698 2078 380 51 Prentice-Hall,
2105 2079 90 40 inc.

425 2135 284 49 (36-34114)

341 2240 269 67 Hogben,
640 2240 283 56 Lancelot
952 2239 279 67 Thomas,
1263 2245 174 51 1895-

411 2318 407 55 Mathematics
863 2318 94 54 for
999 2319 96 54 the
1136 2318 255 67 million;
1437 2338 31 34 a
1513 2318 249 69 popular
1805 2320 111 54 self
1959 2322 288 67 educator,
2290 2322 75 68 by

340 2397 1999 150 Lancelot Hogben; illustrations by J. F. Horrabin … London,
500 2478 70 56 G.
599 2478 176 52 Allen
804 2481 46 51 &
878 2477 236 67 Unwin,
1141 2477 106 54 ltd.
1281 2481 173 64 [1936]

415 2551 28 41 5
476 2562 43 38 p.
552 2552 30 39 1.,
637 2551 222 50 [13]-647,
900 2550 54 51 [1]
989 2562 44 37 p.
1068 2550 111 41 incl.
1211 2549 166 48 front.,
1413 2551 145 47 illus.,
1595 2551 180 48 diagrs.
1836 2551 56 39 22½cm.

415 2609 165 42 “First
606 2608 259 50 published
890 2609 50 40 in
971 2609 282 47 September
1280 2608 115 41 1936;
1452 2610 175 39 second
1655 2609 290 48 impression
1973 2608 207 42 October
2206 2609 159 42 1936.”

415 2668 203 40 “Issued
653 2669 51 40 in
739 2665 226 42 America
1001 2667 62 48 by
1098 2667 72 41 W.
1206 2667 73 40 W.
1315 2667 188 39 Norton
1536 2667 92 40 inc.
1665 2667 154 40 under
1855 2667 82 40 the
1970 2667 112 40 title
2116 2668 115 39 Man
2268 2669 95 39 and

343 2725 390 42 mathematics.”

343 2793 2025 53 © 1c. Nov. 27, 1936; A ad int. 22082; pubd. Sept. 29; W. W. Norton &
414 2864 82 39 co.,
521 2855 89 39 inc.
675 2853 283 50 (36-35570)

343 2961 252 61 Hoover,
625 2959 248 55 Charles
899 2958 229 54 Potter.

413 3034 1891 70 Water supply and treatment, by Charles P. Hoover …
344 3115 405 68 Washington,
781 3115 72 53 D.
889 3113 81 69 C.,
1000 3113 276 54 National
1309 3113 133 54 lime
1478 3113 338 54 association
1858 3147 13 34 [
1874 3120 19 22 c
1900 3116 152 65 1936]

413 3189 65 49 ix,
507 3189 71 49 [3],
602 3188 87 40 145
712 3199 42 38 p.
815 3187 164 50 front.,
1006 3188 142 48 illus.,
1175 3187 177 49 diagrs.
1414 3186 57 41 23½
1504 3189 44 21 cm
1551 3219 9 7 .
1633 3188 256 49 (National
1916 3187 115 40 lime
2055 3187 307 41 association.

343 3245 217 41 Bulletin
588 3245 113 51 211)

414 3303 213 41 “Second
658 3301 228 41 edition.”

343 3369 52 52 ©
429 3373 128 48 Sept.
589 3373 71 48 26,
693 3371 141 49 1936;
869 3372 67 41 2c.
972 3373 95 38 and
1100 3371 83 41 aff.
1217 3372 102 40 Oct.
1352 3370 84 43 23;
1470 3372 41 38 A
1542 3369 202 49 100068;
1780 3371 130 39 Natl.
1944 3370 115 41 lime
2091 3379 131 32 assn.

423 3428 284 49 (36-34121)

341 3534 267 64 Hudson,
637 3533 242 65 Manley
907 3534 257 65 Ottmer,
1195 3538 173 50 1886-
1582 3534 84 53 ed.

415 3613 168 55 Cases
626 3614 113 52 and
780 3614 163 53 other
983 3613 294 53 materials
1319 3632 72 35 on
1431 3612 409 54 international
1883 3612 130 67 law,
2054 3611 190 54 edited
2286 3611 76 67 by

340 3689 1995 147 Manley O. Hudson … 2d ed. … St. Paul, Minn., West publishing co., 1936.
412 3843 64 46 xl,
508 3842 115 40 1440
654 3854 44 36 p.
756 3842 58 40 26
816 3845 44 20 cm
866 3875 8 8 .
944 3841 283 48 (American
1256 3842 238 41 casebook
1526 3841 178 47 series;
1739 3842 71 40 W.
1842 3841 54 39 A.
1932 3840 198 48 Seavey,
2161 3842 199 46 general

341 3898 183 48 editor)

415 3954 178 42 “Table
618 3955 56 39 of
699 3964 137 31 cases
865 3953 256 50 reported”;
1178 3965 43 38 p.
1249 3953 201 41 xii-xvi.
