2519 4377
1045 4113 100 48 289

94 472 120 52 The
243 471 144 63 king
419 469 63 53 of
516 467 289 68 England,
838 466 221 66 George
1092 484 47 47 v,
1171 465 72 67 by
1276 464 95 53 the
1404 463 212 54 editors
1649 463 64 53 of
1745 460 341 55 “Fortune”.

165 546 230 54 Garden
441 545 153 68 City,
637 543 72 53 N.
756 542 56 52 Y.,
890 541 356 69 Doubleday,
1290 541 197 52 Doran
1531 542 46 51 &
1621 556 296 52 company,
1963 538 125 67 inc.,

163 628 150 50 1936.

161 714 28 37 4
217 723 43 38 p.
290 712 44 47 l.,
364 710 56 40 71
449 720 44 38 p.
582 708 26 41 19½
641 710 44 21 cm
689 740 10 9 .

163 781 160 40 “First
360 779 225 42 edition.”

94 849 51 52 ©
174 854 120 37 Mar.
323 852 39 47 6,
390 850 139 41 1936:
559 850 67 40 2c.
655 850 94 39 and
776 848 81 40 aff.
888 849 118 37 Mar.
1038 847 81 46 12;
1150 848 39 37 A
1217 846 170 42 93132:
1420 846 298 48 Doubleday,
1749 846 164 38 Doran
1943 845 37 40 &
2007 853 82 33 co.,

166 910 90 39 inc.
321 907 248 48 (36-7517)

91 1040 522 65 Krarup-Nielsen,
641 1039 185 63 Aage,
856 1043 171 49 1891-

165 1131 135 52 Hell
337 1130 222 69 beyond
595 1129 96 53 the
728 1145 148 49 seas;
916 1146 31 32 a
985 1126 266 53 convict’s
1289 1143 128 35 own
1451 1130 157 64 story
1645 1125 64 53 of
1745 1125 88 52 his
94 1124 1970 139 experiences
297 1209 59 52 in
401 1209 96 52 the
542 1206 224 53 French
811 1206 169 68 penal
1025 1206 319 51 settlement
1390 1205 59 51 in
1496 1203 245 67 Guiana,
1787 1203 183 53 retold
2016 1203 74 69 by

94 1288 161 69 Aage
281 1285 512 68 Krarup-Nielsen.
856 1284 139 53 New
1024 1283 178 66 York,
1219 1283 121 53 The
1366 1282 319 69 Vanguard
1711 1301 157 50 press
1891 1315 12 33 [
1909 1289 17 21 c
1934 1285 133 49 1936
2073 1316 12 34 ]

164 1369 1923 55 vi, p., 3 l., 3-297 p. incl. front, (map) plates, 2 facsim. on 1 l. 21 cm .
166 1446 127 41 “The
322 1456 112 29 man
461 1445 110 40 who
595 1444 128 40 lived
751 1443 212 48 through
989 1442 99 40 this
1116 1443 282 47 experience
1427 1442 183 41 desires
1640 1444 49 39 to
1716 1443 185 40 remain
96 1453 1975 92 nameless

217 1503 94 39 and
341 1502 257 40 unknown.
658 1500 22 39 I
709 1501 124 40 have
861 1499 127 41 tried
1018 1503 51 38 to
1095 1500 140 40 retell
1262 1500 76 39 his
1366 1502 134 46 story
1529 1509 57 31 as
1611 1500 39 40 it
1680 1509 99 31 was
1809 1501 100 40 told
1940 1504 47 37 to
2016 1512 73 30 me

96 1562 58 47 by
180 1583 60 5 —
267 1559 188 42 convict
484 1570 75 30 no.
588 1556 396 49 44,792.”—Pref.

164 1618 292 40 Translated
482 1618 61 47 by
569 1616 52 41 E.
649 1615 51 42 C.
726 1616 259 40 Ramsden.

167 1675 324 41 “Authorized
523 1673 202 50 English
756 1672 295 41 translation
1084 1672 51 40 of
1165 1672 81 42 the
1277 1671 189 41 Danish
1497 1672 189 41 volume
1718 1672 238 42 Helvedet
1990 1675 100 39 bin-

94 1733 128 41 sides
249 1734 159 47 havet,
435 1733 61 47 by
521 1732 54 40 A.
602 1729 456 50 Krarup-Nielsen.”

95 1801 52 53 ©
181 1805 109 39 Feb.
324 1805 68 45 11,
427 1802 139 47 1936;
603 1802 67 40 2c.
707 1802 109 38 Feb.
852 1802 81 45 17;
971 1800 81 41 aff.
1089 1801 120 38 Mar.
1243 1800 81 41 17:
1362 1800 41 40 A
1436 1799 143 40 93245;
1644 1801 267 47 Vanguard
1944 1810 148 39 press,

165 1861 90 40 inc.
285 1862 95 38 and
408 1861 182 38 Hearst
618 1857 290 49 magazines,
939 1858 103 46 inc.,
1072 1858 117 38 New
1216 1857 144 41 York.
1429 1857 250 48 (36-7606)

95 1979 230 63 Kroger
349 1994 249 48 grocery
619 1977 116 52 and
760 1975 222 64 baking
1006 1991 84 38 co.

170 2068 156 52 Meat
377 2065 491 68 merchandising;
924 2063 231 53 student
1206 2064 221 52 market
1477 2064 316 69 manager’s
1846 2066 247 52 manual.

97 2145 347 68 Cincinnati,
480 2144 87 67 O.,
602 2143 228 69 Kroger
863 2161 236 51 grocery
1135 2143 111 52 and
1282 2142 216 69 baking
1534 2161 96 50 co.,
1668 2145 149 51 1936.

165 2234 27 41 5
218 2244 43 40 p.
322 2264 9 16 l.,
356 2230 85 41 404
465 2241 44 39 p.
560 2229 130 43 illus.
743 2230 57 41 22
804 2232 44 21 cm
851 2262 10 10 .

168 2304 129 40 Each
330 2303 181 42 section
543 2303 234 49 preceded
810 2303 60 47 by
902 2302 237 42 half-title
1169 2305 83 38 not
1284 2303 223 40 included
1540 2303 46 38 in
1621 2304 80 39 the
1732 2305 190 47 paging.

168 2362 158 40 Blank
355 2371 146 39 pages
531 2360 79 41 for
642 2359 204 43 “Notes”
890 2359 249 48 (399-404)

168 2419 213 42 “Second
408 2417 226 42 edition.”

98 2487 52 52 ©
191 2491 110 39 Feb.
341 2491 69 47 20,
452 2490 139 46 1936;
634 2490 68 39 2c.
744 2490 95 38 and
880 2488 82 42 aff.
1002 2490 120 38 Mar.
1165 2488 82 48 12,;
1291 2489 41 38 A
1371 2487 171 49 93128;
1587 2490 187 47 Kroger
1817 2499 200 39 grocery
2058 2491 38 40 &

167 2547 181 48 baking
369 2558 66 29 co.
499 2546 251 49 (36-7605)

97 2666 262 62 Landau,
387 2666 166 55 Rom.

169 2755 127 54 God
335 2757 48 52 is
421 2773 96 51 my
555 2755 339 66 adventure;
937 2774 33 33 a
1006 2754 146 54 book
1190 2772 71 36 on
1298 2755 234 52 modern
1570 2755 249 68 mystics,
1858 2760 235 48 masters

104 2834 110 52 and
262 2834 269 67 teachers,
577 2833 75 70 by
699 2833 147 52 Rom
893 2832 257 53 Landau.
1234 2833 140 53 New
1422 2833 180 69 York,
1649 2833 70 54 A.
1767 2833 71 53 A.
1887 2833 208 69 Knopf

104 2947 12 33 [
122 2921 18 20 c
145 2916 133 50 1936
284 2947 12 33 ]

169 2999 1320 50 xii p., 2 l., 3-407, iv p., 1 l. front., ports. 22½ cm .
172 3070 343 50 Biographical
555 3071 222 40 sketches
817 3071 96 39 and
955 3071 321 48 descriptions
1317 3071 51 41 of
1407 3072 81 40 the
1528 3072 229 48 religious
1797 3076 297 37 movements

98 3129 261 47 sponsored
398 3128 61 47 by
498 3128 303 48 Keyserling,
845 3127 170 41 Stefan
1058 3128 195 49 George,
1294 3129 69 39 Bo
1403 3128 91 39 Yin
1535 3129 88 46 Ra,
1664 3129 185 40 Rudolf
1888 3130 203 45 Steiner,

101 3184 381 48 Krishnamurti,
512 3184 111 40 Shri
645 3184 169 42 Meher
839 3185 148 48 Baba,
1016 3185 182 49 George
1223 3184 223 49 Jeffreys,
1476 3186 163 39 Frank
1667 3186 264 47 Buchman,
1959 3187 49 40 P.
2037 3188 56 39 D.

100 3241 283 50 Ouspensky
414 3243 96 39 and
543 3242 258 47 Gurdjieff.

171 3299 160 41 “First
370 3300 256 40 American
664 3298 226 44 edition.”

171 3355 373 50 Bibliography:
582 3368 42 37 p.
660 3356 218 41 397-407.

101 3423 52 52 ©
184 3428 120 39 Mar.
335 3427 67 48 16,
434 3427 113 39 1936;
606 3427 67 40 2c.
705 3429 121 39 Mar.
858 3428 80 46 17;
972 3427 81 39 aff.
1084 3428 120 39 Mar.
1236 3427 81 47 18;
1350 3428 43 38 A
1420 3426 170 48 92397;
1624 3428 172 39 Alfred
1827 3429 53 38 A.
1915 3427 180 48 Knopf,

170 3484 88 39 inc.
327 3483 248 49 (36-7512)

104 3601 80 51 La
209 3601 142 63 Rue,
377 3604 137 50 Mrs.
539 3601 192 53 Mabel
762 3601 317 64 (Guinnip)

171 3689 331 68 Hoot-Owl,
537 3690 74 67 by
646 3689 187 53 Mabel
873 3689 260 68 Guinnip
1167 3691 83 51 La
1287 3691 150 65 Rue;
1476 3690 322 54 illustrated
1837 3691 72 67 by
1943 3692 154 51 Kate

107 3765 227 69 Seredy.
406 3767 138 52 New
576 3768 180 65 York,
790 3768 121 52 The
946 3767 333 53 Macmillan
1313 3784 296 51 company,
1642 3772 149 49 1936.

175 3852 62 48 ix,
269 3854 69 48 [1].
366 3854 86 39 207
476 3865 42 36 p.
547 3854 108 40 incl.
685 3856 86 39 col.
796 3855 164 43 front.,
989 3856 85 40 col.
1105 3855 127 40 illus.
1290 3854 55 41 19
1348 3857 43 21 cm
1396 3887 9 8 .

176 3923 285 39 Illustrated
492 3922 361 49 lining-papers.

105 3985 51 52 ©
190 3991 120 39 Mar.
346 3992 67 42 17,
448 3993 113 39 1936:
625 3993 67 41 2c.
728 3995 94 37 and
855 3992 82 41 aff.
972 3995 121 38 Mar.
1130 3994 81 46 18;
1248 3995 40 37 A
1322 3992 171 48 92355;
1534 3995 280 39 Macmillan
1849 4006 65 29 co.

187 4046 247 48 (36-7640)
