2597 4361
1418 4085 65 47 50

447 489 258 55 effective
737 493 117 52 oral
890 492 349 68 expression,
1269 492 76 70 by
1376 493 217 53 Estelle
1624 495 67 51 B.
1726 493 248 68 Hunter,
2095 537 9 9 PH.
2178 537 10 9 B.
2252 494 209 54 Lesson

543 569 1917 73 1[-15] Chicago, The Better-speech institute of America [ c 1935]
518 656 56 40 15
606 666 44 31 v.
710 653 55 43 23½
799 657 45 21 cm
847 686 10 10 .

445 723 53 53 ©
538 729 111 38 Dec.
689 727 40 44 9,
767 726 114 41 1935;
950 728 69 40 2c.
1059 728 118 39 each
1218 729 98 39 and
1354 727 83 41 aff.
1478 729 112 40 Dec.
1631 729 55 40 31;
1753 729 43 39 A
1834 727 172 48 90112;
2048 729 70 38 W.
2161 729 54 40 R.
2256 728 209 49 Hunter,

514 785 283 45 Kankakee,
830 786 76 40 Ill.
976 784 253 49 (36-2388)

446 891 255 63 Hunter,
729 890 213 54 Merlin
971 890 243 65 Harold,
1246 892 172 55 1887-

579 966 1886 70 … Visual outline of economic history of the United States,
445 1045 2019 71 by Merlin H. Hunter … New York, Toronto, Longmans.
446 1125 670 67 Green and co. [ c 1936]
517 1197 68 49 iii,
615 1198 86 41 130
725 1208 42 38 p.
828 1198 57 39 21½
919 1200 45 21 cm
967 1229 9 8 .
1049 1197 261 49 (Students
1340 1198 185 41 outline
1558 1198 175 48 series)

514 1269 323 42 Interleaved.

518 1327 378 49 Bibliography:
922 1337 45 40 p.
994 1326 220 43 129-130.

442 1397 53 53 ©
528 1402 110 40 Jan.
670 1401 41 42 2.
742 1400 115 41 1936;
919 1401 67 40 2c.
1017 1403 98 38 and
1147 1401 83 40 aff.
1265 1402 109 39 Jan.
1409 1402 56 39 17;
1528 1403 40 38 A
1601 1401 143 41 91272;
1811 1403 290 48 Longmans.
2136 1403 156 40 Green
2326 1404 37 40 &
2395 1414 65 30 co.

525 1458 253 50 (36-2189)

445 1563 396 64 Hutchinson,
874 1563 239 53 Arthur
1142 1563 533 65 Stuart-Menteth,
1712 1570 172 50 1880-

518 1642 52 51 A
603 1659 135 52 year
764 1642 130 53 that
922 1641 97 55 the
1046 1642 272 67 locust—,
1345 1642 75 69 by
1448 1641 73 54 A.
1554 1641 57 56 S.
1640 1642 80 53 M.
1752 1642 385 53 Hutchinson.
2203 1642 259 69 London,

448 1722 45 54 I.
525 1721 312 53 Nicholson
866 1723 47 51 &
941 1721 260 68 Watson,
1230 1718 243 70 limited,
1505 1724 150 50 1935.

515 1794 87 42 350
632 1807 45 38 p.
736 1794 166 48 front.,
933 1795 173 49 plates,
1137 1798 126 47 port.
1323 1795 116 41 21cm.

518 1863 292 42 Reflections
845 1865 97 39 and
977 1864 385 45 reminiscences,
1400 1865 198 40 written
1634 1867 47 38 in
1721 1866 81 40 the
1837 1866 128 39 form
2002 1866 52 39 of
2089 1877 26 29 a
2154 1868 155 46 diary,
446 1867 1998 106 February
623 1926 53 40 to
703 1923 130 50 July,
862 1923 129 42 1935.

443 1994 2002 111 © 1c. Jan. 2, 1936; A ad int. 20984; pubd. Nov. 7, 1935; A. S. M. Hutchinson, Tunbridge Wells, England. (36-3106)
446 2159 197 66 Irwin,
669 2159 256 56 William
952 2160 227 63 Henry,
1210 2163 170 51 1873-

516 2237 389 70 Propaganda
942 2236 114 54 and
1093 2236 97 55 the
1225 2254 182 49 news;
1447 2255 81 50 or,
1563 2236 181 55 What
1780 2235 192 55 makes
2008 2254 115 51 you
2158 2236 170 54 think
2362 2235 94 55 so?

445 2314 1992 149 By Will Irwin. New York, London, Whittlesey house, McGraw-Hill book company, inc. [ c 1936]
516 2469 83 49 vii,
624 2468 87 42 325
739 2479 44 40 p.
844 2467 148 44 23½cm.

518 2534 164 42 “First
712 2532 228 44 edition.”

441 2604 53 53 ©
528 2609 111 39 Jan.
673 2608 68 46 27,
777 2606 142 48 1936;
952 2606 66 41 2c.
1056 2607 109 40 Jan.
1201 2606 83 47 30;
1322 2605 82 41 aff.
1441 2606 109 39 Jan.
1585 2605 56 40 31;
1707 2605 43 39 A
1780 2604 144 41 91543;
1990 2606 116 39 Will
2142 2604 165 49 Irwin,
2343 2607 117 38 New

513 2666 146 39 York.
730 2663 253 49 (36-2389)

446 2770 151 65 Ives,
628 2768 221 64 Joseph
881 2770 179 62 Moss,
1096 2771 171 51 1876-

515 2846 123 52 The
665 2844 126 53 Ark
818 2846 115 52 and
961 2845 95 53 the
1085 2845 190 67 Dove;
1309 2843 96 53 the
1432 2842 317 70 beginning
1778 2841 65 53 of
1872 2841 137 54 civil
2040 2843 114 53 and
2187 2842 271 69 religious

447 2923 249 55 liberties
737 2924 59 53 in
839 2923 287 69 America,
1167 2924 79 69 by
1284 2923 56 53 J.
1383 2922 155 53 Moss
1582 2921 146 53 Ives.
1805 2921 262 69 London,
2109 2921 138 53 New
2294 2921 164 54 York

467 3010 120 61 [etc.]
621 3004 348 68 Longmans,
997 3002 190 55 Green
1216 3002 113 54 and
1357 3020 98 46 co.,
1487 3003 151 51 1936.

517 3077 64 47 xi,
610 3077 87 42 435
722 3088 42 37 p.
826 3077 164 47 front.,
1021 3087 77 37 pl.,
1126 3079 151 46 ports.
1337 3074 57 41 22½
1428 3077 45 22 cm
1478 3108 9 8 .

517 3148 141 48 Maps
689 3159 59 30 on
778 3148 366 48 lining-papers.

518 3206 230 41 “Printed
773 3206 51 40 in
849 3207 82 40 the
957 3205 182 42 United
1166 3205 164 42 States
1356 3205 52 41 of
1431 3203 269 42 America.”

517 3263 164 42 “First
713 3262 228 43 edition.”

518 3320 377 49 Bibliography:
926 3331 44 38 p.
1000 3320 221 43 419-423.

443 3391 53 53 ©
533 3396 110 39 Jan.
680 3395 40 47 9,
757 3395 142 47 1936;
938 3395 68 40 2c.
1042 3396 95 39 and
1176 3394 82 41 aff.
1297 3395 108 40 Jan.
1446 3395 55 39 17;
1569 3393 39 39 A
1645 3392 145 41 91274;
1859 3393 43 40 J.
1942 3394 62 39 M.
2045 3394 123 41 Ives,
2208 3393 251 48 Danbury,

513 3453 149 41 Conn.
728 3452 252 49 (36-1848)

446 3555 244 65 Jaegen,
717 3554 421 67 Hieronymus,
1169 3561 328 51 1841-1919.

580 3627 1879 70 … Catholic life and action; lessons and experiences of a
448 3710 211 53 saintlv
693 3710 227 68 layman.
974 3709 257 70 forming
1264 3732 31 34 a
1329 3710 171 68 guide
1532 3714 59 48 to
1624 3709 95 54 the
1753 3706 266 69 spiritual
2055 3707 111 54 and
2200 3705 258 69 mystical

447 3788 105 54 life
596 3788 63 52 of
701 3805 166 48 grace
910 3787 94 54 for
1048 3787 96 54 the
1185 3788 175 68 laity;
1409 3785 328 56 authorized
1783 3784 337 54 translation
2170 3784 150 54 from
2364 3786 96 52 the

448 3864 129 53 fifth
624 3864 267 69 enlarged
932 3865 214 53 edition
1187 3866 75 67 by
1302 3866 348 52 Berchmans
1692 3863 197 56 Bittle,
1968 3908 10 9 O.
2076 3907 10 10 M.
2238 3907 9 9 CAP.
450 3862 1980 135 Milwaukee.
725 3942 121 56 The
880 3943 183 56 Bruce
1098 3943 336 69 publishing
1465 3960 278 51 company
1783 3975 12 35 [c
1824 3944 97 49 1936
1964 3975 12 34 ]

521 4015 94 43 xiv,
643 4013 87 42 386
754 4026 43 38 p.
862 4016 123 48 port.
1046 4015 56 40 20
1105 4018 43 21 cm
1154 4047 9 9 .
