2519 4377
1109 4107 96 47 1433

168 449 299 64 Hoffman,
494 448 254 54 William
775 450 69 53 D.

166 524 1976 147 Brain reflexes and laws of existence, by William D. Hoffman. Los Angeles, Calif., Parkman press [ 1936]
237 677 26 39 2
291 688 43 36 p.
395 707 10 18 l.,
433 676 85 40 308
546 687 43 37 p.
649 675 128 40 illus.
839 676 55 41 23½c
944 678 26 21 m
976 708 9 8 .

239 734 163 40 “First
429 732 227 43 edition.”

167 788 52 53 ©
247 792 127 47 Sept.
399 790 69 44 28.
494 791 113 39 1036
625 802 9 32 ;
663 791 66 41 2c.
757 791 101 40 Oct.
885 792 24 37 5
928 802 9 36 ;
966 790 81 42 »if.
1075 791 101 40 Oct.
1204 792 53 41 3:
1286 793 39 37 A
1352 790 170 48 90129;
1553 790 246 39 Parkman
1826 799 151 38 press.

246 848 278 48 (36-22330)

166 950 333 66 Holsapple,
525 951 182 65 Lloyd
736 951 299 63 Burdwin,
1064 956 170 50 1884-
1447 951 84 54 ed.

236 1028 171 53 Latin
456 1028 94 53 for
597 1046 123 50 use;
770 1046 71 34 an
890 1026 311 70 anthology
1250 1028 64 52 of
1358 1027 173 53 Latin
1577 1027 253 68 through
1876 1027 97 53 the
2021 1044 147 51 ages,

168 1105 239 55 selected
445 1105 94 53 for
572 1124 97 35 use
705 1125 59 34 as
801 1125 30 34 a
869 1105 209 69 college
1116 1123 193 37 course
1346 1105 140 53 with
1525 1125 31 33 a
1594 1103 277 71 practical
1908 1122 264 51 purpose,

241 1182 1924 70 by L. B. Holsapple … New York, F. S. Crofts & co., 1936.
204 1242 9 9 ‘
239 1253 102 47 xiii,
377 1254 85 41 274
497 1265 42 37 p.
600 1255 53 39 21
659 1257 44 21 cm
709 1287 8 8 .

240 1310 162 41 “First
431 1312 218 47 printing
677 1312 190 48 August
898 1311 157 41 1936.”

166 1366 53 53 ©
247 1373 127 45 Sept.
400 1371 69 41 25.
498 1370 139 41 1936:
667 1371 65 39 2c.
760 1372 94 38 and
885 1371 81 41 off.
994 1370 101 42 Oct.
1122 1372 53 40 2:
1205 1372 39 38 A
1270 1371 138 40 98771
1432 1382 9 33 ;
1473 1372 49 38 F.
1555 1373 43 39 S.
1627 1372 166 40 Crofts
1822 1372 34 40 &
1884 1381 81 33 co.,
1995 1371 90 39 inc.

248 1428 280 48 (36-22338)

166 1518 287 54 Horatius
482 1521 261 61 Flaccus,
773 1519 274 62 Quintus.

237 1594 109 53 Die
397 1594 262 70 gedichte
709 1596 95 54 des
855 1596 214 68 Horaz,
1120 1598 232 53 deutsch
1405 1616 108 35 von
1565 1596 223 56 Rudolf
1841 1598 329 52 Alexander

172 1674 297 55 Schröder.
546 1674 511 70 Gesamtausgabe:
1099 1675 180 56 Oden.
1358 1676 242 55 Carmen
1641 1677 299 53 saeculare.
2021 1677 150 66 Epo-

169 1754 123 52 den.
366 1753 186 68 Wien,
584 1755 507 68 Phaidon-verlag,
1128 1759 149 50 1935.

240 1827 718 48 263, [1 ί p., 11. 23 × 13½ cm .
167 1880 2004 53 © Dec. 31. 1933: 1c. July 17. 1936; A-Foreign 32496; Phaidon-verlag.
242 1943 79 39 Dr.
402 1942 197 40 Horovitz.
672 1942 279 48 (36-22592)

173 2033 251 62 Hoshor,
450 2033 173 56 John.

239 2109 127 55 God
400 2112 58 51 in
496 2129 28 33 a
559 2111 162 52 Rolls
755 2111 217 66 Royce;
1008 2111 95 53 the
1137 2110 110 53 rise
1280 2111 63 53 of
1376 2111 215 51 Father
1623 2109 228 67 Divine,
1886 2110 286 62 madman,

175 2187 1996 68 menace, or messiah, by John Hoshor … New York, Hillman-
173 2266 156 57 Curl,
354 2267 124 63 inc.,
504 2269 149 50 1936.

243 2336 67 40 xii
338 2347 55 37 p.,
420 2337 24 39 1
507 2368 9 16 l.,
544 2335 175 43 15-272
742 2348 43 37 p.
814 2337 109 41 incl.
949 2337 163 48 front.,
1140 2339 170 46 plates,
1339 2340 148 45 ports.
1548 2337 55 40 22½
1636 2341 43 20 cm
1686 2370 8 8 .

171 2391 53 53 ©
252 2397 116 39 Aug.
397 2395 68 47 21,
494 2394 140 43 1936;
665 2394 67 42 2c.
764 2395 127 48 Sept.
919 2396 82 41 28:
1029 2395 81 41 aff.
1143 2396 127 47 Sept.
1298 2396 81 41 26:
1414 2397 37 38 A
1479 2394 171 48 98679;
1683 2394 372 48 Hillman-Curl,
2086 2396 88 39 inc.

252 2452 278 47 (36-22227)

171 2541 238 54 Illinois,
484 2544 310 64 Appellate
823 2549 201 47 courts.

176 2620 1997 145 Reports of cases determined … with a directory of the judiciary of the state and abstracts of cases designated by the
177 2776 1997 146 courts as not to be reported in full. v. 284, a. n. 1936 … Reported by Basil Jones. Chicago, Callaghan & company, 1936.
244 2926 150 44 xxvii,
424 2928 81 39 681
538 2938 41 36 p.
639 2927 56 41 23
699 2930 43 21 cm
748 2959 7 8 .

176 2980 52 52 ©
255 2984 102 41 Oct.
387 2983 69 42 29.
488 2984 140 47 1936;
663 2985 67 40 2c.
762 2985 94 38 and
889 2984 80 40 aff.
1002 2985 117 40 Nov.
1152 2985 51 40 6:
1238 2986 38 37 A
1309 2983 166 40 100301
1500 2995 8 29 :
1543 2983 269 43 Callaghan
1845 2985 35 39 &
1912 2994 67 31 co.

169 3074 273 63 Jackson,
468 3075 306 63 Margaret
799 3074 311 64 Hastings.

244 3152 120 51 The
404 3168 162 36 seven
605 3150 293 67 sovereign
938 3151 135 52 hills
1110 3151 63 52 of
1213 3153 193 65 Rome,
1446 3151 73 67 by
1558 3153 294 66 Margaret
1891 3153 283 66 Hastings

174 3227 1998 68 Jackson … and Elisabeth Hodder … London, New York
179 3313 116 59 [etc.]
347 3307 343 63 Longmans,
715 3305 183 55 Green
925 3306 112 52 and
1062 3324 99 41 co.,
1188 3310 149 50 1936.

250 3378 64 45 ix,
349 3378 70 48 [1],
451 3376 85 40 528
564 3386 43 38 p.
667 3376 164 50 front.,
862 3377 170 49 plates,
1060 3378 148 48 ports.
1269 3377 56 41 22
1328 3380 44 22 cm
1377 3410 9 9 .

247 3436 139 46 Maps
417 3444 60 29 on
509 3433 338 50 lining-paper.

249 3490 161 41 “First
443 3490 227 42 edition.”

248 3549 68 38 “A
343 3549 136 40 short
506 3549 84 40 list
618 3548 53 40 of
695 3549 205 41 books”;
928 3560 42 37 p.
999 3549 215 41 507-509.

179 3602 52 53 ©
255 3608 127 46 Sept.
407 3606 69 42 30.
500 3605 140 44 1936;
668 3606 66 40 2c.
760 3607 94 38 and
881 3607 81 39 aff.
988 3607 100 40 Oct.
1115 3607 81 46 10;
1225 3609 38 37 A
1288 3607 169 41 98877:
1486 3609 62 39 M.
1575 3608 58 39 H.
1663 3607 212 40 Jackson
1904 3608 93 38 and
246 3605 1913 97 Elisabeth
394 3663 208 44 Hodder,
639 3664 269 46 Wellesley,
946 3665 145 38 Mass.
1163 3663 279 46 (36-22216)

178 3753 305 61 Jacobsen,
513 3752 230 64 Carlyle
772 3752 352 65 Ferdinand,
1155 3759 171 49 1902-

170 3829 2003 144 … Studies of cerebral function in primates, by C. F. Jacobsen; with the cooperation of J. H. Elder and G. M. Haslerud
243 3985 1658 68 … Baltimore, Md., The Johns Hopkins press, 1936.
