2519 4377
1074 4112 97 49 999

143 444 262 62 Weaver,
432 442 168 53 Jesse
628 442 248 62 Conrad,
908 441 169 54 1867-

212 533 208 52 Patent
449 532 111 51 and
588 530 354 53 trade-mark
969 529 182 68 digest
1181 528 63 54 of
1272 530 93 52 the
1396 528 279 53 decisions
1702 527 64 54 of
1793 528 96 53 the
1920 526 217 56 United

144 611 186 55 States
360 609 178 55 Court
568 608 63 53 of
662 614 242 48 customs
934 609 111 51 and
1078 612 196 63 patent
1306 607 251 68 appeals,
1588 605 268 71 covering
1886 609 252 50 volumes

145 690 63 53 17
237 694 57 47 to
325 692 84 64 22,
440 684 290 69 inclusive,
758 686 63 53 of
851 687 96 52 the
975 686 210 52 Patent
1215 691 238 62 reports,
1483 686 76 67 by
1591 686 158 54 Jesse
1783 685 61 55 C.
1877 686 258 53 Weaver.

142 765 309 54 Published
486 766 180 51 under
699 765 93 53 the
828 764 292 69 authority
1154 764 63 52 of
1251 765 95 52 the
1380 764 217 54 United
1634 763 188 55 States
1860 763 182 56 Court
2074 764 65 54 of

141 841 1815 70 customs and patent appeals … Chicago, Callaghan and
144 860 1969 132 company,
342 926 149 50 1936.

210 996 513 50 2 p. l., 218 p. 26cm.
215 1055 177 40 Pocket
421 1053 163 41 device
612 1064 60 29 on
701 1053 156 40 inside
886 1052 52 40 of
966 1053 120 39 back
1115 1062 153 30 cover.

212 1111 175 40 “Table
423 1110 52 40 of
509 1110 363 39 memorandum
911 1107 239 42 decisions
1190 1107 253 51 [patents]”:
1511 1120 43 38 p.
1590 1109 216 41 137-139.
1873 1109 180 46 “Table
2084 1112 55 39 of

141 1177 133 32 cases
304 1167 216 49 digested
555 1164 252 52 [patents]”:
868 1176 42 37 p.
941 1165 215 40 141-158.
1218 1166 175 39 “Table
1424 1166 51 39 of
1501 1167 365 39 memorandum
1898 1166 239 42 decisions

144 1224 353 50 [trade-marks]";
598 1234 42 37 p.
681 1221 216 41 209-210.
970 1222 175 39 “Table
1187 1222 52 39 of
1280 1232 135 30 cases
1456 1222 217 48 digested
1720 1223 387 50 [trade-marks]”:

140 1292 43 37 p.
211 1280 217 41 211-218.

142 1346 52 54 ©
221 1350 116 47 July
363 1351 40 48 3,
432 1349 112 41 1936;
601 1351 67 37 2c.
697 1348 96 40 and
822 1348 81 41 aff.
932 1349 116 46 July
1074 1348 26 40 9;
1159 1349 40 39 A
1224 1348 145 41 97003;
1429 1348 270 48 Callaghan
1726 1350 36 39 &
1789 1359 68 31 co.

221 1406 279 49 (36-16332)

140 1510 288 62 Webster,
455 1509 193 55 Doris.

210 1586 120 54 I’ve
366 1592 98 63 got
502 1604 141 51 your
682 1585 236 53 number!
1028 1584 55 53 A
1120 1584 145 54 book
1304 1583 62 55 of
1406 1583 406 71 self-analysis,
1850 1585 75 70 by
1964 1585 174 55 Doris

141 1665 257 54 Webster
432 1668 50 49 &
518 1665 170 68 Mary
722 1664 189 53 Alden
947 1663 286 68 Hopkins.
1305 1664 184 53 Third
1526 1664 185 53 series.
1782 1665 137 52 New
1958 1664 181 68 York,

139 1744 258 62 London,
422 1744 71 51 D.
519 1742 541 64 Appleton-Century
1125 1761 297 45 company,
1448 1743 418 63 incorporated,
1896 1748 149 50 1936.

209 1816 518 51 2 p. l., 156 p. 19cm.
142 1885 52 52 ©
229 1889 114 46 July
375 1888 67 47 10,
479 1887 139 47 1936;
655 1888 68 40 2c.
760 1887 95 39 and
890 1887 83 40 aff.
1010 1887 115 47 July
1162 1888 81 45 14;
1281 1887 42 40 A
1356 1886 170 42 96433;
1567 1890 56 39 D.
1660 1889 444 48 Appleton-Century

210 1954 81 40 co.,
322 1944 89 41 inc.
478 1944 279 48 (36-16335)

140 2046 347 64 Wellhouse,
516 2046 225 54 Walter
767 2047 280 63 Housley,
1079 2053 170 49 1890-

211 2122 1923 73 College biology [by] Walter H. Wellhouse … and George O.
141 2201 1687 69 Hendrickson … New York, F. S. Crofts & co., 1936.
210 2275 100 48 viii,
339 2275 84 42 381
453 2286 43 38 p.
556 2275 129 41 illus.
742 2274 55 40 22½cm.

213 2331 1922 52 “References” at end of each chapter except chapters XVII and XXVII.
141 2399 55 53 ©
227 2403 115 48 July
373 2404 40 47 1,
445 2402 113 42 1936;
620 2403 68 41 2c.
724 2403 95 40 and
853 2403 81 41 aff.
969 2404 114 47 July
1118 2405 25 40 7;
1206 2405 42 38 A
1279 2404 145 40 96324;
1488 2405 50 39 F.
1577 2406 44 40 S.
1657 2406 167 41 Crofts
1856 2407 36 39 &
1924 2417 83 37 co.,
2044 2407 90 44 inc.

221 2459 279 48 (36-16342)

143 2564 257 66 Willans,
428 2563 296 66 Geoffrey.

211 2637 1924 75 Romantic manner, by Geoffrey Willans … London, Rich
139 2714 45 51 &
214 2714 229 70 Cowan,
470 2717 102 53 ltd.
607 2720 173 64 [1936]

212 2788 653 52 2 p. l., 281, [1] p. 19½cm .
142 2854 1976 112 © 1c. July 7, 1936; A ad int. 21647; pubd. May 8; G. Willans, Gloucester, England. (36-17016)
139 3017 191 66 Winn,
359 3019 279 65 Godfrey,
672 3021 170 54 1907-

212 3094 377 55 Communion
639 3116 73 33 on
762 3099 179 65 earth,
991 3099 73 66 by
1115 3099 261 67 Godfrey
1427 3099 191 56 Winn.
1693 3102 240 53 London
1992 3108 136 62 [etc.]

142 3172 211 54 Cassell
383 3174 109 52 and
520 3192 279 48 company
826 3176 101 53 ltd.
962 3179 171 63 [1936]

211 3245 99 47 340,
345 3246 55 48 [1]
433 3256 43 37 p.
538 3246 55 40 19½cm.

143 3309 1991 62 © 1c. July 23, 1936; A ad int. 21676; pubd. May 28; G. Winn, Esher,
215 3371 191 47 Surrey,
435 3372 236 45 England.
738 3372 278 50 (36-17015)

141 3471 121 52 The
287 3472 269 54 Winston
587 3472 305 69 simplified
924 3476 335 70 dictionary.
1326 3477 268 71 Primary
1624 3479 84 55 ed.
1774 3480 161 56 With
1965 3499 169 50 every

211 3551 155 51 word
391 3550 219 54 defined
635 3571 59 33 so
719 3553 128 53 that
869 3553 74 53 its
966 3572 99 35 use
1086 3555 111 52 and
1222 3556 269 69 meaning
1514 3575 103 34 can
1639 3556 69 54 be
1731 3557 176 69 easily

210 3559 1923 145 understood; edited by William Dodge Lewis … and Edgar A.
213 3703 1923 77 Singer … Philadelphia, Chicago [etc.] The John C. Winston
210 3801 316 51 company [c1936]
207 3865 45 38 X,
286 3855 84 41 693
400 3866 44 37 p.
503 3856 127 41 illus.
692 3858 145 43 19½cm.

144 3920 52 52 ©
231 3926 125 39 June
386 3928 69 45 11,
489 3927 139 47 1936;
666 3929 66 40 2c.
767 3931 94 39 and
896 3932 80 38 aff.
1014 3933 114 47 July
1161 3933 83 47 25;
1281 3936 40 37 A
1354 3934 170 48 97151;
1562 3936 128 40 John
1725 3938 49 41 C.
1809 3938 222 40 Winston
2066 3949 69 32 co.

213 3981 279 50 [Copyright
521 3984 41 40 is
592 3985 205 40 claimed
827 3997 60 29 on
917 3988 238 40 revisions
1186 3990 96 39 and
1313 3990 262 50 additions]

223 4036 278 53 (36-17413)
