2519 4377
1288 4188 134 53 1714

347 478 202 66 Blake,
574 477 266 65 Rodney,
866 477 197 67 pseud.

418 554 1956 69 Nothing new, by Rodney Blake … [New York, Publishers
350 653 154 50 press
532 633 361 68 association,
918 640 19 22 c
942 636 137 51 1934]

419 710 27 40 6
475 721 43 37 p.
586 741 8 17 l.,
626 707 119 42 3-86
775 718 44 38 p.
877 707 57 40 21½
968 709 45 21 cm
1019 739 9 8 .

419 767 151 39 Prose
602 768 99 40 and
735 765 187 48 poetry.

349 820 53 53 ©
436 825 112 38 Dec.
583 821 41 49 6,
655 820 119 41 1934
791 833 8 35 ;
836 820 68 41 2c.
941 821 96 39 and
1072 820 81 39 aff.
1188 821 119 38 Nov.
1343 818 69 50 10,
1449 818 115 41 1936
1582 830 9 36 ;
1627 820 41 39 A
1703 818 146 41 98079
1867 831 8 36 ;
1914 819 288 41 Publishers
2237 829 138 39 press

420 891 129 31 assn.
612 878 286 50 (36-32365)

350 989 238 62 Breton,
622 984 306 66 Nicholas,
962 986 387 54 1545?-1626?

419 1067 122 52 The
569 1065 171 54 arbor
769 1064 64 53 of
862 1081 263 36 amorous
1156 1061 239 69 devices,
1426 1063 152 68 1597,
1608 1063 75 68 by
1710 1061 276 56 Nicholas
2015 1065 218 52 Breton
2262 1065 111 52 and

349 1146 190 53 others
557 1164 10 47 ;
596 1144 143 54 with
767 1162 72 36 an
865 1143 395 53 introduction
1284 1143 76 67 by
1383 1142 207 68 Hyder
1615 1142 258 54 Edward
1899 1141 244 56 Rollins.
350 1143 2001 149 Cambridge,
593 1224 195 66 Mass.,
814 1222 279 54 Harvard
1118 1221 322 68 university
1467 1239 176 50 press,
1671 1224 152 51 1936.

489 1293 1887 52 xx p., 1 l., facsim. (48 p.), [49]-52 p. 23½ cm . (Half-title: Huntington
350 1356 187 47 library
569 1353 357 50 publications)

422 1410 264 41 Facsimile
720 1410 90 39 has
843 1409 110 40 title
972 1420 8 29 :
1019 1409 102 40 The
1157 1409 146 39 arbor
1340 1408 52 41 of
1425 1417 228 32 amorous
1689 1408 205 40 deuises.
1961 1409 217 48 Wherin,
2217 1421 160 38 young

350 1470 275 46 gentlemen
675 1477 114 37 may
838 1467 147 39 reade
1033 1475 146 38 many
1228 1465 194 48 plesant
1466 1465 205 48 fancies,
1718 1466 98 40 and
1860 1465 96 40 fine
2005 1466 194 41 deuises
2217 1477 10 29 :
2279 1469 96 39 and

351 1527 215 45 thereon,
608 1523 239 41 meditate
888 1522 165 41 diuers
1095 1523 178 39 sweete
1312 1520 256 50 conceites,
1610 1523 50 39 to
1700 1522 143 40 court
1882 1523 83 39 the
2005 1524 111 39 loue
2155 1523 53 40 of
2246 1523 130 41 faire

350 1581 155 43 ladies
536 1581 96 41 and
664 1580 367 50 gentlewomen,
1062 1579 61 48 by
1153 1578 56 41 N.
1242 1579 55 40 B.
1327 1579 128 49 gent.
1518 1577 208 51 [Device]
1790 1579 274 48 Imprinted
2095 1581 52 40 at
2176 1580 199 43 London

352 1641 58 47 by
437 1639 217 40 Richard
684 1638 192 48 Iohnes,
906 1636 231 48 dwelling
1164 1638 52 38 at
1245 1636 82 40 the
1354 1635 136 49 signe
1515 1636 55 40 of
1597 1637 82 39 the
1708 1636 126 41 Rose
1861 1637 97 40 and
1988 1637 217 49 Crowne,
2233 1649 143 31 neere

351 1696 142 42 Saint
522 1695 268 40 Andrewes
820 1694 184 40 church
1034 1693 51 40 in
1113 1692 263 41 Holborne.
1405 1691 130 43 1597.

421 1753 41 39 A
503 1751 214 50 poetical
757 1750 301 48 miscellany,
1101 1749 239 48 compiled
1380 1749 97 40 and
1519 1749 163 40 edited
1724 1749 62 48 by
1828 1748 219 43 Richard
2088 1751 163 48 Jones,
2293 1753 83 40 the

351 1809 201 49 printer,
588 1808 97 40 and
721 1807 274 41 attributed
1030 1808 50 39 to
1115 1807 197 46 Breton,
1348 1806 238 47 although
1620 1805 143 49 proof
1797 1805 52 41 of
1883 1807 83 39 the
1998 1808 295 50 authorship
2326 1810 52 40 of

351 1867 83 40 the
455 1865 201 41 various
679 1875 166 38 poems
867 1865 42 39 is
935 1864 50 39 in
1010 1865 128 38 most
1161 1862 249 41 instances
1434 1862 295 48 impossible,
1786 1863 61 49 cf.
1874 1864 204 49 Introd.,
2104 1876 42 37 p.
2173 1865 202 43 xiii-xv.

351 1920 53 54 ©
443 1925 119 39 Nov.
601 1922 65 50 3,,
685 1920 143 48 1936;
870 1920 69 42 2c.
979 1921 120 40 Nov.
1140 1919 83 48 12;
1267 1919 84 41 aff.
1392 1920 119 38 Nov.
1552 1918 52 49 6;
1648 1920 42 39 A
1730 1919 202 49 100409;
1977 1921 260 41 President
2277 1923 100 40 and

420 1981 193 39 fellows
643 1979 54 40 of
726 1978 235 41 Harvard
993 1977 195 48 college,
1222 1976 307 49 Cambridge,
1563 1977 148 40 Mass.
1775 1977 286 50 [Copyright
2093 1978 43 41 is
2169 1979 206 40 claimed

422 2050 60 28 on
509 2035 352 51 introduction]
933 2033 284 50 (36-32381)

349 2142 228 65 Chubb,
605 2141 264 54 Thomas
900 2140 296 66 Caldecot,
1227 2145 174 51 1899-

419 2218 143 57 Cliff
600 2219 151 54 Pace
795 2218 115 54 and
953 2217 163 55 other
1158 2234 213 52 poems,
1412 2215 77 71 by
1531 2216 252 56 Thomas
1830 2215 277 58 Caldecot
2150 2218 220 57 Chubb.

347 2299 139 53 New
514 2297 184 70 York,
723 2297 73 54 A.
821 2297 45 51 &
894 2296 62 56 C.
983 2296 171 69 Boni,
1178 2296 130 68 inc.,
1336 2298 153 52 1936.

417 2372 88 41 122
529 2383 45 38 p.
635 2371 58 41 23½
726 2373 46 22 cm
776 2405 8 8 .

350 2428 55 54 ©
437 2433 118 38 Nov.
591 2431 40 49 5,
668 2429 143 49 1936;
849 2429 68 41 2c.
952 2431 119 39 Nov.
1108 2429 52 48 5;
1200 2429 83 41 aff.
1320 2430 118 40 Nov.
1475 2429 53 48 6;
1568 2430 41 39 A
1643 2429 174 49 99742;
1856 2431 51 39 T.
1948 2431 48 41 C.
2035 2431 183 49 Chubb,
2256 2433 119 39 New

421 2490 146 39 York.
637 2486 285 51 (36-32360)

350 2587 231 65 Cripps,
606 2586 103 54 Sir
731 2586 262 54 Richard
1019 2584 288 65 Stafford,
1335 2591 172 50 1889-

419 2664 122 52 The
565 2662 263 70 struggle
847 2662 96 53 for
967 2681 186 50 peace,
1174 2661 76 70 by
1276 2661 261 56 Stafford
1564 2661 230 70 Cripps.
1854 2664 263 68 London,
2141 2666 71 53 V.
2238 2665 134 56 Gol-

351 2743 158 54 lancz
536 2742 126 66 ltd.,
691 2744 155 52 1936.

419 2817 87 40 287
536 2827 44 38 p.
641 2815 61 42 19
700 2818 47 22 cm
751 2847 10 10 .

420 2872 148 42 “This
599 2872 126 43 book
753 2872 91 42 has
875 2872 119 41 been
1026 2870 197 43 divided
1255 2870 104 44 into
1391 2873 97 40 two
1520 2873 153 47 parts.
1733 2872 105 42 The
1864 2872 113 43 first
2006 2875 114 48 part
2150 2874 224 43 contains

352 2932 81 40 the
462 2930 134 42 main
630 2932 107 39 text
768 2928 201 42 written
1002 2929 61 48 by
1100 2928 219 42 Stafford
1354 2928 189 50 Cripps,
1575 2930 85 40 the
1693 2931 176 40 second
1903 2931 211 41 consists
2147 2932 53 40 of
2234 2935 139 39 notes

350 2998 126 38 upon
505 2988 112 40 that
644 2988 108 40 text
778 2985 201 42 written
1005 2986 61 48 by
1096 2985 214 41 Michael
1335 2984 463 44 Foot.”—Author’s
1827 2988 128 40 note.

350 3041 2021 55 © 1c. Nov. 11, 1936 ; A ad int. 21987 ; pubd. Sept. 14 ; Stafford Cripps,
425 3102 214 41 London.
705 3098 284 51 (36-34389)

348 3192 150 65 Day,
526 3191 249 65 George,
801 3191 196 67 pseud.

482 3268 1890 74 … Au miroir de Narcisse; poésies … Paris, A. Messein,
350 3352 150 52 1936.

418 3420 349 51 96 p. 19 ½ cm .
349 3474 2023 54 © June 1, 1936 ; 1c. July 20 : A- Foreign 32900 ; Georgette Dayres-
420 3534 325 51 Debeauvais,
771 3534 156 42 Paris.
991 3534 283 50 (36-34157)

346 3624 276 66 Dipman,
650 3627 136 54 Cari
809 3626 278 66 William,
1114 3633 173 51 1889-

415 3702 155 54 How
593 3709 60 49 to
679 3703 103 55 sell
808 3703 177 56 fruits
1012 3706 112 52 and
1150 3705 341 68 vegetables.
1554 3705 122 54 The
1702 3703 264 57 material
1995 3706 59 53 in
2081 3706 116 55 this
2223 3706 149 54 book

347 3780 2021 71 was collected and written by Carl W. Dipman … John L.
347 3857 2023 70 Callahan … Augusta D. Michaels … and S. R. Barkin. New
347 3935 180 68 York,
556 3937 123 52 The
712 3938 369 66 Progressive
1108 3957 201 49 grocer
1345 3973 12 32 [
1363 3945 17 21 c
1386 3941 152 65 1936]

415 4008 82 49 vii,
530 4009 71 51 [1],
629 4010 90 41 200
745 4021 43 38 p.
847 4010 143 47 illus.,
1020 4011 183 49 diagrs.
1259 4012 57 39 22
1318 4014 46 21 cm
1368 4043 10 9 .

345 4060 54 53 ©
433 4065 102 40 Oct.
567 4066 39 48 5,
641 4067 115 38 1930
774 4078 8 31 ;
875 4098 7 8 2c.
918 4067 103 41 Oct.
1054 4068 82 42 17;
1172 4068 82 41 aff.
1290 4068 102 41 Oct.
1426 4068 82 47 13;
1542 4070 40 38 A
1616 4067 200 42 100099:
1853 4068 259 41 Butterick
2145 4078 81 38 co.,
2260 4069 106 48 inc.,

414 4122 121 40 New
558 4123 70 39 Yo
635 4124 69 40 rk.
770 4123 283 51 (30-32043)
