2519 4377
991 4104 130 48 1039

151 554 98 47 viii,
275 554 82 40 583
383 564 41 37 p.
478 555 87 38 col.
590 554 163 47 front.,
779 554 126 39 illus.
935 552 134 49 (part
1095 552 111 47 col.)
1243 551 178 48 diagrs.
1476 550 57 41 20½cm.

151 610 429 48 “Supplementary
608 610 227 47 reading”
864 612 52 38 at
941 610 89 39 end
1058 610 51 39 of
1134 611 125 38 most
1285 609 50 39 of
1359 609 81 39 the
1464 609 239 46 chapters.

77 663 1765 54 © July 17, 1936; 2c. and aff. July 20; A 97087; Amer, book co.
145 663 1904 107 [Copyright
300 723 42 39 is
368 722 204 40 claimed
603 733 58 28 on
691 722 245 39 additions
966 722 93 39 and
1088 721 223 49 changes]
1381 720 279 48 (36-10698)

79 826 210 65 White,
318 828 137 51 Mrs.
485 826 173 51 Alma
689 824 333 65 (Bridwell)
1063 829 169 51 1862-

143 898 1862 73 Jerusalem; Egypt: Palestine: Syria, by Alma White …
75 981 340 67 Zarephath,
441 980 70 52 N.
541 980 74 67 J.,
643 980 187 53 Pillar
857 979 62 54 of
947 978 118 66 fire,
1095 982 151 49 1936.

145 1052 1066 49 2 v. in 1. fronts. (ports.) illus. 19½c m .
148 1109 119 41 Part
293 1120 18 29 I
337 1110 107 40 first
471 1110 253 48 published
753 1110 48 39 in
830 1108 112 42 1911
973 1109 154 40 under
1154 1108 107 41 title:
1322 1108 78 48 My
1430 1109 100 47 trip
1557 1109 48 39 to
1634 1108 81 41 the
1744 1107 183 42 Orient.

77 1163 52 53 ©
155 1169 124 38 June
304 1167 69 46 30,
400 1166 112 41 1936;
568 1167 66 40 2c.
663 1167 114 46 July
804 1167 25 39 6:
887 1165 81 40 aff.
997 1165 114 47 July
1138 1169 25 37 3;
1221 1167 39 38 A
1288 1165 141 40 96301;
1488 1165 153 39 Pillar
1670 1164 51 40 of
1748 1165 98 41 fire.

148 1164 1903 106 [Copyright
298 1223 42 39 is
364 1222 202 40 claimed
590 1235 60 28 on
676 1221 207 41 revision
910 1222 94 39 and
1029 1232 104 28 new
1159 1221 239 49 material]
1465 1220 278 49 (36-17028)

74 1327 213 64 White,
316 1327 146 53 Jean
488 1325 243 56 Martin.

147 1403 217 53 Health
406 1404 111 51 and
558 1403 409 52 environment,
1008 1402 93 52 the
1139 1402 264 52 elements
1444 1399 62 53 of
1544 1401 259 67 sanitary
1843 1397 229 71 science,

78 1478 1994 71 by Jean Martin White … illustrated with 24 engravings.
77 1558 423 68 Philadelphia,
528 1559 119 65 Pa.,
675 1558 64 52 F.
767 1557 69 53 A.
866 1558 178 54 Davis
1072 1575 296 51 company,
1395 1560 149 49 1936.

148 1633 86 40 209
272 1645 43 36 p.
379 1633 127 40 illus.
569 1632 58 40 20½
658 1635 43 20 cm
709 1664 7 7 .

151 1688 345 41 “References”
529 1691 51 39 at
610 1691 90 38 end
731 1689 51 40 of
811 1690 117 39 each
959 1689 212 46 chapter.

77 1741 52 53 ©
163 1746 115 47 July
312 1746 67 47 10,
414 1745 140 46 1936;
591 1746 67 38 2c.
695 1746 114 47 July
842 1745 82 46 30;
961 1746 81 38 aff.
1079 1745 115 47 July
1229 1745 82 46 29;
1350 1746 39 38 A
1424 1744 170 47 90680;
1635 1746 50 39 F.
1723 1746 54 39 A.
1815 1744 151 41 Davis
2002 1756 66 29 co.

156 1802 278 47 (36-17391)

75 1906 282 65 Wieman,
385 1908 205 62 Henry
617 1907 239 63 Nelson,
884 1912 171 49 1884-

148 1982 306 53 American
480 1983 389 68 philosophies
892 1982 63 53 of
976 1981 259 70 religion,
1255 1983 75 67 by
1351 1982 203 68 Henry
1576 1982 212 53 Nelson
1810 1984 262 52 Wieman

139 2059 1765 70 … [and] Bernard Eugene Meland … Chicago, New York,
77 2061 1967 143 Willett,
226 2138 177 54 Clark
427 2141 45 49 &
499 2156 296 50 company,
826 2141 149 50 1936.

148 2211 103 49 xiii,
279 2211 86 41 370
391 2223 41 38 p.
490 2212 178 49 diagrs.
722 2212 55 40 23½
810 2214 44 22 cm
860 2244 8 8 .

150 2269 347 48 Bibliography:
553 2281 42 36 p.
622 2269 218 41 353-359.

77 2321 52 53 ©
156 2327 121 39 Mar.
303 2325 69 47 25,
399 2325 139 46 1936;
567 2326 66 39 2c.
664 2327 125 39 June
815 2326 81 42 26;
926 2326 81 39 aff.
1037 2326 115 47 July
1181 2327 52 45 6;
1263 2327 39 38 A
1330 2326 170 47 95974;
1531 2326 202 49 Willett,
1763 2328 147 40 Clark
1939 2329 38 40 &
2003 2339 66 29 co.

156 2381 277 49 (36-15871)

76 2471 287 64 Wilhelm,
391 2471 158 54 Gale.

209 2545 1859 146 … No letters for the dead. New York, Random house [c1936]
146 2694 98 48 211,
285 2695 55 49 [1]
376 2705 42 37 p.
477 2695 56 39 19
536 2697 43 21 cm
585 2727 8 8 .

77 2750 53 52 ©
164 2755 118 45 Aug.
318 2754 69 42 10,
424 2753 112 41 1936;
602 2754 67 40 2c.
706 2754 95 39 and
838 2754 81 40 aff.
956 2754 118 48 Aug.
1113 2756 54 38 14;
1233 2755 41 39 A
1311 2755 142 40 96907;
1522 2755 219 40 Random
1779 2755 163 48 house,
1979 2755 91 39 inc.

157 2810 277 48 (36-17705)

75 2899 303 62 Williams,
405 2901 153 53 John
588 2899 352 66 Whitridge,
972 2906 323 52 1866-1931.

145 2975 287 55 Williams
462 2977 314 54 Obstetrics;
839 2996 30 33 a
899 2977 270 52 textbook
1202 2977 93 51 for
1324 2977 97 52 the
1448 2996 99 34 use
1575 2976 63 53 of
1669 2978 258 53 students
1957 2976 110 54 and

76 3055 1995 69 practitioners, by Henricus J. Stander … 7th ed., a revision
77 3134 112 52 and
214 3134 385 68 enlargement
619 3134 65 52 of
706 3135 95 51 the
826 3140 123 46 text
970 3134 309 69 originally
1305 3134 231 53 written
1558 3134 75 69 by
1658 3135 56 53 J.
1740 3133 333 70 Whitridge

67 3210 301 54 Williams.
428 3212 138 51 New
590 3213 180 66 York,
792 3213 257 66 London,
1074 3213 72 52 D.
1170 3211 579 70 Appleton-Century
1775 3230 297 51 company,

77 3289 398 68 incorporated
512 3323 12 33 [
527 3300 20 21 c
552 3294 134 48 1936
691 3324 13 33 ]

146 3363 69 39 xii
246 3374 58 37 p.,
333 3365 23 37 1
410 3397 6 6 l.,
462 3363 116 40 1269
604 3375 43 37 p.
707 3365 163 47 front.,
901 3365 142 45 illus.,
1074 3365 157 46 plates
1259 3364 138 50 (part
1423 3365 111 47 col.)
1575 3364 178 48 diagrs.
1811 3365 56 40 25
1870 3368 43 20 cm
1920 3398 7 8 .

150 3419 332 41 “Literature”
515 3423 51 37 at
597 3422 92 38 end
720 3420 51 40 of
799 3422 116 38 each
948 3421 212 47 chapter.

79 3471 52 52 ©
171 3476 115 46 July
326 3478 68 44 17,
436 3475 138 43 1936;
617 3476 67 40 2c.
726 3477 115 46 July
883 3477 82 45 28;
1010 3476 80 39 aff.
1133 3477 119 46 Aug.
1294 3478 81 45 18;
1420 3478 39 38 A
1499 3476 171 47 97171;
1715 3478 56 39 D.
149 3478 1921 102 Appleton-Century
389 3543 81 31 co.,
501 3532 89 41 inc.
660 3533 278 47 (36-17078)

77 3623 308 64 Williston,
413 3624 253 54 Samuel.

146 3699 1859 67 A treatise on the law of contracts, by Samuel Williston …
76 3777 1965 129 Revised edition, by Samuel Williston and George J. Thompson … volume
601 3858 45 47 3.
723 3855 137 51 New
894 3855 178 65 York,
1106 3855 205 65 Baker,
1345 3852 246 55 Voorhis
1623 3857 45 49 &
1702 3872 97 47 co.,
1834 3858 149 49 1936.

144 3925 82 47 xii,
257 3925 262 40 1725-2579
545 3936 43 36 p.
643 3926 55 39 25
701 3929 44 20 cm
751 3959 8 7 .

78 3976 52 53 ©
155 3982 113 46 July
294 3981 69 47 28,
390 3981 113 40 1936;
558 3981 66 41 2c.
651 3982 96 40 and
774 3983 81 39 aff.
882 3982 115 46 July
1023 3981 56 40 29;
1135 3982 39 38 A
1201 3982 145 39 96658;
1404 3982 44 40 S.
1476 3980 259 48 Williston,
1764 3979 301 49 Cambridge,

147 4038 144 40 Mass.
