2519 4377
1331 4103 136 54 1568

388 395 265 67 Urmatt,
682 395 299 57 Frédéric.

519 471 1889 74 … La damnation de Georges Bruckner; roman. Paris, B.
386 547 238 58 Grasset
655 553 176 66 [1936]

457 621 781 54 4 p. l., [11]-221 p., 1 l. 19 cm .
390 682 2023 60 © Mar. 30, 1936; 1c. June 4; A- Foreign 32100; Éditions Bernard
463 747 220 43 Grasset.
754 746 284 50 (36-29029)

387 837 131 54 Van
547 836 290 67 Vechten,
869 839 155 65 Carl,
1058 844 173 51 1880-

460 915 124 54 The
615 913 154 73 tiger
800 914 63 55 in
893 916 98 54 the
1023 917 175 55 house
1237 917 110 70 [by]
1388 917 139 58 Carl
1560 919 133 55 Van
1726 918 288 68 Vechten;
2049 919 142 55 with
2225 939 32 35 a
2289 938 122 37 new

390 994 2020 74 introduction by the author … New York, A. A. Knopf, 1936.
463 1067 67 49 ix,
561 1068 57 51 [1]
648 1078 60 40 p.,
736 1068 28 43 3
811 1101 24 18 l.,
862 1070 102 49 367,
997 1070 56 51 [1]
1083 1081 45 39 p.
1186 1070 139 42 front.
1367 1069 175 50 (port.)
1579 1072 176 48 plates.
1814 1071 57 41 22½
1903 1074 45 22 cm
1953 1104 9 10 .

464 1127 1700 51 “Published September, 1920 … third printing, October 1936.”
463 1184 384 51 Bibliography:
879 1196 44 40 p.
952 1185 221 44 309-357.

391 1240 53 53 ©
479 1244 102 41 Oct.
617 1243 72 49 19,
723 1243 118 42 1936;
902 1243 68 43 2c.
1006 1245 97 40 and
1137 1244 82 42 aff.
1257 1245 103 42 Oct.
1397 1243 59 42 20;
1519 1246 43 39 A
1593 1244 146 42 99482;
1801 1244 177 42 Alfred
2012 1246 55 40 A.
2103 1245 183 49 Knopf,
2322 1245 92 40 inc.

467 1301 284 51 [Copyright
785 1302 43 39 is
863 1301 208 41 claimed
1107 1313 60 29 on
1201 1302 351 51 introduction]
1602 1300 284 52 (36-28778)

388 1398 295 67 Virginia.
757 1401 188 66 Laws,
968 1406 260 60 statutes,
1251 1405 105 51 etc.

463 1478 123 53 The
620 1478 276 70 Virginia
935 1478 137 54 code
1108 1477 66 55 of
1213 1481 153 65 1936,
1404 1478 79 54 all
1520 1478 96 54 the
1654 1478 233 70 general
1924 1482 120 50 acts
2081 1483 60 49 to
2179 1478 115 54 and
392 1478 2001 151 including
662 1557 97 56 the
795 1557 328 72 legislative
1155 1557 218 56 session
1405 1557 66 55 of
1509 1561 153 67 1936,
1699 1558 280 70 complete
2016 1556 395 71 annotations;

392 1639 183 53 under
596 1638 101 55 the
718 1638 271 54 editorial
1012 1638 363 70 supervision
1400 1638 66 55 of
1487 1638 72 54 A.
1585 1638 254 55 Hewson
1863 1637 215 56 Michie
2104 1640 115 54 and
2245 1638 167 57 Chas.

471 1761 11 11 W.
519 1717 246 57 Sublett.
836 1717 488 70 Charlottesville,
1356 1720 128 67 Va.,
1518 1719 124 53 The
1674 1717 218 56 Michie
1925 1737 302 53 company,
2263 1722 151 52 1936.

461 1792 154 52 xlviii,
644 1794 119 41 2802
789 1804 44 38 p.
894 1793 57 43 27½
983 1797 45 22 cm
1032 1827 10 9 .

393 1848 52 53 ©
477 1853 130 47 Sept.
636 1850 70 50 15,
736 1850 117 42 1936;
910 1851 69 42 2c.
1007 1852 95 40 and
1132 1851 81 41 aff.
1249 1853 128 47 Sept.
1410 1851 56 41 19;
1524 1853 41 39 A
1592 1851 148 42 97938;
1800 1851 181 42 Michie
2010 1861 67 33 co.

474 1908 286 51 (36-28164)

389 2005 223 68 Vivier,
642 2005 250 58 Colette.

387 2080 2001 150 … Colin-Maillard; illustrations de A. Rapeño. Paris, Hachette [1936]
389 2233 2006 110 2 p. l. , 246 p., 1 l. illus. 18 cm . (On cover: Bibliothèque rose illustrée)
393 2348 1935 54 © Feb. 13, 1936; 1c. July 6; A-Foreign 32264; Librairie Hachette.
474 2409 285 50 (36-28738)

391 2502 277 64 Warnod,
694 2501 222 66 André,
944 2506 174 51 1885-

524 2576 1891 57 … Pensions de famille… et autres. Avec 55 illustrations
390 2658 69 52 de
486 2657 261 55 l’auteur.
812 2657 188 69 Paris,
1028 2658 66 55 L.
1124 2657 266 65 Querelle
1424 2660 174 66 [1936]

460 2730 962 52 4 p. l., [11]-285 p., 1 l. illus. 19 cm .
394 2786 1799 53 © June 1, 1936; 1c. July 14; A- Foreign 32318; Louis Querelle.
476 2846 284 50 (36-29035)

391 2947 369 66 Waterman,
788 2946 248 54 Merwin
1065 2947 201 62 Howe,
1297 2952 173 50 1903-

393 3022 1996 226 … Public utility financing, 1930-35, by Merwin H. Waterman … Ann Arbor, University of Michigan, School of business administration, Bureau of business research, 1936.
465 3254 49 39 iv
550 3265 58 38 p.,
646 3255 26 39 1
732 3286 24 17 l.,
793 3254 86 39 144
915 3266 43 36 p.
1030 3254 179 49 diagrs.
1240 3254 49 49 (1
1328 3254 144 49 fold.)
1546 3253 57 42 23
1605 3256 47 23 cm
1654 3285 9 9 .
1740 3252 306 51 ([Michigan.
2115 3252 299 49 University.

396 3308 2002 110 School of business administration. Bureau of business research] Michigan business studies. vol. VII , no. 4)
395 3423 53 53 ©
476 3428 128 39 June
631 3426 42 48 8,
699 3425 141 44 1936;
871 3425 68 42 2c.
969 3426 97 40 and
1097 3426 83 41 aff.
1210 3427 127 39 June
1364 3425 57 41 23;
1479 3426 42 40 A
1547 3424 173 48 95791;
1753 3423 287 48 University
2070 3423 52 41 of
2151 3420 262 50 Michigan,

467 3486 109 38 Ann
609 3484 172 42 Arbor.
857 3483 284 49 (36-27999)

393 3562 252 65 Wesley,
675 3563 205 64 Edgar
901 3562 211 56 Bruce.

466 3639 294 68 Proposed:
831 3640 95 53 the
968 3637 338 69 University
1347 3639 63 54 of
1450 3639 97 53 the
1584 3637 220 57 United
1848 3637 207 67 States,
2095 3637 77 67 by
2212 3636 201 67 Edgar

395 3714 1957 70 Bruce Wesley … with an introduction by Lotus D. Coffman …
394 3795 407 69 Minneapolis,
829 3795 203 60 Minn.,
1059 3797 121 52 The
1208 3795 338 67 University
1577 3795 62 53 of
1668 3795 328 53 Minnesota
2021 3810 158 51 press
2214 3827 12 33 [
2231 3799 18 21 c
2256 3795 133 50 1936]

466 3879 32 28 x
524 3879 30 39 p.,
611 3869 26 39 2
686 3900 23 18 l.,
738 3868 116 42 3-83
878 3880 45 38 p.
979 3868 57 42 23
1038 3872 45 21 cm
1087 3901 8 8 .

469 3925 69 41 “A
572 3926 340 48 bibliography
947 3937 60 29 on
1039 3926 82 40 the
1154 3925 222 40 national
1411 3923 275 49 university
1720 3921 302 43 movement”:
2085 3933 44 38 p.
2165 3920 158 41 73-83.

396 3980 53 54 ©
475 3985 116 46 May
616 3984 40 46 6,
685 3982 116 42 1936;
857 3982 67 42 2c.
953 3983 95 40 and
1077 3983 82 41 aff.
1187 3984 128 40 June
1344 3982 55 38 15;
1456 3983 41 39 A
1522 3980 146 41 94948;
1727 3979 286 48 University
2041 3979 52 39 of
2120 3976 290 50 Minnesota,

469 4040 342 50 Minneapolis.
850 4039 284 51 (36-27987)
