2519 4377
1047 4117 135 57 1741

126 463 199 64 Dobie,
351 464 202 53 James
581 464 216 63 Frank,
828 469 169 50 1888-

195 541 167 53 Tales
399 541 62 52 of
494 541 93 52 the
624 546 285 62 mustang,
944 541 74 66 by
1054 542 55 54 J.
1148 541 195 52 Frank
1380 540 211 67 Dobie;
1632 539 380 54 illustrations
2049 541 71 55 by

125 620 171 54 Jerry
335 620 87 51 By
428 623 216 49 waters.
721 619 218 66 Dallas,
975 619 120 52 The
1134 619 162 53 Book
1331 619 127 52 club
1494 618 62 54 of
1593 620 202 65 Texas,
1833 621 149 51 1936.

195 689 877 51 4 p. l., 11-89, [1] p. illus. 23 cm .
199 746 91 41 “Of
322 747 97 39 this
450 746 181 40 edition
664 746 134 40 three
827 746 218 40 hundred
1078 746 159 49 copies
1268 747 123 39 have
1421 746 118 40 been
1571 745 192 49 printed
1795 746 60 47 by
1887 747 82 39 the
2002 746 119 40 Rein

126 813 232 36 company
389 803 75 38 for
495 802 80 39 the
603 802 134 40 Book
766 802 108 40 club
904 801 51 41 of
981 801 202 41 Texas.”

126 867 1997 53 © Mar. 10, 1936; 2c. and nff. Sept. 19; A 97932; J. F. Dobie, Austin, Tex.
206 928 279 49 (36-33442)

125 1034 245 63 Dörfler,
397 1035 193 64 Peter,
621 1036 172 54 1878-

199 1155 55 8 ...
298 1113 118 52 Der
456 1111 348 67 zwingherr;
849 1130 214 35 roman.
1141 1115 46 49 6.
1229 1111 254 54 tausend.
1560 1111 216 67 Berlin,
1816 1112 68 55 G.
1928 1111 195 63 Grote,

126 1192 148 50 1935.

119 1258 1985 107 2 p. l., 297 p. 20 cm . (Half-title; Grote’sche Sammlung von werken zeitgenössischer Schriftsteller, bd. 213)
193 1370 71 42 On
290 1382 140 31 cover;
492 1372 187 41 Roman
707 1383 89 30 aus
821 1374 107 39 dem
954 1373 189 47 Allgäu.

193 1426 169 50 Sequel
392 1432 48 37 to
470 1428 98 41 Der
594 1430 295 40 notwender.

124 1483 1984 109 © Mar. 18, 1935; 1c. Oct. 22, 1930; A-Foreign 33417; G. Grote’sche Verlagsbuchhandlung. (36-35198)
124 1649 210 61 Eaton,
360 1649 294 55 Jeanette.

194 1725 221 68 Betsy’s
449 1725 316 68 Napoleon,
796 1724 75 69 by
904 1725 266 54 Jeanette
1203 1725 216 67 Eaton;
1459 1724 324 53 illustrated
1817 1725 75 68 by
1927 1724 195 53 Pierre

126 1804 290 52 Brissaud.
481 1803 138 53 New
650 1802 181 69 York,
858 1804 89 53 W.
978 1803 251 53 Morrow
1260 1803 112 52 and
1404 1821 298 50 company,
1735 1806 150 50 1936.

195 1876 1131 49 6 p. l., 3-274 p. col. front., plates. 21 cm .
195 1935 140 47 Maps
366 1943 60 30 on
460 1933 363 49 lining-papers.

125 1986 53 54 ©
205 1992 115 38 Nov.
351 1990 69 44 24,
450 1989 140 48 1936;
621 1989 68 41 2c.
718 1992 112 40 Dec.
860 1991 53 47 9;
944 1991 81 41 aff.
1057 1992 110 39 Dec.
1199 1989 82 49 10;
1313 1991 40 38 A
1386 1989 172 40 100885;
1618 1991 42 40 J.
1692 1991 173 47 Eaton,
195 1991 1911 104 Waynesboro,
346 2049 81 39 Pa.
489 2047 281 48 (36-27454)

125 2152 303 63 Emerson,
455 2151 247 55 Charles
724 2151 265 64 Phillips,
1018 2153 170 54 1872-

195 2229 53 51 A
289 2228 270 53 textbook
599 2227 65 54 of
704 2226 294 69 medicine,
1040 2228 75 67 by
1160 2225 236 57 Charles
1439 2226 252 70 Phillips
1734 2226 275 54 Emerson
2061 2271 56 11 ...

125 2304 1974 70 Philadelphia, London [etc.] J. B. Lippincott company [ c 1936]
295 2408 7 15 xxv,
338 2376 115 41 1296
486 2387 43 38 p.
589 2377 56 40 26½cm.

193 2434 224 40 Includes
447 2433 392 48 bibliographies.

124 2488 53 54 ©
202 2493 101 41 Oct.
328 2492 40 45 5,
392 2492 114 40 1936;
560 2492 68 42 2c.
653 2492 97 40 and
775 2492 81 40 aff.
884 2493 100 40 Oct.
1010 2491 56 39 14;
1121 2493 42 39 A
1185 2490 174 41 100124;
1415 2493 41 39 J.
1485 2493 54 40 B.
1565 2491 278 49 Lippincott
1868 2502 69 32 co.

204 2549 280 50 (36-33691)

123 2655 293 65 Fahrney,
442 2654 190 64 Ralph
659 2656 147 62 Ray.

194 2730 225 54 Horace
451 2730 237 68 Greeley
722 2730 112 52 and
864 2730 95 53 the
989 2729 253 54 Tribune
1273 2729 57 53 in
1363 2730 96 53 the
1491 2728 133 55 civil
1655 2748 135 49 war,
1820 2729 76 69 by
1926 2729 193 70 Ralph

123 2809 125 66 Ray
287 2808 266 53 Fahrney
597 2851 56 9 ...
735 2805 186 55 Cedar
957 2806 240 70 Rapids,
1270 2826 66 48 Ia.,
1373 2807 121 53 The
1530 2808 189 52 Torch
1756 2825 174 51 press,
1972 2810 148 51 1936.

193 2878 538 50 5 p. l., 229 p. 20 cm .
193 2936 348 48 Bibliography;
602 2946 43 38 p.
683 2935 248 51 [211]-219.

125 2992 52 53 ©
202 2996 118 41 Nov.
345 2996 39 41 4.
413 2994 113 41 1936;
582 2994 65 40 2c.
678 2995 94 39 and
800 2995 81 41 aff.
907 2996 118 40 Nov.
1053 2994 82 44 16;
1165 2997 39 38 A
1231 2994 144 41 99902;
1435 2996 157 39 Torch
1617 3005 151 40 press.
205 3052 279 50 (30-33688)

124 3157 313 64 Felleman,
462 3157 200 64 Hazel,
688 3174 178 48 comp.

191 3231 121 54 The
345 3232 121 53 best
501 3231 166 54 loved
703 3249 193 50 poems
933 3230 65 55 of
1033 3231 98 54 the
1164 3231 306 54 American
1511 3232 218 69 people,
1767 3232 239 55 selected
2044 3233 73 71 by

121 3307 183 55 Hazel
328 3309 309 53 Felleman.
702 3308 232 56 Garden
964 3307 152 70 City,
1144 3308 70 54 N.
1242 3309 92 68 Y.,
1362 3308 232 55 Garden
1624 3308 135 71 City
1784 3309 334 71 publishing

120 3389 306 65 co. [ c 1936]
189 3458 798 50 2 p. l., vii-xxxv, 670 p. 22 cm .
126 3514 52 54 ©
206 3520 116 39 Nov.
353 3518 69 44 16,
453 3517 115 41 1936;
625 3517 68 42 2c.
726 3518 93 40 and
851 3518 82 41 aff.
965 3519 111 40 Dec.
1109 3517 81 44 12;
1223 3519 39 39 A
1294 3517 173 41 100919;
1529 3518 193 42 Garden
1754 3518 112 50 City
1896 3518 109 50 pub.
2038 3528 83 36 co.,

198 3576 89 40 inc.
344 3574 280 49 (36-28577)

126 3681 292 65 Forester,
445 3681 152 54 Cecil
623 3682 184 62 Scott,
837 3687 169 49 1899-

199 3801 55 8 ...
293 3759 372 53 Marionettes
701 3763 58 48 at
792 3759 179 52 home.
1046 3759 258 65 London,
1339 3759 79 53 M.
1456 3759 233 67 Joseph,
1725 3758 102 55 ltd.
1891 3761 153 65 [1936]

194 3827 84 40 192
314 3838 43 38 p.
416 3827 164 44 front.,
620 3828 170 48 plates.
853 3827 146 42 19cm.

194 3884 63 40 At
283 3884 123 40 head
436 3884 52 40 of
515 3885 107 40 title;
681 3885 50 42 C.
762 3885 45 41 S.
837 3885 240 41 Forester.

196 3939 293 49 “Appendix.
551 3942 71 38 An
660 3941 219 47 example
913 3940 52 40 of
999 3952 26 29 a
1059 3945 180 44 puppet
1273 3940 140 49 play”;
1479 3953 41 36 p.
1559 3940 214 43 189-192.

128 3993 1973 111 © 1c. Nov. 25. 1936; A ad int. 22072; pubd. Sept. 28; C. S. Forester, London. (36-35020)
