2519 4377
1053 4077 130 48 1325

455 509 1377 48 CONTENTS. — Embolism of the arteries of the extremities and
1861 514 63 40 its
108 508 1972 113 treatment.—Pulmonary
645 568 248 40 embolism
933 569 94 41 and
1066 569 64 40 its
1168 569 209 49 surgical
1420 568 560 43 treatment.—Swedish

109 573 1972 108 experiences
394 625 48 41 in
485 625 274 47 combating
800 623 499 51 appendicitis.—The
1341 626 220 48 cytology
1604 626 51 40 of
1696 626 126 47 joint
1863 628 235 40 exudates

109 691 53 31 as
195 692 62 29 an
289 682 80 40 aid
403 685 49 38 to
484 681 426 50 diagnosis.—The
942 682 262 41 treatment
1236 682 52 40 of
1318 682 175 40 medial
1528 681 245 42 fractures
1809 682 50 41 of
1894 685 81 39 the
109 676 1971 107 collum
240 737 216 42 femoris.

108 792 52 55 ©
183 799 120 40 Aug.
329 798 67 46 10,
422 797 114 41 1930:
592 798 67 40 2c.
686 797 118 44 Aug.
832 797 81 39 27:
943 795 81 41 aff.
1055 796 102 40 Oct.
1186 797 80 40 13:
1297 798 38 37 A
1362 797 170 46 97563;
1562 796 243 40 Williams
1829 797 35 42 &
1893 797 210 40 Wilkins

179 865 65 29 co.
313 853 277 47 (36-20396)

109 952 1225 73 Opus VI … Boston, Priv. print., 1936.
177 1031 27 40 3
227 1040 44 38 p.
301 1031 12 37 1.
372 1031 70 47 77,
473 1032 56 47 [1]
608 1061 9 14 p.,
648 1030 24 38 1
723 1061 9 9 l.
790 1030 56 38 25½cm.

108 1082 55 54 ©
198 1088 101 39 Oct.
334 1088 38 46 1,
409 1086 139 47 1936;
586 1087 66 39 2c.
689 1087 96 39 and
821 1086 81 40 aff.
940 1084 101 42 Oct.
1079 1086 81 46 15;
1198 1086 39 38 A
1272 1085 170 42 98921;
1482 1087 57 40 D.
1576 1087 53 39 B.
1670 1085 199 50 Updike,
1908 1088 196 38 Boston.

110 1188 232 65 Orator,
371 1186 221 65 Victor,
625 1193 171 51 1894-

179 1259 1928 79 Allgemeine Chirurgie … von prof. dr. V. Orator … Mit 12
111 1340 399 70 abbildungen.
579 1345 67 63 2.,
679 1342 151 52 verb,
863 1341 118 54 und
1013 1360 171 35 verm.
1221 1340 128 55 aufl.
1417 1341 257 70 Leipzig,
1705 1343 56 54 J.
1796 1342 72 55 A.
1902 1345 203 65 Barth,

110 1422 149 51 1936.

183 1493 61 47 vi,
287 1492 84 41 106
408 1503 43 38 p.
521 1493 127 40 illus.
717 1492 55 40 20½cm.
942 1491 115 51 (His
1101 1493 321 41 Grundlinien
1464 1504 107 31 zum
1612 1493 494 51 chirurgie-studium.

111 1558 72 32 in.
216 1550 57 46 t.)

182 1604 376 45 “Ausführliche
586 1604 318 45 lehrbücher”
920 1618 10 30 ;
963 1619 41 38 p.
1038 1607 97 41 104.

112 1660 1998 59 © Feb. 7, 1936; 1c. June 3: A-Foreign 32062; Johann Ambrosius
183 1721 168 40 Barth.
425 1721 280 49 (36-20675)

114 1817 202 64 Orton,
342 1817 136 53 Mrs.
508 1816 185 54 Helen
727 1815 254 67 (Fuller)
1019 1820 169 53 1872-

182 1891 346 55 Hoof-beats
561 1894 65 51 of
660 1892 273 68 freedom,
963 1894 78 68 by
1074 1896 186 52 Helen
1296 1897 198 52 Fuller
1531 1897 213 68 Orton;
1780 1899 323 55 illustrated

113 1971 76 68 by
234 1969 234 56 Charles
509 1972 87 51 De
639 1972 131 52 Feo.
849 1973 138 53 New
1030 1973 177 68 York,
1250 1973 309 56 Frederick
1600 1978 70 52 A.
1718 1977 200 56 Stokes
113 1992 1969 131 company,
316 2051 148 52 1936.

186 2132 46 35 x,
262 2121 85 41 235
376 2131 42 39 p.
479 2121 127 41 illus.
643 2121 135 49 (incl.
807 2122 135 49 map)
1010 2122 54 40 21
1069 2125 43 22 cm
1116 2153 10 8 .

187 2179 142 47 Maps
357 2189 59 29 on
447 2178 365 51 lining-papers.

189 2233 274 51 “Principal
493 2245 193 32 sources
713 2236 307 43 consulted”:
1051 2248 43 38 p.
1120 2236 215 44 234-235.

117 2288 1995 64 © Sept. 24. 1936; 2c. Sept. 28: aff. Sept. 26: A 98684; H. F. Orton,
185 2349 212 42 Jackson
425 2350 220 48 Heights,
678 2350 49 42 L.
758 2352 51 46 I.,
837 2351 56 40 N.
919 2351 53 41 Y.
1040 2350 278 50 (36-20367)

117 2438 257 66 Painter,
403 2441 276 54 Thomas.

189 2516 119 51 The
354 2516 237 54 motives
636 2516 65 55 of
744 2518 270 54 Nicholas
1059 2520 205 68 Holtz;
1314 2521 169 69 being
1526 2525 97 52 the
1666 2525 174 55 weird
1889 2529 113 52 tale
2049 2532 62 49 of

119 2592 92 53 the
243 2594 138 52 Iron
385 2593 134 55 ville
551 2594 174 68 virus,
759 2595 75 68 by
866 2597 247 55 Thomas
1147 2599 237 53 Painter
1416 2602 111 52 and
1563 2603 328 55 Alexander
1925 2608 187 67 Laing

178 2669 1932 78 … frontispiece by Lynd Ward. New York, Farrar & Rinehart,
119 2749 396 69 incorporated
550 2785 13 33 [
567 2757 19 21 c
590 2754 135 52 1936]

190 2821 80 48 vii,
303 2821 86 42 309
419 2833 42 37 p.
521 2822 149 41 front.
731 2823 55 41 20½
818 2827 43 21 cm
868 2859 7 7 .

119 2874 1980 61 © Jan. 23, 1936; 2c. Jan. 25; aff. Jan. 24; A 90512: Farrar & Rinehart
188 2935 90 42 inc.
346 2935 278 49 (36-20370)

120 3025 180 65 Patti,
326 3025 222 55 Walter
577 3027 262 55 Charles.

188 3101 269 55 Wrania:
515 3103 211 69 Mystic
779 3111 341 64 astronomy,
1177 3109 219 55 Uzican
1452 3112 229 70 science,
1738 3118 119 53 The
1911 3121 203 66 mystic

124 3180 289 67 pyramid;
457 3200 31 33 a
528 3181 229 54 treatise
797 3189 57 47 to
897 3203 31 33 a
967 3183 204 70 higher
1212 3187 228 70 science,
1481 3190 75 69 by
1595 3194 88 53 W.
1726 3195 166 56 Chas.
1936 3201 177 52 Patti.

122 3257 109 54 Los
257 3258 264 69 Angeles,
548 3260 143 53 Pub.
722 3260 91 53 for
840 3263 91 53 W.
962 3262 60 56 C.
1050 3264 177 68 Patti,
1258 3270 149 50 1936.

194 3330 1140 54 6 p. l., 143 p. diagrs. (part fold.) 18½c m .
125 3383 1992 66 © Aug. 7. 1936; 2c. and aff. Aug. 21; A 98040; W. C. Patti. Los
193 3444 218 49 Angeles.
480 3446 280 47 (36-20411)

128 3532 250 65 [Pearce,
407 3535 127 62 Roy
563 3534 245 69 Gentry]
843 3541 171 52 1884-

195 3608 448 55 Fundamentals
683 3610 65 54 of
784 3612 215 54 human
1039 3614 360 73 physiology,
1436 3619 77 70 by
1553 3623 95 53 the
1689 3624 114 57 late
1843 3629 55 53 J.
1944 3630 55 55 J.
2045 3632 67 52 R.

129 3682 1986 80 Macleod … and R. J. Seymour … 4th ed. St. Louis, The
129 3759 60 54 C.
221 3763 68 52 V.
318 3762 204 70 Mosby
549 3782 297 52 company,
874 3770 149 51 1936.

194 3832 1054 57 424 p. illus., IV col. pl., diagrs. 22½ cm .
196 3889 193 43 Earlier
413 3892 208 40 editions
647 3894 61 46 by
738 3895 55 40 R.
820 3895 54 42 G.
905 3897 180 41 Pearce
1111 3901 97 38 and
1238 3900 43 41 J.
1310 3902 46 43 J.
1383 3904 56 41 R.
1470 3904 232 45 Macleod.

129 3943 1834 67 © Sept. 2. 1936; 2c. Sept. 8; aff. Oct. 3: A 97694: C. V. Mosby co
207 4003 277 49 (36-19392)
