<alto xmlns="http://www.loc.gov/standards/alto/ns-v3#" xmlns:xlink="http://www.w3.org/1999/xlink" xmlns:xsi="http://www.w3.org/2001/XMLSchema-instance" xsi:schemaLocation="http://www.loc.gov/standards/alto/ns-v3# http://www.loc.gov/alto/v3/alto-3-0.xsd"><Description>
<MeasurementUnit>pixel</MeasurementUnit>
<sourceImageInformation>
<fileName>1936_v33_Part1.pdf</fileName>
</sourceImageInformation>
<OCRProcessing ID="IdOcr">
<ocrProcessingStep>
<processingDateTime>2019-01-18</processingDateTime>
<processingSoftware>
<softwareCreator>ABBYY</softwareCreator>
<softwareName>ABBYY Recognition Server</softwareName>
<softwareVersion>4.0</softwareVersion>
</processingSoftware>
</ocrProcessingStep>
</OCRProcessing>
</Description>
<Styles>
<ParagraphStyle ID="StyleId-FFFFFFFF-FFFF-FFFF-FFFF-FFFFFFFFFFFF-" ALIGN="Left" LEFT="0." RIGHT="0." FIRSTLINE="0."/>
<ParagraphStyle ID="StyleId-51D50FAC-7A90-4D70-8A96-5EA9D46D1C8B-" ALIGN="Left" LEFT="0." RIGHT="0." FIRSTLINE="0." LINESPACE="7.699999809"/>
<ParagraphStyle ID="StyleId-6BC133E9-7DCB-43C3-8842-A67984A26405-" ALIGN="Block" LEFT="0." RIGHT="0." FIRSTLINE="-17." LINESPACE="8.340000153"/>
<ParagraphStyle ID="StyleId-3C3FF860-43E7-46A2-8934-48F305F6F0D6-" ALIGN="Left" LEFT="0." RIGHT="0." FIRSTLINE="-13." LINESPACE="11.06999969"/>
<ParagraphStyle ID="StyleId-19220C76-4F8A-4737-B38C-B5F5C17E6040-" ALIGN="Block" LEFT="0." RIGHT="0." FIRSTLINE="-13." LINESPACE="11.06999969"/>
<ParagraphStyle ID="StyleId-75A0D721-13ED-4F20-9002-B389EC48477D-" ALIGN="Left" LEFT="0." RIGHT="0." FIRSTLINE="0." LINESPACE="15.5"/>
<ParagraphStyle ID="StyleId-8A414184-C7A5-4AC7-9B88-7DA4DDE75922-" ALIGN="Left" LEFT="0." RIGHT="0." FIRSTLINE="0." LINESPACE="9.399999619"/>
<ParagraphStyle ID="StyleId-1A87970B-111C-4169-99A6-9412976F3C97-" ALIGN="Left" LEFT="0." RIGHT="0." FIRSTLINE="0." LINESPACE="10.5"/>
<ParagraphStyle ID="StyleId-72DB0571-5AE4-41FD-9E11-68C6AC4C437E-" ALIGN="Block" LEFT="0." RIGHT="0." FIRSTLINE="-17." LINESPACE="8.340000153"/>
<ParagraphStyle ID="StyleId-1AA43056-C388-4697-B10F-72FDAA38FAE1-" ALIGN="Center" LEFT="0." RIGHT="0." FIRSTLINE="0." LINESPACE="10.5"/>
</Styles>
<Layout>
<Page ID="Page1026" PHYSICAL_IMG_NR="1026" HEIGHT="4377" WIDTH="2519">
<TopMargin HEIGHT="369" WIDTH="2519" VPOS="0" HPOS="0">
</TopMargin>
<LeftMargin HEIGHT="3734" WIDTH="364" VPOS="369" HPOS="0">
</LeftMargin>
<RightMargin HEIGHT="3734" WIDTH="115" VPOS="369" HPOS="2404">
</RightMargin>
<BottomMargin HEIGHT="274" WIDTH="2519" VPOS="4103" HPOS="0">
<TextBlock ID="Page1026_Block1" HEIGHT="72" WIDTH="156" VPOS="4126" HPOS="1296" LANG="en-US" STYLEREFS="StyleId-6E634BB0-EECB-4472-B0A2-B53093E4ADC7-">
<TextLine HEIGHT="51" WIDTH="134" VPOS="4137" HPOS="1307">
<String CONTENT="1026" HEIGHT="51" WIDTH="134" VPOS="4137" HPOS="1307"/>
</TextLine>
</TextBlock>
</BottomMargin>
<PrintSpace HEIGHT="3734" WIDTH="2040" VPOS="369" HPOS="364">
<TextBlock ID="Page1026_Block2" HEIGHT="3734" WIDTH="2040" VPOS="369" HPOS="364" LANG="en-US" CS="1" STYLEREFS="StyleId-5BCDF69A-C9A9-451A-A779-4740838BF33A-">
<TextLine HEIGHT="50" WIDTH="978" VPOS="533" HPOS="446" CS="1">
<String CONTENT="xi," HEIGHT="49" WIDTH="65" VPOS="534" HPOS="446"/>
<SP HEIGHT="48" WIDTH="27" VPOS="535" HPOS="512"/>
<String CONTENT="519" HEIGHT="42" WIDTH="84" VPOS="533" HPOS="540"/>
<SP HEIGHT="50" WIDTH="26" VPOS="533" HPOS="625"/>
<String CONTENT="p." HEIGHT="38" WIDTH="44" VPOS="545" HPOS="652"/>
<SP HEIGHT="39" WIDTH="55" VPOS="534" HPOS="697"/>
<String CONTENT="fold," HEIGHT="40" WIDTH="120" VPOS="534" HPOS="753"/>
<SP HEIGHT="39" WIDTH="27" VPOS="536" HPOS="874"/>
<String CONTENT="tab.," HEIGHT="48" WIDTH="112" VPOS="534" HPOS="902"/>
<SP HEIGHT="47" WIDTH="24" VPOS="535" HPOS="1015"/>
<String CONTENT="diagrs." HEIGHT="48" WIDTH="180" VPOS="534" HPOS="1040"/>
<SP HEIGHT="41" WIDTH="54" VPOS="533" HPOS="1221"/>
<String CS="1" CONTENT="21&#189;cm." HEIGHT="40" WIDTH="148" VPOS="533" HPOS="1276"/>
</TextLine>
<TextLine HEIGHT="49" WIDTH="1559" VPOS="604" HPOS="452">
<String CONTENT="&#8220;References&#8221;" HEIGHT="42" WIDTH="351" VPOS="604" HPOS="452"/>
<SP HEIGHT="41" WIDTH="27" VPOS="604" HPOS="804"/>
<String CONTENT="at" HEIGHT="38" WIDTH="53" VPOS="607" HPOS="832"/>
<SP HEIGHT="38" WIDTH="26" VPOS="607" HPOS="886"/>
<String CONTENT="end" HEIGHT="39" WIDTH="92" VPOS="606" HPOS="913"/>
<SP HEIGHT="39" WIDTH="26" VPOS="606" HPOS="1006"/>
<String CONTENT="of" HEIGHT="41" WIDTH="53" VPOS="604" HPOS="1033"/>
<SP HEIGHT="41" WIDTH="26" VPOS="604" HPOS="1087"/>
<String CONTENT="each" HEIGHT="40" WIDTH="118" VPOS="605" HPOS="1114"/>
<SP HEIGHT="39" WIDTH="28" VPOS="605" HPOS="1233"/>
<String CONTENT="chapter" HEIGHT="48" WIDTH="200" VPOS="604" HPOS="1262"/>
<SP HEIGHT="30" WIDTH="29" VPOS="615" HPOS="1463"/>
<String CONTENT="except" HEIGHT="47" WIDTH="173" VPOS="606" HPOS="1493"/>
<SP HEIGHT="39" WIDTH="24" VPOS="606" HPOS="1667"/>
<String CONTENT="chapter" HEIGHT="48" WIDTH="202" VPOS="604" HPOS="1692"/>
<SP HEIGHT="29" WIDTH="28" VPOS="615" HPOS="1895"/>
<String CONTENT="vii." HEIGHT="32" WIDTH="87" VPOS="613" HPOS="1924"/>
</TextLine>
<TextLine HEIGHT="53" WIDTH="1844" VPOS="673" HPOS="377">
<String LANG="en-US" CONTENT="&#169;" HEIGHT="53" WIDTH="52" VPOS="673" HPOS="377"/>
<SP HEIGHT="53" WIDTH="24" VPOS="673" HPOS="430"/>
<String LANG="en-US" CONTENT="July" HEIGHT="47" WIDTH="117" VPOS="677" HPOS="455"/>
<SP HEIGHT="47" WIDTH="25" VPOS="677" HPOS="573"/>
<String LANG="en-US" CONTENT="8," HEIGHT="48" WIDTH="38" VPOS="677" HPOS="599"/>
<SP HEIGHT="48" WIDTH="29" VPOS="677" HPOS="638"/>
<String LANG="en-US" CONTENT="1836;" HEIGHT="47" WIDTH="140" VPOS="676" HPOS="668"/>
<SP HEIGHT="47" WIDTH="25" VPOS="676" HPOS="809"/>
<String LANG="en-US" CONTENT="2c." HEIGHT="42" WIDTH="67" VPOS="676" HPOS="835"/>
<SP HEIGHT="31" WIDTH="28" VPOS="687" HPOS="903"/>
<String LANG="en-US" CONTENT="and" HEIGHT="40" WIDTH="95" VPOS="676" HPOS="932"/>
<SP HEIGHT="39" WIDTH="24" VPOS="676" HPOS="1028"/>
<String LANG="en-US" CONTENT="aff." HEIGHT="40" WIDTH="82" VPOS="676" HPOS="1053"/>
<SP HEIGHT="39" WIDTH="27" VPOS="677" HPOS="1136"/>
<String LANG="en-US" CONTENT="July" HEIGHT="47" WIDTH="117" VPOS="676" HPOS="1164"/>
<SP HEIGHT="46" WIDTH="25" VPOS="677" HPOS="1282"/>
<String LANG="en-US" CONTENT="15;" HEIGHT="45" WIDTH="81" VPOS="676" HPOS="1308"/>
<SP HEIGHT="44" WIDTH="29" VPOS="677" HPOS="1390"/>
<!-- cceid A1F61207-6E3A-1014-83DD-942C093A1DD9 --><String LANG="en-US" CONTENT="A" HEIGHT="38" WIDTH="39" VPOS="677" HPOS="1420"/>
<SP HEIGHT="40" WIDTH="26" VPOS="676" HPOS="1460"/>
<String LANG="en-US" CONTENT="97046;" HEIGHT="46" WIDTH="171" VPOS="676" HPOS="1487"/>
<SP HEIGHT="46" WIDTH="32" VPOS="676" HPOS="1659"/>
<String LANG="en-US" CONTENT="J." HEIGHT="41" WIDTH="42" VPOS="676" HPOS="1692"/>
<SP HEIGHT="40" WIDTH="28" VPOS="677" HPOS="1735"/>
<String LANG="fr" CONTENT="B." HEIGHT="38" WIDTH="53" VPOS="677" HPOS="1764"/>
<SP HEIGHT="38" WIDTH="27" VPOS="677" HPOS="1818"/>
<String LANG="fr" CONTENT="Lippincott" HEIGHT="49" WIDTH="280" VPOS="675" HPOS="1846"/>
<SP HEIGHT="38" WIDTH="24" VPOS="678" HPOS="2127"/>
<String LANG="ru" CONTENT="co." HEIGHT="30" WIDTH="69" VPOS="685" HPOS="2152"/>
</TextLine>
<TextLine HEIGHT="47" WIDTH="282" VPOS="734" HPOS="457">
<String CONTENT="(36-17347)" HEIGHT="47" WIDTH="282" VPOS="734" HPOS="457"/>
</TextLine>
<TextLine HEIGHT="66" WIDTH="907" VPOS="852" HPOS="376" STYLEREFS="StyleId-26F512E5-4DDD-4D34-8539-AE48A3B1B0EA-">
<String CONTENT="Bradley," HEIGHT="65" WIDTH="274" VPOS="852" HPOS="376"/>
<SP HEIGHT="65" WIDTH="28" VPOS="852" HPOS="651"/>
<String CONTENT="Alice" HEIGHT="55" WIDTH="163" VPOS="852" HPOS="680"/>
<SP HEIGHT="52" WIDTH="24" VPOS="854" HPOS="844"/>
<String CONTENT="Marie," HEIGHT="66" WIDTH="206" VPOS="852" HPOS="869"/>
<SP HEIGHT="47" WIDTH="28" VPOS="871" HPOS="1076"/>
<String CONTENT="comp." HEIGHT="46" WIDTH="178" VPOS="870" HPOS="1105"/>
</TextLine>
<TextLine HEIGHT="71" WIDTH="1938" VPOS="940" HPOS="449" STYLEREFS="StyleId-779A8721-1BCB-4BC8-AE80-9009DD151B13-" CS="1">
<String CONTENT="The" HEIGHT="54" WIDTH="121" VPOS="941" HPOS="449"/>
<SP HEIGHT="35" WIDTH="38" VPOS="960" HPOS="571"/>
<String CONTENT="world" HEIGHT="54" WIDTH="181" VPOS="941" HPOS="610"/>
<SP HEIGHT="53" WIDTH="38" VPOS="942" HPOS="792"/>
<String CONTENT="looks" HEIGHT="55" WIDTH="161" VPOS="941" HPOS="831"/>
<SP HEIGHT="36" WIDTH="37" VPOS="960" HPOS="993"/>
<String CONTENT="at" HEIGHT="50" WIDTH="61" VPOS="946" HPOS="1031"/>
<SP HEIGHT="54" WIDTH="36" VPOS="942" HPOS="1093"/>
<String CONTENT="Texas" HEIGHT="53" WIDTH="184" VPOS="942" HPOS="1130"/>
<SP HEIGHT="50" WIDTH="45" VPOS="960" HPOS="1315"/>
<String CS="1" CONTENT="[by]" HEIGHT="70" WIDTH="94" VPOS="941" HPOS="1377"/>
<SP HEIGHT="70" WIDTH="42" VPOS="940" HPOS="1472"/>
<String CONTENT="A." HEIGHT="55" WIDTH="73" VPOS="940" HPOS="1515"/>
<SP HEIGHT="54" WIDTH="36" VPOS="941" HPOS="1589"/>
<String CONTENT="M." HEIGHT="55" WIDTH="83" VPOS="941" HPOS="1626"/>
<SP HEIGHT="55" WIDTH="39" VPOS="941" HPOS="1710"/>
<String CONTENT="Bradley" HEIGHT="70" WIDTH="255" VPOS="941" HPOS="1750"/>
<SP HEIGHT="53" WIDTH="41" VPOS="958" HPOS="2006"/>
<String CONTENT="and" HEIGHT="55" WIDTH="114" VPOS="940" HPOS="2048"/>
<SP HEIGHT="55" WIDTH="39" VPOS="940" HPOS="2163"/>
<String LANG="fr" CONTENT="H." HEIGHT="57" WIDTH="78" VPOS="940" HPOS="2203"/>
<SP HEIGHT="57" WIDTH="38" VPOS="940" HPOS="2282"/>
<String CONTENT="T." HEIGHT="54" WIDTH="66" VPOS="940" HPOS="2321"/>
</TextLine>
<TextLine HEIGHT="71" WIDTH="2008" VPOS="1019" HPOS="379" STYLEREFS="StyleId-779A8721-1BCB-4BC8-AE80-9009DD151B13-">
<String CONTENT="Bradley." HEIGHT="70" WIDTH="270" VPOS="1020" HPOS="379"/>
<SP HEIGHT="53" WIDTH="65" VPOS="1020" HPOS="650"/>
<String CONTENT="Dallas," HEIGHT="69" WIDTH="221" VPOS="1020" HPOS="716"/>
<SP HEIGHT="68" WIDTH="25" VPOS="1021" HPOS="938"/>
<String CONTENT="Tex.," HEIGHT="69" WIDTH="157" VPOS="1021" HPOS="964"/>
<SP HEIGHT="69" WIDTH="29" VPOS="1021" HPOS="1122"/>
<String CONTENT="Tardy" HEIGHT="69" WIDTH="199" VPOS="1021" HPOS="1152"/>
<SP HEIGHT="52" WIDTH="26" VPOS="1038" HPOS="1352"/>
<String CONTENT="publishing" HEIGHT="70" WIDTH="339" VPOS="1019" HPOS="1379"/>
<SP HEIGHT="51" WIDTH="26" VPOS="1038" HPOS="1719"/>
<String CONTENT="company," HEIGHT="51" WIDTH="301" VPOS="1037" HPOS="1746"/>
<SP HEIGHT="69" WIDTH="27" VPOS="1019" HPOS="2048"/>
<String CONTENT="inc.," HEIGHT="67" WIDTH="127" VPOS="1019" HPOS="2076"/>
<SP HEIGHT="63" WIDTH="32" VPOS="1023" HPOS="2204"/>
<String CONTENT="1936." HEIGHT="50" WIDTH="150" VPOS="1022" HPOS="2237"/>
</TextLine>
<TextLine HEIGHT="51" WIDTH="1184" VPOS="1105" HPOS="452" STYLEREFS="StyleId-779A8721-1BCB-4BC8-AE80-9009DD151B13-" CS="1">
<String CONTENT="6" HEIGHT="41" WIDTH="29" VPOS="1105" HPOS="452"/>
<SP HEIGHT="50" WIDTH="23" VPOS="1105" HPOS="482"/>
<String CONTENT="p." HEIGHT="37" WIDTH="42" VPOS="1118" HPOS="506"/>
<SP HEIGHT="40" WIDTH="26" VPOS="1108" HPOS="549"/>
<String CS="1" CONTENT="l.," HEIGHT="16" WIDTH="22" VPOS="1139" HPOS="597"/>
<SP HEIGHT="48" WIDTH="27" VPOS="1107" HPOS="620"/>
<String CONTENT="97" HEIGHT="41" WIDTH="58" VPOS="1107" HPOS="648"/>
<SP HEIGHT="49" WIDTH="22" VPOS="1107" HPOS="707"/>
<String CONTENT="p." HEIGHT="39" WIDTH="43" VPOS="1117" HPOS="730"/>
<SP HEIGHT="40" WIDTH="29" VPOS="1107" HPOS="774"/>
<String CONTENT="inch" HEIGHT="41" WIDTH="109" VPOS="1107" HPOS="804"/>
<SP/>
<String CS="1" CONTENT="front."/>
<SP/>
<String CONTENT="(port.)" HEIGHT="49" WIDTH="171" VPOS="1107" HPOS="1121"/>
<SP HEIGHT="49" WIDTH="37" VPOS="1107" HPOS="1293"/>
<String CONTENT="illus." HEIGHT="42" WIDTH="128" VPOS="1106" HPOS="1331"/>
<SP HEIGHT="42" WIDTH="58" VPOS="1105" HPOS="1460"/>
<String CONTENT="20" HEIGHT="41" WIDTH="57" VPOS="1105" HPOS="1519"/>
<String STYLE="superscript" CS="1" CONTENT="cm" HEIGHT="21" WIDTH="14" VPOS="1108" HPOS="1579"/>
<String CONTENT="." HEIGHT="10" WIDTH="10" VPOS="1137" HPOS="1626"/>
</TextLine>
<TextLine HEIGHT="50" WIDTH="1936" VPOS="1177" HPOS="455">
<String CONTENT="&#8220;An" HEIGHT="41" WIDTH="102" VPOS="1177" HPOS="455"/>
<SP HEIGHT="30" WIDTH="24" VPOS="1189" HPOS="558"/>
<String CONTENT="anthology" HEIGHT="48" WIDTH="268" VPOS="1178" HPOS="583"/>
<SP HEIGHT="37" WIDTH="21" VPOS="1189" HPOS="852"/>
<String CONTENT="of" HEIGHT="41" WIDTH="53" VPOS="1178" HPOS="874"/>
<SP HEIGHT="40" WIDTH="19" VPOS="1178" HPOS="928"/>
<String CONTENT="brief" HEIGHT="41" WIDTH="131" VPOS="1178" HPOS="948"/>
<SP HEIGHT="41" WIDTH="21" VPOS="1178" HPOS="1080"/>
<String CONTENT="opinions" HEIGHT="48" WIDTH="223" VPOS="1178" HPOS="1102"/>
<SP HEIGHT="31" WIDTH="20" VPOS="1188" HPOS="1326"/>
<String CONTENT="or" HEIGHT="31" WIDTH="55" VPOS="1188" HPOS="1347"/>
<SP HEIGHT="40" WIDTH="22" VPOS="1177" HPOS="1403"/>
<String CONTENT="impressions" HEIGHT="49" WIDTH="317" VPOS="1177" HPOS="1426"/>
<SP HEIGHT="31" WIDTH="24" VPOS="1188" HPOS="1744"/>
<String CONTENT="of" HEIGHT="41" WIDTH="52" VPOS="1177" HPOS="1769"/>
<SP HEIGHT="40" WIDTH="21" VPOS="1177" HPOS="1822"/>
<String CONTENT="Texas," HEIGHT="50" WIDTH="175" VPOS="1177" HPOS="1844"/>
<SP HEIGHT="50" WIDTH="25" VPOS="1177" HPOS="2020"/>
<String CONTENT="by" HEIGHT="49" WIDTH="61" VPOS="1177" HPOS="2046"/>
<SP HEIGHT="38" WIDTH="25" VPOS="1188" HPOS="2108"/>
<String CONTENT="a" HEIGHT="29" WIDTH="23" VPOS="1189" HPOS="2134"/>
<SP HEIGHT="29" WIDTH="31" VPOS="1189" HPOS="2158"/>
<String CONTENT="number" HEIGHT="41" WIDTH="201" VPOS="1177" HPOS="2190"/>
</TextLine>
<TextLine HEIGHT="49" WIDTH="772" VPOS="1234" HPOS="381">
<String CONTENT="of" HEIGHT="40" WIDTH="53" VPOS="1235" HPOS="381"/>
<SP HEIGHT="48" WIDTH="24" VPOS="1235" HPOS="435"/>
<String CONTENT="prominent" HEIGHT="48" WIDTH="278" VPOS="1235" HPOS="460"/>
<SP HEIGHT="47" WIDTH="25" VPOS="1236" HPOS="739"/>
<String CONTENT="people.&#8221;&#8212;p." HEIGHT="49" WIDTH="319" VPOS="1234" HPOS="765"/>
<SP HEIGHT="46" WIDTH="26" VPOS="1234" HPOS="1085"/>
<String CONTENT="3." HEIGHT="42" WIDTH="41" VPOS="1234" HPOS="1112"/>
</TextLine>
<TextLine HEIGHT="53" WIDTH="2012" VPOS="1304" HPOS="379" CS="1">
<String CONTENT="&#169;" HEIGHT="53" WIDTH="52" VPOS="1304" HPOS="379"/>
<SP HEIGHT="53" WIDTH="26" VPOS="1304" HPOS="432"/>
<String CONTENT="Apr." HEIGHT="47" WIDTH="113" VPOS="1309" HPOS="459"/>
<SP HEIGHT="41" WIDTH="26" VPOS="1308" HPOS="573"/>
<String CONTENT="20," HEIGHT="48" WIDTH="70" VPOS="1308" HPOS="600"/>
<SP HEIGHT="48" WIDTH="29" VPOS="1308" HPOS="671"/>
<String CONTENT="1886;" HEIGHT="47" WIDTH="140" VPOS="1307" HPOS="701"/>
<SP HEIGHT="46" WIDTH="31" VPOS="1308" HPOS="842"/>
<String CONTENT="2c." HEIGHT="41" WIDTH="69" VPOS="1308" HPOS="874"/>
<SP HEIGHT="40" WIDTH="27" VPOS="1309" HPOS="944"/>
<String CONTENT="July" HEIGHT="47" WIDTH="116" VPOS="1308" HPOS="972"/>
<SP HEIGHT="47" WIDTH="28" VPOS="1308" HPOS="1089"/>
<String CONTENT="25;" HEIGHT="46" WIDTH="81" VPOS="1308" HPOS="1118"/>
<SP HEIGHT="35" WIDTH="31" VPOS="1319" HPOS="1200"/>
<String CS="1" CONTENT="aff." HEIGHT="41" WIDTH="81" VPOS="1307" HPOS="1232"/>
<SP HEIGHT="40" WIDTH="29" VPOS="1308" HPOS="1314"/>
<String CONTENT="July" HEIGHT="48" WIDTH="115" VPOS="1307" HPOS="1344"/>
<SP HEIGHT="47" WIDTH="27" VPOS="1308" HPOS="1460"/>
<String CS="1" CONTENT="24;" HEIGHT="38" WIDTH="56" VPOS="1308" HPOS="1488"/>
<SP HEIGHT="41" WIDTH="30" VPOS="1308" HPOS="1571"/>
<!-- cceid A1F67E84-6E3A-1014-83DD-942C093A1DD9 --><String CONTENT="A" HEIGHT="39" WIDTH="41" VPOS="1308" HPOS="1602"/>
<SP HEIGHT="41" WIDTH="24" VPOS="1307" HPOS="1644"/>
<String CONTENT="96638;" HEIGHT="47" WIDTH="171" VPOS="1307" HPOS="1669"/>
<SP HEIGHT="46" WIDTH="32" VPOS="1308" HPOS="1841"/>
<String CONTENT="A." HEIGHT="40" WIDTH="53" VPOS="1308" HPOS="1874"/>
<SP HEIGHT="38" WIDTH="31" VPOS="1310" HPOS="1928"/>
<String CONTENT="M." HEIGHT="39" WIDTH="63" VPOS="1310" HPOS="1960"/>
<SP HEIGHT="40" WIDTH="29" VPOS="1309" HPOS="2024"/>
<String CONTENT="Bradley" HEIGHT="47" WIDTH="212" VPOS="1307" HPOS="2054"/>
<SP HEIGHT="36" WIDTH="28" VPOS="1318" HPOS="2267"/>
<String CONTENT="and" HEIGHT="41" WIDTH="95" VPOS="1306" HPOS="2296"/>
</TextLine>
<TextLine HEIGHT="48" WIDTH="1306" VPOS="1364" HPOS="448">
<String CONTENT="Harold" HEIGHT="40" WIDTH="189" VPOS="1364" HPOS="448"/>
<SP HEIGHT="39" WIDTH="27" VPOS="1365" HPOS="638"/>
<String CONTENT="Thomas" HEIGHT="39" WIDTH="212" VPOS="1365" HPOS="666"/>
<SP HEIGHT="38" WIDTH="27" VPOS="1366" HPOS="879"/>
<String CONTENT="Bradley," HEIGHT="47" WIDTH="228" VPOS="1365" HPOS="907"/>
<SP HEIGHT="46" WIDTH="29" VPOS="1366" HPOS="1136"/>
<String CONTENT="Houston." HEIGHT="40" WIDTH="238" VPOS="1365" HPOS="1166"/>
<SP HEIGHT="48" WIDTH="66" VPOS="1364" HPOS="1405"/>
<String CONTENT="(36-17252)" HEIGHT="48" WIDTH="282" VPOS="1364" HPOS="1472"/>
</TextLine>
<TextLine HEIGHT="65" WIDTH="698" VPOS="1469" HPOS="377" STYLEREFS="StyleId-26F512E5-4DDD-4D34-8539-AE48A3B1B0EA-">
<String CONTENT="Burghardt," HEIGHT="65" WIDTH="369" VPOS="1469" HPOS="377"/>
<SP HEIGHT="64" WIDTH="24" VPOS="1470" HPOS="747"/>
<String CONTENT="Henry" HEIGHT="64" WIDTH="208" VPOS="1470" HPOS="772"/>
<SP HEIGHT="64" WIDTH="22" VPOS="1470" HPOS="981"/>
<String CONTENT="D." HEIGHT="53" WIDTH="71" VPOS="1470" HPOS="1004"/>
</TextLine>
<TextLine HEIGHT="69" WIDTH="1943" VPOS="1561" HPOS="449" STYLEREFS="StyleId-779A8721-1BCB-4BC8-AE80-9009DD151B13-" CS="1">
<String CONTENT="Machine" HEIGHT="54" WIDTH="267" VPOS="1561" HPOS="449"/>
<SP HEIGHT="48" WIDTH="27" VPOS="1567" HPOS="717"/>
<String CONTENT="tool" HEIGHT="54" WIDTH="115" VPOS="1561" HPOS="745"/>
<SP HEIGHT="54" WIDTH="31" VPOS="1561" HPOS="861"/>
<String CONTENT="operation" HEIGHT="69" WIDTH="298" VPOS="1561" HPOS="893"/>
<SP HEIGHT="33" WIDTH="35" VPOS="1582" HPOS="1192"/>
<String CS="1" CONTENT="&#8230;"/>
<SP HEIGHT="53" WIDTH="33" VPOS="1562" HPOS="1284"/>
<String CONTENT="by" HEIGHT="68" WIDTH="75" VPOS="1562" HPOS="1318"/>
<SP HEIGHT="68" WIDTH="27" VPOS="1562" HPOS="1394"/>
<String CONTENT="Henry" HEIGHT="68" WIDTH="203" VPOS="1562" HPOS="1422"/>
<SP HEIGHT="67" WIDTH="28" VPOS="1563" HPOS="1626"/>
<String CONTENT="D." HEIGHT="53" WIDTH="72" VPOS="1563" HPOS="1655"/>
<SP HEIGHT="52" WIDTH="31" VPOS="1564" HPOS="1728"/>
<String CONTENT="Burghardt" HEIGHT="69" WIDTH="340" VPOS="1561" HPOS="1760"/>
<SP HEIGHT="49" WIDTH="33" VPOS="1566" HPOS="2101"/>
<String CS="1" CONTENT="&#8230;"/>
<SP HEIGHT="49" WIDTH="69" VPOS="1581" HPOS="2190"/>
<String CONTENT="part" HEIGHT="64" WIDTH="132" VPOS="1566" HPOS="2260"/>
</TextLine>
<TextLine HEIGHT="67" WIDTH="2012" VPOS="1641" HPOS="382" STYLEREFS="StyleId-779A8721-1BCB-4BC8-AE80-9009DD151B13-">
<String CONTENT="1." HEIGHT="48" WIDTH="45" VPOS="1646" HPOS="382"/>
<SP HEIGHT="52" WIDTH="39" VPOS="1642" HPOS="428"/>
<String CONTENT="The" HEIGHT="52" WIDTH="119" VPOS="1642" HPOS="468"/>
<SP HEIGHT="53" WIDTH="32" VPOS="1641" HPOS="588"/>
<String CONTENT="lathe;" HEIGHT="64" WIDTH="184" VPOS="1641" HPOS="621"/>
<SP HEIGHT="64" WIDTH="34" VPOS="1641" HPOS="806"/>
<String CONTENT="bench" HEIGHT="52" WIDTH="178" VPOS="1641" HPOS="841"/>
<SP HEIGHT="50" WIDTH="33" VPOS="1642" HPOS="1020"/>
<String CONTENT="work" HEIGHT="53" WIDTH="159" VPOS="1641" HPOS="1054"/>
<SP HEIGHT="52" WIDTH="31" VPOS="1641" HPOS="1214"/>
<String CONTENT="and" HEIGHT="52" WIDTH="111" VPOS="1642" HPOS="1246"/>
<SP HEIGHT="52" WIDTH="31" VPOS="1642" HPOS="1358"/>
<String CONTENT="work" HEIGHT="52" WIDTH="158" VPOS="1641" HPOS="1390"/>
<SP HEIGHT="52" WIDTH="33" VPOS="1641" HPOS="1549"/>
<String CONTENT="at" HEIGHT="48" WIDTH="56" VPOS="1648" HPOS="1583"/>
<SP HEIGHT="48" WIDTH="32" VPOS="1648" HPOS="1640"/>
<String CONTENT="the" HEIGHT="53" WIDTH="95" VPOS="1642" HPOS="1673"/>
<SP HEIGHT="54" WIDTH="34" VPOS="1641" HPOS="1769"/>
<String CONTENT="forge." HEIGHT="67" WIDTH="182" VPOS="1641" HPOS="1804"/>
<SP HEIGHT="52" WIDTH="69" VPOS="1642" HPOS="1987"/>
<String CONTENT="New" HEIGHT="52" WIDTH="138" VPOS="1642" HPOS="2057"/>
<SP HEIGHT="51" WIDTH="34" VPOS="1643" HPOS="2196"/>
<String CONTENT="York" HEIGHT="52" WIDTH="163" VPOS="1642" HPOS="2231"/>
</TextLine>
<TextLine HEIGHT="68" WIDTH="1765" VPOS="1719" HPOS="380" STYLEREFS="StyleId-779A8721-1BCB-4BC8-AE80-9009DD151B13-">
<String CONTENT="and" HEIGHT="53" WIDTH="113" VPOS="1720" HPOS="380"/>
<SP HEIGHT="53" WIDTH="33" VPOS="1720" HPOS="494"/>
<String CONTENT="London," HEIGHT="64" WIDTH="260" VPOS="1720" HPOS="528"/>
<SP HEIGHT="64" WIDTH="31" VPOS="1720" HPOS="789"/>
<String CONTENT="McGraw-Hill" HEIGHT="56" WIDTH="433" VPOS="1719" HPOS="821"/>
<SP HEIGHT="52" WIDTH="32" VPOS="1720" HPOS="1255"/>
<String CONTENT="book" HEIGHT="53" WIDTH="147" VPOS="1719" HPOS="1288"/>
<SP HEIGHT="53" WIDTH="32" VPOS="1719" HPOS="1436"/>
<String CONTENT="company," HEIGHT="49" WIDTH="298" VPOS="1738" HPOS="1469"/>
<SP HEIGHT="67" WIDTH="30" VPOS="1719" HPOS="1768"/>
<String CONTENT="inc." HEIGHT="54" WIDTH="109" VPOS="1719" HPOS="1799"/>
<SP HEIGHT="33" WIDTH="42" VPOS="1754" HPOS="1909"/>
<String CONTENT="[" HEIGHT="33" WIDTH="12" VPOS="1754" HPOS="1952"/>
<String STYLE="superscript" CONTENT="c" HEIGHT="21" WIDTH="19" VPOS="1726" HPOS="1969"/>
<String CONTENT="1936]" HEIGHT="63" WIDTH="152" VPOS="1723" HPOS="1993"/>
</TextLine>
<TextLine HEIGHT="50" WIDTH="912" VPOS="1805" HPOS="445" STYLEREFS="StyleId-779A8721-1BCB-4BC8-AE80-9009DD151B13-" CS="1">
<String CONTENT="xxi," HEIGHT="49" WIDTH="98" VPOS="1806" HPOS="445"/>
<SP HEIGHT="48" WIDTH="28" VPOS="1807" HPOS="544"/>
<String CONTENT="401" HEIGHT="40" WIDTH="85" VPOS="1806" HPOS="573"/>
<SP HEIGHT="46" WIDTH="30" VPOS="1807" HPOS="659"/>
<String CONTENT="p." HEIGHT="37" WIDTH="43" VPOS="1816" HPOS="690"/>
<SP HEIGHT="40" WIDTH="59" VPOS="1805" HPOS="734"/>
<String CONTENT="illus.," HEIGHT="49" WIDTH="142" VPOS="1805" HPOS="794"/>
<SP HEIGHT="48" WIDTH="31" VPOS="1806" HPOS="937"/>
<String CONTENT="diagrs." HEIGHT="49" WIDTH="181" VPOS="1805" HPOS="969"/>
<SP HEIGHT="40" WIDTH="58" VPOS="1806" HPOS="1151"/>
<String CS="1" CONTENT="19&#189;" HEIGHT="41" WIDTH="58" VPOS="1805" HPOS="1210"/>
<String STYLE="superscript" CONTENT="cm" HEIGHT="21" WIDTH="43" VPOS="1808" HPOS="1299"/>
<String CONTENT="." HEIGHT="8" WIDTH="9" VPOS="1839" HPOS="1348"/>
</TextLine>
<TextLine HEIGHT="54" WIDTH="2013" VPOS="1873" HPOS="380">
<String CONTENT="&#169;" HEIGHT="54" WIDTH="53" VPOS="1873" HPOS="380"/>
<SP HEIGHT="54" WIDTH="28" VPOS="1873" HPOS="434"/>
<String CONTENT="July" HEIGHT="47" WIDTH="118" VPOS="1877" HPOS="463"/>
<SP HEIGHT="47" WIDTH="26" VPOS="1877" HPOS="582"/>
<String CONTENT="22," HEIGHT="49" WIDTH="69" VPOS="1876" HPOS="609"/>
<SP HEIGHT="48" WIDTH="31" VPOS="1877" HPOS="679"/>
<String CONTENT="1936;" HEIGHT="48" WIDTH="141" VPOS="1876" HPOS="711"/>
<SP HEIGHT="48" WIDTH="31" VPOS="1876" HPOS="853"/>
<String CONTENT="2c." HEIGHT="41" WIDTH="67" VPOS="1876" HPOS="885"/>
<SP HEIGHT="30" WIDTH="29" VPOS="1887" HPOS="953"/>
<String CONTENT="and" HEIGHT="39" WIDTH="96" VPOS="1877" HPOS="983"/>
<SP HEIGHT="39" WIDTH="30" VPOS="1877" HPOS="1080"/>
<String CONTENT="aff." HEIGHT="42" WIDTH="83" VPOS="1874" HPOS="1111"/>
<SP HEIGHT="39" WIDTH="33" VPOS="1878" HPOS="1195"/>
<String CONTENT="July" HEIGHT="47" WIDTH="116" VPOS="1876" HPOS="1229"/>
<SP HEIGHT="46" WIDTH="29" VPOS="1877" HPOS="1346"/>
<String CONTENT="25;" HEIGHT="47" WIDTH="82" VPOS="1877" HPOS="1376"/>
<SP HEIGHT="48" WIDTH="32" VPOS="1876" HPOS="1459"/>
<!-- cceid A1F6E5B4-6E3A-1014-83DD-942C093A1DD9 --><String CONTENT="A" HEIGHT="40" WIDTH="41" VPOS="1876" HPOS="1492"/>
<SP HEIGHT="41" WIDTH="28" VPOS="1876" HPOS="1534"/>
<String CONTENT="97145;" HEIGHT="47" WIDTH="171" VPOS="1876" HPOS="1563"/>
<SP HEIGHT="45" WIDTH="34" VPOS="1878" HPOS="1735"/>
<String CONTENT="McGraw-Hill" HEIGHT="41" WIDTH="351" VPOS="1876" HPOS="1770"/>
<SP HEIGHT="40" WIDTH="33" VPOS="1877" HPOS="2122"/>
<String CONTENT="book" HEIGHT="39" WIDTH="122" VPOS="1878" HPOS="2156"/>
<SP HEIGHT="39" WIDTH="30" VPOS="1878" HPOS="2279"/>
<String LANG="ru" CONTENT="co.," HEIGHT="39" WIDTH="83" VPOS="1886" HPOS="2310"/>
</TextLine>
<TextLine HEIGHT="108" WIDTH="1660" VPOS="1931" HPOS="448" CS="1">
<String CONTENT="inc." HEIGHT="41" WIDTH="93" VPOS="1934" HPOS="448"/>
<SP HEIGHT="29" WIDTH="64" VPOS="1954" HPOS="542"/>
<String CONTENT="[Copyright" HEIGHT="50" WIDTH="283" VPOS="1933" HPOS="607"/>
<SP HEIGHT="40" WIDTH="29" VPOS="1934" HPOS="891"/>
<String CONTENT="is" HEIGHT="39" WIDTH="42" VPOS="1934" HPOS="921"/>
<SP HEIGHT="30" WIDTH="29" VPOS="1943" HPOS="964"/>
<String CONTENT="claimed" HEIGHT="40" WIDTH="208" VPOS="1933" HPOS="994"/>
<SP HEIGHT="40" WIDTH="31" VPOS="1933" HPOS="1203"/>
<String CONTENT="on" HEIGHT="29" WIDTH="60" VPOS="1944" HPOS="1235"/>
<SP HEIGHT="28" WIDTH="31" VPOS="1944" HPOS="1296"/>
<String CONTENT="revisions" HEIGHT="42" WIDTH="238" VPOS="1931" HPOS="1328"/>
<SP HEIGHT="30" WIDTH="31" VPOS="1943" HPOS="1567"/>
<String CONTENT="and" HEIGHT="39" WIDTH="96" VPOS="1933" HPOS="1599"/>
<SP HEIGHT="39" WIDTH="28" VPOS="1933" HPOS="1696"/>
<String CONTENT="new" HEIGHT="30" WIDTH="106" VPOS="1944" HPOS="1725"/>
<SP HEIGHT="29" WIDTH="30" VPOS="1943" HPOS="1832"/>
<String CONTENT="material]" HEIGHT="50" WIDTH="245" VPOS="1933" HPOS="1863"/>
<SP/>
<String CONTENT="(36-17343)" HEIGHT="49" WIDTH="282" VPOS="1990" HPOS="461"/>
</TextLine>
<TextLine HEIGHT="68" WIDTH="1044" VPOS="2093" HPOS="379" STYLEREFS="StyleId-26F512E5-4DDD-4D34-8539-AE48A3B1B0EA-">
<String CONTENT="Burkard," HEIGHT="66" WIDTH="294" VPOS="2095" HPOS="379"/>
<SP HEIGHT="65" WIDTH="27" VPOS="2096" HPOS="674"/>
<String CONTENT="William" HEIGHT="56" WIDTH="258" VPOS="2094" HPOS="702"/>
<SP HEIGHT="52" WIDTH="28" VPOS="2096" HPOS="961"/>
<String CONTENT="Edwin," HEIGHT="65" WIDTH="228" VPOS="2093" HPOS="990"/>
<SP HEIGHT="58" WIDTH="31" VPOS="2100" HPOS="1219"/>
<String CONTENT="1890-" HEIGHT="50" WIDTH="172" VPOS="2100" HPOS="1251"/>
</TextLine>
<TextLine HEIGHT="70" WIDTH="1819" VPOS="2185" HPOS="513" STYLEREFS="StyleId-779A8721-1BCB-4BC8-AE80-9009DD151B13-" CS="1">
<String CS="1" CONTENT="&#8230;"/>
<SP HEIGHT="53" WIDTH="39" VPOS="2187" HPOS="513"/>
<String CONTENT="Health" HEIGHT="54" WIDTH="221" VPOS="2186" HPOS="553"/>
<SP HEIGHT="53" WIDTH="35" VPOS="2188" HPOS="775"/>
<String CONTENT="stories" HEIGHT="55" WIDTH="201" VPOS="2186" HPOS="811"/>
<SP HEIGHT="35" WIDTH="34" VPOS="2205" HPOS="1013"/>
<String CONTENT="and" HEIGHT="53" WIDTH="113" VPOS="2187" HPOS="1048"/>
<SP HEIGHT="68" WIDTH="35" VPOS="2187" HPOS="1162"/>
<String CONTENT="practice," HEIGHT="69" WIDTH="267" VPOS="2186" HPOS="1198"/>
<SP HEIGHT="69" WIDTH="34" VPOS="2186" HPOS="1466"/>
<String CONTENT="by" HEIGHT="68" WIDTH="77" VPOS="2186" HPOS="1501"/>
<SP HEIGHT="67" WIDTH="32" VPOS="2187" HPOS="1579"/>
<String CONTENT="William" HEIGHT="56" WIDTH="264" VPOS="2185" HPOS="1612"/>
<SP HEIGHT="51" WIDTH="35" VPOS="2188" HPOS="1877"/>
<String CONTENT="E." HEIGHT="52" WIDTH="68" VPOS="2188" HPOS="1913"/>
<SP HEIGHT="52" WIDTH="35" VPOS="2188" HPOS="1982"/>
<String CONTENT="Burkard" HEIGHT="54" WIDTH="271" VPOS="2187" HPOS="2018"/>
<SP HEIGHT="52" WIDTH="42" VPOS="2189" HPOS="2290"/>
<String CS="1" CONTENT="&#8230;"/>
</TextLine>
<TextLine HEIGHT="70" WIDTH="1949" VPOS="2265" HPOS="381" STYLEREFS="StyleId-779A8721-1BCB-4BC8-AE80-9009DD151B13-" CS="1">
<String CONTENT="Raymond" HEIGHT="69" WIDTH="307" VPOS="2266" HPOS="381"/>
<SP HEIGHT="53" WIDTH="42" VPOS="2267" HPOS="689"/>
<String CONTENT="L." HEIGHT="52" WIDTH="64" VPOS="2268" HPOS="732"/>
<SP HEIGHT="56" WIDTH="44" VPOS="2267" HPOS="797"/>
<String CONTENT="Chambers" HEIGHT="57" WIDTH="313" VPOS="2266" HPOS="842"/>
<SP HEIGHT="33" WIDTH="47" VPOS="2287" HPOS="1156"/>
<String CS="1" CONTENT="&#8230;"/>
<SP HEIGHT="34" WIDTH="53" VPOS="2301" HPOS="1260"/>
<String STYLE="subscript" CONTENT="[" HEIGHT="34" WIDTH="12" VPOS="2301" HPOS="1314"/>
<String CONTENT="and]" HEIGHT="69" WIDTH="131" VPOS="2266" HPOS="1332"/>
<SP HEIGHT="68" WIDTH="47" VPOS="2267" HPOS="1464"/>
<String CONTENT="Frederick" HEIGHT="55" WIDTH="314" VPOS="2265" HPOS="1512"/>
<SP HEIGHT="54" WIDTH="37" VPOS="2267" HPOS="1827"/>
<String CONTENT="W." HEIGHT="54" WIDTH="91" VPOS="2267" HPOS="1865"/>
<SP HEIGHT="52" WIDTH="44" VPOS="2267" HPOS="1957"/>
<String CONTENT="Maroney" HEIGHT="68" WIDTH="278" VPOS="2267" HPOS="2002"/>
<SP HEIGHT="49" WIDTH="49" VPOS="2286" HPOS="2281"/>
<String CS="1" CONTENT="&#8230;"/>
</TextLine>
<TextLine HEIGHT="70" WIDTH="1564" VPOS="2345" HPOS="382" STYLEREFS="StyleId-779A8721-1BCB-4BC8-AE80-9009DD151B13-">
<String CONTENT="Chicago," HEIGHT="70" WIDTH="271" VPOS="2345" HPOS="382"/>
<SP HEIGHT="67" WIDTH="32" VPOS="2346" HPOS="654"/>
<String CONTENT="Dallas" HEIGHT="53" WIDTH="203" VPOS="2346" HPOS="687"/>
<SP HEIGHT="49" WIDTH="36" VPOS="2365" HPOS="891"/>
<String STYLE="subscript" CONTENT="[" HEIGHT="33" WIDTH="12" VPOS="2381" HPOS="928"/>
<String CONTENT="etc.]" HEIGHT="61" WIDTH="120" VPOS="2352" HPOS="945"/>
<SP HEIGHT="66" WIDTH="34" VPOS="2347" HPOS="1066"/>
<String CONTENT="Lyons" HEIGHT="67" WIDTH="194" VPOS="2347" HPOS="1101"/>
<SP HEIGHT="52" WIDTH="31" VPOS="2349" HPOS="1296"/>
<String CONTENT="&amp;" HEIGHT="50" WIDTH="45" VPOS="2349" HPOS="1328"/>
<SP HEIGHT="55" WIDTH="32" VPOS="2346" HPOS="1374"/>
<String CONTENT="Carnahan" HEIGHT="55" WIDTH="308" VPOS="2346" HPOS="1407"/>
<SP HEIGHT="50" WIDTH="36" VPOS="2363" HPOS="1716"/>
<String STYLE="subscript" CONTENT="[" HEIGHT="33" WIDTH="14" VPOS="2380" HPOS="1753"/>
<String STYLE="superscript" CONTENT="c" HEIGHT="21" WIDTH="18" VPOS="2353" HPOS="1771"/>
<String CONTENT="1936" HEIGHT="50" WIDTH="135" VPOS="2349" HPOS="1794"/>
<String STYLE="subscript" CONTENT="]" HEIGHT="33" WIDTH="12" VPOS="2380" HPOS="1934"/>
</TextLine>
<TextLine HEIGHT="52" WIDTH="1933" VPOS="2418" HPOS="453" CS="1">
<String CONTENT="256" HEIGHT="41" WIDTH="87" VPOS="2419" HPOS="453"/>
<SP HEIGHT="49" WIDTH="22" VPOS="2419" HPOS="541"/>
<String CONTENT="p." HEIGHT="38" WIDTH="44" VPOS="2430" HPOS="564"/>
<SP HEIGHT="31" WIDTH="51" VPOS="2430" HPOS="609"/>
<String CONTENT="col." HEIGHT="40" WIDTH="86" VPOS="2420" HPOS="661"/>
<SP HEIGHT="41" WIDTH="25" VPOS="2419" HPOS="748"/>
<String CONTENT="illus." HEIGHT="41" WIDTH="129" VPOS="2419" HPOS="774"/>
<SP HEIGHT="39" WIDTH="51" VPOS="2420" HPOS="904"/>
<String LANG="ru" CONTENT="19&#189;" HEIGHT="50" WIDTH="84" VPOS="2418" HPOS="956"/>
<String STYLE="superscript" LANG="ru" CONTENT="cm" HEIGHT="22" WIDTH="44" VPOS="2422" HPOS="1044"/>
<String LANG="ru" CONTENT="." HEIGHT="9" WIDTH="8" VPOS="2452" HPOS="1094"/>
<SP HEIGHT="48" WIDTH="64" VPOS="2420" HPOS="1103"/>
<String CONTENT="(Health," HEIGHT="49" WIDTH="223" VPOS="2419" HPOS="1168"/>
<SP HEIGHT="48" WIDTH="23" VPOS="2419" HPOS="1392"/>
<String CONTENT="happiness," HEIGHT="49" WIDTH="278" VPOS="2419" HPOS="1416"/>
<SP HEIGHT="40" WIDTH="25" VPOS="2428" HPOS="1695"/>
<String CONTENT="success" HEIGHT="32" WIDTH="191" VPOS="2428" HPOS="1721"/>
<SP HEIGHT="31" WIDTH="24" VPOS="2428" HPOS="1913"/>
<String CONTENT="series." HEIGHT="43" WIDTH="165" VPOS="2418" HPOS="1938"/>
<SP HEIGHT="31" WIDTH="57" VPOS="2439" HPOS="2104"/>
<String CS="1" CONTENT="[book" HEIGHT="40" WIDTH="122" VPOS="2420" HPOS="2177"/>
<SP/>
<String CONTENT="3])" HEIGHT="49" WIDTH="68" VPOS="2421" HPOS="2318"/>
</TextLine>
<TextLine HEIGHT="50" WIDTH="688" VPOS="2477" HPOS="454">
<String CONTENT="Illustrated" HEIGHT="40" WIDTH="291" VPOS="2478" HPOS="454"/>
<SP HEIGHT="40" WIDTH="29" VPOS="2478" HPOS="746"/>
<String CONTENT="lining-papers." HEIGHT="50" WIDTH="366" VPOS="2477" HPOS="776"/>
</TextLine>
<TextLine HEIGHT="53" WIDTH="2009" VPOS="2545" HPOS="382" CS="1">
<String CONTENT="&#169;" HEIGHT="53" WIDTH="52" VPOS="2545" HPOS="382"/>
<SP HEIGHT="53" WIDTH="25" VPOS="2545" HPOS="435"/>
<String CONTENT="Mar." HEIGHT="39" WIDTH="122" VPOS="2551" HPOS="461"/>
<SP HEIGHT="40" WIDTH="26" VPOS="2550" HPOS="584"/>
<String CONTENT="18," HEIGHT="48" WIDTH="70" VPOS="2549" HPOS="611"/>
<SP HEIGHT="47" WIDTH="25" VPOS="2550" HPOS="682"/>
<String CONTENT="1936;" HEIGHT="48" WIDTH="140" VPOS="2548" HPOS="708"/>
<SP HEIGHT="46" WIDTH="27" VPOS="2550" HPOS="849"/>
<String CONTENT="2c." HEIGHT="38" WIDTH="66" VPOS="2550" HPOS="877"/>
<SP HEIGHT="39" WIDTH="28" VPOS="2551" HPOS="944"/>
<String CONTENT="July" HEIGHT="46" WIDTH="115" VPOS="2550" HPOS="973"/>
<SP HEIGHT="46" WIDTH="26" VPOS="2550" HPOS="1089"/>
<String CONTENT="25;" HEIGHT="45" WIDTH="82" VPOS="2550" HPOS="1116"/>
<SP HEIGHT="36" WIDTH="30" VPOS="2559" HPOS="1199"/>
<String CONTENT="aff." HEIGHT="40" WIDTH="81" VPOS="2549" HPOS="1230"/>
<SP HEIGHT="40" WIDTH="25" VPOS="2549" HPOS="1312"/>
<String CONTENT="July" HEIGHT="47" WIDTH="115" VPOS="2548" HPOS="1338"/>
<SP HEIGHT="47" WIDTH="26" VPOS="2548" HPOS="1454"/>
<String CS="1" CONTENT="23;" HEIGHT="41" WIDTH="54" VPOS="2548" HPOS="1481"/>
<SP HEIGHT="40" WIDTH="30" VPOS="2549" HPOS="1563"/>
<!-- cceid A1F74873-6E3A-1014-83DD-942C093A1DD9 --><String CONTENT="A" HEIGHT="38" WIDTH="39" VPOS="2549" HPOS="1594"/>
<SP HEIGHT="41" WIDTH="25" VPOS="2547" HPOS="1634"/>
<String CONTENT="97140;" HEIGHT="48" WIDTH="172" VPOS="2547" HPOS="1660"/>
<SP HEIGHT="47" WIDTH="30" VPOS="2548" HPOS="1833"/>
<String CONTENT="Lyons" HEIGHT="47" WIDTH="164" VPOS="2548" HPOS="1864"/>
<SP HEIGHT="42" WIDTH="22" VPOS="2549" HPOS="2029"/>
<String CONTENT="&amp;" HEIGHT="40" WIDTH="36" VPOS="2549" HPOS="2052"/>
<SP HEIGHT="41" WIDTH="27" VPOS="2548" HPOS="2089"/>
<String CONTENT="Carnahan." HEIGHT="41" WIDTH="274" VPOS="2548" HPOS="2117"/>
</TextLine>
<TextLine HEIGHT="52" WIDTH="1456" VPOS="2604" HPOS="455">
<String CONTENT="[Copyright" HEIGHT="51" WIDTH="284" VPOS="2605" HPOS="455"/>
<SP HEIGHT="41" WIDTH="29" VPOS="2605" HPOS="740"/>
<String CONTENT="is" HEIGHT="41" WIDTH="43" VPOS="2605" HPOS="770"/>
<SP HEIGHT="30" WIDTH="31" VPOS="2616" HPOS="814"/>
<String CONTENT="claimed" HEIGHT="40" WIDTH="206" VPOS="2605" HPOS="846"/>
<SP HEIGHT="40" WIDTH="31" VPOS="2606" HPOS="1053"/>
<String CONTENT="on" HEIGHT="30" WIDTH="60" VPOS="2616" HPOS="1085"/>
<SP HEIGHT="28" WIDTH="29" VPOS="2617" HPOS="1146"/>
<String CONTENT="new" HEIGHT="30" WIDTH="106" VPOS="2615" HPOS="1176"/>
<SP HEIGHT="28" WIDTH="30" VPOS="2616" HPOS="1283"/>
<String CONTENT="material]" HEIGHT="50" WIDTH="243" VPOS="2605" HPOS="1314"/>
<SP HEIGHT="51" WIDTH="71" VPOS="2604" HPOS="1558"/>
<String CONTENT="(36-17352)" HEIGHT="48" WIDTH="281" VPOS="2604" HPOS="1630"/>
</TextLine>
<TextLine HEIGHT="66" WIDTH="495" VPOS="2711" HPOS="381" STYLEREFS="StyleId-26F512E5-4DDD-4D34-8539-AE48A3B1B0EA-">
<String CONTENT="Cade," HEIGHT="65" WIDTH="174" VPOS="2712" HPOS="381"/>
<SP HEIGHT="65" WIDTH="24" VPOS="2712" HPOS="556"/>
<String CONTENT="James" HEIGHT="53" WIDTH="206" VPOS="2712" HPOS="581"/>
<SP HEIGHT="55" WIDTH="21" VPOS="2711" HPOS="788"/>
<String CONTENT="O." HEIGHT="56" WIDTH="66" VPOS="2711" HPOS="810"/>
</TextLine>
<TextLine HEIGHT="71" WIDTH="1939" VPOS="2797" HPOS="453" STYLEREFS="StyleId-779A8721-1BCB-4BC8-AE80-9009DD151B13-" CS="1">
<String CONTENT="The" HEIGHT="54" WIDTH="123" VPOS="2800" HPOS="453"/>
<SP HEIGHT="35" WIDTH="28" VPOS="2819" HPOS="577"/>
<String CONTENT="new" HEIGHT="35" WIDTH="126" VPOS="2818" HPOS="606"/>
<SP HEIGHT="54" WIDTH="29" VPOS="2800" HPOS="733"/>
<String CONTENT="deal" HEIGHT="54" WIDTH="127" VPOS="2800" HPOS="763"/>
<SP HEIGHT="52" WIDTH="32" VPOS="2801" HPOS="891"/>
<String CONTENT="on" HEIGHT="35" WIDTH="72" VPOS="2818" HPOS="924"/>
<SP HEIGHT="36" WIDTH="31" VPOS="2818" HPOS="997"/>
<String CONTENT="cartwheels," HEIGHT="69" WIDTH="349" VPOS="2799" HPOS="1029"/>
<SP HEIGHT="70" WIDTH="28" VPOS="2798" HPOS="1379"/>
<String CONTENT="by" HEIGHT="70" WIDTH="75" VPOS="2798" HPOS="1408"/>
<SP HEIGHT="69" WIDTH="29" VPOS="2799" HPOS="1484"/>
<String CONTENT="James" HEIGHT="55" WIDTH="195" VPOS="2799" HPOS="1514"/>
<SP HEIGHT="57" WIDTH="33" VPOS="2797" HPOS="1710"/>
<String CONTENT="O." HEIGHT="57" WIDTH="69" VPOS="2797" HPOS="1744"/>
<SP HEIGHT="56" WIDTH="33" VPOS="2798" HPOS="1814"/>
<String CONTENT="Cade" HEIGHT="56" WIDTH="157" VPOS="2798" HPOS="1848"/>
<SP HEIGHT="35" WIDTH="38" VPOS="2817" HPOS="2006"/>
<String CS="1" CONTENT="&#8230;"/>
<SP HEIGHT="52" WIDTH="69" VPOS="2800" HPOS="2102"/>
<String CONTENT="Dallas," HEIGHT="68" WIDTH="220" VPOS="2799" HPOS="2172"/>
</TextLine>
<TextLine HEIGHT="72" WIDTH="1034" VPOS="2877" HPOS="380" STYLEREFS="StyleId-779A8721-1BCB-4BC8-AE80-9009DD151B13-" CS="1">
<String CONTENT="B." HEIGHT="56" WIDTH="67" VPOS="2877" HPOS="380"/>
<SP HEIGHT="56" WIDTH="23" VPOS="2878" HPOS="448"/>
<String CONTENT="Upshaw" HEIGHT="70" WIDTH="264" VPOS="2878" HPOS="472"/>
<SP HEIGHT="36" WIDTH="26" VPOS="2897" HPOS="737"/>
<String CONTENT="and" HEIGHT="54" WIDTH="113" VPOS="2879" HPOS="764"/>
<SP HEIGHT="54" WIDTH="27" VPOS="2879" HPOS="878"/>
<String CONTENT="company" HEIGHT="53" WIDTH="283" VPOS="2896" HPOS="906"/>
<SP HEIGHT="53" WIDTH="30" VPOS="2896" HPOS="1190"/>
<String CS="1" CONTENT="["/>
<String STYLE="superscript" CONTENT="c" HEIGHT="23" WIDTH="19" VPOS="2884" HPOS="1238"/>
<String CONTENT="1936]" HEIGHT="66" WIDTH="151" VPOS="2881" HPOS="1263"/>
</TextLine>
<TextLine HEIGHT="51" WIDTH="845" VPOS="2951" HPOS="454" CS="1">
<String LANG="en-US" CONTENT="2" HEIGHT="39" WIDTH="29" VPOS="2953" HPOS="454"/>
<SP HEIGHT="47" WIDTH="20" VPOS="2953" HPOS="484"/>
<String LANG="fr" CONTENT="p." HEIGHT="37" WIDTH="43" VPOS="2963" HPOS="505"/>
<SP HEIGHT="40" WIDTH="26" VPOS="2953" HPOS="549"/>
<String LANG="fr" CS="1" CONTENT="l."/>
<String LANG="en-US" CONTENT="," HEIGHT="18" WIDTH="9" VPOS="2984" HPOS="612"/>
<SP HEIGHT="38" WIDTH="21" VPOS="2964" HPOS="622"/>
<String LANG="en-US" CONTENT="vii-xi" HEIGHT="41" WIDTH="152" VPOS="2952" HPOS="644"/>
<SP HEIGHT="47" WIDTH="24" VPOS="2954" HPOS="797"/>
<String LANG="fr" CONTENT="p.," HEIGHT="38" WIDTH="58" VPOS="2963" HPOS="822"/>
<SP HEIGHT="48" WIDTH="24" VPOS="2952" HPOS="881"/>
<String LANG="en-US" CONTENT="1" HEIGHT="40" WIDTH="26" VPOS="2952" HPOS="906"/>
<SP/>
<String LANG="en-US" CS="1" CONTENT="l.,"/>
<SP/>
<String LANG="en-US" CONTENT="193" HEIGHT="41" WIDTH="86" VPOS="2952" HPOS="1030"/>
<SP HEIGHT="49" WIDTH="22" VPOS="2952" HPOS="1117"/>
<String LANG="en-US" CONTENT="p." HEIGHT="38" WIDTH="43" VPOS="2963" HPOS="1140"/>
<SP HEIGHT="41" WIDTH="58" VPOS="2952" HPOS="1184"/>
<String LANG="en-US" CS="1" CONTENT="22&#189;cm." HEIGHT="40" WIDTH="56" VPOS="2951" HPOS="1243"/>
</TextLine>
<TextLine HEIGHT="49" WIDTH="1938" VPOS="3008" HPOS="455" CS="1">
<String CS="1" CONTENT="&#8220;How" HEIGHT="41" WIDTH="105" VPOS="3009" HPOS="455"/>
<SP HEIGHT="30" WIDTH="27" VPOS="3020" HPOS="608"/>
<String CONTENT="every" HEIGHT="37" WIDTH="147" VPOS="3020" HPOS="636"/>
<SP HEIGHT="37" WIDTH="23" VPOS="3020" HPOS="784"/>
<String CONTENT="social," HEIGHT="47" WIDTH="163" VPOS="3009" HPOS="808"/>
<SP HEIGHT="35" WIDTH="30" VPOS="3021" HPOS="972"/>
<String CONTENT="economic" HEIGHT="41" WIDTH="244" VPOS="3009" HPOS="1003"/>
<SP HEIGHT="31" WIDTH="25" VPOS="3019" HPOS="1248"/>
<String CONTENT="and" HEIGHT="39" WIDTH="96" VPOS="3011" HPOS="1274"/>
<SP HEIGHT="46" WIDTH="28" VPOS="3011" HPOS="1371"/>
<String CONTENT="political" HEIGHT="49" WIDTH="220" VPOS="3008" HPOS="1400"/>
<SP HEIGHT="39" WIDTH="28" VPOS="3010" HPOS="1621"/>
<String CONTENT="result" HEIGHT="41" WIDTH="156" VPOS="3009" HPOS="1650"/>
<SP HEIGHT="40" WIDTH="28" VPOS="3010" HPOS="1807"/>
<String CONTENT="sought" HEIGHT="48" WIDTH="179" VPOS="3009" HPOS="1836"/>
<SP HEIGHT="42" WIDTH="25" VPOS="3008" HPOS="2016"/>
<String CONTENT="by" HEIGHT="49" WIDTH="62" VPOS="3008" HPOS="2042"/>
<SP HEIGHT="49" WIDTH="30" VPOS="3008" HPOS="2105"/>
<String CONTENT="President" HEIGHT="41" WIDTH="257" VPOS="3008" HPOS="2136"/>
</TextLine>
<TextLine HEIGHT="50" WIDTH="2008" VPOS="3064" HPOS="383" CS="1">
<String CONTENT="Franklin" HEIGHT="42" WIDTH="239" VPOS="3064" HPOS="383"/>
<SP HEIGHT="40" WIDTH="34" VPOS="3066" HPOS="623"/>
<String CONTENT="D." HEIGHT="40" WIDTH="56" VPOS="3066" HPOS="658"/>
<SP HEIGHT="40" WIDTH="35" VPOS="3066" HPOS="715"/>
<String CONTENT="Roosevelt" HEIGHT="41" WIDTH="259" VPOS="3066" HPOS="751"/>
<SP HEIGHT="39" WIDTH="31" VPOS="3068" HPOS="1011"/>
<String CONTENT="may" HEIGHT="38" WIDTH="112" VPOS="3076" HPOS="1043"/>
<SP HEIGHT="48" WIDTH="34" VPOS="3066" HPOS="1156"/>
<String CONTENT="be" HEIGHT="41" WIDTH="56" VPOS="3066" HPOS="1191"/>
<SP HEIGHT="30" WIDTH="34" VPOS="3077" HPOS="1248"/>
<String CONTENT="attained" HEIGHT="41" WIDTH="223" VPOS="3066" HPOS="1283"/>
<SP HEIGHT="39" WIDTH="32" VPOS="3067" HPOS="1507"/>
<String CONTENT="without" HEIGHT="41" WIDTH="210" VPOS="3066" HPOS="1540"/>
<SP HEIGHT="39" WIDTH="39" VPOS="3067" HPOS="1751"/>
<String CS="1" CONTENT="&#8230;"/>
<SP HEIGHT="29" WIDTH="38" VPOS="3077" HPOS="1837"/>
<String CONTENT="unconstitutionality" HEIGHT="48" WIDTH="515" VPOS="3065" HPOS="1876"/>
</TextLine>
<TextLine HEIGHT="99" WIDTH="1990" VPOS="3122" HPOS="383" CS="1">
<String CS="1" CONTENT="&#8230;"/>
<SP HEIGHT="38" WIDTH="36" VPOS="3124" HPOS="434"/>
<String CONTENT="dictatorship," HEIGHT="49" WIDTH="340" VPOS="3122" HPOS="471"/>
<SP HEIGHT="34" WIDTH="38" VPOS="3134" HPOS="812"/>
<String CONTENT="or" HEIGHT="30" WIDTH="54" VPOS="3134" HPOS="851"/>
<SP HEIGHT="39" WIDTH="37" VPOS="3125" HPOS="906"/>
<String CONTENT="the" HEIGHT="40" WIDTH="81" VPOS="3124" HPOS="944"/>
<SP HEIGHT="40" WIDTH="36" VPOS="3125" HPOS="1026"/>
<String CONTENT="threat" HEIGHT="41" WIDTH="166" VPOS="3124" HPOS="1063"/>
<SP HEIGHT="39" WIDTH="36" VPOS="3125" HPOS="1230"/>
<String CONTENT="of" HEIGHT="40" WIDTH="52" VPOS="3124" HPOS="1267"/>
<SP HEIGHT="39" WIDTH="33" VPOS="3124" HPOS="1320"/>
<String CONTENT="communistic" HEIGHT="42" WIDTH="337" VPOS="3122" HPOS="1354"/>
<SP HEIGHT="30" WIDTH="38" VPOS="3133" HPOS="1692"/>
<String CONTENT="subversion" HEIGHT="42" WIDTH="287" VPOS="3122" HPOS="1731"/>
<SP HEIGHT="30" WIDTH="38" VPOS="3134" HPOS="2019"/>
<String CONTENT="of" HEIGHT="41" WIDTH="52" VPOS="3123" HPOS="2058"/>
<SP HEIGHT="41" WIDTH="37" VPOS="3123" HPOS="2111"/>
<String CONTENT="the" HEIGHT="40" WIDTH="82" VPOS="3124" HPOS="2149"/>
<SP HEIGHT="42" WIDTH="37" VPOS="3122" HPOS="2232"/>
<String CONTENT="individual" HEIGHT="98" WIDTH="1990" VPOS="3122" HPOS="383"/>
<SP HEIGHT="39" WIDTH="27" VPOS="3180" HPOS="550"/>
<String CONTENT="in" HEIGHT="39" WIDTH="50" VPOS="3180" HPOS="578"/>
<SP HEIGHT="38" WIDTH="25" VPOS="3182" HPOS="629"/>
<String CONTENT="the" HEIGHT="39" WIDTH="83" VPOS="3181" HPOS="655"/>
<SP HEIGHT="29" WIDTH="27" VPOS="3191" HPOS="739"/>
<String CONTENT="state.&#8221;&#8212;Pref." HEIGHT="42" WIDTH="367" VPOS="3179" HPOS="767"/>
</TextLine>
<TextLine HEIGHT="53" WIDTH="2011" VPOS="3247" HPOS="381" CS="1">
<String CONTENT="&#169;" HEIGHT="53" WIDTH="53" VPOS="3247" HPOS="381"/>
<SP HEIGHT="53" WIDTH="24" VPOS="3247" HPOS="435"/>
<String CONTENT="July" HEIGHT="46" WIDTH="116" VPOS="3252" HPOS="460"/>
<SP HEIGHT="46" WIDTH="23" VPOS="3252" HPOS="577"/>
<String CONTENT="2," HEIGHT="46" WIDTH="39" VPOS="3252" HPOS="601"/>
<SP HEIGHT="46" WIDTH="28" VPOS="3252" HPOS="641"/>
<String CS="1" CONTENT="1936;" HEIGHT="41" WIDTH="117" VPOS="3251" HPOS="670"/>
<SP HEIGHT="46" WIDTH="27" VPOS="3253" HPOS="811"/>
<String CONTENT="2c." HEIGHT="39" WIDTH="67" VPOS="3253" HPOS="839"/>
<SP HEIGHT="39" WIDTH="27" VPOS="3253" HPOS="907"/>
<String CONTENT="July" HEIGHT="46" WIDTH="115" VPOS="3252" HPOS="935"/>
<SP HEIGHT="46" WIDTH="25" VPOS="3252" HPOS="1051"/>
<String CONTENT="29;" HEIGHT="47" WIDTH="81" VPOS="3251" HPOS="1077"/>
<SP HEIGHT="36" WIDTH="29" VPOS="3262" HPOS="1159"/>
<String CONTENT="aff." HEIGHT="40" WIDTH="82" VPOS="3252" HPOS="1189"/>
<SP HEIGHT="40" WIDTH="25" VPOS="3252" HPOS="1272"/>
<String CONTENT="July" HEIGHT="47" WIDTH="115" VPOS="3252" HPOS="1298"/>
<SP HEIGHT="47" WIDTH="25" VPOS="3252" HPOS="1414"/>
<String CONTENT="27;" HEIGHT="47" WIDTH="83" VPOS="3252" HPOS="1440"/>
<SP HEIGHT="47" WIDTH="29" VPOS="3252" HPOS="1524"/>
<!-- cceid A1F7AD04-6E3A-1014-83DD-942C093A1DD9 --><String CONTENT="A" HEIGHT="39" WIDTH="39" VPOS="3252" HPOS="1554"/>
<SP HEIGHT="40" WIDTH="25" VPOS="3251" HPOS="1594"/>
<String CONTENT="96660;" HEIGHT="48" WIDTH="172" VPOS="3251" HPOS="1620"/>
<SP HEIGHT="45" WIDTH="29" VPOS="3254" HPOS="1793"/>
<String CONTENT="Banks" HEIGHT="40" WIDTH="167" VPOS="3252" HPOS="1823"/>
<SP HEIGHT="38" WIDTH="28" VPOS="3253" HPOS="1991"/>
<String CONTENT="Upshaw" HEIGHT="48" WIDTH="212" VPOS="3252" HPOS="2020"/>
<SP HEIGHT="39" WIDTH="27" VPOS="3253" HPOS="2233"/>
<String CONTENT="&amp;" HEIGHT="39" WIDTH="38" VPOS="3253" HPOS="2261"/>
<SP HEIGHT="39" WIDTH="22" VPOS="3253" HPOS="2300"/>
<String LANG="ru" CONTENT="co." HEIGHT="29" WIDTH="69" VPOS="3262" HPOS="2323"/>
</TextLine>
<TextLine HEIGHT="49" WIDTH="282" VPOS="3307" HPOS="464">
<String CONTENT="(36-17256)" HEIGHT="49" WIDTH="282" VPOS="3307" HPOS="464"/>
</TextLine>
<TextLine HEIGHT="67" WIDTH="1217" VPOS="3412" HPOS="383" STYLEREFS="StyleId-41D18459-63FD-4778-B717-62F90B0E34FE-">
<String CONTENT="California." HEIGHT="54" WIDTH="345" VPOS="3412" HPOS="383"/>
<SP HEIGHT="50" WIDTH="73" VPOS="3415" HPOS="729"/>
<String CONTENT="District" HEIGHT="54" WIDTH="246" VPOS="3413" HPOS="803"/>
<SP HEIGHT="46" WIDTH="25" VPOS="3421" HPOS="1050"/>
<String CONTENT="courts" HEIGHT="45" WIDTH="186" VPOS="3421" HPOS="1076"/>
<SP HEIGHT="34" WIDTH="26" VPOS="3430" HPOS="1263"/>
<String CONTENT="of" HEIGHT="65" WIDTH="63" VPOS="3414" HPOS="1290"/>
<SP HEIGHT="65" WIDTH="23" VPOS="3414" HPOS="1354"/>
<String CONTENT="appeal." HEIGHT="66" WIDTH="222" VPOS="3413" HPOS="1378"/>
</TextLine>
<TextLine HEIGHT="143" WIDTH="1984" VPOS="3504" HPOS="382" STYLEREFS="StyleId-779A8721-1BCB-4BC8-AE80-9009DD151B13-" CS="1">
<String CONTENT="Reports" HEIGHT="67" WIDTH="247" VPOS="3504" HPOS="453"/>
<SP HEIGHT="36" WIDTH="33" VPOS="3521" HPOS="701"/>
<String CONTENT="of" HEIGHT="53" WIDTH="63" VPOS="3504" HPOS="735"/>
<SP HEIGHT="53" WIDTH="33" VPOS="3504" HPOS="799"/>
<String CONTENT="cases" HEIGHT="36" WIDTH="150" VPOS="3522" HPOS="833"/>
<SP HEIGHT="53" WIDTH="32" VPOS="3505" HPOS="984"/>
<String CONTENT="determined" HEIGHT="54" WIDTH="352" VPOS="3504" HPOS="1017"/>
<SP HEIGHT="55" WIDTH="37" VPOS="3505" HPOS="1370"/>
<String CS="1" CONTENT="&#8230;"/>
<SP HEIGHT="54" WIDTH="40" VPOS="3505" HPOS="1464"/>
<String CONTENT="December" HEIGHT="54" WIDTH="307" VPOS="3504" HPOS="1505"/>
<SP HEIGHT="50" WIDTH="34" VPOS="3507" HPOS="1813"/>
<String CONTENT="21," HEIGHT="56" WIDTH="84" VPOS="3506" HPOS="1848"/>
<SP HEIGHT="55" WIDTH="38" VPOS="3507" HPOS="1933"/>
<String CONTENT="1935," HEIGHT="64" WIDTH="150" VPOS="3507" HPOS="1972"/>
<SP HEIGHT="62" WIDTH="33" VPOS="3509" HPOS="2123"/>
<String CONTENT="to" HEIGHT="50" WIDTH="57" VPOS="3509" HPOS="2157"/>
<SP HEIGHT="54" WIDTH="34" VPOS="3505" HPOS="2215"/>
<String CONTENT="February" HEIGHT="143" WIDTH="1984" VPOS="3504" HPOS="382"/>
</TextLine>
<TextLine HEIGHT="69" WIDTH="1787" VPOS="3582" HPOS="601" STYLEREFS="StyleId-779A8721-1BCB-4BC8-AE80-9009DD151B13-">
<String CONTENT="18," HEIGHT="56" WIDTH="81" VPOS="3586" HPOS="601"/>
<SP HEIGHT="55" WIDTH="43" VPOS="3587" HPOS="683"/>
<String CONTENT="1936." HEIGHT="50" WIDTH="149" VPOS="3586" HPOS="727"/>
<SP HEIGHT="52" WIDTH="79" VPOS="3584" HPOS="877"/>
<String CONTENT="Randolph" HEIGHT="67" WIDTH="309" VPOS="3584" HPOS="957"/>
<SP HEIGHT="53" WIDTH="42" VPOS="3584" HPOS="1267"/>
<String CONTENT="Y." HEIGHT="52" WIDTH="69" VPOS="3585" HPOS="1310"/>
<SP HEIGHT="52" WIDTH="40" VPOS="3585" HPOS="1380"/>
<String CONTENT="Whiting," HEIGHT="69" WIDTH="285" VPOS="3582" HPOS="1421"/>
<SP HEIGHT="48" WIDTH="42" VPOS="3602" HPOS="1707"/>
<String CONTENT="reporter;" HEIGHT="62" WIDTH="284" VPOS="3589" HPOS="1750"/>
<SP HEIGHT="56" WIDTH="43" VPOS="3584" HPOS="2035"/>
<String CONTENT="Henry" HEIGHT="66" WIDTH="203" VPOS="3584" HPOS="2079"/>
<SP HEIGHT="65" WIDTH="41" VPOS="3585" HPOS="2283"/>
<String CONTENT="F." HEIGHT="51" WIDTH="63" VPOS="3585" HPOS="2325"/>
</TextLine>
<TextLine HEIGHT="69" WIDTH="2009" VPOS="3659" HPOS="379" STYLEREFS="StyleId-779A8721-1BCB-4BC8-AE80-9009DD151B13-">
<String CONTENT="Wrigley," HEIGHT="69" WIDTH="281" VPOS="3659" HPOS="379"/>
<SP HEIGHT="63" WIDTH="32" VPOS="3662" HPOS="661"/>
<String CONTENT="William" HEIGHT="56" WIDTH="262" VPOS="3659" HPOS="694"/>
<SP HEIGHT="50" WIDTH="35" VPOS="3663" HPOS="957"/>
<String CONTENT="F." HEIGHT="52" WIDTH="63" VPOS="3663" HPOS="993"/>
<SP HEIGHT="52" WIDTH="39" VPOS="3663" HPOS="1057"/>
<String CONTENT="Traverso," HEIGHT="56" WIDTH="298" VPOS="3663" HPOS="1097"/>
<SP HEIGHT="55" WIDTH="35" VPOS="3664" HPOS="1396"/>
<String CONTENT="Wm." HEIGHT="52" WIDTH="147" VPOS="3664" HPOS="1432"/>
<SP HEIGHT="53" WIDTH="38" VPOS="3662" HPOS="1580"/>
<String CONTENT="Nankervis," HEIGHT="55" WIDTH="339" VPOS="3661" HPOS="1619"/>
<SP HEIGHT="66" WIDTH="37" VPOS="3661" HPOS="1959"/>
<String CONTENT="jr.," HEIGHT="66" WIDTH="89" VPOS="3661" HPOS="1997"/>
<SP HEIGHT="42" WIDTH="38" VPOS="3680" HPOS="2087"/>
<String CONTENT="assistant" HEIGHT="54" WIDTH="262" VPOS="3659" HPOS="2126"/>
</TextLine>
<TextLine HEIGHT="146" WIDTH="1984" VPOS="3738" HPOS="381" STYLEREFS="StyleId-779A8721-1BCB-4BC8-AE80-9009DD151B13-" CS="1">
<String CONTENT="reporters," HEIGHT="61" WIDTH="300" VPOS="3743" HPOS="381"/>
<SP HEIGHT="35" WIDTH="79" VPOS="3756" HPOS="682"/>
<String CONTENT="volume" HEIGHT="53" WIDTH="223" VPOS="3739" HPOS="762"/>
<SP HEIGHT="49" WIDTH="42" VPOS="3743" HPOS="986"/>
<String CONTENT="11" HEIGHT="51" WIDTH="62" VPOS="3743" HPOS="1029"/>
<SP HEIGHT="66" WIDTH="55" VPOS="3740" HPOS="1092"/>
<String CONTENT="(2d)" HEIGHT="67" WIDTH="126" VPOS="3739" HPOS="1148"/>
<SP HEIGHT="68" WIDTH="88" VPOS="3738" HPOS="1275"/>
<String CONTENT="San" HEIGHT="56" WIDTH="114" VPOS="3738" HPOS="1364"/>
<SP HEIGHT="50" WIDTH="45" VPOS="3742" HPOS="1479"/>
<String CONTENT="Francisco," HEIGHT="67" WIDTH="322" VPOS="3739" HPOS="1525"/>
<SP HEIGHT="64" WIDTH="42" VPOS="3742" HPOS="1848"/>
<String CONTENT="Bancroft-Whitney" HEIGHT="143" WIDTH="1984" VPOS="3739" HPOS="381"/>
<SP HEIGHT="48" WIDTH="26" VPOS="3834" HPOS="488"/>
<String CONTENT="company," HEIGHT="50" WIDTH="299" VPOS="3834" HPOS="515"/>
<SP HEIGHT="65" WIDTH="24" VPOS="3819" HPOS="815"/>
<String CONTENT="1936." HEIGHT="52" WIDTH="150" VPOS="3819" HPOS="840"/>
</TextLine>
<TextLine HEIGHT="62" WIDTH="583" VPOS="3874" HPOS="451" CS="1">
<String CONTENT="xxxvii," HEIGHT="47" WIDTH="183" VPOS="3888" HPOS="451"/>
<SP HEIGHT="46" WIDTH="31" VPOS="3889" HPOS="635"/>
<String CONTENT="902" HEIGHT="40" WIDTH="86" VPOS="3888" HPOS="667"/>
<SP HEIGHT="62" WIDTH="13" VPOS="3874" HPOS="769"/>
<String CONTENT="p." HEIGHT="37" WIDTH="44" VPOS="3899" HPOS="783"/>
<SP HEIGHT="41" WIDTH="58" VPOS="3889" HPOS="828"/>
<String CS="1" CONTENT="22&#189;" HEIGHT="39" WIDTH="56" VPOS="3889" HPOS="887"/>
<String STYLE="superscript" CONTENT="cm" HEIGHT="21" WIDTH="45" VPOS="3892" HPOS="975"/>
<String CONTENT="." HEIGHT="9" WIDTH="9" VPOS="3922" HPOS="1025"/>
</TextLine>
<TextLine HEIGHT="42" WIDTH="557" VPOS="3944" HPOS="450" CS="1">
<String CONTENT="On" HEIGHT="40" WIDTH="71" VPOS="3945" HPOS="450"/>
<SP HEIGHT="30" WIDTH="28" VPOS="3954" HPOS="522"/>
<String CS="1" CONTENT="cover;" HEIGHT="30" WIDTH="144" VPOS="3954" HPOS="551"/>
<SP HEIGHT="39" WIDTH="28" VPOS="3945" HPOS="722"/>
<String CONTENT="2d" HEIGHT="39" WIDTH="61" VPOS="3945" HPOS="751"/>
<SP HEIGHT="39" WIDTH="28" VPOS="3945" HPOS="813"/>
<String CONTENT="series." HEIGHT="42" WIDTH="165" VPOS="3944" HPOS="842"/>
</TextLine>
<TextLine HEIGHT="53" WIDTH="1895" VPOS="4010" HPOS="382" CS="1">
<String CONTENT="&#169;" HEIGHT="53" WIDTH="53" VPOS="4010" HPOS="382"/>
<SP HEIGHT="53" WIDTH="24" VPOS="4010" HPOS="436"/>
<String CONTENT="Aug." HEIGHT="48" WIDTH="118" VPOS="4015" HPOS="461"/>
<SP HEIGHT="41" WIDTH="23" VPOS="4015" HPOS="580"/>
<String CONTENT="3," HEIGHT="47" WIDTH="40" VPOS="4015" HPOS="604"/>
<SP HEIGHT="46" WIDTH="26" VPOS="4016" HPOS="645"/>
<String CONTENT="1936;" HEIGHT="48" WIDTH="140" VPOS="4014" HPOS="672"/>
<SP HEIGHT="47" WIDTH="26" VPOS="4015" HPOS="813"/>
<String CONTENT="2c." HEIGHT="43" WIDTH="68" VPOS="4015" HPOS="840"/>
<SP HEIGHT="33" WIDTH="28" VPOS="4025" HPOS="909"/>
<String CONTENT="and" HEIGHT="40" WIDTH="95" VPOS="4017" HPOS="938"/>
<SP HEIGHT="40" WIDTH="23" VPOS="4017" HPOS="1034"/>
<String CONTENT="aff." HEIGHT="42" WIDTH="83" VPOS="4016" HPOS="1058"/>
<SP HEIGHT="41" WIDTH="25" VPOS="4017" HPOS="1142"/>
<String CONTENT="Aug." HEIGHT="45" WIDTH="120" VPOS="4017" HPOS="1168"/>
<SP HEIGHT="40" WIDTH="26" VPOS="4018" HPOS="1289"/>
<String CS="1" CONTENT="11;" HEIGHT="39" WIDTH="52" VPOS="4017" HPOS="1316"/>
<SP HEIGHT="45" WIDTH="27" VPOS="4017" HPOS="1398"/>
<!-- cceid A1F81107-6E3A-1014-83DD-942C093A1DD9 --><String CONTENT="A" HEIGHT="39" WIDTH="40" VPOS="4017" HPOS="1426"/>
<SP HEIGHT="41" WIDTH="24" VPOS="4016" HPOS="1467"/>
<String CONTENT="97335;" HEIGHT="47" WIDTH="171" VPOS="4016" HPOS="1492"/>
<SP HEIGHT="46" WIDTH="29" VPOS="4017" HPOS="1664"/>
<String CONTENT="Bancroft-Whitney" HEIGHT="47" WIDTH="488" VPOS="4014" HPOS="1694"/>
<SP HEIGHT="36" WIDTH="26" VPOS="4025" HPOS="2183"/>
<String LANG="ru" CONTENT="co." HEIGHT="28" WIDTH="67" VPOS="4025" HPOS="2210"/>
</TextLine>
</TextBlock>
</PrintSpace>
</Page>
</Layout>
</alto>