2519 4377
1060 4070 130 48 1513

115 428 275 64 Herring,
416 428 200 53 James
643 428 254 51 Morton.

185 502 668 66 Telecommunications;
903 502 310 53 economics
1258 502 112 52 and
1416 499 340 70 regulation,
1799 499 75 69 by
1919 499 193 54 James

115 577 1997 74 M. Herring … and. Gerald C. Gross … 1st ed. New York
115 662 111 53 and
256 662 258 64 London,
543 658 428 57 McGraw-Hill
1003 659 147 53 book
1179 676 298 51 company,
1508 658 126 67 inc.,
1664 660 149 51 1936.

185 758 45 37 x,
260 749 84 39 544
375 757 43 38 p.
475 747 126 39 illus.
632 745 160 49 (map)
819 746 180 47 diagrs.
1059 746 54 40 23½c
1165 748 26 21 m
1196 778 9 9 .

117 815 53 52 ©
196 819 101 40 Oct.
354 850 8 12 8,
391 817 137 46 1936;
555 815 67 41 2c.
650 816 101 41 Oct.
780 817 79 46 10;
890 827 79 28 aff.
1000 817 101 40 Oct.
1129 816 80 41 14;
1240 818 37 37 A
1304 814 170 46 98904;
1506 813 347 41 McGraw-Hill
1884 815 121 38 book
2029 825 84 35 co.,

188 876 87 38 inc.
334 872 279 49 (36-23240)

116 979 320 65 Hillhouse,
464 979 210 52 Albert
701 976 209 66 Miller,
941 983 170 50 1903-

119 1050 1992 135 Municipal bonds; a century of experience, by A. M. Hill-house … New
634 1130 179 65 York,
846 1129 449 68 Prentice-Hall,
1332 1130 124 66 inc.,
1492 1131 148 51 1936.

188 1204 79 37 xiv
302 1213 55 37 p.,
393 1203 18 37 1
487 1233 8 11 l..
533 1200 83 42 579
651 1213 42 36 p.
754 1201 55 41 23½c
859 1203 26 21 m
891 1233 8 7 .

187 1258 168 40 “Brief
386 1258 336 48 bibliography
756 1268 58 29 on
849 1260 296 46 tax-exempt
1180 1257 310 41 securities”:
1526 1269 41 38 p.
1602 1257 215 42 533-534.
1879 1259 234 40 “Sources

116 1315 51 39 of
204 1315 260 47 municipal
505 1316 111 39 debt
654 1313 376 42 information”:
1072 1325 42 38 p.
1154 1314 216 42 535-537.
1432 1315 246 41 “Selected
1717 1315 393 48 bibliography”:

118 1381 42 39 p.
192 1371 248 50 [539]-554.

120 1440 53 54 ©
199 1447 127 45 Sept.
356 1447 66 39 12.
451 1444 135 47 1936;
613 1446 68 38 2c.
708 1445 94 38 and
828 1445 81 39 aff.
935 1445 102 40 Oct.
1065 1444 51 47 5;
1145 1446 40 37 A
1210 1443 171 47 98841;
1412 1444 262 48 Municipal
1705 1445 186 39 finance
1918 1445 197 37 officers’

190 1512 111 28 assn.
344 1502 50 38 of
417 1501 80 40 the
522 1501 175 40 United
725 1501 163 41 States
913 1501 94 39 and
1033 1501 213 42 Canada.
1274 1499 222 50 Chicago.
1563 1499 280 49 (36-22626)

117 1604 220 63 Hilton,
361 1604 219 65 James,
609 1610 172 50 1900-

191 1682 136 52 Lost
363 1680 254 68 horizon,
654 1681 76 67 by
765 1681 192 53 James
993 1681 225 53 Hilton.
1293 1680 273 54 Author’s
1604 1682 83 51 ed.
1762 1682 137 51 New
1942 1682 177 65 York,

121 1760 87 52 W.
235 1759 248 52 Morrow
512 1760 44 50 &
583 1775 298 50 company,
912 1761 149 50 1936.

194 1832 62 46 ix,
284 1832 84 40 277
393 1843 41 36 p.
491 1832 84 40 col.
603 1831 164 48 front.,
796 1833 85 39 col.
910 1833 170 46 plates.
1135 1831 56 39 21
1194 1833 44 21 cm
1243 1863 10 9 .

122 1895 52 54 ©
205 1902 126 46 Sept.
360 1902 68 40 29.
459 1900 139 46 1936;
628 1901 68 40 2c.
728 1900 100 41 Oct.
859 1899 80 42 16:
972 1900 81 40 aff.
1083 1900 101 40 Oct.
1215 1900 80 46 17;
1328 1902 39 37 A
1395 1900 172 48 99394;
1597 1900 212 41 William
1846 1903 207 37 Morrow
2084 1901 35 40 &

191 1967 80 38 co.,
303 1957 88 40 inc.
464 1955 280 51 (36-23004)

122 2062 205 60 Hurst,
361 2062 239 64 Fannie,
635 2066 170 50 1889-

253 2136 1867 70 … Great laughter. New York and London, Harper &
125 2216 272 68 brothers,
442 2218 150 52 1936.

191 2289 63 48 ix,
289 2290 69 50 [2],
388 2289 85 41 491
502 2301 41 37 p.
604 2290 55 39 21½
693 2292 43 22 cm
741 2321 8 8 .

195 2347 159 41 “First
384 2345 222 43 edition.”

125 2411 53 54 ©
209 2416 99 41 Oct.
341 2416 65 49 15,
437 2416 140 47 1936;
608 2415 68 40 2c.
709 2418 101 40 Oct.
839 2417 80 46 14;
951 2417 80 39 aff.
1065 2418 101 39 Oct.
1200 2416 79 48 17;
1314 2418 38 37 A
1383 2414 171 43 98937;
1591 2415 186 40 Fannie
1807 2417 148 38 Hurst
195 2416 1908 105 Danielson,

383 2474 116 39 New
522 2473 145 40 York.
738 2472 281 49 (36-23255)

123 2577 212 65 Kahm,
363 2577 219 53 Harold
608 2578 57 54 S.

196 2651 148 53 How
379 2658 59 47 to
470 2652 163 53 make
668 2671 230 49 money;
939 2671 30 34 a
1003 2652 148 53 book
1187 2652 94 52 for
1316 2652 140 68 boys
1490 2652 111 52 and
1637 2668 194 51 young
1865 2669 146 49 men,
2047 2651 73 68 by

125 2729 225 53 Harold
387 2728 56 56 S.
475 2729 212 53 Kahm.
762 2729 137 54 New
936 2729 177 67 York,
1146 2729 257 67 London,
1437 2729 70 53 D.
1544 2726 577 71 Appleton-Century

127 2824 296 51 company,
452 2806 421 68 incorporated,
908 2809 148 50 1936.

196 2888 31 29 x
256 2888 58 39 p.,
343 2878 23 39 1
431 2910 9 16 l.,
471 2876 87 42 209
586 2888 41 39 p.
688 2876 56 42 19½c
793 2879 27 22 m
826 2910 8 8 .

128 2946 53 53 ©
215 2951 125 46 Sept.
374 2950 68 48 18,
476 2949 140 49 1936;
651 2950 68 42 2c.
752 2952 94 38 and
880 2952 80 39 aff.
999 2952 126 47 Sept.
1162 2951 79 42 19:
1278 2953 40 38 A
1350 2950 171 43 98485;
1559 2953 54 38 D.
1649 2950 474 49 Appleton-Century

197 3018 81 33 co.,
308 3007 90 39 inc.
470 3006 280 50 (36-22632)

126 3111 332 63 Kentucky.
533 3114 184 62 Laws,
742 3118 255 56 statutes,
1022 3119 99 46 etc.

202 3185 269 56 Carroll’s
509 3186 123 67 (8th
662 3186 113 68 ed.)
811 3186 307 68 Kentucky
1146 3192 238 48 statutes
1413 3186 323 54 annotated.
1811 3185 314 54 Baldwin’s

133 3266 131 49 1936
302 3262 263 68 revision,
603 3264 331 67 containing
972 3265 75 51 all
1086 3264 137 53 laws
1260 3271 57 45 to
1358 3263 244 55 October
1641 3266 148 50 1936.
1865 3262 258 53 William

132 3339 1968 132 Edward Baldwin … editor-in-chief … Richard Priest Dietzman … annotator …
934 3417 325 68 Cleveland,
1309 3417 487 54 Banks-Baldwin
1845 3434 241 51 company

154 3496 155 51 [ c 1936]
202 3564 1692 53 xvi, 167, 1274, 336, 1275-2690 p. incl. front. (facsim.) 28½ cm .
203 3621 129 40 Four
363 3622 160 40 leaves
555 3623 118 39 with
707 3623 236 41 half-title
975 3635 59 29 on
1067 3625 117 39 each
1218 3627 82 38 not
1336 3624 223 41 included
1592 3625 47 39 in
1675 3626 81 39 the
1790 3625 191 49 paging.

205 3677 355 48 Frontispiece:
593 3678 110 41 Seal
731 3679 52 40 of
812 3680 81 40 the
922 3680 131 40 office
1080 3681 51 39 of
1161 3682 81 38 the
1272 3683 246 46 secretary
1546 3681 52 40 of
1628 3683 128 39 state
1784 3681 80 40 for
1893 3681 82 40 the
134 3691 1972 84 commonwealth
458 3735 51 39 of
541 3734 270 49 Kentucky.

205 3790 181 40 “Index
416 3793 47 37 to
495 3792 80 39 the
605 3791 256 48 Kentucky
891 3792 238 40 statutes”
1161 3794 88 38 has
1278 3794 178 46 special
1488 3796 95 45 t.-p.
1616 3794 95 39 and
1740 3796 225 45 separate
135 3795 1973 90 pagination.

137 3901 1971 107 On cover: Baldwin’s blue book … Consult Baldwin’s Kentucky statutes service for subsequent legislation and annotations.
