2519 4377
1022 4112 97 49 105

74 459 311 65 Abdullah,
418 458 284 64 Achmed,
737 462 170 50 1881-

143 535 122 52 The
294 535 192 53 flower
515 534 63 53 of
609 535 97 52 the
736 534 158 68 gods,
926 533 75 68 by
1030 532 257 53 Achmed
1316 531 297 54 Abdullah
1646 532 111 51 and
1790 530 278 67 Anthony

75 609 1599 72 Abbott [pseud.] [New York] Green circle books [c1936]
142 684 618 51 4 p. l., 7-254 p. 19½cm.
70 740 52 53 ©
152 744 111 40 Feb.
293 744 68 46 18,
393 743 140 46 1936;
566 742 68 40 2c.
667 742 110 39 Feb.
808 741 83 47 21;
925 741 83 41 aff.
1040 740 110 40 Feb.
1183 739 82 48 20;
1298 741 40 38 A
1371 739 170 46 90871;
1577 739 95 40 Lee
1703 738 229 47 Furman,
1964 738 107 49 inc.,

139 801 117 38 New
282 800 145 39 York.
494 798 251 49 (36-4846)

74 888 240 64 Adams,
343 889 258 52 Eustace
627 887 179 64 Lane,
839 891 171 50 1891-

142 958 1928 76 Wings of the navy, by Eustace L. Adams … illustrated by
73 1043 53 54 J.
153 1043 260 56 Clemens
437 1041 247 56 Gretter.
743 1041 140 53 New
909 1039 179 69 York,
1114 1039 233 56 Grosset
1371 1042 46 51 &
1441 1040 236 68 Dunlap
1709 1042 175 64 [c1936]

143 1115 69 43 iii.
238 1115 84 40 211
350 1126 45 38 p.
453 1114 164 49 front.,
643 1114 172 50 plates.
876 1113 146 41 19½cm.

143 1172 288 41 Illustrated
459 1171 364 50 lining-papers.

70 1226 52 53 ©
153 1231 109 40 Feb.
293 1231 68 47 13,
393 1230 139 46 1936;
565 1229 67 41 2c.
665 1231 95 39 and
792 1229 81 41 aff.
906 1229 110 40 Feb.
1046 1228 82 48 15;
1161 1229 43 39 A
1232 1227 171 48 90764;
1439 1228 203 40 Grosset
1671 1227 39 41 &
1737 1227 210 48 Dunlap,
1979 1228 93 40 inc.

148 1287 250 49 (36-4196)

73 1374 340 66 Aldington,
443 1376 278 65 Richard,
756 1380 171 50 1892-

141 1450 233 54 Artifex:
431 1451 249 54 sketches
708 1450 111 53 and
846 1450 172 68 ideas,
1046 1450 75 68 by
1148 1447 252 55 Richard
1429 1447 338 69 Aldington.
1842 1445 233 57 Garden

75 1528 149 62 City,
260 1528 68 52 N.
371 1529 88 61 Y,
497 1529 352 61 Doubleday,
887 1528 196 52 Doran
1122 1529 45 50 &
1204 1545 96 45 co.,
1338 1528 124 62 inc.,
1502 1530 149 48 1936.

139 1600 101 49 viii,
270 1599 87 42 248
385 1610 42 39 p.
488 1599 55 41 23½cm.

142 1657 163 41 “First
336 1658 226 40 edition.”

68 1713 53 53 ©
151 1718 110 40 Jan.
293 1718 69 47 31,
395 1717 141 48 1936;
571 1717 67 41 2c.
672 1719 96 39 and
797 1716 82 42 aff.
914 1717 110 41 Feb.
1057 1717 82 48 12;
1174 1717 42 39 A
1248 1716 171 48 90750;
1455 1717 55 39 R.
1543 1716 280 48 Aldington,
1858 1717 214 40 London.

149 1773 250 49 (36-4942)

72 1861 315 55 American
414 1865 110 50 law
553 1864 112 51 and
693 1864 326 66 procedure,
1084 1862 226 53 volume
1338 1867 45 48 5.
1446 1863 293 67 Prepared
1765 1862 182 53 under
1977 1861 95 53 the

141 1941 1869 68 editorial supervision of James Parker Hall, A. B., LL. B. …
141 2018 1869 69 History of real property law, by John Romain Rood …
142 2096 1868 68 Transfer of title to real estate, by Albert Martin Kales …
140 2172 1933 70 Mortgages, by James Wiggins Simonton … Mining law, by
142 2252 1930 69 George Purcell Costigan, jr. … Irrigation law, by Roscoe
141 2331 1330 68 Pound … [Chicago, Wallace press] 1935.
139 2405 24 38 1
192 2415 42 37 p.
297 2436 8 16 l.,
332 2405 96 44 xvi,
455 2405 90 40 448
569 2416 41 36 p.
667 2405 55 39 23½cm.

70 2456 52 53 ©
153 2462 113 39 Dec.
297 2461 39 47 5,
368 2460 141 48 1935;
541 2461 67 41 2c.
640 2463 97 38 and
768 2461 83 40 aff.
884 2462 109 40 Jan.
1025 2461 68 48 13,
1126 2460 141 47 1936;
1302 2461 42 39 A
1374 2461 172 46 91172;
1582 2460 207 41 LaSalle
1818 2461 255 40 extension

138 2517 145 49 univ.,
325 2517 223 49 Chicago.
620 2518 286 49 [Copyright
942 2519 41 39 is
1023 2517 206 41 claimed
1266 2527 60 30 on
1365 2528 108 30 new
1511 2528 118 38 copy
1669 2518 158 40 added
1867 2518 96 40 and
139 2529 1916 94 revisions]

71 2649 315 55 American
413 2650 111 53 law
551 2650 298 55 institute.

142 2728 385 53 Restatement
555 2728 62 53 of
645 2729 95 52 the
768 2730 109 50 law
904 2728 63 52 of
993 2733 143 48 torts
1165 2747 58 34 as
1251 2728 247 67 adopted
1528 2729 113 52 and
1668 2728 403 68 promulgated

72 2805 74 66 by
177 2806 97 52 the
302 2805 306 54 American
637 2808 111 50 law
779 2805 259 55 institute
1071 2810 57 48 at
1158 2806 402 67 Washington,
1592 2808 72 51 D.
1702 2807 80 66 C.,
1814 2807 139 66 May
1990 2810 82 64 11,

75 2883 1996 69 1934 … v. 1-2. St. Paul, American law institute publishers,
76 2964 147 51 1934.

137 3034 26 39 2
227 3067 8 8 v.
293 3035 54 40 23½cm.

417 3102 104 29 CONTENTS.—v.
561 3089 41 42 1.
638 3092 302 40 Intentional
975 3092 142 40 harm
1151 3094 48 38 to
1236 3103 213 37 persons,
1486 3092 132 47 land,
1655 3092 97 40 and
1788 3092 288 40 chattels.—

103 3178 12 9 v.
142 3147 40 40 2.
212 3148 300 48 Negligence.

72 3200 52 53 ©
157 3205 102 40 Oct.
294 3204 69 48 19,
396 3205 140 47 1934;
573 3205 67 41 2c.
674 3206 121 40 each
829 3206 110 41 Feb.
973 3206 71 47 24,
1078 3205 141 41 1936:
1258 3205 107 40 affs.
1402 3207 113 39 Dec.
1551 3205 71 48 26,
1658 3204 140 47 1935;
1838 3206 41 38 A
1913 3204 159 48 92005,

139 3261 169 43 92006;
337 3263 158 40 Amer.
517 3263 98 39 law
641 3262 240 50 institute,
910 3262 353 48 Philadelphia.

73 3334 315 56 American
418 3337 285 68 planning
732 3338 113 52 and
876 3337 142 53 civic
1050 3340 238 65 annual;
1325 3357 31 33 a
1387 3339 197 52 record
1616 3339 63 52 of
1710 3344 189 47 recent
1928 3337 142 53 civic

144 3414 248 54 advance
441 3415 302 67 including
793 3416 93 52 the
938 3415 369 67 proceedings
1359 3415 63 52 of
1471 3416 97 52 the
1618 3416 329 52 conference
1999 3435 71 33 on

144 3492 132 67 city,
322 3492 273 68 regional,
640 3497 162 63 state,
850 3494 111 52 and
1007 3494 257 53 national
1310 3492 298 69 planning,
1651 3494 133 54 held
1831 3499 58 48 at
143 3493 1903 143 Cincinnati,

407 3570 168 67 Ohio,
603 3573 142 65 May
772 3575 189 63 20-22,
994 3575 153 63 1935,
1179 3572 112 52 and
1324 3572 290 53 addresses
1644 3571 239 54 selected
1917 3572 153 52 from

144 3648 94 52 the
282 3647 272 54 National
599 3650 331 51 conference
975 3668 70 33 on
1089 3653 144 49 state
1276 3650 191 67 parks,
1511 3650 132 52 held
1689 3656 56 47 at
1793 3649 278 55 Skyland,

143 3726 124 63 Va.,
302 3726 151 53 June
488 3729 187 49 18-21.
712 3730 150 49 1935.
938 3726 212 53 Edited
1184 3728 75 66 by
1293 3729 257 51 Harlean
1586 3730 209 53 James.
144 3729 1902 140 Washington,

387 3805 70 50 D.
539 3845 29 14 C.,
591 3805 306 51 American
922 3804 283 67 planning
1230 3805 111 52 and
1368 3804 142 53 civic
1538 3806 353 53 association,
1919 3809 149 51 1935.

140 3874 84 48 xii,
253 3875 88 40 356
366 3887 42 36 p.
466 3876 163 45 front.,
661 3877 170 46 plates,
862 3878 154 46 plans.
1074 3877 54 38 21½cm.

143 3931 260 40 Published
439 3932 276 47 previously
751 3934 155 38 under
939 3934 106 39 title:
1109 3933 259 39 American
1402 3934 120 39 civic
1557 3934 195 39 annual.

75 3983 51 52 ©
155 3987 101 41 Oct.
288 3989 68 45 15,
387 3987 113 41 1935;
559 3989 67 40 2c.
658 3991 94 38 and
784 3989 82 41 aff.
894 3991 111 39 Dec.
1037 3990 54 40 31;
1152 3991 41 38 A
1223 3989 142 42 90103;
1427 3991 159 40 Amer.
1618 3991 234 48 planning
1882 3991 36 40 &
1949 3989 125 43 civic

142 4054 126 31 assn.
