2519 4377
1099 4041 130 52 1591

189 481 346 50 Bibliography
564 481 51 39 at
642 479 91 40 end
760 477 52 40 of
840 477 124 39 most
990 474 51 40 of
1071 474 79 40 the
1179 472 238 47 chapters.

121 553 53 53 ©
199 556 101 42 Oct.
356 586 8 12 9.
393 553 139 46 1936;
559 552 67 41 2c.
653 552 101 39 Oct.
784 549 80 41 14:
892 557 81 30 aff.
1004 546 102 40 Oct.
1135 544 80 41 15:
1247 545 36 38 A
1306 542 172 47 98911;
1510 543 68 38 W.
1609 542 52 39 B.
1693 537 246 44 Saunders
1964 547 69 29 co.

202 610 279 49 (36-29285)

119 715 261 64 Ullback,
410 713 218 65 Sylvia,
663 717 169 50 1881-

194 791 131 53 Pull
376 788 256 70 yourself
682 786 275 68 together,
1007 781 176 67 baby!
1263 780 88 68 By
1406 776 194 71 Sylvia
1654 777 64 54 of
1769 774 345 69 Hollywood

146 869 195 68 [pseud.]
396 866 139 53 with
569 870 259 49 cartoons
858 863 74 66 by
966 860 162 53 Paki.
1204 859 137 52 New
1376 855 179 67 York,
1584 853 350 55 Macfadden
1967 851 149 53 book

123 962 298 53 company,
451 946 148 52 1936.

196 1032 63 46 xi,
290 1029 85 44 132
406 1041 42 37 p.
481 1030 106 41 incl.
619 1028 149 40 front,
797 1025 171 50 (port.)
1008 1025 127 40 illus.
1199 1024 55 41 18½cm.

129 1102 53 53 ©
209 1105 101 42 Oct.
340 1103 66 47 17,
433 1102 139 47 1936;
602 1103 68 39 2c.
699 1101 94 39 and
898 1131 7 7 aff.
935 1100 102 41 Oct.
1065 1098 82 43 23;
1178 1099 37 39 A
1244 1096 171 47 99539;
1449 1095 292 42 Macfadden
1769 1097 122 39 book
1918 1108 84 36 co.,
2032 1095 90 40 inc.

210 1159 280 51 (36-29287)

126 1264 272 66 Vaughn,
428 1264 170 54 Miles
626 1264 243 54 Walter.

197 1338 289 73 Covering
512 1339 98 53 the
640 1340 117 52 Far
791 1339 140 52 East
967 1337 110 69 [by]
1114 1336 167 54 Miles
1311 1336 91 53 W.
1437 1334 268 71 Vaughn.
1774 1334 139 54 New
1944 1333 183 67 York,

127 1415 215 71 Covici,
375 1417 207 54 Friede
619 1450 13 34 [
637 1423 18 21 c
661 1419 152 65 1936]

199 1501 992 52 5 p. l., 13-408 p. illus. (map) 21 cm .
136 1569 1994 58 © Sept. 25, 1936; 2c. Oct. 26; aff. Oct. 22; A 99579; M. W. Vaughn,
206 1635 116 39 New
352 1634 142 40 York.
563 1632 283 49 (36-28742)

136 1737 360 66 Waterman,
523 1738 209 64 Leroy,
759 1737 170 53 1875-
1140 1738 84 52 ed.
1249 1738 115 52 and
1389 1743 67 46 tr.

207 1815 180 68 Royal
415 1815 474 68 correspondence
913 1815 63 52 of
1002 1815 91 51 the
1117 1815 277 67 Assyrian
1420 1813 231 69 empire,
1672 1815 314 54 translated
2015 1815 120 52 into

141 1893 261 68 English,
433 1892 137 55 with
605 1912 30 34 a
667 1893 452 54 transliteration
1154 1893 61 52 of
1246 1893 95 53 the
1373 1897 120 49 text
1524 1893 111 53 and
1669 1915 32 33 a
1732 1897 404 63 commentary,

139 1969 1995 71 by Leroy Waterman … Part 4. Supplement and indexes.
139 2050 161 53 With
331 2067 69 35 an
427 2047 440 68 interpretation
893 2049 62 53 of
981 2049 95 53 the
1104 2049 222 52 Asshur
1353 2048 296 69 Ostracon,
1674 2050 75 66 by
1776 2051 67 51 R.
1872 2051 69 52 A.
143 2052 1970 128 Bowman.

365 2126 133 54 Ann
531 2127 208 54 Arbor,
777 2125 331 69 University
1142 2126 62 52 of
1240 2126 297 69 Michigan
1570 2145 174 50 press,
1781 2131 148 49 1936.

216 2210 1927 57 4 p. l., vii-xiii, 282 p. xiv numb. pl. 28 cm . (Half-title: University of
147 2269 245 49 Michigan
424 2270 198 40 studies.
687 2268 313 43 Humanistic
1032 2269 165 48 series,
1232 2270 91 41 vol.
1358 2271 91 46 xx)

148 2334 1994 58 © Nov. 10, 1936; 2c. and aff. Nov. 23; A 100617; University of Michigan,
219 2398 105 39 Ann
355 2397 168 41 Arbor.

147 2501 260 63 Wesson,
434 2499 179 66 Miley
636 2501 244 62 Barton,
908 2505 170 52 1881-

220 2575 331 69 Urological
584 2576 474 68 roentgenology;
1094 2596 31 34 a
1157 2577 229 52 manual
1422 2576 95 54 for
1547 2576 258 56 students
1837 2577 112 53 and
151 2596 1971 124 practitioners,

459 2650 1624 76 by Miley B. Wesson … and Howard E. Ruggles …
153 2728 323 56 illustrated
516 2730 138 52 with
697 2730 100 53 227
838 2729 360 71 engravings.
1274 2727 427 74 Philadelphia,
1739 2731 116 55 Lea
1895 2733 45 51 &
152 2733 1971 141 Febiger,
305 2809 147 52 1936.

225 2877 84 42 269
343 2888 41 39 p.
444 2877 128 43 illus.
632 2877 56 42 24
691 2880 44 22 cm
741 2910 9 8 .

230 2934 346 50 Bibliography
610 2937 53 39 at
697 2936 90 40 end
821 2935 51 41 of
906 2937 117 40 each
1059 2936 215 48 chapter.

159 3004 53 53 ©
244 3008 101 41 Oct.
379 3007 68 48 15,
480 3007 140 48 1936;
655 3008 67 41 2c.
756 3008 94 40 and
885 3008 81 41 aff.
1002 3009 101 40 Oct.
1139 3009 80 41 16:
1257 3011 38 38 A
1327 3010 172 47 98947;
1537 3011 94 40 Lea
1667 3011 37 40 &
1736 3012 218 49 Febiger.

240 3062 278 50 (36-29286)

161 3167 212 63 White,
399 3168 203 64 Agnes
627 3168 273 64 Romilly.

163 3241 1968 149 … Mrs. Murphy buries the hatchet. 2d impression. London, Selwyn & Blount [1936]
233 3394 589 49 3 p. l., 9-286 p. 19 cm .
166 3455 1991 69 © 1c. Oct. 31. 1936; A ad int. 21931: pubd. Sept. 3; A. R. White, Belfast,
242 3519 204 43 Ireland.
511 3518 281 49 (36-30335)

166 3623 212 62 White,
405 3625 113 52 Lee
541 3625 227 54 Strout.

240 3699 276 54 Farewell
556 3706 58 46 to
654 3700 185 52 model
880 3701 66 65 T,
986 3701 73 68 by
1101 3702 110 53 Lee
1253 3700 202 56 Strout
1491 3703 224 69 White;
1759 3705 290 69 drawings
2087 3705 75 70 by

170 3778 188 51 Alain.
426 3778 136 52 New
596 3778 180 66 York,
807 3777 68 55 G.
907 3779 65 52 P.
1004 3779 296 54 Putnam’s
1333 3798 146 50 sons,
1510 3784 150 51 1936.

242 3851 84 50 [30]
358 3861 42 39 p.
460 3851 109 41 incl.
602 3851 135 40 front.
811 3851 171 49 plates.
1042 3852 55 40 18
1100 3855 43 21 cm
1149 3885 8 9 .

174 3915 1975 60 © Oct. 9, 1936; 2c. Oct. 12: aff. Oct. 10; : A 100108; G. P. Putnams sons.
251 3976 280 52 (36-28732)
