2519 4377
1364 4180 133 50 1162

485 553 142 48 Maps
659 563 60 30 on
749 552 365 49 lining-papers.

413 605 2010 58 © 1c. July 18. 1936; A ad int. 21685; pubd. May 21; C. R. Benstead,
481 667 332 50 Portsmouth,
840 668 238 48 England.
1144 669 282 49 (36-18836)

407 771 280 64 Bérence,
718 773 171 53 Fred.

542 849 1885 72 … Raphaël, ou la puissance de l’esprit … avec dix-huit
407 946 276 50 gravures
709 929 134 54 hors
868 934 168 50 texte.
1114 928 185 70 Paris,
1324 932 205 67 Payot,
1560 934 149 52 1936.

481 1002 1630 51 2 p. l., [7]-330 p. plates. 23 cm . (Bibliothèque historique)
483 1059 425 48 “Bibliographie”:
976 1071 43 37 p.
1060 1061 114 50 [327]

412 1112 1568 54 © May 18, 1936; 1c. July 11; A-Foreign 32325; Payot.
494 1174 283 48 (36-18665)

409 1277 318 66 Bertrand,
756 1278 198 66 Louis,
986 1284 173 49 1866-

543 1353 1240 71 … Hitler. Paris, A. Fayard & ci e [1936]
479 1427 779 52 4 p. l., [11]-120 p., 3 l. 19 cm .
413 1482 1902 53 © Feb. 10, 1936; 1c. May 11; A- Foreign 31745; A. Fayard et cie.
493 1544 283 49 (36-18600)

412 1649 163 62 Best,
605 1648 281 55 Herbert.

485 1726 150 68 Flag
678 1725 65 53 of
785 1725 98 55 the
926 1726 204 63 desert,
1171 1726 74 68 by
1292 1727 250 54 Herbert
1584 1727 166 64 Best;
1797 1726 293 69 drawings
2132 1726 76 68 by
2252 1724 179 53 Erick

416 1805 185 68 Berry
653 1804 218 69 [pseud.]
943 1804 140 54 New
1115 1804 180 68 York,
1326 1805 122 53 The
1481 1805 224 69 Viking
1735 1819 175 54 press,
1942 1807 152 50 1936.

487 1879 972 49 viii p., 1 l., 242 p. incl. front. 21 cm .
488 1936 292 41 Illustrated
808 1939 98 46 t.-p.
937 1938 96 40 and
1062 1936 367 49 lining-papers.

416 1989 53 53 ©
496 1994 121 47 Aug.
646 1994 71 47 21,
746 1993 115 42 1936;
920 1995 67 40 2c.
1018 1994 97 40 and
1145 1994 81 41 aff.
1256 1995 121 47 Aug.
1408 1994 55 40 22;
1523 1996 41 38 A
1592 1994 145 41 97482;
1798 1995 61 41 H.
1890 1995 133 47 Best,
2051 1994 119 40 New
2199 1994 145 39 York.

496 2049 283 50 (36-18199)

413 2156 261 63 Bodfish,
703 2157 265 53 Hartson
996 2156 289 56 Hartlett.

488 2232 260 71 Chasing
778 2233 97 54 the
907 2233 294 70 bowhead,
1235 2252 60 36 as
1326 2234 123 54 told
1479 2233 76 70 by
1589 2231 251 71 Captain
1873 2233 261 55 Hartson
2167 2233 77 54 H.

416 2232 1990 134 Bodfish
563 2315 113 52 and
718 2314 270 54 recorded
1029 2314 95 53 for
1163 2313 121 55 him
1321 2315 75 67 by
1436 2315 220 68 Joseph
1696 2314 61 56 C.
1797 2314 191 54 Allen.
2067 2313 365 68 Cambridge,

417 2391 276 53 Harvard
725 2390 321 69 university
1076 2409 176 51 press,
1283 2394 151 51 1936.

491 2464 63 41 ix.
584 2465 83 40 281
700 2476 41 37 p.
802 2467 171 45 plates,
1002 2466 28 39 2
1062 2468 123 46 port.
1215 2465 135 48 (incl.
1376 2465 178 48 front.)
1618 2465 56 41 25
1677 2467 46 23 cm
1726 2497 10 10 .

419 2518 53 53 ©
507 2523 120 47 Aug.
667 2522 69 47 10,
771 2522 140 48 1936;
951 2523 67 40 2c.
1056 2523 120 47 Aug.
1213 2523 82 47 20;
1337 2522 81 41 aff.
1462 2523 126 48 Sept.
1626 2523 84 47 28;
1750 2523 41 39 A
1826 2521 173 48 98059;
2041 2522 257 40 President
2336 2524 96 39 and

487 2579 192 40 fellows
710 2579 51 40 of
791 2580 232 39 Harvard
1056 2580 198 48 college,,
1282 2579 304 49 Cambridge,
1620 2581 148 40 Mass.
1842 2579 282 51 (36-18677)

415 2682 286 65 Brenner,
730 2682 276 57 William.

493 2758 174 68 Daily
702 2759 298 53 devotions
1035 2760 95 53 for
1164 2758 326 55 individual
1527 2760 113 53 and
1675 2757 208 71 family
1917 2778 116 46 use,
2064 2759 75 68 by
2174 2759 259 54 William

419 2836 1989 142 Brenner … introduction by Luther B. Reed … Grand Rapids,
557 2916 196 63 Mich.,
787 2917 339 52 Zondervan
1160 2916 339 70 publishing
1533 2917 175 53 house
1750 2952 12 33 [
1768 2924 17 21 c
1790 2919 134 51 1936
1930 2951 12 34 ]

488 2985 86 43 337
608 2998 44 37 p.
713 2987 56 40 20½
802 2990 45 21 cm
851 3021 9 9 .

491 3044 180 41 Errata
704 3044 94 49 slip
826 3045 230 41 mounted
1088 3056 61 30 on
1178 3056 44 39 p.
1271 3045 42 50 [6]

420 3099 53 54 ©
508 3105 116 46 July
660 3105 69 46 25,
766 3104 140 48 1936;
945 3104 68 42 2c.
1048 3105 97 39 and
1180 3104 84 42 aff.
1298 3106 121 47 Aug.
1455 3104 83 49 24;
1575 3106 41 39 A
1652 3105 171 48 98070;
1862 3106 72 40 W.
1970 3107 235 47 Brenner,
2243 3105 191 40 Toledo.

500 3161 283 48 (36-18635)

417 3262 252 67 Bryant,
695 3264 253 66 Arthur,
976 3270 172 50 1899-

490 3341 1943 69 The American ideal, by Arthur Bryant … London, New
420 3420 164 53 York
742 3453 12 34 [etc.]
788 3420 346 68 Longmans,
1162 3419 187 56 Green
1378 3422 113 52 and
1519 3439 78 35 co.
1633 3424 172 64 [1936]

491 3494 100 47 xxi,
622 3493 101 48 258,
760 3494 52 49 [1]
846 3504 42 38 p.
950 3492 56 41 22½
1038 3495 46 22 cm
1087 3524 9 8 .

492 3552 84 39 “In
609 3551 208 41 another
846 3552 129 40 form
1003 3552 85 40 the
1117 3550 186 42 studies
1335 3551 110 41 that
1474 3560 180 40 appear
1686 3551 49 40 in
1764 3551 99 41 this
1895 3552 123 40 book
2052 3561 125 31 were
2210 3550 137 48 given
2384 3556 49 35 at

422 3608 80 40 the
534 3611 195 45 request
759 3608 51 38 of
839 3608 82 40 the
950 3608 236 46 Sulgrave
1214 3617 172 31 manor
1411 3607 152 41 board
1594 3619 54 30 as
1678 3608 82 41 the
1790 3609 203 40 Watson
2026 3608 287 40 foundation
424 3608 1992 98 lectures

584 3664 50 40 in
662 3666 80 39 the
769 3666 92 39 fall
889 3665 53 40 of
968 3665 130 40 1935.
1158 3666 24 38 I
1210 3664 127 40 have
1364 3665 251 47 expanded
1645 3665 95 40 and
1770 3667 158 38 recast
1959 3665 129 41 them
2120 3668 48 37 to
2198 3667 124 37 meet
2354 3664 79 40 the

421 3721 353 48 requirements
806 3721 52 40 of
884 3719 380 51 prose.”—Pref.

493 3778 351 48 Bibliography:
905 3789 42 37 p.
982 3775 183 43 viii-ix.

768 3831 1665 51 CONTENTS. — Introductory: ‘The fairest country that a man might
421 3891 383 40 see.—Thomas
837 3890 568 42 Jefferson.—Abraham
1438 3888 510 42 Lincoln.—Emerson
1984 3890 93 39 and
2113 3889 322 39 Whitman.—

422 3947 251 41 Theodore
709 3947 524 41 Roosevelt.—Walter
1267 3946 321 49 Page.—Two
1623 3944 257 42 American
1916 3947 136 47 poets
2088 3945 49 40 of
2174 3945 79 40 the

421 3947 1994 97 twentieth
575 4007 203 45 century
810 4005 138 49 [Alan
981 4004 172 48 Seeger
1183 4004 95 40 and
1306 4002 180 41 Vachel
1517 4002 229 49 Lindsay]

422 4055 53 53 ©
507 4061 65 39 1c.
604 4062 123 43 Aug.
761 4061 68 47 15,
863 4060 141 41 1936;
1040 4061 40 39 A
1113 4060 61 39 ad
1207 4059 86 40 int.
1326 4059 172 46 21749;
1533 4058 144 48 pubd.
1711 4058 130 40 June
1870 4057 83 47 22;
1990 4058 55 39 A.
2080 4057 203 46 Bryant.
492 4055 1926 103 London.
667 4116 282 51 (36-18984)
