2519 4377
1023 4083 101 49 489

95 516 1982 70 Freeman. Indianapolis, The Bobbs-Merrill company [ c 1936]
162 589 1689 49 8 p. 1., 11-514 p. front., illus. (maps) plates, ports. 23 ½cm .
162 648 138 46 Maps
331 657 59 29 on
421 647 362 46 lining-papers.

162 703 261 41 “Sources”;
485 714 43 36 p.
557 702 218 41 494-497.

92 773 51 52 ©
186 778 113 46 Apr.
342 776 69 48 22,
455 776 140 42 1936;
641 776 68 40 2c.
753 776 95 39 and
892 774 82 41 aff.
1017 775 114 46 Apr.
1175 774 81 42 25;
1303 775 39 38 A
1386 774 169 46 93791;
1604 774 368 39 Bobbs-Merrill
2018 782 66 32 co.

171 832 249 50 (36-9313)

89 938 234 63 Hough,
351 936 214 65 Elmer,
597 942 170 49 1866-

159 1029 214 66 Hough
408 1030 329 65 genealogy,
771 1026 279 67 compiled
1084 1027 74 66 by
1195 1028 193 50 Elmer
1421 1027 216 66 Hough
1678 1068 55 10 ...
1808 1026 277 67 Rutland,

89 1103 1302 69 Vt., The Tuttle publishing co., inc. [ c 1936]
160 1180 26 38 2
214 1191 42 36 p.
283 1181 43 45 1.,
354 1179 113 39 4-75
496 1179 158 39 numb.
683 1180 28 38 1.
768 1178 127 38 illus.
925 1177 185 47 (ports.,
1139 1179 108 37 coat
1276 1177 51 38 of
1355 1177 155 46 arms)
1575 1176 116 39 21cm.

161 1236 70 40 On
261 1246 140 29 cover;
460 1234 248 48 Privately
739 1234 206 47 printed.

91 1303 52 52 ©
172 1307 108 39 Jan.
312 1307 39 44 3,
385 1305 112 39 1936;
559 1304 67 40 2c.
659 1305 96 38 and
787 1303 81 41 aff.
902 1304 112 46 Apr.
1049 1303 54 40 27;
1165 1304 39 37 A
1238 1302 142 41 93852;
1446 1304 51 38 E.
1531 1304 191 46 Hough,
1757 1303 121 41 Fort
1909 1304 176 46 Myers,

162 1364 101 40 Fla.

91 1467 119 51 The
249 1466 220 52 human
509 1465 164 51 heart
711 1464 194 51 shown
947 1481 58 33 as
1045 1481 29 33 a
1116 1462 207 66 temple
1363 1462 62 52 of
1467 1462 128 54 God
1638 1463 111 52 and
1789 1463 95 51 the
1925 1461 159 68 Holy

159 1544 170 66 spirit
357 1562 62 33 or
447 1561 26 32 a
506 1542 300 66 workshop
835 1540 62 52 of
925 1541 92 51 the
1047 1539 151 52 devil
1229 1540 112 53 and
1371 1539 110 54 evil
1511 1540 196 66 spirits;
1767 1541 316 52 translated

159 1622 152 52 from
340 1622 93 52 the
464 1619 246 67 original
741 1620 221 51 French
995 1618 119 53 into
1144 1619 95 50 the
1270 1618 249 54 German
1552 1620 58 51 in
1641 1619 94 51 the
1763 1637 136 48 year
1933 1620 149 52 1732.

158 1701 171 50 Later
356 1697 314 54 translated
699 1697 151 51 from
875 1697 94 52 the
998 1696 250 54 German
1272 1698 122 50 into
1419 1697 95 51 the
1543 1697 260 65 English.
1870 1698 213 51 Eleven

158 1778 112 51 full
303 1795 143 48 page
478 1774 395 54 illustrations.
948 1773 305 53 American
1286 1774 84 53 ed.
1447 1775 290 65 Prepared
1770 1775 93 51 for
159 1775 1898 133 publication

380 1856 59 50 in
475 1854 93 50 the
606 1852 217 54 United
862 1850 186 55 States
1084 1852 181 51 under
1302 1852 94 51 the
1434 1851 316 68 editorship
1789 1852 63 51 of
1890 1854 63 51 L.
1993 1855 89 52 W.

158 1933 67 51 de
262 1934 285 49 Laurence
590 1976 55 8 ...
728 1930 267 65 Chicago,
1034 1929 112 65 Ill.,
1183 1930 120 50 The
1339 1931 85 50 De
1461 1931 287 51 Laurence
1787 1947 297 51 company,

160 2014 147 48 1935.

158 2079 1535 51 3 p. l., 62 p. incl. fronts. (1 double, 1 port.) illus. 20 cm .
90 2148 52 52 ©
173 2153 119 46 Aug.
326 2152 67 47 19',
427 2150 112 40 1935;
602 2149 67 41 2c.
707 2150 126 47 Sept.
866 2150 25 38 3;
955 2148 81 40 aff.
1074 2149 126 46 Sept.
1236 2148 80 42 19;
1353 2149 40 38 A
1426 2148 170 47 87201;
1634 2151 73 37 De
1738 2150 250 39 Laurence
2016 2160 67 29 co.

88 2272 322 62 Hyamson,
438 2272 212 61 Moses,
684 2275 170 49 1863-

165 2359 251 54 Sabbath
460 2359 112 51 and
612 2357 233 53 festival
884 2357 307 66 addresses,
1229 2357 75 67 by
1343 2358 137 51 Rev.
1521 2357 101 53 Dr.
1662 2357 79 52 M.
1784 2357 297 67 Hyamson

96 2481 55 9 ...
231 2438 135 51 New
398 2437 178 65 York,
605 2435 181 52 Bloch
817 2434 335 68 publishing
1179 2452 297 49 company,
1507 2437 147 49 1936.

160 2507 86 40 viii
276 2518 57 37 p.,
365 2508 24 38 1
456 2540 9 15 l.,
497 2506 84 40 205
610 2518 42 36 p.
715 2506 54 39 22
772 2508 44 21 cm
822 2538 8 8 .

90 2577 52 53 ©
170 2583 108 38 Jan.
306 2582 39 46 3,
375 2580 112 40 1936;
544 2581 66 38 2c.
639 2581 95 38 and
763 2579 81 41 aff.
874 2580 113 46 Apr.
1016 2579 82 47 10;
1130 2579 41 38 A
1198 2577 171 48 92868;
1403 2580 61 39 M.
1495 2580 264 46 Hyamson,
1790 2581 118 38 New
1938 2580 145 42 York.

169 2637 248 49 (36-9302)

86 2740 237 54 Illinois.
398 2743 182 62 Laws,
608 2746 255 59 statutes,
891 2745 98 46 etc.

156 2820 173 52 Jones
370 2817 226 53 Illinois
636 2821 238 49 statutes
915 2817 323 51 annotated.
1338 2834 50 34 [v.
1429 2820 84 62 24]
1559 2818 279 51 Revenue.
89 2818 1968 145 Compiled
275 2896 111 52 and

418 2895 188 53 edited
636 2895 75 67 by
744 2894 176 55 Clark
949 2894 71 54 A.
1052 2893 233 54 Nichols
1321 2938 55 9 ...
1412 2895 111 52 and
1555 2895 196 51 Frank
1783 2897 70 52 D.
1884 2897 196 51 Moore

92 3018 55 8 ...
229 2974 266 65 Chicago,
522 2972 320 67 Callaghan
869 2973 110 51 and
1006 2991 296 48 company,
1330 2976 148 50 1936.

160 3048 26 37 4
217 3058 43 36 p.
311 3078 22 14 l.,
365 3046 84 39 594
480 3057 42 36 p.
580 3045 56 38 24½
670 3048 43 20 cm
719 3078 8 7 .

159 3103 174 39 “Table
367 3103 50 38 of
448 3101 248 40 contents”
730 3112 61 28 on
825 3100 133 40 front
993 3100 361 48 lining-papers.

89 3167 53 53 ©
169 3173 111 45 Apr.
311 3171 68 47 22,
409 3170 112 41 1936;
580 3171 66 39 2c.
678 3172 95 37 and
803 3170 81 40 aff.
915 3171 113 46 Apr.
1058 3170 56 39 27;
1174 3171 40 37 A
1243 3168 145 41 93840;
1449 3170 268 48 Callaghan
1749 3171 36 39 &
1815 3179 66 31 co.

85 3288 224 65 Jillson,
336 3288 240 54 Willard
606 3290 212 62 Rouse,
849 3294 170 48 1890-

159 3366 333 58 Kentuckie,
520 3384 29 33 a
578 3365 242 52 colonial
847 3365 308 65 narrative,
1182 3365 74 66 by
1282 3364 249 55 Willard
1560 3367 183 50 Rouse
1773 3364 212 56 Jillson
2020 3407 55 9 ...

87 3444 133 51 read
273 3443 193 52 before
519 3444 94 51 the
671 3443 208 51 annual
935 3448 177 59 court,
1168 3442 323 52 Pendennis
1548 3443 145 65 club,
1749 3442 329 66 Louisville,

87 3522 136 65 May
262 3524 80 55 14,
380 3523 147 50 1932.
600 3519 328 67 Louisville,
964 3520 130 67 Ky.,
1131 3520 121 52 The
1292 3518 186 56 Society
1554 3519 62 52 of
1653 3519 241 54 colonial
1932 3538 145 35 wars

87 3598 57 51 in
168 3599 92 51 the
284 3605 142 45 state
451 3598 62 51 of
537 3598 321 66 Kentucky,
886 3600 148 50 1932.

160 3671 48 37 ix
236 3681 56 36 p.,
318 3671 23 37 1
369 3672 43 39 1.,
441 3670 69 43 45,
544 3670 53 49 [5]
628 3681 43 37 p.
700 3670 108 40 incl.
836 3670 163 48 front.,
1029 3680 63 36 pl.
1148 3669 55 39 21½
1235 3671 45 20 cm
1286 3701 8 7 .

155 3727 214 39 Extends
402 3728 110 45 only
544 3729 48 36 to
626 3727 114 38 1774;
802 3727 48 37 in
882 3736 151 30 verse.

154 3782 160 39 “First
343 3782 197 46 edition,
572 3782 84 39 500
689 3781 200 48 copies.”

158 3838 222 40 “Officers
405 3839 94 38 and
525 3839 235 38 members
787 3839 53 38 of
864 3839 80 38 the
975 3837 188 47 Society
1192 3837 50 39 of
1269 3837 204 39 colonial
1502 3847 126 29 wars
1654 3837 50 38 in
1733 3838 80 39 the
87 3847 1970 87 commonwealth
293 3895 51 38 of
372 3893 282 48 Kentucky”;
730 3895 23 39 [5]
803 3905 41 36 p.
874 3899 50 35 at
955 3895 104 38 end.

87 3957 52 53 ©
165 3963 113 46 May
303 3963 67 46 14,
397 3961 112 41 1932;
565 3962 66 40 2c.
660 3963 115 47 July
802 3963 54 38 14;
913 3963 81 39 aff.
1024 3964 111 46 May
1164 3963 68 46 14,
1261 3961 113 40 1936;
1430 3963 40 37 A
1497 3962 141 40 94871;
1698 3963 71 39 W.
1799 3963 54 39 R.
1883 3961 189 47 Jillson,

158 4018 279 48 Frankfort,
462 4019 89 47 Ky.
615 4019 249 47 (33-7744)
