2519 4377
1020 4124 65 42 291

64 466 206 65 Miller,
297 469 136 51 Mrs.
461 466 175 53 Ethel
668 465 197 66 (Hull)

133 536 1925 73 Out of the roaring loom, by Ethel Hull Miller … assisted
63 622 59 52 in
162 621 265 53 selection
471 621 111 52 and
623 619 370 68 compilation
1036 620 62 51 of
1139 618 281 68 material,
1463 619 296 66 direction,
1800 619 257 53 research

63 698 112 51 and
217 696 265 53 editorial
523 696 159 53 work
723 696 76 68 by
839 696 325 68 Messenger
1205 695 211 52 Miller.
1494 694 364 53 Illustration
1903 693 155 54 from

62 771 1996 72 the oil painting by Roland Schweinsburg … Greenville, Pa.,
62 853 772 67 The Beaver press [ c 1936]
132 925 85 41 364
244 936 44 38 p.
317 927 107 41 inel.
453 926 162 48 front.,
646 925 128 41 illus.
834 924 55 40 19½
923 926 44 22 cm
971 957 8 8 .

134 984 257 40 “Author’s
422 984 332 47 autographed
784 982 226 41 edition.”

134 1040 149 41 “Gold
313 1043 100 38 seal
441 1039 369 49 publications.”

65 1096 1994 53 © Feb. 17, 1936; 2c. and aff. Mar. 26; A 93398; Gold seal publications,
134 1157 284 47 Greenville,
451 1157 82 39 Pa.
605 1155 250 49 (36-7624)

64 1245 278 65 Mitchell,
372 1245 254 55 William
653 1246 333 62 Augustus,
1018 1247 324 53 1877-1936.

136 1320 1925 71 Army engineering, by Colonel William A. Mitchell … 4th
66 1402 83 52 ed.
241 1401 194 69 (Rev.)
524 1399 401 69 Washington,
969 1400 70 53 D.
1086 1399 82 69 C.,
1210 1400 120 52 The
1375 1399 228 70 Society
1647 1400 63 53 of
1753 1401 307 54 American

68 1479 254 69 military
346 1478 290 69 engineers
669 1512 13 34 [
688 1484 18 22 c
710 1481 151 64 1936]

134 1552 26 41 3
185 1564 44 38 p.
291 1585 9 15 l.,
327 1552 61 48 iv,
414 1551 99 49 328,
543 1551 55 51 [8]
624 1562 44 38 p.
723 1552 142 47 illus.,
892 1552 179 48 diagrs.
1127 1552 55 40 17½
1215 1554 45 21 cm
1263 1583 10 10 .

137 1610 223 43 Includes
388 1609 390 50 bibliographies.

66 1666 52 53 ©
145 1671 108 38 Jan.
280 1670 39 48 1,
347 1668 139 46 1936;
515 1669 67 40 2c.
609 1670 95 38 and
731 1679 82 29 aff.
842 1669 110 40 Feb.
981 1668 81 46 11;
1091 1668 41 39 A
1158 1666 171 49 90739;
1361 1668 192 48 Society
1580 1668 51 39 of
1655 1669 159 40 Amer.
1843 1668 220 50 military

135 1727 264 47 engineers.
475 1725 249 48 (36-7614)

66 1816 205 64 Mules,
298 1816 224 54 Walter
548 1814 251 64 Russell,
829 1819 170 50 1896-

137 1891 430 54 Mathematical
643 1891 312 68 principles
1033 1890 63 53 of
1171 1891 332 52 instalment
1576 1891 290 70 financing
1967 1893 73 68 [by]

69 1972 86 52 W.
185 1972 223 52 Russell
438 1970 184 52 Mules
676 1969 130 67 [and]
842 1969 204 54 Owens
1075 1969 182 53 Laws.
1323 1970 334 68 Baltimore,
1685 1971 173 52 Reese
1888 1990 175 49 press,

72 2053 146 49 1936.

136 2122 71 48 39,
232 2121 86 41 300
343 2134 43 37 p.
441 2122 179 49 diagrs.
677 2123 54 39 17½
765 2124 44 21 cm
812 2154 10 9 .

69 2177 52 52 ©
152 2182 120 39 Mar.
303 2181 39 46 2,
374 2179 139 47 1936;
546 2180 68 40 2c.
646 2181 121 38 Mar.
800 2180 82 46 14;
918 2179 81 40 aff.
1034 2180 121 39 Mar.
1186 2178 83 47 30;
1303 2179 41 39 A
1375 2178 170 48 93169;
1581 2180 71 40 W.
1687 2180 56 40 R.
1778 2181 158 40 Mules
1967 2182 96 39 and

138 2238 174 41 Owens
346 2238 153 48 Laws,
536 2236 282 42 Baltimore.
884 2236 279 50 [Copyright
1199 2236 41 40 is
1277 2235 204 42 claimed
1519 2247 59 29 on
1615 2246 106 31 new
1755 2238 195 48 matter]

148 2295 249 48 (36-7603)

68 2384 274 64 Murphy,
372 2384 221 53 Robert
623 2384 320 62 Cushman,
974 2385 170 53 1887-

141 2458 243 55 Oceanic
416 2459 158 53 birds
605 2459 65 53 of
706 2458 183 55 South
923 2459 294 65 America;
1256 2480 31 32 a
1322 2459 169 67 study
1529 2459 64 52 of
1626 2457 212 70 species
1872 2459 64 52 of
1970 2460 97 52 the

72 2537 211 53 related
323 2542 179 48 coasts
540 2537 113 53 and
691 2555 137 49 seas,
863 2535 303 70 including
1200 2537 96 51 the
1333 2536 306 52 American
1680 2536 285 68 quadrant
2003 2537 63 52 of

74 2614 347 68 Antarctica,
470 2614 171 53 based
693 2633 151 49 upon
894 2614 95 53 the
1039 2612 569 55 Brewster-Sanford
1660 2613 294 54 collection
2007 2614 59 53 in

70 2692 95 53 the
206 2691 305 54 American
551 2708 255 37 museum
849 2692 64 51 of
953 2690 231 54 natural
1226 2690 241 69 history,
1510 2692 73 67 by
1626 2691 214 55 Robert
73 2691 1970 130 Cushman

257 2769 272 68 Murphy.
622 2768 339 53 Illustrated
1016 2768 153 53 from
1224 2767 297 70 paintings
1574 2769 74 67 by
1709 2769 236 53 Francis
2003 2770 62 52 L.

71 2845 1995 71 Jaques, photographs, maps, and other drawings … New
81 2926 170 64 York,
286 2926 120 52 The
440 2925 305 52 American
779 2943 252 34 museum
1067 2924 64 53 of
1167 2924 228 53 natural
1432 2924 239 68 history,
1708 2928 148 49 1936.

141 2995 25 38 2
200 3007 40 28 v.
301 2996 85 39 col.
419 2996 187 48 fronts.,
640 2995 127 40 illus.
796 2996 134 47 (incl.
963 3006 151 38 maps,
1148 2996 190 47 charts)
1381 2998 156 48 plates
1565 2999 135 47 (part
1732 2999 111 46 col.)
1886 2999 180 46 diagrs.

71 3052 55 40 27
129 3054 43 21 cm
177 3083 10 8 .

137 3112 158 47 Paged
328 3112 353 47 continuously.

143 3166 131 39 Each
305 3166 188 40 colored
525 3166 131 48 plate
688 3165 339 48 accompanied
1061 3167 58 47 by
1152 3167 154 46 guard
1339 3166 135 40 sheet
1508 3167 118 39 with
1659 3168 291 47 descriptive
74 3169 1975 100 letterpress.

143 3280 1926 49 “Twelve hundred copies … printed … This is set no. 328 of the
73 3335 225 41 edition.”

144 3392 373 47 Bibliography:
549 3403 43 29 v.
621 3392 41 48 2,
692 3402 42 37 p.
764 3391 273 41 1179-1210.

76 3447 52 52 ©
156 3451 109 40 Feb.
293 3452 68 47 21,
389 3451 139 46 1936;
557 3451 67 40 2c.
652 3452 121 39 each
798 3451 120 38 Mar.
946 3450 54 47 2;
1031 3450 81 40 aff.
1143 3450 109 41 Feb.
1280 3450 83 47 29;
1394 3451 41 38 A
1463 3450 170 44 91985;
1662 3452 157 40 Amer.
1850 3462 218 30 museum

146 3508 51 39 of
232 3509 196 39 natural
466 3507 202 49 history.
744 3507 250 49 (36-7744)

76 3584 215 62 Mystic
318 3601 195 37 seven.

148 3661 118 52 The
304 3661 290 66 mysteries
632 3660 64 52 of
734 3662 92 50 the
866 3660 224 67 Mystic.
1113 3660 49 65 7,
1199 3661 74 65 by
1312 3661 273 53 members
1624 3662 62 52 of
1724 3661 96 52 the
1856 3660 212 68 Mystic

79 3737 1928 67 seven … Duplicated and illustrated by Eric C. Lewis …
85 3815 348 65 [Dewsbury,
467 3815 332 65 Yorkshire,
829 3815 119 53 The
981 3815 211 66 Mystic
1224 3832 182 48 seven,
1441 3818 151 63 1936]

149 3873 1221 63 4 p. l., 30 numb. l., [6] 1. illus., diagrs. 25 cm .
148 3942 402 48 Mimeographed.

83 3993 1987 53 © 1c. Feb. 17, 1936: A ad int. 21190; pubd. Feb. 13; Mystic seven.
