2597 4361
1358 4164 63 49 12

370 471 360 65 Hathaway,
756 469 171 55 Lillie
951 469 195 57 Vinal.

442 547 254 57 German
722 547 300 56 literature
1049 547 65 53 of
1138 549 96 53 the
1258 546 481 56 mid-nineteenth
1765 553 238 63 century
2029 546 61 54 in
2117 548 272 68 England

372 629 115 53 and
532 625 288 70 America,
862 647 61 35 as
967 627 264 54 reflected
1277 626 61 54 in
1382 627 98 54 the
1520 626 280 69 journals,
1848 630 327 51 1840-1914.
2276 629 109 67 [By]

372 705 1906 70 Lillie V. Hathaway … Boston, Chapman & Grimes [ c 1935]
443 783 29 40 2
500 793 43 38 p.
606 812 10 18 l.,
645 781 145 41 3-341
818 791 43 39 p.
923 765 179 64 diagrs.
1131 778 50 51 (1
1210 778 146 49 fold.)
1424 779 57 41 21
1483 781 45 22 cm
1532 811 9 9 .

446 837 74 42 On
544 846 169 33 cover:
740 837 103 40 The
865 837 217 41 attitude
1106 836 53 41 of
1181 836 226 48 England
1432 836 98 41 and
1554 835 226 42 America
1804 836 192 42 toward
2022 835 210 42 German
373 836 2001 101 literature
547 895 54 43 of
629 895 84 41 the
739 894 408 43 mid-nineteenth
1175 895 219 48 century.

447 953 133 41 “The
611 955 198 47 present
840 953 193 40 volume
1067 953 278 47 represents
1378 952 83 40 the
1494 952 182 41 results
1709 951 54 41 of
1794 953 228 40 research
2058 952 79 40 for
2173 963 22 29 a
2237 953 154 41 thesis

375 1009 268 42 submitted
673 1012 54 39 at
756 1011 85 41 the
872 1008 286 49 University
1191 1009 52 41 of
1271 1007 276 43 Wisconsin
1578 1009 51 41 in
1659 1009 118 42 1926
1808 1009 50 40 in
1892 1010 181 49 partial
2106 1010 282 43 fulfillment

374 1070 53 40 of
469 1069 85 42 the
595 1069 352 49 requirements
992 1068 81 41 for
1117 1067 85 42 the
1245 1068 173 48 degree
1463 1067 52 42 of
1560 1069 168 40 doctor
1774 1068 52 41 of
1870 1068 301 49 philosophy.
2250 1069 140 42 Since

375 1125 112 42 that
514 1125 119 41 time
658 1125 84 41 the
768 1124 208 49 original
1007 1124 135 42 work
1170 1124 90 41 has
1288 1124 119 40 been
1438 1124 296 49 thoroughly
1764 1125 191 41 revised
1984 1126 96 40 and
2110 1126 278 49 materially

373 1182 482 43 extended.”—Pref.

448 1239 401 50 “Chronological
874 1240 114 41 lists
1014 1239 52 42 of
1092 1239 334 41 references”:
1455 1251 43 38 p.
1526 1239 221 42 135-309.

447 1298 239 42 “General
713 1296 400 51 bibliography”:
1143 1308 43 38 p.
1214 1297 221 42 335-337.

371 1369 53 53 ©
451 1373 129 47 Sept.
607 1373 69 47 17,
701 1371 140 48 1935;
868 1371 68 41 2c.
964 1372 100 39 and
1085 1370 82 41 aff.
1196 1371 110 39 Jan.
1333 1372 42 45 4,
1400 1370 143 48 1930;
1573 1371 42 39 A
1640 1370 172 48 90148;
1844 1371 257 50 Chapman
2126 1372 35 41 &
2190 1373 201 40 Grimes.

454 1429 253 50 (36-1024)

373 1533 279 67 Helfritz,
683 1534 187 65 Hans,
903 1535 174 52 1902-

511 1610 1877 71 … Land without shade; translated from the German by
377 1688 1911 71 Kenneth Kirkness. New York, National travel club [ c 1936]
447 1764 104 41 xvii
575 1774 59 39 p.,
660 1764 26 43 1
748 1795 9 16 l.,
782 1762 176 42 21-286
985 1774 44 38 p.
1083 1764 173 48 plates,
1282 1772 127 39 map.
1463 1762 57 40 22½
1553 1765 44 22 cm
1602 1796 9 9 .

449 1822 164 41 “First
641 1821 228 42 edition.”

450 1879 69 40 “A
549 1879 211 41 German
789 1876 185 43 edition
1003 1877 52 43 of
1082 1877 99 41 this
1208 1877 124 41 book
1360 1878 91 41 has
1480 1879 119 40 been
1628 1878 257 49 published
1913 1880 49 40 in
1992 1879 198 49 Leipzig
2218 1881 49 39 in
2296 1882 95 40 two

378 1938 216 39 volumes
622 1937 153 40 under
806 1937 83 40 the
917 1936 136 40 titles
1081 1934 211 49 Chicago
1321 1936 86 40 der
1434 1935 157 42 wüste
1617 1937 97 39 und
1746 1937 137 40 Land
1913 1938 124 40 ohne
2066 1939 220 39 schotten
2294 1958 11 30 [
2315 1935 75 52 !].”

378 2006 52 53 ©
467 2011 112 39 Dec.
615 2009 70 48 27,
721 2009 140 46 1935;
900 2009 67 39 2c.
1005 2009 110 39 Jan.
1152 2010 39 45 7,
1230 2008 141 46 1936;
1411 2008 82 40 aff.
1532 2009 109 38 Jan.
1680 2008 53 48 6;
1773 2009 41 39 A
1850 2009 172 48 91046;
2064 2011 60 40 H.
2163 2009 231 50 Helfritz,

443 2067 447 47 Berlin-Halensee,
934 2066 259 48 Germany.
1274 2064 223 49 (36-691)

375 2170 302 66 Heyliger,
709 2169 277 65 William,
1020 2174 173 50 1884-

374 2245 1995 151 The big leaguer, by William Heyliger. Chicago, The Goldsmith publishing company [ c 1936]
445 2403 28 39 4
498 2413 44 37 p.
605 2433 9 18 l.,
641 2399 174 42 15-250
842 2410 44 38 p.
947 2399 146 42 19½cm.

380 2471 53 53 ©
470 2476 109 38 Jan.
618 2473 40 47 2,
697 2472 140 48 1936;
877 2472 67 41 2c.
984 2473 96 40 and
1119 2472 81 40 aff.
1240 2472 112 40 Jan.
1389 2473 54 41 4:
1484 2473 42 39 A
1563 2471 172 48 90151;
1778 2472 276 41 Goldsmith
2093 2475 109 47 pub.
2241 2483 68 31 co.

461 2531 223 49 (36-407)

378 2635 240 66 Hiscox,
645 2636 207 64 Henry
879 2635 176 65 Orne,
1087 2638 172 50 1849-

444 2711 1887 71 In the beginning God stands forth, by Henry Orne Hiscox …
376 2792 141 53 New
546 2789 165 55 York
763 2794 121 64 [etc.]
921 2790 269 70 Fleming
1220 2789 78 54 H.
1333 2790 200 54 Revell
1564 2808 283 50 company
1885 2822 14 35 [
1903 2796 19 22 c
1927 2792 135 51 1935
2067 2823 13 35 ]

448 2864 85 42 201
560 2875 43 39 p.
668 2864 56 40 19½
756 2866 16 22 cm
805 2896 8 8 .

450 2922 377 48 Bibliography:
858 2931 43 38 p.
929 2920 160 43 18-20.

382 2979 2012 53 © Dec. 21, 1935; 2c. and aff. Jan. 8, 1936; A 91063; Fleming H. Revell
454 3051 65 30 co.
587 3038 221 49 (36-728)

382 3141 316 65 Holbrook,
728 3142 220 65 Evans,
979 3141 330 67 1875-1932,
1339 3142 84 54 ed.

451 3219 172 56 Cases
675 3236 71 34 on
798 3218 100 54 the
948 3219 111 54 law
1108 3217 65 55 of
1223 3218 394 69 bankruptcy;
1673 3218 303 69 including
2023 3218 96 54 the
2171 3219 108 51 law
2331 3217 66 54 of

384 3297 336 55 fraudulent
766 3314 382 50 conveyances
1192 3297 77 68 by
1316 3297 196 56 Evans
1555 3297 306 54 Holbrook
1905 3297 114 54 and
2064 3297 194 68 Ralph
2304 3298 90 54 W.

384 3374 2011 71 Algier … 3d ed., by Thomas Clifford Billig … Chicago,
381 3455 324 68 Callaghan
734 3455 113 52 and
877 3471 299 52 company,
1207 3458 151 50 1936.

453 3529 29 40 2
510 3540 42 37 p.
623 3560 9 17 l.,
666 3526 223 49 iii-xviii,
925 3528 88 41 796
1043 3540 43 37 p.
1147 3528 147 41 26½cm.
1360 3528 247 50 [National
1642 3540 112 29 case
1785 3529 124 41 book
1943 3527 165 49 series]

386 3582 53 54 ©
470 3587 109 39 Jan.
611 3586 39 49 8,
682 3584 139 49 1936;
856 3585 65 40 2c.
954 3587 98 38 and
1082 3585 82 41 aff.
1198 3587 109 39 Jan.
1340 3586 81 42 10:
1456 3587 40 38 A
1527 3585 171 43 90273;
1734 3587 270 47 Callaghan
2037 3585 36 40 &
2105 3595 66 30 co.

465 3642 223 50 (36-842)

385 3746 485 65 Hollingsworth,
901 3746 169 54 Jesse
1102 3746 248 66 Gentry.

456 3821 246 69 History
743 3822 65 55 of
852 3823 185 68 Surry
1079 3829 227 64 county,
1351 3843 82 47 or,
1475 3826 225 54 Annals
1744 3824 64 53 of
1850 3824 313 53 northwest
2205 3823 188 53 North

387 3900 290 69 Carolina,
700 3901 75 68 by
801 3903 55 53 J.
883 3902 68 55 G.
977 3902 480 70 Hollingsworth.
1530 3904 392 67 [Greensboro,
1947 3903 68 51 N.
2045 3902 80 54 C..
2152 3901 241 54 Printed

384 3982 75 67 by
489 3982 90 53 W.
613 3981 77 53 H.
724 3980 204 54 Fisher
959 4000 98 48 co.,
1087 3990 19 21 c
1112 3986 152 64 1935]

455 4055 27 38 4
507 4065 43 38 p.
612 4086 8 16 l.,
645 4053 88 42 280
754 4065 42 38 p.
823 4054 110 43 incl.
958 4054 167 50 front.,
1150 4056 145 47 illus.,
1322 4065 126 40 map,
1475 4055 181 50 diagrs.
1710 4055 54 39 21
1769 4057 44 22 cm
1819 4087 7 8 .
