2519 4377
1081 4066 66 54 87

116 522 134 40 back.
266 544 60 5 —
341 522 100 40 The
488 520 291 48 imposition.
798 542 59 4 —
874 519 73 41 On
994 521 81 40 the
1120 519 121 49 pig’s
1288 520 135 40 back.
1440 542 59 4 —
1519 518 89 42 Sea
1655 518 90 41 air.
1762 541 60 5 —
1839 519 270 49 Paddy-the

115 577 384 42 cave.—Market
544 574 654 51 day.—Storm.—Conquest
1241 577 168 40 makes
1453 587 28 29 a
1526 575 461 47 meal.—Quartette
2031 577 78 41 for

113 637 95 40 two
233 636 172 41 voices.

111 702 1998 52 © 1c. Jan. 23, 1936: A ad int. 21049; pubd. Nov. 25, 1935; L. A. G. Strong,
179 763 211 40 London.
457 761 251 49 (36-4309)

113 867 225 62 Stuart,
369 865 262 54 Francis.

246 940 1858 70 … The angel of pity. London, Grayson & Grayson [1935]
184 1017 28 38 4
236 1027 43 37 p.
339 1046 8 17 l.,
376 1015 218 49 [11]-284,
625 1015 57 49 [1]
710 1025 41 37 p.
812 1015 55 39 20
871 1017 42 21 cm
919 1045 8 9 .

111 1082 1999 53 © 1c. Jan. 9, 1936; A ad int. 21006; pubd. Nov. 12, 1935; F. Stuart,
182 1143 346 47 Glendalough,
560 1141 191 48 County
779 1141 246 46 Wicklow,
1058 1141 210 39 Ireland.
1339 1140 250 49 (36-4843)

113 1243 190 66 Swan,
329 1245 220 62 Joseph
575 1243 310 64 Rockwell,
915 1246 324 50 1802-1884.

182 1318 217 56 Swan’s
433 1319 230 53 treatise
696 1338 72 34 on
803 1320 93 51 the
928 1319 138 52 laws
1099 1317 64 53 of
1198 1317 168 68 Ohio,
1402 1316 331 70 pertaining
1766 1323 60 48 to
1861 1316 251 69 practice

111 1397 113 53 and
247 1397 311 68 procedure
585 1396 196 54 before
807 1396 231 69 justices
1066 1395 65 53 of
1154 1397 94 52 the
1277 1413 196 51 peace;
1504 1396 117 53 also
1651 1415 31 34 a
1711 1397 401 67 compendium

112 1474 64 53 of
205 1476 95 52 the
331 1475 400 53 fundamental
763 1474 310 69 principles
1104 1474 64 53 of
1200 1473 152 56 Ohio
1382 1475 110 52 law
1526 1475 113 53 and
1673 1475 265 69 practice,
1970 1474 141 54 with

114 1553 179 53 forms
324 1554 112 52 and
466 1553 244 54 outlines
739 1552 64 53 of
831 1553 326 69 procedure.
1226 1553 120 52 The
1379 1552 338 55 Centennial
1752 1554 103 69 ed.,
1888 1572 115 36 rev.
2036 1553 75 70 by

112 1632 1974 148 Frank C. Leyshon … Cincinnati, The W. H. Anderson company [ c 1936]
183 1784 26 38 2
233 1795 44 38 p.
338 1817 7 16 l.,
368 1783 248 40 vii-xcviii
639 1794 59 38 p.,
723 1785 24 39 1
810 1821 7 13 l.,
840 1784 100 48 962,
967 1783 84 41 962
1055 1779 18 27 1
1072 1783 117 40 -962
1193 1778 37 28 18
1233 1814 8 17 ,
1269 1782 233 43 963-1010
1525 1795 42 37 p.
1628 1783 56 41 25
1688 1787 43 20 cm
1736 1817 7 7 .

112 1853 53 52 ©
196 1858 110 39 Feb.
336 1858 41 46 4,
407 1857 140 47 1936;
580 1856 68 41 2c.
680 1858 96 39 and
807 1857 82 41 aff.
921 1857 110 39 Feb.
1064 1857 52 46 6;
1149 1857 42 39 A
1221 1856 171 49 90677;
1424 1859 71 39 W.
1528 1859 60 38 H.
1620 1859 253 40 Anderson
1905 1871 68 28 co.

192 1914 249 49 (36-3669)

114 2016 290 66 Terhune,
434 2017 209 54 Albert
673 2017 254 63 Payson,
959 2018 172 54 1872-

185 2092 151 55 True
377 2094 113 69 dog
527 2093 219 66 stories,
783 2092 76 68 by
898 2091 207 54 Albert
1140 2093 228 68 Payson
1408 2093 293 67 Terhune;
1743 2092 258 71 etchings
2041 2094 73 69 by

116 2168 183 54 Diana
336 2172 243 52 Thorne.
646 2170 221 69 Akron,
898 2170 87 69 O.,
1015 2171 139 53 New
1188 2170 179 68 York,
1398 2171 122 53 The
1554 2170 271 56 Saalfield
116 2173 1974 146 publishing
248 2268 296 51 company,
577 2257 19 21 c
601 2252 151 51 1936.

185 2324 26 39 1
237 2335 43 38 p.
341 2355 8 14 l.,
378 2323 127 48 7-60,
538 2325 55 49 [1]
622 2335 44 38 p.
721 2323 128 42 illus.
905 2323 55 41 19
964 2326 43 21 cm
1011 2355 9 9 .

113 2378 54 53 ©
201 2383 108 39 Jan.
348 2382 68 41 28.
452 2382 140 47 1936;
631 2382 68 41 2c.
738 2383 111 40 Feb.
887 2383 52 45 6;
978 2382 81 40 aff.
1099 2382 111 41 Feb.
1247 2382 53 46 5;
1340 2383 40 39 A
1417 2381 171 48 91639;
1632 2382 229 41 Saalfield
1899 2385 110 47 pub.
2047 2397 66 28 co.

192 2438 251 49 (36-3950)

117 2542 127 52 Van
273 2542 151 64 Noy,
453 2542 278 64 Kathryn
738 2559 47 38 e.

183 2616 121 53 The
350 2616 188 69 magic
582 2635 172 50 sugar
799 2616 177 68 bowl;
1024 2616 99 53 the
1168 2620 158 65 story
1374 2615 65 54 of
1485 2616 98 53 the
1628 2635 174 51 sugar
1848 2617 142 63 beet,
2040 2617 70 69 by

115 2693 1997 70 Kathryne Van Noy; pictures by Wilfred Jones … New
116 2770 178 69 York,
322 2774 64 51 T.
413 2773 210 52 Nelson
650 2772 46 49 &
722 2791 145 48 sons,
895 2775 150 50 1936.

186 2845 62 47 vi,
277 2847 115 39 7-72
419 2856 45 37 p.
490 2846 109 41 incl.
629 2847 163 42 front.,
821 2846 127 40 illus.
1009 2845 56 40 19½
1098 2848 15 20 cm
1146 2877 9 8 .
1226 2843 125 50 (Our
1379 2845 240 50 changing
1648 2846 177 49 world)

188 2904 287 40 Illustrated
503 2904 361 47 lining-papers.

115 2959 52 53 ©
201 2964 110 39 Feb.
344 2964 39 41 3.
419 2962 139 47 1936;
595 2963 67 40 2c.
697 2964 96 39 and
827 2963 82 40 aff.
946 2964 110 39 Feb.
1089 2964 53 45 4;
1179 2964 40 38 A
1253 2963 170 47 90669;
1461 2965 214 39 Thomas
1706 2966 180 40 Nelson
1918 2968 37 39 &
1990 2978 125 29 sons.

190 3020 250 48 (36-3997)

119 3121 127 53 Van
274 3121 303 64 Sinderen,
605 3121 246 63 Adrian,
883 3124 169 53 1887-

189 3198 228 67 Canter,
450 3198 217 69 please!
736 3198 265 53 Random
1030 3200 295 52 memories
1355 3198 64 54 of
1451 3199 336 56 Glenholme
1818 3200 154 54 farm
2004 3202 108 53 and

120 3276 63 52 of
213 3295 103 35 our
349 3277 317 68 playmates
700 3276 111 53 and
845 3276 408 69 playgrounds,
1286 3277 76 68 by
1393 3276 228 54 Adrian
1653 3279 129 52 Van
1819 3278 295 56 Sinderen.

126 3354 156 67 [New
309 3354 179 66 York]
524 3353 157 54 Priv.
713 3353 175 69 print.
938 3354 91 53 [W.
1060 3354 68 52 E.
1156 3354 222 69 Rudge,
1408 3356 126 66 inc.]
1572 3359 151 50 1935.

189 3428 26 41 5
241 3439 44 38 p.
346 3459 8 16 l.,
383 3427 141 40 13-93
552 3439 43 37 p.
623 3427 110 40 incl.
759 3428 150 40 front.
938 3428 49 45 (6
1014 3428 147 48 port.)
1190 3428 128 40 illus.
1378 3430 55 40 23½
1466 3432 44 21 cm
1515 3461 9 9 .

190 3484 69 39 “A
285 3484 128 41 shelf
440 3485 51 40 of
515 3485 205 40 books”:
748 3496 44 37 p.
819 3484 158 41 56-58.

118 3540 52 53 ©
201 3546 111 38 Dec.
346 3545 67 45 19,
444 3542 140 47 1935;
619 3545 66 39 2c.
721 3545 95 39 and
849 3542 81 43 aff.
963 3543 110 41 Jan.
1106 3545 41 46 3,
1180 3542 141 50 1936;
1357 3546 43 38 A
1430 3543 170 50 88976;
1636 3547 54 40 A.
1725 3547 107 40 Van
1866 3547 249 50 Sinderen,

187 3602 257 46 Brooklyn.
512 3600 250 48 (36-3797)

123 3703 270 63 Vaughn,
422 3705 138 51 Mrs.
590 3701 209 54 Adelia
830 3703 210 64 (Witt)
1078 3706 324 51 1866-1935.

194 3778 253 55 Selected
477 3797 192 48 poems
720 3778 91 68 [by]
844 3777 208 53 Adelia
1080 3778 268 69 Vaughn.
1413 3779 296 70 Berkeley,
1739 3781 194 70 Calif.,
1965 3787 150 51 1935.

195 3855 84 47 [57]
311 3864 44 36 p.
412 3852 84 40 224
500 3855 15 20 cm
547 3883 8 8 .

119 3905 52 52 ©
202 3911 109 38 Dec.
344 3909 69 47 22,
446 3909 139 39 1935:
618 3909 68 39 2c.
720 3909 95 38 and
848 3907 81 41 aff.
963 3908 110 40 Jan.
1104 3908 70 48 21,
1206 3907 142 49 1936;
1384 3910 40 39 A
1457 3910 170 49 90410;
1661 3912 204 42 Clifford
1899 3913 217 43 William

192 3967 218 48 Vaughn,
438 3966 248 46 Berkeley,
715 3964 143 41 Calif.
925 3963 250 49 (36-3830)
