<alto xmlns="http://www.loc.gov/standards/alto/ns-v3#" xmlns:xlink="http://www.w3.org/1999/xlink" xmlns:xsi="http://www.w3.org/2001/XMLSchema-instance" xsi:schemaLocation="http://www.loc.gov/standards/alto/ns-v3# http://www.loc.gov/alto/v3/alto-3-0.xsd"><Description>
<MeasurementUnit>pixel</MeasurementUnit>
<sourceImageInformation>
<fileName>1936_v33_Part1.pdf</fileName>
</sourceImageInformation>
<OCRProcessing ID="IdOcr">
<ocrProcessingStep>
<processingDateTime>2019-01-18</processingDateTime>
<processingSoftware>
<softwareCreator>ABBYY</softwareCreator>
<softwareName>ABBYY Recognition Server</softwareName>
<softwareVersion>4.0</softwareVersion>
</processingSoftware>
</ocrProcessingStep>
</OCRProcessing>
</Description>
<Styles>
<ParagraphStyle ID="StyleId-FFFFFFFF-FFFF-FFFF-FFFF-FFFFFFFFFFFF-" ALIGN="Left" LEFT="0." RIGHT="0." FIRSTLINE="0."/>
<ParagraphStyle ID="StyleId-51D50FAC-7A90-4D70-8A96-5EA9D46D1C8B-" ALIGN="Left" LEFT="0." RIGHT="0." FIRSTLINE="0." LINESPACE="7.699999809"/>
<ParagraphStyle ID="StyleId-6BC133E9-7DCB-43C3-8842-A67984A26405-" ALIGN="Block" LEFT="0." RIGHT="0." FIRSTLINE="-17." LINESPACE="8.340000153"/>
<ParagraphStyle ID="StyleId-3C3FF860-43E7-46A2-8934-48F305F6F0D6-" ALIGN="Left" LEFT="0." RIGHT="0." FIRSTLINE="-13." LINESPACE="11.06999969"/>
<ParagraphStyle ID="StyleId-19220C76-4F8A-4737-B38C-B5F5C17E6040-" ALIGN="Block" LEFT="0." RIGHT="0." FIRSTLINE="-13." LINESPACE="11.06999969"/>
<ParagraphStyle ID="StyleId-75A0D721-13ED-4F20-9002-B389EC48477D-" ALIGN="Left" LEFT="0." RIGHT="0." FIRSTLINE="0." LINESPACE="15.5"/>
<ParagraphStyle ID="StyleId-8A414184-C7A5-4AC7-9B88-7DA4DDE75922-" ALIGN="Left" LEFT="0." RIGHT="0." FIRSTLINE="0." LINESPACE="9.399999619"/>
<ParagraphStyle ID="StyleId-1A87970B-111C-4169-99A6-9412976F3C97-" ALIGN="Left" LEFT="0." RIGHT="0." FIRSTLINE="0." LINESPACE="10.5"/>
<ParagraphStyle ID="StyleId-72DB0571-5AE4-41FD-9E11-68C6AC4C437E-" ALIGN="Block" LEFT="0." RIGHT="0." FIRSTLINE="-17." LINESPACE="8.340000153"/>
<ParagraphStyle ID="StyleId-1AA43056-C388-4697-B10F-72FDAA38FAE1-" ALIGN="Center" LEFT="0." RIGHT="0." FIRSTLINE="0." LINESPACE="10.5"/>
</Styles>
<Layout>
<Page ID="Page1389" PHYSICAL_IMG_NR="1389" HEIGHT="4377" WIDTH="2519">
<TopMargin HEIGHT="417" WIDTH="2519" VPOS="0" HPOS="0">
</TopMargin>
<LeftMargin HEIGHT="3744" WIDTH="35" VPOS="417" HPOS="0">
</LeftMargin>
<RightMargin HEIGHT="3744" WIDTH="428" VPOS="417" HPOS="2091">
</RightMargin>
<BottomMargin HEIGHT="216" WIDTH="2519" VPOS="4161" HPOS="0">
</BottomMargin>
<PrintSpace HEIGHT="3744" WIDTH="2056" VPOS="417" HPOS="35">
<TextBlock ID="Page1389_Block1" HEIGHT="70" WIDTH="152" VPOS="4091" HPOS="987" LANG="en-US" STYLEREFS="StyleId-C4B33842-73D7-4077-AB51-0462364FAF85-">
<Shape>
<Polygon POINTS="987,4091 1139,4091 1139,4161 988,4161 988,4160 987,4160 987,4091"/>
</Shape>
<TextLine HEIGHT="49" WIDTH="133" VPOS="4101" HPOS="996">
<String CONTENT="1389" HEIGHT="49" WIDTH="133" VPOS="4101" HPOS="996"/>
</TextLine>
</TextBlock>
<TextBlock ID="Page1389_Block2" HEIGHT="3682" WIDTH="2056" VPOS="417" HPOS="35" LANG="en-US" CS="1" STYLEREFS="StyleId-489C1239-86A1-4C5E-B379-C8C6525789FA-">
<Shape>
<Polygon POINTS="49,417 177,417 177,418 448,418 448,419 719,419 719,420 990,420 990,421 1261,421 1261,422 1531,422 1531,423 1802,423 1802,424 2073,424 2073,425 2091,425 2091,429 2090,429 2090,700 2089,700 2089,971 2088,971 2088,1242 2087,1242 2087,1513 2086,1513 2086,1783 2085,1783 2085,2054 2084,2054 2084,2325 2083,2325 2083,2596 2082,2596 2082,2867 2081,2867 2081,3137 2080,3137 2080,3408 2079,3408 2079,3679 2078,3679 2078,3950 2077,3950 2077,4098 2076,4098 2076,4099 2071,4099 2071,4098 1800,4098 1800,4097 1529,4097 1529,4096 1258,4096 1258,4095 988,4095 988,4094 717,4094 717,4093 446,4093 446,4092 175,4092 175,4091 35,4091 35,3948 36,3948 36,3677 37,3677 37,3406 38,3406 38,3135 39,3135 39,2864 40,2864 40,2594 41,2594 41,2323 42,2323 42,2052 43,2052 43,1781 44,1781 44,1510 45,1510 45,1240 46,1240 46,969 47,969 47,698 48,698 48,427 49,427 49,417"/>
</Shape>
<TextLine HEIGHT="63" WIDTH="1922" VPOS="493" HPOS="127">
<String CONTENT="xxvi," HEIGHT="49" WIDTH="130" VPOS="501" HPOS="127"/>
<SP HEIGHT="49" WIDTH="32" VPOS="501" HPOS="258"/>
<String CONTENT="606" HEIGHT="40" WIDTH="85" VPOS="501" HPOS="291"/>
<SP HEIGHT="49" WIDTH="29" VPOS="501" HPOS="377"/>
<String CONTENT="p." HEIGHT="38" WIDTH="43" VPOS="512" HPOS="407"/>
<SP HEIGHT="42" WIDTH="59" VPOS="500" HPOS="451"/>
<String CONTENT="25" HEIGHT="40" WIDTH="55" VPOS="501" HPOS="511"/>
<String STYLE="superscript" CONTENT="cm" HEIGHT="21" WIDTH="42" VPOS="503" HPOS="571"/>
<String CONTENT="." HEIGHT="8" WIDTH="8" VPOS="532" HPOS="618"/>
<SP HEIGHT="48" WIDTH="73" VPOS="501" HPOS="627"/>
<String CONTENT="(Half-title:" HEIGHT="52" WIDTH="298" VPOS="499" HPOS="701"/>
<SP HEIGHT="41" WIDTH="30" VPOS="501" HPOS="1000"/>
<String CONTENT="The" HEIGHT="41" WIDTH="100" VPOS="501" HPOS="1031"/>
<SP HEIGHT="42" WIDTH="33" VPOS="500" HPOS="1132"/>
<String CONTENT="Modern" HEIGHT="43" WIDTH="199" VPOS="500" HPOS="1166"/>
<SP HEIGHT="40" WIDTH="32" VPOS="500" HPOS="1366"/>
<String CONTENT="language" HEIGHT="50" WIDTH="238" VPOS="500" HPOS="1399"/>
<SP HEIGHT="30" WIDTH="32" VPOS="511" HPOS="1638"/>
<String CONTENT="association" HEIGHT="43" WIDTH="292" VPOS="499" HPOS="1671"/>
<SP HEIGHT="28" WIDTH="35" VPOS="512" HPOS="1964"/>
<String CONTENT="of" HEIGHT="39" WIDTH="49" VPOS="501" HPOS="2000"/>
</TextLine>
<TextLine HEIGHT="50" WIDTH="696" VPOS="555" HPOS="59">
<String CONTENT="America." HEIGHT="43" WIDTH="233" VPOS="557" HPOS="59"/>
<SP HEIGHT="41" WIDTH="59" VPOS="557" HPOS="293"/>
<String CONTENT="General" HEIGHT="43" WIDTH="205" VPOS="557" HPOS="353"/>
<SP HEIGHT="39" WIDTH="21" VPOS="558" HPOS="559"/>
<String CONTENT="series)" HEIGHT="48" WIDTH="174" VPOS="557" HPOS="581"/>
</TextLine>
<TextLine HEIGHT="53" WIDTH="992" VPOS="610" HPOS="129">
<String LANG="de" CONTENT="&#8220;Schriftenverzeichnis&#8221;" HEIGHT="47" WIDTH="606" VPOS="610" HPOS="129"/>
<SP HEIGHT="41" WIDTH="17" VPOS="613" HPOS="736"/>
<String LANG="en-US" CONTENT=":" HEIGHT="30" WIDTH="9" VPOS="624" HPOS="754"/>
<SP HEIGHT="38" WIDTH="33" VPOS="624" HPOS="764"/>
<String LANG="en-US" CONTENT="p." HEIGHT="38" WIDTH="42" VPOS="624" HPOS="798"/>
<SP HEIGHT="31" WIDTH="19" VPOS="623" HPOS="841"/>
<String LANG="en-US" CONTENT="xxiv-xxv." HEIGHT="42" WIDTH="260" VPOS="613" HPOS="861"/>
</TextLine>
<TextLine HEIGHT="53" WIDTH="753" VPOS="667" HPOS="129">
<String LANG="de" CONTENT="&#8220;W&#246;rterbuch&#8221;" HEIGHT="45" WIDTH="374" VPOS="668" HPOS="129"/>
<SP HEIGHT="41" WIDTH="18" VPOS="670" HPOS="503"/>
<String LANG="en-US" CONTENT=":" HEIGHT="30" WIDTH="11" VPOS="681" HPOS="521"/>
<SP HEIGHT="38" WIDTH="32" VPOS="681" HPOS="532"/>
<String LANG="en-US" CONTENT="p." HEIGHT="37" WIDTH="44" VPOS="682" HPOS="564"/>
<SP HEIGHT="29" WIDTH="24" VPOS="690" HPOS="608"/>
<String LANG="en-US" CONTENT="[319]-586." HEIGHT="51" WIDTH="250" VPOS="669" HPOS="632"/>
</TextLine>
<TextLine HEIGHT="61" WIDTH="1994" VPOS="721" HPOS="57">
<String CONTENT="&#169;" HEIGHT="52" WIDTH="53" VPOS="723" HPOS="57"/>
<SP HEIGHT="52" WIDTH="25" VPOS="723" HPOS="111"/>
<String CONTENT="Aug." HEIGHT="47" WIDTH="118" VPOS="727" HPOS="137"/>
<SP HEIGHT="39" WIDTH="28" VPOS="729" HPOS="256"/>
<String CONTENT="15," HEIGHT="46" WIDTH="67" VPOS="729" HPOS="285"/>
<SP HEIGHT="46" WIDTH="30" VPOS="729" HPOS="353"/>
<String CONTENT="1936;" HEIGHT="44" WIDTH="140" VPOS="726" HPOS="384"/>
<SP HEIGHT="42" WIDTH="30" VPOS="728" HPOS="525"/>
<String CONTENT="2c." HEIGHT="39" WIDTH="67" VPOS="728" HPOS="556"/>
<SP HEIGHT="38" WIDTH="29" VPOS="729" HPOS="624"/>
<String CONTENT="Aug." HEIGHT="45" WIDTH="119" VPOS="729" HPOS="654"/>
<SP HEIGHT="39" WIDTH="28" VPOS="728" HPOS="774"/>
<String CONTENT="14;" HEIGHT="45" WIDTH="81" VPOS="728" HPOS="803"/>
<SP HEIGHT="36" WIDTH="32" VPOS="737" HPOS="885"/>
<String CONTENT="aff." HEIGHT="42" WIDTH="81" VPOS="727" HPOS="918"/>
<SP HEIGHT="42" WIDTH="32" VPOS="727" HPOS="1000"/>
<String CONTENT="Sept." HEIGHT="47" WIDTH="127" VPOS="727" HPOS="1033"/>
<SP HEIGHT="39" WIDTH="29" VPOS="728" HPOS="1161"/>
<String CONTENT="19;" HEIGHT="48" WIDTH="82" VPOS="726" HPOS="1191"/>
<SP HEIGHT="46" WIDTH="32" VPOS="728" HPOS="1274"/>
<!-- cceid A4DFC358-6E3A-1014-83DD-942C093A1DD9 --><String CONTENT="A" HEIGHT="38" WIDTH="38" VPOS="728" HPOS="1307"/>
<SP HEIGHT="40" WIDTH="27" VPOS="726" HPOS="1346"/>
<String CONTENT="98502;" HEIGHT="48" WIDTH="172" VPOS="726" HPOS="1374"/>
<SP HEIGHT="46" WIDTH="31" VPOS="728" HPOS="1547"/>
<String CONTENT="Modern" HEIGHT="39" WIDTH="200" VPOS="727" HPOS="1579"/>
<SP HEIGHT="39" WIDTH="33" VPOS="727" HPOS="1780"/>
<String CONTENT="language" HEIGHT="47" WIDTH="237" VPOS="728" HPOS="1814"/>
</TextLine>
<TextLine HEIGHT="52" WIDTH="805" VPOS="780" HPOS="128" CS="1">
<String CS="1" CONTENT="assn." HEIGHT="31" WIDTH="112" VPOS="793" HPOS="128"/>
<SP HEIGHT="30" WIDTH="25" VPOS="795" HPOS="255"/>
<String CONTENT="of" HEIGHT="39" WIDTH="51" VPOS="784" HPOS="281"/>
<SP HEIGHT="39" WIDTH="20" VPOS="784" HPOS="333"/>
<String CONTENT="America." HEIGHT="41" WIDTH="235" VPOS="783" HPOS="354"/>
<SP HEIGHT="47" WIDTH="63" VPOS="784" HPOS="590"/>
<String CONTENT="(36-21179)" HEIGHT="50" WIDTH="279" VPOS="782" HPOS="654"/>
</TextLine>
<TextLine HEIGHT="68" WIDTH="707" VPOS="884" HPOS="61" STYLEREFS="StyleId-AD9FC681-618B-415A-B2F1-ADA3AAE714C8-">
<String CONTENT="Russell," HEIGHT="65" WIDTH="246" VPOS="885" HPOS="61"/>
<SP HEIGHT="63" WIDTH="28" VPOS="887" HPOS="308"/>
<String CONTENT="Daniel," HEIGHT="64" WIDTH="226" VPOS="885" HPOS="337"/>
<SP HEIGHT="57" WIDTH="32" VPOS="892" HPOS="564"/>
<String CONTENT="1873-" HEIGHT="55" WIDTH="171" VPOS="887" HPOS="597"/>
</TextLine>
<TextLine HEIGHT="76" WIDTH="1920" VPOS="955" HPOS="133" STYLEREFS="StyleId-0F7564F8-54B0-496D-A769-500B4B9CB184-">
<String CONTENT="O" HEIGHT="56" WIDTH="50" VPOS="961" HPOS="133"/>
<SP HEIGHT="55" WIDTH="46" VPOS="962" HPOS="183"/>
<String CONTENT="stedfast" HEIGHT="56" WIDTH="245" VPOS="961" HPOS="229"/>
<SP HEIGHT="56" WIDTH="48" VPOS="961" HPOS="474"/>
<String CONTENT="face!" HEIGHT="55" WIDTH="156" VPOS="961" HPOS="522"/>
<SP HEIGHT="57" WIDTH="97" VPOS="960" HPOS="678"/>
<String CONTENT="Studies" HEIGHT="57" WIDTH="229" VPOS="961" HPOS="775"/>
<SP HEIGHT="37" WIDTH="49" VPOS="981" HPOS="1004"/>
<String CONTENT="of" HEIGHT="54" WIDTH="64" VPOS="961" HPOS="1054"/>
<SP HEIGHT="54" WIDTH="48" VPOS="961" HPOS="1118"/>
<String CONTENT="the" HEIGHT="53" WIDTH="95" VPOS="963" HPOS="1166"/>
<SP HEIGHT="57" WIDTH="52" VPOS="960" HPOS="1261"/>
<String CONTENT="Christ" HEIGHT="56" WIDTH="197" VPOS="961" HPOS="1313"/>
<SP HEIGHT="48" WIDTH="47" VPOS="968" HPOS="1510"/>
<String CONTENT="of" HEIGHT="54" WIDTH="66" VPOS="961" HPOS="1557"/>
<SP HEIGHT="68" WIDTH="48" VPOS="961" HPOS="1623"/>
<String CONTENT="purpose," HEIGHT="50" WIDTH="260" VPOS="981" HPOS="1671"/>
<SP HEIGHT="65" WIDTH="50" VPOS="964" HPOS="1932"/>
<String CONTENT="by" HEIGHT="67" WIDTH="71" VPOS="964" HPOS="1982"/>
</TextLine>
<TextLine HEIGHT="157" WIDTH="1965" VPOS="1035" HPOS="62" STYLEREFS="StyleId-0F7564F8-54B0-496D-A769-500B4B9CB184-" CS="1">
<String CONTENT="Daniel" HEIGHT="57" WIDTH="206" VPOS="1037" HPOS="62"/>
<SP HEIGHT="52" WIDTH="30" VPOS="1040" HPOS="269"/>
<String CONTENT="Russell" HEIGHT="54" WIDTH="222" VPOS="1040" HPOS="300"/>
<SP HEIGHT="50" WIDTH="41" VPOS="1042" HPOS="523"/>
<String CS="1" CONTENT="&#8230;"/>
<SP HEIGHT="52" WIDTH="79" VPOS="1040" HPOS="621"/>
<String CONTENT="New" HEIGHT="53" WIDTH="137" VPOS="1040" HPOS="701"/>
<SP HEIGHT="53" WIDTH="36" VPOS="1039" HPOS="839"/>
<String CONTENT="York" HEIGHT="54" WIDTH="161" VPOS="1039" HPOS="876"/>
<SP HEIGHT="66" WIDTH="40" VPOS="1041" HPOS="1038"/>
<String STYLE="subscript" CONTENT="[" HEIGHT="33" WIDTH="12" VPOS="1074" HPOS="1079"/>
<String CONTENT="etc." HEIGHT="47" WIDTH="100" VPOS="1046" HPOS="1096"/>
<String STYLE="subscript" CONTENT="3" HEIGHT="34" WIDTH="12" VPOS="1073" HPOS="1203"/>
<SP HEIGHT="67" WIDTH="41" VPOS="1040" HPOS="1216"/>
<String CONTENT="Fleming" HEIGHT="68" WIDTH="264" VPOS="1040" HPOS="1258"/>
<SP HEIGHT="69" WIDTH="34" VPOS="1040" HPOS="1523"/>
<String CONTENT="H." HEIGHT="51" WIDTH="76" VPOS="1041" HPOS="1558"/>
<SP HEIGHT="51" WIDTH="38" VPOS="1042" HPOS="1635"/>
<String CONTENT="Revell" HEIGHT="52" WIDTH="196" VPOS="1042" HPOS="1674"/>
<SP HEIGHT="51" WIDTH="36" VPOS="1043" HPOS="1871"/>
<String CONTENT="company" HEIGHT="138" WIDTH="1962" VPOS="1054" HPOS="65"/>
<SP HEIGHT="49" WIDTH="32" VPOS="1136" HPOS="215"/>
<String CS="1" CONTENT="["/>
<String STYLE="superscript" CONTENT="c" HEIGHT="21" WIDTH="19" VPOS="1125" HPOS="264"/>
<String CONTENT="1936]" HEIGHT="64" WIDTH="150" VPOS="1121" HPOS="289"/>
</TextLine>
<TextLine HEIGHT="50" WIDTH="357" VPOS="1190" HPOS="127" CS="1">
<String CONTENT="159" HEIGHT="42" WIDTH="86" VPOS="1190" HPOS="128"/>
<SP HEIGHT="48" WIDTH="24" VPOS="1191" HPOS="214"/>
<String CONTENT="p." HEIGHT="37" WIDTH="42" VPOS="1202" HPOS="238"/>
<SP HEIGHT="39" WIDTH="59" VPOS="1191" HPOS="281"/>
<String CS="1" CONTENT="19&#189;" HEIGHT="39" WIDTH="56" VPOS="1191" HPOS="341"/>
<String STYLE="superscript" CONTENT="cm" HEIGHT="22" WIDTH="43" VPOS="1193" HPOS="429"/>
<String CONTENT="." HEIGHT="8" WIDTH="7" VPOS="1222" HPOS="477"/>
</TextLine>
<TextLine HEIGHT="61" WIDTH="1942" VPOS="1242" HPOS="59">
<String CONTENT="&#169;" HEIGHT="53" WIDTH="53" VPOS="1243" HPOS="59"/>
<SP HEIGHT="53" WIDTH="22" VPOS="1243" HPOS="113"/>
<String CONTENT="Aug." HEIGHT="48" WIDTH="120" VPOS="1247" HPOS="136"/>
<SP HEIGHT="41" WIDTH="24" VPOS="1247" HPOS="257"/>
<String CONTENT="28," HEIGHT="48" WIDTH="68" VPOS="1247" HPOS="282"/>
<SP HEIGHT="47" WIDTH="25" VPOS="1248" HPOS="351"/>
<String CONTENT="1936;" HEIGHT="48" WIDTH="139" VPOS="1246" HPOS="377"/>
<SP HEIGHT="46" WIDTH="26" VPOS="1248" HPOS="517"/>
<String CONTENT="2c." HEIGHT="37" WIDTH="66" VPOS="1248" HPOS="544"/>
<SP HEIGHT="27" WIDTH="24" VPOS="1258" HPOS="611"/>
<String CONTENT="and" HEIGHT="41" WIDTH="96" VPOS="1246" HPOS="636"/>
<SP HEIGHT="38" WIDTH="25" VPOS="1247" HPOS="733"/>
<String CONTENT="aff." HEIGHT="40" WIDTH="82" VPOS="1247" HPOS="759"/>
<SP HEIGHT="39" WIDTH="29" VPOS="1248" HPOS="842"/>
<String CONTENT="Sept." HEIGHT="47" WIDTH="127" VPOS="1248" HPOS="872"/>
<SP HEIGHT="39" WIDTH="26" VPOS="1247" HPOS="1000"/>
<String CONTENT="11;" HEIGHT="41" WIDTH="81" VPOS="1247" HPOS="1027"/>
<SP HEIGHT="40" WIDTH="29" VPOS="1248" HPOS="1109"/>
<!-- cceid A4E00799-6E3A-1014-83DD-942C093A1DD9 --><String CONTENT="A" HEIGHT="38" WIDTH="40" VPOS="1248" HPOS="1139"/>
<SP HEIGHT="39" WIDTH="22" VPOS="1247" HPOS="1180"/>
<String CONTENT="98400;" HEIGHT="48" WIDTH="171" VPOS="1246" HPOS="1203"/>
<SP HEIGHT="46" WIDTH="29" VPOS="1248" HPOS="1375"/>
<String CONTENT="Fleming" HEIGHT="46" WIDTH="219" VPOS="1247" HPOS="1405"/>
<SP HEIGHT="44" WIDTH="25" VPOS="1249" HPOS="1625"/>
<String CONTENT="H." HEIGHT="37" WIDTH="59" VPOS="1249" HPOS="1651"/>
<SP HEIGHT="38" WIDTH="28" VPOS="1249" HPOS="1711"/>
<String CONTENT="Revell" HEIGHT="40" WIDTH="164" VPOS="1248" HPOS="1740"/>
<SP HEIGHT="39" WIDTH="27" VPOS="1249" HPOS="1905"/>
<String CONTENT="co." HEIGHT="30" WIDTH="68" VPOS="1259" HPOS="1933"/>
</TextLine>
<TextLine HEIGHT="50" WIDTH="278" VPOS="1303" HPOS="139">
<String CONTENT="(36-21334)" HEIGHT="50" WIDTH="278" VPOS="1303" HPOS="139"/>
</TextLine>
<TextLine HEIGHT="69" WIDTH="853" VPOS="1403" HPOS="58" STYLEREFS="StyleId-AD9FC681-618B-415A-B2F1-ADA3AAE714C8-">
<String CONTENT="Schevill," HEIGHT="67" WIDTH="270" VPOS="1403" HPOS="58"/>
<SP HEIGHT="64" WIDTH="26" VPOS="1406" HPOS="329"/>
<String CONTENT="Ferdinand," HEIGHT="65" WIDTH="352" VPOS="1404" HPOS="356"/>
<SP HEIGHT="59" WIDTH="33" VPOS="1411" HPOS="709"/>
<String CONTENT="1868-" HEIGHT="50" WIDTH="168" VPOS="1411" HPOS="743"/>
</TextLine>
<TextLine HEIGHT="79" WIDTH="1919" VPOS="1474" HPOS="132" STYLEREFS="StyleId-0F7564F8-54B0-496D-A769-500B4B9CB184-">
<String CONTENT="History" HEIGHT="68" WIDTH="242" VPOS="1479" HPOS="132"/>
<SP HEIGHT="49" WIDTH="31" VPOS="1498" HPOS="374"/>
<String CONTENT="of" HEIGHT="52" WIDTH="63" VPOS="1481" HPOS="405"/>
<SP HEIGHT="50" WIDTH="31" VPOS="1482" HPOS="468"/>
<String CONTENT="Florence" HEIGHT="53" WIDTH="274" VPOS="1481" HPOS="499"/>
<SP HEIGHT="52" WIDTH="30" VPOS="1481" HPOS="773"/>
<String CONTENT="from" HEIGHT="52" WIDTH="152" VPOS="1481" HPOS="803"/>
<SP HEIGHT="49" WIDTH="31" VPOS="1486" HPOS="955"/>
<String CONTENT="the" HEIGHT="56" WIDTH="97" VPOS="1480" HPOS="986"/>
<SP HEIGHT="52" WIDTH="31" VPOS="1481" HPOS="1083"/>
<String CONTENT="founding" HEIGHT="70" WIDTH="289" VPOS="1480" HPOS="1114"/>
<SP HEIGHT="50" WIDTH="28" VPOS="1500" HPOS="1403"/>
<String CONTENT="of" HEIGHT="53" WIDTH="65" VPOS="1481" HPOS="1431"/>
<SP HEIGHT="54" WIDTH="30" VPOS="1481" HPOS="1496"/>
<String CONTENT="the" HEIGHT="55" WIDTH="99" VPOS="1481" HPOS="1526"/>
<SP HEIGHT="34" WIDTH="29" VPOS="1500" HPOS="1625"/>
<String CONTENT="city" HEIGHT="69" WIDTH="113" VPOS="1480" HPOS="1654"/>
<SP HEIGHT="62" WIDTH="32" VPOS="1487" HPOS="1767"/>
<String CONTENT="through" HEIGHT="68" WIDTH="252" VPOS="1482" HPOS="1799"/>
</TextLine>
<TextLine HEIGHT="157" WIDTH="1969" VPOS="1552" HPOS="61" STYLEREFS="StyleId-0F7564F8-54B0-496D-A769-500B4B9CB184-" CS="1">
<String CONTENT="the" HEIGHT="55" WIDTH="94" VPOS="1558" HPOS="61"/>
<SP HEIGHT="39" WIDTH="34" VPOS="1575" HPOS="156"/>
<String CONTENT="renaissance," HEIGHT="69" WIDTH="368" VPOS="1557" HPOS="191"/>
<SP HEIGHT="68" WIDTH="35" VPOS="1558" HPOS="560"/>
<String CONTENT="by" HEIGHT="68" WIDTH="76" VPOS="1558" HPOS="596"/>
<SP HEIGHT="70" WIDTH="37" VPOS="1556" HPOS="673"/>
<String CONTENT="Ferdinand" HEIGHT="55" WIDTH="330" VPOS="1556" HPOS="711"/>
<SP HEIGHT="55" WIDTH="39" VPOS="1557" HPOS="1042"/>
<String CONTENT="Schevill" HEIGHT="56" WIDTH="249" VPOS="1557" HPOS="1082"/>
<SP HEIGHT="52" WIDTH="40" VPOS="1560" HPOS="1332"/>
<String CS="1" CONTENT="&#8230;"/>
<SP HEIGHT="55" WIDTH="77" VPOS="1557" HPOS="1429"/>
<String CONTENT="New" HEIGHT="55" WIDTH="138" VPOS="1557" HPOS="1507"/>
<SP HEIGHT="52" WIDTH="38" VPOS="1560" HPOS="1646"/>
<String CONTENT="York," HEIGHT="68" WIDTH="178" VPOS="1559" HPOS="1685"/>
<SP HEIGHT="67" WIDTH="36" VPOS="1560" HPOS="1864"/>
<String LANG="fr" CONTENT="Harcourt," HEIGHT="156" WIDTH="1967" VPOS="1553" HPOS="63"/>
<SP HEIGHT="67" WIDTH="30" VPOS="1636" HPOS="239"/>
<String CONTENT="Brace" HEIGHT="53" WIDTH="179" VPOS="1636" HPOS="270"/>
<SP HEIGHT="35" WIDTH="31" VPOS="1655" HPOS="450"/>
<String CONTENT="and" HEIGHT="52" WIDTH="112" VPOS="1636" HPOS="482"/>
<SP HEIGHT="53" WIDTH="30" VPOS="1636" HPOS="595"/>
<String CONTENT="company" HEIGHT="52" WIDTH="278" VPOS="1652" HPOS="626"/>
<SP HEIGHT="49" WIDTH="36" VPOS="1655" HPOS="905"/>
<String STYLE="subscript" CONTENT="[" HEIGHT="34" WIDTH="12" VPOS="1670" HPOS="942"/>
<String STYLE="superscript" CONTENT="c" HEIGHT="21" WIDTH="17" VPOS="1644" HPOS="960"/>
<String CONTENT="1936" HEIGHT="51" WIDTH="132" VPOS="1638" HPOS="982"/>
<String STYLE="subscript" CONTENT="]" HEIGHT="34" WIDTH="11" VPOS="1670" HPOS="1121"/>
</TextLine>
<TextLine HEIGHT="111" WIDTH="1971" VPOS="1704" HPOS="64" CS="1">
<String CONTENT="3" HEIGHT="40" WIDTH="26" VPOS="1706" HPOS="132"/>
<SP HEIGHT="48" WIDTH="28" VPOS="1706" HPOS="159"/>
<String LANG="fr" CONTENT="p." HEIGHT="37" WIDTH="42" VPOS="1717" HPOS="188"/>
<SP/>
<String LANG="fr" CS="1" CONTENT="l."/>
<String CONTENT="," HEIGHT="15" WIDTH="8" VPOS="1738" HPOS="293"/>
<SP HEIGHT="47" WIDTH="28" VPOS="1706" HPOS="302"/>
<String CONTENT="iii-xxxiv," HEIGHT="49" WIDTH="250" VPOS="1705" HPOS="331"/>
<SP HEIGHT="47" WIDTH="29" VPOS="1707" HPOS="582"/>
<String CONTENT="536" HEIGHT="40" WIDTH="85" VPOS="1707" HPOS="612"/>
<SP HEIGHT="49" WIDTH="26" VPOS="1707" HPOS="698"/>
<String CONTENT="p." HEIGHT="37" WIDTH="43" VPOS="1719" HPOS="725"/>
<SP HEIGHT="41" WIDTH="26" VPOS="1708" HPOS="769"/>
<String CONTENT="incl." HEIGHT="39" WIDTH="109" VPOS="1708" HPOS="796"/>
<SP HEIGHT="37" WIDTH="28" VPOS="1718" HPOS="906"/>
<String CONTENT="geneal." HEIGHT="49" WIDTH="183" VPOS="1707" HPOS="935"/>
<SP HEIGHT="38" WIDTH="28" VPOS="1711" HPOS="1119"/>
<String CONTENT="tab." HEIGHT="40" WIDTH="96" VPOS="1709" HPOS="1148"/>
<SP HEIGHT="42" WIDTH="59" VPOS="1708" HPOS="1245"/>
<String CONTENT="front.," HEIGHT="49" WIDTH="163" VPOS="1709" HPOS="1305"/>
<SP HEIGHT="38" WIDTH="30" VPOS="1720" HPOS="1469"/>
<String CONTENT="plates," HEIGHT="48" WIDTH="170" VPOS="1711" HPOS="1500"/>
<SP HEIGHT="35" WIDTH="28" VPOS="1722" HPOS="1671"/>
<String CONTENT="maps" HEIGHT="39" WIDTH="136" VPOS="1720" HPOS="1700"/>
<SP HEIGHT="48" WIDTH="26" VPOS="1711" HPOS="1837"/>
<String CONTENT="(1" HEIGHT="48" WIDTH="43" VPOS="1711" HPOS="1864"/>
<SP HEIGHT="39" WIDTH="33" VPOS="1713" HPOS="1908"/>
<String CONTENT="double)" HEIGHT="108" WIDTH="1971" VPOS="1707" HPOS="64"/>
<SP HEIGHT="48" WIDTH="66" VPOS="1761" HPOS="164"/>
<String CS="1" CONTENT="24&#189;" HEIGHT="40" WIDTH="56" VPOS="1762" HPOS="230"/>
<String STYLE="superscript" CONTENT="cm" HEIGHT="21" WIDTH="46" VPOS="1765" HPOS="317"/>
<String CONTENT="." HEIGHT="9" WIDTH="9" VPOS="1794" HPOS="367"/>
</TextLine>
<TextLine HEIGHT="45" WIDTH="415" VPOS="1816" HPOS="135">
<String CONTENT="&#8220;First" HEIGHT="41" WIDTH="161" VPOS="1818" HPOS="135"/>
<SP HEIGHT="38" WIDTH="26" VPOS="1821" HPOS="297"/>
<String CONTENT="edition.&#8221;" HEIGHT="44" WIDTH="226" VPOS="1817" HPOS="324"/>
</TextLine>
<TextLine HEIGHT="60" WIDTH="1994" VPOS="1874" HPOS="63">
<String CONTENT="&#169;" HEIGHT="53" WIDTH="53" VPOS="1874" HPOS="63"/>
<SP HEIGHT="53" WIDTH="32" VPOS="1874" HPOS="117"/>
<String CONTENT="Sept." HEIGHT="48" WIDTH="125" VPOS="1878" HPOS="150"/>
<SP HEIGHT="41" WIDTH="29" VPOS="1878" HPOS="276"/>
<String CONTENT="24," HEIGHT="47" WIDTH="69" VPOS="1878" HPOS="306"/>
<SP HEIGHT="45" WIDTH="31" VPOS="1880" HPOS="376"/>
<String CONTENT="1936;" HEIGHT="49" WIDTH="140" VPOS="1877" HPOS="408"/>
<SP HEIGHT="47" WIDTH="31" VPOS="1879" HPOS="549"/>
<String CONTENT="2c." HEIGHT="40" WIDTH="67" VPOS="1879" HPOS="581"/>
<SP HEIGHT="29" WIDTH="32" VPOS="1890" HPOS="649"/>
<String CONTENT="and" HEIGHT="42" WIDTH="94" VPOS="1878" HPOS="682"/>
<SP HEIGHT="39" WIDTH="33" VPOS="1879" HPOS="777"/>
<String CONTENT="aff." HEIGHT="40" WIDTH="81" VPOS="1879" HPOS="811"/>
<SP HEIGHT="40" WIDTH="32" VPOS="1879" HPOS="893"/>
<String CONTENT="Oct." HEIGHT="41" WIDTH="101" VPOS="1879" HPOS="926"/>
<SP HEIGHT="40" WIDTH="30" VPOS="1880" HPOS="1028"/>
<String CONTENT="2;" HEIGHT="46" WIDTH="53" VPOS="1880" HPOS="1059"/>
<SP HEIGHT="45" WIDTH="33" VPOS="1881" HPOS="1113"/>
<!-- cceid A4E05519-6E3A-1014-83DD-942C093A1DD9 --><String CONTENT="A" HEIGHT="38" WIDTH="41" VPOS="1881" HPOS="1147"/>
<SP HEIGHT="41" WIDTH="29" VPOS="1880" HPOS="1189"/>
<String CONTENT="99120" HEIGHT="43" WIDTH="143" VPOS="1879" HPOS="1219"/>
<String CONTENT=";" HEIGHT="32" WIDTH="8" VPOS="1892" HPOS="1380"/>
<SP HEIGHT="42" WIDTH="34" VPOS="1882" HPOS="1389"/>
<String LANG="fr" CONTENT="Harcourt," HEIGHT="49" WIDTH="261" VPOS="1882" HPOS="1424"/>
<SP HEIGHT="47" WIDTH="33" VPOS="1884" HPOS="1686"/>
<String CONTENT="Brace" HEIGHT="39" WIDTH="157" VPOS="1884" HPOS="1720"/>
<SP HEIGHT="39" WIDTH="29" VPOS="1884" HPOS="1878"/>
<String CONTENT="&amp;" HEIGHT="39" WIDTH="37" VPOS="1884" HPOS="1908"/>
<SP HEIGHT="39" WIDTH="27" VPOS="1884" HPOS="1946"/>
<String CONTENT="co.," HEIGHT="37" WIDTH="83" VPOS="1894" HPOS="1974"/>
</TextLine>
<TextLine HEIGHT="51" WIDTH="426" VPOS="1933" HPOS="129">
<String CONTENT="inc." HEIGHT="40" WIDTH="90" VPOS="1935" HPOS="129"/>
<SP HEIGHT="48" WIDTH="56" VPOS="1935" HPOS="220"/>
<String CONTENT="(36-21463)" HEIGHT="50" WIDTH="278" VPOS="1934" HPOS="277"/>
</TextLine>
<TextLine HEIGHT="69" WIDTH="823" VPOS="2035" HPOS="61" STYLEREFS="StyleId-AD9FC681-618B-415A-B2F1-ADA3AAE714C8-">
<String CONTENT="Schorling," HEIGHT="66" WIDTH="326" VPOS="2036" HPOS="61"/>
<SP HEIGHT="61" WIDTH="27" VPOS="2039" HPOS="387"/>
<String CONTENT="Raleigh," HEIGHT="66" WIDTH="269" VPOS="2036" HPOS="414"/>
<SP HEIGHT="58" WIDTH="30" VPOS="2044" HPOS="683"/>
<String CONTENT="1887-" HEIGHT="55" WIDTH="171" VPOS="2039" HPOS="713"/>
</TextLine>
<TextLine HEIGHT="78" WIDTH="1922" VPOS="2110" HPOS="135" STYLEREFS="StyleId-0F7564F8-54B0-496D-A769-500B4B9CB184-">
<String CONTENT="The" HEIGHT="53" WIDTH="120" VPOS="2111" HPOS="135"/>
<SP HEIGHT="47" WIDTH="31" VPOS="2118" HPOS="256"/>
<String CONTENT="teaching" HEIGHT="69" WIDTH="264" VPOS="2112" HPOS="288"/>
<SP HEIGHT="50" WIDTH="32" VPOS="2131" HPOS="553"/>
<String CONTENT="of" HEIGHT="51" WIDTH="63" VPOS="2113" HPOS="586"/>
<SP HEIGHT="52" WIDTH="32" VPOS="2113" HPOS="650"/>
<String CONTENT="mathematics;" HEIGHT="69" WIDTH="420" VPOS="2112" HPOS="683"/>
<SP HEIGHT="48" WIDTH="36" VPOS="2133" HPOS="1104"/>
<String CONTENT="a" HEIGHT="33" WIDTH="30" VPOS="2134" HPOS="1141"/>
<SP HEIGHT="34" WIDTH="32" VPOS="2134" HPOS="1172"/>
<String CONTENT="source" HEIGHT="36" WIDTH="192" VPOS="2133" HPOS="1205"/>
<SP HEIGHT="52" WIDTH="30" VPOS="2117" HPOS="1398"/>
<String CONTENT="book" HEIGHT="53" WIDTH="149" VPOS="2117" HPOS="1429"/>
<SP HEIGHT="51" WIDTH="32" VPOS="2118" HPOS="1579"/>
<String CONTENT="and" HEIGHT="53" WIDTH="112" VPOS="2118" HPOS="1612"/>
<SP HEIGHT="69" WIDTH="32" VPOS="2118" HPOS="1725"/>
<String CONTENT="guide," HEIGHT="71" WIDTH="188" VPOS="2117" HPOS="1758"/>
<SP HEIGHT="67" WIDTH="36" VPOS="2119" HPOS="1947"/>
<String CONTENT="by" HEIGHT="69" WIDTH="73" VPOS="2119" HPOS="1984"/>
</TextLine>
<TextLine HEIGHT="79" WIDTH="1991" VPOS="2187" HPOS="65" STYLEREFS="StyleId-0F7564F8-54B0-496D-A769-500B4B9CB184-" CS="1">
<String CONTENT="Raleigh" HEIGHT="72" WIDTH="244" VPOS="2187" HPOS="65"/>
<SP HEIGHT="55" WIDTH="42" VPOS="2189" HPOS="310"/>
<String CONTENT="Schorling" HEIGHT="72" WIDTH="307" VPOS="2189" HPOS="353"/>
<SP HEIGHT="51" WIDTH="46" VPOS="2210" HPOS="661"/>
<String CS="1" CONTENT="&#8230;"/>
<SP HEIGHT="51" WIDTH="82" VPOS="2192" HPOS="764"/>
<String CONTENT="Ann" HEIGHT="52" WIDTH="134" VPOS="2192" HPOS="847"/>
<SP HEIGHT="54" WIDTH="43" VPOS="2191" HPOS="982"/>
<String CONTENT="Arbor," HEIGHT="69" WIDTH="209" VPOS="2192" HPOS="1026"/>
<SP HEIGHT="69" WIDTH="44" VPOS="2193" HPOS="1236"/>
<String CONTENT="Mich.," HEIGHT="70" WIDTH="194" VPOS="2194" HPOS="1281"/>
<SP HEIGHT="69" WIDTH="42" VPOS="2195" HPOS="1476"/>
<String CONTENT="The" HEIGHT="54" WIDTH="122" VPOS="2194" HPOS="1519"/>
<SP HEIGHT="53" WIDTH="40" VPOS="2195" HPOS="1642"/>
<String CONTENT="Ann" HEIGHT="54" WIDTH="136" VPOS="2195" HPOS="1683"/>
<SP HEIGHT="53" WIDTH="43" VPOS="2196" HPOS="1820"/>
<String CONTENT="Arbor" HEIGHT="54" WIDTH="192" VPOS="2196" HPOS="1864"/>
</TextLine>
<TextLine HEIGHT="65" WIDTH="379" VPOS="2270" HPOS="66" STYLEREFS="StyleId-0F7564F8-54B0-496D-A769-500B4B9CB184-">
<String CONTENT="press" HEIGHT="50" WIDTH="154" VPOS="2285" HPOS="66"/>
<SP HEIGHT="47" WIDTH="33" VPOS="2288" HPOS="220"/>
<String STYLE="subscript" CONTENT="[" HEIGHT="34" WIDTH="13" VPOS="2301" HPOS="253"/>
<String STYLE="superscript" CONTENT="c" HEIGHT="21" WIDTH="17" VPOS="2275" HPOS="272"/>
<String CONTENT="1936" HEIGHT="49" WIDTH="133" VPOS="2271" HPOS="295"/>
<String STYLE="subscript" CONTENT="]" HEIGHT="33" WIDTH="13" VPOS="2302" HPOS="432"/>
</TextLine>
<TextLine HEIGHT="55" WIDTH="1148" VPOS="2338" HPOS="138">
<String CONTENT="viii," HEIGHT="48" WIDTH="99" VPOS="2338" HPOS="138"/>
<SP HEIGHT="45" WIDTH="23" VPOS="2341" HPOS="238"/>
<String CONTENT="247" HEIGHT="39" WIDTH="85" VPOS="2341" HPOS="262"/>
<SP HEIGHT="47" WIDTH="22" VPOS="2341" HPOS="348"/>
<String CONTENT="p." HEIGHT="37" WIDTH="43" VPOS="2351" HPOS="371"/>
<SP HEIGHT="40" WIDTH="25" VPOS="2342" HPOS="415"/>
<String CONTENT="incl." HEIGHT="40" WIDTH="106" VPOS="2341" HPOS="441"/>
<SP HEIGHT="39" WIDTH="24" VPOS="2342" HPOS="548"/>
<String CONTENT="front.," HEIGHT="49" WIDTH="164" VPOS="2342" HPOS="573"/>
<SP HEIGHT="49" WIDTH="25" VPOS="2342" HPOS="738"/>
<String CONTENT="illus.," HEIGHT="49" WIDTH="141" VPOS="2342" HPOS="764"/>
<SP HEIGHT="48" WIDTH="26" VPOS="2343" HPOS="906"/>
<String CONTENT="diagrs." HEIGHT="49" WIDTH="177" VPOS="2342" HPOS="933"/>
<SP HEIGHT="41" WIDTH="58" VPOS="2343" HPOS="1111"/>
<String CONTENT="23" HEIGHT="41" WIDTH="56" VPOS="2343" HPOS="1170"/>
<String STYLE="superscript" CONTENT="cm" HEIGHT="23" WIDTH="45" VPOS="2346" HPOS="1229"/>
<String CONTENT="." HEIGHT="7" WIDTH="8" VPOS="2378" HPOS="1278"/>
</TextLine>
<TextLine HEIGHT="55" WIDTH="738" VPOS="2394" HPOS="137" CS="1">
<String CONTENT="Bibliography:" HEIGHT="51" WIDTH="373" VPOS="2394" HPOS="137"/>
<SP HEIGHT="37" WIDTH="33" VPOS="2408" HPOS="511"/>
<String CONTENT="p." HEIGHT="37" WIDTH="42" VPOS="2408" HPOS="545"/>
<SP HEIGHT="29" WIDTH="40" VPOS="2419" HPOS="588"/>
<String CS="1" CONTENT="[241]-244." HEIGHT="51" WIDTH="234" VPOS="2397" HPOS="641"/>
</TextLine>
<TextLine HEIGHT="60" WIDTH="1997" VPOS="2449" HPOS="65">
<String CONTENT="&#169;" HEIGHT="53" WIDTH="52" VPOS="2449" HPOS="65"/>
<SP HEIGHT="53" WIDTH="29" VPOS="2449" HPOS="118"/>
<String CONTENT="June" HEIGHT="42" WIDTH="124" VPOS="2453" HPOS="148"/>
<SP HEIGHT="40" WIDTH="28" VPOS="2455" HPOS="273"/>
<String CONTENT="5," HEIGHT="47" WIDTH="39" VPOS="2455" HPOS="302"/>
<SP HEIGHT="48" WIDTH="30" VPOS="2454" HPOS="342"/>
<String CONTENT="1936;" HEIGHT="48" WIDTH="140" VPOS="2454" HPOS="373"/>
<SP HEIGHT="47" WIDTH="26" VPOS="2455" HPOS="514"/>
<String CONTENT="2c." HEIGHT="40" WIDTH="67" VPOS="2455" HPOS="541"/>
<SP HEIGHT="39" WIDTH="30" VPOS="2456" HPOS="609"/>
<String CONTENT="Aug." HEIGHT="47" WIDTH="120" VPOS="2456" HPOS="640"/>
<SP HEIGHT="40" WIDTH="29" VPOS="2456" HPOS="761"/>
<String CONTENT="27;" HEIGHT="47" WIDTH="81" VPOS="2456" HPOS="791"/>
<SP HEIGHT="37" WIDTH="33" VPOS="2466" HPOS="873"/>
<String CONTENT="aff." HEIGHT="41" WIDTH="81" VPOS="2457" HPOS="907"/>
<SP HEIGHT="40" WIDTH="31" VPOS="2458" HPOS="989"/>
<String CONTENT="Aug." HEIGHT="47" WIDTH="118" VPOS="2458" HPOS="1021"/>
<SP HEIGHT="39" WIDTH="28" VPOS="2458" HPOS="1140"/>
<String CONTENT="24;" HEIGHT="47" WIDTH="83" VPOS="2458" HPOS="1169"/>
<SP HEIGHT="47" WIDTH="32" VPOS="2459" HPOS="1253"/>
<!-- cceid A4E096F5-6E3A-1014-83DD-942C093A1DD9 --><String CONTENT="A" HEIGHT="39" WIDTH="40" VPOS="2460" HPOS="1286"/>
<SP HEIGHT="40" WIDTH="28" VPOS="2459" HPOS="1327"/>
<String CONTENT="97570" HEIGHT="42" WIDTH="144" VPOS="2459" HPOS="1356"/>
<SP HEIGHT="47" WIDTH="16" VPOS="2460" HPOS="1501"/>
<String CONTENT=";" HEIGHT="36" WIDTH="9" VPOS="2471" HPOS="1518"/>
<SP HEIGHT="47" WIDTH="33" VPOS="2461" HPOS="1528"/>
<String CONTENT="R." HEIGHT="39" WIDTH="54" VPOS="2462" HPOS="1562"/>
<SP HEIGHT="40" WIDTH="35" VPOS="2462" HPOS="1617"/>
<String CONTENT="Schorling," HEIGHT="46" WIDTH="265" VPOS="2462" HPOS="1653"/>
<SP HEIGHT="42" WIDTH="33" VPOS="2466" HPOS="1919"/>
<String CONTENT="Ann" HEIGHT="38" WIDTH="109" VPOS="2466" HPOS="1953"/>
</TextLine>
<TextLine HEIGHT="50" WIDTH="504" VPOS="2510" HPOS="134">
<String CONTENT="Arbor." HEIGHT="41" WIDTH="168" VPOS="2510" HPOS="134"/>
<SP HEIGHT="47" WIDTH="56" VPOS="2511" HPOS="303"/>
<String CONTENT="(36-21434)" HEIGHT="49" WIDTH="278" VPOS="2511" HPOS="360"/>
</TextLine>
<TextLine HEIGHT="65" WIDTH="475" VPOS="2613" HPOS="65" STYLEREFS="StyleId-AD9FC681-618B-415A-B2F1-ADA3AAE714C8-">
<String CONTENT="Searcy," HEIGHT="64" WIDTH="235" VPOS="2613" HPOS="65"/>
<SP HEIGHT="62" WIDTH="23" VPOS="2615" HPOS="301"/>
<String CONTENT="Lucile." HEIGHT="56" WIDTH="215" VPOS="2614" HPOS="325"/>
</TextLine>
<TextLine HEIGHT="81" WIDTH="1921" VPOS="2689" HPOS="134" STYLEREFS="StyleId-0F7564F8-54B0-496D-A769-500B4B9CB184-" CS="1">
<String CONTENT="Foundation" HEIGHT="55" WIDTH="365" VPOS="2689" HPOS="134"/>
<SP HEIGHT="51" WIDTH="29" VPOS="2692" HPOS="500"/>
<String CONTENT="English," HEIGHT="69" WIDTH="264" VPOS="2691" HPOS="530"/>
<SP HEIGHT="66" WIDTH="30" VPOS="2693" HPOS="795"/>
<String CONTENT="by" HEIGHT="68" WIDTH="76" VPOS="2693" HPOS="826"/>
<SP HEIGHT="68" WIDTH="29" VPOS="2693" HPOS="903"/>
<String CONTENT="Lucile" HEIGHT="55" WIDTH="195" VPOS="2692" HPOS="933"/>
<SP HEIGHT="56" WIDTH="32" VPOS="2694" HPOS="1129"/>
<String CONTENT="Searcy" HEIGHT="70" WIDTH="208" VPOS="2694" HPOS="1162"/>
<SP HEIGHT="49" WIDTH="37" VPOS="2715" HPOS="1371"/>
<String CS="1" CONTENT="&#8230;"/>
<SP HEIGHT="33" WIDTH="36" VPOS="2717" HPOS="1465"/>
<String CONTENT="and" HEIGHT="53" WIDTH="112" VPOS="2699" HPOS="1502"/>
<SP HEIGHT="54" WIDTH="29" VPOS="2700" HPOS="1615"/>
<String CONTENT="Jean" HEIGHT="53" WIDTH="145" VPOS="2701" HPOS="1645"/>
<SP HEIGHT="56" WIDTH="35" VPOS="2701" HPOS="1791"/>
<String CONTENT="Sugden" HEIGHT="68" WIDTH="228" VPOS="2702" HPOS="1827"/>
</TextLine>
<TextLine HEIGHT="78" WIDTH="1478" VPOS="2766" HPOS="129" STYLEREFS="StyleId-0F7564F8-54B0-496D-A769-500B4B9CB184-" CS="1">
<String CS="1" CONTENT="&#8230;"/>
<SP HEIGHT="55" WIDTH="78" VPOS="2766" HPOS="129"/>
<String CONTENT="New" HEIGHT="52" WIDTH="137" VPOS="2767" HPOS="208"/>
<SP HEIGHT="52" WIDTH="35" VPOS="2768" HPOS="346"/>
<String CONTENT="York," HEIGHT="59" WIDTH="178" VPOS="2767" HPOS="382"/>
<SP HEIGHT="56" WIDTH="34" VPOS="2770" HPOS="561"/>
<String CONTENT="The" HEIGHT="53" WIDTH="121" VPOS="2770" HPOS="596"/>
<SP HEIGHT="53" WIDTH="36" VPOS="2770" HPOS="718"/>
<String CONTENT="Macmillan" HEIGHT="55" WIDTH="331" VPOS="2770" HPOS="755"/>
<SP HEIGHT="34" WIDTH="37" VPOS="2791" HPOS="1087"/>
<String CONTENT="company," HEIGHT="52" WIDTH="296" VPOS="2791" HPOS="1125"/>
<SP HEIGHT="60" WIDTH="36" VPOS="2782" HPOS="1422"/>
<String CONTENT="1936." HEIGHT="51" WIDTH="148" VPOS="2780" HPOS="1459"/>
</TextLine>
<TextLine HEIGHT="51" WIDTH="455" VPOS="2839" HPOS="137" CS="1">
<String CONTENT="ix," HEIGHT="48" WIDTH="66" VPOS="2840" HPOS="137"/>
<SP HEIGHT="47" WIDTH="27" VPOS="2841" HPOS="203"/>
<String CONTENT="291" HEIGHT="41" WIDTH="85" VPOS="2840" HPOS="230"/>
<SP HEIGHT="48" WIDTH="28" VPOS="2841" HPOS="315"/>
<String CONTENT="p." HEIGHT="37" WIDTH="42" VPOS="2852" HPOS="343"/>
<SP HEIGHT="41" WIDTH="61" VPOS="2841" HPOS="385"/>
<String CS="1" CONTENT="20&#189;" HEIGHT="40" WIDTH="56" VPOS="2841" HPOS="446"/>
<String STYLE="superscript" CS="1" CONTENT="cm" HEIGHT="21" WIDTH="16" VPOS="2844" HPOS="532"/>
<String CONTENT="." HEIGHT="8" WIDTH="8" VPOS="2875" HPOS="583"/>
</TextLine>
<TextLine HEIGHT="62" WIDTH="1745" VPOS="2896" HPOS="140">
<String CONTENT="Contents.&#8212;Grammatical" HEIGHT="46" WIDTH="684" VPOS="2896" HPOS="140"/>
<SP HEIGHT="38" WIDTH="42" VPOS="2903" HPOS="825"/>
<String CONTENT="structure.&#8212;Mechanics.&#8212;Composition." HEIGHT="56" WIDTH="1017" VPOS="2902" HPOS="868"/>
</TextLine>
<TextLine HEIGHT="58" WIDTH="1646" VPOS="2952" HPOS="69" CS="1">
<String CONTENT="&#169;" HEIGHT="52" WIDTH="53" VPOS="2952" HPOS="69"/>
<SP HEIGHT="52" WIDTH="24" VPOS="2952" HPOS="123"/>
<String CONTENT="Sept." HEIGHT="47" WIDTH="127" VPOS="2956" HPOS="148"/>
<SP HEIGHT="39" WIDTH="23" VPOS="2957" HPOS="276"/>
<String CONTENT="8," HEIGHT="46" WIDTH="38" VPOS="2957" HPOS="300"/>
<SP HEIGHT="45" WIDTH="23" VPOS="2958" HPOS="339"/>
<String CONTENT="1936" HEIGHT="42" WIDTH="112" VPOS="2956" HPOS="363"/>
<SP HEIGHT="47" WIDTH="16" VPOS="2957" HPOS="476"/>
<String CONTENT=";" HEIGHT="36" WIDTH="9" VPOS="2968" HPOS="493"/>
<SP HEIGHT="47" WIDTH="23" VPOS="2957" HPOS="503"/>
<String CONTENT="2c." HEIGHT="40" WIDTH="67" VPOS="2957" HPOS="527"/>
<SP HEIGHT="29" WIDTH="23" VPOS="2968" HPOS="595"/>
<String CONTENT="and" HEIGHT="40" WIDTH="95" VPOS="2957" HPOS="619"/>
<SP HEIGHT="39" WIDTH="25" VPOS="2958" HPOS="715"/>
<String CONTENT="aff." HEIGHT="38" WIDTH="79" VPOS="2959" HPOS="741"/>
<SP HEIGHT="39" WIDTH="28" VPOS="2960" HPOS="821"/>
<String CONTENT="Sept." HEIGHT="47" WIDTH="127" VPOS="2960" HPOS="850"/>
<SP HEIGHT="41" WIDTH="23" VPOS="2959" HPOS="978"/>
<String CONTENT="9" HEIGHT="40" WIDTH="25" VPOS="2960" HPOS="1002"/>
<SP HEIGHT="46" WIDTH="17" VPOS="2960" HPOS="1028"/>
<String CONTENT=";" HEIGHT="35" WIDTH="8" VPOS="2971" HPOS="1046"/>
<SP HEIGHT="45" WIDTH="26" VPOS="2961" HPOS="1055"/>
<!-- cceid A4E0D91E-6E3A-1014-83DD-942C093A1DD9 --><String CONTENT="A" HEIGHT="39" WIDTH="39" VPOS="2961" HPOS="1082"/>
<SP HEIGHT="40" WIDTH="21" VPOS="2961" HPOS="1122"/>
<String CONTENT="97715" HEIGHT="42" WIDTH="143" VPOS="2961" HPOS="1144"/>
<SP HEIGHT="47" WIDTH="15" VPOS="2962" HPOS="1288"/>
<String CONTENT=";" HEIGHT="36" WIDTH="9" VPOS="2973" HPOS="1304"/>
<SP HEIGHT="45" WIDTH="27" VPOS="2964" HPOS="1314"/>
<String CONTENT="Macmillan" HEIGHT="41" WIDTH="283" VPOS="2963" HPOS="1342"/>
<SP HEIGHT="30" WIDTH="21" VPOS="2975" HPOS="1626"/>
<String CONTENT="co." HEIGHT="31" WIDTH="67" VPOS="2976" HPOS="1648"/>
</TextLine>
<TextLine HEIGHT="48" WIDTH="278" VPOS="3012" HPOS="147">
<String CONTENT="(36-21337)" HEIGHT="48" WIDTH="278" VPOS="3012" HPOS="147"/>
</TextLine>
<TextLine HEIGHT="65" WIDTH="485" VPOS="3113" HPOS="68" STYLEREFS="StyleId-AD9FC681-618B-415A-B2F1-ADA3AAE714C8-">
<String CONTENT="Sharp," HEIGHT="64" WIDTH="211" VPOS="3113" HPOS="68"/>
<SP HEIGHT="62" WIDTH="23" VPOS="3115" HPOS="279"/>
<String CONTENT="John" HEIGHT="53" WIDTH="153" VPOS="3115" HPOS="302"/>
<SP HEIGHT="51" WIDTH="26" VPOS="3116" HPOS="455"/>
<String CONTENT="K." HEIGHT="54" WIDTH="72" VPOS="3116" HPOS="481"/>
</TextLine>
<TextLine HEIGHT="83" WIDTH="1919" VPOS="3186" HPOS="141" STYLEREFS="StyleId-0F7564F8-54B0-496D-A769-500B4B9CB184-">
<String CONTENT="Our" HEIGHT="57" WIDTH="123" VPOS="3186" HPOS="141"/>
<SP HEIGHT="49" WIDTH="43" VPOS="3207" HPOS="265"/>
<String CONTENT="preaching;" HEIGHT="68" WIDTH="338" VPOS="3189" HPOS="309"/>
<SP HEIGHT="47" WIDTH="51" VPOS="3209" HPOS="648"/>
<String CONTENT="characteristics" HEIGHT="57" WIDTH="447" VPOS="3189" HPOS="700"/>
<SP HEIGHT="35" WIDTH="43" VPOS="3212" HPOS="1148"/>
<String CONTENT="of" HEIGHT="54" WIDTH="65" VPOS="3194" HPOS="1192"/>
<SP HEIGHT="52" WIDTH="41" VPOS="3195" HPOS="1258"/>
<String CONTENT="the" HEIGHT="54" WIDTH="96" VPOS="3196" HPOS="1300"/>
<SP HEIGHT="35" WIDTH="44" VPOS="3215" HPOS="1397"/>
<String CONTENT="sermon" HEIGHT="36" WIDTH="220" VPOS="3215" HPOS="1442"/>
<SP HEIGHT="46" WIDTH="43" VPOS="3206" HPOS="1663"/>
<String CONTENT="types:" HEIGHT="63" WIDTH="191" VPOS="3206" HPOS="1707"/>
<SP HEIGHT="33" WIDTH="47" VPOS="3220" HPOS="1899"/>
<String CONTENT="and" HEIGHT="52" WIDTH="113" VPOS="3203" HPOS="1947"/>
</TextLine>
<TextLine HEIGHT="81" WIDTH="1988" VPOS="3265" HPOS="71" STYLEREFS="StyleId-0F7564F8-54B0-496D-A769-500B4B9CB184-" CS="1">
<String CONTENT="the" HEIGHT="53" WIDTH="94" VPOS="3265" HPOS="71"/>
<SP HEIGHT="35" WIDTH="33" VPOS="3283" HPOS="166"/>
<String CONTENT="church" HEIGHT="53" WIDTH="209" VPOS="3266" HPOS="200"/>
<SP HEIGHT="52" WIDTH="32" VPOS="3266" HPOS="410"/>
<String CONTENT="law" HEIGHT="53" WIDTH="108" VPOS="3266" HPOS="443"/>
<SP HEIGHT="34" WIDTH="34" VPOS="3286" HPOS="552"/>
<String CONTENT="on" HEIGHT="34" WIDTH="72" VPOS="3286" HPOS="587"/>
<SP HEIGHT="47" WIDTH="33" VPOS="3273" HPOS="660"/>
<String CONTENT="the" HEIGHT="52" WIDTH="94" VPOS="3269" HPOS="694"/>
<SP HEIGHT="34" WIDTH="33" VPOS="3287" HPOS="789"/>
<String CONTENT="ceremonial" HEIGHT="55" WIDTH="336" VPOS="3268" HPOS="823"/>
<SP HEIGHT="52" WIDTH="34" VPOS="3272" HPOS="1160"/>
<String CONTENT="of" HEIGHT="54" WIDTH="64" VPOS="3271" HPOS="1195"/>
<SP HEIGHT="69" WIDTH="33" VPOS="3272" HPOS="1260"/>
<String CONTENT="preaching" HEIGHT="71" WIDTH="313" VPOS="3273" HPOS="1294"/>
<SP HEIGHT="49" WIDTH="35" VPOS="3295" HPOS="1608"/>
<String CS="1" CONTENT="[by]" HEIGHT="68" WIDTH="94" VPOS="3277" HPOS="1661"/>
<SP HEIGHT="65" WIDTH="38" VPOS="3279" HPOS="1756"/>
<String CONTENT="John" HEIGHT="54" WIDTH="152" VPOS="3279" HPOS="1795"/>
<SP HEIGHT="52" WIDTH="38" VPOS="3281" HPOS="1948"/>
<String CONTENT="K." HEIGHT="53" WIDTH="72" VPOS="3281" HPOS="1987"/>
</TextLine>
<TextLine HEIGHT="86" WIDTH="1987" VPOS="3340" HPOS="75" STYLEREFS="StyleId-0F7564F8-54B0-496D-A769-500B4B9CB184-" CS="1">
<String CONTENT="Sharp" HEIGHT="67" WIDTH="190" VPOS="3340" HPOS="75"/>
<SP HEIGHT="46" WIDTH="36" VPOS="3361" HPOS="265"/>
<String CS="1" CONTENT="&#8230;"/>
<SP HEIGHT="52" WIDTH="38" VPOS="3343" HPOS="358"/>
<String CONTENT="foreword" HEIGHT="55" WIDTH="286" VPOS="3342" HPOS="397"/>
<SP HEIGHT="53" WIDTH="27" VPOS="3343" HPOS="684"/>
<String CONTENT="by" HEIGHT="69" WIDTH="75" VPOS="3344" HPOS="711"/>
<SP HEIGHT="62" WIDTH="32" VPOS="3351" HPOS="786"/>
<String CONTENT="the" HEIGHT="53" WIDTH="97" VPOS="3346" HPOS="819"/>
<SP HEIGHT="55" WIDTH="29" VPOS="3344" HPOS="917"/>
<String CONTENT="Most" HEIGHT="57" WIDTH="154" VPOS="3344" HPOS="947"/>
<SP HEIGHT="53" WIDTH="28" VPOS="3348" HPOS="1102"/>
<String CONTENT="Reverend" HEIGHT="55" WIDTH="295" VPOS="3348" HPOS="1131"/>
<SP HEIGHT="53" WIDTH="33" VPOS="3351" HPOS="1427"/>
<String CONTENT="Thomas" HEIGHT="53" WIDTH="247" VPOS="3353" HPOS="1461"/>
<SP HEIGHT="51" WIDTH="31" VPOS="3356" HPOS="1709"/>
<String CONTENT="E." HEIGHT="53" WIDTH="67" VPOS="3356" HPOS="1741"/>
<SP HEIGHT="52" WIDTH="33" VPOS="3357" HPOS="1809"/>
<String CONTENT="Molloy" HEIGHT="69" WIDTH="220" VPOS="3357" HPOS="1842"/>
</TextLine>
<TextLine HEIGHT="80" WIDTH="1509" VPOS="3417" HPOS="134" STYLEREFS="StyleId-0F7564F8-54B0-496D-A769-500B4B9CB184-" CS="1">
<String CS="1" CONTENT="&#8230;"/>
<SP HEIGHT="55" WIDTH="76" VPOS="3417" HPOS="134"/>
<String CONTENT="Philadelphia," HEIGHT="69" WIDTH="424" VPOS="3418" HPOS="211"/>
<SP HEIGHT="66" WIDTH="35" VPOS="3421" HPOS="636"/>
<String CONTENT="Pa.," HEIGHT="67" WIDTH="119" VPOS="3421" HPOS="672"/>
<SP HEIGHT="65" WIDTH="33" VPOS="3423" HPOS="792"/>
<String CONTENT="The" HEIGHT="53" WIDTH="122" VPOS="3423" HPOS="826"/>
<SP HEIGHT="53" WIDTH="36" VPOS="3424" HPOS="949"/>
<String CONTENT="Dolphin" HEIGHT="68" WIDTH="256" VPOS="3424" HPOS="986"/>
<SP HEIGHT="51" WIDTH="37" VPOS="3444" HPOS="1243"/>
<String CONTENT="press," HEIGHT="51" WIDTH="173" VPOS="3445" HPOS="1281"/>
<SP HEIGHT="65" WIDTH="38" VPOS="3431" HPOS="1455"/>
<String CONTENT="1936." HEIGHT="54" WIDTH="149" VPOS="3431" HPOS="1494"/>
</TextLine>
<TextLine HEIGHT="50" WIDTH="466" VPOS="3488" HPOS="141">
<String CONTENT="xiv," HEIGHT="44" WIDTH="96" VPOS="3489" HPOS="141"/>
<SP HEIGHT="44" WIDTH="32" VPOS="3489" HPOS="238"/>
<String CONTENT="279" HEIGHT="40" WIDTH="85" VPOS="3489" HPOS="271"/>
<SP HEIGHT="47" WIDTH="32" VPOS="3490" HPOS="357"/>
<String CONTENT="p." HEIGHT="36" WIDTH="41" VPOS="3501" HPOS="390"/>
<SP HEIGHT="39" WIDTH="59" VPOS="3491" HPOS="432"/>
<String CONTENT="23" HEIGHT="39" WIDTH="53" VPOS="3492" HPOS="492"/>
<String STYLE="superscript" CONTENT="cm" HEIGHT="20" WIDTH="43" VPOS="3494" HPOS="549"/>
<String CONTENT="." HEIGHT="9" WIDTH="9" VPOS="3522" HPOS="598"/>
</TextLine>
<TextLine HEIGHT="69" WIDTH="1725" VPOS="3543" HPOS="72">
<String CONTENT="&#169;" HEIGHT="53" WIDTH="52" VPOS="3543" HPOS="72"/>
<SP HEIGHT="53" WIDTH="24" VPOS="3543" HPOS="125"/>
<String CONTENT="Sept." HEIGHT="48" WIDTH="126" VPOS="3549" HPOS="150"/>
<SP HEIGHT="39" WIDTH="24" VPOS="3551" HPOS="277"/>
<String CONTENT="18," HEIGHT="46" WIDTH="68" VPOS="3551" HPOS="302"/>
<SP HEIGHT="46" WIDTH="21" VPOS="3551" HPOS="371"/>
<String CONTENT="1936:" HEIGHT="42" WIDTH="139" VPOS="3550" HPOS="393"/>
<SP HEIGHT="41" WIDTH="27" VPOS="3551" HPOS="533"/>
<String CONTENT="2c." HEIGHT="39" WIDTH="66" VPOS="3551" HPOS="561"/>
<SP HEIGHT="29" WIDTH="24" VPOS="3562" HPOS="628"/>
<String CONTENT="and" HEIGHT="41" WIDTH="97" VPOS="3551" HPOS="653"/>
<SP HEIGHT="40" WIDTH="23" VPOS="3552" HPOS="751"/>
<String CONTENT="aff." HEIGHT="41" WIDTH="80" VPOS="3552" HPOS="775"/>
<SP HEIGHT="40" WIDTH="28" VPOS="3554" HPOS="856"/>
<String CONTENT="Sept." HEIGHT="48" WIDTH="127" VPOS="3554" HPOS="885"/>
<SP HEIGHT="40" WIDTH="22" VPOS="3555" HPOS="1013"/>
<String CONTENT="24" HEIGHT="39" WIDTH="59" VPOS="3555" HPOS="1036"/>
<SP HEIGHT="46" WIDTH="13" VPOS="3556" HPOS="1096"/>
<String CONTENT=";" HEIGHT="36" WIDTH="9" VPOS="3566" HPOS="1110"/>
<SP HEIGHT="45" WIDTH="25" VPOS="3557" HPOS="1120"/>
<!-- cceid A4E11F66-6E3A-1014-83DD-942C093A1DD9 --><String CONTENT="A" HEIGHT="39" WIDTH="42" VPOS="3557" HPOS="1146"/>
<SP HEIGHT="40" WIDTH="22" VPOS="3557" HPOS="1189"/>
<String CONTENT="98610" HEIGHT="42" WIDTH="146" VPOS="3557" HPOS="1212"/>
<SP HEIGHT="48" WIDTH="13" VPOS="3558" HPOS="1359"/>
<String CONTENT=";" HEIGHT="36" WIDTH="9" VPOS="3570" HPOS="1373"/>
<SP HEIGHT="45" WIDTH="27" VPOS="3561" HPOS="1383"/>
<String CONTENT="Dolphin" HEIGHT="50" WIDTH="213" VPOS="3560" HPOS="1411"/>
<SP HEIGHT="38" WIDTH="21" VPOS="3573" HPOS="1625"/>
<String CONTENT="press." HEIGHT="39" WIDTH="150" VPOS="3573" HPOS="1647"/>
</TextLine>
<TextLine HEIGHT="50" WIDTH="279" VPOS="3603" HPOS="151">
<String CONTENT="(36-21475)" HEIGHT="50" WIDTH="279" VPOS="3603" HPOS="151"/>
</TextLine>
<TextLine HEIGHT="68" WIDTH="668" VPOS="3700" HPOS="71" STYLEREFS="StyleId-AD9FC681-618B-415A-B2F1-ADA3AAE714C8-">
<String CONTENT="Skirl," HEIGHT="66" WIDTH="172" VPOS="3700" HPOS="71"/>
<SP HEIGHT="62" WIDTH="29" VPOS="3704" HPOS="244"/>
<String CONTENT="Werner," HEIGHT="63" WIDTH="261" VPOS="3704" HPOS="274"/>
<SP HEIGHT="56" WIDTH="31" VPOS="3711" HPOS="536"/>
<String CONTENT="1878-" HEIGHT="55" WIDTH="171" VPOS="3706" HPOS="568"/>
</TextLine>
<TextLine HEIGHT="81" WIDTH="1748" VPOS="3776" HPOS="143" STYLEREFS="StyleId-0F7564F8-54B0-496D-A769-500B4B9CB184-" CS="1">
<String CONTENT="Elektrische" HEIGHT="56" WIDTH="358" VPOS="3776" HPOS="143"/>
<SP HEIGHT="34" WIDTH="27" VPOS="3798" HPOS="502"/>
<String CONTENT="messungen," HEIGHT="51" WIDTH="352" VPOS="3798" HPOS="530"/>
<SP HEIGHT="47" WIDTH="32" VPOS="3802" HPOS="883"/>
<String CONTENT="von" HEIGHT="35" WIDTH="109" VPOS="3801" HPOS="916"/>
<SP HEIGHT="54" WIDTH="30" VPOS="3784" HPOS="1026"/>
<String CONTENT="Werner" HEIGHT="55" WIDTH="239" VPOS="3784" HPOS="1057"/>
<SP HEIGHT="55" WIDTH="35" VPOS="3787" HPOS="1297"/>
<String CONTENT="Skirl" HEIGHT="55" WIDTH="156" VPOS="3787" HPOS="1333"/>
<SP HEIGHT="52" WIDTH="39" VPOS="3791" HPOS="1490"/>
<String CS="1" CONTENT="&#8230;"/>
<SP HEIGHT="48" WIDTH="73" VPOS="3796" HPOS="1586"/>
<String CONTENT="2." HEIGHT="49" WIDTH="47" VPOS="3796" HPOS="1660"/>
<SP HEIGHT="34" WIDTH="34" VPOS="3813" HPOS="1708"/>
<String CONTENT="aufl.," HEIGHT="63" WIDTH="148" VPOS="3794" HPOS="1743"/>
</TextLine>
<TextLine HEIGHT="149" WIDTH="1990" VPOS="3791" HPOS="74" STYLEREFS="StyleId-0F7564F8-54B0-496D-A769-500B4B9CB184-" LANG="de" CS="1">
<String CONTENT="vollst&#228;ndig" HEIGHT="140" WIDTH="1967" VPOS="3791" HPOS="74"/>
<SP HEIGHT="50" WIDTH="27" VPOS="3875" HPOS="307"/>
<String CONTENT="neu" HEIGHT="35" WIDTH="108" VPOS="3875" HPOS="335"/>
<SP HEIGHT="53" WIDTH="31" VPOS="3857" HPOS="444"/>
<String LANG="en-US" CONTENT="bearb.," HEIGHT="68" WIDTH="206" VPOS="3857" HPOS="476"/>
<SP HEIGHT="49" WIDTH="32" VPOS="3877" HPOS="683"/>
<String CONTENT="mit" HEIGHT="53" WIDTH="107" VPOS="3859" HPOS="716"/>
<SP HEIGHT="54" WIDTH="30" VPOS="3860" HPOS="824"/>
<String LANG="en-US" CONTENT="711" HEIGHT="54" WIDTH="100" VPOS="3860" HPOS="855"/>
<SP HEIGHT="49" WIDTH="33" VPOS="3865" HPOS="956"/>
<String CONTENT="meistens" HEIGHT="55" WIDTH="263" VPOS="3863" HPOS="990"/>
<SP HEIGHT="35" WIDTH="34" VPOS="3884" HPOS="1254"/>
<String CONTENT="auf" HEIGHT="52" WIDTH="104" VPOS="3866" HPOS="1289"/>
<SP HEIGHT="54" WIDTH="29" VPOS="3866" HPOS="1394"/>
<String CONTENT="tafeln" HEIGHT="55" WIDTH="184" VPOS="3867" HPOS="1424"/>
<SP HEIGHT="34" WIDTH="35" VPOS="3888" HPOS="1609"/>
<String CONTENT="angeordneten" HEIGHT="66" WIDTH="419" VPOS="3874" HPOS="1645"/>
</TextLine>
<TextLine HEIGHT="94" WIDTH="1990" VPOS="3932" HPOS="77" STYLEREFS="StyleId-0F7564F8-54B0-496D-A769-500B4B9CB184-" LANG="de">
<String CONTENT="bildern" HEIGHT="55" WIDTH="219" VPOS="3932" HPOS="77"/>
<SP HEIGHT="33" WIDTH="39" VPOS="3953" HPOS="296"/>
<String CONTENT="und" HEIGHT="53" WIDTH="117" VPOS="3935" HPOS="336"/>
<SP HEIGHT="52" WIDTH="43" VPOS="3936" HPOS="453"/>
<String CONTENT="15" HEIGHT="48" WIDTH="63" VPOS="3940" HPOS="496"/>
<SP HEIGHT="52" WIDTH="38" VPOS="3936" HPOS="559"/>
<String CONTENT="kupfer-tief" HEIGHT="69" WIDTH="351" VPOS="3936" HPOS="597"/>
<SP HEIGHT="54" WIDTH="3" VPOS="3938" HPOS="948"/>
<String CONTENT="drucktafeln." HEIGHT="56" WIDTH="382" VPOS="3940" HPOS="951"/>
<SP HEIGHT="50" WIDTH="78" VPOS="3947" HPOS="1333"/>
<String CONTENT="Berlin" HEIGHT="54" WIDTH="198" VPOS="3947" HPOS="1411"/>
<SP HEIGHT="34" WIDTH="42" VPOS="3968" HPOS="1609"/>
<String CONTENT="und" HEIGHT="51" WIDTH="113" VPOS="3953" HPOS="1652"/>
<SP HEIGHT="52" WIDTH="42" VPOS="3953" HPOS="1766"/>
<String CONTENT="Leipzig," HEIGHT="72" WIDTH="257" VPOS="3954" HPOS="1809"/>
</TextLine>
<TextLine HEIGHT="72" WIDTH="852" VPOS="4011" HPOS="75" STYLEREFS="StyleId-0F7564F8-54B0-496D-A769-500B4B9CB184-">
<String LANG="de" CONTENT="W." HEIGHT="55" WIDTH="87" VPOS="4011" HPOS="75"/>
<SP HEIGHT="54" WIDTH="32" VPOS="4012" HPOS="163"/>
<String LANG="de" CONTENT="de" HEIGHT="51" WIDTH="66" VPOS="4013" HPOS="196"/>
<SP HEIGHT="55" WIDTH="30" VPOS="4012" HPOS="263"/>
<String LANG="fr" CONTENT="Gruyter" HEIGHT="70" WIDTH="250" VPOS="4012" HPOS="294"/>
<SP HEIGHT="50" WIDTH="25" VPOS="4016" HPOS="545"/>
<String LANG="de" CONTENT="&amp;" HEIGHT="50" WIDTH="45" VPOS="4016" HPOS="571"/>
<SP HEIGHT="51" WIDTH="28" VPOS="4016" HPOS="617"/>
<String LANG="de" CONTENT="co.," HEIGHT="49" WIDTH="98" VPOS="4033" HPOS="646"/>
<SP HEIGHT="63" WIDTH="32" VPOS="4019" HPOS="745"/>
<String LANG="de" CONTENT="1936." HEIGHT="51" WIDTH="149" VPOS="4019" HPOS="778"/>
</TextLine>
</TextBlock>
</PrintSpace>
</Page>
</Layout>
</alto>