2519 4377
1089 4128 99 50 923

205 534 343 41 Examination
577 544 172 38 papers
782 534 50 40 of
863 535 81 40 the
975 533 222 49 Regents’
1231 534 148 40 board;
1440 533 54 40 19
1526 544 41 38 p.
1600 536 50 38 at
1683 534 103 40 end.

208 591 133 41 “List
366 590 52 41 of
444 590 285 47 interesting
758 590 146 41 books
934 591 80 40 for
1044 591 392 48 supplementary
1468 588 226 50 reading”;
1756 601 41 37 p.
1827 590 214 40 214-217.

136 643 53 54 ©
214 647 111 41 Feb.
348 647 233 48 20,1930;
607 648 69 40 2c.
702 648 125 40 June
851 647 81 47 10;
960 647 81 41 aff.
1067 647 127 40 June
1217 647 55 40 11;
1325 647 45 40 A
1390 646 144 41 95655;
1588 647 72 40 W.
1687 646 240 40 Hazleton
1956 645 171 42 Smith.

216 703 277 50 (36-15383)

134 794 352 54 Minnesota.
559 797 277 64 Supreme
862 802 174 46 court.

205 872 320 52 Minnesota
570 875 236 63 reports,
887 891 49 34 v.
986 876 112 49 194.
1146 871 169 54 Cases
1360 871 215 68 argued
1620 872 112 52 and
1777 870 351 55 determined

142 994 55 8 ...
231 950 205 53 March
474 952 253 54 15-June
765 954 81 62 14,
884 953 147 50 1935.
1109 950 170 52 Ethel
1315 951 78 53 M.
1429 948 237 69 Martin,
1699 954 273 63 reporter.
2046 948 81 57 St.

137 1029 162 61 Paul,
326 1028 199 65 Minn.,
551 1028 229 54 Review
807 1027 332 67 publishing
1163 1046 295 48 company,
1487 1033 148 49 1935.

206 1099 132 49 xxix,
366 1100 83 41 721
476 1111 44 37 p.
575 1100 56 40 22½
665 1102 43 22 cm
714 1133 8 8 .

137 1152 53 54 ©
221 1158 109 38 Dec.
362 1157 69 48 26,
462 1157 139 43 1935;
635 1157 67 41 2c.
735 1157 115 47 July
878 1158 69 43 17,
978 1155 140 49 1936;
1152 1156 83 41 aff.
1267 1157 116 46 July
1414 1156 83 48 16;
1531 1157 40 38 A
1602 1155 170 48 96519;
1808 1155 134 41 Mike
1970 1156 160 47 Holm,

209 1215 245 45 secretary
492 1213 52 41 of
578 1213 82 39 the
698 1214 128 39 state
862 1213 52 39 of
950 1212 273 41 Minnesota
1260 1212 50 38 in
1348 1213 131 39 trust
1515 1212 77 40 for
1630 1212 84 40 the
1748 1212 177 41 benefit
1961 1213 52 39 of
2050 1213 82 39 the

206 1270 169 48 people
402 1270 54 38 of
481 1268 106 41 said
617 1271 143 46 state,
794 1270 66 40 St.
892 1269 136 42 Paul.

137 1361 430 63 Montgomery,
591 1360 163 63 Lucy
778 1360 197 64 Maud,
1003 1360 171 55 1874-

209 1437 167 53 Anne
426 1435 64 55 of
539 1435 218 69 Windy
805 1435 263 69 Poplars,
1116 1436 77 68 by
1242 1435 65 54 L.
1359 1435 78 53 M.
1490 1435 415 69 Montgomery.
1994 1436 137 53 New

142 1514 176 67 York,
346 1513 310 54 Frederick
682 1513 70 53 A.
785 1512 200 56 Stokes
1012 1530 297 52 company,
1338 1515 150 52 1936.

208 1586 620 52 5 p. l., 3-301 p. 19½ cm .
139 1641 53 53 ©
216 1646 115 47 July
355 1645 69 48 10,
449 1645 114 40 1936;
617 1645 68 42 2c.
711 1645 115 47 July
851 1645 55 39 15;
962 1644 81 42 aff.
1070 1644 115 48 July
1212 1645 55 40 14;
1323 1646 40 38 A
1387 1645 142 40 96513;
1590 1644 262 40 Frederick
1876 1646 54 38 A.
1962 1645 172 41 Stokes

208 1712 66 31 co.
344 1702 278 48 (36-15378)

138 1792 210 62 Moret,
372 1790 219 66 André,
616 1809 179 48 comp,
821 1791 115 54 and
960 1794 67 51 tr.

139 1865 1969 224 ... Le lyrisme allemand au XVII e siècle; étude liminaire, présentation et traductions de André Moret ... Paris, La Renaissance du livre [1935]
210 2091 1914 52 214 p., 1 l. front. (port.) 17½cm. (Les cent chefs-d’œuvre étrangers)
212 2148 216 48 “Aperçu
461 2147 447 49 bibliographique”;
974 2159 42 37 p.
1053 2148 157 41 57-62.

142 2204 1991 54 © Sept. 25, 1935; 1c. Apr. 9, 1936; A- Foreign 31303; Renaissance du
212 2265 133 40 livre.
416 2264 279 50 (36-15610)

140 2357 184 64 Murr,
351 2356 132 65 Jan,
510 2357 194 65 pseud.

219 2475 55 11 ...
316 2432 110 52 Die
462 2449 237 35 manner
736 2431 99 52 der
873 2430 245 53 fortune.
1193 2430 258 69 Leipzig,
1489 2431 63 53 P.
1593 2432 125 53 List
1762 2465 13 34 [
1779 2438 18 21 c
1802 2433 129 51 1935
1939 2466 12 33 ]

213 2500 1920 51 2 p. l., 7-251, [1] p. 20½ cm . (On cover; Die welt der fahrten und
142 2558 286 48 abenteuer)

143 2614 1994 54 © Sept. 25, 1935; 1c. Mar. 19, 1936; A-Foreign 30958; Paul List verlag.
222 2674 278 49 (36-35608)

141 2756 145 53 New
308 2755 162 54 York
505 2755 217 67 (State)
804 2755 184 66 Laws,
1011 2760 257 59 statutes,
1292 2760 87 48 etc.

218 2832 279 55 Criminal
542 2833 110 52 law
695 2833 112 52 and
848 2830 247 69 practice
1136 2831 64 53 of
1238 2832 96 52 the
1375 2837 145 49 state
1561 2832 63 53 of
1664 2834 138 53 New
1843 2834 180 71 York,
2063 2835 75 71 by

147 2911 196 53 Frank
374 2912 66 53 B.
475 2909 225 56 Gilbert
737 2953 55 10 ...
830 2910 312 68 consisting
1171 2910 63 52 of
1264 2911 95 53 the
1389 2912 180 51 Penal
1600 2912 128 68 law,
1761 2913 95 54 the
1887 2913 155 55 Code
2075 2915 64 54 of

147 2989 261 53 criminal
440 2988 327 68 procedure,
797 2988 206 53 habeas
1036 3005 202 51 corpus
1271 2990 111 52 and
1414 2990 314 68 certiorari,
1756 2992 95 53 the
1883 2992 256 55 Inferior

146 3067 261 54 criminal
434 3071 186 49 courts
646 3073 107 60 act,
777 3066 205 52 Parole
1009 3066 357 53 commission
1387 3068 111 52 law
1527 3069 93 53 for
1644 3068 125 54 first
1794 3071 143 54 class
1963 3073 176 67 cities,

147 3145 113 53 and
294 3144 320 56 Children’s
645 3151 160 46 court
835 3148 105 64 act,
968 3144 291 53 Domestic
1283 3144 270 55 relations
1581 3154 160 47 court
1768 3154 107 63 act,
147 3150 1968 140 exhaustively

379 3222 336 67 annotated;
772 3225 162 49 court
988 3222 293 68 decisions,
1334 3242 193 35 source
1580 3232 159 47 notes
1796 3227 112 53 and
141 3247 1997 120 cross-references,

492 3319 60 34 as
575 3299 274 54 amended
871 3306 58 46 to
948 3300 95 52 the
1065 3299 107 54 end
1195 3299 64 52 of
1280 3301 95 53 the
1395 3300 319 71 legislative
1737 3306 227 68 session,
1990 3310 149 51 1936.

151 3378 129 53 19th
326 3376 103 69 ed.,
475 3378 189 52 edited
710 3379 113 51 and
867 3380 308 52 annotated
1217 3379 75 69 by
1336 3381 216 68 Joseph
1597 3382 68 54 R.
1714 3382 313 72 Clevenger
2078 3430 55 10 ...

148 3456 247 67 Albany,
425 3455 69 53 N.
526 3456 90 65 Y.,
643 3455 82 53 M.
753 3456 225 52 Bender
1005 3458 46 51 &
1079 3475 297 51 company,
1404 3457 419 72 incorporated,
1855 3467 151 50 1936.

220 3528 1917 58 2 p. l., iii-xxxii p., 1 l., 826 (i. e. 868) p., 1 l., 1176 (i. e. 1216) p. 26 cm .
221 3586 248 48 Irregular
499 3585 191 49 paging.

222 3642 72 40 On
315 3652 140 30 cover;
509 3641 226 41 Gilbert’s
756 3644 265 38 annotated
1044 3642 235 42 Criminal
1300 3647 114 38 code
1437 3649 96 38 and
1556 3649 140 46 penal
1719 3650 109 40 law.

223 3699 175 39 “Table
422 3698 51 41 of
499 3700 332 38 amendments
858 3699 50 38 in
934 3698 142 41 1936”
1104 3710 59 30 on
1189 3701 136 40 front
1350 3701 335 51 lining-paper.

148 3751 53 52 ©
225 3755 113 46 July
363 3756 38 46 7,
429 3753 138 47 1936;
594 3755 68 39 2c.
688 3754 95 38 and
808 3754 81 42 aff.
916 3755 115 47 July
1055 3754 52 49 9;
1136 3757 39 38 A
1200 3755 141 43 96363;
1399 3760 235 40 Matthew
1660 3762 190 40 Bender
1876 3764 38 41 &
1937 3774 83 39 co.,
2045 3766 79 40 inc

227 3811 278 48 (36-15547)

149 3893 130 64 Orr,
308 3892 317 64 Christine,
656 3899 170 49 1899-

221 3969 214 67 Flying
484 3967 402 69 Scotswoman,
929 3969 75 68 by
1052 3969 289 55 Christine
1388 3972 130 55 Orr.
1600 3975 256 71 London,
1902 3980 146 54 Rich
2095 3986 44 51 &

153 4045 228 68 Cowan,
409 4046 104 53 ltd.
546 4049 173 64 [1936]
