2519 4377
1345 4148 99 51 818

371 462 269 64 Beasley,
668 462 191 55 David
887 463 58 55 S.

445 538 270 54 Business
748 540 239 66 technic,
1020 540 75 69 by
1128 540 194 54 David
1360 541 56 55 S.
1452 541 268 68 Beasley;
1758 542 283 68 prepared
2073 543 181 52 under
2289 544 95 51 the

371 617 1950 71 supervision of the editorial board of the University society …
373 697 1815 70 New York, The University society, incorporated [ c 1936]
445 770 101 48 viii,
578 770 89 42 129
695 781 43 38 p.
799 769 155 50 diagr.
1014 771 146 40 20½cm.
1232 770 258 47 (Personal
1521 771 314 50 engineering
1864 772 165 41 series.
2108 774 90 38 [vol.
2309 774 14 46 VI])

446 828 381 49 Bibliography:
858 839 44 38 p.
934 828 217 42 128-129.

374 890 53 54 ©
456 896 114 47 May
600 896 39 47 7,
669 893 142 49 1936;
842 894 68 41 2c.
937 896 115 47 May
1081 894 55 41 27;
1197 895 83 41 aff.
1311 896 114 47 May
1453 895 84 48 25;
1568 896 42 40 A
1640 894 171 50 95406;
1846 895 287 50 University
2159 907 109 40 soc.,
2297 897 92 41 inc.

455 959 283 48 (36-13813)

373 1062 250 64 Benton,
650 1063 214 64 Roger,
889 1063 195 66 pseud.

443 1137 208 55 Where
688 1138 72 53 do
793 1138 32 52 I
861 1157 72 51 go
971 1137 153 54 from
1160 1138 166 54 here?
1402 1139 122 53 The
1557 1137 107 55 life
1699 1144 157 65 story
1892 1138 65 55 of
1993 1158 32 34 a
2063 1138 225 71 forger;
2328 1158 60 36 as

375 1215 120 54 told
532 1222 59 48 to
628 1216 217 53 Robert
884 1215 68 56 O.
993 1217 210 53 Ballou
1239 1217 76 70 by
1354 1217 191 70 Roger
1587 1219 254 67 Benton;
1885 1217 391 54 introduction
2313 1217 75 71 by

374 1293 1776 72 Lewis E. Lawes … New York, L. Furman, inc. [ c 1936]
447 1369 103 49 xiii,
586 1369 174 42 13-314
793 1380 44 37 p.
897 1368 116 42 21cm.

377 1434 53 53 ©
458 1438 129 41 June
613 1437 70 48 10,
713 1437 118 41 1936;
887 1437 66 41 2c.
984 1437 130 40 June
1139 1437 82 47 11;
1255 1436 82 41 aff.
1369 1438 127 40 June
1526 1437 83 47 12;
1638 1437 42 40 A
1709 1437 171 48 94901;
1914 1438 93 41 Lee
2039 1438 231 48 Furman,
2301 1437 91 41 inc.

458 1501 284 48 (36-14131)

377 1604 277 66 Brachet,
685 1604 230 67 Albert,
948 1610 327 51 1869-1930.

379 1680 1989 147 … Traité d’embryologie des vertébrés. 2. éd., rev. et complétée
377 1758 2017 149 par A. Dalcq et P. Gérard … Avec 603 figures. Paris, Masson et ci e , 1935.
448 1912 777 49 viii, 690 p., 1 l. illus. 25 cm .
448 1969 821 42 At head of title: A. Brachet …
453 2028 183 41 “Index
665 2027 451 48 bibliographique”
1146 2029 52 39 at
1226 2028 82 40 the
1339 2028 91 40 end
1459 2027 53 40 of
1538 2027 127 41 most
1691 2025 54 42 of
1770 2026 84 43 the
1881 2026 242 49 chapters.

381 2092 2015 54 © Nov. 2, 1935; 1c. Apr. 3, 1936; A-Foreign 31202; Masson et cie.
463 2160 284 49 (36-13845)

383 2264 263 64 Bricker,
674 2264 287 54 Herschel
988 2264 288 60 Leonard,
1303 2263 84 53 ed.

454 2340 126 56 Our
610 2341 223 53 theatre
864 2341 204 68 today;
1105 2361 31 35 a
1169 2340 310 68 composite
1511 2339 306 54 handbook
1849 2357 68 36 on
1955 2339 96 53 the
2085 2344 106 59 art,
2224 2337 171 66 craft,

383 2421 113 53 and
524 2425 400 64 management
949 2419 64 53 of
1035 2420 96 52 the
1157 2425 436 61 contemporary
1618 2419 238 66 theatre,
1882 2418 73 68 by
1983 2418 224 52 Arthur
384 2418 1987 147 Hopkins,
558 2499 190 54 Brock

775 2496 1616 70 Pemberton, Alfred Harding … [and others] edited
385 2576 1975 148 by Herschel L. Bricker … New York, Los Angeles, S. French; London, S. French, ltd., 1936.
459 2729 151 48 xxvii,
636 2729 88 42 427
749 2741 43 38 p.
820 2730 110 41 incl.
956 2730 143 47 illus.,
1127 2730 171 47 plates,
1327 2730 135 46 port.,
1492 2727 180 50 diagrs.
1733 2728 53 39 21
1791 2729 44 22 cm
1841 2759 8 9 .

461 2787 351 50 Bibliography:
872 2798 41 38 p.
945 2787 218 41 409-415.

386 2851 53 54 ©
469 2856 122 39 Mar.
618 2854 71 49 28,
719 2853 114 41 1936;
891 2853 67 41 2c.
989 2855 95 39 and
1114 2853 82 41 aff.
1227 2854 127 39 June
1384 2853 55 39 17;
1499 2852 41 40 A
1564 2851 146 41 96028;
1773 2852 195 41 Samuel
2000 2850 203 41 French.

466 2918 283 48 (36-27263)

387 3020 346 66 Bridgman,
760 3022 188 63 Percy
974 3019 308 64 Williams,
1314 3025 170 50 1882-

461 3091 1875 74 The nature of physical theory, by P. W. Bridgman …
390 3175 314 53 Published
739 3194 72 34 on
843 3175 96 53 the
971 3174 176 53 Louis
1179 3172 177 56 Clark
1390 3172 295 54 Vanuxem
1719 3169 361 55 foundation.
391 3170 1983 148 Princeton,
539 3253 307 53 Princeton
876 3250 317 55 university
1228 3269 173 50 press,
1435 3253 147 50 1936.

460 3323 550 50 4 p. l. . 138 p. 22cm.
463 3381 85 39 “In
586 3381 253 47 expanded
876 3380 126 39 form
1041 3381 82 39 the
1160 3379 259 40 substance
1455 3379 51 39 of
1546 3380 135 39 three
1719 3379 249 38 Vanuxem
2013 3379 207 38 lectures
2257 3377 138 45 given

389 3440 52 37 at
472 3437 258 41 Princeton
760 3436 273 48 university
1064 3437 48 39 in
1144 3436 262 41 December
1437 3434 352 43 1935.”—Pref.

390 3502 53 53 ©
480 3507 115 48 May
632 3504 69 49 32,
741 3504 140 47 1936;
921 3505 67 41 2c.
1025 3505 126 40 June
1189 3504 53 46 2;
1284 3503 82 42 aff.
1406 3504 113 48 May
1558 3502 81 48 15;
1680 3502 44 45 A
1758 3501 172 49 95511;
1974 3500 257 41 Princeton
2271 3498 129 43 univ.

462 3581 149 38 press.
683 3568 281 50 (36-27290)

391 3673 493 63 Charbonneaux,
910 3672 168 55 Jean.

527 3743 1873 72 … Les terres cuites grecques; photographies de Songez.
394 3827 184 65 Paris,
607 3827 65 54 L.
699 3826 298 68 Reynaud,
1027 3829 149 50 1936.

466 3899 1014 51 24 p. illus.. 88 pl. on 44 l. 27 × 21cm.
468 3956 395 49 “Bibliographie
892 3955 309 43 sommaire”:
1232 3967 42 38 p.
1303 3955 69 40 24.

393 4015 2009 56 © Jan. 20, 1936; 1c. Apr. 8; A- Foreign 31356; Librairie d’art Louis
475 4087 240 51 Reynaud.
781 4085 282 50 (36-13948)
