2519 4377
1039 4131 101 50 323

86 477 119 52 The
241 493 129 36 new
408 477 255 66 Century
698 476 321 66 dictionary
1057 475 64 54 of
1156 476 96 52 the
1288 475 246 69 English
1571 478 302 67 language,
1909 477 170 53 based

156 573 71 33 on
274 558 206 49 matter
527 554 238 53 selected
815 552 152 54 from
1014 553 97 53 the
1157 552 247 69 original
1455 552 253 69 Century
1758 554 321 67 dictionary

156 632 112 53 and
300 631 240 67 entirely
571 631 308 67 rewritten,
910 628 140 55 with
1081 630 98 54 the
1208 631 261 53 addition
1499 630 65 54 of
1596 649 33 34 a
1656 637 163 62 great
1849 637 232 47 amount

157 709 65 53 of
259 727 123 35 new
421 709 280 68 material,
740 709 113 52 and
893 706 334 70 containing
1264 708 99 55 the
1401 714 164 62 great
1602 727 150 35 mass
1790 708 66 53 of
1897 710 184 52 words

157 788 112 52 and
301 787 234 68 phrases
562 787 61 52 in
654 787 276 67 ordinary
957 804 112 35 use.
1147 788 185 66 12,000
1363 786 339 68 quotations.
1778 790 154 64 4,000

156 786 1902 132 pictorial
369 864 395 54 illustrations.
857 864 212 53 Edited
1114 864 77 66 by
1235 863 77 53 H.
1360 863 69 55 G.
1474 864 212 67 Emery
1731 865 111 52 and
1889 865 74 52 K.
2013 863 67 56 G.

158 945 310 66 Brewster;
517 942 141 54 with
704 942 388 69 supplements
1139 940 65 55 of
1249 960 307 50 synonyms
1604 943 112 53 and
1766 949 318 62 antonyms,

159 1020 227 69 foreign
423 1022 186 52 words
646 1021 112 53 and
796 1020 251 68 phrases,
1083 1019 395 69 biographical
1519 1039 207 50 names,
157 1022 1898 131 geographical

157 1097 1900 148 names, etc. … New York, D. Appleton-Century company [c1936]
149 1252 27 38 2
204 1261 41 28 v.
305 1250 143 46 illus.,
481 1249 84 40 col.
598 1251 170 46 plates.
828 1249 58 41 28
887 1251 45 21 cm
935 1280 9 8 .

151 1307 160 47 Paged
343 1306 350 48 continuously.

152 1364 101 39 The
299 1362 205 48 original
557 1363 214 47 Century
822 1361 271 49 dictionary
1144 1372 99 30 was
1296 1362 160 40 edited
1505 1362 61 48 by
1617 1362 215 41 William
1885 1362 195 49 Dwight

84 1419 238 48 Whitney.

84 1472 54 53 ©
164 1478 114 46 Apr.
307 1478 37 40 1.
375 1476 113 40 1936;
545 1476 68 40 2c.
639 1476 118 39 each
787 1477 96 38 and
911 1473 82 43 aff.
1024 1475 113 48 Apr.
1166 1476 25 39 3;
1251 1475 41 39 A
1319 1474 171 48 92705;
1522 1476 57 38 D.
1610 1475 477 50 Appleton-Century

154 1544 82 36 co.,
261 1533 89 39 inc.
406 1533 282 49 [Copyright
712 1533 41 39 is
778 1532 203 40 claimed
1008 1543 61 29 on
1093 1543 109 29 new
1223 1531 195 48 entries,
1446 1531 277 41 definitions
1748 1534 96 39 and
1871 1532 213 51 articles]

164 1590 250 48 (36-8285)

85 1692 145 53 New
254 1693 160 51 York
448 1692 217 67 (State)
752 1693 179 53 Court
957 1693 63 65 of
1044 1692 250 67 appeals.

158 1768 1927 68 Reports of cases decided … from and including decisions
87 1847 63 52 of
188 1847 175 67 April
402 1851 81 62 16,
525 1851 151 62 1935,
714 1853 58 46 to
813 1845 275 55 decisions
1129 1847 62 53 of
1232 1848 139 66 May
1411 1850 85 64 28,
1539 1850 150 64 1935,
1727 1847 141 52 with
1909 1853 177 62 notes,

89 1925 312 52 references
455 1925 111 52 and
618 1925 190 51 index.
883 1926 174 52 Louis
1108 1927 55 52 J.
1218 1924 343 68 Rezzemini,
1613 1929 145 49 state
1811 1930 273 62 reporter.

86 2003 241 54 Volume
358 2003 117 52 267.
550 2002 250 67 Albany,
833 2004 55 53 J.
924 2004 66 50 B.
1026 2003 163 65 Lyon
1222 2020 296 49 company,
1554 2006 150 50 1935.

150 2077 62 47 xl,
245 2075 82 40 773
359 2086 41 36 p.
459 2075 55 39 23½
548 2077 43 20 cm
596 2105 8 8 .

85 2128 2002 52 © Nov. 14, 1935; 2c. Jan. 24, 1936; aff. Jan. 28; A 91926; Edward J.
153 2188 170 48 Flynn,
358 2190 249 45 secretary
640 2188 53 39 of
728 2188 84 39 the
844 2189 132 38 state
1009 2187 53 40 of
1094 2188 116 39 New
1247 2188 144 48 York,
1427 2188 50 38 in
1514 2190 133 38 trust
1678 2188 79 40 for
1795 2189 83 39 the
1912 2187 179 41 benefit

157 2246 53 40 of
241 2246 80 40 the
354 2246 169 48 people
553 2245 51 40 of
636 2245 83 40 the
749 2246 141 48 state,
924 2244 204 48 Albany.

88 2349 144 52 New
259 2349 160 52 York
452 2349 218 66 (State)
757 2349 205 52 Courts
991 2349 62 65 of
1076 2348 215 52 record.

221 2424 1867 68 … The miscellaneous reports; cases decided … other than
90 2505 95 51 the
226 2504 179 54 Court
443 2503 63 53 of
545 2503 232 67 appeals
818 2503 112 52 and
971 2503 94 53 the
1105 2502 310 68 Appellate
1452 2502 247 53 division
1742 2503 63 51 of
1845 2505 94 51 the
89 2503 1973 145 Supreme

311 2586 176 48 court.
561 2581 213 52 Austin
806 2582 65 52 B.
908 2577 219 69 Griffin,
1159 2585 273 62 reporter.
1507 2581 241 53 Volume
1783 2585 116 63 155,
1936 2586 150 50 1935.

95 2656 236 70 [Official
369 2659 103 65 ed.]
551 2658 249 67 Albany,
834 2659 56 53 J.
926 2659 66 52 B.
1027 2659 163 65 Lyon
1226 2676 296 49 company,
1559 2662 150 49 1935.

154 2733 96 48 xiv,
279 2732 84 40 976
393 2742 43 37 p.
493 2731 54 40 23½cm.

155 2789 69 40 On
257 2798 166 30 cover:
457 2789 135 47 Mar.,
624 2786 129 48 1935,
786 2789 47 37 to
867 2787 139 47 June,
1039 2785 128 41 1935.

87 2841 54 53 ©
173 2846 118 39 Nov.
326 2845 68 48 14,
428 2843 140 47 1935;
605 2843 68 40 2c.
709 2844 109 39 Jan.
852 2843 69 46 24,
957 2842 141 47 1936;
1135 2842 82 41 aff.
1250 2843 109 39 Jan.
1395 2842 82 47 23;
1514 2843 40 39 A
1589 2842 171 48 91924;
1798 2845 214 40 Edward
2046 2845 43 40 J.

162 2903 168 46 Flynn,
359 2904 247 45 secretary
633 2901 54 39 of
714 2901 85 39 the
824 2902 128 38 state
981 2899 50 39 of
1059 2899 116 40 New
1205 2899 144 49 York,
1379 2899 49 40 in
1459 2902 129 38 trust
1616 2901 77 38 for
1724 2902 84 39 the
1834 2901 177 41 benefit
2038 2902 53 40 of

162 2960 82 39 the
267 2960 167 46 people
457 2959 52 39 of
537 2959 80 39 the
638 2960 142 45 state,
805 2957 204 46 Albany.

91 3061 144 52 New
260 3061 161 52 York
455 3060 217 67 (State)
756 3060 183 65 Laws,
965 3064 255 61 statutes,
1246 3063 101 47 etc.

164 3137 373 67 McKinney’s
589 3136 387 53 consolidated
1030 3136 136 52 laws
1218 3135 62 52 of
1335 3136 138 53 New
1527 3136 179 66 York,
1762 3137 318 52 annotated.

93 3213 1996 69 January, 1936, quarterly supplement … Brooklyn, N. Y.,
95 3296 64 50 E.
189 3295 327 64 Thompson
545 3310 296 48 company,
866 3297 19 21 c
890 3295 149 49 1936.

158 3365 280 47 cover-title,
469 3364 88 40 103
585 3375 43 37 p.
688 3363 53 41 23½
775 3366 45 20 cm
824 3395 9 8 .

92 3418 52 52 ©
176 3423 108 39 Jan.
316 3422 68 46 11,
417 3421 139 46 1936;
589 3423 67 38 2c.
690 3421 95 38 and
817 3418 82 41 aff.
932 3419 111 40 Feb.
1075 3419 81 46 17;
1191 3419 41 38 A
1264 3417 170 49 90831;
1470 3418 212 40 Edward
1715 3418 278 47 Thompson
2022 3430 67 29 co.

92 3506 144 53 New
266 3505 161 53 York
461 3506 217 65 (State)
761 3503 276 67 Supreme
1071 3508 174 48 court.

227 3580 1861 71 … Reports of cases heard and determined in the Appellate
98 3654 1988 73 division … Austin B. Griffin, reporter. Volume 214, 1935.
103 3735 236 63 [Official
362 3738 83 51 ed.]
544 3735 248 63 Albany,
817 3737 56 52 J.
899 3736 66 51 B.
991 3735 163 63 Lyon
1180 3752 295 46 company,
1504 3739 149 51 1935.

161 3810 83 47 xli,
273 3808 87 41 970
386 3820 42 36 p.
485 3807 54 41 23½cm.

165 3866 73 39 On
267 3875 136 30 cover:
465 3865 135 47 Mar.,
632 3862 129 47 1935,
792 3865 47 37 to
872 3862 139 46 June,
1043 3861 126 39 1935.

99 3917 51 52 ©
183 3922 116 38 Nov.
333 3921 67 47 12,
434 3920 140 45 1935;
609 3919 69 41 2c.
714 3919 109 39 Jan.
857 3918 70 46 24,
961 3917 140 46 1936;
1138 3916 82 41 aff.
1256 3917 110 40 Jan.
1397 3917 82 47 23;
1515 3919 41 38 A
1591 3918 170 50 91925;
1800 3922 212 41 Edward
2047 3926 43 39 J.

168 3978 167 47 Flynn,
370 3979 245 44 secretary
650 3975 53 40 of
735 3975 85 39 the
852 3975 127 38 state
1015 3972 50 40 of
1100 3973 116 39 New
1252 3973 143 48 York,
1433 3974 48 39 in
1518 3976 132 39 trust
1683 3976 81 40 for
1798 3978 82 39 the
1914 3978 179 42 benefit

169 4033 50 39 of
248 4035 80 38 the
357 4033 164 47 people
549 4032 51 39 of
625 4032 82 39 the
736 4033 141 45 state,
906 4029 204 48 Albany.
