2519 4377
1320 4162 99 47 190

343 466 293 66 Hertzler,
667 466 236 54 Arthur
931 466 306 64 Emanuel,
1269 470 171 53 1870-

342 542 2016 147 … Surgical pathology of the gastro-intestinal tract, by Arthur E. Hertzler … 242 illustrations. Philadelphia, Mont­
343 698 1383 71 real [etc.] J. B. Lippincott company [ c 1936]
416 770 137 49 xviii,
590 771 86 41 311
716 782 43 38 p.
820 771 130 40 illus.
1009 770 58 41 24½
1099 773 45 21 cm
1148 802 9 9 .
1234 772 291 49 (Hertzler’s
1564 773 327 49 monographs
1928 784 62 30 on
2028 774 214 48 surgical
343 785 2000 91 pathology)

419 884 339 42 “Literature”
791 888 52 39 at
875 886 92 40 end
999 885 53 41 of
1082 886 120 40 each
1232 887 216 47 chapter.

347 957 52 53 ©
436 961 110 41 Jan.
582 960 70 49 27,
689 960 143 47 1936;
868 959 68 42 2c.
974 959 95 41 and
1106 959 83 42 aff.
1227 960 109 42 Jan.
1373 961 82 48 31;
1495 962 40 39 A
1572 961 171 48 91556;
1783 962 53 41 A.
1876 963 52 41 E.
1967 962 241 50 Hertzler,

420 962 1924 106 Halstead,
607 1019 126 40 Kan.
806 1016 253 50 (36-6469)

344 1123 421 64 Hockenbury,
793 1123 213 63 Myron
1036 1123 281 64 Downey.

416 1199 171 53 Make
625 1198 263 68 yourself
926 1217 33 35 a
996 1199 126 68 job;
1167 1219 31 34 a
1238 1200 228 54 student
1503 1200 389 69 employment
1930 1201 324 67 handbook,
2288 1202 73 68 by

347 1279 209 68 Myron
601 1278 260 67 Downey
903 1278 409 67 Hockenbury,
1397 1323 9 10 A.
1489 1322 29 25 B.,
1634 1324 10 10 LL.
1728 1324 8 9 B.
1818 1279 381 71 Harrisburg,
2243 1282 120 67 Pa.,

347 1357 278 68 Dauphin
655 1356 341 69 publishing
1023 1376 300 50 company,
1356 1361 149 51 1936.

417 1432 88 40 160
533 1443 42 38 p.
634 1432 156 47 diagr.
847 1432 59 40 20½
936 1435 45 21 cm
986 1464 8 8 .

420 1488 251 42 “Selected
702 1489 398 48 bibliography”:
1134 1501 42 37 p.
1203 1489 215 40 159-160.

349 1555 53 54 ©
429 1560 111 40 Jan.
570 1560 69 47 10,
670 1560 119 41 1936;
842 1559 67 41 2c.
941 1561 109 39 Jan.
1081 1561 82 46 15;
1196 1560 81 41 aff.
1311 1561 109 40 Feb.
1451 1561 81 47 14;
1565 1562 44 40 A
1633 1560 145 42 90803;
1839 1563 63 39 M.
1935 1563 57 40 D.
2024 1562 342 52 Hockenbury,

420 1618 320 49 Harrisburg,
767 1619 84 40 Pa.
916 1618 254 49 (36-6075)

348 1722 232 66 Horler,
611 1723 260 65 Sydney,
906 1728 172 50 1888-

420 1801 122 52 The
571 1802 226 65 traitor,
826 1801 74 66 by
932 1800 233 68 Sydney
1193 1801 230 53 Horler.
1500 1803 236 64 Boston,
1764 1802 197 66 Little,
1991 1803 231 64 Brown,
2252 1802 109 53 and
349 1897 300 49 company,
682 1882 151 50 1936.

419 1950 63 48 vi,
510 1949 86 42 313
624 1960 44 38 p.
730 1949 57 41 19½cm.

352 2020 53 57 ©
434 2025 122 40 Mar.
587 2024 39 48 8,
658 2023 141 48 1936;
832 2024 67 40 2c.
932 2025 96 39 and
1056 2023 82 42 aff.
1170 2025 122 39 Mar.
1323 2025 51 45 7;
1408 2024 39 39 A
1477 2023 144 41 93093;
1685 2024 43 41 S.
1762 2025 192 49 Horler,
1987 2025 213 41 London.

429 2080 254 50 (36-6319)

351 2187 246 64 Hurley,
624 2187 221 55 Duran.

421 2263 355 69 Monsignor,
809 2281 31 33 a
874 2262 163 53 novel
1067 2263 73 69 by
1172 2262 196 53 Doran
1402 2262 240 68 Hurley.
1717 2261 136 52 New
1890 2260 179 70 York,
2101 2262 270 68 Toronto,

351 2342 344 69 Longmans,
730 2341 186 55 Green
951 2341 111 52 and
1099 2360 97 49 co.,
1232 2343 149 51 1936.

423 2413 541 49 5 p. l. , 305 p. 19 cm .
424 2472 163 39 “First
621 2470 230 41 edition.”

355 2528 53 54 ©
439 2533 111 39 Feb.
580 2531 68 49 10,
682 2531 142 48 1936;
858 2531 68 41 2c.
960 2532 94 38 and
1088 2530 83 40 aff.
1206 2530 111 40 Feb.
1350 2529 82 47 21;
1468 2530 39 38 A
1539 2528 171 48 91863;
1747 2530 56 40 D.
1838 2530 204 49 Hurley,
2076 2530 118 39 New
2225 2530 145 40 York.

434 2588 253 50 (36-6126)

353 2692 243 54 Illinois.
671 2695 185 63 Laws,
880 2698 259 59 statutes,
1162 2698 100 46 etc.

428 2770 393 56 Smith-Hurd
880 2769 227 53 Illinois
1166 2768 308 53 annotated
1530 2772 256 48 statutes.
1881 2770 348 51 Permanent
2285 2768 86 52 ed.

359 2850 372 68 Comprising
771 2850 96 53 the
907 2849 139 53 laws
1087 2848 62 53 of
1191 2867 31 34 a
1262 2850 230 65 general
1534 2847 111 51 and
1687 2854 338 60 permanent
2066 2851 203 48 nature
2309 2846 62 52 in

356 2930 157 51 force
551 2933 58 49 at
643 2930 99 52 the
777 2929 107 52 end
921 2928 64 53 of
1021 2928 96 51 the
1151 2925 362 68 fifty-eighth
1552 2925 246 54 General
1835 2927 299 66 assembly,
2169 2926 202 52 fourth

357 3008 212 67 special
609 3009 230 57 session,
880 3006 320 53 November
1241 3009 84 63 23,
1368 3008 150 49 1934.
1593 3004 159 67 Kept
1792 3010 58 47 to
1892 3005 136 52 date
2064 3004 79 67 by
357 3022 1990 117 cumulative
576 3088 212 51 annual
831 3085 199 67 pocket
1075 3088 178 64 parts,
1296 3082 138 53 with
1478 3081 364 53 annotations
1886 3082 155 53 from
2083 3083 97 52 the
2222 3101 150 34 cases

358 3164 336 67 construing
731 3182 63 33 or
834 3162 282 68 applying
1152 3163 94 51 the
1285 3161 155 66 laws,
1479 3161 111 52 and
1630 3159 139 53 with
1809 3161 182 53 tables
2031 3162 111 52 and
2182 3161 188 53 index.

361 3244 254 67 Chapter
645 3246 82 49 38.
796 3241 284 55 Criminal
1110 3241 152 52 code.
1329 3242 26 64 §
1380 3243 99 48 581
1510 3243 57 48 to
1597 3239 126 53 end.
1790 3241 90 64 By
1907 3240 97 52 the
2032 3239 341 67 publishers’

359 3323 267 51 editorial
671 3317 150 56 staff.
901 3319 270 67 Chicago,
1215 3318 114 60 Ill.,
1372 3318 279 51 Burdette
1696 3316 190 55 Smith
1930 3335 310 50 company;
2289 3316 82 55 St.

360 3400 166 65 Paul,
561 3400 203 58 Minn.,
797 3400 161 54 West
995 3396 338 68 publishing
1367 3413 107 41 co.;
1516 3396 226 52 Kansas
1780 3396 152 66 City,
1968 3396 136 57 Mo.,
2139 3397 233 53 Vernon

360 3480 108 51 law
495 3478 148 52 book
669 3495 281 48 company
981 3510 11 33 [
999 3483 17 20 c
1023 3479 132 49 1935]

430 3564 45 35 x,
505 3551 89 41 503
621 3563 43 36 p.
725 3551 55 38 24½
813 3553 44 20 cm
863 3581 7 7 .

362 3605 52 53 ©
453 3611 110 38 Dec.
604 3609 71 46 21,
714 3607 140 46 1935;
895 3607 68 40 2c.
1004 3607 109 38 Jan.
1155 3605 68 46 18.,
1264 3603 141 47 1936;
1448 3603 82 41 aff.
1570 3604 109 39 Jan.
1719 3602 82 41 20:
1842 3603 37 38 A
1921 3602 172 48 91356;
2136 3603 239 40 Burdette

437 3666 155 40 Smith
619 3677 82 36 co.,
728 3665 192 39 Vernon
947 3665 95 38 law
1070 3663 120 39 book
1217 3673 82 31 co.,
1326 3662 94 38 and
1449 3661 134 40 West
1609 3660 108 48 pub.
1744 3671 67 29 co.

362 3770 277 59 Jansson,
667 3767 224 53 Martin
920 3768 68 54 E.

435 3838 1877 73 Handbook of applied mathematics, by Martin E. Jansson …
365 3915 2006 73 2d ed. Rev. and enl. by Herbert Druery Harper … with a
365 3994 2007 71 section on business mathematics by Peter L. Agnew … New
369 4076 1452 66 York, D. Van Nostrand company, inc. [ c 1936]
