2519 4377
1129 4124 97 49 181

180 483 445 54 Southwestern
653 483 267 61 reporter
952 480 101 63 (2d
1082 478 143 63 ser.)

250 562 181 50 Texas
471 556 275 55 decisions
786 556 262 66 reported
1091 555 57 52 in
1194 555 180 54 South
1418 560 236 47 western
1693 556 269 63 reporter.

180 553 1967 137 Second
322 636 182 53 series,
571 636 136 52 vols.
740 638 62 48 88
843 634 126 65 (2d)
1010 633 111 51 and
1152 636 66 48 84
1256 632 126 66 (2d)
1457 630 530 66 July-September,
2020 634 150 60 1935,

182 707 1989 70 with key number annotations … St. Paul, West publishing
179 809 96 45 co.,
305 794 148 49 1935.

247 863 24 39 1
300 874 41 29 v.
394 863 56 39 26
454 865 42 20 cm
503 894 7 8 .

244 919 208 40 Various
482 919 216 49 pagings.

178 987 52 50 ©
259 992 111 38 Dec.
400 991 40 46 2,
471 990 112 40 1935;
643 991 66 38 2c.
742 989 109 39 Jan.
883 988 68 46 18,
983 986 138 46 1936;
1157 986 80 40 aff.
1269 987 108 38 Jan.
1409 986 81 45 20;
1526 987 38 37 A
1594 985 170 45 91371;
1800 986 136 39 West
1965 985 109 46 pub.
2106 994 67 32 co.

179 1109 280 63 Stimson,
485 1108 192 63 Philip
704 1109 189 52 Moen.

251 1185 53 50 A
350 1185 227 51 manual
624 1183 64 51 of
735 1182 93 53 the
877 1198 252 35 common
1177 1179 326 68 contagious
1551 1177 256 68 diseases,
1854 1178 74 68 by
1977 1176 196 70 Philip

180 1255 1995 69 Moen Stimson … 2d ed., thoroughly rev. Illustrated with
182 1341 63 48 53
293 1337 340 69 engravings
679 1338 109 51 and
836 1339 30 48 3
915 1334 192 68 plates.
1199 1332 422 70 Philadelphia,
1667 1333 112 51 Lea
1824 1335 45 50 &
1918 1333 258 69 Febiger,

183 1418 147 49 1936.

248 1481 1581 52 437 p. illus., III pl. (1 fold.) diagrs. (1 mounted) 20 cm .
249 1543 151 40 Table
428 1552 59 29 on
515 1542 338 46 lining-paper.

251 1599 347 48 Bibliography
626 1600 52 39 at
705 1599 91 40 end
823 1597 52 41 of
901 1597 116 41 each
1046 1597 214 48 chapter.

178 1671 52 52 ©
264 1675 108 39 Jan.
407 1674 68 46 25,
509 1672 140 47 1836;
685 1672 66 40 2c.
787 1673 95 37 and
917 1670 80 40 aff.
1034 1671 108 39 Jan.
1178 1669 82 47 29;
1297 1670 41 39 A
1371 1670 169 46 90544;
1580 1671 95 39 Lea
1711 1671 38 39 &
1783 1670 216 49 Febiger.

259 1730 249 49 (36-5918)

181 1834 292 63 Stockley,
504 1831 277 66 Cynthia.

252 1912 182 51 Three
461 1911 206 53 sisters.
749 1909 360 66 [Instalment
1140 1912 46 62 1]

261 1982 84 48 (In
369 1980 85 51 My
481 1980 157 49 home,
666 1978 126 51 Jan.,
822 1978 142 50 1936)

180 2049 1998 55 © 1c. Feb. 14, 1936; A ad int. 21129; pubd. Dec. 20, 1935; Dorothy
249 2110 207 48 Wymer,
491 2110 247 45 Worthen,
777 2108 157 47 Salop,
971 2108 235 46 England.

180 2212 231 66 Taylor,
441 2213 174 65 Coley
642 2212 219 65 Banks,
892 2217 171 50 1899-

251 2291 171 52 Mark
449 2290 248 53 Twain’s
723 2290 254 68 margins
1006 2308 71 34 on
1105 2288 378 68 Thackeray’s
1511 2287 265 69 “Swift”,
1801 2289 76 67 by
1905 2290 174 67 Coley
2109 2293 65 50 B.

183 2369 227 68 Taylor.
486 2370 137 52 New
655 2368 179 68 York,
865 2368 248 55 Gotham
1143 2368 189 64 house,
1363 2372 150 48 1935.

256 2442 57 41 55
341 2453 43 39 p.
443 2442 27 39 21½
532 2444 42 21 cm
580 2473 9 8 .

257 2498 145 40 “This
441 2498 182 40 edition
666 2498 41 39 is
748 2497 187 40 limited
979 2499 49 39 to
1069 2506 88 30 one
1198 2497 243 40 thousand
1481 2498 173 47 copies,
1699 2497 52 40 of
1794 2498 157 40 which
1995 2498 98 40 this
2137 2499 40 39 is

185 2555 200 40 number
408 2555 100 39 241.
567 2554 125 41 Nine
719 2555 220 40 hundred
964 2555 94 39 and
1085 2553 110 49 fifty
1220 2554 159 47 copies
1405 2564 83 30 are
1515 2554 78 39 for
1617 2555 127 47 sale;
1771 2554 111 48 fifty
1909 2555 124 41 have
2060 2556 116 40 been

185 2615 75 38 set
286 2613 135 40 aside
444 2612 78 40 for
551 2612 80 41 the
661 2622 84 30 use
771 2612 51 40 of
851 2612 81 40 the
957 2612 204 47 literary
1188 2610 209 42 critics.”

257 2669 325 47 Thackeray’s
619 2678 142 38 essay
801 2680 57 28 on
901 2668 144 41 Swift
1081 2667 42 42 is
1161 2678 88 30 one
1287 2668 51 39 in
1376 2678 26 30 a
1441 2668 251 40 collection
1729 2668 256 49 published
2025 2671 152 39 under

187 2726 82 40 the
303 2725 135 41 title;
474 2726 102 39 The
609 2726 201 47 English
846 2724 300 41 humourists
1184 2725 50 41 of
1268 2726 81 40 the
1384 2725 279 48 eighteenth
1698 2727 217 47 century.

181 2793 53 53 ©
259 2798 119 47 Aug.
405 2797 69 48 15,
503 2796 139 47 1935;
669 2797 66 39 2c.
766 2797 109 39 Feb.
905 2797 38 47 5,
971 2796 140 46 1936;
1142 2796 82 40 aff.
1254 2797 109 39 Feb.
1393 2797 81 46 14;
1506 2797 41 38 A
1573 2796 170 47 91762;
1778 2797 208 40 Gotham
2015 2798 162 48 house,

249 2854 91 41 inc.
409 2853 251 50 (36-5942)

183 2958 251 65 Thayer,
463 2960 133 62 Lee,
628 2961 171 53 1874-

252 3033 163 53 Dead
460 3034 108 52 end
614 3039 188 61 street,
845 3051 73 35 no
964 3034 194 66 outlet,
1205 3033 75 68 by
1325 3033 110 53 Lee
1480 3033 245 68 Thayer.
1809 3033 139 53 New
1997 3032 180 69 York,

182 3110 189 68 Dodd,
396 3111 171 53 Mead
596 3110 44 50 &
671 3129 296 52 company,
998 3114 149 50 1936.

252 3183 526 49 5 p. l. , 274 p. 19 cm .
182 3252 52 52 ©
259 3257 109 40 Feb.
392 3256 69 48 28,
486 3256 139 42 1936;
652 3257 67 40 2c.
746 3258 119 38 Mar.
891 3257 52 47 2;
972 3257 82 40 aff.
1081 3258 121 39 Mar.
1226 3258 53 45 4;
1306 3258 44 38 A
1370 3256 171 48 92094;
1570 3258 154 48 Dodd,
1751 3259 142 39 Mead
1917 3259 36 39 &
1978 3269 81 37 co.,
2086 3260 90 40 inc.

261 3312 248 49 (36-5936)

183 3414 352 65 Thompson,
565 3416 178 53 Lorin
774 3417 274 62 Andrew,
1084 3423 170 49 1902-

257 3491 306 54 Interview
601 3492 126 54 aids
762 3494 111 52 and
911 3493 161 53 trade
1108 3493 285 68 questions
1432 3492 91 54 for
1563 3494 383 69 employment
1985 3493 194 68 offices,

185 3568 1966 146 by Lorin Andrew Thompson, jr. … assisted by Daniel C. Laurence … [and] Archie
931 3648 1245 69 Allardyce … foreword by Col. Henry
187 3722 1992 72 M. Waite … New York and London, Harper & brothers,
190 3802 150 51 1936.

253 3870 115 47 xvii,
399 3869 84 42 173
516 3881 42 37 p.
592 3870 109 43 incl.
733 3872 167 40 forms.
959 3873 56 39 22
1018 3875 43 21 cm
1066 3904 10 9 .

258 3926 161 41 “First
453 3927 226 40 edition.”

185 3993 52 53 ©
273 3999 108 39 Jan.
418 3999 69 46 23,
525 4000 139 47 1936;
704 4001 65 39 2c.
808 4002 109 40 Jan.
952 4002 82 47 21;
1074 4002 82 41 aff.
1194 4003 108 39 Jan.
1339 4002 83 48 25;
1461 4004 41 39 A
1538 4004 169 48 90479;
1748 4006 192 48 Harper
1980 4006 36 39 &
2051 4007 125 40 bros.

264 4054 248 50 (36-5914)
