2519 4377
1325 4135 133 49 1142

440 614 893 51 2 p. l., vii-x, 52 p. ports. 20 cm .
372 683 53 53 ©
457 688 113 47 Apr.
602 686 71 49 29,
706 687 141 47 1936;
882 688 68 41 2c.
983 688 117 48 July
1133 690 82 47 17;
1250 689 83 40 aff.
1368 689 117 48 July
1518 690 82 47 16;
1634 691 41 38 A
1708 690 171 48 96517;
1917 691 260 40 Internatl.
2213 700 93 33 soc.
2340 692 53 38 of

443 744 254 41 Christian
734 745 257 50 endeavor,
1029 747 196 39 Boston.
1299 746 283 51 (36-18435)

371 850 196 64 Clark,
593 850 264 55 Thomas
883 850 222 65 Curtis,
1134 853 173 55 1877-

442 929 188 54 Home
656 929 171 54 roads
855 930 112 53 and
996 929 96 54 far
1119 930 283 68 horizons,
1430 948 169 51 songs
1626 930 113 55 and
1768 936 245 64 sonnets,
2040 932 74 68 by
2142 932 249 53 Thomas

373 1007 195 56 Curtis
615 1007 195 56 Clark.
911 1008 272 68 Chicago,
1228 1010 138 53 New
1413 1010 181 67 York,
1638 1009 246 68 Willett,
1933 1010 177 55 Clark
2155 1015 46 49 &
371 1029 1997 124 company,

569 1089 151 51 1935.

444 1158 483 49 6 p. l., 116 p. 20½cm.
375 1211 53 54 ©
455 1216 102 42 Oct.
582 1216 71 48 22,
678 1216 114 41 1935;
848 1216 68 42 2c.
944 1217 127 40 June
1096 1216 70 50 26,
1194 1216 115 41 1936;
1366 1216 83 43 aff.
1476 1218 127 40 June
1629 1217 59 41 19;
1741 1219 41 39 A
1808 1218 144 41 96175;
2012 1217 205 49 Willett,
2245 1219 150 41 Clark

444 1274 35 40 &
511 1283 68 31 co.
651 1273 284 49 (36-27432)

374 1378 351 67 Coindreau,
750 1379 264 54 Maurice
1041 1379 221 65 Edgar.

446 1455 95 54 An
584 1456 343 54 alternative
971 1457 226 52 French
1240 1457 378 68 composition
1660 1456 165 67 book,
1867 1457 75 68 by
1985 1457 80 53 M.
2109 1457 69 53 E.
373 1456 1996 131 Coindreau
592 1577 56 10 ...
691 1535 114 53 and
840 1535 64 53 L.
942 1536 66 53 F.
1047 1535 76 54 H.
1160 1535 170 54 Lowe
1371 1578 56 10 ...
1468 1535 398 70 photographs
1902 1536 74 68 by
2011 1536 97 53 the
2143 1536 250 53 authors.

374 1614 139 54 New
543 1614 183 69 York,
752 1614 78 54 H.
859 1615 148 54 Holt
1034 1615 113 53 and
1177 1633 282 51 company
1512 1618 136 50 [1936]

444 1688 101 48 viii,
571 1688 101 48 260,
719 1698 134 31 lxxxv
879 1700 44 38 p.
978 1689 166 50 front.,
1172 1689 129 42 illus.
1331 1690 134 48 (incl.
1493 1693 163 46 maps)
1723 1689 55 41 19½
1810 1692 15 21 cm
1859 1721 9 9 .

445 1745 140 51 Maps
616 1758 61 29 on
706 1747 367 50 lining-papers.

377 1800 53 53 ©
460 1805 117 46 July
606 1804 71 51 30,
708 1803 142 50 1936;
882 1804 68 42 2c.
982 1805 95 40 and
1110 1805 80 40 aff.
1222 1806 121 47 Aug.
1376 1805 55 41 18;
1492 1805 41 39 A
1563 1804 145 42 97414;
1768 1805 169 46 Henry
1969 1804 120 40 Holt
2121 1805 36 40 &
2187 1814 84 38 co.,
2303 1805 92 41 inc.

457 1862 284 50 (36-18484)

375 1967 242 65 Cooper,
645 1965 165 66 Duff,
839 1971 173 51 1890-

448 2042 181 70 Haig,
672 2042 77 70 by
792 2042 145 53 Duff
985 2042 239 70 Cooper.
1306 2041 236 56 Garden
1588 2042 154 71 City,
1786 2042 71 53 N.
1902 2041 92 69 Y.,
2039 2041 360 71 Doubleday,

377 2123 200 54 Doran
606 2125 45 51 &
681 2141 300 51 company,
1010 2123 423 68 incorporated,
1464 2125 152 51 1936.

450 2196 1425 51 xiii p., 1 l., 381 p. front., ports., maps (1 fold.) 23½cm.
380 2250 52 55 ©
468 2255 116 48 July
620 2255 70 49 25,
727 2255 142 48 1936;
904 2254 68 43 2c.
1009 2255 97 40 and
1143 2254 82 43 aff.
1263 2257 121 46 Aug.
1421 2255 82 49 15;
1543 2257 41 38 A
1618 2254 173 50 98054;
1830 2254 174 41 Alfred
2042 2255 119 40 Duff
2197 2254 199 51 Cooper,

448 2313 214 41 London.
734 2313 283 49 (36-18345)

377 2419 286 64 Cotteral,
688 2419 246 55 Bonnie.

448 2496 122 53 The
597 2496 270 70 teaching
894 2496 63 55 of
983 2499 188 52 stunts
1199 2496 114 54 and
1340 2494 308 71 tumbling,
1674 2495 77 69 by
1778 2495 224 54 Bonnie
2030 2495 114 53 and
2171 2493 225 55 Donnie

379 2574 259 56 Cotteral
683 2617 57 11 ...
783 2573 143 55 with
964 2593 73 35 an
1073 2574 395 55 introduction
1506 2574 75 70 by
1616 2575 160 54 Jesse
1813 2574 243 69 Feiring
2090 2573 308 69 Williams,

435 2652 1962 71 M . D . New York, A. S. Barnes and company, incorporated,
381 2735 151 51 1936.

448 2817 79 36 XV,
553 2805 88 41 337
668 2817 44 39 p.
740 2805 109 42 incl.
877 2806 166 49 front.,
1072 2806 129 42 illus.
1256 2805 56 42 23½
1347 2807 44 22 cm
1394 2840 10 9 .

450 2863 353 52 Bibliography;
864 2875 46 40 p.
939 2863 221 44 313-320.

383 2918 53 54 ©
462 2923 116 47 July
604 2923 72 48 28,
705 2923 142 45 1936;
877 2923 68 41 2c.
974 2923 118 47 July
1118 2923 83 47 30;
1232 2922 82 40 aff.
1342 2923 120 47 Aug.
1492 2922 82 47 12;
1606 2923 40 38 A
1674 2921 144 42 96858;
1876 2922 54 40 A.
1963 2922 44 41 S.
2035 2922 189 39 Barnes
2250 2922 39 40 &
2316 2931 82 39 co.,

452 2979 92 42 inc.
616 2980 284 48 (36-18403)

379 3085 172 65 Dahl,
576 3084 288 66 Borghild
889 3084 408 65 Margarethe.

453 3161 291 69 Glimpses
772 3161 65 53 of
863 3162 271 69 Norway,
1161 3162 75 54 by
1265 3160 287 70 Borghild
1580 3160 370 69 Margarethe
1979 3159 172 54 Dahl.
2222 3159 179 56 Sioux

384 3241 177 68 Falls,
595 3240 57 56 S.
684 3241 72 53 D.
836 3244 153 64 [c1935]

456 3315 1260 50 8 p. l., 111 p. incl. front., plates, ports. 20½cm.
384 3369 53 53 ©
463 3375 113 39 Dec.
602 3374 69 48 18,
700 3373 114 41 1935;
870 3373 67 42 2c.
967 3374 96 39 and
1091 3373 82 41 aff.
1202 3374 128 39 June
1356 3373 69 48 18,
1453 3372 115 41 1936;
1625 3374 41 38 A
1692 3372 144 41 96061;
1896 3374 54 39 B.
1983 3373 62 40 M.
2075 3371 144 48 Dahl,
2251 3371 150 41 Sioux

457 3431 148 48 Falls,
646 3432 45 40 S.
730 3432 55 38 D.
858 3430 282 49 (36-18336)

384 3533 202 68 Davis,
612 3536 225 54 Robert
863 3535 251 65 Hobart,
1143 3540 173 50 1869-

454 3615 230 68 People,
710 3614 201 69 people
933 3612 360 70 everywhere;
1351 3612 317 69 footprints
1692 3612 64 54 of
1782 3631 31 34 a
1839 3611 311 65 wanderer,
2176 3611 74 67 by
2274 3609 125 53 Bob

387 3693 177 54 Davis;
627 3691 142 54 with
799 3689 348 72 forty-eight
1179 3690 380 54 illustrations
1590 3690 155 54 from
1775 3689 396 70 photographs
2202 3689 74 67 by
2305 3688 95 53 the

386 3771 220 53 author.
680 3770 141 53 New
858 3770 181 67 York,
1076 3768 312 55 Frederick
1423 3769 71 53 A.
1535 3768 203 56 Stokes
1775 3785 299 51 company,
2113 3769 151 50 1936.

458 3844 86 47 xii,
572 3843 87 42 355
687 3854 44 37 p.
789 3843 164 49 front.,
985 3845 171 47 plates,
1188 3845 149 46 ports.
1396 3842 55 41 23
1455 3844 43 21 cm
1504 3874 9 9 .

461 3900 128 41 “The
630 3900 117 42 New
787 3900 132 42 York
960 3900 98 41 Sun
1103 3931 46 9 ...
1191 3899 256 50 published
1488 3911 59 29 on
1588 3899 65 41 its
1691 3898 230 43 editorial
1960 3909 122 37 page
2122 3897 67 39 all
2229 3896 52 41 of
2319 3898 81 40 the

387 3957 176 42 stories
594 3957 49 40 in
675 3958 100 40 this
807 3958 205 44 volume,
1044 3958 155 41 under
1230 3958 81 40 the
1343 3957 109 42 title
1485 3956 51 41 of
1568 3956 100 40 Bob
1701 3956 152 39 Davis
1888 3954 230 41 reveals.”

390 4011 52 53 ©
467 4016 121 46 Aug.
617 4014 69 47 12,
715 4014 140 43 1936;
884 4015 67 41 2c.
981 4015 95 38 and
1103 4014 82 40 aff.
1212 4015 121 45 Aug.
1361 4014 81 46 18;
1474 4015 40 38 A
1541 4013 171 42 97424;
1745 4013 54 41 R.
1829 4013 59 38 H.
1916 4010 168 49 Davis,
2113 4011 117 38 New
2256 4010 144 39 York.

455 4072 282 49 (36-18482)
