2519 4377
1050 4053 133 51 1549

106 404 281 62 Rostand,
418 404 284 64 Edmond,
733 407 321 50 1868-1918.

240 477 1859 70 … Cyrano de Bergerac; an heroic comedy in five acts: in
108 557 95 52 the
239 556 243 69 English
522 557 220 53 version
782 557 74 67 by
896 555 179 53 Brian
1113 556 251 67 Hooker,
1402 556 138 52 with
1583 575 30 33 a
1652 575 121 34 new
110 555 1967 132 introduction

285 635 74 68 by
408 636 94 52 the
556 635 311 53 translator
923 636 109 52 and
1093 633 139 54 with
1290 635 382 52 water-colors
1726 634 75 67 by
1862 633 240 68 Sylvain

110 714 275 67 Sauvage.
462 713 137 52 New
640 713 177 67 York,
858 714 121 53 The
1018 712 247 53 Limited
1306 712 244 54 editions
1588 712 145 65 club,
1775 717 150 49 1936.

182 784 1465 52 5 p. l., ix-xix, 199, [1] p. col. front., col. plates. 29½cm.
183 841 1919 50 “Fifteen hundred copies … were printed for members of the Limited
111 900 210 42 editions
353 900 108 41 club
496 900 59 48 by
588 900 222 40 Edmund
843 900 54 40 B.
932 900 272 47 Thompson
1240 901 52 38 at
1326 899 273 40 Hawthorn
1633 899 163 47 house,
1828 898 276 49 Windham,

113 957 314 43 Connecticut;
496 956 118 43 with
659 955 326 43 illustrations
1028 956 59 49 by
1132 955 199 50 Sylvain
1377 956 220 49 Sauvage
1639 956 109 41 who
1787 956 114 42 here
1943 955 133 50 signs:

114 1015 44 42 S.
188 1015 234 49 Sauvage.
482 1015 117 41 This
626 1025 118 38 copy
769 1015 44 40 is
839 1015 202 40 number
1069 1014 265 48 Copyright
1359 1013 161 49 copy.”

113 1069 53 53 ©
192 1076 118 43 Aug.
397 1107 7 9 18.
433 1072 138 50 1936;
599 1073 25 37 2c
693 1072 92 39 and
814 1073 80 41 aff.
922 1072 102 41 Oct.
1050 1072 52 41 3;
1132 1074 35 37 A
1195 1071 170 41 98773;
1395 1071 204 39 Limited
1628 1070 208 40 editions
1864 1071 123 48 club,
2017 1071 88 38 inc.

184 1130 280 50 [Copyright
495 1130 41 38 is
568 1129 201 40 claimed
803 1141 58 27 on
895 1129 343 42 introduction,
1274 1128 341 44 illustrations,
1650 1127 93 40 and
1779 1127 182 50 design]

192 1186 280 48 (36-25856)

110 1292 182 62 Royal
320 1291 171 53 order
516 1291 64 53 of
604 1291 169 52 Tibet
802 1290 346 63 fraternity.

245 1363 1802 69 … Questions and answers, by the Royal order of Tibet …
117 1445 256 68 [Laguna
405 1444 207 66 Beach,
642 1442 196 66 Calif.,
870 1447 150 64 1936]

184 1515 1925 50 1 p. l., 67 p. illus. 20cm. (On cover: Wisdom of the masters of the
117 1573 95 41 Far
242 1575 132 46 East,
406 1573 90 41 vol.
555 1571 15 50 I)

185 1629 274 48 “Compiled
488 1630 60 47 by
577 1628 255 42 Professor
862 1628 51 41 G.
940 1628 279 41 Adamski.”

187 1685 311 48 Advertising
527 1686 207 40 matter:
766 1695 42 38 p.
838 1684 70 41 67.

116 1737 52 53 ©
204 1743 125 38 June
364 1740 66 49 10,
468 1740 139 42 1936;
646 1740 67 41 2c.
752 1740 94 41 and
883 1740 80 40 aff.
1002 1741 118 45 Aug.
1157 1740 52 41 4;
1251 1742 36 38 A
1323 1740 170 46 97246;
1534 1742 52 39 G.
1623 1740 247 48 Adamski,
1911 1742 196 46 Laguna

188 1798 173 47 Beach,
394 1797 143 43 Calif.
609 1796 281 48 (36-25820)

111 1902 258 63 Sawyer,
397 1900 203 55 Elbert
627 1902 224 63 Henry,
881 1907 170 50 1843-

119 1976 1966 147 The science of religion, by Elbert H. Sawyer … Philadelphia,
300 2054 1484 70 Chicago [etc.] The John C. Winston company [c1936]
255 2159 9 16 xv,
295 2129 85 41 392
411 2139 41 38 p.
512 2128 116 41 21cm.

189 2184 233 40 “General
451 2183 300 41 references”:
813 2196 42 37 p.
882 2183 217 42 391-392.

118 2235 53 54 ©
204 2241 116 40 Aug.
354 2241 40 47 6,
429 2239 139 41 1936:
604 2239 68 43 2c.
706 2240 92 40 and
834 2241 81 40 aff.
950 2241 101 41 Oct.
1088 2240 80 43 10:
1206 2243 36 38 A
1277 2241 85 38 99281;
1486 2240 137 42 Olive
1661 2241 203 41 Hudson
1902 2243 212 47 Sawver,

191 2298 170 46 Minco,
389 2298 104 41 Okl.
560 2297 280 47 (36-25819)

114 2401 302 65 Schaefer,
447 2402 268 55 Clemens
741 2402 275 65 Thomas,
1048 2408 170 50 1886-

184 2479 520 53 Troubleshooter’s
736 2480 330 66 handbook;
1104 2485 184 48 motor
1323 2481 212 53 vehicle
1568 2482 223 54 trouble
1824 2482 291 68 diagnosis

118 2557 1731 69 applicable to all types of vehicles, by C. T. Schaefer …
115 2560 1972 142 Cincinnati, O., Automobile digest [c1936]
187 2705 464 50 1 p. l., 126 p. 19½cm.
121 2759 53 53 ©
207 2765 127 46 Sept.
366 2762 70 46 28,
469 2762 139 42 1936:
644 2764 67 41 2c.
749 2764 99 41 Oct.
883 2764 25 36 5;
970 2765 82 39 aff.
1088 2765 101 40 Oct.
1223 2764 52 41 3:
1313 2767 37 38 A
1382 2765 171 48 99121;
1591 2768 48 40 C.
1674 2768 50 38 T.
1764 2767 246 48 Schaefer,
2049 2770 66 39 St.

192 2820 157 39 Louis.
420 2819 280 49 (36-25588)

117 2910 321 65 Schaeffer,
468 2911 235 55 Samuel
735 2912 283 55 Bernard.

193 2986 157 67 Pose,
394 2986 213 68 please;
655 2984 316 68 conceived,
1015 2987 457 69 photographed,
1516 2988 270 70 designed
1831 2990 74 69 by
123 2990 1966 126 Samuel

244 3062 263 54 Bernard
543 3061 316 69 Schaeffer;
898 3063 141 54 with
1075 3082 28 33 a
1144 3065 287 53 foreword
1463 3066 76 68 by
1577 3065 220 71 George
1830 3067 74 54 K.
125 3069 1964 123 Gombarts.

369 3139 137 54 New
541 3139 177 64 York,
748 3140 257 64 London,
1037 3141 70 53 A.
1141 3142 69 51 A.
1243 3142 207 68 Knopf
1486 3145 172 66 [c1936]

190 3210 914 50 4 p. l., [3]-96 p., 1 1. illus. 31cm.
192 3266 307 41 Illustration
534 3277 59 29 on
629 3269 96 45 t.-p.

195 3322 160 41 “First
387 3322 226 41 edition.”

125 3377 53 53 ©
205 3383 126 45 Sept.
358 3380 68 47 28,
454 3380 138 42 1936:
621 3383 66 38 2c.
716 3384 101 39 Oct.
842 3383 52 40 2:
923 3383 80 38 aff.
1033 3384 100 40 Oct.
1167 3386 10 36 1:
1244 3386 35 38 A
1310 3385 196 44 100008:
1539 3388 170 41 Alfred
1738 3391 52 39 A.
1820 3390 178 48 Knopf,
2027 3392 89 39 inc.

204 3437 279 47 (36-25239)

120 3526 336 66 Schneider,
487 3529 202 64 Ernst,
723 3532 168 51 1885-
1103 3532 82 53 ed.

191 3602 366 55 Kraftfutter
614 3622 100 35 aus
773 3605 223 68 eigener
1055 3607 226 69 schölle,
1343 3609 452 72 herausgegeben
1859 3632 107 35 von
2029 3615 85 53 dr.

126 3679 1989 81 Ernst Schneider … Berlin, Reichsnährstand verlags-ges. m.
122 3756 48 53 b.
200 3757 52 53 h.
287 3759 171 66 [1936]

190 3829 85 39 147
305 3840 41 37 p.
408 3829 126 42 illus.,
582 3832 178 47 diagrs.
821 3831 55 39 22½cm.

127 3883 1975 110 © May 7, 1936: 1c. July 17: A- Foreign 32619: Reichsnährstand verlags-ges. m. b. h. (36-25847)
