2519 4377
1278 4220 135 50 1690

394 608 100 49 xix,
526 607 86 42 584
637 618 46 38 p.
743 607 146 50 illus.,
917 608 182 49 diagrs.
1158 609 150 44 23½cm.

323 675 53 53 ©
409 680 102 40 Oct.
544 679 71 49 24,
647 679 116 41 1936;
824 680 68 41 2c.
929 681 103 40 Oct.
1063 680 57 41 29;
1182 681 82 41 aff.
1300 681 102 41 Oct.
1436 681 57 41 30;
1551 682 41 40 A
1624 681 147 42 99640;
1833 682 355 41 McGraw-Hill
2222 682 126 40 book

393 747 83 37 co.,
502 736 91 41 inc.
661 736 284 50 (36-31771)

325 843 220 65 Bragg,
572 841 259 56 William
857 844 339 65 Lawrence,
1224 850 173 51 1890-

328 921 1994 148 Electricity, by W. L. Bragg … New York, The Macmillan company, 1936.
397 1073 84 40 xvi
509 1084 58 38 p.,
596 1074 25 40 1
673 1106 22 16 l.,
722 1074 89 41 272
838 1085 43 37 p.
942 1073 165 50 front.,
1138 1074 143 49 illus.,
1311 1074 56 41 33
1396 1086 63 38 pl.
1490 1086 60 30 on
1580 1075 56 41 18
1684 1107 23 17 l.,
1737 1075 181 49 diagrs.
1979 1075 57 40 22
2039 1078 44 21 cm
2088 1107 8 8 .

398 1130 51 39 “I
477 1140 105 30 was
607 1130 188 41 invited
823 1131 61 47 by
912 1131 84 41 the
1024 1131 157 48 Royal
1209 1132 285 40 institution
1519 1135 50 39 to
1597 1132 109 49 give
1735 1133 115 40 ‘The
1879 1141 91 32 one
1997 1132 224 41 hundred
2247 1134 98 40 and

326 1187 141 39 ninth
501 1196 173 31 course
708 1187 51 40 of
793 1187 77 39 six
902 1188 211 41 lectures
1148 1189 215 48 adapted
1394 1191 49 39 to
1479 1200 28 29 a
1540 1187 220 50 juvenile
1791 1188 247 48 auditory’
2075 1190 52 40 at
328 1189 2000 101 Christmas,
474 1246 129 48 1934,
630 1248 101 39 and
761 1248 125 39 have
914 1257 109 30 now
1052 1249 89 46 put
1169 1247 138 41 these
1335 1248 212 40 lectures
1578 1247 103 41 into
1711 1248 83 41 the
1821 1247 131 41 form
1980 1247 53 41 of
2060 1258 32 31 a
326 1247 2024 97 book.”—Pref.

398 1359 164 41 “First
596 1357 265 51 printing.”

327 1429 53 53 ©
406 1434 102 41 Oct.
534 1432 70 49 27,
630 1432 118 41 1936;
799 1432 68 43 2c.
893 1433 97 41 and
1017 1433 81 39 aff.
1127 1433 103 41 Oct.
1255 1433 56 41 28;
1370 1434 39 39 A
1435 1432 146 41 99623;
1637 1434 72 41 W.
1737 1434 52 42 L.
1816 1435 180 47 Bragg,
2024 1432 324 49 Manchester,

399 1490 237 49 England.
704 1490 284 49 (36-31762)

327 1596 210 66 Brock,
566 1595 176 55 Alan.

398 1670 307 71 Suspicion
736 1691 117 35 was
882 1673 260 68 aroused,
1172 1672 76 70 by
1276 1672 155 53 Alan
1465 1672 207 54 Brock.
1739 1672 263 69 London,
2032 1672 50 54 I.
324 1671 1999 132 Nicholson
454 1751 46 51 &
525 1751 262 69 Watson,
818 1751 125 69 ltd.,
974 1754 153 51 1936.

395 1823 86 42 278
513 1836 45 38 p.
618 1824 118 42 19cm.

330 1893 2020 54 © 1c. Nov. 2, 1936; A ad int. 21926; pubd. Sept. 10; Alan St. Hill Brock,
398 1955 210 48 Ghorley
629 1955 167 48 Wood,
820 1956 166 47 Herts,
1011 1955 240 48 England.
1314 1954 285 49 (36-33719)

330 2063 231 64 Carter,
585 2062 208 55 James
814 2062 213 65 David,
1113 2105 29 24 jr.,
1168 2063 84 54 ed.

398 2137 83 54 La
516 2138 224 54 France
773 2137 430 70 d’aujourd’hui
1237 2143 57 49 et
1324 2137 200 70 d’hier,
1557 2138 77 70 by
1666 2137 197 56 James
1895 2138 74 53 D.
2005 2136 223 68 Carter,
2258 2136 92 70 jr.,

332 2215 2018 72 Ben C. McCary … and Anne-Marie Nollet … Williamsburg,
330 2297 123 66 Va.,
483 2297 169 53 Press
683 2296 66 55 of
776 2296 274 70 Virginia
1079 2302 223 65 gazette
1337 2330 13 34 [
1354 2302 19 23 c
1378 2299 153 65 1936]

396 2368 658 53 3 p. l. , [9]-228 p. 20½cm.
403 2426 298 49 “Composed
733 2428 54 41 of
815 2428 199 41 articles
1045 2428 224 48 selected,
1302 2438 116 31 over
1445 2438 27 30 a
1501 2426 170 50 period
1703 2426 53 43 of
1785 2426 117 42 four
1932 2435 145 40 years
2108 2427 130 41 from
2270 2427 84 41 the

329 2483 2007 158 pages of Le Courrier des États-Unis … Many of the articles were written by Mlle. Anne-Marie Nollet … others were written by various contributors.”—Pref.
334 2668 53 53 ©
416 2673 128 48 Sept.
573 2672 69 47 19,
673 2672 117 41 1936;
846 2672 66 40 2c.
947 2674 129 47 Sept.
1105 2672 58 39 24;
1221 2672 83 42 aff.
1336 2673 102 41 Oct.
1469 2672 56 40 21;
1586 2673 41 40 A
1655 2672 177 42 100056;
1891 2674 42 40 J.
1967 2675 57 39 D.
2057 2674 189 48 Carter,
2276 2673 77 47 jr.,

404 2731 97 39 and
537 2732 102 39 Ben
675 2730 150 47 Clyde
860 2730 224 50 McCary,
1120 2729 384 50 Williamsburg,
1541 2731 103 48 Va.,
1681 2730 96 40 and
1810 2731 139 40 Anne
1985 2730 158 41 Marie
2177 2731 177 47 Nollet,

404 2789 118 39 New
548 2788 145 41 York.
759 2787 284 51 (36-31725)

335 2894 139 55 Cold
511 2893 220 66 Spring
768 2894 255 65 Harbor,
1060 2895 73 54 N.
1173 2895 70 54 Y.
1318 2892 322 67 Biological
1675 2892 365 67 laboratory.

406 2973 146 55 Cold
613 2972 220 68 Spring
890 2973 236 53 Harbor
1182 2972 291 69 symposia
1532 2990 73 36 on
1661 2973 386 68 quantitative
2103 2972 234 69 biology.

334 3052 225 53 volume
591 3054 49 49 4.
719 3051 146 55 Cold
903 3051 220 68 Spring
1154 3052 253 67 Harbor,
1441 3052 64 54 L.
1539 3052 68 67 I.,
1641 3053 70 52 N.
1748 3052 91 67 Y.,
1872 3052 124 53 The
2031 3049 322 71 Biological

333 3131 350 67 laboratory,
710 3134 151 50 1936.

406 3203 84 49 xii,
521 3203 88 41 376
637 3214 46 37 p.
743 3203 145 48 illus.,
921 3203 180 48 diagrs.
1163 3202 118 42 28cm.

408 3261 227 40 Includes
667 3258 396 51 bibliographies.

336 3328 53 53 ©
418 3334 112 38 Dec.
559 3331 41 47 4,
630 3330 142 49 1936;
802 3331 68 42 2c.
900 3333 114 39 Dec.
1039 3331 53 43 9;
1125 3330 82 41 aff.
1238 3332 113 39 Dec.
1381 3331 53 47 7;
1464 3331 41 39 A
1537 3329 202 50 101214;
1772 3329 271 49 Biological
2072 3330 283 48 laboratory

408 3389 53 40 of
482 3390 83 39 the
589 3390 135 47 Long
746 3388 163 41 island
932 3388 259 48 biological
1218 3398 143 37 assn.,
1386 3387 91 42 inc.

336 3492 239 66 Crump,
603 3491 225 67 Irving,
858 3495 173 54 1887-

407 3570 1885 70 Our airmen, by Irving Crump and John W. Newton …
336 3649 137 54 New
503 3650 182 69 York,
711 3651 192 68 Dodd,
931 3652 172 53 Mead
1129 3654 46 50 &
1203 3667 300 51 company,
1532 3653 152 50 1936.

408 3721 70 42 vii
508 3733 58 38 p.,
594 3723 25 40 1
674 3755 23 17 l.,
729 3724 85 41 263
845 3734 44 38 p.
949 3724 166 47 front.,
1148 3724 172 48 plates,
1349 3725 165 46 ports.,
1546 3723 155 48 diagr.
1761 3721 119 42 21cm.

337 3777 53 53 ©
421 3782 101 40 Oct.
554 3781 71 48 28,
653 3781 117 41 1936;
828 3781 67 42 2c.
927 3782 97 39 and
1054 3782 82 39 aff.
1165 3781 103 41 Oct.
1298 3779 57 42 31;
1414 3781 41 39 A
1485 3779 175 41 100167;
1720 3779 155 48 Dodd,
1908 3777 145 41 Mead
2083 3777 37 41 &
2147 3787 86 37 co.,
2263 3776 91 40 inc.

418 3838 284 51 (36-31775)

332 3939 267 57 Decimal
634 3944 190 65 digest
855 3943 63 53 of
950 3943 97 52 the
1082 3941 249 54 Indiana
1366 3940 278 69 Supreme
1676 3940 113 53 and
1820 3939 316 68 Appellate
2166 3941 190 50 courts

407 4020 296 62 decisions,
750 4020 153 53 from
948 4021 96 52 the
1088 4021 228 54 earliest
1360 4018 202 69 period
1605 4023 59 47 to
1710 4019 146 53 date.
1932 4017 274 53 Lifetime
2251 4015 105 64 ed.,

402 4100 142 52 with
588 4100 347 55 cumulative
978 4098 206 67 pocket
1222 4098 407 67 supplements.
1706 4096 215 54 Edited
1960 4096 78 67 by
2076 4095 96 53 the
2213 4094 140 68 pub-
