2519 4377
996 4101 133 49 1389

127 501 130 49 xxvi,
291 501 85 40 606
407 512 43 38 p.
511 501 55 40 25
571 503 42 21 cm
618 532 8 8 .
701 499 298 52 (Half-title:
1031 501 100 41 The
1166 500 199 43 Modern
1399 500 238 50 language
1671 499 292 43 association
2000 501 49 39 of

59 557 233 43 America.
353 557 205 43 General
581 557 174 48 series)

129 610 606 47 “Schriftenverzeichnis”
754 624 9 30 :
798 624 42 38 p.
861 613 260 42 xxiv-xxv.

129 668 374 45 “Wörterbuch”
521 681 11 30 :
564 682 44 37 p.
632 669 250 51 [319]-586.

57 723 53 52 ©
137 727 118 47 Aug.
285 729 67 46 15,
384 726 140 44 1936;
556 728 67 39 2c.
654 729 119 45 Aug.
803 728 81 45 14;
918 727 81 42 aff.
1033 727 127 47 Sept.
1191 726 82 48 19;
1307 728 38 38 A
1374 726 172 48 98502;
1579 727 200 39 Modern
1814 728 237 47 language

128 793 112 31 assn.
281 784 51 39 of
354 783 235 41 America.
654 782 279 50 (36-21179)

61 885 246 65 Russell,
337 885 226 64 Daniel,
597 887 171 55 1873-

133 961 50 56 O
229 961 245 56 stedfast
522 961 156 55 face!
775 961 229 57 Studies
1054 961 64 54 of
1166 963 95 53 the
1313 961 197 56 Christ
1557 961 66 54 of
1671 981 260 50 purpose,
1982 964 71 67 by

62 1035 1965 157 Daniel Russell … New York [ etc. 3 Fleming H. Revell company [ c 1936]
128 1190 86 42 159
238 1202 42 37 p.
341 1191 56 39 19½
429 1193 43 22 cm
477 1222 7 8 .

59 1243 53 53 ©
136 1247 120 48 Aug.
282 1247 68 48 28,
377 1246 139 48 1936;
544 1248 66 37 2c.
636 1246 96 41 and
759 1247 82 40 aff.
872 1248 127 47 Sept.
1027 1247 81 41 11;
1139 1248 40 38 A
1203 1246 171 48 98400;
1405 1247 219 46 Fleming
1651 1249 59 37 H.
1740 1248 164 40 Revell
1933 1259 68 30 co.

139 1303 278 50 (36-21334)

58 1403 270 67 Schevill,
356 1404 352 65 Ferdinand,
743 1411 168 50 1868-

132 1479 242 68 History
405 1481 63 52 of
499 1481 274 53 Florence
803 1481 152 52 from
986 1480 97 56 the
1114 1480 289 70 founding
1431 1481 65 53 of
1526 1481 99 55 the
1654 1480 113 69 city
1799 1482 252 68 through

61 1552 1969 157 the renaissance, by Ferdinand Schevill … New York, Harcourt, Brace and company [ c 1936 ]
64 1704 1971 111 3 p. l. , iii-xxxiv, 536 p. incl. geneal. tab. front., plates, maps (1 double) 24½ cm .
135 1818 161 41 “First
324 1817 226 44 edition.”

63 1874 53 53 ©
150 1878 125 48 Sept.
306 1878 69 47 24,
408 1877 140 49 1936;
581 1879 67 40 2c.
682 1878 94 42 and
811 1879 81 40 aff.
926 1879 101 41 Oct.
1059 1880 53 46 2;
1147 1881 41 38 A
1219 1879 143 43 99120
1380 1892 8 32 ;
1424 1882 261 49 Harcourt,
1720 1884 157 39 Brace
1908 1884 37 39 &
1974 1894 83 37 co.,

129 1935 90 40 inc.
277 1934 278 50 (36-21463)

61 2036 326 66 Schorling,
414 2036 269 66 Raleigh,
713 2039 171 55 1887-

135 2111 120 53 The
288 2112 264 69 teaching
586 2113 63 51 of
683 2112 420 69 mathematics;
1141 2134 30 33 a
1205 2133 192 36 source
1429 2117 149 53 book
1612 2118 112 53 and
1758 2117 188 71 guide,
1984 2119 73 69 by

65 2187 1991 79 Raleigh Schorling … Ann Arbor, Mich., The Ann Arbor
66 2285 154 50 press
253 2301 13 34 [
272 2275 17 21 c
295 2271 133 49 1936
432 2302 13 33 ]

138 2338 99 48 viii,
262 2341 85 39 247
371 2351 43 37 p.
441 2341 106 40 incl.
573 2342 164 49 front.,
764 2342 141 49 illus.,
933 2342 177 49 diagrs.
1170 2343 56 41 23
1229 2346 45 23 cm
1278 2378 8 7 .

137 2394 373 51 Bibliography:
545 2408 42 37 p.
641 2397 234 51 [241]-244.

65 2449 52 53 ©
148 2453 124 42 June
302 2455 39 47 5,
373 2454 140 48 1936;
541 2455 67 40 2c.
640 2456 120 47 Aug.
791 2456 81 47 27;
907 2457 81 41 aff.
1021 2458 118 47 Aug.
1169 2458 83 47 24;
1286 2460 40 39 A
1356 2459 144 42 97570
1518 2471 9 36 ;
1562 2462 54 39 R.
1653 2462 265 46 Schorling,
1953 2466 109 38 Ann

134 2510 168 41 Arbor.
360 2511 278 49 (36-21434)

65 2613 235 64 Searcy,
325 2614 215 56 Lucile.

134 2689 1921 81 Foundation English, by Lucile Searcy … and Jean Sugden
129 2766 1478 78 … New York, The Macmillan company, 1936.
137 2840 66 48 ix,
230 2840 85 41 291
343 2852 42 37 p.
446 2841 56 40 20½
532 2844 16 21 cm
583 2875 8 8 .

140 2896 684 46 Contents.—Grammatical
868 2902 1017 56 structure.—Mechanics.—Composition.

69 2952 53 52 ©
148 2956 127 47 Sept.
300 2957 38 46 8,
363 2956 112 42 1936
493 2968 9 36 ;
527 2957 67 40 2c.
619 2957 95 40 and
741 2959 79 38 aff.
850 2960 127 47 Sept.
1002 2960 25 40 9
1046 2971 8 35 ;
1082 2961 39 39 A
1144 2961 143 42 97715
1304 2973 9 36 ;
1342 2963 283 41 Macmillan
1648 2976 67 31 co.

147 3012 278 48 (36-21337)

68 3113 211 64 Sharp,
302 3115 153 53 John
481 3116 72 54 K.

141 3186 123 57 Our
309 3189 338 68 preaching;
700 3189 447 57 characteristics
1192 3194 65 54 of
1300 3196 96 54 the
1442 3215 220 36 sermon
1707 3206 191 63 types:
1947 3203 113 52 and

71 3265 94 53 the
200 3266 209 53 church
443 3266 108 53 law
587 3286 72 34 on
694 3269 94 52 the
823 3268 336 55 ceremonial
1195 3271 64 54 of
1294 3273 313 71 preaching
1661 3277 94 68 [by]
1795 3279 152 54 John
1987 3281 72 53 K.

75 3340 1987 86 Sharp … foreword by the Most Reverend Thomas E. Molloy
134 3417 1509 80 … Philadelphia, Pa., The Dolphin press, 1936.
141 3489 96 44 xiv,
271 3489 85 40 279
390 3501 41 36 p.
492 3492 53 39 23
549 3494 43 20 cm
598 3522 9 9 .

72 3543 52 53 ©
150 3549 126 48 Sept.
302 3551 68 46 18,
393 3550 139 42 1936:
561 3551 66 39 2c.
653 3551 97 41 and
775 3552 80 41 aff.
885 3554 127 48 Sept.
1036 3555 59 39 24
1110 3566 9 36 ;
1146 3557 42 39 A
1212 3557 146 42 98610
1373 3570 9 36 ;
1411 3560 213 50 Dolphin
1647 3573 150 39 press.

151 3603 279 50 (36-21475)

71 3700 172 66 Skirl,
274 3704 261 63 Werner,
568 3706 171 55 1878-

143 3776 1748 81 Elektrische messungen, von Werner Skirl … 2. aufl.,
74 3791 1967 140 vollständig
335 3875 108 35 neu
476 3857 206 68 bearb.,
716 3859 107 53 mit
855 3860 100 54 711
990 3863 263 55 meistens
1289 3866 104 52 auf
1424 3867 184 55 tafeln
1645 3874 419 66 angeordneten

77 3932 219 55 bildern
336 3935 117 53 und
496 3940 63 48 15
597 3936 351 69 kupfer-tief
951 3940 382 56 drucktafeln.
1411 3947 198 54 Berlin
1652 3953 113 51 und
1809 3954 257 72 Leipzig,

75 4011 87 55 W.
196 4013 66 51 de
294 4012 250 70 Gruyter
571 4016 45 50 &
646 4033 98 49 co.,
778 4019 149 51 1936.
