2519 4377
1022 4076 98 49 639

75 448 227 61 Hanna,
330 445 143 52 Paul
499 443 240 64 Robert,
770 447 169 50 1902-

206 515 1856 71 … David’s friends at school, by Paul R. Hanna, Genevieve
79 594 1983 70 Anderson and William S. Gray … illustrated by Nellie Farnam
76 677 110 51 and
221 676 268 55 Clarence
525 674 178 52 Biers.
777 673 268 68 Chicago,
1081 672 241 53 Atlanta
1362 676 137 63 [etc.]
1542 672 176 66 Scott,
1752 673 309 51 Foresman

75 754 111 52 and
217 769 293 51 company,
539 758 19 22 c
562 754 151 51 1936.

145 827 83 38 144
253 837 41 38 p.
347 826 86 40 col.
459 826 126 39 illus.
637 824 55 39 21
697 827 43 20 cm
745 856 9 9 .
817 822 330 49 (Curriculum
1171 823 290 41 foundation
1486 823 173 47 series)

144 884 64 40 At
234 884 123 40 head
386 883 51 40 of
464 883 134 40 title:
629 880 364 48 Everyday-life
1019 881 188 41 stories.

145 940 284 42 Illustrated
468 939 361 49 lining-papers.

145 997 72 40 On
244 1008 166 30 cover:
440 997 132 40 Book
600 1007 101 30 one.
759 995 157 41 Social
942 995 200 41 studies.

75 1066 53 52 ©
159 1070 111 47 May
299 1069 40 43 2,
368 1066 139 48 1936;
539 1067 66 41 2c.
636 1068 94 38 and
761 1066 80 40 aff.
874 1067 112 46 May
1015 1067 53 46 4;
1101 1066 40 38 A
1164 1064 174 44 93957;
1375 1066 145 44 Scott,
1554 1066 261 39 Foresman
1849 1066 35 40 &
1913 1076 67 30 co.

155 1123 277 49 (36-10599)

72 1227 353 63 Herrmann,
453 1224 180 54 Louis
662 1224 244 63 George,
938 1229 169 49 1900-

144 1303 231 52 Passive
405 1301 258 53 vascular
692 1302 268 51 exercises
991 1302 111 52 and
1132 1301 94 52 the
1255 1301 384 51 conservative
1668 1305 396 61 management

74 1380 63 53 of
165 1379 354 54 obliterative
550 1378 232 54 arterial
812 1377 239 54 diseases
1082 1377 63 55 of
1172 1378 95 52 the
1297 1377 360 65 extremities,
1687 1378 74 66 by
1790 1377 173 53 Louis
1994 1377 68 55 G.

75 1455 1965 147 Herrmann … with a foreword by Mont R. Reid, M. D.; illustrated with 80 engravings
927 1535 112 51 find
1069 1538 33 48 4
1131 1534 222 52 colored
1384 1534 197 67 plates.
1657 1533 405 68 Philadelphia

75 1618 111 51 and
216 1614 256 67 London,
503 1614 55 54 J.
589 1615 66 52 B.
688 1613 337 68 Lippincott
1055 1629 278 50 company
1370 1646 13 34 [
1388 1619 16 21 c
1411 1616 151 63 1936]

146 1698 78 36 xx,
258 1686 85 41 288
376 1696 42 38 p.
478 1685 129 40 illus.
634 1684 136 49 (part
804 1685 112 48 col.)
957 1684 85 41 col.
1078 1684 169 48 plates,
1281 1684 179 49 diagrs.
1519 1685 56 40 23½
1607 1688 15 20 cm
1656 1716 8 9 .

148 1742 375 42 “References”:
553 1754 41 37 p.
625 1742 217 41 249-265.

76 1811 52 52 ©
153 1816 113 46 Apr.
293 1815 68 47 21,
390 1813 138 46 1936;
558 1812 66 41 2c.
650 1813 96 39 and
773 1812 82 40 aff.
884 1813 111 47 Apr.
1024 1810 81 48 29;
1135 1812 42 38 A
1202 1810 170 48 93886;
1403 1812 44 41 J.
1475 1813 53 39 B.
1558 1811 276 49 Lippincott
1862 1822 68 31 co.

156 1871 278 47 (36-10641)

76 1974 133 63 Hill,
236 1973 176 64 King.

147 2048 186 55 Silver
371 2050 163 66 Zone,
570 2048 75 68 by
684 2047 161 69 King
882 2047 144 53 Hill.
1102 2048 137 52 New
1280 2047 179 66 York,
1497 2047 326 68 Greenberg
1867 2082 11 33 [
1884 2055 17 20 c
1909 2053 149 63 1936]

146 2122 85 42 253
259 2133 43 38 p.
362 2121 144 41 19½cm.

77 2190 52 52 ©
163 2194 121 39 Mar.
319 2192 67 47 10,
419 2191 139 46 1936;
593 2190 68 40 2c.
698 2191 112 46 May
844 2190 81 46 15;
964 2188 81 41 aff.
1083 2191 113 46 May
1229 2190 81 41 21;
1349 2190 39 38 A
1423 2188 170 49 95304;
1632 2190 286 47 Greenberg,
146 2192 1903 105 publisher,
333 2249 89 40 inc.
485 2246 279 50 (36-10532)

74 2353 158 63 Holt,
260 2352 153 53 John
441 2351 345 54 Bradshaw.

145 2428 247 54 German
419 2427 373 68 agricultural
816 2425 206 69 policy,
1050 2429 334 63 1918-1934;
1409 2426 96 52 the
1529 2426 393 68 development
1946 2427 64 52 of
2036 2447 30 33 a

74 2506 254 53 national
362 2503 346 69 philosophy
740 2504 219 52 toward
996 2504 348 68 agriculture
1377 2504 60 52 in
1475 2509 248 62 postwar
1761 2504 307 70 Germany,

74 2586 74 66 by
196 2583 155 54 John
398 2582 316 52 Bradshaw
760 2581 161 54 Holt.
1005 2581 217 67 Chapel
1267 2581 148 68 Hill,
1459 2583 120 54 The
1623 2583 335 70 University
2005 2586 62 52 of

75 2661 184 53 North
289 2659 268 55 Carolina
586 2677 174 49 press,
785 2662 149 50 1936.

146 2746 43 33 x,
219 2734 71 49 [6],
317 2733 87 40 240
428 2744 43 37 p.
500 2733 109 40 incl.
637 2743 150 37 maps.
842 2733 56 39 22
901 2735 44 21 cm
948 2764 9 9 .

149 2790 144 39 “This
317 2790 152 40 thesis
493 2798 99 30 was
617 2789 258 47 developed
899 2788 49 39 in
970 2789 81 39 the
1076 2789 126 38 form
1224 2789 51 40 of
1298 2800 27 29 a
1350 2789 315 41 dissertation
1688 2790 79 41 for
1791 2792 80 39 the
1894 2793 173 47 degree

77 2847 51 40 of
164 2847 165 40 doctor
365 2845 53 40 of
451 2843 286 49 philosophy
769 2847 53 38 at
858 2845 83 39 the
974 2845 280 48 University
1291 2846 52 39 of
1380 2846 302 49 Heidelberg,
77 2847 1991 96 Germany.”—Pref.

147 2957 374 48 Bibliography:
550 2968 43 37 p.
625 2956 247 49 [225]-232.

79 3010 51 53 ©
160 3017 111 45 Apr.
301 3014 68 47 27,
401 3014 139 46 1936;
573 3013 66 40 2c.
673 3014 113 47 May
813 3014 51 40 7;
898 3012 82 43 aff.
1013 3014 111 47 May
1155 3013 25 39 9;
1240 3015 39 38 A
1311 3015 170 48 94374;
1518 3017 280 49 University
1829 3019 51 39 of
1912 3020 155 40 North

151 3071 226 41 Carolina
404 3080 147 38 press.
617 3069 278 49 (36-10620)

77 3172 272 65 Jackson,
377 3173 205 64 Henry
610 3172 253 61 Ezekiel,
897 3178 168 50 1869-

148 3245 186 55 Social
364 3246 244 70 security
634 3247 75 68 by
737 3264 255 36 common
1021 3248 138 68 law;
1193 3267 31 34 a
1255 3249 339 54 democratic
1624 3252 137 68 plan
1790 3253 170 53 based
1993 3272 71 35 on

77 3324 1989 152 the maxim that social security is not a dower but an achievement, by Henry E. Jackson … Advance ed. New York,
80 3479 186 54 Social
295 3480 367 70 engineering
691 3478 275 71 institute,
996 3484 150 50 1936.

148 3553 82 39 xiv
256 3565 57 37 p.,
341 3554 27 39 2
430 3584 8 15 l.,
467 3552 146 42 3-183
635 3564 44 38 p.
739 3553 54 40 21
797 3557 45 21 cm
845 3586 8 9 .

149 3610 95 40 “To
288 3612 326 39 demonstrate
658 3611 110 41 that
810 3613 80 39 the
933 3613 195 46 present
1171 3611 158 42 Social
1373 3613 212 47 security
1628 3616 92 46 act,
1766 3616 206 46 adopted
2017 3615 49 41 in

81 3666 198 48 August,
308 3666 126 49 1935,
465 3668 151 47 ought
643 3671 49 37 to
721 3669 56 40 be
810 3670 218 46 replaced
1059 3680 108 29 now
1196 3669 60 47 by
1288 3681 27 29 a
1344 3669 262 43 substitute
1637 3673 92 41 act.
1759 3673 307 40 constructed

80 3734 60 29 on
166 3735 26 28 a
223 3725 176 47 wholly
426 3724 229 42 different
681 3725 611 48 principle.”—Foreword.

153 3779 300 42 “Substitute
493 3782 148 39 social
685 3784 211 45 security
932 3782 85 40 bill
1062 3782 44 43 S.
1145 3782 115 42 2828
1302 3795 53 29 as
1397 3785 283 40 introduced
1723 3785 48 39 in
1815 3784 251 49 Congress,

82 3834 113 48 May
226 3837 67 47 15,
326 3837 126 47 1935,
484 3840 94 38 and
612 3849 55 30 as
700 3839 191 47 printed
926 3840 47 39 in
1010 3839 371 49 Congressional
1414 3842 181 47 record,
1631 3842 125 41 June
1792 3841 69 51 19,
1894 3842 171 42 1935”:

77 3902 43 38 p.
150 3893 214 41 171-183.

82 3947 52 53 ©
163 3954 111 46 May
303 3954 38 45 1,
370 3953 138 47 1936;
538 3954 68 42 2c.
636 3956 112 46 May
778 3955 51 41 6:
862 3955 81 41 aff.
974 3957 111 46 May
1112 3958 54 45 4;
1199 3957 39 38 A
1267 3955 169 49 95030;
1467 3958 58 40 H.
1558 3959 51 39 E.
1641 3958 226 49 Jackson,
151 3957 1900 97 Ridgefield,
302 4009 146 41 Conn.
514 4010 278 48 (36-10541)
