2519 4377
1007 4039 132 53 1767

150 481 177 39 “Table
353 480 52 40 of
431 479 276 46 legislation
735 480 94 40 and
859 479 202 40 treaties
1090 478 280 49 reported”:
1399 489 42 37 p.
1466 478 233 41 xvii-xxi.

150 537 68 39 “A
245 538 205 39 selected
482 535 185 48 library
692 536 52 39 of
772 535 348 40 international
1151 534 150 41 law”:
1332 546 42 37 p.
1403 534 202 40 xxii-xl.

78 602 53 53 ©
163 606 102 41 Oct.
298 606 68 42 13.
400 605 138 41 1036;
574 605 67 39 2c.
676 605 94 39 and
805 605 81 40 aff.
922 606 115 39 Nov.
1073 605 80 46 16;
1190 606 40 38 A
1262 603 171 48 09886;
1470 605 132 39 West
1637 604 107 47 pub.
1780 615 65 28 c-o.

158 661 280 49 (30-34104)

77 765 1109 66 Iowa. Dept. of public instruction.
209 840 1864 69 … A guide for teaching history in grades six, seven, and
78 920 171 67 eight.
327 920 194 53 Issued
552 920 73 54 by
654 920 95 53 the
778 921 376 66 Department
1186 920 61 52 of
1276 919 192 68 public
1498 919 355 57 instruction,
1883 920 193 67 Agnes

80 998 348 55 Samuelson,
472 999 483 65 superintendent.
1033 998 291 68 Prepared
1366 999 74 66 by
1486 997 168 54 Clara
1703 999 76 51 M.
1823 997 253 54 "Wallace

139 1076 1282 67 … Des Moines, The State of Iowa [ c 1936]
149 1148 83 38 152
259 1159 29 37 p
358 1147 55 39 22
417 1151 43 21 cm

147 1205 62 40 At
241 1205 123 39 head
393 1205 53 39 of
476 1204 133 42 title;
644 1206 140 40 State
810 1204 52 40 of
891 1206 147 47 Iowa,
1069 1203 127 41 1936.

77 1257 53 53 ©
158 1262 117 38 Nov.
307 1261 38 48 6,
377 1260 140 43 1936;
549 1262 68 39 2c.
647 1262 119 40 Nov.
798 1261 54 48 9;
883 1261 82 41 aff.
995 1262 117 38 Nov.
1146 1262 80 40 12;
1259 1262 41 38 A
1330 1260 171 47 99823;
1539 1261 137 40 State
1709 1260 50 39 of
1791 1262 145 39 Iowa.

77 1378 302 66 Ishimoto,
405 1379 255 55 Shidzue
691 1377 273 67 (Hirota)
1000 1381 280 61 baroness,
1307 1383 169 51 1897-

147 1455 142 55 East
321 1474 144 49 way,
497 1461 137 47 west
664 1472 154 51 way;
856 1473 31 35 a
919 1455 232 53 modern
1190 1455 283 68 Japanese
1506 1454 285 69 girlhood,
1820 1454 76 68 by
77 1454 1975 132 Baroness

271 1531 215 56 Shidzué
555 1533 299 65 Ishimoto,
887 1531 141 53 with
1061 1551 31 34 a
1126 1531 288 54 foreword
1447 1531 75 68 by
1555 1532 140 67 May
1727 1532 345 53 Lamberton

76 1609 232 60 Becker,
340 1609 327 55 illustrated
698 1610 59 54 in
789 1609 166 54 black
989 1609 111 54 and
1133 1607 171 55 white
1335 1609 73 68 by
1443 1606 136 70 Fuji
1612 1609 314 54 Nakamizo
1961 1610 110 53 and

76 1686 137 54 with
254 1688 410 68 photographs.
741 1687 137 54 New
920 1687 178 68 York,
1141 1688 214 52 Farrar
1392 1689 45 50 &
1477 1687 299 68 Rinehart,
77 1688 1973 130 incorporated
313 1767 150 65 [c1936]

145 1836 100 45 viii,
281 1834 84 42 194
401 1846 41 37 p.
503 1835 164 47 front.,
702 1836 144 48 illus.,
882 1836 171 49 plates,
1089 1839 149 46 ports.
1298 1836 55 41 19½c
1402 1839 27 21 m
1436 1869 7 8 .

78 1890 54 54 ©
160 1896 117 39 Nov.
309 1894 39 42 2.
382 1893 139 44 1936;
555 1894 67 41 2c.
655 1896 118 38 Nov.
807 1894 53 47 5;
894 1894 82 41 aff.
1008 1895 117 40 Nov.
1158 1894 82 43 21;
1276 1897 41 37 A
1345 1894 200 49 100595;
1586 1895 207 41 Shidzue
1828 1895 250 42 Ishimoto.

146 1951 178 47 Tokyo.
363 1952 173 47 Japan.
608 1950 279 50 [Copyright
927 1950 42 39 is
1006 1951 206 39 claimed
1252 1963 56 29 on
1350 1952 255 48 foreword,
1646 1952 295 39 corrections
1983 1952 92 39 and

145 2008 262 48 additions]
477 2006 281 51 (36-33962)

76 2109 218 64 James,
318 2109 170 65 Rian,
517 2116 172 49 1899-

207 2188 1846 69 … Not made in heaven. New York, J. Messner, inc. [ c 1936]
146 2259 86 40 282
266 2271 42 37 p.
403 2259 27 41 19½c
478 2263 26 20 m
511 2292 7 7 .

75 2312 2002 53 © Nov. 17, 1936; 2c. Nov. 28; aff. Dec. 2: A 101060; Julian Messner.
147 2373 89 41 inc.
304 2372 280 49 (36-34164)

73 2477 234 64 Jessup,
335 2478 186 52 Marie
548 2479 319 55 Hendrick.

145 2554 209 53 Indian
398 2555 140 53 tales
581 2556 153 53 from
779 2556 358 56 Guatemala,
1181 2558 75 66 by
1299 2555 184 56 Marie
1528 2558 298 52 Hendrick
1869 2558 207 67 Jessup

77 2633 110 52 and
217 2632 199 67 Lesley
447 2634 160 66 Byrd
641 2633 297 69 Simpson;
971 2635 323 53 illustrated
1326 2636 73 66 by
1430 2637 256 52 Antonio
1720 2634 354 69 Sotomayor.

76 2709 1710 72 New York, Chicago [etc.] C. Scribner’s sons [ c 1936]
148 2782 100 41 viii.
275 2782 87 40 136
385 2793 43 37 p.
454 2782 109 41 incl.
587 2783 165 43 front.,
777 2784 128 41 illus.
958 2784 57 41 19
1016 2787 44 21 cm
1066 2816 8 8 .

149 2837 136 41 “Life
312 2839 48 38 in
386 2838 81 40 the
492 2838 135 40 Land
654 2839 53 40 of
734 2840 83 40 the
840 2840 129 39 True
996 2839 208 41 Peace”:
1232 2852 42 37 p.
1306 2840 247 50 [121]-136.

76 2889 2002 55 © Nov. 19, 1936; 2c. Nov. 25; aff. Nov. 21: A 100662: Charles Scribner’s
148 2962 125 30 sons.
343 2951 279 48 (36-34116)

74 3053 210 53 Junior
307 3054 206 64 league
540 3056 62 53 of
629 3057 248 54 Tucson.

141 3129 197 54 About
360 3131 111 53 and
497 3131 364 54 roundabout
877 3134 251 66 Tucson;
1157 3134 138 52 with
1318 3152 162 50 maps
1504 3135 111 52 and
1636 3142 158 46 notes
77 3153 1976 120 concerning
202 3209 161 54 other

390 3210 187 66 places
603 3212 60 52 in
689 3213 269 53 Arizona.
1022 3215 242 64 Tucson,
1289 3213 176 66 Ariz.,
1492 3215 121 51 The
1640 3214 211 55 Junior
1877 3214 198 67 league

77 3285 63 53 of
164 3288 240 56 Tucson,
432 3291 148 50 1936.

149 3358 67 47 63,
248 3360 54 47 [1]
330 3370 41 37 p.
430 3359 141 47 illus.,
600 3360 118 41 fold.
746 3371 126 37 map.
925 3361 55 40 23½
1013 3364 43 21 cm
1062 3394 8 8 .

150 3414 68 39 “A
242 3414 83 41 list
351 3415 51 39 of
425 3415 148 40 books
597 3416 149 40 about
772 3416 208 41 Arizona
1006 3418 95 38 and
1129 3418 81 39 the
1238 3417 303 41 Southwest”:
1597 3429 42 38 p.
1666 3418 175 50 61-[64]

78 3465 2002 56 © Nov. 7. 1936; 2c. Nov. 23: aff. Nov. 21: A 99970; Junior league of
147 3526 202 44 Tucson,
377 3527 88 40 inc.
530 3526 281 51 (36-34111)

77 3627 298 68 Lambert,
401 3631 182 53 Oscar
608 3633 219 62 Doane,
856 3639 169 50 1888-

147 3706 378 56 Presidential
575 3709 228 65 politics
850 3711 57 52 in
958 3712 94 52 the
1102 3711 214 55 United
1369 3712 205 55 States.
1627 3717 325 62 1841-1844,
2003 3714 72 65 by

80 3781 1992 78 Oscar Doane Lambert … Durham, N. C., Duke university
79 3878 173 47 press,
280 3865 147 50 1936.

150 3932 62 48 ix,
238 3933 87 41 220
350 3945 41 37 p.
446 3935 55 39 23½
534 3937 43 21 cm
583 3967 9 9 .
658 3936 300 48 (Half-title:
984 3938 140 40 Duke
1147 3939 271 48 university
1446 3940 349 48 publications)
