2519 4377
997 4090 95 47 141

43 449 250 63 Ezekiel,
323 448 312 64 Mordecai,
667 453 170 49 1899-

112 525 171 62 $2500
331 544 27 33 a
410 543 162 48 year;
626 524 153 52 from
828 522 242 67 scarcity
1119 525 57 50 to
1228 522 346 65 abundance,
1621 522 74 65 by
1744 521 291 53 Mordecai

43 600 1918 67 Ezekiel. New York, Harcourt, Brace and company [ c 1936]
177 708 7 14 xv,
213 675 87 40 328
326 687 42 36 p.
459 675 144 47 diagrs.
661 673 25 39 21
719 675 44 21 cm
769 706 8 8 .

41 729 52 52 ©
125 733 110 39 Feb.
267 732 68 42 27,
369 730 139 47 1936;
539 731 66 38 2c.
639 731 97 38 and
768 729 81 40 aff.
883 731 122 39 Mar.
1037 730 54 45 4;
1124 729 41 39 A
1197 727 170 47 92070!;
1405 729 260 45 Harcourt,
1701 728 153 41 Brace
1886 726 35 40 &
1955 736 82 38 co.,

110 789 88 40 inc.

44 880 242 61 Farson,
312 877 245 64 Negley.

114 954 120 54 The
407 953 64 54 of
496 973 31 33 a
552 959 401 62 transgressor,
978 952 75 67 by
1078 951 216 69 Negley
1322 952 216 52 Farson
1571 995 54 9 ...
1694 951 138 53 New
1860 949 178 66 York,

43 1033 1197 65 Harcourt, Brace and company [ c 1936]
152 1138 8 16 x,
191 1105 86 41 602
299 1116 46 38 .p.
406 1105 26 38 21
464 1107 44 21 cm
513 1135 10 9 .

115 1161 411 49 Autobiography.

116 1219 133 41 First
277 1217 198 42 edition.

41 1273 52 53 ©
122 1278 107 39 Feb.
258 1278 67 46 18,
354 1275 112 41 1936;
524 1275 64 40 2c.
619 1274 96 41 and
743 1274 82 40 aff.
855 1274 110 40 Feb.
993 1273 53 39 21;
1106 1274 41 38 A
1174 1273 143 41 91856;
1373 1273 55 40 N.
1458 1273 201 46 Farson,
1690 1272 211 41 London.

120 1334 278 48 (36-27116)

44 1423 178 64 Field,
252 1422 219 52 Rachel
500 1422 247 62 Lyman,
780 1426 171 49 1894-

111 1498 148 52 Fear
291 1497 47 52 is
369 1497 95 53 the
497 1497 190 67 thorn,
724 1496 73 69 by
830 1496 213 52 Rachel
1081 1495 182 53 Field.
1336 1495 138 53 New
1511 1494 181 68 York,
1728 1495 123 52 The
40 1493 1975 136 Macmillan
272 1592 297 53 company,
604 1577 151 52 1936.

112 1650 99 47 viii,
246 1651 55 40 88
332 1660 42 37 p.
435 1649 56 39 21
495 1651 43 22 cm
542 1680 8 9 .

113 1706 183 42 Poems.

43 1762 51 52 ©
124 1768 121 38 Mar.
277 1765 69 47 10,
376 1764 117 42 1936;
549 1765 68 41 2c.
649 1766 96 39 and
776 1764 83 42 aff.
888 1766 121 38 Mar.
1041 1765 54 38 11;
1158 1764 40 39 A
1228 1762 148 43 92179;
1435 1764 282 40 Macmillan
1746 1774 69 31 co.

122 1823 279 48 (36-27172)

46 1911 363 64 FitzGerald,
438 1912 225 52 Dennis
688 1911 229 53 Alfred.

115 1989 300 53 Livestock
455 1990 181 51 under
680 1990 94 51 the
817 1989 188 57 AAA,
1046 1988 75 67 by
1163 1990 70 51 D.
1278 1990 71 51 A.
1394 1988 365 55 FitzGerald.
46 1988 1971 145 Washington.
299 2069 69 50 D.
411 2067 79 54 C..
529 2068 120 50 The
689 2067 323 66 Brookings
1050 2065 344 54 institution,
1435 2069 148 50 1935.

111 2139 102 48 xiii,
247 2140 85 39 384
362 2150 42 37 p.
468 2140 127 39 illus.
625 2139 160 47 (map)
829 2138 177 48 diagrs.
1068 2139 53 38 21
1127 2141 42 20 cm
1176 2172 5 4 .
1279 2138 253 48 (Half-title;
1587 2139 100 38 The
1723 2138 236 43 Institute
1992 2139 54 40 of

44 2196 264 40 economics
345 2197 50 38 of
433 2197 80 39 the
552 2196 271 48 Brookings
862 2195 296 41 institution.
1226 2195 312 42 Publication
1572 2205 75 30 no.
1686 2196 81 48 65)

44 2249 52 54 ©
127 2254 125 48 Sept.
283 2255 68 42 17,
381 2252 112 42 1935;
551 2253 67 40 2c.
649 2253 110 41 Jan.
789 2253 67 47 14,
887 2253 114 40 1936;
1061 2252 82 41 aff.
1174 2253 110 40 Dec.
1316 2252 68 51 17,
1416 2252 113 41 1935;
1590 2253 43 39 A
1660 2252 143 42 90285;
112 2253 1914 106 Brookings
258 2311 294 40 institution.
633 2310 280 49 (36-27358)

46 2401 288 64 Fletcher,
362 2403 149 63 Guy.

114 2481 291 51 Mooneen.
486 2480 387 65 [Instalments
905 2484 116 62 1-3]

146 2553 57 37 (In
232 2549 143 42 Mabs
401 2549 143 42 home
573 2547 204 53 weekly,
808 2548 118 43 Dec.
953 2551 39 47 7,
1025 2550 71 47 14,
1126 2550 71 49 21,
1230 2548 142 50 1935)

46 2604 1996 53 © 1c. each Jan. 2,8, 1936; A ad int. 21061; pubd. Dec. 2, 9, 16; G.
115 2665 236 47 Fletcher,
381 2666 211 39 London.

47 2748 449 64 Frankenstein,
537 2750 138 51 Mrs.
717 2748 212 52 Louise
961 2745 492 67 (Michelbacher)
1506 2751 171 49 1909-
1888 2748 85 52 ed.

116 2826 210 54 Junior
378 2825 449 67 play-readings,
878 2825 237 55 selected
1170 2826 111 52 and
1336 2825 188 53 edited
1576 2826 75 66 by
1704 2825 204 53 Louise
1961 2824 81 54 M.

49 2904 428 52 Frankenstein.
567 2905 139 51 New
741 2904 179 65 York,
953 2906 111 51 Los
1100 2904 265 66 Angeles,
1402 2904 56 55 S.
1496 2904 250 55 French;
1784 2904 260 65 London,

52 2982 53 54 S.
133 2982 239 58 French,
397 2982 121 64 ltd.,
547 2986 150 48 1935.

117 3053 62 47 ix,
209 3055 81 37 141
319 3064 43 37 p.
418 3053 58 40 19½
505 3056 44 20 cm
554 3084 8 8 .

119 3112 160 38 “Book
308 3110 83 40 list
423 3110 78 40 for
535 3110 178 40 Junior
738 3109 389 49 play-readings”;
1191 3121 42 37 p.
1268 3109 216 41 139-141.

49 3162 51 53 ©
135 3167 99 40 Oct.
272 3168 69 45 15,
378 3166 116 41 1935;
557 3167 66 40 2c.
661 3168 94 39 and
793 3167 82 41 aff.
913 3167 111 40 Feb.
1061 3168 40 47 5,
1139 3166 140 48 1936;
1319 3168 41 38 A
1395 3167 171 47 91608;
1608 3168 194 40 Samuel
1842 3167 201 40 French.

126 3224 278 47 (35-27406)

53 3298 229 66 Friend,
311 3302 166 51 Mata
504 3302 245 53 Raman.

122 3376 55 52 A
206 3375 123 53 first
359 3375 147 54 book
536 3377 60 52 in
625 3377 164 51 home
820 3376 326 68 economics,
1176 3377 76 68 by
1283 3378 161 51 Mata
1476 3379 221 51 Roman
1729 3377 215 53 Friend
1983 3422 55 9 ...

56 3457 109 51 and
195 3455 182 51 Hazel
411 3454 201 55 Shultz
649 3499 56 8 ...
743 3455 326 53 illustrated
1102 3455 77 67 by
1210 3457 193 53 James
1435 3457 49 51 I.
1518 3456 165 65 Root,
1714 3456 168 52 Anne
1912 3457 129 52 Van

56 3530 135 57 Nice
215 3532 159 68 Gale,
400 3534 111 52 and
536 3534 146 54 Jean
710 3532 211 68 Busby.
997 3533 137 53 New
1161 3533 180 67 York,
1367 3535 70 52 D.
1465 3534 577 68 Appleton-Century

55 3627 290 52 company,
376 3611 398 67 incorporated
814 3647 12 26 [
831 3620 18 21 c
854 3616 151 63 1936]

157 3682 1095 50 x p., 1 l., 610, 18 p. illus., diagrs. 19½ cm .
128 3739 154 40 “Most
316 3739 52 40 of
401 3741 81 39 the
516 3742 226 38 material
777 3741 224 40 included
1035 3741 49 39 in
1121 3741 99 41 this
1253 3743 189 39 volume
1476 3751 102 31 was
1614 3743 146 39 taken
1793 3742 127 40 from
1957 3752 88 30 our

60 3794 274 42 three-book
365 3796 161 48 series,
556 3797 175 40 Junior
760 3798 139 39 home
927 3797 502 43 economics.”—Pref.

127 3852 221 41 Includes
375 3853 391 48 bibliographies.

53 3902 51 53 ©
137 3909 108 40 Jan.
279 3910 69 46 25,
383 3910 140 47 1936;
560 3911 67 40 2c.
663 3912 96 39 and
794 3911 82 39 aff.
927 3912 109 40 Jan.
1072 3911 83 43 29;
1193 3913 41 38 A
1268 3911 171 47 90602;
1478 3914 57 39 D.
1572 3913 474 47 Appleton-Century

121 3975 80 36 co.,
230 3966 89 40 inc.
383 3967 280 48 [Copyright
695 3967 41 39 is
767 3968 204 40 claimed
999 3979 60 29 on
1090 3979 108 29 new
1226 3971 181 37 matter
1438 3971 94 38 and
1567 3969 251 49 revisions]

131 4021 276 51 (36-27139)
