2519 4377
1031 4138 131 53 1279

171 582 63 45 ix,
264 581 85 40 580
375 591 42 38 p.
477 579 125 40 illus.
632 578 134 49 (part
795 578 112 48 col.)
945 577 175 49 diagrs.
1181 576 56 41 23½
1269 579 43 22 cm
1317 608 8 7 .

173 637 315 40 “References
515 634 184 42 cited”:
732 646 41 37 p.
805 633 214 41 557-566.

102 703 52 53 ©
183 707 114 47 July
325 707 69 46 16,
423 705 140 46 1936;
594 705 68 40 2c.
691 704 115 47 July
836 704 81 47 17;
949 703 81 40 aff.
1060 703 119 47 Aug.
1211 702 82 47 12;
1324 703 41 38 A
1393 702 171 47 98247;
1597 702 51 40 P.
1679 700 300 40 Blakiston’s
2011 710 86 30 son

170 764 37 40 &
233 773 81 38 co.,
339 763 90 39 inc.
497 760 279 49 (36-19951)

99 869 197 62 Stone,
324 867 158 63 Amy
506 864 389 57 Wentworth.

170 955 279 53 Treasure
474 953 93 54 for
592 953 202 70 Debby
843 952 92 70 [by]
966 952 153 69 Amy
1144 951 358 54 Wentworth
1535 949 202 70 Stone;
1768 949 324 54 illustrated

101 1031 75 70 by
219 1033 294 69 Margaret
555 1032 174 68 Ayer.
812 1033 233 65 Boston,
1091 1030 137 53 New
1275 1029 180 67 York,
1500 1029 277 68 Lothrop,
1821 1029 110 53 Lee
1981 1028 110 53 and

103 1109 261 68 Shepard
393 1128 297 50 company,
720 1111 149 51 1936.

171 1182 86 40 247
282 1193 44 37 p.
357 1182 107 41 incl.
493 1182 162 46 front.,
685 1181 127 41 illus.
872 1180 146 41 20½cm.

103 1250 53 53 ©
196 1255 126 47 Sept.
359 1254 67 47 16,
464 1253 140 46 1936;
643 1254 68 40 2c.
751 1253 127 47 Sept.
916 1253 81 45 17;
1038 1252 82 40 aff.
1159 1251 127 48 Sept.
1325 1252 82 46 21;
1448 1252 40 38 A
1525 1250 170 48 98506;
1737 1251 227 48 Lothrop,
2005 1252 94 38 Lee

169 1311 38 41 &
238 1310 218 48 Shepard
485 1320 67 30 co.
621 1308 254 48 (36-19989
887 1309 14 47 )

99 1412 193 53 Texas
322 1411 201 67 digest,
558 1415 133 50 1840
721 1419 58 46 to
811 1411 148 66 date,
992 1411 268 66 covering
1292 1411 182 51 Texas
1508 1416 221 61 reports
1764 1411 112 52 and
1913 1409 183 55 South

169 1495 237 48 western
437 1496 273 59 reporter,
744 1508 59 34 as
836 1489 126 52 well
996 1508 58 33 as
1088 1491 182 50 Texas
1303 1505 148 35 cases
1484 1487 233 54 decided
1752 1489 58 51 in
1844 1489 95 52 the
170 1488 1902 133 federal
331 1567 220 55 Circuit
595 1567 112 53 and
752 1565 241 55 District
1038 1570 203 61 courts,
1286 1565 221 55 Circuit
1550 1571 161 48 court
1754 1566 62 53 of
1864 1566 233 68 appeals

171 1643 1925 68 and Supreme court of the United States … with current
169 1722 343 53 cumulative
549 1722 202 67 pocket
790 1721 207 53 service.
1087 1723 223 51 volume
1348 1725 81 49 25.
1470 1723 463 54 Jury-Licenses.
2015 1722 80 54 St.

168 1799 1028 67 Paul. West publishing co. [ c 1936]
170 1872 99 49 viii,
301 1873 87 40 875
413 1882 45 37 p.
515 1871 57 41 26½
604 1874 44 21 cm
653 1904 9 8 .

103 1939 53 53 ©
189 1942 119 48 Aug.
344 1942 69 49 19,
449 1941 114 41 1936;
627 1942 68 39 2c.
735 1942 128 47 Sept.
898 1942 83 47 21;
1019 1942 82 39 aff.
1142 1941 128 48 Sept.
1304 1942 82 46 17;
1426 1942 40 39 A
1501 1941 171 49 98540;
1710 1943 135 40 West
1883 1943 109 47 pub.
2031 1952 67 30 co.

102 2103 216 54 United
349 2103 305 52 Lutheran
686 2101 220 54 church
937 2101 58 53 in
1026 2100 293 55 America.
1394 2102 194 53 Board
1619 2104 63 64 of
1710 2104 315 51 education.

171 2191 191 71 Going
396 2198 58 47 to
492 2192 227 69 college,
755 2191 75 69 by
865 2191 95 53 the
996 2190 151 70 staff,
1182 2192 96 52 the
1314 2191 195 52 Board
1546 2191 64 53 of
1648 2191 317 69 education,
2002 2193 94 52 the

102 2270 214 55 United
349 2270 290 52 Lutheran
675 2270 210 53 church
918 2268 58 52 in
1008 2269 282 53 America.
1365 2270 425 69 Philadelphia,
1824 2272 120 68 Pa.,
1977 2273 120 51 The

103 2348 215 55 United
348 2347 290 53 Lutheran
669 2345 353 71 publication
1050 2347 190 68 house,
1272 2351 150 51 1936.

169 2421 58 41 96
257 2432 43 39 p.
363 2420 55 41 19
422 2423 43 21 cm
469 2452 9 9 .

172 2477 257 42 Foreword
461 2477 193 49 signed:
689 2477 155 42 Gould
875 2478 212 48 Wickey.

173 2534 188 41 “Books
388 2535 223 40 students
639 2535 174 41 should
840 2534 197 41 know”:
1066 2546 45 38 p.
1138 2534 159 42 94-96.

103 2599 53 53 ©
186 2604 118 46 Aug.
336 2604 69 47 31,
437 2604 139 47 1936;
610 2604 68 41 2c.
712 2604 95 40 and
839 2605 81 39 aff.
956 2605 127 47 Sept.
1115 2605 54 47 2;
1200 2605 42 39 A
1271 2604 171 48 97648;
1478 2605 163 40 Board
1673 2605 53 39 of
1757 2605 259 41 education
2048 2606 53 39 of

173 2660 84 40 the
290 2660 179 40 United
504 2661 249 39 Lutheran
788 2661 185 39 church
1004 2660 52 40 in
1090 2660 237 50 America,
1365 2661 336 48 Washington.

183 2716 278 48 (36-19776)

100 2820 71 55 U.
199 2821 57 53 S.
330 2822 183 64 Laws,
539 2826 254 51 statutes,
821 2827 98 46 etc.

170 2910 217 55 United
421 2911 187 54 States
641 2911 169 54 Code.
881 2912 273 66 Compact
1186 2912 83 53 ed.
1338 2912 246 67 August,
1618 2917 150 63 1936,
1801 2914 295 66 pamphlet

101 3006 88 35 no.
218 2992 47 49 2.
330 2988 367 67 Comprising
723 2990 94 51 the
846 2996 116 46 acts
988 2990 62 53 of
1079 3012 30 33 a
1136 2991 227 65 general
1394 2991 112 52 and
1534 2997 333 60 permanent
1895 2996 202 48 nature

101 3067 233 52 enacted
363 3066 151 51 from
546 3067 134 52 Feb.
715 3071 81 61 15,
826 3070 58 49 to
914 3067 143 66 July
1090 3071 81 61 13,
1205 3071 151 63 1936,
1387 3068 108 52 end
1527 3069 62 51 of
1621 3067 227 61 session,
1881 3088 57 33 as
1970 3069 127 52 well

104 3144 1994 69 as executive orders, and proclamations … [St. Paul, Minn.,
101 3220 159 53 West
291 3219 334 67 publishing
659 3240 106 45 co.;
804 3221 311 58 Brooklyn,
1151 3222 252 53 Edward
1439 3223 327 66 Thompson
1802 3237 296 53 company,

105 3300 151 63 1936]

171 3368 89 41 428
288 3379 43 37 p.
389 3369 55 40 23½
477 3372 44 20 cm
526 3402 8 8 .

106 3432 54 54 ©
194 3438 117 47 Aug.
348 3437 69 48 21,
453 3438 140 46 1936;
630 3437 68 43 2c.
738 3439 126 47 Sept.
901 3438 82 48 19;
1021 3439 82 41 aff.
1143 3440 127 47 Sept.
1308 3441 81 47 17;
1425 3441 43 39 A
1502 3440 143 42 98525;
1711 3442 135 39 West
1881 3441 109 48 pub.
2029 3451 68 30 co.

175 3494 95 39 and
297 3494 209 39 Edward
533 3494 274 48 Thompson
833 3504 67 31 co.
1888 3496 119 42 8156

106 3597 270 64 Warden,
403 3598 135 53 Carl
560 3598 174 62 John,
761 3603 171 50 1890-

173 3686 1860 70 The emergence of human culture, by Carl J. Warden …
107 3762 137 53 New
273 3762 178 57 York,
479 3764 119 51 The
627 3764 334 53 Macmillan
988 3782 296 51 company,
1312 3768 148 50 1936.

177 3831 964 51 5 p. l., 189 p. illus., plates. 20½ cm .
177 3888 163 41 “First
381 3889 257 48 printing.”

175 3943 375 49 Bibliography:
587 3956 42 37 p.
666 3946 215 41 177-181.

108 4011 53 53 ©
189 4016 121 48 Aug.
339 4017 70 47 18,
439 4016 140 49 1936;
612 4019 68 38 2c.
710 4019 94 39 and
836 4019 81 41 aff.
950 4021 119 47 Aug.
1099 4020 82 48 19;
1216 4023 40 38 A
1286 4021 171 48 98001;
1492 4023 281 40 Macmillan
1805 4034 66 31 co.

186 4071 278 52 (36-19932)
