<alto xmlns="http://www.loc.gov/standards/alto/ns-v3#" xmlns:xlink="http://www.w3.org/1999/xlink" xmlns:xsi="http://www.w3.org/2001/XMLSchema-instance" xsi:schemaLocation="http://www.loc.gov/standards/alto/ns-v3# http://www.loc.gov/alto/v3/alto-3-0.xsd"><Description>
<MeasurementUnit>pixel</MeasurementUnit>
<sourceImageInformation>
<fileName>1936_v33_Part1.pdf</fileName>
</sourceImageInformation>
<OCRProcessing ID="IdOcr">
<ocrProcessingStep>
<processingDateTime>2019-01-18</processingDateTime>
<processingSoftware>
<softwareCreator>ABBYY</softwareCreator>
<softwareName>ABBYY Recognition Server</softwareName>
<softwareVersion>4.0</softwareVersion>
</processingSoftware>
</ocrProcessingStep>
</OCRProcessing>
</Description>
<Styles>
<ParagraphStyle ID="StyleId-FFFFFFFF-FFFF-FFFF-FFFF-FFFFFFFFFFFF-" ALIGN="Left" LEFT="0." RIGHT="0." FIRSTLINE="0."/>
<ParagraphStyle ID="StyleId-51D50FAC-7A90-4D70-8A96-5EA9D46D1C8B-" ALIGN="Left" LEFT="0." RIGHT="0." FIRSTLINE="0." LINESPACE="7.699999809"/>
<ParagraphStyle ID="StyleId-6BC133E9-7DCB-43C3-8842-A67984A26405-" ALIGN="Block" LEFT="0." RIGHT="0." FIRSTLINE="-17." LINESPACE="8.340000153"/>
<ParagraphStyle ID="StyleId-3C3FF860-43E7-46A2-8934-48F305F6F0D6-" ALIGN="Left" LEFT="0." RIGHT="0." FIRSTLINE="-13." LINESPACE="11.06999969"/>
<ParagraphStyle ID="StyleId-19220C76-4F8A-4737-B38C-B5F5C17E6040-" ALIGN="Block" LEFT="0." RIGHT="0." FIRSTLINE="-13." LINESPACE="11.06999969"/>
<ParagraphStyle ID="StyleId-75A0D721-13ED-4F20-9002-B389EC48477D-" ALIGN="Left" LEFT="0." RIGHT="0." FIRSTLINE="0." LINESPACE="15.5"/>
<ParagraphStyle ID="StyleId-8A414184-C7A5-4AC7-9B88-7DA4DDE75922-" ALIGN="Left" LEFT="0." RIGHT="0." FIRSTLINE="0." LINESPACE="9.399999619"/>
<ParagraphStyle ID="StyleId-1A87970B-111C-4169-99A6-9412976F3C97-" ALIGN="Left" LEFT="0." RIGHT="0." FIRSTLINE="0." LINESPACE="10.5"/>
<ParagraphStyle ID="StyleId-72DB0571-5AE4-41FD-9E11-68C6AC4C437E-" ALIGN="Block" LEFT="0." RIGHT="0." FIRSTLINE="-17." LINESPACE="8.340000153"/>
<ParagraphStyle ID="StyleId-1AA43056-C388-4697-B10F-72FDAA38FAE1-" ALIGN="Center" LEFT="0." RIGHT="0." FIRSTLINE="0." LINESPACE="10.5"/>
</Styles>
<Layout>
<Page ID="Page367" PHYSICAL_IMG_NR="367" HEIGHT="4377" WIDTH="2519">
<TopMargin HEIGHT="446" WIDTH="2519" VPOS="0" HPOS="0">
</TopMargin>
<LeftMargin HEIGHT="3620" WIDTH="62" VPOS="446" HPOS="0">
</LeftMargin>
<RightMargin HEIGHT="3620" WIDTH="435" VPOS="446" HPOS="2084">
</RightMargin>
<BottomMargin HEIGHT="311" WIDTH="2519" VPOS="4066" HPOS="0">
<TextBlock ID="Page367_Block1" HEIGHT="113" WIDTH="265" VPOS="4092" HPOS="935" LANG="en-US" STYLEREFS="StyleId-13EFCE77-3109-40E0-A5D2-C57297A986BD-">
<TextLine HEIGHT="54" WIDTH="101" VPOS="4095" HPOS="1024">
<String CONTENT="367" HEIGHT="54" WIDTH="101" VPOS="4095" HPOS="1024"/>
</TextLine>
</TextBlock>
</BottomMargin>
<PrintSpace HEIGHT="3620" WIDTH="2022" VPOS="446" HPOS="62">
<TextBlock ID="Page367_Block2" HEIGHT="3620" WIDTH="2022" VPOS="446" HPOS="62" LANG="en-US" CS="1" STYLEREFS="StyleId-25A94E60-41D5-4601-975E-025E3AAD1122-">
<TextLine HEIGHT="65" WIDTH="673" VPOS="457" HPOS="75">
<String LANG="fr" CONTENT="Franklyn," HEIGHT="65" WIDTH="318" VPOS="457" HPOS="75"/>
<SP HEIGHT="64" WIDTH="25" VPOS="458" HPOS="394"/>
<String LANG="en-US" CONTENT="Julian," HEIGHT="65" WIDTH="216" VPOS="457" HPOS="420"/>
<SP HEIGHT="47" WIDTH="26" VPOS="475" HPOS="637"/>
<String LANG="en-US" CONTENT="ed." HEIGHT="53" WIDTH="84" VPOS="457" HPOS="664"/>
</TextLine>
<TextLine HEIGHT="74" WIDTH="1922" VPOS="539" HPOS="142" CS="1">
<String CONTENT="A" HEIGHT="51" WIDTH="55" VPOS="545" HPOS="142"/>
<SP HEIGHT="52" WIDTH="29" VPOS="545" HPOS="198"/>
<String CONTENT="survey" HEIGHT="51" WIDTH="204" VPOS="562" HPOS="228"/>
<SP HEIGHT="51" WIDTH="30" VPOS="562" HPOS="433"/>
<String CONTENT="of" HEIGHT="53" WIDTH="64" VPOS="544" HPOS="464"/>
<SP HEIGHT="54" WIDTH="28" VPOS="544" HPOS="529"/>
<String CONTENT="the" HEIGHT="53" WIDTH="97" VPOS="545" HPOS="558"/>
<SP HEIGHT="35" WIDTH="28" VPOS="562" HPOS="656"/>
<String CONTENT="occult," HEIGHT="67" WIDTH="201" VPOS="544" HPOS="685"/>
<SP HEIGHT="49" WIDTH="29" VPOS="562" HPOS="887"/>
<String CONTENT="edited" HEIGHT="54" WIDTH="187" VPOS="542" HPOS="917"/>
<SP HEIGHT="53" WIDTH="32" VPOS="543" HPOS="1105"/>
<String CONTENT="by" HEIGHT="69" WIDTH="75" VPOS="543" HPOS="1138"/>
<SP HEIGHT="70" WIDTH="32" VPOS="542" HPOS="1214"/>
<String CONTENT="Julian" HEIGHT="55" WIDTH="201" VPOS="541" HPOS="1247"/>
<SP HEIGHT="53" WIDTH="35" VPOS="542" HPOS="1449"/>
<String CONTENT="Franklyn" HEIGHT="71" WIDTH="299" VPOS="540" HPOS="1485"/>
<SP HEIGHT="35" WIDTH="39" VPOS="560" HPOS="1785"/>
<String CS="1" CONTENT="&#8230;"/>
<SP HEIGHT="37" WIDTH="38" VPOS="558" HPOS="1883"/>
<String CONTENT="with" HEIGHT="53" WIDTH="142" VPOS="539" HPOS="1922"/>
</TextLine>
<TextLine HEIGHT="74" WIDTH="1991" VPOS="617" HPOS="72" CS="1">
<String CONTENT="contributions" HEIGHT="53" WIDTH="411" VPOS="622" HPOS="72"/>
<SP HEIGHT="54" WIDTH="33" VPOS="621" HPOS="484"/>
<String CONTENT="by" HEIGHT="70" WIDTH="75" VPOS="621" HPOS="518"/>
<SP HEIGHT="69" WIDTH="31" VPOS="622" HPOS="594"/>
<String LANG="fr" CONTENT="Dr." HEIGHT="52" WIDTH="104" VPOS="622" HPOS="626"/>
<SP HEIGHT="52" WIDTH="34" VPOS="622" HPOS="731"/>
<String LANG="fr" CONTENT="F." HEIGHT="52" WIDTH="64" VPOS="622" HPOS="766"/>
<SP HEIGHT="52" WIDTH="37" VPOS="622" HPOS="831"/>
<String CONTENT="E." HEIGHT="51" WIDTH="66" VPOS="622" HPOS="869"/>
<SP HEIGHT="51" WIDTH="36" VPOS="622" HPOS="936"/>
<String CONTENT="Budd" HEIGHT="53" WIDTH="172" VPOS="621" HPOS="973"/>
<SP HEIGHT="52" WIDTH="40" VPOS="622" HPOS="1146"/>
<String CS="1" CONTENT="&#8230;"/>
<SP HEIGHT="55" WIDTH="74" VPOS="621" HPOS="1245"/>
<String CONTENT="J." HEIGHT="55" WIDTH="56" VPOS="621" HPOS="1320"/>
<SP HEIGHT="54" WIDTH="35" VPOS="620" HPOS="1377"/>
<String CONTENT="H." HEIGHT="54" WIDTH="77" VPOS="620" HPOS="1413"/>
<SP HEIGHT="54" WIDTH="37" VPOS="620" HPOS="1491"/>
<String CONTENT="Mozley" HEIGHT="70" WIDTH="224" VPOS="619" HPOS="1529"/>
<SP HEIGHT="51" WIDTH="41" VPOS="638" HPOS="1754"/>
<String CS="1" CONTENT="&#8230;"/>
<SP HEIGHT="56" WIDTH="43" VPOS="618" HPOS="1854"/>
<String LANG="fi" CONTENT="S." HEIGHT="56" WIDTH="56" VPOS="618" HPOS="1898"/>
<SP HEIGHT="56" WIDTH="37" VPOS="617" HPOS="1955"/>
<String CONTENT="G." HEIGHT="56" WIDTH="70" VPOS="617" HPOS="1993"/>
</TextLine>
<TextLine HEIGHT="70" WIDTH="1988" VPOS="697" HPOS="75" CS="1">
<String CONTENT="Soal" HEIGHT="54" WIDTH="132" VPOS="699" HPOS="75"/>
<SP HEIGHT="52" WIDTH="47" VPOS="700" HPOS="208"/>
<String CS="1" CONTENT="&#8230;"/>
<SP HEIGHT="34" WIDTH="46" VPOS="719" HPOS="313"/>
<String CONTENT="and" HEIGHT="53" WIDTH="111" VPOS="700" HPOS="360"/>
<SP HEIGHT="54" WIDTH="39" VPOS="699" HPOS="472"/>
<String CONTENT="Alastair" HEIGHT="53" WIDTH="259" VPOS="699" HPOS="512"/>
<SP HEIGHT="51" WIDTH="41" VPOS="701" HPOS="772"/>
<String CONTENT="Baxter." HEIGHT="51" WIDTH="230" VPOS="701" HPOS="814"/>
<SP HEIGHT="53" WIDTH="77" VPOS="698" HPOS="1045"/>
<String CONTENT="London," HEIGHT="69" WIDTH="259" VPOS="698" HPOS="1123"/>
<SP HEIGHT="68" WIDTH="42" VPOS="699" HPOS="1383"/>
<String CONTENT="A." HEIGHT="53" WIDTH="71" VPOS="699" HPOS="1426"/>
<SP HEIGHT="52" WIDTH="43" VPOS="700" HPOS="1498"/>
<String CONTENT="Barker," HEIGHT="69" WIDTH="238" VPOS="697" HPOS="1542"/>
<SP HEIGHT="68" WIDTH="41" VPOS="698" HPOS="1781"/>
<String CONTENT="limited," HEIGHT="68" WIDTH="240" VPOS="697" HPOS="1823"/>
</TextLine>
<TextLine HEIGHT="51" WIDTH="148" VPOS="780" HPOS="76">
<String CONTENT="1935." HEIGHT="51" WIDTH="148" VPOS="780" HPOS="76"/>
</TextLine>
<TextLine HEIGHT="51" WIDTH="1630" VPOS="848" HPOS="145" STYLEREFS="StyleId-FBC80582-DA56-4ACF-8B2B-543E4840609A-" CS="1">
<String CONTENT="vii," HEIGHT="48" WIDTH="77" VPOS="850" HPOS="145"/>
<SP HEIGHT="46" WIDTH="24" VPOS="852" HPOS="223"/>
<String CONTENT="301" HEIGHT="40" WIDTH="83" VPOS="851" HPOS="248"/>
<SP HEIGHT="45" WIDTH="23" VPOS="852" HPOS="332"/>
<String CONTENT="p." HEIGHT="36" WIDTH="42" VPOS="861" HPOS="356"/>
<SP HEIGHT="42" WIDTH="58" VPOS="848" HPOS="399"/>
<String CONTENT="22cm." HEIGHT="42" WIDTH="115" VPOS="848" HPOS="458"/>
<SP HEIGHT="29" WIDTH="66" VPOS="870" HPOS="574"/>
<String CONTENT="[Arthur" HEIGHT="49" WIDTH="200" VPOS="850" HPOS="641"/>
<SP HEIGHT="38" WIDTH="27" VPOS="851" HPOS="842"/>
<String CONTENT="Barker&#8217;s" HEIGHT="41" WIDTH="226" VPOS="849" HPOS="870"/>
<SP HEIGHT="30" WIDTH="24" VPOS="859" HPOS="1097"/>
<String CONTENT="companion" HEIGHT="48" WIDTH="282" VPOS="849" HPOS="1122"/>
<SP HEIGHT="29" WIDTH="28" VPOS="861" HPOS="1405"/>
<String CONTENT="series," HEIGHT="41" WIDTH="162" VPOS="849" HPOS="1434"/>
<SP HEIGHT="31" WIDTH="58" VPOS="859" HPOS="1597"/>
<String CONTENT="no." HEIGHT="29" WIDTH="74" VPOS="859" HPOS="1656"/>
<SP HEIGHT="39" WIDTH="16" VPOS="849" HPOS="1731"/>
<String CS="1" CONTENT="2]" HEIGHT="39" WIDTH="27" VPOS="849" HPOS="1748"/>
</TextLine>
<TextLine HEIGHT="49" WIDTH="647" VPOS="906" HPOS="143" STYLEREFS="StyleId-FBC80582-DA56-4ACF-8B2B-543E4840609A-">
<String CONTENT="Includes" HEIGHT="42" WIDTH="222" VPOS="906" HPOS="143"/>
<SP HEIGHT="41" WIDTH="34" VPOS="906" HPOS="366"/>
<String CONTENT="bibliographies." HEIGHT="49" WIDTH="389" VPOS="906" HPOS="401"/>
</TextLine>
<TextLine HEIGHT="53" WIDTH="1991" VPOS="975" HPOS="74" STYLEREFS="StyleId-FBC80582-DA56-4ACF-8B2B-543E4840609A-" CS="1">
<String CONTENT="&#169;" HEIGHT="53" WIDTH="53" VPOS="975" HPOS="74"/>
<SP HEIGHT="53" WIDTH="25" VPOS="975" HPOS="128"/>
<String CONTENT="1c." HEIGHT="41" WIDTH="65" VPOS="981" HPOS="154"/>
<SP HEIGHT="41" WIDTH="30" VPOS="981" HPOS="220"/>
<String CONTENT="Mar." HEIGHT="39" WIDTH="120" VPOS="981" HPOS="251"/>
<SP HEIGHT="39" WIDTH="28" VPOS="981" HPOS="372"/>
<String CONTENT="3," HEIGHT="47" WIDTH="39" VPOS="981" HPOS="401"/>
<SP HEIGHT="47" WIDTH="30" VPOS="981" HPOS="441"/>
<String CONTENT="1936;" HEIGHT="48" WIDTH="139" VPOS="980" HPOS="472"/>
<SP HEIGHT="47" WIDTH="31" VPOS="981" HPOS="612"/>
<!-- cceid 997013A9-6E3A-1014-83DD-942C093A1DD9 --><String CONTENT="A" HEIGHT="39" WIDTH="41" VPOS="981" HPOS="644"/>
<SP HEIGHT="39" WIDTH="28" VPOS="981" HPOS="686"/>
<String CONTENT="ad" HEIGHT="39" WIDTH="61" VPOS="982" HPOS="715"/>
<SP HEIGHT="40" WIDTH="28" VPOS="981" HPOS="777"/>
<String CONTENT="int." HEIGHT="40" WIDTH="86" VPOS="981" HPOS="806"/>
<SP HEIGHT="40" WIDTH="28" VPOS="981" HPOS="893"/>
<String CS="1" CONTENT="21147;" HEIGHT="40" WIDTH="143" VPOS="981" HPOS="922"/>
<SP HEIGHT="37" WIDTH="30" VPOS="991" HPOS="1094"/>
<String CONTENT="pubd." HEIGHT="47" WIDTH="141" VPOS="981" HPOS="1125"/>
<SP HEIGHT="39" WIDTH="31" VPOS="981" HPOS="1267"/>
<String CONTENT="Jan." HEIGHT="41" WIDTH="110" VPOS="981" HPOS="1299"/>
<SP HEIGHT="41" WIDTH="31" VPOS="981" HPOS="1410"/>
<String CONTENT="6;" HEIGHT="47" WIDTH="51" VPOS="981" HPOS="1442"/>
<SP HEIGHT="46" WIDTH="32" VPOS="982" HPOS="1494"/>
<String CONTENT="Arthur" HEIGHT="39" WIDTH="186" VPOS="982" HPOS="1527"/>
<SP HEIGHT="38" WIDTH="31" VPOS="982" HPOS="1714"/>
<String CONTENT="Barker," HEIGHT="47" WIDTH="201" VPOS="981" HPOS="1746"/>
<SP HEIGHT="46" WIDTH="32" VPOS="982" HPOS="1948"/>
<String CONTENT="ltd." HEIGHT="38" WIDTH="84" VPOS="982" HPOS="1981"/>
</TextLine>
<TextLine HEIGHT="48" WIDTH="249" VPOS="1036" HPOS="155" STYLEREFS="StyleId-FBC80582-DA56-4ACF-8B2B-543E4840609A-">
<String CONTENT="(36-8443)" HEIGHT="48" WIDTH="249" VPOS="1036" HPOS="155"/>
</TextLine>
<TextLine HEIGHT="69" WIDTH="1171" VPOS="1137" HPOS="76">
<String CONTENT="Gayley," HEIGHT="67" WIDTH="239" VPOS="1137" HPOS="76"/>
<SP HEIGHT="65" WIDTH="27" VPOS="1139" HPOS="316"/>
<String CONTENT="Charles" HEIGHT="55" WIDTH="244" VPOS="1139" HPOS="344"/>
<SP HEIGHT="53" WIDTH="21" VPOS="1141" HPOS="589"/>
<String CONTENT="Mills," HEIGHT="65" WIDTH="174" VPOS="1139" HPOS="611"/>
<SP HEIGHT="60" WIDTH="26" VPOS="1144" HPOS="786"/>
<String CONTENT="1858-1932," HEIGHT="63" WIDTH="325" VPOS="1143" HPOS="813"/>
<SP HEIGHT="48" WIDTH="23" VPOS="1158" HPOS="1139"/>
<String CONTENT="ed." HEIGHT="52" WIDTH="84" VPOS="1141" HPOS="1163"/>
</TextLine>
<TextLine HEIGHT="69" WIDTH="1924" VPOS="1228" HPOS="144">
<String CONTENT="Representative" HEIGHT="67" WIDTH="463" VPOS="1228" HPOS="144"/>
<SP HEIGHT="51" WIDTH="35" VPOS="1231" HPOS="608"/>
<String CONTENT="English" HEIGHT="65" WIDTH="245" VPOS="1231" HPOS="644"/>
<SP HEIGHT="51" WIDTH="35" VPOS="1231" HPOS="890"/>
<String CONTENT="comedies," HEIGHT="67" WIDTH="292" VPOS="1230" HPOS="926"/>
<SP HEIGHT="48" WIDTH="34" VPOS="1249" HPOS="1219"/>
<String CONTENT="with" HEIGHT="52" WIDTH="140" VPOS="1230" HPOS="1254"/>
<SP HEIGHT="52" WIDTH="35" VPOS="1229" HPOS="1395"/>
<String CONTENT="introductory" HEIGHT="67" WIDTH="395" VPOS="1229" HPOS="1431"/>
<SP HEIGHT="48" WIDTH="35" VPOS="1248" HPOS="1827"/>
<String CONTENT="essays," HEIGHT="50" WIDTH="205" VPOS="1246" HPOS="1863"/>
</TextLine>
<TextLine HEIGHT="69" WIDTH="1990" VPOS="1305" HPOS="76">
<String CONTENT="a" HEIGHT="33" WIDTH="29" VPOS="1325" HPOS="76"/>
<SP HEIGHT="33" WIDTH="51" VPOS="1325" HPOS="106"/>
<String CONTENT="monograph," HEIGHT="66" WIDTH="373" VPOS="1307" HPOS="158"/>
<SP HEIGHT="47" WIDTH="51" VPOS="1326" HPOS="532"/>
<String CONTENT="and" HEIGHT="52" WIDTH="112" VPOS="1307" HPOS="584"/>
<SP HEIGHT="52" WIDTH="51" VPOS="1307" HPOS="697"/>
<String CONTENT="notes," HEIGHT="62" WIDTH="175" VPOS="1312" HPOS="749"/>
<SP HEIGHT="49" WIDTH="48" VPOS="1325" HPOS="925"/>
<String CONTENT="under" HEIGHT="51" WIDTH="180" VPOS="1308" HPOS="974"/>
<SP HEIGHT="47" WIDTH="50" VPOS="1312" HPOS="1155"/>
<String CONTENT="the" HEIGHT="52" WIDTH="97" VPOS="1307" HPOS="1206"/>
<SP HEIGHT="49" WIDTH="46" VPOS="1325" HPOS="1304"/>
<String CONTENT="general" HEIGHT="66" WIDTH="229" VPOS="1308" HPOS="1351"/>
<SP HEIGHT="50" WIDTH="50" VPOS="1308" HPOS="1581"/>
<String CONTENT="editorship" HEIGHT="66" WIDTH="315" VPOS="1307" HPOS="1632"/>
<SP HEIGHT="49" WIDTH="55" VPOS="1324" HPOS="1948"/>
<String CONTENT="of" HEIGHT="53" WIDTH="62" VPOS="1305" HPOS="2004"/>
</TextLine>
<TextLine HEIGHT="130" WIDTH="1968" VPOS="1383" HPOS="74" CS="1">
<String CONTENT="Charles" HEIGHT="54" WIDTH="234" VPOS="1384" HPOS="74"/>
<SP HEIGHT="52" WIDTH="19" VPOS="1384" HPOS="309"/>
<String CONTENT="Mills" HEIGHT="54" WIDTH="159" VPOS="1383" HPOS="329"/>
<SP HEIGHT="54" WIDTH="21" VPOS="1384" HPOS="489"/>
<String CONTENT="Gayley" HEIGHT="66" WIDTH="220" VPOS="1384" HPOS="511"/>
<SP HEIGHT="45" WIDTH="27" VPOS="1405" HPOS="732"/>
<String CS="1" CONTENT="&#8230;"/>
<SP HEIGHT="33" WIDTH="26" VPOS="1403" HPOS="816"/>
<String CONTENT="and" HEIGHT="51" WIDTH="110" VPOS="1385" HPOS="843"/>
<SP HEIGHT="51" WIDTH="20" VPOS="1385" HPOS="954"/>
<String LANG="de" CONTENT="Alwin" HEIGHT="52" WIDTH="193" VPOS="1385" HPOS="975"/>
<SP HEIGHT="51" WIDTH="22" VPOS="1385" HPOS="1169"/>
<String CONTENT="Thaler" HEIGHT="52" WIDTH="210" VPOS="1385" HPOS="1192"/>
<SP HEIGHT="32" WIDTH="27" VPOS="1404" HPOS="1403"/>
<String CS="1" CONTENT="&#8230;"/>
<SP HEIGHT="53" WIDTH="60" VPOS="1385" HPOS="1488"/>
<String CONTENT="Volume" HEIGHT="53" WIDTH="240" VPOS="1385" HPOS="1549"/>
<SP HEIGHT="47" WIDTH="21" VPOS="1390" HPOS="1790"/>
<String CONTENT="4." HEIGHT="47" WIDTH="46" VPOS="1390" HPOS="1812"/>
<SP HEIGHT="53" WIDTH="57" VPOS="1384" HPOS="1859"/>
<String CONTENT="Dryden" HEIGHT="129" WIDTH="1967" VPOS="1384" HPOS="75"/>
</TextLine>
<TextLine HEIGHT="67" WIDTH="1861" VPOS="1461" HPOS="208">
<String CONTENT="and" HEIGHT="50" WIDTH="111" VPOS="1462" HPOS="208"/>
<SP HEIGHT="51" WIDTH="25" VPOS="1461" HPOS="320"/>
<String CONTENT="his" HEIGHT="52" WIDTH="87" VPOS="1461" HPOS="346"/>
<SP HEIGHT="34" WIDTH="26" VPOS="1479" HPOS="434"/>
<String CONTENT="contemporaries:" HEIGHT="67" WIDTH="502" VPOS="1461" HPOS="461"/>
<SP HEIGHT="54" WIDTH="28" VPOS="1462" HPOS="964"/>
<String CONTENT="Cowley" HEIGHT="66" WIDTH="227" VPOS="1462" HPOS="993"/>
<SP HEIGHT="62" WIDTH="24" VPOS="1466" HPOS="1221"/>
<String CONTENT="to" HEIGHT="48" WIDTH="57" VPOS="1466" HPOS="1246"/>
<SP HEIGHT="50" WIDTH="26" VPOS="1464" HPOS="1304"/>
<String CONTENT="Farquhar." HEIGHT="66" WIDTH="316" VPOS="1462" HPOS="1331"/>
<SP HEIGHT="52" WIDTH="74" VPOS="1463" HPOS="1648"/>
<String CONTENT="New" HEIGHT="52" WIDTH="137" VPOS="1463" HPOS="1723"/>
<SP HEIGHT="52" WIDTH="26" VPOS="1462" HPOS="1861"/>
<String CONTENT="York," HEIGHT="67" WIDTH="181" VPOS="1461" HPOS="1888"/>
</TextLine>
<TextLine HEIGHT="68" WIDTH="986" VPOS="1538" HPOS="75">
<String CONTENT="The" HEIGHT="51" WIDTH="118" VPOS="1539" HPOS="75"/>
<SP HEIGHT="50" WIDTH="28" VPOS="1540" HPOS="194"/>
<String CONTENT="Macmillan" HEIGHT="52" WIDTH="331" VPOS="1538" HPOS="223"/>
<SP HEIGHT="34" WIDTH="29" VPOS="1557" HPOS="555"/>
<String CONTENT="company," HEIGHT="49" WIDTH="296" VPOS="1557" HPOS="585"/>
<SP HEIGHT="62" WIDTH="30" VPOS="1544" HPOS="882"/>
<String CONTENT="1936." HEIGHT="50" WIDTH="148" VPOS="1542" HPOS="913"/>
</TextLine>
<TextLine HEIGHT="49" WIDTH="446" VPOS="1610" HPOS="143" CS="1">
<String CONTENT="xii," HEIGHT="46" WIDTH="83" VPOS="1612" HPOS="143"/>
<SP HEIGHT="45" WIDTH="31" VPOS="1613" HPOS="227"/>
<String CONTENT="777" HEIGHT="39" WIDTH="82" VPOS="1613" HPOS="259"/>
<SP HEIGHT="46" WIDTH="29" VPOS="1613" HPOS="342"/>
<String CONTENT="p." HEIGHT="36" WIDTH="43" VPOS="1623" HPOS="372"/>
<SP HEIGHT="42" WIDTH="56" VPOS="1610" HPOS="416"/>
<String CS="1" CONTENT="20cm." HEIGHT="43" WIDTH="116" VPOS="1610" HPOS="473"/>
</TextLine>
<TextLine HEIGHT="54" WIDTH="1729" VPOS="1676" HPOS="74" STYLEREFS="StyleId-FBC80582-DA56-4ACF-8B2B-543E4840609A-" CS="1">
<String CONTENT="&#169;" HEIGHT="53" WIDTH="53" VPOS="1676" HPOS="74"/>
<SP HEIGHT="53" WIDTH="25" VPOS="1676" HPOS="128"/>
<String CONTENT="Mar." HEIGHT="40" WIDTH="121" VPOS="1682" HPOS="154"/>
<SP HEIGHT="40" WIDTH="26" VPOS="1682" HPOS="276"/>
<String CONTENT="17," HEIGHT="48" WIDTH="68" VPOS="1682" HPOS="303"/>
<SP HEIGHT="48" WIDTH="26" VPOS="1682" HPOS="372"/>
<String CS="1" CONTENT="1936;" HEIGHT="40" WIDTH="112" VPOS="1681" HPOS="399"/>
<SP HEIGHT="48" WIDTH="27" VPOS="1681" HPOS="539"/>
<String CONTENT="2c." HEIGHT="41" WIDTH="67" VPOS="1681" HPOS="567"/>
<SP HEIGHT="30" WIDTH="27" VPOS="1692" HPOS="635"/>
<String CONTENT="and" HEIGHT="39" WIDTH="95" VPOS="1682" HPOS="663"/>
<SP HEIGHT="39" WIDTH="27" VPOS="1682" HPOS="759"/>
<String CONTENT="aff." HEIGHT="42" WIDTH="81" VPOS="1681" HPOS="787"/>
<SP HEIGHT="41" WIDTH="27" VPOS="1682" HPOS="869"/>
<String CONTENT="Mar." HEIGHT="40" WIDTH="122" VPOS="1682" HPOS="897"/>
<SP HEIGHT="40" WIDTH="27" VPOS="1682" HPOS="1020"/>
<String CONTENT="18;" HEIGHT="46" WIDTH="81" VPOS="1681" HPOS="1048"/>
<SP HEIGHT="45" WIDTH="28" VPOS="1682" HPOS="1130"/>
<!-- cceid 9970B348-6E3A-1014-83DD-942C093A1DD9 --><String CONTENT="A" HEIGHT="38" WIDTH="41" VPOS="1682" HPOS="1159"/>
<SP HEIGHT="39" WIDTH="21" VPOS="1681" HPOS="1201"/>
<String CONTENT="92360;" HEIGHT="48" WIDTH="171" VPOS="1681" HPOS="1223"/>
<SP HEIGHT="47" WIDTH="31" VPOS="1682" HPOS="1395"/>
<String CONTENT="Macmillan" HEIGHT="40" WIDTH="278" VPOS="1681" HPOS="1427"/>
<SP HEIGHT="28" WIDTH="28" VPOS="1692" HPOS="1706"/>
<String CONTENT="co." HEIGHT="31" WIDTH="68" VPOS="1691" HPOS="1735"/>
</TextLine>
<TextLine HEIGHT="64" WIDTH="430" VPOS="1784" HPOS="76">
<String CONTENT="Gill," HEIGHT="64" WIDTH="128" VPOS="1784" HPOS="76"/>
<SP HEIGHT="63" WIDTH="26" VPOS="1785" HPOS="205"/>
<String CONTENT="Frances." HEIGHT="55" WIDTH="274" VPOS="1785" HPOS="232"/>
</TextLine>
<TextLine HEIGHT="69" WIDTH="1923" VPOS="1873" HPOS="146">
<String LANG="la" CONTENT="Chloe" HEIGHT="56" WIDTH="177" VPOS="1873" HPOS="146"/>
<SP HEIGHT="53" WIDTH="27" VPOS="1873" HPOS="324"/>
<String CONTENT="dusts" HEIGHT="53" WIDTH="159" VPOS="1873" HPOS="352"/>
<SP HEIGHT="52" WIDTH="25" VPOS="1874" HPOS="512"/>
<String CONTENT="her" HEIGHT="54" WIDTH="102" VPOS="1874" HPOS="538"/>
<SP HEIGHT="37" WIDTH="25" VPOS="1891" HPOS="641"/>
<String CONTENT="mantel;" HEIGHT="67" WIDTH="241" VPOS="1873" HPOS="667"/>
<SP HEIGHT="49" WIDTH="30" VPOS="1891" HPOS="909"/>
<String CONTENT="a" HEIGHT="34" WIDTH="31" VPOS="1893" HPOS="940"/>
<SP HEIGHT="50" WIDTH="26" VPOS="1892" HPOS="972"/>
<String CONTENT="pioneer" HEIGHT="68" WIDTH="230" VPOS="1874" HPOS="999"/>
<SP HEIGHT="35" WIDTH="25" VPOS="1892" HPOS="1230"/>
<String CONTENT="woman&#8217;s" HEIGHT="54" WIDTH="266" VPOS="1873" HPOS="1256"/>
<SP HEIGHT="52" WIDTH="25" VPOS="1874" HPOS="1523"/>
<String CONTENT="idyl," HEIGHT="69" WIDTH="142" VPOS="1873" HPOS="1549"/>
<SP HEIGHT="67" WIDTH="26" VPOS="1873" HPOS="1692"/>
<String CONTENT="by" HEIGHT="68" WIDTH="75" VPOS="1873" HPOS="1719"/>
<SP HEIGHT="68" WIDTH="26" VPOS="1873" HPOS="1795"/>
<String CONTENT="Frances" HEIGHT="52" WIDTH="247" VPOS="1873" HPOS="1822"/>
</TextLine>
<TextLine HEIGHT="70" WIDTH="1992" VPOS="1950" HPOS="78">
<String CONTENT="Gill." HEIGHT="54" WIDTH="136" VPOS="1950" HPOS="78"/>
<SP HEIGHT="51" WIDTH="79" VPOS="1952" HPOS="215"/>
<String CONTENT="New" HEIGHT="52" WIDTH="140" VPOS="1952" HPOS="295"/>
<SP HEIGHT="54" WIDTH="46" VPOS="1950" HPOS="436"/>
<String CONTENT="York," HEIGHT="70" WIDTH="179" VPOS="1950" HPOS="483"/>
<SP HEIGHT="68" WIDTH="42" VPOS="1952" HPOS="663"/>
<String CONTENT="The" HEIGHT="53" WIDTH="122" VPOS="1952" HPOS="706"/>
<SP HEIGHT="53" WIDTH="41" VPOS="1952" HPOS="829"/>
<String CONTENT="Press" HEIGHT="53" WIDTH="168" VPOS="1952" HPOS="871"/>
<SP HEIGHT="36" WIDTH="41" VPOS="1969" HPOS="1040"/>
<String CONTENT="of" HEIGHT="52" WIDTH="65" VPOS="1951" HPOS="1082"/>
<SP HEIGHT="54" WIDTH="42" VPOS="1951" HPOS="1148"/>
<String CONTENT="the" HEIGHT="55" WIDTH="96" VPOS="1951" HPOS="1191"/>
<SP HEIGHT="50" WIDTH="43" VPOS="1970" HPOS="1288"/>
<String CONTENT="pioneers," HEIGHT="70" WIDTH="276" VPOS="1950" HPOS="1332"/>
<SP HEIGHT="68" WIDTH="42" VPOS="1951" HPOS="1609"/>
<String CONTENT="incorporated," HEIGHT="68" WIDTH="418" VPOS="1951" HPOS="1652"/>
</TextLine>
<TextLine HEIGHT="49" WIDTH="147" VPOS="2033" HPOS="79">
<String CONTENT="1935." HEIGHT="49" WIDTH="147" VPOS="2033" HPOS="79"/>
</TextLine>
<TextLine HEIGHT="50" WIDTH="647" VPOS="2101" HPOS="146" STYLEREFS="StyleId-FBC80582-DA56-4ACF-8B2B-543E4840609A-" CS="1">
<String LANG="en-US" CONTENT="6" HEIGHT="39" WIDTH="27" VPOS="2103" HPOS="146"/>
<SP HEIGHT="48" WIDTH="24" VPOS="2103" HPOS="174"/>
<String LANG="la" CONTENT="p." HEIGHT="37" WIDTH="43" VPOS="2114" HPOS="199"/>
<SP/>
<String LANG="la" CS="1" CONTENT="l.,"/>
<SP/>
<String LANG="en-US" CONTENT="88" HEIGHT="41" WIDTH="55" VPOS="2101" HPOS="341"/>
<SP HEIGHT="49" WIDTH="23" VPOS="2101" HPOS="397"/>
<String LANG="la" CONTENT="p.," HEIGHT="37" WIDTH="59" VPOS="2113" HPOS="421"/>
<SP HEIGHT="45" WIDTH="25" VPOS="2103" HPOS="481"/>
<String LANG="en-US" CONTENT="1" HEIGHT="38" WIDTH="26" VPOS="2103" HPOS="507"/>
<SP HEIGHT="39" WIDTH="23" VPOS="2102" HPOS="534"/>
<String LANG="en-US" CS="1" CONTENT="l." HEIGHT="9" WIDTH="9" VPOS="2133" HPOS="578"/>
<SP HEIGHT="40" WIDTH="57" VPOS="2102" HPOS="588"/>
<String LANG="en-US" CS="1" CONTENT="23&#189;cm." HEIGHT="42" WIDTH="147" VPOS="2102" HPOS="646"/>
</TextLine>
<TextLine HEIGHT="41" WIDTH="445" VPOS="2159" HPOS="146" STYLEREFS="StyleId-FBC80582-DA56-4ACF-8B2B-543E4840609A-">
<String CONTENT="&#8220;Trade" HEIGHT="40" WIDTH="186" VPOS="2160" HPOS="146"/>
<SP HEIGHT="30" WIDTH="30" VPOS="2170" HPOS="333"/>
<String CONTENT="edition.&#8221;" HEIGHT="40" WIDTH="227" VPOS="2159" HPOS="364"/>
</TextLine>
<TextLine HEIGHT="109" WIDTH="1977" VPOS="2226" HPOS="77" STYLEREFS="StyleId-FBC80582-DA56-4ACF-8B2B-543E4840609A-" CS="1">
<String CONTENT="&#169;" HEIGHT="53" WIDTH="52" VPOS="2226" HPOS="77"/>
<SP HEIGHT="53" WIDTH="30" VPOS="2226" HPOS="130"/>
<String CONTENT="Oct." HEIGHT="41" WIDTH="101" VPOS="2230" HPOS="161"/>
<SP HEIGHT="40" WIDTH="29" VPOS="2231" HPOS="263"/>
<String CONTENT="10," HEIGHT="49" WIDTH="68" VPOS="2229" HPOS="293"/>
<SP HEIGHT="47" WIDTH="30" VPOS="2231" HPOS="362"/>
<String CS="1" CONTENT="1935;" HEIGHT="42" WIDTH="113" VPOS="2229" HPOS="393"/>
<SP HEIGHT="48" WIDTH="30" VPOS="2230" HPOS="533"/>
<String CONTENT="2c." HEIGHT="40" WIDTH="66" VPOS="2230" HPOS="564"/>
<SP HEIGHT="40" WIDTH="32" VPOS="2231" HPOS="631"/>
<String CONTENT="Jan." HEIGHT="40" WIDTH="109" VPOS="2231" HPOS="664"/>
<SP HEIGHT="41" WIDTH="29" VPOS="2230" HPOS="774"/>
<String CONTENT="24," HEIGHT="49" WIDTH="69" VPOS="2230" HPOS="804"/>
<SP HEIGHT="48" WIDTH="29" VPOS="2231" HPOS="874"/>
<String CS="1" CONTENT="1936;" HEIGHT="41" WIDTH="114" VPOS="2230" HPOS="904"/>
<SP HEIGHT="32" WIDTH="32" VPOS="2241" HPOS="1046"/>
<String CONTENT="aff." HEIGHT="41" WIDTH="81" VPOS="2230" HPOS="1079"/>
<SP HEIGHT="40" WIDTH="32" VPOS="2231" HPOS="1161"/>
<String CONTENT="Jan." HEIGHT="40" WIDTH="109" VPOS="2231" HPOS="1194"/>
<SP HEIGHT="41" WIDTH="29" VPOS="2230" HPOS="1304"/>
<String CS="1" CONTENT="23;" HEIGHT="41" WIDTH="54" VPOS="2230" HPOS="1334"/>
<SP HEIGHT="46" WIDTH="32" VPOS="2231" HPOS="1417"/>
<!-- cceid 99714F1B-6E3A-1014-83DD-942C093A1DD9 --><String CONTENT="A" HEIGHT="39" WIDTH="41" VPOS="2231" HPOS="1450"/>
<SP HEIGHT="41" WIDTH="28" VPOS="2229" HPOS="1492"/>
<String CS="1" CONTENT="92887;" HEIGHT="42" WIDTH="144" VPOS="2229" HPOS="1521"/>
<SP HEIGHT="48" WIDTH="34" VPOS="2230" HPOS="1692"/>
<String CONTENT="Rufus" HEIGHT="41" WIDTH="160" VPOS="2230" HPOS="1727"/>
<SP HEIGHT="41" WIDTH="31" VPOS="2230" HPOS="1888"/>
<String CONTENT="Rockwell" HEIGHT="97" WIDTH="1908" VPOS="2230" HPOS="146"/>
<SP HEIGHT="39" WIDTH="27" VPOS="2288" HPOS="255"/>
<String CONTENT="Wilson," HEIGHT="46" WIDTH="197" VPOS="2288" HPOS="283"/>
<SP HEIGHT="46" WIDTH="25" VPOS="2288" HPOS="481"/>
<String CONTENT="inc.," HEIGHT="45" WIDTH="104" VPOS="2288" HPOS="507"/>
<SP HEIGHT="44" WIDTH="27" VPOS="2289" HPOS="612"/>
<String CONTENT="New" HEIGHT="39" WIDTH="120" VPOS="2289" HPOS="640"/>
<SP HEIGHT="39" WIDTH="23" VPOS="2289" HPOS="761"/>
<String CONTENT="York." HEIGHT="39" WIDTH="144" VPOS="2288" HPOS="785"/>
<SP HEIGHT="47" WIDTH="66" VPOS="2288" HPOS="930"/>
<String CONTENT="(36-8381)" HEIGHT="47" WIDTH="250" VPOS="2288" HPOS="997"/>
</TextLine>
<TextLine HEIGHT="66" WIDTH="572" VPOS="2389" HPOS="78">
<String LANG="en-US" CONTENT="Gobel," HEIGHT="65" WIDTH="194" VPOS="2390" HPOS="78"/>
<SP HEIGHT="64" WIDTH="25" VPOS="2391" HPOS="273"/>
<String LANG="fr" CONTENT="H&#233;l&#232;ne," HEIGHT="66" WIDTH="238" VPOS="2389" HPOS="299"/>
<SP HEIGHT="46" WIDTH="28" VPOS="2409" HPOS="538"/>
<String LANG="en-US" CONTENT="ed." HEIGHT="52" WIDTH="83" VPOS="2392" HPOS="567"/>
</TextLine>
<TextLine HEIGHT="143" WIDTH="1969" VPOS="2479" HPOS="77" CS="1">
<String LANG="fr" CONTENT="Quelques" HEIGHT="68" WIDTH="280" VPOS="2479" HPOS="146"/>
<SP HEIGHT="34" WIDTH="21" VPOS="2497" HPOS="427"/>
<String LANG="fr" CONTENT="nouvelles" HEIGHT="52" WIDTH="287" VPOS="2480" HPOS="449"/>
<SP HEIGHT="51" WIDTH="20" VPOS="2481" HPOS="737"/>
<String LANG="fr" CONTENT="histoires," HEIGHT="68" WIDTH="280" VPOS="2479" HPOS="758"/>
<SP HEIGHT="49" WIDTH="22" VPOS="2498" HPOS="1039"/>
<String LANG="en-US" CONTENT="edited" HEIGHT="53" WIDTH="187" VPOS="2480" HPOS="1062"/>
<SP HEIGHT="53" WIDTH="16" VPOS="2480" HPOS="1250"/>
<String LANG="en-US" CONTENT="by" HEIGHT="67" WIDTH="76" VPOS="2481" HPOS="1267"/>
<SP HEIGHT="66" WIDTH="21" VPOS="2482" HPOS="1344"/>
<String LANG="fr" CONTENT="H&#233;l&#232;ne" HEIGHT="52" WIDTH="217" VPOS="2481" HPOS="1366"/>
<SP HEIGHT="53" WIDTH="21" VPOS="2480" HPOS="1584"/>
<String LANG="en-US" CONTENT="Gobel" HEIGHT="53" WIDTH="179" VPOS="2480" HPOS="1606"/>
<SP HEIGHT="52" WIDTH="27" VPOS="2480" HPOS="1786"/>
<String LANG="en-US" CS="1" CONTENT="&#8230;"/>
<SP HEIGHT="50" WIDTH="62" VPOS="2482" HPOS="1870"/>
<String LANG="en-US" CONTENT="Boston," HEIGHT="140" WIDTH="1969" VPOS="2482" HPOS="77"/>
</TextLine>
<TextLine HEIGHT="69" WIDTH="1599" VPOS="2557" HPOS="217" CS="1">
<String CONTENT="New" HEIGHT="53" WIDTH="138" VPOS="2557" HPOS="217"/>
<SP HEIGHT="51" WIDTH="25" VPOS="2558" HPOS="356"/>
<String CONTENT="York" HEIGHT="52" WIDTH="160" VPOS="2558" HPOS="382"/>
<SP HEIGHT="65" WIDTH="29" VPOS="2558" HPOS="543"/>
<String CS="1" CONTENT="[etc.]" HEIGHT="62" WIDTH="120" VPOS="2563" HPOS="591"/>
<SP HEIGHT="66" WIDTH="30" VPOS="2559" HPOS="712"/>
<String CONTENT="Houghton" HEIGHT="68" WIDTH="314" VPOS="2558" HPOS="743"/>
<SP HEIGHT="50" WIDTH="27" VPOS="2560" HPOS="1058"/>
<String CONTENT="Mifflin" HEIGHT="52" WIDTH="201" VPOS="2558" HPOS="1086"/>
<SP HEIGHT="34" WIDTH="26" VPOS="2577" HPOS="1288"/>
<String CONTENT="company" HEIGHT="49" WIDTH="279" VPOS="2577" HPOS="1315"/>
<SP HEIGHT="61" WIDTH="28" VPOS="2565" HPOS="1595"/>
<String CS="1" CONTENT="[c1936]" HEIGHT="64" WIDTH="151" VPOS="2561" HPOS="1665"/>
</TextLine>
<TextLine HEIGHT="50" WIDTH="1921" VPOS="2631" HPOS="148" STYLEREFS="StyleId-FBC80582-DA56-4ACF-8B2B-543E4840609A-" CS="1">
<String CONTENT="6" HEIGHT="40" WIDTH="28" VPOS="2631" HPOS="148"/>
<SP HEIGHT="49" WIDTH="23" VPOS="2631" HPOS="177"/>
<String LANG="fr" CONTENT="p." HEIGHT="37" WIDTH="43" VPOS="2643" HPOS="201"/>
<SP/>
<String LANG="fr" CS="1" CONTENT="l.,"/>
<SP/>
<String CONTENT="139" HEIGHT="41" WIDTH="87" VPOS="2631" HPOS="347"/>
<SP HEIGHT="49" WIDTH="21" VPOS="2631" HPOS="435"/>
<String CONTENT="p." HEIGHT="37" WIDTH="43" VPOS="2643" HPOS="457"/>
<SP HEIGHT="40" WIDTH="28" VPOS="2632" HPOS="501"/>
<String CONTENT="incl." HEIGHT="40" WIDTH="108" VPOS="2632" HPOS="530"/>
<SP HEIGHT="38" WIDTH="27" VPOS="2633" HPOS="639"/>
<String CONTENT="front.," HEIGHT="45" WIDTH="163" VPOS="2633" HPOS="667"/>
<SP HEIGHT="44" WIDTH="26" VPOS="2634" HPOS="831"/>
<String CONTENT="illus." HEIGHT="40" WIDTH="127" VPOS="2634" HPOS="858"/>
<SP HEIGHT="41" WIDTH="55" VPOS="2633" HPOS="986"/>
<String CS="1" CONTENT="20cm." HEIGHT="41" WIDTH="116" VPOS="2633" HPOS="1042"/>
<SP/>
<String CONTENT="(Half-title:" HEIGHT="48" WIDTH="300" VPOS="2633" HPOS="1224"/>
<SP HEIGHT="41" WIDTH="21" VPOS="2633" HPOS="1525"/>
<String CONTENT="The" HEIGHT="40" WIDTH="101" VPOS="2633" HPOS="1547"/>
<SP HEIGHT="38" WIDTH="26" VPOS="2643" HPOS="1649"/>
<String CONTENT="plateau" HEIGHT="47" WIDTH="199" VPOS="2634" HPOS="1676"/>
<SP HEIGHT="30" WIDTH="27" VPOS="2644" HPOS="1876"/>
<String CONTENT="series," HEIGHT="47" WIDTH="165" VPOS="2633" HPOS="1904"/>
</TextLine>
<TextLine HEIGHT="49" WIDTH="668" VPOS="2688" HPOS="77" STYLEREFS="StyleId-FBC80582-DA56-4ACF-8B2B-543E4840609A-">
<String CONTENT="ed." HEIGHT="39" WIDTH="72" VPOS="2689" HPOS="77"/>
<SP HEIGHT="40" WIDTH="26" VPOS="2688" HPOS="150"/>
<String CONTENT="by" HEIGHT="47" WIDTH="62" VPOS="2688" HPOS="177"/>
<SP HEIGHT="47" WIDTH="26" VPOS="2688" HPOS="240"/>
<String CONTENT="Jacob" HEIGHT="40" WIDTH="150" VPOS="2688" HPOS="267"/>
<SP HEIGHT="41" WIDTH="28" VPOS="2688" HPOS="418"/>
<String CONTENT="Greenberg)" HEIGHT="49" WIDTH="298" VPOS="2688" HPOS="447"/>
</TextLine>
<TextLine HEIGHT="55" WIDTH="1992" VPOS="2754" HPOS="79" STYLEREFS="StyleId-FBC80582-DA56-4ACF-8B2B-543E4840609A-" CS="1">
<String CONTENT="&#169;" HEIGHT="52" WIDTH="52" VPOS="2754" HPOS="79"/>
<SP HEIGHT="52" WIDTH="28" VPOS="2754" HPOS="132"/>
<String CONTENT="Mar." HEIGHT="39" WIDTH="121" VPOS="2759" HPOS="161"/>
<SP HEIGHT="38" WIDTH="28" VPOS="2760" HPOS="283"/>
<String CONTENT="12," HEIGHT="46" WIDTH="68" VPOS="2759" HPOS="312"/>
<SP HEIGHT="45" WIDTH="27" VPOS="2760" HPOS="381"/>
<String CS="1" CONTENT="1936;" HEIGHT="39" WIDTH="114" VPOS="2759" HPOS="409"/>
<SP HEIGHT="48" WIDTH="28" VPOS="2758" HPOS="551"/>
<String CONTENT="2c." HEIGHT="41" WIDTH="66" VPOS="2758" HPOS="580"/>
<SP HEIGHT="39" WIDTH="30" VPOS="2760" HPOS="647"/>
<String CONTENT="Apr." HEIGHT="47" WIDTH="112" VPOS="2760" HPOS="678"/>
<SP HEIGHT="40" WIDTH="30" VPOS="2760" HPOS="791"/>
<String CS="1" CONTENT="6;" HEIGHT="38" WIDTH="27" VPOS="2760" HPOS="822"/>
<SP HEIGHT="36" WIDTH="30" VPOS="2770" HPOS="875"/>
<String CONTENT="aff." HEIGHT="42" WIDTH="82" VPOS="2758" HPOS="906"/>
<SP HEIGHT="39" WIDTH="29" VPOS="2761" HPOS="989"/>
<String CONTENT="Apr." HEIGHT="46" WIDTH="112" VPOS="2761" HPOS="1019"/>
<SP HEIGHT="36" WIDTH="28" VPOS="2762" HPOS="1132"/>
<String CS="1" CONTENT="4;" HEIGHT="36" WIDTH="27" VPOS="2762" HPOS="1161"/>
<SP HEIGHT="46" WIDTH="32" VPOS="2761" HPOS="1216"/>
<!-- cceid 9971F00C-6E3A-1014-83DD-942C093A1DD9 --><String CONTENT="A" HEIGHT="38" WIDTH="39" VPOS="2761" HPOS="1249"/>
<SP HEIGHT="40" WIDTH="28" VPOS="2759" HPOS="1289"/>
<String CS="1" CONTENT="92759;" HEIGHT="42" WIDTH="147" VPOS="2759" HPOS="1318"/>
<SP HEIGHT="45" WIDTH="32" VPOS="2762" HPOS="1489"/>
<String CONTENT="H." HEIGHT="39" WIDTH="61" VPOS="2762" HPOS="1522"/>
<SP HEIGHT="40" WIDTH="30" VPOS="2761" HPOS="1584"/>
<String CONTENT="Gobel," HEIGHT="47" WIDTH="163" VPOS="2761" HPOS="1615"/>
<SP HEIGHT="47" WIDTH="29" VPOS="2761" HPOS="1779"/>
<String CONTENT="Brooklyn." HEIGHT="49" WIDTH="262" VPOS="2760" HPOS="1809"/>
</TextLine>
<TextLine HEIGHT="52" WIDTH="249" VPOS="2813" HPOS="157" STYLEREFS="StyleId-FBC80582-DA56-4ACF-8B2B-543E4840609A-">
<String CONTENT="(36-8426)" HEIGHT="52" WIDTH="249" VPOS="2813" HPOS="157"/>
</TextLine>
<TextLine HEIGHT="66" WIDTH="659" VPOS="2919" HPOS="80">
<String CONTENT="Goldsmith," HEIGHT="66" WIDTH="349" VPOS="2919" HPOS="80"/>
<SP HEIGHT="63" WIDTH="25" VPOS="2922" HPOS="430"/>
<String CONTENT="Norman." HEIGHT="52" WIDTH="283" VPOS="2922" HPOS="456"/>
</TextLine>
<TextLine HEIGHT="70" WIDTH="1919" VPOS="3009" HPOS="150">
<String CONTENT="The" HEIGHT="52" WIDTH="119" VPOS="3009" HPOS="150"/>
<SP HEIGHT="52" WIDTH="33" VPOS="3009" HPOS="270"/>
<String CONTENT="Atlantic" HEIGHT="53" WIDTH="259" VPOS="3009" HPOS="304"/>
<SP HEIGHT="56" WIDTH="31" VPOS="3009" HPOS="564"/>
<String CONTENT="City" HEIGHT="70" WIDTH="137" VPOS="3009" HPOS="596"/>
<SP HEIGHT="50" WIDTH="30" VPOS="3029" HPOS="734"/>
<String CONTENT="murder" HEIGHT="54" WIDTH="230" VPOS="3009" HPOS="765"/>
<SP HEIGHT="34" WIDTH="31" VPOS="3029" HPOS="996"/>
<String CONTENT="mystery," HEIGHT="65" WIDTH="268" VPOS="3014" HPOS="1028"/>
<SP HEIGHT="67" WIDTH="30" VPOS="3011" HPOS="1297"/>
<String CONTENT="by" HEIGHT="67" WIDTH="75" VPOS="3011" HPOS="1328"/>
<SP HEIGHT="67" WIDTH="30" VPOS="3011" HPOS="1404"/>
<String CONTENT="Norman" HEIGHT="54" WIDTH="254" VPOS="3011" HPOS="1435"/>
<SP HEIGHT="56" WIDTH="33" VPOS="3011" HPOS="1690"/>
<String CONTENT="Goldsmith." HEIGHT="56" WIDTH="345" VPOS="3011" HPOS="1724"/>
</TextLine>
<TextLine HEIGHT="70" WIDTH="1354" VPOS="3086" HPOS="84">
<String CONTENT="New" HEIGHT="52" WIDTH="133" VPOS="3086" HPOS="84"/>
<SP HEIGHT="52" WIDTH="26" VPOS="3087" HPOS="218"/>
<String CONTENT="York," HEIGHT="66" WIDTH="178" VPOS="3086" HPOS="245"/>
<SP HEIGHT="64" WIDTH="27" VPOS="3088" HPOS="424"/>
<String CONTENT="The" HEIGHT="54" WIDTH="122" VPOS="3087" HPOS="452"/>
<SP HEIGHT="54" WIDTH="23" VPOS="3087" HPOS="575"/>
<String CONTENT="Macaulay" HEIGHT="69" WIDTH="305" VPOS="3087" HPOS="599"/>
<SP HEIGHT="50" WIDTH="27" VPOS="3106" HPOS="905"/>
<String CONTENT="company" HEIGHT="50" WIDTH="280" VPOS="3106" HPOS="933"/>
<SP HEIGHT="49" WIDTH="30" VPOS="3107" HPOS="1214"/>
<String CONTENT="[c1936]" HEIGHT="64" WIDTH="193" VPOS="3092" HPOS="1245"/>
</TextLine>
<TextLine HEIGHT="50" WIDTH="335" VPOS="3158" HPOS="149" STYLEREFS="StyleId-FBC80582-DA56-4ACF-8B2B-543E4840609A-" CS="1">
<String CONTENT="255" HEIGHT="42" WIDTH="84" VPOS="3158" HPOS="149"/>
<SP HEIGHT="46" WIDTH="30" VPOS="3162" HPOS="234"/>
<String CONTENT="p." HEIGHT="37" WIDTH="44" VPOS="3171" HPOS="265"/>
<SP HEIGHT="39" WIDTH="58" VPOS="3161" HPOS="310"/>
<String CS="1" CONTENT="19cm." HEIGHT="42" WIDTH="115" VPOS="3159" HPOS="369"/>
</TextLine>
<TextLine HEIGHT="55" WIDTH="1774" VPOS="3226" HPOS="81" STYLEREFS="StyleId-FBC80582-DA56-4ACF-8B2B-543E4840609A-" CS="1">
<String CONTENT="&#169;" HEIGHT="52" WIDTH="52" VPOS="3226" HPOS="81"/>
<SP HEIGHT="52" WIDTH="23" VPOS="3226" HPOS="134"/>
<String CONTENT="Apr." HEIGHT="46" WIDTH="113" VPOS="3232" HPOS="158"/>
<SP HEIGHT="41" WIDTH="24" VPOS="3231" HPOS="272"/>
<String CONTENT="6," HEIGHT="47" WIDTH="39" VPOS="3231" HPOS="297"/>
<SP HEIGHT="46" WIDTH="26" VPOS="3232" HPOS="337"/>
<String CONTENT="1936;" HEIGHT="48" WIDTH="139" VPOS="3230" HPOS="364"/>
<SP HEIGHT="47" WIDTH="25" VPOS="3231" HPOS="504"/>
<String CONTENT="2c." HEIGHT="41" WIDTH="68" VPOS="3231" HPOS="530"/>
<SP HEIGHT="40" WIDTH="23" VPOS="3232" HPOS="599"/>
<String CONTENT="Apr." HEIGHT="47" WIDTH="114" VPOS="3232" HPOS="623"/>
<SP HEIGHT="41" WIDTH="26" VPOS="3233" HPOS="738"/>
<String CS="1" CONTENT="11;" HEIGHT="38" WIDTH="53" VPOS="3233" HPOS="765"/>
<SP HEIGHT="37" WIDTH="27" VPOS="3243" HPOS="847"/>
<String CONTENT="aff." HEIGHT="41" WIDTH="82" VPOS="3232" HPOS="875"/>
<SP HEIGHT="39" WIDTH="25" VPOS="3234" HPOS="958"/>
<String CONTENT="Apr." HEIGHT="46" WIDTH="113" VPOS="3234" HPOS="984"/>
<SP HEIGHT="40" WIDTH="25" VPOS="3233" HPOS="1098"/>
<String CONTENT="10;" HEIGHT="48" WIDTH="81" VPOS="3232" HPOS="1124"/>
<SP HEIGHT="46" WIDTH="29" VPOS="3234" HPOS="1206"/>
<!-- cceid 997294E2-6E3A-1014-83DD-942C093A1DD9 --><String CONTENT="A" HEIGHT="38" WIDTH="41" VPOS="3234" HPOS="1236"/>
<SP HEIGHT="40" WIDTH="22" VPOS="3232" HPOS="1278"/>
<String CONTENT="92915;" HEIGHT="48" WIDTH="171" VPOS="3232" HPOS="1301"/>
<SP HEIGHT="46" WIDTH="28" VPOS="3234" HPOS="1473"/>
<String CONTENT="Macaulay" HEIGHT="47" WIDTH="259" VPOS="3234" HPOS="1502"/>
<SP HEIGHT="37" WIDTH="24" VPOS="3244" HPOS="1762"/>
<String CONTENT="co." HEIGHT="31" WIDTH="68" VPOS="3243" HPOS="1787"/>
</TextLine>
<TextLine HEIGHT="48" WIDTH="247" VPOS="3287" HPOS="161" STYLEREFS="StyleId-FBC80582-DA56-4ACF-8B2B-543E4840609A-">
<String CONTENT="(36-8383)" HEIGHT="48" WIDTH="247" VPOS="3287" HPOS="161"/>
</TextLine>
<TextLine HEIGHT="65" WIDTH="963" VPOS="3389" HPOS="83">
<String CONTENT="Gordon," HEIGHT="63" WIDTH="248" VPOS="3389" HPOS="83"/>
<SP HEIGHT="60" WIDTH="31" VPOS="3392" HPOS="332"/>
<String CONTENT="Elizabeth," HEIGHT="62" WIDTH="324" VPOS="3392" HPOS="364"/>
<SP HEIGHT="55" WIDTH="34" VPOS="3399" HPOS="689"/>
<String CONTENT="1866-1922." HEIGHT="51" WIDTH="322" VPOS="3398" HPOS="724"/>
</TextLine>
<TextLine HEIGHT="70" WIDTH="1920" VPOS="3467" HPOS="151">
<String CONTENT="The" HEIGHT="51" WIDTH="118" VPOS="3467" HPOS="151"/>
<SP HEIGHT="45" WIDTH="26" VPOS="3474" HPOS="270"/>
<String CONTENT="turned-into&#8217;s;" HEIGHT="57" WIDTH="426" VPOS="3469" HPOS="297"/>
<SP HEIGHT="55" WIDTH="28" VPOS="3471" HPOS="724"/>
<String CONTENT="Jane" HEIGHT="53" WIDTH="147" VPOS="3471" HPOS="753"/>
<SP HEIGHT="49" WIDTH="26" VPOS="3472" HPOS="901"/>
<String CONTENT="Elizabeth" HEIGHT="52" WIDTH="298" VPOS="3470" HPOS="928"/>
<SP HEIGHT="52" WIDTH="26" VPOS="3470" HPOS="1227"/>
<String CONTENT="discovers" HEIGHT="53" WIDTH="281" VPOS="3470" HPOS="1254"/>
<SP HEIGHT="48" WIDTH="26" VPOS="3475" HPOS="1536"/>
<String CONTENT="the" HEIGHT="51" WIDTH="97" VPOS="3471" HPOS="1563"/>
<SP HEIGHT="48" WIDTH="25" VPOS="3489" HPOS="1661"/>
<String CONTENT="garden" HEIGHT="67" WIDTH="215" VPOS="3470" HPOS="1687"/>
<SP HEIGHT="51" WIDTH="23" VPOS="3471" HPOS="1903"/>
<String CONTENT="folk," HEIGHT="67" WIDTH="144" VPOS="3469" HPOS="1927"/>
</TextLine>
<TextLine HEIGHT="70" WIDTH="1987" VPOS="3545" HPOS="82" CS="1">
<String CONTENT="by" HEIGHT="63" WIDTH="73" VPOS="3545" HPOS="82"/>
<SP HEIGHT="61" WIDTH="50" VPOS="3547" HPOS="156"/>
<String CONTENT="Elizabeth" HEIGHT="54" WIDTH="297" VPOS="3545" HPOS="207"/>
<SP HEIGHT="55" WIDTH="50" VPOS="3547" HPOS="505"/>
<String CONTENT="Gordon" HEIGHT="55" WIDTH="235" VPOS="3547" HPOS="556"/>
<SP HEIGHT="32" WIDTH="40" VPOS="3568" HPOS="792"/>
<String CS="1" CONTENT="&#8230;"/>
<SP HEIGHT="52" WIDTH="37" VPOS="3548" HPOS="888"/>
<String CONTENT="illustrated" HEIGHT="53" WIDTH="321" VPOS="3548" HPOS="926"/>
<SP HEIGHT="51" WIDTH="50" VPOS="3549" HPOS="1248"/>
<String CONTENT="by" HEIGHT="66" WIDTH="74" VPOS="3549" HPOS="1299"/>
<SP HEIGHT="65" WIDTH="49" VPOS="3550" HPOS="1374"/>
<String CONTENT="Janet" HEIGHT="53" WIDTH="174" VPOS="3550" HPOS="1424"/>
<SP HEIGHT="50" WIDTH="48" VPOS="3551" HPOS="1599"/>
<String CONTENT="Laura" HEIGHT="50" WIDTH="190" VPOS="3551" HPOS="1648"/>
<SP HEIGHT="55" WIDTH="54" VPOS="3548" HPOS="1839"/>
<String CONTENT="Scott." HEIGHT="55" WIDTH="175" VPOS="3548" HPOS="1894"/>
</TextLine>
<TextLine HEIGHT="70" WIDTH="1528" VPOS="3622" HPOS="86" CS="1">
<String CONTENT="New" HEIGHT="51" WIDTH="135" VPOS="3622" HPOS="86"/>
<SP HEIGHT="50" WIDTH="36" VPOS="3624" HPOS="222"/>
<String CONTENT="York," HEIGHT="54" WIDTH="176" VPOS="3624" HPOS="259"/>
<SP HEIGHT="53" WIDTH="34" VPOS="3625" HPOS="436"/>
<String CONTENT="The" HEIGHT="51" WIDTH="119" VPOS="3625" HPOS="471"/>
<SP HEIGHT="51" WIDTH="35" VPOS="3627" HPOS="591"/>
<String CONTENT="Wise-Parslow" HEIGHT="53" WIDTH="437" VPOS="3625" HPOS="627"/>
<SP HEIGHT="33" WIDTH="36" VPOS="3644" HPOS="1065"/>
<String CONTENT="company" HEIGHT="48" WIDTH="278" VPOS="3644" HPOS="1102"/>
<SP HEIGHT="60" WIDTH="40" VPOS="3632" HPOS="1381"/>
<String CS="1" CONTENT="[c1935]" HEIGHT="63" WIDTH="151" VPOS="3629" HPOS="1463"/>
</TextLine>
<TextLine HEIGHT="50" WIDTH="913" VPOS="3694" HPOS="157" STYLEREFS="StyleId-FBC80582-DA56-4ACF-8B2B-543E4840609A-" CS="1">
<String CONTENT="5" HEIGHT="38" WIDTH="24" VPOS="3695" HPOS="157"/>
<SP HEIGHT="46" WIDTH="26" VPOS="3695" HPOS="182"/>
<String LANG="fr" CONTENT="p." HEIGHT="36" WIDTH="42" VPOS="3705" HPOS="209"/>
<SP/>
<String LANG="fr" CS="1" CONTENT="l.,"/>
<SP/>
<String CONTENT="9-113" HEIGHT="41" WIDTH="142" VPOS="3694" HPOS="352"/>
<SP HEIGHT="48" WIDTH="27" VPOS="3696" HPOS="495"/>
<String CONTENT="p." HEIGHT="37" WIDTH="41" VPOS="3707" HPOS="523"/>
<SP HEIGHT="29" WIDTH="58" VPOS="3707" HPOS="565"/>
<String CONTENT="col." HEIGHT="38" WIDTH="85" VPOS="3698" HPOS="624"/>
<SP HEIGHT="39" WIDTH="29" VPOS="3697" HPOS="710"/>
<String CONTENT="illus." HEIGHT="40" WIDTH="126" VPOS="3697" HPOS="740"/>
<SP HEIGHT="40" WIDTH="56" VPOS="3696" HPOS="867"/>
<String CS="1" CONTENT="24&#189;cm." HEIGHT="41" WIDTH="146" VPOS="3696" HPOS="924"/>
</TextLine>
<TextLine HEIGHT="50" WIDTH="940" VPOS="3751" HPOS="158" STYLEREFS="StyleId-FBC80582-DA56-4ACF-8B2B-543E4840609A-">
<String CONTENT="Illustrated" HEIGHT="40" WIDTH="284" VPOS="3751" HPOS="158"/>
<SP HEIGHT="38" WIDTH="24" VPOS="3753" HPOS="443"/>
<String CONTENT="lining-papers" HEIGHT="49" WIDTH="350" VPOS="3752" HPOS="468"/>
<SP HEIGHT="40" WIDTH="30" VPOS="3753" HPOS="819"/>
<String CONTENT="in" HEIGHT="39" WIDTH="50" VPOS="3753" HPOS="850"/>
<SP HEIGHT="29" WIDTH="29" VPOS="3764" HPOS="901"/>
<String CONTENT="colors." HEIGHT="40" WIDTH="167" VPOS="3754" HPOS="931"/>
</TextLine>
<TextLine HEIGHT="52" WIDTH="1720" VPOS="3807" HPOS="157" STYLEREFS="StyleId-FBC80582-DA56-4ACF-8B2B-543E4840609A-" CS="1">
<String CONTENT="&#8220;Suggested" HEIGHT="47" WIDTH="290" VPOS="3807" HPOS="157"/>
<SP HEIGHT="38" WIDTH="27" VPOS="3809" HPOS="448"/>
<String CONTENT="helps," HEIGHT="47" WIDTH="150" VPOS="3809" HPOS="476"/>
<SP HEIGHT="36" WIDTH="27" VPOS="3820" HPOS="627"/>
<String CONTENT="prepared" HEIGHT="47" WIDTH="236" VPOS="3810" HPOS="655"/>
<SP HEIGHT="39" WIDTH="26" VPOS="3810" HPOS="892"/>
<String CONTENT="by" HEIGHT="46" WIDTH="62" VPOS="3810" HPOS="919"/>
<SP HEIGHT="46" WIDTH="26" VPOS="3810" HPOS="982"/>
<String CONTENT="J." HEIGHT="39" WIDTH="43" VPOS="3810" HPOS="1009"/>
<SP HEIGHT="38" WIDTH="29" VPOS="3811" HPOS="1053"/>
<String CONTENT="Earle" HEIGHT="38" WIDTH="147" VPOS="3811" HPOS="1083"/>
<SP HEIGHT="39" WIDTH="22" VPOS="3810" HPOS="1231"/>
<String CS="1" CONTENT="Thomson&#8221;:" HEIGHT="41" WIDTH="270" VPOS="3808" HPOS="1254"/>
<SP HEIGHT="38" WIDTH="30" VPOS="3820" HPOS="1553"/>
<String CONTENT="p." HEIGHT="38" WIDTH="42" VPOS="3820" HPOS="1584"/>
<SP HEIGHT="30" WIDTH="33" VPOS="3829" HPOS="1627"/>
<String CONTENT="[97]-113." HEIGHT="50" WIDTH="216" VPOS="3809" HPOS="1661"/>
</TextLine>
<TextLine HEIGHT="55" WIDTH="1987" VPOS="3871" HPOS="87" STYLEREFS="StyleId-FBC80582-DA56-4ACF-8B2B-543E4840609A-" CS="1">
<String CONTENT="&#169;" HEIGHT="52" WIDTH="52" VPOS="3871" HPOS="87"/>
<SP HEIGHT="52" WIDTH="32" VPOS="3871" HPOS="140"/>
<String CONTENT="Mar." HEIGHT="40" WIDTH="119" VPOS="3877" HPOS="173"/>
<SP HEIGHT="40" WIDTH="33" VPOS="3877" HPOS="293"/>
<String CONTENT="29," HEIGHT="47" WIDTH="68" VPOS="3876" HPOS="327"/>
<SP HEIGHT="45" WIDTH="34" VPOS="3878" HPOS="396"/>
<String CS="1" CONTENT="1935;" HEIGHT="41" WIDTH="116" VPOS="3877" HPOS="431"/>
<SP HEIGHT="46" WIDTH="33" VPOS="3878" HPOS="570"/>
<String CONTENT="2c." HEIGHT="41" WIDTH="67" VPOS="3878" HPOS="604"/>
<SP HEIGHT="39" WIDTH="35" VPOS="3880" HPOS="672"/>
<String CONTENT="Jan." HEIGHT="39" WIDTH="109" VPOS="3880" HPOS="708"/>
<SP HEIGHT="40" WIDTH="32" VPOS="3879" HPOS="818"/>
<String CONTENT="2," HEIGHT="47" WIDTH="40" VPOS="3879" HPOS="851"/>
<SP HEIGHT="46" WIDTH="36" VPOS="3880" HPOS="892"/>
<String CONTENT="1936;" HEIGHT="42" WIDTH="138" VPOS="3878" HPOS="929"/>
<SP HEIGHT="30" WIDTH="37" VPOS="3890" HPOS="1068"/>
<String CONTENT="aff." HEIGHT="40" WIDTH="82" VPOS="3879" HPOS="1106"/>
<SP HEIGHT="38" WIDTH="35" VPOS="3881" HPOS="1189"/>
<String CONTENT="Mar." HEIGHT="38" WIDTH="120" VPOS="3881" HPOS="1225"/>
<SP HEIGHT="39" WIDTH="35" VPOS="3880" HPOS="1346"/>
<String CONTENT="19:" HEIGHT="43" WIDTH="81" VPOS="3878" HPOS="1382"/>
<SP HEIGHT="41" WIDTH="37" VPOS="3880" HPOS="1464"/>
<!-- cceid 99733AD9-6E3A-1014-83DD-942C093A1DD9 --><String CONTENT="A" HEIGHT="38" WIDTH="42" VPOS="3880" HPOS="1502"/>
<SP HEIGHT="40" WIDTH="30" VPOS="3878" HPOS="1545"/>
<String CONTENT="92393;" HEIGHT="44" WIDTH="170" VPOS="3878" HPOS="1576"/>
<SP HEIGHT="41" WIDTH="37" VPOS="3881" HPOS="1747"/>
<String CONTENT="Wise" HEIGHT="40" WIDTH="132" VPOS="3880" HPOS="1785"/>
<SP HEIGHT="39" WIDTH="32" VPOS="3880" HPOS="1918"/>
<String CONTENT="book" HEIGHT="39" WIDTH="123" VPOS="3880" HPOS="1951"/>
</TextLine>
<TextLine HEIGHT="51" WIDTH="1913" VPOS="3933" HPOS="159" STYLEREFS="StyleId-FBC80582-DA56-4ACF-8B2B-543E4840609A-" CS="1">
<String CONTENT="co.," HEIGHT="36" WIDTH="79" VPOS="3943" HPOS="159"/>
<SP HEIGHT="46" WIDTH="34" VPOS="3933" HPOS="239"/>
<String CS="1" CONTENT="inc.," HEIGHT="40" WIDTH="88" VPOS="3933" HPOS="274"/>
<SP HEIGHT="41" WIDTH="34" VPOS="3935" HPOS="377"/>
<String CONTENT="New" HEIGHT="39" WIDTH="114" VPOS="3935" HPOS="412"/>
<SP HEIGHT="37" WIDTH="33" VPOS="3936" HPOS="527"/>
<String CONTENT="York." HEIGHT="39" WIDTH="145" VPOS="3936" HPOS="561"/>
<SP HEIGHT="28" WIDTH="66" VPOS="3956" HPOS="707"/>
<String CONTENT="[Copyright" HEIGHT="50" WIDTH="277" VPOS="3934" HPOS="774"/>
<SP HEIGHT="39" WIDTH="34" VPOS="3936" HPOS="1052"/>
<String CONTENT="is" HEIGHT="39" WIDTH="41" VPOS="3936" HPOS="1087"/>
<SP HEIGHT="29" WIDTH="34" VPOS="3946" HPOS="1129"/>
<String CONTENT="claimed" HEIGHT="41" WIDTH="202" VPOS="3934" HPOS="1164"/>
<SP HEIGHT="38" WIDTH="35" VPOS="3937" HPOS="1367"/>
<String CONTENT="on" HEIGHT="29" WIDTH="60" VPOS="3946" HPOS="1403"/>
<SP HEIGHT="39" WIDTH="38" VPOS="3936" HPOS="1464"/>
<String CONTENT="Suggested" HEIGHT="47" WIDTH="263" VPOS="3936" HPOS="1503"/>
<SP HEIGHT="38" WIDTH="35" VPOS="3937" HPOS="1767"/>
<String CONTENT="helps" HEIGHT="46" WIDTH="136" VPOS="3937" HPOS="1803"/>
<SP HEIGHT="28" WIDTH="36" VPOS="3947" HPOS="1940"/>
<String CONTENT="and" HEIGHT="39" WIDTH="95" VPOS="3936" HPOS="1977"/>
</TextLine>
<TextLine HEIGHT="51" WIDTH="1159" VPOS="3989" HPOS="160" STYLEREFS="StyleId-FBC80582-DA56-4ACF-8B2B-543E4840609A-">
<String CONTENT="revision" HEIGHT="39" WIDTH="206" VPOS="3989" HPOS="160"/>
<SP HEIGHT="38" WIDTH="30" VPOS="3991" HPOS="367"/>
<String CONTENT="by" HEIGHT="47" WIDTH="60" VPOS="3991" HPOS="398"/>
<SP HEIGHT="46" WIDTH="30" VPOS="3992" HPOS="459"/>
<String CONTENT="J." HEIGHT="39" WIDTH="42" VPOS="3992" HPOS="490"/>
<SP HEIGHT="38" WIDTH="31" VPOS="3993" HPOS="533"/>
<String CONTENT="Earle" HEIGHT="39" WIDTH="148" VPOS="3992" HPOS="565"/>
<SP HEIGHT="39" WIDTH="26" VPOS="3992" HPOS="714"/>
<String CONTENT="Thomson]" HEIGHT="48" WIDTH="256" VPOS="3992" HPOS="741"/>
<SP HEIGHT="48" WIDTH="70" VPOS="3992" HPOS="998"/>
<String CONTENT="(36-8368)" HEIGHT="49" WIDTH="250" VPOS="3991" HPOS="1069"/>
</TextLine>
</TextBlock>
</PrintSpace>
</Page>
</Layout>
</alto>