2519 4377
1124 4107 96 49 183

164 474 164 64 Wall,
355 474 287 63 Dorothy.

235 552 120 52 The
390 551 112 52 tale
538 551 62 53 of
636 549 244 67 Bridget
915 549 111 52 and
1063 549 94 52 the
1191 548 152 65 bees;
1382 547 226 53 written
1644 550 45 51 &
1723 547 324 53 illustrated
2082 547 74 67 by

166 630 261 64 Dorothy
458 629 170 53 Wall.
695 627 353 52 Authorized
1081 627 83 52 ed.
1235 625 447 68 Poughkeepsie,
1713 627 70 52 N.
1818 627 90 63 Y.,
1938 625 219 53 Artists

165 707 112 53 and
305 706 219 52 writers
553 706 181 66 guild,
760 704 105 53 inc.
900 738 12 33 [
918 710 17 21 c
942 707 132 49 1935
1081 737 11 33 ]

235 788 1065 53 2 p. l. , 9-45 p. illus., col. plates. 21 cm .
237 862 177 41 “Edith
444 862 178 47 Kovar,
653 860 200 43 editor.”

163 930 52 54 ©
246 935 117 40 Nov.
397 934 67 44 13,
497 932 111 42 1935;
669 934 65 39 2c.
770 932 109 41 Feb.
912 931 69 48 29,
1015 931 139 45 1936;
1189 931 82 40 aff.
1308 931 109 41 Feb.
1450 931 82 41 26:
1568 930 40 40 A
1639 930 171 48 91984;
1846 930 184 42 Artists
2065 931 95 40 and

231 992 192 39 writers
453 991 147 48 guild,
633 990 89 40 inc.
793 989 249 48 (36-5821)

164 1135 412 66 Waltersdorf,
606 1133 261 54 Maurice
898 1133 329 63 Cleveland,
1260 1138 170 50 1888-

165 1206 1973 136 Regulation of public utilities in New Jersey, by M. C. Waltersdorf …
601 1286 347 69 [Baltimore]
995 1285 269 68 Waverly
1308 1302 172 51 press,
1522 1286 105 52 inc.
1676 1319 12 34 [
1694 1293 17 21 c
1718 1288 150 64 1936]

234 1372 100 50 viii,
367 1372 86 40 225
483 1385 43 36 p.
590 1373 179 46 diagrs.
829 1371 54 41 23½
916 1374 44 21 cm
966 1402 8 9 .

237 1444 177 39 “Table
445 1443 51 40 of
526 1453 134 31 cases
691 1442 183 41 cited”:
909 1454 42 37 p.
983 1442 216 41 211-218.

236 1500 374 48 Bibliography:
640 1511 43 37 p.
713 1499 215 40 205-210.

165 1572 52 54 ©
257 1576 109 41 Feb.
406 1576 69 47 18,
515 1575 116 41 1936;
696 1575 66 40 2c.
802 1574 96 40 and
937 1573 80 40 aff.
1061 1573 108 41 Feb.
1210 1574 82 46 24;
1335 1574 39 39 A
1414 1573 170 45 90914;
1629 1575 62 40 M.
1733 1574 48 42 O.
1821 1575 341 48 Waltersdorf,

235 1634 332 47 Washington,
604 1634 83 38 Pa.
761 1631 250 48 (36-5907)

168 1779 288 64 Webster,
487 1778 190 65 Noah,
712 1778 323 55 1758-1843.

241 1856 272 53 National
551 1854 324 67 dictionary
912 1853 63 53 of
1013 1853 94 52 the
1147 1853 246 68 English
1431 1854 285 68 language
1751 1853 171 55 based
1961 1873 72 34 on
2070 1855 96 53 the

169 1935 311 69 principles
510 1933 341 54 established
882 1933 74 68 by
984 1932 164 53 Noah
1178 1932 260 53 Webster
1469 1933 112 52 and
1613 1932 300 70 including
1941 1953 31 33 a
171 1953 1970 114 practical
351 2013 173 69 guide

568 2018 57 47 to
672 2012 254 53 business
973 2011 264 69 English,
1283 2010 553 71 self-pronouncing,
1884 2013 281 69 carefully

171 2089 1933 70 revised by John Vaughn … 77th ed. rev. by Adam Ward …
171 2171 137 53 New
338 2170 180 67 York,
546 2170 64 53 P.
641 2170 64 51 F.
739 2168 215 55 Collier
980 2171 45 49 &
1050 2187 99 34 son
1181 2169 363 68 corporation
1580 2202 13 34 [
1597 2179 19 22 c
1622 2173 151 64 1936]

236 2244 156 48 xlviii,
424 2244 116 41 1040
571 2255 41 38 p.
674 2244 86 41 col.
794 2243 149 43 front.
1004 2242 56 42 20
1060 2245 47 23 cm
1112 2276 9 9 .

242 2318 73 41 On
342 2328 167 30 cover:
538 2316 114 41 1936
682 2316 197 41 edition.

168 2385 52 53 ©
251 2390 109 38 Jan.
390 2388 39 49 2,
461 2387 116 40 1936;
629 2387 69 40 2c.
731 2387 108 39 Feb.
872 2386 81 47 19;
988 2386 82 41 aff.
1103 2387 108 40 Feb.
1245 2387 81 45 20;
1361 2387 40 39 A
1431 2387 171 47 90934;
1636 2389 50 40 P.
1719 2388 51 41 F.
1803 2389 179 41 Collier
2015 2392 37 40 &
2082 2403 86 29 son

239 2444 319 50 corporation.
620 2443 250 48 (36-5796)

240 2589 123 53 The
393 2607 123 34 new
548 2589 256 52 national
838 2587 259 53 Webster
1131 2585 323 70 dictionary
1489 2587 93 53 for
1615 2589 209 68 school,
1857 2591 164 53 home
2056 2590 111 53 and

172 2667 176 68 office;
390 2666 561 69 self-pronouncing;
993 2665 171 54 based
1204 2684 153 50 upon
1397 2667 97 53 the
1534 2667 249 70 original
1824 2668 344 55 foundation

174 2745 1934 70 laid by Noah Webster, LL. D., edited by Joseph Devlin …
173 2825 236 53 assisted
438 2825 74 68 by
544 2843 28 33 a
606 2842 165 49 corps
802 2823 64 53 of
898 2823 331 69 recognized
1262 2824 337 54 authorities
1632 2826 59 52 in
1723 2826 300 71 philology
2057 2829 110 52 and

174 2904 423 69 lexicography.
673 2904 140 52 This
854 2902 320 70 dictionary
1214 2904 257 53 contains
1510 2924 71 33 an
1622 2905 269 70 enlarged
173 2909 1972 142 vocabulary—modern,
658 2987 274 61 accurate,

964 2982 113 52 and
1110 2982 413 54 authoritative
1553 2985 113 52 and
1699 3003 72 34 an
1804 2986 146 53 atlas
1980 2987 64 52 of
2075 2987 94 55 the

175 3060 1972 149 world in full colors … New York, Chicago, A. L. Burt company, 1935.
246 3213 972 50 2 p. l. , 9-936 p. front., maps. 21 cm .
248 3285 144 40 “This
422 3285 273 47 dictionary
724 3284 41 40 is
798 3286 85 38 not
911 3283 256 49 published
1198 3285 61 48 by
1292 3286 83 40 the
1405 3285 208 50 original
1644 3288 276 48 publishers
1951 3292 53 39 of
177 3291 1975 92 Webster’s
347 3341 272 48 dictionary
652 3352 53 29 or
735 3341 60 47 by
829 3341 128 40 their
987 3341 315 41 successors.”

174 3409 52 52 ©
256 3413 114 47 July
400 3411 68 48 22,
500 3411 116 40 1935;
674 3412 66 39 2c.
774 3412 108 39 Feb.
914 3412 40 45 7,
986 3411 139 46 1936;
1161 3411 80 40 aff.
1277 3412 110 40 Feb.
1416 3412 83 47 19;
1533 3414 43 40 A
1606 3413 169 49 90857;
1811 3417 166 41 World
243 3418 1909 92 syndicate
378 3470 108 47 pub.

516 3480 52 28 co
589 3499 7 15 ,
629 3469 273 39 Cleveland.
965 3468 283 49 [Copyright
1274 3468 41 40 is
1346 3468 205 42 claimed
1580 3482 60 29 on
1673 3472 234 41 revisions
1938 3477 96 37 and
2066 3486 104 29 new

243 3528 193 47 matter]
512 3524 250 50 (36-5797)

177 3669 215 65 White,
421 3669 254 55 William
707 3668 280 65 Alanson,
1018 3670 169 54 1870-

247 3746 317 53 Twentieth
620 3751 232 61 century
906 3744 358 68 psychiatry;
1320 3746 75 52 its
1449 3746 380 55 contribution
1884 3754 56 50 to
1995 3753 176 54 man’s

183 3823 328 68 knowledge
560 3822 62 52 of
670 3821 249 68 himself,
965 3822 75 68 by
1085 3822 260 54 William
1391 3823 72 53 A.
1509 3824 211 55 White.
1805 3828 138 53 New
1994 3831 179 66 York,

180 3899 86 53 W.
299 3900 86 52 W.
419 3900 217 52 Norton
669 3902 44 48 &
746 3917 292 51 company,
1068 3901 108 52 inc.
1213 3933 13 34 [
1231 3907 17 20 c
1253 3902 133 48 1936
1391 3934 13 34 ]

247 3983 87 40 198
358 3994 43 38 p.
461 3984 54 38 21
519 3986 43 20 cm
568 4015 8 9 .
639 3984 224 49 [Thomas
887 3984 73 39 W.
988 3982 197 42 Salmon
1207 3986 250 38 memorial
1483 3986 222 52 lectures,
1732 3991 117 40 New
1875 3992 130 40 York
179 3995 1972 91 academy
307 4039 52 40 of
383 4041 249 47 medicine]
