2519 4377
1306 4110 100 50 398

363 446 269 65 Supplée,
660 448 185 64 Betty
869 449 70 56 D.

435 525 336 67 Marketing
824 525 173 67 guide
1054 526 113 52 and
1223 524 336 69 budgeting,
1613 527 76 67 by
1745 528 176 65 Betty
1977 529 71 52 D.
2109 527 265 67 Supplée.

369 603 324 68 [Montreal,
718 604 284 66 Belgrave
1028 622 174 48 press,
1226 610 18 21 c
1250 607 151 64 1936]

433 675 834 42 159 numb. l. illus. 26 × 17 cm .
435 734 235 40 Contains
703 733 306 48 advertising
1035 735 195 39 matter.

433 792 288 40 Loose-leaf.

363 858 2014 52 © 1c. Apr. 28, 1936 ; A ad int. 21364 ; pubd. Mar. 2 ; Norman Cooke,
433 920 259 40 Montreal.

360 1025 236 65 Tatum,
624 1024 257 53 Edward
909 1022 308 65 Howland,
1247 1029 170 50 1908-

431 1100 124 53 The
590 1100 221 54 United
849 1099 189 56 States
1073 1099 114 54 and
1225 1099 251 69 Europe,
1513 1100 341 66 1815-1823;
1896 1117 32 34 a
1967 1097 173 70 study
2179 1097 61 54 in
2278 1097 96 53 the

360 1177 373 72 background
782 1177 66 54 of
893 1178 96 53 the
1035 1178 242 53 Monroe
1324 1177 275 69 doctrine,
1646 1176 75 70 by
1773 1176 257 54 Edward
2080 1176 288 54 Howland

359 1257 230 70 Tatum,
625 1257 72 70 jr.
773 1256 299 71 Berkeley,
1111 1255 197 70 Calif.,
1345 1255 341 71 University
1724 1255 65 54 of
1829 1254 328 57 California
2200 1274 175 51 press,

359 1339 153 51 1936.

428 1421 47 37 x,
502 1410 86 41 315
615 1421 46 38 p.
720 1409 57 40 22½
810 1411 45 22 cm
858 1440 9 10 .

431 1467 447 49 “Bibliographical
911 1478 141 37 essay
1070 1477 9 31 :
1116 1468 83 40 the
1232 1466 398 49 historiography
1662 1467 54 40 of
1745 1466 82 42 the
1861 1466 199 42 Monroe
2096 1466 248 42 doctrine”
2361 1477 10 31 :

358 1535 42 38 p.
432 1525 219 42 279-296.

429 1583 351 49 Bibliography
798 1593 9 31 :
839 1592 44 40 p.
912 1581 219 44 297-304.

360 1639 53 53 ©
440 1645 122 38 Mar.
590 1644 71 46 20,
689 1644 114 40 1936
822 1654 8 36 ;
860 1643 67 40 2c.
957 1645 121 38 Mar.
1106 1643 56 40 28
1180 1654 9 36 ;
1221 1643 82 42 aff.
1332 1644 114 48 Apr.
1474 1644 25 39 1
1519 1654 7 36 ;
1557 1644 41 39 A
1626 1643 144 41 92691
1788 1655 9 35 ;
1830 1645 213 48 Regents
2070 1646 53 40 of
2152 1647 81 39 the
429 1647 1929 102 University
651 1701 53 40 of
739 1699 288 50 California,
1066 1701 251 48 Berkeley,
1358 1700 145 42 Calif.
1573 1700 281 49 (36-27754)

357 1803 240 64 Terrell,
624 1803 281 56 Richard.

430 1881 123 53 The
587 1880 141 53 flesh
762 1879 48 53 is
843 1879 242 69 willing,
1119 1879 75 69 by
1229 1878 258 55 Richard
1523 1878 236 55 Terrell.
1835 1878 261 69 London,
2128 1880 70 53 V.

358 1880 1989 145 Gollancz,
567 1958 126 67 ltd.,
726 1960 150 51 1936.

430 2028 89 41 288
544 2039 43 38 p.
679 2028 27 41 19
709 2031 44 21 cm
758 2061 9 8 .

358 2085 2014 54 © 1c. Apr. 7, 1936; A ad int. 21294; pubd. Feb. 10; R. Terrell, London.
438 2146 254 49 (36-9084)

356 2250 319 69 Thomson,
702 2251 224 56 Robert
952 2252 217 66 Burns,
1198 2253 328 55 1847-1922.

426 2328 125 54 The
588 2346 195 52 poems
823 2328 66 54 of
926 2328 218 54 Robert
1184 2330 192 52 Burns
1417 2329 319 67 Thomson;
1780 2327 140 54 with
1961 2327 412 69 introduction,

355 2406 2017 72 notes, glossary, and index of first lines … Winnipeg, Can.,
354 2485 123 55 The
502 2485 403 71 Wallingford
932 2504 159 51 press
1118 2487 123 68 ltd.,
1274 2489 151 51 1936.

424 2560 130 48 xxiv,
585 2561 88 40 387
705 2570 43 38 p.
810 2559 58 41 19½
899 2563 44 21 cm
947 2591 9 9 .

357 2615 2014 54 © 1c. Mar. 13, 1936 ; A ad int. 21193 ; pubd. Mar. 2 ; John Lowe Munro
428 2678 258 47 Thomson,
719 2677 270 48 Winnipeg,
1022 2676 267 50 Manitoba,
1323 2677 214 41 Canada.
1612 2677 252 49 (36-8862)

354 2779 327 66 Thornton,
706 2780 208 55 Willis.

427 2856 121 54 The
588 2861 243 66 country
870 2858 215 68 doctor,
1124 2856 75 70 by
1237 2856 194 57 Willis
1471 2858 314 54 Thornton.
1874 2858 83 69 (A
1999 2864 158 63 story
2198 2858 170 55 based

356 2952 71 36 on
469 2937 96 52 the
606 2937 135 53 20th
784 2938 391 67 century-Fox
1216 2937 364 68 photoplay.)
1664 2938 165 55 With
1873 2937 251 69 pictures
2167 2937 64 54 of
2274 2939 94 52 the

355 3014 1918 70 Dionne quintuplets. New York, Grosset & Dunlap [ c 1936]
430 3087 1566 51 2 p. l. , 127, [4] p. incl. front., illus., ports., map. 25½ cm .
431 3145 174 40 “From
635 3144 166 41 fiction
833 3147 49 38 to
911 3144 130 42 facts
1075 3145 162 50 [about
1270 3147 81 38 the
1385 3146 189 40 Dionne
1604 3145 379 50 quintuplets]”:
2017 3156 43 38 p.
2092 3145 187 41 91-127.

357 3199 52 53 ©
435 3204 123 39 Mar.
586 3203 70 48 20,
687 3202 141 48 1936;
859 3204 68 40 2c.
957 3205 95 39 and
1082 3204 82 39 aff.
1195 3205 122 38 Mar.
1348 3204 82 47 23;
1462 3205 41 38 A
1532 3204 171 47 92423;
1738 3204 202 41 Grosset
1968 3204 37 40 &
2035 3205 211 46 Dunlap,
2276 3204 91 39 inc.

437 3260 283 48 (36-27209)

353 3364 251 65 Trayde,
632 3366 268 64 Marque,
928 3366 196 66 pseud.

424 3439 1941 71 Empty cradles, by Marque Trayde … Saint Louis, Covent
352 3519 616 69 garden press [ c 1936]
425 3591 85 41 293
540 3604 43 38 p.
645 3592 57 41 20
706 3596 42 21 cm
754 3625 9 9 .

356 3648 53 52 ©
440 3653 110 41 Feb.
581 3654 38 47 1,
650 3652 114 41 1936
782 3664 9 35 ;
823 3653 67 40 2c.
922 3654 121 39 Mar.
1074 3653 52 47 9;
1160 3653 81 41 aff.
1273 3654 112 48 Apr.
1416 3655 53 45 3;
1503 3655 41 38 A
1571 3654 172 46 93611;
1778 3654 249 40 Jeremiah
2058 3654 53 41 T.
2138 3652 226 49 Driscoll,

429 3710 67 40 St.
524 3709 160 41 Louis.
756 3710 252 47 (36-8452)

360 3813 304 65 [Tupīkov,
695 3815 177 52 Pavel
905 3815 408 65 Georgīevīch,
1351 3821 170 49 1882-

490 3891 1871 67 … The ocean; translated from the Russian by John Cournos.
357 3968 140 54 New
530 3969 163 53 York
723 3970 113 53 and
868 3970 259 68 London,
1158 3970 235 67 Harper
1421 3973 46 50 &
1495 3970 278 61 brothers,
1808 3972 150 51 1936.

426 4042 692 50 3 p. l. , 3-421. [1] p . 21 cm .
