<alto xmlns="http://www.loc.gov/standards/alto/ns-v3#" xmlns:xlink="http://www.w3.org/1999/xlink" xmlns:xsi="http://www.w3.org/2001/XMLSchema-instance" xsi:schemaLocation="http://www.loc.gov/standards/alto/ns-v3# http://www.loc.gov/alto/v3/alto-3-0.xsd"><Description>
<MeasurementUnit>pixel</MeasurementUnit>
<sourceImageInformation>
<fileName>1936_v33_Part1.pdf</fileName>
</sourceImageInformation>
<OCRProcessing ID="IdOcr">
<ocrProcessingStep>
<processingDateTime>2019-01-18</processingDateTime>
<processingSoftware>
<softwareCreator>ABBYY</softwareCreator>
<softwareName>ABBYY Recognition Server</softwareName>
<softwareVersion>4.0</softwareVersion>
</processingSoftware>
</ocrProcessingStep>
</OCRProcessing>
</Description>
<Styles>
<ParagraphStyle ID="StyleId-FFFFFFFF-FFFF-FFFF-FFFF-FFFFFFFFFFFF-" ALIGN="Left" LEFT="0." RIGHT="0." FIRSTLINE="0."/>
<ParagraphStyle ID="StyleId-51D50FAC-7A90-4D70-8A96-5EA9D46D1C8B-" ALIGN="Left" LEFT="0." RIGHT="0." FIRSTLINE="0." LINESPACE="7.699999809"/>
<ParagraphStyle ID="StyleId-6BC133E9-7DCB-43C3-8842-A67984A26405-" ALIGN="Block" LEFT="0." RIGHT="0." FIRSTLINE="-17." LINESPACE="8.340000153"/>
<ParagraphStyle ID="StyleId-3C3FF860-43E7-46A2-8934-48F305F6F0D6-" ALIGN="Left" LEFT="0." RIGHT="0." FIRSTLINE="-13." LINESPACE="11.06999969"/>
<ParagraphStyle ID="StyleId-19220C76-4F8A-4737-B38C-B5F5C17E6040-" ALIGN="Block" LEFT="0." RIGHT="0." FIRSTLINE="-13." LINESPACE="11.06999969"/>
<ParagraphStyle ID="StyleId-75A0D721-13ED-4F20-9002-B389EC48477D-" ALIGN="Left" LEFT="0." RIGHT="0." FIRSTLINE="0." LINESPACE="15.5"/>
<ParagraphStyle ID="StyleId-8A414184-C7A5-4AC7-9B88-7DA4DDE75922-" ALIGN="Left" LEFT="0." RIGHT="0." FIRSTLINE="0." LINESPACE="9.399999619"/>
<ParagraphStyle ID="StyleId-1A87970B-111C-4169-99A6-9412976F3C97-" ALIGN="Left" LEFT="0." RIGHT="0." FIRSTLINE="0." LINESPACE="10.5"/>
<ParagraphStyle ID="StyleId-72DB0571-5AE4-41FD-9E11-68C6AC4C437E-" ALIGN="Block" LEFT="0." RIGHT="0." FIRSTLINE="-17." LINESPACE="8.340000153"/>
<ParagraphStyle ID="StyleId-1AA43056-C388-4697-B10F-72FDAA38FAE1-" ALIGN="Center" LEFT="0." RIGHT="0." FIRSTLINE="0." LINESPACE="10.5"/>
</Styles>
<Layout>
<Page ID="Page724" PHYSICAL_IMG_NR="724" HEIGHT="4377" WIDTH="2519">
<TopMargin HEIGHT="429" WIDTH="2519" VPOS="0" HPOS="0">
</TopMargin>
<LeftMargin HEIGHT="3816" WIDTH="280" VPOS="429" HPOS="0">
</LeftMargin>
<RightMargin HEIGHT="3816" WIDTH="153" VPOS="429" HPOS="2366">
</RightMargin>
<BottomMargin HEIGHT="132" WIDTH="2519" VPOS="4245" HPOS="0">
</BottomMargin>
<PrintSpace HEIGHT="3816" WIDTH="2086" VPOS="429" HPOS="280">
<TextBlock ID="Page724_Block1" HEIGHT="164" WIDTH="222" VPOS="4081" HPOS="1246" LANG="en-US" STYLEREFS="StyleId-CFA16565-0B23-4C71-8FA7-CDFFAD8EE2EE-">
<Shape>
<Polygon POINTS="1257,4081 1467,4081 1467,4082 1468,4082 1468,4244 1262,4244 1262,4245 1246,4245 1246,4082 1257,4082 1257,4081"/>
</Shape>
<TextLine HEIGHT="54" WIDTH="101" VPOS="4099" HPOS="1295">
<String CONTENT="724" HEIGHT="54" WIDTH="101" VPOS="4099" HPOS="1295"/>
</TextLine>
</TextBlock>
<TextBlock ID="Page724_Block2" HEIGHT="3680" WIDTH="2086" VPOS="429" HPOS="280" LANG="en-US" CS="1" STYLEREFS="StyleId-38FFF595-18FB-49FC-9C74-E2253F6F7468-">
<Shape>
<Polygon POINTS="2332,429 2358,429 2358,430 2359,430 2359,843 2360,843 2360,1381 2361,1381 2361,1918 2362,1918 2362,2455 2363,2455 2363,2992 2364,2992 2364,3529 2365,3529 2365,4026 2336,4026 2336,4027 1799,4027 1799,4028 1262,4028 1262,4029 1056,4029 1056,4067 1057,4067 1057,4108 724,4108 724,4109 287,4109 287,4071 286,4071 286,3534 285,3534 285,2996 284,2996 284,2459 283,2459 283,1922 282,1922 282,1385 281,1385 281,848 280,848 280,433 720,433 720,432 1257,432 1257,431 1795,431 1795,430 2332,430 2332,429"/>
</Shape>
<TextLine HEIGHT="68" WIDTH="661" VPOS="443" HPOS="330" STYLEREFS="StyleId-4BF39DD8-0C49-4FDA-BFA9-7421FB892265-">
<String CONTENT="Daly," HEIGHT="66" WIDTH="168" VPOS="445" HPOS="330"/>
<SP HEIGHT="65" WIDTH="22" VPOS="446" HPOS="499"/>
<String CONTENT="James" HEIGHT="54" WIDTH="207" VPOS="445" HPOS="522"/>
<SP HEIGHT="53" WIDTH="19" VPOS="444" HPOS="730"/>
<String CONTENT="Joseph." HEIGHT="64" WIDTH="241" VPOS="443" HPOS="750"/>
</TextLine>
<TextLine HEIGHT="154" WIDTH="2014" VPOS="514" HPOS="330" STYLEREFS="StyleId-E65FB7A7-F121-46A9-AD91-76C9CDA3F1F1-" CS="1">
<String CONTENT="One" HEIGHT="56" WIDTH="124" VPOS="522" HPOS="399"/>
<SP HEIGHT="34" WIDTH="28" VPOS="541" HPOS="524"/>
<String CONTENT="season" HEIGHT="37" WIDTH="196" VPOS="537" HPOS="553"/>
<SP HEIGHT="35" WIDTH="29" VPOS="538" HPOS="750"/>
<String CONTENT="shattered;" HEIGHT="66" WIDTH="319" VPOS="519" HPOS="780"/>
<SP HEIGHT="50" WIDTH="30" VPOS="537" HPOS="1100"/>
<String CONTENT="poems" HEIGHT="52" WIDTH="192" VPOS="535" HPOS="1131"/>
<SP HEIGHT="53" WIDTH="28" VPOS="517" HPOS="1324"/>
<String CONTENT="by" HEIGHT="69" WIDTH="75" VPOS="517" HPOS="1353"/>
<SP HEIGHT="68" WIDTH="27" VPOS="518" HPOS="1429"/>
<String CONTENT="James" HEIGHT="53" WIDTH="194" VPOS="518" HPOS="1457"/>
<SP HEIGHT="52" WIDTH="26" VPOS="517" HPOS="1652"/>
<String CONTENT="Daly." HEIGHT="71" WIDTH="171" VPOS="515" HPOS="1679"/>
<SP HEIGHT="51" WIDTH="63" VPOS="518" HPOS="1851"/>
<String CONTENT="Philadelphia," HEIGHT="70" WIDTH="429" VPOS="515" HPOS="1915"/>
<SP/>
<String CONTENT="Centaur" HEIGHT="54" WIDTH="252" VPOS="602" HPOS="330"/>
<SP HEIGHT="50" WIDTH="29" VPOS="618" HPOS="583"/>
<String CONTENT="press," HEIGHT="51" WIDTH="176" VPOS="617" HPOS="613"/>
<SP HEIGHT="62" WIDTH="31" VPOS="602" HPOS="790"/>
<String CONTENT="1936." HEIGHT="50" WIDTH="151" VPOS="602" HPOS="822"/>
</TextLine>
<TextLine HEIGHT="51" WIDTH="564" VPOS="673" HPOS="401" CS="1">
<String CONTENT="5" HEIGHT="40" WIDTH="29" VPOS="676" HPOS="401"/>
<SP HEIGHT="48" WIDTH="25" VPOS="676" HPOS="431"/>
<String CONTENT="p." HEIGHT="37" WIDTH="43" VPOS="687" HPOS="457"/>
<SP/>
<String CS="1" CONTENT="l.." HEIGHT="11" WIDTH="8" VPOS="704" HPOS="566"/>
<SP HEIGHT="40" WIDTH="27" VPOS="675" HPOS="575"/>
<String CONTENT="3-97" HEIGHT="42" WIDTH="118" VPOS="673" HPOS="603"/>
<SP HEIGHT="48" WIDTH="25" VPOS="674" HPOS="722"/>
<String CONTENT="p." HEIGHT="37" WIDTH="43" VPOS="685" HPOS="748"/>
<SP HEIGHT="40" WIDTH="55" VPOS="673" HPOS="792"/>
<String CONTENT="22" HEIGHT="39" WIDTH="57" VPOS="673" HPOS="848"/>
<String STYLE="superscript" CONTENT="cm" HEIGHT="21" WIDTH="43" VPOS="675" HPOS="908"/>
<String CONTENT="." HEIGHT="8" WIDTH="9" VPOS="704" HPOS="956"/>
</TextLine>
<TextLine HEIGHT="54" WIDTH="1941" VPOS="725" HPOS="403">
<String CONTENT="&#8220;This" HEIGHT="42" WIDTH="147" VPOS="731" HPOS="403"/>
<SP HEIGHT="41" WIDTH="23" VPOS="732" HPOS="551"/>
<String CONTENT="book" HEIGHT="40" WIDTH="124" VPOS="731" HPOS="575"/>
<SP HEIGHT="41" WIDTH="22" VPOS="730" HPOS="700"/>
<String CONTENT="contains" HEIGHT="41" WIDTH="222" VPOS="729" HPOS="723"/>
<SP HEIGHT="39" WIDTH="21" VPOS="729" HPOS="946"/>
<String CONTENT="fifteen" HEIGHT="40" WIDTH="168" VPOS="729" HPOS="968"/>
<SP HEIGHT="28" WIDTH="26" VPOS="740" HPOS="1137"/>
<String CONTENT="of" HEIGHT="40" WIDTH="51" VPOS="728" HPOS="1164"/>
<SP HEIGHT="40" WIDTH="21" VPOS="728" HPOS="1216"/>
<String CONTENT="the" HEIGHT="40" WIDTH="81" VPOS="728" HPOS="1238"/>
<SP HEIGHT="39" WIDTH="24" VPOS="729" HPOS="1320"/>
<String CONTENT="twenty-eight" HEIGHT="49" WIDTH="337" VPOS="727" HPOS="1345"/>
<SP HEIGHT="47" WIDTH="24" VPOS="728" HPOS="1683"/>
<String CONTENT="poems" HEIGHT="38" WIDTH="161" VPOS="737" HPOS="1708"/>
<SP HEIGHT="30" WIDTH="20" VPOS="738" HPOS="1870"/>
<String CONTENT="which" HEIGHT="41" WIDTH="157" VPOS="727" HPOS="1891"/>
<SP HEIGHT="40" WIDTH="24" VPOS="728" HPOS="2049"/>
<String CONTENT="comprised" HEIGHT="50" WIDTH="270" VPOS="726" HPOS="2074"/>
</TextLine>
<TextLine HEIGHT="54" WIDTH="1063" VPOS="783" HPOS="332" CS="1">
<String CONTENT="&#8216;The" HEIGHT="39" WIDTH="116" VPOS="791" HPOS="332"/>
<SP HEIGHT="37" WIDTH="22" VPOS="800" HPOS="449"/>
<String CONTENT="guilty" HEIGHT="49" WIDTH="157" VPOS="788" HPOS="472"/>
<SP HEIGHT="38" WIDTH="23" VPOS="798" HPOS="630"/>
<String CONTENT="sun&#8217;," HEIGHT="50" WIDTH="120" VPOS="786" HPOS="654"/>
<SP HEIGHT="37" WIDTH="27" VPOS="798" HPOS="775"/>
<String CONTENT="published" HEIGHT="50" WIDTH="257" VPOS="785" HPOS="803"/>
<SP HEIGHT="39" WIDTH="27" VPOS="787" HPOS="1061"/>
<String CS="1" CONTENT="&#8230;"/>
<SP HEIGHT="41" WIDTH="27" VPOS="784" HPOS="1134"/>
<String CONTENT="in" HEIGHT="41" WIDTH="49" VPOS="784" HPOS="1162"/>
<SP HEIGHT="39" WIDTH="26" VPOS="786" HPOS="1212"/>
<String CONTENT="1926.&#8220;" HEIGHT="42" WIDTH="156" VPOS="784" HPOS="1239"/>
</TextLine>
<TextLine HEIGHT="57" WIDTH="2012" VPOS="854" HPOS="332">
<String CONTENT="&#169;" HEIGHT="53" WIDTH="54" VPOS="858" HPOS="332"/>
<SP HEIGHT="53" WIDTH="29" VPOS="858" HPOS="387"/>
<String CONTENT="Jan." HEIGHT="40" WIDTH="109" VPOS="862" HPOS="417"/>
<SP HEIGHT="39" WIDTH="32" VPOS="861" HPOS="527"/>
<String CONTENT="4," HEIGHT="48" WIDTH="41" VPOS="861" HPOS="560"/>
<SP HEIGHT="48" WIDTH="32" VPOS="861" HPOS="602"/>
<String CONTENT="1936;" HEIGHT="48" WIDTH="143" VPOS="859" HPOS="635"/>
<SP HEIGHT="48" WIDTH="32" VPOS="858" HPOS="779"/>
<String CONTENT="2c." HEIGHT="43" WIDTH="68" VPOS="858" HPOS="812"/>
<SP HEIGHT="32" WIDTH="32" VPOS="869" HPOS="881"/>
<String CONTENT="and" HEIGHT="40" WIDTH="97" VPOS="858" HPOS="914"/>
<SP HEIGHT="40" WIDTH="30" VPOS="858" HPOS="1012"/>
<String CONTENT="aff." HEIGHT="40" WIDTH="83" VPOS="857" HPOS="1043"/>
<SP HEIGHT="39" WIDTH="34" VPOS="858" HPOS="1127"/>
<String CONTENT="June" HEIGHT="41" WIDTH="126" VPOS="857" HPOS="1162"/>
<SP HEIGHT="40" WIDTH="32" VPOS="857" HPOS="1289"/>
<String CONTENT="10;" HEIGHT="46" WIDTH="82" VPOS="857" HPOS="1322"/>
<SP HEIGHT="46" WIDTH="34" VPOS="857" HPOS="1405"/>
<!-- cceid 9E98ADE1-6E3A-1014-83DD-942C093A1DD9 --><String CONTENT="A" HEIGHT="39" WIDTH="40" VPOS="857" HPOS="1440"/>
<SP HEIGHT="40" WIDTH="32" VPOS="857" HPOS="1481"/>
<String CONTENT="94838;" HEIGHT="48" WIDTH="171" VPOS="856" HPOS="1514"/>
<SP HEIGHT="46" WIDTH="35" VPOS="858" HPOS="1686"/>
<String CONTENT="James" HEIGHT="42" WIDTH="168" VPOS="857" HPOS="1722"/>
<SP HEIGHT="39" WIDTH="32" VPOS="859" HPOS="1891"/>
<String CONTENT="Daly," HEIGHT="48" WIDTH="141" VPOS="858" HPOS="1924"/>
<SP HEIGHT="47" WIDTH="38" VPOS="858" HPOS="2066"/>
<String CONTENT="Saratoga" HEIGHT="50" WIDTH="239" VPOS="857" HPOS="2105"/>
</TextLine>
<TextLine HEIGHT="54" WIDTH="719" VPOS="914" HPOS="407">
<String CONTENT="Springs," HEIGHT="50" WIDTH="215" VPOS="918" HPOS="407"/>
<SP HEIGHT="48" WIDTH="20" VPOS="917" HPOS="623"/>
<String CONTENT="N." HEIGHT="42" WIDTH="57" VPOS="917" HPOS="644"/>
<SP HEIGHT="43" WIDTH="23" VPOS="916" HPOS="702"/>
<String CONTENT="Y." HEIGHT="41" WIDTH="54" VPOS="916" HPOS="726"/>
<SP HEIGHT="47" WIDTH="62" VPOS="917" HPOS="781"/>
<String CONTENT="(36-11933)" HEIGHT="50" WIDTH="282" VPOS="914" HPOS="844"/>
</TextLine>
<TextLine HEIGHT="66" WIDTH="579" VPOS="1022" HPOS="331" STYLEREFS="StyleId-4BF39DD8-0C49-4FDA-BFA9-7421FB892265-">
<String CONTENT="Darwent," HEIGHT="63" WIDTH="304" VPOS="1025" HPOS="331"/>
<SP HEIGHT="65" WIDTH="26" VPOS="1023" HPOS="636"/>
<String CONTENT="George." HEIGHT="65" WIDTH="247" VPOS="1022" HPOS="663"/>
</TextLine>
<TextLine HEIGHT="76" WIDTH="1940" VPOS="1092" HPOS="402" STYLEREFS="StyleId-E65FB7A7-F121-46A9-AD91-76C9CDA3F1F1-">
<String CONTENT="Mystery" HEIGHT="69" WIDTH="260" VPOS="1099" HPOS="402"/>
<SP HEIGHT="70" WIDTH="36" VPOS="1097" HPOS="663"/>
<String CONTENT="in" HEIGHT="55" WIDTH="59" VPOS="1096" HPOS="700"/>
<SP HEIGHT="48" WIDTH="36" VPOS="1102" HPOS="760"/>
<String CONTENT="the" HEIGHT="54" WIDTH="95" VPOS="1096" HPOS="797"/>
<SP HEIGHT="34" WIDTH="38" VPOS="1115" HPOS="893"/>
<String CONTENT="snow," HEIGHT="49" WIDTH="173" VPOS="1114" HPOS="932"/>
<SP HEIGHT="68" WIDTH="38" VPOS="1095" HPOS="1106"/>
<String CONTENT="by" HEIGHT="69" WIDTH="74" VPOS="1095" HPOS="1145"/>
<SP HEIGHT="69" WIDTH="37" VPOS="1095" HPOS="1220"/>
<String CONTENT="George" HEIGHT="70" WIDTH="227" VPOS="1094" HPOS="1258"/>
<SP HEIGHT="53" WIDTH="36" VPOS="1095" HPOS="1486"/>
<String CONTENT="Darwent." HEIGHT="54" WIDTH="292" VPOS="1094" HPOS="1523"/>
<SP HEIGHT="52" WIDTH="77" VPOS="1095" HPOS="1816"/>
<String CONTENT="London," HEIGHT="69" WIDTH="260" VPOS="1095" HPOS="1894"/>
<SP HEIGHT="68" WIDTH="39" VPOS="1096" HPOS="2155"/>
<String CONTENT="Rich" HEIGHT="55" WIDTH="147" VPOS="1095" HPOS="2195"/>
</TextLine>
<TextLine HEIGHT="69" WIDTH="624" VPOS="1176" HPOS="330" STYLEREFS="StyleId-E65FB7A7-F121-46A9-AD91-76C9CDA3F1F1-" CS="1">
<String CONTENT="&amp;" HEIGHT="50" WIDTH="47" VPOS="1182" HPOS="330"/>
<SP HEIGHT="55" WIDTH="23" VPOS="1178" HPOS="378"/>
<String CONTENT="Cowan," HEIGHT="67" WIDTH="232" VPOS="1178" HPOS="402"/>
<SP HEIGHT="68" WIDTH="26" VPOS="1177" HPOS="635"/>
<String CONTENT="ltd." HEIGHT="54" WIDTH="102" VPOS="1176" HPOS="662"/>
<SP HEIGHT="35" WIDTH="32" VPOS="1208" HPOS="765"/>
<String CS="1" CONTENT="[1935]" HEIGHT="51" WIDTH="135" VPOS="1177" HPOS="819"/>
</TextLine>
<TextLine HEIGHT="55" WIDTH="919" VPOS="1245" HPOS="400" CS="1">
<String CONTENT="4" HEIGHT="39" WIDTH="28" VPOS="1252" HPOS="400"/>
<SP/>
<String CONTENT="p." HEIGHT="38" WIDTH="42" VPOS="1262" HPOS="454"/>
<SP/>
<String CS="1" CONTENT="l.," HEIGHT="11" WIDTH="8" VPOS="1282" HPOS="560"/>
<SP HEIGHT="42" WIDTH="27" VPOS="1251" HPOS="569"/>
<String CONTENT="280" HEIGHT="41" WIDTH="87" VPOS="1250" HPOS="597"/>
<SP HEIGHT="48" WIDTH="27" VPOS="1250" HPOS="685"/>
<String CONTENT="p." HEIGHT="39" WIDTH="42" VPOS="1259" HPOS="713"/>
<SP HEIGHT="40" WIDTH="60" VPOS="1249" HPOS="756"/>
<String CONTENT="illus." HEIGHT="40" WIDTH="127" VPOS="1249" HPOS="817"/>
<SP HEIGHT="49" WIDTH="29" VPOS="1248" HPOS="945"/>
<String CONTENT="(map)" HEIGHT="49" WIDTH="159" VPOS="1248" HPOS="975"/>
<SP HEIGHT="47" WIDTH="68" VPOS="1248" HPOS="1135"/>
<String CONTENT="19" HEIGHT="42" WIDTH="55" VPOS="1245" HPOS="1204"/>
<String STYLE="superscript" CS="1" CONTENT="cm" HEIGHT="21" WIDTH="14" VPOS="1249" HPOS="1263"/>
<String CONTENT="." HEIGHT="9" WIDTH="8" VPOS="1277" HPOS="1311"/>
</TextLine>
<TextLine HEIGHT="60" WIDTH="2014" VPOS="1316" HPOS="335" CS="1">
<String CONTENT="&#169;" HEIGHT="53" WIDTH="54" VPOS="1323" HPOS="335"/>
<SP/>
<String CS="1" CONTENT="1c."/>
<SP HEIGHT="41" WIDTH="33" VPOS="1325" HPOS="491"/>
<String CONTENT="Oct." HEIGHT="40" WIDTH="104" VPOS="1325" HPOS="525"/>
<SP HEIGHT="40" WIDTH="33" VPOS="1324" HPOS="630"/>
<String CONTENT="30," HEIGHT="49" WIDTH="71" VPOS="1322" HPOS="664"/>
<SP HEIGHT="48" WIDTH="33" VPOS="1322" HPOS="736"/>
<String CONTENT="1935;" HEIGHT="42" WIDTH="141" VPOS="1321" HPOS="770"/>
<SP HEIGHT="42" WIDTH="36" VPOS="1321" HPOS="912"/>
<!-- cceid 9E992E6E-6E3A-1014-83DD-942C093A1DD9 --><String CONTENT="A" HEIGHT="39" WIDTH="40" VPOS="1321" HPOS="949"/>
<SP HEIGHT="40" WIDTH="33" VPOS="1321" HPOS="990"/>
<String CONTENT="ad" HEIGHT="39" WIDTH="60" VPOS="1322" HPOS="1024"/>
<SP HEIGHT="42" WIDTH="34" VPOS="1319" HPOS="1085"/>
<String CONTENT="int." HEIGHT="41" WIDTH="87" VPOS="1319" HPOS="1120"/>
<SP HEIGHT="41" WIDTH="32" VPOS="1319" HPOS="1208"/>
<String CONTENT="20717;" HEIGHT="47" WIDTH="173" VPOS="1318" HPOS="1241"/>
<SP HEIGHT="39" WIDTH="35" VPOS="1329" HPOS="1415"/>
<String CS="1" CONTENT="pubd." HEIGHT="38" WIDTH="144" VPOS="1330" HPOS="1451"/>
<SP HEIGHT="41" WIDTH="36" VPOS="1319" HPOS="1596"/>
<String CONTENT="Sept." HEIGHT="49" WIDTH="129" VPOS="1319" HPOS="1633"/>
<SP HEIGHT="42" WIDTH="32" VPOS="1319" HPOS="1763"/>
<String CONTENT="4;" HEIGHT="45" WIDTH="56" VPOS="1319" HPOS="1796"/>
<SP HEIGHT="44" WIDTH="38" VPOS="1320" HPOS="1853"/>
<String CONTENT="George" HEIGHT="49" WIDTH="184" VPOS="1320" HPOS="1892"/>
<SP HEIGHT="39" WIDTH="35" VPOS="1322" HPOS="2077"/>
<String CONTENT="Darwent" HEIGHT="42" WIDTH="236" VPOS="1321" HPOS="2113"/>
</TextLine>
<TextLine HEIGHT="56" WIDTH="1445" VPOS="1375" HPOS="405">
<String CONTENT="Rugan," HEIGHT="47" WIDTH="190" VPOS="1384" HPOS="405"/>
<SP HEIGHT="47" WIDTH="27" VPOS="1381" HPOS="595"/>
<String CONTENT="West" HEIGHT="42" WIDTH="140" VPOS="1380" HPOS="622"/>
<SP HEIGHT="41" WIDTH="24" VPOS="1379" HPOS="762"/>
<String CONTENT="Kirby," HEIGHT="50" WIDTH="171" VPOS="1377" HPOS="786"/>
<SP HEIGHT="46" WIDTH="27" VPOS="1379" HPOS="957"/>
<String CONTENT="Cheshire," HEIGHT="47" WIDTH="249" VPOS="1377" HPOS="984"/>
<SP HEIGHT="47" WIDTH="29" VPOS="1377" HPOS="1233"/>
<String CONTENT="England." HEIGHT="48" WIDTH="237" VPOS="1376" HPOS="1262"/>
<SP HEIGHT="47" WIDTH="68" VPOS="1376" HPOS="1499"/>
<String CONTENT="(36-12547)" HEIGHT="52" WIDTH="283" VPOS="1375" HPOS="1567"/>
</TextLine>
<TextLine HEIGHT="67" WIDTH="954" VPOS="1481" HPOS="334" STYLEREFS="StyleId-4BF39DD8-0C49-4FDA-BFA9-7421FB892265-">
<String CONTENT="De" HEIGHT="52" WIDTH="85" VPOS="1488" HPOS="334"/>
<SP HEIGHT="53" WIDTH="23" VPOS="1486" HPOS="420"/>
<String CONTENT="Haas," HEIGHT="62" WIDTH="185" VPOS="1486" HPOS="444"/>
<SP HEIGHT="64" WIDTH="23" VPOS="1484" HPOS="630"/>
<String CONTENT="Jacob" HEIGHT="54" WIDTH="183" VPOS="1483" HPOS="654"/>
<SP HEIGHT="54" WIDTH="26" VPOS="1482" HPOS="838"/>
<String CONTENT="Anton," HEIGHT="61" WIDTH="221" VPOS="1482" HPOS="865"/>
<SP HEIGHT="56" WIDTH="29" VPOS="1487" HPOS="1087"/>
<String CONTENT="1883-" HEIGHT="52" WIDTH="171" VPOS="1485" HPOS="1117"/>
</TextLine>
<TextLine HEIGHT="150" WIDTH="1986" VPOS="1555" HPOS="334" STYLEREFS="StyleId-E65FB7A7-F121-46A9-AD91-76C9CDA3F1F1-" CS="1">
<String CONTENT="Foreign" HEIGHT="71" WIDTH="250" VPOS="1561" HPOS="405"/>
<SP HEIGHT="47" WIDTH="28" VPOS="1567" HPOS="656"/>
<String CONTENT="trade," HEIGHT="69" WIDTH="179" VPOS="1560" HPOS="685"/>
<SP HEIGHT="69" WIDTH="24" VPOS="1559" HPOS="865"/>
<String CONTENT="by" HEIGHT="71" WIDTH="74" VPOS="1559" HPOS="890"/>
<SP HEIGHT="71" WIDTH="23" VPOS="1559" HPOS="965"/>
<String CONTENT="J." HEIGHT="55" WIDTH="58" VPOS="1559" HPOS="989"/>
<SP HEIGHT="55" WIDTH="24" VPOS="1557" HPOS="1048"/>
<String CONTENT="Anton" HEIGHT="54" WIDTH="198" VPOS="1556" HPOS="1073"/>
<SP HEIGHT="53" WIDTH="27" VPOS="1557" HPOS="1272"/>
<String CONTENT="de" HEIGHT="53" WIDTH="68" VPOS="1557" HPOS="1300"/>
<SP HEIGHT="54" WIDTH="25" VPOS="1556" HPOS="1369"/>
<String CONTENT="Haas" HEIGHT="54" WIDTH="163" VPOS="1556" HPOS="1395"/>
<SP HEIGHT="34" WIDTH="31" VPOS="1576" HPOS="1559"/>
<String CS="1" CONTENT="&#8230;"/>
<SP HEIGHT="54" WIDTH="66" VPOS="1556" HPOS="1649"/>
<String CONTENT="New" HEIGHT="56" WIDTH="139" VPOS="1555" HPOS="1716"/>
<SP HEIGHT="54" WIDTH="30" VPOS="1558" HPOS="1856"/>
<String CONTENT="York," HEIGHT="71" WIDTH="180" VPOS="1557" HPOS="1887"/>
<SP HEIGHT="71" WIDTH="26" VPOS="1557" HPOS="2068"/>
<String CONTENT="Alexander" HEIGHT="140" WIDTH="1986" VPOS="1557" HPOS="334"/>
<SP HEIGHT="52" WIDTH="25" VPOS="1643" HPOS="435"/>
<String CONTENT="Hamilton" HEIGHT="55" WIDTH="306" VPOS="1640" HPOS="461"/>
<SP HEIGHT="53" WIDTH="26" VPOS="1639" HPOS="768"/>
<String CONTENT="institute" HEIGHT="54" WIDTH="263" VPOS="1637" HPOS="795"/>
<SP HEIGHT="47" WIDTH="30" VPOS="1657" HPOS="1059"/>
<String CS="1" CONTENT="["/>
<String STYLE="superscript" CONTENT="c" HEIGHT="21" WIDTH="17" VPOS="1644" HPOS="1108"/>
<String CONTENT="1936]" HEIGHT="65" WIDTH="152" VPOS="1639" HPOS="1132"/>
</TextLine>
<TextLine HEIGHT="59" WIDTH="1946" VPOS="1707" HPOS="404" CS="1">
<String CONTENT="xxii," HEIGHT="50" WIDTH="119" VPOS="1716" HPOS="404"/>
<SP HEIGHT="50" WIDTH="21" VPOS="1716" HPOS="524"/>
<String CONTENT="400" HEIGHT="41" WIDTH="88" VPOS="1715" HPOS="546"/>
<SP HEIGHT="48" WIDTH="19" VPOS="1715" HPOS="635"/>
<String CONTENT="p." HEIGHT="39" WIDTH="44" VPOS="1724" HPOS="655"/>
<SP HEIGHT="41" WIDTH="54" VPOS="1712" HPOS="700"/>
<String CONTENT="fold." HEIGHT="41" WIDTH="117" VPOS="1712" HPOS="755"/>
<SP/>
<String CS="1" CONTENT="pl."/>
<SP HEIGHT="43" WIDTH="49" VPOS="1712" HPOS="962"/>
<String CONTENT="19" HEIGHT="40" WIDTH="56" VPOS="1711" HPOS="1012"/>
<String STYLE="superscript" CONTENT="cm" HEIGHT="21" WIDTH="43" VPOS="1714" HPOS="1073"/>
<String CONTENT="." HEIGHT="8" WIDTH="8" VPOS="1744" HPOS="1121"/>
<SP HEIGHT="49" WIDTH="63" VPOS="1711" HPOS="1130"/>
<String CONTENT="(Added" HEIGHT="50" WIDTH="193" VPOS="1710" HPOS="1194"/>
<SP HEIGHT="40" WIDTH="25" VPOS="1711" HPOS="1388"/>
<String CS="1" CONTENT="t.-p.:" HEIGHT="44" WIDTH="95" VPOS="1712" HPOS="1414"/>
<SP HEIGHT="40" WIDTH="21" VPOS="1709" HPOS="1536"/>
<String CONTENT="Modern" HEIGHT="42" WIDTH="202" VPOS="1709" HPOS="1558"/>
<SP HEIGHT="39" WIDTH="24" VPOS="1711" HPOS="1761"/>
<String CONTENT="business;" HEIGHT="49" WIDTH="251" VPOS="1710" HPOS="1786"/>
<SP HEIGHT="38" WIDTH="24" VPOS="1720" HPOS="2038"/>
<String CONTENT="a" HEIGHT="30" WIDTH="28" VPOS="1722" HPOS="2063"/>
<SP HEIGHT="31" WIDTH="27" VPOS="1722" HPOS="2092"/>
<String CONTENT="series" HEIGHT="42" WIDTH="150" VPOS="1712" HPOS="2120"/>
<SP HEIGHT="30" WIDTH="25" VPOS="1723" HPOS="2271"/>
<String CONTENT="of" HEIGHT="41" WIDTH="53" VPOS="1712" HPOS="2297"/>
</TextLine>
<TextLine HEIGHT="58" WIDTH="1964" VPOS="1765" HPOS="335" CS="1">
<String CONTENT="texts" HEIGHT="40" WIDTH="132" VPOS="1776" HPOS="335"/>
<SP HEIGHT="38" WIDTH="34" VPOS="1785" HPOS="468"/>
<String CONTENT="prepared" HEIGHT="51" WIDTH="240" VPOS="1772" HPOS="503"/>
<SP HEIGHT="41" WIDTH="35" VPOS="1772" HPOS="744"/>
<String CONTENT="as" HEIGHT="31" WIDTH="56" VPOS="1781" HPOS="780"/>
<SP HEIGHT="38" WIDTH="33" VPOS="1780" HPOS="837"/>
<String CONTENT="part" HEIGHT="47" WIDTH="112" VPOS="1771" HPOS="871"/>
<SP HEIGHT="39" WIDTH="36" VPOS="1771" HPOS="984"/>
<String CONTENT="of" HEIGHT="40" WIDTH="51" VPOS="1770" HPOS="1021"/>
<SP HEIGHT="40" WIDTH="34" VPOS="1770" HPOS="1073"/>
<String CONTENT="the" HEIGHT="40" WIDTH="82" VPOS="1770" HPOS="1108"/>
<SP HEIGHT="32" WIDTH="35" VPOS="1778" HPOS="1191"/>
<String CONTENT="modern" HEIGHT="41" WIDTH="198" VPOS="1769" HPOS="1227"/>
<SP HEIGHT="41" WIDTH="38" VPOS="1767" HPOS="1426"/>
<String CONTENT="business" HEIGHT="42" WIDTH="224" VPOS="1766" HPOS="1465"/>
<SP HEIGHT="30" WIDTH="35" VPOS="1778" HPOS="1690"/>
<String CONTENT="course" HEIGHT="33" WIDTH="171" VPOS="1777" HPOS="1726"/>
<SP HEIGHT="30" WIDTH="35" VPOS="1779" HPOS="1898"/>
<String CONTENT="and" HEIGHT="40" WIDTH="96" VPOS="1769" HPOS="1934"/>
<SP HEIGHT="40" WIDTH="39" VPOS="1769" HPOS="2031"/>
<String CONTENT="service" HEIGHT="40" WIDTH="184" VPOS="1771" HPOS="2071"/>
<SP HEIGHT="29" WIDTH="43" VPOS="1782" HPOS="2256"/>
<String CS="1" CONTENT="&#8230;"/>
</TextLine>
<TextLine HEIGHT="50" WIDTH="847" VPOS="1826" HPOS="335">
<String CONTENT="Alexander" HEIGHT="41" WIDTH="279" VPOS="1832" HPOS="335"/>
<SP HEIGHT="40" WIDTH="25" VPOS="1830" HPOS="615"/>
<String CONTENT="Hamilton" HEIGHT="42" WIDTH="258" VPOS="1829" HPOS="641"/>
<SP HEIGHT="41" WIDTH="27" VPOS="1827" HPOS="900"/>
<String CONTENT="institute)" HEIGHT="49" WIDTH="254" VPOS="1826" HPOS="928"/>
</TextLine>
<TextLine HEIGHT="114" WIDTH="1997" VPOS="1896" HPOS="336" CS="1">
<String CONTENT="&#169;" HEIGHT="53" WIDTH="55" VPOS="1902" HPOS="336"/>
<SP HEIGHT="53" WIDTH="25" VPOS="1902" HPOS="391"/>
<String CONTENT="May" HEIGHT="47" WIDTH="118" VPOS="1906" HPOS="416"/>
<SP HEIGHT="48" WIDTH="25" VPOS="1905" HPOS="534"/>
<String CONTENT="1," HEIGHT="46" WIDTH="39" VPOS="1905" HPOS="559"/>
<SP HEIGHT="48" WIDTH="27" VPOS="1903" HPOS="598"/>
<String CONTENT="1936;" HEIGHT="46" WIDTH="144" VPOS="1902" HPOS="625"/>
<SP HEIGHT="46" WIDTH="27" VPOS="1901" HPOS="769"/>
<String CONTENT="2c." HEIGHT="41" WIDTH="69" VPOS="1901" HPOS="796"/>
<SP HEIGHT="30" WIDTH="26" VPOS="1911" HPOS="865"/>
<String CONTENT="and" HEIGHT="40" WIDTH="96" VPOS="1901" HPOS="891"/>
<SP HEIGHT="39" WIDTH="30" VPOS="1901" HPOS="987"/>
<String CONTENT="aff." HEIGHT="41" WIDTH="83" VPOS="1899" HPOS="1017"/>
<SP HEIGHT="39" WIDTH="29" VPOS="1901" HPOS="1100"/>
<String CONTENT="May" HEIGHT="47" WIDTH="115" VPOS="1901" HPOS="1129"/>
<SP HEIGHT="49" WIDTH="25" VPOS="1899" HPOS="1244"/>
<String CONTENT="6;" HEIGHT="47" WIDTH="55" VPOS="1899" HPOS="1269"/>
<SP HEIGHT="48" WIDTH="29" VPOS="1898" HPOS="1324"/>
<!-- cceid 9E99AD74-6E3A-1014-83DD-942C093A1DD9 --><String CONTENT="A" HEIGHT="40" WIDTH="43" VPOS="1898" HPOS="1353"/>
<SP HEIGHT="41" WIDTH="24" VPOS="1897" HPOS="1396"/>
<String CONTENT="95021;" HEIGHT="48" WIDTH="173" VPOS="1897" HPOS="1420"/>
<SP HEIGHT="47" WIDTH="30" VPOS="1898" HPOS="1593"/>
<String CONTENT="Alexander" HEIGHT="43" WIDTH="279" VPOS="1897" HPOS="1623"/>
<SP HEIGHT="39" WIDTH="27" VPOS="1900" HPOS="1902"/>
<String CONTENT="Hamilton" HEIGHT="42" WIDTH="259" VPOS="1899" HPOS="1929"/>
<SP HEIGHT="40" WIDTH="26" VPOS="1900" HPOS="2188"/>
<String CONTENT="institute." HEIGHT="104" WIDTH="1924" VPOS="1899" HPOS="409"/>
<SP HEIGHT="29" WIDTH="58" VPOS="1981" HPOS="529"/>
<String CONTENT="[Copyright" HEIGHT="53" WIDTH="286" VPOS="1957" HPOS="588"/>
</TextLine>
<TextLine HEIGHT="53" WIDTH="977" VPOS="1953" HPOS="901">
<String CONTENT="is" HEIGHT="41" WIDTH="42" VPOS="1957" HPOS="901"/>
<SP HEIGHT="30" WIDTH="26" VPOS="1968" HPOS="944"/>
<String CONTENT="claimed" HEIGHT="41" WIDTH="206" VPOS="1957" HPOS="971"/>
<SP HEIGHT="40" WIDTH="27" VPOS="1957" HPOS="1178"/>
<String CONTENT="on" HEIGHT="31" WIDTH="62" VPOS="1966" HPOS="1206"/>
<SP HEIGHT="29" WIDTH="29" VPOS="1966" HPOS="1269"/>
<String CONTENT="revision]" HEIGHT="51" WIDTH="228" VPOS="1954" HPOS="1299"/>
<SP HEIGHT="51" WIDTH="68" VPOS="1954" HPOS="1528"/>
<String CONTENT="(36-12068)" HEIGHT="52" WIDTH="281" VPOS="1953" HPOS="1597"/>
</TextLine>
<TextLine HEIGHT="68" WIDTH="748" VPOS="2061" HPOS="337" STYLEREFS="StyleId-4BF39DD8-0C49-4FDA-BFA9-7421FB892265-">
<String CONTENT="Denny," HEIGHT="62" WIDTH="228" VPOS="2067" HPOS="337"/>
<SP HEIGHT="64" WIDTH="26" VPOS="2065" HPOS="566"/>
<String CONTENT="Grace" HEIGHT="55" WIDTH="187" VPOS="2064" HPOS="593"/>
<SP HEIGHT="55" WIDTH="24" VPOS="2062" HPOS="781"/>
<String CONTENT="Goldena." HEIGHT="56" WIDTH="279" VPOS="2061" HPOS="806"/>
</TextLine>
<TextLine HEIGHT="154" WIDTH="1988" VPOS="2133" HPOS="337" STYLEREFS="StyleId-E65FB7A7-F121-46A9-AD91-76C9CDA3F1F1-" CS="1">
<String CONTENT="Fabrics;" HEIGHT="70" WIDTH="266" VPOS="2139" HPOS="409"/>
<SP HEIGHT="68" WIDTH="40" VPOS="2141" HPOS="676"/>
<String CONTENT="definitions" HEIGHT="57" WIDTH="328" VPOS="2137" HPOS="717"/>
<SP HEIGHT="37" WIDTH="38" VPOS="2155" HPOS="1046"/>
<String CONTENT="of" HEIGHT="53" WIDTH="64" VPOS="2136" HPOS="1085"/>
<SP HEIGHT="54" WIDTH="37" VPOS="2135" HPOS="1150"/>
<String CONTENT="fabrics," HEIGHT="71" WIDTH="231" VPOS="2134" HPOS="1188"/>
<SP HEIGHT="49" WIDTH="37" VPOS="2155" HPOS="1420"/>
<String CONTENT="practical" HEIGHT="69" WIDTH="276" VPOS="2135" HPOS="1458"/>
<SP HEIGHT="54" WIDTH="41" VPOS="2137" HPOS="1735"/>
<String CONTENT="textile" HEIGHT="54" WIDTH="198" VPOS="2137" HPOS="1777"/>
<SP HEIGHT="48" WIDTH="40" VPOS="2142" HPOS="1976"/>
<String CONTENT="tests," HEIGHT="63" WIDTH="153" VPOS="2142" HPOS="2017"/>
<SP HEIGHT="47" WIDTH="38" VPOS="2158" HPOS="2171"/>
<String CONTENT="classification" HEIGHT="135" WIDTH="1988" VPOS="2141" HPOS="337"/>
<SP HEIGHT="36" WIDTH="26" VPOS="2236" HPOS="621"/>
<String CONTENT="of" HEIGHT="53" WIDTH="66" VPOS="2219" HPOS="648"/>
<SP HEIGHT="55" WIDTH="29" VPOS="2218" HPOS="715"/>
<String CONTENT="fabrics" HEIGHT="55" WIDTH="215" VPOS="2217" HPOS="745"/>
<SP HEIGHT="49" WIDTH="33" VPOS="2237" HPOS="961"/>
<String CS="1" CONTENT="[by]" HEIGHT="70" WIDTH="74" VPOS="2216" HPOS="1011"/>
<SP HEIGHT="69" WIDTH="33" VPOS="2216" HPOS="1105"/>
<String CONTENT="Grace" HEIGHT="58" WIDTH="184" VPOS="2215" HPOS="1139"/>
</TextLine>
<TextLine HEIGHT="71" WIDTH="994" VPOS="2214" HPOS="1353" STYLEREFS="StyleId-E65FB7A7-F121-46A9-AD91-76C9CDA3F1F1-" CS="1">
<String CONTENT="G." HEIGHT="56" WIDTH="68" VPOS="2216" HPOS="1353"/>
<SP HEIGHT="53" WIDTH="27" VPOS="2217" HPOS="1422"/>
<String CONTENT="Denny" HEIGHT="68" WIDTH="209" VPOS="2217" HPOS="1450"/>
<SP HEIGHT="51" WIDTH="29" VPOS="2234" HPOS="1660"/>
<String CS="1" CONTENT="&#8230;"/>
<SP HEIGHT="51" WIDTH="77" VPOS="2220" HPOS="1747"/>
<String CONTENT="4th" HEIGHT="53" WIDTH="98" VPOS="2217" HPOS="1825"/>
<SP HEIGHT="53" WIDTH="31" VPOS="2217" HPOS="1924"/>
<String CONTENT="ed.," HEIGHT="66" WIDTH="105" VPOS="2218" HPOS="1956"/>
<SP HEIGHT="46" WIDTH="30" VPOS="2238" HPOS="2062"/>
<String CONTENT="rev." HEIGHT="38" WIDTH="112" VPOS="2235" HPOS="2093"/>
<SP HEIGHT="35" WIDTH="29" VPOS="2238" HPOS="2206"/>
<String CONTENT="and" HEIGHT="56" WIDTH="111" VPOS="2218" HPOS="2236"/>
</TextLine>
<TextLine HEIGHT="155" WIDTH="1982" VPOS="2293" HPOS="339" STYLEREFS="StyleId-E65FB7A7-F121-46A9-AD91-76C9CDA3F1F1-" CS="1">
<String CONTENT="reset." HEIGHT="48" WIDTH="159" VPOS="2307" HPOS="341"/>
<SP HEIGHT="53" WIDTH="75" VPOS="2300" HPOS="501"/>
<String CONTENT="Edited" HEIGHT="54" WIDTH="214" VPOS="2298" HPOS="577"/>
<SP HEIGHT="54" WIDTH="33" VPOS="2297" HPOS="792"/>
<String CONTENT="by" HEIGHT="69" WIDTH="77" VPOS="2297" HPOS="826"/>
<SP HEIGHT="68" WIDTH="33" VPOS="2298" HPOS="904"/>
<String CONTENT="Benjamin" HEIGHT="69" WIDTH="310" VPOS="2295" HPOS="938"/>
<SP HEIGHT="54" WIDTH="33" VPOS="2295" HPOS="1249"/>
<String CONTENT="R." HEIGHT="54" WIDTH="68" VPOS="2295" HPOS="1283"/>
<SP HEIGHT="54" WIDTH="34" VPOS="2295" HPOS="1352"/>
<String CONTENT="Andrews" HEIGHT="54" WIDTH="282" VPOS="2295" HPOS="1387"/>
<SP HEIGHT="34" WIDTH="38" VPOS="2315" HPOS="1670"/>
<String CS="1" CONTENT="&#8230;"/>
<SP HEIGHT="56" WIDTH="79" VPOS="2297" HPOS="1766"/>
<String CONTENT="Chicago," HEIGHT="69" WIDTH="272" VPOS="2296" HPOS="1846"/>
<SP HEIGHT="64" WIDTH="34" VPOS="2301" HPOS="2119"/>
<String CONTENT="Philadelphia," HEIGHT="149" WIDTH="1982" VPOS="2299" HPOS="339"/>
<SP HEIGHT="65" WIDTH="26" VPOS="2379" HPOS="592"/>
<String CONTENT="J." HEIGHT="55" WIDTH="58" VPOS="2379" HPOS="619"/>
<SP HEIGHT="53" WIDTH="31" VPOS="2379" HPOS="678"/>
<String CONTENT="B." HEIGHT="53" WIDTH="66" VPOS="2378" HPOS="710"/>
<SP HEIGHT="53" WIDTH="31" VPOS="2377" HPOS="777"/>
<String CONTENT="Lippincott" HEIGHT="69" WIDTH="342" VPOS="2375" HPOS="809"/>
<SP HEIGHT="48" WIDTH="29" VPOS="2380" HPOS="1152"/>
<String CONTENT="company" HEIGHT="51" WIDTH="280" VPOS="2392" HPOS="1182"/>
<SP HEIGHT="50" WIDTH="36" VPOS="2392" HPOS="1463"/>
<String CS="1" CONTENT="["/>
<String STYLE="superscript" CONTENT="c" HEIGHT="22" WIDTH="19" VPOS="2380" HPOS="1518"/>
<String CONTENT="1936]" HEIGHT="65" WIDTH="152" VPOS="2378" HPOS="1541"/>
</TextLine>
<TextLine HEIGHT="53" WIDTH="658" VPOS="2448" HPOS="411" STYLEREFS="StyleId-E65FB7A7-F121-46A9-AD91-76C9CDA3F1F1-">
<String CONTENT="xiv," HEIGHT="48" WIDTH="97" VPOS="2453" HPOS="411"/>
<SP HEIGHT="49" WIDTH="31" VPOS="2452" HPOS="508"/>
<String CONTENT="178" HEIGHT="43" WIDTH="89" VPOS="2451" HPOS="539"/>
<SP HEIGHT="49" WIDTH="27" VPOS="2451" HPOS="628"/>
<String CONTENT="p." HEIGHT="38" WIDTH="44" VPOS="2462" HPOS="656"/>
<SP HEIGHT="41" WIDTH="62" VPOS="2450" HPOS="700"/>
<String CONTENT="illus." HEIGHT="41" WIDTH="129" VPOS="2450" HPOS="762"/>
<SP HEIGHT="43" WIDTH="59" VPOS="2448" HPOS="891"/>
<String CONTENT="20" HEIGHT="42" WIDTH="58" VPOS="2448" HPOS="950"/>
<String STYLE="superscript" CONTENT="cm" HEIGHT="23" WIDTH="44" VPOS="2451" HPOS="1010"/>
<String CONTENT="." HEIGHT="9" WIDTH="8" VPOS="2481" HPOS="1061"/>
</TextLine>
<TextLine HEIGHT="56" WIDTH="1936" VPOS="2501" HPOS="414">
<String CONTENT="Earlier" HEIGHT="41" WIDTH="194" VPOS="2509" HPOS="414"/>
<SP HEIGHT="31" WIDTH="39" VPOS="2518" HPOS="609"/>
<String CONTENT="editions" HEIGHT="43" WIDTH="212" VPOS="2506" HPOS="649"/>
<SP HEIGHT="39" WIDTH="41" VPOS="2517" HPOS="862"/>
<String CONTENT="published" HEIGHT="51" WIDTH="258" VPOS="2505" HPOS="904"/>
<SP HEIGHT="42" WIDTH="41" VPOS="2508" HPOS="1163"/>
<String CONTENT="under" HEIGHT="41" WIDTH="153" VPOS="2504" HPOS="1205"/>
<SP HEIGHT="39" WIDTH="42" VPOS="2506" HPOS="1359"/>
<String CONTENT="title;" HEIGHT="42" WIDTH="138" VPOS="2503" HPOS="1402"/>
<SP HEIGHT="40" WIDTH="40" VPOS="2505" HPOS="1541"/>
<String CONTENT="Fabrics" HEIGHT="42" WIDTH="202" VPOS="2504" HPOS="1582"/>
<SP HEIGHT="33" WIDTH="42" VPOS="2513" HPOS="1785"/>
<String CONTENT="and" HEIGHT="39" WIDTH="95" VPOS="2506" HPOS="1828"/>
<SP HEIGHT="39" WIDTH="44" VPOS="2506" HPOS="1924"/>
<String CONTENT="how" HEIGHT="40" WIDTH="108" VPOS="2506" HPOS="1969"/>
<SP HEIGHT="37" WIDTH="41" VPOS="2509" HPOS="2078"/>
<String CONTENT="to" HEIGHT="37" WIDTH="47" VPOS="2509" HPOS="2120"/>
<SP HEIGHT="39" WIDTH="42" VPOS="2508" HPOS="2168"/>
<String CONTENT="know" HEIGHT="42" WIDTH="139" VPOS="2507" HPOS="2211"/>
</TextLine>
<TextLine HEIGHT="42" WIDTH="145" VPOS="2570" HPOS="344">
<String CONTENT="them." HEIGHT="42" WIDTH="145" VPOS="2570" HPOS="344"/>
</TextLine>
<TextLine HEIGHT="55" WIDTH="1415" VPOS="2616" HPOS="414">
<String CONTENT="&#8220;Books" HEIGHT="42" WIDTH="191" VPOS="2624" HPOS="414"/>
<SP HEIGHT="30" WIDTH="24" VPOS="2634" HPOS="606"/>
<String CONTENT="of" HEIGHT="41" WIDTH="54" VPOS="2623" HPOS="631"/>
<SP HEIGHT="40" WIDTH="23" VPOS="2623" HPOS="686"/>
<String CONTENT="reference" HEIGHT="44" WIDTH="250" VPOS="2620" HPOS="710"/>
<SP HEIGHT="31" WIDTH="23" VPOS="2630" HPOS="961"/>
<String CONTENT="on" HEIGHT="31" WIDTH="60" VPOS="2630" HPOS="985"/>
<SP HEIGHT="39" WIDTH="25" VPOS="2622" HPOS="1046"/>
<String CONTENT="textile" HEIGHT="43" WIDTH="172" VPOS="2618" HPOS="1072"/>
<SP HEIGHT="43" WIDTH="23" VPOS="2618" HPOS="1245"/>
<String CONTENT="fabrics&#8221;:" HEIGHT="43" WIDTH="242" VPOS="2618" HPOS="1269"/>
<SP HEIGHT="40" WIDTH="28" VPOS="2629" HPOS="1512"/>
<String CONTENT="p." HEIGHT="39" WIDTH="44" VPOS="2630" HPOS="1541"/>
<SP HEIGHT="40" WIDTH="24" VPOS="2621" HPOS="1586"/>
<String CONTENT="177-178." HEIGHT="43" WIDTH="218" VPOS="2619" HPOS="1611"/>
</TextLine>
<TextLine HEIGHT="59" WIDTH="1873" VPOS="2688" HPOS="341">
<String CONTENT="&#169;" HEIGHT="54" WIDTH="53" VPOS="2693" HPOS="341"/>
<SP HEIGHT="54" WIDTH="26" VPOS="2693" HPOS="395"/>
<String CONTENT="May" HEIGHT="46" WIDTH="113" VPOS="2698" HPOS="422"/>
<SP HEIGHT="49" WIDTH="26" VPOS="2695" HPOS="536"/>
<String CONTENT="20," HEIGHT="48" WIDTH="69" VPOS="2694" HPOS="563"/>
<SP HEIGHT="48" WIDTH="29" VPOS="2694" HPOS="633"/>
<String CONTENT="1936;" HEIGHT="48" WIDTH="141" VPOS="2693" HPOS="663"/>
<SP HEIGHT="47" WIDTH="28" VPOS="2693" HPOS="805"/>
<String CONTENT="2c." HEIGHT="40" WIDTH="68" VPOS="2693" HPOS="834"/>
<SP HEIGHT="30" WIDTH="30" VPOS="2702" HPOS="903"/>
<String CONTENT="and" HEIGHT="40" WIDTH="95" VPOS="2692" HPOS="934"/>
<SP HEIGHT="39" WIDTH="27" VPOS="2692" HPOS="1030"/>
<String CONTENT="aff." HEIGHT="43" WIDTH="82" VPOS="2690" HPOS="1058"/>
<SP HEIGHT="42" WIDTH="28" VPOS="2691" HPOS="1141"/>
<String CONTENT="June" HEIGHT="42" WIDTH="130" VPOS="2690" HPOS="1170"/>
<SP HEIGHT="41" WIDTH="23" VPOS="2690" HPOS="1301"/>
<String CONTENT="5;" HEIGHT="47" WIDTH="53" VPOS="2690" HPOS="1325"/>
<SP HEIGHT="46" WIDTH="28" VPOS="2691" HPOS="1379"/>
<!-- cceid 9E9A2E9A-6E3A-1014-83DD-942C093A1DD9 --><String CONTENT="A" HEIGHT="39" WIDTH="41" VPOS="2691" HPOS="1408"/>
<SP HEIGHT="41" WIDTH="24" VPOS="2689" HPOS="1450"/>
<String CONTENT="94750;" HEIGHT="49" WIDTH="173" VPOS="2689" HPOS="1475"/>
<SP HEIGHT="47" WIDTH="30" VPOS="2691" HPOS="1649"/>
<String CONTENT="J." HEIGHT="42" WIDTH="44" VPOS="2691" HPOS="1680"/>
<SP HEIGHT="41" WIDTH="27" VPOS="2692" HPOS="1725"/>
<String CONTENT="B." HEIGHT="40" WIDTH="54" VPOS="2691" HPOS="1753"/>
<SP HEIGHT="40" WIDTH="28" VPOS="2691" HPOS="1808"/>
<String CONTENT="Lippincott" HEIGHT="50" WIDTH="282" VPOS="2691" HPOS="1837"/>
<SP HEIGHT="39" WIDTH="24" VPOS="2695" HPOS="2120"/>
<String CONTENT="co." HEIGHT="30" WIDTH="69" VPOS="2704" HPOS="2145"/>
</TextLine>
<TextLine HEIGHT="52" WIDTH="283" VPOS="2750" HPOS="422">
<String CONTENT="(36-11964)" HEIGHT="52" WIDTH="283" VPOS="2750" HPOS="422"/>
</TextLine>
<TextLine HEIGHT="68" WIDTH="653" VPOS="2854" HPOS="341" STYLEREFS="StyleId-4BF39DD8-0C49-4FDA-BFA9-7421FB892265-">
<String CONTENT="Dunshee," HEIGHT="66" WIDTH="299" VPOS="2856" HPOS="341"/>
<SP HEIGHT="65" WIDTH="24" VPOS="2857" HPOS="641"/>
<String CONTENT="Charlotte." HEIGHT="57" WIDTH="328" VPOS="2854" HPOS="666"/>
</TextLine>
<TextLine HEIGHT="77" WIDTH="1938" VPOS="2927" HPOS="413" STYLEREFS="StyleId-E65FB7A7-F121-46A9-AD91-76C9CDA3F1F1-">
<String CONTENT="Through" HEIGHT="68" WIDTH="280" VPOS="2934" HPOS="413"/>
<SP HEIGHT="53" WIDTH="21" VPOS="2934" HPOS="693"/>
<String CONTENT="the" HEIGHT="54" WIDTH="96" VPOS="2933" HPOS="715"/>
<SP HEIGHT="34" WIDTH="22" VPOS="2951" HPOS="812"/>
<String CONTENT="ages," HEIGHT="51" WIDTH="150" VPOS="2950" HPOS="835"/>
<SP HEIGHT="69" WIDTH="25" VPOS="2930" HPOS="985"/>
<String CONTENT="by" HEIGHT="70" WIDTH="77" VPOS="2930" HPOS="1010"/>
<SP HEIGHT="70" WIDTH="26" VPOS="2930" HPOS="1087"/>
<String CONTENT="Charlotte" HEIGHT="57" WIDTH="298" VPOS="2929" HPOS="1113"/>
<SP HEIGHT="53" WIDTH="22" VPOS="2931" HPOS="1412"/>
<String CONTENT="Dunshee." HEIGHT="55" WIDTH="285" VPOS="2930" HPOS="1435"/>
<SP HEIGHT="52" WIDTH="61" VPOS="2933" HPOS="1721"/>
<String CONTENT="Los" HEIGHT="54" WIDTH="112" VPOS="2932" HPOS="1783"/>
<SP HEIGHT="52" WIDTH="21" VPOS="2933" HPOS="1896"/>
<String CONTENT="Angeles," HEIGHT="68" WIDTH="268" VPOS="2933" HPOS="1918"/>
<SP HEIGHT="65" WIDTH="27" VPOS="2935" HPOS="2186"/>
<String CONTENT="New" HEIGHT="54" WIDTH="137" VPOS="2934" HPOS="2213"/>
</TextLine>
<TextLine HEIGHT="72" WIDTH="955" VPOS="3009" HPOS="345" STYLEREFS="StyleId-E65FB7A7-F121-46A9-AD91-76C9CDA3F1F1-" CS="1">
<String CONTENT="York" HEIGHT="55" WIDTH="162" VPOS="3014" HPOS="345"/>
<SP HEIGHT="67" WIDTH="31" VPOS="3014" HPOS="508"/>
<String CS="1" CONTENT="[etc.]" HEIGHT="60" WIDTH="121" VPOS="3020" HPOS="559"/>
<SP HEIGHT="69" WIDTH="33" VPOS="3011" HPOS="681"/>
<String CONTENT="Suttonhouse," HEIGHT="68" WIDTH="403" VPOS="3010" HPOS="715"/>
<SP HEIGHT="63" WIDTH="30" VPOS="3014" HPOS="1119"/>
<String CONTENT="1936." HEIGHT="52" WIDTH="150" VPOS="3011" HPOS="1150"/>
</TextLine>
<TextLine HEIGHT="52" WIDTH="746" VPOS="3083" HPOS="415" CS="1">
<String CONTENT="2" HEIGHT="39" WIDTH="27" VPOS="3087" HPOS="415"/>
<SP HEIGHT="48" WIDTH="27" VPOS="3087" HPOS="443"/>
<String CONTENT="p." HEIGHT="38" WIDTH="43" VPOS="3097" HPOS="471"/>
<SP/>
<String CS="1" CONTENT="l.," HEIGHT="17" WIDTH="9" VPOS="3117" HPOS="578"/>
<SP HEIGHT="37" WIDTH="28" VPOS="3097" HPOS="588"/>
<String CONTENT="xi-xvi," HEIGHT="50" WIDTH="182" VPOS="3084" HPOS="617"/>
<SP HEIGHT="50" WIDTH="25" VPOS="3083" HPOS="800"/>
<String CONTENT="115" HEIGHT="40" WIDTH="87" VPOS="3083" HPOS="826"/>
<SP HEIGHT="49" WIDTH="25" VPOS="3083" HPOS="914"/>
<String CONTENT="p." HEIGHT="38" WIDTH="44" VPOS="3094" HPOS="940"/>
<SP HEIGHT="41" WIDTH="57" VPOS="3083" HPOS="985"/>
<String CONTENT="22" HEIGHT="40" WIDTH="57" VPOS="3083" HPOS="1043"/>
<String STYLE="superscript" CONTENT="cm" HEIGHT="22" WIDTH="44" VPOS="3085" HPOS="1103"/>
<String CONTENT="." HEIGHT="9" WIDTH="9" VPOS="3114" HPOS="1152"/>
</TextLine>
<TextLine HEIGHT="39" WIDTH="186" VPOS="3145" HPOS="416">
<String CONTENT="Poems." HEIGHT="39" WIDTH="186" VPOS="3145" HPOS="416"/>
</TextLine>
<TextLine HEIGHT="56" WIDTH="1787" VPOS="3209" HPOS="343" CS="1">
<String CONTENT="&#169;" HEIGHT="53" WIDTH="54" VPOS="3212" HPOS="343"/>
<SP HEIGHT="53" WIDTH="25" VPOS="3212" HPOS="398"/>
<String CONTENT="Apr." HEIGHT="48" WIDTH="114" VPOS="3216" HPOS="424"/>
<SP HEIGHT="40" WIDTH="28" VPOS="3216" HPOS="539"/>
<String CONTENT="1," HEIGHT="47" WIDTH="39" VPOS="3216" HPOS="568"/>
<SP HEIGHT="48" WIDTH="29" VPOS="3215" HPOS="608"/>
<String CS="1" CONTENT="1936;" HEIGHT="43" WIDTH="119" VPOS="3212" HPOS="638"/>
<SP HEIGHT="48" WIDTH="28" VPOS="3213" HPOS="781"/>
<String CONTENT="2c." HEIGHT="41" WIDTH="68" VPOS="3213" HPOS="810"/>
<SP HEIGHT="30" WIDTH="27" VPOS="3223" HPOS="879"/>
<String CONTENT="and" HEIGHT="39" WIDTH="97" VPOS="3213" HPOS="907"/>
<SP HEIGHT="39" WIDTH="28" VPOS="3213" HPOS="1005"/>
<String CONTENT="aff." HEIGHT="41" WIDTH="82" VPOS="3212" HPOS="1034"/>
<SP HEIGHT="40" WIDTH="30" VPOS="3213" HPOS="1117"/>
<String CONTENT="June" HEIGHT="41" WIDTH="125" VPOS="3212" HPOS="1148"/>
<SP HEIGHT="42" WIDTH="29" VPOS="3210" HPOS="1274"/>
<String CONTENT="8;" HEIGHT="49" WIDTH="52" VPOS="3210" HPOS="1304"/>
<SP HEIGHT="47" WIDTH="33" VPOS="3212" HPOS="1357"/>
<!-- cceid 9E9AB78F-6E3A-1014-83DD-942C093A1DD9 --><String CONTENT="A" HEIGHT="39" WIDTH="40" VPOS="3212" HPOS="1391"/>
<SP HEIGHT="40" WIDTH="27" VPOS="3211" HPOS="1432"/>
<String CONTENT="94802;" HEIGHT="47" WIDTH="172" VPOS="3211" HPOS="1460"/>
<SP HEIGHT="45" WIDTH="35" VPOS="3213" HPOS="1633"/>
<String CONTENT="Suttonhouse," HEIGHT="50" WIDTH="343" VPOS="3212" HPOS="1669"/>
<SP HEIGHT="45" WIDTH="30" VPOS="3216" HPOS="2013"/>
<String CONTENT="ltd." HEIGHT="39" WIDTH="86" VPOS="3216" HPOS="2044"/>
</TextLine>
<TextLine HEIGHT="48" WIDTH="283" VPOS="3272" HPOS="424">
<String CONTENT="(36-12051)" HEIGHT="48" WIDTH="283" VPOS="3272" HPOS="424"/>
</TextLine>
<TextLine HEIGHT="67" WIDTH="1006" VPOS="3372" HPOS="343" STYLEREFS="StyleId-E65FB7A7-F121-46A9-AD91-76C9CDA3F1F1-">
<String CONTENT="Eames," HEIGHT="65" WIDTH="234" VPOS="3374" HPOS="343"/>
<SP HEIGHT="64" WIDTH="24" VPOS="3375" HPOS="578"/>
<String CONTENT="Arthur" HEIGHT="54" WIDTH="235" VPOS="3374" HPOS="603"/>
<SP HEIGHT="54" WIDTH="23" VPOS="3373" HPOS="839"/>
<String CONTENT="Johnson," HEIGHT="60" WIDTH="286" VPOS="3373" HPOS="863"/>
<SP HEIGHT="54" WIDTH="25" VPOS="3379" HPOS="1150"/>
<String CONTENT="1881-" HEIGHT="53" WIDTH="173" VPOS="3377" HPOS="1176"/>
</TextLine>
<TextLine HEIGHT="77" WIDTH="1939" VPOS="3446" HPOS="413" STYLEREFS="StyleId-E65FB7A7-F121-46A9-AD91-76C9CDA3F1F1-">
<String CONTENT="Morphology" HEIGHT="72" WIDTH="388" VPOS="3449" HPOS="413"/>
<SP HEIGHT="51" WIDTH="25" VPOS="3468" HPOS="802"/>
<String CONTENT="of" HEIGHT="53" WIDTH="64" VPOS="3450" HPOS="828"/>
<SP HEIGHT="53" WIDTH="26" VPOS="3450" HPOS="893"/>
<String CONTENT="vascular" HEIGHT="53" WIDTH="261" VPOS="3451" HPOS="920"/>
<SP HEIGHT="50" WIDTH="27" VPOS="3469" HPOS="1182"/>
<String CONTENT="plants," HEIGHT="69" WIDTH="209" VPOS="3450" HPOS="1210"/>
<SP HEIGHT="65" WIDTH="27" VPOS="3451" HPOS="1420"/>
<String CONTENT="lower" HEIGHT="52" WIDTH="171" VPOS="3451" HPOS="1448"/>
<SP HEIGHT="50" WIDTH="25" VPOS="3469" HPOS="1620"/>
<String CONTENT="groups" HEIGHT="52" WIDTH="214" VPOS="3468" HPOS="1646"/>
<SP HEIGHT="66" WIDTH="37" VPOS="3453" HPOS="1861"/>
<String CONTENT="(Psilophytales" HEIGHT="70" WIDTH="453" VPOS="3450" HPOS="1899"/>
</TextLine>
<TextLine HEIGHT="74" WIDTH="2007" VPOS="3525" HPOS="344" STYLEREFS="StyleId-E65FB7A7-F121-46A9-AD91-76C9CDA3F1F1-" CS="1">
<String CONTENT="to" HEIGHT="49" WIDTH="57" VPOS="3535" HPOS="345"/>
<SP HEIGHT="52" WIDTH="28" VPOS="3532" HPOS="402"/>
<String CONTENT="Filicales)" HEIGHT="71" WIDTH="300" VPOS="3528" HPOS="430"/>
<SP HEIGHT="69" WIDTH="39" VPOS="3529" HPOS="730"/>
<String CONTENT="by" HEIGHT="68" WIDTH="74" VPOS="3529" HPOS="769"/>
<SP HEIGHT="67" WIDTH="31" VPOS="3530" HPOS="843"/>
<String CONTENT="Arthur" HEIGHT="54" WIDTH="226" VPOS="3529" HPOS="874"/>
<SP HEIGHT="55" WIDTH="26" VPOS="3531" HPOS="1100"/>
<String CONTENT="J." HEIGHT="55" WIDTH="57" VPOS="3531" HPOS="1126"/>
<SP HEIGHT="52" WIDTH="35" VPOS="3531" HPOS="1183"/>
<String CONTENT="Eames" HEIGHT="55" WIDTH="206" VPOS="3530" HPOS="1218"/>
<SP HEIGHT="34" WIDTH="34" VPOS="3550" HPOS="1425"/>
<String CS="1" CONTENT="&#8230;"/>
<SP HEIGHT="51" WIDTH="81" VPOS="3533" HPOS="1517"/>
<String CONTENT="1st" HEIGHT="51" WIDTH="86" VPOS="3533" HPOS="1599"/>
<SP HEIGHT="49" WIDTH="25" VPOS="3535" HPOS="1686"/>
<String CONTENT="ed." HEIGHT="55" WIDTH="86" VPOS="3530" HPOS="1711"/>
<SP HEIGHT="53" WIDTH="76" VPOS="3532" HPOS="1798"/>
<String CONTENT="New" HEIGHT="53" WIDTH="137" VPOS="3532" HPOS="1875"/>
<SP HEIGHT="52" WIDTH="33" VPOS="3532" HPOS="2013"/>
<String CONTENT="York" HEIGHT="52" WIDTH="160" VPOS="3532" HPOS="2047"/>
<SP HEIGHT="54" WIDTH="29" VPOS="3532" HPOS="2208"/>
<String CONTENT="and" HEIGHT="57" WIDTH="113" VPOS="3530" HPOS="2238"/>
</TextLine>
<TextLine HEIGHT="73" WIDTH="1614" VPOS="3605" HPOS="345" STYLEREFS="StyleId-E65FB7A7-F121-46A9-AD91-76C9CDA3F1F1-">
<String CONTENT="London," HEIGHT="66" WIDTH="257" VPOS="3610" HPOS="345"/>
<SP HEIGHT="68" WIDTH="37" VPOS="3608" HPOS="603"/>
<String CONTENT="McGraw-Hill" HEIGHT="57" WIDTH="434" VPOS="3607" HPOS="641"/>
<SP HEIGHT="55" WIDTH="37" VPOS="3608" HPOS="1076"/>
<String CONTENT="book" HEIGHT="53" WIDTH="147" VPOS="3608" HPOS="1114"/>
<SP HEIGHT="54" WIDTH="38" VPOS="3608" HPOS="1262"/>
<String CONTENT="company," HEIGHT="50" WIDTH="298" VPOS="3626" HPOS="1301"/>
<SP HEIGHT="65" WIDTH="39" VPOS="3611" HPOS="1600"/>
<String CONTENT="inc.," HEIGHT="65" WIDTH="127" VPOS="3611" HPOS="1640"/>
<SP HEIGHT="63" WIDTH="41" VPOS="3613" HPOS="1768"/>
<String CONTENT="1936." HEIGHT="49" WIDTH="149" VPOS="3613" HPOS="1810"/>
</TextLine>
<TextLine HEIGHT="115" WIDTH="2006" VPOS="3664" HPOS="346" CS="1">
<String CONTENT="xviii," HEIGHT="49" WIDTH="136" VPOS="3681" HPOS="417"/>
<SP HEIGHT="48" WIDTH="30" VPOS="3682" HPOS="554"/>
<String CONTENT="433" HEIGHT="40" WIDTH="87" VPOS="3682" HPOS="585"/>
<SP HEIGHT="48" WIDTH="33" VPOS="3682" HPOS="673"/>
<String CONTENT="p." HEIGHT="38" WIDTH="44" VPOS="3692" HPOS="707"/>
<SP HEIGHT="41" WIDTH="34" VPOS="3681" HPOS="752"/>
<String CONTENT="incl." HEIGHT="43" WIDTH="109" VPOS="3681" HPOS="787"/>
<SP HEIGHT="44" WIDTH="32" VPOS="3680" HPOS="897"/>
<String CONTENT="front.," HEIGHT="49" WIDTH="165" VPOS="3680" HPOS="930"/>
<SP HEIGHT="48" WIDTH="36" VPOS="3681" HPOS="1096"/>
<String CONTENT="illus.," HEIGHT="50" WIDTH="143" VPOS="3680" HPOS="1133"/>
<SP HEIGHT="48" WIDTH="36" VPOS="3681" HPOS="1277"/>
<String CONTENT="diagrs." HEIGHT="48" WIDTH="179" VPOS="3681" HPOS="1314"/>
<SP HEIGHT="55" WIDTH="51" VPOS="3666" HPOS="1494"/>
<String CS="1" CONTENT="23&#189;" HEIGHT="42" WIDTH="55" VPOS="3681" HPOS="1554"/>
<String STYLE="superscript" CONTENT="cm" HEIGHT="22" WIDTH="45" VPOS="3684" HPOS="1642"/>
<String CONTENT="." HEIGHT="10" WIDTH="10" VPOS="3713" HPOS="1691"/>
<SP/>
<String CONTENT="(Half-title:" HEIGHT="50" WIDTH="303" VPOS="3681" HPOS="1771"/>
<SP HEIGHT="39" WIDTH="33" VPOS="3683" HPOS="2075"/>
<String CONTENT="McGraw-Hill" HEIGHT="98" WIDTH="2006" VPOS="3681" HPOS="346"/>
</TextLine>
<TextLine HEIGHT="58" WIDTH="1872" VPOS="3732" HPOS="481">
<String CONTENT="publications" HEIGHT="52" WIDTH="328" VPOS="3735" HPOS="481"/>
<SP HEIGHT="40" WIDTH="28" VPOS="3738" HPOS="810"/>
<String CONTENT="in" HEIGHT="40" WIDTH="51" VPOS="3738" HPOS="839"/>
<SP HEIGHT="38" WIDTH="30" VPOS="3741" HPOS="891"/>
<String CONTENT="the" HEIGHT="39" WIDTH="82" VPOS="3740" HPOS="922"/>
<SP HEIGHT="29" WIDTH="29" VPOS="3750" HPOS="1005"/>
<String CONTENT="agricultural" HEIGHT="50" WIDTH="322" VPOS="3737" HPOS="1035"/>
<SP HEIGHT="40" WIDTH="30" VPOS="3739" HPOS="1358"/>
<String CONTENT="and" HEIGHT="40" WIDTH="95" VPOS="3742" HPOS="1389"/>
<SP HEIGHT="43" WIDTH="30" VPOS="3739" HPOS="1485"/>
<String CONTENT="botanical" HEIGHT="41" WIDTH="244" VPOS="3739" HPOS="1516"/>
<SP HEIGHT="39" WIDTH="32" VPOS="3740" HPOS="1761"/>
<String CONTENT="sciences," HEIGHT="49" WIDTH="227" VPOS="3739" HPOS="1794"/>
<SP HEIGHT="47" WIDTH="32" VPOS="3740" HPOS="2022"/>
<String CONTENT="E." HEIGHT="41" WIDTH="53" VPOS="3740" HPOS="2055"/>
<SP HEIGHT="41" WIDTH="35" VPOS="3740" HPOS="2109"/>
<String CONTENT="W." HEIGHT="41" WIDTH="68" VPOS="3740" HPOS="2145"/>
<SP HEIGHT="40" WIDTH="35" VPOS="3741" HPOS="2214"/>
<String CONTENT="Sin-" HEIGHT="42" WIDTH="103" VPOS="3739" HPOS="2250"/>
</TextLine>
<TextLine HEIGHT="50" WIDTH="642" VPOS="3796" HPOS="344">
<String CONTENT="nott," HEIGHT="48" WIDTH="122" VPOS="3798" HPOS="344"/>
<SP HEIGHT="38" WIDTH="29" VPOS="3808" HPOS="467"/>
<String CONTENT="consulting" HEIGHT="50" WIDTH="279" VPOS="3796" HPOS="497"/>
<SP HEIGHT="38" WIDTH="25" VPOS="3807" HPOS="777"/>
<String CONTENT="editor)" HEIGHT="48" WIDTH="183" VPOS="3796" HPOS="803"/>
</TextLine>
<TextLine HEIGHT="112" WIDTH="1987" VPOS="3849" HPOS="345" CS="1">
<String CONTENT="Bibliography" HEIGHT="51" WIDTH="352" VPOS="3851" HPOS="417"/>
<SP HEIGHT="36" WIDTH="30" VPOS="3864" HPOS="770"/>
<String CONTENT="at" HEIGHT="39" WIDTH="54" VPOS="3855" HPOS="801"/>
<SP HEIGHT="39" WIDTH="27" VPOS="3855" HPOS="856"/>
<String CONTENT="end" HEIGHT="40" WIDTH="92" VPOS="3854" HPOS="884"/>
<SP HEIGHT="39" WIDTH="30" VPOS="3854" HPOS="977"/>
<String CONTENT="of" HEIGHT="41" WIDTH="52" VPOS="3852" HPOS="1008"/>
<SP HEIGHT="41" WIDTH="29" VPOS="3852" HPOS="1061"/>
<String CONTENT="each" HEIGHT="40" WIDTH="118" VPOS="3854" HPOS="1091"/>
<SP HEIGHT="41" WIDTH="32" VPOS="3854" HPOS="1210"/>
<String CONTENT="chapter" HEIGHT="50" WIDTH="202" VPOS="3852" HPOS="1243"/>
<SP HEIGHT="30" WIDTH="29" VPOS="3863" HPOS="1446"/>
<String CONTENT="except" HEIGHT="47" WIDTH="171" VPOS="3855" HPOS="1476"/>
<SP HEIGHT="39" WIDTH="28" VPOS="3855" HPOS="1648"/>
<String CONTENT="one;" HEIGHT="36" WIDTH="116" VPOS="3864" HPOS="1677"/>
<SP HEIGHT="46" WIDTH="34" VPOS="3854" HPOS="1794"/>
<String CONTENT="&#8220;General" HEIGHT="42" WIDTH="238" VPOS="3853" HPOS="1829"/>
<SP HEIGHT="41" WIDTH="26" VPOS="3854" HPOS="2068"/>
<String CS="1" CONTENT="bibliography&#8221;:" HEIGHT="107" WIDTH="1987" VPOS="3854" HPOS="345"/>
<SP HEIGHT="39" WIDTH="29" VPOS="3921" HPOS="500"/>
<String CONTENT="p." HEIGHT="39" WIDTH="45" VPOS="3921" HPOS="530"/>
<SP HEIGHT="41" WIDTH="26" VPOS="3911" HPOS="576"/>
<String CONTENT="411." HEIGHT="41" WIDTH="103" VPOS="3911" HPOS="603"/>
</TextLine>
<TextLine HEIGHT="58" WIDTH="2009" VPOS="3972" HPOS="343">
<String CONTENT="&#169;" HEIGHT="53" WIDTH="54" VPOS="3976" HPOS="343"/>
<SP HEIGHT="53" WIDTH="31" VPOS="3976" HPOS="398"/>
<String CONTENT="May" HEIGHT="48" WIDTH="113" VPOS="3980" HPOS="430"/>
<SP HEIGHT="47" WIDTH="28" VPOS="3981" HPOS="544"/>
<String CONTENT="29," HEIGHT="50" WIDTH="70" VPOS="3979" HPOS="573"/>
<SP HEIGHT="47" WIDTH="32" VPOS="3982" HPOS="644"/>
<String CONTENT="1936;" HEIGHT="49" WIDTH="141" VPOS="3980" HPOS="677"/>
<SP HEIGHT="46" WIDTH="33" VPOS="3982" HPOS="819"/>
<String CONTENT="2c." HEIGHT="40" WIDTH="66" VPOS="3982" HPOS="853"/>
<SP HEIGHT="41" WIDTH="34" VPOS="3981" HPOS="920"/>
<String CONTENT="June" HEIGHT="41" WIDTH="128" VPOS="3981" HPOS="955"/>
<SP HEIGHT="40" WIDTH="29" VPOS="3982" HPOS="1084"/>
<String CONTENT="1;" HEIGHT="47" WIDTH="52" VPOS="3982" HPOS="1114"/>
<SP HEIGHT="37" WIDTH="33" VPOS="3992" HPOS="1167"/>
<String CONTENT="aff." HEIGHT="41" WIDTH="82" VPOS="3981" HPOS="1201"/>
<SP HEIGHT="39" WIDTH="33" VPOS="3983" HPOS="1284"/>
<String CONTENT="June" HEIGHT="39" WIDTH="126" VPOS="3983" HPOS="1318"/>
<SP HEIGHT="39" WIDTH="28" VPOS="3983" HPOS="1445"/>
<String CONTENT="4;" HEIGHT="45" WIDTH="54" VPOS="3983" HPOS="1474"/>
<SP HEIGHT="46" WIDTH="33" VPOS="3982" HPOS="1529"/>
<!-- cceid 9E9B45E9-6E3A-1014-83DD-942C093A1DD9 --><String CONTENT="A" HEIGHT="39" WIDTH="40" VPOS="3982" HPOS="1563"/>
<SP HEIGHT="40" WIDTH="30" VPOS="3981" HPOS="1604"/>
<String CONTENT="95533;" HEIGHT="48" WIDTH="172" VPOS="3980" HPOS="1635"/>
<SP HEIGHT="44" WIDTH="34" VPOS="3983" HPOS="1808"/>
<String CONTENT="McGraw-Hill" HEIGHT="43" WIDTH="350" VPOS="3981" HPOS="1843"/>
<SP HEIGHT="39" WIDTH="34" VPOS="3982" HPOS="2194"/>
<String CONTENT="book" HEIGHT="41" WIDTH="123" VPOS="3981" HPOS="2229"/>
</TextLine>
<TextLine HEIGHT="51" WIDTH="563" VPOS="4036" HPOS="414">
<String CONTENT="co.," HEIGHT="37" WIDTH="84" VPOS="4048" HPOS="414"/>
<SP HEIGHT="48" WIDTH="32" VPOS="4037" HPOS="498"/>
<String CONTENT="inc." HEIGHT="43" WIDTH="91" VPOS="4037" HPOS="530"/>
<SP HEIGHT="49" WIDTH="73" VPOS="4038" HPOS="621"/>
<String CONTENT="(36-11897)" HEIGHT="50" WIDTH="283" VPOS="4037" HPOS="694"/>
</TextLine>
</TextBlock>
</PrintSpace>
</Page>
</Layout>
</alto>