2519 4377
1379 4073 64 49 96

471 402 1949 72 … Indiana poets ; foreword by E. Merrill Root ; edited by the
478 480 1838 72 house of Henry Harrison, publisher. New York [ c 1935]
482 570 83 41 160
592 581 44 39 p.
698 568 148 41 22½cm.

482 642 62 40 At
573 642 126 40 head
731 640 52 42 of
810 640 110 41 title
938 652 9 29 :
981 640 75 40 An
1086 639 263 50 anthology
1382 640 52 41 of
1461 640 58 41 48
1549 641 155 50 living
1731 640 209 41 writers.

406 709 53 53 ©
487 715 112 39 Dec.
625 714 71 48 31,
726 712 141 48 1935;
899 713 67 40 2c.
996 712 111 40 Jan.
1137 711 71 48 22,
1237 710 140 49 1936;
1411 712 82 40 aff.
1523 712 110 40 Jan.
1662 712 83 46 23;
1778 712 40 39 A
1849 709 171 48 90652;
2054 710 168 48 Henry
477 708 1928 110 Harrison,
606 772 120 39 New
752 771 145 40 York.
964 768 253 49 (36-4318)

472 870 1910 72 … Iowa poets; frontispiece by Grant Wood; literary map by
479 947 1919 151 Harriet Macy ; edited by the house of Henry Harrison, publisher. New York [ c 1935]
479 1117 87 41 221
595 1128 44 38 p.
673 1117 111 40 incl.
816 1115 152 42 front.
1027 1115 148 50 22½cm.

480 1186 64 42 At
579 1187 127 41 head
743 1187 51 40 of
829 1187 110 41 title
957 1198 8 28 :
1006 1187 74 39 An
1118 1186 264 49 anthology
1420 1187 51 40 of
1509 1186 57 41 69
1601 1186 414 49 contemporaries
2032 1196 9 36 ;
2081 1185 243 42 foreword
2363 1187 60 47 by

409 1243 96 50 Jay
535 1245 54 41 G.
621 1244 250 50 Sigmund.

483 1301 257 50 “Literary
765 1312 114 40 map
906 1302 53 41 of
985 1301 164 42 Iowa”
1177 1311 61 31 on
1265 1302 363 49 lining-papers.

406 1371 53 53 ©
487 1376 112 39 Dec.
629 1375 70 48 15,
729 1374 141 47 1935;
901 1373 67 41 2c.
999 1375 110 39 Jan.
1139 1373 70 49 22,
1238 1373 140 48 1936;
1412 1374 81 41 aff.
1526 1375 107 39 Jan.
1665 1374 83 46 23;
1781 1374 40 38 A
1848 1372 173 48 90656;
2055 1374 168 46 Henry
479 1372 1928 108 Harrison,
604 1433 118 39 New
747 1433 145 38 York.
956 1431 254 48 (36-4326)

408 1534 199 66 Irwin,
636 1534 276 67 Wallace,
945 1536 174 55 1876-

481 1627 214 69 Young
738 1624 154 70 wife,
936 1625 76 70 by
1054 1625 257 55 Wallace
1351 1625 200 54 Irwin.
1632 1625 141 53 New
1817 1624 182 69 York,
2043 1624 262 71 London,
2348 1625 74 53 D.

406 1703 586 70 Appleton-Century
1020 1721 300 52 company,
1349 1704 421 68 incorporated,
1802 1706 152 51 1936.

477 1791 26 41 3
531 1802 44 38 p.
640 1822 8 17 l.,
678 1789 89 42 310
791 1800 46 38 p.
896 1789 118 41 20cm.

479 1860 147 42 “This
665 1862 141 40 novel
846 1871 103 30 was
985 1861 259 48 published
1283 1861 199 49 serially
1521 1862 155 40 under
1712 1862 84 40 the
1836 1861 109 42 title
1963 1872 11 30 :
2020 1861 94 43 She
2154 1864 141 40 made
2336 1863 86 41 her

405 1916 135 43 bed.”

406 1988 52 53 ©
496 1992 109 41 Feb.
644 1994 70 46 14,
749 1992 119 41 1936
883 2005 7 31 ;
929 1993 68 40 2c.
1036 1993 111 40 Feb.
1186 1994 55 39 17
1259 2005 8 31 ;
1308 1993 81 40 aff.
1428 1994 110 40 Feb.
1651 2005 8 30 18:
1698 1995 42 38 A
1775 1994 149 41 90840
1939 2006 8 29 :
1989 1996 72 39 W.
2100 1995 164 46 Irwin,
2305 1997 123 38 East

480 2050 250 48 Setauket,
756 2051 137 48 Long
914 2051 183 47 Island,
1121 2051 56 39 N.
1202 2051 54 40 Y.
1319 2050 252 48 (36-4465)

409 2156 221 65 James,
660 2157 151 56 Dan.

478 2245 1946 73 Rustlers on the Smoky trail, by Dan James … New York,
409 2325 250 55 Godwin
693 2360 13 34 [
711 2332 18 22 c
735 2328 153 66 1936]

480 2414 87 41 287
594 2425 45 39 p.
700 2412 147 42 19½cm.

406 2481 52 53 ©
492 2485 111 40 Feb.
635 2485 41 48 3,
710 2483 118 42 1936
843 2496 8 36 ;
886 2484 67 41 2c.
988 2485 111 40 Feb.
1134 2485 55 40 17
1207 2495 9 37 ;
1251 2484 82 41 aff.
1369 2485 108 39 Feb.
1513 2484 25 40 6
1556 2495 9 36 ;
1601 2485 40 39 A
1674 2484 144 41 91791
1837 2496 9 36 ;
1881 2484 219 49 Godwin,
2135 2485 289 50 publishers.

487 2542 253 48 (36-4301)

407 2644 301 67 Jameson,
737 2647 219 64 Storm,
988 2647 173 55 1897-

481 2738 73 51 In
594 2737 97 53 the
734 2737 203 53 second
978 2755 154 48 year,
1174 2736 75 67 by
1293 2734 195 56 Storm
1528 2737 287 54 Jameson.
1895 2737 140 53 New
2078 2737 181 67 York,
2302 2737 123 52 The

409 2815 336 53 Macmillan
770 2834 300 48 company,
1097 2818 150 51 1936.

475 2889 27 40 5
527 2901 42 37 p.
635 2921 8 16 l.,
671 2888 145 42 3-3.11
843 2901 43 37 p.
939 2888 147 41 20½cm.

407 2956 52 52 ©
486 2960 111 40 Feb.
623 2961 70 46 18,
719 2958 114 42 1936
852 2970 8 37 ;
887 2959 67 41 2c.
981 2961 97 39 and
1104 2959 81 40 aff.
1214 2959 111 40 Feb.
1352 2958 55 40 19
1426 2969 9 37 ;
1463 2959 40 39 A
1530 2958 143 41 91841
1692 2968 9 37 ;
1731 2959 282 39 Macmillan
2041 2970 68 29 co.
2246 2958 87 43 607

472 3060 1949 70 … Kansas poets; foreword by May Williams Ward; edited
481 3140 75 68 by
602 3140 96 52 the
744 3140 175 53 house
965 3139 64 54 of
1077 3139 205 70 Henry
1328 3137 303 70 Harrison,
1678 3138 313 69 publisher.
2074 3139 139 54 New
2263 3140 162 52 York

525 3221 155 64 [c1935]

479 3291 27 40 8
531 3303 43 38 p.
638 3324 8 15 l.,
673 3290 175 41 19-207
874 3302 44 38 p.
972 3290 148 44 22½cm.

481 3348 63 40 At
569 3349 127 40 head
722 3349 51 40 of
798 3348 112 41 title
925 3360 9 28 :
964 3350 73 39 An
1062 3348 265 50 anthology
1355 3349 51 40 of
1431 3349 56 40 63
1513 3349 424 48 contemporaries.

405 3416 53 53 ©
488 3422 110 39 Dec.
628 3421 70 47 31,
728 3421 115 40 1935
862 3432 8 35 ;
901 3421 68 40 2c.
1000 3422 109 39 Jan.
1139 3421 69 48 22,
1235 3421 119 40 1936
1368 3432 9 37 ;
1410 3419 81 42 aff.
1524 3421 107 40 Jan.
1663 3421 54 39 23
1736 3431 9 36 ;
1777 3422 40 37 A
1848 3420 148 40 90659
2011 3431 8 32 ;
2053 3422 169 47 Henry
475 3422 1929 103 Harrison,
602 3479 119 39 New
749 3479 145 39 York.
962 3477 252 50 (36-4328)

409 3582 316 65 Kempton,
754 3583 281 53 Kenneth
1063 3583 255 66 Payson,
1351 3590 169 49 1891-

478 3669 115 59 Old
642 3688 132 34 man
825 3669 314 71 Greenlaw,
1187 3672 74 68 by
1309 3671 268 54 Kenneth
1624 3671 227 70 Payson
1899 3670 306 69 Kempton.
2284 3673 134 53 New

415 3748 173 67 York,
622 3749 214 52 Farrar
869 3748 111 52 and
1012 3748 298 72 Rinehart,
1341 3749 398 69 incorporated
1779 3785 13 33 [
1798 3756 16 21 c
1821 3751 132 50 1936
1961 3783 13 34 ]

479 3818 25 38 5
533 3829 42 37 p.
639 3850 9 15 l.,
678 3819 144 41 3-303
852 3830 43 38 p.
956 3819 116 42 20cm.

478 3876 290 40 Illustrated
795 3878 96 46 t.-p.

405 3943 53 53 ©
496 3948 109 40 Feb.
643 3948 68 44 10,
747 3950 141 46 1936;
927 3951 67 39 2c.
1033 3950 109 40 Feb.
1179 3951 82 42 12;
1302 3951 81 41 aff.
1423 3953 110 40 Feb.
1568 3953 82 41 11:
1689 3952 39 38 A
1766 3951 170 43 91709;
1978 3952 58 40 K.
2076 3953 49 40 P.
2164 3953 256 47 Kempton,

474 4005 337 48 Newtonville,
837 4007 146 40 Mass.
1046 4007 253 49 (36-4087)
