2519 4377
1023 4103 132 52 1067

96 466 222 59 Mason,
348 462 131 53 Van
508 459 205 65 Wyck,
747 461 170 53 1897-

226 529 1868 72 … The seven seas murders; four cases in the career of Captain
97 616 204 56 North.
367 614 232 55 Garden
631 612 153 69 City,
815 613 69 53 N.
920 612 92 68 Y.,
1041 611 142 54 Pub.
1217 610 93 54 for
1338 610 98 53 the
1467 609 189 55 Crime
1686 609 147 68 club,
1861 609 129 67 inc.,
2019 609 75 69 by

96 694 354 66 Doubleday,
478 692 199 52 Doran
702 693 46 50 &
772 707 297 51 company,
1097 690 126 67 inc.,
1252 691 151 51 1936.

168 767 28 41 6
225 778 43 37 p.
298 767 45 46 1.,
375 765 147 42 3-309
554 775 44 39 p.
658 763 59 42 20
718 766 44 22 cm
766 796 10 9 .

169 823 161 40 “First
364 820 227 43 edition.”

509 878 248 47 CONTENTS.—Shanghai
794 876 442 48 sanctuary.—The
1272 875 415 48 repeater.—Port
1722 875 52 40 of
1806 874 288 49 intrigue.—

98 938 100 39 The
228 935 265 42 munitions
521 934 111 50 ship
659 934 236 42 murders.

91 991 53 52 ©
176 994 114 46 July
324 993 67 48 24,
426 992 139 46 1836;
601 992 68 39 2c.
703 991 95 39 and
832 991 80 39 aff.
947 992 120 46 Aug.
1101 991 81 46 14;
1219 991 40 38 A
1291 988 171 48 96924;
1500 990 50 40 F.
1582 991 106 39 Van
1723 990 151 47 Wyck
1909 991 185 46 Mason,

162 1049 281 41 Baltimore.
509 1048 280 49 (36-17948)

93 1139 275 64 Merrick,
393 1138 229 64 Lesley.

161 1214 56 53 A
242 1215 149 69 good
419 1213 153 70 time,
597 1213 78 69 by
702 1212 202 69 Lesley
931 1210 267 55 Merrick.
1286 1211 140 54 [New
1457 1210 180 69 York]
1674 1211 69 55 E.
1772 1212 66 54 P.
1868 1212 226 53 Dutton

91 1292 512 68 & co., inc. [ c 1936]
161 1365 86 40 217
275 1375 43 38 p.
378 1364 56 39 21
437 1366 44 22 cm
485 1396 10 10 .

165 1421 74 39 An
268 1422 204 40 account
501 1421 53 40 of
582 1422 83 39 the
698 1419 218 42 author’s
947 1421 97 47 trip
1073 1420 187 40 around
1292 1420 85 41 the
1407 1419 153 41 world
1590 1418 123 42 with
1741 1419 87 41 her
1858 1418 181 42 father.

166 1477 162 42 “First
358 1476 225 42 edition.”

92 1531 54 53 ©
174 1536 115 46 July
316 1535 69 46 24,
416 1534 140 48 1936;
584 1535 67 39 2c.
682 1534 94 39 and
806 1534 80 39 aff.
918 1534 114 47 July
1061 1534 82 47 25;
1174 1536 40 38 A
1243 1533 171 47 96730;
1447 1536 52 37 E.
1530 1535 50 39 P.
1611 1535 186 39 Dutton
1828 1534 35 40 &
1892 1543 83 38 co.,
2004 1534 91 39 inc.

174 1592 278 49 (36-17804)

96 1684 345 61 Naramore,
468 1682 327 54 Elisabeth.

163 1757 261 55 William
450 1757 113 53 and
589 1756 91 54 his
706 1755 250 70 friends;
986 1775 32 35 a
1044 1774 186 52 group
1259 1755 64 55 of
1346 1756 231 54 notable
1602 1762 283 50 creatures
1912 1756 63 53 in
2000 1756 96 54 the

95 1834 411 70 Metropolitan
547 1853 258 35 museum
848 1833 65 55 of
955 1839 108 63 art,
1106 1834 215 54 herded
1368 1834 262 70 together
1676 1834 75 69 by
1798 1832 299 55 Elisabeth

94 1912 328 54 Naramore.
484 1912 141 54 New
651 1911 182 70 York,
861 1912 120 53 The
1006 1910 222 72 Viking
1254 1930 176 51 press,
1459 1914 151 51 1936.

171 1985 84 51 [28]
285 1995 43 39 p.
389 1985 127 41 illus.
577 1986 56 40 18½c
667 1987 43 23 m
715 2021 9 10 .

166 2041 286 42 Illustrated
479 2046 98 45 t.-p.

97 2097 53 52 ©
189 2101 115 46 July
343 2101 69 46 24,
453 2100 140 47 1936;
634 2100 69 41 2c.
744 2101 115 46 July
899 2100 82 48 24;
1026 2101 80 39 aff.
1148 2100 115 47 July
1302 2101 81 47 25;
1427 2101 40 38 A
1507 2099 170 49 97126;
1722 2102 52 39 E.
1815 2101 285 47 Naramore,

166 2158 279 46 Hartsdale,
481 2159 55 39 N.
572 2158 53 40 Y.
700 2156 280 50 (36-17795)

98 2248 288 64 Navarro,
415 2249 167 52 Mme.
611 2248 173 63 Mary
814 2246 373 67 (Anderson)
1222 2247 87 63 de,
1342 2252 169 50 1859-

175 2325 290 53 Incidents
520 2326 125 52 that
700 2326 143 51 have
895 2325 306 52 interested
1253 2344 87 33 me
1418 2325 92 67 [by]
1569 2326 169 66 Mary
1791 2325 303 52 Anderson

109 2404 291 65 (Madame
428 2404 67 52 de
524 2404 289 66 Navarro)
902 2403 361 66 [Instalment
1291 2408 47 61 5]

173 2477 76 47 (In
291 2472 134 44 Good
462 2471 385 53 housekeeping,
885 2471 132 53 July,
1058 2473 142 49 1936)

97 2528 52 53 ©1c.
267 2533 120 46 Aug.
413 2532 69 48 26,
511 2532 140 46 1936;
684 2533 41 38 A
752 2532 63 38 ad
841 2531 87 40 int.
956 2531 171 47 21786;
1158 2531 143 47 pubd.
1331 2532 128 39 June
1484 2531 83 46 30;
1600 2532 62 40 M.
1690 2532 55 40 A.
1775 2531 58 39 de
1862 2531 238 46 Navarro,

166 2589 286 47 Broadway,
486 2587 422 49 Worcestershire,
945 2588 234 47 England.

98 2663 238 65 Nelson,
364 2664 178 53 Peter
570 2663 407 64 Christopher,
1008 2668 171 50 1868-

172 2740 165 53 Bible
373 2739 312 69 doctrines;
725 2759 31 34 a
790 2740 305 53 handbook
1130 2740 64 53 of
1229 2741 358 53 Pentecostal
1624 2741 269 67 theology
1927 2740 172 53 based

100 2836 73 35 on
201 2819 95 52 the
328 2818 323 68 Scriptures
683 2819 113 52 and
830 2818 301 68 following
1161 2819 96 52 the
1286 2819 144 52 lines
1461 2818 64 53 of
1555 2819 96 53 the
1684 2818 319 55 Statement
2034 2818 63 53 of

104 2894 397 57 fundamental
535 2897 190 54 truths
757 2916 59 35 as
850 2898 248 67 adopted
1130 2897 77 69 by
1241 2898 96 52 the
1370 2896 245 57 General
1651 2896 220 56 council
1907 2896 63 54 of
2004 2898 95 53 the

103 2975 1932 69 Assemblies of God. Rev. and enl. ed., by P. C. Nelson …
102 3053 1996 69 Introduction by Superintendent E. S. Williams … Enid, Okl.,
105 3132 846 68 Southwestern press [ c 1936]
174 3204 85 41 177
289 3216 41 37 p.
391 3204 146 43 19½cm.

177 3260 146 40 “This
358 3260 151 40 series
543 3260 52 40 of
630 3261 187 40 studies
851 3260 108 41 first
995 3262 241 47 appeared
1273 3263 189 39 several
1498 3272 143 38 years
1676 3272 89 38 ago
1806 3262 51 40 in
1893 3262 208 42 Christ’s

105 3317 355 40 ambassadors’
495 3318 233 48 monthly,
765 3319 95 39 and
895 3328 83 29 are
1014 3318 247 48 reprinted
1295 3318 120 41 with
1449 3329 116 38 very
1600 3318 150 49 slight
106 3319 1994 97 revision.”—Pref.

101 3427 53 52 ©
182 3432 125 38 June
334 3431 40 47 2,
403 3431 139 42 1936;
572 3431 66 40 2c.
668 3432 126 39 June
824 3432 79 47 13;
936 3431 81 41 aff.
1047 3432 114 47 July
1192 3433 81 47 11;
1306 3434 39 38 A
1374 3432 170 48 97030;
1577 3434 49 38 P.
1659 3434 48 41 C.
1738 3434 191 45 Nelson,
1961 3432 139 49 Enid,

174 3488 104 40 Okl.
342 3488 278 47 (36-17863)

102 3562 210 64 Nevin,
344 3564 243 54 Charles
615 3564 275 64 Merrick,
924 3569 169 50 1892-

176 3640 318 68 Principles
527 3640 63 54 of
622 3641 311 53 structural
963 3641 259 69 geology,
1252 3641 76 68 by
1362 3641 236 55 Charles
1630 3641 252 53 Merrick
1914 3642 186 52 Nevin

107 3717 1966 145 … 2d ed. New York, J. Wiley & sons, inc.; London, Chapman & Hall, limited, 1936.
176 3867 26 38 2
235 3878 43 37 p.
311 3868 44 47 1.,
390 3868 171 47 iii-xii,
595 3867 86 41 348
713 3880 44 37 p.
819 3869 141 48 illus.,
995 3869 180 49 diagrs.
1237 3869 55 40 23½
1326 3872 44 21 cm
1374 3902 9 8 .
1500 3869 128 50 $3.50

178 3922 244 43 “Selected
451 3924 298 42 references”
778 3929 54 38 at
856 3927 91 40 end
975 3927 51 40 of
1051 3927 118 39 each
1196 3928 213 47 chapter.

105 3975 53 53 ©
198 3981 114 46 July
354 3982 67 45 15,
462 3981 112 39 1936;
643 3981 69 40 2c.
754 3983 114 47 July
907 3983 83 47 22;
1034 3983 81 40 aff.
1159 3983 114 47 July
1313 3984 81 41 23:
1440 3985 39 38 A
1519 3983 170 41 96593:
1734 3984 49 41 C.
1826 3986 62 40 M.
1930 3984 170 50 Nevin,

176 4036 182 47 Ithaca,
387 4038 55 39 N.
472 4038 53 39 Y.
594 4038 279 49 (36-17898)
