2519 4377
1383 4106 100 49 144

426 433 179 64 Kent,
631 432 280 58 Richard.

501 510 366 55 Counterfeit
910 511 154 67 wife,
1106 512 75 67 by
1224 513 256 53 Richard
1525 513 171 53 Kent.
1776 514 140 51 New
1961 512 181 67 York,
2183 512 260 53 Phoenix

426 608 159 49 press
617 624 12 33 [
634 596 19 21 c
659 593 136 50 1936
800 624 12 33 ]

500 663 623 48 5 p . l., 9-248 p. 19½ cm .
427 716 52 53 ©
520 722 122 39 Mar.
681 720 40 47 2,
762 719 141 48 1936;
944 720 68 41 2c.
1052 721 111 39 Feb.
1202 720 84 47 27;
1328 719 82 42 aff.
1451 721 122 39 Mar.
1612 720 83 47 25;
1739 721 41 38 A
1818 718 173 47 92476;
2035 720 218 39 Phoenix
2293 730 152 39 press.

428 809 242 65 Keown,
696 811 140 52 Mrs.
863 810 176 52 Anna
1067 809 254 64 Gordon,
1350 815 172 49 1902-

500 886 1944 68 Mr. Theobald’s devil [b у] Anna Gordon Keown. New
430 966 180 55 York,
634 969 91 53 W.
752 968 253 52 Morrow
1030 970 46 50 &
1102 984 299 49 company,
1432 970 149 50 1936.

496 1039 619 49 4 p. l., 3-314 p. 19½cm .
427 1093 52 53 ©
507 1097 111 40 Feb.
646 1098 39 47 7,
712 1097 118 40 1936;
882 1097 69 41 2c.
979 1098 95 38 and
1101 1095 82 41 aff.
1212 1096 109 40 Feb.
1352 1096 54 40 15;
1463 1097 40 38 A
1529 1095 145 41 90772;
1732 1096 53 40 A.
1816 1096 52 40 G.
1898 1096 199 48 Keown,
2127 1095 318 50 Hampstead,

499 1156 238 47 England.
812 1154 283 49 (36-27118)

427 1243 272 65 Kreider,
724 1244 147 53 Paul
895 1244 259 55 Vernon.

500 1321 382 53 Elizabethan
917 1320 176 54 comic
1130 1321 292 52 character
1458 1320 368 55 conventions
1861 1341 60 34 as
1957 1322 262 52 revealed
2255 1321 59 53 in
2350 1322 95 53 the

429 1400 279 52 comedies
746 1399 64 53 of
849 1399 222 67 George
1112 1399 320 67 Chapman,
1470 1400 34 52 by
1583 1400 148 53 Paul
1771 1401 69 53 V.
1882 1399 249 54 Kreider
2175 1443 56 9 ...
2310 1400 136 52 Ann

427 1479 211 65 Arbor,
665 1478 339 66 University
1028 1477 64 53 of
1116 1476 299 68 Michigan
1442 1497 174 47 press,
1645 1481 150 50 1935.

497 1552 66 47 xi,
605 1551 90 40 206
735 1562 42 37 p.
848 1550 59 40 24
908 1553 44 20 cm
958 1583 7 8 .
1048 1550 279 48 (Half-title;
1394 1550 283 49 University
1721 1551 53 40 of
1816 1550 248 49 Michigan
2108 1550 340 48 publications.

427 1609 265 48 Language
720 1609 97 40 and
844 1609 274 40 literature,
1177 1608 91 41 vol.
1417 1608 13 47 XVII)

500 1668 68 38 “A
611 1668 335 46 development
991 1666 53 39 of
1086 1666 189 39 certain
1319 1666 208 40 sections
1570 1666 129 40 from
1744 1677 30 29 a
1816 1665 322 41 dissertation
2182 1666 266 41 submitted

427 1725 53 38 in
514 1724 184 48 partial
732 1723 289 41 fulfillment
1055 1724 54 39 of
1143 1724 85 39 the
1262 1723 355 48 requirements
1619 1735 2 13 1
1652 1724 80 39 for
1770 1724 86 40 the
1891 1723 173 48 degree
2101 1723 56 40 of
2191 1724 170 40 doctor
2397 1723 53 41 of

425 1782 292 49 philosophy
747 1781 53 39 in
826 1782 86 39 the
941 1780 285 48 University
1257 1780 53 39 of
1339 1780 247 48 Michigan
1624 1779 516 51 [1928]”—Foreword.

498 1839 353 48 Bibliography;
911 1850 44 37 p.
991 1836 249 51 [181]-198.

428 1892 53 53 ©
509 1898 112 39 Dec.
651 1896 70 48 24,
752 1895 141 48 1935;
924 1895 67 40 2c.
1022 1897 113 38 Dec.
1164 1894 82 47 30;
1278 1895 83 40 aff.
1393 1896 107 39 Jan.
1533 1895 69 50 11,
1626 1895 145 46 1936;
1804 1895 40 39 A
1875 1893 172 49 91165;
2083 1894 284 48 University
2396 1895 53 40 of

500 1953 262 49 Michigan,
795 1954 108 38 Ann
935 1953 169 39 Arbor.
1176 1952 283 48 (36-27511)

428 2042 348 66 Lindeman,
805 2043 242 53 Eduard
1077 2042 325 63 Christian,
1433 2048 171 49 1885-

499 2119 233 56 Wealth
765 2121 47 51 &
841 2118 239 68 culture,
1112 2119 76 68 by
1222 2119 239 52 Eduard
1497 2118 63 55 C.
1593 2118 321 53 Lindeman;
1979 2137 32 34 a
2043 2119 173 69 study
2249 2119 63 52 of
2346 2137 101 34 one

429 2199 264 53 hundred
734 2197 376 54 foundations
1151 2198 113 53 and
1302 2197 353 69 community
1693 2203 177 48 trusts
1912 2198 113 52 and
2064 2197 150 54 their
427 2216 1997 116 operations

604 2278 216 69 during
842 2278 97 53 the
963 2278 208 53 decade
1200 2280 313 50 1921-1930;
1567 2276 139 53 with
1730 2281 30 49 8
1785 2277 210 69 charts,
2019 2281 30 48 3
2076 2278 234 68 graphs,
2335 2278 112 53 and

430 2357 113 53 full
576 2356 309 54 statistical
921 2356 196 53 tables.
1192 2357 139 53 New
1370 2356 179 68 York,
1585 2356 312 68 Harcourt,
1934 2357 183 53 Brace
2153 2356 113 54 and
428 2375 1996 129 company
620 2469 13 34 [
639 2442 17 21 c
663 2438 153 65 1936]

503 2508 1598 50 5 p. l., vii-ix, 135 p. incl. illus., tables, diagrs. 28½ × 22½ cm .
504 2567 179 40 “Notes
708 2578 60 29 on
795 2578 29 30 a
845 2566 296 42 foundation
1170 2565 366 49 bibliography”;
1595 2576 42 38 p.
1666 2566 158 40 51-54.

429 2619 53 53 ©
514 2624 111 41 Feb.
661 2624 69 48 20,
766 2623 142 48 1936;
945 2624 68 40 2c.
1049 2624 110 39 Feb.
1195 2623 83 43 26;
1317 2623 82 42 aff.
1437 2624 110 39 Feb.
1583 2623 82 47 25;
1705 2624 40 38 A
1780 2622 172 48 91930;
1992 2624 263 49 Harcourt,
2293 2624 157 39 Brace

499 2681 37 41 &
557 2692 82 37 co.,
665 2682 90 40 inc.
819 2680 282 50 (36-27179)

430 2762 170 64 Lutz,
628 2763 210 54 Edwin
868 2763 248 65 George,
1147 2768 172 50 1868-

502 2839 290 56 Practical
826 2858 194 36 course
1052 2840 60 53 in
1146 2858 256 52 memory
1435 2841 280 69 drawing,
1749 2842 77 68 by
1859 2843 68 52 E.
1963 2842 70 55 G.
2067 2843 164 52 Lutz.
2307 2844 137 52 New
2481 2884 9 10 .

432 2918 181 71 York,
641 2921 62 54 C.
733 2918 315 58 Scribner’s
1072 2939 157 50 sons;
1255 2921 259 67 London,
1543 2921 61 56 C.
1633 2921 314 56 Scribner’s
1975 2940 146 50 sons,
2144 2923 123 67 ltd.,
2295 2926 149 50 1936.

503 2993 1026 50 vi p., 1 l., 213 p. illus., plates. 19 cm .
429 3048 52 53 ©
510 3052 110 40 Feb.
649 3052 69 48 18,
748 3051 117 41 1936;
919 3051 67 41 2c.
1016 3053 97 39 and
1141 3052 82 40 aff.
1254 3053 123 39 Mar.
1405 3052 82 42 18;
1518 3052 40 39 A
1585 3051 143 41 92341;
1789 3053 204 40 Charles
2025 3052 266 41 Scribner’s
2321 3064 124 30 sons.

509 3109 283 49 (36-27180)

430 3192 331 63 Macaulay,
789 3193 173 54 Rose.

503 3268 278 53 Personal
830 3268 307 68 pleasures,
1185 3268 74 69 by
1310 3270 147 53 Rose
1505 3268 322 69 Macaulay.
1904 3270 140 53 New
2097 3271 179 67 York,
2325 3272 121 51 The

431 3347 338 53 Macmillan
799 3365 300 50 company,
1133 3352 152 49 1936.

504 3420 104 47 xiii,
640 3420 89 41 395
758 3430 42 38 p.
862 3421 26 39 1
919 3421 130 40 illus.
1079 3421 202 48 (music)
1351 3421 116 40 19cm.

429 3473 52 53 ©
514 3478 109 40 Jan.
658 3478 68 48 21,
761 3478 141 46 1936;
937 3477 67 41 2c.
1038 3480 96 38 and
1167 3478 81 40 aff.
1284 3479 109 39 Jan.
1428 3478 55 39 22;
1548 3479 40 39 A
1621 3477 171 44 91386;
1832 3479 52 39 R.
1922 3480 276 47 Macaulav,
2233 3480 212 41 London.

509 3534 282 49 (36-27101)

430 3617 273 65 McCabe,
733 3618 120 53 Leo
879 3618 238 65 Orvine,
1150 3624 171 49 1899-

502 3694 170 54 Cases
703 3695 112 53 and
843 3696 163 52 other
1032 3697 291 52 materials
1352 3715 71 35 on
1452 3715 233 48 persons
1713 3696 112 54 and
1854 3697 273 53 domestic
2156 3697 288 66 relations,

429 3769 2011 143 by Leo Orvine McCabe ... Rochester, N. Y., The Lawyers co-operative publishing company [ c 1936]
503 3921 101 40 xiii.
633 3922 87 40 963
748 3933 41 37 p.
850 3921 57 41 26
912 3925 42 21 cm
959 3955 7 7 .

430 3976 52 53 ©
524 3982 108 40 Feb.
674 3982 68 41 12,.
780 3981 118 41 1936;
961 3983 68 39 2c.
1071 3983 110 40 Feb,
1221 3984 55 39 18;
1346 3981 81 43 aff.
1469 3983 111 41 Feb.
1620 3984 53 40 17;
1744 3984 38 39 A
1821 3984 172 42 90851;
2036 3985 50 41 L.
2127 3984 50 41 O.
2221 3984 222 48 McCabe,

499 4038 226 45 Chicago.
794 4040 252 47 (36-5276)
