<alto xmlns="http://www.loc.gov/standards/alto/ns-v3#" xmlns:xlink="http://www.w3.org/1999/xlink" xmlns:xsi="http://www.w3.org/2001/XMLSchema-instance" xsi:schemaLocation="http://www.loc.gov/standards/alto/ns-v3# http://www.loc.gov/alto/v3/alto-3-0.xsd"><Description>
<MeasurementUnit>pixel</MeasurementUnit>
<sourceImageInformation>
<fileName>1936_v33_Part1.pdf</fileName>
</sourceImageInformation>
<OCRProcessing ID="IdOcr">
<ocrProcessingStep>
<processingDateTime>2019-01-18</processingDateTime>
<processingSoftware>
<softwareCreator>ABBYY</softwareCreator>
<softwareName>ABBYY Recognition Server</softwareName>
<softwareVersion>4.0</softwareVersion>
</processingSoftware>
</ocrProcessingStep>
</OCRProcessing>
</Description>
<Styles>
<ParagraphStyle ID="StyleId-FFFFFFFF-FFFF-FFFF-FFFF-FFFFFFFFFFFF-" ALIGN="Left" LEFT="0." RIGHT="0." FIRSTLINE="0."/>
<ParagraphStyle ID="StyleId-51D50FAC-7A90-4D70-8A96-5EA9D46D1C8B-" ALIGN="Left" LEFT="0." RIGHT="0." FIRSTLINE="0." LINESPACE="7.699999809"/>
<ParagraphStyle ID="StyleId-6BC133E9-7DCB-43C3-8842-A67984A26405-" ALIGN="Block" LEFT="0." RIGHT="0." FIRSTLINE="-17." LINESPACE="8.340000153"/>
<ParagraphStyle ID="StyleId-3C3FF860-43E7-46A2-8934-48F305F6F0D6-" ALIGN="Left" LEFT="0." RIGHT="0." FIRSTLINE="-13." LINESPACE="11.06999969"/>
<ParagraphStyle ID="StyleId-19220C76-4F8A-4737-B38C-B5F5C17E6040-" ALIGN="Block" LEFT="0." RIGHT="0." FIRSTLINE="-13." LINESPACE="11.06999969"/>
<ParagraphStyle ID="StyleId-75A0D721-13ED-4F20-9002-B389EC48477D-" ALIGN="Left" LEFT="0." RIGHT="0." FIRSTLINE="0." LINESPACE="15.5"/>
<ParagraphStyle ID="StyleId-8A414184-C7A5-4AC7-9B88-7DA4DDE75922-" ALIGN="Left" LEFT="0." RIGHT="0." FIRSTLINE="0." LINESPACE="9.399999619"/>
<ParagraphStyle ID="StyleId-1A87970B-111C-4169-99A6-9412976F3C97-" ALIGN="Left" LEFT="0." RIGHT="0." FIRSTLINE="0." LINESPACE="10.5"/>
<ParagraphStyle ID="StyleId-72DB0571-5AE4-41FD-9E11-68C6AC4C437E-" ALIGN="Block" LEFT="0." RIGHT="0." FIRSTLINE="-17." LINESPACE="8.340000153"/>
<ParagraphStyle ID="StyleId-1AA43056-C388-4697-B10F-72FDAA38FAE1-" ALIGN="Center" LEFT="0." RIGHT="0." FIRSTLINE="0." LINESPACE="10.5"/>
</Styles>
<Layout>
<Page ID="Page1920" PHYSICAL_IMG_NR="1920" HEIGHT="4377" WIDTH="2519">
<TopMargin HEIGHT="394" WIDTH="2519" VPOS="0" HPOS="0">
</TopMargin>
<LeftMargin HEIGHT="3774" WIDTH="340" VPOS="394" HPOS="0">
</LeftMargin>
<RightMargin HEIGHT="3774" WIDTH="105" VPOS="394" HPOS="2414">
</RightMargin>
<BottomMargin HEIGHT="209" WIDTH="2519" VPOS="4168" HPOS="0">
</BottomMargin>
<PrintSpace HEIGHT="3774" WIDTH="2074" VPOS="394" HPOS="340">
<TextBlock ID="Page1920_Block1" HEIGHT="72" WIDTH="156" VPOS="4096" HPOS="1300" LANG="en-US" STYLEREFS="StyleId-848BD78D-F345-4FF3-9B10-95ABC5329626-">
<TextLine HEIGHT="50" WIDTH="136" VPOS="4107" HPOS="1310">
<String CONTENT="1920" HEIGHT="50" WIDTH="136" VPOS="4107" HPOS="1310"/>
</TextLine>
</TextBlock>
<TextBlock ID="Page1920_Block2" HEIGHT="3710" WIDTH="2074" VPOS="394" HPOS="340" LANG="en-US" CS="1" STYLEREFS="StyleId-A3AF3185-BE7E-4E9E-B652-62CF05447721-">
<TextLine HEIGHT="65" WIDTH="1218" VPOS="404" HPOS="375" STYLEREFS="StyleId-47D6B1FC-A0D5-4A5F-93CE-E724EEF5F2D6-">
<String LANG="de" CONTENT="Winter," HEIGHT="64" WIDTH="249" VPOS="405" HPOS="375"/>
<SP HEIGHT="63" WIDTH="25" VPOS="406" HPOS="625"/>
<String LANG="en-US" CONTENT="John" HEIGHT="54" WIDTH="157" VPOS="405" HPOS="651"/>
<SP HEIGHT="54" WIDTH="29" VPOS="405" HPOS="809"/>
<String LANG="en-US" CONTENT="Garrett," HEIGHT="63" WIDTH="266" VPOS="405" HPOS="839"/>
<SP HEIGHT="58" WIDTH="27" VPOS="410" HPOS="1106"/>
<String LANG="en-US" CONTENT="1881-" HEIGHT="49" WIDTH="172" VPOS="410" HPOS="1134"/>
<SP HEIGHT="34" WIDTH="201" VPOS="423" HPOS="1307"/>
<String LANG="en-US" CONTENT="ed." HEIGHT="53" WIDTH="84" VPOS="404" HPOS="1509"/>
</TextLine>
<TextLine HEIGHT="136" WIDTH="1997" VPOS="494" HPOS="374" STYLEREFS="StyleId-848BD78D-F345-4FF3-9B10-95ABC5329626-" CS="1">
<String CS="1" CONTENT="&#8230;"/>
<SP HEIGHT="51" WIDTH="36" VPOS="499" HPOS="509"/>
<String CONTENT="Papyri" HEIGHT="67" WIDTH="222" VPOS="497" HPOS="546"/>
<SP HEIGHT="51" WIDTH="32" VPOS="497" HPOS="769"/>
<String CONTENT="in" HEIGHT="51" WIDTH="59" VPOS="497" HPOS="802"/>
<SP HEIGHT="47" WIDTH="30" VPOS="502" HPOS="862"/>
<String CONTENT="the" HEIGHT="52" WIDTH="96" VPOS="497" HPOS="893"/>
<SP HEIGHT="54" WIDTH="29" VPOS="497" HPOS="990"/>
<String CONTENT="University" HEIGHT="68" WIDTH="340" VPOS="495" HPOS="1020"/>
<SP HEIGHT="49" WIDTH="29" VPOS="514" HPOS="1361"/>
<String CONTENT="of" HEIGHT="53" WIDTH="63" VPOS="495" HPOS="1391"/>
<SP HEIGHT="52" WIDTH="30" VPOS="495" HPOS="1455"/>
<String CONTENT="Michigan" HEIGHT="70" WIDTH="301" VPOS="494" HPOS="1486"/>
<SP HEIGHT="34" WIDTH="29" VPOS="514" HPOS="1788"/>
<String CONTENT="collection;" HEIGHT="68" WIDTH="326" VPOS="496" HPOS="1818"/>
<SP HEIGHT="48" WIDTH="32" VPOS="516" HPOS="2145"/>
<String CONTENT="miscellaneous" HEIGHT="135" WIDTH="1997" VPOS="495" HPOS="374"/>
</TextLine>
<TextLine HEIGHT="69" WIDTH="1755" VPOS="574" HPOS="643" STYLEREFS="StyleId-848BD78D-F345-4FF3-9B10-95ABC5329626-">
<String CONTENT="papyri," HEIGHT="68" WIDTH="230" VPOS="575" HPOS="643"/>
<SP HEIGHT="48" WIDTH="32" VPOS="593" HPOS="874"/>
<String CONTENT="edited" HEIGHT="53" WIDTH="191" VPOS="574" HPOS="907"/>
<SP HEIGHT="52" WIDTH="32" VPOS="575" HPOS="1099"/>
<String CONTENT="by" HEIGHT="67" WIDTH="74" VPOS="575" HPOS="1132"/>
<SP HEIGHT="66" WIDTH="33" VPOS="576" HPOS="1207"/>
<String CONTENT="John" HEIGHT="55" WIDTH="157" VPOS="575" HPOS="1241"/>
<SP HEIGHT="55" WIDTH="33" VPOS="575" HPOS="1399"/>
<String CONTENT="Garrett" HEIGHT="55" WIDTH="237" VPOS="575" HPOS="1433"/>
<SP HEIGHT="53" WIDTH="30" VPOS="577" HPOS="1671"/>
<String CONTENT="Winter." HEIGHT="55" WIDTH="244" VPOS="575" HPOS="1702"/>
<SP HEIGHT="54" WIDTH="70" VPOS="576" HPOS="1947"/>
<String CONTENT="Ann" HEIGHT="52" WIDTH="137" VPOS="576" HPOS="2018"/>
<SP HEIGHT="53" WIDTH="31" VPOS="576" HPOS="2156"/>
<String CONTENT="Arbor," HEIGHT="67" WIDTH="210" VPOS="576" HPOS="2188"/>
</TextLine>
<TextLine HEIGHT="68" WIDTH="1140" VPOS="653" HPOS="376" STYLEREFS="StyleId-848BD78D-F345-4FF3-9B10-95ABC5329626-">
<String CONTENT="University" HEIGHT="65" WIDTH="339" VPOS="656" HPOS="376"/>
<SP HEIGHT="48" WIDTH="25" VPOS="673" HPOS="716"/>
<String CONTENT="of" HEIGHT="52" WIDTH="63" VPOS="654" HPOS="742"/>
<SP HEIGHT="53" WIDTH="26" VPOS="654" HPOS="806"/>
<String CONTENT="Michigan" HEIGHT="67" WIDTH="300" VPOS="653" HPOS="833"/>
<SP HEIGHT="48" WIDTH="25" VPOS="672" HPOS="1134"/>
<String CONTENT="press," HEIGHT="49" WIDTH="175" VPOS="671" HPOS="1160"/>
<SP HEIGHT="61" WIDTH="29" VPOS="659" HPOS="1336"/>
<String CONTENT="1936." HEIGHT="51" WIDTH="150" VPOS="656" HPOS="1366"/>
</TextLine>
<TextLine HEIGHT="51" WIDTH="1952" VPOS="725" HPOS="450" CS="1">
<String CONTENT="xviii," HEIGHT="47" WIDTH="137" VPOS="728" HPOS="450"/>
<SP HEIGHT="48" WIDTH="35" VPOS="727" HPOS="588"/>
<String CONTENT="390" HEIGHT="41" WIDTH="88" VPOS="727" HPOS="624"/>
<SP HEIGHT="48" WIDTH="35" VPOS="727" HPOS="713"/>
<String CONTENT="p.," HEIGHT="38" WIDTH="58" VPOS="737" HPOS="749"/>
<SP HEIGHT="47" WIDTH="38" VPOS="728" HPOS="808"/>
<String CONTENT="1" HEIGHT="37" WIDTH="20" VPOS="728" HPOS="847"/>
<SP/>
<String CS="1" CONTENT="l."/>
<SP HEIGHT="31" WIDTH="64" VPOS="737" HPOS="942"/>
<String CS="1" CONTENT="VII"/>
<SP/>
<String CS="1" CONTENT="pl.," HEIGHT="17" WIDTH="8" VPOS="758" HPOS="1187"/>
<SP HEIGHT="50" WIDTH="38" VPOS="725" HPOS="1196"/>
<String CONTENT="diagrs." HEIGHT="47" WIDTH="182" VPOS="725" HPOS="1235"/>
<SP HEIGHT="41" WIDTH="65" VPOS="725" HPOS="1418"/>
<String CONTENT="28" HEIGHT="40" WIDTH="57" VPOS="725" HPOS="1484"/>
<String STYLE="superscript" CONTENT="cm" HEIGHT="20" WIDTH="45" VPOS="729" HPOS="1543"/>
<String CONTENT="." HEIGHT="8" WIDTH="9" VPOS="757" HPOS="1592"/>
<SP HEIGHT="49" WIDTH="78" VPOS="726" HPOS="1602"/>
<String CONTENT="(Half-title:" HEIGHT="49" WIDTH="303" VPOS="726" HPOS="1681"/>
<SP HEIGHT="40" WIDTH="37" VPOS="728" HPOS="1985"/>
<String CONTENT="University" HEIGHT="50" WIDTH="285" VPOS="726" HPOS="2023"/>
<SP HEIGHT="37" WIDTH="37" VPOS="739" HPOS="2309"/>
<String CONTENT="of" HEIGHT="41" WIDTH="55" VPOS="729" HPOS="2347"/>
</TextLine>
<TextLine HEIGHT="52" WIDTH="1337" VPOS="782" HPOS="378" CS="1">
<String CONTENT="Michigan" HEIGHT="49" WIDTH="250" VPOS="785" HPOS="378"/>
<SP HEIGHT="30" WIDTH="30" VPOS="795" HPOS="629"/>
<String CONTENT="studies." HEIGHT="41" WIDTH="202" VPOS="784" HPOS="660"/>
<SP HEIGHT="40" WIDTH="60" VPOS="784" HPOS="863"/>
<String CONTENT="Humanistic" HEIGHT="41" WIDTH="316" VPOS="782" HPOS="924"/>
<SP HEIGHT="29" WIDTH="31" VPOS="793" HPOS="1241"/>
<String CONTENT="series," HEIGHT="41" WIDTH="166" VPOS="783" HPOS="1273"/>
<SP HEIGHT="30" WIDTH="59" VPOS="794" HPOS="1440"/>
<String CONTENT="vol." HEIGHT="41" WIDTH="93" VPOS="783" HPOS="1500"/>
<SP HEIGHT="30" WIDTH="34" VPOS="794" HPOS="1594"/>
<String CS="1" CONTENT="XL)" HEIGHT="48" WIDTH="15" VPOS="783" HPOS="1700"/>
</TextLine>
<TextLine HEIGHT="48" WIDTH="1188" VPOS="840" HPOS="449" CS="1">
<String CONTENT="At" HEIGHT="39" WIDTH="63" VPOS="844" HPOS="449"/>
<SP HEIGHT="40" WIDTH="26" VPOS="843" HPOS="513"/>
<String CONTENT="head" HEIGHT="42" WIDTH="128" VPOS="842" HPOS="540"/>
<SP HEIGHT="40" WIDTH="26" VPOS="842" HPOS="669"/>
<String CONTENT="of" HEIGHT="41" WIDTH="53" VPOS="841" HPOS="696"/>
<SP HEIGHT="40" WIDTH="24" VPOS="841" HPOS="750"/>
<String CONTENT="title" HEIGHT="41" WIDTH="109" VPOS="841" HPOS="775"/>
<SP HEIGHT="29" WIDTH="18" VPOS="853" HPOS="885"/>
<String CONTENT=":" HEIGHT="28" WIDTH="8" VPOS="853" HPOS="904"/>
<SP HEIGHT="39" WIDTH="27" VPOS="842" HPOS="913"/>
<String CONTENT="Michigan" HEIGHT="48" WIDTH="251" VPOS="840" HPOS="941"/>
<SP HEIGHT="37" WIDTH="26" VPOS="851" HPOS="1193"/>
<String CONTENT="papyri," HEIGHT="48" WIDTH="189" VPOS="840" HPOS="1220"/>
<SP HEIGHT="37" WIDTH="29" VPOS="851" HPOS="1410"/>
<String CONTENT="vol." HEIGHT="42" WIDTH="92" VPOS="840" HPOS="1440"/>
<SP HEIGHT="31" WIDTH="29" VPOS="851" HPOS="1533"/>
<String CS="1" CONTENT="III." HEIGHT="9" WIDTH="8" VPOS="871" HPOS="1629"/>
</TextLine>
<TextLine HEIGHT="49" WIDTH="1020" VPOS="897" HPOS="451">
<String CONTENT="&#8220;List" HEIGHT="40" WIDTH="134" VPOS="900" HPOS="451"/>
<SP HEIGHT="38" WIDTH="30" VPOS="902" HPOS="586"/>
<String CONTENT="of" HEIGHT="40" WIDTH="54" VPOS="899" HPOS="617"/>
<SP HEIGHT="40" WIDTH="28" VPOS="899" HPOS="672"/>
<String CONTENT="abbreviations&#8221;" HEIGHT="42" WIDTH="394" VPOS="897" HPOS="701"/>
<SP HEIGHT="41" WIDTH="19" VPOS="897" HPOS="1096"/>
<String CONTENT=":" HEIGHT="29" WIDTH="9" VPOS="909" HPOS="1116"/>
<SP HEIGHT="38" WIDTH="33" VPOS="908" HPOS="1126"/>
<String CONTENT="p." HEIGHT="38" WIDTH="43" VPOS="908" HPOS="1160"/>
<SP HEIGHT="32" WIDTH="31" VPOS="908" HPOS="1204"/>
<String CONTENT="xv-xviii." HEIGHT="41" WIDTH="235" VPOS="897" HPOS="1236"/>
</TextLine>
<TextLine HEIGHT="55" WIDTH="2022" VPOS="968" HPOS="378">
<String CONTENT="&#169;" HEIGHT="54" WIDTH="54" VPOS="969" HPOS="378"/>
<SP HEIGHT="54" WIDTH="23" VPOS="969" HPOS="433"/>
<String CONTENT="Dec." HEIGHT="38" WIDTH="112" VPOS="975" HPOS="457"/>
<SP HEIGHT="40" WIDTH="25" VPOS="972" HPOS="570"/>
<String CONTENT="14," HEIGHT="50" WIDTH="70" VPOS="971" HPOS="596"/>
<SP HEIGHT="49" WIDTH="25" VPOS="972" HPOS="667"/>
<String CONTENT="1936" HEIGHT="41" WIDTH="116" VPOS="970" HPOS="693"/>
<SP HEIGHT="47" WIDTH="16" VPOS="970" HPOS="810"/>
<String CONTENT=";" HEIGHT="35" WIDTH="8" VPOS="982" HPOS="827"/>
<SP HEIGHT="48" WIDTH="27" VPOS="969" HPOS="836"/>
<String CONTENT="2c." HEIGHT="42" WIDTH="68" VPOS="969" HPOS="864"/>
<SP HEIGHT="31" WIDTH="25" VPOS="980" HPOS="933"/>
<String CONTENT="and" HEIGHT="39" WIDTH="96" VPOS="970" HPOS="959"/>
<SP HEIGHT="39" WIDTH="24" VPOS="970" HPOS="1056"/>
<String CONTENT="aff." HEIGHT="40" WIDTH="82" VPOS="969" HPOS="1081"/>
<SP HEIGHT="38" WIDTH="26" VPOS="971" HPOS="1164"/>
<String CONTENT="Dec." HEIGHT="38" WIDTH="113" VPOS="971" HPOS="1191"/>
<SP HEIGHT="41" WIDTH="25" VPOS="968" HPOS="1305"/>
<String CONTENT="21" HEIGHT="39" WIDTH="56" VPOS="968" HPOS="1331"/>
<SP HEIGHT="47" WIDTH="17" VPOS="969" HPOS="1388"/>
<String CONTENT=";" HEIGHT="36" WIDTH="8" VPOS="980" HPOS="1406"/>
<SP HEIGHT="46" WIDTH="28" VPOS="970" HPOS="1415"/>
<!-- cceid A71366DC-6E3A-1014-83DD-942C093A1DD9 --><String CONTENT="A" HEIGHT="39" WIDTH="40" VPOS="970" HPOS="1444"/>
<SP HEIGHT="40" WIDTH="26" VPOS="969" HPOS="1485"/>
<String CONTENT="101401" HEIGHT="41" WIDTH="175" VPOS="968" HPOS="1512"/>
<SP HEIGHT="48" WIDTH="15" VPOS="969" HPOS="1688"/>
<String CONTENT=";" HEIGHT="37" WIDTH="10" VPOS="980" HPOS="1704"/>
<SP HEIGHT="46" WIDTH="31" VPOS="971" HPOS="1715"/>
<String CONTENT="University" HEIGHT="49" WIDTH="283" VPOS="969" HPOS="1747"/>
<SP HEIGHT="37" WIDTH="27" VPOS="981" HPOS="2031"/>
<String CONTENT="of" HEIGHT="42" WIDTH="52" VPOS="971" HPOS="2059"/>
<SP HEIGHT="39" WIDTH="23" VPOS="971" HPOS="2112"/>
<String CONTENT="Michigan," HEIGHT="50" WIDTH="264" VPOS="969" HPOS="2136"/>
</TextLine>
<TextLine HEIGHT="51" WIDTH="664" VPOS="1026" HPOS="449">
<String CONTENT="Ann" HEIGHT="39" WIDTH="111" VPOS="1031" HPOS="449"/>
<SP HEIGHT="40" WIDTH="24" VPOS="1030" HPOS="561"/>
<String CONTENT="Arbor." HEIGHT="40" WIDTH="172" VPOS="1029" HPOS="586"/>
<SP HEIGHT="49" WIDTH="68" VPOS="1027" HPOS="759"/>
<String CONTENT="(36-28401)" HEIGHT="51" WIDTH="285" VPOS="1026" HPOS="828"/>
</TextLine>
<TextLine HEIGHT="69" WIDTH="979" VPOS="1131" HPOS="377" STYLEREFS="StyleId-47D6B1FC-A0D5-4A5F-93CE-E724EEF5F2D6-">
<String CONTENT="Wittke," HEIGHT="67" WIDTH="246" VPOS="1133" HPOS="377"/>
<SP HEIGHT="64" WIDTH="27" VPOS="1136" HPOS="624"/>
<String CONTENT="Carl" HEIGHT="57" WIDTH="138" VPOS="1133" HPOS="652"/>
<SP HEIGHT="54" WIDTH="22" VPOS="1133" HPOS="791"/>
<String CONTENT="Frederick," HEIGHT="65" WIDTH="339" VPOS="1131" HPOS="814"/>
<SP HEIGHT="58" WIDTH="28" VPOS="1138" HPOS="1154"/>
<String CONTENT="1892-" HEIGHT="51" WIDTH="173" VPOS="1137" HPOS="1183"/>
</TextLine>
<TextLine HEIGHT="152" WIDTH="2000" VPOS="1222" HPOS="377" STYLEREFS="StyleId-848BD78D-F345-4FF3-9B10-95ABC5329626-" CS="1">
<String CONTENT="German-Americans" HEIGHT="59" WIDTH="622" VPOS="1222" HPOS="450"/>
<SP HEIGHT="36" WIDTH="44" VPOS="1242" HPOS="1073"/>
<String CONTENT="and" HEIGHT="54" WIDTH="113" VPOS="1223" HPOS="1118"/>
<SP HEIGHT="54" WIDTH="42" VPOS="1223" HPOS="1232"/>
<String CONTENT="the" HEIGHT="55" WIDTH="99" VPOS="1222" HPOS="1275"/>
<SP HEIGHT="35" WIDTH="40" VPOS="1241" HPOS="1375"/>
<String CONTENT="world" HEIGHT="54" WIDTH="183" VPOS="1222" HPOS="1416"/>
<SP HEIGHT="53" WIDTH="43" VPOS="1223" HPOS="1600"/>
<String CONTENT="war" HEIGHT="34" WIDTH="120" VPOS="1242" HPOS="1644"/>
<SP HEIGHT="70" WIDTH="52" VPOS="1222" HPOS="1765"/>
<String CONTENT="(with" HEIGHT="70" WIDTH="171" VPOS="1222" HPOS="1818"/>
<SP HEIGHT="54" WIDTH="42" VPOS="1223" HPOS="1990"/>
<String CONTENT="special" HEIGHT="69" WIDTH="212" VPOS="1223" HPOS="2033"/>
<SP HEIGHT="53" WIDTH="42" VPOS="1225" HPOS="2246"/>
<String CONTENT="emphasis" HEIGHT="130" WIDTH="2000" VPOS="1244" HPOS="377"/>
<SP HEIGHT="36" WIDTH="30" VPOS="1322" HPOS="576"/>
<String CONTENT="on" HEIGHT="37" WIDTH="76" VPOS="1321" HPOS="607"/>
<SP HEIGHT="57" WIDTH="32" VPOS="1301" HPOS="684"/>
<String CONTENT="Ohio&#8217;s" HEIGHT="57" WIDTH="202" VPOS="1301" HPOS="717"/>
<SP HEIGHT="56" WIDTH="31" VPOS="1301" HPOS="920"/>
<String CONTENT="German-language" HEIGHT="69" WIDTH="569" VPOS="1301" HPOS="952"/>
<SP HEIGHT="51" WIDTH="32" VPOS="1319" HPOS="1522"/>
<String CONTENT="press)" HEIGHT="70" WIDTH="188" VPOS="1300" HPOS="1555"/>
<SP HEIGHT="70" WIDTH="42" VPOS="1300" HPOS="1744"/>
<String CONTENT="by" HEIGHT="69" WIDTH="78" VPOS="1301" HPOS="1787"/>
<SP HEIGHT="69" WIDTH="35" VPOS="1301" HPOS="1866"/>
<String CONTENT="Carl" HEIGHT="56" WIDTH="138" VPOS="1301" HPOS="1902"/>
<SP HEIGHT="57" WIDTH="34" VPOS="1301" HPOS="2041"/>
<String CONTENT="Wittke" HEIGHT="56" WIDTH="224" VPOS="1302" HPOS="2076"/>
<SP HEIGHT="35" WIDTH="38" VPOS="1322" HPOS="2301"/>
<String CS="1" CONTENT="&#8230;"/>
</TextLine>
<TextLine HEIGHT="153" WIDTH="2000" VPOS="1378" HPOS="376" STYLEREFS="StyleId-848BD78D-F345-4FF3-9B10-95ABC5329626-" CS="1">
<String CONTENT="Columbus," HEIGHT="69" WIDTH="331" VPOS="1381" HPOS="380"/>
<SP HEIGHT="70" WIDTH="31" VPOS="1380" HPOS="712"/>
<String CONTENT="O.," HEIGHT="70" WIDTH="88" VPOS="1380" HPOS="744"/>
<SP HEIGHT="68" WIDTH="29" VPOS="1382" HPOS="833"/>
<String CONTENT="The" HEIGHT="54" WIDTH="124" VPOS="1380" HPOS="863"/>
<SP HEIGHT="56" WIDTH="28" VPOS="1379" HPOS="988"/>
<String CONTENT="Ohio" HEIGHT="56" WIDTH="152" VPOS="1379" HPOS="1017"/>
<SP HEIGHT="35" WIDTH="29" VPOS="1399" HPOS="1170"/>
<String CONTENT="state" HEIGHT="49" WIDTH="148" VPOS="1385" HPOS="1200"/>
<SP HEIGHT="35" WIDTH="30" VPOS="1399" HPOS="1349"/>
<String CONTENT="archaeological" HEIGHT="71" WIDTH="432" VPOS="1378" HPOS="1380"/>
<SP HEIGHT="54" WIDTH="31" VPOS="1381" HPOS="1813"/>
<String CONTENT="and" HEIGHT="55" WIDTH="115" VPOS="1380" HPOS="1845"/>
<SP HEIGHT="54" WIDTH="26" VPOS="1380" HPOS="1961"/>
<String CONTENT="historical" HEIGHT="55" WIDTH="297" VPOS="1381" HPOS="1988"/>
<SP HEIGHT="55" WIDTH="28" VPOS="1382" HPOS="2286"/>
<String CONTENT="society," HEIGHT="130" WIDTH="2000" VPOS="1401" HPOS="376"/>
<SP HEIGHT="66" WIDTH="31" VPOS="1465" HPOS="546"/>
<String CONTENT="1936." HEIGHT="51" WIDTH="153" VPOS="1464" HPOS="578"/>
</TextLine>
<TextLine HEIGHT="54" WIDTH="1952" VPOS="1531" HPOS="448" CS="1">
<String LANG="en-US" CONTENT="xi," HEIGHT="48" WIDTH="65" VPOS="1537" HPOS="448"/>
<SP HEIGHT="49" WIDTH="25" VPOS="1536" HPOS="514"/>
<String LANG="en-US" CONTENT="223" HEIGHT="41" WIDTH="86" VPOS="1536" HPOS="540"/>
<SP HEIGHT="47" WIDTH="25" VPOS="1537" HPOS="627"/>
<String LANG="en-US" CONTENT="p." HEIGHT="38" WIDTH="45" VPOS="1546" HPOS="653"/>
<SP HEIGHT="42" WIDTH="52" VPOS="1534" HPOS="699"/>
<String LANG="en-US" CS="1" CONTENT="23&#189;" HEIGHT="43" WIDTH="58" VPOS="1532" HPOS="752"/>
<String STYLE="superscript" LANG="en-US" CONTENT="cm" HEIGHT="22" WIDTH="45" VPOS="1536" HPOS="843"/>
<String LANG="en-US" CONTENT="." HEIGHT="9" WIDTH="9" VPOS="1566" HPOS="892"/>
<SP HEIGHT="49" WIDTH="65" VPOS="1533" HPOS="902"/>
<String LANG="en-US" CONTENT="(Half-title:" HEIGHT="49" WIDTH="305" VPOS="1533" HPOS="968"/>
<SP HEIGHT="39" WIDTH="25" VPOS="1544" HPOS="1274"/>
<String LANG="en-US" CONTENT="[Ohio" HEIGHT="52" WIDTH="143" VPOS="1531" HPOS="1300"/>
<SP HEIGHT="31" WIDTH="22" VPOS="1544" HPOS="1444"/>
<String LANG="en-US" CONTENT="state" HEIGHT="40" WIDTH="130" VPOS="1534" HPOS="1467"/>
<SP HEIGHT="31" WIDTH="25" VPOS="1543" HPOS="1598"/>
<String LANG="fr" CONTENT="arch&#230;ological" HEIGHT="49" WIDTH="372" VPOS="1533" HPOS="1624"/>
<SP HEIGHT="40" WIDTH="23" VPOS="1534" HPOS="1997"/>
<String LANG="en-US" CONTENT="and" HEIGHT="40" WIDTH="97" VPOS="1535" HPOS="2021"/>
<SP HEIGHT="40" WIDTH="23" VPOS="1535" HPOS="2119"/>
<String LANG="en-US" CONTENT="historical" HEIGHT="44" WIDTH="257" VPOS="1534" HPOS="2143"/>
</TextLine>
<TextLine HEIGHT="55" WIDTH="1225" VPOS="1589" HPOS="376">
<String CONTENT="society]" HEIGHT="50" WIDTH="199" VPOS="1594" HPOS="376"/>
<SP HEIGHT="52" WIDTH="59" VPOS="1592" HPOS="576"/>
<String CONTENT="Ohio" HEIGHT="43" WIDTH="125" VPOS="1592" HPOS="636"/>
<SP HEIGHT="42" WIDTH="25" VPOS="1592" HPOS="762"/>
<String CONTENT="historical" HEIGHT="44" WIDTH="258" VPOS="1590" HPOS="788"/>
<SP HEIGHT="41" WIDTH="26" VPOS="1592" HPOS="1047"/>
<String CONTENT="collections," HEIGHT="44" WIDTH="297" VPOS="1589" HPOS="1074"/>
<SP HEIGHT="31" WIDTH="52" VPOS="1601" HPOS="1372"/>
<String CONTENT="vol." HEIGHT="42" WIDTH="93" VPOS="1590" HPOS="1425"/>
<SP HEIGHT="31" WIDTH="26" VPOS="1601" HPOS="1519"/>
<String CONTENT="v)" HEIGHT="50" WIDTH="55" VPOS="1589" HPOS="1546"/>
</TextLine>
<TextLine HEIGHT="50" WIDTH="730" VPOS="1650" HPOS="448">
<String CONTENT="Bibliographical" HEIGHT="50" WIDTH="420" VPOS="1650" HPOS="448"/>
<SP HEIGHT="40" WIDTH="28" VPOS="1650" HPOS="869"/>
<String CONTENT="foot-notes." HEIGHT="41" WIDTH="280" VPOS="1650" HPOS="898"/>
</TextLine>
<TextLine HEIGHT="55" WIDTH="2022" VPOS="1718" HPOS="378">
<String LANG="en-US" CONTENT="&#169;" HEIGHT="54" WIDTH="54" VPOS="1719" HPOS="378"/>
<SP HEIGHT="54" WIDTH="21" VPOS="1719" HPOS="433"/>
<String LANG="en-US" CONTENT="Nov." HEIGHT="39" WIDTH="118" VPOS="1723" HPOS="455"/>
<SP HEIGHT="39" WIDTH="25" VPOS="1722" HPOS="574"/>
<String LANG="en-US" CONTENT="16," HEIGHT="49" WIDTH="70" VPOS="1721" HPOS="600"/>
<SP HEIGHT="48" WIDTH="26" VPOS="1722" HPOS="671"/>
<String LANG="en-US" CONTENT="1936;" HEIGHT="48" WIDTH="142" VPOS="1720" HPOS="698"/>
<SP HEIGHT="48" WIDTH="26" VPOS="1720" HPOS="841"/>
<String LANG="en-US" CONTENT="2c." HEIGHT="41" WIDTH="68" VPOS="1720" HPOS="868"/>
<SP HEIGHT="31" WIDTH="28" VPOS="1730" HPOS="937"/>
<String LANG="en-US" CONTENT="and" HEIGHT="40" WIDTH="96" VPOS="1719" HPOS="966"/>
<SP HEIGHT="40" WIDTH="25" VPOS="1719" HPOS="1063"/>
<String LANG="en-US" CONTENT="aff." HEIGHT="40" WIDTH="83" VPOS="1719" HPOS="1089"/>
<SP HEIGHT="39" WIDTH="25" VPOS="1720" HPOS="1173"/>
<String LANG="en-US" CONTENT="Dec." HEIGHT="39" WIDTH="114" VPOS="1720" HPOS="1199"/>
<SP HEIGHT="41" WIDTH="24" VPOS="1718" HPOS="1314"/>
<String LANG="en-US" CONTENT="2;" HEIGHT="47" WIDTH="53" VPOS="1718" HPOS="1339"/>
<SP HEIGHT="45" WIDTH="28" VPOS="1720" HPOS="1393"/>
<!-- cceid A7136F56-6E3A-1014-83DD-942C093A1DD9 --><String LANG="en-US" CONTENT="A" HEIGHT="38" WIDTH="41" VPOS="1720" HPOS="1422"/>
<SP HEIGHT="39" WIDTH="25" VPOS="1719" HPOS="1464"/>
<String LANG="en-US" CONTENT="100794;" HEIGHT="48" WIDTH="201" VPOS="1718" HPOS="1490"/>
<SP HEIGHT="46" WIDTH="30" VPOS="1720" HPOS="1692"/>
<String LANG="en-US" CONTENT="Ohio" HEIGHT="42" WIDTH="123" VPOS="1719" HPOS="1723"/>
<SP HEIGHT="30" WIDTH="26" VPOS="1730" HPOS="1847"/>
<String LANG="en-US" CONTENT="state" HEIGHT="40" WIDTH="130" VPOS="1721" HPOS="1874"/>
<SP HEIGHT="30" WIDTH="24" VPOS="1731" HPOS="2005"/>
<String LANG="fr" CONTENT="arch&#230;ological" HEIGHT="48" WIDTH="370" VPOS="1722" HPOS="2030"/>
</TextLine>
<TextLine HEIGHT="50" WIDTH="967" VPOS="1775" HPOS="449">
<String CONTENT="and" HEIGHT="41" WIDTH="97" VPOS="1779" HPOS="449"/>
<SP HEIGHT="40" WIDTH="27" VPOS="1779" HPOS="547"/>
<String CONTENT="historical" HEIGHT="40" WIDTH="259" VPOS="1778" HPOS="575"/>
<SP HEIGHT="40" WIDTH="28" VPOS="1778" HPOS="835"/>
<String CONTENT="society." HEIGHT="49" WIDTH="198" VPOS="1776" HPOS="864"/>
<SP HEIGHT="48" WIDTH="68" VPOS="1777" HPOS="1063"/>
<String CONTENT="(36-36464)" HEIGHT="50" WIDTH="284" VPOS="1775" HPOS="1132"/>
</TextLine>
<TextLine HEIGHT="68" WIDTH="679" VPOS="1882" HPOS="376" STYLEREFS="StyleId-47D6B1FC-A0D5-4A5F-93CE-E724EEF5F2D6-">
<String CONTENT="Waller," HEIGHT="68" WIDTH="234" VPOS="1882" HPOS="376"/>
<SP HEIGHT="67" WIDTH="25" VPOS="1883" HPOS="611"/>
<String CONTENT="Johan," HEIGHT="65" WIDTH="215" VPOS="1883" HPOS="637"/>
<SP HEIGHT="60" WIDTH="28" VPOS="1888" HPOS="853"/>
<String CONTENT="1878-" HEIGHT="56" WIDTH="173" VPOS="1883" HPOS="882"/>
</TextLine>
<TextLine HEIGHT="74" WIDTH="1891" VPOS="1972" HPOS="512" STYLEREFS="StyleId-848BD78D-F345-4FF3-9B10-95ABC5329626-" CS="1">
<String CS="1" CONTENT="&#8230;"/>
<SP HEIGHT="52" WIDTH="49" VPOS="1977" HPOS="512"/>
<String CONTENT="Zest" HEIGHT="53" WIDTH="130" VPOS="1977" HPOS="562"/>
<SP HEIGHT="55" WIDTH="46" VPOS="1974" HPOS="693"/>
<String CONTENT="for" HEIGHT="54" WIDTH="97" VPOS="1974" HPOS="740"/>
<SP HEIGHT="52" WIDTH="42" VPOS="1975" HPOS="838"/>
<String CONTENT="life;" HEIGHT="69" WIDTH="135" VPOS="1973" HPOS="881"/>
<SP HEIGHT="50" WIDTH="48" VPOS="1992" HPOS="1017"/>
<String CONTENT="recollections" HEIGHT="55" WIDTH="393" VPOS="1972" HPOS="1066"/>
<SP HEIGHT="36" WIDTH="45" VPOS="1991" HPOS="1460"/>
<String CONTENT="of" HEIGHT="55" WIDTH="66" VPOS="1972" HPOS="1506"/>
<SP HEIGHT="55" WIDTH="43" VPOS="1972" HPOS="1573"/>
<String CONTENT="a" HEIGHT="35" WIDTH="34" VPOS="1992" HPOS="1617"/>
<SP HEIGHT="51" WIDTH="46" VPOS="1992" HPOS="1652"/>
<String CONTENT="philosophic" HEIGHT="72" WIDTH="368" VPOS="1972" HPOS="1699"/>
<SP HEIGHT="49" WIDTH="44" VPOS="1980" HPOS="2068"/>
<String CONTENT="traveller," HEIGHT="70" WIDTH="290" VPOS="1976" HPOS="2113"/>
</TextLine>
<TextLine HEIGHT="74" WIDTH="2021" VPOS="2051" HPOS="378" STYLEREFS="StyleId-848BD78D-F345-4FF3-9B10-95ABC5329626-">
<String CONTENT="translated" HEIGHT="54" WIDTH="321" VPOS="2056" HPOS="378"/>
<SP HEIGHT="55" WIDTH="38" VPOS="2054" HPOS="700"/>
<String CONTENT="from" HEIGHT="54" WIDTH="156" VPOS="2054" HPOS="739"/>
<SP HEIGHT="48" WIDTH="36" VPOS="2060" HPOS="896"/>
<String CONTENT="the" HEIGHT="54" WIDTH="100" VPOS="2054" HPOS="933"/>
<SP HEIGHT="54" WIDTH="35" VPOS="2054" HPOS="1034"/>
<String CONTENT="Danish" HEIGHT="54" WIDTH="228" VPOS="2053" HPOS="1070"/>
<SP HEIGHT="53" WIDTH="36" VPOS="2053" HPOS="1299"/>
<String CONTENT="by" HEIGHT="70" WIDTH="78" VPOS="2053" HPOS="1336"/>
<SP HEIGHT="72" WIDTH="40" VPOS="2051" HPOS="1415"/>
<String CONTENT="Claude" HEIGHT="57" WIDTH="223" VPOS="2051" HPOS="1456"/>
<SP HEIGHT="54" WIDTH="36" VPOS="2054" HPOS="1680"/>
<String CONTENT="Napier." HEIGHT="69" WIDTH="236" VPOS="2054" HPOS="1717"/>
<SP HEIGHT="53" WIDTH="77" VPOS="2054" HPOS="1954"/>
<String CONTENT="London," HEIGHT="71" WIDTH="262" VPOS="2054" HPOS="2032"/>
<SP HEIGHT="69" WIDTH="37" VPOS="2056" HPOS="2295"/>
<String CONTENT="L." HEIGHT="53" WIDTH="66" VPOS="2056" HPOS="2333"/>
</TextLine>
<TextLine HEIGHT="67" WIDTH="731" VPOS="2135" HPOS="376" STYLEREFS="StyleId-848BD78D-F345-4FF3-9B10-95ABC5329626-" CS="1">
<String CONTENT="Dickson" HEIGHT="55" WIDTH="258" VPOS="2135" HPOS="376"/>
<SP HEIGHT="52" WIDTH="31" VPOS="2136" HPOS="635"/>
<String CONTENT="limited" HEIGHT="53" WIDTH="226" VPOS="2135" HPOS="667"/>
<SP HEIGHT="67" WIDTH="37" VPOS="2135" HPOS="894"/>
<String CS="1" CONTENT="[1936]" HEIGHT="65" WIDTH="155" VPOS="2137" HPOS="952"/>
</TextLine>
<TextLine HEIGHT="55" WIDTH="793" VPOS="2208" HPOS="447" CS="1">
<String LANG="en-US" CONTENT="4" HEIGHT="40" WIDTH="29" VPOS="2211" HPOS="447"/>
<SP/>
<String LANG="fr" CONTENT="p." HEIGHT="39" WIDTH="45" VPOS="2222" HPOS="502"/>
<SP/>
<String LANG="fr" CS="1" CONTENT="l."/>
<String LANG="en-US" CONTENT="," HEIGHT="18" WIDTH="9" VPOS="2242" HPOS="613"/>
<SP HEIGHT="32" WIDTH="30" VPOS="2231" HPOS="623"/>
<String LANG="en-US" CONTENT="[3]-257" HEIGHT="54" WIDTH="181" VPOS="2209" HPOS="654"/>
<SP HEIGHT="50" WIDTH="26" VPOS="2209" HPOS="836"/>
<String LANG="fr" CONTENT="p.," HEIGHT="39" WIDTH="59" VPOS="2220" HPOS="863"/>
<SP HEIGHT="50" WIDTH="28" VPOS="2209" HPOS="923"/>
<String LANG="en-US" CONTENT="1" HEIGHT="40" WIDTH="27" VPOS="2209" HPOS="952"/>
<SP/>
<String LANG="en-US" CS="1" CONTENT="l."/>
<SP HEIGHT="43" WIDTH="53" VPOS="2208" HPOS="1039"/>
<String LANG="en-US" CS="1" CONTENT="20&#189;" HEIGHT="41" WIDTH="58" VPOS="2208" HPOS="1093"/>
<String STYLE="superscript" LANG="en-US" CONTENT="cm" HEIGHT="22" WIDTH="45" VPOS="2211" HPOS="1182"/>
<String LANG="en-US" CONTENT="." HEIGHT="10" WIDTH="10" VPOS="2238" HPOS="1230"/>
</TextLine>
<TextLine HEIGHT="54" WIDTH="2022" VPOS="2279" HPOS="378" CS="1">
<String CONTENT="&#169;" HEIGHT="54" WIDTH="53" VPOS="2279" HPOS="378"/>
<SP/>
<String CS="1" CONTENT="1c."/>
<SP HEIGHT="40" WIDTH="26" VPOS="2284" HPOS="529"/>
<String CONTENT="Nov." HEIGHT="39" WIDTH="121" VPOS="2284" HPOS="556"/>
<SP HEIGHT="42" WIDTH="27" VPOS="2281" HPOS="678"/>
<String CONTENT="25," HEIGHT="49" WIDTH="70" VPOS="2281" HPOS="706"/>
<SP HEIGHT="48" WIDTH="30" VPOS="2282" HPOS="777"/>
<String CONTENT="1936" HEIGHT="40" WIDTH="115" VPOS="2281" HPOS="808"/>
<SP HEIGHT="48" WIDTH="15" VPOS="2281" HPOS="924"/>
<String CONTENT=";" HEIGHT="37" WIDTH="9" VPOS="2292" HPOS="940"/>
<SP HEIGHT="47" WIDTH="31" VPOS="2282" HPOS="950"/>
<!-- cceid A71377BC-6E3A-1014-83DD-942C093A1DD9 --><String CONTENT="A" HEIGHT="38" WIDTH="41" VPOS="2282" HPOS="982"/>
<SP HEIGHT="38" WIDTH="28" VPOS="2282" HPOS="1024"/>
<String CONTENT="ad" HEIGHT="39" WIDTH="61" VPOS="2281" HPOS="1053"/>
<SP HEIGHT="40" WIDTH="28" VPOS="2280" HPOS="1115"/>
<String CONTENT="int." HEIGHT="41" WIDTH="88" VPOS="2280" HPOS="1144"/>
<SP HEIGHT="41" WIDTH="28" VPOS="2280" HPOS="1233"/>
<String CONTENT="22071" HEIGHT="41" WIDTH="145" VPOS="2279" HPOS="1262"/>
<SP HEIGHT="47" WIDTH="18" VPOS="2280" HPOS="1408"/>
<String CONTENT=";" HEIGHT="36" WIDTH="8" VPOS="2291" HPOS="1427"/>
<SP HEIGHT="37" WIDTH="32" VPOS="2291" HPOS="1436"/>
<String CONTENT="pubd." HEIGHT="48" WIDTH="142" VPOS="2280" HPOS="1469"/>
<SP HEIGHT="41" WIDTH="34" VPOS="2281" HPOS="1612"/>
<String CONTENT="Sept." HEIGHT="48" WIDTH="129" VPOS="2281" HPOS="1647"/>
<SP HEIGHT="42" WIDTH="31" VPOS="2280" HPOS="1777"/>
<String CONTENT="28" HEIGHT="41" WIDTH="57" VPOS="2280" HPOS="1809"/>
<SP HEIGHT="48" WIDTH="15" VPOS="2280" HPOS="1867"/>
<String CONTENT=";" HEIGHT="36" WIDTH="8" VPOS="2292" HPOS="1883"/>
<SP HEIGHT="46" WIDTH="32" VPOS="2282" HPOS="1892"/>
<String CONTENT="Alfred" HEIGHT="41" WIDTH="176" VPOS="2281" HPOS="1925"/>
<SP HEIGHT="42" WIDTH="28" VPOS="2281" HPOS="2102"/>
<String CONTENT="A." HEIGHT="40" WIDTH="55" VPOS="2283" HPOS="2131"/>
<SP HEIGHT="40" WIDTH="29" VPOS="2283" HPOS="2187"/>
<String CONTENT="Knopf," HEIGHT="50" WIDTH="183" VPOS="2283" HPOS="2217"/>
</TextLine>
<TextLine HEIGHT="53" WIDTH="795" VPOS="2337" HPOS="449">
<String CONTENT="inc.," HEIGHT="50" WIDTH="107" VPOS="2340" HPOS="449"/>
<SP HEIGHT="49" WIDTH="31" VPOS="2341" HPOS="557"/>
<String CONTENT="New" HEIGHT="39" WIDTH="119" VPOS="2341" HPOS="589"/>
<SP HEIGHT="39" WIDTH="31" VPOS="2340" HPOS="709"/>
<String CONTENT="York." HEIGHT="40" WIDTH="146" VPOS="2339" HPOS="741"/>
<SP HEIGHT="48" WIDTH="71" VPOS="2338" HPOS="888"/>
<String CONTENT="(36-35766)" HEIGHT="49" WIDTH="284" VPOS="2337" HPOS="960"/>
</TextLine>
<TextLine HEIGHT="65" WIDTH="717" VPOS="2445" HPOS="374" STYLEREFS="StyleId-47D6B1FC-A0D5-4A5F-93CE-E724EEF5F2D6-">
<String CONTENT="Wolff," HEIGHT="65" WIDTH="197" VPOS="2445" HPOS="374"/>
<SP HEIGHT="64" WIDTH="24" VPOS="2446" HPOS="572"/>
<String CONTENT="Theodor," HEIGHT="64" WIDTH="291" VPOS="2445" HPOS="597"/>
<SP HEIGHT="60" WIDTH="28" VPOS="2449" HPOS="889"/>
<String CONTENT="1868-" HEIGHT="51" WIDTH="173" VPOS="2449" HPOS="918"/>
</TextLine>
<TextLine HEIGHT="71" WIDTH="1951" VPOS="2534" HPOS="447" STYLEREFS="StyleId-848BD78D-F345-4FF3-9B10-95ABC5329626-" CS="1">
<String CONTENT="Through" HEIGHT="67" WIDTH="280" VPOS="2536" HPOS="447"/>
<SP HEIGHT="52" WIDTH="39" VPOS="2536" HPOS="728"/>
<String CONTENT="two" HEIGHT="49" WIDTH="113" VPOS="2541" HPOS="768"/>
<SP HEIGHT="55" WIDTH="38" VPOS="2535" HPOS="882"/>
<String CONTENT="decades," HEIGHT="67" WIDTH="255" VPOS="2534" HPOS="921"/>
<SP HEIGHT="67" WIDTH="35" VPOS="2534" HPOS="1177"/>
<String CONTENT="by" HEIGHT="67" WIDTH="77" VPOS="2534" HPOS="1213"/>
<SP HEIGHT="66" WIDTH="37" VPOS="2535" HPOS="1291"/>
<String CONTENT="Theodor" HEIGHT="54" WIDTH="267" VPOS="2534" HPOS="1329"/>
<SP HEIGHT="55" WIDTH="37" VPOS="2535" HPOS="1597"/>
<String CONTENT="Wolff" HEIGHT="56" WIDTH="182" VPOS="2534" HPOS="1635"/>
<SP HEIGHT="54" WIDTH="44" VPOS="2534" HPOS="1818"/>
<String CS="1" CONTENT="&#8230;"/>
<SP HEIGHT="50" WIDTH="43" VPOS="2540" HPOS="1921"/>
<String CONTENT="translated" HEIGHT="55" WIDTH="319" VPOS="2535" HPOS="1965"/>
<SP HEIGHT="54" WIDTH="37" VPOS="2536" HPOS="2285"/>
<String CONTENT="by" HEIGHT="69" WIDTH="75" VPOS="2536" HPOS="2323"/>
</TextLine>
<TextLine HEIGHT="69" WIDTH="1805" VPOS="2613" HPOS="377" STYLEREFS="StyleId-848BD78D-F345-4FF3-9B10-95ABC5329626-" CS="1">
<String LANG="en-US" CONTENT="E." HEIGHT="53" WIDTH="67" VPOS="2617" HPOS="377"/>
<SP HEIGHT="54" WIDTH="27" VPOS="2617" HPOS="445"/>
<String LANG="en-US" CONTENT="W." HEIGHT="54" WIDTH="90" VPOS="2617" HPOS="473"/>
<SP HEIGHT="54" WIDTH="29" VPOS="2616" HPOS="564"/>
<String LANG="de" CONTENT="Dickes." HEIGHT="54" WIDTH="226" VPOS="2615" HPOS="594"/>
<SP HEIGHT="55" WIDTH="75" VPOS="2613" HPOS="821"/>
<String LANG="en-US" CONTENT="London" HEIGHT="54" WIDTH="243" VPOS="2613" HPOS="897"/>
<SP HEIGHT="49" WIDTH="33" VPOS="2632" HPOS="1141"/>
<String LANG="en-US" CS="1" CONTENT="[etc.]" HEIGHT="62" WIDTH="122" VPOS="2618" HPOS="1193"/>
<SP HEIGHT="66" WIDTH="30" VPOS="2614" HPOS="1316"/>
<String LANG="fr" CONTENT="W." HEIGHT="54" WIDTH="90" VPOS="2614" HPOS="1347"/>
<SP HEIGHT="54" WIDTH="30" VPOS="2613" HPOS="1438"/>
<String LANG="fr" CONTENT="Heinemann" HEIGHT="54" WIDTH="368" VPOS="2613" HPOS="1469"/>
<SP HEIGHT="54" WIDTH="25" VPOS="2613" HPOS="1838"/>
<String LANG="en-US" CONTENT="ltd." HEIGHT="54" WIDTH="106" VPOS="2613" HPOS="1864"/>
<SP HEIGHT="35" WIDTH="35" VPOS="2647" HPOS="1971"/>
<String LANG="en-US" CS="1" CONTENT="[1936]" HEIGHT="66" WIDTH="153" VPOS="2616" HPOS="2029"/>
</TextLine>
<TextLine HEIGHT="52" WIDTH="991" VPOS="2686" HPOS="447" CS="1">
<String CONTENT="4" HEIGHT="40" WIDTH="29" VPOS="2689" HPOS="447"/>
<SP HEIGHT="49" WIDTH="23" VPOS="2689" HPOS="477"/>
<String CONTENT="p." HEIGHT="38" WIDTH="43" VPOS="2700" HPOS="501"/>
<SP/>
<String CS="1" CONTENT="l.," HEIGHT="16" WIDTH="8" VPOS="2719" HPOS="608"/>
<SP HEIGHT="36" WIDTH="28" VPOS="2699" HPOS="617"/>
<String CONTENT="vii-xiv," HEIGHT="49" WIDTH="199" VPOS="2687" HPOS="646"/>
<SP HEIGHT="49" WIDTH="25" VPOS="2687" HPOS="846"/>
<String CONTENT="324" HEIGHT="41" WIDTH="88" VPOS="2687" HPOS="872"/>
<SP HEIGHT="48" WIDTH="23" VPOS="2687" HPOS="961"/>
<String CONTENT="p." HEIGHT="38" WIDTH="44" VPOS="2697" HPOS="985"/>
<SP HEIGHT="38" WIDTH="54" VPOS="2697" HPOS="1030"/>
<String CONTENT="ports." HEIGHT="47" WIDTH="150" VPOS="2688" HPOS="1085"/>
<SP HEIGHT="41" WIDTH="52" VPOS="2686" HPOS="1236"/>
<String CS="1" CONTENT="22&#189;" HEIGHT="40" WIDTH="57" VPOS="2686" HPOS="1289"/>
<String STYLE="superscript" CONTENT="cm" HEIGHT="22" WIDTH="44" VPOS="2688" HPOS="1379"/>
<String CONTENT="." HEIGHT="8" WIDTH="9" VPOS="2719" HPOS="1429"/>
</TextLine>
<TextLine HEIGHT="51" WIDTH="1948" VPOS="2742" HPOS="450">
<String LANG="en-US" CONTENT="&#8220;First" HEIGHT="40" WIDTH="166" VPOS="2745" HPOS="450"/>
<SP HEIGHT="46" WIDTH="21" VPOS="2747" HPOS="617"/>
<String LANG="en-US" CONTENT="published" HEIGHT="49" WIDTH="259" VPOS="2744" HPOS="639"/>
<SP HEIGHT="41" WIDTH="25" VPOS="2743" HPOS="899"/>
<String LANG="en-US" CONTENT="in" HEIGHT="41" WIDTH="50" VPOS="2743" HPOS="925"/>
<SP HEIGHT="41" WIDTH="24" VPOS="2743" HPOS="976"/>
<String LANG="en-US" CONTENT="German" HEIGHT="41" WIDTH="209" VPOS="2743" HPOS="1001"/>
<SP HEIGHT="40" WIDTH="26" VPOS="2743" HPOS="1211"/>
<String LANG="en-US" CONTENT="in" HEIGHT="40" WIDTH="49" VPOS="2743" HPOS="1238"/>
<SP HEIGHT="39" WIDTH="26" VPOS="2744" HPOS="1288"/>
<String LANG="en-US" CONTENT="1936," HEIGHT="48" WIDTH="130" VPOS="2742" HPOS="1315"/>
<SP HEIGHT="36" WIDTH="25" VPOS="2754" HPOS="1446"/>
<String LANG="en-US" CONTENT="under" HEIGHT="40" WIDTH="155" VPOS="2743" HPOS="1472"/>
<SP HEIGHT="39" WIDTH="23" VPOS="2745" HPOS="1628"/>
<String LANG="en-US" CONTENT="the" HEIGHT="41" WIDTH="83" VPOS="2743" HPOS="1652"/>
<SP HEIGHT="39" WIDTH="23" VPOS="2744" HPOS="1736"/>
<String LANG="en-US" CONTENT="title" HEIGHT="42" WIDTH="111" VPOS="2742" HPOS="1760"/>
<SP HEIGHT="41" WIDTH="24" VPOS="2743" HPOS="1872"/>
<String LANG="de" CONTENT="Der" HEIGHT="40" WIDTH="101" VPOS="2743" HPOS="1897"/>
<SP HEIGHT="29" WIDTH="21" VPOS="2754" HPOS="1999"/>
<String LANG="de" CONTENT="marsch" HEIGHT="40" WIDTH="196" VPOS="2745" HPOS="2021"/>
<SP HEIGHT="41" WIDTH="24" VPOS="2745" HPOS="2218"/>
<String LANG="de" CONTENT="durch" HEIGHT="42" WIDTH="155" VPOS="2745" HPOS="2243"/>
</TextLine>
<TextLine HEIGHT="51" WIDTH="1399" VPOS="2799" HPOS="376" LANG="de">
<String CONTENT="zwei" HEIGHT="40" WIDTH="120" VPOS="2802" HPOS="376"/>
<SP HEIGHT="48" WIDTH="21" VPOS="2802" HPOS="497"/>
<String CONTENT="Jahrzehnte," HEIGHT="48" WIDTH="308" VPOS="2802" HPOS="519"/>
<SP HEIGHT="48" WIDTH="25" VPOS="2801" HPOS="828"/>
<String LANG="en-US" CONTENT="by" HEIGHT="48" WIDTH="64" VPOS="2801" HPOS="854"/>
<SP HEIGHT="48" WIDTH="21" VPOS="2801" HPOS="919"/>
<String CONTENT="Allert" HEIGHT="40" WIDTH="159" VPOS="2801" HPOS="941"/>
<SP HEIGHT="40" WIDTH="24" VPOS="2801" HPOS="1101"/>
<String CONTENT="de" HEIGHT="40" WIDTH="60" VPOS="2801" HPOS="1126"/>
<SP HEIGHT="40" WIDTH="25" VPOS="2800" HPOS="1187"/>
<String CONTENT="Lange," HEIGHT="47" WIDTH="177" VPOS="2800" HPOS="1213"/>
<SP HEIGHT="48" WIDTH="25" VPOS="2799" HPOS="1391"/>
<String CONTENT="Amsterdam.&#8221;" HEIGHT="41" WIDTH="358" VPOS="2799" HPOS="1417"/>
</TextLine>
<TextLine HEIGHT="55" WIDTH="2020" VPOS="2868" HPOS="378" LANG="de" CS="1">
<String CONTENT="&#169;" HEIGHT="54" WIDTH="55" VPOS="2868" HPOS="378"/>
<SP/>
<String CS="1" CONTENT="1c."/>
<SP HEIGHT="39" WIDTH="38" VPOS="2874" HPOS="537"/>
<String LANG="en-US" CONTENT="Dec." HEIGHT="39" WIDTH="114" VPOS="2874" HPOS="576"/>
<SP HEIGHT="41" WIDTH="38" VPOS="2872" HPOS="691"/>
<String CONTENT="15," HEIGHT="51" WIDTH="69" VPOS="2868" HPOS="730"/>
<SP HEIGHT="48" WIDTH="38" VPOS="2871" HPOS="800"/>
<String CONTENT="1936;" HEIGHT="49" WIDTH="141" VPOS="2870" HPOS="839"/>
<SP HEIGHT="48" WIDTH="41" VPOS="2871" HPOS="981"/>
<!-- cceid A7138300-6E3A-1014-83DD-942C093A1DD9 --><String LANG="fr" CONTENT="A" HEIGHT="40" WIDTH="42" VPOS="2871" HPOS="1023"/>
<SP HEIGHT="40" WIDTH="37" VPOS="2871" HPOS="1066"/>
<String CONTENT="ad" HEIGHT="41" WIDTH="61" VPOS="2870" HPOS="1104"/>
<SP HEIGHT="42" WIDTH="36" VPOS="2869" HPOS="1166"/>
<String CONTENT="int." HEIGHT="42" WIDTH="87" VPOS="2869" HPOS="1203"/>
<SP HEIGHT="41" WIDTH="37" VPOS="2869" HPOS="1291"/>
<String CONTENT="22204;" HEIGHT="49" WIDTH="173" VPOS="2869" HPOS="1329"/>
<SP HEIGHT="39" WIDTH="40" VPOS="2880" HPOS="1503"/>
<String CONTENT="pubd." HEIGHT="49" WIDTH="143" VPOS="2870" HPOS="1544"/>
<SP HEIGHT="43" WIDTH="40" VPOS="2870" HPOS="1688"/>
<String CONTENT="Oct." HEIGHT="44" WIDTH="104" VPOS="2870" HPOS="1729"/>
<SP HEIGHT="43" WIDTH="38" VPOS="2871" HPOS="1834"/>
<String CONTENT="19;" HEIGHT="49" WIDTH="83" VPOS="2871" HPOS="1873"/>
<SP HEIGHT="47" WIDTH="42" VPOS="2873" HPOS="1957"/>
<String CONTENT="E." HEIGHT="40" WIDTH="53" VPOS="2873" HPOS="2000"/>
<SP HEIGHT="40" WIDTH="37" VPOS="2874" HPOS="2054"/>
<String CONTENT="W." HEIGHT="40" WIDTH="73" VPOS="2874" HPOS="2092"/>
<SP HEIGHT="40" WIDTH="37" VPOS="2874" HPOS="2166"/>
<String CONTENT="Dickes," HEIGHT="50" WIDTH="194" VPOS="2873" HPOS="2204"/>
</TextLine>
<TextLine HEIGHT="52" WIDTH="1136" VPOS="2927" HPOS="453">
<String LANG="en-US" CONTENT="Stockport," HEIGHT="49" WIDTH="274" VPOS="2930" HPOS="453"/>
<SP HEIGHT="48" WIDTH="36" VPOS="2931" HPOS="728"/>
<String LANG="en-US" CONTENT="Cheshire," HEIGHT="50" WIDTH="249" VPOS="2927" HPOS="765"/>
<SP HEIGHT="47" WIDTH="35" VPOS="2930" HPOS="1015"/>
<String LANG="de" CONTENT="England." HEIGHT="48" WIDTH="237" VPOS="2928" HPOS="1051"/>
<SP HEIGHT="47" WIDTH="76" VPOS="2929" HPOS="1289"/>
<String LANG="de" CONTENT="(37-635)" HEIGHT="49" WIDTH="223" VPOS="2927" HPOS="1366"/>
</TextLine>
<TextLine HEIGHT="65" WIDTH="799" VPOS="3033" HPOS="379" STYLEREFS="StyleId-47D6B1FC-A0D5-4A5F-93CE-E724EEF5F2D6-">
<String LANG="en-US" CONTENT="Workman," HEIGHT="64" WIDTH="340" VPOS="3034" HPOS="379"/>
<SP HEIGHT="64" WIDTH="25" VPOS="3034" HPOS="720"/>
<String LANG="de" CONTENT="Rona" HEIGHT="54" WIDTH="170" VPOS="3034" HPOS="746"/>
<SP HEIGHT="54" WIDTH="21" VPOS="3034" HPOS="917"/>
<String LANG="de" CONTENT="Morris." HEIGHT="56" WIDTH="239" VPOS="3033" HPOS="939"/>
</TextLine>
<TextLine HEIGHT="71" WIDTH="1949" VPOS="3123" HPOS="446" STYLEREFS="StyleId-848BD78D-F345-4FF3-9B10-95ABC5329626-" CS="1">
<String LANG="de" CONTENT="Just" HEIGHT="56" WIDTH="136" VPOS="3124" HPOS="446"/>
<SP HEIGHT="55" WIDTH="44" VPOS="3124" HPOS="583"/>
<String LANG="de" CONTENT="loggin&#8217;," HEIGHT="71" WIDTH="238" VPOS="3123" HPOS="628"/>
<SP HEIGHT="70" WIDTH="43" VPOS="3124" HPOS="867"/>
<String LANG="en-US" CONTENT="by" HEIGHT="68" WIDTH="77" VPOS="3124" HPOS="911"/>
<SP HEIGHT="68" WIDTH="46" VPOS="3124" HPOS="989"/>
<String LANG="de" CONTENT="Rona" HEIGHT="54" WIDTH="167" VPOS="3124" HPOS="1036"/>
<SP HEIGHT="52" WIDTH="46" VPOS="3126" HPOS="1204"/>
<String LANG="de" CONTENT="Morris" HEIGHT="55" WIDTH="214" VPOS="3124" HPOS="1251"/>
<SP HEIGHT="54" WIDTH="46" VPOS="3126" HPOS="1466"/>
<String LANG="en-US" CONTENT="Workman." HEIGHT="56" WIDTH="334" VPOS="3124" HPOS="1513"/>
<SP HEIGHT="52" WIDTH="75" VPOS="3127" HPOS="1848"/>
<String LANG="en-US" CONTENT="Portland," HEIGHT="68" WIDTH="303" VPOS="3126" HPOS="1924"/>
<SP HEIGHT="68" WIDTH="48" VPOS="3126" HPOS="2228"/>
<String LANG="en-US" CONTENT="Or.," HEIGHT="67" WIDTH="118" VPOS="3126" HPOS="2277"/>
</TextLine>
<TextLine HEIGHT="70" WIDTH="840" VPOS="3203" HPOS="375" STYLEREFS="StyleId-848BD78D-F345-4FF3-9B10-95ABC5329626-" LANG="de" CS="1">
<String CONTENT="Metropolitan" HEIGHT="70" WIDTH="418" VPOS="3203" HPOS="375"/>
<SP HEIGHT="52" WIDTH="31" VPOS="3221" HPOS="794"/>
<String CONTENT="press" HEIGHT="51" WIDTH="158" VPOS="3222" HPOS="826"/>
<SP HEIGHT="49" WIDTH="33" VPOS="3224" HPOS="985"/>
<String CS="1" CONTENT="["/>
<String STYLE="superscript" CONTENT="c" HEIGHT="23" WIDTH="20" VPOS="3210" HPOS="1036"/>
<String CONTENT="1936]" HEIGHT="64" WIDTH="154" VPOS="3208" HPOS="1061"/>
</TextLine>
<TextLine HEIGHT="51" WIDTH="311" VPOS="3277" HPOS="449" LANG="de">
<String CONTENT="46" HEIGHT="41" WIDTH="59" VPOS="3278" HPOS="449"/>
<SP HEIGHT="50" WIDTH="27" VPOS="3278" HPOS="509"/>
<String CONTENT="p." HEIGHT="39" WIDTH="43" VPOS="3289" HPOS="537"/>
<SP HEIGHT="42" WIDTH="59" VPOS="3277" HPOS="581"/>
<String CONTENT="20" HEIGHT="41" WIDTH="59" VPOS="3277" HPOS="641"/>
<String STYLE="superscript" CONTENT="cm" HEIGHT="21" WIDTH="44" VPOS="3281" HPOS="703"/>
<String CONTENT="." HEIGHT="9" WIDTH="9" VPOS="3310" HPOS="751"/>
</TextLine>
<TextLine HEIGHT="49" WIDTH="687" VPOS="3335" HPOS="450">
<String CONTENT="Illustrated" HEIGHT="41" WIDTH="293" VPOS="3336" HPOS="450"/>
<SP HEIGHT="40" WIDTH="25" VPOS="3336" HPOS="744"/>
<String CONTENT="lining-papers." HEIGHT="49" WIDTH="367" VPOS="3335" HPOS="770"/>
</TextLine>
<TextLine HEIGHT="40" WIDTH="187" VPOS="3394" HPOS="449" LANG="de">
<String CONTENT="Poems." HEIGHT="40" WIDTH="187" VPOS="3394" HPOS="449"/>
</TextLine>
<TextLine HEIGHT="53" WIDTH="2016" VPOS="3460" HPOS="379">
<String LANG="de" CONTENT="&#169;" HEIGHT="53" WIDTH="53" VPOS="3460" HPOS="379"/>
<SP HEIGHT="53" WIDTH="39" VPOS="3460" HPOS="433"/>
<String LANG="de" CONTENT="Oct." HEIGHT="41" WIDTH="103" VPOS="3464" HPOS="473"/>
<SP HEIGHT="39" WIDTH="40" VPOS="3464" HPOS="577"/>
<String LANG="de" CONTENT="15," HEIGHT="48" WIDTH="70" VPOS="3464" HPOS="618"/>
<SP HEIGHT="48" WIDTH="41" VPOS="3464" HPOS="689"/>
<String LANG="de" CONTENT="1936;" HEIGHT="47" WIDTH="142" VPOS="3463" HPOS="731"/>
<SP HEIGHT="47" WIDTH="41" VPOS="3463" HPOS="874"/>
<String LANG="de" CONTENT="2c." HEIGHT="41" WIDTH="68" VPOS="3463" HPOS="916"/>
<SP HEIGHT="30" WIDTH="41" VPOS="3474" HPOS="985"/>
<String LANG="de" CONTENT="and" HEIGHT="39" WIDTH="96" VPOS="3463" HPOS="1027"/>
<SP HEIGHT="40" WIDTH="41" VPOS="3463" HPOS="1124"/>
<String LANG="de" CONTENT="aff." HEIGHT="41" WIDTH="82" VPOS="3463" HPOS="1166"/>
<SP HEIGHT="40" WIDTH="42" VPOS="3464" HPOS="1249"/>
<String LANG="en-US" CONTENT="Dec." HEIGHT="38" WIDTH="112" VPOS="3464" HPOS="1292"/>
<SP HEIGHT="40" WIDTH="42" VPOS="3462" HPOS="1405"/>
<String LANG="de" CONTENT="24;" HEIGHT="48" WIDTH="83" VPOS="3462" HPOS="1448"/>
<SP HEIGHT="46" WIDTH="43" VPOS="3464" HPOS="1532"/>
<!-- cceid A7139117-6E3A-1014-83DD-942C093A1DD9 --><String LANG="en-US" CONTENT="A" HEIGHT="39" WIDTH="42" VPOS="3464" HPOS="1576"/>
<SP HEIGHT="40" WIDTH="39" VPOS="3463" HPOS="1619"/>
<String LANG="de" CONTENT="102032;" HEIGHT="49" WIDTH="201" VPOS="3461" HPOS="1659"/>
<SP HEIGHT="47" WIDTH="44" VPOS="3463" HPOS="1861"/>
<String LANG="de" CONTENT="R." HEIGHT="40" WIDTH="54" VPOS="3463" HPOS="1906"/>
<SP HEIGHT="39" WIDTH="46" VPOS="3464" HPOS="1961"/>
<String LANG="de" CONTENT="M." HEIGHT="40" WIDTH="61" VPOS="3464" HPOS="2008"/>
<SP HEIGHT="40" WIDTH="44" VPOS="3464" HPOS="2070"/>
<String LANG="en-US" CONTENT="Workman," HEIGHT="48" WIDTH="280" VPOS="3463" HPOS="2115"/>
</TextLine>
<TextLine HEIGHT="52" WIDTH="768" VPOS="3519" HPOS="453">
<String CONTENT="Forest" HEIGHT="40" WIDTH="171" VPOS="3522" HPOS="453"/>
<SP HEIGHT="41" WIDTH="26" VPOS="3522" HPOS="625"/>
<String CONTENT="Grove," HEIGHT="49" WIDTH="173" VPOS="3522" HPOS="652"/>
<SP HEIGHT="50" WIDTH="25" VPOS="3521" HPOS="826"/>
<String CONTENT="Or." HEIGHT="41" WIDTH="80" VPOS="3521" HPOS="852"/>
<SP HEIGHT="49" WIDTH="63" VPOS="3520" HPOS="933"/>
<String CONTENT="(37-220)" HEIGHT="50" WIDTH="224" VPOS="3519" HPOS="997"/>
</TextLine>
<TextLine HEIGHT="65" WIDTH="583" VPOS="3627" HPOS="377" STYLEREFS="StyleId-47D6B1FC-A0D5-4A5F-93CE-E724EEF5F2D6-">
<String CONTENT="Wrynn," HEIGHT="64" WIDTH="247" VPOS="3628" HPOS="377"/>
<SP HEIGHT="65" WIDTH="24" VPOS="3627" HPOS="625"/>
<String CONTENT="Anthony." HEIGHT="64" WIDTH="310" VPOS="3627" HPOS="650"/>
</TextLine>
<TextLine HEIGHT="69" WIDTH="1943" VPOS="3703" HPOS="452" STYLEREFS="StyleId-848BD78D-F345-4FF3-9B10-95ABC5329626-">
<String CONTENT="Someone" HEIGHT="56" WIDTH="278" VPOS="3703" HPOS="452"/>
<SP HEIGHT="34" WIDTH="38" VPOS="3722" HPOS="731"/>
<String CONTENT="who" HEIGHT="54" WIDTH="128" VPOS="3704" HPOS="770"/>
<SP HEIGHT="34" WIDTH="39" VPOS="3724" HPOS="899"/>
<String CONTENT="will" HEIGHT="55" WIDTH="120" VPOS="3703" HPOS="939"/>
<SP HEIGHT="52" WIDTH="38" VPOS="3705" HPOS="1060"/>
<String CONTENT="not" HEIGHT="48" WIDTH="102" VPOS="3709" HPOS="1099"/>
<SP HEIGHT="54" WIDTH="35" VPOS="3703" HPOS="1202"/>
<String CONTENT="believe" HEIGHT="54" WIDTH="217" VPOS="3703" HPOS="1238"/>
<SP HEIGHT="54" WIDTH="38" VPOS="3703" HPOS="1456"/>
<String CONTENT="it," HEIGHT="68" WIDTH="65" VPOS="3703" HPOS="1495"/>
<SP HEIGHT="49" WIDTH="37" VPOS="3722" HPOS="1561"/>
<String CONTENT="and" HEIGHT="53" WIDTH="113" VPOS="3704" HPOS="1599"/>
<SP HEIGHT="67" WIDTH="39" VPOS="3704" HPOS="1713"/>
<String CONTENT="poems," HEIGHT="49" WIDTH="209" VPOS="3722" HPOS="1753"/>
<SP HEIGHT="68" WIDTH="38" VPOS="3703" HPOS="1963"/>
<String CONTENT="by" HEIGHT="69" WIDTH="75" VPOS="3703" HPOS="2002"/>
<SP HEIGHT="68" WIDTH="37" VPOS="3704" HPOS="2078"/>
<String CONTENT="Anthony" HEIGHT="67" WIDTH="279" VPOS="3704" HPOS="2116"/>
</TextLine>
<TextLine HEIGHT="70" WIDTH="1387" VPOS="3782" HPOS="378" STYLEREFS="StyleId-848BD78D-F345-4FF3-9B10-95ABC5329626-">
<String CONTENT="Wrynn." HEIGHT="69" WIDTH="241" VPOS="3783" HPOS="378"/>
<SP HEIGHT="52" WIDTH="75" VPOS="3785" HPOS="620"/>
<String CONTENT="Philadelphia," HEIGHT="70" WIDTH="430" VPOS="3782" HPOS="696"/>
<SP HEIGHT="69" WIDTH="28" VPOS="3783" HPOS="1127"/>
<String LANG="de" CONTENT="Ritten" HEIGHT="54" WIDTH="202" VPOS="3782" HPOS="1156"/>
<SP HEIGHT="52" WIDTH="30" VPOS="3783" HPOS="1359"/>
<String CONTENT="house," HEIGHT="65" WIDTH="191" VPOS="3783" HPOS="1390"/>
<SP HEIGHT="60" WIDTH="32" VPOS="3788" HPOS="1582"/>
<String CONTENT="1936." HEIGHT="51" WIDTH="150" VPOS="3786" HPOS="1615"/>
</TextLine>
<TextLine HEIGHT="49" WIDTH="423" VPOS="3856" HPOS="451" STYLEREFS="StyleId-848BD78D-F345-4FF3-9B10-95ABC5329626-">
<String CONTENT="vii," HEIGHT="46" WIDTH="82" VPOS="3857" HPOS="451"/>
<SP HEIGHT="46" WIDTH="29" VPOS="3857" HPOS="534"/>
<String CONTENT="29" HEIGHT="41" WIDTH="58" VPOS="3857" HPOS="564"/>
<SP HEIGHT="48" WIDTH="27" VPOS="3857" HPOS="623"/>
<String CONTENT="p." HEIGHT="37" WIDTH="44" VPOS="3868" HPOS="651"/>
<SP HEIGHT="41" WIDTH="58" VPOS="3856" HPOS="696"/>
<String CONTENT="23" HEIGHT="41" WIDTH="56" VPOS="3856" HPOS="755"/>
<String STYLE="superscript" CONTENT="cm" HEIGHT="22" WIDTH="45" VPOS="3859" HPOS="815"/>
<String CONTENT="." HEIGHT="8" WIDTH="9" VPOS="3890" HPOS="865"/>
</TextLine>
<TextLine HEIGHT="43" WIDTH="424" VPOS="3913" HPOS="452">
<String CONTENT="&#8220;First" HEIGHT="40" WIDTH="164" VPOS="3915" HPOS="452"/>
<SP HEIGHT="39" WIDTH="27" VPOS="3916" HPOS="617"/>
<String CONTENT="edition.&#8221;" HEIGHT="43" WIDTH="231" VPOS="3913" HPOS="645"/>
</TextLine>
<TextLine HEIGHT="54" WIDTH="1740" VPOS="3981" HPOS="380">
<String CONTENT="&#169;" HEIGHT="54" WIDTH="54" VPOS="3981" HPOS="380"/>
<SP HEIGHT="54" WIDTH="26" VPOS="3981" HPOS="435"/>
<String CONTENT="Dec." HEIGHT="39" WIDTH="112" VPOS="3986" HPOS="462"/>
<SP HEIGHT="39" WIDTH="27" VPOS="3986" HPOS="575"/>
<String CONTENT="16," HEIGHT="48" WIDTH="70" VPOS="3985" HPOS="603"/>
<SP HEIGHT="47" WIDTH="27" VPOS="3986" HPOS="674"/>
<String CONTENT="1936;" HEIGHT="47" WIDTH="140" VPOS="3984" HPOS="702"/>
<SP HEIGHT="47" WIDTH="27" VPOS="3984" HPOS="843"/>
<String CONTENT="2c." HEIGHT="43" WIDTH="68" VPOS="3984" HPOS="871"/>
<SP HEIGHT="31" WIDTH="27" VPOS="3996" HPOS="940"/>
<String CONTENT="and" HEIGHT="41" WIDTH="96" VPOS="3985" HPOS="968"/>
<SP HEIGHT="39" WIDTH="27" VPOS="3985" HPOS="1065"/>
<String CONTENT="aff." HEIGHT="44" WIDTH="82" VPOS="3982" HPOS="1093"/>
<SP HEIGHT="40" WIDTH="27" VPOS="3986" HPOS="1176"/>
<String CONTENT="Dec." HEIGHT="39" WIDTH="112" VPOS="3986" HPOS="1204"/>
<SP HEIGHT="40" WIDTH="28" VPOS="3985" HPOS="1317"/>
<String CONTENT="18;" HEIGHT="48" WIDTH="82" VPOS="3983" HPOS="1346"/>
<SP HEIGHT="46" WIDTH="29" VPOS="3985" HPOS="1429"/>
<!-- cceid A7139C1A-6E3A-1014-83DD-942C093A1DD9 --><String CONTENT="A" HEIGHT="39" WIDTH="40" VPOS="3985" HPOS="1459"/>
<SP HEIGHT="39" WIDTH="25" VPOS="3985" HPOS="1500"/>
<String CONTENT="101379;" HEIGHT="49" WIDTH="201" VPOS="3982" HPOS="1526"/>
<SP HEIGHT="47" WIDTH="30" VPOS="3984" HPOS="1728"/>
<String LANG="de" CONTENT="Ritten" HEIGHT="42" WIDTH="169" VPOS="3982" HPOS="1759"/>
<SP HEIGHT="40" WIDTH="24" VPOS="3983" HPOS="1929"/>
<String CONTENT="house." HEIGHT="41" WIDTH="166" VPOS="3983" HPOS="1954"/>
</TextLine>
<TextLine HEIGHT="51" WIDTH="225" VPOS="4041" HPOS="462">
<String CONTENT="(37-228)" HEIGHT="51" WIDTH="225" VPOS="4041" HPOS="462"/>
</TextLine>
</TextBlock>
</PrintSpace>
</Page>
</Layout>
</alto>