2519 4377
1367 4193 101 48 346

388 505 1213 66 Arsen'ev, Nīkolaĭ Serg i͡e ev ī ch, 1888-
458 583 104 53 We
595 583 204 53 beheld
832 583 113 54 His
978 584 195 68 glory;
1210 583 97 52 the
1342 581 295 70 primitive
1671 580 297 57 Christian
2002 601 251 51 message
2289 584 111 52 and

390 662 369 68 present-day
801 660 272 69 religious
1111 661 216 66 trends,
1366 661 75 68 by
1482 660 271 54 Nicholas
1792 659 281 55 Arseniev
2118 705 57 10 ...
389 666 1989 126 translated

578 739 154 53 from
764 740 96 52 the
894 738 250 55 German
1176 739 74 67 by
1284 739 171 68 Mary
1487 738 181 53 Anita
1702 740 170 51 Ewer
1912 782 56 10 ...
2049 738 137 54 New
2227 740 177 67 York,

389 816 363 69 Milwaukee,
779 817 338 53 Morehouse
1145 816 338 69 publishing
1507 835 97 49 co.,
1632 819 149 52 1936.

526 888 667 50 xx p., 1 l., 219, [1] p. 19 cm .
391 945 55 54 ©
470 950 122 40 Mar.
621 949 41 48 6,
691 949 117 41 1936;
864 949 67 43 2c.
960 950 123 40 Mar.
1112 949 53 40 13;
1224 948 83 41 aff.
1338 950 120 39 Mar.
1490 949 55 40 12;
1605 950 41 39 A
1673 948 144 43 93439;
1878 951 290 41 Morehouse
2197 951 109 49 pub.
2336 962 68 32 co.

472 1007 254 49 (36-8238)

391 1110 379 54 Association
813 1111 63 52 of
915 1111 104 52 life
1062 1111 314 53 insurance
1417 1111 246 53 medical
1704 1110 310 55 directors.

463 1189 274 54 Abstract
768 1189 62 51 of
863 1189 96 51 the
989 1187 371 69 proceedings
1394 1189 62 52 of
1487 1190 95 52 the
1617 1188 342 68 forty-sixth
1996 1190 210 52 annual
392 1195 1990 139 meeting
532 1268 62 52 of

633 1268 95 53 the
767 1266 362 55 Association
1169 1267 62 53 of
1269 1267 104 54 life
1412 1268 300 52 insurance
1748 1267 243 53 medical
2032 1267 275 54 directors
2344 1269 62 51 of

393 1346 268 53 America
713 1388 56 9 ...
849 1365 35 32 v.
943 1348 84 50 22.
1103 1346 139 51 New
1288 1345 163 53 York
1493 1346 134 67 city,
1671 1348 167 51 Press
1884 1347 63 52 of
1992 1346 327 68 Recording
2363 1351 47 50 &

392 1422 304 56 statistical
726 1423 384 68 corporation,
1143 1428 149 49 1936.

465 1497 101 48 viii,
595 1497 90 41 379
713 1508 42 37 p.
818 1497 169 47 tables,
1020 1496 181 48 diagrs.
1262 1496 147 41 23½cm.

395 1551 54 53 ©
482 1556 109 39 Jan.
624 1555 70 47 20,
728 1554 141 45 1936;
904 1554 66 39 2c.
1005 1554 111 40 Feb.
1149 1554 52 45 5;
1237 1553 83 42 aff.
1355 1554 110 39 Feb.
1500 1555 82 45 26;
1613 1555 42 38 A
1687 1554 172 45 91616;
1895 1553 309 41 Association
2237 1555 53 40 of
2321 1555 92 42 life

468 1614 264 41 insurance
756 1612 206 40 medical
990 1612 237 40 directors
1255 1612 51 40 of
1332 1612 239 47 America,
1598 1612 225 48 Newark,
1852 1613 57 40 N.
1938 1613 45 40 J.

395 1719 266 62 Bassett,
688 1717 156 55 John
873 1716 204 57 Keith.

467 1794 255 54 Trailers
765 1793 66 55 of
866 1793 97 54 the
1003 1812 150 50 sage,
1193 1793 76 67 by
1309 1792 156 54 John
1507 1792 180 53 Keith
1729 1794 245 54 Bassett.
2052 1794 140 52 New
2233 1793 180 66 York,

395 1873 558 68 Greenberg [ c 1936]
467 1948 91 41 256
587 1959 32 39 p
723 1947 30 41 19½
782 1950 45 21 cm
832 1977 9 9 .

399 2002 54 54 ©
481 2007 114 47 Apr.
624 2006 41 46 2,
697 2005 115 40 1936;
872 2006 67 39 2c.
970 2005 115 47 Apr.
1112 2004 30 39 9;
1200 2004 83 40 aff.
1314 2004 114 48 Apr.
1461 2006 26 38 6;
1547 2004 41 39 A
1618 2004 144 41 93593;
1825 2004 289 49 Greenberg,
2148 2004 263 49 publisher,

467 2062 91 42 inc.
627 2062 231 49 (36-8269
867 2062 13 47 )

398 2167 320 64 Bennison,
744 2168 143 52 Ben.

476 2244 226 69 [Giants
730 2265 70 33 on
830 2244 231 68 parade.
1138 2244 96 53 8th
1264 2244 348 66 instalment]
1693 2242 252 55 Fiercest
1975 2241 208 69 lighter
2211 2243 63 55 of
2306 2245 105 65 all;

401 2325 95 54 the
521 2324 266 66 amazing
810 2324 122 52 Kid
955 2323 201 54 Lewis.

481 2392 1106 53 ( In London The People, Feb. 16, 1936)
402 2449 1996 104 © 1c. Apr. 13, 1936; A ad int. 21311; pubd. Feb. 16; B. Bennison, London.
403 2617 294 65 Bindloss,
723 2616 243 65 Harold,
995 2620 172 51 1866-

476 2694 122 53 The
659 2692 311 56 forbidden
1027 2692 170 68 river,
1254 2692 75 69 by
1388 2692 227 53 Harold
1674 2690 287 54 Bindloss.
2038 2692 138 51 New
2237 2692 178 65 York,

404 2773 313 55 Frederick
750 2774 71 52 A.
855 2772 202 56 Stokes
1086 2789 299 49 company,
1420 2775 149 49 1936.

479 2847 62 48 vi,
569 2847 89 41 345
685 2857 43 39 p.
788 2845 147 42 19½cm.

407 2903 53 53 ©
493 2907 114 48 Apr.
641 2906 39 45 6,
714 2905 141 45 1936;
891 2905 67 40 2c.
992 2905 97 39 and
1122 2903 81 40 aff.
1237 2903 114 48 Apr.
1386 2903 52 46 8;
1475 2902 40 39 A
1548 2901 171 47 92825;
1757 2899 263 43 Frederick
2051 2901 55 41 A.
2145 2901 174 41 Stokes
2350 2911 68 31 co.

489 2963 253 48 (36-8135)

406 3066 340 63 Blashfield,
772 3067 85 52 De
883 3064 149 56 Witt
1060 3063 254 56 Clinton.

479 3143 364 55 Blashfield’s
867 3143 327 67 cyclopedia
1222 3141 63 52 of
1312 3139 344 54 automobile
1682 3140 108 51 law
1817 3139 112 53 and
1955 3140 265 66 practice.

407 3142 1988 134 Permanent
686 3222 103 65 ed.,
834 3222 141 53 with
1020 3220 197 53 forms.
1295 3222 90 64 By
1429 3219 96 52 the
1569 3217 322 68 publishers
1955 3217 269 53 editorial
2268 3214 150 57 staff,

408 3304 254 51 volumes
703 3302 169 50 11-12
915 3344 55 9 ...
1050 3299 227 52 Kansas
1316 3296 154 67 City,
1504 3297 134 66 Mo.,
1675 3297 235 53 Vernon
1945 3297 111 51 law
2093 3296 146 53 book
409 3313 1986 134 company;

624 3374 1381 68 St. Paul, Minn., West publishing co. [ c 1936]
479 3452 273 39 2 v . 25½cm.
761 3518 106 30 CONTENTS.—v.
897 3505 70 42 11.
997 3507 183 40 Forms.
1225 3504 218 41 Sections
1461 3503 388 42 6781-7550.—v.
1875 3500 70 42 12.
1976 3502 184 41 Forms.
2206 3501 217 42 Sections

410 3568 255 40 7551-End
700 3567 95 39 and
833 3566 152 39 Index
1021 3567 52 38 to
1103 3564 168 39 forms.

413 3621 53 53 ©
506 3626 110 39 Jan.
660 3624 68 47 11,
770 3617 145 46 19361
953 3623 68 39 2c.
1061 3622 95 39 and
1198 3620 83 41 aff.
1323 3619 111 39 Feb.
1477 3619 80 42 17;
1600 3619 39 38 A
1681 3618 158 47 90827,
1881 3617 172 46 90828;
2100 3617 189 40 Vernon
2328 3618 94 38 law

485 3674 1939 52 book co. and West pub. co. [ Copyright is claimed on new matter and
484 3738 226 49 revision]

412 3843 158 61 Bow,
597 3841 256 55 William
881 3840 313 64 Brighton.

485 3920 120 53 The
643 3919 291 67 Brighton
972 3919 139 50 Bow
1148 3913 505 69 beauty-building
1687 3911 369 68 bill-of-fare,
2092 3912 132 53 does
2262 3929 162 49 away

418 3998 138 52 with
602 3999 78 51 all
723 3996 141 52 need
909 3994 94 52 for
1046 3995 95 52 the
1185 3994 170 65 study
1401 3992 62 51 of
1508 3990 252 54 calories,
1804 3989 290 66 vitamins,
2137 3988 286 57 minerals,

418 4075 271 68 proteins,
736 4078 121 61 etc.,
903 4073 109 52 and
1061 4073 183 52 shows
1290 4071 96 51 the
1430 4089 103 35 one
1580 4068 294 62 unfailing
1921 4067 140 52 road
2107 4071 57 47 to
2211 4067 212 55 health.
