2519 4377
1303 4121 133 53 1058

376 533 146 53 issue
572 534 158 52 writs
780 533 63 53 of
890 533 355 52 mandamus.
1322 534 173 65 Upon
1546 532 206 68 appeal
1801 531 152 53 from
2003 533 95 52 the
2147 530 246 55 District

377 620 160 47 court
575 612 63 53 of
677 612 94 53 the
811 610 217 56 United
1068 610 189 55 States
1294 610 96 53 for
1424 611 97 53 the
1556 611 275 52 northern
1870 608 227 55 district
2135 610 63 53 of
377 610 1987 135 California.
649 690 272 53 southern
984 687 264 55 division.
1372 688 116 55 [San
1550 688 323 68 Francisco,
1934 689 458 54 Pernau-Walsh

377 770 264 66 printing
670 787 98 49 co.]
802 775 17 21 c
826 772 149 49 1936.

447 858 25 39 3
501 867 43 38 p.
610 889 8 15 l.,
646 857 57 40 43
731 866 43 38 p.
831 855 55 41 23½
920 858 44 21 cm
970 884 7 9 .

448 928 62 40 At
542 927 124 41 head
699 926 52 42 of
782 926 108 42 title:
951 936 73 32 no.
1057 925 127 41 7963.

381 996 53 54 ©
470 1001 110 40 Jan.
617 1000 41 47 8,
694 999 139 41 1936:
872 997 66 41 2c.
978 998 95 39 and
1110 997 82 40 aff.
1232 998 110 39 Jan.
1380 997 82 43 13:
1501 997 40 39 A
1578 997 171 46 91153;
1789 997 190 39 Harold
2017 998 50 39 P.
2105 997 149 49 Ballf,
2297 999 97 41 San

453 1056 277 41 Francisco.

379 1203 1991 148 … United States Circuit court of appeals for the ninth circuit. Harry A. Ballf, appellant,
380 1282 2016 148 vs. Harry T. Kranz … appellee. Brief of appellant. Upon appeal from the District
379 1448 160 48 court
578 1442 63 54 of
678 1443 95 51 the
810 1441 219 55 United
1071 1440 188 54 States
1299 1439 94 54 for
1428 1440 96 52 the
1560 1440 276 52 northern
1874 1439 231 54 district
2139 1440 62 53 of
379 1440 1992 138 California,
649 1520 273 53 southern
984 1517 265 54 division.
1375 1517 116 55 [San
1553 1515 322 69 Francisco,
1937 1520 457 54 Pernau-Walsh

379 1600 264 69 printing
668 1618 98 49 co.]
799 1606 17 21 c
822 1601 150 52 1936.

452 1691 24 38 1
507 1700 43 37 p.
617 1720 8 16 l.,
658 1687 61 49 vi,
751 1687 85 40 109
866 1698 43 37 p.
968 1687 56 40 23½
1058 1689 15 21 cm
1108 1720 9 8 .

451 1761 64 39 At
543 1758 127 41 head
699 1758 51 40 of
780 1758 138 41 title:
951 1768 75 30 no.
1059 1756 127 42 7963.

382 1828 53 53 ©
467 1832 110 40 Jan.
610 1831 40 47 8,
684 1829 141 47 1936;
859 1830 67 38 2c.
960 1828 95 39 and
1088 1827 82 41 aff.
1203 1828 109 39 Jan.
1347 1828 81 43 13;
1466 1827 41 39 A
1538 1825 171 44 91152;
1747 1828 60 41 H.
1840 1828 52 39 A.
1928 1827 150 49 Ballf,
2117 1829 97 40 San
451 1829 1928 101 Francisco.

378 2036 256 62 Balters,
664 2033 295 62 Wilhelm,
991 2039 173 49 1893-

453 2126 244 54 Theorie
749 2126 117 52 und
921 2125 197 67 praxis
1170 2124 99 53 der
1322 2122 214 54 totalen
1590 2122 117 53 und
1761 2122 307 69 partiellen
2117 2124 280 68 prothese,

383 2202 2016 73 von prof. dr. Wilhelm Balters … Mit 445 abbildungen im
382 2291 122 49 text
535 2286 118 52 und
689 2284 104 53 auf
831 2288 27 48 1
893 2281 377 71 zweiteiligen
1304 2281 162 54 tafel.
1533 2281 259 70 Leipzig,
1825 2282 78 53 H.
1937 2282 271 68 Meusser,
2246 2287 149 49 1935.

454 2376 48 40 vi
530 2387 57 37 p.,
616 2375 24 39 1
709 2405 8 17 l.,
743 2373 88 41 238
857 2384 41 37 p.
957 2373 143 47 illus.,
1199 2404 8 17 pl.,
1235 2372 180 47 diagrs.
1472 2372 57 39 24
1532 2373 45 22 cm
1582 2403 8 8 .

455 2447 141 39 Plate
625 2444 345 49 accompanied
1000 2444 62 48 by
1089 2446 133 38 loose
1251 2444 131 47 plate
1412 2445 48 38 to
1490 2444 57 40 be
1577 2442 379 49 superimposed.

382 2513 2013 54 © Oct. 3, 1935; 1c. Apr. 30, 1936; A-Foreign 31647; Hermann Meusser.
463 2574 284 49 (36-17598)

378 2692 240 65 Battell,
649 2692 242 64 Joseph,
926 2696 327 50 1839-1915.

450 2783 309 53 American
806 2783 232 53 stallion
1087 2783 266 67 register;
1404 2780 300 70 including
1750 2782 76 52 all
1876 2783 262 52 stallions
379 2785 1989 131 prominent
558 2863 60 53 in
663 2862 98 53 the
801 2860 275 70 breeding
1118 2861 65 53 of
1223 2862 96 53 the
1362 2861 308 54 American
1713 2861 277 69 roadster,
2032 2865 206 51 trotter
2282 2863 111 53 and

382 2960 185 49 pacer,
610 2941 153 53 from
805 2941 96 52 the
941 2940 225 53 earliest
1211 2941 226 53 records
1478 2946 58 47 to
1580 2944 149 49 1903.
1805 2940 137 54 And
1985 2939 115 54 this
2140 2941 255 54 includes

379 3020 199 67 nearly
623 3020 78 54 all
746 3020 287 67 imported
1078 3018 246 68 English
1370 3019 474 67 thoroughbreds,
1890 3018 114 54 and
2046 3020 150 53 their
2240 3038 155 35 more

380 3097 426 68 distinguished
848 3104 112 61 get,
1000 3098 261 67 together
1303 3098 140 52 with
1483 3116 172 48 many
1698 3097 63 53 of
1801 3098 97 53 the
1938 3098 260 53 stallions
2240 3098 154 54 from

382 3176 186 52 which
609 3176 137 67 they
789 3194 92 34 are
922 3175 341 56 descended;
1308 3176 112 52 and
1464 3176 76 51 all
1583 3176 141 52 sires
1761 3176 64 53 of
1866 3179 150 49 2:30
2058 3180 233 49 trotters
2330 3196 63 33 or

380 3258 149 50 2:25
564 3272 196 49 pacers
793 3259 58 46 to
888 3257 150 49 1903.
1114 3253 140 53 Also
1288 3254 94 53 the
1416 3253 193 68 rating
1642 3254 63 52 of
1737 3255 249 66 Morgan
2018 3255 169 52 blood
2219 3255 61 52 in
2315 3255 78 53 all

381 3332 63 54 of
482 3332 154 53 these
675 3331 262 53 stallions
976 3351 59 35 so
1073 3332 96 52 far
1209 3350 59 34 as
1305 3332 224 53 known.
1607 3331 301 68 Compiled
1950 3332 153 55 from
2144 3331 244 69 original

378 3429 224 34 sources
649 3408 139 55 with
837 3428 172 48 many
1059 3410 313 67 pedigrees,
1418 3409 252 55 hitherto
1715 3411 343 67 incorrectly
2106 3411 286 67 recorded,

381 3487 288 55 corrected
720 3486 87 69 (in
848 3488 76 52 all
964 3506 150 35 cases
1151 3489 95 52 the
1286 3487 262 54 evidence
1589 3507 153 50 upon
1781 3488 185 53 which
2008 3488 117 54 this
2162 3490 48 52 is
2248 3489 142 53 done

379 3567 171 67 being
586 3565 227 69 given),
852 3567 111 52 and
1000 3586 172 49 many
1208 3586 154 34 more
1398 3568 297 67 pedigrees
1731 3568 297 67 extended,
2064 3569 74 67 by
2174 3569 216 67 Joseph

379 3645 1988 224 Battell … volume 5. With which is bound The horse; its natural history and various breeds, by the same author … Middlebury, Vt., Otter Valiev press, inc., 1936.
448 3887 27 39 2
502 3898 42 37 p.
610 3920 7 14 l.,
645 3887 100 49 322,
778 3887 70 51 [2],
877 3889 86 40 318
990 3898 43 37 p.
1092 3887 154 47 diagr.
1305 3887 59 41 26
1363 3891 16 21 cm
1414 3921 7 7 .

381 3953 52 52 ©
463 3958 116 45 Aug.
610 3959 37 46 1,
677 3958 113 40 1936;
848 3958 66 41 2c.
943 3958 96 39 and
1069 3959 81 40 aff.
1180 3960 119 44 Aug.
1329 3959 81 42 19;
1442 3960 38 38 A
1509 3959 172 42 96992;
1714 3957 255 41 President
1997 3959 94 39 and
2122 3958 189 39 fellows
2341 3957 52 40 of

452 4013 309 49 Middlebury
789 4015 193 48 college,
1013 4015 322 48 Middlebury,
1365 4016 76 39 Vt.
