2519 4377
1046 4097 99 50 553

119 445 390 65 Lushington,
538 444 301 65 Franklin,
871 451 166 49 1892-

189 521 159 67 They
373 521 176 67 laugh
574 521 129 52 that
726 521 113 51 win;
896 539 80 48 or,
1000 520 229 53 There’s
1253 521 165 67 glory
1446 520 94 52 for
1565 538 110 50 you
1696 520 11 53 !
1771 521 92 66 By

119 521 1969 128 Franklin
235 597 360 67 Lushington
636 640 56 10 ...
770 597 258 68 London,
1062 598 185 51 Faber
1284 598 111 53 and
1433 598 202 66 Faber,
1669 596 224 54 limited
1934 600 173 66 [1936]

188 668 589 47 2 p. l., 7-312 p. 19 cm .
120 723 1993 53 © 1c. Apr. 3, 1936; A ad int. 21258; pubd. Feb. 13; F. Lushington,
185 785 285 45 Tenterden,
497 784 142 47 Kent,
668 784 235 47 England.
968 782 278 48 (36-10393)

114 887 270 64 McLeod,
412 886 288 65 Malcolm,
732 888 171 54 1878-

186 964 121 53 The
336 983 122 34 new
488 963 306 54 handbook
824 963 62 54 of
917 962 264 70 English,
1211 963 75 68 by
1317 963 270 54 Malcolm
1618 963 251 54 McLeod
1907 1007 56 10 ...
2000 963 110 53 and

119 1042 156 54 Stith
309 1042 328 67 Thompson
679 1085 55 9 ...
807 1042 139 53 New
981 1041 178 68 York,
1192 1043 66 52 T.
1291 1042 210 53 Nelson
1536 1043 111 52 and
1681 1060 146 49 sons,
1860 1046 150 49 1936.

187 1115 65 47 xi,
282 1115 86 41 362
399 1127 44 37 p.
504 1116 55 39 17
562 1117 44 21 cm
610 1146 9 9 .
690 1115 275 49 (Half-title;
1020 1115 217 41 Nelson’s
1270 1116 201 49 English
1503 1116 177 47 series;
1714 1117 195 48 general
1941 1117 171 48 editor,

116 1172 52 40 E.
201 1172 300 49 Bernbaum)

186 1229 206 42 Indexes
426 1241 59 29 on
520 1229 361 50 lining-papers.

115 1282 56 53 ©
201 1288 112 46 May
347 1288 39 45 1,
421 1287 139 46 1936;
596 1286 67 41 2c.
698 1289 95 37 and
827 1287 82 40 aff.
945 1288 113 47 May
1091 1286 52 47 2;
1181 1288 39 37 A
1253 1286 170 48 94257;
1461 1287 210 40 Thomas
1706 1287 178 39 Nelson
1917 1288 36 38 &
1988 1297 125 30 sons.

193 1343 279 48 (36-10205)

112 1445 221 62 Makin,
358 1446 255 55 William
641 1447 220 62 James,
892 1450 170 50 1894-
1275 1465 178 47 comp.

187 1524 121 52 The
353 1522 105 54 life
506 1523 64 54 of
615 1523 164 68 King
824 1521 220 70 George
1090 1523 95 53 the
1232 1522 189 68 Fifth,
1468 1523 280 68 compiled
1796 1523 74 68 by
1915 1524 90 53 W.
2055 1523 55 54 J.

115 1600 228 68 Makin;
376 1601 171 69 being
579 1621 35 34 a
645 1601 274 69 complete
950 1601 197 54 record
1180 1601 63 55 of
1273 1601 96 54 the
1399 1603 113 52 late
1543 1600 187 71 king’s

1760 1600 106 54 life
1899 1601 62 54 of
115 1619 1973 129 seventy
288 1679 257 53 eventful
585 1699 193 49 years;
822 1680 140 53 with
1004 1682 199 66 nearly
1245 1684 102 48 250
1386 1680 287 53 half-tone
1714 1681 395 53 illustrations.

115 1758 254 67 London,
400 1758 64 55 C.
493 1758 71 53 A.
596 1759 269 66 Pearson,
893 1758 223 53 limited
1151 1761 173 65 [1936]

183 1829 1361 52 320 p. incl. front., illus., plates, ports. 25 × 19½ cm .
114 1885 1997 53 © 1c. Apr. 16, 1936; A ad int. 21322; pubd. Mar. 1; C. Arthur Pearson,
183 1947 85 39 ltd.
337 1946 278 47 (36-10217)

113 2049 197 62 Mann,
339 2049 246 53 Francis
609 2050 201 53 Oscar.

185 2125 162 52 Blow
380 2125 110 52 and
524 2124 150 64 Clee,
704 2125 75 63 by
811 2125 65 53 F.
910 2125 68 54 O.
1010 2125 194 52 Mann.
1273 2126 258 62 London,
1560 2126 188 51 Faber
1781 2126 110 51 and
1925 2127 184 51 Faber

117 2205 172 65 [1936]

183 2276 618 49 2 p. l., 7-312 p. 19½ cm .
113 2330 1998 53 © 1c. Apr. 10, 1936; A ad int. 21396; pubd. Feb. 20; Royal exchange
181 2402 274 36 assurance,
488 2392 211 40 London.
768 2391 279 48 (36-10606)

112 2496 347 63 Marquand,
485 2495 154 53 John
667 2495 264 65 Phillips,
961 2501 170 49 1893-

186 2614 55 9 ...
279 2570 206 52 Thank
515 2588 130 51 you,
677 2571 110 54 Mr.
821 2571 175 54 Moto.
1063 2573 233 66 Boston,
1326 2572 196 67 Little,
1554 2573 229 65 Brown,
1816 2572 111 53 and
112 2591 1971 125 company,
319 2652 149 49 1936.

181 2724 27 38 4
236 2733 41 37 p.
343 2755 8 15 l.,
379 2722 157 47 3-277,
567 2723 55 50 [1]
656 2734 43 38 p.
754 2722 56 41 19½
841 2726 44 21 cm
891 2757 8 8 .

113 2775 52 52 ©
196 2780 113 47 May
340 2780 68 45 18,
441 2779 112 40 1936;
614 2780 67 39 2c.
713 2781 95 38 and
840 2780 82 40 aff.
955 2781 112 46 May
1097 2780 56 39 19;
1214 2781 40 38 A
1284 2779 145 42 94488;
1491 2781 42 40 J.
1569 2782 49 39 P.
1653 2782 287 46 Marquand,
180 2783 1912 100 Newburyport,
458 2837 145 39 Mass.
674 2836 278 48 (36-10235)

112 2938 221 64 Mayer,
365 2938 246 66 Gustav,
643 2941 170 53 1871-

183 3053 56 10 ...
279 3013 299 53 Friedrich
613 3014 231 69 Engels,
877 3033 30 34 a
940 3014 353 70 biography;
1329 3014 141 53 with
1502 3033 71 33 an
1609 3013 388 54 introduction
2032 3013 73 70 by

109 3088 68 54 G.
203 3091 72 52 D.
301 3091 76 53 H.
403 3090 151 54 Cole.
617 3092 139 52 New
783 3092 179 68 York,
986 3092 70 53 A.
1080 3092 72 53 A.
1180 3092 225 69 Knopf,
1434 3095 150 50 1936.

181 3164 83 47 xii,
290 3164 98 48 332,
416 3164 70 40 xii
511 3174 57 38 p.,
597 3165 24 38 1
650 3165 29 40 1.
739 3165 171 47 plates,
937 3168 148 45 ports.
1145 3165 56 39 22½
1234 3167 44 21 cm
1282 3196 8 9 .

182 3220 319 41 “Translated
528 3221 126 40 from
684 3223 80 39 the
791 3222 209 40 German
1026 3222 79 40 for
1129 3222 85 41 the
1238 3222 108 41 first
1374 3222 116 42 time
1516 3222 62 47 by
1607 3221 189 42 Gilbert
1825 3222 94 39 and
1951 3221 153 40 Helen

114 3276 180 49 Highet;
349 3280 79 39 the
453 3278 296 41 translation
773 3279 162 41 edited
958 3280 61 46 by
1046 3279 54 40 R.
1130 3279 60 41 H.
1219 3278 43 41 S.
1291 3277 304 43 Crossman.”

181 3335 161 40 “First
369 3336 255 40 American
652 3335 225 42 edition.”

110 3390 52 51 ©
195 3395 112 46 May
339 3395 67 43 11,
441 3394 112 40 1936;
613 3394 67 40 2c.
715 3396 113 46 May
861 3396 54 37 14;
975 3394 82 41 aff.
1091 3396 113 39 May
1237 3395 53 40 13;
1352 3396 40 38 A
1425 3395 142 40 95171;
1632 3395 172 39 Alfred
1836 3395 54 38 A.
1926 3393 180 47 Knopf,

181 3451 90 40 inc.
339 3450 277 48 (36-10248)

109 3539 173 63 Mayo
308 3538 185 64 clinic,
520 3541 322 55 Rochester,
868 3540 182 54 Minn.

181 3616 284 54 Collected
501 3636 205 49 papers
739 3618 62 52 of
834 3619 95 52 the
965 3620 173 66 Mayo
1173 3616 166 54 clinic
1374 3619 108 51 and
1521 3619 93 50 the
1649 3619 173 66 Mayo
109 3617 1967 129 foundation.

322 3694 1778 68 Edited by Richard M. Hewitt, B . A ., M . A., M. D., Lloyd
109 3771 67 54 G.
207 3773 197 50 Potter
433 3773 108 50 and
571 3774 69 51 A.
674 3775 64 50 B.
770 3773 265 67 Nevling,
1063 3792 65 32 m.
1159 3793 46 31 d.
1281 3773 221 52 volume
1531 3774 85 66 27,
1646 3776 132 48 1935
1814 3815 55 9 ...

111 3772 1964 142 Philadelphia
407 3850 108 50 and
548 3850 257 56 London,
833 3852 89 52 W.
958 3853 66 49 B.
1060 3851 287 53 Saunders
1379 3868 296 49 company,
1710 3853 149 50 1936.

177 3920 135 42 xxiii.
344 3921 110 39 1353
485 3931 42 36 p.
584 3922 143 48 illus.,
758 3922 176 47 diagrs.
994 3922 56 38 24
1053 3925 43 19 cm
1102 3956 9 8 .

110 3972 52 51 ©
195 3978 112 45 May
340 3977 39 45 1,
412 3975 138 44 1936;
585 3977 66 40 2c.
688 3979 112 40 May
833 3979 52 41 5;
922 3977 80 40 aff.
1038 3979 113 46 May
1185 3979 51 45 6;
1273 3980 42 37 A
1346 3977 169 47 95038;
1552 3979 71 39 W.
1659 3978 53 39 B.
1752 3977 245 41 Saunders
2032 3987 66 30 co.
