2519 4377
1364 4171 100 50 318

392 481 293 67 Fletcher,
711 484 257 55 William
996 486 226 54 Meade.

464 561 267 54 Fletcher
758 562 332 68 cyclopedia
1116 563 64 53 of
1205 564 96 53 the
1328 566 111 51 law
1466 564 63 53 of
1556 565 227 67 private
1811 564 393 67 corporations
391 563 1994 129 (Permanent
653 640 114 67 ed.)
842 644 136 49 1936
1004 642 348 52 cumulative
1377 642 380 68 supplement,
1783 644 75 66 by
1885 642 200 54 Frank
2112 644 72 53 D.
2212 644 199 52 Moore

455 717 1954 73 … [for] volumes 1-20 … Chicago, Callaghan and company,
395 799 150 51 1936.

455 870 59 39 20
542 882 41 28 v.
642 870 56 41 23½
732 872 45 21 cm
781 901 8 8 .

465 928 159 41 These
652 928 276 49 pamphlets
960 938 84 30 are
1077 930 48 39 to
1157 928 58 42 be
1246 927 139 42 fitted
1416 928 103 42 into
1556 930 79 41 the
1666 929 201 50 pockets
1897 931 50 38 at
1978 930 85 39 the
2093 929 123 40 back
2247 930 51 40 of
2331 930 83 41 the

389 986 218 40 volumes
633 986 55 39 of
714 987 85 39 the
824 989 74 37 set
928 988 49 38 to
1007 985 160 41 which
1196 987 115 47 they
1340 987 186 48 belong.

391 1039 2022 54 © Feb. 27, 1936; 2c. each and aff. Mar. 2; A 92033; Callaghan & co.
394 1146 252 67 Folwell,
675 1147 228 66 George
929 1147 244 56 Harold.

468 1222 1946 71 Cases on criminal law, by George Harold Folwell … and
395 1301 1995 148 Jerome Prince … [Brooklyn] Brooklyn law school, St. Lawrence university, 1936.
465 1452 562 50 3 p. l., 329 p. 23½ cm .
468 1511 180 40 “Table
674 1510 52 39 of
753 1510 194 41 cases”:
976 1511 61 41 3d
1063 1510 173 48 prelim.
1279 1511 114 42 leaf.

395 1567 2023 54 © Jan. 31, 1936; 2c. and aff. Mar. 6; A 92113; G. H. Folwell and Jerome
463 1630 187 48 Prince,
679 1630 262 47 Brooklyn.
1009 1628 253 50 (36-7929)

397 1721 242 66 Fucilla,
667 1720 222 66 Joseph
921 1720 241 55 Guerin.

467 1797 389 54 D’Annunzio
893 1796 244 68 abroad;
1177 1816 32 34 a
1246 1795 484 70 bibliographical
1768 1814 177 50 essay,
1980 1796 75 68 by
2091 1796 219 68 Joseph
2346 1795 70 56 G.

397 1874 1994 150 Fucilla and Joseph M. Carrière … New York, Columbia university [ c 1935]
470 2028 1948 51 1 p. l., v-ix, 239 p. 20½ cm . (Publications of the Institute of French
398 2087 201 46 studies,
631 2086 120 49 inc.)

395 2140 53 53 ©
480 2145 131 39 June
639 2144 71 48 15,
743 2142 142 48 1935;
920 2143 67 41 2c.
1021 2144 96 39 and
1149 2142 83 41 aff.
1267 2143 110 39 Feb.
1409 2142 68 48 10,
1513 2141 140 49 1936;
1689 2143 40 39 A
1762 2143 171 47 91687;
1972 2143 52 41 G.
2060 2144 51 40 L.
2145 2153 95 31 van
471 2143 1930 106 Roosbroeck,
696 2202 120 39 New
852 2201 147 39 York.
1076 2200 253 48 (36-7975)

401 2294 200 64 Furst,
629 2293 262 53 Herbert
918 2293 221 52 Ernest
1165 2292 336 64 Augustus,
1531 2294 172 53 1874-

470 2371 116 52 Art
625 2368 320 68 debunked,
985 2369 75 68 by
1096 2368 254 54 Herbert
1390 2368 203 66 Furst;
1637 2367 142 53 with
1820 2368 160 68 eight
2020 2367 398 54 illustrations.

400 2450 139 53 New
567 2447 182 69 York,
775 2447 68 54 E.
870 2447 67 54 P.
964 2448 225 52 Dutton
1210 2449 46 51 &
1279 2465 98 51 co.,
1404 2447 126 67 inc.,
1555 2450 153 50 1936.

472 2524 88 40 136
585 2535 44 38 p.
686 2523 166 47 front.,
879 2523 173 48 plates.
1109 2521 149 43 19½cm.

475 2580 165 41 “First
672 2579 229 42 edition.”

401 2633 53 54 ©
482 2639 122 38 Mar.
632 2638 71 48 25,
732 2635 142 49 1936;
903 2636 67 40 2c.
1000 2637 96 39 and
1125 2635 82 41 aff.
1234 2636 123 39 Mar.
1386 2634 83 48 26;
1498 2635 41 38 A
1565 2633 173 49 92582;
1770 2636 54 40 E.
1854 2635 51 40 P.
1934 2635 189 39 Dutton
2154 2634 36 41 &
2217 2644 83 39 co.,
2329 2635 92 40 inc.

481 2693 254 50 (36-7971)

403 2784 311 65 Gardiner,
739 2784 293 64 Dorothy.

406 2854 1991 153 … The golden lady. Garden City, N. Y., Doubleday, Doran & company inc., 1936.
478 3009 907 50 6 p. l., 3-498 p. incl. front. 21 cm .
477 3068 163 41 “First
677 3066 229 42 edition.”

402 3125 53 53 ©
485 3130 121 39 Mar.
636 3128 71 48 27,
738 3127 114 40 1936;
910 3127 69 41 2c.
1008 3128 96 39 and
1135 3126 83 41 aff.
1243 3126 116 48 Apr.
1391 3126 52 46 1;
1475 3126 39 38 A
1544 3123 171 49 93495;
1751 3126 55 39 D.
1841 3124 256 48 Gardiner,
2128 3125 118 40 New
2277 3124 144 39 York.

484 3185 252 50 (36-7824)

407 3276 344 65 Godchaux,
778 3275 190 53 Elma.

480 3351 293 55 Stubborn
803 3356 174 62 roots,
1007 3351 74 67 by
1116 3350 169 51 Elma
1319 3347 333 55 Godchaux.
1729 3346 137 54 New
1903 3347 180 67 York,
2116 3347 121 51 The
410 3346 1990 136 Macmillan
639 3447 299 50 company,
974 3431 148 50 1936.

479 3499 467 50 4 p. l., 404 p. 20½cm.
408 3559 52 53 ©
503 3564 122 38 Mar.
667 3563 69 46 31,
778 3561 141 46 1936;
962 3561 68 40 2c.
1074 3561 96 38 and
1208 3559 82 40 aff.
1333 3559 114 48 Apr.
1489 3559 52 41 1;
1586 3558 39 39 A
1667 3557 171 43 92658;
1886 3558 51 39 E.
1983 3557 280 46 Godchaux,
2306 3556 118 40 New

478 3620 220 40 Orleans.
767 3617 251 50 (36-7830)

410 3709 424 63 Gulbranssen,
866 3709 255 63 Trygve,
1154 3712 173 50 1894-

482 3785 237 52 Beyond
751 3784 131 69 sing
909 3784 95 53 the
1034 3783 209 67 woods,
1275 3781 75 69 by
1383 3782 230 68 Trygve
1646 3778 421 67 Gulbranssen;
2105 3775 315 56 translated

413 3855 1988 77 by Naomi Walford. New York, G. P. Putnam’s sons [ c 1936]
481 3935 590 49 4 p. l., 3-313 p. 21 cm .
481 3995 66 36 “A
574 4003 118 38 copy
720 3993 52 40 of
794 4004 27 29 a
848 3993 178 46 special
1053 3991 334 48 presentation
1412 3990 185 41 edition
1624 3989 52 40 of
1698 3988 128 40 500.”

407 4049 53 53 ©
495 4054 110 40 Feb.
640 4051 69 49 19,
746 4051 139 48 1936;
923 4052 68 39 2c.
1025 4052 96 39 and
1155 4051 81 40 aff.
1276 4051 109 39 Feb.
1416 4049 83 47 24;
1536 4050 40 38 A
1612 4048 144 40 90923;
1821 4049 52 39 T.
1912 4048 346 40 Gulbranssen,
2296 4045 127 46 Oslo,

482 4111 225 45 Norway.
774 4107 278 50 (36-7994).
