<alto xmlns="http://www.loc.gov/standards/alto/ns-v3#" xmlns:xlink="http://www.w3.org/1999/xlink" xmlns:xsi="http://www.w3.org/2001/XMLSchema-instance" xsi:schemaLocation="http://www.loc.gov/standards/alto/ns-v3# http://www.loc.gov/alto/v3/alto-3-0.xsd"><Description>
<MeasurementUnit>pixel</MeasurementUnit>
<sourceImageInformation>
<fileName>1936_v33_Part1.pdf</fileName>
</sourceImageInformation>
<OCRProcessing ID="IdOcr">
<ocrProcessingStep>
<processingDateTime>2019-01-18</processingDateTime>
<processingSoftware>
<softwareCreator>ABBYY</softwareCreator>
<softwareName>ABBYY Recognition Server</softwareName>
<softwareVersion>4.0</softwareVersion>
</processingSoftware>
</ocrProcessingStep>
</OCRProcessing>
</Description>
<Styles>
<ParagraphStyle ID="StyleId-FFFFFFFF-FFFF-FFFF-FFFF-FFFFFFFFFFFF-" ALIGN="Left" LEFT="0." RIGHT="0." FIRSTLINE="0."/>
<ParagraphStyle ID="StyleId-51D50FAC-7A90-4D70-8A96-5EA9D46D1C8B-" ALIGN="Left" LEFT="0." RIGHT="0." FIRSTLINE="0." LINESPACE="7.699999809"/>
<ParagraphStyle ID="StyleId-6BC133E9-7DCB-43C3-8842-A67984A26405-" ALIGN="Block" LEFT="0." RIGHT="0." FIRSTLINE="-17." LINESPACE="8.340000153"/>
<ParagraphStyle ID="StyleId-3C3FF860-43E7-46A2-8934-48F305F6F0D6-" ALIGN="Left" LEFT="0." RIGHT="0." FIRSTLINE="-13." LINESPACE="11.06999969"/>
<ParagraphStyle ID="StyleId-19220C76-4F8A-4737-B38C-B5F5C17E6040-" ALIGN="Block" LEFT="0." RIGHT="0." FIRSTLINE="-13." LINESPACE="11.06999969"/>
<ParagraphStyle ID="StyleId-75A0D721-13ED-4F20-9002-B389EC48477D-" ALIGN="Left" LEFT="0." RIGHT="0." FIRSTLINE="0." LINESPACE="15.5"/>
<ParagraphStyle ID="StyleId-8A414184-C7A5-4AC7-9B88-7DA4DDE75922-" ALIGN="Left" LEFT="0." RIGHT="0." FIRSTLINE="0." LINESPACE="9.399999619"/>
<ParagraphStyle ID="StyleId-1A87970B-111C-4169-99A6-9412976F3C97-" ALIGN="Left" LEFT="0." RIGHT="0." FIRSTLINE="0." LINESPACE="10.5"/>
<ParagraphStyle ID="StyleId-72DB0571-5AE4-41FD-9E11-68C6AC4C437E-" ALIGN="Block" LEFT="0." RIGHT="0." FIRSTLINE="-17." LINESPACE="8.340000153"/>
<ParagraphStyle ID="StyleId-1AA43056-C388-4697-B10F-72FDAA38FAE1-" ALIGN="Center" LEFT="0." RIGHT="0." FIRSTLINE="0." LINESPACE="10.5"/>
</Styles>
<Layout>
<Page ID="Page524" PHYSICAL_IMG_NR="524" HEIGHT="4377" WIDTH="2519">
<TopMargin HEIGHT="430" WIDTH="2519" VPOS="0" HPOS="0">
</TopMargin>
<LeftMargin HEIGHT="3748" WIDTH="318" VPOS="430" HPOS="0">
</LeftMargin>
<RightMargin HEIGHT="3748" WIDTH="163" VPOS="430" HPOS="2356">
</RightMargin>
<BottomMargin HEIGHT="199" WIDTH="2519" VPOS="4178" HPOS="0">
</BottomMargin>
<PrintSpace HEIGHT="3748" WIDTH="2038" VPOS="430" HPOS="318">
<TextBlock ID="Page524_Block1" HEIGHT="72" WIDTH="122" VPOS="4106" HPOS="1276" LANG="en-US" STYLEREFS="StyleId-8F58FDB2-1711-41F1-8DD3-94DF49CB2FFC-">
<TextLine HEIGHT="51" WIDTH="101" VPOS="4116" HPOS="1287">
<String CONTENT="524" HEIGHT="51" WIDTH="101" VPOS="4116" HPOS="1287"/>
</TextLine>
</TextBlock>
<TextBlock ID="Page524_Block2" HEIGHT="3682" WIDTH="2038" VPOS="430" HPOS="318" LANG="en-US" CS="1" STYLEREFS="StyleId-4BFCDC02-039F-4FDA-B69D-3EED08FC9C34-">
<TextLine HEIGHT="65" WIDTH="1257" VPOS="440" HPOS="329" STYLEREFS="StyleId-0CBE0511-C955-4245-BB24-7E8A124FF2AB-">
<String CONTENT="Morton," HEIGHT="62" WIDTH="256" VPOS="443" HPOS="329"/>
<SP HEIGHT="62" WIDTH="32" VPOS="443" HPOS="586"/>
<String CONTENT="Henry" HEIGHT="62" WIDTH="208" VPOS="443" HPOS="619"/>
<SP HEIGHT="63" WIDTH="31" VPOS="442" HPOS="828"/>
<String CONTENT="Canova" HEIGHT="54" WIDTH="237" VPOS="442" HPOS="860"/>
<SP HEIGHT="53" WIDTH="32" VPOS="441" HPOS="1098"/>
<String CONTENT="Vollam," HEIGHT="64" WIDTH="247" VPOS="440" HPOS="1131"/>
<SP HEIGHT="57" WIDTH="34" VPOS="447" HPOS="1379"/>
<String CONTENT="1892-" HEIGHT="51" WIDTH="172" VPOS="446" HPOS="1414"/>
</TextLine>
<TextLine HEIGHT="70" WIDTH="1937" VPOS="517" HPOS="402" STYLEREFS="StyleId-907B5B5E-C605-43A0-A60B-32593D9A917B-">
<String CONTENT="The" HEIGHT="53" WIDTH="122" VPOS="518" HPOS="402"/>
<SP HEIGHT="35" WIDTH="36" VPOS="537" HPOS="525"/>
<String CONTENT="call" HEIGHT="54" WIDTH="109" VPOS="518" HPOS="562"/>
<SP HEIGHT="53" WIDTH="36" VPOS="519" HPOS="672"/>
<String CONTENT="of" HEIGHT="54" WIDTH="65" VPOS="518" HPOS="709"/>
<SP HEIGHT="54" WIDTH="35" VPOS="518" HPOS="775"/>
<String CONTENT="England," HEIGHT="69" WIDTH="291" VPOS="518" HPOS="811"/>
<SP HEIGHT="68" WIDTH="35" VPOS="518" HPOS="1103"/>
<String CONTENT="by" HEIGHT="68" WIDTH="75" VPOS="518" HPOS="1139"/>
<SP HEIGHT="67" WIDTH="36" VPOS="519" HPOS="1215"/>
<String CONTENT="H." HEIGHT="53" WIDTH="76" VPOS="519" HPOS="1252"/>
<SP HEIGHT="54" WIDTH="37" VPOS="520" HPOS="1329"/>
<String CONTENT="V." HEIGHT="54" WIDTH="70" VPOS="520" HPOS="1367"/>
<SP HEIGHT="54" WIDTH="38" VPOS="519" HPOS="1438"/>
<String CONTENT="Morton;" HEIGHT="66" WIDTH="262" VPOS="519" HPOS="1477"/>
<SP HEIGHT="47" WIDTH="38" VPOS="538" HPOS="1740"/>
<String CONTENT="with" HEIGHT="54" WIDTH="142" VPOS="517" HPOS="1779"/>
<SP HEIGHT="53" WIDTH="35" VPOS="518" HPOS="1922"/>
<String CONTENT="illustrations" HEIGHT="53" WIDTH="381" VPOS="518" HPOS="1958"/>
</TextLine>
<TextLine HEIGHT="69" WIDTH="1804" VPOS="596" HPOS="333" STYLEREFS="StyleId-907B5B5E-C605-43A0-A60B-32593D9A917B-" CS="1">
<String CONTENT="and" HEIGHT="53" WIDTH="112" VPOS="598" HPOS="333"/>
<SP HEIGHT="53" WIDTH="28" VPOS="598" HPOS="446"/>
<String CONTENT="map" HEIGHT="50" WIDTH="134" VPOS="615" HPOS="475"/>
<SP HEIGHT="50" WIDTH="33" VPOS="615" HPOS="610"/>
<String CS="1" CONTENT="&#8230;"/>
<SP HEIGHT="53" WIDTH="78" VPOS="597" HPOS="702"/>
<String CONTENT="New" HEIGHT="52" WIDTH="139" VPOS="597" HPOS="781"/>
<SP HEIGHT="52" WIDTH="30" VPOS="598" HPOS="921"/>
<String CONTENT="York," HEIGHT="68" WIDTH="182" VPOS="596" HPOS="952"/>
<SP HEIGHT="67" WIDTH="25" VPOS="597" HPOS="1135"/>
<String CONTENT="Dodd," HEIGHT="68" WIDTH="191" VPOS="597" HPOS="1161"/>
<SP HEIGHT="66" WIDTH="28" VPOS="599" HPOS="1353"/>
<String CONTENT="Mead" HEIGHT="52" WIDTH="171" VPOS="598" HPOS="1382"/>
<SP HEIGHT="52" WIDTH="29" VPOS="598" HPOS="1554"/>
<String CONTENT="&amp;" HEIGHT="50" WIDTH="45" VPOS="600" HPOS="1584"/>
<SP HEIGHT="50" WIDTH="25" VPOS="600" HPOS="1630"/>
<String CONTENT="company," HEIGHT="51" WIDTH="298" VPOS="613" HPOS="1656"/>
<SP HEIGHT="62" WIDTH="32" VPOS="601" HPOS="1955"/>
<String CONTENT="1936." HEIGHT="50" WIDTH="149" VPOS="600" HPOS="1988"/>
</TextLine>
<TextLine HEIGHT="51" WIDTH="1613" VPOS="668" HPOS="406" STYLEREFS="StyleId-907B5B5E-C605-43A0-A60B-32593D9A917B-" CS="1">
<String CONTENT="xi" HEIGHT="39" WIDTH="50" VPOS="671" HPOS="406"/>
<SP HEIGHT="47" WIDTH="35" VPOS="671" HPOS="457"/>
<String CONTENT="p.," HEIGHT="38" WIDTH="57" VPOS="681" HPOS="493"/>
<SP HEIGHT="48" WIDTH="34" VPOS="671" HPOS="551"/>
<String CONTENT="1" HEIGHT="38" WIDTH="25" VPOS="671" HPOS="586"/>
<SP HEIGHT="38" WIDTH="35" VPOS="671" HPOS="612"/>
<String CS="1" CONTENT="l.," HEIGHT="16" WIDTH="23" VPOS="701" HPOS="670"/>
<SP HEIGHT="47" WIDTH="34" VPOS="670" HPOS="694"/>
<String CONTENT="15-276" HEIGHT="41" WIDTH="176" VPOS="669" HPOS="729"/>
<SP HEIGHT="49" WIDTH="33" VPOS="669" HPOS="906"/>
<String CONTENT="p." HEIGHT="37" WIDTH="43" VPOS="681" HPOS="940"/>
<SP HEIGHT="43" WIDTH="58" VPOS="669" HPOS="984"/>
<String CONTENT="front.," HEIGHT="49" WIDTH="165" VPOS="669" HPOS="1043"/>
<SP HEIGHT="38" WIDTH="34" VPOS="680" HPOS="1209"/>
<String CONTENT="plates" HEIGHT="48" WIDTH="157" VPOS="670" HPOS="1244"/>
<SP HEIGHT="50" WIDTH="27" VPOS="668" HPOS="1402"/>
<String CONTENT="(part" HEIGHT="50" WIDTH="138" VPOS="668" HPOS="1430"/>
<SP HEIGHT="40" WIDTH="34" VPOS="670" HPOS="1569"/>
<String CONTENT="double)" HEIGHT="50" WIDTH="199" VPOS="669" HPOS="1604"/>
<SP HEIGHT="50" WIDTH="66" VPOS="669" HPOS="1804"/>
<String CS="1" CONTENT="22&#189;" HEIGHT="40" WIDTH="59" VPOS="669" HPOS="1871"/>
<String STYLE="superscript" CONTENT="cm" HEIGHT="22" WIDTH="46" VPOS="671" HPOS="1959"/>
<String CONTENT="." HEIGHT="10" WIDTH="8" VPOS="702" HPOS="2011"/>
</TextLine>
<TextLine HEIGHT="49" WIDTH="629" VPOS="727" HPOS="406">
<String CONTENT="Maps" HEIGHT="46" WIDTH="139" VPOS="730" HPOS="406"/>
<SP HEIGHT="30" WIDTH="30" VPOS="738" HPOS="546"/>
<String CONTENT="on" HEIGHT="30" WIDTH="59" VPOS="738" HPOS="577"/>
<SP HEIGHT="38" WIDTH="33" VPOS="729" HPOS="637"/>
<String CONTENT="lining-papers." HEIGHT="49" WIDTH="364" VPOS="727" HPOS="671"/>
</TextLine>
<TextLine HEIGHT="50" WIDTH="1934" VPOS="783" HPOS="408">
<String CONTENT="&#8220;This" HEIGHT="40" WIDTH="148" VPOS="785" HPOS="408"/>
<SP HEIGHT="41" WIDTH="30" VPOS="784" HPOS="557"/>
<String CONTENT="book," HEIGHT="49" WIDTH="139" VPOS="784" HPOS="588"/>
<SP HEIGHT="48" WIDTH="32" VPOS="785" HPOS="728"/>
<String CONTENT="like" HEIGHT="42" WIDTH="98" VPOS="783" HPOS="761"/>
<SP HEIGHT="41" WIDTH="32" VPOS="784" HPOS="860"/>
<String CONTENT="its" HEIGHT="40" WIDTH="65" VPOS="784" HPOS="893"/>
<SP HEIGHT="31" WIDTH="32" VPOS="793" HPOS="959"/>
<String CONTENT="companion," HEIGHT="50" WIDTH="300" VPOS="783" HPOS="992"/>
<SP HEIGHT="48" WIDTH="34" VPOS="785" HPOS="1293"/>
<String CONTENT="In" HEIGHT="39" WIDTH="58" VPOS="785" HPOS="1328"/>
<SP HEIGHT="30" WIDTH="31" VPOS="794" HPOS="1387"/>
<String CONTENT="search" HEIGHT="40" WIDTH="171" VPOS="784" HPOS="1419"/>
<SP HEIGHT="41" WIDTH="32" VPOS="784" HPOS="1591"/>
<String CONTENT="of" HEIGHT="41" WIDTH="53" VPOS="784" HPOS="1624"/>
<SP HEIGHT="40" WIDTH="30" VPOS="784" HPOS="1678"/>
<String CONTENT="England," HEIGHT="49" WIDTH="238" VPOS="784" HPOS="1709"/>
<SP HEIGHT="49" WIDTH="31" VPOS="784" HPOS="1948"/>
<String CONTENT="is" HEIGHT="40" WIDTH="43" VPOS="784" HPOS="1980"/>
<SP HEIGHT="38" WIDTH="34" VPOS="786" HPOS="2024"/>
<String CONTENT="the" HEIGHT="40" WIDTH="81" VPOS="784" HPOS="2059"/>
<SP HEIGHT="30" WIDTH="34" VPOS="794" HPOS="2141"/>
<String CONTENT="record" HEIGHT="40" WIDTH="166" VPOS="785" HPOS="2176"/>
</TextLine>
<TextLine HEIGHT="49" WIDTH="1750" VPOS="840" HPOS="335">
<String CONTENT="of" HEIGHT="40" WIDTH="51" VPOS="841" HPOS="335"/>
<SP HEIGHT="41" WIDTH="33" VPOS="841" HPOS="387"/>
<String CONTENT="a" HEIGHT="30" WIDTH="27" VPOS="852" HPOS="421"/>
<SP HEIGHT="31" WIDTH="32" VPOS="851" HPOS="449"/>
<String CONTENT="rather" HEIGHT="39" WIDTH="169" VPOS="842" HPOS="482"/>
<SP HEIGHT="39" WIDTH="34" VPOS="841" HPOS="652"/>
<String CONTENT="haphazard" HEIGHT="48" WIDTH="284" VPOS="841" HPOS="687"/>
<SP HEIGHT="39" WIDTH="36" VPOS="842" HPOS="972"/>
<String CONTENT="motor-car" HEIGHT="38" WIDTH="261" VPOS="844" HPOS="1009"/>
<SP HEIGHT="39" WIDTH="32" VPOS="842" HPOS="1271"/>
<String CONTENT="holiday" HEIGHT="47" WIDTH="200" VPOS="842" HPOS="1304"/>
<SP HEIGHT="49" WIDTH="32" VPOS="840" HPOS="1505"/>
<String CONTENT="in" HEIGHT="41" WIDTH="50" VPOS="840" HPOS="1538"/>
<SP HEIGHT="29" WIDTH="34" VPOS="852" HPOS="1589"/>
<String CONTENT="spring.&#8221;&#8212;Introd." HEIGHT="49" WIDTH="461" VPOS="840" HPOS="1624"/>
</TextLine>
<TextLine HEIGHT="53" WIDTH="2013" VPOS="896" HPOS="331" CS="1">
<String CONTENT="&#169;" HEIGHT="53" WIDTH="53" VPOS="896" HPOS="331"/>
<SP HEIGHT="53" WIDTH="30" VPOS="896" HPOS="385"/>
<String CONTENT="Mar." HEIGHT="40" WIDTH="121" VPOS="901" HPOS="416"/>
<SP HEIGHT="41" WIDTH="28" VPOS="900" HPOS="538"/>
<String CONTENT="31," HEIGHT="46" WIDTH="70" VPOS="900" HPOS="567"/>
<SP HEIGHT="45" WIDTH="31" VPOS="901" HPOS="638"/>
<String CS="1" CONTENT="1936;" HEIGHT="42" WIDTH="114" VPOS="898" HPOS="670"/>
<SP HEIGHT="47" WIDTH="32" VPOS="899" HPOS="812"/>
<String CONTENT="2c." HEIGHT="41" WIDTH="66" VPOS="899" HPOS="845"/>
<SP HEIGHT="39" WIDTH="27" VPOS="901" HPOS="912"/>
<String CONTENT="Apr." HEIGHT="46" WIDTH="114" VPOS="901" HPOS="940"/>
<SP HEIGHT="39" WIDTH="30" VPOS="901" HPOS="1055"/>
<String CONTENT="3;" HEIGHT="42" WIDTH="52" VPOS="901" HPOS="1086"/>
<SP HEIGHT="33" WIDTH="33" VPOS="910" HPOS="1139"/>
<String CONTENT="aff." HEIGHT="41" WIDTH="81" VPOS="899" HPOS="1173"/>
<SP HEIGHT="39" WIDTH="31" VPOS="901" HPOS="1255"/>
<String CONTENT="Apr." HEIGHT="47" WIDTH="114" VPOS="901" HPOS="1287"/>
<SP HEIGHT="39" WIDTH="31" VPOS="901" HPOS="1402"/>
<String CONTENT="14;" HEIGHT="46" WIDTH="82" VPOS="900" HPOS="1434"/>
<SP HEIGHT="46" WIDTH="32" VPOS="900" HPOS="1517"/>
<!-- cceid 9BE7FAFA-6E3A-1014-83DD-942C093A1DD9 --><String CONTENT="A" HEIGHT="38" WIDTH="40" VPOS="900" HPOS="1550"/>
<SP HEIGHT="41" WIDTH="30" VPOS="897" HPOS="1591"/>
<String CS="1" CONTENT="93683;" HEIGHT="49" WIDTH="171" VPOS="897" HPOS="1622"/>
<SP HEIGHT="46" WIDTH="34" VPOS="900" HPOS="1794"/>
<String CONTENT="Dodd," HEIGHT="49" WIDTH="155" VPOS="899" HPOS="1829"/>
<SP HEIGHT="48" WIDTH="33" VPOS="900" HPOS="1985"/>
<String CONTENT="Mead" HEIGHT="39" WIDTH="141" VPOS="900" HPOS="2019"/>
<SP HEIGHT="40" WIDTH="32" VPOS="899" HPOS="2161"/>
<String CONTENT="&amp;" HEIGHT="40" WIDTH="36" VPOS="899" HPOS="2194"/>
<SP HEIGHT="40" WIDTH="29" VPOS="899" HPOS="2231"/>
<String CONTENT="co.," HEIGHT="40" WIDTH="83" VPOS="908" HPOS="2261"/>
</TextLine>
<TextLine HEIGHT="51" WIDTH="1550" VPOS="956" HPOS="400">
<String CONTENT="inc." HEIGHT="42" WIDTH="90" VPOS="957" HPOS="400"/>
<SP HEIGHT="29" WIDTH="63" VPOS="978" HPOS="491"/>
<String CONTENT="[Copyright" HEIGHT="51" WIDTH="281" VPOS="956" HPOS="555"/>
<SP HEIGHT="41" WIDTH="32" VPOS="957" HPOS="837"/>
<String CONTENT="is" HEIGHT="40" WIDTH="41" VPOS="957" HPOS="870"/>
<SP HEIGHT="28" WIDTH="33" VPOS="969" HPOS="912"/>
<String CONTENT="claimed" HEIGHT="40" WIDTH="205" VPOS="957" HPOS="946"/>
<SP HEIGHT="40" WIDTH="32" VPOS="958" HPOS="1152"/>
<String CONTENT="on" HEIGHT="29" WIDTH="59" VPOS="969" HPOS="1185"/>
<SP HEIGHT="40" WIDTH="29" VPOS="957" HPOS="1245"/>
<String CONTENT="illustrations]" HEIGHT="51" WIDTH="348" VPOS="956" HPOS="1275"/>
<SP HEIGHT="51" WIDTH="72" VPOS="956" HPOS="1624"/>
<String CONTENT="(36-9522)" HEIGHT="49" WIDTH="253" VPOS="956" HPOS="1697"/>
</TextLine>
<TextLine HEIGHT="65" WIDTH="1426" VPOS="1048" HPOS="329" STYLEREFS="StyleId-0CBE0511-C955-4245-BB24-7E8A124FF2AB-">
<String CONTENT="Navarro," HEIGHT="64" WIDTH="292" VPOS="1048" HPOS="329"/>
<SP HEIGHT="62" WIDTH="27" VPOS="1050" HPOS="622"/>
<String CONTENT="Mme." HEIGHT="51" WIDTH="170" VPOS="1050" HPOS="650"/>
<SP HEIGHT="53" WIDTH="26" VPOS="1048" HPOS="821"/>
<String CONTENT="Mary" HEIGHT="64" WIDTH="175" VPOS="1048" HPOS="848"/>
<SP HEIGHT="63" WIDTH="28" VPOS="1050" HPOS="1024"/>
<String CONTENT="(Anderson)" HEIGHT="65" WIDTH="374" VPOS="1048" HPOS="1053"/>
<SP HEIGHT="64" WIDTH="35" VPOS="1048" HPOS="1428"/>
<String CONTENT="de," HEIGHT="64" WIDTH="88" VPOS="1048" HPOS="1464"/>
<SP HEIGHT="58" WIDTH="29" VPOS="1054" HPOS="1553"/>
<String CONTENT="1859-" HEIGHT="49" WIDTH="172" VPOS="1053" HPOS="1583"/>
</TextLine>
<TextLine HEIGHT="68" WIDTH="1941" VPOS="1124" HPOS="401" STYLEREFS="StyleId-907B5B5E-C605-43A0-A60B-32593D9A917B-">
<String CONTENT="Incidents" HEIGHT="53" WIDTH="296" VPOS="1126" HPOS="401"/>
<SP HEIGHT="47" WIDTH="34" VPOS="1131" HPOS="698"/>
<String CONTENT="that" HEIGHT="52" WIDTH="129" VPOS="1126" HPOS="733"/>
<SP HEIGHT="50" WIDTH="33" VPOS="1127" HPOS="863"/>
<String CONTENT="have" HEIGHT="51" WIDTH="145" VPOS="1127" HPOS="897"/>
<SP HEIGHT="51" WIDTH="34" VPOS="1127" HPOS="1043"/>
<String CONTENT="interested" HEIGHT="52" WIDTH="307" VPOS="1127" HPOS="1078"/>
<SP HEIGHT="51" WIDTH="35" VPOS="1127" HPOS="1386"/>
<String CONTENT="me;" HEIGHT="49" WIDTH="116" VPOS="1143" HPOS="1422"/>
<SP HEIGHT="48" WIDTH="40" VPOS="1144" HPOS="1539"/>
<String CONTENT="continuing" HEIGHT="68" WIDTH="338" VPOS="1124" HPOS="1580"/>
<SP HEIGHT="48" WIDTH="36" VPOS="1144" HPOS="1919"/>
<String CONTENT="our" HEIGHT="35" WIDTH="103" VPOS="1144" HPOS="1956"/>
<SP HEIGHT="33" WIDTH="35" VPOS="1144" HPOS="2060"/>
<String CONTENT="extracts" HEIGHT="49" WIDTH="246" VPOS="1128" HPOS="2096"/>
</TextLine>
<TextLine HEIGHT="146" WIDTH="1988" VPOS="1204" HPOS="330" STYLEREFS="StyleId-907B5B5E-C605-43A0-A60B-32593D9A917B-" CS="1">
<String CONTENT="from" HEIGHT="52" WIDTH="154" VPOS="1205" HPOS="331"/>
<SP HEIGHT="47" WIDTH="36" VPOS="1210" HPOS="486"/>
<String CONTENT="the" HEIGHT="52" WIDTH="98" VPOS="1205" HPOS="523"/>
<SP HEIGHT="33" WIDTH="32" VPOS="1223" HPOS="622"/>
<String CONTENT="reminiscences" HEIGHT="53" WIDTH="427" VPOS="1204" HPOS="655"/>
<SP HEIGHT="34" WIDTH="38" VPOS="1223" HPOS="1083"/>
<String CONTENT="of" HEIGHT="52" WIDTH="63" VPOS="1204" HPOS="1122"/>
<SP HEIGHT="53" WIDTH="36" VPOS="1204" HPOS="1186"/>
<String CONTENT="Mary" HEIGHT="66" WIDTH="172" VPOS="1205" HPOS="1223"/>
<SP HEIGHT="66" WIDTH="36" VPOS="1205" HPOS="1396"/>
<String CONTENT="Anderson" HEIGHT="53" WIDTH="303" VPOS="1204" HPOS="1433"/>
<SP HEIGHT="65" WIDTH="50" VPOS="1206" HPOS="1737"/>
<String CONTENT="(Madame" HEIGHT="67" WIDTH="295" VPOS="1204" HPOS="1788"/>
<SP HEIGHT="52" WIDTH="36" VPOS="1205" HPOS="2084"/>
<String CONTENT="de" HEIGHT="51" WIDTH="68" VPOS="1205" HPOS="2121"/>
<SP HEIGHT="52" WIDTH="37" VPOS="1205" HPOS="2190"/>
<String CONTENT="Navarro)" HEIGHT="145" WIDTH="1988" VPOS="1205" HPOS="330"/>
<SP HEIGHT="67" WIDTH="90" VPOS="1283" HPOS="528"/>
<String CONTENT="[Instalment" HEIGHT="67" WIDTH="364" VPOS="1283" HPOS="619"/>
<SP HEIGHT="48" WIDTH="21" VPOS="1286" HPOS="984"/>
<String CONTENT="2]" HEIGHT="64" WIDTH="49" VPOS="1286" HPOS="1006"/>
</TextLine>
<TextLine HEIGHT="53" WIDTH="1025" VPOS="1351" HPOS="430" CS="1">
<String CS="1" CONTENT="(In" HEIGHT="38" WIDTH="58" VPOS="1357" HPOS="430"/>
<SP HEIGHT="44" WIDTH="34" VPOS="1352" HPOS="489"/>
<String CONTENT="Good" HEIGHT="44" WIDTH="136" VPOS="1352" HPOS="524"/>
<SP HEIGHT="43" WIDTH="31" VPOS="1353" HPOS="661"/>
<String CONTENT="housekeeping," HEIGHT="52" WIDTH="388" VPOS="1352" HPOS="693"/>
<SP HEIGHT="52" WIDTH="32" VPOS="1352" HPOS="1082"/>
<String CONTENT="April," HEIGHT="52" WIDTH="160" VPOS="1351" HPOS="1115"/>
<SP HEIGHT="50" WIDTH="35" VPOS="1353" HPOS="1276"/>
<String CONTENT="1936)" HEIGHT="50" WIDTH="143" VPOS="1352" HPOS="1312"/>
</TextLine>
<TextLine HEIGHT="53" WIDTH="2014" VPOS="1409" HPOS="331" CS="1">
<String CONTENT="&#169;" HEIGHT="53" WIDTH="53" VPOS="1409" HPOS="331"/>
<SP/>
<String CS="1" CONTENT="1c."/>
<SP HEIGHT="38" WIDTH="36" VPOS="1415" HPOS="485"/>
<String CONTENT="May" HEIGHT="46" WIDTH="114" VPOS="1415" HPOS="522"/>
<SP HEIGHT="48" WIDTH="32" VPOS="1413" HPOS="637"/>
<String CONTENT="27," HEIGHT="47" WIDTH="70" VPOS="1413" HPOS="670"/>
<SP HEIGHT="46" WIDTH="35" VPOS="1414" HPOS="741"/>
<String CONTENT="1936;" HEIGHT="42" WIDTH="140" VPOS="1413" HPOS="777"/>
<SP HEIGHT="41" WIDTH="37" VPOS="1414" HPOS="918"/>
<!-- cceid 9BE8932A-6E3A-1014-83DD-942C093A1DD9 --><String CONTENT="A" HEIGHT="37" WIDTH="40" VPOS="1414" HPOS="956"/>
<SP HEIGHT="38" WIDTH="34" VPOS="1414" HPOS="997"/>
<String CONTENT="ad" HEIGHT="39" WIDTH="60" VPOS="1413" HPOS="1032"/>
<SP HEIGHT="39" WIDTH="34" VPOS="1413" HPOS="1093"/>
<String CONTENT="int." HEIGHT="39" WIDTH="86" VPOS="1413" HPOS="1128"/>
<SP HEIGHT="40" WIDTH="31" VPOS="1412" HPOS="1215"/>
<String CONTENT="21464;" HEIGHT="46" WIDTH="171" VPOS="1412" HPOS="1247"/>
<SP HEIGHT="36" WIDTH="37" VPOS="1423" HPOS="1419"/>
<String CONTENT="pubd." HEIGHT="46" WIDTH="142" VPOS="1413" HPOS="1457"/>
<SP HEIGHT="38" WIDTH="36" VPOS="1413" HPOS="1600"/>
<String CONTENT="Mar." HEIGHT="38" WIDTH="123" VPOS="1413" HPOS="1637"/>
<SP HEIGHT="39" WIDTH="34" VPOS="1412" HPOS="1761"/>
<String CONTENT="31;" HEIGHT="46" WIDTH="81" VPOS="1411" HPOS="1796"/>
<SP HEIGHT="45" WIDTH="39" VPOS="1412" HPOS="1878"/>
<String CONTENT="M." HEIGHT="40" WIDTH="64" VPOS="1412" HPOS="1918"/>
<SP HEIGHT="40" WIDTH="33" VPOS="1412" HPOS="1983"/>
<String CONTENT="A." HEIGHT="39" WIDTH="54" VPOS="1412" HPOS="2017"/>
<SP HEIGHT="39" WIDTH="34" VPOS="1412" HPOS="2072"/>
<String CONTENT="Navarro," HEIGHT="46" WIDTH="238" VPOS="1412" HPOS="2107"/>
</TextLine>
<TextLine HEIGHT="49" WIDTH="1004" VPOS="1469" HPOS="404">
<String CONTENT="Broadway," HEIGHT="46" WIDTH="290" VPOS="1472" HPOS="404"/>
<SP HEIGHT="47" WIDTH="24" VPOS="1471" HPOS="695"/>
<String CONTENT="Worcestershire," HEIGHT="48" WIDTH="424" VPOS="1469" HPOS="720"/>
<SP HEIGHT="46" WIDTH="25" VPOS="1471" HPOS="1145"/>
<String CONTENT="England." HEIGHT="48" WIDTH="237" VPOS="1469" HPOS="1171"/>
</TextLine>
<TextLine HEIGHT="67" WIDTH="914" VPOS="1560" HPOS="330" STYLEREFS="StyleId-285AD39F-B55D-4EA2-8423-8D7AABFB72AE-">
<String CONTENT="New" HEIGHT="54" WIDTH="145" VPOS="1561" HPOS="330"/>
<SP HEIGHT="55" WIDTH="26" VPOS="1560" HPOS="476"/>
<String CONTENT="Orleans." HEIGHT="56" WIDTH="267" VPOS="1560" HPOS="503"/>
<SP HEIGHT="54" WIDTH="76" VPOS="1562" HPOS="771"/>
<String CONTENT="City" HEIGHT="66" WIDTH="134" VPOS="1561" HPOS="848"/>
<SP HEIGHT="49" WIDTH="25" VPOS="1578" HPOS="983"/>
<String CONTENT="council." HEIGHT="54" WIDTH="235" VPOS="1560" HPOS="1009"/>
</TextLine>
<TextLine HEIGHT="70" WIDTH="1943" VPOS="1634" HPOS="401" STYLEREFS="StyleId-907B5B5E-C605-43A0-A60B-32593D9A917B-">
<String CONTENT="New" HEIGHT="54" WIDTH="139" VPOS="1636" HPOS="401"/>
<SP HEIGHT="56" WIDTH="40" VPOS="1635" HPOS="541"/>
<String CONTENT="Orleans" HEIGHT="56" WIDTH="244" VPOS="1635" HPOS="582"/>
<SP HEIGHT="54" WIDTH="39" VPOS="1636" HPOS="827"/>
<String CONTENT="in" HEIGHT="53" WIDTH="60" VPOS="1636" HPOS="867"/>
<SP HEIGHT="49" WIDTH="43" VPOS="1640" HPOS="928"/>
<String CONTENT="1805;" HEIGHT="65" WIDTH="163" VPOS="1638" HPOS="972"/>
<SP HEIGHT="48" WIDTH="45" VPOS="1655" HPOS="1136"/>
<String CONTENT="a" HEIGHT="33" WIDTH="30" VPOS="1655" HPOS="1182"/>
<SP HEIGHT="52" WIDTH="40" VPOS="1636" HPOS="1213"/>
<String CONTENT="directory" HEIGHT="69" WIDTH="288" VPOS="1635" HPOS="1254"/>
<SP HEIGHT="51" WIDTH="40" VPOS="1653" HPOS="1543"/>
<String CONTENT="and" HEIGHT="53" WIDTH="114" VPOS="1635" HPOS="1584"/>
<SP HEIGHT="53" WIDTH="40" VPOS="1635" HPOS="1699"/>
<String CONTENT="a" HEIGHT="34" WIDTH="31" VPOS="1653" HPOS="1740"/>
<SP HEIGHT="34" WIDTH="41" VPOS="1653" HPOS="1772"/>
<String CONTENT="census;" HEIGHT="50" WIDTH="224" VPOS="1652" HPOS="1814"/>
<SP HEIGHT="62" WIDTH="42" VPOS="1640" HPOS="2039"/>
<String CONTENT="together" HEIGHT="69" WIDTH="262" VPOS="1634" HPOS="2082"/>
</TextLine>
<TextLine HEIGHT="71" WIDTH="2011" VPOS="1713" HPOS="331" STYLEREFS="StyleId-907B5B5E-C605-43A0-A60B-32593D9A917B-">
<String CONTENT="with" HEIGHT="54" WIDTH="139" VPOS="1714" HPOS="331"/>
<SP HEIGHT="51" WIDTH="38" VPOS="1717" HPOS="471"/>
<String CONTENT="resolutions" HEIGHT="54" WIDTH="340" VPOS="1715" HPOS="510"/>
<SP HEIGHT="34" WIDTH="39" VPOS="1734" HPOS="851"/>
<String CONTENT="authorizing" HEIGHT="70" WIDTH="369" VPOS="1714" HPOS="891"/>
<SP HEIGHT="52" WIDTH="34" VPOS="1732" HPOS="1261"/>
<String CONTENT="same," HEIGHT="50" WIDTH="169" VPOS="1732" HPOS="1296"/>
<SP HEIGHT="50" WIDTH="38" VPOS="1732" HPOS="1466"/>
<String CONTENT="now" HEIGHT="36" WIDTH="129" VPOS="1731" HPOS="1505"/>
<SP HEIGHT="50" WIDTH="36" VPOS="1732" HPOS="1635"/>
<String CONTENT="printed" HEIGHT="68" WIDTH="232" VPOS="1714" HPOS="1672"/>
<SP HEIGHT="54" WIDTH="42" VPOS="1713" HPOS="1905"/>
<String CONTENT="for" HEIGHT="53" WIDTH="94" VPOS="1713" HPOS="1948"/>
<SP HEIGHT="47" WIDTH="37" VPOS="1719" HPOS="2043"/>
<String CONTENT="the" HEIGHT="53" WIDTH="97" VPOS="1714" HPOS="2081"/>
<SP HEIGHT="54" WIDTH="38" VPOS="1713" HPOS="2179"/>
<String CONTENT="first" HEIGHT="54" WIDTH="124" VPOS="1713" HPOS="2218"/>
</TextLine>
<TextLine HEIGHT="153" WIDTH="2013" VPOS="1790" HPOS="331" STYLEREFS="StyleId-907B5B5E-C605-43A0-A60B-32593D9A917B-" CS="1">
<String CONTENT="time" HEIGHT="53" WIDTH="135" VPOS="1794" HPOS="331"/>
<SP HEIGHT="53" WIDTH="23" VPOS="1794" HPOS="467"/>
<String CONTENT="from" HEIGHT="53" WIDTH="153" VPOS="1794" HPOS="491"/>
<SP HEIGHT="47" WIDTH="19" VPOS="1800" HPOS="645"/>
<String CONTENT="the" HEIGHT="53" WIDTH="95" VPOS="1794" HPOS="665"/>
<SP HEIGHT="35" WIDTH="23" VPOS="1812" HPOS="761"/>
<String CONTENT="original" HEIGHT="69" WIDTH="247" VPOS="1794" HPOS="785"/>
<SP HEIGHT="52" WIDTH="24" VPOS="1794" HPOS="1033"/>
<String CONTENT="manuscript." HEIGHT="68" WIDTH="372" VPOS="1793" HPOS="1058"/>
<SP HEIGHT="53" WIDTH="60" VPOS="1793" HPOS="1431"/>
<String CONTENT="Facsimile." HEIGHT="54" WIDTH="321" VPOS="1793" HPOS="1492"/>
<SP HEIGHT="54" WIDTH="56" VPOS="1793" HPOS="1814"/>
<String CONTENT="With" HEIGHT="54" WIDTH="165" VPOS="1793" HPOS="1871"/>
<SP HEIGHT="52" WIDTH="28" VPOS="1794" HPOS="2037"/>
<String CONTENT="an" HEIGHT="34" WIDTH="71" VPOS="1812" HPOS="2066"/>
<SP HEIGHT="55" WIDTH="26" VPOS="1790" HPOS="2138"/>
<String CONTENT="introduction" HEIGHT="136" WIDTH="1987" VPOS="1790" HPOS="331"/>
<SP HEIGHT="54" WIDTH="42" VPOS="1873" HPOS="565"/>
<String CONTENT="by" HEIGHT="70" WIDTH="76" VPOS="1873" HPOS="608"/>
<SP HEIGHT="71" WIDTH="46" VPOS="1872" HPOS="685"/>
<String CONTENT="Charles" HEIGHT="55" WIDTH="237" VPOS="1872" HPOS="732"/>
<SP HEIGHT="53" WIDTH="42" VPOS="1873" HPOS="970"/>
<String CONTENT="L." HEIGHT="53" WIDTH="65" VPOS="1873" HPOS="1013"/>
<SP HEIGHT="53" WIDTH="46" VPOS="1873" HPOS="1079"/>
<String CONTENT="Thompson." HEIGHT="67" WIDTH="349" VPOS="1873" HPOS="1126"/>
<SP HEIGHT="56" WIDTH="81" VPOS="1871" HPOS="1476"/>
<String CONTENT="New" HEIGHT="54" WIDTH="138" VPOS="1871" HPOS="1558"/>
<SP HEIGHT="56" WIDTH="48" VPOS="1871" HPOS="1697"/>
<String CONTENT="Orleans," HEIGHT="70" WIDTH="261" VPOS="1871" HPOS="1746"/>
<SP HEIGHT="69" WIDTH="45" VPOS="1872" HPOS="2008"/>
<String CONTENT="La.," HEIGHT="69" WIDTH="120" VPOS="1872" HPOS="2054"/>
<SP HEIGHT="68" WIDTH="46" VPOS="1873" HPOS="2175"/>
<String CONTENT="The" HEIGHT="53" WIDTH="122" VPOS="1872" HPOS="2222"/>
</TextLine>
<TextLine HEIGHT="71" WIDTH="839" VPOS="1952" HPOS="334" STYLEREFS="StyleId-907B5B5E-C605-43A0-A60B-32593D9A917B-">
<String CONTENT="Pelican" HEIGHT="54" WIDTH="234" VPOS="1954" HPOS="334"/>
<SP HEIGHT="51" WIDTH="25" VPOS="1972" HPOS="569"/>
<String CONTENT="gallery," HEIGHT="69" WIDTH="240" VPOS="1954" HPOS="595"/>
<SP HEIGHT="69" WIDTH="26" VPOS="1952" HPOS="836"/>
<String CONTENT="inc.," HEIGHT="69" WIDTH="128" VPOS="1952" HPOS="863"/>
<SP HEIGHT="65" WIDTH="31" VPOS="1956" HPOS="992"/>
<String CONTENT="1936." HEIGHT="52" WIDTH="149" VPOS="1955" HPOS="1024"/>
</TextLine>
<TextLine HEIGHT="52" WIDTH="1941" VPOS="2023" HPOS="403" CS="1">
<String CONTENT="107" HEIGHT="41" WIDTH="84" VPOS="2025" HPOS="403"/>
<SP HEIGHT="49" WIDTH="31" VPOS="2026" HPOS="488"/>
<String CONTENT="p." HEIGHT="39" WIDTH="43" VPOS="2036" HPOS="520"/>
<SP HEIGHT="41" WIDTH="32" VPOS="2027" HPOS="564"/>
<String CONTENT="incl." HEIGHT="40" WIDTH="110" VPOS="2026" HPOS="597"/>
<SP HEIGHT="41" WIDTH="35" VPOS="2025" HPOS="708"/>
<String CS="1" CONTENT="front." HEIGHT="41" WIDTH="135" VPOS="2025" HPOS="744"/>
<SP HEIGHT="48" WIDTH="29" VPOS="2026" HPOS="893"/>
<String CONTENT="(facsim.)" HEIGHT="49" WIDTH="239" VPOS="2025" HPOS="923"/>
<SP HEIGHT="49" WIDTH="68" VPOS="2025" HPOS="1163"/>
<String CONTENT="26" HEIGHT="40" WIDTH="55" VPOS="2024" HPOS="1232"/>
<String STYLE="superscript" CONTENT="cm" HEIGHT="20" WIDTH="43" VPOS="2027" HPOS="1292"/>
<String CONTENT="." HEIGHT="8" WIDTH="9" VPOS="2057" HPOS="1340"/>
<SP HEIGHT="30" WIDTH="62" VPOS="2044" HPOS="1350"/>
<String CONTENT="[Heartman&#8217;s" HEIGHT="50" WIDTH="330" VPOS="2024" HPOS="1413"/>
<SP HEIGHT="40" WIDTH="34" VPOS="2025" HPOS="1744"/>
<String CONTENT="historical" HEIGHT="41" WIDTH="253" VPOS="2023" HPOS="1779"/>
<SP HEIGHT="40" WIDTH="36" VPOS="2024" HPOS="2033"/>
<String CONTENT="series," HEIGHT="49" WIDTH="164" VPOS="2024" HPOS="2070"/>
<SP HEIGHT="39" WIDTH="33" VPOS="2034" HPOS="2235"/>
<String CONTENT="no." HEIGHT="30" WIDTH="75" VPOS="2034" HPOS="2269"/>
</TextLine>
<TextLine HEIGHT="52" WIDTH="71" VPOS="2082" HPOS="328">
<String CONTENT="48]" HEIGHT="52" WIDTH="71" VPOS="2082" HPOS="328"/>
</TextLine>
<TextLine HEIGHT="50" WIDTH="1387" VPOS="2139" HPOS="404">
<String CONTENT="&#8220;Copyright" HEIGHT="50" WIDTH="298" VPOS="2139" HPOS="404"/>
<SP HEIGHT="40" WIDTH="21" VPOS="2142" HPOS="703"/>
<String CONTENT="number" HEIGHT="40" WIDTH="203" VPOS="2140" HPOS="725"/>
<SP HEIGHT="29" WIDTH="24" VPOS="2151" HPOS="929"/>
<String CONTENT="of" HEIGHT="39" WIDTH="54" VPOS="2141" HPOS="954"/>
<SP HEIGHT="39" WIDTH="22" VPOS="2141" HPOS="1009"/>
<String CONTENT="ninety-nine" HEIGHT="47" WIDTH="303" VPOS="2140" HPOS="1032"/>
<SP HEIGHT="30" WIDTH="29" VPOS="2150" HPOS="1336"/>
<String CONTENT="copies" HEIGHT="47" WIDTH="158" VPOS="2141" HPOS="1366"/>
<SP HEIGHT="37" WIDTH="26" VPOS="2150" HPOS="1525"/>
<String CONTENT="printed.&#8221;" HEIGHT="48" WIDTH="239" VPOS="2139" HPOS="1552"/>
</TextLine>
<TextLine HEIGHT="50" WIDTH="1942" VPOS="2196" HPOS="403">
<String CONTENT="Census" HEIGHT="43" WIDTH="185" VPOS="2196" HPOS="403"/>
<SP HEIGHT="38" WIDTH="33" VPOS="2201" HPOS="589"/>
<String CONTENT="taken" HEIGHT="41" WIDTH="147" VPOS="2198" HPOS="623"/>
<SP HEIGHT="40" WIDTH="36" VPOS="2198" HPOS="771"/>
<String CONTENT="by" HEIGHT="48" WIDTH="61" VPOS="2198" HPOS="808"/>
<SP HEIGHT="49" WIDTH="34" VPOS="2197" HPOS="870"/>
<String CONTENT="Matthew" HEIGHT="42" WIDTH="240" VPOS="2197" HPOS="905"/>
<SP HEIGHT="39" WIDTH="34" VPOS="2199" HPOS="1146"/>
<String CONTENT="Flannery" HEIGHT="47" WIDTH="244" VPOS="2198" HPOS="1181"/>
<SP HEIGHT="37" WIDTH="35" VPOS="2208" HPOS="1426"/>
<String CONTENT="under" HEIGHT="39" WIDTH="155" VPOS="2199" HPOS="1462"/>
<SP HEIGHT="39" WIDTH="34" VPOS="2200" HPOS="1618"/>
<String CONTENT="the" HEIGHT="41" WIDTH="81" VPOS="2198" HPOS="1653"/>
<SP HEIGHT="30" WIDTH="35" VPOS="2209" HPOS="1735"/>
<String CONTENT="authorization" HEIGHT="41" WIDTH="363" VPOS="2198" HPOS="1771"/>
<SP HEIGHT="30" WIDTH="37" VPOS="2209" HPOS="2135"/>
<String CONTENT="of" HEIGHT="41" WIDTH="52" VPOS="2198" HPOS="2173"/>
<SP HEIGHT="41" WIDTH="35" VPOS="2198" HPOS="2226"/>
<String CONTENT="the" HEIGHT="39" WIDTH="83" VPOS="2200" HPOS="2262"/>
</TextLine>
<TextLine HEIGHT="51" WIDTH="955" VPOS="2253" HPOS="331">
<String CONTENT="City" HEIGHT="51" WIDTH="111" VPOS="2253" HPOS="331"/>
<SP HEIGHT="37" WIDTH="29" VPOS="2267" HPOS="443"/>
<String CONTENT="council" HEIGHT="40" WIDTH="188" VPOS="2257" HPOS="473"/>
<SP HEIGHT="40" WIDTH="25" VPOS="2257" HPOS="662"/>
<String CONTENT="of" HEIGHT="40" WIDTH="51" VPOS="2257" HPOS="688"/>
<SP HEIGHT="39" WIDTH="25" VPOS="2257" HPOS="740"/>
<String CONTENT="New" HEIGHT="40" WIDTH="117" VPOS="2257" HPOS="766"/>
<SP HEIGHT="42" WIDTH="25" VPOS="2255" HPOS="884"/>
<String CONTENT="Orleans," HEIGHT="48" WIDTH="217" VPOS="2255" HPOS="910"/>
<SP HEIGHT="45" WIDTH="29" VPOS="2258" HPOS="1128"/>
<String CONTENT="1805." HEIGHT="43" WIDTH="128" VPOS="2255" HPOS="1158"/>
</TextLine>
<TextLine HEIGHT="105" WIDTH="2012" VPOS="2315" HPOS="331" CS="1">
<String CONTENT="The" HEIGHT="42" WIDTH="103" VPOS="2316" HPOS="402"/>
<SP HEIGHT="41" WIDTH="21" VPOS="2317" HPOS="506"/>
<String CONTENT="directory" HEIGHT="49" WIDTH="243" VPOS="2316" HPOS="528"/>
<SP HEIGHT="48" WIDTH="27" VPOS="2317" HPOS="772"/>
<String CONTENT="(p." HEIGHT="48" WIDTH="64" VPOS="2317" HPOS="800"/>
<SP HEIGHT="39" WIDTH="24" VPOS="2317" HPOS="865"/>
<String CONTENT="19-30)" HEIGHT="48" WIDTH="169" VPOS="2316" HPOS="890"/>
<SP HEIGHT="48" WIDTH="32" VPOS="2316" HPOS="1060"/>
<String CONTENT="compiled" HEIGHT="49" WIDTH="233" VPOS="2315" HPOS="1093"/>
<SP HEIGHT="39" WIDTH="25" VPOS="2317" HPOS="1327"/>
<String CONTENT="by" HEIGHT="47" WIDTH="60" VPOS="2317" HPOS="1353"/>
<SP HEIGHT="47" WIDTH="25" VPOS="2317" HPOS="1414"/>
<String CONTENT="Dolley" HEIGHT="48" WIDTH="170" VPOS="2317" HPOS="1440"/>
<SP HEIGHT="47" WIDTH="26" VPOS="2318" HPOS="1611"/>
<String CONTENT="M." HEIGHT="39" WIDTH="60" VPOS="2318" HPOS="1638"/>
<SP HEIGHT="39" WIDTH="26" VPOS="2318" HPOS="1699"/>
<String CONTENT="Heartman" HEIGHT="39" WIDTH="271" VPOS="2318" HPOS="1726"/>
<SP HEIGHT="39" WIDTH="26" VPOS="2318" HPOS="1998"/>
<String CONTENT="is" HEIGHT="40" WIDTH="41" VPOS="2318" HPOS="2025"/>
<SP HEIGHT="29" WIDTH="26" VPOS="2329" HPOS="2067"/>
<String CONTENT="an" HEIGHT="28" WIDTH="60" VPOS="2330" HPOS="2094"/>
<SP HEIGHT="28" WIDTH="25" VPOS="2330" HPOS="2155"/>
<String CONTENT="alphabetical" HEIGHT="93" WIDTH="1993" VPOS="2318" HPOS="331"/>
<SP HEIGHT="39" WIDTH="24" VPOS="2372" HPOS="509"/>
<String CONTENT="arrangement" HEIGHT="44" WIDTH="344" VPOS="2374" HPOS="534"/>
<SP HEIGHT="38" WIDTH="22" VPOS="2374" HPOS="879"/>
<String CONTENT="of" HEIGHT="39" WIDTH="52" VPOS="2372" HPOS="902"/>
<SP HEIGHT="39" WIDTH="21" VPOS="2372" HPOS="955"/>
<String CONTENT="the" HEIGHT="40" WIDTH="81" VPOS="2372" HPOS="977"/>
<SP HEIGHT="29" WIDTH="24" VPOS="2383" HPOS="1059"/>
<String CONTENT="names" HEIGHT="30" WIDTH="165" VPOS="2382" HPOS="1084"/>
<SP HEIGHT="39" WIDTH="24" VPOS="2372" HPOS="1250"/>
<String CONTENT="listed" HEIGHT="40" WIDTH="143" VPOS="2372" HPOS="1275"/>
<SP HEIGHT="40" WIDTH="24" VPOS="2372" HPOS="1419"/>
<String CONTENT="in" HEIGHT="39" WIDTH="48" VPOS="2372" HPOS="1444"/>
<SP HEIGHT="39" WIDTH="25" VPOS="2373" HPOS="1493"/>
<String CONTENT="the" HEIGHT="39" WIDTH="83" VPOS="2373" HPOS="1519"/>
<SP HEIGHT="30" WIDTH="22" VPOS="2382" HPOS="1603"/>
<String CONTENT="census" HEIGHT="30" WIDTH="172" VPOS="2382" HPOS="1626"/>
<SP HEIGHT="29" WIDTH="25" VPOS="2383" HPOS="1799"/>
<String CONTENT="report" HEIGHT="45" WIDTH="164" VPOS="2375" HPOS="1825"/>
<SP HEIGHT="37" WIDTH="25" VPOS="2375" HPOS="1990"/>
<String CONTENT="under" HEIGHT="39" WIDTH="151" VPOS="2374" HPOS="2016"/>
<SP HEIGHT="29" WIDTH="23" VPOS="2384" HPOS="2168"/>
<String CONTENT="street" HEIGHT="39" WIDTH="151" VPOS="2374" HPOS="2192"/>
</TextLine>
<TextLine HEIGHT="47" WIDTH="380" VPOS="2428" HPOS="332">
<String CONTENT="numbers" HEIGHT="40" WIDTH="227" VPOS="2428" HPOS="332"/>
<SP HEIGHT="29" WIDTH="25" VPOS="2440" HPOS="560"/>
<String CONTENT="only." HEIGHT="46" WIDTH="126" VPOS="2429" HPOS="586"/>
</TextLine>
<TextLine HEIGHT="110" WIDTH="1996" VPOS="2484" HPOS="332" CS="1">
<String CONTENT="&#169;" HEIGHT="52" WIDTH="53" VPOS="2484" HPOS="332"/>
<SP HEIGHT="52" WIDTH="29" VPOS="2484" HPOS="386"/>
<String CONTENT="Mar." HEIGHT="39" WIDTH="122" VPOS="2489" HPOS="416"/>
<SP HEIGHT="40" WIDTH="29" VPOS="2488" HPOS="539"/>
<String CONTENT="20," HEIGHT="47" WIDTH="69" VPOS="2488" HPOS="569"/>
<SP HEIGHT="45" WIDTH="32" VPOS="2490" HPOS="639"/>
<String CS="1" CONTENT="1936;" HEIGHT="41" WIDTH="114" VPOS="2487" HPOS="672"/>
<SP HEIGHT="42" WIDTH="31" VPOS="2489" HPOS="814"/>
<String CONTENT="2c." HEIGHT="40" WIDTH="68" VPOS="2489" HPOS="846"/>
<SP HEIGHT="40" WIDTH="31" VPOS="2489" HPOS="915"/>
<String CONTENT="Mar." HEIGHT="39" WIDTH="121" VPOS="2489" HPOS="947"/>
<SP HEIGHT="39" WIDTH="30" VPOS="2488" HPOS="1069"/>
<String CONTENT="27;" HEIGHT="47" WIDTH="83" VPOS="2488" HPOS="1100"/>
<SP HEIGHT="35" WIDTH="34" VPOS="2500" HPOS="1184"/>
<String CONTENT="aff." HEIGHT="41" WIDTH="82" VPOS="2488" HPOS="1219"/>
<SP HEIGHT="39" WIDTH="30" VPOS="2490" HPOS="1302"/>
<String CONTENT="Apr." HEIGHT="47" WIDTH="115" VPOS="2490" HPOS="1333"/>
<SP HEIGHT="41" WIDTH="30" VPOS="2489" HPOS="1449"/>
<String CONTENT="6;" HEIGHT="47" WIDTH="52" VPOS="2489" HPOS="1480"/>
<SP HEIGHT="46" WIDTH="33" VPOS="2490" HPOS="1533"/>
<!-- cceid 9BE93244-6E3A-1014-83DD-942C093A1DD9 --><String CONTENT="A" HEIGHT="38" WIDTH="41" VPOS="2490" HPOS="1567"/>
<SP HEIGHT="40" WIDTH="29" VPOS="2489" HPOS="1609"/>
<String CONTENT="93561;" HEIGHT="48" WIDTH="172" VPOS="2489" HPOS="1639"/>
<SP HEIGHT="46" WIDTH="35" VPOS="2491" HPOS="1812"/>
<String CONTENT="Charles" HEIGHT="41" WIDTH="203" VPOS="2491" HPOS="1848"/>
<SP HEIGHT="40" WIDTH="33" VPOS="2492" HPOS="2052"/>
<String CONTENT="F." HEIGHT="40" WIDTH="51" VPOS="2492" HPOS="2086"/>
<SP HEIGHT="40" WIDTH="32" VPOS="2492" HPOS="2138"/>
<String CONTENT="Heartman," HEIGHT="100" WIDTH="1929" VPOS="2492" HPOS="399"/>
<SP HEIGHT="46" WIDTH="26" VPOS="2546" HPOS="527"/>
<String CONTENT="New" HEIGHT="39" WIDTH="119" VPOS="2546" HPOS="554"/>
<SP HEIGHT="41" WIDTH="25" VPOS="2545" HPOS="674"/>
<String CONTENT="Orleans." HEIGHT="41" WIDTH="218" VPOS="2545" HPOS="700"/>
<SP HEIGHT="47" WIDTH="67" VPOS="2547" HPOS="919"/>
<String CONTENT="(36-9542)" HEIGHT="49" WIDTH="251" VPOS="2545" HPOS="987"/>
</TextLine>
<TextLine HEIGHT="0" WIDTH="0" VPOS="0" HPOS="0" CS="1">
<String CS="1" CONTENT="0"/>
</TextLine>
<TextLine HEIGHT="67" WIDTH="1038" VPOS="2621" HPOS="329" STYLEREFS="StyleId-285AD39F-B55D-4EA2-8423-8D7AABFB72AE-">
<String CONTENT="North" HEIGHT="53" WIDTH="196" VPOS="2621" HPOS="329"/>
<SP HEIGHT="52" WIDTH="28" VPOS="2621" HPOS="526"/>
<String CONTENT="Dakota." HEIGHT="52" WIDTH="254" VPOS="2622" HPOS="555"/>
<SP HEIGHT="52" WIDTH="73" VPOS="2622" HPOS="810"/>
<String CONTENT="Supreme" HEIGHT="66" WIDTH="279" VPOS="2622" HPOS="884"/>
<SP HEIGHT="34" WIDTH="27" VPOS="2641" HPOS="1164"/>
<String CONTENT="court." HEIGHT="47" WIDTH="175" VPOS="2628" HPOS="1192"/>
</TextLine>
<TextLine HEIGHT="71" WIDTH="1939" VPOS="2699" HPOS="403" STYLEREFS="StyleId-907B5B5E-C605-43A0-A60B-32593D9A917B-" CS="1">
<String CONTENT="Reports" HEIGHT="65" WIDTH="245" VPOS="2700" HPOS="403"/>
<SP HEIGHT="34" WIDTH="37" VPOS="2718" HPOS="649"/>
<String CONTENT="of" HEIGHT="53" WIDTH="64" VPOS="2699" HPOS="687"/>
<SP HEIGHT="52" WIDTH="33" VPOS="2699" HPOS="752"/>
<String CONTENT="cases" HEIGHT="35" WIDTH="152" VPOS="2716" HPOS="786"/>
<SP HEIGHT="52" WIDTH="33" VPOS="2700" HPOS="939"/>
<String CONTENT="decided" HEIGHT="53" WIDTH="235" VPOS="2699" HPOS="973"/>
<SP HEIGHT="52" WIDTH="43" VPOS="2700" HPOS="1209"/>
<String CS="1" CONTENT="&#8230;"/>
<SP HEIGHT="55" WIDTH="43" VPOS="2700" HPOS="1309"/>
<String CONTENT="September" HEIGHT="67" WIDTH="331" VPOS="2700" HPOS="1353"/>
<SP HEIGHT="48" WIDTH="38" VPOS="2704" HPOS="1685"/>
<String CS="1" CONTENT="17," HEIGHT="23" WIDTH="10" VPOS="2744" HPOS="1794"/>
<SP HEIGHT="62" WIDTH="39" VPOS="2705" HPOS="1805"/>
<String CONTENT="1934" HEIGHT="48" WIDTH="135" VPOS="2705" HPOS="1845"/>
<SP HEIGHT="48" WIDTH="34" VPOS="2705" HPOS="1981"/>
<String CONTENT="to" HEIGHT="50" WIDTH="59" VPOS="2705" HPOS="2016"/>
<SP HEIGHT="55" WIDTH="35" VPOS="2700" HPOS="2076"/>
<String CONTENT="August" HEIGHT="70" WIDTH="230" VPOS="2700" HPOS="2112"/>
</TextLine>
<TextLine HEIGHT="68" WIDTH="2006" VPOS="2777" HPOS="335" STYLEREFS="StyleId-907B5B5E-C605-43A0-A60B-32593D9A917B-" CS="1">
<String CONTENT="12," HEIGHT="59" WIDTH="81" VPOS="2780" HPOS="335"/>
<SP HEIGHT="56" WIDTH="45" VPOS="2783" HPOS="417"/>
<String CONTENT="1935." HEIGHT="49" WIDTH="150" VPOS="2781" HPOS="463"/>
<SP/>
<String CONTENT="(79" HEIGHT="66" WIDTH="93" VPOS="2777" HPOS="709"/>
<SP HEIGHT="49" WIDTH="45" VPOS="2781" HPOS="803"/>
<String CONTENT="cases)" HEIGHT="64" WIDTH="178" VPOS="2779" HPOS="849"/>
<SP HEIGHT="64" WIDTH="91" VPOS="2779" HPOS="1028"/>
<String CONTENT="E." HEIGHT="52" WIDTH="67" VPOS="2779" HPOS="1120"/>
<SP HEIGHT="53" WIDTH="46" VPOS="2780" HPOS="1188"/>
<String CONTENT="J." HEIGHT="53" WIDTH="55" VPOS="2780" HPOS="1235"/>
<SP HEIGHT="52" WIDTH="45" VPOS="2780" HPOS="1291"/>
<String CONTENT="Taylor," HEIGHT="67" WIDTH="233" VPOS="2778" HPOS="1337"/>
<SP HEIGHT="47" WIDTH="44" VPOS="2798" HPOS="1571"/>
<String CONTENT="reporter." HEIGHT="61" WIDTH="272" VPOS="2784" HPOS="1616"/>
<SP HEIGHT="53" WIDTH="79" VPOS="2781" HPOS="1889"/>
<String CONTENT="Volume" HEIGHT="55" WIDTH="244" VPOS="2779" HPOS="1969"/>
<SP HEIGHT="50" WIDTH="45" VPOS="2784" HPOS="2214"/>
<String CONTENT="65." HEIGHT="50" WIDTH="81" VPOS="2784" HPOS="2260"/>
</TextLine>
<TextLine HEIGHT="146" WIDTH="1986" VPOS="2856" HPOS="332" STYLEREFS="StyleId-907B5B5E-C605-43A0-A60B-32593D9A917B-" CS="1">
<String CONTENT="Rochester," HEIGHT="57" WIDTH="326" VPOS="2856" HPOS="333"/>
<SP HEIGHT="56" WIDTH="36" VPOS="2857" HPOS="660"/>
<String CONTENT="N." HEIGHT="53" WIDTH="67" VPOS="2857" HPOS="697"/>
<SP HEIGHT="53" WIDTH="41" VPOS="2857" HPOS="765"/>
<String CONTENT="Y.," HEIGHT="63" WIDTH="89" VPOS="2857" HPOS="807"/>
<SP HEIGHT="63" WIDTH="36" VPOS="2857" HPOS="897"/>
<String CONTENT="The" HEIGHT="52" WIDTH="121" VPOS="2857" HPOS="934"/>
<SP HEIGHT="52" WIDTH="35" VPOS="2857" HPOS="1056"/>
<String CONTENT="Lawyers" HEIGHT="66" WIDTH="269" VPOS="2857" HPOS="1092"/>
<SP HEIGHT="36" WIDTH="36" VPOS="2874" HPOS="1362"/>
<String CONTENT="co-operative" HEIGHT="68" WIDTH="382" VPOS="2857" HPOS="1399"/>
<SP HEIGHT="51" WIDTH="38" VPOS="2875" HPOS="1782"/>
<String CONTENT="publishing" HEIGHT="69" WIDTH="336" VPOS="2857" HPOS="1821"/>
<SP HEIGHT="49" WIDTH="37" VPOS="2877" HPOS="2158"/>
<String CONTENT="company," HEIGHT="125" WIDTH="1986" VPOS="2877" HPOS="332"/>
<SP HEIGHT="59" WIDTH="24" VPOS="2941" HPOS="505"/>
<String CONTENT="1936." HEIGHT="50" WIDTH="150" VPOS="2938" HPOS="530"/>
</TextLine>
<TextLine HEIGHT="49" WIDTH="504" VPOS="3008" HPOS="402" CS="1">
<String CONTENT="lxiv," HEIGHT="48" WIDTH="114" VPOS="3008" HPOS="402"/>
<SP HEIGHT="47" WIDTH="27" VPOS="3009" HPOS="517"/>
<String CONTENT="787" HEIGHT="40" WIDTH="85" VPOS="3009" HPOS="545"/>
<SP HEIGHT="47" WIDTH="27" VPOS="3010" HPOS="631"/>
<String CONTENT="p." HEIGHT="37" WIDTH="44" VPOS="3020" HPOS="659"/>
<SP HEIGHT="41" WIDTH="54" VPOS="3008" HPOS="704"/>
<String CS="1" CONTENT="23&#189;" HEIGHT="40" WIDTH="56" VPOS="3008" HPOS="759"/>
<String STYLE="superscript" CONTENT="cm" HEIGHT="21" WIDTH="44" VPOS="3010" HPOS="848"/>
<String CONTENT="." HEIGHT="9" WIDTH="9" VPOS="3038" HPOS="897"/>
</TextLine>
<TextLine HEIGHT="53" WIDTH="2010" VPOS="3060" HPOS="334" CS="1">
<String CONTENT="&#169;" HEIGHT="53" WIDTH="53" VPOS="3060" HPOS="334"/>
<SP HEIGHT="53" WIDTH="36" VPOS="3060" HPOS="388"/>
<String CONTENT="Apr." HEIGHT="46" WIDTH="113" VPOS="3066" HPOS="425"/>
<SP HEIGHT="41" WIDTH="38" VPOS="3064" HPOS="539"/>
<String CONTENT="9," HEIGHT="46" WIDTH="39" VPOS="3064" HPOS="578"/>
<SP HEIGHT="44" WIDTH="39" VPOS="3066" HPOS="618"/>
<String CONTENT="1936;" HEIGHT="47" WIDTH="140" VPOS="3064" HPOS="658"/>
<SP HEIGHT="46" WIDTH="40" VPOS="3065" HPOS="799"/>
<String CONTENT="2c." HEIGHT="40" WIDTH="68" VPOS="3065" HPOS="840"/>
<SP HEIGHT="40" WIDTH="36" VPOS="3065" HPOS="909"/>
<String CONTENT="Apr." HEIGHT="47" WIDTH="115" VPOS="3065" HPOS="946"/>
<SP HEIGHT="41" WIDTH="37" VPOS="3064" HPOS="1062"/>
<String CONTENT="10;" HEIGHT="43" WIDTH="83" VPOS="3064" HPOS="1100"/>
<SP HEIGHT="32" WIDTH="39" VPOS="3075" HPOS="1184"/>
<String CONTENT="aff." HEIGHT="41" WIDTH="83" VPOS="3064" HPOS="1224"/>
<SP HEIGHT="39" WIDTH="39" VPOS="3066" HPOS="1308"/>
<String CONTENT="May" HEIGHT="47" WIDTH="114" VPOS="3066" HPOS="1348"/>
<SP HEIGHT="47" WIDTH="38" VPOS="3066" HPOS="1463"/>
<String CONTENT="11;" HEIGHT="42" WIDTH="81" VPOS="3066" HPOS="1502"/>
<SP HEIGHT="42" WIDTH="42" VPOS="3066" HPOS="1584"/>
<!-- cceid 9BE9D0ED-6E3A-1014-83DD-942C093A1DD9 --><String CONTENT="A" HEIGHT="39" WIDTH="40" VPOS="3066" HPOS="1627"/>
<SP HEIGHT="40" WIDTH="36" VPOS="3065" HPOS="1668"/>
<String CS="1" CONTENT="94413;" HEIGHT="41" WIDTH="144" VPOS="3065" HPOS="1705"/>
<SP HEIGHT="41" WIDTH="43" VPOS="3067" HPOS="1877"/>
<String CONTENT="State" HEIGHT="40" WIDTH="140" VPOS="3067" HPOS="1921"/>
<SP HEIGHT="28" WIDTH="35" VPOS="3078" HPOS="2062"/>
<String CONTENT="of" HEIGHT="39" WIDTH="52" VPOS="3067" HPOS="2098"/>
<SP HEIGHT="39" WIDTH="36" VPOS="3067" HPOS="2151"/>
<String CONTENT="North" HEIGHT="40" WIDTH="156" VPOS="3067" HPOS="2188"/>
</TextLine>
<TextLine HEIGHT="47" WIDTH="672" VPOS="3122" HPOS="405">
<String CONTENT="Dakota," HEIGHT="46" WIDTH="208" VPOS="3122" HPOS="405"/>
<SP HEIGHT="45" WIDTH="26" VPOS="3123" HPOS="614"/>
<String CONTENT="Bismarck," HEIGHT="47" WIDTH="270" VPOS="3122" HPOS="641"/>
<SP HEIGHT="47" WIDTH="26" VPOS="3122" HPOS="912"/>
<String CONTENT="N." HEIGHT="40" WIDTH="55" VPOS="3122" HPOS="939"/>
<SP HEIGHT="39" WIDTH="24" VPOS="3123" HPOS="995"/>
<String CONTENT="D." HEIGHT="40" WIDTH="57" VPOS="3123" HPOS="1020"/>
</TextLine>
<TextLine HEIGHT="66" WIDTH="530" VPOS="3196" HPOS="333" STYLEREFS="StyleId-0CBE0511-C955-4245-BB24-7E8A124FF2AB-">
<String CONTENT="Odell," HEIGHT="65" WIDTH="181" VPOS="3196" HPOS="333"/>
<SP HEIGHT="63" WIDTH="28" VPOS="3198" HPOS="515"/>
<String CONTENT="Emery" HEIGHT="64" WIDTH="222" VPOS="3198" HPOS="544"/>
<SP HEIGHT="63" WIDTH="24" VPOS="3199" HPOS="767"/>
<String CONTENT="A." HEIGHT="54" WIDTH="71" VPOS="3199" HPOS="792"/>
</TextLine>
<TextLine HEIGHT="71" WIDTH="1938" VPOS="3272" HPOS="406" STYLEREFS="StyleId-907B5B5E-C605-43A0-A60B-32593D9A917B-" CS="1">
<String CONTENT="Swiss" HEIGHT="56" WIDTH="174" VPOS="3272" HPOS="406"/>
<SP HEIGHT="35" WIDTH="25" VPOS="3292" HPOS="581"/>
<String CONTENT="cheese" HEIGHT="52" WIDTH="193" VPOS="3274" HPOS="607"/>
<SP HEIGHT="51" WIDTH="25" VPOS="3275" HPOS="801"/>
<String CONTENT="industry," HEIGHT="67" WIDTH="285" VPOS="3275" HPOS="827"/>
<SP HEIGHT="66" WIDTH="26" VPOS="3275" HPOS="1113"/>
<String CONTENT="by" HEIGHT="68" WIDTH="75" VPOS="3275" HPOS="1140"/>
<SP HEIGHT="69" WIDTH="28" VPOS="3274" HPOS="1216"/>
<String CONTENT="Emery" HEIGHT="68" WIDTH="213" VPOS="3274" HPOS="1245"/>
<SP HEIGHT="68" WIDTH="25" VPOS="3274" HPOS="1459"/>
<String CONTENT="A." HEIGHT="52" WIDTH="72" VPOS="3274" HPOS="1485"/>
<SP HEIGHT="54" WIDTH="31" VPOS="3274" HPOS="1558"/>
<String CONTENT="Odell" HEIGHT="54" WIDTH="170" VPOS="3274" HPOS="1590"/>
<SP HEIGHT="53" WIDTH="32" VPOS="3274" HPOS="1761"/>
<String CS="1" CONTENT="&#8230;"/>
<SP HEIGHT="52" WIDTH="66" VPOS="3274" HPOS="1851"/>
<String CONTENT="Monroe," HEIGHT="69" WIDTH="257" VPOS="3274" HPOS="1918"/>
<SP HEIGHT="69" WIDTH="28" VPOS="3274" HPOS="2176"/>
<String CONTENT="Wis." HEIGHT="55" WIDTH="139" VPOS="3274" HPOS="2205"/>
</TextLine>
<TextLine HEIGHT="71" WIDTH="1624" VPOS="3351" HPOS="339" STYLEREFS="StyleId-907B5B5E-C605-43A0-A60B-32593D9A917B-">
<String CONTENT="[Printed" HEIGHT="68" WIDTH="258" VPOS="3351" HPOS="339"/>
<SP HEIGHT="53" WIDTH="30" VPOS="3353" HPOS="598"/>
<String CONTENT="by" HEIGHT="55" WIDTH="77" VPOS="3353" HPOS="629"/>
<SP HEIGHT="55" WIDTH="25" VPOS="3353" HPOS="707"/>
<String CONTENT="Monroe" HEIGHT="53" WIDTH="238" VPOS="3353" HPOS="733"/>
<SP HEIGHT="34" WIDTH="30" VPOS="3371" HPOS="972"/>
<String CONTENT="evening" HEIGHT="69" WIDTH="243" VPOS="3353" HPOS="1003"/>
<SP HEIGHT="63" WIDTH="28" VPOS="3359" HPOS="1247"/>
<String CONTENT="times" HEIGHT="52" WIDTH="164" VPOS="3354" HPOS="1276"/>
<SP HEIGHT="34" WIDTH="31" VPOS="3372" HPOS="1441"/>
<String CONTENT="company]" HEIGHT="50" WIDTH="299" VPOS="3372" HPOS="1473"/>
<SP HEIGHT="64" WIDTH="40" VPOS="3357" HPOS="1773"/>
<String CONTENT="1936." HEIGHT="50" WIDTH="149" VPOS="3356" HPOS="1814"/>
</TextLine>
<TextLine HEIGHT="49" WIDTH="518" VPOS="3427" HPOS="405" CS="1">
<String CONTENT="88" HEIGHT="40" WIDTH="58" VPOS="3428" HPOS="405"/>
<SP HEIGHT="48" WIDTH="24" VPOS="3428" HPOS="464"/>
<String CONTENT="p." HEIGHT="36" WIDTH="41" VPOS="3440" HPOS="489"/>
<SP HEIGHT="39" WIDTH="56" VPOS="3429" HPOS="531"/>
<String CONTENT="illus." HEIGHT="41" WIDTH="130" VPOS="3428" HPOS="588"/>
<SP HEIGHT="41" WIDTH="56" VPOS="3428" HPOS="719"/>
<String CS="1" CONTENT="22&#189;" HEIGHT="40" WIDTH="55" VPOS="3427" HPOS="776"/>
<String STYLE="superscript" CONTENT="cm" HEIGHT="21" WIDTH="45" VPOS="3430" HPOS="864"/>
<String CONTENT="." HEIGHT="9" WIDTH="9" VPOS="3460" HPOS="914"/>
</TextLine>
<TextLine HEIGHT="50" WIDTH="1939" VPOS="3483" HPOS="407">
<String CONTENT="&#8220;Detailed" HEIGHT="40" WIDTH="256" VPOS="3485" HPOS="407"/>
<SP HEIGHT="39" WIDTH="36" VPOS="3486" HPOS="664"/>
<String CONTENT="narrative" HEIGHT="42" WIDTH="256" VPOS="3483" HPOS="701"/>
<SP HEIGHT="29" WIDTH="34" VPOS="3496" HPOS="958"/>
<String CONTENT="of" HEIGHT="40" WIDTH="53" VPOS="3485" HPOS="993"/>
<SP HEIGHT="39" WIDTH="36" VPOS="3485" HPOS="1047"/>
<String CONTENT="the" HEIGHT="42" WIDTH="79" VPOS="3486" HPOS="1084"/>
<SP HEIGHT="33" WIDTH="37" VPOS="3495" HPOS="1164"/>
<String CONTENT="origin" HEIGHT="49" WIDTH="157" VPOS="3484" HPOS="1202"/>
<SP HEIGHT="30" WIDTH="35" VPOS="3495" HPOS="1360"/>
<String CONTENT="and" HEIGHT="39" WIDTH="96" VPOS="3486" HPOS="1396"/>
<SP HEIGHT="39" WIDTH="38" VPOS="3486" HPOS="1493"/>
<String CONTENT="development" HEIGHT="47" WIDTH="335" VPOS="3486" HPOS="1532"/>
<SP HEIGHT="37" WIDTH="37" VPOS="3488" HPOS="1868"/>
<String CONTENT="of" HEIGHT="39" WIDTH="51" VPOS="3485" HPOS="1906"/>
<SP HEIGHT="40" WIDTH="38" VPOS="3485" HPOS="1958"/>
<String CONTENT="a" HEIGHT="29" WIDTH="26" VPOS="3496" HPOS="1997"/>
<SP HEIGHT="39" WIDTH="37" VPOS="3486" HPOS="2024"/>
<String CONTENT="distinctive" HEIGHT="42" WIDTH="284" VPOS="3484" HPOS="2062"/>
</TextLine>
<TextLine HEIGHT="50" WIDTH="2012" VPOS="3541" HPOS="334">
<String CONTENT="dairy" HEIGHT="50" WIDTH="141" VPOS="3541" HPOS="334"/>
<SP HEIGHT="38" WIDTH="50" VPOS="3553" HPOS="476"/>
<String CONTENT="achievement" HEIGHT="43" WIDTH="336" VPOS="3541" HPOS="527"/>
<SP HEIGHT="43" WIDTH="49" VPOS="3541" HPOS="864"/>
<String CONTENT="in" HEIGHT="41" WIDTH="50" VPOS="3541" HPOS="914"/>
<SP HEIGHT="41" WIDTH="56" VPOS="3541" HPOS="965"/>
<String CONTENT="Green" HEIGHT="41" WIDTH="155" VPOS="3541" HPOS="1022"/>
<SP HEIGHT="29" WIDTH="54" VPOS="3553" HPOS="1178"/>
<String CONTENT="county," HEIGHT="46" WIDTH="192" VPOS="3545" HPOS="1233"/>
<SP HEIGHT="47" WIDTH="60" VPOS="3543" HPOS="1426"/>
<String CONTENT="Wisconsin," HEIGHT="48" WIDTH="283" VPOS="3541" HPOS="1487"/>
<SP HEIGHT="36" WIDTH="55" VPOS="3553" HPOS="1771"/>
<String CONTENT="now" HEIGHT="30" WIDTH="108" VPOS="3553" HPOS="1827"/>
<SP HEIGHT="30" WIDTH="54" VPOS="3553" HPOS="1936"/>
<String CONTENT="centering" HEIGHT="50" WIDTH="249" VPOS="3541" HPOS="1991"/>
<SP HEIGHT="50" WIDTH="52" VPOS="3541" HPOS="2241"/>
<String CONTENT="in" HEIGHT="41" WIDTH="52" VPOS="3541" HPOS="2294"/>
</TextLine>
<TextLine HEIGHT="41" WIDTH="240" VPOS="3599" HPOS="336">
<String CONTENT="Monroe.&#8221;" HEIGHT="41" WIDTH="240" VPOS="3599" HPOS="336"/>
</TextLine>
<TextLine HEIGHT="50" WIDTH="1935" VPOS="3654" HPOS="407">
<String CONTENT="Includes" HEIGHT="40" WIDTH="227" VPOS="3657" HPOS="407"/>
<SP HEIGHT="30" WIDTH="33" VPOS="3667" HPOS="635"/>
<String CONTENT="short" HEIGHT="39" WIDTH="138" VPOS="3657" HPOS="669"/>
<SP HEIGHT="40" WIDTH="31" VPOS="3656" HPOS="808"/>
<String CONTENT="biographies" HEIGHT="49" WIDTH="309" VPOS="3655" HPOS="840"/>
<SP HEIGHT="30" WIDTH="34" VPOS="3667" HPOS="1150"/>
<String CONTENT="of" HEIGHT="42" WIDTH="52" VPOS="3655" HPOS="1185"/>
<SP HEIGHT="39" WIDTH="32" VPOS="3655" HPOS="1238"/>
<String CONTENT="men" HEIGHT="29" WIDTH="106" VPOS="3666" HPOS="1271"/>
<SP HEIGHT="38" WIDTH="36" VPOS="3666" HPOS="1378"/>
<String CONTENT="prominent" HEIGHT="50" WIDTH="275" VPOS="3654" HPOS="1415"/>
<SP HEIGHT="41" WIDTH="33" VPOS="3655" HPOS="1691"/>
<String CONTENT="in" HEIGHT="40" WIDTH="49" VPOS="3655" HPOS="1725"/>
<SP HEIGHT="38" WIDTH="35" VPOS="3658" HPOS="1775"/>
<String CONTENT="the" HEIGHT="39" WIDTH="79" VPOS="3657" HPOS="1811"/>
<SP HEIGHT="31" WIDTH="35" VPOS="3665" HPOS="1891"/>
<String CONTENT="creative" HEIGHT="42" WIDTH="215" VPOS="3654" HPOS="1927"/>
<SP HEIGHT="37" WIDTH="34" VPOS="3666" HPOS="2143"/>
<String CONTENT="period" HEIGHT="49" WIDTH="164" VPOS="3654" HPOS="2178"/>
</TextLine>
<TextLine HEIGHT="48" WIDTH="452" VPOS="3713" HPOS="336">
<String CONTENT="of" HEIGHT="39" WIDTH="51" VPOS="3713" HPOS="336"/>
<SP HEIGHT="40" WIDTH="38" VPOS="3713" HPOS="388"/>
<String CONTENT="the" HEIGHT="38" WIDTH="82" VPOS="3715" HPOS="427"/>
<SP HEIGHT="40" WIDTH="34" VPOS="3713" HPOS="510"/>
<String CONTENT="industry." HEIGHT="48" WIDTH="243" VPOS="3713" HPOS="545"/>
</TextLine>
<TextLine HEIGHT="50" WIDTH="1937" VPOS="3767" HPOS="407" CS="1">
<String CONTENT="&#8220;Second" HEIGHT="40" WIDTH="213" VPOS="3770" HPOS="407"/>
<SP HEIGHT="39" WIDTH="31" VPOS="3771" HPOS="621"/>
<String CONTENT="edition" HEIGHT="41" WIDTH="184" VPOS="3769" HPOS="653"/>
<SP HEIGHT="31" WIDTH="35" VPOS="3781" HPOS="838"/>
<String CS="1" CONTENT="&#8230;"/>
<SP HEIGHT="31" WIDTH="35" VPOS="3781" HPOS="921"/>
<String CONTENT="with" HEIGHT="39" WIDTH="120" VPOS="3770" HPOS="957"/>
<SP HEIGHT="38" WIDTH="30" VPOS="3771" HPOS="1078"/>
<String CONTENT="some" HEIGHT="30" WIDTH="130" VPOS="3779" HPOS="1109"/>
<SP HEIGHT="29" WIDTH="33" VPOS="3780" HPOS="1240"/>
<String CONTENT="revision" HEIGHT="41" WIDTH="211" VPOS="3767" HPOS="1274"/>
<SP HEIGHT="29" WIDTH="34" VPOS="3779" HPOS="1486"/>
<String CONTENT="and" HEIGHT="38" WIDTH="95" VPOS="3770" HPOS="1521"/>
<SP HEIGHT="38" WIDTH="32" VPOS="3770" HPOS="1617"/>
<String CONTENT="additions" HEIGHT="42" WIDTH="246" VPOS="3767" HPOS="1650"/>
<SP HEIGHT="37" WIDTH="36" VPOS="3780" HPOS="1897"/>
<String CS="1" CONTENT="[of" HEIGHT="49" WIDTH="67" VPOS="3768" HPOS="1934"/>
<SP HEIGHT="40" WIDTH="30" VPOS="3768" HPOS="2002"/>
<String CONTENT="a" HEIGHT="29" WIDTH="27" VPOS="3779" HPOS="2033"/>
<SP HEIGHT="38" WIDTH="34" VPOS="3779" HPOS="2061"/>
<String CONTENT="pamphlet" HEIGHT="49" WIDTH="248" VPOS="3768" HPOS="2096"/>
</TextLine>
<TextLine HEIGHT="51" WIDTH="2006" VPOS="3823" HPOS="338">
<String CONTENT="published" HEIGHT="48" WIDTH="250" VPOS="3826" HPOS="338"/>
<SP HEIGHT="39" WIDTH="28" VPOS="3827" HPOS="589"/>
<String CONTENT="by" HEIGHT="47" WIDTH="62" VPOS="3827" HPOS="618"/>
<SP HEIGHT="45" WIDTH="23" VPOS="3829" HPOS="681"/>
<String CONTENT="the" HEIGHT="38" WIDTH="81" VPOS="3828" HPOS="705"/>
<SP HEIGHT="30" WIDTH="24" VPOS="3837" HPOS="787"/>
<String CONTENT="author" HEIGHT="40" WIDTH="178" VPOS="3827" HPOS="812"/>
<SP HEIGHT="39" WIDTH="24" VPOS="3826" HPOS="991"/>
<String CONTENT="in" HEIGHT="39" WIDTH="50" VPOS="3826" HPOS="1016"/>
<SP HEIGHT="37" WIDTH="26" VPOS="3828" HPOS="1067"/>
<String CONTENT="1928" HEIGHT="41" WIDTH="113" VPOS="3825" HPOS="1094"/>
<SP HEIGHT="41" WIDTH="26" VPOS="3825" HPOS="1208"/>
<String CONTENT="under" HEIGHT="39" WIDTH="155" VPOS="3826" HPOS="1235"/>
<SP HEIGHT="37" WIDTH="24" VPOS="3828" HPOS="1391"/>
<String CONTENT="title:" HEIGHT="40" WIDTH="135" VPOS="3825" HPOS="1416"/>
<SP HEIGHT="38" WIDTH="28" VPOS="3826" HPOS="1552"/>
<String CONTENT="A" HEIGHT="38" WIDTH="39" VPOS="3826" HPOS="1581"/>
<SP HEIGHT="38" WIDTH="23" VPOS="3826" HPOS="1621"/>
<String CONTENT="history" HEIGHT="48" WIDTH="189" VPOS="3825" HPOS="1645"/>
<SP HEIGHT="37" WIDTH="27" VPOS="3836" HPOS="1835"/>
<String CONTENT="of" HEIGHT="40" WIDTH="51" VPOS="3825" HPOS="1863"/>
<SP HEIGHT="40" WIDTH="26" VPOS="3824" HPOS="1915"/>
<String CONTENT="Green" HEIGHT="40" WIDTH="154" VPOS="3824" HPOS="1942"/>
<SP HEIGHT="28" WIDTH="28" VPOS="3836" HPOS="2097"/>
<String CONTENT="county&#8217;s" HEIGHT="48" WIDTH="218" VPOS="3823" HPOS="2126"/>
</TextLine>
<TextLine HEIGHT="51" WIDTH="811" VPOS="3882" HPOS="334">
<String CONTENT="cheese" HEIGHT="40" WIDTH="168" VPOS="3884" HPOS="334"/>
<SP HEIGHT="39" WIDTH="27" VPOS="3884" HPOS="503"/>
<String CONTENT="industry]&#8221;&#8212;Foreword." HEIGHT="51" WIDTH="614" VPOS="3882" HPOS="531"/>
</TextLine>
<TextLine HEIGHT="53" WIDTH="2005" VPOS="3936" HPOS="337" CS="1">
<String CONTENT="&#169;" HEIGHT="53" WIDTH="52" VPOS="3936" HPOS="337"/>
<SP HEIGHT="53" WIDTH="22" VPOS="3936" HPOS="390"/>
<String CONTENT="Apr." HEIGHT="47" WIDTH="113" VPOS="3941" HPOS="413"/>
<SP HEIGHT="39" WIDTH="24" VPOS="3941" HPOS="527"/>
<String CONTENT="14," HEIGHT="46" WIDTH="68" VPOS="3941" HPOS="552"/>
<SP HEIGHT="47" WIDTH="24" VPOS="3940" HPOS="621"/>
<String CONTENT="1936;" HEIGHT="47" WIDTH="141" VPOS="3939" HPOS="646"/>
<SP HEIGHT="47" WIDTH="28" VPOS="3939" HPOS="788"/>
<String CONTENT="2c." HEIGHT="41" WIDTH="66" VPOS="3939" HPOS="817"/>
<SP HEIGHT="40" WIDTH="25" VPOS="3940" HPOS="884"/>
<String CONTENT="Apr." HEIGHT="47" WIDTH="113" VPOS="3940" HPOS="910"/>
<SP HEIGHT="40" WIDTH="26" VPOS="3940" HPOS="1024"/>
<String CONTENT="18;" HEIGHT="46" WIDTH="81" VPOS="3940" HPOS="1051"/>
<SP HEIGHT="37" WIDTH="27" VPOS="3949" HPOS="1133"/>
<String CONTENT="aff." HEIGHT="40" WIDTH="81" VPOS="3938" HPOS="1161"/>
<SP HEIGHT="39" WIDTH="26" VPOS="3939" HPOS="1243"/>
<String CONTENT="Apr." HEIGHT="47" WIDTH="112" VPOS="3939" HPOS="1270"/>
<SP HEIGHT="37" WIDTH="27" VPOS="3939" HPOS="1383"/>
<String CONTENT="16;" HEIGHT="46" WIDTH="81" VPOS="3938" HPOS="1411"/>
<SP HEIGHT="45" WIDTH="28" VPOS="3939" HPOS="1493"/>
<!-- cceid 9BEA6854-6E3A-1014-83DD-942C093A1DD9 --><String CONTENT="A" HEIGHT="37" WIDTH="37" VPOS="3939" HPOS="1522"/>
<SP HEIGHT="39" WIDTH="26" VPOS="3938" HPOS="1560"/>
<String CS="1" CONTENT="93721;" HEIGHT="40" WIDTH="136" VPOS="3937" HPOS="1587"/>
<SP HEIGHT="40" WIDTH="31" VPOS="3939" HPOS="1758"/>
<String CONTENT="E." HEIGHT="38" WIDTH="50" VPOS="3939" HPOS="1790"/>
<SP HEIGHT="39" WIDTH="27" VPOS="3938" HPOS="1841"/>
<String CONTENT="A." HEIGHT="39" WIDTH="53" VPOS="3938" HPOS="1869"/>
<SP HEIGHT="40" WIDTH="27" VPOS="3937" HPOS="1923"/>
<String CONTENT="Odell." HEIGHT="43" WIDTH="152" VPOS="3937" HPOS="1951"/>
<SP HEIGHT="42" WIDTH="27" VPOS="3938" HPOS="2104"/>
<String CONTENT="Monroe." HEIGHT="40" WIDTH="210" VPOS="3938" HPOS="2132"/>
</TextLine>
<TextLine HEIGHT="51" WIDTH="1633" VPOS="3995" HPOS="407">
<String CONTENT="Wis." HEIGHT="39" WIDTH="115" VPOS="3998" HPOS="407"/>
<SP HEIGHT="30" WIDTH="68" VPOS="4016" HPOS="523"/>
<String CONTENT="[Copyright" HEIGHT="50" WIDTH="280" VPOS="3996" HPOS="592"/>
<SP HEIGHT="40" WIDTH="35" VPOS="3997" HPOS="873"/>
<String CONTENT="is" HEIGHT="39" WIDTH="41" VPOS="3997" HPOS="909"/>
<SP HEIGHT="29" WIDTH="35" VPOS="4007" HPOS="951"/>
<String CONTENT="claimed" HEIGHT="40" WIDTH="204" VPOS="3996" HPOS="987"/>
<SP HEIGHT="38" WIDTH="36" VPOS="3997" HPOS="1192"/>
<String CONTENT="on" HEIGHT="28" WIDTH="59" VPOS="4006" HPOS="1229"/>
<SP HEIGHT="28" WIDTH="36" VPOS="4006" HPOS="1289"/>
<String CONTENT="revision" HEIGHT="40" WIDTH="210" VPOS="3995" HPOS="1326"/>
<SP HEIGHT="28" WIDTH="37" VPOS="4005" HPOS="1537"/>
<String CONTENT="and" HEIGHT="39" WIDTH="95" VPOS="3995" HPOS="1575"/>
<SP HEIGHT="39" WIDTH="35" VPOS="3995" HPOS="1671"/>
<String CONTENT="new" HEIGHT="28" WIDTH="104" VPOS="4005" HPOS="1707"/>
<SP HEIGHT="28" WIDTH="34" VPOS="4005" HPOS="1812"/>
<String CONTENT="matter]" HEIGHT="46" WIDTH="193" VPOS="3997" HPOS="1847"/>
</TextLine>
<TextLine HEIGHT="49" WIDTH="252" VPOS="4053" HPOS="415" CS="1">
<String CONTENT="(36-9501)" HEIGHT="49" WIDTH="252" VPOS="4053" HPOS="415"/>
<SP/>
</TextLine>
</TextBlock>
</PrintSpace>
</Page>
</Layout>
</alto>